3922 6200
447 213 552 270 563
589 218 597 228 '

1113 207 1380 264 EUSEBII
1421 207 1897 265 CESARIENSIS
1935 207 2084 264 OPP.
2127 206 2304 263 PARS
2343 205 2996 264 ll.—APOLOCETICA.

3564 214 3673 270 565

447 337 578 409 pulo
630 336 956 405 acceperint,
1009 334 1242 404 apostoli
1291 333 1536 403 ejusdem
1572 343 1624 389 et
1666 335 1916 404 discipuli
1953 344 1992 390 et

2108 337 2170 388 ἐκ
2202 334 2498 405 περιτομῆς
2525 333 2676 397 λαοῦ,
2701 331 2984 386 ἀπόστολοι
3007 349 3065 385 τε
3092 332 3256 384 αὑτοῦ
3283 332 3377 385 καὶ
3410 333 3665 404 μαθηταὶ,

445 427 808 499 evangelistze,
859 433 951 479 aut
984 426 1144 479 etiam
1199 440 1389 480 omnes
1414 426 1505 496 qui
1581 427 1634 480 in
1668 429 1884 481 occulto
1909 426 2006 482 Ju-

446 519 641 578 daeum,
665 530 961 585 verumque
985 513 1154 570 lsrael
1183 525 1527 579 conservent,
1554 532 1675 571 eum
1701 519 1887 587 utique
1915 519 2006 587 qui

445 608 742 666 secundum
793 608 1115 662 sententiam
1175 607 1342 662 Deum
1395 607 1596 662 videat.
1635 627 1653 660 ι
1699 607 1815 663 Νοιι
1863 610 2006 663 enim

441 701 533 772 qui
569 701 621 754 in
653 711 841 770 aperto
873 698 1095 754 Iudaeus
1132 711 1234 762 est,
1278 700 1454 770 inquit
1489 701 1804 771 Apostolus,
1832 718 2008 772 neque

444 805 562 863 qua:
593 791 646 844 in
680 798 868 852 aperto
903 791 956 843 in
989 805 1156 844 carne
1184 797 1270 844 est
1300 791 1667 855 circumcisio,
1707 793 1799 847 sed
1830 795 1918 862 qui
1951 794 2002 846 in

441 884 655 938 occulto
675 881 914 942 Iudaeus.
943 890 997 937 et
1026 882 1373 937 circumcisio
1399 883 1580 937 cordis
1601 882 1655 937 in
1675 885 2002 953 spiritumon

439 976 492 1028 in
521 975 717 1040 littera,
751 977 907 1045 cujus
935 975 1052 1029 laus
1081 990 1188 1028 non
1206 990 1270 1029 ex
1305 974 1640 1036 hominibus,
1677 977 1769 1030 sed
1797 991 1860 1030 ex
1897 977 2004 1030 Deo

437 1075 520 1122 est
544 1067 607 1130 ³⁸,
653 1088 670 1119 ι
703 1067 812 1121 llos
841 1067 1016 1138 igitur
1038 1082 1101 1120 ex
1125 1064 1326 1121 Christi
1371 1067 1653 1121 vocatione
1682 1065 1925 1122 Judaeum
1947 1069 1999 1121 in

437 1159 650 1212 occulto
681 1167 732 1212 et
764 1173 947 1212 verum
971 1157 1134 1212 Israel
1165 1157 1462 1212 referentes
1491 1157 1600 1211 alio
1633 1158 1855 1213 nomine
1881 1173 2004 1214 esse

436 1249 712 1304 vocandos
735 1249 889 1312 dicit,
922 1263 1030 1302 non
1073 1247 1264 1318 utique
1302 1247 1518 1304 Judaaos
1547 1257 1640 1302 aut
1684 1248 1870 1312 Israel,
1907 1250 2001 1305 sed

437 1355 578 1394 novo
624 1341 856 1411 quodam
900 1351 1095 1410 praeter
1153 1341 1285 1394 haec.
1327 1339 1490 1410 359
1529 1337 1640 1394 Hoc
1685 1341 1863 1399 enim.
1919 1341 2002 1395 in-

435 1431 573 1500 quit,
606 1448 821 1494 nomen,
865 1447 974 1502 quo
1003 1431 1217 1487 vocabit
1247 1446 1342 1486 eos
1382 1430 1645 1486 Dominus
1673 1429 1997 1496 Josedecim,

435 1523 578 1591 quod
631 1539 696 1577 ex
735 1523 1177 1592 interpretatione
1230 1530 1313 1577 est
1345 1561 1360 1584 ,
1409 1522 1498 1590 qui
1536 1521 1673 1589 justi
1713 1533 1834 1574 sunt
1882 1521 1996 1578 Dei.

432 1614 729 1670 Considera
777 1623 961 1670 autem
1022 1631 1152 1670 num
1211 1615 1438 1669 forsitan
1488 1629 1518 1668 a
1571 1614 1738 1670 J‘osue
1799 1616 1996 1670 factum

2109 427 2202 480 καὶ
2236 425 2634 495 εύαγγελισταὶ,
2668 425 2701 495 ἢ
2732 425 2825 478 καὶ
2864 424 3062 488 πάντες
3106 425 3156 477 οἱ
3205 424 3298 476 τὸν
3351 426 3409 476 ὲν
3445 423 3668 496 κρυπτῷ

2121 517 2367 570 Ἰουδαῖον
2394 517 2489 570 καὶ
2518 516 2611 569 τὸν
2631 515 2881 585 ἀληθινὸν
2910 515 3124 587 Ἰσραὴλ
3153 515 3243 568 τὸν
3267 516 3409 569 κατά
3434 517 3668 572 διάνοιαν

2106 612 2314 684 ὁρῶντα
2359 610 2491 662 Θεὸν
2532 608 2921 671 ἀποσώζοντες.
2962 628 2980 660 ι
3009 609 3083 662 Οὐ
3121 609 3230 678 γὰρ
3271 612 3300 662 ὁ
3346 611 3405 661 ὲν
3452 607 3664 678 φανερῷ

2117 702 2364 764 Ἰουδαῖός
2395 705 2508 754 ἐστι
2528 741 2542 764 ,
2575 719 2592 751 ›
2625 701 2786 770 φησιν
2809 702 2838 753 ό
2873 699 3218 760 Ἀπόστολος,
3251 719 3270 751 ι
3299 701 3416 752 οὐδὲ
3441 699 3473 764 ἡ
3501 703 3556 752 ὲν
3589 704 3667 770 τῷ

2107 793 2321 864 φανερῷ
2351 793 2605 863 ένσαρκὶ
2652 790 2958 862 περιτομὴ,
3006 791 3118 844 ἀλλ’
3151 795 3179 844 ό
3227 793 3285 844 ὲν
3321 791 3401 860 τῷ
3443 791 3666 862 κρυπτῷ

2117 885 2400 948 Ἰουδαῖος,
2442 885 2536 937 καὶ
2583 883 2851 956 περιτομὴ
2884 881 3107 954 καρδίας
3149 884 3208 934 ὲν
3256 883 3552 953 πνεύματι,
3604 885 3666 938 οὐ

2105 978 2433 1050 γράμματι,
2464 971 2525 1030 06
2557 977 2585 1027 ὁ
2609 975 2827 1038 ἔπαινος
2863 975 2962 1028 οὐκ
2989 972 3048 1038 ἐξ
3072 974 3402 1045 ἀνθρώπων,
3433 976 3572 1029 ἀλλά
3604 979 3667 1030 ὲκ

2103 1069 2195 1122 τοῦ
2231 1066 2386 1120 Θεοῦ.
2423 1087 2442 1118 ι
2482 1067 2716 1130 Τούτους
2747 1063 2838 1120 οὖν
2864 1066 2950 1120 διὰ
2978 1066 3077 1136 τῆς
3119 1065 3209 1118 τοῦ
3252 1065 3490 1138 Χριστοῦ
3537 1067 3664 1137 xli:-

2106 1175 2240 1220 σεως
2265 1157 2355 1210 τὸν
2378 1159 2434 1210 ἐν
2456 1156 2682 1230 κρυπτῷ
2713 1157 2961 1210 Ἰουδαῖον
2988 1157 3080 1209 καὶ
3103 1154 3192 1209 τὸν
3215 1156 3427 1226 ἀληθῶς
3451 1157 3664 1226 Ἰσραὴλ

2104 1251 2361 1322 φέροντας
2403 1251 2572 1322 ἑτέρῳ
2601 1251 2732 1322 φησι
2775 1250 3138 1322 κληθήσεσθαι
3167 1251 3390 1320 ὀνόματι
3415 1292 3428 1312 ,
3461 1252 3582 1322 οὺχί
3611 1251 3666 1302 δι

2101 1341 2178 1411 τῷ
2209 1339 2303 1392 τοῦ
2333 1341 2612 1405 Ἰουδαίου,
2655 1341 2772 1393 οὐδὲ
2806 1340 2886 1411 τῷ
2915 1340 3008 1393 τοῦ
3061 1340 3308 1414 Ἰσραὴλ,
3353 1341 3490 1394 ἀλλά
3532 1340 3666 1413 ξένῳ

2100 1432 2208 1484 τινὶ
2236 1430 2387 1504 παρὰ
2427 1430 2617 1485 ταῦτα.
2647 1431 2818 1484 Τοῦτο
2850 1432 2955 1503 γάρ
2981 1447 3111 1501 φησι
3137 1431 3198 1483 τὸ
3227 1431 3418 1502 ὄνομα,
3452 1430 3481 1482 δ
3507 1430 3666 1484 καλέ·

2102 1541 2184 1577 σει
2218 1523 2413 1586 αὐτοὺς
2451 1523 2654 1594 Κύριος
2691 1524 3029 1594 Ἰωσεδεκεὶμ
3051 1563 3065 1587 ,
3102 1523 3234 1594 ὅπερ
3264 1521 3624 1592 ἑρμηνεύεται
3647 1565 3664 1587 ,

2101 1619 2154 1669 οἱ
2180 1615 2284 1669 τοῦ
2306 1615 2452 1669 Θεοῦ
2479 1615 2692 1692 diarum.
2749 1616 3037 1686 Ἐφίστημι
3069 1615 3124 1668 δὲ
3159 1617 3230 1685 μή
3266 1632 3396 1667 me
3431 1632 3664 1683 πεποιη-

432 1706 504 1759 sit
552 1719 770 1764 nomen.
809 1713 863 1758 et
883 1703 1185 1758 Josedecim
1233 1705 1482 1775 discipuli
1503 1704 1631 1761 Jesu
1661 1707 1992 1777 appellentur

2103 1706 2262 1777 μένον
2301 1706 2420 1758 ἐστὶ
2454 1705 2690 1777 τοῦνομα
2717 1706 2822 1758 ἀπὸ
2849 1704 2942 1758 τοῦ
2977 1706 3172 1758 Ἰοσουὲ
3219 1703 3594 1773 Ἰωσεὸεκεὶμ,
3634 1704 3660 1755 ε

431 1796 573 1867 apud
597 1795 784 1860 Deum,
800 1795 892 1866 qui
909 1796 1049 1864 apud
1069 1795 1313 1852 homines
1330 1797 1545 1867 quidem
1559 1798 1746 1853 Graeco
1762 1799 1996 1869 quodam

430 1903 582 1942 more
613 1903 642 1940 a
668 1887 884 1942 Christo
914 1886 1354 1950 denominentur,
1379 1888 1645 1946 chraica
1679 1899 1857 1946 autem
1897 1892 1999 1944 lin-

432 1996 536 2048 gua
563 1987 672 2032 tam
705 1979 845 2048 apud
878 1980 1024 2049 ipsos
1051 1995 1212 2050 quam
1251 1981 1410 2050 apud-
1435 1983 1748 2053 prophetas,
1782 1984 1854 2038 ab
1879 1984 1998 2054 ipso

431 2069 558 2125 Iesu
593 2078 846 2140 tanquam
883 2087 978 2141 per
1026 2071 1176 2124 illum
1208 2074 1403 2127 servati
1429 2072 1748 2129 Josedecim.
1782 2073 1860 2128 Ex
1888 2091 1996 2144 quo

431 2162 563 2216 illud
591 2161 792 2215 dictum
823 2171 924 2229 est,
967 2181 984 2214 σ
1027 2173 1080 2219 et
1111 2163 1214 2218 hoc
1247 2180 1443 2220 nomen
1474 2181 1582 2235 quo
1639 2167 1856 2221 vocabit
1899 2182 1996 2222 eos

429 2252 690 2308 Dominus
736 2252 1036 2310 Josedecim
1091 2256 1235 2310 inter
1283 2257 1594 2329 prophetas.
1634 2277 1653 2310 ι
1717 2255 1851 2312 Nam
1901 2260 1992 2328 qui

429 2345 551 2414 ejus
579 2345 784 2416 dequo
815 2347 1096 2417 prophetia
1133 2349 1392 2417 loquitur,
1423 2349 1616 2420 inquit,
1649 2349 1880 2419 populus
1911 2348 1996 2403 fu-

429 2445 590 2492 turus
611 2445 714 2503 est,
747 2453 870 2491 cum
901 2439 966 2492 ad
1001 2454 1223 2516 sensum
1246 2449 1500 2510 acceptus
1525 2439 1693 2494 Judas
1727 2441 1798 2494 sit
1828 2447 1992 2509 atque

425 2527 614 2592 Israel,
642 2529 711 2584 ab
732 2527 898 2584 Josue
922 2531 1292 2585 nominabitur
1313 2529 1640 2594 Josedecim,
1671 2541 1833 2601 atque
1866 2533 1988 2594 hac,

425 2622 625 2689 inquit,
660 2621 1019 2691 appellatione
1045 2622 1386 2677 vocabuntur
1417 2639 1520 2676 non
1547 2623 1689 2692 apud
1717 2623 1987 2687 homines,

426 2713 524 2768 sed
566 2713 709 2782 apud
741 2709 906 2766 Deum
930 2752 943 2775 ,
977 2721 1030 2768 et
1073 2713 1212 2782 apud
1257 2713 1543 2782 pr0phetas
1589 2713 1727 2781 ejus.
1760 2712 1992 2768 Attende

425 2805 572 2858 θρίω
623 2803 909 2873 diligenter
939 2804 1114 2874 ipsum
1163 2805 1468 2866 oraculum,
1523 2804 1651 2858 dum
1695 2805 1771 2858 ait
1808 2823 1820 2857 :
1863 2822 1880 2854 ι
1936 2811 1990 2858 et

426 2893 530 2947 hoc
573 2908 793 2956 nomen,
829 2907 938 2964 quo
979 2895 1197 2948 vocabit
1240 2909 1334 2949 eos
1371 2893 1652 2959 Dominus,
1683 2892 1986 2950 Josedccim

2101 1798 2248 1868 παρά
2271 1797 2348 1869 τῷ
2373 1797 2489 1869 Θεῷ
2515 1799 2564 1851 οἱ
2592 1797 2685 1850 τοῦ
2721 1795 2895 1867 Ἰησοῦ
2928 1796 3167 1868 μαθηταὶ
3193 1796 3506 1866 κέκληνται,
3533 1812 3606 1847 πα
3617 1796 3662 1864 ρ’

2096 1889 2401 1961 ἀνθρώποις
2427 1892 2531 1960 μὴν
2558 1889 2986 1960 ἑλληνικώτερον
3004 1887 3531 1960 προσαγορευόμενοι
3559 1887 3661 1938 ἀπὶ

2095 1979 2194 2050 τῆς
2223 1979 2315 2032 τοῦ
2338 1979 2573 2050 Χριστοῦ
2599 1978 2975 2051 παρωνυμίας,
3007 1977 3148 2031 κατά
3177 1978 3234 2030 δὲ
3264 1977 3363 2048 τὴν
3397 1976 3666 2046 Ἐὕραίων

2097 2071 2278 2142 φωνὴν
2304 2071 2394 2124 καὶ
2415 2069 2564 2142 παρά
2593 2071 2774 2134 αὐτοῖς
2798 2074 2908 2133 10E;
2933 2070 3266 2141 προφήταις,
3291 2069 3397 2122 ἀπὸ
3426 2067 3519 2120 τοῦ
3558 2069 3664 2137 ’1η-

2097 2162 2210 2226 σοῦ,
2243 2162 2318 2226 ὼς
2348 2163 2413 2216 ἂν
2455 2163 2522 2215 δι’
2563 2161 2727 2216 αὑτοῦ
2767 2163 3118 2232 σεσωσμένοι,
3183 2160 3538 2230 Ἰωσεδεκείμ.
3571 2161 3660 2211 Att

2095 2253 2367 2317 λέλεκται,
2407 2255 2526 2308 «καὶ
2553 2254 2708 2307 τοῦτο
2739 2255 2798 2307 τὸ
2830 2254 2998 2325 ὄνομα
3030 2254 3058 2307 δ
3084 2253 3301 2307 καλέσει
3327 2253 3519 2314 αὐτοὺς
3548 2251 3658 2304 K6-

2096 2363 2228 2417 ριος,
2265 2346 2601 2418 Ἰωσεδεκεὶμ
2633 2349 2690 2400 ὲν
2715 2351 2825 2411 τοῖς
2857 2347 3213 2419 προφήταις.»
3233 2348 3290 2399 Ὀ
3323 2346 3385 2416 δὴ
3415 2342 3501 2398 οῦν
3528 2345 3661 2414 μέλε

2093 2439 2227 2504 λων,
2259 2442 2411 2511 φησι,
2445 2441 2530 2493 διὰ
2547 2439 2642 2493 τοῦ
2675 2441 3148 2512 προφητεύομένου
3185 2440 3336 2504 λαὸς,
3370 2439 3503 2492 κατὰ
3539 2438 3658 2492 διάι

2092 2548 2238 2586 νοιαν
2275 2532 2470 2596 Ἰούδας
2504 2533 2653 2596 ὄντες
2680 2535 2773 2588 καὶ
2806 2534 3016 2605 Ἰσραὴλ
3037 2574 3051 2596 ,
3074 2532 3528 2604 όνομασθήσονται
3552 2531 3660 2583 ἀπὸ

2091 2624 2184 2676 τοῦ
2222 2622 2418 2676 Ἰοσουὲ
2460 2621 2816 2692 Ἰωσεδεκεὶμ,
2843 2625 2936 2677 καὶ
2960 2622 3132 2694 τούτῳ
3161 2622 3225 2690 γέ
3252 2639 3416 2691 φησι,
3451 2619 3658 2690 κληθή-

2094 2730 2272 2767 σονται
2297 2712 2375 2782 τῷ
2399 2713 2744 2783 προσρήματι
2769 2712 2830 2764 οὐ
2860 2714 2990 2784 παρ’
3013 2711 3333 2783 ἀνθρώποις,
3359 2709 3493 2762 ἀλλὰ
3529 2710 3654 2779 παρ’

2091 2805 2238 2876 αὐτῷ
2270 2804 2347 2875 τῷ
2368 2805 2504 2875 Θεῷ,
2529 2805 2622 2858 καὶ
2648 2803 2800 2875 παρά
2830 2806 2939 2866 τοῖς
2973 2803 3273 2874 προφήταις
3301 2799 3487 2853 αὐτοῦ.
3507 2801 3662 2851 Ἐπι-

2094 2898 2270 2968 μελῶς
2303 2898 2411 2970 γάρ
2444 2898 2680 2969 πρόσχες
2716 2895 2795 2966 τῷ
2823 2895 2966 2964 λόγῳ
3001 2896 3228 2966 φήσαντι
3249 2933 3263 2955 ,
3315 2912 3334 2943 ι
3365 2893 3459 2944 καὶ
3499 2893 3660 2943 τοῦτο

427 2987 570 3041 inter
591 2985 906 3056 prophetas.
947 3005 966 3039 ι
1001 2987 1143 3057 quod
1170 3001 1386 3047 nomen.
1414 2994 1471 3040 ut
1498 2987 1630 3044 dixi.
1659 2987 1714 3042 in
1741 2995 1984 3042 nostrain

2094 2991 2148 3044 τὸ
2173 2991 2368 3060 ὄνομα,
2405 2991 2432 3042 ὃ
2465 2989 2677 3044 καλέσει
2706 2988 2900 3051 αὐτοὺς
2938 2987 3164 3058 Κύριος,
3218 2985 3555 3054 Ἰωσεδεκεὶμ
3597 2986 3660 3037 ὲν

425 3077 663 3147 linguam
694 3092 1013 3132 conversum
1057 3078 1236 3146 justos
1269 3076 1362 3132 Dei
1393 3078 1681 3148 signiﬁcat.
1714 3078 1848 3132 Cum
1889 3093 1986 3130 au-

2094 3087 2202 3147 τοῖς
2257 3059 2577 3154 προφήταις.
2611 3101 2629 3132 ι
2679 3080 3160 3152 Μεταλαμϐάνεται
3213 3079 3296 3141 δὲ,

427 3177 535 3223 tem
569 3168 623 3222 hi
655 3169 736 3225 sic
764 3169 1013 3224 servandi
1045 3170 1175 3234 sint,
1217 3171 1496 3240 antiquum
1542 3179 1595 3224 et
1639 3186 1801 3240 grave
1844 3186 1988 3226 acer-

425 3259 774 3316 bissimorum
819 3261 1124 3316 daemonum
1169 3277 1226 3316 se
1273 3263 1632 3316 contriturum
1677 3263 1901 3333 jugum,
1933 3272 1987 3318 et

426 3354 627 3422 quibus
657 3362 816 3408 antea
861 3354 1184 3408 tenebantur
1215 3355 1503 3424 impietatis
1542 3355 1796 3419 vinculis,
1825 3371 1888 3412 ea
1927 3372 1986 3410 se

429 3444 826 3516 periracturum
885 3447 1172 3515 pollicetur
1216 3446 1375 3502 Ileus.
1406 3446 1672 3512 Quocirca
1723 3463 1830 3503 non
1872 3464 1986 3502 ain--

429 3539 572 3608 plius
599 3538 790 3594 alienis
840 3539 1158 3599 inservient,
1196 3540 1293 3594 sed
1325 3540 1414 3594 uni
1451 3541 1553 3610 ipsi
1595 3540 1832 3595 fructum
1861 3556 1986 3610 gra-
2017 3529 2042 3603 _'

427 3631 696 3687 tissiinum
731 3630 975 3686 all'erent.
1008 3629 1124 3686 Huc
1158 3633 1294 3689 adde
1331 3637 1460 3690 illud
1491 3637 1633 3707 quod
1658 3638 1711 3691 in
1748 3635 1988 3688 secundo

427 3723 633 3792 psalmo
652 3720 721 3777 de
740 3717 974 3777 adventu
993 3722 1614 3796 Christi,voc:itioneque
1635 3729 1874 3797 gentium
1903 3725 1985 3780 di—

425 3815 500 3869 cit
525 3814 808 3870 oraculum
845 3833 860 3868 :
909 3833 928 3866 ι
982 3813 1365 3884 Βὶτυηιρειηυε
1409 3817 1627 3872 vincula
1677 3833 1886 3880 eorum,
1931 3823 1984 3871 et

421 3906 775 3981 projiciamus
825 3921 856 3960 a
890 3905 1048 3961 nobis
1076 3905 1268 3997 quum
1311 3907 1550 3977 ipsorum
1594 3908 1666 3965 "3
1711 3919 1730 3952 ³
1761 3906 1849 3962 cui
1899 3921 1986 3961 co-

421 4007 645 4070 gnatum
671 4007 725 4053 et
756 3999 935 4054 simile
959 4013 1082 4053 esse
1115 3999 1353 4053 arbitror
1378 4001 1522 4067 quod
1553 4012 1697 4054 nunc
1725 4014 1777 4051 in
1809 3999 1984 4052 mani-

421 4090 524 4145 bus
565 4098 669 4153 est,
693 4090 882 4144 dicens
914 4105 926 4140 :
970 4107 989 4140 ι
1025 4089 1084 4144 In
1116 4090 1204 4144 die
1232 4090 1344 4152 illa,
1379 4089 1514 4144 dixit
1539 4087 1820 4155 Dominus,
1853 4105 1984 4143 con-

419 4187 591 4234 teram
602 4179 792 4248 jugum
812 4179 880 4234 de
893 4181 1034 4234 collo
1063 4195 1273 4242 eorum,
1303 4189 1355 4233 et
1383 4179 1593 4233 vincula
1635 4194 1821 4234 eorum
1851 4195 1984 4234 con-

420 4271 673 4339 fringam,
698 4286 874 4341 neque
891 4273 1258 4340 operabnntur
1275 4271 1504 4340 amplius
1526 4271 1632 4326 diis
1651 4272 1863 4334 alienis,
1888 4271 1984 4328 sed

3359 3079 3436 3139 ὡς
3488 3076 3656 3144 ἔφην.

2088 3173 2320 3242 τοῦνομα
2345 3174 2422 3235 είς
2449 3174 2547 3242 τὴν
2562 3172 2828 3242 Ἐλλήνων
2844 3170 3043 3240 φωνὴν,
3067 3170 3116 3221 0i
3147 3167 3236 3220 106
3270 3165 3405 3220 Θεοῦ
3435 3165 3656 3218 δίκαιον

2088 3265 2288 3318 τούτων
2313 3265 2369 3317 δὲ
2397 3265 2567 3328 οὓτως
2601 3263 2990 3336 σωθησομένων
3011 3303 3025 3326 ,
3053 3262 3144 3314 τὸν
3172 3259 3397 3313 παλαιὸν
3433 3259 3525 3312 καί
3561 3257 3658 3326 βα-

2092 3359 2186 3428 ρὺν
2213 3356 2322 3410 τῶν
2357 3357 2570 3428 πικρῶν
2597 3355 2868 3426 δαιμόνων
2889 3353 3049 3422 ζυγὸν
3077 3351 3383 3422 συντρίψειν
3407 3351 3502 3403 καὶ
3529 3351 3662 3411 τοὺς.

2086 3444 2167 3511 οἷς
2215 3449 2278 3501 τὸ
2320 3449 2447 3520 πρὶν
2495 3447 2828 3518 συνείχοντο,
2873 3445 3102 3516 δεσμοὺς
3134 3445 3240 3498 τῶν
3291 3442 3660 3512 ἀσεϐημάτων

2085 3538 2394 3610 διαρῤήξειν
2443 3540 2472 3592 ὁ
2509 3538 2642 3601 Θεὸς
2686 3535 3105 3604 ἐπαγγέλλεται,
3152 3533 3226 3596 ὡς
3267 3531 3464 3604 μηκέτι
3511 3531 3658 3592 θεοῖς

2087 3631 2384 3702 ἀλλοτρίοις
2414 3629 2681 3684 δουλεύειν
2724 3629 2952 3692 αὐτοὺς,
2999 3627 3142 3698 μόνῳ
3177 3625 3234 3678 δὲ
3264 3623 3413 3693 αὐτῷ
3445 3639 3658 3692 καρπο-

2089 3727 2273 3796 φορεῖν
2304 3723 2665 3794 ἀρεσκόντως.
2705 3720 2957 3792 Παράθες
3000 3718 3056 3772 δὲ
3088 3717 3295 3778 τούτοις
3337 3714 3395 3768 τὸ
3432 3717 3490 3766 ὲν
3531 3717 3666 3766 δευ-

2085 3815 2228 3886 τέρῳ
2265 3812 2463 3884 ψαλμῷ
2499 3813 2591 3864 ἐπὶ
2615 3813 2682 3881 τῇ
2711 3809 2805 3862 τοῦ
2836 3806 3070 3880 Χριστοῦ
3110 3805 3414 3877 παρουσίᾳ,
3456 3804 3552 3856 καὶ
3583 3805 3658 3872 τῇ

2084 3905 2191 3959 τῶν
2246 3905 2412 3959 ἐθνῶν
2459 3905 2647 3975 κλήσει
2693 3901 2897 3970 φάσκον
2955 3900 3164 3968 λόγιον,
3215 3894 3651 3968 ιΔιαρρήξωμεν

2083 3999 2210 4061 τοὺς
2233 3997 2462 4067 δεσμοὺς
2493 3995 2691 4059 αὐτῶν,
2721 3995 2814 4047 καὶ
2839 3991 3229 4064 ἀπορρίψωμεν
3258 3989 3348 4056 ἀφ’
3378 3987 3534 4059 ἡμῶν
3557 3987 3654 4039 τὸν

2085 4089 2246 4159 ζυγὸν
2284 4088 2490 4152 αὐτῶν,
2524 4106 2542 4138 ι
2586 4079 2630 4154 ᾧ
2663 4084 2942 4155 συγγενὲς,
2991 4081 3248 4153 ἡγοῦμαι,
3299 4079 3554 4148 τυγχάνει
3589 4079 3656 4130 τὸ

2088 4181 2224 4252 μετὰ
2267 4183 2452 4253 χεῖρας
2495 4178 2650 4247 λέγον
2675 4195 2689 4209 ο
2745 4198 2762 4227 ‹
2807 4178 2892 4229 Ἐν
2919 4177 2983 4246 τῇ
3029 4173 3213 4244 ἡμέρᾳ
3259 4171 3464 4243 ἐκείνῃ,
3526 4166 3656 4222 εἷπε

2085 4275 2284 4345 Κύριος
2304 4313 2318 4335 ,
2352 4271 2621 4343 συντρίψω
2666 4269 2828 4337 ζυγὸν
2871 4267 2978 4320 ἀπὸ
3004 4265 3272 4338 τραχήλου
3306 4264 3482 4316 αὐτῶν
3507 4305 3524 4327 ,
3555 4264 3654 4316 καὶ⁹

419 4362 790 4432 operabuntur
820 4363 1046 4418 Domino
1075 4363 1184 4419 Deo
1213 4379 1334 4419 suo.
1375 4384 1394 4416 ι
1431 4363 1721 4430 Caeterum,
1745 4363 1890 4433 quod
1914 4364 1982 4418 de

2094 4367 2208 4428 τοὺς
2235 4365 2466 4434 δεσμοὺς
2491 4361 2667 4415 αὐτῶν
2692 4359 2965 4434 διαρρήξω
2983 4398 2998 4422 ,
3027 4360 3120 4412 καὶ
3153 4359 3250 4411 οὐκ
3274 4357 3538 4429 ὲργῶνται
3567 4358 3658 4408 ἐτι

417 4456 601 4510 fructu
623 4455 842 4525 quidem
867 4457 1074 4511 ventris
1105 4455 1293 4519 David,
1324 4463 1377 4511 et
1396 4455 1463 4511 de
1497 4455 1705 4510 semine
1733 4453 1983 4509 Salomo.

417 4550 528 4611 nis,
565 4548 745 4618 deque
789 4547 973 4602 radice
1007 4547 1162 4604 Jesse
1199 4548 1460 4604 Christus
1491 4547 1582 4603 Dei
1627 4549 1870 4603 oriturus
1911 4549 1983 4603 sit

417 4646 622 4710 dictus,
643 4644 789 4715 quod
813 4644 976 4700 etiam
1007 4644 1186 4715 ipsum
1221 4644 1422 4700 factum
1465 4653 1568 4706 est,
1611 4642 1830 4713 quando
1857 4657 1981 4695 cum

418 4738 915 4794 innumerabilibus
946 4738 1068 4793 aliis
1106 4737 1582 4808 appellationibus,
1615 4735 1779 4790 etiam
1815 4734 1985 4788 David

414 4832 594 4901 ipsum
630 4829 817 4884 divina
851 4838 1049 4884 vocant
1077 4830 1318 4892 oracula,
1351 4830 1486 4885 satis
1519 4828 1734 4882 abunde
1779 4827 1982 4896 proba-

413 4925 590 4979 verint
620 4938 705 4986 ea,
738 4937 859 4993 quae
881 4923 993 4992 jam
1026 4921 1168 4976 dicta
1201 4927 1348 4976 sunt.
1379 4919 1535 4986 Quod
1565 4933 1696 4974 vero
1720 4919 1885 4972 etiam
1915 4917 1984 4973 de

411 5016 560 5070 tribu
583 5014 721 5069 Juda
757 5014 974 5069 dicatur
1008 5014 1348 5084 proditurus,
1385 5028 1454 5066 ne
1473 5009 1822 5081 quaerendum
1853 5010 1980 5078 qui-

413 5109 536 5162 dem
588 5109 773 5171 fuerit,
809 5123 932 5162 cum
961 5122 1027 5180 cx_
1058 5107 1162 5160 alia
1196 5105 1343 5159 nulla
1390 5103 1554 5167 tribu,
1591 5116 1752 5172 quam
1781 5117 1846 5154 ex
1878 5101 1982 5154 hac

415 5200 531 5267 ipsa
569 5211 720 5254 ortus
752 5199 823 5254 sit
853 5200 968 5269 ipse
1001 5198 1190 5252 David.
1215 5195 1385 5250 Porro
1414 5196 1555 5250 idem
1585 5193 1690 5248 hoc
1719 5192 1980 5263 plenioris

411 5291 698 5359 cujusdam
733 5290 853 5346 ﬁdei
883 5291 1054 5361 gratia
1075 5288 1356 5344 oraculum
1383 5300 1598 5356 quoque
1633 5284 1764 5337 illud
1793 5291 1980 5338 osten-

411 5382 551 5435 derit
584 5382 728 5453 quod
771 5385 911 5454 apud
945 5381 1148 5437 Mosem
1181 5383 1236 5435 in
1279 5380 1423 5433 hunc
1455 5376 1674 5430 modum
1710 5391 1767 5430 se
1798 5376 1974 5431 habet.

474 5644 515 5676 ’⁸
558 5650 702 5707 Rom
759 5664 832 5715 ιι,
867 5645 1036 5706 28-29
1139 5653 1181 5684 ¹⁹
1223 5648 1370 5706 Psal.
1406 5665 1476 5716 It,
1517 5649 1570 5703 5.

2085 4457 2225 4518 θεοῖς
2259 4454 2587 4524 ἀλλοτρίοις,
2619 4453 2734 4509 ἀλλ’
2775 4450 3039 4522 ὲργῶνται
3071 4449 3258 4522 Κυρίῳ
3299 4449 3375 4519 τῷ
3402 4448 3526 4519 Θεῷ
3555 4449 3668 4502 αὕη

2084 4549 2210 4602 τῶν.
2244 4568 2262 4599 ι
2319 4547 2457 4600 Ἀλλ’
2499 4548 2580 4600 ὅτι
2617 4546 2713 4617 μὲν
2746 4547 2810 4598 ὲκ
2860 4543 3072 4615 καρποῦ
3103 4544 3201 4612 τῆς
3239 4543 3443 4605 κοιλίας
3484 4541 3666 4594 Δαϐὶδιν

2085 4641 2180 4694 καὶ
2207 4642 2270 4692 ὲκ
2299 4639 2610 4709 σπέρματος
2636 4636 2964 4708 Σολομῶνος,
2997 4636 3090 4689 καὶ
3122 4636 3186 4688 ὲκ
3212 4633 3366 4705 ῥίζης
3399 4634 3593 4687 Ἰεσσαὶ
3619 4635 3667 4685 ὁ.

2085 4729 2318 4800 Χριστὸς
2348 4729 2441 4782 τοῦ
2475 4726 2628 4781 Θεοῦι
2658 4723 3083 4796 γεννηθήσεσθαι
3122 4723 3470 4796 προείρηται,
3513 4722 3657 4792 ὅπερ

2086 4825 2178 4877 καὶ
2209 4821 2429 4890 γέγονεν
2449 4860 2462 4884 ,
2507 4821 2590 4876 ὅτι
2635 4817 2770 4889 μετὰ
2807 4818 3012 4888 μυρίων
3060 4816 3232 4871 ἄλλων
3269 4813 3655 4888 προπγοριῶν

2090 4913 2183 4966 καὶ
2213 4912 2374 4965 Δαῦὶδ
2405 4909 2564 4964 αὐτὸν
2595 4907 2945 4978 ὀνομάζουσιν
2975 4908 3023 4959 οἱ
3058 4906 3188 4960 θεῖοι
3210 4904 3375 4973 λόγοι,
3400 4897 3654 4974 αὐτάρκη

2089 5003 2459 5058 πιστώσασθαι
2504 5001 2571 5054 τὰ
2621 5000 2904 5072 εἰρημένα.
2955 4999 3076 5052 Ὅτι
3121 4998 3174 5050 δὲ
3223 4997 3315 5050 καὶ
3358 4999 3425 5049 ὲκ
3477 4995 3654 5064 φυλῆς

2100 5095 2266 5149 ’ἰούδα
2289 5095 2502 5162 λέγεται
2534 5091 2952 5164 προελεύσεσθαι
2969 5131 2984 5155 ,
3011 5089 3120 5142 οὐδ’
3151 5090 3214 5142 ἂν
3249 5087 3505 5159 ζητηθείη
3528 5127 3542 5148 ,
3567 5091 3664 5158 τῷ

2090 5187 2211 5259 μηδ’
2241 5187 2431 5256 ἑτέρας
2461 5186 2492 5257 ἢ
2520 5185 2620 5255 τῆς
2644 5183 2973 5256 δηλωθείσης
3016 5179 3186 5251 φυλῆς
3211 5179 3306 5232 καὶ
3327 5177 3492 5232 αὐτὸν
3517 5172 3668 5230 εἶναι

2085 5278 2174 5331 τὸν
2203 5278 2385 5332 Δαϐίδ.
2432 5277 2641 5330 Γένοιτο
2684 5275 2727 5328 δ’
2763 5275 2828 5329 ἂν
2874 5276 2938 5328 ὲκ
2980 5271 3293 5344 περιουσίας
3337 5270 3431 5324 καὶ
3462 5267 3661 5322 τούτου

2086 5371 2491 5444 παραστατικὸν
2525 5370 2586 5423 τὸ
2617 5369 2768 5440 παρά
2793 5370 3013 5422 Μωῡσεί
3043 5366 3253 5435 λόγιον,
3299 5361 3488 5420 τοῦτον
3529 5360 3663 5431 ἔχον

2083 5463 2174 5516 τὸν
2206 5463 2424 5515 τρόπον.
