3922 6200
284 154 389 208 565

1120 160 1769 221 DEMONSTRATIONIS
1806 165 2258 222 EVANGELICAE
2291 165 2419 220 LIB.
2460 165 2561 219 γη.

3393 167 3496 225 506

296 269 431 356 Ἀίτρ
458 270 568 339 τῆς
592 274 1100 356 Γενέισεως.ῖης
1120 280 1187 334 ἐκ
1208 281 1406 356 φυνζῆς
1425 284 1625 356 ’Ἰούδα
1648 301 1825 356 Terra;

1948 284 2175 356 360A
2207 283 2516 356 Genesite‘
2553 281 3000 356 Quemadmodum
3048 298 3111 335 ex
3161 282 3299 356 tribu
3348 280 3494 337 Iuda

349 340 595 422 θήςεςαι
612 385 638 422 ι
659 345 754 396 καὶ
786 340 902 397 τῶν·
930 340 1115 422 Mardi}
1141 340 1470 418 προσδὸκία
1512 356 1544 406 ό
1584 340 1838 420 Χριστὸξ-

352 414 459 465 τοῦ
495 414 641 465 Θεοῦ
662 414 1187 483 κατασταθήσεταιζ

356 560 374 593 ι
417 542 616 607 Ἰούδα,
652 546 711 599 σὲ
743 547 1041 601 αίνέσουσιν
1073 551 1120 604 οί
1155 552 1369 622 ἀδελφοί
1412 572 1537 621 σου,
1572 558 1626 610 αἱ
1662 558 1838 630 χεῖρές

280 649 373 685 σου
402 635 495 687 ἐπὶ
519 635 685 690 νώτου
708 638 815 692 τῶν
845 640 1049 712 ἐχθρῶν
1075 661 1188 708 σου,
1229 650 1657 720 προσκυνήσουσί
1686 668 1766 703 σοι
1789 652 1836 703 οί

276 726 383 778 υἱοὶ
408 726 502 780 τοῦ
555 729 758 800 πατρός
806 749 917 785 σου.
962 734 1201 805 Σκύμνος
1241 737 1487 803 λέοντος,
1528 740 1725 807 Ἰούδα,
1775 743 1837 795 ἐκ

278 816 506 902 βλαστοῦ
539 836 636 887 μου
656 858 671 881 ,
697 821 777 873 υἱὲ
800 863 813 887 ,
846 823 1063 897 ἀνέϐης.
1106 827 1411 882 ’Λναπεσὼν
1444 831 1737 902 ἐκοιμήθης
1763 833 1836 897 ὼς

276 900 445 965 λέων,
476 903 568 955 καὶ
588 902 662 968 ὡς
679 906 932 977 σκύμνος.
971 911 1066 974 Τίς
1104 915 1283 986 ἐγερεῖ
1314 916 1502 982 αὑτόν;
1668 900 1838 973 ἐκλεί-

274 992 366 1061 ψει
394 995 574 1066 ἄρχων
602 996 658 1061 ἐξ
688 997 888 1065 Ἰούδα,
920 1003 1037 1055 οὐδὲ
1076 1004 1372 1076 ἡγούμενος
1411 1010 1474 1061 ἐκ
1512 1010 1618 1063 τῶν
1650 1012 1835 1083 μηρῶν

275 1087 470 1150 αὐτοῦ,
518 1088 622 1150 ἓως
662 1088 726 1142 ἂν
761 1091 884 1163 ἔλθῃ
936 1087 980 1161 ᾧ
1010 1095 1327 1165 ἀπόκειται,
1368 1101 1461 1153 καὶ
1492 1102 1651 1165 αὐτὸς
1687 1103 1833 1157 ἐσται

276 1178 567 1248 προσδοκία
599 1180 811 1266 ῌέθνῶν.
848 1202 866 1234 ›
915 1184 1130 1241 Δώδεκα
1177 1189 1354 1257 φυλῶν
1401 1192 1528 1264 παρ’
1571 1194 1839 1266 Ἑϐραίοις

273 1266 467 1331 οὐσῶν,
497 1268 563 1321 δι’
589 1263 661 1323 ὦν
688 1272 745 1323 τὸ
778 1275 884 1326 πᾶν
914 1274 1064 1340 ἔθνος
1099 1282 1452 1352 συνεστήκει,
1484 1263 1611 1353 μιᾶς
1634 1263 1837 1339 τούτων

274 1359 572 1431 προπάτωρ
617 1362 807 1429 γέγονε
835 1366 928 1418 καὶ
960 1368 1253 1438 ἀρχίφυλος
1278 1374 1306 1424 ὁ
1346 1372 1576 1439 Ἰούδας,
1611 1376 1746 1444 πρὸς
1777 1376 1859 1431 ὃν

271 1448 616 1504 τεθέσπισται
657 1452 725 1506 τὰ
764 1458 1135 1529 προκείμενα,
1174 1459 1231 1527 ἐξ
1280 1464 1441 1517 αὑτοῦ
1473 1466 1564 1519 τὸν
1604 1468 1835 1537 Χριστὸν

274 1540 688 1612 προελεύσεσθαι
721 1549 1071 1619 σημαίνοντα.
1118 1553 1182 1605 Et
1218 1554 1347 1622 γοῦν
1386 1558 1711 1627 συναγάγοις
1742 1560 1834 1612 ἐπὶ

2017 351 2259 429 irascetur
2282 354 2369 417 qui
2391 351 2632 429 Christus
2658 362 2733 406 est
2759 351 2874 420 Dei,
2899 351 3129 421 idemque
3155 354 3381 422 gentium
3402 369 3496 408 ea:-

2004 422 2254 486 spectatio
2279 422 2639 475 constituetur.

2015 574 2032 606 ‹
2085 554 2242 618 Juda,
2270 565 2322 611 te
2358 554 2655 609 laudabunt
2708 553 2905 609 fratres
2951 553 3049 617 tui,
3080 568 3272 608 manus
3302 562 3406 609 tuae
3438 556 3492 611 in

1938 655 2087 719 tergo
2114 649 2454 703 inimicorum
2488 655 2727 712 tuorum,
2767 646 3069 701 adorabunt
3099 654 3151 700 te
3198 646 3292 699 lilii
3327 652 3494 715 patris

1940 742 2034 794 tui.
2075 739 2303 794 Catulus
2358 739 2529 793 leonis
2555 736 2723 800 Juda,
2764 734 2830 791 de
2871 735 3133 806 germine,
3174 734 3247 789 mi
3276 734 3371 800 ﬁli,
3407 750 3494 789 as-

1937 833 2189 896 cendisti,
2232 831 2555 886 recumbens
2592 828 2897 883 dormivisti
2932 836 2990 881 ut
3027 828 3131 890 leo,
3165 836 3219 882 et
3251 835 3312 881 ut
3340 834 3493 881 catu-

1938 924 2041 988 lus,
2074 924 2196 995 quis
2247 921 2502 977 excitabit
2552 919 2710 975 eum?
2736 934 2843 972 non
2886 918 3099 973 deﬁciet
3140 919 3391 988 princeps
3427 919 3494 973 de

1937 1013 2095 1079 Juda,
2134 1028 2305 1082 neque
2341 1012 2447 1066 dux
2490 1010 2556 1065 de
2609 1009 2904 1065 femoribus
2950 1008 3088 1077 ejus,
3116 1008 3287 1063 donec
3315 1010 3495 1064 veniat

1937 1109 2027 1161 cui
2079 1108 2373 1177 repositum
2425 1112 2528 1167 est,
2580 1112 2632 1158 et
2668 1103 2784 1173 ipse
2841 1101 2941 1157 erit
2988 1103 3318 1172 exspectatio
3364 1118 3494 1172 gen-

1934 1199 2071 1253 tium
2101 1198 2166 1253 '°.
2208 1218 2227 1250 ι
2255 1196 2389 1251 Cum
2420 1195 2702 1250 duodecim
2757 1195 2895 1263 apud
2919 1193 3169 1248 Hebrazos
3202 1194 3376 1248 tribus
3407 1210 3494 1249 es-

1937 1296 2079 1347 sent,
2110 1304 2174 1343 ex
2203 1287 2398 1357 quibus
2432 1300 2562 1355 gens
2592 1286 2841 1339 universa
2870 1283 3175 1346 constabat,
3205 1284 3368 1338 unius
3397 1283 3493 1337 ha-

1936 1393 2055 1432 rum
2102 1378 2307 1448 primus
2338 1392 2534 1447 parens
2572 1389 2635 1428 ac
2680 1374 2930 1444 princeps
2956 1374 3163 1428 exstitit
3204 1372 3392 1439 Judas,
3426 1375 3492 1427 ad

1936 1484 2093 1539 quem
2123 1483 2206 1532 ea,
2259 1483 2379 1537 quae
2410 1465 2570 1520 modo
2602 1463 2899 1519 citavimus-
2928 1464 2995 1517 ab
3039 1465 3261 1518 oraculo
3288 1450 3492 1519 directa

1936 1568 2082 1625 sunt,
2113 1575 2232 1631 quae
2262 1560 2327 1614 de
2374 1559 2464 1614 illo
2496 1558 2614 1627 ipso
2642 1555 2916 1611 Christum
2950 1555 3287 1624 proditurum
3322 1556 3490 1625 signi-

270 1632 466 1695 ταύτὸ,
508 1635 596 1686 καὶ
626 1637 925 1709 παραθείης
962 1644 1025 1712 τῇ
1063 1644 1199 1713 μετὰ
1245 1649 1432 1718 χεῖρας
1473 1621 1571 1712 τας
1606 1621 1825 1713 ’ἐντοῖς

1936 1621 2306 1718 ﬁcent..Quod
2361 1650 2407 1705 si
2450 1650 2636 1704 eodem
2683 1621 3045 1717 congesseris,
3080 1654 3133 1701 et
3177 1646 3303 1701 huic
3328 1621 3490 1716 quam

274 1721 503 1792 πρόσθεν
530 1724 775 1790 τεθείσας
802 1732 1150 1799 προφητείας,
1173 1732 1352 1803 εὕροις
1376 1735 1439 1789 ἂν
1466 1737 1663 1807 ὁμοίως
1692 1740 1833 1793 κατά

270 1827 320 1862 τι
354 1811 528 1864 κοινὸν
574 1820 793 1885 σημεῖον
834 1820 923 1872 τὸν
972 1822 1133 1875 αὐτὸν
1176 1827 1597 1896 κηρυττόμενον.
1636 1830 1699 1881 Ἠ
1734 1829 1831 1900 μὲν

268 1901 376 1973 γὰρ
405 1903 555 1972 ἔλεγε
585 1910 711 1977 περὶ
739 1911 833 1962 τοῦ
867 1914 930 1964 ἐκ
970 1914 1123 1984 ῥίζης
1163 1916 1357 1969 Ἰεσσαὶ
1394 1920 1829 1991 ἀναστησομένου

268 1994 347 2058 τὸ,
391 2015 408 2046 ι
440 1998 548 2050 Καὶ
581 1999 728 2054 ἔσται
751 2004 1105 2074 ἀνιστάμενος
1128 2007 1317 2079 ἄρχειν
1343 2010 1530 2077 ἐθνῶν,
1562 2014 1647 2065 ἐπ’
1684 2014 1831 2085 αύτῷ

267 2086 394 2158 ἔθνη
422 2087 693 2145 ἐλπιοῦσιν
713 2110 726 2123 ο
764 2114 781 2145 i
822 2096 853 2166 ἡ
885 2095 940 2147 δὲ
969 2098 1095 2168 περὶ
1125 2100 1217 2152 τοῦ
1251 2101 1365 2154 υἱοῦ
1401 2102 1707 2173 Σολομῶνος
1735 2106 1795 2158 τὸ
1813 2145 1827 2167 ,

273 2196 292 2227 ι
324 2182 740 2252 κατακυριεύσει
789 2186 897 2239 ἀπὸ
935 2188 1205 2261 θαλάσσης
1245 2192 1348 2256 ἕως
1397 2194 1700 2266 θαλάσσης,
1738 2199 1830 2251 καὶ

267 2270 377 2321 ἀπὸ
424 2274 667 2343 ποταμοῦ
723 2276 824 2340 ἕως
869 2280 1118 2351 περάτων
1172 2284 1272 2354 τῆς
1328 2286 1684 2357 οἰκουμένης,
1736 2292 1830 2343 καὶ

268 2360 776 2435 ἐνευλογηθήσονται
821 2369 877 2422 ἐν
912 2371 1058 2442 αὐτῷ
1108 2374 1283 2427 πάντα
1331 2376 1399 2429 τὰ
1435 2376 1593 2449 ἔθνη·
1630 2397 1649 2430 ›
1695 2381 1728 2451 ἡ
1774 2380 1829 2433 δὲ

432 2458 615 2558 χεῖρας
641 2462 1053 2532 παραπλησίως,
1091 2482 1110 2515 ι
1138 2464 1242 2529 ἕως
1269 2466 1335 2521 ἂν
1377 2467 1503 2539 ἔλθῃ
1524 2509 1539 2533 ,
1579 2488 1597 2521 ι
1626 2473 1787 2541 φησὶν
1810 2513 1824 2538 ,

271 2562 288 2591 ι
323 2543 371 2609 ᾧ
392 2543 673 2599 ἀπόκειται
697 2588 711 2612 ,
758 2550 850 2601 καὶ
878 2551 1039 2615 αὐτὸς
1079 2552 1228 2607 ἔσται
1260 2556 1550 2625 προσδοκία
1576 2558 1761 2613 ἐθνῶν.
1803 2579 1821 2611 ι

263 2631 330 2682 Ei
351 2631 417 2702 δὴ
440 2628 532 2686 οὖν
564 2636 872 2706 συνᾴδουσιν
897 2641 953 2692 αἱ
983 2641 1108 2712 περὶ
1135 2642 1245 2696 τῶν
1277 2644 1444 2697 ἐθνῶν
1474 2649 1824 2719 προρρήσεις,

264 2723 659 2798 ἀπεδείχθησαν
683 2727 739 2780 δὲ
767 2732 821 2782 αἱ
848 2731 952 2800 πρὸ
978 2732 1181 2787 τούτων
1211 2735 1414 2806 ὁρῶσαι
1445 2738 1533 2790 τὸν
1563 2740 1826 2813 ἡμέτερον

265 2816 530 2886 Σωτῆρα,
573 2819 723 2872 οὐδὲν
749 2820 814 2874 ἂν
844 2823 929 2894 εἴη
961 2825 1206 2895 ἐμποδὼν
1241 2827 1315 2899 μὴ
1357 2830 1476 2899 οὐχὶ
1530 2830 1621 2884 τὸν
1666 2834 1826 2885 αὐτὸν

1932 1758 2078 1797 nunc
2118 1750 2439 1805 tractamus,
2474 1757 2565 1797 eas
2597 1742 2723 1795 item
2752 1754 2872 1809 quae
2911 1738 2965 1792 in
3007 1738 3377 1808 superioribus
3397 1753 3493 1807 po-

1933 1835 2050 1889 sitae
2096 1843 2241 1899 sunt,
2293 1833 2602 1904 prophetias
2653 1831 3002 1902 apposueris,
3034 1830 3275 1884 invenies
3330 1830 3489 1884 simili

1932 1928 2141 1982 ratione
2169 1926 2236 1979 ad
2273 1926 2540 1995 quoddam
2590 1925 2803 1994 signum
2842 1936 3157 1987 commune,
3204 1937 3370 1976 unum
3408 1930 3490 1973 at-

1931 2034 2037 2089 que
2074 2017 2321 2073 eumdem
2368 2015 2624 2070 nuntiari.
2659 2014 2751 2068 Illa
2783 2015 2998 2085 quidem
3032 2014 3099 2068 de
3146 2029 3209 2068 eo
3256 2012 3488 2078 dicebat,

1930 2111 2023 2181 qui
2054 2110 2121 2164 de
2149 2109 2330 2163 radice
2360 2107 2514 2163 Iesse
2543 2115 2686 2162 esset
2716 2113 3084 2167 surrecturus,
3126 2124 3143 2154 ι
3176 2112 3228 2158 et
3253 2103 3358 2158 erit
3396 2103 3488 2172 qui

1932 2202 2104 2273 surgit
2153 2203 2419 2272 imperare
2462 2200 2750 2270 gentibus,
2797 2200 2853 2252 in
2907 2198 3024 2268 ipso
3044 2204 3246 2267 gentes
3298 2211 3487 2265 spera-

1930 2296 2065 2350 bunt
2098 2297 2162 2351 ἰ.
2196 2314 2215 2347 ι
2250 2295 2365 2348 Alia
2397 2308 2526 2348 vero
2556 2291 2623 2346 de
2657 2291 2767 2345 ﬁlio
2797 2289 3123 2353 Salomonis,
3161 2306 3180 2339 ‹
3220 2295 3274 2342 et
3311 2288 3487 2342 domi-

1929 2385 2148 2440 nabitur
2178 2400 2208 2439 a
2237 2385 2371 2439 mari
2403 2399 2573 2455 usque
2596 2385 2662 2439 ad
2702 2399 2871 2447 mare,
2914 2392 2966 2436 et
2994 2397 3023 2435 a
3066 2380 3283 2434 ﬂumine
3313 2394 3488 2448 usque

1932 2476 1999 2530 ad
2031 2475 2168 2531 ﬁnes
2190 2476 2339 2531 orbis
2378 2484 2555 2539 terrai,
2591 2481 2645 2530 et
2687 2474 3075 2528 benedicentur
3108 2472 3162 2525 in
3187 2485 3253 2525 eo
3298 2485 3486 2525 omnes

1929 2576 2113 2637 gentes
2130 2567 2196 2620 ι’.
2231 2584 2250 2617 ι
2276 2564 2352 2618 Ea
2373 2580 2503 2619 vero
2525 2578 2684 2633 quam
2714 2578 2858 2617 nunc
2905 2560 3242 2615 tractandam
3267 2572 3485 2613 assum-

1929 2654 2157 2726 psimus,
2181 2654 2364 2709 itidem
2396 2672 2409 2707 :
2449 2672 2467 2706 ι
2498 2653 2676 2708 Donec
2717 2652 2913 2716 veniat,
2945 2650 3140 2722 inquit,
3169 2649 3255 2705 cui
3279 2647 3488 2718 reposi-

1929 2756 2044 2801 tum
2079 2754 2179 2809 est,
2212 2755 2265 2801 et
2296 2747 2408 2817 ipse
2438 2746 2542 2799 erit
2591 2743 2923 2814 exspectatio
2965 2741 3225 2811 gentium.
3276 2758 3296 2792 ι
3331 2737 3486 2804 Quod

1931 2839 1976 2895 si
2002 2840 2117 2894 haec
2143 2840 2209 2894 de
2235 2838 2487 2910 gentibus
2512 2837 2730 2892 oracula
2758 2834 3111 2897 concordant,
3133 2841 3186 2886 et
3206 2840 3485 2887 ostensum

265 2908 485 3013 θλέπειν
497 2913 605 3013 ~uolt
634 2913 732 2985 τὴν
764 2917 1058 2987 παροῦσαν,
1084 2922 1238 2993 εἴπερ
1277 2923 1537 2993 σύμφωνα
1570 2927 1825 2999 ἀλλήλαις

1931 2940 2009 2986 est
2049 2908 2501 3000 quemadmodum
2546 2943 2607 2983 ea
2638 2941 2853 2997 quoque
2883 2940 3002 2995 quae
3030 2924 3144 2977 haec
3176 2923 3292 2992 ipsa
3333 2928 3488 2974 ante-

263 3002 647 3072 ὁμολογοῦνται
673 3009 977 3074 θεσπίζειν·
1007 3014 1239 3084 μάλιστα
1267 3017 1353 3069 ὅτε
1384 3018 1542 3089 μέχρι
1579 3020 1678 3089 μὲν
1715 3022 1821 3074 τῶν

263 3093 472 3162 χρόνων
516 3097 613 3168 τῆς
652 3099 745 3151 τοῦ
783 3102 1033 3173 Σωτῆρος
1069 3104 1227 3176 ἡμῶν
1274 3109 1593 3177 ἐπιφανείας
1631 3113 1679 3164 οἱ
1727 3110 1822 3164 τοῦ

275 3184 543 3239 Ἰουδαίων
582 3188 765 3254 ἔθνους
800 3193 1056 3263 ἄρχοντες
1096 3198 1189 3250 καὶ
1227 3199 1515 3270 ἡγούμενοι
1553 3202 1730 3256 αὐτῶν
1759 3204 1823 3257 ἐκ

264 3280 546 3347 προγόνων
590 3282 831 3355 διαδοχῆς
865 3291 1261 3360 συνεστήκεσαν
1284 3332 1298 3355 ,
1332 3292 1447 3363 ἅμα
1476 3293 1533 3346 δὲ
1562 3298 1625 3365 τῇ
1657 3295 1820 3348 αὐτοῦ

263 3374 536 3444 παρουσίᾳ
560 3373 981 3444 διελελοίπεσαν,
1008 3381 1142 3453 ὁμοῦ
1174 3400 1233 3436 τε
1267 3386 1298 3456 ὴ
1329 3384 1435 3438 τῶν
1466 3385 1634 3440 ἐθνῶν
1664 3405 1823 3459 προσ-

260 3460 412 3513 δοκία
436 3463 585 3527 τέλος
614 3467 784 3537 ἐπῆγε
818 3473 879 3541 τῇ
907 3471 997 3524 τοῦ
1041 3472 1232 3527 Ἰακὼϐ
1270 3477 1585 3549 προρρήσει.
1617 3478 1822 3531 υύκοῦν

260 3553 537 3607 κάνταῦθα
570 3560 597 3609 ὁ
635 3559 867 3630 Χριστὸς
893 3562 1233 3635 δηλούμενος,
1279 3568 1373 3620 καὶ
1395 3569 1513 3620 ούδέ
1540 3569 1693 3633 ἄλλος
1717 3612 1730 3633 ,
1758 3572 1821 3624 ἐκ

258 3645 431 3715 φυλῆς
470 3647 637 3702 Ἰούδα
677 3652 1115 3723 προελεύσεσθαι.
1159 3659 1267 3710 Καὶ
1312 3659 1401 3711 ὅτε
1446 3659 1502 3711 δὲ
1554 3661 1617 3713 ἐκ
1660 3662 1822 3715 Δαϐὶδ

259 3736 351 3789 καί
396 3737 735 3810 Σολομῶνος,
786 3744 849 3797 ἐκ
888 3763 947 3798 τε
983 3747 1081 3818 τῆς
1129 3748 1283 3819 ῥίζης
1344 3751 1539 3804 Ἰεσσαὶ
1582 3752 1818 3822 γεγονὼς

257 3830 539 3900 ἐδηλοῦτο,
580 3836 642 3887 ἐκ
680 3832 778 3908 τῆς
819 3838 987 3910 αὐτῆς
1032 3840 1203 3910 φυλῆς
1246 3841 1319 3895 ὢν
1348 3843 1637 3902 ἐδείκνυτο.
1684 3847 1819 3910 Παῖς

259 3923 360 3992 μὲν
387 3925 495 3997 γὰρ
523 3923 590 3997 ἦν
608 3928 701 3980 τοῦ
737 3931 932 3984 Ἰεσσαὶ
957 3933 1139 3999 Δαϐὶδ,
1158 3936 1250 3989 τοῦ
1277 3935 1333 3990 δὲ
1354 3938 1516 3991 Δαϐιδ
1547 3937 1813 4009 Σολομὼν,

256 4018 551 4082 συστάντες
580 4022 642 4072 ἐκ
676 4021 848 4094 φυλῆς
879 4024 1063 4080 Ἰούδα.
1088 4026 1186 4097 Εῖη
1222 4027 1287 4081 ἂν
1319 4030 1603 4100 τοιγαροῦν
1632 4029 1689 4094 ἐξ
1718 4031 1816 4082 αύ-

254 4108 357 4178 τῆς
389 4113 418 4163 ὁ
448 4112 635 4186 Σωτὴρ
670 4118 763 4170 καὶ
814 4118 1016 4190 Κύριος
1063 4120 1252 4190 ἡμῶν,
1295 4120 1574 4193 ὼσπεροῦν
1626 4126 1654 4176 ὁ
1697 4123 1818 4175 θαυ-

257 4200 450 4266 μάσιος
496 4205 881 4278 εύαγγελιστὴς
928 4211 1234 4280 γενεαλογεῖ
1289 4213 1563 4276 Ματθαῐος
1608 4214 1810 4282 λέγων·

1927 3030 2231 3087 cesserunt,
2263 3021 2331 3075 ad
2379 3019 2713 3075 Salvatorem
2746 3026 2995 3073 nostrum
3040 3024 3305 3086 spectant,
3349 3012 3485 3067 nihil

1934 3113 2163 3183 amplius
2193 3113 2355 3167 fuerit
2384 3111 2789 3182 impedimento,
2820 3112 2951 3181 quin
3010 3109 3115 3163 hoc
3146 3108 3319 3178 ipsum
3349 3120 3485 3175 quo-

1924 3221 2029 3276 que
2058 3205 2198 3274 quod
2229 3219 2373 3259 nunc
2395 3212 2711 3268 tractamus,
2738 3201 2984 3258 eumdem
3015 3201 3163 3256 illum
3187 3198 3439 3268 respiciat
3466 3218 3478 3250 :

1924 3296 2360 3366 quandoquidem
2407 3294 2518 3364 jam
2564 3308 2885 3349 concessum
2929 3299 3013 3348 est
3044 3332 3058 3355 ,
3120 3295 3484 3345 consentanea

1924 3390 2064 3442 inter
2100 3401 2158 3442 se
2187 3387 2256 3441 ab
2281 3385 2535 3439 omnibus
2582 3384 2688 3439 illis
2719 3385 2950 3439 divinari
2984 3402 2997 3438 :
3030 3381 3327 3453 praesertim
3356 3394 3484 3434 cum

1926 3494 2096 3548 usque
2140 3478 2207 3532 ad
2240 3487 2481 3547 tempora
2529 3476 2792 3530 adventus
2839 3474 3134 3529 Salvatoris
3164 3473 3358 3537 nostri,
3387 3471 3484 3526 Ju-

1922 3573 2090 3627 daicze
2139 3571 2315 3643 gentis
2357 3569 2630 3640 principes
2677 3568 3025 3638 ejusdemque
3051 3567 3217 3622 duces
3261 3582 3326 3620 ex
3367 3581 3485 3620 ma-

1919 3667 2100 3735 jorum
2133 3677 2355 3718 suorum
2389 3661 2735 3715 successione
2766 3660 3179 3729 permanserint,
3215 3671 3319 3709 una
3353 3671 3484 3710 vero

1922 3771 2044 3810 cum
2076 3755 2195 3823 ejus
2242 3756 2476 3808 adventu
2522 3750 2852 3813 defecerint,
2907 3749 3253 3819 gentiumque
3282 3748 3484 3815 pariter

1920 3846 2248 3917 exspectatio
2261 3846 2417 3899 ﬁnem
2446 3845 2619 3914 ipsius
2647 3841 2814 3897 Jacob
2851 3841 3111 3895 vaticinio
3143 3840 3478 3909 imposuerit.

1919 3936 2086 4007 Igitur
2114 3937 2216 3991 hoc
2238 3936 2397 3990 etiam
2423 3935 2476 3989 in
2503 3935 2621 3989 loco
2646 3934 2917 3995 Christus,
2944 3932 3036 4001 qui
3068 3932 3181 4001 ipse
3207 3945 3314 3984 non
3343 3929 3483 3985 alius

1919 4029 1983 4084 de
2014 4030 2158 4085 tribu
2184 4026 2321 4083 Juda
2344 4026 2655 4098 proditurus
2684 4026 3038 4097 signiﬁcatur,
3064 4025 3262 4093 quique
3283 4038 3350 4076 ex
3378 4022 3484 4075 Da-

1918 4122 2005 4175 vid
2038 4129 2090 4175 et
2124 4120 2434 4186 Salomone,
2475 4118 2632 4191 361
2669 4128 2829 4189 atque
2856 4133 2922 4172 ex
2966 4116 3148 4169 radice
3186 4114 3341 4169 Jesse
3367 4114 3483 4168 exi-

1918 4222 2075 4268 turus
2105 4211 2398 4277 ferebatur,
2429 4228 2495 4267 ex
2540 4212 2728 4267 eadem
2760 4210 2903 4264 tribu
2935 4208 3210 4279 profectus
3240 4206 3483 4262 ostendi-

259 4311 276 4341 ι
310 4292 499 4358 Βίϐλος
526 4297 788 4365 γενέσεως
821 4302 991 4375 Ἰησοῦ
1016 4304 1279 4375 Χριστοῦ,
1325 4306 1442 4358 υἱοῦ
1472 4306 1664 4368 Δαϐὶδ,
1696 4307 1813 4360 υἱοῦ

1931 4313 2029 4359 iur.
2056 4303 2186 4357 Nam
2214 4301 2368 4358 Iesse
2396 4304 2611 4373 quidem
2640 4302 2782 4358 ﬁlius
2809 4301 2908 4355 fuit
2940 4299 3105 4354 David
3145 4322 3156 4355 :
3187 4300 3361 4368 ipsius
3393 4313 3485 4353 au-

264 4384 530 4457 Ἀϐραάμη
580 4390 825 4463 Ἀϐραὰμ
860 4394 1114 4465 ἐγέννησε
1144 4396 1233 4449 τὸν
1282 4397 1494 4449 Ἰσαάκο
1539 4399 1718 4450 Ἰσαὰκ
1755 4400 1811 4451 δε

250 4477 507 4565 ἐγέννησε
538 4480 628 4533 τὸν
664 4483 885 4536 Ἰακὼϐ’
931 4486 1122 4539 Ἰακὼϐ
1163 4488 1219 4540 δὲ
1258 4489 1512 4559 ἐγέννησε
1543 4488 1635 4542 τὸν
1685 4490 1810 4542 Ἰού-

248 4566 376 4618 δαν·
413 4588 431 4621 ι
468 4572 561 4624 καὶ
592 4571 659 4625 τὰ
698 4572 840 4644 ἑξῆς.
890 4578 1045 4632 Ἀλλὰ
1090 4579 1196 4651 γὰρ
1229 4580 1322 4633 καὶ
1365 4580 1567 4633 τούτων
1603 4582 1699 4653 τὴν
1736 4584 1810 4636 οἰ-

252 4658 407 4711 κείαν
436 4661 703 4729 ἀπὸδειξιν
730 4666 1136 4739 ἀπειληφότων,
1173 4671 1358 4741 καιρὸς
1393 4672 1482 4724 καὶ
1523 4672 1645 4734 τοὺς
1682 4672 1807 4741 χρό-

246 4766 376 4814 νους
435 4753 662 4806 συνιδεῖν
720 4758 817 4826 τῆς
876 4759 983 4812 τῶν
1032 4761 1516 4833 προηγορευμένων
1561 4761 1803 4831 ἀποπλη-

249 4837 489 4911 ρὼσεως.

241 4932 420 4989 Jacoh
466 4946 642 4994 autem
733 4944 916 5013 genuit
974 4943 1163 4999 Judazn
1195 4947 1261 5011 ³³,

1919 4404 2023 4450 tem
2046 4394 2214 4449 David
2245 4394 2519 4460 Salomon,
2545 4396 2637 4465 qui
2659 4395 2726 4449 de
2752 4396 2893 4448 tribu
2922 4392 3059 4446 Juda
3090 4392 3304 4446 oriundi
3333 4399 3483 4446 sunt.

1919 4489 2031 4543 Erit
2058 4504 2186 4560 ergo
2218 4506 2284 4544 ex
2332 4490 2519 4545 eadem
2566 4487 2814 4543 Salvator
2841 4502 2904 4541 ac
2950 4486 3211 4541 Dominus
3243 4492 3431 4539 noster
3467 4503 3479 4536 :

1919 4580 2058 4635 sicut
2100 4583 2264 4635 etiam
2306 4583 2522 4637 divinus
2553 4582 2884 4653 evangelista
2937 4579 3221 4634 Matthaeus
3261 4579 3315 4630 in
3363 4577 3482 4645 ejus

1915 4687 2110 4741 genere
2141 4674 2412 4726 narrando
2444 4673 2764 4727 testiﬁcatur
2790 4672 2979 4726 dicens
3018 4690 3030 4724 :
3072 4688 3089 4719 ι
3128 4667 3291 4722 Liber
3320 4682 3484 4735 gene-

1923 4764 2150 4818 rationis
2196 4763 2324 4818 Jesu
2375 4764 2579 4818 Christi
2640 4764 2732 4816 ﬁlii
2786 4762 2991 4826 David,
3040 4760 3135 4814 ﬁlii
3183 4758 3478 4811 Abraham.

1922 4855 2190 4909 Abraham
2220 4855 2403 4925 genuit
2430 4853 2580 4909 Isaac
2615 4874 2626 4908 :
2657 4857 2804 4909 Isaac
2826 4864 3004 4908 autem
3056 4850 3240 4921 genuit
3268 4848 3434 4902 Jacob
3464 4865 3477 4901 :

1338 4968 1355 5001 ι
1398 4957 1452 5021 et
1502 4957 1717 5006 caetera.
1774 4949 1881 5006 Sed
1921 4952 2137 5022 quando
2172 4952 2362 5006 harum
2413 4968 2594 5006 rerum
2639 4953 2911 5023 propriam
2964 4947 3479 5005 demonstrationem

241 5032 673 5100 explicavimus,
744 5048 955 5109 tempus
1004 5043 1116 5111 jam
1171 5042 1331 5099 fuerit
1390 5047 1584 5101 intueri
1642 5048 1840 5118 quibus
1915 5048 2246 5117 temporibus
2284 5058 2346 5103 ca
2400 5065 2520 5120 qua:
2565 5048 2837 5119 prophctze
2895 5046 3273 5117 praedixerant,
3334 5056 3491 5095 ςοιυςι

245 5125 391 5194 picta
423 5126 550 5182 sint.

319 5305 365 5335 ’°
404 5306 535 5363 Gen.
572 5327 728 5377 xux,
764 5314 911 5368 8-l0.
992 5321 1029 5347 ²¹
1077 5317 1178 5372 lsa.
1218 5336 1301 5381 \l,
1348 5322 1426 5376 l0.
1469 5326 1511 5355 ”
1542 5322 1681 5377 Psul.
1725 5339 1821 5376 ιλιι

1931 5322 1983 5387 ξ,
2028 5323 2107 5375 17.
2186 5324 2228 5353 ¹³
2269 5322 2453 5377 Matth.
2494 5336 2539 5385 l,
2580 5324 2624 5389 l,
2658 5326 2705 5378 '2.

1843 5553 1905 5570 ρ.-
