3922 6200
291 246 393 298 569

1034 272 1037 275 ·
1123 244 1771 303 DEHONSTRATIONIS
1802 242 2258 300 EVANGELICIE
2296 245 2423 301 LIB.
2466 246 2598 302 VIII.

3407 251 3511 305 570

285 358 603 430 πολιαρχίας
654 362 948 434 ἀναίρεσιν,
977 364 1075 434 τῆς
1110 364 1368 419 πολυθέου
1402 365 1495 419 καὶ
1524 364 1832 435 δαιμονικῆς

1947 359 2053 418 Sed
2081 363 2188 417 alia
2212 371 2469 433 pmterea
2500 352 2816 419 eorumdem
2849 363 3146 432 subjiciunt
3170 366 3338 441 ‘signa
3370 371 3510 420 tem-

280 450 721 523 είδωλολατρείας
778 456 1154 528 ἀποστροφὴν,
1214 458 1503 525 ἐπίγνωσιν
1564 457 1841 522 εὐσεϐείας

280 542 402 605 ἐνὸς
445 544 537 596 τοῦ
572 546 663 598 ἐπὶ
705 547 920 600 πάντων
964 548 1297 621 δημιουργοῦ
1342 549 1496 603 Θεοῦ.
1526 550 1708 604 Ταῦτα
1748 547 1841 605 οῦν

283 635 525 699 ἅπαντα,
564 637 637 708 μὴ
689 638 814 691 ὄντα
858 640 1025 693 πάλαι
1067 641 1208 694 κατὰ
1250 644 1375 705 τοὺς
1402 642 1509 694 τῶν
1550 642 1842 713 προφητῶν

286 728 526 795 χρόνους,
573 729 665 782 ἐπὶ
705 730 804 801 τῆς
835 733 1066 802 Χριστοῦ
1111 735 1409 806 παρουσίας
1435 732 1753 803 γενήσεσθαι
1790 735 1839 787 οί

282 817 413 871 οεῖοι
456 822 693 891 χρησμοὶ
730 824 1112 896 προηγόρευον,
1146 826 1182 880 ἃ.
1215 828 1307 880 καὶ
1336 829 1454 889 ταῖς
1478 827 1840 897 προρρήσεσιν

278 906 585 971 ἀκολούθως
614 911 693 975 είς
723 912 892 984 πέρας
918 915 1132 969 ἐλθόντα
1161 918 1282 970 ὅσον
1316 916 1466 969 οὔπω
1499 918 1840 988 παραστήσε-

278 1014 391 1052 ται.
446 1001 523 1055 Τά
572 1019 636 1070 γε
673 1003 776 1075 μὴν
797 1006 942 1060 αἴτια
988 1008 1081 1061 τοῦ
1126 1009 1200 1079 μὴ
1248 1011 1532 1081 πρότερον,
1570 1008 1706 1062 ἀλλά
1744 1009 1839 1063 νῦν

280 1089 369 1140 ἐπ’
418 1088 658 1160 ἐσχάτων
708 1096 914 1168 καιρῶν
961 1100 1096 1169 μετὰ
1137 1100 1227 1177 τόν
1281 1104 1488 1173 μακρὸν
1534 1106 1628 1158 καὶ
1674 1104 1840 1159 πολὺν

281 1178 450 1232 αἰῶνα
470 1181 559 1235 τὸν
592 1186 821 1256 Χριστὸν
850 1190 1062 1261 ἐμφανῆ
1085 1192 1330 1259 γενέσθαι
1356 1194 1433 1266 τῷ
1456 1195 1572 1267 βίῳ,
1595 1198 1839 1252 λέλεκται

281 1274 382 1344 μὲν
409 1274 507 1345 ἤδη
534 1277 628 1329 καὶ
659 1279 908 1349 πρόσθεν,
942 1282 1001 1333 οὐ
1032 1282 1137 1353 μὴν
1172 1283 1304 1338 ἀλλά
1346 1287 1438 1343 καὶ
1486 1288 1579 1342 νῦν
1613 1293 1669 1343 ἐν
1709 1289 1839 1362 βρα-

276 1362 426 1433 χέσιν
458 1367 749 1437 εἰρήσεται.
780 1369 954 1433 Πολὺς
983 1366 1051 1441 ἦν
1080 1372 1246 1426 πάλαι
1300 1375 1563 1446 πρότερον
1604 1376 1698 1441 τὰς
1730 1378 1838 1431 τῶν

278 1452 575 1525 ἀνθρώπων
616 1457 791 1527 ψυχὰς
846 1461 1146 1516 ἐπισκοτῶν
1202 1465 1510 1536 ἀφροσύνης
1562 1468 1656 1520 καὶ
1714 1469 1839 1522 ἀσε-

277 1544 431 1608 ϐείας
462 1547 686 1617 αὐχμὸς,
714 1549 856 1622 δεινή
903 1569 961 1605 τε
1002 1554 1229 1626 ἀθεότης
1275 1559 1690 1629 κατακρατοῦσα
1742 1561 1835 1615 τοῦ

274 1634 477 1697 παντὸς
512 1636 808 1709 ἀνθρώπων
851 1640 987 1710 βίου,
1017 1643 1092 1707 ώς
1140 1646 1305 1715 μηδὲν
1352 1647 1459 1699 τῶν
1502 1650 1709 1720 ἀγρίων
1744 1652 1836 1705 καὶ

1942 470 2156 525 porum,
2214 456 2603 511 abundantiam
2656 457 2828 526 pacis,
2864 458 3262 526 principatunm
3298 472 3512 511 rerum-

1944 558 2048 615 que
2081 546 2439 616 publicarum,
2475 561 2596 615 quae
2633 562 2661 599 τι
2705 545 2924 599 condito
2953 560 3068 599 aevo
3113 545 3378 608 fuissent,
3410 560 3507 615 per

1944 638 2188 705 singulas
2216 646 2406 707 gentes
2424 645 2584 705 atque
2605 638 2769 691 urbes
2797 636 3099 699 interitum,
3129 651 3159 688 a
3184 636 3509 691 simulacro-

1943 744 2061 783 rum
2096 730 2266 792 cultu,
2298 745 2405 798 quo
2429 729 2610 799 plures
2648 730 2761 784 sive
2803 728 2877 782 dii
2929 730 3043 784 sive
3075 727 3348 784 darmones
3370 729 3510 785 cole-

1941 816 2158 882 bantur,
2200 820 2560 882 aversionem,
2586 820 2749 875 unius
2784 822 3026 888 supremi
3057 822 3271 891 opificis
3299 821 3392 877 Dei
3420 837 3511 877 co-

1940 908 2233 977 gnitionem
2280 923 2343 962 ac
2389 908 2814 963 venerationem.
2862 908 2985 963 Ilaec
3037 910 3200 979 igitur
3247 912 3507 968 universa

1939 1014 2169 1069 quorum
2217 1000 2352 1053 nihil
2404 999 2676 1070 quondam
2722 1001 3058 1070 temporibus
3119 1003 3504 1072 prophetarum

1938 1098 2090 1153 erat,
2127 1093 2230 1146 sub
2280 1091 2451 1160 ipsius
2484 1089 2689 1146 Christi
2746 1093 3038 1147 adventum
3097 1094 3276 1147 futura
3322 1095 3503 1149 divina

1940 1184 2155 1237 oracula
2191 1182 2580 1252 prwdicabant,
2619 1199 2740 1252 qua:
2773 1184 2933 1237 etiam
2963 1198 3085 1237 eum
3114 1184 3247 1255 ipsis
3266 1186 3505 1239 oraculis

1938 1273 2329 1328 concordantia
2357 1290 2516 1329 suum
2546 1276 2704 1330 ﬁnem
2733 1275 3000 1344 attigisse,
3036 1275 3178 1328 hami
3227 1276 3299 1329 ita
3331 1277 3505 1332 multo

1936 1371 2059 1431 post
2090 1363 2627 1419 demonstrabuntur.
2656 1364 2921 1420 Caeterum
2945 1381 3042 1417 cur
3074 1381 3181 1418 non
3208 1366 3378 1435 prius,
3408 1367 3500 1420 sed

1937 1470 2083 1509 nunc
2114 1456 2377 1510 duntaxat
2408 1457 2559 1513 hisce
2582 1458 2843 1512 extremis
2875 1459 3209 1527 temporibus
3240 1466 3361 1527 post
3395 1458 3505 1511 lon-

1936 1562 2059 1617 gum
2087 1548 2422 1618 multumque
2454 1564 2627 1603 aevum
2658 1549 2911 1603 Christus
2934 1549 3223 1602 videndum
3260 1552 3501 1620 seipsum

1937 1638 1992 1692 in
2022 1639 2129 1693 vita
2180 1641 2502 1709 praabnerit,
2565 1657 2746 1696 causa:
2793 1642 3011 1712 quidem
3068 1650 3227 1696 antea
3284 1658 3503 1713 quoque

273 1725 575 1781 ἀτιθάσσων
617 1728 816 1801 θηρίων
849 1733 1123 1805 διαφέρειν
1150 1735 1323 1790 δοκεῖν
1344 1754 1360 1771 ο
1403 1741 1538 1810 μήτε
1578 1719 1707 1811 γοῦν
1738 1743 1832 1796 πό-

1934 1728 2090 1783 dicta:
2127 1737 2274 1794 sunt,
2304 1740 2679 1786 verumtamen
2722 1732 2884 1785 etiam
2918 1747 3064 1786 nunc
3102 1734 3293 1803 paucis
3339 1741 3503 1803 atque

272 1815 401 1880 λεις,
418 1819 554 1889 μήτε
577 1820 865 1887 πολιτείας,
888 1825 1020 1895 μήτε
1042 1825 1257 1896 νόμους,
1282 1831 1420 1901 μήτε
1444 1848 1496 1883 τι
1523 1833 1717 1903 σεμνὸν
1739 1835 1832 1888 καὶ

273 1908 532 1977 βιωφελὲς
559 1912 776 1977 εἰδότες,
804 1916 939 1986 μηδὲ
963 1918 1067 1989 μὴν
1095 1921 1399 1994 ἐπιστήμας
1434 1927 1526 1979 καὶ
1554 1927 1745 1997 τέχνας
1773 1932 1831 1984 ἐν

269 2000 342 2070 νῷ
378 2001 667 2071 τιθέμενοι,
696 2005 896 2077 ἀρετῆς
927 2026 985 2062 τε
1027 2011 1124 2064 καὶ
1153 2014 1468 2085 φιλοσοφίας
1502 2020 1611 2073 οὐδ’
1639 2023 1718 2085 εἰς
1747 2024 1803 2076 ἕν

267 2108 414 2143 νοιαν
459 2094 646 2158 ἰόντες,
686 2096 873 2166 μόναις
916 2101 1003 2152 ἐπ’
1042 2102 1319 2173 ἐρημίαις,
1351 2106 1408 2159 ἓν
1454 2125 1512 2160 τε
1557 2110 1704 2181 όρεσι
1735 2115 1827 2166 καὶ

266 2182 549 2253 σπηλαίοις
599 2187 692 2240 καὶ
730 2188 941 2259 κώμαις
976 2191 1073 2256 τάς
1117 2194 1391 2266 διατριϐάς
1416 2200 1706 2268 ἐποιοῦντο,
1733 2204 1825 2276 λῃ-

265 2272 625 2346 στρικώτερον
658 2280 1017 2351 ἐπιτιθέμενοι
1046 2286 1156 2347 τοῖς
1181 2284 1554 2355 πλησιάζουσι,
1584 2272 1826 2362 πορίζον-

262 2380 352 2426 τες
396 2364 464 2417 τά
503 2367 639 2436 πρὸς
676 2368 736 2420 τὸ
782 2367 880 2441 ζῇν
921 2373 1018 2425 οὐκ
1058 2374 1278 2429 ἄλλοθεν
1303 2378 1414 2430 ἀλλ’
1440 2380 1471 2450 ἢ
1500 2382 1565 2434 ἐκ
1592 2382 1690 2452 τῆς
1717 2382 1826 2436 τῶν

263 2455 704 2528 καταδεεστέρων
742 2463 1212 2531 καταδυναστείας.
1250 2470 1407 2523 Ἀλλὰ
1446 2471 1550 2542 μὴν
1565 2474 1826 2529 ούδέΘεὺν

261 2543 353 2597 τὸν
401 2547 494 2599 ἐπὶ
539 2549 752 2603 πάντων
787 2553 1002 2623 ᾔδεσαν,
1032 2557 1152 2610 ούδέ
1190 2575 1252 2627 γε
1291 2560 1569 2626 εὐσεϐείας
1598 2563 1826 2634 ἀληθοῦς

258 2637 481 2707 τρόπον,
528 2646 781 2709 φυσικαῖς
812 2645 866 2698 δὲ
903 2648 1131 2712 ἐννοίαις
1177 2651 1602 2724 ἀνακινούμενοι,
1636 2656 1694 2708 τὸ
1726 2657 1825 2726 μὲν

261 2730 527 2801 ὑπάρχειν
570 2736 625 2786 ἐν
665 2738 777 2798 τοῖς
805 2735 922 2791 οὖσι
970 2739 1116 2793 θείαν
1143 2742 1263 2795 τινὰ
1304 2744 1527 2816 δύναμιν
1570 2748 1663 2800 καὶ
1694 2747 1824 2801 Θεὸν

259 2816 420 2888 εἶναι,
451 2827 542 2878 καὶ
566 2826 940 2898 ὀνομάζεσθαι,
974 2833 1235 2904 σωτήριόν
1260 2852 1319 2888 τε
1353 2838 1446 2890 καὶ
1474 2839 1823 2911 εύεργετικὴν

256 2916 543 2985 τυγχάνειν
598 2918 697 2991 τὴν
765 2923 1131 2993 προσηγορίαν
1192 2928 1447 2997 αὐτοφυεῖ
1510 2930 1823 3003 διδασκαλία

258 3009 694 3078 συνωμολόγουν·
723 3012 785 3065 τὸ
821 3014 876 3067 δὲ
912 3014 984 3085 μὴ
1019 3015 1145 3068 ἄλλο
1179 3034 1232 3070 τι
1255 3020 1493 3089 νομίζειν
1519 3022 1549 3092 ἢ
1576 3023 1664 3075 τὸν
1692 3023 1816 3075 ἐπέ-

256 3117 410 3152 κεινα
440 3101 656 3174 ἀπάσης
689 3103 787 3173 τῆς
815 3105 1094 3175 ὁρωμένης
1125 3108 1330 3173 οὐσίας,
1371 3112 1469 3164 οὐκ
1506 3111 1581 3164 ἔθ’
1615 3107 1714 3165 οἷοί
1757 3130 1816 3165 τε

253 3187 394 3260 ἦσαν
426 3193 798 3263 ἀποδέχεσθαι.
823 3198 1019 3269 Διόπερ
1055 3218 1072 3251 ι
1101 3202 1151 3253 οί
1187 3202 1282 3271 μὲν
1313 3203 1492 3255 αὐτῶν
1515 3203 1813 3277 ἐσεϐάσθη-

256 3298 375 3341 σαν,
407 3285 501 3336 καὶ
545 3284 873 3356 ἐλάτρευσαν
912 3291 977 3359 τῇ
1012 3294 1182 3343 κτίσει
1225 3293 1373 3363 παρά
1404 3293 1494 3345 τὸν
1521 3294 1775 3348 κτίσαντα
1795 3311 1812 3327 ν

252 3376 300 3426 οἱ
333 3375 390 3427 δὲ
428 3375 845 3447 ἐματαιώθησαν
875 3381 932 3432 ἐν
965 3383 1076 3444 τοῖς
1106 3381 1469 3453 διαλογισμοῖς
1495 3386 1691 3449 αὐτῶν,
1722 3389 1816 3440 καὶ

251 3468 601 3541 ἐσκοτίσθηὴ
649 3468 901 3533 ἀσύνετος
944 3473 1121 3527 αὐτῶν
1152 3474 1368 3546 καρδία,
1418 3476 1493 3540 ώς
1533 3478 1814 3544 ἐναλλάξαι

249 3553 351 3633 τὴν
374 3561 534 3625 δόξαν
561 3562 655 3615 τοῦ
689 3564 962 3635 ἀφθάρτου
1007 3566 1140 3619 Θεοῦ
1172 3568 1229 3619 ἐν
1260 3566 1560 3638 ὁμοιώματι
1610 3571 1816 3635 εἰκόνος

252 3651 492 3723 φθαρτοῦ
543 3652 849 3723 ἀνθρώπου,
890 3657 983 3710 καὶ
1025 3657 1283 3710 πετεινῶν
1321 3658 1413 3711 καὶ
1443 3661 1806 3731 τετραπόδων,

249 3742 345 3795 καὶ
373 3744 636 3813 ἑρπετῶν.
669 3764 688 3796 ι
722 3746 947 3818 Νεκρῶν
966 3748 1023 3801 δέ
1050 3744 1142 3801 οὖν
1167 3749 1274 3803 οἵδε
1312 3736 1516 3822 ἀνδρῶν
1540 3751 1812 3805 δυναστῶν

245 3849 430 3896 τινων,
477 3833 511 3902 ἢ
568 3834 657 3888 καὶ
708 3838 984 3907 τυράννων
1028 3838 1194 3891 πάλαι
1244 3839 1549 3908 γενομένων
1598 3842 1811 3904 εἰκόνας

246 3922 842 3994 ἀνειδωλοποιήσαντες,
881 3928 974 3980 καλ⁵
1006 3927 1230 3991 ταύταις
1253 3928 1313 3981 τὸ
1343 3928 1483 3981 θεῖον
1513 3930 1812 4000 περιάψαν-

242 4030 336 4077 τες
368 4015 552 4077 σέϐας,
585 4016 681 4080 τάς
710 4034 770 4070 τε
809 4019 1069 4082 ἐκτόπους
1096 4020 1189 4073 καὶ
1221 4020 1548 4083 ἀκολάστους
1576 4021 1683 4073 τῶν
1716 4022 1811 4073 αύ-

239 4106 352 4160 τῶν
386 4107 632 4178 πράξεις,
660 4109 734 4172 ώς
759 4109 894 4163 θεῶν
923 4112 1315 4183 κατορθώματα
1354 4113 1636 4183 σεμνύνειν
1665 4114 1810 4166 ἐθεο-

241 4200 503 4269 λόγησαν.
540 4200 663 4265 Πῶς
689 4198 779 4255 οὖν
814 4206 924 4265 τοῖς
960 4204 1312 4274 τυγχάνουσιν
1345 4206 1402 4257 ἐν
1433 4206 1657 4280 τοιαύτῃ
1694 4207 1806 4277 βίου

240 4293 574 4345 καταστάσει
610 4296 637 4346 ό
670 4295 937 4363 πάνσοφος
968 4297 1060 4349 καὶ
1090 4295 1386 4367 πανάρετος
1430 4296 1522 4350 τοῦ
1570 4296 1803 4368 Χριστοῦ

1931 1824 1985 1876 in
2032 1837 2240 1876 summa
2284 1831 2616 1894 repetentur.
2653 1823 2788 1877 Cum
2821 1823 3022 1879 multus
3051 1832 3195 1879 esset
3226 1827 3500 1893 quondam

1930 1912 2022 1982 qui
2072 1913 2339 1970 humanas
2392 1915 2602 1970 animas
2661 1914 3046 1970 obtenebraret
3106 1917 3402 1987 impietatis
3446 1926 3500 1973 et

1930 2006 2176 2059 amentia:
2199 2006 2419 2074 squalor
2445 2045 2458 2067 ,
2491 2014 2544 2060 et
2570 2007 2751 2074 gravis
2768 2008 3011 2076 quaJdam
3045 2023 3073 2060 a
3103 2007 3209 2063 Deo
3241 2009 3499 2064 alienatio

1929 2108 2141 2148 omnem
2168 2095 2330 2146 vitam
2362 2095 2643 2148 hominum
2690 2096 2998 2166 sul-egisset
3028 2109 3191 2165 atque
3232 2113 3500 2168 occupas-

1931 2193 2031 2244 set,
2066 2184 2201 2240 adeo
2232 2196 2290 2238 ut
2320 2187 2388 2241 ab
2421 2187 2729 2257 agrestibus
2764 2196 2818 2241 et
2862 2188 3161 2243 immitibus
3191 2189 3320 2243 feris
3360 2192 3497 2245 nihil

1930 2274 2144 2330 dillerre
2176 2277 2420 2331 homines
2474 2277 2817 2341 viderentur,
2849 2287 2960 2331 tum
2997 2280 3071 2331 illi
3101 2296 3276 2349 neque
3310 2282 3500 2336 civita-

1926 2377 2026 2430 tes,
2044 2384 2216 2437 neque
2240 2369 2596 2437 respublicas,
2618 2386 2793 2439 neque
2819 2372 2980 2437 leges,
3007 2386 3182 2440 neque
3207 2372 3495 2427 honestum

1925 2459 2217 2528 quidquam
2253 2468 2345 2511 aut
2389 2460 2511 2513 vita:
2564 2461 2909 2514 conducibile
2964 2472 3261 2526 neverant,
3322 2479 3498 2535 neque

1924 2565 2052 2603 vero
2083 2550 2341 2605 scientias
2378 2551 2515 2605 ullas
2540 2560 2630 2604 aut
2653 2564 2799 2605 artes
2833 2552 3014 2604 animo
3044 2554 3499 2623 complecteban—

1924 2648 2032 2706 tur,
2064 2640 2280 2696 virtutis
2299 2648 2477 2694 autem
2499 2656 2561 2693 ac
2594 2640 2957 2708 philosophia:
2983 2655 3050 2693 ne
3080 2644 3355 2696 minimam
3371 2643 3497 2712 qui-

1924 2730 2042 2785 dem
2074 2732 2349 2786 notionem
2383 2732 2661 2794 tenebant,
2687 2730 2782 2787 sed
2818 2731 2870 2784 in
2910 2731 3042 2786 solis
3075 2731 3309 2788 desertis
3334 2734 3492 2798 locis,

1924 2823 1978 2874 in
2016 2822 2291 2877 montibus
2322 2837 2383 2875 ac
2413 2823 2690 2891 speluncis
2735 2833 2788 2877 et
2830 2824 2968 2877 vicis
3024 2824 3283 2893 degentes
3308 2841 3493 2881 versa-

1924 2911 2141 2976 bantur,
2161 2920 2213 2966 et
2231 2914 2501 2965 latronum
2535 2914 2709 2966 instar
2736 2928 2832 2966 eos
2857 2913 2946 2981 qui
2983 2914 3208 2983 propius
3235 2920 3494 2970 accessis-

1922 3010 2041 3057 sent
2076 3003 2405 3058 invadebant
2443 3044 2458 3068 ,
2495 3020 2592 3059 nec
2639 3005 2857 3059 aliunde
2911 3006 3013 3060 sibi
3052 3008 3249 3061 victum
3280 3025 3488 3078 qumre-

1843 3059 1882 3114 C
1918 3094 2067 3156 bant,
2102 3109 2266 3163 quam
2307 3110 2372 3149 ex
2404 3111 2593 3148 eormn
2648 3096 3002 3164 oppressione
3050 3112 3189 3166 quos
3238 3098 3485 3153 imbecil-

1914 3186 2077 3241 liores
2108 3188 2247 3241 nacti
2284 3195 2468 3242 essent
2497 3207 2508 3241 :
2564 3188 2725 3241 iidem
2769 3204 2933 3258 porro
2965 3206 3140 3259 neque
3171 3207 3484 3261 supremum

1915 3276 2103 3344 Deum,
2136 3295 2312 3349 neque
2343 3280 2512 3333 ullum
2580 3282 2860 3352 religionis
2897 3299 3041 3337 vera:
3073 3284 3294 3338 modum
3319 3303 3489 3343 nove-

1915 3379 2054 3432 rant,
2085 3370 2180 3425 sed
2211 3371 2342 3425 solis
2385 3371 2713 3440 quibusdam
2768 3374 3110 3429 naturalibus
3164 3376 3485 3432 notionibns

1911 3460 2177 3524 instincti,
2213 3461 2478 3516 exsistere
2511 3461 2730 3531 quidem
2764 3462 2927 3534 364
2960 3464 3011 3516 in
3052 3465 3214 3520 rebus
3249 3465 3485 3520 divinam

1911 3552 2179 3622 quandam
2211 3554 2338 3615 vim,
2375 3551 2652 3621 Deumque
2697 3569 2818 3607 esse
2866 3570 2927 3607 ac
2959 3558 3252 3620 nominari,
3284 3566 3338 3611 et
3366 3573 3484 3611 eam

1912 3644 2202 3698 salutarem
2234 3657 2297 3697 ac
2318 3643 2616 3730 beneﬁcam
2662 3645 2867 3699 sentire
2916 3647 3353 3715 appellationem,
3386 3664 3485 3703 na-

1911 3736 2072 3789 turali
2125 3734 2361 3805 quadam
2424 3735 2676 3789 doctrina
2717 3737 3067 3801 fatebantur;
3124 3747 3183 3791 ut
3214 3755 3343 3794 vero
3375 3756 3483 3793 non

1910 3826 2055 3881 aliud
2086 3826 2382 3897 quidquam
2413 3836 2683 3895 putarent,
2720 3842 2881 3898 quam
2906 3844 3027 3882 emn
3061 3832 3154 3897 qui
3182 3839 3265 3884 est
3316 3847 3480 3900 supra

1908 3932 2122 3971 omnem
2153 3933 2273 3987 qum
2295 3918 2539 3971 cernitur
2569 3927 2843 3980 naturam,
2886 3934 3229 3989 nequaquam
3283 3921 3479 3977 adduci

1908 4018 2176 4081 poterant.
2208 4009 2439 4065 Proinde
2466 4028 2484 4061 ι
2527 4013 2770 4065 nonnulli
2798 4012 3015 4081 quidem
3048 4028 3239 4067 eorum
3266 4016 3476 4069 cultum

1909 4119 2065 4158 suum
2088 4104 2410 4163 tribuerunt,
2433 4117 2494 4156 ac
2512 4104 2819 4157 servierunt
2833 4112 3095 4158 creaturae
3113 4106 3294 4174 potius
3311 4120 3477 4176 quam

1906 4193 2193 4247 Creatori:
2229 4193 2322 4245 alii
2381 4208 2508 4246 vero
2551 4199 2894 4245 evanuerunt
2943 4193 2997 4245 in
3048 4194 3480 4262 cogitationibus

1908 4285 2043 4347 suis,
2083 4293 2137 4339 et
2160 4284 2512 4338 obscuratum
2544 4294 2628 4338 est
2661 4284 2927 4353 insipiens
2954 4298 3051 4336 cor
3102 4300 3312 4348 eorum,
3341 4284 3481 4340 adeo

240 4381 397 4450 λόγος
438 4383 535 4453 τὴν
580 4386 660 4447 είς
697 4385 863 4455 ἄκρον
905 4385 1290 4454 καταγγέλλων
1325 4386 1659 4455 φιλοσοφίαν,
1695 4391 1805 4452 τοῖς

1920 4377 2122 4446 quidem
2155 4384 2213 4430 ut
2247 4376 2578 4429 mutaverint
2616 4375 2846 4445 gloriam
2876 4376 3475 4445 incorruptibilis.Dei,

238 4488 298 4523 τε
328 4476 385 4524 ἐν
414 4474 650 4545 τοσούτῳ
683 4474 833 4543 βάθει
869 4476 1065 4540 κακίας
1112 4477 1544 4548 καλινδουμένοις
1583 4479 1802 4534 δύναται

238 4564 562 4635 ἀρμὸττεινς
591 4567 669 4619 διὸ
691 4567 753 4638 δὴ
782 4568 1017 4632 ἐκείνους
1043 4572 1075 4639 ἠ
1100 4568 1216 4622 θεία
1247 4570 1340 4623 καὶ
1367 4572 1578 4625 πάντων
1611 4572 1801 4643 ἔφορος

232 4654 379 4725 δίκη,
397 4655 470 4718 ὡς
506 4657 700 4727 ἀγρίαν
730 4659 819 4710 καὶ
851 4657 1263 4729 βλαϐερωτάτην
1289 4659 1420 4730 ὓλην
1447 4660 1803 4731 περικόπτου-

236 4765 327 4805 σα,
379 4748 499 4800 τοτὲ
551 4749 648 4817 μὲν
700 4750 1119 4819 κατακλυσμοῖς,
1166 4752 1284 4804 τοτὲ
1327 4751 1383 4804 δὲ
1430 4752 1800 4824 πυρπολήσεσι

237 4837 458 4907 μετῄει·
492 4840 609 4892 τοτὲ
648 4838 703 4890 δὲ
741 4840 935 4903 αὐτοὺς
966 4844 1074 4903 τοῖς
1099 4843 1217 4893 κατ’
1246 4841 1489 4912 ἀλλήλων
1525 4842 1798 4913 πολέμοις,

229 4930 642 5001 ἀνδροκτασίαις
665 4948 721 4982 τε
752 4933 845 4983 καὶ
876 4932 1204 5003 πολιορκίαις
1236 4933 1320 4984 ἐπ’
1346 4933 1606 5004 ἀλλήλους
1628 4950 1798 5004 παρε-

228 5020 398 5085 δίδου,
427 5020 561 5091 πρὸς
596 5022 775 5073 αὐτῶν
792 5022 899 5074 τῶν
932 5024 1216 5093 δαιμόνων,
1241 5022 1348 5075 τῶν
1367 5023 1430 5094 δὴ
1458 5024 1594 5078 θεῶν
1621 5026 1800 5087 αὐτοῖς

228 5112 653 5180 νενομισμένων,
691 5113 782 5165 ἐπὶ
824 5114 915 5165 τὸν
963 5115 1081 5167 κατ’
1106 5115 1346 5185 ἀλλήλων
1380 5115 1611 5187 πόλεμον
1656 5116 1796 5181 ἐξοι-

228 5202 590 5271 στρουμένους
613 5220 626 5233 ο
658 5203 796 5256 ὥστε
818 5204 1011 5258 ἄϐατον
1045 5202 1178 5259 εἶναι
1224 5212 1333 5272 τοῖς
1379 5207 1792 5279 πλησιοχώροις,

223 5291 583 5360 ἀνεπίμικτον
606 5311 662 5346 τε
690 5295 784 5347 καί⁵
810 5296 1165 5367 ἀκοινώνητον
1193 5299 1283 5351 τὸν
1310 5299 1430 5351 τότε
1458 5299 1565 5351 τῶν
1588 5298 1795 5371 ἀνθρώ-

222 5396 347 5433 πων
381 5378 515 5451 βίον.
544 5382 770 5453 Βραχείς
803 5384 857 5436 δέ
891 5403 1059 5449 τινας,
1081 5387 1154 5451 ὼς
1188 5391 1245 5441 ἐν
1282 5388 1503 5461 τοιαύτῃ
1533 5389 1795 5442 καταστά-

224 5488 332 5537 σει,
391 5474 484 5527 καὶ
535 5474 749 5546 ἀριθμῴ
802 5476 1057 5547 ληπτοὺς,
1093 5472 1168 5534 ὧν
1222 5482 1289 5535 τὰ
1334 5483 1464 5551 παρ’
1524 5480 1792 5551 Ἑϐραίοις

295 5648 344 5680 ³⁸
386 5646 546 5705 Rom.
584 5667 636 5717 t,
673 5651 778 5720 27$,
814 5654 875 5709 Si
911 5653 1001 5711 25.

1908 4470 1961 4522 in
1988 4467 2401 4523 similitudinem
2439 4468 2691 4536 imaginis
2722 4468 3099 4537 corruptibilis
3135 4468 3394 4533 hominis,
3422 4478 3478 4525 et

1905 4559 2209 4622 volucrum,
2230 4566 2283 4610 et
2302 4557 2738 4627 quadrupedum,
2762 4565 2814 4612 et
2833 4559 3191 4627 serpentium’
3210 4580 3236 4613 -.
3255 4579 3271 4611 ι
3292 4559 3478 4630 Itaque

1906 4660 2246 4705 mortuorum
2293 4652 2539 4704 virorum
2592 4653 2951 4721 quorumdam
2998 4657 3338 4722 potentium,
3382 4664 3476 4709 aut

1905 4743 2065 4796 etiam
2085 4750 2438 4813 tyrannorum
2467 4745 2559 4811 qui
2586 4745 2887 4813 antiquitus
2915 4745 3165 4807 fuissent,
3188 4761 3309 4798 eum
3338 4745 3474 4798 ima—

1905 4834 2059 4903 gines
2092 4850 2188 4903 pro
2220 4835 2532 4888 simulacris
2592 4836 2898 4889 crevissent
2928 4874 2941 4898 ,
2983 4836 3175 4903 hisque
3228 4834 3471 4887 diviumn

1906 4926 2223 4980 tribuissent
2251 4926 2478 4989 cultum,
2514 4934 2627 4979 tum
2664 4926 2927 4981 delormia
2989 4935 3149 4995 atque
3199 4924 3468 4994 impudica

1905 5019 2218 5074 eornmdem
2275 5017 2415 5071 facta
2465 5019 2620 5088 quasi
2674 5019 2897 5072 deorum
2931 5025 3081 5084 gesta
3107 5017 3468 5085 pulcherrima

1904 5113 2171 5174 venerari,
2190 5112 2509 5182 theologicis
2525 5110 2851 5181 quibusdam
2872 5109 3066 5162 ritibus
3092 5109 3466 5161 instituerunt.

1903 5202 2004 5269 Qui
2042 5203 2205 5272 igitur
2240 5202 2353 5257 ﬁeri
2408 5205 2676 5273 potuisset
2710 5211 2767 5257 ut
2820 5203 2871 5256 in
2907 5203 2998 5255 tali
3034 5210 3178 5255 statu
3216 5203 3338 5255 vita:
3374 5201 3468 5255 de-

1898 5295 2171 5366 gentibus,
2208 5304 2370 5365 atque
2398 5296 2449 5348 in
2478 5305 2623 5349 tanta
2679 5294 3049 5364 profunditatc
3090 5295 3310 5348 malitia:
3344 5309 3466 5348 ver-

1899 5388 2168 5451 santibus,
2202 5389 2663 5457 sapientissimum
2692 5396 2855 5458 atque
2890 5402 3106 5441 omnem
3130 5388 3383 5440 virtutem
3409 5386 3464 5441 in

1899 5494 1957 5534 se
1979 5483 2263 5535 continens
2291 5479 2496 5535 Christi
2527 5478 2785 5543 Verbum,
2810 5479 2937 5535 dum
2972 5494 3241 5536 summam
3276 5479 3456 5551 perte-
