3868 6196
503 271 600 328 ετι
1184 264 1452 318 ιιδιιιιι
1484 262 1957 318 ΕᾸῘΞᾹΠΙΕΝΞῙΞ
1995 243 2076 318 ορ

2185 255 2366 318 PARS
2401 259 2466 315 ll.
2483 289 2556 304 -—
2591 257 3084 317 APOLOGETICA.
3657 261 3738 315 57

501 393 760 458 ctamque
789 387 1005 441 nuntiat
1057 383 1480 454 philosophiam,
1520 383 2026 439 accommodaretur
2057 385 2076 438 ἲ

2186 382 2511 454 μνημονεύει
2561 381 2736 450 λόγια,
2792 381 3056 451 θεοφιλεῖς
3103 379 3364 451 εὑροῦσα,
3411 379 3613 446 τούτοις
3669 383 3737 435 δι.

503 478 849 549 Quapmpter
876 478 995 530 illos
1031 477 1218 531 divina
1273 477 1562 546 omniaque
1614 491 1814 531 curans
1837 475 2073 545 justitia,

503 571 665 640 quasi
697 577 968 640 agrestem
999 575 1052 621 et
1079 569 1526 622 nocentissimam
1563 566 1756 621 silvam
1788 567 2076 624 attondens

504 669 668 732 atque
697 669 1012 729 amputans,
1033 674 1180 712 nunc
1209 659 1428 728 quidem
1450 659 1694 721 diluviis,
1731 673 1877 712 nunc
1895 666 2074 713 autem

503 750 770 806 incendiis
793 751 1093 820 castigabat
1119 769 1132 805 :
1169 749 1439 804 interdum
1471 766 1600 806 vero
1618 749 1839 805 eosdem
1871 750 2077 806 mutuis

504 843 663 899 bellis
706 850 762 897 et
812 843 1055 898 aedibus
1087 852 1140 898 et
1173 842 1557 899 obsidionibus
1604 843 1844 899 assiduis
1894 843 2080 898 trade-

505 936 616 999 bat,
661 936 864 1006 quippe
905 952 1044 1005 quos
1074 937 1176 1005 ipsi
1212 936 1506 998 daemones,
1547 937 1688 1005 ipsi,
1719 937 1964 1006 inquam,
1999 937 2077 990 illi

503 1043 642 1098 quos
667 1028 798 1083 deos
829 1045 959 1083 suos
988 1029 1307 1092 censebant,
1336 1029 1388 1082 in
1409 1029 1624 1083 furores
1650 1029 1937 1092 bellorum,
1957 1028 2080 1098 qui-

507 1123 607 1174 bus
639 1126 830 1174 contra
869 1135 928 1175 se
962 1119 1193 1174 invicem
1230 1126 1630 1186 grassarentur,
1657 1118 2075 1176 inflammarent.

505 1209 585 1265 Ex
631 1224 742 1280 quo
790 1209 952 1263 fiebat
1004 1218 1063 1263 ut
1096 1211 1275 1264 nullos
1306 1210 1446 1264 inter
1488 1225 1548 1264 se
1600 1209 1781 1264 aditus
1817 1209 2079 1265 haberent

506 1302 746 1366 ﬁnitimi,
798 1301 892 1356 sed
925 1302 1263 1372 impermista
1300 1301 1943 1371 incommunicabilisque
1977 1301 2079 1355 ho-

505 1403 712 1456 minum
747 1409 900 1458 esset
935 1403 1046 1458 illis
1085 1403 1425 1472 temporibus
1467 1403 1597 1456 vita.
1632 1401 1843 1458 Paucos
1896 1412 2077 1459 autem

505 1491 793 1560 quosdam,
830 1499 889 1545 ut
927 1493 982 1545 in
1012 1492 1281 1561 ejusmodi
1318 1499 1485 1554 statu,
1538 1499 1592 1545 et
1637 1491 1792 1546 facile
1824 1505 2069 1545 numera-

506 1583 916 1652 biles,quorum
967 1598 1123 1638 sacra
1156 1582 1300 1652 apud
1327 1583 1581 1638 Hebraeos
1628 1585 1850 1637 oracula
1883 1582 2076 1636 memi-

504 1679 723 1736 nerunt,
741 1671 834 1726 Dei
855 1673 1133 1727 studiosos
1168 1674 1484 1742 amicosque
1516 1682 1697 1740 nacta,
1727 1674 1828 1728 hos
1860 1675 2008 1743 ipsos
2025 1679 2078 1726 et

2177 473 2440 546 χρησμῶν
2486 473 2580 526 καὶ
2625 471 2904 544 θειοτέρας
2934 471 3252 538 ἐπιφανείας
3297 469 3514 540 ὡμίλει,
3553 471 3738 536 δεξιον

2183 567 2318 637 μένη
2352 567 2476 630 τοὺς
2516 565 2712 637 ἄνδρας
2733 565 2826 618 καὶ
2850 563 3221 635 θεραπεύουσα
3246 562 3430 634 νόμοις
3460 568 3572 628 τοὶς
3603 583 3739 636 παρη

2178 658 2458 721 Μωῦσέως
2488 659 2868 726 είσαγωγικοϊς
2898 656 2991 708 καὶ
3022 654 3358 724 βιωφελέσιν.
3393 654 3531 708 Ἀλλ’
3556 657 3650 709 ὅτε
3699 657 3740 708 δ

2179 750 2243 801 ἐκ
2296 750 2394 819 τῆς
2451 748 2660 812 τούτοις
2707 747 3054 818 διαταγείσης
3103 746 3421 816 νομοθεσίας
3452 747 3514 800 ἐκ
3553 766 3611 802 τε
3649 748 3739 802 τῶ

2182 841 2317 911 μετὰ
2349 840 2522 894 ταῦτα
2555 839 2903 912 προφητικῶν
2939 837 3279 909 μαθημάτων
3309 841 3390 902 είς
3420 839 3632 902 πάντας
3669 840 3742 892 ἀν

2179 931 2426 1004 θρώπους
2474 931 2700 995 εὐωδίας
2747 931 2904 1000 δίκην
2963 929 3365 1000 προχεομένων,
3401 928 3502 1000 ἠδη
3562 927 3740 980 λοι,τὼ

2179 1022 2430 1092 ἡμέρωτο
2459 1021 2563 1074 τῶν
2587 1020 2794 1074 πολλῶν
2825 1021 2892 1073 τὰ
2925 1020 3267 1090 φρονήματα,
3297 1022 3410 1082 τοῖς
3444 1036 3498 1072 τε
3534 1019 3742 1072 πολλοῖ

2177 1115 2353 1167 ἔθνεσι
2396 1115 2658 1168 πολιτεῖαι
2701 1115 2792 1166 καὶ
2825 1111 3136 1184 νομοθεσίαι
3184 1113 3518 1178 συνίσταντο,
3545 1112 3740 1182 ἀρετ-ἦ

2178 1223 2236 1258 τε
2284 1207 2376 1259 καὶ
2409 1207 2720 1275 φιλοσοφίας
2763 1205 2933 1276 ὄνομα
2980 1202 3129 1274 παρὰ
3159 1208 3270 1268 τοῖς
3295 1205 3507 1268 πολλοῖς
3533 1205 3744 1259 ἐϐοᾶτο

2177 1297 2252 1360 ὡς
2275 1297 2339 1351 ἂν
2377 1298 2729 1368 πεπαυμένης
2769 1298 2866 1367 τῆς
2903 1296 3136 1360 παλαιᾶς
3183 1296 3491 1368 θηριωδίας,
3531 1313 3744 1367 μετατι

2179 1390 2412 1461 θεμένης
2455 1389 2512 1442 δὲ
2549 1391 2648 1460 τῆς
2683 1388 2879 1459 ἀγρίας
2918 1389 3010 1441 καὶ
3043 1388 3282 1459 ἀπηνοῦς
3311 1388 3522 1458 διαίτης
3548 1389 3661 1440 ἐπὶ
3709 1406 3745 1441 τι

2179 1482 2498 1551 πραότερον,
2523 1481 2685 1544 αὐτὸς
2716 1480 2813 1551 ἤδη
2854 1480 3037 1533 λοιπὸν
3068 1479 3207 1533 κατὰ
3251 1479 3440 1552 καιρὸν
3469 1480 3561 1533 τὸν
3583 1498 3745 1551 προσ

2177 1576 2376 1646 ήκοντα
2416 1575 2444 1626 ὁ
2485 1573 2592 1626 τῶν
2623 1573 2840 1626 τελείων
2868 1591 2927 1626 τε
2950 1575 3041 1626 καὶ
3066 1573 3326 1644 οὐρανίων
3357 1573 3666 1642 δογμάτων
3709 1591 3745 1625 τη

2178 1666 2270 1719 καὶ
2303 1665 2635 1736 μαθημάτων
2669 1665 2871 1729 τέλειος
2918 1665 3012 1718 καὶ
3059 1665 3304 1735 οὐράνιος
3342 1664 3708 1727 διδάσκαλος,
3742 1685 3748 1710 ι

504 1763 787 1831 responsis
818 1764 1222 1834 alloquebatur,
1251 1771 1306 1819 et
1336 1765 1402 1818 ad
1437 1764 1655 1821 divinas
1687 1766 1928 1820 visiones
1975 1764 2071 1817 ad-

2178 1758 2272 1828 τῆς
2303 1756 2535 1827 ἀληθοῦς
2577 1757 2904 1825 θεογνωσίας
2952 1758 3306 1826 εἰσαγωγεὺς,
3340 1760 3367 1810 ὁ
3403 1757 3536 1820 Θεὸς
3579 1757 3748 1822 Λόγος

503 1861 774 1924 mittebat,
807 1863 1140 1933 eosdemque
1191 1863 1407 1918 interim
1438 1865 1596 1934 quasi
1629 1879 1796 1918 manu
1851 1873 2078 1933 captans

503 1955 753 2017 curabat,
785 1965 838 2009 et
873 1955 1104 2026 legibus,
1149 1971 1287 2026 quas
1329 1955 1506 2011 Moses
1561 1957 1775 2019 fixerat,
1821 1957 2079 2010 cultiores

503 2046 783 2101 reddebat.
811 2045 914 2103 Sed
942 2049 1030 2102 ubi
1052 2048 1166 2118 jam
1191 2063 1257 2103 ex
1291 2050 1500 2119 legibus
1517 2065 1637 2118 quae
1658 2049 1741 2102 his
1771 2049 1904 2116 ipsis
1941 2047 2078 2101 data:

502 2137 742 2205 fuerant,
787 2146 952 2209 atque
984 2156 1048 2194 ex
1082 2141 1420 2210 propheticis
1474 2140 1701 2210 posthac
1748 2138 2076 2209 disciplinis,

501 2233 557 2286 in
583 2247 772 2287 omnes
802 2232 1053 2287 homines
1087 2233 1398 2302 fragrantia:
1432 2233 1717 2302 cujusdam
1753 2233 1927 2286 instar
1948 2245 2076 2300 pro-

433 2331 436 2334 ’
503 2325 660 2388 fusis.
684 2326 825 2397 quod
852 2333 1157 2396 supererat,
1182 2326 1473 2381 multorum
1491 2326 1656 2380 animi
1684 2325 2080 2379 mansuetiores

501 2441 809 2496 evaserant,
828 2431 988 2502 365
1009 2433 1301 2501 multisque
1323 2432 1572 2500 gentibus
1595 2439 1645 2486 et
1663 2431 1851 2485 civiles
1873 2445 2074 2493 mores,

501 2533 554 2576 et
599 2523 773 2592 legum
823 2523 1198 2578 institutiones
1255 2524 1624 2586 constabant,
1658 2523 1984 2592 virtutisque
2013 2535 2079 2577 ac

502 2614 861 2683 philosophia:
888 2629 1088 2669 nomen
1119 2614 1264 2689 apud
1301 2614 1500 2668 multos
1529 2613 1873 2680 audiebatur,
1909 2613 2073 2682 quasi

500 2705 679 2773 prisca
714 2706 802 2758 illa
858 2704 1072 2758 feritate
1094 2705 1398 2766 desinente,
1429 2713 1483 2758 et
1515 2703 1714 2773 agresti
1745 2703 2078 2774 immanique

501 2797 648 2849 victu
713 2796 766 2850 in
821 2796 1090 2849 mitiorem
1117 2796 1228 2864 jam
1275 2802 1630 2856 commutato,
1665 2795 1782 2864 ipse
1809 2796 1919 2864 jam
1964 2805 2075 2850 tum

503 2887 766 2956 temporis
797 2889 1259 2956 opportunitatem
1292 2898 1504 2951 nactus,
1543 2889 1656 2959 ipse
1691 2888 1913 2958 inquam
1963 2905 2080 2960 per-

502 2977 768 3033 fectorum
795 2979 1210 3049 etelestiumque
1240 2980 1613 3035 institutorum
1638 2981 2078 3051 disciplinarum-

502 3086 608 3140 que
637 3069 909 3140 perfectus
926 3071 1272 3142 cmlestisque
1290 3072 1564 3142 magister,
1591 3088 1831 3142 vei-:eque
1855 3072 1944 3127 Dei
1967 3090 2077 3127 no—

502 3164 636 3217 titiae
691 3161 1033 3218 intrnductor
1069 3161 1211 3218 Deus
1245 3162 1484 3218 Verbum
1518 3164 1756 3234 seipsum
1801 3165 2071 3228 exhibuit,

502 3255 571 3309 ad
618 3255 996 3325 prmscriptum
1049 3256 1300 3311 humana:
1330 3271 1360 3310 a
1395 3272 1454 3311 se
1479 3258 1821 3312 assumendm
1870 3266 2076 3313 naturae

501 3365 736 3427 tempus.
768 3372 1039 3427 unamque
1094 3357 1347 3427 gentibus
1404 3357 1676 3412 universis
1713 3367 1820 3410 tam
1875 3357 2076 3414 Graacis

501 3440 964 3518 quam'barbaris,
999 3451 1148 3504 omni
1181 3450 1368 3520 utique
1401 3451 1642 3505 humano
1671 3451 1878 3520 generi,
1899 3451 2076 3505 Patris

501 3539 588 3593 sui
618 3540 960 3594 clementiam
988 3541 1350 3611 pietatemque
1383 3541 1642 3596 nuntiare
1666 3550 1780 3594 tum
1810 3541 1998 3610 empit.
2023 3549 2076 3594 et

501 3635 570 3688 ad
601 3648 762 3687 unam
791 3641 1021 3688 cunctos
1056 3633 1304 3688 homines
1356 3633 1410 3688 in
1444 3632 1554 3688 Deo
1583 3633 1862 3686 adhortari
1913 3632 2078 3687 salu-

501 3733 633 3788 tem,
667 3725 948 3794 ipsamque
981 3724 1260 3778 veritatem
1294 3719 2073 3793 vermque'religionislumen,

502 3836 603 3874 nec
634 3835 742 3874 non
775 3821 997 3875 caeleste
1059 3833 1288 3888 regnum
1319 3831 1381 3869 ac
1414 3816 1760 3884 sempiterna:
1793 3814 1915 3868 vitae
1950 3830 2075 3884 prn-

504 3909 842 3972 missionem,
865 3908 1122 3963 omnibus
1147 3908 1260 3978 ipse
1288 3906 1437 3976 prior
1467 3903 1738 3975 spondere
1767 3917 1830 3958 ac
1861 3918 2075 3972 parare.

506 3999 780 4056 Hactenus
836 4001 1002 4070 igitur
1057 3999 1172 4054 haec
1229 3999 1374 4052 dit-ta
1434 3997 1544 4052 sint
1595 3997 1663 4051 de
1721 3996 2074 4064 temporibus,

504 4117 665 4170 quam
726 4102 912 4172 utique
941 4103 1012 4156 ob
1041 4116 1262 4155 causam
1305 4117 1418 4155 non
1460 4101 1572 4170 jam
1621 4099 1714 4154 diu
1741 4141 1756 4164 ,
1801 4100 1897 4156 scd
1930 4117 2076 4155 nunc

505 4200 744 4263 demum,
780 4202 1035 4256 Christus
1073 4200 1164 4254 Dei
1194 4201 1248 4254 in
1279 4216 1471 4254 omnes
1519 4200 1770 4255 homines
1802 4216 1962 4254 suum
1991 4201 2079 4254 lu-

506 4314 630 4353 men
691 4299 950 4353 emiserit.
1007 4297 1273 4352 Czeterum
1323 4297 1389 4350 ad
1429 4296 1712 4364 superiora
1761 4298 2076 4356 redeuntes.

2180 1849 2441 1918 ὲπέςρανεν
2484 1849 2692 1910 ἑαυτὸν,
2729 1849 2870 1902 κατὰ
2900 1849 2992 1902 τὸν
3025 1850 3410 1921 ύπογραφέντα
3460 1849 3564 1918 τῆς
3601 1851 3748 1902 ὲναν·

2179 1939 2508 2011 θρωπήσεως
2540 1939 2703 1993 αὐτοῦ
2737 1939 2946 2011 χρόνον,
2997 1939 3122 2010 μίαν
3167 1943 3279 2004 τοῖς
3321 1942 3484 1994 πᾶσιν
3516 1939 3744 1992 ἔθνεσιν

2183 2030 2400 2100 Ἕλλησί
2449 2047 2506 2083 τε
2561 2031 2654 2084 καὶ
2710 2029 3021 2102 βαρϐάροις,
3047 2031 3125 2102 τῷ
3157 2048 3216 2084 τε
3264 2031 3426 2084 παντὶ
3463 2030 3619 2083 ἔθνει
3656 2030 3750 2083 τῶι

2179 2122 2476 2194 ἀνθρώπων
2524 2121 2622 2194 τὴν
2659 2122 2754 2175 τοῦ
2794 2122 3006 2194 Πατρδς
3038 2122 3442 2194 φιλανθρωπίαν
3475 2123 3750 2191 εὐαγγελιι

2180 2213 2422 2284 ζόμενος,
2454 2215 2546 2266 ὲπὶ
2579 2215 2707 2284 μίαν
2736 2231 2793 2266 τε
2825 2216 2950 2278 τοὺς
2994 2214 3198 2278 πάντας
3221 2214 3522 2285 παρορμῶν
3553 2216 3617 2268 ἐν
3645 2216 3752 2285 Θεᾷ

2183 2304 2471 2375 σωτηρίαν,
2506 2303 2759 2375 ἀλήθειάν
2783 2321 2843 2356 τε
2877 2304 3044 2375 αὐτὴν
3071 2305 3164 2357 καὶ
3191 2305 3306 2374 φῶς
3333 2303 3570 2376 ἀληθοῦς
3609 2305 3752 2356 absa-

2179 2394 2348 2458 ϐείας,
2371 2395 2641 2465 βασιλείαν
2671 2412 2728 2448 τε
2760 2395 2820 2447 ού
2831 2394 3025 2466 ρανῶν,
3049 2396 3141 2448 καὶ
3165 2396 3381 2448 αἰωνίου
3409 2394 3558 2465 ζωῆς
3583 2397 3752 2462 ἑπαγ-

2179 2484 2362 2554 γελίαν
2393 2489 2504 2548 τοῖς
2536 2486 2669 2538 πᾶσι
2711 2485 3117 2556 προμνώμενος.
3151 2486 3333 2539 Ταῦτα
3369 2487 3466 2557 μὲν
3495 2482 3594 2543 οῦν
3633 2489 3754 2557 περὶ

2177 2575 2284 2628 τῶν
2311 2576 2514 2646 χρόνων
2543 2574 2798 2645 είρήσθω,
2831 2574 2898 2626 δι’
2925 2577 2988 2646 ῆν
3013 2575 3190 2628 αἰτίαν
3221 2575 3335 2639 νῦν,
3354 2575 3468 2628 ἀλλ’
3491 2577 3556 2627 οὐ
3589 2578 3754 2630 πάλαι

2181 2667 2440 2739 πρότερον
2486 2668 2515 2718 ὁ
2546 2665 2774 2737 Χριστὸς
2806 2666 2898 2718 τοῦ
2926 2667 3058 2719 Θεοῦ
3089 2669 3168 2730 εἰς
3193 2666 3399 2730 πάντας
3444 2666 3754 2738 ἐξέλαμψεν

2181 2757 2518 2827 ἀνθρώπους.
2551 2757 2686 2828 Φέρε
2732 2755 2790 2809 δὲ
2835 2756 3216 2820 ἐπανελθόντες
3253 2757 3359 2810 τῶν
3405 2758 3623 2828 χρόνων
3664 2760 3756 2826 τῆς

2178 2847 2410 2916 ἀφίξεως
2440 2847 2602 2900 αὐτοῦ
2631 2847 2698 2900 τὰ
2729 2850 2928 2918 σημεῖα
2949 2849 3090 2900 κατὰ
3113 2849 3274 2920 μέρος
3301 2849 3756 2920 ἐπισκεψώμεθα,

2177 2939 2274 3002 τὰς
2319 2939 2676 3008 εὐαγγελικὰς
2713 2941 2838 3011 περὶ
2868 2940 2965 3010 τῆς
2995 2942 3258 3008 γενέσεως
3290 2940 3449 2994 αὑτοῦ
3487 2942 3681 3009 φωνὰς
3704 2946 3756 2993 ἐν

2179 3030 2412 3102 πρώτοις
2437 3032 2992 3102 ὲπισημειωσάμενοι.
3040 3034 3095 3085 Ὀ
3127 3033 3225 3104 μὲν
3252 3028 3344 3086 οῦν
3363 3032 3652 3096 Ματθαῖος
3671 3035 3755 3086 τοι

2179 3123 2364 3194 χρόνον
2383 3123 2482 3192 τῆς
2510 3123 2774 3194 ὲνσάρκου
2807 3123 2972 3177 αὑτοῦ
3003 3123 3318 3193 ἐπιφανείας
3337 3117 3438 3176 ὧδέ
3465 3141 3589 3187 πως
3622 3127 3756 3177 ἱστο-

2180 3218 2263 3286 ρεῖ
2292 3214 2491 3283 λέγων’
2533 3235 2550 3267 ι
2595 3216 2700 3269 Τοῦ
2733 3217 2790 3269 δὲ
2832 3216 3003 3287 Ἰησοῦ
3035 3217 3379 3287 γεννηθέντος
3409 3218 3468 3268 ἐν
3505 3217 3756 3289 Βηθλεὲμ

2177 3307 2278 3376 τῆς
2322 3308 2600 3372 Ἰουδαίας,
2634 3312 2692 3362 ὲν
2737 3310 2972 3381 ἡμέραις
3010 3307 3244 3380 Ἡρώδου
3277 3309 3367 3362 τοῦ
3405 3308 3752 3378 βασιλέως-ι

2179 3401 2270 3452 καὶ
2303 3402 2417 3470 μετ’
2450 3399 2604 3469 ὀλίγα
2632 3403 2796 3474 φησιν
2816 3419 2829 3432 ο
2856 3421 2874 3454 ι
2918 3403 3180 3466 Ἀκούσας
3209 3403 3286 3465 δὲ,
3317 3403 3396 3455 ὅτι
3461 3401 3755 3472 Ἀρχέλαος

2180 3490 2449 3560 βασιλεύει
2491 3492 2592 3563 τῆς
2636 3492 2891 3556 Ἰουδαίας
2937 3494 3055 3546 ἀντὶ
3100 3493 3336 3564 Ἡρώδου
3391 3492 3485 3545 τοῦ
3549 3494 3755 3563 πατρὸς

2178 3582 2365 3636 αὑτοῦ.
2410 3602 2428 3633 ι
2475 3584 2534 3636 '0
2575 3583 2631 3636 δὲ
2683 3585 2898 3647 Λουκᾶς
2927 3584 3021 3636 τὸν
3051 3585 3148 3655 τῆς
3198 3583 3551 3647 διδασκαλίας
3593 3577 3755 3638 αὖε-οὖ

2178 3675 2272 3726 καὶ
2299 3673 2612 3739 ἀναδείξεως
2643 3675 2831 3745 χρόνον
2866 3675 3177 3747 παρέστησε
3206 3675 3378 3745 λέγων
3400 3693 3413 3706 ·
3455 3695 3472 3726 ι
3522 3677 3615 3728 Ἐν
3651 3678 3754 3728 ἔτει

2179 3767 2644 3836 πεντεκαιδεκάτῳ
2687 3767 2785 3837 τῆς
2826 3766 3121 3838 ἡγεμονίας
3163 3769 3410 3838 Τιϐερίου
3450 3769 3753 3840 Καίσαρος.

2178 3860 2620 3930 ἐπιτροπεύοντος
2665 3859 2885 3912 Ποντίου
2920 3860 3152 3913 Πιλάτου
3195 3861 3292 3929 τῆς
3346 3859 3634 3923 Ἰουδαίας,
3669 3877 3753 3912 τε-

2178 3952 2537 4023 τραρχοῦντος
2562 3953 2617 4005 δὲ
2641 3953 2738 4023 τῆς
2771 3953 3056 4018 Γαλιλαίας
3102 3953 3359 4025 Ἡρώδου,
3394 3953 3668 4006 Φιλίππου
3702 3953 3754 4005 δὲ

2177 4045 2268 4098 τοῦ
2293 4045 2517 4114 ἀδελφοῦ
2552 4046 2716 4099 αὐτοῦ
2755 4047 3172 4117 τετραρχοῦντος
3199 4047 3299 4116 τῆς
3335 4048 3640 4118 Ἰτουραίας
3667 4048 3753 4100 καὶ

2179 4137 2570 4209 Τραχωνίτιδος
2615 4135 2816 4209 χώρας,
2868 4137 2961 4190 καὶ
3010 4138 3276 4190 Λυσανίου
3322 4138 3422 4208 τῆς
3464 4137 3752 4208 Ἀὄιληνῆς

2178 4228 2618 4300 τετραρχοῦντος,
2663 4229 2753 4281 ἐπὶ
2792 4229 3092 4300 ἀρχιερέως
3125 4230 3291 4283 Ἀννα
3333 4230 3425 4282 καὶ
3456 4230 3709 4296 Καῖάφα.
3733 4249 3749 4278 ι

2179 4320 2399 4384 Τούτοις
2441 4320 2504 4392 δὴ
2548 4316 2640 4374 οὖν
2685 4321 2867 4384 καλῶς
2923 4321 3033 4392 ἕχει
3085 4322 3427 4394 παραθέσθαι
3470 4321 3577 4393 τὴν
3607 4319 3753 4391 παρα

505 4405 809 4466 temporum
838 4398 1106 4452 adventus
1152 4397 1298 4451 illius
1327 4396 1694 4466 particulatim
1750 4412 1870 4465 quae
1919 4399 2073 4469 signa

2178 4413 2367 4464 Μωσεῖ
2397 4411 2488 4464 τοῦ
2539 4410 2731 4465 Ἰακὼὸ
2763 4412 3117 4484 προφητείαν,
3151 4413 3338 4467 τοῦτον
3382 4415 3616 4484 ἔχουσαν
3667 4414 3754 4465 τὸν

503 4497 832 4560 exstiterint,
863 4497 1294 4558 consideremus,
1320 4497 1769 4566 evangelicasque
1799 4498 1852 4551 in
1879 4499 2071 4566 primis

2177 4502 2394 4572 τρόπον.

502 4590 572 4645 de
617 4597 740 4643 ortu
780 4590 898 4659 ejus
933 4606 1095 4646 voces
1151 4591 1495 4645 adnotemus.
1555 4589 1838 4646 Matthrens
1900 4593 2064 4662 igitur
2104 4602 2318 4664 tempus
2345 4611 2454 4664 quo
2487 4596 2578 4651 ille
2600 4597 2656 4650 in
2710 4612 2938 4667 corpore
2971 4597 3210 4651 humano
3237 4597 3410 4652 videri
3451 4597 3647 4667 caepit=
3704 4597 3751 4648 in

507 4685 652 4738 hunc
685 4684 901 4738 modum
925 4695 1108 4738 narrat
1136 4703 1181 4739 ει
1211 4684 1348 4739 Cum
1380 4691 1543 4750 esset,
1565 4685 1758 4754 inquit,
1783 4694 1942 4741 natus
1979 4683 2140 4743 Jesus
2169 4689 2221 4741 in
2241 4687 2550 4744 Betltlehem
2580 4688 2778 4744 ludam:
2813 4689 2866 4744 in
2888 4691 3079 4746 diebus
3113 4688 3339 4744 Herodis
3357 4690 3501 4758 regis
3533 4690 3604 4740 “.
3643 4711 3660 4738 ³
3694 4686 3752 4738 Et

504 4778 664 4848 paulo
700 4787 860 4846 post:
897 4799 915 4830 ι
943 4779 1203 4842 Audiens,
1235 4780 1432 4848 inquit,
1467 4778 1611 4849 quod
1635 4778 1935 4833 Archelaus
1967 4789 2225 4850 regnaret
2261 4782 2314 4836 in
2351 4780 2537 4850 Iudaea
2597 4799 2692 4854 pro
2748 4782 2960 4838 llerode
3017 4790 3168 4852 patre
3232 4797 3332 4837 suo
3370 4783 3436 4835 ³⁸.
3497 4801 3516 4832 ι
3579 4779 3752 4834 Lucas

505 4880 686 4927 autem
707 4889 814 4941 quo
844 4879 1086 4943 tempore
1113 4874 1198 4928 ille
1227 4879 1281 4928 et
1327 4872 1523 4926 docere
1575 4881 1631 4928 et
1701 4873 1946 4942 seipsum
1984 4875 2273 4929 ostendere
2322 4875 2570 4945 cmperit,
2601 4875 2960 4938 demonstrat,
3018 4873 3110 4928 ubi
3131 4873 3250 4928 ait:
3286 4891 3303 4921 ι
3346 4873 3503 4925 Anno
3551 4888 3620 4925 xv
3655 4873 3750 4923 im-

505 4965 641 5033 perii
695 4963 899 5019 Tiberii
952 4965 1205 5024 Caesaris.
1256 4976 1583 5035 procurante
1626 4965 1819 5020 Pontio
1859 4963 2030 5020 Pilato
2079 4965 2343 5032 Judaaam,
2391 4969 2666 5023 tetrarclia
2698 4975 2875 5022 autem
2921 4967 3152 5022 Galilaaa:
3212 4965 3442 5029 Herode,
3503 4964 3750 5034 Philippo

505 5070 680 5115 autem
724 5059 888 5116 fratre
911 5063 1030 5130 ejus
1079 5063 1350 5116 tetrarclia
1382 5061 1558 5115 lturia:
1578 5069 1632 5116 et
1651 5059 2054 5116 Trachonitidis
2095 5065 2352 5132 regionis,
2414 5074 2467 5119 et
2495 5065 2726 5136 Lysania
2758 5065 2997 5121 Abilente
3039 5067 3333 5132 tetrarcha,
3367 5066 3471 5121 sub
3503 5064 3730 5135 principi

503 5155 606 5209 bus
635 5155 980 5210 sacerdotum
1016 5154 1170 5210 Anna
1211 5165 1264 5210 et
1294 5155 1500 5224 Caipha
1535 5157 1598 5210 ’⁷.
1647 5176 1666 5208 ι
1711 5155 1805 5210 llis
1836 5157 2002 5226 igitur
2027 5157 2072 5210 si
2111 5156 2282 5238 Jaeob
2309 5162 2647 5230 prophetiam
2677 5177 2797 5231 qua:
2822 5170 2904 5215 est
2959 5162 3099 5233 apud
3159 5161 3362 5216 Mosem
3389 5174 3746 5232 appnuanlus.

501 5260 681 5316 Operae
713 5246 944 5316 pretium
975 5246 1287 5309 fecerimus,
1344 5261 1464 5316 qua:
1499 5245 1550 5299 in
1585 5244 1730 5298 hunc
1763 5245 1981 5298 modum
2016 5261 2073 5300 se
2107 5246 2287 5302 habet.

576 5451 620 5483 ⁸⁸
665 5449 850 5508 Matth.
893 5467 966 5515 ιι,
1005 5452 1051 5505 l.
1132 5453 1176 5484 "
1219 5450 1350 5505 ibid.
1390 5447 1478 5503 :26.
1559 5449 1599 5478 ³⁷
1645 5461 1775 5501 huc.
1809 5462 1904 5513 ιιι,
1943 5448 1989 5501 l.
