3868 6196
246 254 327 309 5ῖὸ
1042 246 1694 303 DEMONSTRATIONIS
1734 218 2188 303 EVANGELlC/E
2228 245 2366 301 LIB.
2406 245 2541 300 VIII.

3326 246 3429 300 574

245 361 476 438 Ἆπὸτῆς
519 362 1097 438 Γενέςνεως.-.Περί
1273 368 1505 438 χρόνων
1547 364 1654 438 τῆς
1681 369 1748 438 είς

1870 366 2033 438 366
2064 369 2103 421 Α
2144 366 2348 421 Genesi.
2377 363 2676 438 -Ωιιξὸιιδ
2720 361 3033 438 temporibus
3075 362 3315 438 Quietus
3361 367 3433 418 ad

282 436 603 499 ἀνθρώπους
668 434 1019 502 ἐπιφανείας
1063 435 1266 487 αὑτοῦ.
1328 436 1422 500 Ὠς
1481 437 1606 489 καθ’
1658 437 1764 503 οὓς

283 505 517 574 χρόνους
538 502 599 574 td
626 505 761 570 παρ’
796 504 1083 570 Ἑϐραίοις
1108 504 1402 574 ἐπιλείψει
1420 505 1760 569 βασίλειον,

278 571 332 627 τὸ
358 571 676 638 τηνικαῦτα
702 575 737 638 ἡ
762 574 878 625 τῶν
895 574 1083 626 ἐθνῶν
1104 572 1486 637 ἐπιστήσεται
1510 575 1764 641 προσδο-

280 645 390 697 κία·
422 642 455 693 ὃ
484 641 581 714 καί
612 641 863 711 γέγονεν
892 643 989 696 ἐπὶ
1022 642 1128 710 τῆς
1161 644 1266 697 τοῦ
1298 644 1569 711 Σωτῆρος
1597 645 1764 714 ἡμῶν

273 713 629 781 ἐπιφανείας.

274 865 290 895 ι
334 844 583 897 Ἐκάλεσε
635 844 691 895 δὲ
732 843 926 896 Ἰακὼϐ
958 845 1083 907 τοὺς
1112 844 1263 907 υἱοὺς
1284 844 1448 897 αὑτοῦ
1482 846 1575 898 καὶ
1607 841 1757 897 εἷπε·

211 936 488 1006 Συνάχθητε
523 936 609 987 ἵνα
643 937 951 1004 ἐπαγγείλω
984 940 1111 1007 ὑμῖν
1154 937 1206 990 τί
1241 938 1609 1007 ἀπαντήσεται
1634 938 1759 1008 ὑμῖν

210 1026 283 1079 ἐπ’
309 1025 533 1094 ἐσχάτου
562 1024 671 1077 τῶν
705 1024 923 1095 ἡμερῶν
943 1042 957 1055 ·
992 1025 1056 1078 ἀθ
1067 1025 1333 1097 ροίσθητε,
1354 1027 1446 1079 καὶ
1470 1027 1758 1091 ἀκούσατε,

214 1118 303 1169 υἱοὶ
342 1116 559 1179 Ἰακὼϐ,
593 1116 878 1182 ἀκούσατε,
911 1117 1143 1188 Ἰσραὴλ,
1166 1116 1260 1170 τοῦ
1296 1118 1498 1189 πατρὸς
1531 1118 1702 1189 ὑμῶν.
1735 1138 1753 1169 ι

208 1205 318 1261 Εἶτα
370 1208 581 1269 τούτοις
633 1207 759 1277 ἑξῆς
814 1208 1260 1279 ὲπιμεμψὰμενός
1317 1210 1436 1263 τινά
1484 1227 1591 1262 τισι
1648 1212 1759 1273 τοῖς

207 1300 468 1368 πφτέροις
522 1300 673 1361 υἱοῖς,
708 1299 784 1361 ὡς
816 1298 902 1353 διά
943 1316 1063 1353 τινα
1102 1300 1280 1353 αὐτῶν
1314 1301 1757 1373 πλημμελήματα

204 1390 490 1458 γενομένοις
513 1388 749 1453 ἀναξίοις
768 1390 867 1460 τῆς
893 1389 1188 1461 μελλούσης
1217 1391 1561 1460 ἐπιλέγεσθαι
1590 1395 1758 1463 προρ-

204 1482 410 1551 ρήσεως,
450 1480 529 1550 τῷ
562 1481 807 1550 τετάρτῳ
835 1480 908 1544 ὡς
941 1481 1030 1534 τὸν
1059 1481 1170 1550 βίον
1203 1482 1485 1553 κρείττονα
1517 1482 1623 1535 τῶν
1649 1482 1756 1535 λοι-

203 1572 305 1626 πῶν
339 1572 579 1640 ἀδελφῶν
628 1573 1048 1644 ὲπιδεδειγμένῳ
1082 1574 1205 1628 τάδε
1240 1574 1525 1638 θεσπίζει·
1562 1594 1580 1626 ι
1621 1574 1755 1627 Ἰού-

200 1665 273 1726 δα,
307 1666 359 1717 σὲ
397 1666 702 1718 αἰνέσουσιν
729 1668 776 1719 οἱ
814 1667 1023 1736 ἀδελφοί
1059 1684 1179 1719 σου·
1217 1668 1272 1719 αἱ
1303 1668 1479 1738 χεῖρές
1526 1684 1618 1719 σου
1662 1667 1754 1719 ἐπὶ

202 1754 345 1806 νώτου
372 1754 476 1806 τῶν
515 1755 726 1826 ἐχθρῶν
759 1773 850 1809 σου
871 1774 883 1787 ·
911 1757 1343 1828 προσκυνήσουσί
1362 1774 1418 1809 σε
1447 1758 1495 1809 οἰ
1528 1758 1633 1810 υἱοὶ
1658 1756 1750 1810 τοῦ

205 1846 382 1917 πηρός
418 1863 535 1898 σου.
567 1846 811 1917 Σκύμνος
845 1847 1073 1911 λέοντος,
1104 1848 1367 1911 Ἰούδα,ὲκ
1399 1847 1647 1918 βλαστοῦ,
1668 1850 1748 1902 υίέ

206 1952 303 2004 μοι’.
334 1937 572 2008 ἀνέϐης·
610 1938 894 1992 ἀναπεσὼν
927 1940 1224 2011 ἐκοιμήθης
1251 1942 1326 2004 ὡς
1370 1943 1503 1995 λέων
1552 1944 1645 1996 καὶ
1677 1943 1751 2007 ὡς

204 2024 432 2095 σκύμνος.
466 2025 565 2105 Ti;
616 2028 795 2099 ἐγερεί
836 2029 1029 2094 αὐτόν;
1061 2030 1159 2082 οὐκ
1209 2030 1443 2099 ἐκλείψει
1481 2032 1661 2103 ἄρχων
1693 2034 1751 2099 ἐξ

209 2114 376 2179 Ἰοιζδα,
408 2115 533 2170 οἷέιὲ
571 2116 870 2187 ἡγούμενος
890 2119 953 2169 ὲκ
986 2118 1091 2169 τῶν
1121 2118 1306 2189 μηρῶν
1332 2120 1517 2183 αὑτοῦ,
1547 2120 1650 2183 ἓως
1684 2121 1752 2173 ἂν

200 2207 299 2277 ἰλθῃ
347 2207 418 2259 τὰ
470 2208 808 2277 ἀποκείμενα
873 2208 1052 2278 αὐτῷ·
1097 2209 1190 2261 καὶ
1248 2210 1410 2273 αὐτὸς
1458 2211 1751 2281 προσδοκία

200 2297 359 2353 ἐθνῶν.
402 2318 420 2349 ι
461 2299 662 2351 Σκόπει
696 2298 758 2369 δὴ
792 2300 1004 2371 πρῶτον
1033 2301 1151 2352 τίνα
1183 2299 1289 2371 ἄρα
1317 2303 1479 2370 φησὶν
1511 2297 1649 2355 εἶναι
1685 2304 1752 2357 τὰ

202 2392 513 2461 ἀποκείμενα
562 2390 742 2462 αὐτῷ·
779 2393 873 2445 καὶ
912 2393 1014 2463 ὅρα
1046 2395 1093 2445 εί
1130 2392 1204 2464 μὴ
1238 2394 1375 2445 αὐτὰ
1421 2390 1510 2464 ῆν,
1562 2393 1597 2447 ἃ
1640 2397 1751 2457 τοῖς

200 2483 316 2551 αμφὶ
364 2482 458 2535 τὸν
496 2483 748 2554 Ἀϐραὰμ
792 2484 1128 2554 προπάτορσι
1154 2486 1281 2554 περὶ
1312 2485 1409 2555 τῆς
1438 2485 1548 2537 τῶν
1583 2486 1752 2539 ἐθνῶν

199 2573 415 2645 κλήσεως
442 2578 472 2627 6
500 2575 632 2638 Θεὸς
658 2575 932 2647 ἀνεὶρηκε,
962 2576 1245 2641 θεσπίσας.
1270 2578 1582 2649 Γέγραπται
1602 2583 1746 2651 γοῦν,

198 2664 256 2727 ὡς
281 2667 381 2737 ἄρα
416 2667 572 2719 εἶπεν
602 2669 629 2719 ὁ
653 2667 785 2730 Θεὸς
809 2666 886 2737 τῷ
917 2668 1164 2739 Ἀϐραάμ
1184 2686 1195 2700 ·
1239 2688 1257 2720 ι
1305 2670 1413 2723 Καὶ
1448 2669 1547 2741 ἔσῃ
1604 2671 1748 2722 εὐλο-

199 2758 359 2828 γητὸς,
394 2759 490 2811 καὶ
515 2757 793 2828 εὐλογήσω
820 2758 944 2821 τοὺς
992 2759 1343 2826 εύλογοῦντάς
1376 2776 1456 2822 σε,
1508 2756 1749 2820 καὶτοὺς

204 2850 602 2920 καταρωμένους
650 2866 709 2901 σε
741 2850 1151 2920 καταράσομαι·
1189 2852 1282 2903 xal.
1314 2850 1751 2920 ὲνευλογήσονται

199 2942 243 2993 ὲν
309 2944 388 2995 σοὶ
462 2944 632 2995 πᾶσαι
685 2944 741 2995 αἱ
800 2943 961 3011 φυλαὶ
1005 2945 1103 3014 τῆς
1181 2943 1304 3012 γῆς.
1360 2961 1379 2994 ι
1419 2943 1527 2994 Καὶ
1596 2937 1750 3003 αὖθις

1942 434 2174 491 Ϊιῶιιὶιιεε
2222 437 2503 490 advenerit.
2539 434 2985 495 Quemadmodum
3017 434 3201 501 quibus
3237 443 3422 502 tempo-

1938 509 2082 560 ribus
2116 525 2327 576 regnum
2358 504 2495 572 apud
2534 503 2779 557 llebrcros
2796 502 3059 576 defecerit.
3089 502 3274 576 iisdem
3309 521 3425 573 geu-

1940 580 2069 629 tium
2096 574 2314 631 instabit
2346 575 2661 643 exspectatio
2690 591 2706 625 :
2734 574 2871 639 quod
2894 590 3018 625 sane
3037 575 3194 624 etiam
3230 576 3427 642 factum

1934 658 2011 701 est
2051 653 2144 702 sub
2173 649 2344 715 ipsum
2370 644 2662 699 Saluatoris
2695 644 2862 696 nostri
2900 645 3196 697 adrentum.

1939 867 1957 898 (
1987 846 2214 901 V’ocavit
2247 853 2426 901 autem
2458 844 2627 899 Iacob
2658 844 2796 900 ﬁlios
2826 859 2958 899 suos
2986 853 3039 899 et
3068 844 3202 898 dixit
3235 863 3248 898 :
3282 843 3424 898 Con-

1861 939 2155 1007 gregamini
2197 945 2253 989 ut
2280 936 2597 989 annuntiem
2647 936 2803 989 vobis
2839 937 2968 1005 quid
3004 942 3322 990 eventurum
3354 935 3428 989 sit

1860 1030 2015 1084 vobis
2051 1029 2105 1081 in
2135 1029 2326 1082 diebus
2373 1028 2730 1081 novissimis:
2766 1028 3166 1097 congregamini
3200 1034 3253 1080 et
3277 1025 3430 1080 audi-

1858 1128 1933 1183 te,
1965 1119 2056 1172 lilii
2091 1118 2277 1179 Jacob,
2308 1120 2513 1183 audite,
2549 1118 2734 1185 Israel,
2768 1127 2976 1188 patrem
3008 1130 3248 1175 vestrum
3299 1120 3363 1174 ".
3397 1138 3424 1171 ι

1860 1210 2062 1265 Deinde
2112 1212 2201 1265 ubi
2233 1212 2505 1280 prioribus
2538 1210 2662 1265 ﬁliis
2712 1211 2816 1264 alia
2846 1210 2967 1265 aliis
3000 1211 3227 1265 crimina
3272 1210 3426 1279 obje-

1858 1300 1962 1361 cit,
2019 1307 2275 1369 tanquam
2307 1300 2374 1355 iis
2399 1302 2491 1370 qui
2518 1302 2588 1354 ob
2622 1316 2775 1355 suam
2808 1302 3049 1370 ipsorum
3092 1302 3324 1370 culpam,
3359 1313 3425 1354 eo

1859 1391 2001 1461 quod
2032 1407 2177 1446 nunc
2234 1392 2521 1446 dicendum
2558 1400 2641 1448 est
2665 1433 2677 1456 ,
2714 1394 2937 1446 oraculo
2981 1392 3187 1462 indigni
3218 1392 3426 1446 erasis-

1858 1494 1997 1545 sent,
2034 1491 2231 1553 quarto
2258 1500 2445 1539 eorum
2478 1495 2735 1553 tanquam
2768 1486 2817 1539 ei
2847 1484 2937 1554 qui
2968 1484 3206 1553 reliquos
3231 1482 3425 1538 fratres

1855 1577 2124 1647 probitate
2140 1578 2262 1629 vitae
2287 1575 2538 1647 anteiret,
2565 1575 2679 1628 h:ec
2714 1574 2893 1627 futura
2942 1574 3187 1642 praedicit
3219 1592 3231 1625 :
3280 1592 3298 1623 r
3335 1571 3428 1625 Ju-

1855 1668 1943 1730 da,
1971 1676 2023 1722 te
2050 1668 2345 1722 laudabunt
2365 1666 2554 1721 fratres
2577 1667 2653 1720 tui
2690 1686 2700 1719 :
2726 1681 2919 1719 manus
2941 1673 3045 1718 tua:
3077 1664 3130 1717 in
3160 1673 3311 1734 tergo
3342 1665 3428 1717 in-

1856 1760 2137 1813 imicorum
2189 1767 2452 1812 tuorum:
2522 1756 2828 1811 adorabunt
2864 1767 2919 1811 te
2967 1756 3060 1809 lilii
3116 1757 3286 1826 patris
3323 1757 3420 1812 tui.

1851 1854 2076 1907 Catulus
2096 1851 2269 1906 leonis
2294 1850 2452 1909 Juda,
2479 1851 2545 1905 de
2578 1850 2842 1920 germine,
2874 1847 2945 1901 fili
2972 1848 3066 1911 mi,
3089 1848 3423 1914 ascendisti;

1851 1948 2173 2002 recumbens
2222 1943 2525 1999 dormivisti
2578 1950 2636 1995 ut
2689 1942 2771 1997 leo
2812 1949 2865 1995 et
2910 1950 2968 1994 ut
3000 1942 3232 1996 catulus.
3287 1941 3421 2006 Quis

1850 2038 2105 2093 excitabit
2139 2038 2318 2106 ipsum
2347 2036 2369 2087 ?
2401 2034 2514 2086 Non
2540 2032 2753 2087 deﬁciet
2777 2032 3032 2102 princeps
3054 2032 3120 2087 de
3136 2030 3295 2097 Juda,
3320 2048 3420 2087 ne-

1850 2145 1954 2199 que
1970 2130 2076 2182 dux
2109 2127 2175 2182 de
2203 2126 2498 2181 femoribus
2545 2127 2684 2196 ejus,
2717 2127 2888 2180 donec
2918 2124 3135 2177 veniant
3164 2139 3286 2193 qua:
3315 2124 3423 2193 ipsi

1851 2220 2087 2289 reposita
2141 2227 2314 2273 sunt:
2368 2225 2421 2273 et
2471 2219 2586 2287 ipse
2635 2218 2968 2287 exspectatio
3018 2217 3256 2283 gentium
3286 2216 3354 2269 ".
3394 2233 3421 2268 ιν

1850 2310 2147 2366 Considera
2169 2349 2183 2373 ,
2221 2324 2425 2379 quaeso,
2460 2310 2692 2379 primum
2726 2322 2972 2377 quamam
3010 2321 3073 2360 ea
3106 2320 3225 2359 esse
3275 2304 3420 2358 dicat

1850 2399 2087 2467 qmeipsi
2112 2399 2348 2467 reposita
2372 2406 2534 2463 sunt;
2569 2404 2623 2451 et
2641 2398 2760 2451 vide
2777 2411 2906 2450 num
2951 2410 3014 2449 ea
3046 2395 3154 2449 sint
3203 2407 3323 2464 qtae
3350 2393 3418 2447 ad

1847 2490 2120 2543 Abraham
2146 2497 2200 2543 et
2228 2488 2292 2542 ad
2323 2496 2532 2543 veteres
2594 2489 2768 2543 eidem
2826 2487 3032 2542 similes
3095 2492 3299 2555 patres.
3351 2484 3420 2538 de

1849 2582 2131 2637 vocatione
2174 2581 2412 2649 gentium
2464 2580 2605 2634 Deus
2636 2580 2762 2634 olim
2797 2592 3001 2632 canens
3055 2576 3418 2647 responderit.

1852 2672 2125 2741 Scriptum
2168 2672 2333 2741 igitur
2366 2679 2471 2738 est,
2526 2669 2982 2742 quemadmodum
3037 2667 3103 2720 ad
3146 2667 3418 2720 Abraham

1852 2761 1990 2817 Deus
2017 2763 2253 2817 dixerit:
2305 2782 2320 2812 ι
2363 2762 2426 2814 Ει
2467 2762 2577 2815 eris
2611 2760 2952 2823 benedictus,
2994 2767 3048 2814 et
3101 2759 3420 2812 benedicam

1848 2855 2296 2910 benedicentibus
2328 2854 2506 2913 tibi.et
2545 2853 2995 2907 maledicentibus
3044 2851 3141 2903 tibi
3188 2850 3419 2903 maledi-

1850 2960 1989 3008 cam,
2017 2952 2070 2998 et
2092 2944 2481 2998 benedicentur
2521 2942 2575 2994 iu
2621 2949 2673 2998 te
2700 2955 2889 2995 omnes
2920 2939 3095 2991 tribus
3118 2946 3275 2991 terra:
3305 2936 3415 3003 ³⁰.;»

202 3051 217 3081 ι
263 3033 502 3105 Ἀϐραὰμ
549 3035 627 3097 δὲ,
679 3053 698 3085 ι
754 3036 905 3105 φησὶ,
940 3053 958 3085 ι
995 3037 1276 3105 γινόμενος
1304 3034 1453 3088 ἔσται
1488 3036 1566 3097 είς
1600 3033 1748 3095 ἔθνος

1857 3032 1915 3086 Ει
1943 3050 2177 3089 rursus:
2227 3050 2246 3083 ι
2302 3030 2578 3084 Abraham
2634 3044 2788 3092 vero,
2842 3028 3037 3097 inquit,
3091 3024 3307 3078 futurus
3336 3031 3421 3078 cst

202 3126 325 3193 μέγα
368 3127 458 3179 καὶ
500 3126 654 3193 πολὺ,
690 3128 785 3179 καὶ
824 3126 1261 3197 ὲνευλογήσονται
1294 3129 1351 3179 ὲν
1386 3125 1532 3195 αύτῷ
1572 3126 1748 3179 πάντα

196 3218 254 3270 τὰ
286 3218 397 3289 ἔθνη
425 3220 523 3289 τῆς
554 3220 673 3288 γῆς,
703 3240 720 3270 ι
750 3218 828 3270 Τὰ
858 3220 1020 3288 ὃμοια
1046 3218 1102 3269 δὲ
1130 3218 1221 3271 καὶ
1249 3217 1327 3288 τῷ
1360 3217 1543 3269 Ἰσαὰκ
1567 3219 1594 3269 6
1615 3232 1749 3286 χρη-

200 3311 319 3380 σμὸς
360 3311 540 3363 τοῦτον
596 3312 831 3379 ἐκφωνεί
874 3311 964 3363 τὸν
1014 3312 1240 3380 τρόπον·
1287 3329 1305 3361 ι
1346 3309 1454 3363 Καὶ
1499 3307 1749 3377 πληθυνῶ

198 3401 250 3453 τὸ
305 3402 515 3473 σπέρμα
577 3420 667 3455 σου
720 3403 795 3464 ὡς
847 3404 972 3466 τοὺς
1042 3404 1281 3472 ἀστέρας
1331 3399 1425 3452 τοῦ
1497 3398 1744 3470 οὐρανοῦ,

198 3493 282 3546 καὶ
322 3493 749 3565 ὲνευλογήσονται
795 3496 851 3546 ὲν
892 3493 969 3564 τῷ
1015 3493 1286 3564 σπέρματί
1337 3509 1429 3544 σου
1464 3492 1637 3544 πάντα
1679 3493 1748 3546 τὰ

199 3581 308 3652 ἔθνη
329 3584 419 3654 τῆς
453 3585 577 3655 γῆς.
623 3604 640 3635 ι
690 3585 809 3637 Ἔτι
852 3585 907 3637 δὲ
931 3586 1024 3637 καὶ
1064 3584 1142 3653 τῷ
1184 3583 1373 3636 Ἰακὼϐ
1422 3582 1646 3636 τοιαῦτα
1682 3584 1744 3655 δὴ

201 3673 413 3743 εἴρηται·
450 3694 469 3725 ι
511 3674 652 3743 Ἐγὼ
678 3676 880 3747 Κύριος
903 3680 931 3730 ὁ
973 3676 1104 3738 Θεὸς
1138 3675 1386 3746 Ἀϐραὰμ
1422 3674 1514 3727 τοῦ
1544 3676 1748 3746 πατρός

207 3778 303 3821 σου,
326 3765 411 3816 καὶ
440 3767 467 3818 6
490 3765 620 3828 Θεὸς
661 3765 860 3818 Ἰσαάκ·
902 3765 975 3837 μὴ
1012 3764 1198 3834 φοϐοῦ,
1238 3783 1255 3816 ι
1287 3765 1381 3817 καὶ
1422 3765 1564 3835 ἑξῆς·
1594 3782 1612 3814 ι
1652 3766 1746 3817 καὶ

204 3856 684 3928 ἐνευλογηθήσονται
724 3861 781 3911 ὲν
822 3859 905 3911 σο).
946 3859 1114 3910 πᾶσαι
1140 3860 1194 3910 αἱ
1235 3856 1399 3925 φυλαὶ
1425 3855 1526 3925 τῆς
1556 3857 1677 3927 γῆς.
1721 3876 1738 3908 ι

203 3946 296 3998 Καὶ
330 3946 507 4000 ἄλλοτε
550 3945 699 4001 εἶπεν
725 3947 871 4018 αὐτῷ
906 3950 935 4001 6
973 3948 1132 4010 Θεὸς·
1174 3968 1192 3999 ι
1239 3944 1379 4015 Ἐγὼ
1417 3949 1445 4000 6
1468 3946 1599 4009 Θεός
1628 3963 1742 4009 σου,

204 4038 402 4103 αὐξανου
446 4040 541 4092 καὶ
575 4034 862 4109 πληθύνου·
911 4038 1035 4111 ἔθνη
1084 4040 1179 4091 καὶ
1224 4038 1531 4106 συναγωγαὶ
1576 4036 1744 4090 ἐθνῶν

203 4128 537 4192 ὶξελεύσονται
573 4134 637 4183 ὲκ
666 4131 780 4194 σοῦ,
819 4132 910 4184 καὶ
950 4130 1185 4201 βασιλεῖς
1220 4131 1282 4184 ἐκ
1306 4130 1405 4199 τῆς
1428 4129 1624 4199 ὀσφύος
1650 4146 1741 4182 σου

206 4221 556 4283 ἐξελεύσονται.
598 4245 616 4277 ι
643 4224 919 4287 Τοσαύτας
967 4225 1093 4295 περὶ
1134 4225 1230 4294 τῆς
1259 4223 1366 4276 τῶν
1406 4223 1570 4275 ἐθνῶν
1615 4223 1744 4293 κλή-

210 4327 323 4377 σεως
348 4319 671 4389 προρρήσεις
697 4316 788 4369 τοῦ
815 4316 947 4369 Θεοῦ
980 4315 1419 4387 προμεμαθηκιῖκῖ
1446 4318 1475 4367 6
1518 4313 1735 4377 Ἰακὼϐ,

1796 3116 1818 3135 ⁴
1852 3126 1903 3178 in
1937 3134 2149 3195 gentem
2182 3138 2431 3192 magnam
2489 3129 2542 3175 et
2584 3121 2889 3179 multam,et
2924 3117 3318 3172 benedicentur
3364 3116 3420 3169 in

1850 3217 1967 3284 ipso
2009 3229 2198 3268 omnes
2234 3222 2421 3282 gentes
2455 3220 2613 3265 terrae
2634 3210 2698 3263 δι.
2733 3229 2751 3260 ι
2795 3206 2900 3261 Sed
2934 3207 3097 3261 etiam
3132 3205 3234 3274 ipsi
3267 3205 3419 3258 lsaac

1849 3301 2044 3355 similia
2100 3301 2153 3353 in
2213 3299 2356 3351 hunc
2428 3297 2646 3351 modum
2707 3296 3002 3365 respondet
3068 3292 3350 3347 oraculum
3398 3312 3415 3347 :

1854 3411 1872 3442 ι
1919 3391 1982 3443 Et
2025 3390 2397 3459 multiplicabo
2451 3404 2636 3443 semen
2668 3397 2820 3442 tuum
2857 3390 2996 3443 sicut
3046 3388 3231 3442 stellas
3264 3386 3415 3449 caeli,

1847 3483 2005 3554 367
2031 3492 2083 3536 et
2113 3482 2501 3535 benedicentur
2533 3480 2587 3531 in
2618 3481 2823 3534 semine
2857 3487 2952 3532 tuo
2985 3493 3177 3533 omnes
3224 3485 3418 3547 gentes

1848 3578 2081 3633 terrae”.
2124 3596 2142 3628 ι
2174 3576 2279 3645 Ipsi
2328 3574 2454 3629 item
2498 3571 2665 3626 Jacob
2697 3572 2824 3624 olim
2873 3572 3001 3624 talia
3043 3570 3186 3625 dicta
3233 3577 3360 3624 sunt
3398 3588 3413 3623 :

1854 3691 1870 3721 ι
1904 3670 2012 3741 Ego
2039 3668 2298 3724 Dominus
2331 3666 2468 3722 Deus
2516 3664 2790 3719 Abraham
2835 3664 3008 3733 patris
3059 3664 3160 3725 tui,
3192 3672 3244 3715 et
3277 3660 3416 3714 Deus

1847 3761 1996 3817 Isaac
2025 3778 2039 3815 :
2070 3776 2136 3815 ne
2169 3760 2358 3814 timeas
2379 3758 2442 3821 ³³,
2483 3777 2501 3807 ι
2539 3764 2589 3811 et
2616 3763 2832 3819 caetera,
2884 3774 2902 3804 ι
2944 3761 2999 3807 et
3028 3753 3417 3807 benedicentur

1846 3855 1900 3908 in
1953 3863 2006 3908 te
2049 3869 2238 3908 omnes
2291 3852 2465 3904 tribus
2518 3846 2760 3902 terrae".
2803 3864 2820 3897 ι
2871 3843 2936 3897 Et
2976 3844 3111 3898 alias
3157 3842 3295 3895 dixit
3346 3840 3412 3894 ad

1845 3947 2023 4017 ipsum
2063 3944 2204 4000 Deus
2239 3960 2251 3996 :
2290 3963 2307 3995 ι
2340 3942 2451 4012 Ego
2482 3940 2623 3994 Deus
2659 3949 2806 4003 tuus,
2846 3951 3032 3991 cresce
3066 3944 3119 3989 et
3150 3933 3415 4001 ιηυιιὶριίο

1845 4054 1992 4101 care,
2024 4045 2211 4107 gentes
2231 4042 2283 4089 et
2314 4031 2762 4103 congregationes
2795 4028 3037 4098 gentium
3067 4023 3414 4094 egredientur

1844 4131 1911 4185 de
1940 4137 2011 4194 te,
2035 4139 2089 4183 et
2123 4144 2277 4198 reges
2309 4126 2375 4180 de
2406 4124 2606 4179 lumbis
2629 4123 2737 4177 tuis
2754 4120 3098 4191 egredientur
3122 4117 3186 4172 ³⁸.
3226 4135 3244 4167 ι
3276 4115 3411 4167 Cum

1846 4229 1953 4276 tam
2013 4221 2182 4275 multa
2228 4220 2295 4273 de
2347 4216 2633 4272 vocatione
2681 4214 2921 4284 gentium
2976 4208 3196 4265 oracula
3243 4204 3414 4259 Jacob

1848 4322 2007 4368 antea
2042 4313 2393 4382 percepisset,
2430 4316 2483 4364 et
2514 4310 2712 4363 liberos
2759 4319 2939 4358 mares
2980 4300 3266 4355 duodecim
3310 4312 3414 4350 nu-

207 4406 381 4458 παίδων
416 4408 562 4479 αύτῷ
613 4408 704 4460 τὸν
755 4408 983 4480 ἀριθμὸν
1030 4409 1437 4478 γεγεννημένων
1482 4408 1737 4470 δεκαδύο,

1857 4424 1999 4462 mero
2037 4409 2338 4477 genuisset,
2393 4402 2649 4455 omnibus
2691 4398 2799 4452 illis
2851 4402 3104 4450 extremo
3137 4407 3236 4445 suo
3284 4397 3416 4442 tem-

210 4494 321 4562 πρὸς
341 4499 398 4567 τῇ
421 4498 642 4569 τελευτῇ
675 4497 1008 4566 συγκαλέσας
1030 4500 1155 4561 τοὺς
1187 4498 1415 4562 πάντας,
1457 4498 1742 4569 περιεσκό-

208 4601 301 4649 πει,
322 4588 374 4653 ἐξ
412 4591 594 4644 ὁποίου
623 4591 730 4661 ἄρα
776 4590 951 4643 αὐτῶν
989 4592 1087 4661 τῆς
1125 4590 1369 4661 διαδοχῆς
1404 4591 1472 4644 τὰ
1518 4591 1625 4644 τῶν
1648 4591 1740 4644 τοῦ

208 4678 318 4731 Θεοῦ
351 4684 695 4754 προρρήσεων
725 4682 816 4735 ἐπὶ
846 4682 997 4745 τέλος
1036 4681 1172 4752 ἥξει..
1204 4679 1319 4734 Εἶτ’
1357 4682 1562 4745 ἐπιθεὶς
1599 4686 1743 4754 τρισὶ

211 4771 291 4835 μὲν
317 4778 412 4836 τοῖς
450 4774 682 4844 πρώτοις
729 4773 876 4843 αὐτῷ
921 4774 1233 4842 γενομένοις
1280 4775 1463 4828 παισὶν
1496 4774 1745 4844 ἐλέγχους

209 4854 269 4915 ὧν
288 4865 713 4937 ἐπλημμέλησαν,
738 4867 983 4940 ἐπιφέρει
1005 4867 1287 4929 διδάσκων,
1322 4869 1403 4920 ὅτι
1434 4867 1542 4920 τῶν
1563 4867 1745 4920 τετολ-

212 4957 431 5023 μημένων
458 4961 640 5021 αὐτοῖς
680 4959 839 5012 ἕνεκα
867 4960 927 5012 οὐ
971 4959 1036 5012 δι’
1060 4960 1236 5013 αὐτῶν
1261 4959 1739 5031 ἐκπληρωθήσεται

204 5046 260 5096 τὰ
276 5047 371 5099 τῶν
390 5054 735 5123 προρρήσεων
756 5051 1166 5122 ἀποτελέσματα
1187 5070 1201 5084 ·
1234 5053 1325 5105 ἐπὶ
1351 5052 1406 5104 δὲ
1427 5054 1517 5105 τὸν
1556 5052 1742 5125 τέταρ-

204 5151 277 5188 τον
298 5139 450 5194 ἐλθὼν
474 5144 564 5196 τὸν
595 5143 813 5206 Ἰούδαν,
841 5144 973 5213 ὁμοῦ
1014 5145 1103 5197 τὸν
1135 5146 1381 5216 φήσαντα
1420 5144 1567 5214 αὐτῷ
1608 5163 1742 5216 χρη-

1844 4518 1975 4573 pore
2001 4500 2337 4560 convocatis,
2373 4492 2870 4562 circumspiciebat,
2900 4489 2967 4542 de
2997 4485 3154 4555 cujus
3196 4483 3411 4536 illorum

1843 4594 2227 4665 propagatione
2248 4590 2430 4644 divina
2470 4585 2693 4640 oracula
2725 4582 2882 4635 ﬁnem
2916 4593 3074 4634 suum
3105 4584 3286 4631 essent
3323 4588 3415 4625 ac-

1849 4700 2101 4757 ceptura;
2134 4684 2328 4739 deinde
2360 4696 2482 4735 cum
2518 4679 2693 4731 tribus
2724 4674 2915 4746 primis
2940 4671 3169 4725 crimina
3194 4668 3411 4737 propria

1847 4779 2160 4849 objecisset,
2197 4776 2383 4831 docuit
2414 4774 2669 4841 deinceps
2703 4763 3159 4840 quemadmodum
3192 4764 3411 4828 propter

1850 4872 2075 4933 scelera,
2113 4884 2231 4939 quae
2270 4868 2372 4937 ipsi
2422 4867 2541 4921 ausi
2577 4863 2813 4922 fuerant,
2857 4874 2966 4911 non
3001 4857 3052 4909 in
3097 4852 3230 4922 ipsis
3260 4863 3410 4903 com-

1847 4964 2039 5033 plenda
2094 4968 2296 5023 essent,
2337 4975 2457 5029 quae
2510 4976 2565 5011 In
2611 4955 2879 5026 prioribus
2934 4948 3170 5003 oraculis
3217 4948 3408 4998 eventa

1846 5054 2279 5107 continebantur.
2326 5052 2460 5105 Cum
2511 5058 2687 5103 autem
2740 5045 2975 5097 venisset
3025 5038 3089 5091 ad
3128 5042 3406 5104 quartum,

1844 5145 1935 5214 qui
1962 5142 2130 5198 Judas
2161 5142 2285 5209 fuit,
2313 5151 2423 5195 tum
2460 5155 2589 5193 vero
2619 5135 2900 5191 oraculum
2946 5128 3088 5199 quod
3129 5124 3231 5195 ipsi
3276 5122 3406 5176 olim

1844 5252 2164 5306 responsum
2192 5236 2418 5298 l‘uerat,r
2453 5232 2624 5301 Reges
2641 5231 2705 5284 de
2736 5225 2933 5281 lumbis
2965 5221 3087 5291 ejus
3110 5215 3398 5288 egredien-

1842 5337 1951 5393 tur,
1986 5348 2003 5379 ι
2036 5345 2101 5383 ex
2132 5328 2295 5397 hujus
2318 5325 2637 5395 posteritate
2671 5334 2827 5374 suum
2857 5316 3015 5369 ﬁnem
3049 5316 3403 5378 accepturum

1842 5422 2157 5490 planissime
2205 5420 2440 5476 cecinit:
2488 5423 2704 5471 constat
2752 5410 2899 5465 cnim
2946 5400 3403 5477 quemadmodum

204 5229 338 5298 σμὸν,
361 5252 377 5283 ι
417 5235 659 5299 Βασιλεῖς
695 5237 759 5288 ὲκ
777 5236 1081 5306 τῆςόσφύος
1098 5238 1257 5289 αὐτοῦ
1290 5237 1674 5301 ἐξελεύσονται,
1714 5259 1731 5289 ι

198 5319 272 5374 διὰ
307 5325 395 5394 τῆς
433 5329 623 5382 τούτου
669 5330 915 5401 διαδοχῆς
949 5330 1098 5394 τέλος
1146 5330 1404 5400 λήψεσθαι
1456 5330 1730 5395 θεσπίζει·

196 5414 432 5487 πψλον
456 5423 563 5494 γὰρ
609 5423 685 5486 ὼς
730 5424 793 5476 ἐκ
819 5424 917 5495 τῆς
951 5422 1115 5476 Ἰούδα
1153 5423 1321 5493 φυλῆς
1356 5424 1417 5477 τὸ
1461 5423 1733 5493 βασιλικὸν

252 5614 293 5644 ²¹
329 5615 451 5674 Gen.
490 5636 653 5676 xux.
694 5621 745 5673 l.
852 5621 895 5651 ²⁹
938 5622 1065 5675 ibid.
1104 5622 1251 5674 8-H).
1361 5623 1405 5652 ³⁰
1448 5624 1580 5680 (lori.
1622 5641 1729 5690 .\‘:t,

1926 5626 1963 5657 δ’
2009 5623 2140 5679 Cen.
2179 5639 2344 5686 \‘Vlll,
2404 5621 2483 5675 lS.
2593 5620 2634 5651 3’
2677 5618 2809 5672 Gen.
2850 5629 3010 5679 xxvi.
3048 5611 3099 5667 -i.
3177 5607 3222 5641 ³³
3259 5604 3395 5662 Cen.

194 5696 365 5748 nun,
395 5691 473 5743 15.
524 5692 596 5763 j‘
636 5691 765 5745 ibid.
807 5691 885 5744 li.
966 5694 1008 5722 ³⁵
1052 5693 1183 5748 tit-II.
1223 5709 1395 5750 sxw.
1440 5696 1520 5749 ll.

1926 5626 1963 5657 ⁵¹
2009 5623 2140 5679 Cen.
2179 5639 2344 5686 mu,
2404 5621 2483 5675 lS.
