3868 6196
561 253 667 310 575

1228 253 1496 309 EUSEBII
1535 251 2012 308 CESARIENSIS
2039 252 2188 309 OPP.
2233 252 2412 309 PARS
2449 251 2512 308 ll.
2533 285 2602 294 —
2621 253 3118 311 APOLOGETICA.
3683 253 3758 310 57l

560 368 629 425 de
661 370 806 424 tribu
836 367 972 423 Juda
1002 365 1211 436 regium
1239 381 1412 437 genus
1442 367 1733 428 exstiterit,
1763 377 1818 422 et
1843 368 2004 422 simul
2037 366 2126 422 Dei

2233 368 2460 437 συνέστη
2496 367 2650 436 γένος
2672 385 2684 396 ·
2725 367 2860 439 ὁμοῦ
2906 368 2999 421 καὶ
3031 367 3130 431 τὰς
3155 365 3247 420 τοῦ
3291 365 3426 420 Θεοῦ
3469 365 3758 438 προρρήσει,

564 475 824 530 responsa
877 459 1228 529 gentiumque
1276 458 1548 528 promissa
1606 460 1806 530 quibus
1864 461 2130 514 instarent

562 551 917 622 temporibus,
943 550 1198 604 ostendit.
1237 550 1412 620 Atque
1438 567 1505 605 ex
1536 566 1601 606 eo
1639 552 1978 621 proditurum
2010 568 2130 606 esse

561 643 746 697 docuit
771 657 915 706 eum,
951 642 1044 712 qui
1079 652 1222 697 esset
1255 643 1507 697 omnibus
1531 645 1784 712 gentibus
1811 644 2130 714 cunctisque

564 735 812 788 tribubus
841 743 998 788 teme
1028 735 1222 788 similis
1270 735 1373 802 ipsi
1419 735 1692 788 Abraham
1735 736 2130 791 benedictionis

564 835 754 879 auctor
799 824 1040 881 futurus.
1075 825 1198 880 Haec
1240 826 1408 895 igitur
1452 826 1706 882 universa
1747 827 1966 882 fuerunt
2013 843 2130 898 qua:

559 916 661 986 ipsi
699 914 838 969 Juda
882 918 1118 984 reposita
1150 924 1326 980 erant,
1361 931 1424 970 ea
1469 917 1719 972 videlicet
1741 934 1860 989 qua:
1908 920 1974 974 de
1998 920 2128 990 ipsis

558 1008 812 1079 gentibus
842 1009 971 1062 0le
1017 1023 1279 1078 responsa
1323 1007 1540 1062 fuerant
1569 1027 1582 1063 :
1609 1016 1664 1064 et
1705 1009 1863 1074 illud,
1902 1030 1920 1062 c
1956 1011 2128 1082 Reges

559 1099 628 1154 de
657 1099 858 1155 lumbis
904 1100 1014 1153 tuis
1061 1098 1426 1168 egredientur,
1468 1119 1485 1151 ι
1527 1117 1697 1170 quare
1718 1102 1879 1156 etiam
1908 1103 2130 1172 reliquis

561 1188 824 1246 fratribus
879 1192 1223 1260 antepositus
1278 1193 1482 1262 regiam
1549 1193 1758 1262 ipsam,
1812 1195 2129 1264 ceterisque

559 1282 909 1338 illustriorem
949 1285 1148 1337 tribum
1179 1285 1408 1339 sortitus
1454 1293 1559 1338 est.
1604 1285 1878 1340 Continuo
1901 1287 2044 1342 enim
2075 1291 2126 1342 in

561 1377 732 1430 tutius
763 1375 947 1445 populi
991 1376 1338 1431 ordinatione
1372 1376 1546 1445 ipsius
1585 1375 1751 1447 Musis
1793 1379 2129 1448 temporibus

560 1463 787 1534 reliquis
822 1465 1073 1519 tribubus
1109 1466 1248 1519 bane
1279 1480 1510 1535 pratesse
1535 1466 1762 1536 imperat
1787 1466 1947 1522 Deus.
1985 1467 2130 1522 Scri-

560 1560 710 1624 ptum
736 1565 818 1609 est
855 1555 1021 1621 enim,
1056 1573 1073 1606 ι
1109 1554 1172 1608 Et
1197 1556 1411 1610 locutus
1437 1564 1520 1610 est
1547 1555 1806 1612 Dominus
1837 1557 1904 1612 ad
1927 1557 2128 1614 Mosem

559 1653 613 1700 et
638 1645 820 1699 Aaron
852 1647 1044 1701 dii-ens
1073 1665 1084 1699 :
1119 1647 1328 1716 Singuli
1357 1662 1451 1716 per
1484 1655 1713 1714 turmas,
1749 1649 1924 1720 signa,
1966 1660 2128 1722 atque

562 1737 754 1792 vexilla
793 1746 844 1791 et
884 1737 1079 1792 domus
1116 1739 1498 1810 cognationum
1547 1757 1791 1805 suarum,
1838 1752 2132 1798 castrame-

561 1837 743 1883 tentur
773 1831 864 1884 ﬁlii
911 1828 1073 1886 Israel
1108 1832 1160 1884 in
1209 1840 1502 1902 conspectu
1557 1836 1766 1889 Domini
1810 1851 1905 1906 per
1941 1852 2130 1908 gyrum

561 1922 899 1977 tabernaculi
936 1923 1259 1988 testimonii,
1292 1935 1347 1979 et
1393 1936 1840 1984 castrametantes
1875 1929 2035 2000 primi
2066 1929 2133 1984 ad

562 2016 853 2078 orientem,
887 2015 1034 2070 acies
1081 2024 1385 2071 castrorum
1418 2017 1646 2072 ﬁliorum
1691 2017 1852 2082 Juda,
1884 2036 2006 2075 curn
2035 2036 2131 2075 co-

559 2104 665 2174 piis
699 2105 902 2159 suis“.
940 2125 958 2158 ι
993 2108 1069 2160 Ac
1105 2106 1361 2177 deinceps
1398 2109 1450 2162 in
1483 2109 1549 2164 iis
1582 2124 1702 2178 quae
1732 2110 1799 2164 ad
1828 2111 2132 2165 innovatio-

559 2211 683 2250 nem
733 2197 1068 2252 tabernaculi
1125 2199 1435 2254 referuntur
1464 2220 1476 2255 :
1508 2221 1526 2252 ι
1563 2201 1707 2256 Dixit
1756 2200 2016 2259 Dominus
2065 2204 2130 2258 ad

558 2285 760 2341 Mosem
789 2307 801 2343 :
826 2285 1087 2359 Princeps
1115 2306 1254 2344 unus
1270 2307 1364 2361 per
1388 2292 1632 2362 singulos
1659 2292 1777 2348 dies
1806 2293 1992 2350 oﬂeret
2012 2311 2133 2349 mu-

555 2395 685 2434 nera
709 2395 807 2434 sua
838 2397 853 2447 ;
883 2388 938 2436 et
970 2380 1072 2435 fuit
1104 2381 1339 2437 offerens
1377 2385 1551 2452 primo
1581 2385 1669 2440 die
1716 2401 1915 2440 munus
1945 2401 2126 2453 suum,

555 2471 797 2528 Naasson
836 2472 976 2530 ﬁlius
1016 2474 1337 2541 Aminadab,
1380 2475 2062 2548 princepstribusluda".
2105 2497 2124 2531 ι

553 2564 720 2635 368
758 2563 822 2618 Et
858 2565 911 2618 in
947 2565 1086 2619 libro
1114 2564 1242 2620 Jesu
1284 2567 1425 2621 Nave
1474 2583 1598 2621 cum
1637 2575 1781 2622 terra
1813 2568 2130 2637 promissio-

555 2654 642 2708 nis
687 2660 833 2708 sorte
886 2653 1098 2708 eaeteris
1149 2655 1402 2709 tribubus
1456 2655 1744 2710 distributa
1801 2666 1966 2719 esset,
2013 2659 2130 2713 sine

556 2751 702 2798 sorte
719 2744 1073 2814 omniumque
1101 2747 1271 2815 prima
1299 2747 1475 2802 tribus
1499 2745 1637 2802 Juda
1670 2750 1942 2818 propriam
1973 2758 2130 2805 terra:

554 2844 764 2905 partem
800 2837 1030 2905 accepit.
1066 2834 1170 2890 Sed
1201 2838 1363 2891 etiam
1397 2845 1518 2908 post
1549 2849 1778 2893 mortem
1807 2839 1934 2896 Jesu
1971 2857 2130 2912 roga-

552 2930 750 2976 verunt
783 2923 875 2977 lilii
907 2923 1070 2978 lsrael
1096 2926 1147 2978 in
1171 2925 1396 2980 Domino
1420 2927 1664 2982 dicentes
1694 2947 1706 2982 :
1731 2948 1749 2980 ι
1782 2929 1914 2996 Quis
1939 2946 2130 2987 ascen-

2233 459 2323 510 καὶ
2347 457 2444 530 τὰς
2470 459 2580 510 τῶν
2605 458 2772 512 ἐθνῶν
2789 459 3127 530 ὑποσχέσεις,
3151 459 3271 512 καθ’
3287 459 3502 521 ὁποίους
3523 459 3758 529 ἐνστήσον

2229 564 2318 600 ται
2349 549 2571 620 χρόνους
2605 548 2948 621 παρίστησιν,
2993 547 3052 612 ἐξ
3077 548 3240 602 αὑτοῦ
3280 564 3339 600 τε
3379 546 3758 618 προελεύσεσθα

2229 639 2464 694 διδάσκει
2485 640 2576 693 τὸν
2608 641 2865 711 μέλλοντα
2885 641 3054 694 αἴτιον
3076 639 3508 711 καταστήσεσθαι
3531 641 3659 693 πᾶσι
3683 643 3757 692 rei.

2231 730 2426 796 ἔθνεσι,
2457 735 2548 786 καὶ
2598 733 2796 797 πάσαις
2832 737 2950 797 ταῖς
2978 733 3168 802 φυλαῖς
3205 734 3303 803 τῆς
3346 733 3452 802 γῆς
3485 733 3582 802 τῆς
3616 749 3755 804 παρα

2231 824 2462 893 πλησίας
2507 823 2584 894 τῷ
2629 825 2876 896 Ἀϐραὰμ
2923 826 3189 894 εὐλογίας.
3229 827 3413 880 Ταῦτα
3451 822 3543 878 οὖν
3587 827 3758 879 ἅπαντι

2227 911 2296 987 ἦν
2324 915 2390 968 τὰ
2416 915 2748 987 ἀποκείμενα
2785 915 2861 986 τῷ
2896 917 3084 988 Ἰούδᾳ,
3110 917 3309 987 δηλαδὴ
3351 917 3422 971 τὰ
3453 917 3620 971 πάλαι
3664 935 3758 988 προ

2231 1005 2585 1058 θεσπισθέντα
2616 1005 2742 1077 περὶ
2783 1006 2885 1058 τῶν
2918 1005 3105 1070 ἐθνῶν,
3134 1007 3228 1060 καὶ
3272 1006 3352 1070 τὸ,
3383 1026 3401 1057 ι
3449 1006 3693 1070 Βασιλεῖς
3729 1009 3758 1058 ἐξ

2228 1095 2327 1165 τῆς
2352 1097 2550 1164 ὀσφύος
2588 1114 2680 1150 σου
2709 1096 3095 1161 ἐξελεύσονται*
3128 1118 3146 1148 ι
3177 1098 3258 1151 διὸ
3302 1099 3395 1152 καὶ
3442 1098 3547 1152 τῶν
3593 1097 3754 1151 λοιπῶ

2229 1186 2468 1255 ἀδελφῶν
2513 1187 2821 1258 προκριθεὶς
2851 1189 3131 1260 βασιλικῆς
3174 1188 3346 1260 φυλῆς
3377 1192 3468 1243 καὶ
3497 1190 3754 1262 διαπρεπε

2232 1277 2428 1347 στέρας
2477 1279 2626 1346 παρὰ
2671 1278 2769 1342 τὰς
2800 1279 2988 1343 λοιπὰς
3031 1278 3254 1350 ἠξιώθη.
3308 1281 3514 1334 Αὐτίκα
3555 1279 3648 1333 ἐπὶ
3694 1281 3757 1351 τῆ

2228 1364 2516 1432 διατάξεως
2545 1368 2636 1422 τοῦ
2659 1371 2856 1434 παντὸς
2893 1369 3022 1424 λαοῦ
3057 1370 3196 1424 κατὰ
3217 1371 3341 1434 τοὺς
3363 1371 3644 1434 Μωῦσέως
3669 1372 3758 1441 χρὸ

2230 1475 2350 1522 νους
2370 1460 2615 1530 ἡγεῖσθαι
2641 1461 2842 1532 ταύτην
2862 1464 2890 1515 ὁ
2911 1462 3043 1526 Θεὸς
3072 1461 3176 1516 τῶν
3198 1461 3395 1516 λοιπῶν
3427 1463 3612 1531 φυλῶν
3633 1481 3758 1535 προσ

2229 1553 2430 1605 τάττει.
2467 1552 2779 1624 Γέγραπται
2810 1553 2938 1625 γάρ·
2981 1574 2999 1605 ι
3037 1556 3146 1608 Καὶ
3163 1554 3388 1626 ἐλάλησε
3422 1556 3633 1629 Κύριος
3670 1559 3758 1627 πρὶ

2231 1645 2468 1716 Μωῠσῆν
2519 1646 2612 1699 καὶ
2676 1646 2905 1719 Ἀαρὼν,
2958 1646 3159 1716 λέγων’
3211 1647 3489 1718 ἄνθρωπος
3539 1649 3758 1718 ἐχόμενα

2233 1736 2374 1790 κατὰ
2401 1738 2656 1807 τάγματα
2680 1738 2867 1800 αὑτοῦ,
2896 1738 3037 1792 κατὰ
3065 1739 3321 1809 σημαίας,
3352 1740 3469 1794 κατ’
3490 1741 3679 1802 οῐκους
3700 1756 3758 1792 πα

2232 1827 2397 1899 τριῶν
2417 1827 2597 1880 αὐτῶν
2625 1829 3119 1900 παρεμϐαλέτωσαν
3149 1832 3197 1883 οι
3233 1831 3336 1884 υἱοὶ
3380 1831 3602 1902 Ἰσραὴλ
3627 1832 3758 1883 Evam

2233 1918 2460 1989 Κυρίου,
2493 1917 2675 1988 κύκλῳ
2720 1919 2817 1989 τῆς
2864 1919 3068 1989 σκηνῆς
3097 1919 3191 1972 τοῦ
3241 1920 3564 1991 μαρτυρίου,
3620 1921 3708 1973 καὶ
3745 1937 3758 1973 ι

2234 2008 2700 2080 παρεμϐάλλοντες
2733 2010 2937 2080 πρῶτοι
2969 2012 3110 2066 κατὰ
3137 2011 3418 2075 ἀνατολὰς,
3448 2011 3638 2083 τάγμα
3667 2029 3758 2082 παρ

2231 2101 2464 2171 ἐμϐολῆς
2510 2101 2642 2155 υἱῶν
2691 2101 2892 2165 Ἰούδα,
2951 2104 3046 2156 σὺν
3099 2103 3323 2174 δυνάμει
3369 2097 3571 2156 αὐτῶν.
3629 2123 3648 2156 θ
3691 2105 3758 2156 Ka

2231 2191 2357 2262 ἑξῆς
2387 2193 2478 2244 ἐπὶ
2500 2191 2603 2244 τῶν
2621 2193 2700 2255 είς
2729 2193 2817 2245 τὸν
2844 2194 3193 2265 ἐγκαινισμδν
3225 2195 3324 2265 τῆς
3369 2195 3574 2265 σκηνῆς
3607 2196 3758 2263 dvas:

2235 2282 2474 2354 ρομένων
2499 2301 2512 2314 ο
2549 2302 2568 2334 ι
2609 2280 2743 2337 Εῐπε
2773 2285 2974 2356 Κύριος
3019 2287 3155 2357 πρὸς
3196 2287 3466 2355 Μωῦσῆν·
3507 2289 3687 2357 ἅρχων
3716 2283 3758 2340 εἰ

2230 2376 2350 2430 καθ’
2395 2377 2604 2449 ἡμέραν
2659 2380 3006 2449 προσοίσουσι
3061 2379 3130 2432 τὰ
3179 2378 3326 2451 δῶρα
3369 2380 3565 2433 αὐτῶν.
3601 2376 3754 2450 Καὶῆ

2229 2469 2599 2541 ὁπροσφέρων
2644 2472 2709 2540 τῇ
2757 2469 2937 2542 ἡμέρᾳ.
2963 2473 3029 2542 τῇ
3075 2469 3266 2544 πρώτῃ
3312 2472 3374 2525 τὸ
3399 2471 3568 2544 δῶρον
3609 2472 3758 2526 αὑτοῦ

2228 2558 2496 2612 Ναασσὼν
2526 2561 2640 2624 υἱὸς
2675 2561 2988 2630 Ἀμιναδάϐ,
3019 2562 3200 2635 ἄρχων
3223 2562 3320 2632 τῆς
3351 2563 3523 2632 φυλῆς
3557 2565 3732 2617 Ἰούδα.

2229 2647 2335 2700 Kal
2363 2650 2418 2700 ἐν
2451 2651 2513 2719 τῇ
2569 2648 2732 2720 βίϐλῳ
2768 2649 2825 2702 δὲ
2865 2649 2959 2702 τοῦ
3006 2649 3178 2720 Ἰησοῦ
3229 2650 3322 2703 τοῦ
3356 2651 3510 2722 Ναυῆ
3559 2652 3656 2723 τῆς
3695 2652 3757 2722 γῆ

2227 2737 2324 2808 τῆς
2350 2739 2682 2812 ἐπαγγελίας
2709 2740 2894 2812 κλήρῳ
2932 2743 3072 2796 κατὰ
3104 2743 3212 2796 τῶν
3246 2743 3442 2798 λοιπῶν
3475 2745 3656 2815 φυλῶν
3679 2747 3757 2801 δια

2226 2831 2588 2903 νεμηθείσης,
2643 2832 2921 2905 ἀκληρωτὶ
2979 2834 3072 2887 καὶ
3132 2834 3320 2888 πασῶν
3370 2835 3558 2908 πρώτη
3619 2840 3652 2909 ἡ
3700 2855 3757 2891 τοι

2240 2924 2404 2977 ’ἰούδα
2455 2924 2593 2996 φυλὴ
2631 2925 2691 2977 τὸ
2717 2927 2914 2978 οἰκεῖον
2943 2925 3108 2996 μέρος
3138 2926 3238 2995 τῆς
3262 2925 3368 2994 γῆς
3404 2928 3758 2999 ἀπολαμϐάνει

554 3015 647 3069 det
679 3023 805 3069 ante
849 3030 952 3070 nos
985 3027 1177 3070 contra
1217 3016 1606 3083 Chananaaum,
1639 3030 1691 3074 et
1731 3023 1833 3076 erit
1861 3023 1971 3077 dux
2001 3025 2125 3080 belli

2243 3015 2399 3068 Ἀλλά
2440 3018 2530 3070 καὶ
2567 3016 2704 3087 μετὰ
2747 3016 2846 3087 τὴν
2895 3014 3148 3088 τελευτὴν
3191 3018 3363 3089 Ἰησοῦ
3407 3019 3700 3091 ἐπηρώτων
3739 3039 3758 3073 ο

555 3105 610 3160 in
640 3106 802 3161 eum?
834 3105 900 3159 Et
933 3107 1074 3160 dixit
1118 3107 1401 3172 Dominus,
1447 3107 1616 3165 Iudas
1663 3113 1958 3168 ascendet:
1999 3130 2127 3170 ecce

554 3198 678 3252 dedi
727 3207 928 3253 terram
981 3199 1036 3252 in
1069 3215 1261 3256 manus
1287 3201 1407 3269 ejus
1429 3203 1493 3257 ³³.
1529 3222 1549 3254 ι
1587 3201 1752 3258 Plane
1781 3205 1946 3274 igitur
1979 3209 2123 3260 omni

555 3289 721 3344 lsrael
757 3305 990 3360 praeesse
1025 3291 1227 3344 tribum
1277 3290 1416 3346 Juda
1447 3292 1588 3348 Deus
1629 3294 1682 3348 in
1715 3294 1799 3349 his
1831 3295 2014 3350 verbis
2037 3296 2127 3366 ju-

555 3381 665 3438 bet.
695 3383 964 3448 Qnocirca
994 3382 1253 3460 deinceps
1282 3385 1544 3454 scriptum
1571 3392 1656 3440 est
1690 3401 1702 3437 :
1737 3405 1756 3438 ι
1790 3386 1850 3440 Et
1883 3389 2127 3444 ascendit

552 3471 748 3538 ludas,
779 3481 832 3526 et
863 3473 1088 3528 tradidit
1139 3472 1398 3529 Dominus
1429 3475 1794 3531 Chananazum
1837 3487 1889 3532 et
1927 3477 2128 3534 Phere-

557 3579 731 3618 zzeum
761 3565 816 3618 in
842 3580 1065 3620 manum
1093 3567 1292 3634 ejus".
1324 3586 1342 3618 ι
1381 3565 1446 3621 Et
1468 3584 1660 3622 rursus
1687 3585 1698 3620 :
1735 3587 1755 3620 ι
1793 3568 1858 3622 Εῑ
1892 3570 2122 3631 bellave-

555 3663 685 3710 runt
721 3657 816 3711 ﬁlii
859 3655 998 3712 Juda
1028 3659 1081 3712 in
1119 3659 1456 3722 Jerusalem,
1506 3668 1560 3714 et
1598 3662 2125 3730 comprehenderunt

552 3763 696 3814 eam,
726 3757 779 3804 et
811 3750 1211 3806 descenderunt
1242 3752 1333 3806 ﬁlii
1357 3751 1497 3807 Juda
1524 3754 1578 3808 in
1608 3753 1976 3810 Chananzeum
1999 3756 2065 3810 η.
2099 3776 2118 3807 ι

555 3839 622 3894 Et
671 3857 906 3898 rursus:
955 3864 973 3895 ε
1023 3843 1086 3898 Et
1120 3846 1252 3899 abiit
1294 3844 1464 3901 ludas
1513 3862 1636 3900 eum
1677 3845 1911 3919 Symeon
1959 3848 2126 3905 fratre

556 3951 657 3990 suo
679 3934 747 3989 ⁴¹.
781 3955 798 3988 ι
830 3935 895 3990 Et
923 3936 1184 4007 deinceps
1211 3955 1224 3992 :
1253 3961 1271 3988 ι
1309 3937 1372 3992 Ει
1403 3938 1502 3992 fuit
1529 3938 1787 3996 Dominus
1810 3955 1931 3994 cum
1959 3940 2119 4006 Juda.

551 4033 607 4080 et
636 4027 883 4096 possedit
903 4033 1138 4081 montem
1156 4027 1220 4082 δ’.
1243 4047 1262 4080 ι
1282 4029 1345 4083 Et
1369 4039 1489 4100 post
1512 4031 1627 4086 haec
1661 4047 1675 4084 :
1708 4050 1727 4083 ι
1757 4031 1822 4085 Et
1859 4035 2122 4090 ascende-

553 4123 681 4168 runt
717 4116 809 4170 ﬁlii
849 4115 1050 4189 Ioseph
1095 4120 1198 4189 ipsi
1246 4136 1461 4191 quoque
1509 4123 1564 4176 in
1609 4122 1809 4180 Baetliel
1855 4135 1908 4180 et
1953 4124 2122 4184 Judas

551 4221 676 4259 cum
704 4207 840 4276 ipsis
861 4205 926 4262 ⁵³.
967 4228 986 4260 ι
1013 4208 1198 4280 Itaque
1229 4226 1351 4267 cum
1379 4215 1432 4266 in
1464 4213 1604 4269 libro
1629 4213 1906 4280 Judicum,
1937 4218 2120 4274 diver-

553 4298 632 4351 sis
674 4300 1014 4367 temporibus
1065 4301 1304 4372 (tametsi
1335 4304 1677 4360 diversarum
1726 4307 1966 4370 tribuum
1999 4325 2120 4366 esse

2229 3108 2332 3160 uiol
2377 3107 2589 3179 Ἰσραὴλ
2628 3109 2685 3160 ἐν
2715 3109 2924 3180 Κυρίῳ,
2966 3108 3213 3176 λέγοντες
3236 3127 3248 3139 ·
3291 3127 3310 3160 ι
3343 3111 3438 3174 Τίς
3472 3112 3758 3182 ἀναϐήσετα

2227 3201 2259 3270 ἡ
2268 3201 2356 3270 μίν
2386 3201 2521 3272 πρὸς
2545 3199 2635 3253 τὸν
2669 3199 2990 3268 Καναναῖον,
3030 3201 3405 3273 ἀφηγούμενος
3442 3204 3534 3258 τού
3559 3205 3758 3275 ’πολεμῆ

2229 3307 2315 3343 σαι
2367 3291 2424 3342 ἐν
2489 3290 2676 3362 αύτῷς
2726 3292 2836 3344 Καὶ
2884 3287 3002 3344 εἷπε
3045 3291 3244 3365 Κύριος
3276 3310 3288 3323 ·
3357 3295 3555 3359 Ἰούδας
3603 3295 3758 3366 άναϐή

2228 3399 2394 3435 σεται.
2443 3381 2571 3435 Ἰδοὺ
2619 3382 2824 3436 δέδωκα
2866 3383 2964 3454 τὴν
3019 3385 3119 3454 γῆν
3175 3385 3255 3448 είς
3309 3389 3499 3457 χεῖρας
3545 3385 3724 3439 αὑτοῦ.

2226 3473 2421 3542 Σαφῶς
2480 3468 2572 3528 οὖν
2622 3473 2713 3526 τοῦ
2759 3475 2958 3539 παντὸς
3007 3475 3219 3546 Ἰσραὴλ
3257 3476 3506 3548 ἡγεῖσθαι
3556 3479 3651 3548 τὴν
3701 3477 3758 3529 τοί

2240 3566 2404 3620 Ἰούδα
2432 3565 2601 3637 φυλὴν
2627 3568 2656 3620 ὁ
2696 3567 2826 3630 Θεὸς
2863 3567 2950 3620 διὰ
2995 3567 3194 3622 τούτων
3245 3569 3604 3640 προστάττει·
3667 3569 3758 3622 ὃθεη

2227 3659 2354 3729 ἑξῆς
2385 3659 2691 3731 γέγραπται
2717 3675 2730 3688 '
2768 3677 2786 3709 ι
2814 3659 2924 3712 Καὶ
2948 3659 3114 3730 ἀνέϐη
3158 3659 3377 3723 Ἰούδας,
3403 3661 3498 3713 καὶ
3521 3661 3756 3732 παρέδωκ

2225 3751 2428 3822 Κύριος
2446 3751 2536 3803 τὸν
2563 3751 2861 3804 Χαναναῖον
2888 3751 2980 3803 καὶ
3006 3751 3096 3803 τὸν
3121 3749 3408 3822 Φερεζαῖον
3443 3753 3504 3806 ἐν
3529 3754 3668 3823 χειρὶ
3699 3753 3757 3804 αὖ

2224 3841 2336 3895 τοῦ·
2375 3861 2394 3893 ι
2441 3843 2536 3896 καὶ
2579 3842 2758 3896 πάλιν·
2800 3860 2819 3892 ι
2868 3843 2976 3894 Kal
3015 3841 3357 3914 ἐπολέμησαν
3395 3845 3444 3898 oi.
3487 3846 3590 3898 υίοὶ
3626 3844 3758 3897 Ἰοῦδί

2225 3935 2281 3987 ἐν
2327 3933 2697 4003 Ἰερουσαλὴμ,
2747 3933 2840 3985 καὶ
2884 3932 3244 3987 κατελάϐοντο
3284 3935 3475 4006 αὐτὴν.
3510 3937 3603 3990 καὶ
3664 3953 3754 3991 κατ

2225 4025 2425 4096 έϐησαν
2475 4026 2581 4077 υἱοὶ
2625 4023 2815 4088 Ἰούδα,
2859 4023 3164 4095 πολεμῆσαι
3213 4029 3270 4079 ἐν
3315 4025 3393 4096 τῷ
3415 4029 3710 4097 Χαναναίῳ.
3756 4069 3757 4074 η

2224 4117 2332 4168 Kal
2387 4111 2566 4178 αὖθιςν
2605 4133 2624 4165 ι
2661 4117 2767 4169 Kal
2817 4115 3086 4188 ἐπορεύθη
3132 4116 3330 4180 Ἰούδας
3395 4117 3534 4187 μετὰ
3575 4117 3758 4188 Συμεὼν

2221 4211 2313 4264 τοῦ
2361 4209 2586 4280 ἁδελφοῦ
2635 4209 2818 4264 αὑτοῦ.
2882 4231 2900 4261 2
2950 4211 3059 4264 Kal
3108 4209 3262 4282 ἐξῆςσ
3310 4211 3420 4264 Kal
3475 4207 3541 4283 ἦν
3597 4213 3758 4281 Κύριο

2226 4304 2362 4375 μετὰ
2392 4303 2577 4366 Ἰούδα,
2613 4304 2706 4357 καὶ
2750 4303 3152 4375 ἐκληρονόμησε
3186 4304 3246 4357 τὸ
3293 4304 3418 4375 ὅρος
3442 4322 3457 4336 ·
3500 4325 3519 4358 ι
3575 4307 3664 4360 καὶ
3697 4321 3757 4375 με

551 4384 915 4455 videbantur),
935 4388 1148 4456 judices
1179 4393 1376 4461 popqu
1400 4402 1716 4462 praeessent,
1743 4397 1918 4453 tribus
1938 4406 2118 4455 tamen

2228 4396 2288 4449 τὰ
2317 4397 2518 4455 cauta‘
2559 4416 2577 4449 ι
2606 4397 2714 4449 Kal
2745 4395 3011 4467 ἀνέϐησαν
3077 4397 3126 4449 οἱ
3173 4398 3276 4450 υἰοι
3321 4399 3550 4468 Ἰωσὴφ,
3598 4397 3683 4451 καί
3724 4415 3757 4465 γ

549 4473 690 4531 .‘uda
727 4477 780 4530 in
812 4480 1125 4536 universum
1166 4485 1332 4540 totius
1363 4487 1538 4556 gentis
1565 4485 1674 4540 dux
1703 4495 1859 4543 erat:
1889 4490 2122 4560 idipsum

552 4583 682 4622 vero
712 4572 1053 4639 temporibus
1089 4573 1256 4630 David
1283 4593 1777 4649 successurumque
1806 4581 1926 4649 ejus
1956 4585 2124 4638 multo

552 4660 746 4729 magis,
774 4661 972 4731 quippe
1004 4679 1128 4718 eum
1163 4667 1419 4735 plane'de
1444 4669 1588 4723 tribu
1625 4669 1763 4724 Juda
1801 4673 1874 4725 illi
1899 4675 2128 4730 exsiste-

552 4760 697 4814 rent,
743 4759 797 4806 et
842 4768 1068 4824 regnum
1115 4773 1288 4828 usque
1341 4759 1407 4814 ad
1462 4759 1846 4833 Babylonicam
1883 4765 2125 4834 ipsorum

554 4842 765 4897 cladem
808 4844 1184 4914 produxerim,
1223 4857 1343 4918 post
1377 4865 1539 4920 quam
1580 4852 1789 4908 cladem
1823 4854 1889 4908 iis
1929 4856 2020 4924 qui
2055 4855 2120 4910 de

553 4933 643 4988 illa
674 4936 935 4990 servitute
958 4938 1012 4992 in
1046 4939 1273 5008 patriam
1305 4950 1503 4996 terram
1523 4945 1727 4999 reversi
1755 4954 1902 5010 sunt,
1928 4961 2120 5003 rursus

552 5023 771 5092 praefuit
801 5025 1123 5095 Zoroliabel,
1174 5027 1432 5085 Salatliiel
1481 5030 1622 5087 ﬁlius
1662 5032 1730 5088 de
1773 5036 1916 5088 tribu
1956 5034 2116 5091 Juda.

551 5113 681 5170 Inde
726 5118 889 5172 etiam
935 5117 1220 5190 Scriptura
1250 5137 1371 5192 qua:
1415 5121 1868 5193 Paralipomenon
1897 5126 2118 5190 dicitur,

551 5206 835 5264 duodecim
873 5212 1109 5266 tribuum
1151 5212 1316 5268 Israel
1335 5215 1540 5269 seriem
1575 5217 1788 5284 generis
1833 5233 2118 5286 enarrans,

553 5300 622 5353 ab
646 5316 708 5354 ea
741 5319 861 5372 qua:
886 5313 969 5360 est
1001 5305 1173 5375 ipsius
1199 5305 1338 5361 Juda
1372 5306 1502 5362 fecit
1551 5307 1768 5362 initium
1801 5327 1813 5362 :
1848 5327 1976 5382 ergo
2001 5313 2120 5382 ipso

551 5389 744 5448 ordine
774 5397 1022 5466 sequitur
1049 5405 1107 5452 ut
1144 5399 1305 5454 etiam
1359 5401 1750 5470 posterioribus
1783 5407 2121 5475 temporibus

552 5481 818 5542 fateamur
845 5492 1088 5547 eamdem
1123 5494 1324 5549 tribum
1347 5495 1571 5567 reliquis
1593 5496 1893 5569 przefuisse,
1927 5517 2123 5573 quam-

2227 4490 2380 4543 αὐτοὶ
2425 4491 2482 4542 ἐν
2522 4488 2743 4560 Βαιθὴλ,
2791 4490 2882 4542 καὶ
2933 4489 3130 4552 Ἰούδας
3159 4490 3272 4556 μετ³
3318 4490 3514 4544 αὐτῶν.
3551 4509 3568 4542 ι
3607 4491 3708 4543 Kal
3729 4491 3758 4541 t'

2225 4584 2291 4652 τῇ
2351 4579 2514 4652 βίϐλῳ
2553 4580 2608 4634 δὲ
2667 4579 2775 4634 τῶν
2820 4579 3036 4651 Κριτῶν
3080 4580 3348 4653 διαφόρων
3395 4583 3534 4636 κατὰ
3577 4581 3758 4654 χρόνον

2228 4671 2633 4744 προϊσταμένων
2663 4671 2757 4725 τοῦ
2797 4671 2946 4734 λαοῦ,
2982 4673 3031 4724 εί
3063 4673 3156 4726 καὶ
3184 4675 3250 4727 ἐκ
3285 4674 3552 4747 διαφόρων
3579 4675 3758 4729 ἐδόκουι

2227 4759 2364 4816 εἶναι
2397 4762 2577 4833 φυλῶν
2608 4765 2656 4817 oi
2685 4763 2888 4834 κριταὶ,
2911 4763 3057 4833 ὅμως
3085 4763 3144 4816 δέ
3174 4765 3400 4818 καθόλου
3435 4769 3466 4838 ἡ
3495 4766 3586 4820 τοῦ
3625 4763 3758 4818 Ἰούδι

2229 4855 2368 4928 φυλὴ
2400 4854 2493 4908 τοῦ
2525 4856 2722 4919 παντὸς
2753 4855 2936 4918 ἔθνους
2968 4857 3151 4924 ἡγεῖτο
3173 4873 3187 4887 ·
3219 4857 3396 4928 πολλῷ
3425 4858 3484 4911 δὲ
3519 4858 3667 4911 πλέον
3691 4856 3758 4907 ἐπέ

2226 4949 2334 5003 τῶν
2365 4949 2571 5022 χρόνων
2602 4947 2695 5001 τοῦ
2728 4947 2911 5011 Δαϐὶδ,
2945 4947 3039 5001 καὶ
3071 4946 3178 5001 τῶν
3209 4948 3398 5002 τούτου
3429 4949 3694 5019 διαδόχων,
3713 4947 3758 4998 ἐκ

2227 5041 2398 5113 φυλῆς
2440 5041 2535 5112 μὲν
2565 5041 2660 5094 τοῦ
2700 5040 2868 5094 Ἰούδα
2917 5040 3234 5110 γεγονότων,
3271 5043 3435 5114 μέχρι
3483 5043 3540 5096 δὲ
3571 5042 3664 5110 τῆς
3702 5039 3758 5102 είς

2227 5135 2519 5188 Βαϐυλῶνα
2546 5132 2918 5204 αἰχμαλωσίας
2943 5133 3041 5204 τὴν
3077 5132 3349 5202 βασιλείαν
3379 5133 3758 5204 διενεγκάντωντ

2229 5225 2344 5296 μεθ’
2376 5227 2442 5296 ἢν
2467 5226 2576 5279 τῶν
2607 5226 2672 5278 ἐκ
2701 5225 2798 5294 τῆς
2818 5224 3192 5297 αἰχμαλωσίας
3223 5227 3314 5279 ἐπὶ
3343 5226 3444 5298 τὴν
3467 5226 3666 5281 οίκείαν
3685 5224 3758 5294 γῆι

2227 5317 2550 5371 ἐπανιόντων
2577 5313 2731 5380 αὖθις
2753 5318 2966 5387 ἡγεῖται
2991 5315 3314 5388 Ζοροϐάϐελ,
3343 5320 3372 5371 ὁ
3402 5318 3498 5372 τοῦ
3527 5313 3758 5386 Σαλαθιὴῖ

2228 5410 2290 5462 ἐκ
2323 5408 2493 5478 φυλῆς
2539 5407 2723 5466 Ἰούδα,
2763 5411 2790 5462 ὁ
2823 5407 3029 5462 καὶτὸν
3049 5407 3184 5463 νεὼν
3218 5411 3458 5482 ἐγείρας.
3488 5411 3672 5465 Ἔνθεν
3691 5405 3758 5462 καί

2231 5501 2403 5573 ἡτῶν
2439 5501 2924 5574 Παραλειπομένων
2972 5504 3179 5574 γραφὴ,
3228 5503 3326 5568 τὰς
3368 5503 3576 5560 δώδεκα
3621 5503 3758 5574 φυλὰς

623 5600 1172 5688 '1Nll![l;ll,__2.h5.._
1232 5610 1293 5688 1⁷⁸
1318 5608 1479 5668 Num.
1521 5630 1616 5680 νει,
1659 5616 1740 5684 Η,
1784 5618 1862 5674 l2.
1943 5621 1986 5654 ³³
2021 5619 2123 5674 Jud

2254 5637 2302 5686 I,
2340 5625 2390 5686 l,
2427 5621 2480 5675 ἓ.
2558 5621 2597 5654 ³⁸
2637 5621 2746 5676 ibid
2798 5623 2850 5678 ι.
2925 5624 2970 5655 ⁸⁸
3009 5623 3139 5679 ibid:
3200 5622 3254 5688 3,
3284 5621 3335 5677 9.
3418 5624 3458 5655 “
3501 5624 3628 5678 ibid.
3695 5619 3758 5674 i7.

554 5673 602 5707 δ’
641 5671 772 5729 ibid.
813 5675 897 5730 i9.
964 5671 1032 5713 ’⁵³
1060 5679 1195 5736 Ibid.
1229 5679 1316 5739 22.
