3922 6200
319 249 416 304 577

1151 237 1801 303 DEMONSTRATIONIS
1819 236 2278 296 EVANGELICAS
2312 240 2443 295 LIB.
2480 241 2616 297 Vill.

3434 255 3541 312 578

315 370 402 426 τοῦ
446 367 658 439 Ἰσραὴλ
703 365 1113 436 γενεαλογοῦσα,
1147 367 1254 420 ἀπὸ
1299 365 1395 436 τῆς
1433 363 1527 417 τοῦ
1569 361 1737 416 Ἰούδα
1776 355 1842 428 τὴ

1944 400 1948 412 λ
1978 356 2062 411 vis
2115 355 2171 411 in
2224 367 2376 428 parte
2410 360 2590 429 aliqua
2620 360 2751 413 varii
2784 360 3093 432 diversique
3128 368 3329 438 populo
3364 374 3541 440 priet}-

311 463 583 535 καταρχὴν
630 462 938 531 ἐποιήσατο.
979 461 1205 514 Ἕπεται
1250 459 1314 530 δὴ
1357 454 1449 512 οὖν
1500 456 1704 519 τούτοις
1743 456 1872 508 ἀκο-

309 555 508 617 λούθως
555 553 647 607 καὶ
678 554 734 607 ἐν
763 555 875 615 τοῖς
908 551 1043 623 μετά
1083 551 1253 606 ταῦτα
1300 550 1511 621 χρόνοις
1556 547 1654 618 τὴν
1703 546 1869 618 αὐτὴν

310 645 473 716 φυλὴν
531 644 638 699 τῶν
697 643 896 697 λοιπῶν
941 643 1216 713 ὁμολογεῖν
1268 641 1535 712 ἡγεῖσθαι,
1569 642 1617 693 εί
1662 641 1755 693 καὶ
1810 641 1869 692 ὲν

312 737 460 807 μέρει
490 735 735 806 διάφοροι
769 735 1212 807 προειστήκεισαν
1242 733 1335 787 τοῦ
1364 732 1491 787 λαοῦ
1512 749 1525 762 ο
1560 726 1635 786 ὧν
1662 732 1722 784 οὐ
1749 730 1866 784 καθ’

304 826 433 895 ἡμῖν
464 822 684 877 δυνατὸν
715 823 1158 895 ὲξακριὸάζεσθαι
1192 824 1260 878 τά
1301 824 1452 893 γένη,
1495 823 1573 894 τῷ
1604 822 1735 893 μηδὲ
1769 823 1865 891 φέ-

307 915 493 987 ρεσθαι
538 915 686 969 Θείαν
723 915 900 986 βίϐλον
936 915 994 979 ἐξ
1043 917 1248 969 ἐκείνου
1282 917 1375 970 καὶ
1424 915 1583 986 μέχρι
1614 915 1721 967 τῶν
1769 914 1864 968 τοῦ

305 1008 549 1080 Σωτῆρος
579 1009 806 1080 χρόνων.
850 1008 992 1079 Πλὴν
1026 1011 1105 1072 εἰς
1130 1010 1379 1062 τοσοῦτον
1409 1008 1690 1080 διαρκέσαι
1710 1007 1864 1076 λόγος

304 1101 530 1171 φανερὸς
555 1102 701 1172 αἰρεῖ
724 1102 821 1172 τὴν
852 1101 945 1155 τοῦ
983 1102 1147 1155 Ἰούδα
1180 1101 1369 1172 φυλὴν,
1402 1104 1482 1164 εἰς
1512 1103 1633 1155 ὅσον
1663 1100 1724 1155 τὸ
1758 1102 1864 1154 πᾶν

302 1194 449 1257 εθνος
475 1193 753 1266 ἐλευθερία
782 1196 875 1247 καὶ
897 1194 1187 1265 αὐτονομίᾳ
1216 1192 1489 1266 χρώμενον
1516 1192 1622 1247 ὐπὸ
1645 1193 1864 1255 οἰκείοις

301 1287 550 1356 ἄρχουσιν
577 1285 670 1338 καὶ
703 1284 1018 1355 ἡγουμένοις
1042 1284 1397 1338 ἐπολιτεύετο.
1425 1283 1593 1337 Τοῦτο
1607 1284 1664 1337 δὲ
1683 1285 1861 1348 αὐτοῖς

299 1375 356 1443 ἐξ
374 1377 548 1446 ἀρχῆς
588 1373 817 1446 ὑπῆρξε,
854 1375 946 1427 καὶ
984 1375 1142 1445 μέχρι
1164 1373 1271 1426 τῶν
1299 1374 1604 1442 Αὐγούστου
1634 1374 1858 1444 χρόνων,

297 1468 417 1521 καθ’
449 1466 561 1530 οὓς,
608 1466 779 1538 Ἰησοῦ
809 1466 903 1519 τοῦ
943 1467 1192 1536 Σωτῆρος
1218 1465 1373 1535 ἡμῶν
1398 1466 1653 1534 φανέντος
1685 1467 1742 1519 ἐν
1766 1466 1859 1518 ἁν-

298 1556 551 1628 θρώποις,
584 1557 645 1610 τὸ
676 1559 783 1611 πᾶν
815 1557 965 1620 ἔθνος
1004 1557 1186 1611 δοῦλον
1232 1558 1515 1628 Ῥωμαίοις
1544 1557 1858 1611 καθίσταται

297 1651 392 1704 καὶ
418 1652 533 1705 ἀντὶ
560 1650 671 1704 τῶν
698 1651 961 1723 πατρόθεν
992 1652 1173 1715 αὐτοῖς
1191 1652 1284 1705 καὶ
1312 1652 1450 1705 κατὰ
1469 1653 1665 1723 νόμους
1690 1655 1856 1723 ἡγου-

298 1742 470 1812 μένων
496 1743 708 1814 πρῶτος
737 1742 980 1814 Ἡρώδης
1008 1741 1297 1811 ἀλλόφυλος
1320 1742 1495 1795 αὐτῶν
1528 1745 1739 1814 ἡγεῖται
1762 1745 1877 1809 καὶΔ

296 1832 545 1901 βασιλεὺς
581 1832 902 1902 Αὔγουστος.
930 1835 1074 1897 Ἕως
1118 1834 1214 1903 μὲν
1261 1830 1353 1888 οὖν
1395 1834 1515 1887 οὐδέ
1567 1853 1655 1888 πω
1686 1834 1854 1888 διελε-

292 1921 463 1976 λοίπει
495 1924 677 1994 ἄρχων
709 1924 767 1990 ἐξ
807 1924 993 1990 Ἰούδα,
1027 1924 1147 1977 οὐδὲ
1178 1923 1477 1996 ἡγούμενος
1507 1926 1571 1977 ἐκ
1603 1926 1710 1978 τῶν
1746 1945 1851 1998 μη-

248 2006 251 2009 λ
292 2013 400 2084 ρῶν
431 2014 618 2077 αὐτοῦ,
660 2014 767 2068 τῶν
813 2014 1158 2087 προφητειῶν
1200 2018 1249 2069 οἰ
1298 2016 1475 2086 χρόνοι
1522 2016 1585 2069 ὲκ
1615 2018 1713 2087 τῆς
1744 2018 1851 2070 τῶν

288 2105 562 2176 ἀρχόντων
583 2105 675 2159 τοῦ
697 2105 880 2170 ἔθνους
905 2108 1251 2180 παραθέσεως
1270 2108 1652 2179 ἁνεγράφοντο.
1669 2108 1853 2172 Οὕτως

286 2193 379 2250 οὖν
431 2197 657 2260 Ἡσαΐας
699 2199 755 2249 ὲν
806 2197 1051 2268 βασιλείᾳ
1110 2198 1285 2261 Ὀζίου
1340 2200 1432 2253 καὶ
1464 2200 1722 2265 Ἰωάθαν,
1758 2202 1851 2255 καὶ

291 2287 487 2358 Ἄχας,
520 2290 613 2342 καὶ
663 2289 932 2353 Ἐζεκίου,
960 2291 1009 2343 οἳ
1055 2290 1405 2344 ἐϐασίλευσαν
1440 2292 1541 2362 τῆς
1578 2292 1847 2356 Ἰουδαίας,

284 2381 647 2451 προφητεύει·
682 2382 883 2452 ὁμοίως
931 2382 986 2435 δὲ
1037 2384 1130 2436 καὶ
1161 2383 1341 2454 Ὠσηέ.
1383 2384 1439 2437 Ὀ
1479 2384 1534 2437 δὲ
1588 2384 1765 2455 Ἀμὼς
1792 2388 1848 2438 ὲν

284 2472 522 2544 ἡμέραις
560 2473 733 2537 Ὀξίου
788 2474 1052 2544 βασιλέως
1091 2475 1292 2539 Ἰούδα,
1361 2477 1454 2530 καὶ
1510 2478 1567 2529 ὲν
1618 2477 1848 2547 ἡμέραις

293 2564 575 2636 Ἰεροδοὰμ
612 2565 728 2619 υίοῦ
770 2566 939 2630 Ἰωὰς,
979 2567 1239 2637 βασιλέως
1282 2568 1515 2640 Ἰσραὴλ,
1562 2570 1652 2621 καὶ
1686 2569 1849 2637 Σοφο-

278 2657 402 2719 νίας
460 2658 518 2709 ὲν
568 2657 800 2728 ἡμέραις
848 2658 1089 2722 Ἰωσίου,
1137 2658 1254 2713 υἰοῦ
1314 2660 1527 2731 ’Ᾱμὼς,
1587 2659 1848 2730 βασιλέως

294 2747 483 2801 Ἰούδα.
531 2748 757 2819 Ὁμοίως
805 2748 860 2801 δὲ
909 2750 1002 2802 καὶ
1052 2750 1335 2821 Ἱερεμίας.
1390 2750 1526 2803 Ἀλλ’
1573 2752 1661 2803 ὅτε
1698 2750 1848 2803 ἐκλέ-

278 2837 464 2889 λοιπεν
501 2837 681 2909 ἄρχων
720 2837 779 2903 ἐξ
823 2840 1011 2903 Ἰούδα,
1040 2841 1134 2893 καὶ
1171 2840 1468 2911 ἡγούμενος
1501 2843 1564 2893 ἐκ
1603 2840 1710 2892 τῶν
1745 2855 1847 2910 μη-

281 2928 394 2999 ρῶν
427 2929 625 2994 αὐτοῦ,
676 2931 772 3001 τῆς
800 2930 888 2985 διὰ
941 2931 1033 2985 τοῦ
1084 2932 1317 3003 Χριστοῦ
1367 2932 1847 3003 προφητευομένης

1971 456 2246 512 cerentur,
2270 466 2501 520 quorum
2534 452 2846 522 singillatim
2882 470 3052 523 genus
3082 459 3237 511 solita
3258 461 3538 532 diligentia

1970 556 2224 598 enarrare
2244 560 2585 615 nequaquam
2612 562 2712 600 nos
2741 563 3053 616 possumus.
3076 561 3359 624 propterea
3389 560 3536 625 quod

1969 635 2151 691 nullus
2202 637 2434 706 amplius
2498 636 2669 691 fertur
2715 638 2935 692 divinus
2982 640 3138 708 liber,
3188 644 3282 713 qui
3328 662 3391 701 ex
3441 649 3537 706 illo

1969 742 2142 798 usque
2184 728 2251 782 ad
2299 738 2543 799 tempora
2597 728 2897 785 Salvatoris
2944 734 3119 787 nostri
3162 739 3535 793 narrationem

1967 820 2388 876 continuaverit.
2432 821 2819 876 Verumtamen
2850 832 2904 878 et
2933 824 3072 879 fama
3107 833 3160 880 et
3190 829 3329 883 ratio
3360 831 3537 885 dicta-

1965 910 2044 963 bit
2067 910 2295 965 durasse
2320 912 2507 966 tandiu
2537 913 2733 966 tribum
2763 911 2923 976 Juda,
2976 917 3218 984 quandiu
3245 928 3356 972 tota
3401 936 3534 990 gens

1966 1000 2214 1057 libertate
2242 1010 2296 1057 et
2325 1003 2439 1057 suis
2474 1004 2680 1074 legibus
2707 1012 2886 1068 utens,
2914 1008 3015 1060 sub
3047 1007 3362 1065 domesticis
3390 1012 3537 1082 prin-

1964 1092 2178 1161 cipibus
2220 1092 2561 1163 ducibusque
2615 1096 2781 1148 vitam
2826 1097 3015 1165 egerit.
3068 1095 3239 1155 Porro
3277 1100 3380 1154 hoc
3423 1102 3535 1159 illis

1964 1185 2192 1255 contigit
2239 1186 2307 1239 ab
2360 1185 2516 1239 initio
2556 1202 2729 1256 usque
2771 1187 2838 1241 ad
2886 1197 3125 1258 tempora
3172 1190 3423 1261 Augusti,
3476 1194 3532 1248 in

1963 1278 2163 1347 quibus
2196 1294 2318 1332 cum
2350 1276 2600 1333 Salvator
2630 1289 2814 1334 noster
2842 1279 3001 1336 Jesus
3027 1282 3334 1339 hominibus
3367 1302 3425 1341 se
3448 1289 3532 1341 vi-

1962 1371 2197 1425 dendum
2225 1372 2533 1441 praebuerit,
2554 1381 2666 1426 tum
2691 1389 2818 1428 vero
2844 1374 2896 1427 in
2925 1376 3239 1431 servitutem
3270 1376 3532 1434 Romanis

1963 1464 2215 1518 universa
2241 1480 2372 1531 gens
2400 1467 2567 1520 cessit
2596 1482 2605 1516 :
2634 1466 2799 1537 369
2828 1475 2881 1520 et
2908 1483 3008 1536 pro
3033 1470 3226 1537 patriis
3260 1485 3322 1524 ac
3357 1471 3532 1542 legiti-

1962 1554 2066 1609 mis
2091 1555 2323 1610 ducibus
2360 1558 2569 1626 primus
2598 1556 2837 1613 Herodes
2861 1571 3119 1614 externus
3151 1561 3259 1616 illis
3291 1563 3528 1632 praefuit,

1962 1654 2015 1699 et
2056 1662 2149 1701 rex
2178 1648 2473 1717 Augustus.
2502 1648 2754 1715 Quandiu
2799 1649 2964 1719 igitur
2998 1667 3105 1706 non
3148 1652 3346 1709 defecit
3374 1655 3529 1725 prin:

1955 1754 2083 1808 ceps
2111 1738 2179 1793 de
2208 1737 2368 1806 Juda,
2389 1757 2567 1810 neque
2590 1741 2697 1795 dux
2724 1741 2791 1797 de
2814 1742 3117 1800 femoribus
3138 1746 3280 1814 ejus,
3307 1749 3533 1818 prophe-

1955 1831 2151 1884 tiarum
2189 1838 2433 1901 tempora
2473 1833 2739 1903 appositis
2785 1834 3095 1906 principum
3129 1839 3309 1906 gentis
3354 1841 3533 1896 nomid

1953 1922 2115 1978 nibus
2143 1924 2474 1978 notabantur
2500 1944 2513 1979 :
2545 1925 2625 1979 sic
2651 1926 2795 1979 enim
2826 1926 2991 1982 Isaias
3016 1928 3119 1982 sub
3140 1931 3358 1999 regibus
3376 1930 3529 2000 Ozia,

1949 2008 2204 2075 Joathan,
2248 2012 2451 2078 Acbaz,
2486 2022 2541 2068 et
2581 2014 2833 2078 Ezechia,
2881 2018 2974 2086 qui
3022 2018 3075 2072 in
3102 2017 3287 2075 Judaza
3332 2038 3529 2093 regna-

1952 2111 2100 2166 runt,
2140 2105 2481 2175 prophetiam
2524 2123 2679 2163 suam
2740 2111 2980 2164 contexit
3017 2128 3028 2164 :
3074 2112 3331 2168 similiter
3366 2114 3523 2171 Osee.

1951 2196 2117 2251 Amos
2144 2212 2273 2251 vero
2306 2197 2359 2252 in
2395 2198 2586 2255 diebus
2617 2198 2762 2255 Oziaa
2795 2203 2938 2270 regis
2969 2201 3128 2269 Juda,
3166 2217 3219 2260 et
3252 2206 3305 2260 in
3332 2207 3527 2265 diebus

1948 2286 2077 2341 Jesu
2111 2287 2201 2342 lilii
2228 2287 2360 2345 Joas
2416 2291 2561 2360 regis
2590 2293 2759 2347 Israel
2787 2311 2800 2348 :
2827 2304 2879 2348 et
2911 2292 3217 2364 Sophonias
3240 2298 3297 2351 in
3330 2298 3529 2357 diebus

1947 2378 2109 2435 Josia:
2159 2381 2253 2434 lilii
2304 2382 2471 2439 Amos
2515 2384 2658 2454 regis
2708 2382 2849 2445 Juda
2895 2387 3195 2442 :similiter
3236 2386 3522 2447 Jeremias.

1951 2471 2055 2527 Sed
2083 2473 2175 2528 ubi
2203 2472 2401 2529 defecit
2434 2476 2686 2545 princeps
2716 2477 2782 2532 de
2809 2476 2947 2532 Juda
2976 2488 3029 2534 et
3061 2479 3171 2534 dux
3204 2483 3271 2536 de
3314 2482 3527 2537 femori-

1948 2562 2048 2618 bus
2074 2562 2215 2631 ejus.
2239 2578 2362 2619 cum
2387 2568 2721 2635 exspectatio
2745 2567 3006 2636 gentium,
3029 2569 3094 2624 de
3116 2584 3222 2638 qua
3248 2571 3525 2641 propheta

1946 2652 2113 2707 locuti
2170 2654 2407 2719 fuerant,
2454 2655 2680 2724 jamjam
2713 2672 2808 2725 per
2847 2657 3129 2713 Christum
3186 2661 3349 2714 vitam
3378 2670 3525 2717 esset

1948 2742 2309 2807 illustratura,
2331 2761 2439 2800 non
2471 2747 2705 2815 amplius
2737 2747 3045 2818 regesJuda
3080 2754 3318 2814 censeri,
3345 2769 3521 2823 neque

1947 2834 2111 2890 duces
2136 2837 2299 2891 Israel
2332 2852 2565 2907 coepere,
2610 2838 2705 2893 sed
2750 2840 2835 2894 bis
2864 2840 3019 2909 ipsis,
3064 2842 3523 2910 quemadmodum

1948 2931 2245 2999 prophetiae
2294 2931 2762 3001 significaverant,
2800 2949 2901 2989 suo
2935 2942 3089 2990 certo
3118 2947 3171 2991 et
3204 2936 3353 2992 finito
3386 2945 3525 2993 tem-

279 3021 605 3092 προσδοκίας
654 3023 761 3075 τῶν
808 3023 976 3077 ὲθνῶν
1017 3025 1138 3078 ὅσον
1185 3024 1337 3078 οὔπω
1384 3025 1680 3097 μελλούσης
1727 3026 1844 3076 ὲπι-

1948 3035 2078 3090 pore
2122 3023 2519 3088 deﬁcientibus,
2553 3027 2764 3095 primus
2813 3028 3033 3096 quidem
3087 3028 3387 3096 Augustus,
3443 3045 3523 3085 se-

275 3113 518 3183 λάμπειν
549 3114 624 3185 τῷ
660 3114 786 3185 βίῳ,
822 3116 1004 3168 οὐκέτι
1051 3122 1147 3188 μὲν
1196 3117 1431 3186 βασιλεῖς
1473 3118 1843 3189 ἐχρημάτισαν

1947 3115 2160 3169 cundus
2181 3130 2359 3173 autem
2388 3116 2641 3173 Tiberius
2685 3126 2738 3172 et
2758 3119 2986 3173 aliarum
3012 3127 3065 3174 et
3085 3119 3322 3175 Juilaicae
3345 3123 3521 3191 gent's

288 3208 494 3272 Ἰούδα,
548 3208 666 3261 οὐδὲ
715 3207 1002 3279 ἡγούμενοι
1058 3211 1294 3281 Ἰσραήλ.
1349 3211 1564 3264 Τούτων
1621 3211 1676 3263 δὲ
1725 3214 1845 3275 ταῖς

270 3300 630 3371 προφητείαις
673 3300 978 3365 ἀκολούθως
1024 3302 1164 3355 κατά
1196 3304 1321 3366 τοὺς
1353 3303 1689 3373 ὡρισμένους
1720 3304 1845 3375 χρό-

268 3413 395 3459 νους
416 3394 843 3459 διαλελοιπάτων,
868 3395 1083 3467 πρῶτος
1115 3396 1210 3466 μὲν
1242 3395 1566 3465 Αὔγουστος,
1595 3396 1841 3468 δεύτερος

264 3488 327 3540 δὲ
376 3486 643 3557 Τιδέριος,
703 3486 839 3558 μετά
882 3486 990 3541 τῶν
1032 3488 1206 3542 ἄλλων
1256 3489 1350 3542 καὶ
1414 3489 1505 3542 τοῦ
1575 3489 1840 3543 Ἰουδαίων

264 3578 459 3641 ἔθνους
493 3577 937 3650 ἀνηγορεύθησαν
972 3578 1226 3649 βασιλεῖς,
1259 3580 1312 3631 οἶ
1351 3596 1411 3632 τε
1445 3580 1586 3634 κατὰ
1620 3581 1841 3646 τούτους

264 3671 374 3739 τῆς
410 3670 667 3734 Ἰουδαίας
699 3671 982 3743 ἐπίτροποι
1017 3674 1110 3727 καὶ
1141 3671 1454 3744 τετράρχαι,
1490 3674 1550 3726 οὐ
1576 3674 1680 3746 μὴν
1705 3675 1839 3728 ἀλλά

262 3764 367 3816 rat
406 3761 668 3835 Ἡρώδης,
700 3764 776 3828 ὼς
813 3764 947 3835 ἔφην
981 3765 1078 3836 ἤδη
1124 3766 1216 3819 καὶ
1252 3766 1529 3837 πρότερον,
1572 3767 1633 3819 οὐ
1673 3783 1839 3837 προσ-

261 3858 419 3927 ⁴ήκω-ιο
468 3856 736 3919 Ἰουδαίοις
766 3857 826 3910 τὸ
868 3857 1041 3926 γένος,
1069 3857 1128 3920 ὃς
1174 3856 1268 3908 καὶ
1310 3856 1471 3920 αὐτὸς
1503 3858 1652 3928 παρά
1709 3857 1838 3910 Ῥω-

270 3946 452 4016 μαίων
501 3948 599 4019 τὴν
625 3948 798 4019 ἀρχὴν
841 3948 939 4020 τὴν
973 3947 1112 4001 κατά
1158 3947 1423 4001 Ἰουδαίων
1453 3949 1831 4021 ἐγχειρίζεται.

259 4039 484 4093 Τούτων
516 4041 646 4110 ἡμῖν
676 4041 1182 4112 προτετηρημένων,
1213 4040 1403 4112 καιρὸς
1432 4041 1530 4113 ἤδη
1558 4041 1712 4094 καλεῖ
1734 4041 1835 4112 τῆς

257 4132 346 4194 είς
366 4130 466 4202 τὴν
494 4131 828 4203 προφητείαν
861 4130 1092 4201 θεωρίας
1130 4130 1457 4200 ἐφάψασθαι,
1491 4151 1510 4182 ι
1546 4133 1733 4195 Ἰούδα,
1775 4133 1833 4186 σὲ

259 4223 569 4276 αίνέσουσιν
597 4225 644 4277 οἱ
667 4222 882 4292 ἀδελφοί
908 4240 1002 4276 σου
1022 4239 1034 4252 ·
1072 4242 1090 4273 ι
1123 4222 1328 4277 δώδεκα
1355 4223 1462 4276 τῶν
1485 4224 1621 4277 ὅλων
1657 4225 1832 4296 ὐπάρ-

256 4314 467 4385 χόντων
492 4315 693 4369 παίδων
726 4314 803 4385 τῷ
847 4315 1058 4381 Ἰακὼδ,
1099 4316 1356 4387 τέταρτος
1408 4315 1603 4379 Ἰούδας
1632 4312 1721 4387 ἦν,
1755 4317 1829 4380 ὡς

1944 3207 2242 3275 nuncupati
2298 3214 2428 3262 sunt
2468 3223 2643 3278 reges,
2680 3224 2780 3264 nec
2814 3225 2923 3264 non
2964 3210 3053 3263 alii
3087 3211 3387 3266 secundum
3422 3212 3522 3267 hos

1944 3297 2092 3366 ipsos
2120 3295 2321 3354 Judazaz
2351 3308 2738 3369 procuratores
2775 3309 2940 3367 atque
2968 3303 3279 3364 tetrarchae,
3316 3305 3520 3372 quibus

1942 3387 2330 3444 adnumeretur
2354 3388 2617 3453 Herodes.
2645 3408 2674 3444 a
2710 3390 3021 3447 Iudaeorum
3063 3408 3282 3462 genere,
3314 3401 3373 3447 ut
3399 3392 3516 3463 jam

1940 3489 2100 3535 antea
2132 3480 2265 3547 dixi,
2297 3482 2530 3546 alienus,
2561 3483 2653 3552 qui
2697 3483 2862 3538 etiam
2913 3484 3029 3554 ipse
3069 3498 3100 3537 a
3130 3482 3389 3539 Romanis
3419 3484 3518 3539 Ju—

1939 3573 2179 3629 dazorum
2220 3575 2585 3646 principatum
2638 3578 2869 3646 accepit.
2917 3577 3052 3632 Cum
3101 3576 3370 3634 hactenus
3398 3578 3515 3635 haec

1938 3667 2429 3732 observaverimus,
2465 3678 2678 3738 tempus
2725 3669 2837 3738 jam
2869 3669 3034 3724 fuerit
3078 3672 3252 3741 ipsius
3279 3674 3517 3745 prophe-

1937 3760 2027 3814 tia:
2069 3761 2586 3829 contemplationem
2623 3762 2912 3829 attingere,
2948 3782 2967 3812 ι
2999 3761 3171 3827 Juda,
3230 3774 3281 3821 te
3333 3766 3517 3820 lauda-

1936 3850 2072 3906 bunt
2125 3855 2319 3909 fratres
2363 3855 2477 3908 tui:
2517 3872 2539 3907 ι
2570 3869 2693 3907 cum
2734 3854 3022 3910 duodecim
3064 3857 3287 3911 omnino
3325 3868 3514 3915 essent

1937 3946 2029 3999 filii
2060 3944 2253 4010 Jacob,
2294 3961 2482 4000 eorum
2525 3954 2756 4015 quartus
2809 3946 2908 4002 fuit
2951 3947 3113 4012 Juda,
3150 3950 3512 4019 quemadmo-

1933 4038 2062 4091 dum
2098 4047 2258 4092 antea
2303 4039 2563 4099 diximus,
2594 4054 2736 4093 unus
2763 4039 2926 4094 etiam
2977 4040 3093 4111 ipse
3145 4041 3213 4096 de
3249 4042 3513 4113 principi-

1931 4128 2034 4185 bus
2068 4131 2305 4184 tribuum
2328 4130 2506 4200 gentis
2533 4129 2808 4187 llebraicze
2838 4131 2984 4188 :.sed
3014 4132 3158 4203 quod
3192 4148 3301 4188 non
3329 4136 3509 4205 ipsum

1932 4221 2086 4275 illum
2119 4221 2457 4291 respicerent
2484 4238 2570 4284 ea,
2596 4240 2717 4295 qum
2746 4226 2905 4296 quasi
2955 4226 3022 4280 ad
3074 4226 3250 4296 ipsum
3284 4241 3314 4280 a
3354 4239 3509 4297 patre

1931 4311 2076 4366 dicta
2110 4322 2258 4374 sunt,
2308 4312 2341 4365 ii
2381 4313 2700 4381 planissime
2748 4315 3147 4380 intellexerint,
3197 4316 3293 4388 qui
3344 4320 3508 4375 verba

259 4407 358 4459 καὶ
392 4406 695 4474 φθάσαντες
735 4407 1054 4479 εἰρήκαμεν,
1105 4405 1185 4471 εἷς
1219 4408 1311 4461 καὶ
1341 4408 1501 4471 αὐτὸς
1535 4408 1831 4478 ἀρχίφυλος

1944 4404 2130 4458 divinae
2162 4402 2459 4473 Scriptura:
2503 4404 2793 4475 diligenter
2841 4408 3194 4470 attenderint,
3224 4420 3279 4463 et
3304 4409 3357 4463 in
3393 4411 3508 4480 pri-

254 4497 355 4550 τοῦ
396 4497 658 4568 Ἐϐραίων
693 4497 895 4561 ἔθνους.
939 4497 1078 4551 Ἀλλ’
1106 4498 1183 4551 ὃτι
1211 4515 1274 4567 γε
1307 4499 1407 4551 οὐκ
1435 4499 1592 4551 αὐτὸν
1627 4500 1831 4551 ἐκεῖνον

255 4588 407 4662 ἑώρα
435 4590 525 4643 τὸν
561 4590 731 4661 ἄνδρα
763 4590 831 4643 τὰ
872 4589 946 4653 ὡς
979 4591 1115 4661 πρὸς
1156 4590 1316 4644 αὐτὸν
1346 4590 1451 4643 ὑπὸ
1486 4589 1578 4643 τοῦ
1627 4590 1832 4661 πατρὸς

256 4680 556 4752 εἰρημένα,
594 4681 761 4748 σαφὲς
805 4679 870 4733 ἂν
918 4679 1125 4749 γένοιτο
1176 4682 1290 4742 τοῖς
1335 4680 1659 4751 ἐπιστήσασι
1712 4682 1831 4742 ταῖς

254 4774 436 4840 λέξεσι
460 4773 557 4843 τῆς
590 4772 740 4836 θείας
781 4773 1022 4843 Γραφῆς,
1068 4770 1282 4843 πρῶτον
1320 4771 1415 4825 τοῦ
1470 4772 1661 4825 Ἰακὼϐ
1693 4773 1829 4844 προς

250 4869 383 4933 τοὺς
435 4869 582 4931 υἱοὺς
634 4868 815 4938 φωνῆς
857 4867 1153 4938 λεγούσης·
1186 4886 1203 4919 ι
1241 4867 1494 4920 Ἐκάλεσε
1539 4867 1594 4919 δὲ
1635 4864 1827 4919 Ἰακὼὸ

249 4963 381 5024 τούς
402 4961 549 5025 υἰοὺς
569 4960 753 5023 αὐτοῦ,
773 4962 865 5013 καὶ
890 4956 1009 5013 εἷπε
1032 4978 1044 4990 ο
1068 4960 1398 5030 Συνάχθητε,
1421 4960 1515 5013 καὶ
1544 4957 1828 5027 ἀναγγελῶ

249 5051 404 5122 ὐμὲν,
431 5052 485 5104 τί
514 5054 639 5123 ύμῖν
665 5055 1032 5125 ἀπαντήσεται
1058 5054 1145 5106 ἐπ’
1178 5053 1422 5124 ἐσχάτων
1446 5052 1557 5106 τῶν
1576 5051 1821 5125 ἡμερῶν⁹

247 5143 607 5215 ἁθροίσθητε,
651 5146 744 5198 καὶ
785 5145 1074 5209 ἀκούσατε,
1132 5146 1238 5198 υἱοὶ
1300 5143 1514 5209 Ἰακὼϐ,
1557 5145 1823 5199 ἀκούσατε

260 5232 500 5303 Ἰσραὴλ,
536 5232 631 5286 τοῦ
658 5236 861 5306 πατρὸς
893 5235 1066 5305 ὑμῶν.
1094 5255 1112 5286 ι
1134 5233 1328 5303 Σαφῶς
1356 5233 1467 5305 γὰρ
1498 5232 1826 5301 ἐπαγγέλλε-

241 5339 339 5375 ται
364 5325 725 5397 προφητεύειν
757 5325 937 5389 αὐτοῖς
969 5326 1036 5378 τὰ
1072 5325 1335 5396 μέλλοντα
1369 5326 1552 5388 αὐτοῖς
1586 5326 1826 5397 ἀπαντήο

244 5414 442 5469 σεσθαι
472 5420 699 5488 μακροῖς
725 5415 950 5489 ὕστερον
978 5418 1209 5488 χρόνοις,
1233 5420 1327 5472 καὶ
1350 5418 1426 5481 ὼς
1446 5417 1606 5481 αὐτός
1635 5435 1819 5488 φησιν,

239 5507 335 5560 ἀπ’
371 5507 596 5577 ἐσχάτου
633 5508 742 5562 τῶν
771 5509 1013 5582 ἡμερῶν.
1052 5511 1160 5564 Καὶ
1190 5509 1364 5574 ἄλλως
1388 5510 1445 5563 δὲ
1479 5510 1545 5563 τὰ
1574 5511 1650 5575 ὡς
1685 5510 1823 5582 πρὸς

240 5598 342 5652 τὸν
388 5598 586 5653 Ἰούδαν
632 5602 895 5673 εἰρημένα
926 5604 1025 5657 οὐκ
1067 5604 1132 5657 ἂν
1177 5603 1411 5673 εὐλόγως
1452 5602 1823 5675 ὲφαρμόσαιεν

242 5690 325 5763 τῷ
359 5692 557 5765 πρώτῳ
588 5695 778 5764 ἐκείνῳ
810 5694 963 5765 ἀνδρί
985 5715 996 5726 ·
1034 5698 1094 5749 οὐ
1122 5697 1228 5765 γὰρ
1255 5698 1457 5749 ἐκεῖνον
1490 5696 1578 5752 τὸν
1622 5695 1819 5750 Ἰούδαν

1932 4494 2035 4550 mis
2066 4509 2127 4548 ea
2160 4509 2280 4563 qua:
2308 4496 2361 4548 in
2398 4511 2649 4551 sermone
2669 4495 2838 4550 Jacob
2871 4498 3245 4561 continentur,
3268 4499 3333 4554 ad
3367 4500 3507 4556 filios

1929 4585 2203 4641 dicentis:
2245 4604 2263 4636 ι
2305 4583 2532 4640 Vocavit
2564 4592 2745 4640 autem
2783 4584 2953 4639 Jacob
3001 4585 3140 4641 ﬁlios
3170 4602 3302 4642 suos
3337 4600 3391 4641 et.
3419 4588 3505 4642 di-

1930 4680 2028 4742 xit,
2057 4678 2499 4749 Congregamini,
2535 4691 2588 4734 et
2621 4680 2958 4734 annuntiabo
2994 4680 3151 4734 vobis
3180 4680 3309 4750 quid
3337 4696 3503 4735 even-

1929 4779 2110 4826 turum
2161 4772 2233 4826 sit
2260 4772 2417 4827 vobis
2458 4772 2515 4826 in
2562 4771 2757 4826 diebus
2808 4772 3158 4838 novissimis;
3207 4787 3507 4842 congrega-

1929 4865 2060 4918 mini
2095 4872 2150 4918 et
2196 4864 2401 4927 audite,
2450 4865 2542 4919 filii
2593 4864 2784 4927 Jacob,
2843 4866 3027 4919 audite
3078 4864 3242 4919 Israel
3290 4872 3499 4933 patrem

1926 4967 2187 5012 vestrum.
2227 4975 2245 5009 ι
2280 4954 2449 5012 Plane
2482 4957 2627 5011 enim
2662 4958 2716 5011 in
2764 4956 2851 5011 his
2892 4956 3178 5026 pollicetur
3216 4969 3273 5009 se
3303 4955 3504 5023 prmdi-o

1927 5059 2141 5106 cturum
2176 5046 2260 5103 eis
2291 5064 2415 5119 quae
2438 5049 2572 5119 ipsis
2600 5058 2860 5105 eventura
2900 5048 3012 5102 sint
3033 5048 3194 5115 longo
3224 5056 3344 5116 post
3369 5054 3501 5102 tem-

1925 5157 2057 5213 pore
2083 5148 2158 5202 et,
2184 5147 2242 5193 ut
2276 5140 2393 5211 ipse
2421 5141 2517 5204 ait,
2540 5142 2595 5194 in
2626 5140 2941 5195 novissimis
2970 5139 3163 5194 diebus
3189 5156 3201 5191 :
3238 5149 3498 5207 praeterea

1926 5235 2018 5287 illa
2067 5233 2184 5303 ipsa
2233 5247 2357 5302 qua:
2394 5234 2552 5302 quasi
2602 5232 2667 5287 ad
2705 5230 2902 5287 ludam
2957 5231 3104 5285 dicta
3157 5239 3310 5293 sunt,
3346 5230 3501 5284 nullo

1924 5323 2086 5379 modo
2141 5324 2197 5378 in
2239 5323 2419 5394 primo
2467 5324 2587 5377 viro
2631 5322 3034 5378 accommodari
3075 5330 3327 5391 possunt.
3377 5319 3494 5375 Non

1923 5417 2067 5473 enim
2098 5416 2294 5473 fratres
2322 5417 2409 5472 sui
2451 5413 2649 5471 Judam
2677 5416 2830 5469 illum
2865 5413 3258 5470 Iaudaverant:
3293 5421 3495 5468 etenim

1924 5521 2023 5577 pro
2050 5508 2250 5575 quibus
2298 5505 2516 5561 tandem
2554 5505 2816 5574 praeclare
2849 5505 3018 5574 gestis
3047 5504 3357 5559 debuerunt
3391 5504 3494 5556 hoc

1925 5599 2140 5656 facere?
2174 5597 2278 5654 Sed
2322 5614 2392 5654 ne
2425 5596 2727 5652 adorarunt
2766 5597 2990 5667 quidem
3024 5597 3177 5650 illum
3208 5594 3301 5649 lilii
3326 5594 3497 5662 patris

1924 5692 2030 5749 sui.
2061 5691 2224 5763 370
2254 5688 2437 5761 Longe
2468 5696 2651 5745 autem
2682 5692 2857 5764 magis
2902 5689 3185 5743 oraculum
3242 5684 3498 5740 conveni-
