  <div class='ocr_page' id='page_1' title='image "/cluster/home/n/w/nwhite01/storage/ocr_20150623/22/hvd.32044073501132/295.png"; bbox 0 0 3868 6196; ppageno 0'>
   <div class='ocr_carea' id='block_1_1' title="bbox 566 212 671 267">
    <p class='ocr_par' dir='ltr' id='par_1_1' title="bbox 566 212 671 267">
     <span class='ocr_line' id='line_1_1' title="bbox 566 212 671 267; baseline -0.01 -1"><span class='ocrx_word' id='word_1_1' title='bbox 566 212 671 267; x_wconf 60' lang='grc' dir='ltr'><strong>ειν</strong></span> 
     </span>
    </p>
   </div>
   <div class='ocr_carea' id='block_1_2' title="bbox 1232 202 3712 274">
    <p class='ocr_par' dir='ltr' id='par_1_2' title="bbox 1232 202 3712 274">
     <span class='ocr_line' id='line_1_2' title="bbox 1232 202 3712 274; baseline -0 -11"><span class='ocrx_word' id='word_1_2' title='bbox 1232 204 1499 264; x_wconf 75' lang='lat' dir='ltr'><strong>EUSEBII</strong></span> <span class='ocrx_word' id='word_1_3' title='bbox 1527 205 2005 262; x_wconf 66' lang='lat' dir='ltr'><strong>CESARIENSIS</strong></span> <span class='ocrx_word' id='word_1_4' title='bbox 2040 204 2192 263; x_wconf 79' lang='lat' dir='ltr'><strong>OPP.</strong></span> <span class='ocrx_word' id='word_1_5' title='bbox 2241 202 2422 260; x_wconf 65' lang='lat' dir='ltr'><strong>PARS</strong></span> <span class='ocrx_word' id='word_1_6' title='bbox 2459 203 2524 260; x_wconf 81' lang='lat' dir='ltr'><strong>ll.</strong></span> <span class='ocrx_word' id='word_1_7' title='bbox 2550 236 2620 246; x_wconf 92' lang='lat'><strong>—-</strong></span> <span class='ocrx_word' id='word_1_8' title='bbox 2657 202 3153 266; x_wconf 73' lang='lat' dir='ltr'><strong>APOLOGETICA.</strong></span> <span class='ocrx_word' id='word_1_9' title='bbox 3683 220 3712 274; x_wconf 70' lang='grc' dir='ltr'><strong>ε</strong></span> 
     </span>
    </p>
   </div>
   <div class='ocr_carea' id='block_1_3' title="bbox 566 319 2121 403">
    <p class='ocr_par' dir='ltr' id='par_1_3' title="bbox 566 320 2118 397">
     <span class='ocr_line' id='line_1_3' title="bbox 566 320 2118 397; baseline -0.003 -16"><span class='ocrx_word' id='word_1_10' title='bbox 566 337 670 391; x_wconf 92' lang='lat' dir='ltr'><strong>ret,</strong></span> <span class='ocrx_word' id='word_1_11' title='bbox 710 325 758 382; x_wconf 90' lang='lat' dir='ltr'><strong>si</strong></span> <span class='ocrx_word' id='word_1_12' title='bbox 797 325 901 397; x_wconf 85' lang='lat' dir='ltr'><strong>ipsi</strong></span> <span class='ocrx_word' id='word_1_13' title='bbox 952 323 1146 394; x_wconf 88' lang='lat' dir='ltr'><strong>Ioseph</strong></span> <span class='ocrx_word' id='word_1_14' title='bbox 1196 324 1402 379; x_wconf 81' lang='lat' dir='ltr'><strong>dictum</strong></span> <span class='ocrx_word' id='word_1_15' title='bbox 1451 335 1631 388; x_wconf 89' lang='lat' dir='ltr'><strong>esset,</strong></span> <span class='ocrx_word' id='word_1_16' title='bbox 1678 320 2118 394; x_wconf 83' lang='lat' dir='ltr'><strong>quandoquidem</strong></span> 
     </span>
    </p>
   </div>
   <div class='ocr_carea' id='block_1_4' title="bbox 2222 319 3712 403">
    <p class='ocr_par' dir='ltr' id='par_1_4' title="bbox 2222 319 3712 403">
     <span class='ocr_line' id='line_1_4' title="bbox 2222 319 3712 403; baseline 0.009 -30"><span class='ocrx_word' id='word_1_17' title='bbox 2222 319 2419 392; x_wconf 71' lang='grc' dir='ltr'>ᾔνεσαν</span> <span class='ocrx_word' id='word_1_18' title='bbox 2454 320 2505 374; x_wconf 73' lang='grc' dir='ltr'>οἱ</span> <span class='ocrx_word' id='word_1_19' title='bbox 2556 320 2790 391; x_wconf 83' lang='grc' dir='ltr'>ἀδελφοί.</span> <span class='ocrx_word' id='word_1_20' title='bbox 2821 322 2944 375; x_wconf 80' lang='grc' dir='ltr'><strong>Ἐπὶ</strong></span> <span class='ocrx_word' id='word_1_21' title='bbox 2986 320 3120 393; x_wconf 83' lang='grc' dir='ltr'>ποίῳ</span> <span class='ocrx_word' id='word_1_22' title='bbox 3169 322 3285 394; x_wconf 72' lang='grc' dir='ltr'><strong>γὰρ</strong></span> <span class='ocrx_word' id='word_1_23' title='bbox 3317 324 3478 380; x_wconf 67' lang='grc' dir='ltr'>αὑτοῦ</span> <span class='ocrx_word' id='word_1_24' title='bbox 3524 338 3712 403; x_wconf 60' lang='lat' dir='ltr'><strong>tamch</strong></span> 
     </span>
    </p>
   </div>
   <div class='ocr_carea' id='block_1_5' title="bbox 564 413 2133 490">
    <p class='ocr_par' dir='ltr' id='par_1_5' title="bbox 564 413 2133 490">
     <span class='ocr_line' id='line_1_5' title="bbox 564 413 2133 490; baseline -0.005 -14"><span class='ocrx_word' id='word_1_25' title='bbox 564 421 711 476; x_wconf 86' lang='lat' dir='ltr'><strong>hunc</strong></span> <span class='ocrx_word' id='word_1_26' title='bbox 739 421 854 490; x_wconf 86' lang='lat' dir='ltr'><strong>ipse</strong></span> <span class='ocrx_word' id='word_1_27' title='bbox 878 415 1047 472; x_wconf 89' lang='lat' dir='ltr'><strong>Iudas</strong></span> <span class='ocrx_word' id='word_1_28' title='bbox 1087 430 1193 471; x_wconf 80' lang='lat' dir='ltr'><strong>una</strong></span> <span class='ocrx_word' id='word_1_29' title='bbox 1239 431 1362 471; x_wconf 91' lang='lat' dir='ltr'><strong>cum</strong></span> <span class='ocrx_word' id='word_1_30' title='bbox 1411 417 1638 488; x_wconf 80' lang='lat' dir='ltr'><strong>reliquis</strong></span> <span class='ocrx_word' id='word_1_31' title='bbox 1684 416 1947 471; x_wconf 76' lang='lat' dir='ltr'><strong>fratribus</strong></span> <span class='ocrx_word' id='word_1_32' title='bbox 2001 413 2133 469; x_wconf 91' lang='lat' dir='ltr'><strong>ado-</strong></span> 
     </span>
    </p>
   </div>
   <div class='ocr_carea' id='block_1_6' title="bbox 563 506 2130 578">
    <p class='ocr_par' dir='ltr' id='par_1_6' title="bbox 563 506 2130 578">
     <span class='ocr_line' id='line_1_6' title="bbox 563 506 2130 578; baseline -0.004 -12"><span class='ocrx_word' id='word_1_33' title='bbox 563 525 722 566; x_wconf 84' lang='lat' dir='ltr'><strong>rasse</strong></span> <span class='ocrx_word' id='word_1_34' title='bbox 746 508 1084 577; x_wconf 71' lang='lat' dir='ltr'><strong>perhibetur,</strong></span> <span class='ocrx_word' id='word_1_35' title='bbox 1128 509 1344 563; x_wconf 87' lang='lat' dir='ltr'><strong>tametsi</strong></span> <span class='ocrx_word' id='word_1_36' title='bbox 1372 507 1430 562; x_wconf 88' lang='lat' dir='ltr'><strong>id</strong></span> <span class='ocrx_word' id='word_1_37' title='bbox 1461 508 1636 577; x_wconf 89' lang='lat' dir='ltr'><strong>ipsum</strong></span> <span class='ocrx_word' id='word_1_38' title='bbox 1663 517 1787 562; x_wconf 90' lang='lat' dir='ltr'><strong>ante</strong></span> <span class='ocrx_word' id='word_1_39' title='bbox 1820 506 1982 576; x_wconf 89' lang='lat' dir='ltr'><strong>hujus</strong></span> <span class='ocrx_word' id='word_1_40' title='bbox 2003 522 2130 578; x_wconf 85' lang='lat' dir='ltr'><strong>pro-</strong></span> 
     </span>
    </p>
   </div>
   <div class='ocr_carea' id='block_1_7' title="bbox 564 593 2126 669">
    <p class='ocr_par' dir='ltr' id='par_1_7' title="bbox 564 593 2126 669">
     <span class='ocr_line' id='line_1_7' title="bbox 564 593 2126 669; baseline -0.003 -16"><span class='ocrx_word' id='word_1_41' title='bbox 564 599 758 669; x_wconf 67' lang='lat' dir='ltr'><strong>phetiae</strong></span> <span class='ocrx_word' id='word_1_42' title='bbox 777 598 944 653; x_wconf 86' lang='lat' dir='ltr'><strong>verba</strong></span> <span class='ocrx_word' id='word_1_43' title='bbox 970 616 982 652; x_wconf 91' lang='lat'>:</span> <span class='ocrx_word' id='word_1_44' title='bbox 1007 597 1239 667; x_wconf 83' lang='lat' dir='ltr'><strong>posthac</strong></span> <span class='ocrx_word' id='word_1_45' title='bbox 1277 598 1421 654; x_wconf 89' lang='lat' dir='ltr'><strong>enim</strong></span> <span class='ocrx_word' id='word_1_46' title='bbox 1453 613 1522 652; x_wconf 90' lang='lat' dir='ltr'><strong>ne</strong></span> <span class='ocrx_word' id='word_1_47' title='bbox 1550 598 1655 667; x_wconf 90' lang='lat' dir='ltr'><strong>ipsi</strong></span> <span class='ocrx_word' id='word_1_48' title='bbox 1682 595 1905 669; x_wconf 89' lang='lat' dir='ltr'><strong>quidem</strong></span> <span class='ocrx_word' id='word_1_49' title='bbox 1928 593 2126 665; x_wconf 84' lang='lat' dir='ltr'><strong>Ioseph</strong></span> 
     </span>
    </p>
   </div>
   <div class='ocr_carea' id='block_1_8' title="bbox 561 686 2129 758">
    <p class='ocr_par' dir='ltr' id='par_1_8' title="bbox 561 686 2129 758">
     <span class='ocr_line' id='line_1_8' title="bbox 561 686 2129 758; baseline -0.002 -16"><span class='ocrx_word' id='word_1_50' title='bbox 561 690 672 743; x_wconf 83' lang='lat' dir='ltr'><strong>tale</strong></span> <span class='ocrx_word' id='word_1_51' title='bbox 714 687 1012 758; x_wconf 84' lang='lat' dir='ltr'><strong>quidquam</strong></span> <span class='ocrx_word' id='word_1_52' title='bbox 1057 687 1378 758; x_wconf 78' lang='lat' dir='ltr'><strong>contigisse,</strong></span> <span class='ocrx_word' id='word_1_53' title='bbox 1423 702 1488 741; x_wconf 90' lang='lat' dir='ltr'><strong>ac</strong></span> <span class='ocrx_word' id='word_1_54' title='bbox 1526 688 1696 741; x_wconf 89' lang='lat' dir='ltr'><strong>multo</strong></span> <span class='ocrx_word' id='word_1_55' title='bbox 1741 686 1905 741; x_wconf 85' lang='lat' dir='ltr'><strong>etiam</strong></span> <span class='ocrx_word' id='word_1_56' title='bbox 1945 686 2129 740; x_wconf 87' lang='lat' dir='ltr'><strong>minus</strong></span> 
     </span>
    </p>
   </div>
   <div class='ocr_carea' id='block_1_9' title="bbox 564 774 2128 846">
    <p class='ocr_par' dir='ltr' id='par_1_9' title="bbox 564 774 2128 846">
     <span class='ocr_line' id='line_1_9' title="bbox 564 774 2128 846; baseline 0 -15"><span class='ocrx_word' id='word_1_57' title='bbox 564 777 664 846; x_wconf 87' lang='lat' dir='ltr'><strong>ipsi</strong></span> <span class='ocrx_word' id='word_1_58' title='bbox 690 774 847 838; x_wconf 83' lang='lat' dir='ltr'><strong>Iuda,</strong></span> <span class='ocrx_word' id='word_1_59' title='bbox 873 775 1101 831; x_wconf 85' lang='lat' dir='ltr'><strong>historia</strong></span> <span class='ocrx_word' id='word_1_60' title='bbox 1122 775 1412 846; x_wconf 84' lang='lat' dir='ltr'><strong>signiﬁcat.</strong></span> <span class='ocrx_word' id='word_1_61' title='bbox 1436 775 1500 830; x_wconf 85' lang='lat' dir='ltr'><strong>Et</strong></span> <span class='ocrx_word' id='word_1_62' title='bbox 1528 776 1656 830; x_wconf 91' lang='lat' dir='ltr'><strong>illud</strong></span> <span class='ocrx_word' id='word_1_63' title='bbox 1685 791 1699 827; x_wconf 89' lang='lat'><strong>:</strong></span> <span class='ocrx_word' id='word_1_64' title='bbox 1731 794 1751 827; x_wconf 82' lang='grc' dir='ltr'><strong>ι</strong></span> <span class='ocrx_word' id='word_1_65' title='bbox 1786 774 2128 831; x_wconf 79' lang='lat' dir='ltr'><strong>Recumbens</strong></span> 
     </span>
    </p>
   </div>
   <div class='ocr_carea' id='block_1_10' title="bbox 561 864 2127 936">
    <p class='ocr_par' dir='ltr' id='par_1_10' title="bbox 561 864 2127 936">
     <span class='ocr_line' id='line_1_10' title="bbox 561 864 2127 936; baseline 0 -16"><span class='ocrx_word' id='word_1_66' title='bbox 561 875 743 922; x_wconf 88' lang='lat' dir='ltr'><strong>autem</strong></span> <span class='ocrx_word' id='word_1_67' title='bbox 769 864 1075 922; x_wconf 88' lang='lat' dir='ltr'><strong>dormivisti</strong></span> <span class='ocrx_word' id='word_1_68' title='bbox 1114 875 1172 921; x_wconf 87' lang='lat' dir='ltr'><strong>ut</strong></span> <span class='ocrx_word' id='word_1_69' title='bbox 1201 868 1306 930; x_wconf 90' lang='lat' dir='ltr'><strong>leo,</strong></span> <span class='ocrx_word' id='word_1_70' title='bbox 1335 874 1390 922; x_wconf 85' lang='lat' dir='ltr'><strong>et</strong></span> <span class='ocrx_word' id='word_1_71' title='bbox 1430 874 1491 921; x_wconf 87' lang='lat' dir='ltr'><strong>ut</strong></span> <span class='ocrx_word' id='word_1_72' title='bbox 1529 867 1765 930; x_wconf 89' lang='lat' dir='ltr'><strong>catulus,</strong></span> <span class='ocrx_word' id='word_1_73' title='bbox 1810 885 1829 918; x_wconf 76' lang='grc' dir='ltr'><strong>ι</strong></span> <span class='ocrx_word' id='word_1_74' title='bbox 1867 867 2127 936; x_wconf 86' lang='lat' dir='ltr'><strong>majorem</strong></span> 
     </span>
    </p>
   </div>
   <div class='ocr_carea' id='block_1_11' title="bbox 562 957 2129 1032">
    <p class='ocr_par' dir='ltr' id='par_1_11' title="bbox 562 957 2129 1032">
     <span class='ocr_line' id='line_1_11' title="bbox 562 957 2129 1032; baseline -0.002 -19"><span class='ocrx_word' id='word_1_75' title='bbox 562 974 695 1014; x_wconf 84' lang='lat' dir='ltr'><strong>sane</strong></span> <span class='ocrx_word' id='word_1_76' title='bbox 745 958 1106 1029; x_wconf 81' lang='lat' dir='ltr'><strong>postulaverit</strong></span> <span class='ocrx_word' id='word_1_77' title='bbox 1149 958 1693 1032; x_wconf 80' lang='lat' dir='ltr'><strong>contemplationem,</strong></span> <span class='ocrx_word' id='word_1_78' title='bbox 1734 973 1898 1029; x_wconf 89' lang='lat' dir='ltr'><strong>quam</strong></span> <span class='ocrx_word' id='word_1_79' title='bbox 1948 972 2013 1013; x_wconf 88' lang='lat' dir='ltr'><strong>ea</strong></span> <span class='ocrx_word' id='word_1_80' title='bbox 2056 957 2129 1012; x_wconf 87' lang='lat' dir='ltr'><strong>sit</strong></span> 
     </span>
    </p>
   </div>
   <div class='ocr_carea' id='block_1_12' title="bbox 560 1047 2132 1121">
    <p class='ocr_par' dir='ltr' id='par_1_12' title="bbox 560 1047 2132 1121">
     <span class='ocr_line' id='line_1_12' title="bbox 560 1047 2132 1121; baseline -0.001 -18"><span class='ocrx_word' id='word_1_81' title='bbox 560 1064 682 1121; x_wconf 71' lang='lat' dir='ltr'><strong>quae</strong></span> <span class='ocrx_word' id='word_1_82' title='bbox 702 1047 896 1104; x_wconf 89' lang='lat' dir='ltr'><strong>Iudam</strong></span> <span class='ocrx_word' id='word_1_83' title='bbox 926 1050 1201 1121; x_wconf 85' lang='lat' dir='ltr'><strong>respiciat.</strong></span> <span class='ocrx_word' id='word_1_84' title='bbox 1223 1048 1365 1116; x_wconf 82' lang='lat' dir='ltr'><strong>Quin</strong></span> <span class='ocrx_word' id='word_1_85' title='bbox 1389 1050 1550 1104; x_wconf 89' lang='lat' dir='ltr'><strong>etiam</strong></span> <span class='ocrx_word' id='word_1_86' title='bbox 1581 1049 1714 1104; x_wconf 87' lang='lat' dir='ltr'><strong>illud</strong></span> <span class='ocrx_word' id='word_1_87' title='bbox 1732 1048 1876 1120; x_wconf 88' lang='lat' dir='ltr'><strong>quod</strong></span> <span class='ocrx_word' id='word_1_88' title='bbox 1910 1056 2033 1119; x_wconf 79' lang='lat' dir='ltr'><strong>post</strong></span> <span class='ocrx_word' id='word_1_89' title='bbox 2062 1063 2132 1102; x_wconf 83' lang='lat' dir='ltr'><strong>ea-</strong></span> 
     </span>
    </p>
   </div>
   <div class='ocr_carea' id='block_1_13' title="bbox 560 1137 2127 1211">
    <p class='ocr_par' dir='ltr' id='par_1_13' title="bbox 560 1137 2127 1211">
     <span class='ocr_line' id='line_1_13' title="bbox 560 1137 2127 1211; baseline -0.004 -13"><span class='ocrx_word' id='word_1_90' title='bbox 560 1142 767 1198; x_wconf 85' lang='lat' dir='ltr'><strong>dictum</strong></span> <span class='ocrx_word' id='word_1_91' title='bbox 794 1148 880 1197; x_wconf 89' lang='lat' dir='ltr'><strong>est</strong></span> <span class='ocrx_word' id='word_1_92' title='bbox 913 1156 927 1192; x_wconf 89' lang='lat'><strong>:</strong></span> <span class='ocrx_word' id='word_1_93' title='bbox 956 1159 974 1192; x_wconf 79' lang='grc' dir='ltr'><strong>ι</strong></span> <span class='ocrx_word' id='word_1_94' title='bbox 1013 1139 1126 1195; x_wconf 84' lang='grc' dir='ltr'><strong>Νοη</strong></span> <span class='ocrx_word' id='word_1_95' title='bbox 1153 1139 1366 1196; x_wconf 87' lang='lat' dir='ltr'><strong>deﬁciet</strong></span> <span class='ocrx_word' id='word_1_96' title='bbox 1395 1141 1649 1211; x_wconf 80' lang='lat' dir='ltr'><strong>princeps</strong></span> <span class='ocrx_word' id='word_1_97' title='bbox 1671 1139 1739 1195; x_wconf 90' lang='lat' dir='ltr'><strong>de</strong></span> <span class='ocrx_word' id='word_1_98' title='bbox 1762 1137 1922 1201; x_wconf 91' lang='lat' dir='ltr'><strong>Iuda,</strong></span> <span class='ocrx_word' id='word_1_99' title='bbox 1950 1153 2127 1209; x_wconf 88' lang='lat' dir='ltr'><strong>neque</strong></span> 
     </span>
    </p>
   </div>
   <div class='ocr_carea' id='block_1_14' title="bbox 560 1229 2126 1302">
    <p class='ocr_par' dir='ltr' id='par_1_14' title="bbox 560 1229 2126 1302">
     <span class='ocr_line' id='line_1_14' title="bbox 560 1229 2126 1302; baseline -0.004 -11"><span class='ocrx_word' id='word_1_100' title='bbox 560 1235 670 1291; x_wconf 80' lang='lat' dir='ltr'><strong>dux</strong></span> <span class='ocrx_word' id='word_1_101' title='bbox 699 1234 767 1289; x_wconf 91' lang='lat' dir='ltr'><strong>de</strong></span> <span class='ocrx_word' id='word_1_102' title='bbox 796 1232 1098 1289; x_wconf 77' lang='lat' dir='ltr'><strong>femoribus</strong></span> <span class='ocrx_word' id='word_1_103' title='bbox 1129 1233 1271 1302; x_wconf 87' lang='lat' dir='ltr'><strong>ejus,</strong></span> <span class='ocrx_word' id='word_1_104' title='bbox 1309 1232 1483 1287; x_wconf 87' lang='lat' dir='ltr'><strong>donec</strong></span> <span class='ocrx_word' id='word_1_105' title='bbox 1512 1230 1733 1286; x_wconf 79' lang='lat' dir='ltr'><strong>veniant</strong></span> <span class='ocrx_word' id='word_1_106' title='bbox 1759 1245 1879 1302; x_wconf 70' lang='lat' dir='ltr'><strong>qua:</strong></span> <span class='ocrx_word' id='word_1_107' title='bbox 1905 1229 2009 1300; x_wconf 86' lang='lat' dir='ltr'><strong>ipsi</strong></span> <span class='ocrx_word' id='word_1_108' title='bbox 2038 1244 2126 1285; x_wconf 90' lang='lat' dir='ltr'><strong>re-</strong></span> 
     </span>
    </p>
   </div>
   <div class='ocr_carea' id='block_1_15' title="bbox 560 1322 2124 1398">
    <p class='ocr_par' dir='ltr' id='par_1_15' title="bbox 560 1322 2124 1398">
     <span class='ocr_line' id='line_1_15' title="bbox 560 1322 2124 1398; baseline -0.004 -17"><span class='ocrx_word' id='word_1_109' title='bbox 560 1327 739 1398; x_wconf 87' lang='lat' dir='ltr'><strong>posita</strong></span> <span class='ocrx_word' id='word_1_110' title='bbox 767 1332 918 1389; x_wconf 86' lang='lat' dir='ltr'><strong>sunt,</strong></span> <span class='ocrx_word' id='word_1_111' title='bbox 945 1333 999 1380; x_wconf 90' lang='lat' dir='ltr'><strong>et</strong></span> <span class='ocrx_word' id='word_1_112' title='bbox 1026 1324 1144 1395; x_wconf 84' lang='lat' dir='ltr'><strong>ipse</strong></span> <span class='ocrx_word' id='word_1_113' title='bbox 1171 1323 1506 1394; x_wconf 79' lang='lat' dir='ltr'><strong>exspectatio</strong></span> <span class='ocrx_word' id='word_1_114' title='bbox 1532 1322 1795 1394; x_wconf 85' lang='lat' dir='ltr'><strong>gentium,</strong></span> <span class='ocrx_word' id='word_1_115' title='bbox 1828 1340 1847 1373; x_wconf 74' lang='grc' dir='ltr'><strong>ι</strong></span> <span class='ocrx_word' id='word_1_116' title='bbox 1879 1328 2124 1391; x_wconf 86' lang='lat' dir='ltr'><strong>tempora</strong></span> 
     </span>
    </p>
   </div>
   <div class='ocr_carea' id='block_1_16' title="bbox 561 1412 2123 1485">
    <p class='ocr_par' dir='ltr' id='par_1_16' title="bbox 561 1412 2123 1485">
     <span class='ocr_line' id='line_1_16' title="bbox 561 1412 2123 1485; baseline -0.003 -15"><span class='ocrx_word' id='word_1_117' title='bbox 561 1415 697 1470; x_wconf 88' lang='lat' dir='ltr'><strong>mihi</strong></span> <span class='ocrx_word' id='word_1_118' title='bbox 737 1413 1048 1485; x_wconf 79' lang='lat' dir='ltr'><strong>signiﬁcare</strong></span> <span class='ocrx_word' id='word_1_119' title='bbox 1076 1414 1289 1469; x_wconf 86' lang='lat' dir='ltr'><strong>videtur</strong></span> <span class='ocrx_word' id='word_1_120' title='bbox 1314 1415 1457 1483; x_wconf 86' lang='lat' dir='ltr'><strong>ejus,</strong></span> <span class='ocrx_word' id='word_1_121' title='bbox 1487 1414 1554 1469; x_wconf 92' lang='lat' dir='ltr'><strong>de</strong></span> <span class='ocrx_word' id='word_1_122' title='bbox 1591 1426 1698 1483; x_wconf 90' lang='lat' dir='ltr'><strong>quo</strong></span> <span class='ocrx_word' id='word_1_123' title='bbox 1730 1412 2014 1482; x_wconf 87' lang='lat' dir='ltr'><strong>prophetia</strong></span> <span class='ocrx_word' id='word_1_124' title='bbox 2040 1412 2123 1466; x_wconf 89' lang='lat' dir='ltr'><strong>lo-</strong></span> 
     </span>
    </p>
   </div>
   <div class='ocr_carea' id='block_1_17' title="bbox 559 1501 2124 1578">
    <p class='ocr_par' dir='ltr' id='par_1_17' title="bbox 559 1501 2124 1578">
     <span class='ocr_line' id='line_1_17' title="bbox 559 1501 2124 1578; baseline -0.003 -18"><span class='ocrx_word' id='word_1_125' title='bbox 559 1505 767 1578; x_wconf 86' lang='lat' dir='ltr'><strong>quitur,</strong></span> <span class='ocrx_word' id='word_1_126' title='bbox 799 1504 1083 1560; x_wconf 83' lang='lat' dir='ltr'><strong>adventus.</strong></span> <span class='ocrx_word' id='word_1_127' title='bbox 1118 1503 1232 1559; x_wconf 87' lang='lat' dir='ltr'><strong>lloc</strong></span> <span class='ocrx_word' id='word_1_128' title='bbox 1254 1504 1422 1568; x_wconf 83' lang='lat' dir='ltr'><strong>enim,</strong></span> <span class='ocrx_word' id='word_1_129' title='bbox 1441 1503 1638 1573; x_wconf 81' lang='lat' dir='ltr'><strong>inquit,</strong></span> <span class='ocrx_word' id='word_1_130' title='bbox 1660 1518 1769 1556; x_wconf 90' lang='lat' dir='ltr'><strong>non</strong></span> <span class='ocrx_word' id='word_1_131' title='bbox 1796 1501 1919 1566; x_wconf 88' lang='lat' dir='ltr'><strong>erit,</strong></span> <span class='ocrx_word' id='word_1_132' title='bbox 1950 1502 2124 1557; x_wconf 89' lang='lat' dir='ltr'><strong>donec</strong></span> 
     </span>
    </p>
   </div>
   <div class='ocr_carea' id='block_1_18' title="bbox 560 1591 2121 1665">
    <p class='ocr_par' dir='ltr' id='par_1_18' title="bbox 560 1591 2121 1665">
     <span class='ocr_line' id='line_1_18' title="bbox 560 1591 2121 1665; baseline -0.003 -14"><span class='ocrx_word' id='word_1_133' title='bbox 560 1596 694 1651; x_wconf 88' lang='lat' dir='ltr'><strong>illud</strong></span> <span class='ocrx_word' id='word_1_134' title='bbox 717 1595 963 1661; x_wconf 79' lang='lat' dir='ltr'><strong>eveniat;</strong></span> <span class='ocrx_word' id='word_1_135' title='bbox 994 1610 1169 1665; x_wconf 86' lang='lat' dir='ltr'><strong>neque</strong></span> <span class='ocrx_word' id='word_1_136' title='bbox 1194 1594 1338 1650; x_wconf 88' lang='lat' dir='ltr'><strong>enim</strong></span> <span class='ocrx_word' id='word_1_137' title='bbox 1371 1595 1525 1665; x_wconf 90' lang='lat' dir='ltr'><strong>prius</strong></span> <span class='ocrx_word' id='word_1_138' title='bbox 1541 1592 1791 1649; x_wconf 82' lang='lat' dir='ltr'><strong>desinent</strong></span> <span class='ocrx_word' id='word_1_139' title='bbox 1820 1592 1874 1647; x_wconf 89' lang='lat' dir='ltr'><strong>in</strong></span> <span class='ocrx_word' id='word_1_140' title='bbox 1896 1591 2121 1648; x_wconf 89' lang='lat' dir='ltr'><strong>Iudaica</strong></span> 
     </span>
    </p>
   </div>
   <div class='ocr_carea' id='block_1_19' title="bbox 2240 410 3712 492">
    <p class='ocr_par' dir='ltr' id='par_1_19' title="bbox 2240 410 3712 492">
     <span class='ocr_line' id='line_1_19' title="bbox 2240 410 3712 492; baseline 0.009 -27"><span class='ocrx_word' id='word_1_141' title='bbox 2240 429 2370 483; x_wconf 88' lang='grc' dir='ltr'>ματι</span> <span class='ocrx_word' id='word_1_142' title='bbox 2397 410 2554 466; x_wconf 81' lang='grc' dir='ltr'>τοῦτο</span> <span class='ocrx_word' id='word_1_143' title='bbox 2579 411 2838 484; x_wconf 79' lang='grc' dir='ltr'>ἐποίησαν</span> <span class='ocrx_word' id='word_1_144' title='bbox 2869 414 2968 477; x_wconf 68' lang='lat' dir='ltr'><strong>av;</strong></span> <span class='ocrx_word' id='word_1_145' title='bbox 3008 414 3124 467; x_wconf 75' lang='grc' dir='ltr'>οὐδὲ</span> <span class='ocrx_word' id='word_1_146' title='bbox 3167 414 3279 486; x_wconf 81' lang='grc' dir='ltr'>μὴν</span> <span class='ocrx_word' id='word_1_147' title='bbox 3313 416 3507 490; x_wconf 77' lang='grc' dir='ltr'>ἐκείνῳ</span> <span class='ocrx_word' id='word_1_148' title='bbox 3536 437 3712 492; x_wconf 77' lang='grc' dir='ltr'>προσεκ</span> 
     </span>
    </p>
   </div>
   <div class='ocr_carea' id='block_1_20' title="bbox 2236 501 3712 581">
    <p class='ocr_par' dir='ltr' id='par_1_20' title="bbox 2236 501 3712 581">
     <span class='ocr_line' id='line_1_20' title="bbox 2236 501 3712 581; baseline 0.008 -29"><span class='ocrx_word' id='word_1_149' title='bbox 2236 517 2405 571; x_wconf 78' lang='grc' dir='ltr'>νησαν</span> <span class='ocrx_word' id='word_1_150' title='bbox 2440 502 2489 554; x_wconf 74' lang='grc' dir='ltr'>οἱ</span> <span class='ocrx_word' id='word_1_151' title='bbox 2520 501 2625 554; x_wconf 61' lang='lat' dir='ltr'><strong>uio}.</strong></span> <span class='ocrx_word' id='word_1_152' title='bbox 2673 502 2768 555; x_wconf 81' lang='grc' dir='ltr'><strong>τοῦ</strong></span> <span class='ocrx_word' id='word_1_153' title='bbox 2816 503 3039 575; x_wconf 84' lang='grc' dir='ltr'>πατρός.</span> <span class='ocrx_word' id='word_1_154' title='bbox 3096 503 3321 559; x_wconf 77' lang='grc' dir='ltr'>Μᾶλλον</span> <span class='ocrx_word' id='word_1_155' title='bbox 3353 504 3399 559; x_wconf 82' lang='grc' dir='ltr'>δ’</span> <span class='ocrx_word' id='word_1_156' title='bbox 3448 508 3513 562; x_wconf 76' lang='grc' dir='ltr'>ἂν</span> <span class='ocrx_word' id='word_1_157' title='bbox 3558 512 3587 563; x_wconf 82' lang='grc'>6</span> <span class='ocrx_word' id='word_1_158' title='bbox 3636 512 3712 581; x_wconf 60' lang='grc' dir='ltr'><strong>λάθε</strong></span> 
     </span>
    </p>
   </div>
   <div class='ocr_carea' id='block_1_21' title="bbox 2234 591 3712 677">
    <p class='ocr_par' dir='ltr' id='par_1_21' title="bbox 2234 591 3712 677">
     <span class='ocr_line' id='line_1_21' title="bbox 2234 591 3712 677; baseline 0.011 -35"><span class='ocrx_word' id='word_1_159' title='bbox 2234 591 2506 662; x_wconf 71' lang='grc' dir='ltr'>ἥρμοσεν,</span> <span class='ocrx_word' id='word_1_160' title='bbox 2540 595 2590 645; x_wconf 89' lang='grc' dir='ltr'><strong>εί</strong></span> <span class='ocrx_word' id='word_1_161' title='bbox 2633 592 2711 664; x_wconf 83' lang='grc' dir='ltr'>τῷ</span> <span class='ocrx_word' id='word_1_162' title='bbox 2752 595 2946 666; x_wconf 67' lang='grc' dir='ltr'>Ἰωσὴφ</span> <span class='ocrx_word' id='word_1_163' title='bbox 2978 595 3201 667; x_wconf 72' lang='grc' dir='ltr'>εἴρητο·</span> <span class='ocrx_word' id='word_1_164' title='bbox 3252 597 3442 669; x_wconf 72' lang='grc' dir='ltr'>ἐπειδὴ</span> <span class='ocrx_word' id='word_1_165' title='bbox 3479 599 3712 677; x_wconf 48' lang='lat' dir='ltr'><strong>toﬁs-ovat</strong></span> 
     </span>
    </p>
   </div>
   <div class='ocr_carea' id='block_1_22' title="bbox 2233 682 3712 766">
    <p class='ocr_par' dir='ltr' id='par_1_22' title="bbox 2233 682 3712 766">
     <span class='ocr_line' id='line_1_22' title="bbox 2233 682 3712 766; baseline 0.009 -31"><span class='ocrx_word' id='word_1_166' title='bbox 2233 686 2346 746; x_wconf 74' lang='grc' dir='ltr'>τοῖς</span> <span class='ocrx_word' id='word_1_167' title='bbox 2375 682 2580 748; x_wconf 80' lang='grc' dir='ltr'><strong>λοιποῖς</strong></span> <span class='ocrx_word' id='word_1_168' title='bbox 2605 684 2850 756; x_wconf 80' lang='grc' dir='ltr'><strong>ἀδελφοῖς</strong></span> <span class='ocrx_word' id='word_1_169' title='bbox 2877 687 2971 740; x_wconf 80' lang='grc' dir='ltr'>καὶ</span> <span class='ocrx_word' id='word_1_170' title='bbox 2998 686 3157 751; x_wconf 72' lang='grc' dir='ltr'>αὐτὸς</span> <span class='ocrx_word' id='word_1_171' title='bbox 3200 687 3405 754; x_wconf 82' lang='grc' dir='ltr'><strong>Ἰούδας</strong></span> <span class='ocrx_word' id='word_1_172' title='bbox 3430 698 3712 766; x_wconf 79' lang='grc' dir='ltr'>προσκυνήσ</span> 
     </span>
    </p>
   </div>
   <div class='ocr_carea' id='block_1_23' title="bbox 2236 776 3712 853">
    <p class='ocr_par' dir='ltr' id='par_1_23' title="bbox 2236 776 3712 853">
     <span class='ocr_line' id='line_1_23' title="bbox 2236 776 3712 853; baseline 0.007 -25"><span class='ocrx_word' id='word_1_173' title='bbox 2236 777 2517 846; x_wconf 77' lang='grc' dir='ltr'>φαίνεται·</span> <span class='ocrx_word' id='word_1_174' title='bbox 2544 776 2685 848; x_wconf 76' lang='grc' dir='ltr'>πλὴν</span> <span class='ocrx_word' id='word_1_175' title='bbox 2705 778 2841 832; x_wconf 80' lang='grc' dir='ltr'><strong>ἀλλὰ</strong></span> <span class='ocrx_word' id='word_1_176' title='bbox 2862 778 2969 850; x_wconf 82' lang='grc' dir='ltr'><strong>πρὸ</strong></span> <span class='ocrx_word' id='word_1_177' title='bbox 2993 779 3100 832; x_wconf 82' lang='grc' dir='ltr'><strong>τῶν</strong></span> <span class='ocrx_word' id='word_1_178' title='bbox 3120 779 3300 848; x_wconf 80' lang='grc' dir='ltr'>λόγων</span> <span class='ocrx_word' id='word_1_179' title='bbox 3331 782 3431 852; x_wconf 85' lang='grc' dir='ltr'><strong>τῆς</strong></span> <span class='ocrx_word' id='word_1_180' title='bbox 3456 787 3712 853; x_wconf 70' lang='grc' dir='ltr'>προφητεία</span> 
     </span>
    </p>
   </div>
   <div class='ocr_carea' id='block_1_24' title="bbox 2234 868 3712 947">
    <p class='ocr_par' dir='ltr' id='par_1_24' title="bbox 2234 868 3712 947">
     <span class='ocr_line' id='line_1_24' title="bbox 2234 868 3712 947; baseline 0.005 -25"><span class='ocrx_word' id='word_1_181' title='bbox 2234 868 2385 922; x_wconf 82' lang='grc' dir='ltr'><strong>Μετὰ</strong></span> <span class='ocrx_word' id='word_1_182' title='bbox 2417 868 2525 939; x_wconf 81' lang='grc' dir='ltr'>γὰρ</span> <span class='ocrx_word' id='word_1_183' title='bbox 2547 868 2768 931; x_wconf 81' lang='grc' dir='ltr'>τούτους</span> <span class='ocrx_word' id='word_1_184' title='bbox 2799 869 2951 923; x_wconf 77' lang='grc' dir='ltr'>οὐδέν</span> <span class='ocrx_word' id='word_1_185' title='bbox 2985 887 3040 924; x_wconf 85' lang='grc' dir='ltr'><strong>τι</strong></span> <span class='ocrx_word' id='word_1_186' title='bbox 3086 871 3365 935; x_wconf 81' lang='grc' dir='ltr'>τοιοῦτον,</span> <span class='ocrx_word' id='word_1_187' title='bbox 3397 871 3519 927; x_wconf 69' lang='grc' dir='ltr'>οὐδὲ</span> <span class='ocrx_word' id='word_1_188' title='bbox 3548 876 3665 947; x_wconf 75' lang='grc' dir='ltr'>περὶ</span> <span class='ocrx_word' id='word_1_189' title='bbox 3695 894 3712 930; x_wconf 74' lang='lat'>1</span> 
     </span>
    </p>
   </div>
   <div class='ocr_carea' id='block_1_25' title="bbox 2246 958 3712 1040">
    <p class='ocr_par' dir='ltr' id='par_1_25' title="bbox 2246 958 3712 1040">
     <span class='ocr_line' id='line_1_25' title="bbox 2246 958 3712 1040; baseline 0.007 -29"><span class='ocrx_word' id='word_1_190' title='bbox 2246 958 2462 1031; x_wconf 79' lang='grc' dir='ltr'>Ἰωσὴφ,</span> <span class='ocrx_word' id='word_1_191' title='bbox 2485 960 2623 1031; x_wconf 74' lang='grc' dir='ltr'>ἦπου</span> <span class='ocrx_word' id='word_1_192' title='bbox 2663 976 2725 1028; x_wconf 85' lang='grc' dir='ltr'>γε</span> <span class='ocrx_word' id='word_1_193' title='bbox 2752 961 2881 1032; x_wconf 69' lang='grc' dir='ltr'>περὶ</span> <span class='ocrx_word' id='word_1_194' title='bbox 2909 961 3001 1015; x_wconf 82' lang='grc' dir='ltr'>τὸν</span> <span class='ocrx_word' id='word_1_195' title='bbox 3031 961 3234 1017; x_wconf 81' lang='grc' dir='ltr'>Ἰούδαν</span> <span class='ocrx_word' id='word_1_196' title='bbox 3262 964 3484 1033; x_wconf 70' lang='grc' dir='ltr'>γεγυνδς</span> <span class='ocrx_word' id='word_1_197' title='bbox 3518 967 3550 1038; x_wconf 79' lang='grc' dir='ltr'>ἡ</span> <span class='ocrx_word' id='word_1_198' title='bbox 3592 969 3712 1040; x_wconf 49' lang='lat' dir='ltr'><strong>im;</strong></span> 
     </span>
    </p>
   </div>
   <div class='ocr_carea' id='block_1_26' title="bbox 2234 1050 3712 1128">
    <p class='ocr_par' dir='ltr' id='par_1_26' title="bbox 2234 1050 3712 1128">
     <span class='ocr_line' id='line_1_26' title="bbox 2234 1050 3712 1128; baseline 0.006 -25"><span class='ocrx_word' id='word_1_199' title='bbox 2234 1050 2668 1122; x_wconf 70' lang='grc' dir='ltr'>παρίστησι.Καὶ</span> <span class='ocrx_word' id='word_1_200' title='bbox 2695 1051 2775 1114; x_wconf 82' lang='grc' dir='ltr'>τὸ,</span> <span class='ocrx_word' id='word_1_201' title='bbox 2795 1072 2813 1102; x_wconf 76' lang='grc' dir='ltr'><strong>ι</strong></span> <span class='ocrx_word' id='word_1_202' title='bbox 2836 1051 3148 1107; x_wconf 81' lang='grc' dir='ltr'>’Δναπεσὼν</span> <span class='ocrx_word' id='word_1_203' title='bbox 3174 1053 3234 1108; x_wconf 83' lang='grc' dir='ltr'><strong>δέ</strong></span> <span class='ocrx_word' id='word_1_204' title='bbox 3253 1055 3551 1128; x_wconf 75' lang='grc' dir='ltr'>ἐκοιμήθης</span> <span class='ocrx_word' id='word_1_205' title='bbox 3566 1058 3637 1122; x_wconf 83' lang='grc' dir='ltr'><strong>ὡς</strong></span> <span class='ocrx_word' id='word_1_206' title='bbox 3658 1059 3712 1111; x_wconf 75' lang='grc' dir='ltr'>λέι</span> 
     </span>
    </p>
   </div>
   <div class='ocr_carea' id='block_1_27' title="bbox 2232 1139 3712 1216">
    <p class='ocr_par' dir='ltr' id='par_1_27' title="bbox 2232 1139 3712 1216">
     <span class='ocr_line' id='line_1_27' title="bbox 2232 1139 3712 1216; baseline 0.008 -24"><span class='ocrx_word' id='word_1_207' title='bbox 2232 1140 2326 1193; x_wconf 78' lang='grc' dir='ltr'><strong>καὶ</strong></span> <span class='ocrx_word' id='word_1_208' title='bbox 2343 1139 2419 1204; x_wconf 87' lang='grc' dir='ltr'>ὡς</span> <span class='ocrx_word' id='word_1_209' title='bbox 2438 1139 2694 1211; x_wconf 75' lang='grc' dir='ltr'><strong>σκύμνος,</strong></span> <span class='ocrx_word' id='word_1_210' title='bbox 2723 1160 2741 1191; x_wconf 77' lang='grc' dir='ltr'><strong>ι</strong></span> <span class='ocrx_word' id='word_1_211' title='bbox 2753 1142 2993 1211; x_wconf 75' lang='grc' dir='ltr'>μείζονος</span> <span class='ocrx_word' id='word_1_212' title='bbox 3010 1141 3078 1197; x_wconf 80' lang='grc' dir='ltr'>ἂν</span> <span class='ocrx_word' id='word_1_213' title='bbox 3091 1142 3314 1216; x_wconf 78' lang='grc' dir='ltr'>δέοιτοῆ</span> <span class='ocrx_word' id='word_1_214' title='bbox 3336 1146 3474 1201; x_wconf 85' lang='grc' dir='ltr'>κατὰ</span> <span class='ocrx_word' id='word_1_215' title='bbox 3492 1153 3578 1203; x_wconf 81' lang='grc' dir='ltr'>τὸν</span> <span class='ocrx_word' id='word_1_216' title='bbox 3601 1148 3712 1203; x_wconf 78' lang='grc' dir='ltr'>Ἰούδ</span> 
     </span>
    </p>
   </div>
   <div class='ocr_carea' id='block_1_28' title="bbox 2233 1230 3711 1310">
    <p class='ocr_par' dir='ltr' id='par_1_28' title="bbox 2233 1230 3711 1310">
     <span class='ocr_line' id='line_1_28' title="bbox 2233 1230 3711 1310; baseline 0.005 -26"><span class='ocrx_word' id='word_1_217' title='bbox 2233 1230 2483 1304; x_wconf 81' lang='grc' dir='ltr'><strong>θεωρίας.</strong></span> <span class='ocrx_word' id='word_1_218' title='bbox 2520 1231 2681 1287; x_wconf 79' lang='grc' dir='ltr'>Ἀλλὰ</span> <span class='ocrx_word' id='word_1_219' title='bbox 2710 1233 2805 1287; x_wconf 81' lang='grc' dir='ltr'>καὶ</span> <span class='ocrx_word' id='word_1_220' title='bbox 2833 1233 2895 1287; x_wconf 83' lang='grc' dir='ltr'>τὸ</span> <span class='ocrx_word' id='word_1_221' title='bbox 2936 1233 3073 1305; x_wconf 78' lang='grc' dir='ltr'>μετὰ</span> <span class='ocrx_word' id='word_1_222' title='bbox 3104 1234 3282 1289; x_wconf 78' lang='grc' dir='ltr'>ταῦτα</span> <span class='ocrx_word' id='word_1_223' title='bbox 3310 1237 3619 1310; x_wconf 77' lang='grc' dir='ltr'><strong>εἰρημένον·</strong></span> <span class='ocrx_word' id='word_1_224' title='bbox 3642 1257 3657 1290; x_wconf 86' lang='grc' dir='ltr'><strong>ι</strong></span> <span class='ocrx_word' id='word_1_225' title='bbox 3677 1240 3711 1293; x_wconf 88' lang='grc'><strong>0</strong></span> 
     </span>
    </p>
   </div>
   <div class='ocr_carea' id='block_1_29' title="bbox 2231 1322 3712 1398">
    <p class='ocr_par' dir='ltr' id='par_1_29' title="bbox 2231 1322 3712 1398">
     <span class='ocr_line' id='line_1_29' title="bbox 2231 1322 3712 1398; baseline 0.005 -23"><span class='ocrx_word' id='word_1_226' title='bbox 2231 1322 2467 1393; x_wconf 78' lang='grc' dir='ltr'><strong>ἐκλείψει</strong></span> <span class='ocrx_word' id='word_1_227' title='bbox 2515 1323 2697 1395; x_wconf 78' lang='grc' dir='ltr'>ἄρχων</span> <span class='ocrx_word' id='word_1_228' title='bbox 2731 1324 2791 1391; x_wconf 78' lang='grc' dir='ltr'>ἐξ</span> <span class='ocrx_word' id='word_1_229' title='bbox 2842 1324 3042 1391; x_wconf 80' lang='grc' dir='ltr'><strong>Ἰούδα,</strong></span> <span class='ocrx_word' id='word_1_230' title='bbox 3088 1326 3215 1380; x_wconf 77' lang='grc' dir='ltr'>οὐδὲ</span> <span class='ocrx_word' id='word_1_231' title='bbox 3259 1327 3558 1398; x_wconf 82' lang='grc' dir='ltr'>ἡγούμενος</span> <span class='ocrx_word' id='word_1_232' title='bbox 3596 1331 3655 1382; x_wconf 86' lang='grc' dir='ltr'><strong>ἐκ</strong></span> <span class='ocrx_word' id='word_1_233' title='bbox 3676 1346 3712 1381; x_wconf 72' lang='grc' dir='ltr'><strong>τι</strong></span> 
     </span>
    </p>
   </div>
   <div class='ocr_carea' id='block_1_30' title="bbox 2234 1414 3712 1492">
    <p class='ocr_par' dir='ltr' id='par_1_30' title="bbox 2234 1414 3712 1492">
     <span class='ocr_line' id='line_1_30' title="bbox 2234 1414 3712 1492; baseline 0.005 -24"><span class='ocrx_word' id='word_1_234' title='bbox 2234 1415 2422 1485; x_wconf 83' lang='grc' dir='ltr'>μηρῶν</span> <span class='ocrx_word' id='word_1_235' title='bbox 2449 1414 2632 1479; x_wconf 80' lang='grc' dir='ltr'>αὑτοῦ,</span> <span class='ocrx_word' id='word_1_236' title='bbox 2665 1416 2769 1480; x_wconf 73' lang='grc' dir='ltr'><strong>ἕως</strong></span> <span class='ocrx_word' id='word_1_237' title='bbox 2792 1415 2857 1470; x_wconf 85' lang='grc' dir='ltr'>ἂν</span> <span class='ocrx_word' id='word_1_238' title='bbox 2880 1417 3010 1492; x_wconf 78' lang='grc' dir='ltr'>ἔλθῃ</span> <span class='ocrx_word' id='word_1_239' title='bbox 3039 1417 3111 1472; x_wconf 78' lang='grc' dir='ltr'>τὰ</span> <span class='ocrx_word' id='word_1_240' title='bbox 3139 1420 3479 1490; x_wconf 77' lang='grc' dir='ltr'>ἀποκείμενα</span> <span class='ocrx_word' id='word_1_241' title='bbox 3515 1420 3668 1491; x_wconf 78' lang='grc' dir='ltr'>αὐτῷ,</span> <span class='ocrx_word' id='word_1_242' title='bbox 3690 1439 3712 1475; x_wconf 70' lang='grc' dir='ltr'><strong>κ</strong></span> 
     </span>
    </p>
   </div>
   <div class='ocr_carea' id='block_1_31' title="bbox 2228 1504 3712 1582">
    <p class='ocr_par' dir='ltr' id='par_1_31' title="bbox 2228 1504 3712 1582">
     <span class='ocr_line' id='line_1_31' title="bbox 2228 1504 3712 1582; baseline 0.005 -25"><span class='ocrx_word' id='word_1_243' title='bbox 2228 1504 2391 1567; x_wconf 82' lang='grc' dir='ltr'>αὐτὸς</span> <span class='ocrx_word' id='word_1_244' title='bbox 2435 1504 2727 1576; x_wconf 81' lang='grc' dir='ltr'>προσδοκία</span> <span class='ocrx_word' id='word_1_245' title='bbox 2760 1506 2955 1573; x_wconf 83' lang='grc' dir='ltr'>ἐθνῶν,</span> <span class='ocrx_word' id='word_1_246' title='bbox 2986 1527 3007 1561; x_wconf 68' lang='lat'><strong><em>9</em></strong></span> <span class='ocrx_word' id='word_1_247' title='bbox 3050 1509 3182 1573; x_wconf 76' lang='grc' dir='ltr'>τοὺς</span> <span class='ocrx_word' id='word_1_248' title='bbox 3214 1510 3440 1582; x_wconf 83' lang='grc' dir='ltr'>χρόνους</span> <span class='ocrx_word' id='word_1_249' title='bbox 3470 1511 3712 1564; x_wconf 82' lang='grc' dir='ltr'>αίνίττεσθ</span> 
     </span>
    </p>
   </div>
   <div class='ocr_carea' id='block_1_32' title="bbox 2233 1594 3712 1673">
    <p class='ocr_par' dir='ltr' id='par_1_32' title="bbox 2233 1594 3712 1673">
     <span class='ocr_line' id='line_1_32' title="bbox 2233 1594 3712 1673; baseline 0.005 -25"><span class='ocrx_word' id='word_1_250' title='bbox 2233 1612 2322 1666; x_wconf 88' lang='grc' dir='ltr'><strong>μοι</strong></span> <span class='ocrx_word' id='word_1_251' title='bbox 2342 1594 2489 1650; x_wconf 86' lang='grc' dir='ltr'><strong>δοκεῖ</strong></span> <span class='ocrx_word' id='word_1_252' title='bbox 2506 1595 2606 1667; x_wconf 87' lang='grc' dir='ltr'><strong>τῆς</strong></span> <span class='ocrx_word' id='word_1_253' title='bbox 2634 1597 2731 1651; x_wconf 82' lang='grc' dir='ltr'><strong>τοῦ</strong></span> <span class='ocrx_word' id='word_1_254' title='bbox 2779 1601 3260 1672; x_wconf 79' lang='grc' dir='ltr'>προφητευομένου</span> <span class='ocrx_word' id='word_1_255' title='bbox 3308 1602 3619 1673; x_wconf 84' lang='grc' dir='ltr'>παρουσίας.</span> <span class='ocrx_word' id='word_1_256' title='bbox 3660 1602 3712 1655; x_wconf 80' lang='lat' dir='ltr'><strong>Td</strong></span> 
     </span>
    </p>
   </div>
   <div class='ocr_carea' id='block_1_33' title="bbox 559 1680 2121 1763">
    <p class='ocr_par' dir='ltr' id='par_1_33' title="bbox 559 1686 2121 1760">
     <span class='ocr_line' id='line_1_33' title="bbox 559 1686 2121 1760; baseline -0.003 -16"><span class='ocrx_word' id='word_1_257' title='bbox 559 1702 718 1760; x_wconf 83' lang='lat' dir='ltr'><strong>gente</strong></span> <span class='ocrx_word' id='word_1_258' title='bbox 766 1688 1042 1759; x_wconf 85' lang='lat' dir='ltr'><strong>principes</strong></span> <span class='ocrx_word' id='word_1_259' title='bbox 1092 1703 1156 1742; x_wconf 90' lang='lat' dir='ltr'><strong>ac</strong></span> <span class='ocrx_word' id='word_1_260' title='bbox 1211 1687 1402 1752; x_wconf 86' lang='lat' dir='ltr'><strong>duces,</strong></span> <span class='ocrx_word' id='word_1_261' title='bbox 1443 1702 1606 1758; x_wconf 89' lang='lat' dir='ltr'><strong>quam</strong></span> <span class='ocrx_word' id='word_1_262' title='bbox 1660 1686 1901 1756; x_wconf 83' lang='lat' dir='ltr'><strong>gentium</strong></span> <span class='ocrx_word' id='word_1_263' title='bbox 1944 1688 2121 1743; x_wconf 82' lang='lat' dir='ltr'><strong>veniat</strong></span> 
     </span>
    </p>
   </div>
   <div class='ocr_carea' id='block_1_34' title="bbox 2222 1680 3712 1763">
    <p class='ocr_par' dir='ltr' id='par_1_34' title="bbox 2223 1686 3712 1763">
     <span class='ocr_line' id='line_1_34' title="bbox 2223 1686 3712 1763; baseline 0.004 -23"><span class='ocrx_word' id='word_1_264' title='bbox 2223 1686 2351 1760; x_wconf 83' lang='grc' dir='ltr'>γὰρ,</span> <span class='ocrx_word' id='word_1_265' title='bbox 2398 1690 2581 1759; x_wconf 69' lang='grc' dir='ltr'>φησιν,</span> <span class='ocrx_word' id='word_1_266' title='bbox 2619 1691 2721 1743; x_wconf 80' lang='grc' dir='ltr'>οὐκ</span> <span class='ocrx_word' id='word_1_267' title='bbox 2768 1689 2942 1755; x_wconf 77' lang='grc' dir='ltr'>ἔσται,</span> <span class='ocrx_word' id='word_1_268' title='bbox 2978 1692 3088 1746; x_wconf 78' lang='grc' dir='ltr'>ἐστ’</span> <span class='ocrx_word' id='word_1_269' title='bbox 3130 1693 3199 1747; x_wconf 83' lang='grc' dir='ltr'>ἂν</span> <span class='ocrx_word' id='word_1_270' title='bbox 3245 1693 3450 1763; x_wconf 82' lang='grc' dir='ltr'>γένοιτο</span> <span class='ocrx_word' id='word_1_271' title='bbox 3477 1694 3623 1748; x_wconf 84' lang='grc' dir='ltr'>τόδε·</span> <span class='ocrx_word' id='word_1_272' title='bbox 3664 1696 3712 1746; x_wconf 89' lang='grc' dir='ltr'>οὺ</span> 
     </span>
    </p>
   </div>
   <div class='ocr_carea' id='block_1_35' title="bbox 558 1776 2121 1856">
    <p class='ocr_par' dir='ltr' id='par_1_35' title="bbox 558 1776 2121 1850">
     <span class='ocr_line' id='line_1_35' title="bbox 558 1776 2121 1850; baseline -0.001 -14"><span class='ocrx_word' id='word_1_273' title='bbox 558 1779 916 1850; x_wconf 76' lang='lat' dir='ltr'><strong>exspectatio.</strong></span> <span class='ocrx_word' id='word_1_274' title='bbox 943 1788 997 1834; x_wconf 91' lang='lat' dir='ltr'><strong>et</strong></span> <span class='ocrx_word' id='word_1_275' title='bbox 1025 1794 1145 1849; x_wconf 70' lang='lat' dir='ltr'><strong>quae</strong></span> <span class='ocrx_word' id='word_1_276' title='bbox 1159 1778 1398 1848; x_wconf 82' lang='lat' dir='ltr'><strong>reposita</strong></span> <span class='ocrx_word' id='word_1_277' title='bbox 1419 1785 1548 1834; x_wconf 90' lang='lat' dir='ltr'><strong>sunt</strong></span> <span class='ocrx_word' id='word_1_278' title='bbox 1567 1777 1615 1833; x_wconf 91' lang='lat' dir='ltr'><strong>ei</strong></span> <span class='ocrx_word' id='word_1_279' title='bbox 1636 1776 1709 1833; x_wconf 84' lang='lat' dir='ltr'><strong>de</strong></span> <span class='ocrx_word' id='word_1_280' title='bbox 1733 1793 1843 1849; x_wconf 90' lang='lat' dir='ltr'><strong>quo</strong></span> <span class='ocrx_word' id='word_1_281' title='bbox 1862 1778 2121 1850; x_wconf 85' lang='lat' dir='ltr'><strong>propheta</strong></span> 
     </span>
    </p>
   </div>
   <div class='ocr_carea' id='block_1_36' title="bbox 2222 1776 3712 1856">
    <p class='ocr_par' dir='ltr' id='par_1_36' title="bbox 2225 1778 3712 1856">
     <span class='ocr_line' id='line_1_36' title="bbox 2225 1778 3712 1856; baseline 0.005 -24"><span class='ocrx_word' id='word_1_282' title='bbox 2225 1778 2333 1852; x_wconf 81' lang='grc' dir='ltr'><strong>γὰρ</strong></span> <span class='ocrx_word' id='word_1_283' title='bbox 2361 1780 2621 1853; x_wconf 83' lang='grc' dir='ltr'>πρότερον</span> <span class='ocrx_word' id='word_1_284' title='bbox 2650 1781 2950 1837; x_wconf 76' lang='grc' dir='ltr'>παύσονται</span> <span class='ocrx_word' id='word_1_285' title='bbox 2980 1783 3075 1838; x_wconf 80' lang='grc' dir='ltr'>τοῦ</span> <span class='ocrx_word' id='word_1_286' title='bbox 3113 1785 3387 1839; x_wconf 86' lang='grc' dir='ltr'>Ἰουδαίων</span> <span class='ocrx_word' id='word_1_287' title='bbox 3410 1784 3586 1849; x_wconf 80' lang='grc' dir='ltr'>ἐθνους</span> <span class='ocrx_word' id='word_1_288' title='bbox 3602 1784 3712 1856; x_wconf 74' lang='grc' dir='ltr'>ἀρχα</span> 
     </span>
    </p>
   </div>
   <div class='ocr_carea' id='block_1_37' title="bbox 559 1870 2121 1950">
    <p class='ocr_par' dir='ltr' id='par_1_37' title="bbox 559 1870 2121 1945">
     <span class='ocr_line' id='line_1_37' title="bbox 559 1870 2121 1945; baseline -0.001 -16"><span class='ocrx_word' id='word_1_289' title='bbox 559 1876 819 1945; x_wconf 83' lang='lat' dir='ltr'><strong>loquitur.</strong></span> <span class='ocrx_word' id='word_1_290' title='bbox 853 1871 978 1928; x_wconf 66' lang='grc' dir='ltr'><strong>Περ</strong></span> <span class='ocrx_word' id='word_1_291' title='bbox 1022 1882 1211 1927; x_wconf 86' lang='lat' dir='ltr'><strong>autem</strong></span> <span class='ocrx_word' id='word_1_292' title='bbox 1259 1872 1626 1943; x_wconf 86' lang='lat' dir='ltr'><strong>interpretans</strong></span> <span class='ocrx_word' id='word_1_293' title='bbox 1657 1870 2017 1936; x_wconf 85' lang='lat' dir='ltr'><strong>Theodotion,</strong></span> <span class='ocrx_word' id='word_1_294' title='bbox 2057 1872 2121 1928; x_wconf 88' lang='lat' dir='ltr'><strong>ab</strong></span> 
     </span>
    </p>
   </div>
   <div class='ocr_carea' id='block_1_38' title="bbox 2222 1870 3712 1950">
    <p class='ocr_par' dir='ltr' id='par_1_38' title="bbox 2222 1872 3712 1950">
     <span class='ocr_line' id='line_1_38' title="bbox 2222 1872 3712 1950; baseline 0.001 -25"><span class='ocrx_word' id='word_1_295' title='bbox 2222 1888 2315 1933; x_wconf 85' lang='grc' dir='ltr'><strong>τες</strong></span> <span class='ocrx_word' id='word_1_296' title='bbox 2360 1873 2453 1925; x_wconf 74' lang='grc' dir='ltr'>καὶ</span> <span class='ocrx_word' id='word_1_297' title='bbox 2507 1872 2816 1945; x_wconf 79' lang='grc' dir='ltr'>ἡγούμενοι,</span> <span class='ocrx_word' id='word_1_298' title='bbox 2851 1874 2885 1945; x_wconf 78' lang='grc' dir='ltr'>ἢ</span> <span class='ocrx_word' id='word_1_299' title='bbox 2932 1875 3033 1947; x_wconf 82' lang='grc' dir='ltr'>τὴν</span> <span class='ocrx_word' id='word_1_300' title='bbox 3072 1875 3184 1929; x_wconf 82' lang='grc' dir='ltr'><strong>τῶν</strong></span> <span class='ocrx_word' id='word_1_301' title='bbox 3248 1876 3420 1931; x_wconf 80' lang='grc' dir='ltr'>ἐθνῶν</span> <span class='ocrx_word' id='word_1_302' title='bbox 3472 1877 3712 1950; x_wconf 75' lang='grc' dir='ltr'>προσδοκᾶ</span> 
     </span>
    </p>
   </div>
   <div class='ocr_carea' id='block_1_39' title="bbox 558 1962 2124 2038">
    <p class='ocr_par' dir='ltr' id='par_1_39' title="bbox 558 1962 2124 2038">
     <span class='ocr_line' id='line_1_39' title="bbox 558 1962 2124 2038; baseline -0.003 -15"><span class='ocrx_word' id='word_1_303' title='bbox 558 1968 695 2038; x_wconf 82' lang='lat' dir='ltr'><strong>ipsis</strong></span> <span class='ocrx_word' id='word_1_304' title='bbox 718 1966 858 2020; x_wconf 83' lang='lat' dir='ltr'><strong>LXX</strong></span> <span class='ocrx_word' id='word_1_305' title='bbox 892 1980 998 2019; x_wconf 85' lang='lat' dir='ltr'><strong>non</strong></span> <span class='ocrx_word' id='word_1_306' title='bbox 1021 1963 1221 2019; x_wconf 84' lang='lat' dir='ltr'><strong>diﬁ&#39;ert.</strong></span> <span class='ocrx_word' id='word_1_307' title='bbox 1255 1962 1451 2034; x_wconf 79' lang='lat' dir='ltr'><strong>Aquila</strong></span> <span class='ocrx_word' id='word_1_308' title='bbox 1478 1979 1608 2019; x_wconf 90' lang='lat' dir='ltr'><strong>vero</strong></span> <span class='ocrx_word' id='word_1_309' title='bbox 1638 1964 1693 2018; x_wconf 92' lang='lat' dir='ltr'><strong>in</strong></span> <span class='ocrx_word' id='word_1_310' title='bbox 1725 1963 1870 2018; x_wconf 89' lang='lat' dir='ltr'><strong>hunc</strong></span> <span class='ocrx_word' id='word_1_311' title='bbox 1904 1962 2124 2019; x_wconf 86' lang='lat' dir='ltr'><strong>modum</strong></span> 
     </span>
    </p>
   </div>
   <div class='ocr_carea' id='block_1_40' title="bbox 559 2054 2127 2129">
    <p class='ocr_par' dir='ltr' id='par_1_40' title="bbox 559 2054 2127 2129">
     <span class='ocr_line' id='line_1_40' title="bbox 559 2054 2127 2129; baseline -0.003 -15"><span class='ocrx_word' id='word_1_312' title='bbox 559 2059 831 2129; x_wconf 76' lang='lat' dir='ltr'><strong>exposuit.</strong></span> <span class='ocrx_word' id='word_1_313' title='bbox 862 2076 881 2110; x_wconf 76' lang='grc' dir='ltr'><strong>ι</strong></span> <span class='ocrx_word' id='word_1_314' title='bbox 914 2073 1021 2112; x_wconf 89' lang='lat' dir='ltr'><strong>non</strong></span> <span class='ocrx_word' id='word_1_315' title='bbox 1067 2055 1424 2111; x_wconf 88' lang='lat' dir='ltr'><strong>suscitabitur</strong></span> <span class='ocrx_word' id='word_1_316' title='bbox 1470 2065 1743 2125; x_wconf 86' lang='lat' dir='ltr'><strong>sceptrum</strong></span> <span class='ocrx_word' id='word_1_317' title='bbox 1778 2056 1847 2112; x_wconf 90' lang='lat' dir='ltr'><strong>de</strong></span> <span class='ocrx_word' id='word_1_318' title='bbox 1889 2054 2048 2122; x_wconf 87' lang='lat' dir='ltr'><strong>Iuda,</strong></span> <span class='ocrx_word' id='word_1_319' title='bbox 2074 2063 2127 2110; x_wconf 88' lang='lat' dir='ltr'><strong>et</strong></span> 
     </span>
    </p>
   </div>
   <div class='ocr_carea' id='block_1_41' title="bbox 534 2145 2128 2219">
    <p class='ocr_par' dir='ltr' id='par_1_41' title="bbox 534 2145 2128 2219">
     <span class='ocr_line' id='line_1_41' title="bbox 534 2145 2128 2219; baseline 0.001 -18"><span class='ocrx_word' id='word_1_320' title='bbox 534 2148 654 2219; x_wconf 83' lang='lat' dir='ltr'><strong>qui</strong></span> <span class='ocrx_word' id='word_1_321' title='bbox 680 2147 952 2218; x_wconf 77' lang='lat' dir='ltr'><strong>exquisite</strong></span> <span class='ocrx_word' id='word_1_322' title='bbox 990 2153 1287 2217; x_wconf 70' lang='lat' dir='ltr'><strong>cognoscat</strong></span> <span class='ocrx_word' id='word_1_323' title='bbox 1317 2145 1386 2200; x_wconf 91' lang='lat' dir='ltr'><strong>de</strong></span> <span class='ocrx_word' id='word_1_324' title='bbox 1416 2146 1597 2202; x_wconf 88' lang='lat' dir='ltr'><strong>medio</strong></span> <span class='ocrx_word' id='word_1_325' title='bbox 1632 2148 1830 2217; x_wconf 88' lang='lat' dir='ltr'><strong>pedum</strong></span> <span class='ocrx_word' id='word_1_326' title='bbox 1860 2148 2001 2218; x_wconf 85' lang='lat' dir='ltr'><strong>ejus,</strong></span> <span class='ocrx_word' id='word_1_327' title='bbox 2029 2146 2128 2202; x_wconf 88' lang='lat' dir='ltr'><strong>do-</strong></span> 
     </span>
    </p>
   </div>
   <div class='ocr_carea' id='block_1_42' title="bbox 560 2239 2126 2312">
    <p class='ocr_par' dir='ltr' id='par_1_42' title="bbox 560 2239 2126 2312">
     <span class='ocr_line' id='line_1_42' title="bbox 560 2239 2126 2312; baseline 0 -17"><span class='ocrx_word' id='word_1_328' title='bbox 560 2256 661 2296; x_wconf 87' lang='lat' dir='ltr'><strong>nec</strong></span> <span class='ocrx_word' id='word_1_329' title='bbox 709 2241 894 2296; x_wconf 83' lang='lat' dir='ltr'><strong>veniat</strong></span> <span class='ocrx_word' id='word_1_330' title='bbox 941 2250 997 2294; x_wconf 88' lang='lat' dir='ltr'><strong>ct</strong></span> <span class='ocrx_word' id='word_1_331' title='bbox 1044 2240 1148 2309; x_wconf 89' lang='lat' dir='ltr'><strong>ipsi</strong></span> <span class='ocrx_word' id='word_1_332' title='bbox 1194 2240 1543 2312; x_wconf 76' lang='lat' dir='ltr'><strong>congregatio</strong></span> <span class='ocrx_word' id='word_1_333' title='bbox 1584 2240 1928 2310; x_wconf 81' lang='lat' dir='ltr'><strong>populorum.</strong></span> <span class='ocrx_word' id='word_1_334' title='bbox 1969 2260 1988 2293; x_wconf 74' lang='grc' dir='ltr'><strong>ι</strong></span> <span class='ocrx_word' id='word_1_335' title='bbox 2024 2239 2126 2295; x_wconf 88' lang='lat' dir='ltr'><strong>Ubi</strong></span> 
     </span>
    </p>
   </div>
   <div class='ocr_carea' id='block_1_43' title="bbox 558 2330 2128 2403">
    <p class='ocr_par' dir='ltr' id='par_1_43' title="bbox 558 2330 2128 2403">
     <span class='ocr_line' id='line_1_43' title="bbox 558 2330 2128 2403; baseline -0.001 -15"><span class='ocrx_word' id='word_1_336' title='bbox 558 2347 683 2388; x_wconf 89' lang='lat' dir='ltr'><strong>cum</strong></span> <span class='ocrx_word' id='word_1_337' title='bbox 704 2330 937 2393; x_wconf 87' lang='lat' dir='ltr'><strong>dicatur,</strong></span> <span class='ocrx_word' id='word_1_338' title='bbox 976 2349 996 2381; x_wconf 77' lang='grc' dir='ltr'><strong>ι</strong></span> <span class='ocrx_word' id='word_1_339' title='bbox 1026 2347 1135 2385; x_wconf 89' lang='lat' dir='ltr'><strong>non</strong></span> <span class='ocrx_word' id='word_1_340' title='bbox 1165 2330 1376 2385; x_wconf 84' lang='lat' dir='ltr'><strong>deﬁciet</strong></span> <span class='ocrx_word' id='word_1_341' title='bbox 1401 2331 1655 2403; x_wconf 84' lang='lat' dir='ltr'><strong>princeps</strong></span> <span class='ocrx_word' id='word_1_342' title='bbox 1680 2331 1748 2387; x_wconf 90' lang='lat' dir='ltr'><strong>de</strong></span> <span class='ocrx_word' id='word_1_343' title='bbox 1774 2330 1933 2395; x_wconf 86' lang='lat' dir='ltr'><strong>Iuda,</strong></span> <span class='ocrx_word' id='word_1_344' title='bbox 1966 2350 1986 2384; x_wconf 72' lang='grc' dir='ltr'><strong>ι</strong></span> <span class='ocrx_word' id='word_1_345' title='bbox 2025 2331 2128 2386; x_wconf 87' lang='lat' dir='ltr'><strong>hoc</strong></span> 
     </span>
    </p>
   </div>
   <div class='ocr_carea' id='block_1_44' title="bbox 558 2418 2119 2493">
    <p class='ocr_par' dir='ltr' id='par_1_44' title="bbox 558 2418 2119 2493">
     <span class='ocr_line' id='line_1_44' title="bbox 558 2418 2119 2493; baseline -0.003 -15"><span class='ocrx_word' id='word_1_346' title='bbox 558 2423 689 2479; x_wconf 88' lang='lat' dir='ltr'><strong>item</strong></span> <span class='ocrx_word' id='word_1_347' title='bbox 721 2422 791 2478; x_wconf 89' lang='lat' dir='ltr'><strong>de</strong></span> <span class='ocrx_word' id='word_1_348' title='bbox 819 2422 941 2493; x_wconf 90' lang='lat' dir='ltr'><strong>ipso</strong></span> <span class='ocrx_word' id='word_1_349' title='bbox 976 2420 1070 2475; x_wconf 92' lang='lat' dir='ltr'><strong>illo</strong></span> <span class='ocrx_word' id='word_1_350' title='bbox 1106 2421 1281 2490; x_wconf 82' lang='lat' dir='ltr'><strong>primo</strong></span> <span class='ocrx_word' id='word_1_351' title='bbox 1305 2418 1445 2475; x_wconf 88' lang='lat' dir='ltr'><strong>Iuda</strong></span> <span class='ocrx_word' id='word_1_352' title='bbox 1471 2435 1580 2476; x_wconf 91' lang='lat' dir='ltr'><strong>non</strong></span> <span class='ocrx_word' id='word_1_353' title='bbox 1615 2428 1827 2492; x_wconf 88' lang='lat' dir='ltr'><strong>oportet</strong></span> <span class='ocrx_word' id='word_1_354' title='bbox 1854 2420 2119 2490; x_wconf 78' lang='lat' dir='ltr'><strong>accipere,</strong></span> 
     </span>
    </p>
   </div>
   <div class='ocr_carea' id='block_1_45' title="bbox 558 2509 2129 2575">
    <p class='ocr_par' dir='ltr' id='par_1_45' title="bbox 558 2509 2129 2575">
     <span class='ocr_line' id='line_1_45' title="bbox 558 2509 2129 2575; baseline -0.004 -3"><span class='ocrx_word' id='word_1_355' title='bbox 558 2517 702 2573; x_wconf 82' lang='lat' dir='ltr'><strong>sicut</strong></span> <span class='ocrx_word' id='word_1_356' title='bbox 732 2529 835 2569; x_wconf 87' lang='lat' dir='ltr'><strong>nec</strong></span> <span class='ocrx_word' id='word_1_357' title='bbox 861 2511 1016 2575; x_wconf 88' lang='lat' dir='ltr'><strong>illud,</strong></span> <span class='ocrx_word' id='word_1_358' title='bbox 1042 2529 1061 2563; x_wconf 79' lang='grc' dir='ltr'><strong>ι</strong></span> <span class='ocrx_word' id='word_1_359' title='bbox 1087 2509 1247 2575; x_wconf 83' lang='lat' dir='ltr'><strong>Iuda,</strong></span> <span class='ocrx_word' id='word_1_360' title='bbox 1276 2521 1328 2566; x_wconf 86' lang='lat' dir='ltr'><strong>te</strong></span> <span class='ocrx_word' id='word_1_361' title='bbox 1353 2510 1651 2565; x_wconf 82' lang='lat' dir='ltr'><strong>laudabunt</strong></span> <span class='ocrx_word' id='word_1_362' title='bbox 1680 2509 1874 2566; x_wconf 80' lang='lat' dir='ltr'><strong>fratres</strong></span> <span class='ocrx_word' id='word_1_363' title='bbox 1900 2510 2002 2569; x_wconf 80' lang='lat' dir='ltr'><strong>tui.</strong></span> <span class='ocrx_word' id='word_1_364' title='bbox 2036 2517 2129 2567; x_wconf 76' lang='lat' dir='ltr'><strong>tet</strong></span> 
     </span>
    </p>
   </div>
   <div class='ocr_carea' id='block_1_46' title="bbox 558 2600 2122 2677">
    <p class='ocr_par' dir='ltr' id='par_1_46' title="bbox 558 2600 2122 2677">
     <span class='ocr_line' id='line_1_46' title="bbox 558 2600 2122 2677; baseline -0.004 -17"><span class='ocrx_word' id='word_1_365' title='bbox 558 2618 681 2677; x_wconf 69' lang='lat' dir='ltr'><strong>quae</strong></span> <span class='ocrx_word' id='word_1_366' title='bbox 711 2611 1038 2674; x_wconf 89' lang='lat' dir='ltr'><strong>sequuntur,</strong></span> <span class='ocrx_word' id='word_1_367' title='bbox 1080 2601 1146 2656; x_wconf 90' lang='lat' dir='ltr'><strong>ad</strong></span> <span class='ocrx_word' id='word_1_368' title='bbox 1179 2600 1431 2656; x_wconf 89' lang='lat' dir='ltr'><strong>eumdem</strong></span> <span class='ocrx_word' id='word_1_369' title='bbox 1463 2600 1614 2655; x_wconf 90' lang='lat' dir='ltr'><strong>illum</strong></span> <span class='ocrx_word' id='word_1_370' title='bbox 1643 2600 1836 2655; x_wconf 80' lang='lat' dir='ltr'><strong>referri</strong></span> <span class='ocrx_word' id='word_1_371' title='bbox 1862 2608 2122 2671; x_wconf 86' lang='lat' dir='ltr'><strong>possunt:</strong></span> 
     </span>
    </p>
   </div>
   <div class='ocr_carea' id='block_1_47' title="bbox 558 2690 2125 2762">
    <p class='ocr_par' dir='ltr' id='par_1_47' title="bbox 558 2690 2125 2762">
     <span class='ocr_line' id='line_1_47' title="bbox 558 2690 2125 2762; baseline -0.003 -10"><span class='ocrx_word' id='word_1_372' title='bbox 558 2696 749 2752; x_wconf 84' lang='lat' dir='ltr'><strong>multis</strong></span> <span class='ocrx_word' id='word_1_373' title='bbox 774 2695 920 2751; x_wconf 89' lang='lat' dir='ltr'><strong>enim</strong></span> <span class='ocrx_word' id='word_1_374' title='bbox 960 2692 1176 2748; x_wconf 65' lang='lat' dir='ltr'><strong>saeculis</strong></span> <span class='ocrx_word' id='word_1_375' title='bbox 1205 2692 1480 2762; x_wconf 85' lang='lat' dir='ltr'><strong>principes</strong></span> <span class='ocrx_word' id='word_1_376' title='bbox 1503 2706 1569 2746; x_wconf 84' lang='lat' dir='ltr'><strong>ac</strong></span> <span class='ocrx_word' id='word_1_377' title='bbox 1603 2690 1773 2746; x_wconf 85' lang='lat' dir='ltr'><strong>duces</strong></span> <span class='ocrx_word' id='word_1_378' title='bbox 1804 2692 1858 2746; x_wconf 91' lang='lat' dir='ltr'><strong>in</strong></span> <span class='ocrx_word' id='word_1_379' title='bbox 1900 2690 2125 2748; x_wconf 89' lang='lat' dir='ltr'><strong>Iudaica</strong></span> 
     </span>
    </p>
   </div>
   <div class='ocr_carea' id='block_1_48' title="bbox 556 2784 2125 2859">
    <p class='ocr_par' dir='ltr' id='par_1_48' title="bbox 556 2784 2125 2859">
     <span class='ocr_line' id='line_1_48' title="bbox 556 2784 2125 2859; baseline -0.003 -16"><span class='ocrx_word' id='word_1_380' title='bbox 556 2797 715 2859; x_wconf 81' lang='lat' dir='ltr'><strong>gente</strong></span> <span class='ocrx_word' id='word_1_381' title='bbox 746 2786 1097 2849; x_wconf 76' lang='lat' dir='ltr'><strong>exstiterunt,</strong></span> <span class='ocrx_word' id='word_1_382' title='bbox 1128 2785 1223 2855; x_wconf 91' lang='lat' dir='ltr'><strong>qui</strong></span> <span class='ocrx_word' id='word_1_383' title='bbox 1254 2785 1321 2840; x_wconf 90' lang='lat' dir='ltr'><strong>de</strong></span> <span class='ocrx_word' id='word_1_384' title='bbox 1348 2785 1493 2841; x_wconf 69' lang='lat' dir='ltr'><strong>illius</strong></span> <span class='ocrx_word' id='word_1_385' title='bbox 1521 2784 1622 2840; x_wconf 89' lang='lat' dir='ltr'><strong>viri</strong></span> <span class='ocrx_word' id='word_1_386' title='bbox 1655 2799 1854 2855; x_wconf 83' lang='lat' dir='ltr'><strong>genere</strong></span> <span class='ocrx_word' id='word_1_387' title='bbox 1898 2784 2125 2854; x_wconf 81' lang='lat' dir='ltr'><strong>profecti</strong></span> 
     </span>
    </p>
   </div>
   <div class='ocr_carea' id='block_1_49' title="bbox 562 2877 2125 2949">
    <p class='ocr_par' dir='ltr' id='par_1_49' title="bbox 562 2877 2125 2949">
     <span class='ocr_line' id='line_1_49' title="bbox 562 2877 2125 2949; baseline -0.004 -12"><span class='ocrx_word' id='word_1_388' title='bbox 562 2898 672 2938; x_wconf 89' lang='lat' dir='ltr'><strong>non</strong></span> <span class='ocrx_word' id='word_1_389' title='bbox 701 2888 850 2937; x_wconf 85' lang='lat' dir='ltr'><strong>sunt.</strong></span> <span class='ocrx_word' id='word_1_390' title='bbox 886 2878 1104 2934; x_wconf 80' lang='lat' dir='ltr'><strong>Primus</strong></span> <span class='ocrx_word' id='word_1_391' title='bbox 1150 2894 1389 2949; x_wconf 88' lang='lat' dir='ltr'><strong>namque</strong></span> <span class='ocrx_word' id='word_1_392' title='bbox 1436 2879 1553 2949; x_wconf 89' lang='lat' dir='ltr'><strong>ipse</strong></span> <span class='ocrx_word' id='word_1_393' title='bbox 1584 2877 1763 2933; x_wconf 83' lang='lat' dir='ltr'><strong>Moses</strong></span> <span class='ocrx_word' id='word_1_394' title='bbox 1795 2877 1903 2933; x_wconf 85' lang='lat' dir='ltr'><strong>dux</strong></span> <span class='ocrx_word' id='word_1_395' title='bbox 1943 2877 2125 2948; x_wconf 88' lang='lat' dir='ltr'><strong>populi</strong></span> 
     </span>
    </p>
   </div>
   <div class='ocr_carea' id='block_1_50' title="bbox 559 2968 2127 3044">
    <p class='ocr_par' dir='ltr' id='par_1_50' title="bbox 559 2968 2127 3044">
     <span class='ocr_line' id='line_1_50' title="bbox 559 2968 2127 3044; baseline -0.001 -17"><span class='ocrx_word' id='word_1_396' title='bbox 559 2972 683 3038; x_wconf 78' lang='lat' dir='ltr'><strong>fuit,</strong></span> <span class='ocrx_word' id='word_1_397' title='bbox 713 2976 805 3044; x_wconf 90' lang='lat' dir='ltr'><strong>qui</strong></span> <span class='ocrx_word' id='word_1_398' title='bbox 829 2988 939 3027; x_wconf 88' lang='lat' dir='ltr'><strong>non</strong></span> <span class='ocrx_word' id='word_1_399' title='bbox 959 2973 1028 3028; x_wconf 89' lang='lat' dir='ltr'><strong>de</strong></span> <span class='ocrx_word' id='word_1_400' title='bbox 1051 2970 1213 3036; x_wconf 87' lang='lat' dir='ltr'><strong>Iuda,</strong></span> <span class='ocrx_word' id='word_1_401' title='bbox 1246 2972 1341 3027; x_wconf 90' lang='lat' dir='ltr'><strong>sed</strong></span> <span class='ocrx_word' id='word_1_402' title='bbox 1365 2970 1433 3027; x_wconf 87' lang='lat' dir='ltr'><strong>de</strong></span> <span class='ocrx_word' id='word_1_403' title='bbox 1455 2969 1582 3027; x_wconf 85' lang='lat' dir='ltr'><strong>Levi</strong></span> <span class='ocrx_word' id='word_1_404' title='bbox 1603 2976 1768 3026; x_wconf 88' lang='lat' dir='ltr'><strong>natus</strong></span> <span class='ocrx_word' id='word_1_405' title='bbox 1794 2977 1906 3037; x_wconf 86' lang='lat' dir='ltr'><strong>est;</strong></span> <span class='ocrx_word' id='word_1_406' title='bbox 1930 2968 2127 3026; x_wconf 88' lang='lat' dir='ltr'><strong>deinde</strong></span> 
     </span>
    </p>
   </div>
   <div class='ocr_carea' id='block_1_51' title="bbox 558 3061 2123 3136">
    <p class='ocr_par' dir='ltr' id='par_1_51' title="bbox 558 3061 2123 3136">
     <span class='ocr_line' id='line_1_51' title="bbox 558 3061 2123 3136; baseline -0.003 -16"><span class='ocrx_word' id='word_1_407' title='bbox 558 3063 689 3120; x_wconf 87' lang='lat' dir='ltr'><strong>I&#39;esu</strong></span> <span class='ocrx_word' id='word_1_408' title='bbox 723 3065 791 3120; x_wconf 85' lang='lat' dir='ltr'><strong>de</strong></span> <span class='ocrx_word' id='word_1_409' title='bbox 831 3064 977 3119; x_wconf 89' lang='lat' dir='ltr'><strong>tribu</strong></span> <span class='ocrx_word' id='word_1_410' title='bbox 1014 3063 1268 3134; x_wconf 87' lang='lat' dir='ltr'><strong>Ephrem,</strong></span> <span class='ocrx_word' id='word_1_411' title='bbox 1303 3070 1426 3134; x_wconf 84' lang='lat' dir='ltr'><strong>post</strong></span> <span class='ocrx_word' id='word_1_412' title='bbox 1446 3078 1607 3133; x_wconf 86' lang='lat' dir='ltr'><strong>quem</strong></span> <span class='ocrx_word' id='word_1_413' title='bbox 1636 3061 1848 3136; x_wconf 67' lang='lat' dir='ltr'><strong>praefuit</strong></span> <span class='ocrx_word' id='word_1_414' title='bbox 1880 3061 2123 3117; x_wconf 88' lang='lat' dir='ltr'><strong>Debbora</strong></span> 
     </span>
    </p>
   </div>
   <div class='ocr_carea' id='block_1_52' title="bbox 558 3151 2125 3225">
    <p class='ocr_par' dir='ltr' id='par_1_52' title="bbox 558 3151 2125 3225">
     <span class='ocr_line' id='line_1_52' title="bbox 558 3151 2125 3225; baseline -0.003 -14"><span class='ocrx_word' id='word_1_415' title='bbox 558 3156 629 3211; x_wconf 87' lang='lat' dir='ltr'><strong>de</strong></span> <span class='ocrx_word' id='word_1_416' title='bbox 666 3155 813 3211; x_wconf 85' lang='lat' dir='ltr'><strong>tribu</strong></span> <span class='ocrx_word' id='word_1_417' title='bbox 838 3155 968 3210; x_wconf 90' lang='lat' dir='ltr'><strong>item</strong></span> <span class='ocrx_word' id='word_1_418' title='bbox 998 3153 1257 3225; x_wconf 86' lang='lat' dir='ltr'><strong>Ephrem,</strong></span> <span class='ocrx_word' id='word_1_419' title='bbox 1300 3161 1356 3209; x_wconf 88' lang='lat' dir='ltr'><strong>et</strong></span> <span class='ocrx_word' id='word_1_420' title='bbox 1379 3152 1551 3209; x_wconf 82' lang='lat' dir='ltr'><strong>Barac</strong></span> <span class='ocrx_word' id='word_1_421' title='bbox 1583 3153 1651 3209; x_wconf 81' lang='lat' dir='ltr'><strong>de</strong></span> <span class='ocrx_word' id='word_1_422' title='bbox 1674 3154 1820 3209; x_wconf 87' lang='lat' dir='ltr'><strong>tribu</strong></span> <span class='ocrx_word' id='word_1_423' title='bbox 1849 3151 2125 3222; x_wconf 81' lang='lat' dir='ltr'><strong>Nephtba-</strong></span> 
     </span>
    </p>
   </div>
   <div class='ocr_carea' id='block_1_53' title="bbox 558 3246 2125 3321">
    <p class='ocr_par' dir='ltr' id='par_1_53' title="bbox 558 3246 2125 3321">
     <span class='ocr_line' id='line_1_53' title="bbox 558 3246 2125 3321; baseline -0.001 -17"><span class='ocrx_word' id='word_1_424' title='bbox 558 3251 676 3314; x_wconf 84' lang='lat' dir='ltr'><strong>lim,</strong></span> <span class='ocrx_word' id='word_1_425' title='bbox 720 3258 846 3321; x_wconf 87' lang='lat' dir='ltr'><strong>post</strong></span> <span class='ocrx_word' id='word_1_426' title='bbox 893 3264 1031 3319; x_wconf 82' lang='lat' dir='ltr'><strong>quos</strong></span> <span class='ocrx_word' id='word_1_427' title='bbox 1070 3246 1291 3303; x_wconf 84' lang='lat' dir='ltr'><strong>Gedeon</strong></span> <span class='ocrx_word' id='word_1_428' title='bbox 1323 3247 1391 3304; x_wconf 88' lang='lat' dir='ltr'><strong>de</strong></span> <span class='ocrx_word' id='word_1_429' title='bbox 1417 3249 1561 3304; x_wconf 89' lang='lat' dir='ltr'><strong>tribu</strong></span> <span class='ocrx_word' id='word_1_430' title='bbox 1610 3247 1881 3315; x_wconf 75' lang='lat' dir='ltr'><strong>Manasse,</strong></span> <span class='ocrx_word' id='word_1_431' title='bbox 1928 3247 2125 3303; x_wconf 87' lang='lat' dir='ltr'><strong>deinde</strong></span> 
     </span>
    </p>
   </div>
   <div class='ocr_carea' id='block_1_54' title="bbox 561 3339 2120 3413">
    <p class='ocr_par' dir='ltr' id='par_1_54' title="bbox 561 3339 2120 3413">
     <span class='ocr_line' id='line_1_54' title="bbox 561 3339 2120 3413; baseline -0.001 -16"><span class='ocrx_word' id='word_1_432' title='bbox 561 3342 704 3399; x_wconf 87' lang='lat' dir='ltr'><strong>ﬁlius</strong></span> <span class='ocrx_word' id='word_1_433' title='bbox 740 3341 982 3407; x_wconf 85' lang='lat' dir='ltr'><strong>Gedeon,</strong></span> <span class='ocrx_word' id='word_1_434' title='bbox 1021 3351 1078 3398; x_wconf 92' lang='lat' dir='ltr'><strong>et</strong></span> <span class='ocrx_word' id='word_1_435' title='bbox 1111 3351 1232 3413; x_wconf 88' lang='lat' dir='ltr'><strong>post</strong></span> <span class='ocrx_word' id='word_1_436' title='bbox 1262 3343 1409 3397; x_wconf 87' lang='lat' dir='ltr'><strong>hunc</strong></span> <span class='ocrx_word' id='word_1_437' title='bbox 1438 3340 1610 3395; x_wconf 79' lang='lat' dir='ltr'><strong>Tbola</strong></span> <span class='ocrx_word' id='word_1_438' title='bbox 1645 3339 1713 3397; x_wconf 88' lang='lat' dir='ltr'><strong>de</strong></span> <span class='ocrx_word' id='word_1_439' title='bbox 1735 3341 1922 3397; x_wconf 89' lang='lat' dir='ltr'><strong>eadem</strong></span> <span class='ocrx_word' id='word_1_440' title='bbox 1955 3339 2120 3404; x_wconf 86' lang='lat' dir='ltr'><strong>tribu,</strong></span> 
     </span>
    </p>
   </div>
   <div class='ocr_carea' id='block_1_55' title="bbox 556 3431 2124 3505">
    <p class='ocr_par' dir='ltr' id='par_1_55' title="bbox 556 3431 2124 3505">
     <span class='ocr_line' id='line_1_55' title="bbox 556 3431 2124 3505; baseline 0 -17"><span class='ocrx_word' id='word_1_441' title='bbox 556 3444 746 3505; x_wconf 85' lang='lat' dir='ltr'><strong>postea</strong></span> <span class='ocrx_word' id='word_1_442' title='bbox 770 3431 982 3490; x_wconf 87' lang='lat' dir='ltr'><strong>Esebon</strong></span> <span class='ocrx_word' id='word_1_443' title='bbox 1005 3450 1072 3490; x_wconf 79' lang='lat' dir='ltr'><strong>ex</strong></span> <span class='ocrx_word' id='word_1_444' title='bbox 1097 3432 1432 3499; x_wconf 86' lang='lat' dir='ltr'><strong>Bctblehem,</strong></span> <span class='ocrx_word' id='word_1_445' title='bbox 1464 3440 1519 3488; x_wconf 89' lang='lat' dir='ltr'><strong>et</strong></span> <span class='ocrx_word' id='word_1_446' title='bbox 1548 3438 1671 3503; x_wconf 89' lang='lat' dir='ltr'><strong>post</strong></span> <span class='ocrx_word' id='word_1_447' title='bbox 1699 3432 1844 3487; x_wconf 91' lang='lat' dir='ltr'><strong>hunc</strong></span> <span class='ocrx_word' id='word_1_448' title='bbox 1871 3431 2030 3487; x_wconf 82' lang='lat' dir='ltr'><strong>Ailon</strong></span> <span class='ocrx_word' id='word_1_449' title='bbox 2056 3432 2124 3488; x_wconf 88' lang='lat' dir='ltr'><strong>de</strong></span> 
     </span>
    </p>
   </div>
   <div class='ocr_carea' id='block_1_56' title="bbox 556 3523 2119 3595">
    <p class='ocr_par' dir='ltr' id='par_1_56' title="bbox 556 3523 2119 3595">
     <span class='ocr_line' id='line_1_56' title="bbox 556 3523 2119 3595; baseline -0.001 -15"><span class='ocrx_word' id='word_1_450' title='bbox 556 3528 702 3582; x_wconf 88' lang='lat' dir='ltr'><strong>tribu</strong></span> <span class='ocrx_word' id='word_1_451' title='bbox 734 3526 1015 3595; x_wconf 82' lang='lat' dir='ltr'><strong>Zabulon;</strong></span> <span class='ocrx_word' id='word_1_452' title='bbox 1049 3527 1196 3582; x_wconf 89' lang='lat' dir='ltr'><strong>hunc</strong></span> <span class='ocrx_word' id='word_1_453' title='bbox 1234 3533 1456 3583; x_wconf 89' lang='lat' dir='ltr'><strong>secutus</strong></span> <span class='ocrx_word' id='word_1_454' title='bbox 1503 3534 1586 3581; x_wconf 92' lang='lat' dir='ltr'><strong>est</strong></span> <span class='ocrx_word' id='word_1_455' title='bbox 1619 3523 1844 3579; x_wconf 88' lang='lat' dir='ltr'><strong>Labdon</strong></span> <span class='ocrx_word' id='word_1_456' title='bbox 1874 3523 1942 3580; x_wconf 88' lang='lat' dir='ltr'><strong>de</strong></span> <span class='ocrx_word' id='word_1_457' title='bbox 1970 3524 2119 3579; x_wconf 90' lang='lat' dir='ltr'><strong>tribu</strong></span> 
     </span>
    </p>
   </div>
   <div class='ocr_carea' id='block_1_57' title="bbox 556 3617 2120 3691">
    <p class='ocr_par' dir='ltr' id='par_1_57' title="bbox 556 3617 2120 3691">
     <span class='ocr_line' id='line_1_57' title="bbox 556 3617 2120 3691; baseline 0 -20"><span class='ocrx_word' id='word_1_458' title='bbox 556 3618 808 3689; x_wconf 78' lang='lat' dir='ltr'><strong>Ephrem,</strong></span> <span class='ocrx_word' id='word_1_459' title='bbox 862 3620 1057 3676; x_wconf 89' lang='lat' dir='ltr'><strong>deinde</strong></span> <span class='ocrx_word' id='word_1_460' title='bbox 1112 3619 1382 3691; x_wconf 85' lang='lat' dir='ltr'><strong>Sampson</strong></span> <span class='ocrx_word' id='word_1_461' title='bbox 1426 3618 1495 3675; x_wconf 89' lang='lat' dir='ltr'><strong>de</strong></span> <span class='ocrx_word' id='word_1_462' title='bbox 1534 3620 1683 3674; x_wconf 80' lang='lat' dir='ltr'><strong>tribu</strong></span> <span class='ocrx_word' id='word_1_463' title='bbox 1719 3617 1885 3687; x_wconf 84' lang='lat' dir='ltr'><strong>Dan;</strong></span> <span class='ocrx_word' id='word_1_464' title='bbox 1930 3625 2120 3688; x_wconf 91' lang='lat' dir='ltr'><strong>postea</strong></span> 
     </span>
    </p>
   </div>
   <div class='ocr_carea' id='block_1_58' title="bbox 553 3708 2122 3781">
    <p class='ocr_par' dir='ltr' id='par_1_58' title="bbox 553 3708 2122 3781">
     <span class='ocr_line' id='line_1_58' title="bbox 553 3708 2122 3781; baseline 0.001 -20"><span class='ocrx_word' id='word_1_465' title='bbox 553 3722 680 3763; x_wconf 89' lang='lat' dir='ltr'><strong>cum</strong></span> <span class='ocrx_word' id='word_1_466' title='bbox 713 3709 832 3765; x_wconf 88' lang='lat' dir='ltr'><strong>sine</strong></span> <span class='ocrx_word' id='word_1_467' title='bbox 857 3709 1101 3780; x_wconf 87' lang='lat' dir='ltr'><strong>principe</strong></span> <span class='ocrx_word' id='word_1_468' title='bbox 1127 3716 1335 3773; x_wconf 87' lang='lat' dir='ltr'><strong>essent,</strong></span> <span class='ocrx_word' id='word_1_469' title='bbox 1376 3708 1588 3781; x_wconf 78' lang='lat' dir='ltr'><strong>praefuit</strong></span> <span class='ocrx_word' id='word_1_470' title='bbox 1616 3711 1750 3780; x_wconf 90' lang='lat' dir='ltr'><strong>ipsis</strong></span> <span class='ocrx_word' id='word_1_471' title='bbox 1792 3709 1908 3765; x_wconf 86' lang='lat' dir='ltr'><strong>Heli</strong></span> <span class='ocrx_word' id='word_1_472' title='bbox 1938 3724 2122 3764; x_wconf 85' lang='lat' dir='ltr'><strong>sacer-</strong></span> 
     </span>
    </p>
   </div>
   <div class='ocr_carea' id='block_1_59' title="bbox 553 3798 2122 3872">
    <p class='ocr_par' dir='ltr' id='par_1_59' title="bbox 553 3798 2122 3872">
     <span class='ocr_line' id='line_1_59' title="bbox 553 3798 2122 3872; baseline 0.001 -20"><span class='ocrx_word' id='word_1_473' title='bbox 553 3798 656 3854; x_wconf 88' lang='lat' dir='ltr'><strong>dos</strong></span> <span class='ocrx_word' id='word_1_474' title='bbox 684 3799 753 3855; x_wconf 84' lang='lat' dir='ltr'><strong>de</strong></span> <span class='ocrx_word' id='word_1_475' title='bbox 782 3800 929 3855; x_wconf 89' lang='lat' dir='ltr'><strong>tribu</strong></span> <span class='ocrx_word' id='word_1_476' title='bbox 958 3799 1086 3855; x_wconf 80' lang='lat' dir='ltr'><strong>Levi</strong></span> <span class='ocrx_word' id='word_1_477' title='bbox 1112 3819 1126 3855; x_wconf 89' lang='lat'>:</span> <span class='ocrx_word' id='word_1_478' title='bbox 1154 3800 1209 3855; x_wconf 89' lang='lat' dir='ltr'><strong>hi</strong></span> <span class='ocrx_word' id='word_1_479' title='bbox 1238 3802 1423 3856; x_wconf 89' lang='lat' dir='ltr'><strong>cuncti</strong></span> <span class='ocrx_word' id='word_1_480' title='bbox 1445 3800 1659 3872; x_wconf 89' lang='lat' dir='ltr'><strong>judices</strong></span> <span class='ocrx_word' id='word_1_481' title='bbox 1688 3800 1781 3871; x_wconf 87' lang='lat' dir='ltr'><strong>qui</strong></span> <span class='ocrx_word' id='word_1_482' title='bbox 1802 3800 2122 3871; x_wconf 83' lang='lat' dir='ltr'><strong>judicabant</strong></span> 
     </span>
    </p>
   </div>
   <div class='ocr_carea' id='block_1_60' title="bbox 554 3891 2122 3966">
    <p class='ocr_par' dir='ltr' id='par_1_60' title="bbox 554 3891 2122 3966">
     <span class='ocr_line' id='line_1_60' title="bbox 554 3891 2122 3966; baseline -0.001 -20"><span class='ocrx_word' id='word_1_483' title='bbox 554 3892 725 3949; x_wconf 86' lang='lat' dir='ltr'><strong>Israel</strong></span> <span class='ocrx_word' id='word_1_484' title='bbox 745 3908 854 3949; x_wconf 88' lang='lat' dir='ltr'><strong>non</strong></span> <span class='ocrx_word' id='word_1_485' title='bbox 877 3893 944 3948; x_wconf 87' lang='lat' dir='ltr'><strong>de</strong></span> <span class='ocrx_word' id='word_1_486' title='bbox 969 3908 1165 3964; x_wconf 80' lang='lat' dir='ltr'><strong>genere</strong></span> <span class='ocrx_word' id='word_1_487' title='bbox 1194 3894 1367 3966; x_wconf 89' lang='lat' dir='ltr'><strong>ipsius</strong></span> <span class='ocrx_word' id='word_1_488' title='bbox 1387 3893 1547 3959; x_wconf 89' lang='lat' dir='ltr'><strong>Iuda,</strong></span> <span class='ocrx_word' id='word_1_489' title='bbox 1573 3894 1667 3950; x_wconf 89' lang='lat' dir='ltr'><strong>sed</strong></span> <span class='ocrx_word' id='word_1_490' title='bbox 1696 3908 1760 3948; x_wconf 79' lang='lat' dir='ltr'><strong>ex</strong></span> <span class='ocrx_word' id='word_1_491' title='bbox 1778 3892 2009 3948; x_wconf 78' lang='lat' dir='ltr'><strong>diversis</strong></span> <span class='ocrx_word' id='word_1_492' title='bbox 2029 3891 2122 3945; x_wconf 87' lang='lat' dir='ltr'><strong>tri-</strong></span> 
     </span>
    </p>
   </div>
   <div class='ocr_carea' id='block_1_61' title="bbox 557 3984 2118 4057">
    <p class='ocr_par' dir='ltr' id='par_1_61' title="bbox 557 3984 2118 4057">
     <span class='ocr_line' id='line_1_61' title="bbox 557 3984 2118 4057; baseline 0 -17"><span class='ocrx_word' id='word_1_493' title='bbox 557 3985 735 4041; x_wconf 85' lang='lat' dir='ltr'><strong>bubus</strong></span> <span class='ocrx_word' id='word_1_494' title='bbox 757 4001 825 4041; x_wconf 68' lang='grc' dir='ltr'>οι</span> <span class='ocrx_word' id='word_1_495' title='bbox 848 3986 955 4041; x_wconf 88' lang='lat' dir='ltr'><strong>alia</strong></span> <span class='ocrx_word' id='word_1_496' title='bbox 985 3988 1128 4042; x_wconf 91' lang='lat' dir='ltr'><strong>alius</strong></span> <span class='ocrx_word' id='word_1_497' title='bbox 1155 3987 1398 4050; x_wconf 90' lang='lat' dir='ltr'><strong>oriundi,</strong></span> <span class='ocrx_word' id='word_1_498' title='bbox 1429 3995 1485 4042; x_wconf 86' lang='lat' dir='ltr'><strong>et</strong></span> <span class='ocrx_word' id='word_1_499' title='bbox 1508 3988 1600 4056; x_wconf 89' lang='lat' dir='ltr'><strong>qui</strong></span> <span class='ocrx_word' id='word_1_500' title='bbox 1629 3992 1752 4057; x_wconf 86' lang='lat' dir='ltr'><strong>post</strong></span> <span class='ocrx_word' id='word_1_501' title='bbox 1783 3985 1881 4041; x_wconf 86' lang='lat' dir='ltr'><strong>bos</strong></span> <span class='ocrx_word' id='word_1_502' title='bbox 1909 3984 2118 4055; x_wconf 87' lang='lat' dir='ltr'><strong>primus</strong></span> 
     </span>
    </p>
   </div>
   <div class='ocr_carea' id='block_1_62' title="bbox 555 4075 2118 4149">
    <p class='ocr_par' dir='ltr' id='par_1_62' title="bbox 555 4075 2118 4149">
     <span class='ocr_line' id='line_1_62' title="bbox 555 4075 2118 4149; baseline 0 -20"><span class='ocrx_word' id='word_1_503' title='bbox 555 4076 699 4146; x_wconf 86' lang='lat' dir='ltr'><strong>apud</strong></span> <span class='ocrx_word' id='word_1_504' title='bbox 724 4092 820 4133; x_wconf 88' lang='lat' dir='ltr'><strong>eos</strong></span> <span class='ocrx_word' id='word_1_505' title='bbox 854 4079 1058 4149; x_wconf 88' lang='lat' dir='ltr'><strong>regiam</strong></span> <span class='ocrx_word' id='word_1_506' title='bbox 1087 4079 1406 4149; x_wconf 87' lang='lat' dir='ltr'><strong>dignitatem</strong></span> <span class='ocrx_word' id='word_1_507' title='bbox 1451 4079 1662 4147; x_wconf 85' lang='lat' dir='ltr'><strong>accepit</strong></span> <span class='ocrx_word' id='word_1_508' title='bbox 1694 4075 1848 4143; x_wconf 88' lang='lat' dir='ltr'><strong>Saul,</strong></span> <span class='ocrx_word' id='word_1_509' title='bbox 1878 4075 1947 4131; x_wconf 91' lang='lat' dir='ltr'><strong>de</strong></span> <span class='ocrx_word' id='word_1_510' title='bbox 1974 4075 2118 4130; x_wconf 83' lang='lat' dir='ltr'><strong>tribu</strong></span> 
     </span>
    </p>
   </div>
   <div class='ocr_carea' id='block_1_63' title="bbox 554 4167 2117 4241">
    <p class='ocr_par' dir='ltr' id='par_1_63' title="bbox 554 4167 2117 4241">
     <span class='ocr_line' id='line_1_63' title="bbox 554 4167 2117 4241; baseline 0.001 -19"><span class='ocrx_word' id='word_1_511' title='bbox 554 4168 659 4222; x_wconf 80' lang='lat' dir='ltr'><strong>fuit</strong></span> <span class='ocrx_word' id='word_1_512' title='bbox 707 4169 1012 4239; x_wconf 85' lang='lat' dir='ltr'><strong>Benjamin.</strong></span> <span class='ocrx_word' id='word_1_513' title='bbox 1053 4169 1339 4237; x_wconf 88' lang='lat' dir='ltr'><strong>Quomodo</strong></span> <span class='ocrx_word' id='word_1_514' title='bbox 1390 4170 1555 4241; x_wconf 78' lang='lat' dir='ltr'><strong>igitur</strong></span> <span class='ocrx_word' id='word_1_515' title='bbox 1594 4169 1772 4226; x_wconf 88' lang='lat' dir='ltr'><strong>illud:</strong></span> <span class='ocrx_word' id='word_1_516' title='bbox 1808 4184 1827 4221; x_wconf 79' lang='grc' dir='ltr'><strong>ι</strong></span> <span class='ocrx_word' id='word_1_517' title='bbox 1866 4167 1986 4224; x_wconf 83' lang='lat' dir='ltr'><strong>Non</strong></span> <span class='ocrx_word' id='word_1_518' title='bbox 2018 4168 2117 4224; x_wconf 89' lang='lat' dir='ltr'><strong>de-</strong></span> 
     </span>
    </p>
   </div>
   <div class='ocr_carea' id='block_1_64' title="bbox 557 4256 2119 4329">
    <p class='ocr_par' dir='ltr' id='par_1_64' title="bbox 557 4256 2119 4329">
     <span class='ocr_line' id='line_1_64' title="bbox 557 4256 2119 4329; baseline 0.004 -23"><span class='ocrx_word' id='word_1_519' title='bbox 557 4256 700 4310; x_wconf 70' lang='lat' dir='ltr'><strong>ﬁciet</strong></span> <span class='ocrx_word' id='word_1_520' title='bbox 752 4257 1005 4326; x_wconf 86' lang='lat' dir='ltr'><strong>princeps</strong></span> <span class='ocrx_word' id='word_1_521' title='bbox 1069 4259 1137 4315; x_wconf 89' lang='lat' dir='ltr'><strong>de</strong></span> <span class='ocrx_word' id='word_1_522' title='bbox 1201 4257 1378 4323; x_wconf 87' lang='lat' dir='ltr'><strong>Iuda,</strong></span> <span class='ocrx_word' id='word_1_523' title='bbox 1427 4274 1603 4329; x_wconf 88' lang='lat' dir='ltr'><strong>neque</strong></span> <span class='ocrx_word' id='word_1_524' title='bbox 1655 4258 1765 4313; x_wconf 78' lang='lat' dir='ltr'><strong>dux</strong></span> <span class='ocrx_word' id='word_1_525' title='bbox 1815 4257 1885 4314; x_wconf 90' lang='lat' dir='ltr'><strong>de</strong></span> <span class='ocrx_word' id='word_1_526' title='bbox 1950 4257 2119 4314; x_wconf 77' lang='lat' dir='ltr'><strong>femo-</strong></span> 
     </span>
    </p>
   </div>
   <div class='ocr_carea' id='block_1_65' title="bbox 2226 1962 3712 2040">
    <p class='ocr_par' dir='ltr' id='par_1_65' title="bbox 2226 1962 3712 2040">
     <span class='ocr_line' id='line_1_65' title="bbox 2226 1962 3712 2040; baseline 0.002 -24"><span class='ocrx_word' id='word_1_527' title='bbox 2226 1962 2430 2028; x_wconf 82' lang='grc' dir='ltr'>ἐλθεῖν,</span> <span class='ocrx_word' id='word_1_528' title='bbox 2496 1965 2590 2018; x_wconf 76' lang='grc' dir='ltr'><strong>καὶ</strong></span> <span class='ocrx_word' id='word_1_529' title='bbox 2658 1964 2728 2020; x_wconf 80' lang='grc' dir='ltr'><strong>τὰ</strong></span> <span class='ocrx_word' id='word_1_530' title='bbox 2793 1967 3130 2038; x_wconf 73' lang='grc' dir='ltr'>ἀποκείμενα</span> <span class='ocrx_word' id='word_1_531' title='bbox 3188 1966 3273 2039; x_wconf 80' lang='grc' dir='ltr'>τῷ</span> <span class='ocrx_word' id='word_1_532' title='bbox 3324 1967 3712 2040; x_wconf 70' lang='grc' dir='ltr'>προφητευομέν</span> 
     </span>
    </p>
   </div>
   <div class='ocr_carea' id='block_1_66' title="bbox 2226 2054 3712 2131">
    <p class='ocr_par' dir='ltr' id='par_1_66' title="bbox 2226 2054 3712 2131">
     <span class='ocr_line' id='line_1_66' title="bbox 2226 2054 3712 2131; baseline 0.002 -23"><span class='ocrx_word' id='word_1_533' title='bbox 2226 2054 2412 2110; x_wconf 84' lang='grc' dir='ltr'>Ταῦτα</span> <span class='ocrx_word' id='word_1_534' title='bbox 2436 2055 2492 2108; x_wconf 82' lang='grc' dir='ltr'>δὲ</span> <span class='ocrx_word' id='word_1_535' title='bbox 2518 2057 2719 2128; x_wconf 84' lang='grc' dir='ltr'>ὁμοίως</span> <span class='ocrx_word' id='word_1_536' title='bbox 2747 2060 2858 2122; x_wconf 73' lang='grc' dir='ltr'>τοῖς</span> <span class='ocrx_word' id='word_1_537' title='bbox 2900 2057 3303 2131; x_wconf 80' lang='grc' dir='ltr'>Ἑϐδομήκοντα</span> <span class='ocrx_word' id='word_1_538' title='bbox 3332 2060 3426 2113; x_wconf 75' lang='grc' dir='ltr'>καὶ</span> <span class='ocrx_word' id='word_1_539' title='bbox 3450 2061 3478 2113; x_wconf 79' lang='grc' dir='ltr'><strong>ὁ</strong></span> <span class='ocrx_word' id='word_1_540' title='bbox 3506 2059 3712 2113; x_wconf 53' lang='lat' dir='ltr'><strong>Geminis</strong></span> 
     </span>
    </p>
   </div>
   <div class='ocr_carea' id='block_1_67' title="bbox 2226 2145 3712 2218">
    <p class='ocr_par' dir='ltr' id='par_1_67' title="bbox 2226 2145 3712 2218">
     <span class='ocr_line' id='line_1_67' title="bbox 2226 2145 3712 2218; baseline 0.002 -20"><span class='ocrx_word' id='word_1_541' title='bbox 2226 2145 2585 2217; x_wconf 72' lang='grc' dir='ltr'>ήρμήνευσεν.</span> <span class='ocrx_word' id='word_1_542' title='bbox 2622 2146 2680 2199; x_wconf 84' lang='lat'><strong>&#39;0</strong></span> <span class='ocrx_word' id='word_1_543' title='bbox 2728 2147 2786 2201; x_wconf 76' lang='grc' dir='ltr'>δὲ</span> <span class='ocrx_word' id='word_1_544' title='bbox 2825 2147 3056 2213; x_wconf 79' lang='grc' dir='ltr'>Ἀκύλας</span> <span class='ocrx_word' id='word_1_545' title='bbox 3093 2149 3288 2204; x_wconf 79' lang='grc' dir='ltr'>τοῦτον</span> <span class='ocrx_word' id='word_1_546' title='bbox 3332 2149 3553 2218; x_wconf 79' lang='grc' dir='ltr'>ἐξέδωκε</span> <span class='ocrx_word' id='word_1_547' title='bbox 3580 2150 3658 2204; x_wconf 82' lang='grc' dir='ltr'>καὶ</span> <span class='ocrx_word' id='word_1_548' title='bbox 3681 2150 3712 2201; x_wconf 64' lang='grc' dir='ltr'><strong>τί</strong></span> 
     </span>
    </p>
   </div>
   <div class='ocr_carea' id='block_1_68' title="bbox 2227 2236 3712 2314">
    <p class='ocr_par' dir='ltr' id='par_1_68' title="bbox 2227 2236 3712 2314">
     <span class='ocr_line' id='line_1_68' title="bbox 2227 2236 3712 2314; baseline 0.003 -24"><span class='ocrx_word' id='word_1_549' title='bbox 2227 2236 2452 2308; x_wconf 85' lang='grc' dir='ltr'>τρόπον·</span> <span class='ocrx_word' id='word_1_550' title='bbox 2496 2255 2516 2289; x_wconf 81' lang='grc' dir='ltr'><strong>ι</strong></span> <span class='ocrx_word' id='word_1_551' title='bbox 2551 2238 2665 2292; x_wconf 82' lang='grc' dir='ltr'><strong>οὐκ</strong></span> <span class='ocrx_word' id='word_1_552' title='bbox 2702 2240 3063 2310; x_wconf 78' lang='grc' dir='ltr'>ἀναστήσεται</span> <span class='ocrx_word' id='word_1_553' title='bbox 3102 2241 3387 2314; x_wconf 78' lang='grc' dir='ltr'>σκῆπτρον</span> <span class='ocrx_word' id='word_1_554' title='bbox 3437 2241 3540 2295; x_wconf 69' lang='grc' dir='ltr'><strong>ἀπὸ</strong></span> <span class='ocrx_word' id='word_1_555' title='bbox 3594 2241 3712 2295; x_wconf 77' lang='grc' dir='ltr'><strong>Ἰοὺδε</strong></span> 
     </span>
    </p>
   </div>
   <div class='ocr_carea' id='block_1_69' title="bbox 2226 2326 3712 2402">
    <p class='ocr_par' dir='ltr' id='par_1_69' title="bbox 2226 2326 3712 2402">
     <span class='ocr_line' id='line_1_69' title="bbox 2226 2326 3712 2402; baseline 0.001 -21"><span class='ocrx_word' id='word_1_556' title='bbox 2226 2328 2320 2381; x_wconf 81' lang='grc' dir='ltr'>καὶ</span> <span class='ocrx_word' id='word_1_557' title='bbox 2343 2326 2772 2400; x_wconf 73' lang='grc' dir='ltr'>ἁκριδαζόμενος</span> <span class='ocrx_word' id='word_1_558' title='bbox 2801 2331 2907 2384; x_wconf 81' lang='grc' dir='ltr'><strong>ἀπὸ</strong></span> <span class='ocrx_word' id='word_1_559' title='bbox 2940 2330 3143 2402; x_wconf 81' lang='grc' dir='ltr'>μεταξὺ</span> <span class='ocrx_word' id='word_1_560' title='bbox 3178 2331 3359 2385; x_wconf 82' lang='grc' dir='ltr'>ποδῶν</span> <span class='ocrx_word' id='word_1_561' title='bbox 3382 2331 3561 2394; x_wconf 76' lang='grc' dir='ltr'>αὐτοῦ,</span> <span class='ocrx_word' id='word_1_562' title='bbox 3585 2331 3670 2394; x_wconf 68' lang='grc' dir='ltr'><strong>ἕως</strong></span> <span class='ocrx_word' id='word_1_563' title='bbox 3694 2330 3712 2383; x_wconf 78' lang='grc' dir='ltr'><em>ἂ</em></span> 
     </span>
    </p>
   </div>
   <div class='ocr_carea' id='block_1_70' title="bbox 2226 2417 3712 2494">
    <p class='ocr_par' dir='ltr' id='par_1_70' title="bbox 2226 2417 3712 2494">
     <span class='ocr_line' id='line_1_70' title="bbox 2226 2417 3712 2494; baseline 0.001 -24"><span class='ocrx_word' id='word_1_564' title='bbox 2226 2417 2355 2491; x_wconf 71' lang='grc' dir='ltr'>ἔλθῃ</span> <span class='ocrx_word' id='word_1_565' title='bbox 2379 2419 2472 2473; x_wconf 77' lang='grc' dir='ltr'>καὶ</span> <span class='ocrx_word' id='word_1_566' title='bbox 2494 2418 2642 2491; x_wconf 80' lang='grc' dir='ltr'>αὐτῷ</span> <span class='ocrx_word' id='word_1_567' title='bbox 2667 2420 2917 2492; x_wconf 83' lang='grc' dir='ltr'>σύστημα</span> <span class='ocrx_word' id='word_1_568' title='bbox 2942 2422 3105 2477; x_wconf 81' lang='grc' dir='ltr'>λαῶν.</span> <span class='ocrx_word' id='word_1_569' title='bbox 3129 2443 3147 2474; x_wconf 76' lang='grc' dir='ltr'><strong>ι</strong></span> <span class='ocrx_word' id='word_1_570' title='bbox 3174 2423 3346 2477; x_wconf 86' lang='grc' dir='ltr'>Ἔνθα</span> <span class='ocrx_word' id='word_1_571' title='bbox 3365 2422 3631 2494; x_wconf 81' lang='grc' dir='ltr'>λεγομένου</span> <span class='ocrx_word' id='word_1_572' title='bbox 3650 2419 3712 2472; x_wconf 64' lang='lat' dir='ltr'><strong>toi</strong></span> 
     </span>
    </p>
   </div>
   <div class='ocr_carea' id='block_1_71' title="bbox 2230 2508 3712 2582">
    <p class='ocr_par' dir='ltr' id='par_1_71' title="bbox 2230 2508 3712 2582">
     <span class='ocr_line' id='line_1_71' title="bbox 2230 2508 3712 2582; baseline 0.001 -23"><span class='ocrx_word' id='word_1_573' title='bbox 2230 2526 2251 2559; x_wconf 71' lang='grc' dir='ltr'><strong>ι</strong></span> <span class='ocrx_word' id='word_1_574' title='bbox 2273 2509 2387 2562; x_wconf 85' lang='grc' dir='ltr'><strong>Οὐκ</strong></span> <span class='ocrx_word' id='word_1_575' title='bbox 2418 2508 2657 2579; x_wconf 77' lang='grc' dir='ltr'>ἐκλείψει</span> <span class='ocrx_word' id='word_1_576' title='bbox 2686 2510 2868 2582; x_wconf 79' lang='grc' dir='ltr'>ἄρχων</span> <span class='ocrx_word' id='word_1_577' title='bbox 2889 2511 2952 2576; x_wconf 78' lang='grc' dir='ltr'>ἐξ</span> <span class='ocrx_word' id='word_1_578' title='bbox 2983 2509 3176 2576; x_wconf 86' lang='grc' dir='ltr'>Ἰούδα,</span> <span class='ocrx_word' id='word_1_579' title='bbox 3208 2532 3227 2565; x_wconf 77' lang='grc' dir='ltr'><strong>ι</strong></span> <span class='ocrx_word' id='word_1_580' title='bbox 3263 2513 3426 2567; x_wconf 79' lang='grc' dir='ltr'>πάλιν</span> <span class='ocrx_word' id='word_1_581' title='bbox 3452 2513 3512 2565; x_wconf 83' lang='grc' dir='ltr'><strong>ού</strong></span> <span class='ocrx_word' id='word_1_582' title='bbox 3539 2509 3649 2581; x_wconf 79' lang='grc' dir='ltr'>περὶ</span> <span class='ocrx_word' id='word_1_583' title='bbox 3669 2525 3712 2561; x_wconf 75' lang='grc' dir='ltr'><strong>το</strong></span> 
     </span>
    </p>
   </div>
   <div class='ocr_carea' id='block_1_72' title="bbox 2238 2600 3712 2678">
    <p class='ocr_par' dir='ltr' id='par_1_72' title="bbox 2238 2600 3712 2678">
     <span class='ocr_line' id='line_1_72' title="bbox 2238 2600 3712 2678; baseline -0.002 -23"><span class='ocrx_word' id='word_1_584' title='bbox 2238 2601 2426 2665; x_wconf 84' lang='grc' dir='ltr'>Ἰούδα,</span> <span class='ocrx_word' id='word_1_585' title='bbox 2453 2602 2615 2656; x_wconf 77' lang='grc' dir='ltr'>αὑτοῦ</span> <span class='ocrx_word' id='word_1_586' title='bbox 2648 2603 2712 2675; x_wconf 78' lang='grc' dir='ltr'><strong>δὴ</strong></span> <span class='ocrx_word' id='word_1_587' title='bbox 2743 2605 2950 2659; x_wconf 82' lang='grc' dir='ltr'>ἐκείνου</span> <span class='ocrx_word' id='word_1_588' title='bbox 2974 2605 3068 2659; x_wconf 84' lang='grc' dir='ltr'>τοῦ</span> <span class='ocrx_word' id='word_1_589' title='bbox 3098 2604 3326 2678; x_wconf 82' lang='grc' dir='ltr'>πρώτου</span> <span class='ocrx_word' id='word_1_590' title='bbox 3348 2604 3533 2676; x_wconf 82' lang='grc' dir='ltr'>ἀνδρὸς</span> <span class='ocrx_word' id='word_1_591' title='bbox 3568 2600 3712 2656; x_wconf 77' lang='grc' dir='ltr'>ἀκούει</span> 
     </span>
    </p>
   </div>
   <div class='ocr_carea' id='block_1_73' title="bbox 2224 2692 3712 2767">
    <p class='ocr_par' dir='ltr' id='par_1_73' title="bbox 2224 2692 3712 2767">
     <span class='ocr_line' id='line_1_73' title="bbox 2224 2692 3712 2767; baseline -0.001 -22"><span class='ocrx_word' id='word_1_592' title='bbox 2224 2692 2441 2764; x_wconf 83' lang='grc' dir='ltr'>δεήσει,</span> <span class='ocrx_word' id='word_1_593' title='bbox 2474 2693 2662 2767; x_wconf 82' lang='grc' dir='ltr'>ὥσπερ</span> <span class='ocrx_word' id='word_1_594' title='bbox 2695 2696 2815 2749; x_wconf 83' lang='grc' dir='ltr'>οὐδὲ</span> <span class='ocrx_word' id='word_1_595' title='bbox 2844 2696 2937 2761; x_wconf 82' lang='grc' dir='ltr'>τὸ,</span> <span class='ocrx_word' id='word_1_596' title='bbox 2980 2714 2999 2748; x_wconf 81' lang='grc' dir='ltr'><strong>ι</strong></span> <span class='ocrx_word' id='word_1_597' title='bbox 3049 2696 3245 2760; x_wconf 89' lang='grc' dir='ltr'>Ἰούδα,</span> <span class='ocrx_word' id='word_1_598' title='bbox 3284 2697 3345 2750; x_wconf 75' lang='grc' dir='ltr'>σὲ</span> <span class='ocrx_word' id='word_1_599' title='bbox 3392 2696 3661 2750; x_wconf 79' lang='grc' dir='ltr'>αἰνέσουσιν</span> <span class='ocrx_word' id='word_1_600' title='bbox 3701 2707 3712 2743; x_wconf 85' lang='grc'><strong>‹</strong></span> 
     </span>
    </p>
   </div>
   <div class='ocr_carea' id='block_1_74' title="bbox 2226 2783 3712 2859">
    <p class='ocr_par' dir='ltr' id='par_1_74' title="bbox 2226 2783 3712 2859">
     <span class='ocr_line' id='line_1_74' title="bbox 2226 2783 3712 2859; baseline 0.001 -22"><span class='ocrx_word' id='word_1_601' title='bbox 2226 2783 2443 2854; x_wconf 82' lang='grc' dir='ltr'>ἀδελφοί</span> <span class='ocrx_word' id='word_1_602' title='bbox 2458 2801 2573 2848; x_wconf 87' lang='grc' dir='ltr'>σου,</span> <span class='ocrx_word' id='word_1_603' title='bbox 2608 2804 2626 2837; x_wconf 74' lang='grc' dir='ltr'><strong>ι</strong></span> <span class='ocrx_word' id='word_1_604' title='bbox 2659 2787 2754 2841; x_wconf 73' lang='grc' dir='ltr'>καὶ</span> <span class='ocrx_word' id='word_1_605' title='bbox 2792 2787 2861 2843; x_wconf 82' lang='grc' dir='ltr'>τὰ</span> <span class='ocrx_word' id='word_1_606' title='bbox 2892 2786 3041 2859; x_wconf 80' lang='grc' dir='ltr'>ἐξῆς,</span> <span class='ocrx_word' id='word_1_607' title='bbox 3065 2789 3154 2842; x_wconf 77' lang='grc' dir='ltr'><strong>ἐπ’</strong></span> <span class='ocrx_word' id='word_1_608' title='bbox 3204 2789 3417 2843; x_wconf 82' lang='grc' dir='ltr'>ἐκεῖνον</span> <span class='ocrx_word' id='word_1_609' title='bbox 3451 2786 3712 2856; x_wconf 72' lang='grc' dir='ltr'>ἁναφέρθιτε</span> 
     </span>
    </p>
   </div>
   <div class='ocr_carea' id='block_1_75' title="bbox 2226 2873 3711 2952">
    <p class='ocr_par' dir='ltr' id='par_1_75' title="bbox 2226 2873 3711 2952">
     <span class='ocr_line' id='line_1_75' title="bbox 2226 2873 3711 2952; baseline 0.001 -25"><span class='ocrx_word' id='word_1_610' title='bbox 2226 2874 2504 2940; x_wconf 88' lang='grc' dir='ltr'>Πλείστοις</span> <span class='ocrx_word' id='word_1_611' title='bbox 2538 2876 2581 2930; x_wconf 85' lang='grc' dir='ltr'>δ’</span> <span class='ocrx_word' id='word_1_612' title='bbox 2608 2873 2700 2932; x_wconf 80' lang='grc' dir='ltr'>οὖν</span> <span class='ocrx_word' id='word_1_613' title='bbox 2740 2877 2951 2950; x_wconf 83' lang='grc' dir='ltr'>χρόνοις</span> <span class='ocrx_word' id='word_1_614' title='bbox 2976 2879 3243 2952; x_wconf 77' lang='grc' dir='ltr'>ἄρχοντες</span> <span class='ocrx_word' id='word_1_615' title='bbox 3262 2880 3358 2933; x_wconf 73' lang='grc' dir='ltr'>καὶ</span> <span class='ocrx_word' id='word_1_616' title='bbox 3387 2878 3647 2950; x_wconf 64' lang='grc' dir='ltr'>ἡγούμενοι</span> <span class='ocrx_word' id='word_1_617' title='bbox 3664 2889 3711 2924; x_wconf 77' lang='grc' dir='ltr'><strong>το</strong></span> 
     </span>
    </p>
   </div>
   <div class='ocr_carea' id='block_1_76' title="bbox 2241 2964 3711 3041">
    <p class='ocr_par' dir='ltr' id='par_1_76' title="bbox 2241 2964 3711 3041">
     <span class='ocr_line' id='line_1_76' title="bbox 2241 2964 3711 3041; baseline -0.001 -21"><span class='ocrx_word' id='word_1_618' title='bbox 2241 2966 2507 3021; x_wconf 86' lang='grc' dir='ltr'>Ἰουδαίων</span> <span class='ocrx_word' id='word_1_619' title='bbox 2538 2966 2724 3031; x_wconf 70' lang='grc' dir='ltr'>ἔθνους</span> <span class='ocrx_word' id='word_1_620' title='bbox 2776 2968 3151 3041; x_wconf 80' lang='grc' dir='ltr'>κατέστησαν,</span> <span class='ocrx_word' id='word_1_621' title='bbox 3203 2971 3307 3025; x_wconf 83' lang='grc' dir='ltr'>οὐκ</span> <span class='ocrx_word' id='word_1_622' title='bbox 3349 2971 3411 3023; x_wconf 88' lang='grc' dir='ltr'><strong>ἐκ</strong></span> <span class='ocrx_word' id='word_1_623' title='bbox 3446 2967 3540 3038; x_wconf 84' lang='grc' dir='ltr'><strong>τῆς</strong></span> <span class='ocrx_word' id='word_1_624' title='bbox 3572 2964 3711 3019; x_wconf 70' lang='grc' dir='ltr'>ἐκείνα</span> 
     </span>
    </p>
   </div>
   <div class='ocr_carea' id='block_1_77' title="bbox 2151 3026 3711 3133">
    <p class='ocr_par' dir='ltr' id='par_1_77' title="bbox 2151 3026 3711 3133">
     <span class='ocr_line' id='line_1_77' title="bbox 2151 3026 3711 3133; baseline -0.005 -21"><span class='ocrx_word' id='word_1_625' title='bbox 2151 3026 2192 3084; x_wconf 76' lang='lat' dir='ltr'><strong>C</strong></span> <span class='ocrx_word' id='word_1_626' title='bbox 2222 3057 2317 3112; x_wconf 78' lang='grc' dir='ltr'>τοῦ</span> <span class='ocrx_word' id='word_1_627' title='bbox 2346 3057 2537 3130; x_wconf 81' lang='grc' dir='ltr'>ἀνδρὸς</span> <span class='ocrx_word' id='word_1_628' title='bbox 2559 3026 2827 3130; x_wconf 43' lang='grc' dir='ltr'>διαδοάῆς.</span> <span class='ocrx_word' id='word_1_629' title='bbox 2854 3026 3077 3131; x_wconf 68' lang='grc' dir='ltr'>Πρῶτος</span> <span class='ocrx_word' id='word_1_630' title='bbox 3103 3026 3204 3133; x_wconf 57' lang='grc' dir='ltr'>μὲν</span> <span class='ocrx_word' id='word_1_631' title='bbox 3236 3060 3346 3132; x_wconf 85' lang='grc' dir='ltr'><strong>γὰρ</strong></span> <span class='ocrx_word' id='word_1_632' title='bbox 3371 3026 3591 3126; x_wconf 41' lang='grc' dir='ltr'><strong>Μωῦῆς</strong></span> <span class='ocrx_word' id='word_1_633' title='bbox 3611 3054 3711 3108; x_wconf 78' lang='grc' dir='ltr'>αὐτὸ</span> 
     </span>
    </p>
   </div>
   <div class='ocr_carea' id='block_1_78' title="bbox 2223 3144 3712 3222">
    <p class='ocr_par' dir='ltr' id='par_1_78' title="bbox 2223 3144 3712 3222">
     <span class='ocr_line' id='line_1_78' title="bbox 2223 3144 3712 3222; baseline -0.007 -15"><span class='ocrx_word' id='word_1_634' title='bbox 2223 3149 2464 3222; x_wconf 75' lang='grc' dir='ltr'>ἡγήσατο</span> <span class='ocrx_word' id='word_1_635' title='bbox 2498 3148 2589 3202; x_wconf 77' lang='grc' dir='ltr'>τοῦ</span> <span class='ocrx_word' id='word_1_636' title='bbox 2641 3149 2793 3214; x_wconf 82' lang='grc' dir='ltr'>λαοῦ,</span> <span class='ocrx_word' id='word_1_637' title='bbox 2830 3150 2904 3221; x_wconf 84' lang='grc' dir='ltr'>μὴ</span> <span class='ocrx_word' id='word_1_638' title='bbox 2945 3152 3009 3205; x_wconf 85' lang='grc' dir='ltr'><strong>ἐκ</strong></span> <span class='ocrx_word' id='word_1_639' title='bbox 3050 3150 3150 3206; x_wconf 80' lang='grc' dir='ltr'><strong>τοῦ</strong></span> <span class='ocrx_word' id='word_1_640' title='bbox 3202 3151 3373 3206; x_wconf 83' lang='grc' dir='ltr'>Ἰούδα</span> <span class='ocrx_word' id='word_1_641' title='bbox 3392 3190 3408 3215; x_wconf 92' lang='grc'><strong>,</strong></span> <span class='ocrx_word' id='word_1_642' title='bbox 3454 3148 3557 3204; x_wconf 82' lang='grc' dir='ltr'>ἀλλ’</span> <span class='ocrx_word' id='word_1_643' title='bbox 3579 3148 3634 3199; x_wconf 83' lang='grc' dir='ltr'><strong>ἐκ</strong></span> <span class='ocrx_word' id='word_1_644' title='bbox 3660 3144 3712 3197; x_wconf 56' lang='lat' dir='ltr'><strong>ro‘</strong></span> 
     </span>
    </p>
   </div>
   <div class='ocr_carea' id='block_1_79' title="bbox 2222 3233 3712 3315">
    <p class='ocr_par' dir='ltr' id='par_1_79' title="bbox 2222 3233 3712 3315">
     <span class='ocr_line' id='line_1_79' title="bbox 2222 3233 3712 3315; baseline 0 -20"><span class='ocrx_word' id='word_1_645' title='bbox 2222 3239 2353 3296; x_wconf 83' lang='grc' dir='ltr'><strong>Λευῖ</strong></span> <span class='ocrx_word' id='word_1_646' title='bbox 2384 3239 2640 3310; x_wconf 86' lang='grc' dir='ltr'>γεγονώς.</span> <span class='ocrx_word' id='word_1_647' title='bbox 2674 3239 2808 3296; x_wconf 79' lang='grc' dir='ltr'>Εἶτα</span> <span class='ocrx_word' id='word_1_648' title='bbox 2843 3241 3048 3315; x_wconf 78' lang='grc' dir='ltr'>Ἰησοῦς</span> <span class='ocrx_word' id='word_1_649' title='bbox 3067 3245 3147 3301; x_wconf 77' lang='grc' dir='ltr'><strong>,ἐκ</strong></span> <span class='ocrx_word' id='word_1_650' title='bbox 3180 3242 3354 3313; x_wconf 81' lang='grc' dir='ltr'>φυλῆς</span> <span class='ocrx_word' id='word_1_651' title='bbox 3389 3240 3621 3312; x_wconf 80' lang='grc' dir='ltr'>Ἐφραὶμ.</span> <span class='ocrx_word' id='word_1_652' title='bbox 3643 3233 3712 3306; x_wconf 71' lang='grc' dir='ltr'><strong>μεθ</strong></span> 
     </span>
    </p>
   </div>
   <div class='ocr_carea' id='block_1_80' title="bbox 2220 3330 3712 3407">
    <p class='ocr_par' dir='ltr' id='par_1_80' title="bbox 2220 3330 3712 3407">
     <span class='ocr_line' id='line_1_80' title="bbox 2220 3330 3712 3407; baseline 0.001 -20"><span class='ocrx_word' id='word_1_653' title='bbox 2220 3332 2278 3388; x_wconf 82' lang='grc' dir='ltr'>ὃν</span> <span class='ocrx_word' id='word_1_654' title='bbox 2325 3330 2492 3406; x_wconf 79' lang='grc' dir='ltr'>ἦρξεν</span> <span class='ocrx_word' id='word_1_655' title='bbox 2530 3334 2707 3389; x_wconf 75' lang='grc' dir='ltr'>αὐτῶν</span> <span class='ocrx_word' id='word_1_656' title='bbox 2744 3333 3004 3407; x_wconf 78' lang='grc' dir='ltr'>Δεϐὁὼρα</span> <span class='ocrx_word' id='word_1_657' title='bbox 3054 3337 3120 3390; x_wconf 91' lang='grc' dir='ltr'><strong>ἐκ</strong></span> <span class='ocrx_word' id='word_1_658' title='bbox 3154 3335 3328 3406; x_wconf 88' lang='grc' dir='ltr'>φυλῆς</span> <span class='ocrx_word' id='word_1_659' title='bbox 3392 3332 3634 3404; x_wconf 74' lang='grc' dir='ltr'>Ἐφραὶμ,</span> <span class='ocrx_word' id='word_1_660' title='bbox 3661 3346 3712 3380; x_wconf 78' lang='grc' dir='ltr'><strong>κα</strong></span> 
     </span>
    </p>
   </div>
   <div class='ocr_carea' id='block_1_81' title="bbox 2219 3420 3712 3499">
    <p class='ocr_par' dir='ltr' id='par_1_81' title="bbox 2219 3420 3712 3499">
     <span class='ocr_line' id='line_1_81' title="bbox 2219 3420 3712 3499; baseline -0.02 1"><span class='ocrx_word' id='word_1_661' title='bbox 2219 3424 2409 3498; x_wconf 67' lang='grc' dir='ltr'>Βαράκ</span> <span class='ocrx_word' id='word_1_662' title='bbox 2444 3427 2509 3479; x_wconf 62' lang='grc' dir='ltr'><strong>ὲκ</strong></span> <span class='ocrx_word' id='word_1_663' title='bbox 2550 3427 2723 3497; x_wconf 81' lang='grc' dir='ltr'>φυλῆς</span> <span class='ocrx_word' id='word_1_664' title='bbox 2767 3425 3111 3497; x_wconf 79' lang='grc' dir='ltr'>Νεφθαλείμ·</span> <span class='ocrx_word' id='word_1_665' title='bbox 3166 3427 3283 3499; x_wconf 79' lang='grc' dir='ltr'>μεθ’</span> <span class='ocrx_word' id='word_1_666' title='bbox 3338 3424 3431 3489; x_wconf 77' lang='grc' dir='ltr'>οὓς</span> <span class='ocrx_word' id='word_1_667' title='bbox 3474 3420 3647 3476; x_wconf 76' lang='grc' dir='ltr'>Γεδεὼν</span> <span class='ocrx_word' id='word_1_668' title='bbox 3681 3420 3712 3470; x_wconf 65' lang='grc' dir='ltr'><strong>ὲ]</strong></span> 
     </span>
    </p>
   </div>
   <div class='ocr_carea' id='block_1_82' title="bbox 2220 3512 3711 3589">
    <p class='ocr_par' dir='ltr' id='par_1_82' title="bbox 2220 3512 3711 3589">
     <span class='ocr_line' id='line_1_82' title="bbox 2220 3512 3711 3589; baseline -0.001 -20"><span class='ocrx_word' id='word_1_669' title='bbox 2220 3515 2391 3587; x_wconf 80' lang='grc' dir='ltr'>φυλῆς</span> <span class='ocrx_word' id='word_1_670' title='bbox 2448 3517 2711 3589; x_wconf 77' lang='grc' dir='ltr'>Μανασσῆ</span> <span class='ocrx_word' id='word_1_671' title='bbox 2731 3533 2747 3548; x_wconf 78' lang='grc' dir='ltr'><strong>ο</strong></span> <span class='ocrx_word' id='word_1_672' title='bbox 2802 3517 2990 3572; x_wconf 76' lang='grc' dir='ltr'>ἔπειτα</span> <span class='ocrx_word' id='word_1_673' title='bbox 3032 3520 3062 3573; x_wconf 86' lang='grc' dir='ltr'><strong>ὀ</strong></span> <span class='ocrx_word' id='word_1_674' title='bbox 3104 3518 3200 3574; x_wconf 76' lang='grc' dir='ltr'>τοῦ</span> <span class='ocrx_word' id='word_1_675' title='bbox 3256 3515 3455 3572; x_wconf 86' lang='grc' dir='ltr'>Γεδεὼν</span> <span class='ocrx_word' id='word_1_676' title='bbox 3494 3517 3622 3577; x_wconf 81' lang='grc' dir='ltr'>παῖς,</span> <span class='ocrx_word' id='word_1_677' title='bbox 3659 3512 3711 3564; x_wconf 61' lang='grc' dir='ltr'>κά</span> 
     </span>
    </p>
   </div>
   <div class='ocr_carea' id='block_1_83' title="bbox 2223 3603 3712 3681">
    <p class='ocr_par' dir='ltr' id='par_1_83' title="bbox 2223 3603 3712 3681">
     <span class='ocr_line' id='line_1_83' title="bbox 2223 3603 3712 3681; baseline -0.005 -21"><span class='ocrx_word' id='word_1_678' title='bbox 2223 3609 2342 3677; x_wconf 84' lang='grc' dir='ltr'>μετ’</span> <span class='ocrx_word' id='word_1_679' title='bbox 2374 3608 2535 3662; x_wconf 81' lang='grc' dir='ltr'>αὐτὸν</span> <span class='ocrx_word' id='word_1_680' title='bbox 2559 3607 2715 3662; x_wconf 78' lang='grc' dir='ltr'><strong>Θωλὰ</strong></span> <span class='ocrx_word' id='word_1_681' title='bbox 2738 3610 2804 3664; x_wconf 88' lang='grc' dir='ltr'><strong>ἐκ</strong></span> <span class='ocrx_word' id='word_1_682' title='bbox 2842 3609 3012 3680; x_wconf 80' lang='grc' dir='ltr'>φυλῆς</span> <span class='ocrx_word' id='word_1_683' title='bbox 3040 3610 3140 3681; x_wconf 87' lang='grc' dir='ltr'><strong>τῆς</strong></span> <span class='ocrx_word' id='word_1_684' title='bbox 3179 3610 3377 3681; x_wconf 84' lang='grc' dir='ltr'>αὐτῆς·</span> <span class='ocrx_word' id='word_1_685' title='bbox 3403 3607 3577 3661; x_wconf 73' lang='grc' dir='ltr'>ἔπειτα</span> <span class='ocrx_word' id='word_1_686' title='bbox 3613 3603 3712 3656; x_wconf 65' lang='grc' dir='ltr'>Ἐσες</span> 
     </span>
    </p>
   </div>
   <div class='ocr_carea' id='block_1_84' title="bbox 2220 3693 3712 3774">
    <p class='ocr_par' dir='ltr' id='par_1_84' title="bbox 2220 3693 3712 3774">
     <span class='ocr_line' id='line_1_84' title="bbox 2220 3693 3712 3774; baseline -0.001 -20"><span class='ocrx_word' id='word_1_687' title='bbox 2220 3699 2329 3754; x_wconf 76' lang='grc' dir='ltr'>θὼν</span> <span class='ocrx_word' id='word_1_688' title='bbox 2362 3702 2426 3755; x_wconf 83' lang='grc' dir='ltr'><strong>ἐκ</strong></span> <span class='ocrx_word' id='word_1_689' title='bbox 2456 3700 2733 3772; x_wconf 68' lang='grc' dir='ltr'>Βηθλεέμ·</span> <span class='ocrx_word' id='word_1_690' title='bbox 2773 3702 2868 3757; x_wconf 77' lang='grc' dir='ltr'>καὶ</span> <span class='ocrx_word' id='word_1_691' title='bbox 2909 3702 3051 3774; x_wconf 79' lang='grc' dir='ltr'>μετὰ</span> <span class='ocrx_word' id='word_1_692' title='bbox 3082 3702 3274 3757; x_wconf 85' lang='grc' dir='ltr'>τοῦτον</span> <span class='ocrx_word' id='word_1_693' title='bbox 3302 3700 3471 3756; x_wconf 76' lang='grc' dir='ltr'>Δίλὼν</span> <span class='ocrx_word' id='word_1_694' title='bbox 3499 3700 3558 3752; x_wconf 81' lang='grc' dir='ltr'><strong>ἐκ</strong></span> <span class='ocrx_word' id='word_1_695' title='bbox 3595 3693 3712 3764; x_wconf 53' lang='grc' dir='ltr'>φυλῆς</span> 
     </span>
    </p>
   </div>
   <div class='ocr_carea' id='block_1_85' title="bbox 2219 3783 3712 3864">
    <p class='ocr_par' dir='ltr' id='par_1_85' title="bbox 2219 3783 3712 3864">
     <span class='ocr_line' id='line_1_85' title="bbox 2219 3783 3712 3864; baseline -0.002 -20"><span class='ocrx_word' id='word_1_696' title='bbox 2219 3791 2527 3847; x_wconf 79' lang='grc' dir='ltr'>Ζαϐουλὼν·</span> <span class='ocrx_word' id='word_1_697' title='bbox 2566 3791 2750 3849; x_wconf 75' lang='grc' dir='ltr'>ἔπειτα</span> <span class='ocrx_word' id='word_1_698' title='bbox 2783 3792 3006 3848; x_wconf 77' lang='grc' dir='ltr'>Δαὸδὼν</span> <span class='ocrx_word' id='word_1_699' title='bbox 3060 3796 3127 3848; x_wconf 82' lang='grc' dir='ltr'><strong>ἐκ</strong></span> <span class='ocrx_word' id='word_1_700' title='bbox 3157 3794 3332 3864; x_wconf 80' lang='grc' dir='ltr'>φυλῆς</span> <span class='ocrx_word' id='word_1_701' title='bbox 3372 3789 3617 3863; x_wconf 84' lang='grc' dir='ltr'>Ἐφραίμ·</span> <span class='ocrx_word' id='word_1_702' title='bbox 3654 3783 3712 3838; x_wconf 47' lang='grc' dir='ltr'>κατ</span> 
     </span>
    </p>
   </div>
   <div class='ocr_carea' id='block_1_86' title="bbox 2219 3874 3712 3956">
    <p class='ocr_par' dir='ltr' id='par_1_86' title="bbox 2219 3874 3712 3956">
     <span class='ocr_line' id='line_1_86' title="bbox 2219 3874 3712 3956; baseline -0.004 -17"><span class='ocrx_word' id='word_1_703' title='bbox 2219 3881 2372 3949; x_wconf 78' lang='grc' dir='ltr'>αὖθις</span> <span class='ocrx_word' id='word_1_704' title='bbox 2388 3882 2625 3956; x_wconf 82' lang='grc' dir='ltr'>Σαμψὼν</span> <span class='ocrx_word' id='word_1_705' title='bbox 2652 3886 2716 3939; x_wconf 82' lang='grc' dir='ltr'><strong>ἐκ</strong></span> <span class='ocrx_word' id='word_1_706' title='bbox 2745 3884 2917 3956; x_wconf 87' lang='grc' dir='ltr'>φυλῆς</span> <span class='ocrx_word' id='word_1_707' title='bbox 2939 3886 3074 3940; x_wconf 81' lang='grc' dir='ltr'>Δάν·</span> <span class='ocrx_word' id='word_1_708' title='bbox 3102 3886 3293 3941; x_wconf 74' lang='grc' dir='ltr'>ἔπειτα</span> <span class='ocrx_word' id='word_1_709' title='bbox 3320 3883 3565 3956; x_wconf 80' lang='grc' dir='ltr'>ἀναρχίας</span> <span class='ocrx_word' id='word_1_710' title='bbox 3586 3874 3712 3934; x_wconf 51' lang='lat' dir='ltr'><strong>absim</strong></span> 
     </span>
    </p>
   </div>
   <div class='ocr_carea' id='block_1_87' title="bbox 2217 3968 3712 4051">
    <p class='ocr_par' dir='ltr' id='par_1_87' title="bbox 2217 3968 3712 4051">
     <span class='ocr_line' id='line_1_87' title="bbox 2217 3968 3712 4051; baseline 0.004 -22"><span class='ocrx_word' id='word_1_711' title='bbox 2217 3976 2530 4049; x_wconf 78' lang='grc' dir='ltr'>γενομένης,</span> <span class='ocrx_word' id='word_1_712' title='bbox 2580 3978 2764 4048; x_wconf 75' lang='grc' dir='ltr'>ἠγεῖτο</span> <span class='ocrx_word' id='word_1_713' title='bbox 2812 3976 2993 4031; x_wconf 79' lang='grc' dir='ltr'>αὐτῶν</span> <span class='ocrx_word' id='word_1_714' title='bbox 3031 3976 3181 4033; x_wconf 84' lang='grc' dir='ltr'><strong>Ἦλεῖ</strong></span> <span class='ocrx_word' id='word_1_715' title='bbox 3217 3981 3246 4033; x_wconf 83' lang='grc' dir='ltr'><strong>ό</strong></span> <span class='ocrx_word' id='word_1_716' title='bbox 3295 3977 3467 4051; x_wconf 78' lang='grc' dir='ltr'>ἱερεὺς</span> <span class='ocrx_word' id='word_1_717' title='bbox 3506 3976 3564 4027; x_wconf 77' lang='grc' dir='ltr'><strong>ἐκ</strong></span> <span class='ocrx_word' id='word_1_718' title='bbox 3590 3968 3712 4040; x_wconf 64' lang='grc' dir='ltr'><strong>ςυλῆς</strong></span> 
     </span>
    </p>
   </div>
   <div class='ocr_carea' id='block_1_88' title="bbox 2217 4060 3712 4143">
    <p class='ocr_par' dir='ltr' id='par_1_88' title="bbox 2217 4060 3712 4143">
     <span class='ocr_line' id='line_1_88' title="bbox 2217 4060 3712 4143; baseline -0.002 -20"><span class='ocrx_word' id='word_1_719' title='bbox 2217 4070 2379 4124; x_wconf 80' lang='grc' dir='ltr'>Λευΐ·</span> <span class='ocrx_word' id='word_1_720' title='bbox 2413 4065 2557 4124; x_wconf 75' lang='grc' dir='ltr'>οὗτοι</span> <span class='ocrx_word' id='word_1_721' title='bbox 2589 4070 2789 4133; x_wconf 81' lang='grc' dir='ltr'>πάντες</span> <span class='ocrx_word' id='word_1_722' title='bbox 2811 4070 2995 4142; x_wconf 73' lang='grc' dir='ltr'><strong>κριταῖ⁵</strong></span> <span class='ocrx_word' id='word_1_723' title='bbox 3020 4071 3304 4143; x_wconf 80' lang='grc' dir='ltr'>κρίναντες</span> <span class='ocrx_word' id='word_1_724' title='bbox 3326 4070 3415 4125; x_wconf 79' lang='grc' dir='ltr'>τὸν</span> <span class='ocrx_word' id='word_1_725' title='bbox 3444 4063 3628 4135; x_wconf 78' lang='grc' dir='ltr'>Ἰσραὴλ</span> <span class='ocrx_word' id='word_1_726' title='bbox 3646 4060 3712 4113; x_wconf 59' lang='grc' dir='ltr'><strong>οὒκ</strong></span> 
     </span>
    </p>
   </div>
   <div class='ocr_carea' id='block_1_89' title="bbox 2216 4152 3712 4236">
    <p class='ocr_par' dir='ltr' id='par_1_89' title="bbox 2216 4152 3712 4236">
     <span class='ocr_line' id='line_1_89' title="bbox 2216 4152 3712 4236; baseline -0.003 -21"><span class='ocrx_word' id='word_1_727' title='bbox 2216 4162 2282 4216; x_wconf 84' lang='grc' dir='ltr'><strong>ἐκ</strong></span> <span class='ocrx_word' id='word_1_728' title='bbox 2319 4161 2562 4232; x_wconf 83' lang='grc' dir='ltr'>διαδοχῆς</span> <span class='ocrx_word' id='word_1_729' title='bbox 2597 4161 2782 4227; x_wconf 85' lang='grc' dir='ltr'>Ἰούδα,</span> <span class='ocrx_word' id='word_1_730' title='bbox 2822 4163 2888 4216; x_wconf 85' lang='grc' dir='ltr'><strong>ἐκ</strong></span> <span class='ocrx_word' id='word_1_731' title='bbox 2931 4162 3202 4236; x_wconf 82' lang='grc' dir='ltr'>διαφόρων</span> <span class='ocrx_word' id='word_1_732' title='bbox 3225 4164 3281 4218; x_wconf 86' lang='grc' dir='ltr'><strong>δέ</strong></span> <span class='ocrx_word' id='word_1_733' title='bbox 3320 4160 3511 4232; x_wconf 78' lang='grc' dir='ltr'>φυλῶν,</span> <span class='ocrx_word' id='word_1_734' title='bbox 3548 4152 3712 4212; x_wconf 70' lang='grc' dir='ltr'>ἄλλοθεν</span> 
     </span>
    </p>
   </div>
   <div class='ocr_carea' id='block_1_90' title="bbox 2217 4243 3712 4327">
    <p class='ocr_par' dir='ltr' id='par_1_90' title="bbox 2217 4243 3712 4327">
     <span class='ocr_line' id='line_1_90' title="bbox 2217 4243 3712 4327; baseline -0.008 -17"><span class='ocrx_word' id='word_1_735' title='bbox 2217 4252 2372 4319; x_wconf 82' lang='grc' dir='ltr'>ἄλλος</span> <span class='ocrx_word' id='word_1_736' title='bbox 2415 4253 2701 4324; x_wconf 82' lang='grc' dir='ltr'>γενόμενος</span> <span class='ocrx_word' id='word_1_737' title='bbox 2720 4270 2735 4284; x_wconf 88' lang='grc'><strong>·</strong></span> <span class='ocrx_word' id='word_1_738' title='bbox 2776 4254 2870 4308; x_wconf 82' lang='grc' dir='ltr'>καὶ</span> <span class='ocrx_word' id='word_1_739' title='bbox 2914 4255 2943 4308; x_wconf 84' lang='grc' dir='ltr'><strong>ὃ</strong></span> <span class='ocrx_word' id='word_1_740' title='bbox 2984 4273 3049 4325; x_wconf 85' lang='grc' dir='ltr'>γε</span> <span class='ocrx_word' id='word_1_741' title='bbox 3116 4257 3255 4327; x_wconf 78' lang='grc' dir='ltr'>μετὰ</span> <span class='ocrx_word' id='word_1_742' title='bbox 3300 4253 3513 4313; x_wconf 83' lang='grc' dir='ltr'>τούτους</span> <span class='ocrx_word' id='word_1_743' title='bbox 3551 4243 3712 4316; x_wconf 76' lang='grc' dir='ltr'>πρῶτος</span> 
     </span>
    </p>
   </div>
   <div class='ocr_carea' id='block_1_91' title="bbox 560 4332 2121 4421">
    <p class='ocr_par' dir='ltr' id='par_1_91' title="bbox 560 4346 2111 4421">
     <span class='ocr_line' id='line_1_91' title="bbox 560 4346 2111 4421; baseline 0.005 -23"><span class='ocrx_word' id='word_1_744' title='bbox 560 4346 713 4401; x_wconf 89' lang='lat' dir='ltr'><strong>ribus</strong></span> <span class='ocrx_word' id='word_1_745' title='bbox 766 4347 910 4415; x_wconf 89' lang='lat' dir='ltr'><strong>ejus,</strong></span> <span class='ocrx_word' id='word_1_746' title='bbox 963 4367 984 4402; x_wconf 70' lang='grc' dir='ltr'><strong>ι</strong></span> <span class='ocrx_word' id='word_1_747' title='bbox 1019 4358 1079 4405; x_wconf 86' lang='grc' dir='ltr'><strong>ιιι</strong></span> <span class='ocrx_word' id='word_1_748' title='bbox 1149 4351 1420 4421; x_wconf 88' lang='lat' dir='ltr'><strong>quispiam</strong></span> <span class='ocrx_word' id='word_1_749' title='bbox 1484 4351 1716 4406; x_wconf 79' lang='lat' dir='ltr'><strong>fortasse</strong></span> <span class='ocrx_word' id='word_1_750' title='bbox 1785 4351 2111 4421; x_wconf 85' lang='lat' dir='ltr'><strong>putaverit,</strong></span> 
     </span>
    </p>
   </div>
   <div class='ocr_carea' id='block_1_92' title="bbox 2222 4332 3711 4421">
    <p class='ocr_par' dir='ltr' id='par_1_92' title="bbox 2222 4332 3711 4420">
     <span class='ocr_line' id='line_1_92' title="bbox 2222 4332 3711 4420; baseline -0.011 -19"><span class='ocrx_word' id='word_1_751' title='bbox 2222 4347 2397 4401; x_wconf 77' lang='grc' dir='ltr'>αὐτῶν</span> <span class='ocrx_word' id='word_1_752' title='bbox 2450 4345 2769 4417; x_wconf 82' lang='grc' dir='ltr'>βασιλεύσας</span> <span class='ocrx_word' id='word_1_753' title='bbox 2828 4348 3000 4403; x_wconf 74' lang='grc' dir='ltr'>Σαοὺλ</span> <span class='ocrx_word' id='word_1_754' title='bbox 3054 4350 3121 4404; x_wconf 84' lang='grc' dir='ltr'><strong>ἐκ</strong></span> <span class='ocrx_word' id='word_1_755' title='bbox 3177 4347 3347 4420; x_wconf 83' lang='grc' dir='ltr'>φυλῆς</span> <span class='ocrx_word' id='word_1_756' title='bbox 3385 4341 3450 4416; x_wconf 80' lang='grc' dir='ltr'>ἦν</span> <span class='ocrx_word' id='word_1_757' title='bbox 3496 4332 3711 4404; x_wconf 84' lang='grc' dir='ltr'>Βενιαμίν.</span> 
     </span>
    </p>
   </div>
   <div class='ocr_carea' id='block_1_93' title="bbox 552 4435 2114 4508">
    <p class='ocr_par' dir='ltr' id='par_1_93' title="bbox 552 4435 2114 4508">
     <span class='ocr_line' id='line_1_93' title="bbox 552 4435 2114 4508; baseline 0.008 -19"><span class='ocrx_word' id='word_1_758' title='bbox 552 4435 711 4506; x_wconf 79' lang='lat'><strong>371</strong></span> <span class='ocrx_word' id='word_1_759' title='bbox 742 4437 809 4491; x_wconf 84' lang='lat' dir='ltr'><strong>ad</strong></span> <span class='ocrx_word' id='word_1_760' title='bbox 839 4440 1109 4508; x_wconf 82' lang='lat' dir='ltr'><strong>principes</strong></span> <span class='ocrx_word' id='word_1_761' title='bbox 1136 4445 1204 4497; x_wconf 90' lang='lat' dir='ltr'><strong>de</strong></span> <span class='ocrx_word' id='word_1_762' title='bbox 1235 4443 1381 4498; x_wconf 89' lang='lat' dir='ltr'><strong>tribu</strong></span> <span class='ocrx_word' id='word_1_763' title='bbox 1432 4441 1573 4498; x_wconf 89' lang='lat' dir='ltr'><strong>Iuda</strong></span> <span class='ocrx_word' id='word_1_764' title='bbox 1610 4457 1675 4498; x_wconf 88' lang='lat' dir='ltr'><strong>ac</strong></span> <span class='ocrx_word' id='word_1_765' title='bbox 1712 4443 1881 4498; x_wconf 87' lang='lat' dir='ltr'><strong>duces</strong></span> <span class='ocrx_word' id='word_1_766' title='bbox 1914 4443 2114 4500; x_wconf 80' lang='lat' dir='ltr'><strong>refere-</strong></span> 
     </span>
    </p>
   </div>
   <div class='ocr_carea' id='block_1_94' title="bbox 552 4526 2116 4606">
    <p class='ocr_par' dir='ltr' id='par_1_94' title="bbox 552 4526 2116 4606">
     <span class='ocr_line' id='line_1_94' title="bbox 552 4526 2116 4606; baseline 0.008 -27"><span class='ocrx_word' id='word_1_767' title='bbox 552 4532 662 4591; x_wconf 87' lang='lat' dir='ltr'><strong>tur,</strong></span> <span class='ocrx_word' id='word_1_768' title='bbox 687 4526 906 4596; x_wconf 87' lang='lat' dir='ltr'><strong>quando</strong></span> <span class='ocrx_word' id='word_1_769' title='bbox 932 4529 1182 4584; x_wconf 82' lang='lat' dir='ltr'><strong>videntur</strong></span> <span class='ocrx_word' id='word_1_770' title='bbox 1202 4546 1267 4586; x_wconf 73' lang='lat' dir='ltr'><strong>ex</strong></span> <span class='ocrx_word' id='word_1_771' title='bbox 1318 4548 1427 4603; x_wconf 89' lang='lat' dir='ltr'><strong>quo</strong></span> <span class='ocrx_word' id='word_1_772' title='bbox 1459 4542 1705 4606; x_wconf 90' lang='lat' dir='ltr'><strong>tempore</strong></span> <span class='ocrx_word' id='word_1_773' title='bbox 1733 4541 1982 4590; x_wconf 87' lang='lat' dir='ltr'><strong>mortuus</strong></span> <span class='ocrx_word' id='word_1_774' title='bbox 2030 4544 2116 4591; x_wconf 88' lang='lat' dir='ltr'><strong>est</strong></span> 
     </span>
    </p>
   </div>
   <div class='ocr_carea' id='block_1_95' title="bbox 550 4615 2113 4695">
    <p class='ocr_par' dir='ltr' id='par_1_95' title="bbox 550 4615 2113 4695">
     <span class='ocr_line' id='line_1_95' title="bbox 550 4615 2113 4695; baseline 0.007 -24"><span class='ocrx_word' id='word_1_775' title='bbox 550 4615 721 4673; x_wconf 91' lang='lat' dir='ltr'><strong>Iacob</strong></span> <span class='ocrx_word' id='word_1_776' title='bbox 760 4618 890 4675; x_wconf 87' lang='lat' dir='ltr'><strong>totis</strong></span> <span class='ocrx_word' id='word_1_777' title='bbox 917 4622 1307 4691; x_wconf 89' lang='lat' dir='ltr'><strong>propemodum</strong></span> <span class='ocrx_word' id='word_1_778' title='bbox 1364 4626 1512 4695; x_wconf 83' lang='lat' dir='ltr'><strong>mille</strong></span> <span class='ocrx_word' id='word_1_779' title='bbox 1537 4626 1718 4691; x_wconf 89' lang='lat' dir='ltr'><strong>annis,</strong></span> <span class='ocrx_word' id='word_1_780' title='bbox 1768 4641 1878 4682; x_wconf 89' lang='lat' dir='ltr'><strong>non</strong></span> <span class='ocrx_word' id='word_1_781' title='bbox 1916 4643 1981 4682; x_wconf 74' lang='lat' dir='ltr'><strong>ex</strong></span> <span class='ocrx_word' id='word_1_782' title='bbox 2008 4643 2113 4682; x_wconf 87' lang='lat' dir='ltr'><strong>una</strong></span> 
     </span>
    </p>
   </div>
   <div class='ocr_carea' id='block_1_96' title="bbox 552 4709 2118 4788">
    <p class='ocr_par' dir='ltr' id='par_1_96' title="bbox 552 4709 2118 4788">
     <span class='ocr_line' id='line_1_96' title="bbox 552 4709 2118 4788; baseline 0.006 -25"><span class='ocrx_word' id='word_1_783' title='bbox 552 4709 698 4765; x_wconf 88' lang='lat' dir='ltr'><strong>tribu</strong></span> <span class='ocrx_word' id='word_1_784' title='bbox 739 4710 912 4781; x_wconf 87' lang='lat' dir='ltr'><strong>ipsius</strong></span> <span class='ocrx_word' id='word_1_785' title='bbox 949 4710 1089 4767; x_wconf 87' lang='lat' dir='ltr'><strong>Iuda</strong></span> <span class='ocrx_word' id='word_1_786' title='bbox 1121 4714 1345 4788; x_wconf 83' lang='lat' dir='ltr'><strong>profecti</strong></span> <span class='ocrx_word' id='word_1_787' title='bbox 1372 4756 1388 4781; x_wconf 94' lang='lat'><strong>,</strong></span> <span class='ocrx_word' id='word_1_788' title='bbox 1415 4717 1511 4773; x_wconf 88' lang='lat' dir='ltr'><strong>sed</strong></span> <span class='ocrx_word' id='word_1_789' title='bbox 1535 4733 1602 4773; x_wconf 77' lang='lat' dir='ltr'><strong>ex</strong></span> <span class='ocrx_word' id='word_1_790' title='bbox 1634 4718 1740 4773; x_wconf 89' lang='lat' dir='ltr'><strong>alia</strong></span> <span class='ocrx_word' id='word_1_791' title='bbox 1775 4718 1915 4774; x_wconf 89' lang='lat' dir='ltr'><strong>alius</strong></span> <span class='ocrx_word' id='word_1_792' title='bbox 1943 4733 2118 4788; x_wconf 87' lang='lat' dir='ltr'><strong>usque</strong></span> 
     </span>
    </p>
   </div>
   <div class='ocr_carea' id='block_1_97' title="bbox 551 4798 2116 4879">
    <p class='ocr_par' dir='ltr' id='par_1_97' title="bbox 551 4798 2116 4879">
     <span class='ocr_line' id='line_1_97' title="bbox 551 4798 2116 4879; baseline 0.006 -26"><span class='ocrx_word' id='word_1_793' title='bbox 551 4798 622 4855; x_wconf 91' lang='lat' dir='ltr'><strong>ad</strong></span> <span class='ocrx_word' id='word_1_794' title='bbox 642 4807 887 4871; x_wconf 87' lang='lat' dir='ltr'><strong>tempora</strong></span> <span class='ocrx_word' id='word_1_795' title='bbox 920 4801 1087 4858; x_wconf 87' lang='lat' dir='ltr'><strong>David</strong></span> <span class='ocrx_word' id='word_1_796' title='bbox 1108 4804 1133 4857; x_wconf 85' lang='lat'><strong>?</strong></span> <span class='ocrx_word' id='word_1_797' title='bbox 1154 4806 1301 4876; x_wconf 88' lang='lat' dir='ltr'><strong>quod</strong></span> <span class='ocrx_word' id='word_1_798' title='bbox 1329 4808 1375 4863; x_wconf 90' lang='lat' dir='ltr'><strong>si</strong></span> <span class='ocrx_word' id='word_1_799' title='bbox 1416 4817 1537 4879; x_wconf 89' lang='lat' dir='ltr'><strong>post</strong></span> <span class='ocrx_word' id='word_1_800' title='bbox 1558 4815 1670 4863; x_wconf 87' lang='lat' dir='ltr'><strong>tam</strong></span> <span class='ocrx_word' id='word_1_801' title='bbox 1704 4809 1906 4865; x_wconf 88' lang='lat' dir='ltr'><strong>multos</strong></span> <span class='ocrx_word' id='word_1_802' title='bbox 1930 4816 1983 4865; x_wconf 85' lang='lat' dir='ltr'><strong>et</strong></span> <span class='ocrx_word' id='word_1_803' title='bbox 2010 4808 2116 4863; x_wconf 88' lang='lat' dir='ltr'><strong>Da-</strong></span> 
     </span>
    </p>
   </div>
   <div class='ocr_carea' id='block_1_98' title="bbox 552 4889 2116 4971">
    <p class='ocr_par' dir='ltr' id='par_1_98' title="bbox 552 4889 2116 4971">
     <span class='ocr_line' id='line_1_98' title="bbox 552 4889 2116 4971; baseline 0.007 -27"><span class='ocrx_word' id='word_1_804' title='bbox 552 4889 666 4953; x_wconf 87' lang='lat' dir='ltr'><strong>vid,</strong></span> <span class='ocrx_word' id='word_1_805' title='bbox 694 4899 753 4946; x_wconf 84' lang='lat' dir='ltr'><strong>et</strong></span> <span class='ocrx_word' id='word_1_806' title='bbox 782 4891 876 4961; x_wconf 91' lang='lat' dir='ltr'><strong>qui</strong></span> <span class='ocrx_word' id='word_1_807' title='bbox 911 4892 1010 4963; x_wconf 92' lang='lat' dir='ltr'><strong>ipsi</strong></span> <span class='ocrx_word' id='word_1_808' title='bbox 1039 4892 1205 4950; x_wconf 83' lang='lat' dir='ltr'><strong>David</strong></span> <span class='ocrx_word' id='word_1_809' title='bbox 1230 4897 1285 4950; x_wconf 93' lang='lat' dir='ltr'><strong>in</strong></span> <span class='ocrx_word' id='word_1_810' title='bbox 1308 4912 1477 4968; x_wconf 83' lang='lat' dir='ltr'><strong>regno</strong></span> <span class='ocrx_word' id='word_1_811' title='bbox 1506 4899 1649 4970; x_wconf 90' lang='lat' dir='ltr'><strong>apud</strong></span> <span class='ocrx_word' id='word_1_812' title='bbox 1679 4898 1961 4955; x_wconf 82' lang='lat' dir='ltr'><strong>Iudaicam</strong></span> <span class='ocrx_word' id='word_1_813' title='bbox 1984 4915 2116 4971; x_wconf 80' lang='lat' dir='ltr'><strong>gen-</strong></span> 
     </span>
    </p>
   </div>
   <div class='ocr_carea' id='block_1_99' title="bbox 551 4986 2112 5056">
    <p class='ocr_par' dir='ltr' id='par_1_99' title="bbox 551 4986 2112 5056">
     <span class='ocr_line' id='line_1_99' title="bbox 551 4986 2112 5056; baseline 0.006 -21"><span class='ocrx_word' id='word_1_814' title='bbox 551 4990 659 5035; x_wconf 88' lang='lat' dir='ltr'><strong>tem</strong></span> <span class='ocrx_word' id='word_1_815' title='bbox 682 4994 1087 5053; x_wconf 82' lang='lat' dir='ltr'><strong>successerunt,</strong></span> <span class='ocrx_word' id='word_1_816' title='bbox 1100 4986 1167 5042; x_wconf 88' lang='lat' dir='ltr'><strong>de</strong></span> <span class='ocrx_word' id='word_1_817' title='bbox 1184 4989 1325 5042; x_wconf 86' lang='lat' dir='ltr'><strong>tribu</strong></span> <span class='ocrx_word' id='word_1_818' title='bbox 1352 4987 1490 5043; x_wconf 86' lang='lat' dir='ltr'><strong>Iuda</strong></span> <span class='ocrx_word' id='word_1_819' title='bbox 1516 4990 1627 5045; x_wconf 87' lang='lat' dir='ltr'><strong>nati</strong></span> <span class='ocrx_word' id='word_1_820' title='bbox 1656 4999 1804 5056; x_wconf 89' lang='lat' dir='ltr'><strong>sunt,</strong></span> <span class='ocrx_word' id='word_1_821' title='bbox 1834 4991 2112 5047; x_wconf 82' lang='lat' dir='ltr'><strong>sciendum</strong></span> 
     </span>
    </p>
   </div>
   <div class='ocr_carea' id='block_1_100' title="bbox 551 5064 2113 5154">
    <p class='ocr_par' dir='ltr' id='par_1_100' title="bbox 551 5064 2113 5154">
     <span class='ocr_line' id='line_1_100' title="bbox 551 5064 2113 5154; baseline 0.008 -28"><span class='ocrx_word' id='word_1_822' title='bbox 551 5079 731 5128; x_wconf 83' lang='lat' dir='ltr'><strong>tamen</strong></span> <span class='ocrx_word' id='word_1_823' title='bbox 759 5074 859 5129; x_wconf 88' lang='lat' dir='ltr'><strong>tibi</strong></span> <span class='ocrx_word' id='word_1_824' title='bbox 878 5083 983 5139; x_wconf 88' lang='lat' dir='ltr'><strong>est,</strong></span> <span class='ocrx_word' id='word_1_825' title='bbox 1018 5077 1164 5148; x_wconf 90' lang='lat' dir='ltr'><strong>quod</strong></span> <span class='ocrx_word' id='word_1_826' title='bbox 1201 5079 1256 5133; x_wconf 92' lang='lat' dir='ltr'><strong>hi</strong></span> <span class='ocrx_word' id='word_1_827' title='bbox 1298 5079 1402 5152; x_wconf 89' lang='lat' dir='ltr'><strong>ipsi</strong></span> <span class='ocrx_word' id='word_1_828' title='bbox 1428 5096 1497 5136; x_wconf 93' lang='lat' dir='ltr'><strong>ne</strong></span> <span class='ocrx_word' id='word_1_829' title='bbox 1525 5088 1669 5139; x_wconf 87' lang='lat' dir='ltr'><strong>totos</strong></span> <span class='ocrx_word' id='word_1_830' title='bbox 1697 5064 1918 5154; x_wconf 79' lang='lat' dir='ltr'><strong>quidem</strong></span> <span class='ocrx_word' id='word_1_831' title='bbox 1950 5084 2113 5153; x_wconf 89' lang='lat' dir='ltr'><strong>quin-</strong></span> 
     </span>
    </p>
   </div>
   <div class='ocr_carea' id='block_1_101' title="bbox 538 5156 2115 5244">
    <p class='ocr_par' dir='ltr' id='par_1_101' title="bbox 538 5156 2115 5244">
     <span class='ocr_line' id='line_1_101' title="bbox 538 5156 2115 5244; baseline 0.006 -27"><span class='ocrx_word' id='word_1_832' title='bbox 538 5156 741 5232; x_wconf 74' lang='lat' dir='ltr'><strong>gentos</strong></span> <span class='ocrx_word' id='word_1_833' title='bbox 770 5179 943 5223; x_wconf 90' lang='lat' dir='ltr'><strong>annos</strong></span> <span class='ocrx_word' id='word_1_834' title='bbox 974 5169 1141 5224; x_wconf 86' lang='lat' dir='ltr'><strong>totius</strong></span> <span class='ocrx_word' id='word_1_835' title='bbox 1170 5172 1345 5240; x_wconf 85' lang='lat' dir='ltr'><strong>gentis</strong></span> <span class='ocrx_word' id='word_1_836' title='bbox 1378 5187 1603 5244; x_wconf 79' lang='lat' dir='ltr'><strong>regnum</strong></span> <span class='ocrx_word' id='word_1_837' title='bbox 1658 5173 1905 5229; x_wconf 85' lang='lat' dir='ltr'><strong>obtinere</strong></span> <span class='ocrx_word' id='word_1_838' title='bbox 1926 5180 2115 5244; x_wconf 84' lang='lat' dir='ltr'><strong>potue-</strong></span> 
     </span>
    </p>
   </div>
   <div class='ocr_carea' id='block_1_102' title="bbox 550 5258 2114 5332">
    <p class='ocr_par' dir='ltr' id='par_1_102' title="bbox 550 5258 2114 5332">
     <span class='ocr_line' id='line_1_102' title="bbox 550 5258 2114 5332; baseline 0.007 -24"><span class='ocrx_word' id='word_1_839' title='bbox 550 5264 701 5319; x_wconf 84' lang='lat' dir='ltr'><strong>runt,</strong></span> <span class='ocrx_word' id='word_1_840' title='bbox 730 5258 825 5312; x_wconf 86' lang='lat' dir='ltr'><strong>sed</strong></span> <span class='ocrx_word' id='word_1_841' title='bbox 854 5258 1020 5314; x_wconf 86' lang='lat' dir='ltr'><strong>trium</strong></span> <span class='ocrx_word' id='word_1_842' title='bbox 1092 5258 1361 5317; x_wconf 81' lang='lat' dir='ltr'><strong>duntaxat</strong></span> <span class='ocrx_word' id='word_1_843' title='bbox 1409 5264 1683 5332; x_wconf 86' lang='lat' dir='ltr'><strong>tribuum,</strong></span> <span class='ocrx_word' id='word_1_844' title='bbox 1712 5279 1778 5318; x_wconf 90' lang='lat' dir='ltr'><strong>ac</strong></span> <span class='ocrx_word' id='word_1_845' title='bbox 1824 5280 1893 5319; x_wconf 89' lang='lat' dir='ltr'><strong>ne</strong></span> <span class='ocrx_word' id='word_1_846' title='bbox 1923 5264 2114 5319; x_wconf 88' lang='lat' dir='ltr'><strong>harum</strong></span> 
     </span>
    </p>
   </div>
   <div class='ocr_carea' id='block_1_103' title="bbox 549 5348 2114 5428">
    <p class='ocr_par' dir='ltr' id='par_1_103' title="bbox 549 5348 2114 5428">
     <span class='ocr_line' id='line_1_103' title="bbox 549 5348 2114 5428; baseline 0.008 -27"><span class='ocrx_word' id='word_1_847' title='bbox 549 5348 769 5417; x_wconf 84' lang='lat' dir='ltr'><strong>quidem</strong></span> <span class='ocrx_word' id='word_1_848' title='bbox 801 5351 1133 5417; x_wconf 81' lang='lat' dir='ltr'><strong>solldarum,</strong></span> <span class='ocrx_word' id='word_1_849' title='bbox 1162 5355 1363 5425; x_wconf 88' lang='lat' dir='ltr'><strong>quippe</strong></span> <span class='ocrx_word' id='word_1_850' title='bbox 1391 5368 1517 5410; x_wconf 88' lang='lat' dir='ltr'><strong>cum</strong></span> <span class='ocrx_word' id='word_1_851' title='bbox 1547 5356 1741 5412; x_wconf 81' lang='lat' dir='ltr'><strong>iisdem</strong></span> <span class='ocrx_word' id='word_1_852' title='bbox 1775 5357 2114 5428; x_wconf 85' lang='lat' dir='ltr'><strong>temporibus</strong></span> 
     </span>
    </p>
   </div>
   <div class='ocr_carea' id='block_1_104' title="bbox 550 5438 2114 5519">
    <p class='ocr_par' dir='ltr' id='par_1_104' title="bbox 550 5438 2114 5519">
     <span class='ocr_line' id='line_1_104' title="bbox 550 5438 2114 5519; baseline 0.01 -30"><span class='ocrx_word' id='word_1_853' title='bbox 550 5438 643 5490; x_wconf 79' lang='lat' dir='ltr'><strong>alii</strong></span> <span class='ocrx_word' id='word_1_854' title='bbox 683 5441 901 5508; x_wconf 85' lang='lat' dir='ltr'><strong>quidam</strong></span> <span class='ocrx_word' id='word_1_855' title='bbox 934 5443 988 5497; x_wconf 88' lang='lat' dir='ltr'><strong>in</strong></span> <span class='ocrx_word' id='word_1_856' title='bbox 1020 5457 1171 5513; x_wconf 81' lang='lat' dir='ltr'><strong>parte</strong></span> <span class='ocrx_word' id='word_1_857' title='bbox 1222 5448 1426 5519; x_wconf 39' lang='lat' dir='ltr'><strong>gentis‘</strong></span> <span class='ocrx_word' id='word_1_858' title='bbox 1456 5448 1740 5518; x_wconf 82' lang='lat' dir='ltr'><strong>ampliore,</strong></span> <span class='ocrx_word' id='word_1_859' title='bbox 1781 5457 1836 5505; x_wconf 91' lang='lat' dir='ltr'><strong>et</strong></span> <span class='ocrx_word' id='word_1_860' title='bbox 1876 5449 1933 5503; x_wconf 93' lang='lat' dir='ltr'><strong>in</strong></span> <span class='ocrx_word' id='word_1_861' title='bbox 1984 5450 2114 5504; x_wconf 84' lang='lat' dir='ltr'><strong>totis</strong></span> 
     </span>
    </p>
   </div>
   <div class='ocr_carea' id='block_1_105' title="bbox 552 5534 2112 5611">
    <p class='ocr_par' dir='ltr' id='par_1_105' title="bbox 552 5534 2112 5611">
     <span class='ocr_line' id='line_1_105' title="bbox 552 5534 2112 5611; baseline 0.008 -29"><span class='ocrx_word' id='word_1_862' title='bbox 552 5543 743 5582; x_wconf 77' lang='lat' dir='ltr'><strong>novem</strong></span> <span class='ocrx_word' id='word_1_863' title='bbox 802 5534 1051 5589; x_wconf 87' lang='lat' dir='ltr'><strong>tribubus</strong></span> <span class='ocrx_word' id='word_1_864' title='bbox 1101 5540 1487 5606; x_wconf 80' lang='lat' dir='ltr'><strong>regnaverint:</strong></span> <span class='ocrx_word' id='word_1_865' title='bbox 1531 5555 1656 5595; x_wconf 88' lang='lat' dir='ltr'><strong>nam</strong></span> <span class='ocrx_word' id='word_1_866' title='bbox 1702 5548 1825 5611; x_wconf 85' lang='lat' dir='ltr'><strong>post</strong></span> <span class='ocrx_word' id='word_1_867' title='bbox 1882 5549 2112 5595; x_wconf 86' lang='lat' dir='ltr'><strong>mortem</strong></span> 
     </span>
    </p>
   </div>
   <div class='ocr_carea' id='block_1_106' title="bbox 555 5619 2111 5702">
    <p class='ocr_par' dir='ltr' id='par_1_106' title="bbox 555 5619 2111 5702">
     <span class='ocr_line' id='line_1_106' title="bbox 555 5619 2111 5702; baseline 0.009 -30"><span class='ocrx_word' id='word_1_868' title='bbox 555 5619 879 5687; x_wconf 77' lang='lat' dir='ltr'><strong>Salomonis,</strong></span> <span class='ocrx_word' id='word_1_869' title='bbox 906 5639 1027 5677; x_wconf 73' lang='lat' dir='ltr'><strong>cum</strong></span> <span class='ocrx_word' id='word_1_870' title='bbox 1060 5636 1169 5680; x_wconf 80' lang='lat' dir='ltr'><strong>tota</strong></span> <span class='ocrx_word' id='word_1_871' title='bbox 1198 5644 1333 5699; x_wconf 84' lang='lat' dir='ltr'><strong>gens</strong></span> <span class='ocrx_word' id='word_1_872' title='bbox 1356 5631 1422 5685; x_wconf 83' lang='lat' dir='ltr'><strong>ab</strong></span> <span class='ocrx_word' id='word_1_873' title='bbox 1449 5629 1589 5687; x_wconf 85' lang='lat' dir='ltr'><strong>Iuda</strong></span> <span class='ocrx_word' id='word_1_874' title='bbox 1622 5633 1795 5689; x_wconf 82' lang='lat' dir='ltr'><strong>divisa</strong></span> <span class='ocrx_word' id='word_1_875' title='bbox 1828 5633 2009 5695; x_wconf 78' lang='lat' dir='ltr'><strong>fuerit,</strong></span> <span class='ocrx_word' id='word_1_876' title='bbox 2032 5632 2111 5702; x_wconf 83' lang='lat' dir='ltr'><strong>ip-</strong></span> 
     </span>
    </p>
   </div>
   <div class='ocr_carea' id='block_1_107' title="bbox 2212 4420 3712 4512">
    <p class='ocr_par' dir='ltr' id='par_1_107' title="bbox 2212 4420 3712 4512">
     <span class='ocr_line' id='line_1_107' title="bbox 2212 4420 3712 4512; baseline -0.003 -19"><span class='ocrx_word' id='word_1_877' title='bbox 2212 4439 2336 4504; x_wconf 84' lang='grc' dir='ltr'>ΙΙῶς</span> <span class='ocrx_word' id='word_1_878' title='bbox 2364 4435 2455 4493; x_wconf 86' lang='grc' dir='ltr'><strong>οὖν</strong></span> <span class='ocrx_word' id='word_1_879' title='bbox 2496 4439 2578 4501; x_wconf 84' lang='grc' dir='ltr'>τὸ,</span> <span class='ocrx_word' id='word_1_880' title='bbox 2613 4457 2633 4491; x_wconf 76' lang='grc' dir='ltr'><strong>ι</strong></span> <span class='ocrx_word' id='word_1_881' title='bbox 2665 4440 2779 4493; x_wconf 77' lang='grc' dir='ltr'><strong>Οὐκ</strong></span> <span class='ocrx_word' id='word_1_882' title='bbox 2821 4439 3062 4511; x_wconf 75' lang='grc' dir='ltr'>ἐκλείψει</span> <span class='ocrx_word' id='word_1_883' title='bbox 3102 4441 3285 4512; x_wconf 80' lang='grc' dir='ltr'>ἅρχων</span> <span class='ocrx_word' id='word_1_884' title='bbox 3322 4436 3382 4503; x_wconf 81' lang='grc' dir='ltr'>ἐξ</span> <span class='ocrx_word' id='word_1_885' title='bbox 3429 4431 3593 4491; x_wconf 73' lang='grc' dir='ltr'>Ἰούδαν</span> <span class='ocrx_word' id='word_1_886' title='bbox 3624 4420 3712 4478; x_wconf 58' lang='grc' dir='ltr'><strong>οὐδὲ</strong></span> 
     </span>
    </p>
   </div>
   <div class='ocr_carea' id='block_1_108' title="bbox 2209 4514 3708 4604">
    <p class='ocr_par' dir='ltr' id='par_1_108' title="bbox 2209 4514 3708 4604">
     <span class='ocr_line' id='line_1_108' title="bbox 2209 4514 3708 4604; baseline 0.001 -20"><span class='ocrx_word' id='word_1_887' title='bbox 2209 4530 2508 4604; x_wconf 74' lang='grc' dir='ltr'>ἡγούμενος</span> <span class='ocrx_word' id='word_1_888' title='bbox 2530 4532 2596 4584; x_wconf 83' lang='grc' dir='ltr'><strong>ἐκ</strong></span> <span class='ocrx_word' id='word_1_889' title='bbox 2620 4530 2727 4585; x_wconf 82' lang='grc' dir='ltr'><strong>τῶν</strong></span> <span class='ocrx_word' id='word_1_890' title='bbox 2758 4529 2948 4603; x_wconf 84' lang='grc' dir='ltr'>μηρῶν</span> <span class='ocrx_word' id='word_1_891' title='bbox 2971 4531 3136 4585; x_wconf 84' lang='grc' dir='ltr'><strong>αὐτοῦ</strong></span> <span class='ocrx_word' id='word_1_892' title='bbox 3165 4532 3261 4603; x_wconf 82' lang='grc' dir='ltr'>(ὡς</span> <span class='ocrx_word' id='word_1_893' title='bbox 3287 4529 3351 4584; x_wconf 72' lang='grc' dir='ltr'>ἂν</span> <span class='ocrx_word' id='word_1_894' title='bbox 3377 4514 3708 4594; x_wconf 52' lang='grc' dir='ltr'>τιςὲοίηθείηλθ</span> 
     </span>
    </p>
   </div>
   <div class='ocr_carea' id='block_1_109' title="bbox 2212 4607 3706 4695">
    <p class='ocr_par' dir='ltr' id='par_1_109' title="bbox 2212 4607 3706 4695">
     <span class='ocr_line' id='line_1_109' title="bbox 2212 4607 3706 4695; baseline -0.009 -18"><span class='ocrx_word' id='word_1_895' title='bbox 2212 4624 2305 4677; x_wconf 69' lang='grc' dir='ltr'>ἐπὶ</span> <span class='ocrx_word' id='word_1_896' title='bbox 2333 4624 2459 4688; x_wconf 83' lang='grc' dir='ltr'>τοὺς</span> <span class='ocrx_word' id='word_1_897' title='bbox 2496 4623 2561 4677; x_wconf 80' lang='grc' dir='ltr'><strong>ἐκ</strong></span> <span class='ocrx_word' id='word_1_898' title='bbox 2590 4622 2761 4694; x_wconf 84' lang='grc' dir='ltr'>φυλῆς</span> <span class='ocrx_word' id='word_1_899' title='bbox 2805 4621 2972 4680; x_wconf 80' lang='grc' dir='ltr'>Ἰούδα</span> <span class='ocrx_word' id='word_1_900' title='bbox 3008 4623 3272 4695; x_wconf 76' lang='grc' dir='ltr'>ἄρχοντας</span> <span class='ocrx_word' id='word_1_901' title='bbox 3300 4620 3392 4674; x_wconf 83' lang='grc' dir='ltr'>καὶ</span> <span class='ocrx_word' id='word_1_902' title='bbox 3431 4607 3706 4695; x_wconf 50' lang='grc' dir='ltr'>ἡγουμένους</span> 
     </span>
    </p>
   </div>
   <div class='ocr_carea' id='block_1_110' title="bbox 2212 4694 3709 4785">
    <p class='ocr_par' dir='ltr' id='par_1_110' title="bbox 2212 4694 3709 4785">
     <span class='ocr_line' id='line_1_110' title="bbox 2212 4694 3709 4785; baseline -0.005 -18"><span class='ocrx_word' id='word_1_903' title='bbox 2212 4713 2647 4785; x_wconf 82' lang='grc' dir='ltr'>ἁνενεχθήσεται,</span> <span class='ocrx_word' id='word_1_904' title='bbox 2684 4714 2773 4768; x_wconf 81' lang='grc' dir='ltr'>ὅτε</span> <span class='ocrx_word' id='word_1_905' title='bbox 2808 4694 3086 4784; x_wconf 84' lang='grc' dir='ltr'>φαίνονται</span> <span class='ocrx_word' id='word_1_906' title='bbox 3130 4713 3239 4768; x_wconf 75' lang='grc' dir='ltr'><strong>ἀπὸ</strong></span> <span class='ocrx_word' id='word_1_907' title='bbox 3286 4710 3394 4765; x_wconf 84' lang='grc' dir='ltr'><strong>τῶν</strong></span> <span class='ocrx_word' id='word_1_908' title='bbox 3421 4704 3601 4778; x_wconf 81' lang='grc' dir='ltr'>χρόνων</span> <span class='ocrx_word' id='word_1_909' title='bbox 3636 4694 3709 4759; x_wconf 66' lang='grc' dir='ltr'>τῆς</span> 
     </span>
    </p>
   </div>
   <div class='ocr_carea' id='block_1_111' title="bbox 2211 4785 3710 4887">
    <p class='ocr_par' dir='ltr' id='par_1_111' title="bbox 2211 4785 3710 4887">
     <span class='ocr_line' id='line_1_111' title="bbox 2211 4785 3710 4887; baseline 0.009 -28"><span class='ocrx_word' id='word_1_910' title='bbox 2211 4806 2305 4860; x_wconf 84' lang='grc' dir='ltr'>τοῦ</span> <span class='ocrx_word' id='word_1_911' title='bbox 2347 4805 2541 4860; x_wconf 78' lang='grc' dir='ltr'>Ἰακὼϐ</span> <span class='ocrx_word' id='word_1_912' title='bbox 2573 4806 2829 4878; x_wconf 83' lang='grc' dir='ltr'>τελευτῆς</span> <span class='ocrx_word' id='word_1_913' title='bbox 2853 4807 2994 4872; x_wconf 82' lang='grc' dir='ltr'>ὅλοις</span> <span class='ocrx_word' id='word_1_914' title='bbox 3022 4806 3199 4861; x_wconf 77' lang='grc' dir='ltr'>ἐτεσιν</span> <span class='ocrx_word' id='word_1_915' title='bbox 3234 4803 3398 4875; x_wconf 76' lang='grc' dir='ltr'>ἐγγύς</span> <span class='ocrx_word' id='word_1_916' title='bbox 3434 4813 3527 4851; x_wconf 76' lang='grc' dir='ltr'><strong>που</strong></span> <span class='ocrx_word' id='word_1_917' title='bbox 3564 4785 3710 4887; x_wconf 40' lang='grc' dir='ltr'><strong>κίλξῗξ</strong></span> 
     </span>
    </p>
   </div>
   <div class='ocr_carea' id='block_1_112' title="bbox 2212 4878 3695 4970">
    <p class='ocr_par' dir='ltr' id='par_1_112' title="bbox 2212 4878 3695 4970">
     <span class='ocr_line' id='line_1_112' title="bbox 2212 4878 3695 4970; baseline 0.01 -19"><span class='ocrx_word' id='word_1_918' title='bbox 2212 4899 2312 4951; x_wconf 88' lang='grc' dir='ltr'>οὐκ</span> <span class='ocrx_word' id='word_1_919' title='bbox 2357 4900 2420 4952; x_wconf 85' lang='grc' dir='ltr'><strong>ἐκ</strong></span> <span class='ocrx_word' id='word_1_920' title='bbox 2464 4897 2629 4969; x_wconf 87' lang='grc' dir='ltr'>μόνης</span> <span class='ocrx_word' id='word_1_921' title='bbox 2672 4898 2772 4970; x_wconf 85' lang='grc' dir='ltr'><strong>τῆς</strong></span> <span class='ocrx_word' id='word_1_922' title='bbox 2815 4898 2986 4953; x_wconf 85' lang='grc' dir='ltr'>Ἰούδα</span> <span class='ocrx_word' id='word_1_923' title='bbox 3027 4898 3200 4969; x_wconf 83' lang='grc' dir='ltr'>φυλῆς</span> <span class='ocrx_word' id='word_1_924' title='bbox 3249 4889 3595 4969; x_wconf 63' lang='grc' dir='ltr'><strong>προαχθέντες·</strong></span> 
     </span>
    </p>
   </div>
   <div class='ocr_carea' id='block_1_113' title="bbox 2212 4963 3707 5061">
    <p class='ocr_par' dir='ltr' id='par_1_113' title="bbox 2212 4963 3707 5061">
     <span class='ocr_line' id='line_1_113' title="bbox 2212 4963 3707 5061; baseline 0.01 -18"><span class='ocrx_word' id='word_1_925' title='bbox 2212 4988 2399 5043; x_wconf 81' lang='grc' dir='ltr'>ἄλλοτε</span> <span class='ocrx_word' id='word_1_926' title='bbox 2432 4963 2491 5053; x_wconf 64' lang='grc' dir='ltr'>ἐξ</span> <span class='ocrx_word' id='word_1_927' title='bbox 2522 4963 2915 5061; x_wconf 35' lang='grc' dir='ltr'>ἄλληςίμέχρι</span> <span class='ocrx_word' id='word_1_928' title='bbox 2960 4963 3067 5045; x_wconf 78' lang='grc' dir='ltr'><strong>τῶν</strong></span> <span class='ocrx_word' id='word_1_929' title='bbox 3113 4963 3304 5045; x_wconf 28' lang='grc' dir='ltr'><strong>Δαϐὶδν</strong></span> <span class='ocrx_word' id='word_1_930' title='bbox 3329 4983 3546 5056; x_wconf 68' lang='grc' dir='ltr'><strong>χρόνωνῑ</strong></span> <span class='ocrx_word' id='word_1_931' title='bbox 3583 4970 3643 5061; x_wconf 57' lang='grc' dir='ltr'><strong>Εἰ,</strong></span> <span class='ocrx_word' id='word_1_932' title='bbox 3665 4963 3707 5015; x_wconf 57' lang='grc' dir='ltr'><strong>δὲ</strong></span> 
     </span>
    </p>
   </div>
   <div class='ocr_carea' id='block_1_114' title="bbox 2215 5058 3704 5153">
    <p class='ocr_par' dir='ltr' id='par_1_114' title="bbox 2215 5058 3704 5153">
     <span class='ocr_line' id='line_1_114' title="bbox 2215 5058 3704 5153; baseline 0.006 -21"><span class='ocrx_word' id='word_1_933' title='bbox 2215 5080 2353 5151; x_wconf 84' lang='grc' dir='ltr'>μετὰ</span> <span class='ocrx_word' id='word_1_934' title='bbox 2373 5080 2494 5144; x_wconf 78' lang='grc' dir='ltr'>τοὺς</span> <span class='ocrx_word' id='word_1_935' title='bbox 2523 5058 2807 5143; x_wconf 82' lang='grc' dir='ltr'>τοσούτους</span> <span class='ocrx_word' id='word_1_936' title='bbox 2826 5058 3046 5135; x_wconf 72' lang='grc' dir='ltr'>Δαϐὶδ</span> <span class='ocrx_word' id='word_1_937' title='bbox 3066 5082 3199 5137; x_wconf 77' lang='grc' dir='ltr'>οἵτε</span> <span class='ocrx_word' id='word_1_938' title='bbox 3228 5081 3290 5136; x_wconf 65' lang='grc' dir='ltr'><strong>ἐκ</strong></span> <span class='ocrx_word' id='word_1_939' title='bbox 3315 5075 3411 5144; x_wconf 80' lang='grc' dir='ltr'><strong>τῆς</strong></span> <span class='ocrx_word' id='word_1_940' title='bbox 3441 5069 3604 5139; x_wconf 61' lang='lat' dir='ltr'><strong>rem</strong></span> 
     </span>
    </p>
   </div>
   <div class='ocr_carea' id='block_1_115' title="bbox 2211 5145 3702 5242">
    <p class='ocr_par' dir='ltr' id='par_1_115' title="bbox 2211 5145 3702 5242">
     <span class='ocr_line' id='line_1_115' title="bbox 2211 5145 3702 5242; baseline -0.025 3"><span class='ocrx_word' id='word_1_941' title='bbox 2211 5145 2369 5242; x_wconf 64' lang='grc' dir='ltr'>δοχῆς</span> <span class='ocrx_word' id='word_1_942' title='bbox 2399 5169 2810 5241; x_wconf 78' lang='grc' dir='ltr'>βασιλεύσαντες</span> <span class='ocrx_word' id='word_1_943' title='bbox 2840 5171 2932 5225; x_wconf 82' lang='grc' dir='ltr'>τοῦ</span> <span class='ocrx_word' id='word_1_944' title='bbox 2974 5172 3237 5227; x_wconf 72' lang='grc' dir='ltr'>Ἰουδαίων</span> <span class='ocrx_word' id='word_1_945' title='bbox 3274 5167 3451 5225; x_wconf 74' lang='grc' dir='ltr'>εθνους</span> <span class='ocrx_word' id='word_1_946' title='bbox 3481 5159 3538 5211; x_wconf 77' lang='grc' dir='ltr'><strong>ἐκ</strong></span> <span class='ocrx_word' id='word_1_947' title='bbox 3572 5145 3702 5242; x_wconf 41' lang='grc' dir='ltr'>φυλῆς</span> 
     </span>
    </p>
   </div>
   <div class='ocr_carea' id='block_1_116' title="bbox 2213 5237 3700 5335">
    <p class='ocr_par' dir='ltr' id='par_1_116' title="bbox 2213 5237 3700 5335">
     <span class='ocr_line' id='line_1_116' title="bbox 2213 5237 3700 5335; baseline -0.007 -20"><span class='ocrx_word' id='word_1_948' title='bbox 2213 5237 2496 5334; x_wconf 43' lang='grc' dir='ltr'>γεῆύνασιν</span> <span class='ocrx_word' id='word_1_949' title='bbox 2537 5262 2725 5327; x_wconf 86' lang='grc' dir='ltr'>Ἰούδα,</span> <span class='ocrx_word' id='word_1_950' title='bbox 2752 5262 2887 5317; x_wconf 79' lang='grc' dir='ltr'>ἀλλὰ</span> <span class='ocrx_word' id='word_1_951' title='bbox 2923 5264 3026 5335; x_wconf 82' lang='grc' dir='ltr'><strong>χρή</strong></span> <span class='ocrx_word' id='word_1_952' title='bbox 3060 5280 3120 5317; x_wconf 88' lang='grc' dir='ltr'><strong>σε</strong></span> <span class='ocrx_word' id='word_1_953' title='bbox 3150 5260 3339 5316; x_wconf 77' lang='grc' dir='ltr'>ειδέναι</span> <span class='ocrx_word' id='word_1_954' title='bbox 3360 5257 3437 5308; x_wconf 85' lang='grc' dir='ltr'>ὅτι</span> 
     </span>
    </p>
   </div>
   <div class='ocr_carea' id='block_1_117' title="bbox 2215 5326 3698 5427">
    <p class='ocr_par' dir='ltr' id='par_1_117' title="bbox 2215 5326 3698 5427">
     <span class='ocr_line' id='line_1_117' title="bbox 2215 5326 3698 5427; baseline -0.013 -18"><span class='ocrx_word' id='word_1_955' title='bbox 2215 5354 2589 5418; x_wconf 82' lang='grc' dir='ltr'>πεντακοσίοις</span> <span class='ocrx_word' id='word_1_956' title='bbox 2610 5353 2754 5408; x_wconf 75' lang='grc' dir='ltr'>ἔτεσι</span> <span class='ocrx_word' id='word_1_957' title='bbox 2776 5356 3066 5427; x_wconf 82' lang='grc' dir='ltr'>διήρκεσαν</span> <span class='ocrx_word' id='word_1_958' title='bbox 3093 5347 3255 5416; x_wconf 74' lang='grc' dir='ltr'>οὗτοι,</span> <span class='ocrx_word' id='word_1_959' title='bbox 3276 5349 3334 5403; x_wconf 75' lang='grc' dir='ltr'>οὐ</span> <span class='ocrx_word' id='word_1_960' title='bbox 3362 5326 3698 5427; x_wconf 82' lang='grc' dir='ltr'>παντὸς</span> 
     </span>
    </p>
   </div>
   <div class='ocr_carea' id='block_1_118' title="bbox 2216 5405 3697 5517">
    <p class='ocr_par' dir='ltr' id='par_1_118' title="bbox 2216 5405 3697 5517">
     <span class='ocr_line' id='line_1_118' title="bbox 2216 5405 3697 5517; baseline 0.001 -19"><span class='ocrx_word' id='word_1_961' title='bbox 2216 5405 3055 5517; x_wconf 36' lang='lat' dir='ltr'><strong>asseasse;&quot;an;</strong></span> <span class='ocrx_word' id='word_1_962' title='bbox 3074 5405 3253 5515; x_wconf 44' lang='lat' dir='ltr'><strong>aliis;</strong></span> <span class='ocrx_word' id='word_1_963' title='bbox 3288 5433 3458 5507; x_wconf 73' lang='grc' dir='ltr'><strong>τριῶν¹</strong></span> <span class='ocrx_word' id='word_1_964' title='bbox 3498 5419 3578 5475; x_wconf 65' lang='grc' dir='ltr'><strong>καί</strong></span> <span class='ocrx_word' id='word_1_965' title='bbox 3607 5405 3697 5517; x_wconf 54' lang='lat' dir='ltr'><strong>“ff</strong></span> 
     </span>
    </p>
   </div>
   <div class='ocr_carea' id='block_1_119' title="bbox 2213 5512 3696 5608">
    <p class='ocr_par' dir='ltr' id='par_1_119' title="bbox 2213 5512 3696 5608">
     <span class='ocr_line' id='line_1_119' title="bbox 2213 5512 3696 5608; baseline 0.005 -18"><span class='ocrx_word' id='word_1_966' title='bbox 2213 5538 2347 5590; x_wconf 78' lang='grc' dir='ltr'>ὅλων</span> <span class='ocrx_word' id='word_1_967' title='bbox 2372 5536 2601 5590; x_wconf 79' lang='grc' dir='ltr'>τούτων·</span> <span class='ocrx_word' id='word_1_968' title='bbox 2644 5535 2766 5589; x_wconf 84' lang='grc' dir='ltr'>καθ’</span> <span class='ocrx_word' id='word_1_969' title='bbox 2809 5535 2903 5598; x_wconf 83' lang='grc' dir='ltr'>οὓς</span> <span class='ocrx_word' id='word_1_970' title='bbox 2944 5534 3122 5608; x_wconf 73' lang='grc' dir='ltr'>ἕτεροί</span> <span class='ocrx_word' id='word_1_971' title='bbox 3171 5546 3304 5591; x_wconf 74' lang='grc' dir='ltr'>τινες</span> <span class='ocrx_word' id='word_1_972' title='bbox 3342 5520 3602 5608; x_wconf 48' lang='grc' dir='ltr'><strong>ὲτύῖκανοῖ</strong></span> <span class='ocrx_word' id='word_1_973' title='bbox 3626 5512 3696 5608; x_wconf 47' lang='lat'><strong>:39</strong></span> 
     </span>
    </p>
   </div>
   <div class='ocr_carea' id='block_1_120' title="bbox 2214 5597 3697 5697">
    <p class='ocr_par' dir='ltr' id='par_1_120' title="bbox 2214 5597 3697 5697">
     <span class='ocr_line' id='line_1_120' title="bbox 2214 5597 3697 5697; baseline -0.005 -15"><span class='ocrx_word' id='word_1_974' title='bbox 2214 5630 2455 5692; x_wconf 60' lang='grc' dir='ltr'>’πλείονος</span> <span class='ocrx_word' id='word_1_975' title='bbox 2484 5627 2687 5693; x_wconf 72' lang='grc' dir='ltr'>ἔθνους,</span> <span class='ocrx_word' id='word_1_976' title='bbox 2718 5630 2811 5683; x_wconf 76' lang='grc' dir='ltr'>καὶ</span> <span class='ocrx_word' id='word_1_977' title='bbox 2835 5629 2966 5683; x_wconf 75' lang='grc' dir='ltr'>ὅλων</span> <span class='ocrx_word' id='word_1_978' title='bbox 2996 5645 3058 5697; x_wconf 71' lang='grc' dir='ltr'>γε</span> <span class='ocrx_word' id='word_1_979' title='bbox 3092 5628 3241 5683; x_wconf 75' lang='grc' dir='ltr'>ἐννέα</span> <span class='ocrx_word' id='word_1_980' title='bbox 3269 5615 3432 5691; x_wconf 73' lang='grc' dir='ltr'>φυλῶν</span> <span class='ocrx_word' id='word_1_981' title='bbox 3466 5608 3549 5675; x_wconf 62' lang='grc' dir='ltr'><strong>τὴν</strong></span> <span class='ocrx_word' id='word_1_982' title='bbox 3575 5597 3697 5667; x_wconf 49' lang='lat' dir='ltr'><strong>par”.</strong></span> 
     </span>
    </p>
   </div>
  </div>
