3922 6200
266 248 357 303 581

1100 244 1745 321 DEMONSTRATIONIS
1783 242 2236 304 EVANUELICAS
2273 249 2401 307 LIB.
2441 249 2571 306 Vill.

3376 260 3480 315 582

264 364 404 417 λείαν
430 364 731 427 διέποντες⁴
760 364 903 435 μετὰ
927 364 1034 434 γὰρ
1178 364 1268 417 τοῦ
1301 364 1607 434 Σολομῶνος
1630 365 1800 417 τελευ-

1884 414 1888 421 .
1918 365 2033 420 sius
2057 364 2221 420 David
2253 368 2805 433 successoresttium,
2841 378 2898 423 ut
2924 371 3190 438 dicebam,
3210 372 3477 440 tribuum,

259 460 353 527 τὴν
397 455 757 524 διαιρεθέντος
803 456 895 509 τοῦ
945 457 1144 519 παντὸς
1184 456 1366 520 ἔθνους
1389 458 1445 523 ἐξ
1488 458 1674 522 Ἰούδα,
1720 458 1815 511 τού

259 548 418 603 Δαϐὶῗ
450 549 675 617 διάδοχοι
715 549 900 619 τριῶν,
936 550 1011 612 ὡς
1043 549 1195 621 ἔφην,
1230 551 1335 604 οὐδ’
1358 551 1490 604 ὅλων
1522 551 1698 620 φυλῶν
1726 553 1817 606 ἐπὶ

258 639 356 709 τῆς
393 639 745 711 Ἰερουσαλὴμ
766 640 1072 692 ἐϐασίλευον
1104 641 1261 712 μέχρι
1286 641 1384 711 τῆς
1414 645 1493 705 είς
1525 643 1815 697 Βαϐυλῶνα

257 732 644 802 αἰχμαλωσίας.
678 733 809 784 Κατ’
834 734 1027 796 αὐτοὺς
1053 733 1107 785 δὲ
1134 734 1222 786 ἐπὶ
1244 733 1449 796 τούτοις
1474 735 1564 787 ἐπὶ
1589 735 1687 805 τῆς
1709 737 1813 787 Σα-

258 821 485 891 μαρείας
516 819 659 873 οὕτω
685 822 1018 892 καλουμένης
1048 823 1271 887 πόλεως,
1300 824 1405 875 τῶν
1444 824 1598 877 ἐννέα
1635 825 1811 893 φυλῶν

254 912 540 983 ἡγούμενοι
571 914 670 967 ούκ
698 914 755 980 ἐξ
798 915 984 976 Ἰούδα,
1014 914 1126 968 ἀλλ’
1160 916 1218 979 ἐξ
1259 916 1457 988 ἑτέρων
1483 917 1660 985 φυλῶν
1697 918 1812 970 ’ἐτε-

254 1019 336 1070 ροι
370 1002 695 1066 διετέλεσαν,
740 996 813 1057 ὧν
855 1004 1068 1074 πρῶτος
1111 1000 1179 1076 ἦν
1212 1007 1489 1076 Ἰεροϐοὰμ
1526 1008 1589 1059 ὲκ
1638 1009 1809 1077 φυλῆς

263 1091 516 1163 Ἐφραὶμ,
562 1095 654 1146 καὶ
685 1095 734 1147 οἱ
774 1094 1005 1164 καθεξῆς
1048 1098 1183 1165 μετά
1218 1097 1435 1150 τοῦτον
1487 1098 1561 1161 ὡς
1593 1099 1711 1169 μηδ’
1751 1102 1807 1152 ἐν

248 1187 358 1244 τοῖς
389 1186 586 1254 μεταξὺ
622 1187 828 1256 χρόνοις
870 1191 980 1250 τοῖς
1008 1188 1115 1241 ἀπὸ
1152 1189 1314 1242 Δαϐὶδ
1339 1191 1431 1243 ἐπὶ
1467 1190 1563 1261 τὴν
1592 1193 1670 1254 είς
1703 1192 1807 1245 Βα-

246 1274 454 1330 ϐυλῶνα
483 1280 856 1347 αἰχμαλωσίαν
892 1281 1017 1343 τοὺς
1043 1282 1105 1332 ὲκ
1133 1281 1302 1351 φυλῆς
1340 1282 1507 1336 Ἰούδα
1536 1282 1627 1335 τοῦ
1674 1302 1805 1337 παν-

242 1371 334 1434 τὸς
363 1371 544 1433 ἔθνους
582 1371 908 1440 ἡγήσασθαι.
956 1372 1019 1423 Τί
1053 1372 1132 1424 δεῖ
1172 1373 1366 1442 λέγειν,
1407 1376 1482 1432 ὡς
1529 1376 1662 1445 μετὰ
1707 1376 1803 1447 τὴν

248 1461 354 1514 ἀπὸ
386 1461 698 1524 Βαϐυλῶνος
733 1462 986 1515 ἐπάνοδον
1018 1459 1170 1527 αὖθις
1201 1466 1340 1536 ὑπὲρ
1376 1465 1441 1518 τὰ
1479 1469 1800 1523 πεντακόσια

242 1553 338 1622 ἐτη
378 1552 531 1624 μέχρι
562 1554 658 1623 τῆς
695 1552 790 1605 τοῦ
823 1553 1058 1624 Χριστοῦ
1086 1556 1348 1622 γενέσεως
1379 1556 1676 1612 διετέλεσαν
1705 1577 1800 1613 πο-

245 1645 420 1716 λιτεία
449 1645 712 1716 χρώμενοι
740 1646 1183 1719 ἀριστοκρατικῇ,
1216 1649 1324 1701 τῶν
1369 1652 1465 1719 μὲν
1498 1652 1633 1705 κατὰ
1666 1654 1794 1724 χρύ-

238 1751 364 1798 νους
393 1736 687 1805 ἀρχιερέων
726 1737 1041 1809 ἡγουμένων
1065 1738 1157 1791 τοῦ
1185 1737 1387 1805 ἔθνους,
1420 1740 1630 1806 οὐδενὸς
1654 1744 1710 1796 δὲ
1734 1746 1796 1797 ἐκ

241 1826 333 1896 τῆς
379 1826 470 1879 τοῦ
525 1827 693 1881 Ἰούδα
742 1828 953 1900 φυλῆς;
994 1830 1132 1883 ὥστε
1182 1832 1240 1899 ἐξ
1287 1834 1537 1889 ἁπάντων
1595 1836 1794 1891 τούτων

239 1919 615 1987 παρίστασθαι,
669 1922 740 1991 μὴ
774 1924 864 1975 ἐπὶ
896 1923 986 1975 τὸν
1015 1925 1229 1995 πρῶτον
1269 1928 1470 1980 ἐκεῖνον
1507 1929 1672 2002 ἄνδρα
1704 1932 1794 1985 τὸν

249 2011 462 2074 Ἰούδαν,
494 2012 623 2083 μηδὲ
658 2014 747 2065 ἐπὶ
776 2015 902 2077 τοὺς
944 2016 1214 2087 διαδόχους
1246 2020 1405 2072 αὐτοῦ
1433 2018 1793 2093 ἀναφέρεσθαι

231 2100 292 2153 τὺ
324 2102 529 2170 φάσκον
560 2103 765 2171 λόγιον*
807 2124 826 2155 ι
871 2106 983 2159 Οὐκ
1015 2108 1250 2177 ἐκλείψει
1279 2111 1458 2181 ἄρχων
1504 2112 1562 2176 ἐξ
1606 2114 1789 2177 Ἰούδα,

230 2192 348 2245 ούδέ
375 2193 673 2264 ἡγούμενος
698 2198 762 2248 ἐκ
790 2196 895 2249 τῶν
927 2199 1113 2269 μηρῶν
1154 2201 1316 2253 αὐτοῦ
1335 2221 1347 2233 ·
1381 2223 1398 2253 ι
1451 2204 1623 2272 μόνως
1653 2205 1697 2258 δ’
1728 2206 1792 2259 ἂν

234 2288 459 2357 συσταίη
490 2288 555 2339 τὰ
585 2290 724 2343 κατὰ
755 2290 845 2343 τὸν
874 2292 1053 2353 τόπον,
1085 2294 1131 2345 εί
1157 2293 1294 2346 κατὰ
1320 2295 1385 2349 τὰ
1410 2296 1638 2367 πρόσθεν
1660 2301 1790 2369 ⁴ἡμῖν

230 2378 613 2449 ἀποδεδομένα,
641 2382 767 2451 περὶ
792 2383 889 2452 τῆς
914 2383 1084 2452 φυλῆς
1111 2385 1324 2457 ἀπάσης
1346 2386 1593 2455 λέγεσθαι
1620 2389 1789 2443 ταῦτα

225 2471 537 2540 νοήσαιμεν.
570 2470 716 2541 Αὕτη
746 2473 872 2542 γοῦν
905 2475 1163 2545 ἀρχῆθεν,
1208 2475 1265 2541 ἐξ
1297 2478 1473 2531 αὐτῶν
1504 2479 1612 2532 τῶν
1651 2482 1789 2535 κατά

226 2562 465 2615 Μωύσέα
492 2564 715 2633 χρόνων,
740 2565 833 2618 τοῦ
864 2566 1061 2630 παντὸς
1103 2567 1286 2632 ἔθνους
1325 2570 1566 2640 ἡγήσατο
1588 2587 1602 2603 ο
1650 2573 1787 2627 κατὰ

221 2655 356 2721 γοῦν
383 2655 482 2726 τὴν
506 2656 705 2725 ταύτης
740 2658 1109 2729 ἐπικράτειαν,
1142 2659 1217 2722 ὡς
1256 2660 1321 2713 ἂν
1363 2662 1598 2732 ἀρχῆθεν
1636 2664 1786 2733 ἠγεῖ-

221 2746 348 2801 σθαι
367 2748 881 2819 προκεχειρισμένης
908 2749 1011 2802 ὑπὸ
1034 2749 1125 2802 τοῦ
1149 2750 1302 2815 Θεοῦ,
1340 2753 1564 2807 Ἰουδαία
1593 2772 1649 2807 τε
1678 2758 1787 2808 είσ-

223 2839 304 2892 έτι
369 2839 464 2892 νῦν
492 2840 598 2892 ἀπὸ
629 2842 726 2911 τῆς
754 2840 924 2911 φυλῆς
944 2841 978 2911 ἦ
1009 2858 1070 2909 γε
1110 2841 1260 2914 χώρα
1296 2844 1668 2917 ἐπικέκληται,
1691 2848 1785 2900 καὶ

218 2928 282 2981 τὸ
318 2930 426 2981 πᾶν
470 2928 643 2982 αὐτῶν
691 2928 943 2999 σύστημα
994 2930 1258 2984 Ἰουδαίων
1302 2932 1781 3003 προσαγορεύεται.

216 3019 380 3072 (ἤτω
407 3020 581 3072 τοίνυν
612 3022 903 3091 νοήσαιμεν
924 3010 991 3074 ’τὸ
1014 3021 1320 3092 λεγόμενον,
1354 3024 1428 3085 ὡς
1452 3026 1498 3076 εἰ
1528 3024 1784 3091 σαφέστε-

224 3130 314 3183 ρον
360 3112 568 3179 ἔλεγεν⁴
606 3114 719 3165 Ούκ
750 3114 986 3181 ἐκλείψει
1026 3114 1120 3167 τοῦ
1156 3115 1350 3178 παντὸς
1394 3115 1577 3178 ἔθνους
1618 3119 1782 3188 ἡγου-

220 3205 361 3273 μένη
386 3206 417 3273 ἡ
439 3203 530 3255 τοῦ
548 3205 714 3257 Ἰούδα
737 3204 895 3276 φυλή.
916 3207 973 3258 '0
991 3205 1120 3274 γοῦν
1143 3206 1455 3277 Σύμμαχος,
1481 3226 1499 3258 ι
1538 3209 1596 3261 ού
1627 3226 1781 3279 περι-

212 3294 581 3367 αιρεθήσεται,
615 3298 815 3368 φησιν,
848 3297 1057 3361 ἐξουσία
1089 3298 1194 3352 ἀπὸ
1250 3297 1435 3362 Ἰούδα,
1466 3319 1483 3350 ι
1533 3299 1593 3353 τὸ
1629 3299 1779 3366 ἐξου-

212 3387 494 3440 σιαστικὸν
517 3388 686 3458 δήπου
721 3389 812 3442 καὶ
837 3388 1060 3461 ἀρχικὸν
1088 3390 1300 3460 ἀξίωμα
1326 3391 1424 3460 τῆς
1453 3391 1587 3461 μετὰ
1609 3391 1778 3445 ταῦτα

210 3481 526 3551 ὑποστάσης
552 3480 643 3532 τοῦ
683 3481 846 3534 Ἰούδα
887 3482 1058 3552 φυλῆς
1088 3483 1374 3554 παριστὰς.
1407 3483 1619 3555 Ταύτης
1648 3485 1777 3553 γοῦν

207 3570 335 3623 οὔτε
375 3571 434 3624 τὺ
463 3571 753 3643 σκῆπτρον,
784 3571 858 3634 ὡς
886 3573 915 3624 ὀ
953 3572 1181 3637 Ἀκύλας
1205 3574 1335 3643 φησὶ
1383 3574 1698 3646 (βασιλικῆς
1722 3575 1776 3629 δὲ

211 3664 374 3716 τοῦτο
410 3662 671 3733 σύμϐολον
711 3659 778 3733 ἦν
803 3663 1018 3735 ἀρχῆς),
1048 3664 1169 3718 οὔτε
1208 3666 1304 3735 τὴν
1338 3666 1601 3733 ἐξουσίαν,
1637 3669 1776 3721 κατά

1919 472 1983 511 ac
2012 474 2078 511 ne
2107 459 2295 511 harum
2329 460 2547 528 quidem
2595 462 2887 515 solidarum
2921 464 2970 515 in
2993 463 3291 520 Jerusalem
3324 482 3478 538 reges

1918 545 2134 600 fuerunt
2163 563 2334 615 usque
2363 547 2427 601 ad
2450 547 2829 618 Babylonicam
2853 552 3084 608 cladem.
3122 552 3317 610 Iisdem
3346 573 3477 614 vero

1916 638 2250 707 temporibus
2296 639 2351 692 in
2383 638 2600 692 civitate
2646 655 2765 707 qua:
2820 650 3047 695 vocatur
3074 642 3341 709 Samaria,
3374 667 3475 702 no-

1913 742 2030 780 vem
2057 728 2293 781 tribuum
2329 728 2496 782 duces
2520 745 2626 782 non
2668 729 2734 784 de
2757 732 2899 785 tribu
2932 731 3091 796 Juda,
3127 737 3220 789 sed
3252 752 3314 790 ex
3350 740 3474 795 aliis

1912 818 2001 871 alii
2034 820 2362 873 exstiterunt
2399 839 2411 873 :
2446 836 2674 890 quorum
2700 822 2905 891 primus
2951 823 3233 880 Jerohoam
3260 828 3379 891 fuit,
3404 829 3474 886 de

1909 912 2054 964 tribu
2089 910 2345 981 Ephrem,
2378 928 2441 966 ac
2471 913 2725 982 deinceps
2752 915 2843 981 qui
2881 916 3023 970 hunc
3088 921 3259 973 secuti
3318 932 3467 986 sunt,

1909 1009 1967 1052 ut
1994 1017 2063 1055 ne
2085 1003 2276 1059 mediis
2323 1002 2542 1072 quidem
2578 1005 2911 1072 temporibus
2935 1022 2963 1058 a
2998 1006 3164 1063 David
3201 1027 3371 1081 usque
3400 1014 3467 1067 ad

1908 1101 2121 1161 tempus
2153 1109 2260 1163 quo
2292 1093 2344 1147 in
2387 1092 2713 1163 Babylonem
2743 1096 2941 1163 captivi
2995 1096 3143 1153 ducti
3188 1113 3337 1164 sunt,
3372 1103 3465 1156 ulli

1906 1183 1973 1237 de
2002 1185 2143 1237 tribu
2171 1185 2309 1239 Juda
2332 1187 2603 1239 universae
2623 1185 2765 1254 genti
2801 1187 3133 1253 przei'uerint.
3171 1192 3341 1246 Porro
3361 1208 3464 1246 au-

1904 1282 2012 1328 tem
2036 1277 2165 1344 quid
2199 1279 2485 1334 dicendum
2524 1288 2629 1346 est,
2668 1284 3117 1352 quemadmodum
3172 1292 3293 1353 post
3326 1285 3465 1340 redi.

1903 1373 2016 1420 tum
2045 1367 2111 1421 de
2159 1367 2427 1439 Babylone
2471 1386 2662 1426 rursus
2698 1374 3009 1444 quingentis
3040 1375 3199 1429 annis
3228 1375 3463 1444 amplius

1902 1473 2073 1527 usque
2102 1459 2167 1513 ad
2192 1460 2396 1517 Christi
2444 1470 2620 1517 ortum
2656 1466 2887 1518 vixerint
2926 1483 2992 1520 eo
3027 1473 3170 1521 statu
3222 1465 3459 1519 civitatis

1901 1556 2132 1615 utentes,
2166 1551 2357 1621 inquo
2403 1554 2505 1608 soli
2554 1556 2843 1625 optimates
2894 1572 3004 1611 rem
3044 1557 3462 1612 administrave-

1900 1642 2034 1704 rint,
2092 1644 2435 1711 pontilicibus
2467 1647 2650 1716 utique
2700 1648 2796 1701 toti
2844 1651 2989 1719 genti
3041 1649 3454 1718 imperantibus,

1826 1726 1867 1781 Β
1897 1748 2125 1803 quorum
2154 1736 2336 1791 nullus
2368 1738 2525 1807 plane
2560 1740 2627 1794 de
2672 1741 2815 1794 tribu
2876 1739 3016 1795 Juda
3042 1741 3365 1795 oriebatur?
3398 1748 3457 1793 ut

1890 1824 2001 1892 jam
2034 1840 2099 1880 ex
2124 1825 2209 1880 his
2230 1828 2485 1883 omnibus
2513 1831 2746 1900 perspici
2777 1833 2968 1901 possit,
2997 1847 3104 1885 non
3131 1831 3196 1884 ad
3221 1832 3454 1900 primum

1894 1914 2044 1969 illum
2076 1914 2293 1980 Judam,
2348 1933 2523 1988 neque
2557 1920 2622 1973 ad
2651 1920 2797 1977 illius
2837 1938 3183 1978 successores
3214 1922 3456 1977 referen-

1892 2008 2019 2061 dum
2039 2024 2159 2064 esse
2178 2012 2455 2065 oraculum
2483 2012 2634 2079 illud,
2652 2013 2838 2070 dicens
2860 2034 2870 2068 :
2896 2032 2913 2063 ι
2939 2029 3046 2068 non
3073 2014 3283 2069 deﬁciet
3300 2014 3454 2083 prin-

1892 2116 2019 2170 ceps
2046 2101 2111 2155 de
2134 2099 2291 2166 Juda,
2324 2120 2498 2173 neque
2532 2104 2639 2159 dux
2670 2106 2737 2161 de
2785 2105 3081 2161 femoribus
3112 2109 3231 2175 ejus
3252 2145 3267 2169 ,
3299 2124 3319 2157 ι
3359 2106 3453 2161 sed

1890 2205 1953 2245 ea
1980 2206 2101 2261 qua:
2121 2192 2186 2244 ad
2210 2193 2541 2247 bunelocum
2566 2196 2858 2263 pertinent,
2876 2210 2984 2248 uno
3011 2195 3451 2251 duntaxatmodo

1890 2292 2141 2340 constare
2167 2301 2346 2354 posse,
2389 2286 2434 2341 si
2465 2286 2762 2342 secundum
2804 2304 2866 2342 ea
2900 2304 3020 2358 quae
3048 2288 3200 2358 prius
3233 2303 3263 2341 a
3292 2289 3451 2344 nobis

1889 2376 1955 2432 de
1985 2385 2095 2431 tota
2135 2378 2277 2433 tribu
2310 2380 2552 2448 exposita
2586 2388 2755 2445 sunt,
2814 2380 2927 2434 haec
2959 2381 3072 2450 ipsa
3107 2380 3449 2451 intelligenda

1887 2483 2009 2523 esse
2037 2470 2352 2526 dixerimus.
2402 2470 2527 2527 Haec
2576 2472 2720 2527 enim
2776 2472 2953 2527 tribus
3002 2472 3071 2527 ab
3116 2472 3272 2525 initio
3298 2472 3449 2527 etab

1887 2560 2058 2629 ipsius
2087 2576 2257 2630 usque
2287 2561 2451 2616 Mosis
2477 2562 2814 2633 temporibus
2851 2564 3118 2617 universae
3139 2567 3314 2633 gentis
3336 2563 3450 2617 dux

1887 2650 1989 2705 fuit
2022 2670 2035 2705 :
2071 2652 2252 2721 itaque
2289 2653 2587 2707 secundum
2624 2654 2788 2721 hujus
2828 2654 3214 2723 principatum,
3263 2663 3449 2725 utpote

1885 2758 2045 2813 quam
2081 2743 2221 2799 Deus
2251 2744 2462 2800 caeteris
2488 2745 2555 2797 ab
2582 2744 2735 2798 initio
2760 2743 3081 2814 praefecerit,
3115 2752 3168 2799 et
3198 2746 3315 2814 ipsa
3358 2760 3448 2799 re-

1884 2836 1973 2905 gio
1993 2835 2314 2889 etiamnunc
2345 2836 2414 2890 ab
2441 2852 2503 2891 ea
2538 2835 2655 2906 ipsa
2687 2837 2856 2899 tribu,
2889 2834 3088 2889 Judmae
3111 2835 3444 2890 vocabulum

1883 2926 2113 2990 obtinet,
2141 2934 2196 2980 et
2223 2926 2399 2981 omnis
2430 2926 2642 2980 illorum
2681 2935 2979 2981 conventus
3007 2925 3318 2980 Iudaeorum
3348 2941 3445 2995 ap-

1883 3018 2131 3086 pellatur.
2164 3015 2253 3071 Sic
2282 3017 2444 3087 igitur
2495 3018 2861 3088 intelligamus
2898 3018 3041 3087 quod
3085 3018 3290 3072 dictum
3335 3028 3440 3080 est.

1883 3115 2140 3176 tanquam
2196 3108 2241 3161 si
2292 3108 2636 3164 manifestius
2672 3109 2915 3173 dixisset,
2950 3126 3058 3164 non
3097 3109 3308 3164 desinet
3341 3110 3443 3164 toti

1881 3197 2023 3266 genti
2046 3212 2276 3265 prmesse
2293 3197 2469 3252 tribus
2483 3196 2643 3262 Juda,
2665 3199 2827 3269 372
2842 3215 2906 3253 ex
2929 3215 3037 3269 quo
3057 3197 3438 3269 Symmachus,

1885 3306 1903 3339 ι
1940 3285 2058 3340 Non
2111 3286 2406 3351 auferetur,
2454 3290 2648 3358 inquit,
2704 3298 2946 3359 poteStas
2989 3289 3055 3343 de
3088 3288 3245 3351 Juda,
3280 3308 3303 3340 ι
3356 3290 3440 3343 sic

1878 3380 2065 3448 utique
2088 3379 2229 3447 juris
2255 3378 2534 3447 cujusdam
2558 3381 2855 3450 amplioris,
2886 3392 2937 3436 et
2971 3382 3307 3451 principatus
3336 3396 3437 3433 au-

1878 3472 2181 3526 ctoritatem
2223 3472 2341 3541 ejus
2383 3487 2501 3541 quae
2532 3480 2720 3542 postea
2750 3476 2932 3527 futura
2960 3482 3103 3529 esset
3136 3473 3310 3528 tribus
3337 3472 3435 3526 Ju-

1876 3562 1964 3625 da,
2006 3563 2162 3617 nobis
2214 3562 2615 3633 intelligendam
2671 3579 2997 3635 proponens.
3059 3564 3232 3633 llujus
3288 3566 3433 3619 enim

1875 3671 2048 3725 neque
2071 3664 2364 3725 sceptrum,
2400 3655 2666 3726 utAquila
2698 3655 2873 3726 inquit
2899 3658 3051 3728 (regii
3081 3673 3241 3727 porro
3282 3659 3435 3726 prin-

204 3754 299 3809 τὸν
340 3754 651 3825 Σύμμαχον,
687 3757 1193 3829 περιαιρεθήσεσθαι
1219 3757 1478 3823 θεσπίζει,
1517 3781 1534 3811 ι
1577 3759 1678 3823 ἕως
1709 3759 1773 3812 ἂν

1884 3750 2084 3819 cipatus
2116 3751 2328 3821 signum
2362 3750 2464 3805 hoc
2496 3751 2694 3821 erat),
2750 3764 2924 3818 neque
2974 3757 3292 3818 potestatem
3324 3789 3338 3810 ,
3374 3757 3434 3801 ut

206 3845 358 3915 ἔλθῃ,
401 3847 584 3915 φησὶν,
624 3839 668 3913 ᾧ
700 3846 1003 3910 ἀπόκειται,
1037 3866 1054 3897 ι
1092 3849 1185 3900 καὶ
1229 3849 1390 3901 αὐτὸν
1420 3849 1634 3903 ἔσεσθαι
1665 3850 1770 3903 τῶν

1884 3841 2251 3913 Symmachus,
2294 3844 2563 3898 sublatum
2599 3844 2665 3898 iri
2694 3843 3042 3905 vaticinatur,
3084 3860 3101 3891 (
3136 3841 3309 3895 donec
3339 3855 3433 3894 ve-

202 3937 375 3989 ἐθνῶν
409 3938 752 4007 προσδοκίαν.
801 3937 964 3991 Ποίαν
998 3938 1199 4008 ταύτην
1246 3940 1566 4010 προσδοκίαν
1601 3941 1633 4011 ἢ
1673 3940 1770 4011 τὴν

1884 3936 2007 3998 aiat,
2037 3936 2234 4005 inquit,
2259 3938 2344 3990 cui
2375 3937 2670 4005 repositum
2701 3941 2809 3995 est,
2841 3951 2860 3983 ι
2912 3942 3071 4000 atque
3105 3930 3279 3999 ipsum
3318 3928 3432 3983 fore

203 4029 372 4082 πάλαι
420 4028 500 4097 τῷ
537 4027 784 4099 Ἀϐραὰμ
817 4031 909 4084 καὶ
952 4033 1063 4093 τοῖς
1097 4032 1213 4101 μετ’
1240 4030 1407 4084 αὑτὸν
1438 4035 1769 4107 προπάτορσι

1884 4029 2324 4098 ικερεοιιιιίοηρηι
2350 4027 2606 4096 gentium.
2640 4025 2742 4080 Sed
2774 4038 2933 4094 quam
2966 4022 3182 4076 tandem
3206 4035 3433 4091 exspecv-

202 4118 744 4189 κεχρηματισμένηνς
772 4119 990 4190 Πρῶτον
1022 4120 1120 4190 μὲν
1148 4116 1237 4173 οὖν
1272 4120 1567 4191 θαυμάζειν
1599 4123 1764 4190 ἄξιον,

1884 4119 2151 4182 .ationem,
2180 4117 2285 4170 nisi
2332 4116 2398 4170 de
2429 4131 2536 4185 qua
2564 4115 2693 4169 olim
2735 4124 2788 4168 et
2827 4112 2929 4183 ipsi
2962 4111 3257 4175 Abraham,
3281 4122 3333 4165 et
3360 4110 3431 4165 iis

196 4211 370 4273 ὅπως,
402 4209 607 4263 δώδεκα
632 4211 807 4264 οὐσῶν
841 4211 947 4264 τῶν
987 4216 1115 4285 παρ’
1158 4214 1424 4285 Ἑϐραίοις
1467 4215 1668 4285 φυλῶν,
1706 4217 1766 4283 ἐξ

1884 4207 1960 4276 [ui
1992 4207 2261 4260 Abraham
2295 4207 2466 4261 secuti
2500 4214 2627 4260 sunt
2672 4204 2937 4275 patribus,
2970 4204 3187 4257 oracula
3218 4202 3428 4257 reddita

190 4301 457 4370 οὐδεμιᾶς
484 4299 647 4369 ἄλλης
675 4301 707 4371 ῆ
737 4302 843 4354 ἀπὸ
875 4302 1039 4373 μόνης
1068 4303 1163 4373 τῆς
1198 4302 1365 4357 Ἰούδα
1395 4308 1427 4376 ἡ
1458 4304 1550 4357 τοῦ
1584 4306 1765 4369 ἔθνους

1884 4298 2018 4351 sunt?
2041 4296 2283 4351 Primum
2313 4298 2475 4368 igitur
2502 4297 2756 4351 admirari
2772 4310 2950 4366 opera:
2972 4295 3205 4364 pretium
3240 4294 3426 4359 fuerit,

191 4390 365 4443 εἰσέτι
391 4389 486 4442 νύν
512 4390 896 4460 ἀναγορεύεται
927 4393 1292 4462 προσηγορίαν
1324 4395 1384 4445 ού
1418 4396 1483 4447 δι’
1516 4394 1697 4465 ἕτερον
1727 4397 1759 4466 ἢ
1795 4422 1800 4472 γ

1884 4389 1992 4459 [uid
2027 4390 2119 4452 ita,
2149 4404 2271 4443 cum
2301 4389 2584 4444 duodecim
2611 4388 2956 4443 Hebraeorum
2977 4387 3152 4441 tribus
3175 4396 3426 4449 essent,a

186 4481 283 4534 διὰ
316 4482 376 4533 τὸ
408 4481 508 4549 τῆς
540 4481 866 4551 προφητείας
898 4480 1093 4549 λόγιον,
1124 4485 1188 4553 τῇ
1218 4482 1312 4535 τοῦ
1350 4483 1516 4536 Ἰούδα
1538 4484 1675 4555 φυλῇ
1706 4486 1764 4538 τὸ

186 4572 423 4644 ἀρχικὸν
478 4572 744 4643 περιάψαν
789 4573 1021 4643 ἀξίωμα.
1070 4573 1228 4626 Ἀλλὰ
1275 4573 1367 4627 καὶ
1410 4574 1508 4646 τὴν
1539 4576 1762 4646 πάτριον

188 4664 377 4716 αὐτῶν
409 4662 590 4734 χώραν
634 4663 889 4716 Ἰουδαίαν
933 4663 1018 4717 διὰ
1051 4663 1146 4734 τὴν
1172 4664 1338 4734 αὐτὴν
1376 4666 1762 4721 ἀποκαλεῖσθαι

186 4756 481 4826 συμϐαίνει
514 4756 707 4810 αἰτίαν.
763 4757 913 4809 Ἐπεὶ
948 4755 1035 4810 διὰ
1083 4756 1133 4808 τί
1169 4756 1242 4827 μὴ
1276 4757 1382 4809 ἀπὸ
1419 4757 1512 4810 τοῦ
1546 4758 1760 4829 πρώτου

182 4849 305 4901 τῶν
328 4847 552 4911 δώδεκα,
587 4848 726 4915 λέγω
761 4848 817 4901 δὲ
849 4847 957 4900 ἀπὸ
994 4847 1086 4900 τοῦ
1121 4848 1361 4918 Ῥουϐὶμ,
1393 4848 1452 4900 τὸ
1486 4849 1633 4912 ἔθνος
1662 4851 1760 4903 αύ-

181 4939 303 4993 τῶν
348 4941 712 5011 ἑχρημάτισε;
748 4941 938 4993 Καίτοι
978 4941 1130 5012 παρὰ
1176 4941 1253 5012 τῷ
1301 4941 1429 5011 θείῳ
1473 4943 1620 5012 νόμῳ
1652 4941 1759 4995 τῶν

182 5032 550 5102 πρωτοτόκων
575 5032 981 5102 τετιμημένων;
1008 5032 1107 5085 Διά
1138 5032 1189 5083 τί
1216 5032 1271 5085 δὲ
1305 5034 1378 5103 μὴ
1408 5034 1514 5086 ἀπὸ
1538 5033 1635 5103 τῆς
1662 5033 1756 5086 τού

177 5120 344 5185 Aeni,
377 5122 511 5193 ὁμοῦ
540 5124 632 5176 καὶ
660 5124 736 5194 τῷ
763 5123 937 5193 χρόνῳ
969 5124 1061 5178 καὶ
1088 5124 1165 5194 τῷ
1206 5125 1302 5194 τῆς
1348 5126 1641 5196 ἱερωσύνης
1678 5143 1757 5178 τι-

181 5212 407 5283 μήματι
433 5214 521 5266 τὸν
550 5214 745 5267 Ἰούδαν
778 5215 1211 5284 παρεξαγοντος;
1240 5216 1303 5267 Τί
1327 5216 1383 5269 δὲ
1406 5216 1525 5286 οὐχὶ
1559 5217 1754 5287 μᾶλλον

171 5303 302 5356 ἀπὸ
328 5303 420 5356 τοῦ
455 5304 646 5375 Ἰωσὴφ
673 5306 1005 5376 χρηματίσαι
1041 5306 1235 5376 συνέϐη
1266 5307 1325 5359 τὸ
1352 5308 1457 5360 πᾶν
1488 5308 1636 5373 ἔθνος
1662 5310 1754 5363 καὶ

170 5396 289 5462 τὴν
319 5394 520 5467 χώραν,
551 5397 638 5450 διὰ
670 5398 730 5449 τὸ
760 5398 856 5450 καὶ
905 5398 1067 5453 παλαι
1100 5400 1277 5470 πάσης
1315 5400 1376 5452 ού
1406 5400 1563 5470 μόνον
1590 5402 1754 5470 Αίγύ-

171 5502 345 5549 mou,
391 5486 524 5541 ἀλλὰ
568 5489 658 5542 καὶ
695 5487 804 5561 τῶν
852 5490 1065 5555 οἰκείων
1104 5490 1161 5543 τὸ
1194 5491 1393 5559 κράτος
1446 5492 1751 5562 ἀνάψασθαι

167 5576 393 5641 τοῦτον,
423 5579 548 5644 τούς
575 5598 629 5634 τε
663 5581 720 5647 ἐξ
752 5582 929 5636 αὐτῶν
961 5584 1280 5653 γενομένους
1329 5587 1560 5654 μακροῖς
1607 5584 1752 5638 ὓστε-

172 5686 280 5740 ρον
311 5671 525 5738 χρόνοις
551 5673 641 5735 ἐπὶ
671 5673 917 5727 πλεῖστον
945 5676 1065 5729 ὅσον
1092 5675 1226 5729 ὅλων
1256 5675 1409 5728 ἐννέα
1451 5675 1626 5745 φυλῶν
1658 5677 1747 5731 τού
1776 5743 1815 5749 __

1864 4482 2009 4536 nulla
2032 4483 2134 4535 alia
2155 4482 2260 4536 nisi
2285 4482 2352 4536 ab
2382 4497 2489 4535 una
2520 4482 2691 4550 ipsius
2721 4479 2881 4543 Juda,
2899 4479 3077 4549 gentis
3100 4478 3260 4532 etiam
3279 4492 3425 4532 nunc

1864 4573 2156 4643 appellatio
2183 4580 2493 4641 usurpetur.
2514 4572 2668 4638 Quod
2699 4586 2799 4641 ego
2815 4570 3032 4639 quidem
3066 4584 3171 4622 non
3197 4568 3263 4622 ob
3277 4567 3422 4621 aliud

1862 4665 2156 4735 contigisse
2180 4666 2435 4723 arbitror.
2472 4679 2631 4734 quam
2655 4665 2725 4717 ob
2755 4663 2929 4732 ipsius
2961 4662 3257 4733 prophetiae
3298 4675 3420 4715 ora-

1862 4757 2067 4818 culum,
2096 4756 2237 4825 quod
2271 4755 2361 4808 uni
2391 4756 2555 4810 tribui
2577 4752 2717 4808 Juda
2741 4754 3083 4823 principatus
3101 4752 3418 4822 dignitatem

1860 4849 2125 4904 attribuit.
2158 4846 2301 4913 Quin
2330 4848 2491 4901 etiam
2526 4847 2695 4915 patria
2743 4846 2983 4916 ipsorum
3035 4852 3200 4906 terra,
3233 4841 3420 4895 eadem

1859 4942 1926 4997 de
1951 4956 2115 4996 causa
2136 4939 2333 4993 Judzeze
2350 4938 2759 5009 appellationem
2795 4936 2985 4991 sortita
3017 4945 3119 4989 est.
3152 4933 3261 4989 Cur
3276 4933 3420 4986 enim

1859 5052 2043 5107 quaeso
2074 5051 2199 5090 cum
2225 5032 2509 5088 duodecim
2537 5032 2760 5096 fuerint,
2795 5046 2905 5085 non
2936 5031 3005 5084 ab
3024 5044 3210 5084 eorum
3244 5026 3419 5097 primo

1858 5125 2046 5181 Ruben
2078 5141 2211 5196 gens
2238 5123 2549 5178 eorumdem
2573 5122 2835 5192 appellata
2864 5128 2948 5173 est
2975 5120 2996 5171 ?
3020 5134 3142 5173 cum
3189 5130 3417 5185 praeser-

1859 5221 1955 5274 tim
1985 5225 2117 5272 natu
2139 5215 2356 5269 maximi
2383 5215 2686 5284 potioresin
2711 5214 2827 5282 lege
2842 5212 3027 5266 divina
3056 5205 3421 5264 haberentur?

1854 5310 1967 5366 Cur
1984 5325 2092 5363 non
2114 5309 2239 5364 item
2271 5306 2463 5371 aLevi,
2489 5307 2648 5376 quiet
2677 5314 2835 5360 aetate
2850 5311 2903 5359 et
2921 5318 3094 5359 sacra:
3120 5299 3418 5357 functionis

1856 5404 2063 5459 honore
2099 5401 2294 5457 Judam
2348 5399 2635 5454 anteibat?
2698 5397 2835 5451 Cum
2880 5411 3009 5449 vero
3068 5395 3168 5465 ipsi
3214 5392 3415 5462 Ioseph

1854 5495 2127 5566 quondam
2160 5509 2265 5548 non
2297 5491 2457 5547 modo
2503 5489 2721 5560 Egypti
2775 5490 3060 5551 universe,
3112 5485 3205 5542 sed
3250 5485 3414 5540 etiam

1855 5602 2075 5641 suorum
2105 5584 2387 5653 imperium
2423 5582 2698 5651 obtigerit,
2730 5596 2961 5651 cumque
2994 5581 3060 5633 ab
3088 5580 3176 5632 illo
3199 5576 3415 5632 oriunzli

1852 5678 2038 5733 multis
2060 5685 2181 5747 post
2228 5675 2442 5730 sacculis
2474 5674 2566 5728 diu
2592 5672 2906 5739 admodum,
2947 5673 3075 5729 totis
3092 5672 3210 5743 ejus
3242 5665 3418 5740 grntls
