3922 6200
539 203 644 260 585

1133 204 1400 260 EUSEBII
1437 202 1913 262 CESARIENSlS
1944 201 2092 259 OPP.
2134 199 2335 257 PARS.
2378 201 2441 256 ll.
2481 231 2552 244 —
2591 203 3076 262 Al‘OLO‘JETlCA.

3597 221 3677 276 588

540 299 1016 378 ηονοωίτίὴυὺυε
1051 315 1367 385 pmfuerint
1387 356 1402 378 ,
1427 332 1527 372 cur
1555 335 1663 373 non
1699 318 1768 372 ab
1791 331 1856 373 eo
1892 316 2114 388 potissi-

2222 313 2400 379 Ξθνους
2430 316 2756 387 ἡγήσασθαι,
2805 318 2872 370 δι’
2900 319 2993 382 οὓς
3035 321 3126 376 καὶ
3161 321 3341 392 μᾶλλον
3371 325 3489 390 εἰκός
3523 325 3579 401 ῆν
3602 336 3679 406 τὴν

541 423 688 474 tntum
724 414 836 461 tota
868 421 1021 476 gens,
1056 406 1280 475 ipsaque
1303 407 1452 478 regio
1472 424 1668 464 nomen
1695 410 1927 478 accepit,
1947 423 2117 477 quan-

544 499 832 572 doquidem
882 498 955 552 ob
991 513 1087 553 eos
1138 498 1318 568 ipsos,
1346 516 1485 570 quos
1519 502 1588 556 ab
1612 500 1815 572 Joseph
1849 501 2114 556 oriundos

540 589 971 658 diximus,longe
996 588 1280 644 honestius
1310 591 1753 662 probabiliusque
1782 600 1920 656 erat,
1946 603 2115 648 totam

539 691 756 754 gentem
815 689 1094 751 totamque
1148 684 1423 752 regionem
1457 700 1486 737 a
1519 686 1694 753 primo
1740 687 1832 740 illo
1866 687 2111 755 ipsorum

539 780 766 844 parente
822 773 1206 828 denominari?
1255 775 1494 846 Denique
1527 787 1724 846 przeter
1770 778 1869 832 hos
1926 793 2117 834 omnes

541 868 666 936 quis
719 879 830 920 non
860 865 1148 928 concedat,
1183 868 1374 921 merito
1405 868 1527 924 illos
1574 884 1604 922 a
1635 869 1918 938 Benjamin
1949 869 2118 926 fuisse

541 958 998 1020 denominandos,
1029 959 1188 1027 cujus
1216 960 1520 1029 posteritati
1552 976 1615 1016 ac
1644 961 1844 1025 tribui,
1877 963 2120 1018 celeber-

543 1049 679 1102 rima
708 1050 949 1118 ipsorum
979 1051 1171 1105 civitas
1195 1093 1208 1114 ,
1243 1067 1364 1121 qua:
1422 1067 1608 1123 regum
1657 1054 1800 1124 apud
1837 1054 1988 1124 ipsos
2018 1055 2116 1111 do-

541 1141 806 1195 miuiliutn
857 1141 993 1207 fuit,
1035 1150 1088 1197 et
1135 1143 1278 1212 quod
1338 1145 1392 1198 in
1447 1161 1510 1199 ea
1556 1147 1966 1201 sanctissimum
2023 1147 2115 1203 Dei

543 1234 804 1303 templum
834 1243 1077 1289 erectum
1109 1241 1214 1300 est,
1249 1237 1304 1290 in
1338 1247 1544 1292 sortem
1596 1239 1917 1293 concessit?
1965 1239 2117 1293 Atta-

544 1341 666 1379 men
703 1341 876 1382 neoue
913 1328 981 1381 ab
1013 1327 1205 1382 harum
1243 1327 1449 1396 aliqua,
1499 1345 1674 1400 neque
1698 1346 1729 1384 a
1754 1332 2113 1402 reliquarum,

544 1426 636 1472 seat
664 1427 731 1471 au
768 1435 878 1473 una
913 1419 1084 1490 ipsius
1111 1418 1252 1475 Juda
1287 1423 1432 1476 tribu
1455 1423 1620 1480 totius
1651 1427 1828 1494 gentis
1850 1440 1914 1480 ac
1945 1428 2120 1497 regio-

545 1511 633 1565 nis
661 1513 950 1581 appellatio
976 1514 1138 1568 ducta
1156 1525 1259 1578 est,
1283 1514 1427 1568 sicut
1452 1516 1736 1585 prophetia
1771 1517 2114 1587 praedixerat.

548 1602 639 1657 Sic
669 1620 801 1659 sane
839 1606 971 1660 illud
1003 1625 1014 1660 :
1051 1624 1069 1656 ι
1109 1605 1226 1660 Non
1267 1607 1482 1662 deticiet
1515 1610 1770 1680 princeps
1801 1611 1869 1665 de
1901 1609 2062 1677 Juda,
2093 1629 2112 1665 ι

547 1785 815 1841 duntaxat
852 1789 1012 1842 modo
1045 1791 1249 1844 oraculi
1285 1790 1486 1846 veritas
1527 1791 1702 1845 locum
1739 1793 1921 1852 habet.
1947 1794 2115 1850 Nam-

547 1895 654 1950 que
677 1895 706 1932 a
730 1879 897 1935 Mosis
922 1897 1096 1950 usque
1131 1883 1493 1951 temporibus,
1528 1885 1788 1955 deinceps
1819 1903 1927 1941 non
1967 1887 2120 1944 defe-

548 1979 740 2026 cerunt
777 1974 1133 2041 particulares
1163 1973 1380 2042 quidem
1427 1975 1667 2044 ipsorum
1719 1977 1992 2048 principes
2024 1980 2117 2047 qui

548 2076 613 2116 ex
665 2061 921 2125 diversis,
957 2072 1014 2115 ut
1045 2061 1250 2116 dictum
1278 2072 1383 2127 est,
1421 2065 1694 2128 tribubus,
1719 2069 1866 2137 genti
1894 2070 2120 2138 przel‘ue-

548 2154 678 2217 rint,
711 2155 870 2226 373
909 2156 964 2210 in
993 2157 1310 2212 universum
1366 2167 1541 2213 autem
1578 2159 1907 2216 tribusJuda
1934 2201 1950 2227 ,
1999 2177 2118 2233 quae

548 2251 715 2304 totius
737 2251 914 2320 gentis
965 2251 1330 2322 principatum
1356 2254 1615 2309 tenuerit.
1645 2253 1905 2326 Exemplo
1935 2263 2116 2312 autem

548 2342 603 2397 id
629 2344 774 2414 quod
827 2351 958 2398 tunc
988 2344 1194 2399 dictum
1236 2353 1340 2406 est,
1368 2348 1462 2401 tibi
1494 2348 1741 2417 apertius
1770 2349 2020 2419 liquebit.
2049 2348 2119 2405 Ut

548 2436 694 2490 enim
736 2435 790 2490 in
828 2435 1072 2491 Romano
1114 2439 1340 2506 imperio
1365 2439 1700 2508 singularum
1730 2441 1968 2510 gentium
1993 2457 2119 2510 pro-

549 2539 854 2591 curatores,
907 2536 960 2582 et
1005 2529 1264 2598 praesides
1297 2540 1666 2600 praetoresque
1713 2540 1767 2586 et
1811 2541 2118 2587 castrorum

550 2619 813 2689 praefecti,
857 2627 910 2674 et
948 2622 1042 2690 qui
1092 2637 1283 2676 omnes
1315 2624 1580 2692 dignitate
1627 2632 1906 2691 anteeunt,
1939 2641 2115 2696 reges,

549 2723 660 2764 non
686 2709 908 2763 omnino
937 2725 1127 2765 omnes
1154 2711 1220 2765 de
1251 2711 1365 2780 ipsa
1393 2712 1634 2766 Romana
1668 2714 1800 2769 urbe
1827 2716 2119 2784 capiuntur

551 2816 727 2871 neque
749 2801 816 2856 de
842 2801 994 2855 ltemi
1024 2803 1138 2857 sive
1163 2802 1376 2858 Romuli
1405 2821 1621 2874 genere,
1651 2806 1745 2861 sed
1773 2823 1836 2863 ex
1868 2809 2120 2866 innume-

550 2894 837 2959 rabilibus,
869 2895 1009 2950 alius
1056 2895 1296 2961 aliunde,
1339 2898 1675 2962 nationibus,
1709 2915 1898 2956 omnes
1941 2909 2119 2957 tamen

553 2994 608 3041 et
639 3001 792 3057 reges
831 2994 885 3042 et
916 2989 1006 3058 qui
1052 2996 1174 3058 post
1213 2989 1360 3058 ipsos
1403 2990 1645 3045 secundo
1671 2993 1791 3047 loco
1816 2993 2114 3065 principes,

2217 405 2310 458 τοῦ
2353 407 2694 478 προπάτορος
2744 409 3052 480 ἐπωνυμίαν
3097 412 3156 464 τὸ
3206 415 3304 466 πᾶν
3345 414 3468 480 ἔθνος
3505 423 3578 474 καὶ
3605 427 3683 493 τὴν

2218 497 2400 568 χώραν
2453 500 2896 572 ἐπιγράψασθαις
2952 503 3044 566 Τίς
3082 503 3123 556 δ’
3178 505 3272 557 οὐκ
3322 505 3379 559 ἂν
3426 509 3683 583 ὁμολογήσαι

2218 590 2365 658 παρὰ
2407 589 2626 654 τούτους
2661 592 2904 656 ἅπαντας
2937 593 3167 663 εὐλόγως
3202 594 3262 648 ἂν
3290 597 3346 649 ἐκ
3382 597 3460 651 τοῦ
3487 601 3686 674 Βενιαμῇ

2215 675 2314 746 τὴν
2347 678 2661 749 ἐπωνυμίαν
2693 682 2886 744 αὐτοὺς
2931 681 3130 747 λαϐεῖν,
3161 685 3427 758 ἐπειδήπερ
3450 693 3502 759 τῇ
3540 692 3685 748 τούτου

2217 769 2354 841 φυλῇ
2387 772 2418 841 ἠ
2449 773 2769 844 περιϐόητος
2793 774 2971 828 αὐτῶν
3002 775 3240 848 βασιλικὴ
3281 781 3578 850 μητρόπολις,
3599 786 3621 838 ὀ
3642 804 3686 839 τε

2217 858 2310 910 ἐπὶ
2357 860 2558 932 ταύτης
2600 862 2896 930 ἁγιώτατος
2947 864 3040 919 τοῦ
3084 865 3213 920 Θεοῦ
3247 868 3369 932 νεὼς
3405 873 3686 944 κεκλήρωτος

2231 951 2365 1004 Ἀλλ’
2393 953 2540 1024 ὅμως
2572 955 2679 1007 οὐδ’
2722 956 2786 1008 ἐκ
2820 955 3044 1018 τούτων,
3077 959 3182 1012 οὐδ’
3211 959 3265 1026 ἐξ
3307 961 3475 1034 ἐτέρας
3504 967 3534 1036 ἢ
3566 968 3686 1038 μόνης

2217 1042 2282 1094 ὲκ
2314 1041 2411 1112 τῆς
2459 1044 2625 1097 Ἰούδα
2668 1046 2837 1117 φυλῆς
2882 1051 2916 1117 ἡ
2957 1050 3053 1118 τῆς
3091 1047 3266 1121 χώρας
3305 1054 3388 1104 καὶ
3425 1053 3504 1107 τοῦ
3543 1059 3687 1121 παντο,

2217 1133 2401 1198 ἔθνους
2445 1139 2782 1209 προσηγορία
2824 1139 3079 1210 διέπρεψε
3112 1144 3175 1212 τῇ
3219 1145 3492 1216 προφητείᾳ
3519 1148 3688 1202 ἀκολού-

2218 1226 2343 1291 θως.
2368 1227 2522 1282 Οὕτω
2541 1230 2601 1298 γέ
2627 1248 2706 1284 τοι
2731 1232 2809 1295 τὸ,
2842 1251 2860 1282 ι
2885 1234 2997 1286 Οὐκ
3021 1234 3249 1305 ἐκλείψει
3270 1236 3431 1307 άρχων
3451 1239 3502 1303 ἐξ
3525 1241 3687 1304 ’1ούδα,ι

2217 1322 2310 1373 ἐπὶ
2342 1320 2439 1392 τὴν
2479 1322 2648 1394 φυλὴν
2685 1326 2813 1395 ημῖν
2841 1326 3206 1397 ἀνενήνεκται,
3251 1331 3338 1381 καὶ
3382 1329 3534 1394 μόνως
3566 1332 3690 1397 οὕτως

2218 1412 2430 1482 άληθῶς
2515 1416 2814 1487 πρόρρησις
2832 1415 3168 1473 ἀποδέδοται.
3185 1421 3308 1473 Ἀπὸ
3333 1421 3450 1489 γοῦν
3465 1421 3564 1475 θεῶν
3583 1425 3690 1479 Min-3-

2221 1504 2355 1569 σέως
2381 1506 2585 1577 χρόνων
2619 1507 2852 1578 καθεξῆς
2883 1511 2941 1563 ού
2971 1509 3205 1564 διέλιπον
3236 1516 3431 1584 μερικοὶ
3457 1515 3546 1585 μὲν
3565 1517 3692 1574 αὐτῶν

2217 1596 2493 1668 ἄρχοντες,
2515 1603 2579 1654 ἐκ
2619 1601 2909 1674 διαφόρων,
2930 1604 3004 1668 ὡς
3035 1605 3191 1677 ἐφην,
3223 1607 3386 1676 φυλῶν
3408 1610 3691 1679 ἡγησάμενοι,

547 1697 612 1749 ad
645 1696 817 1766 ipsam
863 1698 1063 1752 tribum
1090 1714 1121 1752 a
1150 1700 1309 1753 nobis
1355 1700 1586 1754 relatum
1632 1710 1738 1764 est,
1787 1710 1838 1757 et
1873 1705 1974 1758 hoc
2003 1719 2110 1758 uno

2222 1689 2442 1744 καθόλου
2468 1692 2522 1746 δέ
2551 1695 2583 1763 ἡ
2616 1693 2706 1748 τοῦ
2753 1696 2922 1750 Ἰούδα
2951 1698 3092 1769 φυλὴ
3124 1700 3310 1764 παντὸς
3338 1701 3612 1772 προεστῶσσ
3629 1698 3692 1757 τοῦ

2217 1783 2418 1849 ἔθνους.
2452 1787 2862 1860 Παραδείγματι
2893 1790 2948 1843 δὲ
2980 1791 3245 1865 καταδὲξη
3266 1793 3324 1846 τό
3341 1794 3604 1865 εἰρημένον.
3634 1796 3695 1858 Ὡς

2221 1875 2330 1946 γὰρ
2367 1876 2457 1930 ἐπὶ
2472 1877 2568 1947 τῆς
2611 1879 2893 1950 Ῥωμαίων
2925 1883 3098 1953 ἀρχῆς
3132 1887 3178 1936 οἱ
3208 1885 3300 1954 μὲν
3329 1885 3436 1938 κατ’
3465 1886 3591 1948 ἐθνος
3610 1887 3694 1939 ἐπὶ·

2215 1968 2404 2039 τροποί
2443 1987 2501 2022 τε
2535 1971 2628 2024 καὶ
2669 1973 2988 2043 ἡγούμενοι,
3020 1975 3248 2048 ἐπαρχοί
3273 1995 3328 2030 τε
3356 1980 3439 2031 κα)⁴
3468 1995 3694 2049 στρατοπε·

2215 2059 2407 2131 δάρχαι
2427 2100 2440 2123 ,
2475 2062 2529 2114 οῖ
2571 2079 2629 2116 τε
2666 2065 2876 2118 πάντων
2917 2067 3178 2122 ἀνωτάτω
3205 2068 3455 2138 βασιλεῖς,
3479 2070 3530 2122 ού
3552 2073 3694 2131 πάντες

2217 2155 2280 2206 ἐκ
2313 2154 2418 2207 τῶν
2471 2154 2752 2227 Ῥωμαίων
2798 2159 3068 2231 όρμῶνται
3116 2163 3351 2228 πόλεως,
3386 2163 3490 2216 οὐδε
3529 2165 3612 2216 ἀπὸ
3631 2162 3694 2217 τοῦ

2230 2244 2438 2316 Ῥώμου
2473 2249 2564 2301 καί¹
2601 2250 2877 2321 Ῥωμύλου
2908 2256 3135 2324 σπορᾶς,
3153 2255 3262 2309 ἀλλ’
3290 2257 3349 2310 ἐκ
3367 2258 3564 2328 μυρίων,
3586 2254 3694 2316 ἄλλος

2218 2337 2464 2404 ἄλλοθεν,
2498 2340 2684 2404 ἐθνῶν,
2719 2345 2866 2413 ὅμως
2891 2345 2948 2398 δὲ
2977 2349 3026 2399 οἱ
3060 2349 3260 2412 πάντες
3292 2349 3505 2418 βασιλεξ
3535 2366 3606 2412 τε,
3631 2349 3694 2401 καὶ

2218 2429 2264 2480 οἱ
2298 2428 2413 2498 μετ’
2440 2429 2633 2489 αὐτοὺς
2649 2431 2906 2504 ἄρχοντες
2934 2435 3027 2487 καὶ
3043 2437 3332 2507 ἡγούμενοι
3353 2438 3449 2490 τῶν
3481 2437 3695 2506 Ῥωμαίων

2219 2518 2610 2590 ἐπιγράφονται
2641 2525 3039 2596 προσηγορίαν,
3090 2528 3371 2600 Ῥωμαίων
3400 2547 3454 2584 τε
3480 2529 3532 2582 τὸ
3554 2530 3696 2598 κράτος

2220 2611 2618 2682 ἐπωνόμασται,
2653 2616 2748 2668 καὶ
2777 2617 2976 2689 ταύτης
3005 2618 3238 2691 ἐξῆπται
3261 2621 3357 2692 τῆς
3397 2620 3696 2690 ἐπωνυμίαςὴ

2219 2704 2336 2757 καθ’
2375 2704 2653 2778 Ἐϐραίους
2681 2711 2782 2781 χρὴ
2808 2713 2947 2764 νοεῖν
2983 2714 3318 2784 πραγμάτων
3341 2731 3354 2746 ·
3391 2715 3504 2784 μιᾶς
3533 2714 3607 2783 μὲν
3630 2729 3697 2764 κα-

2221 2790 2373 2844 θόλου
2410 2794 2506 2864 τῆς
2542 2795 2633 2848 τοῦ
2675 2797 2840 2852 Ἰούδα
2880 2798 3051 2870 φυλῆς
3080 2803 3223 2856 κατὰ
3255 2802 3343 2856 τοῦ
3373 2804 3547 2865 παντὸς
3569 2801 3698 2862 ἔθνους

2221 2884 2754 2960 ἐπιπεφημισμενης,
2788 2889 2894 2944 τῶν
2920 2891 2976 2944 δὲ
3008 2893 3153 2946 κατὰ
3197 2896 3357 2967 μέρος
3378 2893 3638 2966 ἡγουμένων
3659 2908 3699 2944 τι

2223 2976 2315 3028 καὶ
2344 2974 2604 3045 βασιλέων
2637 2979 2700 3031 ἐκ
2730 2978 2996 3052 διαφόρων
3025 2982 3700 3056 καθισταμένων,φυλῶν,κα-

555 3079 920 3149 praesidesque
971 3080 1240 3136 habentur
1273 3120 1288 3143 ,
1341 3078 1713 3136 Rounmnorum
1763 3064 2120 3155 appellatione

2222 3067 2373 3121 θόλου
2412 3069 2469 3122 δὲ
2494 3071 2559 3139 τῇ
2592 3070 2685 3124 τοῦ
2731 3070 2898 3124 Ἰούδα
2931 3075 3258 3145 τιμωμένων
3292 3076 3602 3148 προσηγορίᾳ.
3632 3075 3701 3126 Δια

552 3182 832 3240 notantur,
866 3184 918 3229 et
953 3173 1322 3230 Romanorum
1355 3176 1742 3233 denontinatur
1805 3179 2115 3250 imperium,

551 3275 607 3321 et
643 3281 762 3319 eam
813 3266 1308 3323 denominationem
1352 3268 1406 3322 in
1433 3271 1748 3324 universum
1779 3285 1969 3327 omnes
2007 3288 2122 3325 ma-

551 3358 814 3429 gistratus
839 3361 1111 3430 attingunt
1145 3377 1160 3426 ;
1187 3360 1268 3415 sic
1287 3368 1449 3415 etiam
1478 3363 1533 3416 in
1567 3362 1731 3417 rebus
1771 3360 2119 3417 Hebraeorum

553 3451 888 3506 constituere
935 3452 1343 3524 intelligereque
1405 3462 1660 3524 oportet,
1704 3460 1967 3525 tanquam
2011 3471 2122 3509 una

553 3541 770 3613 quidem
802 3544 857 3598 in
887 3545 1202 3600 universum
1234 3548 1410 3603 tribus
1431 3547 1590 3613 Juda,
1618 3557 1786 3603 totam
1821 3558 2036 3620 gentem
2055 3548 2122 3603 de

553 3649 655 3689 suo
681 3637 903 3692 nomine
930 3638 1200 3694 illustrem
1233 3640 1567 3708 reddiderit,
1600 3642 1961 3712 particulares
1994 3656 2124 3696 vero

552 3727 723 3784 duces
750 3745 813 3784 ac
837 3745 993 3801 reges
1027 3748 1092 3786 ex
1125 3732 1359 3787 diversis
1397 3736 1999 3799 cxstiterinttribuhus,
2031 3735 2124 3805 qui

555 3825 736 3874 tamen
763 3822 1038 3876 communi
1071 3822 1161 3876 illa
1187 3821 1338 3877 Iuda:
1360 3825 1720 3893 appellatione
1742 3826 2002 3882 honorem
2029 3840 2123 3879 ac-

555 3913 820 3982 ceperint.
851 3911 970 3967 Non
1001 3915 1108 3968 alio
1137 3930 1266 3986 ergo
1303 3931 1466 3986 quam
1504 3917 1571 3971 ad
1595 3925 1765 3972 totam
1804 3919 2008 3973 tribum
2035 3931 2112 3972 re-

555 4004 938 4070 feraturillud,
961 4007 1109 4078 quod
1136 4022 1163 4060 a
1198 4009 1460 4078 propheta
1483 4008 1690 4063 dictum
1731 4018 1815 4066 est
1853 4030 1867 4066 :
1909 4030 1928 4062 ι
1959 4011 2124 4080 Juda,

553 4105 608 4154 te
640 4099 940 4154 laudabunt
979 4098 1178 4155 fratres
1207 4101 1306 4156 tui.
1345 4120 1362 4152 ι
1395 4099 1632 4156 Noverat
1649 4102 1794 4156 enim
1821 4102 1970 4158 illam
1999 4111 2126 4159 tan-

558 4207 722 4260 quam
756 4192 1131 4262 praerogativze
1159 4207 1357 4248 munus
1381 4202 1754 4262 consecutam,
1784 4194 1990 4250 honore
2024 4211 2129 4251 oze-

556 4283 691 4336 teris
717 4282 971 4337 tribubus
997 4299 1120 4340 esse
1149 4285 1609 4355 anteponendam,
1631 4294 1686 4340 et
1705 4288 1960 4356 quoniam
1981 4289 2129 4358 prin-

2223 3159 2402 3228 γέσθω
2427 3161 2604 3214 τοίνυν
2635 3162 2710 3225 ὼς
2745 3163 2878 3234 πρὸς
2908 3166 3006 3236 τὴν
3028 3166 3160 3236 ὃλην
3193 3167 3358 3241 φυλὴν
3388 3169 3482 3222 ὑπὸ
3513 3166 3586 3220 τοῦ
3611 3181 3701 3236 προ-

2223 3253 2390 3323 φήτου
2431 3255 2490 3305 τὸ
2510 3293 2523 3310 .
2561 3273 2579 3304 ι
2632 3253 2818 3318 Ἰούδα,
2855 3256 2914 3308 σέ
2941 3258 3254 3314 αἰνέσουσιν
3281 3263 3327 3314 oi
3354 3261 3544 3329 ἀδελφοί
3575 3276 3658 3312 σου.
3685 3276 3697 3307 ι

2223 3339 2342 3396 Οἷδε
2367 3344 2475 3416 γὰρ
2507 3345 2696 3417 αὐτὴν,
2727 3346 2823 3400 am
2876 3350 3178 3420 προνομίας
3201 3352 3508 3424 ⁴ίγξιωμὲνην,
3531 3349 3702 3422 πρὺτῶν

2222 3437 2421 3490 λοιπῶν
2448 3438 2624 3508 φυλῶν
2655 3441 2975 3512 τετιμῆσθαι
3001 3459 3015 3472 ’
3051 3443 3143 3496 καὶ
3179 3447 3299 3498 ἐπεὶ
3329 3446 3531 3517 ἐξῆρχεν
3563 3446 3606 3497 ἐν
3631 3459 3704 3494 πο-

2221 3529 2438 3601 λέμοις,
2475 3533 2567 3586 καὶ
2611 3535 2746 3605 μόνη
2783 3534 2876 3587 τοῦ
2916 3535 3112 3599 παντὸς
3145 3537 3327 3601 ἔθνους
3356 3540 3520 3608 ἠγεῖτο
3550 3539 3595 3589 ἐν
3623 3534 3704 3592 cui;

2223 3622 2358 3694 πρὸς
2386 3627 2510 3688 τοὺς
2530 3625 2754 3696 ἐχθροὺς
2785 3628 3154 3698 παρατάξεσιν
3177 3670 3193 3694 ,
3232 3631 3446 3693 εἰκότως
3471 3626 3703 3693 tatis-{atat

2225 3716 2358 3787 πρὸς
2382 3717 2546 3788 αὐτήν
2569 3735 2582 3749 ·
2632 3736 2651 3769 ι
2684 3721 2747 3771 Δί
2781 3720 2959 3792 χεῖρές
3002 3737 3094 3773 σου
3130 3724 3228 3777 ἐπὶ
3254 3721 3418 3776 νώτου
3442 3721 3534 3775 τῶν
3557 3715 3706 3787 ἐχθρῶν

2178 3824 2184 3830 ·
2226 3825 2340 3862 σου.
2379 3830 2396 3860 ι
2435 3807 2568 3863 Εἶτα
2602 3811 2690 3865 διὰ
2725 3812 2786 3864 τὸ
2823 3814 3046 3884 ἀρχικὸν
3081 3818 3180 3870 καὶ
3221 3813 3484 3886 βασιλικὸν
3523 3811 3704 3878 ἀξίωμα.

2231 3919 2249 3952 ι
2280 3901 2515 3971 σκύμνος
2543 3903 2750 3966 λέοντος
2771 3924 2789 3956 ι
2816 3898 2954 3959 εἶναι
2979 3905 3216 3975 λέγεται.
3248 3907 3604 3978 Σεμνυνόμενος
3633 3899 3708 3954 εδδ

2225 3998 2524 4070 προπάτωρ
2551 3998 2686 4069 όμοῦ
2710 4001 2802 4054 καὶ
2818 4001 3100 4074 προφήτης
3119 4004 3216 4056 ἐπὶ
3226 4003 3303 4074 τῷ
3321 4003 3418 4074 τῆς
3437 3999 3581 4072 φυλῆς
3597 3991 3710 4060 ἀξιώ⁸

2227 4107 2389 4160 ματι,
2423 4092 2744 4163 προστίθησι
2776 4092 2980 4161 λέγων·
3021 4111 3040 4145 ι
3087 4095 3187 4148 Ἐκ
3228 4093 3480 4165 βλαστοῦ,
3514 4089 3581 4145 υἱέ
3613 4103 3708 4157 μου.

2225 4184 2444 4255 άνέὃης.
2484 4205 2502 4236 ι
2537 4186 2609 4237 'l'b
2635 4185 2690 4240 δέ
2713 4225 2726 4250 ,
2779 4203 2796 4236 ι
2847 4185 3149 4239 Ἁναπεσὼν
3190 4187 3477 4258 ἐκοιμήθης
3507 4183 3569 4245 ὡς
3600 4179 3711 4236 λέων.

2227 4277 2320 4328 καὶ
2353 4275 2429 4339 ὡς
2473 4275 2707 4347 σκύμνος
2742 4275 2981 4341 λέοντος,
3006 4296 3025 4328 ι
3062 4275 3122 4330 τὺ
3151 4277 3356 4349 γαῦρον
3377 4273 3499 4347 ὁμοῦ
3527 4271 3600 4325 καὶ
3623 4267 3714 4335 θαρ-

558 4386 689 4444 ceps
719 4373 821 4428 fuit
848 4374 902 4427 in
934 4374 1108 4441 bellis,
1141 4385 1192 4429 et
1221 4378 1335 4430 sola
1358 4379 1414 4430 in
1439 4379 1791 4448 apparatibus
1818 4381 2121 4448 praeliorum

2232 4368 2418 4421 σαλέον
2437 4407 2452 4430 ,
2481 4368 2574 4421 καὶ
2610 4367 2671 4420 τό
2701 4368 2807 4422 τῶν
2842 4369 3038 4434 ἔξωθεν
3071 4371 3335 4425 ἐπιόντων
3357 4364 3711 4434 ἀκατάπληκτσν·

559 4463 826 4518 adversus
873 4464 1060 4522 hostes
1098 4468 1241 4537 genti
1278 4482 1389 4523 suae
1431 4469 1699 4524 universae
1740 4470 1973 4540 prafuit,
2013 4487 2128 4527 me-

557 4554 666 4612 rito
728 4554 985 4627 deinceps
1026 4557 1094 4612 ad
1127 4560 1371 4616 eamdem
1423 4560 1554 4615 illud
1609 4577 1825 4632 quoque
1877 4563 2123 4619 dicitur:

565 4666 586 4700 ι
619 4644 812 4703 Manus
845 4657 946 4702 tua:
967 4650 1021 4704 in
1050 4659 1208 4726 tergo.
1233 4652 1572 4708 inimicorum
1596 4661 1835 4710 tuorum.
1880 4676 1898 4708 ι
1927 4655 2129 4712 Deinde

561 4751 782 4814 pr0pter
798 4742 1182 4813 principatum,
1210 4753 1536 4816 propterque
1560 4747 1760 4816 regiam
1785 4748 2125 4819 dignitatem,

566 4852 586 4887 ι
629 4836 845 4892 catulus
892 4837 1066 4893 leonis
1109 4858 1126 4890 ι
1161 4853 1285 4894 esse
1330 4838 1552 4896 dicitur.
1585 4839 1785 4895 Gloriae
1833 4841 1998 4912 igitur
2025 4843 2128 4898 sibi

560 4929 810 4984 tribuens
839 4930 926 4984 hic
958 4939 1071 4985 tum
1113 4933 1326 5003 generis
1355 4934 1624 5004 princeps.
1662 4941 1775 4988 tum
1811 4937 1972 4990 etiam
2005 4951 2132 5007 pro-

559 5021 722 5096 pheta
753 5021 981 5093 hujusce
1010 5025 1186 5080 tribus
1211 5025 1547 5096 dignitatem,
1586 5025 1829 5098 adjungit
1856 5032 2000 5097 quod
2030 5035 2132 5084 se-

562 5116 750 5186 quitur
783 5133 827 5170 ει
867 5115 940 5171 De
971 5119 1235 5186 germine,
1274 5117 1344 5172 [ili
1373 5119 1470 5183 mi,
1500 5119 1815 5174 ascendisti.
1853 5119 2016 5174 ιιιιυᾶ
2040 5135 2132 5174 au—

563 5215 673 5262 tem
709 5225 724 5262 :
761 5224 781 5261 ι
824 5209 1148 5264 recumbens
1181 5209 1486 5264 dormivisti
1517 5218 1572 5264 ut
1607 5211 1710 5277 leo,
1745 5221 1798 5267 et
1831 5219 1890 5266 ut
1919 5212 2129 5267 catulus

563 5299 766 5366 leonis,
805 5320 825 5354 ι
866 5300 1109 5371 ejusdem
1147 5303 1324 5358 tribus
1364 5302 1709 5374 magniﬁcum
1759 5305 1924 5359 animi
1975 5307 2129 5375 inge--

564 5394 715 5450 nium
732 5405 786 5451 et
801 5394 1097 5462 conlidens,
1116 5395 1370 5461 ostendit,
1389 5396 1640 5468 quodque
1652 5397 1818 5453 nullis
1861 5401 2131 5455 extrinse-

564 5501 662 5543 cus
713 5488 1093 5560 ingruentibus
1144 5491 1309 5546 rebus
1343 5491 1712 5554 concutiatur,
1743 5497 1798 5544 et
1838 5491 1982 5561 quod
2016 5501 2130 5544 tum

562 5583 894 5654 intrepidum
918 5600 977 5640 se
1010 5585 1266 5656 pmbeat,
1303 5594 1414 5639 tmn
1443 5584 1775 5654 contemptui
1801 5583 1996 5640 habeat
2024 5582 2129 5636 ini-

560 5678 752 5734 micos.
798 5677 956 5732 Illum
991 5691 1120 5733 vero
1159 5677 1263 5734 hoc
1303 5676 1462 5734 modo
1494 5689 1552 5734 se
1597 5673 1905 5744 habentem,
1935 5691 1996 5732 ac
2033 5687 2130 5747 po-

2229 4463 2290 4517 τό
2327 4479 2380 4515 τε
2412 4462 2612 4532 ἄφοϐον
2657 4463 2751 4516 καὶ
2779 4461 2886 4515 τῶν
2915 4462 3122 4533 ἐχθρῶν
3151 4457 3585 4532 καταφρονητικὸν
3617 4465 3716 4518 πιρ-

2231 4554 2425 4626 ίστησι.
2471 4555 2718 4610 Τοιοῦτον
2755 4555 2812 4608 δέ
2844 4555 3002 4607 αὑτὸν
3027 4555 3190 4618 ὄντα,
3225 4555 3416 4625 μᾶλλον
3445 4551 3496 4604 δὲ
3526 4542 3714 4608 τοιαύτην

2227 4645 2390 4703 οὖσαν
2415 4649 2512 4718 τὴν
2538 4648 2730 4720 φυλὴν,
2762 4667 2780 4699 ι
2807 4650 2902 4712 Τίς
2922 4691 2937 4715 ,
2967 4649 3150 4722 φησὶν.
3191 4648 3510 4718 ἀναστήσεις
3547 4660 3564 4692 ι
3597 4636 3717 4707 μέτιν

2229 4741 2348 4794 τινὰ
2394 4742 2490 4794 κα)⁸
2524 4741 2832 4813 θαυμαστὸν
2851 4781 2866 4805 ,
2918 4740 3144 4796 σπάνιόν
3184 4757 3245 4793 τε
3295 4740 3386 4792 καὶ
3425 4730 3717 4798 δυσθεώρητον

2229 4834 2444 4888 ἔσεσθαι
2469 4835 2558 4888 τὸν
2589 4834 2846 4906 μέλλοντα
2876 4833 3200 4903 ἀναστήσειν
3219 4831 3314 4886 τοῦ
3343 4829 3536 4902 θρόνου,
3565 4819 3638 4873 καὶ
3661 4827 3723 4881 με·

2229 4929 2516 5000 ταστήσειν
2561 4925 2654 4981 τοῦ
2699 4925 2924 4998 ἀρχικοῦ
2977 4925 3284 4996 ἀξιώματος
3321 4923 3417 4992 τὴν
3462 4910 3720 5000 centeno

2230 5024 2405 5095 φυλὴν
2436 5022 2800 5094 αἰνιξάμενος.
2843 5021 2939 5084 Τίς
2970 5019 3027 5073 δὲ
3053 5019 3161 5091 ἄρα
3183 5013 3338 5081 οὗτος
3358 5012 3455 5088 ῆν,
3486 5009 3592 5078 ἑξῆς

2230 5116 2482 5187 ἐφίστησι
2504 5156 2518 5179 ,
2551 5114 2737 5168 τοῦτον
2767 5108 2904 5167 εἷναι
2926 5112 3192 5166 διδάσκων
3223 5110 3316 5164 τὸν
3350 5105 3587 5179 μέλλοντα
3604 5102 3723 5164 apo?

2229 5208 2412 5263 δοκίαν
2455 5207 2668 5262 ἔσεσθαι
2709 5206 2816 5261 τῶν
2854 5205 3054 5265 ἐθνῶν,
3080 5205 3138 5268 ὃς
3169 5204 3230 5257 ού
3268 5202 3520 5274 πρότερον

2233 5305 2356 5356 σθαι
2395 5304 2453 5356 ἐν
2500 5299 2834 5374 ἀνθρώποις.
2866 5299 2898 5372 ῆ
2931 5297 3202 5353 ἐκλείπειν
3228 5296 3476 5368 ἄρχονται
3502 5283 3585 5340 καί
3606 5279 3722 5376 ήτθῗ

2235 5413 2393 5467 μενον
2447 5392 2946 5466 μετασταθήσεσθαι
2968 5433 2982 5457 ,
3033 5392 3128 5445 καὶ
3180 5375 3724 5467 ἀπαναστήσεοθξττξξ

2232 5449 2406 5562 ὲιρχῆς
2447 5449 2547 5560 τὴν
2592 5487 2686 5542 τοῦ
2741 5449 2910 5541 licata
2953 5449 3122 5556 φυλὴν
3155 5449 3552 5556 προφητεύειςαι,
3588 5449 3727 5562 rise

2231 5542 2404 5644 δέξοζ
2432 5542 2576 5652 ἦνιῆ
2627 5580 2656 5632 δ
2707 5579 2897 5652 Σωτὴρ
2941 5542 3034 5630 gat
3080 5542 3285 5645 ὶςεριοέ
3324 5542 3478 5640 ημῶν
3518 5542 3729 5652 ἰηξοδεδ

2233 5649 2466 5747 Χριστός
2483 5690 2497 5739 ;
2539 5664 2601 5726 οὗ
2637 5673 2730 5726 ἐπὶ
2770 5649 2877 5742 τῆς*
2904 5669 3200 5741 γενέσεως,
3231 5657 3524 5720 ἀκολούθως
3549 5649 3604 5719 *θ
3628 5651 3729 5710 φ’
