3922 6200
285 239 378 294 585

1149 243 1793 301 DEMONSTRATIONIS
1833 245 2289 305 EVANGELICAE
2330 250 2452 306 LIB.
2495 249 2632 307 VIII.

3368 255 3471 311 586

281 351 494 424 κειμένῃ
520 355 837 425 προρρήσει,
857 353 1095 419 ἐξέλιπον
1126 359 1222 427 μὲν
1244 359 1500 431 ἄρχοντες
1529 362 1622 414 καὶ
1656 361 1815 432 ήγούψ

1925 366 2033 421 tius
2060 365 2231 435 ipsam
2263 366 2461 420 tribum
2491 381 2610 436 quae
2632 364 2937 435 hujusmodi
2973 365 3063 431 sit,
3095 366 3239 436 quis,
3275 366 3469 439 inquit,

280 458 421 510 μενοι
445 443 503 508 ἐξ
534 444 712 497 αὐτῶν
753 446 1017 499 Ἰουδαίων
1044 449 1136 501 ἐπὶ
1182 449 1241 502 τὸ
1284 451 1430 514 ἔθνος
1488 451 1665 505 αὐτῶν
1693 453 1824 507 καθ-

228 554 231 559 ί
279 530 578 600 ιστάμενοι,
606 534 715 603 ήδὲ
746 534 837 587 τοῦ
888 535 1053 589 Ἰούδα
1100 537 1237 609 φυλὴ
1280 540 1427 605 αύτῷ
1459 541 1598 594 ἔθνει
1640 541 1820 608 παντὶ,

277 622 367 675 τοῦ
398 623 456 689 ἐξ
480 623 672 689 αἰῶνος
702 625 925 696 ἀρχικοῦ
954 628 1048 680 καὶ
1081 628 1353 698 βασιλικοῦ
1390 631 1695 702 ἀξιώματος
1723 652 1822 688 κα-

279 712 600 787 θαιρεθεῖσα,
626 722 737 781 τοῖς
774 719 851 771 ἔτι
881 722 973 772 καὶ
995 720 1087 773 νῦν
1112 723 1397 791 κρατοῦσιν
1418 725 1474 791 ἐξ
1496 726 1699 778 ἐκείνου
1731 728 1823 780 καὶ

275 809 351 870 εἰς
381 808 534 879 δεῦρο
564 809 796 862 δουλεύει
833 812 1117 883 Ῥωμαίοις
1139 855 1153 877 ,
1198 816 1332 886 μετά
1361 815 1469 868 τῶν
1501 816 1701 872 λοιπῶν
1732 820 1825 873 καὶ

273 899 332 950 τὸ
374 898 633 953 Ἰουδαίων
663 901 813 965 ἔθνος
844 908 1277 977 χειρωσαμένοις.
1306 910 1441 981 Παρ’
1466 903 1539 962 ὧν
1584 910 1823 983 Ἡρώδης

276 993 481 1063 πρῶτος
505 1033 519 1055 ,
572 995 631 1059 ἐξ
676 995 966 1064 ἀλλοφύλου
1005 1000 1191 1066 γένους
1254 1002 1510 1072 ὑπάρχων
1550 1003 1692 1065 ίδίως
1728 1005 1821 1057 τοῦ

274 1084 449 1150 ἔθνους
483 1087 678 1151 αὐτῶν,
713 1088 815 1142 ύπό
852 1106 911 1141 τε
943 1091 1246 1159 Αὐγούστου
1276 1095 1367 1145 καὶ
1402 1097 1501 1165 τῆς
1546 1094 1822 1165 Ῥωμαίων

277 1179 567 1250 συγκλήτου
602 1180 792 1253 βουλῆς
835 1183 1083 1251 βασιλεὺς
1125 1184 1508 1239 ἀναδέδεικται.
1552 1182 1657 1240 ἾΙν
1695 1187 1822 1255 γοῦν

271 1271 301 1322 ό
352 1270 590 1341 Ἡρώδης
651 1273 1001 1345 Ἀντιπάτρου
1052 1277 1196 1337 παῖς.
1265 1276 1320 1327 '0
1363 1276 1419 1328 δὲ
1476 1277 1823 1349 Ἀντίπατρος

286 1362 710 1434 Ἀσκαλωνίτης,
774 1365 836 1417 ἐκ
884 1384 1028 1430 τινος
1070 1367 1176 1420 τῶν
1230 1370 1357 1439 περὶ
1403 1368 1492 1420 τὸν
1542 1367 1677 1421 νεὼν
1727 1369 1819 1422 τοῦ

285 1453 601 1520 ’Λπόλλωνος
637 1458 946 1528 ἱεροδούλων
981 1459 1346 1529 καλουμένων,
1369 1460 1426 1523 ὃς
1456 1461 1518 1531 δὴ
1541 1460 1822 1531 Κυπρίνην

274 1548 520 1617 ὀνόματι,
557 1548 617 1600 τὸ
657 1550 812 1617 γένος
851 1549 959 1603 τῶν
987 1550 1043 1616 ἐξ
1085 1550 1368 1621 Ἀραϐίας,
1419 1554 1646 1618 γυναῖκα
1689 1551 1822 1621 πρὸς

274 1638 445 1707 γάμον
476 1639 842 1708 ἀγαγόμενος,
877 1640 968 1693 τὸν
1006 1640 1245 1713 Ἡρώδην
1280 1644 1530 1695 ποιεῖται.
1563 1635 1727 1705 Οὗτος
1758 1643 1820 1714 δὴ

268 1725 362 1781 οὖν
404 1729 609 1799 πρῶτος
649 1731 713 1783 ἐκ
759 1731 995 1784 τοιούτου
1032 1732 1220 1800 γένους
1258 1732 1602 1803 ὁρμώμενος,
1637 1733 1725 1785 τὸν
1758 1735 1822 1789 ἐκ

270 1818 506 1891 διαδοχῆς
526 1820 634 1874 τῶν
665 1821 959 1894 ἀρχιερέων
1000 1822 1225 1877 ὕστατον
1250 1826 1589 1896 ἡγησάμενον
1625 1826 1822 1897 ’Υρκα-

269 1912 390 1976 νδν,
442 1914 525 1981 ἐφ’
567 1913 625 1965 ὃν
667 1913 734 1965 τὰ
783 1914 880 1983 τῆς
921 1915 1124 1978 οἰκείας
1165 1917 1338 1987 ἀρχῆς
1399 1917 1490 1969 τοῦ
1559 1917 1820 1971 Ἰουδαίων

267 2006 448 2067 ἔθνους
473 2005 784 2075 κατέληξεν,
812 2006 1053 2061 ἐκποδὼν
1078 2006 1389 2078 μεθίστησιν
1413 2008 1631 2073 ἀνελὼν,
1668 2010 1819 2081 πρῶ-

264 2098 351 2161 τός
378 2115 437 2152 τε
458 2098 639 2161 αὐτὸς,
667 2099 741 2161 ώς
767 2098 920 2169 ἔφην,
945 2098 1003 2165 ἐξ
1023 2099 1317 2169 ἀλλοφύλου
1339 2101 1526 2170 γένους
1556 2101 1820 2157 Ἰουδαίων

266 2191 651 2261 ἀναγορεύεται
688 2190 937 2261 βασιλεύς
970 2210 984 2222 ’
1033 2194 1152 2247 καθ’
1178 2194 1235 2246 ὃν
1260 2193 1604 2264 γεννηθέντος
1648 2195 1817 2263 Ἰησοῦ

262 2284 353 2336 τοῦ
402 2285 670 2355 Χριστοῦ,
720 2288 992 2360 καθῄρητο
1038 2288 1138 2360 μὲν
1182 2288 1315 2358 ὁμοῦ
1365 2288 1592 2358 καὶτῆς
1653 2287 1820 2342 Ἰούδα

264 2375 434 2446 φυλῆς
463 2378 523 2429 τὸ
552 2375 766 2448 ἀξίωμα
786 2420 799 2443 ,
840 2379 1113 2452 καθῄρητο
1134 2380 1189 2433 δὲ
1215 2380 1306 2432 καὶ
1341 2381 1373 2449 ἡ
1409 2379 1514 2431 τῶν
1557 2378 1818 2432 Ἰουδαίων

262 2468 399 2538 ἀρχή
433 2486 493 2521 τε
527 2469 620 2522 καὶ
656 2469 895 2538 βασιλεία
918 2512 932 2534 ,
962 2471 1284 2542 πεπλήρωτο
1318 2470 1376 2522 δὲ
1422 2470 1513 2524 καὶ
1557 2471 1589 2540 ἡ
1626 2486 1821 2541 προτε-

259 2562 503 2631 ταγμένη
521 2563 820 2633 προφητεία
846 2581 858 2593 ο
891 2582 905 2612 ι
936 2564 1046 2615 υύκ
1072 2561 1302 2632 ἐκλείψει
1333 2561 1515 2633 ἄρχων
1535 2559 1593 2625 ἐξ
1628 2562 1815 2623 Ἰούδα,

259 2654 378 2707 οὐδὲ
405 2654 537 2724 ήγού
547 2672 701 2725 μενος
726 2656 909 2707 ἐκτῶν
934 2673 1006 2724 μη
1018 2653 1121 2725 ρῶν
1148 2652 1331 2715 αὐτοῦ,
1364 2671 1381 2703 ›
1406 2653 1641 2722 φήσασα,
1674 2671 1693 2703 ι
1717 2651 1819 2716 ἓως

258 2745 323 2799 ἂν
357 2745 487 2819 ἔλθῃ
519 2747 584 2799 τά
611 2746 945 2817 ἀποκείμενα
975 2746 1119 2816 αύτῷ
1142 2764 1154 2776 ·
1185 2767 1202 2798 ι
1224 2746 1281 2799 ὃν
1315 2747 1405 2799 καί
1439 2763 1568 2816 φησι
1598 2748 1820 2817 γενήσε-

262 2837 383 2890 σθαι
413 2838 473 2889 ού
502 2837 592 2890 τοῦ
630 2838 892 2891 Ἰουδαίων
921 2838 1102 2900 ἔθνους
1122 2877 1135 2900 ,
1171 2837 1302 2890 ἀλλά
1326 2838 1434 2890 τῶν
1460 2837 1623 2892 ἐθνῶν
1648 2854 1817 2909 προσ-

257 2927 464 2981 δοκίαν.
536 2929 748 2999 Ἐπειδὴ
803 2928 979 2981 τοίνυν
1034 2927 1287 2981 ἀπέκειτο
1335 2930 1367 2998 ἡ
1418 2927 1691 2998 πρόπαλαι
1741 2926 1817 2997 τῷ

270 3016 525 3087 Ἁϐραάμ
544 3032 645 3088 χρη
656 3016 967 3087 ματισθεῖσα
988 3016 1093 3070 τῶν
1127 3019 1190 3070 ἐκ
1211 3016 1302 3070 τοῦ
1345 3016 1603 3072 Ἰουδαίων
1633 3016 1816 3079 ἔθνους

256 3109 533 3179 ἀρχόντων
582 3126 639 3161 τε
686 3111 777 3161 καὶ
817 3107 1132 3178 ἡγουμένων
1185 3110 1508 3179 μετάστασις
1552 3109 1649 3179 τῆς
1696 3110 1811 3164 κατ’

255 3200 455 3261 αὐτοὺς
488 3199 655 3269 ἀρχῆς
691 3199 781 3252 ἐπὶ
819 3199 1136 3268 Ῥωμαίους,
1159 3200 1250 3252 καὶ
1278 3200 1368 3251 τὸν
1392 3199 1449 3265 ἐξ
1478 3199 1643 3253 ἐθνῶν
1669 3200 1818 3269 δεδη-

253 3291 503 3361 λωμένον
552 3290 792 3361 Ἡρώδην
814 3332 829 3355 ,
858 3292 1076 3354 εἰκότως
1096 3294 1123 3344 ὁ
1156 3292 1250 3362 μὲν
1273 3292 1657 3362 εύαγγελιστὴς
1681 3294 1817 3345 Λου-

253 3384 391 3444 κᾶς,
443 3382 929 3451 ἐπισημαινόμενος
974 3382 1097 3444 τοὺς
1133 3381 1353 3452 χρόνους
1386 3381 1484 3451 τῆς
1529 3381 1820 3452 ἐκλείψεως

254 3471 366 3524 τῶν
410 3471 671 3525 Ἰουδαίων
700 3471 992 3542 ἀρχόντων,
1021 3472 1116 3541 τὴν
1154 3473 1429 3544 καταρχὴν
1457 3474 1555 3544 τῆς
1582 3473 1816 3545 Χριστοῦ

250 3562 599 3626 διδασκαλίας
643 3563 840 3636 ἱστορεῖ
866 3564 1138 3632 γεγονέναι
1166 3567 1222 3617 ἐν
1261 3565 1368 3618 ἔτει
1404 3565 1817 3619 πεντεκαιδεκά-

251 3670 330 3722 τῳ
362 3652 462 3722 τῆς
496 3654 783 3723 ἡγεμονίας
826 3656 1071 3727 Τιϐερίου
1115 3656 1388 3727 Καίσαρος
1409 3696 1423 3720 ,
1460 3654 1816 3726 ἡγεμονεύον-

251 3760 346 3806 τος
384 3744 605 3796 Ποντίου
640 3744 868 3798 Πιλάτου
909 3746 1008 3816 τῆς
1063 3746 1316 3810 Ἰουδαίας
1341 3762 1353 3775 ·
1406 3748 1497 3799 καὶ
1541 3745 1816 3811 Ματθαῖος

250 3832 307 3885 δὲ
352 3833 510 3886 τοῦτο
563 3835 691 3887 αὐτὸ
733 3837 1093 3907 αἰνιττόμενος
1151 3838 1419 3907 σημαίνει.
1468 3837 1818 3908 ’Υπογράψας

251 3924 388 3990 γοῦν
420 3924 520 3995 τὴν
563 3926 655 3978 τοῦ
704 3929 905 3996 Κυρίου
964 3929 1055 3982 καὶ
1107 3930 1352 4001 Σωτῆρος
1386 3929 1539 4000 ήμῶν
1576 3931 1813 3998 γένεσιν,

252 4013 501 4082 ἐπιλέγει
532 4032 545 4045 ·
598 4032 616 4066 ι
654 4016 757 4069 Τοῦ
799 4018 856 4070 δὲ
896 4019 1067 4089 Ἰησοῦ
1104 4019 1449 4091 γεννηθέντος
1490 4022 1546 4073 ἐν
1574 4020 1817 4091 Βηθλεέμ

250 4104 353 4173 τῆς
396 4105 647 4169 Ἰουδαίας
681 4109 736 4159 ἐν
762 4108 991 4179 ἡμέραις
1029 4109 1261 4179 Ἡρώδου
1283 4110 1374 4163 τοῦ
1401 4109 1678 4181 βασιλέως,
1706 4112 1812 4164 ἰδοὺ

252 4196 422 4264 μάγοι
438 4195 547 4249 ἀπο
564 4197 829 4250 ἀνατολῶν
846 4198 1201 4269 παρεγένοντο
1233 4202 1310 4262 εἰς
1336 4200 1697 4271 Ἰεροσόλυμα,
1728 4201 1814 4253 λέ-

254 4303 465 4353 γοντες·
489 4287 596 4339 Ποῦ
615 4287 638 4339 ἕ
646 4305 756 4341 στιν
776 4292 803 4343 ὁ
821 4291 1027 4360 τεχθεὶς
1050 4290 1299 4360 βασιλεὺς
1319 4291 1427 4344 τῶν
1456 4292 1722 4347 Ἰουδαίων
1742 4310 1755 4355 ;
1786 4312 1806 4345 ι

1924 457 2224 513 excitabit?
2262 476 2280 509 ι
2308 458 2399 512 ubi
2427 473 2547 512 cum
2576 472 2826 528 magnum
2850 458 3131 527 quemdam
3159 465 3212 514 et
3237 459 3473 515 admira-

1925 549 2084 604 bilem
2132 556 2185 604 et
2222 564 2427 615 rarum,
2462 558 2515 603 et
2546 558 2786 618 spectatu
2820 550 3086 605 diﬂicilem
3124 549 3240 607 fore
3262 552 3475 649 signiti—

1925 642 2125 697 caverit
2159 657 2303 707 eum,
2349 643 2439 710 qui
2486 642 2557 697 sit
2596 642 2967 711 hujuscemodi
3002 643 3201 699 tribum
3232 642 3300 702 de
3347 648 3474 703 sede

1924 733 2280 797 excitaturus,
2315 732 2487 802 deque
2531 734 2864 803 principatus
2894 734 3060 804 gradu
3102 750 3165 789 ac
3215 736 3475 806 dignitate

1923 826 2332 887 exturbaturus,
2359 832 2471 878 tum
2508 824 2723 879 demum
2740 826 2988 895 quisnam
3020 826 3107 880 hic
3134 827 3225 890 sit,
3257 843 3356 885 nos
3379 829 3475 883 ad-

1923 924 2127 981 monet,
2175 917 2438 985 docetque
2483 916 2625 970 hunc
2671 917 2819 971 illum
2849 932 2999 985 esse,
3028 919 3120 987 qui
3145 921 3473 990 exspectatio

1923 1009 2158 1077 gentium
2196 1010 2265 1063 sit
2294 1009 2530 1070 futurus.
2559 1008 2652 1079 qui
2686 1008 2939 1064 videlicet
2985 1024 3013 1062 a
3058 1011 3318 1081 propheta
3362 1027 3469 1067 non

1921 1098 2071 1167 prius
2114 1099 2253 1153 inter
2283 1100 2528 1155 homines
2570 1099 2835 1155 videndus
2862 1102 3192 1171 prredicitur,
3230 1118 3390 1173 quam
3418 1111 3471 1159 et

1921 1188 2171 1259 princeps
2210 1190 2445 1254 deﬁciat,
2480 1200 2533 1245 et
2558 1192 2664 1243 dux
2701 1198 3035 1255 amoveatur,
3069 1199 3123 1245 et
3173 1191 3239 1245 de
3270 1194 3474 1265 princi-

1920 1285 2047 1347 patu
2074 1279 2388 1334 exturbetur
2418 1281 2590 1335 tribus
2623 1278 2780 1334 Juda.
2812 1280 2974 1353 374
3004 1280 3290 1347 Caeterum,
3321 1284 3470 1352 quis-

1921 1383 2068 1432 nam,
2110 1386 2313 1440 quaeso,
2349 1371 2489 1425 alius
2522 1371 2609 1426 hic
2642 1372 2713 1425 sit
2739 1386 2898 1441 quam
2927 1370 3173 1426 Salvator
3204 1380 3257 1427 et
3289 1371 3466 1427 Domi-

1921 1474 2024 1513 nus
2056 1468 2240 1516 noster
2258 1458 2416 1516 Jesus
2443 1460 2717 1525 Christus,
2746 1462 2798 1515 in
2822 1460 2978 1530 cujus
3010 1470 3155 1521 ortu.
3187 1462 3327 1516 sicut
3350 1478 3464 1531 pro.

1921 1551 2063 1607 xime
2092 1552 2335 1622 exposita
2364 1551 2645 1623 prophetia
2664 1553 2895 1617 volebat,
2927 1569 2993 1607 ex
3020 1551 3220 1608 Iudaeis
3257 1552 3472 1623 quidem

1921 1643 2234 1701 defecerunt
2264 1644 2538 1716 principes
2566 1660 2629 1699 ac
2679 1645 2868 1705 duces.
2899 1645 2991 1715 qui
3037 1644 3179 1715 genti
3218 1646 3477 1715 praeside-

1920 1744 2060 1797 rent,
2099 1736 2215 1806 ipsa
2263 1752 2390 1791 vero
2438 1738 2613 1793 tribus
2641 1736 2779 1791 Iuda
2812 1753 2919 1791 una
2972 1752 3093 1790 cum
3142 1743 3251 1792 tota
3296 1748 3471 1807 gente,

1918 1826 2222 1896 principatu
2248 1843 2309 1882 ac
2333 1843 2518 1899 regno,
2544 1827 2689 1897 quod
2717 1828 2784 1883 ab
2816 1828 2970 1883 initio
2992 1829 3319 1893 obtinuerat,
3347 1845 3476 1898 spo-

1920 1917 2066 1981 liata,
2091 1916 2349 1975 Romanis
2382 1920 2544 1975 etiam
2574 1936 2719 1974 nunc
2747 1920 3153 1975 dominantibus
3183 1936 3251 1975 ex
3282 1921 3377 1975 illo
3407 1920 3471 1976 ad

1918 2006 2061 2060 hunc
2092 2023 2260 2078 usque
2299 2009 2440 2065 diem
2480 2008 2790 2073 famulatur,
2831 2009 2925 2079 qui
2952 2024 3057 2063 una
3086 2025 3208 2065 eum
3248 2009 3473 2081 reliquis

1915 2102 2169 2172 gentibus
2207 2103 2369 2158 etiam
2416 2100 2633 2159 Iudaeos
2674 2103 2974 2174 subegere?
3000 2104 3045 2158 A
3096 2104 3295 2175 quibus
3341 2105 3470 2159 item

1918 2192 2154 2248 Ilerodes
2184 2193 2389 2262 primus
2420 2199 2644 2247 externo
2688 2207 2882 2263 genere
2933 2202 3106 2258 ortus,
3138 2201 3191 2248 et
3238 2195 3472 2263 impera-

1917 2285 2050 2340 toris
2089 2284 2338 2355 Augusti,
2368 2292 2424 2339 et
2460 2281 2692 2338 Romani
2729 2291 2953 2339 senatus
3005 2286 3326 2341 auctoritate
3375 2302 3472 2342 rex

1917 2376 2221 2431 declaratus
2255 2387 2355 2431 est.
2387 2372 2512 2428 Fuit
2555 2375 2720 2445 igitur
2754 2376 3022 2446 Antipatri
3057 2375 3205 2431 ﬁlius
3248 2377 3336 2431 hic
3372 2376 3475 2433 IIe-

1917 2468 2096 2525 rodes.
2119 2469 2237 2538 Ipse
2260 2483 2385 2523 vero
2411 2466 2690 2537 Antipater
2710 2467 3021 2523 Ascalonita
3056 2470 3125 2523 ab
3157 2484 3346 2524 eorum
3376 2486 3474 2525 ne-

1918 2562 2032 2614 scio
2063 2574 2170 2630 quo
2192 2567 2369 2622 ortus,
2401 2560 2494 2629 qui
2546 2558 2601 2613 in
2634 2559 2833 2629 templo
2863 2559 3127 2629 Apoliinis
3171 2568 3471 2624 versantes,

1917 2648 2062 2703 sacri
2088 2648 2231 2703 servi
2272 2647 2702 2718 appellabantur.
2734 2646 2837 2715 Qui
2869 2663 2992 2702 cum
3022 2664 3243 2703 uxorem
3284 2650 3476 2707 duxis-

1918 2750 2000 2795 set
2030 2739 2339 2810 quamdam,
2376 2740 2464 2793 cui
2512 2754 2710 2793 nomen
2745 2738 2961 2809 quidem
2988 2740 3256 2810 Cyprinae,
3304 2757 3473 2811 genus

1916 2847 2045 2887 vero
2069 2847 2135 2887 ex
2160 2830 2378 2899 Arabia,
2408 2830 2671 2886 Herodem
2698 2831 2920 2885 creavit.
2946 2830 3044 2885 Hic
3071 2832 3233 2903 igitur
3265 2834 3473 2904 primus

1918 2926 2010 2978 tali
2045 2938 2241 2996 genere
2279 2933 2459 2990 natus,
2495 2922 2803 2994 Hyrcanum
2835 2923 2925 2993 qui
2974 2925 3196 2979 ultimus
3245 2941 3311 2980 ex
3343 2941 3471 2981 suc-

1919 3013 2169 3068 cessione
2201 3028 2265 3068 ac
2298 3013 2439 3068 serie
2492 3013 2805 3082 pontiﬁcum
2836 3012 3036 3070 Judzeis
3066 3014 3299 3084 praefuit,
3334 3024 3386 3087 et
3419 3018 3470 3069 in

1918 3118 2026 3174 quo
2056 3104 2384 3160 domesticus
2418 3102 2657 3159 Iudaicae
2687 3105 2861 3175 gentis
2888 3106 3223 3178 principatus
3253 3106 3470 3171 defecit,

1919 3204 2170 3249 necatum
2203 3196 2342 3250 tollit
2369 3194 2435 3249 de
2464 3195 2660 3249 medio.
2690 3194 2845 3266 Isque
2870 3198 3094 3266 primus,
3120 3209 3177 3251 ut
3201 3198 3469 3262 dicebam,

1916 3292 2140 3339 externo
2168 3300 2362 3353 genere
2387 3272 2539 3338 ortus
2566 3283 2870 3341 Iudaeorum
2904 3302 2997 3342 rex
3039 3296 3122 3343 est
3149 3289 3467 3359 appellatus.

1916 3376 2090 3449 Hujus
2131 3394 2259 3451 ergo
2301 3379 2633 3452 temporibus
2679 3395 2801 3435 cum
2845 3378 3003 3436 Iesus
3031 3380 3276 3437 Christus
3327 3391 3473 3438 esset

1914 3478 2098 3532 natus,
2132 3468 2283 3525 Iuda:
2314 3470 2487 3523 tribus
2516 3469 2749 3539 dignitas
2781 3469 2992 3523 sublata
3023 3480 3105 3524 est
3143 3488 3155 3525 :
3194 3470 3470 3525 sublatum

1916 3568 1999 3616 est
2039 3558 2347 3616 Iudaeorum
2393 3561 2675 3630 imperium
2704 3568 2756 3614 et
2792 3574 3039 3628 regnum,
3085 3561 3349 3631 completa
3389 3572 3474 3616 est

1915 3654 2157 3723 proxime
2179 3652 2421 3722 exposita
2442 3653 2722 3723 prophetia
2751 3672 2763 3706 :
2789 3671 2806 3702 ι
2832 3652 2950 3706 Non
2979 3652 3187 3706 deﬁciet
3220 3652 3472 3722 princeps

1915 3744 1982 3799 de
2003 3740 2163 3811 Juda,
2194 3760 2370 3813 neque
2407 3743 2519 3798 dux
2563 3744 2629 3798 de
2681 3743 2975 3798 femoribus
3004 3743 3143 3812 ejus,
3181 3744 3352 3798 donec
3380 3762 3471 3797 vc—

1916 3834 2069 3889 niant
2099 3851 2218 3905 qua:
2244 3836 2479 3905 reposita
2511 3844 2636 3889 sunt
2659 3836 2727 3889 ei.
2774 3854 2792 3887 ι
2825 3834 2979 3887 Ilunc
3009 3842 3187 3887 autem
3218 3833 3348 3887 dicit
3387 3835 3471 3887 lu-

1916 3935 2095 3982 turum
2140 3944 2247 3982 non
2292 3926 2530 3982 Iudaica?
2561 3928 2758 3997 gentis,
2798 3928 2892 3981 sed
2925 3927 3162 3997 gentium
3193 3938 3471 3995 exspecta-

1914 4017 2138 4072 tionem.
2180 4017 2444 4084 Quoniam
2476 4017 2638 4085 igitur
2670 4017 2909 4086 reposita
2960 4022 3077 4069 erat
3108 4014 3196 4067 illa
3227 4015 3465 4085 gentium

1914 4106 2216 4160 vocationis
2254 4106 2605 4175 exspectatio,
2646 4119 2767 4175 quae
2800 4119 2864 4159 ex
2901 4103 3122 4157 oraculo
3157 4104 3259 4172 ipsi
3292 4101 3468 4157 Abra-

1913 4197 1997 4251 haa
2028 4198 2294 4267 promissa
2337 4204 2441 4261 est,
2471 4213 2590 4250 cum
2632 4212 2697 4251 ex
2724 4194 2953 4250 Iudaica
2998 4200 3154 4265 gente
3182 4196 3293 4265 jam
3322 4194 3469 4249 defe-

1915 4290 2113 4343 cissent
2139 4297 2191 4343 et
2243 4288 2513 4357 principes
2549 4296 2601 4341 et
2630 4286 2817 4350 duces,
2851 4286 3281 4354 translatumque
3314 4285 3381 4340 ab
3405 4300 3468 4339 ea

246 4376 317 4429 δι’
359 4370 436 4430 ὧν
484 4380 667 4447 σαφῶς
717 4381 1040 4451 παρίστησι,
1092 4383 1184 4435 καὶ
1242 4382 1336 4435 τοῦ
1380 4382 1671 4451 ἀλλοφύλου
1712 4384 1811 4455 τὴν

1917 4390 2053 4436 esset
2084 4381 2365 4449 imperium
2404 4381 2457 4433 in
2490 4377 2779 4441 Romanos,
2809 4385 2862 4433 et
2900 4378 2957 4430 in
2981 4378 3129 4430 illum
3179 4376 3465 4438 Herodem,

249 4468 376 4519 κατ’
404 4468 581 4523 αὐτῶν
625 4471 816 4542 ἀρχὴν,
851 4474 944 4525 καὶ
974 4473 1078 4525 τῶν
1108 4473 1166 4537 ἐξ
1201 4474 1459 4545 ἀνατολῆς
1505 4474 1810 4543 ἀλλοφύλων

249 4558 426 4612 ἐθνῶν
484 4560 582 4632 τὴν
631 4562 735 4615 ὑπὸ
783 4562 873 4615 τοῦ
907 4563 1038 4616 Θεοῦ
1095 4564 1300 4635 κλῆσιν.
1360 4564 1519 4635 Ὁμοῦ
1587 4582 1645 4617 τε
1703 4564 1810 4637 γὰρ

262 4649 534 4703 Ἰουδαίων
568 4650 848 4721 ἀλλόφυλοι
890 4654 1170 4724 ἐκράτουν,
1208 4656 1299 4708 καὶ
1341 4655 1432 4707 τὸν
1468 4654 1631 4708 πάλαι
1676 4672 1808 4725 προ-

245 4741 618 4812 φητευόμενον
660 4742 888 4814 Χριστὸν
925 4744 1018 4796 τοῦ
1057 4744 1187 4797 Θεοῦ
1233 4744 1559 4814 ἐγίγνωσκόν
1607 4762 1665 4797 τε
1715 4746 1809 4799 καὶ

243 4832 617 4903 προσεκύνουν
669 4833 966 4903 ἀλλόφυλοι,
1026 4834 1085 4900 ἐξ
1143 4835 1410 4888 ἀνατολῶν
1468 4835 1803 4897 ἐπιστάντες.

240 4923 465 4976 Οὐκοῦν
500 4925 684 4994 σαφῶς
716 4924 802 4979 διὰ
829 4925 1027 4980 τούτων
1069 4926 1217 4990 τέλος
1254 4926 1451 4996 ἔχουσα
1482 4926 1573 4978 τοῦ
1614 4924 1805 4978 Ἰακὼϐ

238 5016 276 5084 ή
312 5016 620 5084 »προφητεία
659 5016 947 5082 δείκνυται,
977 5018 1060 5070 ἐπ’
1090 5018 1317 5088 ἐσχάτου
1357 5018 1454 5086 τῆς
1502 5016 1809 5078 συστάσεως

237 5106 345 5160 τοῦ
382 5106 650 5161 Ἰουδαίων
677 5108 857 5171 ἔθνους
884 5109 1313 5172 ἀποτελεσθεῖσα,
1346 5107 1624 5177 ώσπεροῦν
1649 5106 1807 5170 αὐτὸς

234 5201 366 5259 τοῖς
380 5199 573 5252 ἐαυτοῦ
589 5201 768 5253 παισὶν
795 5201 1096 5265 ἐθέσπισεν,
1116 5201 1310 5256 εἰπών’
1347 5221 1364 5253 ι
1390 5202 1693 5273 Συνάχθητε
1720 5202 1806 5256 ἵνα

233 5289 571 5356 ἁπαγγείλω
622 5291 746 5361 ὑμῖν
796 5292 849 5344 τί
906 5292 1237 5363 συμϐήσεται
1284 5295 1409 5363 ὑμῖν
1450 5295 1535 5347 ἐπ’
1578 5295 1804 5365 ἐσχάτου

230 5381 360 5433 τῶν
387 5381 639 5452 ἡμερῶν·
666 5401 684 5433 ›
737 5385 967 5453 ἐσχάτας
1013 5385 1220 5456 ἡμέρας
1262 5387 1519 5440 νοούντων
1558 5387 1711 5458 ήμῶν
1738 5386 1805 5439 τά

229 5472 457 5542 ισχατα
477 5474 577 5542 τῆς
606 5474 908 5539 συστάσεως
935 5476 1026 5529 τοῦ
1055 5477 1315 5531 Ἰουδαίων
1346 5478 1548 5544 ἔθνους.
1580 5479 1643 5531 Τί
1673 5479 1803 5553 δῆτα

314 5654 439 5686 ⁸³³⁵⁵
478 5653 665 5708 Matth.
704 5670 776 5715 tl,
812 5654 931 5715 1,2.

574 5749 842 5810 Parnm.
888 5751 1001 5811 (in.
1053 5751 1238 5815 XXII.
1320 5768 1323 5771 '

1916 4474 1983 4527 de
2022 4488 2130 4542 quo
2170 4471 2370 4525 dictum
2401 4478 2506 4532 est,
2531 4473 2722 4525 merito
2760 4481 3002 4540 tempora
3032 4469 3229 4539 quibus
3254 4468 3469 4522 ludazo-

1915 4581 2035 4621 rum
2076 4566 2350 4635 principes
2383 4561 2706 4618 defecissent
2736 4561 2910 4616 Lucas
2941 4561 3268 4631 evangelista
3299 4561 3469 4631 signi-

1916 4658 2104 4722 ﬁcans,
2138 4657 2349 4710 initium
2383 4654 2645 4710 doctrina:
2677 4653 2879 4708 Christi
2903 4660 3089 4706 narrat
3118 4651 3317 4705 factum
3348 4666 3469 4706 esse

1914 4749 1971 4801 in
2016 4761 2157 4800 anno
2198 4762 2267 4800 xv
2317 4744 2526 4812 imperii
2579 4742 2780 4798 Tiberii
2829 4742 3093 4805 Ctesaris,
3140 4749 3467 4811 procurante

1913 4838 2105 4894 Pontio
2145 4837 2319 4890 Pilato
2360 4834 2621 4890 .Iudzeam.
2652 4835 2934 4889 Matthaeus
2970 4848 3184 4903 quoque
3222 4830 3464 4886 eamdem

1912 4945 2027 4985 rem
2051 4929 2281 4983 innuens
2307 4935 2456 4981 notat
2489 4947 2502 4981 :
2536 4942 2660 4995 nam
2691 4936 2811 4981 ortu
2838 4926 3049 4979 Domini
3076 4939 3138 4978 ac
3170 4921 3466 4976 Salvatoris

1912 5020 2084 5075 nostri
2108 5017 2397 5087 descripto,
2418 5018 2671 5087 deinceps
2689 5016 2959 5086 adjungit:
2985 5034 3002 5065 ι
3024 5013 3156 5069 Cum
3184 5020 3361 5066 autem
3378 5008 3467 5064 Je-

1914 5127 2009 5166 sus
2036 5118 2194 5166 natus
2220 5116 2365 5164 esset
2387 5108 2440 5163 in
2462 5108 2766 5163 Bethlehem
2790 5106 3004 5168 Judeeae,
3030 5105 3083 5158 in
3102 5104 3291 5158 diebus
3304 5100 3470 5155 Hero-

1912 5205 1997 5259 dis
2023 5204 2180 5275 regis,
2214 5217 2338 5257 ecce
2369 5200 2504 5270 Magi
2538 5201 2606 5253 ab
2632 5199 2848 5254 Oriente
2873 5203 3133 5251 venerunt
3164 5193 3445 5263 llierosoly

1912 5310 2075 5358 mam,
2116 5293 2391 5348 dicentes:
2421 5290 2522 5346 Ubi
2571 5298 2653 5344 est
2681 5290 2773 5359 qui
2802 5297 2962 5341 natus
2987 5294 3071 5341 est
3113 5301 3209 5341 rex
3245 5283 3462 5339 Judaao-

1910 5400 2028 5440 rum
2042 5384 2179 5437 l“1‘?
2199 5384 2384 5459 i375
2397 5387 2449 5439 in
2467 5397 2574 5453 quo
2590 5382 2742 5450 plane
2760 5377 2994 5434 ostendit
3012 5376 3284 5433 etexterni
3299 5372 3469 5431 homi-

1908 5478 1993 5534 nis
2027 5478 2080 5532 in
2110 5478 2231 5533 illos
2262 5478 2631 5547 imperium,et
2648 5482 2990 5529 externarum
3010 5471 3077 5526 ab
3095 5468 3316 5525 Oriente
3336 5480 3475 5542 gen-5

3088 5744 3163 5801 19
