3868 6196
550 217 657 275 587

1190 227 1455 284 EUSEBII
1492 227 1972 287 CESARIENSIS
2021 229 2174 289 OPP.
2215 229 2397 287 PARS
2443 230 2509 287 ll.
2552 261 2623 273 —
2659 229 3152 288 APOLOGETICA.

3609 244 3691 301 588

551 341 686 398 tium
721 357 752 399 a
791 342 904 402 Deo
949 344 1308 405 vocationem.
1352 348 1555 406 Eodem
1599 352 1744 407 enim
1788 360 2032 427 tempore
2072 368 2089 410 ε

2190 398 2197 417 ι
2226 354 2409 418 αὐτοῖς
2449 354 2692 426 ἀπαντᾷν
2737 353 2986 426 ἔμελλεν;
3033 352 3264 425 ἔκλειψις
3305 356 3393 426 μὲν
3437 359 3519 431 τῆς
3554 361 3693 437 ἀρχῆς

549 437 760 493 externi
794 437 996 493 Iudaeis
1024 438 1384 509 imperabant.
1406 448 1461 497 et
1479 441 1755 500 Christum
1779 443 1896 510 Dei,
1917 444 1985 502 de
2008 461 2116 516 quo

547 528 1009 599 ριόρίιυειοοιιιί
1022 528 1258 597 fuerant,
1281 534 1490 590 externi
1507 536 1577 590 ab
1603 533 1840 594 Orientis
1868 538 2116 609 partibus

546 617 802 690 profecti,
825 627 881 677 et
906 630 1297 693 cognoverunt,
1314 630 1368 680 et
1392 623 1774 682 adoraverunt.
1796 628 1937 698 Ergo
1958 628 2115 699 plane

542 712 603 766 in
645 709 732 766 his
758 709 921 767 ﬁnem
951 728 1110 769 suum
1135 715 1453 786 contingens
1486 715 1769 788 prophetia
1805 716 1994 784 Iacob,
2018 735 2115 790 ap-

546 810 701 875 paret
743 804 1197 876 quemadmodum
1240 808 1504 879 completa
1539 810 1632 877 sit,
1657 825 1782 865 cum
1831 811 1898 866 ad
1936 819 2114 869 extre-

544 908 693 950 mum
737 895 823 952 sui
868 902 1044 953 status
1073 894 1299 955 Iudaica
1347 915 1480 970 gens
1520 900 1778 968 venisset,
1807 904 1951 959 sicut
1996 904 2111 975 ipse

544 1003 767 1061 quoque
792 988 861 1044 ad
893 1005 1024 1045 suos
1059 990 1198 1048 filios
1229 991 1429 1048 cecinit
1458 1008 1583 1048 cum
1605 993 1773 1051 dixit:
1812 1014 1830 1047 ι
1870 995 2112 1068 Congre-

544 1081 753 1150 gamini
774 1090 833 1137 ut
850 1081 1168 1138 annuntiem
1192 1083 1369 1143 vobis.
1395 1084 1523 1155 quid
1552 1093 1872 1142 eventurum
1907 1089 1979 1144 sit
2009 1104 2109 1143 vo-

541 1172 628 1230 bls
661 1173 720 1229 in
744 1180 987 1231 extremo
1015 1173 1246 1229 dierum.
1285 1194 1304 1228 ο
1330 1174 1441 1232 Nos
1469 1176 1613 1232 enim
1648 1183 1919 1235 extremos
1948 1178 2109 1233 intel-

540 1252 764 1336 ligimus
811 1264 952 1328 dies.
1003 1274 1245 1322 extrema
1272 1276 1449 1323 status
1495 1265 1736 1324 Iudaicae
1776 1270 1952 1340 gentis
1970 1277 2109 1326 tem-

539 1371 695 1428 pora.
748 1355 1039 1424 Caeterum,
1094 1357 1224 1429 quid
1252 1358 1469 1414 tandem
1505 1360 1581 1415 illi
1613 1369 1932 1418 eventurum
1967 1361 2109 1417 fuit?

538 1446 744 1521 Nempe
783 1447 1027 1506 defectus
1074 1449 1298 1507 honoris
1339 1449 1510 1520 Iudae,
1571 1460 1625 1508 et
1675 1453 1939 1510 universa:
1987 1454 2105 1525 ejus

539 1543 719 1613 gentis
750 1543 1004 1610 sublatio,
1034 1543 1190 1614 quies
1209 1550 1263 1597 et
1282 1542 1594 1599 terminatio
1620 1543 1819 1601 dueum
1836 1545 2101 1616 ejusdem,

540 1633 716 1691 tribus
732 1634 905 1705 ipsius
918 1633 1256 1705 principatus
1277 1674 1292 1700 ,
1321 1634 1589 1707 regiaeque
1616 1635 1900 1709 dignitatis
1941 1636 2105 1693 dissi-

2229 441 2425 507 Ἰούδα,
2478 441 2571 495 καὶ
2610 439 2705 496 τοῦ
2754 442 2953 507 παντὸς
2992 442 3177 505 ἔθνους
3222 443 3385 497 αὐτῶν
3425 447 3689 524 καθαίρεσις,

2215 535 2397 591 παῦλά
2426 551 2486 589 τε
2515 535 2609 590 καὶ
2648 533 2799 607 λῆξις
2835 534 2946 588 τῶν
2984 533 3290 605 ἡγουμένων
3320 536 3497 600 αὐτῶν.
3522 543 3599 594 καὶ
3615 543 3694 613 τῆς

2214 628 2386 700 φυλῆς
2428 627 2591 684 αὐτοῦ
2623 627 2717 682 τοῦ
2758 626 3035 699 βασιλικοῦ
3073 626 3167 680 καὶ
3204 626 3413 699 ἀρχικοῦ
3447 630 3696 703 ἀξιώματος

2212 720 2525 785 κατάλυσις,
2569 718 2804 793 Χριστοῦ
2856 718 2914 772 δὲ
2958 718 3101 791 ἀρχή
3146 718 3237 771 καὶ
3282 718 3516 789 βασιλεία,
3538 724 3589 777 οὐ
3623 725 3699 780 τοῦ

2224 808 2458 883 Ἰσραὴλ,
2484 808 2620 863 ἀλλά
2647 808 2754 862 τῶν
2786 807 2954 863 ἐθνῶν
2978 808 3228 862 ἁπάντων
3243 807 3483 880 ἄρχουσα,
3505 813 3619 867 κατὰ
3634 816 3698 870 τόι

2218 900 2355 954 «Καὶ
2381 901 2541 964 αὐτὸς
2569 899 2858 973 προσδοκία
2886 897 3075 952 ἐθνῶν.
3107 917 3127 949 ι
3175 899 3266 963 Τίς
3302 900 3344 953 δ’
3363 901 3452 954 οὐκ
3474 901 3530 956 ἂν
3548 905 3701 974 ὁμολο-

2211 993 2394 1064 γήσειε
2453 991 2626 1045 ταῦτα
2680 989 2822 1044 οὕτω
2875 988 3063 1054 σαφῶς
3114 988 3206 1043 ἐπὶ
3265 993 3327 1062 τῇ
3374 991 3458 1045 τοῦ
3501 992 3703 1066 Σωτῆρος

2209 1081 2364 1153 ήμῶν
2405 1080 2695 1154 ἐπιφανείᾳ
2746 1078 3173 1152 πεπληρῶσθαι;
3221 1082 3306 1135 ὅτε
3348 1082 3393 1136 οἰ
3437 1082 3582 1137 πάλαι
3620 1086 3701 1156 πρὸ

2208 1174 2309 1246 τῆς
2348 1173 2442 1228 τοῦ
2473 1173 2708 1246 Χριστοῦ
2755 1174 3018 1245 γενέσεως
3048 1175 3134 1227 ἐπ’
3164 1174 3377 1239 οἰκείοις
3405 1175 3603 1250 ἄρχουσι
3635 1181 3705 1231 καὶ

2206 1267 2554 1339 ἡγουμένοις,
2602 1267 2696 1321 καὶ
2737 1268 2973 1329 συνετῶς
3001 1265 3108 1321 τῶν
3136 1264 3291 1320 θείων
3330 1268 3703 1339 ἀναγνωσμάτων

2206 1359 2519 1432 ἀκροαταῖς,
2566 1358 2841 1429 βασιλεῦσί
2884 1375 2943 1412 τε
2998 1356 3144 1423 ἰδίοις
3183 1358 3276 1413 καὶ
3317 1359 3603 1433 ἀρχιερεῦσι
3637 1362 3707 1415 καὶ

2205 1452 2510 1524 προφήταις
2560 1451 3030 1524 λαμπρυνόμενοι,
3092 1450 3230 1522 αὐτή
3289 1467 3345 1504 τε
3391 1452 3423 1523 ή
3459 1449 3545 1504 τοῦ
3576 1449 3707 1504 Ἰούδα

2206 1540 2345 1614 φυλή
2373 1541 2620 1615 βασιλική
2661 1537 2817 1607 οὖσα,
2845 1541 2953 1595 τῶν
2984 1540 3194 1613 ἐχθρῶν
3225 1542 3315 1596 καὶ
3346 1539 3595 1612 πολεμίων
3620 1541 3709 1594 ὲπι-

2205 1633 2506 1705 κρατοῦσα,
2552 1632 2896 1706 κατάρχουσά
2923 1649 2984 1686 τε
3011 1632 3105 1687 καὶ
3135 1632 3399 1704 ἡγουμένη
3426 1630 3516 1686 τοῦ
3555 1632 3708 1694 παντὸς

540 1726 710 1798 patio,
750 1725 957 1782 Christi
988 1726 1274 1797 imperium
1332 1733 1386 1782 et
1409 1741 1658 1798 regnum,
1705 1744 1815 1785 non
1844 1729 1991 1801 quod
2046 1730 2089 1785 ir

2201 1726 2406 1791 ἔθνους,
2436 1726 2491 1781 οῐ
2518 1743 2577 1780 τε
2607 1727 2665 1780 ὲν
2697 1726 2879 1791 αὐτοῖς
2909 1725 3075 1781 πάλαι
3100 1723 3499 1797 διαπρέποντες,
3523 1723 3578 1792 ἐξ
3604 1723 3710 1778 ὲκείο

538 1817 725 1887 Israel,
759 1817 855 1876 sed
886 1817 1031 1890 quod
1058 1821 1116 1873 in
1146 1818 1399 1875 omnibus
1429 1819 1679 1890 gentibus
1708 1819 2099 1891 dominaretur,

534 1910 691 1982 juxta
717 1909 887 1966 illud:
944 1930 963 1963 ι
994 1909 1061 1965 Et
1108 1911 1226 1982 ipse
1275 1912 1607 1983 exspectatio
1635 1914 1897 1985 gentium.
1937 1933 1956 1967 ι
1993 1913 2100 1971 Sed

537 2003 664 2074 quis
720 2018 825 2059 non
861 2002 1021 2075 plane
1070 2001 1324 2069 fateatur,
1350 2004 1533 2059 omnia
1558 2004 1675 2060 haec
1709 2005 1765 2060 in
1796 2003 2099 2062 Salvatoris

539 2095 713 2151 nostri
739 2096 976 2151 adventu
1006 2095 1275 2167 completa
1297 2096 1457 2153 esse?
1510 2095 1790 2169 Siquidem
1847 2100 1940 2171 qui
1975 2107 2099 2158 ante

536 2187 742 2246 Christi
793 2196 973 2244 ortum
1004 2187 1316 2244 domesticis
1363 2188 1701 2261 principibus
1738 2204 1803 2245 ac
1846 2189 2097 2258 ducibus,

534 2289 589 2337 et
615 2280 907 2338 solertibus
929 2278 1234 2335 divinarum
1265 2279 1561 2335 lectionum
1592 2279 1954 2346 auditoribus,
1983 2282 2098 2338 suis

534 2376 663 2429 item
696 2372 933 2445 propriis
974 2371 1196 2443 regibus
1237 2378 1292 2427 et
1332 2371 1686 2442 pontificibus
1731 2381 1786 2429 et
1819 2375 2098 2446 prophetis

532 2465 925 2536 gloriabantur,
963 2479 1191 2534 quaeque
1239 2463 1367 2519 olim
1398 2464 1596 2535 regalis
1628 2479 1751 2520 cum
1778 2474 1944 2530 esset,
1980 2474 2096 2521 tum

532 2572 662 2612 suos
688 2556 875 2613 hostes
907 2562 1068 2626 atque
1090 2555 1340 2611 inimicos
1367 2556 1677 2627 superabat,
1701 2564 1815 2611 tum
1832 2571 1945 2613 suae
1963 2573 2097 2628 gen-

530 2649 600 2704 tis
643 2637 926 2704 universa:
977 2647 1230 2719 princeps
1280 2657 1335 2703 et
1394 2649 1502 2703 dux
1552 2648 1869 2715 exsistebat,
1923 2649 2096 2707 tribus

527 2738 687 2795 Iuda.
706 2736 1013 2803 Postremo,
1038 2739 1348 2809 quicunque
1380 2739 1521 2794 inter
1541 2739 1665 2794 illos
1693 2739 1967 2809 quondam
1999 2757 2096 2798 ex-

530 2827 815 2895 cellebant,
842 2845 910 2885 ex
941 2829 1036 2885 illo
1065 2830 1132 2884 ad
1176 2828 1322 2884 hunc
1347 2845 1521 2901 usque
1551 2828 1693 2885 diem
1722 2830 1981 2887 Romanis
1997 2833 2095 2888 tri—

528 2918 725 2976 butarii
758 2918 910 2979 facti.
939 2926 1130 2990 parent
1156 2934 1223 2974 ac
1251 2921 1513 2978 serviunt.
1541 2919 1708 2978 Plane
1749 2921 1894 2979 enim
1934 2923 2093 2979 Chri-

527 3019 648 3068 stus
671 3010 766 3067 Dei
790 3010 1080 3067 videndum
1121 3027 1183 3069 se
1214 3012 1464 3084 praebuit.
1503 3013 1682 3085 Atque
1727 3016 1937 3082 ex.illo,
1972 3032 2092 3089 quae

524 3099 807 3157 dicebatur
855 3102 1190 3173 exspectatio
1245 3105 1508 3175 gentium,
1543 3106 1799 3164 omnibus
1836 3109 2086 3181 gentibus

525 3192 702 3263 palam
733 3193 981 3249 nuntiata
1024 3201 1128 3251 est.
1154 3203 1262 3251 Aut
1291 3196 1437 3251 dicat
1479 3198 1611 3253 mihi
1636 3198 1855 3269 aliquis,
1904 3210 2085 3256 utrum

525 3283 582 3340 in
616 3284 851 3342 adventu
870 3284 1001 3342 Iesu
1026 3284 1324 3344 Salvatoris
1343 3290 1517 3347 nostri
1541 3331 1556 3355 ,
1585 3306 1922 3364 quaecunque
1943 3295 2086 3364 apud

523 3375 782 3434 Hebrmos
833 3378 1173 3449 majestatem
1234 3381 1469 3452 aliquam
1523 3380 1815 3448 haberent,
1870 3399 2086 3441 necnon

521 3475 695 3525 mater
726 3469 967 3541 ipsorum
999 3470 1194 3528 civitas
1226 3488 1335 3527 una
1364 3488 1488 3528 cum
1524 3474 1744 3545 templo,
1774 3482 1827 3531 et
1850 3490 1916 3531 eo
1939 3476 2083 3547 quod

520 3563 576 3619 in
606 3564 808 3636 templo
835 3564 1214 3621 celebrabatur
1248 3567 1552 3635 sacrificio,
1584 3583 1817 3641 cumque
1832 3569 2086 3625 domesti-

517 3655 598 3710 cis
627 3653 858 3712 ducibus
889 3669 955 3711 ac
986 3655 1322 3728 principibus
1351 3672 1461 3712 non
1481 3656 1799 3722 defecerint,
1829 3667 1883 3716 et
1901 3668 2081 3715 utrum

517 3761 637 3822 qum
663 3746 721 3803 in
749 3761 844 3818 spe
868 3747 1048 3819 posita
1091 3754 1268 3813 erant,
1321 3749 1674 3819 gentiumque
1712 3764 1833 3820 quae
1874 3751 1930 3805 in
1966 3756 2082 3805 toto

515 3841 647 3897 orbe
704 3846 912 3905 essent,
957 3840 1329 3911 exspectatio,
1374 3856 1442 3897 ex
1491 3840 1584 3896 illo
1617 3848 1859 3914 tempore
1915 3858 2081 3914 appa-

514 3929 743 3994 ruerint,
804 3928 1023 4000 quando
1082 3928 1249 3984 etiam
1271 3944 1359 3993 ea,
1399 3944 1520 3999 qua:
1573 3928 1803 3986 Domino
1842 3930 2080 4002 reposita

512 4024 690 4085 erant,
715 4024 999 4073 venerunt.
1030 4017 1137 4073 Sed
1153 4033 1273 4091 quae
1288 4017 1505 4074 tandem
1527 4017 1644 4074 haec
1664 4019 1906 4075 habenda
1927 4027 2076 4085 sunt,

514 4107 619 4165 nisi
646 4123 710 4163 ea
737 4123 857 4179 qua:
882 4108 1121 4165 continet
1142 4110 1423 4165 oraculum
1459 4109 1630 4165 illud?
1649 4128 1669 4162 ι
1696 4108 1857 4176 Iuda,
1881 4117 1935 4168 te
1964 4112 2080 4166 lau-

512 4198 718 4255 dabunt
744 4198 941 4256 fratres
972 4200 1070 4262 tui.
1105 4216 1302 4257 manus
1330 4208 1438 4259 tuae
1470 4202 1527 4256 in
1540 4209 1695 4271 tergo
1728 4201 2077 4260 inimicorum

513 4298 754 4353 tuorum,
809 4291 1021 4345 catulus
1074 4291 1250 4347 leonis
1296 4289 1460 4357 Iuda,
1492 4290 1558 4348 de
1583 4308 1667 4364 get
1684 4292 1846 4359 mine,
1876 4293 1951 4350 illi
1980 4296 2074 4362 mi,

512 4380 830 4446 ascendisti,
859 4382 1182 4438 recumbens
1208 4382 1511 4440 dormivisti
1551 4391 1610 4438 ut
1656 4385 1761 4449 leo,
1810 4392 1865 4441 et
1894 4393 1952 4441 ut
1981 4402 2074 4441 ca-

511 4474 660 4530 tulus
688 4471 880 4540 leonis,
910 4473 1036 4544 quis
1062 4475 1505 4543 excitabiteum?
1531 4496 1550 4529 )
1576 4478 1741 4552 376
1771 4479 1897 4535 Rrec
1926 4480 2072 4536 enim

508 4563 616 4620 alio
634 4579 800 4622 sensu
825 4579 889 4621 ea
913 4572 1063 4631 sunt,
1099 4582 1219 4636 quae
1248 4567 1326 4622 illi
1347 4569 1588 4641 reposita
1616 4580 1792 4637 erant,
1814 4588 1934 4643 qua:
1956 4572 2072 4642 ipsa

509 4669 727 4726 quoque
770 4655 884 4726 jam
918 4662 1133 4726 tempus
1172 4663 1255 4713 est
1293 4665 1353 4712 ut
1390 4661 1841 4732 contemplemur,
1876 4662 1922 4718 si
1966 4663 2071 4718 hoc

508 4748 744 4831 primum
773 4746 1163 4804 attenderimus
1195 4749 1501 4821 diligenter,
1532 4753 1700 4809 variis
1731 4752 2070 4823 diversisque

507 4840 787 4896 Christum
831 4838 1143 4896 nominibus
1170 4839 1355 4897 divina
1384 4843 1603 4898 oracula
1634 4843 1905 4915 appellare
1930 4859 2066 4899 conto

505 4932 772 4990 suevisse.
808 4930 943 4986 Nam
986 4931 1150 4991 modo
1181 4931 1333 4987 illum
1373 4942 1570 4989 vocant
1594 4934 1762 4991 Iacob
1797 4955 1810 4990 :
1846 4954 1865 4988 ι
1899 4934 2067 4992 Iacob

503 5039 640 5097 puer
686 5039 862 5088 meus,
910 5023 1206 5095 suscipiam
1250 5040 1395 5090 eum,
1440 5023 1605 5082 Israel
1656 5027 1862 5083 electus
1892 5042 2064 5091 meus,

502 5114 746 5186 suscepit
779 5130 903 5172 eum
947 5115 1127 5170 anima
1179 5130 1322 5180 mea,
1343 5116 1609 5185 judicium
1642 5119 1895 5190 gentibus
1937 5128 2065 5190 pro-

504 5205 637 5262 feret
655 5206 721 5273 “,
759 5224 779 5259 ι
811 5214 866 5263 et
897 5222 1019 5280 quae
1061 5213 1387 5279 sequuntur;
1417 5209 1615 5280 quibus
1660 5209 1726 5264 ad
1765 5219 2063 5267 extremum

504 5295 637 5353 illud
670 5296 886 5353 additur
917 5317 930 5353 :
969 5316 989 5351 ι
1028 5299 1207 5355 Donec
1248 5311 1414 5372 ponat
1443 5301 1496 5354 in
1525 5309 1666 5356 terra
1687 5301 1975 5373 judicium,
2011 5310 2065 5358 et

502 5383 562 5439 in
593 5386 810 5444 nomine
828 5387 948 5457 ejus
965 5397 1153 5458 gentes
1169 5388 1550 5460 sperabunt“;
1572 5409 1590 5443 ι
1626 5390 1787 5446 modo
1813 5392 2062 5448 eumdem

502 5472 845 5532 Salomonem
887 5487 943 5534 et
980 5478 1150 5537 David
1196 5483 1510 5548 nominant,
1547 5480 1890 5540 Salomonem
1940 5484 2063 5557 qui-

563 5677 614 5716 ⁸³
650 5679 754 5735 lsa.
786 5694 933 5746 mi,
968 5681 1020 5737 l.
1095 5682 1141 5773 δξ
1176 5682 1307 5739 ibid.
1343 5684 1395 5739 4.

2201 1835 2294 1873 νου
2324 1817 2417 1871 καί¹
2441 1818 2521 1881 είς
2545 1816 2704 1889 δεῦρο
2725 1816 3014 1887 Ῥωμαίοις
3042 1815 3319 1879 ὑποτελεῖς
3348 1813 3709 1887 καθεστήκασιν.

2214 1908 2485 1978 Ἐπεφάνη
2529 1906 2637 1979 γὰρ
2678 1907 2863 1977 σαφῶς
2909 1909 2937 1961 6
2965 1907 3201 1979 Χριστὸς
3246 1905 3340 1961 τοῦ
3380 1906 3528 1970 Θεοῦ,
3568 1905 3645 1960 καὶ
3669 1903 3713 1968 ἐξ

2200 2001 2408 2055 ἐκείνου
2446 2003 2479 2072 ἡ
2504 1999 2768 2072 λεγομένη
2815 1998 3108 2071 προσδοκία
3137 1999 3250 2054 τῶν
3283 1998 3445 2054 ὲθνῶν
3474 2000 3547 2063 εἰς
3574 1997 3712 2052 πάντα

2199 2092 2268 2145 τὰ
2298 2091 2424 2163 ἔθνη
2455 2092 2911 2164 ἀνακεκήρυκται.
2954 2092 3027 2146 Ἦ
3051 2090 3264 2162 λεγέτω
3301 2108 3404 2156 τις,
3433 2092 3479 2145 εἰ
3512 2089 3577 2163 μὴ
3607 2088 3717 2144 κατὰ

2200 2182 2296 2254 τὴν
2334 2182 2653 2253 ἐπιφάνειαν
2691 2181 2865 2254 Ἰησοῦ
2905 2180 3000 2236 τοῦ
3040 2182 3297 2256 Σωτῆρος
3342 2181 3508 2256 ήμῶν,
3544 2180 3604 2235 τά
3641 2180 3714 2251 μὲν

2200 2273 2351 2347 παρὰ
2388 2274 2657 2339 Ἰουδαίοις
2691 2273 2883 2345 σεμνὰ,
2915 2274 2951 2345 ἦ
2980 2290 3039 2327 τε
3066 2274 3402 2347 μητρόπολις
3447 2272 3603 2328 αὐτῶν
3628 2273 3717 2344 ἅμα

2198 2365 2275 2437 τῷ
2316 2364 2474 2439 ἱερῷ,
2510 2366 2605 2420 καὶ
2645 2368 2710 2437 τῇ
2744 2366 2802 2419 ὲν
2840 2364 3014 2435 τούτῳ
3052 2365 3452 2438 συντελουμένῃ
3493 2364 3715 2433 ἀγιστεὶξι

2200 2458 2337 2530 μετά
2375 2459 2471 2512 καὶ
2507 2457 2614 2512 τῶν
2647 2457 2859 2512 οἰκείων
2901 2456 3223 2529 ἡγουμένων
3264 2474 3327 2510 τε
3359 2457 3454 2511 καὶ
3492 2454 3720 2527 ἀρχόντων

2195 2549 2558 2603 διαλέλοιπεν·
2616 2547 2983 2604 ἀναδέδεικται
3047 2548 3105 2602 δὲ
3165 2547 3233 2614 ἐξ
3300 2548 3502 2603 ἐκείνου
3544 2545 3604 2598 τὰ
3640 2544 3720 2614 τῆς

2196 2640 2425 2706 ἐλπίδος,
2456 2641 2550 2695 καί⁸
2580 2641 2875 2712 προσδοκία
2897 2642 3004 2695 τῶν
3035 2640 3208 2696 ἐθνῶν
3239 2639 3350 2694 τῶν
3377 2638 3491 2694 καθ’
3517 2637 3625 2709 ὅλης
3643 2635 3720 2705 τῆς

2194 2731 2549 2804 οἰκουμένης,
2605 2733 2696 2787 ὅτε
2757 2734 2853 2788 καὶ
2900 2731 3125 2804 ἐλήλυθε
3189 2731 3264 2786 τὰ
3313 2730 3627 2802 ἀποκείμενα
3662 2725 3721 2796 τῷ

2193 2823 2400 2896 Κυρίῳ.
2427 2824 2560 2879 Τίνα
2584 2824 2641 2879 δὲ
2674 2824 2707 2897 ἢ
2745 2824 2814 2879 τὰ
2853 2824 3151 2896 δηλούμενα
3182 2824 3277 2878 διὰ
3306 2822 3421 2877 τοῦ’
3453 2841 3471 2873 ι
3492 2820 3654 2883 Ἰούδα,
3675 2817 3721 2870 οε

2193 2914 2492 2971 αἰνέσουσιν
2517 2916 2567 2969 οἰ
2596 2914 2812 2984 ἀδελφοί
2854 2933 2980 2979 σου,
3022 2917 3079 2968 αί
3106 2916 3296 2988 χεῖρές
3330 2931 3423 2969 σου
3474 2911 3559 2966 ἐπὶ
3589 2909 3720 2964 νώτου

2191 3005 2300 3062 τῶν
2320 3005 2526 3078 ἐχθρῶν
2549 3021 2662 3063 σου.
2687 3006 2930 3079 Σκύμνος
2951 3007 3162 3072 λέοντος
3187 3006 3384 3072 Ἰούδα,
3427 3007 3489 3060 ἐκ
3513 2999 3721 3076 βλαστοῦ,

2189 3098 2274 3153 υἱέ
2330 3111 2453 3164 μου,
2492 3097 2706 3171 ἀνέϐης.
2755 3096 3065 3163 Ἀναπεσὼν
3126 3098 3440 3171 ἐκοιμήθης
3482 3096 3554 3160 ὡς
3599 3092 3723 3151 λέων,

2185 3188 2279 3243 καὶ
2307 3187 2383 3253 ὡς
2415 3186 2651 3259 σκύμνος
2693 3188 2922 3254 λέοντος.
2952 3190 3048 3255 Τίς
3084 3192 3277 3263 ἐγερεῖ
3306 3188 3500 3253 αὐτόνς
3524 3207 3543 3241 ι
3574 3182 3723 3239 ’ταῦτα

2183 3278 2292 3353 γὰρ
2338 3280 2460 3337 καθ’
2492 3280 2684 3353 ἑτέραν
2739 3281 2976 3338 διάνοιαν
3018 3281 3088 3336 τὰ
3130 3282 3293 3354 αὐτῷ
3335 3273 3725 3350 ἀποκείμενα·.δ

2184 3375 2277 3430 καὶ
2303 3375 2463 3443 αὐτὰ,
2494 3375 2649 3447 φέρε,
2679 3377 3121 3449 κατανοήσωμεν,
3172 3376 3406 3449 πρῶτον
3433 3372 3598 3443 τούτῳ
3631 3370 3726 3421 επι-

2183 3470 2497 3541 στήσαντες,
2531 3469 2608 3534 ὡς
2647 3469 2920 3543 διαφόροις
2938 3470 3028 3525 τὸν
3058 3471 3303 3543 Χριστὸν
3344 3470 3569 3541 ὀνόμασι
3594 3477 3729 3535 προσ·

2181 3560 2461 3630 αγορεύειν
2502 3557 2755 3614 εἰώθασιν
2792 3562 2841 3613 οἱ
2900 3562 3030 3615 θεῖοι
3064 3559 3337 3634 χρησμοί.
3371 3558 3506 3613 Τοτὲ
3539 3551 3727 3628 μὲνγὰρ

2180 3651 2341 3705 αὐτὸν
2372 3651 2625 3706 καλοῦσιν
2665 3652 2879 3706 ’ῐακὼϐο
2925 3672 2942 3705 ι
2965 3651 3159 3707 Ἰακὼϐ
3207 3656 3240 3708 6
3282 3656 3420 3717 παῖς
3464 3668 3582 3722 μου,
3608 3649 3730 3702 ἀντι-

2178 3742 2417 3815 λήψομαι
2448 3743 2636 3809 αὐτοῦ,
2665 3743 2880 3816 Ἰσραὴλ
2910 3747 2939 3799 6
2964 3743 3224 3810 ἐκλεκτός
3249 3762 3385 3817 μου,
3412 3737 3731 3816 προσεδέξατο

2178 3835 2336 3889 αὑτὸν
2375 3837 2408 3907 ἠ
2442 3835 2585 3908 ψυχή
2638 3852 2760 3907 μου·
2814 3837 2991 3906 κρίσιν
3043 3839 3158 3901 τοῖς
3217 3837 3442 3891 ἔθνεσιν
3494 3835 3687 3902 ἐξοίσει,
3713 3847 3729 3880 ι

2178 3927 2272 3980 καὶ
2286 3926 2354 3980 τὰ
2380 3926 2525 3997 ἑξῆς·
2548 3920 2630 3991 οἷς
2662 3924 2947 3998 ἐπείρηται
2966 3945 2980 3958 σ
3009 3944 3027 3978 ι
3060 3928 3211 3991 Ἕως
3237 3927 3309 3982 ἂν
3337 3927 3406 4000 θῇ
3436 3928 3525 3981 ἐπὶ
3538 3925 3630 3993 τῆς
3649 3918 3732 3990 τῆς

2177 4020 2376 4092 κρίσιν,
2410 4021 2503 4073 καὶ
2536 4021 2629 4074 ἐπὶ
2656 4019 2735 4092 τῷ
2766 4020 2986 4091 ὀνόματι
3034 4020 3205 4074 αὐτοῦ
3260 4022 3399 4094 ἔθνη
3430 4015 3659 4074 ὲλπιοῦσι
3678 4032 3690 4045 ’
3714 4033 3730 4064 ι

2174 4112 2294 4166 τοτὲ
2328 4112 2385 4167 δὲ
2422 4113 2582 4168 αὐτὸν
2609 4113 2896 4184 Σολομῶνα
2933 4113 3024 4167 καὶ
3051 4113 3223 4168 Δαὸὶδ
3276 4113 3633 4187 ὀνομάζουσι’
3658 4105 3735 4158 Σο-

2176 4203 2390 4274 λομῶνα
2420 4204 2538 4275 μὲν,
2570 4204 2646 4269 ὡς
2685 4206 2742 4259 ὲν
2772 4211 2849 4258 οα¹
2882 4204 3102 4275 ψαλμῷ,
3142 4203 3625 4277 ἐπιγεγραμμένῳ
3659 4196 3739 4269 μὲν

2176 4299 2278 4362 Εἰς
2298 4297 2635 4366 Σολομῶνα,
2665 4297 2850 4366 σαφῶς
2864 4297 2918 4351 δὲ
2946 4296 3016 4351 τὰ
3045 4296 3175 4369 περὶ
3201 4298 3308 4352 τοῦ
3344 4294 3583 4370 Χριστοῦ
3610 4306 3739 4362 περι·

2174 4385 2348 4456 έχοντι
2367 4403 2381 4417 ο
2424 4386 2485 4439 τὸ
2515 4385 2646 4459 γὰρ,
2674 4406 2691 4438 ι
2716 4385 3147 4458 Κατακυριεύσει
3180 4386 3303 4440 ἀπὸ
3351 4384 3625 4452 θαλάσσης
3653 4377 3741 4436 ἓως

2176 4477 2466 4549 θαλάσσης,
2499 4479 2592 4532 καὶ
2616 4479 2724 4534 ἀπὸ
2753 4477 2994 4551 ποταμοῦ
3021 4478 3125 4542 ἓως
3144 4478 3421 4552 περάτων
3459 4475 3558 4546 τῆς
3590 4472 3740 4525 οἰκου-

2175 4569 2360 4641 μένης,
2395 4570 2488 4623 καὶ
2514 4570 2689 4624 πάντα
2718 4570 2844 4641 ἔθνη
2879 4569 3264 4624 δουλεύσουσιν
3296 4564 3478 4641 αὐτῷ,
3504 4587 3522 4618 ι
3552 4564 3639 4620 καὶ
3661 4561 3743 4614 ὅσα

2169 4657 2378 4724 τούτοις
2424 4660 2551 4733 ἑξῆς
2598 4662 2627 4715 6
2666 4661 2877 4733 ψαλμδς
2918 4660 3180 4733 περιέχει,
3234 4661 3399 4732 μόνῳ
3440 4657 3521 4729 τῷ
3552 4648 3741 4726 Χριστῷ

2170 4753 2395 4826 ἁρμόζοι
2430 4753 2494 4809 ἄν
2513 4772 2526 4785 -
2558 4756 2722 4810 Δαϐἰδ
2759 4755 2815 4809 δὲ
2840 4756 2896 4809 ὲν
2922 4761 3011 4826 πη⁹
3032 4753 3240 4825 ψαλμῷ
3268 4755 3446 4810 πάλιν
3489 4754 3519 4806 6
3540 4744 3745 4822 Χριστὸς

2167 4842 2523 4916 ἀνηγόρευται
2541 4861 2555 4875 ’
2582 4844 2703 4898 ἐπεὶ
2733 4843 2808 4915 μὴ
2843 4843 2921 4915 τῷ
2951 4842 3133 4908 Δαόὶδ,
3170 4844 3337 4915 μόνῳ
3370 4844 3432 4897 δὲ
3457 4839 3605 4910 αὐτῷ
3632 4850 3743 4888 κατ-

2172 4935 2374 5007 ἀλληλα
2405 4935 2471 4991 ἂν
2503 4937 2585 5009 εἴη
2622 4936 2718 4990 καὶ
2764 4935 2835 4989 τὰ
2878 4938 2936 4990 ὲν
2971 4935 3144 5006 τούτῳ
3174 4934 3477 5008 λεγόμενα
3497 4975 3513 4999 ,
3544 4924 3649 4986 οἷον
3678 4924 3747 4978 τό·

2178 5028 2387 5093 «Αὐτὸς
2429 5027 2809 5084 ὲπικαλέσεταί
2845 5045 2942 5100 με’
2985 5029 3172 5100 Πατήρ
3219 5046 3337 5099 μου
3381 5026 3437 5082 εἷ
3480 5028 3569 5091 σὺ,
3612 5015 3748 5085 κάγὼ

2166 5119 2505 5192 πρωτότοκον
2530 5118 2765 5190 θήσομαι
2804 5120 2983 5185 αὑτὸν,
3016 5119 3223 5191 ὑψηλὸν
3263 5118 3436 5193 παρὰ
3468 5120 3583 5182 τοῖς
3620 5112 3750 5186 βεϐι-

2164 5211 2314 5266 λεῦσι
2340 5211 2437 5283 τῆς
2459 5214 2583 5283 γῆς.
2632 5211 2727 5275 Εἰς
2757 5211 2848 5265 τὸν
2872 5212 3045 5266 αἰῶνα
3071 5208 3308 5281 φυλάξω
3343 5210 3508 5281 αὐτῷ
3538 5209 3599 5262 τὸ
3623 5200 3749 5259 ad;

2170 5320 2268 5377 μου
2288 5321 2302 5335 ·
2336 5322 2355 5356 ο
2391 5304 2484 5358 καὶ
2516 5303 2708 5357 πάλιν·
2752 5324 2772 5355 ι
2798 5304 2872 5359 Τὸ
2900 5303 3119 5378 σπέρμα
3140 5302 3325 5357 αὑτοῦ
3363 5305 3452 5367 εἰς
3484 5301 3575 5357 τὸν
3600 5295 3751 5353 αἰῶνα

2169 5397 2337 5465 μενεῖ,
2372 5395 2467 5448 καὶ
2507 5395 2537 5448 6
2572 5393 2758 5468 θρόνος
2804 5392 2965 5447 αὑτοῦ
2995 5393 3070 5455 ὠς
3103 5393 3132 5445 6
3161 5390 3332 5461 ἥλιος
3366 5390 3618 5446 ἐναντίον
3644 5399 3753 5458 μου,

2165 5485 2257 5539 καὶ
2297 5486 2373 5551 ὡς
2416 5488 2451 5560 ἡ
2493 5486 2688 5559 σελήνη
2748 5483 3154 5557 κατηρτισμένη
3197 5484 3294 5547 εἰς
3362 5484 3466 5539 τὸν
3521 5479 3709 5539 αἰῶνα.
3736 5493 3751 5524 ι
