3922 6200
266 222 365 277 589

1140 212 1788 275 DEMONSTRATIONIS
1825 219 2281 275 EVANGELICIE
2323 220 2451 275 LIB.
2498 212 2631 278 VIII.

3388 213 3494 277 890

263 337 443 401 υῦτως
482 332 573 391 οὖν
604 336 743 408 μετά
793 337 1000 408 μυρίων
1040 336 1215 391 ἄλλων
1258 339 1351 391 τού
1379 338 1614 409 Χριστοῦ
1656 357 1824 411 προσ-

1935 341 2068 405 lem,
2102 347 2160 393 ut
2191 341 2241 393 in
2278 356 2402 395 LXXI
2436 342 2663 411 psalmo,
2696 340 2787 412 qui
2820 338 2885 394 In
2915 337 3246 394 Salomonem
3277 342 3493 414 quidem

261 429 515 501 ηγοριῶν,
540 429 605 483 δι’
638 421 715 482 ὧν
742 428 903 482 αὑτὸν
935 432 982 482 οί
1012 428 1144 481 θεῖοι
1181 429 1328 498 λόγοι
1358 429 1703 501 σημαίνουσι,
1734 433 1827 485 καὶ

268 521 466 585 Ἰούδας
495 521 695 592 ὁμοίως
724 521 812 575 διὰ
842 521 949 574 τῶν
980 522 1354 593 προκειμένων
1376 522 1694 593 ἁνειρῆσθαι
1738 523 1828 575 δύι

262 628 433 678 ναται,
445 615 526 667 ὅτι
543 613 636 667 καὶ
652 614 715 666 ἐκ
729 613 830 683 τῆς
845 613 1011 667 ’ἰούδα
1026 614 1214 683 γέγονε
1235 613 1425 684 φυλῆς⁴
1440 614 1707 685 Πρόδηλον
1722 615 1829 684 γὰρ

262 704 401 759 κατά
426 703 516 757 τὸν
550 705 887 771 ’Δπόστολον,
920 706 1001 758 ὅτι
1028 708 1090 758 ἐκ
1117 705 1285 776 φυλῆς
1325 705 1494 758 Ἰούδα
1533 706 1827 759 ἀνατέταλά

260 811 355 847 κεν
387 797 415 848 ὁ
443 793 632 865 Σωτὴρ
677 795 770 847 καὶ
799 793 999 865 Κύριος
1034 796 1209 865 ἡμῶν.
1246 793 1431 866 Τούτῳ
1456 794 1519 866 δὴ
1558 790 1649 847 οὖν
1688 794 1829 847 κατά

258 888 493 941 διάνοιαν
518 888 596 959 τῷ
621 887 790 942 Ἰούδα
812 889 1147 959 ἀποκείμενα
1173 884 1240 960 ἧν
1264 889 1332 942 τὰ
1358 888 1824 961 προφητευόμενα.

258 981 394 1035 Τίνα
421 981 476 1035 δέ
509 978 577 1053 ἦν
602 980 809 1045 ταῦτα;
858 981 1074 1053 πρῶτον
1122 982 1220 1052 μὲν
1252 980 1311 1033 τὸ
1344 980 1690 1054 ἐπαινεθῆναι
1722 981 1828 1034 ὑπὶ

255 1071 367 1125 τῶν
424 1070 666 1141 ἀδελφῶν
726 1072 920 1126 αὑτοῦ·
996 1073 1244 1145 δεύτερον
1288 1075 1430 1129 κατά
1495 1074 1662 1130 νώτου
1722 1077 1828 1131 τῶν

259 1162 467 1235 ἐχθρῶν
490 1163 651 1217 αὑτοῦ
671 1163 769 1227 τὰς
784 1166 971 1234 χεῖρας
999 1164 1270 1218 ἐπιϐαλεῖν
1287 1182 1300 1197 ’
1330 1165 1507 1239 τρίτον
1525 1184 1830 1239 προσκυνη-

257 1253 414 1324 θῆναι
434 1253 541 1306 ὑπὸ
556 1252 665 1306 τῶν
695 1251 827 1307 υἱῶν
847 1253 940 1306 τοῦ
964 1254 1167 1325 πατρὸς
1196 1254 1381 1311 αὑτοῦ.
1407 1258 1473 1309 Ἀ
1507 1256 1600 1310 καὶ
1646 1257 1828 1321 τέλους

257 1346 550 1417 ἐτύγχανεν
567 1346 798 1418 ὁπηνίκα
813 1347 950 1410 τέως
975 1346 1072 1418 μὲν
1088 1347 1185 1411 τάς
1206 1348 1534 1420 παραδόξους
1549 1350 1825 1421 δυνάμεις,

256 1440 352 1491 καὶ
394 1438 463 1491 τά
515 1440 773 1511 τεράστια
841 1439 1095 1511 θαύματα
1158 1440 1418 1493 ἐπιτελῶν
1468 1441 1825 1514 ἐθαυμάζετο,

258 1532 354 1585 ποια)⁸
387 1533 664 1602 ἐπῃνεῖτο,
721 1532 816 1585 καὶ
866 1535 1253 1603 προσεκυνεῖτο
1303 1533 1437 1605 πρὸς
1475 1533 1585 1586 τῶν
1636 1533 1827 1588 ἑαυτοῦ

259 1610 513 1691 μαθητῶν
546 1638 603 1675 τε
639 1623 732 1674 καὶ
754 1623 1082 1688 ἀποστόλων,
1135 1622 1228 1688 οὓς
1268 1624 1359 1678 καὶ
1399 1625 1660 1694 ἀδελφοὺς
1690 1628 1827 1680 ἀπο-

1934 432 2229 502 inscriptns
2260 442 2365 496 est,
2403 435 2561 504 plane
2590 442 2767 489 autem
2798 449 2918 504 qum
2946 434 3011 488 ad
3044 433 3323 489 Christum
3353 435 3495 491 reice

1933 524 2099 578 renda
2146 533 2294 589 sunt,
2341 529 2602 580 continet.
2633 526 2769 580 Illud
2807 526 2952 579 enim
2983 545 2997 580 :
3043 545 3060 577 ‹
3098 525 3161 578 Et
3188 526 3494 583 dominabi-

1933 626 2022 668 tur
2051 631 2080 668 a
2105 617 2239 669 mari
2276 632 2447 687 usque
2478 616 2545 671 ad
2582 633 2750 680 mare,
2784 624 2834 671 et
2885 632 2914 669 a
2950 616 3173 671 flumine
3221 634 3393 688 usque
3426 620 3495 673 ad

1934 710 2069 763 lines
2096 710 2245 763 orbis
2276 718 2453 774 terrae,
2494 719 2548 765 et
2575 725 2765 765 omnes
2795 717 2983 780 gentes
3014 710 3250 764 servient
3275 711 3326 763 ei
3358 711 3422 774 ⁸⁷,
3472 730 3492 763 ι

1931 812 1983 858 et
2004 819 2339 875 quaecunque
2361 814 2483 874 post
2510 805 2627 873 ipsa
2658 805 2770 859 haec
2798 804 3053 873 deinceps
3085 802 3336 860 Psalmns
3365 820 3500 859 con-

1932 895 2087 959 tinet,
2118 897 2210 949 uni
2243 896 2429 965 utique
2459 894 2679 950 Christo
2709 902 2836 951 sunt
2870 895 3353 951 accommodanda.
3391 895 3497 950 Da-

1931 986 2019 1039 vid
2050 1002 2178 1041 vero
2207 1003 2399 1042 rursus
2435 987 2734 1057 appellatus
2773 996 2857 1041 est
2886 986 3159 1051 Christus,
3193 988 3247 1041 in
3287 989 3497 1058 psalmo

1932 1095 2197 1145 Lxxxvm,
2251 1079 2691 1150 quandoquidem
2722 1094 2990 1149 nusquam
3032 1080 3133 1149 ipsi
3178 1078 3367 1144 David,
3402 1080 3496 1135 sed

1933 1172 2026 1225 uni
2060 1171 2157 1234 illi,
2189 1188 2308 1241 qua:
2334 1173 2387 1225 in
2430 1172 2531 1225 hoc
2566 1173 2693 1224 item
2727 1169 3005 1238 dicuntur,
3039 1173 3335 1228 convenire
3370 1189 3499 1244 pose

1932 1270 2079 1328 sunt,
2111 1264 2276 1318 veluti
2306 1264 2436 1317 illud
2477 1283 2488 1317 :
2532 1281 2549 1313 ι
2592 1264 2710 1331 Ipse
2752 1264 2965 1317 vocabit
2997 1280 3117 1319 me:
3150 1263 3310 1319 Pater
3343 1282 3497 1320 meus

1929 1370 1989 1411 es
2020 1364 2099 1420 tu,
2135 1364 2188 1411 et
2216 1371 2315 1426 ego
2339 1355 2758 1426 primogenitum
2806 1370 3002 1425 ponam
3036 1371 3184 1419 eum,
3222 1357 3497 1411 excelsum

1931 1465 2041 1519 pra:
2066 1448 2281 1519 regibus
2321 1456 2497 1511 terrae,
2529 1447 2582 1501 in
2612 1454 2874 1502 aeternum
2915 1447 3144 1503 servabo
3169 1448 3242 1501 illi
3286 1450 3500 1503 miseri-

1931 1541 2172 1596 cordiam
2220 1556 2393 1594 meam
2423 1540 2488 1594 ⁸⁸.
2532 1558 2551 1591 ι
2598 1539 2661 1592 Et
2714 1554 2945 1595 rursus:
2989 1558 3007 1591 ι
3048 1538 3244 1594 Semen
3293 1540 3412 1610 ejus
3443 1541 3498 1595 in

1930 1642 2191 1688 aeternum
2224 1640 2425 1696 manet,
2457 1641 2510 1686 et
2543 1632 2699 1687 sedes
2732 1631 2852 1700 ejus
2894 1640 2953 1684 ut
2989 1631 3072 1685 sol
3112 1631 3166 1684 in
3200 1641 3498 1702 conspectu

257 1714 443 1768 καλεῖν
475 1714 572 1768 οὑκ
602 1713 760 1768 ῶκνει
786 1756 799 1779 ,
834 1716 922 1769 διὰ
959 1716 1055 1786 μὲν
1088 1715 1177 1770 τοῖ’
1204 1716 1416 1788 ψαλμοῦ
1446 1717 1638 1788 λέγων,
1670 1738 1689 1770 ι
1712 1719 1835 1773 ’Λπ-

1936 1735 2075 1785 meo,
2108 1728 2161 1775 et
2210 1727 2269 1774 ut
2313 1721 2440 1774 luna
2470 1719 2707 1790 perfecta
2738 1722 2793 1775 in
2825 1729 3090 1776 teternum
3120 1721 3184 1777 ιθ.
3226 1740 3244 1773 ι
3278 1721 3367 1776 Sic
3398 1722 3502 1793 igi-

258 1806 472 1875 ἀγγελῶ
524 1807 582 1860 τὸ
617 1806 785 1879 ὄνομά
816 1826 909 1861 σου
956 1812 1067 1873 τοῖς
1110 1808 1355 1878 ἀδελφοῖς
1407 1828 1539 1881 μου,
1587 1812 1645 1865 ἐν
1682 1812 1830 1882 μέσῳ

1937 1820 2027 1865 tur
2053 1827 2161 1866 una
2188 1827 2312 1866 cum
2359 1812 2479 1867 aliis
2520 1813 3005 1868 innumerabilibus
3030 1812 3230 1867 Christi
3262 1816 3501 1884 appella-

271 1898 597 1969 Ἐκκλησίας
628 1899 854 1971 ὑμνήσω
872 1915 929 1951 σε
956 1916 968 1929 ·
998 1919 1015 1950 ι
1061 1901 1179 1963 ταῖς
1214 1900 1269 1953 δὲ
1298 1901 1442 1971 ἀμφὶ
1473 1901 1572 1973 τὴν
1603 1903 1836 1974 Μαριὰμ

1937 1902 2208 1969 tionibus,
2246 1902 2447 1974 quibus
2481 1903 2630 1956 illum
2674 1904 2855 1958 divina
2900 1905 3121 1959 oracula
3167 1906 3496 1976 significant,

258 1990 609 2061 προστάττων
672 1988 1114 2060 εὐαγγελίζεσθαι
1187 1991 1368 2055 αὑτοῖς
1424 1991 1500 2055 ώς
1558 1992 1823 2063 ἀδελφοῖς·

262 2099 281 2130 ι
335 2080 763 2149 Ἀπαγγείλατε,
805 2102 819 2133 ι
855 2082 962 2152 γάρ
992 2097 1155 2151 φησι,
1195 2100 1213 2131 ι
1253 2085 1366 2145 τοῖς
1414 2083 1661 2152 ἀδελφοῖς
1709 2103 1830 2156 μου,

255 2173 337 2225 ὅτι
384 2172 680 2245 ἀνέρχομαι
725 2174 859 2246 πρὸς
903 2173 993 2227 τὸν
1053 2171 1270 2247 Πατέρα
1319 2195 1440 2248 μου,
1487 2180 1582 2232 καὶ
1620 2181 1833 2253 Πατέρα

257 2265 432 2336 ὑμῶν,
462 2268 556 2320 καὶ
570 2267 699 2321 Θεόν
734 2285 856 2338 μου,
889 2268 982 2321 καὶ
998 2266 1129 2322 Θεὸν
1152 2271 1184 2339 ἠ
1195 2271 1309 2339 μῶν
1332 2271 1429 2340 (1).
1468 2290 1485 2323 ι
1517 2268 1671 2325 Οὕτω
1701 2274 1834 2345 δῆτα

260 2360 421 2414 αὑτὸν
440 2362 489 2413 οἱ
511 2361 725 2431 ἀδελφοὶ
745 2362 813 2415 τὰ
840 2363 937 2432 μὲν
964 2364 1153 2434 πρῶτα
1180 2365 1271 2417 ἐπὶ
1294 2366 1405 2429 τοῖς
1421 2367 1740 2437 παραδόξοις
1760 2364 1834 2433 ὡς

258 2448 560 2525 θαυμάσιον
592 2456 759 2527 ἀνδρα
791 2458 948 2525 μόνον
978 2456 1209 2527 ἐπῄνουν
1229 2499 1243 2523 ,
1266 2456 1360 2510 ’ἐνα
1392 2457 1533 2524 τινὰ,
1565 2459 1639 2522 ώς
1667 2460 1830 2525 εἰκὸς,

256 2547 367 2600 τῶν
392 2548 683 2619 προφητῶν
715 2544 851 2602 εἶναι
890 2548 1277 2619 ὑπειληφότες·
1312 2551 1435 2603 ἐπεὶ
1462 2551 1517 2603 δὲ
1549 2554 1606 2604 ἐν
1631 2552 1708 2623 τῷ
1741 2571 1835 2624 με-

256 2640 392 2708 ταξὺ
425 2640 523 2704 τάς
557 2642 892 2712 θαυμασίους
920 2641 1373 2711 παραδοξοποιίας
1392 2641 1556 2695 αὑτοῦ
1581 2642 1832 2714 ὁρῶντες,

257 2733 357 2787 καὶ
380 2733 456 2796 ὡς
479 2732 721 2787 καθεῖλεν
754 2732 945 2805 ἐχθρόν
977 2750 1034 2787 τε
1067 2735 1159 2788 καὶ
1193 2734 1501 2805 ἐκδικητὴν,
1527 2734 1616 2789 τόν
1644 2752 1707 2804 γε
1741 2734 1836 2789 θά-

257 2844 420 2881 νατον
463 2826 694 2898 ἄρχοντα
718 2827 810 2880 τοῦ
846 2827 1038 2887 αἰῶνος
1082 2827 1271 2881 τούτου
1294 2867 1308 2892 ,
1336 2827 1450 2901 ἅμα
1474 2831 1593 2892 ταῖς
1622 2828 1833 2894 λοιπαῖς

257 2920 509 2991 ἀοράτοις
538 2919 631 2972 καὶ
647 2918 865 2991 ἐχθραῖς
892 2919 1182 2988 δυνάμεσι,
1203 2919 1265 2973 τὸ
1292 2920 1543 2992 τηνικάδε
1570 2920 1701 2974 Θεὸν
1732 2923 1833 2974 αὑ-

259 3012 354 3064 τὸν
384 3007 518 3064 εἶναι
559 3012 965 3079 πιστεύσαντες,
1001 3012 1431 3085 προσεκύνησαν.
1464 3014 1529 3065 Al
1570 3013 1626 3066 δὲ
1655 3018 1833 3085 χεῖρες

260 3102 359 3156 τοῦ
382 3104 799 3175 Σωτῆροςήμῶν
822 3104 962 3158 κατά
981 3105 1149 3158 νώτου
1166 3105 1273 3158 τῶν
1300 3106 1507 3177 ἐχθρῶν
1530 3106 1693 3159 αὑτοῦ
1720 3107 1833 3176 ἐγί-
1859 3143 1901 3201 C

261 3210 433 3261 νοντο,
471 3196 557 3248 ὅτε
578 3196 753 3259 πάσας
787 3197 882 3260 τὰς
907 3197 1130 3267 πράξεις
1160 3198 1349 3263 αὑτοῦ,
1370 3197 1468 3262 τάς
1492 3216 1549 3252 τε
1575 3198 1829 3270 δυνάμεις

260 3286 359 3339 καὶ
374 3288 839 3360 παραδοξοποιίας,
866 3289 953 3342 ἐπὶ¹
975 3289 1286 3361 καθαιρέσει
1318 3289 1424 3343 τῶν
1444 3288 1709 3362 δαιμόνων
1736 3290 1829 3344 καὶ⁸

260 3376 371 3429 τῶν
393 3378 637 3449 πονηρῶν
668 3379 989 3450 πνευμάτων
1016 3381 1267 3432 ἐποιεῖτο.
1298 3378 1455 3431 Ἀλλὰ
1486 3379 1578 3431 καὶ
1597 3379 1829 3451 ὁπηνίκα

264 3467 555 3532 ἐξεπέτασε
606 3470 702 3534 τὰς
741 3473 928 3542 χεῖρας
973 3470 1136 3525 αὑτοῦ
1172 3472 1263 3523 ἐπὶ
1291 3471 1381 3523 τοῦ
1444 3471 1698 3543 σταυροῦ,
1736 3472 1830 3524 καὶ

263 3559 439 3623 οὕτως
480 3561 535 3614 αί
566 3565 744 3633 χεῖρες
781 3560 945 3614 αὑτοῦ
967 3601 981 3624 ,
1013 3564 1319 3631 φευγόντων
1355 3562 1463 3615 τῶν
1496 3561 1703 3634 ἐχθρῶν
1736 3563 1829 3615 καὶ

262 3651 333 3704 τὰ
378 3652 520 3706 νῶτα
575 3653 1042 3726 παραχωρούντων
1094 3652 1276 3724 αὐτῷ,
1323 3653 1463 3706 κατὰ
1514 3652 1681 3707 νώτου
1721 3653 1829 3705 τῶν

262 3744 472 3817 ἐχθρῶν
501 3747 757 3815 ἐγίνοντο,
777 3748 870 3800 καὶ⁹
896 3746 1091 3817 μᾶλλον
1118 3747 1203 3799 ὅτε
1228 3746 1289 3798 τὸ
1323 3746 1535 3816 πνεῦμα
1561 3745 1829 3817 παραδοὺς

263 3834 343 3908 τῷ
363 3839 557 3910 Πατρὶ,
582 3840 815 3911 ἄσαρκος
833 3840 925 3893 καὶ
950 3839 1152 3910 γυμνός
1171 3830 1229 3891 οὗ
1258 3838 1531 3909 ἀνειλήφει
1560 3838 1826 3908 σώματος,

264 3929 358 3984 ἐπὶ
393 3931 452 3984 τὺ
485 3931 590 3984 τῶν
632 3932 837 4002 ἐχθρῶν
879 3931 1069 4003 κατῄει
1097 3930 1323 4001 χωρίον,
1353 3930 1596 4002 αὑτοζωὴ
1628 3932 1831 4001 τυγχά-

262 4040 392 4085 νων,
442 4023 667 4077 θάνατον
730 4021 1065 4085 καταλύσων,
1119 4022 1213 4074 καὶ
1253 4022 1351 4085 τὰς
1398 4023 1829 4093 ἐπανισταμένας

263 4115 415 4187 αύτῷ
448 4116 721 4184 δυνάμεις,
753 4114 817 4178 ἃς
849 4113 992 4178 εἰκὸς
1025 4116 1146 4168 κατ’
1183 4114 1351 4187 ἀρχὰς
1398 4116 1493 4185 μὲν
1526 4114 1700 4168 κοινὸν
1735 4115 1829 4169 ἄν-

263 4209 501 4280 θρωπον,
540 4208 633 4261 καὶ
662 4210 771 4269 τοῖς
811 4205 1019 4269 πολλοῖς
1049 4207 1231 4276 ὅμοιον
1262 4206 1423 4260 αὑτὸν
1453 4207 1826 4277 ὑπειληφέναι,

258 4299 408 4353 οὕτω
430 4316 489 4351 τε
512 4297 783 4351 κυκλῶσαι
809 4297 967 4351 αὑτὸν
999 4298 1091 4351 καὶ
1126 4296 1274 4349 ώσάν
1323 4296 1401 4368 τῷ
1426 4297 1639 4367 τυχόντι
1666 4300 1829 4369 ἐφορ-

272 4393 472 4465 μῆσαιο
510 4391 628 4443 ἐπεὶ
665 4390 720 4443 δέ
756 4390 995 4458 ἔγνωσαν
1021 4389 1300 4461 κρείττονα
1335 4390 1367 4460 ἢ
1402 4389 1518 4444 κατ’
1550 4389 1830 4461 ἄνθρωπον

1934 1994 2122 2048 eadem
2147 1993 2356 2048 ratione
2379 2002 2435 2047 ut
2463 1992 2633 2050 Judas
2659 2010 2875 2064 quoque
2904 1995 2959 2049 in
2981 1995 3048 2050 iis
3076 2012 3197 2066 quae
3222 1999 3381 2052 modo
3403 2014 3500 2053 ex-

1937 2087 2290 2159 ponebamus,
2314 2087 2384 2142 sit
2410 2087 2731 2157 appellatus,
2753 2086 2868 2142 fieri
2902 2096 3099 2158 potest,
3120 2104 3242 2143 cum
3266 2089 3331 2144 de
3356 2091 3500 2143 tribu

1934 2177 2087 2234 Iuda:
2110 2180 2179 2234 sit
2202 2187 2382 2234 natus.
2410 2178 2635 2233 Constat
2662 2178 2806 2233 enim
2840 2195 2908 2233 ex
2936 2178 3216 2250 Apostolo,
3251 2180 3501 2235 Salvato-

1935 2285 2049 2326 rem
2080 2286 2144 2325 ac
2166 2269 2453 2324 Dominum
2476 2278 2722 2324 nostrum
2741 2268 2807 2324 de
2829 2270 2969 2324 tribu
2987 2268 3138 2325 Judte
3159 2284 3337 2323 ortum
3356 2285 3498 2325 esse.

1936 2363 2074 2418 Huic
2104 2362 2265 2434 igitur
2305 2360 2477 2424 Judaa,
2538 2363 2583 2416 si
2646 2362 2942 2416 secundum
2978 2367 3297 2419 sententiam
3335 2363 3504 2417 inter-

1934 2464 2227 2527 pretemur,
2287 2454 2522 2523 reposita
2581 2461 2738 2509 erant
2806 2454 2918 2520 illa,
2974 2470 3094 2525 quae
3155 2454 3210 2507 in
3266 2454 3501 2523 prophe-

1935 2550 2007 2603 tia
2029 2547 2397 2603 continentur.
2428 2544 2533 2600 Sed
2562 2560 2810 2613 quamam
2840 2545 2955 2599 ιιωο
2978 2545 3235 2601 fuerunt?
3258 2545 3502 2598 Primum

1934 2640 2193 2711 quidem,
2225 2637 2366 2706 quod
2410 2651 2441 2689 a
2494 2635 2757 2691 fratribus
2804 2634 2921 2691 Suis
2966 2638 3110 2693 esset
3161 2637 3501 2703 laudandus;

1935 2730 2130 2785 deinde
2161 2728 2307 2800 quod
2336 2743 2530 2782 manus
2564 2730 2619 2781 in
2650 2735 2859 2798 tergum
2896 2728 3242 2783 inimicorum
3277 2744 3500 2783 suorum

1934 2830 2080 2878 esset
2107 2821 2442 2891 injecturus;
2479 2826 2754 2889 postremo
2792 2820 2936 2889 quod
2970 2820 3281 2877 adorandus
3314 2838 3344 2876 a
3378 2822 3504 2876 filiis

1935 2914 2107 2985 patris
2152 2912 2258 2969 sui.
2290 2911 2421 2978 Qua:
2452 2912 2617 2968 etiam
2658 2928 2817 2968 suum
2856 2914 3015 2968 linem
3049 2923 3341 2969 consecuta
3375 2925 3503 2971 sunt

1935 3022 2042 3077 quo
2082 3013 2357 3075 tempore,
2400 3005 2530 3058 dum
2571 3004 2923 3060 admirabiles
2954 3006 3183 3062 virtutes
3213 3014 3264 3060 et
3316 3008 3506 3077 prodi-

1935 3100 2086 3170 giosa
2132 3098 2391 3152 miracula
2431 3097 2633 3163 ederet,
2667 3098 3011 3153 admirationi
3061 3106 3200 3163 erat,
3233 3109 3287 3154 et
3316 3100 3505 3154 lauda-

1936 3192 2113 3257 batur,
2143 3197 2195 3246 et
2237 3188 2565 3244 adorabatur
2598 3204 2628 3242 a
2671 3191 2787 3245 suis
2820 3190 3102 3261 discipulis
3134 3205 3186 3246 et
3219 3194 3503 3263 apostolis,

1936 3296 2073 3350 quos
2099 3281 2260 3336 etiam
2292 3278 2487 3333 fratres
2516 3295 2710 3334 vocare
2739 3296 2848 3335 non
2880 3290 3135 3351 gravatus
3167 3293 3269 3343 est,
3296 3282 3424 3336 dum
3449 3284 3505 3337 in

1935 3374 2144 3444 psalmo
2163 3374 2240 3428 sic
2261 3371 2419 3427 dicit:
2449 3372 2830 3427 «Annuntiabo
2846 3388 3039 3428 nomen
3068 3382 3217 3429 tuum
3246 3375 3505 3429 fratribus
3600 3416 3605 3421 .

1936 3469 2102 3534 meis;
2129 3468 2184 3522 in
2208 3466 2387 3522 medio
2408 3465 2666 3523 Ecclesia:
2690 3467 2920 3521 laudabo
2941 3475 2991 3521 te
3017 3468 3084 3521 ⁸ο.
3123 3487 3140 3519 ι
3167 3466 3300 3521 Dum
3325 3478 3504 3523 autem

1937 3560 2115 3614 Marize
2143 3568 2196 3613 et
2227 3559 2448 3629 reliquis
2492 3559 2811 3614 mulieribus
2846 3559 3095 3628 imperat,
3131 3567 3190 3613 ut
3213 3576 3332 3630 quae
3361 3561 3505 3615 bona

1937 3653 2171 3708 viderint
2199 3654 2467 3721 nuntient,
2497 3653 2653 3724 quasi
2680 3650 2938 3707 fratribus
2971 3654 3206 3706 nuntiari
3239 3653 3499 3723 imperat:

1935 3746 2094 3817 377
2126 3764 2143 3797 ι
2179 3744 2453 3809 Nuntiate,
2497 3747 2689 3816 inquit,
2737 3743 2992 3797 fratribus
3044 3744 3199 3809 meis,
3238 3745 3382 3813 quod
3417 3761 3501 3799 as-

1936 3841 2108 3896 cendo
2144 3841 2210 3895 ad
2246 3839 2462 3895 Patrem
2485 3854 2685 3902 meum,
2706 3844 2759 3893 et
2790 3835 3002 3889 Patrem
3035 3843 3300 3898 vestrum,
3334 3834 3503 3890 Deum

1938 3948 2139 3999 meum,
2171 3941 2225 3987 et
2260 3931 2426 3986 Deum
2455 3940 2692 3987 vestrum
2745 3930 2810 3981 δι.
2852 3947 2870 3979 ›
2926 3927 3015 3982 Sic
3043 3942 3173 3983 sane
3206 3927 3356 3981 illum
3387 3926 3501 3981 fra-

1937 4033 2048 4079 tres
2104 4026 2494 4079 miraculorum
2550 4022 2746 4094 gratia,
2800 4028 3057 4089 tanquam
3127 4017 3500 4073 admirabilem

1936 4119 2113 4171 virum
2166 4117 2430 4171 duntaxat
2485 4117 2553 4171 ab
2600 4115 2755 4169 initio
2813 4113 3129 4177 laudabant,
3166 4112 3365 4182 quippe
3407 4111 3500 4180 qui

1938 4227 2102 4265 unum
2129 4210 2363 4281 aliquem
2398 4211 2464 4265 de
2488 4209 2785 4280 prophetis,
2814 4215 2874 4260 ut
2904 4205 3198 4260 verisimile
3217 4212 3323 4268 est,
3349 4205 3501 4259 illum

1937 4317 2056 4357 esse
2104 4302 2537 4372 suspicarentur.
2574 4298 2681 4353 Sed
2722 4297 2811 4351 ubi
2863 4296 3076 4350 interim
3127 4293 3498 4355 admirabiles,

1937 4402 1990 4448 et
2020 4409 2234 4448 omnem
2270 4393 2427 4447 fidem
2472 4399 2795 4461 superantes
2838 4389 2984 4442 illius
3017 4390 3259 4442 actiones
3282 4386 3501 4441 intuen—

270 4482 358 4540 ιαὶ
377 4482 651 4554 θειοτέραν
679 4481 858 4551 φύσιν,
890 4482 1160 4553 τραπῆναι
1188 4481 1282 4535 καὶ
1303 4482 1369 4535 τὰ
1401 4482 1545 4536 νῶτα
1576 4498 1832 4554 παραχωο

1941 4494 2049 4549 tur,
2083 4494 2136 4540 et
2167 4484 2619 4557 quemadmodum
2657 4482 2936 4535 inimicum
2969 4486 3034 4534 et'
3057 4480 3320 4542 ultorem,
3352 4494 3503 4534 mor-

265 4577 431 4651 ρῆσαι
462 4575 607 4646 αὑτῷ
630 4615 644 4637 ,
685 4574 805 4628 καθ’
832 4568 906 4627 ὧν
930 4573 1027 4637 τὰς
1057 4578 1242 4645 χεῖρας
1275 4575 1462 4644 ἀφεὶς,
1485 4578 1595 4639 τοῖς
1628 4574 1829 4640 ἐνθέοις

260 4664 429 4723 αὑτοῦ
462 4670 554 4722 καὶ
574 4669 924 4739 ἡκονημένοις
945 4668 1120 4739 βέλεσι
1155 4671 1450 4737 φεύγοντας
1478 4669 1725 4739 ἤλαυνεν,
1754 4671 1829 4734 ὡς

259 4763 351 4816 διὰ
385 4762 541 4816 τοῦτο
578 4760 861 4834 εἰρῆσθαι·
901 4781 918 4812 ι
951 4763 1013 4813 Αἱ
1055 4761 1233 4832 χεῖρές
1277 4778 1369 4813 σου
1407 4763 1498 4814 ἐπὶ
1520 4760 1689 4814 νώτου
1723 4762 1829 4815 τῶν

261 4854 475 4927 ἐχθρῶν
506 4871 620 4907 σου.
659 4873 677 4905 ι
705 4855 767 4907 Εἰ
797 4854 853 4907 δὲ
888 4855 981 4906 καὶ
1004 4852 1169 4906 εἰσέτι
1192 4852 1287 4929 νῦν
1321 4853 1502 4923 μυρίοι
1529 4852 1620 4906 τοῦ
1650 4854 1831 4923 Σωτῆ-

262 4963 358 5018 ρος
373 4944 529 5016 ἡμῶν
556 4943 758 5015 ἐχθροὶ,
780 4944 874 5016 τὴν
907 4945 1227 5016 Ἐκκλησίαν
1260 4944 1422 4998 αὑτοῦ
1445 4946 1584 4998 κατά
1608 4945 1831 5014 καιροὺς

261 5040 519 5110 πολεμεῖν
571 5037 931 5110 ἐπιχειροῦσιν
956 5078 970 5102 ,
1020 5038 1153 5090 ἀλλὰ
1212 5038 1306 5091 καὶ
1348 5036 1570 5101 τούτους
1617 5036 1831 5109 ἀοράτῳ

261 5130 411 5202 χειρὶ
442 5131 534 5183 καὶ
564 5130 730 5201 ἐνθέῳ
756 5130 978 5198 δυνάμει
1005 5129 1325 5200 τροποῦται,
1355 5129 1429 5192 ώς
1452 5130 1544 5183 καὶ
1573 5130 1700 5201 περὶ
1729 5130 1831 5183 αὑ-

262 5222 375 5275 τῶν
425 5222 672 5295 εἰρῆσθαι
727 5220 805 5275 τό·
846 5242 864 5273 ι
913 5224 975 5275 Αἱ
1009 5222 1189 5294 χεῖρές
1235 5238 1324 5273 σου
1364 5220 1457 5273 ἐπὶ
1509 5219 1678 5273 νώτου
1720 5220 1827 5273 τῶν

260 5313 474 5385 ἐχθρῶν
516 5329 629 5367 σου.
675 5334 691 5365 ι
731 5314 948 5386 Ἐπειδὴ
981 5314 1037 5366 δὲ
1077 5315 1176 5385 ἤδη
1202 5311 1384 5366 λοιπόν
1427 5311 1493 5366 τὰ
1540 5311 1681 5365 κατά
1726 5312 1831 5365 τῶν

259 5407 476 5479 ἐχθρῶν
522 5407 809 5479 νικητήρια
849 5408 1170 5478 ἀπειλήφει,
1199 5405 1495 5477 τηνικαῦτα
1533 5405 1834 5478 ἐπληροῦτο

260 5504 358 5556 καὶ
381 5503 462 5567 τὸ,
484 5521 504 5552 r
539 5498 978 5574 Προσκυνήσουσί
1011 5518 1070 5553 σε
1100 5500 1149 5553 οί
1178 5500 1281 5553 υἱοὶ
1305 5499 1396 5553 τοῦ
1423 5498 1635 5576 Πατρός
1663 5515 1777 5562 σου,
1810 5518 1827 5549 ι

332 5592 381 5624 ⁸⁷
421 5591 568 5649 Psal.
598 5608 747 5655 Lxxt,
795 5593 949 5647 841.

1026 5592 1070 5625 ⁵⁸
1107 5592 1255 5651 Psal.
1290 5596 1549 5654 Lxxxvut,
1580 5592 1671 5660 τε,
1697 5592 1788 5647 29.
1864 5591 1909 5623 ⁸³
1949 5592 2080 5646 ibid.
2112 5591 2200 5651 57,
2228 5591 2313 5644 58.

1937 4585 2153 4648 temque
2183 4577 2367 4632 saaculi
2398 4575 2563 4645 hujus
2610 4574 2911 4637 dominum,
2948 4587 3056 4625 una
3106 4587 3231 4626 cum
3278 4569 3503 4640 reliquis

1937 4669 2306 4724 invislbilibus
2357 4676 2412 4722 et
2462 4666 2701 4721 inimicis
2743 4664 3103 4735 potestatibus
3130 4662 3501 4724 sustinuisset,

1939 4770 2054 4816 tum
2082 4776 2214 4816 vero
2244 4758 2412 4814 Deum
2439 4759 2591 4812 illum
2614 4774 2737 4813 esse
2764 4757 3070 4822 credentes,
3105 4754 3497 4809 adoraverunt:

1938 4868 2136 4907 manus
2163 4860 2341 4907 autem
2395 4849 2697 4903 Salvatoris
2745 4847 2914 4902 nostri
2954 4847 3007 4899 in
3052 4853 3206 4914 tergo
3248 4842 3501 4896 inimico-

1939 4962 2056 5000 rum
2105 4960 2329 5001 suorum
2377 4943 2548 5010 fuere,
2596 4957 2705 5012 quo
2739 4947 2981 5009 tempore
3028 4937 3282 4992 videlicet
3311 4950 3502 4990 omnes

1939 5040 2182 5095 actiones
2210 5054 2361 5101 suas,
2391 5046 2443 5091 et
2494 5037 2743 5097 virtutes,
2776 5040 2829 5088 et
2876 5040 3026 5102 gesta
3073 5029 3406 5101 prodigiosa,
3434 5028 3500 5082 ad

1939 5130 2201 5186 delendos
2250 5131 2523 5184 daemones
2559 5137 2613 5183 et
2652 5128 2917 5195 malignos
2970 5125 3197 5193 Spiritus
3252 5121 3503 5176 intende-

1937 5221 2050 5277 bat.
2109 5221 2249 5288 Quin
2290 5222 2451 5277 etiam
2486 5236 2608 5275 cum
2660 5234 2853 5272 manus
2897 5233 3025 5271 suas
3069 5214 3417 5284 expandisset
3445 5212 3503 5269 in

1938 5327 2121 5371 cruce.
2155 5322 2266 5365 tum
2308 5326 2524 5380 quoque
2553 5323 2747 5363 manus
2778 5308 2918 5377 ejus,
2947 5305 3284 5377 fugientibus
3314 5304 3497 5357 inimi-

1939 5406 2019 5460 cis
2063 5413 2115 5459 et
2155 5405 2328 5460 eidem
2372 5412 2521 5475 terga
2570 5400 2851 5464 dantibus,
2885 5402 2940 5455 in
2970 5408 3123 5470 tergo
3157 5398 3501 5453 inimicorum

1943 5498 2183 5559 fuerunt,
2221 5497 2502 5567 magisque
2531 5496 2693 5550 etiam
2727 5509 2853 5550 cum
2880 5492 3029 5546 Patri
3060 5491 3271 5546 reddito
3289 5490 3505 5557 spiritu,

2422 5591 2466 5621 '°
2507 5588 2652 5643 Psal.
2679 5604 2808 5659 xxi,
2836 5588 2927 5644 εδ.
3002 5587 3044 5617 δι
3086 5583 3240 5639 Joan.
3278 5599 3347 5635 τι
3371 5620 3388 5648 ,
3419 5580 3506 5639 ιτ.

333 5681 414 5755 (1)
464 5683 679 5753 Ἢμῶν.
716 5684 873 5742 Forte
903 5685 1076 5758 ὑμῶν,
1105 5692 1165 5742 ut
1202 5691 1256 5740 et
1293 5686 1561 5758 interpres
1600 5685 1798 5757 legisse
1838 5703 1844 5722 τ

1935 5691 2068 5740 etur.
2092 5682 2247 5739 Eptr.
