3922 6200
574 238 680 296 591

1211 231 1481 290 EUSLBII
1515 230 1996 290 CESARIENSIS
2032 234 2183 292 OPP.
2224 236 2406 293 PARS
2438 237 2505 294 l‘l.
2549 267 2614 280 -
2650 237 3145 296 APOLOGETICA.
3610 251 3690 309 ω

582 365 638 413 et
660 370 773 413 sua:
814 353 998 412 carnis
1029 365 1245 423 expers,
1273 358 1328 407 et
1356 366 1422 406 eo
1448 351 1591 422 quod
1626 358 2000 419 assumpserat
2027 366 2118 406 cor

2216 406 2221 416 _
2252 354 2450 418 πάντες
2478 351 2677 427 δηλαδὴ
2721 357 2771 409 οἱ
2798 355 2913 409 κατ’
2947 354 3165 425 οὐρανὸν
3192 355 3401 424 ἄγγελοι.
3421 361 3477 415 τά
3494 378 3539 415 τε
3562 365 3689 420 ma.

580 466 712 524 pore
740 449 998 513 nudatus,
1040 447 1132 517 qui
1167 447 1285 516 ipsa
1322 448 1427 502 vita
1456 454 1593 509 erat,
1628 444 1695 499 ad
1728 445 1845 499 loca
1889 444 2142 501 inimico-

581 557 700 599 rum
719 539 1019 604 descendit,
1044 545 1169 593 utet
1188 548 1414 593 mortem
1431 537 1733 608 etreliquas
1746 552 1866 608 quia
1880 538 2141 594 adversus

578 637 755 707 ipsum
779 639 1126 689 surrexerunt
1155 638 1475 702 potestates,
1502 629 1829 702 dissiparet;
1857 647 1995 703 quas
2017 633 2141 702 qui-

576 729 698 784 dem
720 726 1013 783 verisimile
1042 732 1125 781 est
1144 739 1486 780 communem
1509 724 1798 795 quemdam
1834 725 2131 788 hominum.

574 835 638 876 ac
668 818 896 891 reliquis
926 818 1158 874 similem
1194 827 1343 872 ratas
1376 832 1498 873 esse
1519 817 1695 882 illum,
1724 816 1909 887 itaque
1928 817 2137 872 circum

573 913 822 969 eumdem
851 910 1091 975 stetisse,
1124 919 1178 964 et
1202 909 1358 980 quasi
1392 922 1561 963 unum
1578 907 1646 964 de
1679 908 1864 963 multis
1893 907 2133 972 adortus,

573 1010 737 1074 atque
764 1002 857 1059 ubi
889 1002 1326 1073 praestantiorem
1357 1000 1697 1071 agnoverint,
1717 1015 1880 1071 quam
1899 1010 1957 1055 ut
1976 1001 2137 1055 homo

571 1096 873 1153 existimari
901 1106 1107 1167 posset,
1138 1108 1202 1150 ac
1228 1095 1487 1151 diviniori
1527 1102 1720 1149 natura
1748 1094 2052 1164 praeditum,
2083 1103 2139 1150 et

571 1202 866 1245 conversas
899 1203 1022 1243 esse
1069 1195 1124 1242 et
1150 1195 1304 1257 terga
1350 1186 1428 1240 illi
1472 1185 1712 1251 dedisse,
1751 1193 1947 1240 contra
1996 1199 2135 1256 quas

573 1278 834 1335 immissis
878 1279 1152 1341 manibus,
1193 1275 1393 1332 divinis
1422 1276 1538 1331 suis
1576 1282 1632 1330 et
1676 1276 1852 1331 acutis
1898 1275 2129 1345 sagittis,

572 1369 844 1443 fugientes
872 1370 1079 1440 exegit,
1108 1377 1167 1424 ut
1199 1376 1485 1441 propterea
1514 1368 1721 1423 dictum
1747 1368 1853 1423 sit:
1892 1387 1910 1421 ι
1941 1368 2134 1425 Manus

573 1468 678 1517 tua:
710 1461 767 1516 in
806 1469 968 1532 tergo
999 1459 1348 1541 inimicorum
1378 1468 1622 1517 tuorum.
1651 1480 1670 1515 ι
1707 1460 1862 1528 Quod
1891 1461 1938 1518 si
1966 1461 2132 1518 etiam

572 1568 719 1609 nunc
750 1552 1183 1609 innumerabiles
1209 1552 1510 1608 Salvatoris
1556 1552 1733 1609 nostri
1762 1552 1993 1617 inimici,
2022 1550 2132 1607 Ec-

569 1646 791 1702 clesiam
817 1645 936 1715 ejus
965 1646 1131 1699 variis
1167 1643 1554 1699 occasionibus
1580 1658 1897 1715 oppugnare
1922 1658 2129 1698 conano

2246 462 2391 516 ματα
2426 445 2494 499 τὰ
2527 445 2902 517 λειτουργικὰ,
2942 446 3037 499 καὶ⁵
3071 446 3124 498 αἱ
3152 444 3281 499 θεῖαι
3317 446 3557 519 δυνάμεις,
3587 453 3689 509 οῑτε

2241 538 2335 592 ἐπὶ
2362 538 2467 609 γῆς
2502 538 2787 592 ἀπόστολοι
2821 537 2915 591 καὶ
2946 535 3340 605 εὐαγγελισταὶ,
3370 540 3450 594 καὶ
3476 545 3581 612 μετὰ
3598 547 3690 600 τοῦ-

2239 645 2365 691 τους
2410 629 2649 691 ἅπαντες
2694 628 2745 680 οἱ
2784 627 2845 695 ἐξ
2890 626 3058 681 ὲθνῶν
3101 627 3164 680 δι’
3212 628 3386 693 αὐτοῦ,
3423 631 3498 683 τὸν
3525 633 3600 687 ἕνα
3624 636 3694 688 καὶ

2244 721 2402 791 μόνον
2442 718 2613 791 ἀληθῆ
2661 719 2881 792 Πατέρα
2921 719 3053 772 Θεὸν
3093 718 3500 792 ἐπιγραψάμενοι,
3522 724 3693 788 οἵτινες,

2238 810 2370 865 Θεὸν
2403 810 2573 879 Λόγον
2600 810 2726 864 ὄντα
2752 810 2844 864 τὸν
2872 809 3102 880 Χριστὸν
3135 811 3492 882 μεμαθηκότες,
3517 813 3575 877 ὡς
3599 814 3696 868 Θεὸν

2239 904 2561 973 προσκυνεῖν
2585 901 2748 955 αὑτὸν
2772 897 3173 972 ὁμολογοῦνται.
3204 901 3327 955 Ἀλλ’
3355 904 3462 956 ἐπεὶ
3479 904 3608 974 ἐχρῆν
3628 905 3696 958 καὶ

2234 994 2306 1049 τά
2331 995 2430 1066 τῆς
2450 994 2716 1064 γενέσεως
2743 992 2906 1048 αὐτοῦ
2933 993 3030 1048 καὶ
3051 993 3119 1047 τά
3152 993 3238 1047 τοῦ
3272 993 3473 1048 θανάτου
3492 996 3699 1068 μυστήρια

2234 1089 2301 1159 τῇ
2350 1084 2476 1158 περὶ
2522 1085 2691 1139 αὐτοῦ
2739 1085 3045 1158 προφητείᾳ
3090 1085 3500 1157 συμπεριλαϐεῖν,
3532 1088 3699 1152 εἰκότως

2238 1177 2377 1250 μετά
2410 1177 2481 1231 τὰ
2526 1177 2898 1250 προειρημένα
2927 1177 3191 1243 θεσπίζων
3221 1180 3247 1232 ὁ
3287 1177 3455 1232 Ἰακὼϐ
3491 1179 3696 1248 ἐπιλέγει·

2238 1288 2260 1321 ί
2272 1268 2514 1340 Σκύμνος
2544 1267 2755 1334 λέοντος
2781 1268 2969 1332 Ἰούδα,
2989 1269 3053 1322 ἐκ
3069 1268 3307 1340 βλαστοῦ,
3326 1270 3400 1322 υἱέ
3415 1286 3519 1340 μου,
3538 1267 3700 1338 ἁνέὸης,

2234 1359 2521 1416 ἀναπεσὼν
2555 1359 2854 1433 ἐκοιμήθης
2877 1360 2952 1425 ὡς
2979 1360 3139 1424 λέων,
3173 1362 3263 1415 καὶ
3292 1360 3360 1424 ὡς
3386 1359 3588 1432 σκύμνος
3613 1377 3623 1390 ·
3645 1359 3701 1423 τίς

2233 1446 2418 1516 ἐγερεῖ
2452 1444 2640 1511 adt-6v;
2680 1465 2698 1496 ι
2733 1444 2977 1516 Σκύμνον
3005 1445 3104 1517 μὲν
3141 1441 3229 1500 οῦν
3258 1445 3445 1508 λέοντος
3466 1444 3598 1497 αὐτὸν
3618 1444 3700 1496 ὀνο-

2234 1537 2397 1610 μάζει
2416 1579 2432 1604 ,
2456 1537 2543 1592 διὰ
2575 1538 2635 1591 τὸ
2669 1539 2736 1591 ὲκ
2776 1536 3058 1608 βασιλικῆς
3091 1536 3249 1590 αὑτὸν
3280 1534 3529 1604 γεγονέναι
3552 1533 3698 1604 φυλῆς.

2232 1626 2296 1679 ὲκ
2314 1625 2626 1697 σπέρματος
2656 1623 2787 1693 γοῦν
2817 1618 2886 1694 ἦν
2913 1618 3007 1676 τοῦ
3026 1621 3195 1676 Δαὸὶδ
3224 1620 3353 1674 κατὰ
3377 1620 3535 1691 σάρκα
3557 1635 3569 1648 ·
3595 1636 3609 1668 ι
3639 1617 3701 1670 Ἐκ

568 1745 678 1800 tur,
706 1709 949 1792 attamen
977 1736 1079 1791 bos
1124 1748 1344 1807 quoque
1384 1709 1909 1807 invisibili-quadam
1939 1750 2118 1798 manu,

2230 1716 2458 1788 βλαστοῦ
2502 1716 2559 1770 δὲ
2594 1715 2814 1788 ἀνέϐης,
2857 1714 2940 1767 υἱέ
2987 1731 3108 1786 μου,
3152 1732 3170 1766 ›
3219 1714 3396 1784 φησὶν,
3435 1709 3628 1804 ἐπείπερ
3658 1712 3702 1762 ἐκ

565 1836 619 1883 et
641 1842 739 1884 sua
774 1829 956 1885 divina
981 1829 1182 1884 virtute
1205 1830 1257 1882 in
1290 1826 1470 1899 fugam
1494 1828 1674 1892 vertit,
1701 1836 1761 1882 ut
1792 1827 1860 1883 de
1890 1827 1977 1882 bis
1999 1828 2126 1883 item

457 1976 461 1980 .
563 1923 765 1979 dictum
794 1922 865 1978 sit
888 1921 1018 1976 illud
1052 1935 1066 1974 :
1104 1938 1123 1971 ι
1168 1918 1359 1974 Manus
1382 1928 1488 1975 tuae
1514 1920 1567 1975 in
1589 1927 1744 1992 tergo
1774 1920 2126 1975 inimicorum

564 2024 803 2069 tuorum.
849 2033 867 2065 ι
902 2010 1004 2067 Ubi
1038 2026 1167 2067 vero
1191 2011 1327 2081 jam,
1376 2011 1524 2082 quod
1572 2011 1843 2082 reliquum
1884 2010 2008 2079 fuit,
2042 2013 2127 2067 in-

561 2107 738 2179 signia
774 2105 921 2160 illius
946 2104 1190 2160 victoriae
1222 2104 1481 2175 praeclara
1510 2102 1578 2159 de
1614 2105 1865 2160 hostibus
1896 2105 2122 2175 recepit,

560 2208 675 2255 tum
704 2213 834 2254 vero
858 2197 991 2253 illud
1017 2196 1346 2267 completum
1377 2204 1463 2252 est
1495 2215 1509 2251 :
1540 2213 1561 2247 ι
1594 2194 1913 2251 Adorabunt
1946 2203 1999 2251 te
2028 2196 2125 2251 tilii

558 2292 732 2362 patris
759 2291 863 2353 tui,
899 2309 918 2343 ι
953 2304 1145 2345 omnes
1172 2288 1443 2354 videlicet,
1476 2288 1568 2360 qui
1600 2289 1656 2343 in
1686 2289 1827 2343 coelo
1873 2299 2002 2345 sunt
2026 2303 2125 2343 an-

557 2381 682 2452 geli,
715 2381 1052 2452 spiritusque
1084 2377 1465 2443 inservientes,
1500 2393 1563 2432 ac
1582 2379 1780 2434 divinae
1802 2387 2120 2448 potestates,

557 2487 771 2529 necnon
826 2471 1084 2542 degentes
1114 2470 1168 2525 in
1212 2476 1355 2524 terra
1411 2469 1642 2539 apostoli
1673 2478 1726 2524 et
1753 2470 2118 2540 evangelista,

556 2571 681 2637 post
711 2578 850 2635 quos
877 2562 1190 2639 quicunque
1218 2574 1314 2632 per
1344 2562 1544 2632 ipsum,
1608 2561 1701 2615 uni
1749 2569 1803 2616 et
1846 2561 1949 2616 soli
1992 2576 2121 2617 vero

558 2654 705 2709 Patri
729 2652 839 2709 Deo
871 2652 1080 2723 seipsos
1110 2651 1454 2713 addixerunt,
1480 2653 1571 2722 qui
1593 2652 1813 2722 quidem
1842 2651 1931 2706 ubi
1948 2650 2117 2707 Deum

556 2744 792 2803 Verbum
825 2743 1105 2801 Christum
1145 2758 1268 2799 esse
1295 2742 1556 2806 didicere,
1604 2751 1720 2797 tum
1764 2757 1825 2798 se
1872 2742 2024 2797 illum
2059 2754 2120 2798 ut

555 2839 724 2895 Deum
759 2835 989 2892 adorare
1014 2833 1250 2891 confessi
1274 2842 1424 2890 sunt.
1455 2834 1621 2906 378
1649 2833 1755 2891 Sed
1779 2836 2036 2906 quoniam
2065 2845 2119 2891 et

553 2938 708 2986 ortus
730 2928 974 3001 ejusdem
1008 2937 1062 2984 et
1084 2926 1280 2983 mortis
1308 2927 1592 2997 mysteria,
1621 2927 1812 2983 eadem
1835 2928 2116 2999 prophetia

554 3021 839 3093 complecti
864 3020 1170 3092 oportebat,
1198 3019 1391 3074 merito
1418 3027 1543 3089 post
1568 3020 1659 3074 illa
1691 3035 1813 3090 quae
1836 3019 1948 3091 jam
1973 3020 2116 3077 dicta

555 3122 684 3171 sunt
717 3113 1022 3169 vaticinans
1052 3109 1245 3176 Jacob,
1296 3111 1543 3183 adjungit
1581 3130 1595 3166 :
1628 3129 1647 3163 ι
1688 3113 1915 3170 Catulus
1942 3113 2115 3168 leonis
2143 3150 2185 3208 ο

551 3205 713 3273 Juda,
739 3204 806 3261 de
819 3203 1080 3277 germine,
1106 3202 1179 3257 iiIi
1207 3203 1300 3269 mi,
1318 3201 1632 3269 ascendisti,
1660 3205 1983 3261 recumbens
1997 3206 2117 3261 dor-

553 3298 753 3353 mivisti
781 3304 842 3351 ut
864 3297 968 3357 leo.
990 3302 1044 3351 et
1078 3302 1138 3348 ut
1158 3293 1374 3348 catulus
1408 3308 1424 3348 :
1454 3293 1579 3364 quis
1605 3292 1865 3349 excitabit
1893 3294 2052 3349 eum?
2090 3314 2110 3347 ι

550 3390 805 3447 Catulum
848 3388 1032 3459 itaque
1076 3386 1252 3442 leonis
1298 3387 1473 3456 ipsum
1519 3387 1785 3453 nominat,
1825 3395 2114 3459 propterea

550 3480 697 3551 quod
718 3481 787 3537 de
814 3479 963 3551 regia
992 3478 1136 3534 tribu
1163 3478 1236 3532 sit
1262 3486 1446 3534 natus.
1484 3476 1558 3534 De
1591 3479 1798 3536 semine
1822 3479 1990 3552 igitur
2009 3479 2116 3534 Da-

550 3574 641 3630 vid
675 3573 779 3629 t'uit
808 3573 1019 3627 ratione
1059 3574 1327 3642 corporis,
1353 3588 1373 3623 ι
1396 3568 1466 3626 de
1481 3571 1724 3642 germine
1752 3591 1773 3625 ι
1795 3580 1998 3640 autem,
2028 3574 2113 3628 in-

548 3660 686 3731 quit,
714 3678 734 3712 ι
774 3660 847 3714 liti
870 3659 962 3725 mi,
987 3658 1300 3723 ascendisti,
1318 3675 1338 3712 ι
1369 3660 1625 3730 quoniam
1647 3659 1714 3716 de
1737 3660 2101 3718 semineetra-

548 3753 671 3810 dice
712 3753 853 3823 ejus,
900 3752 994 3824 qui
1051 3753 1167 3807 lues
1219 3751 1546 3823 praedicebat
1580 3751 1771 3821 Jac-ob,
1802 3754 2108 3826 pullulavit,

547 3860 673 3900 cum
704 3846 856 3917 prius
885 3843 1104 3916 quidem
1128 3853 1277 3901 esset
1298 3844 1441 3901 Deus
1478 3843 1739 3912 Verbum,
1774 3856 1965 3917 postea
1983 3862 2112 3902 vero

547 3938 710 3993 etiam
744 3935 914 3993 Filius
942 3936 1180 3991 hominis
1210 3936 1280 3992 sit
1302 3935 1503 4004 factus,
1537 3946 1761 4009 propter
1796 3953 1917 3995 eam
1947 3954 2109 4011 quam

547 4044 647 4099 pro
674 4029 832 4085 nobis
856 4029 1176 4099 assumpsit.
1210 4028 1693 4098 dispensationem.
1728 4028 1914 4088 Potest
1942 4033 2108 4088 etiam

547 4125 776 4174 mortem
802 4117 1045 4188 ejusdem
1064 4116 1372 4189 signiﬁcare
1398 4117 1561 4174 illud:
1580 4138 1599 4171 ι
1622 4117 1967 4177 Recumbens
1980 4122 2110 4177 dor-

546 4209 748 4264 mivisti
800 4215 861 4263 ut
888 4208 992 4273 leo,
1049 4216 1104 4264 et
1140 4217 1204 4263 ut
1246 4209 1482 4273 catulus,
1518 4229 1537 4261 ›
1573 4223 1639 4265 ex
1668 4210 1905 4281 quadam
1938 4212 2110 4284 ipsius

550 4297 847 4367 Scriptum
877 4298 1293 4364 consuetudine,
1339 4313 1461 4369 quae
1498 4314 1597 4355 sua
1624 4300 1860 4371 quadam
1892 4305 2110 4375 propria

546 4388 998 4454 consideratione,
1022 4390 1189 4444 etiam
1228 4389 1375 4445 mille
1407 4388 1531 4446 aliis
1576 4391 1631 4446 in
1688 4392 1822 4449 locis
1853 4402 2106 4457 mortem.

2231 1802 2541 1874 σπέρματος
2588 1800 2682 1855 καὶ
2727 1799 2883 1872 ῥίζης
2922 1798 3015 1852 τοῦ
3071 1798 3242 1852 ταῦτα
3280 1793 3702 1869 προαναφωνοῦντος

2243 1885 2436 1940 Ἰακὼὸ
2474 1885 2643 1955 ἀνέφυ
2665 1924 2679 1949 ,
2716 1886 2978 1957 πρότερον
3018 1883 3117 1956 μὲν
3152 1882 3280 1946 Θεὸς
3305 1882 3457 1951 Λόγος
3480 1879 3575 1943 ὢν,
3598 1876 3702 1945 γενό-

2232 1994 2391 2048 μενος
2427 1977 2484 2031 δὲ
2524 1976 2771 2049 δεύτερον
2811 1977 2923 2040 υἱὸς
2968 1975 3271 2048 ἀνθρώπου,
3304 1974 3366 2027 δι’
3394 1974 3455 2045 ἢν
3491 1968 3705 2034 ἀνεδέξατο

2227 2068 2368 2139 ὑπὲρ
2412 2067 2569 2140 ἡμῶν
2607 2068 2935 2138 οἰκονομίαν.
2966 2067 3066 2136 Εἴη
3112 2067 3159 2120 δ’
3195 2065 3259 2120 ἂν
3296 2065 3383 2119 καὶ
3415 2061 3497 2117 τοῦ
3536 2060 3703 2115 Θανάτου

2226 2161 2390 2216 αὑτοῦ
2421 2159 2712 2233 δηλωτικὸν
2734 2160 2842 2223 τὸ,‹
2866 2157 3181 2215 Ἀναπεσὼν
3216 2156 3493 2230 ἐκοιμήθης
3514 2156 3576 2219 ὡς
3594 2153 3703 2213 λέων,

2224 2253 2319 2306 καὶ
2348 2251 2423 2316 ὡς
2451 2249 2704 2323 σκύμνος,
2746 2270 2764 2302 ι
2798 2250 2858 2316 ἐξ
2894 2250 3047 2316 ἔθους
3064 2250 3165 2322 τῆς
3197 2249 3425 2321 Γραφῆς,
3444 2246 3564 2300 κατά
3590 2261 3630 2298 τι
3650 2243 3701 2295 οὶ·

2224 2338 2370 2390 κεῖον
2409 2334 2668 2408 θεώρημα
2689 2375 2703 2399 ,
2733 2335 2824 2389 τὸν
2853 2335 3080 2391 θάνατον
3116 2336 3210 2390 καὶ
3244 2336 3333 2386 ἐπὶ
3373 2330 3554 2403 μυρίων
3584 2325 3704 2382 ἄλλων

2223 2426 2476 2498 κοίμησιν
2514 2424 2911 2497 ἀποκαλούσης.
2941 2426 3015 2479 Τὸ
3049 2425 3130 2491 δὲ,
3180 2444 3196 2477 ι
3225 2424 3317 2489 Τίς
3341 2423 3506 2493 ἐγερεῖ
3527 2417 3701 2478 αὐτόνὲδ

2222 2510 2350 2579 περὶ¹
2381 2510 2482 2580 τῆς
2514 2511 2578 2563 ὲκ
2608 2508 2813 2581 νεκρῶν
2845 2509 3196 2575 ἀναστάσεως
3222 2506 3378 2564 αὐτοῦ
3406 2498 3706 2576 θαυμαστιηῖις

2220 2598 2453 2671 εἴρηται.
2510 2598 2966 2671 Ἐγερθησόμενον
3015 2599 3126 2672 γὰρ
3168 2597 3325 2653 αὐτὸν
3361 2594 3526 2666 σαφῶς
3556 2586 3705 2644 οἶδενὸ

2220 2690 2476 2758 φάσκων,
2525 2689 2658 2753 «Τίς
2675 2692 2858 2762 ἐγερεῖ
2876 2689 3072 2755 adadv;
3108 2709 3127 2737 ι
3164 2681 3586 2759 θαυμαστικῶςᾶ
3623 2679 3709 2731 ἑτι-Δ

2217 2773 2362 2841 λέγει
2409 2773 2489 2836 τὸ,
2515 2772 2606 2837 Τίς
2651 2773 2758 2844 ἄρα
2800 2775 2830 2826 ὁ
2872 2772 3025 2827 τοῦτο
3063 2773 3304 2842 ποιήσων
3347 2769 3435 2823 καὶ
3468 2764 3708 2844 ἀναστῆσον

2216 2859 2398 2923 αὑτὸν,
2430 2859 2576 2928 ἡμᾶς
2602 2841 2703 2911 ἐπὶ.
2728 2857 2788 2912 τὸ
2809 2857 2990 2931 ζητεῖν
3015 2841 3320 2928 διεγείρων,
3339 2854 3417 2917 τίς
3438 2849 3496 2905 ἂν
3518 2846 3588 2918 εἴη
3608 2841 3708 2898 ὂνόν

2217 2949 2421 3023 Κύριον
2450 2948 2606 3020 ἡμῶν
2638 2951 2729 3003 τὸν
2767 2951 2907 3021 ὑπὲρ
2926 2947 3083 3020 ἡμῶν
3111 2947 3344 3003 θάνατον
3373 2940 3708 3027 ἀναδεξάμενοξο

2219 3037 2284 3090 ὲκ
2318 3034 2527 3105 νεκρῶν
2574 3035 2912 3105 ἀναστήσων.
2972 3034 3067 3097 Τίς
3088 3033 3132 3086 δ’
3160 3033 3227 3088 ἂν
3260 3034 3344 3103 εἴη
3374 3028 3515 3090 ἄλλος
3542 3025 3570 3094 ἢ
3595 3023 3710 3105 δτῷν

2218 3118 2358 3175 ὅλων
2388 3099 2517 3183 Θεὸς
2558 3120 2651 3172 καὶ
2693 3099 2884 3190 Πατὴρ
2916 3117 3101 3182 αὑτοῦ,
3126 3110 3179 3187 ᾧ
3212 3099 3357 3189 μόνω
3382 3108 3623 3167 ἀναθετέον
3644 3099 3711 3171 τὴν

2215 3210 2310 3264 τοῦ
2354 3210 2604 3281 Σωτῆρος
2645 3208 2799 3281 ἡμῶν
2841 3210 3162 3275 ἀνάστασιν,
3215 3207 3354 3261 κατὰ
3388 3203 3480 3275 τὴν
3515 3198 3711 3281 λέγουσαγ

2215 3303 2255 3356 Γ
2258 3301 2456 3374 ραφὴν,
2478 3280 2505 3354 (ί
2520 3280 2662 3356 Ὃνὸ
2681 3301 2870 3372 Πατὴρ
2896 3302 3113 3372 ἤγειρεν
3140 3302 3208 3354 ὲκ
3233 3297 3470 3370 νεκρῶν;
3500 3312 3516 3344 ι
3548 3280 3712 3343 ’Δντὶδὶ

2212 3395 2330 3460 τοῦ,
2360 3415 2379 3448 ι
2404 3395 2650 3468 Σκύμνος
2678 3395 2888 3459 λέοντος
2930 3393 3119 3459 Ἰούδα,
3170 3396 3236 3448 ὲκ
3279 3388 3515 3464 βλαστοῦ,
3539 3382 3605 3437 υἰέ
3624 3394 3711 3451 μου,

2214 3487 2431 3560 ἀνέϐης,
2456 3485 2741 3542 ἀναπεσὼν
2763 3486 3086 3558 ἐκοιμήθης,
3115 3504 3136 3537 ι
3166 3480 3593 3558 ὲμφαντικώταιτα
3609 3474 3632 3527 ὁ

2227 3557 2453 3640 Ἀκύλας
2489 3578 2621 3649 φησι
2660 3595 2719 3629 ἰ
2750 3557 2957 3643 Σκύλαξ
2985 3557 3210 3640 λέοντος
3260 3573 3454 3635 Ἰούδα,
3484 3566 3581 3623 ἀπὸ
3616 3557 3714 3615 uti»

2216 3686 2353 3733 σεως
2370 3710 2385 3734 ,
2416 3669 2500 3722 υἱέ
2530 3686 2634 3740 μου
2653 3708 2669 3733 ,
2701 3667 2897 3738 ἀνέὸης
2916 3707 2931 3731 ,
2968 3666 3197 3739 κάμψας
3218 3660 3528 3733 κατεκλίθης
3548 3676 3560 3688 ·
3593 3674 3610 3709 ι
3636 3648 3714 3705 ὁδὶ

2214 3757 2504 3831 Σύμμαχος
2538 3773 2702 3830 φησι·
2750 3776 2769 3810 ι
2804 3756 3049 3829 Σκύμνος
3077 3757 3298 3820 λέοντος
3336 3751 3527 3815 Ἰούδα,
3565 3749 3618 3800 ἐκ
3649 3740 3716 3831 θηξ

2215 3829 2543 3923 ριαλῶσεως,
2571 3829 2655 3903 υἱέ
2679 3866 2799 3921 μου,
2829 3848 3046 3922 ἀνέϐης,
3066 3850 3311 3913 ὀκλάσας
3338 3842 3607 3920 uspiam-
3638 3829 3715 3888 »δι’

2212 3938 2287 3997 ὧν
2319 3944 2504 4014 σαφῶς
2531 3942 2858 4015 παρίσταται
2887 3944 2921 4013 ἠ
2955 3944 3021 3996 ὲκ
3040 3943 3254 4015 νεκρῶν
3276 3942 3582 3999 ἀνάστασις,
3605 3925 3717 3992 καὶή

2213 4037 2271 4105 ἐξ
2301 4037 2453 4108 ᾅδου,
2483 4037 2671 4108 ὥσπερ
2701 4035 2765 4090 ἐκ
2787 4052 2932 4100 τινος
2963 4034 3355 4107 θηριαλώσεως
3376 4076 3392 4097 ,
3418 4030 3504 4085 τοῦ
3529 4022 3719 4093 Σωτῆρος

2213 4129 2368 4200 ἡμῶν
2396 4129 2671 4199 ἀποφυγή.
2699 4128 2773 4181 Τὸ
2797 4127 2854 4181 δὲ
2881 4126 3133 4190 ὀκλάσαι,
3162 4128 3258 4181 καὶ
3279 4123 3598 4199 ἑδρασθῆναι,
3625 4108 3721 4167 mi

2215 4221 2289 4293 μὴ
2314 4223 2661 4283 καταπεσεῖν,
2691 4217 2827 4291 ὁμοῦ
2850 4219 2942 4273 τὸν
2964 4217 3200 4273 θάνατον
3220 4218 3387 4284 ἔδειξε
3405 4214 3488 4270 διὰ
3506 4208 3587 4293 τοῦ
3603 4201 3719 4293 67:33-

2213 4287 2302 4359 σαι
2327 4322 2340 4335 ο
2386 4305 2480 4359 καὶ
2511 4305 2572 4359 τὸ
2615 4304 2705 4387 μὴ’
2729 4287 3077 4375 -ὑποσυρῆναι
3122 4302 3334 4375 ὁμοίως
3370 4301 3486 4362 ταῖς
3527 4292 3621 4387 τῶν

2210 4398 2329 4453 πῶν
2375 4382 2952 4470 ἁνθρὼπωννψυχαῖς,
3000 4395 3086 4450 διὰ
3130 4395 3226 4448 τοῦ
3272 4390 3548 4466 ὴδράσθαι.
3586 4382 3723 4470 Tui}?!

544 4478 930 4535 dormitionem
997 4494 1361 4551 somnumque
1412 4481 1664 4551 appellat.
1713 4480 1848 4538 Illud
1897 4492 2102 4550 autem,

2216 4491 2311 4562 μὲν
2377 4486 2469 4546 οὖν
2528 4489 2705 4545 πάντα
2767 4487 3129 4559 προαπέκειτο
3189 4485 3270 4557 τῷ
3334 4477 3574 4556 Χριστῷ”
3621 4467 3722 4535 πλὴν

548 4587 573 4626 t
603 4570 738 4640 Quis
767 4568 1025 4626 excitabit
1076 4571 1239 4626 eum?
1276 4591 1295 4625 ι
1324 4571 1392 4628 de
1426 4571 1601 4629 reditu
1630 4573 1750 4644 ejus
1777 4589 1806 4629 a
1841 4583 2017 4633 morte
2036 4576 2107 4631 ad

542 4665 711 4723 vitam
732 4676 859 4719 cum
885 4661 1245 4719 admiratione
1270 4663 1476 4720 dictum
1500 4675 1606 4723 est.
1634 4665 1692 4721 Si
1719 4667 1939 4739 quidem
1967 4670 2112 4725 exci-

540 4755 769 4814 tandum
800 4754 870 4809 ad
899 4754 1064 4810 vitam
1090 4754 1241 4811 illum
1267 4755 1426 4827 plane
1454 4760 1621 4826 novit,
1647 4759 1741 4832 qui
1770 4761 1844 4815 ait
1870 4777 1885 4813 :
1918 4779 1936 4812 ι
1971 4760 2106 4828 Quis

542 4854 800 4910 excitabit
840 4852 1056 4925 ipsum?
1098 4870 1117 4905 ι
1145 4860 1268 4909 cutn
1300 4853 1657 4911 admiratione
1694 4871 1827 4912 vero
1875 4858 2110 4914 interro-

543 4957 653 5018 gat,
684 4949 936 5020 quisnam
967 4948 1073 5003 hoc
1102 4945 1351 5003 facturus
1381 4948 1453 5003 sit
1490 4959 1653 5020 atque
1699 4950 1852 5006 illum
1889 4952 2098 5008 excita-

540 5049 719 5106 turus,
761 5049 819 5096 ut
866 5042 949 5098 sic
989 5056 1093 5098 nos
1120 5041 1187 5096 ad
1226 5040 1575 5112 quaerendum
1610 5043 1820 5107 invitet,
1846 5048 2104 5116 quisnam

540 5132 629 5187 hic
657 5133 752 5198 sit,
775 5133 870 5204 qui
901 5130 1191 5189 Dominum
1235 5142 1485 5190 nostrum
1514 5144 1635 5203 post
1668 5145 1975 5207 susceptam
2005 5152 2106 5209 pro

538 5225 699 5283 nobis
748 5232 979 5282 mortem
1022 5240 1054 5280 a
1098 5232 1275 5283 morte
1306 5225 1378 5282 sit
1418 5235 1772 5284 revocaturus
1800 5229 1867 5284 ad
1914 5230 2102 5286 vitam.

539 5318 675 5384 Quis
704 5332 872 5389 porro
894 5319 985 5374 hic
1014 5319 1091 5376 sit
1114 5319 1255 5374 alius
1285 5333 1449 5390 quam
1480 5321 1721 5376 universi
1766 5320 1912 5378 Deus
1941 5332 1996 5379 et
2030 5322 2100 5378 il-

539 5409 647 5464 lius
677 5412 854 5481 ipsius
878 5409 1058 5479 Pater,
1090 5410 1180 5466 cui
1210 5411 1313 5466 soli
1356 5410 1652 5467 tribuenda
1684 5421 1769 5469 est
1798 5412 2100 5471 Salvatoris

536 5504 710 5560 nostri
742 5504 797 5557 in
829 5504 988 5558 vitam
1028 5504 1322 5568 restitutio,
1357 5503 1812 5578 sicutScriptura
1843 5509 2104 5565 testiﬁca-

533 5606 644 5659 tur,
672 5608 795 5666 qum
815 5595 912 5662 ait,
942 5613 957 5646 ι
988 5594 1157 5663 Quem
1190 5596 1351 5653 Pater
1373 5598 1655 5656 suscitavit
1684 5615 1714 5656 a
1742 5600 2065 5657 mortuis“?
2084 5620 2103 5653 ι

602 5707 649 5742 ⁸³
687 5704 791 5763 Gal
846 5721 895 5772 ι,
933 5705 982 5762 l.
1040 5708 1058 5763 l
1093 5708 1285 5765 Thess.
1318 5723 1377 5775 ι,
1412 5708 1505 5770 10.

2210 4584 2317 4649 ἕως
2365 4582 2576 4638 οὐδέπω
2638 4581 2823 4645 τέλους
2875 4578 3135 4650 ἐτύγχανε
3155 4619 3171 4644 ,
3228 4578 3291 4631 τὸ
3357 4569 3600 4630 Ἰουδαίων
3636 4574 3723 4614 συν·

2211 4680 2451 4753 ειστήκει
2482 4677 2631 4736 ἔθνος
2653 4719 2668 4741 ,
2704 4677 2798 4731 καὶ
2817 4676 2865 4729 οἱ
2899 4673 2959 4740 ἐξ
2982 4672 3163 4727 αὐτῶν
3203 4672 3465 4744 ἄρχοντες
3502 4664 3586 4718 καὶ
3607 4650 3727 4751 ήτθΫ

2214 4786 2385 4841 μενοι,
2434 4768 2489 4822 οῖ
2535 4783 2596 4820 τε
2650 4763 3127 4837 ὲξακριὸαξόμενοι
3189 4761 3295 4825 τὰς
3348 4758 3493 4820 θείας

2212 4834 2452 4934 περὶτοῦ
2488 4855 2722 4930 Χριστοῦ
2758 4834 3090 4929 προφητείας
3135 4853 3437 4926 διέπρεπον
3481 4848 3535 4900 ὲν
3573 4834 3726 4934 nimii-

2223 4931 2373 5008 Ἐπεὶ
2395 4952 2453 5006 δὲ
2481 4949 2704 5022 ἐλήλυθε
2732 4949 2801 5003 τὰ
2832 4947 3167 5017 ἀποκείμενα
3195 4943 3278 5017 τῷ
3315 4941 3502 5012 Ἰούδᾳ,
3527 4931 3727 5022 ἐφάνητε

2212 5048 2305 5101 ἐπὶ
2340 5046 2443 5118 γῆς
2470 5047 2499 5099 ὁ
2533 5016 3000 5116 ⁴ιεέροιρηιιευόμενος
3032 5016 3098 5093 ἐκ
3146 5016 3471 5111 σπέρματος
3517 5026 3599 5083 καὶ
3628 5016 3733 5118 ,βλν

2212 5137 2338 5191 στος,
2363 5109 2649 5208 γξνόμενος
2678 5132 2772 5187 τοῦ
2798 5131 2970 5186 ταῦτα
2989 5127 3399 5190 τεθεσπικότος,
3425 5109 3729 5208 ἀναπεσῗίξνῖε

2212 5230 2306 5284 καὶ
2334 5202 2636 5301 κοιμηθεὶς,
2668 5226 2702 5299 ἢ
2736 5225 2970 5290 ὀκλάσας
3000 5221 3143 5277 κατά
3170 5220 3268 5273 τδν
3286 5202 3731 5301 Σύμμαχονν’

2215 5322 2316 5394 σθη
2344 5322 2441 5376 καὶ
2463 5319 2756 5393 ἀνηγέρθη,
2776 5318 2881 5382 τὰς
2905 5318 3091 5389 χεῖρας
3111 5312 3281 5368 αὐτοῦ
3312 5309 3456 5367 κατά
3480 5304 3733 5394 milia?

2205 5377 2451 5485 ὼράτων
2482 5377 2591 5468 καλ,
2947 5377 3054 5484 ρῶν
3073 5377 3363 5460 Ἰὲπιϐαλών
3382 5418 3396 5432 ο
3422 5399 3548 5455 οἵτε

2207 5473 2371 5564 αὐτοῦ
2410 5508 2505 5563 καὶ
2540 5473 2779 5579 μαθηταὶ
2812 5473 3075 5578 προτερον
3119 5497 3475 5557 ἐπαινοῦντες
3505 5487 3655 5579 αὐτὸν
3668 5473 3740 5531 καὶ

2210 5569 2596 5673 θαυμάζοντές,
2617 5569 2743 5653 ὕστε
2752 5615 2840 5671 ρον
2857 5569 2955 5650 Ικικῖ
2979 5569 3054 5659 ῶς
3075 5592 3209 5647 Θεὸν
3235 5588 3588 5663 ὡμολόγησαν
3612 5569 3742 5632 εἶναι,
