3922 6200
227 236 323 294 553

1095 234 1742 291 DEMONSTRATIONIS
1780 237 2233 293 EVANGi-LLICJE
2275 236 2400 291 LIB.
2445 237 2578 293 VIII.

3349 243 3412 297 59
3418 243 3464 298 ιτ

225 354 309 407 καὶ
337 353 412 415 ὠς
443 352 574 404 Θεὸν
600 351 1006 422 προσεκύνησαν
1025 367 1038 380 ·
1061 351 1356 422 τηνικαῦτα
1392 353 1690 423 ἐπληροῦτο
1720 353 1786 406 τὰ

1892 353 1994 407 Pro
2017 355 2107 408 illo
2133 361 2332 416 autem,
2368 371 2387 404 ‹
2419 353 2644 410 Catulus
2676 354 2848 412 leonis
2883 355 3044 420 Iuda,
3075 355 3139 410 de
3187 357 3450 427 germine,

223 443 549 513 ἀποκείμενα
577 442 744 513 αὐτῷ,
775 442 850 506 ὼς
879 442 965 495 διὰ
984 442 1138 495 τοῦτο
1154 443 1468 514 ἀνειρῆσθαι
1501 445 1579 498 τό·
1609 446 1787 507 (Ἕως

223 538 283 594 ἂν
467 537 538 590 τά
563 537 894 606 ἀποκείμενα
943 535 1108 606 αὐτῷ.
1142 557 1159 587 ι
1182 536 1268 602 Ἐξ
1311 538 1517 590 ἐκείνου
1565 539 1674 610 γάρ
1705 555 1788 591 τοι

221 630 312 682 καὶ
344 631 422 692 είς
451 628 609 699 δεῦρο
640 629 719 692 εἰς
746 628 916 699 πέρας
960 627 1219 682 ἐλθόντων
1265 629 1370 681 τῶν
1416 628 1787 701 ἀποκειμένων

225 720 384 791 αὐτῷ,
402 720 765 774 διαλελοίπασι
792 720 886 790 μὲν
907 721 956 772 oi
984 720 1240 791 ἄρχοντες
1262 721 1353 773 καὶ
1381 723 1670 792 ἡγούμενοι
1695 722 1786 776 τοῦ

235 810 492 865 Ἰουδαίων
520 811 722 874 ἔθνους,
754 810 1090 881 κατέστησάν
1123 827 1180 862 τε
1218 811 1307 862 ἐπὶ
1338 811 1578 882 κεφαλῆς
1608 811 1786 866 αὐτῶν

223 903 471 972 ἄρχοντες
498 902 684 964 ἐθνῶν,
713 902 942 973 ἔμπαλιν
975 902 1032 956 δὲ
1063 901 1130 955 τά
1157 901 1282 974 ἔθνη
1306 903 1394 956 τὸν
1417 904 1646 974 Χριστὸν
1667 907 1790 957 ἐπι-

221 997 407 1066 γνόντα
456 995 550 1048 τοῢ
601 993 756 1058 Θεοῦ,
791 995 950 1048 αὐτὸν
1003 996 1378 1067 ἐπεγράψαντο
1427 996 1652 1068 Σωτῆρα
1698 997 1790 1050 καὶ

223 1089 562 1160 προσδοκίαν.
598 1087 748 1141 Μετά
801 1087 971 1140 ταῦτα
1026 1089 1200 1142 πάντα
1254 1088 1594 1157 ὲπιλέγεταιο
1652 1093 1790 1142 (Δε-

224 1181 433 1251 σμεύων
466 1180 600 1252 πρὸς
625 1179 864 1250 ἄμπελον
890 1183 980 1234 τὸν
1014 1181 1187 1234 πῶλον
1222 1179 1408 1245 αὑτοῦ,
1439 1181 1532 1234 καὶ
1557 1183 1622 1251 τῇ
1649 1181 1790 1234 ’ἐλικι

227 1275 284 1325 τὸ
314 1271 604 1339 ὑποζύγιον
630 1272 726 1341 τῆς
754 1272 873 1324 ὄνου
905 1273 1088 1339 αὑτοῦ,
1119 1274 1308 1325 πλυνεῖ
1329 1274 1384 1325 ἐν
1407 1272 1533 1342 οἴνῳ
1555 1273 1650 1343 τὴν
1674 1290 1790 1326 στο-

222 1365 313 1434 λὴν
344 1362 528 1427 αὑτοῦ,
563 1363 656 1416 καὶ
700 1364 755 1416 ἐν
797 1364 986 1433 αἵματι
1038 1364 1310 1432 σταφυλῆς
1352 1364 1450 1434 τὴν
1498 1363 1789 1434 περιϐολὴν

221 1456 401 1508 αὑτοῦ.
439 1456 731 1526 Χαροποιοὶ
756 1458 803 1508 οἱ
833 1456 1097 1526 ὀφθαλμοὶ¹
1141 1455 1304 1509 αὐτοῦ
1353 1456 1460 1509 ἀπὸ
1504 1457 1668 1520 οἴνου,
1698 1456 1792 1508 καὶ

222 1545 401 1597 λευκοὶ
444 1547 491 1597 οξ
538 1544 746 1608 ὀδόντες
804 1545 966 1598 αὑτοῦ
1096 1546 1254 1614 γάλα.
1291 1565 1308 1597 ι
1341 1546 1677 1599 Αἰνίττεσθαι
1735 1546 1790 1598 δὲ

221 1636 456 1708 ἡγοῦμαι
509 1637 595 1690 διά
645 1637 846 1690 τούτων
877 1638 965 1692 τὸν
1001 1638 1097 1709 μὲν
1143 1637 1318 1691 πῶλον
1358 1639 1519 1692 αὐτὸν
1551 1639 1641 1690 τὸν
1680 1637 1788 1689 τῶν

1902 448 1972 499 lili
2005 446 2098 512 mi,
2129 444 2444 509 ascendisti,
2475 445 2799 502 recumbens
2846 447 3172 512 dormivisti,
3225 467 3243 500 ι
3281 448 3451 518 signi-

1891 537 2145 590 ﬁcantius
2177 535 2366 605 Aquila
2417 536 2685 590 convertit
2718 555 2731 590 :
2776 554 2793 587 ι
2831 537 3054 593 Catulus
3091 537 3262 592 leonis
3289 537 3449 604 Juda,

1889 629 1956 683 de
1985 636 2237 698 captura,
2271 626 2340 681 ﬁli
2372 627 2466 690 mi,
2496 628 2812 694 ascendisti,
2841 643 2964 682 cum
2987 627 3232 684 ﬂexisses
3260 630 3452 684 cubuiv

1891 722 1991 786 sli;
2033 741 2050 773 ι
2084 720 2440 792 Symmachus
2472 729 2673 781 autem,
2719 739 2735 772 ι
2771 719 3017 784 Catulus,
3058 720 3252 791 inquit,
3283 720 3452 778 leonis

1893 811 2052 875 Juda,
2080 813 2146 867 de
2180 811 2414 866 ferarum
2447 820 2694 882 captura,
2721 812 2793 866 ﬁli
2817 813 2911 873 mi,
2955 811 3270 878 ascendisti,
3306 813 3456 880 geni-

1892 905 1994 960 bus
2026 905 2177 960 ﬂexis
2208 904 2561 959 conﬁrmatus
2593 919 2688 966 es;
2729 923 2745 956 ι
2789 919 2852 959 ex
2895 904 3091 972 quibus
3128 903 3305 957 verbis
3336 903 3451 974 pla-

1892 996 2118 1050 nissime
2151 1003 2374 1066 apparet
2407 995 2525 1064 ipsa
2552 994 2619 1047 de
2649 1003 2824 1050 morte
2853 995 2920 1049 ad
2958 995 3123 1048 vitam
3156 994 3452 1061 restitutio,

1889 1099 1942 1144 et
1979 1091 2047 1144 ab
2076 1091 2266 1146 inferis
2298 1092 2461 1145 veluti
2492 1105 2522 1142 ιι
2550 1090 2788 1160 quadam
2825 1088 3058 1144 ferarum
3089 1098 3314 1160 captura
3341 1087 3455 1144 Sal-

1894 1183 2098 1237 vatoris
2150 1183 2322 1236 nostri
2366 1184 2569 1238 evasio.
2602 1182 2757 1248 Quod
2803 1198 2932 1237 vero
2976 1184 3124 1237 illmn
3173 1184 3369 1238 dixerit
3399 1192 3453 1240 et

1892 1287 2068 1342 genua
2103 1272 2316 1327 ﬂexisse
2355 1285 2408 1330 et
2442 1274 2822 1328 conﬁrmatum
2853 1289 2992 1340 esse,
3024 1290 3132 1328 non
3155 1282 3333 1328 autem
3365 1291 3456 1330 ce-

1890 1365 2111 1428 cidisse,
2146 1365 2200 1418 in
2238 1381 2302 1418 eo
2334 1365 2548 1434 quidem
2579 1365 2719 1433 quod
2748 1380 2922 1434 genua
2961 1363 3188 1426 ﬂexerit,
3227 1373 3453 1418 mortem

1891 1458 2107 1513 interim
2134 1457 2562 1525 demonstravit;
2591 1458 2732 1528 quod
2773 1465 2950 1510 autem
2979 1456 3050 1510 sit
3079 1457 3453 1519 conﬁrmatus,

1891 1565 2000 1602 non
2045 1554 2316 1617 raptatum
2359 1562 2482 1602 esse
2516 1561 2666 1601 more
2702 1545 2932 1599 aliarum
2963 1545 3288 1599 animarum.
3329 1543 3456 1599 Haec

1893 1642 2054 1712 igitur
2083 1639 2267 1695 omnia
2300 1639 2517 1694 Christo
2545 1638 2696 1710 prius
2725 1639 2964 1708 reposita
2997 1643 3175 1699 erant,
3209 1651 3330 1705 qua:
3380 1645 3460 1689 ta-

223 1729 528 1782 ἀποστόλων
557 1732 650 1783 καὶ
687 1729 938 1802 μαθητῶν
980 1729 1071 1784 τοῦ
1108 1731 1357 1801 Σωτῆρος
1399 1733 1430 1800 ἡ
1441 1729 1554 1801 μῶν
1593 1729 1749 1801 χορόν
1770 1745 1783 1758 ’

1893 1749 2013 1788 men
2041 1733 2301 1802 quamdiu
2326 1731 2483 1785 ﬁnem
2511 1747 2668 1787 suum
2687 1737 2979 1785 consecuta
3003 1745 3109 1782 non
3142 1737 3289 1792 sunt,
3315 1737 3457 1782 tam-

222 1822 315 1891 τὴν
347 1821 403 1874 δὲ
453 1822 689 1892 ἄμπελον
718 1824 776 1875 ὲν
863 1823 952 1876 τὸν
982 1824 1158 1877 πῶλον
1205 1823 1524 1894 προσέδησε,
1556 1825 1653 1894 τὴν
1703 1823 1789 1876 ἕν-

223 1909 341 1962 θεον
387 1911 480 1963 καὶ
517 1911 744 1982 ἀόρατον
775 1912 936 1967 αὑτοῦ
960 1914 1205 1984 δύναμιν,
1234 1914 1298 1984 ἣν
1331 1915 1491 1977 αὐτὸς
1523 1913 1790 1985 παριστὰς

221 2001 484 2065 ἐδίδασκε,
515 2003 685 2072 λέγων
705 2021 717 2033 ·
743 2023 760 2055 ι
787 2004 924 2074 Ἐγὼ
968 2008 1082 2077 εἰμι
1116 2008 1148 2077 ἡ
1181 2007 1420 2076 ἄμπελος
1462 2009 1494 2077 ή
1541 2005 1787 2077 ἀληθινὴ,

219 2099 248 2147 ό
271 2097 460 2167 Πατήρ
497 2114 595 2166 μου
623 2099 651 2151 ὁ
684 2100 925 2169 γεωργός
957 2100 1125 2152 ἐστιν.
1157 2099 1340 2166 »Ἔλιξ
1371 2099 1426 2152 δὲ
1471 2099 1572 2168 τῆς
1615 2099 1791 2169 ἀμπέ-

220 2188 312 2240 λου
353 2189 450 2259 τῆς
495 2190 844 2262 ἀποδοθείσης
875 2193 956 2263 εἴη
990 2191 1054 2244 ἀν
1082 2194 1114 2262 ἡ
1139 2191 1231 2244 τοῦ
1263 2191 1396 2244 Θεοῦ
1431 2192 1602 2260 Λόγου
1647 2191 1790 2244 διδα-

224 2280 437 2343 σκαλία,
466 2283 522 2334 ἐν
647 2283 740 2336 τὸν
789 2285 967 2338 πῶλον
1013 2286 1111 2356 τῆς
1153 2284 1272 2337 ὄνου
1322 2285 1669 2355 κατεδήσατο,
1700 2285 1790 2337 τὸν

221 2372 337 2425 νέον
369 2372 429 2438 ἐξ
457 2373 623 2427 ἐθνῶν
653 2375 797 2437 λαὸν.
818 2378 1059 2447 γέννημα
1081 2376 1412 2445 τυγχάνοντα
1433 2376 1538 2429 τῶν
1565 2376 1792 2429 ἀποστό-

223 2465 327 2518 λων
368 2466 550 2519 αὑτοῦ.
587 2467 743 2521 Εἴποι
770 2468 815 2521 δ’
846 2469 911 2522 ἄν
935 2486 1019 2531 τις
1052 2471 1146 2522 καὶ
1172 2469 1304 2540 πρὸς
1341 2467 1484 2532 λέξιν
1509 2468 1679 2520 ταῦτα
1705 2467 1793 2520 τέ-

223 2557 345 2622 λους
383 2561 756 2631 τετυχηκέναι,
785 2562 874 2614 ὅτε
931 2561 1070 2615 κατά
1118 2563 1208 2615 τὸν
1265 2560 1542 2615 Ματθαίον
1587 2557 1736 2615 εἶπεν
1763 2563 1791 2614 ό

221 2650 426 2721 Κύριος
457 2656 567 2716 τοῖς
605 2653 796 2706 ἑαυτοῦ
837 2655 1136 2725 μαθηταίς’
1187 2673 1204 2704 ι
1238 2653 1540 2726 Πορεύεσθε
1585 2655 1664 2717 είς
1693 2653 1790 2724 τὴν

223 2743 504 2797 κατέναντι
533 2745 683 2816 ὑμῶν
709 2744 919 2818 κώμην,
949 2749 1040 2801 καὶ
1066 2747 1265 2811 εὐθέως
1289 2748 1546 2818 εὑρήσετε
1567 2747 1684 2800 ὂνον
1706 2745 1792 2797 δε-

220 2834 472 2906 δεμένην,
506 2839 599 2890 καὶ
647 2837 821 2892 πῶλον
876 2841 991 2909 μετ’
1016 2839 1216 2908 αὐτῆς
1255 2839 1511 2901 λύσαντες
1559 2837 1791 2907 ἀγάγετέ

224 2946 336 2998 μοι.
371 2948 389 2981 ι
427 2931 535 2983 Καὶ
568 2930 770 2999 ἐστιίγε
790 2931 1003 3004 ἀληθῶς
1022 2932 1098 3002 τῷ
1117 2933 1258 3002 λόγῳ
1281 2935 1642 3003 ἐπιστήσαντα
1662 2931 1793 2983 ἀπο-

220 3021 498 3092 θαυμάσαι
549 3023 646 3095 τὴν
691 3023 782 3076 τοῦ
826 3027 1103 3096 προφήτου
1156 3025 1479 3097 πρόρρησιν,
1531 3021 1610 3093 τῷ
1665 3022 1792 3095 θείῳ

221 3113 496 3184 Πνεῦματι
527 3116 1048 3187 προτεθεωρηκότος,
1090 3118 1170 3169 ὅτι
1215 3117 1277 3186 δὴ
1323 3115 1574 3187 μελλήσει
1603 3118 1630 3170 ὁ
1665 3133 1795 3187 προ-

221 3207 606 3277 φητευόμενος,
635 3209 731 3277 ούχ
762 3203 850 3260 οἷά
881 3227 963 3271 τις
992 3207 1228 3273 ἐπίδοξος
1269 3211 1327 3262 ἐν
1360 3207 1665 3280 ἀνθρώποις
1700 3207 1793 3277 βα-

220 3297 423 3360 σιλεὺς,
457 3298 540 3366 ἐφ’
569 3299 824 3369 ἁρμάτων
856 3302 947 3352 καὶ
974 3301 1155 3354 ἵππων
1184 3299 1500 3372 όχήσεσθραι,
1537 3299 1670 3353 ἀλλά
1705 3301 1794 3352 ἐπὶ

217 3389 344 3442 ὄνου
373 3391 466 3443 καὶ
493 3390 691 3456 πώλου,
724 3387 812 3446 οἷά
837 3409 918 3456 τις
949 3393 1057 3445 τῶν
1088 3393 1294 3446 πολλῶν
1325 3392 1499 3456 κοινὸς
1537 3392 1675 3462 ἀνὴρ
1702 3393 1794 3446 καὶ

219 3482 412 3551 πένης.
442 3483 610 3536 Τοῦτο
653 3483 762 3554 γὰρ
801 3485 892 3537 καὶ
945 3484 1101 3547 ἄλλος
1149 3484 1441 3556 προφητῶν
1491 3485 1790 3554 ἐθαύμασε,

217 3574 428 3643 φήσας¹
467 3595 484 3624 ι
515 3576 684 3646 Χαῖρε
722 3576 941 3645 σφόδρα,
985 3576 1219 3647 θύγατερ
1247 3574 1405 3640 Σιὼν,
1442 3577 1548 3629 ἰδοὺ
1578 3577 1606 3627 ό
1641 3575 1808 3652 βασιχ

215 3661 344 3724 Pati;
385 3677 476 3714 σου
518 3661 732 3733 ἔρχεταί
761 3681 840 3718 σοι
873 3667 1068 3736 πρᾶος,
1093 3665 1435 3736 ὲπιὸεϐηκὼς
1469 3667 1560 3718 ἐπὶ
1593 3666 1793 3730 ὑποζύ-

215 3770 339 3822 γιον
385 3755 478 3808 καὶ
527 3755 701 3809 πῶλον
731 3758 870 3811 νέον.
904 3777 921 3808 ι
961 3759 1032 3811 Τὸ
1069 3759 1146 3822 δὲ,
1187 3778 1205 3809 ‹
1237 3758 1433 3811 Πλυνεί
1461 3761 1517 3812 ὲν
1540 3758 1668 3828 οϊνῳ
1693 3759 1791 3829 τὴν

216 3847 412 3918 στολὴν
437 3849 620 3911 αὐτοῦ,
655 3850 750 3904 καὶ
787 3852 843 3902 ὲν
875 3851 1061 3921 αἵματι
1086 3851 1358 3922 σταφυλῆς
1381 3851 1477 3922 τὴν
1503 3850 1792 3923 περιϐολὴν

214 3940 406 4006 αὑτοῦ,
438 3961 456 3992 ι
497 3943 687 4010 σκέψαι
723 3945 815 3996 καὶ
841 3943 1000 4006 αὐτὸς
1035 3945 1242 4014 μήποτε
1277 3945 1352 4007 ὼς
1381 3945 1438 3998 ὲν
1463 3945 1792 4017 ἀπορρήτοις

212 4035 278 4087 τὸ
317 4035 574 4104 μυστικὸν
605 4034 894 4088 αἰνίττεται
926 4034 1096 4097 πάθος
1127 4035 1312 4100 αὑτοῦ,
1343 4037 1398 4088 ὲν
1419 4029 1462 4103 ᾦ
1481 4036 1578 4106 τὴν
1605 4035 1792 4107 στολὴν

211 4125 387 4180 αὐτοῦ
426 4127 520 4179 καὶ
563 4127 623 4180 τὸ
668 4127 1012 4197 περιϐόλαιον
1053 4126 1326 4180 ἀπέπλυνε
1367 4127 1594 4199 λουτρῷ,
1627 4128 1694 4182 δι’
1731 4123 1792 4184 οὗ

207 4219 325 4271 τῶν
355 4220 435 4282 είς
471 4218 631 4271 αὑτὸν
664 4219 1100 4274 πεπιστευκότων
1137 4220 1464 4273 ἀποπλύνειν
1492 4220 1560 4273 τὰ
1587 4221 1791 4274 παλαιά

209 4315 366 4385 ρύπη
389 4313 660 4384 δηλοῦται.
690 4313 787 4366 Διά
809 4313 918 4385 γάρ
944 4312 1038 4366 τοῦ
1062 4312 1227 4376 οἴνου,
1248 4313 1384 4384 ὅπερ
1408 4309 1475 4383 ἦν
1500 4313 1593 4366 τοῦ
1629 4315 1793 4384 αἵμα-

1891 1827 1983 1881 diu
2007 1825 2234 1880 Iudaica
2265 1841 2397 1895 gens
2433 1827 2600 1888 stetit,
2626 1823 3047 1892 Judazorumque
3084 1822 3358 1892 principes
3393 1837 3456 1876 ac

1890 1922 2078 1978 duces.
2102 1919 2468 1988 exquisitique
2491 1933 2554 1971 ac
2579 1918 2851 1987 sapientes
2876 1915 3184 1970 divinorum
3213 1913 3277 1970 de
3299 1913 3456 1972 Chri—

1891 2022 1973 2066 sto
2009 2012 2358 2066 oraculorum
2406 2011 2732 2080 interpretes
2773 2008 2913 2079 apud
2954 2009 3103 2078 ipsos
3137 2006 3454 2060 ﬂoruerunt.

1889 2103 2052 2174 379
2071 2101 2364 2171 Postquam
2395 2110 2574 2154 autem
2611 2110 2877 2155 venerunt
2908 2114 3028 2168 qua:
3053 2098 3152 2167 ipsi
3175 2095 3327 2152 Judie
3373 2112 3457 2151 re-

1889 2199 2062 2266 posita
2093 2203 2271 2259 erant,
2307 2202 2420 2248 tum
2462 2195 2508 2248 is
2544 2194 2596 2248 in
2642 2201 2786 2246 terra
2817 2199 2900 2246 est
2931 2192 3102 2252 visus,
3135 2190 3227 2260 qui
3259 2207 3288 2242 a
3333 2203 3458 2258 pro-

1892 2291 2066 2361 phetis
2113 2289 2292 2344 dictus
2339 2297 2456 2342 erat
2495 2288 2561 2342 de
2611 2286 2818 2342 semine
2870 2299 2932 2339 ac
2978 2285 3147 2354 stirpe
3191 2283 3332 2353 ejus,
3364 2282 3465 2350 qui

1891 2383 2004 2435 haec
2045 2381 2382 2434 divinaverat
2420 2379 2684 2442 oriturus,
2730 2376 3165 2444 recumbensque
3205 2389 3267 2427 ac
3307 2373 3457 2442 sopi-

1893 2481 1998 2535 tus,
2034 2473 2138 2537 vel,
2173 2479 2232 2527 ut
2260 2473 2336 2526 ait
2364 2471 2747 2542 Symmachus,
2783 2487 2800 2520 ε
2836 2467 3063 2538 genibus
3089 2466 3240 2521 ﬂexis
3273 2485 3292 2518 ι
3329 2479 3466 2519 con--

1893 2570 2140 2622 ﬁrmatus
2178 2577 2261 2622 est
2294 2577 2347 2622 et
2375 2567 2633 2626 surrexit,
2666 2565 2920 2618 manibus
2955 2563 3009 2617 in
3031 2571 3243 2631 tergum
3272 2559 3462 2614 invisi-

1892 2661 2079 2716 biliutn
2112 2668 2271 2730 atque
2302 2657 2724 2729 intelligibilium
2753 2655 2993 2710 hostium
3027 2653 3265 2722 injectis,
3309 2651 3460 2720 ejus-

1892 2769 1996 2823 que
2027 2751 2224 2807 fratres
2251 2767 2311 2806 ac
2342 2748 2594 2820 discipuli
2619 2755 2778 2802 antea
2809 2747 2958 2800 illum
2985 2745 3268 2799 laudantes
3295 2750 3464 2812 atque

1893 2844 2246 2906 admirantes,
2301 2849 2425 2913 post
2453 2841 2542 2894 ubi
2609 2839 2777 2894 Deum
2825 2853 2948 2893 esse
2995 2834 3233 2892 confessi
3293 2843 3473 2896 sunt,

1893 2939 2055 2991 etiam
2110 2946 2167 2989 ut
2215 2934 2383 2990 Deum
2434 2933 2816 2992 adoraverunt,
2858 2936 2971 2982 tum
3021 2942 3148 2982 vero
3199 2925 3288 2980 illa
3341 2925 3458 2994 ipsa

1897 3030 2162 3099 completa
2194 3035 2341 3090 sunt,
2393 3039 2514 3095 quae
2555 3023 2658 3093 ipsi
2711 3021 2948 3091 reposita
3001 3029 3175 3081 erant,
3231 3027 3290 3072 ut
3331 3031 3458 3088 pro-

1895 3131 2010 3188 pter
2037 3122 2138 3175 hoc
2170 3119 2299 3172 illud
2339 3116 2610 3174 redditum
2641 3115 2713 3171 sit
2745 3113 3026 3168 oraculum
3053 3133 3066 3166 :
3098 3132 3115 3164 ι
3148 3112 3327 3166 Donec
3373 3126 3458 3166 ve-

1893 3213 2045 3265 niant
2074 3225 2194 3280 qum
2228 3209 2464 3279 reposita
2511 3215 2638 3262 sunt
2686 3205 2810 3275 ipsi.
2847 3222 2866 3256 ι
2900 3202 3036 3256 Cum
3083 3202 3224 3256 enim
3265 3216 3332 3254 ex
3363 3199 3456 3254 illo

1894 3305 1958 3359 ad
1999 3305 2144 3358 hunc
2187 3317 2360 3371 usque
2393 3301 2558 3362 diem,
2602 3313 2664 3353 ea
2708 3313 2828 3367 qua:
2852 3296 2953 3366 ipsi
2997 3292 3235 3361 reposita
3277 3291 3452 3354 erant,

1893 3397 1960 3453 ad
2002 3396 2160 3450 ﬁnem
2195 3393 2560 3465 pervenerint,
2593 3389 2906 3443 defecerunt
2935 3385 3151 3456 quidem
3182 3383 3454 3454 principes

1892 3504 1956 3543 ac
1999 3487 2167 3542 duces
2193 3483 2524 3547 Iudaeorum,
2561 3481 2749 3550 eisque
2801 3495 2965 3550 supra
3008 3484 3173 3547 caput
3214 3477 3466 3548 gentium.

1892 3580 2167 3652 principes
2199 3576 2448 3632 collocati
2503 3582 2650 3629 sunt.
2697 3571 2738 3623 E
2771 3570 3047 3626 contrario
3091 3577 3274 3624 autem
3325 3571 3454 3638 ipsa:

1893 3683 2082 3744 gentes
2109 3672 2200 3726 ubi
2234 3669 2508 3726 Christum
2546 3666 2636 3722 Dei
2681 3673 3037 3735 agnoverunt,
3069 3664 3220 3716 illum
3257 3661 3362 3716 sibi
3397 3670 3454 3716 et

1895 3763 2226 3820 Salvatorem
2271 3770 2324 3817 et
2373 3760 2838 3830 exspectationem
2881 3756 3274 3825 ascripserunt.
3327 3752 3457 3808 Post

1891 3860 2007 3912 lucc
2054 3855 2236 3912 omnia
2281 3854 2413 3910 illud
2467 3853 2826 3922 adjungitur:
2866 3868 2883 3899 ι
2915 3849 3114 3919 Ligans
3165 3847 3232 3900 ad
3291 3847 3452 3902 vitem

1893 3951 2096 4019 pullum
2129 3963 2309 4009 suum,
2339 3954 2392 4001 et
2428 3946 2494 4000 ad
2541 3945 2853 4014 capreolum
2887 3943 3010 3996 vitis
3051 3940 3254 4009 pullum
3287 3939 3454 3994 asina:

1892 4053 2023 4101 suae,
2061 4036 2263 4090 lavabit
2295 4035 2348 4088 in
2389 4034 2514 4088 vino
2550 4035 2744 4088 stolam
2797 4047 2973 4095 suam,
3006 4039 3060 4084 et
3094 4029 3149 4082 in
3193 4028 3454 4098 sanguine

1893 4146 2010 4185 uvae
2053 4129 2274 4198 pallium
2309 4143 2490 4191 suum,
2540 4127 2766 4196 gratiosi
2797 4124 2940 4180 oculi
2973 4121 3094 4191 ejus
3138 4136 3166 4174 a
3210 4121 3359 4184 vino,
3401 4126 3454 4172 et

1895 4225 2002 4279 albi
2031 4224 2221 4278 dentes
2251 4222 2371 4292 ejus
2402 4232 2460 4276 ut
2488 4223 2570 4275 lac
2590 4220 2658 4275 ⁵⁸³.
2691 4240 2708 4272 ι
2743 4221 2800 4273 In
2831 4220 2915 4272 his
2942 4227 3121 4271 autem
3156 4212 3453 4284 signiﬁcari

1893 4316 2128 4370 arbitror
2185 4329 2280 4384 per
2327 4313 2535 4384 pullum
2580 4311 2818 4382 quidem,
2869 4310 3044 4380 ipsum
3086 4306 3454 4377 apostolorum

203 4423 307 4471 τος
338 4405 505 4460 αὐτοῦ
545 4405 826 4477 σύμϐολον,
864 4407 990 4469 τοὺς
1028 4407 1106 4469 εἰς
1133 4405 1223 4459 τὸν
1250 4405 1472 4459 θάνατον
1500 4407 1663 4460 αὑτοῦ
1697 4407 1788 4478 βα-

1893 4423 1956 4462 ac
1989 4407 2384 4478 discipulorum
2424 4403 2723 4457 Salvatoris
2755 4401 2932 4455 nostri
2966 4400 3217 4460 chorum,
3253 4410 3346 4466 per
3373 4394 3454 4447 vi-

206 4500 591 4570 πτιζομένους,
626 4499 720 4552 καὶ
763 4499 854 4551 ἐπὶ
895 4499 956 4552 τὸ
989 4493 1127 4568 αἷμα
1170 4499 1331 4552 αὐτοῦ
1361 4501 1790 4564 πεπιστευκότας

203 4592 321 4645 τῶν
368 4591 535 4644 πάλαι
580 4591 764 4644 κακῶν
811 4589 1191 4662 ἀποκαθαίρει,
1236 4589 1558 4644 ἀποπλύνων
1612 4591 1788 4645 αύτῶν

205 4685 311 4738 καὶ
347 4684 684 4755 ἀποσμήχων
714 4681 811 4754 τὴν
841 4681 1077 4735 παλαιὰν
1131 4681 1308 4735 αὐτῶν
1363 4684 1551 4754 στολὴν
1587 4685 1680 4738 καὶ
1727 4683 1788 4737 τὸ

207 4775 561 4848 περιϐόλαιον
583 4792 598 4806 ·
633 4775 772 4828 ὥστε
812 4775 1007 4837 αὐτοὺς
1041 4774 1116 4845 τῷ
1145 4775 1310 4844 τιμίῳ
1334 4775 1522 4845 αἵματι
1568 4777 1667 4845 τῆς
1701 4778 1786 4829 ἐν.

203 4870 337 4923 θέου
365 4871 460 4922 καὶ
495 4868 864 4939 πνευματικῆς
899 4868 1187 4938 σταφυλῆς,
1218 4869 1294 4939 τῷ
1330 4886 1389 4922 τε
1421 4872 1484 4922 ὲκ
1511 4870 1608 4939 τῆς
1653 4869 1788 4921 ἀπο-

200 4961 458 5032 δοθείσης
491 4962 728 5032 ἀμπέλου
773 4961 901 5030 οἴνῳ
947 4959 1378 5030 λελυτρωμένους
1416 4960 1784 5014 ἀποδύσασθαι

202 5054 312 5122 μὲν
343 5054 438 5106 τὸν
469 5053 693 5105 παλαιὸν
723 5052 1004 5123 ἄνθρωπον
1032 5053 1126 5104 σὺν
1151 5055 1269 5115 ταῖς
1311 5051 1572 5123 πράξεσιν
1600 5051 1781 5116 αὐτοῦ,

199 5143 536 5198 ἐνδύσασθαι
568 5145 624 5197 δὲ
655 5146 744 5197 τὸν
778 5145 916 5206 νέον,
950 5145 1038 5198 τὸν
1071 5144 1523 5214 ἀνακαινούμενον
1564 5147 1642 5208 εἰς
1669 5144 1785 5196 ἐπί-

193 5252 414 5304 γνωσιν
457 5237 576 5287 κατ’
605 5236 788 5290 εἰκόνα
833 5234 926 5288 τοῦ
975 5237 1274 5300 κτίσαντος.
1302 5238 1408 5290 Καὶ
1439 5237 1519 5301 τὸ,
1562 5255 1578 5286 ι
1613 5238 1786 5307 Χαρο-

192 5329 350 5382 ποιοὶ
391 5326 555 5379 αὐτοῦ
585 5328 634 5379 οἱ
665 5327 928 5398 ὀφθαλμοὶ
954 5329 1060 5381 ἀπὸ
1084 5327 1224 5381 οἴνου
1246 5369 1260 5391 ,
1304 5348 1322 5380 ι
1363 5329 1454 5382 καὶ
1479 5328 1560 5391 τὸ,
1598 5348 1614 5378 ε
1647 5331 1782 5381 Λευ-

189 5421 289 5471 κοὶ
320 5419 372 5470 οἱ
406 5417 613 5480 ὀδόντες
649 5417 811 5471 αὐτοῦ
906 5419 1064 5488 γάλα,
1097 5439 1113 5470 ι
1148 5420 1304 5472 πάλιν
1341 5421 1664 5491 ἀπορρήτοις
1686 5421 1787 5490 τῆς

189 5508 419 5580 Καινῆς
466 5507 560 5561 τοῦ
601 5509 849 5581 Σωτῆρος
892 5509 1049 5580 ἡμῶν
1086 5509 1352 5581 Διαθήκης
1399 5511 1469 5563 τὰ
1521 5513 1792 5583 μυστήρια

221 5741 224 5746 .
277 5690 325 5722 ’³
362 5687 484 5744 Gen
547 5705 702 5758 ms,
743 5689 827 5755 Il,
865 5690 948 5743 I2.
1026 5690 1072 5722 ⁵³
1109 5688 1264 5745 .Ioan.
1301 5705 1389 5755 xv,
1429 5691 1479 5747 ι.

1892 4509 2000 4555 tem
2041 4506 2218 4553 autem
2249 4498 2315 4551 ad
2361 4512 2520 4567 quam
2551 4496 2732 4566 pullus
2762 4501 2846 4548 est
2881 4492 3154 4562 alligatus,
3217 4486 3458 4542 divinam

1891 4591 2333 4659 invisibilemque
2365 4589 2484 4656 ejus
2514 4589 2642 4650 vim,
2679 4601 2840 4657 quam
2883 4585 2999 4654 ipse
3028 4581 3157 4636 dum
3201 4578 3458 4634 ostende-

1889 4695 1992 4748 ret,
2037 4683 2266 4738 docebat
2311 4682 2395 4736 Iiis
2439 4681 2658 4734 verbis:
2692 4699 2710 4730 ‹
2750 4677 2861 4748 Ego
2903 4659 3022 4731 sum
3071 4675 3194 4727 vitis
3227 4685 3372 4732 vera,
3403 4675 3457 4722 et

1890 4776 2051 4830 Pater
2097 4789 2251 4828 meus
2293 4773 2530 4843 agricola
2557 4780 2640 4826 est
2663 4771 2730 4824 “.
2765 4790 2782 4820 ι
2826 4768 3081 4837 Ejusdem
3124 4777 3286 4834 porro
3329 4760 3456 4814 vitis

1892 4867 2176 4937 capreolos
2216 4865 2307 4918 Dei
2333 4863 2492 4920 Verbi
2527 4863 2776 4916 doctrina‘
2824 4859 3008 4921 fuerit,
3038 4857 3104 4911 ad
3144 4869 3303 4926 quem
3339 4853 3457 4923 pul-

1893 4960 2002 5014 lum
2036 4959 2202 5014 asina!
2233 4974 2344 5013 suae
2373 4957 2636 5027 alligavit,
2673 4955 2766 5026 qui
2796 4953 3012 5024 quidem
3045 4949 3224 5021 pullus
3258 4961 3454 5001 novum

1891 5053 1957 5106 de
2007 5051 2258 5121 gentibus
2303 5051 2579 5119 populum,
2611 5048 2765 5118 quasi
2809 5045 3114 5116 genituram
3162 5037 3454 5109 quamdam

1892 5145 2260 5216 apostolorum
2308 5143 2446 5211 ejus,
2491 5150 2544 5195 et
2570 5141 2775 5212 prolem
2819 5133 3223 5208 signiﬁcaverit.
3256 5130 3457 5184 Possu-

1891 5253 2014 5292 mus
2055 5237 2180 5290 item
2232 5236 2312 5288 vel
2359 5235 2423 5287 ad
2467 5235 2692 5290 verbum
2727 5233 2907 5286 dicere
2943 5230 3055 5283 haec
3101 5241 3260 5281 suum
3297 5223 3457 5277 ﬁnem

1892 5327 2205 5394 contigisse,
2255 5341 2362 5395 quo
2401 5333 2662 5396 tempore,
2690 5331 2748 5376 ut
2795 5322 2937 5392 apud
2971 5320 3278 5374 Manlia:qu
3327 5310 3458 5382 legi-

1895 5427 2002 5484 tur,
2021 5419 2282 5473 Dominus
2300 5419 2434 5472 dixit
2459 5420 2523 5472 ad
2556 5433 2684 5472 suos
2702 5414 3035 5485 discipulos:
3059 5429 3077 5461 ι
3101 5407 3176 5463 Ite
3190 5409 3242 5461 in
3269 5401 3461 5459 castel-

1895 5513 2006 5568 lum
2048 5513 2191 5584 quod
2225 5521 2414 5568 contra
2448 5527 2542 5567 vos
2573 5519 2678 5574 est,
2720 5517 2773 5562 et
2805 5507 2989 5564 statim
3019 5499 3306 5560 invenietis
3350 5495 3460 5550 asi.
