3868 6196
559 280 666 341 595

1187 285 1457 346 EUSEBII
1496 281 1975 346 CESARIENSIS
2011 272 2161 339 OPP.
2202 277 2380 337 PARS
2412 277 2477 336 ll.
2516 311 2585 321 —
2612 275 3105 336 APOLOGETICA.

3638 279 3727 335 596

557 413 685 459 nam
723 401 993 472 alligatam
1023 412 1076 458 et
1111 404 1315 474 pullum
1347 422 1472 462 cum
1504 421 1589 470 ea,
1622 401 1813 461 solvite
1853 411 1908 459 et
1940 400 2104 456 addu-

2210 395 2341 470 ἡγοῦ
2348 412 2445 467 μαι
2477 394 2767 467 περιέχειν.
2784 392 2894 465 Τὴν
2921 391 3050 462 γοῦν
3072 386 3405 462 εὐφροσύνην
3424 388 3520 460 τὴν
3540 389 3631 444 ἀπὺ
3644 393 3726 447 τοῦ

560 488 666 563 cite
700 490 917 547 mihi".
953 510 972 544 ι
1011 491 1078 547 Ει
1107 507 1240 550 sane
1273 496 1318 551 si
1348 498 1472 567 quis
1509 496 1674 552 verba
1707 494 1992 566 diligenter
2027 498 2107 544 at-

560 572 811 647 tenderit,
857 582 989 653 quin
1032 584 1308 657 propheta:
1349 586 1750 660 praedictionem
1789 583 2102 645 admiretur,

558 667 736 726 facere
762 685 872 726 non
903 674 1124 743 poterit,
1149 677 1243 747 qui
1272 676 1457 733 divino
1481 676 1687 750 Spiritu
1722 673 1932 729 amatus
1954 679 2107 726 tanto

556 766 681 820 Inte
717 765 1048 834 cognoverit,
1095 781 1219 822 eum
1269 768 1337 824 de
1382 784 1491 838 quo
1530 770 1645 840 ipse
1689 765 2105 830 vaticinabatur,

553 863 666 908 non
711 861 772 908 ut
802 854 1036 927 aliquem
1079 857 1346 916 illustrem
1389 860 1533 931 apud
1562 859 1809 916 homines
1838 870 2019 928 regem
2052 855 2106 908 in

555 944 809 1002 curribus
834 952 890 1001 et
915 948 1071 1019 equis
1112 963 1235 1006 esse
1270 950 1594 1015 vehendum,
1627 949 1722 1007 sed
1766 962 1929 1020 super
1955 946 2107 1002 asina

554 1043 613 1091 et
644 1037 792 1107 pullo
814 1038 1113 1103 sedentem,
1140 1043 1298 1111 quasi
1327 1057 1493 1098 unum
1531 1042 1598 1098 de
1629 1041 1814 1097 multis
1842 1048 1896 1095 et
1921 1037 2108 1108 vulga-

554 1142 666 1183 rem
715 1129 1003 1199 quemdam
1055 1132 1325 1188 hominem
1377 1142 1539 1205 atque
1583 1133 1819 1203 inopem.
1867 1128 2106 1200 ldipsum

554 1218 697 1275 alius
743 1235 963 1292 quoque
1015 1224 1281 1294 propheta
1333 1233 1419 1281 est
1473 1223 1799 1289 admiratus,
1848 1220 1942 1277 ubi
1990 1219 2102 1274 ait:

552 1308 758 1380 380:
785 1308 972 1369 Gaude
1022 1315 1405 1383 vehementer,
1465 1317 1576 1372 ﬁlia
1624 1314 1792 1383 Sion,
1835 1329 1963 1372 ecce
2009 1327 2107 1368 rex

552 1406 681 1457 tuus
725 1402 871 1457 venit
900 1403 997 1460 tibi
1037 1416 1374 1473 mansuetus,
1414 1390 1621 1465 sedens
1669 1423 1833 1480 super
1859 1406 2106 1477 iumento

553 1499 607 1546 et
629 1493 777 1563 pullo
806 1496 1152 1556 adolescente
1169 1501 1238 1556 ".
1274 1519 1294 1552 ι
1328 1498 1464 1555 Illud
1505 1508 1707 1566 autem,
1747 1517 1766 1551 ι
1798 1494 2023 1552 Lavabit
2051 1492 2108 1546 in

550 1581 678 1639 vino
734 1587 929 1642 stolam
980 1604 1157 1656 suam,
1200 1602 1256 1649 et
1298 1593 1354 1648 in
1415 1592 1679 1665 sanguine
1723 1605 1842 1646 uvae
1886 1585 2105 1659 pallium

552 1689 731 1743 suum,
766 1697 786 1729 ›
809 1666 953 1744 vide,
993 1696 1199 1750 quaeso,
1230 1692 1285 1737 tu
1317 1697 1551 1754 quoque,
1595 1697 1663 1737 ne
1690 1679 1928 1751 quando,
1962 1684 2023 1730 ut
2050 1673 2107 1727 in

2209 487 2466 560 μυστικοῦ
2497 487 2660 552 οἴνου,
2689 479 2750 540 οὗ
2795 483 3166 556 παραδέδωκεν
3210 480 3372 545 αὐτὸς
3417 484 3529 546 τοῖς
3564 483 3722 538 ἑαυτοῦ

2211 578 2498 651 μαθηταῖς,
2527 578 2719 647 λέγων,
2753 596 2772 629 ι
2800 575 3025 641 Λάϐετε,
3065 574 3233 640 πίετε,
3248 574 3406 629 τοῦτό
3433 592 3532 647 μου
3553 576 3653 630 ἐστι
3677 576 3725 630 τὸ

2205 667 2363 744 αἷμα,
2388 670 2451 725 τὸ
2495 657 2635 744 ὗπὲρ
2666 669 2818 741 ὑμῶν
2850 669 3224 741 ὲκχυνόμενον,
3257 670 3339 732 είς
3367 669 3553 739 ἄφεσιν
3580 670 3733 742 ἀμαρ-

2203 762 2355 816 τιῶν.
2380 760 2551 816 Τοῦτο
2577 763 2780 814 ποιεῖτε
2807 762 2887 823 είς
2914 758 3012 830 τὴν
3044 759 3183 830 ἐμὴν
3212 758 3529 830 ἀνάμνησιν,
3561 776 3580 810 ι
3610 757 3734 813 δοκεῖ

2209 870 2297 924 μοι
2330 842 2610 925 σημαίνειν
2638 852 2718 920 τὸ,
2756 871 2777 905 ι
2797 851 3089 923 Χαροποιοὶ
3108 852 3159 904 οἱ
3184 850 3450 922 ὀφθαλμοὶ
3471 849 3621 904 αὐτοῦ
3640 851 3733 904 ἀπὺ

2204 944 2346 999 οίνου
2363 962 2379 977 ’
2409 964 2428 997 ι
2458 944 2554 999 καὶ
2579 946 2661 1009 τὸ,
2694 944 2921 998 «Λευκοὶ
2944 945 2992 997 οἱ
3009 943 3218 1006 ὀδόντες
3238 942 3402 997 αὑτοῦ
3468 943 3618 1012 γάλα,
3643 961 3661 995 ι
3681 943 3734 996 τδ

2203 1037 2451 1112 λαμπρὸν
2479 1039 2573 1093 καὶ
2602 1036 2838 1110 καθαρὸν
2867 1037 2967 1109 τῆς
2989 1034 3389 1108 μυστηριώδους
3412 1035 3628 1107 τροφῆς.
3641 1035 3742 1107 Πάου

2204 1131 2289 1186 λιν
2316 1132 2424 1206 γὰρ
2449 1131 2610 1196 αὐτὸς
2636 1130 2705 1184 τὰ
2733 1128 2977 1201 σύμϐολα
3003 1129 3102 1201 τῆς
3120 1127 3305 1182 ἐνθέου
3328 1129 3625 1200 οἰκονομίας
3644 1131 3738 1193 τοῖς

2205 1223 2369 1279 αὑτοῦ
2405 1221 2686 1295 παρεδίδου
2720 1220 3006 1294 μαθηταῖς,
3038 1220 3138 1291 τὴν
3175 1219 3357 1273 εἰκόνα
3387 1217 3482 1271 τοῦ
3512 1218 3634 1271 ίδίου
3654 1220 3739 1271 σώο

2209 1331 2376 1385 ματος
2400 1311 2668 1367 ποιεῖσθαι
2722 1310 3244 1385 παρακελευόμενος.
3261 1309 3476 1381 Ἐπειδὴ
3506 1308 3611 1381 γὰρ
3637 1308 3738 1362 οὐκ·

2205 1402 2286 1457 ἑτι
2315 1401 2414 1467 τὰς
2439 1401 2505 1455 δι’
2533 1402 2777 1474 αἱμάτων
2809 1400 3018 1464 θυσίας,
3038 1399 3160 1454 οὐδὲ
3198 1397 3296 1463 τὰς
3325 1398 3475 1470 παρὰ
3498 1399 3673 1453 Maias!
3691 1401 3739 1451 ὲν

2203 1494 2472 1566 διαφόρων
2507 1492 2661 1558 ζώων
2693 1494 2927 1562 σφαγαῖς
2968 1489 3459 1563 νενομοθετημένας
3491 1490 3737 1563 προσίετο,

2205 1588 2351 1660 ἄρτῳ
2374 1587 2431 1642 δὲ
2454 1586 2688 1659 χρῆσθαι
2717 1586 2967 1657 συμϐόλῳ
2988 1583 3082 1638 τοῦ
3112 1584 3240 1638 ἰδίου
3268 1581 3517 1654 σώματος
3546 1581 3740 1654 παρεδί-

2206 1678 2318 1744 δου,
2349 1678 2574 1742 εἰκότως
2609 1677 2670 1731 τὺ
2713 1675 2958 1749 λαμπρὸν
2992 1677 3087 1729 καὶ
3134 1672 3365 1748 καθαρὸν
3407 1674 3622 1745 ⁴ᾐνίξατο
3659 1673 3741 1744 τῆς

551 1766 787 1829 arcanis,
835 1770 1117 1840 mysticam
1166 1772 1313 1829 illius
1352 1773 1662 1844 passionem
1708 1769 1996 1842 signiﬁcet,
2044 1766 2099 1823 in

2205 1771 2421 1842 τροφῆς,
2452 1769 2618 1824 εἰπών
2637 1786 2650 1800 ⁸
2671 1789 2690 1821 ι
2720 1747 2827 1822 Kal.
2838 1747 3020 1822 λευκοὶ
3032 1771 3081 1822 οἱ
3109 1747 3315 1831 ὀδόντες
3341 1759 3551 1839 αὐτοῦῇ
3566 1762 3736 1833 γάλα.»

550 1872 656 1927 qua
679 1860 872 1916 stolam
900 1878 1055 1919 suam
1079 1873 1134 1921 et
1165 1865 1537 1922 indumentum
1561 1866 1813 1933 abluerit,
1844 1871 2099 1933 tanquam

551 1949 605 2004 in
633 1951 850 2009 lavacro
883 1974 896 2009 :
931 1956 1021 2011 ubi
1052 1972 1184 2014 sane
1210 1973 1420 2025 eorum,
1450 1959 1541 2031 qui
1570 1960 1625 2013 in
1652 1958 1829 2029 ipsum
1857 1953 2102 2010 credide-

549 2040 680 2104 rint,
733 2043 924 2100 sordes
948 2047 1200 2118 antiquas
1245 2048 1483 2105 ahluisse
1521 2048 1846 2104 declaratur.
1881 2043 1986 2101 Per
2020 2043 2103 2098 vi-

2201 1862 2400 1916 Τούτου
2446 1862 2540 1915 καὶ
2592 1861 2748 1925 ἄλλος
2795 1861 3165 1932 ἐμνημόνευσε
3207 1859 3516 1931 προφήτης,
3566 1859 3738 1929 φήσας

2209 1971 2228 2004 ι
2247 1953 2444 2007 Θυσίαν
2476 1952 2572 2006 καὶ
2603 1950 2917 2024 προσφορὰν
2948 1952 3048 2005 οὐκ
3076 1949 3355 2020 ὲθέλησας,
3378 1948 3536 2020 σῶμα
3555 1947 3610 2001 δὲ
3628 1965 3741 2001 κατ-

2199 2041 2408 2113 ηρτίσω
2441 2058 2549 2114 μοι.
2586 2040 2782 2094 »Ἀλλὰ
2831 2038 3023 2103 ταῦτα,
3089 2037 3329 2102 πλείονος
3379 2037 3605 2108 βασάνου
3649 2036 3748 2089 δεό-

548 2144 678 2187 num
706 2133 872 2201 enim,
898 2153 1018 2210 quae
1047 2140 1331 2211 sanguinis
1361 2141 1505 2197 illius
1529 2150 1657 2196 nota
1686 2149 1788 2205 est,
1814 2154 1909 2195 eos
1927 2137 2019 2209 qui
2043 2137 2100 2191 in

2207 2150 2362 2205 μενα,
2384 2134 2479 2188 καὶ
2517 2132 2859 2205 μακροτέρας
2881 2131 3193 2204 ἑρμηνείας,
3232 2130 3327 2183 ἐπὶ
3361 2128 3554 2200 σχολῆς
3582 2128 3644 2183 ἄν
3676 2145 3749 2191 τις

546 2230 722 2280 morte
775 2226 924 2284 illius
972 2229 1350 2301 haptizentur,
1413 2232 1615 2304 quique
1667 2232 1723 2287 in
1775 2231 2096 2302 sanguinem

2209 2223 2528 2295 βασανίσειε,
2544 2222 2639 2277 τοῦ
2666 2223 2929 2296 παρόντος
2950 2222 3139 2295 καιροῦ
3158 2220 3393 2276 τοσαῦτα
3415 2222 3585 2274 εἰπεῖν
3606 2220 3751 2274 am:-

544 2311 790 2383 ejusdem
824 2319 1069 2385 credant,
1103 2336 1133 2376 a
1178 2323 1456 2380 veteribus
1495 2324 1649 2380 malis
1692 2329 1976 2394 expurgat,
2012 2330 2099 2376 ut-

2205 2317 2478 2388 τήσαντος,
2507 2318 2586 2381 είς
2604 2316 2665 2370 τὸ
2681 2316 3021 2388 παραστῆσαι
3043 2312 3177 2388 μετὰ
3202 2313 3309 2368 τῶν
3338 2313 3510 2367 ἄλλων
3532 2313 3621 2366 καὶ
3633 2313 3748 2376 τοὺς

545 2412 671 2475 pote
695 2407 788 2477 qui
825 2409 1010 2466 abluat
1036 2421 1090 2468 et
1119 2413 1393 2486 ahstergat
1430 2415 1711 2488 antiquam
1765 2430 1952 2470 eorum
1985 2420 2101 2470 sto-

2205 2409 2423 2482 χρόνους
2462 2410 2563 2481 τῆς
2610 2408 2702 2463 τοῦ
2747 2409 2996 2481 Σωτῆρος
3043 2406 3199 2480 ἡμῶν
3226 2406 3525 2478 παρουσίας
3556 2405 3749 2458 ἄνωθεν

545 2493 652 2550 lam
702 2506 757 2554 et
806 2501 1050 2570 pallium.
1101 2502 1286 2576 Itaque
1321 2506 1558 2576 pretioso
1596 2505 1860 2576 sanguine
1904 2503 2101 2559 divina:

2205 2502 2308 2556 ὑπὸ
2347 2500 2455 2556 τῶν
2503 2501 2777 2575 πρόπαλαι
2806 2501 3097 2575 προφητῶν
3124 2499 3515 2572 ἐγνωσμένους,
3546 2500 3610 2570 τῇ
3635 2497 3752 2571 θείᾳ

545 2585 693 2643 illius
715 2596 770 2643 et
796 2590 865 2646 de
891 2592 1087 2662 spiritu
1122 2605 1261 2651 natae
1290 2611 1426 2660 uvae,
1454 2596 1687 2667 ejusque
1712 2595 1838 2651 vitis
1870 2596 2018 2658 vino,
2036 2594 2104 2651 de

2206 2595 2389 2665 σαφῶς
2417 2594 2806 2668 παραδεδόσθαι
2835 2596 3043 2667 Γραφῇ.

543 2694 651 2748 qua
685 2681 889 2739 dictum
932 2696 1016 2742 est
1053 2703 1239 2758 supra,
1304 2690 1585 2762 redempti,
1634 2698 1868 2746 veterem
1934 2688 2167 2760 quidem
2221 2690 2492 2753 hominem
2539 2705 2663 2745 cum
2704 2690 2824 2760 ejus
2869 2687 3176 2744 actionibus
3223 2694 3511 2752 exuerunt,
3559 2699 3751 2742 novum

544 2778 722 2826 autem
750 2781 804 2828 et
826 2776 892 2830 ad
918 2779 1280 2849 cognitionem
1341 2783 1641 2837 secundum
1670 2782 1957 2854 imaginem
2017 2780 2157 2852 ejus,
2198 2783 2291 2854 qui
2348 2782 2572 2847 creavit,
2639 2781 3037 2843 instauratum,
3092 2778 3405 2835 induerunt.
3458 2777 3528 2834 At
3588 2775 3751 2833 illud.

549 2880 568 2914 ι
592 2859 827 2920 Gratiosi
853 2868 997 2923 oculi
1037 2870 1157 2940 ejus
1200 2886 1230 2926 a
1265 2874 1411 2941 vino,
1444 2892 1463 2923 ι
1499 2882 1552 2929 et
1580 2874 1732 2939 illud,
1765 2893 1785 2926 ι
1813 2875 1934 2930 Albi
1998 2875 2188 2932 dentes
2250 2875 2372 2945 ejus
2401 2883 2459 2930 ut
2515 2876 2621 2941 lac,
2659 2895 2677 2928 ι
2708 2891 2903 2932 rursus
2930 2882 3188 2943 tanquam
3239 2873 3294 2927 in
3327 2873 3544 2927 arcanis
3588 2872 3754 2942 posita

543 2953 678 3011 Novi
709 2955 1043 3018 Testamenti
1070 2967 1329 3037 mysteria
1386 2968 1846 3039 comprehendere
1904 2968 2171 3036 arbitror,
2214 2970 2452 3024 laetitiam
2503 2969 2756 3025 videlicet
2801 2968 3017 3041 mystici
3077 2966 3224 3021 illius
3273 2964 3402 3031 vini,
3452 2964 3601 3035 quod
3647 2965 3757 3019 suis

543 3050 664 3117 ipse
693 3048 976 3123 discipulis
1012 3059 1255 3126 porrexit
1285 3057 1553 3126 Salvator,
1590 3076 1712 3115 cum
1739 3060 1877 3115 dixit
1931 3079 1945 3115 :
2008 3080 2027 3112 ι
2078 3061 2341 3131 Accipite,
2385 3059 2573 3128 bibite,
2646 3060 2735 3116 hic
2764 3066 2848 3115 est
2896 3073 3049 3113 meus
3086 3056 3328 3126 sanguis,
3358 3055 3452 3125 qui
3483 3070 3585 3126 pro
3609 3056 3757 3111 Y0bl8

544 3138 789 3200 funditur
843 3148 899 3203 in
965 3150 1338 3209 remissionem
1378 3161 1743 3226 peccatorum.
1772 3153 1887 3209 Hoc
1928 3154 2089 3212 facite
2127 3156 2181 3212 in
2222 3173 2394 3213 meam
2454 3154 3020 3214 commemorationem
3055 3151 3121 3206 ".
3162 3171 3181 3201 ι
3246 3149 3521 3220 Siquidem
3582 3148 3711 3203 illud
3739 3186 3755 3211 ,

545 3251 569 3289 ι
602 3233 840 3294 Gratiosi
867 3241 1010 3295 oculi
1039 3241 1159 3313 ejus
1191 3259 1221 3298 a
1255 3245 1402 3309 vino,
1431 3265 1450 3298 ι
1488 3253 1542 3302 et
1574 3264 1594 3298 ι
1620 3246 1742 3302 Albi
1781 3247 1971 3303 dentes
2019 3248 2138 3318 ejus
2174 3258 2232 3304 ut
2296 3250 2402 3315 lac,
2433 3268 2452 3301 ι
2494 3246 2862 3318 splendorem,
2906 3243 3307 3316 puritatemque
3346 3241 3569 3312 mystici
3617 3241 3759 3296 illius

543 3329 784 3387 alimenti
810 3334 941 3388 mihi
1003 3335 1308 3407 significare
1366 3337 1598 3395 videtur.
1624 3338 1834 3395 Rursus
1854 3341 1996 3397 enim
2061 3341 2175 3413 ipse
2213 3341 2636 3412 dispensationis
2681 3338 2878 3394 divinae
2921 3344 3080 3391 notas
3116 3334 3232 3389 suis
3275 3333 3562 3404 discipulis
3599 3333 3763 3389 tradi-

542 3424 641 3492 «ιιι,
668 3424 801 3480 dum
831 3427 1100 3495 hortatur,
1124 3436 1184 3484 ut
1207 3430 1291 3485 sui
1325 3430 1496 3502 ipsius
1543 3435 1789 3505 corporis
1820 3434 2106 3508 imaginem
2144 3442 2551 3506 reprasentent.
2578 3438 2713 3488 Cum
2751 3431 2895 3486 enim
2957 3444 3066 3484 non
3132 3427 3366 3496 amplius
3410 3432 3645 3481 cruenta
3672 3439 3761 3480 sa-

539 3514 767 3581 (ει-ἰθεῖα,
799 3534 975 3591 neque
1028 3537 1091 3578 ea
1133 3538 1252 3595 quae
1284 3522 1427 3595 apud
1465 3524 1667 3581 Mosem
1709 3527 1765 3582 in
1803 3529 1939 3599 lege,
1982 3529 2320 3589 diversorum
2353 3530 2666 3589 animaﬁum
2703 3522 3123 3584 mactationibus
3158 3521 3364 3575 sancita
3391 3526 3573 3581 erant.
3608 3526 3761 3589 εηιι

538 3612 685 3661 esset
732 3608 1039 3677 habiturus,
1084 3613 1180 3670 sed
1226 3622 1286 3671 ut
1332 3631 1470 3686 pane
1519 3618 1605 3673 sui
1652 3621 1901 3691 corporis
1950 3632 2078 3679 nota
2117 3632 2418 3691 uterentur,
2461 3625 2829 3687 instituturus,
2861 3621 3056 3676 merito
3096 3613 3367 3689 Propheta
3407 3611 3761 3687 splendorem

539 3712 605 3751 ac
630 3700 918 3770 puritatem
946 3706 1094 3763 illius
1121 3707 1361 3765 alimenti
1393 3708 1742 3779 significavit,
1766 3728 1891 3768 cum
1923 3716 2058 3771 dixit
2115 3736 2129 3774 :
2174 3738 2193 3768 ι
2224 3717 2290 3774 Ει
2315 3718 2425 3775 albi
2474 3717 2666 3773 dentes
2699 3714 2819 3785 ejus
2843 3720 2902 3767 ut
2929 3712 3031 3766 lac.
3064 3729 3083 3763 ι
3113 3707 3262 3764 lianc
3313 3724 3426 3765 rem
3456 3708 3603 3763 alius
3625 3723 3766 3778 quo-

539 3807 648 3864 que
699 3797 958 3867 propheta
1004 3807 1389 3856 commemorat
1433 3800 1518 3856 his
1564 3802 1744 3859 verbis
1776 3824 1790 3859 :
1828 3823 1847 3857 ι
1896 3804 2233 3864 Sacriﬁcium
2295 3819 2350 3865 et
2412 3808 2739 3865 oblationem
2783 3802 3026 3863 noluisti.
3093 3817 3293 3872 corpus
3330 3807 3509 3855 autem
3582 3800 3767 3872 perle-

538 3889 663 3946 cisti
736 3888 868 3944 mihi
891 3889 957 3944 ³⁸.
991 3909 1010 3943 ι
1045 3890 1330 3956 Caeterum,
1396 3892 1513 3948 haec
1575 3909 1699 3949 cum
1765 3896 1971 3967 majore
2036 3897 2379 3970 indagatione
2431 3909 2485 3955 ct
2543 3898 2786 3968 longiore
2844 3893 3075 3965 quadam
3119 3892 3567 3962 interpretatione
3616 3891 3767 3946 indi-

539 3991 721 4054 ge‘ant,
782 3997 881 4053 per
927 3983 1095 4037 otium
1139 3986 1408 4055 quispiam
1454 3986 1767 4058 diligentius
1831 3990 2192 4061 exploraverit
2259 4012 2271 4047 :
2337 3989 2779 4063 quandoquidem
2837 3987 2941 4043 hoc
2996 3995 3207 4055 tempus
3257 3987 3413 4057 plura
3468 3984 3583 4041 dici
3653 4002 3765 4042 non

541 4075 800 4145 postulat,
850 4082 907 4128 ut
936 4074 1093 4145 plane
1126 4075 1285 4146 381
1316 4086 1594 4147 appareat,
1646 4094 1754 4134 una
1823 4095 1947 4135 cum
1984 4082 2127 4146 aliis,
2169 4090 2411 4154 tempora
2444 4096 2662 4153 quoque
2692 4078 2988 4134 Salvatoris
3043 4078 3215 4132 nostri
3251 4075 3517 4133 adventus
3544 4090 3578 4130 a
3618 4076 3771 4147 prio-

538 4164 691 4220 ribus
721 4163 1001 4234 prophetis
1040 4164 1339 4234 antiquitus
1369 4167 1604 4237 cognita,
1634 4168 1830 4224 divina:
1859 4169 2135 4227 evidenter
2152 4171 2525 4228 commendata
2551 4186 2675 4227 esse
2707 4168 3020 4239 Scriptum.

538 4277 580 4331 Α
618 4275 852 4357 Βαιιὶείε.
872 4302 946 4317 -—
963 4275 1552 4357 Quemadmadunipost
1574 4298 1829 4335 annorum
1858 4283 2085 4351 spatium

2205 4284 2334 4357 Ἁπό
2367 4283 2472 4338 τοῦ
2499 4282 2741 4357 Δαγιῄλ.
2770 4313 2840 4357 τ
2878 4280 3141 4357 neme
3170 4280 3389 4357 κράγον
3403 4278 3554 4333 ἐτῶν
3599 4279 3771 4357 ἐξεσ-

609 4349 929 4424 δεριὶεξηικχν
964 4360 1081 4424 qua:
1111 4362 1315 4424 summa
1352 4349 1570 4424 eﬁicitur
1610 4366 1744 4424 οι)ιο
1784 4349 2042 4424 annorum
2063 4393 2079 4418 ,

2252 4353 2529 4424 μήκοντα
2571 4349 2928 4424 ἑϐδομάδων,
2956 4349 3004 4405 ἆ
3024 4349 3245 4424 Tifata;
3271 4349 3375 4424 sm
3400 4353 3772 4424 τετρακόσια

607 4430 727 4468 cum
747 4413 999 4497 .Christus
1028 4414 1321 4497 hominibus
1354 4413 1415 4497 se
1451 4419 1726 4497 videndum
1761 4413 2082 4497 praebuerit,

2252 4413 2677 4497 ἓνῖνενήκοντα,
2704 4413 3117 4497 ’τοῦῌΧρέσξοῦ
3167 4413 3510 4497 ἀνθρώποις(
3548 4420 3772 4497 exigu:

607 4483 891 4563 graphiariae
926 4500 1042 4563 gum
1081 4483 1220 4563 apud
1256 4484 1473 4563 ,ίιιᾴανοε
1509 4483 1786 4563 eastaban't
1811 4531 1826 4556 ,
1855 4501 1904 4551 et
1944 4483 2082 4563 quod

2256 4483 2493 4563 νέντοςῖ,
2534 4495 2593 4545 al
2635 4483 2793 4560 παρὰ
2819 4483 3121 4563 Ἰοῦδαίοις
3150 4483 3494 4563 στροῲητεῒαὶ
3521 4529 3540 4554 ,
3578 4483 3687 4545 καὶ
3732 4490 3770 4557 ἢ

608 4552 945 4635 αηιιξαρριιά
977 4552 1185 4635 eosdem
1206 4555 1448 4635 celebre,
1497 4552 1968 4635 clarumquelrnera‘tj
1989 4552 2085 4616 sa-

2258 4552 2884 4635 πιϋᾳίδιαπρέαέουαα
2914 4560 2985 4635 er
3015 4552 3218 4635 αὐτοῑξ·
3250 4552 3549 4635 ἱερωσύνῃ
3584 4552 3772 4635 aegra;

611 4621 947 4705 cerdotium,
967 4621 1299 4705 dissoluetur,
1329 4637 1379 4705 et
1410 4628 1510 4705 ipsi
1534 4621 1739 4705 quidem
1778 4630 1963 4705 diluvii
1988 4649 2083 4685 cu-

2260 4621 2626 4705 λυθήσεταιξ
2647 4633 2753 4705 καί
2783 4629 2951 4705 αὐτοὶ
2972 4621 3562 4705 μὲγᾼσςαὶακζιυσιιος).
3588 4629 3775 4705 ῥίκηγ

594 4694 816 4762 jusdam
846 4694 1017 4747 instar
1047 4693 1276 4770 assiduis
1315 4693 1669 4770 obsidionibus
1701 4700 1889 4768 captivi
1925 4701 2081 4770 ﬁent,

2259 4693 2629 4770 ἐπαλλήλοις
2643 4693 3010 4770 πολιορκίαις
3034 4698 3388 4770 ἀξιώσοντα,
3411 4693 3477 4754 ἑὸ
3491 4699 3572 4753 δὲ
3596 4693 3775 4770 ἄτιον

602 4779 818 4836 sacrum
849 4771 1024 4836 autem
1053 4763 1289 4833 ipsorum
1316 4768 1565 4836 templum
1592 4763 1883 4829 extremam
1914 4763 2089 4829 uasta?

607 4779 818 4818 sacrum
849 4771 1024 4817 autem
1053 4767 1289 4833 ipsorum
1316 4768 1565 4836 templum
1592 4767 1883 4829 extremam
1914 4767 2089 4829 uasta-

607 4834 799 4889 tionem
827 4833 1081 4902 patietur.

2259 4770 2454 4832 αὐτῶν
2470 4767 2630 4855 ἱερὸύ
2651 4770 2765 4839 τὴν
2790 4767 3054 4839 ἐσχάτην
3075 4768 3325 4839 ἐρημίαν
3342 4767 3665 4840 ὑπομενεῖ

605 4965 626 5000 ι
654 4945 719 5021 Et
746 4960 869 5001 cum
884 4944 1063 5013 adhuc
1080 4944 1331 5016 loquerer
1357 4954 1411 5003 et
1437 4963 1648 5005 orarem
1679 4957 1733 5013 et
1747 4950 2087 5015 enuntiarem

2265 4976 2285 5008 ι
2316 4957 2427 5017 Καὶ
2462 4954 2543 5010 ἔτι
2584 4972 2684 5027 μου
2711 4953 3015 5020 λαλοῦντος,
3050 4956 3144 5017 καὶ
3164 4956 3643 5029 προσευχομένου,
3675 4954 3775 5009 καὶ

530 5047 751 5110 peccata
784 5054 906 5101 mea
925 5079 942 5106 ,
970 5045 1026 5095 et
1048 5044 1271 5110 peccata
1298 5041 1484 5113 populi
1514 5042 1620 5101 mei
1650 5041 1848 5109 Israel,
1878 5051 1933 5100 et
1963 5059 2089 5115 pro-

2205 5046 2598 5122 ὲξαγορεύοντος
2631 5046 2728 5111 τὰς
2768 5046 3040 5123 ἁμαρτίας
3071 5064 3193 5118 μου,
3229 5048 3326 5102 καὶ
3347 5049 3447 5113 τὰς
3473 5046 3775 5120 ἁμαρτίας

531 5128 812 5185 ftmderem
854 5127 1382 5184 commiserationem
1420 5145 1595 5188 meam
1633 5147 1815 5188 coram
1855 5132 2086 5191 Domino

2205 5139 2279 5195 τοῦ
2342 5137 2468 5193 λαοῦ
2518 5154 2619 5210 μου
2659 5137 2889 5209 Ἰσραὴλ,
2930 5138 3024 5191 καὶ
3084 5137 3400 5211 ῥιπτοῦντος
3463 5138 3567 5193 τὸν
3618 5136 3775 5191 ἔλεόν

528 5216 641 5281 [leo
664 5233 786 5273 meo
815 5234 913 5289 pro
942 5227 1124 5281 monte
1151 5229 1342 5286 sancto
1371 5219 1467 5289 Dei
1498 5223 1641 5290 mei,
1669 5233 1723 5281 et
1750 5240 1875 5280 cum
1904 5224 2082 5291 adhuc

2205 5246 2291 5284 ιου
2322 5229 2500 5285 ἔναντι
2532 5228 2735 5301 Κυρίου
2762 5228 2857 5292 "rei?
2887 5228 3019 5283 θεοῦ
3050 5248 3170 5301 μου,
3211 5231 3305 5284 ἐπὶ
3348 5230 3440 5295 τοῦ
3465 5230 3648 5307 δρους
3676 5224 3775 5281 τοῦ

529 5307 780 5381 loquerer
804 5311 859 5367 in
887 5311 1132 5368 oratione
1150 5351 1167 5379 ,
1194 5328 1322 5378 ecce
1349 5313 1432 5369 vir
1457 5312 1709 5381 Gabriel,
1736 5333 1898 5389 quem
1929 5318 2083 5381 vide-

2205 5321 2343 5391 ἱιγίου
2397 5321 2491 5375 τοῦ
2544 5321 2678 5375 Θεοῦ
2729 5336 2852 5391 μου,
2895 5320 2989 5374 καὶ
3024 5320 3103 5374 ἔτι
3135 5337 3235 5392 μου
3278 5321 3575 5385 λαλοῦντος
3610 5323 3677 5372 ὲν
3702 5319 3774 5389 τῇ

526 5413 649 5467 tam
676 5405 732 5459 in
766 5402 975 5468 visione
1006 5404 1075 5461 ab
1107 5404 1262 5462 initio
1280 5445 1298 5471 ,
1324 5405 1515 5463 volans
1544 5409 1721 5480 tetigit
1751 5426 1838 5467 me
1866 5411 2084 5468 circiter

2205 5415 2483 5485 προσευχῇ,
2513 5413 2607 5467 καὶ
2663 5411 2768 5479 ίδοὺ
2794 5412 2823 5465 ὁ
2859 5409 2998 5484 ἀνὴρ
3025 5411 3284 5485 Γαϐριὴλ,
3326 5412 3386 5466 δν
3428 5407 3579 5467 εἶδον
3612 5412 3679 5466 ὲν
3702 5409 3777 5482 τῇ

530 5488 721 5557 horam
752 5497 1005 5563 sacriﬁcii
1032 5498 1361 5577 vespertini,
1397 5506 1453 5559 et
1479 5500 1664 5562 decuit
1696 5516 1782 5558 me
1802 5542 1817 5570 ,
1846 5511 1899 5560 et
1936 5503 2086 5560 locu-

2205 5504 2357 5584 iszﬁ,
2387 5504 2698 5575 πετόμενος,
2730 5505 2822 5558 καὶ
2861 5502 3037 5574 ἣψατό
3079 5521 3180 5577 μου
3220 5502 3353 5561 ὡσεὶ
3382 5502 3535 5588 ὥραν
3562 5499 3777 5569 θυσίας

599 5685 645 5732 ⁸⁸
676 5685 864 5753 διειιιιι.
897 5705 1018 5754 XXI.
1054 5690 1110 5753 3.
1184 5693 1231 5728 '°
1261 5694 1492 5755 Zacltar.
1529 5713 1583 5752 Ix
1607 5740 1622 5766 ,
1657 5698 1709 5754 9.
1785 5700 1826 5732 ³⁷
1868 5696 2000 5757 Luc.
2036 5712 2101 5755 xx

2206 5696 2289 5765 t9,
2319 5695 2409 5759 20.
2485 5699 2529 5732 ⁵⁸
2566 5696 2708 5762 Psal.
2744 5714 2928 5766 xxxvi.
2958 5698 3009 5761 Ἱς
