3922 6200
275 272 378 331 507

1148 257 1794 315 DEMONSTRATIONIS
1842 253 2295 309 EVANGELICzE
2319 251 2444 306 LIB.
2487 251 2618 305 Vlll.

3387 243 3490 300 598

271 382 582 456 ἐσπερινῆς,
631 382 724 435 καὶ
759 379 998 432 συνέτισέ
1031 395 1119 448 με,
1149 377 1242 430 καὶ
1271 373 1496 445 ἐλάλησε
1539 374 1652 444 μετ’
1679 371 1828 443 ἐμοῦ,

1940 376 2029 425 tus
2067 377 2150 424 est
2187 383 2434 433 mecum,
2474 375 2527 422 et
2567 364 2702 419 dixit
2733 381 2745 417 :
2789 361 3010 424 Daniel,
3052 374 3198 414 nunc
3236 371 3492 428 egressus

272 479 363 533 καὶ
390 472 508 529 εἷπε
530 491 542 503 °
563 471 777 543 Δανιὴλ,
801 470 892 524 νῦν
922 469 1138 540 ἐξῆλθον
1152 466 1482 538 συμϐιϐάσαι
1500 481 1559 518 σε
1584 464 1795 518 σύνεσιν
1816 479 1829 493 ·

271 573 330 625 ἐν
360 570 502 640 ἀρχῇ
540 566 640 636 τῆς
676 563 910 634 δεήσεώς
953 578 1046 614 σου
1095 559 1313 631 ἐξῆλθεν
1339 560 1368 611 ὁ
1399 557 1573 626 λόγος,
1607 557 1700 610 καὶ
1723 553 1833 623 ἐγὼ

265 655 428 732 ἦλθον
473 655 787 725 ἀναγγεῖλαί
819 672 920 716 σοι,
956 655 1038 706 ὃτι
1064 653 1200 724 ἀνὴρ
1229 649 1529 720 ἐπιθυμιῶν
1556 651 1618 702 σὺ
1646 643 1714 712 εἴ,
1741 648 1833 700 καὶ

268 750 550 823 ἐννοήθητι
590 751 646 802 ἐν
691 747 765 818 τῷ
811 748 1032 818 ῥήματι,
1063 746 1156 799 καὶ
1191 744 1349 807 σύνες
1381 744 1438 795 ἑν
1471 743 1535 812 τῇ
1575 740 1829 808 ὀπτασίᾳ,

267 849 348 902 δτι
369 844 508 916 ἀνὴρ
542 840 841 913 ἐπιθυμιῶν
889 837 939 894 εί
991 841 1074 894 σύ.
1118 839 1514 909 Ἐϐδομήκοντα
1543 833 1832 904 ἑϐδομάδες

271 936 686 1008 συνετμήθησαν
749 935 841 987 ἐπὶ
879 934 969 986 τὸν
1005 933 1131 987 λαόν
1166 949 1280 994 σου,
1311 930 1405 984 καὶ
1434 930 1526 982 ἐπὶ
1551 928 1649 998 τὴν
1679 926 1831 980 πόλιν

267 1031 368 1102 τὴν
426 1031 607 1098 ἁγίαν,
661 1026 755 1080 τοῦ
798 1024 1208 1095 συντελεσθῆναι
1259 1022 1551 1094 ἁμαρτίαν,
1606 1019 1830 1073 καὶτοῦ

270 1122 567 1194 σφραγίσαι
595 1119 886 1192 ἁμαρτίας,
905 1118 998 1170 καὶ
1021 1117 1113 1170 τοῦ
1143 1116 1438 1186 ἀπαλεῖψαι
1459 1114 1558 1177 τὰς
1580 1112 1828 1184 ἀνομίας,

271 1215 480 1269 καὶτοῦ
524 1211 868 1278 ἐξιλάσασθαι
911 1210 1142 1271 ἀδικίας,
1192 1210 1284 1262 καὶ
1311 1210 1538 1277 ἀγαγεῖν
1559 1205 1830 1260 δικαιοσύ-

269 1324 368 1377 νην
414 1306 651 1366 αἰώνιον,
709 1305 802 1356 καὶ
833 1301 925 1355 τοῦ
957 1301 1251 1372 σφραγίσαι
1277 1300 1462 1371 ὅρασιν
1494 1298 1587 1352 καὶ
1618 1315 1830 1370 προφη-

268 1397 439 1461 τείαν,
477 1396 568 1448 καὶ
594 1393 688 1446 τοῦ
715 1396 898 1464 χρῖσαι
937 1392 1088 1460 ἀγιον
1138 1390 1337 1458 ἁγίων·
1390 1391 1484 1442 καὶ
1526 1387 1706 1459 γνώσῃ
1741 1388 1832 1440 καὶ

269 1487 522 1556 συνήσεις
549 1484 652 1536 ἀπὸ
686 1481 864 1546 ἐξόδου
896 1481 1075 1550 λόγου,
1098 1479 1190 1532 τοῦ
1219 1479 1597 1552 ἀποκριθῆναι,
1631 1479 1830 1532 καὶτοῦ

264 1577 614 1647 οἰκοδομῆσαι
668 1574 1020 1647 Ἰερουσαλὴμ
1083 1573 1186 1636 ἕως
1228 1572 1458 1639 Χριστοῦ
1505 1571 1828 1644 ἡγουμένου.

278 1667 602 1738 Ἑϐδομάδες
664 1667 822 1730 ἑπτὰ,
881 1668 975 1720 καὶ
1013 1665 1301 1736 ἐϐδομάδες
1341 1664 1714 1736 ἑξηκονταδύο,
1741 1665 1831 1718 καὶ

265 1759 580 1830 ἐπιστρέψει
604 1801 616 1820 ,
644 1759 736 1813 καὶ
755 1757 1232 1829 οἰκοδομηθήσεται
1263 1757 1488 1810 πλατεῖα
1519 1759 1610 1810 καὶ
1633 1757 1828 1827 τείχος,

267 1853 362 1904 καὶ
388 1851 785 1923 κενωθήσονται
817 1853 865 1903 οί
891 1851 1071 1922 καιροί
1093 1867 1106 1880 ο
1138 1850 1232 1904 καὶ
1252 1849 1388 1921 μετά
1408 1849 1503 1914 τὰς
1534 1849 1830 1920 ἑϐδομάδας

262 1945 364 2009 τὰς
383 1945 755 2017 ἑξηκονταδύο,
778 1942 1280 2015 ἐξολοθρευθήσεται
1301 1943 1526 2014 χρίσμα,
1545 1943 1638 1995 καὶ
1661 1945 1832 2014 κρῖμα

262 2037 365 2089 οὐκ
392 2036 538 2088 ἐστιν
593 2037 649 2088 ἐν
699 2034 865 2104 αὐτῷ,
901 2036 994 2088 καὶ
1017 2035 1115 2104 τὴν
1150 2033 1300 2086 πόλιν
1329 2034 1421 2086 καὶ
1451 2033 1508 2086 τὸ
1537 2034 1688 2101 ἅγιον
1720 2033 1833 2085 δια-

265 2128 458 2198 φθερεῖ
485 2129 580 2181 σὺν
615 2126 690 2197 τῷ
743 2125 1026 2198 ἡγουμένῳ
1079 2125 1153 2196 τῷ
1190 2122 1486 2197 ἐρχομένῳ,
1549 2124 1640 2176 καὶ
1674 2127 1831 2176 ἐκκο-

266 2219 526 2288 πήσονται
577 2220 633 2270 ἐν
693 2215 1080 2286 κατακλυσμῷ,
1121 2217 1214 2270 καὶ
1251 2218 1354 2278 ἕως
1387 2217 1569 2280 τέλους
1599 2215 1828 2287 πολέμου

266 2312 703 2381 συντετμημένου
735 2311 1082 2380 ἀφανισμοῖς,
1115 2309 1208 2361 καὶ
1236 2308 1540 2379 δυναμώσει
1569 2308 1830 2380 διαθήκην

265 2401 478 2464 πολλοῖς
499 2400 728 2471 ἐϐδομάς
761 2401 876 2470 μία,
909 2401 1002 2453 καὶ
1022 2401 1078 2453 ἑν
1103 2400 1178 2472 τῷ
1206 2400 1390 2471 ἡμίσει
1417 2401 1515 2470 τῆς
1544 2401 1832 2471 ἑϐδομάδος

263 2492 562 2564 ἀρθήσεται
614 2493 769 2545 θυσία
829 2494 922 2545 καὶ
953 2492 1170 2562 σπονδὴ,
1195 2493 1287 2546 καὶ
1330 2494 1422 2545 ἐπὶ
1450 2492 1510 2544 τὸ
1543 2491 1684 2562 ἱερὸν
1715 2491 1830 2561 βδέ-

263 2585 449 2654 λυγμα
499 2585 605 2638 τῶν
647 2585 978 2656 ἐρημώσεων
1021 2585 1191 2648 ἔσται,
1241 2585 1334 2637 καὶ⁸
1386 2585 1490 2648 ἕως
1525 2583 1830 2647 συντελείας

264 2676 458 2748 καιροῦ
481 2677 749 2731 συντέλεια
783 2677 1061 2748 δοθήσεται
1095 2677 1186 2731 ἐπὶ
1210 2676 1303 2748 τὴν
1329 2678 1624 2748 ἐρήμωσιν.
1665 2695 1681 2726 ι
1721 2676 1829 2746 Τῆς

267 2768 359 2822 τοῦ
387 2768 652 2824 Ἰουδαίων
681 2769 862 2833 ἔθνους
877 2771 956 2832 είς
987 2767 1276 2822 Βαϐυλῶνα
1309 2766 1829 2838 ἑϐδομηκονταετοῠς

262 2859 640 2930 αἰχμαλωσίας
662 2862 739 2923 είς
755 2861 928 2932 πέρας
947 2860 1046 2931 ἢδη
1073 2859 1512 2928 συνελαυνούσης,
1531 2858 1608 2928 τῷ
1635 2857 1829 2929 Δανιὴλ

263 2953 567 3024 εὐξαμένῳ,
599 2947 677 3016 εἷς
701 2953 807 3006 τῶν
853 2953 1022 3021 ἁγίων
1053 2952 1375 3023 λειτουργῶν
1407 2950 1500 3005 τοῦ
1534 2950 1690 3017 Θεοῦ,
1726 2951 1828 3003 Γα-

1936 474 2055 514 sum
2092 467 2150 511 ut
2181 457 2398 511 atl‘cram
2439 457 2535 512 tibi
2579 452 2990 524 intelligentiam
3025 469 3036 504 :
3069 449 3138 503 ab
3176 448 3330 503 initio
3369 462 3494 518 pre-

1935 565 2058 605 cum
2099 557 2317 603 tuarum
2355 563 2609 619 egressus
2649 553 2731 601 est
2770 558 2986 607 sermo,
3033 551 3085 596 Cl.
3127 555 3227 610 ego
3268 538 3394 594 veni
3432 545 3492 593 ut

1935 641 2228 696 indicarem
2280 640 2407 702 tibi,
2460 639 2602 708 quod
2648 637 2729 690 vir
2770 633 3162 689 desideriorum
3203 639 3263 685 tu
3301 645 3402 691 es,
3436 635 3492 684 et

1933 733 2303 787 animadverte
2338 731 2390 785 in
2419 729 2606 792 verbo,
2642 735 2696 782 et
2723 726 2963 795 intellige
2995 724 3046 776 in
3084 723 3315 786 visione,
3347 721 3491 791 quod

1932 821 2017 876 vir
2063 819 2458 875 desideriorum
2495 833 2553 871 es
2605 826 2682 871 tu.
2733 813 3088 883 Septuaginta
3128 811 3492 866 hebdomades

1934 911 2314 983 compendium
2373 923 2633 979 accepere
2685 922 2849 976 super
2901 905 3158 975 populum
3205 913 3388 978 tuum,
3437 911 3493 958 et

1933 1020 2097 1073 super
2128 1002 2402 1056 civitatem
2443 1006 2718 1060 sanctam,
2754 1007 2816 1050 ut
2854 1004 3266 1052 consummetur
3300 1009 3492 1066 pecca-

1933 1105 2080 1160 tum,
2112 1101 2164 1148 et
2196 1094 2481 1164 signentur
2511 1091 2667 1162 quasi
2711 1088 2913 1142 annulo
2953 1096 3174 1158 peccata
3199 1128 3213 1152 ,
3254 1095 3308 1143 et
3346 1087 3493 1143 dele-

1933 1197 2094 1242 antur
2125 1185 2442 1256 iniquitatcs
2463 1225 2477 1250 ,
2506 1192 2561 1239 et
2589 1183 2875 1253 expientur
2904 1181 3210 1250 iujuslitize,
3238 1188 3291 1234 et
3322 1180 3489 1235 addu-

1932 1291 2090 1335 catur
2115 1277 2332 1346 justitia
2363 1277 2687 1345 sempiterna
2709 1316 2722 1337 ,
2754 1282 2808 1328 et
2838 1274 2993 1344 quasi
3028 1275 3181 1344 signo
3227 1273 3493 1342 impresso

1931 1372 2218 1426 claudatur
2264 1369 2398 1424 visio
2420 1409 2434 1433 ,
2466 1375 2520 1422 et
2553 1367 2835 1438 prophetia
2857 1405 2872 1430 ,
2906 1373 2958 1421 et
2994 1373 3229 1435 ungatur
3268 1372 3491 1419 sanctus

1933 1469 2246 1517 sanctorum
2268 1501 2282 1525 ,
2313 1467 2364 1514 et
2395 1474 2692 1529 cognosces
2722 1465 2774 1512 et
2805 1457 3071 1528 intelliges
3094 1456 3163 1510 ab
3201 1453 3348 1509 exitu
3381 1468 3490 1509 ser-

1934 1553 2143 1616 monis,
2175 1560 2236 1606 ut
2273 1550 2664 1620 respondeatur
2684 1593 2698 1615 ,
2731 1559 2783 1605 et
2815 1548 3113 1604 aediﬁcetur
3151 1546 3490 1601 Hierusalem

1933 1664 2107 1717 usque
2145 1647 2210 1701 ad
2258 1646 2536 1701 Christum
2585 1645 2800 1698 ducem.
2843 1641 3216 1698 Hebdomades
3256 1648 3490 1710 septem,

1933 1748 1986 1792 et
2008 1737 2372 1793 hebdomach
2402 1737 2683 1806 sexaginta
2711 1734 2873 1804 382
2905 1735 3025 1787 duae
3045 1774 3059 1800 ,
3089 1740 3142 1786 et
3172 1738 3492 1795 revertetur,

1933 1841 1985 1888 et
2025 1829 2386 1884 tediﬁcabitur
2420 1831 2597 1900 platea
2636 1835 2689 1882 et
2727 1842 2953 1891 murus,
2993 1831 3048 1879 et
3084 1822 3493 1878 evacuabuntur

1935 1935 2173 1994 tempora
2198 1942 2208 1976 :
2233 1930 2286 1978 et
2318 1933 2439 1992 post
2459 1919 2826 1976 hebdomadas
2857 1915 3136 1986 sexaginta
3166 1914 3302 1969 duas
3325 1953 3340 1978 ,
3371 1928 3494 1983 per—

1934 2019 2030 2072 ibit
2069 2016 2253 2071 unctio
2279 2058 2298 2084 ,
2344 2023 2398 2070 et
2457 2014 2721 2086 judicium
2761 2025 2868 2064 non
2908 2017 2992 2064 est
3033 2010 3085 2063 in
3126 2025 3228 2071 ea,
3267 2016 3322 2063 et
3359 2007 3493 2061 ciri-

1933 2121 2096 2166 tatem
2133 2120 2185 2165 et
2217 2115 2467 2165 sanctum
2505 2103 2778 2176 diSperdet
2815 2118 2937 2156 cum
2968 2100 3106 2156 duce
3144 2107 3406 2162 venturo,
3441 2104 3496 2152 et

1931 2204 2251 2260 excidantur
2291 2203 2344 2255 in
2386 2199 2622 2263 diluvio,
2661 2205 2715 2253 et
2755 2210 2928 2264 usque
2965 2192 3033 2246 ad
3073 2191 3232 2247 ﬁnem
3274 2191 3396 2245 belli
3438 2189 3492 2242 in

1931 2295 2309 2368 compendium
2343 2293 2545 2348 redacti
2577 2287 3081 2351 internecionibus,
3112 2291 3166 2342 et
3199 2283 3494 2338 conﬁrma-

1931 2390 2009 2444 bit
2053 2376 2267 2458 pactum
2307 2385 2492 2440 multis
2529 2382 2868 2438 hebdomada
2909 2393 3053 2442 una,
3114 2383 3168 2432 et
3218 2376 3274 2431 in
3313 2374 3494 2430 medio

1931 2480 2284 2537 hebdomadis
2312 2478 2587 2532 auferetur
2619 2473 2947 2530 sacriﬁcium
2977 2476 3030 2524 et
3061 2465 3284 2533 libatio,
3316 2473 3369 2521 et
3401 2481 3492 2520 su—

1933 2591 2026 2644 per
2064 2573 2322 2643 templum
2361 2567 2696 2624 abominatio
2730 2563 3164 2624 dcsolationum,
3216 2567 3270 2616 et
3319 2573 3490 2626 usque

1932 2666 1998 2720 ad
2021 2662 2544 2720 consummationem
2582 2655 2840 2726 temporis
2861 2696 2877 2721 ,
2901 2649 3304 2708 consummatio
3339 2646 3492 2699 dabi-

1933 2767 2019 2812 tur
2062 2758 2116 2811 in
2159 2755 2549 2812 desolationem
2581 2751 2650 2805 5’.
2687 2769 2704 2800 ι
2732 2747 2867 2802 Cum
2908 2744 3149 2800 Iudaica:
3187 2741 3363 2812 gentis
3403 2755 3492 2794 se-

1931 2847 2282 2921 ptuagenaria
2310 2845 2448 2918 apud
2477 2841 2804 2914 Babylonios
2835 2836 3070 2894 servitus
3097 2835 3209 2904 jam
3240 2832 3306 2887 ad
3332 2831 3499 2886 linem

1931 2940 2209 3005 tenderet,
2251 2935 2456 2991 Danieli
2494 2932 2667 2988 oranti
2720 2944 2864 2984 unus
2903 2942 2967 2982 ex
3013 2923 3216 2981 sanctis
3252 2921 3346 2976 Dei
3389 2921 3495 2974 mi-

263 3045 426 3116 ϐριὴλ
467 3046 495 3098 ὁ
543 3045 894 3115 ἀρχάγγελος,
929 3015 1363 3114 ἐπιφανεὶςί
1419 3015 1711 3097 ἀνανέωσιν
1731 3045 1827 3115 τῆς

1931 3034 2120 3088 nistris
2173 3031 2324 3087 visus
2375 3026 2591 3082 Gabriel
2640 3021 3027 3092 archangelus,
3084 3015 3492 3071 renovationem

274 3138 631 3210 Ἰερουσαλὴμ
688 3139 886 3191 αὐτίκα
919 3155 977 3192 τε
1005 3137 1097 3190 καὶ
1124 3138 1223 3190 ούκ
1263 3137 1341 3198 εἰς
1367 3136 1581 3207 μακρὰν
1613 3135 1827 3189 ἔσεσθαι

263 3223 530 3288 Θεσπίζει,
590 3225 682 3278 τόν
722 3242 780 3278 τε
810 3223 950 3278 κατά
997 3225 1093 3294 τὴν
1124 3223 1416 3278 ἀνανέωσιν
1441 3225 1608 3296 αὐτῆς
1642 3225 1828 3298 χρόνον

263 3318 348 3379 εἰς
385 3316 519 3370 ἐτῶν
575 3316 802 3388 ἀριθμὸν
863 3315 1192 3388 περιορίζει·
1223 3315 1470 3388 προλέγει
1492 3334 1550 3370 τε
1583 3318 1658 3380 ὡς
1689 3317 1829 3371 κατὰ

262 3409 365 3478 τὴν
425 3409 733 3480 ὡρισμένην
783 3409 1115 3480 προθεσμίαν
1151 3405 1308 3471 ἀὖθις
1355 3407 1826 3480 καθαιρεθήσεται,

266 3505 361 3556 καὶ
379 3504 472 3567 ὡς,
504 3503 601 3574 τὴν
623 3505 878 3576 δευτέραν
908 3505 1244 3576 ὑπομείνασα
1268 3505 1466 3559 ἀλωσιν
1490 3504 1583 3556 καὶ
1612 3503 1828 3573 πολιορ-

264 3594 410 3657 κίαν,
443 3595 620 3648 οὐκέτι
653 3597 748 3667 τῆς
777 3598 839 3650 ἑκ
874 3595 1006 3648 Θεοῦ
1039 3595 1282 3661 τεύξεται
1319 3595 1643 3665 ἐπισκοπῆς,
1679 3595 1831 3664 μενεῖ

264 3688 324 3739 δὲ
369 3687 593 3758 ἕρημος,
645 3687 1182 3760 συγκαθαιρουμένης
1227 3689 1362 3758 αὐτῇ
1405 3690 1502 3758 τῆς
1555 3684 1696 3740 κατά
1739 3686 1830 3739 τὸν

264 3778 507 3841 Μωσέως
563 3779 722 3850 νόμον
797 3780 1072 3853 λατρείας,
1129 3781 1319 3853 ἑτέρας
1359 3780 1414 3833 δὲ
1469 3781 1582 3832 ἀντ’
1617 3777 1827 3847 ἐκείνης

263 3867 343 3937 τῷ
372 3869 471 3940 βίῳ
498 3870 604 3922 τῶν
631 3870 930 3943 ἀνθρώπων
958 3873 1163 3944 Καινῆς
1182 3872 1456 3944 Διαθήκης
1481 3869 1829 3940 ἀντεισαχθη-

267 3961 519 4032 σομένης.
573 3964 681 4016 Καὶ
713 3963 883 4017 ταῦτα
907 3965 936 4016 ὁ
962 3963 1199 4036 Γαϐριὴλ
1230 3963 1303 4028 ὡς
1331 3966 1386 4016 ἐν
1420 3966 1683 4034 χρησμοῖς
1713 3963 1830 4014 ἑπι-

265 4053 662 4124 κεκρυμμένως
697 4055 974 4124 ἐκφαίνειν
1006 4057 1256 4126 ὁμολογεῖ
1287 4055 1363 4126 τῷ
1399 4057 1668 4128 προφήτῃ.
1693 4055 1829 4126 Φησὶ

262 4143 394 4210 γοῦν
425 4143 502 4215 τῷ
525 4145 748 4216 Δανιὴλ·
786 4164 805 4198 ι
845 4145 958 4200 Νὖν
990 4146 1209 4216 ἐξῆλθον
1245 4146 1574 4218 συμϐιϐάσαι
1599 4163 1657 4198 σε
1707 4145 1830 4198 σύν-

263 4253 413 4290 εσινο
453 4241 510 4291 ἐν
561 4240 699 4310 ἀρχῇ
755 4240 854 4312 τῆς
915 4240 1150 4312 δεήσεῶς
1199 4258 1290 4294 σου
1342 4240 1558 4312 ἐξῆλθεν
1595 4241 1824 4310 ὁλὸγος,

263 4328 420 4398 κάγὼ
449 4326 610 4402 ἦλθον
653 4333 966 4402 ἀναγγεῖλαί
996 4351 1098 4397 σοι,
1149 4335 1230 4387 ὅτι
1257 4335 1396 4406 ἀνὴρ
1430 4333 1729 4405 ἐπιθυμιῶν
1759 4335 1824 4388 σὺ

261 4417 334 4485 εἷ,
389 4424 485 4475 καὶ
549 4423 826 4494 ἐννοήθητι
868 4427 926 4477 ἐν
981 4425 1057 4496 τῷ
1098 4426 1318 4498 ῥήματι,
1352 4427 1445 4480 καὶ
1493 4425 1649 4489 σύνες
1677 4429 1734 4480 ἐν
1759 4429 1822 4498 τῇ

259 4515 528 4586 ὀπτασίᾳ’
568 4535 586 4566 ι
629 4517 810 4585 σαφῶς
859 4518 1136 4590 διεγείρων
1193 4520 1353 4574 αὑτὸν
1392 4523 1470 4584 εἰς
1525 4519 1826 4590 βαθυτέραν

260 4605 472 4658 ἔννοιαν
529 4607 622 4659 καὶ
680 4607 889 4663 σύνεσιν
955 4611 1051 4680 τῆς
1077 4609 1186 4663 τῶν
1231 4609 1534 4680 λεγομένων
1575 4610 1822 4681 θεωρίας.

275 4696 570 4749 ὐπτασίαν
626 4699 756 4766 γοῦν
817 4699 956 4752 αύτά
1001 4700 1063 4769 γέ
1117 4718 1246 4772 φησι
1290 4701 1376 4754 διὰ
1419 4701 1479 4754 τὸ
1528 4701 1827 4774 βαθυτέρας

262 4786 482 4856 ἔχεσθαι
507 4787 759 4854 διανοίας,
801 4790 894 4843 καὶ
916 4791 975 4842 οὺ
1016 4790 1113 4860 τῆς
1144 4792 1408 4861 τυχούσης
1440 4792 1704 4855 συνέσεως
1724 4791 1828 4844 δεῖ-

263 4876 392 4931 σθαι
406 4892 419 4905 ·
438 4877 625 4951 διόπερ
644 4882 736 4934 καὶ
754 4882 906 4934 αὐτοὶ
923 4881 1011 4934 τὸν
1027 4881 1362 4952 δωρούμενον
1389 4883 1600 4934 σύνεσιν
1624 4881 1830 4956 ἀνθρώ-

263 4984 408 5034 ποις,
455 4969 903 5040 ἐπικαλεσάμενοι
938 4988 994 5022 τε
1023 4973 1110 5024 ὑπ’
1136 4970 1298 5025 αὑτοῦ
1344 4971 1679 5040 φωτισθῆναι
1707 4974 1831 5035 τοὺς

259 5060 360 5132 τῆς
411 5059 646 5125 διανοίας
699 5058 1030 5132 ὀφθαλμοὺς,
1079 5063 1532 5134 ἐπιθαῤῥήσωμεν
1581 5065 1646 5134 τῇ
1693 5063 1831 5116 κατά

255 5154 389 5216 τοὺς
417 5155 612 5219 τόπους
637 5154 858 5228 θεωρίᾳ.⁸
883 5178 900 5207 ι
941 5157 1356 5227 Ἐϐδομήκοντα,
1393 5174 1410 5207 ι
1458 5157 1641 5226 φησὶν,
1678 5174 1696 5207 ι
1741 5156 1830 5208 ἑϐ-

255 5243 488 5313 δομάδες
521 5245 928 5316 συνετμήθησαν
959 5244 1053 5298 ἐπὶ
1073 5245 1162 5298 τὸν
1194 5243 1318 5296 λαόν
1354 5259 1444 5296 σου
1479 5244 1572 5295 καὶ
1605 5242 1696 5295 ἐπὶ
1722 5241 1821 5312 τὴν

258 5336 418 5389 πόλιν
442 5336 538 5405 τὴν
560 5337 718 5405 ἁγίαν
738 5354 852 5399 σου,
870 5336 962 5390 τοῦ
985 5336 1396 5407 συντελεσθῆναι
1416 5333 1710 5407 ἁμαρτίαν,
1728 5334 1821 5385 καὶ

253 5427 555 5496 ἀπαλεῖψαι
582 5428 679 5490 τὰς
711 5429 954 5498 ἀνομίας,
985 5427 1185 5480 καὶτοῦ
1215 5426 1558 5491 ἐξιλάσασθαι
1589 5423 1817 5487 ἀδικίας,

251 5518 355 5571 καὶ
402 5519 629 5586 ἀγαγεῖν
660 5518 1001 5589 δικαιοσύνην
1024 5518 1256 5584 αἰώνιον,
1284 5519 1377 5572 καὶ
1408 5519 1498 5572 τοῦ
1527 5517 1819 5588 σφραγίσαι

332 5715 381 5746 ⁸⁸³
419 5713 552 5770 Dan.
589 5730 663 5782 Ix,
695 5714 881 5771 20-27.

1931 3127 2083 3181 urbis
2127 3122 2462 3178 Hierusalem
2509 3117 2686 3188 primo
2733 3127 2948 3184 quoque
2989 3118 3232 3179 tempore
3273 3113 3328 3161 et
3373 3105 3494 3160 sine

1930 3233 2079 3272 mora
2117 3215 2354 3270 futuram
2399 3211 2547 3266 canit
2568 3249 2584 3273 ,
2617 3215 2670 3263 et
2698 3215 2914 3276 tempus
2943 3215 3114 3272 usque
3147 3199 3215 3254 ad
3248 3212 3369 3254 eam
3399 3211 3489 3250 re-

1931 3309 2272 3364 novationem
2313 3318 2540 3359 numero
2571 3317 2841 3357 annorum
2885 3298 3252 3356 determinat:
3292 3293 3492 3365 praedi-

1929 3403 2112 3472 citque
2152 3407 2211 3452 ut
2255 3406 2377 3468 post
2420 3395 2700 3450 deﬁnitum
2747 3392 2879 3447 illud
2918 3388 3180 3460 temporis
3209 3373 3446 3456 spatium
3471 3424 3487 3448 ,

1929 3510 2122 3550 rursus
2154 3498 2446 3550 evertetur,
2494 3494 2660 3556 utque
2699 3494 2824 3556 post
2871 3481 3167 3540 secundam
3213 3492 3488 3548 expugna-

1931 3585 2129 3638 tionem
2165 3589 2328 3652 atque
2372 3577 2749 3642 obsidionem,
2799 3591 2910 3630 non
2960 3575 3100 3628 ultra
3155 3571 3264 3627 Deo
3309 3576 3492 3636 tutore

1929 3675 2215 3748 gaudebit,
2247 3672 2340 3727 sed
2373 3672 2486 3726 sola
2518 3686 2581 3725 ac
2619 3669 2834 3723 deserta
2877 3680 3061 3722 secum
3098 3680 3202 3717 una
3240 3661 3487 3716 Mosaicae

1930 3769 2062 3838 legis
2090 3767 2196 3820 ritu
2225 3765 2468 3827 sublato,
2497 3760 2834 3832 permanebit
2853 3797 2868 3822 ,
2896 3757 3095 3827 quippe
3125 3769 3248 3807 cum
3281 3753 3336 3806 in
3367 3753 3486 3820 ejus

1929 3863 2067 3916 ritus
2097 3861 2306 3923 locum,
2338 3860 2391 3912 in
2429 3858 2591 3913 vitam
2625 3852 2908 3909 hominum
2946 3849 3175 3901 alterum
3208 3845 3278 3898 sit
3317 3844 3461 3896 intro
3493 3907 3496 3910 .

1928 3951 2232 4007 ducendum
2265 3949 2692 4007 Testamentum,
2729 3941 2873 4010 quod
2911 3937 3122 3991 Novum
3157 3935 3388 3990 dicatur.
3427 3932 3491 3985 Et

1929 4044 2072 4106 haec,
2106 4049 2162 4094 ut
2196 4041 2251 4094 in
2285 4037 2525 4092 oraculis
2554 4048 2673 4088 mos
2703 4043 2820 4092 est,
2858 4030 3091 4083 latenter
3121 4040 3181 4080 se
3220 4023 3322 4093 ipsi
3361 4037 3491 4093 pro-

1931 4136 2104 4205 phetae
2137 4131 2380 4186 indicare
2407 4127 2626 4183 Gabriel
2657 4124 2964 4196 proﬁtetur.
2998 4119 3091 4174 Ait
3124 4118 3290 4188 igitur
3325 4115 3393 4170 ad
3425 4115 3491 4168 il-

1929 4229 2038 4282 lum
2067 4244 2080 4280 :
2122 4244 2140 4277 ι
2168 4223 2324 4278 Nunc
2354 4236 2608 4292 egressus
2641 4233 2760 4272 sum
2801 4225 2856 4269 ut
2888 4213 3106 4267 alleram
3148 4210 3245 4263 tibi
3287 4205 3492 4262 intelli-

1928 4321 2161 4391 gentiam
2191 4337 2203 4372 :
2233 4317 2299 4370 ab
2329 4313 2482 4369 initio
2510 4325 2729 4382 precum
2756 4316 2972 4362 tuarum
2995 4317 3249 4374 egressus
3272 4306 3356 4356 est
3378 4313 3493 4354 ser-

1930 4389 2055 4475 mo,
2097 4419 2150 4466 et
2196 4423 2295 4480 ego
2325 4407 2444 4461 veni
2494 4411 2553 4458 ut
2593 4402 2889 4455 iudiearem
2933 4395 3066 4458 tibi,
3102 4392 3249 4464 quod
3278 4391 3362 4445 vir
3391 4389 3492 4444 de-

1930 4503 2255 4561 sideriorum
2311 4508 2367 4552 tu
2416 4513 2507 4564 es,
2560 4505 2612 4550 et
2661 4489 3036 4546 animadverte
3085 4488 3140 4540 in
3189 4483 3390 4547 verbo,
3441 4489 3497 4534 et

1931 4594 2169 4662 intellige
2222 4592 2278 4644 in
2323 4590 2553 4643 visione.
2588 4585 2846 4650 tQuibus
2899 4579 3080 4635 verbis
3131 4578 3288 4646 plane
3339 4574 3494 4628 illum

1930 4687 2168 4749 excitat,
2206 4691 2265 4738 ut
2298 4680 2622 4752 profundius
2665 4674 3096 4734 animadvertat,
3142 4664 3494 4739 profundius-

1929 4795 2034 4849 que
2075 4776 2337 4844 intelligat
2373 4788 2435 4827 ea
2473 4785 2592 4840 quae
2636 4770 2688 4822 in
2731 4766 2910 4821 verbis
2947 4763 3015 4817 ab
3055 4763 3172 4830 ipso
3213 4755 3494 4827 proferen-

1929 4847 2014 4925 dis
2042 4866 2501 4935 contemplatione
2561 4862 2721 4930 digna
2755 4866 2904 4913 sunt.
2954 4853 3231 4923 Siquidem
3272 4849 3362 4901 illa
3413 4847 3494 4899 vi-

1929 4962 2139 5016 sionem
2196 4956 2464 5028 appellat,
2530 4963 2816 5022 pr0pterea
2874 4944 3020 5016 quod
3081 4938 3491 5014 profundiorem

1927 5052 2216 5124 quemdam
2256 5061 2475 5103 sensum
2523 5043 2828 5112 attingunt,
2878 5051 3055 5106 neque
3094 5031 3305 5103 vulgari
3355 5045 3494 5099 qua-

1927 5121 2049 5202 dam
2095 5139 2376 5212 prudentia
2425 5135 2672 5203 indigent
2703 5151 2715 5184 :
2751 5126 3104 5198 quamobrem
3140 5121 3244 5192 ipsi
3275 5133 3493 5190 quoque

1929 5252 2052 5294 eum
2095 5211 2450 5292 invocantes,
2497 5226 2598 5296 qui,
2634 5224 2730 5278 dat
2767 5218 3085 5275 hominibus
3127 5211 3491 5283 sapientiam,

1929 5336 2292 5400 rogantesque
2321 5331 2380 5376 ut
2405 5315 2820 5374 mentisoculos
2846 5307 3334 5370 nobisilluminet,
3361 5317 3495 5358 cou«

1931 5423 2158 5477 ﬁdenter
2205 5394 2609 5487 aggrediamur,
2645 5422 2765 5478 qua:
2799 5405 2866 5459 ad
2901 5404 3097 5458 horum
3131 5402 3377 5454 locorum
3408 5394 3494 5449 in-

1931 5483 2382 5581 terpretationem,
2419 5503 2686 5574 pertinent
2721 5517 2735 5555 :
2780 5517 2798 5548 ι
2836 5495 3218 5565 Septuaginta,
3279 5483 3499 5561 inquit.
