3922 6200
496 212 602 271 599

1163 211 1432 269 EUSEBII
1469 208 1945 268 CASSARIENSIS
1980 211 2130 272 OPP.
2170 213 2351 271 PARS
2387 211 2450 273 ll.
2489 244 2548 255 —
2578 211 3066 269 APOLOGETICA.

3547 219 3634 274 600

496 323 862 382 hcbdomades
901 324 1276 394 compendium
1326 337 1582 392 accepere
1603 337 1766 392 super
1806 323 2059 393 populum

2179 329 2350 398 ipaatv
2369 327 2464 380 xui.
2487 325 2842 397 προφητείαν,
2859 325 2954 378 καὶ
2979 323 3067 376 τοῦ
3099 326 3271 396 χρῖσαι
3297 325 3431 394 ᾶγιον
3450 327 3628 397 artam

497 427 654 472 tuum
675 457 691 480 ,
715 425 769 471 et
791 431 954 486 super
973 415 1242 470 civitatem
1265 424 1506 470 sanctam
1523 455 1540 482 ,
1568 421 1627 468 ut
1651 421 2058 468 consummetur

500 516 812 578 peccatum,
851 515 903 561 et
939 505 1098 576 quasi
1135 505 1339 561 annulo
1376 507 1660 576 signentur
1700 513 1918 574 peccata
1948 525 1961 560 :
2005 514 2059 560 et

501 601 786 655 deleantur
834 598 1190 668 iniquitates,
1235 606 1290 652 et
1331 598 1618 668 expientur
1657 596 1971 664 iniustitiae,
2007 603 2060 650 et

504 692 808 747 adducatur
835 690 1049 760 justitia
1091 691 1416 762 sempiterna
1437 729 1453 754 ,
1488 698 1541 745 et
1570 692 1726 760 quasi
1773 691 1926 761 signo
1960 690 2060 742 im-

504 797 696 853 presso
745 782 1032 836 claudatur
1083 783 1221 837 visio
1261 790 1314 837 et
1359 783 1641 852 prophetia
1667 821 1682 845 ,
1736 789 1789 836 et
1831 789 2062 851 ungatur

507 872 742 928 Sanctus
792 881 1128 928 sanctorum.
1165 893 1184 925 ›
1221 873 1380 944 383
1413 872 1568 939 Quod
1624 874 1791 944 igitur
1844 879 2063 942 septua-

506 966 651 1034 ginta
682 963 1146 1020 hebdomadarum
1181 965 1414 1035 spatium
1441 1007 1456 1031 ,
1493 965 1536 1019 si
1587 965 1640 1018 in
1686 979 1858 1018 annos
1890 963 2064 1017 resol-

503 1061 685 1118 vatur,
736 1056 1031 1126 nonaginta
1092 1070 1256 1126 supra
1315 1055 1741 1126 quadringentos
1793 1069 2060 1110 summam

506 1146 782 1213 conﬁciat,
839 1148 1075 1213 nemini,
1108 1155 1238 1218 puto
1263 1190 1278 1215 ,
1309 1148 1533 1203 dubium
1561 1155 1664 1201 est.
1701 1145 1934 1201 Tantum
1965 1146 2065 1217 igi-

505 1246 596 1292 tur
625 1239 887 1309 temporis
919 1241 1298 1312 compendium
1349 1241 1556 1310 accepit
1606 1255 1771 1310 super
1807 1240 2064 1310 populum

507 1339 658 1382 tuum
679 1368 695 1395 ,
729 1330 817 1384 ubi
847 1345 978 1386 sane
1011 1347 1224 1385 omnem
1257 1329 1493 1386 Judaicm
1523 1332 1699 1402 gentis
1729 1330 2069 1386 terminatio-

508 1437 632 1476 nem
680 1423 955 1478 concludit
992 1441 1006 1477 :
1050 1439 1150 1478 nec
1198 1431 1380 1478 tamen
1437 1425 1560 1480 illos
1606 1424 1662 1478 in
1705 1424 1791 1478 bis
1836 1423 2068 1493 amplius

508 1511 604 1567 Dei
637 1515 892 1584 populum
925 1523 1116 1580 vocat,
1160 1516 1254 1571 sed
1298 1517 1582 1586 alloquens
1627 1517 1803 1586 ipsum
1847 1514 2065 1580 Daniel,

2159 421 2278 473 Ὅτι
2306 419 2412 472 τῶν
2445 419 2811 490 ἐϐδομήκοντα
2832 417 3132 488 ἑϐδομάδων
3165 421 3193 471 ὁ
3221 419 3410 488 χρόνος,
3431 421 3478 472 ὲν
3499 423 3634 474 ἐτεσιν

2157 513 2538 582 ἀναλυόμενος,
2592 513 2940 582 ἐννενήκοντα
3014 511 3148 582 πρὸς
3195 514 3300 574 τοῖς
3335 514 3638 583 τετρακοσίοις

2159 605 2385 676 ἀριθμὸν
2412 604 2649 672 συνάγει,
2681 603 2841 656 παντί
2869 619 2969 655 που
2988 602 3158 673 δῆλον.
3193 602 3431 666 Τοσοῦτος
3457 621 3521 656 τοι
3535 621 3642 676 γαρ-

2158 697 2251 750 οῦν
2303 695 2607 765 συνετμήθη
2662 693 2849 764 χρόνος
2897 693 2988 746 ἐπὶ
3036 691 3126 744 τὸν
3168 691 3288 744 λαόν
3339 708 3440 756 σου,
3473 693 3522 745 τὸ
3556 696 3642 746 πᾶν

2163 788 2536 860 συμπέρασμα
2579 785 2673 839 τοῦ
2715 785 2978 840 Ἰουδαίων
3011 784 3324 855 περιορίζων
3357 784 3544 848 ἕθνους’
3573 788 3646 840 καὶ

2160 880 2342 935 οὐκέτι
2363 897 2425 949 γε
2456 881 2651 943 αὐτοὺς
2675 881 2730 931 ὲν
2765 878 2973 940 τούτοις
2999 875 3130 930 Θεοῦ
3157 876 3275 929 λαὸν
3303 877 3646 948 προσαγορεύει,

2163 973 2296 1026 ἀλλὰ
2325 972 2402 1043 τῷ
2437 971 2636 1042 Δανιήλ
2659 987 2811 1041 φησι,
2844 989 2862 1020 ‹
2886 969 3011 1024 λαόν
3043 986 3155 1021 σου.
3183 987 3200 1018 ι
3229 969 3418 1038 Ὥσπερ
3436 967 3528 1039 γὰρ
3554 970 3653 1021 ἀσε-

2164 1065 2229 1134 ϐή
2239 1063 2408 1116 σαντά
2432 1080 2560 1116 ποτε
2589 1063 2684 1115 καὶ
2712 1060 3232 1132 είδωλολατρήσαντα
3256 1061 3342 1112 ἐπὶ
3363 1060 3447 1130 τῆς
3465 1061 3650 1131 ἐρήμου,

2164 1155 2344 1226 οὐκέτι
2391 1155 2520 1208 λαὸν
2559 1154 2750 1208 ἑαυτοῦ
2781 1155 2809 1207 ὁ
2835 1153 2984 1218 Θεὸς,
3017 1151 3148 1206 ἀλλὰ
3175 1152 3264 1205 τοῦ
3289 1152 3502 1215 Μωσέως
3525 1171 3655 1223 προσ-

2165 1251 2283 1300 εῖπε
2308 1287 2322 1312 ,
2359 1247 2535 1317 φήσας
2556 1262 2567 1275 ·
2607 1264 2626 1296 ‹
2656 1245 2869 1310 Βάδιζε,
2903 1245 3200 1315 κατάϐηθι·
3254 1244 3470 1315 ἠνόμησε
3515 1246 3604 1316 γὰρ
3634 1248 3654 1299 ὁ

2164 1338 2290 1400 λαός
2325 1353 2444 1390 σου·
2479 1355 2498 1388 ι
2537 1335 2627 1390 τὸν
2673 1335 2831 1390 αὑτὸν
2865 1335 3062 1406 τρόπον
3121 1333 3381 1388 κάνταῦθα
3413 1334 3496 1388 τοῦ
3539 1353 3657 1406 περι-

2165 1428 2392 1500 ωρίσθαι
2423 1428 2544 1480 κατ’
2575 1425 2752 1480 αὐτῶν
2801 1424 2891 1478 τὸν
2924 1423 3223 1494 δηλωθέντα
3253 1423 3426 1494 χρόνον
3449 1421 3502 1475 τὸ
3527 1421 3656 1475 αἴτιον

2167 1521 2497 1575 ἐκδιδάσκειο
2544 1518 2700 1572 τοῦτο
2745 1518 2788 1571 δ’
2828 1513 2896 1588 ἦν
2940 1517 3000 1570 τὸ
3050 1516 3242 1588 μηκέτι
3289 1513 3375 1568 τοῦ
3422 1514 3538 1568 Θεοῦ
3565 1514 3658 1566 λαὸν

514 1621 534 1654 ι
561 1600 846 1673 Populum,
887 1624 906 1656 ι
929 1607 1121 1676 inquit,
1149 1625 1166 1657 ι
1202 1615 1382 1661 tuum:
1407 1627 1424 1658 ι
1452 1621 1682 1678 namque
1695 1608 1830 1662 alias
1857 1622 2068 1676 quoque

2179 1612 2361 1675 κὺτοὺς
2391 1610 2770 1678 καταξιοῦσοαι
2793 1608 3166 1681 χρηματίζειν.
3197 1607 3444 1675 Ἐπιλέγει
3461 1607 3527 1669 δὲ,
3552 1607 3659 1658 «Καὶ

506 1702 766 1764 tanquam
798 1712 922 1751 eum
957 1698 1051 1768 qui
1087 1698 1250 1768 impie
1277 1698 1512 1768 egisset,
1553 1707 1606 1754 et
1651 1699 1958 1754 simulacris
2009 1713 2067 1753 se

2179 1703 2258 1756 ἐπὶ
2287 1701 2385 1773 τὴν
2410 1700 2561 1754 πόλιν
2579 1700 2678 1770 τὴν
2707 1699 2867 1767 ἁγίαν
2886 1715 2898 1727 ·
2932 1717 2948 1748 ι
2973 1697 3034 1750 τὸ
3064 1697 3156 1750 σοῦ
3185 1695 3337 1750 πάλιν
3363 1695 3658 1759 ἑξακουὸντων

511 1787 842 1852 addixisset,
875 1803 984 1843 non
1013 1789 1246 1859 amplius
1277 1805 1433 1844 suum
1470 1791 1727 1860 populum
1763 1789 1940 1854 Deus,
1973 1788 2069 1845 sed

2179 1794 2322 1866 ἡμῶν
2352 1793 2491 1848 κατὰ
2525 1791 2725 1855 κοινοῦ,
2772 1791 2844 1854 ὡς
2876 1787 3011 1844 εἶναι
3058 1792 3118 1844 τὸ
3146 1790 3420 1861 λεγόμενον
3458 1787 3659 1848 τοιοῦτον,

512 1877 678 1934 Musis
735 1879 1052 1949 appellavit,
1105 1897 1226 1935 cum
1277 1881 1449 1937 dixit:
1481 1903 1498 1933 ι
1531 1881 1710 1945 Vade,
1765 1883 2067 1947 descende,

2179 1905 2193 1939 ι
2216 1887 2337 1940 Ἐπὶ
2355 1886 2444 1939 τὸν
2462 1885 2586 1938 λαόν
2613 1901 2727 1949 σου,
2754 1885 2848 1938 καὶ
2875 1884 2965 1936 ἐπὶ
2993 1883 3090 1954 τὴν
3113 1882 3261 1936 πόλιν
3284 1882 3375 1953 τὴν
3393 1879 3529 1949 ἁγίαν
3552 1895 3658 1940 sum

512 1973 757 2042 peccavit
779 1973 922 2027 enim
951 1975 1184 2044 populus
1216 1983 1342 2030 tuus
1366 1975 1430 2030 °°.
1465 1995 1482 2026 ι
1508 1974 1660 2028 Nunc
1689 1976 1853 2044 igitur
1879 1973 2069 2030 eodem

2179 1978 2247 2042 ὡς
2289 1981 2336 2031 εί
2384 1979 2606 2046 ἕςασκε·
2667 1975 2777 2047 Τὴν
2841 1978 2922 2030 σοὶ
2981 1975 3362 2047 νενομισμένην
3420 1972 3572 2041 ἁγίαν.
3613 1968 3665 2021 Τδ

511 2062 674 2117 modo
707 2077 926 2118 causam
947 2105 962 2128 ,
995 2079 1093 2119 cur
1125 2063 1254 2118 illud
1301 2066 1560 2135 temporis
1603 2067 1838 2135 spatium
1882 2072 2072 2120 contra

2179 2068 2304 2138 γοῦν
2328 2061 2634 2140 Ἐϐραῖκὸν,
2654 2068 2749 2122 καὶ
2775 2069 2826 2120 οἱ
2849 2067 3022 2122 λοιποὶ
3057 2065 3353 2138 συμφώνως
3380 2062 3664 2137 ἑρμηνευταὶ,

511 2154 634 2210 illos
687 2155 999 2226 praelinierit
1037 2157 1243 2211 docet:
1292 2158 1396 2211 hoc
1437 2165 1615 2212 autem
1655 2166 1774 2224 est,
1821 2173 1917 2213 eos
1963 2172 2073 2211 non

2179 2164 2234 2216 οὺ
2273 2162 2429 2232 μόνον
2458 2161 2550 2214 ἐπὶ
2580 2160 2674 2213 τοῦ
2706 2159 2858 2225 λαοῦ,
2895 2160 3027 2214 ἀλλὰ
3058 2161 3153 2212 καὶ
3187 2159 3276 2211 ἐπὶ
3303 2158 3393 2227 τῆς
3427 2155 3596 2208 πόλεως
3623 2151 3666 2204 τὸ

513 2247 748 2318 amplius
777 2247 969 2319 dignos
1003 2265 1156 2313 esse,
1193 2250 1284 2319 qui
1315 2251 1548 2320 populus
1584 2249 1678 2304 Dei
1710 2251 2068 2320 appellentur.

510 2338 716 2396 Deinde
759 2340 1003 2412 adiungit
1052 2341 1218 2405 illud,
1253 2361 1270 2392 ι
1303 2341 1369 2395 Et
1419 2341 1592 2414 Super
1625 2344 1896 2398 civitatem
1947 2357 2075 2396 san-

511 2439 652 2486 ctam
685 2450 700 2499 ;
733 2452 752 2485 ι
780 2432 870 2488 ubi
901 2433 1033 2488 illud
1081 2443 1224 2488 tuam
1260 2450 1453 2490 rursus
1483 2451 1514 2489 a
1557 2434 1824 2503 superiori
1873 2434 2076 2488 subau-

510 2525 748 2581 divimus
778 2544 791 2579 :
830 2535 889 2579 ut
921 2527 995 2580 ita
1029 2527 1238 2582 dictum
1266 2542 1389 2581 esse
1422 2527 1695 2588 videatur,
1725 2544 1742 2576 ι
1775 2541 1940 2594 super
1977 2541 2075 2594 po-

514 2617 699 2687 pulum
741 2624 894 2672 tuum
938 2626 990 2672 et
1029 2634 1195 2688 super
1235 2620 1512 2674 civitatem
1557 2627 1800 2673 sanctam
1835 2625 2019 2683 tuam,
2053 2637 2070 2668 ι

511 2723 622 2764 non
653 2724 813 2765 secus
846 2724 908 2763 ac
941 2711 987 2764 si
1015 2710 1276 2766 dixisset:
1302 2710 1431 2775 Qum
1453 2718 1558 2764 ate
1587 2718 1774 2764 sancta
1802 2709 2078 2763 existima-

512 2808 623 2855 tur.
679 2799 812 2855 Nam
843 2811 895 2856 et
922 2799 1221 2856 Hebraicus
1269 2809 1576 2864 contextus,
1607 2809 1660 2855 et
1690 2800 1881 2870 reliqui
1914 2800 2079 2854 inter-

512 2901 696 2964 pretes
754 2909 866 2947 uno
919 2909 1045 2957 ore,
1098 2908 1207 2948 non
1259 2894 1436 2947 solum
1499 2893 1566 2947 ad
1627 2893 1885 2964 populum
1943 2892 2074 2946 illud

2173 2251 2287 2306 σοῦ
2321 2249 2706 2322 προσκείμενον
2727 2249 3085 2321 περιέχουσιν.
3122 2249 3178 2302 '0
3209 2246 3332 2316 γοῦν
3369 2243 3564 2305 Ἀκύλας
3591 2259 3666 2310 φη-

2177 2342 2278 2394 σίν·
2315 2361 2333 2392 ι
2372 2341 2495 2394 Ἐπὶ
2525 2341 2614 2394 τὸν
2654 2339 2780 2393 λαόν
2811 2357 2924 2402 σου,
2956 2339 3050 2393 καὶ
3083 2339 3175 2390 ἐπὶ
3217 2337 3364 2389 πόλιν
3399 2332 3664 2405 ἡγιασμένην

2177 2453 2292 2488 σουο
2325 2455 2342 2486 ι
2365 2436 2394 2488 ὁ
2419 2435 2474 2488 δὲ
2504 2433 2814 2504 Σύμμαχος·
2844 2452 2860 2484 ι
2889 2431 3052 2486 Κατὰ
3100 2431 3194 2486 τοῦ
3222 2428 3348 2483 λαοῦ
3375 2445 3478 2488 σου,
3500 2427 3574 2479 καὶ
3598 2424 3667 2494 τῆς

2178 2528 2384 2590 πόλεως
2417 2526 2514 2597 τῆς
2540 2525 2700 2594 ἁγίας
2733 2541 2847 2577 σου.
2873 2544 2892 2575 ι
2921 2522 3081 2575 Ὅθεν
3115 2523 3209 2576 καὶ
3242 2519 3384 2592 παρὰ
3421 2520 3518 2578 τοῖς
3553 2517 3667 2584 ἀκρι·

2177 2618 2326 2671 6έσιν
2364 2617 2712 2688 ἀντιγράφοις
2765 2615 2872 2669 τῶν
2913 2612 3307 2685 Ἐὁδομήκοντα
3353 2611 3409 2663 τὸ
3438 2607 3535 2664 σοῦ
3572 2603 3668 2676 pati

2179 2710 2500 2782 ἀστερίσκου
2536 2708 2886 2780 παραθέσεως
2928 2706 3267 2778 πρόσκειται.
3315 2703 3457 2756 Ἐπεὶ
3495 2699 3582 2768 γὰρ
3609 2696 3670 2748 εὐ-

2181 2798 2406 2869 ξάμενος
2437 2796 2633 2869 Δανιὴλ
2674 2797 2731 2848 ὲν
2755 2799 2866 2858 τοῖς
2896 2795 2994 2864 τῆς
3048 2793 3256 2856 ἱκεσίας
3307 2790 3459 2844 αὐτοῦ
3499 2790 3668 2858 ῥήμασι.

2181 2889 2439 2952 πολλάκις
2465 2889 2556 2942 τὸν
2600 2887 2695 2958 μὲν
2727 2887 2872 2950 λαὸν,
2907 2885 3041 2939 Θεοῦ
3088 2885 3216 2938 λαὸν
3244 2884 3505 2953 ὠνόμασε,
3532 2877 3602 2938 τὸν
3629 2871 3671 2927 δὲ

519 3003 539 3036 ι
571 2995 724 3040 tuum
747 3027 762 3051 ,
797 3005 815 3038 ι
845 2986 938 3041 sed
976 2987 1139 3040 etiam
1187 2984 1255 3040 ad
1305 2987 1576 3040 civitatem
1598 3023 1613 3048 ,
1656 2985 1786 3039 illud
1821 3001 1840 3036 ι
1872 2994 2019 3038 tuam
2051 3003 2069 3035 ι

2180 2983 2279 3053 τῆς
2313 2980 2519 3044 πόλεως
2554 2980 2736 3042 τόπον,
2775 2978 2928 3046 ἅγιον
2951 2976 3086 3029 Θεοῦ
3124 2977 3306 3036 τόπον,
3339 2965 3671 3041 ἁντιστρέᾠαςὸ

512 3075 832 3145 adjungunt.
861 3075 1053 3146 Aquila
1085 3074 1266 3144 igitur,
1289 3093 1307 3124 ι
1331 3074 1504 3144 Super
1530 3073 1810 3144 populum,
1836 3093 1854 3126 ι
1885 3073 2078 3142 inquit,

516 3186 538 3219 ι
571 3173 742 3231 tuum,
793 3175 847 3222 et
875 3183 1038 3238 super
1083 3168 1356 3222 civitatem
1408 3167 1798 3221 sanctiﬁcatam
1843 3177 2027 3220 tuam:
2060 3185 2077 3216 ι

515 3260 876 3332 Symmachus
904 3267 1119 3314 autem:
1147 3279 1166 3310 ι
1197 3259 1472 3314 Adversus
1510 3259 1772 3329 populum
1803 3265 1956 3313 tuum
1976 3299 1990 3322 ,
2028 3267 2081 3313 et

514 3353 790 3407 civitatem
827 3359 1072 3407 sanctam
1107 3359 1276 3404 tuam.
1313 3367 1331 3402 ι
1361 3347 1627 3415 Quocirca
1664 3349 1721 3403 in
1756 3350 1912 3404 bonis
1945 3366 2081 3420 quo-

513 3460 620 3514 que
673 3441 810 3500 LXX
854 3442 1213 3514 lnterpretum
1257 3441 1573 3501 codicibus.
1607 3441 1739 3496 illud
1789 3458 1807 3492 ι
1839 3449 2021 3506 tuam,
2060 3461 2078 3492 ι

519 3537 734 3592 stellula
785 3535 1031 3606 apposita
1075 3534 1346 3604 adjectum
1397 3540 1482 3588 est
1515 3552 1528 3587 :
1562 3547 1688 3586 nam
1743 3547 1865 3587 cum
1917 3548 2082 3588 orans

517 3629 706 3684 Daniel
753 3627 808 3682 in
853 3628 960 3683 illis
1009 3643 1123 3683 sua:
1171 3625 1588 3697 supplicationis
1633 3625 1848 3687 verbis,
1883 3625 2083 3695 saepius

515 3721 777 3791 populum
800 3760 814 3784 ,
847 3719 945 3776 Dei
987 3719 1244 3790 populum
1289 3720 1664 3782 nominasset,
1698 3717 1938 3771 civitatis
1985 3732 2082 3769 au-

516 3820 622 3864 tem
660 3809 872 3871 locum,
908 3814 1159 3862 sanctum
1194 3803 1287 3860 Dei
1321 3806 1500 3860 locum
1525 3843 1541 3868 ,
1571 3812 1788 3859 vertens
1823 3803 1876 3857 in
1907 3804 2085 3858 diver-

517 3915 639 3954 sum
689 3898 782 3970 qui
829 3897 1228 3969 respondebat,
1283 3910 1460 3965 neque
1517 3895 1786 3950 civitatem
1841 3905 2082 3950 sanctam

516 3989 644 4055 Dei,
674 4005 850 4060 neque
878 3989 1138 4060 pepulum
1167 3985 1264 4040 Dei
1289 4001 1412 4042 esse
1441 3985 1665 4050 fatetur,
1695 3986 1789 4041 sed
1809 4005 1826 4037 ι
1847 3998 2000 4040 tuum
2023 4027 2037 4049 ,
2061 4006 2078 4036 ι

517 4082 727 4154 inquit,
757 4083 850 4153 qui
883 4093 1040 4143 oras,
1071 4087 1124 4134 et
1153 4079 1245 4150 qui
1281 4079 1410 4131 talia
1445 4079 1512 4133 de
1545 4079 1748 4148 populo
1779 4086 1832 4134 et
1859 4079 1926 4132 de
1966 4079 2086 4131 loco

519 4174 756 4228 civitatis
782 4171 994 4226 dixisti.
1031 4169 1207 4226 Verba
1240 4169 1412 4240 ipsius
1459 4169 1645 4225 Daniel
1688 4171 1792 4224 hoc
1835 4170 1996 4224 modo
2026 4185 2085 4224 se

519 4265 762 4320 habent:
799 4283 817 4315 ι
847 4265 1139 4318 Avertatur
1180 4262 1334 4316 furor
1373 4272 1503 4318 tuus
1545 4271 1599 4318 et
1643 4263 1722 4316 ira
1768 4271 1862 4316 tua
1891 4278 1918 4316 a
1951 4263 2087 4318 civi-

517 4361 630 4408 tate
663 4353 755 4406 tua
785 4351 1086 4408 Jerusalem
1120 4361 1174 4408 et
1208 4361 1392 4408 monte
1425 4361 1614 4409 sancto
1639 4361 1733 4408 tuo
1761 4353 1824 4408 “.
1861 4374 1879 4406 ι
1906 4352 2037 4408 Item
2067 4373 2080 4409 :
2113 4385 2159 4440 η

524 4465 543 4498 ι
575 4443 812 4514 Populus
853 4453 979 4499 tuus
1010 4444 1183 4500 factus
1212 4455 1295 4500 est
1328 4447 1383 4500 in
1427 4445 1778 4516 opprobrium
1825 4447 2080 4502 omnibus

518 4538 576 4592 in
604 4536 835 4590 circuitu
868 4542 1055 4589 nostro
1083 4536 1149 4588 θ’.
1177 4555 1195 4587 ι
1222 4535 1288 4589 Ει
1314 4551 1507 4592 rursus
1537 4556 1550 4591 :
1581 4553 1600 4588 ι
1625 4534 1861 4590 Ostende
1888 4535 2082 4591 faciem

516 4637 666 4684 tuam
725 4645 889 4700 super
934 4632 1307 4684 sanctuarium
1351 4641 1537 4694 tuum.
1598 4632 1744 4701 quod
1805 4631 2082 4687 desertum

517 4729 602 4778 est
633 4721 703 4774 ⁸³.
738 4741 756 4773 ι
790 4723 855 4777 Et
886 4737 1076 4776 rursus
1107 4741 1120 4776 :
1151 4741 1168 4772 ι
1205 4720 1340 4776 Vide
1380 4723 1660 4777 interitum
1701 4723 1938 4778 civitatis
1977 4732 2084 4778 tua:

519 4831 685 4886 super
728 4830 891 4886 quam
940 4815 1248 4870 invocatum
1299 4824 1383 4870 est
1434 4831 1631 4870 nomen
1663 4824 1813 4869 tuum
1850 4816 1916 4873 δι.
1956 4837 1975 4868 ι
2007 4818 2084 4871 Ac

518 4909 818 4979 deinceps:
850 4928 868 4958 ε
905 4906 1041 4973 Quia
1087 4921 1286 4961 nomen
1319 4913 1471 4961 tuum
1517 4908 1828 4962 invocatum
1864 4918 1948 4964 est
1987 4924 2081 4964 su-

519 5013 618 5068 per
647 4998 921 5052 ciritatem
955 5007 1142 5061 tuam,
1175 5006 1228 5051 et
1267 5011 1431 5066 super
1472 4997 1730 5067 populum
1766 5005 1918 5051 tuum
1957 4998 2022 5049 ⁸³.
2060 5016 2078 5050 ι

520 5090 749 5148 Talibus
793 5108 918 5147 cum
963 5093 1208 5155 orasset,
1243 5091 1494 5161 adjunxit
1525 5111 1537 5146 :
1569 5107 1588 5141 ι
1624 5090 1690 5144 Et
1737 5106 1861 5145 cum
1907 5091 2086 5145 adhuc

519 5185 773 5254 loquerer
808 5191 862 5240 et
903 5193 1152 5250 orarem,
1195 5199 1323 5240 ecce
1373 5183 1591 5240 Gabriel
1638 5201 1798 5256 quem
1844 5185 2084 5240 videram

522 5277 577 5330 in
612 5277 820 5332 visione
851 5293 1001 5341 mea,
1034 5278 1225 5333 volans
1260 5278 1434 5348 tetigit
1466 5293 1550 5331 me
1574 5287 1680 5342 ,-et
1713 5278 1850 5332 dixit
1881 5293 1944 5330 ea
1980 5277 2087 5330 uti-

521 5379 630 5433 que
675 5381 794 5434 quae
838 5367 1089 5436 superius
1127 5365 1400 5438 descripta
1445 5367 1634 5421 habes.
1669 5386 1688 5418 ι
1727 5366 1892 5438 384
1920 5366 2088 5422 Plane

521 5455 689 5525 igitur
720 5458 775 5511 in
809 5458 894 5512 his
950 5460 1211 5529 propheta
1251 5469 1362 5516 non
1405 5459 1728 5529 simpliciter
1771 5460 2080 5528 civitatem,

594 5612 639 5642 ‘°
679 5611 852 5666 Exod.
888 5628 1068 5676 xxx".
1102 5615 1154 5673 7.

2186 3071 2558 3144 χρηματίζων,
2609 3069 2729 3122 οὔτε
2768 3069 2864 3139 τὴν
2909 3067 3062 3120 πόλιν
3111 3067 3269 3135 ἁγίαν
3293 3065 3382 3118 τοῦ
3413 3061 3557 3122 Θεοῦ,
3585 3057 3670 3110 οὔτε

2184 3165 2273 3217 τὸν
2304 3162 2430 3215 λαὸν
2460 3159 2552 3214 τοῦ
2576 3159 2708 3213 Θεοῦ
2741 3155 2878 3212 εἶναι
2904 3157 3175 3228 ὁμολογεῖ,
3203 3156 3334 3210 ἀλλὰ
3369 3172 3386 3205 ι
3415 3151 3497 3206 σοῦ
3530 3170 3544 3201 ι
3578 3162 3672 3216 φησι

2183 3255 2276 3308 τοῦ
2346 3252 2798 3324 προσευχομένου,
2868 3250 2963 3303 καὶ
3009 3249 3238 3303 τοιαῦτα
3291 3248 3412 3318 περὶ
3454 3242 3534 3296 τοῦ
3580 3235 3672 3291 λαοῦ

2185 3348 2278 3400 καὶ
2301 3344 2394 3397 τοῦ
2421 3344 2587 3396 τόπου
2614 3343 2706 3396 καὶ¹
2739 3343 2836 3412 τῆς
2860 3341 3067 3403 πόλεως
3104 3338 3400 3411 εἰρηκότος.
3431 3336 3612 3403 Ἔχουσι
3635 3327 3674 3379 δὲ

2184 3437 2276 3490 τοῦ
2325 3435 2520 3506 Δανιὴλ
2550 3436 2602 3487 αἱ
2653 3434 2825 3503 φωναὶ
2851 3431 3049 3494 οὕτως’
3079 3451 3098 3482 ι
3136 3428 3540 3500 Ἀποστραφήτω
3582 3421 3630 3489 δὴ
3657 3419 3677 3470 ὁ

2185 3528 2353 3598 ϐυμὸς
2388 3544 2512 3592 σου,
2564 3525 2657 3578 καὶ
2690 3527 2723 3595 ὴ
2775 3525 2908 3594 ὀργή
2969 3539 3061 3575 σου
3098 3523 3207 3576 ἀπὸ
3253 3522 3348 3591 τῆς
3397 3515 3572 3577 πόλεώς
3611 3527 3676 3563 συν

2197 3614 2548 3686 Ἰερουσαλὴμ
2576 3613 2734 3684 ὅρους
2778 3612 2930 3680 ἁγίου
2983 3629 3078 3664 σου
3099 3629 3115 3643 ·
3144 3632 3161 3663 ι
3193 3612 3305 3665 καίο
3345 3630 3362 3661 ι
3402 3609 3453 3661 '0
3485 3605 3588 3666 λαός
3613 3617 3676 3654 σου

2185 3705 2402 3772 ἐγένετο
2423 3705 2500 3766 είς
2520 3702 2817 3773 ὀνειδισμὸν
2839 3704 2896 3755 ἐν
2919 3703 3050 3754 πᾶσι
3072 3705 3186 3765 τοῖς
3209 3699 3500 3774 περικύκλῳ
3521 3692 3675 3766 lup-£3?"

2187 3797 2280 3848 καὶ
2313 3795 2502 3848 πάλιν·
2550 3815 2568 3846 ι
2615 3795 2904 3865 Ἐπίφανον
2957 3794 3015 3847 τὸ
3069 3793 3359 3866 πρόσωπόν
3408 3807 3489 3844 σου
3531 3787 3603 3840 ἐπὶ
3639 3779 3680 3834 τὸ

2188 3887 2432 3958 ἁγίασμά
2460 3904 2552 3940 σου
2579 3887 2639 3939 τὸ
2667 3885 2870 3958 ἔρημον
2888 3903 2901 3915 ·
2941 3906 2960 3938 ι
2997 3888 3089 3939 καὶ
3119 3882 3273 3949 αὖθις
3291 3902 3302 3914 ·
3329 3903 3346 3936 ι
3373 3881 3467 3935 Ἴδε
3486 3880 3561 3932 τὸν
3579 3877 3678 3942 ac?!-

2187 3979 2376 4050 νισμὸν
2409 3980 2508 4049 τῆς
2541 3977 2745 4038 πόλεώς
2775 3995 2890 4040 σου,
2915 3979 2997 4047 ἐφ’
3021 3974 3090 4050 ἧς
3118 3977 3462 4047 ἐπικέκληται
3486 3973 3538 4024 τὴ
3557 3962 3682 4036 ὄνομά

2189 4086 2281 4122 σου
2311 4073 2395 4123 ἐπ’
2427 4070 2626 4140 αὐτῆς·
2651 4088 2669 4120 ι
2709 4069 2803 4122 καὶ
2829 4068 2956 4139 ἑξῆς
2975 4086 2988 4099 ·
3017 4069 3142 4122 ’Ὁτι
3194 4069 3255 4122 τὸ
3296 4065 3456 4137 ὄνομά
3505 4078 3578 4116 σου
3614 4059 3682 4109 ἐπ·

2186 4163 2385 4235 εκλήθη
2433 4163 2525 4216 ἐπὶ
2556 4162 2652 4232 τὴν
2706 4161 2856 4214 πόλιν
2907 4178 2998 4214 σου
3043 4162 3140 4214 καὶ
3171 4161 3262 4214 ἐπὶ
3303 4160 3388 4213 τὸν
3415 4157 3526 4210 λαὸν
3561 4165 3679 4204 σου.»

2189 4254 2422 4309 Τοιαῦτα
2448 4253 2740 4323 εὐξάμενος
2759 4251 2997 4322 ἐπιλέγει
3021 4269 3034 4282 °
3066 4276 3083 4303 ι
3103 4253 3217 4307 Καὶ
3244 4252 3321 4305 ἑτι
3348 4267 3440 4322 μου
3464 4243 3684 4300 λαλοῦντος

2188 4351 2282 4402 καὶ
2316 4345 2750 4420 προσευχομένου
2773 4386 2788 4411 ,
2827 4346 2935 4399 ἰδοὺ
2983 4344 3261 4416 Γαϐριὴλ,
3300 4345 3357 4397 ὃν
3386 4339 3508 4395 εἶδον
3555 4339 3598 4388 ἐν
3636 4332 3682 4399 τῇ

2187 4441 2372 4512 ὁράσει
2403 4457 2526 4510 μου,
2557 4438 2869 4509 πετόμενος,
2897 4438 2992 4492 καὶ
3021 4437 3198 4508 ἣψατό
3226 4455 3348 4508 μου,
3378 4437 3463 4489 καὶ
3490 4420 3684 4485 εἴπειτᾶ

2189 4529 2668 4602 ἀναγεγραμμένα.
2715 4528 2908 4597 Σαφῶς
2938 4523 3029 4582 οῦν
3072 4527 3163 4582 διὰ
3209 4526 3407 4580 τούτων
3429 4525 3455 4575 ὁ
3487 4521 3567 4591 μὲν
3589 4526 3686 4602 πρι-

2190 4627 2363 4695 φήτης
2392 4622 2544 4676 πόλιν
2564 4623 2661 4692 οὐχ
2674 4621 2878 4687 ἁπλῶς,
2905 4620 3037 4674 ἀλλὰ
3072 4639 3093 4695 ι
3114 4619 3211 4674 τοῦ
3244 4618 3374 4673 Θεοῦ
3398 4615 3534 4669 πόλιν
3559 4601 3684 4661 »ὠνό-

2193 4733 2350 4786 μασε,
2378 4716 2471 4768 καὶ
2493 4714 2552 4767 τὸ
2581 4714 2827 4784 ἁγίασμα
2858 4731 2876 4764 ι
2903 4713 2996 4766 τοῦ
3024 4712 3158 4766 Θεοῦ
3184 4714 3443 4781 ἁγίασμα,
3467 4725 3484 4759 ι
3511 4701 3589 4756 καὶ
3624 4695 3686 4747 τὸν

2191 4807 2318 4860 λαὸν
2339 4828 2356 4858 ι
2379 4805 2473 4860 τοῦ
2495 4806 2627 4860 Θεοῦ
2647 4807 2790 4868 λαὸν,
2803 4827 2820 4858 ι
2840 4805 3066 4858 διαθέσει
3080 4809 3144 4876 τῇ
3163 4805 3299 4876 πρὸς
3308 4804 3394 4856 τὸν
3405 4787 3687 4852 λαόν.οὺκέτι

2196 4903 2301 4973 μὴν
2326 4901 2422 4955 καὶ
2450 4903 2478 4954 ὁ
2510 4900 2749 4972 Γαϐριὴλ
2773 4900 2972 4970 ὁμοίως
2998 4898 3148 4969 αὐτῷ
3167 4896 3320 4950 καλεί
3336 4893 3402 4948 τὰ
3427 4884 3685 4962 δηλούμενα,

2193 4995 2427 5065 ἔμπαλιν
2460 4994 2536 5056 δὲ,
2559 5013 2575 5045 ι
2610 4994 2732 5046 Ἐπὶ
2766 4993 2855 5046 τὸν
2878 4992 3004 5046 λαόν
3037 5009 3150 5054 σου,
3175 5012 3192 5044 ι
3211 4993 3360 5063 φησι,
3384 5009 3402 5041 ι
3431 4987 3513 5042 καὶ
3527 4981 3598 5035 ἐπὶ

2195 5089 2346 5142 πόλιν
2367 5089 2464 5160 τὴν
2489 5087 2647 5155 ἁγίαν
2674 5103 2788 5151 σου,
2803 5106 2820 5137 ι
2842 5085 3118 5156 μονονουχὶ
3139 5085 3230 5138 καὶ
3252 5085 3346 5153 τὴν
3363 5080 3518 5138 πόλιν,
3534 5064 3685 5125 καὶτὸν

2187 5180 2333 5247 λαὸν,
2353 5183 2446 5233 καὶ
2466 5179 2525 5232 τὸ
2549 5178 2792 5248 ἁγίασμα
2820 5175 3034 5241 ἀνάξιον
3053 5171 3188 5228 εἶναι
3213 5176 3308 5246 τῆς
3323 5171 3411 5226 τοῦ
3426 5164 3543 5222 Θεοῦ
3566 5169 3688 5230 προσ·

2186 5275 2412 5344 ηγορεας
2457 5275 2760 5342 ἀποφήνας.
2801 5270 3062 5324 Τοσοῦτον
3089 5269 3151 5341 δὴ
3182 5265 3274 5322 οὖν
3314 5266 3488 5339 χρόνον
3511 5248 3688 5327 ὡρίσθω

2191 5365 2331 5420 κατὰ
2366 5365 2460 5418 τοῦ
2493 5365 2623 5418 λαοῦ
2649 5366 2883 5439 πρῶτον,
2916 5365 3104 5418 ἔπειτα
3137 5363 3231 5415 καὶ
3264 5358 3398 5414 κατὰ
3420 5353 3510 5423 τῆς
3533 5345 3689 5439 πσῖλεξκ

2189 5459 2459 5524 διδάσκει,
2494 5459 2588 5512 καὶ⁸
2627 5428 2876 5521 τοσοῦτός
2904 5474 2964 5526 γε
3003 5456 3076 5508 ὣν
3127 5452 3484 5508 ἀποδείκνυται
3516 5435 3604 5496 ἀπὺ
3619 5428 3692 5498 εἷς

1233 5615 1274 5649 ⁶¹
1316 5613 1450 5670 Dan.
1493 5633 1573 5681 Ix,
1614 5616 1693 5671 l6.
1773 5617 1814 5648 ⁶¹
1856 5615 1987 5671 ibid.
2065 5615 2108 5646 "
2149 5615 2276 5670 ibid.
2315 5615 2398 5669 Π.
2478 5616 2520 5647 ’δ
2563 5614 2692 5672 ibid.
2738 5614 2816 5671 lS.
2895 5616 2937 5646 “
2981 5609 3228 5667 ibid.19.
