3922 6200
282 260 374 316 σοι
1129 255 1780 315 DEMONSTRATIONIS
1817 253 2276 312 EVANGELICJE
2317 255 2444 312 LIB.
2487 254 2618 309 Vlll.

3393 253 3498 310 602

279 375 625 438 ἀνανεώσεως
653 375 751 445 τῆς
787 373 1152 446 Ἰερουσαλὴμ,
1173 373 1202 427 ὃ
1224 374 1442 442 γέγονεν
1474 375 1566 427 ἐπὶ
1613 372 1835 443 Δαρείου

1939 369 2032 425 sed
2063 389 2082 422 ι
2115 370 2209 425 Dei
2243 371 2521 427 civitatem
2544 412 2557 435 ,
2591 391 2610 425 ι
2645 371 2974 434 nominavit,
3004 378 3056 425 et
3087 373 3456 426 sanctuariqu
3478 414 3494 441 ,

276 469 370 524 τοῦ
424 467 647 539 Περσῶν
684 465 978 536 βασιλέως,
1011 466 1169 538 μέχρι
1207 466 1306 537 τῆς
1351 464 1658 534 Αὐγούστου
1710 465 1837 516 Ῥω-

281 562 454 634 μαίων
485 561 928 630 ἐπικρατήσεως,
979 558 1214 630 Ἡρώδου
1258 575 1317 611 τε
1368 558 1633 612 Ἰουδαίων
1686 557 1836 628 βασι-

277 652 432 718 λέως,
467 650 764 721 ἀλλοφύλου
797 651 857 704 τὸ
880 651 1056 719 γένος,
1088 651 1207 705 καθ’
1236 649 1328 714 οὓς
1356 649 1425 703 τά
1453 651 1552 720 τῆς
1575 651 1838 719 γενέσεως

279 747 570 816 ἱστορεῖται
611 744 704 796 τοῦ
748 743 995 813 Σωτῆρος
1021 742 1177 813 ήμῶν
1199 783 1214 806 ,
1264 743 1339 804 ὡς
1383 743 1412 793 ὁ
1439 741 1594 809 λόγος
1635 739 1836 811 προῖὼν

277 836 549 900 ἐπιδείξει.
597 835 751 905 Ἑξῆς
795 835 852 887 δὲ
903 835 1174 903 ἐπιλέγειο
1228 854 1246 885 ι
1287 833 1394 886 Τοῦ
1432 831 1839 901 συντελεσθῆναι

275 928 587 1000 ἁμαρτίαν,
634 928 726 980 καὶ
771 927 864 980 τοῦ
916 927 1207 999 σφραγίσαι
1257 925 1554 997 ἁμαρτίαν,
1586 926 1676 978 καὶ
1728 926 1836 978 ἁπ-

275 1019 490 1088 αλεῖψαι
539 1019 794 1088 ἀνομίας,
836 1019 928 1071 καὶ
956 1019 1047 1072 τοῦ
1072 1018 1415 1082 ἐξιλάσασθαι
1466 1018 1695 1081 ἀδικίας,
1744 1018 1838 1069 καὶ

277 1111 503 1178 ἀγαγεῖν
545 1108 888 1179 δικαιοσύνην
943 1109 1194 1172 αἰώνιον,
1246 1111 1340 1162 καὶ
1391 1108 1484 1161 τοῦ
1545 1108 1838 1178 σφραγίσαι

277 1199 486 1269 ὅρασιν,
517 1198 612 1251 καὶ
642 1200 947 1270 προφήτην,
982 1199 1074 1252 καὶ
1103 1197 1197 1256 τοῦ
1221 1201 1400 1268 χρῖσαι
1427 1198 1578 1267 ἆγιον
1599 1199 1787 1266 ἁγίων.
1815 1218 1833 1250 ι

290 1290 434 1343 ’Δντὶ
469 1290 566 1360 μὲν
597 1286 687 1342 οὖν
717 1310 733 1340 ι
759 1290 850 1342 τοῦ
879 1289 1288 1359 συντελεσθῆναι
1315 1291 1606 1361 ἁμαρτίαν,
1637 1293 1727 1344 γαί
1745 1290 1835 1344 τοῦ

279 1381 572 1452 σφραγίσαι
605 1382 904 1452 ἁμαρτίαν,
945 1401 962 1432 ι
998 1383 1026 1434 ό
1064 1381 1288 1445 Ἀκύλας
1335 1384 1630 1454 πεποίηκε,
1682 1402 1697 1434 ι
1731 1381 1836 1435 Τοῦ

278 1474 585 1527 συντελέσαι
628 1473 726 1543 τὴν
776 1472 1025 1539 ἀθεσίαν,
1073 1473 1166 1526 καὶ
1196 1473 1290 1526 τοῦ
1335 1473 1615 1528 τελειῶσαι
1665 1475 1840 1546 ἀμαρ-

273 1568 414 1620 τίαν.
440 1585 456 1617 ι
485 1566 556 1618 Τὸ
579 1565 708 1636 γὰρ,
735 1584 753 1616 ι
779 1563 1106 1634 Πληρώσατε
1133 1565 1192 1618 τὸ
1230 1566 1421 1636 μέτρον
1449 1565 1555 1618 τῶν
1590 1566 1838 1635 πατέρων

274 1659 450 1731 ὑμῶν,
482 1678 499 1710 ι
529 1660 816 1730 είρημένον
845 1660 949 1712 ὑπὸ
971 1658 1066 1716 τοῦ
1095 1659 1340 1728 Σωτῆρος
1367 1657 1519 1728 ήμῶν
1546 1658 1680 1728 πρὸς
1712 1657 1837 1720 τοὺς

272 1753 340 1804 ἐκ
373 1751 667 1822 περιτομῆς
690 1790 704 1812 ,
752 1751 844 1802 καὶ
890 1749 977 1802 διά
1014 1749 1215 1802 τούτων
1259 1745 1410 1819 οἶμαι
1448 1749 1828 1819 παρίστασθαι.

284 1843 406 1895 Ἐπὶ
431 1842 540 1912 γὰρ
570 1842 667 1911 τῆς
698 1843 816 1894 κατ’
852 1839 1014 1894 αὐτοῦ
1040 1840 1398 1912 τολμηθείσης
1437 1842 1532 1894 τοῦ
1568 1842 1834 1896 Ἰουδαίων

271 1931 456 1998 ἔθνους
475 1936 763 2007 ἐπιϐουλῆς
793 1937 1142 2007 συνετελέσθη
1175 1937 1352 1990 αὐτῶν
1391 1939 1422 2008 ή
1452 1938 1713 2010 ἁμαρτία,
1745 1938 1837 1990 καὶ¹

270 2028 304 2098 ή
338 2028 475 2100 πρὸς
500 2029 589 2080 τὸν
635 2028 798 2091 Θεὸν,
830 2029 968 2082 κατά
1013 2029 1104 2082 τὸν
1141 2030 1404 2094 Ἀκύλαν,
1455 2029 1646 2083 ἀθεσία
1690 2029 1838 2093 τέλος

268 2121 480 2192 εἴληφε.
535 2122 708 2175 Πάλαι
754 2122 852 2192 μὲν
900 2122 1009 2194 γὰρ
1053 2123 1312 2194 πρότερον
1352 2123 1541 2194 ἔφερεν
1578 2123 1833 2192 αύτοὺςή

269 2214 365 2268 τοῦ
385 2205 518 2268 Θεοῦ
548 2216 914 2287 μακροθυμία,
946 2217 1112 2288 μυρία
1137 2218 1236 2270 ὅσα
1263 2217 1708 2288 πλημμελοῦντας
1734 2219 1838 2286 πρὸ

270 2313 370 2380 τῆς
397 2309 490 2362 τοῦ
522 2310 770 2380 Σωτῆρος
795 2309 950 2379 ήμῶν
975 2309 1291 2380 παρουσίας,
1315 2309 1596 2381 ὼσπεροῦν
1618 2311 1704 2364 διὰ
1729 2310 1836 2364 τῶν

268 2402 623 2472 προφητικῶν
651 2402 1027 2455 ἀποδείκνυται
1059 2402 1258 2471 λόγων·
1313 2403 1448 2474 πλὴν
1495 2403 1607 2456 ἀλλ’
1650 2404 1836 2475 ὥσπερ

268 2496 500 2548 ἐπὶτῶν
542 2495 709 2548 πάλαι
755 2495 851 2565 τὴν
893 2496 993 2564 γῆν
1037 2495 1138 2564 τῆς
1174 2495 1502 2563 ἐπαγγελίας
1551 2494 1836 2546 οἰκούντων

267 2586 582 2656 ἀλλοφύλων
614 2586 796 2657 εἴρητο
820 2585 895 2656 τῷ
936 2587 1186 2657 Ἀϐραάμ
1214 2601 1226 2615 ⁸
1261 2606 1278 2638 ι
1314 2585 1478 2639 Οὔπω
1504 2585 1612 2658 γὰρ
1637 2587 1838 2639 ἀναπε-

269 2677 583 2749 πλήρωνται
614 2680 667 2730 αι
708 2678 968 2749 ἁμαρτίαι
1013 2678 1122 2730 τῶν
1162 2679 1498 2749 Ἀμορραίων
1520 2696 1532 2708 ·
1568 2698 1584 2729 ι
1614 2680 1707 2732 καὶ
1733 2679 1836 2742 ἓως

270 2769 496 2839 μηδέπω
521 2765 658 2840 ἦσαν
709 2770 1233 2841 ἐκπεπληρωμέναι,
1272 2772 1372 2824 οὐκ
1419 2770 1706 2841 ήλαύνοντό
1751 2790 1838 2826 πω

265 2862 318 2912 oi
354 2861 666 2932 Ἀμορραῖοι
720 2865 818 2932 τῆς
853 2862 1107 2932 πατρῴας
1142 2865 1263 2932 γῆς.
1317 2863 1468 2914 Ἐπεὶ
1502 2861 1557 2914 δὲ
1591 2861 1838 2932 ἐπληρώ-

269 2950 446 3020 θησαν
496 2953 551 3004 αί
612 2952 878 3023 ἁμαρτίαι
914 2950 1109 3015 αὐτῶν,
1165 2951 1461 3018 τηνικαῦτα
1513 2951 1710 3014 πάντες
1753 2951 1838 3018 ἐξ-

1945 483 1963 514 (
1995 463 2088 518 Dei
2114 466 2483 520 sanctuarium
2504 506 2518 530 ,
2542 486 2560 518 ι
2580 476 2632 520 et
2657 467 2910 537 populum
2934 505 2949 530 ,
2984 484 3000 516 ι
3033 464 3125 518 Dei
3157 467 3410 535 pepulum
3432 508 3446 529 ,
3473 487 3491 520 ι

1938 555 2015 607 ita
2045 555 2298 610 videlicet
2327 557 2510 609 animo
2551 572 2680 626 erga
2725 557 2876 609 illum
2928 557 3183 626 populum
3229 558 3495 614 all'ectus:

1940 659 1992 700 at
2027 662 2154 701 vero
2183 646 2400 702 Gabriel
2432 663 2542 702 non
2581 648 2710 702 item
2744 655 2802 700 ut
2834 649 2950 716 ipse
2974 687 2988 712 ,
3027 663 3089 701 ea
3121 665 3240 717 qua!
3270 647 3380 718 jam
3413 651 3498 703 di-

1937 749 2023 792 eta
2056 747 2184 792 sunt
2210 749 2398 802 vocat,
2429 738 2524 793 sed
2554 755 2618 794 ex
2649 743 2957 802 contrario,
2988 759 3005 789 ι
3039 738 3213 810 Super
3241 743 3495 810 populum

1937 840 2125 894 tuum,
2161 835 2368 902 inquit,
2402 842 2454 886 et
2486 849 2649 902 super
2683 833 2957 886 civitatem
2991 841 3234 886 sanctam
3269 841 3448 900 tuam,
3475 856 3492 888 ι

1940 927 2028 979 ubi
2063 925 2450 996 propemodum
2483 935 2534 978 et
2560 925 2834 978 civitatem
2857 967 2871 991 ,
2903 935 2951 978 ct
2977 927 3232 995 populum
3257 970 3270 992 ,
3295 937 3346 980 ct
3372 944 3500 981 san-

1939 1021 2206 1072 ctum-ium
2241 1017 2331 1072 illa
2357 1017 2446 1071 Dei
2473 1017 2835 1087 appellatione
2869 1019 3090 1087 indigna
3123 1034 3244 1073 esse
3273 1019 3499 1073 demon-

1938 1119 2095 1165 strat.
2121 1109 2351 1164 Tantum
2379 1110 2543 1180 igitur
2565 1109 2825 1178 temporis
2846 1111 3075 1178 Spatium
3103 1111 3333 1178 primum
3367 1127 3499 1162 con-

1939 1207 2021 1252 tra
2061 1201 2352 1270 populum,
2392 1199 2587 1254 deinde
2621 1207 2811 1252 contra
2850 1200 3122 1254 civitatem
3171 1201 3496 1269 prmliuitum

1939 1307 2060 1347 esse
2089 1292 2246 1345 decet
2276 1310 2288 1344 :
2321 1300 2374 1345 et
2404 1290 2548 1360 (ιιιυά
2585 1297 2796 1344 tantum
2832 1291 2931 1352 sit,
2965 1291 3202 1344 ostendit
3232 1308 3296 1344 ex
3331 1307 3494 1344 reno-

1941 1384 2154 1438 vatione
2202 1382 2523 1437 Jerusalem.
2583 1382 2640 1436 ld
2695 1397 2856 1451 porro
2909 1383 3222 1436 continetur
3262 1396 3291 1434 a
3337 1381 3496 1436 Dario

1940 1474 2228 1530 Persarum
2274 1489 2401 1543 rege
2449 1489 2620 1544 usque
2669 1473 2733 1525 ad
2781 1473 3008 1542 Augusti
3059 1474 3394 1526 dominatum
3441 1472 3497 1528 in

1940 1565 2235 1628 Romanos,
2262 1575 2315 1621 et
2341 1565 2603 1620 Herodem
2629 1565 2937 1619 Judmoruin
2967 1581 3145 1634 regem
3166 1605 3180 1626 ,
3204 1565 3294 1634 qui
3323 1565 3501 1619 alieno

1939 1675 2137 1730 genere
2178 1667 2339 1713 natus
2373 1669 2488 1722 est,
2522 1674 2753 1729 quorum
2790 1658 3129 1727 temporibus
3171 1673 3233 1712 ea
3281 1674 3401 1728 quze
3432 1656 3502 1712 ad

1939 1763 2114 1808 ortum
2135 1752 2431 1808 Salvatoris
2446 1753 2616 1807 nostri
2633 1752 2920 1821 pertinent,
2943 1759 3288 1814 enarrantur,
3314 1766 3504 1819 quem-

1938 1847 2227 1901 admodum
2259 1845 2475 1916 longius
2531 1859 2815 1913 progressa
2863 1843 3036 1895 oratio
3083 1841 3498 1898 demonstrabit.

1937 1936 2139 1992 Ordine
2172 1936 2428 2004 deinceps
2478 1935 2726 2003 sequitur
2754 1953 2767 1987 :
2799 1951 2816 1981 ι
2838 1930 2907 1986 Ut
2936 1939 3346 1986 consummetur
3377 1945 3503 2000 pec-

1937 2037 2154 2093 catum,
2185 2037 2240 2083 et
2278 2027 2432 2097 quasi
2476 2026 2678 2079 annulo
2724 2025 3011 2092 signentur
3043 2032 3261 2090 peccata
3283 2062 3297 2086 ,
3327 2030 3379 2075 et
3409 2021 3504 2075 de-

1938 2123 2153 2178 leantur
2191 2120 2540 2189 iniquitates,
2578 2125 2632 2171 et
2661 2116 2950 2183 expientur
2986 2114 3268 2182 injustitiaa
3288 2154 3302 2176 ,
3335 2121 3388 2167 et
3419 2114 3502 2166 iu-

1938 2216 2170 2270 ducatur
2189 2212 2403 2282 justilia
2426 2210 2776 2278 sempiterna,
2795 2216 2849 2261 et
2870 2205 3028 2276 quasi
3051 2205 3205 2274 signo
3233 2205 3502 2273 impresso

1939 2307 2229 2362 claudatur
2259 2305 2396 2358 visio
2427 2311 2480 2357 et
2524 2301 2842 2372 prophetia,
2888 2307 2942 2352 et
2984 2306 3222 2368 ungatur
3266 2295 3504 2350 Sanctus

1939 2408 2274 2456 sanctorum.
2303 2416 2320 2448 ι
2351 2395 2458 2448 Pro
2486 2411 2550 2449 eo
2581 2400 2759 2448 autem
2790 2390 2934 2460 quod
2965 2398 3049 2445 est
3069 2429 3083 2450 ,
3114 2409 3130 2438 ι
3158 2387 3225 2442 Ut
3253 2403 3502 2441 consumo

1939 2502 2114 2548 metur
2142 2498 2456 2562 peccatum,
2500 2496 2554 2540 et
2600 2485 2758 2555 quasi
2806 2483 3010 2537 annulo
3053 2482 3335 2551 signentur
3375 2495 3502 2550 pec-

1938 2598 2078 2650 cata,
2111 2606 2129 2637 ι
2160 2585 2351 2655 Aquiia
2383 2583 2579 2642 vertit,
2612 2598 2630 2631 ι
2665 2579 2744 2633 Ad
2773 2575 3260 2631 consummandam
3296 2589 3506 2644 praeva-

1938 2680 2288 2740 ricationem,
2321 2683 2373 2729 et
2416 2675 2574 2728 linem
2619 2669 3007 2741 imponendum
3040 2672 3283 2736 peccato.
3317 2683 3336 2717 ι
3368 2664 3503 2718 lllud

1937 2773 2105 2835 enim,
2157 2788 2173 2820 ι
2205 2767 2430 2838 implete
2459 2779 2770 2820 mensuram
2801 2771 3014 2832 patrum
3043 2768 3348 2814 vestrorum
3381 2758 3446 2821 ⁸⁸,
3479 2777 3500 2808 ι

1938 2861 2082 2932 quod
2124 2881 2154 2914 ιι
2195 2859 2477 2914 Salvatore
2515 2865 2704 2911 nostro
2744 2855 2812 2907 ad
2857 2852 3074 2908 Iudaeos
3126 2850 3332 2904 dictum
3377 2855 3503 2910 est,

1939 2957 2100 3012 etiam
2135 2956 2189 3009 in
2221 2955 2307 3009 his
2335 2953 2572 3005 arbitror
2603 2949 2870 3003 contineri
2903 2963 2966 3001 ac
2999 2944 3294 3015 significari
3324 2962 3336 2997 :
3369 2958 3494 2996 nam

267 3042 676 3114 ωλοθρεύθησαν
706 3044 798 3096 ἐπὶ
829 3043 936 3097 τῶν
977 3042 1148 3115 Ἰησοῦ
1190 3043 1281 3096 τοῦ
1325 3043 1564 3108 Μωσέως
1596 3042 1834 3114 διαδόχου

1943 3051 2070 3104 dum
2112 3049 2341 3103 insidias
2378 3047 2452 3101 illi
2484 3043 2711 3098 Judaica
2743 3057 2878 3113 gens
2911 3040 3135 3094 molitur
3165 3047 3218 3094 et
3247 3035 3503 3098 coniicit,

266 3135 476 3206 χρόνων
500 3150 513 3164 ’
545 3134 686 3188 οῦτω
714 3137 808 3189 καὶ
853 3136 945 3188 ἐπὶ
977 3135 1072 3188 τοῦ
1120 3135 1383 3207 προτέρου
1431 3136 1644 3205 νοήσεις
1685 3134 1832 3187 λαοῦ.

269 3228 418 3290 Ἕως
441 3227 538 3297 μὲν
565 3226 673 3298 γὰρ
704 3227 803 3280 οὐκ
833 3227 1164 3300 ἐπληροῦντο
1194 3226 1371 3280 αὐτῶν
1398 3229 1450 3280 αἱ
1479 3227 1762 3298 ἁμαρτίαι,
1801 3229 1834 3298 ή

265 3317 361 3372 τοῦ
389 3318 524 3371 Θεοῦ
558 3321 722 3389 ἀνοχὴ
751 3319 845 3372 καὶ
888 3319 1234 3390 μακροθυμία
1277 3318 1466 3390 ἔφερεν
1509 3321 1722 3385 αὐτοὺς,
1759 3321 1839 3383 είς

268 3407 602 3479 ἐπιστροφὴν
629 3410 882 3461 ἑκάστοτε
905 3408 1355 3480 προσκαλουμένη
1391 3407 1477 3461 διὰ
1500 3408 1605 3461 τῶν
1631 3425 1839 3479 προφη-

264 3500 398 3556 τῶν.
416 3500 565 3552 Ἐπεὶ
589 3500 644 3552 δὲ
664 3499 803 3552 κατά
823 3499 921 3570 τὴν
943 3498 1210 3570 σωτηρίαν
1237 3499 1416 3567 φωνὴν
1441 3499 1760 3569 ἐπλήρωσαν
1779 3498 1838 3551 τὺ

270 3591 468 3663 μέτρον
513 3591 618 3644 τῶν
653 3591 900 3662 πατέρων
943 3590 1140 3654 αὐτῶν,
1177 3590 1317 3643 οὓτω
1342 3589 1385 3642 δ’
1412 3590 1476 3644 ἂν
1499 3590 1674 3643 πάντα
1713 3607 1834 3643 συν-

266 3682 504 3753 αχθέντα
532 3683 670 3736 κατά
697 3684 757 3736 τὸ
785 3685 916 3736 αὐτὸ
946 3683 1036 3736 τὸν
1080 3682 1303 3752 ἔσχατον
1330 3683 1513 3746 αὐτοῖς
1551 3683 1840 3754 κατειργά-

270 3793 401 3830 σατο
426 3776 660 3848 ϐλεθρον,
695 3774 975 3847 ῶσπεροῦν
1009 3774 1167 3827 πάλιν
1195 3776 1354 3838 αὐτὸς
1389 3775 1417 3827 ὁ
1449 3774 1650 3846 Κύριος
1684 3775 1838 3845 ἡμῶν

268 3869 508 3924 διδάσκει
539 3869 736 3937 λέγων·
775 3888 792 3919 ι
826 3869 938 3921 Πᾶν
978 3863 1114 3938 αἷμα
1147 3867 1370 3937 ἐκχυθὲν
1402 3867 1507 3919 ἀπὸ
1539 3867 1839 3939 καταϐολῆς

269 3963 499 4033 κόσμου,
530 3962 636 4013 ἀπὸ
663 3961 891 4032 αἵματος
919 3959 1083 4012 Ἀϐελ
1120 3959 1214 4012 τοῦ
1241 3959 1447 4012 δικαίου
1477 3959 1581 4024 ἕως
1613 3961 1838 4030 αἵματος

268 4053 556 4122 Ζαχαρίου,
589 4052 738 4120 ἥξειν
789 4051 881 4102 ἐπὶ
928 4049 1026 4120 τὴν
1075 4048 1264 4118 γενεὰν
1295 4048 1512 4120 ταύτην.
1548 4068 1567 4100 ι
1605 4050 1677 4102 To
1708 4050 1837 4118 γοῦν

267 4145 494 4214 ἔσχατον
539 4143 792 4196 ἁπάντων
827 4143 924 4205 τὰς
964 4143 1147 4212 χεῖρας
1181 4141 1453 4194 ἐπιϐαλεῖν
1492 4142 1571 4212 τῷ
1601 4142 1714 4212 Υἱῷ
1745 4143 1836 4196 τοῦ

266 4237 402 4290 Θεοῦ
451 4235 834 4306 τολμήσαντες,
869 4233 1121 4286 ἐτέλεσαν
1169 4233 1266 4304 τὴν
1318 4233 1559 4300 ἀθεσίαν,
1591 4237 1683 4288 καὶ
1730 4238 1840 4288 ἐτε-

265 4329 500 4382 λείωσαν
524 4327 619 4398 τὴν
654 4327 855 4380 ἑαυτῶν
881 4325 1170 4397 ἁμαρτίαν,
1197 4326 1335 4379 κατὰ
1362 4326 1459 4397 τὴν
1493 4327 1714 4381 ’Λκύλου
1750 4329 1838 4399 ἐρ-

1941 3151 2220 3212 peccatum
2277 3154 2437 3194 suum
2507 3135 2952 3191 consummavit:
3005 3140 3059 3184 et
3110 3129 3390 3199 ejusdem,
3444 3135 3504 3180 ut

1937 3234 2131 3303 Aquila
2173 3234 2366 3296 vertit,
2409 3229 2675 3284 adversus
2717 3225 2882 3280 Deum
2925 3221 3302 3294 prmvaricatio
3343 3219 3500 3273 linem

1939 3322 2170 3391 accepit.
2202 3319 2532 3388 .lampiidem
2563 3317 2705 3371 enim
2739 3316 2860 3369 illos
2902 3313 3151 3383 quamvis
3193 3312 3504 3363 innumera-

1938 3413 2069 3466 bilia
2125 3419 2348 3481 peccata
2397 3417 2776 3479 perpetrantes
2817 3413 2943 3459 ante
2981 3402 3283 3456 Salvatoris
3328 3402 3501 3454 nostri

1939 3507 2264 3567 adventum,
2303 3502 2395 3556 Dei
2427 3511 2606 3554 tamen
2641 3501 2930 3553 clementia
2963 3496 3209 3557 ferebat,
3243 3492 3501 3564 quemad-

1938 3598 2156 3654 modum
2209 3594 2461 3648 videlicet
2511 3592 2830 3662 prophetica
2889 3589 3006 3657 ipsa
3057 3587 3220 3642 verba
3273 3585 3500 3640 demou-

1938 3700 2112 3750 strant
2148 3711 2161 3746 :
2213 3699 2584 3745 verumtamen
2637 3685 2778 3740 sicut
2831 3682 2898 3736 de
2941 3683 3051 3735 illis
3079 3682 3171 3749 qui
3204 3694 3400 3748 genere
3431 3678 3500 3731 ab

1938 3784 2182 3840 Hebraeis
2224 3781 2571 3838 dill‘erentes,
2637 3785 2836 3828 terram
2871 3771 3258 3840 promissionis
3299 3770 3503 3823 incole-

1936 3877 2068 3932 bant
2090 3873 2156 3928 ad
2188 3871 2455 3927 Abraham
2486 3868 2687 3921 dictum
2707 3871 2787 3918 est
2816 3880 2830 3914 :
2857 3882 2874 3912 ι
2904 3858 3152 3914 Nondum
3182 3861 3324 3913 enim
3347 3872 3500 3910 com-

1938 3970 2081 4041 pleta
2136 3973 2261 4020 sunt
2297 3969 2516 4034 peccata
2573 3956 3052 4012 Amorrhaeorum:
3094 3972 3110 4000 ι
3144 3959 3196 4006 et
3246 3949 3501 4020 quamdiu

1937 4060 2207 4128 completa
2248 4071 2355 4111 non
2407 4054 2588 4115 fuere,
2617 4050 2686 4106 de
2723 4057 2865 4104 terra
2909 4049 3148 4116 ipsorum
3197 4043 3367 4112 patria
3407 4057 3503 4095 ex-

1937 4151 2076 4222 pulsi
2106 4165 2212 4203 non
2237 4155 2383 4202 sunt.
2412 4145 2511 4199 Ubi
2542 4153 2719 4196 autem
2749 4139 3014 4207 completa
3040 4143 3168 4190 sunt
3189 4175 3203 4197 ,
3230 4142 3344 4187 tum
3375 4147 3504 4187 vero

1937 4259 2126 4299 omnes
2167 4243 2219 4296 in
2267 4239 2545 4294 interitum
2593 4235 2929 4292 inciderunt,
2972 4245 3093 4299 qua:
3145 4242 3276 4282 sane
3319 4226 3502 4281 clades

1941 4340 2060 4392 illos
2097 4335 2307 4402 excepit
2339 4330 2672 4400 temporibus
2723 4328 2868 4380 illius
2916 4323 3040 4378 Jesu
3079 4323 3172 4391 qui
3208 4319 3340 4374 Mosi
3375 4334 3500 4373 suc-

269 4422 529 4492 μηνείαν·
580 4419 719 4472 κατὰ
766 4419 820 4471 δὲ
872 4421 995 4481 τοὺς
1032 4419 1442 4490 Ἑϐδομήκοντα,
1475 4419 1626 4489 ἐδέθη
1661 4421 1835 4473 αὐτῶν

1944 4431 2111 4486 cessit
2141 4449 2152 4482 :
2187 4429 2259 4480 ita
2296 4426 2464 4480 etiam
2506 4425 2572 4477 de
2615 4422 2797 4490 priore
2834 4418 2931 4471 tibi
2973 4413 3382 4485 intelligendum
3417 4420 3502 4468 est

265 4514 364 4568 καὶ
394 4509 726 4584 ἐσφραγίσθη
761 4511 1254 4584 ήὰμαρτία.Ἀλλά
1295 4513 1415 4564 ἐπεὶ
1447 4513 1518 4583 μὴ
1551 4513 1708 4583 μόνον
1757 4516 1834 4576 είς

265 4605 497 4668 πτῶσιν,
528 4604 663 4657 ἀλλὰ
689 4607 783 4657 καὶ
815 4607 893 4668 είς
927 4605 1219 4658 ἀνάστασιν
1251 4603 1456 4656 πολλῶν
1490 4604 1743 4675 ἐλήλυθεν
1776 4607 1834 4657 ἐν

265 4697 345 4766 τῷ
382 4695 612 4768 Ἰσραὴλ,
641 4695 781 4750 καθά
807 4714 934 4766 φησι
962 4699 1089 4768 περὶ
1128 4695 1312 4758 αὐτοῦ,
1349 4714 1366 4747 ι
1391 4696 1519 4750 Ἰδοὺ
1544 4690 1697 4761 οὗτος
1723 4701 1832 4750 κείς

263 4805 354 4841 ται
379 4789 460 4851 εἰς
482 4788 685 4841 πτῶσιν
710 4788 803 4841 καὶ
823 4790 1114 4842 ἀνάστασιν
1141 4789 1348 4842 πολλῶν
1377 4790 1434 4842 ἐν
1455 4789 1531 4859 τῷ
1560 4791 1792 4862 Ἰσραὴλ,
1808 4812 1825 4843 ι

266 4880 491 4942 εἰκότως
537 4884 649 4944 τοῖς
694 4880 1000 4953 εἰρημένοις
1033 4880 1159 4950 ἑξῆς
1203 4880 1440 4947 ἐπιλέγει
1470 4883 1496 4934 ό
1521 4881 1712 4951 Δανιὴλ
1752 4883 1832 4936 τό·

270 4993 286 5021 ι
321 4974 432 5024 Καὶ
469 4971 559 5024 τοῦ
589 4972 878 5040 ἀπαλεῖψαι
918 4971 1207 5043 ἁμαρτίας,
1240 4972 1331 5024 καὶ
1365 4970 1458 5022 τοῦ
1490 4971 1836 5035 ἐξιλάσασθαι

262 5062 498 5126 ἀδικίας.
531 5081 548 5114 ι
594 5063 689 5116 Διά
733 5064 839 5134 γὰρ
872 5063 932 5115 τὸ
963 5063 1221 5116 ἀδύνατον
1261 5060 1398 5116 εἶναι
1439 5059 1575 5134 αἷμα
1621 5064 1834 5136 ταύρων

261 5156 362 5209 καί
385 5156 599 5227 τράγων
619 5157 868 5227 ἀφαιρεῖν
897 5157 1188 5228 ἁμαρτίας,
1213 5157 1414 5210 δεῖσθαι
1439 5159 1494 5210 δὲ
1525 5161 1630 5212 πᾶν
1651 5158 1708 5212 τὸ
1727 5160 1832 5213 τῶν

259 5246 565 5319 ἀνθρώπων
597 5249 748 5316 γένος
785 5249 1012 5320 ἱλασμοῦ
1067 5249 1265 5313 ζῶντος
1310 5251 1403 5303 καὶ
1443 5251 1696 5322 ἀληθινοῦ
1733 5248 1832 5323 (οὗ

256 5342 433 5395 τύπον
459 5339 614 5413 ἔφερε
642 5343 702 5395 τὸ
733 5343 880 5413 παρά
912 5345 1097 5396 Μωσεῖ
1123 5345 1560 5397 κατασκευασθὲν
1614 5346 1832 5418 ἱλαστή-

259 5433 422 5506 ριον),
444 5428 593 5498 οὗτος
617 5431 753 5505 δὲῆν
772 5435 802 5486 ό
823 5434 1010 5506 Σωτὴρ
1036 5435 1127 5488 καὶ
1155 5436 1354 5507 Κύριος
1383 5437 1555 5507 ήμῶν,
1581 5439 1608 5490 ό
1642 5438 1834 5509 Ἀμνὸς

254 5525 356 5582 τοῦ
387 5525 544 5590 Θεοῦ,
572 5527 697 5597 περὶ
739 5521 798 5580 οῦ
842 5527 1052 5598 εἴρηται
1073 5543 1086 5555 ·
1125 5544 1143 5578 ι
1166 5526 1262 5580 ’ἰδὲ
1298 5527 1489 5598 Ἀμνδς
1519 5529 1612 5584 τοῦ
1645 5529 1778 5584 Θεοῦ
1807 5533 1835 5584 ό

335 5708 380 5738 ⁸⁸
420 5704 604 5758 Matth.
643 5719 807 5766 xxnt,
841 5704 924 5757 τε.
1007 5705 1048 5745 εἴ
1091 5703 1218 5758 ibid.
1257 5704 1346 5759 55.

1941 4525 2180 4595 populo:
2217 4518 2482 4590 quamdiu
2529 4516 2672 4571 enim
2720 4515 2934 4567 illorum
2977 4517 3196 4580 peccata
3234 4508 3500 4578 completa

1941 4631 2047 4669 non
2085 4621 2210 4668 sunt
2233 4651 2247 4671 ,
2284 4608 2377 4664 Dei
2409 4607 2530 4660 illos
2561 4603 2817 4674 patientia
2844 4608 2896 4654 et
2926 4599 3229 4668 benignitas
3259 4595 3416 4656 tulit,
3447 4601 3500 4646 et

1937 4721 2032 4778 per
2071 4703 2366 4775 prophetas
2405 4699 2647 4766 undique
2685 4694 2750 4748 ad
2781 4692 3191 4746 conversionem
3233 4687 3498 4741 invitavit.

1936 4775 2096 4866 385
2131 4793 2422 4862 Postquam
2456 4795 2664 4849 autem,
2698 4792 2753 4837 ut
2788 4783 3036 4836 Salvator
3062 4779 3128 4832 ad
3158 4780 3306 4846 ipsos
3340 4775 3496 4836 dixit.

1939 4888 2300 4957 impleverunt
2331 4894 2645 4935 mensuram
2687 4883 2900 4946 patrum
2932 4886 3188 4931 suorum,
3225 4876 3337 4920 tum
3372 4879 3500 4957 vero

1939 4981 1994 5034 in
2025 4956 2293 5033 eumdem
2341 4977 2520 5028 locum
2565 4979 2753 5026 coacta
2811 4966 3015 5030 omnia,
3045 4969 3346 5017 extremum
3391 4956 3498 5010 illis

1937 5074 2346 5126 maturaverunt
2385 5066 2687 5124 interitum,
2720 5075 2850 5116 sane
2888 5050 3339 5126 quemadmodum
3371 5048 3498 5101 item

1935 5161 2197 5216 Dominus
2229 5165 2412 5210 noster
2443 5169 2543 5208 nos
2573 5152 2749 5212 docet,
2784 5147 2872 5201 ubi
2909 5145 2981 5198 ait
3017 5161 3030 5196 :
3064 5159 3082 5192 ι
3109 5137 3334 5194 Omnem
3368 5147 3496 5188 san-

1935 5254 2150 5326 guinem
2180 5250 2410 5306 elTusum
2453 5262 2482 5299 a
2511 5241 2899 5299 constitutione
2931 5232 3142 5295 mundi,
3176 5245 3206 5283 a
3234 5226 3500 5296 sanguine

1937 5323 2071 5399 Abel
2112 5343 2248 5413 justi
2296 5354 2471 5410 usque
2519 5335 2583 5390 ad
2630 5332 2946 5403 sanguinem
2985 5323 3283 5384 Zachariae,
3308 5325 3500 5413 ventu-

1937 5451 2058 5490 rum
2107 5410 2272 5504 super
2316 5430 2720 5503 generationem
2763 5424 2919 5477 istam
2968 5419 3034 5473 ⁸⁷.
3068 5436 3086 5468 ι
3143 5414 3279 5469 Cum
3333 5410 3498 5481 igitur

1939 5530 2004 5586 ad
2036 5535 2337 5585 extremum
2395 5537 2588 5579 manus
2639 5519 2862 5588 injicere
2897 5511 3030 5568 Filii
3069 5507 3164 5564 Dei
3197 5505 3314 5562 ausi
3343 5507 3494 5566 sunt,
