3868 6196
494 280 602 338 6ϋό

1164 274 1430 330 EUSEBII
1464 272 1938 331 CASSAIUENSIS
1974 275 2122 332 OPP.
2164 276 2341 332 PARS
2381 279 2443 334 ll.
2490 310 2552 320 -—
2583 275 3077 333 APOLOGETICA.

3610 278 3710 333 601

499 415 521 451 ι
555 401 1071 452 consummaverunt
1098 392 1622 462 prms'aricationem,
1647 403 1699 448 et
1741 395 1900 449 linem
1931 410 2046 465 pec-

2153 398 2322 469 αἵρων
2350 399 2444 468 τὴν
2471 397 2741 468 ἁμαρτίαν
2777 394 2868 448 τοῦ
2898 395 3100 464 κόσμου
3119 411 3133 424 ·
3160 413 3177 444 ι
3210 394 3302 446 καὶ
3330 392 3491 445 πάλιν
3509 409 3522 421 ·
3568 411 3585 444 ι
3615 396 3713 446 Δύο

495 497 620 543 cato
647 501 747 544 suo
769 486 1165 552 imposuerunt,
1209 503 1226 535 ι
1266 484 1406 539 sicut
1444 486 1638 554 Aquila
1669 487 2053 556 interpretatus

495 588 600 643 est,
647 584 722 642 at,
771 578 912 631 sicut
965 573 1128 638 LXX,
1167 594 1184 624 ‹
1221 591 1406 630 eorum
1439 586 1722 646 peccatum
1773 578 2051 648 alligatum

498 672 875 741 signatumque
906 674 1008 722 est.
1049 686 1066 718 ι
1098 666 1202 722 Sed
1225 669 1477 737 quoniam
1510 685 1618 723 non
1651 671 1822 724 solum
1854 671 1907 724 in
1942 671 2052 724 rui-

497 777 642 824 nam,
676 775 865 813 verum
894 760 1056 813 etiam
1091 759 1145 812 in
1170 761 1566 829 reparationem
1593 761 1886 814 multorum
1907 762 2052 817 venit

494 852 548 904 in
582 849 767 914 Israel,
806 852 948 905 sicut
982 849 1048 905 de
1081 850 1200 920 ipso
1265 851 1402 905 dixit
1452 849 1692 916 Simeon,
1737 874 1752 905 ι
1795 853 1934 910 Ecce
1962 855 2051 909 hic

495 942 705 1011 positus
737 949 820 996 est
851 942 904 994 in
933 941 1147 994 ruinam
1174 950 1228 995 et
1269 943 1324 996 in
1367 945 1822 999 resurrectionem
1855 947 2052 1000 multo-

492 1049 613 1089 rum
663 1034 716 1087 iu
757 1032 923 1087 Israel
953 1033 1021 1099 θ’,
1061 1052 1080 1085 ι
1124 1035 1316 1088 merito
1345 1035 1532 1090 Daniel
1569 1036 1635 1089 ad
1660 1052 1721 1090 ea
1749 1054 1868 1107 quae
1905 1039 2049 1093 dicta

494 1129 640 1186 sunt,
664 1122 910 1194 adiungit
935 1143 947 1177 :
971 1141 989 1173 ‹
1018 1121 1080 1175 Et
1107 1132 1165 1176 ut
1197 1123 1478 1179 deleantur
1504 1135 1740 1195 peccata,
1760 1137 1812 1180 et
1832 1129 2051 1198 expien-

493 1223 583 1269 tur
637 1215 935 1284 iujustitlze.
978 1234 996 1267 ι
1029 1216 1164 1269 Cum
1219 1216 1362 1269 enim
1416 1218 1636 1286 sanguis
1689 1226 1964 1273 taurorum
1997 1228 2049 1274 et

493 1306 768 1360 hircorum
803 1305 1019 1360 auferre
1050 1316 1269 1375 peccata
1300 1323 1408 1360 non
1447 1316 1650 1376 posset,
1682 1317 1734 1363 et
1763 1315 1923 1364 ou‘me
1955 1311 2050 1364 Ιιο-

494 1399 699 1452 minum
722 1414 893 1468 genus
921 1399 1224 1469 expiatione
1254 1400 1374 1452 viva
1405 1401 2050 1473 ve_raqueindigeret(cu-

489 1490 581 1559 jus
629 1489 856 1559 ﬁguram
913 1491 1134 1560 gerebat
1183 1491 1236 1544 id
1275 1491 1418 1561 quod
1475 1493 1615 1562 apud
1654 1492 1854 1548 Mosen)
1915 1509 2048 1547 con-

494 1589 760 1636 structum
816 1589 1040 1636 vocatur
1106 1584 1606 1654 propitiatorium),
1663 1585 1810 1638 nulla
1869 1593 2049 1639 autem

494 1671 809 1742 propitiatio
838 1671 958 1725 viva
988 1687 1222 1742 veraque
1258 1682 1423 1738 esset,
1455 1675 1559 1728 nisi
1587 1674 1834 1729 Salvator
1857 1683 1910 1731 et
1939 1675 2044 1730 Do-

2151 490 2240 552 τὸς
2270 489 2492 559 ἱλασμός
2511 491 2623 540 ἐστι
2653 487 2778 558 περὶ
2806 487 2912 538 τῶν
2936 484 3214 556 ἁμαρτιῶν
3245 487 3277 555 ἡ
3288 485 3423 554 μῶν,
3452 504 3470 534 ι
3499 485 3560 536 ού
3587 486 3708 554 περὶ

2152 581 2258 634 τῶν
2289 580 2570 652 ἡμετέρων
2593 579 2648 631 δὲ
2683 582 2859 650 μόνον,
2894 577 3028 632 ἀλλά
3058 577 3150 630 καὶ
3181 577 3309 648 περὶ
3340 576 3465 629 ὅλου
3497 575 3590 628 τοῦ
3621 577 3712 628 κδ-

2155 688 2310 741 σμου,
2344 671 2506 733 αὐτὸς
2529 669 2602 723 ὢν
2639 670 2730 722 καὶ
2757 668 3145 739 ἀπολύτρωσις,
3185 666 3325 720 κατά
3356 667 3447 719 τὸν
3481 665 3710 731 Παῦλον,

2153 764 2453 832 φάσκοντα·
2491 763 2622 824 «Ὃς
2664 760 2892 831 ἐγενήθη
2934 759 3093 828 σοφία
3125 761 3253 828 ἡμῖν
3294 758 3402 811 ἀπὸ
3439 756 3598 819 Θεοῦ,
3636 757 3714 811 δι-

2153 853 2408 924 καιοσύνη
2420 871 2477 906 τε
2500 854 2592 906 καὶ
2607 852 2894 922 ἁγιασμὸς,
2913 852 3006 904 καὶ
3021 850 3415 921 ἀπολύτρωσις·
3447 870 3467 901 ι
3493 849 3714 914 εἰκότως

2149 946 2247 1015 τὴν
2272 943 2568 1014 παρουσίαν
2596 940 2759 994 αὐτοῦ
2790 939 2925 1011 ὁμοῦ
2957 941 3053 1010 μὲν
3085 939 3476 1009 συμπλήρωσιν
3502 939 3596 992 καὶ
3625 955 3713 991 τε-

2150 1034 2362 1087 λείωσιν
2394 1033 2662 1104 ἁμαρτίας
2688 1029 2822 1084 εἶναι
2851 1031 3086 1084 διδάσκει
3133 1029 3238 1082 τῶν
3278 1031 3357 1092 εἱς
3392 1029 3556 1081 αὑτὸν
3585 1030 3712 1097 ἥσε-

2151 1124 2411 1194 δηκότων,
2443 1123 2577 1193 ὁμοῦ
2603 1122 2658 1175 δέ
2690 1120 2977 1189 ἀπάλειψιν
3015 1119 3110 1173 καλ⁹
3155 1119 3490 1190 καθαρισμὸν
3538 1118 3718 1188 ἀμαρο

2151 1215 2298 1281 τιῶν,
2332 1215 2426 1268 καὶ
2473 1213 2692 1267 ἀδικιῶν
2739 1211 2962 1282 ἱλασμὸν
2987 1210 3094 1263 τῶν
3119 1213 3198 1274 εἰς
3227 1211 3386 1263 αὐτὸν
3416 1227 3717 1263 πεπιστευο

2151 1306 2340 1360 κότων.
2368 1306 2476 1359 Ka‘t
2502 1305 2530 1356 6
2567 1303 2791 1368 Ἀκύλας
2816 1304 2892 1368 δὲ,
2925 1322 2941 1354 ι
2971 1301 3074 1355 Τοῦ
3101 1302 3316 1354 τελέσαι
3343 1301 3439 1372 τὴν
3470 1300 3710 1362 ἀθεσίαν,

2151 1397 2241 1449 καὶ
2264 1395 2356 1448 τοῦ
2384 1394 2661 1448 τελειῶσαι
2683 1395 2779 1465 τὴν
2791 1393 3080 1464 ἁμαρτίαν,
3112 1411 3130 1443 ι
3156 1391 3340 1453 εἱπὼν,
3364 1393 3616 1462 ἐπήγαγε
3639 1393 3716 1454 τὸ,

2158 1507 2176 1538 ι
2208 1487 2313 1540 Τοῦ
2355 1485 2698 1550 ἐξιλάσασθαι
2733 1485 2978 1555 ἀνομίαν,
3009 1503 3027 1535 ι
3067 1485 3248 1552 σαφῶς
3285 1484 3509 1553 ἱλασμὸν
3557 1483 3717 1536 αὑτὸν

2151 1575 2287 1632 εἶναι
2323 1578 2499 1647 πάσης
2533 1576 2756 1646 ἀνομίας
2788 1576 2888 1645 τῆς
2927 1576 3091 1628 πάλαι
3132 1575 3270 1628 κατά
3307 1576 3533 1643 ἄγνοιαν
3563 1593 3714 1644 γενο-

2157 1670 2321 1741 μένης
2368 1668 2762 1738 ὑποτιθέμενος.
2797 1668 2951 1737 Ἑξῆς
2995 1667 3204 1732 ,τούτοις
3257 1667 3508 1738 εἴρηται,
3563 1687 3582 1717 ι
3613 1666 3716 1720 Τοῦ

493 1763 671 1817 minus
705 1770 908 1825 noster,
949 1764 1038 1817 ille
1083 1764 1268 1834 Agnus
1308 1765 1422 1827 Dei.
1455 1765 1521 1820 de
1543 1782 1651 1836 quo
1679 1768 1881 1823 dictum
1915 1776 1999 1823 est
2031 1787 2044 1822 :

2152 1763 2376 1828 ἀγαγεῖν
2401 1758 2740 1830 δικαιοσύνην
2773 1759 3002 1812 αἰώνιον.
3040 1760 3222 1812 »Ἐστι
3259 1761 3352 1829 μὲν
3377 1756 3471 1812 οὖν
3498 1759 3664 1822 αὐτὸς
3691 1760 3716 1811 6

497 1871 516 1902 ε
553 1852 690 1908 Ecce
738 1853 923 1922 Agnus
966 1852 1061 1907 Dei
1110 1856 1202 1925 qui
1259 1856 1398 1910 tollit
1456 1865 1676 1926 peccata
1715 1859 1980 1912 mundi".
2025 1879 2043 1912 ι

493 1941 626 1996 Nam
662 1960 877 2007 rursus,
933 1964 950 1995 ι
999 1945 1143 1998 ldem
1183 1947 1494 2016 prepitiatio
1527 1956 1610 2003 cst
1662 1964 1762 2018 pro
1813 1951 2048 2019 peccatis

497 2036 715 2098 nostris,
756 2056 775 2088 ι
812 2050 910 2089 nec
943 2052 1042 2106 pro
1077 2038 1278 2092 nostris
1314 2045 1520 2091 tantum
1563 2040 1678 2108 ipse
1707 2049 1789 2094 est
1815 2043 2046 2110 pretium

493 2140 555 2178 ac
600 2123 916 2194 redemptio.
957 2126 1051 2178 sed
1097 2126 1257 2179 etiam
1307 2141 1402 2194 pro
1452 2128 1619 2181 totius
1650 2130 1854 2194 mundi,
1887 2139 1945 2183 ut
1974 2130 2050 2182 ait

491 2215 782 2285 Apostolus
810 2215 890 2246 ⁸⁹⁹
925 2233 938 2268 :
975 2233 993 2265 ι
1033 2215 1134 2281 Qui
1193 2215 1367 2270 factus
1415 2225 1519 2283 est,
1583 2217 1777 2286 inquit,
1836 2220 2050 2288 sapien-

489 2307 564 2360 tia
607 2307 766 2362 nobis
806 2321 835 2359 a
875 2304 1006 2368 Deo,
1035 2307 1355 2378 justitiaque
1382 2316 1436 2363 et
1469 2309 1825 2363 sanctilicatio
1874 2321 1925 2366 et
1963 2327 2050 2366 re-

490 2399 820 2468 demptio“.
862 2421 880 2452 ›
935 2399 1126 2454 Merito
1174 2401 1293 2470 ejus
1344 2401 1652 2467 adventum,
1685 2403 1846 2456 simul
1901 2417 2046 2457 com-

491 2489 816 2558 plementum
847 2491 1343 2562 perfectionemque
1372 2493 1579 2562 peccati
1625 2509 1746 2548 esse
1776 2493 1932 2549 docet
1961 2511 2050 2550 eo-

491 2596 634 2647 rum,
663 2583 755 2651 qui
790 2593 978 2637 contra
1005 2585 1180 2654 ipsum
1210 2584 1360 2654 impii
1385 2583 1622 2648 fuerunt,
1655 2586 1816 2639 simul
1851 2586 2049 2642 abster-

488 2671 700 2725 sionem
741 2681 791 2727 et
824 2675 1202 2742 purgationem
1253 2684 1599 2744 peccatorum
1649 2684 1704 2731 et
1752 2677 2047 2746 iniustitia-

490 2774 612 2812 rum
645 2763 1005 2830 expiationem
1046 2778 1232 2818 eorum
1251 2763 1342 2832 qui
1364 2764 1416 2817 in
1452 2764 1627 2833 ipsum
1658 2766 2044 2822 crediderunt:

489 2865 617 2904 nam
656 2868 778 2907 cum
805 2854 1018 2922 Aquila.
1054 2871 1072 2905 t
1101 2855 1183 2909 Ad
1211 2857 1694 2910 consummandam
1725 2861 2046 2927 praevarica-

493 2947 713 3010 tionem,
762 2953 814 3002 et
847 2947 1023 3012 finem.
1041 2955 1262 3017 peccato
1317 2949 1722 3018 imponendum,
1765 2971 1783 3003 ι
1824 2952 2042 3018 dixerit,

489 3045 606 3090 tum
643 3035 774 3091 illud
807 3037 1025 3106 adiecit,
1065 3058 1082 3088 ι
1104 3036 1163 3092 Et
1197 3038 1263 3093 ad
1293 3040 1617 3109 expiandum
1649 3042 2038 3113 iniquitatem,r

488 3128 575 3182 sic
611 3126 771 3198 plane
824 3127 974 3181 illum
1023 3129 1200 3183 omnis
1261 3129 1585 3199 iniquitatis,
1614 3148 1734 3202 qua:
1775 3135 1902 3189 olim
1954 3152 2050 3208 per

495 3219 855 3290 ignorantiam
906 3219 1144 3274 admissa
1195 3221 1287 3287 sit,
1336 3223 1700 3292 expiationem
1753 3242 1896 3292 esse,
1952 3244 2050 3298 pro

493 3327 756 3367 concesso
793 3326 1035 3366 sumens.
1089 3311 1219 3367 Post
1258 3314 1375 3383 ipsa
1425 3314 1561 3380 hate,
1588 3317 1719 3372 illud
1754 3320 1999 3389 sequitur
2035 3341 2047 3376 :

500 3423 518 3456 ι
562 3403 632 3458 Ut
661 3403 952 3458 inducatur
983 3404 1197 3474 justitia
1222 3406 1569 3474 sempiterna.
1597 3426 1615 3459 ι
1653 3407 1748 3464 Est
1779 3427 1909 3466 sane
1935 3412 2051 3482 ipse

497 3495 591 3550 Dei
618 3494 854 3552 Verbum
899 3496 1113 3565 justitia
1166 3498 1518 3567 sempiterna,
1549 3518 1567 3552 ι
1597 3502 1690 3572 qui
1746 3504 1921 3560 factus
1969 3513 2051 3561 est

496 3585 654 3641 nobis
695 3586 956 3656 sapientia
1007 3601 1036 3640 a
1089 3585 1220 3650 Deo,
1249 3587 1574 3659 justitiaque
1605 3599 1660 3646 et
1688 3593 2051 3650 sanctificatio

495 3683 549 3731 et
579 3675 898 3746 redemptio,
938 3695 957 3730 ι
986 3685 1044 3729 ιιι
1079 3678 1155 3731 ait
1203 3679 1519 3748 Apostolus,
1549 3691 1919 3738 verumtamen
1953 3685 2048 3739 ad-

496 3774 658 3822 ventu
688 3782 788 3822 suo
807 3769 1061 3825 omnibus
1091 3769 1402 3826 hominibus
1420 3772 1731 3826 conciliavit
1756 3775 2047 3844 justitiam,

497 3859 675 3930 reipsa
712 3859 1026 3924 ostendens,
1065 3861 1209 3931 quod
1245 3879 1262 3912 l
1293 3877 1398 3916 non
1430 3863 1594 3934 386
1627 3865 1799 3918 solum
1836 3864 2048 3921 Iudaeo-

495 3966 614 4004 rum
641 3959 724 4006 est
757 3951 922 4019 Deus,
954 3954 1048 4008 sed
1069 3954 1230 4007 etiam
1262 3955 1524 4024 gentium.
1548 3976 1566 4007 ι
1605 3955 2048 4028 Quandoquidem

495 4056 636 4097 unus
667 4051 752 4096 est
801 4041 945 4099 Deus
984 4044 1075 4113 qui
1103 4045 1423 4113 justiﬁcabit
1457 4048 1931 4104 circumcisionem
1982 4065 2048 4104 ex

495 4129 618 4200 (ide,
651 4142 704 4186 et
737 4134 1062 4204 praeputium
1093 4151 1191 4206 per
1219 4135 1378 4191 (idem
1404 4138 1470 4190 '“.
1508 4157 1523 4188 ι
1559 4138 1636 4192 Ex
1669 4155 1778 4208 quo
1822 4156 1916 4196 eos
1955 4142 2048 4211 qui

492 4237 618 4276 cum
649 4222 904 4279 Cornelio
957 4225 1204 4290 aderant,
1233 4229 1434 4298 quique
1480 4230 1592 4298 jam
1630 4227 1888 4301 Spiritum
1923 4248 2050 4287 san-

491 4321 639 4366 ctum
671 4315 916 4384 accipere
936 4325 1265 4384 meruerant,
1302 4319 1576 4375 admirans
1601 4319 1812 4388 Petrus,
1846 4340 1864 4372 ι
1889 4321 2045 4387 Vere,

493 4405 689 4475 inquit,
747 4408 871 4460 novi
914 4410 1055 4477 quod
1109 4426 1220 4464 non
1273 4419 1358 4466 est
1398 4421 1649 4482 acceptor
1689 4430 2041 4483 personarum

493 4498 657 4563 Deus,
687 4497 782 4553 sed
803 4499 858 4552 in
882 4501 1029 4553 omni
1055 4510 1235 4571 gente,
1267 4504 1359 4571 qui
1389 4504 1540 4558 timet
1573 4504 1722 4559 illum
1744 4514 1798 4560 et
1829 4517 2043 4563 exercet

486 4588 776 4658 justitiam,
803 4600 1058 4660 acceptus
1091 4600 1174 4648 est
1223 4594 1302 4648 illi
1330 4595 1398 4651 τ’.
1433 4614 1451 4646 ι
1488 4595 1630 4661 Quin
1686 4596 1888 4654 Paulus
1917 4615 2047 4668 quo-

487 4697 596 4752 que
647 4680 999 4754 Evangelium
1050 4685 1278 4754 justitia:
1316 4687 1542 4742 aﬂirmat
1593 4704 1735 4753 esse,
1768 4691 1860 4744 ubi
1913 4693 2038 4747 ait:

494 4794 513 4826 ι
551 4773 739 4831 Virtus
781 4779 925 4830 enim
983 4776 1076 4833 Dei
1125 4786 1208 4834 est
1243 4780 1308 4834 ad
1339 4781 1566 4835 salutem
1598 4783 1742 4835 omni
1776 4783 2040 4847 credenti,

485 4865 671 4922 Judmo
705 4868 938 4938 primum
981 4877 1034 4925 et
1084 4869 1274 4926 Grmco
1304 4889 1320 4928 :
1358 4873 1565 4942 justitia
1595 4874 1738 4928 enim
1771 4873 1864 4928 Dei
1893 4876 1947 4928 in
1981 4892 2046 4932 eo

486 4961 757 5016 revelatur
781 4961 846 5016 ⁷³.
878 4981 897 5014 ι
923 4959 982 5016 In
1011 4960 1240 5018 Psalmis
1260 4980 1475 5034 quoque
1506 4966 1574 5021 de
1594 4965 1813 5022 Christo
1841 4967 2042 5022 dictum

484 5055 572 5101 est
603 5065 616 5101 :
643 5065 662 5098 ι
701 5045 916 5102 Orietur
939 5049 994 5102 in
1017 5049 1208 5103 diebus
1235 5049 1354 5118 ejus
1381 5051 1596 5118 justitia
1627 5059 1681 5106 et
1709 5053 2041 5106 abundantia

490 5137 640 5206 pacis
666 5138 733 5193 ⁷⁵.
767 5158 786 5191 ι
821 5138 886 5192 Et
913 5155 1043 5195 sane
1082 5140 1228 5195 illius
1258 5156 1394 5211 opus
1425 5157 1482 5195 re
1510 5157 1632 5196 vera
1665 5141 2043 5211 Deijustiliam

488 5229 900 5298 demonstravit,
937 5241 1124 5302 utpote
1162 5233 1305 5304 quod
1335 5250 1494 5288 omne
1544 5250 1713 5304 genus
1763 5235 2044 5289 hominum

487 5320 607 5389 pari
640 5324 926 5380 vocatione
956 5325 1176 5397 dignum
1210 5325 1523 5381 reddiderit.
1543 5326 1610 5380 At
1639 5327 1758 5394 qua:
1797 5341 1890 5396 per
1941 5326 2048 5379 Mo-

489 5426 603 5468 sem
633 5413 778 5470 edita
811 5425 959 5486 sunt,
991 5434 1332 5490 nequaquam
1372 5419 1522 5482 talia,
1555 5418 1646 5474 sed
1689 5419 1782 5473 uni
1817 5419 1918 5473 soli
1949 5418 2044 5473 Ju-

562 5613 606 5645 ⁸⁸
645 5613 775 5669 Luc.
810 5633 881 5674 ιι.
917 5619 1004 5672 ὅ-ί.
1081 5621 1123 5651 θ’
1160 5619 1316 5673 Juan.
1352 5639 1403 5680 ι.
1438 5620 1524 5676 29.

490 5699 560 5749 κ,
595 5685 684 5751 ὃὶ,
710 5686 796 5741 55.
874 5688 918 5717 ⁷³
960 5689 1111 5744 llom.
1149 5707 1186 5753 ι,
1223 5691 1417 5754 16,17.
1497 5695 1539 5724 ⁷⁵
1579 5692 1720 5748 Psal.
1762 5711 1918 5760 LXXI,
1953 5695 2005 5750 7.

1625 5624 1687 5654 ⁶⁹⁶
1732 5622 1940 5680 lJoan.
1980 5640 2050 5691 It,
2081 5625 2133 5681 2.

2151 1855 2242 1908 τοῦ
2272 1854 2404 1908 Θεοῦ
2437 1855 2605 1922 Λόγος
2632 1852 2844 1915 αἱὼνιος
2865 1850 3195 1920 δικαιοσύνη,
3224 1868 3240 1899 ι
3276 1851 3331 1913 ὃς
3357 1851 3592 1921 ἐγενήθη
3630 1867 3715 1902 σο-

2153 1948 2249 2016 φία
2281 1948 2410 2017 ἡμῖν
2441 1947 2546 1999 ἀπὸ
2572 1945 2726 2008 Θεοῦ,
2754 1943 3064 2012 δικαιοσύνη
3091 1960 3147 1995 τε
3175 1944 3266 1995 καὶ
3301 1942 3590 2010 ἁγιασμὸς,
3626 1943 3719 1994 καὶ

2154 2039 2544 2107 ἀπολύτρωσις,
2576 2055 2596 2088 ιι
2626 2036 2765 2089 κατά
2790 2036 2882 2088 τὸν
2909 2033 3245 2087 Ἀπόστολον.
3279 2031 3420 2102 Πλὴν
3455 2032 3593 2084 ἀλλά
3623 2032 3720 2085 σὺν

2151 2132 2216 2199 τῇ
2239 2127 2429 2180 ἑαυτοῦ
2454 2125 2723 2197 παρουσίᾳ
2747 2126 2842 2178 καὶ
2874 2125 3036 2176 πᾶσιν
3058 2121 3362 2194 ἀνθρώποις
3381 2120 3718 2191 προύξένησε

2152 2219 2511 2289 δικαιοσύνην,
2534 2216 2711 2288 ἔργοις
2726 2213 3010 2277 ἐπιδείξας,
3027 2213 3106 2265 ὅτι
3130 2231 3147 2261 ι
3171 2211 3242 2282 μὴ
3261 2211 3416 2281 μόνον
3449 2212 3716 2264 Ἰουδαίων

2154 2311 2297 2364 ἐστὶν
2329 2310 2357 2362 6
2391 2309 2540 2374 Θεὸς,
2564 2307 2695 2362 ἀλλά
2726 2307 2820 2361 καὶ¹
2849 2306 3034 2359 ἐθνῶν.
3063 2323 3081 2356 ι
3120 2303 3377 2372 Ἐπείπερ
3407 2297 3486 2366 εἷς
3508 2303 3536 2354 6
3561 2302 3715 2366 Θεὸς,

2151 2403 2209 2467 ὃς
2243 2402 2514 2456 δικαιώσει
2541 2399 2838 2472 περιτομὴν
2869 2400 2932 2450 ἐκ
2956 2398 3206 2460 πίστεως,
3229 2396 3322 2448 καὶ
3355 2394 3712 2466 ἀκροϐυστίαν

2151 2492 2238 2545 διὰ
2268 2492 2366 2561 τῆς
2418 2492 2667 2553 πίστεως.
2701 2489 2888 2541 »Ὅθεν
2921 2489 3044 2550 τοὺς
3092 2486 3234 2556 ἀμφὶ
3276 2483 3368 2539 τὸν
3417 2485 3711 2555 Κορνήλιον

2149 2583 2243 2636 τοῦ
2302 2583 2452 2652 ἁγίου
2505 2581 2819 2651 Πνεύματος
2871 2578 3198 2650 ἠξιωμένους
3246 2576 3639 2646 ἀποθαυμάσας
3687 2579 3716 2627 6

2152 2675 2371 2746 Πέτρος,
2412 2694 2430 2725 ‹
2454 2675 2566 2726 Ἐπ’
2594 2673 2866 2744 ἀληθείας,
2901 2691 2918 2722 ι
2954 2673 3134 2743 φησὶν,
3164 2692 3180 2722 ι
3208 2665 3343 2733 οῖδα,
3366 2670 3448 2722 δτι
3473 2669 3574 2721 οῦκ
3599 2669 3714 2720 ἐστι

2152 2764 2616 2839 προσωπολήπτης
2640 2766 2667 2816 6
2704 2763 2853 2826 Θεὸς,
2888 2762 3000 2815 ἀλλ’
3035 2763 3091 2815 ὲν
3119 2761 3277 2815 παντὶ
3303 2761 3442 2812 ἔθνει
3463 2763 3491 2812 6
3519 2759 3713 2828 φοϐού-

2155 2875 2310 2928 μενος
2357 2857 2536 2919 αὐτὸν,
2566 2855 2925 2926 ἐργαζόμενος
2961 2853 3322 2924 δικαιοσύνην,
3351 2853 3538 2916 δεκτὸς
3571 2854 3714 2922 αὐτῷ

2149 2952 2284 3003 ἐστι.
2316 2968 2332 2999 ι
2363 2948 2470 3001 Καὶ
2514 2950 2542 3000 6
2582 2946 2790 3007 Παῦλος
2817 2947 2872 2998 δὲ
2906 2946 2962 2999 τὸ
3005 2946 3326 3014 Εύαγγέλιον
3369 2945 3712 3016 δικαιοσύνης

2151 3039 2286 3098 εἷναί
2326 3059 2476 3113 φησι,
2507 3040 2675 3110 λέγων
2695 3057 2707 3069 ο
2734 3059 2751 3090 ι
2778 3038 3012 3110 Δύναμις
3036 3037 3144 3110 γὰρ
3165 3037 3297 3090 Θεοῦ
3327 3038 3472 3090 ἐστιν
3501 3039 3583 3100 εἱς
3614 3054 3713 3089 σω-

2149 3134 2342 3205 τηρίαν
2381 3132 2542 3186 παντὶ
2573 3131 2649 3201 τῷ
2681 3129 3004 3192 πιστεύοντι,
3023 3129 3252 3199 Ἰουδαίῳ
3283 3146 3340 3181 τε
3374 3127 3592 3200 πρῶτον
3622 3129 3714 3180 καὶ

2152 3225 2368 3296 Ἕλληνι
2387 3242 2400 3256 ·
2434 3223 2740 3293 δικαιοσύνη
2769 3221 2876 3293 γὰρ
2914 3221 3046 3274 Θεοῦ
3077 3223 3134 3273 ἐν
3165 3219 3311 3290 αὐτῷ
3336 3219 3714 3274 ἀτωκαλύπτε-

2150 3335 2256 3370 ται.
2291 3336 2309 3368 ι
2344 3316 2453 3369 Καὶ
2480 3317 2538 3368 ἐν
2574 3313 2819 3384 Ψαλμοῖς
2846 3313 2901 3366 δὲ
2932 3312 3143 3384 εἴρηται
3171 3312 3296 3383 περὶ
3320 3311 3413 3364 τοῦ
3449 3311 3709 3383 Χριστοῦυ

2156 3429 2172 3460 ι
2196 3408 2463 3463 ’Λνατελεῖ
2504 3409 2561 3460 ἐν
2603 3409 2720 3470 ταῖς
2765 3405 2996 3477 ἡμέραις
3041 3403 3203 3458 αὑτοῦ
3236 3403 3574 3473 δικαιοσύνη,
3621 3404 3716 3456 καὶ

2151 3501 2349 3572 πλῆθος
2378 3501 2615 3572 εἰρήνης.
2647 3519 2665 3551 ι
2700 3499 2807 3551 Καὶ
2831 3499 2891 3550 τὸ
2918 3497 3076 3568 ἔργον
3104 3497 3160 3550 δὲ
3198 3495 3360 3550 αὑτοῦ
3394 3497 3469 3560 ὼς
3496 3495 3716 3568 ἀληθῶς

2149 3593 2282 3648 Θεοῦ
2305 3592 2646 3661 δικαιοσύνην
2673 3589 2983 3654 ἐνεδείξατο,
3007 3589 3066 3641 τὸ
3089 3590 3195 3642 πᾶν
3223 3587 3376 3657 γένος
3404 3586 3713 3657 ἀνθρώπων

2151 3686 2209 3751 ἐξ
2242 3687 2354 3739 ίσου
2397 3684 2494 3754 τῆς
2535 3682 2682 3755 παρά
2711 3680 2788 3752 τῷ
2815 3679 2935 3751 Θεῷ
2966 3679 3394 3743 καταξιώσαντος
3439 3677 3707 3749 κλήσεως.

2164 3776 2318 3830 Ἀλλά
2343 3777 2400 3829 ού
2427 3775 2646 3828 τοιαῦτα
2670 3770 2736 3845 ἦν
2758 3773 2826 3826 τά
2850 3771 2937 3825 διά
2969 3771 3230 3835 Μωσέως,
3262 3771 3341 3823 ἐνί
3377 3770 3433 3822 δὲ
3459 3771 3610 3840 μόνῳ
3641 3769 3714 3839 τῷ

2163 3867 2423 3921 Ἰουδαίων
2465 3865 2604 3918 ἔθνει
2647 3863 3017 3934 δεδωρημέναο
3061 3861 3139 3914 διὸ
3186 3862 3275 3913 καὶ
3323 3860 3457 3930 πρὸς
3523 3860 3713 3930 καιρὸν

2152 3960 2382 4028 φανέντα
2429 3956 2812 4028 παρελήλυθεν.
2831 3956 2894 4008 ’Π
2936 3954 2992 4007 δὲ
3034 3953 3120 4007 διὰ
3149 3952 3240 4005 τοῦ
3275 3951 3524 4022 Σωτῆρος
3557 3954 3591 4022 ἡ
3601 3951 3714 4021 μῶν

2152 4047 2557 4120 κατηγγελμένη
2601 4045 2931 4116 δικαιοσύνη,
2971 4045 3292 4115 διαμένουσα
3339 4046 3416 4106 εἱς
3448 4044 3508 4095 τὸ
3541 4045 3716 4114 διηνε-

2150 4141 2260 4202 κὲς,
2292 4139 2514 4202 εἰκότως
2541 4137 2754 4200 αἰώνιος
2782 4137 3213 4208 προσηγόρευται
3244 4134 3581 4206 δικαιοσύνη,
3617 4153 3711 4188 κα-

2148 4230 2215 4283 τὰ
2246 4229 2337 4283 τὸν
2363 4227 2596 4300 Γαϐριὴλ
2635 4229 2898 4299 φήσαντα”
2935 4246 2953 4277 ι
2982 4227 3091 4279 Καὶ
3121 4226 3213 4280 τοῦ
3241 4227 3467 4294 ἀγαγεῖν
3509 4226 3712 4279 δικαιο-

2151 4320 2313 4392 σύνην
2342 4318 2571 4373 αίώνιον·
2607 4339 2625 4372 ›
2650 4320 2770 4372 ἀντὶ
2794 4319 2871 4382 δὲ,
2903 4338 2920 4370 ι
2947 4319 3055 4372 Καὶ
3081 4318 3174 4370 τοῦ
3200 4321 3496 4386 σφραγῖσαι
3525 4318 3713 4390 ὅρασιν

2151 4413 2242 4466 καὶ
2269 4413 2566 4484 προφήτην,
2600 4431 2618 4463 ι
2648 4410 2974 4483 κυριώτερόν
3024 4428 3111 4481 μοι
3137 4409 3280 4462 δοκεῖ
3306 4411 3662 4479 πεποιηκέναι
3687 4413 3714 4462 6

2159 4504 2402 4567 Ἀκύλας,
2441 4502 2624 4556 εἰπών·
2668 4522 2685 4552 ι
2715 4503 2823 4556 Kal.
2859 4502 2950 4554 τοῦ
2977 4501 3185 4554 τελέσαι
3215 4501 3592 4572 ὀραματισμὸν
3625 4499 3716 4552 καὶ

2150 4595 2452 4665 προφήτην.
2486 4613 2504 4644 ι
2537 4592 2611 4645 Ού
2639 4591 2746 4663 γὰρ
2766 4591 3102 4654 ἀποκλεῖσαι,
3134 4591 3226 4644 καὶ
3259 4589 3446 4661 ὥσπερ
3479 4591 3712 4661 σφραγί-

2152 4704 2237 4740 σαι
2287 4687 2384 4749 τὰς
2427 4685 2767 4757 προφητικὲκ
2796 4685 3014 4756 ὁράσεις
3048 4683 3437 4753 ἐπιδεδήμηκεν
3463 4685 3492 4735 6
3526 4683 3714 4755 Σωτὴρ

2151 4781 2246 4832 καὶ
2271 4777 2472 4850 Κύριος
2499 4777 2675 4848 ἡμῶν,
2700 4778 2757 4840 ὃς
2785 4794 2848 4845 γε
2874 4778 2967 4830 καὶ
2997 4776 3160 4829 πάλαι
3183 4775 3342 4838 οὔσας
3364 4777 3593 4844 ἀσαφεῖς
3619 4775 3712 4828 καὶ

2153 4869 2693 4939 κατεσφραγισμένας
2721 4909 2735 4932 ,
2793 4867 2978 4937 ὥσπερ
3036 4867 3382 4936 ἐπικειμένας
3448 4866 3708 4937 περιελὼν

2151 4962 2466 5033 σφραγῖδας,
2506 4959 2704 5031 ἀνέῳξε
2755 4977 2812 5013 τε
2860 4964 2952 5014 καὶ
3001 4960 3304 5030 ἀνήπλωσε,
3358 4961 3469 5022 τοῖς
3520 4958 3707 5011 ἐαυτοῦ

2152 5051 2414 5122 μαθηταῖς
2438 5051 2526 5103 τὸν
2548 5051 2670 5104 νοῦν
2693 5050 2799 5104 τῶν
2826 5051 2984 5103 θείων
3005 5050 3324 5122 παραδιδοὺς
3345 5050 3704 5120 γραμμάτων.

2152 5145 2336 5210 Ὅθεν,
2372 5165 2390 5196 ι
2414 5145 2566 5208 Ἰδοὺ,
2595 5165 2612 5193 ι
2651 5146 2832 5214 φησὶν,
2856 5164 2873 5195 ι
2905 5145 3150 5214 ἐνίκησεν
3176 5146 3203 5196 6
3231 5143 3365 5196 λέων
3393 5143 3422 5195 6
3449 5146 3512 5196 ἐκ
3541 5141 3710 5211 φυλῆς

2161 5236 2348 5289 Ἰούδα’
2376 5255 2394 5288 ι
2429 5237 2522 5289 καὶ
2561 5237 2719 5299 αὐτὸς
2740 5235 2912 5306 ἤνοιξε
2934 5236 3031 5298 τὰς
3063 5235 3357 5307 σφραγῖδας
3387 5234 3485 5297 τάς
3509 5236 3710 5286 ἐπικει-

2157 5329 2316 5398 μένας
2344 5329 2420 5398 τῷ
2449 5327 2656 5398 βιϐλίῳ,
2707 5328 2842 5381 κατά
2867 5329 2966 5400 τὴν
3024 5325 3378 5394 Ἀποκάλυψιν
3441 5324 3702 5378 Ἰωάνντυ.

2155 5421 2317 5485 Ποίας
2346 5421 2402 5474 δὲ
2432 5421 2726 5492 σφραγῖδας
2766 5422 2799 5492 ἢ
2829 5420 2935 5474 τῶν
2969 5419 3255 5492 προφητῶν
3285 5419 3382 5481 τάς
3407 5413 3706 5481 ἀσαφείας;

3492 5620 3536 5650 ⁷³
3575 5617 3702 5672 Act.

2209 5626 2253 5658 "
2295 5625 2470 5680 lCor.
2505 5641 2558 5687 ι,
2593 5624 2680 5679 50.
2785 5625 2825 5654 τί
2869 5621 3022 5676 Rom.
3064 5639 3157 5686 tn,
3191 5621 3277 5684 *29,
3301 5621 3387 5674 '60.
