3922 6200
323 194 424 250 605

1170 198 1824 260 DEMONSTRATIONIS
1865 207 2322 266 EVANGELICE
2364 212 2490 270 LIB.
2533 213 2666 270 Vlll.

3436 226 3540 282 606

317 312 381 376 ἃς
407 306 468 364 εὖ
493 310 635 382 μάλα
667 311 1021 383 ἐπιστάμενος
1051 313 1291 384 ἀκριϐῶς
1323 316 1415 368 καὶ
1447 317 1474 368 6
1509 316 1735 382 Ἡσαΐας
1776 318 1889 372 ἐλε-

1988 324 2152 380 daicae
2175 327 2316 394 genti
2348 325 2546 381 donata
2577 345 2591 380 :
2621 328 2875 398 quocirca
2907 330 2973 382 ad
3022 338 3231 402 tempus
3276 335 3537 393 duntaxat

316 421 414 472 γε·
446 421 465 454 ι
495 404 602 456 Καὶ
629 402 842 456 ἔσονται
873 406 921 456 οἱ
966 403 1111 473 λόγοι
1142 400 1284 459 οὗτοι
1308 406 1383 470 ὡς
1415 409 1462 459 oi
1486 407 1630 476 λόγοι
1673 413 1767 462 τοῦ
1797 413 1879 480 βι-

318 494 464 548 ϐλίου
499 493 590 547 τοῦ
621 494 1076 566 ἐσφραγισμένου.
1109 514 1128 548 ι
1163 497 1276 550 Ούκ
1303 496 1410 568 ἄρα
1438 498 1530 551 τοῦ
1563 501 1882 555 ἀποκλεῖσαι

317 588 505 657 ὅρασιν
534 586 627 638 καὶ
657 587 939 658 προφήτην
971 587 1226 658 ἐλήλυθεν
1259 590 1287 641 6
1321 590 1553 660 Χριστὸς
1589 591 1681 644 τοῦ
1724 591 1880 657 Θεοῦ,

322 677 522 749 μᾶλλον
556 677 612 731 δὲ
637 680 990 742 ἀναπετάσαι,
1025 680 1118 732 καὶ
1167 681 1246 743 είς
1299 680 1414 750 φῶς
1468 684 1883 751 ἀγαγεῖν.“Οθεν

1983 414 2198 485 prodita
2229 419 2623 486 praeterierunt.
2646 417 2715 471 At
2743 419 2884 472 enim
2918 436 3035 488 qua:
3068 438 3163 492 per
3206 424 3535 482 Salvatoreui

1985 516 2231 562 nostrum
2253 508 2462 578 justitia
2491 509 2822 566 denuntiata.
2841 521 2945 577 est,
2983 515 3035 567 in
3073 524 3388 584 perpetuum
3417 535 3542 589 per-

1983 612 2231 666 manens,
2293 600 2485 654 merito
2541 611 2744 656 aeterna
2806 603 3016 671 justitia
3071 617 3379 678 nuncupata
3431 618 3537 675 est,

1982 688 2430 756 quemadmodum
2484 689 2620 744 dixit
2674 691 2934 748 Gabriel:
2972 714 2990 744 ι
3027 695 3090 750 Ει
3137 706 3194 749 ut
3239 699 3540 754 adducatur

317 765 464 818 δοκεῖ
495 783 582 837 μοι
615 765 942 838 κυριώτερον
973 770 1015 821 δ
1033 767 1260 832 Ἀκύλας
1277 769 1462 838 φάναι·
1491 791 1508 823 ι
1535 771 1642 825 Τοῦ
1669 774 1883 827 τελέσαι

1988 780 2187 849 iustitia
2211 785 2538 852 sempiterna
2572 802 2584 838 :
2637 803 2657 836 ι
2693 799 2790 854 pro
2818 801 2884 840 eo
2908 795 3086 841 autem
3119 789 3259 857 quod
3294 797 3399 851 est,
3427 809 3444 841 ι
3475 791 3539 844 Et

318 858 692 930 ὀραματισμδν
745 860 838 913 καὶ
883 861 1192 931 προφήτην⁸
1237 882 1256 912 ›
1307 862 1336 916 ὃ
1380 864 1474 917 καὶ
1521 865 1734 934 συνᾴδει
1781 865 1880 936 τῷ,

325 968 345 1001 ι
377 950 491 1003 Οὐκ
521 945 686 1020 ἦλθον
730 951 1026 1004 καταλῦσαι
1053 953 1143 1006 τὸν
1171 953 1331 1024 νόμον
1364 955 1396 1027 ἢ
1429 957 1552 1021 τοὺς
1578 959 1880 1028 προφήτας,

321 1041 458 1094 ἀλλὰ
488 1041 787 1112 πληρῶσαι,
815 1061 833 1094 ι
861 1043 995 1114 πρὸς
1017 1043 1180 1097 αὐτοῦ
1202 1044 1293 1098 τοῦ
1318 1047 1566 1119 Σωτῆρος
1592 1050 1880 1120 εἰρημένῳ.

320 1133 485 1195 Τέλος
516 1133 622 1205 γὰρ
654 1133 817 1204 νόμου
845 1135 1098 1206 Χριστὸς,
1123 1137 1216 1188 καὶ
1244 1138 1413 1190 πᾶσαί
1440 1156 1504 1207 γε
1537 1142 1592 1193 αί
1625 1142 1752 1211 περὶ
1783 1141 1882 1194 αύ-

317 1224 412 1278 τοῦ
457 1228 780 1296 προφητεῖαι
824 1226 1130 1298 ἀπλήρωτοι
1176 1229 1268 1281 καὶ
1295 1229 1501 1294 ἀτελεῖς
1532 1231 1738 1302 έμενον,
1773 1235 1888 1286 εἰσ-

316 1319 396 1374 ότ’
425 1319 585 1381 αὐτὸς
610 1317 834 1382 ἐπιστὰς
857 1319 1186 1374 ἐπιτέθεικεν
1228 1321 1397 1375 ἅπασι
1439 1323 1591 1387 τέλος
1614 1326 1726 1388 τοῖς
1756 1327 1884 1396 περὶ

318 1412 483 1465 αὑτοῦ
512 1410 1150 1482 προαναπεφωνημένοις.
1177 1412 1400 1467 Δύναται
1425 1413 1479 1467 δέ
1503 1415 1596 1469 καὶ
1622 1415 1762 1468 κατὰ
1785 1417 1882 1488 τὴν

317 1504 430 1557 τῶν
458 1502 850 1573 Ἑϐδομήκοντα
870 1503 1182 1573 ἑρμηνείαν,
1203 1504 1454 1577 τοιαύτην
1480 1505 1623 1578 ἔχειν
1647 1507 1882 1561 διάνοιαν

317 1597 403 1660 τὸ,
439 1615 456 1646 ι
483 1594 575 1647 τοῦ
617 1597 908 1666 σφραγῖσαι
945 1595 1132 1665 ὅρασιν
1167 1597 1259 1649 καὶ
1293 1599 1604 1669 προφήτηνο
1637 1618 1654 1650 ›
1690 1599 1810 1652 ἐπεὶ
1854 1601 1882 1652 6

1987 874 2142 942 quasi
2171 873 2327 944 signo
2359 877 2626 945 impresso
2652 876 2940 931 claudatur
2965 878 3102 932 visio
3131 885 3184 932 et
3211 880 3491 949 prOpheta,
3513 901 3534 933 ι

1987 969 2162 1036 magis
2186 966 2466 1036 aliquanto
2497 965 2712 1036 proprie
2744 968 2876 1022 mihi
2905 968 3119 1023 videtur
3138 969 3329 1040 Aquila
3360 971 3541 1026 reddi-

1987 1057 2134 1112 disse
2165 1076 2177 1111 :
2215 1076 2232 1108 ι
2272 1058 2338 1112 Et
2367 1059 2434 1112 ad
2471 1061 2960 1115 consummandum
2985 1061 3211 1116 visionis
3244 1080 3441 1118 munus
3485 1071 3540 1117 et

1988 1148 2324 1218 prOplietam.
2364 1169 2382 1200 ι
2432 1148 2547 1203 Non
2590 1151 2732 1204 enim
2775 1163 2832 1205 ut
2871 1151 3144 1206 clauderet
3167 1161 3219 1207 et
3251 1155 3406 1223 quasi
3441 1169 3538 1208 an-

1985 1240 2113 1293 nulo
2174 1239 2411 1309 signaret
2469 1241 2814 1310 pr0pheticas
2866 1244 3125 1309 visiones,
3176 1243 3424 1298 Salvator
3477 1260 3540 1300 ac

1984 1323 2244 1382 Dominus
2278 1338 2462 1382 noster
2517 1329 2756 1393 advenit,
2787 1331 2878 1400 qui
2924 1333 3084 1386 etiam
3123 1333 3263 1395 illas,
3295 1349 3413 1402 qua:
3444 1349 3542 1387 an-

1984 1432 2068 1476 tea
2095 1422 2343 1477 obscurae
2369 1431 2422 1477 et
2452 1424 2607 1493 quasi
2653 1425 2807 1495 signo
2843 1425 3109 1495 impresso
3138 1428 3336 1481 clausa:
3364 1437 3538 1492 erant,

1953 1519 2037 1572 ,ει
2070 1513 2279 1582 aperuit
2328 1524 2382 1567 et
2428 1515 2589 1570 latius
2651 1517 2957 1586 explicavit,
2984 1532 3090 1586 quo
3145 1524 3382 1586 tempore
3428 1521 3543 1574 suis

1986 1603 2270 1673 discipulis
2302 1619 2521 1658 sensum
2573 1606 2880 1659 divinarum
2929 1607 3332 1676 Scripturarum
3378 1623 3544 1678 expo-

316 1689 483 1759 νόμος
525 1688 616 1741 καὶ
657 1691 705 1740 oi
751 1689 1025 1760 προφῆται
1058 1692 1250 1762 μέχρις
1294 1692 1533 1746 Ἰωάννου
1565 1691 1878 1763 διήρκεσαν,

1988 1698 2110 1752 suit.
2139 1695 2217 1751 Ex
2247 1713 2373 1767 quo,
2403 1716 2421 1748 ι
2452 1696 2610 1763 Ecce,
2640 1699 2834 1770 inquit,
2862 1699 2990 1753 vicit
3025 1699 3107 1753 leo
3159 1699 3224 1754 de
3266 1700 3405 1754 tribu
3446 1697 3542 1753 Ju-

319 1781 380 1845 ἐξ
423 1779 632 1833 ἐκείνου
664 1797 723 1833 τε
751 1780 1146 1838 διαλελοίπασιν
1183 1784 1230 1836 οἱ
1259 1782 1424 1836 πάλαι
1453 1783 1600 1856 παρὰ
1642 1783 1720 1854 τῷ
1760 1785 1887 1838 Ἰου-

317 1872 482 1926 δαίων
510 1871 649 1925 ἐθνει
685 1874 1302 1946 πνευματοφορούμενοι,
1341 1875 1434 1928 καὶ⁸
1463 1875 1561 1938 τὰς
1591 1876 1718 1949 περὶ
1750 1877 1883 1946 Χρι-

318 1964 448 2017 στοῦ
479 1966 806 2036 προρρήσεις
831 1966 1311 2038 ἁνακηρύττοντες,
1347 1967 1558 2030 καὶτὰς
1587 1967 1644 2020 ἐν
1670 1971 1779 2030 τοῖς
1815 1969 1887 2020 ia-

318 2059 434 2128 ροῖς
473 2055 648 2124 λόγοις
689 2056 905 2126 ὁράσεις
938 2057 1104 2126 ὑγιῶς
1131 2057 1534 2122 ἐποπτεύοντες,
1563 2060 1612 2112 οἳ
1645 2061 1742 2113 καὶ
1790 2059 1884 2113 ἆτε

316 2145 766 2216 ἀποκλεισθείσης
794 2145 965 2216 αὐτῆς
994 2147 1091 2218 τῆς
1133 2147 1280 2210 θείας
1313 2148 1548 2219 χάριτος,
1583 2148 1678 2202 καὶ
1713 2165 1885 2220 σφρα-

317 2242 466 2307 γῖσιν
512 2237 696 2309 ῶσπερ
741 2239 1142 2310 καταδεθείσης,
1180 2238 1454 2305 ἐξέλιπον·
1489 2238 1568 2292 διὸ
1604 2239 1886 2310 συμϐαίνει

320 2330 382 2396 ἐξ
412 2330 614 2382 ἐκείνου
647 2331 839 2401 μηκέτι
886 2332 1166 2403 προφήτην
1210 2331 1470 2402 ἐνεργεῖν,
1508 2330 1640 2402 μηδὲ
1679 2331 1887 2402 ὁρῶντα

317 2423 677 2493 χρηματίζειν
704 2425 761 2476 ἐν
792 2423 996 2486 αὐτοῖς,
1027 2422 1134 2476 ἀπὸ
1160 2420 1266 2474 τῶν
1297 2405 1636 2493 δηλουμένων
1684 2422 1885 2492 χρόνων

316 2517 416 2569 καὶ
448 2516 526 2578 είς
570 2515 714 2586 ἡμᾶς
763 2514 965 2569 τούτων
1010 2514 1263 2568 ἁπάντων
1295 2513 1723 2566 διαλελοιπότων.
1753 2513 1888 2565 Τού-

314 2623 432 2669 τοις
463 2606 726 2676 ἐπιφέρει·
767 2623 785 2656 ι
818 2607 928 2660 Kal.
955 2609 1134 2678 χρῖσαι
1168 2605 1318 2676 ἅγιον
1349 2605 1569 2674 ἁγίων.)
1594 2605 1704 2658 Καὶ
1731 2604 1887 2660 τοῦτο

315 2697 375 2750 δὲ
398 2697 619 2750 αὐτόθεν
640 2695 921 2768 πρόδηλον,
937 2695 1010 2759 ὡς
1033 2696 1190 2767 μέχρι
1211 2696 1316 2750 τῶν
1337 2695 1431 2749 τοῦ
1457 2694 1707 2766 Σωτῆρος
1725 2695 1884 2766 ἡμῶν

313 2790 523 2862 χρόνων
546 2789 687 2857 ἅγιοι
703 2787 870 2856 ἁγίων
881 2788 930 2840 οἱ
954 2789 1081 2859 παρ’
1098 2787 1363 2858 Ἑϐραίοις
1389 2788 1662 2859 ἀρχιερεῖς
1682 2787 1888 2859 ἐχρίον-

313 2899 399 2944 το,
429 2879 571 2935 κατὰ
604 2881 702 2952 τὴν
734 2880 873 2932 κατὰ
905 2879 995 2932 τὸν
1038 2879 1130 2933 τοῦ
1167 2879 1406 2942 Μωσέως
1429 2877 1588 2950 νόμον
1618 2877 1887 2931 ἐπιτελου-

319 2973 490 3046 μένην
519 2971 822 3042 άγιστείαν·
861 2969 919 3038 ἐξ
945 2970 1154 3027 ἐκείνου
1179 2970 1236 3023 δὲ
1265 2970 1358 3022 καὶ
1383 2961 1527 3022 οὗτοι
1553 2967 1886 3022 διαλελοίπα-

319 3080 374 3116 σι
401 3061 749 3134 καταλλήλως
775 3065 844 3133 τῇ
875 3060 1194 3132 προφητείᾳ.
1211 3061 1276 3113 Ἠ
1311 3061 1406 3130 μὲν
1435 3055 1526 3113 οῦν
1563 3059 1654 3113 τοῦ
1699 3058 1888 3113 Ἰακὼὸ

321 3151 459 3224 7:ng
481 3153 571 3205 τὸν
615 3151 814 3204 Ἰούδαν
849 3149 1196 3221 ἀναφώνησις
1226 3151 1540 3221 ἡγουμένων
1575 3150 1668 3202 καὶ
1697 3150 1889 3220 ἀρχόν-

319 3259 430 3297 των
478 3242 571 3296 τοῦ
609 3242 871 3296 Ἰουδαίων
916 3241 1098 3304 ἔθνους
1151 3239 1388 3309 ἔκλειψιν
1420 3240 1626 3310 ἐδήλου,
1653 3239 1792 3294 κατὰ
1820 3239 1888 3293 τὰ

322 3337 760 3408 προτεταγμένα·
822 3333 1006 3406 ἐπειδὴ
1050 3333 1108 3387 δέ
1165 3332 1234 3387 τά
1281 3334 1381 3404 τῆς
1424 3334 1754 3405 προστασίας
1794 3332 1888 3386 τοῦ

319 3429 451 3483 λαοῦ
478 3428 766 3500 προφητῶν
806 3429 899 3482 καὶ
928 3427 1111 3500 ἱερέων
1157 3425 1322 3480 πάλαι
1367 3425 1629 3496 πρότερον
1665 3426 1886 3496 ῆρτητο,

321 3519 627 3583 ἀκολούθως
661 3518 1026 3590 προθεσπίσας
1053 3519 1080 3571 6
1108 3516 1264 3585 λόγος
1294 3517 1380 3572 διὰ
1407 3517 1508 3587 τῆς
1550 3533 1890 3590 προπαρατε.

323 3612 510 3682 θείσης
544 3607 876 3682 προφητείας
900 3609 998 3679 τὴν
1018 3606 1124 3659 τῶν
1154 3606 1426 3677 ἀρχόντων
1455 3606 1549 3659 καὶ
1575 3606 1890 3677 ἡγουμένων

319 3703 416 3757 τοῦ
460 3701 723 3756 Ἰουδαίων
761 3699 945 3762 ἔθνους
977 3697 1294 3769 καθαίρεσιν
1325 3697 1416 3749 ἐπὶ
1439 3699 1503 3768 τῇ
1531 3695 1624 3748 τοῦ
1655 3695 1889 3768 Χριστοῦ

323 3794 616 3866 παρουσίᾳ,
644 3791 731 3846 διὰ
773 3791 872 3860 τῆς
921 3790 1054 3862 μετὰ
1093 3792 1279 3859 χεῖρας
1308 3787 1635 3859 προφητείας
1661 3787 1759 3858 τὴν
1786 3787 1892 3839 τῶν

323 3884 619 3959 προφητῶν
667 3885 760 3938 καὶ
796 3883 902 3936 τῶν
955 3880 1139 3954 ἱερέων
1173 3880 1278 3934 τῶν
1333 3882 1461 3951 παρ’
1490 3880 1671 3943 αὐτοῖς
1727 3880 1892 3934 πάλαι

321 3978 728 4051 διαπρεπόντων
758 3974 992 4046 ἔκλειψιν
1026 3975 1323 4044 ἁναφωνεῖ,
1353 3972 1429 4035 ὼς
1456 3971 1773 4025 καὶτούτων
1802 3972 1893 4025 ἐπὶ

321 4077 390 4144 τῇ
424 4071 516 4125 τοῦ
544 4069 778 4142 Χριστοῦ
829 4067 1114 4138 ἐπιφανείᾳ
1159 4065 1560 4135 διαλειψόντων·
1591 4064 1619 4118 6
1645 4066 1738 4119 καὶ
1766 4065 1894 4118 αὐτὸ

321 4169 439 4228 τοῖς
470 4163 648 4236 ἔργοις
683 4165 714 4234 ή
748 4161 1013 4233 παρουσία
1057 4160 1150 4214 τοῦ
1192 4161 1442 4231 Σωτῆρος
1476 4157 1632 4230 ήμῶν
1663 4157 1893 4210 ἐπιστώ-

327 4256 646 4314 σατο.⁹Επεὶ
686 4255 741 4308 δὲ
789 4255 817 4306 6
858 4253 1105 4316 Ἀκύλας,
1141 4272 1158 4304 ι
1187 4251 1280 4305 τοῦ
1322 4251 1535 4320 ἀλεῖψαι
1567 4250 1894 4321 ἡγιασμένον

1987 1787 2056 1842 da
2077 1789 2122 1820 ⁷⁵
2161 1807 2174 1842 :
2211 1807 2229 1840 ι
2275 1796 2326 1843 et
2357 1789 2472 1858 ipse
2520 1791 2730 1860 aperuit
2780 1791 2952 1860 sigilla
3002 1790 3140 1844 libro
3185 1791 3451 1860 apposita,
3485 1801 3544 1844 ut

1987 1880 2128 1952 apud
2175 1879 2434 1935 Joannem
2495 1881 2721 1950 legimus
2776 1881 2830 1935 in
2884 1881 3224 1953 Apocalypsi.
3280 1883 3544 1938 Cancrum

1985 1988 2106 2042 qua:
2147 1973 2364 2027 tandem
2405 1973 2602 2042 sigilla,
2644 1973 2748 2028 nisi
2806 1973 3189 2043 prophetarum
3244 1974 3544 2029 obscurita-

1986 2065 2104 2120 tes?
2157 2081 2293 2134 quas
2339 2079 2462 2118 cum
2513 2065 2670 2133 plane
2719 2064 2856 2118 bene
2913 2075 3070 2120 notas
3123 2064 3344 2120 haberet
3382 2067 3541 2121 etiam

1985 2156 2177 2221 Isaias,
2208 2155 2382 2210 dixit:
2427 2173 2444 2206 ι
2481 2155 2546 2208 Et
2570 2165 2731 2209 erunt
2753 2156 2918 2210 verba
2958 2155 3072 2212 haec
3098 2162 3350 2225 tanquam
3379 2159 3544 2212 verba

1987 2245 2108 2300 libri
2160 2245 2356 2315 signati
2380 2245 2426 2276 ⁷⁸
2458 2263 2471 2298 :
2506 2263 2524 2296 ι
2566 2261 2670 2298 non
2697 2260 2830 2316 ergo
2859 2253 2918 2298 ut
2962 2245 3238 2300 clauderet
3282 2245 3542 2300 visionem

1987 2343 2039 2392 et
2086 2337 2406 2406 prephelam
2441 2335 2586 2390 venit
2627 2334 2884 2389 Christus
2932 2333 3047 2397 Dei,
3081 2333 3172 2387 sed
3207 2341 3264 2386 ut
3312 2333 3546 2403 aperiret

1986 2428 2169 2496 potius
2215 2435 2268 2481 et
2325 2425 2378 2479 in
2429 2425 2602 2479 lucem
2660 2427 2947 2495 proferret.
2992 2425 3170 2490 Quare
3210 2426 3380 2494 magis
3413 2425 3544 2478 mihi

1988 2517 2205 2587 proprie
2230 2517 2442 2572 videtur
2467 2516 2658 2586 Aquila
2692 2517 2894 2572 dixisse
2925 2535 2938 2570 :
2980 2534 2998 2565 ι
3033 2517 3113 2570 Ad
3163 2531 3546 2570 consumman—

1987 2611 2115 2664 dum
2165 2609 2396 2665 visionis
2433 2623 2632 2661 munus
2685 2614 2739 2660 et
2795 2606 3133 2676 prophetam,
3167 2625 3186 2656 ι
3221 2605 3366 2675 quod
3417 2621 3547 2660 sane

1986 2719 2110 2758 cum
2150 2703 2244 2756 illo
2271 2700 2564 2756 concordat
2598 2720 2610 2753 :
2650 2717 2667 2749 ι
2716 2697 2831 2752 Non
2866 2699 2986 2752 veni
3025 2699 3233 2753 solvere
3262 2697 3429 2767 legem
3455 2705 3548 2750 aut

1986 2793 2299 2863 prophetas,
2336 2790 2430 2845 sed
2469 2789 2743 2858 complere
2771 2789 2818 2818 ⁷⁷
2859 2828 2873 2852 ,
2916 2807 2935 2838 ι
2971 2785 3114 2856 quod
3147 2801 3176 2838 a
3204 2793 3392 2839 nostro
3426 2783 3546 2838 Sal-

1987 2893 2172 2939 vatore
2206 2883 2408 2938 dictum
2455 2881 2824 2950 agnoscimus.
2871 2879 3032 2948 387
3064 2875 3212 2932 Finis
3241 2877 3386 2931 enim
3414 2875 3547 2945 legis

1989 2977 2261 3038 Christus,
2285 2983 2338 3030 et
2363 2990 2554 3029 omnes
2589 2973 2658 3027 de
2688 2973 2780 3026 illo
2826 2970 3120 3042 pmphetia:
3153 2969 3343 3024 inanes
3387 2977 3548 3037 atque

1990 3066 2319 3138 imperfecta:
2350 3071 2688 3130 manserunt,
2719 3064 2890 3118 donec
2945 3062 3032 3115 ille
3085 3061 3323 3130 seipsum
3364 3067 3550 3115 osten-

1988 3159 2143 3224 dens,
2176 3157 2428 3210 omnibus
2455 3170 2576 3225 quae
2623 3153 2690 3207 de
2733 3153 2851 3222 ipso
2897 3167 2926 3206 a
2978 3151 3255 3222 prophetis
3295 3148 3547 3218 praedicta

1991 3247 2225 3312 fuerant,
2263 3245 2422 3299 ﬁnem
2459 3244 2737 3314 imposuit.
2774 3241 2960 3297 Potest
2983 3242 3144 3296 etiam
3180 3255 3244 3294 ex
3287 3241 3550 3308 interpre-

1989 3340 2197 3394 tatione
2251 3337 2605 3408 Septuaginta
2649 3335 2812 3390 talem
2868 3335 3069 3389 habere
3114 3347 3368 3398 sensum,
3413 3331 3547 3385 illud

1991 3431 2132 3502 quod
2161 3432 2365 3485 dictum
2409 3437 2492 3485 est
2521 3447 2533 3484 :
2569 3447 2584 3479 ι
2633 3427 2704 3483 Ut
2731 3427 2887 3497 quasi
2915 3427 3069 3496 signo
3100 3426 3366 3495 impresso
3398 3423 3550 3477 clau-

1989 3525 2149 3580 datur
2192 3522 2332 3578 visio
2363 3531 2417 3576 et
2470 3519 2729 3592 propheta
2764 3536 2776 3571 :
2833 3539 2852 3570 ι
2888 3532 3010 3572 cum
3051 3517 3133 3570 lex
3187 3524 3237 3571 et
3275 3515 3551 3586 prophetae

1993 3631 2164 3688 usque
2187 3614 2254 3668 ad
2289 3613 2551 3668 Joannem
2584 3608 3004 3680 permanserint,
3027 3615 3080 3661 et
3121 3623 3186 3662 ex
3220 3607 3309 3660 illo
3340 3606 3552 3660 defece-

1991 3711 2121 3769 rint,
2148 3708 2240 3778 qui
2289 3707 2440 3776 prius
2489 3703 2694 3774 Spiritu
2722 3701 2906 3754 divino
2933 3698 3094 3754 amati
3143 3699 3478 3762 divinabant,
3498 3705 3553 3752 et

1992 3801 2247 3856 vaticinia
2277 3801 2344 3854 de
2375 3799 2594 3854 Christo
2623 3794 2876 3850 omnibus
2899 3793 3074 3864 palam
3106 3790 3556 3862 prodebant,qui-

1993 3913 2098 3968 que
2137 3897 2192 3950 in
2233 3895 2407 3950 sacris
2441 3890 2724 3962 responsis
2753 3888 2992 3944 visiones
3018 3900 3182 3956 puras
3211 3892 3264 3939 et
3309 3885 3552 3939 sinceras

1994 3987 2526 4058 contemplabantur,
2558 3992 2812 4052 tanquam
2840 3980 2886 4036 si
2933 3979 3067 4048 ipsis
3092 3977 3274 4031 divina
3299 3975 3474 4047 gratia
3497 3985 3552 4030 et

1994 4080 2200 4143 clausa,
2227 4084 2280 4132 et
2322 4074 2480 4144 quasi
2531 4071 2702 4141 signis
2755 4065 3036 4138 impressis
3085 4064 3331 4134 colligata
3381 4071 3549 4126 esset,

1994 4169 2191 4224 merito
2218 4167 2394 4222 evenit
2419 4172 2478 4219 ut
2501 4164 2568 4218 ab
2598 4163 2712 4226 illo,
2731 4161 2796 4215 de
2825 4174 2932 4231 quo
2965 4157 3170 4212 dictum
3209 4160 3314 4221 est,
3343 4162 3550 4224 tempo-

1997 4275 2074 4324 re,
2107 4274 2213 4312 non
2243 4255 2480 4327 amplius
2511 4253 2652 4324 apud
2684 4251 2804 4305 illos
2840 4263 3062 4303 munere
3098 4260 3199 4301 suo
3241 4245 3552 4314 fungeretur

323 4348 692 4422 ήγιασμένων,
721 4367 740 4399 ι
772 4346 1049 4411 ἐξέδωκεν,
1081 4346 1319 4415 οἰήσεται
1354 4343 1451 4414 μέν
1481 4360 1564 4406 τις
1607 4342 1698 4396 τὸν
1731 4342 1894 4395 πάλαι

1998 4351 2282 4424 prepheta,
2313 4363 2488 4418 neque
2521 4345 2613 4416 qui
2651 4344 2720 4398 ab
2765 4343 2872 4398 illis
2910 4342 3102 4395 videns
3146 4336 3549 4396 nominabatur,

325 4440 480 4513 παρὰ
520 4439 786 4502 Ἰουδαίοις
822 4438 1078 4511 ἀρχιερέα
1118 4435 1425 4507 δηλοῦσθαι,
1455 4434 1562 4487 τῶν
1596 4434 1694 4505 μὲν
1725 4433 1896 4505 τούτῳ

1997 4441 2090 4498 sed
2119 4441 2300 4496 omnia
2345 4440 2460 4494 haec
2496 4453 2667 4508 usque
2708 4435 2775 4490 ad
2811 4441 3055 4490 nostram
3086 4438 3299 4486 a’tatem
3340 4426 3552 4481 sublata

326 4533 744 4605 ὑποϐεϐηκότων
780 4531 989 4585 πολλῶν
1017 4530 1202 4602 ἱερέων
1233 4529 1400 4598 ἁγίων
1431 4527 1897 4600 προσαγορευομέ-

1991 4533 2330 4593 evanuerint.
2362 4531 2625 4600 Deinceps
2659 4527 2940 4599 sequitur:
2978 4543 2995 4576 ι
3043 4522 3110 4576 Ει
3148 4529 3382 4591 ungatur
3416 4516 3553 4570 San-

325 4647 456 4692 νων,
486 4627 638 4696 ἁγίου
679 4626 736 4680 δὲ
784 4626 951 4695 ἁγίων
983 4625 1142 4695 μόνου
1169 4623 1262 4676 τοῦ
1318 4623 1456 4694 ὑπὲρ
1517 4621 1724 4684 πάντας
1767 4621 1898 4691 ἀρχ-

1991 4633 2115 4681 ctus
2167 4632 2502 4680 sanctorum.
2544 4641 2562 4674 ι
2599 4619 2713 4673 Hoc
2773 4618 2899 4672 item
2947 4615 3106 4668 nobis
3161 4611 3348 4666 eodem
3395 4622 3553 4678 argu-

329 4721 541 4792 ιερέως.
560 4719 772 4790 Ἐπειδὴ
813 4717 969 4772 τοῦτο
996 4717 1088 4770 καὶ
1110 4715 1408 4788 προχείρως
1444 4712 1724 4784 νοούμενόν
1753 4714 1895 4766 ἐστιν

325 4813 546 4882 ἀληθές.
570 4811 745 4883 Μέχρι
773 4809 880 4881 γὰρ
910 4809 1018 4862 τῶν
1048 4808 1142 4862 τοῦ
1165 4807 1413 4878 Σωτῆρος
1437 4804 1594 4877 ἡμῶν
1621 4804 1826 4876 χρόνων
1845 4804 1894 4856 οἱ

325 4904 592 4959 ἀνέκαθεν
621 4902 760 4957 κατὰ
786 4900 1034 4973 διαδοχὴν
1068 4901 1342 4973 ἀρχιερεῖς
1365 4898 1499 4969 ὁμοῦ
1518 4898 1612 4950 καὶ
1637 4895 1730 4949 τοῦ
1759 4912 1893 4949 παν-

323 4997 422 5059 τὸς
446 4995 672 5066 ἡγοῦντο
697 4993 848 5061 λαοῦ,
881 4994 974 5047 καὶ
1015 4993 1083 5046 τὰ
1129 4993 1228 5064 τῆς
1270 4991 1362 5043 τοῦ
1411 4989 1544 5042 Θεοῦ
1576 4989 1890 5061 θεραπείας,

327 5089 636 5152 ἀκολούθως
677 5091 740 5160 τῇ
771 5088 919 5159 παρὰ
955 5087 1144 5142 Μωσεῖ
1177 5082 1635 5155 νενομοθετημένῃ
1674 5081 1896 5153 λατρεία

325 5182 567 5253 διαρκῶς
594 5181 894 5236 ἐπετέλουν.
914 5179 1044 5232 Ἀπὸ
1080 5179 1135 5230 δέ
1168 5177 1275 5230 τῶν
1319 5174 1412 5229 τοῦ
1458 5175 1707 5246 Σωτῆρος
1735 5177 1766 5246 ή
1777 5173 1892 5245 μῶν

332 5276 542 5349 χρόνων
569 5275 779 5346 πρῶτον
811 5273 907 5344 μὲν
938 5269 1198 5342 συνεχύθη
1229 5270 1322 5322 καὶ
1341 5270 1376 5339 ή
1395 5267 1534 5320 κατὰ
1553 5265 1772 5329 τούτους
1799 5265 1892 5319 τά-

335 5369 440 5435 ξις,
490 5367 678 5438 μικρὸν
723 5365 778 5420 δέ
822 5366 1043 5436 ὕστερον
1070 5363 1163 5416 καὶ
1201 5360 1477 5424 παντελῶς
1506 5359 1734 5431 ἀπέσϐη.
1757 5358 1892 5410 Ἀλλ’

333 5461 511 5533 ἔγωγε
554 5458 653 5529 τῆς
696 5459 844 5522 θείας
887 5457 1108 5528 Γραφῆς
1147 5453 1380 5526 οὐδαμοῦ
1409 5453 1579 5524 εὑρὼν
1621 5453 1710 5506 τὸν
1743 5449 1893 5522 παρὰ

1995 4723 2179 4770 mento
2209 4712 2482 4767 constabit
2514 4723 2675 4764 :nam
2712 4720 2886 4778 usque
2923 4705 2990 4758 ad
3021 4712 3265 4771 tempora
3315 4697 3556 4751 Salvato-

1993 4810 2070 4864 ris
2099 4806 2293 4870 nostri,
2334 4805 2426 4875 qui
2463 4802 2648 4857 Sancti
2689 4809 3003 4856 sanctorum
3062 4792 3346 4864 pontiﬁces
3397 4797 3554 4844 erant

1997 4899 2138 4972 apud
2163 4897 2442 4962 Hebraeos,
2472 4895 2506 4948 ii
2540 4890 2864 4948 ceremoniis
2897 4903 3033 4958 quas
3053 4901 3119 4941 ex
3157 4881 3392 4936 Mosaica
3437 4879 3554 4948 lege

1997 4999 2248 5062 acceptas
2291 4988 2596 5053 servabant,
2645 4984 3036 5054 ungebantur:
3081 4977 3176 5033 sed
3236 4974 3290 5028 hi
3338 4985 3553 5062 quoque

1996 5061 2237 5150 posthaec
2269 5077 2409 5132 sicut
2447 5073 2729 5146 prophetia
2759 5071 3106 5142 praedixerat,
3141 5064 3407 5120 defecere.
3443 5061 3552 5114 Ita-

1997 5191 2100 5244 que
2125 5170 2268 5240 quod
2298 5169 2367 5224 ab
2394 5167 2563 5222 Jacob
2593 5165 2660 5220 ad
2685 5165 2879 5220 Judam
2903 5161 3181 5217 oraculum
3214 5155 3552 5211 enuntiatum

1995 5272 2098 5327 est,
2132 5261 2430 5318 secundum
2453 5276 2515 5316 ea
2543 5274 2662 5330 quae
2695 5257 2845 5327 prius
2879 5270 2909 5308 a
2941 5253 3097 5308 nobis
3123 5249 3368 5331 exposita
3403 5254 3550 5307 sunt,

1996 5355 2236 5412 Iudaica:
2269 5355 2444 5426 gentis
2485 5353 2682 5409 ducum
2723 5349 3138 5420 principumque
3169 5343 3436 5398 defectum
3466 5338 3551 5392 div

1999 5449 2240 5505 viuahat.
2270 5446 2376 5502 Sed
2409 5447 2663 5521 quoniam
2698 5444 3084 5519 pr0phetarum
3106 5444 3160 5492 et
3188 5432 3556 5496 sacerdotum.

409 5637 456 5669 "
495 5639 658 5708 Apoc.
691 5653 754 5703 ν,
789 5636 840 5694 5.
915 5635 961 5666 "
1001 5633 1082 5688 Isa
1142 5649 1301 5698 nix,
1341 5634 1428 5692 11.
1501 5635 1546 5665 ’⁷
1589 5629 1775 5689 Matth.
1813 5647 1872 5688 v.
1915 5628 1996 5684 Π.
