3868 6196
504 275 606 332 607
1166 274 1433 331 EUSEBII
1471 270 1953 331 CES'ABIENSIS
1986 271 2031 330 0

2180 268 2361 326 PARS
2397 268 2459 327 ιι.
2500 300 2573 314 -
2602 267 3093 325 Αιδοιοῦετιω.
3581 274 3670 332 6θῖ

502 395 597 464 qui
630 395 830 467 populo
866 401 1153 465 prmerant,
1175 391 1499 464 jampridem
1534 392 1711 448 honor
1731 392 1932 448 dilatus
1956 392 2029 447 fut

2179 389 2451 455 Ἰουδαίοις
2487 389 2747 461 ἀρχιερέα
2778 388 2931 457 ἆγιον
2958 387 3125 457 ἁγίων
3156 386 3527 459 ὠνομασμένον,
3544 394 3672 463 ἡγοῦ.

506 492 615 553 rat,
642 484 834 541 ordine
861 484 1122 555 deinceps
1175 499 1376 547 sermo,
1404 484 1495 539 ubi
1532 485 1811 540 interitum
1831 483 2033 539 Judaic:

2175 500 2273 554 μαι
2308 484 2365 535 ὲν
2398 482 2609 545 τούτοις
2640 481 2799 553 μόνον
2826 479 2989 534 αὑτὸν
3035 479 3126 533 τὸν
3173 481 3417 552 μονογενῆ
3458 481 3539 537 τοῦ
3562 483 3671 541 Θεοῦ

509 576 689 648 gentis
710 576 907 630 ducum
956 585 1005 629 et
1053 574 1359 644 principum
1413 575 1516 632 sub
1546 575 1723 646 ipsum
1750 574 1951 630 Christi
1975 575 2036 629 ad

2172 574 2343 643 Λόγον
2366 572 2678 645 δηλοῦσθαι,
2705 573 2910 645 κυρίως
2937 589 2995 625 τε
3016 572 3109 626 καὶ
3129 571 3337 644 ἀληθῶς
3361 573 3539 646 ταύτης
3555 576 3674 643 ἀξιον

510 677 754 730 ventum.
790 680 890 737 per
909 682 1029 719 eam
1055 681 1176 736 qua:
1205 667 1359 737 prius
1396 666 1670 721 citabatur
1704 666 2037 737 prophetiam

2170 667 2269 738 τῆς
2293 666 2624 737 ἐπωνυμίας.
2663 665 2789 730 Τοῖς
2822 666 2919 736 μὲν
2939 664 3047 737 γὰρ
3067 664 3123 732 ἐξ
3152 664 3436 737 ἀνθρώπων
3460 683 3678 736 προκεκο-

510 759 780 833 praedixit,
810 774 908 828 per
957 774 1075 813 eam
1115 774 1238 828 qua:
1280 775 1425 813 nunc
1470 758 1523 813 in
1577 758 1828 813 manibus
1877 768 1981 821 est,
2016 774 2037 813 ε

2172 758 2318 828 φόσι,
2349 759 2442 812 καὶ
2473 759 2551 822 εἰς
2586 757 2649 811 τὸ
2679 757 2898 826 ἐφικτὸν
2925 757 3124 829 ἀρετῆς
3168 758 3481 830 χωρήσασιν,
3505 760 3679 834 ἀγαπηο

502 854 893 928 prophetarum
951 860 1006 906 et
1051 852 1421 915 sacerdotum,
1452 851 1545 922 qui
1593 851 1723 905 olim
1772 853 1913 922 apud
1947 853 2029 907 illc

2169 851 2261 904 τὸν
2291 850 2465 919 ἁγίοις
2494 848 2623 903 ποτε
2652 849 3003 922 χρηματίσαι,
3029 848 3163 920 μετὰ
3188 850 3407 921 μετοχὴν
3423 851 3505 904 καὶ
3527 868 3677 922 μετουο

501 947 787 1008 ﬁorebant,
830 942 1103 999 defectum
1158 944 1320 1015 plane
1375 943 1666 1015 signiﬁcat,
1709 951 1965 1015 tanquam
2014 945 2028 999 l

2174 942 2293 995 σίαν
2320 940 2414 995 τοῦ
2444 943 2729 1013 φήσαντος·
2752 942 2961 1009 ι”Αγιοι
2994 939 3200 1005 ἔσεσθε,
3222 940 3299 993 ὅτι
3326 941 3468 1010 ἅγιος
3486 940 3580 1011 ἑγὼ
3598 943 3680 997 Κύο

502 1054 722 1112 quoque
747 1038 840 1093 ubi
871 1036 1127 1093 Christus
1175 1036 1488 1091 advenisset
1537 1036 1806 1092 defecturi
1864 1050 2029 1093 essent

2176 1050 2306 1106 ριος.
2340 1033 2570 1102 »Ἀγίων
2612 1032 2670 1087 δὲ
2709 1033 2861 1103 ἀγιος
2904 1033 2989 1097 τίς
3035 1032 3101 1087 ἂν
3130 1031 3324 1105 κυρίως
3348 1035 3400 1085 ὲν
3427 1033 3682 1105 ἀνθρώποις

504 1132 649 1203 quod
677 1130 894 1202 quidem
910 1128 1253 1194 vaticinium,
1283 1127 1584 1183 Salvatoris
1610 1129 1785 1184 nostri
1807 1130 2031 1185 adventu

2171 1125 2516 1196 δνομασθείη,
2545 1124 2578 1196 ἢ
2625 1126 2784 1197 μόνος
2826 1126 2855 1178 ό
2894 1126 3081 1196 ἡγαπη
3091 1124 3246 1195 μένος
3274 1123 3362 1177 τοῦ
3390 1124 3529 1193 ἁγίου
3555 1125 3679 1191 Παῖς,

503 1242 562 1282 re
614 1226 732 1295 ipsa
779 1221 1175 1292 comprobavit.
1211 1220 1348 1286 Quia
1391 1236 1521 1277 vero
1546 1221 1764 1291 Aquila,
1804 1240 1824 1273 ι
1854 1221 1937 1277 Ad
1964 1239 2030 1277 un

2171 1217 2359 1289 ὥσπερ
2394 1216 2647 1288 βασιλεὺς
2679 1216 2963 1287 βασιλέων,
2994 1219 3086 1273 καὶ
3130 1216 3325 1288 κυρίων
3351 1216 3551 1288 Κύριος,
3573 1216 3683 1271 οὕτω

503 1317 740 1388 gendum
765 1313 1178 1370 Sanctiﬁcatum
1209 1311 1699 1376 sanctiﬁcatorum,
1745 1333 1763 1366 ι
1802 1312 2030 1383 interpre

2172 1309 2266 1363 καὶ
2296 1308 2464 1377 ἁγίων
2492 1307 2645 1378 ἆγιος
2673 1309 3168 1380 ἀναγορευόμενοςς
3218 1308 3357 1379 μόνῳ
3394 1307 3512 1376 γοῦν
3549 1310 3682 1382 αὐτῷ,

503 1416 651 1465 tatus
675 1414 780 1473 est,
804 1422 868 1462 ex
893 1422 959 1462 eo
984 1406 1181 1476 aliquis
1203 1405 1570 1475 saepicahitur
1596 1415 1826 1463 veterem
1855 1404 2030 1462 Judaec

2173 1403 2267 1457 ἅτε
2298 1401 2660 1474 διαφερόντως
2691 1401 2840 1473 παρά
2880 1402 3007 1465 τοὺς
3065 1399 3277 1454 πώποτε
3308 1401 3529 1463 Μωσέως
3556 1400 3684 1472 ἐλαίῳ

505 1516 627 1557 rum
649 1500 963 1571 pontiﬁcem
996 1500 1273 1571 designari
1307 1516 1321 1553 :
1352 1499 1554 1569 quippe
1603 1514 1729 1553 cum
1763 1499 1919 1554 multi
1943 1499 2032 1570 qui

2172 1492 2361 1564 γεώδει
2383 1494 2477 1548 καί
2506 1492 2785 1563 σκευαστῷ
2806 1493 3213 1564 κεχρισμένοιδς,
3236 1492 3425 1563 είρητο⁸
3447 1511 3465 1542 ι
3486 1491 3684 1563 Ἠγὰῖηο

505 1592 628 1649 dem
664 1593 757 1648 illo
789 1592 908 1664 ipso
941 1591 1228 1648 inferiores
1262 1591 1579 1648 sacerdotes
1610 1591 1787 1647 sancti
1831 1593 2032 1663 appella

2174 1605 2272 1651 σας
2297 1585 2665 1658 δικαιοσύνην,
2697 1586 2790 1639 καὶ
2839 1584 3108 1657 ἐμίσησας
3158 1585 3411 1656 ἀνομίαν·
3446 1583 3528 1638 διὰ
3562 1585 3683 1639 τοῦτο

503 1693 717 1749 rentur,
747 1684 900 1741 solus
941 1692 1122 1739 autem
1163 1682 1431 1754 pontifex,
1463 1682 1555 1754 qui
1585 1698 1776 1739 omnes
1807 1682 2030 1756 dignitat

2172 1678 2353 1753 ἐχρισέ
2385 1696 2442 1733 σε
2474 1682 2502 1734 ό
2528 1678 2679 1743 Θεὸς,
2698 1682 2727 1735 ό
2743 1678 2875 1742 Θεός
2905 1678 3217 1742 σου,⁴ελαιον
3246 1676 3584 1747 ἀγαλλιάσεως
3605 1696 3683 1731 πα-

504 1775 767 1841 anteibat,
791 1772 1027 1830 Sanctus
1056 1781 1388 1830 sanctorum.
1428 1772 1704 1844 Siquidem
1754 1774 1857 1829 hoc
1898 1775 2031 1829 vele

2274 1773 2400 1836 τοὺς
2429 1740 2687 1843 μετόχούς
2720 1789 2814 1827 σου
2838 1740 2897 1824 ’τι
2930 1764 2975 1840 ᾧ
3006 1740 3269 1843 χρισθείς,
3293 1740 3356 1836 ἐξ
3397 1770 3515 1824 ἰδίου
3556 1740 3682 1843 προσ-

505 1881 671 1921 sensu
700 1873 979 1936 acceptum
1011 1863 1154 1935 quod
1188 1864 1483 1935 unicuique
1522 1864 1576 1918 in
1601 1872 1850 1934 promptu
1876 1864 1966 1927 sit,
1982 1878 2032 1918 ve

2172 1863 2322 1918 ὠπου
2367 1865 2461 1918 καὶ
2485 1865 2647 1928 αὐτός
2684 1882 2846 1936 φησιν
2879 1865 2938 1919 ἐν
2973 1864 3174 1936 Ἡσαΐᾳ
3195 1881 3208 1895 ⁸
3247 1882 3266 1915 ι
3292 1863 3500 1933 Πνεῦμα
3523 1862 3684 1935 Κυρίου

507 1973 630 2013 rum
658 1964 765 2014 est.
797 1955 932 2010 Nam
964 1970 1136 2027 usque
1166 1954 1236 2010 ad
1264 1964 1507 2026 tempora
1543 1953 1845 2010 Salvatoris
1875 1956 2034 2010 nostr‘

2173 1958 2260 2009 ἐπ’
2286 1955 2407 2027 ἐμὲ,
2429 1949 2490 2009 οὗ
2529 1956 2734 2010 εἵνεκεν
2763 1955 2945 2028 ἐχρισέ
2986 1973 3075 2028 με.
3106 1976 3124 2008 ι
3146 1957 3296 2010 Ἐπεὶ
3324 1950 3412 2010 οὖν
3431 1955 3682 2026 διασὲροντι

502 2050 653 2123 quia
682 2048 858 2121 prima
884 2048 1093 2119 origine
1118 2062 1216 2118 per
1240 2047 1645 2102 successionem
1673 2054 1829 2102 erant
1852 2046 2029 2116 pontitl

2174 2048 2267 2102 καὶ
2300 2046 2667 2119 πνευματικῷ,
2703 2048 2900 2120 μᾶλλον
2931 2048 2989 2102 δὲ
3019 2046 3273 2119 θεότητος
3297 2048 3538 2119 χρίσματι
3564 2046 3686 2117 μόνος

503 2158 619 2206 ces,
654 2141 817 2197 iidem
874 2141 1037 2197 etiam
1087 2139 1187 2195 toti
1238 2138 1440 2210 p0pulo
1496 2148 1780 2208 praeerant.
1815 2138 2030 2209 388t

2175 2139 2327 2213 παρά
2356 2141 2483 2205 τοὺς
2516 2140 2734 2194 πώποτε
2762 2143 2792 2196 ό
2817 2141 3086 2214 ἡμέτερος
3112 2140 3299 2213 Σωτὴρ
3341 2138 3592 2212 κεχρίσθαι
3616 2156 3685 2210 με·

504 2246 625 2304 (ιιιιε
655 2230 721 2285 ad
759 2230 967 2285 cultum
994 2226 1089 2285 Dei
1119 2228 1414 2299 pertinent,
1446 2226 1612 2282 ritum
1656 2225 1806 2280 illum
1856 2236 2031 2281 sectau

2177 2232 2541 2305 μαρτύρηται,
2568 2233 2793 2298 εἰκότως
2826 2251 2846 2285 ι
2873 2233 3026 2304 ἅγιος
3071 2233 3262 2302 ἁγίων,
3291 2253 3309 2286 ι
3338 2233 3410 2296 ὡς
3450 2232 3507 2287 ἄν
3539 2248 3607 2295 τις
3626 2231 3684 2284 sl-

504 2336 611 2389 tes,
639 2322 734 2395 qui
766 2322 820 2377 in
846 2322 964 2393 lege
995 2319 1160 2376 Mosis
1182 2319 1430 2375 sancitus
1461 2316 1658 2384 fuerat,
1691 2318 1906 2373 abunde
1937 2318 2031 2374 sati

2175 2341 2286 2387 ποι,
2325 2344 2344 2376 ι
2371 2325 2661 2397 ἀρχιερεὺς
2686 2325 2984 2398 ἀρχιερέων
3012 2345 3031 2378 ι
3066 2325 3392 2398 ὠνόμασται,
3426 2326 3507 2378 καὶ
3534 2344 3550 2375 ι
3571 2326 3685 2395 ἡγια-

505 2417 989 2475 administrahant.
1024 2414 1101 2469 Ex
1137 2429 1246 2486 quo
1276 2422 1455 2469 autem
1484 2408 1736 2468 Salvator
1763 2420 1949 2468 uoster
1977 2413 2032 2467 ad

2177 2416 2373 2488 σμένος
2425 2417 2792 2489 ἡγιασμένων,
2827 2438 2844 2470 ι
2880 2416 3020 2473 κατὰ
3070 2418 3167 2473 τὸν
3219 2418 3311 2472 τοῦ
3352 2418 3561 2492 Γαϐριὴλ
3583 2433 3684 2489 χρη-

504 2510 674 2574 venit,
703 2510 939 2581 primum
971 2508 1187 2578 quidem
1235 2521 1424 2562 eorum
1455 2521 1675 2577 quoque
1716 2506 1851 2561 ordo
1881 2506 2031 2561 conft‘

2177 2506 2329 2578 σμόν.
2359 2507 2543 2563 Ταῦτα
2575 2508 2631 2562 δὲ
2665 2509 2861 2573 πάντα,
2889 2511 3409 2582 συμπεραιουμένων
3449 2509 3539 2565 τῶν
3571 2509 3684 2563 €650-

505 2619 603 2660 sus
630 2609 715 2658 est
741 2621 755 2658 :
784 2617 891 2657 non
929 2601 1100 2654 multo
1131 2607 1313 2654 autem
1347 2605 1492 2668 post,
1529 2599 1690 2653 etiam
1729 2598 1943 2669 penitus
1977 2613 2032 2652 ει

2179 2600 2421 2670 μήκοντα
2465 2599 2792 2671 ἑϐδομάδων,
2824 2601 2977 2665 τέλος
3020 2601 3326 2674 ἐλάμϐανεν
3365 2603 3458 2655 ούκ
3496 2600 3685 2673 ἄλλοτεῆ

506 2694 765 2751 stinctus.
797 2690 1090 2756 Caeterum,
1138 2706 1262 2745 cum
1311 2705 1413 2760 ego
1455 2689 1672 2761 quidem
1721 2689 2033 2758 nusquami

2176 2691 2268 2745 ἐπὶ
2303 2692 2413 2745 τῶν
2442 2693 2646 2765 χρόνων
2672 2694 2772 2766 τῆς
2811 2693 2906 2749 τοῦ
2940 2694 3197 2767 Σωτῆρος
3238 2694 3388 2766 ἡμῶν
3414 2695 3685 2763 ἐπιφανείας.

507 2786 686 2841 sacris
743 2784 941 2839 litteris
989 2782 1325 2849 invenerim,
1375 2780 1685 2837 Iudaeorum
1763 2780 2034 2853 pontiﬁce:

2188 2783 2406 2856 Ἐπειδὴ
2453 2784 2631 2838 τοίνυν
2677 2784 2831 2838 ταῦθ’
2861 2784 3035 2849 οὕτως
3084 2785 3309 2841 ἔσεσθαι
3341 2789 3369 2840 ό
3392 2783 3687 2858 προδηλωθείς

509 2874 772 2933 Sanctum
806 2884 1123 2930 sanctorum
1167 2873 1460 2937 nominari,
1484 2873 1722 2928 arbitror
1766 2873 1820 2928 in
1850 2872 2036 2928 unicut

2177 2876 2406 2945 ἄγγελος
2457 2877 2844 2946 κεφαλαιωδῶς
2889 2878 3148 2943 ἐθέσπιζε
3190 2878 3268 2951 τῷ
3303 2881 3550 2953 προφήτῃ,
3575 2873 3688 2939 αὖθις

507 2970 773 3025 duntaxat
796 2966 892 3022 Dei
934 2965 1129 3020 Filium
1163 2964 1395 3021 Verbum
1426 2973 1481 3021 et
1522 2965 1739 3037 proprie
1772 2964 2034 3036 designat.

2177 2969 2619 3042 ἐπαναλαμϐάνει
2643 2972 2738 3025 τὸν
2770 2973 2895 3044 περί
2919 2971 3027 3025 τῶν
3055 2970 3418 3044 ἑϐδομήκοντα
3446 2968 3688 3040 ἑϐδομάδων

507 3070 562 3119 ει
573 3077 698 3118 vere
713 3060 934 3130 dignum
954 3059 1046 3113 tali
1065 3058 1424 3129 appellatione
1439 3056 1717 3115 constitui.
1738 3058 1806 3114 lis
1819 3057 1963 3113 enim
1979 3075 2034 3128 qt

2176 3060 2353 3131 λόγον,
2382 3062 2648 3117 διδάσκων
2697 3063 2838 3119 κατὰ
2897 3063 3060 3137 μέρος
3104 3063 3313 3117 ἕκαστα
3347 3061 3574 3133 ἀκριόῶς,
3600 3058 3687 3113 ὅθεν

507 3170 575 3211 ex
596 3152 906 3208 hominibus
936 3151 1164 3222 protecti
1204 3151 1335 3215 sint,
1370 3160 1424 3206 et
1450 3150 1515 3204 ad
1543 3166 1666 3206 eum
1696 3152 1916 3208 virtutis
1946 3167 2034 3224 gra

2176 3155 2523 3228 ἀπάρχεσθαι
2551 3156 2632 3209 δεῖ
2667 3155 2772 3227 τῆς
2803 3155 2910 3209 τῶν
2943 3155 3155 3228 χρόνων
3193 3154 3596 3226 ἀπαριθμήσεως,
3622 3150 3688 3203 καὶ

509 3246 638 3301 dum
671 3243 1039 3316 pervenerint,
1069 3258 1230 3313 quem
1260 3250 1454 3296 natura
1477 3242 1725 3297 mortalis
1756 3244 2036 3313 continget

2175 3248 2294 3302 τίνα
2333 3248 2476 3303 κατά
2524 3251 2650 3313 τοὺς
2696 3248 3054 3322 δηλουμένους
3099 3250 3325 3324 καιροὺς
3364 3249 3685 3322 ἀπαντήσεται.

508 3341 709 3407 potest,
738 3330 872 3388 satis
903 3346 1175 3402 superque
1206 3329 1391 3394 fuerit,
1423 3330 1470 3385 si
1500 3329 1718 3399 quando
1764 3330 1819 3384 in
1860 3337 2035 3400 partet

2177 3342 2336 3412 Λέγει
2362 3342 2406 3397 δ’
2431 3339 2554 3397 οὖν·
2595 3362 2613 3393 ι
2644 3344 2753 3397 Καὶ
2785 3342 2988 3417 γνώσῃ,
3024 3345 3121 3399 καὶ
3160 3347 3404 3416 συνήσεις
3437 3344 3532 3397 ἀπὸ
3551 3340 3685 3405 ἐξόδου

508 3435 564 3483 ει
586 3424 1137 3481 communicationem
1186 3422 1477 3494 quamdam
1523 3423 1788 3493 assumpti
1828 3423 1949 3493 ejus
1978 3439 2031 3494 qt

2178 3434 2358 3505 λόγου,
2377 3434 2471 3489 τοῦ
2501 3435 2991 3509 ἀποκριθῆναι,κα“ι
3010 3437 3102 3491 τοῦ
3131 3440 3465 3511 οἰκοδομῆσαι
3491 3437 3690 3507 ’ῐερουσαο

510 3519 670 3583 dixit.
706 3536 726 3569 ι
758 3515 946 3572 Sancti
981 3514 1158 3579 eritis,
1191 3514 1450 3586 quoniam
1485 3523 1712 3570 sanctus
1760 3530 1860 3587 ego
1890 3514 2037 3570 Domi

2178 3525 2290 3599 λήμ
2305 3543 2319 3557 ο
2368 3526 2659 3598 ἑόδομάδες
2694 3527 2833 3581 ἑπτὰ
2853 3529 2947 3582 καί
2968 3528 3261 3601 ὲϐδομάδες
3279 3525 3607 3602 ἑξηκονταδύο,
3621 3522 3687 3577 καὶ

510 3625 618 3667 nus
647 3609 715 3674 ⁷⁸,
755 3628 773 3661 ι
810 3608 984 3683 sancti
1015 3608 1375 3680 appellentur.
1398 3605 1633 3663 Sanctus
1659 3616 1839 3662 autem
1863 3615 2037 3662 sanctt

2180 3617 2513 3690 ἐπιστρέψει,
2529 3619 2621 3673 καί
2647 3618 3364 3692 οἰκοδομηθήσεταιπλατεῖα
3381 3622 3467 3676 καί
3490 3622 3647 3689 τεῖχος·
3669 3632 3683 3664 ³

510 3717 655 3766 rum,
680 3700 803 3772 quis
832 3699 1049 3755 tandem
1100 3700 1172 3755 sit
1216 3698 1359 3771 apud
1392 3697 1642 3753 homines
1688 3698 2037 3754 nominandus

2193 3710 2279 3764 Ἐν
2330 3706 2411 3775 οἷς
2458 3711 2605 3766 δοκεῖ
2656 3729 2748 3783 μοι
2803 3712 2978 3777 καλῶς
3021 3712 3167 3785 ἔχειν
3222 3716 3315 3769 καί
3356 3713 3444 3786 τὴν
3488 3711 3567 3764 τοῦ
3609 3703 3687 3776 πρὸ

510 3804 709 3869 praeter
743 3810 909 3849 unum
950 3794 1125 3849 sancti
1154 3793 1411 3849 dilectum
1445 3791 1701 3856 Puerum,
1727 3791 1820 3862 qui
1870 3800 1929 3846 ut
1960 3791 2035 3848 lie

2179 3802 2338 3874 ἡμῶν
2370 3805 2451 3868 εἰς
2502 3805 2627 3868 τοὺς
2677 3805 2872 3868 τόπους
2918 3805 3148 3876 θεωρίαν
3202 3806 3277 3878 μὴ
3319 3799 3685 3877 ἀποκρύψασθαι.

512 3903 723 3958 regum,
761 3894 814 3942 et
843 3885 1189 3941 dominorum
1241 3883 1523 3950 Dominus,
1555 3882 1629 3937 ita
1658 3883 1821 3938 etiam
1855 3894 2039 3939 sancte

2183 3894 2502 3966 παραθεῖναι
2541 3894 2598 3948 δὲ
2648 3897 2740 3950 καὶ
2789 3895 2991 3968 ταύτην
3038 3898 3115 3963 ὡς
3161 3898 3363 3952 οίκείαν
3407 3899 3506 3958 τοῖς
3553 3894 3688 3944 ἐντευο

512 3995 633 4034 rum
663 3977 897 4034 Sanctus
926 3988 1010 4035 est
1050 3977 1396 4050 appellatus?
1440 3976 1532 4032 uni
1565 3976 1732 4047 igitur
1774 3978 1844 4042 ei,
1894 3986 2039 4048 ltlpol

2185 3984 2446 4057 ξομένοις.
2501 3987 2670 4042 Κοινά
2734 3987 2905 4057 γοῦν,
2962 3989 3141 4054 καλῶς
3201 3989 3445 4062 εἴρηται,
3509 3983 3567 4038 τὰ
3609 3978 3686 4034 τῶν

512 4072 604 4144 qui
640 4070 1004 4143 prazstantiori
1057 4070 1290 4142 quodam
1335 4069 1497 4124 modo
1535 4069 1608 4123 sit
1656 4076 1874 4137 unctus,
1915 4087 2039 4141 quat

2185 4077 2351 4148 φίλων
2376 4095 2390 4108 '
2424 4079 2519 4133 καὶ
2551 4079 2738 4152 ἐπειδὴ
2762 4081 3030 4153 προσήκει
3066 4081 3395 4154 συγχρῆσθαι
3427 4078 3516 4151 μὲν
3535 4076 3686 4143 εύγνω-

512 4175 702 4216 omnes
746 4161 840 4231 qui
894 4176 1133 4231 unquam
1182 4168 1402 4215 terreno
1446 4160 1541 4215 illo
1589 4171 1754 4234 atque
1800 4163 2039 4218 elaborat

2189 4169 2481 4242 μονοῧντας
2551 4174 2665 4236 τοῖς
2742 4172 2923 4237 καλῶς
2985 4174 3075 4244 ὑφ’
3133 4174 3333 4246 ἑτέρων
3403 4166 3685 4247 εἰρημένοις.

514 4251 681 4308 Mosis
728 4253 848 4307 oleo
905 4252 1055 4307 uncti
1099 4251 1320 4316 fuerint,
1353 4251 1555 4308 dictum
1601 4263 1686 4310 est
1721 4254 1853 4310 illud
1885 4274 1898 4310 :
1933 4275 1951 4307 ι
1988 4254 2041 4310 Di

2188 4260 2263 4332 μὴ
2323 4260 2426 4332 μὴν
2483 4262 2801 4336 ἀποστερεῖν
2859 4265 2986 4329 τοὺς
3040 4265 3283 4337 πατέρας
3335 4263 3437 4317 τῶν
3483 4258 3684 4329 ἐγγόνων,

516 4344 701 4403 lexisti
732 4343 1027 4414 justitiam,
1060 4351 1115 4399 et
1159 4344 1322 4399 odisti
1372 4345 1714 4416 iniquitatem
1747 4365 1761 4402 :
1793 4355 2043 4418 proptere

2189 4350 2323 4423 μηδὲ
2355 4351 2479 4417 τοὺς
2514 4353 2761 4425 πρώτους
2795 4354 3161 4424 φυτεύσαντας
3193 4355 3299 4410 τῶν
3342 4352 3536 4408 οἰκείων
3563 4360 3687 4416 σπερ-

519 4437 677 4492 unxit
722 4443 776 4491 te
832 4434 976 4491 Deus
1029 4433 1171 4492 Deus
1205 4448 1329 4493 tuus
1366 4436 1487 4492 oleo
1542 4439 1926 4494 exsultationis
1969 4454 2046 4510 pr:

2190 4440 2374 4513 μάτων
2400 4483 2416 4507 ,
2468 4444 2566 4509 τὰς
2611 4444 2774 4500 αὐτοῦ
2828 4447 3212 4519 παραθήσομαι
3270 4446 3454 4514 λέξεις.
3487 4440 3687 4512 Φέρονται

517 4528 875 4602 participibus
903 4526 1012 4583 tuis
1039 4527 1107 4584 ".
1137 4546 1156 4581 ο
1195 4528 1314 4595 Quo
1334 4528 1552 4599 quidem
1600 4530 1721 4586 oleo
1765 4540 1963 4586 unctus
2015 4547 2044 4586 e

2185 4533 2241 4588 δὲ
2296 4530 2455 4590 αὗται
2518 4537 2844 4610 ’Λφρικανοῦ
2889 4542 2946 4593 ἐν
2997 4539 3074 4611 τῷ
3102 4541 3335 4614 πέμπτῳ
3370 4537 3472 4592 τῶν
3514 4537 3685 4603 Χρονο·

516 4621 739 4694 propria
785 4633 1017 4691 persona
1062 4619 1203 4691 apud
1247 4619 1442 4674 Isaiam
1492 4620 1609 4692 ipse
1637 4621 1754 4677 ait:
1785 4639 1804 4672 ι
1843 4619 2043 4691 Spiritu

2185 4635 2446 4706 ποαφιῶν
2468 4678 2484 4702 ,
2518 4637 2704 4693 τοῦτον
2725 4639 2944 4711 ἔχουσαι
2986 4641 3079 4695 τὸν
3105 4643 3303 4714 τρόπον
3319 4659 3333 4672 ·
3375 4658 3393 4693 ι
3416 4638 3473 4692 Ἡ
3517 4634 3597 4707 μὲν
3619 4622 3686 4682 οὖν

516 4712 733 4767 Domini
784 4727 948 4783 super
988 4726 1095 4777 me,
1158 4719 1379 4782 propter
1426 4714 1569 4784 quod
1619 4713 1773 4767 unxit
1820 4728 1907 4767 me
1932 4713 1999 4767 ⁸ο.

2184 4739 2454 4811 περικοπή
2501 4737 2644 4795 οὕτω
2682 4758 2798 4805 πως
2833 4741 3029 4813 ἔχουσα
3058 4712 3228 4798 πολλά
3258 4760 3317 4797 τε
3351 4741 3440 4797 καὶ
3467 4728 3685 4810 παράδοξα

517 4802 784 4871 Quoniam
816 4780 981 4873 igitur
1028 4780 1315 4858 excellenti
1365 4780 1739 4874 et‘spirituali
1784 4818 1850 4857 ac
1898 4803 2044 4874 potiu

519 4897 690 4918 :_-2___.
726 4894 1026 4918 s=_.=_:.-.=.
1063 4902 1335 4918 -__--.-_.-
1408 4896 1554 4918 -_.___
1617 4904 1813 4918 μμ.--
1871 4911 2044 4918 --___.

2191 4780 2454 4811 ..-τηηηη
2503 4780 2644 4795 --.ω
2688 4780 2794 4805 ..ως
2833 4780 3029 4813 ..πηνα
3066 4780 3228 4798 κων...
3269 4780 3317 4797 ..
3353 4780 3440 4797 ι.-.
3474 4780 3671 4810 ...νην

2186 4840 2438 4912 σημαίνει
2462 4857 2477 4871 ο
2530 4840 2626 4897 νῦν
2661 4842 2719 4897 δὲ
2768 4835 2843 4897 ὧν
2875 4844 3029 4916 χρεία
3081 4847 3210 4918 περὶ
3255 4846 3377 4907 τοὺς
3405 4841 3596 4915 χρόνους
3619 4832 3685 4887 καὶ

518 4897 693 4968 ipsius
721 4894 1029 4951 divinitatis
1063 4902 1340 4966 unguento
1406 4896 1557 4952 solus
1617 4904 1813 4968 praeter
1866 4911 2079 4963 omnes,
2181 4894 2489 4990 τέ’έούτοιε
2530 4894 3535 4990 ᾧντὲένοξέαῖλῑλ
3579 4894 3685 4990 ’.οτι

518 4943 692 4968 ’Υ’¹’““”
724 4943 1027 4951 “’”“””’““““’”
1068 4943 1335 4966 ’”“ὐ“’““’“’”’
1406 4943 1557 4952 *ν’-υ
1618 4943 1804 4968 ε’“⁹““““”’
1870 4943 2041 4951 """"'

518 4989 612 5058 qui
642 5002 880 5058 unquam
916 4985 1138 5050 fuerint,
1176 4984 1425 5042 Salvator
1480 4997 1668 5044 noster
1726 4994 1925 5043 unctus
1959 5002 2045 5045 ess

2181 4943 2252 4998 τὰ
2281 4943 2489 5009 τούτοις
2530 4945 2870 5002 συντείνοντα
2897 4948 2989 5002 τὸν
3036 4948 3189 5020 λόγον
3224 4943 3551 5019 ⁴ιοοιηιτόμεθα.
3596 4943 3663 4990 ὐτ

519 5079 856 5151 perhibetur,
892 5079 1086 5134 merito
1119 5078 1354 5135 Sanctus
1381 5087 1716 5145 sanctorum,
1739 5088 1999 5151 tanquam
2035 5098 2046 5137 ε

2186 5046 2286 5116 μὲν
2330 5041 2422 5101 οὖν
2456 5047 2584 5116 περί
2626 5047 2725 5118 τῆς
2773 5049 3139 5123 τοῦΧριστοῧ
3189 5049 3474 5124 παρουσίας
3516 5042 3681 5110 λέγεται

519 5170 815 5238 diceretur,
844 5169 1095 5228 Pontifex
1132 5172 1470 5243 pontiﬁcum,
1514 5180 1598 5228 est
1628 5172 1963 5237 nominatus,
1989 5190 2046 5229 au

2182 5148 2356 5202 ταῦτα
2381 5190 2395 5212 ,
2432 5149 2569 5220 μετὰ
2601 5150 2897 5222 ἑϐδομάδας
2924 5152 3284 5227 ἑϐδομήκοντα
3316 5150 3570 5223 μέλλοντος
3595 5140 3682 5243 ei“:

520 5262 683 5317 etiam
718 5260 1103 5318 Sanctiﬁcatus
1132 5232 1632 5327 .sanctiﬁcatorum,
1668 5270 1727 5317 ut
1755 5270 1841 5319 est
1887 5265 1940 5319 in
1971 5263 2047 5321 Ga

2190 5253 2510 5322 φαίνεσθαι,
2568 5254 2741 5326 δῆλον.
2814 5256 2935 5311 Ἐπὶ
2990 5257 3097 5330 γὰρ
3125 5258 3218 5312 τοῦ
3250 5253 3515 5323 Σωτῆρος,
3552 5232 3681 5314 nam}

521 5354 708 5411 brielis
740 5356 983 5411 oraculo.
1032 5354 1155 5411 Haec
1212 5371 1376 5427 porro
1423 5356 1605 5412 omnia
1655 5356 1939 5428 completis
1988 5358 2048 5415 he

2187 5354 2376 5408 τούτου
2400 5395 2414 5419 ,
2469 5355 2539 5410 τά
2582 5372 2641 5409 τε
2692 5357 3111 5430 παραπτώματα
3156 5354 3495 5413 παλαιοῦται,
3544 5339 3618 5399 κειὶ
3641 5334 3679 5389 αξ

522 5445 885 5503 hdomadibus
935 5450 1298 5521 septuaginta,
1350 5452 1509 5505 tinem
1566 5465 1724 5506 suum
1781 5453 2049 5523 contigere

2190 5451 2449 5523 ἁμαρτίαι
2508 5457 2897 5513 συντελοῦνται.
2984 5460 3080 5513 Διὰ
3167 5458 3222 5511 δὲ
3288 5455 3380 5526 τὴν
3434 5450 3598 5518 ἄφεσιν
3639 5430 3684 5488 αἰ

523 5551 633 5591 non
658 5537 792 5594 alias
825 5554 957 5596 sane
983 5556 1146 5612 quam
1179 5558 1287 5613 quo
1317 5550 1558 5614 tempore
1601 5541 1850 5600 Salvator
1896 5553 2050 5601 nostc

2186 5566 2245 5602 τε
2306 5552 2520 5623 ἀνομίαι
2592 5554 2862 5629 ἐξιλασμῷ
2917 5558 3053 5628 μετά
3113 5554 3219 5610 τῶν
3271 5548 3474 5608 ἀδικιῶν
3519 5530 3679 5606 etate!-

596 5712 641 5744 "
679 5712 848 5770 Levit.
886 5730 952 5770 xx
978 5758 991 5782 ,
1022 5717 1110 5772 26.
1187 5720 1231 5750 "
1273 5718 1412 5775 Psal.
1447 5736 1589 5786 ntv,
1627 5719 1679 5776 8.
1756 5721 1801 5753 “
1841 5720 1945 5777 lsa.
1980 5737 2090 5792 ut,
2129 5723 2181 5779 1.
