3922 6200
301 322 488 376 φονται
516 347 531 370 ,

297 396 450 468 ποιρά
497 396 593 468 τὴν
646 399 709 449 ἐκ
757 397 958 468 νόμου,
1018 397 1233 469 ὁράσεις
1288 415 1344 450 τε
1395 399 1488 450 καὶ
1538 401 1860 469 προφητεῖαι

299 491 492 562 μέχρις
564 489 846 554 Ἰωάννου,
909 491 1117 561 χρίεται
1173 492 1228 544 δὲ
1283 492 1435 558 ἅγιος
1481 491 1673 558 ἁγίων.
1749 491 1863 562 Πρὸ

295 580 404 653 γὰρ
453 580 551 651 τῆς
600 579 693 632 τοῦ
745 580 991 650 Σωτῆρος
1041 579 1194 651 ήμῶν
1243 580 1541 650 παρουσίας
1588 581 1688 632 οὐκ
1735 580 1862 634 ὅντα

293 672 467 726 ταῦτα
551 672 912 744 προσεδοκᾶτο
995 671 1168 740 μόνον.
1275 669 1572 742 Ἀρξασθαι
1632 670 1686 722 δὲ
1753 670 1862 722 τῶν

292 763 578 836 ἀριθμῶν,
649 764 887 817 τουτέστι
947 764 1053 816 τῶν
1109 764 1474 835 ἐϐδομήκοντα
1535 764 1859 835 ἑϐδομάδων,

291 855 332 912 ὃ.
391 860 538 911 ἐστιν
615 857 707 927 ἐτη
776 857 1101 928 τετρακόσια
1164 857 1557 927 ἐννενήκοντα,
1611 859 1640 909 ὁ
1701 858 1863 926 ἄγγε-

291 948 382 1012 λος
455 949 763 1004 ὑποτίθεται
831 948 936 1002 ἀπὸ
1011 948 1189 1014 ἐξόδου
1249 947 1408 1016 λόγου
1479 948 1572 1001 τοῦ
1633 949 1860 1019 ἀποκρι-

294 1041 448 1112 θῆναι
502 1042 594 1094 καὶ
651 1041 745 1094 τοῦ
807 1041 1152 1110 οἰκοδομῆσαι
1221 1039 1589 1112 Ἰερουσαλήμ.
1654 1042 1856 1112 Συνέϐη

289 1131 349 1185 δὲ
417 1133 588 1185 ταῦτα
642 1133 736 1185 ἐπὶ
814 1131 1162 1202 Ἀρταξέρξου
1241 1131 1334 1184 τοῦ
1400 1131 1624 1203 Περσῶν
1703 1131 1858 1202 βασι-

291 1224 537 1288 λεύοντος
592 1225 819 1296 εἰκοστῷ
876 1226 1004 1280 ἔτει.
1129 1227 1367 1298 Νεεμίας
1423 1227 1530 1298 γὰρ
1587 1229 1615 1280 ὁ
1669 1227 1857 1279 τούτου

291 1314 563 1385 οἰνοχόος,
621 1315 864 1383 δεηθεὶς,
943 1317 1281 1388 ἀποκρίσεως
1335 1317 1523 1388 ἔτυχεν
1575 1319 1858 1388 οἰκοδομη-

291 1405 451 1475 θῆναι
523 1405 870 1477 Ἰερουσαλὴμ
898 1446 912 1470 ,
992 1407 1084 1460 καὶ
1159 1407 1311 1474 λόγος
1368 1407 1556 1478 ἐξῆλθε
1625 1407 1855 1460 κελεύων

287 1496 483 1549 ταῦτα.
593 1498 766 1568 Μέχρι
827 1497 924 1567 μὲν
977 1497 1081 1569 γὰρ
1137 1497 1341 1550 ἐκείνου
1400 1497 1494 1550 τοῦ
1556 1497 1746 1570 χρόνου
1819 1499 1852 1568 ἡ

289 1588 445 1652 πόλις
501 1590 773 1660 ἠρήμωτο.
827 1589 1008 1660 Κύρου
1067 1589 1195 1660 γὰρ,
1259 1589 1392 1661 μετὰ
1465 1591 1562 1657 τὴν
1621 1590 1851 1661 ἑϐδομη-

285 1683 600 1736 κονταετίαν
671 1683 769 1752 τῆς
856 1682 1246 1752 αἰχμαλωσίας,
1320 1682 1427 1735 τῶν
1517 1681 1852 1753 βουλομένων

284 1773 512 1828 ἕκαστον
559 1775 867 1828 ἐκουσιαστὶ
919 1774 1400 1844 καταπέμψαντος,
1453 1777 1502 1828 οἱ
1549 1774 1684 1846 μετὰ
1745 1776 1850 1846 Ἰη-

285 1861 382 1917 σοῦ
440 1863 532 1917 τοῦ
604 1865 840 1934 μεγάλου
912 1865 1098 1935 ἱερέως
1153 1865 1246 1916 καὶ
1309 1866 1608 1936 Ζοροϐάϐελ.
1662 1865 1852 1920 κατελ-

281 1954 506 2022 θόντες,
588 1959 680 2012 καὶ
741 1960 788 2011 οἱ
847 1959 940 2011 ἐπὶ
997 1957 1205 2022 τούτοις
1263 1959 1378 2029 ἅμα
1439 1961 1683 2031 Ἔσδρξι,
1759 1959 1850 2013 τὸν

279 2049 422 2102 νεὼν
489 2050 786 2122 οἰκοδομεῖν
853 2050 1148 2104 ἐκωλύοντο
1199 2049 1268 2103 τὰ
1315 2051 1544 2121 πρῶτα,
1602 2053 1693 2105 καὶ
1745 2053 1852 2104 τεῖ-

281 2158 376 2212 χος
431 2145 496 2212 τῇ
549 2143 697 2194 πόλει
749 2142 1127 2214 περιὸάλλειν,
1193 2142 1269 2204 ὡς
1321 2143 1379 2195 ού
1429 2143 1849 2210 κεκελευσμένου

281 2233 494 2286 τούτου.
602 2235 850 2304 Ἐμεινεν
891 2229 982 2288 οὖν
1017 2236 1120 2299 ἓως
1165 2236 1398 2305 Νεεμίου
1439 2235 1530 2288 καὶ
1580 2233 1850 2304 βασιλείας

297 2321 689 2395 Ἀρταξέρξου,
757 2326 849 2378 καὶ
923 2327 1021 2396 τῆς
1080 2327 1303 2400 Περσῶν
1354 2326 1646 2396 ἡγεμονίας
1701 2325 1851 2388 ἔτους

281 2415 764 2468 πεντεκαιδεκάτου
799 2416 890 2469 καὶ
937 2417 1226 2471 ἐκατοστοῦ
1251 2434 1265 2448 ·
1323 2416 1429 2470 ἀπὸ
1480 2417 1534 2469 δὲ
1584 2417 1680 2486 τῆς
1716 2413 1852 2468 ἁλώ-

285 2525 426 2572 σεως
486 2508 833 2578 Ἰερουσαλὴμ
891 2510 1080 2562 ἑκατὸν
1138 2511 1463 2580 ὀγδοήκοντα
1543 2508 1703 2559 πέντε
1757 2507 1849 2572 ἐτη

277 2597 511 2667 γίνεται.
603 2599 710 2651 Καὶ
771 2599 888 2652 τότε
933 2598 1182 2668 βασιλεὺς
1224 2597 1578 2670 Ἀρταξέρξης
1636 2596 1850 2650 ἐκέλευ-

281 2706 377 2742 σεν
438 2689 848 2760 οἰκοδομηθῆναι
897 2690 992 2762 τὴν
1047 2690 1220 2744 πόλιν.
1299 2691 1536 2761 Νεεμίας
1581 2689 1637 2742 δὲ
1689 2705 1850 2742 κατα-

277 2780 570 2852 πεμφθεὶς,
629 2782 721 2835 τοῦ
768 2782 925 2853 ἔργου
984 2783 1258 2854 προέστη·
1331 2785 1363 2852 ἡ
1418 2769 1492 2834 δὲ’
1529 2779 1844 2852 ᾠκοδομήθη

281 2869 510 2925 πλατεῖα
564 2870 656 2922 καὶ
707 2871 1045 2942 περίτειχος,
1115 2871 1189 2934 ὡς
1245 2871 1642 2942 προεφητεύθη.
1729 2871 1845 2922 Κά-

1119 187 1770 245 DEMONSTRATIONIS
1812 186 2270 244 EVANGELICE
2305 185 2431 240 LIB.
2471 185 2610 241 V’lll.

625 303 932 377 δικαιοσύνη
1011 322 1068 358 τε
1153 307 1366 370 αἰώνιος
1440 306 1857 376 καταγγέλλεται

1969 305 2282 359 hominibus
2316 320 2374 358 se
2419 302 2712 357 videndum
2746 301 3014 358 exhibuit.
3069 302 3210 373 Ergo
3242 317 3365 359 cum
3419 304 3534 360 haec

3433 190 3536 245 6l0

1966 398 2044 450 sic
2077 397 2191 452 fore
2220 396 2446 466 angelus
2477 395 2546 456 is,
2573 394 2639 448 de
2689 409 2798 463 quo
2849 394 3051 448 dictum
3083 403 3188 457 est,
3220 397 3534 452 summatim

1965 491 2068 560 ipsi
2095 491 2375 560 prophetae
2396 487 2680 550 cecinerit.
2726 502 2921 542 rursus
2962 503 3267 542 sermonem
3317 492 3385 548 de
3424 505 3533 550 ιιι

1967 581 2397 636 hebdomadibus
2450 588 2710 642 renovat,
2766 580 3193 648 exquisitissime
3252 597 3347 652 per
3417 586 3531 639 sin-

1963 675 2118 744 gulas
2154 684 2336 743 partes
2369 671 2592 734 docens,
2646 671 2790 724 unde
2835 673 3072 742 incipere
3131 681 3374 741 oporteat
3427 691 3530 728 nu.-

1963 778 2175 817 merare
2193 771 2458 831 tempora,
2475 767 2524 814 et
2544 760 2801 830 quidnam
2819 763 3015 816 talibus
3030 763 3364 830 temporibus
3376 780 3535 818 even-

1961 860 2140 906 turum
2157 854 2245 907 sit.
2262 873 2278 903 ι
2301 853 2364 905 Ει
2389 869 2688 924 cognosces
2713 861 2766 907 et
2783 854 3049 922 intelliges
3073 853 3142 908 ab
3157 854 3303 908 exitu
3323 871 3530 910 sermo-

1959 945 2093 1009 nis,
2147 953 2204 998 ut
2257 947 2653 1016 respondeatur
2711 953 2765 1000 et
2814 944 3111 1000 aedificetur
3167 943 3466 1002 Jerusalem
3510 966 3526 1004 :

1960 1035 2325 1091 hebdomadas
2413 1034 2660 1108 septem,
2721 1048 2773 1092 et
2816 1036 3184 1092 hebdomades
3247 1042 3526 1109 sexaginta

1957 1125 2166 1188 dum,et
2195 1135 2500 1183 revertetur
2529 1139 2580 1182 et
2598 1129 2958 1184 aedificabitur
2981 1129 3156 1198 platea
3183 1141 3232 1184 et
3267 1146 3476 1185 murus.
3500 1150 3520 1184 ι

1955 1214 2120 1285 339
2145 1214 2272 1280 Qum
2303 1231 2435 1272 sane
2463 1219 2623 1272 verba
2657 1228 2718 1272 ut
2744 1219 2963 1273 reddam
3003 1219 3270 1288 planiora,
3298 1221 3525 1288 pulchre

1955 1309 2088 1362 mihi
2118 1308 2292 1363 olliciu
2323 1310 2546 1367 functus
2587 1327 2710 1369 esse
2742 1312 2986 1378 videbor,
3023 1313 3068 1367 si
3106 1316 3524 1370 commentatio-

1951 1415 2074 1454 nem
2107 1400 2159 1454 in
2189 1401 2457 1469 ejusmodi
2489 1405 2640 1460 locos
2669 1405 2788 1474 ejus
2820 1405 2944 1467 viri,
2970 1406 3061 1474 qui
3091 1414 3218 1460 ante
3255 1421 3355 1459 nos
3380 1406 3520 1461 idem

1951 1492 2194 1546 studium
2217 1495 2469 1557 coluerit,
2505 1513 2612 1551 non
2647 1498 3019 1560 occultavere,
3047 1498 3140 1552 sed
3168 1513 3286 1552 eam
3307 1514 3523 1568 quoque

1957 1593 2280 1649 apposuero,
2326 1593 2384 1637 ut
2431 1588 2841 1640 accommodata
2899 1587 2988 1650 iis,
3033 1586 3127 1656 qui
3177 1587 3368 1641 lecturi
3410 1588 3524 1644 sint

1885 1652 1928 1711 Β
1958 1671 2090 1726 haec.
2132 1671 2364 1728 Pulchre
2397 1675 2541 1730 enim
2577 1675 2709 1728 illud
2744 1675 2850 1728 dici
2885 1652 3195 1746 solem—qua:
3219 1677 3520 1732 amicorum

1952 1773 2099 1827 sunt,
2128 1778 2190 1818 ea
2213 1779 2334 1819 esse
2363 1766 2672 1820 communia
2702 1781 2715 1816 :
2749 1773 2803 1820 et
2825 1765 2952 1836 quia
2990 1766 3067 1820 uti
3101 1766 3322 1836 quidem
3359 1766 3519 1837 quasi

1950 1861 2334 1916 communibus
2363 1864 2615 1916 convenit
2646 1863 2734 1927 iis,
2779 1879 2898 1932 quae
2929 1864 3017 1916 alii
3055 1865 3222 1933 probe
3257 1864 3516 1931 dixerint,

1952 1951 2046 2006 sed
2079 1953 2154 2004 ita
2191 1959 2248 2004 ut
2275 1967 2640 2023 agnoscamus
2669 1965 2944 2018 auctores,
2983 1972 3162 2025 neque
3183 1967 3276 2010 aut
3305 1973 3403 2011 sua
3437 1974 3522 2014 so-

1949 2044 2070 2100 bole
2104 2055 2304 2114 patres,
2347 2055 2442 2100 aut
2471 2063 2586 2110 eos,
2617 2051 2711 2117 qui
2746 2049 2910 2118 primi
2951 2051 3356 2116 consueverint,
3389 2067 3518 2121 pro-

1949 2135 2084 2205 priis
2121 2137 2421 2193 seminibus
2451 2136 2859 2200 defraudemns,
2894 2138 3039 2193 illius
3069 2139 3232 2194 verba
3264 2155 3372 2194 non
3401 2156 3520 2211 gra-

1949 2229 2120 2283 vabor
2162 2244 2454 2298 apponere.
2499 2229 2572 2282 Ea
2617 2229 2870 2284 feruntur
2929 2230 3172 2284 Africani
3220 2233 3275 2285 in
3324 2234 3517 2302 quinto

1949 2334 2138 2373 eorum
2171 2335 2291 2390 quae
2326 2320 2392 2376 de
2417 2322 2752 2390 temporibus
2784 2323 3024 2392 scripsit,
3065 2339 3185 2392 quae
3211 2324 3429 2392 quidem
3461 2325 3517 2379 iu

1953 2411 2096 2466 hunc
2123 2413 2340 2467 modum
2378 2428 2435 2468 se
2464 2413 2664 2467 habent
2699 2432 2712 2467 :
2757 2432 2775 2464 ι
2819 2412 2936 2483 Ipsa
2967 2413 3183 2484 quidem
3229 2415 3513 2485 particula,

1949 2502 2143 2572 inquit,
2181 2519 2301 2574 quae
2335 2503 2444 2558 fere
2502 2505 2582 2558 sic
2614 2519 2672 2557 se
2704 2503 2885 2566 habet,
2930 2513 3042 2558 ttim
3084 2507 3250 2560 multa
3283 2518 3393 2562 tum
3423 2507 3519 2562 ad-

1948 2595 2217 2650 mirabilia
2247 2597 2516 2666 significat
2545 2616 2556 2650 :
2591 2605 2828 2652 attamen
2873 2614 3019 2652 nunc
3054 2599 3122 2665 de
3151 2601 3220 2654 iis
3251 2601 3518 2656 duntaxat

1947 2703 2067 2757 quae
2116 2689 2273 2743 nobis
2300 2689 2364 2742 ad
2397 2689 2661 2744 rationem
2713 2698 3036 2758 temporum,
3069 2700 3122 2746 et
3165 2707 3356 2746 eorum
3396 2707 3519 2763 qua:

1945 2779 2285 2848 ad'tempora
2317 2781 2584 2850 pertinent
2616 2782 2953 2836 conductura
2988 2784 3119 2848 sint,
3157 2785 3318 2839 verba
3350 2784 3518 2842 {acido

1947 2885 2089 2925 mus.
2121 2869 2273 2935 Quod
2300 2870 2463 2940 igitur
2490 2871 2603 2926 haec
2635 2872 2702 2926 de
2732 2873 2967 2928 adventu
3000 2873 3204 2930 Christi
3240 2876 3513 2944 dicantur,

279 2964 461 3020 κεῖθεν
529 2963 849 3038 ἀριθμοῦσιν
917 2966 1046 3035 ἡμῖν
1116 2965 1482 3035 ἐϐδομήκοντα
1558 2963 1846 3034 ἐϐδομάδες

1949 2958 2041 3028 qui
2084 2968 2208 3028 post
2253 2959 2625 3016 hebdomadas
2661 2977 2762 3015 ιη
2821 2964 2890 3017 ab
2921 2965 3233 3021 hominibus
3261 2976 3405 3022 esset
3433 2969 3516 3023 vi-

277 3056 362 3118 εἱς
421 3054 511 3106 τόν
566 3053 794 3126 Χριστόν
859 3053 1268 3109 συντελοῦνταιο
1333 3057 1380 3106 εί
1460 3054 1566 3126 γάρ
1626 3054 1846 3107 ἄλλοθέν

277 3146 446 3199 ποθεν
507 3147 756 3219 ἀριθμεῖν
821 3145 1161 3217 ἀρξαίμεθα,
1247 3149 1339 3200 καὶ
1410 3148 1508 3200 οὐκ
1579 3146 1843 3208 ἐντεῦθεν,

275 3235 402 3290 οὔτε
461 3240 487 3289 ὀ
531 3239 716 3308 χρόνος
769 3237 1187 3309 συνδραμεῖται,
1251 3240 1344 3292 καὶ
1395 3239 1618 3300 πλεῖστα
1670 3239 1843 3292 ἄτοπα

278 3331 598 3402 ἀπαντήσει.
693 3332 818 3384 Ἐάν
869 3349 928 3385 τε
987 3333 1095 3404 γάρ
1173 3332 1279 3385 ἀπὸ
1349 3331 1530 3404 Κύρου
1595 3331 1688 3385 καὶ
1747 3333 1844 3403 τῆς

278 3422 502 3497 πρώτης
554 3426 916 3496 καταπομπῆς
973 3425 1068 3495 τὴν
1127 3423 1297 3495 ἀρχὴν
1349 3422 1702 3493 ποιησώμεθα
1748 3424 1842 3495 τῆς

278 3515 626 3589 ἀριθμήσεως
703 3517 810 3570 τῶν
889 3516 1254 3586 ἐῦδομήκοντα
1333 3513 1676 3585 ἑϐδομάδων,
1764 3517 1842 3576 εἰς

279 3609 374 3677 ἐτη
447 3607 636 3660 ἐκατὸν
686 3608 779 3659 καὶ
832 3606 1050 3677 προσέτι
1103 3604 1458 3678 περισσεύει.
1531 3604 1729 3658 πλείων
1785 3604 1840 3656 δὲ

279 3697 506 3767 χρόνος,
576 3699 624 3750 εἰ
677 3697 770 3766 ἀφ’
820 3692 889 3768 ἧς
927 3695 1135 3770 ἡμέρας
1211 3695 1288 3767 τῷ
1355 3695 1546 3766 Δανιὴλ
1595 3697 1622 3748 ό
1676 3699 1838 3763 ἀγγε-

278 3789 368 3852 λος
411 3792 814 3860 προεφήτευσε,
873 3789 1048 3860 πολλῷ
1101 3789 1155 3841 δὲ
1205 3788 1402 3842 πλείων
1430 3829 1444 3852 ,
1492 3791 1539 3841 εί
1587 3790 1679 3840 ἀπ’
1741 3790 1838 3856 ἁρ-

275 3881 382 3952 χῆς
422 3881 520 3951 τῆς
563 3881 950 3951 αἰχμαλωσίας.
1031 3881 1366 3952 Εὑρίσκομεν
1420 3877 1526 3948 γὰρ
1565 3877 1660 3949 τὴν
1706 3880 1839 3949 Περ-

278 3973 391 4026 σῶν
467 3971 740 4042 βασιλείαν
794 3970 936 4024 ἔτεσι
1001 3970 1294 4032 διακοσίοις
1349 3969 1637 4040 τριάκοντα
1685 3983 1836 4038 περι-

273 4064 661 4135 γραφομένην,
721 4065 818 4134 τήν
886 4080 945 4115 τε
999 4062 1320 4115 Μακεδόνων
1386 4062 1464 4122 εἰς
1528 4060 1622 4129 ἐτη
1679 4077 1834 4130 τρια-

271 4159 434 4211 κόσια
483 4157 846 4228 ἐὸδομήκοντα
901 4154 1326 4226 παρατείνουσαν
1354 4194 1368 4218 ,
1437 4152 1690 4206 κάκεῖθεν
1745 4154 1834 4206 ἐπὶ

268 4248 333 4302 τό
384 4248 629 4318 Τιϐερίου
681 4248 955 4318 Καίσαρος
1016 4243 1394 4300 ἑκκαιδέκατον
1448 4243 1564 4306 ἔτος
1618 4246 1696 4307 εἰς
1739 4243 1831 4314 ἔτη

269 4339 365 4404 ἑξή
373 4355 552 4391 κοντα.

267 4428 562 4499 ἐϐδομάδες
605 4430 684 4490 εἰς
739 4427 826 4480 τόν
885 4428 977 4479 ἐπὶ
1021 4425 1252 4494 Χριστὸν
1307 4425 1676 4479 συντελοῦνται
1717 4426 1834 4498 χρό-

269 4540 397 4586 νον,
471 4521 616 4576 κατὰ
683 4522 805 4584 τοὺς
867 4519 1132 4572 Ἰουδαίων
1180 4517 1463 4590 ἀριθμούς.
1535 4518 1665 4571 Ἀπὸ
1726 4517 1832 4588 γὰρ

267 4614 540 4684 Νεεμίου,
621 4612 678 4675 ὃς
764 4611 866 4664 ὑπὸ
951 4608 1300 4681 Ἀρταξέρξου
1388 4609 1486 4681 τὴν
1564 4611 1832 4680 Ἰερουσα-

263 4705 379 4776 λὴμ
426 4703 856 4774 ἀνοικοδομήσων
911 4699 1166 4771 ἐπέμφθη
1217 4700 1324 4752 ἔτει
1371 4697 1830 4766 πεντεκαιδεκάτῳ

263 4797 362 4849 καὶ
415 4794 685 4863 ἑκατοστῷ
734 4793 834 4863 τῆς
883 4792 1107 4864 Περσῶν
1165 4790 1437 4862 βασιλείας
1468 4830 1482 4853 ,
1557 4787 1721 4841 αὐτοῦ
1775 4788 1830 4840 δὲ

275 4884 629 4958 ’Δρταξέρξου
684 4883 956 4954 βασιλείας
1003 4881 1230 4952 εἰκοστῷ
1279 4881 1427 4944 ἔτει,
1483 4879 1577 4934 καὶ
1633 4879 1827 4949 Ὀλυμ-

261 4975 453 5039 πιάδος
492 4975 850 5048 ὀγδοηκοστῆς
901 4975 1089 5044 τρίτης
1129 4973 1236 5026 ἔτει
1277 4973 1518 5042 τετάρτῳ
1541 5012 1554 5036 ,
1593 4971 1684 5024 ἐπὶ
1713 4970 1831 5023 τοῦ-

259 5087 356 5125 τον
409 5068 500 5122 τὸν
551 5069 774 5140 χρόνον,
839 5067 896 5130 ὃς
936 5063 1002 5138 ἦν
1061 5065 1412 5137 Ὀλυμπιάδος
1463 5063 1829 5132 διακοσιοστῆς

257 5159 516 5232 δευτέρας
586 5162 702 5226 ἔτος
775 5160 1060 5231 δεύτερον,
1139 5156 1387 5226 Τιϐερίου
1449 5154 1503 5207 δὲ
1551 5155 1828 5225 Καίσαρος

258 5251 554 5322 ἡγεμονίας
607 5251 722 5315 ἔτος
776 5250 1154 5304 ἑκκαιδέκατον
1179 5288 1192 5310 ,
1246 5248 1338 5318 ἐτη
1403 5246 1686 5313 συνάγεται
1741 5261 1829 5297 τε·

253 5344 525 5417 τρακόσια
598 5343 964 5412 ἐΰδομήκοντα
1044 5340 1202 5393 πέντε
1228 5379 1242 5401 ,
1339 5339 1480 5409 ἅπερ
1566 5339 1826 5408 Ἑϐραϊκὰ

253 5434 587 5507 τετρακόσια
648 5434 999 5504 ἐννενήκοντα
1061 5432 1289 5500 γίνεται,
1339 5429 1481 5483 κατὰ
1528 5429 1617 5483 τὸν
1669 5429 1825 5500 σελη-

256 5529 430 5581 νιαῖον
485 5526 678 5598 δρόμον
725 5526 851 5588 τοὺς
894 5523 1168 5587 ἐνιαυτοὺς
1226 5522 1446 5576 ἐκείνων
1504 5521 1825 5596 ἐξαριθμου-

262 5618 476 5689 μένων,
535 5619 607 5681 ὡς
655 5617 768 5670 ἐστι
827 5618 1112 5688 πρόχειρον
1146 5616 1346 5680 εἰπεῖν,
1400 5615 1622 5686 ἡμερῶν
1673 5631 1826 5685 τρια-

1953 3049 2183 3112 dandus,
2214 3051 2526 3119 neutiquam
2552 3051 2774 3106 dubium
2805 3061 2888 3107 est
2917 3073 2929 3107 :
2959 3062 3200 3124 tempore
3228 3057 3373 3111 enim
3406 3056 3518 3112 Sal-

1950 3141 2152 3196 vatoris
2182 3143 2356 3195 nostri
2401 3151 2493 3195 aut
2522 3159 2587 3196 ex
2619 3143 2711 3196 illo
2751 3145 2891 3213 ipso,
2924 3154 2976 3198 et
3021 3147 3378 3215 antiquantur
3416 3149 3515 3204 de—

1946 3232 2097 3296 licta,
2126 3239 2180 3286 et
2219 3242 2441 3301 peccata
2470 3247 2925 3288 consummantur
2957 3254 2972 3291 :
3010 3253 3105 3306 per
3131 3239 3510 3296 remissionem

1945 3335 2147 3389 autem,
2174 3325 2489 3394 iniquitates
2517 3341 2640 3378 cum
2671 3326 2958 3396 injustitiis
2999 3330 3304 3399 expiatione
3325 3331 3512 3387 deleu-

1945 3423 2053 3478 tur,
2106 3417 2429 3485 justitiaque
2480 3417 2813 3486 sempiterna
2861 3418 3250 3487 denuntiatur,
3314 3432 3512 3493 praeter

1941 3521 2059 3561 cam
2089 3522 2209 3576 qua:
2236 3521 2302 3561 ex
2352 3507 2468 3577 lege
2495 3509 2901 3576 acquirebatur.
2950 3509 3201 3568 Visiones
3243 3523 3420 3571 autem
3455 3524 3510 3572 et

1945 3598 2237 3668 pr0phetize
2275 3614 2447 3668 usque
2497 3598 2563 3652 ad
2611 3596 2897 3664 Joannem,
2929 3612 2982 3656 et
3024 3602 3258 3661 Sanctus
3289 3616 3508 3663 sancto-

1941 3707 2060 3745 rum
2093 3691 2314 3762 ungitur
2345 3710 2357 3743 :
2398 3705 2521 3743 nam
2557 3706 2680 3744 cum
2709 3701 2838 3746 ante
2874 3693 3172 3750 Salvatoris
3206 3699 3379 3753 nostri
3408 3697 3505 3754 ad-

1939 3792 2156 3837 ventum
2201 3784 2314 3838 haec
2355 3797 2464 3837 non
2509 3790 2733 3844 essent,
2782 3786 3242 3853 exspectabantur
3301 3799 3500 3845 tamen.

1936 3874 2157 3929 Numeri
2189 3891 2316 3929 vero
2351 3874 2565 3928 initium
2592 3874 2861 3943 accipere,
2894 3875 2996 3930 iiOc
3029 3885 3113 3930 est
3153 3893 3258 3932 Lxx
3298 3878 3505 3934 hebdo-

1937 3965 2240 4029 madarum,
2285 3965 2378 4034 qui
2417 3971 2546 4019 sunt
2594 3965 2721 4017 anni
2763 3965 3146 4036 quadringenti
3184 3969 3498 4039 nonaginta,

1935 4058 2160 4126 angelus
2192 4057 2435 4126 pnecipit
2472 4056 2544 4110 ab
2577 4056 2722 4109 exitu
2768 4059 3038 4112 sermonis
3068 4067 3125 4112 ut
3173 4061 3500 4129 respondea-

1935 4156 2044 4211 tur,
2085 4158 2139 4202 et
2181 4149 2482 4202 :editicctur
2528 4146 2852 4202 Jerusalem.
2895 4148 3066 4203 Porro
3112 4148 3228 4204 haec
3255 4151 3494 4221 contige-

1933 4252 2062 4296 runt
2084 4243 2233 4312 regni
2257 4241 2594 4307 Artaxerxis,
2619 4245 2710 4314 qui
2743 4243 3034 4298 Persarum
3068 4260 3158 4296 rex
3193 4243 3315 4308 fuit,
3355 4260 3500 4301 anno

652 4337 782 4389 Ἀπὸ
822 4337 877 4388 δὲ
944 4335 1293 4406 Ἀρταξέρξου
1356 4336 1410 4386 αἱ
1467 4334 1829 4404 ἐϐδομήκοντα

1945 4332 2194 4386 vicesimo
2219 4353 2232 4386 :
2263 4333 2426 4400 hujus
2449 4334 2591 4386 enim
2619 4335 2874 4404 pincerna
2904 4332 3192 4389 Nehemias
3223 4351 3346 4390 cum
3375 4352 3497 4392 eum

1929 4423 2110 4490 ipsum
2136 4431 2402 4491 rogasset,
2439 4438 2759 4493 responsum
2798 4427 3025 4494 accepit,
3057 4436 3112 4479 ut
3140 4427 3499 4486 aediﬁcaretur

1929 4511 2251 4568 Jerusalem.
2305 4512 2370 4566 Et
2422 4529 2602 4568 sermo
2631 4516 2799 4570 exivit
2829 4532 2937 4584 quo
2989 4518 3165 4586 ipsum
3197 4519 3302 4573 hoc
3339 4521 3501 4588 jube—

1931 4605 2090 4659 batur
2116 4625 2128 4657 :
2165 4620 2288 4658 nam
2319 4604 2392 4657 ad
2423 4605 2556 4660 illud
2587 4622 2763 4676 usque
2807 4616 3023 4678 tempus
3053 4609 3252 4664 civitas
3282 4610 3498 4665 deserta

1933 4700 2226 4748 manserat.
2276 4693 2410 4748 Cum
2457 4695 2602 4750 enim
2642 4696 2818 4767 Cyrus
2862 4706 2985 4766 post
3027 4700 3496 4768 septuagenariam

1933 4787 2246 4841 servitutem
2275 4786 2543 4841 volentem
2564 4804 3004 4860 unumquemque
3033 4790 3334 4845 voluntarie
3364 4793 3499 4846 emi-

1931 4883 2113 4945 sisset,
2148 4882 2239 4951 qui
2275 4897 2399 4935 cum
2441 4880 2570 4936 Jcsu
2604 4899 2801 4953 magno
2834 4886 3120 4940 sacerdote
3147 4894 3201 4940 et
3250 4884 3497 4941 Zoroba-

1931 4973 2037 5037 bel,
2070 4974 2271 5044 quique
2297 4982 2421 5044 post
2450 4973 2549 5030 hos
2572 4975 2721 5044 ipsos
2743 4991 2865 5029 eum
2891 4976 3056 5030 Esdra
3081 4977 3495 5042 descenderant,

1929 5065 2195 5120 aediﬁcare
2247 5067 2505 5133 templum
2558 5077 2611 5120 et
2659 5082 2874 5120 murum
2915 5068 3122 5121 civitati
3160 5068 3499 5124 circumdare

1931 5156 2088 5210 initio
2125 5154 2573 5224 prohibebantur,
2601 5162 2861 5224 tanquam
2895 5157 2998 5210 hoc
3030 5156 3354 5226 imperatum
3387 5173 3498 5212 non

1931 5254 2094 5301 esset.
2128 5245 2327 5301 Mansit
2355 5246 2518 5316 igitur
2550 5261 2723 5315 usque
2751 5243 2820 5299 ad
2845 5243 3156 5301 Nehemiam
3195 5257 3250 5301 et
3271 5261 3498 5318 regnum

1931 5337 2268 5400 Artaxerxis,
2317 5353 2628 5406 annumque
2669 5337 2882 5405 imperii
2923 5335 3214 5391 Persarum
3261 5334 3499 5391 centesi-

1933 5443 2080 5482 mum
2115 5438 2168 5483 et
2203 5429 2455 5498 quintum
2483 5428 2756 5484 decimum
2794 5443 2955 5483 :cum
2992 5443 3120 5482 vero
3151 5443 3182 5479 a
3207 5435 3366 5498 capta
3410 5425 3501 5481 Je-

1932 5522 2171 5575 rusalem
2200 5537 2377 5576 annus
2408 5522 2740 5578 centesimus
2770 5527 2932 5592 atque
2970 5521 3338 5592 octogesimus
3369 5535 3498 5590 age-

1932 5621 2100 5679 retur,
2145 5612 2310 5684 390
2354 5621 2466 5668 tum
2515 5630 2608 5670 rex
2652 5614 2986 5673 Artaxerxes
3025 5612 3191 5682 jussit
3241 5611 3505 5668 aediﬁcari
