3868 6196
581 211 679 267 6|l

1214 210 1485 269 EUSEBH
1517 206 1990 267 CIESARIENSIS
2025 206 2175 265 OPP.
2214 204 2393 261 PARS
2432 204 2494 264 ll.
2532 237 2603 249 -
2634 206 3131 266 APOLOGETICA.

3625 224 3707 281 61?.

579 326 876 392 civitatem,
907 334 960 381 et
987 324 1296 388 Nebemias,
1321 340 1465 380 unus
1480 339 1670 380 eorum
1698 323 1791 394 qui
1821 322 2007 379 emissi
2035 321 2114 377 l'ue

2216 352 2228 382 ι
2255 320 2452 374 κοσίων
2484 322 2816 393 πεντήκοντα
2860 326 3141 396 τεσσάρων
3161 362 3176 386 ,
3224 326 3308 379 τοῦ
3333 328 3524 400 ἡλιακοῦ
3552 339 3708 396 κύκλου

579 428 724 482 rant.
754 417 903 489 operi
926 416 1145 487 praefuit
1169 431 1184 469 :
1217 424 1272 472 et
1301 416 1479 487 platea
1513 424 1568 472 et
1590 417 1733 470 muri
1762 415 1999 472 ambitus
2018 413 2145 469 tedi-

578 508 738 564 ﬂcata
765 518 912 572 sunt,
944 508 1089 563 sicut
1129 506 1373 563 futurum
1408 507 1693 579 prophetia
1721 507 2137 578 signiﬁcaverat.

576 595 707 655 Inde
738 599 901 669 igitur
926 598 1086 653 nobis
1126 614 1420 653 numerare
1450 599 1837 669 incipientibus
1868 614 1974 653 ιιι
2009 597 2142 651 heb-

576 688 835 745 domades
862 690 918 744 in
943 689 1221 745 Christum
1258 690 1663 746 terminantur:
1696 705 1819 744 nam
1852 690 1901 745 si
1946 689 2016 743 ab
2048 689 2141 744 illo

576 781 766 853 quovis
796 788 1037 852 tempore
1077 782 1401 838 numerandi
1450 782 1665 837 initium
1705 782 2016 847 fecerimus.
2044 796 2142 837 ne~

571 887 677 943 que
698 878 913 943 tempus
940 873 1117 945 ipsum
1154 872 1463 940 conveniet,
1492 880 1547 929 et
1579 873 1747 927 multa
1794 872 2141 928 incommoda

571 962 759 1019 subire
815 977 1045 1018 necesse
1072 964 1197 1018 erit.
1232 961 1357 1019 Sive
1398 964 1543 1018 enim
1577 979 1607 1017 a
1649 962 1812 1035 Cyro,
1857 964 2138 1035 primaque

566 1053 879 1115 emissione.
911 1055 1251 1126 septuaginta
1283 1053 1653 1111 hebdomadas
1693 1071 1978 1111 numerare
2024 1070 2136 1111 cm-

566 1146 829 1216 perimus,
861 1148 989 1201 anni
1016 1154 1236 1202 centum
1273 1156 1327 1203 et
1357 1148 1591 1219 amplius
1639 1159 1986 1220 supererunt,
2018 1151 2134 1208 sive

565 1236 635 1291 ab
660 1251 726 1291 eo
748 1236 836 1292 die
865 1252 973 1307 quo
1011 1238 1236 1309 angelus
1286 1238 1392 1310 ipsi
1422 1238 1612 1294 Daniel
1639 1239 1916 1295 oraculum
1952 1239 2135 1295 reddi-

563 1328 663 1395 dit,
694 1329 855 1383 etiam
887 1330 1061 1399 major
1104 1329 1194 1385 ﬁet
1234 1345 1502 1385 annorum
1531 1346 1812 1387 numerus.
1842 1330 2012 1387 Multo
2032 1347 2131 1387 au-

560 1428 671 1474 tem
722 1423 914 1490 major,
940 1422 987 1477 si
1039 1422 1110 1477 ab
1164 1422 1321 1477 initio
1363 1431 1537 1493 captae
1583 1424 1758 1479 urbis.
1818 1421 2130 1484 Invenimus

560 1512 704 1565 enim
734 1527 962 1583 regnum
996 1511 1289 1569 Persarum
1339 1513 1484 1568 intra
1526 1528 1701 1569 annos
1738 1527 1801 1568 cc
1831 1521 1993 1586 atque
2017 1531 2130 1571 xxx

559 1601 849 1657 contineri.
877 1601 1081 1658 Deinde
1119 1602 1472 1658 Macedonum
1509 1605 1575 1659 ad
1628 1619 1899 1658 annorum
1934 1620 2128 1661 nume-

2243 411 2576 483 ὑπάρχοντος
2641 413 2865 487 ἡμερῶν
2923 416 3240 487 τριακοσίων
3299 419 3525 493 ἐξήκοντα
3584 430 3710 486 πέντε

2239 503 2518 575 τετάρτου.
2624 504 2735 576 Τὴν
2785 504 2894 579 γάρ
2947 508 3087 562 κατά
3135 507 3347 582 σελήνην
3402 513 3706 592 δωδεκάμηνον

2240 593 2608 665 παραλλάσσει
2681 595 2916 669 ἡμέραις
2976 597 3164 653 ἕνδεκα
3226 600 3315 654 καὶ
3363 604 3583 678 τετάρτῳ.
3639 613 3715 665 Διὰ

2238 685 2398 738 τοῦτο
2461 686 2719 758 Ἕλληνες
2777 691 2872 743 καὶ
2952 690 3191 745 Ἰουδαῖοι
3256 696 3392 764 τρεῖς
3447 698 3590 770 μῆνας
3635 703 3715 774 ἐμ-

2238 775 2491 848 ϐολίμους
2528 779 2704 833 ἐτεσιν
2726 779 2870 834 ὀκτὼ
2909 782 3384 854 παρεμϐάλλουσιν’
3418 788 3607 855 ὀκτάκις
3632 796 3716 868 γάρ

2235 866 2307 921 τὰ
2346 867 2535 922 ἕνδεκα
2577 868 2835 942 τέταρτον
2883 873 3027 925 ποιεῖ
3054 871 3322 945 τρίμηνον.
3392 875 3466 929 Τὰ
3487 877 3631 934 τοίνυν
3652 866 3719 934 τέ-

2235 961 2495 1033 τρακόσια
2520 959 2885 1033 ἐϐδομήκοντα
2904 964 3066 1018 πέντε
3088 963 3205 1038 ἐτη,
3228 965 3566 1040 όκταετηρίδες
3587 973 3722 1040 γίνον-

2235 1070 2324 1107 ται
2375 1054 2711 1125 πεντήκοντα
2754 1054 2910 1108 ἐννέα
2962 1057 3054 1110 καὶ
3103 1056 3266 1129 μῆνες
3317 1060 3487 1130 τρεῖς’
3528 1061 3596 1125 ὡς
3633 1050 3728 1135 τριέ

2237 1142 2407 1213 μήνου
2466 1142 2524 1196 δὲ
2576 1143 2869 1214 ἐμϐολίμου
2917 1146 2984 1216 τῇ
3034 1145 3284 1218 όκταετίᾳ
3312 1148 3601 1221 γινομένης,
3651 1153 3722 1224 ἐτη

2235 1233 2616 1288 πεντεκαίδεκα
2662 1234 2856 1304 ὀλίγων
2886 1235 3108 1309 ἡμερῶν
3145 1237 3459 1294 ἀποδεόντων
3482 1241 3720 1310 γίγνονται.

2233 1320 2417 1376 Ταῦτα
2441 1323 2498 1377 δὲ
2526 1323 2661 1396 πρὸς
2685 1326 2799 1389 τοῖς
2836 1326 3207 1395 τετρακοσίοις
3241 1327 3578 1400 ἐϐδομήκοντα
3599 1332 3724 1385 πέντε

2231 1413 2426 1480 ἔτεσιν,
2478 1416 2536 1469 αἱ
2581 1415 2948 1489 ἐϐδομήκοντα
2993 1417 3281 1490 ἐϐδομάδες
3328 1417 3670 1478 συντελοῦνται,
3707 1444 3720 1475 ι

2230 1503 2415 1558 Ταῦτα
2444 1506 2543 1578 μὲν
2584 1503 2676 1562 οὖν
2715 1508 3057 1580 Ἀφρικανός.
3090 1511 3154 1564 Et
3195 1511 3251 1565 δέ
3285 1513 3385 1584 χρὴ
3412 1514 3500 1567 καὶ
3529 1515 3654 1585 ἡμᾶς
3672 1518 3727 1568 οἰ-

2229 1597 2385 1651 κείαν
2417 1601 2496 1662 είς
2537 1602 2662 1665 τοὺς
2698 1602 2897 1666 τόπους
2939 1602 3191 1656 ἀπόδοσιν
3225 1605 3303 1668 είς
3341 1603 3491 1674 μέσον
3525 1607 3724 1675 ἀγαγεῖν,

558 1704 681 1745 rum
723 1692 1032 1747 continuari
1080 1701 1447 1749 trecentorum
1496 1702 1550 1750 et
1583 1696 1943 1766 septuaginta.
1992 1695 2114 1753 lnde

2228 1687 2371 1758 φημὶ
2414 1688 2487 1760 μὴ
2533 1690 2728 1763 μάτην,
2774 1691 2907 1763 μηδὲ
2955 1692 3031 1756 ὡς
3066 1690 3224 1763 ἔτυχε
3391 1670 3727 1768 διαίρεσιν-πε-

558 1796 690 1837 vero
718 1784 785 1839 ad
822 1783 1025 1841 Tiberii
1070 1785 1306 1842 Caesaris
1336 1802 1537 1842 annum
1569 1796 1780 1843 sextum
1814 1786 2118 1854 decimum,

556 1892 731 1934 annos
766 1878 1069 1947 sexaginta.
1101 1877 1184 1932 Ab
1227 1878 1529 1935 Artaxerxe
1566 1888 1747 1936 autem
1781 1883 2123 1955 septuaginta

556 1969 921 2026 bebdomades
967 1969 1035 2024 ad
1060 1968 1265 2025 Christi
1309 1978 1524 2042 tempus
1557 1974 1899 2039 perveniunt,
1934 1975 1981 2029 si
2019 1974 2118 2030 Ju-

554 2059 797 2116 ὁποι-θην
826 2076 1081 2117 numeros
1114 2062 1414 2133 sequimur.
1459 2061 1737 2135 Siquidem
1773 2080 1804 2119 a
1838 2065 2116 2132 Nehemia,

553 2153 644 2221 qui
676 2160 736 2209 ut
757 2153 1050 2209 aediﬁcaret
1098 2154 1404 2211 Jerusalem
1430 2164 1515 2212 est
1540 2158 1763 2222 missus,
1798 2173 1942 2213 anno
1963 2158 2118 2231 regni

554 2243 840 2302 Persarum
890 2247 1191 2302 centesimo
1222 2254 1276 2302 et
1306 2248 1497 2318 quinto
1516 2248 1749 2317 decimo,
1779 2250 1873 2321 qui
1902 2249 2003 2305 fuit
2031 2253 2116 2321 ip-

551 2337 668 2393 sius
712 2337 865 2409 regni
900 2337 1220 2394 Artaxerxis
1252 2338 1568 2405 vicesimus,
1599 2349 1760 2411 atque
1797 2340 1939 2396 idem
1961 2350 2115 2396 octo-

547 2428 764 2499 gesima:
797 2428 969 2483 tertiae
1004 2429 1326 2500 Olympiadis
1361 2441 1608 2499 quartus,
1634 2430 1700 2484 ad
1734 2430 1865 2486 illud
1900 2439 2112 2504 tempus

547 2517 641 2587 qui
676 2516 779 2571 fuit
824 2517 1152 2589 Olympiadis
1201 2517 1595 2574 ducentesima:
1643 2518 1898 2574 secunda;
1935 2534 2112 2576 annus

546 2607 842 2672 secundus,
872 2608 1084 2678 imperii
1105 2616 1282 2663 autem
1315 2606 1519 2663 Tiberii
1543 2607 1774 2665 Caesaris
1807 2620 1995 2667 sextus
2017 2612 2113 2668 de-

543 2699 742 2764 cimus,
768 2699 899 2753 anni
944 2706 1300 2755 numerantur
1342 2700 1722 2770 quadringenti
1767 2703 2109 2775 septuaginta

544 2793 802 2864 quinque,
843 2791 937 2864 qui
980 2789 1245 2846 Hebraica
1288 2792 1499 2847 ratione
1547 2791 1682 2848 ﬁunt
1728 2794 2109 2867 quadringenti

544 2882 839 2952 nonaginta
867 2900 881 2935 :
909 2888 1114 2952 utpote,
1145 2895 1269 2935 cum
1309 2881 1387 2935 illi
1418 2881 1486 2936 ad
1508 2897 1730 2937 cursum
1762 2884 1903 2940 luna:
1933 2900 2108 2944 annos

542 2982 859 3043 computare
879 2972 1285 3037 consueverint,
1323 2981 1384 3027 ut
1414 2973 1518 3028 hac
1547 2974 1761 3030 ratione
1801 2990 1976 3033 annus
2001 2980 2105 3043 sit,

542 3066 685 3136 quod
712 3065 860 3121 dictu
895 3064 1050 3120 facile
1076 3072 1182 3129 est,
1218 3065 1429 3120 dierum
1458 3072 1824 3121 trecentorum
1847 3068 2108 3140 quinqua-

540 3160 690 3230 ginta
718 3164 977 3229 quatuor,
1023 3172 1147 3213 cum
1177 3164 1357 3212 tamen
1380 3158 1576 3213 solaris
1603 3172 1800 3215 cursus
1827 3159 1945 3216 dies
1970 3176 2106 3217 con-

541 3251 685 3307 ﬁciat
713 3257 986 3306 trecentos
1029 3250 1309 3322 sexaginta
1348 3249 1591 3320 quinque
1619 3264 1745 3304 cum
1788 3250 1951 3307 unius
1993 3251 2101 3309 diei

537 3350 691 3414 parte
715 3350 930 3413 quarta.
963 3341 1039 3395 Ex
1077 3357 1186 3412 quo
1229 3350 1454 3412 apparet
1488 3342 1711 3398 lunares
1741 3358 1938 3399 cursus
1962 3343 2091 3400 duo-

535 3435 735 3499 decim,
789 3434 859 3488 ab
901 3448 1012 3488 uno
1062 3434 1230 3489 solari
1284 3446 1474 3496 cursu,
1525 3433 1778 3490 undecim
1816 3435 2008 3493 diebus
2046 3443 2102 3492 et

534 3534 732 3599 quarta
763 3527 927 3582 unius
942 3525 1049 3581 diei
1070 3524 1339 3596 superari.
1362 3524 1570 3582 Idcirco
1592 3534 1647 3582 et
1668 3524 1839 3582 Graeci
1862 3527 2098 3583 etJudaai

533 3627 718 3675 ternos
754 3618 1110 3674 intercalares
1137 3633 1352 3674 menses
1374 3627 1568 3673 octavo
1598 3619 1798 3689 cuique
1828 3632 1975 3675 anno
2000 3619 2098 3675 ad—

530 3708 743 3774 iiciunt.
784 3708 994 3764 Etenim
1022 3710 1067 3765 si
1098 3707 1347 3765 undenos
1380 3723 1505 3765 cum
1526 3710 1689 3765 unius
1719 3719 1871 3780 parte
1901 3718 2097 3782 quarta

531 3801 703 3858 octies
749 3801 1098 3872 repetiveris,
1145 3800 1311 3855 trium
1361 3802 1629 3858 mensium
1681 3802 1915 3872 spatium
1962 3817 2095 3857 con-

531 3891 701 3949 ﬂcies.
750 3892 1144 3964 Quadringenti
1202 3894 1366 3964 igitur
1438 3891 1780 3965 septuaginta
1853 3894 2092 3966 quinque

528 3989 693 4053 anni,
746 3989 999 4043 octennia
1057 3986 1291 4042 reddunt
1340 3987 1733 4058 quinquaginta
1791 4002 1986 4043 novem
2039 3996 2093 4043 et

528 4095 703 4135 annos
760 4088 1023 4149 praeterea
1081 4087 1212 4132 tres.
1275 4078 1412 4132 Cum
1458 4094 1589 4133 vero
1643 4088 1837 4133 octavo
1895 4079 2093 4150 cuique

527 4186 673 4226 anno
717 4172 858 4226 terni
913 4172 1305 4225 intercalentur
1354 4185 1605 4233 menses,
1657 4168 1944 4224 coniicitur
1995 4185 2091 4225 an-

524 4278 720 4319 uorum
758 4279 825 4318 xv
859 4277 1096 4325 summa,
1141 4261 1331 4333 paucis
1371 4261 1628 4316 detractis
1671 4261 1883 4317 diebus.
1927 4261 2083 4333 391

2228 1781 2476 1854 ποιῆσθαι
2501 1783 2590 1837 τὸν
2614 1783 2767 1853 λόγον
2801 1784 2910 1839 τῶν
2947 1785 3311 1858 ἐϐδομήκοντα
3336 1786 3727 1858 ἐϐδομάδωνΔιει

2224 1872 2332 1927 λὼν
2359 1873 2467 1946 γὰρ
2492 1873 2662 1938 αὑτάς
2688 1878 2770 1934 είς
2802 1874 3023 1947 πρώτας
3047 1876 3209 1939 ἑπτὰ,
3252 1876 3419 1930 ἔπειθ’
3445 1876 3617 1950 ἑτέρας
3636 1878 3729 1949 έξη-

2224 1980 2386 2018 κοντα
2409 1964 2522 2029 δύο,
2546 1967 2640 2020 καὶ
2669 1963 2807 2037 μετὰ
2836 1964 3062 2020 πλεῖστα
3087 1964 3158 2019 τά
3185 1966 3384 2038 μεταξὺ
3408 1966 3729 2040 ἐπιλεγόμενα,

2222 2053 2319 2126 τὴν
2352 2055 2478 2126 μίαν
2501 2056 2726 2122 ἐπιθεὶς,
2751 2055 2893 2110 οὕτω
2920 2055 3012 2111 τὸν
3038 2057 3271 2129 ἀριθμὸν
3291 2057 3395 2112 τῶν
3421 2059 3733 2131 ἐϐδομήκοντα

2223 2146 2523 2218 ἑϐδομάδων
2565 2148 2895 2220 άφωρίσατο.
2930 2148 3091 2218 Λέγει
3128 2149 3175 2203 δ’
3222 2146 3338 2204 οὖν’
3381 2170 3400 2202 ι
3433 2151 3535 2204 Καὶ
3568 2149 3730 2221 γνώσῃ,

2223 2240 2315 2292 καὶ
2345 2239 2592 2311 συνήσεις
2627 2240 2733 2293 ἀπὸ
2762 2238 2938 2306 ἐξόδου
2973 2238 3129 2309 λόγου
3162 2240 3260 2295 τοῦ
3300 2241 3630 2316 ἀποκριθῆναι
3659 2241 3731 2294 καὶ

2219 2327 2313 2381 τοῦ
2355 2328 2701 2401 οἰκοδομῆσαι
2742 2329 3087 2402 Ἰερουσαλὴμ
3129 2331 3238 2397 ἕως
3278 2332 3508 2403 Χριστοῦ
3543 2332 3732 2404 ἡγουμέ-

2220 2435 2332 2483 νου,
2363 2418 2650 2492 ἐϐδομάδες
2690 2419 2849 2486 ἐπτὰ,
2892 2421 2987 2475 καὶ
3030 2421 3325 2495 ἐϐδομάδες
3352 2423 3684 2495 ἑξηκονταδύο.
3712 2441 3726 2471 ν

2217 2508 2331 2565 Εἶθ’
2376 2513 2540 2586 ἕτερά
2573 2531 2693 2567 τινα
2742 2513 2943 2586 μεταξὺ
2987 2516 3309 2585 ἐπαγαγὼν,
3345 2516 3442 2589 τὴν
3476 2516 3736 2572 τελευταίαν

2217 2604 2557 2677 προστίθησι,
2570 2606 2765 2679 φήσας*
2791 2625 2809 2658 ι
2829 2608 2938 2661 Καὶ⁹
2959 2606 3273 2680 δυναμὼσει
3294 2609 3548 2683 διαθήκην
3565 2608 3734 2669 πολλοῖς

2216 2693 2447 2766 ἑϐδομὰς
2491 2695 2607 2767 μία.
2652 2714 2671 2748 ι
2729 2697 2921 2752 Ὄτιδ*
2952 2697 3012 2750 οὐ
3056 2698 3239 2772 μάτην
3277 2699 3469 2766 ταῦτα,
3511 2700 3607 2754 οὐδ’
3637 2698 3737 2753 άνευ

2212 2786 2314 2856 τῆς
2360 2787 2509 2851 θείας
2554 2788 2840 2853 ἐπιπνοίας
2890 2790 3256 2861 ἐσχεδίασται,
3307 2791 3465 2847 πάνθ’
3510 2788 3735 2847 ὁντιναοῦν

2211 2876 2319 2931 τῶν
2343 2877 2418 2942 ὡς
2448 2876 2581 2933 Θεοῦ
2620 2881 2854 2951 ῥήμασιν
2890 2881 3072 2945 αὐτοῖς
3105 2882 3489 2954 προσεχόντων
3520 2881 3740 2953 όμολσγήυ

2214 2985 2325 3023 σειν
2373 2969 2628 3042 ἡγοῦμαι.
2672 2969 2841 3025 Τοῦτο
2889 2972 2987 3043 μὲν
3034 2968 3128 3026 οὖν
3179 2973 3400 3046 πρῶτον
3441 2976 3566 3044 ἡμῖν
3595 2970 3737 3034 καλῶς

2206 3060 2381 3129 ἔδοξεν
2411 3062 2869 3135 ἐπισημήνασθαι,
2907 3064 3233 3121 καταλιπεῖν
3272 3084 3333 3121 τε
3378 3069 3491 3131 τοῖς
3518 3064 3737 3135 ἐντυγχά-

2202 3171 2350 3209 νουσι
2370 3154 2467 3227 τὴν
2485 3154 2579 3208 τοῦ
2606 3155 2928 3228 ζητηθέντος
2950 3157 3154 3229 ἀκριϐῆ
3177 3158 3360 3213 λύσιν.
3386 3159 3450 3213 Εἰ
3473 3159 3528 3212 δέ
3553 3158 3644 3230 χρὴ
3666 3155 3738 3209 καὶ

2202 3246 2348 3317 ἡμᾶς
2371 3245 2432 3300 τδ
2473 3247 2709 3301 ἐπεισιὺν
2748 3249 2822 3320 μὴ
2865 3248 3487 3324 ἀποκρύψασθαι,οφημὶ
3520 3250 3628 3305 καθ’
3650 3247 3742 3302 ἐτέ-

2202 3354 2302 3410 ραν
2323 3337 2555 3393 διάνοιαν
2580 3339 2696 3410 ἦτοι
2719 3340 2945 3413 ἐκδοχὴν
2968 3340 3058 3395 τὸν
3083 3343 3144 3395 ἐν
3169 3345 3240 3415 τῇ
3270 3343 3603 3416 προκειμένῃ
3633 3357 3741 3411 γρα-

2198 3434 2271 3501 φῇ
2296 3431 2619 3504 δηλούμενον
2645 3432 2880 3507 Χριστὸν
2919 3432 3250 3506 ἡγούμενον,
3286 3435 3433 3490 κατὰ
3468 3435 3552 3500 τά,
3583 3453 3601 3487 ι
3635 3432 3742 3487 Ἀπὸ

2197 3518 2376 3586 ἐξόδου
2410 3521 2568 3592 λόγου
2606 3523 2701 3578 τοῦ
2744 3524 3107 3597 ἀποκριθῆναι
3155 3528 3255 3581 καὶ
3296 3527 3396 3581 τοῦ
3428 3524 3741 3596 οἰκοδομῆσαι

2208 3610 2557 3685 Ἰερουσαλὴμ
2582 3614 2688 3678 ἓως
2718 3615 2952 3685 Χριστοῦ
2977 3618 3312 3688 ἡγουμένου,
3347 3638 3367 3671 ι
3399 3618 3499 3674 οῦκ
3520 3617 3662 3673 ἄλλον
3680 3610 3741 3669 εἷ-

2196 3721 2282 3758 ναι
2303 3703 2397 3759 τοῦ
2421 3705 2718 3776 καταλόγου
2744 3707 2852 3762 τῶν
2882 3708 3020 3779 μετὰ
3042 3710 3145 3781 τὴν
3169 3711 3540 3784 προφητείαν,
3563 3710 3647 3763 καὶ
3665 3707 3741 3776 τὴν

2194 3796 2300 3850 ἀπὸ
2329 3796 2641 3862 Βαϐυλῶνος
2665 3799 2944 3865 ἐπάνοδον,
2989 3802 3367 3874 ἡγησαμένων
3408 3801 3504 3857 τοῦ
3530 3798 3648 3855 λαοῦ
3673 3799 3745 3869 ἀρ-

2194 3887 2440 3960 χιερέων,
2482 3887 2572 3953 οὓς
2618 3891 2884 3961 Χριστοὺς
2937 3891 3057 3956 ἔθος
3103 3894 3415 3948 ἀποκαλεῖν
3456 3897 3522 3967 τῇ
3560 3892 3740 3965 Γραφῇ-

2191 3978 2399 4044 Μόνους
2420 3978 2528 4052 γὰρ
2550 3981 2772 4047 τούτους
2796 3982 3214 4056 καθηγήσασθαι
3250 3986 3353 4041 τοῦ
3382 3985 3585 4051 ἔθνους,
3606 3981 3746 4054 ἀρξαο

2193 4068 2386 4138 μένους
2412 4069 2520 4123 ἀπὸ
2554 4069 2726 4141 Ἰησοῦ
2764 4069 2858 4124 τοῦ
2893 4071 3157 4135 Ἰωσεδὲκ,
3197 4074 3302 4128 τοῦ
3331 4076 3527 4149 ἱερέως
3552 4072 3635 4128 τοῦ
3663 4088 3743 4142 με·

2189 4157 2374 4227 γάλου,
2412 4159 2550 4230 μετὰ
2591 4160 2689 4233 τὴν
2731 4160 2839 4215 ἀπὸ
2878 4162 3200 4229 Βαϐυλῶνος
3232 4166 3523 4233 ἐπάνοδον,
3545 4164 3632 4220 κιιῖ⁵
3668 4158 3744 4234 μέν

2191 4269 2280 4324 χρι
2309 4252 2416 4307 τῶν
2442 4253 2646 4326 χρόνων
2685 4255 2782 4327 τῆς
2807 4255 2900 4309 τοῦ
2941 4257 3194 4329 Σωτῆρος
3220 4260 3390 4331 ἡμῶν
3427 4259 3597 4333 Ἰησοῦ
3629 4260 3743 4328 Χρι-

524 4353 675 4420 Quos
703 4353 749 4409 si
782 4351 848 4407 ad
882 4352 1315 4434 quadringentos
1340 4352 1682 4424 septuaginta
1720 4353 1960 4423 quinque
1990 4353 2087 4408 ad-

2216 4345 2314 4399 τοῦ
2353 4347 2652 4419 παρουσίας
2683 4348 3117 4420 παρειλήφαμεν.
3158 4347 3343 4424 Οἶμαι
3385 4354 3517 4424 γοῦν
3546 4354 3632 4407 τὸν
3670 4366 3746 4422 με’

521 4445 746 4507 dideris,
780 4444 1147 4499 hebdomadas
1169 4459 1275 4498 axx
1300 4444 1578 4501 conﬁcies.
1615 4463 1634 4496 ι
1666 4442 1940 4499 Hactenus
1961 4444 2085 4515 qui-

2184 4434 2316 4502 ταξὺ
2356 4437 2544 4509 χρόνον
2584 4437 2682 4509 τῆς
2719 4437 2921 4492 τούτων
2961 4443 3333 4511 προστασίας,
3375 4444 3503 4498 καθ’
3534 4443 3591 4497 δν
3628 4442 3745 4512 ἡγή-

520 4537 644 4593 dem
691 4532 1001 4592 Africanus.
1066 4536 1223 4602 Quod
1265 4538 1311 4591 si
1351 4553 1452 4592 nos
1506 4551 1724 4607 quoque
1765 4544 1980 4606 oportet
2026 4536 2079 4590 in

2216 4545 2365 4594 avre,
2399 4527 2688 4598 δηλοῦσθαι
2734 4528 2823 4583 διὰ
2861 4529 2977 4594 τοῦ,
3016 4550 3035 4582 ‹
3082 4531 3221 4585 Ἀπὸ
3246 4534 3441 4600 ἐξόδου
3481 4534 3633 4605 λόγου
3664 4529 3743 4584 τοῦ

518 4626 791 4698 ejusmodi
849 4627 999 4682 locos
1067 4626 1342 4697 propriam
1400 4627 1971 4681 commemorationem
2022 4624 2078 4681 in

2216 4619 2540 4691 ,ποκριθῆναι
2577 4620 2670 4673 καὶ
2705 4619 2798 4674 τοῦ
2840 4620 3192 4692 οἰκοδομῆσαι
3258 4625 3620 4698 Ἰερουσαλὴμ
3658 4623 3746 4683 Et»;

508 4712 748 4768 medium
801 4711 1027 4778 aﬂ‘erre,
1060 4706 1192 4767 'dico
1248 4727 1358 4768 non
1414 4715 1613 4772 frustra
1666 4732 1842 4786 neque
1883 4729 2087 4773 temere

2216 4709 2415 4784 ἱριστοῦ
2446 4710 2765 4783 ἡγουμένου,
2800 4710 3090 4783 ἐϐδομάδες
3126 4714 3304 4781 ἑπτὰ,
3346 4718 3447 4772 καὶ
3481 4715 3744 4788 ἑϐδομάδες

506 4802 831 4861 divisionem
892 4804 963 4860 ab
1022 4805 1244 4861 oraculo
1305 4821 1428 4863 esse
1488 4807 1686 4863 factam
1745 4809 2083 4880 septuaginta

2216 4806 2529 4878 ξηκονταδύο
2546 4824 2560 4838 ·
2595 4826 2614 4859 ι
2654 4807 2763 4861 τῶν
2785 4806 2920 4861 ἐτῶν
2944 4808 3001 4862 δὲ
3030 4809 3130 4876 τὰς
3157 4812 3506 4886 ἑϐδομάδας,
3546 4832 3749 4884 συναγο-

511 4897 996 4954 hebdomadarum.
1028 4896 1164 4953 Nam
1208 4916 1333 4955 cum
1380 4916 1473 4956 eas
1505 4901 1749 4957 diviserit
1781 4903 1834 4956 in
1875 4902 2082 4973 primas

2216 4899 2343 4964 ένας
2367 4900 2447 4963 εἰς
2478 4898 2571 4971 ἔτη
2600 4898 2922 4971 τετρακόσια
2964 4901 3306 4973 ὀγδοήκοντα
3335 4908 3495 4980 τρία,
3540 4907 3642 4962 άπὸ
3663 4906 3747 4975 τῆς

507 4999 735 5061 septem,
771 5007 835 5047 ac
873 4992 1065 5063 deinde
1113 4992 1166 5047 in
1199 4994 1336 5050 alias
1378 4995 1655 5066 sexaginta
1685 4997 1844 5059 duas,
1875 5005 2083 5065 etpost

2216 4989 2356 5063 .tipou
2398 4989 2674 5062 βασιλείας
2713 4993 2804 5045 ἐπὶ
2834 4993 2932 5064 τὴν
2969 4994 3265 5065 Ῥωμαίων
3310 4997 3749 5071 παρεκτείνεσθαι

507 5081 739 5152 plurima
762 5122 776 5147 ,
801 5099 922 5153 quae
943 5084 1117 5139 media
1142 5084 1580 5155 interponuntur,
1619 5102 1780 5143 unam
1809 5087 2077 5157 reliquam

2216 5085 2363 5158 ρχὴν,
2396 5083 2516 5138 καθ’
2542 5085 2608 5156 ἢν
2649 5085 2926 5157 Πομπήϊος
2965 5086 3259 5158 Ῥωμαίων
3287 5092 3604 5165 στρατηγὸς
3640 5093 3745 5145 ἐπι-

506 5171 788 5241 adjecerit,
833 5188 899 5230 eo
932 5175 1094 5230 modo
1143 5191 1430 5231 numerum
1476 5176 1818 5248 septuaginta
1865 5177 2072 5234 hebdo-

2216 5174 2304 5239 τάς
2326 5177 2439 5239 τοίς
2478 5173 2884 5245 Ἱεροσολύμοις,
2909 5169 3025 5228 εἷλε
3059 5175 3155 5246 μὲν
3200 5177 3517 5254 πολιορκίᾳ
3540 5182 3637 5252 τὴν
3667 5177 3748 5231 πό-

506 5265 724 5320 madum
746 5267 1056 5337 complevit.
1106 5267 1247 5322 Dicit
1282 5269 1450 5340 igitur
1481 5289 1494 5324 :
1534 5287 1553 5320 ‹
1590 5269 1656 5322 Et
1688 5283 1988 5341 cognosces
2015 5279 2069 5327 et

2216 5285 2269 5332 .v,
2302 5267 2363 5320 τὸ
2385 5267 2442 5321 δέ
2472 5268 2581 5321 πᾶν
2618 5266 2769 5331 ἔθνος
2802 5266 2986 5322 δοῦλον
3020 5269 3329 5340 Ῥωμαίοις
3362 5275 3741 5348 κατεστήσατο,

505 5354 774 5429 intelliges
795 5358 878 5417 .ab
920 5361 1070 5415 exitu
1117 5362 1406 5425 sermonis,
1448 5368 1509 5415 ut
1547 5364 1978 5431 respondeatur,
2013 5370 2065 5419 et

2216 5378 2243 5424 ς
2273 5360 2366 5414 καὶ
2397 5359 2594 5430 φόρους
2636 5360 2695 5425 ἐξ
2718 5358 2924 5414 ἐκείνου
2958 5358 3147 5425 τελεῖν,
3180 5364 3288 5417 καὶ
3317 5368 3441 5430 τοῖς
3478 5365 3745 5438 Ῥωμαίων

501 5446 799 5504 :ediﬁcetur
842 5449 1146 5507 Jerusalem
1200 5469 1375 5524 usque
1409 5455 1475 5508 ad
1520 5451 1800 5509 Christum
1842 5454 2060 5521 ducem,

2216 5448 2477 5521 ειθαρχεῖν
2502 5450 2882 5520 ἐπιτάγμασιν.
2930 5448 3053 5502 Ἐπὶ
3095 5448 3303 5505 τοῦτον
3340 5455 3480 5523 γοῦν
3522 5455 3611 5508 τὸν
3635 5450 3748 5527 χρό-

501 5535 865 5594 hebdomades
880 5550 1109 5611 septem,
1128 5551 1184 5598 et
1201 5544 1567 5599 liehdomades
1587 5545 1865 5615 sexaginta
1882 5546 2022 5601 duae.
2038 5565 2057 5598 ι

2216 5560 2253 5596 ιν
2275 5544 2303 5595 ό
2325 5542 2430 5595 τῶν
2455 5541 2814 5614 τετρακοσίων
2835 5542 3154 5615 ὀγδοήκοντα
3213 5545 3403 5617 τριῶν
3427 5548 3569 5603 ἐτῶν
3607 5562 3750 5618 περι-

498 5625 705 5683 Deinde
733 5628 857 5685 aliis
882 5632 1210 5702 quibusdam
1231 5635 1579 5709 interpositis
1607 5637 1793 5704 rebus,
1820 5636 2061 5693 novissi~

2216 5632 2400 5698 δίζετοιι
2427 5632 2676 5705 ἀριθμὸς,
2710 5634 2795 5704 ἐφ’
2837 5632 2895 5687 δν
2921 5632 3015 5687 καὶ
3043 5629 3361 5705 κατέληξαν
3396 5638 3449 5690 οι
3496 5638 3637 5693 κατὰ
3662 5634 3747 5693 τὸν
