3922 6200
254 194 353 250 813

1082 191 1726 249 DEMONSTRATIONIS
1763 193 2218 251 EVANGELICJE
2260 194 2387 250 LIB.
2436 194 2565 250 Vill.

3378 194 3481 247 διιι

255 310 494 374 Μωσέως
535 308 693 381 νόμον
748 310 811 361 ἐκ
862 309 1110 379 πατέρων
1153 309 1398 379 διαδοχῆς
1440 309 1540 380 τὴν
1581 326 1814 380 προστα-

1922 326 2056 363 mam
2092 310 2360 381 adjungit,
2392 313 2475 366 his
2498 312 2675 366 verbis
2704 326 2714 362 :
2757 329 2775 361 ι
2813 309 3234 365 Etconﬁrmabit
3263 318 3479 380 pactum

246 403 363 456 σίαν
385 402 479 456 τοῦ
506 402 707 465 ἔθνους,
743 403 837 454 καὶ
864 403 959 472 τὴν
989 400 1284 472 ἱερωσύνην
1315 401 1645 472 διειληφότες
1669 420 1681 432 ·
1714 401 1807 465 οὓς

244 494 475 565 Χριστὸν
503 494 800 564 ἡγούμενον
825 494 922 565 τὴν
947 493 1093 546 θείαν
1129 493 1221 545 ἐπί
1249 492 1341 546 τοῦ
1375 494 1635 564 παρόντος
1668 494 1807 565 Γρα-

246 585 349 655 φὴν
373 585 653 655 ὀνομάζειν
679 583 1059 653 ὑπολαμϐάνω.
1096 584 1156 635 Εἰ
1182 583 1236 635 δὲ
1266 585 1367 655 χρὴ
1400 585 1492 636 καὶ
1520 584 1608 637 τὸν
1641 585 1809 638 κατά-

246 676 400 745 λογον
443 676 693 729 ἐκθέσθαι
730 677 826 746 τῆς
855 676 1284 746 τῶνάρχιερέων
1322 676 1591 746 διαδοχῆς,
1623 676 1730 730 τῶν
1755 679 1811 729 ἐν

246 768 325 837 τῷ
352 767 662 838 δηλουμένῳ
690 765 887 838 μεταξὺ
915 768 1087 837 χρόνῳ
1107 766 1518 837 διαγενομένων,
1543 768 1811 821 καὶτοῦτο

247 858 420 921 οὐδεὶς
463 859 652 928 φθόνος
694 860 769 920 εἰς
815 860 1151 929 παράστασιν
1202 858 1299 928 τῆς
1348 857 1455 911 τῶν
1509 859 1813 930 εἰρημένων

250 949 505 1019 ἀληθείας
548 948 891 1021 ποιήσασθαι.

1913 401 2099 454 multis
2147 401 2489 455 hebdomada
2536 418 2662 455 una.
2710 420 2727 451 ›
2763 400 2918 466 Quod
2965 408 3141 455 autem
3196 401 3312 456 hac
3371 417 3480 456 non

1912 490 2117 546 frustra
2150 507 2325 560 neque
2358 493 2563 561 absque
2605 492 2792 546 divino
2838 492 3016 545 aillatu
3067 501 3268 547 temere
3310 493 3479 548 ellusa

1909 584 2041 645 sint,
2076 597 2264 638 eorum
2296 584 2386 652 qui
2407 583 2520 637 haec
2548 591 2807 652 tanquam
2837 582 2931 637 Dei
2959 582 3124 638 verba
3146 586 3479 655 acceperint,

1910 680 2229 743 negaturum
2287 674 2523 727 arbitror
2555 674 2844 728 neminem.
2879 673 2993 728 Iloc
3034 675 3202 744 igitur
3244 676 3479 745 primum

1911 770 2193 843 commode
2226 771 2384 825 nobis
2436 770 2613 823 visum
2655 779 2739 824 est
2784 770 3032 823 adnotari
3082 781 3355 839 oportere,
3403 772 3482 826 le-

1912 862 2270 931 gentibusque
2303 868 2360 915 ut
2407 862 2633 930 hujusce
2666 861 2983 931 quaestionis
3016 862 3343 930 exquisitam
3391 876 3481 916 so-

1911 952 2170 1006 lutionem
2215 953 2513 1016 inveniant,
2562 953 2739 1005 locum
2783 952 3105 1020 relinquere.
3139 952 3394 1007 Attamen
3433 952 3479 1008 si

251 1057 323 1095 ne
364 1057 464 1096 nos
490 1042 705 1111 quidem
750 1041 891 1111 quod
929 1040 987 1093 in
1033 1049 1268 1094 mentem
1316 1041 1485 1103 venit,
1527 1041 1804 1095 occultare
1844 1049 2074 1111 oportet,
2145 1043 2268 1096 dico
2330 1044 2436 1097 alio
2466 1042 2701 1112 quodam
2740 1058 2908 1097 sensu
2950 1044 3226 1097 Christum
3259 1043 3475 1103 ducem,

250 1134 346 1203 qui
385 1134 441 1188 in
465 1134 707 1203 proxime
732 1134 974 1203 exposita
1009 1133 1276 1203 scriptura
1311 1133 1648 1203 signiﬁcatur
1706 1149 1828 1189 esse
1867 1135 2263 1204 accipiendum,
2297 1136 2351 1189 in
2396 1135 2504 1190 illis
2553 1136 2740 1205 utique
2769 1135 2947 1189 verbis
2977 1151 2989 1185 :
3029 1154 3047 1185 ι
3073 1135 3154 1188 Ab
3182 1136 3330 1189 exitu
3361 1150 3478 1191 ser-

252 1226 432 1279 monis
484 1231 543 1277 ut
588 1224 996 1292 respondeatur,
1027 1232 1078 1279 et
1139 1223 1436 1277 wditicetnr
1475 1221 1773 1278 Jerusalem
1813 1240 1984 1293 usque
2023 1225 2090 1277 ad
2140 1225 2417 1280 Christum
2455 1225 2670 1286 ducem,
2728 1244 2745 1276 ι
2788 1224 3031 1294 nihilque
3070 1226 3216 1279 aliud
3279 1225 3483 1280 intelli-

252 1316 488 1386 gendum
539 1330 700 1385 quam
756 1316 985 1378 seriem,
1035 1316 1547 1385 successionemque
1594 1314 1929 1385 pontiﬁcum,
1992 1317 2083 1385 qui
2142 1324 2263 1387 post
2317 1316 2462 1370 illam
2513 1320 2683 1386 ipsam
2740 1317 3100 1386 prophetiam,
3136 1318 3481 1387 reditumque

252 1410 327 1464 de
356 1409 622 1480 Babylone
651 1409 846 1477 populo
872 1406 1096 1461 Iudaico
1126 1407 1457 1478 praefuerunt,
1484 1424 1621 1479 quos
1644 1407 1894 1463 Christos
1942 1410 2223 1464 nominare
2277 1425 2446 1466 sacrae
2494 1409 2709 1465 Litterae
2750 1418 3172 1464 consueverunt.
3203 1408 3313 1465 llos
3334 1410 3481 1464 enim

257 1506 519 1559 duntaxat
546 1503 691 1574 genti
717 1502 996 1572 praaluisse
1058 1501 1212 1556 initio
1248 1501 1390 1556 facto
1432 1503 1499 1557 ab
1545 1501 1772 1557 Josedec
1820 1503 2100 1558 sacerdote
2151 1519 2367 1574 magno,
2413 1512 2536 1572 post
2599 1504 2832 1558 reditum
2876 1504 2943 1557 de
2986 1502 3261 1573 Babylone
3310 1518 3482 1572 usque

258 1596 330 1648 ad
362 1602 599 1663 tempora
633 1594 893 1648 adventus
936 1592 1233 1648 Salvatoris
1300 1595 1471 1648 nostri
1521 1594 1852 1663 accepimus.
1899 1593 2146 1649 Arbitror
2180 1595 2343 1665 igitur
2395 1595 2776 1649 intermedium
2829 1606 3038 1663 tempus
3084 1610 3191 1664 quo
3228 1594 3306 1647 illi
3342 1609 3481 1664 prae-

258 1688 479 1740 fuerunt
540 1685 833 1754 significari
893 1685 999 1740 illis
1060 1684 1298 1740 verbis:
1364 1703 1381 1735 ι
1462 1683 1544 1739 Ab
1591 1686 1738 1739 exitu
1800 1685 2067 1741 sermonis
2126 1692 2185 1738 ut
2246 1684 2652 1753 respondeatur,
2688 1692 2744 1738 et
2819 1684 3112 1739 aediﬁcetur
3182 1682 3483 1738 Jerusalem

256 1794 435 1848 usque
484 1777 549 1830 ad
596 1777 871 1833 Christum
926 1776 1142 1839 ducem,
1202 1775 1563 1831 hebdomades
1602 1787 1803 1846 septem
1843 1784 1896 1831 et
1949 1776 2313 1831 hebdomades
2338 1777 2616 1846 sexaginta
2654 1775 2813 1841 duae;
2845 1794 2862 1825 ι
2896 1789 3159 1828 annorum
3191 1790 3317 1829 vero
3350 1774 3484 1829 beb-

259 1869 541 1935 domadas,
597 1870 641 1925 si
676 1870 986 1941 redigantur
1032 1870 1088 1925 in
1137 1885 1342 1934 annos,
1394 1870 1817 1941 quadringentos
1856 1871 2128 1941 octoginta
2160 1880 2292 1935 tres,
2328 1885 2358 1923 a
2392 1885 2559 1939 regno
2588 1870 2711 1940 Cyri
2756 1884 2930 1938 usque
3001 1869 3066 1922 ad
3112 1867 3481 1922 Romanorum

256 1960 868 2031 imperiumpropagari,
921 1978 1029 2032 quo
1085 1969 1329 2033 tempore
1384 1962 1673 2032 Pompeius
1728 1962 2092 2017 Romanorum
2123 1964 2418 2031 imperator
2447 1960 2818 2030 Hierosolyma
2846 1960 3474 2030 aggressus,obsidionc

257 2056 480 2126 quidem
504 2057 689 2111 urbem
714 2058 883 2127 ipsam
915 2058 1079 2128 cepit,
1142 2066 1308 2112 totam
1364 2073 1494 2113 vero
1547 2065 1757 2129 gentem
1793 2056 2053 2112 Romanis
2085 2056 2244 2127 392
2304 2055 2509 2111 servire
2556 2055 2753 2124 coegit,
2806 2069 2976 2123 usque
3016 2053 3171 2118 adeo,
3207 2060 3263 2105 ut
3297 2068 3363 2107 ex
3390 2053 3483 2105 illo

256 2155 504 2217 tempore
531 2158 584 2203 et
612 2150 808 2203 tributa
844 2150 1082 2220 pendens
1107 2159 1161 2206 et
1182 2150 1551 2205 Romanorum
1579 2150 1826 2220 jussibus
1864 2151 2247 2220 obtemperans
2273 2147 2455 2201 fuerit.
2483 2148 2563 2200 Ad
2612 2147 2715 2199 hoc
2752 2146 2917 2214 igitur
2958 2153 3192 2215 tempus,
3223 2144 3482 2213 quadrin-

264 2250 550 2310 gentorum
599 2242 872 2312 octoginta
935 2245 1097 2298 trium
1141 2259 1405 2299 annorum
1453 2260 1715 2311 numerus
1760 2244 1999 2305 ducitur,
2068 2243 2122 2296 in
2165 2256 2273 2311 quo
2343 2240 2660 2303 desierunt,
2705 2239 2798 2307 qui
2847 2236 3146 2291 secundum
3189 2236 3484 2291 Mosaieam

255 2331 432 2401 legem
492 2347 556 2386 ex
591 2332 856 2401 majorum
909 2336 1257 2391 successione
1311 2352 1374 2391 ac
1431 2338 1590 2401 serie,
1620 2338 1786 2392 totius
1813 2339 1988 2408 gentis
2032 2334 2395 2406 principatum
2444 2339 2497 2386 et
2545 2330 2907 2384 sacerdotium
2960 2328 3282 2398 capiebant,
3335 2344 3478 2397 quos

256 2422 539 2477 Christum
578 2424 767 2477 ducem
813 2440 842 2478 a
891 2424 1174 2496 Scriptura
1216 2428 1395 2483 divina
1437 2429 1539 2484 hoc
1572 2430 1628 2484 in
1677 2431 1796 2485 loco
1858 2428 2127 2484 nominari
2185 2424 2452 2494 suspicor.
2487 2421 2643 2488 Quod
2682 2423 2726 2477 si
2751 2437 2887 2491 Opus
2922 2430 3005 2475 est
3065 2419 3478 2475 enumeratione

257 2531 477 2585 quoque
508 2516 606 2580 uti,
636 2524 689 2570 et
737 2517 957 2586 quinam
1000 2518 1091 2573 illo
1121 2518 1440 2574 intermedio
1481 2528 1723 2592 tempore
1755 2522 1818 2575 de
1847 2536 1954 2591 quo
2012 2517 2301 2589 IOquimur,
2337 2516 2533 2584 quibus
2599 2513 2984 2576 successerint,
3019 2512 3304 2581 locumque
3331 2510 3483 2565 illum

254 2608 421 2662 tutati
463 2608 593 2674 sint,
628 2624 915 2678 exponere,
974 2626 1042 2666 ne
1088 2611 1190 2667 hoc
1231 2614 1446 2682 quidem
1499 2613 1674 2669 facere
1716 2613 2082 2683 gravabimur,
2128 2616 2187 2664 ut
2237 2623 2422 2663 eorum
2447 2622 2566 2677 quae
2594 2606 2737 2660 dicta
2778 2613 2925 2667 sunt,
2972 2604 3254 2657 veritatem
3309 2609 3489 2656 osten-

261 2703 475 2757 damus.

333 2792 551 2863 Πρῶτος
582 2793 753 2845 τοίνυν
795 2795 929 2864 μετά
973 2796 1069 2867 τῆν
1106 2797 1195 2850 τοῦ
1236 2799 1427 2870 Δανιὴλ
1479 2801 1829 2873 προφητείαν,

2000 2793 2241 2848 Primum
2284 2791 2449 2862 igitur
2490 2793 2612 2857 post
2661 2785 2833 2855 ipsius
2880 2783 3067 2838 Daniel
3112 2783 3481 2853 prophetiam,

260 2886 357 2939 ἐπὶ
403 2885 582 2957 Κύρου
635 2884 728 2937 τοῦ
786 2884 1045 2955 βασιλέως
1088 2889 1331 2960 Περσῶν,
1391 2891 1525 2961 μετά
1569 2892 1665 2964 τῆν
1714 2892 1820 2945 ἀπὸ

264 2976 580 3040 Βαϐυλῶνος
624 2976 896 3042 ἐπάνοδον,
936 2979 1137 3050 Ἰησοῦς
1181 2985 1209 3035 ὁ
1246 2982 1346 3035 τοῦ
1390 2983 1652 3045 Ἰωσεδὲκ,
1686 2986 1713 3036 ὁ
1750 2984 1822 3035 ἰε-

266 3073 391 3141 ρεὺς
445 3073 473 3124 ὁ
536 3072 703 3142 μέγας
753 3075 1116 3144 χρηματίσας,
1166 3077 1279 3147 ἅμα
1331 3075 1630 3147 Ζοροϐάϐελ
1681 3077 1822 3130 ἄνει-

268 3181 352 3216 σιν
410 3163 515 3217 ἀπὸ
571 3164 668 3233 τῆς
727 3166 1128 3236 αἰχμαλωσίας,
1179 3167 1270 3219 καὶ
1327 3166 1603 3237 θεμελίους
1662 3184 1822 3219 κατα-

262 3253 516 3306 ϐάλλεται
576 3255 669 3308 τοῦ
738 3257 902 3328 ἱεροῦ.
962 3256 1096 3308 Ἀλλ’
1156 3257 1526 3327 ἐπιηεθέντος
1590 3258 1681 3310 τοῦ
1729 3257 1821 3327 ἕρ-

264 3363 360 3413 γου
404 3345 510 3397 ὑπὸ
546 3345 651 3398 τῶν
684 3348 992 3418 περιοίκων,
1026 3349 1079 3399 αἱ
1122 3348 1332 3419 πρῶται
1367 3348 1505 3401 ἑπτὰ
1538 3348 1822 3418 ἑϐδομάδες

262 3436 371 3488 τῶν
404 3436 538 3489 ἐτῶν
568 3438 624 3489 αί
670 3439 755 3492 διὰ
786 3440 878 3493 τοῦ
945 3442 1217 3511 προερὴτου
1262 3441 1582 3511 δηλούμεναι
1617 3458 1821 3511 συμπε-

266 3528 562 3600 ραιοῦνται,
599 3531 717 3584 καθ’
752 3532 816 3596 ἂς
844 3533 1025 3596 ἀτελὲς
1054 3533 1264 3602 διέμενε
1306 3532 1364 3585 τὸ
1414 3532 1568 3603 ἔργον
1607 3532 1703 3601 τῆς
1729 3532 1821 3584 τοῦ

265 3619 395 3672 ναοῦ
425 3622 727 3693 οἰκοδομῆς.
759 3624 954 3696 Διόπερ
999 3627 1026 3678 ό
1076 3625 1214 3687 θεῖος
1254 3623 1409 3692 λόγος
1449 3625 1547 3691 τῆς
1583 3624 1823 3693 συναφῆς

263 3714 373 3767 τῶν
413 3714 608 3768 λοιπῶν
638 3718 940 3788 ἑϐδομάδων
983 3719 1226 3790 ἀφορίζει
1271 3718 1369 3780 τὰς
1408 3716 1623 3788 πρώτας
1662 3716 1820 3780 ἑπτὰ,

267 3808 487 3876 εἰπὼν,‹
510 3811 823 3883 Ἐϐδομάδες
841 3813 997 3877 ἑπτὰ,
1013 3834 1029 3864 ι
1050 3812 1215 3865 ἔπειθ’
1241 3812 1366 3882 ἑξῆς
1392 3810 1528 3882 μετὰ
1549 3810 1823 3880 διαστολῆς

267 3901 581 3971 ἐπαγαγών,
626 3922 643 3952 ι
684 3905 791 3956 Kal.
834 3903 1121 3974 ἑὸδομάδες
1166 3902 1533 3972 ἑξηκονταδύο.
1590 3920 1607 3953 ι
1657 3900 1824 3953 Ἑπτὰ

264 3992 399 4061 γοῦν
431 3993 537 4045 ἀπὸ
572 3992 751 4063 Κύρου
786 3994 877 4046 καὶ
910 3995 1000 4045 ἐπὶ
1044 3994 1140 4064 τὴν
1176 3993 1563 4064 συμπλήρωσιν
1594 3992 1693 4061 τῆς
1731 3991 1823 4044 τοῦ

266 4084 417 4155 ἱεροῦ
448 4085 732 4155 οἰκοδομῆς
766 4084 1053 4155 ἑϐδομάδες
1085 4084 1216 4137 ἐτῶν
1244 4085 1597 4155 εὑρίσκονται.
1638 4081 1824 4135 Ἔνθεν

1921 2887 2065 2958 Cyro
2101 2884 2243 2954 apud
2288 2881 2485 2936 Persas
2530 2883 2810 2947 regnante,
2844 2882 2967 2945 post
3014 2874 3245 2928 reditum
3290 2874 3355 2928 de
3386 2873 3488 2928 Ba-

1920 2980 2134 3051 bylone,
2165 2976 2326 3031 Jesus
2369 2974 2512 3028 ﬁlius
2540 2968 2787 3031 Josedec,
2823 2967 2915 3036 qui
2962 2966 3216 3021 sacerdos
3248 2981 3477 3036 magnus

1921 3079 2005 3125 cst
2036 3071 2233 3133 dictus,
2267 3081 2373 3120 una
2406 3078 2528 3118 cum
2566 3058 2865 3113 Zorobabel
2911 3056 2977 3109 de
3015 3054 3342 3125 Babylonica
3371 3071 3486 3109 ser-

1920 3160 2091 3211 vitute
2120 3155 2437 3216 revertitur,
2476 3159 2530 3204 et
2560 3149 2640 3202 sic
2668 3146 3021 3200 fundamenta
3055 3145 3238 3213 templi
3266 3145 3484 3213 jaeiuno

1921 3258 2032 3305 tur.
2080 3247 2183 3302 Sed
2232 3246 2361 3299 dum
2406 3258 2434 3296 a
2482 3239 2675 3295 vicinis
2728 3236 3019 3306 impeditur
3070 3250 3230 3304 opus,
3281 3246 3483 3304 septem

1922 3344 2107 3415 primae
2134 3352 2400 3392 annorum
2430 3330 2818 3393 hebdomades,
2851 3344 2989 3398 quas
3027 3327 3291 3397 propheta
3329 3326 3485 3391 dicit,

1921 3435 2188 3494 abierunt,
2220 3428 2418 3499 quibus
2444 3425 2628 3493 templi
2659 3421 2943 3477 aediﬁcatio
2985 3420 3235 3472 inchoata
3270 3433 3485 3474 reman-

1922 3527 2014 3581 sit.
2040 3523 2156 3589 Qua
2187 3521 2252 3575 de
2283 3532 2446 3572 causa
2475 3515 2716 3568 divinum
2747 3512 3025 3565 oraculum
3052 3510 3254 3579 primas
3280 3516 3483 3579 septem

1924 3614 2292 3672 hebdomadas
2322 3627 2352 3665 a
2384 3610 2593 3676 reliqua
2618 3620 2827 3662 summa
2867 3602 3152 3671 disjungit,
3182 3600 3308 3654 dum
3331 3602 3483 3663 dicit,

1938 3729 1956 3761 ι
1996 3704 2371 3763 Hebdomades
2418 3709 2657 3771 septem,
2693 3717 2711 3749 ›
2748 3712 2811 3750 ac
2845 3693 3040 3748 deinde
3090 3709 3153 3747 ex
3203 3693 3488 3749 intervallo

1924 3800 2168 3871 adjungit
2189 3818 2201 3853 :
2225 3817 2241 3848 ι
2268 3798 2333 3851 Et
2358 3790 2723 3849 hebdomades
2748 3787 3023 3856 sexaginta
3048 3785 3188 3839 duae.
3220 3803 3238 3835 ›
3270 3782 3485 3854 Septem

1926 3896 2089 3964 igitur
2117 3908 2147 3946 a
2187 3892 2330 3962 Cyro
2380 3888 2446 3941 ad
2496 3883 2676 3953 templi
2724 3879 3134 3935 aediﬁcationem
3184 3876 3486 3931 absolutam

1926 4001 2191 4039 annorum
2259 3978 2622 4035 hebdomades
2679 3973 3049 4042 reperiuntur.
3101 3968 3229 4024 Inde
3276 3968 3487 4022 animos

1927 4083 2201 4133 sumentes
2231 4073 2399 4127 Judaei
2437 4071 2503 4124 ad
2543 4068 2874 4121 Salvatorem
2910 4072 3155 4118 nostrum
3188 4061 3476 4115 dicebant:

262 4152 574 4247 ὁρμώμενοι
758 4152 965 4246 Σωτῆρι
1023 4176 1175 4247 ἡμῶν
1220 4152 1400 4244 ἔλεγον
1454 4178 1501 4228 οἱ
1548 4175 1819 4228 Ἰουδαῖοιο

1930 4189 1946 4220 ι
1988 4166 2352 4236 Quadraginta
2380 4171 2433 4218 et
2463 4178 2555 4216 sex
2586 4159 2743 4213 annis
2770 4156 3091 4211 aailiﬁcatum
3123 4160 3206 4208 est
3228 4152 3484 4221 templum

271 4287 291 4319 ι
321 4267 736 4339 Τεσσαράκοντα
761 4269 851 4320 καὶ
883 4269 938 4335 ἒξ
965 4268 1136 4321 ἐτεσιν
1168 4269 1482 4340 ᾠκοδομήθη
1515 4269 1542 4319 ὁ
1580 4268 1701 4330 ναὸς
1733 4262 1821 4321 οὗ·

263 4375 379 4422 τος,
408 4359 501 4411 καὶ
531 4360 593 4412 σὺ
628 4360 685 4411 ἐν
710 4360 882 4430 τρισὶν
917 4360 1146 4430 ἡμέραις
1172 4361 1380 4431 ἐγερεῖς
1405 4359 1596 4421 αύτόν;
1631 4378 1649 4409 ι
1688 4358 1820 4410 Ἀλλ’

265 4441 411 4503 οὗτοι
448 4448 547 4519 μὲν
582 4449 983 4520 τεσσαράκοντα
1025 4450 1116 4501 καὶ
1147 4448 1205 4513 ἓξ
1245 4449 1415 4501 ἔτεσιν
1450 4447 1823 4517 ᾠκοδομῆσθαι

262 4540 359 4594 τὸν
401 4542 524 4594 ναὸν
574 4541 806 4611 ἔφασαν·
843 4540 1076 4593 τοσαῦτα
1107 4539 1214 4612 γὰρ
1252 4539 1356 4593 ἀπὸ
1393 4537 1605 4610 πρώτου
1642 4537 1823 4607 Κύρου

268 4631 563 4701 βασιλείας,
588 4632 644 4695 ὃς
668 4632 877 4701 πρῶτος
900 4632 1067 4701 ἀνῆκε
1099 4632 1198 4701 τῆς
1232 4630 1541 4693 Βαϐυλῶνος
1563 4631 1688 4692 τοὺς
1714 4628 1826 4698 βου-

264 4722 526 4792 λομένους
564 4723 672 4776 τῶν
710 4725 968 4778 Ἰουδαίων
1006 4726 1083 4787 εἰς
1118 4725 1214 4793 τὴν
1245 4722 1447 4774 οἰκείαν
1472 4721 1575 4789 γῆν
1615 4718 1828 4772 ἐπανιέ-

262 4830 380 4877 ναι,
416 4815 507 4867 ἐπὶ
529 4814 589 4867 τὸ
612 4815 763 4867 ἕκτον
790 4815 903 4879 ἔτος
938 4815 1159 4886 Δαρείου
1203 4812 1471 4882 βασιλείας
1514 4810 1822 4878 συνάγεται,

266 4904 395 4957 καθ’
420 4904 477 4957 ὃν
501 4905 560 4958 τὸ
591 4907 697 4959 πᾶν
730 4905 884 4977 ἔργον
908 4906 1006 4975 τῆς
1032 4905 1311 4974 οἰκοδομῆς
1342 4903 1491 4965 τέλος
1517 4901 1736 4972 εἴληφεν
1755 4917 1767 4929 ·
1799 4901 1827 4953 ὅ

264 5014 335 5065 γε
371 4997 477 5068 μὴν
503 4997 560 5063 ἐξ
597 4998 858 5069 Ἑϐραίων
894 4996 1148 5067 Ἰώσηπος
1181 4996 1272 5048 καὶ
1310 4994 1464 5048 ἄλλον
1493 4994 1678 5064 τριετῆ
1711 4991 1828 5063 χρό-

266 5105 362 5142 νον
388 5090 465 5152 εἰς
484 5089 582 5161 τὴν
604 5089 710 5141 τῶν
738 5087 931 5155 ἔξωθεν
952 5087 1058 5140 τῶν
1080 5088 1219 5158 ἀμφὶ
1244 5086 1333 5139 τὸν
1357 5085 1479 5138 ναδν
1503 5101 1829 5138 κατασκευα-

269 5180 496 5248 σμάτων
546 5180 932 5251 συμπλήρωσιν
996 5178 1224 5249 ἔφησεν,
1285 5176 1413 5230 ὥστ’
1467 5176 1687 5237 εἰκότως
1742 5173 1829 5226 διὰ

265 5268 446 5321 ταῦτα
467 5269 561 5334 τὰς
583 5270 722 5324 ἑπτὰ
748 5270 965 5342 πρώτας
988 5269 1299 5340 ἑϐδομάδας.
1325 5270 1403 5331 εἰς
1437 5267 1531 5334 ἔτη
1560 5266 1711 5319 ἐννέα
1738 5265 1829 5317 καὶ

264 5361 673 5432 τεσσαράκοντα
728 5363 1114 5426 συντεινούσας,
1163 5361 1487 5434 ἀφωρίσθαι,
1546 5358 1685 5413 κατὰ
1738 5358 1828 5410 τὸν

262 5454 373 5527 τῆς
414 5455 740 5525 προφητείας
784 5456 967 5525 λόγον’
1005 5456 1100 5519 τὰς
1144 5455 1199 5508 δὲ
1243 5453 1431 5516 λοιπὰς
1477 5447 1829 5521 ἑξηκονταδύο

338 5610 386 5642 ⁸⁸
416 5607 573 5664 Joan.
606 5625 664 5674 ιι,
706 5609 759 5666 8.

1923 4265 2045 4326 hoc,
2078 4270 2131 4316 et
2172 4268 2228 4313 tu
2256 4259 2308 4311 in
2352 4256 2527 4309 tribus
2561 4254 2754 4308 diebus
2789 4249 3050 4305 excitabis
3095 4244 3226 4299 illud
3246 4244 3330 4297 ⁸¹⁶ἒ
3367 4263 3385 4294 ι
3417 4244 3487 4296 At

1925 4354 2000 4405 illi
2040 4350 2256 4420 quidem
2305 4342 2659 4415 quadraginta
2708 4347 2761 4395 et
2810 4356 2905 4394 sex
2959 4336 3117 4393 annis
3162 4334 3484 4390 aediﬁcatum

1924 4458 2046 4498 esse
2075 4439 2330 4509 templum
2361 4437 2544 4489 dixere
2582 4450 2595 4486 :
2629 4439 2709 4485 tot
2748 4431 2892 4486 enim
2924 4445 2952 4482 a
2982 4443 3147 4498 regno
3189 4426 3315 4497 Cyri
3343 4424 3488 4494 prio—

1925 4534 2024 4594 ris,
2068 4531 2160 4602 qui
2213 4528 2420 4598 primus
2461 4524 2769 4578 Judaeorum
2819 4520 3123 4588 quibusque
3178 4516 3487 4571 volentibus

1924 4624 2193 4681 concessit
2221 4622 2287 4674 de
2312 4619 2578 4688 Babylone
2608 4616 2659 4667 in
2693 4614 2923 4684 patriam
2956 4620 3155 4665 terram
3173 4608 3389 4669 reverti,
3417 4606 3481 4659 ad

1926 4724 2136 4774 sextum
2189 4710 2335 4764 Darii
2377 4709 2526 4779 regni
2570 4720 2795 4767 annum,
2842 4702 3206 4771 colliguntur:
3241 4698 3340 4753 sub
3375 4712 3483 4765 quo

1927 4807 2104 4863 omnis
2148 4801 2434 4859 aediﬁcatio
2462 4799 2621 4852 ﬁnem
2662 4794 2892 4862 accepit.
2926 4791 3031 4845 Sed
3068 4788 3360 4857 Josephus,
3391 4801 3487 4837 au-

1927 4906 2045 4953 ctor
2068 4895 2345 4955 Hebraeus,
2380 4891 2515 4944 alios
2539 4896 2651 4942 tres
2682 4899 2854 4939 annos
2876 4880 3123 4949 adiungit
3170 4878 3237 4931 ad
3260 4892 3343 4938 ea,
3367 4890 3487 4943 qua:

1928 4987 2126 5057 templo
2151 4983 2489 5039 extrinsecus
2511 4975 2775 5031 accedunt
2795 4978 3114 5027 ornamenta
3133 4965 3483 5025 absolvenda,

1928 5086 1986 5133 ut
2000 5082 2283 5146 propterea
2303 5070 2495 5140 merito
2508 5073 2712 5137 septem
2733 5063 2940 5135 primas
2962 5057 3348 5119 hebdomadas.
3367 5070 3486 5125 qua:

1931 5180 2195 5225 summam
2223 5159 2580 5232 quadraginta
2614 5170 2804 5209 novem
2851 5165 3118 5206 annorum
3160 5148 3483 5209 conﬁciunt,

1930 5276 1960 5315 a
1988 5257 2196 5315 caeteris
2226 5252 2504 5309 oraculum
2535 5246 2909 5317 propheticum
2948 5241 3301 5313 separaverit,
3320 5246 3373 5295 et
3401 5252 3487 5291 re-

1932 5352 2107 5421 liquas
2162 5346 2437 5416 sexaginta
2489 5341 2625 5396 duas
2675 5354 2703 5392 a
2766 5336 2912 5391 Darii
2981 5350 3146 5406 regno
3204 5344 3487 5387 numerare

1932 5443 2206 5513 contingat
2254 5456 2267 5491 :
2319 5437 2421 5493 sub
2476 5448 2585 5505 quo
2640 5444 2859 5486 rursum
2925 5427 3084 5485 Jesus
3139 5426 3280 5481 ﬁlius
3329 5421 3489 5479 Jose-

3334 5684 3382 5697 ΑμΔ
