3868 6196
542 230 648 287 615
1142 222 1411 281 EUSEBII
1449 218 1924 278 ωεΑιιιεΝειε
1959 219 2111 281 ΟΡΡ.

540 348 681 412 dec,
720 351 780 405 at
822 339 1125 399 Zorobabel
1180 339 1326 394 ﬁlius
1388 335 1689 403 Salatbiel,
1750 352 1876 393 cum
1926 337 2107 394 adhuc

540 437 702 510 393
726 436 992 497 viverent,
1018 430 1180 486 ambo
1208 430 1592 485 instaurationi
1630 430 1819 501 templi
1872 429 2107 500 praefue-

541 534 693 594 runt,
728 521 1023 597 prophetiae
1074 536 1276 576 munus
1307 521 1525 575 interim
1574 521 1957 581 exercentibus
1997 520 2107 590 Ag-

541 635 658 691 εει)
683 626 738 674 ct
762 615 1050 679 Zacharia,
1078 624 1201 684 post
1220 628 1359 684 quos
1387 611 1591 670 Esdras
1631 621 1685 668 et
1721 611 2013 668 Nehemias
2036 612 2109 669 .dc

541 712 812 782 Babylone
854 707 1040 762 itidem
1089 704 1318 764 reversi,
1352 721 1571 759 murum
1632 704 2109 760 circumdederunt

540 801 772 859 civitati.
832 798 989 854 Tunc
1046 807 1227 852 autem
1273 795 1647 866 pontiﬁcatum
1692 796 2110 853 administrabat

539 891 811 956 Joacbim,
840 889 932 954 qui
976 888 1104 944 Jcsu
1131 888 1225 943 ﬁlii
1272 888 1503 944 Josedec
1554 887 1703 944 ﬁlius
1756 889 1954 953 fuerat,
1986 899 2109 962 post

541 1001 701 1059 quem
735 985 1003 1042 successit
1034 983 1275 1050 Bliasib;
1313 983 1509 1038 deinde
1537 981 1729 1047 Jodae,
1760 996 1921 1052 quem
1950 995 2111 1035 secu-

541 1085 632 1134 tus
675 1085 762 1132 est
801 1074 1103 1141 Jonathas;
1155 1075 1301 1129 hunc
1359 1074 1572 1144 excepit
1616 1071 1843 1129 Jaddus.
1901 1072 2107 1128 Horum

541 1170 706 1226 etiam
738 1168 882 1239 apud
920 1166 1148 1221 Esdram
1177 1167 1234 1219 lit
1252 1166 1475 1227 mentio,
1501 1164 1587 1219 his
1614 1165 1794 1220 verbis
1820 1183 1833 1218 :
1872 1183 1890 1215 ι
1925 1163 1993 1217 Ει
2017 1161 2110 1219 Je-

540 1273 637 1314 sus
672 1260 861 1328 genuit
885 1255 1156 1320 Joachim,
1189 1265 1244 1310 et
1294 1254 1541 1309 Joatbim
1575 1254 1760 1325 genuit
1788 1253 2016 1321 Eliasib,
2054 1261 2109 1307 et

542 1349 746 1429 Eliasih
789 1348 977 1418 genuit
1015 1345 1206 1410 Jodae,
1231 1356 1286 1402 et
1308 1346 1478 1401 .lodae
1519 1347 1705 1417 genuit
1730 1345 2024 1411 Jonatban,
2054 1354 2109 1401 et

538 1441 808 1498 Jonatban
838 1442 1022 1511 genuit
1046 1439 1360 1495 Jaddum”.
1395 1458 1413 1491 ›
1446 1437 1714 1509 Tempore
1733 1446 1911 1493 autem
1944 1438 2107 1507 hujus

537 1535 736 1598 Jaddu,
768 1535 1073 1589 Alexander
1095 1532 1318 1588 Macedo
1341 1532 1725 1587 Alexandriam
1753 1529 2017 1598 condidit,
2048 1538 2109 1585 ut

537 1626 813 1697 Iosephus
836 1627 1103 1696 scriptum
1144 1624 1386 1694 reliquit,
1413 1631 1468 1679 et
1498 1623 1872 1695 Hierosolyma
1894 1623 2107 1693 ingres-

541 1734 636 1774 sus
664 1718 831 1773 Deum
863 1717 1134 1772 adoravit.
1166 1716 1412 1771 Mortuus
1446 1723 1532 1771 est
1569 1725 1750 1771 autem
1802 1714 2106 1768 Alexander

539 1808 761 1863 ineunte
809 1810 1107 1861 centesima
1165 1814 1220 1860 et
1264 1813 1459 1875 quarta
1509 1804 1723 1859 decima
1777 1802 2101 1874 Olympiade,

539 1908 664 1969 post
693 1899 895 1970 Cyrum
926 1897 1179 1953 ducentis
1236 1897 1457 1967 triginta
1500 1911 1595 1950 sex
1627 1894 1809 1959 annis,
1839 1894 1931 1964 qui
1962 1892 2105 1962 apud

537 1989 736 2046 Persas
778 2006 1009 2060 regnare
1053 1990 1221 2059 coepit
1279 1991 1502 2044 ineunte
1555 1986 1862 2058 Olympiade
1915 1985 2105 2055 quinta

538 2097 704 2152 supra
734 2080 1227 2152 quadragesimam.
1251 2080 1380 2136 Post
1405 2087 1634 2135 mortem
1666 2092 1793 2132 vero
1814 2075 2105 2131 Alexandri

540 2173 948 2235 Macedonis,et
985 2180 1106 2242 post
1146 2187 1311 2241 quem
1340 2170 1584 2241 proxime
1609 2168 1849 2224 diximus
1886 2166 2105 2238 pontiﬁ-

538 2282 678 2330 cem,
708 2266 877 2320 ()nias
918 2265 1037 2334 ipse
1058 2278 1276 2334 quoque
1318 2262 1666 2335 pontificatus
1686 2261 1891 2315 honore
1913 2275 2103 2316 susce-

535 2368 652 2428 p10,
676 2357 825 2428 genti
856 2355 1074 2428 praefuit
1103 2376 1116 2411 :
1140 2355 1300 2424 cujus
1323 2353 1660 2424 temporibus
1690 2368 1814 2411 cum
1843 2351 2103 2407 Seleucus

536 2449 863 2521 Babylonem
892 2449 1150 2518 cepisset,
1179 2448 1322 2502 Asiae
1359 2445 1467 2501 sibi
1515 2444 1763 2501 diadema
1792 2444 2102 2500 circumde-

534 2540 636 2601 dit,
666 2555 810 2594 anno
837 2546 959 2609 post
1002 2537 1298 2593 Alexandri
1340 2546 1571 2593 mortem
1620 2534 1962 2589 duodecimo.
2018 2533 2100 2588 Ad

533 2646 696 2702 quem
726 2648 756 2687 a
790 2631 934 2702 Cyro
958 2629 1372 2699 incipientibus,
1396 2628 1576 2683 omnis
1606 2627 1865 2697 temporis
1888 2640 2102 2681 summa

538 2740 811 2801 annorum
852 2724 1208 2777 ducentorum
1252 2720 1611 2792 quadraginta
1643 2728 1767 2773 octo
1806 2719 2097 2789 colligitur.

535 2815 620 2869 Ab
652 2816 754 2870 hoc
786 2815 903 2884 ipso
934 2824 1174 2884 tempore
1214 2811 1527 2867 Graecorum
1557 2826 1779 2881 regnum
1812 2824 2100 2864 numerare

537 2908 728 2977 incipit
802 2905 1233 2961 Machabaaorum
1306 2905 1554 2959 historia.
1612 2903 1913 2968 Cancrum,
1976 2911 2101 2971 post

536 2998 730 3054 Oniam
778 2995 1091 3052 Judmorum
1145 2997 1389 3065 suscepit
1445 2996 1809 3065 principatum
1859 2996 2099 3065 pontifex

536 3091 851 3152 Eleazarus,
883 3090 985 3144 sub
1015 3105 1123 3159 quo
1166 3086 1309 3142 LXX
1349 3088 1451 3141 viri
1492 3087 1706 3142 divinas
1757 3086 2099 3157 interpretati

539 3182 884 3253 Scripturas,
929 3180 1312 3237 Alexandrinis
1362 3179 1707 3235 bibliothecis
1754 3178 2098 3235 dedicarunt.

535 3275 667 3331 Post
697 3277 841 3331 hunc
893 3282 1117 3330 secutus
1164 3281 1247 3328 est
1299 3273 1436 3327 alter
1465 3270 1668 3327 Onias:
1699 3272 1787 3326 cui
1837 3272 2102 3329 successit

538 3361 751 3431 Simon,
774 3367 936 3435 cujus
971 3374 1294 3436 tempestate
1323 3362 1484 3420 Jesus
1520 3364 1663 3419 ﬁlius
1715 3364 1908 3420 Sirach
1960 3366 2103 3419 fama

535 3460 769 3518 celebris
797 3459 919 3525 fuit,
950 3460 1043 3531 qui
1078 3458 1405 3529 Sapientiam
1436 3457 1594 3513 titulo
1626 3458 1807 3515 omnia
1839 3458 2101 3513 virtutum

534 3568 738 3624 genera
767 3553 1108 3623 proﬁtentem
1130 3552 1462 3621 composuit.
1494 3549 1625 3606 Post
1655 3566 1815 3620 quem
1846 3550 1987 3605 alius
2011 3565 2103 3605 eo-

534 3643 658 3699 dem
690 3660 813 3700 cum
862 3645 1140 3716 prioribus
1185 3646 1405 3699 nomine
1446 3641 1615 3699 Onias
1657 3642 1891 3713 praefuit.
1928 3641 2102 3711 Hujus

534 3738 810 3808 pontiﬁcis
836 3747 1083 3809 tempore
1109 3737 1430 3797 Antiochus,
1463 3753 1587 3791 cum
1611 3735 1832 3792 Judzeos
1862 3735 2097 3791 obsidio-

534 3846 605 3886 ne
634 3831 936 3901 fatigasset,
960 3829 1282 3885 Graecorum
1336 3829 1534 3884 ritibus
1584 3828 1663 3883 uti
1710 3828 1909 3898 coegit.
1944 3825 2102 3882 lfunc

532 3931 757 3977 secutus
786 3918 976 3983 ludas,
1006 3925 1365 3989 cognomento
1396 3916 1757 3982 Machabams,
1782 3915 1911 3971 dum
1940 3915 2102 3971 rebus

531 4010 846 4069 Iudaeorum
895 4019 1113 4084 praeest,
1152 4011 1425 4080 regionem
1471 4011 1540 4065 ab
1570 4010 1755 4082 impiis
1780 4016 1834 4065 et
1857 4007 2101 4079 profanis

533 4116 883 4175 cxpurgatam
926 4104 1193 4159 liberavit.
1217 4102 1319 4157 Cui
1351 4102 1591 4157 succedit
1624 4101 1791 4159 frater
1816 4102 2100 4170 Jonathas,

533 4196 730 4253 deinde
766 4193 956 4250 Simon
986 4213 1000 4249 :
1038 4194 1143 4248 sub
1171 4193 1332 4263 cujus
1362 4200 1589 4248 mortem
1618 4195 1938 4266 regniquod
1959 4194 2102 4266 apud

536 4289 703 4360 Syros
720 4288 911 4358 viguit,
941 4301 1121 4340 annus
1154 4294 1480 4341 numeratur
1508 4286 1777 4355 septimus
1801 4294 1855 4343 et
1879 4296 2102 4360 septua-

533 4379 771 4450 gesimus
816 4392 982 4447 supra
1029 4377 1412 4439 centesimum,
1441 4377 1507 4432 ad
1538 4378 1682 4447 quod
1733 4393 1866 4433 sane
1886 4386 2101 4448 tempus

534 4472 766 4540 primus,
795 4471 888 4539 qui
923 4466 1349 4524 Hac/calamorum
1380 4476 1606 4525 vocatur
1632 4470 1790 4530 liber,
1816 4470 2099 4525 historiam

533 4559 777 4623 deducit,
839 4574 903 4613 ac
963 4558 1248 4613 deductam
1310 4559 1590 4629 relinquit.
1628 4558 1792 4633 δεῇ,
1839 4561 2024 4630 Itaque
2069 4575 2100 4614 a

535 4652 712 4722 primo
733 4666 876 4705 anno
899 4648 1045 4722 Cyri,
1078 4650 1337 4719 regnique
1358 4648 1672 4713 Persarum,
1702 4655 1768 4706 ad
1792 4660 2095 4706 extremum

532 4743 774 4799 historia
805 4740 1236 4795 Macbabasornm
1276 4739 1459 4803 ﬁnem,
1494 4739 1840 4812 Simonisque
1880 4742 2096 4813 pontiﬁ-

533 4832 616 4886 cis
657 4838 885 4885 mortem
905 4868 921 4893 ,
970 4828 1099 4884 anni
1124 4829 1457 4899 colliguntur
1486 4831 1868 4902 quadringenti
1900 4832 2095 4903 viginti

533 4924 796 4994 quinque.
826 4922 1063 4978 Posthac
1112 4936 1243 4977 vero
1283 4919 1570 4988 Jonathas,
1597 4931 1657 4978 ut
1700 4924 1893 4980 scribit
1936 4923 2094 4982 Jose-

534 5015 700 5086 phus,
726 5015 1098 5086 pontiﬁcatum
1136 5021 1425 5085 exceptum
1455 5030 1551 5085 per
1579 5031 1753 5071 annos
1776 5016 1971 5086 viginti
1997 5033 2097 5072 no-

534 5122 656 5164 vem
691 5107 1053 5163 administrat.
1078 5104 1234 5161 Hunc
1250 5119 1471 5164 secutus
1498 5107 1865 5175 Aristobulus,
1889 5123 2095 5165 annum

538 5216 707 5257 unum
732 5208 949 5272 praeest.
980 5199 1079 5255 Hic
1112 5202 1324 5272 primus
1357 5207 1477 5271 post
1498 5200 1735 5255 reditum
1764 5201 1833 5257 de
1864 5200 2096 5275 Babylo-

538 5307 610 5348 ne
636 5292 704 5348 ad
741 5290 1072 5365 pontiﬁcium
1116 5291 1436 5364 dignitatem
1480 5291 1713 5362 amplius
1744 5293 1951 5365 regium
1977 5293 2095 5348 dia-

538 5383 696 5442 dema
726 5384 969 5441 additum
991 5384 1096 5440 sibi
1136 5384 1414 5456 imposuit.
1450 5382 1589 5438 Huic
1629 5384 1872 5441 succedit
1897 5395 1952 5443 et
1996 5401 2093 5443 rex

540 5474 683 5532 idem
724 5484 780 5532 et
817 5475 1062 5546 pontifex
1111 5475 1418 5534 Alexander
1446 5516 1462 5545 ,
1515 5476 1611 5549 qui
1657 5485 1714 5534 et
1759 5476 1877 5549 ipse
1917 5494 2092 5535 annos

619 5645 669 5680 ⁸⁸
702 5647 747 5703 ΙΙ
779 5649 936 5712 Esdt'.
967 5670 1066 5727 xu,
1099 5656 1185 5726 l0,
1216 5658 1301 5725 ll.

1026 5856 1041 5893 ι

2151 219 2331 277 PARS
2364 218 2432 277 ll.
2470 250 2540 261 —
2576 217 3078 282 APOLOGEI’ICA.
3613 237 3701 296 616

2134 351 2181 408 Α
2207 335 2314 391 άπὸ
2350 336 2451 407 τῆς
2488 335 2711 409 Δαρείου
2756 336 3204 409 καταριθμεῖσθαι
3230 339 3486 411 βασιλείας
3512 350 3701 420 συμϐαε·

2208 445 2308 492 νει,
2337 427 2457 487 καθ’
2490 427 2550 481 δν
2580 423 2736 491 αὖθις
2769 427 2975 499 Ἰησοῦς
2998 428 3028 481 6
3056 427 3148 482 τοῦ
3186 430 3434 497 Ἰωσεδὲκ,
3465 438 3547 491 καὶ
3566 440 3700 512 Ζορο-

2208 519 2373 577 ϐάϐελ
2413 523 2442 576 6
2464 519 2559 574 τοῦ
2586 519 2857 593 Σαλαθιήλ
2882 520 2963 584 είς
2985 522 3185 575 ἐκεῖνον
3215 524 3311 594 τὴν
3335 522 3466 597 ζωὴν
3487 532 3702 601 παρατεί.

2206 622 2413 672 ναντες,
2432 609 2600 680 άμφω
2623 607 2962 681 προέστησαν
2982 610 3080 681 τῆς
3102 610 3197 664 τοῦ
3226 612 3365 683 ἱεροῦ
3392 615 3702 688 ἀνανεώσεως,

2206 697 2653 769 προφητευόντων
2699 696 2950 766 Ἀγγαίου
3004 700 3097 752 καὶ
3148 701 3402 772 Ζαχαρίου
3425 720 3438 734 ·
3486 705 3587 776 μεθ’
3628 707 3705 773 οὓς

2210 790 2446 860 Ἔσδρας
2486 790 2580 845 καὶ
2628 791 2887 861 Νεεμίας,
2918 791 3119 862 ὁμοίως
3164 793 3228 846 ὲκ
3258 791 3548 860 Βαϐυλῶνος
3575 798 3704 853 ἀνελ-

2207 882 2408 947 θόντες,
2440 882 2502 936 τὸ
2531 885 2705 953 τεῖχος
2732 882 3014 954 ὲδείμαντο
3047 886 3113 956 τῇ
3154 884 3322 948 πόλει,
3361 887 3452 956 τὴν
3486 888 3707 960 ἀρχιερω-

2209 974 2371 1046 σύνην
2403 974 2677 1038 διέποντος
2718 975 3032 1047 Ἰωακείμου
3055 993 3069 1006 ·
3111 979 3238 1040 παῖς
3265 976 3321 1030 δὲ
3357 974 3498 1043 οὗτος
3532 975 3591 1051 ἦν
3621 983 3706 1054 Ἰη-

2209 1067 2302 1121 σοῦ
2333 1064 2427 1120 τοῦ
2472 1065 2710 1121 Ἰωσεδὲκ
2731 1084 2745 1098 ⁶
2786 1067 2902 1139 μεθ’
2944 1068 3007 1121 ὃν
3037 1067 3330 1139 διαδέχεται
3357 1070 3448 1141 τὴν
3484 1071 3707 1144 ἀρχιερωο

2208 1156 2371 1228 σύνην
2415 1156 2754 1220 Ἐλιασοῦϐος
2773 1175 2787 1188 ·
2829 1157 3019 1217 ἔπειτα
3064 1158 3271 1212 Ἰωδαέ·
3311 1159 3420 1231 μεθ’
3457 1161 3510 1215 ὃν
3556 1163 3707 1218 Ἰωνά-

2206 1249 2337 1303 θαν·
2395 1248 2513 1321 μεθ’
2571 1250 2631 1302 ὃν
2679 1248 2923 1312 Ἰαδδοῦς.
2981 1248 3194 1304 Τούτων
3257 1251 3509 1323 μέμνηται
3560 1256 3703 1327 καὶή

2210 1341 2414 1413 Ἔσδρα
2440 1342 2646 1414 γραφὴ,
2671 1341 2902 1411 λέγουσα
2921 1357 2933 1370 °
2976 1361 2995 1393 ι
3025 1342 3134 1397 Καὶ
3173 1343 3369 1415 Ἰησοῦς
3390 1345 3615 1417 ἐγέννησε
3637 1349 3707 1401 τὸν

2219 1433 2492 1504 Ἰωακεὶμ,
2528 1435 2622 1489 καὶ
2662 1435 2912 1505 Ἰωακεὶμ
2952 1434 3207 1507 ἐγέννησε
3242 1437 3331 1491 τὸν
3376 1437 3608 1502 Ἐλιασὶϐ,
3635 1440 3705 1493 καὶ

2219 1525 2453 1581 Ἐλιασὶό
2492 1525 2744 1597 ἐγέννησε
2785 1526 2876 1580 τὸν
2916 1527 3116 1593 Ἰωδαὲ,
3148 1530 3242 1584 καὶ
3285 1530 3453 1584 Ἰωδαὲ
3495 1532 3704 1603 ἐγέννησε

2204 1616 2294 1671 τὸν
2335 1617 2605 1684 Ἰωνάθαν,
2640 1619 2734 1672 καὶ
2774 1618 3034 1676 Ἰωνάθαν,
3068 1621 3320 1691 ἐγέννησε
3362 1622 3446 1675 τὸν
3475 1622 3700 1677 Ἰαδδοῦ.»

2136 1701 2177 1755 Β
2202 1710 2360 1765 Κατὰ
2398 1709 2584 1765 τοῦτον
2630 1710 2722 1764 τὸν
2777 1711 2975 1766 Ἰαδδοῦ
3023 1713 3051 1766 6
3094 1712 3356 1768 Μακεδὼν
3419 1713 3703 1786 Ἀλέξανδρος

2218 1800 2618 1873 Ἀλεξάνδρειαν
2652 1802 2844 1867 κτίζει,
2879 1803 2955 1867 ὡς
2997 1802 3259 1875 Ἰώσηπος
3299 1805 3503 1876 ἱστορεῖ,
3549 1806 3700 1875 ἀφικό-

2205 1893 2364 1965 μενός
2411 1911 2471 1948 τε
2512 1896 2591 1959 είς
2628 1895 2696 1950 τὰ
2749 1895 3111 1967 Ἰεροσόλυμα,
3165 1895 3244 1968 τῷ
3288 1896 3402 1968 Θεῷ
3442 1900 3700 1970 προσκυνεῖ.

2203 1986 2440 2060 Τελευτᾷ
2479 1989 2537 2043 δὲ
2567 1989 2658 2042 τὸν
2693 1988 2804 2060 βίον
2848 1987 3196 2061 Ἀλέξανδρος
3225 1990 3284 2042 ἐν
3316 1989 3450 2061 άρχῇ
3486 1991 3572 2061 τῆς
3603 1992 3701 2055 ὲκε-

2200 2077 2395 2147 τοστῆς
2438 2077 2531 2131 καὶ
2571 2076 3170 2152 τεσσαρεσκαιδεκάτης
3220 2077 3570 2151 Ὀλυμπιάδος,
3600 2078 3705 2151 μετὰ

2196 2167 2293 2241 ἔτη
2340 2169 2586 2225 διακόσια
2632 2171 2920 2244 τριάκοντα
2971 2172 3036 2226 ὲκ
3086 2170 3293 2244 Κύρου,
3340 2171 3397 2236 ὃς
3444 2171 3702 2226 ὲδασίλευσε

2201 2260 2425 2333 Περσῶν
2451 2261 2591 2317 κατὰ
2615 2263 2677 2317 τὸ
2711 2264 2922 2335 πρῶτον
2947 2262 3065 2328 ἔτος
3095 2265 3352 2337 πέμπτης
3378 2264 3467 2317 καὶ⁵
3494 2279 3704 2333 πεντηκο-

2202 2353 2333 2425 στῆς
2375 2353 2750 2425 Ὀλυμπιάδος.
2786 2355 2941 2410 Μετὰ
2970 2355 3029 2409 δὲ
3077 2356 3180 2429 τὴν
3221 2354 3468 2428 τελευτὴν
3509 2353 3702 2419 Ἀλεξάν-

2200 2446 2324 2518 δρου
2355 2445 2449 2500 τοῦ
2482 2447 2805 2512 Μακεδόνος,
2868 2449 2960 2503 καὶ
2997 2448 3138 2520 μετὰ
3180 2448 3270 2501 τὸν
3307 2446 3582 2519 δηλωθέντα
3604 2446 3701 2515 ἀρχ-

2204 2538 2372 2609 ιερέα,
2408 2538 2584 2602 Ὀνίας
2617 2541 2827 2610 ἡγεῖται
2850 2539 2944 2594 τοῦ
2974 2539 3181 2605 ἔθνους,
3221 2540 3318 2612 τῆς
3347 2538 3449 2592 τῶν
3466 2535 3701 2609 ἀρχιερέων

2201 2629 2296 2683 καὶ
2338 2630 2498 2695 αὐτὸς
2543 2631 2937 2704 ἐπειλημμένος
2982 2632 3186 2704 τιμῆς·
3230 2631 3348 2686 καθ’
3384 2631 3440 2685 δν
3478 2630 3698 2691 Σέλευκος,

2200 2720 2493 2776 Βαϐυλῶνα
2519 2724 2818 2794 κρατήσας,
2847 2723 2909 2777 τὸ
2933 2723 3032 2794 τῆς
3076 2724 3265 2787 Ἀσίας
3296 2721 3599 2796 περιτίθεται
3617 2719 3701 2773 διὰ·

2198 2814 2345 2885 δημα
2370 2813 2478 2868 ἔτει
2504 2814 2788 2885 δωδεκάτῳ
2812 2814 2948 2886 μετὰ
2971 2814 3069 2885 τὴν
3110 2812 3452 2886 Ἀλεξάνδρου
3480 2810 3697 2880 τελευτὴν,

2201 2905 2321 2960 καθ’
2352 2905 2410 2959 ὃν
2436 2906 2725 2975 συνάγεται
2752 2909 2781 2960 6
2804 2908 2911 2970 πᾶς
2941 2905 3133 2976 χρόνος
3156 2909 3186 2960 6
3212 2906 3321 2961 ἀπὸ
3344 2905 3513 2979 Κύρου
3539 2905 3602 2967 εἰς
3629 2901 3699 2969 ἐτη

2201 2998 2443 3053 διακόσια
2475 2998 3042 3070 τεσσαρακονταοκτὼ.
3097 3000 3377 3053 Ἐντεῦθεν
3422 2997 3511 3069 τὴν
3557 2993 3698 3063 Ἐλλήο

2202 3107 2308 3144 νων
2340 3089 2612 3161 βασιλείαν
2642 3092 2675 3161 ὴ
2697 3090 2803 3144 τῶν
2828 3090 3205 3145 Μακκαϐαίων
3228 3088 3408 3163 γραᾳὴ
3427 3086 3701 3160 καταριθμεῖ-

2204 3182 2325 3237 σθαι
2354 3182 2597 3256 ἄρχεται.
2641 3182 2795 3237 Μετὰ
2825 3182 2882 3236 δὲ
2914 3183 3005 3237 τὸν
3048 3185 3230 3238 Ὀνίαν
3259 3186 3464 3255 ἡγεῖται
3485 3180 3579 3235 τῶν
3608 3180 3701 3232 Ἰου-

2200 3274 2361 3329 δαίων
2409 3276 2699 3346 ἀρχιερεὺς
2749 3274 3088 3347 Ἐλεάζαρος,
3134 3276 3259 3331 καθ’
3301 3276 3359 3330 ὃν
3401 3276 3448 3329 οἱ
3496 3271 3698 3342 Ἐύδομή-

2201 3383 2385 3429 κοντα,
2429 3366 2527 3431 τὰς
2560 3365 2711 3429 θείας
2738 3365 3174 3437 ἐρμηνεύσαντες
3204 3366 3437 3440 Γραφάς,
3468 3367 3572 3427 ταῖς
3597 3360 3697 3416 κατὰ

2214 3457 2612 3530 Ἀλεξάνδρειαν
2660 3456 3025 3528 βιϐλιοθήκαις
3070 3459 3478 3513 ἀνατεθείκασι·
3529 3454 3624 3527 μεθ’
3660 3450 3700 3503 ὃν

2200 3549 2385 3621 ἕτερος
2426 3549 2618 3614 Ὀνίας,
2653 3549 2712 3603 ὃν
2743 3549 3045 3620 διαδέχεται
3087 3552 3294 3623 Σίμων,
3326 3550 3441 3607 καθ’
3467 3549 3519 3604 ὃν
3550 3543 3701 3616 Ἰησοῦς

2196 3642 2229 3694 6
2259 3641 2352 3694 τοῦ
2402 3640 2569 3713 Σιράχ
2601 3641 2944 3713 ὲγνωρίζετο,
2973 3644 3002 3696 6
3032 3643 3133 3714 τὴν
3162 3645 3493 3716 καλουμένην
3520 3640 3702 3709 πανὰρεο

2199 3755 2292 3792 τον
2314 3738 2542 3808 Σοφίαν
2571 3736 2835 3803 συντάξας
2857 3755 2870 3768 ·
2900 3737 3017 3810 μεθ’
3040 3739 3102 3793 ὃν
3134 3739 3324 3812 ἕτερος
3347 3738 3601 3810 ὁμώνυμος
3624 3732 3704 3789 τοῖς

2127 3046 2170 3103 C

2201 3829 2433 3901 πρόσθεν
2470 3828 2646 3892 Ὀνίας
2670 3831 2900 3901 ἡγεῖται,
2935 3829 3056 3883 καθ’
3079 3830 3141 3885 δν
3177 3829 3459 3902 Ἀντίοχος,
3480 3825 3588 3888 τοὺς
3610 3823 3703 3874 Ί⁰υ’

2200 3921 2382 3985 δαίους
2434 3921 2813 3992 πολιορκήσας,
2854 3918 3183 3991 Ἐλληνίζειν
3212 3916 3587 3992 κατηνάγκαζεσ
3619 3904 3702 3981 μεθ’

2199 4014 2259 4067 δν
2305 4012 2544 4085 προστὰς
2590 4013 2699 4067 τῶν
2744 4013 3085 4085 πραγμάτων
3125 4014 3353 4078 Ἰούδας,
3385 4013 3424 4075 ,ὁ
3461 4002 3706 4075 ἐπικληθεὶς

2200 4106 2572 4171 Μακκαϐαῖος,
2603 4105 2899 4177 ὲξεκάθηρε
2931 4104 3042 4157 τῶν
3072 4104 3291 4159 άσεϐὦν
3324 4104 3420 4177 τὴν
3460 4100 3640 4174 χώραν·
3662 4093 3703 4177 ὃν

2199 4196 2228 4247 6
2258 4195 2485 4266 ἀδελφὸς
2523 4195 2773 4266 Ἰωνάθης
2794 4176 3094 4265 διαδέχεται
3118 4211 3132 4224 ’
3169 4196 3265 4253 καὶ
3297 4195 3452 4249 πάλιν
3477 4191 3642 4261 Σίμων,
3660 4176 3702 4235 ὦ

2202 4286 2342 4341 κατὰ
2375 4288 2475 4359 τὴν
2518 4286 2771 4358 τελευτὴν
2821 4286 3048 4358 ἕϐδομον
3090 4289 3189 4340 καὶ
3240 4282 3605 4358 ἑϐδομηκοστὸν
3638 4274 3704 4329 καὶ

2136 4392 2177 4447 D
2203 4379 2487 4435 ἑκατοστὸν
2513 4378 2631 4441 ἔτος
2654 4377 3027 4449 ἐξαριθμεῖται
3051 4379 3150 4449 τῆς
3179 4379 3323 4433 κατὰ
3350 4376 3533 4449 Συρίαν
3557 4368 3702 4443 ἀρχῆς,

2200 4474 2235 4544 ἦ
2263 4488 2322 4525 τε
2348 4469 2536 4543 πρώτη
2563 4470 2866 4542 καλουμένη
2900 4469 3008 4524 τῶν
3042 4471 3440 4525 Mazacwa
3470 4464 3619 4537 βίϐλος
3646 4459 3703 4517 είς

2198 4563 2356 4618 τοῦτο
2382 4563 2476 4617 τοῦ
2508 4562 2699 4635 χρόνου
2731 4562 2995 4617 κατέλυσε
3026 4560 3124 4633 τὴν
3154 4563 3413 4635 ἱστορίαν.
3450 4558 3590 4612 Ὥστε
3610 4567 3701 4605 συν·

2201 4654 2427 4726 άγεσθαι
2450 4656 2558 4709 άπὸ
2596 4653 2808 4726 πρώτου
2837 4653 2988 4719 ἔτους
3020 4654 3205 4726 Κύρου
3229 4656 3323 4709 καὶ
3362 4649 3565 4725 Περσῶν
3587 4645 3699 4716 βεστ-

2200 4747 2347 4811 λείας
2373 4748 2466 4801 ἐπὶ
2489 4747 2550 4801 τδ
2570 4746 2720 4811 τέλος
2749 4747 2848 4819 τῆς
2878 4746 2986 4801 τῶν
3010 4746 3386 4802 Μακκαὸαίων
3409 4740 3614 4816 γραφῆς,
3634 4731 3700 4786 καὶ

2198 4837 2292 4892 ηὲπὶ
2310 4838 2409 4910 τὴν
2437 4838 2676 4909 Σίμωνος
2706 4835 2802 4891 τοῦ
2826 4835 3123 4909 ἀρχιερέως
3152 4833 3424 4907 τελευτὴν,
3446 4832 3531 4902 ἐτη
3557 4835 3701 4892 estpa-

2196 4930 2354 4985 κόσια
2394 4929 2729 4985 εἰκοσιπέντε
2749 4946 2764 4961 ’
2796 4929 2912 5002 μεθ’
2939 4928 2977 4984 ἃ.
3011 4927 3267 5001 Ἰωνάθης
3298 4928 3394 4999 τὴν
3424 4910 3698 4995 ἀρχιερωσύ⁴

2199 5042 2318 5098 νην,
2340 5023 2417 5087 ὡς
2437 5024 2465 5076 6
2494 5021 2756 5094 Ἰώσηπός
2782 5038 2935 5093 φησι,
2967 5021 3266 5091 διαδέχεται
3287 5020 3380 5075 ἐπὶ
3403 5018 3556 5071 ἐτεσιν
3582 5004 3697 5063 ἐννέα

2201 5117 2295 5171 καὶ
2318 5115 2491 5170 είκοσι
2514 5131 2527 5146 ο
2565 5112 2680 5186 μεθ’
2712 5113 2771 5171 ὃν
2807 5112 3210 5186 Ἀριστόὼυλος
3248 5108 3484 5168 ἐνιαυτὸν
3515 5103 3692 5178 ἡγεῖται,

2198 5208 2260 5273 ὃς
2290 5206 2503 5281 πρῶτος
2547 5204 2685 5279 μετὰ
2718 5205 2817 5277 τὴν
2854 5206 2962 5261 ἀπὸ
3004 5205 3318 5268 Βαϐυλῶνος
3356 5197 3585 5259 ιπάνοιον
3610 5186 3691 5245 διάη

2190 5302 2345 5371 δημα
2390 5298 2664 5371 βασιλικὸν
2708 5298 3045 5370 περιτίθεται
3088 5298 3225 5371 πρὸς
3264 5299 3331 5369 τῇ
3360 5282 3688 5371 ἀρχιερωσύνηξ

2198 5369 2399 5445 Totis-0v
2442 5389 2741 5461 διαδέχεται
2785 5369 3149 5462 δΔλέξανδρος,
3196 5388 3443 5460 βασιλεὺς
3489 5384 3587 5453 ἅμα
3622 5369 3691 5462 κίκι

2196 5480 2503 5552 ἀρχιερεὺς,
2525 5459 2681 5533 ,ἔτεσι
2709 5479 2803 5535 καὶ
2841 5478 3001 5544 αὐτὸς
3200 5459 3294 5535 καὶ
3317 5476 3479 5537 εἴκοσι
3500 5459 3691 5542 προεῖδε
