3922 6200
181 224 274 280 617

1030 222 1677 279 DEMONSTRATIONIS
1716 221 2168 279 EVANGELICE
2209 223 2335 280 LIB.
2371 222 2507 279 Vill.

3271 227 3373 282 6l8

178 339 274 393 τῶν
315 337 679 410 πραγμάτων·
721 337 800 399 είς
845 336 902 390 ὃν
948 338 1233 406 συνάγεται
1279 339 1346 391 τὰ
1393 339 1567 392 πάντα
1612 338 1720 391 ἀπὸ

1822 350 2026 409 septem
2050 347 2103 393 et
2121 339 2309 410 viginti
2331 339 2491 394 rebus
2518 337 2827 393 Iudaeorum
2862 346 3072 409 praeest.
3104 338 3184 394 Ad
3214 342 3375 408 cujus

178 432 377 505 πρώτου
407 430 558 492 ἔτους
580 429 852 499 βασιλείας
885 430 1064 502 Κύρου
1096 433 1186 485 καὶ
1210 432 1308 502 τῆς
1331 428 1437 484 ἀπὸ
1470 430 1719 484 Βαϐυλῶ-

174 541 252 586 νος
294 523 550 576 ἐπανόδου
596 522 688 575 τοῦ
737 522 1002 575 Ἰουδαίων
1042 522 1225 585 ἔθνους
1271 522 1363 596 ἔτη
1396 522 1718 593 τετρακόσια

170 612 595 685 ὀγδοηκονταδύο,
634 608 693 667 οὗ
738 614 1075 685 προέστησαν
1106 614 1396 685 ἀρχιερεῖς,
1430 613 1523 677 οὓς
1553 614 1719 685 ἡγοῦ-υ

174 725 261 777 μαι
288 705 516 777 Χριστὸν
541 702 834 777 ἡγούμενον
864 704 966 757 ὑπὸ
989 706 1087 775 τῆς
1112 705 1442 777 προφητείας
1462 705 1720 777 ὀνομάζε-

172 798 315 851 σθαι’
359 797 479 868 μεθ’
524 796 636 860 οὓς,
670 798 1085 867 τελευτήσαντος
1128 797 1222 851 τοῦ
1266 798 1492 851 ὑστάτου
1540 797 1718 852 αὐτῶν

169 888 456 960 ἀρχιερέως
513 888 876 959 Ἀλεξάνδρου,
923 889 1131 961 ἄναρχα
1184 889 1279 942 καὶ
1335 890 1718 962 άπροστάτητα

168 979 230 1033 τά
254 980 345 1034 τοῦ
383 979 650 1033 Ἰουδαίων
687 979 869 1042 ἔθνους
909 980 1279 1047 ἀπολείπεται,
1318 980 1457 1034 ὥστε
1498 984 1577 1045 εἰς
1622 998 1718 1050 γυ-

168 1073 320 1124 ναῖκα
354 1070 672 1141 περιστῆναι
703 1072 800 1143 τὴν
831 1072 1101 1142 βασιλείαν
1136 1074 1331 1127 αὐτῶν.
1374 1074 1492 1127 Τῶν
1536 1075 1592 1128 δὲ
1626 1075 1718 1129 δύο

170 1160 383 1221 παίδων,
419 1160 823 1232 Ἀριστοϐούλου
863 1163 956 1215 καὶ
995 1162 1281 1234 Ὑρκανοῦ,
1318 1165 1717 1219 στασιασάντων

169 1252 296 1323 πρὸς
321 1251 599 1322 ἀλλήλους,
623 1251 846 1315 ἐπιστὰς
866 1256 975 1316 τοῖς
1010 1253 1393 1325 Ἰεροσολύμοις
1417 1257 1714 1329 Πομπήϊος,

177 1344 454 1415 Ῥωμαίων
488 1344 787 1413 στρατηγὸς
815 1342 910 1407 ὣν,
958 1345 1103 1415 αίρεῖ
1152 1346 1250 1416 μὲν
1296 1346 1577 1418 πολιορκίᾳ
1619 1348 1717 1418 τὴν

164 1438 333 1502 πόλιν,
371 1437 566 1508 μιαίνει
586 1454 645 1489 τε
667 1436 735 1490 τὰ
770 1437 919 1506 ἅγια,
949 1438 1109 1509 μέχρι
1140 1438 1247 1492 τῶν
1275 1439 1479 1493 ἀδύτων
1499 1440 1605 1493 τῶν
1640 1440 1715 1493 ἱε-

167 1529 257 1601 ροῦ
294 1526 583 1598 προελθών.
628 1528 736 1581 Καὶ
775 1528 945 1581 ταῦτα
987 1529 1269 1599 συμϐαίνει
1312 1529 1464 1596 ἔτους
1501 1531 1715 1603 πρώτου

161 1623 256 1693 τῆς
302 1620 595 1690 ἑκατοστῆς
635 1619 1037 1692 ἑϐδομηκοστῆς
1075 1621 1300 1693 ὲννάτης
1337 1622 1711 1694 Ὀλυμπιάδος,

1821 431 2181 503 principatum
2214 446 2243 484 a
2273 431 2448 501 primo
2482 430 2622 501 regis
2652 430 2777 501 Cyri
2832 446 2997 498 anno,
3038 439 3093 486 et
3132 431 3374 488 Iudaica:

1820 524 1994 593 gentis
2019 523 2223 578 reditus
2254 524 2320 579 de
2341 522 2633 594 Babylone,
2663 525 2838 579 omnis
2864 540 3072 578 summa
3103 540 3370 582 annorum

1819 614 2094 685 colligitur
2124 614 2642 685 quadringentorum
2683 617 2952 686 octoginta
2976 616 3233 687 duorum,
3264 636 3372 690 quo

1820 713 1934 759 toto
1966 713 2206 775 tempore
2234 704 2516 775 pontiﬁces
2554 704 2918 775 pra-fuerunt,
2950 723 3087 778 quos
3120 724 3218 780 ego
3248 711 3373 779 qui-

1818 798 1938 852 dem
1971 797 2170 853 Christi
2207 798 2361 852 ducis
2406 798 2785 867 appellatione,
2813 814 2841 851 a
2892 801 3169 870 prephetia
3202 803 3370 875 signi-

1821 888 1970 943 ficari
2022 890 2259 944 arbitror
2311 908 2324 943 :
2385 897 2508 958 post
2568 903 2728 958 quos,
2767 887 3009 958 ipsorum
3070 892 3369 947 novissimo

1818 980 2127 1035 Alexandro
2153 980 2466 1043 decedente,
2493 995 2578 1035 res
2603 977 2911 1033 Iudaeorum
2952 980 3069 1036 sine
3098 983 3364 1054 principe,

1819 1071 1935 1126 sine
1965 1071 2123 1136 duce,
2148 1073 2419 1128 neminem
2457 1072 2547 1143 qui
2601 1080 2854 1143 prmesset
2902 1072 3181 1141 habentes,
3204 1078 3368 1132 relin—

1817 1174 2076 1233 quuntur.
2110 1163 2329 1218 Factum
2363 1164 2544 1233 itaque
2579 1170 2682 1226 est,
2710 1172 2768 1216 ut
2816 1177 3001 1216 eorum
3058 1179 3280 1230 regnum
3312 1166 3366 1219 in

1819 1254 2071 1308 feminam
2096 1255 2308 1309 tandem
2335 1254 2604 1330 reciderit.
2634 1253 2800 1322 Cujus
2830 1253 2923 1308 filii
2946 1254 3053 1309 duo
3084 1256 3369 1311 Aristobu-

1819 1341 1903 1397 lus
1934 1350 2094 1412 atque
2151 1342 2457 1413 Hyrcanus,
2492 1340 2621 1395 dum
2667 1341 2807 1395 inter
2846 1358 2905 1397 se
2953 1343 3021 1398 de
3056 1344 3366 1416 principatu

1817 1432 2171 1497 contendunt,
2205 1433 2491 1501 Pompeius
2514 1434 2715 1488 interea
2745 1432 3109 1489 Romanorum
3133 1435 3368 1506 impera-

1816 1531 1922 1588 tor,
1948 1522 2319 1593 llierosolyma
2351 1537 2661 1593 aggressus,
2694 1538 2815 1576 cum
2845 1524 3127 1581 obsidione
3177 1526 3363 1581 urbem

1816 1617 1980 1688 capit,
2012 1624 2125 1671 tum
2162 1632 2333 1686 usque
2365 1616 2432 1670 ad
2467 1617 2760 1687 penetralia
2808 1618 2989 1687 templi
3019 1634 3361 1689 progressus,

167 1712 297 1783 μετὰ
338 1712 660 1784 τετρακόσια
688 1713 1036 1784 ἐννενήκοντα
1076 1715 1237 1768 πέντε
1270 1716 1363 1787 ἐτη
1398 1717 1494 1787 τῆς
1535 1717 1714 1791 Κύρου

1817 1722 1938 1777 quae
1968 1718 2151 1762 sancta
2203 1707 2259 1759 in
2301 1705 2407 1760 illis
2458 1705 2800 1769 dicebantur,
2835 1696 3104 1775 profanat.
3155 1706 3221 1760 Et
3252 1707 3366 1762 hzec

162 1804 448 1873 βασιλείας,
481 1806 601 1875 ἥτις
649 1803 849 1875 ἤρξατο
887 1806 979 1859 ἐπὶ⁸
1024 1805 1124 1875 τῆς
1169 1810 1534 1881 πεντηκοστῆς
1578 1810 1717 1881 πέμ-

161 1914 299 1968 πτης
342 1897 716 1968 Ὀλυμπιάδος.
766 1897 898 1951 Τότε
947 1898 990 1951 δ’
1032 1895 1122 1953 οὖν
1161 1903 1189 1953 ὁ
1234 1900 1530 1974 Πομπήϊος,
1583 1902 1715 1955 ἐλὼν

159 1987 297 2041 κατὰ
348 1988 547 2059 κράτος
603 1988 700 2059 τὴν
749 1989 1119 2062 Ἰερουσαλὴμ,
1175 1990 1265 2044 τὸν
1324 1993 1715 2064 προειρημένον

170 2079 568 2151 Ἀριστόϐουλον
620 2080 907 2152 ἐκπέμψας
951 2082 1165 2153 δέσμιον
1218 2084 1308 2135 ἐπὶ
1357 2081 1589 2153 Ῥώμης,
1640 2082 1717 2152 τῷ

155 2172 344 2225 τούτου
386 2172 598 2243 ἀδελφῷ
643 2173 892 2246 Ὑρκανῷ
932 2174 1030 2245 τὴν
1061 2173 1466 2247 ἀρχιερωσύνην
1501 2174 1717 2247 παραδί-

155 2264 306 2328 δωσι,
330 2264 391 2316 τὸ
416 2281 472 2317 τε
499 2265 603 2318 πᾶν
642 2264 792 2327 ἔθνος
819 2264 874 2331 ἐξ
898 2265 1103 2319 ἐκείνου
1138 2265 1389 2329 ὑποτελὲς
1434 2266 1715 2336 Ῥωμαίοις

158 2358 550 2426 κατεστήσατο·
578 2355 695 2426 μεθ’
733 2355 791 2409 ὃν
830 2356 1071 2429 Ἡρώδης
1108 2359 1137 2410 ὁ
1169 2357 1518 2429 Ἀντιπάτρου
1565 2359 1710 2417 παῖς,

172 2446 430 2516 Ὑρκανὸν
467 2445 690 2509 ἀνελὼν,
736 2447 832 2518 τὴν
864 2448 972 2500 τῶν
1000 2449 1264 2502 Ἰουδαίων
1307 2448 1578 2520 βασιλείαν
1611 2447 1712 2501 ὑπὸ

156 2536 254 2607 τῆς
282 2536 564 2606 Ῥωμαίων
592 2536 889 2607 συγκλήτου
917 2536 1107 2608 βουλῆς
1141 2538 1520 2609 ἐγχειρίζεται,
1559 2536 1711 2608 πρῶ-

157 2627 247 2689 τος
295 2644 356 2679 τε
408 2627 567 2690 αὐτὸς
616 2627 675 2693 ἐξ
731 2628 1021 2698 ἀλλοφύλου
1072 2629 1257 2697 γένους
1311 2628 1574 2699 βασιλεύει
1618 2628 1710 2682 τοῦ

158 2720 361 2784 ἔθνους,
393 2718 488 2790 τὴν
521 2720 627 2773 τῶν
658 2721 958 2792 ἀρχιερέων
1002 2721 1139 2774 κατά
1184 2719 1272 2773 τὸν
1315 2720 1591 2783 Μωῦσέως
1620 2721 1709 2774 νό-

162 2829 259 2884 μον
290 2810 603 2881 διαφθείρας
630 2810 800 2877 τάξιν.
847 2812 904 2864 '0
955 2812 1051 2882 μὲν
1097 2810 1203 2881 γὰρ
1248 2811 1387 2874 θεῖος
1429 2811 1589 2883 νόμος
1625 2812 1711 2868 διὰ

161 2903 276 2973 βίου
335 2901 579 2973 ἱερᾶσθαι
635 2902 710 2972 τῷ
760 2901 878 2972 Θεῷ
928 2901 1016 2953 τὸν
1077 2901 1328 2954 ἀνωτάτω
1390 2905 1710 2973 προστάττει

160 2994 415 3066 ἀρχιερέα
450 3009 463 3022 ’
522 2996 550 3047 ό
612 2993 656 3046 δ’
725 2992 965 3065 Ἡρώδης
1026 2994 1085 3046 οὐ
1147 2997 1255 3057 τοῖς
1317 2994 1422 3047 ἀπὸ
1480 2993 1705 3063 γένους,

158 3087 264 3141 οὐδ’
323 3081 402 3148 οἷς
458 3085 729 3156 προσῆκον
783 3081 850 3156 ἦν
908 3086 1150 3139 ἀπεδίδου
1202 3085 1299 3157 τὴν
1350 3086 1706 3157 λειτουργίαν,

158 3172 584 3244 ἀπεξενωμένοις
637 3174 693 3227 δέ
753 3192 890 3241 τισι,
957 3177 1048 3228 καὶ
1102 3174 1397 3247 ἀλλοτρίοις
1446 3175 1547 3246 τῆς
1606 3175 1712 3229 τῶν

155 3268 454 3341 ἀρχιερέων
513 3267 793 3338 διαδοχῆς,
849 3268 940 3321 καὶ
994 3267 1113 3320 οὐδὲ
1164 3267 1370 3332 τούτοις
1443 3267 1708 3341 διαρκῶς,

156 3360 294 3432 πρὸς
350 3359 553 3431 βραχὺν
605 3356 661 3412 δέ
710 3377 827 3413 τινα
885 3358 978 3411 καὶ
1032 3358 1454 3431 περιωρισμένον
1504 3360 1709 3432 χρόνον,

155 3450 344 3510 ἄλλοτε
376 3450 554 3514 ἄλλοις
572 3451 669 3521 τὴν
684 3450 846 3521 τιμὴν
865 3451 1154 3523 ἁντιδωρού
1163 3467 1337 3522 μενος,
1354 3450 1491 3505 ὥστε
1505 3451 1602 3515 τὰς
1617 3449 1713 3522 μὲν

155 3541 380 3616 πρώτας
407 3540 545 3595 ἑπτὰ
567 3540 861 3612 ἑϐδομάδας
888 3541 995 3596 ἀπὸ
1020 3543 1199 3613 Κύρου
1229 3543 1321 3595 καὶ
1346 3543 1439 3595 ἐπὶ
1467 3545 1710 3614 Δαρεῖον,

152 3634 251 3698 τὰς
306 3635 361 3687 δὲ
403 3634 594 3696 λοιπὰς
642 3632 994 3707 ἑξηκονταδύο
1034 3634 1141 3688 ἀπὸ
1180 3635 1403 3706 Δαρείου
1472 3637 1565 3689 καὶ
1621 3636 1714 3688 ἐπὶ

153 3727 437 3797 Πομπήϊον
477 3727 565 3779 τὸν
617 3726 895 3797 Ῥωμαίων
946 3727 1242 3798 στρατηγὸν
1293 3726 1708 3798 περιορίζεσθαι.

153 3817 265 3869 Καὶ
318 3815 459 3868 κατὰ
495 3816 681 3887 τρίτην
714 3815 769 3867 δὲ
803 3814 1030 3886 θεωρίαν
1056 3814 1234 3887 εὕροις
1267 3816 1333 3869 ἂν
1383 3814 1555 3879 ἄλλως
1615 3817 1713 3868 ἐπ-

150 3905 555 3978 αριθμούμενος
578 3908 703 3969 τοὺς
729 3905 949 3978 χρόνους
964 3906 1070 3960 τῶν
1094 3906 1233 3960 ἑπτὰ
1253 3908 1343 3961 καὶ
1361 3896 1712 3979 ἑξηκονταδύο

148 3998 485 4069 ἑϐδομάδων,
512 4000 568 4052 αἶ
590 3999 945 4052 συντείνουσιν
967 4001 1045 4061 εἰς
1066 3998 1159 4071 ἔτη
1184 3998 1505 4070 τετρακόσια
1520 3999 1710 4070 ὀγδοη-

146 4091 445 4161 κοντατρία
470 4131 484 4153 ,
525 4092 609 4142 ἐπ’
652 4091 811 4143 αὑτὸν
857 4090 1161 4158 Αὔγουστον
1199 4091 1288 4143 καὶ
1329 4090 1419 4144 ἐπὶ
1471 4089 1711 4163 Ἡρώδην

141 4184 279 4246 τοὺς
325 4180 573 4254 πρώτους
618 4180 675 4247 ἐξ
712 4182 1002 4252 ἀλλοφύλου
1043 4182 1230 4251 γένους
1275 4181 1708 4251 βασιλεύσαντας,

140 4272 272 4326 καθ’
308 4270 454 4341 οὖςή
483 4270 575 4324 τοῦ
599 4272 844 4342 Σωτῆρος
865 4273 896 4341 ἠ
905 4273 1017 4342 μῶν
1059 4266 1228 4341 Ἰησοῦ
1249 4272 1482 4343 Χριστοῦ
1503 4274 1711 4341 γένεσις

1815 1798 2018 1854 Judazis
2091 1796 2341 1851 accidunt
2386 1798 2694 1852 centesimae
2745 1800 3151 1869 septuagesima
3212 1816 3365 1856 nonae

1814 1890 2135 1962 Olympiadis
2156 1904 2296 1941 anno
2320 1888 2515 1959 primo,
2540 1890 2631 1959 qui
2659 1888 2757 1943 fuit
2787 1905 2963 1944 annus
2992 1907 3021 1944 a
3042 1890 3166 1961 Cyri
3199 1907 3365 1962 regno

1815 1980 2375 2052 quadringentesimus
2434 1981 2817 2055 nonagesimUS
2874 1981 3139 2051 quintus,
3207 1982 3364 2051 cujus

1814 2073 1963 2143 regni
1995 2071 2204 2124 initium
2237 2071 2687 2141 quinquagesima
2726 2072 2914 2142 quinta
2943 2072 3247 2143 Olympiade
3286 2074 3367 2126 fa-

1814 2172 1958 2217 ctum
1999 2168 2101 2215 est.
2156 2159 2259 2214 Per
2306 2161 2360 2215 id
2411 2163 2575 2232 igitur
2632 2163 2892 2231 temporis
2940 2161 3258 2233 Pompeius,
3308 2163 3361 2219 vi

1814 2252 1985 2321 captis
2019 2250 2426 2323 Hierosolymis,
2458 2264 2510 2305 et
2542 2253 2780 2307 vinctum
2844 2252 3212 2309 Aristobulum
3255 2254 3361 2310 Ro-

1811 2358 1951 2396 mam
2000 2344 2180 2407 mittit,
2205 2351 2257 2397 et
2302 2344 2465 2413 hujus
2496 2343 2648 2398 fratri
2701 2343 2949 2415 Hyrcano
3001 2348 3361 2404 sacerdotium

1814 2436 1996 2495 tradit.
2031 2445 2192 2505 atque
2224 2452 2285 2491 ex
2331 2436 2424 2490 illo
2472 2445 2711 2506 tempore
2754 2438 3005 2493 universa
3052 2437 3361 2497 Judazorum

1812 2529 1959 2584 natio
1988 2527 2246 2582 Romanis
2268 2528 2553 2583 tributaria
2582 2530 2723 2582 facta
2765 2537 2866 2583 est.
2900 2528 3029 2584 Post
3054 2530 3362 2603 Hyrcanum

1811 2617 2069 2682 Herodes,
2111 2617 2374 2689 Antipatri
2426 2616 2585 2682 filius,
2618 2618 2736 2686 ipso
2766 2618 3051 2674 interfecto
3091 2620 3360 2693 Hyrcano,

1809 2710 2070 2782 largiente
2121 2708 2366 2763 Romano
2419 2718 2634 2775 senatu,
2686 2708 2995 2765 Judaeorum
3040 2713 3250 2768 obtinet
3279 2730 3365 2768 re-

1809 2820 1994 2874 guunt.
2028 2802 2126 2856 llic
2170 2802 2380 2873 primus
2408 2803 2586 2856 alieno
2618 2812 2770 2857 ortus
2795 2819 3009 2874 genere,
3049 2806 3365 2875 perturbato

1807 2892 2121 2960 pontificum
2152 2890 2363 2954 ordine,
2403 2893 2496 2961 qui
2544 2891 2781 2947 Mosaica
2833 2894 2945 2964 lege
2980 2897 3225 2952 sancitns
3250 2895 3366 2951 fue-

1808 2990 1913 3047 rat,
1942 2984 1993 3036 in
2024 2982 2113 3035 illa
2136 2990 2293 3052 gente
2320 2991 2527 3054 regnat.
2554 2982 2659 3039 Lex
2706 2986 2846 3039 enim
2895 2984 3074 3040 divina
3118 2986 3362 3057 jubebat,

1810 3084 1869 3129 ut
1899 3076 2165 3131 maximus
2193 3078 2431 3147 pontifex
2466 3094 2628 3147 quam
2665 3080 2757 3134 diu
2808 3080 3012 3137 vireret
3061 3083 3364 3140 sarerdotio

1812 3165 2145 3236 fungeretur.
2181 3168 2250 3222 At
2280 3169 2520 3226 Herodes
2554 3186 2662 3224 non
2694 3172 2762 3225 iis
2783 3174 2875 3242 qui
2905 3174 3144 3243 legitimo
3168 3190 3363 3244 genere

1810 3260 1914 3314 orti
1952 3269 2155 3323 essent,
2200 3278 2372 3332 neque
2420 3263 2485 3317 iis
2536 3264 2627 3333 qui
2680 3264 2733 3318 id
2764 3264 2906 3334 juris
2946 3266 3223 3330 haberent,
3267 3267 3359 3323 sed

1812 3352 2173 3422 supposititiis
2203 3354 2551 3423 quibusdam,
2589 3367 2752 3426 atque
2785 3373 2815 3410 a
2859 3359 3001 3412 serie
3048 3373 3109 3413 ac
3142 3373 3362 3414 succes-

1810 3441 1962 3497 sione
1986 3444 2299 3513 pontificum
2338 3446 2530 3501 alienis
2562 3446 2614 3500 id
2637 3449 2877 3503 muneris
2896 3449 3160 3515 attribuit,
3196 3466 3260 3506 ac
3294 3467 3362 3506 ne

1811 3534 1879 3589 iis
1912 3534 2127 3604 quidem
2179 3536 2233 3590 in
2286 3546 2628 3608 perpetuum,
2658 3539 2751 3594 sed
2802 3540 2867 3594 ad
2904 3540 3062 3596 breve
3091 3543 3361 3612 quoddam

1810 3627 2333 3700 determinatumque
2388 3638 2601 3699 tempus
2658 3632 2988 3701 gratificans,
3011 3633 3169 3704 395
3202 3640 3364 3704 atque

1811 3718 1915 3772 alio
1950 3728 2189 3789 tempore
2241 3721 2362 3775 aliis
2395 3722 2661 3791 ejusmodi
2717 3723 2973 3779 honorem
3026 3725 3360 3794 impertiens,

1813 3822 1871 3868 ut
1899 3814 2001 3869 hac
2036 3817 2261 3877 ratione,
2296 3818 2482 3885 primae
2517 3818 2733 3887 quidem
2764 3817 3126 3873 hebdomades
3158 3826 3362 3888 septem

1811 3920 1840 3958 a
1863 3904 2005 3976 Cyro
2035 3906 2102 3960 ad
2147 3906 2391 3972 Darium,
2424 3909 2646 3978 reliquae
2669 3919 2798 3963 vero
2834 3909 3111 3979 sexaginta
3158 3908 3298 3975 duae,
3332 3925 3361 3963 ιι

1811 3995 1971 4051 Dario
2000 3997 2067 4051 ad
2098 3999 2473 4067 imperatorem
2501 3997 2865 4054 Romanorum
2894 3999 3204 4070 Pompeium
3234 4016 3363 4055 con-

1813 4088 2105 4144 tineantur.
2135 4090 2201 4142 At
2232 4089 2277 4144 si
2302 4090 2515 4145 tertiam
2552 4100 2810 4160 pra-terea
2850 4093 3360 4161 contemplationem

1813 4177 1945 4232 velis
1982 4177 2258 4240 insistere,
2291 4188 2452 4247 atque
2490 4178 2593 4231 alia
2620 4178 2851 4247 quadam
2893 4183 3097 4232 ratione
3120 4188 3361 4249 tempora

1811 4277 2012 4339 septem
2063 4276 2116 4321 ιι
2147 4271 2420 4338 sexaginta
2468 4269 2696 4324 duarum
2740 4270 3132 4325 hebdomadum
3174 4287 3366 4326 nume-

141 4366 447 4434 ἱστορεῖται
481 4363 943 4435 περιγραφομένη,
985 4365 1062 4429 εί,
1109 4362 1407 4434 ἀρξάμενος
1450 4364 1556 4416 ἀπὸ
1606 4366 1709 4417 Δα-

1813 4376 1952 4425 rare,
1986 4374 2105 4430 qua:
2133 4376 2304 4417 annos
2327 4362 2605 4417 continent
2638 4362 3060 4433 quadringentos
3089 4364 3365 4431 octoginta

139 4457 298 4529 ρείου
329 4456 425 4508 καὶ
457 4455 554 4525 τῆς
584 4454 1022 4525 συμπληρώσεως
1061 4453 1153 4506 τοῦ
1194 4454 1319 4507 ναοῦ
1341 4497 1355 4522 ,
1396 4454 1485 4509 τὸν
1524 4456 1713 4527 δηλού-

143 4565 317 4618 μενον
373 4546 600 4619 ἀριθμὸν
654 4546 963 4618 ἀναλογίσῃ.
1044 4547 1265 4619 Δαρείου
1309 4548 1415 4616 γάρ
1471 4550 1610 4604 κατὰ
1654 4549 1715 4602 τὸ

136 4638 405 4708 δεύτερον
445 4636 562 4699 ἔτος
581 4676 595 4699 ,
622 4636 714 4689 τὸν
752 4636 1213 4708 ἑϐδομηκονταετῆ
1246 4637 1433 4709 χρόνον
1465 4638 1561 4709 τῆς
1590 4641 1715 4712 ἐρη-

140 4730 384 4802 μώσεως
435 4728 785 4800 Ἰερουσαλὴμ
844 4729 1291 4799 συμπεπεράσθαι
1345 4731 1372 4782 ὁ
1434 4732 1715 4802 προφήτης

134 4823 424 4893 Ζαχαρίας
452 4820 598 4892 δηλοί
626 4821 796 4889 λέγων
816 4837 828 4850 ·
884 4839 902 4870 ι
934 4819 1011 4891 Τῇ
1049 4821 1264 4892 τετράδι
1296 4822 1386 4874 καὶ
1418 4821 1618 4886 εἰκάδι,
1650 4824 1708 4875 ὲν

130 4914 215 4985 τῷ
245 4914 518 4985 ἑνδεκάτῳ
553 4914 699 4985 μηνὶ,
731 4914 888 4978 αὑτός
914 4916 1027 4967 ἐστι
1050 4913 1249 4979 Σαϐὰτ,
1286 4915 1342 4968 ὲν
1370 4913 1448 4986 τῷ
1475 4914 1709 4987 δευτέρῳ

128 5004 252 5055 ἔτει
291 5003 547 5073 Δαρείου,
579 5005 792 5072 ἐγένετο
837 5003 991 5072 λόγος
1037 5005 1243 5075 Κυρίου
1275 5004 1410 5075 πρὸς
1437 5007 1710 5076 Ζαχαρίαν

125 5095 226 5146 τὸν
264 5092 365 5145 τοῦ
394 5094 679 5166 Βαραχίου.
716 5115 733 5147 ι
768 5092 881 5155 Εἶθ’
920 5095 1044 5166 ἑξῆς
1078 5094 1313 5164 ἐπιλέγει
1337 5112 1349 5125 ·
1389 5115 1407 5146 ι
1437 5096 1546 5149 Καὶ
1572 5099 1707 5152 ἁπε-

126 5187 305 5260 κρὶθη
361 5188 387 5239 ὁ
420 5188 645 5257 ἄγγελος
710 5191 935 5262 Κυρίου,
981 5191 1074 5243 κα)⁸
1130 5186 1291 5242 εἶπει
1349 5189 1519 5260 Κύριε
1570 5207 1707 5242 παν-

120 5281 452 5354 τοκράτωρ,
474 5282 578 5345 ἕως
609 5282 749 5353 τίνος
774 5284 833 5336 οὐ
867 5284 940 5354 μὴ
956 5284 1182 5355 ἐλεήσῃς
1209 5282 1308 5353 τὴν
1336 5280 1704 5353 Ἰερουσαλὴμ,

125 5376 230 5427 καί
272 5375 380 5438 τὰς
425 5376 604 5439 πόλεις
644 5376 841 5441 Ἰούδα,
875 5376 940 5440 ἂς
979 5377 1254 5449 ὑπερεῖδες
1282 5374 1439 5429 τοῦτο
1480 5374 1707 5445 ἑϐδομη-

126 5464 338 5515 κοστὸν
380 5462 518 5526 ἕτοςς
557 5481 576 5513 ι
611 5464 806 5517 Τοῦτον
848 5463 910 5536 δὴ
947 5461 1036 5518 οῦν
1072 5465 1230 5520 αὐτὸν
1259 5464 1337 5535 τῷ
1379 5463 1507 5535 θείῳ
1537 5462 1705 5517 Πνεύέ

206 5647 256 5678 ⁸³
299 5644 537 5700 Zachar.
577 5661 628 5706 ι,
664 5645 710 5699 7.

483 5742 743 5803 l‘naor.
794 5743 907 5801 Cn.
960 5740 1158 5801 XXII.

1814 4459 1942 4515 tres,
1964 4453 2208 4508 invenias
2232 4452 2371 4509 idem
2400 4455 2660 4524 temporis
2689 4454 2923 4525 spatium
2952 4456 3017 4510 ad
3059 4456 3364 4528 Augustum

1812 4558 1987 4614 usque
2021 4552 2182 4616 atque
2206 4544 2601 4617 Herodetn,qui
2626 4546 3011 4616 primiexterni
3034 4550 3248 4618 generis
3280 4564 3366 4602 re-

1811 4644 2068 4709 gnarunt,
2092 4654 2434 4709 quorumque
2465 4640 2798 4708 temporibus
2847 4640 3145 4695 Salvatoris
3191 4641 3363 4694 nostri

1809 4728 1938 4785 Jesu
1968 4730 2171 4784 Christi
2228 4740 2381 4785 ortus
2436 4730 2604 4784 fuisse
2650 4740 3001 4798 memoratur,
3057 4732 3363 4802 propagari,

1814 4820 1861 4875 si
1890 4820 2047 4875 modo
2077 4822 2219 4875 hunc
2247 4836 2406 4890 quem
2452 4821 2563 4875 dixi
2616 4838 2900 4876 numerum
2960 4832 3176 4892 sumpto
3213 4822 3368 4876 initio

1815 4927 1845 4964 a
1869 4911 2027 4966 Dario
2057 4911 2349 4981 templique
2370 4912 2712 4969 absolutione
2742 4914 3046 4984 recolligas.
3072 4913 3153 4967 Ad
3177 4929 3369 4969 secun-

1817 5004 1943 5058 dum
1971 4994 2114 5058 enim
2176 5002 2319 5056 Darii
2374 5018 2596 5070 annum,
2633 5015 2845 5075 tempus
2874 5005 3187 5059 solitudinis
3217 5004 3368 5059 urbis

1810 5094 2109 5151 Jerusalem
2133 5136 2147 5157 ,
2179 5094 2321 5166 quod
2361 5099 2831 5167 septuagenarium
2884 5097 3007 5163 fuit,
3054 5098 3369 5168 pervenisse

1813 5188 2073 5258 propheta
2102 5187 2394 5243 Zacharias
2428 5188 2632 5244 indicat
2656 5190 2741 5247 his
2768 5190 2953 5247 verbis
2987 5208 3004 5243 :
3034 5209 3055 5241 ι
3083 5189 3145 5244 In
3166 5189 3255 5244 die
3288 5190 3370 5243 vi-

1812 5281 2014 5335 cesimo
2043 5289 2238 5350 quarto
2272 5280 2545 5334 undecimi
2594 5284 2801 5339 mensis
2850 5284 2921 5350 (is
2959 5292 3042 5337 est
3089 5281 3271 5352 Sabat)
3311 5283 3366 5336 in

1813 5386 1955 5425 anno
1978 5371 2214 5426 secundo
2242 5371 2410 5435 Darii,
2447 5370 2648 5427 factum
2695 5384 2778 5429 est
2806 5374 3033 5429 verbum
3058 5370 3266 5427 Domini
3298 5373 3366 5427 ad

1813 5462 2127 5520 Zachariam
2155 5466 2321 5521 lilium
2344 5464 2618 5520 Baracliiae
2648 5466 2722 5522 ⁸³.
2758 5483 2775 5519 δ
2814 5464 3018 5523 Deinde
3044 5480 3371 5537 progressus

2948 5737 3029 5798 20
