3922 6200
559 233 664 288 6l9

1191 232 1457 288 EL'SEBll
1497 229 1971 287 CESARIENSIS
2008 228 2160 286 OPP.
2201 227 2382 284 PARS
2428 227 2492 284 ll.
2521 258 2591 268 —
2624 225 3119 284 APOLOGETICA.
3623 237 3706 290 620

559 352 809 425 adiungit
840 370 851 406 :
891 369 908 402 ‹
947 347 1012 404 Et
1033 350 1313 421 respondit
1339 350 1565 420 angelus
1595 349 1807 403 Domini
1849 357 1903 404 et
1940 349 2073 403 dixit
2102 368 2115 402 :

2225 365 2352 418 ματι
2408 346 2688 417 θεωρήσας
2729 347 2758 398 6
2809 343 3005 415 Δανιὴλ
3049 343 3140 396 τὸν
3190 344 3402 415 χρόνον,
3446 349 3708 416 σημειοῦται

561 440 786 497 Domine
809 440 1171 510 omnipotens,
1198 454 1483 510 quousque
1511 439 1856 494 misereberis
1895 435 2114 494 Jerusa-

561 535 665 588 lem
687 541 739 586 et
768 531 984 586 urbium
1013 529 1172 596 Juda,
1205 544 1340 600 quas
1361 530 1661 600 despexisti
1701 531 1848 586 hunc
1897 540 2116 600 septua-

559 626 823 694 gesimum
878 640 1078 678 annum
1125 623 1211 677 l"1'
1243 644 1261 675 ι
1312 622 1424 678 lloc
1468 623 1634 693 igitur
1675 623 1850 692 ipsum
1904 631 2115 692 tempus

559 717 744 771 Daniel
776 732 898 770 cum
929 716 1112 771 divino
1140 714 1344 786 Spiritu
1373 715 1583 770 amatus
1616 715 1855 779 vidisset,
1887 715 1971 770 his
1998 732 2117 771 ver-

557 810 642 864 bis
682 809 921 863 notavit:
955 826 974 859 ι
1004 809 1116 879 Ego
1149 807 1332 863 Daniel
1381 807 1617 862 intellexi
1643 807 1698 860 iu
1731 807 1887 862 libris
1915 823 2110 863 nume-

566 917 684 954 rum
720 901 1100 964 annorum,°de
1126 917 1234 971 quo
1259 901 1434 956 factus
1475 908 1558 954 est
1591 913 1770 954 sermo
1802 898 2011 954 Domini
2049 899 2114 953 ad

561 991 850 1046 Jcremiam
881 990 1222 1062 prophetam,
1255 999 1312 1046 ut
1341 991 1741 1060 complerentur
1765 989 2117 1045 desolationis

559 1081 858 1137 Jerusalem
882 1085 1220 1156 septuaginta
1245 1084 1391 1148 anni,
1411 1091 1464 1138 et
1481 1083 1604 1138 dedi
1629 1081 1814 1137 faciem
1848 1097 2018 1136 meam
2049 1083 2117 1136 ad

559 1173 844 1228 Dominum
863 1173 1042 1230 'Deum
1067 1192 1270 1242 meum,
1295 1184 1354 1230 ut
1380 1189 1567 1229 orarer
1589 1188 1650 1227 ac
1680 1173 2000 1244 deprecarer
2013 1169 2112 1226 ⁸⁸.»

559 1267 759 1322 Deinde
793 1275 914 1338 post
957 1268 1398 1339 deprecationem
1457 1267 1701 1336 angelus,
1754 1267 1846 1336 qui
1901 1265 1976 1319 illi
2033 1281 2118 1321 se-

559 1359 736 1429 ipsum
797 1360 1055 1422 ostendit,
1109 1376 1172 1416 ea
1230 1361 1458 1422 divinat,
1499 1373 1619 1429 quae
1679 1357 1747 1412 ad
1779 1359 2116 1428 septuaginta

557 1450 923 1506 hebdomadas
956 1453 1246 1522 pertinent,
1272 1460 1325 1507 et
1368 1460 1585 1522 tempus
1628 1449 1771 1504 unde
1798 1448 2118 1503 numerandi

557 1540 769 1593 initium
795 1540 1116 1609 capiendum
1149 1549 1251 1606 est,
1289 1542 1560 1613 signiﬁcat
1597 1541 1787 1595 dicens
1816 1559 1828 1593 :
1863 1557 1882 1590 ι
1931 1538 1996 1594 Ει
2024 1554 2116 1594 co-

556 1647 788 1701 gnosces
817 1640 870 1685 et
911 1632 1184 1696 intelliges
1223 1634 1291 1687 ab
1320 1634 1468 1688 exitu
1501 1633 1772 1689 sermonis
1806 1639 1864 1684 ut
1895 1646 2119 1700 respon~

2217 436 2422 505 λέγων’
2476 454 2494 485 ι
2548 435 2688 504 Ἐγὼ
2733 435 2932 505 Δανιὴλ
2979 435 3182 505 συνῆκα
3219 437 3276 486 ἐν
3304 438 3414 498 ταῖς
3447 436 3710 504 simum

2218 528 2447 602 ἀριθμὸν
2483 527 2591 581 τῶν
2635 527 2772 581 ἐτῶν
2791 566 2806 592 ,
2859 527 2987 598 περὶ
3027 523 3086 580 οῦ
3132 526 3354 598 ἐγενήθη
3390 527 3525 596 λόγος
3549 531 3710 604 Κυρίου

2218 623 2352 695 πρὸς
2385 621 2652 693 Ἰερεμίαν
2680 619 2771 672 τὸν
2806 621 3111 690 προφήτην,
3145 621 3224 682 είς
3249 619 3596 691 συμπλήρωσιν
3615 625 3714 696 ἐρη-

2221 713 2442 786 μώσεως
2486 713 2584 782 τῆς
2645 709 3006 780 Ἰερουσαλὴμ
3033 751 3047 774 ,
3101 708 3456 779 ἐὸδομήκοντα
3503 710 3614 780 ἐτη,
3645 714 3716 768 καὶ

2217 807 2393 859 ἔδωκα
2421 805 2484 858 τὸ
2518 803 2806 876 πρόσωπόν
2837 819 2936 873 μου
2973 801 3106 872 πρὸς
3138 800 3338 872 Κύριον
3369 803 3450 855 τὸν
3475 803 3587 856 Θεόν
3618 823 3714 874 μου,

2216 894 2309 948 τοῦ
2355 894 2652 964 ὲκζητῆσαι
2690 890 2998 963 προσευχὴν
3039 893 3134 944 καὶ
3169 891 3365 962 δέησιν.
3396 911 3414 944 ι
3462 889 3574 945 Εἶτα
3615 897 3716 964 μετά

2215 988 2315 1060 τὴν
2366 986 2528 1058 εὐχὴν
2576 985 2860 1054 ἐπιφανεὶς
2920 983 3068 1054 αύτῷ
3120 986 3149 1036 6
3179 983 3398 1052 ἄγγελος
3432 985 3637 1044 θεσπίζει
3667 989 3717 1041 τὰ

2219 1078 2344 1149 περὶ
2381 1077 2487 1131 τῶν
2527 1075 2907 1148 ’ἑϐδομήκοντα
2959 1075 3265 1146 ἐὸδομάδων
3284 1115 3298 1138 ,
3339 1077 3427 1130 καὶ
3464 1078 3544 1130 τὸν
3575 1078 3716 1149 χρόνον

2217 1169 2338 1224 ὅθεν
2370 1169 2451 1222 δεῖ
2473 1168 2734 1241 ἄρχεσθαι
2764 1169 3038 1241 ἀριθμεῖν,
3069 1171 3354 1241 σημαίνει,
3386 1171 3572 1240 λέγων’
3606 1173 3716 1226 «Καὶ

2218 1263 2401 1336 γνώσῃ
2433 1264 2528 1318 καὶ
2567 1264 2820 1334 συνήσεις
2858 1263 2968 1317 ἀπὸ
3007 1263 3188 1330 ἐξόδου
3225 1264 3410 1333 λόγου,
3438 1265 3522 1317 τοῦ
3546 1267 3717 1337 ἀποκρι-

2219 1357 2373 1426 θῆναι
2404 1356 2497 1409 καὶ
2529 1356 2620 1410 τοῦ
2653 1355 3008 1428 οἰκοδομῆσαι
3029 1357 3396 1430 Ἰερουσαλὴμ,
3421 1360 3516 1423 ἓως
3540 1359 3715 1430 Χριστοῦ

2220 1445 2541 1518 ἡγουμένου.
2589 1465 2607 1498 ι
2675 1446 2870 1514 Γέγονε
2927 1447 3027 1518 μὲν
3084 1445 3178 1502 οὖν
3242 1451 3516 1521 ἀπόκρισις
3577 1450 3714 1522 mimi

2219 1538 2426 1612 Κύρου,
2471 1539 2887 1612 οἰκοδομηθῆναι
2917 1540 3017 1611 τὴν
3060 1539 3406 1612 Ἰερουσαλὴμ
3427 1583 3441 1606 ,
3473 1542 3527 1594 ού
3549 1542 3632 1613 μὴν
3655 1545 3711 1606 είς

2221 1632 2382 1704 ἔργον
2423 1632 2700 1703 ἐχώρησε,
2749 1633 2857 1687 τῶν
2898 1633 3195 1704 περιοίκων
3235 1633 3618 1687 κεκωλυκότωνδ
3645 1639 3714 1689 Δα-

556 1723 748 1776 deatur
776 1731 828 1778 et
855 1723 1151 1778 aediﬁcetur
1181 1721 1480 1780 Jerusalem
1517 1741 1692 1796 usque
1743 1723 1808 1777 ad
1841 1721 2115 1777 Christum

2223 1701 2368 1796 ρείου
2416 1701 2475 1778 δέ
2665 1725 2837 1779 ταῦτα
2857 1701 3236 1790 κελεύσαντος,
3267 1726 3358 1780 καὶ
3383 1726 3476 1798 τῆς
3498 1727 3716 1798 οἰκοδομῆς

555 1816 769 1870 ducem.
820 1836 838 1868 ι
868 1815 1038 1871 Porro
1073 1825 1254 1871 autem
1296 1832 1325 1872 a
1351 1817 1493 1889 Cyro
1519 1820 1754 1889 primum
1787 1831 2114 1885 responsura

555 1920 660 1973 est,
692 1917 749 1963 ut
777 1910 1138 1966 aediﬁcaretur
1173 1901 1498 1976 Jerusalem,
1546 1927 1646 1967 nec
1697 1920 1877 1968 tamen
1939 1911 2116 1980 ipsum

554 2015 692 2071 opus
718 2001 964 2056 ell‘ectum
991 2009 1094 2068 est,
1129 2018 1252 2057 cum
1280 2003 1333 2057 id
1358 2003 1519 2059 vicini
1547 2004 1786 2076 undique
1818 2002 2115 2076 prohibue-

555 2093 688 2146 rint.
717 2091 910 2148 Postea
945 2108 1071 2148 vero
1107 2109 1230 2148 cum
1280 2092 1475 2150 Darius
1521 2095 1770 2164 jusserit,
1805 2111 1978 2166 eoque
2030 2109 2119 2149 re-

553 2191 754 2251 gnante
783 2185 1090 2240 absolutum
1124 2187 1195 2241 sit
1226 2188 1410 2257 templi
1435 2187 1746 2254 aediﬁcium,
1772 2188 1898 2244 inde
1923 2190 1991 2244 ab
2013 2191 2115 2247 hoc

554 2276 673 2344 ipso
701 2284 942 2344 tempore
969 2276 1245 2347 propheta:
1293 2269 1483 2334 Daniel
1513 2282 1795 2335 oraculum
1837 2285 1922 2338 sui
1952 2301 2113 2340 even-

552 2375 642 2422 tus
661 2366 873 2420 initium
901 2369 1088 2435 sumit,
1110 2369 1266 2439 cujus
1291 2370 1454 2426 verba
1477 2373 1566 2426 illa
1593 2381 1740 2438 sunt,
1763 2393 1781 2426 ι
1807 2385 1864 2429 ut
1890 2393 2115 2447 respon-

552 2458 746 2512 deatur
769 2466 822 2514 et
860 2459 1157 2515 a-dilicetur
1185 2460 1488 2518 Jerusalem
1512 2503 1527 2530 ,
1563 2484 1582 2518 ι
1618 2464 1672 2518 in
1703 2481 1812 2536 quo
1853 2468 2015 2521 etiam
2049 2469 2108 2522 il-

556 2551 646 2606 lud
685 2551 891 2606 dictum
919 2563 1001 2607 est
1033 2572 1044 2606 :
1084 2571 1102 2606 ι
1139 2551 1251 2624 Ego
1275 2552 1462 2612 Daniel
1493 2557 1729 2613 intellexi
1752 2555 1806 2613 in
1827 2559 1983 2616 libris
2008 2578 2114 2617 nu-

552 2656 759 2696 merum
796 2655 1084 2707 annorum,
1115 2643 1280 2716 396
1310 2645 1380 2699 de
1417 2662 1526 2716 quo
1566 2645 1743 2703 factus
1797 2657 1881 2705 est
1937 2666 2114 2707 sermo

554 2730 784 2786 Domini
813 2731 878 2785 ad
906 2731 1195 2788 Jeremiam
1244 2735 1580 2806 prophetam,
1614 2739 1673 2793 ut
1715 2743 2116 2812 complerentur

552 2823 1222 2882 desolationisJerusalem
1245 2830 1587 2900 septuaginta
1610 2831 1758 2886 anni.
1791 2833 1977 2890 »Αιιιιο
2001 2835 2094 2906 igi-

553 2925 642 2971 tur
665 2915 811 2970 Darii
854 2919 1092 2974 secundo
1114 2928 1338 2990 apparet
1372 2922 1670 2992 completos
1703 2939 1824 2980 esse
1850 2940 2024 2982 annos
2047 2927 2113 2982 il-

2216 1815 2310 1870 τοῦ
2351 1816 2494 1888 ἱεροῦ
2533 1819 2652 1870 κατ’
2687 1817 2846 1870 αὑτὸν
2891 1818 3362 1890 συντελεσθείσης,
3397 1820 3428 1890 ή
3467 1819 3551 1872 τοῦ
3577 1819 3717 1890 Δανιὴλ

2218 1907 2465 1963 ἐντεῦθεν
2523 1910 2828 1980 προφητεία
2894 1910 2990 1982 τὴν
3041 1911 3324 1983 καταρχὴν
3373 1912 3467 1982 τῆς
3503 1912 3714 1975 ἐκϐάσεως

2218 1998 2520 2070 ἐλάμϐανεν
2543 2039 2556 2063 ,
2585 2000 2619 2070 ἧ
2648 2017 2707 2054 τε
2739 2001 3021 2070 φάσκουσα
3051 2018 3066 2032 ο
3131 2019 3152 2053 t
3198 1999 3330 2054 Ἀπὸ
3374 2002 3536 2066 ἐξόδου
3572 2003 3713 2070 λόγου,

2215 2094 2310 2150 τοῦ
2341 2094 2697 2166 ἀποκριθῆναι
2733 2097 2942 2152 καὶτοῦ
2975 2098 3324 2168 οἰκοδομῆσαι
3373 2097 3712 2168 Ἰερουσαλὴμ»

2217 2187 2310 2242 καί
2355 2187 2423 2241 δι’
2445 2183 2524 2260 ιἦς
2565 2187 2776 2261 εἴρηται
2823 2205 2840 2222 ο
2882 2209 2900 2242 ι
2941 2187 3082 2259 Ἐγὼ
3115 2189 3312 2261 Δανιὴλ
3350 2191 3534 2261 συνῆκα
3558 2189 3604 2240 ἐν
3636 2189 3715 2249 ταῖς

2215 2284 2419 2359 piem;
2444 2283 2534 2337 τὸν
2560 2283 2790 2356 ἀριθμὸν
2807 2284 2913 2338 τῶν
2943 2284 3104 2349 ἐτῶν,
3133 2303 3199 2338 πε
3210 2285 3262 2356 ρί
3283 2277 3342 2337 οῦ
3377 2281 3580 2353 ἐγενήθη
3601 2279 3710 2347 λόγος

2219 2379 2426 2453 Κυρίου
2457 2376 2594 2452 πρὸς
2648 2378 2914 2449 Ἰερεμίαν
2953 2375 3044 2432 τὸν
3100 2379 3402 2450 προφήτην,
3441 2379 3510 2439 είς
3534 2369 3712 2442 συμπλή-

2217 2491 2384 2546 ρωσιν
2430 2468 2763 2543 ἐρημώσεως
2819 2466 3200 2540 Ἰερουσαλὴμ,
3248 2469 3582 2539 ἐϐδομήκοντα
3609 2463 3710 2531 ίτη.»

2214 2564 2371 2619 Κατὰ
2413 2562 2544 2634 γοῦν
2586 2562 2646 2616 τὸ
2702 2559 2954 2632 δεύτερον
3008 2559 3136 2624 ἔτος
3186 2559 3404 2630 Δαρείου
3452 2559 3483 2629 ἡ
3531 2553 3712 2626 συμπλή-

2222 2673 2388 2729 ρωσις
2407 2656 2507 2727 τῆς
2540 2654 3005 2726 έόδομηκονταετη
3017 2653 3162 2724 ρίδος
3178 2652 3528 2706 ἀποδέδεικται
3545 2665 3715 2719 περαιω-

2216 2747 2401 2812 θεῖσα,
2441 2747 2581 2802 ὥστε
2630 2746 2688 2813 ἐξ
2740 2744 2979 2807 ἅπαντος
3022 2743 3292 2816 ἄρχεσθαι
3333 2744 3434 2796 δεῖν
3483 2743 3602 2813 ἡμᾶς
3640 2737 3714 2791 τῶν

2216 2839 2584 2911 ἐΰδομήκοντα
2609 2837 2918 2910 ἐῦδομάδων
2947 2833 3056 2888 ἀπὸ
3075 2835 3184 2906 τῆς
3205 2834 3489 2906 ἑξηκοστῆς
3511 2833 3586 2886 καὶ
3601 2832 3713 2900 ἕκτης

2231 2926 2587 3002 Ὀλυμπιάδος
2609 2970 2624 2995 ,
2665 2930 2760 2984 καὶ
2797 2929 2905 2983 ἀπὸ
2952 2927 3213 2999 δευτέρου
3258 2926 3406 2989 ἔτους
3439 2923 3646 2996 Δαρείου,
3674 2923 3712 2972 ἐν

553 3008 636 3062 los
663 3009 1028 3078 septuaginta,
1055 3018 1111 3064 ut
1141 3025 1244 3065 nos
1293 3013 1438 3066 omni
1474 3014 1684 3068 ratione
1740 3022 1985 3085 oporteat
2029 3033 2114 3073 sc-

2218 3015 2258 3091 ιῖι
2285 3021 2353 3076 τὰ
2385 3022 2486 3093 τῆς
2519 3021 2805 3094 οἰκοδομῆς
2845 3017 3196 3093 περαιοῦται.
3255 3016 3514 3070 Ἐντεῦθεν
3556 3013 3651 3082 γοῦν
3680 3012 3711 3117 al

556 3103 838 3174 ptuaginta
857 3102 1254 3158 hcbdomadum
1288 3103 1502 3158 initium
1526 3103 1704 3161 facere
1731 3121 1760 3160 a
1783 3121 1904 3160 uri
1936 3109 2111 3179 olym-

553 3194 734 3265 piade.
762 3203 924 3265 atque
955 3210 985 3248 a
1015 3193 1161 3249 Darii
1194 3210 1336 3251 anno
1379 3198 1639 3261 secundo,
1676 3198 1732 3252 in
1786 3215 1895 3269 quo
1938 3201 2115 3257 omnis

555 3285 646 3340 illa
681 3287 831 3343 urbis
857 3285 1161 3343 Jerusalem
1196 3287 1484 3344 aediﬁcatio
1535 3289 1783 3345 absoluta
1838 3299 1922 3347 est
1950 3311 1964 3345 :
1991 3292 2115 3348 inde

554 3376 721 3446 igitur
743 3378 788 3432 si
821 3385 1069 3448 tempora
1091 3394 1213 3449 qua:
1238 3387 1542 3449 sequuntur
1567 3397 1839 3447 numeres,
1871 3384 2115 3439 invenias

553 3467 622 3522 ad
650 3468 824 3539 ipsum
870 3485 1042 3540 usque
1071 3469 1334 3526 Herodem
1370 3478 1424 3526 et
1459 3473 1808 3528 monarcbam
1843 3473 2115 3531 Romano-

554 3572 677 3611 rum
713 3557 1040 3629 Augustum,
1067 3560 1168 3615 sub
1205 3560 1404 3632 quibus
1430 3557 1732 3618 Salvatoris
1759 3565 1933 3619 nostri
1961 3572 2114 3623 ortus

553 3649 680 3703 vita:
705 3648 985 3704 hominum
1011 3650 1208 3716 illuxit,
1243 3652 1668 3722 quadringentos
1699 3654 1975 3726 octoginta
2004 3664 2115 3713 tres

553 3756 730 3798 annos
762 3743 1052 3809 contineri,
1089 3744 1182 3815 qui
1213 3751 1418 3814 septem
1466 3750 1520 3798 et
1575 3747 1855 3815 sexaginta
1884 3747 2112 3803 duarum

551 3833 951 3890 hebdomadum
1015 3851 1282 3893 summam
1351 3835 1650 3891 secundum
1707 3837 1878 3908 ipsius
1927 3839 2114 3896 Daniel

552 3926 893 3996 prophetiam
949 3927 1267 3983 coniiciunt.
1299 3925 1344 3981 A
1390 3929 1728 3999 sexagesima
1769 3933 1913 3986 enim
1964 3942 2114 3988 sexta

552 4013 860 4084 olympiade
887 4014 955 4068 ad
987 4015 1338 4070 centesimam
1376 4017 1763 4088 ootogesimam
1793 4029 2000 4075 sextam
2032 4023 2116 4077 in-

553 4101 830 4157 termediae
857 4103 1192 4174 olympiades
1231 4104 1564 4175 colliguntur
1593 4115 1810 4161 centum
1833 4114 1887 4162 et
1924 4108 2114 4180 viginti

554 4209 662 4246 una
687 4212 698 4246 :
723 4193 814 4263 qui
838 4202 965 4249 sunt
989 4196 1116 4249 anni
1135 4195 1519 4269 quadringenti
1547 4199 1823 4270 octoginta
1847 4211 2111 4271 quatuor,

553 4285 782 4355 singulis
822 4285 1006 4356 utique
1032 4287 1432 4358 olympiadibus
1453 4295 1747 4360 quaternos
1777 4307 1950 4350 annos
1983 4310 2114 4350 con-

553 4376 873 4431 tinentibus.
941 4378 1059 4444 Quo
1117 4387 1359 4452 tempore
1413 4381 1692 4453 Augustus
1741 4382 2108 4442 Romanorum
2151 4419 2193 4474 Β

553 4484 647 4523 rex
680 4463 930 4539 quintttm
963 4471 1234 4527 decimum
1269 4473 1352 4530 sui
1397 4478 1548 4547 regni
1595 4489 1798 4533 annum
1843 4491 2030 4550 agens,
2063 4489 2116 4537 et

553 4560 850 4634 Egyptum
884 4573 938 4618 et
967 4564 1235 4636 reliquum
1277 4566 1462 4622 orbem
1513 4577 1780 4625 terrarum
1827 4572 2115 4643 imperium

552 4655 794 4720 obtinet;
827 4655 930 4710 sub
957 4671 1066 4725 quo
1091 4657 1302 4728 primus
1331 4659 1490 4715 alieni
1515 4663 1730 4732 generis
1759 4663 2002 4722 Herodes
2030 4665 2118 4722 Ju-

552 4746 793 4801 daeorum
829 4747 1031 4818 accipit
1076 4764 1326 4820 regnum,
1364 4759 1419 4806 et
1462 4749 1712 4810 Salvator
1755 4755 2120 4830 Dominusque

552 4844 740 4893 noster
773 4838 958 4901 Jesus.
993 4843 1085 4912 qui
1122 4842 1374 4900 Christus
1405 4852 1490 4900 est
1528 4844 1646 4913 Dei,
1694 4850 1962 4914 nascitur,
1989 4851 2119 4906 dum

551 4931 806 4988 videlicet
835 4941 888 4988 et
914 4941 1070 4989 ortus
1095 4936 1240 4990 illius
1271 4943 1507 5006 tempus,
1549 4946 1603 4993 et
1641 4950 1842 5011 septem
1874 4957 1938 4997 ac
1964 4957 2122 4997 sexa-

547 5026 699 5097 ginta
738 5026 970 5080 duarum
1005 5027 1402 5083 hebdomadum
1451 5028 1596 5094 linis,
1623 5031 1690 5088 de
1716 5035 1916 5105 quibus
1945 5037 2122 5108 loqui-

545 5125 639 5172 tur
671 5119 935 5188 pr0pheta
963 5117 1175 5185 Daniel,
1207 5121 1263 5175 in
1290 5121 1431 5177 idem
1459 5136 1815 5194 concurrunt,
1829 5135 1950 5199 post
1980 5144 2118 5200 quas

547 5225 672 5263 cum
698 5219 1034 5281 segregctur,
1061 5223 1116 5268 et
1140 5213 1356 5284 longius
1385 5223 1507 5284 post
1528 5215 1761 5285 plurima
1777 5233 1840 5273 ea
1867 5219 2118 5276 videlicet

546 5315 668 5370 quae
715 5301 769 5355 in
818 5302 996 5357 medio
1039 5304 1355 5375 prophetice
1386 5305 1773 5374 praedicuntur,
1803 5309 2122 5390 aman‘detur

546 5408 678 5456 una,
714 5410 836 5464 qua:
887 5397 1097 5467 reliqua
1129 5405 1242 5463 est,
1284 5397 1648 5460 hebdomada,
1695 5407 1889 5454 caetera
1937 5403 2121 5457 omnia

543 5495 892 5555 quaecunque
949 5489 1094 5542 inter
1164 5489 1396 5544 mediam
1451 5489 1660 5544 oraculi
1711 5492 2119 5561 pradiclionem

540 5572 687 5629 dicta
722 5587 875 5640 sunt,
910 5579 1270 5648 perﬁciuntur
1291 5621 1304 5645 ,
1339 5597 1460 5651 qua:
1493 5582 1548 5636 in
1580 5582 1728 5638 hunc
1757 5585 1976 5641 modum
2003 5587 2123 5658 ipsa

593 5664 641 5694 ⁸³
669 5666 927 5726 Zur-har.
966 5687 1002 5741 ι,
1050 5672 1133 5727 12.
1210 5674 1255 5706 ⁸⁵
1295 5673 1429 5730 Dan.
1464 5690 1548 5740 Ix,
1583 5672 1690 5739 2,3

2214 3111 2341 3177 τοὺς
2381 3114 2679 3184 ἑπομένους
2727 3113 2953 3185 χρόνους
2994 3110 3359 3184 ἀριθμήσεις,
3396 3107 3552 3179 εὕροις
3581 3105 3629 3157 ἂν
3653 3102 3710 3153 ἐπ’

2215 3199 2374 3260 αύτδν
2415 3203 2657 3277 Ἡρώδην
2701 3205 2969 3276 μόναρχὸν
3002 3220 3062 3256 τε
3133 3200 3416 3271 Ῥωμαίων
3460 3195 3708 3263 Αὔγουστον.

2215 3297 2335 3351 καθ’
2361 3289 2452 3361 οὓς
2481 3297 2515 3368 ἡ
2548 3295 2642 3349 τοῦ
2679 3296 2927 3368 Σωτῆρος
2961 3293 3122 3366 ἡμῶν
3171 3291 3405 3360 ὲπέφανε
3437 3287 3508 3359 τῷ
3547 3285 3623 3356 βίῳ
3649 3280 3710 3348 γέ-

2216 3406 2384 3454 νεσις,
2413 3388 2482 3442 τὰ
2518 3388 2842 3460 τετρακόσια
2878 3387 3214 3458 ὀγδοήκοντα
3243 3383 3367 3457 τρία
3401 3381 3515 3451 ἔτη,
3550 3376 3597 3469 αἴ
3619 3375 3710 3469 εἰσιν

2214 3478 2355 3535 ἑπτὰ
2425 3477 2519 3535 καὶ
2563 3477 2918 3551 ἑξηκονταδύο
2973 3478 3301 3550 ἐϐδομάδες,
3363 3472 3491 3528 κατὰ
3534 3468 3610 3538 τήν
3647 3468 3708 3516 τιού

2213 3571 2408 3645 Δανιὴλ
2460 3572 2794 3644 προφητείαν
2840 3573 3288 3646 περιοριζόμενα.
3360 3566 3480 3623 Ἀπὸ
3526 3563 3612 3631 γὰρ
3645 3556 3711 3625 τῆς

2213 3663 2511 3735 ἑξηκοστῆς
2548 3659 2640 3716 καὶ
2667 3664 2830 3736 ἕκτης
2869 3663 3233 3736 Ὀλυμπιάδος
3254 3663 3344 3717 ἐπὶ⁵
3365 3661 3458 3732 τὴν
3489 3648 3710 3718 ἑκατοστὴν

2215 3756 2576 3829 ὀγδοηκοστὴν
2637 3757 2802 3830 ἕκτην
2868 3758 3108 3828 γίνονται
3182 3755 3520 3829 Ὀλυμπιάδες
3567 3741 3710 3819 μεταξῦ

2217 3849 2412 3904 ἐκατὸν
2450 3849 2730 3922 είκοσιμία
2754 3889 2770 3914 ,
2811 3850 2903 3922 ἔτη
2938 3851 3268 3922 τετρακόσια
3316 3847 3604 3918 ὀγδοήκοντα
3630 3835 3710 3888 τέσ-

2215 3957 2388 4012 σαρα,
2419 3943 2731 4013 τετραετίαν
2769 3943 2866 4014 τῆς
2901 3942 3264 4013 Ὀλυμπιάδος
3303 3936 3591 4010 ἐπεχούσης.
3625 3922 3707 3979 κ²θ⁹

2218 4031 2277 4084 ὃν
2308 4032 2498 4105 καιρὸν
2533 4032 2838 4103 Αὗγουστος
2879 4032 3166 4104 Ῥωμαίων
3199 4031 3440 4104 βασιλεὺς
3461 4067 3474 4092 ,
3501 4032 3708 4077 πεντεκαιο

2214 4122 2438 4178 δέκατον
2504 4122 2621 4188 ἔτος
2685 4124 2814 4196 τῆς.
2862 4123 3146 4194 βασιλείας
3213 4124 3418 4194 ἐπέχων
3444 4158 3458 4183 ,
3510 4110 3706 4182 Αἰγύπτιε)

2216 4223 2422 4290 κρατεῖ,
2452 4221 2546 4273 καὶ
2596 4221 2696 4292 τῆς
2735 4218 2928 4292 λοιπῆς
2981 4219 3309 4290 οἰκουμένης
3329 4258 3344 4283 ,
3375 4218 3456 4286 ὑφ’
3483 4203 3534 4266 οὗ
3560 4203 3708 4278 πρῶτος

2215 4307 2506 4380 ἀλλόφυλος
2556 4310 2794 4386 Ἡρώδης
2836 4312 2934 4382 τὴν
2984 4311 3094 4364 τῶν
3135 4311 3402 4365 Ἰουδαίων
3432 4296 3708 4392 ἐγχειρίζετξι

2223 4400 2514 4472 βασιλείαν.
2555 4403 2810 4457 Γεννᾶται
2856 4404 2913 4457 δέ
2963 4405 2991 4457 6
3035 4403 3228 4475 Σωτὴρ
3278 4403 3369 4456 καὶ
3401 4397 3574 4468 Κύριος
3602 4391 3708 4457 ἡμῶν

2235 4493 2438 4564 Ἰησοῦς
2474 4495 2503 4547 ὁ
2539 4494 2770 4566 Χριστὸς
2810 4494 2903 4548 τοῦ
2934 4493 3067 4548 Θεοῦ
3093 4533 3109 4557 ,
3147 4493 3290 4548 κατὰ
3324 4493 3382 4545 τὸ
3409 4485 3525 4542 αὐτὸ
3555 4488 3709 4572 συντρξ·

2223 4584 2421 4660 χόντων
2469 4584 2577 4638 τῶν
2616 4586 2821 4658 χρόνων
2871 4585 2972 4656 τῆς
3027 4585 3294 4654 γενέσεως
3340 4576 3491 4636 αύτοῦ
3535 4570 3709 4674 xui-:12;

2224 4656 2666 4745 συμπληρώσεως
2690 4673 2798 4727 τῶν
2844 4675 2994 4747 παρὰ
3033 4674 3113 4746 τῷ
3155 4672 3352 4743 Δανιὴλ
3383 4666 3511 4722 ἑπτὰ
3534 4661 3607 4716 καὶ

2224 4741 2388 4820 κοντα
2408 4741 2500 4818 δύο
2522 4741 3006 4837 ἐδδομάδωνϊμείγ
3026 4741 3096 4830 ἃς
3109 4741 3437 4838 διῃρημένης
3455 4755 3538 4811 καὶ
3557 4741 3710 4822 μακρὰν

2225 4856 2737 4929 ἀπεσχοινισμένης,
2773 4857 2913 4928 μετὰ
2937 4857 3170 4911 πλεῖστα
3207 4858 3307 4910 ὅσα
3331 4853 3396 4906 τὰ
3427 4844 3595 4922 μεταξὺ
3621 4849 3711 4929 προς

2223 4919 2584 5022 φητεῦόμενα,
2611 4919 2730 5020 τῆς
2749 4919 3042 5022 λειπούσης
3063 4951 3194 5022 μιᾶς
3219 4919 3512 5017 ἑβδομάδος,
3532 4934 3587 4988 τὰ
3599 4919 3712 4982 λοιπὰ

2222 5042 2401 5096 πάντα
2453 5041 2542 5096 διὰ
2592 5041 2763 5113 μέσου
2819 5042 2920 5113 τῆς
2973 5040 3068 5095 τοῦ
3131 5037 3380 5112 χρησμοῦ
3439 5023 3710 5113 προρρήσείῗς

2219 5134 2340 5206 είρη
2349 5132 2484 5205 μένα
2538 5103 2915 5196 ἐπιτελεῖται,
2951 5132 2986 5188 ἃ
3041 5103 3303 5186 minati-rd
3333 5125 3505 5181 τοῦτον
3542 5118 3626 5186 ἔχει
3649 5103 3711 5156 τδν

2216 5226 2417 5298 τρόπον
2445 5243 2460 5258 ο
2511 5247 2527 5279 ι
2553 5227 2708 5282 Μετὰ
2731 5227 2829 5292 τὰς
2855 5226 3150 5298 ἑϐδομάδας
3166 5224 3264 5288 τὰς
3293 5219 3424 5276 ἑπτὰ
3445 5214 3526 5270 καὶ
3555 5207 3711 5298 ἐξηκον

2216 5294 2384 5372 τὲιδύο
2435 5317 2940 5392 ὲεολοθρευθήσετα.ι
2963 5294 3189 5391 ma.
3211 5317 3301 5370 καὶ
3326 5314 3486 5404 κρῖμα
3504 5294 3713 5404 ,οὺκῗῗῖ

2221 5411 2279 5463 ἐν
2301 5409 2448 5482 αὐτῷ
2475 5427 2489 5441 ·
2513 5412 2606 5465 καὶ
2636 5411 2735 5482 τὴν
2778 5391 2927 5464 πόλιν
2970 5410 3062 5463 καὶ
3104 5408 3165 5462 τὸ
3203 5407 3350 5475 ἆγιον
3385 5391 3623 5466 διαφθερεῖ
3644 5391 3714 5482 Ὗ

2221 5497 2300 5569 τῷ
2345 5465 2633 5570 ήγὸυμένῳ
2684 5465 2765 5569 ὲᾧ
2819 5498 3134 5570 ἐρχομένῳν
3188 5465 3281 5548 mi
3313 5465 3716 5570 mmmmft',’

2223 5559 2616 5660 κατακλυσμῷ,
2635 5559 2866 5663 καὶζὲως
2887 5559 3080 5653 τέλους.
3101 5586 3330 5657 πολέμου
3358 5559 3714 5643 συπετμημέπυ
