3922 6200
267 236 362 291 621

1085 234 1727 293 DEMONSTRATIONIS
1764 235 2221 311 EVANGELICE
2258 239 2384 294 LIB.
2421 237 2564 294 VIII.”

3372 240 3477 295 622

264 350 601 420 ἀφανισμοῖς.
642 369 660 402 ι
715 350 825 406 Καὶ
871 350 1043 405 ταῦτα
1088 353 1144 406 δὲ
1199 354 1398 425 ἑναργῆ
1446 354 1545 425 τὴν
1594 354 1813 435 ἔκϐασιν

1920 370 2131 426 quoque
2172 371 2231 412 se
2274 356 2474 412 habent
2510 375 2523 409 :
2566 374 2584 407 ι
2618 353 2747 410 Post
2794 354 3162 412 hebdomadas
3184 364 3387 428 septem
3425 368 3480 412 ct

260 442 447 512 εῐληφε
480 441 597 494 κατ’
629 442 790 495 αὐτὸν
826 443 1127 513 Αΰγουστον
1163 446 1256 498 καὶ
1296 445 1536 518 Ἡρώδην
1560 485 1574 509 ,
1614 448 1694 511 είς
1730 446 1821 511 οὒς

258 532 356 595 τὰς
384 531 778 604 προειρημένας
798 533 935 587 ἑπτὰ
960 533 1259 605 ἑϐδομάδας
1296 534 1821 604 συγκεφαλαιοῦσθαί

263 641 460 694 φαμεν.
497 624 630 694 Ὁδῷ
663 622 793 691 γοῦν
831 626 923 678 καὶ
949 626 1097 692 τάξει
1130 624 1224 678 τοῦ
1251 625 1391 679 κατά
1423 626 1520 696 την
1559 628 1821 700 ἀρχιερω-

264 713 425 783 σύνην
444 714 759 784 χρίσματος,
799 714 958 787 μέχρι
995 715 1101 768 τῶν
1133 715 1367 786 Ἡρώδου
1396 708 1489 770 καὶ
1508 718 1820 787 Αὐγούστου

260 805 463 875 χρόνων
509 806 928 877 διαρκέσαντος,
972 808 1068 879 τῆς
1114 808 1173 861 δὲ
1217 808 1461 880 διαδοχῆς
1509 809 1617 862 τῶν
1655 808 1819 861 πάλαι

259 897 557 969 ἀρχιερέων
612 898 705 950 ἐπὶ
759 898 1098 971 Ἀλέξανδρον
1155 901 1248 954 τὸν
1297 899 1563 971 Ὑρκανοῦ
1610 900 1821 971 πατέρα

261 988 689 1060 περιγραφείσης
713 1028 727 1052 ,
814 989 1053 1061 Ἡρώδης
1103 991 1193 1043 τὸν
1262 990 1522 1062 Ὑρκανὸν
1586 989 1818 1049 ἀνελὼν,

260 1081 442 1135 οὐκέτι
485 1086 596 1145 τοῖς
628 1085 691 1135 ἑκ
729 1083 977 1154 πατέρων
1015 1082 1277 1152 διαδόχοις
1305 1082 1586 1153 ἐπιτρέψαι
1607 1082 1820 1151 λέγεται

258 1172 357 1245 την
402 1173 766 1246 λειτουργίαν,
818 1174 955 1227 ἀλλά
987 1190 1126 1227 τισιν
1166 1173 1396 1243 ἀσήμοις
1432 1173 1526 1226 καὶ
1563 1173 1820 1242 ἀφανέσιν

260 1265 581 1337 ἀνθρώποις.
616 1266 784 1319 Τοῦτο
813 1267 868 1319 δὲ
908 1267 1001 1319 καὶ
1039 1268 1067 1319 6
1105 1265 1348 1337 χρησμὸς
1381 1263 1666 1335 προλαϐὼν
1691 1266 1820 1317 ἑπε-

263 1356 537 1422 θέσπισεν,
588 1358 754 1411 εἰπών
782 1376 794 1388 ·
851 1377 869 1409 ι
906 1359 1016 1413 Καὶ
1069 1357 1203 1428 μετά
1238 1356 1333 1421 τάς
1384 1357 1678 1428 ἑϐδομάδας
1725 1357 1821 1421 τὰς

260 1451 402 1503 ἑπτὰ
428 1451 522 1503 καί
550 1448 902 1519 ἑξηκονταδύο
934 1449 1440 1523 ὲξολοθρευθήσεται
1472 1450 1697 1522 χρίσμα,
1727 1452 1821 1504 καὶ

260 1546 436 1614 κρῖμα
461 1542 558 1595 οὐκ
592 1540 736 1593 ἑστιν
764 1541 821 1594 ὲν
847 1540 993 1611 αὐτῷ
1015 1556 1029 1570 ·
1072 1560 1090 1591 ι
1132 1542 1267 1612 ὅπερ
1305 1540 1488 1610 σαφῶς
1527 1541 1618 1594 καὶ
1649 1539 1822 1593 λοιποὶ

257 1633 564 1686 τεθείκασιν
593 1631 920 1702 ἑρμηνευταί
946 1648 958 1661 ·
986 1634 1013 1684 6
1040 1632 1137 1701 μὲν
1176 1632 1405 1696 ’Δκύλας
1424 1633 1595 1703 φήσας
1616 1649 1629 1662 ·
1665 1650 1683 1682 ι
1712 1632 1821 1685 Καὶ

262 1726 404 1795 μετά
426 1724 521 1788 τὰς
702 1698 999 1794 ἑϐδομάδας
1024 1698 1116 1777 καὶ
1147 1698 1499 1794 ἑξηκονταδύο
1520 1720 1821 1791 ἑξολοθρευ-
1852 1698 1893 1753 Β

260 1816 484 1887 θήσεται
528 1814 884 1887 ὴλειμμένος,
938 1817 1031 1868 καὶ
1075 1816 1175 1869 οὐκ
1222 1815 1365 1868 ἔστιν
1399 1813 1582 1884 αὐτῷ’
1622 1833 1640 1865 ι
1696 1815 1724 1865 6
1766 1813 1819 1865 δὲ

261 1905 552 1978 Σύμμαχος
570 1922 584 1936 '
624 1925 643 1959 ι
678 1908 789 1959 Καὶ
813 1906 948 1977 μετὰ
978 1907 1074 1969 τὰς
1102 1905 1395 1977 ἑϐδομάδας
1416 1904 1553 1959 ἑπτά
1581 1906 1673 1958 καὶ
1702 1900 1822 1975 ἑξη-

257 2000 511 2054 κονταδύο
526 2000 728 2071 ἑκκοπή
736 2017 882 2053 σεται
894 2001 938 2051 Χ
948 2000 1142 2069 ριστὺς,
1156 1999 1248 2051 καὶ
1262 1999 1362 2051 οὐκ
1376 1997 1601 2068 ὑπάρξει
1617 1997 1780 2067 αὐτῷ.
1795 2017 1815 2049 ι

262 2094 425 2148 Ὅθεν
457 2093 687 2165 μάλιστα
714 2091 1080 2163 παρίστασθαι
1114 2108 1202 2161 μοι
1234 2089 1377 2142 δοκεῖ
1406 2090 1634 2161 Χριστὸς
1662 2088 1822 2160 ἡγού-

260 2203 422 2258 μενος
450 2181 586 2238 εἶναι
609 2186 637 2238 6
668 2183 807 2238 κατά
831 2183 929 2254 τὴν
958 2182 1226 2253 ἡμετέραν
1247 2181 1496 2233 ἀπόδοσιν
1522 2179 1821 2250 δεδηλωμέ-

258 2297 365 2342 νος.
390 2277 543 2333 Μετὰ
561 2277 691 2346 γοῦν
706 2276 801 2346 τὴν
818 2275 923 2327 τῶν
940 2274 1241 2345 εἰρημένων
1254 2272 1557 2342 ἑϐδομάδων
1572 2288 1634 2323 συ
1644 2271 1818 2343 μπλή-

257 2388 445 2441 ρωσιν,
458 2388 475 2419 ι
497 2365 999 2437 ἑξολοθρευθήσεται
1019 2364 1268 2434 Χριστὸς,
1282 2361 1458 2433 ιφησί.
1484 2362 1577 2425 Τίς
1593 2362 1650 2414 δὲ
1666 2355 1818 2425 οὗτος

253 2462 289 2532 ῆ
308 2464 337 2513 6
359 2460 492 2530 ήγού
500 2476 675 2530 μενος,
694 2458 824 2511 καὶὸ
841 2457 977 2510 κατά
990 2456 1233 2527 διαδοχὴν
1251 2455 1307 2521 ἑξ
1324 2452 1590 2525 ἱερατικοῦ
1607 2455 1814 2521 γένους,

256 2549 350 2603 τοῦ
390 2549 571 2611 ἔθνους
597 2545 909 2619 προεστώς;
961 2544 1182 2614 Διέμενε
1217 2541 1347 2611 γοῦν
1388 2535 1539 2604 οὗτος
1583 2542 1661 2602 είς
1693 2541 1815 2592 ὅσον

254 2645 410 2700 οὔπω
430 2644 496 2697 τὰ
515 2644 623 2697 τῶν
650 2640 954 2713 ἑϐδομάδων
981 2636 1283 2710 ἐπληροῦτο
1309 2654 1322 2666 ·
1376 2634 1562 2704 ἐπειδὴ
1591 2633 1646 2685 δὲ
1668 2632 1816 2696 τέλος

254 2732 556 2803 ἐλάμϐανον
588 2726 747 2785 αὗται
770 2771 785 2796 ,
825 2728 1127 2790 ἀκολούθως
1156 2729 1222 2798 τῇ
1253 2723 1553 2795 προφητείᾳ
1586 2720 1814 2793 ἐξεκόπη

253 2828 283 2879 6
313 2826 376 2877 ὲκ
407 2824 650 2894 διαδοχῆς
683 2822 872 2891 γένους
893 2862 907 2884 ,
945 2819 1036 2873 τοῦ
1081 2819 1261 2880 ἔθνους
1303 2814 1595 2889 προεστώς.
1650 2809 1815 2877 Οὗτος

253 2915 314 2968 δὲ
337 2910 405 2986 ἧν
448 2913 726 2985 Ὑρκανὸς,
748 2912 805 2965 ὂν
830 2911 989 2974 αὐτὸς
1021 2907 1259 2981 Ἡρώδης
1284 2905 1485 2959 ἀνελὼν
1508 2945 1522 2969 ,
1551 2903 1646 2976 τὴν
1675 2902 1815 2957 κατά

1922 449 2202 518 sexaginta
2236 451 2373 505 duas
2398 448 2593 519 peribit
2613 448 2819 513 unctio,
2845 458 2913 503 et-
2939 449 3206 515 judicium
3256 466 3365 506 non
3396 460 3481 506 est

1924 538 1981 593 in
2016 554 2108 604 ea;
2131 546 2185 594 et
2216 540 2492 594 civitatem
2521 548 2576 593 et
2613 546 2861 593 sanctum
2893 536 3168 606 disperdet
3191 554 3313 592 cum
3344 538 3482 592 dure

1920 637 2149 686 venturo
2172 650 2184 685 :
2205 640 2259 684 et
2291 629 2573 685 excidetur
2603 629 2658 682 in
2690 628 2915 694 diluvio,
2936 635 2989 681 et
3014 640 3186 696 usque
3224 627 3290 680 ad
3319 627 3478 683 ﬁnem

1920 722 2047 778 belli
2080 723 2135 777 in
2166 722 2544 792 compendium
2570 720 2799 783 redacti,
2844 718 3329 775 internecionilius.
3370 738 3390 770 ι
3417 717 3482 771 Et

1921 814 2035 869 haec
2066 815 2281 885 quidem
2314 817 2659 885 perspicuum
2687 814 2890 868 exitum
2916 819 3077 866 nacta
3098 819 3227 866 sunt
3249 810 3476 881 Augusti

1919 903 2255 976 Herodisque
2306 905 2642 975 temporibus
2678 922 2693 959 :
2726 904 2781 957 in
2825 919 2964 973 quos
2996 919 3113 969 cas,
3165 902 3232 958 de
3279 902 3476 972 quibus

1920 996 2255 1058 dicebamus,
2294 986 2496 1063 septem
2537 992 2905 1048 hebdomadas
2939 993 3307 1048 consummari
3337 992 3479 1046 aﬁir-

1919 1099 2150 1139 mamus.
2174 1082 2310 1136 Nam
2333 1098 2455 1137 cum
2480 1098 2638 1137 suum
2670 1096 3016 1152 progressum
3048 1091 3209 1151 atquc
3231 1081 3474 1136 ordinem

1919 1177 2192 1248 pontiﬁcia
2222 1176 2314 1231 illa
2353 1176 2541 1231 unctio
2575 1190 2749 1245 usque
2796 1174 2861 1229 ad
2894 1174 3159 1230 Herodem
3203 1187 3252 1230 et
3291 1176 3477 1245 Augu-

1920 1275 2064 1323 stum
2117 1275 2428 1324 constanter
2454 1268 2773 1331 servaverit,
2807 1274 2859 1321 et
2885 1278 3128 1323 veterum
3159 1266 3473 1337 pontiﬁcum

1921 1360 2197 1414 successio
2231 1360 2286 1413 in
2310 1358 2618 1413 Alexandro
2658 1357 2893 1429 Hyrcani
2933 1366 3083 1428 patre
3129 1356 3471 1418 terminetur,

1919 1448 2160 1505 Herodes
2189 1451 2307 1521 ipso
2331 1450 2581 1522 Hyrcano
2612 1449 2893 1506 interfecto
2920 1448 3080 1520 397
3111 1465 3218 1504 non
3241 1450 3479 1520 amplius

1920 1540 2010 1606 iis,
2037 1542 2130 1611 qui
2164 1557 2194 1596 a
2235 1544 2554 1611 parentibus
2578 1541 2905 1597 succedendi
2935 1543 3027 1611 jus
3066 1542 3351 1609 haberent,
3376 1542 3479 1596 mi-

1921 1633 2208 1688 nisterium
2243 1633 2375 1688 illud
2404 1633 2743 1689 concessisse
2768 1633 2987 1696 dicitur,
3020 1633 3113 1689 sed
3154 1634 3478 1705 ignobilibus

1923 1726 2250 1795 quibusdam
2276 1726 2636 1796 obscurisque
2666 1726 3002 1782 hominibus.
3038 1726 3141 1782 Sed
3176 1729 3338 1783 etiam
3357 1742 3480 1781 ora-

1923 1817 2104 1870 culum
2154 1816 2295 1871 hanc
2336 1818 2506 1887 ipsam
2554 1833 2668 1872 rem
2720 1818 3025 1889 anticipans
3075 1821 3362 1881 divinavit,
3392 1819 3477 1874 his

1921 1907 2135 1962 verbis:
2167 1925 2185 1958 ι
2220 1907 2285 1960 Ει
2310 1915 2433 1977 post
2465 1907 2831 1964 hebdomadas
2882 1919 3085 1981 septem
3120 1919 3172 1966 et
3202 1911 3480 1982 sexaginta

1922 1999 2061 2054 duas
2108 2000 2306 2070 peribit
2336 2000 2538 2064 unctio,
2572 2006 2626 2052 ct
2661 1999 2930 2069 judicium
2964 2016 3070 2056 non
3106 2010 3189 2057 est
3236 2003 3291 2056 in
3334 2018 3417 2058 ea.
3456 2024 3474 2054 ι

1920 2090 2074 2157 Quod
2109 2090 2325 2161 quidem
2357 2091 2643 2161 perspicue
2682 2094 2877 2165 reliqui
2932 2111 3146 2167 quoque
3182 2104 3481 2166 posuerunt

1920 2184 2281 2253 interpretes:
2316 2183 2515 2253 Aquila
2550 2185 2771 2255 quidem
2825 2188 2945 2243 sic:
2980 2206 2998 2238 ι
3035 2186 3098 2240 Et
3124 2197 3246 2257 post
3276 2195 3478 2258 septem

1917 2275 2285 2332 hebdomadas
2316 2285 2368 2331 et
2435 2278 2712 2349 sexaginta
2747 2280 2883 2336 duas
2925 2280 3121 2350 peribit
3173 2286 3392 2344 unctus,
3427 2288 3481 2334 et

1917 2383 2025 2422 non
2072 2377 2157 2423 est
2191 2368 2261 2422 ei.
2305 2387 2326 2422 ι
2381 2368 2741 2442 Symmachus
2794 2379 2972 2427 autem
3009 2372 3129 2426 sic:
3167 2389 3186 2422 ι
3246 2369 3312 2425 Et
3359 2382 3482 2442 post

1919 2457 2284 2515 hebdomadas
2333 2470 2538 2532 septem
2586 2472 2640 2519 et
2682 2464 2959 2539 sexaginta
3023 2462 3160 2517 duas
3203 2462 3481 2517 excidetur

1916 2548 2188 2615 Christus,
2225 2556 2280 2605 et
2308 2567 2419 2606 non
2443 2552 2616 2607 aderit
2665 2552 2737 2607 ei.
2786 2570 2807 2604 ι
2830 2551 2907 2606 Ex
2933 2566 3043 2622 quo
3071 2551 3305 2606 maxime
3348 2554 3479 2606 mihi

1916 2647 2174 2696 constare
2194 2641 2434 2709 videtur,
2462 2642 2741 2697 Christum
2770 2640 2965 2697 ducem
2999 2656 3121 2698 esse
3142 2656 3291 2705 eum,
3318 2656 3478 2710 quem

1916 2735 2190 2803 expositio
2231 2744 2423 2791 nostra
2447 2735 2765 2791 declaravit.
2792 2733 2923 2790 Post
2944 2743 3047 2790 'eas
3077 2733 3243 2805 igitur
3265 2734 3333 2789 de
3357 2735 3480 2804 qui-

1915 2823 2022 2882 bus
2056 2827 2297 2883 diximus
2320 2828 2617 2898 completas
2634 2825 3024 2891 hebdomadas,
3060 2843 3081 2877 ο
3112 2827 3310 2896 peribit
3331 2826 3461 2881 Chri

1919 2925 2057 2982 stus,
2100 2939 2124 2973 ι
2156 2923 2354 2993 inquit.
2399 2920 2505 2977 Sed
2543 2920 2664 2990 quis
2700 2918 2918 2974 tandem
2948 2919 3038 2972 hic
3059 2917 3334 2983 Christus,
3374 2920 3478 2974 nisi

253 3003 348 3057 τοῦ
374 3003 554 3066 ἔθνους
576 3002 849 3073 βασιλείαν
899 3000 1062 3072 μηδὲν
1100 2997 1246 3067 αύτῷ
1267 2997 1620 3067 διαφέρουσαν
1645 2993 1818 3064 ὑφαρ-

1920 3007 2029 3064 dux
2064 3012 2156 3082 qui
2185 3013 2419 3083 legitime
2447 2998 2743 3066 succedens
2758 3025 2823 3064 ex
2844 3008 3118 3080 pontiﬁcio
3135 3026 3349 3080 genere,
3371 3028 3480 3066 sum

255 3096 422 3159 πάζει
447 3135 461 3158 ,
522 3093 734 3166 πρῶτός
791 3110 849 3146 τε
897 3092 1055 3153 αὐτὸς
1106 3087 1395 3157 ἀλλόφυλος
1446 3088 1677 3157 ἡγεῖται.
1739 3085 1816 3139 Οὐ

1920 3104 2064 3173 genti
2092 3103 2382 3172 praeesset?
2404 3101 2600 3158 Mansit
2625 3102 2790 3171 igitur
2821 3101 2911 3155 hic
2940 3100 3209 3166 Christus,
3238 3102 3478 3172 quandiu

258 3191 421 3262 μόνος
451 3191 507 3244 δὲ
533 3191 639 3261 ἄρα
671 3191 699 3241 6
736 3187 993 3260 Ὑρκανὸς
1023 3188 1255 3257 Χριστὸς
1286 3183 1380 3249 ὣν,
1405 3183 1497 3236 καὶ
1517 3180 1624 3235 τῶν
1652 3181 1821 3237 πάλαι

253 3283 555 3355 ἀρχιερέων
610 3281 856 3346 ὕστατος,
896 3279 1148 3349 ἐξεκόπη,
1181 3276 1315 3331 ἀλλά
1346 3276 1438 3329 καὶ
1466 3277 1498 3346 ἡ
1525 3276 1590 3328 ἑκ
1624 3276 1825 3347 προγό-

254 3392 362 3428 νων
424 3372 628 3426 ἀνωθεν
665 3374 728 3425 ὲκ
752 3370 858 3423 τῶν
903 3369 1176 3441 πρόπαλαι
1215 3366 1511 3438 ἀρχιερέων
1561 3367 1839 3446 κατιοῦσα.

253 3463 510 3535 διαδοχὴ,
577 3463 706 3517 αὑτό
764 3479 823 3514 τε
887 3461 949 3513 τὸ
1015 3458 1153 3513 κατὰ
1211 3458 1405 3529 νόμους
1460 3458 1671 3531 χρίσμα
1726 3462 1825 3516 οὐκ

255 3559 335 3611 ἔτι
365 3557 507 3610 κατά
571 3556 746 3627 κρίσιν
783 3554 1062 3624 γινόμενον
1081 3593 1095 3617 ,
1141 3550 1388 3613 ἀτάκτως
1423 3550 1481 3604 δὲ
1510 3554 1604 3608 καὶ⁸
1629 3573 1824 3624 συγκε-

254 3649 537 3721 χυμένως,
598 3649 658 3701 ού
710 3646 849 3700 κατά
898 3645 965 3698 τὰ
1000 3644 1147 3716 παρά
1192 3645 1411 3697 Μωῦσεῖ
1473 3650 1823 3720 νενομοθετη-

258 3740 704 3813 μένα,συνέτρεχε
744 3739 800 3791 δὲ
851 3738 983 3808 όμοῦ
1019 3737 1196 3791 πάντα
1252 3737 1558 3805 ἀκολούθως
1600 3745 1663 3812 τῇ
1696 3759 1824 3812 προ-

256 3835 453 3907 φητείᾳ
508 3834 758 3905 φησάσῃ·
797 3851 816 3883 ι
852 3831 1389 3906 Ἐξολοθρευθήσεται
1440 3837 1647 3907 χρίσμα
1673 3874 1687 3898 ,
1733 3838 1824 3888 καὶ

256 3929 431 3999 κρῖμα
474 3926 573 3978 ούκ
628 3923 772 3977 ἔστιν
832 3924 891 3976 ὲν
935 3922 1101 3993 αὐτῷ.
1133 3942 1150 3975 ι
1187 3924 1416 3996 Μάρτυς
1460 3926 1503 3980 δ’
1535 3926 1824 3997 ἀξιόχρεως

253 4018 460 4071 τούτων
500 4020 528 4070 6
584 4016 641 4081 ἑξ
684 4014 860 4068 αὐτῶν
916 4015 1179 4086 Ἑϐραίων
1230 4016 1521 4090 Ἰώσηπος,
1564 4012 1666 4071 ὧδέ
1708 4034 1825 4079 πως

256 4107 487 4179 ἱστορῶν
529 4105 597 4158 τὰ
646 4104 785 4158 κατὰ
830 4105 955 4168 τοὺς
1001 4106 1226 4178 χρόνους
1278 4110 1334 4160 ἑν
1381 4105 1824 4176 ὀκτωκαιδεκάτῳ

253 4204 359 4273 τῆς
406 4198 735 4267 Ἰουδαϊκῆς
780 4200 1255 4271 Ἀρχαιολογιας·
1285 4219 1303 4252 ι
1339 4201 1447 4272 Τὴν
1470 4200 1527 4253 δὲ
1552 4197 1823 4269 βασιλείαν

266 4292 515 4366 Ἡρώδης
546 4293 693 4362 παρά
735 4289 1016 4362 Ῥωμαίων
1040 4292 1394 4365 ἐγχειρισθεὶς
1414 4332 1428 4355 ,
1462 4293 1559 4344 οὐκ
1590 4291 1668 4343 ἔτι
1701 4291 1824 4354 τοὺς

1919 3194 2286 3249 hebdomades
2330 3195 2434 3248 illa:
2479 3194 2847 3259 duraverunt;
2892 3193 2985 3247 ubi
3032 3200 3211 3248 autem
3262 3194 3479 3248 illarum

1924 3287 2047 3344 ﬁnis
2069 3287 2301 3353 advenit,
2332 3287 2548 3342 excisus
2580 3291 2683 3347 est,
2712 3286 2802 3355 qui
2836 3284 2902 3339 de
2927 3284 3144 3354 generis
3176 3285 3478 3340 successio-

1923 3394 1993 3435 ne
2045 3376 2187 3448 genti
2216 3385 2490 3445 praaesset.
2512 3375 2682 3429 Porro
2718 3375 2811 3428 hic
2853 3373 2955 3428 fuit
2986 3372 3289 3445 Hyrcanus,
3319 3390 3475 3439 quem

1923 3483 2045 3524 cum
2078 3466 2317 3522 Herodes
2365 3466 2754 3529 interfecisset,
2795 3481 3017 3536 regnum
3059 3467 3304 3536 protinus
3335 3468 3476 3538 quod

1923 3561 1992 3616 ad
2023 3560 2200 3630 ipsum
2232 3558 2365 3612 nihil
2405 3558 2704 3628 spectabat,
2729 3557 2978 3626 arripuit,
3015 3557 3331 3628 primusque
3363 3559 3479 3628 ipse

1924 3650 2136 3723 praefuit
2157 3666 2222 3705 ex
2252 3649 2426 3705 alieno
2463 3663 2678 3720 genere.
2728 3648 2993 3704 Cmterum
3021 3663 3127 3702 non
3161 3652 3311 3705 solus
3342 3650 3480 3723 Hyr-

1924 3759 2115 3807 canus,
2147 3742 2240 3813 qui
2277 3741 2527 3796 Christus
2560 3748 2705 3808 erat;
2730 3751 2784 3796 et
2810 3742 3114 3811 priscorum
3160 3740 3478 3812 pontiﬁcum

1924 3835 2277 3898 novissimus,
2308 3834 2525 3889 excisus
2576 3842 2676 3895 est,
2704 3833 2799 3888 sed
2826 3834 2987 3888 etiam
3014 3848 3077 3888 ea
3099 3849 3218 3903 quae
3252 3833 3415 3890 altius
3449 3854 3478 3889 ει

1914 3928 2222 3998 majoribus
2245 3927 2511 3996 longeque
2543 3926 2917 3996 superioribus
2950 3926 3300 3995 pontiﬁcibus
3326 3943 3479 3998 repe-

1926 4020 2024 4073 tita
2092 4019 2267 4074 fuerat
2316 4018 2616 4082 successio,
2678 4019 2902 4089 ipsaque
2956 4018 3195 4088 legitima
3244 4021 3476 4076 unctio:

1924 4111 2125 4181 quippe
2170 4126 2290 4181 qua:
2319 4126 2427 4165 non
2461 4111 2602 4164 ultra
2629 4126 2692 4165 ex
2723 4109 2933 4179 judicio
2966 4107 3103 4164 facta
3144 4112 3235 4174 sit,
3269 4111 3362 4165 sed
3400 4114 3481 4166 iu-

1924 4202 2169 4257 ordinate
2196 4210 2249 4257 et
2274 4202 2518 4265 confuse,
2555 4210 2662 4255 non
2709 4201 3007 4255 secundum
3030 4216 3114 4260 ea,
3142 4217 3263 4271 qua:
3303 4202 3479 4259 Moses

1926 4294 1981 4348 in
2014 4295 2129 4349 suis
2160 4295 2370 4365 legibus
2401 4304 2674 4359 sanxerat,
2702 4301 3208 4363 concurreruntque
3230 4295 3285 4350 in
3313 4312 3480 4351 unum

252 4387 322 4437 ἑκ
340 4383 434 4436 τοῦ
477 4382 846 4453 Ἀσαμωναίου
866 4385 1059 4453 γένους
1114 4381 1275 4452 (οὗτοι
1300 4385 1357 4438 δὲ
1386 4381 1523 4454 ἦσαν
1549 4384 1597 4436 οἱ
1629 4382 1822 4436 καλού-

1928 4389 2129 4451 omnia,
2156 4386 2605 4457 quemadmodum
2662 4386 2945 4455 prophetia
2996 4387 3338 4456 praedixerat,
3375 4390 3483 4443 illis

256 4492 412 4545 μενοι
475 4473 855 4546 Μακκαϐαῖοι)
882 4515 895 4540 ,
950 4476 1261 4546 καθίστησιν
1317 4476 1590 4546 ἀρχιερεῖς
1617 4514 1630 4538 ,
1685 4474 1822 4527 ἀλλά

249 4581 409 4626 τινας
440 4564 683 4634 ἀσήμους
717 4568 808 4619 καὶ
846 4565 1005 4636 μόνον
1046 4564 1104 4629 ἐξ
1154 4565 1413 4635 Ἐϐραίων
1454 4565 1609 4627 ὄντας
1632 4603 1647 4627 ,
1682 4564 1819 4635 πλὴν

250 4658 378 4721 ἐνὸς
418 4657 847 4728 Ἀριστοϐούλου,
881 4658 938 4711 ὃν
993 4656 1253 4730 Ὑρκανοῦ
1291 4658 1403 4710 υἱὸν
1437 4657 1587 4721 ὅντα,
1648 4674 1819 4708 κατα-

257 4749 465 4819 στήσας
476 4749 753 4821 ἀρχιερέα,
773 4753 838 4821 τῇ
860 4750 1058 4820 ἀδελφῇ
1075 4747 1242 4802 αὑτοῦ
1267 4748 1541 4819 συνῴκησε
1563 4747 1819 4819 Μαριάμ-

257 4857 369 4912 μῃ,
397 4838 493 4909 τὴν
521 4839 613 4892 τοῦ
648 4840 879 4911 πλήθους
912 4841 1045 4911 πρὸς
1074 4841 1230 4894 αὐτὸν
1262 4839 1571 4911 θηρώμενος
1614 4838 1816 4891 εὔνοιαν

250 4930 355 4985 διὰ
378 4930 474 5002 τὴν
515 4931 780 5002 Ὑρκανοῦ
814 4933 1051 5004 μνήμην.
1084 4929 1213 4985 Εἶτα
1241 4930 1425 4995 δεδιὼς
1458 4931 1532 5002 μὴ
1567 4930 1699 5002 πρὸς
1729 4930 1817 4983 τὸν

264 5024 672 5094 Ἀριστόϐουλον
706 5024 902 5087 πάντες
932 5026 1309 5090 ἀποκλίνωσιν,
1333 5026 1538 5079 ἀνεῖλεν
1572 5026 1733 5078 αὐτὸν
1760 5026 1817 5078 ἑν

260 5115 497 5187 Ἱεριχοῖ,
519 5119 771 5188 πνιγῆναι
807 5120 1250 5191 μηχανησάμενος
1281 5118 1652 5189 κολυμϐῶντα,
1687 5118 1818 5171 καθ-

246 5207 328 5270 ὼς
402 5209 502 5280 ἢδη
552 5209 948 5281 δεδηλώκαμεν.
1002 5210 1154 5264 Μετά
1201 5210 1385 5264 τοῦτον
1434 5211 1532 5263 ούκ
1578 5208 1655 5262 ἔτι
1704 5213 1815 5272 τοῖς

247 5297 497 5365 ἐκγόνοις
516 5298 621 5353 τῶν
666 5300 1036 5371 Ἀσαμωναίου
1062 5300 1265 5354 παίδων
1288 5300 1385 5370 τὴν
1406 5298 1813 5370 ἀρχιερωσύνην

242 5389 589 5445 ἐπίστευσεν.
634 5391 872 5461 Ἐπραξε
915 5390 971 5443 δὲ
1008 5392 1163 5461 ὅμοια
1194 5392 1271 5463 τῷ
1315 5390 1525 5464 Ἡρώδῃ
1558 5392 1687 5462 περὶ
1716 5392 1813 5462 τῆς

243 5474 634 5545 καταστάσεως
681 5483 788 5535 τῶν
836 5483 1150 5554 ἀρχιερέων,
1200 5482 1481 5554 Ἀρχέλαός
1508 5498 1568 5534 τε
1617 5482 1645 5533 ὁ
1688 5485 1813 5544 παῖς

242 5573 439 5635 αὑτοῦ,
473 5575 566 5627 καὶ
594 5574 733 5645 μετά
758 5573 943 5628 τοῦτον
989 5576 1243 5644 Ῥωμαῖοι
1277 5575 1375 5645 τὴν
1402 5575 1508 5627 τῶν
1550 5574 1813 5627 Ἰουδαίων

246 5665 530 5737 βασιλείαν
574 5665 983 5738 παρειληφότες.
1029 5684 1046 5717 ι
1086 5666 1251 5721 Πάλιν
1279 5668 1334 5720 ἑν
1398 5665 1602 5738 ἑτέροις
1639 5665 1808 5719 ταῦτα

1920 4480 2145 4535 verbis:
2188 4497 2206 4530 ι
2244 4478 2449 4533 Pet-ibit
2476 4478 2682 4540 unctio,
2716 4485 2769 4532 et
2806 4477 3073 4546 judicium
3127 4494 3236 4533 non
3284 4487 3369 4534 est
3428 4482 3481 4535 in

1919 4587 2003 4627 ea.
2042 4591 2058 4622 ι
2087 4571 2262 4639 Atque
2289 4571 2524 4639 optimus
2545 4569 2773 4638 hujusce
2796 4570 2873 4624 rei
2906 4570 3061 4625 testis
3087 4570 3483 4627 estHebraicus

1919 4674 2106 4720 auctor
2141 4663 2429 4735 Iosephus,
2480 4664 2570 4733 qui
2602 4663 2655 4717 in
2686 4679 2818 4718 xviii
2848 4662 3088 4717 Iudaica:
3138 4664 3480 4733 Antiquitatis

1919 4756 2079 4822 libro,
2113 4768 2233 4827 quae
2266 4757 2333 4811 ad
2358 4757 2447 4810 illa
2483 4765 2727 4826 tempora
2751 4758 3048 4826 pertinent,
3082 4758 3137 4810 in
3179 4757 3325 4810 hunc
3367 4772 3483 4809 mo-

1924 4845 2051 4901 dum
2080 4848 2329 4917 exponit:
2353 4865 2371 4898 ι
2395 4846 2635 4903 Herodes
2660 4847 3029 4915 autem,regni
3061 4845 3484 4902 administratio-

1920 4930 1990 4995 ne
2019 4955 2048 4992 a
2094 4939 2355 4996 Romanis
2383 4952 2625 5010 accepta,
2655 4939 2831 4993 nullos
2875 4938 3105 5005 amplius
3149 4953 3216 4992 ex
3251 4936 3482 4993 Asamo-

1924 5046 2040 5086 naso
2075 5047 2270 5102 genere
2298 5030 2376 5101 (hi
2417 5039 2596 5086 autem
2644 5037 2800 5085 erant
2829 5029 2916 5098 qui
2952 5027 3245 5083 Machabmi
3286 5044 3483 5084 vocan-

1921 5122 2032 5194 tur)
2073 5122 2358 5193 pontiﬁces
2402 5123 2663 5185 declarat,
2696 5122 2789 5177 sed
2834 5122 3097 5190 ignobiles
3137 5121 3400 5191 quosdam
3427 5132 3480 5177 et

1922 5215 1989 5268 ab
2020 5214 2261 5271 Hebraeis
2312 5215 2689 5269 tantummodo
2746 5214 3031 5276 oriundos,
3062 5221 3259 5283 praeter
3311 5229 3477 5267 unum

1919 5304 2315 5371 Aristobulum,
2348 5304 2441 5374 qui
2473 5302 2706 5374 Hyrcani
2765 5302 2906 5356 ﬁlius
2958 5300 3079 5357 fuit.
3135 5300 3291 5356 Hunc
3332 5304 3478 5359 enim

1920 5408 2041 5447 cum
2072 5393 2375 5462 pontiﬁcem
2413 5393 2764 5453 declarasset,
2800 5406 3039 5446 sororem
3077 5392 3197 5459 ejus
3228 5391 3479 5447 Mariam-

1922 5499 2064 5538 mam
2096 5484 2252 5538 duxit
2284 5499 2527 5550 uxorem,
2583 5482 2781 5552 quippe
2814 5482 2906 5553 qui
2956 5484 3324 5539 multitudinis
3350 5500 3479 5549 erga

1921 5575 2071 5628 illum
2100 5585 2343 5644 captaret
2366 5574 2819 5639 benevolentiam,
2850 5580 3071 5643 propter
3101 5574 3334 5646 Hyrcani
3369 5592 3479 5632 nie-

1919 5665 2167 5720 moriam.
2191 5663 2355 5734 398
2378 5662 2576 5719 Deinde
2599 5663 2808 5719 veritus
2838 5677 2905 5718 ne
2937 5674 3131 5718 omnes
3172 5662 3237 5717 ad
3271 5662 3479 5719 Aristo-
