3868 6196
494 295 604 350 (325

1155 280 1421 339 ιλιιεειιιι
1445 277 1921 350 CESABIENSIS
1959 277 2056 336 ΟΡ]

2159 275 2324 331 PARS
2361 275 2425 332 ll.
2464 304 2538 320 --
2575 273 3062 331 APOLOGETICA.

3590 274 3700 329 625

497 417 684 471 bulum
715 407 1098 467 desciscerent,
1132 402 1403 456 hominem
1451 399 1518 453 de
1569 398 1746 454 medio
1796 398 2037 461 sustulit,

2159 395 2269 465 περὶ
2317 392 2496 446 αὐτῶν
2547 407 2743 462 φησιν·
2799 410 2817 441 ι
2868 388 3108 462 Ἡρώδης
3138 388 3194 441 δὲ
3229 388 3569 459 βασιλεύσας,
3597 393 3699 462 τήν

495 511 624 564 dum
655 511 792 560 esset
826 500 880 554 in
908 496 1104 568 oppido
1129 493 1500 548 Hierichunte.
1535 491 1613 544 llIi
1635 489 1777 546 enim
1803 488 2035 550 natanti,

496 601 655 669 vique
687 590 900 648 interim
931 588 1033 644 sub
1060 599 1200 656 aqua
1233 585 1472 643 detento,
1507 596 1693 636 necem
1724 590 1808 636 est
1835 579 2041 634 machi-

495 693 676 746 natus,
708 680 784 735 uti
812 679 921 747 jam
947 676 1164 747 planum
1201 672 1448 727 fecimus.
1474 670 1602 726 Post
1627 671 1766 724 hunc
1789 685 1897 724 non
1926 684 2042 723 am-

494 777 634 846 plius
682 788 748 830 ex
792 767 1090 827 Asamonmi
1145 766 1295 835 prole
1350 764 1594 819 oriundis
1673 762 2040 834 pontiﬁcatum

492 865 785 923 commisit.
821 860 1085 917 Herodem
1125 858 1368 913 imitatus
1415 865 1497 910 est
1548 856 1601 909 in
1657 856 2042 909 constitutione

492 958 803 1030 pontiﬁcum
837 955 956 1023 ejus
984 952 1125 1008 ﬁlius
1145 951 1460 1012 Archelaus,
1479 957 1532 1004 et
1555 956 1675 1020 post
1697 947 1840 1001 hunc
1866 947 2041 1016 ipsum

493 1048 740 1112 Romani,
798 1046 892 1116 qui
943 1043 1249 1098 Iudaeorum
1324 1055 1546 1112 regnum
1609 1045 1964 1108 occuparunt.
2017 1055 2036 1088 ι

491 1139 706 1196 Rursus
729 1139 796 1195 de
823 1139 890 1194 iis
921 1137 1027 1191 alio
1048 1137 1102 1190 in
1133 1135 1253 1190 loco
1272 1134 1403 1190 dicit
1429 1133 1543 1188 haec
1579 1151 1591 1185 :
1629 1150 1648 1182 ι
1678 1129 1918 1186 Herodes
1945 1145 2044 1183 aii-

493 1243 599 1290 tem
615 1249 706 1289 rex
731 1232 822 1287 ubi
850 1231 1042 1284 turrim
1067 1229 1205 1283 hanc
1231 1227 1284 1282 in
1305 1227 1499 1282 idoneo
1518 1226 1638 1280 loco
1666 1224 1826 1280 sitam
1847 1236 2044 1292 magno

493 1333 714 1396 sumptu
769 1323 1046 1388 instruxit,
1098 1321 1388 1375 Antoniam
1446 1318 1734 1390 appellavit
1780 1317 2039 1373 nomine:

495 1427 694 1474 vestem
721 1423 976 1486 praeterea
999 1412 1328 1484 pontiﬁciam
1363 1411 1678 1481 assumpsit,
1701 1418 1754 1465 et
1776 1425 1892 1465 eam
1925 1423 2045 1480 quae

493 1508 738 1580 deposita
766 1515 883 1562 erat
917 1505 1156 1561 retinuit.
1202 1501 1401 1558 llerodi
1434 1502 1632 1558 similia
1669 1501 1922 1572 patravit,
1951 1501 2043 1572 qui

495 1600 563 1654 ab
589 1599 708 1669 ipso
727 1613 820 1653 rex
851 1597 1158 1652 declaratus
1183 1601 1268 1650 est
1298 1593 1596 1648 Archelaus
1624 1593 1795 1663 ipsius
1817 1591 1980 1655 ﬁlius,
2013 1609 2043 1647 a

494 1705 603 1761 quo
643 1689 876 1746 Romani
923 1694 1145 1757 accepto
1203 1685 1530 1758 principatu.
1577 1693 1725 1740 veste
1768 1684 2045 1754 pontiﬁcis

2138 503 2196 540 τε
2227 485 2379 557 βάριν
2409 484 2607 554 ταύτην
2633 484 2690 536 ἐν
2723 481 3012 552 ἐπιτηδείῳ
3040 480 3192 550 τόπῳ
3241 481 3497 551 κειμένην
3530 498 3688 534 κατα-

2141 576 2412 640 σκευάσας
2435 573 2759 637 πολυτελῶς,
2805 572 3090 626 Ἀντωνίαν
3131 573 3285 626 καλεί
3329 573 3498 642 ὃνομα
3516 611 3531 632 .
3605 572 3703 626 καὶ

2138 671 2237 742 τὴν
2266 669 2456 739 στολὴν
2483 669 2581 739 τὴν
2611 665 2995 738 ἀρχιερατικὴν
3021 664 3314 736 λαμϐάνει,
3349 665 3450 736 τὴν
3486 667 3546 718 δέ
3589 682 3704 718 κει-

2143 761 2307 832 μένην
2369 763 2586 829 κατεῖχε
2611 796 2628 815 .
2681 755 2948 810 πιστεύων
2995 757 3147 810 οὐδὲν
3205 757 3545 827 νεωτερίσειν
3612 756 3705 809 τὸν

2140 853 2267 906 λαὸν
2307 852 2372 904 δι’
2405 852 2596 923 αὑτήν.
2639 851 2879 923 Ἔπραξε
2913 851 2958 905 δ’
2992 850 3153 920 ὃμοια
3182 848 3261 919 τῷ
3303 847 3516 920 Ἡρώδῃ
3554 849 3648 902 καὶ
3677 849 3704 901 ό

2142 941 2591 1005 ἐπικατασταθεὶς
2628 941 2774 1012 αὐτῷ
2815 940 3064 1011 βασιλεὺς
3127 939 3446 1011 Ἀρχέλαος,
3487 938 3602 1000 υἱὸς
3633 938 3707 990 ὣν

2142 1037 2304 1092 αὑτοῦ
2324 1075 2339 1100 ,
2383 1036 2508 1106 παρ’
2546 1029 2607 1088 οὗ
2664 1034 2916 1104 Ῥωμαῖοι
2937 1030 3303 1102 διαδεξάμενοι
3345 1031 3447 1100 τὴν
3499 1029 3702 1100 ἀρχὴν,

2143 1129 2402 1200 ἐκράτουν
2427 1128 2526 1198 τῆς
2552 1126 2740 1197 στολῆς
2767 1123 2860 1178 τοῦ
2893 1125 3194 1197 ἀρχιερέως
3236 1123 3607 1194 ἀποκειμένης
3649 1124 3706 1175 ἐν

2143 1221 2274 1291 οίκῳ
2290 1218 2434 1273 λίθου
2456 1216 2872 1288 οἰκοδομηθέντι,
2891 1217 2994 1270 ὑπὸ
3021 1214 3288 1286 σφραγῖδι.
3327 1233 3346 1266 ι
3374 1213 3474 1267 Διά
3506 1211 3706 1266 τούτοιν

2144 1311 2205 1364 τὸ
2230 1310 2572 1380 ἀποτέλεσμα
2603 1308 2762 1362 παντί
2790 1325 2866 1378 τῳ
2890 1305 3092 1377 νομίζω
3129 1305 3439 1374 καταφανὲς
3479 1304 3707 1374 γεγενῆ-

2147 1404 2265 1458 σθαι
2299 1402 2391 1456 τοῦ
2409 1402 2684 1473 φήσαντος
2716 1397 2961 1471 χρησμοῦ
2987 1413 3000 1426 ·
3039 1417 3055 1448 ι
3095 1397 3204 1450 Καὶ
3247 1395 3384 1467 μετά
3414 1396 3520 1458 τὰς
3557 1394 3708 1448 ἐϐδο-

2148 1495 2319 1567 μάδας
2367 1494 2464 1557 τὰς
2497 1490 2635 1546 ἑπτά
2677 1492 2770 1545 καὶ
2808 1487 3162 1560 ἑξηκονταδύο
3199 1486 3709 1558 ἐξολοθρευθήσεται

2145 1589 2372 1661 χρίσμα,
2392 1588 2486 1641 καὶ
2501 1588 2670 1658 κρῖμα
2703 1585 2803 1638 οὐκ
2825 1583 2968 1636 ἐστιν
2999 1583 3056 1635 ἐν
3088 1579 3257 1651 αύτῷ.
3285 1600 3303 1632 ι
3335 1581 3458 1634 Ἔτι
3490 1579 3550 1633 δέ
3581 1580 3710 1651 μᾶλ-

2145 1679 2234 1733 λον
2264 1679 2383 1752 ὄψει
2415 1678 2532 1742 πῶς
2557 1679 2768 1749 εῐρηται
2792 1674 2902 1739 τδ,ι
2925 1674 3221 1745 Κρῖμαοὺκ
3253 1673 3397 1726 ἐστιν
3420 1673 3480 1724 ἐν
3509 1671 3704 1744 αύτῷρ

495 1794 615 1852 qua:
634 1778 871 1850 reposita
899 1785 1017 1832 erat
1042 1777 1144 1832 sub
1179 1776 1335 1845 signo
1367 1775 1421 1830 in
1437 1773 1598 1830 domo
1613 1787 1681 1828 ex
1711 1771 1888 1843 lapide
1913 1787 2044 1826 con-

2159 1770 2205 1824 ιδ
2225 1771 2444 1843 ἄκριτον
2469 1769 2689 1823 συνιδὼν
2716 1769 2814 1840 τῆς
2831 1766 2938 1820 τῶν
2981 1765 3276 1838 ἀρχιερέων
3296 1766 3704 1828 καταστάσεως,

496 1879 704 1931 structa
740 1869 1110 1926 obtinuerunt.
1168 1888 1187 1920 ι
1232 1866 1308 1920 Ex
1339 1866 1424 1920 his
1477 1865 1635 1936 plane
1668 1864 1843 1918 cuivis
1888 1863 2047 1919 intel-

496 1967 694 2029 lectum
720 1978 842 2020 esse
861 1961 1112 2025 arbitror,
1131 1959 1380 2029 quisnam
1409 1957 1569 2012 fuerit
1590 1963 1816 2011 eventus
1841 1954 2046 2010 oraculi

496 2055 732 2112 dicentis
765 2073 784 2105 ι
816 2071 829 2106 :
863 2051 928 2105 Et
959 2056 1082 2120 post
1122 2047 1484 2104 hebdomadas
1515 2063 1590 2101 vn
1641 2055 1694 2102 et
1723 2061 1830 2100 uti
1853 2046 2049 2116 peribit

496 2147 702 2209 unctio,
733 2151 787 2200 et
811 2141 1081 2214 judicium
1109 2154 1216 2194 non
1239 2145 1318 2193 est
1338 2139 1391 2193 in
1413 2155 1496 2194 ea.
1527 2158 1545 2189 ι
1580 2137 1746 2209 Magis
1773 2138 1935 2192 etiam
1967 2136 2049 2190 in-

498 2238 885 2307 tueberis,quo
909 2249 1073 2289 sensu
1102 2232 1305 2286 dictum
1330 2231 1402 2285 sit
1433 2231 1563 2285 illud
1594 2250 1606 2286 :
1644 2248 1662 2282 ι
1694 2229 1757 2284 Et
1779 2228 2047 2299 judicium

498 2345 606 2385 non
629 2334 712 2383 est
736 2327 790 2381 in
807 2339 924 2388 ea,»
948 2323 993 2380 si
1019 2322 1167 2376 nullo
1182 2320 1385 2390 judicio
1402 2329 1612 2376 creatos
1630 2320 1910 2392 pontiﬁces
1930 2335 2046 2382 eos,

497 2421 592 2492 qui
628 2427 750 2489 post
794 2415 1078 2478 Herodem,
1122 2411 1322 2483 quique
1364 2411 1697 2481 temporibus
1752 2410 2052 2467 Salvatoris

502 2509 677 2568 nostri
705 2509 948 2570 fuerunt,
975 2503 1426 2561 consideraveris.
1451 2501 1585 2557 Cum
1611 2503 1752 2556 enim
1777 2519 1843 2558 ex
1868 2503 2051 2558 divina

501 2606 615 2676 lege
643 2598 884 2672 pontifex
907 2606 1079 2652 totum
1110 2610 1222 2651 suae
1247 2597 1366 2649 vitae
1388 2601 1600 2664 tempus
1619 2608 1830 2648 sacrum
1852 2609 2052 2648 munus

499 2697 670 2754 obire.
705 2693 955 2761 idemque
981 2689 1218 2759 legitimo
1247 2686 1357 2740 ﬁlio
1389 2684 1696 2741 successori
1725 2685 1938 2740 tradere
1962 2685 2053 2756 ju-

503 2783 858 2848 beretur,per
883 2793 947 2833 ea
987 2786 1229 2848 tempora
1252 2790 1373 2846 quae
1407 2773 1567 2829 modo
1612 2774 2052 2845 explorabamus,

2146 1865 2253 1919 τῶν
2293 1863 2428 1936 μετά
2465 1861 2726 1934 Ἡρώδην,
2762 1859 2855 1914 καὶ
2881 1858 3023 1914 κατὰ
3055 1859 3179 1921 τοὺς
3209 1857 3434 1929 χρόνους
3465 1856 3564 1910 τοῦ
3595 1858 3709 1910 Σω-

2145 1958 2308 2029 τῆρος
2341 1956 2494 2028 ήμῶν
2525 1952 2922 2024 γεγενημένων.
2965 1949 3071 2004 Τοῦ
3111 1949 3220 2020 γὰρ
3255 1948 3394 2002 κατά
3435 1945 3533 2002 τδν
3575 1948 3710 2002 θεῖον

2147 2050 2307 2121 νόμον
2361 2047 2656 2120 ἀρχιερέως
2704 2045 2879 2098 πάντα
2921 2042 3010 2097 τὸν
3059 2039 3158 2113 τῆς
3205 2040 3348 2111 ζωῆς
3378 2041 3576 2112 χρόνον
3618 2042 3710 2111 τὴν

2147 2139 2482 2213 λειτουργίαν
2503 2139 2704 2192 διέπειν
2733 2137 3156 2208 κεκελευσμένου
3185 2137 3276 2189 ἐπὶ
3307 2134 3539 2206 διαδόχῳ
3567 2135 3711 2188 παιδὶ

2149 2231 2384 2304 γνησίῳ,
2420 2230 2558 2286 κατὰ
2588 2232 2714 2294 τοὺς
2743 2227 3158 2299 ἐξεταζομένους
3188 2227 3414 2298 καιροὺς
3434 2266 3448 2290 ,
3489 2226 3631 2296 μετά
3657 2224 3711 2278 τὸ

2150 2321 2588 2395 ἐξολοθρευθῆναι
2622 2322 2684 2377 τὸ
2709 2321 2929 2393 χρίσμα,
2960 2323 3024 2390 τῇ
3051 2317 3350 2391 προφητεία
3385 2316 3707 2388 συμφώνως,

2150 2415 2361 2487 πρῶτος
2393 2415 2490 2486 μὲν
2529 2413 2796 2486 Ἡρώδης,
2831 2412 3017 2465 ἔπειτα
3050 2412 3106 2465 δὲ
3134 2411 3227 2464 καὶ
3277 2411 3540 2480 Ῥωμαῖοι
3582 2408 3708 2478 μετά

2149 2509 2356 2573 τοῦτον,
2383 2507 2618 2580 ἀκρίτως
2646 2507 2739 2559 καὶ
2765 2506 2824 2558 ού
2857 2505 2997 2558 κατά
3027 2505 3118 2556 τὸν
3147 2503 3306 2573 νόμον
3330 2542 3344 2564 ,
3381 2503 3512 2564 τοὺς
3541 2501 3712 2572 ἀρχιεο

2154 2603 2265 2672 ρείς
2300 2600 2565 2653 καθίστων
2593 2597 2685 2660 οὓς
2714 2597 2885 2650 ἐδόκει
2910 2596 3089 2659 αὐτοῖς
3106 2635 3120 2658 ,
3143 2595 3454 2666 δημοτικοῖς
3481 2609 3596 2647 τισι
3623 2594 3713 2645 καὶ

2152 2692 2379 2763 ἀσήμοις
2403 2690 2624 2761 ἀνδράσι
2650 2690 2746 2760 τὴν
2777 2689 2939 2760 τιμὴν
2971 2687 3313 2759 χαριζόμενοι
3335 2727 3349 2751 ,
3373 2685 3714 2758 ἐπίπρασκόν

2152 2801 2210 2837 τε
2230 2785 2322 2838 καὶ
2342 2782 2674 2855 ἐκαπήλευην
2696 2781 2948 2852 τοῦνομα,
2974 2781 3162 2834 ἄλλοτε
3189 2781 3367 2844 ἀλλοις
3392 2781 3715 2833 ἐνιαυσιαῖον

503 2880 625 2943 post
653 2871 933 2926 interitum
969 2884 1140 2924 sacrae
1172 2866 1464 2930 unctionis,
1493 2866 1636 2921 sicut
1670 2866 1948 2936 prophetia
1979 2868 2052 2922 si-

2159 2875 2212 2928 τὸ
2239 2874 2448 2946 ἀξίωμα
2475 2873 2820 2945 δωρούμενοι.
2839 2873 2928 2926 Διὸ
2959 2890 3046 2944 μοι
3077 2872 3226 2926 δοκεῖ
3256 2873 3284 2925 ὁ
3316 2869 3456 2944 ἱερὸς
3484 2873 3714 2939 εὐαγγε-

501 2962 872 3034 gniﬁcaverat,
897 2961 1102 3032 primus
1123 2959 1340 3031 quidem
1365 2957 1623 3026 Herodes,
1653 2965 1774 3029 post
1791 2956 2053 3014 Herodem

2159 2968 2338 3038 λιστὴς
2369 2967 2578 3029 Λουκᾶς
2599 3006 2613 3029 ,
2639 2965 2733 3019 τὸν
2770 2965 2956 3036 χρόνον
2979 2964 3071 3017 τοῦ
3110 2965 3457 3035 κηρύγματος
3487 2962 3582 3016 τοῦ
3606 2963 3713 3015 Σω-

502 3069 632 3110 vero
661 3053 826 3110 etiam
861 3051 1116 3117 Romani,
1147 3052 1352 3122 absque
1395 3049 1623 3122 judicio,
1661 3051 1809 3106 nulla
1842 3058 2054 3106 servata

2159 3058 2318 3130 τῆρος
2341 3057 2496 3129 ἡμῶν
2529 3057 2877 3129 ὑπογράφων,
2917 3055 3272 3126 σημειοῦσθαι
3307 3054 3466 3108 τοῦτο
3487 3094 3506 3118 ,
3543 3054 3607 3107 δι’
3639 3046 3710 3106 ὧν

503 3146 642 3217 lege,
677 3145 936 3216 quosipsi
969 3144 1314 3216 probassent,
1343 3143 1630 3215 pontiﬁces
1669 3142 1950 3197 declarare
1976 3141 2056 3196 inv-

2159 3119 2320 3220 φησιν
2347 3119 2428 3201 σῃ(
2480 3151 2566 3203 Ἐν
2614 3119 2723 3202 ἔτει
2757 3119 3237 3218 ⁷πεντεκιιιιδεκάιιιῳ
3282 3147 3382 3216 τῆς
3422 3145 3711 3215 ἡγεμονίας

504 3239 820 3302 stituerunt,
845 3238 1070 3309 plebeiis
1098 3236 1424 3308 quibusdam
1452 3236 1589 3291 viris
1621 3242 1784 3306 atque
1809 3234 2056 3306 ignobili-

2159 3240 2405 3312 Τιϐερίου
2444 3241 2736 3312 Καίσαρος,
2767 3238 3187 3311 ἡγεμονεύοντος
3215 3237 3438 3290 Ποντίου
3479 3235 3711 3288 Πιλάτου

505 3332 608 3387 bus
652 3330 797 3385 hunc
829 3331 1090 3386 honorem
1140 3329 1455 3400 largientes,
1493 3326 1659 3398 idque
1700 3327 1936 3382 nominis
1966 3343 2056 3382 ve-

2159 3332 2255 3402 τῆς
2285 3333 2560 3397 Ἰουδαίας,
2585 3331 3018 3403 τετραρχοῦντων
3039 3330 3096 3384 δὲ
3129 3325 3386 3400 Ἡρώδου,
3414 3328 3509 3381 καὶ
3532 3326 3716 3378 Φιλίπ-

503 3422 626 3477 nale
655 3421 870 3485 habere,
903 3428 958 3475 et
989 3434 1293 3491 cauponum
1317 3432 1464 3472 more
1490 3431 1589 3486 pro
1612 3431 1678 3472 eo
1705 3417 1936 3486 pretium
1969 3431 2056 3470 ac-

2160 3439 2281 3484 που,
2301 3423 2392 3475 καλ
2404 3423 2686 3486 Λυσανίου,
2710 3423 2802 3474 ἐπὶ
2819 3420 3117 3492 ἀρχιερέως
3137 3420 3300 3471 Ἅννα
3321 3419 3416 3472 καὶ
3436 3418 3678 3485 Καῖάφα*
3691 3433 3708 3464 ι

507 3514 711 3583 cipere.
744 3506 906 3567 modo
954 3513 1076 3575 bos.
1119 3510 1280 3566 modo
1319 3510 1443 3566 illos
1464 3524 1644 3566 annua
1676 3509 1940 3580 dignitate
1964 3510 2056 3564 do-

2159 3513 2249 3566 δὺο
2270 3512 2375 3585 γάρ
2395 3509 2538 3567 οὗτοι
2563 3513 2701 3567 κατά
2719 3512 2778 3565 τὲ.
2790 3511 2920 3565 αὐτὸ
2941 3512 3216 3582 ἀρχιερεῖς
3240 3511 3355 3570 πῶς
3380 3509 3444 3562 ἃν
3471 3507 3720 3577 ἐγένοντο

507 3610 719 3659 nantes.
757 3603 1025 3670 Quocirca
1078 3609 1301 3660 sanctus
1347 3601 1685 3672 evangelista
1703 3599 1898 3665 Lucas,
1931 3599 2056 3654 dum

2160 3605 2193 3676 ἢ
2222 3604 2609 3676 καταλυθείσης
2635 3605 2732 3674 τῆς
2756 3603 2881 3674 περὶ
2909 3602 3016 3655 τῶν
3037 3600 3334 3673 ἀρχιερέων
3362 3599 3712 3670 νομοθεσίαςς

507 3697 865 3768 praedicanda:
897 3695 1202 3751 Salvatoris
1236 3695 1408 3748 nostri
1430 3693 1696 3749 doctrinm
1725 3700 1939 3763 tempus
1967 3691 2062 3746 de-

507 3789 835 3854 scribit,hoc
864 3789 1042 3859 ipsum
1073 3786 1206 3840 mihi
1235 3792 1428 3840 notare
1445 3783 1674 3849 videtur,
1693 3799 1817 3839 cum
1847 3785 1982 3837 aitu
2007 3783 2064 3837 ln

511 3898 654 3938 anno
669 3883 860 3952 quinto
883 3879 1097 3936 decimo
1113 3877 1325 3950 imperii
1355 3877 1560 3933 Tiberii
1584 3876 1840 3940 Caesaris,
1869 3891 2066 3946 procu‘

510 3983 664 4032 rante
675 3967 1670 4032 PontioPilatoJudaaam,tetrarcbiam
1689 3983 1816 4023 vero
1827 3968 2068 4023 obtinen-

510 4069 658 4124 tibus
669 4066 904 4128 Herode,
929 4072 982 4120 et
1009 4061 1338 4132 Pbilippo,et
1358 4059 1590 4132 Lysania
1613 4060 1715 4116 sub
1733 4061 2066 4130 principibus

513 4155 857 4213 sacerdotum
893 4151 1387 4222 AnnaetCaipha.»
1418 4151 1662 4222 Namque
1682 4153 1727 4184 "
1757 4151 1810 4204 hi
1833 4150 1944 4204 duo
1959 4166 2068 4220 quo

512 4245 730 4301 tandem
746 4251 905 4314 pacto
920 4243 1107 4298 eodem
1128 4249 1373 4314 tempore
1388 4243 1620 4298 fuissent
1638 4242 1942 4313 pontiﬁces,
1963 4243 2065 4296 nisi

513 4338 615 4408 legi
629 4352 747 4407 quae
762 4336 829 4391 de
853 4333 1201 4407 pontiﬁcibus
1220 4334 1428 4389 sancita
1453 4335 1649 4399 fuerat,
1667 4334 1749 4390 vis
1766 4335 1913 4389 illata
1937 4334 2071 4390 fuis-

515 4429 636 4484 set?
661 4427 823 4498 399
851 4425 977 4482 Haec
993 4425 1178 4481 eadem
1209 4425 1476 4496 Josephus
1507 4441 1722 4496 quoque
1748 4426 2066 4490 testificaris,

515 4521 596 4576 sic
615 4522 804 4578 scribit
831 4540 842 4574 :
873 4537 892 4572 ι
929 4516 1173 4574 Valerius
1186 4516 1406 4582 Gratus,
1435 4517 1802 4574 Romanorum
1833 4520 2066 4591 impera-

516 4627 761 4679 tor,cum
783 4611 978 4666 Anano
1001 4611 1244 4681 pontiﬁci
1266 4625 1481 4665 sacrum
1499 4627 1698 4668 munus
1725 4613 2064 4683 abrogasset,

515 4705 800 4764 lsmaelum
845 4703 1104 4774 Tupheba
1131 4704 1444 4773 pontificem
1475 4705 1791 4771 declaravit,
1823 4706 1911 4760 cui
1939 4707 2068 4761 item

517 4799 622 4871 ipsi
679 4812 804 4852 cum
859 4795 1002 4850 haud
1055 4790 1240 4852 multo
1274 4805 1396 4866 post
1442 4797 1703 4852 honorem
1761 4797 2070 4862 ademisset,

517 4893 861 4957 Eleazarum,
876 4889 1051 4944 Anani
1067 4889 1342 4959 ponti-ﬁcis
1364 4889 1552 4956 ﬁlium,
1575 4889 1884 4960 pontiﬁcem
1899 4900 2068 4946 creat.

519 4984 724 5039 Deinde
774 4999 918 5038 anno
966 4989 1186 5052 peracto
1234 4981 1378 5035 hunc
1421 4998 1637 5052 quoque
1675 4983 1871 5053 rejicit,
1899 4990 1954 5039 et
1984 4981 2072 5037 Si-

516 5073 690 5139 moni,
722 5072 958 5128 Cathimi
989 5071 1118 5134 ﬁlio,
1150 5071 1522 5140 pontiﬁcatum
1549 5071 1714 5126 tradit
1747 5090 1760 5126 :
1795 5071 1919 5126 huic
1939 5086 2076 5142 quo-

517 5183 624 5237 que
653 5182 762 5222 non
816 5167 938 5236 plus
966 5178 1150 5219 annuo
1191 5163 1397 5220 honore
1450 5163 1735 5235 perfuncto
1775 5165 1907 5219 abiit
1937 5171 2074 5220 tem-

517 5276 640 5328 pus,
671 5266 725 5314 et
749 5259 802 5313 in
834 5260 1010 5312 locum
1031 5257 1156 5326 ejus
1180 5257 1467 5328 Josephus,
1496 5257 1586 5326 qui
1621 5257 1784 5312 etiam
1817 5257 2074 5327 Caiphas,

519 5351 779 5406 suffectus
806 5359 909 5406 est.
949 5369 968 5404 ι
997 5349 1121 5404 Haec
1141 5351 1452 5406 necessario
1481 5349 1636 5420 posui
1663 5360 1881 5420 propter
1905 5350 2035 5404 illud
2059 5368 2074 5404 :

525 5461 544 5493 ι
588 5442 790 5498 Peribit
823 5444 1030 5506 unctio,
1067 5451 1121 5498 et
1144 5443 1413 5514 judicium
1446 5459 1552 5498 non
1576 5451 1660 5499 est
1693 5445 1743 5497 in
1776 5459 1860 5507 ea,
1905 5461 1926 5494 ι
1957 5458 2078 5514 quae

519 5549 622 5605 ego
648 5536 862 5605 quidem
895 5537 1131 5590 arbitror
1166 5537 1520 5592 indubitatam
1559 5535 2078 5592 demonstrationem

523 5627 741 5684 habere.
778 5625 872 5680 His
909 5627 1105 5681 deinde
1134 5629 1280 5683 addit
1318 5628 1617 5699 prophetia,
1655 5647 1672 5679 ι
1709 5627 1774 5683 Et
1803 5628 2076 5684 civitatem

626 5719 672 5751 ⁸⁸
698 5716 829 5771 Luc.
871 5734 950 5782 ιιι,
993 5721 1041 5772 ί.

2100 4470 2149 4530 ι)

2161 3695 2378 3759 Τούτοις
2406 3697 2532 3765 γοῦν
2557 3697 2646 3749 καὶ
2690 3694 2948 3766 Ἰώσηπος
2977 3691 3364 3765 ἐπιμαρτυρῶν
3389 3691 3564 3745 ταῦτα
3583 3692 3716 3760 γρά-

2165 3805 2252 3857 φει
2274 3805 2290 3818 ο
2321 3806 2338 3840 ι
2373 3787 2660 3857 Οὐαλέριος
2683 3788 2886 3858 Γράτος
2922 3788 3206 3858 Ῥωμαίων
3232 3786 3553 3859 στρατηγὸς,
3579 3787 3716 3840 παῦ-

2167 3896 2264 3944 σας
2298 3877 2650 3949 ἀρχιερᾶσθαι
2695 3881 2942 3945 Ἀνανον,
2982 3879 3266 3951 Ἰσμαῆλον
3294 3879 3554 3951 ἀρχιερέα
3586 3875 3719 3928 ἀπο-

2167 3971 2346 4040 φαίνει
2373 3969 2465 4022 τὸν
2490 3967 2768 4039 Τουφήϐα,
2791 3969 2885 4021 καὶ
2923 3969 3110 4022 τοῦτον
3139 3969 3254 4040 μετ’
3290 3970 3351 4022 οὐ
3380 3968 3512 4020 πολὺ
3551 3983 3716 4038 μεταο

2167 4062 2389 4131 στήσας,
2435 4057 2754 4128 Ἐλεάζαρον
2781 4058 2870 4110 τὸν
2901 4057 2996 4111 τοῦ
3049 4058 3264 4112 Ἀνάνου
3297 4056 3392 4110 τοῦ
3424 4058 3720 4129 ἀρχιερέως

2168 4151 2279 4205 υἱὸν
2308 4149 2680 4204 ἀποδείκνυσιν
2707 4150 2981 4220 ἀρχιερέα.
3027 4149 3299 4205 Ἐνιαυτοῦ
3330 4149 3386 4202 δέ
3414 4149 3720 4220 διαγενομέ-

2169 4262 2260 4298 νου
2306 4244 2400 4297 καὶ
2445 4243 2594 4296 τόνδε
2634 4241 2865 4306 παύσας,
2897 4242 3096 4312 Σίμωνι
3123 4242 3196 4314 τῷ
3226 4243 3472 4314 Καθίμου
3499 4244 3598 4314 τὴν
3623 4244 3719 4314 ἀρ-

2169 4337 2502 4412 χιερωσύνην
2550 4336 2928 4408 παραδίδωσιν.
2976 4337 3050 4390 Ού
3114 4335 3271 4390 πλέον
3328 4337 3382 4390 δέ
3436 4337 3532 4390 καὶ
3590 4335 3718 4404 τῷδε

2172 4428 2415 4485 ἐνιαυτοῦ
2442 4428 2538 4498 τὴν
2559 4427 2722 4497 τιμὴν
2747 4425 2924 4496 ἔχοντι
2951 4426 3218 4494 διεγένετο
3252 4427 3457 4498 χρόνος,
3482 4426 3577 4478 καὶ
3616 4425 3722 4477 Ἰὼ-

2174 4537 2361 4592 σηπος,
2394 4520 2423 4572 ὃ
2451 4535 2510 4572 τε
2545 4518 2814 4586 Καῖάφας.
2858 4516 3096 4586 διάδοχος
3139 4513 3206 4588 ἧν
3247 4517 3413 4587 αὐτῷ.
3474 4535 3494 4568 ι
3545 4515 3720 4571 Ταῦτα

2173 4612 2478 4682 ἀναγκαίως
2531 4609 2840 4682 παρεθέμην
2885 4609 2975 4662 διά
3013 4611 3094 4672 τὸ,
3131 4629 3148 4660 ι
3197 4609 3720 4683 Ἐξολοθρευθήσεται

2174 4707 2401 4778 χρίσμα,
2435 4705 2527 4759 καὶ
2548 4706 2722 4775 κρῖμα
2743 4703 2840 4756 οὐκ
2864 4703 3009 4757 ἐστιν
3037 4706 3092 4758 ἐν
3117 4702 3286 4774 αὐτῷ,
3326 4723 3344 4754 ι
3381 4705 3417 4757 ἃ
3443 4704 3540 4757 καὶ
3565 4703 3719 4775 ἡγοῦο

2182 4817 2278 4872 μαι
2300 4797 2690 4870 ἀναμφίλεκτον
2715 4796 2811 4869 τὴν
2835 4797 3106 4866 ἀπόδειξιν
3137 4796 3301 4869 ἔχειν.
3343 4797 3498 4868 Ἑξῆς
3523 4797 3726 4859 τούτοις

2179 4893 2341 4966 φησὶν
2383 4894 2416 4965 ἡ
2466 4891 2784 4964 προφητεία,
2827 4911 2844 4942 ι
2877 4892 2986 4945 Καὶ
3011 4891 3107 4964 τὴν
3149 4891 3323 4957 πόλιν,
3353 4891 3445 4945 καὶ
3477 4892 3540 4945 τὸ
3577 4891 3724 4960 ἅγιον

2177 4985 2472 5058 διαφθερεῖ,
2507 4985 2602 5038 σὺν
2628 4983 2706 5056 τῷ
2735 4985 3021 5056 ἡγουμένῳ
3060 4985 3138 5056 τῷ
3166 4985 3463 5057 ἐρχομένῳ.
3507 5005 3527 5037 ι
3565 4985 3724 5038 Ἔνθα

2179 5078 2340 5131 πάλιν
2369 5077 2458 5130 τὸν
2497 5074 2739 5148 Ἡρώδην
2782 5077 2965 5140 αὑτὸν,
2985 5077 3080 5132 καὶ⁴
3116 5079 3242 5140 τοὺς
3279 5077 3418 5148 μετά
3445 5079 3607 5131 αὑτὸν
3632 5079 3724 5148 ἀρ-

2181 5171 2376 5238 ξαντας
2407 5170 2465 5235 ἐξ
2483 5168 2774 5238 ἀλλοφύλου
2801 5169 2991 5238 γένους
3019 5168 3379 5240 ὑπολαμϐάνοι
3409 5167 3720 5239 δηλοῦσθαι·

2184 5265 2258 5326 ὡς
2277 5263 2383 5335 γὰρ
2409 5261 2659 5332 ἀνωτέρω
2680 5259 2925 5331 ὠνόμαζε
2951 5261 3214 5332 Χριστοὺς
3241 5260 3576 5331 ἡγουμένους
3609 5261 3726 5321 τοὺς

2184 5358 2474 5427 ἀρχιερεῖς,
2511 5354 2706 5423 λέγων,
2755 5373 2772 5406 ι
2821 5354 2924 5418 ἓως
2965 5353 3201 5426 Χριστοῦ
3223 5353 3554 5425 ἡγουμένου·
3593 5372 3614 5405 ι
3645 5353 3726 5406 τὸν

2183 5446 2344 5500 αὑτὸν
2373 5444 2571 5516 τρόπον
2612 5443 2748 5514 μετά
2781 5444 3021 5508 ἐκείνους
3063 5443 3154 5496 καὶ
3179 5444 3278 5516 τὴν
3320 5444 3542 5496 ἐκείνων
3571 5442 3728 5496 κατά-

2183 5550 2380 5588 παυσιν
2403 5534 2503 5587 οὐκ
2532 5532 2686 5596 ἀλλος
2714 5532 3010 5606 ἡγούμενος
3039 5534 3325 5606 ἐρχόμενος
3355 5534 3387 5605 ἢ
3420 5535 3450 5588 ό
3479 5533 3729 5605 δηλωθεὶς

2183 5627 2242 5693 ἐξ
2265 5626 2557 5696 ἀλλοφύλου
2595 5626 2804 5694 γένους,
2832 5627 2922 5680 καὶ
2943 5628 2991 5681 οἱ
3019 5628 3196 5682 λοιποὶ
3218 5629 3330 5682 ὅσοι
3351 5627 3578 5698 καθεξῆς
3603 5644 3700 5698 μετ
3717 5629 3730 5646 ‘
