3922 6200
248 262 349 316 623’

1053 259 1700 315 DEMONSTBATIONIS
1736 261 2186 317 EVANGELICIE
2223 262 2347 317 LIB.
2374 261 2503 317 VIII.

3346 262 3448 318 (320

242 376 480 437 ἐκείνους
520 374 789 443 ἡγήσαντο
827 372 917 425 τοῦ
952 372 1153 436 ἔθνους,
1181 374 1275 426 σὺν
1310 366 1389 436 οἷς
1416 372 1509 425 καὶ
1550 372 1663 444 μεθ’
1698 366 1780 425 ὧν,

1897 381 1951 426 et
1981 381 2228 428 sanctum
2262 372 2535 442 disperdet
2563 387 2686 426 cum
2721 370 2857 426 duce
2880 379 3124 426 venturo.
3166 391 3180 421 ι
3219 371 3321 426 Ubi
3350 388 3448 443 ego

237 465 476 538 ὡσπερεὶ
515 468 790 535 συνεργοῖς
833 462 1130 534 χρώμενος,
1164 466 1191 517 ὁ
1240 463 1522 535 μισόκαλος
1569 461 1793 514 καὶτῶν

238 558 460 629 ἀγαθῶν
498 557 749 627 φθορεὺς,
777 557 869 610 καὶ
890 554 987 627 τὴν
1018 555 1169 609 πόλιν
1192 556 1284 608 καὶ
1310 556 1371 608 τὸ
1401 556 1553 623 ἆγιον
1576 552 1793 621 διαφθε-

240 653 352 724 ρεῖν
396 651 630 720 εἴρηται.
676 648 785 700 Καὶ
825 646 932 719 γὰρ
967 646 1264 717 διέφθειρεν
1309 645 1521 717 ἀληθῶς
1549 645 1691 709 ἆτςαν
1734 643 1795 696 τὸ

237 742 408 805 ἔθνος,
442 740 564 793 τοτὲ
607 740 702 809 μὲν
725 738 821 809 τὴν
842 739 939 810 τῆς
970 738 1264 811 ἱερωσύνης
1286 737 1434 801 τάξιν
1460 738 1537 799 εἰς
1561 751 1794 805 παρανο-

240 837 364 907 μίαν
405 835 571 903 ἄγων,
601 833 721 886 τοτὲ
747 832 802 886 δὲ
835 832 926 885 τὸν
966 832 1141 884 πάντα
1168 831 1293 885 λαὸν
1320 830 1673 901 διαστρέφων,
1701 829 1793 883 καὶ

233 930 334 1001 τὴν
359 930 532 992 πόλιν,
567 927 708 980 οὕτω
738 926 844 979 τῶν
886 925 1114 979 πολιτῶν
1167 923 1545 995 μεταφορικῶς
1583 922 1794 993 ὠνομα-

236 1022 467 1093 σμένων,
494 1024 573 1083 είς
600 1018 848 1074 ἀσέϐειαν
882 1016 1517 1087 ἑκκαλούμενος.Συνᾲδει
1550 1015 1604 1068 δὲ
1634 1014 1792 1085 ἡμῶν

230 1117 297 1185 τῇ
344 1113 592 1166 ἀποδόσει
631 1111 725 1164 καὶ
765 1111 793 1160 ὁ
838 1109 1065 1173 Ἀκύλας
1106 1107 1290 1161 τοῦτον
1334 1107 1673 1179 ἑρμηνεύσας
1700 1108 1791 1159 τὸν

229 1200 450 1272 τρόπον’
493 1220 510 1250 ι
546 1200 653 1252 Καὶ
676 1199 772 1270 τὴν
788 1198 939 1251 πόλιν
979 1198 1153 1252 καὶτὸ
1187 1198 1336 1267 ἅγιον
1369 1197 1644 1268 διαφθερεῖ
1666 1196 1791 1259 λαὸς

227 1292 531 1363 ἡγουμένου
576 1290 889 1362 ἐρχομένου.
934 1310 951 1343 ι
988 1290 1061 1343 Ού
1093 1289 1249 1361 μόνον
1280 1290 1386 1360 γάρ
1413 1290 1441 1341 ὁ
1477 1290 1787 1361 ἐρχόμενος,

224 1386 256 1436 ό
281 1383 421 1437 κατά
448 1381 518 1435 τὰ
541 1366 906 1452 ἀποδεδομένα
944 1385 1074 1453 ἡμῖν
1114 1382 1369 1452 δηλωθεὶς
1394 1381 1659 1451 διέφθειρε
1692 1380 1788 1451 τὴν

229 1475 385 1528 πόλιν
426 1475 516 1528 καὶ
539 1474 600 1526 τὸ
632 1473 805 1542 ἅγιον,
832 1473 967 1526 ἀλλά
996 1474 1089 1527 καὶ
1111 1475 1136 1527 ὁ
1165 1473 1353 1527 τούτου
1383 1474 1527 1537 λαός.
1555 1474 1710 1527 Εἴποι
1743 1474 1786 1527 δ’

225 1567 294 1620 ἄν
336 1583 419 1629 τις
460 1566 557 1618 οὐκ
586 1564 695 1618 ἀπὸ
736 1564 938 1617 σκοποῦ
985 1565 1078 1617 καὶ
1114 1565 1202 1618 τὸν
1240 1564 1520 1637 Ῥωμαίων
1548 1566 1786 1635 ἡγεμόνα

223 1658 315 1711 διὰ
346 1658 451 1711 τῶν
479 1657 849 1729 προκειμένων
878 1657 1184 1727 δηλοῦσθαι,
1211 1658 1300 1711 τόν
1327 1676 1386 1710 τε
1415 1657 1602 1711 τούτου
1624 1653 1783 1716 λαξον,

1898 481 2087 520 rursus
2123 473 2176 519 et
2214 466 2387 533 ipsum
2420 462 2722 526 Herodem,
2756 470 2809 517 et
2838 478 2931 517 eos
2984 463 3074 532 qui
3125 471 3243 531 post
3275 462 3448 519 Hero-

1895 558 2016 611 dem
2044 572 2107 612 ex
2139 557 2315 611 alieno
2342 571 2537 627 genere
2561 555 2963 624 imperaverint,
2989 563 3115 624 puto
3139 537 3447 625 intelligen-

1895 650 1993 704 dos
2055 667 2068 703 :
2130 664 2253 702 nam
2309 647 2761 719 quemadmodum
2824 649 3074 717 superius
3133 649 3449 702 nominabat

1894 742 2139 797 (Ihristos
2169 740 2355 803 duces,
2391 755 2513 794 cum
2545 740 2600 794 in
2646 740 2755 795 illis
2784 741 2964 796 verbis
2992 741 3276 810 pontilices
3302 740 3449 795 dieeo

1894 840 2023 895 ret,c
2046 849 2215 903 usque
2232 833 2297 887 ad
2319 831 2594 886 Christum
2615 832 2826 897 ducem,
2854 852 2873 884 ι
2894 834 2966 888 ita
2986 841 3106 903 post
3121 848 3236 899 eos,
3254 841 3307 888 et
3325 839 3449 902 post

1892 942 2078 982 eorum
2140 928 2566 997 abrogationem,
2615 942 2721 981 non
2781 927 2922 982 alius
2970 928 3130 982 fuerit
3186 937 3447 982 venturus

1891 1037 2053 1090 quam
2091 1022 2137 1075 is
2171 1024 2261 1092 qui
2286 1023 2464 1078 dictus
2503 1030 2587 1079 est
2615 1038 2681 1077 ex
2711 1022 2887 1076 alieno
2914 1038 3130 1092 genere,
3160 1023 3450 1093 exterique

1890 1113 2199 1182 quicunque
2246 1122 2369 1184 post
2415 1115 2535 1169 illos
2587 1114 2843 1183 deinceps
2890 1114 3035 1182 genti
3090 1114 3443 1183 praefuerunt,

1889 1204 2087 1273 quibus
2119 1213 2372 1275 tanquam
2406 1205 2744 1275 adjutoribus
2778 1212 2955 1268 utens,
2983 1218 3086 1258 una
3108 1218 3231 1258 cum
3255 1206 3447 1261 iisdem

1890 1298 2006 1366 ipse
2060 1298 2271 1354 honesti
2322 1299 2574 1354 inimicus
2620 1298 2993 1368 bonorumque
3042 1306 3349 1369 corruptor,
3394 1307 3447 1354 et

1888 1390 2157 1445 civitatem
2204 1399 2257 1445 et
2308 1401 2553 1445 sanctqu
2602 1390 2912 1460 perditurus
2970 1389 3188 1443 dicitur.
3233 1388 3444 1443 Etenim

1888 1498 2012 1537 vere
2042 1483 2274 1553 perdidit
2322 1491 2487 1536 totam
2518 1493 2750 1554 gentem,
2786 1480 2945 1535 modo
2988 1481 3207 1550 quidem
3260 1496 3443 1535 sacer-

1887 1575 2020 1628 dotii
2054 1575 2296 1630 ordinem
2333 1582 2527 1645 praeter
2550 1576 2716 1645 legem
2742 1574 3089 1644 perturbans,
3126 1573 3285 1627 modo
3316 1589 3447 1627 vero

1889 1676 2142 1721 cunctum
2171 1668 2424 1739 populum
2449 1676 2781 1737 pervertens,
2801 1674 2855 1721 et
2876 1666 3146 1720 civitatem
3168 1663 3270 1735 (sic
3298 1664 3440 1719 enim

227 1751 295 1803 δι’
336 1745 397 1803 οὗ
424 1750 629 1821 νομίζω
660 1749 1015 1820 σημαίνεσθαι
1044 1750 1111 1803 τὰ
1135 1751 1465 1821 στρατόπεδα
1502 1748 1609 1802 τῶν
1654 1748 1780 1800 Ῥω-

1889 1760 2033 1813 cives
2083 1758 2307 1829 ﬁgurate
2347 1759 2718 1827 nominantur)
2734 1772 2979 1840 evocans
3008 1756 3071 1809 ad
3113 1756 3439 1825 impietatem

230 1843 402 1915 μαίων
432 1843 724 1914 ἀρχόντων.
742 1842 801 1906 ἑξ
829 1842 1035 1895 ἑκείνου
1061 1843 1445 1913 κρατησάντων
1465 1841 1557 1894 τοῦ
1575 1840 1779 1903 ἔθνους,

217 1934 271 1985 οἳ
292 1932 384 1985 καὶ
397 1932 492 2002 τὴν
508 1930 655 1984 πολιν
683 1930 850 2000 αὐτὴν
869 1926 1236 2005 Ἰερουσαλὴμ,
1268 1934 1360 1987 καὶ⁸
1390 1934 1479 1987 τὸν
1520 1932 1684 1985 πάλαι
1725 1935 1782 1984 ἑν

220 2027 363 2096 αὐτῇ
396 2026 588 2095 σεμνὸν
614 2025 708 2078 καὶ
732 2026 886 2094 ἅγιον
911 2025 1045 2078 νεὼν
1068 2025 1394 2097 διέφθειραν.
1427 2023 1559 2076 ’Υπὺ
1582 2022 1781 2075 τούτων

220 2118 356 2185 γοῦν
404 2118 497 2170 καὶ
529 2117 862 2188 ὲξεκόπησαν
906 2117 979 2181 ὡς
1022 2119 1078 2170 ὲν
1120 2114 1505 2185 κατακλυσμῷ,
1544 2114 1637 2169 καὶ
1681 2114 1783 2177 ἓως

218 2210 411 2273 τέλους
440 2209 674 2280 πολέμου
709 2211 1141 2282 συντετμημὲνου
1166 2211 1488 2280 ἀφανισμοῖς
1520 2207 1779 2277 ἔφθασαν,

218 2304 364 2357 ὥστε
390 2303 512 2374 ἠδη,
541 2302 677 2356 κατά
702 2304 798 2375 τὴν
841 2304 1193 2375 προφητείαν,
1232 2302 1464 2372 παντελῆ
1497 2302 1781 2371 ὑπομεῖναι

221 2398 456 2468 ἐρημίαν
495 2398 634 2449 κατᾶ
672 2396 769 2468 τὴν
808 2396 945 2449 κατὰ
976 2396 1068 2449 τοῦ
1110 2396 1356 2465 Σωτῆρος
1382 2393 1537 2465 ἡμῶν
1570 2393 1782 2448 ἐπιϐου-

219 2488 320 2558 λὴν
345 2487 545 2551 αὐτῶν,
574 2487 689 2557 μεθ’
724 2487 790 2556 ῆν
825 2488 917 2539 καὶ
950 2488 1048 2557 τὴν
1088 2487 1317 2556 ἐσχάτην
1354 2485 1648 2555 ὑπέμειναν
1686 2501 1781 2536 πο-

218 2578 484 2649 λιορκίαν.
526 2580 708 2647 Ἔχεις
738 2580 831 2631 καὶ
861 2578 1030 2631 ταῦτα
1059 2577 1299 2650 ἀκριϐῶς
1329 2580 1383 2629 ὲν
1411 2579 1528 2638 ταῖς
1555 2575 1782 2646 γραφεί-

220 2688 344 2734 σαις
386 2670 534 2740 αὐτῷ
574 2672 818 2741 Ἰωσήπῳ
861 2671 1132 2742 ἱστορίαις.
1166 2668 1379 2723 Τούτων
1409 2668 1464 2721 δὲ
1509 2668 1635 2739 περὶ
1675 2667 1781 2719 τῶν

220 2762 648 2833 συμϐεϐηκότων
698 2761 776 2831 τῷ
837 2761 1104 2814 Ἰουδαίων
1152 2761 1292 2813 ἔθνει
1339 2763 1395 2813 ἑν
1448 2759 1524 2831 τῷ
1578 2758 1778 2830 μεταξὺ

216 2855 399 2926 χρόνῳ
430 2854 535 2907 τῶν
566 2852 702 2906 ἑπτὰ
742 2854 834 2906 καὶ
877 2852 1138 2923 ἑξήκοντα
1177 2852 1268 2905 δύο
1304 2852 1607 2923 ἑϐδομάδων
1650 2868 1781 2921 προ-

219 2950 669 3022 πεφητευμὲνων,
711 2948 1017 3011 ἀκολούθως
1058 2950 1091 3018 ἡ
1144 2948 1371 3019 δήλωσις
1410 2946 1508 3016 τῆς
1555 2946 1657 2999 ὑπὸ
1686 2944 1777 2997 τοῦ

220 3041 473 3111 Σωτῆρος
497 3040 648 3110 ἡμῶν
670 3038 1128 3109 καταγγελθείσης
1164 3037 1356 3106 καινῆς
1384 3036 1655 3107 Διαθήκης
1690 3035 1777 3088 θε-

220 3133 492 3195 σπίζεται.
524 3131 801 3184 Τοσούτων
836 3131 964 3199 γοῦν
988 3130 1075 3184 διὰ
1105 3130 1266 3200 μέσου
1296 3129 1388 3182 καὶ
1433 3127 1632 3199 μεταξὺ
1671 3126 1779 3179 τῶν

219 3226 361 3279 ἑπτά
390 3227 483 3279 καὶ
509 3224 765 3296 ἑξήκοντα
789 3225 880 3277 δύο
913 3224 1218 3294 ἑϐδομάδων
1254 3224 1371 3293 είρη
1382 3222 1572 3291 μένων,
1600 3220 1781 3273 ἑπιλέ-

220 3335 403 3386 γεται’
440 3337 457 3369 ι
493 3318 599 3370 Καὶ
643 3316 947 3388 δυναμώσει
987 3315 1259 3385 Διαθήκην
1296 3314 1509 3376 πολλοῖς
1551 3312 1779 3383 ἑϐδομὰς

211 3411 340 3482 μία,
366 3410 459 3461 καί¹
490 3412 545 3462 ἑν
566 3409 641 3480 τῷ
665 3410 849 3479 ἡμίσει
872 3410 969 3479 τῆς
992 3407 1277 3477 ἑϐδομάδος
1306 3406 1601 3477 ἀρθήσεται
1622 3405 1778 3458 θυσία

207 3504 311 3558 καὶ
344 3501 562 3568 σπονδὴ,
599 3502 691 3555 καὶ
725 3502 816 3554 ἐπὶ
858 3501 919 3553 τὸ
955 3500 1095 3572 ἱερὸν
1127 3498 1397 3569 βδέλυγμα
1426 3498 1535 3550 τῶν
1562 3497 1778 3569 ἐρημώ-

209 3613 357 3649 σεων
387 3594 554 3657 ἔσται,
591 3595 682 3647 καὶ
715 3593 820 3656 ἑως
851 3592 1155 3654 συντελείας
1184 3590 1375 3662 καιροῦ
1412 3589 1684 3644 συντέλεια
1705 3590 1781 3642 δο-

205 3689 443 3756 θήσεται
489 3686 581 3738 ἐπὶ
625 3685 722 3755 τὴν
771 3686 1064 3756 ἐρήμωσιν.
1108 3705 1127 3737 ι
1174 3684 1304 3737 Τίνα
1344 3684 1400 3737 δὲ
1441 3684 1641 3755 τρόπον
1688 3686 1781 3737 καὶ

206 3778 386 3829 ταῦτα
439 3776 739 3847 ἐπληροῦτο
788 3777 1226 3846 κατανοήσωμεν.
1287 3776 1596 3845 Ἰστορείται
1647 3775 1702 3828 δὲ
1752 3776 1779 3827 ὁ

207 3869 321 3931 πᾶς
348 3868 448 3937 τῆς
471 3868 813 3932 διδασκαλίας
837 3869 927 3921 καὶ
944 3866 1389 3938 παραδοξοποιίας
1406 3867 1540 3937 ὁμοῦ
1567 3866 1659 3920 τοῦ
1675 3867 1784 3919 Σω-

205 3958 385 4029 τῆρος
411 3960 565 4029 ἡμῶν
593 3959 779 4030 χρόνος
820 3960 985 4031 τριῶν
1010 3959 1178 4029 ἥμισυ
1205 3957 1441 4025 γεγονὼς
1466 3958 1621 4021 ἑτῶν,
1644 3959 1779 4029 ὅπερ

205 4053 364 4105 ἐστιν
438 4052 727 4123 ἑϐδομάδος
782 4053 971 4121 ἥμισυ.
1032 4050 1201 4103 Τοῦτό
1259 4069 1377 4114 πως
1439 4051 1688 4120 Ἰωάννης
1752 4052 1780 4103 ὁ

203 4143 602 4214 εὐαγγελιστὴς
643 4143 885 4214 ἀκριϐῶς
929 4144 1209 4212 ἐφιστᾶσιν
1233 4144 1394 4196 αὑτοῦ
1422 4143 1499 4214 τῷ
1536 4144 1777 4211 Εὐάγγε-

204 4237 310 4306 λίῳ
339 4238 694 4307 παραστήσει.
726 4236 824 4304 Εἴη
853 4236 917 4289 ἂν
945 4232 1036 4290 οὖν
1062 4235 1291 4306 ἑϐδομὰς
1322 4237 1456 4289 ἑτῶν
1494 4236 1587 4307 μία
1618 4238 1645 4288 ὁ
1672 4237 1778 4298 πᾶς

204 4328 405 4399 χρόνος
424 4328 523 4397 τῆς
552 4328 688 4398 μετά
722 4328 827 4382 τῶν
853 4328 1160 4382 ἀποστόλων
1184 4328 1346 4382 αὑτοῦ
1380 4330 1771 4401 συνδιατριϐἦς,

1882 1859 1937 1907 et
1965 1850 2149 1917 nefas;
2187 1852 2312 1906 huic
2339 1860 2519 1906 autem
2548 1848 2989 1905 commentationi
3016 1856 3213 1904 nostrae
3248 1847 3441 1917 Aquila

1884 1958 2099 2013 quoque
2146 1943 2463 2005 concordat,
2510 1945 2602 2013 qui
2635 1944 3021 2013 interpretatus
3063 1948 3146 1997 est
3198 1941 3252 1994 in
3297 1939 3441 1994 hunc

1884 2034 2102 2088 modum
2125 2051 2137 2085 :
2175 2052 2191 2085 ι
2232 2034 2296 2088 Ει
2325 2035 2598 2089 civitatein
2623 2043 2676 2089 et
2698 2043 2948 2089 sanctum
2974 2034 3248 2103 disperdet
3269 2047 3439 2103 popu-

1884 2125 1968 2180 Ius
1997 2125 2152 2182 ducis
2175 2126 2410 2181 venturi.
2456 2145 2474 2177 ι
2511 2124 2626 2179 Νοιι
2671 2120 2845 2179 solum
2886 2127 3029 2180 enim
3058 2125 3148 2194 qui
3180 2134 3439 2179 venturus

1884 2216 1984 2271 fuit
2012 2218 2143 2279 dux,
2178 2233 2335 2287 quem
2377 2233 2477 2272 nos
2516 2217 2797 2287 superiore
2823 2217 3160 2286 expositione
3194 2214 3438 2285 prodidi-

1883 2324 2026 2372 mus,
2050 2310 2291 2379 corrupit
2309 2309 2584 2364 civitatem
2608 2317 2661 2364 et
2687 2319 2958 2374 sanctum,
2983 2309 3075 2364 sed
3099 2309 3261 2362 etiam
3292 2308 3438 2362 illius

1884 2402 2113 2471 populus
2148 2422 2162 2458 :
2199 2410 2457 2472 praeterea
2489 2418 2596 2457 non
2646 2402 2876 2457 forsitan
2920 2401 3186 2473 quispiam
3218 2416 3247 2453 a
3288 2408 3438 2454 recto

1882 2491 2213 2547 aberraverit
2248 2492 2292 2547 si
2323 2492 2561 2557 dixerit,
2587 2493 2748 2548 etiam
2782 2491 3082 2545 Romanum
3115 2491 3305 2546 ducem
3343 2490 3447 2545 iis-*

1881 2583 2000 2637 dem
2038 2583 2218 2638 verbis
2251 2584 2544 2654 designari,
2575 2584 2803 2654 ejusque
2832 2583 2989 2639 ducis
3026 2582 3305 2654 populum.
3335 2579 3439 2637 Per

1881 2691 1999 2743 quae
2028 2677 2262 2730 arbitror
2283 2676 2576 2748 signiﬁcari
2604 2677 2879 2731 exercitus
2902 2675 3271 2730 Romanorum
3298 2675 3441 2744 prin-

1882 2768 2080 2837 cipum,
2126 2769 2217 2839 qui
2251 2785 2313 2823 ex
2366 2769 2458 2823 illo
2508 2776 2752 2838 tempore
2799 2768 2976 2839 gentis
3020 2766 3305 2837 imperium
3354 2775 3438 2821 te-

1878 2879 2067 2922 nuere.
2100 2863 2301 2933 quique
2332 2863 2604 2919 civitatem
2639 2862 2812 2933 ipsam
2857 2859 3180 2923 Jerusalem,
3213 2867 3266 2914 et
3294 2860 3347 2913 in
3376 2874 3439 2913 ea

1880 2952 2151 3024 quondam
2186 2953 2492 3008 venerabile
2525 2961 2578 3007 et
2602 2963 2848 3007 sanctum
2891 2952 3147 3022 templum
3182 2965 3439 3019 corrupe-

1807 3087 1851 3145 Ο
1882 3055 2027 3102 runt.
2079 3046 2354 3116 Siquidem
2386 3047 2453 3100 ab
2496 3048 2562 3102 iis
2588 3047 2750 3101 etiam
2795 3046 2965 3101 excisi
2997 3053 3125 3100 sunt
3181 3052 3443 3114 tanquam

1884 3136 1937 3190 in
1972 3137 2197 3201 diluvio,
2229 3145 2282 3192 et
2331 3153 2501 3206 usque
2529 3138 2594 3192 ad
2626 3137 2782 3191 ﬁnem
2816 3136 2938 3190 belli
2976 3136 3030 3189 in
3058 3135 3435 3204 compendium

1882 3228 1986 3282 arti
2023 3228 2307 3283 itineribus
2331 3243 2621 3297 pervenere
2646 3267 2659 3290 ,
2693 3242 2865 3296 uSque
2893 3226 3027 3281 adeo
3064 3233 3144 3289 ut,
3179 3227 3439 3296 quemado

1882 3318 2099 3372 modum
2130 3319 2409 3388 prephetia
2432 3318 2666 3381 dixerat,
2690 3325 2988 3373 extremam
3013 3325 3127 3370 tum
3153 3314 3298 3384 passi
3330 3314 3439 3370 sint

1882 3412 2247 3477 solitudinem,
2311 3417 2430 3481 post
2482 3410 2721 3479 ipsorum
2766 3408 3003 3464 nefarias
3049 3407 3211 3480 m
3252 3414 3437 3461 contra

1884 3502 2213 3557 Salvatorem
2280 3510 2524 3556 nostrum
2566 3502 2824 3568 insidias;
2886 3516 3009 3554 nam
3053 3506 3340 3569 postquam
3386 3498 3437 3551 id

1885 3596 2055 3648 moliti
2118 3604 2265 3660 sunt,
2313 3604 2605 3649 extremam
2630 3608 2760 3648 sane
2785 3592 3120 3647 obsidionem
3151 3593 3437 3661 pertulere.

1882 3686 2004 3740 Ilaec
2033 3701 2249 3756 quoque
2285 3687 2398 3755 ipsa
2427 3687 2757 3740 adamussim
2787 3686 3064 3754 explorata
3094 3683 3260 3738 habes
3288 3683 3343 3736 in
3374 3683 3441 3736 iis

1880 3775 2306 3845 quasJosephus
2338 3776 2557 3845 scripsit
2584 3775 2847 3830 historiis.
2876 3775 3141 3829 Cteterum
3173 3787 3297 3827 cum
3329 3771 3441 3827 hanc

1880 3868 1946 3922 de
1970 3869 2038 3923 iis
2070 3886 2189 3938 quae
2222 3869 2543 3923 intermedio
2566 3885 2636 3923 vn
2660 3877 2713 3922 et
2743 3883 2851 3921 Lxu
2879 3864 3276 3920 hebdomadum
3301 3870 3443 3917 tem-

1878 3976 2009 4030 pore
2050 3960 2288 4016 Iudaica:
2342 3962 2489 4031 genti
2544 3960 2897 4019 acciderunt.
2954 3974 3052 4029 per
3100 3957 3438 4028 prophetiam

1880 4055 2135 4123 prtedicla
2159 4056 2288 4118 sint,
2318 4054 2508 4108 ordine
2530 4052 2786 4123 deinceps
2810 4051 2942 4106 Novi
2975 4066 3070 4122 per
3102 4051 3439 4106 Salvatorem

1880 4155 2125 4198 nostrum
2169 4144 2527 4200 denuntiandi
2561 4143 2893 4200 Testamenti
2929 4143 3256 4213 signiﬁcatio
3284 4142 3439 4198 cani-

1878 4244 1985 4289 tnr.
2018 4235 2160 4306 Ergo
2192 4237 2282 4290 ubi
2329 4247 2434 4290 tam
2474 4237 2641 4291 multa
2690 4237 2743 4290 in
2786 4236 2963 4290 medio
2987 4236 3126 4289 inter
3155 4242 3358 4305 septem
3387 4243 3438 4287 et

1879 4328 2158 4398 sexaginta
2190 4329 2327 4385 duas
2363 4329 2730 4384 hebdomadas
2755 4329 2901 4384 dicta
2926 4336 3073 4392 sunt,
3103 4335 3216 4381 tum
3248 4325 3441 4395 adjun-

202 4423 233 4472 ὄ
263 4438 323 4472 τε
352 4421 458 4489 πρὸ
496 4420 589 4473 τοῦ
628 4420 831 4483 πάθους
855 4420 946 4473 καὶ
970 4422 997 4472 ό
1026 4420 1163 4489 μετὰ
1189 4422 1286 4491 τὴν
1316 4423 1379 4474 ὲκ
1406 4420 1611 4492 νεκρῶν
1645 4421 1772 4473 ἀνά-

1882 4423 2022 4490 gitur
2055 4441 2067 4477 :
2104 4442 2120 4474 ‹
2166 4421 2228 4475 Ει
2258 4422 2601 4477 conﬁrmabit
2642 4433 2857 4493 pactum
2890 4421 3077 4477 multis
3105 4420 3440 4476 hebdomada

205 4529 403 4565 στασιν
450 4512 632 4566 αὐτοῦ.
673 4514 784 4584 Πρὸ
814 4514 909 4584 μὲν
935 4514 1041 4585 γὰρ
1066 4513 1158 4566 τοῦ
1190 4514 1389 4577 πάθους
1413 4514 1504 4567 ἑπὶ
1527 4513 1652 4585 τρία
1682 4515 1775 4568 καὶ

200 4606 383 4674 ἣμισυ
424 4604 518 4674 ἔτη
556 4607 668 4667 toi;
708 4608 870 4658 πᾶσιν
911 4606 1099 4659 ἑαυτὸν
1138 4606 1390 4677 παρέχων
1425 4607 1687 4677 μαθηταῖς
1713 4625 1774 4661 τε

202 4694 305 4747 καὶ
330 4695 444 4756 τοῖς
476 4694 549 4764 μὴ
575 4696 830 4760 τοιούτοις
852 4698 1279 4769 ἀναγέγραπταιο
1311 4698 1428 4752 καθ’
1454 4700 1511 4753 ὃν
1532 4700 1775 4753 διδασκα-

200 4787 352 4849 λίαις
391 4789 709 4859 παραδόξοις
742 4807 799 4843 τε
842 4790 1177 4862 θεραπείαις,
1203 4795 1300 4863 τῆς
1329 4794 1577 4863 θεότητος
1611 4795 1772 4847 αὑτοῦ

198 4879 317 4943 τὰς,
338 4880 596 4951 δυνάμεις
623 4886 785 4937 πᾶσιν
821 4883 1009 4949 ἁπλῶς
1038 4885 1258 4957 Ἕλλησί
1284 4905 1343 4939 τε
1373 4888 1465 4940 καὶ
1504 4888 1774 4951 Ἰουδαίοις

202 4970 533 5043 παρείχετο⁸
566 4974 701 5043 μετά
748 4975 804 5027 δὲ
845 4976 943 5046 τὴν
976 4977 1040 5029 ἐκ
1088 4978 1296 5049 νεκρῶν
1344 4979 1638 5031 ἀνάστασιν
1681 4981 1771 5033 τὸν

201 5066 344 5125 ἴσον,
379 5065 453 5127 ὼς
482 5066 776 5130 είκδς,τῶν
800 5069 937 5121 ἑτῶν
957 5069 1143 5140 χρόνον
1163 5074 1274 5134 τοῖς
1292 5071 1483 5123 ἑαυτοῦ
1508 5072 1771 5143 μαθηταῖς

198 5157 300 5209 καὶ
329 5157 643 5222 ἀποστόλοις
662 5159 848 5229 συνῆν,
866 5160 931 5213 δι’
952 5162 1169 5233 ἡμερῶν
1183 5164 1586 5233 τεσσαράκοντα
1605 5166 1772 5217 ὀπτα·-

198 5247 429 5317 νόμενος
444 5249 643 5315 αὐτοῖς,
664 5252 756 5303 καὶ
783 5253 1061 5318 συναυλιζό
1068 5257 1344 5324 μενος,καὶ
1360 5254 1533 5322 λέγων
1560 5255 1627 5308 τὰ
1644 5258 1771 5326 περὶ

197 5339 302 5407 τῆς
326 5339 602 5409 βασιλείας
620 5343 712 5397 τοῦ
738 5343 894 5408 Θεοῦ,
913 5346 987 5408 ὡς
1013 5346 1143 5414 γοῦν
1164 5349 1218 5399 αι
1244 5347 1476 5418 Ιῐράξεις
1501 5348 1607 5400 τῶν
1638 5350 1770 5401 ἀπο-

202 5431 406 5485 στόλων
436 5434 773 5503 περιέχουσιν
789 5453 803 5466 ο
831 5436 906 5498 ὡς
932 5431 1069 5489 εἶναι
1094 5438 1296 5506 ταύτην
1317 5438 1411 5509 τὴν
1436 5439 1768 5510 δηλουμένην

200 5524 298 5593 τῆς
335 5526 670 5596 προφητείας
707 5527 814 5580 τῶν
853 5528 987 5581 ἑτῶν
1033 5529 1319 5599 ἑϐδομάδα,
1348 5532 1468 5583 καθ’
1499 5531 1563 5601 ἢν
1596 5531 1770 5583 ἐνεδυ-

198 5617 422 5684 νάμωσε
452 5617 724 5693 Διαθήκην
751 5619 979 5683 πολλοῖς,
1010 5621 1104 5691 τὴν
1132 5622 1321 5692 καινὴν
1350 5622 1545 5693 δηλαδὴ
1575 5622 1769 5693 Διαθῆ-

200 5723 301 5775 κην
334 5708 425 5761 τοῦ
468 5709 815 5777 εὐαγγελικοῦ
849 5712 1199 5783 κηρύγματος
1228 5712 1525 5783 κρατύνων.
1556 5713 1676 5766 Τίσι
1713 5714 1767 5767 δὲ

1879 4531 2006 4574 una.
2038 4522 2091 4569 et
2122 4515 2175 4569 in
2205 4514 2383 4569 medio
2414 4513 2771 4569 hebdomadis
2801 4513 3077 4569 auferetur
3108 4510 3439 4567 sacriﬁcium

1876 4615 1929 4660 et
1960 4607 2164 4670 Iibatio,
2213 4615 2266 4660 et
2295 4605 2348 4659 in
2398 4606 2601 4675 templo
2656 4605 2987 4659 abominatio
3046 4603 3438 4659 desolationum

1876 4698 1997 4760 erit,
2030 4706 2083 4752 et
2121 4712 2294 4759 usque
2346 4696 2413 4750 ad
2460 4696 2980 4751 consummationem
3016 4694 3278 4765 temporis
3309 4707 3442 4747 eon-

1875 4788 2163 4843 summatio
2188 4788 2404 4843 dabitur
2435 4787 2489 4841 in
2523 4786 2936 4842 desolationem.
2976 4807 2993 4838 ι
3033 4786 3138 4842 Sed
3179 4785 3292 4855 jam
3327 4785 3440 4838 hate

1875 4896 2113 4952 quonam
2168 4889 2326 4951 pacto
2367 4880 2631 4949 completa
2690 4881 2820 4943 sint,
2882 4879 3250 4949 exploremus.
3297 4873 3441 4930 Sane

1875 4973 2146 5041 proditum
2175 4978 2261 5026 est
2291 4972 2566 5026 memoria:
2603 4986 2764 5025 omne
2791 4971 3053 5023 doctrinm
3092 4966 3443 5023 eruditionis-

1874 5080 1980 5134 que
2028 5064 2412 5119 miraculorum
2465 5062 2763 5117 Salvatoris
2795 5062 2968 5116 nostri
3002 5068 3237 5130 tempus,
3272 5058 3438 5113 trium

1874 5171 2139 5209 annorum
2172 5162 2229 5210 et
2262 5154 2427 5210 semis
2464 5154 2633 5210 fuisse
2660 5174 2673 5208 :
2706 5153 2849 5224 quod
2877 5153 3093 5223 quidem
3114 5160 3196 5207 est
3232 5149 3438 5205 hebdo-

1875 5248 2048 5302 madis
2085 5249 2246 5302 unius
2279 5248 2587 5303 dimidium.
2622 5247 2736 5302 IIoe
2782 5248 2959 5318 ipsum
3003 5246 3238 5317 quodam
3280 5241 3442 5298 modo

1872 5341 2107 5396 Joannes
2155 5342 2482 5423 evangelista
2530 5338 2887 5397 attentissime
2932 5339 3053 5408 ejus
3087 5334 3439 5407 Evangelium

1873 5431 2291 5487 observantibus
2326 5432 2646 5487 declarabit.
2678 5430 2794 5485 Erit
2823 5430 2987 5502 igitur
3016 5428 3316 5485 hebdomas
3344 5442 3441 5481 an«

1874 5540 2066 5579 norum
2103 5539 2210 5578 una
2239 5540 2400 5579 omne
2434 5535 2667 5595 tempus,
2701 5525 2848 5593 quod
2878 5536 3002 5578 cum
3034 5520 3296 5591 apostolis
3326 5526 3444 5575 suis

1874 5626 2121 5674 versatus
2155 5626 2257 5681 est,
2307 5626 2421 5672 tum
2455 5627 2745 5688 antequam
2776 5633 2977 5691 passus
3005 5624 3109 5680 est,
3139 5624 3255 5670 tum
3292 5621 3446 5683 post-

1870 5729 2033 5783 quam
2077 5712 2144 5768 de
2173 5719 2347 5767 morte
2378 5712 2443 5767 ad
2480 5710 2645 5766 vitam
2676 5717 2944 5780 revenit;
2974 5724 3096 5763 nam
3126 5705 3270 5777 quod
3297 5712 3454 5758 ante-
