3868 6196
228 209 313 266 629
1064 194 1746 269 IDEMONSTRATIONIS
1784 208 2242 266 EVANGELICE
2294 207 2402 262 LIB
2464 206 2595 263 Vill.

3321 207 3424 260 650

225 330 359 395 τῆρος
403 324 566 395 ἡμῶν
600 324 1039 397 ἐπιτελουμένης,
1079 329 1165 382 διὰ
1193 331 1292 401 τὴν
1332 331 1498 385 είσέτι
1536 332 1655 385 τότε
1698 332 1762 385 τὰ

1867 340 1980 388 stra
2022 331 2236 387 deserta
2274 330 2343 396 η,
2379 349 2397 381 ι
2440 328 2585 399 quod
2619 326 2839 397 quidem
2887 328 3063 397 ipsum
3098 327 3424 401 completum

221 415 308 470 τῶν
332 415 505 483 ἁγίων
532 417 712 470 τόπων
739 418 1019 488 ἐφορῶσαν
1043 419 1289 491 δύναμιν,
1325 422 1763 494 περιαιρεθείσης

216 507 260 559 δὲ
282 506 476 559 αὐτίκα
514 506 653 578 μετὰ
680 509 782 580 τὴν
807 509 967 563 αὑτοῦ
1000 511 1207 566 τελείαν
1240 512 1331 566 καὶ
1366 513 1638 585 θεοπρεπῆ
1671 514 1764 566 θυ-

216 597 335 659 σίαν,
369 600 436 668 ἣν
472 600 844 669 προσήνεγκεν
884 601 1044 665 αὐτὸς
1067 603 1255 656 ἑαυτὸν
1288 602 1427 674 ὑπὲρ
1458 603 1565 656 τῶν
1587 605 1765 675 ἁμαρ-

213 690 323 743 τιῶν
347 691 527 761 ἡμῶν,
558 692 717 757 αὐτὸς
749 693 826 747 ὣν
867 697 894 748 ὁ
926 695 1093 765 ἀμνὸς
1121 694 1215 749 τοῦ
1248 695 1403 759 Θεοῦ,
1426 697 1454 749 ό
1478 697 1645 767 αἴρων
1668 697 1767 768 τὴν

211 783 469 853 ἁμαρτίαν
481 783 575 837 τοῦ
592 785 819 855 κόσμου,
847 780 914 857 ἦς
929 786 1116 851 θυσίας
1131 790 1294 841 πᾶσιν
1309 787 1612 859 ἀνθρώποις
1629 787 1768 841 κατὰ

208 873 265 927 τὰ
290 875 460 928 καινὰ
490 877 762 947 μυστήρια
786 880 886 949 τῆς
912 881 1101 949 καινῆς
1145 879 1416 950 Διαθήκης
1457 878 1771 949 παραδοθείο

209 984 314 1038 σης,
338 967 409 1021 τὰ
437 971 538 1039 τῆς
571 967 805 1033 παλαιᾶς
838 968 1154 1041 περιῄρητο.
1192 970 1357 1040 Ὁμοῦ
1395 969 1503 1041 γὰρ
1533 968 1610 1039 τῷ
1633 970 1763 1040 πλη-

207 1058 421 1131 ροῦσθαι
455 1061 517 1114 τὸ
539 1061 747 1131 φάσκον
775 1060 969 1131 λόγιον,
1010 1081 1028 1113 ι
1059 1062 1166 1115 Kal
1186 1061 1767 1133 δυναμώσειΔιαθήκην

204 1153 408 1218 πολλοῖς
429 1154 663 1226 ἑϐδομὰς
685 1153 904 1227 μία,ιτὰ
924 1154 1023 1224 τῆς
1044 1154 1275 1217 παλαιᾶς
1293 1154 1563 1225 Διαθήκης
1579 1153 1769 1224 περιῄ-

208 1260 346 1313 ρητο.
361 1262 382 1296 ι
402 1245 541 1313 Πότε
556 1246 612 1299 δὲ
629 1246 695 1299 τὰ
710 1247 807 1317 τῆς
822 1246 1089 1318 Διαθήκης
1102 1246 1200 1316 τῆς
1214 1246 1406 1315 καινῆς
1424 1243 1766 1314 ἐδυναμοῦτο,

203 1337 348 1407 ἢότε
376 1341 406 1391 ό
445 1339 639 1410 Σωτὴρ
665 1340 760 1392 καὶ
799 1338 1002 1411 Κύριος
1033 1338 1209 1409 ἡμῶν,
1255 1337 1460 1408 μέλλων
1497 1336 1667 1389 τελεῖν
1708 1335 1768 1387 τὸ

207 1429 340 1499 μέγα
385 1433 682 1502 μυστήριον
711 1432 813 1501 τῆς
837 1434 915 1495 είς
944 1431 1036 1484 τὸν
1069 1431 1293 1484 θάνατον
1319 1429 1483 1484 αὑτοῦ
1514 1429 1765 1501 παρόδου,

202 1514 233 1591 ᾖ
277 1521 435 1573 νυκτὶ
495 1520 825 1592 παρεδίδοτο,
859 1521 927 1574 τὰ
982 1520 1224 1591 σύμϐολα
1277 1519 1385 1572 τῶν
1429 1523 1549 1574 κατ’
1604 1518 1767 1572 αὑτὸν

202 1611 524 1682 ἀπορρήτων
567 1612 668 1681 τῆς
718 1612 911 1681 καινῆς
955 1612 1227 1683 Διαθήκης
1257 1611 1428 1680 λόγων
1461 1614 1572 1675 τοῖς
1603 1611 1767 1665 αὑτοῦ

204 1701 482 1771 παρεδίδου
520 1702 626 1771 μαθ
639 1706 824 1774 ηταῖς;
857 1702 990 1774 ὁμοῦ
1011 1703 1119 1774 γὰρ
1149 1702 1299 1756 ταῦτ’
1330 1703 1580 1767 ἐτελεῖτο,
1616 1704 1708 1757 καὶ
1734 1705 1765 1775 ἡ
1798 1743 1840 1798 Β

204 1793 328 1846 κατὰ
355 1796 602 1849 Μωῦσέα
636 1796 837 1849 παλαιά
864 1796 1104 1868 Διαθήκη
1133 1796 1449 1868 περιῄρητο,
1483 1797 1619 1868 ὅπερ
1644 1798 1763 1869 ἐδή-

205 1884 282 1937 λου
311 1885 372 1937 τὸ
414 1888 814 1959 καταπέτασμα
858 1888 950 1941 τοῦ
976 1888 1126 1952 ναοῦ,
1167 1888 1306 1941 κατὰ
1339 1888 1430 1941 τὸν
1477 1889 1636 1943 αὑτὸν
1667 1892 1764 1960 ρη-

203 1977 458 2048 γνύμενον
504 1980 715 2050 χρόνον.
776 1979 1057 2051 ’Ᾱρθείσης
1103 1980 1232 2049 γοῦν
1279 1980 1338 2046 ἐξ
1379 1981 1622 2044 ἐκείνου,
1668 1982 1763 2034 καὶ

202 2069 418 2139 δυνάμει
446 2071 545 2123 καὶ
585 2071 810 2143 ἀληθείᾳ
841 2071 1233 2143 καταλυθείσης
1259 2072 1448 2136 θυσίας
1474 2074 1567 2127 καὶ
1604 2090 1765 2127 σπον-

202 2159 302 2229 δῆς,
330 2162 386 2212 al
431 2160 574 2231 μετὰ
600 2161 772 2215 ταῦτα
798 2161 1142 2233 νομιζόμεναι
1170 2164 1356 2217 αὐτόθι
1402 2165 1763 2218 ἐπιτελεῖσθαι

204 2249 373 2303 θυσίαι
400 2252 661 2305 ἄσπονδοι
688 2254 781 2307 κα)⁵
812 2253 1014 2324 ἀνίεροι
1048 2256 1103 2307 ἐν
1138 2252 1346 2325 βεϐήλῳ
1371 2255 1522 2325 τόπῳ
1548 2255 1639 2309 καὶ
1661 2256 1764 2308 ὑπὸ

206 2340 437 2413 βεϐήλων
473 2345 569 2397 καὶ
606 2345 833 2416 ἀνιέρων
866 2346 1234 2401 ἐπετελοῦντο.
1271 2347 1432 2417 Δέχου
1461 2347 1517 2401 δὲ
1552 2347 1764 2411 καὶτὰς

206 2436 567 2506 περὶτούτων
617 2439 875 2509 Ἰωσήπου
932 2440 1260 2511 μαρτυρίαςο
1303 2439 1503 2493 «Κατὰ
1556 2440 1613 2492 δέ
1666 2439 1763 2511 τὴν

206 2526 403 2599 ⁴ἡμέραν
436 2528 539 2598 τῆς
571 2529 946 2601 Πεντηκοστῆς
970 2530 1184 2603 νύκτωρ
1210 2533 1260 2584 oi
1284 2533 1448 2603 ἱερεῖς
1476 2531 1765 2603 παρελθόν-

204 2639 284 2686 τες
329 2625 410 2687 είς
454 2623 516 2676 τὸ
557 2623 719 2694 ἱερὸν,
753 2623 940 2695 ὥσπερ
982 2624 1164 2688 αὐτοῖς
1210 2624 1329 2688 ἔθος
1373 2621 1461 2695 ῆν,
1496 2626 1629 2697 πρὸς
1666 2624 1764 2689 τὰς

204 2714 557 2785 λειτουργίας,
586 2715 798 2786 πρῶτον
835 2717 931 2788 μὲν
959 2718 1225 2788 κινήσεως
1256 2718 1458 2787 ἔφασαν
1503 2718 1762 2789 ἀντιλαμ-

207 2804 455 2859 ϐάνεσθαι
487 2805 583 2859 καὶ
619 2806 826 2859 κτύπου
846 2824 860 2837 ο
897 2807 1031 2878 μετὰ
1069 2808 1124 2862 δέ
1149 2807 1321 2862 ταῦτα
1353 2811 1535 2880 φωνῆς
1562 2808 1763 2880 ἀθρόας

206 2894 475 2966 λεγούσης·
503 2897 953 2967 Μεταϐαίνωμεγ
978 2897 1302 2954 ἐντεῦθεν.)
1327 2898 1511 2951 Ταῦτα
1542 2898 1598 2951 δὲ
1624 2900 1763 2952 ίστο-

211 2989 282 3057 ρεῖ
310 2986 449 3057 μετά
465 2986 527 3040 τὸ
550 2988 719 3051 πάθος
751 2989 842 3042 τοῦ
875 2990 1123 3061 Σωτῆρος
1149 2988 1304 3060 ήμῶν
1330 2990 1629 3059 γεγονέναι.
1652 2991 1761 3044 Kal

1865 431 1951 478 est
1978 438 2086 492 quo
2119 431 2360 490 tempore
2390 419 2517 473 dum
2565 418 2653 473 ille
2684 418 2835 471 cruci
2887 417 3076 471 ailixus
3108 424 3212 481 cst,
3246 416 3425 471 vclum

1866 515 2049 585 templi
2085 514 2319 568 medium
2355 519 2470 564 toto
2498 511 2712 581 penitus
2757 510 3057 564 altitudinis
3095 524 3207 563 sua)
3252 511 3427 578 spatio

1867 606 2099 661 scissum
2147 612 2252 669 est,
2287 604 2667 671 sublatumque
2710 610 2792 657 est
2839 618 2903 657 ex
2936 604 3049 664 illo,
3085 601 3136 655 vi
3168 601 3424 669 quadam,

1867 697 1977 752 Deo
2013 706 2226 769 gratum
2253 712 2318 751 ex
2368 694 2706 749 institutione
2756 694 2891 763 legis
2924 692 3250 747 sacriﬁcium
3280 701 3333 745 et
3363 691 3425 742 li-

1866 789 2037 853 batio,
2070 804 2177 860 qua
2231 788 2479 849 sublata,
2543 785 2874 839 abominatio
2923 784 3307 844 desolationis,
3340 798 3425 835 sc-

1866 880 2101 934 cundum
2125 896 2242 935 eam
2272 894 2391 949 quae
2416 892 2560 932 nunc
2590 877 2645 930 in
2678 877 2931 932 manibus
2954 886 3058 941 est,
3087 875 3422 946 preplietiam

1869 969 1923 1024 in
1955 970 2074 1026 loco
2100 970 2194 1024 illo
2221 979 2407 1025 secuta
2437 977 2539 1023 est.
2572 967 2722 1034 Quod
2763 968 2807 1022 si
2839 984 2935 1037 per
2966 968 3183 1037 aliquod
3212 978 3425 1035 tempus

1868 1077 2187 1132 permanere
2223 1063 2339 1118 visa
2374 1071 2501 1117 sunt
2529 1077 2613 1117 ea.
2654 1075 2774 1129 quae
2803 1059 2868 1114 ad
2911 1059 3243 1117 iunctionem
3272 1060 3418 1113 illam

1878 1154 1936 1208 in
1971 1152 2064 1207 tali
2112 1153 2231 1207 loco
2266 1153 2555 1223 pertinent,
2588 1168 2698 1207 non
2752 1160 2930 1207 tamen
2964 1152 3148 1207 eadem
3194 1153 3425 1222 amplius

1869 1252 2022 1315 grata
2052 1244 2161 1300 Deo
2193 1245 2434 1309 fuerunt,
2470 1249 2671 1316 quippe
2717 1262 2839 1300 cum
2893 1257 2945 1301 et
2975 1246 3093 1301 sine
3138 1245 3344 1315 judicio
3373 1254 3427 1299 et

1868 1344 2061 1406 prater
2118 1338 2261 1406 leges
2316 1338 2739 1394 celebrarentur.
2771 1337 2933 1409 502
2975 1335 3127 1392 Sicut
3160 1336 3303 1391 enim
3331 1351 3425 1390 au-

1868 1437 1986 1493 tea,
2020 1431 2273 1485 unctione
2316 1430 2538 1494 abolita,
2583 1439 2637 1484 et
2685 1431 2939 1500 legitimis
2979 1447 3043 1484 ex
3101 1428 3424 1485 succedendi

1868 1520 2008 1575 serie
2037 1521 2382 1590 pontiﬁcibus
2412 1529 2535 1591 post
2565 1520 2798 1592 Hyrcani
2826 1522 3100 1576 interitum
3125 1520 3422 1589 abrogatis.

1869 1610 1960 1679 qui
1992 1612 2215 1681 posthac
2243 1612 2360 1667 sine
2381 1613 2571 1667 ordine
2596 1620 2649 1667 et
2673 1623 2868 1682 praeter
2895 1614 3036 1683 leges
3059 1613 3123 1666 ad
3151 1613 3279 1665 illud
3312 1628 3429 1665 mu-

1868 1716 1973 1755 nus
2014 1701 2365 1765 accedebant,
2400 1701 2719 1756 videbantur
2751 1700 2825 1753 illi
2859 1700 3075 1770 quidem
3118 1699 3323 1769 aliquid
3354 1699 3430 1751 fa-

1869 1808 2010 1855 cere.
2045 1800 2100 1847 et
2138 1802 2316 1848 tamen
2353 1793 2406 1848 id
2438 1794 2589 1847 nullo
2622 1792 2876 1848 laudabili
2919 1792 3168 1847 instituto
3198 1799 3428 1862 praesta-

1865 1884 2023 1949 bant,
2055 1892 2276 1956 propter
2298 1901 2434 1955 quos
2456 1886 2619 1941 etiam
2651 1884 2788 1939 dixit
2817 1884 3099 1955 prophetia
3125 1902 3137 1938 :
3169 1901 3187 1935 ι
3223 1882 3430 1939 Peribit

1864 1977 2068 2040 unctio,
2092 1975 2425 2046 etjudicium
2460 1991 2567 2031 non
2587 1983 2671 2031 est
2700 1976 2757 2049 in.
2793 1990 2853 2030 ea
2874 2015 2888 2039 ,
2923 1995 2939 2027 ι
2978 1975 3177 2029 talibus
3208 1973 3426 2028 interim

1864 2069 2044 2123 verbis
2083 2069 2418 2139 iudiciorum
2462 2069 2748 2138 legumque
2808 2068 2861 2121 in
2893 2068 3001 2123 illis
3052 2073 3421 2134 contemptum

1864 2176 2129 2217 accusans
2162 2180 2175 2215 :
2210 2161 2281 2215 ita
2310 2162 2475 2216 etiam
2504 2165 2651 2215 circa
2686 2158 2995 2214 libationem
3023 2169 3077 2214 et
3101 2158 3424 2214 sacriﬁcium

1863 2254 2157 2324 contigisse
2195 2252 2505 2318 aiﬁrmabis,
2536 2269 2656 2323 quae
2676 2260 2821 2307 recte
2849 2251 3064 2322 quidem
3093 2267 3160 2305 ex
3184 2252 3298 2321 lege
3326 2266 3426 2304 an~

1863 2357 2079 2417 tequam
2122 2345 2373 2401 Salvator
2417 2354 2605 2400 noster
2639 2348 2710 2401 sit
2756 2356 2973 2415 passus,
3007 2344 3427 2399 celebrabantur

1864 2450 2084 2514 propter
2112 2441 2368 2497 virtutem
2415 2441 2562 2495 illam
2594 2456 2713 2511 qua:
2752 2440 2819 2495 ad
2847 2439 2978 2495 illud
3010 2455 3185 2510 usque
3212 2446 3425 2508 tempus

1864 2536 1968 2589 loci
2001 2535 2344 2589 sanctitatem
2383 2535 2655 2590 tuebatur.
2687 2533 2953 2589 Caeterum
3000 2542 3055 2589 et
3082 2532 3294 2589 sublata
3344 2544 3426 2587 est

1864 2626 2010 2680 illico
2040 2635 2164 2697 post
2196 2626 2349 2681 illius
2375 2625 2673 2696 perfectum
2706 2625 2923 2696 Deoque
2971 2625 3299 2681 conveniens
3338 2640 3429 2680 sa-

1864 2717 2149 2780 criﬁcium,
2188 2716 2332 2787 quod
2366 2716 2481 2787 ipse
2524 2731 2582 2771 se
2609 2715 2785 2785 ipsum
2820 2732 2916 2784 pro
2950 2714 3188 2785 peccatis
3223 2714 3428 2768 nostris

1870 2808 2087 2869 obtulit.
2117 2822 2240 2862 cum
2283 2806 2400 2877 ipse
2427 2814 2573 2862 esset
2600 2806 2690 2861 ille
2733 2825 2750 2856 ι
2791 2806 2976 2877 Agnus
3008 2805 3100 2860 Dei
3141 2804 3236 2876 qui
3289 2805 3429 2859 tollit

1863 2906 2083 2969 peccata
2118 2897 2304 2953 mundi
2331 2899 2376 2930 “
2413 2917 2425 2952 :
2485 2917 2504 2950 ι
2531 2913 2639 2967 quo
2672 2897 2888 2967 quidem
2922 2897 3191 2954 sacriiicio
3212 2897 3427 2950 cunctis

1866 2988 2178 3043 hominibus
2207 2989 2505 3044 secundum
2536 3004 2674 3044 nova
2698 2988 2832 3044 Novi
2866 2988 3198 3045 Testamenti
3233 2995 3429 3059 myste-

210 3078 357 3130 πάλιν
377 3081 406 3131 ό
424 3079 585 3142 αὑτός
599 3097 752 3150 φησι,
778 3098 797 3130 ι
826 3079 1058 3134 Πιλάτον
1078 3080 1169 3133 τὸν
1189 3080 1450 3151 ἡγεμόνα,
1477 3099 1495 3131 ι
1522 3080 1680 3134 αὑτὸν
1698 3081 1761 3153 δὴ

1866 3078 1948 3133 ria
1975 3078 2194 3142 tradita,
2224 3094 2344 3149 qua:
2370 3077 2584 3134 Veteris
2608 3080 2829 3150 prepria
2851 3087 3008 3135 erant
3029 3079 3241 3134 sublata
3277 3088 3424 3134 sunt.

209 3173 400 3223 ἐκεῖνον
457 3171 549 3223 τὸν
600 3172 692 3223 ἐπὶ
723 3171 817 3223 τοῦ
848 3172 1098 3243 Σωτῆρος
1118 3174 1151 3241 ή
1162 3172 1295 3242 μῶν,
1322 3190 1340 3223 ι
1365 3170 1463 3234 τὰς
1489 3170 1762 3241 Καίσαρος

209 3264 406 3326 εἰκόνας
431 3264 648 3335 νύκτωρ
680 3265 759 3327 είς
775 3265 834 3317 τὸ
853 3263 1162 3335 ίερὸν,ὃπερ
1175 3264 1274 3316 οὐκ
1292 3259 1359 3335 ἦν
1379 3262 1555 3334 θέμις,
1593 3264 1762 3315 εἰσκο-

213 3356 376 3426 μίσαι,
401 3358 661 3428 μεγίστην
685 3373 744 3409 τε
765 3358 1008 3429 ταραχὴν
1025 3398 1039 3422 ,
1068 3355 1296 3427 θορύϐου
1320 3373 1381 3409 τε
1410 3356 1503 3409 καὶ
1523 3356 1762 3419 στάσεως

210 3448 562 3519 ἐμϐεϐλῆσθαι
604 3452 719 3512 τοῖς
750 3448 1041 3509 Ἰουδαίοις.
1075 3468 1093 3500 ι
1128 3448 1276 3501 arma
1303 3448 1366 3519 δὴ
1398 3446 1570 3500 ταῦτα
1598 3447 1693 3501 καὶ
1734 3447 1762 3499 ό

209 3542 366 3594 dific»
420 3543 828 3614 συμμαρτυρεῖ,
869 3560 887 3593 ι
914 3541 1027 3604 Τὰς
1084 3540 1321 3613 σημαίας
1370 3541 1593 3610 φάσκων
1664 3538 1762 3603 τὰς

214 3632 477 3701 βασιλικὰς
500 3633 593 3685 τὸν
614 3632 841 3686 Πιλάτον
867 3631 1081 3702 νύκτωρ
1109 3632 1165 3683 ἐν
1191 3629 1270 3700 τῷ
1306 3629 1434 3701 ίερῷ
1464 3628 1765 3693 ἀναθεῖναι,

213 3725 368 3794 ἀρχήν
398 3742 455 3777 τε
484 3723 723 3777 στάσεων
753 3723 846 3777 καὶ
872 3721 1162 3793 συμφορῶν
1187 3720 1499 3792 ἐπαλλήλων
1528 3718 1588 3785 ἐξ
1619 3719 1759 3774 ἐκεί-

214 3832 293 3867 νου
337 3818 445 3878 τοῖς
501 3815 773 3878 Ἰουδαίοις
816 3816 1129 3885 συμπεσεῖν.
1163 3833 1184 3866 ι
1210 3815 1282 3867 Οὐ
1366 3813 1603 3869 διέλιπον
1669 3808 1761 3866 οῦν

215 3910 379 3961 ἔκτοτε
426 3909 485 3961 τὸ
541 3909 647 3961 πᾶν
699 3907 850 3970 ἔθνος
902 3907 995 3960 καὶ
1044 3907 1143 3978 τὴν
1204 3906 1531 3978 μητρόπολιν
1583 3904 1761 3978 αὐτῶν

217 3998 466 4051 παντοίων
523 3999 706 4052 κακῶν
772 3997 1165 4061 ἐπαναστάσεις
1221 3997 1326 4061 ἓως
1376 3997 1469 4051 τοῦ
1530 3977 1760 4050 ὑστάτου

216 4093 317 4141 κατ’
356 4090 535 4143 αὐτῶν
577 4090 832 4161 πολέμου.
876 4090 970 4142 καὶ
1011 4090 1111 4160 τῆς
1148 4089 1380 4160 ἐσχάτης
1424 4088 1759 4160 πολιορκίας,

217 4182 318 4235 καθ’
352 4185 419 4254 ῆν
442 4162 719 4247 παντοίοις
749 4184 1074 4253 ἀφανισμοῖς
1094 4223 1108 4247 ,
1154 4182 1312 4253 λιμοῦ
1346 4200 1403 4236 τε
1446 4183 1538 4235 καὶ
1573 4180 1758 4252 λοιμοῦ

216 4276 294 4327 καὶ
332 4276 625 4347 μαχαίρας,
655 4273 1092 4345 καταποντισμοῦ
1132 4274 1285 4345 δίκην
1311 4273 1402 4327 τοῦ
1430 4276 1548 4328 κατ’
1582 4273 1760 4327 αὐτῶν

215 4367 413 4438 ὀλέθρου
440 4368 853 4441 συρῤεύσαντος,
889 4368 1087 4431 πάντες
1117 4369 1166 4419 οἱ
1198 4367 1631 4429 κατασυστάντες
1665 4365 1760 4419 τοῦ

1867 3170 2066 3225 Eodem
2089 3170 2233 3225 enim
2256 3178 2498 3240 tempore
2528 3180 2583 3226 et
2613 3172 2897 3225 oraculum
2929 3170 3063 3225 illud
3097 3171 3425 3239 completum

1866 3269 1994 3317 est:
2033 3281 2052 3313 ι
2100 3261 2165 3315 Et
2217 3260 2563 3316 conﬁrmabit
2620 3269 2838 3332 pactum
2896 3262 3083 3319 multis
3130 3260 3427 3315 hebdomas

1868 3370 1997 3419 una,
2028 3363 2083 3408 et
2134 3370 2254 3427 quae.
2304 3355 2370 3409 ad
2400 3352 2566 3409 Vetus
2589 3352 2996 3409 Testamentum
3028 3360 3274 3424 spectant
3298 3353 3420 3409 ειιι)⁸

1868 3446 1973 3501 lata
2004 3455 2150 3503 sunt.
2186 3467 2205 3500 ι
2239 3447 2505 3502 Οιειειοιιιῐι
2530 3447 2749 3516 quando
2787 3447 3003 3503 tandem
3051 3462 3172 3518 qua:
3217 3446 3285 3501 ad
3321 3444 3431 3500 No-

1866 3554 1991 3593 vum
2050 3539 2319 3608 pertinent
2342 3538 2753 3594 Testamentum
2788 3548 2917 3594 sunt
2946 3539 3287 3603 conﬁrmata,
3321 3540 3426 3595 nisi

1866 3643 1990 3683 cum
2021 3626 2268 3683 Salvator
2298 3644 2361 3684 ac
2386 3627 2648 3683 Dominus
2682 3637 2868 3684 noster
2901 3645 3097 3700 magno
3131 3630 3223 3685 illo
3254 3631 3337 3685 sui
3361 3629 3426 3683 ad

1866 3732 2091 3776 mortem
2140 3737 2396 3777 accessus
2451 3722 2711 3791 mysterio
2756 3721 3065 3786 iuncturus,
3116 3737 3225 3792 qua
3271 3732 3429 3775 nocte

1866 3814 2205 3880 tradebatur,
2247 3816 2585 3870 occultarum
2637 3820 2692 3869 et
2721 3814 2788 3867 ad
2837 3814 3014 3884 ipsum
3065 3814 3427 3884 spectantium

1867 3904 2000 3959 Novi
2043 3904 2375 3961 Testamenti
2405 3906 2678 3959 rationum
2711 3905 2865 3976 signa
2898 3913 2951 3960 et
2983 3912 3139 3959 notas
3186 3904 3303 3959 suis
3344 3903 3428 3958 di-

1867 3997 2093 4067 scipulis
2129 3997 2387 4052 tradidit?
2417 3998 2606 4053 eodem
2641 3997 2785 4050 enim
2818 4006 3060 4066 tempore
3088 4002 3141 4051 et
3171 3994 3285 4050 haec
3313 4010 3430 4066 per-

1869 4088 2005 4144 fecta
2035 4097 2185 4153 sunt,
2229 4097 2283 4145 et
2318 4105 2347 4144 a
2380 4089 2528 4146 Mose
2559 4089 2893 4159 descriptum
2925 4087 3090 4143 Vetus
3121 4086 3434 4143 Testamen-

1867 4190 1978 4234 tum
2009 4182 2281 4236 sublatum
2323 4192 2424 4247 est,
2457 4198 2617 4254 quam
2670 4200 2783 4240 rem
2814 4183 2972 4254 plane
3002 4181 3298 4237 declaravit
3339 4195 3432 4234 ve-

1867 4272 1975 4325 lum
2011 4274 2192 4342 templi
2216 4274 2356 4345 quod
2380 4291 2476 4345 per
2503 4276 2644 4330 idem
2671 4284 2882 4345 tempus
2908 4274 3139 4334 scissum
3161 4281 3263 4329 cst.
3288 4271 3432 4327 Sub.

1867 4364 1977 4418 lato
2029 4364 2194 4436 igitur
2228 4382 2295 4421 ex
2344 4368 2437 4422 illo
2471 4368 2749 4440 deinceps,
2780 4379 2848 4435 ει,
2868 4385 2975 4425 non
3005 4368 3185 4424 minus
3218 4382 3277 4422 re
3305 4380 3429 4420 vera

216 4457 447 4530 Σωτῆρος
478 4458 637 4530 ἡμῶν
675 4457 872 4529 ἡϐηδὸν
898 4458 1236 4526 ἐξεκόπησαν
1255 4476 1267 4488 ·
1301 4461 1391 4511 ὅτε
1418 4460 1512 4512 καὶ
1544 4458 1604 4511 τὸ
1640 4456 1762 4527 βδέ-

1868 4473 2031 4526 quam
2063 4460 2154 4519 vi.
2193 4460 2373 4515 soluto
2416 4461 2687 4518 sacriﬁcio
2721 4477 2784 4519 ac
2813 4462 3092 4525 libatione,
3129 4476 3249 4530 qua:
3276 4466 3429 4530 post-

211 4546 374 4620 λυγμα
413 4551 515 4621 τῆς
546 4550 878 4623 ἐρημώσεως
907 4551 999 4604 ἐπὶ
1031 4550 1090 4603 τὸ
1126 4550 1267 4623 ξερὸν
1306 4550 1456 4621 ἔστη,
1494 4549 1522 4603 ὃ
1547 4550 1641 4603 καὶ
1681 4551 1759 4612 είς

209 4639 352 4711 δεῦρο
396 4643 689 4713 διέμεινεν,
745 4642 1012 4715 ὁσημέραι
1070 4643 1161 4695 ἐπὶ
1202 4643 1263 4695 τὸ
1303 4646 1483 4713 χεῖρον
1525 4642 1759 4713 ἐρημίας

212 4731 430 4787 mam.
472 4735 632 4797 Εἰκὸς
662 4735 719 4788 δὲ
752 4736 845 4787 καὶ
883 4734 1167 4789 ἐπιτείνειν
1196 4734 1327 4787 αὐτὸ
1352 4734 1510 4805 μέχρι
1538 4730 1643 4805 τῆς
1664 4733 1755 4786 τοῦ

216 4823 317 4890 βίον
340 4826 657 4890 συντελείας,
690 4826 832 4879 κατὰ
860 4826 949 4880 τὸν
983 4826 1086 4880 ὑπὸ
1121 4826 1220 4895 τῆς
1259 4826 1591 4899 προφητείας
1631 4827 1761 4881 ἁπο-

217 4916 461 4981 ςιανθέντα
486 4920 645 4991 ὅρον,
716 4919 1001 4990 φήσανταο
1077 4938 1095 4969 ι
1130 4919 1240 4973 Kal
1291 4918 1395 4982 ἕως
1451 4919 1757 4984 συντελείας

218 5009 385 5078 καιροῦ
436 5011 711 5065 συντέλεια
769 5011 1051 5082 δοθήσεται
1106 5011 1197 5063 ἐπὶ
1226 5010 1323 5081 τὴν
1387 5012 1695 5083 ἐρήμωσιν·
1734 5033 1763 5065 ι,

215 5098 380 5165 ignvia
423 5104 607 5174 φωνὴν
659 5105 687 5156 ό
731 5102 920 5174 Σωτὴρ
972 5103 1064 5155 καὶ
1100 5101 1303 5173 Κύριος
1356 5102 1509 5175 ἡμῶν
1552 5102 1757 5177 Ἰησοῦς

214 5188 471 5262 ὁΧριστδς
516 5193 956 5265 ἐπεσφραγίσατο
985 5192 1150 5245 εἰπών
1170 5207 1183 5219 ·
1244 5193 1391 5245 ‹’“οτ’
1430 5192 1494 5246 ἂν
1520 5194 1575 5259 δῖε
1612 5178 1775 5263 ἴδητε

215 5280 267 5332 τὸ
304 5282 564 5356 βδέλυγμα
602 5286 700 5356 τῆς
750 5282 1112 5356 ἐρημώσεως,
1146 5284 1207 5338 τὸ
1249 5285 1417 5357 ῥηθὲν(
1447 5284 1534 5338 διὰ
1563 5284 1758 5357 Δανιὴλ

213 5372 294 5425 τοῦ
318 5379 610 5448 προφήτου,
640 5375 808 5441 ἐστὼς
843 5379 901 5432 ὲν
922 5376 1069 5447 τόπῳ
1097 5376 1255 5448 ἁγίῳ,
1290 5377 1409 5431 τότε
1437 5375 1751 5446 γινώσκετε,

211 5463 284 5517 ὃτι
321 5469 539 5539 ἤγγικεν
583 5472 615 5541 ἡ
659 5470 935 5542 ἐρήμωσις
978 5470 1166 5539 αὐτῆς.
1205 5489 1221 5519 ι
1254 5470 1315 5522 ΕΞ
1362 5469 1416 5522 δέ
1454 5468 1754 5532 δυσπίστως

273 5644 313 5679 ’⁸
353 5646 536 5705 Matth.
570 5665 705 5707 xxiii
729 5689 745 5719 ,
778 5647 867 5707 58.
926 5650 969 5683 ⁹¹
1009 5646 1167 5705 Joan.
1201 5664 1258 5719 ι,
1282 5648 1375 5703 29.

1868 4548 1969 4602 hac
2021 4550 2474 4608 existimabantur
2529 4554 2640 4613 illic
2701 4554 2885 4624 perﬁci
2950 4553 3217 4610 sacriﬁcia
3248 4593 3262 4617 ,
3315 4551 3432 4607 sine

1864 4641 2060 4711 gratia,
2092 4643 2257 4698 rebus
2286 4645 2464 4699 sacris
2492 4645 2667 4701 aliena
2689 4686 2703 4709 ,
2738 4646 2791 4699 in
2828 4645 3056 4717 profrno
3091 4646 3209 4699 loco
3240 4658 3269 4695 a
3307 4658 3432 4711 pro-

1866 4731 2009 4788 fanis
2036 4741 2090 4789 et
2112 4750 2140 4787 a
2176 4750 2235 4790 re
2273 4751 2429 4797 sacra
2457 4737 2651 4793 alienis
2682 4737 3124 4808 perﬁciebantur.
3162 4736 3428 4791 Caeterum

1866 4820 1950 4876 his
1979 4821 2047 4876 de
2096 4824 2463 4887 rebusetiam
2517 4826 2735 4897 Josephi
2786 4825 3156 4883 testimonium
3190 4822 3375 4892 accipe
3410 4842 3425 4876 ς

1870 4934 1888 4965 ⁸
1926 4914 2045 4985 IPSO
2099 4926 2277 4972 autem
2326 4919 2411 4977 die
2444 4920 2799 4976 Pentecostcs
2842 4928 3005 4976 noctu
3038 4916 3345 4974 sacerdotes
3374 4918 3427 4972 iu

1865 5012 2129 5083 templum
2158 5012 2413 5082 ingressi,
2450 5016 2590 5070 sicut
2636 5015 2716 5071 eis
2763 5029 2881 5069 mos
2912 5019 3052 5076 erat,
3082 5012 3149 5066 ad
3202 5026 3427 5063 munera

1863 5101 2133 5170 obeunda,
2156 5105 2386 5174 primum
2409 5107 2625 5177 quidem
2657 5123 2716 5162 se
2744 5115 2949 5162 motum
2975 5103 3261 5175 quemdam
3294 5110 3428 5158 stre-

1864 5192 2145 5263 pitumque
2190 5196 2430 5253 sensisse
2477 5198 2751 5259 dixerunt,
2788 5196 2982 5250 deinde
3034 5209 3161 5247 vero
3193 5193 3427 5247 subitam

1864 5298 2051 5338 vocem
2096 5288 2291 5344 crebro
2331 5298 2692 5360 repetentem,
2730 5288 3013 5359 Migremus
3056 5286 3195 5339 hinc.
3248 5304 3266 5337 ι
3305 5283 3430 5339 llam

1862 5382 2042 5430 autem
2074 5378 2163 5435 ille
2210 5382 2401 5436 scribit
2443 5381 2582 5435 facta
2616 5398 2739 5437 esse
2766 5389 2888 5451 post
2915 5379 3220 5433 Saivatoris
3251 5384 3428 5431 nostri

1865 5478 2112 5525 mortem.
2142 5470 2355 5533 Rursus
2389 5474 2527 5529 idem
2549 5475 2620 5527 ait
2648 5494 2657 5527 :
2683 5494 2699 5526 ι
2729 5472 2960 5529 Pilatum
2992 5473 3331 5543 praesidem»
3361 5471 3435 5542 ip.
