3922 6200
589 200 689 259 σπι

591 413 714 478 fuit,
745 430 764 464 ι
791 411 1300 497 noctuintemplum
1331 420 1518 465 contra
1534 411 1616 466 fas
1645 411 1908 481 imagines
1927 410 2158 468 Caesaris

591 505 863 567 intulisse,
887 502 1046 575 403
1070 518 1432 572 magnamque
1454 504 1912 574 perturbationem
1934 505 2157 561 seditio-

591 597 676 650 nis
719 607 881 665 atque
906 595 1174 649 tumultus
1201 593 1404 649 Judaeis
1436 595 1715 664 injecisse.
1751 615 1769 648 ›
1804 595 2004 652 Eadem
2044 597 2156 652 haec

588 689 749 742 etiam
799 686 956 744 Philo
1001 687 1310 750 confirmat,
1346 689 1438 758 qui
1487 693 1610 744 ait:
1661 688 1858 760 Regias
1894 690 2155 762 imagines

590 779 824 834 Pilatum
857 787 1027 836 noctu
1061 781 1113 834 in
1157 781 1360 851 templo
1393 781 1626 844 dicasse,
1655 781 1978 851 initiumque
2005 783 2153 839 sedi-

587 874 795 929 tionum
840 880 894 930 et
929 883 1239 928 mutuarum
1296 875 1434 928 inter
1486 875 1634 944 ipsus
1667 875 2056 942 calamitatum,
2085 893 2151 932 ex

588 965 679 1022 illo
710 962 913 1020 Iudaeis
944 964 1232 1021 accidisse.
1267 963 1385 1018 Non
1423 964 1704 1020 desierunt
1753 979 1882 1037 ergo
1927 967 2152 1038 posthac

584 1070 705 1126 quae
729 1055 1036 1109 universam
1065 1062 1277 1126 gentem
1306 1054 1728 1124 eorumdemque
1749 1057 2042 1127 principem
2073 1057 2150 1112 ci-

585 1147 806 1203 vitatem
856 1147 1177 1202 invaderent
1213 1147 1390 1202 omnis
1423 1148 1640 1218 generis
1671 1150 1834 1212 mala,
1871 1165 2040 1219 usque
2082 1150 2148 1205 ad

591 1237 843 1292 ultimum
878 1237 1010 1291 illud
1036 1237 1180 1307 quod
1212 1247 1400 1292 contra
1432 1237 1555 1292 illcs
1579 1245 1785 1307 gestum
1813 1247 1897 1292 est
1926 1239 2144 1300 bellum,

585 1335 993 1396 extremamque
1008 1327 1151 1384 illam
1168 1326 1522 1388 obsidionem,
1539 1328 1592 1380 in
1614 1343 1718 1397 qua
1731 1326 1909 1381 omnis
1933 1327 2146 1396 generis

585 1417 1052 1474 intcrnecionibus
1076 1457 1092 1481 ,
1127 1427 1180 1473 et
1213 1417 1370 1475 famis
1415 1428 1468 1472 et
1508 1419 1850 1490 pestilentiae,
1875 1426 1929 1474 et
1960 1419 2143 1488 gladii,

584 1524 705 1562 cum
730 1510 996 1581 pernicies
1019 1510 1279 1565 adversus
1295 1525 1389 1566 eos
1403 1510 1592 1565 diluvii
1611 1510 1783 1566 instar
1815 1509 2108 1567 conﬂueret
2126 1551 2140 1574 ,

583 1618 775 1657 omnes
791 1602 1100 1673 quicunque
1112 1602 1374 1658 adversus
1388 1601 1720 1658 Salvatorem
1747 1611 1991 1658 nostrum
2011 1619 2142 1658 con-

1231 201 1496 258 EUSEBII
1531 199 2014 257 CESARIENSIS
2052 201 2202 257 OPP.
2245 201 2428 257 PARS
2467 201 2528 256 ll.
2562 235 2632 243 —-
2667 202 3156 261 APOLOGETICA.

591 339 714 376 sum
747 323 933 391 utique
954 321 1102 377 illum
1122 320 1213 390 qui
1239 328 1482 391 tempore
1503 319 1804 376 Salvatoris
1827 321 1998 375 nostri
2023 336 2159 390 ιιι-ω·
2187 354 2230 410 Α

3621 215 3698 269 6Ξί

2259 321 2398 393 πρὸς
2424 321 2595 376 ταῦτα
2617 321 2788 393 ἔχοιεν
2809 323 2860 376 οἱ
2887 324 2951 376 ἐκ
2978 322 3275 394 περιτομῆς,
3301 323 3532 391 ἐλεγκτέον
3550 326 3696 390 αὐτοὺς

2264 414 2337 484 μὴ
2377 413 2535 484 μόνον
2563 413 2794 478 ἀναιδῶς
2830 413 2966 486 πρὸς
2999 413 3064 466 τὰ
3093 413 3256 486 ἁληθῆ
3290 414 3374 469 καὶ
3402 415 3564 486 ἐναργῆ
3587 418 3702 473 lem.

2260 504 2487 575 μένους,
2538 504 2675 558 ἀλλὰ
2719 506 2813 559 καὶ
2863 504 2964 569 τὰς
3009 506 3321 578 προρρήσεις
3352 505 3417 568 ὡς
3435 506 3625 574 ψευδεῖς,
3654 509 3701 563 τὺ

2255 597 2376 650 ὅσον
2425 597 2512 649 ἐπ’
2557 597 2770 660 αὐτοῖς,
2833 595 3236 661 διαϐάλλοντας,
3294 597 3395 664 εἴγε
3435 597 3481 650 αἱ
3527 599 3602 667 μὲν
3645 601 3702 664 εἰς

2253 688 2619 760 ἐϐδομήκοντα
2657 689 2951 761 ἑϐδομάδας
2975 688 3106 742 ἐτῶν
3126 689 3214 742 τὸν
3241 689 3400 744 πάντα
3419 689 3703 760 περιορίζωσι

2252 780 2461 852 χρόνον,
2494 780 2561 834 τὰ
2589 783 2646 834 ἐν
2676 781 2754 852 τῷ
2785 781 2986 852 μεταξὺ
3025 779 3388 852 συμϐησόμενα
3415 779 3702 844 θεσπίζουσαν

2253 874 2308 926 αἱ
2349 872 2426 937 δέ,
2469 873 2650 943 σχεδὸν
2681 872 2779 944 ἠδη
2813 871 3080 942 χιλιοστοῦ
3124 871 3267 936 ἔτους
3305 869 3402 924 ἀπὸ
3435 869 3520 939 τῆς
3547 887 3704 941 προφη-

2249 963 2398 1028 τείας
2439 963 2533 1018 καὶ
2571 965 2649 1026 εἰς
2678 964 2825 1035 ἡμᾶς
2864 962 3194 1026 ἐλαύνοντος,
3236 960 3374 1014 οὐδὲν
3403 959 3493 1012 τῶν
3518 975 3705 1029 γεγραμ-

2253 1052 2427 1122 μένων
2458 1053 2677 1122 γεγονὸς
2709 1051 3124 1115 ἐπιδείκνυνται,
3155 1051 3318 1105 καίτοι
3336 1048 3706 1122 ἑξολοθρευθένιθς

2248 1143 2424 1197 αὐτῶν
2472 1143 2564 1198 τοῦ
2601 1145 2932 1216 χρίσματος,
2973 1141 3113 1196 κατὰ
3160 1141 3252 1214 τὴν
3291 1141 3423 1195 θείαν
3458 1140 3703 1211 πρόρρησιν,

2249 1233 2342 1289 καὶ
2363 1233 2454 1287 τοῦ
2484 1235 2823 1305 ἁγιάσματος
2860 1233 3055 1298 αὐτῶν,
3083 1233 3176 1286 καὶ
3217 1231 3314 1284 τῶν
3340 1231 3453 1300 πρὶν
3482 1228 3706 1298 οἰκητόρων

2247 1326 2647 1397 διαφθαρέντων
2695 1327 2790 1380 καὶ
2827 1325 3162 1379 ἐκκοπέντων
3195 1325 3249 1376 ἐν
3287 1320 3606 1392 κατακλυσμῷ
3640 1337 3705 1372 που

2246 1417 2411 1489 λέμου
2441 1435 2706 1490 συντετμη
2717 1418 2874 1490 μένου
2904 1419 3240 1487 ἀφανισμοῖς,
3268 1416 3352 1468 καὶ
3373 1415 3458 1467 τοῦ
3479 1431 3533 1481 γε
3555 1415 3705 1466 acim;

2246 1509 2675 1581 παραδοξοτάτου
2726 1509 2890 1562 εἰσέτι
2938 1507 3030 1562 νῦν
3082 1506 3264 1562 αὐτόθι
3309 1505 3576 1577 ὁρωμένουο
3612 1503 3706 1568 λέγω

2244 1600 2306 1672 δὴ
2335 1600 2429 1654 τοῦ
2460 1599 2820 1672 βδελύγματος
2853 1601 2951 1671 τῆς
2989 1597 3312 1672 ἐρημώσεως
3339 1599 3408 1659 εἰς
3433 1594 3571 1664 δεῦρο
3595 1592 3707 1645 ἑστῶ-

583 1692 941 1762 Spiraverant,
973 1693 1348 1764 cujuscunque
1367 1694 1760 1760 essentzetatis,
1785 1695 1949 1750 excisi
1975 1705 2100 1750 sunt
2126 1715 2137 1750 :

2243 1709 2332 1755 τος
2360 1693 2418 1745 ὲν
2445 1691 2522 1762 τῷ
2551 1692 2679 1764 πρὶν
2709 1692 2850 1763 ἁγίῳ
2873 1691 3049 1763 τόπῳ,
3081 1690 3211 1763 περὶ
3231 1684 3288 1744 οὗ
3315 1687 3403 1740 καὶ
3424 1689 3450 1741 ὁ
3471 1683 3627 1756 Σωτὴρ
3644 1682 3707 1770 καὶ

581 1799 690 1854 quo
713 1798 844 1840 sane
869 1793 1110 1856 tempore
1133 1785 1294 1840 etiam
1324 1785 1678 1844 desolationis
1694 1786 1838 1842 illius
1863 1787 2140 1842 abomina-

582 1878 656 1932 tio
677 1877 730 1930 in
765 1877 965 1948 templo
986 1877 1289 1941 constituit,
1310 1895 1428 1948 quze
1464 1879 1680 1950 quidem
1707 1879 1771 1933 ad
1797 1880 1941 1934 hunc
1970 1895 2140 1949 usque

580 1966 722 2022 diem
759 1970 1056 2040 permansit
1095 1969 1324 2039 singulis
1352 1970 1544 2026 diebus
1577 1971 1631 2026 in
1661 1969 1984 2026 deteriorem
2011 1969 2140 2025 soli-

582 2061 824 2118 tudinem
853 2078 1136 2119 corruens.
1177 2057 1290 2117 Par
1326 2071 1506 2118 autem
1539 2073 1623 2119 est
1653 2077 1772 2117 eam
1821 2061 2003 2118 itidem
2047 2077 2137 2118 us.

579 2169 684 2222 qr-e
731 2152 795 2206 ad
843 2153 966 2209 vine
1015 2153 1538 2210 consummationem
1595 2154 1934 2216 duraturam,
1982 2153 2135 2222 juxta

577 2242 866 2300 terminum
896 2259 1054 2314 quem
1089 2244 1374 2314 prophetia
1407 2245 1760 2307 indicaverat,
1783 2244 1892 2298 illis
1914 2243 2132 2299 verbis:

579 2352 600 2385 ι
639 2334 701 2388 Et
729 2351 900 2405 usque
929 2337 994 2390 ad
1030 2336 1556 2391 consummationem
1592 2337 1853 2407 temporis
1876 2351 2136 2391 consum-

574 2426 740 2481 matio
771 2425 990 2480 dabitur
1029 2426 1080 2480 in
1131 2426 1503 2491 solitudinem,
1543 2445 1562 2479 ι
1595 2441 1757 2495 quam
1791 2441 1977 2481 vocem
2016 2426 2135 2482 Sal-

571 2526 729 2574 vator
756 2533 821 2573 ac
849 2517 1124 2574 'Dominus
1155 2525 1341 2573 noster
1383 2516 1543 2572 Jesus
1573 2517 1824 2572 Christus
1853 2517 2008 2587 quasi
2054 2518 2132 2572 si-

569 2625 677 2680 gno
733 2609 998 2680 impresso
1047 2609 1388 2663 conﬁrmavit
1441 2609 1631 2663 dicens
1669 2627 1680 2662 :
1722 2627 1739 2660 ι
1783 2607 1918 2662 Cum
1951 2616 2129 2662 autem

576 2702 814 2756 videritis
844 2701 1302 2756 ahominationem
1330 2700 1704 2764 desolationis,
1730 2716 1851 2770 quae
1880 2699 2026 2754 dicta
2049 2708 2132 2755 est

570 2810 666 2864 per
698 2793 969 2848 Danielem
1007 2793 1320 2863 prophetam
1362 2800 1594 2847 stantem
1636 2791 1689 2846 in
1739 2792 1858 2847 loco
1889 2801 2081 2847 sancto
2113 2811 2125 2846 :

569 2891 699 2938 tunc
721 2884 913 2939 scitote
935 2884 1079 2953 quod
1106 2883 1561 2954 appr0pinquavit
1585 2881 1849 2938 desolatio
1871 2883 1990 2952 ejus
2011 2883 2076 2938 ⁹¹.
2104 2902 2121 2935 ι

568 2975 722 3042 Quod
753 2977 798 3031 si
825 2975 995 3031 Judaei
1027 2991 1133 3031 non
1160 2977 1380 3032 credere
1408 2992 1466 3032 se
1490 2975 1595 3031 ista
1623 2975 2008 3046 respondeant,
2039 2991 2129 3029 ar-

2241 1782 2443 1854 Κύριος
2477 1782 2633 1854 ἡμῶν
2658 1782 2756 1846 τὰς
2790 1781 3104 1847 ἐκτεθεῑσας
3149 1781 3414 1853 προήκατο
3449 1776 3615 1845 φωνάς.
3641 1769 3706 1826 Ὧν

2241 1873 2425 1944 σαφῶς
2463 1874 2558 1927 ὑπ’
2599 1873 2898 1945 ὀφθαλμοῖς
2950 1873 3240 1945 ὁρωμένων
3297 1872 3416 1942 ἡμῖν
3457 1867 3595 1920 εἰσέτι
3628 1863 3704 1926 νῦν,

2240 1967 2514 2038 θαυμάσαι
2543 1966 2657 2020 ἔστι
2691 1967 2818 2030 τοὺς
2851 1968 2914 2020 ἐκ
2956 1965 3255 2038 περιτομῆς
3273 2004 3287 2028 ,
3315 1963 3408 2033 οὐχ
3433 1959 3579 2022 οὕτως
3609 1958 3706 2010 ἀντιο

2239 2058 2457 2114 ϐλέπειν
2488 2061 2600 2123 τοῖς
2622 2059 2870 2129 ἐναργέσι
2897 2057 3228 2128 τολμῶντας,
3257 2057 3374 2109 ὅσον
3397 2050 3706 2111 ἁϐλεπτοῦντσς

2237 2155 2331 2207 καὶ
2366 2152 2464 2224 τὴν
2499 2151 2735 2207 διάνοιαν
2789 2149 3227 2220 ἐσκοτωμένους,
3278 2146 3406 2218 πρὸς
3435 2145 3488 2198 τὸ
3530 2142 3590 2215 μὴ
3617 2141 3706 2211 ὁρᾷθ

2236 2246 2300 2299 τὰ
2336 2243 2478 2297 οὕτω
2522 2245 2668 2314 σαιρῆ
2706 2243 2800 2297 καὶ
2834 2242 3036 2313 ἐναργῆ
3077 2241 3186 2295 τῶν
3220 2239 3374 2296 θείων
3399 2234 3594 2309 Γραφῶν
3619 2233 3706 2285 ἀπο-

2232 2337 2564 2408 τελέσματα’
2614 2335 2643 2389 ὃ
2686 2335 2780 2388 καὶ
2827 2333 3128 2388 πεπόνθασι
3175 2331 3312 2386 κατὰ
3349 2328 3438 2401 τὴν
3483 2329 3548 2390 εἰς
3571 2323 3706 2383 αὐτοὺς

2236 2427 2608 2500 πληρωθεῖσαν
2641 2429 2743 2481 κάν
2781 2426 2955 2498 τούτῳ
2993 2424 3086 2479 τοῦ
3126 2423 3341 2478 Ἡσαΐου
3388 2419 3564 2490 φωνὴν,
3587 2416 3635 2467 δι’
3662 2409 3706 2484 ἧς

2233 2520 2514 2574 ἐθέσπισεν
2551 2523 2750 2584 αὐτοῖς,
2798 2519 2997 2574 εἰπών·
3045 2520 3239 2589 «Ἀκοῇ
3282 2514 3550 2574 ἀκούσετε,
3576 2507 3646 2562 καὶ
3665 2505 3705 2558 οὗ

2236 2612 2308 2684 μὴ
2341 2612 2558 2684 συνῆτε,
2583 2614 2676 2666 καὶ
2709 2611 2995 2682 βλέποντες
3022 2610 3268 2681 βλέψετε,
3297 2608 3385 2660 καὶ
3419 2607 3472 2658 οὐ
3499 2603 3560 2674 μὴ
3584 2601 3702 2669 ἴδητε·

2230 2703 2506 2776 ἐπαχύνθη
2542 2703 2650 2776 γὰρ
2689 2705 2721 2774 ἡ
2754 2702 2949 2774 καρδία
2989 2700 3084 2755 τοῦ
3116 2700 3247 2754 λαοῦ
3285 2699 3490 2756 τούτου’
3530 2693 3604 2746 καὶ
3633 2691 3704 2749 toi;

2230 2795 2362 2849 ὠσὶν
2417 2796 2594 2852 αὐτῶν
2638 2796 2848 2867 βαρέως
2891 2797 3152 2868 ἤκουσαν,
3192 2793 3286 2846 καὶ
3327 2791 3444 2853 τοὺς
3477 2781 3704 2855 ὀφθαλμοὺς

2229 2887 2407 2943 αὐτῶν
2456 2889 2806 2959 ἐκάμμυσαν,
2858 2889 3067 2959 μήποτε
3119 2885 3268 2940 ἴδωσι
3319 2886 3423 2946 τοῖς
3467 2873 3702 2948 ὀφθαλμοῖς,

2230 2981 2322 3036 καὶ
2349 2981 2480 3034 ὠσὶν
2505 2981 2801 3046 ἀκούσωσι,
2828 2980 2922 3034 καὶ
2955 2982 3020 3050 τῇ
3053 2979 3253 3051 καρδία
3282 2976 3488 3034 συνῶσι,
3523 2971 3596 3024 καὶ
3620 2968 3702 3018 ἔπι-

567 3067 764 3139 guendi
811 3077 936 3123 sunt
973 3077 1230 3139 tanquam
1262 3068 1320 3131 ii,
1349 3067 1443 3138 qui
1483 3083 1591 3122 non
1623 3069 1796 3123 solum
1844 3069 2126 3140 impuden-

2231 3071 2522 3143 στρέψωσι,
2575 3071 2669 3124 καὶ
2715 3070 2949 3141 ἱάσωμαι
3001 3069 3224 3132 αὐτούς.
3273 3087 3291 3118 ι
3356 3063 3482 3118 Ἀλλ’
3518 3057 3612 3114 ἐπεὶ
3642 3053 3703 3108 καὶ

568 3169 651 3216 ter
693 3161 856 3219 rebus
885 3163 1026 3218 veris
1055 3177 1117 3216 ac
1142 3161 1446 3219 manifestis
1477 3169 1797 3234 repugnent,
1834 3163 1928 3218 sed
1957 3163 2120 3218 etiam

563 3254 819 3308 vaticinia
851 3270 949 3309 sua
973 3261 1032 3308 ut
1056 3253 1210 3320 falsa,
1237 3264 1497 3326 quantum
1525 3255 1578 3308 in
1605 3256 1738 3325 ipsis
1761 3260 1864 3319 est,
1915 3254 2123 3310 calum-

564 3347 803 3408 nientur,
857 3345 904 3401 si
949 3347 1038 3401 illa
1082 3346 1298 3416 quidem
1329 3347 1382 3400 in
1413 3362 1516 3400 ωας
1536 3362 1800 3400 annorum
1831 3347 2122 3402 hebdoma-

562 3439 660 3496 das
701 3441 1012 3496 universum
1045 3450 1255 3510 tempus
1303 3439 1608 3500 includunt,
1639 3439 1767 3494 dum
1801 3453 1921 3509 quae
1955 3438 2122 3493 inter-

562 3532 744 3588 medio
773 3540 1014 3604 tempore
1061 3540 1318 3587 eventura
1369 3539 1496 3587 sunt
1533 3517 1822 3586 divinant:
1855 3532 1954 3601 ipsi
1996 3546 2124 3586 vero

564 3638 690 3680 cum
717 3623 827 3695 jam
855 3625 926 3679 ab
957 3624 1072 3694 ipsa
1093 3623 1374 3694 prophetia
1398 3638 1570 3694 usque
1592 3622 1656 3677 ad
1681 3638 1782 3678 nos
1812 3637 1979 3693 prope
2006 3622 2126 3676 mil-

560 3715 784 3772 lesimus
810 3724 1001 3786 agatur
1020 3731 1218 3777 annus.
1249 3715 1386 3769 nihil
1409 3731 1599 3771 eorum
1629 3731 1751 3784 qua:
1775 3715 1976 3785 scripta
1999 3723 2124 3769 sunt

561 3807 761 3864 factum
786 3825 906 3865 esse
938 3809 1335 3873 demonstrant,
1375 3809 1592 3863 tametsi
1637 3809 1877 3879 ipsorum
1915 3808 2121 3871 unctio,

557 3908 617 3957 ut
677 3901 918 3956 divinum
976 3901 1298 3971 prtedixerat
1348 3901 1651 3961 oraculum,
1695 3899 1868 3954 deleta
1926 3908 2030 3963 cst,
2073 3908 2125 3954 et

2229 3166 2355 3236 crept
2383 3163 2489 3217 τῶν
2532 3162 2966 3216 πεπιστευκότων
3010 3161 3183 3214 ἐθνῶν
3215 3163 3295 3225 εἰς
3325 3159 3411 3213 τὸν
3440 3149 3626 3226 Χριστὸν
3642 3143 3702 3200 τοῦ

2227 3255 2360 3309 Θεοῦ
2404 3255 2570 3310 πάλαι
2607 3254 2870 3326 πρότερον
2913 3252 3120 3326 εἴρητο·
3179 3271 3197 3303 ι
3234 3247 3327 3315 Οἷς
3376 3249 3468 3302 οὐκ
3503 3237 3702 3314 ἀνηγγέλη

2229 3347 2360 3418 περὶ
2412 3343 2578 3400 αὐτοῦ
2603 3386 2618 3410 ,
2667 3343 2917 3414 ὄψονται,
2973 3344 3065 3396 καὶ
3108 3344 3161 3396 οἳ
3204 3343 3303 3396 οὐκ
3340 3337 3591 3408 ἀκηκόασι»
3623 3344 3704 3380 συν·

2225 3441 2438 3512 ήσουσι,
2470 3443 2534 3512 τῇ
2569 3439 2731 3492 αὑτοῦ
2761 3439 2941 3510 χάριτι
2967 3439 3062 3492 καὶ
3075 3441 3142 3508 τῇ
3171 3435 3266 3490 τοῦ
3290 3433 3570 3505 πέμψαντος
3596 3418 3704 3476 ait?“

2223 3536 2462 3606 Πατέρος
2479 3573 2492 3595 ,
2523 3552 2541 3585 ι
2577 3535 2738 3604 ἡμεῖς
2764 3550 2822 3585 τε
2856 3531 2997 3586 κατὰ
3023 3531 3082 3584 τὸ
3107 3529 3329 3584 δυνατὸν
3360 3529 3423 3580 τὰ
3442 3521 3633 3593 φανέντα
3655 3514 3707 3571 εἰς

2221 3627 2345 3690 τοὺς
2375 3627 2572 3688 τόπους
2605 3626 2924 3696 εἰρήκαμεν,
2955 3623 3048 3677 καὶ
3073 3621 3147 3676 τὰ
3175 3621 3253 3692 τῷ
3287 3619 3390 3690 πρὸ
3414 3613 3549 3688 ἡμῶν
3579 3611 3706 3674 Ἀφρθ

2223 3717 2370 3789 κανῷ
2411 3717 2766 3788 εὐγνωμόνως
2807 3716 3031 3783 δόξαντα
3080 3712 3498 3786 παρεθήκαμεν,
3541 3702 3707 3789 ἐχόμενα

2221 3810 2314 3863 καὶ
2344 3787 2511 3862 αὐτὰ
2559 3787 2840 3878 ἀκριϐείας
2865 3823 2878 3836 ’
2937 3805 3058 3859 ὅθεν
3111 3805 3210 3859 καὶ
3256 3804 3433 3864 αὐτοῖς
3474 3797 3539 3859 ὡς
3581 3787 3706 3848 καλῶς

2221 3899 2400 3970 ἔχουσι
2437 3899 2721 3972 χρηστέον.

557 4006 805 4050 sanctum
835 3997 1148 4052 eorumdem
1174 4012 1282 4050 una
1303 4012 1425 4050 cum
1455 3972 1732 4066 prioribus
1795 3995 1990 4051 incolis
2044 3995 2397 4066 disperditum
2430 4004 2592 4066 atque
2625 3994 2868 4050 excisum
2909 3994 2964 4047 in
3001 3991 3213 4048 diluvio
3242 3991 3366 4048 belli
3403 3978 3624 4044 contracti
3651 3976 3706 4028 in-

553 4090 980 4155 ternecionibus,
1003 4095 1057 4144 et
1087 4089 1140 4142 in
1165 4103 1228 4144 eo
1255 4089 1374 4144 loco
1402 4089 1578 4144 adhuc
1597 4091 1862 4154 cernitur,
1889 4089 1942 4143 id
1971 4090 2114 4160 quod
2174 4089 2415 4144 omnium
2481 4089 2894 4146 admirationem
2925 4096 3151 4157 superat
3175 4107 3188 4142 :
3216 4088 3341 4143 dico
3370 4093 3533 4140 autem
3561 4070 3706 4131 abomi-

553 4183 826 4237 nationem
846 4182 1198 4238 desolationis
1220 4181 1396 4235 adhuc
1418 4188 1563 4237 stare
1588 4196 1653 4236 eo
1679 4181 1733 4236 in
1761 4181 1879 4236 loco
1907 4182 2000 4252 qui
2030 4189 2187 4236 antea
2209 4189 2434 4238 sanctus
2454 4189 2592 4248 erat,
2611 4196 2720 4252 qua
2748 4181 2816 4236 de
2831 4196 2891 4237 re
2910 4181 3074 4235 etiam
3132 4179 3384 4236 Salvator
3406 4193 3464 4233 ac
3513 4169 3704 4227 Dominus

553 4279 742 4327 noster
777 4272 1021 4342 exposita
1068 4289 1243 4343 nuper
1299 4273 1461 4329 verba
1508 4273 1830 4328 enuntiavit.
1860 4273 1990 4340 Quae
2019 4273 2233 4344 quidem
2262 4290 2350 4330 res
2374 4289 2496 4329 cum
2557 4273 2874 4343 planissime
2905 4274 3009 4330 sub
3036 4276 3233 4332 oculos
3257 4275 3410 4332 nobis
3459 4266 3595 4342 50E
3617 4260 3707 4319 ξιιίν

549 4365 706 4437 jcctaz
727 4365 857 4429 sint,
885 4373 1048 4435 atque
1077 4366 1238 4422 etiam
1267 4383 1414 4424 nunc
1439 4374 1750 4432 cernantur,
1779 4365 1994 4422 Iudaeos
2023 4366 2279 4421 admirari
2303 4382 2482 4437 opera:
2512 4367 2745 4436 pretium
2772 4374 2877 4430 est,
2912 4382 3020 4421 non
3054 4376 3166 4423 tam
3227 4369 3374 4440 quod
3433 4365 3648 4419 adversus
3665 4367 3707 4407 ea

553 4476 674 4535 quae
695 4461 767 4516 ita
784 4461 1071 4532 perspicua
1091 4471 1218 4518 sunt
1239 4462 1515 4518 intendere
1541 4463 1728 4518 Oculos
1748 4464 2002 4528 audeant,
2056 4479 2216 4535 quam
2247 4464 2392 4534 quod
2451 4465 2522 4518 ita
2547 4465 2800 4536 caligent,
2837 4481 3138 4537 eorumque
3177 4483 3334 4523 mens
3371 4466 3440 4520 ita
3479 4457 3709 4516 involvalur

552 4555 814 4624 tenebris,
841 4565 900 4613 ut
927 4574 1036 4614 non
1066 4559 1284 4615 videant
1313 4576 1398 4624 ea,
1422 4574 1539 4630 quae
1565 4569 1673 4612 tam
1701 4561 1847 4614 clara
1877 4571 2094 4630 tamque
2130 4562 2397 4616 evidentia
2427 4570 2556 4617 sunt
2605 4562 2911 4616 divinarum
2970 4560 3384 4632 Scripturarum
3409 4567 3591 4618 eventa,
3608 4541 3706 4620 quod

550 4653 770 4726 quidem
819 4653 900 4710 eis
945 4655 1245 4711 secundum
1290 4655 1436 4710 illam
1470 4654 1623 4711 lsaize
1654 4671 1864 4724 vocem,
1894 4671 2016 4726 qua:
2054 4655 2107 4708 in
2145 4656 2248 4710 hoc
2270 4671 2486 4726 quoque
2514 4656 2778 4712 adversus
2807 4656 2930 4710 illos
2983 4657 3256 4726 completa
3317 4667 3418 4716 est,
3445 4634 3705 4706 acciditnli!i

549 4747 721 4801 utitur
759 4746 865 4803 illis
891 4748 1070 4804 verbis
1102 4745 1133 4800 ε’
1156 4767 1174 4800 ι
1215 4748 1417 4802 Auditu
1447 4747 1714 4812 audietis,
1747 4757 1798 4802 et
1868 4763 1975 4814 non
2018 4747 2325 4819 intelligetis
2363 4768 2374 4803 :
2408 4756 2464 4804 et
2497 4749 2770 4804 intuentes
2838 4747 3210 4811 intuebimini,
3259 4754 3314 4803 et
3343 4760 3447 4800 non
3486 4732 3707 4797 videbitis;

546 4859 796 4901 crassum
830 4846 975 4901 enim
1008 4846 1209 4900 factum
1240 4853 1324 4902 est
1357 4861 1453 4900 cor
1487 4845 1672 4916 populi
1699 4844 1861 4915 hujus
1896 4863 1908 4898 :
1957 4853 2012 4922 et
2055 4845 2282 4901 auribus
2330 4845 2445 4900 suis
2484 4845 2720 4916 graviter
2783 4844 3094 4906 audierunt,
3127 4851 3184 4899 et
3215 4844 3404 4898 oculos
3467 4849 3577 4893 suos
3605 4828 3712 4882 clall'

546 4947 759 5004 serunt,
791 4955 859 4995 ne
903 4939 1122 5009 quando
1167 4938 1384 4994 videant
1424 4939 1620 5005 oculis,
1655 4948 1710 4994 et
1755 4939 1981 4994 auribus
2013 4937 2258 5010 aqdiant,
2287 4947 2341 4993 et
2371 4939 2536 4994 corde
2598 4937 2924 5009 intelligant,
2959 4944 3014 4992 et
3073 4942 3479 4996 convertantur,
3511 4937 3556 4984 et
3573 4930 3708 5020 saliet"

546 5049 640 5090 eos
670 5034 772 5090 ’³.»
819 5033 923 5090 Sed
957 5035 1213 5106 quoniam
1242 5033 1308 5090 de
1337 5036 1589 5106 gentibus
1617 5051 1738 5106 quae
1765 5035 1819 5089 in
1853 5035 2011 5088 fidem
2049 5032 2254 5113 Christi
2279 5034 2373 5090 Dei
2403 5042 2670 5090 venerunt
2704 5034 2832 5088 olim
2896 5033 3050 5103 prius
3079 5031 3288 5086 dictum
3351 5031 3548 5086 fuerat:
3574 5038 3590 5071 ι
3618 5015 3710 5082 Qui'

545 5130 650 5185 bus
685 5130 994 5184 nuntiatum
1028 5147 1134 5184 non
1163 5136 1246 5185 est
1281 5128 1347 5183 de
1375 5128 1488 5192 illo,
1522 5130 1558 5184 ii
1586 5129 1868 5190 videbunt,
1904 5135 1958 5182 et
1979 5126 2072 5197 qui
2099 5141 2207 5181 non
2263 5127 2572 5192 audierunt,
2599 5127 2633 5181 ii
2676 5127 2976 5198 intelligent
2995 5128 3063 5191 “,
3103 5147 3122 5180 ι
3166 5144 3269 5184 nos
3299 5127 3424 5182 item
3447 5119 3575 5176 illius
3595 5114 3709 5175 atque

545 5217 686 5289 ejus,
718 5224 810 5289 qui
839 5220 989 5274 misit
1020 5220 1194 5284 illum,
1221 5218 1399 5277 Patris
1424 5218 1714 5282 beneficio,
1747 5235 1844 5290 pro
1878 5218 2106 5280 viribus,
2145 5233 2266 5288 quae
2304 5219 2420 5274 visa
2463 5227 2590 5274 sunt
2654 5218 2882 5274 dicenda
2913 5219 2970 5274 in
3035 5217 3136 5274 hos
3179 5219 3331 5274 locos
3367 5217 3472 5289 jam
3515 5204 3708 5264 diximus,

545 5324 758 5368 necnon
803 5325 922 5381 qua;
965 5309 1222 5366 Africano
1284 5311 1582 5381 superioris
1609 5310 1787 5364 aetatis
1834 5309 1953 5363 viro
2021 5316 2149 5372 sunt
2185 5310 2320 5373 visa,
2363 5309 2440 5363 illi
2483 5309 2585 5380 ipsi
2616 5321 2837 5382 accepta
2885 5310 3184 5367 referentes
3253 5306 3598 5381 apposuimus.
3627 5298 3713 5363 (111ιι

544 5407 660 5474 ipsa
712 5419 927 5474 quoque
973 5403 1259 5476 diligenter
1309 5412 1471 5475 atque
1515 5413 1768 5460 accurate
1809 5403 2110 5474 excogitata
2151 5411 2278 5457 sunt
2315 5419 2326 5453 :
2361 5419 2528 5473 quare
2552 5405 2658 5464 illis
2689 5414 2744 5459 ut
2779 5405 2914 5462 bene
2948 5403 3184 5461 inventis
3206 5405 3310 5462 erit
3331 5399 3585 5458 utendum.

615 5594 659 5625 "
697 5593 831 5648 Luc.
867 5614 954 5652 ut
980 5637 995 5661 ,
1030 5597 1116 5652 20.
1195 5602 1238 5632 9’
1280 5599 1380 5657 lsa.
1418 5617 1504 5667 vi,
1542 5601 1626 5658 10.
1706 5600 1749 5634 θδ
1790 5598 1946 5656 llum.
1983 5615 2082 5668 xv,
2113 5599 2203 5657 ‘21.
