3922 6200
1796 23 1829 53 4

566 204 676 265 635

1259 205 1528 266 EUSEBII
1562 206 2038 265 CESARIENSIS
2072 208 2223 267 OPP.
2259 205 2441 264 PARS
2473 205 2538 264 Il.
2576 236 2648 248 —
2680 204 3166 264 APOLOGETICA.

3594 212 3673 268 636

563 320 710 395 ignis
735 320 900 394 5.06
921 321 1246 391 liquescent,
1273 326 1329 377 et
1354 321 1512 393 quasi
1542 326 1683 393 aqua
1718 336 1840 392 quae
1879 320 2108 378 defertur

2224 319 2466 376 παλαιῶν
2519 318 2825 390 ὀψομάτων
2874 319 2964 373 τὸν
3023 318 3127 374 τῶν
3178 319 3523 392 προειρημένων
3562 323 3674 393 deos

562 412 618 470 iu
649 428 909 484 praeceps,
949 432 968 465 ι
1003 422 1222 483 propter
1254 413 1658 470 multitudinem
1701 429 1889 473 eorum
1919 413 2012 485 qui
2059 414 2116 469 in

562 506 672 560 illis
700 503 942 574 quotidie
968 517 1001 556 a
1031 503 1346 559 melioribus
1390 505 1460 577 ad
1488 504 1758 560 deteriora
1808 505 2066 560 labuntur
2100 523 2116 561 :

560 604 615 652 et
646 595 829 650 omnia
866 595 981 649 hac
1010 595 1087 648 ait
1130 593 1310 649 futura
1340 612 1361 646 ι
1398 603 1618 666 propter
1658 594 1990 666 impietatem
2023 597 2121 652 do-

561 701 684 743 mus
729 683 919 751 Iacob,
961 692 1015 741 et
1059 693 1277 756 propter
1307 695 1588 756 peccatum
1634 686 1830 742 domus
1871 686 2058 744 Israel.
2095 706 2116 740 ο

554 764 821 843 Quaenam
860 790 991 832 vero
1023 775 1096 832 sit
1121 775 1237 830 haec
1277 776 1527 847 impietas
1553 784 1610 832 et
1641 777 1788 848 quod
1817 787 2118 847 peccatum,

555 883 887 941 progressus
932 868 1147 939 longius
1176 868 1423 941 adiungit
1455 889 1470 926 :
1508 888 1529 922 ι
1576 869 1682 937 Qui
1710 870 2118 935 abominamini,

554 962 760 1033 inquit,
788 962 1087 1027 judicium,
1127 970 1183 1018 et
1223 961 1407 1019 omnia
1450 970 1597 1018 recta
1641 964 1970 1033 pervertitis.
2014 961 2119 1030 Qui

552 1054 861 1122 ediﬁcatis;
898 1053 1030 1109 Sion
1079 1054 1137 1109 in
1182 1053 1540 1125 sanguinibus
1577 1092 1594 1117 ,
1652 1062 1705 1110 et
1729 1052 2029 1110 Jerusalem
2065 1053 2122 1109 in

552 1145 866 1215 injustitiis,
903 1163 923 1198 ι
960 1146 1017 1200 in
1045 1145 1244 1216 quibus
1281 1145 1634 1216 sanguinibus
1679 1146 1844 1201 etiam
1886 1146 1976 1201 ille
1998 1144 2119 1215 fuit,

552 1238 655 1308 qui
689 1237 799 1292 illis
835 1244 1202 1292 extremorum
1230 1237 1499 1291 malorum
1540 1236 1756 1292 initium
1790 1252 2124 1308 causamque

555 1329 824 1399 praebuit,
853 1336 1075 1398 propter
1099 1342 1259 1397 quem
1285 1328 1509 1398 impiam
1547 1328 1693 1382 illam
1717 1343 1903 1383 vocem
1933 1336 2123 1384 contra

552 1420 769 1488 seipsos
796 1418 1114 1482 emiserunt,
1148 1417 1391 1479 dicentes
1426 1437 1440 1472 :
1484 1436 1503 1469 ι
1542 1416 1778 1489 Sanguis
1805 1418 1929 1487 ejus
1958 1432 2125 1489 super

557 1526 660 1566 nos
690 1517 743 1565 et
773 1524 937 1579 super
960 1508 1101 1565 ﬁlios
1128 1517 1347 1565 nostros
1378 1509 1447 1564 ".
1487 1527 1508 1561 ι
1545 1509 1733 1580 Itaque
1760 1517 1981 1580 propter
2004 1509 2124 1581 ipsa

554 1600 693 1666 haec,
719 1600 914 1671 inquit,
950 1617 971 1651 ι
1008 1598 1140 1654 Sion
1175 1599 1334 1669 quasi
1363 1614 1492 1669 ager
1516 1599 1791 1667 arabitur,
1822 1607 1876 1654 et
1903 1597 2124 1655 Jerusa-

2218 411 2405 484 νισμδν
2441 410 2940 483 ἀπολοφυρόμεναι,
2974 428 2995 462 ι
3023 410 3096 475 ὡς
3134 410 3288 482 κηρὸς
3315 410 3408 464 ἀπὸ
3449 413 3673 483 προσώπου

2218 505 2387 576 πυρὸς
2425 503 2833 575 ὲκτακήσονται,
2860 502 2952 561 καὶ
2984 502 3058 566 ώς
3097 500 3232 574 ὓδωρ
3253 503 3611 575 καταφερόμενον
3630 509 3674 560 ὲν

2219 595 2535 659 καταϐάσει,
2547 615 2566 647 ι
2588 594 2676 649 διὰ
2686 595 2747 648 τὸ
2768 593 2970 665 πλῆθος
2980 593 3085 647 τῶν
3095 594 3149 647 ὲν
3165 593 3336 658 αὐταῖς
3353 595 3444 648 ἀπὸ
3454 595 3539 648 τῶν
3550 614 3678 669 κρειτ-

2218 689 2384 743 τόνων
2406 688 2498 741 ὲπὶ
2525 686 2597 741 τά
2617 687 2783 759 χείρω
2810 685 3246 740 καταπιπτόντων
3270 686 3518 758 ὁσημέραι.
3536 689 3677 744 Πάντα

2216 779 2277 835 δὲ
2303 778 2478 833 ταῦτά
2507 795 2670 851 φησιν
2708 778 2925 839 ἔσεσθαι
2956 795 2979 833 ι
3002 777 3068 831 δι’
3092 777 3326 835 ἀσέϐειαν
3350 780 3476 834 οἴκου
3508 778 3678 845 Ἰακὼϐ.

2219 871 2313 925 καὶ
2338 871 2407 925 δι’
2431 870 2703 942 ἁμαρτίαν
2721 869 2870 925 οἴκου
2913 870 3144 943 Ἰσραήλ.
3171 889 3190 923 ο
3225 868 3311 934 Τίς
3326 870 3366 925 δ’
3381 866 3487 942 ήνή
3515 870 3680 925 ἀσέϐεια

2220 961 2311 1015 καὶ
2334 961 2368 1031 ή
2393 960 2653 1031 ἁμαρτία,
2681 957 2886 1031 προῖὼν
2917 958 3042 1032 ἑξῆς
3066 959 3317 1029 ἐπιλέγει·
3346 979 3365 1012 ι
3390 962 3445 1014 Ol
3469 959 3681 1031 βδελυσσό-

2222 1068 2371 1123 μενοι
2403 1054 2576 1123 κρῖμα
2599 1090 2616 1116 ,
2647 1051 2742 1106 καὶ
2771 1052 2949 1107 πάντα
2979 1052 3048 1106 τὰ
3077 1051 3207 1124 ὀρθά
3238 1051 3619 1124 διαστρέφοντες·
3646 1054 3680 1106 οἰ

2219 1142 2621 1216 οἰκοδομοῦντες
2661 1142 2798 1198 Σιὼν
2825 1144 2883 1196 ὲν
2913 1143 3136 1214 αῖμασιν
3157 1184 3172 1209 ,
3201 1144 3290 1197 καὶ
3319 1142 3617 1216 Ἰερουσαλὴμ
3637 1146 3676 1197 ὲν

2219 1233 2480 1298 ἀδικίαις*
2514 1254 2534 1287 ι
2565 1236 2624 1291 ἐν
2651 1228 2733 1298 οἷς
2764 1233 2957 1305 αἵμασι
2984 1235 3198 1299 κάκεῖνο
3225 1230 3287 1306 ἦν
3305 1234 3360 1288 τὸ
3380 1233 3474 1288 τῶν
3500 1234 3681 1287 ὑστάτων

2221 1324 2406 1380 κακῶν
2435 1324 2717 1397 παραίτιον
2749 1325 2932 1389 αὐτοῖς
2960 1325 3241 1397 γενόμενον
3258 1366 3271 1391 ,
3298 1326 3375 1395 ἐφ’
3400 1318 3440 1393 ᾧ
3456 1325 3539 1397 τὴν
3563 1324 3681 1395 ἀσεϐῆ

2223 1416 2406 1488 φωνὴν
2447 1418 2530 1480 εἰς
2577 1417 2802 1481 ἑαυτοὺς
2850 1418 3221 1472 ἐπεσπάσαντο
3241 1458 3254 1483 ,
3293 1419 3555 1495 φήσαντεςο
3591 1416 3683 1469 (Ti

2219 1499 2356 1576 αἷμα
2383 1503 2547 1559 αὑτοῦ
2580 1505 2664 1575 ἐφ’
2690 1507 2868 1577 ἡμᾶς,
2896 1507 2990 1560 καὶ
3016 1507 3108 1560 ἐπὶ
3144 1507 3209 1561 τά
3238 1508 3384 1561 τέκνα
3408 1506 3562 1578 ήμῶν.
3583 1525 3598 1557 ι
3617 1504 3678 1559 Διὸ

2206 1596 2372 1666 γοῦν,
2407 1598 2558 1668 φησὶ,
2584 1597 2722 1652 αὐτά
2744 1596 2933 1664 ταῦτα,
2965 1616 2985 1650 ι
3009 1597 3087 1663 ὡς
3107 1599 3267 1671 ἀγρὸς
3288 1597 3411 1652 Σιὼν
3433 1596 3684 1670 ἀροτριαθή-

558 1694 662 1750 lein
707 1693 863 1764 quasi
904 1706 1189 1763 pomorum
1222 1690 1472 1748 custodia
1519 1692 1661 1747 erit:
1701 1709 1720 1743 ι
1744 1707 1865 1762 qua:
1894 1690 2108 1762 quidem

2215 1705 2386 1755 σεται,
2420 1690 2513 1743 καὶ
2556 1690 2909 1762 Ἰερουσαλὴμ
2940 1689 3014 1754 ώς
3032 1691 3469 1762 ξόπωροερυλάκιον
3499 1689 3677 1743 ἔσται’,

554 1787 707 1842 nullo
728 1798 967 1855 unquam
989 1782 1098 1838 alio
1124 1792 1386 1854 tempore,
1405 1797 1565 1853 quam
1590 1790 1712 1853 post
1731 1784 1822 1837 illa
1845 1798 1966 1854 quae
1985 1798 2118 1838 con-

554 1887 641 1931 tra
667 1874 1001 1931 Salvatorem
1031 1882 1280 1931 nostrum
1335 1875 1457 1930 ausi
1488 1882 1636 1940 sunt,
1672 1890 1862 1931 verum
1901 1874 2108 1930 exitum

554 1984 833 2041 accepere.
865 1967 943 2022 Ex
974 1968 1069 2023 illo
1101 1969 1243 2024 enim
1283 1968 1350 2023 ad
1387 1967 1531 2023 hunc
1584 1982 1759 2036 usque
1802 1967 1946 2023 diem
1979 1966 2115 2023 locis

554 2061 665 2117 illis
703 2067 944 2116 extrema
988 2059 1283 2116 solitudine
1329 2060 1630 2130 occupatis,
1670 2074 1829 2114 mons
1861 2057 1993 2113 Sion
2023 2058 2115 2129 qui

551 2151 695 2222 apud
742 2151 864 2206 illos
910 2159 1067 2206 antea
1120 2151 1507 2206 celeberrimus
1537 2156 1695 2214 erat,
1722 2149 1844 2204 loco
1879 2148 2116 2218 antiquae

553 2244 704 2298 illius
735 2242 1103 2299 méditationis
1134 2251 1300 2313 atque
1334 2242 1761 2307 exercitationis,
1792 2256 1912 2312 quae
1939 2241 1995 2296 in
2022 2241 2114 2296 illo

550 2331 789 2405 vigebat,
814 2332 1257 2403 propheticorum
1285 2332 1703 2403 divinorumque
1734 2332 2104 2398 oraculorum,

486 2438 497 2453 ί
548 2440 675 2498 quae
700 2436 859 2481 antea
890 2426 992 2480 viri
1033 2425 1244 2482 Hebraei
1282 2423 1488 2496 Deique
1520 2425 1815 2480 familiares
1837 2424 2113 2496 prophetae

552 2521 973 2591 sacerdotesque
1014 2527 1071 2574 et
1097 2518 1341 2589 magistri
1385 2517 1552 2573 totius
1595 2517 1772 2600 gentis
1820 2517 1877 2572 in
1920 2516 2109 2573 eodem

549 2626 748 2683 magno
772 2627 897 2667 cum
923 2610 1105 2666 studio
1118 2609 1438 2676 reddebant,
1463 2624 1562 2679 per
1586 2609 1734 2664 viros
1755 2607 2030 2665 Romanos
2054 2610 2110 2665 in

548 2705 698 2760 nulla
730 2720 792 2760 re
820 2719 852 2758 a
884 2703 1095 2774 reliqua
1135 2702 1356 2773 regione
1387 2701 1642 2757 dill‘erens
1679 2709 1867 2755 aratur
1891 2708 1946 2756 et
1975 2701 2111 2756 coli-

546 2805 659 2860 tur,
688 2804 748 2850 ut
777 2809 881 2851 nos
910 2810 1127 2866 quoque
1166 2794 1277 2865 ipsi
1310 2792 1708 2863 inspexerimus
1740 2792 1903 2847 boum
1946 2807 2109 2863 opera

548 2890 726 2944 locum
777 2894 833 2942 et
874 2887 1017 2942 arari
1058 2894 1115 2943 et
1146 2885 1427 2942 seminari.
1486 2883 1608 2955 Ipsa
1635 2898 1767 2940 vero
1804 2882 2106 2941 Jerusalem

2215 1781 2358 1853 άπερ
2392 1781 2499 1835 οὐδ’
2532 1781 2716 1836 ἄλλοτε
2747 1780 2965 1839 πώποτε
3002 1783 3037 1856 ἧ
3076 1782 3211 1854 μετά
3261 1782 3324 1836 τὰ
3360 1780 3484 1836 κατὰ
3513 1780 3586 1834 τοῦ
3610 1781 3684 1835 Σω-

2210 1875 2376 1943 τῆρος
2399 1870 2553 1944 ἡμῶν
2579 1872 2957 1945 τετολμημένα
2985 1874 3161 1946 άληθῆ
3182 1874 3277 1945 τὴν
3298 1873 3496 1928 ἔκϐασιν
3512 1872 3682 1945 εἴληχεν.

2226 1961 2315 2026 Ἐξ
2341 1961 2545 2016 ἐκείνου
2584 1962 2692 2036 γάρ
2726 1980 2811 2017 τοι
2855 1963 2949 2018 καὶ
2971 1964 3052 2028 εἰς
3087 1963 3243 2036 δεῦρο
3280 1964 3494 2036 ἐσχάτης
3512 1962 3685 2035 ἐρημίας

2214 2053 2621 2125 καταλαϐούσης
2657 2055 2783 2119 τοὺς
2817 2054 3014 2119 τόπους
3034 2095 3050 2121 ,
3083 2056 3145 2110 τὸ
3184 2055 3279 2125 μὲν
3322 2055 3441 2126 πρὶν
3473 2053 3683 2124 διαϐόητον

2211 2143 2387 2196 αὐτῶν
2416 2142 2552 2197 Σιὼν
2576 2143 2702 2217 ὀρος
2719 2183 2735 2208 ,
2768 2144 2888 2198 ἀντί⁸
2917 2144 3019 2215 τῆς
3062 2144 3238 2207 πάλαι,
3268 2147 3322 2199 ὲν
3350 2144 3482 2215 αὐτῷ
3520 2144 3684 2215 μελέτης

2211 2236 2304 2289 καὶ
2332 2236 2618 2307 ἀσκήσεως
2646 2236 2755 2291 τῶν
2781 2237 3132 2310 προφητικῶν
3159 2240 3251 2293 καὶ
3282 2237 3428 2297 θείων
3455 2229 3683 2305 λόγων,ὧν

2210 2329 2395 2394 παῖδες
2434 2329 2497 2383 τὸ
2542 2330 2670 2401 πρὶν
2713 2328 2983 2401 Ἐϐραίων
3038 2332 3133 2385 καὶ
3166 2330 3418 2402 θεοφιλεῖς
3455 2328 3683 2401 προφῆται,

2211 2422 2374 2492 ἱερεῖς
2402 2438 2462 2475 τε
2493 2421 2589 2476 καὶ
2623 2419 2928 2476 διδάσκαλοι
2962 2421 3054 2476 τοῦ
3090 2422 3289 2487 παντὸς
3321 2421 3488 2485 ἔθνους
3521 2422 3568 2475 ὲν
3590 2418 3681 2486 αἰτῇ

2206 2507 2293 2563 διὰ
2337 2510 2574 2582 σπουδῆς
2612 2510 2908 2576 ἐποιοῦντο,
2947 2511 3039 2566 διὰ
3083 2511 3363 2585 Ῥωμαίων
3399 2509 3580 2578 ἀνδρῶν
3603 2506 3683 2561 κατ’

2206 2599 2359 2654 οὐδὲν
2397 2602 2495 2674 τῆς
2526 2600 2717 2673 λοιπῆς
2740 2602 3070 2674 διαφέρουσα
3097 2603 3280 2676 χώρας
3305 2599 3687 2675 γεωργεῖταιιιὶιῖ

2208 2691 2302 2747 καὶ
2334 2694 2481 2764 ἡμᾶς
2501 2692 2695 2758 αὐτοὺς
2711 2693 3008 2768 ὀφθαλμοῖς
3040 2696 3369 2771 παραλαϐεῖν
3397 2695 3553 2768 βουσὶν
3573 2692 3685 2767 spei.-

2210 2800 2367 2855 μενον
2385 2825 2401 2850 ,
2431 2784 2524 2853 καὶ
2559 2787 3056 2863 κατασπειρόμενον
3082 2789 3176 2842 τὸν
3202 2784 3360 2844 τόπον
3380 2806 3394 2820 ο
3417 2791 3449 2858 ἡ
3470 2788 3519 2841 δὲ
3552 2787 3687 2856 Ἰερου-

2208 2874 2389 2947 σαλὴμ
2426 2876 2563 2948 αὑτὴ
2591 2876 2667 2942 ὡς
2697 2877 3147 2950 ὀπωροφυλάκιον
3173 2879 3272 2950 τῆς
3300 2881 3356 2934 ὲν
3383 2880 3505 2951 αὐτῇ
3524 2875 3688 2936 παλαιᾶς

552 2992 809 3053 tanquam
833 2996 1116 3053 pomorum
1139 2980 1407 3048 custodia,
1443 2987 1703 3052 corrupto
1727 2986 1911 3035 vetere
1934 2979 2026 3050 qui
2049 2978 2103 3032 in

2205 2966 2426 3041 ὀπώρας
2459 2969 2847 3043 διαφθαρείσης
2877 2966 3095 3043 γέγονε,
3128 2972 3324 3043 μᾶλλον
3357 2972 3411 3026 δὲ
3450 2973 3520 3034 εἰς
3542 2968 3687 3023 λιθολο-

548 3076 664 3143 ipsa
684 3083 802 3130 erat
832 3073 1032 3138 fructu,
1060 3073 1252 3130 effecta
1289 3081 1395 3137 est,
1429 3087 1492 3127 ac
1518 3072 1697 3143 potius
1722 3070 1960 3142 lapidum
1990 3069 2107 3124 col-

548 3166 731 3230 lectio,
766 3166 910 3222 sicut
929 3166 988 3221 in
1015 3173 1272 3222 contextu
1299 3163 1572 3220 Hebraico
1597 3163 1812 3235 legitur.
1844 3161 1936 3217 Sic
1959 3161 2104 3218 enim

548 3251 742 3321 Aquila
772 3251 1040 3309 convertit
1067 3272 1083 3307 ι
1115 3271 1133 3304 ι
1176 3251 1383 3308 Idcirco
1413 3262 1632 3323 propter
1654 3266 1772 3318 vos,
1805 3250 1937 3306 Sion
1958 3259 2106 3308 terra

546 3342 814 3406 arabitur,
837 3352 892 3399 et
952 3343 1021 3399 de
1064 3342 1364 3400 Jerusalem
1409 3344 1617 3415 lapides
1676 3345 2017 3416 colligentur.
2079 3363 2100 3399 ι

546 3435 631 3490 Ab
650 3435 889 3496 externis
925 3437 1069 3492 enim
1113 3436 1428 3492 hominibus
1465 3436 1730 3502 habitata,
1776 3436 1937 3493 hodie
1964 3452 2103 3508 quo-

544 3543 652 3598 que
686 3527 891 3598 lapides
915 3528 1218 3599 legentibus
1261 3529 1483 3600 praebet,
1513 3544 1640 3584 cum
1673 3544 1863 3585 omnes
1883 3530 1975 3601 qui
2002 3543 2103 3585 no-

548 3617 679 3673 stris
708 3616 1043 3687 temporibus
1085 3632 1203 3672 eam
1233 3617 1426 3674 urbem
1466 3618 1731 3683 incolunt,
1758 3620 1934 3675 ruina:
1957 3620 2105 3676 illius

544 3705 754 3775 lapides
780 3706 1036 3776 colligant
1067 3712 1175 3760 tam
1209 3706 1277 3761 de
1304 3708 1552 3776 privatis,
1583 3722 1745 3778 quam
1767 3708 1835 3763 de
1863 3723 2106 3764 commu—

542 3796 705 3854 nibus
735 3804 788 3852 et
814 3797 1045 3868 publicis
1070 3798 1314 3854 aediﬁciis
1358 3817 1371 3854 :
1402 3808 1457 3855 et
1483 3799 1612 3856 licet
1643 3800 1819 3856 oculis
1848 3801 2104 3857 tristissi-

544 3903 692 3943 mum
750 3891 1121 3959 spectaculum
1178 3890 1399 3954 intueri,
1431 3906 1498 3946 ex
1539 3891 1660 3962 ipso
1705 3891 1905 3962 templo
1931 3903 1987 3951 et
2038 3907 2105 3949 ex

543 3979 678 4049 ipsis
704 3981 979 4051 quondam
999 3980 1197 4053 adytis,
1218 3997 1286 4038 ex
1311 3981 1381 4037 iis
1406 3997 1527 4052 qua:
1548 3992 1736 4039 sancta
1750 3982 2104 4048 vocabantur,

541 4069 750 4141 lapides
767 4087 864 4143 pro
890 4072 1311 4129 simulacrorum
1337 4073 1497 4140 lanis,
1527 4090 1734 4146 proque
1759 4076 2105 4146 spectaculis,

541 4178 650 4232 quo
667 4178 856 4219 omnes
886 4163 1069 4235 populi
1098 4173 1473 4235 concurrant,
1509 4166 1843 4223 aaditlcandis
1874 4169 2104 4236 assumi,

540 4268 660 4323 quae
700 4268 826 4307 cum
861 4253 998 4309 adeo
1043 4254 1319 4310 evidenter
1365 4256 1434 4311 ab
1485 4256 1737 4311 omnibus
1793 4264 2105 4326 cernantur,

2204 3061 2328 3130 γίαν
2352 3061 2493 3115 κατὰ
2509 3062 2607 3133 τὴν
2639 3061 2932 3135 Ἐϐραικὴν
2959 3062 3282 3131 ἀνάγνωσιν.
3312 3065 3368 3119 '0
3393 3063 3508 3134 γοῦν
3525 3059 3687 3121 ’Δκόλας

2205 3153 2372 3225 φησί·
2412 3171 2431 3205 ι
2455 3154 2554 3208 Διὰ
2586 3153 2743 3209 τοῦτο
2785 3154 2947 3227 χάριν
2976 3154 3130 3226 ὑμῶν
3174 3156 3310 3211 Σιὼν
3350 3156 3487 3228 χώρα
3511 3156 3688 3227 ἀροτριᾶ-

2205 3245 2461 3316 θήσεται,
2494 3248 2590 3301 καὶ
2632 3248 2988 3323 Ἰερουσαλὴμ
3029 3249 3510 3322 λιθολογηθήσεται.
3552 3242 3688 3299 »Ὑπὸ

2202 3338 2312 3410 γὰρ
2356 3338 2665 3408 ἀλλοφύλων
2721 3340 2928 3413 ἀνδρῶν
2978 3343 3401 3407 κατοικισθεῖσα,
3453 3340 3590 3395 εἰσέτι
3624 3336 3688 3389 καὶ

2203 3433 2438 3505 σήμερον
2462 3431 2813 3502 λιθολογεϊται
2834 3473 2850 3499 ,
2880 3435 3098 3490 πάντων
3130 3435 3255 3491 καθ’
3278 3437 3419 3508 ἡμᾶς
3442 3434 3601 3494 αὐτοὺς
3616 3428 3688 3482 τῶν

2202 3522 2299 3594 τὴν
2338 3524 2489 3579 πόλιν
2521 3523 2811 3580 οἰκούντων
2848 3527 2973 3590 τοὺς
3013 3527 3123 3581 ἀπὸ
3171 3528 3270 3601 τῆς
3313 3525 3546 3588 πτώσεως
3572 3520 3689 3589 αὐτῆς

2201 3613 2378 3679 λίθους
2426 3616 2827 3686 ἀναλεγομένων
2854 3617 2932 3682 εῐς
2954 3636 3013 3672 τε
3033 3617 3103 3673 τὰ
3126 3618 3234 3674 ῑδια
3259 3621 3351 3674 καὶ
3395 3616 3530 3673 κοινά
3545 3614 3617 3669 καὶ
3632 3610 3690 3680 δη·

2206 3704 2367 3774 μόσια
2405 3707 2837 3780 οἰκοδομήματα·
2876 3710 2969 3763 καὶ
3002 3709 3150 3766 ἔστιν
3190 3711 3475 3784 ὀφθαλμοῖς
3514 3704 3692 3778 παραλα-

2202 3796 2317 3850 ϐεῖν
2350 3796 2664 3871 σκυθρωπὸν
2693 3799 2892 3872 θέαμα,
2930 3803 3056 3867 τοὺς
3086 3803 3144 3870 ἐξ
3179 3804 3343 3859 αὑτοῦ
3379 3802 3465 3857 τοῦ
3492 3797 3607 3872 ἱεροῦ
3629 3792 3693 3849 καὶ

2204 3888 2379 3943 αὐτῶν
2402 3889 2511 3943 τῶν
2533 3890 2695 3945 πάλαι
2719 3891 2926 3947 ἀδύτων
2954 3895 3049 3949 καὶ
3074 3896 3250 3964 ἀγίων
3271 3896 3446 3959 λίθους
3469 3896 3537 3957 εἰς
3549 3890 3606 3944 τὰ
3620 3885 3694 3942 τῶν

2205 3978 2433 4035 εἰδώλων
2459 3981 2657 4061 τεμένη
2677 4020 2692 4040 .
2716 3981 2796 4046 εἰς
2827 4001 2885 4038 τε
2922 3984 2992 4039 τά
3021 3986 3128 4039 τῶν
3163 3989 3452 4061 πανδήμων
3480 3983 3694 4055 θεαμάτων

2205 4060 2691 4145 κατασκευάσματα
2719 4077 3154 4150 ἀπειλημμένους
3175 4098 3189 4111 ο
3219 4074 3295 4137 ὧν
3324 4060 3487 4143 οὕτως
3513 4070 3694 4147 ὲναρτῶς

2204 4167 2316 4230 τοῖς
2349 4166 2512 4220 πᾶσιν
2543 4168 2850 4238 δρωμένων,
2880 4170 2972 4224 καὶ
2990 4172 3020 4225 ὀ
3045 4172 3233 4237 καινὸς
3252 4171 3411 4242 νόμος
3441 4170 3522 4224 καὶ
3539 4161 3694 4234 λόγοςδ

2205 4257 2305 4327 τῆς
2349 4257 2541 4329 καινῆς
2581 4258 2674 4312 τοῦ
2718 4260 2964 4333 Σωτῆρος
2993 4262 3150 4335 ἡμῶν
3205 4264 3361 4337 Ιησοῦ
3406 4257 3697 4339 τοῦβριστοῦ

538 4343 683 4414 quod
715 4358 855 4398 nova
877 4344 1006 4400 item
1035 4344 1141 4413 lex,
1175 4346 1428 4417 quodque
1450 4363 1651 4403 novum
1678 4347 1813 4403 Novi
1843 4364 1875 4404 a
1906 4347 2099 4404 Salva—

2203 4349 2473 4421 Διαθήκης
2520 4350 2728 4404 ἐκεῖθέν
2788 4352 2950 4407 ποθεν
3007 4355 3289 4429 προελθὼν
3338 4356 3484 4426 δῆλος
3528 4352 3581 4405 ἂν
3619 4345 3693 4415 εῖηε

538 4444 655 4492 tore
682 4444 874 4492 nostro
920 4435 1051 4493 Jesu
1100 4438 1340 4504 Christo,
1374 4439 1579 4496 conditi
1620 4438 1952 4497 Testamenti
1976 4457 2101 4498 ver-

537 4528 666 4584 bum
716 4529 867 4585 illinc
922 4529 1144 4585 omnino
1196 4531 1497 4602 profectum
1523 4532 1615 4597 sit,
1664 4547 1798 4590 sane
1846 4535 2105 4592 constite-

534 4622 627 4677 rit.
654 4620 816 4694 507
846 4620 1295 4693 Quandoquidem
1331 4624 1755 4681 innumerabiles
1777 4626 2100 4697 populorum

533 4722 858 4780 conventus,
886 4715 1173 4787 omnisque
1202 4715 1416 4787 generis
1446 4718 1718 4782 nationes,
1750 4718 1956 4774 relictis
1994 4718 2101 4775 diis

532 4808 776 4878 ipsorum
827 4806 1059 4877 patriis,
1115 4807 1414 4879 relictoque
1470 4816 1653 4865 vetere
1695 4810 2102 4882 superstitionis

527 4914 736 4967 errore,
780 4916 950 4955 unum
999 4915 1313 4971 supremum
1356 4899 1524 4957 Deum
1571 4902 1826 4959 invocant
1862 4923 1875 4959 ε
1927 4918 2096 4974 quare

524 4986 690 5042 etiam
704 4988 1142 5059 profundissimae
1157 4990 1306 5062 pacis
1320 5002 1598 5063 compotes
1609 5000 2090 5064 evaserunt,quan-

524 5076 600 5134 do
629 5095 733 5134 non
759 5081 992 5152 amplius
1013 5081 1338 5153 multiplices
1356 5084 1715 5154 principatus,
1752 5104 1772 5137 ι
1796 5100 1973 5155 neque
2001 5100 2089 5139 re-

527 5183 635 5239 gna
666 5186 761 5240 per
785 5172 905 5228 loca
949 5183 1270 5241 cernuntur,
1309 5191 1484 5247 neque
1520 5192 1653 5247 gens
1681 5178 1942 5233 adversus
1960 5192 2091 5247 gen-

512 5276 635 5316 ..ειη
664 5262 901 5333 gladium
929 5266 1122 5332 sumit,
1152 5283 1332 5339 neque
1359 5275 1421 5324 ut
1450 5278 1608 5323 antea
1631 5269 1837 5324 mutuis
1859 5269 2004 5324 inter
2031 5283 2091 5324 se

524 5350 684 5408 bellis
714 5356 954 5421 student,
991 5358 1089 5414 sed
1126 5361 1367 5432 agricola
1408 5360 1588 5416 omnis
1618 5360 1723 5416 sub
1764 5362 1872 5417 vite
1907 5368 1961 5417 et
1987 5362 2090 5416 sub

520 5438 628 5496 ﬁcu
644 5460 746 5501 sua
766 5446 1015 5516 quiescit,
1029 5451 1243 5508 nemine
1266 5451 1388 5509 illos
1400 5458 1759 5521 exterrente,»
1789 5452 1933 5511 sicut
1957 5468 2086 5525 pro~

447 5701 499 5734 ν.
521 5697 535 5704 _
576 5620 628 5653 ⁸⁷
652 5619 868 5687 Matth.
904 5644 1055 5686 xxvu
1076 5671 1091 5700 ,
1121 5633 1211 5691 25.

2211 4441 2327 4510 Ἐφ’
2354 4434 2399 4509 ᾧ
2428 4442 2596 4514 μυρία
2625 4442 2802 4514 πλήθη
2827 4443 2993 4509 λαῶν,
3028 4446 3155 4517 ἔθνη
3188 4465 3249 4515 τε
3280 4451 3494 4503 παντοῖα
3517 4443 3605 4498 τῶν
3623 4454 3695 4491 πα-

2200 4533 2365 4605 τρίων
2391 4534 2699 4589 ἀποστάντα
2731 4535 2888 4601 θεῶν,
2918 4539 3013 4605 καὶ
3037 4539 3137 4609 τῆς
3172 4541 3405 4604 παλαιᾶς
3442 4532 3697 4602 δεισιδαίμο-

2201 4640 2288 4688 νος
2316 4622 2540 4696 πλάνης,
2567 4625 2658 4678 τὸν
2678 4625 2770 4679 ἐπὶ
2793 4626 3006 4687 πάντων
3031 4626 3165 4682 Θεὸν
3186 4629 3535 4683 ἀνακαλεῖται·
3550 4621 3614 4675 διὸ
3638 4618 3700 4673 καὶ

2201 4714 2525 4786 κατηξίωται
2558 4715 2657 4787 τῆς
2691 4715 2992 4790 βαθυτάτης
3020 4720 3283 4790 ἐίρήνης,
3320 4720 3393 4783 ὡς
3428 4714 3598 4789 μηκέτι
3636 4722 3702 4759 πο·

2201 4807 2461 4879 λυαρχίας
2491 4802 2647 4873 εἶναι,
2682 4827 2701 4860 ι
2742 4809 2874 4882 μηδὲ
2902 4810 3176 4881 βασιλείας
3207 4811 3349 4866 κατά
3385 4809 3578 4870 τόπους.
3612 4797 3703 4872 μηδὲ

2201 4899 2349 4964 ἔθνος
2375 4899 2461 4954 ἐπ’
2494 4899 2643 4964 ἔθνος
2677 4902 2946 4973 ῥομφαίαν
2974 4904 3167 4976 αἱρεῖν,
3205 4904 3348 4975 μηδ’,
3392 4902 3464 4966 ὡς
3503 4899 3556 4952 τὸ
3597 4891 3703 4955 “Wo

2198 4992 2452 5064 πολέμοις
2481 4996 2592 5057 τοῖς
2630 4995 2748 5048 κατ’
2785 4994 3027 5071 ἀλλήλων
3063 4996 3366 5067 σχολάζειν,
3398 4980 3704 5071 ἀναπύεὼι

2196 5082 2254 5137 δὲ
2303 5083 2409 5138 τῶν
2458 5084 2713 5156 γεωργῶν
2768 5068 2993 5148 ἕκαστον
3044 5086 3303 5140 ὑποκάτω
3356 5083 3596 5157 ἀμπέλου,
3640 5068 3704 5124 καὶ

2198 5176 2453 5231 ὑποκάτω
2476 5177 2643 5248 συκῆς
2666 5177 2851 5242 αὐτοῦ,
2875 5177 3100 5250 μηδενὸς
3122 5177 3471 5248 ἐκφοϐοῦντος
3489 5167 3701 5250 αὐτοὺς,

2197 5269 2338 5323 κατά
2365 5270 2463 5342 τὴν
2499 5270 2852 5342 προφητείαν.
2880 5248 2984 5324 ήὮν
3016 5270 3186 5335 οὕτως
3215 5271 3324 5328 οὐδ’
3360 5265 3533 5323 ἄλλοτέ
3571 5276 3638 5314 πω

2194 5360 2389 5425 αἰῶνος
2421 5361 2700 5435 πρότερον,
2727 5361 2761 5433 ἦ
2793 5361 2932 5416 κατά
2960 5360 3053 5434 τὴν
3086 5361 3192 5414 τῶν
3223 5359 3499 5432 Ῥωμαίων
3529 5341 3703 5419 ὲπικρά·

2193 5469 2349 5524 τησιν
2382 5452 2487 5507 ἀπὸ
2516 5453 2621 5508 τῶν
2651 5453 2855 5525 χρόνων
2902 5453 3000 5524 τῆς
3040 5451 3356 5525 ἐπιφανείας
3380 5449 3465 5504 τοῦ
3501 5439 3702 5509 Σωτῆρας
