3922 6200
261 255 358 307 65'!

1125 254 1772 314 DEMONSTRATIONIS
1808 252 2266 311 EVANGELICE
2297 253 2428 311 LIB.
2472 253 2610 310 Vill.

3376 256 3478 311 638

254 365 405 438 ημῶν
454 365 546 419 καὶ
602 367 679 428 εἰς
719 364 879 437 δεῦρο
928 366 1378 438 συντελουμένων,
1426 368 1820 440 ἀναμφίλεκτον

1924 367 2102 437 phetia
2132 367 2475 436 praedixerat.
2499 365 2630 431 Quae
2656 378 2779 419 cum
2804 363 2884 419 sic
2906 380 3179 435 nunquam
3202 365 3337 421 alias
3357 374 3479 420 ante

252 459 483 529 ἡγοῦμαι
513 458 612 528 τὴν
641 456 907 521 ἀπόδειξιν
940 457 1213 529 εἰληφέναι
1246 460 1337 513 τὸν
1383 462 1572 532 χρόνον
1609 464 1705 534 τῆς
1730 462 1816 515 θε-

252 549 579 620 σπιζομένης
608 552 687 612 εἰς
717 548 1030 621 ἀνθρώπους
1054 551 1143 604 τοῦ
1173 555 1377 624 Κυρίου
1407 557 1726 627 παρουσίας.

1920 473 1949 510 a
1979 457 2196 511 condito
2240 472 2375 522 aevo,
2414 457 2516 512 nisi
2562 466 2683 527 post
2713 458 2999 512 adventum
3048 455 3346 513 Salvatoris
3380 474 3480 511 no-

1920 550 2043 611 stri,
2110 547 2368 603 Romanis
2430 548 2715 618 imperium
2773 547 3164 614 obtinentibus,
3216 548 3281 600 ad
3334 549 3480 604 hunc

260 656 435 710 usque
470 640 612 695 diem
641 638 988 709 contigerint,
1022 642 1323 698 indubitata
1379 645 1842 702 demonstratione
1876 651 2159 697 ostensum
2203 655 2325 695 esse
2360 640 2593 694 arbitror
2622 639 2763 709 ejus,
2803 654 2962 709 quem
3015 639 3287 709 propheta:
3321 655 3479 695 cane-

246 734 401 797 bant,
437 731 652 787 Domini
690 732 955 788 adventus
978 733 1044 787 ad
1077 734 1347 805 homines,
1383 748 1617 809 tempus.

258 892 404 969 Ἀπρ
413 893 518 946 τοῦ
532 894 917 969 Ζαχαρίουέ
932 895 1150 964 Σημεῖα
1170 899 1401 965 χρόνων
1414 899 1529 969 τῆς
1538 901 1644 955 τοῦ
1670 903 1814 958 Θεοῦ

315 963 511 1043 ᾼργπρυ
568 966 667 1043 ,εἰς
692 963 1048 1043 ,ἀνθρώπους
1073 963 1445 1043 παρουσίας,
1473 963 1712 1040 ’κλῆσις
1753 991 1817 1029 τε

314 1032 526 1097 ἐθνῶν,
552 1033 776 1102 ὑστάτη
808 1051 869 1087 τε
907 1032 1249 1104 acadd/pem;
1276 1037 1382 1107 τῆς
1400 1032 1812 1113 ’Ἰερουσαλήμ

320 1166 340 1199 ι
383 1147 595 1219 Τέρπου
628 1146 720 1200 καὶ
750 1147 1061 1219 εὐφραίνου,
1095 1147 1328 1222 θύγατερ
1358 1151 1514 1216 Σιὼν,
1544 1135 1684 1208 διότι
1711 1156 1816 1210 ἰδοὺ

247 1240 359 1308 ἐγὼ
392 1240 641 1311 ἔρχομαι,
683 1240 775 1292 καὶ
806 1240 1213 1311 κατασκηνώσω
1255 1244 1311 1296 ἐν
1350 1245 1497 1317 μέσῳ
1528 1265 1641 1310 σου,
1671 1248 1817 1317 λέγει

247 1331 469 1402 Κύριος.
508 1330 617 1384 Καὶ
646 1329 1069 1399 καταφεύξονται
1107 1331 1230 1405 έθνη
1262 1334 1431 1390 πολλὰ
1466 1339 1558 1391 ἐπὶ
1585 1340 1675 1391 τὸν
1708 1340 1819 1393 Κύ-

247 1441 365 1492 ριον
394 1424 452 1475 ἐν
479 1424 544 1493 τῇ
575 1423 754 1495 ἡμέρᾳ
796 1423 1001 1494 ἐκείνῃ,
1027 1424 1121 1477 καὶ
1149 1424 1359 1480 ἔσονται
1391 1430 1538 1500 αὐτῷ
1560 1432 1638 1495 εἰς
1668 1431 1814 1499 λαὸν,

246 1511 342 1564 καὶ
368 1511 871 1582 κατασκηνώσουσιν
897 1515 954 1565 ἐν
985 1513 1132 1585 μέσῳ
1159 1532 1271 1581 σου,
1295 1520 1387 1572 καὶ
1430 1522 1703 1595 ἐπιγνώσῃ
1734 1526 1814 1577 ὅτι

246 1601 452 1673 Κύριος
479 1605 864 1676 παντοκράτωρ
889 1603 1254 1668 ἐξαπέσταλκέ
1284 1627 1349 1678 με
1384 1612 1518 1682 πρὸς
1546 1614 1625 1667 σέ.
1655 1633 1675 1665 ο
1706 1616 1815 1668 Καὶ

248 1693 371 1763 μεθ’
397 1694 554 1765 ἕτερα
582 1696 801 1748 πλεῖστα
824 1697 1021 1766 μεταξῦ
1045 1698 1281 1769 ἐπιλέγει
1305 1720 1316 1731 ·
1346 1720 1365 1754 ι
1400 1705 1565 1777 Χαῖρε
1592 1708 1814 1779 σφόδρα,

1922 892 1966 946 Α
2021 890 2302 946 lac/toria.
2335 919 2405 932 --
2436 888 2599 959 Signa
2650 899 2935 956 temporum
2978 888 3074 942 Dei
3124 890 3192 945 ad
3243 891 3476 946 homines

1996 964 2246 1016 adventus
2270 1000 2283 1023 ,
2325 970 2373 1014 et
2413 960 2615 1031 vocatio
2652 960 2918 1029 gentium,
2959 969 3287 1031 extremaque
3332 962 3476 1017 urbis

1994 1032 2292 1087 Jerusalem
2319 1030 2539 1084 eversio.

2000 1160 2016 1191 ι
2049 1140 2232 1195 Gaude
2271 1146 2324 1193 et
2361 1138 2578 1201 laetare,
2619 1135 2725 1189 ﬁlia
2764 1133 2917 1202 Sion,
2952 1137 3078 1207 quia
3112 1153 3240 1193 ecce
3272 1153 3371 1209 ego
3389 1154 3479 1193 ve-

1926 1235 2012 1288 nio
2038 1274 2050 1295 ,
2084 1243 2136 1288 et
2168 1231 2425 1286 habitabo
2460 1230 2514 1283 in
2550 1228 2728 1283 medio
2770 1230 2877 1292 tui,
2919 1230 3052 1283 dicit
3090 1229 3373 1286 Dominus.
3414 1230 3480 1284 Et

1922 1329 2239 1398 confugient
2270 1333 2458 1397 gentes
2494 1324 2676 1378 multae
2710 1323 2775 1377 ad
2813 1322 3100 1377 Dominum
3131 1325 3187 1376 in
3226 1323 3313 1378 die
3351 1324 3438 1376 illa
3464 1364 3477 1387 ,

1922 1431 1975 1478 et
2011 1427 2173 1476 ertmt
2208 1420 2256 1474 ei
2297 1418 2352 1472 in
2392 1418 2671 1486 populum.
2728 1416 2793 1470 Et
2844 1415 3168 1470 habitabunt
3207 1415 3262 1468 in
3301 1414 3481 1469 medio

1923 1517 2003 1571 tui
2038 1536 2049 1570 :
2092 1523 2145 1570 et
2186 1528 2488 1584 cognosces
2526 1512 2673 1582 quod
2710 1511 2972 1565 Dominus
3006 1510 3350 1580 omnipotens
3383 1509 3482 1563 mi-

1921 1609 1992 1664 sit
2021 1624 2108 1662 me
2139 1606 2207 1661 ad
2240 1613 2291 1661 te
2323 1605 2389 1660 ’3.
2433 1625 2450 1656 ι
2482 1603 2547 1658 Et
2579 1611 2704 1674 post
2734 1603 2839 1656 alia
2870 1602 3104 1673 plurima
3135 1616 3255 1671 quae
3284 1599 3338 1653 in
3366 1615 3482 1654 me-

1923 1700 2012 1753 dio
2039 1698 2209 1770 ponit,
2232 1696 2474 1766 adjungit
2498 1715 2510 1750 :
2536 1714 2554 1745 ι
2584 1694 2768 1749 Gaude
2792 1693 3160 1760 vehementer,
3188 1692 3296 1745 lilia
3324 1690 3480 1744 Sion.

246 1783 481 1856 θύγατερ
520 1786 676 1850 Σιὼν,
710 1790 968 1860 κήρυσσε,
1008 1789 1242 1862 θύγατερ
1287 1794 1635 1869 Ἰερουσαλήμ
1658 1817 1670 1828 ·
1708 1800 1814 1853 ἰδοὺ

1926 1790 2161 1845 Praedica
2184 1830 2198 1853 ,
2236 1789 2343 1842 ﬁlia
2376 1786 2673 1842 Jerusalem
2704 1801 2717 1837 :
2755 1800 2882 1840 ecce
2914 1782 3027 1839 Rex
3055 1791 3184 1839 tuus
3212 1784 3358 1838 venit
3384 1782 3482 1836 tibi

244 1881 272 1929 ὁ
302 1877 550 1949 βασιλεύς
585 1897 675 1932 σου
707 1880 920 1952 ἔρχεταί
949 1900 1028 1936 σοι
1055 1884 1259 1949 δίκαιος
1298 1890 1391 1942 καὶ
1423 1889 1628 1955 σώζων,
1660 1894 1819 1957 αὐτὸς

246 1970 426 2040 πραῢς
452 1972 546 2024 καὶ
569 1973 911 2043 ἐπιϐεϐηκὼς
931 1977 1021 2029 ἐπὶ
1050 1978 1338 2047 ὑποζύγιον
1365 1982 1456 2035 καὶ
1483 1982 1657 2037 πῶλον
1678 1986 1815 2039 νέον.

240 2060 358 2115 Καὶ
386 2062 750 2134 ἐξολοθρεύσει
782 2066 1000 2137 ἅρματα
1048 2069 1106 2133 ἐξ
1146 2070 1403 2142 Ἐφραῖμ,
1437 2074 1530 2126 καὶ
1565 2074 1728 2128 ἵππον
1761 2076 1820 2140 ἐξ

250 2155 564 2226 Ἰερουσαλή
575 2175 612 2226 μ
630 2173 643 2185 ·
679 2158 770 2210 καὶ
799 2158 1303 2233 ἐξολοθρευθήσεται
1327 2165 1475 2231 τόξον
1503 2166 1818 2237 πολεμικὸν,

238 2245 339 2299 καὶ
366 2247 567 2317 πλῆθος
605 2249 823 2318 εἰρήνης
851 2249 911 2313 ἐξ
943 2250 1133 2306 ἐθνῶν.
1159 2256 1267 2307 Καὶ
1301 2256 1554 2327 κατάρξει
1586 2258 1692 2311 ἀπὸ
1722 2260 1817 2312 θα-

239 2334 451 2405 λάσσης
473 2335 576 2398 ἕως
603 2336 895 2408 θαλάσσης,
937 2340 1029 2392 καὶ
1072 2342 1179 2394 ἀπὸ
1208 2345 1464 2414 ποταμῶν
1501 2345 1565 2399 δι’
1594 2348 1819 2413 ἐκϐολὰς

238 2424 366 2493 γῆς.
408 2444 426 2477 ι
454 2424 634 2478 Ταῦτα
664 2428 787 2497 περὶ
811 2429 909 2500 τῆς
931 2431 1023 2483 τοῦ
1061 2432 1309 2503 Σωτῆρος
1335 2434 1819 2508 ήμῶν-παρουσίας

241 2515 512 2579 θεσπίσας
546 2518 636 2570 καὶ
659 2518 750 2571 νῦν
778 2520 805 2571 6
831 2519 1003 2588 λόγος,
1042 2521 1159 2592 μεθ’
1191 2523 1351 2595 ἐτερα
1389 2528 1515 2597 περὶ
1543 2528 1639 2597 τῆς
1662 2530 1819 2599 ἐσχά-

237 2624 341 2678 της
392 2608 719 2679 ἐρημώσεως
762 2612 862 2683 τῆς
914 2613 1280 2685 Ἰερουσαλὴμ,
1330 2617 1448 2670 τοτὲ
1504 2619 1600 2689 μέν
1639 2622 1819 2673 ἐπικε-

239 2699 578 2769 κρυμμένως
620 2703 714 2756 καὶ
750 2703 815 2756 δι’
854 2706 1207 2776 αἰνιγμάτων,
1255 2709 1373 2762 τοτὲ
1403 2707 1457 2762 δὲ
1496 2709 1819 2777 ἀκαλύπτως

237 2794 623 2867 ᾁναφωνεῖ’δι’
657 2796 992 2867 αἰνιγμάτων
1029 2797 1126 2867 μὲν
1150 2799 1207 2852 ἐν
1253 2794 1331 2864 οἷς
1362 2817 1522 2869 φησιν
1559 2822 1576 2853 ι
1613 2804 1819 2856 Διάνοιο

236 2884 352 2949 ξον,
381 2886 410 2936 6
438 2884 685 2951 Λίϐανος,
712 2887 810 2951 τὰς
846 2887 1019 2951 πύλας
1042 2906 1155 2955 σου,
1205 2891 1299 2943 καὶ
1327 2894 1683 2962 καταφαγέτω
1709 2894 1818 2966 πῦρ

236 2976 340 3051 τὰς
373 2977 594 3049 κέδρους
638 2997 750 3033 σου.
796 2980 1126 3048 Ὀλολυξάτω
1168 2983 1342 3048 πίτυς,
1391 2984 1523 3037 διότι
1564 2986 1815 3040 πέπτωκε

237 3069 455 3139 κέδρος,
503 3070 635 3124 διότι
683 3073 931 3142 μεγάλως
985 3077 1303 3146 μεγιστᾶνες
1351 3077 1813 3150 ἐταλαιπώρησαν.

1921 1881 2107 1951 justus
2144 1886 2198 1932 et
2239 1875 2506 1943 Salvator,
2563 1877 2676 1945 ipse
2725 1883 3041 1931 mansuetus
3092 1882 3146 1928 et
3193 1872 3481 1943 impositus

1923 1988 2091 2042 super
2112 1972 2419 2042 jumcntum
2452 1977 2505 2024 et
2532 1969 2735 2039 pullum
2766 1967 3184 2023 adolescentem.
3213 1966 3275 2018 Et
3301 1966 3485 2035 perdet

1921 2079 2117 2119 currus
2152 2079 2218 2117 ex
2259 2060 2529 2132 Ephrem,
2571 2068 2624 2115 et
2660 2075 2859 2129 equum
2921 2074 2986 2113 ex
3039 2056 3375 2113 Jerusalem:
3430 2064 3485 2112 et

1921 2157 2178 2227 perdetur
2215 2170 2377 2209 arcus
2416 2154 2685 2214 bellicus,
2728 2160 2782 2207 et
2830 2151 3165 2205 abundantia
3216 2151 3368 2219 pacis
3417 2166 3481 2205 ex

1920 2248 2189 2318 gentibus.
2232 2245 2298 2299 Et
2338 2245 2705 2316 principatum
2745 2243 3016 2298 obtinebit
3061 2258 3089 2295 a
3138 2242 3276 2295 mari
3312 2258 3483 2311 usque

1920 2339 1985 2392 ad
2019 2353 2200 2400 mare,
2234 2343 2286 2390 et
2314 2350 2342 2388 a
2370 2334 2688 2390 ﬂuminibus
2721 2349 2817 2403 per
2845 2330 3149 2401 ejectiones
3178 2337 3339 2383 terra
3367 2331 3432 2383 ’³.
3460 2349 3478 2381 ι
3522 2331 3536 2345 ⁹

1890 2430 2045 2484 'Hmc
2099 2430 2187 2483 ubi
2239 2428 2306 2483 de
2355 2427 2657 2481 Salvatoris
2708 2424 2881 2480 nostri
2932 2424 3169 2478 adventu
3211 2422 3314 2477 hoc
3354 2422 3482 2475 item

1920 2524 2039 2577 loco
2074 2522 2355 2576 oraculum
2396 2520 2636 2583 cecinit;
2678 2527 2793 2571 tum
2836 2525 2957 2586 post
2989 2517 3095 2570 alia
3134 2531 3254 2587 qua:
3308 2516 3483 2570 inter-

1921 2610 2114 2681 ponit,
2160 2610 2323 2663 etiam
2369 2608 2435 2663 de
2482 2615 2722 2662 extrema
2774 2606 3074 2661 Jerusalem
3119 2605 3480 2671 desolatione,

1919 2719 2065 2757 nunc
2114 2701 2331 2756 occulte
2383 2715 2445 2754 ac
2500 2714 2598 2772 per
2651 2699 2918 2753 obscuros
2968 2714 3282 2765 sermones,
3338 2713 3484 2752 nunc

1919 2794 2172 2864 explicite
2200 2800 2364 2863 atque
2396 2798 2583 2863 aperte
2609 2786 2774 2845 verba
2811 2789 2970 2853 facit,
3001 2790 3234 2845 obscure
3266 2789 3479 2859 quidem

1920 2900 1984 2940 ac
2018 2884 2263 2957 ﬁgurate,
2298 2885 2387 2940 ubi
2419 2885 2531 2938 ait:
2564 2882 2730 2955 M8
2761 2900 2779 2933 ‹
2811 2883 3006 2953 Aperi,
3036 2882 3270 2948 Libane,
3298 2891 3484 2953 portas

1918 2987 2041 3034 tuas
2062 3020 2076 3045 ,
2108 2987 2161 3034 et
2194 2980 2441 3035 comedat
2481 2979 2619 3048 ignis
2657 2976 2849 3033 cedros
2889 2987 3035 3035 tuas.
3066 2977 3246 3033 Ululet
3285 2979 3445 3048 pinus
3467 3017 3481 3043 ,

1919 3073 2174 3142 quoniam
2210 3072 2405 3143 cecidit
2437 3070 2633 3125 cedrus
2658 3110 2672 3134 ,
2705 3071 2959 3139 quoniam
3004 3085 3332 3141 magnopere
3371 3087 3485 3125 ma-

253 3158 595 3225 Ὀλολύξατε,
637 3162 794 3233 δρύες
837 3165 936 3235 τῆς
974 3165 1333 3231 Βασανίτιδος,
1372 3169 1816 3241 ὃτικατεσπάσθη

1921 3167 2101 3238 gnifici
2134 3166 2314 3219 amicti
2355 3172 2503 3219 sunt.
2541 3163 2757 3219 Ululate
2781 3206 2794 3226 ,
2838 3180 3072 3234 quercus
3110 3164 3438 3221 Basanitidis
3464 3206 3479 3230 ,

234 3251 269 3301 ὁ
302 3250 507 3320 δρυμὸς
549 3252 577 3302 6
610 3251 915 3321 σύμφυτος
959 3254 1109 3325 φωνὴ
1148 3256 1482 3328 θρηνούντων
1521 3261 1811 3331 ποιμένων,

236 3338 326 3390 ὅτι
378 3337 850 3411 τεταλαιπὼρηκεν
901 3344 934 3414 ή
997 3345 1346 3417 μεγαλωσύνη
1407 3348 1614 3401 αὐτῶν
1664 3351 1813 3421 φωνὴ

235 3430 573 3500 ὠρυομένων
599 3430 844 3497 λεόντων,
873 3434 953 3497 ὅτι
987 3436 1424 3511 τεταλαιπώρηκε
1456 3440 1516 3493 τὸ
1554 3441 1817 3511 φρύαγμα

236 3518 337 3572 τοῦ
374 3520 656 3589 Ἰορδάνου.
693 3540 709 3571 ι
749 3523 931 3577 Ταῦτα.
980 3526 1075 3597 μέν
1107 3528 1174 3581 δι’
1215 3532 1575 3601 αἰνιγμάτωψ
1626 3533 1721 3603 τὴν
1759 3534 1814 3586 δὲ

234 3608 448 3663 τούτων
495 3612 786 3682 ἑρμηνείαν
831 3615 1222 3685 ἀνακαλύπτως
1261 3622 1289 3672 6
1327 3622 1484 3686 αὐτὸς
1537 3611 1815 3696 προφήτης

239 3705 494 3776 ἐπιφέρει
548 3706 753 3774 λέγων·
800 3728 818 3760 ι
861 3710 993 3765 Ἰδοὺ
1032 3711 1141 3781 ἐγὼ
1180 3713 1368 3784 τίθημι
1409 3715 1507 3785 τὴν
1551 3717 1815 3786 Ἰερουσαο

234 3794 355 3877 λημ,
384 3795 458 3858 ὡς
488 3797 744 3869 πρόπυλα
778 3799 1108 3871 σαλευόμενα
1158 3803 1328 3857 ἅπασι
1380 3809 1492 3869 τοῖς
1537 3806 1682 3870 λαοῖς
1723 3806 1818 3860 κύ-

238 3887 379 3957 κλῳ,
414 3888 506 3941 καὶ
538 3890 596 3941 ἐν
626 3892 691 3960 τῇ
732 3891 988 3963 Ἰουδαίᾳο
1030 3894 1122 3945 καὶ
1154 3893 1300 3947 ἔσται
1334 3895 1560 3969 περιοχὴ
1597 3898 1687 3950 ἐπὶ
1720 3898 1816 3950 Ἰε-

242 3978 542 4049 ρουσαλήμ.
576 3978 686 4034 Καὶ
721 3978 870 4033 ἔσται
914 3982 970 4034 ὲν
1019 3983 1085 4052 τῇ
1139 3982 1321 4053 ἡμέρᾳ
1348 3984 1548 4055 ἐκείνῃ,
1583 3984 1817 4055 θήσομαι

236 4070 347 4140 τὴν,
394 4070 743 4143 Ἰερουσαλὴμ
796 4073 942 4126 λίθον
996 4075 1474 4146 καταπατούμενον
1526 4078 1659 4130 πᾶσι
1707 4081 1817 4141 τοῖς

239 4159 437 4224 ἔθνεσι.
474 4162 588 4225 Πᾶς
616 4164 644 4215 6
676 4164 1003 4219 καταπατῶν
1037 4165 1204 4237 αὐτὴν
1234 4166 1515 4237 ἐμπαίζων
1561 4168 1820 4238 ἐμπαίξε-

234 4267 352 4315 ται,
384 4252 475 4317 καὶ
503 4254 1030 4325 ἐπισυναχθήσονται
1060 4258 1146 4310 ἐπ’
1173 4258 1341 4329 αὐτὴν
1384 4259 1558 4313 πάντα
1591 4259 1657 4313 τὰ
1690 4260 1814 4331 ἔθνη

238 4342 341 4413 τῆς
382 4345 502 4414 γῆς.
548 4365 566 4397 ι
599 4345 703 4399 Καὶ
741 4345 878 4415 μετά
930 4345 1133 4418 βραχέα
1168 4349 1439 4417 ἐπιλέγει’
1480 4369 1498 4401 ‹
1540 4352 1649 4403 Καὶ
1702 4352 1819 4402 ἐπι-

238 4432 524 4501 ϐλέψονται
553 4436 688 4505 πρὸς
721 4437 809 4507 μέ,
843 4437 958 4491 ἀνθ’
1006 4433 1080 4493 ὧν
1123 4442 1540 4511 κατωρχήσαντο
1561 4459 1574 4471 ⁸
1608 4442 1699 4495 καὶ
1729 4442 1818 4495 κό-

235 4525 435 4595 ψονται
465 4528 547 4578 ἐπ’
581 4528 740 4581 αὑτὸν
772 4530 997 4583 κοπετὸν
1023 4531 1097 4595 ὡς
1126 4532 1211 4584 ἐπ’
1241 4532 1527 4602 ἀγαπητῷ,
1574 4534 1665 4586 καὶ
1699 4532 1817 4585 ὀδύ-
1847 4513 1891 4566 Ῑ)

228 4635 339 4689 νην
367 4618 442 4681 ὡς
470 4618 560 4672 ἐπὶ
594 4622 939 4691 πρωτοτόκῳ.
984 4623 1070 4676 Ἑν
1102 4625 1166 4694 τῇ
1212 4623 1391 4695 ἡμέρᾳ
1416 4623 1595 4696 ἐκείνῃ
1650 4642 1815 4695 μεγα-

230 4710 558 4783 λυνθήσεται
625 4715 654 4766 6
712 4716 939 4778 κοπετὸς
999 4716 1387 4786 Ἰερουσαλὴμ,
1454 4718 1529 4780 ὡς
1588 4718 1813 4781 κοπετὸς

243 4804 478 4867 Ῥοῶνος
519 4807 576 4857 ἐν
609 4805 774 4876 πεδίῳ
811 4807 1232 4878 ἐκκοπτομένου.
1273 4808 1383 4861 Καὶ
1425 4808 1644 4878 κόψεται
1677 4811 1707 4879 ἠ
1742 4810 1810 4880 γῆ

232 4892 380 4945 κατὰ
417 4894 603 4961 φυλὰς,
640 4894 777 4965 φυλὴ
822 4894 969 4948 οἴκου
1002 4896 1166 4950 Δαϐἰδ
1214 4896 1332 4950 καθ’
1384 4897 1597 4967 ἑαυτὴν,
1632 4899 1724 4951 καὶ
1756 4899 1813 4952 αἰ

233 4986 491 5051 γυναῖκες
520 4986 697 5038 αὐτῶν
727 4985 849 5039 καθ’
876 4988 1103 5051 ἑαυτάςο
1133 4988 1272 5060 φυλὴ
1304 4987 1452 5041 οἴκου
1480 4988 1662 5042 Νάθαν
1696 4991 1815 5043 καθ’

233 5076 458 5146 ἑαυτὴν,
487 5078 577 5129 καὶ
626 5079 682 5130 αἰ
729 5082 984 5146 γυναῖκες
1026 5079 1202 5133 αὐτῶν
1246 5080 1366 5134 καθ’
1411 5080 1638 5143 ἐαυτάς’
1676 5080 1815 5152 φυλὴ

232 5166 387 5219 οἴκου
422 5167 552 5220 Λευῒ
586 5168 956 5239 καθ’ίέαυτὴν,
991 5170 1084 5222 καὶ
1122 5172 1177 5223 αἱ
1207 5174 1462 5239 γυναῖκες
1495 5172 1671 5225 αὐτῶν
1696 5172 1815 5225 καθ’

230 5257 469 5321 ἑαυτάς’
514 5259 653 5330 φυλὴ
694 5260 786 5313 τοῦ
836 5259 1061 5331 Συμεὼν
1099 5261 1218 5315 καθ’
1252 5262 1468 5333 ἑαυτὴν,
1497 5263 1590 5317 καὶ
1630 5264 1685 5316 αἱ
1716 5281 1814 5332 γυ-

231 5351 423 5412 ναῖκες
449 5350 627 5403 αὐτῶν
658 5351 776 5404 καθ’
808 5352 1003 5415 ἐαυτάς
1023 5370 1036 5382 ·
1071 5354 1240 5407 πᾶσαι
1281 5356 1334 5409 αἱ
1363 5355 1813 5427 ὑπολελειμμέναι

230 5441 425 5510 ςυλαὶ,
455 5442 594 5514 φυλὴ
625 5442 744 5495 καθ’
772 5442 988 5519 ἑαυτὴν,
1017 5443 1109 5505 καὶ
1132 5445 1186 5496 αἱ
1206 5447 1457 5512 γυναῖκες
1486 5445 1664 5499 αὐτῶν
1690 5445 1811 5498 καθ’

232 5532 454 5594 ἑαυτάς.
506 5551 523 5583 ι
574 5532 683 5585 Kal.
731 5532 890 5585 πάλιν
933 5533 1050 5604 μεθ’
1099 5533 1259 5607 ἕτερα
1310 5535 1405 5607 τὴν
1436 5537 1669 5608 ἐσχάτην
1716 5537 1813 5608 τῆς

246 5624 599 5696 Ἰερουσαλὴμ
629 5625 941 5696 πολιορκίαν
962 5626 1292 5700 σαφέστερον
1313 5630 1585 5701 κηρύττει,
1616 5630 1806 5699 λέγων’

310 5784 351 5811 θα
397 5779 556 5836 Ζτιςιι,
589 5796 654 5847 ιι,
702 5781 876 5847 l0,ll.
955 5784 997 5813 ’9
1039 5779 1267 5836 Zachar.
1303 5800 1354 5839 ιχ
1382 5826 1395 5853 ,

1484 5785 1642 5853 9,10.

1915 3259 2172 3328 quoniam
2199 3258 2491 3311 convulsus
2516 3263 2598 3310 est
2623 3256 2795 3311 saltus
2823 3257 3092 3311 consitus.
3125 3255 3245 3311 Vox
3270 3257 3477 3311 lamen-

1916 3351 2149 3404 tantium
2174 3356 2452 3419 pastorum
2473 3388 2486 3409 ,
2514 3349 2771 3417 quoniam
2798 3348 2995 3403 alllicta
3019 3356 3103 3404 est
3134 3347 3486 3417 magniﬁceno

1915 3442 1992 3496 tia
2023 3456 2229 3496 eorum.
2262 3438 2375 3494 Vox
2412 3440 2739 3509 rugientium
2785 3441 3033 3504 leonum,
3068 3440 3321 3510 quoniam
3352 3440 3485 3495 allii-

1916 3541 2005 3588 cta
2041 3541 2124 3587 est
2163 3532 2417 3603 superbia
2453 3529 2709 3586 Jordanis
2752 3532 2791 3584 ¹.
2826 3551 2843 3583 ι
2875 3531 2936 3584 Et
2975 3532 3090 3587 haec
3129 3532 3346 3602 quidem
3389 3549 3485 3603 per

1916 3627 2234 3696 aenigmata:
2264 3624 2359 3679 sed
2386 3638 2575 3678 eorum
2602 3623 3105 3693 interpretationem
3131 3634 3317 3693 aperte
3340 3624 3481 3679 idem

1918 3716 2180 3785 propheta
2215 3714 2493 3784 adjungit,
2535 3712 2725 3767 dicens
2754 3730 2766 3766 :
2805 3731 2823 3763 ‹
2855 3711 2994 3767 Ecce
3025 3728 3123 3781 ego
3154 3729 3298 3782 pono
3326 3712 3484 3768 Jeru-

1918 3808 2084 3861 salem
2115 3815 2173 3859 ut
2201 3805 2466 3859 vestibula
2491 3818 2610 3872 quae
2639 3804 2960 3872 quatiuntur
2986 3804 3239 3857 omnibus
3270 3804 3483 3873 populis

1918 3896 1970 3949 in
2005 3894 2236 3949 circuitu
2259 3933 2274 3957 ,
2307 3900 2361 3947 et
2397 3893 2449 3947 in
2486 3890 2669 3946 Iudaea
2700 3910 2712 3946 :
2756 3899 2809 3946 et
2854 3892 2957 3945 erit
3004 3892 3245 3947 ambitus
3276 3893 3334 3945 in
3373 3892 3484 3945 cir-

1917 3988 2063 4041 cuitu
2099 3995 2291 4041 contra
2321 3985 2648 4041 Jerusalem.
2678 3986 2743 4038 Et
2772 3985 2878 4040 erit
2908 3984 2962 4039 in
2996 3984 3083 4039 die
3112 3984 3202 4039 illa
3228 4024 3243 4048 ,
3280 4000 3478 4055 ponam

1914 4078 2212 4135 Jerusalem
2268 4077 2536 4147 lapidem,
2588 4078 2682 4147 qui
2723 4077 3079 4132 conculcetur
3118 4077 3187 4131 ab
3225 4077 3481 4133 omnibus

1917 4172 2187 4242 gentibus.
2224 4171 2414 4226 Omnis
2446 4172 2538 4241 qui
2570 4171 2856 4241 conculcet
2895 4185 3046 4233 eam,
3090 4170 3323 4225 illudens
3358 4171 3482 4224 illn-

1916 4264 2071 4317 detur
2098 4282 2111 4317 :
2145 4270 2198 4316 et
2228 4261 2709 4331 congregabuntur
2739 4274 2903 4329 super
2926 4274 3043 4314 eam
3074 4274 3264 4315 omnes
3293 4267 3481 4328 gentes

1917 4360 2074 4408 terra:
2113 4357 2154 4408 '.
2195 4373 2211 4403 ›
2241 4352 2303 4404 Et
2337 4359 2458 4422 post
2493 4366 2665 4421 pauca
2706 4352 2991 4420 adjungit:
3035 4369 3053 4400 ‹
3086 4349 3150 4403 Ει
3187 4351 3480 4419 respicient

1919 4445 1986 4499 ad
2018 4460 2102 4498 me
2127 4484 2142 4508 ,
2182 4459 2342 4512 quem
2384 4443 2761 4506 conﬁxerunt,
2804 4449 3089 4509 propterea
3129 4439 3274 4510 quod
3313 4440 3482 4494 insul-

1922 4543 2171 4588 laverunt
2204 4551 2218 4588 :
2251 4542 2305 4588 et
2345 4534 2601 4602 plangth
2639 4547 2805 4601 super
2842 4547 2908 4585 eo
2970 4532 3247 4601 planctum
3294 4539 3352 4584 ut
3384 4547 3482 4586 su-

1921 4641 2017 4698 per
2045 4625 2258 4685 dilecto.
2277 4634 2330 4679 et
2358 4624 2599 4678 dolorem
2617 4630 2674 4677 ut
2701 4638 2864 4692 super
2896 4623 3273 4692 primogenito.
3308 4623 3365 4675 ln
3398 4622 3486 4676 die

1922 4718 2011 4771 illa
2041 4716 2479 4787 magnilicabitur
2507 4717 2761 4786 planctus
2786 4714 3084 4770 Jerusalem
3108 4755 3121 4777 ,
3149 4722 3207 4767 ut
3235 4713 3483 4782 planctus

1920 4809 2177 4865 Rhoonos
2222 4808 2274 4861 in
2314 4824 2506 4878 campo
2541 4808 2661 4877 ejus
2698 4808 2790 4878 qui
2831 4807 3118 4863 exciditur.
3166 4805 3229 4858 Et
3264 4806 3481 4874 planget

1920 4912 2064 4957 terra
2104 4901 2391 4955 tributim:
2435 4900 2613 4955 tribus
2653 4901 2850 4955 domus
2892 4898 3059 4952 David
3100 4912 3347 4952 seorsum
3373 4936 3388 4959 ,
3428 4903 3482 4951 et

1920 4994 2177 5048 mulieres
2200 5007 2390 5047 eorum
2419 5007 2666 5048 seorsum
2694 5012 2707 5048 :
2734 4991 2911 5046 tribus
2940 4990 3133 5044 domus
3157 4987 3369 5041 Nathan
3397 5003 3482 5042 sc-

1905 5099 2105 5142 'orsum
2125 5126 2140 5147 ,
2177 5092 2231 5139 et
2263 5085 2519 5140 mulieres
2548 5100 2736 5139 eorum
2769 5097 3016 5139 seorsum
3046 5098 3060 5135 :
3090 5081 3266 5134 tribus
3287 5079 3481 5133 domus

1918 5177 2047 5233 Levi
2097 5191 2379 5241 seorsum,
2431 5187 2485 5232 et
2537 5178 2799 5231 mulieres
2849 5188 3036 5229 eorum
3069 5186 3349 5227 seorsum:
3382 5169 3483 5222 tri-

1919 5267 2023 5322 bus
2050 5266 2269 5321 Simeon
2299 5282 2546 5321 seorsum
2570 5308 2584 5330 ,
2614 5278 2666 5321 et
2688 5266 2944 5319 mulieres
2975 5278 3162 5317 eorum
3192 5276 3434 5317 seorsum
3463 5278 3477 5315 :

1917 5374 2108 5413 omnes
2138 5359 2361 5429 reliqua:
2391 5359 2587 5421 tribus,
2619 5357 2794 5411 tribus
2826 5371 3110 5417 seorsum,
3140 5362 3201 5423 et,
3225 5352 3482 5407 mulieres

1919 5464 2110 5503 eorum
2161 5466 2408 5505 seorsum
2440 5451 2478 5503 ³.
2511 5447 2771 5502 {Rursus
2818 5455 2941 5516 post
2992 5444 3132 5506 alia,
3181 5450 3481 5515 extremam

1918 5540 2068 5595 urbis
2107 5538 2408 5596 Jerusalem
2449 5541 2789 5596 obsidionem
2830 5537 3047 5608 planius
3074 5536 3340 5597 enuntiat,
3395 5532 3483 5587 di-

1925 5648 2096 5688 cens:
2136 5653 2153 5685 ι
2184 5632 2324 5689 Ecce
2362 5633 2479 5688 dies
2516 5633 2743 5689 veniunt
2782 5630 3001 5690 Domini
3025 5667 3049 5697 λ
3078 5634 3137 5682 et.
3167 5625 3481 5683 dividentur

1725 5790 1736 5820 ¹
1781 5787 2004 5844 Zachar.
2046 5804 2135 5854 ιι,
2177 5790 2293 5845 1-5.
2374 5792 2393 5823 ²
2435 5787 2665 5847 Zachar.
2703 5808 2829 5863 xu,
2866 5786 3004 5852 2,3.
3077 5787 3096 5819 ³
3132 5784 3273 5841 ibid.
3308 5783 3470 5841 {0-H
