  <div class='ocr_page' id='page_1' title='image "/cluster/home/n/w/nwhite01/storage/ocr_20150623/22/hvd.32044073501132/325.png"; bbox 0 0 3922 6200; ppageno 0'>
   <div class='ocr_carea' id='block_1_1' title="bbox 491 226 596 283">
    <p class='ocr_par' dir='ltr' id='par_1_1' title="bbox 491 226 596 283">
     <span class='ocr_line' id='line_1_1' title="bbox 491 226 596 283; baseline 0 -1"><span class='ocrx_word' id='word_1_1' title='bbox 491 226 596 283; x_wconf 74' lang='lat'><strong>639</strong></span> 
     </span>
    </p>
   </div>
   <div class='ocr_carea' id='block_1_2' title="bbox 1116 213 3009 275">
    <p class='ocr_par' dir='ltr' id='par_1_2' title="bbox 1116 213 3009 275">
     <span class='ocr_line' id='line_1_2' title="bbox 1116 213 3009 275; baseline -0.002 -1"><span class='ocrx_word' id='word_1_2' title='bbox 1116 218 1382 275; x_wconf 83' lang='lat' dir='ltr'><strong>EUSEBII</strong></span> <span class='ocrx_word' id='word_1_3' title='bbox 1413 215 1890 273; x_wconf 68' lang='lat' dir='ltr'><strong>CESARIENSIS</strong></span> <span class='ocrx_word' id='word_1_4' title='bbox 1921 213 2070 268; x_wconf 85' lang='lat' dir='ltr'><strong>OPP.</strong></span> <span class='ocrx_word' id='word_1_5' title='bbox 2101 213 2280 269; x_wconf 80' lang='lat' dir='ltr'><strong>PARS</strong></span> <span class='ocrx_word' id='word_1_6' title='bbox 2316 215 2379 272; x_wconf 88' lang='lat' dir='ltr'><strong>ll.</strong></span> <span class='ocrx_word' id='word_1_7' title='bbox 2415 248 2483 257; x_wconf 93' lang='lat'><strong>——</strong></span> <span class='ocrx_word' id='word_1_8' title='bbox 2519 214 3009 270; x_wconf 80' lang='lat' dir='ltr'><strong>APOLOGETICA.</strong></span> 
     </span>
    </p>
   </div>
   <div class='ocr_carea' id='block_1_3' title="bbox 3588 215 3692 269">
    <p class='ocr_par' dir='ltr' id='par_1_3' title="bbox 3588 215 3692 269">
     <span class='ocr_line' id='line_1_3' title="bbox 3588 215 3692 269; baseline -0.01 0"><span class='ocrx_word' id='word_1_9' title='bbox 3588 215 3692 269; x_wconf 66' lang='lat'><strong>640</strong></span> 
     </span>
    </p>
   </div>
   <div class='ocr_carea' id='block_1_4' title="bbox 491 329 2031 408">
    <p class='ocr_par' dir='ltr' id='par_1_4' title="bbox 491 332 2031 408">
     <span class='ocr_line' id='line_1_4' title="bbox 491 332 2031 408; baseline -0.005 -15"><span class='ocrx_word' id='word_1_10' title='bbox 491 339 661 408; x_wconf 88' lang='lat' dir='ltr'><strong>spolia</strong></span> <span class='ocrx_word' id='word_1_11' title='bbox 700 345 791 391; x_wconf 92' lang='lat' dir='ltr'><strong>tua</strong></span> <span class='ocrx_word' id='word_1_12' title='bbox 832 337 886 390; x_wconf 92' lang='lat' dir='ltr'><strong>in</strong></span> <span class='ocrx_word' id='word_1_13' title='bbox 926 344 1008 398; x_wconf 86' lang='lat' dir='ltr'><strong>te,</strong></span> <span class='ocrx_word' id='word_1_14' title='bbox 1042 342 1096 390; x_wconf 92' lang='lat' dir='ltr'><strong>et</strong></span> <span class='ocrx_word' id='word_1_15' title='bbox 1135 335 1480 406; x_wconf 81' lang='lat' dir='ltr'><strong>congregabo</strong></span> <span class='ocrx_word' id='word_1_16' title='bbox 1517 349 1708 389; x_wconf 89' lang='lat' dir='ltr'><strong>omnes</strong></span> <span class='ocrx_word' id='word_1_17' title='bbox 1745 343 1935 404; x_wconf 85' lang='lat' dir='ltr'><strong>gentes</strong></span> <span class='ocrx_word' id='word_1_18' title='bbox 1968 332 2031 386; x_wconf 87' lang='lat' dir='ltr'><strong>ad</strong></span> 
     </span>
    </p>
   </div>
   <div class='ocr_carea' id='block_1_5' title="bbox 2132 329 3690 408">
    <p class='ocr_par' dir='ltr' id='par_1_5' title="bbox 2145 329 3690 405">
     <span class='ocr_line' id='line_1_5' title="bbox 2145 329 3690 405; baseline 0.004 -24"><span class='ocrx_word' id='word_1_19' title='bbox 2145 349 2162 381; x_wconf 83' lang='grc' dir='ltr'><strong>ι</strong></span> <span class='ocrx_word' id='word_1_20' title='bbox 2214 331 2342 386; x_wconf 82' lang='grc' dir='ltr'>Ἰδοὺ</span> <span class='ocrx_word' id='word_1_21' title='bbox 2387 335 2586 404; x_wconf 82' lang='grc' dir='ltr'><strong>ἡμέραι</strong></span> <span class='ocrx_word' id='word_1_22' title='bbox 2629 333 2870 405; x_wconf 74' lang='grc' dir='ltr'>ἔρχονται</span> <span class='ocrx_word' id='word_1_23' title='bbox 2909 332 3001 384; x_wconf 81' lang='grc' dir='ltr'><strong>τοῦ</strong></span> <span class='ocrx_word' id='word_1_24' title='bbox 3041 329 3264 404; x_wconf 81' lang='grc' dir='ltr'><strong>Κυρίου,</strong></span> <span class='ocrx_word' id='word_1_25' title='bbox 3316 333 3409 385; x_wconf 71' lang='grc' dir='ltr'>καὶ</span> <span class='ocrx_word' id='word_1_26' title='bbox 3451 332 3690 405; x_wconf 81' lang='grc' dir='ltr'>διαμερι-</span> 
     </span>
    </p>
   </div>
   <div class='ocr_carea' id='block_1_6' title="bbox 488 421 2036 495">
    <p class='ocr_par' dir='ltr' id='par_1_6' title="bbox 488 421 2036 495">
     <span class='ocr_line' id='line_1_6' title="bbox 488 421 2036 495; baseline -0.005 -12"><span class='ocrx_word' id='word_1_27' title='bbox 488 428 786 484; x_wconf 73' lang='lat' dir='ltr'><strong>Jerusalem</strong></span> <span class='ocrx_word' id='word_1_28' title='bbox 816 426 873 480; x_wconf 92' lang='lat' dir='ltr'><strong>in</strong></span> <span class='ocrx_word' id='word_1_29' title='bbox 903 425 1100 480; x_wconf 91' lang='lat' dir='ltr'><strong>bellum</strong></span> <span class='ocrx_word' id='word_1_30' title='bbox 1121 464 1136 488; x_wconf 94' lang='lat'><strong>,</strong></span> <span class='ocrx_word' id='word_1_31' title='bbox 1163 433 1218 480; x_wconf 91' lang='lat' dir='ltr'><strong>et</strong></span> <span class='ocrx_word' id='word_1_32' title='bbox 1254 425 1498 495; x_wconf 75' lang='lat' dir='ltr'><strong>capietur</strong></span> <span class='ocrx_word' id='word_1_33' title='bbox 1537 424 1731 480; x_wconf 88' lang='lat' dir='ltr'><strong>civitas</strong></span> <span class='ocrx_word' id='word_1_34' title='bbox 1755 463 1770 488; x_wconf 94' lang='lat'><strong>,</strong></span> <span class='ocrx_word' id='word_1_35' title='bbox 1810 430 1866 478; x_wconf 90' lang='lat' dir='ltr'><strong>et</strong></span> <span class='ocrx_word' id='word_1_36' title='bbox 1900 421 2036 476; x_wconf 90' lang='lat' dir='ltr'><strong>diri-</strong></span> 
     </span>
    </p>
   </div>
   <div class='ocr_carea' id='block_1_7' title="bbox 491 514 2040 589">
    <p class='ocr_par' dir='ltr' id='par_1_7' title="bbox 491 514 2040 589">
     <span class='ocr_line' id='line_1_7' title="bbox 491 514 2040 589; baseline -0.001 -18"><span class='ocrx_word' id='word_1_37' title='bbox 491 519 703 589; x_wconf 87' lang='lat' dir='ltr'><strong>pientur</strong></span> <span class='ocrx_word' id='word_1_38' title='bbox 729 516 957 580; x_wconf 92' lang='lat' dir='ltr'><strong>domus,</strong></span> <span class='ocrx_word' id='word_1_39' title='bbox 993 525 1047 571; x_wconf 89' lang='lat' dir='ltr'><strong>et</strong></span> <span class='ocrx_word' id='word_1_40' title='bbox 1079 516 1333 571; x_wconf 83' lang='lat' dir='ltr'><strong>mulieres</strong></span> <span class='ocrx_word' id='word_1_41' title='bbox 1363 516 1691 586; x_wconf 89' lang='lat' dir='ltr'><strong>polluentur,</strong></span> <span class='ocrx_word' id='word_1_42' title='bbox 1726 524 1780 570; x_wconf 93' lang='lat' dir='ltr'><strong>et</strong></span> <span class='ocrx_word' id='word_1_43' title='bbox 1807 514 2040 585; x_wconf 55' lang='lat' dir='ltr'><strong>egredie</strong></span> 
     </span>
    </p>
   </div>
   <div class='ocr_carea' id='block_1_8' title="bbox 491 604 2038 676">
    <p class='ocr_par' dir='ltr' id='par_1_8' title="bbox 491 604 2038 676">
     <span class='ocr_line' id='line_1_8' title="bbox 491 604 2038 676; baseline -0.001 -16"><span class='ocrx_word' id='word_1_44' title='bbox 491 618 581 661; x_wconf 90' lang='lat' dir='ltr'><strong>tur</strong></span> <span class='ocrx_word' id='word_1_45' title='bbox 627 606 911 660; x_wconf 86' lang='lat' dir='ltr'><strong>dimidium</strong></span> <span class='ocrx_word' id='word_1_46' title='bbox 961 605 1199 661; x_wconf 71' lang='lat' dir='ltr'><strong>civitatis</strong></span> <span class='ocrx_word' id='word_1_47' title='bbox 1253 605 1308 659; x_wconf 95' lang='lat' dir='ltr'><strong>in</strong></span> <span class='ocrx_word' id='word_1_48' title='bbox 1366 606 1786 676; x_wconf 86' lang='lat' dir='ltr'><strong>captivitatem:</strong></span> <span class='ocrx_word' id='word_1_49' title='bbox 1838 604 2038 674; x_wconf 83' lang='lat' dir='ltr'><strong>reliqui</strong></span> 
     </span>
    </p>
   </div>
   <div class='ocr_carea' id='block_1_9' title="bbox 488 699 2038 770">
    <p class='ocr_par' dir='ltr' id='par_1_9' title="bbox 488 699 2038 770">
     <span class='ocr_line' id='line_1_9' title="bbox 488 699 2038 770; baseline -0.003 -16"><span class='ocrx_word' id='word_1_50' title='bbox 488 709 668 755; x_wconf 89' lang='lat' dir='ltr'><strong>autem</strong></span> <span class='ocrx_word' id='word_1_51' title='bbox 704 699 771 754; x_wconf 93' lang='lat' dir='ltr'><strong>de</strong></span> <span class='ocrx_word' id='word_1_52' title='bbox 800 700 999 770; x_wconf 91' lang='lat' dir='ltr'><strong>populo</strong></span> <span class='ocrx_word' id='word_1_53' title='bbox 1032 715 1152 754; x_wconf 87' lang='lat' dir='ltr'><strong>meo</strong></span> <span class='ocrx_word' id='word_1_54' title='bbox 1181 714 1290 753; x_wconf 93' lang='lat' dir='ltr'><strong>non</strong></span> <span class='ocrx_word' id='word_1_55' title='bbox 1324 699 1576 770; x_wconf 91' lang='lat' dir='ltr'><strong>peribunt</strong></span> <span class='ocrx_word' id='word_1_56' title='bbox 1605 699 1673 754; x_wconf 90' lang='lat' dir='ltr'><strong>de</strong></span> <span class='ocrx_word' id='word_1_57' title='bbox 1704 699 1922 753; x_wconf 84' lang='lat' dir='ltr'><strong>civitate</strong></span> <span class='ocrx_word' id='word_1_58' title='bbox 1940 737 1956 762; x_wconf 95' lang='lat'><strong>,</strong></span> <span class='ocrx_word' id='word_1_59' title='bbox 1984 704 2038 752; x_wconf 86' lang='lat' dir='ltr'><strong>et</strong></span> 
     </span>
    </p>
   </div>
   <div class='ocr_carea' id='block_1_10' title="bbox 486 788 2035 861">
    <p class='ocr_par' dir='ltr' id='par_1_10' title="bbox 486 788 2035 861">
     <span class='ocr_line' id='line_1_10' title="bbox 486 788 2035 861; baseline -0.004 -15"><span class='ocrx_word' id='word_1_60' title='bbox 486 790 795 861; x_wconf 81' lang='lat' dir='ltr'><strong>egredietur</strong></span> <span class='ocrx_word' id='word_1_61' title='bbox 835 789 1128 852; x_wconf 88' lang='lat' dir='ltr'><strong>Dominus,</strong></span> <span class='ocrx_word' id='word_1_62' title='bbox 1169 797 1223 844; x_wconf 90' lang='lat' dir='ltr'><strong>et</strong></span> <span class='ocrx_word' id='word_1_63' title='bbox 1254 790 1655 860; x_wconf 83' lang='lat' dir='ltr'><strong>comparabitur</strong></span> <span class='ocrx_word' id='word_1_64' title='bbox 1690 789 1756 843; x_wconf 89' lang='lat' dir='ltr'><strong>ad</strong></span> <span class='ocrx_word' id='word_1_65' title='bbox 1793 788 2035 858; x_wconf 67' lang='lat' dir='ltr'><strong>praelium</strong></span> 
     </span>
    </p>
   </div>
   <div class='ocr_carea' id='block_1_11' title="bbox 487 879 2038 951">
    <p class='ocr_par' dir='ltr' id='par_1_11' title="bbox 487 879 2038 951">
     <span class='ocr_line' id='line_1_11' title="bbox 487 879 2038 951; baseline -0.001 -16"><span class='ocrx_word' id='word_1_66' title='bbox 487 882 544 936; x_wconf 92' lang='lat' dir='ltr'><strong>in</strong></span> <span class='ocrx_word' id='word_1_67' title='bbox 593 881 846 951; x_wconf 82' lang='lat' dir='ltr'><strong>gentibus</strong></span> <span class='ocrx_word' id='word_1_68' title='bbox 892 881 1030 946; x_wconf 86' lang='lat' dir='ltr'><strong>illis.</strong></span> <span class='ocrx_word' id='word_1_69' title='bbox 1077 881 1223 935; x_wconf 89' lang='lat' dir='ltr'><strong>sicut</strong></span> <span class='ocrx_word' id='word_1_70' title='bbox 1271 880 1388 936; x_wconf 88' lang='lat' dir='ltr'><strong>dies</strong></span> <span class='ocrx_word' id='word_1_71' title='bbox 1432 881 1603 950; x_wconf 79' lang='lat' dir='ltr'><strong>praelii</strong></span> <span class='ocrx_word' id='word_1_72' title='bbox 1653 881 1772 950; x_wconf 87' lang='lat' dir='ltr'><strong>ejus</strong></span> <span class='ocrx_word' id='word_1_73' title='bbox 1800 922 1815 944; x_wconf 96' lang='lat'><strong>,</strong></span> <span class='ocrx_word' id='word_1_74' title='bbox 1855 881 1910 934; x_wconf 92' lang='lat' dir='ltr'><strong>in</strong></span> <span class='ocrx_word' id='word_1_75' title='bbox 1949 879 2038 934; x_wconf 87' lang='lat' dir='ltr'><strong>die</strong></span> 
     </span>
    </p>
   </div>
   <div class='ocr_carea' id='block_1_12' title="bbox 491 972 2037 1042">
    <p class='ocr_par' dir='ltr' id='par_1_12' title="bbox 491 972 2037 1042">
     <span class='ocr_line' id='line_1_12' title="bbox 491 972 2037 1042; baseline -0.001 -12"><span class='ocrx_word' id='word_1_76' title='bbox 491 973 655 1038; x_wconf 87' lang='lat' dir='ltr'><strong>belli,</strong></span> <span class='ocrx_word' id='word_1_77' title='bbox 696 980 750 1028; x_wconf 90' lang='lat' dir='ltr'><strong>et</strong></span> <span class='ocrx_word' id='word_1_78' title='bbox 788 973 1014 1027; x_wconf 91' lang='lat' dir='ltr'><strong>stabunt</strong></span> <span class='ocrx_word' id='word_1_79' title='bbox 1054 972 1215 1042; x_wconf 87' lang='lat' dir='ltr'><strong>pedes</strong></span> <span class='ocrx_word' id='word_1_80' title='bbox 1253 972 1374 1041; x_wconf 89' lang='lat' dir='ltr'><strong>ejus</strong></span> <span class='ocrx_word' id='word_1_81' title='bbox 1412 974 1466 1027; x_wconf 92' lang='lat' dir='ltr'><strong>in</strong></span> <span class='ocrx_word' id='word_1_82' title='bbox 1504 972 1594 1027; x_wconf 92' lang='lat' dir='ltr'><strong>die</strong></span> <span class='ocrx_word' id='word_1_83' title='bbox 1631 973 1721 1026; x_wconf 89' lang='lat' dir='ltr'><strong>illa</strong></span> <span class='ocrx_word' id='word_1_84' title='bbox 1761 973 1817 1027; x_wconf 92' lang='lat' dir='ltr'><strong>in</strong></span> <span class='ocrx_word' id='word_1_85' title='bbox 1856 982 2037 1028; x_wconf 88' lang='lat' dir='ltr'><strong>monte</strong></span> 
     </span>
    </p>
   </div>
   <div class='ocr_carea' id='block_1_13' title="bbox 487 1063 2036 1135">
    <p class='ocr_par' dir='ltr' id='par_1_13' title="bbox 487 1063 2036 1135">
     <span class='ocr_line' id='line_1_13' title="bbox 487 1063 2036 1135; baseline 0 -15"><span class='ocrx_word' id='word_1_86' title='bbox 487 1066 763 1121; x_wconf 90' lang='lat' dir='ltr'><strong>Olivarum</strong></span> <span class='ocrx_word' id='word_1_87' title='bbox 813 1065 957 1135; x_wconf 94' lang='lat' dir='ltr'><strong>quod</strong></span> <span class='ocrx_word' id='word_1_88' title='bbox 1005 1073 1089 1120; x_wconf 91' lang='lat' dir='ltr'><strong>est</strong></span> <span class='ocrx_word' id='word_1_89' title='bbox 1137 1073 1327 1119; x_wconf 91' lang='lat' dir='ltr'><strong>contra</strong></span> <span class='ocrx_word' id='word_1_90' title='bbox 1377 1063 1676 1120; x_wconf 80' lang='lat' dir='ltr'><strong>Jerusalem</strong></span> <span class='ocrx_word' id='word_1_91' title='bbox 1711 1065 1752 1120; x_wconf 69' lang='grc'><strong>⁸.</strong></span> <span class='ocrx_word' id='word_1_92' title='bbox 1787 1084 1805 1117; x_wconf 73' lang='grc' dir='ltr'><strong>ι</strong></span> <span class='ocrx_word' id='word_1_93' title='bbox 1835 1065 2036 1121; x_wconf 86' lang='lat' dir='ltr'><strong>Deinde</strong></span> 
     </span>
    </p>
   </div>
   <div class='ocr_carea' id='block_1_14' title="bbox 487 1155 2037 1226">
    <p class='ocr_par' dir='ltr' id='par_1_14' title="bbox 487 1155 2037 1226">
     <span class='ocr_line' id='line_1_14' title="bbox 487 1155 2037 1226; baseline 0.001 -18"><span class='ocrx_word' id='word_1_94' title='bbox 487 1166 610 1226; x_wconf 89' lang='lat' dir='ltr'><strong>post</strong></span> <span class='ocrx_word' id='word_1_95' title='bbox 647 1157 753 1210; x_wconf 89' lang='lat' dir='ltr'><strong>alia</strong></span> <span class='ocrx_word' id='word_1_96' title='bbox 791 1172 912 1226; x_wconf 77' lang='lat' dir='ltr'><strong>qua:</strong></span> <span class='ocrx_word' id='word_1_97' title='bbox 951 1157 1006 1210; x_wconf 90' lang='lat' dir='ltr'><strong>in</strong></span> <span class='ocrx_word' id='word_1_98' title='bbox 1046 1155 1223 1209; x_wconf 90' lang='lat' dir='ltr'><strong>medio</strong></span> <span class='ocrx_word' id='word_1_99' title='bbox 1259 1155 1445 1225; x_wconf 89' lang='lat' dir='ltr'><strong>ponit,</strong></span> <span class='ocrx_word' id='word_1_100' title='bbox 1486 1155 1599 1210; x_wconf 64' lang='lat' dir='ltr'><strong>haec</strong></span> <span class='ocrx_word' id='word_1_101' title='bbox 1634 1157 1708 1210; x_wconf 89' lang='lat' dir='ltr'><strong>ait</strong></span> <span class='ocrx_word' id='word_1_102' title='bbox 1739 1175 1751 1211; x_wconf 90' lang='lat'>:</span> <span class='ocrx_word' id='word_1_103' title='bbox 1783 1176 1801 1208; x_wconf 74' lang='grc' dir='ltr'><strong>ι</strong></span> <span class='ocrx_word' id='word_1_104' title='bbox 1838 1156 1902 1211; x_wconf 90' lang='lat' dir='ltr'><strong>Et</strong></span> <span class='ocrx_word' id='word_1_105' title='bbox 1933 1157 2037 1211; x_wconf 91' lang='lat' dir='ltr'><strong>erit</strong></span> 
     </span>
    </p>
   </div>
   <div class='ocr_carea' id='block_1_15' title="bbox 490 1247 2037 1318">
    <p class='ocr_par' dir='ltr' id='par_1_15' title="bbox 490 1247 2037 1318">
     <span class='ocr_line' id='line_1_15' title="bbox 490 1247 2037 1318; baseline 0.003 -19"><span class='ocrx_word' id='word_1_106' title='bbox 490 1247 749 1302; x_wconf 89' lang='lat' dir='ltr'><strong>Dominus</strong></span> <span class='ocrx_word' id='word_1_107' title='bbox 791 1263 966 1307; x_wconf 92' lang='lat' dir='ltr'><strong>unus,</strong></span> <span class='ocrx_word' id='word_1_108' title='bbox 1004 1254 1058 1301; x_wconf 89' lang='lat' dir='ltr'><strong>et</strong></span> <span class='ocrx_word' id='word_1_109' title='bbox 1095 1262 1292 1301; x_wconf 89' lang='lat' dir='ltr'><strong>nomen</strong></span> <span class='ocrx_word' id='word_1_110' title='bbox 1320 1247 1440 1315; x_wconf 89' lang='lat' dir='ltr'><strong>ejus</strong></span> <span class='ocrx_word' id='word_1_111' title='bbox 1475 1264 1637 1301; x_wconf 93' lang='lat' dir='ltr'><strong>unum</strong></span> <span class='ocrx_word' id='word_1_112' title='bbox 1673 1249 2037 1318; x_wconf 84' lang='lat' dir='ltr'><strong>complectens</strong></span> 
     </span>
    </p>
   </div>
   <div class='ocr_carea' id='block_1_16' title="bbox 486 1337 2036 1411">
    <p class='ocr_par' dir='ltr' id='par_1_16' title="bbox 486 1337 2036 1411">
     <span class='ocr_line' id='line_1_16' title="bbox 486 1337 2036 1411; baseline 0.001 -19"><span class='ocrx_word' id='word_1_113' title='bbox 486 1354 698 1393; x_wconf 88' lang='lat' dir='ltr'><strong>omnem</strong></span> <span class='ocrx_word' id='word_1_114' title='bbox 732 1347 931 1393; x_wconf 89' lang='lat' dir='ltr'><strong>terram</strong></span> <span class='ocrx_word' id='word_1_115' title='bbox 964 1347 1018 1393; x_wconf 92' lang='lat' dir='ltr'><strong>et</strong></span> <span class='ocrx_word' id='word_1_116' title='bbox 1046 1338 1316 1393; x_wconf 90' lang='lat' dir='ltr'><strong>desertum</strong></span> <span class='ocrx_word' id='word_1_117' title='bbox 1350 1339 1392 1393; x_wconf 87' lang='grc'><strong>⁸.</strong></span> <span class='ocrx_word' id='word_1_118' title='bbox 1426 1357 1444 1390; x_wconf 73' lang='grc' dir='ltr'><strong>ι</strong></span> <span class='ocrx_word' id='word_1_119' title='bbox 1482 1337 1644 1410; x_wconf 67' lang='grc'><strong>409</strong></span> <span class='ocrx_word' id='word_1_120' title='bbox 1675 1338 1884 1394; x_wconf 82' lang='lat' dir='ltr'><strong>Rursus</strong></span> <span class='ocrx_word' id='word_1_121' title='bbox 1913 1348 2036 1411; x_wconf 87' lang='lat' dir='ltr'><strong>post</strong></span> 
     </span>
    </p>
   </div>
   <div class='ocr_carea' id='block_1_17' title="bbox 487 1429 2034 1500">
    <p class='ocr_par' dir='ltr' id='par_1_17' title="bbox 487 1429 2034 1500">
     <span class='ocr_line' id='line_1_17' title="bbox 487 1429 2034 1500; baseline 0.003 -18"><span class='ocrx_word' id='word_1_122' title='bbox 487 1429 593 1482; x_wconf 88' lang='lat' dir='ltr'><strong>alia</strong></span> <span class='ocrx_word' id='word_1_123' title='bbox 634 1429 762 1482; x_wconf 93' lang='lat' dir='ltr'><strong>dum</strong></span> <span class='ocrx_word' id='word_1_124' title='bbox 801 1429 1099 1499; x_wconf 68' lang='lat' dir='ltr'><strong>prephetiaa</strong></span> <span class='ocrx_word' id='word_1_125' title='bbox 1137 1429 1275 1484; x_wconf 90' lang='lat' dir='ltr'><strong>libro</strong></span> <span class='ocrx_word' id='word_1_126' title='bbox 1311 1429 1604 1484; x_wconf 89' lang='lat' dir='ltr'><strong>terminum</strong></span> <span class='ocrx_word' id='word_1_127' title='bbox 1645 1431 1830 1500; x_wconf 80' lang='lat' dir='ltr'><strong>ponit,</strong></span> <span class='ocrx_word' id='word_1_128' title='bbox 1868 1448 2034 1486; x_wconf 89' lang='lat' dir='ltr'><strong>voca-</strong></span> 
     </span>
    </p>
   </div>
   <div class='ocr_carea' id='block_1_18' title="bbox 487 1517 2036 1592">
    <p class='ocr_par' dir='ltr' id='par_1_18' title="bbox 487 1517 2036 1592">
     <span class='ocr_line' id='line_1_18' title="bbox 487 1517 2036 1592; baseline 0.005 -22"><span class='ocrx_word' id='word_1_129' title='bbox 487 1519 684 1572; x_wconf 84' lang='lat' dir='ltr'><strong>tionem</strong></span> <span class='ocrx_word' id='word_1_130' title='bbox 721 1518 959 1588; x_wconf 86' lang='lat' dir='ltr'><strong>gentium</strong></span> <span class='ocrx_word' id='word_1_131' title='bbox 995 1517 1080 1573; x_wconf 89' lang='lat' dir='ltr'><strong>his</strong></span> <span class='ocrx_word' id='word_1_132' title='bbox 1108 1519 1289 1573; x_wconf 88' lang='lat' dir='ltr'><strong>verbis</strong></span> <span class='ocrx_word' id='word_1_133' title='bbox 1321 1519 1564 1574; x_wconf 89' lang='lat' dir='ltr'><strong>divinat:</strong></span> <span class='ocrx_word' id='word_1_134' title='bbox 1597 1539 1614 1571; x_wconf 75' lang='grc' dir='ltr'><strong>ι</strong></span> <span class='ocrx_word' id='word_1_135' title='bbox 1649 1519 1714 1572; x_wconf 87' lang='lat' dir='ltr'><strong>Et</strong></span> <span class='ocrx_word' id='word_1_136' title='bbox 1746 1521 1884 1585; x_wconf 86' lang='lat' dir='ltr'><strong>erit,</strong></span> <span class='ocrx_word' id='word_1_137' title='bbox 1915 1523 2036 1592; x_wconf 85' lang='lat' dir='ltr'><strong>qui-</strong></span> 
     </span>
    </p>
   </div>
   <div class='ocr_carea' id='block_1_19' title="bbox 486 1609 2033 1683">
    <p class='ocr_par' dir='ltr' id='par_1_19' title="bbox 486 1609 2033 1683">
     <span class='ocr_line' id='line_1_19' title="bbox 486 1609 2033 1683; baseline 0.003 -21"><span class='ocrx_word' id='word_1_138' title='bbox 486 1624 700 1678; x_wconf 83' lang='lat' dir='ltr'><strong>cunque</strong></span> <span class='ocrx_word' id='word_1_139' title='bbox 749 1609 926 1663; x_wconf 85' lang='lat' dir='ltr'><strong>relicti</strong></span> <span class='ocrx_word' id='word_1_140' title='bbox 970 1609 1172 1663; x_wconf 83' lang='lat' dir='ltr'><strong>fuerint</strong></span> <span class='ocrx_word' id='word_1_141' title='bbox 1203 1625 1270 1665; x_wconf 79' lang='lat' dir='ltr'><strong>ex</strong></span> <span class='ocrx_word' id='word_1_142' title='bbox 1308 1610 1561 1665; x_wconf 89' lang='lat' dir='ltr'><strong>omnibus</strong></span> <span class='ocrx_word' id='word_1_143' title='bbox 1597 1611 1881 1680; x_wconf 81' lang='lat' dir='ltr'><strong>gentibus,</strong></span> <span class='ocrx_word' id='word_1_144' title='bbox 1914 1628 2033 1683; x_wconf 66' lang='lat' dir='ltr'><strong>quae</strong></span> 
     </span>
    </p>
   </div>
   <div class='ocr_carea' id='block_1_20' title="bbox 2141 422 3690 493">
    <p class='ocr_par' dir='ltr' id='par_1_20' title="bbox 2141 422 3690 493">
     <span class='ocr_line' id='line_1_20' title="bbox 2141 422 3690 493; baseline 0.002 -18"><span class='ocrx_word' id='word_1_145' title='bbox 2141 422 2423 493; x_wconf 81' lang='grc' dir='ltr'>σθήσονται</span> <span class='ocrx_word' id='word_1_146' title='bbox 2450 425 2518 479; x_wconf 84' lang='grc' dir='ltr'><strong>τὰ</strong></span> <span class='ocrx_word' id='word_1_147' title='bbox 2547 425 2716 478; x_wconf 80' lang='grc' dir='ltr'>σκῦλά</span> <span class='ocrx_word' id='word_1_148' title='bbox 2745 442 2835 478; x_wconf 88' lang='grc' dir='ltr'><strong>σου</strong></span> <span class='ocrx_word' id='word_1_149' title='bbox 2858 424 2915 477; x_wconf 82' lang='grc' dir='ltr'><strong>ἐν</strong></span> <span class='ocrx_word' id='word_1_150' title='bbox 2939 423 3038 488; x_wconf 72' lang='grc' dir='ltr'>σοὶ,</span> <span class='ocrx_word' id='word_1_151' title='bbox 3061 423 3154 476; x_wconf 72' lang='grc' dir='ltr'>καὶ</span> <span class='ocrx_word' id='word_1_152' title='bbox 3182 423 3488 486; x_wconf 72' lang='grc' dir='ltr'>ἐπισυνάξει)</span> <span class='ocrx_word' id='word_1_153' title='bbox 3519 425 3690 478; x_wconf 85' lang='grc' dir='ltr'>πάντα</span> 
     </span>
    </p>
   </div>
   <div class='ocr_carea' id='block_1_21' title="bbox 2134 513 3690 588">
    <p class='ocr_par' dir='ltr' id='par_1_21' title="bbox 2134 513 3690 588">
     <span class='ocr_line' id='line_1_21' title="bbox 2134 513 3690 588; baseline 0.001 -22"><span class='ocrx_word' id='word_1_154' title='bbox 2134 513 2203 566; x_wconf 81' lang='grc' dir='ltr'>τὰ</span> <span class='ocrx_word' id='word_1_155' title='bbox 2235 515 2360 586; x_wconf 77' lang='grc' dir='ltr'>ἔθνη</span> <span class='ocrx_word' id='word_1_156' title='bbox 2387 516 2479 570; x_wconf 79' lang='grc' dir='ltr'>ἐπὶ</span> <span class='ocrx_word' id='word_1_157' title='bbox 2513 516 2858 588; x_wconf 78' lang='grc' dir='ltr'>Ἰερουσαλὴμ</span> <span class='ocrx_word' id='word_1_158' title='bbox 2904 517 2981 578; x_wconf 81' lang='grc' dir='ltr'>εἰς</span> <span class='ocrx_word' id='word_1_159' title='bbox 3014 513 3267 584; x_wconf 82' lang='grc' dir='ltr'>πόλεμον,</span> <span class='ocrx_word' id='word_1_160' title='bbox 3307 514 3400 566; x_wconf 58' lang='grc' dir='ltr'><strong>καὶ⁵</strong></span> <span class='ocrx_word' id='word_1_161' title='bbox 3430 514 3690 568; x_wconf 79' lang='grc' dir='ltr'>ἁλώσεται</span> 
     </span>
    </p>
   </div>
   <div class='ocr_carea' id='block_1_22' title="bbox 2135 605 3692 679">
    <p class='ocr_par' dir='ltr' id='par_1_22' title="bbox 2135 605 3692 679">
     <span class='ocr_line' id='line_1_22' title="bbox 2135 605 3692 679; baseline 0.001 -22"><span class='ocrx_word' id='word_1_162' title='bbox 2135 606 2168 676; x_wconf 88' lang='grc' dir='ltr'><strong>ή</strong></span> <span class='ocrx_word' id='word_1_163' title='bbox 2199 605 2371 670; x_wconf 83' lang='grc' dir='ltr'><strong>πόλις,</strong></span> <span class='ocrx_word' id='word_1_164' title='bbox 2404 609 2497 660; x_wconf 77' lang='grc' dir='ltr'>καὶ</span> <span class='ocrx_word' id='word_1_165' title='bbox 2522 608 2980 679; x_wconf 84' lang='grc' dir='ltr'>διαρπαγήσονται</span> <span class='ocrx_word' id='word_1_166' title='bbox 3017 607 3072 658; x_wconf 83' lang='lat' dir='ltr'><strong>ai</strong></span> <span class='ocrx_word' id='word_1_167' title='bbox 3103 606 3291 668; x_wconf 84' lang='grc' dir='ltr'>οίκίαι,</span> <span class='ocrx_word' id='word_1_168' title='bbox 3315 607 3408 658; x_wconf 74' lang='grc' dir='ltr'>καὶ</span> <span class='ocrx_word' id='word_1_169' title='bbox 3440 609 3692 674; x_wconf 81' lang='grc' dir='ltr'>γυναῖκες</span> 
     </span>
    </p>
   </div>
   <div class='ocr_carea' id='block_1_23' title="bbox 2137 696 3692 769">
    <p class='ocr_par' dir='ltr' id='par_1_23' title="bbox 2137 696 3692 769">
     <span class='ocr_line' id='line_1_23' title="bbox 2137 696 3692 769; baseline 0 -21"><span class='ocrx_word' id='word_1_170' title='bbox 2137 697 2574 769; x_wconf 86' lang='grc' dir='ltr'>μολυνθήσονται,</span> <span class='ocrx_word' id='word_1_171' title='bbox 2608 699 2701 752; x_wconf 71' lang='grc' dir='ltr'>καὶ</span> <span class='ocrx_word' id='word_1_172' title='bbox 2732 698 3061 764; x_wconf 80' lang='grc' dir='ltr'>ἐξελεύσεται</span> <span class='ocrx_word' id='word_1_173' title='bbox 3085 696 3332 768; x_wconf 74' lang='grc' dir='ltr'>τὺῆμισυ</span> <span class='ocrx_word' id='word_1_174' title='bbox 3364 697 3460 766; x_wconf 80' lang='grc' dir='ltr'>τῆς</span> <span class='ocrx_word' id='word_1_175' title='bbox 3489 696 3692 759; x_wconf 79' lang='grc' dir='ltr'>πόλεως</span> 
     </span>
    </p>
   </div>
   <div class='ocr_carea' id='block_1_24' title="bbox 2135 788 3685 862">
    <p class='ocr_par' dir='ltr' id='par_1_24' title="bbox 2135 788 3685 862">
     <span class='ocr_line' id='line_1_24' title="bbox 2135 788 3685 862; baseline -0.001 -20"><span class='ocrx_word' id='word_1_176' title='bbox 2135 792 2192 844; x_wconf 88' lang='grc' dir='ltr'><strong>ἐν</strong></span> <span class='ocrx_word' id='word_1_177' title='bbox 2239 791 2610 862; x_wconf 68' lang='grc' dir='ltr'><strong>αἰχμαλωσίᾳ⁸</strong></span> <span class='ocrx_word' id='word_1_178' title='bbox 2651 793 2698 843; x_wconf 82' lang='lat' dir='ltr'><strong>oi</strong></span> <span class='ocrx_word' id='word_1_179' title='bbox 2735 791 2792 843; x_wconf 88' lang='grc' dir='ltr'><strong>δέ</strong></span> <span class='ocrx_word' id='word_1_180' title='bbox 2834 789 3144 844; x_wconf 84' lang='grc' dir='ltr'><strong>κατάλοιποι</strong></span> <span class='ocrx_word' id='word_1_181' title='bbox 3183 788 3278 842; x_wconf 82' lang='grc' dir='ltr'><strong>τοῦ</strong></span> <span class='ocrx_word' id='word_1_182' title='bbox 3322 788 3452 842; x_wconf 84' lang='grc' dir='ltr'>λαοῦ</span> <span class='ocrx_word' id='word_1_183' title='bbox 3490 806 3591 859; x_wconf 82' lang='grc' dir='ltr'><strong>μου</strong></span> <span class='ocrx_word' id='word_1_184' title='bbox 3628 790 3685 841; x_wconf 83' lang='grc' dir='ltr'><strong>ού</strong></span> 
     </span>
    </p>
   </div>
   <div class='ocr_carea' id='block_1_25' title="bbox 2138 881 3690 954">
    <p class='ocr_par' dir='ltr' id='par_1_25' title="bbox 2138 881 3690 954">
     <span class='ocr_line' id='line_1_25' title="bbox 2138 881 3690 954; baseline -0.001 -18"><span class='ocrx_word' id='word_1_185' title='bbox 2138 883 2211 954; x_wconf 81' lang='grc' dir='ltr'>μὴ</span> <span class='ocrx_word' id='word_1_186' title='bbox 2247 883 2690 953; x_wconf 83' lang='grc' dir='ltr'>ἐξολοθρευθῶσιν</span> <span class='ocrx_word' id='word_1_187' title='bbox 2724 885 2787 937; x_wconf 87' lang='grc' dir='ltr'><strong>ἐκ</strong></span> <span class='ocrx_word' id='word_1_188' title='bbox 2819 884 2914 953; x_wconf 81' lang='grc' dir='ltr'>τῆς</span> <span class='ocrx_word' id='word_1_189' title='bbox 2948 883 3168 948; x_wconf 90' lang='grc' dir='ltr'>πόλεως.</span> <span class='ocrx_word' id='word_1_190' title='bbox 3205 884 3313 936; x_wconf 78' lang='grc' dir='ltr'><strong>Καὶ</strong></span> <span class='ocrx_word' id='word_1_191' title='bbox 3356 881 3690 948; x_wconf 82' lang='grc' dir='ltr'>ἐξελεύσεται</span> 
     </span>
    </p>
   </div>
   <div class='ocr_carea' id='block_1_26' title="bbox 2135 973 3688 1048">
    <p class='ocr_par' dir='ltr' id='par_1_26' title="bbox 2135 973 3688 1048">
     <span class='ocr_line' id='line_1_26' title="bbox 2135 973 3688 1048; baseline 0 -19"><span class='ocrx_word' id='word_1_192' title='bbox 2135 974 2356 1048; x_wconf 85' lang='grc' dir='ltr'>Κύριος,</span> <span class='ocrx_word' id='word_1_193' title='bbox 2396 977 2487 1029; x_wconf 72' lang='grc' dir='ltr'>καὶ</span> <span class='ocrx_word' id='word_1_194' title='bbox 2531 974 2892 1047; x_wconf 76' lang='grc' dir='ltr'><strong>παρατάξεται</strong></span> <span class='ocrx_word' id='word_1_195' title='bbox 2935 977 2992 1028; x_wconf 83' lang='grc' dir='ltr'><strong>ἐν</strong></span> <span class='ocrx_word' id='word_1_196' title='bbox 3032 978 3142 1038; x_wconf 79' lang='grc' dir='ltr'>τοῖς</span> <span class='ocrx_word' id='word_1_197' title='bbox 3192 974 3395 1028; x_wconf 79' lang='grc' dir='ltr'>ἔθνεσιν</span> <span class='ocrx_word' id='word_1_198' title='bbox 3444 973 3688 1036; x_wconf 85' lang='grc' dir='ltr'>ἐκείνοις.</span> 
     </span>
    </p>
   </div>
   <div class='ocr_carea' id='block_1_27' title="bbox 2135 1064 3693 1138">
    <p class='ocr_par' dir='ltr' id='par_1_27' title="bbox 2135 1064 3693 1138">
     <span class='ocr_line' id='line_1_27' title="bbox 2135 1064 3693 1138; baseline -0.003 -18"><span class='ocrx_word' id='word_1_199' title='bbox 2135 1065 2315 1128; x_wconf 85' lang='grc' dir='ltr'>καθὼς</span> <span class='ocrx_word' id='word_1_200' title='bbox 2360 1068 2543 1138; x_wconf 80' lang='grc' dir='ltr'>ἡμέρα</span> <span class='ocrx_word' id='word_1_201' title='bbox 2589 1064 2939 1136; x_wconf 85' lang='grc' dir='ltr'>παρατάξεως</span> <span class='ocrx_word' id='word_1_202' title='bbox 2994 1065 3153 1118; x_wconf 76' lang='grc' dir='ltr'>αὐτοῦ</span> <span class='ocrx_word' id='word_1_203' title='bbox 3193 1067 3250 1118; x_wconf 88' lang='grc' dir='ltr'><strong>ἐν</strong></span> <span class='ocrx_word' id='word_1_204' title='bbox 3306 1064 3486 1136; x_wconf 77' lang='grc' dir='ltr'>ἡμέρᾳ</span> <span class='ocrx_word' id='word_1_205' title='bbox 3541 1064 3693 1117; x_wconf 81' lang='grc' dir='ltr'>πολέ-</span> 
     </span>
    </p>
   </div>
   <div class='ocr_carea' id='block_1_28' title="bbox 2139 1155 3691 1231">
    <p class='ocr_par' dir='ltr' id='par_1_28' title="bbox 2139 1155 3691 1231">
     <span class='ocr_line' id='line_1_28' title="bbox 2139 1155 3691 1231; baseline -0.005 -18"><span class='ocrx_word' id='word_1_206' title='bbox 2139 1177 2272 1231; x_wconf 89' lang='grc' dir='ltr'>μου,</span> <span class='ocrx_word' id='word_1_207' title='bbox 2324 1160 2418 1212; x_wconf 74' lang='grc' dir='ltr'>καὶ</span> <span class='ocrx_word' id='word_1_208' title='bbox 2469 1157 2754 1227; x_wconf 79' lang='grc' dir='ltr'><strong>στήσονται</strong></span> <span class='ocrx_word' id='word_1_209' title='bbox 2795 1156 2845 1208; x_wconf 79' lang='lat' dir='ltr'><strong>oi</strong></span> <span class='ocrx_word' id='word_1_210' title='bbox 2893 1156 3052 1218; x_wconf 84' lang='grc' dir='ltr'>πόδες</span> <span class='ocrx_word' id='word_1_211' title='bbox 3089 1155 3250 1209; x_wconf 77' lang='grc' dir='ltr'>αὑτοῦ</span> <span class='ocrx_word' id='word_1_212' title='bbox 3300 1157 3355 1208; x_wconf 87' lang='grc' dir='ltr'><strong>ἐν</strong></span> <span class='ocrx_word' id='word_1_213' title='bbox 3403 1157 3468 1225; x_wconf 73' lang='grc' dir='ltr'>τῇ</span> <span class='ocrx_word' id='word_1_214' title='bbox 3511 1155 3691 1224; x_wconf 67' lang='grc' dir='ltr'>ἡμέρα</span> 
     </span>
    </p>
   </div>
   <div class='ocr_carea' id='block_1_29' title="bbox 2135 1244 3691 1322">
    <p class='ocr_par' dir='ltr' id='par_1_29' title="bbox 2135 1244 3691 1322">
     <span class='ocr_line' id='line_1_29' title="bbox 2135 1244 3691 1322; baseline -0.005 -19"><span class='ocrx_word' id='word_1_215' title='bbox 2135 1250 2316 1322; x_wconf 82' lang='grc' dir='ltr'>ἐκείνῃ</span> <span class='ocrx_word' id='word_1_216' title='bbox 2370 1249 2461 1302; x_wconf 71' lang='grc' dir='ltr'>ἐπὶ</span> <span class='ocrx_word' id='word_1_217' title='bbox 2525 1247 2587 1300; x_wconf 79' lang='grc' dir='ltr'>τὸ</span> <span class='ocrx_word' id='word_1_218' title='bbox 2646 1246 2769 1318; x_wconf 77' lang='grc' dir='ltr'>ὅρος</span> <span class='ocrx_word' id='word_1_219' title='bbox 2830 1245 2938 1298; x_wconf 89' lang='grc' dir='ltr'><strong>τῶν</strong></span> <span class='ocrx_word' id='word_1_220' title='bbox 3009 1245 3230 1298; x_wconf 85' lang='grc' dir='ltr'>Ἐλαιῶν</span> <span class='ocrx_word' id='word_1_221' title='bbox 3286 1246 3343 1299; x_wconf 80' lang='grc' dir='ltr'>τὸ</span> <span class='ocrx_word' id='word_1_222' title='bbox 3409 1244 3691 1298; x_wconf 76' lang='grc' dir='ltr'>κατέναντι</span> 
     </span>
    </p>
   </div>
   <div class='ocr_carea' id='block_1_30' title="bbox 2145 1336 3684 1413">
    <p class='ocr_par' dir='ltr' id='par_1_30' title="bbox 2145 1336 3684 1413">
     <span class='ocr_line' id='line_1_30' title="bbox 2145 1336 3684 1413; baseline -0.004 -19"><span class='ocrx_word' id='word_1_223' title='bbox 2145 1343 2516 1413; x_wconf 83' lang='grc' dir='ltr'>Ἰερουσαλήμ.</span> <span class='ocrx_word' id='word_1_224' title='bbox 2565 1359 2584 1391; x_wconf 74' lang='grc' dir='ltr'><strong>ι</strong></span> <span class='ocrx_word' id='word_1_225' title='bbox 2626 1338 2753 1393; x_wconf 77' lang='grc' dir='ltr'>Εἶτα</span> <span class='ocrx_word' id='word_1_226' title='bbox 2803 1339 2920 1409; x_wconf 86' lang='grc' dir='ltr'>μεθ’</span> <span class='ocrx_word' id='word_1_227' title='bbox 2980 1340 3140 1410; x_wconf 72' lang='grc' dir='ltr'>ἔτερα</span> <span class='ocrx_word' id='word_1_228' title='bbox 3197 1338 3268 1391; x_wconf 92' lang='grc' dir='ltr'><strong>τά</strong></span> <span class='ocrx_word' id='word_1_229' title='bbox 3325 1336 3528 1408; x_wconf 78' lang='grc' dir='ltr'>μεταξύ</span> <span class='ocrx_word' id='word_1_230' title='bbox 3589 1355 3684 1406; x_wconf 55' lang='lat' dir='ltr'><strong>car;-</strong></span> 
     </span>
    </p>
   </div>
   <div class='ocr_carea' id='block_1_31' title="bbox 2137 1425 3690 1503">
    <p class='ocr_par' dir='ltr' id='par_1_31' title="bbox 2137 1425 3690 1503">
     <span class='ocr_line' id='line_1_31' title="bbox 2137 1425 3690 1503; baseline -0.004 -17"><span class='ocrx_word' id='word_1_231' title='bbox 2137 1451 2247 1486; x_wconf 84' lang='grc' dir='ltr'>σιν⁶</span> <span class='ocrx_word' id='word_1_232' title='bbox 2296 1452 2314 1484; x_wconf 79' lang='grc' dir='ltr'><strong>ι</strong></span> <span class='ocrx_word' id='word_1_233' title='bbox 2363 1434 2470 1487; x_wconf 69' lang='grc' dir='ltr'>Καὶ</span> <span class='ocrx_word' id='word_1_234' title='bbox 2511 1433 2658 1486; x_wconf 79' lang='grc' dir='ltr'>ἔσται</span> <span class='ocrx_word' id='word_1_235' title='bbox 2705 1432 2905 1503; x_wconf 87' lang='grc' dir='ltr'>Κύριος</span> <span class='ocrx_word' id='word_1_236' title='bbox 2945 1425 3044 1495; x_wconf 73' lang='grc' dir='ltr'>εἷς,</span> <span class='ocrx_word' id='word_1_237' title='bbox 3079 1431 3170 1484; x_wconf 75' lang='grc' dir='ltr'>καὶ</span> <span class='ocrx_word' id='word_1_238' title='bbox 3209 1429 3269 1482; x_wconf 87' lang='grc' dir='ltr'><strong>τδ</strong></span> <span class='ocrx_word' id='word_1_239' title='bbox 3315 1429 3482 1499; x_wconf 75' lang='grc' dir='ltr'>ὄνομα</span> <span class='ocrx_word' id='word_1_240' title='bbox 3533 1427 3690 1482; x_wconf 74' lang='grc' dir='ltr'>αὐτοῦ</span> 
     </span>
    </p>
   </div>
   <div class='ocr_carea' id='block_1_32' title="bbox 2137 1517 3690 1592">
    <p class='ocr_par' dir='ltr' id='par_1_32' title="bbox 2137 1517 3690 1592">
     <span class='ocr_line' id='line_1_32' title="bbox 2137 1517 3690 1592; baseline -0.005 -16"><span class='ocrx_word' id='word_1_241' title='bbox 2137 1523 2214 1586; x_wconf 84' lang='grc' dir='ltr'>ἓν,</span> <span class='ocrx_word' id='word_1_242' title='bbox 2258 1521 2488 1576; x_wconf 79' lang='grc' dir='ltr'>κυκλοῢν</span> <span class='ocrx_word' id='word_1_243' title='bbox 2529 1523 2704 1575; x_wconf 79' lang='grc' dir='ltr'>πᾶσαν</span> <span class='ocrx_word' id='word_1_244' title='bbox 2729 1522 2828 1592; x_wconf 80' lang='grc' dir='ltr'>τὴν</span> <span class='ocrx_word' id='word_1_245' title='bbox 2851 1521 2974 1592; x_wconf 77' lang='grc' dir='ltr'>γῆν,</span> <span class='ocrx_word' id='word_1_246' title='bbox 3003 1521 3096 1574; x_wconf 72' lang='grc' dir='ltr'>καὶ</span> <span class='ocrx_word' id='word_1_247' title='bbox 3137 1517 3232 1589; x_wconf 77' lang='grc' dir='ltr'>τὴν</span> <span class='ocrx_word' id='word_1_248' title='bbox 3278 1517 3501 1587; x_wconf 77' lang='grc' dir='ltr'>ἔρημον.</span> <span class='ocrx_word' id='word_1_249' title='bbox 3541 1536 3560 1568; x_wconf 72' lang='grc' dir='ltr'><strong>ι</strong></span> <span class='ocrx_word' id='word_1_250' title='bbox 3587 1517 3690 1569; x_wconf 75' lang='grc' dir='ltr'>Καὶ</span> 
     </span>
    </p>
   </div>
   <div class='ocr_carea' id='block_1_33' title="bbox 2133 1609 3680 1686">
    <p class='ocr_par' dir='ltr' id='par_1_33' title="bbox 2133 1609 3680 1686">
     <span class='ocr_line' id='line_1_33' title="bbox 2133 1609 3680 1686; baseline -0.006 -18"><span class='ocrx_word' id='word_1_251' title='bbox 2133 1611 2285 1678; x_wconf 76' lang='grc' dir='ltr'>αὖθις</span> <span class='ocrx_word' id='word_1_252' title='bbox 2334 1614 2452 1686; x_wconf 80' lang='grc' dir='ltr'>μεθ’</span> <span class='ocrx_word' id='word_1_253' title='bbox 2490 1615 2649 1686; x_wconf 72' lang='grc' dir='ltr'>ἔτερα</span> <span class='ocrx_word' id='word_1_254' title='bbox 2699 1614 3044 1686; x_wconf 75' lang='grc' dir='ltr'><strong>περιγράφων</strong></span> <span class='ocrx_word' id='word_1_255' title='bbox 3087 1611 3181 1682; x_wconf 83' lang='grc' dir='ltr'>τὴν</span> <span class='ocrx_word' id='word_1_256' title='bbox 3221 1609 3394 1679; x_wconf 83' lang='grc' dir='ltr'>βίϐλον</span> <span class='ocrx_word' id='word_1_257' title='bbox 3426 1609 3532 1678; x_wconf 77' lang='grc' dir='ltr'>τῆς</span> <span class='ocrx_word' id='word_1_258' title='bbox 3566 1624 3680 1678; x_wconf 82' lang='grc' dir='ltr'>προ-</span> 
     </span>
    </p>
   </div>
   <div class='ocr_carea' id='block_1_34' title="bbox 488 1691 2031 1778">
    <p class='ocr_par' dir='ltr' id='par_1_34' title="bbox 488 1698 2031 1773">
     <span class='ocr_line' id='line_1_34' title="bbox 488 1698 2031 1773; baseline 0.005 -20"><span class='ocrx_word' id='word_1_259' title='bbox 488 1699 729 1754; x_wconf 85' lang='lat' dir='ltr'><strong>venerint</strong></span> <span class='ocrx_word' id='word_1_260' title='bbox 758 1699 811 1753; x_wconf 94' lang='lat' dir='ltr'><strong>in</strong></span> <span class='ocrx_word' id='word_1_261' title='bbox 836 1698 1132 1756; x_wconf 85' lang='lat' dir='ltr'><strong>Jerusalem</strong></span> <span class='ocrx_word' id='word_1_262' title='bbox 1155 1741 1169 1765; x_wconf 97' lang='lat'><strong>,</strong></span> <span class='ocrx_word' id='word_1_263' title='bbox 1199 1707 1253 1755; x_wconf 90' lang='lat' dir='ltr'><strong>et</strong></span> <span class='ocrx_word' id='word_1_264' title='bbox 1279 1702 1570 1757; x_wconf 87' lang='lat' dir='ltr'><strong>ascendent</strong></span> <span class='ocrx_word' id='word_1_265' title='bbox 1599 1703 1826 1773; x_wconf 79' lang='lat' dir='ltr'><strong>singulis</strong></span> <span class='ocrx_word' id='word_1_266' title='bbox 1853 1705 2031 1770; x_wconf 91' lang='lat' dir='ltr'><strong>annis,</strong></span> 
     </span>
    </p>
   </div>
   <div class='ocr_carea' id='block_1_35' title="bbox 2132 1691 3678 1778">
    <p class='ocr_par' dir='ltr' id='par_1_35' title="bbox 2136 1701 3678 1778">
     <span class='ocr_line' id='line_1_35' title="bbox 2136 1701 3678 1778; baseline -0.005 -18"><span class='ocrx_word' id='word_1_267' title='bbox 2136 1706 2378 1778; x_wconf 84' lang='grc' dir='ltr'>φητείας,</span> <span class='ocrx_word' id='word_1_268' title='bbox 2403 1707 2502 1778; x_wconf 79' lang='grc' dir='ltr'>τὴν</span> <span class='ocrx_word' id='word_1_269' title='bbox 2524 1705 2712 1775; x_wconf 77' lang='grc' dir='ltr'>κλῆσιν</span> <span class='ocrx_word' id='word_1_270' title='bbox 2734 1706 2842 1757; x_wconf 90' lang='grc' dir='ltr'><strong>τῶν</strong></span> <span class='ocrx_word' id='word_1_271' title='bbox 2863 1704 3030 1759; x_wconf 82' lang='grc' dir='ltr'>ἐθνῶν</span> <span class='ocrx_word' id='word_1_272' title='bbox 3049 1703 3136 1756; x_wconf 79' lang='grc' dir='ltr'>διὰ</span> <span class='ocrx_word' id='word_1_273' title='bbox 3160 1703 3359 1756; x_wconf 89' lang='grc' dir='ltr'>τούτων</span> <span class='ocrx_word' id='word_1_274' title='bbox 3410 1701 3678 1764; x_wconf 79' lang='grc' dir='ltr'>θεσπίζει·</span> 
     </span>
    </p>
   </div>
   <div class='ocr_carea' id='block_1_36' title="bbox 487 1789 2036 1865">
    <p class='ocr_par' dir='ltr' id='par_1_36' title="bbox 487 1789 2036 1865">
     <span class='ocr_line' id='line_1_36' title="bbox 487 1789 2036 1865; baseline 0.005 -20"><span class='ocrx_word' id='word_1_275' title='bbox 487 1798 543 1845; x_wconf 95' lang='lat' dir='ltr'><strong>ut</strong></span> <span class='ocrx_word' id='word_1_276' title='bbox 573 1791 800 1844; x_wconf 87' lang='lat' dir='ltr'><strong>adorent</strong></span> <span class='ocrx_word' id='word_1_277' title='bbox 827 1789 1024 1861; x_wconf 81' lang='lat' dir='ltr'><strong>Regem</strong></span> <span class='ocrx_word' id='word_1_278' title='bbox 1055 1791 1341 1848; x_wconf 90' lang='lat' dir='ltr'><strong>Dominum</strong></span> <span class='ocrx_word' id='word_1_279' title='bbox 1377 1795 1800 1865; x_wconf 82' lang='lat' dir='ltr'><strong>omnipotentem</strong></span> <span class='ocrx_word' id='word_1_280' title='bbox 1820 1837 1835 1860; x_wconf 94' lang='lat'><strong>,</strong></span> <span class='ocrx_word' id='word_1_281' title='bbox 1864 1807 1918 1852; x_wconf 85' lang='lat' dir='ltr'><strong>et</strong></span> <span class='ocrx_word' id='word_1_282' title='bbox 1946 1814 2036 1853; x_wconf 87' lang='lat' dir='ltr'><strong>ce-</strong></span> 
     </span>
    </p>
   </div>
   <div class='ocr_carea' id='block_1_37' title="bbox 485 1883 2032 1961">
    <p class='ocr_par' dir='ltr' id='par_1_37' title="bbox 485 1883 2032 1961">
     <span class='ocr_line' id='line_1_37' title="bbox 485 1883 2032 1961; baseline 0.008 -26"><span class='ocrx_word' id='word_1_283' title='bbox 485 1885 691 1938; x_wconf 87' lang='lat' dir='ltr'><strong>lebrent</strong></span> <span class='ocrx_word' id='word_1_284' title='bbox 717 1883 856 1938; x_wconf 92' lang='lat' dir='ltr'><strong>diem</strong></span> <span class='ocrx_word' id='word_1_285' title='bbox 889 1883 1086 1939; x_wconf 84' lang='lat' dir='ltr'><strong>festum</strong></span> <span class='ocrx_word' id='word_1_286' title='bbox 1116 1883 1631 1944; x_wconf 86' lang='lat' dir='ltr'><strong>Tabernaculorum.</strong></span> <span class='ocrx_word' id='word_1_287' title='bbox 1660 1888 1724 1942; x_wconf 86' lang='lat' dir='ltr'><strong>Et</strong></span> <span class='ocrx_word' id='word_1_288' title='bbox 1751 1891 1882 1955; x_wconf 93' lang='lat' dir='ltr'><strong>erit,</strong></span> <span class='ocrx_word' id='word_1_289' title='bbox 1909 1892 2032 1961; x_wconf 89' lang='lat' dir='ltr'><strong>qui-</strong></span> 
     </span>
    </p>
   </div>
   <div class='ocr_carea' id='block_1_38' title="bbox 484 1975 2037 2042">
    <p class='ocr_par' dir='ltr' id='par_1_38' title="bbox 484 1975 2037 2042">
     <span class='ocr_line' id='line_1_38' title="bbox 484 1975 2037 2042; baseline 0.007 -17"><span class='ocrx_word' id='word_1_290' title='bbox 484 1988 696 2042; x_wconf 83' lang='lat' dir='ltr'><strong>cunque</strong></span> <span class='ocrx_word' id='word_1_291' title='bbox 732 1989 841 2027; x_wconf 89' lang='lat' dir='ltr'><strong>non</strong></span> <span class='ocrx_word' id='word_1_292' title='bbox 882 1975 1224 2030; x_wconf 88' lang='lat' dir='ltr'><strong>ascenderint</strong></span> <span class='ocrx_word' id='word_1_293' title='bbox 1243 1993 1306 2031; x_wconf 84' lang='lat' dir='ltr'><strong>ex</strong></span> <span class='ocrx_word' id='word_1_294' title='bbox 1331 1979 1582 2035; x_wconf 87' lang='lat' dir='ltr'><strong>omnibus</strong></span> <span class='ocrx_word' id='word_1_295' title='bbox 1607 1981 1854 2037; x_wconf 86' lang='lat' dir='ltr'><strong>tribubus</strong></span> <span class='ocrx_word' id='word_1_296' title='bbox 1877 1989 2037 2036; x_wconf 69' lang='lat' dir='ltr'><strong>terra:</strong></span> 
     </span>
    </p>
   </div>
   <div class='ocr_carea' id='block_1_39' title="bbox 487 2061 2036 2137">
    <p class='ocr_par' dir='ltr' id='par_1_39' title="bbox 487 2061 2036 2137">
     <span class='ocr_line' id='line_1_39' title="bbox 487 2061 2036 2137; baseline 0.007 -21"><span class='ocrx_word' id='word_1_297' title='bbox 487 2067 539 2116; x_wconf 89' lang='lat' dir='ltr'><strong>in</strong></span> <span class='ocrx_word' id='word_1_298' title='bbox 585 2061 886 2118; x_wconf 83' lang='lat' dir='ltr'><strong>Jerusalem</strong></span> <span class='ocrx_word' id='word_1_299' title='bbox 939 2071 996 2118; x_wconf 90' lang='lat' dir='ltr'><strong>ut</strong></span> <span class='ocrx_word' id='word_1_300' title='bbox 1053 2065 1278 2120; x_wconf 88' lang='lat' dir='ltr'><strong>adorent</strong></span> <span class='ocrx_word' id='word_1_301' title='bbox 1307 2066 1504 2137; x_wconf 83' lang='lat' dir='ltr'><strong>Regem</strong></span> <span class='ocrx_word' id='word_1_302' title='bbox 1540 2070 1826 2126; x_wconf 89' lang='lat' dir='ltr'><strong>Dominum</strong></span> <span class='ocrx_word' id='word_1_303' title='bbox 1859 2074 2036 2127; x_wconf 82' lang='lat' dir='ltr'><strong>omni-</strong></span> 
     </span>
    </p>
   </div>
   <div class='ocr_carea' id='block_1_40' title="bbox 487 2155 2038 2223">
    <p class='ocr_par' dir='ltr' id='par_1_40' title="bbox 487 2155 2038 2223">
     <span class='ocr_line' id='line_1_40' title="bbox 487 2155 2038 2223; baseline 0.008 -17"><span class='ocrx_word' id='word_1_304' title='bbox 487 2163 790 2223; x_wconf 85' lang='lat' dir='ltr'><strong>potentem,</strong></span> <span class='ocrx_word' id='word_1_305' title='bbox 822 2155 984 2210; x_wconf 89' lang='lat' dir='ltr'><strong>etiam</strong></span> <span class='ocrx_word' id='word_1_306' title='bbox 1013 2156 1067 2210; x_wconf 92' lang='lat' dir='ltr'><strong>hi</strong></span> <span class='ocrx_word' id='word_1_307' title='bbox 1097 2158 1204 2214; x_wconf 75' lang='lat' dir='ltr'><strong>illis</strong></span> <span class='ocrx_word' id='word_1_308' title='bbox 1244 2159 1530 2216; x_wconf 89' lang='lat' dir='ltr'><strong>addentur.</strong></span> <span class='ocrx_word' id='word_1_309' title='bbox 1564 2161 1619 2216; x_wconf 88' lang='lat' dir='ltr'><strong>Si</strong></span> <span class='ocrx_word' id='word_1_310' title='bbox 1645 2171 1824 2217; x_wconf 90' lang='lat' dir='ltr'><strong>autem</strong></span> <span class='ocrx_word' id='word_1_311' title='bbox 1863 2164 2038 2219; x_wconf 91' lang='lat' dir='ltr'><strong>tribus</strong></span> 
     </span>
    </p>
   </div>
   <div class='ocr_carea' id='block_1_41' title="bbox 486 2243 2033 2321">
    <p class='ocr_par' dir='ltr' id='par_1_41' title="bbox 486 2243 2033 2321">
     <span class='ocr_line' id='line_1_41' title="bbox 486 2243 2033 2321; baseline 0.008 -24"><span class='ocrx_word' id='word_1_312' title='bbox 486 2243 699 2314; x_wconf 65' lang='lat' dir='ltr'><strong>[Egypti</strong></span> <span class='ocrx_word' id='word_1_313' title='bbox 732 2261 839 2299; x_wconf 92' lang='lat' dir='ltr'><strong>non</strong></span> <span class='ocrx_word' id='word_1_314' title='bbox 872 2246 1180 2303; x_wconf 84' lang='lat' dir='ltr'><strong>ascenderit</strong></span> <span class='ocrx_word' id='word_1_315' title='bbox 1206 2289 1220 2312; x_wconf 96' lang='lat'><strong>,</strong></span> <span class='ocrx_word' id='word_1_316' title='bbox 1249 2266 1423 2321; x_wconf 90' lang='lat' dir='ltr'><strong>neque</strong></span> <span class='ocrx_word' id='word_1_317' title='bbox 1452 2254 1658 2307; x_wconf 88' lang='lat' dir='ltr'><strong>venerit</strong></span> <span class='ocrx_word' id='word_1_318' title='bbox 1684 2255 1812 2308; x_wconf 92' lang='lat' dir='ltr'><strong>illuc</strong></span> <span class='ocrx_word' id='word_1_319' title='bbox 1833 2300 1846 2319; x_wconf 86' lang='grc'><strong>,</strong></span> <span class='ocrx_word' id='word_1_320' title='bbox 1872 2256 2033 2310; x_wconf 89' lang='lat' dir='ltr'><strong>etiam</strong></span> 
     </span>
    </p>
   </div>
   <div class='ocr_carea' id='block_1_42' title="bbox 484 2334 2063 2409">
    <p class='ocr_par' dir='ltr' id='par_1_42' title="bbox 484 2334 2063 2409">
     <span class='ocr_line' id='line_1_42' title="bbox 484 2334 2063 2409; baseline 0.008 -23"><span class='ocrx_word' id='word_1_321' title='bbox 484 2348 648 2403; x_wconf 85' lang='lat' dir='ltr'><strong>super</strong></span> <span class='ocrx_word' id='word_1_322' title='bbox 679 2334 764 2389; x_wconf 90' lang='lat' dir='ltr'><strong>his</strong></span> <span class='ocrx_word' id='word_1_323' title='bbox 793 2336 899 2390; x_wconf 91' lang='lat' dir='ltr'><strong>erit</strong></span> <span class='ocrx_word' id='word_1_324' title='bbox 926 2337 1083 2390; x_wconf 88' lang='lat' dir='ltr'><strong>ruina</strong></span> <span class='ocrx_word' id='word_1_325' title='bbox 1105 2377 1119 2400; x_wconf 93' lang='lat'><strong>,</strong></span> <span class='ocrx_word' id='word_1_326' title='bbox 1143 2354 1249 2407; x_wconf 91' lang='lat' dir='ltr'><strong>qua</strong></span> <span class='ocrx_word' id='word_1_327' title='bbox 1278 2341 1544 2408; x_wconf 83' lang='lat' dir='ltr'><strong>percutiet</strong></span> <span class='ocrx_word' id='word_1_328' title='bbox 1566 2340 1826 2398; x_wconf 90' lang='lat' dir='ltr'><strong>Dominus</strong></span> <span class='ocrx_word' id='word_1_329' title='bbox 1848 2359 2063 2409; x_wconf 79' lang='lat' dir='ltr'><strong>omnes,</strong></span> 
     </span>
    </p>
   </div>
   <div class='ocr_carea' id='block_1_43' title="bbox 484 2433 2028 2500">
    <p class='ocr_par' dir='ltr' id='par_1_43' title="bbox 484 2433 2028 2500">
     <span class='ocr_line' id='line_1_43' title="bbox 484 2433 2028 2500; baseline 0.008 -23"><span class='ocrx_word' id='word_1_330' title='bbox 484 2434 669 2490; x_wconf 75' lang='lat' dir='ltr'><strong>gentes</strong></span> <span class='ocrx_word' id='word_1_331' title='bbox 703 2435 888 2490; x_wconf 60' lang='lat' dir='ltr'><strong>terrae,</strong></span> <span class='ocrx_word' id='word_1_332' title='bbox 917 2444 1254 2500; x_wconf 62' lang='lat' dir='ltr'><strong>quacunque</strong></span> <span class='ocrx_word' id='word_1_333' title='bbox 1284 2446 1389 2484; x_wconf 92' lang='lat' dir='ltr'><strong>non</strong></span> <span class='ocrx_word' id='word_1_334' title='bbox 1415 2433 1758 2486; x_wconf 87' lang='lat' dir='ltr'><strong>ascenderint</strong></span> <span class='ocrx_word' id='word_1_335' title='bbox 1795 2433 1861 2486; x_wconf 90' lang='lat' dir='ltr'><strong>ad</strong></span> <span class='ocrx_word' id='word_1_336' title='bbox 1892 2435 2028 2489; x_wconf 87' lang='lat' dir='ltr'><strong>cele-</strong></span> 
     </span>
    </p>
   </div>
   <div class='ocr_carea' id='block_1_44' title="bbox 483 2519 2036 2595">
    <p class='ocr_par' dir='ltr' id='par_1_44' title="bbox 483 2519 2036 2595">
     <span class='ocr_line' id='line_1_44' title="bbox 483 2519 2036 2595; baseline 0.005 -23"><span class='ocrx_word' id='word_1_337' title='bbox 483 2519 746 2574; x_wconf 82' lang='lat' dir='ltr'><strong>brandum</strong></span> <span class='ocrx_word' id='word_1_338' title='bbox 772 2520 1010 2575; x_wconf 88' lang='lat' dir='ltr'><strong>solemne</strong></span> <span class='ocrx_word' id='word_1_339' title='bbox 1036 2519 1555 2578; x_wconf 88' lang='lat' dir='ltr'><strong>Tabernaculorum.</strong></span> <span class='ocrx_word' id='word_1_340' title='bbox 1583 2523 1692 2578; x_wconf 84' lang='lat' dir='ltr'><strong>Hoc</strong></span> <span class='ocrx_word' id='word_1_341' title='bbox 1718 2526 1820 2580; x_wconf 90' lang='lat' dir='ltr'><strong>erit</strong></span> <span class='ocrx_word' id='word_1_342' title='bbox 1845 2541 2036 2595; x_wconf 86' lang='lat' dir='ltr'><strong>pecca-</strong></span> 
     </span>
    </p>
   </div>
   <div class='ocr_carea' id='block_1_45' title="bbox 482 2609 2036 2687">
    <p class='ocr_par' dir='ltr' id='par_1_45' title="bbox 482 2609 2036 2687">
     <span class='ocr_line' id='line_1_45' title="bbox 482 2609 2036 2687; baseline 0.005 -24"><span class='ocrx_word' id='word_1_343' title='bbox 482 2623 592 2664; x_wconf 87' lang='lat' dir='ltr'><strong>tum</strong></span> <span class='ocrx_word' id='word_1_344' title='bbox 623 2609 840 2681; x_wconf 63' lang='lat' dir='ltr'><strong>IEgypti</strong></span> <span class='ocrx_word' id='word_1_345' title='bbox 866 2651 879 2673; x_wconf 91' lang='lat'><strong>,</strong></span> <span class='ocrx_word' id='word_1_346' title='bbox 913 2620 966 2666; x_wconf 92' lang='lat' dir='ltr'><strong>et</strong></span> <span class='ocrx_word' id='word_1_347' title='bbox 995 2622 1272 2680; x_wconf 85' lang='lat' dir='ltr'><strong>peceatum</strong></span> <span class='ocrx_word' id='word_1_348' title='bbox 1305 2614 1545 2668; x_wconf 90' lang='lat' dir='ltr'><strong>omnium</strong></span> <span class='ocrx_word' id='word_1_349' title='bbox 1579 2618 1815 2684; x_wconf 84' lang='lat' dir='ltr'><strong>gentium</strong></span> <span class='ocrx_word' id='word_1_350' title='bbox 1843 2657 1857 2676; x_wconf 88' lang='lat'><strong>,</strong></span> <span class='ocrx_word' id='word_1_351' title='bbox 1891 2633 2036 2687; x_wconf 78' lang='lat' dir='ltr'><strong>quae-</strong></span> 
     </span>
    </p>
   </div>
   <div class='ocr_carea' id='block_1_46' title="bbox 480 2704 2037 2772">
    <p class='ocr_par' dir='ltr' id='par_1_46' title="bbox 480 2704 2037 2772">
     <span class='ocr_line' id='line_1_46' title="bbox 480 2704 2037 2772; baseline 0.004 -16"><span class='ocrx_word' id='word_1_352' title='bbox 480 2719 693 2772; x_wconf 89' lang='lat' dir='ltr'><strong>cunque</strong></span> <span class='ocrx_word' id='word_1_353' title='bbox 739 2719 842 2757; x_wconf 91' lang='lat' dir='ltr'><strong>non</strong></span> <span class='ocrx_word' id='word_1_354' title='bbox 874 2704 1216 2759; x_wconf 85' lang='lat' dir='ltr'><strong>ascenderint</strong></span> <span class='ocrx_word' id='word_1_355' title='bbox 1239 2706 1304 2758; x_wconf 82' lang='lat' dir='ltr'><strong>ad</strong></span> <span class='ocrx_word' id='word_1_356' title='bbox 1339 2707 1720 2760; x_wconf 83' lang='lat' dir='ltr'><strong>celebrandum</strong></span> <span class='ocrx_word' id='word_1_357' title='bbox 1751 2708 1890 2762; x_wconf 86' lang='lat' dir='ltr'><strong>diem</strong></span> <span class='ocrx_word' id='word_1_358' title='bbox 1927 2709 2037 2763; x_wconf 86' lang='lat' dir='ltr'><strong>fes-</strong></span> 
     </span>
    </p>
   </div>
   <div class='ocr_carea' id='block_1_47' title="bbox 480 2792 2036 2867">
    <p class='ocr_par' dir='ltr' id='par_1_47' title="bbox 480 2792 2036 2867">
     <span class='ocr_line' id='line_1_47' title="bbox 480 2792 2036 2867; baseline 0.004 -21"><span class='ocrx_word' id='word_1_359' title='bbox 480 2802 592 2847; x_wconf 83' lang='lat' dir='ltr'><strong>tam</strong></span> <span class='ocrx_word' id='word_1_360' title='bbox 633 2792 1128 2847; x_wconf 82' lang='lat' dir='ltr'><strong>Tabernaculorum</strong></span> <span class='ocrx_word' id='word_1_361' title='bbox 1155 2797 1197 2848; x_wconf 79' lang='grc'><strong>⁸.</strong></span> <span class='ocrx_word' id='word_1_362' title='bbox 1235 2815 1252 2846; x_wconf 71' lang='grc' dir='ltr'><strong>ι</strong></span> <span class='ocrx_word' id='word_1_363' title='bbox 1284 2795 1406 2851; x_wconf 61' lang='lat' dir='ltr'><strong>Haec</strong></span> <span class='ocrx_word' id='word_1_364' title='bbox 1442 2812 1570 2852; x_wconf 91' lang='lat' dir='ltr'><strong>sane</strong></span> <span class='ocrx_word' id='word_1_365' title='bbox 1595 2795 1888 2852; x_wconf 87' lang='lat' dir='ltr'><strong>Zacharias</strong></span> <span class='ocrx_word' id='word_1_366' title='bbox 1915 2807 2036 2867; x_wconf 88' lang='lat' dir='ltr'><strong>post</strong></span> 
     </span>
    </p>
   </div>
   <div class='ocr_carea' id='block_1_48' title="bbox 481 2882 2033 2960">
    <p class='ocr_par' dir='ltr' id='par_1_48' title="bbox 481 2882 2033 2960">
     <span class='ocr_line' id='line_1_48' title="bbox 481 2882 2033 2960; baseline 0.004 -23"><span class='ocrx_word' id='word_1_367' title='bbox 481 2884 711 2938; x_wconf 88' lang='lat' dir='ltr'><strong>reditum</strong></span> <span class='ocrx_word' id='word_1_368' title='bbox 743 2883 809 2938; x_wconf 89' lang='lat' dir='ltr'><strong>de</strong></span> <span class='ocrx_word' id='word_1_369' title='bbox 841 2882 1143 2954; x_wconf 80' lang='lat' dir='ltr'><strong>Babylone,</strong></span> <span class='ocrx_word' id='word_1_370' title='bbox 1169 2883 1330 2939; x_wconf 89' lang='lat' dir='ltr'><strong>Dario</strong></span> <span class='ocrx_word' id='word_1_371' title='bbox 1359 2887 1499 2956; x_wconf 90' lang='lat' dir='ltr'><strong>apud</strong></span> <span class='ocrx_word' id='word_1_372' title='bbox 1531 2886 1724 2942; x_wconf 87' lang='lat' dir='ltr'><strong>Persas</strong></span> <span class='ocrx_word' id='word_1_373' title='bbox 1756 2897 2033 2960; x_wconf 79' lang='lat' dir='ltr'><strong>regnante,</strong></span> 
     </span>
    </p>
   </div>
   <div class='ocr_carea' id='block_1_49' title="bbox 479 2974 2032 3051">
    <p class='ocr_par' dir='ltr' id='par_1_49' title="bbox 479 2974 2032 3051">
     <span class='ocr_line' id='line_1_49' title="bbox 479 2974 2032 3051; baseline 0.007 -25"><span class='ocrx_word' id='word_1_374' title='bbox 479 2974 822 3040; x_wconf 87' lang='lat' dir='ltr'><strong>vaticinatur,</strong></span> <span class='ocrx_word' id='word_1_375' title='bbox 854 2990 961 3044; x_wconf 88' lang='lat' dir='ltr'><strong>quo</strong></span> <span class='ocrx_word' id='word_1_376' title='bbox 1003 2981 1241 3044; x_wconf 87' lang='lat' dir='ltr'><strong>tempore</strong></span> <span class='ocrx_word' id='word_1_377' title='bbox 1275 2977 1402 3032; x_wconf 72' lang='lat' dir='ltr'><strong>urbs</strong></span> <span class='ocrx_word' id='word_1_378' title='bbox 1441 2977 1737 3034; x_wconf 88' lang='lat' dir='ltr'><strong>Jerusalem</strong></span> <span class='ocrx_word' id='word_1_379' title='bbox 1779 2996 1807 3033; x_wconf 92' lang='lat' dir='ltr'><strong>a</strong></span> <span class='ocrx_word' id='word_1_380' title='bbox 1851 2982 2032 3051; x_wconf 91' lang='lat' dir='ltr'><strong>priore</strong></span> 
     </span>
    </p>
   </div>
   <div class='ocr_carea' id='block_1_50' title="bbox 479 3062 2030 3142">
    <p class='ocr_par' dir='ltr' id='par_1_50' title="bbox 479 3062 2030 3142">
     <span class='ocr_line' id='line_1_50' title="bbox 479 3062 2030 3142; baseline 0.007 -26"><span class='ocrx_word' id='word_1_381' title='bbox 479 3062 811 3117; x_wconf 86' lang='lat' dir='ltr'><strong>desolatione</strong></span> <span class='ocrx_word' id='word_1_382' title='bbox 831 3064 1062 3118; x_wconf 69' lang='lat' dir='ltr'><strong>excitata</strong></span> <span class='ocrx_word' id='word_1_383' title='bbox 1085 3065 1489 3136; x_wconf 83' lang='lat' dir='ltr'><strong>instaurataque</strong></span> <span class='ocrx_word' id='word_1_384' title='bbox 1509 3084 1680 3138; x_wconf 90' lang='lat' dir='ltr'><strong>nuper</strong></span> <span class='ocrx_word' id='word_1_385' title='bbox 1697 3070 1890 3134; x_wconf 80' lang='lat' dir='ltr'><strong>fuerat,</strong></span> <span class='ocrx_word' id='word_1_386' title='bbox 1911 3089 2030 3142; x_wconf 64' lang='lat' dir='ltr'><strong>quae</strong></span> 
     </span>
    </p>
   </div>
   <div class='ocr_carea' id='block_1_51' title="bbox 481 3155 2030 3230">
    <p class='ocr_par' dir='ltr' id='par_1_51' title="bbox 481 3155 2030 3230">
     <span class='ocr_line' id='line_1_51' title="bbox 481 3155 2030 3230; baseline 0.006 -22"><span class='ocrx_word' id='word_1_387' title='bbox 481 3155 739 3210; x_wconf 79' lang='lat' dir='ltr'><strong>desolatio</strong></span> <span class='ocrx_word' id='word_1_388' title='bbox 763 3156 833 3208; x_wconf 91' lang='lat' dir='ltr'><strong>illi</strong></span> <span class='ocrx_word' id='word_1_389' title='bbox 860 3171 889 3208; x_wconf 89' lang='lat' dir='ltr'><strong>a</strong></span> <span class='ocrx_word' id='word_1_390' title='bbox 911 3156 1217 3228; x_wconf 76' lang='lat' dir='ltr'><strong>Babyloniis</strong></span> <span class='ocrx_word' id='word_1_391' title='bbox 1242 3157 1415 3212; x_wconf 81' lang='lat' dir='ltr'><strong>fuerat</strong></span> <span class='ocrx_word' id='word_1_392' title='bbox 1436 3159 1828 3230; x_wconf 90' lang='lat' dir='ltr'><strong>illata.Colligit</strong></span> <span class='ocrx_word' id='word_1_393' title='bbox 1849 3172 2030 3218; x_wconf 85' lang='lat' dir='ltr'><strong>autem</strong></span> 
     </span>
    </p>
   </div>
   <div class='ocr_carea' id='block_1_52' title="bbox 479 3243 2031 3315">
    <p class='ocr_par' dir='ltr' id='par_1_52' title="bbox 479 3243 2031 3315">
     <span class='ocr_line' id='line_1_52' title="bbox 479 3243 2031 3315; baseline 0.004 -18"><span class='ocrx_word' id='word_1_394' title='bbox 479 3259 638 3297; x_wconf 93' lang='lat' dir='ltr'><strong>omne</strong></span> <span class='ocrx_word' id='word_1_395' title='bbox 664 3254 875 3314; x_wconf 86' lang='lat' dir='ltr'><strong>tempus</strong></span> <span class='ocrx_word' id='word_1_396' title='bbox 904 3259 932 3296; x_wconf 89' lang='lat' dir='ltr'><strong>a</strong></span> <span class='ocrx_word' id='word_1_397' title='bbox 961 3243 1119 3298; x_wconf 90' lang='lat' dir='ltr'><strong>Dario</strong></span> <span class='ocrx_word' id='word_1_398' title='bbox 1139 3243 1424 3299; x_wconf 89' lang='lat' dir='ltr'><strong>Persarum</strong></span> <span class='ocrx_word' id='word_1_399' title='bbox 1445 3285 1458 3309; x_wconf 98' lang='lat'><strong>,</strong></span> <span class='ocrx_word' id='word_1_400' title='bbox 1485 3246 1586 3299; x_wconf 91' lang='lat' dir='ltr'><strong>sub</strong></span> <span class='ocrx_word' id='word_1_401' title='bbox 1609 3263 1714 3315; x_wconf 88' lang='lat' dir='ltr'><strong>quo</strong></span> <span class='ocrx_word' id='word_1_402' title='bbox 1739 3246 2031 3304; x_wconf 85' lang='lat' dir='ltr'><strong>Zacharias</strong></span> 
     </span>
    </p>
   </div>
   <div class='ocr_carea' id='block_1_53' title="bbox 479 3336 2031 3409">
    <p class='ocr_par' dir='ltr' id='par_1_53' title="bbox 479 3336 2031 3409">
     <span class='ocr_line' id='line_1_53' title="bbox 479 3336 2031 3409; baseline 0.003 -20"><span class='ocrx_word' id='word_1_403' title='bbox 479 3337 771 3406; x_wconf 67' lang='lat' dir='ltr'><strong>prophetiae</strong></span> <span class='ocrx_word' id='word_1_404' title='bbox 812 3351 1036 3390; x_wconf 86' lang='lat' dir='ltr'><strong>munere</strong></span> <span class='ocrx_word' id='word_1_405' title='bbox 1084 3336 1344 3406; x_wconf 85' lang='lat' dir='ltr'><strong>fungitur,</strong></span> <span class='ocrx_word' id='word_1_406' title='bbox 1388 3339 1454 3391; x_wconf 92' lang='lat' dir='ltr'><strong>ad</strong></span> <span class='ocrx_word' id='word_1_407' title='bbox 1495 3339 1793 3409; x_wconf 81' lang='lat' dir='ltr'><strong>Augustum</strong></span> <span class='ocrx_word' id='word_1_408' title='bbox 1833 3338 2031 3394; x_wconf 88' lang='lat' dir='ltr'><strong>Roma-</strong></span> 
     </span>
    </p>
   </div>
   <div class='ocr_carea' id='block_1_54' title="bbox 481 3430 2030 3502">
    <p class='ocr_par' dir='ltr' id='par_1_54' title="bbox 481 3430 2030 3502">
     <span class='ocr_line' id='line_1_54' title="bbox 481 3430 2030 3502; baseline 0.004 -20"><span class='ocrx_word' id='word_1_409' title='bbox 481 3443 672 3482; x_wconf 89' lang='lat' dir='ltr'><strong>norum</strong></span> <span class='ocrx_word' id='word_1_410' title='bbox 727 3444 941 3497; x_wconf 87' lang='lat' dir='ltr'><strong>regem,</strong></span> <span class='ocrx_word' id='word_1_411' title='bbox 993 3445 1256 3482; x_wconf 91' lang='lat' dir='ltr'><strong>annorum</strong></span> <span class='ocrx_word' id='word_1_412' title='bbox 1305 3430 1670 3487; x_wconf 84' lang='lat' dir='ltr'><strong>hebdomadas</strong></span> <span class='ocrx_word' id='word_1_413' title='bbox 1719 3445 1922 3502; x_wconf 89' lang='lat' dir='ltr'><strong>septem</strong></span> <span class='ocrx_word' id='word_1_414' title='bbox 1977 3445 2030 3488; x_wconf 84' lang='lat' dir='ltr'><strong>et</strong></span> 
     </span>
    </p>
   </div>
   <div class='ocr_carea' id='block_1_55' title="bbox 479 3517 2030 3593">
    <p class='ocr_par' dir='ltr' id='par_1_55' title="bbox 479 3517 2030 3593">
     <span class='ocr_line' id='line_1_55' title="bbox 479 3517 2030 3593; baseline 0.006 -24"><span class='ocrx_word' id='word_1_415' title='bbox 479 3519 756 3587; x_wconf 73' lang='lat' dir='ltr'><strong>sexaginta</strong></span> <span class='ocrx_word' id='word_1_416' title='bbox 785 3517 951 3581; x_wconf 89' lang='lat' dir='ltr'><strong>duas,</strong></span> <span class='ocrx_word' id='word_1_417' title='bbox 981 3534 1098 3588; x_wconf 69' lang='lat' dir='ltr'><strong>quae</strong></span> <span class='ocrx_word' id='word_1_418' title='bbox 1127 3519 1268 3587; x_wconf 90' lang='lat' dir='ltr'><strong>apud</strong></span> <span class='ocrx_word' id='word_1_419' title='bbox 1297 3518 1566 3574; x_wconf 91' lang='lat' dir='ltr'><strong>Danielem</strong></span> <span class='ocrx_word' id='word_1_420' title='bbox 1595 3521 1880 3577; x_wconf 86' lang='lat' dir='ltr'><strong>feruntur:</strong></span> <span class='ocrx_word' id='word_1_421' title='bbox 1910 3541 2030 3593; x_wconf 65' lang='lat' dir='ltr'><strong>quae</strong></span> 
     </span>
    </p>
   </div>
   <div class='ocr_carea' id='block_1_56' title="bbox 478 3609 2030 3681">
    <p class='ocr_par' dir='ltr' id='par_1_56' title="bbox 478 3609 2030 3681">
     <span class='ocr_line' id='line_1_56' title="bbox 478 3609 2030 3681; baseline 0.003 -18"><span class='ocrx_word' id='word_1_422' title='bbox 478 3625 687 3664; x_wconf 91' lang='lat' dir='ltr'><strong>summa</strong></span> <span class='ocrx_word' id='word_1_423' title='bbox 725 3624 992 3662; x_wconf 88' lang='lat' dir='ltr'><strong>annorum</strong></span> <span class='ocrx_word' id='word_1_424' title='bbox 1047 3609 1276 3664; x_wconf 86' lang='lat' dir='ltr'><strong>eflicitur</strong></span> <span class='ocrx_word' id='word_1_425' title='bbox 1318 3611 1836 3681; x_wconf 86' lang='lat' dir='ltr'><strong>quadringentorum</strong></span> <span class='ocrx_word' id='word_1_426' title='bbox 1877 3624 2030 3669; x_wconf 91' lang='lat' dir='ltr'><strong>octo-</strong></span> 
     </span>
    </p>
   </div>
   <div class='ocr_carea' id='block_1_57' title="bbox 475 3700 2030 3772">
    <p class='ocr_par' dir='ltr' id='par_1_57' title="bbox 475 3700 2030 3772">
     <span class='ocr_line' id='line_1_57' title="bbox 475 3700 2030 3772; baseline 0.005 -20"><span class='ocrx_word' id='word_1_427' title='bbox 475 3700 618 3769; x_wconf 81' lang='lat' dir='ltr'><strong>ginta</strong></span> <span class='ocrx_word' id='word_1_428' title='bbox 665 3700 826 3753; x_wconf 90' lang='lat' dir='ltr'><strong>trium</strong></span> <span class='ocrx_word' id='word_1_429' title='bbox 854 3742 868 3765; x_wconf 95' lang='lat'><strong>,</strong></span> <span class='ocrx_word' id='word_1_430' title='bbox 913 3709 970 3754; x_wconf 91' lang='lat' dir='ltr'><strong>ut</strong></span> <span class='ocrx_word' id='word_1_431' title='bbox 1003 3700 1342 3756; x_wconf 89' lang='lat' dir='ltr'><strong>ostendimus</strong></span> <span class='ocrx_word' id='word_1_432' title='bbox 1375 3702 1428 3755; x_wconf 89' lang='lat' dir='ltr'><strong>in</strong></span> <span class='ocrx_word' id='word_1_433' title='bbox 1461 3703 1527 3755; x_wconf 90' lang='lat' dir='ltr'><strong>iis</strong></span> <span class='ocrx_word' id='word_1_434' title='bbox 1562 3719 1680 3772; x_wconf 70' lang='lat' dir='ltr'><strong>quae</strong></span> <span class='ocrx_word' id='word_1_435' title='bbox 1715 3706 1875 3772; x_wconf 87' lang='lat' dir='ltr'><strong>paulo</strong></span> <span class='ocrx_word' id='word_1_436' title='bbox 1906 3714 2030 3760; x_wconf 89' lang='lat' dir='ltr'><strong>ante</strong></span> 
     </span>
    </p>
   </div>
   <div class='ocr_carea' id='block_1_58' title="bbox 477 3791 2026 3864">
    <p class='ocr_par' dir='ltr' id='par_1_58' title="bbox 477 3791 2026 3864">
     <span class='ocr_line' id='line_1_58' title="bbox 477 3791 2026 3864; baseline 0.004 -20"><span class='ocrx_word' id='word_1_437' title='bbox 477 3807 506 3844; x_wconf 91' lang='lat' dir='ltr'><strong>a</strong></span> <span class='ocrx_word' id='word_1_438' title='bbox 555 3791 713 3844; x_wconf 92' lang='lat' dir='ltr'><strong>nobis</strong></span> <span class='ocrx_word' id='word_1_439' title='bbox 763 3799 994 3846; x_wconf 88' lang='lat' dir='ltr'><strong>tractata</strong></span> <span class='ocrx_word' id='word_1_440' title='bbox 1051 3801 1204 3847; x_wconf 88' lang='lat' dir='ltr'><strong>sunt.</strong></span> <span class='ocrx_word' id='word_1_441' title='bbox 1251 3792 1518 3847; x_wconf 64' lang='lat' dir='ltr'><strong>Caeterum</strong></span> <span class='ocrx_word' id='word_1_442' title='bbox 1572 3803 1692 3863; x_wconf 85' lang='lat' dir='ltr'><strong>post</strong></span> <span class='ocrx_word' id='word_1_443' title='bbox 1743 3796 2026 3864; x_wconf 88' lang='lat' dir='ltr'><strong>imperium</strong></span> 
     </span>
    </p>
   </div>
   <div class='ocr_carea' id='block_1_59' title="bbox 477 3882 2025 3958">
    <p class='ocr_par' dir='ltr' id='par_1_59' title="bbox 477 3882 2025 3958">
     <span class='ocr_line' id='line_1_59' title="bbox 477 3882 2025 3958; baseline 0.005 -24"><span class='ocrx_word' id='word_1_444' title='bbox 477 3882 825 3937; x_wconf 84' lang='lat' dir='ltr'><strong>Macedonum</strong></span> <span class='ocrx_word' id='word_1_445' title='bbox 877 3884 943 3936; x_wconf 89' lang='lat' dir='ltr'><strong>ab</strong></span> <span class='ocrx_word' id='word_1_446' title='bbox 993 3884 1299 3939; x_wconf 84' lang='lat' dir='ltr'><strong>Alexandro</strong></span> <span class='ocrx_word' id='word_1_447' title='bbox 1350 3902 1523 3956; x_wconf 87' lang='lat' dir='ltr'><strong>usque</strong></span> <span class='ocrx_word' id='word_1_448' title='bbox 1574 3887 1642 3940; x_wconf 89' lang='lat' dir='ltr'><strong>ad</strong></span> <span class='ocrx_word' id='word_1_449' title='bbox 1688 3887 2025 3958; x_wconf 71' lang='lat' dir='ltr'><strong>Augustum,</strong></span> 
     </span>
    </p>
   </div>
   <div class='ocr_carea' id='block_1_60' title="bbox 473 3970 2027 4049">
    <p class='ocr_par' dir='ltr' id='par_1_60' title="bbox 473 3970 2027 4049">
     <span class='ocr_line' id='line_1_60' title="bbox 473 3970 2027 4049; baseline 0.006 -22"><span class='ocrx_word' id='word_1_450' title='bbox 473 3974 632 4028; x_wconf 91' lang='lat' dir='ltr'><strong>etiam</strong></span> <span class='ocrx_word' id='word_1_451' title='bbox 664 3975 706 4030; x_wconf 91' lang='lat' dir='ltr'><strong>si</strong></span> <span class='ocrx_word' id='word_1_452' title='bbox 736 3974 910 4045; x_wconf 89' lang='lat' dir='ltr'><strong>ipsius</strong></span> <span class='ocrx_word' id='word_1_453' title='bbox 939 3974 1162 4046; x_wconf 78' lang='lat' dir='ltr'><strong>Augusti</strong></span> <span class='ocrx_word' id='word_1_454' title='bbox 1193 3993 1416 4046; x_wconf 86' lang='lat' dir='ltr'><strong>regnum</strong></span> <span class='ocrx_word' id='word_1_455' title='bbox 1456 3970 1819 4049; x_wconf 79' lang='lat' dir='ltr'><strong>complectare</strong></span> <span class='ocrx_word' id='word_1_456' title='bbox 1839 4021 1854 4045; x_wconf 95' lang='lat'><strong>,</strong></span> <span class='ocrx_word' id='word_1_457' title='bbox 1894 3983 2027 4036; x_wconf 89' lang='lat' dir='ltr'><strong>nihil</strong></span> 
     </span>
    </p>
   </div>
   <div class='ocr_carea' id='block_1_61' title="bbox 474 4065 2028 4136">
    <p class='ocr_par' dir='ltr' id='par_1_61' title="bbox 474 4065 2028 4136">
     <span class='ocr_line' id='line_1_61' title="bbox 474 4065 2028 4136; baseline 0.007 -17"><span class='ocrx_word' id='word_1_458' title='bbox 474 4082 603 4120; x_wconf 86' lang='lat' dir='ltr'><strong>sane</strong></span> <span class='ocrx_word' id='word_1_459' title='bbox 657 4065 800 4136; x_wconf 84' lang='lat' dir='ltr'><strong>quod</strong></span> <span class='ocrx_word' id='word_1_460' title='bbox 840 4068 1110 4136; x_wconf 64' lang='lat' dir='ltr'><strong>prOphetae</strong></span> <span class='ocrx_word' id='word_1_461' title='bbox 1150 4069 1327 4123; x_wconf 89' lang='lat' dir='ltr'><strong>verbis</strong></span> <span class='ocrx_word' id='word_1_462' title='bbox 1363 4072 1657 4125; x_wconf 86' lang='lat' dir='ltr'><strong>concordet</strong></span> <span class='ocrx_word' id='word_1_463' title='bbox 1707 4082 1800 4126; x_wconf 88' lang='lat' dir='ltr'><strong>aut</strong></span> <span class='ocrx_word' id='word_1_464' title='bbox 1851 4074 2028 4130; x_wconf 89' lang='lat' dir='ltr'><strong>simile</strong></span> 
     </span>
    </p>
   </div>
   <div class='ocr_carea' id='block_1_62' title="bbox 474 4157 2028 4235">
    <p class='ocr_par' dir='ltr' id='par_1_62' title="bbox 474 4157 2028 4235">
     <span class='ocr_line' id='line_1_62' title="bbox 474 4157 2028 4235; baseline 0.007 -26"><span class='ocrx_word' id='word_1_465' title='bbox 474 4159 575 4221; x_wconf 87' lang='lat' dir='ltr'><strong>sit,</strong></span> <span class='ocrx_word' id='word_1_466' title='bbox 627 4157 873 4212; x_wconf 85' lang='lat' dir='ltr'><strong>invenias</strong></span> <span class='ocrx_word' id='word_1_467' title='bbox 919 4173 1040 4211; x_wconf 86' lang='lat' dir='ltr'><strong>esse</strong></span> <span class='ocrx_word' id='word_1_468' title='bbox 1077 4158 1425 4228; x_wconf 88' lang='lat' dir='ltr'><strong>completum.</strong></span> <span class='ocrx_word' id='word_1_469' title='bbox 1468 4159 1695 4226; x_wconf 85' lang='lat' dir='ltr'><strong>Quando</strong></span> <span class='ocrx_word' id='word_1_470' title='bbox 1739 4165 1882 4218; x_wconf 87' lang='lat' dir='ltr'><strong>enim</strong></span> <span class='ocrx_word' id='word_1_471' title='bbox 1933 4182 2028 4235; x_wconf 88' lang='lat' dir='ltr'><strong>per</strong></span> 
     </span>
    </p>
   </div>
   <div class='ocr_carea' id='block_1_63' title="bbox 474 4246 2025 4322">
    <p class='ocr_par' dir='ltr' id='par_1_63' title="bbox 474 4246 2025 4322">
     <span class='ocr_line' id='line_1_63' title="bbox 474 4246 2025 4322; baseline 0.008 -24"><span class='ocrx_word' id='word_1_472' title='bbox 474 4247 561 4299; x_wconf 80' lang='lat' dir='ltr'><strong>illa</strong></span> <span class='ocrx_word' id='word_1_473' title='bbox 595 4255 837 4315; x_wconf 84' lang='lat' dir='ltr'><strong>tempora</strong></span> <span class='ocrx_word' id='word_1_474' title='bbox 875 4248 922 4303; x_wconf 89' lang='lat' dir='ltr'><strong>is</strong></span> <span class='ocrx_word' id='word_1_475' title='bbox 956 4246 1246 4314; x_wconf 87' lang='lat' dir='ltr'><strong>Dominus,</strong></span> <span class='ocrx_word' id='word_1_476' title='bbox 1279 4267 1435 4320; x_wconf 90' lang='lat' dir='ltr'><strong>quem</strong></span> <span class='ocrx_word' id='word_1_477' title='bbox 1469 4254 1741 4322; x_wconf 65' lang='lat' dir='ltr'><strong>prophetm</strong></span> <span class='ocrx_word' id='word_1_478' title='bbox 1772 4265 1830 4309; x_wconf 88' lang='lat' dir='ltr'><strong>ut</strong></span> <span class='ocrx_word' id='word_1_479' title='bbox 1859 4256 2025 4312; x_wconf 87' lang='lat' dir='ltr'><strong>Deum</strong></span> 
     </span>
    </p>
   </div>
   <div class='ocr_carea' id='block_1_64' title="bbox 471 4337 2026 4416">
    <p class='ocr_par' dir='ltr' id='par_1_64' title="bbox 471 4337 2026 4416">
     <span class='ocr_line' id='line_1_64' title="bbox 471 4337 2026 4416; baseline 0.009 -28"><span class='ocrx_word' id='word_1_480' title='bbox 471 4337 781 4399; x_wconf 86' lang='lat' dir='ltr'><strong>celebrant,</strong></span> <span class='ocrx_word' id='word_1_481' title='bbox 812 4354 936 4391; x_wconf 90' lang='lat' dir='ltr'><strong>cum</strong></span> <span class='ocrx_word' id='word_1_482' title='bbox 973 4339 1287 4397; x_wconf 91' lang='lat' dir='ltr'><strong>hominibus</strong></span> <span class='ocrx_word' id='word_1_483' title='bbox 1317 4352 1568 4398; x_wconf 86' lang='lat' dir='ltr'><strong>versatus</strong></span> <span class='ocrx_word' id='word_1_484' title='bbox 1597 4348 1720 4399; x_wconf 86' lang='lat' dir='ltr'><strong>est?</strong></span> <span class='ocrx_word' id='word_1_485' title='bbox 1755 4356 1809 4401; x_wconf 91' lang='lat' dir='ltr'><strong>et</strong></span> <span class='ocrx_word' id='word_1_486' title='bbox 1840 4357 2026 4416; x_wconf 91' lang='lat' dir='ltr'><strong>gentes</strong></span> 
     </span>
    </p>
   </div>
   <div class='ocr_carea' id='block_1_65' title="bbox 477 4427 2025 4505">
    <p class='ocr_par' dir='ltr' id='par_1_65' title="bbox 477 4427 2025 4505">
     <span class='ocr_line' id='line_1_65' title="bbox 477 4427 2025 4505; baseline 0.009 -26"><span class='ocrx_word' id='word_1_487' title='bbox 477 4427 657 4482; x_wconf 71' lang='lat' dir='ltr'><strong>multa:</strong></span> <span class='ocrx_word' id='word_1_488' title='bbox 685 4429 833 4483; x_wconf 86' lang='lat' dir='ltr'><strong>illum</strong></span> <span class='ocrx_word' id='word_1_489' title='bbox 853 4445 1185 4500; x_wconf 85' lang='lat' dir='ltr'><strong>agnoverunt</strong></span> <span class='ocrx_word' id='word_1_490' title='bbox 1210 4434 1233 4488; x_wconf 70' lang='grc' dir='ltr'>’ί</span> <span class='ocrx_word' id='word_1_491' title='bbox 1263 4435 1620 4505; x_wconf 87' lang='lat' dir='ltr'><strong>eumdcmque</strong></span> <span class='ocrx_word' id='word_1_492' title='bbox 1653 4439 1826 4492; x_wconf 90' lang='lat' dir='ltr'><strong>solum</strong></span> <span class='ocrx_word' id='word_1_493' title='bbox 1859 4438 2025 4493; x_wconf 85' lang='lat' dir='ltr'><strong>Deum</strong></span> 
     </span>
    </p>
   </div>
   <div class='ocr_carea' id='block_1_66' title="bbox 473 4521 2026 4600">
    <p class='ocr_par' dir='ltr' id='par_1_66' title="bbox 473 4521 2026 4600">
     <span class='ocr_line' id='line_1_66' title="bbox 473 4521 2026 4600; baseline 0.01 -26"><span class='ocrx_word' id='word_1_494' title='bbox 473 4521 736 4577; x_wconf 78' lang='lat' dir='ltr'><strong>confessa:</strong></span> <span class='ocrx_word' id='word_1_495' title='bbox 780 4525 950 4578; x_wconf 87' lang='lat' dir='ltr'><strong>sunt?</strong></span> <span class='ocrx_word' id='word_1_496' title='bbox 1001 4532 1054 4578; x_wconf 90' lang='lat' dir='ltr'><strong>et</strong></span> <span class='ocrx_word' id='word_1_497' title='bbox 1104 4526 1169 4578; x_wconf 90' lang='lat' dir='ltr'><strong>ad</strong></span> <span class='ocrx_word' id='word_1_498' title='bbox 1220 4527 1395 4595; x_wconf 90' lang='lat' dir='ltr'><strong>ipsum</strong></span> <span class='ocrx_word' id='word_1_499' title='bbox 1444 4529 1818 4600; x_wconf 82' lang='lat' dir='ltr'><strong>confugientes</strong></span> <span class='ocrx_word' id='word_1_500' title='bbox 1873 4533 2026 4589; x_wconf 69' lang='lat' dir='ltr'><strong>factm</strong></span> 
     </span>
    </p>
   </div>
   <div class='ocr_carea' id='block_1_67' title="bbox 473 4615 2024 4687">
    <p class='ocr_par' dir='ltr' id='par_1_67' title="bbox 473 4615 2024 4687">
     <span class='ocr_line' id='line_1_67' title="bbox 473 4615 2024 4687; baseline 0.006 -18"><span class='ocrx_word' id='word_1_501' title='bbox 473 4623 600 4669; x_wconf 86' lang='lat' dir='ltr'><strong>sunt</strong></span> <span class='ocrx_word' id='word_1_502' title='bbox 625 4615 673 4668; x_wconf 93' lang='lat' dir='ltr'><strong>ei</strong></span> <span class='ocrx_word' id='word_1_503' title='bbox 710 4615 762 4668; x_wconf 92' lang='lat' dir='ltr'><strong>in</strong></span> <span class='ocrx_word' id='word_1_504' title='bbox 800 4616 1102 4685; x_wconf 80' lang='lat' dir='ltr'><strong>populum?</strong></span> <span class='ocrx_word' id='word_1_505' title='bbox 1133 4617 1216 4672; x_wconf 86' lang='lat' dir='ltr'><strong>vel</strong></span> <span class='ocrx_word' id='word_1_506' title='bbox 1246 4619 1465 4687; x_wconf 90' lang='lat' dir='ltr'><strong>quando</strong></span> <span class='ocrx_word' id='word_1_507' title='bbox 1496 4621 1711 4675; x_wconf 85' lang='lat' dir='ltr'><strong>tandem</strong></span> <span class='ocrx_word' id='word_1_508' title='bbox 1743 4630 1857 4677; x_wconf 93' lang='lat' dir='ltr'><strong>toto</strong></span> <span class='ocrx_word' id='word_1_509' title='bbox 1892 4623 2024 4680; x_wconf 82' lang='lat' dir='ltr'><strong>Per-</strong></span> 
     </span>
    </p>
   </div>
   <div class='ocr_carea' id='block_1_68' title="bbox 472 4703 2024 4784">
    <p class='ocr_par' dir='ltr' id='par_1_68' title="bbox 472 4703 2024 4784">
     <span class='ocr_line' id='line_1_68' title="bbox 472 4703 2024 4784; baseline 0.009 -28"><span class='ocrx_word' id='word_1_510' title='bbox 472 4719 653 4757; x_wconf 87' lang='lat' dir='ltr'><strong>sarum</strong></span> <span class='ocrx_word' id='word_1_511' title='bbox 699 4713 791 4758; x_wconf 91' lang='lat' dir='ltr'><strong>aut</strong></span> <span class='ocrx_word' id='word_1_512' title='bbox 833 4703 1184 4761; x_wconf 83' lang='lat' dir='ltr'><strong>Macedonum</strong></span> <span class='ocrx_word' id='word_1_513' title='bbox 1221 4717 1495 4779; x_wconf 89' lang='lat' dir='ltr'><strong>tempore,</strong></span> <span class='ocrx_word' id='word_1_514' title='bbox 1546 4712 1591 4767; x_wconf 90' lang='lat' dir='ltr'><strong>is</strong></span> <span class='ocrx_word' id='word_1_515' title='bbox 1638 4710 1752 4768; x_wconf 84' lang='lat' dir='ltr'><strong>Rex</strong></span> <span class='ocrx_word' id='word_1_516' title='bbox 1801 4715 1868 4769; x_wconf 85' lang='lat' dir='ltr'><strong>de</strong></span> <span class='ocrx_word' id='word_1_517' title='bbox 1915 4732 2024 4784; x_wconf 84' lang='lat' dir='ltr'><strong>quo</strong></span> 
     </span>
    </p>
   </div>
   <div class='ocr_carea' id='block_1_69' title="bbox 473 4795 2022 4874">
    <p class='ocr_par' dir='ltr' id='par_1_69' title="bbox 473 4795 2022 4874">
     <span class='ocr_line' id='line_1_69' title="bbox 473 4795 2022 4874; baseline 0.008 -26"><span class='ocrx_word' id='word_1_518' title='bbox 473 4795 738 4865; x_wconf 83' lang='lat' dir='ltr'><strong>PrOpheta</strong></span> <span class='ocrx_word' id='word_1_519' title='bbox 788 4798 1048 4868; x_wconf 90' lang='lat' dir='ltr'><strong>loquitur,</strong></span> <span class='ocrx_word' id='word_1_520' title='bbox 1083 4817 1101 4850; x_wconf 80' lang='grc' dir='ltr'><strong>ι</strong></span> <span class='ocrx_word' id='word_1_521' title='bbox 1134 4801 1280 4854; x_wconf 83' lang='lat' dir='ltr'><strong>venit</strong></span> <span class='ocrx_word' id='word_1_522' title='bbox 1336 4802 1624 4872; x_wconf 90' lang='lat' dir='ltr'><strong>impositus</strong></span> <span class='ocrx_word' id='word_1_523' title='bbox 1674 4805 1924 4874; x_wconf 87' lang='lat' dir='ltr'><strong>jumento</strong></span> <span class='ocrx_word' id='word_1_524' title='bbox 1968 4815 2022 4861; x_wconf 90' lang='lat' dir='ltr'><strong>et</strong></span> 
     </span>
    </p>
   </div>
   <div class='ocr_carea' id='block_1_70' title="bbox 473 4891 2020 4970">
    <p class='ocr_par' dir='ltr' id='par_1_70' title="bbox 473 4891 2020 4970">
     <span class='ocr_line' id='line_1_70' title="bbox 473 4891 2020 4970; baseline 0.008 -27"><span class='ocrx_word' id='word_1_525' title='bbox 473 4891 618 4961; x_wconf 88' lang='lat' dir='ltr'><strong>pullo</strong></span> <span class='ocrx_word' id='word_1_526' title='bbox 673 4891 1104 4947; x_wconf 66' lang='lat' dir='ltr'><strong>adolescenti?»</strong></span> <span class='ocrx_word' id='word_1_527' title='bbox 1139 4902 1194 4949; x_wconf 88' lang='lat' dir='ltr'><strong>et</strong></span> <span class='ocrx_word' id='word_1_528' title='bbox 1245 4899 1468 4952; x_wconf 84' lang='lat' dir='ltr'><strong>veniens</strong></span> <span class='ocrx_word' id='word_1_529' title='bbox 1517 4896 1755 4953; x_wconf 69' lang='lat' dir='ltr'><strong>Judait-aa</strong></span> <span class='ocrx_word' id='word_1_530' title='bbox 1807 4902 2020 4970; x_wconf 87' lang='lat' dir='ltr'><strong>gentis,</strong></span> 
     </span>
    </p>
   </div>
   <div class='ocr_carea' id='block_1_71' title="bbox 471 4979 2019 5057">
    <p class='ocr_par' dir='ltr' id='par_1_71' title="bbox 471 4979 2019 5057">
     <span class='ocr_line' id='line_1_71' title="bbox 471 4979 2019 5057; baseline 0.008 -23"><span class='ocrx_word' id='word_1_531' title='bbox 471 4996 591 5048; x_wconf 71' lang='lat' dir='ltr'><strong>qua:</strong></span> <span class='ocrx_word' id='word_1_532' title='bbox 623 4979 854 5051; x_wconf 85' lang='lat' dir='ltr'><strong>Ephrem</strong></span> <span class='ocrx_word' id='word_1_533' title='bbox 888 4983 987 5036; x_wconf 88' lang='lat' dir='ltr'><strong>hoc</strong></span> <span class='ocrx_word' id='word_1_534' title='bbox 1020 4985 1139 5038; x_wconf 93' lang='lat' dir='ltr'><strong>loco</strong></span> <span class='ocrx_word' id='word_1_535' title='bbox 1174 4984 1394 5050; x_wconf 86' lang='lat' dir='ltr'><strong>dicitur,</strong></span> <span class='ocrx_word' id='word_1_536' title='bbox 1432 4995 1483 5042; x_wconf 90' lang='lat' dir='ltr'><strong>et</strong></span> <span class='ocrx_word' id='word_1_537' title='bbox 1519 4989 1689 5057; x_wconf 87' lang='lat' dir='ltr'><strong>ipsius</strong></span> <span class='ocrx_word' id='word_1_538' title='bbox 1719 4989 2019 5046; x_wconf 89' lang='lat' dir='ltr'><strong>Jerusalem</strong></span> 
     </span>
    </p>
   </div>
   <div class='ocr_carea' id='block_1_72' title="bbox 473 5073 2022 5151">
    <p class='ocr_par' dir='ltr' id='par_1_72' title="bbox 473 5073 2022 5151">
     <span class='ocr_line' id='line_1_72' title="bbox 473 5073 2022 5151; baseline 0.008 -27"><span class='ocrx_word' id='word_1_539' title='bbox 473 5073 675 5142; x_wconf 81' lang='lat' dir='ltr'><strong>regiam</strong></span> <span class='ocrx_word' id='word_1_540' title='bbox 708 5074 878 5128; x_wconf 87' lang='lat' dir='ltr'><strong>aciem</strong></span> <span class='ocrx_word' id='word_1_541' title='bbox 903 5114 918 5136; x_wconf 94' lang='lat'><strong>,</strong></span> <span class='ocrx_word' id='word_1_542' title='bbox 955 5091 1074 5144; x_wconf 72' lang='lat' dir='ltr'><strong>qua:</strong></span> <span class='ocrx_word' id='word_1_543' title='bbox 1108 5093 1365 5130; x_wconf 87' lang='lat' dir='ltr'><strong>curruum</strong></span> <span class='ocrx_word' id='word_1_544' title='bbox 1402 5087 1562 5148; x_wconf 82' lang='lat' dir='ltr'><strong>atque</strong></span> <span class='ocrx_word' id='word_1_545' title='bbox 1599 5083 1722 5151; x_wconf 84' lang='lat' dir='ltr'><strong>equi</strong></span> <span class='ocrx_word' id='word_1_546' title='bbox 1758 5085 2022 5138; x_wconf 81' lang='lat' dir='ltr'><strong>vocabulo</strong></span> 
     </span>
    </p>
   </div>
   <div class='ocr_carea' id='block_1_73' title="bbox 472 5159 2020 5246">
    <p class='ocr_par' dir='ltr' id='par_1_73' title="bbox 472 5159 2020 5246">
     <span class='ocr_line' id='line_1_73' title="bbox 472 5159 2020 5246; baseline 0.008 -28"><span class='ocrx_word' id='word_1_547' title='bbox 472 5167 803 5232; x_wconf 89' lang='lat' dir='ltr'><strong>nominatur,</strong></span> <span class='ocrx_word' id='word_1_548' title='bbox 832 5167 1101 5237; x_wconf 70' lang='lat' dir='ltr'><strong>perdidit?</strong></span> <span class='ocrx_word' id='word_1_549' title='bbox 1127 5178 1179 5224; x_wconf 91' lang='lat' dir='ltr'><strong>et</strong></span> <span class='ocrx_word' id='word_1_550' title='bbox 1204 5180 1441 5226; x_wconf 88' lang='lat' dir='ltr'><strong>armatas</strong></span> <span class='ocrx_word' id='word_1_551' title='bbox 1465 5172 1700 5229; x_wconf 73' lang='lat' dir='ltr'><strong>Judaica:</strong></span> <span class='ocrx_word' id='word_1_552' title='bbox 1725 5159 2020 5246; x_wconf 38' lang='lat' dir='ltr'><strong>gentis&#39;co-</strong></span> 
     </span>
    </p>
   </div>
   <div class='ocr_carea' id='block_1_74' title="bbox 395 5256 2022 5332">
    <p class='ocr_par' dir='ltr' id='par_1_74' title="bbox 395 5256 2022 5332">
     <span class='ocr_line' id='line_1_74' title="bbox 395 5256 2022 5332; baseline 0.01 -27"><span class='ocrx_word' id='word_1_553' title='bbox 395 5259 402 5266; x_wconf 82' lang='lat'>&#39;</span> <span class='ocrx_word' id='word_1_554' title='bbox 472 5259 588 5326; x_wconf 65' lang='lat' dir='ltr'><strong>pias</strong></span> <span class='ocrx_word' id='word_1_555' title='bbox 619 5256 858 5312; x_wconf 84' lang='lat' dir='ltr'><strong>delevit?</strong></span> <span class='ocrx_word' id='word_1_556' title='bbox 887 5257 1000 5313; x_wconf 82' lang='lat' dir='ltr'><strong>lloc</strong></span> <span class='ocrx_word' id='word_1_557' title='bbox 1031 5261 1174 5316; x_wconf 92' lang='lat' dir='ltr'><strong>enim</strong></span> <span class='ocrx_word' id='word_1_558' title='bbox 1207 5261 1544 5332; x_wconf 80' lang='lat' dir='ltr'><strong>significabat</strong></span> <span class='ocrx_word' id='word_1_559' title='bbox 1575 5267 1854 5320; x_wconf 89' lang='lat' dir='ltr'><strong>oraculum</strong></span> <span class='ocrx_word' id='word_1_560' title='bbox 1893 5268 2022 5320; x_wconf 88' lang='lat' dir='ltr'><strong>illud</strong></span> 
     </span>
    </p>
   </div>
   <div class='ocr_carea' id='block_1_75' title="bbox 471 5347 2025 5424">
    <p class='ocr_par' dir='ltr' id='par_1_75' title="bbox 471 5347 2025 5424">
     <span class='ocr_line' id='line_1_75' title="bbox 471 5347 2025 5424; baseline 0.01 -27"><span class='ocrx_word' id='word_1_561' title='bbox 471 5347 658 5402; x_wconf 83' lang='lat' dir='ltr'><strong>dicens</strong></span> <span class='ocrx_word' id='word_1_562' title='bbox 685 5369 698 5404; x_wconf 89' lang='lat'><strong>:</strong></span> <span class='ocrx_word' id='word_1_563' title='bbox 733 5369 750 5401; x_wconf 80' lang='grc' dir='ltr'><strong>ι</strong></span> <span class='ocrx_word' id='word_1_564' title='bbox 783 5350 920 5404; x_wconf 84' lang='lat' dir='ltr'><strong>Ecce</strong></span> <span class='ocrx_word' id='word_1_565' title='bbox 948 5351 1062 5408; x_wconf 78' lang='lat' dir='ltr'><strong>Rex</strong></span> <span class='ocrx_word' id='word_1_566' title='bbox 1095 5355 1221 5408; x_wconf 81' lang='lat' dir='ltr'><strong>titus</strong></span> <span class='ocrx_word' id='word_1_567' title='bbox 1252 5354 1398 5408; x_wconf 86' lang='lat' dir='ltr'><strong>venit</strong></span> <span class='ocrx_word' id='word_1_568' title='bbox 1430 5355 1523 5408; x_wconf 87' lang='lat' dir='ltr'><strong>tibi</strong></span> <span class='ocrx_word' id='word_1_569' title='bbox 1547 5365 1730 5424; x_wconf 81' lang='lat' dir='ltr'><strong>justus</strong></span> <span class='ocrx_word' id='word_1_570' title='bbox 1759 5368 1812 5412; x_wconf 91' lang='lat' dir='ltr'><strong>et</strong></span> <span class='ocrx_word' id='word_1_571' title='bbox 1846 5359 2025 5412; x_wconf 80' lang='lat' dir='ltr'><strong>Salva-</strong></span> 
     </span>
    </p>
   </div>
   <div class='ocr_carea' id='block_1_76' title="bbox 469 5441 2019 5520">
    <p class='ocr_par' dir='ltr' id='par_1_76' title="bbox 469 5441 2019 5520">
     <span class='ocr_line' id='line_1_76' title="bbox 469 5441 2019 5520; baseline 0.008 -29"><span class='ocrx_word' id='word_1_572' title='bbox 469 5447 579 5504; x_wconf 87' lang='lat' dir='ltr'><strong>tor,</strong></span> <span class='ocrx_word' id='word_1_573' title='bbox 614 5441 728 5508; x_wconf 86' lang='lat' dir='ltr'><strong>ipse</strong></span> <span class='ocrx_word' id='word_1_574' title='bbox 764 5455 1079 5500; x_wconf 80' lang='lat' dir='ltr'><strong>mansuetus</strong></span> <span class='ocrx_word' id='word_1_575' title='bbox 1114 5453 1166 5498; x_wconf 80' lang='lat' dir='ltr'><strong>ct</strong></span> <span class='ocrx_word' id='word_1_576' title='bbox 1203 5447 1493 5516; x_wconf 86' lang='lat' dir='ltr'><strong>impositus</strong></span> <span class='ocrx_word' id='word_1_577' title='bbox 1527 5464 1689 5518; x_wconf 79' lang='lat' dir='ltr'><strong>super</strong></span> <span class='ocrx_word' id='word_1_578' title='bbox 1714 5450 2019 5520; x_wconf 87' lang='lat' dir='ltr'><strong>jttmcutum</strong></span> 
     </span>
    </p>
   </div>
   <div class='ocr_carea' id='block_1_77' title="bbox 469 5613 1617 5690">
    <p class='ocr_par' dir='ltr' id='par_1_77' title="bbox 469 5613 1617 5690">
     <span class='ocr_line' id='line_1_77' title="bbox 469 5613 1617 5690; baseline 0.015 -26"><span class='ocrx_word' id='word_1_579' title='bbox 469 5627 476 5630; x_wconf 86' lang='lat'>&#39;</span> <span class='ocrx_word' id='word_1_580' title='bbox 539 5617 558 5647; x_wconf 73' lang='grc'><strong>⁸</strong></span> <span class='ocrx_word' id='word_1_581' title='bbox 596 5613 829 5673; x_wconf 79' lang='lat' dir='ltr'><strong>Zaehar.</strong></span> <span class='ocrx_word' id='word_1_582' title='bbox 867 5638 954 5678; x_wconf 79' lang='lat' dir='ltr'><strong>xiv</strong></span> <span class='ocrx_word' id='word_1_583' title='bbox 981 5661 995 5679; x_wconf 88' lang='lat'><em>.</em></span> <span class='ocrx_word' id='word_1_584' title='bbox 1037 5624 1144 5677; x_wconf 72' lang='grc'><strong>1-4.</strong></span> <span class='ocrx_word' id='word_1_585' title='bbox 1223 5626 1243 5656; x_wconf 83' lang='grc'><strong>⁸</strong></span> <span class='ocrx_word' id='word_1_586' title='bbox 1286 5625 1413 5679; x_wconf 84' lang='lat' dir='ltr'><strong>ibid.</strong></span> <span class='ocrx_word' id='word_1_587' title='bbox 1448 5625 1501 5690; x_wconf 83' lang='lat'><strong>9,</strong></span> <span class='ocrx_word' id='word_1_588' title='bbox 1541 5627 1617 5681; x_wconf 72' lang='grc' dir='ltr'><strong>ιο.</strong></span> 
     </span>
    </p>
   </div>
   <div class='ocr_carea' id='block_1_78' title="bbox 2139 1791 3686 1864">
    <p class='ocr_par' dir='ltr' id='par_1_78' title="bbox 2139 1791 3686 1864">
     <span class='ocr_line' id='line_1_78' title="bbox 2139 1791 3686 1864; baseline -0.004 -14"><span class='ocrx_word' id='word_1_589' title='bbox 2139 1817 2157 1849; x_wconf 78' lang='grc' dir='ltr'><strong>ι</strong></span> <span class='ocrx_word' id='word_1_590' title='bbox 2182 1797 2291 1850; x_wconf 75' lang='grc' dir='ltr'>Καὶ</span> <span class='ocrx_word' id='word_1_591' title='bbox 2324 1796 2496 1860; x_wconf 75' lang='grc' dir='ltr'>ἔσται,</span> <span class='ocrx_word' id='word_1_592' title='bbox 2527 1797 2639 1849; x_wconf 82' lang='grc' dir='ltr'>ὅσοι</span> <span class='ocrx_word' id='word_1_593' title='bbox 2669 1794 2763 1848; x_wconf 85' lang='grc' dir='ltr'><strong>ἐάν</strong></span> <span class='ocrx_word' id='word_1_594' title='bbox 2796 1793 3218 1864; x_wconf 80' lang='grc' dir='ltr'>καταλειφθῶσιν</span> <span class='ocrx_word' id='word_1_595' title='bbox 3250 1794 3314 1846; x_wconf 86' lang='grc' dir='ltr'><strong>ἐκ</strong></span> <span class='ocrx_word' id='word_1_596' title='bbox 3343 1792 3566 1846; x_wconf 88' lang='grc' dir='ltr'>πάντων</span> <span class='ocrx_word' id='word_1_597' title='bbox 3587 1791 3686 1844; x_wconf 84' lang='grc' dir='ltr'><strong>τῶν</strong></span> 
     </span>
    </p>
   </div>
   <div class='ocr_carea' id='block_1_79' title="bbox 2134 1880 3688 1954">
    <p class='ocr_par' dir='ltr' id='par_1_79' title="bbox 2134 1880 3688 1954">
     <span class='ocr_line' id='line_1_79' title="bbox 2134 1880 3688 1954; baseline -0.005 -14"><span class='ocrx_word' id='word_1_598' title='bbox 2134 1884 2300 1940; x_wconf 90' lang='grc' dir='ltr'>ἐθνῶν</span> <span class='ocrx_word' id='word_1_599' title='bbox 2320 1885 2428 1938; x_wconf 90' lang='grc' dir='ltr'><strong>τῶν</strong></span> <span class='ocrx_word' id='word_1_600' title='bbox 2457 1884 2711 1938; x_wconf 76' lang='grc' dir='ltr'>ἐλθόντων</span> <span class='ocrx_word' id='word_1_601' title='bbox 2748 1883 2839 1935; x_wconf 81' lang='grc' dir='ltr'>ἐπὶ</span> <span class='ocrx_word' id='word_1_602' title='bbox 2874 1882 3240 1954; x_wconf 77' lang='grc' dir='ltr'>Ἰερουσαλὴμ,</span> <span class='ocrx_word' id='word_1_603' title='bbox 3275 1882 3366 1934; x_wconf 79' lang='grc' dir='ltr'>καὶ</span> <span class='ocrx_word' id='word_1_604' title='bbox 3398 1880 3688 1950; x_wconf 74' lang='grc' dir='ltr'>ἀναϐήσον-</span> 
     </span>
    </p>
   </div>
   <div class='ocr_carea' id='block_1_80' title="bbox 2133 1971 3685 2044">
    <p class='ocr_par' dir='ltr' id='par_1_80' title="bbox 2133 1971 3685 2044">
     <span class='ocr_line' id='line_1_80' title="bbox 2133 1971 3685 2044; baseline -0.004 -16"><span class='ocrx_word' id='word_1_605' title='bbox 2133 1993 2221 2028; x_wconf 89' lang='grc' dir='ltr'>ται</span> <span class='ocrx_word' id='word_1_606' title='bbox 2259 1974 2378 2028; x_wconf 81' lang='grc' dir='ltr'>κατ’</span> <span class='ocrx_word' id='word_1_607' title='bbox 2412 1973 2672 2038; x_wconf 77' lang='grc' dir='ltr'>ἐνιαυτὸν,</span> <span class='ocrx_word' id='word_1_608' title='bbox 2700 1972 2794 2026; x_wconf 78' lang='grc' dir='ltr'><strong>τοῦ</strong></span> <span class='ocrx_word' id='word_1_609' title='bbox 2824 1975 3192 2044; x_wconf 82' lang='grc' dir='ltr'>προσκυνῆσαι</span> <span class='ocrx_word' id='word_1_610' title='bbox 3230 1971 3306 2042; x_wconf 80' lang='grc' dir='ltr'><strong>τῷ</strong></span> <span class='ocrx_word' id='word_1_611' title='bbox 3341 1971 3554 2041; x_wconf 83' lang='grc' dir='ltr'>βασιλεῖ</span> <span class='ocrx_word' id='word_1_612' title='bbox 3581 1972 3685 2024; x_wconf 70' lang='lat' dir='ltr'><strong>Ku-</strong></span> 
     </span>
    </p>
   </div>
   <div class='ocr_carea' id='block_1_81' title="bbox 2138 2061 3687 2138">
    <p class='ocr_par' dir='ltr' id='par_1_81' title="bbox 2138 2061 3687 2138">
     <span class='ocr_line' id='line_1_81' title="bbox 2138 2061 3687 2138; baseline -0.004 -20"><span class='ocrx_word' id='word_1_613' title='bbox 2138 2067 2237 2138; x_wconf 89' lang='grc' dir='ltr'><strong>ρίῳ</strong></span> <span class='ocrx_word' id='word_1_614' title='bbox 2264 2065 2678 2136; x_wconf 87' lang='grc' dir='ltr'>παντοκράτορι,</span> <span class='ocrx_word' id='word_1_615' title='bbox 2713 2064 2805 2118; x_wconf 68' lang='grc' dir='ltr'>καὶ</span> <span class='ocrx_word' id='word_1_616' title='bbox 2824 2063 2918 2116; x_wconf 80' lang='grc' dir='ltr'><strong>τοῦ</strong></span> <span class='ocrx_word' id='word_1_617' title='bbox 2957 2062 3231 2135; x_wconf 75' lang='grc' dir='ltr'>ἑορτάζειν</span> <span class='ocrx_word' id='word_1_618' title='bbox 3255 2062 3352 2133; x_wconf 79' lang='grc' dir='ltr'>τὴν</span> <span class='ocrx_word' id='word_1_619' title='bbox 3379 2061 3574 2132; x_wconf 71' lang='grc' dir='ltr'>ἑορτὴν</span> <span class='ocrx_word' id='word_1_620' title='bbox 3598 2063 3687 2129; x_wconf 74' lang='grc' dir='ltr'>τῆς</span> 
     </span>
    </p>
   </div>
   <div class='ocr_carea' id='block_1_82' title="bbox 2136 2151 3685 2231">
    <p class='ocr_par' dir='ltr' id='par_1_82' title="bbox 2136 2151 3685 2231">
     <span class='ocr_line' id='line_1_82' title="bbox 2136 2151 3685 2231; baseline -0.005 -19"><span class='ocrx_word' id='word_1_621' title='bbox 2136 2159 2524 2231; x_wconf 86' lang='grc' dir='ltr'>Σκηνοπηγίας.</span> <span class='ocrx_word' id='word_1_622' title='bbox 2575 2157 2683 2210; x_wconf 79' lang='grc' dir='ltr'>Καὶ</span> <span class='ocrx_word' id='word_1_623' title='bbox 2722 2155 2890 2220; x_wconf 78' lang='grc' dir='ltr'>ἔσται,</span> <span class='ocrx_word' id='word_1_624' title='bbox 2925 2156 3037 2208; x_wconf 82' lang='grc' dir='ltr'>ὅσοι</span> <span class='ocrx_word' id='word_1_625' title='bbox 3080 2153 3170 2206; x_wconf 86' lang='grc' dir='ltr'>ἐὰν</span> <span class='ocrx_word' id='word_1_626' title='bbox 3212 2152 3284 2224; x_wconf 84' lang='grc' dir='ltr'>μὴ</span> <span class='ocrx_word' id='word_1_627' title='bbox 3315 2151 3589 2205; x_wconf 85' lang='grc' dir='ltr'>ἀναϐῶσιν</span> <span class='ocrx_word' id='word_1_628' title='bbox 3627 2153 3685 2204; x_wconf 78' lang='grc' dir='ltr'>ὲκ</span> 
     </span>
    </p>
   </div>
   <div class='ocr_carea' id='block_1_83' title="bbox 2137 2243 3682 2320">
    <p class='ocr_par' dir='ltr' id='par_1_83' title="bbox 2137 2243 3682 2320">
     <span class='ocr_line' id='line_1_83' title="bbox 2137 2243 3682 2320; baseline -0.006 -16"><span class='ocrx_word' id='word_1_629' title='bbox 2137 2252 2321 2307; x_wconf 84' lang='grc' dir='ltr'>πασῶν</span> <span class='ocrx_word' id='word_1_630' title='bbox 2368 2251 2475 2305; x_wconf 88' lang='grc' dir='ltr'><strong>τῶν</strong></span> <span class='ocrx_word' id='word_1_631' title='bbox 2508 2249 2684 2319; x_wconf 74' lang='grc' dir='ltr'>φυλῶν</span> <span class='ocrx_word' id='word_1_632' title='bbox 2727 2251 2825 2320; x_wconf 79' lang='grc' dir='ltr'>τῆς</span> <span class='ocrx_word' id='word_1_633' title='bbox 2875 2251 2974 2318; x_wconf 81' lang='grc' dir='ltr'>γῆς</span> <span class='ocrx_word' id='word_1_634' title='bbox 3023 2248 3101 2309; x_wconf 84' lang='grc' dir='ltr'><strong>είς</strong></span> <span class='ocrx_word' id='word_1_635' title='bbox 3157 2244 3546 2316; x_wconf 76' lang='grc' dir='ltr'>Ἰερουσαλὴμ,</span> <span class='ocrx_word' id='word_1_636' title='bbox 3597 2243 3682 2295; x_wconf 72' lang='grc' dir='ltr'>τοῦ</span> 
     </span>
    </p>
   </div>
   <div class='ocr_carea' id='block_1_84' title="bbox 2138 2335 3679 2415">
    <p class='ocr_par' dir='ltr' id='par_1_84' title="bbox 2138 2335 3679 2415">
     <span class='ocr_line' id='line_1_84' title="bbox 2138 2335 3679 2415; baseline -0.006 -20"><span class='ocrx_word' id='word_1_637' title='bbox 2138 2345 2505 2415; x_wconf 83' lang='grc' dir='ltr'>προσκυνῆσαι</span> <span class='ocrx_word' id='word_1_638' title='bbox 2539 2341 2616 2412; x_wconf 85' lang='grc' dir='ltr'>τῷ</span> <span class='ocrx_word' id='word_1_639' title='bbox 2663 2339 2869 2411; x_wconf 87' lang='grc' dir='ltr'>βασιλεῖ</span> <span class='ocrx_word' id='word_1_640' title='bbox 2899 2339 3084 2410; x_wconf 82' lang='grc' dir='ltr'>Κυρίῳ</span> <span class='ocrx_word' id='word_1_641' title='bbox 3121 2335 3554 2407; x_wconf 79' lang='grc' dir='ltr'>παντοκράτορι,</span> <span class='ocrx_word' id='word_1_642' title='bbox 3599 2337 3679 2387; x_wconf 77' lang='grc' dir='ltr'>καὶ</span> 
     </span>
    </p>
   </div>
   <div class='ocr_carea' id='block_1_85' title="bbox 2134 2425 3681 2504">
    <p class='ocr_par' dir='ltr' id='par_1_85' title="bbox 2134 2425 3681 2504">
     <span class='ocr_line' id='line_1_85' title="bbox 2134 2425 3681 2504; baseline -0.006 -17"><span class='ocrx_word' id='word_1_643' title='bbox 2134 2431 2274 2488; x_wconf 74' lang='grc' dir='ltr'>οὗτοι</span> <span class='ocrx_word' id='word_1_644' title='bbox 2296 2433 2519 2495; x_wconf 89' lang='grc' dir='ltr'>ἐκείνοις</span> <span class='ocrx_word' id='word_1_645' title='bbox 2543 2431 3006 2504; x_wconf 84' lang='grc' dir='ltr'>προστεθήσονται.</span> <span class='ocrx_word' id='word_1_646' title='bbox 3039 2429 3162 2481; x_wconf 82' lang='grc' dir='ltr'>Ἐὰν</span> <span class='ocrx_word' id='word_1_647' title='bbox 3181 2427 3238 2480; x_wconf 81' lang='grc' dir='ltr'>δὲ</span> <span class='ocrx_word' id='word_1_648' title='bbox 3258 2427 3396 2497; x_wconf 79' lang='grc' dir='ltr'>φυλὴ</span> <span class='ocrx_word' id='word_1_649' title='bbox 3414 2425 3681 2494; x_wconf 74' lang='grc' dir='ltr'><strong>Αἰγύπτου</strong></span> 
     </span>
    </p>
   </div>
   <div class='ocr_carea' id='block_1_86' title="bbox 2139 2517 3682 2596">
    <p class='ocr_par' dir='ltr' id='par_1_86' title="bbox 2139 2517 3682 2596">
     <span class='ocr_line' id='line_1_86' title="bbox 2139 2517 3682 2596; baseline -0.006 -18"><span class='ocrx_word' id='word_1_650' title='bbox 2139 2525 2211 2596; x_wconf 84' lang='grc' dir='ltr'>μὴ</span> <span class='ocrx_word' id='word_1_651' title='bbox 2251 2526 2442 2596; x_wconf 77' lang='grc' dir='ltr'>ἀναϐῇ,</span> <span class='ocrx_word' id='word_1_652' title='bbox 2480 2525 2611 2596; x_wconf 84' lang='grc' dir='ltr'>μηδὲ</span> <span class='ocrx_word' id='word_1_653' title='bbox 2659 2522 2786 2596; x_wconf 77' lang='grc' dir='ltr'>ἔλθῃ</span> <span class='ocrx_word' id='word_1_654' title='bbox 2825 2523 2974 2585; x_wconf 83' lang='grc' dir='ltr'>ἐκεῖ,</span> <span class='ocrx_word' id='word_1_655' title='bbox 3019 2522 3112 2573; x_wconf 71' lang='grc' dir='ltr'>καὶ</span> <span class='ocrx_word' id='word_1_656' title='bbox 3156 2521 3246 2572; x_wconf 73' lang='grc' dir='ltr'>ἐπὶ</span> <span class='ocrx_word' id='word_1_657' title='bbox 3289 2519 3492 2571; x_wconf 88' lang='grc' dir='ltr'>τούτων</span> <span class='ocrx_word' id='word_1_658' title='bbox 3543 2517 3682 2571; x_wconf 69' lang='grc' dir='ltr'>ἔσται</span> 
     </span>
    </p>
   </div>
   <div class='ocr_carea' id='block_1_87' title="bbox 2133 2606 3676 2685">
    <p class='ocr_par' dir='ltr' id='par_1_87' title="bbox 2133 2606 3676 2685">
     <span class='ocr_line' id='line_1_87' title="bbox 2133 2606 3676 2685; baseline -0.006 -18"><span class='ocrx_word' id='word_1_659' title='bbox 2133 2615 2164 2683; x_wconf 82' lang='grc' dir='ltr'><strong>ἡ</strong></span> <span class='ocrx_word' id='word_1_660' title='bbox 2193 2615 2415 2677; x_wconf 80' lang='grc' dir='ltr'>πτῶσις,</span> <span class='ocrx_word' id='word_1_661' title='bbox 2436 2615 2501 2685; x_wconf 77' lang='grc' dir='ltr'>ἢν</span> <span class='ocrx_word' id='word_1_662' title='bbox 2530 2611 2754 2678; x_wconf 84' lang='grc' dir='ltr'>πατάξει</span> <span class='ocrx_word' id='word_1_663' title='bbox 2782 2611 2980 2682; x_wconf 88' lang='grc' dir='ltr'>Κύριος</span> <span class='ocrx_word' id='word_1_664' title='bbox 3003 2609 3176 2662; x_wconf 87' lang='grc' dir='ltr'>πάντα</span> <span class='ocrx_word' id='word_1_665' title='bbox 3199 2607 3267 2660; x_wconf 74' lang='grc' dir='ltr'>τὰ</span> <span class='ocrx_word' id='word_1_666' title='bbox 3291 2606 3416 2677; x_wconf 78' lang='grc' dir='ltr'>ἔθνη</span> <span class='ocrx_word' id='word_1_667' title='bbox 3441 2610 3545 2678; x_wconf 84' lang='grc' dir='ltr'>τῆς</span> <span class='ocrx_word' id='word_1_668' title='bbox 3565 2610 3676 2676; x_wconf 81' lang='grc' dir='ltr'>γῆς,</span> 
     </span>
    </p>
   </div>
   <div class='ocr_carea' id='block_1_88' title="bbox 2133 2698 3682 2775">
    <p class='ocr_par' dir='ltr' id='par_1_88' title="bbox 2133 2698 3682 2775">
     <span class='ocr_line' id='line_1_88' title="bbox 2133 2698 3682 2775; baseline -0.005 -19"><span class='ocrx_word' id='word_1_669' title='bbox 2133 2704 2230 2756; x_wconf 83' lang='grc' dir='ltr'>ὅσα</span> <span class='ocrx_word' id='word_1_670' title='bbox 2258 2705 2349 2757; x_wconf 84' lang='grc' dir='ltr'>ἐὰν</span> <span class='ocrx_word' id='word_1_671' title='bbox 2379 2704 2450 2775; x_wconf 80' lang='grc' dir='ltr'>μὴ</span> <span class='ocrx_word' id='word_1_672' title='bbox 2478 2703 2647 2774; x_wconf 80' lang='grc' dir='ltr'>ἀναϐῇ</span> <span class='ocrx_word' id='word_1_673' title='bbox 2680 2701 2772 2754; x_wconf 81' lang='grc' dir='ltr'><strong>τοῦ</strong></span> <span class='ocrx_word' id='word_1_674' title='bbox 2803 2700 3057 2770; x_wconf 79' lang='grc' dir='ltr'>ἑορτάσαι</span> <span class='ocrx_word' id='word_1_675' title='bbox 3084 2700 3180 2770; x_wconf 83' lang='grc' dir='ltr'>τὴν</span> <span class='ocrx_word' id='word_1_676' title='bbox 3209 2699 3398 2769; x_wconf 81' lang='grc' dir='ltr'>ἑορτὴν</span> <span class='ocrx_word' id='word_1_677' title='bbox 3423 2700 3524 2767; x_wconf 78' lang='grc' dir='ltr'>τῆς</span> <span class='ocrx_word' id='word_1_678' title='bbox 3552 2698 3682 2766; x_wconf 85' lang='grc' dir='ltr'>Σκη-</span> 
     </span>
    </p>
   </div>
   <div class='ocr_carea' id='block_1_89' title="bbox 2133 2788 3680 2866">
    <p class='ocr_par' dir='ltr' id='par_1_89' title="bbox 2133 2788 3680 2866">
     <span class='ocr_line' id='line_1_89' title="bbox 2133 2788 3680 2866; baseline -0.005 -20"><span class='ocrx_word' id='word_1_679' title='bbox 2133 2795 2414 2864; x_wconf 58' lang='grc' dir='ltr'>νοπγίας.</span> <span class='ocrx_word' id='word_1_680' title='bbox 2461 2793 2606 2866; x_wconf 77' lang='grc' dir='ltr'>Δύτη</span> <span class='ocrx_word' id='word_1_681' title='bbox 2637 2793 2842 2863; x_wconf 75' lang='grc' dir='ltr'>ἔσταιὴ</span> <span class='ocrx_word' id='word_1_682' title='bbox 2891 2789 3128 2861; x_wconf 66' lang='grc' dir='ltr'>ἁμαρτία</span> <span class='ocrx_word' id='word_1_683' title='bbox 3167 2789 3462 2857; x_wconf 78' lang='grc' dir='ltr'>Αἰγύπτου,</span> <span class='ocrx_word' id='word_1_684' title='bbox 3517 2788 3607 2840; x_wconf 74' lang='grc' dir='ltr'>καὶ</span> <span class='ocrx_word' id='word_1_685' title='bbox 3651 2789 3680 2856; x_wconf 78' lang='grc' dir='ltr'>ἡ</span> 
     </span>
    </p>
   </div>
   <div class='ocr_carea' id='block_1_90' title="bbox 2133 2877 3680 2956">
    <p class='ocr_par' dir='ltr' id='par_1_90' title="bbox 2133 2877 3680 2956">
     <span class='ocr_line' id='line_1_90' title="bbox 2133 2877 3680 2956; baseline -0.006 -18"><span class='ocrx_word' id='word_1_686' title='bbox 2133 2886 2374 2956; x_wconf 81' lang='grc' dir='ltr'>ἁμαρτία</span> <span class='ocrx_word' id='word_1_687' title='bbox 2406 2885 2619 2938; x_wconf 88' lang='grc' dir='ltr'>πάντων</span> <span class='ocrx_word' id='word_1_688' title='bbox 2639 2883 2746 2936; x_wconf 89' lang='grc' dir='ltr'><strong>τῶν</strong></span> <span class='ocrx_word' id='word_1_689' title='bbox 2800 2881 2998 2943; x_wconf 90' lang='grc' dir='ltr'>ἐθνῶν,</span> <span class='ocrx_word' id='word_1_690' title='bbox 3025 2882 3122 2933; x_wconf 82' lang='grc' dir='ltr'>ὅσα</span> <span class='ocrx_word' id='word_1_691' title='bbox 3156 2880 3221 2933; x_wconf 82' lang='grc' dir='ltr'>ἂν</span> <span class='ocrx_word' id='word_1_692' title='bbox 3255 2880 3329 2950; x_wconf 83' lang='grc' dir='ltr'>μὴ</span> <span class='ocrx_word' id='word_1_693' title='bbox 3376 2879 3552 2949; x_wconf 78' lang='grc' dir='ltr'>ἀναϐῇ</span> <span class='ocrx_word' id='word_1_694' title='bbox 3595 2877 3680 2930; x_wconf 71' lang='grc' dir='ltr'>τοῦ</span> 
     </span>
    </p>
   </div>
   <div class='ocr_carea' id='block_1_91' title="bbox 2134 2968 3680 3045">
    <p class='ocr_par' dir='ltr' id='par_1_91' title="bbox 2134 2968 3680 3045">
     <span class='ocr_line' id='line_1_91' title="bbox 2134 2968 3680 3045; baseline -0.006 -17"><span class='ocrx_word' id='word_1_695' title='bbox 2134 2975 2384 3045; x_wconf 77' lang='grc' dir='ltr'>ἑορτάσαι</span> <span class='ocrx_word' id='word_1_696' title='bbox 2418 2973 2514 3044; x_wconf 76' lang='grc' dir='ltr'>τὴν</span> <span class='ocrx_word' id='word_1_697' title='bbox 2549 2972 2736 3044; x_wconf 78' lang='grc' dir='ltr'>ἑορτὴν</span> <span class='ocrx_word' id='word_1_698' title='bbox 2762 2976 2860 3043; x_wconf 83' lang='grc' dir='ltr'>τῆς</span> <span class='ocrx_word' id='word_1_699' title='bbox 2893 2970 3267 3040; x_wconf 81' lang='grc' dir='ltr'>Σκηνοπηγίας</span> <span class='ocrx_word' id='word_1_700' title='bbox 3327 2989 3343 3020; x_wconf 77' lang='grc' dir='ltr'><strong>ι</strong></span> <span class='ocrx_word' id='word_1_701' title='bbox 3376 2968 3565 3022; x_wconf 77' lang='grc' dir='ltr'>Ταῦτα</span> <span class='ocrx_word' id='word_1_702' title='bbox 3596 2969 3680 3021; x_wconf 78' lang='grc' dir='ltr'>καὶ</span> 
     </span>
    </p>
   </div>
   <div class='ocr_carea' id='block_1_92' title="bbox 2061 3033 3680 3135">
    <p class='ocr_par' dir='ltr' id='par_1_92' title="bbox 2061 3033 3680 3135">
     <span class='ocr_line' id='line_1_92' title="bbox 2061 3033 3680 3135; baseline -0.003 -16"><span class='ocrx_word' id='word_1_703' title='bbox 2061 3033 2102 3090; x_wconf 72' lang='lat' dir='ltr'><strong><em>C</em></strong></span> <span class='ocrx_word' id='word_1_704' title='bbox 2134 3067 2162 3119; x_wconf 95' lang='lat'><strong>6</strong></span> <span class='ocrx_word' id='word_1_705' title='bbox 2186 3033 2625 3135; x_wconf 52' lang='lat' dir='ltr'><strong>iaxapiag&#39;psra</strong></span> <span class='ocrx_word' id='word_1_706' title='bbox 2661 3033 2759 3135; x_wconf 64' lang='lat' dir='ltr'><strong>rip)</strong></span> <span class='ocrx_word' id='word_1_707' title='bbox 2922 3033 3234 3124; x_wconf 75' lang='grc' dir='ltr'>Βαϐυλῶνος</span> <span class='ocrx_word' id='word_1_708' title='bbox 3267 3061 3545 3124; x_wconf 77' lang='grc' dir='ltr'>ἐπάνοδον,</span> <span class='ocrx_word' id='word_1_709' title='bbox 3587 3064 3680 3114; x_wconf 82' lang='lat' dir='ltr'><strong>Aa-</strong></span> 
     </span>
    </p>
   </div>
   <div class='ocr_carea' id='block_1_93' title="bbox 2137 3153 3678 3229">
    <p class='ocr_par' dir='ltr' id='par_1_93' title="bbox 2137 3153 3678 3229">
     <span class='ocr_line' id='line_1_93' title="bbox 2137 3153 3678 3229; baseline -0.003 -18"><span class='ocrx_word' id='word_1_710' title='bbox 2137 3159 2281 3229; x_wconf 90' lang='grc' dir='ltr'>ρείου</span> <span class='ocrx_word' id='word_1_711' title='bbox 2309 3157 2529 3228; x_wconf 88' lang='grc' dir='ltr'>Περσῶν</span> <span class='ocrx_word' id='word_1_712' title='bbox 2557 3155 2942 3226; x_wconf 79' lang='grc' dir='ltr'>βασιλεύοντος,</span> <span class='ocrx_word' id='word_1_713' title='bbox 2980 3153 3323 3226; x_wconf 61' lang='grc' dir='ltr'>προφητεύει,</span> <span class='ocrx_word' id='word_1_714' title='bbox 3356 3157 3455 3225; x_wconf 81' lang='grc' dir='ltr'>τῆς</span> <span class='ocrx_word' id='word_1_715' title='bbox 3491 3155 3678 3226; x_wconf 75' lang='grc' dir='ltr'>Ἱερουο</span> 
     </span>
    </p>
   </div>
   <div class='ocr_carea' id='block_1_94' title="bbox 2137 3247 3682 3321">
    <p class='ocr_par' dir='ltr' id='par_1_94' title="bbox 2137 3247 3682 3321">
     <span class='ocr_line' id='line_1_94' title="bbox 2137 3247 3682 3321; baseline -0.003 -18"><span class='ocrx_word' id='word_1_716' title='bbox 2137 3249 2314 3321; x_wconf 76' lang='grc' dir='ltr'>σαλὴμ</span> <span class='ocrx_word' id='word_1_717' title='bbox 2356 3248 2476 3320; x_wconf 81' lang='grc' dir='ltr'>ἄρτι</span> <span class='ocrx_word' id='word_1_718' title='bbox 2525 3249 2644 3300; x_wconf 86' lang='grc' dir='ltr'>τότε</span> <span class='ocrx_word' id='word_1_719' title='bbox 2695 3249 3130 3318; x_wconf 85' lang='grc' dir='ltr'>ἀνεγηγερμένης</span> <span class='ocrx_word' id='word_1_720' title='bbox 3175 3247 3236 3299; x_wconf 88' lang='grc' dir='ltr'><strong>ἐκ</strong></span> <span class='ocrx_word' id='word_1_721' title='bbox 3285 3249 3384 3317; x_wconf 85' lang='grc' dir='ltr'>τῆς</span> <span class='ocrx_word' id='word_1_722' title='bbox 3422 3247 3682 3317; x_wconf 75' lang='grc' dir='ltr'>προτέρας</span> 
     </span>
    </p>
   </div>
   <div class='ocr_carea' id='block_1_95' title="bbox 2135 3337 3680 3413">
    <p class='ocr_par' dir='ltr' id='par_1_95' title="bbox 2135 3337 3680 3413">
     <span class='ocr_line' id='line_1_95' title="bbox 2135 3337 3680 3413; baseline -0.004 -19"><span class='ocrx_word' id='word_1_723' title='bbox 2135 3341 2385 3413; x_wconf 82' lang='grc' dir='ltr'>ἐρημίας,</span> <span class='ocrx_word' id='word_1_724' title='bbox 2411 3341 2474 3411; x_wconf 75' lang='grc' dir='ltr'>ἣν</span> <span class='ocrx_word' id='word_1_725' title='bbox 2499 3338 2601 3396; x_wconf 75' lang='grc' dir='ltr'><strong>ὑπὸ</strong></span> <span class='ocrx_word' id='word_1_726' title='bbox 2626 3338 2972 3391; x_wconf 85' lang='grc' dir='ltr'>Βαϐυλωνίων</span> <span class='ocrx_word' id='word_1_727' title='bbox 3011 3337 3260 3390; x_wconf 85' lang='grc' dir='ltr'>πέπονθε.</span> <span class='ocrx_word' id='word_1_728' title='bbox 3303 3337 3601 3405; x_wconf 76' lang='grc' dir='ltr'>Συνάγεται</span> <span class='ocrx_word' id='word_1_729' title='bbox 3629 3337 3680 3390; x_wconf 78' lang='grc' dir='ltr'>δὲ</span> 
     </span>
    </p>
   </div>
   <div class='ocr_carea' id='block_1_96' title="bbox 2133 3429 3681 3504">
    <p class='ocr_par' dir='ltr' id='par_1_96' title="bbox 2133 3429 3681 3504">
     <span class='ocr_line' id='line_1_96' title="bbox 2133 3429 3681 3504; baseline -0.003 -17"><span class='ocrx_word' id='word_1_730' title='bbox 2133 3435 2161 3487; x_wconf 98' lang='lat'><strong>6</strong></span> <span class='ocrx_word' id='word_1_731' title='bbox 2187 3435 2292 3497; x_wconf 83' lang='grc' dir='ltr'><strong>πᾶς</strong></span> <span class='ocrx_word' id='word_1_732' title='bbox 2312 3433 2499 3504; x_wconf 80' lang='grc' dir='ltr'>χρόνος</span> <span class='ocrx_word' id='word_1_733' title='bbox 2532 3433 2638 3486; x_wconf 80' lang='grc' dir='ltr'>ἀπὸ</span> <span class='ocrx_word' id='word_1_734' title='bbox 2661 3435 2756 3503; x_wconf 77' lang='grc' dir='ltr'>τῆς</span> <span class='ocrx_word' id='word_1_735' title='bbox 2785 3431 3003 3502; x_wconf 75' lang='grc' dir='ltr'>Δαρείου</span> <span class='ocrx_word' id='word_1_736' title='bbox 3029 3430 3120 3482; x_wconf 78' lang='grc' dir='ltr'>τοῦ</span> <span class='ocrx_word' id='word_1_737' title='bbox 3150 3431 3377 3500; x_wconf 83' lang='grc' dir='ltr'>Πέρσου,</span> <span class='ocrx_word' id='word_1_738' title='bbox 3405 3429 3532 3482; x_wconf 72' lang='grc' dir='ltr'>καθ’</span> <span class='ocrx_word' id='word_1_739' title='bbox 3570 3430 3632 3499; x_wconf 75' lang='grc' dir='ltr'>ἢν</span> <span class='ocrx_word' id='word_1_740' title='bbox 3656 3432 3681 3482; x_wconf 80' lang='grc' dir='ltr'><strong>ὁ</strong></span> 
     </span>
    </p>
   </div>
   <div class='ocr_carea' id='block_1_97' title="bbox 2133 3519 3680 3594">
    <p class='ocr_par' dir='ltr' id='par_1_97' title="bbox 2133 3519 3680 3594">
     <span class='ocr_line' id='line_1_97' title="bbox 2133 3519 3680 3594; baseline -0.005 -18"><span class='ocrx_word' id='word_1_741' title='bbox 2133 3523 2403 3594; x_wconf 84' lang='grc' dir='ltr'>Ζαχαρίας</span> <span class='ocrx_word' id='word_1_742' title='bbox 2440 3523 2780 3594; x_wconf 81' lang='grc' dir='ltr'>προφητεύει,</span> <span class='ocrx_word' id='word_1_743' title='bbox 2815 3522 2906 3574; x_wconf 76' lang='grc' dir='ltr'>καὶ</span> <span class='ocrx_word' id='word_1_744' title='bbox 2929 3520 3018 3573; x_wconf 77' lang='grc' dir='ltr'>ἐπὶ</span> <span class='ocrx_word' id='word_1_745' title='bbox 3060 3519 3360 3588; x_wconf 75' lang='grc' dir='ltr'>Αὔγουστον</span> <span class='ocrx_word' id='word_1_746' title='bbox 3408 3520 3680 3590; x_wconf 79' lang='grc' dir='ltr'>Ῥωμαίων</span> 
     </span>
    </p>
   </div>
   <div class='ocr_carea' id='block_1_98' title="bbox 2136 3613 3678 3688">
    <p class='ocr_par' dir='ltr' id='par_1_98' title="bbox 2136 3613 3678 3688">
     <span class='ocr_line' id='line_1_98' title="bbox 2136 3613 3678 3688; baseline -0.004 -18"><span class='ocrx_word' id='word_1_747' title='bbox 2136 3617 2356 3688; x_wconf 81' lang='grc' dir='ltr'>βασιλέα</span> <span class='ocrx_word' id='word_1_748' title='bbox 2385 3619 2463 3680; x_wconf 84' lang='grc' dir='ltr'><strong>είς</strong></span> <span class='ocrx_word' id='word_1_749' title='bbox 2492 3615 2628 3669; x_wconf 88' lang='grc' dir='ltr'>ἐτῶν</span> <span class='ocrx_word' id='word_1_750' title='bbox 2684 3613 2978 3685; x_wconf 81' lang='grc' dir='ltr'>ἑϐδομάδας</span> <span class='ocrx_word' id='word_1_751' title='bbox 3004 3615 3142 3667; x_wconf 78' lang='grc' dir='ltr'><strong>ἐπτά</strong></span> <span class='ocrx_word' id='word_1_752' title='bbox 3176 3614 3267 3665; x_wconf 78' lang='grc' dir='ltr'>καὶ</span> <span class='ocrx_word' id='word_1_753' title='bbox 3311 3613 3678 3683; x_wconf 57' lang='grc' dir='ltr'>ἐξηκονταδὼ,</span> 
     </span>
    </p>
   </div>
   <div class='ocr_carea' id='block_1_99' title="bbox 2133 3704 3680 3780">
    <p class='ocr_par' dir='ltr' id='par_1_99' title="bbox 2133 3704 3680 3780">
     <span class='ocr_line' id='line_1_99' title="bbox 2133 3704 3680 3780; baseline -0.004 -19"><span class='ocrx_word' id='word_1_754' title='bbox 2133 3709 2230 3772; x_wconf 77' lang='grc' dir='ltr'><strong>τὰς</strong></span> <span class='ocrx_word' id='word_1_755' title='bbox 2255 3711 2312 3761; x_wconf 87' lang='grc' dir='ltr'>ὲν</span> <span class='ocrx_word' id='word_1_756' title='bbox 2345 3708 2422 3780; x_wconf 82' lang='grc' dir='ltr'>τῷ</span> <span class='ocrx_word' id='word_1_757' title='bbox 2453 3706 2648 3779; x_wconf 79' lang='grc' dir='ltr'>Δανιὴλ</span> <span class='ocrx_word' id='word_1_758' title='bbox 2687 3705 3004 3776; x_wconf 77' lang='grc' dir='ltr'>φερομένας,</span> <span class='ocrx_word' id='word_1_759' title='bbox 3037 3704 3070 3758; x_wconf 74' lang='grc' dir='ltr'>ἃ</span> <span class='ocrx_word' id='word_1_760' title='bbox 3112 3705 3314 3772; x_wconf 81' lang='grc' dir='ltr'>γίνεται</span> <span class='ocrx_word' id='word_1_761' title='bbox 3358 3705 3452 3773; x_wconf 76' lang='grc' dir='ltr'><strong>ἐτη</strong></span> <span class='ocrx_word' id='word_1_762' title='bbox 3501 3722 3680 3776; x_wconf 82' lang='grc' dir='ltr'>τετρα-</span> 
     </span>
    </p>
   </div>
   <div class='ocr_carea' id='block_1_100' title="bbox 2133 3795 3680 3869">
    <p class='ocr_par' dir='ltr' id='par_1_100' title="bbox 2133 3795 3680 3869">
     <span class='ocr_line' id='line_1_100' title="bbox 2133 3795 3680 3869; baseline -0.005 -15"><span class='ocrx_word' id='word_1_763' title='bbox 2133 3802 2290 3854; x_wconf 85' lang='grc' dir='ltr'>κόσια</span> <span class='ocrx_word' id='word_1_764' title='bbox 2314 3801 2633 3869; x_wconf 77' lang='grc' dir='ltr'>ὀγδοήκοντα</span> <span class='ocrx_word' id='word_1_765' title='bbox 2662 3799 2814 3869; x_wconf 91' lang='grc' dir='ltr'>τρία,</span> <span class='ocrx_word' id='word_1_766' title='bbox 2859 3797 2934 3860; x_wconf 81' lang='grc' dir='ltr'>ὡς</span> <span class='ocrx_word' id='word_1_767' title='bbox 2965 3795 3320 3864; x_wconf 80' lang='grc' dir='ltr'>ἀπεδείξαμεν</span> <span class='ocrx_word' id='word_1_768' title='bbox 3355 3796 3415 3846; x_wconf 86' lang='grc' dir='ltr'><strong>ἐν</strong></span> <span class='ocrx_word' id='word_1_769' title='bbox 3446 3799 3564 3858; x_wconf 86' lang='grc' dir='ltr'>τοῖς</span> <span class='ocrx_word' id='word_1_770' title='bbox 3599 3814 3680 3865; x_wconf 87' lang='grc' dir='ltr'>μι-</span> 
     </span>
    </p>
   </div>
   <div class='ocr_carea' id='block_1_101' title="bbox 2134 3887 3672 3966">
    <p class='ocr_par' dir='ltr' id='par_1_101' title="bbox 2134 3887 3672 3966">
     <span class='ocr_line' id='line_1_101' title="bbox 2134 3887 3672 3966; baseline -0.005 -21"><span class='ocrx_word' id='word_1_771' title='bbox 2134 3893 2250 3964; x_wconf 80' lang='grc' dir='ltr'>κρῷ</span> <span class='ocrx_word' id='word_1_772' title='bbox 2282 3892 2510 3966; x_wconf 88' lang='grc' dir='ltr'>πρόσθεν</span> <span class='ocrx_word' id='word_1_773' title='bbox 2545 3889 3025 3962; x_wconf 82' lang='grc' dir='ltr'>γεγυμνασμένοις.</span> <span class='ocrx_word' id='word_1_774' title='bbox 3056 3887 3187 3940; x_wconf 77' lang='grc' dir='ltr'>Ούτε</span> <span class='ocrx_word' id='word_1_775' title='bbox 3231 3887 3288 3939; x_wconf 81' lang='grc' dir='ltr'>δὲ</span> <span class='ocrx_word' id='word_1_776' title='bbox 3321 3888 3411 3938; x_wconf 75' lang='grc' dir='ltr'>ἐπὶ</span> <span class='ocrx_word' id='word_1_777' title='bbox 3439 3890 3542 3956; x_wconf 80' lang='grc' dir='ltr'>τῆς</span> <span class='ocrx_word' id='word_1_778' title='bbox 3567 3888 3672 3940; x_wconf 79' lang='lat' dir='ltr'><strong>Ma-</strong></span> 
     </span>
    </p>
   </div>
   <div class='ocr_carea' id='block_1_102' title="bbox 2134 3980 3680 4054">
    <p class='ocr_par' dir='ltr' id='par_1_102' title="bbox 2134 3980 3680 4054">
     <span class='ocr_line' id='line_1_102' title="bbox 2134 3980 3680 4054; baseline -0.005 -15"><span class='ocrx_word' id='word_1_779' title='bbox 2134 3986 2357 4038; x_wconf 85' lang='grc' dir='ltr'>κεδόνων</span> <span class='ocrx_word' id='word_1_780' title='bbox 2383 3985 2488 4038; x_wconf 84' lang='grc' dir='ltr'>ἀπὸ</span> <span class='ocrx_word' id='word_1_781' title='bbox 2521 3983 2862 4054; x_wconf 80' lang='grc' dir='ltr'>Ἀλεξάνδρου</span> <span class='ocrx_word' id='word_1_782' title='bbox 2908 3984 2999 4035; x_wconf 79' lang='grc' dir='ltr'>καὶ</span> <span class='ocrx_word' id='word_1_783' title='bbox 3032 3981 3219 4051; x_wconf 84' lang='grc' dir='ltr'>μέχρις</span> <span class='ocrx_word' id='word_1_784' title='bbox 3246 3980 3556 4048; x_wconf 78' lang='grc' dir='ltr'>Αὐγούστου</span> <span class='ocrx_word' id='word_1_785' title='bbox 3589 3999 3680 4032; x_wconf 82' lang='grc' dir='ltr'>πα-</span> 
     </span>
    </p>
   </div>
   <div class='ocr_carea' id='block_1_103' title="bbox 2135 4071 3678 4149">
    <p class='ocr_par' dir='ltr' id='par_1_103' title="bbox 2135 4071 3678 4149">
     <span class='ocr_line' id='line_1_103' title="bbox 2135 4071 3678 4149; baseline -0.006 -18"><span class='ocrx_word' id='word_1_786' title='bbox 2135 4077 2488 4149; x_wconf 84' lang='grc' dir='ltr'>ραταθείσης,</span> <span class='ocrx_word' id='word_1_787' title='bbox 2543 4076 2649 4129; x_wconf 87' lang='grc' dir='ltr'><strong>τῶν</strong></span> <span class='ocrx_word' id='word_1_788' title='bbox 2682 4075 3064 4146; x_wconf 75' lang='grc' dir='ltr'>ἐμφερομένων</span> <span class='ocrx_word' id='word_1_789' title='bbox 3107 4075 3218 4136; x_wconf 85' lang='grc' dir='ltr'>τοῖς</span> <span class='ocrx_word' id='word_1_790' title='bbox 3262 4071 3356 4124; x_wconf 77' lang='grc' dir='ltr'>τοῦ</span> <span class='ocrx_word' id='word_1_791' title='bbox 3411 4074 3678 4142; x_wconf 74' lang='grc' dir='ltr'>προφήτου</span> 
     </span>
    </p>
   </div>
   <div class='ocr_carea' id='block_1_104' title="bbox 2131 4164 3679 4239">
    <p class='ocr_par' dir='ltr' id='par_1_104' title="bbox 2131 4164 3679 4239">
     <span class='ocr_line' id='line_1_104' title="bbox 2131 4164 3679 4239; baseline -0.005 -16"><span class='ocrx_word' id='word_1_792' title='bbox 2131 4170 2307 4239; x_wconf 85' lang='grc' dir='ltr'>λόγοις</span> <span class='ocrx_word' id='word_1_793' title='bbox 2341 4168 2645 4222; x_wconf 77' lang='grc' dir='ltr'>συνίσταται</span> <span class='ocrx_word' id='word_1_794' title='bbox 2682 4185 2733 4219; x_wconf 88' lang='grc' dir='ltr'><strong>τι</strong></span> <span class='ocrx_word' id='word_1_795' title='bbox 2773 4165 3212 4237; x_wconf 79' lang='grc' dir='ltr'>πεπληρωμένον.</span> <span class='ocrx_word' id='word_1_796' title='bbox 3259 4164 3394 4217; x_wconf 86' lang='grc' dir='ltr'>Πότε</span> <span class='ocrx_word' id='word_1_797' title='bbox 3419 4165 3530 4235; x_wconf 71' lang='grc' dir='ltr'><strong>γάρ</strong></span> <span class='ocrx_word' id='word_1_798' title='bbox 3571 4165 3679 4216; x_wconf 76' lang='grc' dir='ltr'>κατ’</span> 
     </span>
    </p>
   </div>
   <div class='ocr_carea' id='block_1_105' title="bbox 2131 4257 3679 4332">
    <p class='ocr_par' dir='ltr' id='par_1_105' title="bbox 2131 4257 3679 4332">
     <span class='ocr_line' id='line_1_105' title="bbox 2131 4257 3679 4332; baseline -0.004 -18"><span class='ocrx_word' id='word_1_799' title='bbox 2131 4263 2368 4325; x_wconf 82' lang='grc' dir='ltr'>ἐκείνους</span> <span class='ocrx_word' id='word_1_800' title='bbox 2403 4262 2526 4323; x_wconf 76' lang='grc' dir='ltr'>τοὺς</span> <span class='ocrx_word' id='word_1_801' title='bbox 2549 4261 2768 4332; x_wconf 82' lang='grc' dir='ltr'>χρόνους</span> <span class='ocrx_word' id='word_1_802' title='bbox 2798 4259 2892 4312; x_wconf 80' lang='grc' dir='ltr'>τοῦ</span> <span class='ocrx_word' id='word_1_803' title='bbox 2926 4258 3073 4330; x_wconf 81' lang='grc' dir='ltr'><strong>παρά</strong></span> <span class='ocrx_word' id='word_1_804' title='bbox 3101 4261 3211 4320; x_wconf 82' lang='grc' dir='ltr'>τοῖς</span> <span class='ocrx_word' id='word_1_805' title='bbox 3239 4259 3545 4328; x_wconf 74' lang='grc' dir='ltr'>προφήταις</span> <span class='ocrx_word' id='word_1_806' title='bbox 3569 4257 3679 4310; x_wconf 86' lang='grc' dir='ltr'>θεο-</span> 
     </span>
    </p>
   </div>
   <div class='ocr_carea' id='block_1_106' title="bbox 2133 4347 3683 4422">
    <p class='ocr_par' dir='ltr' id='par_1_106' title="bbox 2133 4347 3683 4422">
     <span class='ocr_line' id='line_1_106' title="bbox 2133 4347 3683 4422; baseline -0.005 -16"><span class='ocrx_word' id='word_1_807' title='bbox 2133 4352 2290 4422; x_wconf 84' lang='grc' dir='ltr'>λογου</span> <span class='ocrx_word' id='word_1_808' title='bbox 2299 4353 2457 4422; x_wconf 83' lang='grc' dir='ltr'>μένου</span> <span class='ocrx_word' id='word_1_809' title='bbox 2473 4351 2674 4419; x_wconf 82' lang='grc' dir='ltr'>Κυρίου</span> <span class='ocrx_word' id='word_1_810' title='bbox 2701 4349 3002 4419; x_wconf 87' lang='grc' dir='ltr'>ἀνθρώποις</span> <span class='ocrx_word' id='word_1_811' title='bbox 3022 4347 3354 4410; x_wconf 79' lang='grc' dir='ltr'>ἐπιστάντος,</span> <span class='ocrx_word' id='word_1_812' title='bbox 3370 4347 3497 4417; x_wconf 76' lang='grc' dir='ltr'>ἔθνη</span> 
     </span>
    </p>
   </div>
   <div class='ocr_carea' id='block_1_107' title="bbox 2133 4438 3678 4513">
    <p class='ocr_par' dir='ltr' id='par_1_107' title="bbox 2133 4438 3678 4513">
     <span class='ocr_line' id='line_1_107' title="bbox 2133 4438 3678 4513; baseline -0.006 -15"><span class='ocrx_word' id='word_1_813' title='bbox 2133 4445 2419 4513; x_wconf 81' lang='grc' dir='ltr'>ἐπιγνόντα</span> <span class='ocrx_word' id='word_1_814' title='bbox 2443 4443 2622 4506; x_wconf 74' lang='grc' dir='ltr'>αὑτὸν,</span> <span class='ocrx_word' id='word_1_815' title='bbox 2642 4444 2733 4494; x_wconf 73' lang='grc' dir='ltr'><strong>καὶ</strong></span> <span class='ocrx_word' id='word_1_816' title='bbox 2752 4441 2904 4512; x_wconf 83' lang='grc' dir='ltr'>μόνον</span> <span class='ocrx_word' id='word_1_817' title='bbox 2929 4441 3058 4492; x_wconf 72' lang='grc' dir='ltr'>Θεὸν</span> <span class='ocrx_word' id='word_1_818' title='bbox 3079 4439 3236 4492; x_wconf 78' lang='grc' dir='ltr'>αὐτὸν</span> <span class='ocrx_word' id='word_1_819' title='bbox 3257 4438 3678 4508; x_wconf 70' lang='grc' dir='ltr'>ὁμολογήσαντα,</span> 
     </span>
    </p>
   </div>
   <div class='ocr_carea' id='block_1_108' title="bbox 2131 4529 3678 4602">
    <p class='ocr_par' dir='ltr' id='par_1_108' title="bbox 2131 4529 3678 4602">
     <span class='ocr_line' id='line_1_108' title="bbox 2131 4529 3678 4602; baseline -0.006 -12"><span class='ocrx_word' id='word_1_820' title='bbox 2131 4537 2216 4590; x_wconf 76' lang='grc' dir='ltr'><strong>ἐπ’</strong></span> <span class='ocrx_word' id='word_1_821' title='bbox 2251 4535 2411 4598; x_wconf 84' lang='grc' dir='ltr'>αύτὺν</span> <span class='ocrx_word' id='word_1_822' title='bbox 2437 4535 2835 4602; x_wconf 75' lang='grc' dir='ltr'>καταπέφευγε,</span> <span class='ocrx_word' id='word_1_823' title='bbox 2876 4533 2968 4585; x_wconf 76' lang='grc' dir='ltr'>καὶ</span> <span class='ocrx_word' id='word_1_824' title='bbox 2993 4531 3209 4600; x_wconf 87' lang='grc' dir='ltr'>γέγονεν</span> <span class='ocrx_word' id='word_1_825' title='bbox 3236 4529 3380 4600; x_wconf 79' lang='grc' dir='ltr'>αὐτῷ</span> <span class='ocrx_word' id='word_1_826' title='bbox 3410 4531 3492 4592; x_wconf 83' lang='grc' dir='ltr'>εἰς</span> <span class='ocrx_word' id='word_1_827' title='bbox 3524 4531 3678 4588; x_wconf 84' lang='grc' dir='ltr'>λαὸν;</span> 
     </span>
    </p>
   </div>
   <div class='ocr_carea' id='block_1_109' title="bbox 2131 4623 3681 4698">
    <p class='ocr_par' dir='ltr' id='par_1_109' title="bbox 2131 4623 3681 4698">
     <span class='ocr_line' id='line_1_109' title="bbox 2131 4623 3681 4698; baseline -0.008 -13"><span class='ocrx_word' id='word_1_828' title='bbox 2131 4631 2256 4688; x_wconf 88' lang='grc' dir='ltr'>πότε</span> <span class='ocrx_word' id='word_1_829' title='bbox 2291 4628 2430 4688; x_wconf 85' lang='grc' dir='ltr'><strong>κατά</strong></span> <span class='ocrx_word' id='word_1_830' title='bbox 2449 4629 2573 4690; x_wconf 85' lang='grc' dir='ltr'>τοὺς</span> <span class='ocrx_word' id='word_1_831' title='bbox 2597 4627 2816 4698; x_wconf 89' lang='grc' dir='ltr'>Περσῶν</span> <span class='ocrx_word' id='word_1_832' title='bbox 2842 4625 2874 4697; x_wconf 75' lang='grc' dir='ltr'>ἢ</span> <span class='ocrx_word' id='word_1_833' title='bbox 2897 4624 3216 4678; x_wconf 76' lang='grc' dir='ltr'>Μακεδόνων</span> <span class='ocrx_word' id='word_1_834' title='bbox 3241 4623 3461 4693; x_wconf 86' lang='grc' dir='ltr'>χρόνους</span> <span class='ocrx_word' id='word_1_835' title='bbox 3494 4623 3525 4674; x_wconf 92' lang='lat'><strong>6</strong></span> <span class='ocrx_word' id='word_1_836' title='bbox 3559 4639 3681 4691; x_wconf 73' lang='grc' dir='ltr'>προ-</span> 
     </span>
    </p>
   </div>
   <div class='ocr_carea' id='block_1_110' title="bbox 2130 4711 3682 4786">
    <p class='ocr_par' dir='ltr' id='par_1_110' title="bbox 2130 4711 3682 4786">
     <span class='ocr_line' id='line_1_110' title="bbox 2130 4711 3682 4786; baseline -0.004 -18"><span class='ocrx_word' id='word_1_837' title='bbox 2130 4715 2490 4786; x_wconf 83' lang='grc' dir='ltr'>φητευὸμενος</span> <span class='ocrx_word' id='word_1_838' title='bbox 2523 4713 2772 4785; x_wconf 73' lang='grc' dir='ltr'>βασιλεὺς</span> <span class='ocrx_word' id='word_1_839' title='bbox 2811 4713 3064 4783; x_wconf 87' lang='grc' dir='ltr'>ἐλήλυθεν</span> <span class='ocrx_word' id='word_1_840' title='bbox 3084 4751 3097 4774; x_wconf 94' lang='grc'><strong>,</strong></span> <span class='ocrx_word' id='word_1_841' title='bbox 3131 4731 3149 4763; x_wconf 86' lang='grc'><em>‹</em></span> <span class='ocrx_word' id='word_1_842' title='bbox 3187 4711 3566 4781; x_wconf 84' lang='grc' dir='ltr'>Ἐπιϐεϐηκὼς</span> <span class='ocrx_word' id='word_1_843' title='bbox 3597 4712 3682 4762; x_wconf 77' lang='grc' dir='ltr'>ἐπὶ</span> 
     </span>
    </p>
   </div>
   <div class='ocr_carea' id='block_1_111' title="bbox 2129 4803 3682 4876">
    <p class='ocr_par' dir='ltr' id='par_1_111' title="bbox 2129 4803 3682 4876">
     <span class='ocr_line' id='line_1_111' title="bbox 2129 4803 3682 4876; baseline -0.004 -15"><span class='ocrx_word' id='word_1_844' title='bbox 2129 4807 2438 4876; x_wconf 80' lang='grc' dir='ltr'>ὑποζύγιον,</span> <span class='ocrx_word' id='word_1_845' title='bbox 2468 4808 2560 4860; x_wconf 68' lang='grc' dir='ltr'>καὶ</span> <span class='ocrx_word' id='word_1_846' title='bbox 2588 4805 2762 4861; x_wconf 89' lang='grc' dir='ltr'>πῶλον</span> <span class='ocrx_word' id='word_1_847' title='bbox 2790 4805 2938 4871; x_wconf 81' lang='grc' dir='ltr'>νέον;</span> <span class='ocrx_word' id='word_1_848' title='bbox 2964 4827 2981 4858; x_wconf 72' lang='grc' dir='ltr'><strong>ι</strong></span> <span class='ocrx_word' id='word_1_849' title='bbox 3013 4803 3178 4858; x_wconf 80' lang='grc' dir='ltr'>ἐλθών</span> <span class='ocrx_word' id='word_1_850' title='bbox 3206 4822 3263 4857; x_wconf 89' lang='grc' dir='ltr'><strong>τε</strong></span> <span class='ocrx_word' id='word_1_851' title='bbox 3289 4803 3380 4856; x_wconf 82' lang='grc' dir='ltr'>τοῦ</span> <span class='ocrx_word' id='word_1_852' title='bbox 3418 4804 3682 4856; x_wconf 81' lang='grc' dir='ltr'>Ἰουδαίων</span> 
     </span>
    </p>
   </div>
   <div class='ocr_carea' id='block_1_112' title="bbox 2128 4895 3685 4970">
    <p class='ocr_par' dir='ltr' id='par_1_112' title="bbox 2128 4895 3685 4970">
     <span class='ocr_line' id='line_1_112' title="bbox 2128 4895 3685 4970; baseline -0.004 -17"><span class='ocrx_word' id='word_1_853' title='bbox 2128 4900 2310 4962; x_wconf 76' lang='grc' dir='ltr'>ἔθνους</span> <span class='ocrx_word' id='word_1_854' title='bbox 2346 4897 2580 4970; x_wconf 71' lang='grc' dir='ltr'>Ἐφραῒμ</span> <span class='ocrx_word' id='word_1_855' title='bbox 2625 4897 3040 4969; x_wconf 79' lang='grc' dir='ltr'>ὀνομαζομένου,</span> <span class='ocrx_word' id='word_1_856' title='bbox 3077 4899 3166 4950; x_wconf 78' lang='grc' dir='ltr'>καὶ</span> <span class='ocrx_word' id='word_1_857' title='bbox 3195 4899 3294 4966; x_wconf 76' lang='grc' dir='ltr'>τῆς</span> <span class='ocrx_word' id='word_1_858' title='bbox 3336 4895 3685 4965; x_wconf 78' lang='grc' dir='ltr'>Ἰερουσαλὴμ</span> 
     </span>
    </p>
   </div>
   <div class='ocr_carea' id='block_1_113' title="bbox 2129 4987 3684 5064">
    <p class='ocr_par' dir='ltr' id='par_1_113' title="bbox 2129 4987 3684 5064">
     <span class='ocr_line' id='line_1_113' title="bbox 2129 4987 3684 5064; baseline -0.006 -18"><span class='ocrx_word' id='word_1_859' title='bbox 2129 4995 2296 5064; x_wconf 72' lang='grc' dir='ltr'>αὐτῆς</span> <span class='ocrx_word' id='word_1_860' title='bbox 2331 4991 2428 5062; x_wconf 83' lang='grc' dir='ltr'>τὴν</span> <span class='ocrx_word' id='word_1_861' title='bbox 2466 4990 2744 5062; x_wconf 76' lang='grc' dir='ltr'>βασιλικὴν</span> <span class='ocrx_word' id='word_1_862' title='bbox 2774 4989 3096 5062; x_wconf 80' lang='grc' dir='ltr'>παράταξιν,</span> <span class='ocrx_word' id='word_1_863' title='bbox 3132 4989 3349 5060; x_wconf 76' lang='grc' dir='ltr'>ἅρματα</span> <span class='ocrx_word' id='word_1_864' title='bbox 3380 4987 3474 5042; x_wconf 80' lang='grc' dir='ltr'>καὶ</span> <span class='ocrx_word' id='word_1_865' title='bbox 3523 4989 3684 5040; x_wconf 77' lang='grc' dir='ltr'>ἵππον</span> 
     </span>
    </p>
   </div>
   <div class='ocr_carea' id='block_1_114' title="bbox 2127 5076 3682 5155">
    <p class='ocr_par' dir='ltr' id='par_1_114' title="bbox 2127 5076 3682 5155">
     <span class='ocr_line' id='line_1_114' title="bbox 2127 5076 3682 5155; baseline -0.005 -18"><span class='ocrx_word' id='word_1_866' title='bbox 2127 5084 2553 5155; x_wconf 84' lang='grc' dir='ltr'>ἐπικαλουμένην</span> <span class='ocrx_word' id='word_1_867' title='bbox 2601 5082 2998 5153; x_wconf 77' lang='grc' dir='ltr'>ἐξωλόθρευσεο,</span> <span class='ocrx_word' id='word_1_868' title='bbox 3055 5081 3114 5132; x_wconf 83' lang='grc' dir='ltr'><strong>τό</strong></span> <span class='ocrx_word' id='word_1_869' title='bbox 3149 5098 3207 5131; x_wconf 87' lang='grc' dir='ltr'><strong>τε</strong></span> <span class='ocrx_word' id='word_1_870' title='bbox 3252 5079 3531 5131; x_wconf 83' lang='grc' dir='ltr'>ὁπλιτικὸν</span> <span class='ocrx_word' id='word_1_871' title='bbox 3592 5076 3682 5130; x_wconf 74' lang='grc' dir='ltr'>τοῦ</span> 
     </span>
    </p>
   </div>
   <div class='ocr_carea' id='block_1_115' title="bbox 2139 5168 3681 5242">
    <p class='ocr_par' dir='ltr' id='par_1_115' title="bbox 2139 5168 3681 5242">
     <span class='ocr_line' id='line_1_115' title="bbox 2139 5168 3681 5242; baseline -0.008 -13"><span class='ocrx_word' id='word_1_872' title='bbox 2139 5177 2402 5228; x_wconf 80' lang='grc' dir='ltr'>Ἰουδαίων</span> <span class='ocrx_word' id='word_1_873' title='bbox 2424 5175 2605 5236; x_wconf 79' lang='grc' dir='ltr'>ἔθνους</span> <span class='ocrx_word' id='word_1_874' title='bbox 2629 5172 2869 5236; x_wconf 76' lang='grc' dir='ltr'>καθεῖλες</span> <span class='ocrx_word' id='word_1_875' title='bbox 2896 5171 3061 5224; x_wconf 79' lang='grc' dir='ltr'>Τοῦτο</span> <span class='ocrx_word' id='word_1_876' title='bbox 3077 5170 3183 5242; x_wconf 89' lang='grc' dir='ltr'><strong>γάρ</strong></span> <span class='ocrx_word' id='word_1_877' title='bbox 3211 5171 3393 5242; x_wconf 78' lang='grc' dir='ltr'>ἐδήλου</span> <span class='ocrx_word' id='word_1_878' title='bbox 3419 5168 3480 5222; x_wconf 83' lang='grc' dir='ltr'>τὸ</span> <span class='ocrx_word' id='word_1_879' title='bbox 3507 5168 3681 5235; x_wconf 85' lang='grc' dir='ltr'>λόγιον</span> 
     </span>
    </p>
   </div>
   <div class='ocr_carea' id='block_1_116' title="bbox 2126 5263 3680 5340">
    <p class='ocr_par' dir='ltr' id='par_1_116' title="bbox 2126 5263 3680 5340">
     <span class='ocr_line' id='line_1_116' title="bbox 2126 5263 3680 5340; baseline -0.007 -17"><span class='ocrx_word' id='word_1_880' title='bbox 2126 5271 2361 5340; x_wconf 74' lang='grc' dir='ltr'>φάσκονο</span> <span class='ocrx_word' id='word_1_881' title='bbox 2398 5289 2416 5320; x_wconf 77' lang='grc' dir='ltr'><strong>ι</strong></span> <span class='ocrx_word' id='word_1_882' title='bbox 2452 5269 2579 5322; x_wconf 82' lang='grc' dir='ltr'>Ἰδοὺ</span> <span class='ocrx_word' id='word_1_883' title='bbox 2609 5269 2637 5320; x_wconf 91' lang='lat'><strong>6</strong></span> <span class='ocrx_word' id='word_1_884' title='bbox 2673 5267 2929 5330; x_wconf 84' lang='grc' dir='ltr'>Βασιλεύς</span> <span class='ocrx_word' id='word_1_885' title='bbox 2979 5284 3070 5320; x_wconf 85' lang='grc' dir='ltr'><strong>σου</strong></span> <span class='ocrx_word' id='word_1_886' title='bbox 3105 5265 3318 5336; x_wconf 75' lang='grc' dir='ltr'>ἔρχεταί</span> <span class='ocrx_word' id='word_1_887' title='bbox 3369 5280 3450 5316; x_wconf 87' lang='grc' dir='ltr'><strong>σοι</strong></span> <span class='ocrx_word' id='word_1_888' title='bbox 3479 5263 3680 5322; x_wconf 81' lang='grc' dir='ltr'>δίκαιος</span> 
     </span>
    </p>
   </div>
   <div class='ocr_carea' id='block_1_117' title="bbox 2131 5354 3682 5428">
    <p class='ocr_par' dir='ltr' id='par_1_117' title="bbox 2131 5354 3682 5428">
     <span class='ocr_line' id='line_1_117' title="bbox 2131 5354 3682 5428; baseline -0.007 -14"><span class='ocrx_word' id='word_1_889' title='bbox 2131 5362 2225 5415; x_wconf 78' lang='grc' dir='ltr'>καὶ</span> <span class='ocrx_word' id='word_1_890' title='bbox 2259 5359 2463 5424; x_wconf 79' lang='grc' dir='ltr'>σώζων,</span> <span class='ocrx_word' id='word_1_891' title='bbox 2489 5360 2648 5422; x_wconf 80' lang='grc' dir='ltr'>αὐτὸς</span> <span class='ocrx_word' id='word_1_892' title='bbox 2689 5358 2883 5428; x_wconf 70' lang='grc' dir='ltr'>πραῢς,</span> <span class='ocrx_word' id='word_1_893' title='bbox 2923 5359 3016 5410; x_wconf 75' lang='grc' dir='ltr'>καὶ</span> <span class='ocrx_word' id='word_1_894' title='bbox 3045 5355 3379 5425; x_wconf 82' lang='grc' dir='ltr'>ἐπιϐεϐηκὼς</span> <span class='ocrx_word' id='word_1_895' title='bbox 3419 5355 3512 5408; x_wconf 76' lang='grc' dir='ltr'>ἐπὶ</span> <span class='ocrx_word' id='word_1_896' title='bbox 3553 5354 3682 5404; x_wconf 78' lang='grc' dir='ltr'>ὑπο-</span> 
     </span>
    </p>
   </div>
   <div class='ocr_carea' id='block_1_118' title="bbox 2129 5447 3678 5522">
    <p class='ocr_par' dir='ltr' id='par_1_118' title="bbox 2129 5447 3678 5522">
     <span class='ocr_line' id='line_1_118' title="bbox 2129 5447 3678 5522; baseline -0.032 22"><span class='ocrx_word' id='word_1_897' title='bbox 2129 5454 2309 5522; x_wconf 43' lang='grc' dir='ltr'><strong>ζύγιον</strong></span> <span class='ocrx_word' id='word_1_898' title='bbox 2344 5454 2434 5505; x_wconf 51' lang='grc' dir='ltr'>κ⁷⁹ὶ</span> <span class='ocrx_word' id='word_1_899' title='bbox 2469 5452 2639 5505; x_wconf 67' lang='grc' dir='ltr'>πῶλον</span> <span class='ocrx_word' id='word_1_900' title='bbox 2673 5451 2787 5506; x_wconf 71' lang='grc' dir='ltr'>νέον</span> <span class='ocrx_word' id='word_1_901' title='bbox 2812 5492 2825 5515; x_wconf 69' lang='grc' dir='ltr'><strong><em>ν</em></strong></span> <span class='ocrx_word' id='word_1_902' title='bbox 2863 5451 2954 5504; x_wconf 55' lang='grc' dir='ltr'>καὶ</span> <span class='ocrx_word' id='word_1_903' title='bbox 2989 5448 3485 5521; x_wconf 64' lang='grc' dir='ltr'><strong>ἐξολοθρευθῆσεται</strong></span> <span class='ocrx_word' id='word_1_904' title='bbox 3531 5447 3678 5512; x_wconf 76' lang='grc' dir='ltr'>τόξον</span> 
     </span>
    </p>
   </div>
   <div class='ocr_carea' id='block_1_119' title="bbox 1704 5627 2126 5682">
    <p class='ocr_par' dir='ltr' id='par_1_119' title="bbox 1704 5627 2126 5682">
     <span class='ocr_line' id='line_1_119' title="bbox 1704 5627 2126 5682; baseline 0 -1"><span class='ocrx_word' id='word_1_905' title='bbox 1704 5628 1722 5656; x_wconf 73' lang='grc'><strong>⁸</strong></span> <span class='ocrx_word' id='word_1_906' title='bbox 1759 5628 1887 5682; x_wconf 83' lang='lat' dir='ltr'><strong>ibid.</strong></span> <span class='ocrx_word' id='word_1_907' title='bbox 1931 5627 2126 5682; x_wconf 73' lang='lat' dir='ltr'><strong>lC-lO.</strong></span> 
     </span>
    </p>
   </div>
  </div>
