3922 6200
217 284 282 339 δί
296 284 314 338 l

1085 280 1725 339 DEMONSTRATIONIS
1762 280 2216 336 EVANGELlC/E
2246 280 2373 337 LIB.
2406 281 2542 338 Vl".

3317 287 3420 341 (ΜΞ).

220 395 527 469 πολεμικόν.
555 415 573 449 ι
606 397 788 451 Ταῦτα
818 398 926 469 γὰρ
961 398 1087 469 περί
1135 400 1232 469 τῆς
1274 397 1639 470 καθαιρέσεως
1672 400 1760 469 τῆς

1869 402 1924 450 et
1955 396 2159 466 pullum
2206 396 2608 454 adolescentem
2640 416 2652 453 :
2682 405 2735 453 et
2766 400 3021 468 pertletur
3068 416 3227 458 arcus
3259 403 3417 458 belli-

214 487 496 560 βασιλικῆς
542 486 696 552 ἀξίας
746 487 839 540 τοῦ
885 488 1147 541 Ἰουδαίων
1189 488 1372 552 ἔθνους
1423 488 1763 552 ἐθεσπίζετο,

209 580 296 650 ἐφ’
324 574 358 654 ᾖ
387 580 545 633 πάλιν
565 578 633 632 τά
652 582 749 650 τῆς
771 579 878 633 τῶν
903 578 1069 633 ἐθνῶν
1094 581 1314 651 εἰρήνης
1340 578 1759 650 συμφώνωςτοῑς

210 672 443 743 πρόσθεν
487 671 890 742 ἀποδεδομένοις
938 672 1243 740 ἐπιλέγεται
1286 672 1372 725 διὰ
1412 670 1536 727 τοῦ·
1596 690 1609 723 ι
1657 673 1767 725 Καὶ

208 765 411 835 πλῆθος
432 767 651 836 εἰρήνης
681 764 740 828 ἐξ
767 764 933 818 ἐθνῶν
952 804 966 828 ,
996 784 1015 817 ›
1039 764 1153 817 ἀνθ’
1176 759 1236 819 οῦ
1272 766 1300 818 6
1338 764 1565 827 Ἀκύλας
1596 764 1689 818 καὶ
1715 766 1764 817 οἰ

210 857 383 909 λοιποὶ
425 857 752 928 ἐρμηνευταὶ
788 856 1143 910 ἐκδεδώκασι·
1180 876 1198 907 ‹
1221 857 1330 910 Καὶ
1366 857 1584 927 λαλήσει
1615 858 1767 929 εἰρή-

205 964 305 1017 νην
334 950 446 1010 τοῖς
467 948 724 1013 ἐθνεσιν,ι
762 948 791 1000 6
818 950 911 1002 καὶ
947 948 1176 1019 μάλιστα
1190 948 1296 1001 ἀπὸ
1330 951 1428 1019 τῆς
1457 949 1763 1017 Αὐγούστου

207 1040 485 1109 βασιλείας
509 1041 843 1103 συνίσταται,
867 1040 961 1092 καὶ
989 1040 1124 1111 πρὸς
1150 1040 1292 1107 λέξιν
1315 1040 1762 1110 πεπληρωμένον,

208 1134 389 1203 πάσης
434 1133 531 1199 μὲν
583 1132 640 1199 ἐξ
694 1133 899 1185 ἐκείνου
952 1131 1341 1201 καταλυθείσης
1395 1131 1762 1203 πολυαρχίας,

204 1225 427 1295 εἰρήνης
454 1224 511 1276 δὲ
544 1223 612 1276 τὰ
645 1223 866 1277 πλεῖστα
898 1227 996 1294 τῆς
1043 1222 1363 1293 οἰκουμένης
1406 1223 1530 1296 ἔθνη
1578 1224 1763 1279 διαλα-

204 1316 425 1385 ϐούσης.
450 1315 545 1379 Τίς
570 1315 625 1368 δέ
659 1316 761 1386 πρὸ
782 1315 888 1368 τῶν
935 1313 1249 1385 Ῥωμαϊκῶν
1281 1313 1505 1386 χρόνων,
1539 1317 1629 1370 ἐπὶ
1656 1317 1763 1371 τῶν

204 1406 517 1479 Περσικῶν,
574 1406 606 1477 ἢ
664 1405 771 1458 τῶν
828 1406 1207 1459 Μακεδονικῶν
1264 1406 1499 1471 τοιοῦτος
1544 1408 1762 1477 γέγονεν

212 1500 478 1553 Ἰουδαίων
525 1498 770 1569 βασιλεὺς
791 1538 805 1560 ,
839 1498 914 1562 ὡς
952 1498 1110 1569 ἄρξαι
1164 1499 1324 1553 αὑτὸν
1356 1500 1464 1554 ἀπὸ
1492 1501 1763 1573 θαλάσσης

200 1592 311 1654 ἕως
341 1591 630 1662 θαλάσσης,
667 1591 759 1643 καί⁵
800 1591 907 1644 ἀπὸ
949 1591 1203 1661 ποταμῶν
1239 1590 1343 1655 ἓως
1389 1594 1639 1664 περάτων
1663 1597 1761 1665 τῆς

201 1682 555 1752 οἰκουμένηςς
584 1681 751 1735 Τοῦτο
772 1682 899 1750 γοῦν
930 1682 1198 1753 ἐδήλωσαν
1229 1683 1277 1735 οἰ
1304 1682 1478 1737 λοιποὶ
1499 1684 1761 1756 ἑρμηνευ-

1865 502 1985 542 cus.
2022 508 2040 539 ›
2074 488 2239 559 410
2264 487 2390 544 Haec
2422 488 2491 545 de
2520 489 2804 546 eversione
2832 494 2988 563 regiae
3018 493 3296 563 dignitatis
3323 495 3414 551 Ju-

1864 579 2034 635 daica:
2059 582 2239 651 gentis
2269 582 2524 653 praedicta
2555 589 2720 648 sunt,
2754 599 2861 654 qua
2893 586 3148 654 praedicta
3178 590 3420 643 eversio-

1864 686 1968 736 ne,
2005 688 2198 729 rursus
2232 688 2294 728 ea
2323 689 2442 744 qua:
2474 674 2540 728 ad
2575 689 2763 745 pacem
2811 677 3053 746 gentium
3098 680 3412 747 pertinent,

1864 772 2233 820 consentanea
2264 766 2331 822 iis
2372 781 2493 836 qua:
2535 766 2690 836 prius
2728 767 2974 837 exposita
3016 776 3180 834 sunt,
3216 769 3415 839 adjun-

1865 862 2067 924 guntur
2099 854 2204 910 hoc
2233 856 2394 911 modo
2427 876 2439 911 :
2480 874 2498 907 ι
2538 856 2601 909 Et
2644 857 2977 912 abundantia
3011 860 3160 928 pacis
3192 876 3257 914 ex
3287 875 3419 931 gen-

1862 946 2010 1000 tibus
2031 987 2047 1013 ,
2081 965 2100 998 ι
2134 961 2233 1016 pro
2261 962 2369 1017 quo
2397 948 2593 1018 Aquila
2627 957 2680 1003 et
2713 949 2909 1019 reliqui
2946 951 3265 1018 interpretes
3297 953 3418 1008 red-

1862 1036 2115 1092 diderunt
2144 1058 2158 1093 :
2196 1056 2215 1090 ι
2245 1038 2312 1093 Et
2372 1040 2624 1111 loquetur
2682 1054 2866 1110 pacem
2912 1042 3192 1113 gentibus,
3226 1064 3244 1096 ›
3274 1044 3417 1114 quod

1862 1128 2078 1198 quidem
2108 1130 2343 1187 maxime
2367 1132 2435 1187 ab
2470 1131 2699 1203 Augusti
2734 1132 2959 1202 imperio
2992 1143 3205 1190 constat
3235 1137 3316 1191 vel
3349 1137 3415 1191 ad

1870 1223 2098 1277 verbum
2139 1239 2262 1280 esse
2296 1226 2617 1296 completum
2640 1265 2656 1291 ,
2687 1241 2809 1281 cum
2849 1240 2913 1280 ex
2956 1226 3048 1279 illo
3083 1229 3261 1283 omnis
3292 1231 3415 1299 qui-

1861 1311 1981 1366 dem
2037 1313 2339 1384 principum
2381 1315 2673 1369 multitudo
2722 1314 3063 1385 disperierit,
3102 1332 3204 1385 pax
3237 1326 3415 1373 autem

1861 1402 2126 1473 plurimas
2174 1406 2324 1461 orbis
2369 1414 2560 1476 gentes
2598 1406 2875 1475 complexa
2922 1408 3011 1461 sit.
3067 1407 3201 1474 Quis
3253 1425 3417 1480 porro

1862 1502 1988 1549 ante
2019 1493 2265 1549 Romana
2310 1506 2550 1566 tempora
2583 1497 2664 1551 vel
2707 1495 2927 1551 Persico
2958 1500 3039 1554 vel
3072 1500 3417 1557 Macedonico

1862 1594 2042 1641 stante
2065 1588 2323 1657 imperio,
2352 1588 2474 1643 talis
2496 1589 2705 1644 exstitit
2731 1605 2826 1643 rex
2855 1588 3160 1645 Iudaeorum
3182 1631 3198 1656 ,
3232 1601 3289 1645 ut
3320 1593 3419 1647 do-

1862 1679 2101 1734 minatus
2132 1681 2202 1735 sit
2231 1695 2260 1733 a
2289 1682 2425 1735 mari
2456 1698 2627 1752 usque
2656 1682 2722 1736 ad
2751 1697 2931 1748 mare,
2964 1693 3017 1738 et
3046 1700 3072 1736 a
3103 1682 3417 1741 ﬂuminibus

204 1773 313 1826 ταί.
343 1773 400 1826 '0
450 1772 578 1841 γοῦν
628 1773 854 1837 ’Λκύλας
886 1752 1047 1844 φησί·
1089 1793 1107 1825 ι
1144 1775 1251 1827 Καὶ
1283 1774 1499 1846 λαλήσει
1531 1752 1760 1848 εἰρήνην

1865 1785 2040 1840 usque
2072 1771 2140 1825 ad
2172 1773 2435 1828 terminos
2464 1776 2612 1829 orbis
2647 1776 2853 1830 terrae?
2888 1777 3069 1846 itaque
3101 1776 3204 1831 hoc
3240 1778 3415 1847 signi-

203 1867 316 1927 τοῖς
337 1864 530 1928 ἔθνεσι,
565 1865 707 1936 καὶὴ
739 1866 953 1932 ἐξουσία
984 1867 1144 1920 αὑτοῦ
1184 1866 1291 1920 ἀπὸ
1328 1867 1597 1939 θαλάσσης
1618 1909 1632 1932 ,
1669 1871 1762 1923 καὶ

204 1958 312 2010 ἀπὸ
343 1957 585 2028 ποταμοῦ
612 1957 715 2022 ἕως
738 1960 985 2030 περάτων
1015 1963 1113 2031 τῆς
1134 1960 1482 2032 οἰκουμένης·
1514 1980 1532 2012 ι
1563 1954 1608 2029 ᾧ
1641 1979 1762 2015 συν-

203 2052 319 2121 ᾴδει
342 2052 433 2103 καί
458 2050 519 2104 τδ
552 2051 607 2103 ἐν
636 2050 1011 2123 ἑϐδομηκοστῷ
1060 2052 1257 2123 πρώτῳ
1284 2051 1479 2124 ψαλμῷ
1513 2054 1639 2123 περὶ
1664 2056 1757 2109 τοῦ

201 2145 267 2196 ἐκ
290 2144 599 2215 σπέρματος
630 2144 934 2215 Σολομῶνος
955 2145 1342 2216 γεννησομένου
1372 2146 1627 2217 Χριστοῦ,
1659 2142 1760 2202 ὧδέ

204 2252 282 2305 πη
298 2237 599 2307 εἰρημένον·
622 2255 639 2287 ι
663 2236 930 2290 ’Λνατελεί
947 2239 1002 2289 ἐν
1015 2238 1133 2299 ταῖς
1150 2223 1379 2309 ἡμέραις
1393 2238 1554 2291 αὑτοῦ
1570 2238 1762 2293 δικαιορ

205 2328 360 2397 σύνη,
380 2328 473 2381 καὶ
489 2328 689 2398 πλῆθος
704 2330 943 2401 εἰρήνης,
959 2328 1062 2391 ἕως
1079 2324 1138 2382 οὗ
1158 2331 1511 2402 ἀνταναιρεθῇ
1540 2334 1573 2402 ή
1606 2333 1762 2405 σελή-

202 2438 290 2491 νη,
305 2421 399 2473 καί
413 2420 825 2492 κατακυριεύσει
840 2420 946 2473 ἀπὸ
966 2420 1239 2491 θαλάσσης
1254 2422 1358 2485 ἕως
1374 2422 1760 2494 θαλάσσης,κα“ι

204 2511 310 2563 ἀπὸ
336 2511 581 2582 ποταμοῦ
618 2512 722 2575 ἓως
753 2512 999 2583 περάτων
1018 2515 1117 2583 τῆς
1146 2514 1498 2584 οἰκουμένης·
1536 2534 1555 2566 ι
1587 2515 1761 2570 ταῦτα

206 2603 310 2673 γὰρ
331 2603 565 2675 περὶτοῦ
585 2604 700 2656 υἱοῦ
716 2603 1025 2674 Σολομῶνος
1053 2604 1284 2673 ἐλέγετο,
1299 2606 1451 2659 οὐδὲν
1465 2606 1760 2679 λειπόμενα

204 2696 310 2748 τῶν
339 2697 399 2749 ἐν
428 2696 506 2767 τῷ
536 2697 784 2768 προφήτῃ
822 2697 1143 2768 εἰρημένων.
1179 2698 1304 2750 Πότ’
1330 2695 1422 2752 οῦν
1466 2699 1635 2753 ταῦτα
1666 2700 1759 2753 καί

206 2788 341 2850 πῶς,
369 2787 403 2858 ἦ
437 2788 572 2841 κατὰ
621 2789 804 2850 ποίους
843 2788 1063 2858 χρόνους
1094 2790 1331 2857 γέγονεν,
1365 2791 1394 2841 6
1445 2789 1759 2860 βουλόμενος

206 2878 648 2951 ἑρμηνευέτωοῆ
694 2879 821 2932 πότε
867 2879 1052 2932 ἄλλοτε
1107 2880 1240 2951 μετὰ
1294 2880 1391 2951 τήν
1439 2879 1543 2933 ὑπὸ
1588 2882 1760 2935 Βαϐυ-

204 2970 414 3033 λωνίοις
469 2970 772 3041 πολιορκίαν
814 2970 1059 3041 δεύτερον
1099 2972 1421 3043 ἐμπρησμὸν
1474 2972 1759 3043 ὑπέμεινεν

1862 1861 2092 1915 ﬁearunt
2133 1862 2327 1933 reliqui
2372 1865 2714 1936 interpretes.
2761 1868 2957 1937 Aquila
3002 1868 3144 1922 enim
3180 1869 3261 1923 sic
3291 1870 3413 1926 ait:

1867 1970 1885 2002 ι
1925 1953 1988 2006 Et
2029 1953 2279 2023 loquetur
2317 1972 2502 2026 pacem
2532 1960 2817 2029 gentibus,
2848 1968 2902 2013 et
2950 1969 3192 2029 potestas
3222 1962 3340 2031 ejus
3386 1977 3415 2015 a

1859 2043 1997 2098 mari
2044 2060 2217 2114 usque
2255 2048 2549 2116 ad.mare,
2598 2058 2651 2103 et
2694 2065 2724 2103 a
2768 2049 3085 2107 ﬂuminibus
3129 2070 3302 2125 usque
3349 2055 3414 2109 ad

1860 2136 2125 2191 terminos
2154 2136 2304 2191 orbis
2345 2147 2519 2193 terrae.
2554 2159 2573 2192 ι
2604 2141 2703 2195 Cui
2747 2143 3044 2198 concordat
3087 2146 3247 2200 etiam
3284 2146 3414 2201 illud

1859 2227 2004 2295 quod
2043 2228 2097 2281 in
2140 2242 2267 2281 uxr
2310 2228 2516 2298 psalmo
2548 2230 2614 2284 de
2643 2228 2862 2287 Christo
2891 2234 3124 2299 canitur,
3159 2236 3250 2306 qui
3299 2249 3415 2292 erat

1858 2316 1926 2373 de
1961 2318 2169 2374 semine
2212 2318 2520 2376 Salomonis
2570 2322 2848 2387 oriturus,
2900 2326 3042 2395 quod
3094 2328 3310 2396 quidem
3361 2334 3414 2387 in
3462 2362 3465 2367 π

1859 2410 2005 2465 hunc
2035 2411 2255 2466 modum
2302 2426 2361 2466 se
2392 2410 2597 2468 habet:
2634 2432 2652 2465 ι
2697 2413 2915 2470 Orietur
2959 2416 3012 2470 in
3054 2419 3243 2475 diebus
3298 2423 3417 2493 ejus

1854 2503 2099 2572 justitia,
2131 2512 2185 2558 et
2210 2503 2539 2558 abundantia
2569 2506 2915 2576 pacisdonec
2949 2509 3229 2566 auferatur
3265 2514 3415 2577 luna,

1858 2602 1912 2649 et
1942 2593 2313 2649 dominabitur
2340 2610 2371 2649 a
2405 2597 2543 2659 mari
2580 2613 2754 2667 usque
2801 2600 2869 2652 ad
2917 2616 3098 2664 mare,
3146 2612 3199 2657 et
3243 2620 3272 2657 a
3318 2606 3417 2660 ﬂu-

1860 2689 2008 2744 mine
2037 2705 2210 2759 usque
2238 2690 2305 2745 ad
2334 2692 2598 2747 terminos
2623 2694 2774 2749 orbis
2805 2703 2964 2751 terrae
2990 2699 3030 2753 ⁷.
3072 2715 3091 2748 ι
3120 2697 3243 2754 llasc
3271 2700 3415 2755 enim

1858 2781 1926 2837 de
1970 2783 2080 2838 ﬂlio
2126 2782 2433 2840 Salomonis
2474 2785 2620 2841 dicta
2665 2796 2794 2842 sunt
2835 2804 2955 2859 quae
2989 2790 3121 2844 nihil
3158 2791 3418 2847 diﬂ‘erunt

1858 2874 1927 2930 ab
1980 2876 2082 2941 iis,
2131 2892 2252 2947 quae
2301 2878 2445 2949 apud
2498 2878 2824 2950 Prophetam
2873 2883 3147 2953 leguntur.
3182 2883 3413 2949 Quando

1860 2966 2024 3036 igitur
2052 2968 2195 3034 haec,
2229 2969 2311 3023 vel
2336 2970 2639 3038 quomodo,
2671 2978 2763 3026 aut
2796 2974 2994 3042 quibus
3028 2975 3250 3031 tandem
3281 2983 3417 3031 temo

212 3058 585 3130 Ἰερουσαλὴμ,
612 3060 702 3113 καὶ
733 3061 761 3112 6
796 3060 852 3111 ἐν
885 3061 1021 3130 αὐτῇ
1051 3061 1354 3131 κατερρίφη
1391 3060 1540 3125 νεώς.
1576 3065 1639 3114 ’0
1668 3065 1758 3118 καὶ

1860 3058 2083 3126 poribus
2113 3060 2456 3124 exstiterint,
2494 3062 2539 3115 si
2579 3062 2702 3131 quis
2741 3074 2826 3118 est
2866 3065 2956 3134 qui
2999 3067 3202 3135 possit,
3245 3068 3415 3124 inter-

202 3151 536 3221 abtbﬂaﬁua
570 3151 708 3221 μέγα
736 3150 867 3221 ἔχει,
887 3150 962 3213 ὡς
981 3151 1194 3221 ᾐνίξατο
1220 3151 1248 3202 6
1271 3154 1550 3224 προφήτης
1570 3153 1755 3206 εἰπών·

204 3261 226 3297 ι
250 3243 540 3307 Διάνοιξον,
556 3245 582 3296 6
602 3243 848 3307 Λίϐανος,
870 3242 968 3306 τὰς
985 3242 1149 3312 θύρας
1170 3242 1284 3308 σου,
1300 3245 1391 3296 καὶ
1406 3246 1760 3315 καταφαγέτω

202 3336 314 3408 πῦρ
336 3336 435 3399 τὰς
470 3336 689 3405 κέδρους
717 3351 826 3389 σου.
868 3354 887 3387 ›
925 3335 1153 3389 Λίϐανον
1180 3336 1286 3407 γὰρ
1316 3336 1374 3388 ἐν
1403 3337 1610 3400 τούτοις
1636 3354 1759 3391 συν-

202 3429 349 3500 ήθως
384 3428 512 3481 αὐτὸ
542 3428 601 3480 τὸ
651 3428 793 3497 ἱερὸν
838 3428 1122 3498 ὀνομάζει’
1164 3430 1285 3481 ἐπεὶ
1328 3430 1420 3481 καὶ
1466 3429 1529 3482 δι’
1563 3431 1761 3500 ἐτέρων

203 3518 544 3591 προφητειῶν
576 3518 945 3572 ἀποδέδεικται
971 3518 1195 3582 Λίϐανος
1223 3519 1381 3582 αὐτὸς
1410 3521 1438 3572 6
1479 3519 1613 3582 νεὼς
1642 3523 1761 3573 ἐπι-

202 3611 553 3681 κεκλημένος.
604 3609 773 3663 Τοῦτο
816 3609 872 3662 δὲ
910 3610 1004 3662 xa‘t
1047 3609 1201 3662 αὐτοὶ
1255 3610 1441 3673 παῖδες
1498 3609 1759 3664 Ἰουδαίων

202 3703 372 3755 εἰσέτι
418 3700 511 3753 νῦν
560 3699 940 3771 ὁμολογοῦσιν
976 3702 1098 3752 ἐπεὶ
1142 3700 1237 3752 καὶ
1280 3700 1504 3763 Ἡσαΐας
1548 3701 1759 3773 ἐμφερῆ

201 3794 279 3864 τῷ
310 3794 448 3864 μετὰ
489 3796 673 3863 χεῖρας
719 3794 970 3864 προφήτῃ
998 3791 1263 3855 θεσπίζων
1305 3792 1534 3863 ἐφήσεψ
1567 3811 1585 3843 ι
1633 3793 1759 3846 Ἰδοὺ

204 3884 408 3953 Κύριος
467 3881 684 3934 Σαϐαὼθ
743 3880 1096 3951 συνταράσσει
1143 3881 1268 3943 τοὺς
1329 3880 1569 3948 ἐνδόξους
1625 3882 1760 3953 μετὰ

206 3976 421 4045 ἰσχύος,
463 3975 555 4027 καὶ
586 3975 634 4027 οἰ
667 3973 855 4044 ὑψηλοί
884 3976 949 4044 τῇ
1006 3971 1157 4045 ῦϐρει
1192 3974 1650 4045 συντριϐήσονται.
1704 3975 1760 4027 Ὀ

201 4066 259 4119 δέ
286 4065 515 4129 Λίϐανος
537 4067 631 4118 σὺν
653 4067 765 4128 τοῖς
797 4063 1015 4134 ὑψηλοῖς
1036 4067 1298 4130 πεσεῖται,
1319 4065 1411 4117 καὶ
1427 4065 1759 4129 ἐξελεύσεται

206 4157 399 4231 ῥάϐδος
431 4158 498 4212 ὲκ
522 4161 620 4230 τῆς
642 4157 793 4229 ῥίζης
835 4157 1048 4220 Ἰεσσαὶ,
1074 4157 1166 4209 καὶ
1209 4156 1366 4221 ἄνθος
1392 4160 1455 4211 ὲκ
1480 4158 1579 4229 τῆς
1607 4159 1760 4231 ῥίζης

203 4250 554 4322 ἀναϐήσεται,
578 4251 671 4304 καὶ
693 4249 1130 4303 ἐπαναπαύσεται
1151 4250 1236 4302 ἐπ’
1254 4249 1411 4302 αὑτὸν
1436 4250 1648 4320 πνεῦμα
1664 4249 1758 4303 τοῦ

202 4343 341 4397 Θεοῦ
366 4362 412 4396 ο»
440 4338 518 4407 οἷς
530 4342 763 4412 ἐπιλέγει
782 4359 795 4373 ·
834 4364 851 4393 ι
880 4344 987 4396 Καὶ
1015 4342 1161 4395 ἔσται
1187 4344 1219 4412 ή
1264 4343 1386 4413 ῥίζα
1414 4342 1508 4395 τοῦ
1544 4343 1757 4407 Ἰεσσαὶ,

1858 3156 2121 3217 pretetur.
2161 3154 2270 3204 Aut
2301 3166 2537 3221 quonam
2591 3154 2698 3208 alio
2743 3163 2983 3225 tempore
3020 3167 3143 3228 post
3186 3159 3416 3231 Babylo-

1858 3240 2036 3294 nieam
2066 3241 2403 3298 obsidionem
2421 3283 2436 3308 ,
2464 3246 2693 3300 alterum
2721 3263 2978 3318 perpessa
3006 3251 3077 3306 sit
3101 3252 3412 3307 incendium

1856 3329 2192 3395 Jerusalem,
2240 3341 2294 3387 et
2336 3335 2480 3404 quod
2524 3335 2579 3390 in
2623 3337 2738 3407 ipsa
2776 3342 3038 3411 templum
3082 3353 3234 3412 erat,
3265 3345 3416 3414 deje-

1858 3433 2005 3479 ctum
2038 3426 2130 3481 sit.
2158 3424 2312 3492 Quod
2342 3429 2502 3482 etiam
2531 3430 2704 3499 ipsum
2731 3448 2981 3504 magnam
3008 3435 3161 3491 aﬂ‘ert
3184 3438 3419 3493 admira-

1858 3516 2059 3573 tionem
2080 3561 2096 3585 ,
2131 3520 2584 3589 quemadmodum
2614 3524 2873 3594 propheta
2912 3528 2963 3581 id
2992 3529 3411 3599 signiﬁcaverit,

1859 3609 2047 3665 dicens
2077 3629 2090 3665 :
2120 3629 2138 3662 ι
2164 3612 2360 3682 Aperi,
2392 3611 2594 3669 Libane
2614 3654 2630 3680 ,
2666 3623 2851 3685 portas
2882 3625 3004 3675 tuas
3025 3660 3040 3682 ,
3076 3628 3130 3676 et
3171 3624 3416 3679 comedat

1859 3700 2000 3771 ignis
2027 3702 2221 3758 cedros
2268 3711 2411 3758 tuas.
2450 3723 2468 3756 ι
2499 3703 2632 3759 Nam
2687 3705 2950 3762 Libanum
3001 3710 3054 3764 in
3104 3712 3188 3768 his
3238 3715 3415 3771 verbis

1859 3808 2012 3848 more
2034 3809 2135 3849 suo
2157 3795 2413 3864 templum
2438 3796 2612 3867 ipsum
2635 3798 2914 3853 nominat:
2941 3801 3193 3870 quoniam
3217 3804 3268 3858 in
3294 3806 3415 3862 aliis

1858 3898 2080 3954 quoque
2128 3884 2428 3955 prophetiis
2472 3894 2751 3943 ostensum
2784 3895 2903 3953 est,
2938 3888 3202 3949 Libanum
3238 3894 3414 3964 ipsum

1862 3976 2124 4046 templum
2150 3977 2354 4031 vocari.
2385 3976 2442 4031 ld
2472 3986 2651 4034 autem
2675 3979 2778 4049 ipsi
2806 3995 3020 4051 quoque
3041 3980 3210 4037 Judaei
3239 3984 3415 4040 adhuc

1860 4067 2210 4129 conﬁtentur.
2261 4068 2697 4138 quandoquidem
2729 4070 2899 4128 Isaias
2929 4073 3057 4127 huic
3100 4075 3412 4145 prophetae,

1858 4158 1951 4229 qui
1982 4173 2126 4213 nunc
2144 4167 2433 4221 tractatur,
2465 4159 2665 4214 similia
2678 4176 2878 4217 canens
2906 4161 3043 4218 dixit
3067 4184 3080 4219 :
3104 4184 3121 4215 ι
3146 4164 3284 4221 Ecce
3309 4165 3416 4221 Do~

1858 4251 2040 4306 minus
2073 4250 2311 4306 Sabaoth
2342 4253 2689 4308 conturbabit
2715 4254 2983 4325 gloriosos
3015 4271 3138 4311 cum
3182 4258 3413 4323 robore,

1858 4349 1913 4399 et
1952 4342 2152 4399 excelsi
2206 4344 2533 4399 contumelia
2567 4351 2937 4401 conterentur.
2971 4346 3208 4403 Libanus
3235 4356 3411 4404 autem

203 4437 298 4488 καὶ
343 4437 371 4487 6
425 4435 776 4505 ἀνιστάμενος
807 4435 990 4506 ἄρχειν
1041 4435 1247 4499 ἐθνῶν,
1307 4437 1391 4487 ἐπ’
1437 4434 1582 4505 αύτῷ
1633 4434 1755 4505 ἔθνη

1861 4450 1983 4488 cum
2022 4436 2252 4491 excelsis
2292 4437 2481 4499 cadet,
2527 4443 2580 4491 et
2619 4437 2924 4506 egredietur
2956 4439 3104 4509 virga
3137 4439 3203 4495 de
3233 4441 3414 4496 radice

202 4526 468 4580 ἱελπιοῦσι.
494 4546 511 4578 ι
544 4527 653 4580 Καὶ
684 4527 912 4579 ἐνταῦθα
950 4527 1058 4599 γὰρ
1092 4526 1227 4598 ὁμοῦ
1254 4530 1319 4597 τῇ
1353 4529 1416 4580 ἐκ
1452 4528 1762 4598 σπέρματος

214 4619 412 4671 Ἰεσσαὶ
437 4617 527 4670 καὶ
544 4617 701 4670 Δαϐἰδ
727 4619 935 4687 γενέσει
951 4618 1042 4671 τοῦ
1075 4617 1332 4689 Χριστοῦ,
1369 4617 1599 4670 Λιϐάνου
1628 4616 1759 4670 καθ-

202 4711 413 4779 αίρεσις
455 4711 548 4762 καὶ
580 4708 745 4763 ἐθνῶν
775 4710 965 4781 κλῆσις
999 4709 1281 4780 συνῆπται.
1314 4708 1541 4762 Λίϐανον
1564 4708 1623 4761 δὲ
1652 4708 1748 4778 τὴν

176 4797 572 4869 ,Ἰερουσαλήμ
620 4798 908 4869 διαρῥήδην
957 4801 985 4851 6
1037 4800 1129 4851 καὶ
1191 4799 1446 4870 ’Ῑεζεκιὴλ
1512 4800 1760 4869 σημαίνει

200 4891 411 4958 λέγων’
456 4908 476 4941 ι
521 4891 577 4943 '0
618 4891 772 4954 ἀετὸς
801 4893 829 4944 6
863 4889 1062 4961 μέγας,
1103 4892 1131 4943 6
1181 4891 1687 4962 μεγαλοπτέρυγος,
1734 4894 1763 4944 6

203 4983 345 5053 ἔχων
372 4981 433 5034 τὸ
458 4983 648 5053 ἦγημα
686 4981 943 5035 εἰσελθεῖν
979 4983 1059 5045 εἰς
1094 4982 1183 5035 τὸν
1224 4982 1484 5046 Λίϐανον,
1523 4982 1613 5035 καὶ
1656 4983 1760 5037 ἀπ-

206 5076 396 5146 έκρισε
428 5073 495 5127 τὰ
528 5073 707 5128 ἁπαλὰ
738 5075 835 5146 τῆς
863 5075 1074 5147 κέδρου.
1115 5094 1134 5126 ι
1162 5073 1347 5128 Ταῦτα
1380 5073 1509 5143 γοῦν
1541 5075 1569 5126 6
1601 5072 1759 5136 αὐτὸς

201 5166 335 5236 ἑξῆς
370 5166 642 5234 διασαφῶν
669 5165 938 5235 ἐπιλέγει·
972 5187 990 5217 ι
1017 5168 1130 5219 “Οτ’
1164 5166 1229 5220 ἂν
1271 5165 1398 5237 ἐλθῃ
1427 5164 1758 5234 Ναϐουχοδο-

200 5260 366 5330 ’.οὸσορ
413 5258 502 5310 ἐπὶ
556 5258 940 5330 Ἰερουσαλὴμ,
996 5259 1088 5311 καὶ
1152 5257 1290 5330 λάϐῃ
1314 5257 1437 5320 τοὺς
1496 5257 1757 5328 ἄρχοντας

200 5350 395 5419 αὐτῆς,
423 5369 440 5400 ι
483 5350 671 5403 καὶτὰ
713 5351 856 5420 ἑξῆς.
906 5348 1063 5403 Ἀλλὰ
1096 5348 1268 5401 ταῦτα
1304 5350 1402 5420 μὲν
1435 5351 1463 5402 6
1506 5349 1757 5420 Ἰεζεκιὴλ

200 5442 335 5513 περὶ
365 5440 463 5511 τῆς
497 5440 713 5512 πρώτης
747 5440 932 5511 ἐδήλου
967 5439 1297 5510 πολιορκίας,
1335 5439 1451 5508 μεθ’
1480 5439 1546 5509 ἣν
1583 5440 1612 5491 6
1649 5441 1755 5492 Za-

199 5532 398 5605 χαρίας
432 5534 673 5603 περὶτῆς
701 5533 953 5603 δευτέρας
988 5530 1250 5596 θεσπίζει.
1276 5531 1409 5583 Πότε
1441 5531 1592 5595 οὗτος
1622 5532 1757 5601 μετὰ

275 5714 296 5743 ⁷
336 5712 480 5767 Psal.
517 5728 674 5778 ιιιι,
708 5711 761 5775 7,
801 5713 854 5767 8.
935 5713 957 5743 '
996 5711 1099 5766 lsa.
1132 5727 1220 5776 xi,
1261 5710 1309 5776 l,
1338 5711 1393 5763 2.
1469 5714 1490 5743 ⁹
1532 5710 1657 5765 ibid.
1698 5709 1779 5765 lO.

1851 4526 2027 4593 Jesse,
2049 4536 2103 4582 et
2126 4528 2225 4583 ﬂos
2251 4527 2317 4582 de
2348 4527 2531 4582 radice
2552 4530 2830 4593 ascendet,
2853 4541 2906 4587 et
2928 4532 3233 4601 requiescet
3254 4548 3414 4603 super

1853 4635 1978 4673 eum
2002 4620 2229 4690 spiritus
2258 4618 2351 4674 Dei
2374 4619 2417 4685 ⁸;
2442 4637 2460 4670 ι
2483 4617 2683 4688 quibus
2701 4620 2944 4691 adjungit
2970 4641 2982 4675 :
3005 4640 3022 4672 ι
3047 4621 3107 4675 Et
3128 4622 3232 4677 erit
3259 4623 3413 4676 radix

1853 4710 2047 4774 Jesse,
2089 4718 2146 4765 et
2184 4711 2277 4780 qui
2326 4713 2501 4781 surgit
2543 4720 2600 4766 ut
2645 4712 2867 4782 imperet
2896 4713 3176 4783 gentibus,
3208 4713 3260 4766 in
3296 4713 3413 4782 ipso

1854 4803 2012 4875 411
2038 4811 2227 4874 gentes
2256 4805 2609 4873 sperabunt”.
2642 4824 2662 4857 ι
2699 4803 2908 4860 Etenim
2942 4805 3029 4861 hic
3058 4819 3273 4875 quoque
3306 4821 3411 4859 una

1854 4909 1981 4948 cum
2012 4899 2133 4947 ortu
2161 4891 2364 4948 Christi
2390 4891 2457 4948 de
2496 4894 2703 4950 semine
2729 4892 2885 4949 Jesse
2912 4902 2967 4948 et
2997 4891 3187 4958 David,
3224 4890 3408 4946 Libani

1861 4984 2073 5040 eversio
2102 4990 2157 5039 et
2186 4983 2425 5053 gentium
2456 4984 2668 5039 vocatio
2693 4982 2984 5053 conjuncta
3011 4990 3113 5038 est.
3147 4982 3409 5037 Libanum

1862 5084 2041 5129 autem
2084 5075 2255 5145 ipsam
2301 5072 2602 5130 Jerusalem
2648 5074 2916 5143 intelligi,
2965 5072 3212 5129 Ezechiel
3256 5073 3413 5142 plane

1862 5166 2132 5236 significat
2158 5164 2244 5219 his
2288 5165 2507 5221 verbis:
2542 5186 2561 5216 ι
2592 5164 2789 5235 Aquila
2826 5164 3048 5234 grandis
3095 5177 3410 5233 magnarum

1860 5260 2091 5324 alarum,
2115 5273 2235 5327 quae
2256 5257 2419 5313 habet
2454 5260 2835 5312 auctoritatem
2870 5255 3208 5326 ingrediendi
3242 5256 3297 5308 in
3324 5253 3411 5308 Li-

1856 5348 2079 5411 banum,
2119 5354 2174 5401 et
2211 5346 2406 5401 evulsit
2455 5355 2642 5402 tenera
2684 5346 2829 5402 cedri
2860 5346 2923 5400 ¹⁰.
2961 5364 2980 5397 ι
3020 5344 3085 5397 Et
3132 5344 3244 5398 haec
3295 5344 3409 5412 ipsa

1856 5438 2111 5509 deinceps
2131 5438 2429 5509 explanans
2451 5436 2589 5493 idem
2617 5438 2897 5509 propheta,
2925 5435 3169 5508 adjungit
3192 5454 3205 5490 :
3228 5453 3249 5487 ι
3277 5434 3419 5489 Cum

1861 5532 2073 5587 venerit
2104 5530 2611 5586 Nabuchodonosor
2662 5530 2717 5585 in
2750 5529 3075 5596 Jerusalem,
3106 5535 3160 5586 et
3191 5544 3419 5599 accepta»

1860 5711 1901 5742 ‘°
1942 5709 2134 5766 list-ch.
2172 5727 2313 5777 xvii,
2347 5710 2402 5767 5.
