3922 6200
562 244 666 300 643

1187 239 1456 298 EUSEBH
1490 237 1974 298 CJESARIENSIS
2006 240 2159 298 OPP.
2198 237 2380 296 PARS
2415 239 2480 295 ll.
2519 271 2590 282 —
2621 238 3118 298 APOLOGETICA.

3680 240 3774 297 6M

559 361 633 416 rit
663 359 914 430 princeps
951 356 1152 427 ejus",
1186 375 1205 409 ι
1237 367 1292 412 et
1311 372 1435 428 qua:
1466 366 1790 430 sequuntur.
1834 360 2096 416 Caeterum

2197 416 2199 423 λ
2225 360 2350 425 τοὺς
2369 359 2634 431 Ζαχαρίου
2658 360 2881 431 χρόνους
2904 358 2997 410 ἐπὶ
3027 357 3125 428 τῆς
3149 355 3477 410 Μακεδόνων
3513 354 3772 426 βασιλείας

559 451 805 506 Ezechiel
818 448 1035 518 quidem
1058 448 1170 502 haec
1191 447 1258 502 de
1271 449 1446 518 prima
1469 448 1778 506 Jerusalem
1832 449 2121 506 obsidione

558 543 804 615 praedixit
833 561 846 596 :
881 548 1004 612 post
1040 541 1197 612 cujus
1237 541 1540 598 obsidionis
1581 551 1795 614 tempus
1829 543 2122 600 Zacharias

2223 453 2549 528 ἐμπρησμὸν
2574 453 2862 526 ὑπέμεινεν
2897 453 2925 504 6
2952 448 3117 514 νεώς;
3150 447 3264 502 ἀλλ’
3289 449 3388 502 οὐκ
3419 447 3563 502 ἐστιν
3590 441 3785 501 εἰπεῖν.’

2220 543 2376 598 Μετὰ
2411 544 2522 615 γὰρ
2570 542 2668 615 τὴν
2712 543 2818 596 ὑπὸ
2868 540 3222 595 Βαὸυλωνίων
3273 540 3630 612 πυρπόλησιν,
3673 539 3771 592 οὐδ’

556 635 625 690 de
671 634 908 688 secunda
946 633 1174 688 divinat.
1217 634 1444 700 Quando
1489 637 1655 705 igitur
1695 643 1817 706 post
1848 635 2096 690 Zacharia

2219 632 2406 688 ἄλλοτε
2452 633 2704 705 δευτέραν
2757 633 2790 705 ἢ
2831 632 2972 686 κατὰ
3032 633 3186 685 Τῖτον
3231 633 3326 685 καὶ
3384 627 3783 686 Οὐεσπασιανὸν

555 737 817 796 tempora,
852 727 954 782 sub
990 727 1216 798 imperio
1243 726 1596 782 Macedonum
1625 728 1888 798 templum
1934 728 2120 784 incen-

554 833 674 872 sum
715 818 1015 874 est?'certe
1059 833 1358 888 nunquam.
1407 818 1685 888 Siquidem
1718 829 1844 889 post
1889 818 2119 890 Babylo-

553 909 769 964 niorum
803 910 1278 981 depopulationem
1325 918 1487 982 atque
1535 911 1866 979 incendium,
1912 912 2115 966 nullam

554 1001 694 1072 ignis
712 1009 936 1057 alteram
957 1004 1310 1058 vastationem
1326 1019 1564 1074 unquam
1589 1019 1843 1074 perpessa
1867 1014 1950 1060 est
1964 1004 2116 1070 urbs,

551 1091 656 1145 nisi
684 1092 788 1146 sub
815 1090 1155 1163 Vespasiano
1179 1108 1242 1148 ac
1272 1092 1396 1148 Tito
1420 1093 1789 1150 Romanorum
1822 1097 2116 1166 imperato-

549 1183 721 1247 ribus,
755 1185 825 1238 ob
872 1200 1033 1254 quam
1069 1201 1200 1241 sane
1244 1188 1609 1242 vastationem
1654 1204 1851 1243 rursus
1881 1189 2114 1244 obscure

547 1282 601 1328 et
633 1291 730 1345 per
763 1275 964 1346 ﬁguras
1001 1291 1117 1339 eos,
1151 1277 1244 1346 qui
1290 1278 1419 1332 olim
1461 1279 1608 1347 genti
1653 1279 2014 1349 imperabant,
2046 1280 2114 1334 ad

547 1367 950 1437 deplorationes
975 1375 1028 1424 e‘t
1049 1369 1290 1423 lamenta
1319 1370 1512 1424 invitat
1540 1371 1845 1437 oraculum,
1881 1371 2070 1427 dicens
2096 1387 2109 1424 :

553 1478 571 1508 ι
607 1457 786 1514 Ululet
830 1460 1024 1529 pinus,
1057 1461 1314 1529 quoniam
1351 1461 1548 1516 cecidit
1587 1462 1819 1528 cedrus,
1855 1464 2110 1532 quoniam

544 1565 872 1620 magnopere
910 1551 1179 1620 magniﬁci
1220 1550 1400 1605 amicti
1427 1560 1554 1607 sunt
1585 1569 1598 1604 :
1634 1554 1856 1618 ululate,
1877 1569 2112 1624 quercus

543 1643 894 1708 Basanitidis,
917 1645 1176 1714 quoniam
1208 1645 1506 1700 convulsus
1532 1653 1616 1702 est
1635 1647 1805 1703 saltus
1835 1649 2102 1711 consitus,

2230 727 2513 798 Ῥωμαίων
2569 727 3001 798 αὐτοκράτορας,
3043 725 3142 794 τὴν
3178 724 3265 778 διὰ
3311 725 3484 794 πυρὸς
3525 725 3771 796 ὑπέμεινε

2219 815 2442 888 φθορὰν,
2461 816 2545 885 ἐφ’
2625 816 2786 869 πάλιν
2813 815 2900 868 διὰ
2921 813 3238 885 αἰνίγματος
3263 815 3389 877 τοὺς
3411 814 3580 868 πάλαι
3604 816 3773 884 ἄρχον-

2215 923 2312 969 τας
2337 905 2430 959 τοῦ
2463 905 2648 970 ἔθνους
2676 907 2768 958 ἐπὶ
2794 905 3021 976 θρήνους
3046 905 3138 958 καὶ
3162 905 3503 976 ὀλοφυρμοὺς
3525 906 3772 960 ἀνακαλεί

2217 999 2438 1067 φάσκων
2473 1000 2502 1050 6
2523 998 2710 1068 λόγος·
2746 1018 2764 1049 ι
2802 997 3131 1066 Ὀλολυξάτω
3158 998 3341 1062 πίτυς,
3363 998 3493 1052 διότι
3525 1000 3771 1054 πέπτωκε

2215 1090 2404 1163 κέδρος
2426 1130 2442 1155 ,
2501 1092 2582 1144 ὃτι
2636 1090 2884 1162 μεγάλως
2940 1092 3261 1162 μεγιστᾶνες
3312 1090 3768 1164 ἐταλαιπώρησαν.

2227 1181 2561 1249 Ὀλολύξατε,
2593 1183 2752 1252 δρύες
2773 1183 2870 1254 τῆς
2903 1183 3263 1248 Βασανίτιδος,
3304 1185 3385 1236 ὅτι
3425 1185 3771 1256 κατεσπάσθη

2214 1275 2242 1327 6
2263 1275 2463 1346 δρυμὸς
2491 1276 2519 1328 6
2560 1273 2837 1345 σύμφυτος
2855 1290 2868 1303 ⁸
2893 1273 3043 1345 φωνὴ
3084 1273 3424 1347 θρηνούντων
3474 1275 3770 1345 ποιμένων,

2213 1366 2294 1420 ὅτι
2340 1364 2816 1437 τεταλαιπώρηκεν
2867 1366 2899 1435 ἡ
2949 1363 3299 1434 μεγαλωσύνη
3347 1365 3546 1418 αὐτῶν.
3591 1383 3611 1415 ι
3653 1365 3769 1418 Τότε

2212 1457 2342 1526 γοῦν
2369 1458 2462 1510 καὶ
2493 1457 2772 1528 γέγονενή
2805 1456 3157 1528 Ἰερουσαλὴμ
3176 1457 3251 1519 ὠς
3284 1455 3532 1527 πρόθυρα
3566 1455 3770 1508 σαλευό-

2215 1568 2349 1622 μενα
2382 1552 2516 1606 πᾶσι
2548 1553 2658 1614 τοῖς
2689 1549 2837 1613 λαοῖς
2859 1549 3062 1620 κύκλῳ,
3099 1550 3191 1602 καὶ
3220 1549 3277 1600 ὲν
3304 1550 3368 1618 τῇ
3423 1547 3657 1618 Ἰουδαία
3690 1546 3771 1615 γέο

2210 1661 2334 1713 γονε
2382 1641 2628 1716 περιοχὴ,
2662 1643 2690 1696 ὃ
2734 1659 2793 1694 τε
2837 1641 3218 1713 νενομισμένος
3257 1640 3437 1702 αὐτοῖς
3483 1639 3642 1706 am;
3685 1639 3764 1690 καὶ

542 1753 645 1792 vox
685 1737 1095 1791 lamentantium
1141 1742 1445 1806 pastorum,
1493 1738 1750 1807 quoniam
1782 1737 1987 1808 Iaﬂlicta
2019 1747 2096 1794 est

2207 1737 2252 1788 ἰε
2262 1735 2348 1807 ρὸς
2372 1734 2556 1801 τόπος,
2577 1733 2743 1786 εἰσέτι
2771 1733 2866 1786 καὶ
2887 1733 3126 1803 σήμερον
3159 1731 3303 1794 λίθος
3325 1729 3586 1800 τυγχάνει
3611 1745 3763 1781 κατα-

541 1828 953 1898 magnificentia
983 1843 1195 1884 eorum.
1240 1847 1258 1879 ι
1297 1827 1452 1884 Tunc
1481 1845 1614 1885 sane
1658 1827 1803 1884 facta
1834 1839 1918 1885 est
1949 1830 2108 1885 Jeru-

541 1917 707 1972 salem
740 1917 896 1986 quasi
930 1919 1195 1973 veStibula
1225 1935 1348 1989 quae
1379 1921 1700 1989 quatiuntur
1727 1921 1981 1978 omnibus
2007 1938 2104 1992 po-

541 2006 682 2074 pulis
706 2006 760 2060 in
789 2007 1044 2072 circuitu,
1076 2015 1130 2062 et
1159 2007 1213 2060 in
1243 2006 1428 2063 Iudaea
1453 2009 1597 2064 facta
1617 2017 1710 2065 est
1737 2012 1966 2066 munitio
1995 2027 2108 2066 am-

539 2098 714 2164 biens,
747 2106 799 2153 et
836 2099 909 2153 ab
956 2099 1040 2154 eis
1086 2109 1472 2156 sacrosanctus
1520 2089 1863 2158 existimatus
1915 2103 2104 2169 locus,

537 2207 710 2261 usque
765 2191 820 2245 in
850 2191 1174 2247 hodiernum
1211 2195 1355 2250 diem
1403 2193 1544 2264 lapis
1576 2194 1813 2258 exsistit,
1849 2196 1943 2266 qui
1975 2211 2105 2250 con-

537 2283 788 2336 culcatur
815 2282 882 2337 ab
930 2285 1188 2339 omnibus
1221 2284 1502 2356 gentibus,
1530 2291 1585 2340 et
1611 2285 1924 2355 quicunque
1953 2285 2105 2340 illum

537 2373 822 2428 conculcat
853 2373 1088 2430 illudens
1111 2374 1389 2444 illudetnr,
1419 2375 1562 2431 sicut
1599 2376 1880 2446 prophetia
1908 2375 2106 2446 praedi-

535 2473 705 2520 xerat.
739 2463 881 2531 Quin
918 2465 1080 2519 etiam
1117 2473 1406 2536 propterea
1435 2465 1582 2537 quod
1612 2467 1690 2519 illi
1723 2466 1972 2532 Domino,
2009 2467 2105 2538 qui

533 2555 650 2609 hac
681 2555 976 2623 cecinerat,
997 2557 1417 2620 insultaverunt,
1448 2571 1558 2611 non
1590 2556 1787 2611 defecit
1808 2573 1902 2614 eos
1929 2573 2104 2629 neque

533 2647 804 2716 planctus,
833 2662 1007 2715 neque
1027 2647 1226 2710 luctus,
1258 2663 1434 2717 neque
1455 2647 1792 2703 lamentatio.
1816 2647 2102 2719 Nunquam

534 2737 702 2806 igitur
743 2737 878 2791 alias
919 2737 1028 2791 nisi
1070 2745 1194 2808 post
1243 2736 1546 2793 Salvatoris
1589 2740 1762 2794 nostri
1812 2739 2100 2795 adventum

533 2845 708 2898 usque
746 2828 819 2882 ad
847 2829 988 2884 hanc
1018 2838 1420 2902 tempestatem,
1452 2846 1646 2886 omnes
1690 2832 1866 2888 tribus
1889 2830 2102 2888 Iudaeo-

533 2937 656 2975 rum
723 2922 1019 2993 quidquam
1075 2923 1462 2980 lamentatione
1521 2925 1810 2994 planctuve
1874 2925 2097 2996 dignum

2207 1826 2542 1898 πατούμενος
2569 1828 2702 1880 πᾶσι
2729 1828 2843 1888 τοῖς
2872 1823 3069 1889 ἔθνεσι,
3110 1823 3203 1876 καὶ
3230 1824 3338 1887 πᾶς
3381 1825 3409 1876 6
3448 1821 3763 1876 καταπατῶν

2206 1919 2374 1990 αὐτὴν
2402 1917 2684 1990 ὲμπαίζων
2730 1916 3089 1988 ὲμπαίξεται,
3134 1914 3440 1979 ἀκολούθως
3464 1917 3533 1984 τῇ
3569 1930 3762 1984 προφη-

2205 2013 2344 2085 τείᾳ.
2387 2009 2548 2065 Ἀλλὰ
2577 2001 2686 2064 ’καὶ
2717 2009 2834 2064 ἀνθ’
2877 2003 2950 2061 ὧν
2997 2009 3420 2081 κατωρχήσαντο
3458 2004 3556 2059 τοῦ
3605 2005 3765 2059 ταῦτα

2207 2104 2558 2168 θεσπίσαντος
2593 2103 2820 2175 Κυρίου,
2851 2102 2910 2157 οὐ
2938 2101 3273 2155 διαλέλοιπεν
3312 2100 3508 2162 αὐτοὺς
3547 2097 3763 2160 κοπετδς

2205 2198 2299 2250 καὶ
2324 2197 2557 2268 ὀδυρμὸς
2587 2197 2680 2249 καὶ
2712 2194 2927 2266 θρῆνος.
2974 2194 3050 2246 Οὐ
3099 2191 3317 2247 πώποτε
3354 2190 3483 2260 γοῦν
3524 2189 3761 2258 άλλοτεῆ

2209 2288 2343 2360 μετὰ
2375 2288 2472 2360 τὴν
2495 2287 2589 2340 τοῦ
2623 2287 2873 2358 Σωτῆρος
2899 2285 3054 2357 ἡμῶν
3075 2284 3398 2356 παρουσίαν,
3430 2284 3525 2336 καὶ
3563 2284 3644 2345 εἰς
3678 2283 3758 2334 τὸν

2205 2379 2323 2432 καθ’
2367 2380 2514 2450 ἡμᾶς
2559 2378 2745 2449 χρόνον
2768 2416 2784 2442 ,
2833 2378 3005 2431 πᾶσαι
3043 2377 3100 2431 αἱ
3146 2375 3308 2446 φυλαὶ
3346 2373 3441 2427 τοῦ
3505 2373 3761 2426 Ἰουδαίων

2203 2471 2388 2534 ἔθνους
2417 2467 2627 2542 θρήνων
2661 2469 2753 2522 καὶ
2786 2467 3030 2522 κοπετῶν
3061 2457 3188 2534 ἄξια
3219 2465 3522 2520 πεπόνθασι
3559 2464 3644 2518 διὰ

2202 2561 2610 2616 καταλαϐοῦσαν
2643 2561 2840 2624 αὐτοὺς
2870 2561 2936 2613 ὲκ
2961 2557 3094 2612 Θεοῦ
3125 2558 3357 2629 πληγὴν,
3388 2557 3476 2626 ὑφ’
3509 2551 3580 2630 ἦς
3615 2557 3757 2626 καὶή

2205 2653 2530 2726 μητρόπολις
2557 2651 2732 2706 αὐτῶν
2757 2650 3070 2720 ἀλλοφύλοις
3096 2649 3301 2702 ἔθνεσιν
3316 2647 3558 2718 ἐξεδόθη,
3585 2648 3677 2700 καὶ
3703 2645 3756 2698 τὸ

2205 2742 2346 2814 ἱερὸν
2379 2741 2716 2812 κατεσκάφη,
2751 2739 2903 2794 αὐτοί
2927 2755 2988 2792 τε
3016 2740 3115 2809 τῆς
3163 2737 3298 2800 ἰδίας
3341 2737 3526 2808 χώρας
3565 2735 3756 2805 ἀπελή-

2200 2832 2378 2896 λαντο,
2400 2835 2458 2887 ὲν
2487 2835 2554 2904 τῇ
2593 2830 2827 2902 πολεμίᾳ
2854 2828 3066 2900 ἐχθροῖς
3091 2826 3430 2890 δουλεύοντες
3451 2843 3465 2856 ο
3501 2820 3578 2880 ὧν
3607 2826 3756 2878 ἕνεκα

2199 2927 2307 2990 πᾶς
2335 2925 2364 2978 ὁ
2389 2920 2534 2988 οἰκος
2554 2922 2752 2986 αὐτῶν,
2783 2924 2876 2976 καὶ
2912 2923 3062 2975 πᾶσα
3079 2919 3223 2991 ψυχὴ
3257 2917 3435 2972 αὐτῶν
3463 2918 3633 2971 εἰσέτι
3670 2916 3758 2970 καὶ

532 3027 708 3083 passae
739 3019 886 3077 sunt,
919 3021 1137 3084 propter
1167 3014 1378 3084 plagam
1408 3029 1530 3084 quae
1564 3014 1714 3084 ipsos
1737 3013 1845 3069 Deo
1870 3013 2096 3071 feriente

2200 3019 2436 3090 σήμερον
2475 3016 2688 3088 θρήνοις
2727 3014 3109 3085 ὑποὸέὸληται.
3152 3012 3243 3065 Διό
3280 3027 3443 3081 φησιν
3490 3012 3528 3081 η
3555 3027 3756 3080 προφη-

531 3105 967 3174 deprchenderit,
989 3121 1055 3160 ex
1085 3121 1192 3176 qua
1221 3106 1384 3160 etiam
1412 3107 1655 3176 ipsorum
1683 3115 1858 3162 mater
1899 3107 2093 3164 civitas

2197 3111 2346 3164 τεία’
2389 3129 2408 3161 ι
2450 3110 2560 3162 Kal.
2588 3108 2810 3178 διόψεται
2840 3105 2980 3178 φυλὴ
3015 3104 3154 3158 κατὰ
3193 3104 3388 3175 φυλὴν,
3429 3103 3576 3174 φυλὴ
3617 3103 3755 3156 οἴκου

530 3198 772 3253 externis
799 3197 1050 3268 gentibus
1083 3196 1281 3250 tradita
1304 3209 1407 3262 est,
1442 3208 1498 3252 et
1525 3199 1786 3270 templum
1819 3215 2069 3256 eversum

533 3289 932 3360 sutl‘ossumque
978 3295 1082 3353 est,
1127 3288 1340 3358 ipsique
1388 3289 1455 3344 de
1498 3290 1719 3360 propria
1755 3291 1974 3361 regione
2009 3307 2097 3348 ex-

531 3380 675 3449 pulsi
696 3386 845 3444 sunt,
873 3379 927 3432 in
950 3385 1096 3432 terra
1127 3377 1308 3433 hostili
1333 3378 1572 3435 inimicis
1601 3381 1921 3438 servientes.
1947 3381 2094 3448 Quas

531 3472 602 3526 ob
633 3487 745 3539 res,
788 3471 969 3526 omnis
1007 3471 1248 3540 ipsorum
1279 3470 1494 3534 domus,
1527 3473 1812 3544 omnisque
1849 3473 2093 3545 ipsorum

532 3562 713 3616 anima
742 3563 798 3617 in
828 3562 975 3617 hunc
1005 3577 1180 3632 usque
1208 3561 1351 3616 diem
1381 3562 1866 3620 lamentationibus
1897 3564 2093 3619 amicta

527 3660 630 3708 est.
671 3654 1012 3723 Quapropter
1063 3652 1322 3723 propheta
1370 3653 1451 3708 sic
1493 3653 1568 3707 ait
1605 3670 1620 3706 :
1670 3673 1690 3706 ‹
1727 3653 1796 3708 Ει
1837 3655 2092 3726 plangent

529 3745 755 3814 singula:
778 3744 955 3800 tribus
974 3759 1070 3815 per
1083 3744 1292 3814 seipsas
1308 3765 1319 3798 :
1337 3743 1499 3816 412
1517 3746 1691 3802 tribus
1707 3745 1902 3803 domus
1919 3747 2090 3804 David

527 3848 798 3899 seorsum,
827 3843 882 3888 et
925 3833 1179 3888 mulieres
1218 3849 1409 3888 eorum
1453 3851 1702 3891 seorsum
1722 3837 1786 3903 ι’,
1822 3858 1840 3890 ι
1877 3848 1932 3894 et
1969 3855 2091 3910 quae

527 3931 848 3994 sequuntur.
881 3923 990 3980 Sed
1031 3925 1123 3994 qui
1152 3923 1369 3980 tandem
1395 3933 1521 3995 post
1551 3926 1824 3984 Zachariae
1844 3937 2090 4002 tempora

526 4017 697 4072 secuti
723 4024 853 4072 sunt
874 4018 1016 4085 dies,
1044 4017 1100 4070 in
1125 4017 1327 4087 quibus
1357 4017 1532 4088 spolia
1573 4017 1874 4076 Jerusalem
1913 4023 2088 4080 divisa

526 4109 692 4163 sunt?
729 4118 783 4164 et
821 4119 1010 4180 gentes
1056 4110 1322 4165 universae
1369 4109 1439 4164 ad
1485 4110 1685 4165 bellum
1735 4123 1925 4168 contra
1967 4131 2086 4171 eam

523 4200 826 4254 coiverint?
871 4208 922 4256 et
953 4202 1150 4257 civitas
1183 4208 1339 4270 capta
1378 4200 1470 4267 sit,
1506 4211 1560 4256 et
1601 4203 1796 4260 domus
1839 4205 2082 4276 direptae,

523 4299 576 4344 et
609 4292 863 4347 mulieres
890 4294 1111 4363 pollutae
1142 4303 1308 4363 atque
1337 4293 1391 4349 in
1421 4293 1738 4350 servitutem
1769 4297 2007 4352 abactae?
2031 4309 2085 4354 et

522 4380 741 4474 quando
780 4381 944 4436 simul
983 4383 1086 4438 sub
1115 4384 1257 4440 idem
1297 4391 1511 4454 tempus
1539 4382 1800 4443 Dominus
1833 4388 2081 4458 gentibus
2114 4415 2162 4474 υ

517 4468 818 4526 Jerusalem
847 4475 1298 4544 oppugnantibus
1355 4474 1707 4541 subveniens,
1747 4480 2085 4548 comparavit

520 4576 580 4616 se
608 4561 672 4616 ad
705 4562 948 4632 praelium
987 4579 1111 4620 cum
1141 4565 1286 4622 illis?
1317 4573 1411 4618 aut
1440 4565 1659 4636 quando
1687 4576 1952 4625 steterunt
1985 4585 2084 4640 pe-

517 4653 615 4711 des
644 4656 765 4724 ejus
814 4655 870 4710 in
902 4665 1088 4714 monte
1119 4659 1437 4716 Olivarum?
1479 4666 1576 4714 aut
1623 4657 1841 4730 quando
1874 4662 2084 4718 exstitit

516 4745 780 4803 Dominus
801 4747 856 4801 in
895 4746 1094 4822 Regem
1126 4766 1221 4820 per
1254 4753 1566 4808 universam
1595 4752 1835 4806 terram?
1859 4753 2082 4824 ipseque

513 4852 657 4892 unus
703 4837 965 4896 Dominus
1017 4841 1160 4912 apud
1211 4858 1402 4900 omnes
1453 4842 1740 4901 homines?
1783 4849 1837 4898 et
1881 4859 2080 4899 nomen

512 4930 632 5000 ejus
663 4931 910 4988 ambiens
929 4935 1236 4991 universam
1261 4944 1462 4991 terram
1483 4944 1538 4994 et
1560 4937 1907 4992 solitudinem
1924 4938 1946 4991 ?
1963 4938 2077 4993 haec

511 5021 654 5073 enim
685 5037 960 5092 nunquam
991 5025 1276 5097 quisquam
1308 5034 1463 5080 antea
1492 5027 1558 5081 ad
1593 5039 1752 5078 suum
1777 5023 1936 5079 tinem
1961 5038 2080 5094 pera

511 5110 674 5165 ducta
701 5111 1074 5170 demonstrare
1119 5115 1340 5185 poterit,
1371 5116 1476 5170 nisi
1519 5115 1888 5171 Romanorum
1939 5121 2078 5168 tem-

509 5202 754 5270 poribus,
793 5204 993 5274 quibus
1035 5217 1159 5276 post
1205 5206 1594 5280 Babylonicum
1624 5207 1960 5273 incendium,
1997 5208 2077 5262 al-

507 5299 628 5349 tero
676 5311 869 5352 rursus
910 5297 1162 5354 incendio
1194 5299 1439 5370 ipsorum
1492 5301 1752 5371 templum
1796 5306 2071 5353 vastatum

507 5393 612 5453 est,
650 5398 702 5446 et
729 5389 922 5445 civitas
947 5406 1015 5446 ex
1036 5391 1128 5446 illo
1159 5393 1226 5448 ad
1259 5393 1403 5448 hunc
1436 5409 1609 5464 usque
1640 5396 1779 5450 diem
1802 5393 1876 5449 ab
1895 5400 2075 5448 exter-

501 5474 592 5528 nis
619 5481 871 5547 gentibus
889 5481 1121 5538 habitari
1145 5485 1469 5540 ostenditur.
1495 5483 1614 5551 Quo
1643 5494 1888 5558 tempore
1909 5485 2070 5540 etiam

567 5647 607 5683 “
660 5653 864 5722 Ezech,
908 5675 1047 5726 xvu,
1080 5659 1165 5717 l2.
1247 5661 1290 5692 “
1331 5659 1560 5717 Zachar.
1595 5675 1713 5725 ιιι,
1752 5655 1945 5716 12-”.

2195 3203 2356 3257 Δαὸὶδ
2377 3201 2497 3256 καθ’
2521 3201 2856 3272 ἑαυτὴνξκαὶ
2879 3202 3137 3269 γυναῖκες
3158 3197 3335 3252 αὐτῶν
3362 3186 3490 3249 atad"
3509 3197 3750 3258 ἑαυτάς-οι

2194 3295 2288 3347 καὶ
2338 3292 2408 3346 τὰ
2461 3291 2672 3354 τούτοις
2710 3291 2970 3361 ἑπόμενα.
3002 3290 3166 3342 Ποῖαι
3210 3287 3268 3340 δὲ
3313 3287 3452 3358 μετὰ
3503 3289 3632 3350 τοὺς
3672 3284 3758 3339 τοῦ

2193 3378 2462 3451 Ζαχαρίου
2503 3377 2725 3449 χρόνους
2759 3377 3042 3446 γεγόνασιν
3080 3375 3304 3449 ἡμέραι,
3355 3376 3415 3428 ὲν
3449 3369 3542 3438 αἷς
3583 3375 3756 3446 διεμε-

2195 3469 2349 3542 ρίσθη
2389 3469 2457 3522 τὰ
2503 3467 2673 3522 σκῦλα
2719 3470 2818 3538 τῆς
2871 3467 3240 3538 Ἰερουσαλὴμ,
3275 3465 3372 3518 καὶ
3425 3466 3755 3536 ὲπισυνήχθη

2193 3560 2369 3614 πάντα
2412 3559 2483 3613 τὰ
2521 3559 2646 3631 ἔθνη
2680 3559 2766 3612 ἐπ’
2805 3558 2973 3630 αὐτὴν
3012 3559 3092 3621 εἰς
3145 3557 3407 3627 πόλεμον,
3455 3557 3577 3627 ἥλω
3622 3574 3681 3610 τε
3723 3559 3754 3626 ὴ

2191 3651 2365 3716 πόλις,
2407 3653 2502 3706 καὶ
2540 3651 2920 3724 διηρπάγησαν
2949 3651 3006 3704 αἰ
3037 3650 3238 3714 οἰκίαι,
3274 3650 3367 3702 καὶ
3406 3650 3464 3703 αἰ
3509 3652 3756 3718 γυναῖκες

2190 3744 2578 3816 ἐμολύνθησαν,
2623 3741 2949 3814 ἀπήχθησάν
2973 3759 3035 3795 τε
3076 3743 3157 3805 εἰς
3187 3739 3564 3811 αἰχμαλωσίαν
3585 3781 3601 3806 ,
3629 3739 3752 3812 ὁμοῦ

2188 3855 2248 3890 τε
2265 3837 2358 3890 καὶ
2382 3836 2524 3890 κατὰ
2552 3835 2613 3889 τὸ
2638 3835 2770 3890 αὐτὸ
2794 3837 2823 3889 6
2853 3835 3076 3908 Κύριος,
3107 3833 3406 3904 συμμαχῶν
3443 3837 3560 3896 τοῖς
3583 3833 3754 3886 ἔθνεσι

2187 3930 2299 3992 τοῖς
2357 3928 2454 4000 τὴν
2517 3925 2866 3999 Ἰερουσαλὴμ
2925 3925 3255 3997 πολεμοῦσι,
3309 3925 3655 3998 παρετάξατο
3700 3927 3754 3976 ἐν

2187 4019 2402 4084 αὑτοῖς;
2436 4019 2469 4089 ἢ
2503 4017 2632 4072 πότε
2663 4017 2894 4090 ἔστησαν
2927 4017 2977 4069 οἰ
3017 4018 3172 4081 πόδες
3211 4017 3376 4070 αὐτοῦ
3414 4018 3510 4070 ἐπὶ
3543 4020 3606 4070 τὸ
3636 4019 3752 4089 δρος

2185 4111 2291 4164 τῶν
2328 4110 2592 4176 Ἑλαιῶν;
2625 4111 2658 4182 ἢ
2685 4109 2814 4163 πότε
2841 4109 3032 4178 γέγονε
3063 4111 3269 4182 Κύριος
3301 4110 3381 4172 εἰς
3414 4108 3642 4178 βασιλέα
3665 4108 3752 4161 ἐπὶ

2186 4205 2364 4259 πᾶσαν
2417 4202 2516 4274 τὴν
2547 4202 2671 4274 γῆν,
2717 4201 2881 4265 αὑτός
2919 4219 2980 4255 τε
3032 4198 3112 4264 εἷς
3162 4202 3362 4272 Κύριος
3405 4201 3501 4256 ἐπὶ
3547 4201 3752 4262 πάντας

2184 4293 2521 4366 ἀνθρώπους,
2555 4295 2649 4348 καὶ
2689 4293 2751 4347 τὸ
2794 4294 2968 4364 ὄνομα
3017 4292 3182 4346 αὐτοῦ
3237 4292 3542 4362 ὲγκυκλοῦν
3577 4295 3750 4346 πᾶσαν

2185 4387 2283 4457 τὴν
2314 4389 2416 4456 γῆν
2448 4386 2542 4438 καὶ
2567 4385 2667 4457 τὴν
2705 4383 2909 4456 ἔρημον
2929 4401 2945 4449 ;
2968 4383 3140 4439 ταῦτα
3161 4382 3270 4458 γὰρ
3293 4384 3401 4437 οὐδ’
3434 4383 3634 4437 ἄλλοτέ
3671 4401 3752 4436 πω

2183 4477 2444 4549 πρότερον
2469 4475 2582 4548 ἔχοι
2603 4475 2669 4530 ἄν
2687 4492 2771 4538 τις
2791 4476 2872 4537 εἰς
2895 4475 3065 4548 πέρας
3084 4475 3249 4542 δεῖξαι
3272 4473 3524 4544 ἀχθέντα,
3551 4475 3588 4546 ἦ
3617 4471 3754 4528 κατὰ

2178 4569 2302 4632 τοὺς
2350 4567 2631 4638 Ῥωμαίων
2673 4567 2916 4638 χρόνους,
2961 4565 3081 4618 καθ’
3130 4563 3225 4628 οὓς
3271 4563 3608 4635 ἐμπρησμὸν
3657 4564 3754 4615 ὐπ-

2177 4660 2359 4732 έμεινε
2391 4659 2663 4731 δεύτερον,
2694 4657 2832 4730 μετὰ
2861 4657 2953 4711 τὸν
2995 4657 3099 4710 ὑπὸ
3127 4654 3482 4709 Βαὸυλωνίων
3507 4694 3524 4718 ,
3550 4656 3582 4707 6
3621 4657 3751 4717 νεὼς

2176 4751 2425 4823 αὑτῶν,ἧ
2458 4768 2517 4804 τε
2546 4749 2700 4813 πόλις
2728 4749 2788 4814 ὲξ
2809 4749 3017 4803 ἐκείνου
3042 4749 3135 4802 καὶ
3157 4749 3238 4811 εἱς
3261 4744 3419 4818 δεῦρο
3461 4747 3568 4799 ὑπὸ
3599 4745 3756 4799 ἀλλο-

2176 4845 2356 4914 φύλων
2391 4844 2558 4900 ὲθνῶν
2608 4843 3033 4897 κατοικισθεῖσαι
3081 4840 3387 4894 δείκνυταιο
3435 4840 3526 4892 ὅτε
3581 4839 3675 4892 καὶ
3719 4836 3754 4888 ι

2178 4936 2379 5006 Κύριος
2404 4935 2562 5007 ἡμῶν
2599 4933 2804 5006 Ἰησοῦς
2829 4937 2858 4988 6
2883 4930 3116 5005 Χριστὸς
3139 4930 3233 4984 τοῦ
3255 4929 3389 4984 Θεοῦ
3414 4930 3514 4992 τὰς
3539 4929 3755 4989 οἰκείας

2176 5029 2407 5081 ἐποιεῖτο
2450 5025 2728 5098 διατριϐὰς
2774 5026 2867 5079 ἐπὶ
2907 5025 3001 5078 τοῦ
3047 5023 3300 5086 ὲλαιῶνος
3344 5019 3438 5074 τοῦ
3491 5021 3754 5090 ἄντικρυς

2175 5117 2276 5187 τῆς
2310 5117 2660 5190 Ἰερουσαλὴμ
2687 5117 2866 5189 ὅρους,
2907 5115 3278 5187 πληρουμένου
3320 5111 3414 5164 τοῦ
3446 5111 3750 5180 φάσκοντκ

2175 5209 2334 5278 λόγου
2356 5227 2368 5239 ·
2403 5229 2421 5260 ι
2442 5210 2551 5264 Καὶ
2581 5209 2867 5275 στήσονται
2897 5209 2947 5261 οἰ
2984 5207 3141 5270 πόδες
3175 5203 3338 5259 αὑτοῦ
3379 5204 3475 5256 ἐπὶ
3511 5203 3578 5255 τὸ
3624 5203 3750 5271 ὅρος

2175 5299 2284 5354 τῶν
2323 5299 2548 5352 Ἐλαιῶν
2569 5298 2630 5351 τὸ
2650 5296 2934 5351 κατέναντι
2969 5293 3350 5366 Ἰερουσαλήμο
3392 5310 3410 5341 t
3457 5289 3604 5342 τοῦτ’
3630 5287 3748 5338 ἐστι

2175 5389 2269 5443 τοῦ
2299 5389 2579 5452 θεοσεὸοὖς
2600 5388 2991 5460 πολιτεύματος
3011 5385 3129 5440 καθ’
3159 5385 3291 5454 ὅλης
3315 5383 3412 5453 τῆς
3441 5379 3746 5452 ἀνθρώπων

2175 5481 2495 5554 οἰκουμένης
2519 5480 3044 5552 ἀνοικοδομηθέντος,
3075 5475 3250 5530 πάντα
3293 5473 3361 5526 τὰ
3409 5471 3559 5542 ἔθνη,
3603 5465 3747 5524 κατὰ
