3922 6200
577 230 676 286 647
1199 225 1464 282 EUSEBII
1500 225 1977 283 CESARIENSIS
2014 223 2162 281 OPP.
2195 223 2373 277 PARS
2411 223 2540 278 ll..-
2571 223 3065 282 APOLOGETICA.
3589 231 3672 287 διδ

575 347 792 408 defecit,
824 355 1082 414 vetusque
1129 343 1501 415 (Egyptiorum
1555 344 1866 413 superstitio
1909 359 1973 398 ex
2002 344 2117 397 ani-

2218 339 2612 410 θεολογουμένῳ
2642 338 2790 410 Θεῷ·
2842 341 2891 392 εἰ
2927 339 2999 411 μὴ
3027 337 3281 392 σέσεισται
3307 338 3366 392 τὰ
3397 344 3674 415 χειροποίητα

577 454 681 493 mis
707 451 892 491 eorum
924 442 1136 490 sublata
1173 450 1282 488 non
1311 443 1438 500 est;
1478 442 1754 504 praeterea,
1785 434 1830 488 si
1869 448 1965 504 per
2007 433 2121 488 sin-

577 529 730 599 gulas
753 531 994 582 civitates
1022 532 1075 579 et
1103 541 1197 594 per
1224 526 1466 596 singulas
1501 526 1711 588 domos,
1745 525 1938 579 bellum
1983 525 2121 579 inte-

576 622 774 675 stinum
821 618 958 686 apud
1009 617 1290 688 Egyptios
1336 634 1444 671 non
1495 625 1806 686 grassatur,
1852 615 1978 670 dum
2029 615 2117 669 alii

574 711 788 782 quidem
819 708 1102 763 Dominum
1130 715 1184 764 et
1206 709 1408 762 cultum
1444 706 1537 762 Dei
1564 706 1940 775 prophetarum
1975 705 2119 760 acci-

573 804 748 873 piunt,
779 815 1127 870 erroremque
1153 814 1261 870 quo
1291 799 1358 854 ab
1396 799 1552 852 initio
1585 795 1719 853 deos
1748 797 1946 853 multos
1969 797 2118 852 cole-

573 895 722 957 bant,
759 900 1097 956 aversantur,
1130 892 1218 945 alii
1269 907 1396 946 vero
1429 899 1712 960 propterea
1741 891 1885 960 quod
1926 891 2118 961 patriis

573 986 748 1038 adhuc
775 983 931 1037 malis
961 983 1138 1039 aﬂ‘ecti
1168 984 1233 1038 iis
1263 984 1558 1046 adhaerent,
1581 998 1677 1038 eos
1715 983 1804 1053 qui
1833 982 2116 1039 Dominum

572 1076 896 1146 acceperint,
927 1085 1266 1145 oppugnant,
1299 1075 1345 1128 si
1395 1090 1503 1128 non
1546 1074 1704 1130 hodie
1735 1089 1946 1144 quoque
1990 1074 2117 1128 dum

570 1183 698 1224 suos
729 1168 858 1222 deos
898 1181 1101 1236 suaque
1160 1168 1472 1230 simulacra,
1509 1183 1715 1238 eosque
1752 1167 1842 1238 qui
1879 1167 1945 1221 de
1971 1173 2114 1222 terra

567 1275 730 1315 voces
767 1259 1037 1323 emittunt,
1068 1267 1122 1313 et
1175 1259 1446 1330 Pythones
1483 1275 1678 1330 rogare
1708 1267 1994 1324 conantur,
2027 1258 2115 1312 in-

573 1347 770 1402 fectum
803 1354 963 1416 atque
993 1347 1151 1402 inane
1197 1348 1261 1400 ad
1305 1355 1500 1402 cuncta
1548 1347 1661 1402 haec
1692 1345 1994 1417 perfugium
2023 1362 2118 1401 ex-

572 1438 875 1507 periuntur,
923 1445 1206 1508 propterea
1251 1439 1395 1508 quod
1435 1453 1543 1492 non
1587 1437 1818 1507 amplius
1850 1443 1909 1492 ut
1960 1443 2115 1490 antea

572 1527 754 1581 itidem
778 1526 884 1580 vim
908 1541 1058 1581 suam
1090 1541 1340 1580 exercere
1367 1526 1638 1580 daemones
1658 1530 1904 1594 possunt;
1933 1523 1978 1578 si
2009 1537 2115 1576 non

573 1615 822 1670 universa
854 1616 964 1670 haec
1001 1617 1176 1684 reipsa
1223 1617 1380 1670 linem
1431 1631 1588 1670 suum
1643 1615 1913 1670 invenisse
1934 1623 2118 1670 osten-

571 1707 818 1762 duntur:
851 1723 982 1764 sane
1031 1709 1270 1763 nondum
1317 1709 1601 1778 quisquam
1651 1707 1781 1760 mihi
1829 1708 2118 1762 arbitretur

571 1799 942 1869 propheticum
994 1814 1116 1854 esse
1177 1800 1503 1869 completum
1561 1799 1875 1862 oraculum,
1944 1813 2118 1868 neque

573 1891 854 1944 Dominum
902 1891 1050 1944 illum
1097 1891 1302 1960 ipsum,
1351 1905 1508 1959 quem
1560 1891 1832 1959 propheta:
1883 1899 2114 1954 canunt,

571 1981 712 2050 apud
742 1980 990 2035 homines
1019 1980 1236 2035 vixisse.
1269 1981 1326 2032 Si
1356 1996 1482 2033 vero
1525 1995 1582 2035 re
1621 1980 1759 2050 ipsa,
1784 1996 1902 2051 quae
1937 1980 2118 2035 verbis

571 2072 729 2143 longe
766 2080 850 2128 est
893 2072 1213 2136 evidentior,
1250 2071 1343 2137 qui
1387 2071 1674 2142 IEgyptum
1723 2071 1965 2126 incolunt
2000 2086 2119 2125 cer-

571 2173 774 2219 nuntur
821 2164 1059 2228 interim,
1093 2178 1219 2232 pars
1259 2161 1476 2232 quidem
1518 2161 1900 2232 pr0phetarum
1950 2160 2119 2220 Deum

570 2256 878 2329 agnovisse,
903 2262 957 2309 et
986 2263 1204 2324 propter
1227 2255 1376 2307 illum
1409 2255 1613 2323 patrios
1639 2255 1769 2309 deos
1811 2255 2114 2324 reliquisse,

569 2349 660 2401 alii
693 2361 822 2402 vero
867 2353 1057 2400 contra
1103 2346 1202 2400 hos
1246 2344 1540 2399 seditiones
1573 2345 1791 2400 assidue
1819 2344 2114 2407 concitare,

570 2445 624 2493 et
653 2437 745 2492 alii
773 2435 903 2492 deos
931 2451 1080 2499 suos,
1123 2449 1328 2504 suaque
1358 2435 1668 2500 simulacra,
1701 2450 1904 2504 eosque
1928 2435 2021 2505 qui
2052 2435 2120 2491 de

571 2539 714 2583 terra
744 2543 904 2582 voces
931 2527 1204 2589 emittunt,
1237 2526 1550 2581 invocantes
1593 2525 1726 2579 nihil
1757 2541 1916 2595 posse
1952 2525 2118 2594 proli-

569 2633 715 2680 cere,
742 2616 831 2669 alii
873 2613 1101 2668 Domino
1148 2614 1531 2684 prophetarum
1567 2615 1630 2684 in
1683 2614 1828 2667 omni
1867 2612 2117 2683 Egyptia

572 2709 808 2780 regione,
840 2707 1007 2760 altare
1035 2721 1128 2774 per
1161 2706 1402 2776 singulas
1434 2706 1692 2760 ecclesias
1735 2706 1992 2768 erexisse,
2033 2705 2116 2758 in-

571 2815 674 2870 que
720 2797 1099 2854 aﬁlictionibus
1142 2808 1195 2852 et
1232 2797 1334 2852 sibi
1377 2796 1590 2852 infestis
1632 2797 2115 2862 insectationibus,

572 2909 678 2946 non
713 2891 942 2959 amplius
970 2889 1177 2944 belluas
1205 2905 1380 2958 neque
1411 2889 1620 2958 reptilia
1661 2897 1818 2943 terra:
1846 2888 1996 2953 deos,
2024 2905 2118 2945 ne-

570 3000 674 3055 que
703 2990 940 3053 agrestes
963 2981 1104 3037 feras
1131 2991 1184 3037 et
1208 2982 1363 3036 bruta
1390 2981 1662 3042 animalia,
1693 2991 1970 3051 parentum
1993 2997 2120 3037 suo—
2143 3018 2184 3075 Ο

569 3093 687 3130 rum
721 3075 914 3140 instar,
946 3073 1040 3129 sed
1067 3089 1375 3144 supremum
1417 3072 1582 3126 Deum
1613 3073 1883 3136 invocare,
1909 3074 2114 3129 solum-

569 3183 674 3238 que
700 3182 845 3230 eum,
875 3165 1102 3235 ejusque
1157 3165 1401 3219 timorem
1449 3165 1504 3217 in
1536 3163 1650 3218 suis
1684 3163 1957 3220 mentibus
1987 3180 2118 3218 con-

569 3266 782 3332 ceptum
817 3267 1019 3320 tenere,
1069 3271 1369 3325 vovereque
1410 3254 1582 3309 eidem
1617 3261 1763 3318 vota,
1793 3270 1902 3309 non
1939 3263 2116 3309 autem

569 3352 902 3407 daemonibus
945 3356 1003 3403 ut
1037 3349 1208 3419 prius,
1241 3356 1294 3402 et
1340 3363 1458 3416 quae
1503 3347 1601 3416 ipsi
1646 3345 1754 3401 Deo
1797 3348 2118 3402 conveniant

570 3441 837 3511 promissa
866 3440 1092 3494 reddere
1121 3452 1264 3494 :‘cur
1302 3451 1411 3490 non
1457 3436 1721 3504 sequitur,
1765 3444 1824 3490 ut
1856 3437 2118 3490 fateamur

569 3532 732 3588 etiam
759 3547 844 3594 ea,
875 3545 998 3600 quae
1027 3531 1176 3600 ipsos
1199 3538 1425 3584 eventus
1455 3536 1859 3583 antecesserunt
1895 3528 1949 3582 in
1981 3543 2117 3598 apus

565 3625 677 3695 jam
722 3623 1077 3694 processisse,
1119 3637 1218 3676 nec
1259 3620 1438 3674 futura
1479 3622 1708 3692 amplius
1738 3621 1792 3674 in
1818 3629 2113 3690 posterum,

569 3716 665 3773 sed
711 3715 766 3770 in
813 3715 1140 3786 praeteritum
1188 3712 1426 3766 abiisse?
1463 3710 1633 3766 Porro
1689 3712 1802 3781 ipsa
1843 3711 1954 3766 haec
1991 3719 2117 3766 sunt

569 3807 740 3878 ipsius
777 3805 984 3860 Domini
1014 3803 1081 3858 ad
1111 3803 1393 3874 IEgyptios
1418 3803 1544 3856 olim
1581 3801 1816 3865 futurus,
1859 3817 1968 3856 non
2001 3803 2118 3857 sine

567 3914 794 3970 corpore
827 3897 1110 3961 adventus,
1139 3895 1235 3950 sed
1263 3910 1356 3965 per
1385 3893 1583 3948 nubem
1622 3893 1814 3957 levem,
1845 3907 1907 3946 ac
1935 3893 2116 3962 potius

569 4005 664 4061 per
693 3987 1110 4044 crassitudinem
1142 3985 1354 4056 agilem.
1390 3983 1481 4038 Sic
1513 3984 1656 4038 enim
1691 3981 1988 4038 Hebraicus
2020 3983 2116 4037 ha-

567 4083 656 4138 bet
681 4087 989 4144 contextus,
1021 4079 1148 4134 dum
1185 4077 1330 4132 illius
1363 4091 1680 4146 corporeum
1712 4075 1997 4131 adventum
2019 4077 2117 4132 ob-

569 4187 727 4228 scure
777 4169 1066 4243 significat.
1121 4166 1355 4222 Proinde
1405 4166 1550 4220 hunc
1605 4167 1779 4248 ipsum
1833 4182 2116 4238 progressa

568 4263 782 4332 longius
847 4261 1054 4324 oratio,
1117 4259 1390 4314 hominem
1469 4256 1803 4312 Salvatorem
1869 4261 2112 4323 vocavit,

2219 428 2511 498 Αἰγύπτου,
2534 429 2632 498 τῆς
2667 429 2794 500 περί¹
2814 429 2950 484 αὐτὰ
2975 430 3280 501 δαιμονικῆς
3307 431 3546 500 δυνάμεως
3567 436 3677 489 ἐκλε-

2219 519 2461 584 λοιπυίας
2477 560 2492 580 ,
2519 519 2614 574 καὶ
2638 521 2734 591 τῆς
2761 519 2993 585 παλαιᾶς
3013 521 3398 592 δεισιδαιμονίας
3418 523 3472 575 ἐκ
3492 524 3572 594 τῆς
3597 526 3680 578 τῶν

2218 611 2520 679 Αἰγυπτίων
2549 611 2726 682 ψυχῆς
2765 611 3021 682 ἀρθείσης
3040 629 3053 642 ·
3082 613 3172 665 καὶ
3199 611 3273 666 ἔτι
3300 613 3422 684 πρὸς
3455 614 3623 678 τούτοις
3646 619 3684 671 εἰ

2327 702 2444 756 καθ’
2475 703 2707 773 ἑκάστην
2738 703 2890 756 πόλιν
2920 705 3013 756 καὶ
3035 703 3154 757 καθ’
3186 704 3397 757 ἕκαστον
3419 700 3540 757 οἷκον
3562 708 3686 760 πόλε-

2221 812 2319 866 μος
2351 793 2610 865 ἐμφύλιος
2650 797 2761 859 τοῖς
2803 794 3117 863 Αἰγυπτίοις
3149 794 3466 860 συνίσταται,
3498 796 3586 849 τῶν
3613 799 3686 868 μὲν

2217 887 2305 942 τὸν
2350 886 2550 960 Κύριον
2593 888 2685 941 καὶ
2726 887 2787 940 τὸ
2830 887 2990 952 σέϐας
3019 885 3112 940 τοῦ
3153 887 3279 940 Θεοῦ
3317 887 3416 941 τῶν
3451 890 3688 958 προφητῶν

2216 976 2626 1048 ἀποδεξαμένων
2649 1017 2664 1042 ,
2720 977 2812 1030 καὶ
2853 977 3294 1048 ἀποστραφέντων
3333 979 3424 1050 τὴν
3451 977 3502 1043 ἐξ
3537 979 3690 1042 αἰῶνος

2216 1065 2470 1122 πολύθεον
2502 1069 2707 1141 πλάνην
2733 1107 2748 1132 ,
2797 1067 2904 1122 τῶν
2935 1067 2992 1120 δὲ
3017 1109 3030 1126 .
3073 1068 3160 1122 διὰ
3182 1069 3240 1122 τὸ
3267 1072 3370 1132 τοῖς
3398 1070 3607 1140 πατρίοις
3631 1069 3693 1121 ἔτι

2217 1161 2640 1232 προστετηκέναι
2689 1163 2904 1224 κακοῖς,
2943 1161 3066 1224 τοὺς
3098 1157 3186 1213 τὸν
3217 1159 3403 1230 Κύριον
3444 1159 3695 1231 παραδεξα·

2220 1251 2408 1321 μένους
2431 1252 2801 1323 πολεμούντων
2820 1269 2836 1283 ⁸
2869 1254 2916 1306 εἰ
2953 1252 3026 1324 μὴ
3057 1252 3220 1305 εἰσέτι
3251 1251 3338 1305 καὶ
3363 1251 3503 1324 δεῦρο
3529 1255 3694 1322 ἐπερω-

2214 1343 2311 1412 τᾷν
2346 1341 2670 1414 πειρώμενοι
2695 1345 2818 1408 τοὺς
2847 1345 3050 1397 ἑαυτῶν
3075 1343 3226 1408 θεοὺς
3249 1343 3336 1396 καὶ
3355 1342 3416 1396 τά
3440 1344 3693 1414 ἀγάλματα,

2216 1433 2307 1486 καί¹
2332 1435 2457 1496 τοὺς
2488 1436 2552 1488 ἐκ
2579 1435 2680 1505 τῆς
2705 1437 2807 1506 γῆς
2836 1435 3142 1506 φωνοῦντας
3161 1475 3176 1499 ,
3211 1435 3298 1488 καὶ
3326 1435 3437 1497 τοὺς
3461 1435 3696 1503 ἐγγαστρι-

2220 1522 2435 1594 μύθους,
2458 1525 2618 1595 ἀτελῆ
2642 1515 2734 1580 καί
2760 1526 3034 1595 ἄπρακτον
3057 1527 3155 1598 τὴν
3183 1526 3270 1579 ἐπὶ
3295 1525 3405 1578 τάδε
3434 1523 3696 1594 καταφυγὴν

2217 1614 2487 1668 ποιοῦνται
2510 1655 2524 1680 ,
2550 1615 2639 1668 διὰ
2670 1608 2730 1669 τὸ
2759 1617 2950 1687 μηκέθ’
2975 1615 3176 1688 ὁμοίως
3207 1617 3428 1686 ἐνεργεῖν
3451 1613 3695 1675 δύνασθαι,

2216 1703 2400 1774 ὥσπερ
2431 1704 2488 1757 τὸ
2513 1706 2640 1774 πρὶν
2665 1744 2680 1768 ,
2710 1708 2836 1769 τοὺς
2861 1706 3118 1777 δαίμονας
3137 1723 3151 1736 ·
3186 1707 3234 1758 εἰ
3277 1704 3347 1776 μὴ
3382 1704 3541 1757 πάντα
3565 1702 3698 1756 ταῦτα

2217 1793 2393 1865 ἔργοις
2420 1795 2597 1860 αὐτοῖς
2624 1795 2774 1858 τέλος
2815 1795 3071 1866 εἰληφότα
3097 1795 3392 1858 δείκνυται,
3425 1793 3489 1863 μή
3634 1808 3698 1860 μοι

2216 1884 2482 1955 νομίζοιτο
2520 1892 2581 1940 τὸ
2619 1887 2949 1959 προφητικὸν
2981 1885 3360 1958 πεπληρῶσθαι
3390 1884 3574 1952 λόγιον,
3601 1882 3699 1952 μηδὲ

2214 1976 2305 2030 τὸν
2331 1977 2708 2049 θεσπιζόμενον
2736 1977 2936 2050 Κύριον
2961 1978 3400 2049 ἐπιδεδημηκέναι
3428 1976 3498 2046 τῷ
3524 1975 3605 2045 βίῳ
3621 1974 3699 2025 τῶν

2216 2068 2527 2141 ἀνθρώπων.
2557 2071 2618 2124 Εἰ
2642 2071 2698 2124 δὲ
2721 2070 2902 2132 αὐτοῖς
2925 2069 3104 2141 ἔργοις
3134 2071 3272 2122 κατὰ
3303 2069 3426 2122 πολὺ
3447 2068 3543 2120 τῶν
3565 2067 3699 2134 λόγων

2217 2162 2620 2234 ἐναργεστέροις
2651 2164 2814 2217 εἰσέτι
2849 2163 3004 2234 δεῦρο
3038 2162 3361 2231 θεωροῦνται
3387 2162 3432 2213 οἰ
3460 2161 3548 2230 τὴν
3577 2158 3701 2224 Αίγυ·

2217 2271 2346 2306 πτον
2380 2252 2668 2317 οἰκοῦντες,
2695 2255 2742 2306 οἱ
2779 2254 2878 2324 μὲν
2907 2253 2999 2306 τὸν
3031 2253 3164 2306 Θεὸν
3202 2253 3307 2306 τῶν
3337 2249 3597 2322 προφητῶν
3631 2249 3700 2299 ἐςτ-

2217 2347 2527 2416 εγνωκότες,
2557 2347 2651 2400 καὶ
2671 2347 2737 2400 δι’
2759 2347 2917 2401 αὑτὸν
2946 2349 3068 2411 τοὺς
3104 2347 3360 2417 πατρίους
3387 2340 3699 2398 καταλελοιπὸ-

2215 2455 2306 2501 τες
2331 2437 2502 2502 θεοὺς,
2525 2440 2573 2492 οἱ
2600 2438 2656 2492 δὲ
2689 2435 2821 2508 πρὸς
2843 2437 3067 2502 τούτους
3103 2435 3486 2498 στασιαστικῶς
3511 2434 3697 2504 ἔχοντες·

2217 2529 2310 2582 καὶ
2335 2529 2383 2581 οἰ
2424 2529 2520 2600 μὲν
2545 2531 2666 2592 τοὺς
2703 2529 2855 2592 θεοὺς
2889 2528 3064 2581 αὐτῶν
3095 2530 3262 2582 εἰσέτι
3293 2528 3384 2581 νῦν
3410 2525 3701 2593 ἐπικαλούμε-

2217 2636 2295 2672 νοι
2318 2621 2410 2672 καὶ
2434 2619 2500 2672 τά
2519 2620 2824 2692 ἀγάλματα,
2847 2621 2940 2674 καὶ
2962 2622 3087 2683 τοὺς
3107 2623 3174 2674 ἐκ
3197 2621 3294 2690 τῆς
3319 2619 3416 2689 γῆς
3437 2617 3700 2688 φωνοῦντας.

2221 2711 2382 2782 μηδέν
2409 2729 2468 2764 τε
2499 2713 2734 2784 ἐνεργεῖν
2765 2712 3091 2783 δυναμένους
3114 2752 3128 2772 .
3161 2713 3211 2766 οἰ
3241 2713 3295 2765 δὲ
3335 2710 3408 2781 τῷ
3437 2709 3601 2781 Κυρίῳ
3625 2705 3702 2758 τῶν

2219 2804 2502 2872 προφητῶν
2526 2804 2582 2858 ἐν
2608 2804 2754 2874 πάσῃ
2787 2806 2850 2876 τῇ
2875 2803 3186 2872 Αἰγυπτίων
3211 2802 3358 2876 χώρᾳ
3391 2800 3704 2869 θυσιαστήριον

2217 2893 2337 2946 καθ’
2383 2894 2613 2967 ἑκάστην
2655 2896 2945 2966 ἐκκλησίαν
3011 2897 3439 2967 συστησάμενοι,
3465 2894 3516 2947 ἓν
3550 2910 3600 2945 τε
3618 2890 3703 2951 ui;

2218 2984 2423 3054 θλίψεσι
2474 2987 2566 3040 καὶ
2607 2991 2718 3050 τοῖς
2766 2990 2883 3041 κατ’
2932 2988 3108 3041 αὐτῶν
3159 2989 3416 3059 διωγμοῖς
3463 2983 3618 3040 οὐκέτι
3659 2980 3706 3032 τὰ

2218 3075 2457 3130 κνώδαλα
2474 3120 2488 3142 ,
2522 3077 2641 3131 οὐδὲ
2670 3078 2737 3132 τά
2775 3078 2979 3150 ἐρπετά
3005 3079 3104 3148 τῆς
3131 3081 3242 3151 γῆς
3263 3119 3276 3140 ,
3323 3079 3396 3142 ώς
3435 3078 3571 3138 θεοὺς
3589 3115 3601 3138 ,
3623 3071 3709 3126 οὐδὲ

2215 3169 2338 3230 τοὺς
2373 3171 2594 3238 ἀγρίους
2620 3170 2792 3242 θῆρας
2823 3172 2916 3225 καὶ
2943 3171 3011 3224 τά
3042 3172 3218 3240 ἄλογα
3255 3171 3366 3236 ζῶα
3389 3210 3404 3234 ,
3432 3169 3606 3241 ὁμοίως
3629 3167 3709 3224 τοῖς

2215 3261 2390 3313 αὐτῶν
2424 3261 2686 3332 πατράσι,
2714 3260 2848 3314 ἀλλά
2891 3255 2979 3314 τὸν
3022 3262 3110 3313 ἐπὶ
3143 3261 3364 3315 πάντων
3405 3258 3524 3313 Θεὸν
3563 3257 3709 3310 ἐπικα-

2214 3351 2460 3422 λούμενοι
2481 3391 2495 3414 ν
2534 3353 2628 3406 καὶ
2673 3352 2829 3423 μόνον
2865 3352 3024 3405 αὐτὸν
3055 3353 3149 3406 καὶ
3179 3352 3278 3406 τὸν
3323 3350 3481 3405 αὐτοῦ
3510 3347 3644 3419 φόϐον
3669 3347 3710 3396 ἐν

2213 3445 2332 3506 ταῖς
2367 3443 2543 3498 αὐτῶν
2575 3444 2830 3508 διανοίαις
2855 3444 3262 3514 κατειληφότες,
3285 3442 3550 3514 εὐχόμενοί
3569 3456 3618 3490 τε
3641 3436 3710 3489 αὐ-

2213 3533 2290 3605 τῷ
2323 3533 2504 3604 εὐχὰς,
2531 3534 2644 3588 ἀλλ’
2675 3537 2855 3589 οὐκέτι
2882 3537 2992 3599 τοῖς
3015 3535 3268 3606 δαίμοσι,
3313 3536 3405 3589 καὶ
3439 3529 3712 3588 ἀποδιδόντες

2214 3624 2311 3689 τὰς
2345 3625 2661 3696 θεοπρεπεῖς
2689 3625 3037 3695 ἐπαγγελίας,
3059 3625 3176 3691 πῶς
3208 3627 3308 3697 οὐχ
3336 3626 3514 3678 ἕπεται
3539 3634 3712 3688 συνομο-

2213 3717 2389 3786 λογεῖν
2438 3717 2530 3770 καὶ
2577 3715 2646 3770 τὰ
2691 3717 2796 3788 πρὸ
2839 3715 2946 3769 τῶν
2988 3716 3440 3788 ἀποτελεσμάτων
3485 3717 3556 3777 εἰς
3596 3711 3712 3782 ἔργον

2213 3809 2314 3880 ῆδη
2344 3808 2714 3880 κεχωρηκέναι
2739 3825 2752 3873 ;
2779 3803 2846 3880 ἦν
2873 3808 2931 3862 δέ
2964 3807 3132 3861 ταῦτα
3150 3848 3164 3873 ,
3201 3809 3297 3862 τοῦ
3336 3808 3529 3880 Κυρίου
3555 3818 3712 3872 παρου-

2217 3899 2304 3952 σία
2342 3900 2420 3962 εἰς
2451 3897 2722 3968 Αἴγυπτον
2751 3898 2849 3950 οὐκ
2879 3896 3167 3968 ἀσώματος
3199 3896 3586 3968 ἀποϐησομένη,
3614 3887 3713 3944 ἀλλά

2213 3988 2301 4044 διὰ
2341 3990 2568 4061 νεφέλης
2603 3989 2839 4060 κούφης,
2866 3988 2899 4060 ἢ
2930 3992 3023 4042 καὶ
3054 3989 3257 4059 μᾶλλον
3293 3990 3381 4043 διὰ
3411 3989 3594 4058 πάχους
3625 3981 3713 4033 ἐλα-

2216 4081 2371 4152 φροῦ.
2394 4082 2547 4135 Οὕτω
2570 4082 2676 4153 γὰρ
2707 4081 2768 4134 τὸ
2795 4080 3076 4153 Ἑϐραῖκὸν
3104 4082 3370 4154 περιέχει,
3391 4083 3485 4152 τὴν
3511 4079 3715 4145 ἔνσαρκον

2216 4172 2378 4227 αὐτοῦ
2425 4173 2724 4244 παρουσίαν
2755 4174 3138 4244 αἰνιττόμενον.
3173 4173 3378 4227 Τοῦτον
3411 4174 3466 4227 δὲ
3491 4168 3571 4225 οὖν
3593 4165 3715 4222 αὐτὸν

2215 4264 2417 4337 προῖὼν
2448 4265 2574 4337 ἑξῆς
2611 4268 2639 4320 ὁ
2671 4265 2826 4334 λόγος
2856 4265 3133 4336 ἄνθρωπον
3176 4267 3408 4338 Σωτῆρα
3431 4262 3713 4320 ἀπεκάλεσεν

567 4352 727 4424 415
744 4351 828 4406 bis
847 4351 1025 4406 verbis
1053 4369 1065 4404 :
1101 4370 1119 4402 ι
1155 4349 1219 4404 Et
1245 4350 1419 4405 mittet
1435 4349 1514 4404 eis
1532 4347 1790 4404 Dominus
1819 4351 2112 4414 hominem,

2219 4359 2425 4429 φήσας·
2466 4378 2484 4408 ι
2523 4359 2631 4412 Καὶ
2659 4358 2946 4411 ἀποστελεῖ
2983 4359 3162 4421 αὐτοῖς
3209 4359 3413 4431 Κύριος
3464 4355 3713 4425 ἄνθρωπον.

567 4445 659 4514 qui
687 4442 917 4499 salvabit
951 4457 1066 4496 eos.
1096 4459 1116 4493 ι
1144 4439 1276 4495 Nam
1311 4441 1399 4494 hic
1426 4455 1615 4497 rursus
1657 4440 1709 4494 in
1741 4440 2007 4497 Hebraico
2035 4443 2115 4498 si:

565 4543 651 4593 est
686 4555 698 4590 :
737 4553 754 4585 ι
793 4532 860 4587 Ει
895 4538 1070 4587 mittet
1101 4535 1178 4588 eis
1213 4533 1470 4589 Dominus
1496 4531 1851 4596 Salvatorem,
1879 4535 1971 4604 qui
2005 4535 2113 4590 sal-

569 4626 713 4681 vabit
741 4640 855 4680 eos.
889 4644 907 4675 ι
941 4622 1071 4688 Quae
1118 4638 1240 4678 cum
1279 4625 1412 4680 adeo
1440 4623 1742 4678 evidentem
1776 4623 2114 4680 demonstra-

565 4719 766 4774 tionem
796 4716 1104 4779 exhibeant,
1132 4716 1363 4771 arbitror
1380 4716 1539 4770 etiam
1565 4715 1894 4779 constitisse,
1919 4717 2114 4785 quibus

567 4809 900 4880 temporibus
945 4823 1008 4862 ea
1043 4808 1224 4862 futura
1250 4817 1592 4870 canerentur,
1627 4823 1746 4876 quae
1796 4807 1862 4862 ad
1903 4807 2115 4863 Domini

565 4902 853 4956 adventum
877 4901 943 4955 ad
968 4901 1210 4955 homines
1238 4900 1593 4968 pertinebant.
1624 4899 1748 4954 Haec
1773 4916 1905 4955 sane
1927 4901 2114 4970 paucis

566 4996 772 5051 anobis
793 4995 1017 5050 collecta
1053 5001 1199 5058 sunt,
1225 4996 1292 5050 de
1325 4993 1657 5064 temporibus
1692 4994 1888 5062 quibus
1927 4993 2112 5048 Domi-

565 5098 671 5137 nus
702 5081 803 5136 fuit
832 5085 898 5138 ad
947 5083 1193 5139 homines
1243 5091 1523 5137 venturus.
1573 5083 1734 5136 Plura
1787 5092 1966 5136 autem
2017 5099 2114 5154 per

565 5175 736 5230 otium
767 5175 1037 5247 quispiam
1061 5177 1331 5239 inveniet,
1358 5175 1404 5230 si
1435 5174 1672 5244 reliquas
1699 5175 1825 5230 item
1863 5176 2114 5248 Scriptu—

565 5281 656 5321 ras
678 5269 1024 5336 percnrrerit.
1053 5266 1160 5322 Nos
1191 5275 1370 5321 autem
1411 5269 1496 5324 bis
1517 5268 1754 5323 contenti
1785 5283 1904 5338 qua:
1927 5269 2116 5324 hacte-

564 5371 669 5412 nus
696 5357 836 5414 dicta
867 5366 1012 5422 sunt,
1027 5359 1138 5428 jam
1163 5375 1306 5414 nunc
1327 5361 1561 5429 reliquas
1589 5375 1802 5429 quoque
1833 5360 2114 5430 aggredia-

563 5467 688 5504 mur
722 5453 1049 5520 prophetias.
1084 5453 1263 5518 Quare
1293 5467 1414 5522 qua:
1445 5451 1511 5505 ab
1553 5451 1644 5505 illo
1688 5450 1828 5505 inter
1863 5452 2112 5508 homines

561 5556 664 5594 suo
703 5543 890 5596 ordine
929 5551 1057 5599 sunt
1098 5542 1468 5597 administrata
1495 5583 1508 5606 ,
1543 5558 1605 5597 ex
1647 5542 1845 5598 divinis
1877 5544 2111 5598 oraculis

555 5631 892 5699 colligamus.

2213 4449 2272 4512 ὃς
2298 4447 2459 4502 σώσει
2488 4449 2702 4514 αὐτούς.
2733 4469 2752 4502 ›
2793 4449 2961 4502 Πάλιν
2989 4448 3118 4516 γοῦν
3152 4449 3432 4503 κάνταῦθα
3462 4447 3517 4500 τὸ
3555 4442 3719 4513 Ἐὁραῖο

2217 4539 2330 4604 κὸν,
2364 4559 2382 4591 ι
2411 4540 2522 4592 Κοιί⁸
2553 4540 2842 4594 ἀποστελεῖ
2867 4541 3045 4602 αὐτοῖς
3072 4538 3279 4609 Κύριος
3312 4539 3557 4609 Σωτῆρα,
3575 4534 3624 4595 ὃς
3649 4528 3717 4613 σιῖν

2219 4650 2299 4686 σει
2327 4633 2520 4696 αὐτοὺς
2539 4672 2553 4695 ,
2583 4652 2602 4684 ι
2641 4632 2771 4702 ἔχει.
2801 4627 2900 4685 Ὧν
2925 4630 3096 4694 οὕτως
3123 4632 3332 4703 ἐναργῆ
3369 4632 3466 4703 τὴν
3500 4621 3717 4686 ἀπόδειξιν

2217 4725 2621 4798 παρεχομένων,
2651 4727 2888 4797 ἡγοῦμαι
2917 4727 3011 4779 καὶ
3040 4726 3164 4786 τοὺς
3192 4725 3421 4796 χρόνους
3450 4723 3621 4791 σαφεῖς
3651 4729 3718 4780 γε·

2215 4819 2446 4888 γονέναι,
2480 4819 2600 4873 καθ’
2626 4818 2718 4882 οὓς
2748 4818 2818 4871 τὰ
2843 4818 2942 4888 τῆς
2976 4818 3056 4880 εἰς
3088 4815 3412 4888 ἀνθρώπους
3438 4814 3527 4868 τοῦ
3556 4805 3716 4878 Κυρίου

2217 4911 2515 4981 παρουσίας
2546 4907 2875 4972 ἐθεσπίζετο.
2909 4907 3154 4961 Τοσαῦτα
3178 4907 3266 4961 διὰ
3302 4907 3540 4979 βραχέων
3569 4895 3644 4956 καί
3668 4893 3718 4947 τὰ

2217 5000 2343 5069 περὶ
2387 4999 2494 5053 τῶν
2542 5000 2746 5070 χρόνων
2796 4999 2896 5067 τῆς
2941 4997 3035 5051 τοῦ
3078 4998 3282 5069 Κυρίου
3328 5000 3408 5061 εἰς
3452 4992 3720 5065 ἀνθρώπους

2216 5091 2438 5159 φανείας
2464 5091 2722 5160 συνῆκται
2739 5106 2751 5118 ·
2769 5088 2985 5141 πλείονα
3005 5089 3048 5141 δ’
3075 5087 3139 5142 ἄν
3159 5106 3242 5151 τις
3261 5089 3356 5140 ἐπὶ
3385 5085 3566 5157 σχολῆς
3585 5079 3716 5149 εὖροι.

2216 5183 2307 5235 καὶ
2350 5181 2450 5244 τὰς
2491 5180 2680 5243 λοιπὰς
2721 5179 3009 5250 ἐκπεριιών
3038 5178 3278 5251 Γραφάς.
3316 5179 3503 5249 Ἡμεῖς
3529 5189 3586 5244 γε
3613 5169 3715 5241 μὴν.

2215 5274 2324 5334 τοῖς
2367 5271 2670 5342 εἰρημένοις
2709 5269 3093 5341 ἀρκεσθέντες,
3129 5269 3354 5340 μέτιμεν
3394 5269 3490 5340 ἥδη
3538 5263 3619 5316 καὶ
3650 5253 3719 5310 ἐπὶ

2215 5361 2312 5426 τὰς
2351 5362 2540 5426 λοιπὰς
2569 5363 2898 5434 προφητείας
2918 5403 2932 5427 ,
2963 5361 3028 5414 δι’
3061 5353 3135 5414 ὧν
3165 5362 3232 5415 τά
3261 5357 3653 5432 οἰκονομηθέντα
3675 5351 3720 5402 ἐν

2216 5453 2518 5525 ἀνθρώποις
2555 5454 2858 5518 ἀκολούθως
2894 5453 3041 5524 αύτῷ
3080 5455 3143 5506 ἐκ
3172 5453 3277 5508 τῶν
3317 5454 3474 5508 θείων
3514 5443 3722 5520 πριῆρρἦ

2219 5562 2352 5599 σεων
2384 5545 2765 5618 άναλεξόμεθα.
