1934 3098
320 149 370 177 6‘1

631 146 763 174 EUSEBII
781 146 1020 175 CESARIENSIS
1038 145 1112 173 ΟΡΙ)Γ
1129 144 1218 172 PARS
1236 144 1301 172 ll.-
1316 144 1563 174 APOLOGETICA.
1778 151 1807 179 διε

319 207 428 238 defecit,
444 211 573 240 vetusque
596 205 782 241 Egyptiorum
809 205 964 240 superstitio
986 213 1018 232 ex
1032 205 1082 232 ani:

1043 205 1092 232 mi-
1106 206 1126 233 Α
1140 202 1337 238 θεολογουμένῳ
1352 202 1410 238 Θεῷ
1419 211 1426 218 ·
1452 204 1476 229 εἰ
1495 202 1531 238 μὴ
1545 202 1657 229 σέσεισται
1666 203 1691 230 τὰ
1703 207 1806 242 χειροποίητς

320 260 373 280 mis
386 259 478 279 eorum
494 255 600 278 sublata
619 258 672 277 non
687 255 730 278 est
743 259 751 283 ;
771 254 908 285 praeterea,
924 250 946 277 si
967 257 1014 284 per
1035 250 1092 278 sin-

320 298 397 333 gulas
408 299 529 324 Civitates
543 300 569 323 et
584 304 631 330 per
644 296 764 331 singulas
782 296 887 327 domos,
904 295 1001 322 bellum
1023 295 1092 323 inle-

320 344 419 370 stinum
442 342 511 376 apud
537 341 677 377 Egyptios
700 350 754 369 non
780 345 935 376 grassatur,
957 341 1021 368 dum
1046 341 1090 367 alii

319 389 426 424 quidem
442 387 583 415 Dominum
597 391 624 415 et
635 388 736 414 cultum
754 386 800 414 Dei
813 386 1002 421 prophetarum
1019 386 1091 413 acci-

318 435 406 470 piunt,
422 441 596 468 erroremque
609 441 663 468 quo
677 433 711 460 ab
730 432 808 460 initio
824 431 891 460 deos
906 432 1005 460 multos
1016 432 1091 459 cole-

319 480 393 511 bant,
411 484 580 512 aversantur,
597 479 641 506 alii
666 486 730 506 vero
746 483 888 513 propterea
902 479 975 513 quod
994 479 1090 513 patriis

319 526 406 553 adimo
420 525 498 552 malis
512 524 601 553 all‘ecti
616 525 648 552 iis
663 525 811 556 adhaerent.
823 532 870 552 eos
889 524 934 559 qui
948 524 1090 552 Dominum

318 571 480 607 acceperint,
496 575 665 606 oppugnant,
681 571 704 597 si
729 578 783 597 non
805 570 884 598 hodie
899 577 1005 605 quoque
1026 570 1090 597 dum

317 625 381 645 suos
397 617 462 644 deos
481 624 583 651 suaque
612 617 768 648 simulacra,
787 625 890 652 eosque
908 616 954 652 qui
971 617 1005 644 de
1017 620 1089 644 terra

316 671 398 691 voces
415 663 551 695 emittunt,
566 666 593 690 et
619 663 755 698 Pythones
774 671 871 698 rogare
886 667 1029 694 conantur,
1046 662 1089 689 in-

319 706 418 734 fectum
434 710 514 741 atque
528 706 608 734 inane
630 707 662 733 ad
684 710 782 734 cuncta
806 706 862 734 haec
878 706 1029 741 perfugium
1043 714 1091 733 ex-

318 752 470 787 periuntur,
494 756 635 787 propterea
657 753 729 787 qttod
749 759 803 779 non
826 751 941 786 amplius
957 755 986 779 ut
1012 754 1090 778 antea

318 796 410 824 itidem
422 796 474 823 vim
486 804 561 823 suam
577 803 702 823 exercere
716 796 851 823 daemones
861 798 984 830 possunt;
998 794 1021 821 si
1036 801 1090 820 non

319 841 443 868 universa
459 841 514 868 haec
532 841 620 875 reipsa
644 841 722 868 linem
748 849 826 868 suum
854 840 989 868 invenisse
999 844 1091 867 osten-

317 887 441 914 duntur:
458 894 523 915 sane
547 887 667 914 nondum
690 887 833 922 quisquam
857 887 922 913 mihi
946 887 1091 914 arbitretur
1107 876 1127 903 Β

318 932 503 968 propheticum
529 940 590 960 esse
620 933 784 968 completum
812 932 970 963 oraculum,
1004 939 1091 967 neque

319 978 459 1005 Dominum
483 978 557 1005 illum
581 979 684 1013 ipsum,
707 985 786 1013 quem
812 978 948 1012 prophetae
973 982 1089 1010 canunt,

318 1023 388 1058 apud
403 1023 527 1050 homines
541 1023 650 1051 vixisse.
667 1023 695 1050 Si
710 1031 773 1050 vero
794 1031 823 1050 re
843 1023 911 1058 ipsa,
924 1031 983 1058 qua:
1001 1023 1091 1050 verbis

318 1069 397 1104 longe
415 1073 457 1097 est
478 1069 639 1101 evidentior,
657 1069 703 1101 qui
725 1068 869 1104 Egyptum
894 1068 1015 1095 incolunt
1032 1075 1091 1095 cer-

318 1119 419 1142 nuntur
442 1115 562 1147 interim,
579 1122 642 1149 pars
662 1114 770 1149 quidem
791 1113 982 1149 prophetarum
1007 1113 1091 1142 Deum

317 1161 471 1197 agnovisse,
483 1164 510 1188 et
524 1164 634 1195 propter
646 1160 720 1186 illum
737 1160 838 1194 patrios
852 1160 916 1187 deos
937 1160 1089 1194 reliquisse,

317 1207 363 1233 alii
379 1214 443 1233 vero
465 1210 561 1233 contra
583 1206 633 1232 hos
655 1205 802 1232 seditiones
818 1205 927 1233 assidue
941 1205 1089 1237 concitare,

317 1255 344 1279 et
359 1251 404 1278 alii
418 1250 484 1278 deos
498 1259 572 1282 suos,
594 1258 696 1285 suaque
711 1250 866 1282 simulacra,
882 1258 984 1284 eosque
996 1250 1043 1285 qui
1058 1249 1091 1278 de

317 1302 390 1324 terra
404 1304 484 1323 voces
497 1296 634 1327 emittunt,
650 1296 807 1323 invocantes
828 1295 895 1322 nihil
910 1303 990 1330 posse
1008 1294 1091 1330 proﬁ-

317 1349 389 1372 cere,
403 1340 447 1367 alii
468 1340 582 1366 Domino
606 1339 797 1374 prophetarum
816 1339 847 1374 in
873 1339 945 1366 omni
965 1338 1090 1374 [Egyptia

318 1386 436 1422 regione,
452 1386 535 1413 altare
549 1393 596 1419 per
613 1385 733 1421 singulas
749 1385 877 1412 ecclesias
899 1385 1028 1415 erexisse,
1048 1385 1090 1411 in-

318 1439 369 1467 que
392 1431 581 1459 amietionibus
603 1436 629 1458 et
648 1430 699 1458 sibi
720 1430 827 1458 infestis
848 1431 1089 1463 insectationibus,

318 1486 371 1505 non
388 1477 503 1512 amplius
517 1477 621 1504 belluas
634 1484 721 1511 neque
737 1476 842 1511 reptilia
862 1480 941 1503 terra:
954 1476 1030 1509 deos,
1044 1485 1091 1504 ne-

317 1532 370 1560 que
383 1527 502 1559 agrestes
513 1523 584 1550 feras
597 1527 623 1551 ct
635 1523 714 1550 bruta
727 1522 863 1553 animalia.
879 1527 1017 1558 parentum
1028 1530 1092 1550 suo-
1103 1541 1124 1569 C

317 1578 376 1598 rum
393 1570 489 1602 instar,
505 1569 551 1597 sed
565 1576 719 1604 supremum
740 1568 822 1595 Deum
838 1568 974 1600 invocare,
987 1569 1089 1596 solum-

316 1624 369 1651 que
382 1623 455 1647 eum,
470 1615 583 1649 ejusque
610 1614 732 1641 timorem
756 1614 784 1641 in
800 1613 857 1641 suis
874 1614 1010 1642 mentibus
1025 1622 1091 1641 con-

317 1665 423 1698 ceptum
440 1665 541 1692 tenere,
566 1667 716 1695 vovereque
737 1659 823 1687 eidem
840 1662 913 1691 vota,
928 1667 983 1686 non
1001 1663 1089 1686 autem

317 1708 483 1735 daemonibus
504 1710 533 1733 ut
550 1706 636 1742 prius,
652 1710 679 1733 et
702 1713 760 1740 qua:
783 1706 832 1740 ipsi
855 1705 908 1732 Deo
930 1706 1091 1732 conveniant

317 1752 451 1787 promissa
464 1752 578 1779 reddere
592 1761 600 1779 :
615 1758 664 1778 cur
683 1757 737 1777 non
760 1750 892 1784 sequitur,
914 1754 944 1777 ut
960 1750 1091 1777 fateamur

316 1798 398 1826 etiam
412 1805 454 1829 ea.
469 1804 531 1832 qua:
545 1797 620 1832 ipsos
632 1801 744 1824 eventus
759 1800 962 1823 antecesserunt
979 1796 1006 1823 in
1022 1804 1090 1831 opus

315 1844 370 1879 jam
393 1844 570 1879 processisse,
591 1850 641 1870 nec
661 1842 750 1869 futura
771 1843 886 1877 amplius
901 1842 927 1869 in
941 1846 1088 1877 posterum,

316 1890 365 1918 sed
387 1889 415 1917 in
438 1889 603 1924 praeteritum
626 1888 745 1915 abiisse?
763 1887 848 1915 Porro
876 1888 933 1923 ipsa
953 1888 1009 1915 haec
1027 1892 1090 1915 sunt

316 1935 402 1971 ipsius
420 1935 524 1962 Domini
539 1933 573 1961 ad
587 1933 728 1969 Egyptios
741 1933 804 1960 olim
822 1933 939 1965 futurus,
961 1940 1016 1960 non
1032 1933 1091 1960 sine

315 1989 429 2017 corpore
446 1981 587 2012 adventus,
602 1979 650 2007 sed
663 1987 710 2014 per
724 1978 823 2006 nubem
842 1979 938 2010 levem,
954 1985 985 2005 ac
1000 1978 1090 2013 potius

316 2034 364 2062 per
379 2026 587 2054 crassitudinem
603 2025 710 2060 agilem.
727 2023 772 2051 Sic
789 2024 860 2051 enim
878 2022 1025 2051 Hebraicus
1041 2024 1090 2050 ha-

316 2073 361 2100 bet
373 2076 527 2104 contextus,
542 2071 606 2098 dum
624 2070 697 2098 illius
713 2077 872 2105 corporeum
887 2069 1031 2097 adventum
1041 2070 1090 2097 ob-

316 2125 396 2146 scure
421 2116 565 2153 signiﬁcat.
593 2115 709 2143 Proinde
735 2115 806 2142 hunc
833 2115 921 2156 ipsum
948 2123 1089 2150 progressa

316 2163 423 2198 longius
455 2163 559 2194 oratio,
591 2161 726 2189 hominem
766 2160 933 2188 Salvatorcm
966 2162 1088 2194 vocavit,

1141 247 1287 282 Αἰγύπτου,
1298 248 1347 282 τῆς
1364 248 1428 283 περὶ
1438 247 1506 275 αὐτὰ
1519 248 1656 283 δαιμονικῑκ
1667 249 1763 284 δυνάμεως
1772 253 1807 279 Exi:

1140 292 1262 324 λοιπυίας
1270 313 1277 323 .
1291 293 1338 320 καὶ
1350 293 1398 328 τῆς
1411 293 1528 325 παλαιᾶς
1538 293 1705 329 δεισιδαιμονίας
1713 295 1736 321 ὲκ
1744 296 1777 331 τῆς
1788 298 1807 323 τᾶ

1140 339 1291 373 Αἰγυπτίων
1306 338 1394 374 ψυχῆς
1414 338 1542 374 ἀρθείσης
1551 347 1558 354 °
1573 339 1613 366 καὶ
1624 339 1654 366 ἔτι
1665 340 1715 376 πρὸς
1728 341 1797 374 τούτοις

1142 378 1178 420 μὴ
1195 384 1253 411 καθ’
1269 385 1385 420 ἑκάστην
1400 384 1476 411 πόλιν
1491 385 1538 411 καὶ
1549 384 1605 411 καθ’
1619 385 1706 412 ἕκαστον
1716 384 1767 413 οἷκον
1776 389 1807 414 et)

1142 439 1191 466 μος
1207 430 1336 466 ἐμφύλιος
1357 431 1412 462 τοῖς
1433 430 1589 464 Αἰγυπτίοις
1603 430 1735 463 συνίσταται,
1749 432 1785 459 τῶν
1797 442 1807 468 μ

1139 476 1184 504 τὸν
1206 476 1306 513 Κύριον
1328 477 1374 503 καὶ
1395 476 1425 503 τδ
1446 477 1526 509 σέϐας
1540 475 1587 503 τοῦ
1605 476 1659 503 Θεοῦ
1674 477 1716 504 τῶν
1731 486 1807 513 προφητ

1140 520 1344 557 ἀποδεξαμένων
1356 541 1364 554 ,
1391 521 1438 548 καὶ
1458 522 1665 557 ἀποστραφέντων
1682 523 1720 558 τὴν
1732 522 1753 555 ἐξ
1768 524 1807 549 αἰὼε

1140 565 1267 594 πολύθεον
1283 567 1385 603 πλάνην
1398 586 1406 599 ,
1429 567 1483 593 τῶν
1499 566 1527 593 δὲ
1539 587 1547 596 .
1568 567 1609 593 διὰ
1618 567 1642 594 τὸ
1654 569 1698 599 τοῖς
1710 568 1801 604 πατρίοις

1140 613 1352 649 προστετηκέναι
1376 614 1484 644 κακοῖς,
1503 613 1564 644 τοὺς
1580 611 1620 639 τὸν
1633 613 1713 648 Κύριον
1731 614 1806 648 «rapui:

1141 658 1236 693 μένους
1247 658 1432 694 πολεμούντων
1442 667 1449 674 ·
1466 660 1490 685 εἰ
1508 658 1544 694 μὴ
1559 658 1635 685 εἰσέτι
1648 658 1686 685 καὶ
1696 659 1759 695 δεῦρο
1769 661 1806 685 ire

1139 704 1187 739 τᾷν
1205 703 1366 740 πειρώμενοι
1379 705 1440 736 τοὺς
1455 705 1556 731 ἑαυτῶν
1569 704 1638 736 θεοὺς
1648 704 1722 731 καὶτὰ
1732 705 1807 740 ἁγάλμι

1140 749 1186 775 καὶ
1198 750 1260 781 τοὺς
1276 751 1307 776 ἐκ
1321 750 1371 785 τῆς
1384 751 1435 786 γῆς
1450 750 1601 785 φωνοῦντας
1610 770 1616 782 ,
1631 750 1670 777 καὶ
1682 750 1730 782 τοὺς
1742 751 1807 784 eam:

1142 794 1249 829 μύθους,
1261 795 1341 830 ἀτελῆ
1353 794 1399 822 καὶ
1412 796 1548 830 ἄπρακτον
1560 796 1607 831 τὴν
1619 796 1659 822 ἐπὶ
1670 795 1719 822 τάδε
1732 804 1807 829 καταφι

1140 839 1275 866 ποιοῦνται
1287 860 1294 872 ,
1307 840 1352 866 διὰ
1367 840 1397 867 τὸ
1411 841 1506 876 μηκέθ’
1519 840 1617 876 ὁμοίως
1630 841 1729 876 ἐνεργεῖν
1740 840 1807 866 δύνει-ς

1140 884 1232 920 ὥσπερ
1248 884 1276 910 τὸ
1289 885 1352 920 πρὶν
1364 904 1372 916 ,
1387 886 1449 917 τοὺς
1462 885 1605 921 δαίμονας·
1621 886 1643 912 εἰ
1663 885 1695 920 μὴ
1711 885 1784 911 πάντα
1795 893 1806 910 τ

1140 929 1228 965 ἔργοις
1242 930 1330 962 αὐτοῖς
1344 930 1418 962 τέλος
1439 930 1567 965 εἰληφότα
1580 930 1715 961 δείκνυται,
1731 930 1761 964 μή
1777 928 1807 954 πώ

1140 975 1273 1010 νομίζοιτο
1292 978 1322 1003 τὸ
1342 976 1506 1012 προφητικὸν
1522 975 1703 1011 πεπληρῶσθαι
1717 975 1803 1009 λόγιον,

1139 1020 1184 1047 τὸν
1197 1021 1386 1057 θεσπιξόμενον
1401 1021 1500 1057 Κύριον
1512 1021 1722 1057 ἐπιδεδημηκέναι
1735 1021 1767 1056 τῷ
1780 1020 1807 1055 βίι

1140 1067 1295 1103 ἀνθρώπων.
1311 1068 1341 1094 Εἰ
1353 1068 1380 1094 δὲ
1393 1067 1483 1099 αὐτοῖς
1494 1067 1584 1103 ἔργοις
1598 1067 1663 1094 κατὰ
1678 1067 1737 1094 πολὺ
1747 1066 1807 1093 τῶν]

1140 1113 1342 1150 ὲναργεστέροις
1357 1114 1438 1141 εἰσέτι
1456 1114 1534 1149 δεῦρο
1551 1113 1706 1148 θεωροῦνται
1718 1113 1740 1139 οἰ
1754 1113 1795 1148 τὴν

1140 1168 1205 1186 πτον
1222 1159 1366 1191 οἰκοῦντες,
1379 1160 1403 1186 οἱ
1421 1160 1470 1195 μὲν
1485 1159 1531 1186 τὸν
1547 1159 1613 1185 Θεὸν
1631 1158 1682 1185 τῶν
1697 1158 1807 1194 προφητᾱ

1140 1206 1296 1240 εγνωκότες,
1310 1207 1357 1233 καὶ
1367 1206 1400 1232 δι’
1412 1206 1490 1233 αὐτὸν
1504 1206 1566 1238 τοὺς
1584 1206 1708 1241 πατρίους
1721 1204 1807 1232 natals

1139 1260 1185 1283 τες
1197 1251 1283 1283 θεοὺς,
1294 1253 1318 1278 οἱ
1332 1252 1359 1278 δὲ
1376 1249 1442 1287 πρδς
1453 1251 1566 1283 τούτους
1584 1250 1774 1282 στασιαστικῶς
1786 1250 1807 1284 ἐκ

1140 1297 1187 1323 καὶ
1199 1297 1224 1323 οἰ
1244 1297 1292 1332 μὲν
1304 1297 1365 1328 τοὺς
1383 1297 1459 1328 θεοὺς
1476 1296 1564 1323 αὐτῶν
1580 1297 1661 1323 εἰσέτι
1677 1297 1722 1323 νῦν
1735 1297 1807 1322 ὲπικα

1140 1350 1179 1368 νοι
1191 1343 1236 1368 καὶ
1249 1342 1281 1369 τὰ
1291 1342 1444 1378 ἀγάλματα,
1456 1343 1502 1369 καὶ
1513 1343 1575 1374 τοὺς
1585 1344 1618 1369 ὲκ
1630 1343 1680 1377 τῆς
1692 1342 1742 1377 γῆς
1753 1351 1807 1376 φωνι

1143 1387 1223 1423 μηδέν
1236 1396 1265 1414 τε
1281 1388 1399 1424 ἐνεργεῖν
1414 1388 1577 1423 δυναμένους
1589 1409 1596 1418 ,
1612 1389 1637 1415 οἰ
1652 1389 1680 1415 δὲ
1700 1388 1738 1423 τῷ
1753 1389 1807 1423 Κυρ

1141 1434 1283 1468 προφητῶν
1294 1434 1323 1461 ὲν
1336 1434 1409 1469 πάσῃ
1425 1435 1457 1470 τῇ
1469 1434 1625 1468 Αἰγυπτίων
1637 1433 1715 1470 χώρᾳ
1731 1434 1807 1460 homo

1140 1479 1200 1505 καθ’
1223 1479 1338 1516 ἑκάστην
1359 1480 1504 1515 ἐκκλησίαν
1538 1481 1757 1516 συστησάμενοι,
1772 1480 1798 1506 ἐν

1141 1524 1243 1559 θλίψεσι
1269 1526 1314 1552 καὶ
1335 1528 1391 1557 τοῖς
1414 1527 1474 1553 κατ’
1498 1526 1587 1553 αὐτῶν
1612 1527 1748 1562 διωγμοῖς
1773 1526 1806 1553 ου

1141 1569 1276 1603 κνώδαλα,
1293 1571 1352 1598 οὐδὲ
1367 1571 1400 1598 τὰ
1419 1571 1521 1607 ἑρπετά
1534 1571 1585 1607 τῆς
1599 1573 1654 1607 γῆς
1665 1592 1672 1603 ,
1698 1572 1737 1604 ὡς
1759 1571 1806 1598 θεοἶ

1139 1616 1201 1647 τοὺς
1218 1617 1329 1651 ἀγρίους
1342 1617 1427 1653 Θῆρας
1443 1618 1490 1644 καὶ
1503 1617 1537 1644 τὰ
1552 1618 1642 1653 ἀλογα
1662 1618 1725 1650 ζῶα,
1738 1638 1745 1650 ,
1760 1619 1806 1654 sp!

1139 1662 1227 1689 αὐτῶν
1244 1663 1375 1698 πατράσι,
1389 1662 1456 1689 ἀλλὰ
1477 1662 1521 1689 τὸν
1542 1664 1588 1689 ὲπὶ
1605 1663 1724 1690 πάντων
1747 1662 1806 1689 Θεοι

1139 1707 1279 1743 λούμενοι,
1299 1709 1345 1735 καὶ
1368 1708 1446 1744 μόνον
1464 1708 1544 1735 αὑτὸν
1559 1709 1608 1735 καὶ
1625 1709 1676 1736 τὸν
1702 1708 1792 1735 αὐτοῦ

1138 1755 1198 1785 ταῖς
1215 1754 1303 1781 αὐτῶν
1319 1754 1447 1786 διανοίαις
1459 1754 1670 1789 κατειληφότες,
1682 1755 1806 1790 εὐχόμεν

1138 1798 1177 1835 τῷ
1193 1799 1284 1834 εὐχὰς,
1297 1799 1353 1826 ἀλλ’
1370 1800 1459 1826 οὐκέτι
1472 1801 1528 1832 τοῖς
1539 1800 1674 1836 δαίμοσι,
1699 1801 1754 1827 καὶ.
1773 1801 1806 1827 ἀτ

1139 1844 1187 1876 τὰς
1204 1844 1362 1880 θεοπρεπεῖς
1376 1844 1550 1880 ἐπαγγελίας,
1561 1846 1625 1878 πῶς
1641 1846 1699 1882 οὐχ
1716 1846 1806 1872 ἕπετα

1139 1890 1226 1925 λογεῖν
1251 1890 1296 1917 καὶ
1320 1890 1354 1917 τὰ
1377 1890 1430 1926 πρὸ
1451 1890 1505 1917 τῶν
1525 1891 1777 1927 ἀποτελεσμάτων
1805 1902 1806 1906 η

1139 1936 1188 1972 ἠδη
1204 1936 1389 1972 κεχωρηκέναι
1401 1945 1408 1968 ;
1421 1934 1455 1972 ἦν
1468 1936 1497 1963 δὲ
1514 1936 1599 1963 ταῦτα
1609 1956 1618 1969 ,
1638 1937 1696 1964 τοῦ
1720 1938 1806 1973 Κυρίι

1140 1981 1184 2008 σία
1202 1982 1241 2013 εἰς
1257 1980 1392 2015 Αἴγυπτον
1407 1981 1456 2007 οὐκ
1472 1980 1620 2016 ἀσώματος
1638 1982 1806 2018 ἀποϐησομ

1138 2026 1182 2054 διὰ
1202 2027 1315 2062 νεφέλης
1333 2027 1451 2062 κούφης,
1464 2026 1481 2062 ἢ
1496 2028 1543 2053 καὶ
1559 2026 1675 2062 μᾶλλον
1698 2028 1752 2054 διὰ
1770 2030 1806 2054 πε

1139 2072 1217 2108 φροῦ.
1228 2073 1305 2099 Οὕτω
1317 2073 1369 2109 γὰρ
1385 2073 1416 2100 τὺ
1429 2072 1569 2109 Ἐϐραῖκὸν
1585 2074 1746 2110 περιέχει,
1758 2075 1805 2109 τὴ·

1140 2118 1221 2145 αὑτοῦ
1244 2119 1394 2154 παρουσίαν
1409 2119 1602 2154 αἰνιττόμενον.
1625 2120 1756 2147 Τοῦτον
1777 2121 1805 2147 δὲ

1139 2164 1240 2200 προῖὼν
1256 2164 1318 2201 ἑξῆς
1337 2166 1351 2192 ὁ
1367 2165 1445 2199 λόγος
1460 2165 1600 2200 ἀνθρωπον
1626 2166 1774 2202 Σωτῆρα
1792 2169 1805 2193 ὁ

315 2207 395 2244 415
404 2208 446 2235 bis
456 2207 544 2235 verbis
558 2216 564 2234 :
582 2217 591 2233 ι
609 2206 642 2233 Εῑ
654 2207 741 2234 mittet
749 2206 789 2234 eis
797 2205 927 2234 Dominus
941 2207 1075 2234 hominem

1020 2215 1088 2239 nem,
1105 2215 1127 2244 υ
1141 2211 1244 2246 φήσας·
1264 2221 1273 2236 ι
1293 2212 1347 2238 Καὶ
1361 2211 1505 2238 ἀποστελεῖ
1522 2212 1618 2243 αὐτοῖς
1649 2213 1783 2249 Κύριος

315 2254 362 2289 qui
376 2253 490 2281 salvabit
507 2260 565 2280 eos.
580 2261 590 2278 ι
604 2251 670 2279 Nam
688 2252 731 2279 hic
745 2259 839 2280 rursus
861 2252 886 2279 in
902 2252 1035 2280 llebraieo
1049 2253 1089 2280 si:

315 2303 357 2328 est
375 2309 381 2326 :
400 2308 409 2324 ι
428 2298 461 2325 Et
479 2301 567 2325 mittet
582 2299 621 2326 eis
638 2298 766 2326 Dominus
779 2297 957 2330 Salvatorem,
970 2299 1017 2333 qui
1034 2298 1088 2327 sal-

316 2344 388 2372 vabit
402 2351 460 2371 eos.
476 2354 485 2369 ι
502 2343 567 2376 Quae
590 2351 652 2371 cum
671 2344 737 2371 adeo
752 2343 902 2371 evidentem
919 2343 1089 2371 demonstra-

315 2390 415 2418 tionem
430 2390 583 2420 eshibeant,
597 2389 713 2416 arbitror
722 2389 801 2416 etiam
814 2390 978 2421 constitisse,
991 2390 1088 2425 quibus

315 2436 482 2471 temporibus
504 2443 535 2462 ea
553 2435 643 2462 futura
656 2440 828 2467 cant-rentur.
845 2443 905 2470 quae
929 2435 962 2462 ad
983 2435 1088 2463 Domini

314 2482 458 2509 adventum
470 2482 503 2509 ad
515 2482 637 2509 homines
650 2482 828 2516 pertinebant.
843 2481 905 2509 Ilaec
918 2490 984 2509 sane
995 2483 1088 2517 paucis

315 2529 418 2557 anobis
428 2529 540 2556 collecta
558 2532 631 2561 sunt,
644 2530 677 2556 de
694 2528 860 2564 temporibus
877 2529 976 2563 quibus
994 2528 1087 2556 Domi—

314 2580 367 2599 nus
383 2572 433 2599 l'uit
448 2574 480 2600 ad
505 2573 628 2601 homines
653 2577 793 2600 venturus.
818 2573 898 2599 Plura
925 2578 1015 2600 autem
1040 2582 1088 2608 per

315 2618 400 2646 otium
416 2619 550 2654 quispiam
562 2619 697 2651 inveniet,
710 2619 733 2646 si
749 2619 867 2654 reliquas
881 2619 944 2647 item
963 2620 1088 2656 Scriptu»

315 2671 361 2691 ras
372 2666 543 2699 percurrerit.
558 2664 612 2693 Nos
627 2669 716 2692 autem
737 2666 779 2693 his
790 2666 908 2693 contenti
924 2673 984 2700 qua:
995 2666 1089 2693 hacte-

315 2717 367 2737 nus
380 2710 451 2737 dicta
465 2711 601 2745 sunt,jam
613 2719 684 2738 nunc
695 2712 812 2746 reliquas
825 2719 932 2746 quoque
948 2712 1088 2747 aggredia-

316 2765 376 2783 mur
393 2757 556 2791 prophetias.
573 2758 663 2790 Quare
678 2765 738 2792 qum
754 2757 787 2784 ab
808 2757 853 2784 illo
875 2757 945 2784 inter
963 2758 1087 2785 homines

316 2809 366 2828 suo
384 2802 478 2828 ordine
497 2806 560 2829 sunt
580 2802 765 2829 administrata
779 2823 786 2834 ,
803 2810 834 2830 ex
855 2803 953 2830 divinis
969 2804 1086 2830 oraculis

316 2848 483 2882 colligamus.

1139 2256 1168 2288 ὃς
1180 2255 1261 2283 σώσει
1276 2256 1382 2289 αὐτούς.
1398 2267 1407 2283 ι
1428 2256 1512 2283 Πάλιν
1526 2256 1592 2291 γοῦν
1611 2258 1795 2285 κάνταῦθα

1140 2301 1196 2333 κδν,
1213 2311 1222 2327 t
1237 2302 1292 2328 Καὶ
1308 2302 1452 2329 ἀποστελεῖ
1464 2302 1554 2334 αὐτοῖς
1568 2301 1699 2337 Κύριος
1722 2304 1797 2330 Σωῖ

1141 2357 1181 2375 σει
1195 2348 1291 2380 αὐτοὺς
1301 2368 1308 2380 ,
1323 2358 1332 2374 ι
1352 2348 1417 2383 ἔχει.
1432 2345 1481 2375 Ὧν
1493 2347 1581 2380 οὕτως
1595 2349 1735 2385 ἐναργῆ
1762 2360 1779 2375 τ

1140 2395 1342 2431 παρεχομένων,
1357 2395 1476 2430 ἡγοῦμαι
1490 2395 1537 2422 καὶ
1551 2395 1621 2426 τοὺς
1641 2396 1777 2431 χρόνον.

1139 2441 1254 2475 γονὲναι,
1272 2442 1331 2468 καθ’
1345 2441 1390 2473 οὓς
1406 2441 1440 2467 τὰ
1453 2442 1502 2476 τῆς
1520 2442 1559 2472 εἰς
1576 2440 1767 2477 ἀνθρώποχ

1140 2488 1288 2522 παρουσίας
1305 2486 1469 2518 ἑθεσπίζετο.
1486 2486 1615 2513 Τοσαῦτα
1632 2486 1701 2515 διὰ
1723 2488 1766 2524 β(
1786 2500 1792 2503 ι

1141 2533 1202 2566 περὶ
1226 2533 1277 2558 τῶν
1302 2533 1404 2567 χρόνων
1429 2532 1479 2566 τῆς
1502 2531 1549 2558 τοῦ
1570 2531 1713 2568 Kup‘tou
1746 2543 1758 2559 :

1140 2578 1249 2611 φανείας
1264 2578 1392 2612 συνῆκται
1401 2586 1407 2591 ·
1417 2577 1524 2603 πλείονα
1533 2577 1556 2604 δ’
1569 2575 1605 2604 ἂν

1140 2624 1185 2649 καὶ
1207 2624 1255 2653 τὰς
1277 2622 1371 2654 λοιπὰς
1393 2623 1484 2649 ὲκπεσ-
1505 2622 1508 2625 ’
1741 2625 1750 2632 '

1140 2669 1193 2698 τοῖς
1215 2668 1366 2703 εἰρημένοις
1386 2669 1448 2703 ἀρκί

1140 2713 1187 2744 τὰς
1207 2714 1300 2745 λοιπὰς
1316 2722 1416 2749 προφπ

1140 2759 1289 2794 ἀνθρώποις
1309 2759 1392 2786 ἀκολοε

1142 2813 1207 2830 σίων
1224 2805 1376 2841 ἀναλεξόμε
