3922 6200
526 251 636 309 εξίί

1168 245 1437 303 Ευδειιιι
1473 238 1951 301 αΑῑεΑιιιεΝειε
1990 238 2077 295 ΟΡ

2187 236 2373 327 PAllS.
2411 238 2477 295 ll.
2500 267 2571 282 --
2607 236 3111 297 APOLOGETICA.

3678 249 3783 307 05!

534 379 758 437 eventu,
782 368 1164 426 declarabitur.
1201 368 1336 424 Cum
1382 367 1545 438 igitur
1582 363 1816 435 primum
1853 360 2078 415 omniun

2199 356 2298 430 τῆς
2316 359 2585 429 γενέσεως
2615 357 2780 412 αὐτοῦ
2802 397 2817 422 ,
2846 358 3036 428 γένους
3058 375 3119 413 τε
3145 359 3239 414 καὶ
3265 359 3458 433 φυλῆς,
3489 361 3584 415 καὶ
3616 365 3778 435 σπέρ-

532 478 624 527 ea,
658 477 780 533 qua:
808 462 877 518 ad
906 461 1054 518 illius
1097 471 1150 516 et
1186 467 1387 523 ortum,
1420 465 1476 513 et
1498 471 1692 527 genus.
1716 463 1770 509 et
1792 452 2015 519 tribum,
2049 467 2078 507 e

2209 468 2375 524 ματος
2397 448 2775 505 ἀποδέδεικται
2804 490 2821 515 ,
2848 450 2981 522 φέρε
3010 450 3078 506 τά
3118 454 3249 526 περὶ
3276 454 3370 508 τοῦ
3401 455 3661 524 φανέντος
3692 458 3779 512 ἐπὶ

534 569 718 610 semen
754 553 1050 625 pertinent,
1080 551 1455 608 demonstrata
1500 548 1639 611 siut,
1661 561 1808 601 nunc
1831 545 1944 616 jam
1972 544 2078 615 quit

2204 548 2270 616 τῇ
2297 544 2506 613 γενέσει
2531 543 2699 598 αὑτοῦ
2727 544 2848 598 νέου
2870 545 3016 610 τινος
3038 547 3132 600 καὶ
3159 546 3461 613 ξενίζοντος
3482 550 3636 621 παρά
3659 551 3778 617 τοίς

531 646 599 701 de
632 644 810 700 sidere
838 645 931 699 illo
961 644 1033 698 sit
1060 642 1374 707 dicendum,
1403 638 1550 712 quod
1582 654 1781 694 novum
1827 643 1883 693 et
1916 636 2106 693 insoli-

530 745 646 792 tum
674 746 871 808 pratter
898 745 1162 793 consueta
1195 746 1250 791 et
1280 736 1440 791 nobis
1466 733 1683 805 cognita
1717 731 1895 787 sidera
1926 732 1982 784 in
2015 746 2108 784 οτι

2207 637 2461 710 συνήθεις
2504 637 2734 710 ἀστέρος
2759 636 3081 708 θεασώμεθα
3104 656 3120 671 ο
3149 642 3275 695 ἐπεὶ
3302 641 3400 696 καὶ
3429 642 3586 696 τοῦτο
3618 643 3777 697 πάλαι

2204 732 2466 805 πρότερον
2500 731 2563 784 ἐκ
2611 731 2837 804 μακρῶν
2885 731 3092 787 ἀνωθεν
3125 734 3335 805 χρόνων
3375 738 3531 807 παρά
3564 737 3781 791 Μωῦσεῖ

530 838 591 885 ιιι
620 831 769 888 illius
796 830 1044 896 emicuit,
1074 845 1264 901 quazso
1324 827 1781 899 contemplemur.
1832 824 1968 878 Nam
1999 824 2078 878 lto

2207 821 2478 895 βοώμενον
2507 819 2695 875 τοῦτον
2726 821 3004 895 ἱστόρηται
3031 822 3124 877 τὸν
3149 824 3371 896 τρόπον.

526 926 944 999 ipsumquoque
960 926 1285 997 jampridem
1320 925 1388 980 ab
1415 922 1658 993 antiquis
1681 936 1854 992 usque
1875 928 1929 976 et
1950 919 2144 991 primis
2166 919 2507 991 temporibus
2537 916 2681 989 apud
2703 915 2906 974 Moscm
2930 917 3265 976 celebratum
3300 920 3602 987 invenitur,
3626 929 3780 993 atque

528 1021 585 1075 in
613 1021 760 1076 hunc
786 1020 1006 1076 modum
1040 1019 1373 1090 expositum.

522 1144 567 1197 Α
609 1141 662 1195 Ν
668 1142 880 1197 umeris.
902 1169 972 1181 —
993 1140 1069 1194 De
1096 1140 1251 1194 rebus
1280 1137 1564 1193 secundum
1594 1136 1883 1191 humanam
1907 1134 1973 1189 ab
2004 1133 2099 1189 illo

597 1222 921 1280 assumptum
962 1222 1213 1264 naturam
1246 1208 1506 1280 gerendis,
1546 1218 1595 1263 et
1627 1208 1691 1262 de
1716 1207 1873 1262 stella
1901 1222 2019 1277 qua:
2042 1205 2098 1259 in

568 1294 719 1349 ,ortu
748 1282 1048 1337 Saluatoris
1075 1284 1245 1335 nostri
1279 1282 1545 1350 apparuit.

595 1452 772 1511 Moses
799 1457 855 1510 in
888 1452 1141 1510 Numeris
1167 1455 1234 1511 de
1261 1456 1438 1519 stella,
1470 1470 1591 1526 quae
1610 1455 1664 1509 in
1695 1462 1817 1509 ortu
1850 1453 2099 1510 Salvato~

2220 1129 2352 1186 Ἀπὸ
2373 1129 2490 1185 τῶν
2502 1126 2796 1208 “plough.
2815 1157 2886 1170 —
2899 1127 3035 1208 ιζερὶ
3052 1128 3169 1208 td»;
3184 1132 3336 1188 κατὰ
3356 1133 3469 1208 τὴν⁶
3491 1137 3770 1208 ἐγω-θιὼ

2278 1218 2470 1279 auctr
2531 1200 2718 1279 αὐτοῦ
2769 1199 3303 1279 πραχθησομένη,
3364 1199 3463 1260 καὶ
3507 1211 3643 1279 περὶ
3671 1199 3778 1265 τοῦ

2274 1268 2568 1341 φανέντος
2596 1270 2693 1325 ἐπὶ
2730 1268 2807 1339 τῇ
2839 1268 3095 1342 γενέσει
3116 1271 3387 1343 Σωτῆρος
3420 1268 3776 1348 πὶμῶνῖάστέ-

2265 1360 2397 1412 ροςο

2273 1457 2538 1527 Μωῦσῆς,
2574 1457 2633 1509 ὲν
2676 1453 2980 1525 Ἀριθμοῖς,
3013 1455 3253 1527 περὶτοῦ
3302 1458 3563 1527 φανέντος
3586 1463 3680 1516 ἐπὶ
3712 1466 3772 1537 τῇ

523 1546 600 1602 ris
629 1547 802 1603 nostri
836 1546 953 1603 visa
986 1554 1091 1613 est,
1115 1547 1230 1603 haec
1285 1547 1360 1601 ait
1396 1564 1409 1601 :
1452 1565 1471 1598 ι
1512 1545 1657 1601 Dixit
1688 1545 1910 1600 Balaam
1946 1546 2078 1601 filius

2199 1547 2521 1619 γενέσειτοῦ
2550 1546 2803 1618 Σωτῆρος
2835 1545 2991 1617 ἡμῶν
3012 1546 3238 1619 ἀστέρος
3254 1550 3385 1619 φησί
3403 1568 3419 1582 ο
3458 1570 3477 1603 ι
3507 1553 3650 1625 Φησὶ
3677 1555 3775 1609 Ba-

522 1638 682 1706 Bcor,
711 1638 855 1695 dixit
906 1640 1068 1696 homo
1106 1641 1200 1712 qui
1254 1654 1382 1695 vere
1429 1637 1596 1703 videt,
1627 1638 1721 1725 qui
1745 1637 1899 1694 audit
1925 1638 2078 1694 verba

2198 1641 2348 1714 λαάμ
2375 1641 2488 1705 υἱὸς
2511 1637 2686 1713 Βεὼρ,
2705 1637 2871 1711 φησιν
2900 1639 2930 1690 6
2957 1637 3242 1710 ἄνθρωπος
3270 1641 3584 1713 ὁάληθινῶς
3613 1646 3769 1718 ὁρῶν,

518 1731 636 1797 Dei,
663 1733 757 1804 qui
788 1732 941 1788 novit
988 1731 1272 1787 scientiam
1312 1726 1602 1796 Altissimi,
1626 1732 1680 1787 et
1701 1731 1796 1802 qui
1826 1730 2078 1788 visionen

2190 1732 2407 1788 ἀκούων
2425 1733 2580 1803 λόγια
2597 1730 2754 1798 θεοῦ,
2772 1734 3133 1804 ἐπιστάμενος
3150 1735 3460 1810 ἐπιστήμην
3493 1739 3768 1809 Ὑψίστου,

516 1823 615 1880 Dei
648 1825 802 1891 vidit,
832 1825 888 1880 iu
941 1840 1135 1881 somno
1188 1824 1363 1895 aperti
1421 1823 1565 1878 oculi
1611 1823 1733 1892 ejus
1769 1822 2078 1880 :ostendau

2196 1828 2288 1881 καὶ
2310 1828 2499 1898 ὅρασιν
2526 1825 2623 1880 τοῦ
2651 1826 2787 1880 Θεοῦ
2824 1824 2968 1893 ίδὼν,
2990 1828 3048 1881 ὲν
3079 1826 3232 1900 ὕπνῳ
3260 1831 3769 1905 ἀποκεκαλυμμὲνοι

517 1916 618 1982 illi,
647 1915 744 1972 sed
773 1931 883 1972 non
917 1932 1064 1972 nunc
1102 1935 1116 1970 :
1153 1916 1372 1983 beatum
1402 1913 1551 1979 dico,
1587 1912 1683 1970 sed
1732 1930 1842 1970 non
1897 1930 2094 1986 appro-

515 2010 745 2081 pinquat
779 2027 792 2064 :
823 2009 1036 2065 orietur
1076 2008 1235 2063 stella
1263 2023 1332 2064 ex
1363 2003 1554 2071 Jacob,
1587 2014 1642 2062 ct
1686 2014 1874 2078 surget
1929 2007 2093 2061 homo

513 2115 582 2155 cx
614 2100 798 2164 Israel,
817 2110 870 2156 et
894 2099 1107 2171 franget
1130 2099 1390 2155 ductores
1425 2096 1606 2164 Moab,
1635 2107 1689 2155 et
1716 2099 1961 2170 captivos
1990 2099 2092 2154 du-

513 2198 601 2247 cet
632 2206 823 2247 omnes
859 2191 1001 2248 ﬁlios
1033 2190 1185 2254 Setb,
1210 2199 1265 2247 et
1319 2192 1422 2247 erit
1476 2190 1649 2247 Edom
1707 2189 2016 2256 hatreditas,
2038 2199 2092 2247 et

512 2283 617 2337 erit
637 2284 926 2341 bacreditas
964 2283 1107 2341 Esau
1140 2284 1397 2340 inimicus
1420 2283 1561 2354 ejus,
1585 2293 1640 2339 et
1672 2280 1838 2340 Israel
1868 2282 2001 2339 fecit
2035 2285 2089 2341 in

511 2375 730 2442 robore,
761 2387 815 2434 et
836 2378 1171 2433 excitabitur
1197 2391 1265 2432 ex
1301 2374 1492 2441 Jacob,
1532 2383 1586 2431 et
1614 2376 1804 2447 perdet
1822 2391 1971 2440 eum,
1996 2378 2089 2447 qui

511 2476 774 2524 servatur
810 2467 879 2525 de
905 2469 1130 2524 civitate
1154 2469 1220 2525 ι’.
1265 2487 1284 2521 ι
1325 2465 1438 2522 Hoc
1480 2469 1740 2523 vaticinio
1789 2480 2092 2527 commotos

510 2558 589 2613 ait
621 2576 974 2616 successores
1007 2560 1225 2615 Balaam
1263 2556 1339 2630 (id
1364 2560 1509 2615 enim
1538 2559 1811 2617 incolume
1846 2562 2090 2618 exstitis-

510 2666 571 2706 se
615 2650 817 2711 adhuc,
852 2659 910 2704 ut
966 2665 1067 2721 par
1126 2657 1233 2712 est,
1290 2648 1434 2719 apud
1487 2649 1635 2715 illos,
1667 2664 1791 2704 cum
1838 2649 1894 2704 in
1949 2651 2089 2705 coelo

507 2740 754 2811 ignotum
812 2741 1086 2813 quoddam
1140 2741 1296 2797 sidus
1346 2750 1543 2811 praeter
1595 2741 1812 2812 cognita
1849 2742 2008 2799 nobis
2035 2749 2090 2798 et

508 2841 795 2900 consueta,
833 2849 1002 2905 supra
1049 2835 1343 2900 verticem,
1376 2843 1436 2888 ut
1486 2834 1568 2891 sic
1613 2833 1867 2898 dixerim.
1912 2844 1967 2892 et
2018 2835 2088 2891 ad

509 2926 961 2997 perpendiculum
1007 2933 1169 2982 teme
1196 2925 1396 2983 Judtezc
1437 2929 1795 2985 constitutum
1837 2929 2090 3001 inspexe-

2193 1918 2243 1972 οἱ
2271 1917 2536 1989 ὀφθαλμοὶ
2573 1915 2770 1971 αὐτοῦ’
2793 1915 2952 1983 δείξω
2984 1916 3153 1988 αὐτῷ,
3182 1919 3276 1972 καὶ
3303 1919 3425 1991 οὐχὶ
3453 1920 3573 1985 νῦν,
3600 1940 3769 1993 μακά.

2196 2009 2349 2082 ρίζω,
2379 2010 2473 2064 καὶ
2502 2008 2602 2063 οὐκ
2650 2009 2881 2079 ἐγγίζει.
2931 2008 3203 2063 Ἀνατελεῖ
3238 2010 3437 2083 ἄστρον
3460 2012 3519 2079 ἐξ
3559 2015 3767 2081 Ἰακὼϐ,

2193 2102 2288 2156 καλ⁸
2312 2102 2676 2171 ἀναστήσεται
2721 2100 3005 2175 ἄνθρωπος
3050 2101 3109 2169 ἐξ
3152 2101 3389 2176 Ἰσραὴλ,
3427 2105 3520 2158 καὶ
3547 2105 3767 2178 θραύσει

2190 2193 2317 2257 τοὺς
2345 2192 2623 2265 ἀρχηγοὺς
2650 2189 2845 2255 Μωάϐ,
2870 2191 2964 2246 καὶ
2991 2189 3352 2261 προνομεύσει
3376 2192 3591 2256 πάντας
3622 2193 3766 2257 υἱοὺς

2190 2283 2320 2356 Σήθ.
2353 2284 2462 2339 Καὶ
2496 2283 2646 2337 ἔσται
2687 2280 2862 2353 Έδὼμ
2883 2281 3235 2353 κληρονομία,
3269 2282 3362 2336 καὶ
3385 2281 3541 2337 ἔσται
3578 2283 3766 2355 κληρο-

2191 2376 2353 2448 νομία
2423 2372 2593 2427 Ἡσαῦ
2635 2374 2664 2427 6
2704 2370 2899 2444 ἐχθρὸς
2924 2370 3112 2433 αὐτοῦ,
3144 2372 3240 2424 καὶ
3277 2372 3495 2445 Ἰσραὴλ
3518 2374 3765 2444 ἐποίησεν

2192 2469 2249 2520 έν
2280 2466 2442 2539 ἰσχύϊ,
2497 2467 2591 2521 καὶ
2635 2466 3056 2541 ὲξεγερθήσεται
3096 2467 3156 2532 ἐξ
3200 2467 3416 2532 Ἰακὼϐ,
3458 2471 3557 2524 καὶ
3582 2469 3766 2523 ἀπολεῖ

2191 2560 2496 2632 σωζόμενον
2528 2561 2593 2613 ὲκ
2618 2559 2843 2623 πόλεως.
2889 2580 2908 2613 ι
2960 2560 3080 2614 Ἐπὶ
3112 2559 3282 2631 ταύτῃ
3308 2560 3443 2631 φησι
3462 2563 3532 2632 τῇ
3562 2578 3764 2633 προςη-

2189 2653 2308 2724 τεία
2355 2652 2674 2724 κινηθέντας
2720 2653 2846 2717 τοὺς
2892 2650 3164 2725 διαδόχους
3207 2652 3454 2725 Βαλαάμ.
3490 2652 3760 2708 Σεσῶσθαι

2189 2741 2298 2815 γὰρ
2322 2741 2510 2814 αὐτὴν,
2542 2742 2619 2807 ὡς
2658 2743 2750 2797 καὶ
2790 2738 2860 2813 ἦν
2895 2743 3059 2810 εἰκὸς,
3096 2746 3228 2815 παρ’
3261 2744 3464 2808 αὐτοῖς.
3505 2745 3758 2815 Ὁπηνίκα

2192 2834 2428 2889 συνεῖδον
2452 2836 2510 2888 έν
2526 2833 2739 2908 οὐρανῷ
2766 2833 3044 2900 ξενίζοντά
3057 2851 3177 2888 τινα
3201 2852 3276 2889 πα
3283 2836 3352 2908 ρὰ
3371 2834 3501 2901 τοὺς
3522 2836 3761 2908 συνήθεις

2189 2929 2412 3001 ἀστέρα,
2458 2926 2600 2982 κατὰ
2648 2927 2911 3000 κορυφῆς,
2960 2928 3036 2993 ὡς
3077 2927 3143 2983 ἂν
3191 2927 3335 2982 εἴποι
3362 2945 3465 2992 τις,
3500 2930 3598 2984 καὶ
3626 2928 3755 2983 κατά

507 3020 661 3088 runt)
712 3019 1007 3076 festinasse
1059 3028 1119 3074 ut
1168 3020 1222 3074 in
1274 3018 1618 3077 Palaestinam
1666 3031 1867 3078 terram
1917 3019 2078 3095 418

2187 3017 2412 3074 κάθετον
2466 3019 2565 3091 τῆς
2624 3018 2884 3083 Ἰουδαίας
2915 3019 3327 3092 ὲστηριγμένον,
3384 3020 3623 3092 σπουδὴν
3667 3037 3757 3075 πε-

507 3112 881 3181 pervenirent,
909 3120 1077 3182 utque
1132 3111 1551 3168 sciscitarentur
1582 3113 1650 3169 de
1706 3128 1830 3185 rege
1859 3114 1955 3184 qui
1988 3127 2078 3184 per

2187 3110 2440 3182 ποιῆσθαι
2464 3112 2557 3165 ἐπὶ
2591 3109 2689 3184 τὴν
2720 3111 3088 3166 Παλαιστινιῖνθ
3129 3111 3431 3183 ἀφικέσθαι
3463 3112 3595 3183 γῆν,
3620 3116 3751 3167 iet-:0-

506 3218 628 3260 eam
651 3204 866 3261 stellam
896 3221 1060 3276 quam
1097 3204 1201 3276 ipsi
1225 3203 1496 3269 viderant,
1528 3204 1960 3276 significabatur.
1993 3203 2083 3260 Fi-

507 3297 631 3352 dem
672 3298 758 3354 ltis
796 3297 929 3353 facit
971 3298 1307 3370 evangelista
1358 3296 1666 3363 Mattheus,
1702 3299 1789 3355 bis
1846 3297 2075 3354 verbis:

512 3411 532 3444 ε
561 3390 699 3447 Cum
746 3399 927 3448 autem
968 3390 1131 3449 Jesus
1165 3400 1332 3447 natus
1366 3393 1594 3449 esset'in
1643 3390 1956 3449 Betblebem
1983 3389 2080 3446 .lu-

492 3487 632 3541 «ιω
665 3485 720 3540 in
743 3484 939 3541 diebus
984 3484 1217 3542 Herodis
1252 3485 1570 3557 regis,ecce
1606 3479 1743 3556 Magi
1767 3484 1837 3541 ab
1858 3483 2079 3541 Oriente

502 3586 770 3635 venerunt
802 3578 858 3634 in
891 3576 1215 3646 Jerusalem,
1260 3577 1507 3634 dicentes
1535 3596 1548 3632 :
1587 3575 1690 3632 Ubi
1723 3584 1827 3645 est,
1857 3578 1949 3648 qui
1980 3593 2080 3632 na-

503 3682 592 3729 tus
631 3682 716 3730 est
749 3687 843 3729 rex
870 3670 1226 3727 Iudaeorum?
1265 3669 1512 3727 Vidimus
1541 3670 1685 3725 enim
1718 3670 1928 3725 stellam
1953 3670 2075 3740 ejus

501 3767 556 3820 in
596 3763 842 3828 Oriente,
874 3772 929 3820 et
961 3763 1214 3819 venimus
1237 3762 1469 3818 adorare
1499 3777 1627 3817 eum
1660 3760 1724 3825 ",
1759 3779 1780 3813 ι
1813 3775 1922 3831 quo
1941 3771 2075 3815 tem-

496 3872 630 3928 pore
662 3855 827 3913 iidem
861 3855 1017 3913 missi
1065 3855 1121 3910 in
1150 3853 1465 3911 Betblcbem
1513 3853 1784 3917 abierunt,
1814 3871 1833 3904 ι
1864 3860 1919 3907 et
1945 3868 2074 3909 ecce

497 3963 694 4006 rursus
724 3949 916 4005 eadem
951 3946 1110 4005 stella
1153 3961 1317 4018 quam
1348 3946 1599 4002 viderant
1630 3945 1685 4000 in
1704 3943 1948 4010 Oriente,
1974 3959 2071 3999 an-

494 4042 783 4099 tecedebat
800 4056 918 4107 eos,
938 4040 1116 4097 donec
1145 4039 1371 4096 veniens
1413 4045 1585 4096 staret
1626 4052 1792 4109 supra
1822 4036 1914 4092 ubi
1951 4045 2072 4092 erat

494 4148 650 4204 puer.
681 4130 944 4189 Videntes
990 4140 1172 4188 autem
1200 4131 1417 4186 stellam
1469 4128 1644 4202 gavisi
1688 4134 1818 4183 sunt
1871 4126 2070 4198 gaudio

494 4243 691 4300 magno
720 4227 900 4296 valde,
929 4237 984 4284 et
1017 4226 1250 4300 ingressi
1281 4226 1528 4288 domum,
1570 4221 1826 4278 viderunt
1865 4237 2068 4293 pueru-

490 4323 604 4377 lum
648 4336 774 4377 cum
806 4319 978 4375 Maria
1034 4328 1210 4377 matre
1239 4319 1384 4389 ejus,
1415 4325 1469 4372 et
1498 4316 1921 4389 procumbentes
1967 4314 2066 4370 ad-

482 4422 784 4471 oraverunt
826 4430 951 4470 cum
983 4413 1048 4469 ⁸⁸.
1092 4411 1412 4469 illactenus
1458 4409 1678 4482 quidem
1713 4407 2064 4480 Evangelium

2096 4377 2141 4433 D

2183 3203 2305 3273 ρίας
2362 3201 2526 3255 ἕνεκα
2569 3200 2665 3255 τοῦ
2691 3200 2780 3255 διά
2818 3202 3077 3272 φανέντος
3105 3202 3334 3275 ἀστέρος
3362 3204 3753 3279 σημαινομένου

2182 3292 2462 3365 βασιλέως.
2480 3295 2766 3367 Μαρτυρεῖ
2793 3292 3000 3360 τούτοις
3021 3296 3051 3348 6
3074 3295 3468 3368 εὐαγγελιστὴς
3489 3299 3750 3364 Ματθαῖος

2178 3388 2351 3457 λέγων
2375 3405 2389 3419 ο
2435 3408 2454 3441 ι
2482 3382 2590 3443 Τοῦ
2615 3387 2673 3442 δὲ
2712 3387 2886 3461 Ἰησοῦ
2917 3387 3265 3461 γεννηθέντος
3294 3391 3352 3443 ὲν
3383 3389 3634 3463 Βηθλεὲμ
3658 3391 3749 3461 τῆς

2192 3480 2447 3547 Ἰουδαίας
2492 3483 2552 3536 ὲν
2607 3481 2844 3554 ἡμέραις
2907 3479 3145 3553 Ἡρώδου
3191 3481 3287 3536 τοῦ
3323 3483 3613 3555 βασιλέως,
3646 3485 3745 3539 ἰδοὺ

2179 3576 2343 3647 μάγοι
2388 3576 2498 3631 ἀπὸ
2555 3574 2829 3631 ἀνατολῶν
2854 3574 3215 3647 παρεγένοντο
3256 3577 3336 3640 είς
3380 3577 3744 3651 Ἰερουσαλὴμ,

2174 3666 2420 3737 λέγοντες
2443 3685 2459 3701 ο
2494 3667 2604 3722 Ποῦ
2642 3669 2789 3724 ἐστιν
2841 3671 2869 3724 6
2913 3669 3124 3741 τεχθεὶς
3170 3670 3420 3741 βασιλεὺς
3460 3660 3579 3726 τῶν
3621 3674 3743 3727 Ἰου-

2173 3759 2372 3826 δαίων;
2399 3759 2611 3832 εἴδομεν
2635 3759 2747 3832 γάρ
2770 3759 2934 3814 αὐτοῦ
2964 3761 3054 3815 τὸν
3081 3761 3285 3834 ἀστέρα
3316 3763 3375 3816 ὲν
3400 3765 3469 3835 τῇ
3497 3764 3741 3836 ἀνατολῇ,

2173 3852 2267 3907 καὶ
2292 3852 2527 3926 ἧλθομεν
2555 3853 2929 3926 προσκυνῆσαι
2951 3853 3098 3924 αὑτῷ
3115 3871 3128 3884 ·
3170 3873 3188 3906 ι
3208 3855 3297 3909 ὅτε
3338 3857 3436 3909 καὶ
3456 3873 3742 3928 παραπεμ-

2173 3946 2398 4015 φθέντες
2413 3948 2492 4011 είς
2516 3946 2765 4019 Βηθλεὲμ
2791 3947 3187 4020 ἐπορεύθησαν,
3216 3968 3234 4000 ι
3260 3949 3356 4002 καὶ
3384 3949 3494 4005 ἰδοὺ
3530 3949 3689 4005 πάλιν
3712 3951 3742 4002 6

2170 4037 2330 4101 αὐτὸς
2346 4038 2541 4111 ἀστὴρ,
2565 4038 2625 4092 ὃν
2650 4033 2789 4093 εἶδον
2806 4040 2865 4092 ὲν
2892 4042 2957 4110 τῇ
2980 4037 3235 4111 ἀνατολῇ,
3258 4039 3502 4111 προῆγεν
3524 4041 3736 4105 αὐτοὺς,
3902 4034 3903 4103 1

2169 4130 2273 4195 ἕως
2304 4128 2473 4184 ἐλθὼν
2509 4129 2712 4203 ἐστάθη
2743 4131 2925 4186 ἐπάνω
2955 4126 3016 4186 οῦ
3053 4127 3121 4205 ἦν
3151 4131 3214 4185 τὸ
3245 4131 3480 4190 παιδίον.
3527 4132 3737 4197 Ἰδόντες

2167 4222 2223 4278 δὲ
2246 4224 2338 4278 τὸν
2361 4222 2568 4296 ἀστέρα
2598 4223 2873 4296 ἐχάρησαν
2916 4223 3089 4296 χαρὰν
3124 4223 3366 4296 μεγάλην
3390 4225 3623 4298 σφόδρα,
3651 4226 3738 4280 καὶ

2169 4313 2497 4378 εἰσελθόντες
2524 4314 2602 4378 είς
2622 4313 2721 4387 την
2741 4312 2938 4378 οἰκίαν,
2964 4309 3102 4367 εἶδον
3131 4312 3192 4367 τὸ
3214 4312 3423 4368 παιδίον
3460 4316 3601 4386 μετά
3627 4316 3736 4370 Ma-

2172 4404 2293 4477 ρίας
2314 4404 2413 4475 τῆς
2452 4404 2656 4477 μητρὸς
2703 4402 2889 4463 αὐτοῦ.
2923 4405 3017 4459 καὶ
3046 4405 3299 4469 πεσόντες
3325 4406 3735 4478 προσεκύνησαν

484 4517 762 4565 sanctum.
788 4511 859 4562 At
888 4522 1017 4564 vero
1056 4507 1232 4579 ipsius
1263 4505 1565 4578 prophetiae
1610 4501 1895 4558 oraculum
1929 4498 2064 4571 quid

2187 4495 2341 4567 ιὺτῷυ
2366 4516 2385 4548 ι
2416 4496 2600 4550 Ταῦτα
2633 4496 2728 4569 μὲν
2756 4498 2818 4551 τὸ
2851 4498 2991 4572 ἱερὸν
3026 4497 3354 4568 Εὐαγγέλιον
3372 4515 3387 4528 ’
3410 4499 3441 4551 6
3464 4497 3524 4552 δέ
3548 4516 3613 4570 γε
3642 4498 3735 4567 τῆς

478 4602 561 4656 ait
593 4600 814 4656 tandem
845 4596 962 4655 fore
984 4607 1079 4654 aut
1105 4599 1162 4654 in
1193 4599 1342 4654 illius
1372 4598 1498 4651 novi
1528 4592 1727 4653 sideris
1749 4591 2060 4663 eruptione,

2167 4587 2502 4661 προφητείας
2556 4587 2709 4658 λόγος
2764 4588 2857 4641 ἐπὶ
2886 4591 2950 4661 τῇ
2989 4589 3084 4644 τοῦ
3111 4588 3338 4662 ἀστέρος
3372 4589 3619 4663 ἐπιτολῇ,
3646 4589 3735 4643 καὶ

468 4701 579 4748 aut
617 4694 673 4749 in
704 4690 1008 4748 Salvatoris
1038 4693 1213 4748 nostri
1234 4689 1367 4747 Iesu
1393 4688 1604 4745 Christi
1649 4694 1799 4750 ortu,
1835 4684 2060 4754 dignum

2187 4682 2232 4752 ᾔ
2283 4678 2377 4732 τοῦ
2436 4678 2685 4752 Σωτῆρος
2707 4678 2865 4750 ἡμῶν
2903 4674 3079 4750 Ἰησοῦ
3110 4678 3347 4749 Χριστοῦ
3376 4682 3595 4749 γενέσει
3620 4682 3732 4734 τίνα

479 4784 627 4855 quod
678 4782 1087 4856 cognoscatur?
1138 4797 1333 4854 nempe
1383 4780 1707 4836 fractionem
1768 4775 2057 4830 ductorum

2187 4769 2331 4842 φησιν
2378 4768 2619 4834 ἔσεσθαι,
2665 4768 2897 4823 συνιδεῖν
2959 4768 3145 4837 ἀξιονο
3190 4768 3433 4841 Θραῦσιν
3481 4770 3733 4843 ἀρχηγῶν

480 4875 659 4943 Moab,
691 4885 746 4933 et
771 4875 1131 4948 direptionem
1164 4875 1399 4931 filiorum
1451 4870 1605 4935 Setb,
1642 4876 1904 4942 praeterea
1931 4866 2058 4922 reli-

477 4984 713 5041 quorum
758 4968 1000 5026 Judaica:
1037 4969 1215 5041 gentis
1248 4966 1489 5023 hostium
1541 4963 1931 5026 Itarcditatem,
1963 4962 2057 5031 qui

476 5062 696 5135 quidem
729 5064 918 5120 hostes
948 5070 1107 5119 erant
1128 5062 1298 5118 Edom
1330 5068 1385 5117 et
1421 5058 1585 5115 Esau.
1616 5053 2054 5127 Caeterum,quid

475 5155 623 5209 aliud
676 5156 897 5210 tandem
948 5154 1278 5227 significavit
1324 5152 1412 5209 bis
1466 5149 1678 5214 verbis,
1728 5162 1892 5221 quam
1958 5162 2057 5219 per

472 5244 731 5303 ductores
784 5242 959 5313 Iloab,
1009 5243 1365 5300 invisibilium
1396 5241 1639 5297 hostium
1689 5237 2052 5301 eversionem,

470 5338 740 5409 ipsorum,
765 5340 1017 5409 inquam,
1041 5338 1375 5399 daemonum,
1400 5334 1494 5406 qui
1517 5332 1649 5389 olim
1681 5332 1826 5404 apud
1850 5330 2053 5385 Moabi-

470 5439 559 5483 tas
588 5431 818 5487 deorum
859 5432 982 5488 loco
1007 5430 1364 5488 ferebantur?
1407 5426 1571 5499 Atqui
1625 5426 1857 5481 aliorum
1894 5438 2054 5479 meit-

2163 4858 2359 4922 Μωάὁ,
2381 4860 2474 4913 καὶ
2507 4860 2784 4931 προνομὴν
2837 4857 2969 4913 υίῶν
3004 4856 3135 4928 Σὴθ,
3166 4858 3261 4911 καὶ
3286 4857 3396 4913 τῶν
3429 4876 3493 4929 γε
3540 4860 3737 4914 λοιπῶν

2160 4951 2253 5007 τοῦ
2324 4952 2592 5007 Ἰουδαίων
2641 4951 2825 5016 έθνους
2849 4949 3136 5021 ,πολεμίων
3163 4950 3562 5022 κληρονομίαν·
3594 4948 3737 5007 οὗτοι

2160 5045 2216 5100 δὲ
2243 5041 2382 5118 ἦσαν
2416 5041 2600 5117 Ἐδὼμ
2627 5044 2722 5098 καὶ
2761 5041 2954 5097 Ἠσαῦ.
2986 5042 3053 5096 Τί
3079 5039 3372 5125 δὲῂνίξατο
3392 5043 3485 5098 διά
3510 5044 3731 5105 τούτων,

2160 5134 2193 5211 ἢ
2217 5138 2306 5193 διὰ
2336 5138 2435 5211 μὲν
2465 5135 2573 5192 τῶν
2599 5136 2857 5210 ἀρχηγῶν
2894 5134 3069 5190 MM
3090 5136 3191 5206 τὴν
3219 5135 3328 5189 τῶν
3366 5137 3616 5209 ἀοράτων
3640 5138 3733 5205 ἀρ-

2159 5242 2361 5303 χόντων
2406 5222 2743 5305 καθαίρεσιν,
2791 5228 2970 5284 αὐτῶν
3006 5226 3078 5299 *δὴ
3107 5228 3214 5281 τῶν
3247 5228 3415 5283 πάλαι
3442 5232 3597 5301 παρὰ
3622 5232 3733 5291 τοῖς

2162 5322 2473 5387 Μωαϐίταις
2499 5321 2931 5393 θεολογουμένων
2949 5319 3249 5390 611mm;
3281 5319 3400 5373 ἀλλ’
3414 5321 3517 5391 οὺχ
3535 5319 3733 5391 ἐτέρων

2158 5415 2403 5488 ἐμνήσθη
2425 5414 2513 5470 διὰ
2541 5406 2639 5487 τὴν
2675 5411 3118 5483 εῖδωλολατρείαν
3140 5408 3237 5465 τοῦ
3271 5408 3507 5485 Ἰσραὴλ,
3522 5409 3629 5481 τὴν
3644 5410 3741 5463 ἐπὶ

468 5524 676 5578 tionem
700 5539 808 5579 uoti
828 5525 971 5591 fecit,
996 5532 1221 5597 propter
1236 5523 1659 5581 simulacrorum
1679 5516 1854 5589 ipsius
1884 5513 2052 5585 Israel

2187 5508 2255 5580 ἧς
2274 5508 2481 5580 ἐρήμου
2495 5505 2817 5579 γενομένην,
2855 5505 2944 5558 ὅτε
2983 5498 3241 5574 ἐτελέσθη
3259 5500 3291 5554 6
3314 5500 3447 5567 λαδς
3468 5502 3551 5576 τῷ
3578 5500 3743 5556 Βεελ-

533 5678 578 5713 ¹⁸
608 5675 773 5733 Num.
818 5679 1181 5745 “mili-l9.
1265 5682 1305 5713 ¹⁷
1348 5678 1538 5734 Matth.
1574 5693 1635 5743 ll,
1671 5676 1722 5740 l,
1752 5673 1810 5729 9.
1890 5671 1933 5705 ⁸⁸
1974 5667 2078 5725 ibid

2188 5663 2323 5723 ςιι.
