3922 6200
271 230 373 285 633

1164 221 1809 278 DESIONSTRATIONIS
1861 213 2312 273 EVANGELICE
2365 214 2492 270 LIB.
2515 213 2605 270 IX.

3391 212 3496 272 654

271 341 474 411 ρεγῶρ·
499 339 704 411 δαίμων
732 339 788 392 δὲ
808 335 874 410 ἦν
913 334 1062 402 οὗτος
1092 340 1167 397 ὼς
1194 339 1313 401 θεὸς
1344 339 1491 410 παρὰ
1527 337 1603 407 τῷ
1633 338 1824 406 βασιλεῖ

1936 333 2163 396 cultum,
2186 348 2295 402 quo
2324 332 2376 385 in
2398 330 2615 385 deserto
2644 343 2775 385 usus
2799 335 3026 399 est,quo
3057 337 3296 399 tempore
3328 345 3499 401 popu-

264 432 442 487 Μωὰϐ
494 430 572 502 τῷ
619 432 798 485 Βαλὰκ
851 430 1177 502 τιμώμενος.
1226 432 1376 485 Ἐπεὶ
1418 426 1508 483 οῦν
1539 429 1784 497 νενίκητο
1813 430 1840 479 ό

278 524 495 596 Ἰσραὴλ
552 524 692 578 κατὰ
740 523 898 577 τοῦτο
941 522 1031 576 τοῦ
1065 521 1260 593 καιροῦ
1297 521 1433 592 πρὸς
1456 521 1561 573 τῶν
1594 520 1838 590 ἀοράτων

262 619 544 689 ἀρχόντων
576 616 665 670 τοῦ
691 616 884 677 Manili,
916 616 1054 684 λέγω
1078 616 1133 669 δὲ
1162 615 1269 667 τῶν
1313 613 1464 687 παρὰ
1484 617 1596 677 τοῖς
1628 612 1841 665 Μωαϐί-

264 724 388 770 ταις
410 707 808 777 νενομισμένων
857 707 991 760 θεῶν
1016 724 1027 735 ·
1072 704 1550 777 (είδωλολάτρησαν
1588 702 1715 773 γοῦν
1745 704 1839 757 καὶ

266 800 681 872 προσεκύνησαν
724 803 835 862 τοῖς
878 799 1165 868 γλυπτοῖς,
1210 799 1286 861 ῶς
1345 800 1570 869 φησινὴ
1616 798 1833 869 Γραφήο

270 912 292 943 c
326 894 433 946 Καὶ
459 892 811 963 ὲτελέσθησαν
838 892 914 963 τῷ
947 891 1285 963 Βεελφεγὼρ,
1318 911 1336 944 ι
1378 892 1582 962 δαίμων
1604 891 1658 943 δὲ
1687 886 1839 953 οῦτος

262 985 376 1038 τῶν
420 984 722 1038 Μωαϐιτῶν
779 981 879 1054 ἦν,
916 984 1003 1037 ὅτε
1051 984 1145 1036 καὶ
1191 980 1583 1052 ἐξεπόρνευσαν
1621 983 1700 1044 είς
1741 980 1838 1043 τὰς

263 1077 667 1145 Μωαϐίτιδας’)
718 1076 938 1139 εἰκότως
996 1076 1055 1128 τὸ
1097 1075 1284 1145 μέλλον
1306 1074 1524 1127 ἔσεσθαί
1559 1091 1708 1135 ποτε,
1743 1073 1835 1125 καὶ

264 1166 366 1237 τὴν
399 1170 477 1229 είς
505 1165 807 1219 τούναντίον
841 1165 948 1216 τῶν
978 1164 1315 1234 πραγμάτων
1370 1161 1668 1232 μεταϐολὴν
1697 1158 1839 1213 κατὰ

265 1258 458 1329 καιρὸν
480 1260 507 1309 ὁ
534 1254 755 1324 Βαλαὰμ
778 1253 1047 1318 θεσπίζει,
1067 1254 1239 1322 λέγων
1259 1270 1271 1282 ·
1297 1272 1313 1303 ι
1357 1251 1630 1305 ’Λνατελετ
1642 1251 1837 1322 ἄστρον

263 1349 326 1415 ἐξ
377 1346 585 1411 Ἰακὼϐ,
621 1348 713 1400 καὶ
765 1348 1125 1417 ἀναστήσεται
1156 1344 1437 1417 ἄνθρωπος
1479 1343 1539 1407 ἐξ
1587 1341 1831 1413 Ἰσραήλ·

265 1439 362 1491 καὶ
414 1438 632 1508 θραύσει
681 1438 954 1509 ἡγεμόνας
1017 1436 1209 1490 Μωὰϐ.
1252 1456 1270 1487 ι
1316 1436 1461 1489 Ὠσεὶ
1504 1435 1834 1505 σαφέστερον

263 1529 443 1597 ἔλεγε,
469 1531 591 1593 τοὺς
630 1529 1146 1600 μεγαλαυχήσαντας
1174 1527 1311 1580 κατὰ
1343 1527 1436 1580 τοῦ
1482 1526 1693 1599 Ἰσραὴλ
1723 1526 1837 1579 δαί-

265 1640 436 1694 μονας
458 1622 561 1675 τῶν
589 1621 891 1676 Μωαϐιτῶν
915 1622 1005 1673 ἐπὶ
1034 1624 1099 1691 τῇ
1133 1620 1341 1688 γενέσει
1372 1616 1465 1671 τοῦ
1503 1634 1834 1689 προφητευο-

266 1714 452 1783 μένου,
497 1710 716 1783 θραῦσίν
772 1727 899 1763 ποτε
946 1709 1038 1761 καὶ
1063 1706 1266 1760 πτῶσιν
1296 1706 1520 1759 παθεῖν·
1553 1698 1626 1757 ὧν
1664 1704 1831 1774 θραυ-

268 1802 519 1863 σθέντων,
547 1801 671 1863 τοῦς
698 1800 844 1863 υἱοὺς
876 1797 1005 1868 Σὴθ,
1033 1798 1127 1851 καὶ
1165 1795 1360 1865 Ἐδὼμ,
1391 1794 1484 1846 καὶ
1525 1792 1712 1857 Ἠσαῦ,
1740 1792 1832 1845 καὶ

264 1894 334 1946 τὰ
367 1893 528 1946 λοιπὰ
554 1892 700 1962 ἔθνη,
731 1891 768 1944 ἃ
811 1890 898 1943 διὰ
946 1888 1146 1942 τούτων
1188 1882 1545 1956 σημαίνεσθαι
1567 1883 1828 1955 ἡγοῦμαι,

263 1986 332 2037 τὰ
363 1984 527 2039 πάλαι
564 1980 1069 2050 καταδεδουλωμένα
1095 1981 1162 2050 τῇ
1192 1978 1473 2047 δαιμονικῇ
1503 1976 1698 2047 πλάνῃ,
1734 1992 1829 2045 με-

264 2075 563 2129 ταϐαλόντα
614 2074 713 2143 τῆς
756 2071 1169 2142 δεισιδαιμονίας
1192 2110 1206 2133 ,
1254 2071 1427 2123 οἰκεῖα
1453 2068 1545 2121 τοῦ
1577 2067 1827 2128 θεσπιζο-

268 2166 429 2236 μένου
478 2163 816 2233 γενήσεσθαι.
854 2181 870 2213 ι
924 2163 1030 2215 Καὶ
1071 2160 1242 2226 ἔσται,
1280 2159 1387 2231 γάρ
1432 2177 1616 2230 φησιν,
1654 2156 1831 2228 Ἐδὼμ

262 2253 613 2327 κληρονομία,
666 2254 759 2306 καὶ
806 2253 955 2305 ἔσται
1013 2251 1343 2322 κληρονομία
1379 2249 1547 2303 Ἠσαῦ
1577 2251 1605 2303 ὁ
1638 2248 1829 2319 ἐχθρὸς

261 2347 453 2401 αὐτοῦ.
508 2366 526 2399 ι
577 2348 638 2400 Ol
684 2346 792 2417 γὰρ
848 2344 1007 2397 πάλαι
1057 2343 1239 2416 ἐχθροὶ
1271 2343 1364 2396 τοῦ
1420 2341 1554 2396 Θεοῦ
1600 2343 1692 2396 καὶ
1736 2341 1827 2396 τοῦ

274 2437 527 2510 Ἰσραὴλ,
572 2437 731 2506 φησὶ,
808 2436 1125 2507 γενήσονται
1173 2435 1506 2505 κληρονομία
1554 2434 1646 2488 τοῦ
1699 2452 1830 2506 προ-

260 2530 645 2602 φητευομένου.
699 2529 868 2591 Αὐτὸς
895 2527 1002 2599 γὰρ
1034 2523 1100 2599 ἦν
1138 2521 1182 2595 ᾧ
1210 2528 1393 2598 εἴρητο
1417 2527 1551 2599 πρὸς
1579 2527 1670 2580 τοῦ
1696 2527 1829 2580 Θεοῦ

260 2621 355 2675 καὶ
382 2620 594 2691 Πατρὸς
644 2618 807 2673 αὑτοῦ
830 2636 842 2649 ο
885 2638 902 2669 ι
952 2619 1181 2688 Αῐτησαι
1218 2618 1345 2688 παρ’
1368 2617 1524 2689 ἐμοῦ,
1549 2618 1644 2671 καὶ
1674 2618 1827 2671 δώσω

260 2730 343 2768 σοι
376 2713 500 2783 ἔθνη
546 2712 642 2783 τὴν
686 2710 1045 2783 κληρονομίαν
1068 2727 1180 2764 σου⁸
1224 2729 1242 2762 ι
1289 2703 1363 2764 ὧν
1387 2711 1464 2773 είς
1511 2712 1601 2763 τὸν
1631 2710 1829 2781 κλῆρον

256 2806 367 2859 τῶν
396 2804 565 2873 ἁγίων
601 2803 1001 2874 μεταστάντων,
1044 2803 1303 2855 τάναντία
1345 2801 1424 2873 τῷ
1467 2801 1680 2873 Ἰσραὴλ
1708 2802 1826 2855 ἐσε-

259 2897 385 2950 σθαι
413 2893 677 2959 θεσπίζει.
721 2896 857 2966 Φησὶ
896 2894 1052 2962 γοῦν·
1108 2912 1125 2944 ι
1163 2896 1268 2947 Καὶ
1320 2893 1535 2965 Ἰσραὴλ
1578 2893 1830 2966 ἐποίησεν

254 2992 315 3041 ἐν
353 2988 517 3058 ίσχύῖ.
557 3007 575 3038 ι
609 2987 680 3040 Τὸ
713 2987 790 3051 δὲ,
822 2986 1074 3057 ἐποίησεν
1104 2987 1160 3038 ἐν
1194 2985 1337 3056 ίσχύῖ
1363 2986 1461 3056 τὴν
1488 2984 1702 3041 πάντων
1736 3003 1831 3056 με·
1856 3024 1897 3080 c

253 3081 453 3150 γίστην
484 3078 764 3131 ἀσέϐειαν·
820 3077 899 3130 διὸ
941 3076 1352 3149 ὲξεγερθήσεται
1384 3077 1478 3129 ἀπ’
1524 3076 1701 3130 αὐτῶν
1732 3078 1824 3130 καὶ

252 3172 698 3242 ὲξαναστήσεται.
757 3170 848 3232 Τίς
901 3165 1109 3240 οὗτοςῆ
1142 3171 1170 3221 ὁ
1220 3168 1687 3240 προφητευόμενος
1731 3167 1824 3221 τοῦ

255 3264 396 3318 Θεοῦ
430 3265 620 3333 Λόγος,
646 3263 703 3327 ὃς
733 3264 826 3316 καὶ
872 3261 1119 3315 ἀπώλεσε
1159 3261 1457 3331 σωζόμενον
1490 3263 1553 3313 ὲκ
1587 3260 1822 3328 πόλεως;

253 3353 412 3426 οἶμαι
459 3356 515 3408 δὲ
578 3356 674 3427 τὴν
717 3354 1069 3426 Ἰερουσαλὴμ
1098 3352 1446 3415 αἰνίττεσθαι,
1478 3352 1535 3418 te,
1566 3346 1634 3423 ἦς
1661 3351 1826 3405 ὤλετο

259 3450 369 3510 πᾶς
403 3446 722 3517 σωζόμενος,
754 3447 904 3517 ἢκαὶ
937 3446 997 3499 τὸ
1042 3446 1148 3498 πᾶν
1181 3445 1274 3498 τοῦ
1304 3444 1487 3508 ἔθνους
1515 3444 1692 3498 αὐτῶν
1727 3462 1823 3497 πο-

255 3539 506 3609 λίτευμα.
540 3539 724 3591 Ταῦτα
767 3539 822 3590 δὲ
858 3540 979 3591 ὅποι
1020 3537 1205 3601 τέλους
1236 3537 1442 3608 ἔτυχεν,
1473 3536 1606 3608 ὁμοῦ
1635 3540 1699 3608 τῇ
1729 3536 1822 3589 τοῦ

254 3631 508 3701 Σωτῆρος
535 3629 693 3701 ἡμῶν
713 3631 792 3692 είς
817 3627 1132 3701 ἀνθρώπους
1163 3629 1548 3700 ὲκλάμψειτῶν
1572 3630 1669 3700 μὲν
1697 3631 1823 3699 πρὶν

254 3720 654 3792 εἰδωλολατρῶν
675 3720 842 3773 ἐθνῶν
865 3722 945 3783 εἰς
972 3720 1061 3774 τὸν
1095 3719 1274 3773 αὐτῶν
1300 3721 1677 3791 μεταστάντων
1690 3722 1821 3791 κλῆ-

255 3830 373 3884 ρον,
402 3812 494 3865 τοῦ
525 3813 581 3865 δὲ
644 3812 908 3865 Ἰουδαίων
960 3811 1142 3875 ἔθνους
1175 3814 1269 3865 καὶ
1308 3812 1407 3883 τῆς
1445 3812 1822 3883 μητροπόλεως

253 3905 435 3960 αὐτῶν
491 3904 829 3960 πεπονθότων
882 3907 1038 3957 ὁποῖα
1096 3902 1457 3967 οὐδεπώποτε,
1491 3904 1550 3957 ού
1597 3904 1819 3975 μακρῶν

250 3995 361 4049 ἅτῖν
392 3992 543 4066 οἶμαι
571 3994 759 4062 λόγων.
810 3994 966 4046 Ἀλλὰ
994 3993 1061 4046 τὰ
1095 3994 1192 4065 μὲν
1218 3995 1316 4062 τῆς
1360 3993 1694 4065 συμφωνίας,
1723 3996 1820 4065 τῆς

250 4104 314 4139 τε
372 4087 709 4158 πῳφητικῆς
761 4087 1132 4157 προρρήσεως,
1181 4085 1273 4137 καὶ
1320 4084 1418 4155 τῆς
1461 4084 1819 4157 εὐαγγελικῆς

254 4179 701 4250 συμπεράνσεως,
765 4172 865 4230 ὧδέ
913 4194 1028 4240 πως
1088 4176 1257 4246 ἐχέτω
1288 4176 1458 4240 τέλος.
1499 4177 1562 4229 Τί
1593 4177 1636 4229 δ’
1664 4173 1730 4249 ἦν
1759 4178 1818 4229 τὸ

250 4271 423 4325 αἴτιον
468 4271 567 4341 τῆς
601 4271 947 4341 ὲπιλὰμψεως
988 4269 1080 4323 τοῦ
1110 4271 1365 4351 φανέντος
1393 4271 1638 4342 ἀστέρος,
1693 4288 1817 4323 συν-

252 4365 386 4418 ιδεῖν
405 4364 569 4428 ἄξιον.
588 4366 679 4427 Εἰς
716 4382 780 4433 ση
791 4364 919 4434 μεῖά
950 4380 1109 4435 φησιν
1132 4366 1159 4416 ὁ
1183 4364 1439 4434 Μωῡσῆς,
1471 4365 1565 4418 καὶ
1599 4366 1677 4428 είς
1699 4381 1817 4417 και-

253 4458 383 4527 ροὺς
408 4456 668 4509 τεθεῖσθαι
714 4457 836 4518 τοὺς
891 4456 1097 4517 πάντας
1127 4456 1184 4507 ἐν
1222 4454 1299 4524 τῷ
1344 4455 1679 4527 στερεώματι
1711 4456 1813 4509 ὑπὸ

248 4542 345 4600 τοῦ
370 4547 502 4600 Θεοῦ
532 4548 789 4618 ἀστέραςο
824 4546 969 4610 ξένος
995 4546 1050 4599 δὲ
1078 4543 1170 4599 οὖν
1203 4549 1293 4601 καὶ
1316 4548 1378 4600 ού
1412 4547 1664 4619 συνήθης,
1695 4548 1813 4601 οὐδὲ

247 4639 361 4691 τῶν
402 4638 607 4691 πολλῶν
642 4639 735 4691 καὶ
773 4638 1060 4709 γνωρίμων
1092 4633 1191 4702 εἷς,
1225 4638 1359 4693 ἀλλά
1390 4657 1472 4702 τις
1511 4640 1692 4701 καινὸς
1724 4639 1815 4691 καὶ

248 4731 367 4792 νέος
394 4731 569 4800 ἀστὴρ
604 4731 883 4797 ἐπιφανεὶς
914 4729 993 4799 τῷ
1029 4730 1146 4801 βίῳ,
1173 4734 1393 4800 σημεῖον
1422 4728 1569 4796 ξένου
1598 4731 1814 4801 φωστῆ-

249 4838 341 4893 ρος
370 4820 556 4890 ἐδήλου
602 4820 1048 4891 καταλάμψαντος
1084 4819 1159 4891 τῷ
1198 4822 1357 4874 παντὶ
1420 4822 1628 4893 κόσμῳ,
1663 4822 1720 4886 ὃς
1746 4818 1814 4893 ἦν

242 4917 273 4967 ὁ
305 4915 542 4985 Χριστὸς
593 4914 687 4967 τοῦ
724 4913 879 4975 Θεοῦ,
927 4913 1099 4984 μέγας
1124 4913 1221 4966 καὶ
1256 4913 1374 4976 νέος
1404 4915 1598 4985 ἀστὴρ,
1627 4908 1687 4967 οῦ
1714 4913 1813 4985 τὴν

241 5005 433 5059 εἰκόνα
472 5004 806 5074 συμϐολικῶς
849 5006 877 5058 ὁ
916 5005 1101 5072 φανεὶς
1136 5004 1255 5058 τότε
1299 5009 1407 5069 τοῖς
1471 5006 1665 5076 μάγοις
1712 5008 1811 5059 ἐπ-

239 5097 488 5167 εφέρετο.
536 5097 749 5166 Ἐπειδὴ
771 5096 878 5168 γὰρ
910 5096 1029 5150 καθ’
1072 5096 1199 5168 ὅλης
1240 5099 1338 5168 τῆς
1388 5099 1538 5169 ἱερᾶς
1568 5098 1660 5151 καὶ
1694 5098 1809 5152 θεο-

239 5189 508 5243 πνεύστου
534 5189 753 5261 Γῳφῆς
789 5192 817 5243 ὁ
855 5190 1255 5262 προηγούμενος
1286 5191 1385 5260 τῆς
1416 5191 1651 5256 διανοίας
1686 5209 1804 5244 σκο-

238 5283 344 5344 πὸς
380 5280 754 5352 μυστικώτερα
793 5282 886 5334 καὶ
918 5281 1035 5335 θεῖα
1070 5281 1315 5351 βούλεται
1351 5282 1643 5347 παιδεύειν,
1672 5283 1809 5354 μετὰ

232 5373 332 5426 τοῦ
383 5374 476 5426 καὶ
526 5375 623 5442 τὴν
674 5373 960 5443 πρόχειρον
1005 5374 1242 5426 διάνοιαν
1268 5372 1534 5436 σώζεσθαι
1556 5376 1611 5427 ἐν
1655 5376 1805 5446 μέρει

234 5465 528 5535 ἱστορικῶς
557 5465 975 5535 πεπραγμένον),
1020 5466 1239 5527 εἰκότως
1273 5468 1364 5519 καὶ
1394 5470 1425 5536 ἠ
1455 5466 1589 5537 μετὰ
1618 5469 1803 5537 χεῖρας

310 5646 353 5676 ⁸⁹
392 5642 537 5698 Psal.
570 5660 663 5707 ρι’,
698 5646 788 5701 ‘28.
868 5649 909 5679 ²⁰
951 5645 1093 5703 Psal.
1130 5662 1204 5712 ιι,
1236 5646 1289 5703 8.

1943 429 2027 483 lus
2077 426 2321 480 initiatus
2374 433 2457 480 est
2506 422 2854 494 Beelphegor.
2897 420 3026 474 Erat
3082 437 3241 492 porro
3270 422 3357 478 hic
3387 424 3497 479 dae-

1942 536 2090 584 mon,
2137 519 2229 589 qui
2268 528 2323 570 ιιι
2373 518 2507 570 deus
2545 530 2573 568 a
2602 530 2727 585 rege
2768 513 2925 569 Moab
2956 514 3072 582 ipso
3105 514 3261 569 Baiae
3282 517 3499 570 coleba-

1942 620 2053 666 tur.
2086 610 2347 677 Quoniam
2381 608 2544 678 igitur
2566 607 2741 661 victus
2764 615 2846 661 est
2874 605 3037 660 Israel
3070 605 3160 660 illo
3188 614 3431 678 tempore
3466 625 3497 662 a

1941 702 2282 770 principibus
2330 698 2487 752 Moab
2518 698 2693 751 visum
2726 696 3127 767 emtgieutihus,
3161 698 3282 752 dico
3315 705 3500 753 autem

1941 793 2008 845 ab
2056 791 2125 845 iis
2166 790 2257 859 qui
2287 789 2429 857 apud
2461 787 2721 841 Moabitas
2750 802 2845 857 pro
2868 787 2973 841 diis
3001 787 3318 841 colebantur
3347 788 3502 858 (sane

1940 884 2145 938 idcirco
2202 888 2255 938 et
2304 882 2594 936 siinulacra
2662 881 2980 944 coluerunt,
3035 890 3087 935 et
3139 881 3501 936 adoraverunt

1941 974 2237 1044 sculptilia,
2260 983 2317 1025 ut
2347 974 2421 1026 ait
2450 968 2727 1042 Srriptura
2762 992 2775 1027 :
2809 992 2826 1022 ι
2865 971 2929 1026 Et
2966 972 3159 1026 initiati
3188 983 3314 1028 sunt
3345 973 3500 1029 Beel-

1864 1068 1869 1075 '
1938 1066 2228 1135 pbegor",
2280 1084 2297 1115 ι
2356 1064 2445 1134 qui
2516 1060 2853 1133 Beelpbegor
2906 1063 3114 1118 dtemon
3184 1075 3300 1120 erat
3358 1067 3500 1137 apud

1940 1152 2225 1219 Moabitas,
2261 1169 2368 1223 quo
2403 1161 2644 1223 tempore
2681 1153 2844 1207 iidem
2885 1170 3006 1207 cum
3057 1155 3272 1211 feminis
3307 1155 3501 1211 Moabi-

1939 1256 2114 1302 taruin
2154 1247 2400 1301 fornicati
2430 1247 2601 1311 sunt),
2636 1246 2829 1299 merito
2865 1248 3007 1315 quod
3038 1246 3167 1300 olim
3208 1258 3325 1302 erat
3354 1247 3500 1303 futu-

1938 1354 2081 1401 rum,
2115 1354 2296 1392 rerum
2329 1339 2517 1407 utique
2572 1337 2626 1390 in
2676 1336 3008 1391 contrarium
3056 1339 3409 1393 mutationem
3444 1342 3498 1395 in

1936 1436 2179 1498 tempore
2211 1428 2417 1482 divinat
2466 1428 2706 1489 Balaam,
2739 1428 2971 1483 dicens:
3017 1448 3034 1480 ι
3077 1428 3295 1484 Orietur
3343 1433 3499 1488 stella

1936 1536 2000 1575 ex
2029 1519 2219 1583 Jacob,
2246 1528 2299 1573 et
2332 1528 2517 1590 surget
2554 1520 2713 1573 homo
2744 1536 2809 1575 ex
2842 1518 3026 1575 Israel.
3058 1519 3123 1574 Et
3155 1520 3366 1593 franget
3400 1525 3501 1577 dn-

1937 1627 2029 1665 ces
2058 1611 2235 1666 Moab.
2261 1632 2277 1662 ι
2302 1610 2582 1681 Tanquam
2617 1612 2661 1665 si
2683 1611 3024 1667 manifestius
3044 1613 3269 1677 diceret,
3297 1613 3500 1668 Moabi-

1935 1712 2110 1758 tarum
2129 1706 2403 1759 daemonas
2419 1703 2512 1773 qui
2526 1718 2668 1758 nunc
2685 1704 2947 1759 adversus
2962 1704 3123 1758 Israel
3137 1705 3351 1775 gloriati
3371 1716 3498 1761 sunt

1934 1796 1987 1850 in
2009 1806 2128 1851 ortu
2163 1797 2281 1866 ejus
2309 1796 2375 1851 de
2394 1810 2502 1866 quo
2526 1797 2642 1866 ipse
2660 1796 3008 1856 vaticinatur.
3035 1796 3354 1854 fractionem
3378 1808 3501 1852 tan.

1932 1888 2053 1942 dem
2102 1897 2152 1942 et
2195 1889 2405 1942 ruinam
2454 1904 2710 1956 passuros
2761 1907 2774 1943 :
2840 1889 3040 1958 quibus
3088 1888 3294 1956 fractis,
3357 1891 3497 1945 ﬁlios

1930 1978 2093 2051 419
2125 1978 2273 2043 Seth,
2303 1988 2356 2034 et
2396 1978 2585 2044 Edom,
2617 1990 2671 2034 et
2704 1977 2871 2043 Esau,
2903 1989 2955 2033 et
3006 1981 3244 2051 reliquas
3284 1992 3495 2052 gentes,

1932 2088 2067 2141 quas
2118 2071 2202 2125 his
2248 2071 2561 2127 nominibus
2606 2071 2899 2140 significari
2949 2072 3219 2137 arbitror,
3268 2082 3327 2128 ut
3365 2076 3495 2130 olim

1935 2164 2232 2218 daamonico
2260 2164 2432 2218 errori
2479 2162 2709 2217 addicta:
2739 2171 2914 2227 erant,
2949 2166 3029 2219 sie
3071 2166 3269 2235 rejecta
3301 2183 3495 2237 super-

1933 2256 2173 2319 stitione,
2209 2255 2501 2311 familiares
2532 2256 2677 2312 illius
2710 2256 2945 2321 futuras,
2985 2259 3076 2327 qui
3113 2266 3375 2315 venturus
3399 2277 3496 2314 ca-

1931 2348 2096 2402 nitur.
2139 2366 2157 2399 t
2197 2347 2262 2400 Et
2312 2349 2434 2413 erit,
2487 2348 2685 2418 inquit,
2728 2347 2892 2403 Edom
2937 2350 3258 2417 haereditas,
3300 2363 3353 2407 et
3391 2354 3498 2408 erit.

1932 2438 2217 2493 hazreditas
2264 2438 2405 2495 Esau
2456 2440 2712 2494 inimicus
2762 2441 2902 2509 ejus;
2945 2460 2962 2491 ι
3006 2449 3235 2506 veteres,
3290 2445 3489 2515 inquit,

1930 2527 2114 2583 hostes
2150 2526 2244 2582 Dei
2289 2536 2449 2597 atque
2499 2528 2666 2582 Israel
2698 2536 2857 2582 erunt
2898 2529 3187 2587 haereditas
3226 2531 3366 2601 ejus,
3397 2536 3489 2603 qui

1930 2623 2144 2675 canitur
2170 2621 2407 2687 futurus;
2440 2623 2555 2691 ipse
2580 2622 2723 2677 enim
2753 2632 2835 2677 est
2860 2623 2947 2676 cui
2979 2622 3183 2678 dictum
3204 2633 3291 2680 est
3324 2641 3353 2678 a
3386 2626 3494 2682 Deo

1930 2721 1982 2767 et
2012 2712 2171 2768 Patre
2208 2729 2307 2768 suo
2342 2734 2353 2767 :
2393 2732 2410 2763 ι
2447 2712 2668 2768 Postula
2698 2728 2729 2767 a
2764 2729 2868 2779 me,
2904 2722 2955 2768 et
2986 2713 3125 2769 dabo
3173 2716 3269 2771 tibi
3306 2727 3492 2787 gentes

1931 2806 2296 2861 haereditatem
2329 2813 2476 2859 tuam
2496 2807 2560 2859 ὀ.
2607 2826 2625 2858 ι
2657 2804 2787 2871 Quae
2810 2821 2932 2859 cum
2960 2806 3013 2860 in
3038 2816 3237 2862 sortem
3272 2819 3493 2864 saneto-

1931 2913 2049 2953 rum
2085 2897 2420 2959 transierint,
2457 2899 2728 2953 contraria
2771 2898 2872 2967 ipsi
2908 2896 3069 2953 Israel
3104 2897 3221 2954 fore
3262 2900 3491 2959 divinat.

1930 2992 2020 3043 Ait
2051 2991 2217 3059 igitur
2244 3008 2257 3042 :
2298 3008 2315 3039 ι
2356 2988 2424 3042 Ει
2449 2989 2616 3044 Israel
2648 2988 2773 3043 fecit
2794 2988 2847 3042 in
2872 2987 3088 3055 robore,
3119 3008 3137 3041 ι
3167 2990 3292 3046 fecit
3312 3002 3490 3048 autem

1932 3082 1986 3135 in
2036 3082 2228 3134 robore
2268 3081 2518 3135 ‘omnium
2569 3081 2865 3135 maximum
2914 3082 3125 3149 scelus;
3165 3093 3494 3155 quapropter

1949 3174 2277 3227 excitabitur
2338 3183 2391 3228 et
2439 3181 2710 3244 exsurget.
2780 3172 2913 3240 Quis
2985 3176 3201 3230 tandem
3246 3177 3349 3232 iste
3386 3176 3494 3234 nisi

1932 3264 1979 3317 is
2006 3264 2097 3333 qui
2125 3280 2154 3317 a
2188 3264 2466 3333 prapbetis
2520 3265 2734 3318 canitur
2792 3262 2883 3321 Dei
2924 3264 3181 3330 Verbum,
3209 3269 3300 3338 qui
3328 3270 3491 3324 etiam

1932 3356 2163 3425 perdidit
2190 3371 2310 3409 eum
2347 3356 2438 3425 qui
2467 3364 2715 3411 servatur
2747 3373 2813 3411 ex
2845 3358 3099 3413 civitate?
3133 3358 3342 3425 Quibus
3371 3377 3492 3415 ver-

1930 3446 2014 3501 bis
2069 3446 2239 3515 ipsam
2301 3444 2600 3500 Jerusalem
2647 3445 2948 3516 significari
3002 3449 3255 3512 arbitror,
3290 3467 3356 3505 ex
3383 3469 3489 3521 qua

1930 3534 2085 3603 periit
2100 3534 2276 3589 omnis
2304 3534 2612 3604 quicunque
2641 3536 2918 3603 superStes
2947 3538 3145 3593 mansit
3177 3555 3190 3591 :
3214 3548 3305 3594 aut
3330 3543 3489 3595 etiam

1928 3639 2087 3679 omne
2132 3623 2251 3692 ejus
2307 3624 2483 3694 gentis
2544 3623 2698 3679 civile
2759 3623 3089 3681 institutum.
3139 3626 3263 3683 Haec
3310 3640 3490 3683 autem

1928 3729 2214 3786 quemnam
2248 3717 2450 3769 exitum
2483 3714 2674 3769 sortita
2702 3715 2834 3777 sint,
2868 3731 2991 3770 cum
3025 3725 3212 3786 gentes
3240 3720 3391 3789 prius
3416 3723 3494 3776 si-

1927 3808 2170 3861 mulacra
2201 3807 2439 3861 colentes
2477 3822 2586 3860 una
2625 3822 2749 3860 cum
2801 3807 3100 3864 Salvatoris
3145 3821 3315 3866 nostri
3352 3814 3493 3866 inter

1927 3900 2175 3956 homines
2204 3908 2418 3962 exortu,
2454 3900 2508 3953 in
2548 3900 2763 3953 illorum
2799 3909 3000 3956 sortem
3036 3904 3316 3958 translata:
3355 3906 3490 3969 sint,

1923 3990 2150 4047 Judaiea
2181 4007 2307 4046 vero
2342 4007 2493 4062 gens,
2526 4001 2578 4046 et
2621 3989 2931 4046 Iudaeorum
2977 4002 3151 4047 mater
3191 3994 3383 4049 civitas
3424 4011 3488 4050 ea

1924 4098 2193 4155 perpessa:
2233 4085 2341 4138 sint
2387 4100 2507 4151 qua:
2546 4099 2824 4153 nunquam
2874 4092 3052 4152 antea,
3102 4102 3208 4140 non
3259 4088 3491 4157 longTori

1925 4177 2160 4230 arbitror
2211 4176 2455 4230 oratione
2495 4174 2735 4246 indigere
2784 4184 2843 4228 ut
2872 4179 3114 4245 apertius
3146 4180 3490 4235 ostendatur.

1923 4268 2173 4322 Attamen
2203 4282 2323 4337 quae
2356 4267 2420 4321 ad
2457 4283 2781 4322 consensum
2816 4269 3087 4335 pertinent
3112 4276 3223 4323 tum
3250 4272 3487 4342 prophe-

1848 4382 1892 4435 ι)
1923 4360 2041 4414 lica:
2065 4360 2449 4430 praedictionis,
2475 4369 2588 4415 tum
2626 4366 2948 4434 evangelica:
2977 4368 3486 4431 consummationis,

1920 4453 2082 4506 talem
2124 4468 2254 4507 sane
2291 4453 2769 4510 habeantexituu‘t.
2806 4455 3074 4511 Caeterum
3118 4473 3238 4529 qua:
3270 4458 3488 4512 tandem

1922 4560 2087 4598 causa
2116 4545 2325 4598 exstitit
2354 4556 2573 4614 propter
2597 4563 2759 4615 quam
2784 4548 2937 4601 stella
2966 4564 3085 4619 qua
3110 4558 3220 4603 tum
3244 4551 3358 4604 visa
3382 4560 3485 4613 est,

1921 4634 2182 4701 illuxerit,
2214 4652 2333 4706 qua:
2366 4637 2582 4706 quidem
2608 4655 2771 4696 causa
2806 4643 3172 4711 contemplatu
3206 4641 3367 4712 digna
3392 4643 3486 4696 sit?

1921 4727 2098 4784 Moses
2121 4729 2338 4799 quidem
2361 4731 2416 4782 in
2447 4731 2597 4801 signa
2626 4734 2699 4786 ait
2721 4742 2774 4787 et
2800 4743 3042 4804 tempora
3061 4736 3113 4788 in
3144 4734 3486 4788 firmamento

1923 4836 1953 4873 a
1987 4820 2094 4874 Deo
2122 4821 2298 4890 posita
2328 4821 2496 4877 fuisse
2532 4825 2709 4879 sidera
2735 4826 3022 4891 universa;
3060 4836 3114 4879 at
3138 4841 3266 4880 vero
3299 4826 3401 4880 hoc
3430 4837 3486 4880 et

1919 4915 2262 4983 peregrinum
2314 4922 2368 4968 et
2398 4916 2701 4978 insolitum,
2734 4932 2910 4986 neque
2937 4917 3076 4972 idem
3114 4932 3179 4971 ex
3216 4918 3398 4971 multis
3430 4926 3486 4969 et

1917 5006 2150 5075 cognitis
2184 5021 2375 5068 unum,
2413 5007 2507 5061 sed
2542 5023 2739 5062 novum
2793 5009 2974 5078 potius
3010 5008 3277 5079 quoddam
3310 5024 3486 5077 neque

1916 5105 2074 5151 antea
2101 5098 2274 5152 visum
2308 5098 2483 5159 sidus.
2516 5099 2659 5168 quod
2690 5100 2812 5153 vita:
2846 5099 3125 5153 hominum
3171 5099 3365 5158 illuxit.
3395 5114 3481 5153 re-A

1915 5190 2090 5246 centis
2134 5190 2417 5260 cujusdam
2461 5193 2744 5246 luminaris
2794 5193 3041 5262 signum,
3075 5194 3218 5261 quod
3266 5194 3482 5245 univer-

1916 5296 2036 5334 sum
2077 5281 2336 5335 mundum
2372 5282 2689 5342 illustraret,
2735 5280 3049 5334 indicabat:
3082 5278 3227 5347 quod
3260 5276 3480 5346 quidem

1915 5374 2182 5429 luminare
2226 5373 2478 5429 Christus
2518 5372 2613 5428 Dei
2670 5381 2810 5436 erat,
2845 5372 3039 5445 ingens
3084 5370 3214 5425 illud
3249 5384 3484 5423 novum-

1910 5483 2014 5537 que
2043 5467 2216 5534 sidus,
2265 5467 2421 5533 cujus
2453 5466 2739 5540 imaginem
2771 5481 2839 5521 ex
2876 5463 3283 5535 comparatione
3313 5476 3377 5515 ac
3409 5460 3491 5518 sic
