3922 6200
472 255 576 314 655

1103 253 1371 312 EUSEBll
1408 252 1891 311 CESARIENSIS
1930 252 2082 310 OPP.
2126 252 2335 312 PARS.
2376 253 2443 313 ll.
2465 285 2536 297 —
2564 255 3061 316 APOLOGETICA.

3622 258 3722 319 6’56

470 373 776 430 militudine
803 371 1059 444 quadam,
1082 372 1212 426 illud
1234 372 1379 445 quod
1411 380 1541 427 tunc
1565 370 1739 442 magis
1764 353 2038 441 apparuit,

2150 371 2458 445 πρόρρησις
2481 370 2784 444 ἐπληροῦτο
2819 372 2956 446 πρὸς
2971 370 3119 440 λέξιν
3149 371 3247 425 ἐπὶ
3272 374 3337 445 τῇ
3363 371 3459 427 τοῦ
3493 390 3721 447 προαναο

470 465 756 522 rcl‘erebat.
797 462 932 519 Cum
984 461 1128 517 enim
1172 478 1268 533 per
1321 470 1490 518 totam
1536 469 1943 518 sacrosanctam
1989 470 2045 517 et

471 572 500 611 ιι
521 558 705 613 divino
744 553 951 626 Spiritu
977 554 1235 611 traditam
1267 553 1636 628 Scripturam,
1674 555 1721 610 si
1766 554 1891 625 quis
1923 567 2045 608 eam

471 646 536 703 ad
565 660 785 704 sensum
820 645 1226 715 interpretetur,
1272 646 1508 718 primum
1553 646 1626 702 sit
1671 644 2039 716 propositum,

470 743 530 790 ut
558 734 784 807 mystica
811 732 1058 804 quaedam
1101 733 1397 806 divinaque
1441 733 1658 800 doceat,
1709 740 1928 789 servato
1958 739 2047 786 tae

468 843 592 883 men
618 826 812 884 saltem
835 826 893 881 in
921 834 1077 898 parte
1105 828 1271 882 etiam
1301 826 1513 898 vulgari
1535 834 1832 897 apertoque
1880 839 2046 881 sensu

454 934 658 976 reorum
687 934 810 990 quae
850 918 1113 975 historice
1144 925 1296 990 gesta
1329 925 1460 974 sunt
1487 936 1500 972 :
1530 917 1732 974 merito
1771 916 1876 971 hoc
1909 931 2050 987 quo-

466 1028 574 1084 que
598 1013 741 1083 quod
773 1027 919 1067 nunc
954 1020 1222 1067 tractatur
1253 1010 1558 1078 oraculum,
1592 1011 1651 1065 in
1675 1009 1796 1080 ejus
1826 1008 2044 1074 sideris,

468 1105 754 1175 prophetia
792 1103 939 1176 quod
975 1104 1029 1159 in
1061 1115 1183 1159 ortu
1223 1101 1525 1158 Salvatoris
1556 1101 1732 1158 nostri
1776 1102 2045 1156 oriturum

472 1194 928 1260 denuntiabatur,
975 1194 1138 1251 etiam
1184 1194 1251 1249 ad
1290 1193 1517 1249 ‘verbum
1561 1193 1889 1264 completum
1938 1198 2044 1247 est.

469 1285 632 1361 ago
660 1284 944 1342 Exsistunt
988 1285 1209 1358 quidem
1258 1284 1381 1339 aliis
1427 1298 1646 1355 quoque
1697 1282 1954 1354 gloriosis
1992 1290 2048 1337 et

470 1379 779 1437 illustribus
807 1380 940 1435 viris
967 1378 1309 1433 insolitarum
1341 1377 1621 1431 stellarum
1654 1375 1828 1447 ignes,
1864 1380 1923 1429 ut
1953 1386 2049 1429 ea-

470 1490 591 1530 rum
625 1489 745 1544 quae
790 1487 821 1529 a
850 1471 1178 1544 quibusdam
1212 1471 1426 1526 crinitae
1447 1476 1736 1533 vocantur,
1769 1468 1897 1523 item
1926 1482 2049 1538 quae

444 1564 662 1626 trabis.
706 1571 800 1619 aut
833 1579 955 1634 qua:
982 1562 1161 1618 barbae
1199 1560 1610 1617 similitudinem
1645 1558 1907 1625 ferentes,
1940 1558 2050 1613 uti-

468 1673 577 1729 que
608 1658 770 1712 etiam
804 1654 1164 1728 quarumdam
1206 1653 1439 1708 aliarum
1481 1652 1567 1708 his
1608 1650 1892 1716 similium,
1928 1664 2049 1721 quae

2150 463 2489 536 φωνηθέντος
2541 463 2771 538 ἀστέρος
2814 464 2908 519 ἐπὶ
2955 467 3020 537 τῇ
3072 464 3283 534 γενέσει
3327 463 3424 519 τοῦ
3477 466 3719 539 Σωτῆρος

2147 555 2303 628 ἡμῶν
2342 557 2670 630 προφητείᾳ.
2723 554 3005 626 Γίγνονται
3049 555 3148 629 μὲν
3174 552 3268 612 οὖν
3290 557 3385 610 καὶ
3415 557 3504 628 ἐφ’
3530 559 3722 632 ἐτέρων

2146 647 2403 714 ἐπιδόξων
2437 649 2532 703 καὶ
2580 646 2857 718 ἐπιφανῶν
2888 647 3096 721 ἀνδρῶν
3134 646 3448 715 ξενιζόντων
3485 649 3724 722 ἀστέρων

2146 738 2464 810 ἐκλάμψεις,
2492 732 2603 793 οἷον
2626 737 2735 792 τῶν
2749 736 3097 809 καλουμένων
3125 739 3277 810 παρά
3308 755 3420 792 τισι
3451 740 3724 811 κομητῶν,

2146 831 2180 903 ἢ
2240 830 2484 897 δοκίδων,
2537 830 2572 903 ἢ
2622 828 2942 901 πωγωνιῶν,
2986 830 3021 901 ή
3069 846 3231 885 τινων
3267 830 3475 903 ἐτέρων
3522 832 3726 899 τούτοις

2148 922 2567 993 παραπλησίων,
2617 919 2713 975 ἐπὶ
2775 919 3030 993 μεγάλοις
3088 921 3408 993 πράγμασιν
3466 922 3529 988 ἐξ
3578 923 3728 988 ἔθους

2147 1012 2616 1086 ἀναφαινομένων.
2684 1012 2842 1067 Ἀλλά
2889 1013 2943 1066 τί
2972 1013 3084 1086 γὰρ
3115 1014 3416 1088 κρεῖττονῆ
3441 1014 3628 1087 μεῖζον
3656 1014 3728 1086 τῷ

2147 1101 2312 1155 παντὶ
2343 1101 2533 1174 κόσμῳ
2576 1101 2773 1172 γένοιτ’
2800 1102 2867 1158 ἄν
2909 1118 3040 1155 ποτε
3065 1102 3098 1174 ἢ
3120 1103 3181 1157 τὸ
3202 1103 3291 1159 διὰ
3324 1105 3599 1178 σωτηρίου
3624 1107 3731 1159 ἐπι.

2148 1192 2376 1279 φανείας
2392 1195 2557 1248 πᾶσιν
2585 1192 2835 1267 ὑπάρξαν
2872 1193 3181 1268 ἀνθρώποις
3201 1196 3386 1270 νοερὸν
3422 1198 3562 1268 φῶς,
3584 1199 3729 1252 εὐσε-

2149 1283 2300 1349 ϐείας
2354 1284 2450 1340 καὶ
2496 1284 2825 1355 θεογνωσίας
2874 1285 3108 1359 ἀληθοῦς
3138 1288 3442 1361 κατάληψιν
3486 1287 3729 1358 λογικοῖς

2145 1373 2346 1446 ψυχαῖς
2370 1374 2722 1447 νομιζόμενον
2745 1390 2760 1440 ;
2801 1364 2864 1428 οὗ
2900 1372 2965 1446 δὴ
2995 1376 3157 1449 χάριν
3183 1377 3246 1431 τὸ
3271 1377 3413 1449 μέγα
3444 1381 3673 1448 σημεῖον
3701 1380 3728 1432 ό

2149 1468 2434 1539 προφανὴς
2472 1466 2660 1540 ἐδήλου
2721 1466 2916 1540 ἀστὴρ,
2963 1468 3136 1539 μέγαν
3187 1471 3282 1522 καὶ
3319 1469 3440 1524 νέον
3470 1468 3731 1542 φωστῆρα

2148 1559 2533 1632 ἐπιλάμψαντα
2557 1558 2636 1631 τῷ
2664 1559 2828 1614 παιντλ⁸
2878 1559 3069 1633 κόσμῳ
3104 1559 3196 1614 τὸν
3218 1560 3451 1633 Χριστὸν
3470 1561 3570 1614 τοῦ
3600 1560 3728 1615 8εοῦ

2148 1654 2315 1707 πᾶσιν
2370 1652 2760 1724 αἰνιττόμενος.
2803 1650 2963 1706 Κατά
3023 1651 3086 1706 τὸ
3114 1651 3247 1706 αὐτὸ
3274 1652 3390 1724 δὲή
3425 1652 3729 1725 προφητεία

468 1750 680 1821 magnis
722 1746 1138 1803 imminentibus
1183 1744 1351 1800 rebus
1390 1745 1567 1799 solent
1614 1744 1902 1800 exsistere.
1963 1742 2034 1796 At

2150 1740 2432 1814 ἄνθρωπον
2472 1739 2609 1813 ὁμοῦ
2644 1741 2740 1795 καὶ
2784 1740 2989 1814 ἀστέρα
3033 1740 3280 1808 θεσπίζει
3309 1743 3376 1796 δι’
3410 1736 3489 1797 ὧν
3529 1760 3721 1815 φησιν’

473 1841 621 1895 enim
650 1837 782 1911 quid
823 1838 1039 1894 tandem
1087 1846 1180 1892 aut
1199 1834 1553 1891 excellentius
1592 1841 1687 1889 aut
1728 1832 1907 1903 majus
1946 1830 2048 1886 toti

468 1932 675 1989 mundo
706 1946 947 2002 unquam
990 1927 1302 1999 contigerit,
1352 1941 1514 1996 quam
1543 1926 1688 1998 quod
1723 1941 1821 1996 per
1850 1925 2050 1981 saluta-

468 2038 585 2079 rem
620 2003 909 2078 adventum
944 2021 1201 2077 omnibus
1246 2018 1425 2073 illuxit
1468 2016 1794 2073 mortalibus
1848 2016 2049 2072 intelli-

470 2114 664 2184 gentia:
693 2114 898 2180 lumen,
930 2110 1078 2183 quod
1115 2119 1171 2166 et
1213 2109 1434 2180 pietatis
1467 2116 1521 2165 et
1562 2123 1703 2163 verae
1751 2107 2049 2179 agnitionis

468 2204 564 2261 Dei
593 2204 994 2277 perceptionem
1029 2202 1226 2258 animis
1264 2200 1624 2257 rationalibus
1648 2200 1859 2264 attulit,
1883 2200 2048 2271 cujus

468 2295 666 2367 gratia,
690 2294 885 2366 ingens
914 2292 1132 2365 signum
1164 2291 1240 2357 id,
1272 2292 1341 2348 de
1368 2307 1481 2364 quo
1512 2296 1672 2345 antea
1703 2289 1911 2345 dictum
1939 2296 2048 2355 est,

468 2385 745 2441 indicabat
787 2385 964 2451 sidus,
1009 2385 1139 2441 dum
1188 2386 1381 2456 ingens
1434 2392 1486 2440 et
1525 2397 1726 2439 novum
1776 2376 2051 2437 luminare

470 2477 617 2549 quod
649 2485 825 2533 totum
866 2476 1165 2532 illustravit
1209 2477 1495 2538 mundum,
1534 2473 1817 2530 Christum
1862 2472 2050 2543 utique

468 2569 566 2625 Dei
587 2569 842 2625 omnibus
865 2567 1159 2639 signiﬁcat?
1186 2566 1392 2623 Eodem
1426 2581 1555 2621 vero
1590 2565 1711 2620 loco
1740 2565 2047 2635 prophetia,

469 2668 523 2716 et
550 2659 825 2716 hominem
861 2667 917 2713 et
966 2658 1121 2715 sidus
1149 2656 1392 2713 futurum
1438 2656 1669 2721 divinat,
1700 2654 1789 2710 his
1811 2655 1996 2711 verbis
2029 2675 2046 2711 :

475 2762 497 2800 ι
542 2745 834 2801 Exorietur
868 2746 1027 2801 stella
1051 2762 1122 2801 ex
1156 2743 1348 2813 Jacob,
1373 2754 1428 2801 et
1459 2752 1647 2817 surget
1680 2744 1847 2800 homo
1871 2760 1939 2800 ex
1970 2745 2051 2802 ls-

468 2842 606 2908 rael,
638 2860 658 2894 »
692 2849 878 2912 utpote
915 2856 1037 2912 quae
1067 2847 1122 2897 et
1163 2840 1388 2896 caeleste
1425 2838 1697 2893 luminare
1718 2836 1889 2894 Deum
1912 2835 2045 2894 Ver.

471 2935 602 2990 bum
626 2949 747 2991 esse
776 2933 1066 3007 signiﬁcet,
1092 2941 1146 2989 et
1178 2941 1360 2987 tamen
1381 2931 1630 2987 eumdem
1661 2931 1938 2987 hominem
1961 2945 2053 3003 ap-

470 3029 653 3100 pellet.
683 3025 848 3084 Varie
890 3042 1057 3101 porro
1107 3025 1262 3081 illum
1302 3024 1427 3081 aliis
1475 3038 1694 3096 quoque
1733 3024 1791 3080 in
1829 3023 1966 3081 locis
1997 3034 2050 3079 et

2153 1852 2172 1886 ι
2207 1828 2477 1888 Ἀνατελεῖ
2497 1835 2694 1906 ἄστρον
2710 1832 2771 1899 ἐξ
2797 1832 3013 1901 Ἰακὼϐ,
3030 1835 3125 1889 καὶ
3145 1835 3513 1908 ἀναστήσεται
3534 1837 3731 1910 ἄνδηρα»

2147 1944 2247 1992 πος
2288 1925 2347 1994 ἐξ
2399 1926 2651 1999 Ἰσραήλ·
2693 1945 2712 1978 ι
2761 1926 2854 1979 τδν
2905 1927 3003 1998 μὲν
3056 1926 3307 1999 οὐράνιον
3337 1927 3605 2003 φωστῆρα
3643 1931 3731 1984 τὸν

2147 2018 2277 2072 Θεὸν
2339 2018 2512 2087 Λόγον
2570 2013 2738 2085 εἶναι,
2781 2019 2876 2073 τὸν
2920 2018 3085 2073 αὐτὸν
3113 2018 3170 2072 δὲ
3211 2019 3500 2093 ἄνθρωπον
3541 2023 3733 2095 ὀνομά-

2148 2112 2334 2178 ζουσα.
2371 2111 2654 2185 Διαφόρως
2688 2112 2746 2166 δὲ
2792 2112 2955 2167 αὑτὸν
2995 2112 3089 2167 καὶ
3135 2114 3191 2166 ἐν
3234 2114 3443 2188 ἑτέροις
3470 2116 3731 2189 ἀνατολήν

2146 2204 2303 2277 epos,
2332 2205 2426 2259 καὶ
2457 2204 2592 2274 φῶς,
2637 2206 2732 2259 καὶ
2764 2203 2913 2274 ήλιον
2964 2204 3312 2277 δικαιοσύνης
3338 2207 3628 2271 ἀποκαλεῖ,
3661 2210 3731 2273 rb;

2148 2298 2205 2351 ἐν
2233 2299 2346 2362 τοῖς
2367 2296 2603 2370 πρώτοις
2638 2295 3020 2368 ἀπεδείξαμεν.
3070 2293 3207 2351 Εἶτα
3242 2298 3303 2351 τὸ
3336 2298 3437 2369 μὲν
3464 2299 3731 2373 θειότερον

2150 2387 2333 2455 αὐτοῦ,
2364 2388 2458 2443 ἆτε
2496 2386 2729 2458 φωτίζον
2773 2387 2958 2443 πάντα
3002 2387 3291 2460 ἄνθρωπον
3331 2391 3626 2462 ἐρχόμενον
3655 2394 3730 2456 εἷς

2147 2480 2238 2536 τὸν
2266 2480 2490 2551 κόσμον,
2522 2478 2602 2550 τῷ
2622 2479 2721 2551 τῆς
2747 2477 3011 2551 ἀνατολῆς
3033 2480 3341 2552 ἐπεφήμισε
3375 2484 3727 2555 προσρήματι

2150 2573 2355 2645 φήσας·
2386 2590 2407 2623 ι
2457 2569 2730 2625 Ἀνατελεί
2769 2571 2969 2645 ἄστρον
3018 2569 3078 2635 ἐξ
3121 2571 3349 2625 Ἰακὼϐ*
3387 2591 3406 2624 ι
3437 2573 3530 2627 τὸν
3554 2574 3610 2627 δὲ
3640 2575 3727 2629 ἀν-

2150 2661 2365 2734 θρωπον
2420 2660 2509 2716 διὰ
2556 2661 2617 2715 τὸ
2667 2661 2880 2734 συμϐὰν
2946 2661 3074 2732 περὶ
3119 2663 3284 2717 αὑτὸν
3333 2663 3527 2729 πάθος,
3561 2664 3639 2729 ὡς
3668 2664 3728 2720 ἂν

2150 2753 2498 2820 πεπτωκότα,
2550 2754 2948 2827 ἀναστήσεσθαι
2999 2752 3264 2818 θεσπίζει,
3302 2755 3505 2827 ὁμοίως
3530 2750 3613 2821 οἷς
3640 2758 3729 2810 καὶ

2161 2844 2392 2912 Ἡσαΐας
2440 2848 2582 2922 περὶ
2614 2846 2781 2901 αὑτοῦ
2834 2863 2967 2919 φησι
2990 2861 3007 2879 ο
3044 2864 3064 2898 ι
3102 2847 3215 2900 Καὶ
3240 2847 3393 2901 ἐσται
3427 2850 3462 2920 ἡ
3492 2846 3615 2921 ῥίζα
3637 2847 3727 2902 τοῦ

2162 2937 2381 3003 Ἰεσσαὶ,
2417 2938 2513 2993 καὶ
2560 2940 2589 2993 ό
2622 2938 2979 3009 ἀνιστάμενος
3024 2937 3213 3013 ἄρχειν
3248 2936 3439 3003 ἐθνῶν,
3473 2938 3562 2992 ἐπ’
3584 2936 3723 3009 αὐτῷ

2149 3026 2278 3100 ἔθνη
2324 3028 2592 3082 ἐλπιοῦσι.
2631 3048 2651 3081 ι
2685 3028 2797 3082 Καὶ
2839 3028 3007 3097 σαφές
3041 3043 3107 3097 γε
3147 3029 3269 3082 τίνα
3294 3028 3500 3100 τρόπον
3524 3029 3584 3082 τὸ
3613 3028 3723 3098 φῶς

468 3129 649 3177 ortum
681 3120 866 3189 simul,
901 3127 956 3175 et
994 3119 1178 3174 lumen
1221 3125 1277 3174 et
1319 3116 1488 3173 solem
1515 3115 1745 3186 justitire
1774 3125 1955 3181 vocat,
1984 3124 2047 3172 ut

2150 3118 2240 3174 τοῦ
2270 3120 2521 3192 Σωτῆρος
2575 3120 2730 3192 ήμῶν
2783 3122 2846 3174 ἐκ
2868 3120 2963 3173 τοῦ
3008 3119 3202 3174 Ἰακὼϐ
3248 3120 3557 3185 ἀνατεὶλαν,
3587 3121 3723 3175 τοῦτ’

469 3219 526 3270 in
561 3213 838 3286 prioribus
860 3211 1018 3268 libris
1049 3210 1413 3268 ostendimus.
1446 3208 1717 3271 Caeterum
1742 3207 1890 3279 quod
1926 3207 2050 3278 qui-

469 3308 594 3365 dem
624 3308 681 3363 in
711 3306 805 3362 illo
833 3305 1075 3362 divinius
1107 3311 1214 3370 est,
1244 3310 1507 3374 tanquam
1526 3301 1581 3357 id
1609 3299 1755 3373 quod
1784 3300 2050 3356 illuminet

469 3414 687 3455 omnem
718 3396 993 3453 hominem
1024 3397 1330 3452 venientem
1383 3395 1438 3450 in
1467 3395 1613 3449 hunc
1647 3391 1934 3459 mundum,
1959 3407 2041 3447 or-

472 3502 563 3548 lus
590 3490 860 3548 vocabulo
887 3488 1205 3555 celebravit,
1238 3489 1295 3543 in
1324 3487 1475 3542 hunc
1523 3485 1746 3543 modum
1783 3504 1797 3541 :
1830 3503 1853 3536 ι
1893 3482 2050 3540 Orie-

474 3594 564 3639 tur
582 3582 737 3639 stella
763 3597 828 3638 ex
848 3578 1036 3638 Iacob.
1060 3600 1079 3634 ι
1098 3578 1382 3636 Hominem
1405 3593 1536 3635 vero
1557 3576 1806 3634 eumdem
1830 3584 2050 3649 propter

475 3677 820 3733 alﬂictionem
862 3691 928 3732 ac
980 3683 1211 3731 mortem
1267 3688 1431 3744 quam
1488 3670 1734 3744 pertulit,
1784 3676 2049 3741 tanquam

469 3785 593 3825 eum
620 3768 715 3841 qui
744 3767 1042 3832 ceciderat,
1074 3775 1454 3823 surrecturum
1488 3762 1719 3826 divinat,
1746 3760 1949 3832 quibus
1972 3759 2050 3815 si-

469 3860 617 3915 milia
648 3858 717 3915 de
745 3858 937 3915 eodem
967 3856 1137 3929 lsaias
1165 3856 1315 3912 canit
1343 3874 1356 3910 :
1398 3871 1416 3905 ι
1450 3850 1518 3906 Et
1549 3850 1656 3908 erit
1686 3850 1841 3906 radix
1871 3847 2047 3917 Iesse,

469 3960 524 4006 et
561 3951 654 4024 qui
698 3951 875 4021 surgit
913 3958 975 4005 ut
1024 3949 1255 4019 imperet
1300 3943 1556 4017 gentibus
1591 3958 1605 3995 :
1640 3942 1697 3996 in
1745 3956 1812 3997 eo
1859 3948 2049 4013 gentes

469 4043 846 4116 sperabunt".
887 4061 906 4094 ι
943 4040 1007 4096 Et
1032 4040 1384 4096 manifestum
1415 4036 1636 4109 quidem
1669 4042 1774 4099 est,
1809 4048 2048 4106 quonam

469 4135 634 4192 modo
672 4133 975 4190 Salvatoris
1004 4133 1179 4189 nostri
1233 4131 1419 4186 lumen
1454 4128 1523 4185 de
1564 4126 1733 4184 Jacob
1775 4135 2047 4192 exortum,

471 4227 577 4283 hoc
642 4234 729 4282 est
764 4224 832 4301 ἃς
881 4223 1110 4281 Judaico
1159 4223 1383 4296 populo,
1414 4235 1526 4277 non
1573 4221 1676 4292 ipsi
1707 4218 1878 4277 Jacob
1906 4220 2051 4277 unde

348 4332 360 4340 ‘
470 4317 775 4388 profectum
826 4325 941 4385 est,
1005 4316 1103 4374 sed
1152 4316 1410 4373 omnibus
1475 4314 1730 4387 gentibus
1784 4313 2046 4370 illuxerit.

470 4411 586 4468 lloc
610 4426 744 4468 vero
777 4426 902 4466 cum
941 4425 1010 4467 ex
1041 4410 1163 4467 aliis
1193 4406 1450 4481 plurimis
1489 4406 1790 4479 prophetiis
1836 4405 2050 4463 discere

469 4521 784 4580 possumus,
815 4514 1076 4575 tanquam
1101 4502 1171 4559 ad
1192 4503 1369 4575 ipsum
1395 4500 1674 4558 Christum
1698 4499 2044 4555 dicentibus:

474 4622 493 4654 ι
534 4599 673 4658 Ecce
708 4598 868 4673 posui
899 4606 950 4655 te
976 4597 1034 4653 in
1065 4596 1479 4654 Testamentum
1511 4593 1751 4666 generis,
1778 4593 1834 4648 in
1865 4593 2050 4649 lumen

466 4692 796 4765 gentium“;
829 4710 845 4743 ι
875 4700 987 4747 tum
1011 4688 1175 4746 etiam
1192 4703 1256 4744 ex
1274 4686 1451 4758 ipsius
1470 4684 1691 4740 Balaam
1702 4684 1905 4751 verbis,
1929 4699 2051 4756 qua:

467 4788 551 4844 sic
577 4786 781 4842 habent
814 4803 828 4839 :
865 4802 885 4835 ι
922 4781 1245 4854 Egredietur
1272 4778 1341 4835 de
1369 4778 1578 4835 semine
1615 4776 1736 4848 ejus
1775 4775 1962 4843 homo,
1992 4783 2048 4832 et

468 4877 838 4934 dominabitur
866 4876 1117 4948 gentibus
1152 4870 1336 4927 multis
1357 4872 1424 4924 ”.
1462 4890 1483 4925 ι
1519 4869 1685 4942 Atqui
1714 4866 1783 4925 de
1809 4882 2045 4940 quonam

470 4971 578 5025 alio
630 4968 839 5028 semine
888 4982 1050 5040 quam
1088 4965 1158 5022 de
1191 4965 1378 5029 lsrael,
1430 4970 1488 5017 ut
1534 4960 1694 5017 facile
1721 4966 1940 5017 constat
1980 4973 2046 5015 ex

468 5060 646 5134 ipsius
703 5061 971 5118 orationis
1020 5056 1316 5117 contextu?
1366 5053 1606 5111 Proinde
1648 5053 1763 5124 jam
1801 5051 2045 5125 gentium

470 5155 754 5211 dominatu
783 5161 1011 5226 accepto
1060 5150 1363 5208 Salvatoris
1414 5145 1591 5203 nostri
1616 5143 1880 5210 Verbum,
1920 5159 2045 5200 cum

468 5247 588 5317 ipsa
613 5244 899 5319 prophetia
925 5242 1294 5304 concordans.
1336 5255 1526 5296 omnes
1556 5252 1900 5310 quaecunque
1936 5235 2045 5292 illis

467 5337 743 5410 quondam
775 5337 1140 5409 imperabant,
1167 5332 1471 5391 invisibiles
1501 5338 1556 5387 et
1578 5330 1917 5402 perniciosas
1944 5343 2042 5399 po-

468 5435 694 5488 testates
721 5430 940 5494 delevit,
991 5443 1206 5485 necnon
1238 5423 1543 5498 spiritualia
1592 5421 1813 5477 malitiae
1862 5428 2045 5476 cater-

2150 3213 2297 3268 ἔστιν
2321 3214 2429 3267 ἀπὸ
2457 3211 2550 3267 τοῦ
2582 3216 2647 3267 ἐκ
2685 3214 2987 3287 περιτομῆς
3009 3213 3163 3279 λαοῦ,
3197 3216 3329 3269 πᾶσι
3362 3217 3477 3278 τοῖς
3506 3214 3727 3278 ἔθνεσιν,

2148 3306 2260 3360 ἀλλ’
2288 3306 2408 3380 οὐχὶ
2429 3305 2510 3378 τῷ
2571 3305 2789 3371 Ἰακὼϐ,
2822 3305 2945 3360 ὅθεν
2991 3306 3085 3359 καὶ
3109 3306 3403 3381 προῆλθεν,
3434 3306 3722 3379 ἐξέλαμςε.

2149 3397 2318 3452 Τοῦτο
2366 3397 2424 3452 δὲ
2463 3399 2560 3454 καὶ
2596 3399 2702 3454 ἀπὸ
2730 3398 2997 3453 πλείστων
3043 3400 3245 3473 ἐτέρων
3280 3400 3544 3472 πάρεστιν
3584 3401 3729 3454 ἐκλα-

2150 3489 2264 3544 ϐεῖν
2297 3491 2662 3564 προφητειῶν,
2680 3491 2756 3555 ὡς
2780 3490 2913 3563 πρὸς
2944 3492 3105 3545 αὑτὸν
3132 3492 3456 3561 φασκουσῶν
3486 3492 3578 3546 τὸν
3605 3494 3730 3563 Χρι-

2151 3583 2303 3637 στόνσ
2350 3604 2369 3636 ι
2415 3583 2547 3639 Ἰδοὺ
2604 3584 2826 3638 τέθεικά
2874 3601 2934 3637 σε
2981 3586 3064 3648 είς
3098 3583 3373 3658 Διαθήκην
3415 3585 3626 3655 γένους,
3651 3586 3729 3648 είς

2151 3675 2268 3746 φῶς
2313 3674 2485 3729 ἐθνῶν
2507 3692 2519 3706 ·
2561 3696 2581 3729 ι
2617 3677 2678 3730 ού
2707 3675 2811 3749 μὴν
2857 3675 2990 3730 ἀλλά
3024 3676 3119 3730 καὶ
3144 3677 3207 3730 ἐκ
3245 3675 3356 3731 τῶν
3382 3677 3477 3730 τοῦ
3508 3675 3729 3747 Βαλαὰμ

2149 3767 2344 3837 λόγων,
2365 3766 2432 3821 δι’
2463 3760 2537 3821 ὧν
2560 3785 2755 3841 φησιν⁸
2797 3786 2817 3821 ι
2864 3767 3235 3837 Ἐξελεύσεται
3267 3769 3332 3821 ἐκ
3363 3767 3459 3822 τοῦ
3488 3769 3732 3842 σπέρμα-

2149 3875 2239 3922 τος
2265 3856 2429 3911 αὑτοῦ
2462 3856 2768 3930 ἄνθρωπος,
2796 3856 2893 3911 καὶ
2919 3855 3197 3930 κυριεύσει
3226 3855 3397 3910 ἐθνῶν
3440 3856 3667 3911 πολλῶν.
3704 3875 3728 3909 ι

2150 3944 2306 4010 Τίνος
2332 3945 2390 3999 δὲ
2414 3947 2478 3998 ἐκ
2512 3945 2827 4017 σπέρματος
2851 3948 2885 4016 ἢ
2910 3945 3006 3999 τοῦ
3049 3946 3283 4018 Ἰσραὴλ,
3312 3946 3443 4019 ὡςή
3476 3948 3720 4020 σύμφρα-

2151 4052 2235 4100 σις
2264 4034 2608 4108 παρέστησε;
2639 4036 2733 4089 καὶ
2757 4035 2823 4106 δὴ
2853 4034 3146 4108 κυριεύσας
3175 4034 3346 4089 ἐθνῶν
3369 4038 3399 4090 ό
3425 4036 3522 4090 τοῦ
3549 4036 3733 4106 Σωτῆ-

2153 4128 2419 4200 ροςήμῶν
2460 4126 2652 4196 Λόγος,
2694 4126 2971 4198 ἀρχούσας
3015 4127 3283 4199 ἀοράτους
3322 4127 3417 4180 καὶ
3457 4126 3733 4199 μοχθηρὰς

2147 4220 2404 4293 δυνάμεις
2424 4221 2662 4287 καθεῖλε,
2676 4222 2773 4276 καὶ
2793 4222 2860 4277 τὰ
2880 4236 3013 4276 πνευ
3021 4221 3225 4294 ματικά
3242 4223 3341 4293 τῆς
3364 4225 3655 4296 πονηρίας,
3675 4224 3737 4276 τό

2148 4329 2210 4366 τε
2244 4317 2435 4383 στῖφος
2465 4313 2526 4366 τὸ
2565 4312 2896 4386 δαιμονικὸν,
2939 4313 3216 4387 ἀρχηγοὺς
3251 4312 3450 4379 Μωάσ,
3486 4316 3586 4369 καὶ
3606 4314 3734 4387 Σήθ,

2150 4406 2244 4460 καὶ
2313 4403 2508 4477 Ἐδὼμ,
2548 4404 2643 4458 καὶ
2707 4404 2880 4459 Ἦσαῦ
2930 4404 3333 4479 τροπικώτερον
3358 4407 3417 4460 ἐν
3442 4409 3562 4471 τοῖς
3603 4406 3737 4479 μεεά

2152 4499 2341 4569 χεῖρας
2367 4495 2749 4569 ὼνομασμένα.
2804 4496 3055 4568 Ἀσαφῶς
3084 4497 3141 4551 δὲ
3173 4497 3429 4568 κείμενον
3451 4499 3611 4571 παρά
3628 4500 3736 4560 τοῖς

2166 4589 2565 4662 Ἑϐδομήκοντα
2618 4588 2701 4654 τὺ,
2742 4608 2763 4641 ι
2800 4587 2970 4655 Δείξω
2993 4587 3166 4660 αὐτῷ,
3200 4589 3293 4644 καὶ
3324 4590 3447 4660 οὐχὶ
3468 4589 3591 4652 νῦν,
3628 4607 3731 4663 μαι

2156 4680 2389 4754 καρίζω,
2424 4681 2520 4736 καὶ
2542 4681 2644 4735 οὐκ
2672 4679 2902 4751 ἐγγίζει,
2938 4700 2957 4733 ι
2996 4682 3329 4754 σαφέστερον
3368 4683 3397 4735 ὁ
3430 4683 3533 4752 μὲν
3579 4682 3735 4735 ’Δκύο

2150 4774 2248 4842 λας
2292 4775 2553 4844 ἐξέδωκεν
2579 4792 2595 4806 ο
2622 4793 2642 4827 ι
2681 4773 2919 4847 Ὀψομαι
2954 4775 3118 4829 αὐτὸν
3145 4813 3162 4839 ,
3213 4775 3306 4830 καὶ
3340 4775 3403 4829 οὒ
3448 4774 3569 4841 νῦν,
3606 4792 3737 4848 προ-

2156 4866 2362 4933 σκοπῶ,
2397 4865 2512 4920 ἀλλ’
2541 4867 2641 4919 οὐκ
2665 4865 2831 4935 ἐγγύς
2854 4882 2869 4896 ·
2900 4885 2917 4917 ι
2947 4867 2977 4919 ὁ
2995 4866 3050 4919 δέ
3077 4865 3371 4938 Σύμμαχος
3389 4866 3736 4940 λευκότερον,

2155 4962 2365 5035 φήσας·
2403 4980 2422 5013 ι
2473 4960 2616 5032 Ὀρῶ
2659 4958 2843 5023 αὑτὸν,
2890 4958 3003 5013 ἀλλ’
3028 4959 3130 5013 οὐκ
3170 4959 3354 5029 ἐγγύς.
3390 4978 3409 5011 δ
3442 4958 3739 5029 ι’ίέγοισιιοδ⁸

2153 5056 2220 5109 ἂν
2246 5052 2417 5109 ταῦτα
2446 5053 2551 5107 ὑπὸ
2596 5052 2691 5107 τοῦ
2718 5052 2969 5124 Βαλαὰμ,
2994 5052 3070 5116 ὡς
3101 5058 3332 5128 μακροῖς
3357 5052 3590 5128 ὕστερον
3621 5054 3735 5127 μετ’

2153 5145 2316 5200 αὐτὸν
2345 5146 2556 5219 χρόνοις
2604 5141 2906 5216 μελλόντων
2951 5144 3465 5218 ἐπιτελεσθήσεσθαι
3501 5147 3614 5200 τῶν
3640 5146 3734 5218 δη-

2150 5235 2457 5307 λουμένων·
2484 5234 2621 5305 μετά
2655 5231 2784 5302 γοῦν
2813 5231 3169 5304 δισχιλιοστὺν
3210 5233 3327 5294 ἔτος
3357 5232 3460 5304 τῆς
3488 5234 3733 5306 προρρή-

2154 5344 2291 5391 σεως
2319 5324 2625 5398 ἐπληροῦτο
2678 5323 2872 5389 ταῦτα,
2919 5324 3014 5377 ἐπὶ
3035 5324 3137 5395 τῆς
3163 5324 3259 5378 τοῦ
3296 5324 3555 5397 Σωτῆρος
3581 5323 3737 5396 ήμῶν

2151 5420 2231 5483 είς
2254 5416 2576 5490 ἀνθρώπους
2593 5415 2904 5488 ἐπιδημίας.

465 5537 702 5595 vamque
739 5523 1117 5589 daemonicam,
1153 5537 1277 5593 quae
1333 5520 1592 5576 ductores
1631 5515 1811 5582 Moab,
1843 5523 1900 5571 et
1943 5511 2099 5578 Seth,
2120 5521 2175 5568 et
2208 5511 2401 5576 Edam,
2432 5518 2487 5566 et
2522 5508 2680 5580 42],
2721 5508 2887 5574 Esau,
2913 5508 3196 5580 ﬁguratius
3230 5510 3284 5566 in
3325 5508 3390 5565 iis
3419 5522 3544 5580 qua:
3588 5520 3740 5562 nunc

463 5623 794 5678 tractamus,
837 5616 1194 5674 denominata
1239 5622 1387 5670 sunt.
1415 5613 1553 5669 Cum
1588 5620 1768 5665 autem
1824 5606 1965 5679 apud
2006 5605 2147 5659 LXX
2167 5606 2459 5662 obscurius
2509 5605 2750 5674 positum
2791 5603 2862 5660 sit
2899 5602 3033 5660 illud
3065 5622 3083 5661 ;
3119 5622 3138 5656 ι
3165 5602 3462 5661 Ostendam
3510 5600 3742 5667 illi,sed

524 5731 567 5765 "
602 5730 714 5786 lsa.
751 5743 835 5803 xl,
884 5731 977 5786 ιυ.
1055 5732 1097 5765 ¹²
1138 5733 1222 5787 lsa
1285 5746 1424 5796 ml,
1460 5731 1514 5787 6.

1590 5729 1634 5762 ”
1673 5724 1836 5781 Num.
1870 5741 1993 5779 xxiv
2017 5764 2032 5782 .
2063 5721 2153 5778 l9.
