3922 6200
266 313 368 369 657
1139 303 1792 361 DEMONSTEATIONIS
1828 300 2284 360 EVANGELICE
2339 299 2464 356 LIB.
2508 297 2600 354 I’X.
3407 295 3520 348 εδδ·

265 447 374 485 non
419 443 587 494 nunc,
627 427 845 484 beatum
883 426 1027 492 dico,
1062 427 1155 482 sed
1202 440 1311 480 non
1345 419 1776 497 appropinquat,
1827 445 1846 478 ι
1875 423 2020 479 idem
2063 422 2196 477 illud
2250 421 2494 492 apertius
2544 417 2736 488 Aquila
2804 413 3010 470 edidit:
3041 431 3057 463 ι
3095 411 3301 467 Videbo
3360 410 3512 466 illum

266 527 367 583 sed
427 543 537 582 non
582 541 753 590 nunc,
789 524 1064 596 prospicio
1116 525 1290 588 illum,
1347 523 1442 580 sed
1489 539 1598 579 non
1650 538 1840 595 propet
1873 541 1891 575 ι
1931 519 2294 594 Symmachus
2346 525 2551 582 autem,
2609 514 2894 572 candidius
2933 529 2947 566 :
2989 529 3009 562 ι
3046 509 3236 572 Video,
3290 509 3511 580 inquit,

259 621 438 684 illum,
471 620 568 677 sed
610 635 720 674 non
753 635 940 692 prope.
973 639 991 672 ι
1028 618 1143 674 Dici
1195 634 1322 675 vero
1361 619 1475 674 haec
1525 620 1780 676 videntur
1813 633 1842 672 a
1875 614 2116 685 Balaam,
2146 627 2404 688 tanquam
2453 612 2630 686 longis
2677 611 2932 680 deinceps
2976 614 3101 678 post
3145 606 3322 676 ipsum
3371 613 3511 660 tem-

258 713 486 782 poribus
539 712 867 782 perﬁcienda
913 719 1096 767 essent
1147 727 1232 776 ea,
1273 728 1393 784 qua:
1446 713 1516 769 ab
1573 713 1696 786 ipso
1745 715 2125 770 canebantur:
2159 725 2284 766 nam
2324 707 2540 764 duobus
2591 705 2831 760 millibus
2896 717 3166 758 annorum
3209 707 3332 771 post
3379 698 3511 754 illud

257 809 579 863 vaticinium
607 809 874 878 completa
923 817 1050 863 sunt
1083 807 1218 874 hmo,
1267 824 1376 880 quo
1428 809 1682 864 videlicet
1721 818 1969 880 tempore
2029 807 2281 862 Salvator
2335 813 2524 860 noster
2568 816 2694 857 cum
2747 799 3057 855 hominibus
3100 803 3348 855 versatus
3409 806 3510 852 cst.

265 927 412 982 Ἀπὸ
442 929 549 983 τοῦ
590 929 850 984 Ἡσαΐου.
882 961 951 970 -
996 930 1090 995 Ὡς
1143 933 1176 984 ό
1221 932 1457 999 Κύριος,
1512 925 1718 997 ἐπιϐὰς
1772 930 1820 985 oi

1948 929 2026 984 Ab
2081 928 2265 984 Esaia.
2322 922 2902 999 _——_Quemadm_odm_n
2956 920 3512 999 Dominus_insistens

324 999 658 1068 ἀνείληφεν
694 999 763 1062 ἐξ
802 1001 973 1069 ἁγίας
1001 1001 1306 1069 Παρθένου
1337 1002 1633 1069 σώματος,
1668 1001 1837 1068 ἥξειν

323 1071 412 1134 εις
434 1071 740 1140 ᾼῖγυπτογ
773 1070 970 1140 ῥητῶς
1005 1088 1067 1124 τε
1106 1072 1202 1124 καὶ
1235 1072 1384 1124 κατὰ
1411 1070 1682 1125 διάνοιαν
1709 1073 1834 1125 ἐθε-

325 1138 584 1202 σπίζετο,
637 1138 803 1192 πᾶσὰ
857 1157 919 1192 τε
971 1141 1070 1192 ἐπὶ
1111 1140 1223 1207 τῆς
1283 1142 1619 1209 παρουσίας
1651 1141 1835 1196 αὑτοῦ

325 1210 855 1278 καθαιρεθήσεσθαι
883 1209 1000 1263 τῶν
1022 1211 1212 1266 ἐθνῶν
1242 1210 1696 1281 δεισιδαιμονία.

329 1341 349 1375 ι
397 1319 531 1376 Ἰδοῦ
571 1321 787 1395 Κύριος
813 1322 1048 1408 κάθηται
1093 1325 1186 1376 ἐπὶ
1219 1323 1447 1394 νεφέλης
1487 1323 1714 1396 κούφης,
1743 1325 1838 1377 καὶ

244 1410 369 1482 ἥξει
399 1414 479 1474 εἰς
510 1411 816 1479 Αἴγυπτον·
853 1413 947 1465 καὶ
984 1413 1325 1485 σεισθήσεται
1368 1413 1438 1466 τὰ
1480 1414 1836 1486 χειροποίητα

246 1504 525 1574 Αἰγύπτου
552 1504 660 1557 ἀπὸ
693 1503 984 1576 προσώπου
1016 1504 1202 1569 αὑτοῦ,
1233 1507 1327 1559 καὶ
1361 1508 1394 1576 ή
1429 1505 1622 1578 καρδία
1658 1505 1835 1558 αὐτῶν

245 1596 614 1667 ἡττηθήσεται
638 1599 696 1649 ἐν
731 1597 932 1661 αὐτοῖς.
967 1617 985 1649 ι
1017 1597 1092 1650 Τὸ
1115 1597 1158 1651 δ’
1195 1597 1368 1651 αίτιον
1395 1597 1488 1651 τοῦ
1517 1599 1608 1652 τὸν
1629 1599 1834 1669 Κύριον

244 1688 402 1759 ἥξειν
432 1691 509 1752 εἰς
530 1689 799 1757 Αἴγυπτον
833 1689 1204 1755 Θεσπίζεσθαι,
1230 1691 1348 1744 τόδε
1391 1693 1480 1762 μοὶ
1506 1688 1644 1745 εἶναι
1667 1691 1828 1744 δοκεῖ.

245 1781 464 1853 Πρῶτοι
491 1783 587 1853 μὲν
623 1783 839 1836 πάντων
866 1783 1151 1850 Αἰγύπτιοι
1182 1784 1281 1855 τῆς
1309 1783 1570 1839 πολυοέου
1597 1788 1690 1840 καὶ
1721 1787 1834 1840 δαι-

249 1875 477 1946 μονικῆς
519 1873 726 1943 πλάνης
778 1874 1124 1945 ἀπάρξασθαι
1163 1875 1433 1944 λέγονται,
1458 1879 1551 1930 καὶ
1582 1882 1694 1942 τοῖς
1721 1879 1830 1932 λοι-

247 1967 370 2028 ποῖς
406 1966 570 2018 πᾶσιν
611 1963 916 2036 ἀνθρώποις
947 1965 1108 2020 αἴτιοι
1148 1969 1477 2040 καταστῆναι
1509 1968 1834 2042 δεισιδαιμο-

245 2057 388 2118 νίας,
419 2055 557 2108 ἀλλὰ
589 2057 684 2110 καὶ
728 2056 944 2111 πάντων
987 2057 1188 2128 μᾶλλον
1222 2059 1349 2131 περὶ
1389 2059 1486 2124 τὰς
1517 2060 1834 2132 δαιμονικας

246 2147 530 2217 ἐνεργείας
590 2165 648 2200 τε
702 2149 795 2202 καὶ
843 2151 1192 2220 περιεργείας
1260 2152 1628 2222 ἠσχολῆσθαι·
1689 2151 1830 2209 οὗτοι

239 2239 301 2294 δὲ
362 2241 456 2293 καὶ
515 2239 622 2292 ὑπὸ
668 2240 768 2310 τῆς
822 2241 1005 2294 ἐνθέου
1067 2242 1289 2314 Γραφῆς
1329 2243 1513 2316 ἐχθροὶ
1563 2244 1656 2298 τοῦ
1703 2246 1830 2300 λαοῦ
1865 2280 1906 2337 Β

240 2332 338 2385 τού
408 2332 543 2385 Θεού
597 2333 799 2387 ἄνωθεν
869 2335 963 2386 καὶ
1025 2335 1085 2399 ἐξ
1153 2335 1329 2407 ἀρχῆς
1394 2337 1670 2406 γεγονέναι
1729 2356 1826 2409 με·-

244 2423 652 2495 μαρτύρηνται·
703 2426 797 2479 καὶ
845 2427 874 2479 ὃ
912 2443 976 2494 γε
1022 2427 1251 2491 παλαιὸς
1329 2427 1506 2481 αὐτῶν
1578 2429 1828 2500 βασιλεὺς

237 2515 520 2585 ὁμολογῶν
561 2513 634 2586 μὴ
673 2515 869 2570 εἰδέναι
914 2517 1006 2569 τὸν
1048 2517 1252 2588 Κύριον
1277 2518 1709 2589 ἀναγέγραπται,
1738 2520 1825 2572 ὅτε

238 2606 306 2678 δὴ
331 2606 602 2676 ἔφασκεν*
641 2625 659 2657 ι
700 2606 814 2662 Ούκ
837 2603 951 2659 οἶδα
984 2607 1074 2660 τον
1108 2607 1333 2679 Κύριον,
1366 2607 1574 2661 καὶτὸν
1611 2608 1825 2681 Ἰσραὴλ

237 2700 341 2758 οὐκ
380 2699 736 2766 ἐξαποστελῶ.
762 2719 780 2750 ι
801 2701 872 2753 Τὸ
899 2701 963 2772 δὴ
999 2697 1090 2754 οὖν
1121 2700 1264 2772 μέγα
1291 2700 1470 2772 θαῦμα
1511 2701 1608 2772 τῆς
1641 2701 1822 2756 ἐνθέου

235 2790 336 2846 τοῦ
385 2792 619 2864 Χριστοῦ
664 2793 947 2864 δυνάμεως
1000 2793 1352 2864 παραστῆσαι
1417 2792 1740 2864 βουλόμενος
1795 2796 1824 2848 ό

236 2885 420 2954 λόγος,
458 2884 702 2950 Θεσπίζει
729 2884 822 2938 τοῦ
853 2886 1058 2958 Κυρίου
1082 2885 1180 2957 τὴν
1213 2887 1293 2949 είς
1317 2886 1588 2955 Αἴγυπτον
1622 2886 1820 2956 ἄφιξιν,

235 2981 325 3049 ἐρ’
435 2979 730 3050 μεταϐολὴν
777 2981 836 3033 ού
898 2980 996 3051 τὴν
1048 2977 1317 3049 τυχοῦσαν
1362 2979 1472 3031 τῶν
1519 2981 1822 3048 Αἰγυπτίων

234 3069 460 3123 ἔσεσθαι
491 3069 839 3141 προφητεύει,
875 3069 1046 3139 λέγων
1097 3069 1254 3141 ὲξῆςο
1299 3088 1316 3120 ι
1371 3070 1821 3138 Καιγνὼσονται

232 3163 289 3216 οἱ
319 3161 606 3230 Αἰγύπτιοι
644 3163 734 3216 τὸν
771 3162 996 3235 Κύριον,
1026 3181 1044 3215 ι
1080 3165 1127 3215 οἱ
1147 3165 1274 3234 πρὶν
1315 3164 1389 3234 μὴ
1415 3164 1615 3227 εἰδότες
1637 3165 1818 3230 αὐτὸν,

242 3272 264 3306 ι
299 3254 396 3307 καὶ
411 3252 653 3318 εὔξονται
675 3252 754 3322 τῷ
775 3252 963 3323 Κυρίῳ
978 3249 1163 3322 εύχὰς,
1178 3270 1195 3302 ι
1224 3253 1316 3304 καὶ
1334 3251 1404 3304 τὰ
1416 3251 1622 3316 τούτοις
1647 3271 1822 3326 παρα-

233 3346 464 3415 πλήσια.
539 3345 816 3416 Ἀνωτέρω
849 3345 946 3415 μὲν
979 3337 1070 3397 οὗν
1101 3345 1158 3396 ὲν
1206 3343 1283 3414 τῷ
1316 3344 1423 3414 πρὸ
1472 3344 1662 3398 τούτου
1725 3361 1818 3398 κε-

232 3437 454 3508 φαλαίῳ
513 3437 842 3508 κληρονομία
896 3435 990 3490 τοῦ
1042 3434 1435 3506 Οεσττίζομένου
1500 3435 1678 3506 Ἐδὼμ
1727 3437 1820 3490 καὶ

246 3528 422 3582 ’Πσαῦ
449 3529 682 3598 ἐλέγετο,
713 3529 820 3582 τῶν
851 3528 1144 3600 ἀλλοτρίων
1190 3529 1403 3600 Ἰσραὴλ
1436 3529 1578 3583 ούτω
1622 3547 1820 3601 σημαι-

2017 999 2151 1053 illud
2201 997 2338 1068 quod
2387 995 2682 1068 de_sancta
2732 993 2940 1064 Virgine
2988 992 3272 1068 assumpsit
3303 1005 3511 1068 corpus,

2011 1061 2255 1124 venturus
2305 1069 2359 1121 in
2419 1066 2707 1135 .IEgyptum
2764 1061 2841 1118 ρι’
2872 1063 3184 1135 secundum_
3217 1061 3370 1135 verba
3390 1100 3405 1123 ,
3437 1071 3513 1135 _et

2009 1139 2290 1196 secundum
2309 1130 2616 1192 sententi—dm
2637 1144 2778 1204 prara
2788 1137 2918 1188 ictus
2934 1143 3029 1194 est,
3045 1133 3311 1204 omnisque
3327 1133 3380 1186 in
3399 1130 3513 1200 ejus

1974 1262 1979 1266 .
2011 1211 2234 1265 adventu
2257 1206 2530 1263 evertenda
2550 1207 2779 1277 gentium
2801 1204 3119 1272 superstitio.

2014 1343 2032 1375 ι
2060 1324 2199 1378 Ecce
2238 1323 2498 1378 Dominus
2529 1321 2681 1376 sedet
2719 1335 2884 1390 super
2913 1320 3056 1374 nuhe
3091 1319 3217 1380 levi,
3256 1325 3310 1377 et
3334 1317 3513 1372 veniet

1938 1415 1993 1469 in
2012 1413 2306 1485 Egyptum
2330 1431 2342 1466 :
2365 1422 2420 1466 et
2449 1408 2940 1466 commovebuntur
2962 1405 3269 1461 manufacta
3292 1402 3509 1474 Egypti

1936 1523 1967 1562 a
2021 1507 2160 1563 facie
2211 1505 2352 1576 ejus,
2405 1513 2460 1560 et
2489 1518 2583 1558 cor
2611 1517 2801 1556 eorum
2841 1499 3090 1554 vincetur
3122 1499 3175 1552 in
3209 1497 3342 1566 ipsis
3375 1496 3443 1549 “.
3487 1515 3506 1547 ι

1934 1598 2114 1655 Causa
2154 1613 2321 1670 porro
2373 1610 2473 1653 cur
2502 1594 2763 1650 Dominus
2803 1593 2876 1646 ita
2931 1593 2983 1647 in
3014 1590 3309 1662 Egyptum
3343 1588 3511 1644 desti-

1935 1695 2096 1744 netur
2124 1697 2410 1752 venturus,
2459 1687 2576 1743 haac
2621 1683 2752 1739 mihi
2798 1697 2919 1738 esse
2960 1683 3192 1737 videtur.
3235 1680 3398 1735 Primi
3439 1681 3513 1734 si-

1935 1781 2150 1852 quidem
2178 1781 2423 1836 omnium
2439 1777 2676 1851 Egyptii
2697 1775 2873 1832 errori
2903 1774 3115 1830 colendi
3146 1773 3346 1828 mullos
3377 1771 3511 1826 deos

1934 1888 1999 1928 ac
2024 1873 2303 1928 daemonas
2333 1872 2548 1926 initium
2588 1869 2804 1925 dedisse
2851 1869 3128 1931 dicuntur,
3185 1872 3239 1920 et
3287 1864 3508 1936 reliquis

1935 1963 2206 2020 universis
2239 1963 2562 2018 mortalibus
2596 1959 3002 2033 superstitionis
3045 1968 3296 2014 auctores
3340 1958 3508 2013 exsti-

1933 2056 2089 2121 tisse,
2113 2055 2246 2128 quiu
2282 2055 2448 2110 etiam
2489 2054 2733 2110 omnium
2763 2055 2991 2109 aliorum
3033 2052 3284 2114 maxime,
3311 2050 3506 2105 daemo-

1933 2149 2075 2203 nicis
2131 2147 2546 2218 operationibus
2599 2155 2650 2203 et
2713 2144 3127 2201 curiositatibus
3178 2143 3502 2198 studuisse:

1933 2239 2093 2294 iidem
2134 2249 2395 2310 praeterea
2431 2240 2500 2293 ab
2557 2239 2673 2309 ipsa
2729 2237 3012 2308 Scriptura
3061 2235 3243 2290 divina
3320 2234 3505 2290 hostes

1933 2332 2118 2402 populi
2157 2331 2252 2387 Dei
2288 2331 2456 2386 fuisse
2483 2330 2854 2402 perhibentur.
2877 2327 2983 2383 Sed
3010 2327 3266 2397 antiquus
3286 2341 3503 2396 quoque

1933 2425 2173 2495 ipsorum
2209 2441 2303 2481 rex
2341 2424 2493 2480 fateri
2543 2439 2601 2478 se
2636 2438 2742 2477 non
2775 2438 2935 2478 nosse
2961 2420 3274 2486 Dominum,
3323 2420 3499 2490 palam

1931 2518 2239 2588 descriptus
2264 2526 2368 2583 cst,
2391 2516 2517 2572 dum
2548 2516 2626 2572 sic
2659 2515 2736 2569 ait
2777 2534 2790 2569 :
2828 2534 2846 2566 ι
2895 2513 3012 2568 Non
3036 2518 3158 2570 novi
3185 2514 3496 2578 Dominum,

1930 2617 1984 2665 et
2033 2610 2198 2665 Israel
2247 2626 2354 2665 non
2403 2610 2646 2664 emittam
2691 2611 2756 2663 ’⁵.
2791 2628 2810 2660 ι
2846 2607 2986 2678 Ergo
3017 2608 3204 2677 ingens
3233 2606 3502 2676 quoddam

1931 2703 2126 2757 divinae
2164 2703 2369 2758 Christi
2411 2700 3005 2756 virtutismiraculum
3054 2699 3309 2753 exhibere
3348 2696 3504 2751 nobis

1929 2796 2120 2850 volens
2155 2793 2471 2866 prephetica
2501 2794 2697 2856 oratio,
2725 2790 2938 2846 Domini
2963 2791 3015 2844 in
3043 2789 3335 2860 Egyptum
3359 2789 3504 2842 canit

1930 2888 2246 2951 adventum,
2262 2885 2424 2959 422
2439 2885 2544 2940 sub
2570 2900 2732 2956 quem
2756 2898 2862 2938 non
2889 2882 3056 2937 levem
3087 2880 3320 2936 futuram
3336 2879 3505 2950 JEg‘y-

1929 2981 2168 3052 ptiorum
2204 2982 2584 3042 mutationem,
2611 2977 2818 3031 divinat
2849 2975 3105 3045 deinceps
3139 2975 3218 3030 sic
3260 2973 3446 3028 dicens
3485 2993 3497 3027 :

1933 3092 1953 3126 ι
1993 3073 2057 3128 Et
2086 3082 2419 3144 cognoscent
2446 3071 2686 3143 Aigyptii
2720 3070 3031 3132 Dominum,
3078 3087 3096 3120 ι
3130 3069 3223 3138 qui
3251 3066 3501 3122 videlicet

1929 3181 2034 3220 non
2085 3166 2486 3236 cognoscebant
2528 3163 2676 3217 illum
2711 3163 2884 3233 prius,
2927 3181 2944 3213 ‹
2991 3169 3044 3216 et
3097 3159 3362 3214 vovehunt
3393 3157 3499 3213 Do-

1927 3259 2075 3312 mino
2107 3265 2230 3313 vota
2254 3258 2322 3321 ",
2358 3278 2375 3310 ι
2411 3265 2464 3312 et
2504 3273 2624 3327 qua:
2668 3256 2754 3311 his
2786 3255 2985 3311 similia
3033 3260 3354 3322 sequuntur.
3393 3249 3499 3305 Su-

1929 3350 2127 3420 periuri
2158 3350 2376 3419 quidem
2422 3350 2672 3419 proximo
2701 3348 2877 3418 capite
2908 3344 3192 3400 hmreditas
3221 3344 3370 3414 ejus,
3404 3343 3496 3413 qui

1929 3449 2190 3496 venturus
2218 3442 2455 3503 canitur,
2489 3440 2659 3495 Edom
2685 3448 2738 3494 et
2769 3439 2911 3493 Esau
2939 3438 3243 3499 dicebatur,
3295 3435 3496 3507 quippe

1924 3547 2047 3587 cum
2077 3532 2236 3586 alieni
2277 3535 2343 3586 ab
2379 3531 2541 3586 lsrael
2575 3546 2639 3585 oo
2687 3531 2847 3586 modo
2890 3531 3326 3602 signiﬁcarentur
3359 3547 3372 3582 :
3409 3527 3497 3581 hic

230 3620 482 3689 νομένων
503 3637 515 3649 ·
550 3617 781 3673 ἐνταῦθα
818 3619 874 3672 δὲ
905 3621 936 3690 ἡ
975 3619 1264 3687 Αἴγυπτος,
1296 3618 1424 3682 λαὸς
1449 3619 1548 3672 ούκ
1578 3618 1680 3684 ἔτι,
1710 3619 1817 3673 τῶν

1932 3641 2053 3678 vero
2098 3633 2152 3680 et
2204 3623 2472 3696 digyptus
2500 3632 2554 3680 et
2604 3623 2822 3696 Egypti
2853 3625 3104 3694 populus,
3130 3639 3239 3678 non
3273 3624 3498 3677 simula-

231 3711 492 3773 εἰδώλων,
519 3710 632 3764 ἀλλ’
659 3709 822 3764 αύτού
851 3710 944 3762 τοῦ
974 3710 1124 3782 παρὰ
1150 3713 1261 3774 τοῖς
1307 3706 1584 3774 Ἰουδαίων¹
1609 3712 1820 3783 προφή-

229 3819 360 3866 ταις
415 3801 830 3874 θεολογουμένου
889 3804 1093 3874 Κυρίου
1145 3802 1485 3867 θεσπίζεται.
1547 3805 1723 3876 Ἀπερ
1769 3806 1817 3858 εἰ

233 3897 338 3966 μὲν
393 3895 468 3965 μὴ
514 3895 634 3966 ὕψει
683 3894 1080 3966 συντελούμενα
1106 3895 1410 3966 θεωρεῖται,
1439 3896 1537 3949 οὐκ
1570 3895 1714 3950 ἔστιν
1743 3898 1819 3950 εί-

233 3989 358 4040 πεῖν
407 3986 505 4058 τὴν
555 3987 946 4058 θεσπιζομένην
997 3988 1179 4056 ἄφιξιν
1214 3987 1308 4040 τοῦ
1361 3987 1562 4060 Κυρίου
1602 3990 1682 4052 είς
1719 3989 1816 4059 τὴν

229 4080 509 4148 Αἴγυπτον
553 4079 830 4147 γεγονέναι
851 4096 865 4110 ο
894 4081 942 4132 εί
981 4078 1038 4132 δὲ
1065 4080 1204 4151 ὑπὲρ
1234 4080 1410 4133 πάντα
1445 4079 1600 4148 λόγον
1626 4083 1658 4151 ἡ
1685 4079 1815 4151 ἁλή-

230 4173 354 4226 οεια
374 4174 641 4243 μαρτυρεῖ
664 4173 776 4234 τοῖς
800 4171 1107 4242 πράγμασι,
1138 4173 1229 4225 καὶ
1255 4175 1368 4237 τοῖς
1401 4172 1816 4242 ἀγνωμονεστά-

228 4282 346 4328 τοις
371 4263 619 4336 ἐναργῶς
649 4263 917 4317 δείκνυσιν
962 4265 1156 4328 αύτούς
1197 4266 1544 4334 Αἰγυπτίους,
1577 4266 1674 4335 τῆς
1717 4267 1815 4338 μὲν

232 4356 290 4422 ἐξ
325 4357 519 4418 αἰῶνος
564 4355 1043 4426 πατροπαραδότου
1084 4355 1504 4428 δεισιδαιμονίας
1537 4357 1814 4427 ἀνακεχω-

233 4449 490 4520 ρηκότας,
514 4446 888 4511 οἰκειωθέντας
913 4448 970 4502 δὲ
993 4448 1071 4520 τῷ
1094 4447 1344 4526 Θεῷ-τῶν
1370 4447 1544 4503 ταῦτα
1573 4466 1812 4521 προανα-

229 4537 596 4607 φωνησάντων
636 4537 948 4609 προφητῶν,
988 4540 1082 4592 καὶ
1113 4539 1299 4592 τοῦτον
1340 4539 1496 4610 μόνον
1539 4539 1808 4604 σέϐοντας,

227 4631 325 4684 καὶ
366 4629 544 4682 πάντα
596 4629 822 4683 Θάνατον
869 4630 1282 4701 ἀσπαζομένους
1309 4632 1448 4703 ὑπὲρ
1478 4631 1579 4701 τῆς
1608 4633 1687 4694 είς
1714 4631 1812 4684 αύ-

225 4723 320 4777 τδν
347 4723 654 4786 εὐσεϐείας·
687 4723 803 4793 ὥρα
839 4723 913 4795 μὴ
941 4724 1114 4789 ἄλλως
1143 4724 1315 4779 ταῦτα
1345 4725 1626 4794 γεγονέναι
1681 4742 1806 4777 συν-

224 4813 511 4883 ομολογεῖν
595 4813 686 4866 τοῦ
715 4814 916 4886 Κυρίου
945 4815 1265 4886 ἐληλυθότος
1288 4820 1365 4879 είς
1390 4815 1660 4884 Αἴγυπτον
1675 4817 1805 4870 ἁκο-

225 4904 436 4968 λούθως
467 4908 532 4976 τῇ
568 4907 899 4979 προκειμένῃ
934 4910 1254 4980 προρρήσει.
1289 4910 1442 4961 Ἐστι
1468 4908 1565 4979 μὲν
1598 4905 1688 4962 οὖν
1714 4911 1809 4964 καὶ

1923 3733 2140 3770 crorum
2179 3718 2412 3787 amplius
2469 3716 2685 3772 futurus
2740 3717 2974 3782 canitur,
3012 3717 3105 3771 sed
3133 3718 3251 3787 ejus
3284 3717 3495 3772 Domlui
3577 3739 3582 3744 ·

1921 3809 2014 3877 qui
2055 3807 2196 3877 apud
2231 3805 2544 3862 Iudaeorum
2576 3806 2868 3876 prophetas
2894 3821 2994 3877 pro
3021 3805 3129 3862 Deo
3159 3807 3490 3860 celebratur.

1921 3899 2052 3966 Qua:
2076 3899 2120 3953 si
2144 3899 2317 3954 oculis
2348 3899 2614 3968 completa
2644 3914 2752 3953 non
2788 3905 3108 3962 cernuntur,
3144 3914 3211 3952 ne
3245 3897 3492 3953 dicamus

1921 4007 2052 4046 sane
2077 3990 2366 4046 adventum
2410 3991 2560 4045 illum
2597 3990 2831 4054 Domini,
2862 3991 2954 4061 qui
2999 3990 3054 4044 in
3087 3975 3379 4062 Egyptum
3409 3990 3494 4044 fu-

1921 4093 2077 4141 turus
2133 4086 2468 4157 prmdicitur,
2533 4085 2702 4140 fuisse
2767 4085 2966 4139 adhuc.
3039 4081 3145 4138 Sed
3211 4084 3257 4139 si
3326 4098 3494 4154 supra

1920 4192 2134 4231 omnem
2187 4177 2474 4242 rationem,
2532 4177 2695 4232 rebus
2748 4175 2904 4229 ﬁdem
2940 4173 3058 4244 ipsa
3093 4175 3296 4228 veritas
3341 4173 3489 4236 facit,

1918 4275 2081 4338 atque
2111 4267 2272 4322 etiam
2314 4267 2624 4322 rudissimis
2662 4275 2716 4321 et
2765 4282 2930 4321 sensu
2975 4266 3123 4320 omni
3178 4265 3492 4321 carentibus

1917 4360 2196 4415 evidenter
2222 4359 2482 4424 ostendit,
2540 4359 2688 4428 ipsos
2725 4357 3010 4429 {Egyptios
3039 4359 3107 4412 ab
3129 4372 3197 4414 ea
3224 4359 3490 4429 supersti-

1916 4453 2065 4507 tione
2104 4453 2421 4516 recessisse,
2457 4467 2619 4524 quam
2651 4468 2825 4522 usque
2862 4452 2930 4506 ah
2972 4452 3130 4506 initio
3175 4467 3205 4506 a
3240 4451 3490 4522 patrihus

1918 4545 2034 4599 suis
2089 4552 2447 4616 acceperant,
2510 4545 2698 4615 illique
2754 4544 2864 4600 Deo
2926 4545 3241 4608 adhaasisse,
3300 4545 3391 4616 qui
3460 4561 3490 4600 a

1917 4635 2198 4706 prophetis
2229 4637 2342 4690 haec
2371 4636 2489 4706 ipsa
2518 4635 2890 4690 divinantibus
2919 4637 3290 4700 colebatur,et
3322 4651 3488 4689 unum

1916 4726 2061 4782 hunc
2093 4728 2306 4784 interim
2338 4729 2536 4792 colere,
2565 4744 2740 4798 neque
2776 4730 2940 4783 ullam
2975 4738 3201 4785 mortem
3235 4743 3488 4784 recusare

1915 4837 2015 4892 pro
2048 4823 2196 4877 cultu
2249 4829 2303 4878 et
2344 4825 2542 4892 pietate
2598 4838 2726 4894 erga
2758 4824 2948 4877 illum:
2997 4823 3126 4894 quid
3179 4823 3325 4876 aliud
3373 4821 3485 4892 jam

1918 4923 2187 4984 superest,
2216 4916 2323 4970 nisi
2376 4922 2433 4969 ut
2489 4915 2760 4972 fateamur
2806 4933 2914 4971 non
2950 4919 3104 4973 aliter
3160 4915 3262 4970 ista
3311 4916 3488 4970 couti-

225 4995 405 5058 ἆλ).ως
431 4996 520 5049 τὸν
548 4998 702 5065 λόγον
730 4999 1059 5054 αἰνίττεσθαι
1093 5000 1369 5072 τροπικῶς
1395 5001 1486 5053 τὸν
1530 5001 1808 5073 περίγειον

1932 5005 2079 5075 ςῑεεε,
2117 5021 2278 5076 quam
2311 5021 2406 5075 per
2451 5005 2668 5062 Domini
2723 5009 2778 5061 in
2832 5005 3124 5077 Egyptum
3169 5005 3483 5066 adventum,

225 5089 457 5158 κόσμον,
498 5094 575 5153 εἰς
617 5091 672 5142 ὃν
715 5092 743 5143 ὁ
788 5091 943 5159 λόγος
989 5092 1320 5164 προφητεύει
1349 5093 1442 5146 τὸν
1473 5093 1676 5164 Κύριον
1719 5095 1812 5147 ἐπὶ

228 5182 462 5251 νεςξέλης
508 5183 713 5254 κούφης
760 5185 930 5252 ἥξειν,
976 5185 1122 5238 οὓτω
1169 5185 1257 5237 τὸν
1300 5187 1363 5238 ἐκ
1410 5185 1687 5256 Παρθένου
1719 5187 1812 5238 καὶ

226 5274 548 5344 Πνεύματος
586 5277 738 5344 ἁγίου
779 5276 1048 5348 ληφθέντα
1074 5277 1220 5348 αύτῴ
1259 5278 1541 5350 ἄνθρωπον
1580 5277 1810 5331 αἰνιττό-

228 5379 393 5434 μενος
414 5381 428 5396 ο
458 5367 804 5438 χειροποίητα
830 5369 884 5421 δὲ
911 5369 1186 5437 Αἰγύπτου
1210 5369 1586 5441 σεισθήσεσοαι
1609 5369 1676 5422 τὰ
1695 5369 1804 5422 τῶν

219 5455 398 5509 ἐθνῶν
447 5457 627 5522 ξόανα,
658 5461 750 5513 καὶ
795 5461 923 5524 τοὺς
972 5463 1028 5514 ἐν
1070 5463 1253 5526 αὐτοῖς
1295 5462 1575 5533 δαίμονας,
1622 5462 1697 5527 ὼς
1734 5459 1802 5517 αὖ

221 5548 391 5602 πάλιν
444 5552 772 5618 Αἰγυπτίους
825 5553 1172 5624 ⁷ίῇιττωμένους
1222 5553 1428 5620 πάντας
1477 5557 1601 5619 τοὺς
1641 5555 1805 5611 πάλαι

219 5640 491 5712 πρότερον
560 5645 686 5716 περὶ
748 5645 845 5717 τὴν
920 5645 1358 5721 είδωλολατρείαν
1414 5648 1804 5719 ἐπτοημένους.

296 5796 339 5830 ³⁸
378 5797 482 5853 lsa.
521 5813 645 5867 nx,
686 5801 736 5856 Ι.
818 5803 863 5836 ³⁸
904 5802 1072 5859 Ετοιλ.
1107 5819 1171 5871 ν,
1204 5805 1254 5857 ‘3.
1335 5806 1378 5837 ’⁵
1419 5805 1551 5862 ibid.
1585 5805 1674 5862 2i.

1915 5095 2059 5150 sicut
2089 5096 2406 5151 vaticinium
2439 5099 2687 5168 proxime
2739 5100 3047 5170 expositum
3105 5097 3489 5168 signiﬁcabat?

1914 5186 1980 5240 Et
2004 5187 2136 5242 nihil
2157 5189 2373 5258 quidem
2399 5191 2623 5261 impedit
2646 5193 2804 5246 aliter
2824 5207 3040 5262 quoque
3069 5189 3210 5244 idem
3240 5191 3488 5259 accipere

1911 5278 2214 5340 oraculum,
2235 5289 2290 5334 ut
2320 5280 2572 5337 videlicet
2603 5282 2828 5350 ﬁgurate
2854 5290 3128 5335 terrenum
3159 5281 3304 5333 hunc
3336 5295 3488 5332 mun-

1909 5369 2038 5423 dum
2066 5370 2337 5441 signiticet
2364 5390 2377 5425 :
2403 5373 2456 5425 in
2482 5389 2642 5443 quem
2667 5373 2825 5426 verba
2867 5373 2984 5443 ipsa
3009 5372 3296 5428 Dominum
3322 5387 3486 5442 super

1911 5463 2056 5517 nube
2076 5463 2176 5518 levi
2208 5474 2496 5519 venturum
2532 5465 2893 5519 vaticinentur
2927 5481 2939 5517 :
2973 5465 3174 5534 quippe
3222 5479 3343 5534 qua:
3380 5459 3484 5518 hoc

1913 5555 2075 5611 modo
2101 5557 2374 5614 hominem
2411 5559 2478 5612 ab
2509 5559 2602 5612 illo
2635 5558 2702 5612 de
2736 5557 2956 5630 Virgine
2985 5566 3038 5613 et
3070 5558 3273 5629 Spiritu
3295 5566 3484 5612 sancto

1917 5657 2279 5722 assumptum”,
2333 5651 2559 5726 intelligi
2625 5651 2812 5709 velint.
2874 5650 3036 5708 Manu
3104 5660 3284 5706 autem
3339 5649 3481 5704 facta
