3922 6200
1782 80 1807 111 δ

488 296 598 357 639

1121 294 1207 352 EU
1217 290 1392 352 SE81!
1422 286 1901 351 CASSARIENSIS
1938 286 2045 344 0P]

2150 283 2332 342 PARS.
2373 281 2524 339 IL—
2562 270 3059 336 APOLOGETICA.

3627 272 3725 328 660

486 386 710 486 Επμὶ
740 410 1150 475 commovenda,
1201 411 1317 482 ipsa
1349 409 1591 482 gentium
1642 404 1935 462 simulacra
1958 444 1974 469 ,
2002 409 2045 459 el

2158 400 2304 474 Πλὴν
2333 398 2470 455 ἀλλὰ
2489 397 2582 453 καὶ
2615 395 2942 468 σωματικῶς
2959 394 3052 450 τοῦ
3087 394 3340 466 Σωτῆρος
3372 393 3528 467 ἡμῶν
3559 396 3709 448 ὲπεισ

487 504 545 559 in
578 506 684 560 illis
711 503 1016 559 habitantes
1036 501 1335 567 daemonas,
1370 501 1511 558 sicut
1538 512 1733 555 rursus
1766 495 2050 569 Egyptios

484 599 682 661 victos,
716 611 910 653 omnes
956 594 1233 667 prioribus
1259 593 1389 652 ohm
1424 590 1760 663 temporibus
1806 586 2052 644 colendis

485 685 795 743 simulacris
823 683 1090 744 addictos.
1128 684 1380 745 Attamen
1408 699 1531 740 cum
1582 681 1746 738 etiam
1780 680 1898 752 ipso
1928 692 2051 734 cor-

483 793 616 849 pore
648 774 898 832 Salvator
925 784 1112 837 noster
1156 780 1211 832 in
1266 784 1468 833 terram
1499 772 1810 846 Egyptiam
1861 778 2049 828 vectus

483 870 574 929 sit,
603 885 714 940 quo
737 877 983 940 tempore
1006 869 1233 924 oraculo
1267 867 1504 923 monitus
1552 865 1753 937 Ioseph
1786 862 2048 926 surrexit,

482 961 817 1033 Mariamque
845 978 951 1017 una
996 977 1120 1017 cum
1172 964 1399 1033 puerulo
1436 959 1676 1030 accepit!,
1711 965 1766 1012 et
1793 971 1916 1011 cum
1949 969 2048 1010 oc-

482 1054 626 1109 culta
673 1070 773 1110 sua
798 1053 1000 1111 virtute
1027 1061 1188 1124 atque
1215 1051 1450 1109 ellicacia
1500 1051 1555 1105 in
1589 1048 1880 1121 Egyptum
1925 1061 2051 1117 per-

480 1145 650 1210 venit,
702 1146 970 1218 malignas
1020 1145 1096 1201 ibi
1154 1143 1307 1215 prius
1360 1142 1674 1198 habitantes
1730 1144 2048 1210 potestates,

479 1254 589 1294 non
612 1238 957 1295 mediocriter
980 1244 1283 1294 commotas
1300 1233 1468 1292 fuisse
1492 1248 1592 1305 par
1614 1237 1786 1295 est,et
1811 1228 2051 1284 maxime

479 1347 604 1387 cun
653 1340 842 1402 postea
896 1346 993 1401 per
1046 1330 1193 1386 illius
1252 1327 1557 1384 doctrinam
1618 1321 2047 1379 innumerabiles

477 1439 691 1487 eorum,
722 1423 816 1494 qui
859 1422 1149 1495 Egyptum
1183 1422 1430 1477 incolunt
1479 1424 1814 1480 conventus,
1861 1414 1931 1470 ab
1957 1428 2049 1469 er-

480 1530 604 1570 rore
637 1529 701 1571 ac
737 1514 929 1570 fraude
972 1514 1278 1571 dtetnonum
1318 1510 1674 1574 recedentes,
1707 1509 1873 1564 etiam
1900 1520 2047 1561 nunc

2157 493 2506 567 κομισθέντος
2575 494 2640 563 τῇ
2690 489 3002 561 Αἰγυπτίων
3058 487 3233 562 χώρᾳ,
3277 488 3389 551 ὅτε,
3435 488 3581 543 κατὰ
3640 487 3723 542 τὸν

2157 586 2421 660 χρησμὸν,
2462 582 2696 647 ἀναστὰς
2739 585 2769 637 ό
2819 580 3013 654 Ἰωσὴφ
3059 579 3332 653 παρέλαϐε
3362 578 3459 652 τὴν
3500 579 3726 652 Μαριάμ

2155 682 2253 735 καὶ
2283 679 2344 732 τὸ
2383 676 2615 741 παιδίον,
2647 677 2741 730 καὶ
2785 671 2949 747 ἦλθεν
2997 675 3076 738 εἰς
3110 672 3407 743 Αἴγυπτον,
3436 673 3725 745 ἀπορρήτῳ

2152 773 2378 845 δυνάμει
2432 770 2529 826 καὶ
2574 768 2823 842 ἐνεργείᾳ
2863 766 2964 831 τὰς
2988 764 3174 822 αύτόθι
3214 764 3277 819 τό
3317 764 3450 837 πρὶν
3480 764 3726 830 οἰκούσας

2154 863 2396 935 πονηρὰς
2436 862 2696 935 δυνάμεις
2727 861 2874 925 εἰκὸς
2916 860 2979 913 ού
3012 859 3224 932 μικρῶς
3258 858 3603 929 κεκινῆσθαι,
3636 856 3726 910 καὶ

2152 956 2386 1028 μάλιστα
2438 955 2526 1009 ὅτε
2558 954 2647 1009 διὰ
2672 954 2772 1025 τῆς
2823 953 3114 1025 μετέπειτα
3159 949 3510 1012 διδασκαλίας
3565 944 3727 1003 αὑτοῦ

2153 1046 2323 1119 μυρία
2353 1045 2533 1117 πλήθη
2558 1046 2668 1099 τῶν
2717 1044 2813 1117 τὴν
2850 1044 3123 1114 Αἴγυπτον
3151 1042 3464 1103 οἰκούντων,
3496 1041 3599 1111 τῆς
3625 1038 3725 1092 τῶν

2147 1139 2418 1213 δαιμόνων
2469 1139 2816 1208 ἀποφυγόντα
2865 1137 3206 1208 πλανήσεως,
3239 1136 3318 1188 ἔτι
3363 1134 3460 1188 καὶ⁵
3502 1133 3600 1187 νῦν
3638 1134 3727 1186 τὴν

2149 1228 2259 1285 τῶν
2281 1229 2418 1284 ὅλων
2459 1228 2710 1300 ὁμολογεῖ
2742 1227 2901 1299 μόνον
2945 1227 3141 1282 εἰδέναι
3165 1225 3318 1281 Θεόν.
3347 1225 3431 1279 Τὰ
3460 1225 3508 1279 δ’
3537 1227 3595 1278 ἐν
3620 1227 3727 1286 τοῖς

2153 1322 2281 1391 ἑξῆς
2326 1322 2706 1396 ἐπιλεγόμενα,
2758 1320 3131 1393 αἰνιγματώδη
3182 1321 3333 1384 ὄντα,
3375 1318 3624 1384 πλείονός
3668 1335 3726 1372 τε

2150 1413 2379 1487 δεόμενα
2431 1416 2833 1489 πραγματείας,
2873 1416 2962 1469 ἐπ’
2984 1414 3190 1480 οἰκείας
3220 1413 3415 1486 σχολῆς
3460 1412 3726 1487 ἑρμηνεύο

2153 1524 2339 1582 σομεν.

480 1621 647 1660 unum
680 1606 918 1662 universi
950 1604 1116 1661 Deum
1162 1621 1222 1662 se
1258 1618 1424 1661 nosse
1453 1598 1943 1672 fateantur.'&.23
1991 1596 2123 1664 Quae
2160 1616 2290 1658 vero
2346 1601 2605 1676 deinceps
2649 1610 2972 1676 sequuntur,
3014 1618 3142 1661 cum
3181 1598 3606 1660 obscurioribus
3666 1593 3726 1648 ﬁ-

479 1697 632 1768 guris
670 1697 927 1768 implicita
951 1699 1081 1763 sint,
1121 1713 1375 1771 curaeque
1407 1711 1472 1753 ac
1516 1695 1809 1768 diligentia
1867 1691 2095 1763 majoris
2134 1692 2434 1769 indigeant,
2494 1698 2634 1755 alias
2675 1713 2960 1764 seorsum,
3007 1712 3134 1754 cum
3173 1711 3270 1769 per
3303 1695 3474 1751 otium
3522 1690 3722 1762 licebit,

479 1790 977 1863 interpretabimur.

481 1928 523 1984 Α
564 1927 836 1985 Nemetis.
881 1960 952 1972 -—
994 1930 1450 1997 Quemadmodum
1495 1931 1741 1989 Christus
1784 1930 1838 1984 in
1877 1926 2044 1998 AEgy;

2165 1926 2305 1981 ’Δπὸ
2339 1925 2457 1998 τῶν
2498 1926 2881 1998 Ἀριθμῶντ-
2905 1927 3003 1998 Ὠς
3042 1930 3076 1981 ό
3124 1923 3378 1994 Χριστὸς
3419 1927 3511 1992 εἰς
3554 1923 3727 1998 Αἴτν-

544 2010 993 2141 jfuunt‘venturus,
1032 2012 1188 2073 atque
1229 2002 1379 2058 illinc
1417 2019 1721 2060 reversurus
1763 2000 2051 2072 praedictus

575 2087 685 2125 ueri
718 2114 730 2127 .

575 2087 730 2127 ueru.

557 2203 576 2237 ι
608 2183 757 2241 Dixit
789 2185 1006 2245 Balaam
1056 2188 1198 2245 lilius
1229 2186 1368 2245 Beor
1401 2206 1421 2247 ι
1450 2186 1587 2245 dixit
1614 2187 1778 2243 homo
1807 2185 1900 2257 qui
1926 2198 2053 2241 vere

477 2277 647 2345 videt,
681 2276 818 2334 dixit
861 2278 954 2350 qui
985 2279 1137 2337 audit
1163 2280 1387 2336 oracula
1422 2279 1601 2343 fortis,
1646 2279 1742 2351 qui
1785 2278 2051 2334 visionem

478 2368 574 2426 Dei
639 2369 812 2436 vidit,
867 2372 923 2428 in
980 2387 1174 2428 somno
1240 2373 1414 2447 aperti
1463 2373 1608 2429 oculi
1672 2372 1827 2443 ejus,
1885 2384 2049 2441 quam

478 2463 719 2532 pulchra:
739 2464 935 2521 domus
966 2473 1072 2521 tua:
1093 2464 1263 2524 Iacob
1282 2506 1299 2531 ,
1330 2465 1680 2523 tabernacula
1722 2474 1815 2520 tua
1858 2462 2048 2527 Israel,

478 2561 539 2608 ut
567 2554 739 2611 saltus
761 2556 1026 2622 umbrosi,
1052 2565 1108 2613 et
1133 2559 1294 2629 quasi
1324 2557 1517 2613 hortus
1545 2558 1704 2628 juxta
1726 2555 1971 2620 ﬂumina,
1996 2561 2051 2611 et

475 2648 635 2716 quasi
671 2646 1019 2703 tabernacula
1048 2664 1171 2719 qua
1209 2648 1326 2704 ﬁxit
1354 2648 1640 2714 Dominus,
1663 2648 1823 2720 quasi
1850 2646 2050 2704 cedrus

470 2738 628 2808 juxta
660 2752 853 2809 aquas.
883 2738 1207 2810 Egredietur
1245 2741 1411 2798 homo
1459 2742 1528 2801 de
1573 2743 1782 2800 semine
1827 2742 2050 2814 ejus,et

475 2827 847 2885 «lotninabitur
894 2831 1148 2902 gentibus
1208 2833 1427 2900 multis,
1482 2842 1539 2890 et
1581 2835 1879 2891 extolletur
1932 2833 2050 2906 Gog

475 2937 725 3005 regnum,
777 2931 832 2980 et
877 2924 1163 2997 augebitur
1208 2942 1432 2999 regnum
1482 2927 1629 2998 ejus.
1695 2927 1839 2986 Deus
1891 2928 2050 2985 duxit

473 3015 628 3073 illum
677 3030 744 3071 ex
795 3014 1052 3091 Egypto.
1105 3020 1261 3090 quasi
1319 3019 1491 3091 gloria
1523 3020 1893 3078 rhinocerotis
1944 3021 2044 3079 illi.

485 3103 777 3164 Devorabit
802 3116 993 3179 gentes
1017 3107 1366 3164 inimicorum
1399 3125 1648 3178 suorum,
1693 3119 1748 3169 et
1780 3112 2047 3169 crassitu-

472 3198 631 3254 dines
659 3214 847 3255 eorum
874 3201 1200 3267 attenuabit,
1230 3208 1285 3258 et
1329 3203 1531 3272 jaculis
1577 3204 1694 3264 suis
1730 3204 1885 3263 feriet
1934 3206 2045 3262 ini-

2220 2014 2376 2054 πτον
2415 1996 2609 2067 ἥξειν,
2655 1996 2940 2054 ’κάκεῖθεν
2979 1997 3494 2052 ἐπανελεύσεσθαι
3526 1996 3722 2065 προει-

2211 2087 2381 2140 mro.

2222 2208 2250 2236 ι
2280 2186 2418 2257 Φησὶ
2463 2184 2692 2257 Βαλαάμ
2739 2183 2853 2248 υἰδς
2884 2181 3062 2254 Βεὼρ·
3110 2180 3272 2251 φησὶν
3314 2179 3344 2233 ὁ
3376 2177 3664 2251 ἄνθρωπος
3700 2180 3727 2231 ὁ

2150 2275 2420 2350 ἀληθινῶς
2464 2275 2625 2348 ὁρῶν,
2662 2274 2826 2346 φησὶν
2864 2274 3078 2329 ἀκούων
3118 2272 3273 2341 λόγια
3309 2269 3559 2341 ἰσχυροῦ,
3581 2270 3725 2332 ὅστις

2149 2372 2339 2443 ὅρασιν
2393 2369 2528 2423 Θεοῦ
2578 2365 2750 2434 εἶδεν,
2795 2370 2854 2422 ὲν
2910 2367 3063 2434 ὕπνῳ
3109 2362 3630 2434 ἀποκεκαλυμμένοι
3674 2361 3723 2415 ei

2148 2462 2416 2535 ὀφθαλμοὶ
2465 2462 2651 2529 αὑτοῦ,
2692 2463 2767 2526 ὼς
2816 2460 2968 2516 καλοί
2996 2461 3047 2514 οἱ
3091 2455 3231 2513 οἶκοί
3258 2475 3375 2522 σου,
3416 2453 3637 2519 Ἰακὼϐ,
3668 2455 3722 2509 αξ

2150 2555 2347 2628 σκηναί
2392 2573 2508 2620 σου,
2555 2553 2791 2629 Ἰσραὴλ,
2837 2553 2969 2609 ὡσεὶ
3017 2553 3184 2607 νάπαι
3240 2547 3589 2615 σκιάζουσαι,
3634 2549 3724 2604 καὶ

2147 2651 2225 2715 ὡς
2273 2649 2597 2721 παράδεισος
2652 2649 2746 2702 ἐπὶ
2796 2646 3078 2719 ποταμῶν,
3107 2645 3200 2701 καὶ
3232 2644 3367 2698 ὡσεί
3415 2644 3637 2715 σκηναὶ,
3662 2640 3726 2706 ἃς

2148 2742 2317 2815 ἔπηξε
2351 2741 2572 2816 Κύριος,
2597 2741 2729 2796 ὼσεί
2750 2741 2930 2815 κέδροι
2963 2742 3093 2813 παρ’
3127 2738 3315 2793 ὕδατα.
3359 2736 3725 2803 Ἑξελεύσεταε

2147 2834 2434 2907 ἄνθρωπος
2487 2836 2552 2889 ὲκ
2602 2833 2695 2888 τοῦ
2745 2833 3057 2905 σπέρματος
3085 2831 3277 2895 αὑτοῦ,
3314 2832 3409 2886 καὶ
3445 2829 3722 2902 κυριεύσει

2147 2927 2316 2983 ἐθνῶν
2349 2927 2583 2993 πολλῶν,
2614 2927 2709 2982 καί⁵
2753 2926 3098 2999 ὑψωθήσεται
3128 2926 3161 2998 ἡ
3190 2923 3313 2994 Γὼγ
3345 2923 3616 2995 βασιλεία,
3632 2923 3723 2978 καὶ

2146 3020 2572 3094 αύξηθήσεταιὴ
2608 3020 2852 3094 βασιλεία
2893 3017 3079 3074 αὐτοῦ.
3113 3018 3245 3082 Θεὸς
3296 3017 3583 3089 ὡδήγησεν
3630 3016 3722 3069 ad-

2143 3115 2237 3177 τὸν
2269 3114 2330 3180 ἐξ
2361 3113 2657 3184 Αἰγύπτου,
2687 3112 2764 3177 ὡς
2790 3112 2919 3179 δόξα
2956 3110 3325 3182 μονοκέρωτος
3371 3106 3543 3180 αὐτῷ.
3575 3107 3720 3161 Ἔδε-

2144 3225 2235 3263 ται
2269 3205 2393 3279 ἔθνη
2427 3204 2635 3279 ἐχθρῶν
2668 3203 2854 3268 αὑτοῦ,
2891 3203 2984 3257 καὶ
3020 3203 3088 3257 τά
3130 3202 3280 3273 πάχη
3329 3200 3512 3255 αὐτῶν
3554 3202 3719 3271 ὲκμυ-

472 3291 698 3345 mieum.
726 3291 1014 3350 Accuhans
1041 3293 1247 3365 quievit
1270 3301 1329 3349 ut
1353 3295 1458 3360 leo,
1481 3302 1536 3351 et
1561 3302 1621 3350 ut
1652 3297 1890 3363 catulus,
1922 3297 2045 3370 quis

2150 3298 2271 3364 λιεί,
2306 3298 2400 3352 καὶ
2445 3298 2564 3361 ταῖς
2615 3294 2816 3368 βολίσιν
2847 3293 3012 3350 αὐτοῦ
3069 3291 3459 3357 κατατοξεύσει
3508 3290 3719 3363 ἐχθρόν.

471 3381 734 3439 excitabit
784 3382 977 3438 illum?
1015 3384 1106 3456 qui
1152 3384 1479 3461 benedicunt
1528 3387 1650 3452 tibi,
1702 3388 1837 3459 ipsis
1878 3388 2047 3445 bene-

472 3472 679 3529 dictum
699 3482 807 3538 est,
829 3482 880 3531 et
909 3476 1001 3549 qui
1023 3477 1357 3535 maledicunt
1387 3478 1505 3549 tibi,
1533 3481 1670 3552 ipsis
1697 3482 2044 3538 maledictum

471 3571 558 3621 est
592 3566 667 3623 ".
683 3585 700 3618 ι
725 3565 991 3640 Superius
1023 3586 1122 3642 per
1145 3585 1264 3627 eam
1289 3571 1631 3644 prophetiam
1658 3588 1779 3644 qua:
1798 3574 2046 3644 proxime

471 3663 717 3734 exposita
769 3671 877 3725 est.
929 3663 1058 3719 dum
1107 3664 1412 3729 oraculum,
1444 3672 1735 3721 venturum
1783 3667 1840 3720 in
1874 3664 2047 3738 Egy-

471 3763 624 3825 ptum
681 3753 969 3811 Dominum
1017 3753 1279 3820 aﬂirmat,
1332 3754 1634 3811 Salvatoris
1690 3756 1864 3812 nostri
1913 3755 2042 3812 Jesu

469 3847 677 3905 Christi
723 3849 1103 3921 migrationem
1153 3864 1259 3904 una
1289 3864 1412 3906 cum
1457 3849 1773 3920 parentibus
1825 3848 1942 3904 suis
1990 3849 2044 3904 in

469 3936 767 4011 digyptum
824 3940 901 3994 illi
937 3940 1040 4012 ipsi
1104 3940 1342 3997 futuram
1388 3941 1685 3999 indicabat.
1718 3940 1819 3996 Hic
1860 3950 2042 3998 autem

469 4030 705 4087 reditum
737 4030 806 4086 ab
828 4029 1084 4104 Egypto,
1108 4042 1168 4089 ut
1190 4032 1327 4091 ordo
1346 4033 1604 4104 postulat,
1630 4048 1743 4105 quo
1768 4032 1823 4087 in
1843 4042 2044 4088 terram

469 4121 637 4180 Israel
667 4137 776 4179 una
807 4138 934 4178 cum
996 4124 1317 4193 parentibus
1340 4139 1597 4181 reversus
1619 4133 1727 4187 est.
1760 4125 1909 4181 canit
1957 4124 2043 4181 his

466 4217 652 4273 verbis
677 4235 691 4272 :
733 4234 752 4267 ι
785 4214 928 4272 Deus
953 4217 1108 4274 duxit
1130 4218 1280 4273 illum
1306 4218 1377 4275 ab
1406 4217 1661 4291 Egypto.
1704 4238 1723 4271 ι
1757 4218 1922 4277 Solus
1946 4234 2045 4274 au-

468 4313 580 4361 tem
608 4305 817 4361 exstitit
857 4304 1107 4364 Salvator
1141 4315 1196 4364 et
1231 4308 1493 4366 Dominus
1524 4323 1710 4366 noster
1738 4310 1919 4375 Iesus,
1949 4311 2043 4382 qui

467 4395 724 4452 Christus
760 4406 846 4453 est
874 4397 989 4463 Dei,
1027 4415 1205 4472 neque
1243 4402 1386 4457 alius
1437 4409 1698 4474 praeterea
1724 4404 2039 4475 quisquam.

464 4507 534 4553 ex
578 4492 787 4551 semine
820 4493 1007 4563 Israel,
1041 4504 1095 4551 et
1142 4493 1367 4552 Iudaica
1396 4506 1556 4569 gente
1590 4499 1902 4571 profectus,
1949 4500 2042 4573 qui

2148 3387 2513 3453 Κατακλιθείς
2555 3387 2899 3443 ἀνεπαύσατο
2936 3385 3012 3451 ὡς
3034 3384 3191 3447 λέων,
3223 3385 3318 3440 καὶ
3345 3384 3422 3448 ὡς
3453 3383 3721 3456 σκύμνος·

2145 3485 2231 3549 τίς
2263 3486 2447 3556 ἐγερεῖ
2491 3482 2689 3549 αύτόν;
2717 3483 2766 3536 οἰ
2792 3478 3139 3551 εὐλογοῦντες
3162 3495 3221 3533 σε
3255 3478 3598 3551 εὐλόγηνται,
3630 3477 3722 3532 καὶ

2146 3579 2196 3633 ot
2224 3574 2604 3649 καταρώμενοί
2631 3591 2692 3631 σε
2728 3575 3145 3645 κεκατήρανται.
3176 3589 3196 3624 ι
3217 3569 3502 3641 Ἀνωτέρω
3525 3568 3613 3623 διὰ
3627 3567 3727 3637 τῆς

2147 3669 2594 3744 προτεταγμένης
2644 3666 2979 3741 προφητείας
3036 3665 3213 3737 φήσας
3263 3665 3293 3717 ὀ
3338 3662 3590 3736 χρησμὸς
3633 3661 3723 3715 τὸν

2147 3764 2352 3838 Κύριον
2378 3763 2528 3836 ἥξειν
2560 3763 2643 3827 εἰς
2681 3761 2974 3829 Αἴγυπτον,
3006 3756 3195 3829 ἐδήλου
3224 3755 3322 3825 τὴν
3343 3754 3439 3809 τοῦ
3475 3754 3724 3827 Σωτῆρος

2147 3858 2304 3931 ἡμῶν
2350 3855 2525 3928 Ἰησοῦ
2561 3852 2798 3928 Χριστοῦ
2828 3850 3166 3924 διακυμιδὴν,
3194 3848 3293 3921 τὴν
3332 3848 3450 3921 ἅμα
3494 3850 3609 3912 τοῖς
3638 3862 3725 3915 γο-

2146 3951 2331 4006 νεῦσιν
2376 3951 2457 4013 εἰς
2482 3948 2758 4017 Αἴγυπτον
2799 3944 2948 4019 αὐτῷ
2976 3943 3377 4016 γενησομένηνο
3412 3944 3474 3995 ὲν
3516 3940 3727 4002 τούτοις

2145 4044 2204 4099 δὲ
2234 4045 2334 4117 τὴν
2367 4043 2622 4098 ἐπάνοδον
2654 4040 2782 4113 ἑξῆς
2824 4041 2919 4095 καὶ
2950 4037 3256 4101 ἀκολούθως
3294 4035 3393 4107 τὴν
3438 4036 3534 4091 ἀπ’
3559 4033 3725 4104 Αἰγύ-

2147 4153 2304 4197 πτου,
2330 4137 2396 4210 ἢν
2423 4135 2539 4207 ἃμα
2579 4134 2692 4198 τοῖς
2729 4131 2979 4202 γονεῦσιν
3011 4132 3090 4195 είς
3113 4129 3213 4201 τὴν
3240 4126 3469 4199 γῆντοῦ
3508 4124 3726 4198 Ἰσραὴλ

2146 4231 2458 4302 ἐποιήσατο,
2489 4224 2733 4291 θεσπίζει
2765 4225 2970 4295 λέγων·
3013 4243 3032 4276 ι
3084 4222 3216 4287 Θεὸς
3252 4222 3536 4292 ὡδήγησεν
3566 4219 3729 4275 αὐτὸν

2146 4322 2207 4389 ἐξ
2248 4320 2543 4391 Αἰγύπτου.
2586 4337 2605 4371 ι
2644 4317 2821 4381 Μόνος
2868 4315 2925 4369 δὲ
2969 4310 3039 4387 ἦν
3095 4315 3124 4366 ὁ
3160 4311 3351 4385 Σωτὴρ
3392 4313 3490 4366 καὶ
3522 4312 3731 4383 Κύριος

2144 4416 2304 4487 ⁴ἡμῶν
2343 4411 2551 4483 Ἰησοῦς
2589 4412 2619 4464 ό
2658 4408 2892 4484 Χριστὸς
2923 4405 3019 4461 τοῦ
3061 4406 3219 4470 θεοῦ,
3248 4406 3340 4459 καὶ
3378 4405 3499 4459 οὐδὲ
3548 4405 3728 4469 ἄλλος,

2145 4510 2174 4564 ό
2200 4510 2265 4563 ὲκ
2292 4504 2385 4561 τοῦ
2416 4503 2729 4576 σπέρματος
2758 4498 3107 4572 Ἰσραὴλ,κα“ι
3121 4496 3214 4551 τοῦ
3253 4496 3523 4551 Ἰουδαίων
3544 4495 3729 4557 ἔθνους

465 4583 654 4639 multis
685 4583 999 4642 dominatus
1055 4586 1126 4642 sit
1160 4588 1444 4657 gentibus.
1476 4595 1535 4643 ut
1582 4589 1790 4661 absque
1823 4589 2042 4645 haesita-

2150 4596 2446 4674 προελθὼν,
2498 4595 2590 4650 καὶ
2623 4592 2834 4649 πολλῶν
2877 4589 3313 4664 κατακυριεύσας
3348 4588 3539 4649 ἐθνῶν,
3590 4588 3727 4642 ὥστε

463 4673 614 4730 tione
649 4673 808 4730 fateri
840 4692 1066 4734 necesse
1097 4678 1190 4746 sit,
1223 4694 1465 4753 praesens
1495 4680 1811 4738 vaticinium
1844 4682 1900 4737 in
1948 4682 2044 4737 illo

2150 4673 2524 4766 ὶναμιριλόγως
2547 4684 2923 4760 ὁμολογεῖσθαι
2956 4680 3129 4754 πέρας
3163 4682 3306 4755 ἔχειν
3338 4683 3424 4736 ἐπ’
3448 4680 3608 4749 αύτῷ
3638 4680 3731 4734 καὶ

464 4767 671 4823 exitum
730 4784 890 4824 suum
922 4769 1220 4836 invenisse,
1248 4780 1435 4844 utpote
1463 4773 1607 4844 quod
1655 4774 1834 4846 palam
1861 4790 2041 4830 enun-

464 4860 585 4925 tiet,
611 4861 679 4917 de
704 4858 933 4919 Iudaica
960 4875 1117 4935 gente
1146 4880 1497 4938 egressurum
1530 4867 1818 4939 quemdam
1857 4866 2039 4924 homi-

461 4972 587 5013 nem
622 4955 788 5030 424
820 4964 874 5014 ει
917 4956 1323 5015 dominaturum
1355 4960 1609 5031 gentibus
1665 4960 1854 5017 multis
1887 4980 1902 5018 :
1945 4967 2041 5016 aut

461 5050 645 5120 quivis
694 5049 827 5105 mihi
857 5049 1029 5121 dicat,
1082 5059 1264 5108 utrum
1313 5051 1511 5111 habeat
1536 5069 1604 5111 ex
1635 5052 1704 5110 iis
1745 5055 1839 5127 qui
1890 5055 2036 5128 apud

462 5141 723 5200 Hebraeos
782 5159 1022 5216 unquam
1090 5144 1332 5202 illustres
1393 5143 1598 5202 fuerint
1651 5147 1818 5204 alium
1875 5165 2037 5222 quem

461 5233 723 5305 proferat,
776 5236 870 5307 qui
921 5237 1218 5294 multarum
1268 5238 1509 5311 gentium
1558 5238 1897 5296 dominatum
1947 5256 2042 5297 aco

460 5329 686 5395 ceperit.
720 5329 884 5402 Atqui
904 5347 1065 5389 nemo
1093 5345 1334 5403 unquam
1356 5331 1503 5389 istud
1523 5332 1743 5399 dixerit,
1783 5334 2038 5405 quoniam

456 5433 531 5481 ne
572 5418 778 5477 factum
818 5422 1036 5494 quidem
1077 5432 1182 5481 est.
1217 5425 1289 5481 At
1338 5440 1466 5483 vero
1506 5426 1563 5482 in
1610 5424 1894 5484 Salvatore
1942 5444 2038 5485 no-

459 5520 603 5576 stro,
625 5517 841 5574 etiamsi
865 5534 970 5576 nos
995 5521 1129 5577 nihil
1159 5519 1434 5586 dicamus,
1485 5520 1603 5593 ipsa
1636 5528 1816 5578 tamen
1840 5523 2042 5579 nihilo-

452 5606 639 5666 minus
674 5611 873 5672 veritas
913 5612 1192 5681 clamabit,
1223 5624 1277 5672 et
1324 5615 1672 5674 vehementer
1718 5614 2041 5672 vociferahi-

506 5765 554 5802 ιτ
583 5762 750 5823 Num.
826 5781 1009 5839 pm,
1044 5770 1165 5829 5-9.

2137 4790 2237 4863 τὴν
2293 4781 2576 4857 παροῦσαν
2624 4778 2932 4852 πρόρρησιν
3000 4776 3296 4849 διαρρήδην
3352 4774 3729 4845 ὲκερωνοῦσαν,

2134 4880 2221 4936 ὅτι
2251 4878 2317 4950 δὴ
2352 4877 2418 4933 ἐκ
2443 4873 2537 4930 τοῦ
2554 4872 2819 4927 Ἰουδαίων
2837 4870 3024 4936 ἔθνους
3055 4866 3393 4935 ἐξελεύσεταί
3419 4885 3502 4933 τις
3522 4866 3735 4938 ἅνθρω-

2139 4991 2259 5039 πος,
2310 4970 2405 5024 καὶ
2445 4964 2723 5039 κυριεύσει
2757 4962 2928 5018 ὲθνῶν
2962 4962 3206 5016 πολλῶν⁵
3244 4961 3277 5033 ἢ
3307 4961 3517 5028 λεγέτω
3544 4964 3578 5016 ό
3604 4960 3731 5032 βουο

2144 5063 2388 5135 λόμενος,
2416 5062 2465 5114 εἰ
2517 5058 2630 5130 ἔχοι
2691 5056 2849 5113 ἄλλον
2897 5054 3163 5126 συστῆσαι
3197 5053 3306 5108 τῶν
3345 5052 3567 5107 πώποτε
3602 5052 3731 5124 παρ’

2158 5154 2427 5228 Ἑϐραίοις
2485 5150 2731 5219 ἐνδόξων.
2790 5148 2999 5204 πολλῶν
3050 5147 3220 5202 ἐθνῶν
3272 5146 3516 5218 ἄρξαντα
3534 5161 3552 5175 ·
3616 5144 3729 5198 ἀλλ’

2144 5248 2245 5302 οὐκ
2290 5246 2358 5301 ἂν
2425 5242 2569 5299 εἴποι
2623 5258 2729 5305 τις,
2792 5241 2874 5294 ὅτι
2931 5239 3065 5312 μηδὲ
3109 5239 3351 5309 γέγονεν.
3399 5240 3529 5294 Ἐπὶ
3568 5240 3624 5294 δέ
3664 5255 3731 5308 γε

2147 5338 2241 5395 τοῦ
2273 5337 2526 5413 Σωτῆρος
2554 5334 2712 5407 ήμῶν
2739 5334 2804 5389 ἂν
2837 5334 2932 5389 καὶ
2975 5335 3136 5405 ἡμεῖς
3171 5332 3244 5404 μὴ
3292 5330 3567 5404 λέγωμεν,
3592 5331 3732 5402 αύτὴ

2147 5447 2213 5500 γε
2243 5433 2277 5504 ἡ
2304 5429 2531 5499 ἀλήθεια
2562 5427 2747 5501 βοήσει
2776 5427 2870 5482 καὶ
2916 5426 3058 5497 μέγα
3090 5425 3437 5498 κεκράξεται,
3469 5426 3737 5497 ἄντικρυς

2147 5518 2487 5592 παριστῶσα,
2519 5519 2667 5585 ὅπως
2714 5521 2750 5592 ἡ
2796 5518 2977 5584 ἔνθεος
3017 5517 3182 5572 αὑτοῦ
3228 5516 3482 5603 δύναμις,
3513 5518 3604 5573 διὶ
3630 5515 3739 5570 τοῦ

2147 5613 2542 5687 ἀναληφθέντος
2575 5613 2723 5688 αὐτῷ
2761 5616 2827 5670 ὲκ
2868 5613 3181 5685 σπέρματος
3224 5612 3438 5685 Ἰσραὴλ
3466 5612 3566 5668 τοῦ
3588 5610 3739 5668 κατὰ
