3922 6200
303 239 400 296 661

1189 236 1844 294 ὒΕΜΟΝΞΤΒΑΤῐΟΝΙΞ
1884 233 2341 292 ΕἾΔΝΟΕΒΙΕΛΕ
2410 232 2538 289 LIB.
2580 231 2671 289 1X.

3411 235 3518 291 66!

287 349 464 419 σάρκα
498 347 779 421 ἀνθρώπου
804 350 1108 424 ἐκυρίευσε,
1137 367 1229 407 και
1261 353 1427 408 είσέτι
1455 353 1548 408 νῦν
1578 352 1850 424 κυριεύσει

1954 359 2063 416 tur,
2113 351 2427 421 planissime
2495 349 2774 411 indicans,
2831 348 3283 420 quemadmodum
3332 351 3513 405 divina

280 445 453 498 ἐθνῶν
508 443 736 498 πολλῶν.
796 445 964 509 Αὐτὸς
1012 446 1117 516 ἄρα
1164 439 1319 510 οὗτος
1375 448 1577 510 ἐκεῖνος
1629 443 1717 518 ἦν,
1759 448 1855 502 καὶ

281 537 390 590 οὐδ’
421 535 595 600 ἄλλος,
625 537 683 589 ὃν
711 539 743 606 ή
775 537 1076 608 προφητεία
1101 539 1490 611 προηγόρευσε,
1524 539 1645 594 καθ’
1674 541 1733 593 ὃν
1762 539 1856 594 καὶ

281 634 317 702 ἡ
341 630 463 699 Γὼγ
487 629 672 700 ὑψώθη
697 629 959 699 βασιλεία,
979 631 1078 700 τῆς
1101 631 1334 702 Χριστοῦ
1354 631 1628 704 δυνάμεως
1657 631 1852 690 συναυ-

283 722 500 791 εούσης.
553 719 754 774 Τοῦτον
799 723 844 775 δ’
890 723 1122 777 ἐνταῦθα
1166 740 1327 792 φησιν
1376 724 1704 779 αἰνίττεσθαι
1733 725 1852 780 καθ’

294 813 578 885 Ἐϐραίους
610 814 702 867 τὸν
734 815 932 885 τρόπον
957 815 1056 886 τὴν
1084 815 1194 868 τῶν
1235 816 1518 886 Ῥωμαίων
1559 816 1850 885 βασιλείαν,

279 900 316 979 ᾖ
362 906 456 958 καὶ
499 906 898 976 συνήκμασενή
931 905 1166 977 Χριστοῦ
1205 906 1534 962 διδασκαλία.
1567 909 1853 980 Μέμνηται

277 993 338 1047 δὲ
364 992 457 1047 τοῦ
491 993 612 1063 Γὼγ
637 995 729 1048 καὶ
753 997 781 1048 ὁ
809 999 1091 1068 προφήτης
1118 996 1394 1070 Ἰεζεκιὴλ,
1421 999 1657 1070 ἄρχοντα
1695 997 1852 1062 Ῥὼς,

276 1084 466 1155 Μοτῦχ
513 1085 606 1138 καὶ
645 1083 813 1138 Θοϐἐλ
857 1085 1169 1157 ὀνομάζων·
1213 1086 1300 1139 διὰ
1341 1087 1442 1156 μὲν
1477 1085 1570 1139 τοῦ
1589 1085 1721 1150 Ῥὼς
1755 1086 1853 1157 τὴν

292 1173 599 1246 Ῥωμαίων,
630 1175 705 1240 ῶς
757 1175 922 1243 ἔοικε,
963 1176 1116 1228 πόλιν
1161 1177 1555 1248 αἰνιττόμενος,
1588 1179 1710 1230 ἐπεὶ
1759 1179 1852 1232 καὶ

277 1267 423 1339 ἀρχὴ
474 1268 566 1321 καὶ
611 1268 818 1340 κεφαλὴ
845 1269 985 1322 κατὰ
1013 1268 1111 1340 τὴν
1153 1267 1416 1339 Ἐϐραίων
1447 1269 1626 1341 φωνὴν
1648 1269 1737 1323 διὰ
1758 1269 1851 1323 τοῦ

288 1357 427 1422 Ῥὼς
453 1358 732 1429 δηλοῦται·
763 1360 850 1414 διὰ
883 1359 938 1412 δέ
968 1358 1060 1413 τοῦ
1091 1359 1275 1429 Μοσὸχ
1299 1359 1396 1430 τὴν
1417 1361 1652 1426 Μυσίαν,
1673 1361 1766 1415 καὶ
1786 1359 1853 1414 τὰ

278 1449 439 1521 πέριξ
485 1449 687 1521 ταύτης
724 1449 871 1522 ἔθνη,
899 1451 999 1503 ὅσα
1028 1449 1122 1503 νῦν
1159 1453 1333 1504 οἰκεῖα
1375 1451 1659 1523 Ῥωμαίων
1703 1452 1847 1505 ἐστί·

275 1542 368 1596 διὰ
418 1542 473 1596 δὲ
505 1541 598 1595 τοῦ
640 1541 806 1596 Θοϐἐλ
847 1543 947 1614 τὴν
1004 1542 1263 1615 Ἰϐηρίαν,
1290 1541 1431 1596 οὕτω
1465 1562 1580 1609 πως
1615 1544 1724 1598 ἀπὸ
1762 1543 1852 1598 τοῦ

275 1633 450 1688 Θοϐἐλ
481 1634 758 1702 γεγονέναι
810 1636 1033 1703 φάσκων
1077 1634 1376 1705 Θοϐεήλους
1424 1637 1550 1699 τοὺς
1599 1635 1848 1708 Ἴϐηραςο

272 1721 352 1782 ὧν
406 1729 657 1781 ἁπάντων
700 1728 932 1797 ἄρχοντα
969 1726 1060 1779 τὸν
1109 1725 1232 1795 Γὼγ
1265 1726 1641 1797 ὑψωθήσεσθαί
1686 1746 1849 1800 φησιν
1883 1719 1923 1776 Β

273 1817 368 1872 ἐπὶ
397 1817 495 1887 τῆς
522 1816 614 1869 τοῦ
647 1818 1120 1889 προφητευομένου
1170 1818 1404 1888 Χριστοῦ
1449 1819 1767 1891 παρουσίας,
1791 1821 1847 1873 ὃν

272 1915 304 1968 ὁ
333 1912 466 1975 Θεὸς
507 1911 784 1981 ὡδήγησεν
835 1909 893 1976 ἐξ
935 1910 1230 1979 Αἰγύπτου,
1259 1913 1348 1965 ὅτε
1396 1912 1538 1966 κατὰ
1573 1914 1660 1966 τὸν
1680 1916 1848 1968 ’Ματ-

274 2005 445 2067 θαῖον,
476 1999 917 2066 ἐπιϐουλεύοντος
949 2003 1041 2055 τοῦ
1087 2004 1324 2075 Ἡρώδου
1359 2005 1508 2058 παιδὶ
1539 2005 1651 2058 ὄντι
1677 2005 1845 2077 αὐτῷ,

270 2095 664 2167 χρηματισθεὶς
694 2095 722 2146 ὁ
760 2094 959 2166 Ἰωσὴφ
993 2094 1266 2166 παρέλαϐε
1303 2096 1364 2148 τὸ
1389 2096 1597 2150 παιδίον
1641 2098 1734 2150 καὶ
1751 2097 1848 2170 τὴν

274 2188 489 2258 μητέρα
523 2186 708 2254 αὑτοῦ,
739 2187 833 2239 καὶ
861 2185 1160 2257 ἐπανῆλθεν
1189 2187 1268 2250 είς
1301 2186 1404 2256 γῆν
1443 2189 1680 2260 Ἰσραηοι.
1717 2189 1848 2256 Δόξα

269 2281 330 2334 δὲ
385 2282 756 2352 μονοκέρωτος
803 2279 950 2350 αὐτῷ
1087 2278 1306 2350 Χριστῷ
1349 2283 1549 2355 παρῆν,
1581 2283 1667 2337 διὰ
1702 2285 1762 2339 τὸ
1790 2289 1848 2339 ἐν

268 2375 424 2446 αὑτῷ
471 2372 819 2443 εύδοκηκέναι
862 2373 1186 2444 κατοικῆσαι
1220 2375 1327 2427 πᾶν
1360 2375 1421 2429 τὸ
1455 2376 1724 2450 πλήρωμα
1748 2379 1848 2449 τῆς

267 2466 545 2538 θεότητος,
585 2465 727 2519 κατὰ
753 2466 843 2520 τὸν
891 2465 1033 2538 ἱερὸν
1075 2467 1413 2522 Ἀπόστολον.
1438 2469 1637 2542 Διόπερ
1661 2471 1737 2536 ὡς
1765 2472 1851 2526 κέ-

270 2576 375 2631 ρας
417 2558 853 2630 ἐπιγραφόμενος
896 2559 986 2613 τὺν
1015 2559 1124 2613 τῶν
1173 2560 1309 2614 ὅλων
1345 2562 1478 2614 Θεὸν
1505 2564 1597 2616 καὶ
1631 2565 1848 2636 Πατέρα

267 2651 460 2715 αὑτοῦ,
500 2649 804 2722 μονόκερως
833 2651 925 2705 καὶ
953 2653 1010 2704 ἐν
1041 2652 1253 2722 ἑτέραις
1272 2654 1512 2725 Γραφαῖς
1535 2653 1844 2729 ὠνομάσθη.

281 2743 342 2797 Ὁ
373 2743 416 2796 δ’
447 2743 606 2806 αὐτὸς
633 2744 727 2798 τοῦ
754 2743 888 2796 Θεοῦ
915 2745 1085 2812 Λόγος
1111 2747 1223 2808 τοῖς
1252 2749 1461 2817 νοητοῖς
1495 2747 1586 2800 καὶ
1615 2747 1850 2816 λογικοῖς

267 2835 439 2889 αὐτοῦ
467 2835 640 2906 βέλεσι
660 2837 750 2888 τὸν
775 2835 967 2906 ἐχθρὸν
997 2837 1090 2888 καὶ
1110 2836 1484 2907 ἀντικείμενον
1513 2839 1661 2910 αὐτῷ
1680 2839 1849 2893 διάϐο-

268 2929 386 2993 λον,
405 2927 581 2990 πασας
602 2944 662 2978 τε
692 2925 790 2990 τὰς
815 2927 949 2996 ἀμφ’
981 2927 1142 2980 αὐτὸν
1167 2928 1431 2998 ἁοράτους
1473 2931 1566 2984 καὶ
1609 2931 1850 3002 πονηρὰς

268 3021 549 3092 δυνάμεις,
585 3021 671 3075 διὰ
707 3021 1012 3092 κρείττονος
1040 3021 1134 3074 καὶ
1181 3022 1536 3092 ὰκαταμάχου
1569 3021 1848 3094 δυνάμεως

1822 3115 1832 3130 ι

1957 446 2102 500 illius
2131 447 2304 500 virtus
2332 461 2428 516 per
2456 445 2629 507 illum,
2656 445 2746 516 qui
2771 443 2840 498 ab
2867 443 2984 514 ipso
3023 443 3088 498 de
3115 447 3322 500 semine
3351 445 3514 502 Israel

1954 537 2166 592 ratione
2200 538 2444 608 corporis
2476 547 2786 606 assumptus
2809 544 2913 601 est,
2945 536 3216 590 hominem
3243 536 3516 592 dominata

1954 637 2056 692 est,
2080 636 2241 698 atque
2267 629 2428 682 etiam
2475 643 2621 682 nunc
2665 627 2978 682 dominatur
3015 627 3268 697 gentibus
3309 629 3514 684 multis.

1955 720 2054 774 Hic
2083 721 2248 791 igitur
2277 720 2364 775 ille
2395 722 2510 791 ipse
2531 729 2668 786 erat,
2699 736 2804 774 non
2830 721 2968 776 alius
3012 721 3303 792 quispiam,
3355 717 3514 792 quem

1955 814 2233 884 prophetia
2283 813 2643 882 prtedixerat,
2687 815 2844 881 cujus
2899 821 3141 884 tempore
3187 814 3348 870 etiam
3404 813 3530 883 Gog,

1955 922 2178 977 regnum
2213 906 2264 959 in
2298 905 2528 961 sublime
2586 906 2877 961 adauctum
2922 915 3037 964 est.
3074 921 3197 959 cum
3240 921 3305 961 eo
3356 907 3515 961 simul

1953 996 2155 1051 Christi
2194 997 2392 1052 virtute
2439 1011 2501 1051 ac
2551 997 2790 1068 potentia
2841 1006 3144 1053 crescente.
3177 996 3290 1052 [loc
3339 1006 3516 1052 autem

1955 1088 2114 1142 modo
2133 1086 2664 1144 aiuntRomanorum
2690 1104 2912 1157 regnum
2945 1089 3243 1144 secundum
3262 1088 3517 1146 Hebraeos

1954 1179 2274 1250 signiﬁcari,
2305 1197 2428 1236 cum
2474 1197 2583 1250 quo
2615 1181 2777 1236 simul
2804 1180 3009 1236 Christi
3059 1180 3305 1237 doctrina
3349 1184 3519 1239 robur

1953 1280 2114 1343 atque
2168 1274 2560 1329 incrementum
2605 1275 2836 1344 accepit.
2888 1273 3128 1329 Meminit
3181 1283 3360 1330 autem
3403 1275 3518 1348 Gog

1950 1373 2118 1425 etiam
2182 1367 2442 1439 prepheta
2501 1367 2786 1430 Ezechiel,
2835 1366 2966 1421 dum
3018 1368 3317 1438 principem
3385 1367 3517 1435 Res,

1952 1460 2174 1516 Mosoch
2205 1459 2490 1514 etThobel
2517 1458 2791 1523 nominat,
2843 1459 2936 1513 ubi
2981 1476 3077 1530 per
3118 1459 3251 1514 illud
3297 1461 3515 1530 quidem

1951 1554 2083 1617 Res,
2117 1551 2513 1616 Romanorum,
2544 1558 2604 1606 ut
2631 1566 2731 1621 par
2756 1559 2861 1616 est,
2898 1551 3172 1606 civitatem
3208 1552 3515 1622 signiﬁcat:

1953 1646 2396 1718 quandoquidem
2443 1644 2778 1716 principatus
2830 1655 2884 1698 et
2915 1653 3078 1714 caput
3103 1658 3168 1699 ea
3213 1659 3345 1698 voce
3374 1643 3517 1713 apud

1953 1738 2210 1794 Hebraeos
2242 1737 2582 1805 intelligitur;
2634 1749 2731 1804 per
2764 1733 2982 1789 Mosoch
3043 1742 3222 1789 autem
3267 1733 3515 1804 Mysiam,

1949 1840 2003 1886 et
2024 1829 2072 1886 ei
2106 1830 2363 1885 ﬁnitimas
2395 1836 2606 1900 gentes,
2630 1810 2968 1898 quaecunque
2998 1842 3143 1880 nunc
3188 1826 3290 1881 sub
3318 1825 3518 1882 Roma-

1949 1941 2141 1980 norum
2185 1924 2411 1995 imperio
2454 1931 2603 1988 sunt,
2647 1934 2702 1979 et
2744 1937 2842 1992 per
2871 1920 3100 1984 Thobel,
3135 1921 3362 1978 lberiam
3423 1920 3518 1977 Jol-

1949 2018 2152 2086 sephns
2200 2017 2491 2088 intelligit,
2532 2016 2626 2085 qui
2674 2029 2704 2068 a
2759 2014 2963 2070 Thobel
2994 2011 3126 2068 dicit
3170 2013 3345 2069 factos
3394 2027 3518 2070 esse

1949 2108 2272 2172 Thobeelos,
2300 2108 2394 2179 qui
2455 2107 2637 2161 lberes
2711 2104 2991 2167 dicuntur,
3029 2105 3230 2176 quibus
3260 2102 3517 2161 omnibus

1948 2201 2304 2271 imperantem
2348 2199 2464 2270 Gog
2495 2199 2549 2252 in
2596 2197 2829 2252 sublime
2874 2196 3248 2266 adaugendum
3282 2197 3376 2260 ait,
3415 2195 3518 2251 sub

1948 2292 2067 2362 ejus
2095 2291 2297 2347 Christi
2328 2291 2396 2346 de
2422 2307 2531 2360 quo
2556 2289 2834 2360 propheta:
2875 2289 3174 2358 loquuntur
3203 2288 3514 2355 adventum,

1948 2399 2108 2453 quem
2140 2382 2282 2437 Dens
2317 2382 2472 2436 duxit
2492 2397 2560 2436 ex
2594 2379 2975 2451 Egypto,quo
3004 2387 3267 2449 tempore,
3294 2387 3351 2433 ut
3373 2381 3514 2450 apud

1950 2472 2257 2527 Matthaeum
2289 2472 2499 2542 legitur.
2517 2471 2645 2525 dum
2671 2470 2775 2541 ipsi
2809 2469 2989 2522 adhuc
3017 2483 3188 2538 puero
3228 2467 3518 2523 insidiatur

1949 2565 2208 2622 llerodes.
2252 2562 2450 2633 Joseph
2484 2570 2708 2631 accepto
2742 2561 3000 2622 oraculo,
3029 2560 3240 2630 accepit
3289 2567 3516 2629 puerum

1948 2669 2001 2712 et
2047 2667 2270 2711 matrem
2304 2656 2444 2726 ejus,
2469 2663 2522 2710 et
2555 2669 2809 2709 reversus
2859 2659 2943 2706 est
2997 2653 3050 2705 in
3081 2660 3284 2706 terr-am
3330 2650 3514 2706 Israel.

1951 2749 2334 2804 Rhinocerotis
2401 2763 2532 2803 vero
2603 2747 2778 2817 gloria
2845 2744 2946 2814 ipsi
3028 2744 3246 2799 Christo
3302 2743 3516 2807 adfuit,

1949 2851 2231 2915 prepterea
2279 2840 2421 2913 quod
2479 2839 2748 2910 placuerit
2799 2839 2853 2891 in
2892 2851 2958 2892 eo
3005 2837 3248 2891 habitare
3305 2849 3518 2890 omnem

1949 2935 2337 3007 plenitudinem
2383 2931 2710 2998 divinitatis,
2741 2937 2800 2984 ut
2831 2929 2908 2982 ait
2949 2937 3172 2983 sanctus
3203 2926 3520 2996 Apostolus-

1876 3068 1919 3125 Γ
1952 3027 2293 3097 Quapmpter
2329 3023 2458 3077 dum
2489 3022 2655 3076 veluti
2703 3035 2876 3075 cornu
2919 3019 3024 3075 sibi
3074 3017 3316 3072 universi
3351 3014 3518 3071 Deum

270 3113 706 3184 ἧλαυνεν,είσέτι
733 3129 792 3165 τε
828 3111 922 3164 νῦν
959 3111 1198 3184 κυριεύει
1237 3112 1405 3165 ἐθνῶν
1435 3114 1663 3179 πολλῶν,
1684 3107 1757 3167 ὧν
1778 3115 1845 3168 τὰ

1954 3117 2167 3172 Patrem
2201 3115 2446 3179 ascribit,
2472 3115 2636 3168 etiam
2666 3111 2944 3167 unicornis
2975 3110 3029 3164 in
3052 3109 3172 3163 aliis
3194 3107 3520 3178 quibusdam

272 3207 426 3276 πάχη
443 3206 533 3258 καὶ
549 3205 607 3258 τὸ
623 3205 874 3276 φρόνημα
885 3205 980 3275 τῆς
999 3204 1198 3276 σαρκὸς
1214 3203 1506 3269 λεπτύνων,
1522 3205 1613 3258 ἐπὶ
1625 3206 1722 3277 τὴν
1740 3223 1850 3260 στε-

271 3297 375 3365 νὴν
392 3296 508 3348 ὁδδν
529 3295 627 3365 τῆς
656 3294 872 3348 αίωνίου
901 3294 1046 3364 ζωῆς
1070 3293 1404 3364 ἐπιτηδείους
1428 3294 1846 3360 κατασκευάζει,

286 3387 451 3440 Ἀλλὰ
478 3388 571 3440 καὶ
595 3387 939 3451 κατακλιθεὶς
966 3387 1125 3449 αὐτὸς
1153 3380 1306 3450 οὗτος
1337 3388 1365 3439 ὁ
1389 3387 1446 3454 ἐξ
1484 3387 1697 3460 Ἰσραὴλ
1727 3407 1852 3461 προ-

271 3479 447 3534 ελθὼν
495 3479 797 3551 ἅνθρωπος,
848 3482 876 3533 ό
922 3479 1355 3550 κατακυριεύσας
1407 3479 1572 3533 ἐθνῶν
1620 3482 1849 3546 πολλῶν,

278 3592 298 3623 ι
329 3572 692 3639 ἀνεπαύσατο,
765 3576 947 3645 φησιν,
989 3575 1063 3638 ὡς
1127 3575 1283 3638 λέων,
1315 3593 1332 3625 ι
1360 3573 1502 3627 οὕτω
1553 3575 1727 3646 δηλῶν
1783 3577 1852 3647 ἢν

269 3664 560 3729 ἀνεδέξατο
591 3667 917 3736 οἰκονομίαν,
954 3666 1073 3720 καθ’
1102 3667 1167 3738 ἣν
1215 3667 1403 3738 ὥσπερ
1449 3684 1530 3730 τις
1578 3667 1850 3736 βασιλικὸς

271 3756 372 3809 καὶ
403 3755 698 3828 θαρραλέος
741 3757 844 3830 θὴρ
893 3758 1254 3823 ἀνεπαύσατο,
1297 3759 1520 3830 μηδενὸς
1555 3761 1717 3813 αὑτοῦ
1750 3762 1850 3833 τὴν

272 3851 452 3920 ἀρχὴν
479 3851 573 3904 καὶ
605 3850 702 3922 τὴν
737 3850 1008 3920 βασιλείαν
1050 3851 1484 3922 μεταστήσασθαι
1511 3853 1807 3923 δυναμένου
1833 3872 1847 3884 ·

273 3943 480 4004 πάντες
512 3959 572 3994 τε
613 3945 662 3996 οἱ
698 3943 786 3995 τὸν
827 3942 1060 4013 Χριστὸν
1092 3942 1458 4012 εὐλογοῦντες,
1493 3945 1636 4016 λόγῳ
1666 3963 1724 3998 τε
1758 3947 1852 3999 καὶ

275 4033 380 4105 βίῳ
408 4034 759 4104 σεμνύνοντες
792 4035 889 4106 τὴν
921 4035 1117 4106 ἀρετὴν
1162 4035 1254 4089 τ’θῦ
1292 4035 1630 4104 διδασκάλ⁰υ⁹
1658 4039 1756 4109 τῆς
1787 4041 1851 4092 ἐκ

273 4126 413 4181 Θεοῦ
451 4125 832 4197 μετειλήφασιν
861 4125 1130 4194 εὐλογίας,
1166 4123 1420 4191 αὔξοντες
1457 4129 1724 4201 ὁσημέραι
1757 4131 1850 4183 καὶ

273 4218 658 4290 πληθύνοντες,
695 4215 836 4269 κατὰ
857 4215 937 4280 τὸ,
975 4237 991 4267 ι
1015 4216 1340 4284 Λύξάνεσθε,
1368 4220 1462 4272 καὶ
1495 4218 1846 4291 πληθύνεσθε,

273 4309 374 4365 καὶ
428 4304 748 4378 πληρώσατε
803 4305 899 4377 τὴν
947 4307 1070 4377 γῆν,
1104 4327 1122 4358 ›
1159 4309 1517 4381 ἀληθέστερον
1564 4313 1649 4363 ἐπ’
1671 4311 1849 4364 αὐτῶν

1956 3209 2257 3279 Scripturis
2285 3214 2369 3262 est
2396 3205 2726 3261 nominatus.
2773 3203 2918 3258 Idem
2951 3216 3116 3272 porro
3155 3199 3250 3254 Dei
3289 3197 3520 3254 Verbum

1951 3299 2380 3370 intelligihilibus
2426 3297 2894 3366 rationalibusque
2954 3294 3069 3350 suis
3111 3293 3356 3364 sagittis,
3417 3292 3525 3345 ini-

1955 3393 2154 3446 micum
2205 3390 2418 3460 sibique
2463 3389 2840 3444 adversantem
2891 3387 3192 3450 diabolum,
3227 3399 3525 3453 omnesque

1954 3483 2100 3539 circa
2148 3481 2298 3536 illum
2345 3491 2627 3536 versantes
2664 3480 2971 3535 invisibiles
3014 3486 3068 3533 et
3117 3478 3385 3548 malignas
3428 3492 3526 3546 pc-

1956 3584 2200 3640 testates,
2232 3575 2600 3647 praestantiori
2650 3589 2749 3630 sua
2793 3583 2848 3629 ct
2886 3572 3296 3644 inexpugnabili
3328 3573 3527 3627 virtute

1955 3671 2212 3736 conﬁxit,
2267 3681 2430 3741 atque
2487 3671 2650 3724 etiam
2706 3684 2854 3724 nunc
2911 3669 3164 3738 gentibus
3211 3666 3398 3720 multis
3428 3666 3526 3719 do-

1956 3761 2228 3828 minatur,
2278 3775 2517 3835 quarum
2567 3759 2961 3814 crassitudines
3016 3766 3072 3811 et
3142 3755 3342 3811 fastum
3403 3771 3524 3810 cor-

1955 3869 2131 3922 pore-.c
2208 3868 2402 3908 massae
2479 3859 2781 3906 extenuans
2853 3849 2920 3905 ad
3001 3855 3290 3918 angustam
3363 3855 3522 3902 mter.

1954 3962 2037 4002 me
2073 3947 2196 4002 vitae
2261 3947 2402 4000 viam
2465 3943 2873 4015 ingrediendam
2943 3941 3166 3998 idoneas
3222 3947 3522 4009 comparat.

1953 4039 2116 4112 425
2157 4037 2262 4092 Sed
2293 4038 2454 4092 etiam
2486 4036 2812 4091 recumbens
2856 4034 2998 4090 idem
3032 4033 3120 4087 hic
3157 4033 3320 4086 homo
3341 4047 3408 4086 ex
3448 4029 3526 4084 ls-

1954 4133 2066 4187 rael
2103 4129 2398 4201 profectus,
2435 4128 2526 4198 qui
2559 4128 2746 4182 multis
2777 4127 3092 4180 dominatus
3130 4130 3216 4178 est
3248 4122 3523 4194 gentibus.

1962 4241 1981 4273 ι
2018 4221 2242 4292 quievit,
2281 4220 2477 4289 inquit,
2512 4226 2570 4271 ut
2599 4219 2706 4282 leo,
2745 4236 2764 4269 ι
2795 4215 3002 4287 ,quibus
3025 4213 3207 4269 verbis
3240 4227 3403 4282 quam
3437 4211 3528 4265 ille

1957 4315 2256 4383 assumpsit
2306 4313 2809 4384 dispensationem,
2874 4313 3165 4382 signiﬁcat,
3226 4307 3526 4364 secundum

274 4403 371 4456 καὶ
403 4401 863 4476 θεοπρεπέστερον
895 4407 992 4477 τῆς
1017 4407 1167 4472 θείας
1227 4409 1620 4481 ἐκτελουμένης
1651 4410 1853 4481 φωνῆς.

1959 4421 2122 4476 quam
2151 4404 2306 4475 quasi
2336 4406 2556 4474 quidam
2592 4405 2835 4474 regulus,
2859 4413 2913 4459 et
2940 4402 3098 4474 quasi
3133 4401 3246 4457 fera
3280 4401 3526 4471 quaedam
3609 4447 3612 4449 .

285 4496 375 4560 Ὠς
401 4496 631 4567 ἔμπαλιν
655 4502 703 4552 οί
729 4500 839 4553 ἀπὸ
863 4501 1083 4572 πρώτης
1107 4503 1204 4574 τῆς
1234 4503 1353 4557 κατ’
1377 4502 1540 4557 αὐτοῦ
1562 4504 1850 4576 ἐπιϐουλῆς

271 4588 442 4640 εἰσέτι
469 4590 561 4642 καὶ
581 4589 676 4644 νῦν
703 4591 860 4646 αὐτὸν
888 4595 944 4645 ἐν
970 4597 1081 4658 τοῖς
1110 4594 1286 4646 αὐτῶν
1316 4596 1610 4668 συνεδρίοις
1635 4594 1853 4670 ἀρώμεο

271 4695 376 4740 νοι,
406 4679 505 4749 τὴν
531 4681 594 4734 ἐκ
631 4681 766 4736 Θεοῦ
791 4685 1032 4756 κατάραν
1064 4686 1121 4753 ἐξ
1153 4688 1358 4740 ἐκείνου
1385 4691 1477 4742 καὶ
1507 4690 1670 4742 εἰσέτι
1696 4689 1853 4760 δεῦρο

273 4769 397 4822 καθ’
427 4770 636 4825 ἑαυτῶν
685 4775 1082 4832 ἐπεσπάσαντο.
1115 4777 1206 4832 Διὸ
1251 4780 1344 4832 καὶ
1384 4781 1482 4850 τὴν
1529 4780 1760 4852 ἐσχάτην
1791 4782 1852 4834 οὐ

275 4862 442 4932 μόνον
478 4863 575 4934 τῆς
605 4864 895 4934 βασιλείας,
931 4867 1066 4922 ἀλλὰ
1089 4870 1181 4922 καὶ
1213 4869 1305 4924 τοῦ
1334 4870 1498 4924 παλαι
1525 4873 1853 4942 σεμνοτάτου

273 4955 459 5009 αὐτῶν
485 4957 823 5029 ἀγιάσματος
854 4961 1088 5034 ἐρημίαν
1120 4980 1180 5015 τε
1211 4964 1305 5016 καὶ
1335 4965 1538 5034 φθορὰν
1561 4966 1622 5019 ού
1654 4967 1854 5019 παύον-

272 5064 367 5100 ται
402 5048 694 5119 ὀφθαλμοῖς
721 5052 1166 5124 ὁρῶντες.’¹Αξιον
1187 5056 1243 5108 δέ
1263 5056 1588 5126 παραθεῖναι
1617 5061 1725 5120 τοῖς
1757 5075 1856 5128 με-

269 5139 344 5191 τὰ
377 5144 561 5210 χεῖρας
604 5143 704 5214 τὴν
751 5145 887 5216 πρὸς
921 5145 1016 5200 τὸν
1055 5146 1252 5200 Ἰούδαν
1286 5147 1381 5202 τοῦ
1425 5147 1616 5202 Ἰακὼϐ
1649 5166 1858 5219 προφη-

269 5233 448 5298 τείαν,
479 5234 544 5306 ἣν
589 5237 681 5288 καὶ
727 5236 895 5309 αὐτὴν
939 5239 1305 5310 ἐναργέστατα
1344 5243 1422 5304 εἰς
1464 5241 1554 5294 τὸν
1587 5242 1851 5314 ἡμέτερον

273 5325 505 5396 Σωτῆρα
553 5328 882 5400 ἐφαρμόζειν
929 5335 1482 5404 προπαρεστήσαμεν,
1520 5333 1747 5386 συνιδεῖν
1793 5352 1853 5387 τε

269 5418 376 5486 τὴν
406 5419 464 5471 ἐν
493 5419 772 5490 ἑκατέροις
815 5424 1150 5493 συμφωνίαν.
1169 5425 1255 5488 Ὠς
1289 5425 1398 5497 γὰρ
1425 5425 1662 5479 ἐνταῦθα
1702 5428 1854 5500 εἴρη-

271 5524 366 5560 ται
387 5524 402 5538 ·
444 5529 460 5560 ι
486 5511 848 5577 Ἐξελεύσεται
875 5514 1157 5589 ἄνθρωπος
1195 5517 1258 5570 ἐκ
1288 5515 1381 5570 τοῦ
1417 5517 1728 5590 σπέρματος
1758 5518 1856 5571 αύ-

351 5693 395 5724 “
433 5691 574 5750 Gen.
606 5710 660 5760 ι,
691 5694 781 5752 28.

1959 4498 2222 4552 audacior
2249 4498 2617 4568 quicvit,dum
2646 4499 2792 4551 illius
2813 4498 3172 4566 principatum
3207 4511 3272 4550 ac
3301 4509 3527 4565 regnum

1961 4607 2178 4647 movere
2203 4593 2324 4645 loco
2349 4606 2508 4646 nemo
2530 4601 2615 4646 est
2643 4591 2734 4661 qui
2769 4589 2965 4659 possit.
2997 4587 3203 4643 Omnes
3230 4595 3410 4642 autem
3434 4585 3526 4655 qui

1959 4687 2180 4742 Christo
2230 4685 2411 4739 favent
2464 4700 2528 4738 ac
2590 4683 2960 4743 bcnedicunt,
3009 4689 3063 4734 et
3115 4689 3230 4732 tum
3283 4675 3531 4732 oratione

1962 4790 2074 4834 tum
2108 4781 2214 4833 vita
2252 4778 2437 4830 virtuti
2474 4775 2823 4845 praeceptoris
2863 4772 3068 4827 addunt
3095 4772 3300 4824 cultum
3346 4776 3398 4822 et
3443 4782 3528 4821 re-

1958 4872 2274 4934 verentiam,
2303 4869 2502 4922 favoris
2536 4865 3038 4932 benedictionisquc
3070 4861 3268 4914 divina
3287 4857 3526 4912 vicissim

1960 4962 2252 5031 participes
2305 4960 2453 5024 facti,
2515 4965 2817 5029 augescunt
2863 4952 3106 5025 quotidie
3155 4966 3219 5004 ac
3271 4947 3529 5017 multipli-

1961 5067 2177 5116 cantur,
2205 5060 2393 5122 utpote
2414 5068 2536 5108 cum
2577 5053 2632 5106 in
2668 5051 2802 5120 ipsis
2826 5047 3012 5101 divina
3038 5043 3127 5097 illa
3156 5058 3260 5095 vox
3292 5059 3304 5094 :
3345 5057 3362 5090 ι
3393 5039 3532 5092 Cre-

1962 5147 2095 5202 scite
2127 5156 2181 5199 et
2209 5142 2644 5212 multiplicamini
2677 5150 2730 5196 et
2751 5139 2953 5208 replete
2972 5145 3170 5192 terram
3203 5133 3269 5194 '3,
3302 5151 3320 5184 ι
3351 5141 3405 5186 et
3441 5145 3532 5184 ve-

1960 5239 2074 5293 rius
2103 5245 2157 5293 et
2178 5236 2288 5290 Deo
2319 5235 2732 5291 convenientius
2759 5233 2918 5286 ﬁnem
2943 5244 3104 5284 suum
3128 5229 3526 5294 consequatur:

1961 5332 2104 5384 sicut
2151 5329 2485 5393 econtrario,
2527 5327 2622 5397 qui
2655 5341 2684 5379 a
2714 5325 2890 5395 prima
2915 5323 3181 5377 adversus
3215 5321 3367 5374 illum
3392 5332 3528 5372 con-

1963 5424 2261 5493 spiratione
2287 5424 2452 5477 etiam
2486 5435 2632 5476 nunc
2684 5419 2743 5472 in
2770 5419 2886 5474 suis
2916 5419 3068 5484 illum
3101 5415 3347 5472 consiliis
3373 5427 3532 5469 exse-

1962 5523 2211 5583 crantur,
2246 5515 2339 5571 Dei
2373 5515 2427 5569 in
2487 5514 2699 5582 seipsos
2745 5510 3181 5569 exsecrationem
3228 5523 3296 5564 ex
3353 5505 3446 5560 illo
3474 5501 3532 5559 in
