3922 6200
512 185 618 240 685
1148 165 1414 228 EUSEBII
1455 162 1936 222 ϐίΕὸΑἰίΙΕΝδιδ
1971 163 2061 220 ΟΡ]

2112 210 2115 220 .
2164 163 2360 220 PARS.
2402 161 2466 218 li.
2494 165 3073 224 —APOLOGETICA.
3581 180 3661 237 θα

517 304 660 358 hunc
703 311 876 368 usque
925 291 1066 347 diem
1106 297 1512 344 contraxerunt.
1571 285 1912 354 Quapropter
1965 299 2066 337 non

2177 284 2291 348 τοῦ,
2324 304 2343 336 ι
2378 284 2570 357 (δῆλον
2612 283 2657 337 δ’
2683 283 2763 337 ὅτι
2807 284 2900 341 τοῦ
2936 284 3166 355 Ἰακὼϐ,)
3201 286 3334 340 οὕτω
3369 289 3529 344 κάκεῖ·
3553 295 3665 351 «Ἐκ
3695 349 3702 358 ,

515 391 671 463 regni
695 389 892 448 solum,
918 381 1012 438 sed
1035 377 1196 434 etiam
1229 376 1315 431 sui
1344 376 1512 438 illius,
1546 375 1689 444 quod
1726 375 1931 430 honore
1965 390 2064 428 om-

2177 377 2428 448 βλαστοῦ,
2479 378 2565 432 υίέ
2618 395 2741 449 μου,
2785 376 3000 447 ἀνέϐης,
3033 395 3049 426 ι
3087 378 3268 449 εἴρητο
3310 380 3393 432 ὑπ’
3420 383 3554 438 αὑτοῦ
3590 391 3663 444 τοῦ

516 486 572 540 ιιί
595 498 658 537 ac
683 474 986 534 reverentia
1014 471 1287 529 colebant,
1320 467 1638 531 sanctuarii,
1667 473 1965 522 extremam
1987 483 2065 522 so-

2189 467 2378 523 Ἱακὼδ
2411 469 2548 543 πρὸς
2578 469 2667 522 τὸν
2709 468 3198 540 πρῡφητευόμενον.
3241 471 3345 522 Kal
3384 472 3450 535 ὡς
3487 477 3562 530 ἐπὶ
3593 481 3665 533 τοῦ

517 574 802 632 litudinem
835 575 996 636 atque
1043 561 1323 618 interitum
1360 560 1414 613 in
1447 560 1622 613 oculis
1659 559 1878 622 habere,
1916 568 2066 629 atque

2176 565 2444 636 παρόντος
2466 563 2677 632 λέγεται
2699 563 2779 627 τὸ,
2805 582 2823 614 ι
2844 563 2953 616 Kal
2972 563 3248 634 κυριεύσει
3276 564 3434 618 ὲθνῶν
3455 569 3663 632 πολλῶν,ι

515 665 712 722 intueri
735 676 842 716 non
874 659 1153 713 desinunt.
1179 651 1297 707 Non
1326 652 1424 706 abs
1445 665 1504 705 re
1529 659 1706 706 autem
1739 649 1903 704 fuerit
1928 651 2064 705 hisce

2174 656 2371 727 ὁμοίως
2400 655 2493 708 καὶ
2522 656 2578 707 ὲν
2604 653 2828 718 ἐκείνοις
2854 654 2934 719 τὸ,
2971 673 2989 706 ι
3016 656 3126 708 Kal
3152 655 3308 719 αὐτὸς
3336 655 3468 710 ἔσται
3497 663 3671 730 προσδο-

515 771 635 827 quae
663 766 810 808 nunc
841 757 1158 810 tractamus,
1190 744 1367 814 ipsius
1413 741 1582 796 Jacob
1609 740 1675 795 ad
1718 739 1914 796 Judam
1949 757 2064 812 pro-

2175 749 2268 802 κία
2313 747 2499 802 ἐθνῶν.
2549 766 2568 799 ι
2625 748 2735 801 Καὶ
2783 746 2943 800 πάλιν
2995 745 3223 800 ἐνταῦθα
3270 747 3381 818 μὲν,
3429 768 3446 801 ι
3485 752 3669 816 Ἐδεται,

517 845 752 917 phetiam
789 829 1106 909 adiungere,
1135 847 1300 903 quam
1325 831 1488 887 etiam
1522 831 1695 900 ipsam
1724 829 2066 888 evidentissi-

2175 841 2358 910 φησὶν,
2405 859 2423 891 δ
2450 839 2576 911 ἔθνη
2617 839 2825 910 ἐχθρῶν
2851 839 3036 904 αὑτοῦ,
3069 840 3164 892 καὶ
3194 843 3312 902 ταῖς
3345 840 3522 910 βολίσιν
3547 844 3669 897 αὑτοῦ

515 948 602 988 me
640 929 908 985 Saivatori
931 932 1118 979 nostro
1140 919 1660 989 accommodarijam
1677 918 2064 976 demonstravi-

2175 930 2556 998 κατατοξεύσει
2583 931 2801 1002 ἐχθρόν·
2832 951 2850 983 ι
2871 930 3139 995 Ὡσαύτως
3166 931 3220 984 δὲ
3248 932 3338 984 καὶ
3381 934 3433 985 ὲν
3471 933 3673 998 ἐκείνοις,

514 1039 656 1086 mus,
707 1017 1170 1088 contemplarique
1220 1027 1362 1076 eam,
1396 1022 1517 1083 quae
1567 1011 1622 1066 in
1676 1011 1922 1081 utrisque
1968 1014 2063 1067 est,

2181 1042 2198 1074 ε
2233 1023 2298 1075 Ai
2324 1022 2504 1095 χεῖρές
2527 1040 2619 1076 σου
2643 1022 2737 1075 ἐπὶ
2760 1020 2929 1076 νώτου
2951 1020 3056 1074 τῶν
3087 1021 3294 1092 ἐχθρῶν
3325 1039 3430 1085 σου,
3448 1041 3464 1072 ι
3487 1023 3673 1091 ἐλέγετο.

512 1113 878 1170 concordiam.
911 1104 1375 1176 Quemadmodum
1409 1105 1551 1159 enim
1575 1102 1664 1157 hic
1708 1102 1912 1157 dictum
1946 1108 2030 1157 est
2058 1121 2061 1154 τ

2175 1115 2286 1168 Kal
2334 1115 2416 1182 τὸ,
2451 1133 2468 1166 ι
2501 1114 2744 1186 Σκύμνος
2786 1114 2997 1178 λέοντος
3031 1113 3218 1177 Ἰούδα,
3246 1132 3264 1166 ι
3295 1113 3382 1167 καὶ
3422 1113 3493 1177 τὺ,
3521 1134 3536 1165 ‹
3557 1115 3674 1168 Ἀνι-

519 1226 537 1257 ‹
583 1203 904 1275 Egredietur
928 1201 1091 1254 homo
1121 1197 1188 1252 de
1230 1197 1436 1253 semine
1459 1195 1576 1265 ejus
1604 1193 1801 1265 (ipsius
1830 1193 2068 1248 videlicet

2175 1206 2355 1262 πεσὼν
2377 1207 2672 1278 ἐκοιμήθης
2693 1207 2768 1271 ὡς
2786 1208 2940 1272 λέων,
2957 1209 3050 1261 καὶ
3067 1207 3143 1270 ὡς
3171 1206 3399 1276 σκύμνος
3413 1223 3424 1236 ’
3443 1207 3515 1270 τίς
3541 1209 3679 1279 ἐγερεί

515 1294 735 1367 Jacob),
759 1315 778 1347 ι
809 1294 882 1348 ita
907 1293 1070 1348 etiam
1112 1289 1454 1358 illic;dictum
1486 1295 1569 1346 est
1607 1307 1620 1344 :
1653 1305 1671 1340 ι
1709 1286 1786 1341 De
1809 1286 2064 1358 germine.

2175 1300 2372 1364 αὐτόν;
2409 1319 2427 1351 ι
2461 1300 2518 1352 ὲν
2547 1299 2775 1361 ἐκείνοις
2801 1297 3106 1370 εἰρημένον,
3136 1298 3284 1351 οὐδέν
3321 1316 3402 1368 μοι
3444 1298 3570 1352 δοκεί
3598 1299 3678 1352 διει-

515 1387 591 1443 ﬁli
623 1386 721 1449 mi,
766 1382 1060 1440 ascendisti
1093 1382 1160 1447 ”,
1199 1400 1218 1432 ι
1253 1380 1322 1434 ab
1352 1378 1473 1449 ipso
1501 1376 1691 1442 Iacob,
1742 1377 1809 1432 ad
1835 1393 1959 1433 eum
2009 1377 2064 1433 de

2177 1392 2364 1463 φέρειν
2395 1391 2492 1462 τῆς
2529 1389 2664 1462 μετά
2693 1394 2879 1461 χεῖρας
2906 1390 3102 1455 λέξεως
3132 1390 3463 1460 φασκούσηςο
3496 1409 3513 1440 ι
3537 1392 3679 1445 Κατα-

515 1493 624 1548 quo
659 1477 775 1547 ipse
803 1474 1147 1532 vaticinatur.
1187 1471 1362 1542 thue
1396 1472 1450 1525 in
1486 1471 1736 1541 praesenti
1779 1471 1979 1526 dicitur
2011 1471 2064 1524 il-

2178 1482 2378 1546 κλιθεὶς
2427 1481 2771 1536 ἀνεπαύσατο
2815 1481 2892 1545 ὡς
2939 1481 3095 1545 λέων,
3126 1482 3220 1536 καὶ
3260 1481 3332 1546 ὡς
3360 1483 3594 1554 σκύμνος
3621 1485 3679 1547 τίς

515 1567 608 1623 iud
636 1585 654 1626 ε
686 1585 703 1618 ι
739 1563 803 1618 Ει
833 1564 1203 1619 dominabitur
1231 1561 1482 1633 gentibus
1505 1562 1712 1627 multis,
1740 1580 1758 1613 ι
1781 1561 1861 1616 sic
1886 1563 1941 1616 in
1965 1562 2064 1618 illis

2129 1633 2152 1644 _
2181 1574 2474 1644 ἀναστήσει
2520 1573 2714 1639 adadv;
2753 1592 2771 1624 ι
2817 1573 3002 1628 Ταῦτα
3052 1575 3111 1628 δὲ
3160 1575 3378 1638 εἰκότως
3422 1577 3492 1637 εις
3535 1576 3678 1628 cauda

516 1676 735 1734 quoque
762 1659 893 1714 illud
927 1677 940 1713 :
970 1677 987 1708 ι
1016 1657 1082 1712 Ει
1107 1658 1222 1727 ipse
1241 1655 1694 1725 eritexspectatio
1712 1653 1954 1724 gentium
1972 1654 2065 1708 ".1

2127 1633 2154 1691 Β
2183 1633 2580 1737 συνηγάγομεν,
2611 1665 2680 1718 ἵν’
2703 1633 2900 1737 ⁷ὥσπερ
2927 1665 3018 1719 ἐπὶ
3040 1667 3308 1737 στόματος
3336 1633 3422 1720 δύο
3450 1633 3676 1737 μαρτύρων

515 1758 581 1812 Ει
614 1768 810 1808 rursus
842 1750 932 1804 hic
962 1748 1181 1820 quidem
1219 1767 1232 1804 :
1269 1766 1288 1800 ι
1324 1747 1633 1812 Devorabit,
1659 1747 1853 1816 inquit,
1889 1754 2064 1817 gentes

2179 1758 2276 1828 τῆς
2320 1760 2378 1810 ὲν
2408 1761 2528 1820 ταῖς
2558 1755 2913 1828 προφητείαις
2955 1759 3331 1829 συμφωνίαςή
3362 1760 3478 1829 περὶ
3502 1757 3577 1810 τοῦ
3602 1759 3678 1808 Σω-

514 1846 858 1901 inimicorum
891 1857 1138 1905 suorum,
1175 1849 1229 1896 et
1279 1839 1478 1908 jaculis
1520 1839 1636 1894 suis
1686 1838 1844 1893 feriet
1895 1839 2063 1892 inimi-

2178 1848 2340 1920 τῆρος
2367 1849 2398 1918 ἡ
2407 1847 2520 1918 μῶν
2541 1847 2808 1914 ἀπόδειξις
2831 1848 3181 1921 βεϐαιοτέραν
3200 1849 3349 1904 λάϐοι
3366 1849 3456 1920 τὴν
3476 1849 3676 1919 κύρωσιν.

512 1953 666 2001 cum;
696 1955 714 1988 ι
756 1935 812 1988 in
843 1933 952 1989 illis
995 1939 1180 1988 autem
1213 1932 1378 1987 simili
1428 1930 1638 1985 ratione
1688 1928 1821 1984 illud
1868 1928 2061 1984 dicturi

2178 1939 2363 1993 Πάντα
2385 1939 2430 1991 δ’
2453 1935 2544 1993 οὖν
2573 1939 2642 1993 τὰ
2665 1941 2743 2003 εἰς
2766 1941 2864 2014 τὴν
2890 1940 2985 1993 τοῦ
3017 1940 3213 1994 Ἰακὼϐ
3237 1943 3518 2013 πρόρρησιν
3539 1941 3679 1992 τεθεω-

511 2040 595 2085 est
628 2048 641 2083 :
678 2046 699 2082 ‹
742 2027 934 2084 Manus
957 2033 1062 2080 tua:
1089 2025 1144 2078 in
1174 2031 1326 2094 tergo
1353 2023 1699 2078 inimicorum
1731 2031 1950 2076 tuorum
1972 2022 2060 2075 “.1

2177 2030 2386 2102 ρημένα
2420 2031 2708 2102 ἀρμόσειεν
2748 2031 2814 2085 ἂν
2854 2034 2948 2087 καὶ
2995 2035 3076 2096 εἰς
3117 2032 3214 2104 τὴν
3258 2032 3348 2086 τοῦ
3397 2030 3591 2099 Βαλαὰμ
3611 2031 3679 2099 τῆς

511 2121 645 2177 item
673 2121 804 2175 illud
834 2139 846 2173 :
875 2138 892 2170 ι
929 2118 1158 2174 Catulus
1187 2115 1359 2172 leonis
1385 2113 1547 2179 Juda,
1587 2133 1607 2168 ι
1629 2122 1683 2170 et
1711 2114 1843 2169 illud
1877 2135 1889 2168 :
1926 2134 1944 2165 ι
1972 2113 2060 2170 Βθε

2173 2118 2490 2189 ὁμοιότητος
2532 2119 2638 2173 τῶν
2683 2120 2984 2192 λεγομένων
3021 2123 3208 2176 ἕνεκα.
3240 2123 3301 2175 Ei
3348 2122 3408 2192 δὴ
3443 2124 3598 2174 ἐκεῖνα
3618 2120 3677 2172 διὰ

511 2213 774 2266 cumbens
799 2208 1104 2266 dormivisti
1137 2214 1197 2262 ut
1223 2207 1328 2272 leo,
1381 2215 1434 2262 et
1469 2215 1530 2261 ut
1557 2206 1796 2274 catulus,
1827 2205 1950 2276 quis
1976 2221 2060 2261 ex-

2177 2210 2374 2281 πολλῆς
2395 2211 2719 2280 ἀποδείξεως
2745 2214 2836 2266 ἐπὶ
2867 2213 2957 2266 τὸν
2992 2215 3259 2286 ἡμέτερον
3287 2214 3496 2284 Σωτῆρα
3521 2212 3675 2282 7:51:11;~

509 2302 702 2356 citabit
731 2303 882 2356 illum
912 2301 996 2354 ”?
1035 2320 1055 2352 ι
1111 2297 1257 2369 quod
1287 2299 1341 2352 in
1389 2297 1498 2354 illis
1546 2298 1751 2353 dictum
1803 2305 1908 2365 est,
1939 2298 2054 2352 nibi

2177 2305 2396 2373 ρωμένα
2426 2303 2676 2376 συνέστη,
2710 2305 2998 2360 ἀκόλουθον
3044 2306 3113 2360 ἂν
3161 2309 3245 2378 εἴη
3284 2307 3373 2360 καὶ
3401 2305 3463 2360 τὰ
3493 2306 3675 2377 παρόντα

512 2393 645 2450 mihi
683 2392 901 2448 differre
954 2391 1166 2445 videtur
1198 2390 1266 2445 ab
1295 2404 1380 2454 eo,
1432 2388 1579 2458 quod
1607 2404 1753 2443 nunc
1779 2396 2078 2446 tractamus
2174 2392 2475 2463 ὁμολογεῖν.

509 2486 753 2550 oraculo,
786 2485 944 2555 cujus
968 2484 1058 2538 illa
1086 2492 1215 2539 sunt
1235 2482 1401 2538 verba
1431 2501 1446 2537 :
1483 2500 1502 2534 ι
1541 2481 1886 2538 Recumbens
1915 2484 2119 2554 quievit
2143 2485 2224 2542 ἰιι
2276 2487 2382 2553 leo,
2415 2496 2468 2544 et
2516 2496 2574 2543 ut
2616 2496 2850 2554 catulus,
2881 2495 3004 2564 quis
3059 2495 3322 2550 excitabit
3366 2489 3677 2548 illuminare

511 2588 690 2636 autem
722 2593 830 2633 non
863 2579 960 2632 abs
981 2593 1042 2632 re
1069 2593 1236 2632 unum
1266 2578 1323 2632 in
1345 2577 1522 2632 locum
1545 2578 1844 2647 coegimus,
1889 2587 1948 2633 ut
1999 2583 2153 2650 quasi
2187 2582 2244 2637 in
2295 2599 2391 2641 ore
2441 2586 2671 2642 duorum
2722 2589 2965 2654 testium,
3013 2590 3138 2660 ejus
3189 2607 3308 2662 qua:
3361 2592 3412 2645 in
3444 2585 3678 2660 prophetis

510 2677 789 2742 spectatur
845 2668 1175 2734 concordiae,
1223 2668 1290 2724 de
1337 2667 1619 2724 Salvatore
1665 2677 1853 2727 nostro
1896 2670 2288 2731 demonstratio
2345 2677 2639 2736 ﬁrmiorem
2692 2682 2925 2753 accipiat
2958 2684 3362 2739 auctoritatem.
3406 2681 3499 2736 Sed
3541 2679 3674 2731 omnia

508 2775 844 2832 quaecunque
865 2761 920 2815 in
935 2761 1253 2816 vaticinium
1287 2759 1456 2816 Jacob
1498 2763 1915 2835 contemplanda
1962 2769 2316 2838 contulimus,
2353 2771 2480 2828 huic
2511 2774 2638 2830 item
2686 2776 2830 2846 quod
2877 2792 2906 2830 a
2937 2777 3158 2832 Balaam
3194 2777 3393 2833 dictum
3425 2784 3516 2837 est,
3557 2769 3678 2844 526

511 2855 907 2912 accommodari
957 2864 1232 2927 poterunt,
1262 2865 1486 2928 propter
1535 2871 1724 2914 eorum
1778 2877 1898 2932 qua
1930 2862 2077 2918 dicta
2109 2873 2235 2921 sunt
2291 2869 2726 2928 similitudinem.
2757 2873 2911 2940 Quod
2965 2875 3011 2929 si
3047 2877 3139 2929 illa
3176 2877 3231 2930 in
3266 2883 3446 2930 nostro
3490 2871 3676 2926 Salvato-

509 2965 570 3007 re
617 2949 884 3021 completa
933 2965 1056 3006 esse
1083 2950 1335 3020 ampliori
1384 2952 1854 3010 demonstratione
1903 2964 2019 3010 tum
2077 2960 2344 3025 constitit,
2399 2965 2648 3035 sequitur
2696 2965 2808 3036 jam
2855 2974 2916 3020 ut
2973 2971 3270 3037 praesentia
3323 2981 3520 3040 quoque
3557 2963 3679 3016 latea-

509 3059 654 3103 mur.

510 3176 589 3234 Ab
612 3177 777 3260 ρεεε.
809 3207 878 3218 -
925 3176 1151 3260 lieni-de
1184 3179 1275 3234 illo
1321 3180 1457 3245 quod
1514 3179 1829 3260 dictumuest
1862 3198 1886 3260 :_
1915 3201 1934 3233 ι
1995 3182 2059 3237 Ea

2126 3196 2145 3252 ζ
2195 3188 2325 3260 Ἀπὸ
2345 3207 2462 3260 ,του
2502 3188 2693 3256 Ὠσηέ.
2724 3191 2920 3242 --¹¹Ετι
2951 3191 3082 3260 περὶ
3109 3193 3244 3254 τοῦ,
3276 3212 3293 3243 ι
3327 3193 3418 3255 Ἐξ
3445 3190 3675 3260 Αἰγύπτου

581 3246 1228 3331 [EgyptovocaviFili'tmi
1265 3266 1453 3312 meum,
1488 3269 1506 3302 ι
1540 3263 1586 3304 ει
1615 3251 1679 3304 de
1709 3251 1916 3307 Herode
1939 3271 2074 3324 rege,
2112 3246 2130 3252 ’

2128 3246 2144 3252 ”
2247 3258 2512 3331 ἐκάλεσα
2544 3246 2648 3313 rei»
2675 3261 2811 3313 Υἰόν
2832 3263 2970 3328 μου,
3001 3246 3039 3313 ι’
3053 3263 3156 3315 καὶ
3183 3246 3310 3331 περὶ
3359 3246 3677 3331 Ἠρώὸῗουντοῦ

580 3329 630 3374 ct
657 3320 920 3374 eversione
949 3324 1094 3389 regni
1115 3318 1443 3380 Judasoram.
1997 3318 2018 3324 ⁷
2062 3318 2068 3320 ’

2241 3329 2570 3402 βασιλέῳς,
2601 3332 2698 3384 καὶ
2744 3318 2874 3399 περὶ
2913 3318 3023 3400 τ-ἧς
3051 3318 3445 3402 καθαιρἐσεοίς
3465 3329 3554 3398 τῆς
3583 3330 3675 3384 Ἰου-

2245 3398 2428 3453 δαίων
2449 3401 2790 3468 βασιλείας.

588 3541 608 3578 ι
636 3522 704 3580 Et
733 3532 992 3595 exsurget
1027 3524 1261 3595 perditio
1291 3527 1347 3580 in
1393 3526 1596 3599 populo
1628 3533 1743 3590 tuo,
1785 3534 1842 3583 et
1885 3542 2074 3582 omnia

2251 3532 2269 3565 ι
2305 3515 2416 3569 Kal
2449 3514 2867 3588 ἐξαναστήσεται
2905 3517 3153 3573 ἀπώλεια
3184 3521 3240 3573 ὲν
3265 3520 3341 3590 τῷ
3370 3517 3472 3588 λαῷ
3495 3533 3589 3578 σου,
3612 3511 3677 3564 καὶ

513 3616 725 3676 munita
749 3627 840 3674 tua
869 3617 1142 3687 peribunt,
1177 3630 1237 3671 ut
1266 3618 1521 3688 princeps
1546 3617 1799 3673 Salaman
1828 3618 1896 3674 de
1915 3619 2062 3675 dom'c

2177 3606 2350 3661 πάντα
2383 3607 2451 3661 τὰ
2480 3611 2983 3682 περιτετειχισμένα
3015 3629 3108 3666 σου
3151 3615 3438 3685 οἰχήσεται,
3459 3611 3524 3674 ὡς
3543 3610 3675 3680 ἄρχων

507 3705 816 3763 Jeroboam.
845 3705 904 3762 In
932 3708 1124 3764 diebus
1173 3707 1297 3763 belli
1335 3693 1565 3764 matrem
1612 3726 1775 3780 super
1799 3711 1925 3767 ﬁliis
1958 3712 2056 3766 alii

2176 3699 2315 3754 Σαλα
2323 3700 2426 3771 μάν
2443 3702 2508 3754 ὲκ
2527 3701 2619 3755 τοῦ
2640 3701 2789 3757 οἴκου
2804 3703 3100 3775 Ἰεροϐοάμ.
3137 3706 3231 3760 Ἐν
3249 3706 3468 3778 ἡμέραις
3497 3700 3674 3767 πολέμου

509 3807 717 3853 serunt.
749 3796 840 3854 Sic
870 3797 1256 3864 faciam,vobis
1279 3799 1474 3856 domus
1505 3798 1692 3867 Israel,
1717 3817 1746 3855 a
1769 3801 1905 3857 facie
1931 3801 2058 3871 inju-

2178 3794 2313 3864 μητέ
2323 3794 2492 3864 ραὲπὶ
2515 3794 2720 3859 τέκνοις
2733 3796 3017 3865 ἡδάφισαν.
3038 3797 3198 3852 Οὕτω
3219 3799 3420 3868 ποιήσω
3431 3797 3557 3866 ὑμῖν,
3570 3787 3675 3849 οἶκος

508 3887 715 3942 riarum
751 3897 1078 3946 vestrarum.
1131 3889 1286 3946 Mane
1317 3891 1475 3963 ejecti
1529 3901 1658 3947 sunt
1691 3913 1703 3948 :
1738 3894 1947 3962 ejectus
1991 3909 2057 3950 es}

2189 3885 2424 3958 Ἰσραὴλ,
2473 3886 2581 3940 ἀπὸ
2602 3887 2890 3958 προσώπου
2915 3889 3021 3943 τῶν
3051 3889 3278 3944 ἀδικιῶν
3302 3889 3462 3962 ὑμῶν.
3498 3882 3674 3954 ὀρθρου

510 3996 605 4036 rex
639 3980 824 4049 lsrael,
855 3982 1114 4052 quoniam
1165 3981 1348 4037 infans
1407 3982 1592 4040 israel.
1653 3984 1718 4038 Et
1770 4001 1869 4056 ego
1908 3986 2059 4041 dilcx‘

2175 3978 2276 4030 ἀπε
2286 3978 2575 4050 ρρίφησανο
2599 3980 2875 4051 ἀπερρίφη
2894 3979 3142 4050 βασιλεὺς
3162 3983 3390 4055 Ἰσραὴλ,
3406 3981 3522 4033 διότι
3537 3977 3675 4046 νήπιος

505 4085 676 4126 eum:
708 4081 764 4128 et
809 4088 876 4128 ex
909 4072 1146 4144 Egypto
1191 4075 1413 4128 evocavi
1466 4075 1605 4130 ﬁlios
1644 4077 1762 4144 ejus
1803 4077 1864 4130 ³³.
1909 4096 1926 4128 ›
1968 4076 2054 4130 Set

2187 4069 2549 4143 Ἰσραήλ.Καὶ
2577 4074 2686 4141 ὲγὼ
2725 4074 2982 4141 ἠγάπησα
3017 4074 3204 4138 αὑτὸν,
3251 4075 3342 4128 καὶ
3376 4072 3430 4137 ἐξ
3461 4067 3674 4136 Αἰγύπτου

507 4164 704 4234 Aquila
738 4203 754 4228 ,
813 4163 1097 4219 Hebraicze
1149 4165 1444 4220 elocutioni
1515 4167 1848 4234 inserviens,
1907 4189 1925 4220 ι
1997 4169 2056 4222 Ει

2178 4163 2511 4230 μετεκάλεσα
2527 4165 2594 4218 τά
2608 4165 2768 4220 τέκνα
2785 4165 2964 4219 αὐτοῦ.
2998 4185 3016 4217 ι
3036 4166 3336 4229 Δουλεύσας
3359 4165 3430 4235 τῷ
3443 4155 3673 4231 Ἐὃριῖκῷι

511 4255 741 4326 οίΕεγριο
784 4257 971 4312 vocavi
1029 4257 1199 4314 ﬁlium
1259 4275 1460 4322 meum,
1495 4279 1513 4312 ι
1550 4261 1934 4331 interpretatus
1967 4272 2060 4317 est.

2178 4273 2196 4304 ί
2222 4255 2308 4321 Ἐξ
2341 4255 2611 4323 Αἰγύπτου
2647 4257 2878 4311 ἐκάλεσα
2921 4258 3013 4312 τὸν
3062 4259 3176 4312 υἱόν
3222 4277 3340 4331 μου,
3373 4277 3389 4308 ι
3424 4246 3675 4320 ἐξέδωκενὸ

507 4345 624 4415 Ego
657 4355 837 4402 autem
891 4351 1200 4403 necessario
1249 4351 1316 4404 ad
1367 4352 1591 4406 verbum
1643 4354 1824 4406 notavi
1871 4355 2056 4409 locum.

2186 4345 2433 4409 Ἀκύλας.
2452 4348 2784 4416 Ἀναγκαίως
2834 4350 2889 4403 δὲ
2935 4351 2996 4404 τὸ
3040 4351 3203 4422 ῥητὸν
3231 4343 3674 4421 ὲπεσημειωσάμηνν

507 4436 766 4505 quoniam
797 4436 1083 4497 Mattharus
1107 4457 1324 4512 quoque
1365 4442 1548 4512 posuit
1581 4443 1940 4512 prophetiam,
1979 4443 2052 4499 ub

2171 4439 2400 4511 ἐπείπερ
2446 4441 2540 4493 καὶ
2583 4443 2611 4494 ὁ
2659 4441 2932 4506 Ματθαίος
2961 4441 3198 4497 τέθειται
3243 4444 3341 4515 τὴν
3386 4433 3673 4511 προφητείαν,

505 4531 562 4587 in
595 4527 886 4601 Egyptum
915 4535 1304 4604 commigrasse
1346 4534 1554 4600 Jesum,
1580 4545 1633 4591 et
1668 4537 1815 4590 illinc
1845 4536 2054 4592 rediiss¢

2126 4579 2146 4628 )
2174 4530 2405 4601 ὁπηνίκα
2438 4531 2516 4594 εἰς
2544 4531 2815 4599 Αἴγυπτον
2843 4531 3254 4602 διακομισθῆναι
3277 4533 3362 4585 τὸν
3396 4523 3589 4598 Ἰησοῦν,
3606 4518 3675 4571 κά·

506 4625 562 4676 in
589 4630 790 4677 terram
813 4622 980 4678 Israel
1004 4624 1295 4690 indicavit;
1343 4629 1388 4684 si
1420 4632 1541 4698 quis
1561 4637 1738 4683 autem
1770 4626 2055 4685 Salvatori:

2122 4612 2146 4630 ”
2177 4624 2353 4678 κεῖθεν
2398 4624 2710 4678 ἐπανελθεῖν
2759 4625 2850 4677 ἐπὶ
2897 4624 2992 4696 τὴν
3024 4625 3124 4695 γῆν
3157 4625 3250 4678 τοῦ
3290 4619 3489 4693 Ἰσραὴλ
3516 4612 3671 4683 ἐδήλου·

505 4714 680 4768 nostri
710 4714 766 4768 in
798 4712 1094 4786 [Egyptum
1137 4716 1525 4787 profectionem
1558 4725 1798 4782 accuset,
1831 4719 1970 4773 sciat
2014 4719 2054 4774 ic‘

2179 4720 2236 4770 Εἰ
2273 4717 2328 4770 δὲ
2365 4717 2727 4788 ἐπιμέμφοιτό
2757 4735 2838 4780 τις
2870 4721 2932 4788 τῇ
2971 4719 3048 4781 είς
3083 4719 3354 4787 Αἴγυπτον
3395 4708 3672 4780 ἀναχωρήσει

503 4816 679 4861 totum
710 4807 947 4861 maxima
994 4823 1117 4862 cum
1164 4811 1374 4866 ratione
1407 4812 1608 4865 factum
1642 4811 1830 4868 fuisse.
1885 4812 2052 4885 Neque

2173 4809 2266 4862 τοῦ
2291 4810 2540 4881 Σωτῆρος
2565 4810 2741 4881 ἡμῶν,
2763 4809 2892 4862 ἴστω
2915 4810 3054 4863 κατὰ
3077 4809 3233 4879 λόγον
3251 4809 3410 4879 αὐτὴν
3433 4799 3670 4875 γεγονέναι.

503 4895 648 4953 enim
702 4897 935 4954 Herodis
967 4901 1328 4958 voluntariam
1382 4905 1641 4958 malitiam
1677 4903 1931 4963 c0hibere
1974 4922 2052 4977 pat

2171 4901 2307 4955 Οὔτε
2340 4903 2448 4975 γὰρ
2481 4905 2722 4974 ἐπισχεῖν
2752 4902 2842 4955 τὸν
2881 4901 3126 4976 Ἡρώδην
3151 4904 3249 4974 τῆς
3287 4890 3672 4969 αὐτοπροαιρέτου

503 5002 644 5054 erat,
674 5007 852 5063 neque
878 5008 1071 5049 rursus
1099 4993 1462 5060 Salvatorem,
1505 5013 1732 5066 puerum
1765 4997 1946 5053 adhuc
1973 5001 2052 5054 mi.

2172 4993 2368 5054 κακίας
2397 4993 2671 5064 προσῆκον
2693 4988 2782 5064 ἦν,
2805 4990 2914 5044 οὒτ’
2938 4992 3002 5045 ἂν
3033 4992 3232 5065 βρέφος
3269 4992 3340 5044 ἔτ’
3362 4990 3478 5043 ὄντα
3501 4985 3575 5036 τὸν
3595 4979 3673 5030 Σω-

502 5083 692 5138 racula
722 5085 967 5141 exordiri
1024 5087 1137 5156 jam
1170 5097 1305 5154 tum,
1335 5097 1497 5158 atque
1527 5096 1652 5144 ante
1676 5098 1892 5160 tempus
1931 5091 2051 5146 divin

2168 5084 2236 5154 τῆ
2247 5102 2312 5155 ρα
2338 5084 2446 5137 τῶν
2475 5084 2765 5154 θαυμάτων
2789 5084 3156 5154 ἀπάρξασθαι,
3180 5085 3272 5137 καὶ
3295 5082 3395 5154 πρὸ
3424 5076 3587 5149 καιροῦ
3605 5066 3672 5135 τὴν

501 5191 626 5230 nam
659 5186 937 5234 ostentare
956 5181 1211 5237 virtutem
1248 5201 1261 5235 :
1291 5181 1436 5253 quod
1470 5196 1602 5238 sane
1624 5181 1827 5236 factum
1855 5182 2048 5239 fuisset

2171 5176 2320 5230 θείαν
2353 5175 2750 5230 ἐπιδείκνυσθαι
2783 5175 3040 5247 δύναμιν*
3093 5178 3227 5248 ὅπερ
3275 5175 3338 5228 ἂν
3380 5171 3610 5244 ἐπράχθη.
3635 5165 3669 5218 εξ

502 5269 547 5322 si
593 5269 830 5326 mirabili
868 5272 1102 5342 quadam
1142 5274 1352 5329 ratione
1382 5274 1727 5329 insidiantem
1762 5275 1864 5331 sibi
1891 5273 2051 5330 Hero-

2171 5267 2484 5339 παραδόξως
2503 5266 2916 5321 ἐπιϐουλεύοντα
2932 5267 3083 5338 αὐτῷ
3111 5269 3198 5322 τὸν
3221 5267 3450 5339 Ἡρώδην
3471 5256 3669 5334 μετῆλθες

501 5354 624 5409 dem
655 5359 976 5426 punivisset,
1001 5378 1177 5434 neque
1196 5365 1306 5418 ullo
1331 5363 1494 5418 modo
1514 5365 1658 5417 illam
1689 5366 1742 5418 in
1772 5365 2050 5436 Egyptuu

2175 5360 2430 5430 μηδαμῶς
2464 5359 2756 5432 ὑπομείνας
2786 5360 2886 5430 τὴν
2928 5361 3008 5422 είς
3054 5362 3319 5429 Αἴγυπτον
3358 5361 3464 5430 ἅμα
3489 5356 3581 5416 τοῖς
3602 5363 3669 5416 γο-

499 5459 609 5504 una
639 5463 766 5505 cum
821 5454 1146 5522 parentibus
1189 5455 1554 5512 secessionem
1593 5458 1925 5528 pertulisset.
1963 5457 2040 5513 Ve

2170 5453 2350 5506 νεῦσιν
2375 5455 2736 5526 ἀναχώρησιν.
2756 5451 2916 5505 Ἀλλά
2957 5452 3066 5526 γὰρ
3106 5450 3172 5525 ἦν
3203 5455 3295 5525 τῆς
3327 5451 3594 5525 κρείττονος
3615 5441 3667 5498 οξ·

573 5610 617 5650 ”
659 5604 791 5667 Gen.
830 5625 991 5683 xux,
1028 5611 1081 5667 9.
1156 5615 1201 5648 ³⁸
1241 5614 1374 5672 ibid.
1414 5615 1492 5671 50.
1575 5619 1612 5648 ³⁸
1657 5616 1786 5672 ibid.
1821 5616 1875 5673 8.
1951 5618 1998 5650 "
2038 5616 2122 5673 ibit

1575 5619 1612 5648 at
1657 5616 1786 5672 ibgd,
1821 5616 1875 5673 8,
1951 5618 1998 5650 ’³
2038 5615 2167 5673 ibid.
2205 5618 2256 5674 9.
2335 5619 2380 5652 ³³
2417 5618 2541 5674 Osc.
2575 5635 2644 5682 ι,
2679 5617 2898 5688 14,15;
2942 5635 3027 5684 x1.
3057 5619 3108 5676 1.
