3922 6200
226 250 332 306 ωδ

1091 247 1744 306 DEMONSTRATIONIS
1790 247 2246 304 EVANGEIJCE
2293 247 2419 305 ΜΒ.
2485 249 2574 307 IX.

3353 263 3458 319 666

224 367 480 438 κονομίας
504 368 596 420 ἐπὶ
631 367 820 439 καιροῦ
847 368 940 422 τοῦ
965 371 1328 443 προσήκοντος
1351 369 1459 422 τῶν
1481 369 1579 440 τῆς
1600 368 1788 438 θεότη-

1895 382 2014 420 rum
2045 368 2188 422 extim
2245 368 2639 436 praestantioris
2694 369 2980 438 cujusdam
3037 371 3459 444 dispensationis

222 475 312 522 τος
341 457 689 529 ἀπάρξασθαι
711 457 1021 530 θαυμάτων,
1123 477 1185 529 γε
1213 460 1300 514 διὰ
1331 459 1530 522 παντὸς
1553 457 1644 511 τοῦ
1673 457 1787 527 βίου

216 550 279 603 τὸ
331 552 504 622 πρᾶον
545 551 638 604 καὶ
678 551 994 616 ἀνεξίκακον
1043 551 1476 626 μεμαρτύρηται,
1521 550 1789 622 προχείρῳ

219 642 325 712 μὲν
352 644 430 706 είς
461 641 560 706 τὰς
601 643 846 708 εὐποιίας
880 646 973 698 καὶ
1011 645 1108 708 τὰς
1142 645 1324 708 κοινὰς
1353 643 1666 714 εὐεργεσίας
1694 659 1788 710 γε-

216 733 447 804 νομένῳ,
489 735 690 806 μηδένα
730 736 786 789 δὲ
829 735 937 790 τῶν
982 737 1056 809 μὴ
1104 738 1406 792 ἀκουόντων
1442 739 1784 810 ἀμυνομένῳ,

219 829 356 898 μηδέ
404 828 493 881 ὅτε
533 828 608 892 ὡς
656 829 926 901 πρόϐατον
971 832 1064 883 ἐπὶ
1109 830 1322 902 σφαγὴν
1361 817 1545 900 ήγέτο,
1577 831 1670 882 καὶ
1711 830 1786 894 ὡς

214 919 389 988 ἀμνὸς
414 921 650 973 ἐναντίον
689 921 782 974 τοῦ
815 922 1083 994 κείροντος
1104 923 1334 992 ἄφωνος,
1367 921 1492 984 Πῶς
1519 917 1611 975 οὖν
1639 922 1786 986 εἰκὸς

210 1007 282 1082 ἢν
308 1011 400 1064 τὸν
433 1013 670 1068 τοιοῦτον
692 1014 800 1068 δεῖν
832 1016 889 1068 ἐν
923 1015 1120 1085 παιδίῳ
1163 1015 1236 1086 μὴ
1281 1015 1402 1085 οὐχὶ
1431 1015 1782 1086 ὑποχωρῆσαι

209 1105 278 1173 τῇ
315 1103 408 1157 τοῦ
449 1103 685 1176 Ἡρώδου
716 1107 903 1178 κακία,
1007 1109 1100 1161 καὶ
1124 1109 1180 1159 ἐν
1209 1106 1364 1177 ἀνδρὶ
1391 1105 1451 1158 τὸ
1482 1107 1782 1177 ἀναχωρεῖν

211 1198 308 1249 καὶ
341 1198 464 1261 τοὺς
481 1199 761 1269 ,πονηροὺς
788 1198 1052 1252 ἐκκλίνειν
1091 1199 1525 1270 μεμαρτύρηται,
1557 1197 1783 1269 ἐπικρύ-

210 1288 440 1342 πτεσθαί
489 1307 546 1342 τε
589 1291 679 1342 καὶ
727 1290 1050 1360 ὑποφεύγειν
1081 1291 1171 1344 τὸν
1208 1292 1298 1344 ἐπὶ
1327 1295 1444 1356 ταῖς
1483 1290 1780 1363 παραδοξο-

209 1382 417 1444 ποιίαις
439 1379 684 1448 Επαινον;
730 1383 960 1455 παρῄνει
999 1384 1129 1452 γοῦν
1163 1388 1272 1447 τοῖς
1305 1386 1394 1438 ὑπ’
1427 1383 1588 1438 αὑτοῦ
1617 1383 1780 1455 θερα-

209 1471 530 1540 πενομένοις
559 1472 740 1543 μηδενὶ
768 1473 963 1542 λέγειν.
1001 1475 1062 1527 Εἰ
1087 1475 1130 1528 δ’
1153 1477 1243 1528 ἐπὶ
1262 1475 1352 1528 τὸν
1379 1475 1506 1529 λαὸν
1524 1477 1624 1548 τὴν
1651 1493 1782 1545 προ-

207 1561 438 1629 φητείαν
469 1562 724 1634 ἀναφέροι
757 1581 858 1629 τις,
891 1565 1112 1633 φάσκων
1145 1566 1272 1636 περὶ
1316 1564 1408 1618 τοῦ
1435 1567 1498 1618 ἐκ
1533 1566 1780 1637 σπέρμα-

204 1669 299 1714 τος
348 1651 442 1705 τοῦ
479 1653 690 1725 Ἰσραὴλ
739 1655 864 1710 λαοῦ
914 1655 1177 1728 εἰρῆσθαι,
1210 1657 1555 1728 ἐπιστησάτω
1582 1659 1646 1728 τῇ
1680 1656 1774 1710 τοῦ

1891 475 1954 512 ac
1975 459 2256 526 sapientia:
2291 459 2418 524 fuit,
2447 475 2547 515 suo
2583 469 2746 531 atque
2774 465 3185 522 accommodato
3213 477 3459 542 tempore

1889 552 2300 618 miraculorum,
2334 569 2456 624 qua:
2505 555 2572 609 ad
2629 555 2968 611 divinitatem
3027 561 3317 628 pertinent,
3360 566 3458 620 ini-

1888 641 2021 694 tium
2053 640 2231 696 facere
2251 658 2374 697 eum
2406 643 2495 698 cui
2549 644 2602 697 in
2637 652 2752 698 tota
2783 646 2891 700 vita
2922 653 3362 708 mansuetudinis
3402 664 3456 708 et

1886 732 2186 787 clementia:
2230 735 2600 790 testimonium
2661 736 2933 792 redditum
2990 747 3094 805 est,
3138 744 3341 814 quique
3390 749 3459 801 ad

1887 825 2327 893 promerendum,
2361 834 2523 896 atque
2577 827 2643 882 ad
2679 831 2992 885 communia
3022 833 3194 888 cilicia
3223 835 3456 906 fungen-

1885 915 1954 970 da
1985 932 2286 986 propensus
2314 917 2544 980 exstitit,
2569 933 2672 973 nec
2725 919 2961 990 aliquem
2995 939 3234 993 unquam
3266 942 3453 981 eorum

1885 1007 1977 1077 qui
2002 1023 2110 1062 non
2137 1009 2238 1078 ipsi
2273 1011 2741 1074 auscultaverunt,
2770 1013 2919 1068 ultus
2941 1023 3046 1078 est,
3079 1032 3148 1072 ne
3177 1025 3309 1074 tunc
3335 1021 3458 1090 qui-

1883 1097 2004 1152 dem
2031 1113 2155 1152 cum
2189 1106 2245 1153 ut
2279 1101 2396 1158 ovis
2444 1102 2510 1156 ad
2551 1105 2883 1160 occisionem
2939 1105 3260 1176 ducebatur,
3293 1120 3456 1180 atque

1882 1196 1942 1241 ut
1967 1204 2141 1259 agnus
2172 1205 2354 1246 coram
2399 1195 2660 1250 tondente
2693 1211 2751 1250 se
2779 1237 2792 1259 ,
2826 1198 3260 1257 obmutescebat.
3291 1202 3453 1275 427

1881 1277 1982 1345 Qui
2006 1288 2206 1344 autem,
2227 1299 2435 1352 quzeso,
2455 1286 2824 1354 convenisset,
2848 1305 2994 1353 eum,
3025 1291 3115 1360 qui
3157 1293 3280 1346 talis
3310 1305 3448 1356 erat,

1881 1385 2106 1439 puerum
2139 1372 2318 1426 adhuc
2353 1373 2584 1430 Herodis
2613 1377 2830 1434 malitize
2867 1394 2975 1434 non
3010 1381 3331 1449 concedere,
3363 1390 3454 1441 cui

1878 1462 2040 1514 etiam
2071 1462 2139 1516 ad
2171 1464 2382 1518 virilem
2443 1470 2656 1522 :ela‘tem
2719 1469 2986 1538 profecto,
3036 1473 3373 1528 concedendi
3402 1487 3455 1530 et

1879 1552 2142 1626 malignos
2195 1555 2530 1620 declinandi,
2564 1560 2942 1616 testimonium
2999 1563 3274 1620 redditum
3328 1567 3458 1621 est?

1877 1643 2080 1714 quique
2127 1653 2180 1699 et
2241 1662 2300 1702 se
2361 1649 2664 1714 occultare,
2699 1659 2753 1706 et
2785 1652 2837 1706 in
2893 1654 3177 1712 miraculis
3228 1658 3454 1717 edendis

205 1743 367 1811 λόγου
401 1744 706 1818 ἀκολουθίᾳ,
737 1747 908 1800 ταῦτα
953 1748 1167 1801 ἔσεσθαι
1207 1749 1424 1822 φησάσῃ
1457 1749 1592 1820 μετὰ
1620 1750 1681 1802 τὸ
1707 1749 1782 1802 εί-

1885 1735 2099 1790 laudcm
2123 1736 2362 1808 etl’ugere
2389 1744 2778 1798 consueverit?
2799 1760 2922 1799 nam
2956 1763 3094 1824 quos
3118 1749 3234 1819 ipse
3266 1767 3456 1808 curas--

209 1839 328 1887 πεῖν
356 1836 431 1900 ὡς
461 1838 594 1910 πρὸς
630 1839 796 1908 αὐτὴν
836 1840 935 1911 τὴν
972 1840 1355 1912 Ἰερουσαλήμ·
1399 1861 1418 1892 ι
1448 1843 1556 1895 Καὶ
1588 1841 1778 1906 ἐξανα-

207 1931 463 1998 στήσεται
489 1928 728 1983 ἀπώλεια
754 1932 811 1982 ἐν
841 1931 918 2001 τῷ
947 1931 1058 2002 λαῷ
1091 1949 1203 1995 σου,
1235 1935 1330 1986 καὶ
1359 1933 1534 1986 πάντα
1568 1950 1780 2006 περιτε-

201 2019 522 2089 τειχισμένα
549 2037 640 2072 σου
654 2022 950 2092 οἰχήσεται.
983 2041 1000 2072 ι
1030 2023 1138 2076 Καὶ
1168 2023 1330 2096 ειπερ,
1355 2023 1538 2094 φησὶν,
1560 2025 1588 2077 ὁ
1615 2023 1780 2077 τοιόσ-

200 2109 254 2162 δε
280 2111 468 2181 ἅρχων
498 2112 726 2165 πέπονθε
761 2113 902 2167 κατὰ
952 2114 1042 2166 τὸν
1095 2113 1389 2169 ἐπελθόντα
1427 2114 1573 2185 αὐτῷ
1618 2115 1778 2168 πόλε·

204 2218 324 2270 μον,
357 2204 416 2255 ἐν
459 2196 504 2270 ᾧ
537 2204 742 2276 μητέρα
784 2205 876 2257 ἐπὶ
923 2204 1134 2269 τέκνοις
1168 2206 1456 2276 ἡδάφισαν,
1487 2205 1554 2258 τὰ
1600 2222 1778 2276 παρα-

199 2297 408 2364 πλήσια
428 2299 520 2349 καὶ
539 2297 663 2367 ύμῖν
691 2299 873 2362 αὐτοῖς
899 2304 1106 2370 ποιήσω
1135 2299 1221 2352 διὰ
1253 2300 1349 2362 τὰς
1371 2298 1565 2362 κακίας
1597 2299 1771 2369 ὑμῶν.

211 2386 371 2456 Ὑμῖν
415 2386 472 2440 δὲ
520 2387 628 2440 τίσι
673 2385 705 2458 ἢ
751 2391 863 2452 τοῖς
913 2388 1269 2460 καλουμένοις
1313 2389 1774 2462 Ἰσραηλίταις,ιοῖ

196 2479 290 2530 καὶ
330 2480 670 2550 ὰπεῤῥίφητε
703 2479 800 2533 σὺν
945 2480 1152 2550 βασιλεῖ
1182 2480 1367 2551 ύμῶν;
1400 2481 1488 2533 τὸν
1531 2479 1774 2553 Ἡρώδην

196 2567 565 2639 αἰνιττόμενος
584 2585 596 2597 ·
624 2569 716 2621 καὶ
757 2568 926 2622 ταῦτά
955 2586 1016 2638 γε
1063 2569 1239 2623 πάντα
1261 2569 1583 2636 πεπόνθατε,
1607 2571 1772 2624 «διότι

194 2663 347 2722 παῖς,
379 2678 397 2710 ι
441 2659 625 2730 φησὶν,
666 2679 682 2711 ι
710 2660 942 2731 Ἰσραὴλ,
982 2661 1077 2714 καὶ
1125 2661 1234 2729 ἐγὼ
1274 2662 1540 2734 ἠγάπησα
1587 2663 1770 2727 αὐτὸν,

193 2756 288 2808 καὶ
339 2754 398 2820 ἐξ
429 2755 704 2823 Αἰγύπτου
754 2755 985 2809 ἐκάλεσα
1032 2755 1120 2808 τὸν
1151 2755 1277 2808 Υίόν
1310 2773 1430 2826 μου.
1463 2775 1481 2806 ι
1513 2757 1636 2820 Πῶς
1663 2758 1772 2830 γὰρ

190 2843 306 2900 οἷόν
335 2864 394 2900 τε
429 2847 570 2900 κατά
599 2846 657 2900 τὸ
681 2847 811 2900 αὐτὸ
851 2851 960 2911 τοῖς
1004 2848 1184 2911 αὐτοῖς
1218 2849 1643 2921 ἐπιμέμφεσθαι,
1678 2851 1772 2905 καὶ

192 2940 358 2994 πάλιν
396 2941 522 3004 τοὺς
565 2941 758 3002 αὐτοὺς
805 2941 1045 2992 ἐπαινεῖν
1065 2956 1078 3005 ;
1097 2939 1235 2993 Ἀλλ’
1263 2935 1330 3011 ἧν
1360 2942 1388 2993 ό
1415 2939 1617 3012 ἀληθὴς
1648 2940 1772 3004 νοῦς

187 3033 402 3104 ταύτην
429 3031 566 3102 ἔχων
591 3032 843 3104 θεωρίαν.
863 3033 1080 3104 Ἰσραὴλ
1099 3033 1206 3104 γὰρ
1228 3034 1256 3085 ὁ
1277 3034 1510 3103 Χριστὸς
1530 3034 1623 3088 καὶ
1646 3034 1768 3088 καθ’

185 3127 389 3198 ἐτέρας
435 3125 791 3198 ἀνηγόρευται
841 3124 1194 3198 προφητείας,
1230 3123 1510 3197 ὡσπεροῦν
1548 3125 1642 3179 καὶ
1675 3125 1769 3180 ἐπὶ

182 3215 289 3284 τῆς
323 3214 623 3286 παρούσης.
643 3215 859 3286 Ἐπειδὴ
907 3217 1082 3269 τοίνυν
1111 3210 1284 3281 οὗτος,
1315 3217 1497 3288 φησὶν,
1533 3217 1772 3288 ὑπήκοός

187 3325 282 3376 μοι
301 3307 610 3377 γενόμενος,
634 3309 846 3380 μορφὴν
868 3308 1054 3362 δούλου
1085 3308 1296 3378 εἴληφε,
1319 3311 1414 3364 καὶ
1433 3309 1625 3380 γέγονε
1643 3326 1772 3364 παι-

179 3400 296 3452 δίον
324 3400 605 3469 ἀγαπητὸν
643 3401 785 3471 ἐμοὶ,
822 3403 1002 3456 πᾶσαν
1031 3401 1129 3473 τὴν
1159 3403 1296 3474 ἐμὴν
1325 3402 1610 3468 ἐκτελέσας
1643 3402 1768 3474 βου-

179 3491 305 3562 λὴν,
337 3492 424 3546 διὰ
470 3493 627 3548 τοῦτο
671 3495 832 3552 αὐτὸν
867 3495 966 3566 μὲν
1009 3495 1116 3549 ἀπὸ
1143 3495 1240 3566 τῆς
1268 3495 1566 3564 Αἰγύπτου,
1597 3496 1674 3560 εἰς
1701 3497 1769 3568 ἣν

177 3584 612 3657 ἐνανθρωπήσας
633 3587 1014 3659 κατελήλυθεν,
1034 3589 1175 3642 οὕτω
1200 3587 1525 3659 δηλουμένου
1555 3587 1648 3643 τοῦ
1671 3605 1768 3643 πε-

181 3676 393 3746 ριγείου
413 3676 602 3742 τόπου,
625 3677 657 3750 ἢ
689 3680 784 3734 καὶ
806 3679 863 3746 ἐξ
884 3680 1053 3750 αὐτῆς
1075 3681 1174 3750 τῆς
1205 3681 1494 3752 προχείρου
1525 3675 1613 3735 οἷα
1642 3683 1768 3753 γνή-

179 3783 300 3818 σιον
330 3768 426 3820 καὶ
457 3769 738 3842 ἀγαπητὸν
762 3771 888 3825 Υἱὸν
911 3773 1325 3844 ἀνεκαλεσάμην
1344 3789 1356 3803 ·
1380 3773 1522 3845 ὑμᾶς
1541 3773 1616 3837 δὲ,
1638 3773 1764 3838 τοὺς

181 3858 320 3922 πρὸς
349 3859 445 3923 οὓς
475 3863 504 3913 ό
535 3861 708 3931 λόγος,
747 3865 843 3916 σὺν
888 3864 1074 3936 καὶτῇ
1108 3865 1350 3937 ὑμετέρᾳ
1378 3865 1625 3937 βασιλείᾳ
1648 3866 1763 3919 ὄλε-

178 3950 311 4021 θρος
363 3954 458 4006 καὶ
497 3953 742 4008 ἀπώλεια
787 3956 1184 4028 παραλήψεται.
1213 3957 1395 4010 Ταῦτα
1440 3957 1538 4027 μὲν
1565 3959 1598 4028 ἡ
1628 3973 1762 4028 προ-

178 4044 378 4112 φητεία
402 4062 415 4074 ·
461 4046 720 4118 @966qu
765 4047 821 4102 δὲ
863 4049 1010 4113 ὅπως
1063 4049 1170 4103 ἀπὸ
1218 4048 1324 4103 τῶν
1364 4049 1460 4102 ,τοῦ
1514 4049 1763 4120 Σωτῆρος

174 4138 566 4210 ήμῶνχρόνων
599 4141 1047 4214 πολιορκηθείσης
1076 4143 1176 4211 τῆς
1220 4141 1594 4213 Ἰερουσαλὴμ,
1616 4141 1756 4196 καθ-

178 4232 353 4303 ῃρὲθη
389 4234 484 4285 καὶ
529 4235 607 4295 εἰς
651 4233 712 4286 τὸ
758 4235 1015 4298 παντελὲς
1047 4233 1324 4307 ἀπερρίφη
1443 4235 1605 4306 μέχρι
1639 4235 1760 4288 τότε

179 4327 430 4378 συστᾶσα
452 4325 544 4378 τοῦ
577 4326 844 4380 Ἰουδαίων
872 4327 1055 4390 ἔθνους
1083 4327 1373 4397 αὐτονομία
1393 4344 1452 4379 τε
1475 4329 1568 4380 καὶ
1595 4328 1754 4398 ἀρχή.

175 4417 327 4487 Πλὴν
350 4417 488 4470 ἀλλά
510 4417 688 4488 τρίτον
721 4418 817 4489 ἤδη
847 4418 916 4470 τὰ
946 4419 1074 4489 περὶ
1102 4419 1201 4488 τῆς
1229 4409 1504 4488 Αἰγύπτου
1540 4420 1634 4472 καὶ
1660 4419 1758 4489 τῆς
1791 4453 1834 4508 ι)

176 4508 367 4560 αὐτόθι
403 4509 637 4580 ἀφίξεως
664 4509 826 4562 αὐτοῦ
858 4511 1313 4582 προπεφήτευται.
1348 4513 1410 4563 Ei
1432 4510 1488 4562 δέ
1513 4528 1596 4573 τις
1621 4509 1760 4563 αὐτὰ

1881 1835 1984 1892 set,
2021 1828 2088 1884 iis
2119 1830 2421 1900 imperabat
2459 1843 2518 1887 ut
2544 1836 2744 1890 nemini
2771 1836 3035 1894 dicerent.
3064 1841 3220 1908 Quod
3253 1845 3298 1899 si
3331 1847 3453 1914 quis

1881 1919 2217 1989 prophetiam
2255 1921 2396 1978 hanc
2425 1925 2492 1979 ad
2519 1929 2776 1996 populum
2809 1928 3031 1991 referat.
3052 1931 3307 2004 dicatque
3340 1936 3454 1992 haec

1879 2010 1945 2066 de
1975 2013 2177 2081 populo
2205 2029 2269 2067 ex
2305 2016 2516 2074 semine
2563 2016 2732 2074 Israel
2781 2022 3018 2078 oriundo
3045 2024 3191 2079 dicta
3229 2044 3371 2095 esse,
3408 2030 3454 2086 is

1878 2103 2120 2157 attendat
2151 2105 2444 2160 verborum
2490 2109 2737 2165 ordinem
2791 2110 2846 2164 in
2877 2115 3079 2183 quibus
3120 2116 3235 2172 haec
3269 2118 3453 2177 futura

1877 2191 2155 2259 dicuntur,
2177 2206 2466 2268 postquam
2500 2201 2704 2256 dictum
2751 2213 2835 2258 est
2863 2207 3020 2276 quasi
3052 2207 3117 2261 ad
3156 2209 3332 2278 ipsum
3362 2211 3454 2268 Je-

1881 2287 2142 2352 rusalem,
2181 2307 2198 2338 ι
2237 2299 2289 2344 et
2318 2301 2579 2364 exsunget
2626 2296 2862 2364 perditio
2907 2299 2964 2353 in
2999 2302 3200 2371 populo
3246 2310 3452 2382 madet

1875 2377 2058 2430 omnia
2113 2380 2322 2434 munita
2381 2391 2473 2437 tua
2535 2385 2834 2455 peribunt;
2897 2410 2914 2441 ι
2953 2398 3008 2445 et
3058 2407 3180 2460 quae
3230 2377 3450 2462 quidetn

1874 2468 2129 2539 princeps
2162 2487 2358 2542 passus
2398 2484 2481 2530 est
2521 2477 2574 2530 in
2613 2477 2776 2543 bello,
2811 2481 2865 2535 in
2901 2496 3006 2552 quo
3030 2492 3255 2538 matrem
3289 2502 3452 2557 super

1875 2560 2022 2624 ﬁliis,
2059 2569 2220 2619 terra:
2269 2567 2576 2634 alliserunt,
2615 2571 2804 2627 eadem
2842 2574 2994 2630 vobis
3041 2591 3260 2647 quoque
3315 2579 3451 2649 ipsis

1873 2650 2068 2706 iaciam
2105 2665 2326 2727 propter
2363 2661 2602 2716 malitias
2649 2674 2886 2720 vestras.
2923 2664 3093 2722 Vobis
3137 2683 3302 2738 porro
3327 2669 3452 2740 qui-

1870 2741 1974 2798 bus
2030 2746 2250 2802 tandem
2296 2749 2441 2814 aliis,
2505 2745 2614 2808 nisi
2669 2758 2764 2824 qui
2823 2759 3096 2812 vocamini
3155 2761 3452 2816 Israelita}?

1872 2837 2076 2907 quique
2098 2841 2261 2895 etiam
2291 2843 2484 2913 rejecti
2508 2846 2646 2902 estis
2667 2862 2790 2902 cum
2825 2864 2950 2919 rege
2981 2853 3198 2906 vestro?
3225 2853 3314 2908 ubi
3345 2853 3450 2908 ile-

1871 2927 2055 2982 rodem
2107 2930 2403 2990 obscurius
2459 2935 2715 2992 indicat:
2771 2946 2826 2993 et
2878 2939 2994 2995 haec
3058 2943 3243 2997 omnia
3300 2945 3448 3014 passi

1871 3023 2026 3085 estis,
2060 3040 2080 3074 ι
2123 3027 2380 3094 quoniam
2403 3044 2559 3098 puer,
2589 3029 2787 3100 inquit,
2812 3041 2897 3087 est
2927 3033 3094 3088 Israel
3119 3075 3133 3098 ,
3156 3044 3209 3090 et
3237 3051 3335 3106 ego
3364 3037 3448 3092 di-

1871 3109 1976 3164 lexi
2007 3128 2130 3166 eum
2174 3125 2272 3169 :et
2309 3117 2376 3171 de
2419 3116 2658 3189 Egypto
2707 3121 2897 3176 vocavi
2956 3123 3125 3177 tilium
3181 3140 3382 3182 meum.
3421 3146 3441 3180 ι

1873 3201 1975 3268 Qui
2005 3205 2148 3258 enim
2182 3207 2296 3262 ﬁeri
2341 3218 2540 3279 potest,
2566 3222 2624 3266 ut
2652 3215 2842 3268 eodem
2889 3215 2956 3294 in‘
2985 3217 3106 3271 loco
3141 3218 3362 3273 eosdem
3393 3228 3446 3276 et

1873 3306 2094 3351 accuset
2113 3305 2167 3352 et
2199 3299 2414 3354 laudet?
2441 3301 2535 3357 sed
2569 3318 2731 3359 verus
2760 3319 2957 3362 sensus
2989 3316 3073 3363 est
3105 3309 3172 3375 is,
3195 3311 3284 3381 qui
3303 3311 3447 3366 hanc

1872 3385 2033 3444 habet
2061 3393 2600 3463 contemplationem.
2634 3393 2800 3452 Israel
2834 3399 2976 3453 enim
3001 3399 3054 3454 in
3084 3401 3189 3454 alia
3218 3403 3448 3474 prophe-

1871 3480 1944 3534 tia
1977 3481 2160 3540 dictus
2191 3493 2276 3540 est
2301 3484 2578 3552 Christus,
2623 3489 3081 3558 quemadmodum
3109 3493 3161 3547 in
3184 3493 3285 3548 hac
3305 3511 3444 3568 quo-

1868 3588 1974 3642 que
2005 3591 2166 3644 quam
2225 3593 2371 3632 nunc
2429 3585 2750 3636 tractamus.
2800 3582 3071 3647 Quoniam
3119 3585 3285 3654 igitur
3329 3588 3442 3654 hic,

1869 3662 2068 3733 inquit,
2101 3664 2362 3720 obcdiens
2391 3667 2522 3722 mihi
2551 3667 2752 3732 factus.
2777 3670 3006 3727 formam
3027 3677 3171 3739 servi
3210 3679 3441 3749 accepit,

1865 3765 1919 3814 et
1953 3755 2128 3812 factus
2156 3765 2240 3812 est
2270 3773 2407 3829 puer
2453 3760 2588 3815 mihi
2635 3762 2884 3829 dilectus,
2917 3765 3045 3819 dum
3083 3769 3266 3821 omnia
3297 3787 3443 3839 qua:-

1866 3865 2085 3921 cunque
2123 3850 2244 3906 volo
2287 3849 2471 3916 etlicit,
2506 3851 2714 3909 idcirco
2767 3855 2920 3910 illum
2974 3871 3042 3912 ex
3086 3857 3342 3930 Egypto,
3375 3862 3444 3917 ad

1864 3959 2026 4013 quam
2061 3943 2299 4000 hominis
2330 3944 2508 4000 forma
2547 3955 2832 4019 assumpta
2886 3949 3189 4016 descendit,
3221 3951 3348 4006 dum
3379 3970 3444 4010 ea

1864 4052 1998 4091 voce
2029 4045 2281 4094 terrenus
2312 4041 2471 4098 locus
2504 4039 2865 4112 signiﬁcatur,
2901 4051 2996 4097 aut
3033 4045 3200 4099 etiam
3240 4061 3298 4101 ex
3351 4047 3442 4101 illa

1864 4130 2164 4200 vulgatiore
2194 4140 2456 4202 tanquam
2481 4137 2782 4206 legitimum
2833 4134 3206 4207 dilectumque
3239 4137 3438 4192 Filium

1862 4223 2082 4277 evocavi
2111 4241 2125 4278 :
2152 4239 2248 4280 vos
2287 4233 2468 4280 autem
2501 4226 2650 4296 ipsos
2681 4227 2749 4283 ad
2795 4241 2935 4298 quos
2973 4243 3156 4284 sermo
3201 4230 3447 4286 directus

1861 4322 1964 4378 est,
2003 4331 2110 4370 una
2168 4331 2292 4372 cum
2347 4334 2516 4390 regno
2575 4330 2760 4376 vestro
2816 4323 3070 4380 interitus
3117 4335 3172 4381 et
3213 4326 3444 4394 perditio

1863 4409 2306 4480 comprehendet.
2353 4411 2480 4468 Haec
2515 4415 2732 4484 quidem
2771 4416 2888 4485 ipsa
2941 4418 3224 4489 prophetia
3254 4440 3266 4475 :
3297 4435 3435 4476 con-

1863 4510 1972 4554 stat
2017 4510 2195 4558 antem
2232 4505 2690 4573 quemadmodum
2741 4517 2865 4578 post
2925 4507 3227 4567 Salvatoris
3257 4514 3436 4570 nostri

179 4600 448 4671 μηδαμῶς
479 4599 809 4672 ἐφαρμόζειν
842 4603 931 4654 ἐπὶ
966 4601 1054 4654 τὸν
1089 4601 1356 4673 ἡμέτερον
1387 4601 1534 4669 λέγοι
1577 4599 1762 4670 Σωτῆ-

1873 4608 2127 4662 .cmpora,
2157 4609 2279 4647 cum
2318 4595 2545 4651 obsessa
2601 4596 2795 4652 fuisset
2853 4613 2916 4652 ac
2957 4608 3169 4654 vastata
3213 4599 3436 4654 Jerusa~

178 4709 269 4762 ρα,
303 4691 441 4744 ἀλλὰ
485 4693 553 4744 τά
597 4709 658 4760 γε
709 4691 804 4761 τῆς
837 4691 928 4744 τοῦ
958 4691 1234 4746 Ματθαίου
1269 4692 1623 4764 παραθέσεως
1653 4692 1762 4747 ἀπὸ

1879 4702 1983 4750 em,
2008 4687 2256 4742 sublatus
2279 4694 2384 4752 est,
2419 4696 2471 4743 et
2496 4689 2563 4743 ad
2592 4698 2890 4744 extremam
2943 4691 3242 4760 perniciem
3295 4693 3435 4761 reje-

177 4784 277 4854 τῆς
329 4783 482 4854 παρά
526 4785 746 4836 Μωῦσεῖ
790 4784 1092 4855 μαρτυρίας
1137 4783 1284 4853 αὖτῷ
1314 4783 1756 4855 παρειλημμένα»

1873 4787 2001 4843 :tus,
2044 4782 2136 4852 qui
2171 4797 2344 4851 usque
2375 4783 2439 4836 ad
2473 4782 2606 4836 illud
2654 4791 2870 4852 tempus
2918 4792 3144 4838 steterat
3193 4781 3433 4838 Judaicae

179 4877 245 4944 ἦν
273 4874 370 4927 καὶ
401 4874 596 4944 ἀρτίως
626 4874 1033 4946 διεληλύθαμεν,
1063 4875 1143 4938 τὸ,
1189 4894 1206 4925 ι
1229 4876 1285 4927 Ὀ
1310 4875 1440 4939 Θεὸς
1477 4876 1758 4947 ὡδήγησεν

1873 4873 2033 4941 gentis
2074 4874 2250 4944 legum
2311 4889 2446 4929 usus
2498 4873 2787 4944 omnisque
2819 4875 3177 4946 principatus.
3205 4875 3433 4930 Verum-

179 4968 346 5020 αὑτὸν
378 4967 434 5032 ἐξ
468 4967 762 5036 Αἰγύπτου,
785 4987 802 5017 ι
837 4968 1183 5038 διηγούμενοι
1205 4984 1218 4998 '
1249 4969 1368 5020 ἐπεὶ
1399 4968 1520 5039 μηδ’
1549 4969 1756 5032 αύτὺςό

177 5057 566 5128 εὐαγγελιστὴς
587 5059 694 5112 ἀπὸ
721 5059 818 5130 τῆς
843 5059 933 5112 τοῦ
963 5058 1119 5129 Ὠσηὲ
1147 5060 1481 5130 προφητείας
1501 5059 1753 5130 εἰλῆφθαι

175 5150 329 5220 αὖτῴ
365 5149 424 5202 τὸ
451 5149 628 5219 λόγιον
661 5151 881 5222 ἔπρησεν,
913 5151 987 5213 ὡς
1017 5151 1298 5217 δύνασθαι,
1324 5154 1419 5207 καὶ
1452 5152 1613 5206 πόθεν
1643 5154 1757 5208 ἑπι-

175 5241 535 5312 ζητήσαντας,
561 5245 738 5315 εὑρεῖν
788 5243 918 5297 αὐτὸ
961 5245 1244 5316 κείμενον·
1297 5245 1418 5299 ὅθεν
1471 5246 1615 5310 εἰκὸς
1661 5246 1752 5300 τὸν

171 5333 563 5408 εύαγγελιστὴν
592 5338 917 5408 πεποιῆσθαι
945 5337 1109 5392 αὑτοῦ
1143 5337 1240 5408 τὴν
1278 5336 1512 5390 ἔκθεσιν.

1861 4975 2042 5022 tamen
2100 4967 2211 5037 jam
2261 4967 2445 5030 tertio,
2495 4983 2615 5037 qua:
2653 4967 2721 5022 ad
2774 4967 3070 5038 Egyptum
3133 4968 3428 5038 pertinent,

1859 5075 2089 5129 qumque
2122 5059 2188 5113 ad
2221 5059 2327 5114 iter
2353 5059 2498 5129 quod
2535 5059 2591 5115 in
2629 5061 2774 5114 illam
2809 5068 2894 5115 est
2927 5058 3432 5124 factum,divinitus

1858 5151 2116 5222 prmdicta
2156 5160 2284 5207 sunt
2315 5169 2328 5208 :
2361 5153 2506 5223 quod
2542 5153 2587 5208 si
2618 5154 2740 5224 quis
2788 5154 2938 5207 nullo
2986 5154 3146 5209 modo
3196 5154 3434 5210 fateatur

1855 5261 1918 5298 ea
1963 5255 2153 5301 nostro
2199 5244 2474 5300 Salvatori
2506 5247 2819 5311 convenire,
2848 5253 2904 5300 at
2954 5247 3144 5301 saltem
3186 5263 3311 5300 cum
3364 5261 3429 5306 ea

1857 5336 2141 5392 Mattheus
2171 5340 2507 5407 apposuerit,
2546 5339 2613 5394 de
2642 5339 2956 5394 testimonio
2993 5338 3138 5408 quod
3171 5347 3253 5393 est
3284 5338 3428 5410 apud

176 5426 382 5481 Mosem
416 5429 484 5482 ah
527 5430 620 5483 illo
653 5437 897 5500 accepta,
932 5445 997 5484 ne
1019 5437 1198 5499 neget,
1243 5430 1390 5500 quod
1441 5429 1603 5499 paulo
1662 5440 1786 5486 ante
1825 5431 2203 5494 tractavimus,
2244 5429 2373 5484 dum
2393 5431 2525 5484 illud
2545 5431 2712 5502 428
2745 5449 2758 5485 :
2800 5431 2972 5487 «Deus
3000 5431 3154 5486 duxit
3183 5433 3335 5487 illum
3358 5448 3424 5490 ex

175 5518 436 5589 :Egypto,
484 5540 501 5571 ι
533 5536 875 5582 enarremus,
906 5519 1128 5589 quando
1165 5534 1232 5572 ne
1277 5520 1395 5589 ipse
1431 5517 1651 5590 quidem
1671 5518 2028 5588 evangelista,
2059 5534 2117 5574 se
2141 5519 2212 5574 ab
2241 5520 2416 5589 ipsius
2463 5517 2617 5574 Oseaa
2647 5519 2930 5590 prophetia
2973 5522 3256 5576 oraculum
3329 5538 3422 5578 ac-

175 5610 390 5680 cepisse
421 5611 699 5672 indicavit,
745 5620 802 5665 ut
850 5611 1212 5681 undecunque
1241 5619 1548 5680 qumrentes
1597 5612 1809 5684 possint
1849 5612 1925 5667 illi
1957 5611 2270 5684 ubicunque
2309 5612 2546 5683 positum
2577 5614 2670 5681 sit,
2721 5614 2966 5673 invenire
3005 5632 3020 5671 :
3056 5614 3129 5670 ibi
3172 5614 3424 5676 videlicet

176 5702 320 5758 unde
344 5718 442 5774 par
468 5711 550 5758 cst
571 5703 957 5774 evangelistam
985 5701 1116 5758 illud
1149 5701 1463 5774 protulisse.
