3868 6192
1149 262 1420 323 mssa“
1461 263 1946 323 CASSARIE‘SSIS
1986 265 2135 323 oar.
2196 260 2398 319 rans.
2444 260 2591 319 u.—
2629 254 3125 316 APOLOGETICA.
3512 242 3517 247 ’
3649 255 3731 310 ιιι

2149 390 2195 445 Δ
2235 382 2368 439 Ἀπὸ
2395 382 2504 437 τοῦ
2543 382 2806 451 Ἡσαΐου.
2834 410 2903 422 -
2930 380 3072 451 Περὶ
3096 375 3205 435 τοῦ
3234 375 3401 439 κατὰ⁸
3420 372 3522 441 τὴν
3552 371 3734 442 ἔρημον

2669 450 2938 507 Ἰωάννου
2966 451 3357 521 κηρύγματος.

540 267 643 329 πῖ

611 385 692 440 Ab
728 383 898 440 Irata.
930 413 997 424 --
1035 381 1113 438 De
1162 381 1390 507 laritanis
1426 384 1482 438 in
1533 384 1740 442 deserto
1789 386 2054 457 pradica—

1273 470 1410 507 tene.

1273 470 1410 509 ιοπσ.

2295 585 2316 619 t
2340 566 2494 638 Φωνὴ
2529 564 2759 637 βοιῖιντος
2810 566 2867 618 ἐν
2915 566 2983 635 τῇ
3034 564 3252 635 ἐρήμῳ·
3299 559 3626 630 Ἑτοιμάσατε
3656 557 3732 627 τὴν

2216 657 2335 713 ὁδὸν
2366 657 2574 728 Κυρίου
2592 672 2606 687 ο
2637 654 2851 719 εὐθείας
2868 656 3072 708 ποιεῖτε
3095 653 3194 717 τὰς
3216 651 3437 723 τρίϐους
3460 648 3623 705 αὐτοῦ.
3648 648 3732 701 na.

2219 764 2288 802 σα
2321 746 2537 819 φάραγξ
2570 744 3005 818 πληρωθήσεται,
3038 745 3133 798 καὶ
3178 745 3286 797 πᾶν
3313 742 3438 814 ὅρος
3468 741 3551 795 καὶ
3586 740 3731 811 βουνὸς

2214 823 2716 911 ταπεινωθήιῆται·
2754 840 2850 894 καὶ
2891 838 3044 892 ἔσται
3088 837 3156 891 τὰ
3202 835 3391 890 σκολιὰ
3424 837 3500 899 εἰς
3539 833 3733 900 εύθείαν,

2215 933 2310 987 καὶ
2333 933 2389 986 ai
2421 934 2668 1004 τραχεῖαι
2695 933 2777 995 είς
2806 930 2959 994 ὁδοὺς
2984 928 3133 992 λείας
3150 946 3163 959 ·
3191 928 3286 982 καὶ
3313 927 3593 998 ὀφθήσεται
3616 927 3733 999 ήδόο

614 591 635 626 ι
669 570 785 626 Vox
808 567 1093 624 clamantis
1109 568 1163 622 in
1190 567 1439 624 deserto:
1462 567 1661 626 Parate
1685 569 1829 625 viam
1854 568 2109 627 Domini:

539 669 716 716 rectas
750 657 912 713 facite
939 656 1166 712 semitas
1196 656 1337 727 ejus.
1364 657 1559 714 Omnis
1590 659 1748 715 vallis
1781 660 2111 730 implebitur,

536 762 591 808 et
614 751 796 806 omnis
820 764 981 805 mons
997 756 1053 805 et
1069 749 1229 805 collis
1247 750 1631 805 bumiliabitur
1663 769 1678 806 :
1711 760 1766 807 et
1795 761 1953 807 erunt
1988 768 2114 824 pra-

534 859 602 900 va
627 845 679 897 in
698 850 929 906 rectam,
954 847 1009 896 et
1036 855 1244 912 asperae
1268 842 1325 896 in
1353 842 1472 898 vias
1498 842 1689 913 planas
1724 862 1738 898 :
1767 852 1822 898 ct
1841 843 2113 900 videbitur

535 936 709 1007 gloria
745 934 983 990 Domini.
1019 934 1083 989 Et
1111 934 1317 990 videbit
1350 935 1531 989 omnis
1559 949 1690 989 caro
1719 935 1963 992 salutare
1992 935 2107 1001 Dei,

458 1028 463 1039 '
534 1027 794 1099 quoniam
836 1026 1103 1082 Dominus
1128 1027 1345 1081 locutus
1373 1025 1535 1080 est”.
1571 1045 1589 1078 ι
1619 1024 1733 1080 Hoc
1764 1041 1981 1097 quoque
2016 1042 2112 1081 va-

532 1120 783 1176 ticinium
818 1120 1108 1190 oportebat
1168 1117 1272 1173 sub
1324 1115 1629 1172 Salvatoris
1670 1118 1848 1173 nostri
1895 1125 2108 1188 tempus

533 1229 694 1268 suum
727 1211 889 1266 tinem
937 1211 1274 1282 contingere.
1312 1207 1609 1276 Quocirca,
1646 1215 1707 1263 ut
1733 1208 1876 1279 apud
1904 1206 2105 1264 Lucam

531 1305 919 1374 evangelistam
954 1302 1221 1373 scriptum
1243 1308 1354 1366 est,
1400 1319 1420 1354 ι
1458 1300 1521 1357 In
1553 1316 1701 1357 anno
1730 1302 1925 1373 quinto
1956 1300 2108 1359 deci-

532 1410 622 1451 mo
650 1394 865 1465 imperii
891 1392 1098 1450 Tiberii
1125 1394 1382 1461 Caesaris,
1414 1401 1744 1465 procurante
1789 1392 1986 1449 Pontio
2014 1393 2107 1448 Pi-

2215 1026 2285 1093 ξα
2314 1024 2542 1096 Κυρίου.
2579 1024 2690 1078 Καὶ
2715 1020 2902 1092 ὄψεται
2949 1022 3096 1075 πᾶσα
3139 1018 3274 1091 σὰρξ
3300 1019 3363 1073 τὸ
3396 1021 3638 1090 σωτήριον
3660 1020 3733 1074 τοῦ

2213 1116 2371 1183 Θεοῦ,
2401 1117 2483 1171 ὅτι
2511 1114 2715 1187 Κύριος
2729 1113 3198 1185 ἐλάλησενδἝδει
3229 1114 3321 1166 καὶ
3340 1109 3537 1180 ταύτην
3563 1110 3731 1163 ἐπὶτῶν

2212 1210 2417 1283 χρόνων
2465 1206 2560 1263 τοῦ
2606 1208 2854 1279 Σωτῆρος
2902 1205 3058 1278 ήμῶν
3102 1205 3195 1259 ἐπὶ
3241 1204 3414 1277 πέρας
3460 1203 3620 1257 ἐλθεῖν
3659 1206 3734 1276 τήν

2211 1303 2531 1375 πρόρρησιν.
2564 1300 2765 1372 Διόπερ
2806 1299 2946 1354 κατὰ
2991 1299 3096 1360 τὸν,
3123 1297 3514 1370 εὐαγγελιστὴν
3541 1298 3733 1361 Λουκᾶν,

2215 1413 2235 1446 ι
2258 1395 2345 1449 Ἐν
2387 1394 2497 1447 ἔτει
2550 1390 3015 1462 πεντεκαιδεκάτῳ
3063 1390 3162 1461 τῆς
3200 1388 3499 1461 ήγεμονίας
3528 1389 3734 1462 Τιϐερίου

531 1485 641 1539 lato
651 1483 680 1539 J
687 1485 916 1550 rideam,
944 1504 964 1538 ι
985 1485 1307 1556 caeterisque
1328 1485 1721 1556 imperantibus
1743 1486 1978 1557 quicum
2000 1486 2093 1542 hoc

2209 1485 2506 1557 Καίσαρος,
2536 1481 2987 1555 ἐπιτροπεύοντος
3010 1480 3232 1536 Ποντίου
3263 1480 3502 1535 Πιλάτου
3527 1482 3616 1552 τῆς
3633 1483 3735 1535 Ἰσι-

530 1582 1017 1641 connumerantur,
1061 1594 1081 1627 ι
1120 1575 1324 1631 factum
1352 1582 1437 1631 est
1464 1576 1690 1632 verbum
1714 1575 1812 1633 Dei
1838 1576 1906 1632 ad
1935 1575 2093 1633 Joan-

2206 1579 2379 1643 δαίας,
2402 1598 2420 1631 ι
2446 1578 2540 1632 καὶ
2575 1576 2684 1632 τῶν
2703 1575 2877 1648 τούτῳ
2927 1574 3469 1648 συναριθμουμένων,
3500 1593 3521 1625 ‹
3557 1574 3733 1642 ἐγένετο

529 1684 654 1723 nem
694 1667 976 1723 Zachariae
1007 1667 1200 1734 ﬁlium,
1240 1668 1297 1723 in
1327 1668 1566 1724 deserto.
1612 1666 1680 1722 Et
1707 1681 1833 1723 cum
1864 1669 2093 1725 venissel

2208 1668 2362 1740 ρἧα
2379 1666 2514 1721 Θεοῦ
2553 1666 2646 1720 ἐπὶ
2685 1665 2934 1737 Ἰωάννην
2963 1665 3055 1719 τὸν
3081 1663 3175 1718 τοῦ
3204 1662 3471 1734 Ζαχαρίου
3498 1663 3605 1717 υἱὸν
3621 1666 3666 1716 ὲν
3686 1666 3733 1733 τῇ

527 1759 584 1814 in
611 1774 825 1816 omnem
853 1767 1079 1826 terram,
1110 1775 1232 1831 quae
1257 1767 1342 1816 est
1384 1760 1595 1817 circum
1624 1758 1938 1830 Jordanem,
1965 1778 2093 1834 prte-

2202 1761 2392 1832 ἐρήμῳ
2409 1777 2423 1792 ο
2457 1759 2517 1824 ὃς
2548 1758 2716 1813 ἐλθὼν
2743 1761 2825 1822 είς
2852 1758 3036 1812 πᾶσαν
3064 1757 3162 1829 τὴν
3194 1756 3501 1829 περίχωρον
3524 1754 3611 1810 τοῦ
3633 1755 3735 1826 Ἰορ-

526 1850 726 1907 dicavit
750 1853 1024 1922 baptisma
1061 1853 1398 1925 ptenitentite
1417 1854 1472 1909 in
1498 1853 1877 1911 remissionem
1906 1871 2093 1927 pecca-

2203 1851 2383 1915 δάνου,
2441 1851 2711 1923 ἐκήρυσσε
2763 1848 3043 1920 βάπτισμα
3106 1847 3395 1919 μετανοίας
3450 1849 3531 1911 είς
3578 1848 3731 1915 ἄφεσιν

527 1953 705 1998 torum
728 1944 793 1998 ³³.
824 1963 842 1996 ι
880 1943 1042 2000 Hisce
1070 1954 1253 1999 autem
1285 1945 1617 2017 evangelista
1648 1944 1836 2016 adjicit
1855 1948 2093 2003 testimo-

2203 1942 2508 2015 ἁμαρτιῶν,
2540 1964 2558 1995 ο
2593 1941 2817 2005 Τούτοις
2856 1939 2901 1993 δ’
2937 1935 3029 1994 οὖν
3059 1939 3088 1991 ὁ
3113 1938 3502 2010 εὐαγγελιστής
3545 1940 3734 2009 ἐπιμσρ»

523 2036 698 2097 nium.
721 2036 912 2092 dicens
937 2052 952 2094 :
987 2055 1006 2087 ι
1035 2034 1192 2091 Sicut
1221 2036 1485 2107 scriptum
1516 2044 1601 2093 est
1630 2037 1686 2092 in
1718 2032 1859 2093 libro
1887 2053 2099 2095 sermo-

523 2143 658 2182 nnm
681 2126 835 2183 Isaiae
866 2127 1143 2198 prophetae
1176 2146 1190 2183 :
1222 2125 1341 2184 ‘on
1377 2128 1668 2185 clamantis
1725 2129 1781 2183 in
1827 2129 2046 2187 deserto
2081 2151 2095 2187 :

520 2219 719 2277 Paratc
744 2223 887 2276 viam
938 2220 1153 2276 Domini
1185 2221 1230 2253 “
1258 2264 1274 2289 ,
1309 2240 1329 2274 ι
1373 2230 1428 2276 et
1458 2238 1579 2292 qua:
1598 2231 1923 2293 sequuntur.
1956 2223 2098 2290 Quid

521 2315 689 2386 igittr
720 2315 937 2370 tandem
968 2314 1118 2368 aliud
1153 2314 1425 2370 clamabat
1455 2313 1683 2369 Joannis
1716 2316 1808 2370 illa
1834 2318 1888 2371 in
1919 2317 2101 2374 deser-

519 2415 578 2461 to
608 2407 914 2478 praedicans
940 2422 1046 2461 vox
1079 2406 1148 2461 ad
1197 2408 1385 2464 turbas
1437 2416 1727 2475 exeuntes,
1779 2415 1838 2463 ut
1868 2409 1937 2464 ab
1975 2408 2097 2480 ipso

518 2498 956 2570 baptizarentnr,
998 2509 1258 2572 tanquam
1304 2499 1374 2556 ad
1419 2498 1647 2572 reptilia'
1675 2500 1899 2565 deserti,
1931 2517 2094 2573 quam

519 2588 853 2642 conveniens
904 2589 1485 2659 accommodatumque
1535 2589 1708 2646 illud:
1756 2608 1777 2642 ι
1838 2589 2094 2645 Germina

2197 2038 2352 2107 τυρεῖ
2401 2033 2575 2104 λέγων
2597 2050 2612 2064 ·
2652 2052 2671 2085 t
2699 2030 2896 2096 Καθὼς
2939 2031 3248 2101 γέγραπται
3292 2032 3350 2085 ἐν
3390 2029 3555 2101 βίϐλῳ
3595 2030 3732 2099 λόγων

2209 2128 2427 2183 Ἡσαΐου
2452 2128 2546 2180 τοῦ
2576 2126 2853 2199 προφήτου
2873 2142 2888 2155 ·
2927 2123 3082 2197 Φωνὴ
3139 2122 3369 2195 βοῶντος
3386 2125 3446 2177 ἐν
3465 2126 3534 2195 τῇ
3558 2124 3731 2195 ἐρήμῳ·

2211 2218 2567 2289 Ἑτοιμάσατε
2597 2216 2696 2288 τὴν
2728 2215 2845 2270 ὁδὸν
2868 2213 3074 2287 Κυρίου
3094 2234 3109 2248 ·
3134 2228 3155 2266 ι
3189 2214 3284 2268 καὶ
3320 2213 3392 2268 τὰ
3421 2214 3562 2286 ἑξῆς.
3598 2214 3653 2267 Τί
3684 2213 3732 2284 δή

2195 2304 2289 2363 οὖν
2320 2307 2450 2363 ἐϐόα
2490 2310 2524 2381 ή
2571 2308 2660 2362 διὰ
2704 2306 2799 2362 τοῦ
2846 2306 3092 2361 Ἰωάννου
3122 2306 3273 2378 φωνὴ
3300 2307 3395 2360 ἐπὶ
3437 2305 3535 2376 τῆς
3558 2307 3733 2378 ἐρήμου

2196 2399 2543 2473 κηρύσσουσα
2574 2398 2607 2469 ἢ
2637 2401 2752 2463 τοῖς
2795 2397 3249 2470 ἐκπορευομένοις
3275 2396 3454 2469 ὄχλοις
3479 2396 3735 2468 βαπτισθῇ

2193 2507 2282 2545 ναι
2314 2491 2404 2544 ὑπ’
2427 2488 2614 2557 αὐτοῦ,
2649 2490 2725 2554 ὡς
2753 2491 3002 2562 ἑρπετοῖς
3031 2490 3236 2561 ἐρήμου
3280 2489 3647 2561 τυγχάνουσιν,
3673 2493 3733 2543 ol-

2194 2583 2357 2647 κείως
2383 2585 2448 2654 τῇ
2481 2583 2788 2655 προφητείᾳ
2804 2599 2820 2613 ·
2854 2600 2875 2636 ι
2902 2581 3223 2654 Γεννήματα
3249 2581 3493 2652 ἐχιδνῶν,
3522 2583 3605 2646 τίς
3631 2582 3735 2634 ὑπὲρ

518 2674 850 2745 viperarum,
878 2677 1003 2747 quis
1035 2678 1279 2732 ostendit
1334 2679 1491 2745 vobis
1537 2678 1727 2749 fugere
1775 2694 1805 2733 a
1860 2687 2092 2735 ventura

2193 2675 2361 2740 δειξεν
2387 2675 2515 2745 ὑμῖν
2538 2676 2724 2745 φυγεῖν
2747 2673 2856 2728 ἀπὸ
2879 2673 2980 2745 τῆς
3002 2673 3302 2744 μελλούσης
3320 2675 3519 2748 ὀργῆς;
3545 2693 3567 2726 ι
3598 2673 3731 2728 Πάλιν

515 2764 599 2821 ira
630 2767 716 2821 "1'
747 2787 766 2820 ι
817 2767 882 2822 Ει
914 2784 1108 2824 rursus
1136 2769 1267 2823 dum
1306 2784 1505 2840 pravas
1545 2769 1758 2825 animas
1794 2769 1848 2824 in
1888 2778 2090 2837 rectas,

516 2866 571 2913 et
602 2873 826 2929 asperas
860 2861 912 2914 in
953 2860 1069 2916 vias
1091 2861 1280 2930 planas
1318 2869 1558 2931 reparat,
1586 2862 1804 2918 dicebat
1843 2861 2034 2918 iisdem
2073 2882 2087 2919 :

2195 2783 2256 2820 τε
2276 2761 2341 2819 αὖ
2364 2764 2463 2830 τὰς
2484 2765 2705 2830 σκολιὰς
2722 2762 2893 2836 ψυχὰς
2918 2765 2997 2827 εἰς
3015 2763 3247 2828 εὐθείας,
3265 2764 3361 2819 καὶ
3388 2766 3486 2829 τὰς
3511 2767 3730 2838 τραχείας

2191 2850 2271 2922 είς
2303 2857 2456 2928 όδοὺς
2488 2857 2638 2921 λείας
2664 2857 3147 2929 μετασκευάζουσα
3175 2856 3383 2926 ἔφασκε
3409 2860 3521 2921 τοίς
3544 2859 3732 2921 αὐτοῖς’

521 2965 543 3002 ι
583 2945 771 3006 Facile
799 2951 980 3026 igitur.
1013 2951 1228 3007 fructus
1269 2950 1465 3023 dignos
1496 2953 1831 3023 poenitentia:
1856 2952 1924 3009 ³⁸.
1968 2972 1987 3006 ι
2022 2951 2089 3008 Et

2196 2975 2215 3007 ι
2244 2956 2514 3028 Ποιήσατε
2564 2951 2658 3010 οὖν
2719 2956 2967 3029 καρποὺς
3017 2955 3200 3022 ἀξίους
3248 2956 3351 3026 τῆς
3400 2958 3683 3028 μετανοίας.
3710 2976 3725 3007 ι

514 3036 633 3094 haec
692 3041 902 3097 scilicet
962 3040 1400 3112 complebantur,
1467 3043 1597 3098 dum
1660 3041 1899 3100 Joannes
1944 3060 2087 3115 pre-

2193 3047 2300 3102 Καὶ
2369 3046 2544 3102 ταῦτά
2603 3062 2668 3118 γε
2739 3048 3071 3103 συνετελεῖτο
3147 3050 3730 3122 προπαρασκευάζοντες

470 3136 741 3209 ,ρανοὶιίιι
770 3152 865 3192 eos
917 3138 1009 3208 qtti
1058 3136 1229 3193 visuri
1277 3146 1435 3193 erant
1470 3138 1701 3209 gloriam
1756 3138 1993 3205 Domini,
2031 3145 2086 3195 et

2199 3140 2444 3196 Ἰωάννου
2494 3117 2623 3206 τοὺς
2667 3140 2963 3214 ὀψομένους
3005 3140 3103 3214 τὴν
3147 3117 3303 3207 δόξαν
3334 3117 3553 3215 Κυρίου,
3579 3142 3729 3199 καὶτὸ

510 3228 670 3303 quod.
718 3239 947 3285 vocatur
1011 3229 1254 3286 salutare
1316 3228 1447 3297 Dei,
1512 3230 1660 3301 quod
1709 3230 1929 3302 quidem
1997 3231 2085 3286 ni-

510 3318 590 3374 lnil
627 3318 772 3374 aliud
828 3328 945 3389 est,
988 3337 1154 3395 quam
1212 3320 1470 3378 Christus
1504 3362 1519 3384 ,
1582 3323 1727 3379 sicut
1781 3323 1966 3379 verbis
2018 3324 2084 3379 il-

510 3411 581 3468 lis
647 3412 972 3469 testiﬁcatur
1025 3433 1039 3468 :
1098 3431 1119 3467 ι
1184 3412 1298 3486 Ego
1345 3413 1566 3485 quidem
1629 3430 1729 3470 vos
1789 3430 1930 3488 aqua
1986 3414 2082 3469 ba-

508 3503 658 3576 ptizo
716 3522 731 3559 :
788 3504 936 3559 venit
983 3510 1164 3559 autem
1228 3503 1424 3559 fortior
1458 3519 1544 3560 me
1586 3512 1711 3577 post
1751 3520 1873 3573 me,
1917 3502 2083 3578 429

2183 3231 2518 3306 καλούμενον
2551 3236 2815 3307 σωτήριον
2844 3234 2940 3288 τοῦ
2982 3233 3138 3300 Θεοῦ,
3163 3235 3262 3289 οὐκ
3307 3234 3465 3290 ἄλλον
3504 3235 3627 3290 ὅντα
3652 3231 3726 3287 τοῦ

2181 3324 2438 3397 Χριστοῦ,
2478 3325 2556 3391 ὡς
2589 3325 2887 3399 ἐμαρτύρει
2941 3325 3144 3395 λέγων·
3187 3345 3209 3377 ι
3259 3325 3402 3396 Ἐγὼ
3452 3327 3547 3398 μὲν
3606 3327 3725 3397 ὑμᾶς

2182 3416 2333 3472 ὕδατι
2351 3416 2626 3489 βαπτίζω’
2658 3418 2875 3490 ἔρχεται
2904 3418 2962 3471 δέ
3003 3420 3032 3472 ὁ
3070 3418 3417 3492 ἰσχυρότερός
3446 3436 3542 3492 μου
3578 3419 3726 3472 ὀπίσω

2184 3525 2317 3581 μου·
2356 3505 2428 3567 ¹οἶδ’
2467 3510 2567 3565 ούκ
2614 3510 2729 3582 εἰμὶ
2775 3509 2922 3575 ἄξιος
3005 3510 3074 3565 τὰ
3146 3512 3487 3584 ὑποδήματα
3554 3511 3729 3583 βαστά-

507 3596 668 3666 eujns
706 3609 817 3650 non
858 3610 980 3651 sum
1017 3594 1216 3667 dignus
1263 3590 1637 3652 calceamenta
1689 3605 1924 3667 gestare.
1964 3595 2083 3667 Ipse

509 3704 607 3745 vos
642 3688 938 3760 baptizabit
978 3689 1035 3743 in
1081 3688 1288 3760 Spiritu
1338 3696 1530 3746 sancto
1577 3698 1633 3744 et
1662 3692 1787 3760 igne
1820 3690 1885 3746 ".
1919 3709 1938 3741 ι
1975 3688 2079 3756 Qui

513 3781 680 3838 etiam
730 3796 856 3835 cum
915 3779 1101 3836 Jesum
1164 3780 1392 3837 vidisset
1434 3781 1760 3846 venientem,
1809 3781 2072 3837 exclama-

507 3872 583 3927 vit
633 3893 645 3929 :
691 3890 711 3923 ι
759 3871 901 3929 Ecce
937 3872 1129 3945 Agnus
1154 3873 1244 3927 Dei
1273 3873 1365 3945 qui
1391 3874 1532 3928 tollit
1554 3880 1838 3944 peccatum
1866 3873 2075 3928 mundi.

506 3962 608 4019 Hic
651 3970 757 4031 est,
790 3964 860 4020 de
891 3980 1002 4036 quo
1031 3981 1131 4037 ego
1166 3964 1281 4020 dixi
1310 3985 1329 4027 ;
1355 3964 1599 4022 Post'me
1644 3966 1794 4021 venit
1845 3965 1951 4029 vir,
1983 3968 2079 4036 qui

506 4064 633 4113 ante
664 4073 750 4114 me
784 4057 964 4114 factus
1000 4067 1086 4116 est
1104 4058 1171 4113 ⁸ο.
1205 4078 1224 4111 ι
1253 4059 1411 4127 Quod
1441 4073 1572 4115 vero
1611 4058 1752 4114 idem
1800 4066 1948 4116 esset
1987 4074 2079 4115 sa-

504 4148 679 4206 lutare
705 4148 821 4211 Dei.
855 4149 1076 4207 Simeon
1104 4166 1323 4222 quoque
1360 4150 1687 4207 testiﬁcatus
1725 4159 1829 4217 est,
1857 4152 1951 4223 qui
1984 4166 2078 4208 ac-

503 4251 662 4311 cepto
693 4242 748 4297 in
794 4243 955 4298 ulnas
1000 4259 1173 4314 puero
1203 4242 1355 4308 Jesu,
1389 4243 1526 4299 dixit
1556 4264 1569 4299 :
1600 4262 1619 4296 ι
1649 4243 1805 4300 Nunc
1843 4244 2075 4302 dimittis

503 4345 722 4385 servum
755 4339 928 4397 tuum,
965 4331 1211 4399 Domine,
1245 4335 1547 4390 secundum
1570 4337 1793 4392 verbum
1810 4344 1988 4401 tuum,
2018 4338 2072 4392 in

2193 4334 2318 4401 ιύεις
2359 4337 2450 4391 τὸν
2486 4336 2667 4390 δοῦλον
2694 4353 2787 4391 σου
2805 4374 2822 4399 ,
2846 4336 3123 4400 Δέσποτα,
3176 4336 3318 4393 κατὰ
3340 4338 3404 4392 τὸ
3447 4337 3597 4410 ῥῆμά
3625 4352 3722 4396 σου,

502 4436 657 4492 pace.
683 4422 823 4490 Quia
846 4424 1102 4479 viderunt
1133 4425 1277 4480 oculi
1307 4426 1415 4481 mei
1447 4426 1686 4481 salutare
1714 4432 1890 4492 tuum,
1925 4426 2072 4497 quod

2193 4444 2233 4482 ιν
2278 4428 2486 4501 εἰρήνῃ.
2554 4429 2676 4482 ’Ότι
2712 4424 2851 4483 εἶδον
2898 4430 2949 4482 oi
3002 4428 3269 4500 ὀφθαλμοί
3320 4447 3424 4501 μου
3472 4430 3533 4484 τὸ
3580 4425 3726 4494 atati?

502 4514 707 4585 parasti
735 4524 863 4571 ante
901 4515 1093 4571 faciem
1126 4517 1369 4572 omnium
1404 4517 1753 4588 populorum,
1783 4518 1967 4575 lumen
1999 4518 2067 4574 ad

2193 4520 2287 4575 ndv
2341 4536 2468 4585 σου,
2531 4519 2561 4574 ὃ
2598 4521 2906 4593 ἡτοίμασας
2966 4520 3109 4576 κατὰ
3175 4521 3468 4592 πρόσωπον
3532 4520 3723 4574 πάντων

499 4606 889 4662 revelationem
923 4608 1168 4679 gentium
1189 4609 1259 4664 “.
1294 4628 1313 4662 ι
1357 4608 1569 4676 Quibus
1595 4610 1760 4664 etiam
1804 4610 2070 4682 prepheta

2193 4612 2288 4666 τῶν
2349 4610 2494 4666 λαῶν
2516 4652 2532 4676 ,
2616 4612 2732 4683 φῶς
2806 4614 2888 4677 είς
2968 4612 3308 4682 ἀποκάλυψιν
3366 4611 3574 4691 ἐθιιῶν·
3615 4630 3633 4661 ι
3658 4602 3725 4667 οἷς

497 4701 795 4767 consentit,
824 4700 954 4756 dum
994 4700 1109 4755 ait:
1139 4719 1158 4752 ι
1191 4698 1257 4755 Ει
1289 4701 1494 4758 videbit
1538 4702 1718 4758 omnis
1748 4717 1880 4758 caro
1920 4703 2068 4759 salu-

2193 4702 2388 4776 ωνᾲδει.
2446 4703 2542 4757 καὶ
2599 4705 2628 4757 ὁ
2682 4705 2970 4776 προφήτης
3040 4703 3214 4758 εἰπών
3237 4721 3251 4734 ·
3317 4721 3337 4754 t
3375 4688 3488 4757 Κᾶὶ
3561 4700 3723 4770 went

497 4802 614 4851 tare
642 4792 755 4849 Dei.
789 4811 810 4846 ι
846 4792 985 4848 Illud
1023 4793 1190 4859 enim,
1231 4811 1250 4846 ι
1277 4795 1457 4850 omnis
1504 4810 1654 4861 caro,
1692 4814 1711 4847 ι
1747 4810 1847 4866 pro
1890 4795 2070 4852 omni-

2193 4800 2323 4854 πᾶσα
2394 4796 2529 4869 σὰρξ
2593 4795 2654 4850 τὸ
2719 4798 2983 4868 σωτήρων
3033 4794 3128 4849 τοῦ
3195 4794 3352 4850 Θεοῦ.
3387 4815 3408 4848 ι
3516 4794 3589 4848 Τὸ
3637 4790 3723 4859 γὰρ

494 4890 599 4944 bus
629 4886 884 4957 gentibus
926 4886 1136 4943 dictum
1176 4893 1279 4943 est.
1332 4887 1401 4941 Ut
1444 4892 1627 4944 autem
1657 4887 2069 4946 demonstretur

2193 4910 2198 4944 ι
2248 4892 2401 4946 πᾶσα
2473 4888 2609 4963 σὰρξ
2635 4939 2647 4953 ,
2701 4907 2723 4942 ι
2796 4889 2917 4942 ἀντὶ
3013 4887 3230 4942 πάντων
3330 4888 3550 4961 εἴρηται
3637 4882 3725 4937 τῶν

492 4981 770 5052 quomodo
816 4981 932 5036 lucc
974 4996 1136 5038 suum
1179 4980 1342 5037 tinem
1383 4982 1734 5054 contigerint,
1780 4989 1837 5038 et
1876 4993 2066 5053 gentes

2193 4983 2361 5038 ;θνῶν.
2415 4983 2602 5047 Ὅπως
2670 4980 2728 5035 δὲ
2787 4980 2963 5035 ταῦτα
3033 4979 3217 5042 τέλους
3282 4978 3443 5052 ἔτυχε
3468 5022 3485 5047 ,
3541 4978 3633 5033 καὶ
3673 4971 3727 5026 τὰ

491 5071 773 5128 Christum
810 5070 904 5127 Dei
930 5072 1273 5145 agnotrerint,
1304 5072 1491 5129 multis
1516 5089 1629 5129 non
1660 5088 1801 5145 opus
1825 5084 1911 5131 est
1944 5091 2066 5131 ver-

2193 5076 2297 5149 ζθνη
2345 5074 2437 5129 τὸν
2473 5073 2706 5148 Χριστὸν
2761 5071 2976 5141 ἐπέγνω
3025 5071 3119 5125 τοῦ
3168 5070 3304 5125 Θεοῦ
3327 5112 3343 5138 ,
3404 5070 3633 5144 μακρῶν
3678 5065 3727 5119 οὐ

491 5163 579 5222 bis
611 5184 625 5221 :
658 5173 712 5222 et
744 5181 867 5238 qua:
893 5164 1111 5238 quidem
1141 5166 1208 5220 ad
1236 5166 1460 5223 verbum
1487 5168 1666 5223 solent
1694 5168 2060 5236 considerari,

2193 5171 2249 5222 Lai
2291 5168 2483 5237 λόγων.
2550 5166 2661 5220 Καὶ
2719 5165 2788 5219 τὰ
2857 5165 2955 5237 μὲν
3010 5163 3150 5236 ῥητὰ
3207 5163 3394 5219 τοῦτον
3445 5160 3730 5235 ἐπληροῦτο

492 5257 549 5313 in
580 5259 726 5316 hunc
788 5261 1058 5332 completa
1109 5268 1237 5316 sunt
1282 5259 1530 5317 modum.
1585 5259 1853 5317 Cteterum
1906 5261 2059 5332 quid,

2193 5259 2258 5313 :bv
2325 5259 2542 5332 τρόπον.
2631 5256 2695 5310 Τί
2733 5256 2777 5310 δ’
2802 5251 2871 5328 ἦν
2912 5256 2975 5309 τὸ
3021 5255 3192 5310 αἴτιον
3236 5254 3332 5310 τοῦ
3380 5256 3459 5328 μὴ
3494 5255 3556 5308 ἐν
3588 5250 3726 5307 mils-

492 5365 698 5419 quaeso,
741 5351 844 5408 fuit
872 5354 929 5408 in
975 5368 1164 5417 causa,
1205 5361 1267 5408 ut
1295 5367 1404 5408 non
1435 5351 1491 5406 in
1523 5351 1755 5410 urbibus
1795 5368 1974 5425 neque
2004 5354 2058 5409 in

2193 5367 2262 5414 rt,
2350 5348 2470 5422 μηδ’
2517 5348 2604 5401 ἐπ’
2654 5347 2823 5419 αὐτῆς
2865 5346 2965 5417 τῆς
3025 5343 3423 5417 Ἰερουσαλὴμ,
3496 5341 3613 5397 ἀλλ’
3654 5333 3729 5389 ἐπὶ

492 5441 611 5510 ipsa
642 5440 966 5510 Jerusalem,
1003 5445 1100 5502 sed
1127 5445 1186 5501 in
1213 5445 1453 5509 deserto,
1477 5443 1719 5502 Joannes
1746 5454 2060 5518 suggestum

2193 5444 2268 5515 ῆς
2339 5444 2547 5515 ἐρήμου
2625 5440 2875 5523 Ἰωάννην
2937 5437 3273 5510 παρελθόντα
3323 5436 3653 5509 κηρύττεινῖ
3707 5428 3733 5478 δ

490 5530 597 5588 sibi
641 5533 709 5590 ad
755 5535 1157 5605 praedicandum
1207 5536 1468 5609 elegerit?
1517 5537 1586 5594 ad
1637 5536 1740 5594 hoc
1786 5538 2059 5616 quispiam

2193 5535 2270 5590 ιὲν
2318 5552 2403 5600 τις
2464 5535 2635 5606 φήσαι
2683 5532 2751 5588 ἂν
2805 5533 2885 5595 είς
2940 5530 3334 5603 ἀποπλήρωσιν
3379 5528 3483 5599 τῆς
3527 5537 3733 5598 «pavi?

561 5645 607 5678 ³⁵
640 5646 743 5704 lsa.
777 5667 879 5711 ιι..
913 5651 1034 5707 5-5.
1112 5653 1157 5687 "
1198 5653 1328 5711 Luc.
1368 5672 1462 5722 ιιι,
1527 5654 1640 5712 1-5.
1718 5656 1763 5689 ⁸⁸
1799 5656 1937 5711 ibid.
1971 5655 2024 5711 ι.

491 5716 582 5775 29.
610 5718 698 5775 30.
781 5723 821 5753 “
865 5720 1000 5775 Luc.
1042 5738 1117 5775 ιι.
1149 5723 1344 5775 29-32.

2193 5653 2315 5710 ibid.
2355 5654 2406 5710 7.
2484 5653 2531 5687 “
2597 5652 2730 5710 ibid.
2764 5650 2819 5707 8.
2897 5651 2941 5683 ”
2982 5646 3115 5708 ibid.
3174 5646 3261 5703 16.
3360 5647 3409 5679 ⁸⁵⁸
3444 5644 3609 5703 Joan.
3670 5654 3722 5707 ι,

2182 3617 2292 3666 σαι,
2350 3602 2510 3668 αὐτὸς
2562 3603 2705 3674 ὑμᾶς
2750 3601 2999 3673 βαπτίσει
3053 3604 3112 3656 ἐν
3156 3603 3433 3675 Πνεύματι
3476 3603 3613 3674 ἁγίῳ
3652 3602 3727 3656 καὶ

2180 3692 2331 3764 πυρί.
2399 3710 2418 3744 ι
2460 3695 2557 3756 Ὃς
2582 3693 2676 3747 καὶ
2704 3691 2827 3747 ίδὼν
2849 3693 2946 3747 τὸν
2985 3694 3194 3765 Ἰησοῦν
3225 3695 3517 3767 ἐρχόμενον
3544 3692 3727 3764 ἀνεφώ-

2179 3799 2339 3854 νησεν
2362 3801 2376 3814 ο
2416 3803 2436 3836 ι
2478 3784 2574 3839 Ἰδέ
2625 3787 2654 3839 ὁ
2691 3783 2880 3855 Ἆμνός
2905 3784 2999 3840 τοῦ
3044 3785 3179 3840 Θεοῦ
3215 3788 3245 3840 ὁ
3275 3787 3445 3859 αἴρων
3485 3787 3727 3858 ἁμαρτίαν

2177 3872 2271 3927 τοῦ
2323 3874 2551 3944 κόσμου.
2634 3867 2804 3941 Οὗτός
2855 3878 2971 3931 ἐστι
3000 3876 3129 3948 περὶ
3158 3870 3222 3932 οὗ
3258 3872 3441 3931 εἶπον·
3501 3897 3520 3929 ι
3542 3876 3724 3930 Ὀπίσω

2180 3981 2283 4036 μου
2336 3964 2558 4037 ἔρχεται
2611 3966 2786 4040 ἀνὴρ,
2844 3967 2906 4032 ὃς
2961 3965 3267 4040 ἔμπροσθέν
3322 3985 3427 4040 μου
3495 3968 3722 4037 γέγονε.»

2177 4057 2281 4112 Τὸν
2327 4058 2491 4113 αὐτὸν
2541 4058 2598 4112 δὲ
2645 4055 2783 4114 εἶναι
2838 4061 2901 4114 τὸ
2950 4062 3215 4133 σωτήριον
3266 4060 3362 4115 τοῦ
3400 4060 3534 4116 Θεοῦ
3579 4059 3665 4115 καὶ
3701 4059 3726 4110 ό

2175 4148 2398 4221 Συμεὼν
2455 4150 2836 4224 ἐμαρτύρησεν
2865 4194 2882 4221 ,
2914 4152 2975 4217 ὃς
3018 4151 3197 4206 λαϐὼν
3256 4152 3350 4207 ἐπὶ
3404 4156 3525 4217 ταῖς
3573 4150 3726 4220 me.

2173 4243 2293 4309 λαις
2346 4242 2543 4316 βρέφος
2592 4243 2724 4299 ὄντα
2757 4244 2850 4300 τὸν
2915 4243 3154 4317 Ἰησοῦν,
3212 4243 3352 4317 ἔφη’
3400 4264 3421 4298 ι
3456 4244 3571 4299 Νῦν
3612 4245 3726 4297 ἀπο-

781 5723 821 5753 ⁸¹
865 5720 1000 5778 Luc.
1042 5738 1117 5791 ιι,
1149 5723 1344 5784 29-32.
