3922 6200
255 255 364 314 663

1127 252 1784 312 DEMONSTRATIONIS
1825 253 2288 312 EVANGELICzE
2340 256 2471 314 LIB.
2513 259 2604 312 1x.

3402 255 3506 311 670

251 381 404 444 τείας
465 377 624 432 τοῦτο
672 377 836 432 αὑτὸν
880 378 1239 451 πεποιηκέναι
1263 393 1277 408 ·
1349 378 1462 432 ἀλλ’
1523 381 1558 434 ὁ
1599 377 1813 451 ἀκριϐὴς

1902 433 1903 436 η
1935 376 2166 432 fortasse
2197 377 2558 448 responderit,
2593 377 2744 432 illum
2773 377 2879 433 hoc
2909 376 3105 435 fecisse
3137 387 3196 434 ut
3221 378 3504 450 prophetia

252 473 456 535 εὐθέως
501 467 806 537 ὲξετάζων⁶,
871 470 1009 542 αὑτὴ
1058 469 1113 523 δὲ
1167 471 1200 542 ὴ
1251 471 1555 543 προφητεία
1599 471 1650 524 τί
1705 470 1824 523 ποτ’

247 563 360 635 ἄρα
409 561 692 632 σημαίνειν
745 561 1038 633 βουλομένη
1082 562 1180 633 τὴν
1223 562 1424 634 ἔρημον
1473 562 1565 616 καὶ
1604 561 1672 616 τὰ
1704 564 1823 616 κατ’

244 651 419 721 αὐτὴν
465 649 690 720 ἐδήλου,
743 650 1042 704 πεύσεται·
1097 651 1231 722 πρὸς
1279 650 1337 704 ὃν
1389 657 1666 723 φήσομεν,
1741 653 1822 706 ὅτι

245 743 344 794 καὶ
405 741 562 795 τοῦτο
607 745 830 812 σημεῖον
888 738 956 814 ἦν
1005 742 1374 814 καθαιρέσεως
1415 742 1513 813 τῆς
1561 744 1823 816 Ἰερουσα-

244 833 398 904 λὴμ,
475 835 569 887 καὶ
617 833 709 887 τοῦ
761 834 896 904 πρὸς
952 835 1087 906 αὐτῇ
1140 835 1566 907 θυσιαστηρίου,
1619 837 1716 907 τῆς
1761 852 1820 888 τε

242 926 391 980 κατὰ
460 926 549 980 τὸν
598 927 878 990 Μωὺσέως
931 927 1085 997 νόμον
1121 926 1373 998 λατρείας
1400 967 1414 991 ,
1470 927 1556 980 ὅτε
1629 926 1819 997 μηκέτ’

239 1017 426 1081 αὐτοῖς
470 1016 557 1072 διὰ
602 1017 712 1070 τῶν
761 1018 902 1072 κατὰ
949 1019 1110 1090 νόμον
1163 1018 1360 1071 θυσιῶν
1418 1018 1486 1071 τὰ
1535 1019 1634 1088 τῆς
1688 1019 1820 1088 ἀφέ-

241 1128 383 1174 σεως
442 1110 548 1164 τῶν
599 1111 882 1182 ἁμαρτιῶν
934 1111 1317 1184 προὺξενεῖτο,
1367 1111 1503 1165 ἀλλὰ
1550 1111 1638 1166 διὰ
1688 1112 1821 1166 καθα

238 1208 457 1277 άρσεως
557 1206 782 1279 λουτροῦ
857 1208 951 1260 ἐπὶ
1020 1209 1117 1278 τῆς
1191 1207 1358 1261 πάλαι
1437 1207 1654 1277 διψάδος
1727 1209 1818 1262 καὶ

237 1300 490 1370 ἐρήμου,
567 1299 711 1368 λέγω
744 1300 818 1353 .δὲ
887 1301 985 1371 τῆς
1041 1300 1149 1353 τῶν
1202 1300 1369 1356 ἐθνῶν
1450 1300 1814 1373 Ἐκκλησίας,

235 1394 670 1466 παραδιδομένου
696 1434 710 1459 ,
765 1395 821 1447 ἐν
966 1393 1060 1446 καὶ
1104 1394 1140 1464 ἡ
1191 1392 1500 1464 προφητικὴ
1551 1393 1814 1464 γενομένη

234 1484 392 1556 φωνὴ
451 1485 757 1556 ἑτοιμάζειν
804 1484 1236 1557 παρακελεύεται
1273 1484 1370 1556 τὴν
1417 1485 1532 1538 ὁδὸν
1585 1485 1812 1557 Κυρίου,

230 1579 338 1641 τὰς
410 1580 507 1650 μὲν
576 1579 726 1633 κάτω
793 1596 896 1631 που
952 1580 1030 1643 εἰς
1095 1577 1257 1648 βάθος
1321 1578 1552 1643 κακίας,
1623 1578 1696 1642 ὡς
1757 1579 1814 1632 ἐν

233 1672 482 1741 φάραγγι
554 1669 812 1742 κειμένας
872 1668 1048 1741 ψυχὰς
1097 1669 1540 1743 ἐπαρθήσεσθαι,
1615 1670 1684 1724 τὰ
1758 1670 1815 1724 δὲ

233 1762 405 1816 πάλαι
461 1762 731 1834 ὑψώματα
776 1763 875 1833 τῆς
946 1762 1338 1835 Ἰερουσαλὴμ,

229 1856 404 1926 αὐτῆς
457 1856 733 1928 ἀρχόντων
787 1874 846 1910 τε
898 1856 990 1910 καὶ
1049 1856 1310 1927 βασιλέων
1335 1897 1349 1920 ,
1405 1855 1506 1929 ὅρη
1556 1857 1648 1910 καὶ
1691 1855 1814 1928 βου-

228 1948 357 2011 νοῦς
407 1947 780 2018 ὀνομαζόμενα
805 1987 819 2011 ,
899 1946 1400 2019 ταπεινωθήσεσθαι
1441 1947 1769 2012 θεσπίζουσα
1793 1963 1808 1978 ο

227 2034 306 2093 ὧν
358 2037 852 2102 ἐπιτελεσθέντων,
926 2039 1094 2110 φησί·
1149 2057 1166 2090 ι
1203 2040 1360 2092 Πᾶσα
1434 2039 1570 2111 σὰρξ
1622 2039 1810 2109 όψεται

226 2133 288 2188 τὸ
341 2133 608 2204 σωτήριον
662 2131 754 2184 τοῦ
825 2131 983 2184 Θεοῦ.
1039 2150 1058 2182 ι
1131 2131 1301 2201 Δῆλον
1348 2131 1392 2185 δ’
1452 2133 1534 2185 ὅτι
1581 2134 1728 2185 πᾶσα
1775 2133 1807 2202 ὴ

225 2221 286 2271 ἐν
339 2220 508 2290 σαρκὶ
562 2219 654 2273 ἐπὶ
707 2219 812 2288 γῆς
866 2219 1278 2293 ἀναστρέφουσα
1332 2219 1478 2292 ψυχὴ
1545 2221 1808 2292 Ἐλλήνων

222 2311 360 2381 ὁμοῦ
434 2313 526 2367 καὶ
596 2312 886 2384 βαρϐάρων
915 2355 928 2379 ,
1010 2314 1102 2366 καὶ
1175 2314 1394 2368 πάντων
1471 2314 1806 2381 ἁπαξαπλῶς

222 2401 332 2456 τῶν
395 2400 603 2455 ἐθνῶνο
661 2401 697 2456 ἃ.
748 2403 842 2456 καὶ
899 2405 966 2475 τῇ
1021 2406 1325 2476 προρρήσει
1377 2406 1682 2471 ἀκολούθως
1725 2409 1805 2472 είς

222 2494 402 2566 πέρας
442 2494 663 2548 ἐλθόντα
705 2494 997 2549 δείκνυται.
1077 2495 1236 2565 Ζητῶ
1283 2497 1339 2550 δὲ
1384 2501 1512 2570 παρ’
1559 2500 1800 2570 ἐμαυτῷ,

216 2585 272 2638 τί
333 2587 444 2657 ἄρα
500 2581 568 2658 ἦν
623 2586 685 2639 τὸ
752 2586 1026 2658 ὲκπλῆξαν
1104 2588 1230 2653 τοὺς
1301 2589 1529 2656 πολλοὺς
1602 2593 1661 2644 ἐν
1725 2593 1803 2664 τῷ

227 2679 458 2750 Ἰωάννῃ
482 2721 497 2744 ,
584 2678 658 2742 ὡς
733 2677 1007 2750 θαυμάσαι
1073 2681 1233 2734 αὑτὸν
1306 2683 1399 2736 καὶ
1482 2684 1801 2756 κηρύττοντι

215 2767 504 2840 βάπτισμα
558 2770 843 2840 μετανοίας
899 2771 1225 2838 πιστεῦσαι,
1293 2773 1498 2838 πάντας
1550 2793 1609 2830 τε
1669 2795 1802 2832 παν-

210 2861 447 2932 ταχόθεν
499 2862 567 2916 τὰ
617 2864 790 2916 οἰκεῖα
843 2862 1208 2938 ἀπολιπόντας
1253 2867 1471 2938 συρρεῖν
1540 2869 1634 2921 ἐπὶ
1699 2871 1800 2941 τὴν

213 2955 467 3024 ἔρημον,
549 2954 783 3026 μάλιστα
848 2955 937 3009 ὅτε
1016 2957 1286 3029 μηδεμίαν
1367 2960 1531 3014 αὑτοῦ
1599 2962 1798 3034 πρᾶξιν

213 3045 524 3116 ἱστοροῦσιν
576 3047 624 3100 οἱ
679 3047 849 3115 λόγοι.
941 3045 1075 3102 Οὔτε
1133 3050 1242 3122 γὰρ
1283 3054 1509 3123 νεκροὺς
1555 3054 1794 3126 ἐγείρας,
1823 3097 1864 3155 C

209 3137 340 3191 οῦτε
413 3137 574 3210 ἕτερα
652 3137 904 3211 θαύματα
978 3141 1294 3213 πεποιηκὼς
1361 3144 1792 3218 ἀναγέγραπται.

209 3229 277 3281 Τί
326 3228 392 3299 δὴ
440 3224 534 3282 οὖν
581 3225 649 3301 ἦν
693 3230 754 3283 τὸ
800 3229 1076 3302 ἐκπλῆξαν
1129 3234 1256 3296 τοὺς
1303 3233 1540 3300 πάνταςς
1598 3237 1630 3308 ἢ
1693 3238 1798 3308 μή-

210 3339 346 3375 ποτε
392 3325 419 3376 ό
463 3321 608 3386 ξένος
647 3323 744 3377 καὶ
797 3324 1187 3393 παραλλάττων
1229 3326 1338 3378 τῶν
1379 3327 1587 3382 πολλῶν
1630 3329 1794 3384 αὑτοῦ

212 3413 364 3485 βίος;
435 3413 629 3487 προῄει
725 3413 834 3487 γὰρ
891 3416 957 3469 ἐκ
1015 3417 1114 3488 τῆς
1151 3418 1356 3490 ἐρήμου
1413 3416 1569 3491 ξένην
1625 3423 1797 3490 ἡμφι-

207 3508 442 3579 εσμὲνος
469 3507 696 3579 στολὴν,
749 3511 930 3563 πᾶσαν
991 3508 1047 3563 δὲ
1105 3510 1205 3583 τὴν
1251 3512 1436 3583 κοινὴν
1494 3511 1795 3584 ἀνθρώπων

207 3601 492 3672 διατριϐὴν
550 3601 981 3672 ἐκτρεπόμενος·
1046 3600 1168 3655 οὔτε
1242 3601 1372 3671 γοῦν
1426 3606 1506 3668 εἰς
1576 3603 1790 3676 κώμην,

207 3695 332 3747 οὔτε
381 3698 462 3758 εἰς
513 3695 697 3758 πόλιν,
759 3695 883 3748 οῦτε
918 3697 1000 3760 είς
1055 3697 1233 3750 κοινὸν
1283 3696 1538 3766 σύλλογον
1585 3699 1793 3768 ἀνδρῶν

207 3786 571 3857 παρέϐαλλεν.
663 3785 824 3840 Ἀλλὰ
858 3787 978 3840 οὑδὲ
1029 3789 1127 3860 τῆς
1185 3789 1370 3861 κοινῆς
1429 3793 1640 3862 μετεῖχε
1671 3809 1793 3864 τρο-

207 3880 352 3949 φῆς·
415 3879 722 3950 γέγραπται
776 3879 940 3949 γοῦν,
1003 3879 1080 3944 ὡς
1143 3899 1160 3931 ι
1195 3881 1260 3933 ἐκ
1308 3881 1407 3950 τῆς
1465 3882 1558 3935 τοῦ
1601 3884 1790 3948 παιδὸς

206 3968 422 4038 ἡλικίας
471 3965 538 4038 ἦν
584 3971 640 4022 ἐν
690 3972 812 4034 ταῖς
861 3971 1089 4040 ἐρήμοις
1144 3970 1248 4035 ἓως
1311 3972 1524 4043 ἡμέρας
1576 3974 1789 4028 ἀναδεί-

207 4060 343 4125 ξεως
412 4061 576 4115 αὑτοῦ
638 4063 773 4133 πρὸς
818 4063 909 4117 τὸν
987 4063 1225 4136 Ἰσραήλ.
1349 4065 1510 4120 Ἀλλὰ
1569 4069 1662 4121 καὶ
1728 4069 1790 4123 τὸ

205 4153 413 4225 ἔνδυμα
459 4153 622 4207 αὑτοῦ
679 4150 747 4226 ἦν
803 4157 867 4209 ἐκ
917 4156 1118 4228 τριχῶν
1176 4158 1436 4229 καμήλων
1495 4163 1791 4233 πεποιημέ-

204 4261 332 4307 νον,
383 4246 417 4315 ἡ
449 4244 504 4297 δὲ
533 4245 705 4316 τροφὴ
757 4245 920 4299 αὑτοῦ
968 4246 1188 4318 ἀκρίδες
1228 4249 1322 4303 καὶ
1365 4250 1488 4320 μέλι
1541 4250 1782 4323 ἄγριον.»

204 4337 294 4407 Μή
350 4355 427 4406 πη
480 4333 607 4400 οῦν,
680 4338 913 4409 ὁρῶντες
961 4339 1126 4411 ἄνδρα
1152 4337 1444 4412 Ναζιραῖον
1501 4343 1598 4414 μὲν
1651 4344 1786 4398 Θεοῦ

201 4429 304 4498 τὴν
354 4429 550 4500 τρίχα,
606 4429 905 4503 θεοπρεπὲς
955 4431 1011 4486 δὲ
1062 4434 1350 4505 πρόσωπον
1405 4436 1787 4508 ὑποφαίνοντα,

207 4520 398 4590 σχῆμά
449 4538 509 4574 τε
565 4521 711 4586 ξένον
768 4523 1059 4595 περιϐολῆς
1113 4528 1482 4598 ἠμφιεσμένον
1511 4569 1526 4594 ,
1577 4531 1788 4604 ἀθρόως

202 4611 367 4665 ποθὲν
419 4612 478 4679 ἐξ
533 4615 771 4682 ἀφανοῦς
822 4619 1031 4690 ἐρήμου
1091 4621 1411 4692 φαινόμενον
1436 4662 1450 4687 ,
1509 4623 1600 4676 καὶ
1651 4623 1788 4695 μετὰ

200 4703 262 4756 τὸ
322 4706 584 4776 κήρυγμα
654 4707 814 4762 πάλιν
868 4711 948 4773 εἰς
1004 4711 1104 4782 τὴν
1168 4712 1370 4785 ἔρημον
1429 4714 1523 4768 καὶ
1588 4717 1668 4781 είς
1727 4719 1786 4771 τὸ

200 4793 411 4861 ἀφανὲς
461 4796 846 4868 ὑποχωροῦντα
871 4839 884 4864 ,
941 4800 1034 4853 καὶ
1065 4801 1282 4867 ἄποτον,
1330 4802 1564 4873 ἄτροφον
1586 4845 1603 4871 ,
1635 4805 1785 4859 ἀκοιο

199 4885 439 4956 νώνητον
467 4889 578 4950 τοῖς
610 4889 822 4954 πολλοῖς
848 4931 862 4954 ,
901 4891 1126 4956 εἰκότως
1177 4891 1561 4964 ἐξεπλήττοντο
1583 4939 1598 4960 ,
1659 4898 1782 4969 μηδ’

197 4977 489 5048 ἄνθρωπον
522 4981 685 5048 αὑτὸν
739 4983 1089 5048 ὑπονοοῦντες
1148 4985 1447 5058 ὑπάρχεινς
1503 4988 1622 5052 πῶς
1674 4989 1781 5061 γὰρ

195 5070 290 5123 τὸν
317 5071 451 5142 μηδὲ
499 5073 556 5126 ἐν
585 5073 742 5144 χρεία⁵
775 5074 982 5146 τροφῆς
1017 5075 1299 5146 γινόμενον
1325 5094 1338 5143 ;
1368 5079 1448 5132 διὸ
1478 5081 1573 5133 καὶ
1616 5078 1782 5148 ἄγγε-

194 5172 290 5226 λον
341 5171 706 5246 ὑπειλήφεσαν
759 5171 896 5246 εἶναι
947 5177 1136 5231 τοῦτον
1191 5180 1350 5234 αὑτὸν
1398 5182 1634 5245 ἐκεῖνον,
1689 5181 1780 5234 τὸν

191 5262 286 5316 διὰ
340 5263 432 5316 τοῦ
489 5266 772 5337 προφήτου
815 5245 1183 5339 δηλούμενον,
1248 5271 1385 5326 κατὰ
1437 5271 1538 5336 τὸ,
1605 5272 1778 5325 «Ἰδοὺ

191 5353 310 5424 ἐγὼ
367 5357 682 5412 ἀποστέλλω
735 5360 827 5414 τὸν
875 5361 1104 5430 ἄγγελόν
1164 5380 1266 5432 μου
1320 5363 1422 5435 πρὸ
1481 5365 1774 5434 προσώπου

194 5463 292 5498 σου
324 5486 339 5510 ,
426 5447 484 5512 ὃς
534 5450 935 5506 κατασκευάσει
997 5451 1094 5524 τὴν
1149 5453 1266 5508 ὀδόν
1324 5471 1414 5507 σου
1469 5455 1776 5528 ἔμπροσθέν

195 5568 348 5605 σου.»
442 5551 719 5624 Κέχρηται
777 5553 906 5624 γοῦν
954 5557 1020 5626 τῇ
1079 5555 1374 5627 παραθέσει
1428 5560 1522 5613 καὶ
1570 5562 1771 5635 ταύτης

195 5651 298 5710 τῆς
349 5651 566 5725 Γροφῆς
594 5653 820 5726 Μάρκος
872 5658 900 5710 ὁ
953 5654 1366 5729 εὐαγγελιστής.
1443 5660 1554 5715 Καὶ
1597 5669 1624 5721 :5
1657 5669 1768 5724 Σω.

1931 470 2320 541 compleretur.
2361 470 2468 526 Sed
2501 471 2593 542 qui
2633 471 2964 542 exquisitius
2995 485 3061 526 ac
3094 470 3410 542 diligentius
3445 487 3504 526 se

1929 561 2114 617 doceri
2146 563 2398 628 voluerit,
2434 563 2580 618 illico
2597 563 2955 633 interrogabit
2986 581 3000 618 :
3028 564 3189 640 Atqui
3219 563 3501 633 prophetia

1929 655 2044 710 lucc
2077 657 2207 727 quid
2238 657 2454 711 tandem
2485 655 2588 711 sibi
2619 657 2853 721 volebat,
2887 672 3010 712 eum
3035 656 3333 722 desertum,
3359 666 3410 709 et
3437 671 3500 710 ea

1929 763 2048 817 quae
2077 748 2144 802 ad
2173 746 2226 801 id
2255 763 2426 819 genus
2452 748 2725 818 pertinent
2765 748 3117 802 enuntiabat?
3149 747 3235 803 cui
3274 764 3503 818 respon-

1927 841 2196 906 debimus,
2231 843 2377 912 quod
2409 843 2512 896 hoc
2541 857 2760 914 quoque
2795 843 3008 912 signum
3042 835 3161 898 erat
3196 842 3500 897 evertenda:

1927 933 2078 990 urbis
2114 929 2442 1000 Jerusalem,
2471 941 2524 989 et
2557 935 2678 1004 ejus
2711 934 2856 1004 quod
2889 935 2945 989 in
2979 936 3090 1004 ipsa
3123 942 3244 994 erat
3283 935 3494 998 altaris,

1925 1026 2172 1096 ritusque
2203 1026 2372 1091 illius,
2403 1025 2496 1097 qui
2523 1026 2824 1082 secundum
2855 1025 3145 1080 Mosaieam
3180 1027 3351 1096 legem
3379 1041 3497 1080 ser-

1923 1117 2176 1183 vabatur,
2207 1117 2428 1188 quando
2473 1132 2581 1171 non
2614 1118 2849 1188 amplius
2883 1135 2978 1189 per
3007 1119 3247 1189 legitima
3289 1115 3497 1173 sacrifi-

1923 1209 2007 1264 cia
2038 1209 2291 1266 remissio
2324 1209 2434 1285 illis,
2459 1219 2806 1287 peccatorum
2831 1211 3246 1275 conciliabatur,
3280 1210 3373 1266 sed
3398 1225 3495 1281 per

1923 1302 2297 1372 purgationem
2331 1301 2552 1368 lavacri,
2578 1302 2726 1370 quod
2759 1302 2814 1356 in
2842 1302 2968 1356 olim
3004 1302 3280 1357 sitibunda
3314 1317 3376 1356 ac
3399 1301 3494 1356 de-

1923 1403 2087 1457 serta,
2120 1393 2242 1448 dico
2271 1401 2476 1461 autem,
2502 1396 2556 1449 in
2587 1396 2818 1450 collecta
2850 1394 2917 1449 de
2948 1395 3202 1465 gentibus
3224 1394 3490 1464 Ecclesia,

1922 1485 2260 1548 tradebatur,
2315 1485 2368 1538 in
2410 1499 2518 1554 qua
2549 1485 2713 1540 etiam
2764 1484 2855 1537 illa
2901 1499 3021 1553 qure
3053 1482 3194 1536 facta
3254 1489 3336 1538 est
3374 1498 3494 1553 pro-

1920 1577 2134 1648 phetica
2169 1594 2296 1644 vox,
2331 1593 2526 1648 parare
2558 1579 2700 1633 viam
2725 1576 2937 1631 Domini
2962 1577 3138 1645 jubet,
3168 1577 3295 1630 dum
3329 1576 3489 1629 mali-

1920 1670 2024 1725 tias
2055 1668 2110 1724 in
2154 1669 2266 1724 imo
2299 1669 2536 1741 quodam
2567 1669 2757 1736 fundo,
2788 1669 2946 1742 quasi
2981 1669 3033 1723 in
3069 1669 3315 1724 convalle
3345 1667 3493 1738 posi-

1414 1761 1509 1816 καὶ
1571 1761 1678 1816 τῶν
1727 1763 1813 1818 ἐπ’
1847 1755 1886 1809 Β
1916 1768 2000 1817 tas
2031 1762 2338 1817 animarum
2369 1762 2720 1826 auferendas,
2766 1771 2820 1819 et
2852 1771 3065 1818 veteres
3093 1762 3244 1816 urbis
3269 1759 3492 1816 Jerusa-

1913 1854 2018 1909 lem
2059 1861 2221 1925 atque
2251 1870 2438 1910 eorum
2477 1855 2568 1926 qui
2601 1857 2656 1910 in
2685 1856 2775 1910 illa
2815 1855 3152 1926 imperabant
3182 1853 3489 1924 principum

1913 1961 1976 2001 ac
2006 1961 2213 2017 regum,
2251 1947 2345 2022 qui
2408 1955 2622 2002 montes
2669 1957 2721 2002 et
2751 1947 2918 2002 colles
2953 1947 3330 2009 nominantur,
3365 1945 3490 2004 alti-

1912 2034 2130 2090 tudines
2175 2035 2512 2105 dejiciendas
2563 2035 2914 2099 vaticinatur,
2959 2037 3159 2105 quibus
3205 2034 3484 2106 perfectis,

1915 2145 1934 2176 ι
1981 2125 2192 2192 Omnis,
2236 2127 2435 2198 inquit,
2477 2143 2607 2183 caro
2647 2127 2850 2182 videbit
2896 2129 3138 2183 salutare
3177 2127 3292 2183 Dei.
3320 2147 3338 2180 ι
3370 2127 3484 2182 Hoc

1908 2226 1992 2272 est
2017 2220 2196 2275 omnis
2230 2235 2570 2291 quaecunque
2611 2220 2828 2288 corpori
2859 2219 3072 2274 inclusa
3104 2219 3159 2272 in
3188 2225 3332 2273 terra
3366 2235 3487 2274 ver-

1908 2318 2062 2365 satur
2108 2312 2309 2376 anima,
2365 2320 2475 2366 tam
2530 2311 2889 2366 barbarorum
2933 2326 3096 2381 quam
3145 2308 3480 2375 Graecorum,

1906 2401 2009 2456 hoc
2057 2411 2159 2466 est,
2207 2403 2452 2459 omnium
2506 2405 2728 2459 omnino
2769 2403 3010 2475 gentium
3044 2418 3204 2473 :qum
3262 2402 3483 2473 quidem

1905 2495 2006 2564 ipsi
2043 2495 2304 2550 vaticinio
2355 2504 2721 2552 consentanea
2769 2497 2836 2552 ad
2900 2512 3060 2553 suum
3102 2496 3262 2550 tinem
3301 2510 3487 2565 perve-

1904 2586 2053 2641 nisse
2096 2586 2743 2659 demonstrantur.430
2773 2585 2908 2638 Dum
2941 2587 3109 2656 igitur
3155 2599 3366 2640 mecum
3400 2589 3484 2637 ta-

1902 2680 2045 2734 citus
2087 2694 2295 2748 quaero,
2328 2679 2520 2733 oborta
2561 2680 2694 2733 mihi
2743 2688 2827 2735 est
2872 2678 3166 2741 dubitatio,
3197 2675 3327 2746 quid
3360 2683 3484 2736 tan-

1900 2770 2022 2825 dem
2072 2771 2206 2827 illud
2256 2779 2405 2828 esset
2447 2773 2500 2826 in
2543 2771 2776 2836 Joanne,
2823 2755 2948 2842 quo'
2981 2780 3138 2842 capta
3189 2771 3481 2825 multitudo

1900 2863 1992 2917 illa
2045 2862 2408 2919 admiraretur
2441 2864 2740 2928 hominem,
2773 2871 2827 2919 et
2858 2863 3178 2933 praedicanti
3209 2863 3481 2932 baptisma

1898 2955 2230 3026 pmnitcntize
2265 2955 2426 3010 ﬁdem
2464 2957 2712 3020 haberet,
2741 2956 2986 3026 quidque
3011 2953 3144 3008 illud
3185 2970 3294 3024 quo
3326 2955 3479 3009 ducti

1897 3064 2090 3104 omnes
2125 3049 2366 3119 undique
2407 3049 2568 3103 rebus
2605 3049 2840 3119 propriis
2886 3047 3094 3102 relictis
3141 3045 3479 3100 conﬂuerent

1902 3144 1956 3196 in
1987 3140 2286 3204 desertum,
2317 3155 2441 3196 cum
2477 3123 2778 3210 praesertim
2815 3140 2964 3193 nulla
2998 3138 3146 3192 illius
3175 3147 3325 3207 gesta
3359 3151 3479 3191 me-

1899 3234 2087 3288 moria:
2111 3231 2323 3303 prodita
2359 3233 2470 3287 sint
2506 3249 2519 3284 :
2555 3245 2730 3300 neque
2761 3230 2908 3284 enim
2941 3227 3087 3299 quod
3118 3236 3212 3281 aut
3233 3233 3477 3280 mortuos

1897 3326 2248 3389 excitaverit,
2303 3331 2397 3377 aut
2449 3323 2556 3376 alia
2612 3322 2876 3376 miracula
2927 3319 3154 3381 fecerit,
3212 3319 3476 3387 scriptum

1898 3427 2100 3474 exstat.
2148 3417 2288 3484 Quid
2338 3417 2504 3486 igitur
2537 3415 2668 3470 illud
2701 3423 2818 3471 erat
2851 3413 2999 3485 quod
3050 3411 3476 3468 admirabundos

1896 3526 2088 3567 orunes
2130 3508 2428 3564 redderet?
2476 3506 2614 3562 Num
2650 3506 2886 3561 forsitan
2933 3520 3135 3560 novum
3182 3514 3235 3559 et
3266 3503 3409 3575 quod
3442 3519 3475 3559 a

1895 3601 2247 3658 multitudine
2277 3602 2596 3656 abhorreret
2625 3600 2749 3654 vitae
2778 3598 2927 3653 illius
2965 3599 3179 3669 genus?
3213 3597 3477 3668 procede-

1893 3697 1987 3751 bat
2023 3695 2166 3750 enim
2210 3711 2278 3750 ex
2317 3693 2533 3748 deserto
2574 3692 2897 3746 inusitatum
2945 3691 3171 3746 indutus
3199 3692 3469 3754 habitum,

1892 3802 2220 3857 omnemque
2267 3798 2608 3841 communem
2662 3783 2947 3838 hominum
3005 3784 3466 3840 consuetudinem

1893 3879 2213 3936 declinans:
2244 3893 2369 3933 nam
2419 3893 2595 3948 neque
2633 3877 2690 3931 in
2733 3876 2913 3932 vicum
2951 3877 3144 3939 ullum,
3187 3891 3364 3946 neque
3414 3876 3468 3930 in

1891 3970 2104 4033 urbem,
2137 3984 2314 4040 neque
2345 3969 2398 4023 in
2436 3982 2780 4022 communem
2810 3967 3047 4038 aliquem
3085 3966 3328 4021 virorum
3363 3981 3470 4021 cce-

1891 4071 2002 4115 tum
2045 4060 2406 4115 commeabat.
2459 4046 2564 4112 Sed
2617 4073 2686 4112 ne
2736 4058 2882 4112 victu
2926 4058 3142 4128 quidem
3188 4057 3465 4112 communi

1890 4153 2210 4208 vescebatur
2235 4171 2248 4206 :
2271 4151 2538 4222 siquidem
2571 4151 2834 4221 scriptum
2851 4157 2954 4214 est,
2985 4151 3131 4221 quod
3173 4168 3190 4200 ι
3214 4165 3243 4203 a
3271 4149 3464 4219 puerili

1889 4253 2045 4300 aetate
2075 4245 2131 4298 in
2162 4244 2458 4300 solitudine
2479 4250 2792 4299 versaretur
2819 4241 2884 4296 ad
2909 4243 3061 4297 illum
3094 4257 3266 4312 usque
3296 4242 3461 4304 diem,

1889 4352 1998 4408 quo
2028 4336 2134 4407 ipsi
2178 4335 2347 4392 lsrael
2377 4335 2782 4392 ostenderetur.
2819 4333 2963 4401 Quin
3010 4336 3175 4390 etiam
3221 4335 3341 4404 ejus
3371 4349 3464 4388 ve-

1821 4448 1864 4501 ι)
1895 4429 2210 4484 stimentum
2257 4445 2324 4482 ex
2360 4429 2486 4499 pilis
2515 4428 2846 4482 camelorum
2878 4425 3187 4482 confectum
3231 4435 3371 4490 erat,
3409 4433 3465 4482 et

1884 4521 2041 4578 cibus
2067 4522 2294 4576 locusta
2324 4530 2377 4577 et
2406 4521 2510 4576 mel
2542 4521 2842 4577 silvestre.»
2871 4519 3122 4590 Nunquid
3153 4520 3316 4590 igitur
3339 4535 3462 4574 cum

1885 4616 2084 4686 capillo
2123 4615 2342 4686 quidem
2393 4613 2694 4668 Naziraeum
2743 4611 2837 4666 Dei
2871 4613 3140 4676 viderent,
3181 4612 3296 4682 qui,
3343 4626 3466 4681 qua:

1885 4703 2052 4759 Deum
2098 4703 2258 4758 facile
2287 4703 2496 4767 deceat,
2546 4704 2737 4756 faciem
2784 4709 3108 4765 ostentaret,
3151 4701 3458 4756 vestimenti

1884 4802 2064 4850 autem
2097 4795 2418 4849 inusitatum
2471 4810 2643 4865 genus
2687 4795 2960 4856 indutum,
3005 4800 3227 4863 repente
3274 4791 3460 4846 nescio

1883 4887 2026 4942 unde
2079 4903 2110 4942 e
2155 4887 2378 4942 latebris
2437 4887 2749 4942 solitudinis
2800 4887 3180 4955 prodeuntem,
3237 4893 3291 4940 et
3335 4891 3458 4953 post
3523 4911 3526 4916 -

1881 4978 2348 5050 praedicationem,
2398 4994 2594 5034 rursus
2640 4979 2695 5032 in
2741 4977 3091 5032 solitudinem
3138 4983 3191 5030 et
3239 4977 3295 5029 in
3328 4976 3462 5029 late-

1880 5082 2007 5138 bras
2037 5081 2405 5146 recedentem,
2457 5082 2576 5137 sine
2623 5090 2773 5152 potu,
2803 5081 2924 5136 sine
2963 5079 3107 5145 cibo,
3157 5080 3462 5134 abhorren-

1878 5191 1986 5238 tem
2016 5197 2045 5237 a
2062 5183 2429 5248 multitudine,
2453 5184 2650 5238 merito
2677 5181 3164 5251 obstupescebant,
3191 5189 3327 5237 etne
3349 5181 3454 5235 ho-

1879 5278 2080 5332 minem
2135 5278 2354 5347 quidem
2404 5277 2559 5331 illum
2601 5294 2721 5333 esse
2769 5276 3220 5331 arbitrabantur?
3263 5275 3454 5347 quidni

1882 5370 2034 5424 illum
2083 5371 2174 5441 qui
2215 5372 2295 5425 vel
2319 5371 2470 5424 nullo
2514 5371 2638 5424 cibo
2670 5370 2974 5441 indigeret?
3014 5369 3266 5438 quocirca
3307 5384 3456 5424 eum-

1881 5460 2003 5516 dem
2048 5462 2299 5531 angelum
2345 5477 2468 5518 esse
2509 5460 2806 5516 credebant
2846 5461 2999 5515 illum
3031 5461 3207 5530 ipsum
3239 5460 3305 5515 de
3343 5476 3454 5529 quo

1877 5563 2143 5634 propheta
2176 5563 2434 5634 loquitur,
2463 5565 2592 5618 dum
2624 5561 2760 5618 dicit
2786 5583 2800 5620 :
2839 5582 2857 5616 ι
2891 5562 3028 5616 Ecce
3057 5575 3156 5630 ego
3188 5560 3341 5614 mitto
3363 5576 3454 5612 an-

1875 5677 2052 5748 gelum
2087 5681 2269 5723 meum
2314 5673 2440 5723 ante
2472 5665 2665 5725 faciem
2717 5673 2898 5730 tuam,
2927 5663 3019 5733 qui
3060 5659 3270 5733 parabit
3307 5659 3456 5714 viam
