3868 6192
553 224 650 281 67!

1166 230 1439 288 EUSEBII
1476 230 1958 289 CESARIENSIS
1984 231 2137 290 OPP.
2176 231 2381 292 PARS.
2412 231 2478 289 ll.
2519 263 2589 273 —
2634 227 3133 287 APOLOGETICA.
3682 229 3777 283 673

552 364 705 411 tuam
743 359 871 407 ante
905 360 960 406 te
980 349 1049 402 “.
1084 370 1104 403 ι
1137 348 1400 407 Eumdem
1439 349 1738 423 Scriptura:
1767 324 1945 407 locum
1992 352 2125 407 Mar-

2231 350 2335 425 τὴρ
2377 352 2433 406 δὲ
2471 350 2740 423 μαρτυρεῖ
2783 348 2990 417 λέγων’
3044 342 3275 399 «Ἦλθεν
3304 347 3335 398 ὁ
3388 345 3629 417 Ἰωάννης
3656 348 3780 418 πρὸς

553 461 654 517 cus
706 458 923 517 quoque
955 443 1292 515 evangelista
1341 445 1547 500 citavit.
1590 443 1737 512 Quin
1789 445 1953 499 etiam
2010 430 2126 515 ipse

557 514 814 592 Salvator
865 532 995 589 huic
1043 514 1121 593 rei
1172 536 1547 591 testimonium
1587 536 1847 598 exhibet,
1896 514 2125 594 dicens:

559 648 579 682 ι
613 626 774 683 Venit
820 623 1065 681 Joannes
1120 626 1189 681 ad
1238 643 1358 693 vos,
1403 645 1579 700 neque.
1620 629 1913 688 comedens
1952 646 2130 701 neque

552 720 767 784 bibens,
812 726 868 773 et
900 718 1107 785 dicitis,
1149 719 1479 776 daemonium
1530 722 1692 778 habet
1714 722 1780 777 “.
1821 743 1840 776 ι
1880 723 2131 780 lncredu-

553 810 636 864 los
677 808 821 863 enim
867 817 922 861 et
950 810 1214 867 adversus
1256 811 1541 866 veritatem
1577 812 1823 869 diﬂieiles
1866 824 1919 869 et
1948 815 2130 886 pervi-

551 916 730 965 caces,
765 901 1028 959 credibile
1067 910 1152 958 est
1184 911 1407 974 propter
1435 903 1569 959 illud
1593 920 1704 976 quo
1729 903 1970 963 Joannes
2008 913 2130 963 ute-

550 996 714 1052 batur
743 995 867 1050 vitte
918 1010 1122 1066 genus,
1159 996 1288 1050 talia
1338 996 1393 1051 in
1433 994 1584 1052 illum
1619 999 1822 1070 probra
1852 999 2126 1071 jactasse.

553 1087 697 1144 sicut
755 1088 1069 1143 econtrario
1119 1090 1213 1159 qui
1264 1089 1487 1146 virtutis
1521 1091 1668 1149 illius
1719 1107 1885 1149 sensu
1932 1092 2131 1150 allicie-

556 1181 778 1243 hantur,
825 1181 1079 1252 angelum
1117 1180 1485 1238 existimasse.
1518 1180 1645 1238 Haec
1676 1184 1846 1255 igitur
1887 1186 2129 1242 arbitror

554 1275 733 1344 ipsum
760 1272 1025 1329 Joannem
1059 1273 1400 1330 intuentibus
1433 1274 1874 1344 admirationem,
1911 1293 1976 1335 ac
2011 1290 2128 1335 stu-

554 1382 741 1438 porem
765 1381 895 1436 erga
922 1366 1200 1422 hominem
1227 1366 1477 1423 attulisse
1513 1386 1526 1421 :
1553 1376 1891 1440 quapropter
1906 1371 1973 1426 ad
2006 1387 2125 1428 eam

554 1462 751 1512 anima:
775 1456 1176 1528 purgationem,
1206 1472 1328 1527 qua:
1354 1456 1424 1511 ab
1452 1456 1545 1512 illo
1563 1456 2009 1526 denuntiabatur,
2032 1477 2129 1517 un-

555 1549 722 1618 dique
747 1549 1171 1606 concurrebant.
1200 1548 1359 1623 43],
1395 1548 1638 1606 Meminit
1665 1560 1846 1609 autem
1873 1554 2125 1626 hujusce,

557 1657 681 1714 quae
717 1641 786 1698 de
811 1642 905 1697 illo
933 1641 1127 1707 fertur,
1155 1642 1418 1710 historiae,
1440 1643 1605 1697 etiam
1633 1641 1907 1716 Josephus
1948 1647 2003 1703 in
2031 1647 2128 1704 de-

2234 444 2379 516 ύμᾶς
2414 443 2551 515 μήτε
2585 440 2781 495 ἐσθίων
2806 480 2820 505 ,
2874 441 3009 511 μήτε
3055 436 3223 490 πίνων
3248 475 3262 500 ,
3299 435 3395 490 καὶ
3421 435 3600 504 λέγετε
3621 452 3635 466 ·
3668 441 3782 490 Δαι-

2234 539 2414 611 μόνιον
2467 536 2599 609 ἔχει.
2638 556 2657 589 ι
2680 536 2818 600 Τοὺς
2871 532 2979 604 γὰρ
3011 528 3372 593 ἀπιστοῦντας
3410 530 3505 582 καὶ
3563 527 3690 600 πρὸς
3720 529 3781 582 τὰ

2229 627 2402 699 ἀληθῆ
2435 627 2714 700 δυσχερεῖς
2769 625 2861 678 καὶ
2906 621 3248 685 δυσενδότους
3302 618 3448 685 εἰκδς
3486 617 3555 693 ἦν
3582 620 3668 675 διὰ
3703 623 3781 675 τὸν

2228 719 2515 794 εἰρημένον
2569 717 2664 773 τοῦ
2723 717 2970 772 Ἰωάννου
3024 714 3136 786 βίον
3173 712 3396 768 τοιαῦτα
3447 713 3605 767 αὑτὸν
3643 713 3782 784 βλασ-

2228 831 2302 886 φη
2311 814 2434 884 μεῖν
2453 851 2468 876 ,
2527 810 2604 876 ὡς
2658 808 2893 881 ἔμπαλιν
2921 808 3048 871 τοὺς
3082 805 3523 879 συνῃσθημένους
3550 806 3647 876 τῆς
3675 808 3780 858 κατ’

2228 906 2389 961 αὐτὸν
2442 903 2648 977 ἀρετῆς
2700 901 2928 971 ἄγγελον
2978 898 3400 971 ὑπολαμϐάνειν.
3463 896 3645 951 Ταῦτα
3670 898 3782 966 γοῦν

2229 997 2466 1073 ήγοῦμαι
2536 998 2651 1061 τοῖς
2720 994 2812 1049 τὸν
2897 991 3151 1064 Ἰωάννην
3208 990 3375 1064 ὁρῶσι
3438 991 3622 1062 θαῦμα
3673 994 3781 1062 περὶ

2226 1089 2391 1145 αὐτοῦ
2436 1089 2740 1162 παρασχεῖν
2763 1103 2777 1118 ·
2850 1085 2929 1140 διὸ
2982 1086 3077 1139 καὶ
3129 1084 3451 1157 συνέτρεχον
3472 1082 3782 1154 πανταχόθεν

2229 1183 2321 1238 ἐπὶ
2373 1182 2473 1254 τὴν
2528 1180 2594 1234 δι’
2651 1176 2816 1233 αὐτοῦ
2849 1175 3257 1250 κηρυττομένην
3309 1177 3411 1246 τῆς
3459 1173 3641 1245 ψυχῆς
3696 1176 3781 1229 κά-

2228 1277 2440 1350 θαρσιν.
2524 1273 2814 1344 Μέμνηται
2872 1269 2931 1323 δὲ
2985 1268 3084 1341 τῆς
3166 1267 3286 1323 κατ’
3344 1267 3511 1321 αὐτὸν
3568 1267 3782 1339 ἱστορίας

2241 1366 2502 1440 Ἰώσηπος
2532 1369 2590 1421 ἐν
2634 1361 3089 1432 ὀκτωκαιδεκάτῳ
3133 1359 3234 1431 τῆς
3297 1356 3633 1426 Ἰουδαϊκῆς
3672 1359 3780 1426 Ἀρ-

2229 1459 2572 1531 χαιολογίας
2593 1498 2608 1524 ,
2669 1452 2856 1509 τοῦτον
2906 1452 3133 1526 γράφων
3185 1450 3277 1506 τὸν
3323 1450 3530 1524 τρόπον
3553 1466 3567 1481 ο
3629 1469 3649 1502 ι
3679 1450 3781 1503 Τισὶ

2226 1552 2283 1605 δέ
2335 1551 2445 1605 τῶν
2507 1547 2777 1603 Ἰουδαίων
2833 1545 3008 1599 ἐδόκει
3067 1542 3323 1597 ὀλωλέναι
3380 1543 3473 1596 τὸν
3540 1542 3781 1597 Ἰουδαίων

2230 1645 2458 1716 στρατὸν
2510 1640 2617 1696 ὑπὸ
2666 1638 2760 1694 τοῦ
2809 1636 2945 1692 Θεοῦ
2970 1677 2985 1702 ,
3036 1636 3131 1690 καὶ
3180 1635 3324 1707 μάλα
3364 1634 3591 1698 δικαίως
3632 1651 3781 1687 τιννυ-

557 1735 702 1788 cimo
753 1744 949 1789 octavo
993 1731 1242 1789 Iudaica:
1285 1732 1636 1805 Antiquitatis
1668 1736 1835 1803 libro,
1887 1737 1945 1793 in
1978 1739 2125 1796 hunc

2232 1737 2392 1808 μένου
2472 1732 2612 1789 κατὰ
2680 1729 2870 1802 ποινὴν
2954 1727 3201 1782 Ἰωάννου
3275 1724 3370 1779 τοῦ
3468 1726 3778 1796 καλουμένου

555 1823 776 1881 modum
800 1825 1051 1882 scribens
1079 1844 1094 1883 :
1124 1843 1144 1877 ι
1177 1825 1434 1881 Nonnulli
1474 1834 1654 1883 autem
1686 1824 2000 1885 Judaeorum
2028 1847 2129 1902 pu-

555 1916 746 1972 tabant
792 1916 917 1973 ideo
957 1917 1188 1988 periisse
1240 1916 1551 1974 Judaeorum
1606 1922 1929 1990 exercitum,
1980 1925 2126 1995 quod

554 2002 699 2062 Deus
727 2004 1034 2076 justissima
1075 2006 1267 2064 ulcisci
1310 2008 1548 2065 voluerit
1589 2011 1918 2083 supplicium
1961 2013 2129 2071 Joan-

553 2095 662 2160 nis,
699 2096 791 2167 qui
825 2095 1068 2167 Baptista
1109 2100 1413 2155 vocabatur
1441 2119 1455 2155 :
1482 2100 1628 2157 hunc
1655 2103 1803 2159 enim
1852 2106 2128 2163 occiderat

554 2187 800 2246 Herodes
843 2190 1021 2246 virum
1053 2190 1280 2258 bonum,
1307 2201 1361 2248 et
1386 2191 1607 2250 Juda'os
1649 2193 2033 2255 adhortantem
2068 2207 2127 2256 ut

550 2281 943 2337 exercitatione
966 2280 1210 2345 virtutis,
1258 2290 1559 2354 mutuaque
1597 2284 1740 2341 inter
1793 2285 2007 2357 seipsos
2034 2288 2120 2359 ju-

2234 1826 2556 1885 Βαπτιστοῦ.
2614 1824 2829 1881 Κτείνει
2881 1822 2990 1893 γὰρ
3038 1818 3226 1874 τοῦτον
3297 1817 3544 1893 Ἡρώδης
3607 1819 3778 1883 ἀγαθὸν

2232 1921 2398 1994 ἄνδρα
2419 1962 2434 1987 ,
2524 1917 2620 1973 καὶ
2689 1916 2802 1977 τοῖς
2870 1910 3148 1973 Ἰουδαίοις
3230 1908 3521 1964 κελεύοντα
3607 1908 3779 1980 ἀρετὴν

2232 2011 2563 2076 ἐπασκοῦσι,
2623 2007 2719 2063 καὶ
2764 2009 2830 2078 τῇ
2869 2004 3007 2077 πρὸς
3028 2003 3287 2075 ἀλλήλους
3313 1998 3659 2074 δικαιοσύνῃ,
3701 2002 3779 2053 καὶ

2231 2106 2369 2178 πρὸς
2420 2103 2553 2158 Θεὸν
2603 2098 2857 2171 εὐσεϐείᾳ
2909 2095 3211 2169 χρωμένοις
3264 2092 3561 2164 βαπτισμῷ
3625 2091 3777 2145 συνιέ-

2230 2214 2317 2252 ναι
2345 2213 2358 2227 ·
2416 2193 2559 2248 οὕτω
2603 2188 2714 2262 γὰρ
2773 2188 2839 2261 δὴ
2889 2188 2991 2242 καὶ
3050 2184 3149 2257 τὴν
3202 2183 3454 2256 βάπτισιν
3504 2182 3778 2253 ἀποδεκτὴν

2230 2288 2380 2362 αὐτῷ
2432 2282 2734 2359 φαίνεσθαι.
2749 2301 2768 2334 ι

550 2370 707 2427 stitia
747 2381 911 2444 atque
960 2387 1088 2445 erga
1153 2373 1321 2430 Deum
1381 2375 1583 2448 pietate
1625 2385 1863 2449 utentes,
1912 2381 1979 2437 ad
2027 2382 2365 2460 baptismum
2401 2378 2724 2437 accederent
2750 2395 2763 2432 :
2789 2374 2871 2433 sic
2911 2387 3148 2445 namque
3180 2369 3518 2427 ablutionem
3587 2381 3777 2442 quoque

554 2456 665 2534 ipsi
695 2463 869 2518 videri
901 2471 1202 2533 acceptam.
1236 2483 1254 2516 ι

550 2573 632 2629 Ab
655 2572 981 2650 _eodgm._—
1011 2573 1147 2650 Item
1169 2574 1243 2650 _de
1277 2576 1582 2650 solitudine,
1614 2578 1827 2650 ipsoque
1875 2585 2120 2640 nomina-

625 2645 722 2769 (ἐπὶ
765 2644 1003 2768 .‘lordane
1052 2644 1235 2715 ﬂuvio,
1285 2647 1426 2716 apud
1473 2644 1893 2718 quem'lohnnet
1948 2653 2123 2727 bapti-

625 2732 689 2769 za
729 2732 759 2769 a
791 2755 807 2769 .
1100 2754 1122 2769 .

623 2732 807 2769 zaoat.
1100 2754 1123 2784 ,

627 2846 646 2881 ι
681 2828 908 2895 Laetare,
938 2829 1175 2886 solitudo
1206 2828 1400 2885 sitiens
1425 2848 1439 2885 :
1463 2830 1700 2887 exsultet
1731 2831 2034 2903 desertum,
2070 2844 2125 2894 et

550 2919 745 2976 ﬂoreat
780 2930 840 2976 ut
870 2920 1067 2989 lilium,
1103 2929 1158 2978 et
1193 2921 1516 2977 emorebunt
1551 2930 1608 2979 et
1646 2925 2000 2983 exsultabunt
2028 2929 2127 2986 de-

2237 2585 2382 2644 Ἀπύ
2429 2583 2559 2657 (ad
2579 2578 2803 2657 αὐτοῦ.
2831 2609 2904 2622 —-
2930 2560 3063 2657 ξἙτῖ
3076 2576 3231 2657 ’περὶ
3264 2575 3376 2657 τῇς
3405 2575 3647 2647 ἐρήμου,
3693 2574 3775 2657 καί

2296 2654 2484 2711 αὐτοῦ
2499 2652 2607 2723 -δὴ
2659 2648 2957 2723 ὀιτομασίτὶΔ
2982 2646 3107 2723 τοῦ
3150 2645 3472 2723 ςιορδάνοῡ
3510 2645 3773 2716 ποταμοῦ,

2298 2725 2433 2795 παρ’
2487 2717 2537 2791 ᾧ
2592 2715 2885 2789 ’Ἰωάνῖνης
2932 2715 3256 2779 ἐϐάπτιζεν,

2305 2835 2713 2911 «Εὐφράνθητι,
2768 2834 2973 2908 ἔρημος
3019 2829 3257 2902 διψῶσα·
3314 2828 3653 2901 ἁγαλλιάσθω
3678 2829 3775 2901 ἕρη.

2233 2949 2370 3004 μος,
2431 2929 2528 2985 καὶ
2585 2926 2811 2983 ἀνθείτω
2872 2926 2947 2991 ὠς
3015 2923 3198 2996 κρίνον
3221 2964 3236 2989 ,
3324 2923 3418 2977 καὶ
3476 2920 3771 2993 ἐξανθήσει,

550 3021 696 3068 serta
720 3010 998 3079 Jordanis,
1033 3015 1087 3069 e't
1113 3013 1287 3085 gloria
1318 3012 1511 3069 Libani
1552 3013 1683 3071 data
1717 3025 1801 3074 est
1829 3019 1900 3087 ei,
1940 3028 1995 3077 et
2025 3022 2125 3078 ho~

2231 3026 2319 3080 καὶ
2373 3022 2756 3095 ἀγαλλιάσεται
2814 3018 2884 3074 τὰ
2938 3017 3120 3090 ἔρημα
3179 3016 3272 3071 τοῦ
3338 3015 3597 3087 Ἰορδάνου
3621 3030 3635 3044 ·
3696 3014 3771 3066 καὶ

550 3120 654 3159 nor
679 3103 941 3169 Carmeli,
973 3115 1028 3160 et
1064 3106 1303 3177 populus
1336 3121 1489 3163 meus
1518 3106 1721 3164 videbit
1761 3111 1991 3182 gloriam
2015 3112 2125 3169 Do-

550 3196 686 3252 mini
708 3196 773 3253 “.
801 3216 821 3250 ι
859 3196 1075 3264 Quibus
1131 3198 1418 3270 adjungit:
1456 3218 1475 3251 ι
1502 3198 1901 3271 Convalescite,
1929 3221 2127 3263 manus

550 3288 822 3357 remissae,
867 3299 923 3345 et
964 3305 1143 3361 genua
1196 3291 1417 3347 soluta:
1451 3293 1814 3349 consolamini
1846 3298 2128 3368 pusillani-

552 3396 671 3436 mes
724 3382 1002 3438 intellectu
1048 3400 1063 3440 :
1117 3383 1558 3451 conﬁrmamini,
1614 3402 1685 3443 ne
1726 3387 1932 3445 timete.
1984 3389 2125 3448 Ecce

551 3469 697 3529 Deus
730 3482 918 3530 noster
940 3474 1212 3546 judicium
1245 3461 1448 3555 reddit,
1480 3485 1533 3534 et
1564 3478 1774 3536 reddet.
1798 3478 1919 3554 ipse
1947 3484 2126 3540 veniet

549 3575 605 3621 et
625 3565 861 3621 salvahit
888 3583 1010 3624 nos.
1045 3566 1201 3625 Tunc
1233 3571 1550 3640 aperientur
1571 3572 1714 3627 oculi
1743 3587 2037 3641 caecorum,
2070 3584 2126 3632 et

550 3672 712 3714 aures
757 3660 1049 3717 surdorum
1085 3661 1328 3719 audient.
1373 3661 1528 3720 Tune
1570 3664 1746 3730 saliet,
1797 3673 1859 3721 ut
1904 3682 2122 3733 cervus,

549 3752 801 3819 claudus,
831 3762 885 3810 et
932 3754 1093 3826 plana
1128 3751 1237 3811 erit
1277 3755 1460 3826 lingua
1516 3764 1816 3812 mutorum.
1845 3755 2121 3825 Quoniam

548 3846 730 3915 erupit
773 3846 831 3902 in
882 3846 1102 3902 deserto
1144 3861 1308 3917 aqua,
1361 3854 1415 3904 et
1452 3849 1697 3904 scissura
1744 3848 2021 3907 inundans
2068 3850 2124 3907 in

549 3946 695 3995 terra
741 3938 948 3996 sitienti
984 3938 1050 3992 “.
1082 3957 1101 3991 ι
1159 3935 1287 3995 Haec
1342 3947 1524 3996 autem
1584 3939 1887 3998 Salvatoris
1947 3944 2126 3999 nostri

548 4030 709 4100 plane
753 4030 1172 4092 admirabilibus
1223 4030 1393 4103 gestis
1452 4033 1723 4104 completa
1784 4041 1950 4100 sunt,
2004 4044 2127 4106 post

546 4120 776 4179 Joannis
814 4122 1280 4193 praedicationem.
1316 4123 1700 4195 Contemplare
1728 4125 1917 4198 igitur,
1943 4142 2128 4199 quem-

550 4214 841 4269 admodum
879 4215 1234 4271 solitudinem
1279 4216 1593 4288 evangelice
1638 4216 1899 4286 instruit,
1949 4207 2166 4290 neque.

2227 3120 2261 3190 ἡ
2310 3117 2438 3186 δόξα
2490 3114 2587 3170 τοῦ
2632 3112 2866 3169 Λιϐάνου
2917 3109 3071 3182 ἐδόθη
3120 3110 3258 3181 αὐτῇ
3284 3149 3299 3173 ,
3354 3108 3448 3163 καὶ
3477 3110 3511 3180 ή
3543 3105 3669 3179 τιμὴ
3697 3103 3769 3157 τοῦ

2226 3209 2527 3284 Καρμήλου
2550 3248 2566 3275 ,
2640 3207 2734 3262 καὶ
2810 3210 2839 3261 ὁ
2893 3205 3021 3271 λαός
3097 3221 3199 3277 μου
3254 3202 3445 3275 ὄψεται
3498 3201 3591 3272 τήν
3637 3198 3769 3263 δόξαν

2226 3301 2430 3374 Κυρίου
2452 3317 2467 3332 ο
2498 3317 2518 3353 ι
2573 3292 2654 3365 οἷς
2706 3296 2945 3367 ἐπιλέγει
2970 3313 2985 3327 °
3048 3314 3067 3347 ι
3089 3293 3365 3365 ’ἰσχύσατε
3387 3334 3403 3359 ,
3464 3293 3633 3365 χεῖρες
3658 3292 3773 3344 evet-

2228 3395 2385 3466 μέναι
2407 3433 2423 3460 ,
2472 3392 2568 3447 καὶ
2604 3393 2806 3460 γόνατα
2849 3385 3268 3462 παραλελυμένα
3290 3401 3306 3416 ·
3361 3382 3767 3456 παρακαλέσατε,

2223 3488 2272 3540 οἱ
2310 3484 2614 3556 ὀλιγόψυχοι
2665 3485 2731 3555 τῇ
2758 3480 2964 3553 διανοίᾳ
2986 3521 3001 3548 ,
3057 3478 3308 3551 ίσχύσατε
3332 3518 3347 3541 ,
3405 3476 3480 3549 μὴ
3528 3473 3768 3547 φοϐεῖσθε.

2240 3576 2367 3632 Ἰδοὺ
2413 3579 2442 3631 ὁ
2496 3575 2629 3640 Θεὸς
2667 3573 2824 3648 ήμῶν
2866 3574 3046 3646 κρίσιν
3098 3569 3510 3631 ἀνταποδίδωσι,
3541 3566 3631 3621 καὶ
3659 3567 3767 3620 ἀντ·

2225 3669 2515 3725 αποδώσει.
2598 3668 2770 3733 Αὐτὸς
2826 3666 2983 3739 ἥξει,
3047 3665 3143 3720 καὶ
3200 3661 3365 3717 σώσει
3426 3663 3585 3734 ήμᾶς.
3658 3658 3767 3712 Τότε

2225 3762 2637 3835 άνοιχθήσονται
2705 3752 2983 3832 ὀφθαλμοῐ
3029 3756 3245 3828 τυφλῶν
3273 3796 3288 3818 ,
3340 3754 3436 3809 καὶ
3519 3747 3649 3812 ὦτα,
3674 3767 3766 3803 κω·

2225 3853 2341 3927 φῶν
2395 3852 2717 3910 ἀκούσονται
2739 3870 2755 3886 “
2806 3852 2927 3908 τότε
2979 3850 3188 3905 ἁλεῖται
3241 3847 3316 3912 ὡς
3373 3846 3568 3916 ἔλαφος
3616 3846 3643 3897 ὁ
3686 3860 3769 3913 χω-

2224 3948 2316 4013 λὸς
2338 3987 2353 4012 ,
2413 3947 2507 4003 καὶ
2544 3946 2717 4020 τρανὴ
2764 3944 2917 3999 ἐσται
2970 3941 3189 4013 γλῶσσα
3224 3937 3562 4011 μογιλάλωνι·
3598 3936 3673 3990 ὅτι
3699 3935 3767 4003 Ep-

2229 4039 2372 4115 ράγη
2432 4042 2491 4094 ἐν
2543 4042 2610 4113 τῇ
2669 4039 2859 4112 ἐρήμῳ
2919 4033 3129 4127 ,Δ
3182 4033 3308 4127 mti—
3345 4027 3562 4127 φάραγξ
3610 4031 3663 4127 ἐν

2225 4130 2487 4206 διψώσῃ.»
2550 4130 2669 4184 Καὶ·
2703 4127 2877 4183 ταῦτα
2926 4125 3014 4181 διὰ
3062 4123 3169 4179 τῶν
3214 4122 3310 4177 τοῦ
3348 4123 3596 4196 Σωτῆρος
3636 4121 3766 4190 ἡμῶν

2226 4222 2521 4295 προφανῶς
2581 4218 2901 4292 παραδόξων
2959 4216 3136 4289 ἔργων
3193 4213 3494 4287 ἐπληροῦτο
3548 4210 3675 4284 μετὰ
3718 4206 3767 4258 τὸ

550 4305 607 4362 id
631 4306 957 4378 simpliciter
975 4313 1070 4362 aut
1096 4308 1351 4379 quamvis
1373 4307 1744 4378 solitudinem,
1778 4310 1875 4367 sed
1902 4310 2123 4367 definite

2239 4315 2485 4369 Ἰωάννου
2556 4312 2836 4384 κήρυγμα.
2934 4309 3076 4380 Ὅρα
3102 4304 3388 4411 τοιγριροῦν
3412 4344 3428 4369 ,
3688 4299 3766 4368 τὴν

550 4397 701 4451 illam
732 4405 787 4451 et
819 4398 1013 4464 solam,
1052 4413 1174 4468 quia:
1213 4405 1299 4457 est
1347 4399 1492 4471 apud
1518 4398 1811 4456 Jordanem
1849 4400 2071 4457 ﬂuvium
2101 4420 2115 4459 :

548 4486 993 4562 quandoquidem
1033 4489 1189 4559 juxta
1225 4491 1369 4545 hanc
1396 4507 1624 4549 versans
1664 4488 1905 4549 Joannes
1946 4494 2122 4563 bapti-

2226 4405 2431 4479 ἔρημον
2480 4403 2927 4473 εὐαγγελίζεται,
2989 4400 3089 4470 ούχ
3136 4396 3321 4461 ἁπλῶς
3347 4436 3363 4460 ,
3414 4395 3537 4449 οὐδὲ
3573 4392 3665 4467 τήν
3692 4408 3767 4442 zu-

2220 4496 2447 4569 χοῦσαν,
2499 4494 2612 4548 ἀλλ’
2688 4493 2904 4564 ἐκείνην
2965 4489 3399 4562 ἀφωρισμένως,
3477 4487 3570 4543 καὶ
3630 4485 3766 4561 μόνην

549 4580 731 4644 zabat,
766 4587 826 4633 ut
862 4577 1144 4650 Scriptura
1173 4581 1291 4653 ipsa
1320 4581 1479 4637 ﬁdem
1511 4582 1659 4648 facit,
1690 4584 1882 4642 dicens
1908 4604 1921 4639 :
1946 4603 1966 4636 ι
1994 4584 2122 4640 Erat

2231 4589 2318 4660 τὴν
2368 4586 2521 4659 παρὰ
2571 4585 2649 4658 τῷ
2712 4585 2952 4656 Ἰορδάνῃ
2997 4580 3257 4654 ποταμῷ·
3313 4579 3613 4653 ἐπειδήπερ
3643 4573 3764 4646 παρὰ

545 4668 788 4727 Joannes
818 4670 872 4725 in
902 4670 1201 4727 solitudine
1235 4672 1543 4744 baptizans,
1577 4682 1631 4730 et
1653 4673 1836 4729 exibat
1873 4674 1938 4730 ad
1967 4674 2119 4728 illum

547 4763 727 4819 cannis
770 4761 956 4819 Judrea
1014 4764 1203 4835 regio,
1257 4773 1312 4821 et
1368 4765 1867 4839 Hierosolymorum
1930 4767 2121 4823 incolae

547 4871 760 4919 omnes,
784 4865 838 4913 et
861 4856 1283 4928 baptizabantur
1298 4860 1365 4915 ab
1389 4859 1482 4915 illo
1502 4860 1557 4915 in
1571 4859 1810 4916 Iordane
1831 4861 1898 4916 “.
1926 4879 1944 4912 ›
1967 4859 2120 4914 lianc

551 4948 713 5018 igitur
751 4950 1104 5005 solitudinem
1133 4949 1253 5020 ejus
1285 4965 1406 5021 quae
1439 4954 1712 5023 quondam
1753 4953 1823 5009 ab
1865 4954 2122 5008 omnibus

548 5038 709 5097 bonis
749 5041 967 5097 deserta
1006 5051 1159 5108 erat,
1203 5043 1329 5099 dico
1368 5053 1548 5099 autem
1577 5044 1740 5119 432
1766 5045 2009 5100 coilectae
2056 5043 2124 5100 de

548 5132 803 5201 gentibus
828 5132 1105 5197 Ecclesiae,
1140 5136 1357 5206 signum
1395 5145 1610 5208 gestare
1646 5138 1906 5204 arbitror,
1941 5138 2122 5208 ipsum

550 5240 679 5279 vero
709 5222 931 5279 ﬂuvium
983 5228 1038 5283 in
1080 5228 1393 5293 solitudine,
1428 5238 1752 5302 purgantem
1787 5245 1982 5287 omnes
2026 5229 2123 5301 qui

2227 4680 2401 4754 ταύτῃ
2475 4676 2763 4749 διατρίϐων
2821 4677 2850 4729 ὁ
2916 4674 3168 4745 Ἰωάννης
3222 4671 3558 4739 ἐϐάπτιζεν,
3627 4670 3695 4733 ὡς
3739 4667 3763 4734 ἡ

2228 4775 2420 4848 Γραφὴ
2456 4774 2739 4846 μαρτυρεῖ,
2787 4769 3021 4839 λέγουσα
3048 4785 3063 4799 ·
3125 4786 3145 4819 ι
3166 4766 3410 4836 Ἐγένετο
3455 4765 3691 4835 Ἰωάννης
3723 4760 3766 4810 ἐν

2230 4869 2295 4940 τῇ
2359 4868 2547 4939 ἐρήμῳ
2582 4859 2854 4936 βαπτίζων
2880 4901 2895 4926 ,
2952 4860 3045 4915 καὶ
3075 4857 3427 4931 ἐξεπορεύετο
3474 4857 3606 4929 πρὸς
3634 4852 3765 4908 αὑτὸν

2231 4961 2380 5013 πᾶσα
2430 4960 2463 5029 ή
2508 4955 2735 5010 Ἰουδαία
2781 4952 2934 5025 χώρα
2959 4995 2973 5019 ,
3010 4953 3105 5005 καὶ
3131 4952 3181 5005 οί
3225 4949 3641 5022 Ἱεροσολυμῖται
3664 4944 3767 4997 πάν-

2224 5068 2314 5115 τες
2336 5090 2352 5115 ,
2403 5049 2496 5103 καὶ
2527 5047 2880 5112 ἐϐαπτίζοντο
2928 5046 3019 5098 ὑπ’
3054 5041 3219 5098 αὐτοῦ
3251 5044 3309 5097 ἐν
3346 5041 3425 5113 τῷ
3491 5039 3726 5113 Ἰορδάνῃ.
3748 5052 3761 5079 ι

2225 5143 2337 5214 Τὴν
2390 5142 2487 5213 μὲν
2536 5135 2629 5195 οὖν
2658 5139 2863 5211 ἔρημον
2886 5177 2902 5204 ,
2950 5136 3053 5208 τῆς
3085 5135 3252 5189 πάλαι
3280 5133 3499 5188 πάντων
3522 5132 3628 5188 τῶν
3655 5123 3767 5183 κατά

2224 5234 2356 5291 Θεὸν
2412 5233 2630 5305 ἀγαθῶν
2683 5232 2888 5303 ἐρήμου
2916 5273 2932 5299 ,
2989 5229 3135 5298 λέγω
3162 5227 3225 5300 δὴ
3253 5229 3353 5301 τῆς
3382 5227 3443 5296 ἐξ
3468 5226 3632 5281 ἐθνῶν
3672 5221 3766 5274 Ἐκ·

548 5316 605 5375 in
642 5318 762 5387 ipso
808 5318 1183 5387 abluerentur,
1243 5322 1582 5393 purgationis
1632 5322 1956 5392 cujusdam,
2003 5336 2125 5394 quae

2231 5324 2459 5397 κλησίας
2487 5364 2502 5390 ,
2585 5320 2849 5395 σύμϐολον
2914 5319 3192 5393 περιέχειν
3246 5317 3487 5390 ἡγοῦμαι
3516 5357 3531 5384 ,
3585 5314 3667 5369 τὸν
3717 5305 3761 5360 δὲ

551 5411 853 5465 secundum
905 5415 1237 5470 sententiam
1285 5414 1643 5487 intelligatur,
1690 5415 1982 5488 imaginem
2031 5430 2126 5487 ge-

551 5513 856 5572 rere,”qua
906 5505 975 5560 de
1030 5521 1092 5561 re
1132 5506 1434 5579 loquuntur
1488 5504 1784 5578 Scriptura:
1820 5506 2067 5565 dicentes
2104 5524 2118 5563 :

2227 5416 2471 5488 ποταμὸν
2514 5415 2606 5470 τὸν
2657 5414 2750 5469 ἐπὶ
2774 5414 2876 5499 τῆς
2905 5413 3114 5486 ἐρήμου
3140 5452 3156 5479 ,
3211 5411 3541 5485 καθαίροντα
3592 5409 3766 5499 πάντας

2221 5508 2349 5571 τοὺς
2392 5494 2814 5579 ἅπολουομένους
2839 5508 2896 5560 ἐν
2923 5502 3073 5576 αύτῷ
3092 5544 3108 5570 ,
3161 5502 3458 5576 καθαρσίου
3481 5501 3618 5567 τινὸς
3644 5492 3761 5553 εἶναι
3794 5571 3798 5579 ,

623 5675 670 5709 δ’
706 5674 934 5732 Μαιαοιι.
970 5693 1064 5747 ιιι,
1101 5679 1152 5739 ι.
1230 5682 1276 5715 ⁵³
1315 5681 1504 5739 Matth.
1539 5699 1625 5754 ιι,
1660 5683 1748 5742 18.
1823 5685 1868 5718 ⁵⁸
1906 5681 2011 5742 lsa.
2048 5699 2125 5740 xx:

2261 5682 2313 5749 1,
2342 5682 2397 5739 2.
2473 5683 2520 5718 ”
2560 5682 2823 5742 ibid.5-6.
2898 5684 2944 5719 “
2982 5681 3148 5740 lare.
3181 5697 3239 5752 ι,
3266 5681 3323 5739 5.
