3922 6200
213 233 330 287 (373

1047 269 1054 278 .
1117 225 1776 286 DEMONSTRA'NONIS
1813 224 2275 286 EVANGELICE
2316 229 2444 288 LIB.
2481 227 2581 292 IX.

3352 226 3486 316 ,ϐτί

213 344 363 400 κατά
395 342 635 398 διάνοιαν
669 341 1044 416 θεωρουμένου
1085 343 1268 398 εἰκόνα
1293 383 1310 410 ,
1364 345 1494 418 περὶ
1537 341 1599 402 οῦ
1628 347 1806 400 διαλα-

1918 365 1936 398 ι
1964 344 2235 403 Fluminis
2280 346 2516 417 impetus
2549 343 2790 400 laatiﬁcat
2829 344 3102 400 civitatem
3128 343 3219 400 Dei
3243 345 3308 404 ετ.
3346 366 3364 399 i
3398 346 3476 401 Si-

211 437 403 491 λοῦσιν
445 437 501 490 αἱ
527 437 742 508 Γραφαὶ
790 436 1081 506 λέγουσαι·
1144 437 1281 491 «Τοῦ
1337 439 1581 511 ποταμοῦ
1615 438 1684 494 τὰ
1711 442 1802 513 6p-

213 531 452 602 μήματα
481 528 832 600 εὐφραίνουσι
869 527 967 601 τὴν
1007 529 1160 583 πόλιν
1201 529 1294 583 τοῦ
1328 530 1518 584 Θεοῦ.»
1594 531 1800 603 Σημαί-

207 640 297 676 νει
352 622 408 675 δὲ
451 620 607 676 τοῦτο
654 621 752 692 τὴν
787 620 980 674 ἀέναον
1020 621 1281 694 ἐπιρροήν
1325 622 1419 676 τοῦ
1455 623 1600 677 θείου
1630 623 1801 676 Πνεύ-

213 733 391 786 ματος
411 755 424 780 ,
472 713 678 770 ἄνωθεν
707 713 1042 784 πηγάζοντος
1065 756 1080 780 ,
1113 714 1207 768 καὶ
1237 713 1333 786 τὴν
1362 715 1455 768 τοῦ
1485 715 1619 768 Θεοῦ
1645 715 1798 768 πόλιν

207 808 472 879 ἄρδοντός
499 848 512 871 ,
573 805 714 860 οὕτω
773 805 1111 877 καλουμένης
1167 806 1267 876 τῆς
1297 805 1440 860 κατὰ
1483 806 1614 860 Θεὸν
1651 806 1800 859 πολι-

205 899 385 963 τείας.
463 890 632 962 Οὗτος
671 897 734 969 δὴ
779 894 872 952 οὖν
903 897 1144 968 ποταμὸς
1171 898 1264 952 τοῦ
1313 897 1447 951 Θεοῦ
1489 899 1584 952 καὶ
1636 898 1798 970 μέχρι

206 992 317 1062 τῆς
355 991 560 1063 ἐρήμου
596 989 924 1062 κατελήλυθε
948 1029 961 1048 .
1019 988 1216 1061 δηλαδὴ
1252 989 1351 1060 τῆς
1383 989 1440 1054 ἐξ
1469 989 1638 1043 ἐθνῶν
1678 991 1799 1043 Ἐκ-

209 1082 487 1155 κλησίας,
529 1083 624 1136 καὶ
673 1081 842 1154 ταύτῃ
891 1080 1000 1135 τῶν
1048 1083 1105 1135 ἐν
1136 1080 1284 1152 αύτῷ
1327 1080 1572 1146 ζωτικῶν
1619 1081 1796 1153 ναμά-

207 1193 326 1229 των
358 1174 524 1228 είσέτι
568 1174 662 1228 νῦν
692 1175 1028 1246 ἐπιχορηγεῖ.
1087 1173 1232 1244 Πρὸς
1270 1172 1479 1236 τούτοις
1527 1175 1559 1245 ἡ
1595 1191 1799 1246 προφη-

167 1267 338 1321 -τεία
391 1268 456 1337 τῇ
520 1264 822 1338 δηλωθείσῃ
877 1265 1071 1337 ἐρήμῳ
1125 1261 1444 1334 δοθήσεσθαι
1497 1279 1628 1334 φησι
1700 1263 1797 1336 τὴν

207 1359 372 1426 δόξαν
414 1357 508 1411 τοῦ
555 1356 792 1411 Λιϐάνου
817 1395 832 1419 ,
887 1356 978 1408 καὶ
1009 1355 1109 1427 τὴν
1140 1354 1304 1426 τιμὴν
1347 1354 1438 1408 τοῦ
1473 1355 1792 1428 Καρμήλου.

208 1451 314 1514 Τίς
363 1450 408 1503 δ’
457 1451 600 1503 ἔστιν
655 1451 688 1520 ἡ
729 1448 856 1514 δόξα
907 1446 999 1501 τοῦ
1052 1445 1270 1500 λιϐάνου
1311 1447 1342 1518 ἦ
1385 1447 1538 1519 ἡδιὰ
1576 1447 1794 1514 θυσιῶν,

207 1540 363 1595 κατὰ
388 1541 480 1593 τὸν
516 1540 794 1604 Μωῦσέως
841 1539 1004 1610 νόμον
1030 1577 1044 1602 ,
1091 1538 1483 1612 ἐπιτελουμένη
1533 1539 1792 1612 λατρεία;

1905 437 2127 509 gniﬁcat
2169 453 2334 508 porro
2392 439 2500 494 hoc
2545 444 2864 510 perpetuam
2911 435 3264 492 inﬁuxionem
3310 439 3483 495 divini

1904 529 2165 599 Spiritus.
2187 530 2279 601 qui
2321 528 2556 600 desuper
2589 528 2836 593 inundat,
2871 537 2924 582 et
2963 527 3058 583 Dei
3092 529 3366 584 civitatem
3405 532 3484 584 ir-

1900 621 2062 692 rigat,
2116 623 2197 677 sic
2239 629 2417 677 autem
2452 629 2680 676 vocatur
2712 621 2838 674 vita:
2881 635 3076 691 genus,
3131 621 3252 689 ejus
3297 637 3418 692 quae
3449 638 3480 677 a

1901 713 2012 770 Deo
2045 714 2320 785 dirigitur.
2355 713 2455 768 Hic
2484 713 2650 783 igitur
2673 713 2768 768 Dei
2799 710 2998 768 ﬂuvius
3029 728 3203 783 usque
3251 715 3316 768 ad
3350 716 3482 769 soli-

1898 805 2143 860 tudinem
2193 807 2445 873 devenit,
2499 809 2782 862 collectam
2832 805 3086 861 videlicet
3117 806 3184 862 de
3230 809 3483 876 gentibus

1899 896 2200 953 Ecclesium
2222 919 2234 953 :
2254 906 2308 953 et
2334 899 2463 954 huic
2491 914 2629 970 quas
2653 901 2707 953 in
2733 915 2792 954 se
2815 898 2934 968 ipso
2967 898 3130 954 habet
3153 915 3324 970 aquas
3343 902 3482 956 vita-

1899 986 1981 1045 les
2019 990 2182 1044 ctiam
2224 1006 2371 1046 nunc
2400 991 2616 1046 abunde
2649 992 2900 1062 largitur.
2931 990 3128 1046 Postea
3167 993 3309 1047 idem
3343 995 3480 1048 vati-

1899 1082 2102 1136 cinium
2149 1083 2324 1138 eidem
2382 1085 2667 1140 solitudini
2719 1085 2866 1138 canit
2898 1083 3085 1139 datum
3137 1086 3204 1139 iri
3250 1087 3477 1156 gloriam

1903 1168 2116 1241 Libani,
2149 1183 2203 1231 et
2229 1165 2492 1232 honorem
2526 1179 2763 1234 Carmeli
2795 1196 2806 1231 :
2835 1177 2931 1233 sed
2961 1194 3212 1249 quamam
3243 1188 3328 1235 cst
3360 1181 3478 1250 glu-

1897 1264 1976 1318 ria
2006 1264 2240 1321 Carmeli
2271 1267 2379 1322 nisi
2416 1268 2463 1323 is
2491 1267 2585 1338 qui
2617 1283 2680 1322 cx
2713 1267 2830 1338 lege
2872 1266 3038 1322 Mosis
3081 1283 3178 1338 per
3207 1267 3477 1324 sacriﬁcia

1897 1357 2278 1414 celebrabatur
2317 1360 2498 1415 ritus?
2530 1375 2689 1430 quem
2725 1361 2818 1414 ubi
2857 1361 3165 1430 repudiavit
3199 1361 3342 1416 Deus
3383 1378 3480 1432 per

1896 1467 2015 1507 eam
2051 1453 2394 1523 prophetiam
2423 1469 2543 1523 quae
2568 1453 2642 1506 ait
2671 1471 2683 1506 :
2722 1471 2740 1504 ι
2769 1453 2880 1508 Cur
2921 1454 3052 1508 mihi
3083 1454 3211 1509 thus
3239 1453 3306 1509 de
3334 1451 3478 1509 Saba

1897 1543 2137 1600 aﬁ‘ertis?
2162 1551 2215 1599 et
2249 1543 2380 1615 quid
2432 1544 2564 1598 mihi
2605 1544 2898 1599 multitudo
2943 1543 3337 1599 sacriﬁciorum
3384 1561 3481 1600 ve-

207 1631 280 1702 ἥν
330 1629 804 1702 παραιτησάμενος
835 1631 863 1683 6
913 1628 1046 1693 Θεὸς
1080 1629 1169 1684 διὰ
1220 1629 1320 1700 τῆς
1357 1629 1624 1703 λεγούσης
1665 1647 1796 1702 προ-

1899 1646 2137 1690 strorum
2163 1635 2242 1688 M‘1?
2277 1655 2294 1688 ›
2323 1635 2376 1689 in
2402 1635 2752 1690 solitudinem
2773 1632 3032 1689 Iordanis
3055 1635 3334 1690 transtulit
3362 1635 3480 1705 glo-

213 1723 480 1795 φητείας,
550 1741 571 1775 ι
605 1723 718 1777 Ἵνα
773 1723 824 1776 τί
867 1741 956 1794 μοι
1006 1724 1239 1778 Λίϐανον
1277 1725 1342 1778 ἐκ
1376 1723 1526 1778 Σαϐὰ
1563 1725 1791 1796 φέρετε;

1899 1730 2035 1782 riam
2069 1727 2394 1791 Jerusalem,
2445 1735 2733 1798 postquam
2792 1728 2932 1782 ratio
2979 1728 3067 1798 pie
3116 1727 3479 1798 religioseque

212 1819 309 1870 καὶ
359 1816 413 1869 τί
464 1833 556 1888 μοι
609 1815 812 1886 πλῆθος
863 1815 970 1868 τῶν
1009 1815 1204 1870 θυσιῶν
1248 1817 1442 1889 ύμῶν;
1477 1836 1496 1870 ι
1566 1818 1660 1872 ἐπὶ
1698 1819 1795 1891 τὴν

209 1909 417 1981 ἔρημον
472 1908 570 1962 τοῦ
639 1908 902 1980 Ἰορδάνου
967 1909 1305 1981 μετα-τέθηκε
1352 1909 1448 1982 τὴν
1503 1910 1658 1977 δόξαν
1695 1912 1792 1982 τῆς

219 2000 581 2073 Ἰερουσαλὴμ
610 2040 624 2066 ,
663 2002 762 2072 τῆς
800 2002 918 2055 κατ’
969 2002 1248 2058 εὐσέϐειαν
1288 2003 1510 2074 ἀγωγῆς
1548 2005 1648 2058 οὐκ
1705 2006 1795 2059 ἐπὶ

221 2077 613 2166 Ἰερουσαλὴμ,
679 2094 793 2147 ἀλλ’
851 2094 942 2147 ἐπὶ
999 2095 1100 2165 τῆς
1159 2097 1364 2167 ἐρήμου
1427 2096 1794 2151 συντελεῖσθαι

206 2188 526 2260 ἀρξαμένης
579 2187 686 2242 ἀπὸ
745 2187 852 2240 τῶν
901 2187 1148 2242 Ἰωάννου
1188 2189 1415 2259 χρόνων.
1523 2188 1794 2254 Ὡσαύτως

205 2282 266 2334 δὲ
305 2282 401 2335 καὶ
454 2281 487 2352 ἡ
525 2280 660 2352 τιμὴ
711 2279 805 2332 τοῦ
844 2280 1009 2352 νόμου
1038 2321 1053 2344 ,
1093 2280 1200 2335 τῶν
1234 2299 1292 2334 τε
1328 2281 1448 2335 κατ’
1489 2280 1651 2334 αὐτὸν
1692 2297 1794 2334 σω-

209 2371 584 2444 ματικὼτερον
623 2370 1127 2442 νενομοθετημένων
1149 2371 1352 2425 δέδοται
1381 2374 1445 2442 τῇ
1479 2373 1670 2444 ἐρήμῳ
1697 2371 1790 2424 τοῦ

220 2463 493 2534 Ἰορδάνου
551 2463 640 2517 διὰ
675 2464 772 2535 τὴν
813 2463 1162 2518 ἀποδοθεῖσαν
1203 2464 1414 2528 αἰτίαν,
1483 2465 1562 2517 ὅτι
1600 2464 1790 2535 μηκέτ’

206 2554 305 2607 ἐπὶ
343 2555 441 2626 τὴν
493 2554 847 2625 Ἰερουσαλὴμ
879 2553 1254 2626 προσέφευγον
1292 2557 1340 2608 οἱ
1379 2555 1476 2626 τῆς
1515 2555 1656 2610 κατὰ
1691 2554 1792 2625 ψυ-

204 2645 312 2717 χὴν
353 2645 646 2717 θεραπείας
685 2645 964 2717 δεόμενοι,
1027 2645 1162 2699 ἀλλὰ
1201 2647 1292 2700 ἐπὶ
1323 2647 1421 2719 τὴν
1454 2647 1789 2718 ὀνομαζομέ-

203 2752 310 2806 νην
350 2735 577 2807 ἐρημον,
601 2738 697 2808 τῆς
735 2739 792 2791 ἐν
813 2738 948 2810 αὐτῇ
980 2739 1388 2811 κηρυττομένης
1417 2739 1661 2808 ἀφέσεως
1681 2739 1789 2792 τῶν

206 2830 630 2901 ἁμαρτημάτων
664 2830 872 2884 ἐνεκεν.
949 2828 1115 2902 Οἶμαι
1162 2831 1218 2884 δὲ
1272 2831 1494 2885 καὶτοῦ
1539 2833 1790 2904 Σωτῆρος

206 2921 374 2991 ἡμῶν
428 2921 526 2992 τὴν
579 2923 673 2975 ἐπὶ
731 2922 790 2975 τὸ
833 2923 1112 2994 βάπτισμα
1163 2923 1464 2994 παρουσίαν
1502 2923 1789 2995 δηλοῦσθαι

205 3013 300 3066 διὰ
333 3013 427 3066 τοῦ
448 3055 461 3078 ,
505 3033 522 3064 ι
548 3014 656 3066 Καὶ
692 3016 720 3066 6
748 3013 874 3077 λαός
911 3031 1010 3084 μου
1031 3015 1220 3082 ὄψεται
1249 3013 1346 3084 τὴν
1377 3012 1529 3078 δόξαν
1559 3013 1787 3087 Κυρίου,

209 3103 309 3158 καὶ
369 3102 426 3156 τδ
482 3102 613 3172 ὕψος
668 3103 760 3156 τοῦ
801 3103 957 3156 Θεοῦ.
1009 3123 1028 3156 ι
1060 3103 1192 3156 Τότε
1231 3102 1339 3174 γὰρ
1374 3103 1466 3157 καὶ
1499 3102 1656 3174 ὤφθη
1694 3103 1788 3156 τοῦ

211 3195 466 3266 Σωτῆρος
499 3193 656 3265 ἡμῶν
699 3197 732 3265 ὴ
760 3194 904 3260 δόξα,
930 3194 1018 3247 ὅτε
1060 3193 1374 3264 βαπτισθεὶς
1412 3213 1429 3245 ι
1479 3193 1642 3266 ἀνέϐη
1684 3195 1791 3248 ἀπὸ

208 3285 308 3340 τοῦ
345 3285 534 3350 ὓδατος
559 3327 574 3353 ,
615 3288 708 3341 καὶ
747 3285 1099 3358 ἀνεῴχθησαν
1139 3285 1287 3356 αὐτῷ
1323 3287 1372 3339 οί
1413 3286 1661 3358 οὐρανοὶ,
1700 3287 1792 3340 καὶ

213 3377 322 3433 εἶδε
356 3379 415 3432 τὸ
451 3381 672 3452 Πνεῦμα
709 3379 803 3434 τοῦ
841 3377 975 3432 Θεοῦ
1010 3377 1336 3433 καταϐαῖνον
1375 3378 1506 3432 ὡσεὶ
1544 3396 1794 3450 περιστε-

215 3473 316 3542 ράν
340 3513 355 3535 ,
395 3475 487 3527 καὶ
529 3474 686 3545 μένον
723 3474 807 3526 ἐπ’
845 3472 1004 3526 αὐτόν
1035 3489 1048 3502 ο
1094 3492 1110 3524 ι
1139 3473 1227 3525 ὅτε
1268 3472 1359 3525 καὶ
1399 3471 1548 3543 φωνὴ
1588 3475 1650 3525 ἐκ
1685 3472 1792 3526 τῶν

210 3562 454 3634 οὖρανῶν
493 3562 733 3635 ἠκούσθη
772 3562 1004 3630 λέγουσα
1030 3577 1044 3593 ⁸
1159 3581 1178 3614 ι
1213 3557 1382 3625 Οὗτός
1416 3565 1560 3615 ἐστιν
1597 3565 1626 3616 6
1666 3563 1792 3627 Υἱός

216 3674 320 3726 μου
355 3659 382 3710 ό
415 3656 695 3728 ἀγαπητὸς
726 3697 739 3719 ,
782 3659 838 3709 ὲν
875 3651 920 3724 ᾧ
957 3657 1254 3728 ηύδόκησα.
1291 3675 1309 3709 ι
1367 3655 1526 3709 Ἀλλὰ
1563 3657 1654 3710 καὶ
1685 3659 1792 3721 πᾶς

210 3748 238 3798 ὁ
296 3748 533 3819 γνησίως
572 3747 662 3800 ἐπὶ
695 3747 755 3799 τὸ
787 3746 882 3800 τοῦ
922 3747 1148 3819 λουτροῦ
1189 3745 1398 3819 παριὼν
1454 3750 1748 3820 μυστήριον
1775 3790 1788 3811 ,

209 3841 306 3912 τὴν
346 3841 474 3911 περὶ
506 3840 598 3894 τοῦ
627 3840 860 3912 Χριστοῦ
888 3840 1222 3913 παραλαϐὼν
1248 3840 1524 3910 θεολογίαν
1542 3882 1556 3904 ,
1595 3842 1695 3913 τὴν
1717 3842 1792 3895 δό-

243 3951 307 3986 av
346 3931 512 3985 αὐτοῦ
553 3933 836 3996 θεάσεται,
898 3932 1067 4000 λέξων
1105 3933 1170 3986 ἂν
1209 3933 1409 4003 ὁμοίως
1445 3933 1524 4004 τῷ
1562 3933 1786 4005 Παύλῳ·

215 4046 230 4076 ι
265 4027 328 4079 Et
387 4026 481 4079 καὶ
537 4026 855 4098 ἐγνώκαμεν
915 4026 1053 4081 κατὰ
1095 4026 1273 4098 σάρκα
1311 4025 1542 4098 Χριστὸν
1571 4067 1586 4092 ,
1656 4027 1791 4080 ἀλλὰ

208 4117 302 4169 νῦν
340 4116 523 4170 οὐκέτι
561 4115 920 4186 γινώσκομεν.
959 4135 976 4167 ι

219 4232 350 4288 Ἀπὸ
399 4230 505 4286 τοῦ
544 4231 788 4301 ψαλμοῦ
832 4236 887 4298 ιι.
918 4230 1138 4296 -Περὶ
1168 4231 1272 4284 τοῦ
1299 4230 1450 4300 μετὰ
1476 4229 1790 4300 ,βάπτισμα

591 4301 920 4370 πειρασμοῦ
963 4301 1068 4354 τοῦ
1115 4301 1396 4368 Χριστοῦ.

280 4437 298 4468 ι
352 4418 413 4469 Ὀ
446 4415 713 4469 κατοικῶν
746 4417 823 4479 ἐν,
845 4415 1062 4488 βοηθείᾳ
1093 4415 1188 4469 τοῦ
1226 4415 1502 4486 Ὑψίστου.
1523 4417 1579 4469 ὲν
1613 4417 1788 4490 σκέπῃ
1821 4427 1864 4481 Ῑ)

205 4511 296 4566 τοῦ
341 4509 476 4563 Θεοῦ
523 4509 748 4582 ούρανοῦ
796 4509 1202 4582 αὑλισθήσεται.
1251 4509 1399 4581 Ἐρεῖ
1447 4509 1526 4580 τῷ
1559 4509 1778 4581 Κυρίῳ⁸

217 4600 587 4672 ’Δντιλήπτωρ
632 4618 731 4672 μου
775 4597 845 4664 εἴ,
882 4600 975 4654 καὶ
1017 4602 1304 4672 καταφυγή
1357 4619 1478 4672 μου.
1545 4601 1602 4653 '0
1652 4600 1784 4664 Θεός

209 4711 307 4764 μοι
336 4692 528 4765 βοηθός
560 4709 680 4763 μου,
715 4693 808 4746 καὶ
844 4691 1016 4744 ἐλπιῶ
1049 4692 1135 4744 ἐπ’
1162 4692 1350 4744 αὐτόν·
1389 4693 1468 4745 ὃτι
1497 4691 1657 4755 αὐτὸς
1685 4689 1781 4763 ῥύ-

208 4787 358 4840 σεταί
404 4803 470 4856 με
513 4787 576 4838 ἐκ
617 4784 845 4853 παγίδος
890 4783 1191 4854 θηρευτῶν,
1227 4783 1321 4836 καὶ
1353 4783 1460 4837 ἀπὸ
1502 4783 1658 4852 λόγου
1695 4800 1784 4836 τα-

207 4876 502 4948 ραχώδους.
561 4876 648 4928 Ἐν
687 4878 799 4938 τοῖς
842 4875 1196 4948 μεταφρένοις
1235 4872 1430 4928 ἐαυτοῦ
1473 4873 1781 4927 ἐπισκιάσει

205 4988 308 5034 σοι,
343 4969 448 5022 ὑπὸ
479 4969 576 5033 τὰς
600 4969 872 5039 πτέρυγας
901 4966 1064 5021 αὐτοῦ
1091 4967 1312 5031 ἐλπιεῖς.
1353 4966 1541 5037 Ὄπλῳ
1570 4965 1781 5019 κυκλῶ-

206 5079 289 5116 σει
339 5078 398 5114 σε
447 5063 480 5132 ἡ
531 5060 753 5133 ἀλήθεια
801 5058 986 5123 αὑτοῦ,
1029 5059 1088 5112 ού
1141 5057 1427 5131 φοϐηθήσῃ
1465 5056 1571 5110 ἀπὸ
1613 5055 1777 5126 φόϐου

204 5153 536 5224 νυκτερινοῦ,
592 5153 699 5207 ἀπὸ
758 5152 943 5223 βέλους
1002 5151 1314 5222 πετωμένου
1379 5149 1608 5222 ἡμέρας,
1671 5148 1778 5202 ἀπὸ

202 5245 523 5317 πράγματος
562 5242 1012 5315 διαπορευομένου
1053 5243 1110 5295 ἐν
1145 5241 1342 5307 σκότει,
1385 5242 1492 5294 ἀπὸ
1527 5242 1778 5314 συμπτώ-

205 5353 394 5408 ματος,
424 5337 516 5390 καὶ
546 5337 816 5408 δαιμονίου
865 5333 1256 5406 μεσημϐρινοῦ.
1285 5335 1539 5388 Πεσεῖται
1580 5337 1643 5390 ἐκ
1676 5335 1771 5389 τοῦ

203 5429 416 5493 κλίτους
452 5447 541 5482 σου
575 5429 768 5501 χιλιὰς,
808 5428 901 5481 καὶ
931 5426 1126 5498 μυριὰς
1161 5426 1224 5478 ἐκ
1256 5426 1444 5492 δεξιῶν
1473 5445 1564 5481 σου
1590 5445 1602 5457 ·
1635 5429 1773 5501 πρὸς

204 5520 266 5574 σὲ
289 5519 344 5573 δὲ
388 5522 702 5591 ούκέγγιεῖ.
725 5522 872 5592 Πλὴν
912 5519 1021 5580 τοῖς
1056 5518 1350 5591 ὀφθαλμοῖς
1383 5536 1476 5572 σου
1511 5523 1776 5591 κατανοή-

276 5703 319 5734 "
358 5699 482 5756 Psal
538 5718 674 5766 nv,
707 5697 759 5758 5.

1896 1821 2111 1877 vivendi
2151 1837 2262 1876 non
2295 1823 2350 1876 in
2376 1819 2701 1888 Jerusalem,
2739 1823 2832 1877 sed
2867 1823 2921 1876 in
2965 1822 3187 1878 deserto
3215 1837 3476 1876 consum-

1897 1913 2034 1967 mari
2071 1920 2251 1983 empta
2295 1921 2400 1979 est,
2435 1914 2579 1984 quod
2625 1913 2881 1970 videlicet
2916 1915 3116 1969 accidit
3149 1921 3273 1984 post
3305 1913 3474 1968 Joan-

1896 2003 1982 2058 nis
2017 2011 2284 2074 tempora.
2313 2003 2489 2060 Simili
2538 2005 2774 2067 ratione,
2815 2004 2980 2059 etiam
3013 2005 3193 2059 honor
3222 2006 3360 2076 legis
3420 2011 3473 2061 et

1894 2109 2080 2148 eorum
2108 2110 2230 2164 quae
2260 2095 2316 2148 in
2339 2095 2456 2165 lege
2482 2094 2833 2165 corporalius
2858 2094 3070 2148 sancita
3099 2105 3246 2160 sunt,
3280 2091 3475 2148 Jorda-

1895 2186 1978 2240 nis
2011 2186 2290 2240 solitudini
2332 2185 2490 2241 datus
2527 2194 2634 2252 est,
2668 2194 2892 2257 propter
2941 2186 3189 2240 eamdem
3222 2199 3471 2249 causam,

1893 2280 2149 2348 quoniam
2193 2295 2304 2334 non
2358 2279 2592 2350 amplius
2625 2279 2680 2332 in
2715 2275 3020 2333 Jerusalem
3057 2276 3473 2347 confugiebant,

1894 2371 1984 2439 qui
2031 2372 2332 2426 curationis
2390 2369 2708 2441 indigebant
2767 2369 2889 2438 ejus
2937 2382 3060 2438 qua:
3104 2366 3172 2420 ad
3228 2368 3472 2420 animum

1894 2463 2150 2533 pertinet,
2178 2463 2274 2518 sed
2307 2463 2362 2516 in
2393 2463 2445 2518 id
2481 2461 2626 2534 quod
2669 2461 2986 2516 nominatur
3008 2459 3310 2520 desertum,
3339 2471 3471 2528 pro-

1893 2563 2012 2626 pter
2055 2572 2172 2611 eam
2211 2571 2332 2626 quae
2386 2554 2440 2608 in
2498 2554 2592 2608 illo
2637 2552 3036 2625 praedicabatur
3088 2550 3469 2605 remissionem

1892 2656 2262 2718 peccatorum.
2296 2644 2436 2699 Puto
2473 2645 2637 2699 etiam
2692 2643 2996 2698 Salvatoris
3035 2641 3212 2697 nostri
3261 2640 3329 2694 ad
3375 2641 3472 2696 ba-

1891 2739 2149 2810 ptismum
2187 2753 2472 2793 accessum
2507 2735 2804 2807 signiﬁcari
2835 2736 2944 2790 illis
2970 2735 3150 2789 verbis
3182 2753 3195 2788 :
3221 2752 3248 2785 ·‹
3286 2732 3352 2786 Ει
3372 2747 3472 2802 po-

1891 2832 2052 2902 pulus
2085 2846 2242 2886 meus
2270 2831 2474 2886 videbit
2511 2830 2740 2902 gloriam
2777 2827 3017 2894 Domini,
3050 2837 3104 2882 et
3128 2827 3470 2880 altitudinem

1894 2922 1988 2979 Dei
2023 2942 2038 2990 ;
2073 2948 2091 2975 ι
2123 2932 2252 2978 tunc
2283 2924 2429 2978 enim
2457 2923 2574 2978 visa
2622 2931 2707 2977 est
2743 2920 3042 2976 Salvatoris
3073 2921 3246 2974 nostri
3274 2918 3474 2990 gloria,

1897 3033 1914 3064 ι
1953 3029 2078 3069 cum
2106 3015 2353 3070 ascendit
2385 3013 2452 3068 de
2479 3028 2641 3084 aqua,
2675 3020 2729 3067 et
2761 3011 2809 3067 ei
2845 3013 3020 3082 aperti
3067 3020 3196 3066 sunt
3228 3009 3375 3076 cwli,
3415 3015 3470 3064 et

1893 3105 2026 3158 vidit
2062 3104 2314 3174 spiritum
2351 3103 2444 3158 Dei
2470 3103 2890 3159 descendentem
2929 3102 3088 3172 quasi
3129 3100 3465 3163 columbam,

1891 3203 1945 3250 et
1975 3203 2283 3251 manentem
2313 3210 2478 3264 super
2497 3210 2561 3249 eo
2575 3194 2640 3248 ⁸⁸.
2668 3213 2686 3244 ι
2715 3193 2850 3248 Cum
2875 3209 2977 3247 vox
2995 3205 3210 3262 quoque
3231 3190 3299 3245 de
3327 3190 3472 3244 cwlo

1893 3289 2076 3344 audita
2117 3296 2222 3352 est,
2250 3287 2474 3342 dicens:
2506 3307 2524 3338 ι
2561 3286 2657 3340 [lic
2694 3295 2777 3342 est
2803 3285 2974 3340 Filius
3020 3299 3175 3338 meus
3206 3265 3463 3346 dilectus,

1893 3381 1947 3436 in
1989 3395 2098 3450 quo
2141 3378 2271 3433 mihi
2301 3377 2602 3447 complacui
2627 3377 2693 3432 ⁸ο.
2729 3396 2746 3428 ι
2798 3375 2904 3431 Sed
2944 3376 3109 3431 etiam
3150 3375 3470 3445 quicunque

1894 3472 2132 3542 legitime
2159 3469 2225 3523 ad
2264 3469 2461 3524 lavacri
2496 3469 2818 3539 mysterium
2854 3468 3085 3535 accedit,
3126 3468 3220 3523 ubi
3254 3467 3468 3522 theolo—
3555 3515 3561 3524 .

1893 3565 2033 3635 giam
2082 3564 2149 3618 de
2193 3563 2416 3619 Christo
2459 3563 2752 3633 acceperit,
2801 3563 3028 3633 gloriam
3072 3563 3192 3631 ejus
3225 3562 3469 3617 intuebi-

1892 3667 2002 3722 tur,
2034 3667 2088 3712 ct
2115 3673 2236 3712 cum
2279 3655 2450 3711 Paulo
2489 3656 2670 3710 dicere
2712 3656 2952 3726 poterit:
2983 3675 3002 3706 ι
3052 3656 3168 3709 Etsi
3204 3655 3465 3726 cognovi-

1893 3767 2011 3806 mus
2055 3750 2353 3807 secundum
2387 3763 2606 3802 carnem
2641 3745 2946 3812 Christum,
2990 3753 3046 3799 at.
3097 3761 3244 3800 nunc
3274 3753 3460 3801 tamen

1893 3859 1999 3898 non
2037 3843 2270 3912 amplius
2299 3843 2682 3914 cognoscimus
2703 3841 2770 3896 ⁵¹.
2799 3859 2818 3892 ι

1885 4228 2045 4300 433
2087 4227 2128 4280 Α
2167 4228 2371 4298 psalmo
2417 4243 2503 4282 xc.
2537 4227 2710 4310 —_De
2748 4227 2948 4282 Christi
2981 4236 3098 4296 post
3139 4226 3460 4296 baptismum

2523 4308 2824 4354 mutatione.

1971 4433 1989 4464 ε
2033 4412 2137 4480 Qui
2179 4414 2386 4468 habitat
2423 4416 2478 4468 in
2513 4413 2787 4484 adjutorio
2826 4413 3091 4468 Altissimi
3120 4455 3134 4479 ,
3177 4414 3231 4468 in
3274 4422 3462 4483 prate-

1888 4507 2073 4562 ctione
2089 4505 2184 4560 Dci
2215 4506 2339 4560 εαξη
2371 4503 2819 4560 commorabitur.
2851 4504 3002 4559 chet
3025 4503 3256 4559 Domino
3282 4522 3294 4557 ε
3323 4504 3460 4558 Sus~

1885 4608 2074 4669 ceptor
2119 4613 2273 4652 meus
2319 4613 2414 4661 es,
2446 4607 2499 4653 et
2528 4597 2799 4668 refugium
2854 4612 3074 4664 meum,
3122 4595 3266 4650 Deus
3306 4611 3462 4650 mens

1885 4692 2104 4762 adiutor
2146 4705 2338 4752 meus,
2373 4699 2429 4746 et
2472 4691 2702 4762 sperabo
2729 4692 2781 4746 in
2837 4707 2958 4747 eum
2992 4711 3004 4746 :
3042 4690 3301 4761 quoniam
3344 4688 3461 4756 ipse

1891 4783 2148 4838 liberabit
2182 4799 2266 4837 me
2305 4783 2374 4838 de
2408 4783 2602 4852 laqueo
2636 4790 2955 4836 venatorum
2977 4823 2992 4845 ,
3027 4790 3078 4836 et
3111 4782 3180 4834 ab
3211 4779 3461 4834 oratione

1889 4872 2226 4927 turbulenta.
2277 4871 2331 4926 ιη
2386 4872 2624 4942 scapulis
2677 4872 2792 4928 suis
2836 4870 3189 4926 obumbrabit
3241 4869 3373 4934 tibi,
3404 4874 3458 4922 et

1889 4965 1992 5020 sub
2022 4966 2124 5020 alis
2153 4964 2274 5034 ejus
2327 4966 2592 5034 sperabis.
2636 4963 2804 5020 Scuto
2869 4962 3231 5017 circumdabit
3271 4969 3324 5014 te
3362 4976 3458 5040 ve-

1887 5059 2024 5113 ritas
2058 5057 2178 5127 ejus
2202 5095 2218 5122 ,
2251 5071 2362 5112 non
2396 5057 2614 5112 timebis
2645 5071 2676 5109 a
2712 5057 2912 5110 timore
2950 5060 3257 5116 nocturno,
3300 5065 3331 5104 a
3371 5066 3459 5104 sa.

1887 5152 2022 5222 gitta
2055 5151 2272 5205 volante
2325 5150 2379 5203 in
2431 5149 2550 5217 die,
2598 5164 2628 5203 a
2677 5148 2897 5220 negotio
2945 5144 3358 5216 perambulante
3399 5143 3457 5198 in

1883 5244 2160 5309 tenebris,
2199 5243 2268 5298 ab
2298 5243 2557 5309 incursu,
2593 5249 2648 5298 et
2681 5239 2951 5297 daamonio
2985 5237 3312 5292 meridiano.
3351 5235 3458 5290 Ca-

1879 5338 2009 5393 dent
2044 5352 2072 5390 ε
2110 5337 2281 5393 latere
2316 5346 2410 5390 tuo
2446 5336 2622 5399 mille,
2659 5344 2713 5390 et
2747 5334 2935 5390 decem
2970 5331 3142 5387 millia
3181 5345 3210 5385 a
3241 5328 3456 5386 dextris

1882 5427 2033 5482 tuis:
2089 5427 2156 5482 ad
2204 5436 2256 5482 te
2305 5439 2486 5481 autem
2530 5441 2635 5480 non
2683 5423 3168 5496 appropinquabit.
3219 5419 3454 5477 Verum-

1881 5529 2060 5574 tamen
2107 5520 2284 5574 oculis
2333 5517 2900 5586 tuisjconsiderabis,
2943 5528 2997 5571 et
3036 5515 3454 5572 retributionem

835 5704 878 5735 “
917 5701 1027 5760 Jer.
1061 5717 1148 5770 vi,
1178 5700 1267 5756 20.
1345 5701 1390 5732 δ’
1433 5699 1597 5756 Mare.
1637 5717 1690 5765 ι,
1728 5700 1806 5756 10.

1894 5700 1940 5732 ⁸⁸
1985 5697 2171 5754 Matth.
2211 5715 2305 5764 Ill,
2342 5695 2433 5755 17.
2509 5699 2551 5730 ³¹
2595 5697 2634 5752 ll
2668 5697 2796 5755 Cor.
2834 5714 2866 5754 v
2891 5737 2905 5763 ,
2939 5695 3030 5750 l6.
