3922 6200
564 202 682 265 673

1202 199 1473 259 ΕυδΕΒΠ
1504 197 1983 258 ωΕΒΔΒΙΕΝὸιὸ
2019 198 2134 256 ΟΡῐ

2236 198 2411 257 ’ARS.
2446 199 2512 256 ΙΙ.
2549 231 2621 243 --
2658 196 3157 259 ΑΡοιοςετισΑ.
3234 154 3243 159 λ
3644 208 3715 262 οτι

571 329 923 395 peccatorum
961 314 1214 371 videbis:
1285 315 1547 386 quoniam
1596 322 1687 380 tu.
1735 312 1965 369 Domine
2021 328 2134 384 spes

2248 331 2382 380 σεις,
2417 314 2511 368 καὶ
2540 312 2895 368 ἀνταπόδοσιν
2915 310 3254 387 ἁμαρτωλῶν
3281 311 3421 384 ὄψει’
3450 315 3522 370 ὅτι
3546 321 3615 383 σὺ,
3640 322 3716 376 lis.

573 429 717 479 mea,
751 410 1093 467 Altissimum
1126 408 1361 479 posuisti
1391 405 1660 479 refugium
1695 417 1871 462 tuum.
1903 404 2022 461 Non
2056 422 2148 461 ac-

573 507 772 561 cedent
801 502 870 558 ad
902 509 956 556 te
987 501 1152 565 mala,
1186 508 1240 555 et
1270 497 1541 573 ﬂagellum
1561 514 1669 555 non
1692 498 2147 570 appropinquabit

569 593 925 654 tabernaculo
967 599 1105 648 tuo:
1147 593 1408 663 quoniam
1456 592 1667 663 angelis
1709 590 1829 648 suis
1871 590 2146 646 mandavit

569 688 640 744 de
687 694 775 753 te,
828 691 887 739 ut
936 683 1247 740 custodiant
1283 693 1335 739 te
1374 683 1429 739 in
1473 685 1729 741 omnibus
1771 684 1876 741 viis
1917 686 2047 741 tuis.
2085 684 2144 739 in

568 780 824 836 manibus
854 777 1149 848 portabunt
1190 785 1279 843 te,
1313 793 1383 833 ne
1431 776 1573 834 forte
1621 776 1868 834 oﬂendas
1897 777 1968 833 ad
2006 778 2146 850 lapi-

567 873 690 929 dem
738 870 929 941 pedem
985 878 1162 924 tuum.
1216 867 1395 940 Super
1435 869 1681 941 aspidem
1724 877 1780 926 et
1825 870 2143 926 basiliscum

568 964 898 1025 ambulabis.
929 970 985 1018 ct
1014 962 1372 1018 conculcabis
1399 963 1610 1019 leonem
1639 971 1695 1018 et
1720 963 2017 1020 draconem
2040 965 2138 1017 ".i

569 1052 821 1110 Salvator
848 1059 903 1108 ct
934 1051 1197 1108 Dominus
1234 1059 1423 1106 noster
1452 1050 1614 1109 Jesus
1641 1051 1734 1122 qui
1763 1050 2021 1109 Christus
2049 1049 2143 1107 Dei

565 1153 684 1209 est,
715 1144 844 1199 dum
874 1152 1148 1215 quatenus
1178 1143 1344 1198 homo
1373 1142 1553 1199 factus
1581 1151 1703 1208 est,
1735 1143 2139 1210 consideratur,

565 1238 819 1294 habitans
849 1236 1052 1292 dicitur
1080 1238 1134 1290 in
1164 1236 1439 1306 adjutorio
1465 1236 1733 1292 Altissimi
1759 1275 1774 1301 ,
1806 1246 1992 1308 utpote
2017 1252 2141 1292 cum

565 1330 622 1384 in
651 1330 992 1400 proiectione
1020 1327 1115 1384 Dei
1145 1335 1200 1382 et
1229 1327 1411 1384 Patris
1438 1315 1826 1384 commoretur.
1852 1327 1953 1385 Hic
1977 1329 2144 1401 igitur

565 1438 736 1479 unum
772 1421 988 1477 Patrem
1018 1438 1121 1478 nec
1150 1422 1317 1477 alium
1351 1428 1614 1493 praeterea
1647 1421 1958 1493 quempiam
1984 1460 2001 1485 ,
2032 1436 2143 1493 quo

564 1525 813 1587 tempore
841 1531 872 1569 a
904 1514 1125 1573 diabolo
1154 1521 1399 1570 tentatus
1426 1520 1548 1576 est,
1581 1511 1890 1585 perfugium
1919 1521 2138 1578 nactus,

561 1609 830 1664 Lberatus
855 1614 941 1663 est
967 1607 1098 1661 olim
1128 1606 1196 1662 de
1222 1605 1434 1676 laqueis
1463 1604 1873 1660 adversantium
1902 1613 2144 1675 potesta-

563 1708 711 1767 tum,
763 1715 886 1772 quae
934 1706 1224 1755 venatores
1277 1698 1382 1753 hoc
1433 1698 1554 1753 loco
1606 1697 1969 1768 appellantur,
2014 1712 2134 1753 cum

2241 1698 2305 1769 θη
2316 1695 2518 1770 ρευτῶν
2549 1695 2644 1750 νῦν
2680 1692 3117 1768 ὀνομαζομένων,
3147 1696 3391 1767 ὁπηνίκα,
3412 1689 3492 1749 οἶά
3509 1712 3580 1759 τις
3598 1695 3714 1760 Ionii;

560 1794 738 1851 instar
764 1790 1054 1863 cujusdam
1081 1790 1391 1845 communis
1420 1789 1659 1845 hominis
1689 1807 1708 1841 ι
1738 1789 1940 1845 ductus
1968 1797 2053 1846 est
2085 1791 2140 1844 in

563 1884 843 1941 desertum
866 1925 882 1950 ,
923 1892 986 1940 ut
1024 1889 1334 1940 tentaretur
1364 1898 1396 1937 a
1425 1880 1645 1937 diabolo
1667 1922 1683 1949 ,
1715 1888 1770 1937 et
1813 1881 1917 1937 fuit
1948 1882 2005 1937 in
2048 1882 2144 1938 de-

563 1988 713 2035 serto
755 1976 1121 2050 quadraginta
1168 1976 1287 2033 dies
1326 1983 1382 2031 et
1420 1974 1782 2046 quadraginta
1827 1985 2055 2041 noctes,
2086 1981 2142 2030 et

560 2078 817 2127 tentatus
863 2078 949 2126 est
998 2085 1028 2124 a
1080 2066 1331 2123 Satana:
1380 2066 1618 2139 fuitque,
1657 2087 1675 2121 ν
1705 2073 1764 2122 ιιι
1808 2069 2142 2140 evangelista

562 2171 757 2220 auctor
795 2170 882 2219 est
901 2204 916 2226 ,
945 2182 964 2215 ι
998 2177 1124 2217 cum
1157 2160 1354 2217 bestiis
1382 2160 1452 2216 ⁸³.
1480 2180 1499 2213 ι
1527 2157 1633 2216 Sed
1661 2175 1784 2231 qua:
1811 2160 2030 2217 tandem
2060 2160 2142 2217 hze

560 2253 751 2309 bestiae
796 2253 902 2308 nisi
949 2267 1089 2322 quas
1135 2257 1535 2307 commemorat
1565 2252 1647 2313 is,
1693 2250 1787 2321 qui
1835 2265 1985 2307 nunc
2029 2259 2142 2305 tra-

561 2354 744 2400 ctatur
779 2346 1024 2416 psalmus
1056 2342 1126 2398 ad
1156 2358 1280 2398 cum
1305 2381 1321 2408 ,
1356 2342 1450 2414 qui
1482 2344 1537 2397 in
1572 2342 1845 2412 adjutorio
1874 2341 2141 2399 Altissimi

562 2435 794 2501 habitat,
815 2436 907 2491 ubi
929 2436 1004 2490 ait
1032 2455 1045 2491 :
1079 2455 1097 2487 ι
1120 2422 1295 2506 Super
1323 2434 1566 2506 aspidem
1595 2442 1648 2490 et
1676 2435 1994 2491 basiliscum
2024 2450 2141 2489 am-

558 2528 802 2593 bulabis,
824 2535 878 2584 et
910 2528 1270 2583 conculcabis
1299 2527 1512 2583 leonem
1539 2534 1592 2582 et
1613 2527 1941 2583 draconem?
1978 2548 1995 2579 ι
2035 2543 2139 2583 ca:-

559 2626 738 2675 tcrum
776 2635 885 2674 non
932 2620 1002 2674 ab
1045 2619 1132 2675 his
1180 2618 1358 2674 solum
1391 2618 1681 2673 liberatum
1714 2620 1781 2673 iri
1812 2636 1935 2675 eum
1967 2619 2135 2686 dicit,

559 2712 657 2769 sed
698 2712 865 2767 etiam
910 2710 979 2764 ab
1024 2711 1278 2765 oratione
1322 2709 1659 2765 turbulenta.
1699 2708 1864 2783 434
1902 2711 1970 2766 At
2009 2728 2138 2769 vero

558 2818 679 2875 quae
702 2801 925 2858 tandem
958 2801 1073 2857 haec
1104 2800 1209 2856 fuit
1238 2801 1418 2875 oratio
1440 2842 1455 2867 ,
1486 2801 1592 2856 nisi
1620 2816 1783 2871 quam
1825 2802 1904 2858 illi
1936 2803 2138 2873 ohjecit

558 2872 820 2960 tentatur,
844 2902 905 2949 ut
931 2894 986 2949 in
1009 2910 1170 2951 sacro
1193 2872 1489 2964 Evangelio
1514 2895 1775 2966 scriptum
1801 2903 1886 2950 est
1905 2896 1929 2950 ?
1947 2872 2137 2966 Operae

558 2999 741 3045 autem
772 2988 1009 3059 pretium
1041 2997 1128 3043 est
1161 2987 1562 3059 contemplari,
1587 3002 1708 3058 qua:
1733 3002 1903 3044 causa
1934 2988 2131 3055 fuerit,

556 3091 616 3137 ut
647 3081 899 3137 Salvator
927 3086 1136 3146 noster,
1168 3078 1260 3150 qui
1308 3081 1432 3136 talis
1481 3088 1769 3151 tantusque
1792 3088 1928 3145 'est,
1960 3088 2132 3136 tenta-

2236 3084 2366 3156 κροῦ
2398 3082 2504 3137 τῶν
2531 3082 2623 3136 ἐπὶ
2655 3083 2759 3155 γῆς
2786 3081 3003 3136 πάντων
3028 3081 3122 3136 διὰ
3144 3082 3241 3154 τῆς
3267 3078 3506 3135 πολυθέων
3533 3071 3705 3130 δεισιδαι-

557 3174 762 3229 tionem
796 3187 1089 3243 perpessus
1123 3171 1215 3227 sit.
1249 3171 1383 3228 Cum
1415 3172 1578 3243 igitur
1604 3187 1912 3229 omnemcx
1947 3172 2126 3226 homi-

556 3268 721 3324 nibus
763 3264 1143 3338 rgritudinem
1202 3279 1529 3335 omnemque
1582 3264 1928 3335 languorem.
1989 3263 2130 3319 infe-

556 3366 783 3429 stosque
807 3355 1037 3426 spiritus
1068 3363 1232 3425 atque
1263 3355 1511 3426 impuros
1542 3354 1848 3417 daemonas,
1880 3357 1972 3425 qui
2002 3355 2128 3424 plu-

558 3449 712 3504 rimis
737 3457 864 3502 ante
890 3447 1107 3503 sazculis
1137 3461 1329 3502 omnes
1355 3446 1450 3518 qui
1484 3447 1541 3501 in
1572 3455 1714 3502 terra
1744 3447 2125 3512 versabantur,

558 3557 653 3611 per
697 3555 816 3594 eam
864 3539 1353 3610 superstitionem,
1386 3554 1505 3609 quae
1539 3539 1743 3595 multos
1789 3539 1922 3596 deos
1964 3532 2141 3605 colit,’

557 3632 891 3703 subegerunt
910 3671 924 3696 ,
955 3639 1102 3687 esset
1129 3632 1464 3701 expulsurus
1483 3670 1499 3697 ,
1528 3646 1639 3687 non
1665 3647 1733 3687 ex
1760 3630 1947 3687 abdito
1969 3632 2126 3702 quasi

559 3728 790 3783 latitans
821 3726 889 3782 ad
920 3741 985 3781 ea
1014 3741 1135 3796 qua:
1165 3726 1309 3782 dicta
1341 3733 1502 3793 sunt,
1530 3726 1780 3782 accessit.
1807 3724 1913 3780 Sed
1937 3734 2126 3780 contra

557 3820 789 3877 infestos
820 3820 976 3890 prius
1005 3818 1341 3890 eosdemque
1367 3818 1677 3875 invisibiles
1706 3818 2002 3889 principes,
2032 3833 2130 3889 per

555 3928 680 3969 eum
700 3952 715 3977 ,
749 3928 909 3984 quem
940 3911 1239 3981 assumpsit
1266 3910 1564 3976 hominem,
1597 3910 1949 3965 militantium
1977 3924 2129 3966 more

556 4002 870 4075 profectus,
907 4010 963 4058 et
993 4004 1051 4061 in
1088 4002 1263 4072 ipsius
1294 4001 1499 4057 diaboli
1533 4001 1769 4056 medium
1790 4041 1806 4067 ,
1838 4001 2129 4072 omnisque

558 4092 879 4151 daemonicae
908 4102 1145 4149 catervae
1176 4107 1534 4165 progressus,
1568 4093 1660 4148 ubi
1690 4107 1858 4163 super
1885 4093 2128 4165 aspidem

558 4195 611 4242 et
651 4187 970 4243 basiliscum
1007 4185 1338 4249 ambulavit,
1369 4194 1422 4240 et
1458 4185 1799 4240 conculcavit
1833 4185 2043 4241 leonem
2076 4192 2130 4240 et

558 4276 889 4341 draconem,
944 4277 1228 4346 multoque
1273 4276 1428 4346 prius
1480 4277 1823 4347 regnantium
1878 4277 2132 4333 inimico-

561 4380 681 4424 rum
697 4408 713 4429 .
739 4377 794 4424 et
814 4369 986 4423 millia
1010 4377 1065 4423 et
1089 4368 1230 4424 dena
1256 4368 1423 4424 millia
1452 4367 1753 4432 subvertit,
1776 4367 2126 4440 principatus

558 4459 814 4516 videlicet
859 4475 924 4515 ac
966 4466 1304 4530 potestates,
1353 4461 1491 4516 alias
1527 4458 1745 4532 quidem
1795 4475 1826 4515 a
1873 4460 2123 4528 dextris,

559 4551 697 4607 alias
725 4566 855 4607 vero
883 4565 914 4604 a
945 4550 1189 4606 sinistris
1222 4551 1521 4615 bellantes,
1567 4555 1808 4623 itemque
1845 4567 1942 4610 eos
1964 4593 1980 4619 ,
2030 4554 2122 4624 qui

555 4645 747 4701 mundi
795 4652 1038 4701 rectores
1080 4643 1277 4698 harum
1327 4644 1676 4700 tenebrarum
1727 4643 2010 4709 dicuntur,
2060 4660 2126 4701 ac

556 4737 865 4810 spiritualia
896 4737 1157 4805 malitiae;
1188 4736 1403 4799 omnia.
1437 4737 1692 4808 inquam,
1728 4737 1843 4792 haec
1867 4777 1882 4802 ,
1912 4736 2008 4793 ubi
2040 4735 2127 4792 ni-

556 4828 634 4884 hil
675 4844 840 4901 posse
878 4827 1197 4899 redarguit,
1244 4839 1310 4880 ac
1352 4826 1588 4899 denique
1632 4828 1813 4899 ipsum
1855 4829 2123 4885 malorum

554 4922 860 4994 principem
886 4920 1162 4978 diabolum
1194 4921 1364 4977 verbo
1389 4921 1504 4977 oris
1534 4923 1618 4978 sui
1647 4921 1838 4994 procul
1867 4921 2124 4983 extrusit,

554 5015 940 5086 percurritqne
972 5023 1136 5085 atque
1169 5014 1559 5078 inambulavit,
1590 5029 1805 5071 omnem
1838 5015 2129 5069 adversan-

554 5114 662 5161 tem
696 5115 1022 5178 potestatem
1046 5148 1062 5173 ,
1096 5122 1161 5162 ac
1191 5107 1432 5176 seipsum
1471 5107 1690 5177 quidem
1727 5107 1881 5164 adire
1907 5122 1973 5162 ac
2009 5115 2127 5163 ten-

552 5202 672 5273 tare
714 5199 1029 5254 volentibus
1076 5198 1360 5261 exhibuit,
1410 5213 1513 5252 nec
1560 5198 1848 5269 quisquam
1899 5198 2124 5254 omnino

552 5288 818 5349 adversus
846 5293 1000 5349 illum
1031 5301 1180 5350 stare
1208 5292 1386 5365 potuit
1412 5310 1427 5359 ;
1460 5299 1573 5346 tum
1604 5292 1820 5347 demum
1849 5292 1915 5348 ad
1946 5292 2123 5347 homi-

552 5396 683 5439 num
714 5384 944 5443 salutem
969 5387 1225 5444 accessit.
1250 5383 1516 5453 Quocirca
1543 5384 1816 5442 intuentes
1842 5385 1994 5440 illum
2021 5383 2123 5442 dae-

552 5486 745 5531 mones
770 5477 1171 5548 agnoscebant,
1194 5486 1415 5549 propter
1439 5491 1557 5532 eam
1585 5474 1654 5532 de
1674 5489 1781 5547 qua
1807 5475 2014 5532 dictum
2040 5484 2122 5531 est

619 5657 668 5689 ⁸⁸
704 5652 849 5711 Psal.
883 5674 977 5730 xc,
1008 5659 1161 5718 l-l5.

1240 5660 1285 5692 ⁸³
1325 5657 1513 5716 Matth.
1551 5674 1637 5726 tv,
1675 5657 1818 5730 1,3;
1853 5657 2019 5713 Marc.
2053 5673 2104 5725 t,
2145 5658 2323 5726 ΝΛΞ.

2248 423 2331 476 pes
2361 408 2393 477 ἡ
2422 403 2578 471 ἐλπίς
2605 423 2729 478 μου,
2766 405 2859 460 τὸν
2891 405 3153 477 Ὕψιστον
3190 403 3304 457 ἔθου
3332 410 3603 480 καταφυγήν
3635 425 3715 466 σου,

2246 498 2320 552 Ού
2356 496 2774 570 προσελεύσεται
2800 496 2933 569 πρὸς
2961 496 3022 550 σὲ
3057 495 3222 560 κακὰ,
3249 499 3337 550 καὶ
3367 499 3537 569 μάστιξ
3558 502 3635 556 ούκ
3657 505 3718 573 ἔτ-

2245 591 2354 658 γιεί
2374 587 2453 660 τῷ
2481 587 2801 661 σκηνώματί
2828 605 2921 642 σου
2944 604 2958 619 ο
2990 588 3075 642 ὅτι
3113 590 3225 652 τοῖς
3249 588 3476 659 ἀγγέλοπ
3506 591 3636 647 αὑτοῦ
3663 596 3718 649 ὲν-

2242 681 2475 735 τελεῖται
2516 679 2643 753 περὶ
2672 679 2788 745 σοῦ,
2813 680 2906 734 τοῦ
2935 679 3258 749 διαφυλάξαι
3286 696 3341 734 σε
3373 682 3425 733 ὲν
3453 684 3617 749 πάσαις
3639 691 3717 751 rei;

2244 774 2380 839 ὁδοῖς
2406 791 2521 828 σου.
2561 773 2684 827 Ἐπὶ
2710 771 2910 845 χειρῶν
2941 771 3135 844 ἀροῦσί
3162 790 3243 836 σε,
3273 774 3463 844 μήποτε
3484 778 3719 852 spondit;

2244 867 2381 938 πρὸς
2406 864 2552 920 λίθον
2572 866 2662 921 τὸν
2691 865 2828 920 πόδα
2852 882 2966 919 σου.
3013 865 3138 920 Ἐπὶ
3160 866 3354 920 ἀσπίδα
3382 869 3467 920 καὶ
3489 867 3718 938 βασιλίσκων

2244 957 2503 1030 ὲπιϐήσῃ,
2541 958 2635 1012 καὶ
2679 957 3088 1029 καταπατήσεις
3119 956 3306 1011 λέοντα
3335 959 3421 1011 καὶ
3448 958 3677 1029 δράκοντα.
3702 981 3715 1014 ι

2255 1050 2313 1103 ’0
2360 1050 2551 1123 Σωτὴρ
2593 1051 2689 1105 καλ⁵
2739 1050 2943 1122 Κύριος
2988 1049 3149 1121 ἡμῶν
3204 1049 3399 1122 Ἰησοῦς
3435 1052 3629 1122 Χριστὸς
3656 1054 3718 1107 τοῦ

2242 1142 2398 1206 Θεοῦ,
2443 1141 2563 1196 καθ’
2602 1142 2631 1195 ὃ
2669 1141 3005 1215 ἐνηνθρώπει
3050 1141 3436 1213 ἐπινοούμενος,
3466 1146 3491 1197 ὁ
3526 1145 3718 1199 κατοικῶν

2241 1234 2461 1304 λέγεται
2486 1237 2544 1289 ὲν
2583 1234 2805 1307 βοηθείᾳ
2825 1235 2920 1290 τοῦ
2958 1221 3237 1307 Ὑψίστου,
3264 1236 3319 1288 ὲν
3346 1235 3507 1307 σκέπῃ
3530 1236 3608 1289 τοῦ
3628 1236 3717 1291 θεοῦ

2241 1327 2335 1381 καὶ
2373 1326 2586 1400 Πατρδς
2628 1326 2997 1399 αὐλιζόμενος.
3046 1321 3215 1391 Οὗτος
3245 1326 3307 1398 δὴ
3348 1322 3453 1392 οὖν,
3499 1326 3626 1399 μόνον
3657 1328 3717 1381 τὸν

2241 1418 2471 1490 Σωτῆρα
2501 1420 2594 1472 καὶ⁹
2629 1419 2739 1474 οὐδ’
2765 1419 2951 1493 ἕτερον
2987 1419 3303 1490 καταφυγὴν
3327 1419 3381 1472 ἐν
3408 1418 3480 1490 τῷ
3504 1419 3642 1491 καιρῷ
3656 1418 3716 1472 rei

2241 1510 2382 1564 κοιτά
2428 1509 2517 1564 τὸν
2560 1509 2804 1564 διάϐολον
2851 1510 3163 1583 πειρασμοῦ
3196 1511 3508 1581 κεκτημένος
3548 1508 3714 1581 ἐρῤύσθη

2244 1602 2373 1656 ποτὲ
2404 1604 2468 1656 ὲκ
2499 1603 2608 1657 τῶν
2652 1603 2892 1673 παγίδων
2931 1603 3041 1659 τῶν
3094 1602 3464 1674 ἀντικειμένων
3494 1602 3714 1672 δυνάμεων,

2241 1788 2543 1862 ἄνθρωπος,
2592 1808 2610 1840 ι
2652 1789 2861 1862 ἀνήχθη
2912 1791 2994 1854 είς
3039 1788 3140 1861 τὴν
3184 1788 3401 1861 ἔρημον,
3443 1787 3712 1860 πειρασθῆναι

2242 1878 2346 1933 ὑπὸ
2378 1877 2471 1932 τοῦ
2497 1878 2765 1944 διαϐόλου,
2788 1880 2882 1932 καὶ
2907 1874 2975 1951 ἦν
3003 1880 3062 1932 ἐν
3084 1881 3153 1950 τῇ
3186 1879 3370 1949 ἐρήμῳ
3397 1876 3713 1948 τεσσαράκοπα

2240 1971 2450 2043 ἡμέρας
2474 1970 2571 2024 καὶ
2600 1971 3013 2042 τεσσαράκοντα
3040 1968 3242 2033 νύκτας
3273 1968 3617 2042 πειραζόμενος
3646 1967 3713 2021 ὑπὸ

2239 2063 2334 2119 τοῦ
2371 2064 2586 2118 Σατανᾶ
2609 2078 2625 2094 ⁸
2658 2064 2754 2119 καὶ
2775 2058 2865 2136 ἦν,
2897 2083 2917 2115 ι
2952 2063 3029 2128 ὡς
3050 2065 3080 2118 ὁ
3108 2061 3475 2133 εὐαγγελιστὴς
3505 2062 3712 2132 μαρτυρεῖ,

2246 2176 2265 2209 ‹
2305 2156 2442 2230 μετὰ
2463 2157 2572 2212 τῶν
2600 2156 2825 2231 θηρίων.
2857 2176 2877 2210 ι
2914 2157 3096 2212 Ποίων
3121 2156 3179 2210 δὲ
3205 2156 3401 2212 τούτων
3429 2154 3458 2228 ἢ
3482 2148 3547 2209 ὧν
3572 2169 3713 2226 μνημο-

2240 2249 2383 2304 νεύει
2426 2252 2456 2304 ὀ
2491 2249 2631 2322 μετὰ
2674 2253 2863 2323 χεῖρας
2905 2249 3144 2322 (suam,
3179 2248 3313 2321 πρὸς
3344 2249 3429 2303 τὸν
3475 2248 3527 2301 ἐν
3561 2244 3713 2317 βοηθείᾳ

2237 2340 2333 2396 τοῦ
2369 2341 2623 2413 Ὑψίστου
2646 2341 2999 2397 κατοικοῦντα
3029 2342 3205 2412 λέγων
3225 2359 3238 2372 ·
3282 2360 3300 2393 ι
3340 2339 3460 2395 Ἐπὶ.
3476 2337 3633 2393 ἀσπίδα
3653 2335 3711 2389 καὶ

2241 2431 2551 2504 βασιλίσκον
2596 2431 2852 2506 ὲπιῦήσῃ,
2898 2433 2993 2488 καὶ
3037 2434 3432 2504 καταπατήσεις
3471 2429 3620 2482 λέοντα
3652 2426 3712 2480 καὶ

2237 2525 2525 2598 δράκοντα.
2569 2544 2588 2577 ι
2635 2526 2732 2590 Τίς
2762 2525 2806 2579 δ’
2840 2524 2908 2580 ἂν
2946 2525 3033 2600 εἴη
3078 2527 3174 2581 καὶ⁸
3210 2519 3359 2589 οὗτος
3386 2524 3417 2595 ἢ
3448 2523 3585 2594 ὅνπερ
3613 2519 3711 2588 αὐτῷ

2238 2617 2551 2691 προύτεινεν
2593 2620 2622 2672 ὁ
2664 2618 2937 2691 πειράζων
2984 2619 3129 2673 κατὰ
3176 2618 3238 2672 τὸ
3279 2616 3413 2689 ἱερὸν
3440 2612 3708 2683 Εὑαγγέλιονς

2238 2710 2312 2764 Τὸ
2340 2712 2385 2764 δ’
2413 2710 2584 2765 αἴτιον
2606 2709 2700 2764 τοῦ
2729 2711 3088 2782 πειράζεσθαι
3108 2708 3201 2765 τὸν
3228 2706 3517 2781 τηλικοῦτον
3552 2703 3709 2773 Σωτῆρα

2236 2802 2395 2875 ἡμῶν
2421 2805 2694 2877 σκοπῆσαι
2726 2803 2894 2870 ἄξιον.
2932 2804 3164 2859 Μέλλων
3203 2803 3262 2868 ἐξ
3299 2802 3566 2876 ἀνθρώπων
3591 2798 3709 2851 πᾶσαν

2237 2896 2390 2951 νόσον
2424 2896 2518 2951 καὶ
2562 2898 2740 2952 πᾶσαν
2787 2896 3082 2969 μαλακίαν,
3115 2898 3187 2951 τά
3221 2913 3280 2950 τε
3311 2893 3585 2966 ἐνοχλοῦντα
3608 2885 3707 2942 πνεύ-

2238 3008 2405 3062 ματα,
2436 2991 2530 3044 καὶ
2561 2992 2687 3054 τοὺς
2717 2989 3060 3063 ἀκαθάρτους
3104 2989 3358 3062 δαίμονας
3378 2988 3432 3054 ἑξ
3468 2984 3621 3046 αἰῶνος
3640 2996 3708 3051 με·

2232 3173 2420 3245 μονίας
2452 3174 2866 3246 κεκρατηκότας
2894 3173 3162 3239 ἐλαύνειν,
3198 3175 3298 3228 οὐκ
3325 3175 3386 3227 ὲκ
3416 3169 3500 3224 τοῦ
3523 3161 3702 3237 ἀφανοῦς.

2230 3265 2420 3339 ὥσπερ
2472 3266 2969 3338 ἐπικρυπτόμενος,
3016 3267 3112 3320 ἐπὶ
3157 3265 3228 3319 τὰ
3270 3262 3512 3336 εἰρημένα
3555 3253 3703 3327 παρῄει-

2236 3360 2364 3424 Τοῖς
2397 3358 2789 3433 παρενοχλοῦσι
2818 3357 2881 3433 ,δὲ
2903 3358 3170 3429 πρότερον
3199 3356 3438 3428 ἀοράτοις
3458 3353 3649 3423 ἄρχουσι,
3660 3342 3705 3396 δι’

2228 3446 2289 3507 οὗ
2314 3451 2601 3524 ἀνείληφεν
2626 3450 2914 3522 ἀνθρώπου
2940 3449 3389 3524 ἐπιστρατεύσας,
3416 3445 3498 3499 καὶ
3516 3443 3579 3505 είς
3597 3438 3705 3509 μέσον

2229 3544 2393 3598 αὐτοῦ
2422 3543 2515 3598 τοῦ
2544 3542 2812 3609 διαϐόλου,
2848 3545 2943 3596 καὶ
2987 3542 3193 3607 παντὸς
3230 3540 3322 3596 τοῦ
3351 3530 3612 3609 δαιμονικοῧ
3633 3527 3703 3582 ati-

2230 3654 2365 3708 (ρους
2413 3634 2718 3709 παρελθὼν,
2762 3633 2957 3699 ἐπιϐάς
2997 3652 3064 3689 τε
3118 3634 3302 3689 ἀσπίδι
3346 3631 3433 3686 καὶ
3473 3622 3703 3699 βασιλίσκφο

2229 3729 2325 3785 καὶ
2372 3708 2766 3800 καταπατήσας
2809 3727 3001 3781 λέοντα
3052 3727 3152 3782 καὶ
3196 3725 3468 3799 δράκοντα,
3510 3717 3585 3771 καὶ
3616 3708 3702 3765 πολὺ

2229 3822 2490 3895 πρότερον
2528 3818 2773 3875 καθελὼν
2813 3818 2920 3873 τῶν
2952 3818 3291 3892 ἀρχοντικῶν
3316 3812 3504 3887 ἐχθρῶν
3534 3800 3703 3901 χιλιάδξς

2228 3916 2323 3969 καὶ
2359 3913 2644 3987 μυριάδας,
2674 3912 2774 3977 τὰς
2810 3911 2908 3984 μὲν
2934 3912 3001 3965 ὲκ
3028 3911 3142 3966 τῶν
3163 3909 3365 3978 δεξιῶν,
3392 3905 3480 3969 τὰς
3501 3900 3548 3954 δὲ
3568 3899 3617 3950 ἐκ
3631 3899 3701 3987 τ⁶³ἶ¹

2229 3980 2523 4078 εὐωνύμων
2563 3980 2926 4077 πολεμούσας,
2966 4002 3143 4074 ἀρχάς
3176 4019 3235 4057 τε
3277 4001 3367 4057 καὶ
3408 3980 3699 4078 ἐξουσίαςῶαἱ

2228 4097 2293 4168 δὴ
2346 4076 2441 4153 κάλ
2471 4097 2598 4161 τοὺς
2625 4076 2948 4167 λεγομένους
2981 4093 3418 4166 κοσμοκράτορας
3440 4083 3521 4140 τοῦ

2228 4186 2438 4249 τούτου,
2486 4187 2557 4242 τά
2585 4203 2646 4240 τε
2687 4183 3031 4258 πνευματικά
3069 4184 3172 4256 τῆς
3202 4181 3479 4253 πονηρίαςο
3511 4160 3700 4258 πάντξῆ

2228 4275 2322 4334 οὖν
2364 4277 2534 4332 ταῦτα
2579 4277 2642 4332 τὸ
2682 4254 2849 4349 μηδὲν
2899 4275 3104 4347 ἰσχύειν
3130 4254 3460 4343 ήάπελέγξας,
3494 4261 3570 4318 καὶ
3599 4254 3700 4348 τέλοξ

2229 4370 2390 4426 αὐτὸν
2420 4370 2512 4425 τὸν
2541 4367 2650 4424 τῶν
2679 4368 2862 4423 κακῶν
2892 4354 3119 4440 ἔξαρχον
3151 4365 3386 4422 διάόολον
3419 4358 3487 4430 τῷ
3512 4353 3697 4440 λόγῳτσξ

2230 4463 2493 4534 στόματος
2521 4460 2687 4516 αὑτοῦ
2729 4431 2947 4533 μακρὰν
2970 4431 3337 4535 ἀποσοϐήσεις,
3368 4447 3556 4510 διελθών
3576 4458 3620 4496 τε
3638 4431 3697 4491 καὶ

2228 4555 2681 4627 ὲμπεριπατήσας
2719 4552 2817 4626 τὴν
2860 4554 3245 4626 ἀντικειμένην
3290 4551 3486 4605 ἃπασαν
3523 4536 3694 4627 δύναμιν)

2227 4614 2324 4701 καὶ
2348 4614 2537 4700 ἑαυτὸν
2566 4614 2675 4719 μὲν*
2690 4614 2984 4719 παρασχὼν
3020 4614 3134 4711 τοὶς
3161 4614 3367 4700 θέλουσι
3394 4629 3620 4710 προσιέναι
3636 4614 3695 4719 xtl

2228 4736 2527 4811 πειράζειν,
2561 4707 2787 4810 μηδενὸς
2821 4707 2909 4792 se"
2928 4707 3128 4813 στῆναι⁷
3157 4737 3288 4811 πρὸς
3318 4707 3465 4787 αὐτὸν
3488 4707 3697 4813 δεδννιιιέο

2225 4807 2338 4893 νου,
2362 4828 2536 4893 οὕτως
2686 4830 2784 4902 τὴν
2811 4829 2920 4884 τῶν
2944 4807 3246 4905 ἀνθρώπων
3271 4822 3517 4897 σωτηρίαν
3542 4807 3694 4905 “Pl”:

2227 4890 2439 4976 Atb'xat
2471 4890 2702 4994 ὁρῶντες
2728 4890 2892 4977 αὐτὸν
2923 4924 2972 4977 οἱ
3004 4890 3255 4996 δαίμονες
3293 4890 3606 4987 ἐπεξίνωσκον
3623 4890 3696 4996 ἀῗδ

2225 5013 2327 5085 τῆς
2354 4983 2791 5088 προδηλωθείσης
2829 5014 2972 5069 κατὰ
3007 4983 3110 5088 τὴν
3135 4983 3333 5087 ἔρημον
3360 4983 3610 5088 διατρεεῆἰν

2227 5122 2449 5171 σκοντες
2494 5104 2677 5178 αὐτῷ·
2722 5124 2741 5157 ι
2774 5105 2838 5158 Τί
2888 5107 3021 5178 ἡμῖν
3071 5106 3165 5161 καί
3199 5123 3297 5171 σοι,
3346 5095 3499 5172 Ἰησοῦ
3529 5086 3603 5143 Υἱὲ
3632 5092 3692 5170 τον

2225 5195 2392 5264 Θεοῦ;
2436 5217 2454 5250 ι
2493 5197 2673 5252 Ταῦτα
2709 5197 2805 5269 μὲν
2832 5177 2940 5251 οὖν
2962 5198 3089 5269 περὶ
3119 5197 3285 5252 τῶνδε
3303 5212 3316 5225 ·
3347 5190 3412 5247 τά
3437 5187 3487 5241 δὲ
3513 5177 3611 5248 έξῆἶ

2225 5252 2437 5361 ψαλμοῦ
2464 5289 2600 5362 πρὸς
2638 5252 2799 5343 αὐτὸν
2831 5252 3252 5362 ἀναπιρὼνηται
3279 5286 3363 5341 τὸν
3398 5270 3606 5351 Χριστδνι
3625 5252 3693 5312 δή

2226 5382 2343 5447 τοῦ,
2376 5401 2395 5433 α
2440 5383 2527 5438 Ἐν
2560 5385 2671 5446 τοῖς
2704 5384 3064 5456 μεταφρένοις
3100 5382 3260 5438 αὐτοῦ
3290 5368 3558 5433 ἐπισκιάσει

2227 5431 2469 5546 δηλονότι
2493 5477 2522 5530 ο
2552 5431 2832 5546 "rd/iga"
2852 5431 2914 5528 τί
2936 5431 3167 5530 καμὺπδ
3194 5474 3288 5538 τὰς
3323 5467 3561 5537 πτέρυγας
3582 5431 3694 5503 ma

3606 5988 3818 6196 Δ
