3868 6192
209 212 294 265 GT?
1085 210 1735 267 DEMONSTRATIONIS
1774 208 2228 267 EVANGELICE
2269 209 2395 266 UB.
2438 210 2527 267 IX.

3328 218 3429 271 678

208 328 397 388 ἐλπιεῖς.
450 324 632 394 Ὀπλῳ
662 322 930 377 κυκλώσει
960 341 1018 377 σε
1044 326 1076 396 ἡ
1106 325 1332 398 ἀλήθεια
1364 328 1525 381 αὑτοῦ
1546 345 1558 357 ο
1597 348 1614 379 ι
1650 329 1736 380 καὶ

1844 326 1898 379 in
1922 324 2142 380 deserto
2165 330 2673 391 commorationem,
2699 343 2824 382 cum
2849 328 2915 382 ad
2940 330 3116 398 ipsum
3142 330 3384 385 dicerent
3412 352 3423 385 :

203 419 467 487 ἐπειδήπερ
509 417 744 487 ἡμέραις
786 418 1198 488 τεσσαράκοντα
1250 419 1344 472 καὶ
1386 423 1507 484 ταῖς
1554 421 1746 473 τοσαύ-

198 529 298 573 ταις
339 510 481 574 νυξὶν
523 509 866 579 ὲπειράζετο,
910 512 1032 583 περὶ
1067 511 1169 582 μὲν
1199 511 1308 565 τῶν
1347 513 1489 583 ἀμφὶ
1519 511 1619 575 τὰς
1651 512 1744 565 νύ-

195 618 311 663 κτας
341 600 595 652 ἐπιόντων
637 598 786 669 αὐτῷ
818 599 1097 653 λέλεκται”
1137 620 1155 651 ι
1194 602 1267 653 Οὐ
1314 601 1599 674 φοὸηθήσῃ
1638 603 1746 655 ἀπὸ

192 693 335 762 ςόϐου
376 691 725 763 νυκτερινοῦ·
770 711 788 741 ι
824 694 950 762 περὶ
980 693 1037 745 δὲ
1075 692 1181 745 τῶν
1216 693 1359 764 ἀμφὶ
1403 693 1502 757 τὰς
1532 695 1746 765 ἡμέρας

191 785 329 838 αὐτὸν
376 785 779 855 πολεμούντων,
821 784 900 849 τὸ,
951 805 969 835 ι
1010 787 1139 839 Ἀπὸ
1192 788 1379 857 βέλους
1430 790 1744 859 πετωμένου

190 877 405 946 ἡμέρας·
445 895 462 925 ι
499 877 595 929 καὶ
632 872 789 938 αὖθις
817 877 945 948 περὶ
980 879 1077 947 μὲν
1103 878 1210 932 τῶν
1243 880 1300 931 ἐν
1329 880 1511 932 νυκτὶο
1551 900 1567 930 ι
1614 882 1746 933 Ἀπὸ

188 968 490 1037 πράγματος
517 968 576 1019 ἐν
608 967 787 1019 σκότει
815 967 1275 1040 διαπορευομένου
1295 986 1308 999 ·
1345 988 1362 1022 ι
1398 970 1525 1041 περὶ
1553 970 1608 1022 δὲ
1636 969 1743 1023 τῶν

182 1060 229 1111 ὲν
247 1059 449 1130 ἡμέρῳ
477 1078 495 1109 ι
524 1058 655 1111 Ἀπὸ
681 1058 1084 1129 συμπτώματος
1108 1061 1202 1114 καὶ⁵
1225 1060 1501 1133 δαιμονίου
1531 1080 1746 1132 μεσημ-

181 1148 363 1219 ϐρινοῦ.
406 1170 424 1201 ι
482 1147 597 1203 Εἶτ’
645 1150 874 1223 ἐπείπερ
917 1153 975 1204 ἐν
1017 1152 1095 1222 τῷ
1148 1152 1430 1225 πειράζειν
1486 1154 1743 1225 δυνάμεις

181 1245 391 1315 πονηραὶ
420 1243 689 1297 ὲκῦκλουν
719 1244 899 1309 αὑτὸν,
930 1246 1023 1297 καὶ
1049 1248 1103 1298 αἱ
1128 1246 1226 1317 μὲν
1258 1245 1325 1299 τὰ
1354 1246 1502 1313 δεξιὰ
1537 1248 1744 1319 πλευρά

184 1340 402 1405 συνεῖχον
435 1335 630 1399 αὐτοῦ,
669 1335 802 1389 πολὺ
830 1337 888 1389 δὲ
924 1338 1138 1402 πλείους
1175 1339 1282 1391 τῶν
1316 1340 1636 1412 ἀριστερῶν,
1670 1342 1743 1404 ὡς

186 1428 240 1481 ἂν
270 1427 659 1501 κρατερῶτερα
688 1428 784 1498 μὲν
822 1429 890 1482 τὰ
919 1428 1088 1495 δεξιὰ.
1121 1432 1344 1496 εἰκότως
1384 1433 1530 1504 αὐτῷ
1565 1433 1743 1486 ἐπιλέ-

180 1538 357 1588 γεται⁸
396 1540 413 1571 ι
468 1522 731 1574 Πεσεῖται
779 1522 841 1574 ἐκ
882 1522 974 1576 τοῦ
1029 1523 1242 1588 κλίτους
1288 1542 1378 1578 σου
1423 1525 1598 1596 χιλιὰς
1652 1528 1743 1579 καὶ

180 1610 361 1683 μυριὰς
392 1613 452 1665 ἐκ
488 1612 683 1679 δεξιῶν
711 1632 804 1668 σου
823 1634 834 1645 ο
871 1615 1006 1686 πρός
1032 1616 1090 1670 σὲ
1116 1617 1171 1669 δὲ
1192 1618 1291 1669 οῦκ
1317 1619 1505 1686 ἐγγιεῖ.
1528 1638 1543 1667 ι
1580 1619 1743 1671 «Κλί-

180 1721 291 1767 τους
332 1724 351 1756 ι
387 1705 514 1757 ἀντὶ
535 1704 629 1757 τοῦ
657 1706 942 1778 ἀριστεροῦ
966 1708 1373 1779 ῶνομασμὲνου,
1403 1725 1744 1779 παρασεσιω-

183 1793 395 1864 naui-Iov
428 1793 494 1847 δὲ
520 1796 741 1860 εἰκότως
765 1797 1145 1869 τοῦέόνόματος
1184 1798 1277 1852 τοῦ
1310 1800 1618 1871 ἀριστεροῦ,
1665 1800 1744 1870 τῷ

181 1889 322 1958 μηδὲν
346 1889 564 1951 σκαιὸν,
603 1889 734 1959 μηδὲ
766 1890 1051 1960 ἀριστερὸν
1091 1889 1439 1961 εὑρίσκεσθαι
1482 1892 1540 1943 ἐν
1572 1890 1736 1961 αὐτῷ.

181 1980 270 2032 Καὶ
299 1980 488 2052 ἐπειδὴ
524 1982 619 2052 ὅλη
651 1980 865 2053 μυριὰς.
902 1982 1036 2052 ὁμοῦ
1067 1982 1121 2035 δὲ
1152 1982 1245 2035 καὶ
1279 1981 1454 2052 χιλιὰς
1479 1982 1541 2035 ἔκ
1566 2000 1624 2035 τε
1646 1981 1740 2035 τοῦ

181 2073 363 2135 κλίτους
396 2072 577 2127 αὑτοῦ
609 2074 703 2127 καὶ
738 2075 846 2127 ἀπὸ
875 2074 981 2127 τῶν
1018 2073 1206 2139 δεξιῶν
1242 2073 1523 2127 πεσεῖσθαι
1554 2074 1740 2143 λέγον-

180 2181 267 2225 ται,
298 2165 530 2229 εἰκότως
566 2166 657 2218 ἐπὶ
693 2165 903 2229 τούτοις
942 2166 1069 2236 ἑξῆς
1110 2167 1355 2236 εἴρηται·
1393 2184 1411 2217 ι
1452 2165 1597 2237 Πλὴν
1627 2168 1741 2230 τοῖς

179 2254 448 2325 ἐξθαλμοῖς
499 2273 595 2309 σου
643 2259 1017 2329 κατανοήσεις,
1052 2258 1143 2311 καὶ
1177 2256 1527 2312 ἀνταπόδοσιν
1571 2259 1743 2328 ἁμαρ-

179 2346 331 2399 τωλῶν
379 2347 535 2417 ὄψει.
585 2368 603 2399 ι
642 2350 751 2402 Καὶ
795 2349 945 2401 ἔσται
1011 2348 1213 2413 ταῦτα,
1276 2350 1427 2420 φησι,
1508 2349 1635 2420 περὶ
1680 2351 1740 2403 σὲ

180 2439 248 2493 τὸν
279 2439 520 2511 Χριστὸν
541 2440 635 2493 τοῦ
648 2441 804 2505 Θεοῦ,
833 2461 850 2492 ι
877 2442 1170 2513 ἐπειδήπερ
1193 2443 1255 2495 σὺ
1279 2462 1296 2493 ι
1323 2443 1502 2506 αὐτὸς,
1537 2437 1582 2494 ὦ
1616 2441 1731 2496 Κύ-

179 2549 259 2601 ριε,
284 2533 337 2595 ὃς
364 2533 666 2604 τυγχάνεις
688 2534 761 2586 ῶν
794 2535 825 2604 ἠ
847 2554 863 2584 ι
897 2535 1001 2605 ἐμὴ
1037 2534 1208 2598 ἐλπὶς,
1232 2535 1321 2587 τὸν
1346 2533 1604 2604 Ὕψιστον
1618 2534 1739 2587 ἔθου

175 2627 479 2697 καταφυγήν
515 2643 629 2680 σου.
664 2645 680 2676 ι
717 2626 882 2679 Ἔνθα
917 2629 1009 2679 καὶ
1036 2628 1367 2697 ἐπιστήσεις,
1396 2625 1516 2679 τίνα
1542 2626 1739 2699 τρόπον

171 2714 493 2787 όπροφῄτης
542 2717 679 2788 πρὸς
723 2717 883 2770 αὐτὸν
932 2718 1022 2771 τὸν
1068 2717 1270 2789 Κύριόν
1313 2734 1510 2789 φησιν·
1554 2737 1573 2769 ι
1621 2718 1738 2771 Ὅτι

176 2807 242 2867 εὖ,
267 2808 444 2879 Κύριε
480 2809 640 2870 ἐλπίς
685 2827 807 2879 μου,
845 2809 936 2861 τὸν
966 2809 1225 2879 Ὕψιστον
1265 2809 1386 2864 ἔθου
1419 2812 1738 2882 καταφυγήν

176 2913 265 2959 σου,
298 2917 314 2949 ι
352 2897 591 2968 διαιρῶν
622 2897 862 2967 ἀκριϐῶς
891 2897 1076 2969 ἕτερον
1107 2899 1251 2964 ἰδίως
1282 2900 1502 2971 Κύριον,
1532 2902 1625 2954 καὶ
1650 2901 1737 2954 τὸν

173 2990 332 3042 τούτου
363 2990 593 3061 Πατέρα
638 2990 767 3043 Θεὸν
811 2989 1034 3059 ὕψιστον
1056 3008 1069 3020 ·
1104 2990 1182 3044 διὸ
1215 2992 1511 3063 ἐπειδήπερ
1553 2993 1733 3055 αὐτὸν,

170 3086 235 3148 ὡς
272 3086 496 3155 Πατέρα
539 3085 635 3137 καὶ
674 3083 805 3136 Θεὸν
848 3083 1069 3153 ὕψιστον
1119 3085 1439 3153 καταφυγὴν
1484 3083 1676 3136 ἑαυτοῦ
1708 3086 1735 3135 ὁ

174 3178 388 3246 Χριστος
414 3176 676 3238 τέθειται,
708 3175 954 3228 λέλεκται
981 3175 1128 3245 αὐτῷ
1170 3175 1249 3237 τὸ,
1288 3193 1305 3225 ι
1344 3176 1415 3227 Οὐ
1454 3174 1737 3246 προσελεύ-

176 3286 303 3322 σεται
334 3270 480 3340 πρὸς
510 3268 572 3321 σὲ
606 3269 771 3333 κακὰ,
801 3270 894 3321 καὶ
935 3268 1132 3339 μάστιξ
1159 3268 1260 3320 οῦκ
1286 3269 1460 3336 ἐγγιεῖ
1492 3269 1569 3339 τῷ
1606 3285 1736 3339 σκη-

173 3359 365 3430 νώματί
392 3377 507 3413 σου.
536 3359 655 3411 ’Ὁτι
680 3361 791 3421 τοῖς
821 3358 1071 3427 ἀγγέλοις
1102 3356 1264 3410 αὑτοῦ
1292 3357 1585 3411 ἐντελεῖται
1609 3358 1736 3430 περὶ

173 3452 273 3515 σοῦ,
304 3451 401 3505 τοῦ
449 3449 773 3520 διαφυλάξαι
826 3467 884 3503 σε
926 3451 983 3503 ἐν
1032 3450 1232 3512 πάσαις
1276 3452 1393 3513 ταῖς
1439 3450 1577 3513 ὁδοῖς
1617 3466 1731 3504 σου.

181 3544 289 3598 Ἐπὶ
318 3544 522 3616 χειρῶν
561 3542 754 3614 άροῦσί
780 3559 861 3607 σε,
895 3543 1102 3613 μήποτε
1144 3540 1458 3613 προσκόψῃς
1500 3540 1635 3612 πρὸς
1659 3541 1736 3594 λῖ-

172 3639 249 3692 θον
274 3640 365 3693 τὸν
397 3639 537 3691 πόδα
562 3654 678 3690 σου.
711 3655 730 3687 ι
766 3636 878 3688 Καὶ
906 3633 1179 3704 ἐπιμελῶς
1206 3650 1267 3701 γε
1289 3634 1441 3703 τήρει
1472 3632 1589 3685 τίνα
1616 3632 1734 3704 τρόο

175 3746 257 3781 πον
286 3733 342 3783 ὲν
386 3728 487 3799 τῷ,
538 3746 556 3777 ι
597 3727 719 3778 Ὅτι
756 3724 840 3786 σὺ,
876 3721 1048 3795 Κύριε
1091 3722 1245 3785 ἐλπίς
1290 3739 1414 3793 μου,
1456 3721 1546 3775 τὸν
1575 3722 1734 3792 ’Ὑψι-

176 3839 282 3877 στον
327 3821 453 3875 ἔθου
486 3819 808 3890 καταφυγήν
856 3834 971 3880 σου,
1005 3835 1022 3867 ι
1052 3816 1142 3875 τὸ,
1174 3835 1192 3866 ι
1225 3815 1415 3886 Κύριε.
1450 3834 1468 3865 ι
1522 3814 1611 3867 διὰ
1638 3814 1731 3868 τοῦ

173 3916 583 3988 τετραγράμμου
636 3912 894 3982 ὀνόματος
929 3912 987 3963 ἐν
1037 3908 1113 3979 τῷ
1168 3907 1433 3979 Ἐὄραῖκῷ
1485 3907 1729 3979 φέρεται,

171 4007 291 4079 ὅπερ
337 4004 718 4075 ανεκφώνητον
758 3998 897 4056 εἶναι
930 4001 1175 4069 λέγοντες
1218 4000 1477 4071 Ἐϐραίων
1520 4000 1727 4064 παῖδες,

172 4102 252 4153 ἐπὶ
280 4102 439 4171 μόνου
469 4096 560 4151 τοῦ
596 4094 732 4150 Θεοῦ
766 4092 1214 4166 παραλαμϐάνειν
1258 4091 1537 4145 εἰώθασινο
1570 4094 1729 4163 ἡμεῖς

171 4193 220 4246 δὲ
248 4193 338 4245 καί
365 4192 459 4245 ἐπὶ
487 4192 585 4259 τῆς
616 4187 707 4241 τοῦ
747 4187 919 4254 Λόγου
960 4185 1209 4255 θεότητος
1234 4185 1290 4237 ἐν
1310 4183 1586 4248 πλείσταις
1615 4184 1726 4236 κεί-

177 4300 321 4353 μενον
366 4284 610 4355 Γραφαῖς
656 4277 1142 4350 προαπεδείξαμεν,
1177 4276 1365 4345 ὥσπερ
1419 4277 1511 4329 καὶ
1553 4278 1610 4328 ἐν
1653 4275 1729 4346 τῷ

177 4376 303 4445 μετὰ
336 4378 524 4447 χεῖρας
569 4369 788 4441 ψαλμῷ,
822 4370 881 4433 ὃς
925 4386 1088 4440 φησιν
1117 4369 1197 4431 εἰς
1242 4367 1527 4439 πρόσωπον
1566 4366 1729 4421 αὑτοῦ
1767 4408 1808 4461 D

175 4470 255 4522 τοῦ
293 4468 529 4540 Κυρίου·
572 4484 590 4516 ι
634 4466 752 4518 ’Ότι
788 4462 872 4526 σὺ,
903 4460 1074 4532 Κύριε
1102 4459 1267 4523 ἐλπίς
1298 4476 1418 4529 μου,
1453 4459 1541 4511 τὸν
1576 4458 1734 4528 Ὕψι-

176 4579 288 4615 στον
317 4562 439 4615 ἔθου
483 4559 805 4629 καταφυγήν
836 4574 928 4610 σου
951 4573 964 4585 ·
1010 4574 1028 4606 ι
1062 4554 1343 4625 μονονουχὶ
1370 4552 1570 4621 λέγων·
1611 4554 1732 4606 ’Ότι

178 4655 235 4705 ὠ
274 4655 446 4717 αὐτὸς,
477 4647 522 4705 ὦ
553 4651 747 4723 Κύριε,
781 4649 839 4713 ὃς
873 4646 1007 4719 ἐμοῦ
1033 4646 1128 4699 τοῦ
1170 4644 1343 4699 ταῦτα
1376 4643 1735 4715 προφητεύον-

177 4763 258 4808 τος
282 4747 430 4810 ἐλπὶς
457 4745 533 4799 ὢν
562 4743 867 4815 τυγχάνεις,
901 4738 1122 4812 μείζονα
1158 4737 1353 4791 σαυτοῦ
1376 4737 1465 4790 τὸν
1489 4736 1620 4789 Θεὸν
1639 4736 1732 4789 τὸν

179 4836 383 4905 ὕψιστον
415 4836 567 4900 εἰδὼς
614 4838 838 4896 ἐκεῖνον,
879 4831 1039 4885 αὑτὸν
1083 4829 1205 4883 ἔθου
1244 4828 1562 4897 καταφυγήν
1605 4843 1728 4879 σου·

178 4927 287 4980 ὅθεν
324 4931 416 4983 καί
446 4931 503 4982 ἐν
548 4928 687 4998 ἀρχῇ
727 4925 942 4991 ἐλέγετο
970 4921 1065 4975 τοῦ
1095 4919 1309 4991 ψαλμοῦ
1344 4919 1471 4991 περὶ
1507 4919 1600 4972 τοῦ
1639 4920 1730 4973 αῦ-

180 5019 295 5072 τοῦ·
343 5041 358 5073 ι
396 5022 453 5075 Ὀ
499 5019 766 5073 κατοικῶν
833 5019 891 5068 ἐν
942 5014 1160 5085 βοηθείᾳ
1202 5012 1295 5065 τοῦ
1334 5012 1611 5082 Ὑψίστου,
1670 5014 1727 5064 ἐν

180 5113 344 5186 σκέπῃ
388 5113 479 5168 τοῦ
525 5112 658 5167 Θεοῦ
708 5109 937 5182 οὐρανοῦ
983 5105 1386 5177 αὑλισθήσεται.
1452 5106 1595 5177 Ἐρεῖ
1647 5103 1726 5176 τῷ

182 5207 383 5277 Κυρίῳ·
427 5206 795 5277 Ἀντιλήπτωρ
840 5219 940 5273 μου
969 5197 1018 5254 εἴ
1065 5202 1159 5253 καὶ
1194 5200 1480 5270 καταφυγή
1530 5215 1653 5269 μου,
1700 5200 1729 5251 ό

180 5299 303 5362 Θεός
334 5316 449 5369 μου,
484 5297 671 5371 βοηθός
706 5314 828 5368 μου,
860 5296 955 5349 xui.
988 5289 1156 5345 ἐλπιῶ
1183 5292 1271 5343 ἐπ’
1297 5289 1477 5344 αὐτόν.
1510 5288 1725 5360 Ἐπειδὴ

181 5392 343 5446 τοίνυν
390 5396 471 5459 συ,
509 5386 554 5446 ὦ
586 5391 780 5463 Κύριε,
819 5388 908 5442 τὸν
945 5386 1203 5457 Ὕψιστον
1248 5384 1368 5439 ἔθου
1406 5383 1725 5453 καταφυγήν

187 5502 291 5547 σου.
318 5506 334 5538 ι
354 5488 537 5540 τούτου
567 5486 724 5555 γάριν
752 5478 911 5546 αὐτὸς
930 5483 957 5533 ὁ
983 5479 1263 5550 "mia—:04,
1286 5478 1471 5551 φησὶ,ι
1498 5473 1722 5548 ῥύσεταί

253 5665 293 5696 ⁸⁸
326 5667 497 5723 ΞΧειιιὺ.
535 5684 631 5721 mi
652 5664 781 5745 ..19

1854 436 1873 469 ι
1907 416 2046 482 Quid
2079 418 2238 472 nobis
2259 426 2311 473 et
2336 418 2431 472 tibi
2460 416 2587 474 Jesu
2612 459 2625 483 ,
2668 420 2772 474 Fili
2806 420 2902 475 Dei
2931 423 2979 453 “
3006 422 3028 475 ?
3055 442 3073 473 ›
3107 422 3227 477 [huc
3264 424 3430 493 igitur

1852 508 1920 561 de
1952 508 2039 562 his
2076 509 2222 589 dicta
2269 520 2417 563 sunt.
2451 508 2583 575 Qure
2630 528 2760 567 vero
2807 512 3069 582 deinceps
3117 514 3170 567 in
3217 517 3429 584 psalmo

1852 610 2179 670 sequuntur.
2209 602 2273 654 ad
2302 602 2478 671 ipsum
2508 602 2785 656 Christum
2817 605 3173 658 enuntiantur
3204 622 3268 659 ex
3298 607 3426 663 illo:

1855 712 1872 742 ι
1912 691 1968 746 In
2022 694 2262 762 scapulis
2314 693 2431 747 suis
2481 694 2830 749 obumbrabit
2878 697 3009 759 tibi,
3057 715 3074 747 ι
3108 696 3427 753 Altissimus

1851 785 2100 839 videlicet
2122 826 2135 848 ,
2169 804 2187 835 ι
2217 793 2271 839 et
2298 786 2401 839 sub
2427 786 2527 839 alis
2556 786 2674 854 ejus
2704 787 2979 856 sperabis,
3008 796 3164 842 scuto
3191 790 3427 843 circum-

1848 875 1997 929 dabit
2046 885 2099 929 te
2137 878 2340 932 veritas
2379 880 2499 945 ejus
2523 918 2537 940 ,
2574 898 2591 930 ι
2615 888 2665 932 et
2697 880 2955 948 quoniam
2999 880 3190 936 diebus
3223 897 3289 935 XL
3321 897 3423 936 no-

1849 968 2141 1036 ctibusque
2174 968 2398 1022 totidem
2436 977 2677 1024 tentatus
2714 978 2829 1035 est,
2863 971 2932 1026 de
2964 972 3030 1027 iis
3063 974 3283 1042 quidem
3325 977 3417 1043 qui

1846 1067 2011 1112 noctu
2040 1061 2188 1113 illum
2218 1058 2566 1123 invadebant,
2592 1060 2797 1114 dictum
2823 1071 2907 1116 est
2930 1062 2997 1116 ad
3026 1065 3236 1132 ipsum:
3262 1084 3279 1113 ι
3307 1064 3427 1121 Non

1849 1151 2072 1206 timebis
2103 1168 2131 1203 a
2163 1152 2358 1205 timore
2391 1160 2661 1207 nocturno
2688 1171 2701 1219 ;
2738 1172 2755 1204 ι
2782 1152 2849 1207 de
2885 1153 2953 1209 iis
2983 1170 3111 1209 vero
3141 1156 3234 1224 qui
3265 1172 3424 1210 eum-

1845 1242 1967 1298 dem
2000 1259 2094 1313 per
2124 1244 2267 1298 diem
2299 1246 2722 1315 oppugnabant,
2758 1245 2892 1300 illud
2922 1268 2935 1302 :
2976 1265 2994 1296 ‹
3028 1247 3070 1300 Α
3103 1248 3296 1317 sagitta
3329 1265 3425 1303 ro-

1846 1336 1993 1391 lante
2032 1336 2085 1389 in
2122 1336 2209 1391 die
2236 1354 2250 1403 ;
2278 1357 2295 1388 »
2322 1338 2449 1392 item
2493 1339 2560 1393 de
2598 1339 2883 1393 nocturnis
2929 1339 3073 1404 illis,
3120 1340 3294 1394 illud:
3326 1360 3344 1393 ι
3378 1342 3423 1395 Α

1845 1429 2066 1499 negotio
2095 1431 2511 1498 perambulante
2540 1431 2593 1484 in
2622 1430 2898 1496 tenebris;
2927 1450 2945 1483 ›
2968 1432 3034 1486 de
3058 1430 3269 1487 diurnis
3293 1450 3424 1489 vero

1846 1520 1976 1574 illud
2004 1541 2016 1574 :
2047 1539 2066 1571 ι
2103 1521 2185 1575 Ab
2219 1523 2439 1577 incursu
2472 1532 2525 1577 et
2552 1522 2820 1577 dminonio
2851 1524 3178 1579 meridiano.
3214 1545 3232 1577 ι
3259 1525 3422 1597 435

1845 1613 1924 1667 Ad
1968 1613 2102 1678 hare,
2144 1616 2401 1684 quoniam
2440 1614 2567 1668 dum
2610 1615 2944 1678 tentabatur,
2981 1616 3233 1686 maligna:
3270 1624 3424 1686 pote-

1846 1712 2014 1760 states
2042 1706 2189 1760 illum
2217 1708 2681 1769 circumstabant,
2707 1716 2759 1761 et
2787 1725 2906 1778 qua:
2933 1708 3148 1778 quidem
3179 1710 3324 1764 illius
3353 1710 3421 1763 la-

1844 1803 1933 1852 tus
1958 1795 2209 1851 dextrum
2238 1800 2533 1867 stipabant,
2558 1800 2799 1853 sinistris
2824 1800 2993 1852 multo
3020 1800 3203 1868 plures
3228 1807 3383 1854 crant
3401 1840 3417 1865 ,

1843 1896 2028 1959 utpote
2075 1906 2197 1945 cum
2244 1891 2434 1945 dextra
2478 1892 2635 1962 longe
2688 1893 2797 1946 sint
2835 1893 3171 1955 valentiora,
3222 1893 3420 1948 merito

1842 1980 2158 2051 adjungitur
2173 1981 2239 2034 ad
2270 1980 2520 2035 eumdem
2546 2001 2556 2035 :
2585 2000 2602 2033 ι
2632 1980 2839 2036 Cadent
2867 1999 2895 2036 a
2928 1984 3096 2038 latere
3126 1991 3218 2037 tuo
3249 1984 3415 2047 mille,

1842 2080 1897 2127 et
1929 2072 2116 2126 decem
2148 2072 2314 2125 millia
2348 2086 2377 2124 a
2408 2071 2615 2127 dextris
2642 2072 2751 2128 tuis
2773 2113 2789 2137 ,
2813 2075 2877 2126 ad
2906 2082 2956 2129 te
2980 2083 3159 2130 autem
3184 2092 3291 2130 non
3324 2091 3420 2146 ap-

1840 2163 2251 2234 propinquabit.
2277 2182 2296 2215 ›
2323 2161 2427 2216 Ubi
2470 2181 2487 2212 ι
2514 2178 2543 2215 a
2587 2164 2755 2218 latere
2787 2183 2806 2215 ι
2836 2164 3045 2219 dictum
3086 2174 3193 2232 est,
3226 2182 3325 2236 pro
3352 2182 3418 2220 eo

1840 2252 1986 2322 quod
2010 2259 2089 2307 est
2121 2267 2150 2305 a
2179 2252 2426 2307 sinistro.
2456 2252 2594 2306 Cum
2626 2264 2805 2307 autem
2834 2270 3031 2308 nomen
3059 2254 3273 2310 sinistri
3303 2272 3417 2310 me-

1840 2346 1948 2400 rito
1974 2345 2405 2416 praetermissum
2439 2345 2509 2400 sit
2542 2360 2605 2399 ac
2632 2346 2894 2411 tacitum,
2922 2362 2989 2400 ne
3021 2346 3235 2401 adversi
3264 2347 3418 2413 quid-

1840 2438 1983 2508 piam
2017 2444 2112 2491 aut
2148 2437 2360 2493 sinistri
2398 2438 2452 2491 in
2486 2438 2578 2492 illo
2611 2438 2835 2509 reperiri
2873 2439 3145 2500 videatur,
3179 2453 3417 2508 cumque

1841 2537 1955 2584 tota
1986 2528 2174 2583 decem
2204 2529 2373 2583 millia
2395 2568 2409 2591 ,
2441 2544 2650 2583 necnon
2683 2530 2799 2599 ipsa
2831 2530 3010 2593 mille,
3043 2537 3160 2584 tun:
3188 2545 3218 2585 a
3246 2530 3414 2585 latere

1840 2622 1960 2689 ejus
1980 2660 1995 2684 ,
2025 2629 2136 2674 tum
2166 2637 2194 2673 a
2222 2620 2431 2675 dextris
2458 2636 2654 2675 casura
2679 2637 2802 2676 esse
2829 2621 3106 2687 dicantur,
3133 2621 3255 2689 jure
3280 2622 3418 2692 opti-

1840 2727 1929 2765 mo
1969 2718 2092 2782 post
2122 2712 2240 2781 ipsa
2273 2712 2387 2766 hazc
2414 2712 2673 2781 deinceps
2707 2712 2911 2765 dictum
2945 2722 3027 2767 est
3062 2712 3195 2767 illud
3223 2732 3234 2767 :
3264 2732 3281 2764 ‹
3311 2711 3415 2768 Ve-

1839 2812 2145 2859 rumtamen
2186 2806 2361 2860 oculis
2398 2805 2508 2860 tuis
2550 2804 2960 2867 considerabis,
3011 2812 3065 2859 et
3100 2806 3416 2859 retributio-

1842 2912 1961 2950 nem
1998 2908 2345 2966 peccatorum
2380 2896 2611 2951 videbis.
2642 2916 2660 2947 ι
2689 2896 2753 2949 Ει
2783 2897 2897 2951 haec
2918 2937 2932 2961 ,
2962 2897 3177 2966 inquit,
3206 2898 3414 2951 circum

1841 2996 1894 3043 te
1921 2995 2113 3053 erunt,
2146 2988 2239 3057 qui
2270 3004 2328 3043 es
2355 2987 2612 3043 Christus
2640 2988 2732 3042 Dei
2755 3029 2769 3052 ,
2801 3010 2817 3039 ι
2844 2990 3103 3058 quoniam
3131 2996 3188 3042 tu
3214 3009 3229 3041 ι
3255 2990 3373 3058 ipse.
3395 3029 3411 3052 ,

1842 3082 1936 3147 qui
1985 3097 2044 3137 es
2083 3101 2101 3131 ε
2134 3096 2260 3150 spes
2309 3095 2462 3143 mea,
2497 3081 2840 3135 Altissimum
2874 3081 3105 3149 posuisti
3144 3080 3411 3151 refugium

1844 3181 2016 3227 tuum.
2050 3170 2197 3226 tUbi
2251 3172 2417 3225 etiam
2474 3172 2764 3243 diligenter
2810 3173 3128 3227 observabis
3175 3188 3413 3242 quonam

1842 3273 1999 3334 pacto
2032 3264 2296 3334 prapheta
2337 3263 2405 3318 ad
2449 3265 2627 3335 ipsum
2677 3263 2964 3317 Dominum
2995 3264 3181 3319 dicat:
3214 3282 3232 3316 ι
3266 3265 3414 3330 Quo-

1844 3358 1983 3411 niam
2003 3362 2060 3409 tu
2118 3354 2501 3425 Domine,spes
2538 3371 2677 3421 mea,
2705 3356 3042 3409 Altissimum
3071 3356 3296 3424 posuisti
3323 3370 3414 3409 re-

1843 3447 2050 3519 fugium
2084 3456 2275 3503 tuum:
2311 3465 2330 3499 »
2367 3446 2457 3501 ubi
2486 3447 2758 3516 exquisite
2794 3447 3024 3502 alterum
3048 3488 3062 3511 ,
3096 3447 3189 3517 qui
3230 3447 3414 3517 priva-

1840 3542 1937 3596 tim
1972 3548 2057 3595 est
2086 3539 2382 3604 Dominus,
2419 3539 2487 3593 ab
2518 3540 2688 3593 altero
2722 3540 3010 3610 distinguit
3042 3542 3135 3622 qui
3168 3548 3221 3595 et
3249 3541 3412 3610 hujus

1842 3634 2014 3705 ipsius
2045 3641 2131 3689 est
2166 3631 2354 3696 Pater,
2386 3642 2440 3687 et
2468 3640 2730 3702 praeterea
2756 3631 2895 3687 Deus
2938 3633 3239 3688 altissimus
3277 3634 3416 3688 dici~

1842 3737 1966 3783 tur:
2019 3734 2374 3798 quapropter,
2423 3741 2547 3781 cum
2596 3726 2748 3780 illum
2799 3733 2860 3778 ut
2923 3724 3182 3786 Patrem,
3242 3738 3411 3796 utque

1842 3820 2007 3875 Deum
2049 3819 2376 3875 altissimum
2403 3858 2419 3883 ,
2462 3817 2730 3887 refugium
2776 3832 2974 3880 suum,
3012 3816 3266 3871 Christus
3307 3832 3410 3887 po-

1839 3911 2043 3976 suerit,
2080 3911 2286 3965 dictum
2325 3916 2412 3965 est
2449 3911 2499 3964 ei
2547 3908 2680 3962 illud
2710 3928 2721 3963 :
2751 3926 2769 3959 (
2797 3906 2915 3961 Νοιι
2948 3907 3210 3962 accedent
3249 3907 3318 3961 ad
3354 3912 3407 3960 te

1839 4000 1979 4054 mala
1999 4040 2013 4063 ,
2044 4006 2097 4053 et
2127 3998 2398 4068 ﬂagellum
2428 4012 2537 4051 non
2566 3997 3025 4068 appropinquabit
3053 3996 3408 4051 tabernaculo

1838 4100 1950 4145 tuo.
1986 4090 2256 4157 Quoniam
2288 4090 2496 4160 angelis
2528 4090 2645 4144 suis
2675 4090 2955 4144 mandabit
2982 4089 3051 4144 de
3078 4099 3162 4153 te,
3204 4096 3264 4142 ut
3310 4103 3407 4143 cu-

1837 4182 2075 4238 stodiant
2107 4191 2159 4237 te
2191 4183 2245 4236 in
2273 4184 2528 4236 omnibus
2555 4183 2657 4237 viis
2684 4183 2811 4237 tuis.
2847 4180 2901 4235 In
2932 4182 3183 4236 manibus
3213 4188 3399 4251 porta-

1834 4275 1970 4328 bunt
1993 4282 2075 4338 te,
2100 4290 2168 4327 nc
2193 4274 2332 4327 forte
2354 4260 2599 4329 offendas
2624 4272 2689 4326 ad
2716 4271 2945 4342 lapidem
2973 4273 3163 4343 pedem
3189 4281 3363 4325 tuum.
3380 4291 3397 4323 ι

1836 4365 1901 4419 Ει
1930 4382 2063 4422 sane
2094 4367 2385 4439 diligenter
2418 4367 2651 4422 observa
2683 4380 2918 4437 quonam
2950 4365 3114 4419 modo
3135 4405 3148 4429 ,
3184 4367 3238 4427 in
3271 4365 3400 4421 illo:

1839 4478 1857 4511 ι
1889 4458 2155 4524 Quoniam
2188 4470 2265 4527 tu,
2298 4459 2526 4513 Domine
2586 4473 2711 4528 spes
2742 4472 2882 4520 mea,
2934 4456 3273 4512 Altissimum
3309 4473 3406 4528 po-

1836 4547 1997 4603 suisti
2034 4548 2307 4618 refugium
2346 4556 2524 4614 tuum;
2555 4567 2572 4599 »
2604 4547 2737 4602 illud
2773 4566 2784 4601 :
2817 4565 2834 4596 ι
2868 4545 3125 4608 Domine,
3158 4564 3176 4596 ι
3212 4562 3311 4615 per
3351 4546 3404 4599 id

1833 4658 2032 4697 nomen
2066 4642 2209 4712 quod
2241 4649 2477 4712 quatuor
2511 4641 2709 4695 litteris
2744 4646 2992 4700 constat,
3036 4638 3089 4691 in
3132 4636 3402 4691 Hebraico

1836 4735 2100 4802 scriptum
2135 4733 2236 4799 sit,
2277 4732 2424 4802 quod
2458 4748 2581 4786 cum
2624 4730 3017 4787 inenuntiabile
3056 4745 3177 4784 esse
3217 4728 3401 4781 dicant

1834 4824 2067 4887 Hebraei,
2102 4841 2201 4896 pro
2233 4824 2351 4880 solo
2385 4824 2492 4879 Deo
2522 4832 2575 4879 et
2605 4822 2767 4879 Patre
2799 4836 3063 4892 usurpare
3092 4835 3393 4875 consueve-

1831 4926 1997 4984 runt;
2039 4932 2139 4972 nos
2177 4924 2357 4979 autem
2403 4917 2545 4972 idem
2587 4930 2783 4970 nomen
2827 4912 2918 4967 ubi
2960 4913 3026 4966 de
3063 4909 3221 4965 Verbi
3262 4924 3399 4979 quo-

1831 5027 1938 5082 que
1989 5010 2279 5064 divinitate
2333 5010 2530 5078 agitur,
2587 5009 2643 5062 in
2695 5005 2947 5078 plurimis
2995 5004 3229 5074 positum
3276 5017 3398 5057 esse

1834 5101 2138 5173 Scripturis
2178 5108 2340 5155 antea
2379 5099 2879 5154 demonstravimus
2905 5139 2920 5163 ,
2962 5104 3023 5149 ut
3063 5095 3191 5150 item
3230 5094 3283 5147 in
3332 5109 3397 5147 eo

1830 5196 2043 5265 psalmo
2076 5195 2169 5265 qui
2206 5208 2354 5250 nunc
2388 5193 2441 5246 in
2483 5193 2739 5247 manibus
2767 5199 2885 5256 est,
2920 5190 3013 5261 qui
3053 5190 3129 5243 ait
3154 5189 3225 5242 'in
3272 5203 3395 5259 per-

1831 5302 2023 5341 sonam
2077 5286 2252 5358 ipsius
2305 5284 2525 5339 Domini
2593 5303 2658 5339 τι
2694 5284 2964 5350 Quoniam
3013 5280 3415 5346 tu,,D‘omine.

1828 5393 1955 5448 spes
2003 5393 2144 5443 mea,
2186 5377 2526 5433 Altissimum
2566 5374 2797 5447 posuisti
2836 5374 3103 5445 refugium
3142 5380 3333 5439 tuum,
3368 5390 3391 5427 ι

1826 5480 2088 5544 tanquam
2122 5472 2170 5529 si
2206 5472 2411 5529 diceret
2438 5490 2453 5528 :
2485 5468 2755 5536 Quoniam
2787 5477 2847 5525 tu
2879 5469 3024 5539 ipse,
3057 5483 3090 5524 ο
3123 5466 3354 5525 Domine
3377 5508 3391 5535 ,
