3868 6192
218 213 308 268 681

1111 205 1763 269 DEMONSTRATIONIS
1804 206 2264 269 EVANGELlC/E
2305 208 2435 270 LIB.
2474 210 2563 272 lx.

3337 213 3444 272 689

214 330 333 384 Θεόν
363 345 474 381 υου.
512 347 532 381 ι
583 331 682 381 Et:
739 328 859 381 ἐπεὶ
908 329 966 380 ὲν
1014 325 1092 398 τῷ
1136 328 1427 400 πειρασμῴ
1477 328 1613 398 μετὰ
1667 326 1775 379 τῶν

1879 327 2039 385 nibus
2065 329 2188 383 viis.
2229 348 2247 379 ι
2282 327 2448 399 Igitur
2480 334 2631 385 uisre
2680 330 2811 401 ipsis
2860 330 3195 394 auctoribus.
3240 334 3305 389 ad
3339 334 3445 390 Do.-

210 426 431 499 Θηρίων,
462 424 607 479 κατὰ
641 423 732 477 τὸν
765 422 1173 494 εὐαγγελιστὴν,
1220 422 1476 493 διέτριϐε,
1517 421 1687 475 ποίων
1717 421 1774 474 δὲ

1876 419 2082 475 minum
2140 428 2400 490 tanquam
2459 422 2527 477 de
2577 422 2807 478 Domino
2862 426 3068 479 dictum
3117 434 3202 481 est
3259 427 3441 483 illud:

207 517 299 571 οὐκ
343 516 796 587 ἀναγέγραπται,
852 514 1181 585 σαφέστερον
1230 512 1388 566 τοῦτο
1428 511 1560 565 αύτδ
1600 514 1633 582 ἡ
1678 509 1777 564 τοῦ

1880 531 1901 565 ι
1942 512 2161 585 Angelis
2212 515 2329 570 suis
2359 515 2632 569 mandavit
2664 517 2730 572 de
2773 526 2846 582 te,
2880 528 2938 573 ut
2964 520 3277 574 custodiant
3306 531 3359 578 te
3387 522 3444 576 in

203 607 412 681 ψαλμοῦ
445 614 752 681 προφητεία
794 610 861 661 τὰ
894 607 1006 676 εἴδη
1040 606 1147 660 τῶν
1179 606 1385 677 Θηρίων
1427 605 1771 677 αἰνιττομένη

202 705 361 776 φησίν
383 722 395 733 ·
439 722 460 754 ι
503 704 628 756 Ἐπὶ
660 702 859 755 ἀσπίδα
889 701 984 753 καὶ
1031 698 1337 769 βασιλίσκον
1376 697 1643 768 ὲπιόήσῃ,
1670 696 1774 749 καὶ

201 798 609 868 καταπατήσας
661 795 849 848 λέοντα
896 794 991 847 καὶ
1036 792 1321 864 δράκοντα.
1366 809 1385 844 ι
1449 790 1619 852 Αὐτὸς
1675 786 1772 860 μὲν

196 886 287 945 οὖν
319 889 392 942 τὰ
432 887 787 961 ἀρχικώτατα
838 886 945 939 τῶν
983 885 1187 955 νοητῶν
1215 882 1416 954 Θηρίων
1447 882 1635 935 λέοντα
1679 881 1773 935 καὶ

192 983 486 1053 δράκοντα,
519 980 722 1034 ἀσπίδα
757 979 849 1033 καὶ
888 976 1219 1048 βασιλίσκον,
1249 976 1410 1029 αὑτὸν
1450 973 1648 1045 δηλαδὴ
1680 973 1772 1026 τὸν

190 1073 460 1137 διάϐολον,
491 1074 587 1128 καὶ
611 1073 714 1137 τὰς
740 1071 1032 1143 μετάύτοῦ
1059 1068 1383 1143 ἀρχοντικὰς
1405 1070 1497 1122 καὶ
1529 1066 1773 1139 πονηρὰς

190 1163 451 1235 δυνάμεις
494 1165 904 1234 καταπατήσειν
946 1159 1394 1232 μεμαρτύρηται·
1442 1158 1553 1219 τοῖς
1591 1154 1770 1226 δὲτὴν

189 1256 380 1327 ὁμοίαν
409 1256 611 1327 ἀρετὴν
642 1254 789 1325 αὐτῷ
814 1251 1169 1323 κεκτημένοις
1197 1250 1464 1322 μαθηταῖς
1501 1249 1594 1302 καὶ
1633 1249 1770 1301 ἀπο-

193 1349 406 1412 στόλοις
439 1348 605 1401 αύτοῧ
640 1349 737 1419 τὴν
769 1346 1014 1409 ἐξουσίαν
1044 1343 1206 1407 αὐτὸς
1233 1342 1329 1396 τοῦ
1358 1344 1545 1394 πατεῖν
1588 1341 1770 1394 ἐπάνω

190 1440 361 1511 δςεων
431 1442 529 1494 καὶ
590 1440 864 1509 σκορπίων
911 1436 1194 1509 δωρεῖται,
1251 1435 1350 1488 ούκ
1411 1433 1516 1488 ἑῶν
1576 1434 1771 1495 αὐτοὺς

192 1531 558 1602 πειρασθῆναι
603 1529 741 1600 ὑπὲρ
781 1528 809 1581 ὃ
850 1526 1129 1581 δύναιντο·
1170 1527 1330 1597 μόνου
1371 1525 1479 1596 γὰρ
1508 1519 1576 1596 ἦν
1603 1523 1767 1577 αὑτοῦ

1874 607 2129 662 omnibus
2162 607 2267 663 viis
2297 609 2426 663 tuis.
2461 607 2515 663 In
2543 609 2793 665 manilius
2826 612 3119 679 portabunt
3146 619 3220 674 te,
3256 612 3446 669 videli—

1873 708 1957 754 cet
1981 705 2031 754 te
2063 696 2375 765 Dominum,
2410 716 2479 755 ne
2522 700 2659 757 forte
2691 712 2746 756 tu
2788 701 3053 759 Dominus
3092 701 3338 761 offendas
3375 704 3444 759 ad

1873 790 2107 860 lapidem
2164 790 2354 861 pedem
2408 798 2581 846 tuum.
2632 815 2651 846 ι
2686 792 2827 860 Quin
2866 795 3029 849 etiam
3079 795 3331 854 diabolus
3385 797 3443 855 in

1872 882 2173 938 tentatione
2219 882 2485 938 adversus
2530 883 2867 940 Salvatorem
2918 895 3192 952 nostrmn,
3235 887 3440 944 eisdem

1873 990 2006 1030 usus
2036 985 2120 1030 est
2155 976 2356 1034 verbis.
2380 976 2599 1046 quando
2624 995 2641 1026 ι
2673 984 3013 1047 assumptum
3049 979 3199 1033 illum
3233 980 3283 1034 iu
3317 994 3444 1035 san-

1871 1074 2014 1120 ctam
2046 1067 2319 1122 civitatem
2348 1067 2630 1121 constituit
2665 1081 2831 1136 supra
2854 1067 3208 1137 pinnaculum
3229 1069 3437 1140 templi.

1870 1167 1923 1214 et
1956 1158 2091 1213 dixit
2131 1160 2178 1213 ei
2216 1177 2230 1215 :
2268 1158 2324 1213 Si
2370 1157 2540 1213 Filius
2592 1157 2682 1214 Dei
2728 1174 2809 1226 es,
2852 1160 3003 1214 mitte
3044 1161 3275 1231 teipsum
3312 1161 3441 1215 hinc

1870 1251 2147 1307 deorsum.
2204 1249 2480 1321 Scriptum
2535 1259 2619 1306 est
2666 1251 2833 1315 enim,
2890 1252 3036 1322 quod
3067 1253 3274 1324 angelis
3324 1255 3441 1309 suis

1871 1342 2147 1395 mandabit
2167 1341 2233 1395 de
2261 1348 2334 1405 to,
2359 1350 2413 1397 et
2437 1341 2490 1395 in
2522 1341 2773 1397 manibus
2790 1342 3082 1412 portabunt
3112 1353 3182 1410 te,
3217 1360 3283 1398 ne
3302 1341 3441 1400 forte

1868 1432 2113 1488 cﬂendas
2141 1433 2205 1487 ad
2255 1433 2485 1503 lapidem
2524 1435 2711 1503 pedem
2748 1442 2921 1488 tuum.
2949 1434 3032 1489 Ad
3069 1452 3229 1506 quem
3255 1435 3440 1490 Domi.

1869 1539 1974 1579 nus
2002 1525 2561 1593 nosterrespondens.
2586 1526 2662 1579 ait
2690 1545 2701 1581 :
2736 1526 3013 1597 Scriptum
3045 1535 3151 1592 est,
3187 1543 3296 1583 non
3321 1535 3443 1584 ten-

188 1622 248 1677 τδ
273 1623 379 1687 τὰς
412 1622 628 1695 χείρους
672 1624 729 1674 ὲν
772 1620 1004 1692 πονηρία
1045 1620 1330 1690 δυνάμεις,
1374 1618 1469 1671 καὶ
1514 1616 1672 1670 αὑτὸν
1704 1615 1771 1687 δὴ

1871 1616 2013 1670 tabis
2046 1614 2336 1669 Dominum
2368 1615 2533 1670 Deum
2566 1624 2717 1672 tuum
2736 1618 2800 1671 ⁸⁸.
2833 1638 2851 1669 ι
2886 1612 3154 1675 Praeterea
3180 1622 3441 1691 quoniam

182 1717 274 1771 τὸν
300 1718 526 1771 πάντων
552 1716 788 1787 ἄρχοντα
807 1716 900 1769 καὶ
926 1714 1186 1784 τύραννον
1212 1710 1305 1765 τοῦ
1336 1710 1530 1774 αἰῶνος
1558 1704 1768 1774 τούτου,

1872 1706 1927 1759 in
1982 1706 2283 1761 tentatione
2327 1722 2453 1760 cum
2508 1706 2659 1771 feris,
2705 1716 2763 1762 ut
2815 1708 2931 1779 ipse
2980 1710 3311 1783 evangelista
3359 1718 3447 1769 est

184 1812 246 1881 τῇ
272 1806 453 1880 ὲνθέῳ
479 1808 646 1862 αὑτοῦ
674 1808 901 1880 δυνάμει
936 1806 1243 1880 καθαιρεῖν.

1868 1807 2081 1864 auctor,
2109 1798 2453 1865 versabatur,
2484 1815 2608 1854 cum
2644 1801 2841 1871 quibus
2873 1809 3052 1858 autem
3099 1818 3207 1857 non
3234 1803 3444 1860 descri—

185 1914 324 1973 ptum
351 1910 448 1959 est
471 1903 673 1974 palam,
703 1919 822 1958 eam
852 1918 964 1958 rem
995 1903 1168 1973 ipsius
1233 1900 1425 1971 psalmi
1488 1898 1828 1959 vaticinium,
1867 1895 1996 1950 dum
2051 1909 2247 1962 genera
2312 1894 2549 1949 ferarum
2608 1905 3032 1965 commemorat,
3097 1899 3445 1959 manifestius

180 1997 482 2068 eloquitur,
522 1997 612 2052 bis
638 1997 862 2051 verbis:
899 2015 916 2048 ι
960 1995 1135 2067 Super
1164 1995 1404 2067 aspidem
1447 2001 1501 2049 et
1534 1994 1853 2050 basiliseum
1910 1990 2200 2056 ascendes,
2240 1999 2296 2046 et
2317 1992 2671 2049 conculcabis
2700 1993 2910 2050 leonem
2941 2004 2995 2051 et
3043 1995 3365 2066 draconem;
3414 2020 3432 2053 ι

183 2091 265 2146 ubi
294 2090 558 2164 aspidem
589 2099 642 2146 et
670 2092 1005 2157 basiliscmn,
1036 2093 1212 2162 ipsum
1244 2076 1429 2161 utique
1458 2089 1757 2151 diabolum,
1797 2097 1851 2144 et
1884 2088 1975 2157 qui
2007 2089 2182 2157 ipsum
2224 2095 2549 2157 sequuntur,
2583 2090 2922 2159 principatus
3002 2096 3284 2167 malasque
3341 2107 3444 2168 po-

181 2193 911 2255 testates,concutcaturum
948 2184 1198 2241 aiilrmat.
1265 2186 1338 2242 iis
1375 2195 1584 2248 autem,
1634 2185 1728 2256 qui
1787 2184 2021 2241 similem
2073 2182 2175 2253 ipsi
2211 2183 2466 2239 virtutem
2512 2184 2656 2238 nacti
2710 2193 2860 2251 sunt,
2925 2186 3213 2260 discipulis
3255 2192 3442 2262 utique

181 2286 286 2340 suis
332 2290 517 2355 atque
564 2284 847 2355 apostolis,
893 2291 1211 2353 potestatem
1262 2281 1544 2338 incedendi
1593 2296 1757 2351 super
1794 2285 2076 2350 serpentes
2120 2288 2175 2334 et
2222 2278 2541 2348 scorpiones
2621 2278 2879 2345 donavit,
2942 2297 3054 2337 non
3119 2286 3443 2356 permittens

182 2393 267 2434 eos
313 2379 532 2433 tentari
573 2392 737 2447 supra
780 2391 942 2448 quam
985 2375 1124 2431 ferre
1174 2384 1442 2445 possent:
1496 2373 1563 2428 ad
1608 2374 1759 2428 illum
1799 2371 1941 2426 enim
1975 2369 2151 2426 solum
2181 2369 2484 2440 spectabat,
2552 2368 2766 2441 pejores
2832 2370 2887 2424 in
2920 2373 3162 2443 nequitia
3198 2384 3441 2446 potesta-

183 2478 272 2535 tes,
308 2484 426 2525 nec
474 2484 585 2523 non
618 2468 795 2539 ipsum
831 2468 1074 2522 omnium
1124 2467 1425 2538 principem
1471 2464 1763 2534 smculique
1800 2462 1964 2531 hujus
1993 2470 2306 2533 tyrannum,
2335 2460 2519 2515 divina
2545 2476 2643 2516 sua
2669 2462 2870 2519 virtute
2892 2473 3262 2534 prosternere.

193 2588 313 2643 Ἀπὸ
391 2588 501 2642 τοῦ
541 2588 801 2657 Ἡσαΐου.
830 2590 900 2627 -έ-
930 2589 1064 2657 Περί
1113 2586 1224 2655 τῆς
1264 2587 1593 2654 Γαλιλαίας
1647 2585 1765 2657 τῶν

241 2658 601 2730 Mariane}?
638 2654 677 2730 ᾗ
711 2662 744 2713 ὁ
779 2658 982 2730 Σωτὴρ
1006 2654 1193 2730 ’ἡμῶν
1239 2659 1311 2730 τὰ
1354 2658 1610 2730 πλεῑᾳτα
1639 2656 1765 2730 τῶν

242 2721 615 2797 παραδόξων
642 2721 990 2798 ἓίργὰσᾱτέ,
1020 2721 1118 2782 xei
1150 2728 1283 2797 περὶ
1324 2721 1430 2797 τῆς
1468 2727 1589 2782 τῶν
1618 2728 1764 2783 ἀπο⁸

240 2801 497 2854 στόλων
522 2799 709 2853 αὐτοῦ
742 2799 1033 2866 κλήσεως.

245 2912 461 2967 «Τοῦτο
502 2913 717 2985 πρῶτον
752 2911 863 2977 πίε,
907 2915 1042 2982 ταχὺ
1076 2910 1239 2977 ποίει,
1267 2908 1419 2985 χώρα
1455 2910 1761 2975 Ζαϐουλὼν,

1868 2584 1944 2639 Ab
1986 2583 2157 2638 Isaia.
2192 2582 2366 2659 a—‘De
2388 2582 2615 2639 Galilwa
2654 2587 3001 2659 gentium,in
3040 2606 3146 2659 qua
3194 2590 3445 2648 Salvator

1936 2666 2113 2729 noster
2143 2654 2439 2729 maximam‘
2464 2654 2681 2729 suorum
2703 2654 3082 2712 miraculorum
3109 2673 3311 2729 partem
3329 2661 3444 2719 edi-

1935 2725 2036 2790 dit,
2061 2735 2110 2780 et
2136 2724 2199 2779 de
2234 2725 2594 2795 apostolorum
2615 2728 2779 2797 ipsius
2809 2731 3095 2786 vocatione.

1936 2893 2105 2971 438
2124 2922 2141 2951 ι
2166 2894 2280 2955 Hoc
2303 2900 2539 2971 primum
2563 2901 2709 2966 bibe,
2734 2902 2846 2958 cito
2869 2902 2977 2968 fac,
3001 2907 3152 2977 regio
3173 2904 3440 2977 Zabulon,

180 3001 210 3074 ἡ
248 3004 321 3074 γῆ
380 3002 738 3075 Νεφθαλεὶμ,
792 3005 887 3058 καὶ
924 3007 972 3059 0i
1016 3005 1191 3058 λοιποὶ
1240 3005 1290 3057 οί
1345 3004 1444 3075 τὴν
1488 3002 1757 3077 παραλίαν

1866 2998 2006 3049 terra
2034 2992 2405 3064 Nepbthalim,
2437 3001 2491 3049 et
2512 2995 2705 3065 reliqui
2738 2996 3066 3053 maritimam
3114 3000 3436 3070 incolentes,

180 3096 597 3164 κατοικοῦντες,
654 3098 746 3150 καὶ
799 3098 975 3170 πέραν
1022 3097 1115 3151 τοῦ
1159 3097 1421 3168 Ἰορδάνου
1443 3139 1457 3163 ,
1508 3096 1765 3153 Γαλιλαία

178 3186 277 3240 τῶν
322 3185 527 3250 ἐθνῶν,
579 3188 607 3239 0
640 3185 766 3251 λαδς
815 3187 844 3241 0
874 3187 1234 3260 πορευόμενος
1282 3191 1338 3241 ὲν
1373 3185 1580 3255 σκότει,
1628 3187 1763 3242 ἴδετε

179 3278 286 3347 φῶς
322 3277 514 3350 μέγα,
559 3279 653 3333 καὶ
696 3279 807 3343 τοῖς
849 3281 1189 3334 κατοικοῦσιν
1228 3282 1285 3334 ὲν
1320 3279 1477 3353 χώρᾳ
1514 3281 1607 3334 καὶ
1635 3281 1764 3353 σκιᾷ

178 3372 450 3441 Θανάτου,
497 3374 613 3444 φῶς
646 3374 846 3446 λάμψει
896 3371 981 3444 ἐφ’
1025 3374 1185 3446 ὑμᾶς.
1240 3376 1314 3429 Τὸ
1369 3376 1619 3429 πλεῖστον
1665 3372 1761 3430 τοῦ

176 3469 298 3525 λ.αοῦ
339 3471 372 3525 ὃ
402 3473 715 3542 κατήγαγες
749 3473 807 3525 ιν
839 3468 1142 3544 εὐφροσύνῃ
1179 3488 1292 3533 σου,
1329 3470 1423 3524 καὶ
1455 3469 1749 3543 εὐφρανθή-

178 3580 362 3617 σονται
402 3559 637 3615 ἐνώπιόν
674 3580 790 3630 σου,
820 3560 895 3627 ὡς
932 3565 981 3616 οί
1019 3561 1428 3634 εὐφραινόμενοι
1457 3564 1513 3617 ὲν
1543 3562 1757 3635 ἀμητῷ,

175 3656 267 3708 καὶ
289 3656 355 3708 ὃν
384 3653 590 3726 τρόπον
626 3655 675 3708 οἱ
717 3652 1081 3727 διαιρούμενοι
1124 3652 1327 3709 σκῦλα·
1357 3655 1489 3710 διότι
1528 3657 1760 3727 ἀφαιρε-

177 3744 403 3816 θήσεται
436 3744 467 3798 0
496 3745 655 3813 ζυγὸς
684 3747 713 3799 0
739 3746 825 3798 ἐπ’
858 3744 1035 3798 αὐτῶν
1069 3745 1339 3814 κείμενος,
1372 3745 1467 3798 καὶ
1501 3744 1533 3815 ἡ
1570 3740 1758 3815 ῥάϐδος

176 3839 336 3908 ἡὲπὶ
386 3834 487 3890 τοῦ
542 3836 809 3909 τραχήλου
855 3832 1054 3892 αὑτῶν.
1108 3838 1220 3908 Τὴν
1266 3837 1375 3910 γὰρ
1420 3837 1613 3908 ῥάϐδον
1651 3836 1758 3889 τῶν

177 3927 559 3979 ἀπαιτούντων
612 3927 923 3980 διεσκέδασε
964 3924 1197 3998 Κύριος,
1231 3928 1305 3992 ὡς
1355 3931 1419 3999 τῇ
1467 3926 1647 3999 ἡμέρᾳ
1693 3930 1757 3999 τῇ

176 4018 264 4070 ἐπὶ
286 4017 523 4088 Μαδιάμ
543 4030 555 4047 ·
582 4018 662 4071 ὅτι
692 4019 871 4072 πᾶσαν
909 4017 1097 4089 στολὴν
1130 4019 1567 4090 ἐπισυνηγμένην
1603 4018 1756 4089 δόλῳ,

178 4112 267 4163 καὶ
298 4112 521 4183 ἱμάτιον
551 4111 687 4181 μετὰ
724 4111 1068 4182 καταλλαγῆς
1102 4111 1441 4175 ἁποτίσουσι,
1470 4110 1565 4165 καὶ
1606 4113 1759 4185 Θελή-

178 4218 363 4256 σουσιν
392 4205 443 4255 εί
474 4203 804 4274 ἐγενήθησαν
834 4204 1226 4277 πυρίκαυστον
1269 4205 1349 4259 ὅτι
1378 4204 1589 4259 παιδίον
1634 4207 1756 4274 εγε-

178 4294 310 4365 νήθη
341 4296 497 4366 ἡμῖν,
528 4293 620 4349 καὶ
661 4293 772 4360 υίὸς
814 4296 968 4367 ἐδόθη
996 4298 1147 4368 ἡμῖν,
1178 4289 1237 4350 οὗ
1276 4297 1309 4367 ἡ
1337 4297 1477 4368 ἁρχὴ
1526 4296 1754 4368 ἐγενήθη

1865 3092 1919 3141 et
1943 3092 2098 3142 trans
2129 3083 2424 3141 Jordanem
2452 3085 2671 3142 Galilaza
2697 3090 2961 3159 gentium,
2986 3093 3219 3162 pepulus
3244 3095 3440 3151 ambus

1863 3178 1983 3233 laus
2022 3179 2076 3233 in
2109 3178 2372 3244 tenebris,
2399 3179 2580 3234 videte
2608 3179 2785 3237 lucem
2820 3198 3096 3253 magnam,
3130 3184 3438 3244 habitantes

1864 3269 1920 3324 in
1966 3270 2188 3340 regione
2227 3277 2282 3325 et
2330 3271 2521 3325 umbra
2560 3274 2775 3337 mortis,
2802 3274 2891 3329 lux
2934 3276 3239 3345 splendebit
3276 3294 3441 3350 super

1862 3376 1981 3419 vos.
2029 3360 2332 3417 Plurimum
2384 3363 2571 3434 populi
2627 3368 2774 3436 quod
2820 3366 3093 3425 deduxisti
3148 3370 3202 3424 in
3251 3371 3435 3428 laetitia

1862 3464 1991 3511 tua:
2023 3465 2076 3511 et
2092 3455 2422 3512 laetabuntur
2454 3472 2639 3511 coram
2672 3465 2747 3524 te,
2781 3468 3041 3531 tanquam
3071 3463 3165 3533 qui
3188 3464 3438 3522 laetantur

1864 3548 1918 3602 in
1956 3562 2153 3610 messe.
2186 3555 2241 3602 et
2288 3548 2746 3619 quemadmodum
2792 3552 2883 3622 qui
2930 3554 3179 3611 dividunt
3209 3558 3383 3628 spolia
3419 3574 3434 3615 :

1860 3643 2116 3711 quoniam
2139 3640 2418 3698 auferetur
2434 3643 2625 3713 jugum
2662 3643 2807 3714 quod
2836 3660 3001 3716 super
3029 3649 3163 3718 ipsis
3199 3654 3438 3722 positum

1858 3746 1976 3799 est,
2021 3744 2077 3792 et
2124 3737 2279 3808 virga
2323 3752 2445 3807 quae
2502 3752 2670 3806 super
2718 3738 2861 3793 collo
2906 3740 3169 3809 ipsorum.
3214 3742 3436 3815 Virgam

1859 3828 2005 3883 enim
2036 3818 2400 3900 repetentium
2440 3828 2725 3899 dissipavit
2754 3829 3039 3900 Dominus,
3074 3835 3216 3891 sicut
3248 3838 3302 3892 in
3345 3839 3436 3895 die

1859 3934 2025 3991 super
2055 3921 2312 3984 Madiam,
2352 3921 2609 3991 quoniam
2639 3938 2856 3978 omnem
2900 3934 3105 3980 vestem
3136 3942 3437 4002 congrega-

1858 4018 1971 4065 tam
2015 4011 2160 4076 dolo,
2194 4020 2248 4067 et
2278 4014 2666 4068 vestimentum
2702 4026 2829 4069 cum
2884 4020 3279 4085 permutatione
3311 4035 3436 4093 per-

1859 4103 2094 4169 solvent,
2140 4112 2195 4158 et
2231 4105 2417 4160 volent
2442 4106 2487 4160 si
2537 4105 2664 4161 facti
2706 4107 2910 4164 fuerint
2960 4110 3084 4177 igne
3115 4113 3386 4170 combusti
3417 4134 3432 4170 :

1856 4196 2118 4265 quoniam
2173 4198 2434 4267 puerulus
2464 4207 2626 4253 natus
2655 4209 2740 4255 est
2784 4201 2962 4266 nobis,
3006 4211 3061 4258 et
3102 4204 3246 4261 (ilius
3273 4207 3436 4263 datus

1859 4296 1942 4342 est
1975 4287 2153 4355 nobis,
2175 4290 2334 4360 cujus
2357 4291 2692 4362 principatus
2720 4294 2929 4349 exstitit
2957 4312 3120 4366 super
3147 4297 3433 4356 humerum

178 4387 269 4438 ἐπὶ
304 4386 401 4439 τοῦ
436 4384 589 4456 ὤμου
622 4385 805 4442 αὐτοῦ.
854 4386 962 4441 Καὶ
1003 4388 1250 4442 καλεῖται
1292 4387 1349 4441 τὸ
1385 4387 1553 4459 ὄνομα
1589 4386 1753 4441 αὑτοῦ

1866 4376 2000 4445 ejus.
2028 4376 2093 4431 Et
2123 4382 2412 4435 vocabitur
2458 4397 2657 4438 nomen
2707 4384 2829 4453 ejus
2864 4388 3047 4457 magni
3088 4391 3303 4446 consilii
3337 4410 3437 4447 and

181 4478 423 4548 μεγάλης
468 4476 660 4549 βουλῆς
698 4478 957 4548 ἄγγελος,
992 4480 1175 4551 ἄρχων
1230 4481 1471 4552 εἰρήνης,
1510 4479 1753 4545 ἐξουσια-

179 4569 331 4637 στὴς,
358 4567 491 4631 Θεὸς
535 4567 780 4640 ἰσχυρὸς,
818 4567 998 4642 πατὴρ
1032 4570 1123 4624 τοῦ
1169 4569 1448 4641 μέλλοντος
1487 4572 1698 4636 αἰῶνος.
1728 4592 1746 4625 ›

177 4657 323 4728 Πρὸς
365 4661 535 4715 ἅπασι
574 4661 688 4725 τοῖς
735 4662 914 4726 ἄλλοις
962 4661 1266 4735 ἐπληροῦτο
1309 4665 1404 4717 καὶ
1450 4664 1621 4717 ταῦτα
1660 4663 1753 4717 ἐπὶ

180 4750 268 4805 τὸν
309 4753 543 4825 Σωτῆρα
584 4755 678 4808 καὶ
706 4753 906 4827 Κύριον
949 4754 1106 4827 ἡμῶν
1149 4756 1355 4827 Ἰησοῦν
1390 4754 1482 4809 τὸν
1511 4755 1748 4828 Χριστὸν

177 4842 273 4897 τοῦ
296 4845 456 4908 θεοῦ,
498 4847 587 4899 ὅτε
630 4846 773 4901 κατὰ
824 4847 912 4900 τὸν
961 4844 1269 4919 θαυμαστὸν
1333 4845 1745 4919 εύαγγελιστὴν,

183 4951 205 4987 ι
226 4934 506 5001 ’Δκούσας,
540 4937 619 4989 ὃτι
658 4937 907 5008 Ἰωάννης
942 4936 1244 5009 παρεδόθη,
1291 4934 1638 5007 ἀνεχώρησεν
1669 4938 1749 5001 είς

177 5026 279 5097 τὴν
312 5026 613 5091 Γαλιλαίαν,
662 5027 757 5081 καὶ
803 5027 1116 5082 καταλιπὼν
1158 5029 1254 5100 τὴν
1280 5027 1534 5100 Ναζαρὲθ
1580 5027 1751 5083 ἐλθὼν

181 5118 493 5193 κατῴκησεν
540 5121 618 5185 είς
649 5122 1016 5193 Καπερναοὺμ
1064 5120 1162 5192 τὴν
1200 5120 1649 5192 παραθαλασσίαν
1690 5122 1748 5175 ὲν

178 5210 346 5280 ορίοις
370 5211 652 5265 Ζαϐουλὼν
691 5210 785 5266 καὶ
818 5210 1160 5283 Νεφθαλεὶμ,
1203 5214 1349 5277 ὅπως
1393 5212 1653 5286 πληρωθῇ
1688 5213 1750 5267 τὸ

184 5300 345 5372 ῥηθὲν
382 5304 467 5358 διὰ
504 5304 724 5358 Ἡσαΐου
761 5303 854 5357 τοῦ
889 5306 1165 5377 προφήτου
1199 5304 1479 5373 λέγοντος·
1528 5307 1605 5377 Γῆ
1647 5309 1749 5360 Ζαέ

181 5392 402 5460 ὀφλὼν,
447 5395 541 5450 καὶ
571 5397 642 5467 γῆ
669 5396 983 5467 Νεφθαλεὶμ
1006 5437 1020 5459 ,
1064 5397 1180 5451 ὁδὸν
1214 5397 1486 5469 θαλάσσης
1508 5438 1523 5460 ,
1574 5399 1747 5469 πέραν

183 5483 279 5535 τοῦ
314 5486 605 5557 Ἰορδάνου,
646 5486 904 5556 Γαλιλαία
948 5488 1055 5540 τῶν
1095 5489 1285 5551 ὲΘνῶν,
1331 5488 1359 5542 ὁ
1390 5489 1518 5553 λαὸς
1561 5489 1742 5561 καθή-

188 5588 345 5644 μενος
372 5578 427 5629 ἐν
456 5576 635 5631 σκότει
664 5577 780 5647 φῶς
806 5572 911 5630 εἶδε
945 5576 1108 5648 μέγα,
1142 5576 1233 5631 xui.
1260 5582 1371 5644 τοῖς
1401 5580 1745 5635 κατοικοῦσιν

264 5728 304 5761 ³⁸
336 5730 519 5789 Matth.
553 5749 635 5795 Iv.
667 5731 787 5785 5-7.
864 5735 908 5767 ⁸³
948 5734 1053 5786 lsa.
1092 5750 1175 5797 Ix,
1212 5735 1323 5788 -Ι-θ.

540 5823 810 5882 Pauor.
865 5824 982 5884 Gn.
1033 5827 1083 5885 Χ
1099 5822 1229 5883 ΧΗ.

1859 4468 2035 4538 gelus.
2094 4471 2350 4541 princeps
2410 4474 2583 4541 pacis,
2624 4474 2716 4544 jus
2759 4483 2812 4529 et
2853 4479 3153 4545 potentiam
3204 4482 3433 4549 habens,

1862 4556 2005 4616 Deus
2056 4561 2238 4626 tortis,
2293 4574 2450 4633 pater
2498 4566 2665 4620 futuri
2721 4570 2995 4625 surculi”.
3031 4592 3049 4624 ι
3084 4570 3289 4629 Praeter
3330 4576 3435 4631 alia

1859 4655 2044 4709 omnia
2060 4657 2327 4725 completa
2353 4666 2482 4711 sunt
2510 4659 2673 4713 etiam
2708 4661 2823 4715 haec
2851 4662 2904 4716 in
2934 4662 3215 4721 Salvatore
3241 4682 3304 4721 ac
3334 4666 3438 4722 Do-

1860 4746 2008 4801 mino
2039 4755 2229 4805 nostro
2269 4747 2422 4813 Jesu,
2455 4751 2549 4820 qui
2584 4752 2841 4809 Christus
2885 4754 2978 4810 Dei
3016 4764 3119 4817 est.
3152 4773 3261 4827 quo
3291 4765 3432 4814 teut-

1855 4853 2008 4909 pore,
2047 4851 2107 4895 ut
2135 4840 2356 4897 divinus
2403 4846 2735 4915 evangelista
2770 4857 2968 4903 auctor
3000 4859 3103 4916 est,
3137 4869 3154 4899 ι
3188 4851 3432 4909 Audiens

1806 5014 1807 5019 η
1855 4937 1999 5006 quod
2033 4934 2275 4992 Joannes
2318 4940 2558 4995 traditus
2589 4951 2754 5005 esset,
2788 4946 3020 5000 secessit
3049 4946 3103 5000 in
3129 4944 3429 5012 Galilaeam.

1854 5034 1909 5079 et
1944 5027 2132 5081 relicta
2161 5026 2452 5095 Nazaretb,
2478 5033 2699 5087 veniens
2722 5033 2984 5089 habitavit
3006 5036 3059 5089 in
3090 5036 3433 5106 Capernaum

1851 5118 2007 5188 juxta
2060 5136 2211 5176 mare
2259 5122 2315 5176 in
2365 5122 2565 5179 finibus
2597 5123 2840 5179 Zabulon
2882 5135 2936 5181 et
2972 5126 3344 5198 Nephthalim,
3374 5137 3434 5185 ut

1858 5212 2176 5281 impleretur
2204 5215 2350 5283 quod
2386 5216 2593 5271 dictum
2622 5225 2706 5271 cst
2756 5234 2853 5288 per
2882 5217 3075 5275 Isaiam
3113 5221 3432 5290 prophetam

1855 5304 2123 5358 dicentem
2166 5322 2180 5357 :
2224 5300 2393 5361 Terra
2445 5308 2714 5372 Zabulon.
2756 5318 2810 5364 et
2861 5318 3005 5366 terra
3064 5311 3433 5382 Nepbthalim,

1852 5397 1996 5449 viam
2031 5398 2219 5462 maris,
2257 5407 2411 5456 trans
2449 5399 2742 5456 Jordanem
2771 5401 2993 5460 Galilaea
3027 5405 3306 5475 gentium;
3338 5422 3437 5469 po‘

1854 5488 2017 5557 pulus
2049 5489 2245 5545 sedens
2295 5492 2350 5545 in
2391 5487 2638 5546 tenebris
2688 5493 2826 5549 vidit
2865 5495 3045 5551 lueem
3076 5512 3359 5569 magnam,
3385 5507 3439 5554 et

1852 5580 2228 5640 habitantibus
2272 5585 2329 5639 in
2369 5585 2588 5657 regione
2618 5595 2672 5645 et
2702 5588 2899 5646 umbra
2925 5591 3139 5659 mortis,
3179 5590 3272 5645 lux
3317 5600 3436 5648 orta

2864 5679 2878 5705 I

3008 5840 3086 5878 0J0

3009 5880 3085 5899 Διά
