3922 6200
604 165 718 224 θ83

1189 113 1207 126 ὓ
1276 158 1542 219 EUSEBﬂ
1574 161 2050 223 CESARIENSIS
2086 165 2217 224 OPP
2269 168 2449 225 PARS
2484 166 2549 226 ll.
2572 200 2643 212 --
2668 168 3163 231 APOLOGETICA.
3638 189 3718 247 es;

610 295 697 344 est
730 288 830 344 cis.
866 286 944 341 Ex
978 285 1070 340 illo
1097 283 1260 357 igitur
1288 285 1456 358 coepit
1485 284 1647 343 Iesus
1685 289 1983 358 praedicare
2007 298 2062 344 et
2086 289 2146 345 div

2237 340 2239 351 ,
2267 294 2328 347 ὲν
2363 290 2515 363 χώρα
2554 291 2648 345 καὶ
2693 294 2823 364 σκιᾷ
2860 292 3089 349 θανάτου
3112 334 3126 360 ,
3157 295 3268 365 φῶς
3305 296 3538 356 ἀνέτειλεν
3558 306 3720 373 αὐτοῖς.

606 397 736 437 cere
762 396 776 433 :
809 377 1189 434 Pmnitentiam
1220 377 1383 449 agite,
1414 378 1675 448 quoniam
1714 381 2169 452 appropinquavit

607 485 836 542 regnum
858 469 1142 524 calorum.
1174 465 1499 525 Pmteﬁens
1524 477 1706 524 autem
1726 469 1882 540 juxta
1900 485 2050 527 mare
2071 469 2171 525 Ga-

610 563 759 617 lilaeaa
783 559 919 615 vidit
940 559 1080 615 duos
1108 559 1326 626 fratres,
1358 558 1667 616 Simeonem
1699 561 1793 629 qui
1816 570 2043 617 vocatur
2065 560 2168 618 Pe-

607 664 748 719 trus,
795 660 849 709 et
889 651 1165 708 Andream
1210 651 1435 708 fratrem
1483 653 1605 724 ejus
1650 655 1929 710 mittentes
1958 662 2072 710 rete
2108 655 2166 711 in

607 761 793 801 mare:
823 752 982 800 erant
1031 745 1175 800 enim
1228 745 1553 815 piscatores;
1580 752 1636 802 et
1674 746 1751 800 ait
1781 746 1889 801 illis
1922 766 1935 801 :
1973 745 2166 804 Venite

603 845 727 909 post
750 852 857 904 me,
880 845 934 893 ct
968 836 1163 893 faciam
1187 853 1283 894 vos
1307 838 1606 908 piscatores
1635 838 1937 894 hominum.
1965 839 2046 894 Illi
2069 855 2167 894 au-

602 939 709 984 tem
736 929 918 984 statim
948 928 1154 985 relictis
1179 929 1384 984 retibus
1411 929 1584 985 secuti
1615 938 1744 985 sunt
1777 945 1923 986 eum.
1956 930 2021 984 Et
2047 944 2168 1001 pro-

602 1021 782 1078 fectus
822 1021 949 1078 inde
979 1021 1117 1076 vidit
1158 1020 1295 1076 alios
1324 1022 1461 1077 duos
1496 1021 1713 1090 fratres,
1743 1022 2008 1079 Jacobum
2060 1023 2163 1079 Ze-

599 1112 792 1178 hedaai,
815 1121 868 1168 et
896 1110 1160 1169 Joannem
1198 1111 1420 1167 fratrem
1450 1113 1570 1183 ejus
1603 1113 1659 1168 in
1690 1115 1815 1168 navi
1846 1128 1970 1168 cum
2005 1112 2167 1169 Zebc-

598 1207 715 1262 dae‘o
741 1214 896 1277 patre
925 1206 1164 1275 ipsorum
1198 1205 1508 1261 reﬁcientes
1544 1206 1683 1260 retia
1715 1220 1836 1270 sua,
1864 1214 1919 1260 et
1948 1205 2166 1261 vocavit

597 1313 693 1353 eos
721 1313 734 1348 :
770 1296 847 1350 illi
880 1302 1058 1351 autem
1092 1296 1354 1351 continuo
1381 1296 1566 1351 relicta
1597 1296 1721 1350 navi
1747 1303 1803 1351 et
1831 1303 1985 1365 patre
2014 1296 2158 1366 ipso-

596 1398 741 1452 rum,
773 1386 946 1441 secuti
973 1393 1100 1440 sunt
1127 1400 1270 1440 eum.
1299 1385 1366 1438 Et
1385 1385 1654 1441 circuibat
1681 1383 1842 1440 Jesus
1866 1392 2033 1440 totam
2064 1383 2165 1439 Ga-

598 1479 791 1532 lilaeam
818 1477 1021 1532 docens
1050 1478 1104 1531 in
1129 1477 1488 1533 conventibus
1514 1492 1726 1541 eorum,
1758 1476 1923 1549 5,39
1941 1485 1995 1532 et
2024 1494 2162 1549 pra:-

592 1571 785 1626 dicans
812 1569 1160 1641 Evangelium
1201 1570 1433 1641 regni,et
1462 1585 1661 1627 sanans
1692 1584 1909 1626 omnem
1940 1571 2160 1639 aegritu-

2282 382 2415 436 Ἃπδ
2456 382 2577 435 τότε
2618 382 2749 451 γοῦν
2795 379 2997 454 ἤρξατο
3053 388 3083 440 ὁ
3125 386 3321 458 Ἰησοῦς
3368 386 3608 463 κηρύσσειν
3650 400 3725 454 καὶ

2266 472 2442 544 λέγειν
2466 491 2480 505 ’
2540 475 2865 529 Μετανοεῖτε
2886 516 2903 543 ,
2948 477 3032 530 ὅτι
3060 477 3279 549 ἤγγικεν
3328 481 3361 551 ἡ
3402 480 3603 550 βασιλεία
3643 488 3727 543 τῶν

2265 566 2528 639 οὐρανῶν.
2562 568 2833 640 Παράγων
2866 568 2923 622 δὲ
2958 568 3108 639 παρά
3138 568 3233 641 τὴν
3268 570 3511 627 θάλασσαν
3544 576 3621 648 τῆς
3646 579 3726 632 fa.

2264 655 2473 722 λιλαίας
2504 653 2612 711 εἶδε
2651 658 2743 712 δύο
2780 658 3076 729 ἀδελφοὺς,
3109 660 3316 730 Σίμωνα
3351 662 3434 717 τὸν
3472 665 3728 738 καλούμειον

2266 749 2490 822 Πέτρον,
2528 750 2622 804 καὶ
2648 749 2901 822 Ἀνδρέαν
2929 751 3022 805 τὸν
3056 751 3276 823 ἀδελφὸν
3305 752 3474 817 αὐτοῦ,
3504 754 3727 825 βάλλοντας

2263 838 2668 912 ἀμφίϐληστρον
2713 842 2794 905 εἰς
2827 840 2925 913 τὴν
2958 840 3258 897 θάλασσαν·
3292 839 3420 916 ἦσαν
3459 845 3551 917 γὰρ
3578 848 3725 913 ditat;-

2262 933 2358 986 καὶ
2396 932 2541 1001 λέγει
2592 933 2801 997 αὐτοῖς·
2846 932 3010 987 Δεῦτε
3054 932 3227 988 ὀπίσω
3272 952 3397 1006 μου,
3447 937 3529 991 καὶ
3567 941 3729 1009 ποιήσω

2262 1021 2406 1091 ὑμᾶς
2451 1018 2622 1085 ἁλιεῖς
2671 1021 2996 1093 ἀνθρώπων.
3046 1024 3109 1076 Oi
3155 1022 3210 1077 δὲ
3251 1024 3435 1088 εὐθέως
3473 1026 3730 1095 ἀφέντεςτά

2261 1113 2452 1168 δίκτυα
2477 1113 2845 1185 ἠκολούθησαν
2882 1114 3048 1185 αὐτῷ.
3074 1115 3184 1169 Καὶ
3214 1115 3408 1188 προϐὰς
3433 1118 3608 1170 ἐκεῖθεν
3630 1114 3728 1171 εἶδεν

2261 1205 2451 1271 ἄλλους
2486 1206 2579 1260 δύο
2621 1207 2901 1277 ἀδελφοὺς,
2936 1206 3186 1262 Ἰάκωϐον
3235 1208 3320 1262 τὸν
3366 1207 3450 1261 τοῦ
3493 1207 3728 1273 Ζεϐεδαίου,

2260 1299 2355 1352 καὶ
2388 1299 2636 1371 Ἰωάννην
2662 1298 2754 1352 τὸν
2791 1298 3014 1368 ἀδελφὸν
3056 1299 3240 1364 αὐτοῦ,
3272 1301 3326 1353 ὲν
3354 1298 3426 1370 τῷ
3463 1298 3604 1370 πλοίῳ
3632 1301 3729 1370 μετᾶ

2259 1388 2542 1444 Ζεϐεδαίου
2565 1389 2658 1443 τοῦ
2681 1389 2881 1463 πατρὸς
2902 1388 3081 1443 αὐτῶν
3096 1390 3501 1461 καταρτίζοντας
3521 1388 3577 1442 τὰ
3594 1389 3729 1444 δίκτυα

2259 1481 2458 1547 αὐτῶν,
2500 1482 2592 1535 καὶ
2623 1481 2876 1536 ἐκάλεσεν
2899 1480 3116 1546 αὐτούς.
3153 1483 3215 1535 Οἱ
3245 1482 3300 1535 δὲ
3334 1480 3534 1544 εὐθέως,
3558 1481 3726 1550 ἀφέντες

2257 1575 2319 1628 τὸ
2371 1574 2552 1627 πλοῖον
2615 1574 2709 1627 καὶ
2764 1574 2859 1627 τὸν
2908 1574 3122 1645 πατέρα
3183 1573 3354 1628 αὐτῶν
3372 1611 3385 1637 ,
3437 1571 3727 1643 ἠκολούθησαν

591 1663 772 1719 dinem
795 1672 848 1718 et
872 1678 1085 1718 omnem
1115 1663 1431 1734 languorem
1454 1663 1509 1718 in
1540 1663 1757 1734 populo.
1787 1662 1851 1717 Et
1879 1663 2011 1719 abiit
2041 1665 2146 1734 opi-

2259 1663 2427 1735 αὐτῷ.
2461 1665 2572 1719 Καὶ
2600 1665 2862 1736 περιῆγεν
2906 1665 2936 1717 ὁ
2973 1644 3178 1736 Ἰησοῦς
3217 1665 3339 1736 ὃλην
3381 1663 3468 1735 τὴν
3494 1663 3724 1725 Γαλιλαίαν,

592 1756 685 1809 nio
711 1753 831 1824 ejus
860 1753 916 1808 in
954 1760 1120 1808 totam
1157 1752 1412 1824 Syriam:
1456 1762 1511 1810 et
1541 1753 1837 1809 efferebant
1863 1755 1912 1809 ei
1960 1769 2155 1810 omnes

590 1848 733 1902 male
781 1846 1065 1912 habentes,
1098 1846 1266 1902 variis
1307 1845 1515 1900 morbis
1545 1853 1600 1900 et
1636 1846 1973 1903 cruciatibus
2003 1861 2156 1901 com-

588 1935 910 2007 prehensos,
943 1943 999 1990 et
1035 1930 1304 1991 daemonia
1345 1934 1633 2002 habentes,
1673 1943 1729 1990 et
1779 1935 2071 2000 lunaticos,
2100 1943 2156 1990 et

586 2027 935 2099 paralyticos,
994 2035 1050 2082 et
1095 2026 1325 2083 sanabat
1353 2041 1471 2091 eos,
1521 2034 1581 2081 et
1634 2026 2004 2096 sequebantur
2028 2042 2152 2082 eum

585 2120 763 2176 turba:
806 2118 991 2174 multa:
1020 2134 1052 2173 a
1079 2117 1301 2174 Galiltca
1324 2119 1390 2173 “.
1430 2137 1449 2171 ι
1493 2118 1638 2175 Sane
1668 2119 1784 2175 haec
1814 2120 1995 2174 omnia
2022 2134 2153 2189 pro-

586 2222 707 2284 pter
740 2212 1080 2284 prophetiam
1124 2212 1376 2282 exposui,
1412 2228 1533 2283 quae
1562 2214 1617 2267 in
1649 2211 1868 2268 Galilaza
1896 2227 2151 2284 magnum

587 2305 768 2360 lumen
798 2305 912 2360 fore
939 2304 1245 2374 pollicetur,
1271 2314 1327 2359 et
1352 2304 1407 2358 in
1440 2306 1660 2376 regione
1690 2305 1931 2361 Zabulon
1955 2321 2018 2360 ac
2042 2303 2151 2360 Ne-

585 2396 870 2466 phthalim,
905 2411 1029 2450 cum
1064 2404 1245 2451 tamen
1294 2405 1486 2450 neutra
1519 2397 1589 2451 sit
1634 2396 1853 2451 Galilaza
1886 2396 2147 2467 gentium.

582 2488 693 2542 Cur
716 2499 895 2541 autem
921 2487 977 2541 in
1006 2485 1223 2542 Galilma
1255 2487 1495 2558 gentium
1523 2487 1816 2557 plurimum
1841 2486 2151 2543 diversatus

581 2581 702 2635 est?
729 2579 997 2634 Nmirum
1025 2587 1084 2633 ut
1113 2578 1357 2633 omnium
1388 2579 1628 2649 gentium
1662 2578 1963 2634 vocationis
1992 2592 2152 2633 exor-

581 2672 672 2724 dia
702 2669 1092 2733 constitueret;
1123 2668 1323 2723 etenim
1355 2668 1483 2723 inde
1530 2668 1802 2738 profectos
1852 2670 2150 2739 discipulos

583 2776 711 2817 suos
742 2761 1006 2816 evocavit.
1037 2759 1305 2826 Quocirca
1336 2759 1501 2831 paulo
1540 2770 1661 2831 post
1679 2761 1733 2816 in
1756 2762 1945 2817 eodem
1977 2762 2151 2818 Evan-

502 2845 519 2855 ’
568 2854 721 2924 δεειίο
741 2854 982 2910 invenies
1004 2852 1313 2909 Matthzeum
1335 2853 1404 2909 de
1423 2851 1641 2910 Galilaza
1666 2863 1917 2910 vocatum
1940 2854 2141 2913 fuisse:

2255 1755 2517 1811 διδάσκων
2548 1757 2604 1809 ὲν
2629 1759 2747 1821 ταῖς
2778 1759 3116 1825 συναγωγαῖς
3160 1756 3354 1819 αὐτῶν,
3382 1756 3467 1809 καί⁵
3506 1773 3566 1827 κη
3575 1754 3725 1827 ρύσσων

2252 1848 2314 1901 τὸ
2348 1848 2675 1917 Εὐαγγέλιον
2705 1847 2803 1919 τῆς
2837 1848 3125 1920 βασιλείας,
3162 1849 3254 1902 καὶ
3289 1846 3574 1919 θεραπεύων
3602 1848 3724 1899 πᾶσαν

2254 1941 2426 2003 νόσον,
2457 1942 2553 2010 καὶ
2588 1943 2768 1996 πᾶσαν
2816 1940 3082 2013 μαλακίαν
3121 1942 3181 1993 ὲν
3208 1940 3283 2012 τῷ
3324 1939 3447 2011 λαῷ.
3476 1940 3570 1993 Καὶ
3602 1936 3725 2009 ἀπῆλ-

2253 2033 2342 2088 θεν
2374 2034 2408 2106 ἠ
2439 2033 2574 2106 ἀκοὴ
2610 2033 2772 2089 αὐτοῦ
2807 2036 2885 2099 είς
2917 2033 3045 2105 ὃλην
3080 2034 3182 2105 τὴν
3230 2033 3417 2105 Συρίαν
3437 2048 3450 2063 ο
3493 2032 3574 2085 καὶ
3609 2045 3727 2101 προο-

2256 2126 2492 2196 ἠνεγκαν
2518 2124 2664 2196 αὖτῷ
2696 2125 2902 2189 πάντας
2928 2126 3053 2189 τοὺς
3082 2125 3267 2190 κακῶς
3297 2125 3517 2196 ἔχοντας,
3531 2120 3728 2181 ποικίλαις

2251 2215 2424 2279 νόσοις
2455 2216 2548 2268 καὶ
2582 2213 2832 2285 βασάνοις
2870 2213 3279 2284 συνεχομένους,
3323 2207 3727 2281 δαιμονιζομένους,

2251 2308 2345 2360 καὶ
2379 2304 2880 2377 σεληνιαζομένους,
2910 2307 3004 2359 καὶ
3034 2303 3448 2377 παραλυτικοὺς,
3476 2300 3558 2354 καὶ
3588 2295 3725 2368 ἐθερά-

2252 2415 2447 2453 πευσεν
2482 2398 2712 2463 αὐτοὺς,
2748 2399 2841 2452 καὶ
2878 2397 3248 2469 ἠκολούθησαν
3276 2393 3419 2465 αὐτῷ
3443 2391 3567 2462 ὄχλοι
3601 2386 3728 2445 πολλοὶ

2249 2490 2356 2544 ἀπὸ
2384 2491 2480 2561 τῆς
2510 2489 2814 2554 Γαλιλαίας.
2852 2509 2869 2541 ι
2908 2491 3043 2544 Ὂλα
3073 2490 3129 2542 δὲ
3170 2487 3341 2542 ταῦτα
3370 2482 3636 2553 ὲκτέθειμαι
3660 2479 3727 2549 τῆς

2249 2582 2581 2656 προφητείας
2617 2581 2822 2647 ἕνεκεν,
2864 2585 2931 2654 τῇ
2956 2580 3215 2653 Γαλιλαίᾳ
3253 2579 3390 2650 μέγα
3430 2575 3533 2646 φῶς
3571 2569 3727 2625 ἔσεσθαι

2246 2673 2725 2745 ὲπαγγελλομένης
2736 2676 2802 2745 τῇ
2820 2691 2878 2727 τε
2897 2672 3047 2745 χώρᾳ
3066 2670 3347 2726 Ζαϐουλὼν
3371 2670 3457 2725 καὶ
3466 2664 3724 2736 Νεφθαλείμ,

2247 2766 2501 2839 οὐδετέρᾳ
2535 2765 2874 2840 τυγχανούσῃ
2905 2766 3004 2836 τῆς
3034 2764 3326 2827 Γαλιλαίας
3351 2761 3453 2817 τῶν
3488 2758 3642 2814 ἐθνῶν.
3662 2753 3728 2807 Διὶ

2246 2858 2299 2911 τί
2326 2858 2382 2913 δὲ
2410 2859 2501 2912 ἐπ).
2532 2858 2632 2929 τῆς
2659 2857 2951 2920 Γαλιλαίας
2990 2855 3098 2909 τῶν
3152 2854 3320 2909 ἐθνῶν
3347 2853 3567 2925 κλήσεως
3600 2842 3727 2918 apod-

570 2953 634 3001 et
672 2947 725 2999 in
760 2945 869 3001 alio
909 2960 1103 3001 rursus
1150 2944 1302 3002 Levi.
1332 2945 1616 3017 Philippus
1661 2954 1864 3012 autem,
1892 2956 1950 3002 ut
2000 2948 2143 3019 apud

2251 2967 2350 3020 μια
2411 2948 2914 3021 καταϐαλλόμενος;
2993 2946 3243 3001 ἐντεῦθεν
3293 2945 3419 3016 γοίτν
3457 2938 3727 3014 ὁρμωμένους

574 3037 840 3093 Joannem
874 3038 1089 3109 legitur,
1121 3037 1187 3094 de
1227 3014 1532 3094 Bethsaida
1554 3038 1834 3110 profectus
1870 3046 1956 3095 est
2009 3014 2144 3095 civi-

2242 3014 2367 3104 τοὺς
2398 3039 2563 3093 αὐτοῦ
2604 3014 2848 3111 μαθητὰς
2892 3039 3250 3111 ἀνακέκλητο.
3295 3014 3381 3091 Διὸ
3427 3033 3548 3106 μετά
3583 3025 3724 3101 βραχέα

572 3137 691 3186 tate
718 3130 947 3186 Andreae
976 3140 1029 3187 et
1061 3130 1205 3187 Petri
1231 3146 1243 3183 :
1277 3132 1425 3202 atqui
1451 3131 1564 3187 haec
1592 3131 1709 3202 ipsa
1741 3140 1859 3187 erat
1888 3133 2140 3189 Galiltcae.

572 3220 720 3287 Quin
750 3221 911 3277 etiam
951 3221 1096 3290 apud
1141 3221 1389 3276 eumdem
1423 3223 1810 3291 evangelistam
1832 3225 2043 3294 nuptiae
2071 3225 2144 3279 fa-

566 3322 680 3369 cta:
706 3321 838 3369 sunt
868 3314 923 3369 in
942 3313 1094 3369 Cana
1122 3311 1376 3379 Galilaem,
1408 3312 1499 3368 ubi
1527 3328 1651 3368 cum
1686 3312 1949 3371 Dominus
1978 3316 2144 3372 admi-

578 3405 821 3459 rabiliter
852 3419 1049 3475 aquam
1080 3404 1133 3459 in
1166 3405 1353 3461 vinum
1390 3412 1801 3471 commutasset,
1848 3407 2142 3463 miraculo-

2243 3130 2337 3184 τοῦ
2381 3131 2712 3201 Εὐαγγελίου
2767 3132 3019 3203 εὑρήσεις
3069 3130 3179 3185 ἀπὸ
3237 3130 3335 3202 τῆς
3376 3123 3625 3185 Γαλιλαίας
3667 3116 3724 3170 τδν

2242 3221 2513 3275 Ματθαῖον
2565 3222 2918 3293 κεκλημένον,
2973 3222 3069 3275 καὶ
3120 3223 3180 3275 ὲν
3230 3222 3395 3290 ἑτέρῳ
3422 3219 3474 3272 δὲ
3505 3215 3635 3268 πάλιν
3664 3205 3725 3259 τὸν

2238 3312 2422 3366 Λευϊν.
2468 3313 2578 3366 Καὶ
2624 3315 2652 3366 ὁ
2703 3313 2967 3376 Φίλιππος
3011 3311 3069 3365 δὲ
3110 3311 3253 3365 κατὰ
3292 3311 3380 3363 τὸν
3412 3306 3626 3383 Ἰωάννην
3653 3295 3725 3351 (mi

2242 3401 2511 3474 Βηθσαϊδὰ
2541 3402 2765 3474 ὡρμᾶτο
2799 3403 2863 3455 ἐκ
2901 3403 2998 3473 τῆς
3038 3399 3247 3464 πόλεως
3295 3396 3523 3468 Ἀνδρέου
3559 3390 3634 3445 καὶ
3656 3386 3726 3440 11t-

566 3511 698 3550 rum
724 3474 924 3552 ibidem
956 3496 1170 3556 initium
1202 3496 1348 3560 fecit,
1383 3511 1495 3568 quo
1522 3505 1765 3569 tempore
1795 3518 1814 3551 ι
1846 3499 2141 3555 declaravit

2239 3511 2366 3567 τρου
2385 3511 2399 3523 ·
2430 3496 2525 3548 καὶ
2550 3493 2688 3567 αὕτη
2715 3493 2773 3547 δὲ
2799 3493 2899 3563 τῆς
2924 3491 3212 3554 Γαλιλαίας
3238 3486 3326 3562 ἦν.
3367 3485 3512 3541 Ἀλλά
3539 3481 3616 3536 καὶ
3637 3474 3724 3569 παρ’

578 3586 807 3655 gloriam
854 3597 1094 3648 suam,et
1122 3567 1474 3642 crediderunt
1508 3588 1561 3642 in
1595 3567 1718 3644 eum
1743 3587 2073 3660 discipuli“.
2114 3609 2134 3643 ι

2239 3586 2387 3658 αὐτῷ
2416 3586 2493 3657 τῷ
2534 3586 2890 3657 εὐαγγελιστῇ
2937 3584 3111 3655 γάμος
3164 3582 3380 3652 ἐγένετο
3429 3581 3482 3632 ὲν
3501 3573 3629 3641 Κανᾷ
3659 3567 3723 3637 τῆς

572 3673 874 3734 Considera
904 3693 1032 3732 vero
1064 3692 1194 3732 num
1226 3674 1331 3732 hoc
1362 3679 1539 3748 ipsum
1570 3679 1806 3748 primum
1842 3677 2140 3737 Salvatoris

2238 3678 2551 3743 Γαλιλαίας,
2583 3677 2710 3732 ἔνθα
2746 3677 3061 3750 παραδόξως
3099 3677 3128 3729 ὁ
3152 3674 3355 3747 Κύριος
3394 3671 3476 3725 τὸν
3516 3666 3566 3731 ἐξ
3593 3661 3725 3719 ὕδατος

574 3770 749 3828 nostri
803 3770 1149 3835 miraculum,
1197 3769 1343 3840 quod
1377 3769 1432 3824 in
1481 3768 1632 3825 Cana
1660 3768 1892 3827 Galilaeae
1930 3772 2136 3827 editum

2237 3764 2377 3823 οἶνον
2431 3769 2881 3849 μετασκευάσας,
2939 3766 3113 3838 ἀρχὴν
3167 3764 3354 3819 αὐτόθι
3403 3761 3503 3814 τῶν

570 3870 678 3928 est,
707 3863 835 3918 dum
864 3877 1004 3933 aqua
1033 3861 1089 3916 in
1126 3862 1313 3916 vinum
1352 3868 1744 3927 commutatur,
1795 3862 2050 3919 divinans
2078 3865 2135 3919 in

2237 3846 2549 3933 ἐποιήσατό,
2594 3862 2683 3914 ὅτε
2728 3859 2821 3914 καὶ
2875 3876 2894 3910 ι
2927 3858 3237 3930 ὲφανέρωσε
3284 3856 3380 3929 τὴν
3420 3851 3557 3918 δόξαν
3589 3846 3723 3933 αὐτοῦ,

568 3959 689 4028 ipso
735 3928 1035 4027 prophetia:
1068 3954 1354 4025 principio,
1386 3970 1450 4010 ea
1500 3971 1622 4027 qua}
1674 3972 1820 4010 nunc
1870 3964 2137 4012 tractatur

2237 3954 2330 4005 καὶ
2372 3928 2695 4005 ἐπίστευσαν
2742 3951 2792 4002 οἱ
2845 3928 3144 4021 μαθηταίξ»
3202 3947 3311 4002 Θέα
3359 3947 3413 4000 δὲ
3460 3946 3502 3997 εἰ

568 4048 744 4104 oratio
779 4048 1047 4119 signiﬁcet
1086 4046 1194 4102 illis
1240 4047 1459 4102 verbis:
1494 4064 1514 4099 ι
1548 4046 1662 4102 Hoc
1708 4049 1942 4117 primum
1987 4048 2132 4116 bibe,

564 4141 679 4194 cito
710 4139 814 4204 fac,
846 4138 995 4209 regio
1039 4137 1281 4192 Zabulon
1323 4146 1379 4192 et
1420 4144 1564 4192 terra
1616 4137 1980 4209 Nephthalim,
2027 4137 2134 4194 Ga-

567 4230 705 4283 lilaea
732 4230 997 4298 gentium.
1019 4247 1037 4279 ι
1071 4225 1225 4292 Quod
1259 4227 1305 4282 si
1337 4227 1445 4282 tale
1469 4227 1792 4284 miraculum
1824 4237 1953 4284 nota
1978 4246 2131 4300 quae-

552 4320 692 4374 dam
742 4319 845 4374 fuit
892 4319 1195 4374 ercanioris
1241 4319 1487 4373 misturaa
1531 4335 1599 4375 ex
1644 4336 1708 4375 ea
1757 4329 2126 4387 commutata,
2160 4355 2205 4411 ι)

564 4426 686 4483 qua:
715 4410 783 4466 ad
810 4425 1010 4480 corpus
1043 4411 1217 4480 magis
1249 4419 1545 4481 spectaret,
1574 4413 1631 4466 in
1653 4413 2040 4483 intelligentem
2065 4430 2131 4469 ac

562 4503 899 4574 spiritualem
922 4503 1161 4557 laetitiam
1185 4504 1484 4573 spectantis
1515 4502 1584 4559 ad
1608 4504 1766 4559 fidem
1786 4503 1920 4559 Novi
1938 4504 2129 4562 Testa-

563 4595 729 4652 menti
774 4595 1041 4656 misturae,
1076 4593 1200 4650 vide
1246 4610 1316 4650 ne
1343 4595 1449 4651 hoc
1502 4595 1680 4666 ipsum
1710 4613 1927 4669 quoque
1957 4598 2025 4652 ad
2062 4612 2128 4653 ea

548 4703 682 4758 quae
712 4686 780 4743 de
811 4686 1032 4745 Galilzea
1065 4686 1231 4741 dicta‘
1254 4694 1404 4750 sunt,
1451 4687 1860 4744 accommodate
1914 4688 2126 4760 signiti-

552 4781 782 4843 caverit,
819 4794 1025 4834 canens
1051 4777 1508 4848 quemadmodum
1540 4779 1644 4835 sub
1675 4779 1881 4836 Christi
1925 4778 2128 4835 adven-

558 4882 674 4927 tum
708 4871 870 4942 primi
914 4871 1181 4935 omnium,
1218 4870 1255 4925 ii
1289 4870 1381 4941 qui
1409 4870 1654 4926 Zahulon
1683 4885 1749 4926 ac
1776 4869 2120 4943 Nephthalim

556 4964 884 5026 habitarent,
916 4977 1023 5018 non
1089 4969 1269 5017 autem
1300 4963 1395 5033 qui
1424 4961 1666 5018 Judaeam
1699 4971 1754 5019 et
1794 4962 2121 5028 Jerusalem,

553 5064 718 5127 potus
772 5054 1098 5125 evangelicae
1142 5053 1549 5125 praedicationis
1597 5054 1899 5124 participes
1951 5052 2122 5109 futuri

551 5158 758 5205 essent.
792 5147 966 5203 Porro
1000 5147 1088 5205 his
1114 5147 1315 5204 laetitiae
1348 5161 1573 5203 causam
1598 5148 1673 5201 ait
1702 5145 1892 5212 fuisse,
1932 5148 2122 5220 ingen-

553 5242 627 5298 tis
657 5242 795 5299 lucis
820 5241 1262 5306 illustrationem,
1294 5240 1386 5310 qui
1425 5238 1645 5309 quidem
1682 5246 1807 5294 ante
1828 5239 2120 5297 adventum

554 5335 608 5390 iu
651 5335 892 5391 tenebris
929 5332 1205 5397 sedentes,
1256 5332 1310 5386 in
1353 5332 1578 5402 regione
1613 5338 1665 5387 et
1702 5330 1896 5386 umbra
1926 5331 2120 5388 mortis

553 5426 837 5483 sedebant.
872 5424 1075 5481 Exorto
1117 5430 1297 5480 autem
1343 5422 1452 5479 illis
1499 5421 1727 5477 salutari
1778 5421 2003 5489 lumine,
2042 5421 2118 5477 ita

621 5610 664 5640 σο
708 5605 874 5662 Matth
931 5606 1241 5677 Iv,12-23.
1319 5603 1546 5660 “Joan.
1582 5619 1650 5669 ιι,
1686 5601 1769 5657 ιι.

2234 4041 2392 4094 τοῦτο
2432 4039 2647 4112 πρῶτον
2679 4038 2772 4092 τοῦ
2810 4018 3057 4109 Σωτῆρος
3101 4036 3262 4108 ἡμῶν
3310 4032 3503 4105 θαῦμα,
3545 4032 3591 4081 ὲν
3615 4018 3724 4089 Κανᾷ

2234 4133 2334 4204 τῆς
2357 4132 2644 4195 Γαλιλαίας
2674 4130 2963 4202 γενόμενον
2997 4128 3089 4182 ἐπὶ
3116 4128 3220 4199 τῆς
3250 4126 3343 4182 τοῦ
3376 4126 3506 4180 οἴνου
3551 4112 3723 4192 μεταθφ

2233 4224 2350 4296 λῆς,
2381 4223 2648 4289 θεσπίζων
2682 4225 2740 4277 ὲν
2768 4222 2907 4293 ἀρχῇ
2949 4220 3046 4292 τῆς
3082 4219 3418 4292 προφητείας
3466 4212 3723 4296 ’παρίστηίηῖν

2233 4318 2262 4371 ὁ
2289 4293 2480 4389 παρὼν
2508 4315 2686 4385 λόγος,
2714 4314 2937 4383 φάσκων
2954 4327 2969 4343 ’
3011 4331 3029 4364 ι
3053 4311 3224 4365 Τοῦτο
3270 4308 3480 4382 πρῶτον
3510 4303 3603 4389 πίε,

2232 4383 2396 4467 ποίει,
2427 4383 2887 4474 χώραὴΖαϐουλὼν
2937 4399 3031 4453 καὶ
3063 4398 3133 4469 γῆ
3166 4396 3497 4467 Νεφθαλείμ,
3525 4383 3721 4444 Γαλιλαία

2229 4500 2337 4556 τῶν
2377 4498 2565 4554 ἐθνῶν.
2598 4517 2617 4551 ι
2670 4500 2733 4552 Et
2767 4498 2826 4553 δὲ
2866 4496 3129 4570 σύμϐολον
3159 4493 3229 4567 ἦν
3262 4495 3325 4549 τὸ
3370 4487 3633 4563 παράδοξον
3659 4496 3723 4553 μυ·

2231 4591 2554 4660 στικωτέρου
2585 4591 2885 4664 κράματος,
2919 4586 3346 4661 μεταϐληθὼτος
3378 4588 3440 4639 ὲκ
3467 4583 3557 4653 τῆς
3588 4587 3721 4643 σωμα-

2227 4684 2527 4757 τικωτέρας
2560 4683 2652 4736 ἐπὶ
2680 4683 2780 4754 τὴν
2808 4680 2997 4754 νοεράν
3038 4679 3133 4733 καὶ
3174 4674 3535 4748 πνευματικὴν
3575 4667 3720 4733 εὖφΡ⁰³

2230 4775 2394 4848 σύνην
2422 4773 2515 4828 τοῦ
2551 4772 2799 4828 πιστικοῦ
2835 4772 2935 4842 τῆς
2966 4769 3159 4842 καινῆς
3187 4769 3457 4840 Διαθήκης
3482 4760 3716 4848 κράμιτβς

2221 4867 2323 4938 ὅρα
2350 4840 2582 4938 ’μήποτε
2623 4863 2715 4918 καὶ¹
2750 4840 2907 4918 τοῦτο
2946 4862 3059 4924 τοῖς
3096 4840 3225 4933 περὶ
3263 4859 3362 4930 τῆς
3383 4840 3719 4938 Γαλιλαίας

2222 4932 2499 5031 λουμένοις
2546 4955 2849 5020 ἀκολούθως
2895 4953 3138 5027 ᾐνίττετο
3160 4990 3176 5016 ,
3225 4948 3520 5014 θεσπίζων,
3558 4939 3620 5002 ὡς
3642 4932 3717 5002 ἄρα

2226 5053 2580 5125 μελλήσουσιν
2635 5049 2726 5103 ἐπὶ
2771 5050 2837 5119 τῇ
2884 5044 3120 5119 Χριστοῦ
3175 5040 3444 5117 παρουσίᾳ

2223 5145 2440 5199 πάντων
2478 5145 2527 5197 οἱ
2563 5141 2659 5213 τὴν
2682 5138 2966 5196 Ζαϐουλὼν
3007 5139 3104 5192 καὶ
3130 5133 3442 5208 Νεφθαλεὶμ
3480 5128 3714 5215 οἰκοῦντεῆ

2221 5236 2335 5294 ἀλλ’
2363 5238 2460 5309 οὐχ
2498 5237 2548 5290 oi
2585 5234 2682 5307 τὴν
2717 5233 2973 5289 Ἰουδαίαν
3004 5233 3098 5287 καῖ
3127 5230 3225 5304 τὴν
3267 5221 3715 5309 Ἰερουσαλὴμνῂτου

2221 5302 2461 5401 σώματος
2479 5326 2573 5381 τοῦ
2592 5302 2949 5395 εὐαγγελικού
2981 5302 3334 5395 κηρύγματος
3356 5302 3712 5401 μεταλήψεσθξιο

2219 5389 2407 5477 Αἰτίαν
2430 5389 2487 5475 δὲ
2518 5389 2725 5483 τούτοις
2743 5389 2850 5488 ’τῆς
2881 5389 3216 5488 εὐφροσύνης
3246 5389 3380 5486 φησί
3405 5400 3626 5478 γενέσθαι
3644 5389 3717 5459 τὴν
