3922 6200
233 288 343 347 683

1166 277 1812 345 DEMONSTRATIONIS
1839 279 2297 342 ΕνΑΝεΕιιεΑε
2338 276 2463 342 LIB.
2509 275 2598 343 IX.

3379 282 3484 340 886

233 405 328 459 τοῦ
365 403 601 476 μεγάλου
629 403 804 474 φωτὸς
827 403 1116 475 ἔκλαμψιν,
1147 404 1217 467 οἳ,
1244 403 1351 473 πρὸ
1373 403 1472 474 τῆς
1509 403 1812 474 παρουσίας

1931 401 2264 465 inlabuntur,
2307 411 2364 454 ut
2404 401 2438 453 ii
2471 403 2563 471 qui
2613 400 2863 452 laetantur
2909 397 2962 451 in
3005 408 3205 460 messe,
3253 405 3418 468 utque
3449 397 3484 450 ii

235 500 294 550 ἐν
341 497 522 550 σκότει
573 496 959 567 καθεζόμενοι,
1007 497 1065 549 ἐν
1093 495 1248 567 χώρᾳ
1278 496 1372 548 καὶ
1407 497 1534 566 σκιᾷ
1573 494 1803 548 θανάτου

234 587 420 658 διῆγον
439 604 452 617 ·
503 587 920 652 ἁνατεταλκότος
961 587 1017 642 δὲ
1048 589 1230 651 αὐτοῖς
1260 587 1354 640 τοῦ
1395 586 1664 658 σωτηρίου
1697 604 1808 656 φω-

237 678 348 742 τὸς,
389 678 576 732 τοῦτον
623 680 1084 752 εὐφρανθήσονται
1128 681 1220 733 τὸν
1263 680 1482 752 τρόπον,
1519 679 1595 743 ὡς
1633 683 1680 732 οἱ
1720 680 1810 733 εὐ-

235 775 588 845 φραινόμενοι
617 773 674 826 ἐν
693 772 906 844 ἀμητῷ,
939 775 1031 826 καὶ
1061 773 1120 826 δν
1145 773 1339 842 τρόπον
1373 775 1420 827 οί
1447 771 1808 844 διαιρούμενοι

239 863 434 918 σκῦλα.
487 864 598 917 Καὶ
645 864 814 917 ταῦτα
857 865 913 918 δὲ
952 865 1098 937 ἔργῳ
1147 865 1478 937 ἐπληροῦτο,
1531 867 1648 930 ὅτε,
1687 866 1811 930 τούς

238 959 569 1023 ἀποστόλους
599 961 627 1012 ό
649 960 837 1032 Σωτὴρ
867 961 960 1014 καὶ
976 961 1177 1033 Κύριος
1208 963 1363 1034 ἡμῶν
1391 961 1500 1016 ἀπὸ
1525 964 1622 1034 τῆς
1653 964 1813 1016 Γαλι-

238 1051 400 1115 λαίας
440 1051 963 1122 προσκαλεσάμενος,
987 1054 1052 1106 τά
1079 1053 1354 1125 παράδοξα
1380 1055 1488 1108 τῶν
1518 1055 1693 1126 ἔργων
1718 1054 1813 1108 καὶ

238 1143 343 1214 τὴν
388 1143 734 1196 διδασκαλίαν
779 1145 960 1210 αὐτοῖς
1011 1146 1382 1198 ἐπεδείκνυτο·
1438 1145 1812 1218 εὐφρανθήσεα

242 1235 369 1288 σθαι
399 1235 454 1289 δέ
479 1235 673 1299 αὐτοὺς
707 1237 945 1291 ἐναντίον
972 1237 1133 1291 αὐτοῦ
1159 1241 1191 1309 ἡ
1224 1239 1526 1312 προφητεία
1543 1239 1810 1304 θεσπίζει,

242 1326 400 1397 δίκην
431 1327 538 1380 τῶν
566 1330 1004 1400 εὐφραινομένων
1033 1333 1088 1384 ἐν
1116 1331 1330 1401 άμητῷ.
1361 1332 1506 1401 Ποίῳ
1529 1331 1586 1384 δέ
1617 1330 1810 1402 τούτῳ,

242 1417 277 1489 ἢ
300 1418 430 1487 περὶ
465 1414 524 1472 οὐ
565 1418 827 1472 διδάσκων
861 1420 1022 1483 αὐτὸς
1057 1419 1273 1488 ἔλεγεν·
1329 1440 1346 1471 ι
1389 1421 1656 1494 Ἐπάρατε
1691 1423 1816 1484 τοὺς

243 1508 557 1580 ὀφθαλμοὺς
601 1509 776 1580 ὐμῶν,
821 1509 912 1563 καὶ
947 1510 1082 1563 ίδετε
1108 1510 1205 1573 τὰς
1247 1509 1450 1582 χώρας,
1500 1513 1580 1564 ὃτι
1627 1511 1813 1564 λευκαί

244 1603 356 1653 εἰσι
400 1601 534 1670 πρὸς
571 1600 829 1673 θερισμὸν
882 1602 1020 1674 ήδης
1054 1623 1071 1654 ι
1123 1601 1337 1672 Ἐδήλου
1387 1604 1442 1657 δέ
1480 1604 1568 1657 διὰ
1612 1604 1816 1656 τούτων

241 1691 348 1762 τὴν
380 1691 483 1744 τῶν
526 1691 692 1746 ἐθνῶν
730 1695 1175 1766 ἐπισυναγωγὴν·
1219 1696 1345 1766 περὶ
1393 1693 1500 1747 τῶν
1549 1696 1728 1748 αὐτῶν
1759 1695 1816 1749 δέ

242 1786 482 1859 εἴρηται,
515 1789 597 1841 ὅτι
641 1808 660 1840 ι
685 1787 1168 1861 εὐφρανθήσονται,
1195 1789 1254 1842 ὃν
1279 1790 1476 1859 τρόπον
1505 1791 1552 1843 οἱ
1582 1789 1820 1860 διαιρού-

248 1895 399 1946 μενοι
447 1878 639 1933 σκῦλα.
686 1899 704 1929 ι
755 1879 1059 1950 Διελόμενοι
1112 1879 1243 1948 γοῦν
1289 1882 1368 1942 εἰς
1408 1880 1670 1949 ἀλλήλους
1720 1882 1819 1945 τὰς

245 1969 434 2040 χώρας
467 1969 576 2023 τῶν
616 1970 782 2024 ἐθνῶν
822 1973 914 2024 καὶ
954 1973 1053 2044 τὴν
1095 1973 1185 2042 ὑφ’
1217 1972 1366 2043 ἥλιον
1414 1973 1592 2025 πᾶσαν
1634 1974 1682 2025 oi
1724 1973 1818 2026 τοῦ

243 2059 499 2131 Σωτῆρος
521 2059 678 2131 ἡμῶν
708 2061 942 2132 μαθηταί
965 2079 1023 2114 τε
1051 2062 1142 2116 καὶ
1164 2062 1564 2130 εὐαγγελισταὶ,
1597 2059 1821 2134 μυρίους

242 2151 406 2214 ὅσους
438 2152 764 2207 ἐσκύλευσαν
797 2153 1062 2225 ἄρχοντας
1098 2154 1191 2208 τοῦ
1225 2155 1416 2220 αἰῶνος
1451 2154 1662 2218 τούτου,
1692 2159 1819 2222 τοὺς

246 2241 511 2310 πρότερον
547 2242 656 2296 τῶν
694 2243 862 2298 ἐθνῶν
904 2244 1257 2316 κρατοῦντας.
1295 2246 1368 2299 Ού
1414 2247 1520 2317 μὴν
1555 2245 1688 2299 ἀλλὰ
1726 2249 1822 2301 καὶ

245 2331 378 2384 ἄλλο
417 2333 588 2386 αἴτιον
630 2334 723 2386 τοῦ
767 2335 1236 2407 εὐφρανθήσεσθαι
1293 2336 1489 2401 αὐτούς
1541 2355 1711 2409 φησι,
1763 2336 1824 2391 τὸ

242 2419 414 2494 ἧρθαι
459 2426 552 2478 ἀπ’
595 2426 770 2480 αὐτῶν
817 2429 906 2481 τὸν
949 2429 1256 2500 σωματικὸν
1301 2430 1395 2483 τοῦ
1433 2432 1598 2502 νόμου
1638 2431 1822 2501 ζυγὸν,

244 2517 340 2569 τὸν
389 2517 557 2571 πάλαι
612 2517 871 2592 πρότερον
921 2523 1264 2592 ἐπικείμενον
1313 2524 1529 2586 αὐτοῖς,
1585 2523 1645 2576 δν
1701 2523 1824 2576 οὐτε

246 2611 406 2664 αὐτοὶ
432 2611 554 2663 οὐτε
587 2613 636 2665 οί
665 2613 897 2683 πατέρες
937 2615 1112 2668 αὐτῶν
1150 2615 1492 2686 ἠδυνήθησαν
1536 2616 1821 2686 βαστάσαι.

249 2704 328 2756 Οὐ
375 2704 532 2773 μόνον
575 2707 630 2759 δὲ
673 2709 701 2759 ό
731 2706 889 2776 ζυγὸς
924 2707 1200 2780 ἀφῄρηται
1249 2709 1450 2772 αὐτῶν,
1498 2709 1632 2763 ἀλλὰ
1663 2709 1757 2763 καὶ
1789 2712 1822 2779 ἠ

250 2793 448 2864 ῥάϐδος
479 2796 586 2850 τῶν
628 2800 998 2854 ἀπαιτούντων
1046 2802 1078 2872 ἡ
1124 2801 1388 2872 πρότερον
1436 2802 1530 2853 ἐπὶ
1572 2800 1664 2854 τοῦ
1696 2812 1828 2873 τρα-

247 2892 415 2964 χήλου
456 2892 633 2946 αὐτῶν
665 2893 1006 2964 ἐπικειμένη.
1045 2892 1204 2965 Δήλοῖ
1225 2894 1281 2948 δὲ
1309 2897 1434 2958 τοὺς
1463 2896 1828 2961 ἀπαιτοῦντας

249 2986 308 3037 ἐν
347 2984 538 3056 ἑτέρῳ,
577 2984 748 3052 λέγων
774 3003 786 3014 ·
843 3003 860 3036 ι
891 2985 1030 3049 Λαός
1071 3004 1192 3057 μου,
1237 2990 1285 3040 οί
1337 2990 1643 3060 πράκτορες
1675 2990 1828 3060 ὐμῶν

1913 491 2008 561 qui
2051 490 2298 544 dividunt
2333 489 2526 558 spolia.
2559 487 2722 559 440
2751 487 2875 541 Hzec
2904 502 3033 542 vero
3063 486 3182 555 ipsa
3224 501 3284 541 re
3337 502 3476 540 com--

1913 582 2056 652 pleta
2089 591 2238 644 sunt,
2267 595 2390 635 cum
2417 580 2484 634 dc
2514 579 2734 634 Galilzea
2766 579 2975 633 vocatis
3006 578 3290 647 apostolis,
3321 578 3486 632 miras

1915 675 2042 729 bilia
2075 689 2238 745 Opera
2263 689 2362 728 sua
2394 683 2450 728 ct
2484 672 2787 726 doctrinam
2850 671 3102 725 Salvator
3135 686 3198 725 ac
3223 670 3487 727 Dominus

1915 775 2105 821 noster
2136 767 2244 820 illis
2292 770 2472 836 palam
2512 764 2800 819 exhibuit:
2839 764 3114 818 laetaturas
3167 772 3349 819 autem
3391 779 3489 820 eos

1915 873 2099 913 coram
2133 858 2254 930 ipso
2288 857 2574 928 prophetia
2605 856 2835 920 divinat,
2881 856 3056 911 instar
3103 856 3401 913 lzetantium
3432 858 3488 912 in

1917 969 2116 1008 messe.
2169 949 2276 1006 Sed
2318 952 2374 1005 in
2407 965 2514 1021 qua
2566 949 2784 1003 tandem
2836 964 3037 1009 messe.
3077 949 3182 1004 nisi
3232 949 3288 1004 in
3321 966 3384 1004 ea
3420 950 3492 1008 de

1917 1062 2025 1116 qua
2055 1047 2170 1115 ipse
2197 1045 2445 1099 dicebat:
2482 1061 2500 1093 ι
2531 1042 2779 1096 Attollite
2828 1042 3020 1104 oculos
3065 1050 3297 1106 vestros,
3323 1050 3378 1096 et
3404 1043 3490 1096 vi-

1917 1139 2038 1194 dete
2063 1140 2333 1210 regiones,
2357 1149 2412 1192 ut
2441 1137 2575 1191 albae
2595 1143 2722 1190 sunt
2749 1133 2814 1188 ad
2834 1150 3066 1189 messem
3092 1135 3203 1204 jam
3229 1136 3488 1191 nunc“.s

1917 1229 2015 1284 His
2048 1239 2226 1285 autem
2259 1230 2439 1284 verbis
2493 1227 2732 1298 gentium
2765 1227 3238 1295 congregationem
3284 1228 3492 1298 signilia

1920 1321 2075 1375 cabat
2105 1337 2117 1371 :
2144 1319 2210 1375 de
2241 1320 2445 1374 eisdem
2465 1333 2592 1372 vero
2623 1319 2829 1370 dictum
2865 1323 2969 1378 est,
3005 1316 3147 1386 quod
3176 1337 3193 1367 ι
3229 1319 3486 1373 Ιιειιιίιιιηά

1919 1421 2081 1468 turut
2113 1413 2149 1466 ii
2181 1413 2273 1482 qui
2307 1411 2560 1466 dividunt
2596 1411 2845 1480 spolia”.
2885 1430 2904 1462 ι
2929 1410 3064 1466 Cum
3090 1426 3218 1478 ergo
3250 1414 3491 1481 gentium

1919 1505 2061 1560 inter
2093 1519 2151 1559 se
2197 1504 2448 1574 regiones
2481 1511 2534 1556 ct
2587 1503 2902 1556 universam
2948 1517 3070 1571 qua:
3101 1503 3216 1557 sub
3252 1503 3366 1558 sole
3412 1515 3497 1558 est

1919 1605 2147 1662 terram,
2201 1595 2505 1650 Salvatoris
2543 1595 2721 1649 nostri
2774 1595 3026 1665 discipuli
3072 1604 3236 1666 atque
3265 1611 3496 1666 evange-

1921 1690 2062 1744 lista:
2089 1688 2428 1753 divisissent,
2461 1687 2890 1743 innumerabiles
2937 1688 3122 1742 saeculi
3156 1688 3321 1758 hujus
3353 1693 3495 1758 prin-

1922 1782 2070 1851 cipes
2100 1781 2492 1851 spoliaverunt.
2545 1797 2642 1836 eos
2676 1781 2864 1850 utique
2912 1781 3005 1851 qui
3052 1781 3204 1850 prius
3246 1782 3496 1851 gentibus

1921 1873 2548 1945 impcrabant.Attamen
2581 1875 2740 1928 aliam
2761 1890 2974 1944 quoque
3005 1889 3250 1939 causam,
3279 1883 3499 1945 propter

1922 1983 2084 2038 quam
2138 1967 2321 2022 laetitia
2368 1967 2480 2021 sint
2527 1966 2816 2028 alliciendi,
2873 1977 3284 2033 commemorat,
3351 1969 3498 2038 quod

1923 2061 2281 2115 auferendum
2312 2060 2384 2114 sit
2412 2059 2480 2112 ab
2508 2060 2641 2130 ipsis
2672 2061 2958 2130 corporale
2990 2060 3126 2130 legis
3151 2060 3342 2129 jugqu
3365 2060 3501 2129 jam-

1923 2152 2134 2223 pridem
2161 2152 2297 2222 ipsis
2331 2153 2670 2220 impositum,
2694 2146 2836 2221 quod
2861 2168 3038 2222 neque
3072 2153 3171 2222 ipsi
3199 2168 3374 2223 neque
3405 2167 3502 2222 pa-

1924 2253 2037 2301 tres
2070 2247 2314 2315 ipsorum
2347 2253 2643 2316 potuerunt
2691 2243 2852 2300 ferre.
2898 2246 3165 2300 Caeterum
3197 2260 3306 2298 non
3339 2244 3500 2297 modo

1921 2338 2112 2408 jugum
2145 2337 2418 2394 sublatum
2447 2345 2533 2392 est
2565 2337 2632 2389 ab
2662 2336 2818 2406 ipsis.
2838 2337 2932 2392 sed
2966 2337 3130 2391 etiam
3161 2338 3310 2406 virga
3343 2353 3499 2406 repee

1928 2427 2178 2492 tentium,
2207 2441 2328 2497 qua:
2360 2427 2514 2497 prius
2549 2427 2604 2481 in
2641 2428 2782 2482 collo
2813 2429 3056 2498 ipsorum
3084 2428 3338 2497 imposita
3361 2438 3498 2483 erat.

1927 2520 2180 2574 Declarat
2230 2535 2394 2591 porro
2442 2521 2533 2590 qui
2570 2522 2680 2576 sint
2722 2528 3028 2589 repetentes
3083 2519 3233 2583 alibi,
3275 2521 3496 2575 dicens:

1933 2628 1952 2660 ι
1987 2609 2228 2680 Populus
2273 2625 2462 2674 meus,-
2514 2619 2800 2666 exactorcs
2846 2611 3015 2664 vestri
3060 2611 3241 2680 spicas
3291 2619 3503 2667 vestras

1928 2702 2216 2774 colligunt,
2259 2711 2313 2758 et
2337 2712 2643 2772 repetentes
2673 2703 3026 2758 dominantur
3062 2703 3237 2758 vobis.
3261 2702 3502 2758 «Verum

1930 2798 1982 2852 hi
2017 2797 2238 2868 quidem
2270 2811 2301 2849 a
2348 2795 2592 2852 Zabulon
2641 2805 2696 2853 et
2735 2795 3083 2867 Nephthalim
3123 2797 3365 2863 oriundi,
3409 2801 3508 2870 qui

1931 2891 2123 2959 ingens
2170 2891 2353 2946 lumen
2385 2890 2570 2946 intuiti
2603 2897 2754 2954 sunt,
2788 2890 3119 2945 laetabuntur
3154 2899 3374 2961 propter
3414 2892 3506 2945 ilia

1930 2999 2051 3052 qua:
2075 2983 2187 3053 jam
2223 2993 2382 3039 antea
2411 2985 2557 3038 dicta
2585 2995 2732 3048 sunt;
2761 2983 2852 3052 qui
2878 2998 3008 3037 vero
3033 2983 3102 3037 ab
3134 2982 3266 3052 ipsis
3299 2993 3504 3054 repete-

250 3077 603 3147 καλαμῶνται
647 3077 818 3148 ὑμᾶς,
857 3080 952 3132 καὶ
991 3080 1041 3132 oi
1079 3081 1435 3144 ἀπαιτοῦντες
1486 3082 1825 3154 κυριεύουσιν

1935 3077 2087 3140 bant,
2121 3079 2190 3131 ab
2220 3078 2290 3132 iis
2318 3086 2594 3148 repetetur
2625 3092 2804 3147 usque
2835 3073 2905 3130 ad
2939 3077 3190 3131 ultimum
3231 3078 3506 3148 quadran-

252 3167 428 3238 ὑμῶν.
470 3187 490 3221 ι
523 3167 658 3220 Ἀλλ’
691 3163 832 3223 οὗτοι
871 3171 968 3240 μὲν
1017 3173 1065 3224 οἱ
1115 3171 1222 3223 άπὸ
1254 3171 1354 3242 τῆς
1401 3172 1682 3226 Ζαϐουλὼν
1737 3175 1830 3226 καὶ

249 3260 571 3331 Νεφθαλείμ
602 3261 661 3314 τὸ
695 3261 832 3332 μέγα
866 3261 982 3331 φῶς
1013 3261 1330 3334 τεθεαμένοι
1363 3263 1829 3337 εὐφρανθήσονται

250 3351 340 3405 διά
359 3352 430 3404 τά
450 3354 820 3424 προειρημένα
839 3371 852 3383 ·
885 3356 933 3406 οἱ
960 3354 1017 3406 δὲ
1051 3353 1217 3408 πάλαι
1252 3356 1607 3420 ἀπαιτοῦντες
1637 3358 1833 3420 αὐτοῦς

255 3443 728 3516 ἐκπραχθήσονται
767 3446 926 3516 μέχρι
955 3446 1248 3518 κοδράντου
1279 3448 1527 3518 ἐσχάτου,
1561 3449 1739 3502 πᾶσάν
1772 3467 1831 3502 τε

256 3534 449 3606 στολὴν
487 3537 580 3590 καὶ
624 3539 730 3590 πᾶν
784 3538 996 3609 ἱμάτιον
1045 3539 1432 3602 ἀποτίσαντες,
1473 3541 1834 3613 πυρίκαυστοι

252 3631 573 3699 γενήσονται
608 3632 664 3683 ἐν
693 3630 772 3700 τῷ
795 3632 895 3702 τῆς
929 3632 1248 3705 ἐκπράξεως
1278 3632 1456 3703 καιρῷ
1475 3650 1488 3662 ·
1534 3634 1627 3686 καὶ
1660 3633 1837 3687 ταῦτά

252 3737 318 3788 γε
341 3721 519 3774 πάντα
551 3723 683 3790 φησὶ
732 3724 1035 3790 πείσεσθαι,
1073 3725 1206 3778 διότι
1267 3746 1285 3776 ‹
1317 3725 1525 3780 παιδίον
1572 3726 1833 3797 ἐγεννήθη

253 3813 411 3884 ἡμῖν,
459 3813 554 3865 καὶ
600 3813 712 3876 υίὸς
761 3814 914 3886 ἐδόθη
963 3818 1117 3887 ἡμῖν,
1153 3815 1303 3887 ὁτῆς
1351 3815 1591 3887 μεγάλης
1643 3815 1837 3888 βουλῆς

245 3902 504 3972 ἄγγελος.
540 3922 557 3954 ι
594 3903 716 3956 Τίσι
741 3904 795 3957 δέ
829 3907 958 3976 ἡμῖν
1004 3906 1037 3978 ἢ
1071 3907 1182 3970 τοῖς
1228 3911 1307 3972 εἰς
1348 3909 1508 3961 αὐτὸν
1551 3925 1839 3961 πεπιστευ-

245 3996 376 4049 κόσι
398 4037 412 4058 ,
443 3996 537 4049 καὶ
579 3995 728 4069 πάσῃ
759 3996 956 4068 δηλαδὴ
999 4001 1062 4069 τῇ
1097 3999 1352 4071 Γαλιλαίᾳ
1396 3999 1501 4052 τῶν
1535 3999 1723 4061 ἐθνῶν,
1759 3996 1839 4064 οἷς

244 4087 317 4140 τὸ
351 4086 493 4156 μέγα
523 4087 635 4156 φῶς
650 4087 1008 4154 άνατὲταλκε;
1043 4090 1096 4142 τί
1116 4091 1179 4162 δὴ
1211 4087 1278 4162 ἦν
1309 4091 1485 4148 τοῦτο.
1515 4091 1631 4144 ἀλλ’
1663 4091 1695 4162 ἢ
1731 4109 1748 4140 ι
1780 4091 1840 4144 τὸ

245 4178 655 4250 γεγεννημένον
692 4179 922 4245 παιδίον,
966 4179 1059 4235 καὶ
1107 4183 1135 4235 ό
1165 4183 1317 4255 παρὰ
1362 4182 1453 4236 τοῦ
1481 4182 1615 4236 Θεοῦ
1667 4182 1841 4248 δοθεὶς

247 4271 393 4334 υίὸς,
441 4271 679 4341 μεγάλης
717 4270 912 4341 βουλῆς
952 4273 1200 4342 ἄγγελος,
1241 4276 1336 4329 καὶ
1370 4276 1555 4347 ἄρχων
1595 4276 1837 4346 εἰρήνης,

247 4363 355 4417 καὶ
386 4359 763 4434 ἐξουσιαστὴς,
799 4365 892 4416 καὶ
919 4363 1050 4428 Θεὸς
1095 4367 1340 4438 ἰσχυρὸς,
1386 4368 1482 4420 καὶ
1533 4367 1714 4440 πατὴρ
1745 4366 1838 4420 τοῦ

253 4455 545 4525 μέλλοντος
600 4457 788 4518 αἰῶνος
840 4456 1257 4528 ὼνομασμένος;
1304 4477 1321 4509 ι
1391 4458 1562 4512 ταῦτα
1613 4457 1677 4530 δὴ
1731 4458 1833 4529 ήδη

1932 3177 2063 3231 tem,
2098 3167 2372 3240 iidemque
2415 3171 2506 3224 ubi
2557 3185 2775 3225 omnem
2814 3178 3018 3224 vestem
3043 3185 3314 3240 omneque
3339 3173 3507 3226 vesti«

1934 3267 2176 3314 mentum
2209 3261 2596 3330 persolverint,
2639 3261 2764 3330 igne
2799 3260 3073 3314 combusti
3123 3262 3253 3314 ﬁent
3294 3261 3348 3314 in
3388 3261 3507 3330 ipso

1932 3353 2236 3408 exactionis
2285 3361 2552 3424 tempore,
2600 3354 2894 3424 omniaque
2937 3355 3051 3408 haec
3098 3369 3361 3424 passuros
3407 3355 3504 3417 ait,

1935 3454 2217 3516 propterea
2240 3447 2384 3517 quod
2421 3465 2440 3497 ι
2471 3447 2734 3516 puerulus
2767 3457 2928 3502 natus
2958 3455 3042 3503 est
3071 3447 3250 3512 nobis,
3282 3455 3334 3502 et
3365 3446 3508 3501 ﬁlius

1935 3537 2096 3592 datus
2129 3546 2213 3593 cst
2260 3540 2440 3604 nobis,
2472 3539 2590 3608 ipse
2622 3541 2804 3609 magni
2841 3541 3059 3595 consilii
3099 3543 3344 3612 angelus.
3380 3562 3399 3594 ι
3442 3541 3509 3596 At

1935 3646 2066 3685 vero
2097 3631 2294 3700 quibus
2323 3631 2542 3687 tandem
2576 3629 2756 3696 nobis,
2790 3633 2898 3688 nisi
2928 3633 3021 3703 qui
3073 3634 3128 3688 in
3165 3635 3342 3705 ipsum
3387 3648 3510 3688 creé

1936 3722 2198 3785 didimus,
2233 3732 2286 3778 et
2315 3725 2465 3778 omni
2496 3723 2752 3778 videlicet
2803 3723 3037 3780 Galilaerc
3085 3727 3357 3796 gentium,
3391 3727 3511 3796 qni~

1937 3815 2040 3870 bus
2069 3831 2325 3887 magnum
2351 3818 2535 3872 lumen
2557 3829 2737 3872 ortum
2766 3819 2881 3872 est?
2896 3817 2990 3873 sed
3010 3817 3283 3888 quodnam
3302 3833 3508 3888 quaeso,

1938 3907 2044 3964 nisi
2079 3909 2195 3981 ipse
2229 3928 2247 3960 ι
2292 3920 2455 3966 natus
2491 3912 2775 3982 puerulus,
2805 3919 2859 3966 et
2889 3913 2982 3982 qui
3017 3925 3046 3965 a
3075 3911 3186 3966 Deo
3235 3912 3398 3968 datus
3429 3922 3513 3966 est

1941 4003 2106 4066 (ilius,
2137 4003 2231 4074 qui
2269 4003 2453 4073 magni
2482 4005 2699 4059 consilii
2741 4005 2989 4074 angelus,
3025 4014 3080 4057 et
3110 4003 3366 4074 princeps
3415 4019 3514 4074 pa:-

1940 4091 2042 4159 cis,
2073 4100 2128 4146 et
2156 4093 2249 4162 jus
2279 4093 2691 4164 potentiamque
2723 4095 2955 4159 habens,
2991 4103 3046 4150 et
3074 4095 3219 4151 Deus
3245 4094 3426 4161 fortis,
3460 4103 3515 4149 et

1941 4190 2096 4253 pater
2145 4183 2318 4238 futuri
2369 4187 2558 4240 saaculi
2614 4189 2928 4243 nominatus
2968 4189 3083 4243 est?
3125 4207 3143 4240 ι
3179 4203 3365 4243 verum
3400 4187 3518 4242 haec

1941 4275 2057 4342 ipsa
2079 4275 2192 4344 jam
2225 4284 2385 4332 antea
2413 4277 2481 4331 ad
2511 4293 2682 4332 unum
2709 4281 2996 4336 referenda
3022 4296 3144 4337 esse
3176 4279 3516 4337 Salvatorem

1943 4364 2344 4439 Dominumque
2396 4379 2668 4436 nostrum,
2719 4387 2821 4428 suo
2873 4381 3120 4445 tempore
3171 4373 3517 4430 demonstrata

1941 4472 2140 4514 Vimus.

249 4545 567 4616 φθάσαντες
610 4546 701 4598 ἐπὶ
746 4546 902 4618 μόνον
973 4543 1336 4619 ἀναφέρεσθαι
1375 4547 1467 4602 τὸν
1501 4547 1731 4620 Σωτῆρα
1779 4545 1874 4600 καὶ
1909 4546 2116 4619 Κύριον
2152 4549 2310 4620 ἡμῶν
2353 4550 2495 4604 κατὰ
2542 4552 2632 4607 τόν
2681 4555 2878 4610 οἰκεῖον
2954 4560 3146 4631 καιρὸν
3193 4555 3519 4632 προαπεδείι

251 4643 324 4710 ξα
332 4660 455 4714 μεν.

341 4760 478 4816 Ἀπὸ
517 4763 763 4833 ψαλμοῦ
793 4760 868 4828 εζ
881 4761 912 4816 ’.
941 4763 1079 4832 Περὶ
1114 4761 1223 4832 τῆς
1251 4764 1368 4818 τῶν
1393 4759 1756 4819 ἀποστόλων

2001 4757 2159 4831 44],
2193 4758 2237 4812 Α
2260 4759 2466 4829 psalmo
2488 4771 2655 4816 vatt.
2696 4793 2769 4804 —
2793 4763 2871 4818 De
2901 4766 3264 4833 apostolorum
3293 4777 3452 4823 νοω-ι

907 4833 1204 4903 κλήσεως.
1569 4857 1582 4876 ι

335 4962 354 4993 ι
405 4941 817 5015 Ἐθεωρήθησαν
864 4949 918 5000 αἱ
954 4948 1168 5019 πορεῖαί
1207 4965 1299 5000 σου
1325 4987 1341 5013 ,
1377 4951 1405 5003 ό
1447 4941 1580 5014 Θεὸς
1603 4989 1618 5016 ,
1655 4951 1710 5004 αἱ
1747 4970 1844 5006 πο-

257 5039 407 5108 ρεῖαι
457 5035 550 5088 τοῦ
591 5036 726 5090 Θεοῦ
764 5055 864 5109 μου
895 5037 989 5092 τοῦ
1031 5038 1313 5108 βασιλέως,
1348 5031 1442 5094 τοῦ
1485 5041 1542 5094 ἐν
1575 5041 1653 5113 τῷ
1678 5043 1838 5114 ἁγίῳ.

253 5124 620 5197 Προέφθασαν
659 5129 916 5200 ἄρχοντες
957 5131 1202 5203 ἐχόμενοι
1241 5131 1568 5203 ψαλλόντων,
1595 5134 1653 5186 ἐν
1689 5134 1842 5208 μέσῳ

255 5217 516 5270 νεανίδων
559 5222 1024 5294 τυμπανιστριῶν.
1062 5225 1148 5278 Ἐν
1183 5219 1502 5295 ἐκκλησίαις
1568 5225 1842 5295 εὐλογεῖτε

253 5309 353 5362 τὸν
388 5308 517 5361 Θεὸν
544 5310 746 5384 Κύριον
777 5306 842 5367 ἐκ
877 5307 1064 5385 πηγῶν
1115 5317 1352 5388 Ἰσραήλ.
1402 5311 1547 5368 Ἐκεῖ
1580 5317 1838 5389 Βενιαμὶν

255 5400 524 5474 νεώτερος
565 5405 622 5457 ἐν
663 5405 949 5472 ἐκστάσει,
1000 5409 1256 5480 ἄρχοντες
1316 5409 1520 5476 Ἰούδα,
1575 5405 1839 5482 ἡγεμόνες

256 5489 440 5546 αὐτῶν
461 5533 476 5556 ,
526 5489 782 5564 ἄρχοντες
827 5495 1129 5562 Ζαϐουλὼν,
1159 5497 1415 5571 ἄρχοντες
1441 5499 1775 5570 Νεφθαλείμ.
1817 5520 1832 5551 ι

261 5576 556 5636 Κάνταῦθα
579 5587 704 5650 τοὺς
729 5583 1087 5658 δηλουμένους
1111 5587 1376 5659 ἄρχοντας
1399 5583 1717 5658 Νεφθαλείμ
1740 5581 1838 5643 οὐκ

333 5763 382 5796 ⁸³
417 5762 572 5820 Joan.
609 5783 692 5833 iv,
725 5768 813 5823 5'3.
891 5771 934 5801 ⁸³
975 5767 1076 5823 lsa.
1109 5785 1253 5835 xvu,
1290 5770 1340 5825 5.

2652 4833 2812 4888 tione.

2022 4962 2042 4998 ι
2073 4944 2207 5002 Visa
2266 4949 2394 5002 sunt.
2433 4946 2630 5004 itinera
2660 4955 2779 5016 tua,
2835 4943 2998 5016 Deus,
3037 4951 3235 5008 itinera
3269 4949 3368 5010 Dei
3415 4955 3523 5014 mei

1940 5038 2106 5110 regis,
2128 5038 2223 5110 qui
2249 5047 2332 5095 est
2351 5039 2402 5093 in
2426 5047 2640 5096 sancto.
2659 5030 3051 5098 Praevenerunt
3085 5045 3362 5117 principes
3384 5063 3523 5104 con-

1941 5129 2118 5200 juncti
2137 5130 2496 5200 psallentibus
2526 5131 2582 5187 in
2601 5133 2782 5189 medio
2809 5133 3345 5194 adolescentularum
3380 5149 3523 5212 tym-

1946 5217 2358 5288 panistriarum.
2403 5220 2464 5274 In
2519 5223 2772 5280 ecclesiis
2813 5223 3122 5281 benedicite
3151 5217 3260 5284 Deo
3291 5228 3524 5288 Domino

1945 5310 2015 5366 de
2046 5311 2286 5367 fantibus
2319 5311 2507 5368 Israel.
2548 5311 2666 5369 Illic
2695 5310 2978 5386 Benjamin
3008 5313 3196 5389 junior
3225 5322 3281 5377 in
3325 5325 3525 5382 mentis

1946 5419 2200 5468 excessu,
2232 5404 2509 5475 principes
2553 5399 2715 5472 Juda,
2747 5409 2916 5466 duces
2939 5410 3206 5482 ipsorum,
3252 5417 3527 5490 principes

1948 5497 2214 5564 Zabulon,
2243 5501 2517 5571 principes
2555 5499 2898 5572 Nephthalim
2931 5505 2998 5562 “'.
3030 5526 3048 5560 ι
3088 5505 3202 5563 Hoc
3221 5526 3438 5583 quoque
3469 5515 3526 5570 in

1947 5590 2070 5646 loco
2103 5596 2198 5650 eos
2245 5593 2340 5666 qui
2385 5592 2650 5652 dicuntur
2703 5598 2980 5672 principes
3011 5600 3361 5674 Nephthabm
3414 5618 3526 5664 non

1446 5773 1492 5804 “‘
1530 5771 1674 5830 Psal.
1707 5788 1848 5830 uvu
1869 5814 1885 5840 ,
1918 5774 2111 5832 2538.
