3868 6192
589 277 698 335 ϐϐἿ

1258 271 1524 327 EUSEBII
1558 272 2037 329 CAESARIENSIS
2075 274 2224 332 OI’P.
2262 275 2442 331 PARS
2470 275 2533 332 ll.
2576 305 2644 316 —
2671 277 3147 338 APOLOGETICA
3176 320 3184 337 .
3651 299 3734 357 633

510 410 530 417 ‘
581 397 722 453 alios
749 412 871 454 esse
901 409 1106 450 censeo
1145 408 1309 464 quam
1344 395 1620 465 apostolos
1649 415 1662 452 :
1708 397 1834 452 inde
1870 397 2015 452 enim
2050 413 2123 453 eo:

2247 400 2439 465 ἄλλους
2476 399 2718 473 ἡγοῦμαι
2752 402 2860 456 τῶν
2895 404 3203 458 ἀποστόλων
3247 407 3534 478 τυγχάνεινο
3567 414 3734 473 ἐνθένδε

583 487 833 543 Salvator
862 501 926 540 ac
955 484 1218 541 Dominus
1267 493 1458 543 noster
1505 487 1687 559 elegit,
1711 496 1771 543 ut
1817 503 1848 542 a
1901 487 2153 545 Matthaeo

580 581 839 650 scriptum
873 586 978 633 est.
1020 577 1330 649 lngressum
1366 595 1494 636 vero
1540 581 1607 634 ad
1653 581 1924 646 homines,
1949 581 2151 638 adven-

578 680 801 739 tumque
833 666 927 722 Dei
945 665 1108 722 Verbi
1141 684 1265 723 cum
1286 685 1536 740 corpore,
1562 669 1690 724 dum
1723 670 1873 724 canit
1903 670 2149 740 Scriptu-

574 778 658 827 ra,
694 761 774 816 sic
804 759 881 814 ait
910 781 923 814 :
964 777 984 811 ι
1033 759 1159 815 Visa
1190 767 1318 815 sunt
1347 761 1542 817 itinera
1575 769 1684 825 tua,
1711 760 1876 826 Deus,
1909 782 1928 814 ι
1963 770 2016 818 et
2043 778 2148 818 cae-

575 863 713 907 tera.
744 850 986 921 Hujusce
1011 866 1175 922 porro
1209 851 1474 908 adventus
1509 868 1634 907 cum
1655 855 1813 924 quasi
1840 870 2148 924 prazcurso-

573 962 664 1001 res
694 945 894 1000 fuerint
930 951 1138 1000 veteres
1173 943 1283 1000 Deo
1313 944 1472 999 amici
1513 945 1808 1017 prophetae,
1843 944 1909 1000 ad
1945 946 2147 1017 psalte—

573 1036 716 1088 rium
751 1043 804 1089 et
834 1034 900 1088 ad
931 1034 1111 1089 omnis
1137 1035 1353 1104 generis
1385 1036 1652 1105 spiratilia
1691 1037 2055 1093 instrumenta
2078 1037 2146 1092 il-

571 1128 683 1183 lum
719 1129 773 1182 in
802 1127 986 1183 choris
1015 1128 1394 1198 praedicantes,
1419 1136 1473 1183 et
1503 1129 1768 1202 laudibus,
1799 1130 2142 1188 celebrantes

572 1229 991 1283 antevenerunt,
1039 1221 1090 1273 in
1144 1219 1323 1274 medio
1350 1218 1875 1276 adolescentularum
1923 1230 2140 1292 tympa-

571 1313 908 1368 nistriarum.
981 1309 1194 1381 Ubique
1248 1312 1393 1366 enim
1449 1312 1504 1366 in
1568 1312 1777 1368 medios
1824 1310 2136 1367 Iudaeorum

567 1411 868 1461 conventus
895 1404 1170 1476 progressi
1215 1402 1384 1458 divini
1420 1405 1714 1475 prophetae,
1744 1405 1949 1463 Christi
1984 1415 2138 1463 tanto

568 1507 695 1554 ante
725 1497 1125 1554 denuntiabant
1156 1498 1447 1553 adventum
1477 1518 1489 1554 :
1521 1501 1649 1569 quin
1679 1501 1840 1556 etiam
1869 1501 2030 1557 iidem
2051 1502 2137 1557 di~

566 1592 695 1646 vino
725 1590 922 1662 spiritu
953 1590 1118 1646 amati
1151 1589 1452 1647 Salvatoris
1506 1593 1682 1648 nostri
1727 1593 2025 1664 discipulos
2055 1594 2136 1648 al-

2253 492 2361 563 γὰρ
2386 493 2582 558 αὐτοὺς
2617 495 2646 546 ὁ
2671 494 2862 566 Σωτὴρ
2902 495 2996 547 καὶ
3026 493 3228 566 Κύριος
3265 497 3407 568 ἡμῶν
3429 501 3734 572 ἀναλέλεκται,

2252 580 2393 635 κατά
2415 578 2510 651 τὴν
2534 581 2810 636 Ματθαίου
2838 583 3154 654 παράθεσιν.
3184 585 3290 654 Τὴν
3314 587 3388 650 είς
3410 589 3676 661 ἀνθρώπους
3696 597 3734 652 δὲ

2251 674 2476 746 πορείαν
2503 675 2597 729 καὶ⁷
2622 676 2719 746 τὴν
2746 675 3009 748 ἔνσαρκον
3034 677 3318 747 ὲπιδημίαν
3347 679 3430 732 τοῦ
3463 681 3578 736 Θεοῦ
3600 687 3734 755 Λόγου

2249 766 2582 831 θεσπίζουσα
2617 769 2650 838 ἡ
2694 767 2882 840 Γραφή
2924 784 3106 838 φησιν,
3141 785 3158 819 ι
3199 767 3574 843 Ἐθεωρήθησαν
3595 777 3639 828 αἱ
3661 795 3734 830 πο·

2248 860 2387 932 ρεῖαί
2429 876 2520 914 σου
2547 861 2575 913 ό
2601 860 2732 924 Θεὸς
2752 901 2766 924 ,
2803 880 2821 911 ι
2851 860 2946 914 καὶ
2985 860 3054 915 τὰ
3079 861 3222 933 ἑξῆς.
3254 863 3453 934 Ταύτης
3477 865 3526 917 δὲ
3545 866 3627 936 τῆς
3648 869 3734 922 ἐπι-

2246 947 2472 1017 φανείας
2511 949 2710 1002 ὡσανεὶ
2737 948 3030 1022 πρόδρομοι
3063 952 3333 1020 γεγονότες
3355 955 3400 1006 ol
3429 954 3575 1008 πάλαι
3595 955 3734 1027 θεοφι-

2243 1040 2352 1104 λεῖς
2379 1040 2670 1111 προφῆται,
2688 1039 2775 1094 διὰ
2797 1041 3094 1114 ψαλτηρίου
3119 1043 3212 1096 καὶ
3235 1043 3399 1114 χορῶν
3419 1046 3502 1098 καὶ
3523 1047 3734 1101 παντοίων

2243 1133 2628 1201 πνευματικῶν
2651 1134 2896 1206 ὀργάνων
2923 1135 3295 1207 κηρύττοντες,
3324 1137 3410 1190 καὶ
3437 1137 3734 1208 ἀνυμνοῦντες

2241 1223 2588 1294 προέφθασαν
2623 1226 2680 1278 έν
2709 1226 2856 1298 μέσῳ
2891 1227 3144 1282 νεανίδων
3170 1229 3594 1299 τυμπανιστριῶν.
3625 1231 3734 1284 Πάν-

2237 1330 2345 1377 τως
2370 1314 2476 1386 γάρ
2501 1331 2603 1368 που
2629 1315 2736 1369 τῶν
2763 1316 2826 1369 ὲκ
2848 1316 3147 1388 περιτομῆς
3186 1319 3489 1387 συναγωγῶν
3513 1322 3581 1384 εἰς
3611 1322 3734 1391 μέσον

2238 1406 2522 1478 παριόντες
2574 1409 2622 1462 οἱ
2671 1408 2800 1462 θεῖοι
2839 1409 3113 1480 προφῆται
3155 1409 3252 1479 τὴν
3279 1410 3368 1464 τοῦ
3403 1412 3611 1484 Χριστοῦ
3633 1431 3734 1486 προ-

2237 1497 2601 1570 κατήγγελλον
2645 1497 2857 1568 ἄφιξιν·
2917 1501 2965 1554 οί
3001 1500 3056 1554 δὲ
3091 1500 3244 1554 αὐτοὶ
3265 1502 3339 1574 τῷ
3373 1502 3492 1574 θείῳ
3523 1504 3734 1576 πνεύματι

2233 1593 2347 1655 τοῖς
2384 1590 2478 1644 τοῦ
2521 1592 2772 1664 Σωτῆρος
2815 1591 2968 1663 ἡμῶν
3006 1593 3318 1659 ἀποστόλοις
3344 1595 3650 1666 προεφώνουν
3678 1599 3734 1652 λέ-

566 1684 929 1756 loquebantur
957 1684 1202 1740 dicentes
1230 1702 1244 1740 :
1277 1703 1294 1736 ι
1330 1683 1387 1738 In
1413 1683 1673 1740 Ecclesiis
1699 1683 2004 1741 benedieite
2025 1684 2123 1741 Dee

2232 1701 2422 1754 γοντες
2439 1701 2452 1714 ο
2488 1704 2506 1736 ι
2548 1685 2634 1739 Ἐν
2672 1684 3018 1755 Ἐκκλησίαις
3041 1685 3309 1756 εὐλογεῖτε
3330 1687 3416 1742 τὸν
3438 1687 3555 1742 Θεὸν
3576 1690 3733 1762 Κύριον

564 1776 793 1832 Domino
837 1776 904 1832 de
931 1775 1173 1831 fontibus
1226 1775 1414 1832 Israel.
1448 1795 1466 1828 ι
1509 1775 1710 1831 Fontes
1752 1783 1930 1832 autem
1968 1778 2123 1834 Israel

2232 1753 2296 1830 έκ
2342 1777 2532 1848 πηγῶν
2571 1777 2808 1849 Ἰσραήλ.
2909 1778 3086 1850 Πηγαὶ
3119 1753 3188 1832 δὲ⁷
3220 1779 3426 1851 ἰσραηλ
3456 1782 3500 1832 οἱ
3531 1753 3658 1849 λόγοι
3683 1781 3729 1835 ἂν

563 1869 728 1925 verba
763 1868 987 1927 fuerint.
1021 1883 1142 1938 qua:
1170 1868 1270 1939 ipsi
1310 1867 1472 1924 Israel
1504 1869 1703 1922 tradita
1736 1879 1864 1924 sunt
1897 1889 1908 1923 :
1939 1870 2132 1940 primis

561 1963 706 2019 enim
742 1963 852 2020 illis
905 1962 1110 2018 credita
1143 1974 1270 2019 sunt
1299 1963 1389 2020 Dei
1412 1965 1654 2024 oracula.
1683 1963 1826 2019 unde
1857 1979 1956 2019 nos
1995 1980 2133 2035 quo-

561 2071 667 2126 que
696 2055 1014 2110 haurientes
1042 2054 1251 2111 Christi
1276 2053 1550 2111 Ecclesias
1578 2055 1808 2124 irrigare
1837 2056 2128 2128 oportebit.

559 2147 1015 2204 Adolescentulas
1038 2158 1220 2203 autem
1249 2155 1304 2203 et
1349 2146 1761 2220 tympanistrias
1794 2147 1951 2213 dixit,
1979 2155 2037 2203 ut
2069 2163 2130 2206 eo

559 2242 724 2298 modo
748 2243 960 2298 animas
983 2243 1110 2297 olim
1144 2243 1308 2298 vitam
1347 2257 1502 2298 suam
1532 2242 1598 2298 ad
1631 2241 1796 2299 Mosis
1826 2243 1996 2315 legem
2043 2243 2129 2299 di-

560 2337 819 2406 rigentes,
841 2342 895 2390 et
925 2336 1220 2392 secundum
1274 2351 1475 2408 corpus
1526 2336 1816 2406 plurimum
1872 2336 2128 2409 degentes

559 2429 914 2500 signiﬁcaret,
949 2427 1037 2482 ubi
1067 2426 1197 2482 dum
1228 2427 1665 2484 adolescentulas
1691 2427 1909 2498 quidem
1940 2437 2121 2492 vocat,

557 2534 745 2574 earum
770 2518 962 2573 rudius
985 2528 1144 2588 atque
1176 2515 1548 2588 imperfectius
1587 2517 1924 2588 propositum
1951 2525 2123 2581 notat,

556 2610 685 2665 dum
743 2618 922 2664 autem
977 2608 1407 2679 tympanistrias,
1455 2609 1768 2664 earumdem
1825 2609 2125 2678 corporalis

556 2702 894 2758 adorationis
928 2716 1084 2756 usum
1117 2700 1345 2772 intelligi
1373 2702 1510 2757 vult.

555 2815 717 2888 ωε
752 2816 824 2868 Ab
850 2814 1018 2868 Isaia.
1041 2843 1108 2851 —
1138 2812 1212 2888 De
1231 2815 1532 2881 prophetica
1555 2814 1792 2888 lectione,
1820 2830 1978 2884 quam
2010 2815 2123 2888 ipse

625 2884 883 2940 Dominus
937 2893 1114 2938 noster
1167 2885 1224 2937 in
1281 2893 1532 2939 conventu
1598 2884 1911 2940 Iudaeorum
1973 2885 2125 2940 exhi-

625 2956 756 3012 buit.

628 3086 648 3118 ‹
686 3065 924 3156 Spiritus
955 3065 1167 3122 Domini
1202 3083 1368 3137 super
1398 3082 1505 3130 me,
1541 3077 1763 3140 propter
1788 3071 1934 3142 quod
1967 3072 2120 3128 unxit
2145 3098 2187 3156 ο

552 3171 659 3212 me.
722 3155 1107 3228 Evangelizare
1158 3156 1491 3228 pauperibus
1546 3159 1694 3214 misit
1754 3175 1862 3227 me,
1923 3176 2119 3218 sanare

550 3248 816 3305 contritos
837 3248 1022 3312 corde,
1057 3248 1353 3317 praedicare
1374 3249 1604 3320 captivis
1628 3250 2028 3317 remissionem,
2064 3261 2120 3308 et

551 3341 711 3398 caecis
743 3340 942 3404 visum,
968 3353 1163 3394 vocare
1203 3353 1403 3394 annum
1457 3339 1670 3394 Domini
1719 3351 2024 3413 acceptum,
2064 3350 2120 3399 et

550 3434 694 3490 diem
719 3431 1098 3488 retributionis
1128 3430 1193 3510 ”.
1236 3450 1254 3482 ι
1279 3428 1392 3486 Iloc
1419 3446 1637 3502 quoque
1660 3433 1972 3487 vaticinium
2003 3434 2117 3504 ipse

551 3524 814 3580 Dominus
846 3529 1032 3576 noster
1065 3522 1119 3576 in
1171 3522 1359 3592 seipso
1402 3523 1732 3592 completum
1765 3539 1889 3580 esse
1917 3524 2117 3580 contir-

551 3622 684 3679 mat,
720 3627 829 3682 quo
883 3620 1124 3682 tempore
1153 3626 1278 3666 cum
1326 3612 1564 3666 venisset
1599 3611 1655 3665 in
1685 3610 1975 3678 Nazareth,
2023 3615 2116 3670 ubi

549 3705 727 3758 fuerat
758 3703 1044 3763 educatus.
1071 3701 1354 3771 ingressus
1384 3711 1488 3767 est,
1519 3709 1580 3756 ut
1612 3701 1845 3768 solebat,
1877 3703 2114 3774 quodam

551 3801 910 3857 Sabbatorum
958 3799 1048 3856 die
1082 3814 1136 3853 in
1167 3805 1522 3862 conventum,
1559 3798 1830 3870 siquidem
1855 3806 2111 3869 surgent;

548 3894 627 3948 illi
662 3899 946 3964 porrectus
976 3898 1059 3946 est
1086 3890 1226 3946 liber
1253 3887 1406 3944 Isaia:
1465 3887 1766 3958 prophetae,
1794 3904 1956 3959 quem
1986 3905 2112 3945 cum

546 3987 861 4048 evolvisset,
902 3984 1030 4055 legit
1058 3982 1191 4036 illud
1241 3982 1385 4053 quod
1443 3981 1498 4036 in
1550 3997 1614 4038 eo
1665 3981 1928 4052 scriptum
1975 3990 2108 4038 est:

551 4097 570 4129 ι
610 4075 848 4145 Spiritus
905 4072 1120 4128 Domini
1169 4087 1333 4142 super
1362 4087 1466 4138 me,
1501 4079 1724 4142 propter
1756 4071 1900 4141 quod
1957 4073 2112 4126 unxit

548 4182 654 4222 me.
688 4164 1072 4236 Evangelizare
1103 4162 1438 4234 pauperibus
1468 4162 1618 4218 misit
1673 4178 1782 4228 me,
1814 4163 2110 4233 praedicare

545 4259 776 4328 captivis
825 4255 1226 4320 remissionem,
1273 4261 1326 4310 et
1379 4255 1542 4312 caecis
1606 4255 1808 4321 visum,
1839 4253 2110 4312 dimittere

545 4349 856 4405 contractos
881 4349 934 4402 in
961 4349 1340 4404 remissionem
1377 4367 1391 4403 :
1432 4362 1631 4403 vocare
1660 4361 1863 4402 annum
1896 4346 2108 4402 Domini

2231 1867 2358 1934 εἷεν,
2393 1871 2442 1922 οί
2466 1868 2544 1941 τῷ
2578 1869 2794 1942 Ἰσραὴλ
2835 1871 3282 1943 παραδεδομένοι·
3309 1871 3497 1944 πρῶτοι
3519 1873 3610 1943 γὰρ
3639 1875 3731 1926 ἐπι-

2232 1960 2531 2032 στεύθησαν
2573 1961 2642 2015 τά
2674 1961 2828 2031 λόγια
2863 1963 2958 2016 τοῦ
3001 1963 3167 2029 Θεοῦ,
3199 1964 3314 2018 ὅθεν
3351 1963 3637 2030 ἀντλοῦντας
3663 1967 3734 2020 καὶ

2227 2055 2376 2125 ἡμᾶς
2406 2052 2650 2126 ἀρδεύειν
2693 2055 2873 2127 δεήσει
2907 2054 3005 2120 τάς
3042 2055 3364 2128 Ἐκκλησίας
3396 2056 3482 2110 τοῦ
3523 2057 3730 2130 Χριστοῦ.

2228 2146 2494 2210 Νεάνιδας
2518 2146 2576 2200 δὲ
2601 2147 2694 2200 καὶ
2716 2148 3151 2219 τυμπανιστρίας
3171 2148 3267 2214 τὰς
3296 2149 3452 2204 πάλαι
3477 2148 3733 2220 σωματικῶ-

2227 2253 2384 2308 τερον
2443 2235 2586 2290 κατά
2650 2236 2743 2290 τὸν
2784 2238 3062 2303 Μωῦσέως
3120 2240 3282 2312 νόμον
3355 2240 3554 2312 βιούσας
3599 2240 3732 2310 ψυχὰς

2226 2327 2476 2398 ⁴ᾐνίξατο,
2507 2326 2596 2382 διὰ
2636 2328 2736 2399 μὲν
2767 2327 2830 2381 τὸ
2864 2327 3128 2401 νεώτερον
3163 2331 3256 2384 καὶ
3278 2330 3456 2394 an»;
3476 2330 3558 2385 τοῦ
3580 2330 3732 2402 φρονήο

2229 2439 2397 2493 ματος
2421 2421 2665 2486 νεάνιδας
2687 2462 2702 2486 ,
2737 2421 2823 2477 διὰ
2856 2421 2910 2476 δὲ
2935 2422 2995 2476 τὸ
3021 2424 3152 2495 περὶ
3201 2423 3501 2496 σωματικὴν
3531 2421 3730 2492 κατατρί-

2226 2513 2414 2569 ϐεσθαι
2445 2514 2737 2586 θρησκείαν
2762 2516 3198 2588 τυμπανιστρίας
3235 2515 3398 2580 αὐτὰς
3433 2514 3726 2576 ἀποκαλέσας.

2239 2804 2364 2856 Ἀπὸ
2397 2802 2503 2856 τοῦ
2559 2803 2819 2860 Ἡσαΐου.
2843 2835 2910 2845 -
2933 2802 3073 2871 Περὶ
3121 2801 3229 2870 τῆς
3267 2797 3605 2871 προφητικῆς
3623 2797 3726 2871 ἀνῖαῖ

2289 2871 2586 2944 γνώσεως,
2609 2874 2688 2941 ἢν
2715 2874 2897 2944 αὐτὸς
2930 2877 2962 2928 ὀ
2995 2865 3217 2944 Κύριος
3241 2865 3402 2941 mia-
3429 2865 3725 2939 διῆλθενέπὶ

2291 2941 2400 3012 τῆς
2424 2942 2778 3014 συναγωγῆς
2809 2941 2926 2998 τῶν
2959 2943 3278 2998 Ἰουδαίων.

2297 3075 2316 3110 ι
2348 3057 2574 3129 Πνεῦμα
2620 3058 2824 3130 Κυρίου
2866 3058 2951 3110 ἐπ’
2991 3056 3115 3128 ἐμὲ,
3146 3048 3206 3110 οὗ
3252 3055 3447 3108 εἵνεκεν
3478 3049 3631 3124 ἐχρισέ
3658 3063 3720 3119 με.

2220 3149 2685 3220 Εὐαγγελίσασθαι
2732 3150 2970 3221 πτωχοῖς
3015 3147 3329 3203 ἁπέσταλκέ
3381 3162 3476 3218 με,
3527 3139 3720 3197 ἰάσασθαι

2217 3246 2344 3312 τοὺς
2372 3245 2858 3318 συντετριμμένους
2883 3245 2982 3320 τὴν
3016 3244 3268 3316 καρδίαν,
3304 3243 3397 3297 καὶ
3421 3239 3621 3314 κηρύξαι
3636 3236 3721 3305 nix-

2221 3335 2486 3411 μαλώτοις
2530 3339 2722 3408 ἄφεσιν
2747 3377 2761 3400 ,
2808 3339 2903 3393 καὶ
2949 3339 3172 3408 τυφλοῖς
3207 3337 3504 3407 ἀνάϐλεψιν,
3552 3332 3720 3388 καλέσαι

2222 3430 2462 3485 ἐνιαυτὸν
2486 3429 2688 3503 Κυρίου
2717 3429 2924 3497 δεκτὸν,
2951 3431 3043 3484 καὶ
3071 3431 3285 3503 ἡμέραν
3310 3428 3675 3486 ἀνταποδόσεως.
3701 3439 3714 3471 ι

2216 3523 2326 3577 Καὶ
2355 3521 2555 3594 ταύτην
2581 3521 2741 3586 αὐτὸς
2765 3524 2793 3576 ὁ
2825 3523 3028 3594 Κύριος
3053 3523 3212 3594 ἡμῶν
3245 3521 3341 3594 τὴν
3376 3520 3638 3592 πρόρρησιν
3661 3514 3718 3574 είς

2216 3614 2404 3670 ἑαυτὸν
2444 3613 2696 3686 ὁμολογεῖ
2733 3613 3154 3686 πεπληρῶσθαι,
3209 3615 3297 3668 ὅτε
3317 3654 3332 3675 .
3368 3610 3521 3666 ἐλθὼν
3555 3608 3620 3669 είς
3649 3602 3717 3672 τὴν

2213 3705 2494 3781 Ναζαρὲθ,
2522 3701 2582 3762 οὗ
2606 3701 2674 3778 ἦν
2713 3705 3195 3778 ἀνατεθραμμένος
3215 3746 3230 3768 ,
3259 3701 3518 3775 εἰσῆλθεν,
3547 3695 3657 3752 κατὰ
3675 3691 3718 3744 τὸ

2213 3797 2400 3862 εἰωθὸς
2419 3797 2586 3869 αὐτῷ,
2610 3797 2667 3851 ἐν
2691 3801 2757 3870 τῇ
2781 3799 2966 3871 ἡμέρᾳ
2986 3797 3094 3850 τῶν
3120 3798 3407 3852 Σαϐϐάτων
3427 3797 3500 3859 είς
3521 3792 3600 3862 τὴν
3625 3802 3715 3839 συν-

2212 3889 2458 3959 αγωγήν·
2489 3889 2779 3942 ἀναστάντι
2810 3889 2867 3942 δὲ
2888 3887 3036 3959 αὐτῷ
3064 3887 3294 3958 ἐπεδόθη
3333 3884 3538 3944 Ἡσαΐας
3565 3881 3590 3932 ό
3619 3890 3715 3946 πρίν

2213 3983 2388 4053 φήτης
2407 4020 2421 4044 ,
2447 3973 2508 4034 οὗ
2548 3982 2642 4035 καὶ
2671 3980 2981 4046 ἀναπτύξας
3001 3981 3100 4052 τὴν
3129 3979 3310 4050 βίϐλον
3332 4018 3346 4041 ,
3373 3975 3560 4043 ἀνέγνω
3578 3968 3626 4022 τδ
3645 3968 3712 4032 ἐτ’

2210 4073 2588 4144 γεγραμμένον
2607 4090 2620 4102 ⁸
2652 4092 2669 4125 ι
2715 4072 2938 4143 Πνεῦμα
2967 4073 3172 4144 Κυρίου
3199 4073 3284 4127 ἐπ’
3320 4071 3445 4142 ἐμὲ,
3477 4061 3531 4120 οὗ
3556 4065 3712 4118 εἵνεκεν

2210 4163 2393 4236 ἔχρισέ
2436 4181 2522 4235 με.
2565 4164 3031 4234 Εὐαγγελίσασθαι
3064 4167 3300 4234 πτωχοῖς
3339 4156 3611 4217 ἀπέσταλκὲ
3647 4166 3710 4222 με,

2210 4258 2441 4330 κηρύξαι
2468 4257 2829 4329 αἰχμαλώτοις
2854 4257 3045 4328 ἄφεσιν
3064 4297 3078 4320 ,
3106 4259 3202 4311 καὶ
3225 4257 3437 4326 τυφλοῖς
3459 4244 3708 4312 ἀνάϐλεψιν,

2209 4350 2524 4404 ἀποστεῖλαι.
2547 4349 2977 4420 τεθραυσμένους
3009 4349 3066 4402 ἐν
3094 4349 3320 4418 ἀφέσει,
3356 4344 3557 4400 καλέσαι
3580 4339 3710 4390 ἐνιαυο

544 4448 852 4511 acceptum.
889 4438 954 4493 Et
1002 4454 1125 4493 cum
1186 4439 1468 4510 plicuisset
1501 4439 1722 4504 librum,
1752 4439 2106 4496 reddidisset-

2223 4440 2298 4494 τὸν
2324 4439 2526 4512 Κυρίου
2550 4440 2754 4495 δεκτόν.
2797 4440 2906 4493 Καὶ
2943 4438 3150 4506 πτύξας
3187 4440 3248 4492 τὸ
3285 4437 3475 4508 βιϐλίον
3499 4471 3512 4497 ,
3533 4424 3709 4484 ἀποδοὺς

537 4549 650 4606 que
674 4531 946 4595 ministro,
980 4537 1094 4584 tum
1121 4532 1263 4586 sedit
1296 4550 1311 4590 :
1342 4539 1397 4586 et
1435 4531 1678 4585 omnium
1715 4531 1858 4585 oculi
1888 4531 1944 4586 in
1973 4547 2106 4588 con-

542 4639 707 4686 ventu
728 4634 884 4684 erant
907 4626 1100 4682 intenti
1133 4627 1187 4681 in
1236 4626 1408 4682 illum.
1462 4625 1648 4697 Itaque
1677 4627 1843 4696 coepit
1885 4627 1951 4682 ad
1983 4629 2106 4685 illos

542 4721 746 4784 dicere,
775 4718 918 4790 quod
973 4718 1068 4773 illo
1096 4718 1184 4773 die
1224 4719 1486 4788 completa
1515 4725 1660 4774 esset
1710 4718 1982 4790 scriptura
2017 4720 2106 4774 illa

545 4815 601 4868 in
633 4814 856 4870 auribus
880 4811 1182 4867 illorum“.
1215 4830 1232 4863 ι
1272 4809 1411 4882 Ergo
1455 4808 1705 4865 Salvator
1749 4827 1812 4865 ac
1841 4810 2105 4868 Dominus

544 4914 730 4963 noster
754 4923 818 4962 ex
850 4907 953 4960 hac
988 4905 1150 4976 plane
1188 4903 1455 4975 scriptura
1503 4903 1719 4960 videtur
1748 4904 1906 4976 longe
1927 4907 2109 4961 excel-

541 4999 740 5056 lentius
767 5014 829 5054 ac
859 4999 1053 5054 melius
1084 5013 1242 5068 quam
1267 4997 1342 5051 illi
1371 4996 1682 5052 sacerdotes
1711 4998 1803 5068 qui
1827 4998 1956 5052 olim
1992 5013 2108 5054 cor.

540 5089 712 5162 porali
761 5090 1019 5144 unctione
1067 5087 1427 5158 ungehantur,
1461 5101 1569 5140 non
1619 5087 1740 5142 oleo
1787 5097 2106 5157 comparato

540 5197 716 5253 neque
762 5181 830 5235 ab
872 5181 1208 5245 hominibus,
1243 5187 1299 5234 ut
1322 5177 1412 5232 alii
1444 5177 1712 5241 solebant,
1743 5177 1837 5233 sed
1889 5179 2096 5244 divino,

539 5275 644 5330 hoc
674 5283 780 5339 est,
816 5272 908 5330 Dei
937 5271 1227 5342 Patrisque
1281 5271 1365 5326 sui
1409 5271 1614 5342 Spiritu
1647 5278 1845 5326 unctus
1878 5289 1894 5326 :
1927 5287 1958 5326 a
1990 5288 2099 5343 quo

538 5365 701 5419 etiam
737 5365 858 5432 ejus
901 5364 1204 5419 divinitatis
1233 5378 1354 5434 qua:
1390 5363 1528 5417 facta
1563 5378 1672 5416 non
1731 5374 1836 5426 cst,
1875 5379 2099 5435 compos

538 5455 762 5510 ell'ectus
796 5455 937 5513 Deus
968 5473 1032 5511 ac
1064 5455 1332 5510 Dominus
1363 5455 1418 5508 in
1449 5453 1624 5510 sacris
1665 5453 1844 5508 dictus
1897 5465 1982 5511 est
2009 5454 2100 5509 Li-

538 5547 673 5604 bris.
727 5547 862 5604 lluic
891 5550 1188 5620 prophetiae
1235 5564 1349 5620 qua:
1379 5562 1525 5602 nunc
1579 5553 1844 5601 tractatur
1898 5546 2099 5602 similia

609 5729 652 5761 ⁸⁸
690 5725 794 5783 lsa.
835 5743 943 5796 ut,
981 5729 1028 5783 I.
1107 5730 1150 5761 “
1192 5729 1322 5784 Luc.
1363 5746 1447 5798 iv,
1485 5727 1668 5784 18-21.

2208 4533 2286 4607 τῷ
2315 4533 2583 4607 ὑπηρέτῃ,
2618 4532 2855 4588 ἐκάθισε.
2883 4535 2994 4588 Καὶ
3028 4534 3242 4589 πάντων
3265 4534 3313 4585 οἱ
3335 4522 3577 4600 ὀφθαλμοὶ
3598 4521 3642 4570 ἐν

2213 4604 2498 4698 συναγωγῇ
2534 4604 2683 4699 *ἦσαν
2736 4626 3068 4691 ἀτενίζοντες
3107 4624 3274 4697 αύτῷ.
3306 4621 3532 4694 Ἤρξατο
3559 4612 3604 4665 δὲ
3647 4604 3708 4699 λέα

2211 4733 2330 4785 γειν
2515 4691 2732 4780 αύτοὺς,
2761 4717 2863 4778 ὅτι,
2894 4717 3136 4788 Σήμερον
3161 4691 3540 4784 πετπλήρωταιή
3562 4691 3702 4788 Γραφῇ

2211 4783 2352 4880 αὕτη
2373 4783 2430 4862 ἐν
2467 4812 2584 4876 τοῖς
2623 4808 2756 4862 ὠσὶν
2798 4783 2988 4878 ὑμῶν.-
3014 4783 3058 4858 ι’
3084 4807 3140 4861 Ὁ
3178 4806 3280 4877 μὲν
3319 4783 3408 4856 οὖν
3452 4793 3612 4862 ﬁeri?
3638 4783 3703 4884 γξὶ

2205 4900 2409 4973 Κύριος
2431 4901 2586 4972 ἡμῶν
2606 4899 2692 4953 διά
2725 4900 2926 4970 ταύτης
2951 4898 3194 4968 φαίνεται
3226 4893 3407 4964 σαφῶς
3431 4890 3520 4959 τῆς
3536 4885 3703 4953 Γραφης

2205 4991 2564 5064 διαφερόντως
2591 4992 2684 5046 καὶ⁵
2717 4991 3032 5065 κρειττόνως
3059 4986 3208 5058 παρά
3242 4986 3356 5047 τοὺς
3389 4980 3538 5034 πάλαι
3560 4981 3702 5064 σωμξ’

2206 5083 2497 5155 τικὼτερον
2533 5083 2849 5156 χρωμένους
2891 5082 3103 5154 ἱερέας,
3142 5079 3242 5132 οὐκ
3276 5075 3430 5144 ἐλαίῳ
3460 5071 3698 5156 σκευασῖτξρι

2202 5179 2322 5232 οὐδὲ
2353 5150 2444 5232 ὑπ’
2478 5150 2800 5248 ἀνθρώπων,
2843 5150 3041 5245 ὁμοίως
3071 5174 3179 5235 τοῖς
3215 5169 3407 5232 ἀλλοις,
3449 5161 3551 5254 ἀλλ’
3575 5150 3699 5254 ξνθέῳ

2205 5269 2483 5341 ΙΙνεύματι
2514 5268 2678 5324 αὑτοῦ
2711 5267 2774 5338 δὴ
2805 5266 2898 5319 τοῦ
2925 5263 3060 5319 Θεοῦ
3103 5264 3196 5318 καὶ
3249 5258 3453 5329 Πατρὸς
3476 5253 3610 5307 αὐτοῦ
3631 5256 3698 5294 κε’

2203 5362 2493 5436 χρισμένος
2517 5379 2530 5392 ·
2563 5361 2690 5431 παρ’
2721 5353 2781 5414 οὗ
2813 5359 2905 5412 καὶ
2942 5359 3043 5430 τῆς
3071 5358 3359 5425 ἀγεννὴτου
3387 5347 3605 5436 θεότητος
3631 5347 3696 5402 με·

2201 5429 2418 5524 τάσχῶν
2438 5493 2453 5517 ,
2481 5452 2610 5517 Θεὸς
2644 5429 2734 5506 καὶ
2760 5451 2960 5522 Κύριος
3146 5447 3252 5501 τῶν
3291 5441 3442 5514 ἱερῶν
3465 5429 3697 5504 ἀνηγόρεψ

2203 5563 2291 5601 ται
2323 5545 2570 5619 Γραφῶν.
2615 5543 2942 5607 Ἀκολούθως
2979 5541 3032 5596 δὲ
3077 5542 3140 5611 τῇ
3179 5536 3312 5610 μετά
3335 5535 3505 5606 χεῖρας
3531 5530 3696 5592 προφη-
