3922 6200
267 287 368 345 629
1187 260 1842 346 DEMONSTRATIO'NIS
1878 288 2337 346 EVANGELICXE
2373 289 2504 346 LIB.
2545 290 2633 348 IX.
3406 292 3515 350 690

261 407 384 481 τεία
423 410 661 480 πτωχοῖς
709 401 1190 482 εὐαγγελιζόμενος
1250 411 1527 480 εἰσάγεται
1581 413 1730 485 παρά
1765 412 1829 483 τιξ

1946 413 2137 470 scribit
2168 413 2476 480 Mattbaeus,
2522 414 2614 469 ubi
2675 413 2823 470 illum
2878 429 3151 485 pauperes
3203 416 3511 485 evangelica

263 501 549 572 Ματθαίῳ,
584 503 672 555 ὅτε
714 521 732 554 ι
776 501 898 555 ίδῶν
929 502 1055 566 τοὺς
1083 502 1270 573 ὄχλους
1301 503 1466 575 ἀνέὅη
1502 505 1582 568 είς
1604 504 1666 557 τὸ
1683 504 1829 577 ὅρος

1949 506 2308 561 instruentem
2337 505 2566 570 inducit,
2597 521 2706 576 quo
2751 513 2994 577 tempore
3030 522 3049 556 ι
3084 505 3275 561 videns
3319 508 3509 562 turbas

265 594 358 647 καὶ
406 592 726 655 καθίσαντος
772 590 937 645 αὐτοῦ
962 631 977 656 ,
1029 591 1334 662 προσῆλθον
1387 591 1536 662 αὐτῷ
1561 593 1610 645 οἱ
1668 591 1829 664 μαθη·

1945 595 2198 652 ascendit
2224 597 2280 652 in
2320 602 2580 661 montem,
2615 604 2670 651 et
2717 611 2840 652 cum
2885 595 3136 659 sedisset.
3164 606 3510 655 accesserurt

263 685 352 739 ταὶ
403 683 590 747 αὐτοῦ,
627 683 718 737 καὶ
756 683 971 749 ἀνοίξας
1022 684 1083 738 τὸ
1126 684 1300 757 στόμα
1357 685 1520 739 αὐτοῦ
1566 684 1829 741 ἐδίδασκει

1945 689 2013 744 ad
2047 689 2196 744 illum
2224 689 2476 760 discnpuli
2517 690 2655 758 ejus.
2679 696 2734 744 et
2776 688 3026 760 aperiens
3049 706 3118 746 os
3141 705 3300 744 suum
3347 689 3509 746 doce-

263 776 490 840 αὐτοὺς,
531 774 740 846 λέγων·
783 776 1054 848 Μακάριοι
1095 779 1145 831 οί
1195 776 1394 848 πτωχοῖ
1440 776 1516 849 τῷ
1550 776 1829 848 πνεύματι⁴

1945 781 2038 834 bat
2063 795 2179 845 eos,
2240 781 2429 836 dicens
2463 799 2477 836 :
2535 779 2685 835 Beati
2716 795 2978 851 pauperes
3006 782 3221 852 spiritu,
3251 784 3508 850 quoniam

262 868 346 922 ὅτι
384 868 563 922 αὐτῶν
609 869 755 922 ἐστιν
784 869 817 938 ή
849 867 1090 939 βασιλεία
1117 869 1226 922 τῶν
1252 869 1518 942 οὐρανῶν.
1548 890 1566 922 ι
1604 871 1709 924 Καὶ
1745 888 1829 924 τυ-

1943 871 2186 943 ipsorum
2213 879 2296 929 est
2322 887 2548 944 regnum
2584 873 2846 928 caelorum
2881 874 2947 928 ⁸⁷.
2981 892 2998 926 ι
3024 872 3156 926 Nam
3180 874 3341 928 etiam
3375 873 3506 928 illud

265 960 416 1032 φλοῑς
443 961 500 1015 δὲ
544 961 836 1032 ἀνάϐλεψιν
886 961 1302 1034 παρεσχημένος
1333 961 1433 1016 οὐκ
1473 962 1673 1032 ὀλίγοις
1710 965 1829 1018 ἀνα-

1944 965 2151 1034 scripto
2187 964 2459 1036 proditum
2491 973 2594 1030 est,
2621 965 2766 1036 quod
2790 965 2950 1020 caecis
2982 981 3088 1020 non
3114 967 3303 1036 paucis
3329 967 3504 1022 visum

261 1054 602 1126 γέγραπται·
641 1055 702 1108 οὐ
753 1053 911 1126 μόνον
949 1053 1058 1126 γάρ
1103 1056 1216 1118 τοῖς
1257 1054 1354 1119 τὰς
1398 1055 1550 1126 δψεις
1598 1055 1690 1109 τοῦ
1732 1054 1829 1110 σώ-

1943 1057 2273 1122 restituerit;
2301 1056 2462 1130 M3
2493 1072 2602 1112 non
2633 1057 2809 1113 solum
2859 1058 3003 1112 enim
3051 1056 3140 1120 iis,
3184 1059 3278 1128 qui
3332 1058 3506 1115 oculis

268 1161 435 1216 ματος
460 1145 843 1216 ἡφανισμένοις
867 1145 929 1198 τὸ
960 1144 1180 1215 βλέπειν
1209 1145 1480 1217 ἐδωρεῖτο,
1505 1145 1642 1199 ἀλλά
1661 1163 1722 1215 γε
1747 1147 1829 1200 καλ

1941 1150 2189 1220 corporis
2224 1151 2370 1220 capti
2405 1158 2584 1213 erant,
2613 1151 2790 1205 visum
2822 1150 3174 1219 largiebatur,
3211 1152 3304 1205 sed
3343 1152 3504 1206 etiam

261 1239 376 1300 τοῖς
396 1236 657 1308 πρότερον
687 1239 752 1308 τῇ
773 1236 918 1308 ψυχῇ
950 1235 1348 1306 τυφλώττουσιν
1365 1239 1536 1304 αίτιος
1569 1240 1669 1312 τῆς
1697 1241 1829 1296 κατὰ

1939 1241 2029 1305 iis,
2060 1242 2154 1313 qui
2181 1242 2236 1297 in
2259 1243 2431 1298 altero
2460 1257 2658 1312 genere
2688 1243 3013 1313 caligahant,
3048 1251 3106 1298 ut
3128 1244 3310 1298 animo
3337 1244 3504 1298 Deum

262 1327 388 1384 νοῦν
443 1327 696 1402 θεωρίας,
751 1330 844 1384 καὶ
895 1329 994 1400 τῆς
1035 1329 1382 1398 ἐπιγνώσεως
1420 1330 1513 1384 τοῦ
1547 1331 1654 1385 τῶν
1701 1333 1829 1386 ὅλων

1937 1333 2183 1388 universi
2231 1333 2578 1389 intuerentur
2625 1343 2787 1405 atque
2816 1342 3192 1405 agnoscerent,
3226 1342 3504 1389 auctorem

262 1420 397 1474 Θεοῦ
418 1421 658 1490 γέγονεν.
691 1421 800 1476 Καὶ
813 1421 987 1487 ἄλλως
1013 1423 1110 1494 τῆς
1133 1418 1250 1476 οὖσι
1279 1422 1518 1495 δεσμίοις
1539 1425 1635 1478 καὶ
1659 1427 1829 1497 ἀπηγ-

1939 1435 2000 1477 se
2033 1421 2342 1478 exhibebat.
2383 1421 2599 1491 Alioqui
2629 1438 2759 1477 vero
2787 1424 2946 1477 etiam
2979 1423 3066 1485 iis,
3089 1423 3181 1494 qui
3210 1423 3278 1478 ab
3315 1422 3506 1477 invisi-

267 1511 450 1584 μένοις
476 1512 841 1584 αἰχμαλώτοις
879 1513 982 1568 ὐπὸ
1009 1515 1110 1583 τῆς
1142 1515 1373 1586 ἀοράτου
1397 1516 1490 1570 καὶ
1516 1517 1829 1589 δαιμονικῆς

1941 1514 2039 1570 bili
2075 1529 2140 1568 ac
2167 1513 2468 1569 daemonica
2499 1503 2768 1586 potestate
2794 1513 2962 1568 vincti
2990 1522 3173 1570 essent
3201 1513 3506 1584 captivique

260 1604 572 1676 δυνάμεως,
607 1605 790 1659 κακῶν
827 1622 886 1659 τε
935 1608 1140 1692 σειραῖς
1188 1606 1582 1679 πεπεδημένοις
1622 1608 1829 1664 ἐλευθε-

1937 1607 2158 1664 abducti
2185 1623 2249 1662 ac
2280 1607 2549 1664 malorum
2602 1609 2810 1664 catenis
2863 1608 3134 1680 impliciti,
3179 1609 3503 1675 libertatem,

263 1702 389 1776 ρίαν
437 1701 528 1756 καὶ
567 1701 750 1756 ἄνεσιν
783 1701 891 1756 τῶν
941 1702 1269 1774 συνεχόντων
1305 1703 1621 1774 ἐκήρυττεν,
1659 1705 1706 1758 εί
1739 1704 1829 1760 καὶ

1938 1699 2468 1772 dissolutionemque
2498 1716 2686 1756 earum
2717 1717 2923 1766 rerum,
2949 1715 2977 1755 a
3000 1701 3200 1772 quibus
3245 1701 3506 1757 teneban-

260 1793 436 1856 αὐτοὶ,
470 1791 543 1864 τῷ
585 1791 901 1864 κηρύγματι
934 1791 1340 1857 πιστεύσαντες,
1365 1790 1452 1848 οἷα
1477 1793 1721 1866 λυτρωτῇ
1749 1796 1829 1848 καὶ

1942 1801 2052 1858 tur,
2081 1793 2462 1856 denuntiabat,
2494 1793 2541 1848 si
2572 1793 2732 1848 modo
2752 1793 2854 1863 ipsi
2885 1808 3104 1864 quoque
3141 1793 3287 1848 illius
3311 1791 3506 1863 pradi-

260 1884 476 1956 Σωτῆρι
503 1885 900 1957 προσδράμοιεν
923 1884 1090 1956 αὐτῷ,
1109 1886 1202 1938 καὶ
1234 1867 1343 1950 τοὶς
1370 1884 1533 1939 αὐτοῦ
1559 1886 1828 1940 πεισθεῖεν

1936 1882 2137 1941 cationi
2172 1884 2330 1940 [idem
2359 1885 2699 1951 adhibentes,
2733 1883 2799 1938 ad
2840 1884 2994 1939 illum
3029 1891 3288 1954 tanquam
3321 1884 3386 1939 ad
3418 1899 3504 1939 re-

258 1975 702 2048 παραγγέλμασι.
756 1977 866 2030 Καὶ
921 1976 989 2030 τά
1028 1976 1190 2030 λοιπὰ
1221 1977 1276 2031 δέ
1315 1975 1409 2030 τοῦ
1458 1977 1638 2047 λογίου
1687 1977 1829 2032 κατά

1934 1977 2270 2048 demptorem
2289 1984 2344 2033 et
2371 1975 2708 2032 Saivatorem
2731 1977 3090 2032 accurrebant
3117 1983 3170 2032 et
3193 1976 3339 2032 illius
3369 1992 3506 2048 prae-

255 2067 450 2139 καιρὸν
482 2069 541 2121 ἐν
571 2069 683 2132 τοῖς
719 2067 848 2138 περὶ
880 2066 989 2120 τῶν
1017 2068 1359 2138 ἐπαγγελιῶν
1385 2067 1824 2140 ἐξετασθήσεται.

1935 2070 2110 2140 ceptis
2147 2069 2616 2141 obtemperabant.
2661 2068 2952 2133 Caeterum,
2999 2085 3120 2140 quae
3148 2085 3211 2124 ex
3249 2072 3349 2125 hoc
3379 2083 3507 2125 ora—

257 2163 385 2217 culo
421 2169 737 2234 supersunt,
770 2177 872 2217 suo
919 2172 1166 2233 tempore
1231 2163 1286 2216 in
1357 2162 1447 2230 iis,
1483 2178 1604 2234 quae
1654 2163 1722 2218 de
1766 2163 2228 2234 promissionibus
2249 2162 2532 2218 tractanda
2553 2171 2700 2228 sunt,
2731 2161 3108 2233 exquirentur.

1925 2263 1971 2318 A
2012 2261 2440 2317 Deuteronomio.
2487 2292 2556 2300 —
2597 2258 2674 2313 De
2733 2275 2878 2313 novre
2936 2259 3064 2329 legis
3113 2259 3168 2312 in
3216 2255 3501 2328 Evangelia

2455 2329 2654 2386 Christi
2692 2330 2984 2384 sanctione.

334 2480 354 2513 ι
380 2462 672 2533 Προφήτην
717 2463 782 2516 ἐκ
820 2462 928 2516 τῶν
965 2461 1203 2533 ἀδελφῶν
1248 2481 1341 2518 σου
1379 2465 1674 2537 ἀναστήσει
1714 2465 1829 2520 Κύ-

2005 2461 2025 2496 ‹
2054 2442 2378 2516 Pr0pbetam
2409 2440 2477 2498 de
2508 2441 2772 2497 fratribus
2807 2438 2915 2495 tuis
2949 2439 3234 2495 suscitabit
3257 2438 3356 2494 tibi
3390 2437 3501 2494 Do—

259 2573 375 2627 ριος
398 2556 428 2608 6
449 2555 580 2618 Θεός
607 2573 700 2608 σου
725 2555 800 2619 ώς
829 2554 946 2626 ἐμέ·
971 2555 1135 2609 αὐτοῦ
1165 2555 1462 2610 ἀκούσεσθε
1483 2555 1625 2610 κατά
1653 2557 1829 2612 πάντα

1933 2536 2116 2592 minus
2140 2536 2282 2592 Deus
2311 2544 2441 2592 tuus
2474 2534 2618 2590 sicut
2647 2549 2762 2588 me:
2789 2532 2938 2586 illum
2967 2529 3200 2587 audietis
3231 2531 3284 2585 in
3318 2531 3500 2586 omni-

256 2623 360 2702 ῦσα
405 2647 592 2718 ᾐτήσω
621 2646 772 2719 παρά
821 2623 1025 2719 Κυρίου
1082 2647 1176 2701 τοῦ
1207 2647 1339 2701 Θεοῦ
1394 2664 1488 2701 σου
1530 2649 1588 2702 ἐν
1631 2647 1829 2721 Χωρήὸ

1933 2628 2037 2686 bus
2082 2643 2420 2702 quaacunque
2466 2627 2753 2698 postulasti
2796 2642 2827 2681 a
2878 2623 3108 2680 Domino
3146 2623 3256 2680 Deo
3306 2633 3400 2680 tuo
3444 2624 3501 2679 in

254 2742 322 2811 τῇ
358 2703 541 2812 ἡμέρᾳ
563 2739 662 2810 τῆς
700 2703 1013 2810 ἐκκλησίας,
1037 2738 1284 2808 λέγοντες
1307 2757 1322 2772 ·
1342 2740 1418 2794 Οὐ
1447 2703 1829 2813 προσθήσομεν

1931 2720 2150 2778 Choreb
2182 2721 2237 2776 in
2288 2720 2376 2776 die
2419 2719 2701 2774 concionis
2731 2718 3012 2775 dicentes:
3045 2717 3164 2773 Non
3217 2719 3359 2772 ultra
3403 2733 3502 2772 au-

253 2831 488 2887 ἀκοῦσαι
523 2831 625 2902 τῆς
662 2832 845 2903 φωνῆς
871 2831 966 2885 τοῦ
997 2832 1203 2907 Κυρίου
1237 2833 1331 2887 τοῦ
1360 2833 1494 2888 Θεοῦ
1528 2833 1704 2906 ήμῶν,
1734 2835 1828 2888 κα)⁸

1933 2815 2148 2871 diemus
2186 2828 2376 2869 vocem
2415 2810 2630 2866 Domini
2677 2810 2770 2868 Dei
2817 2813 3014 2874 nostri,
3051 2820 3106 2866 et
3137 2811 3313 2883 ignem
3353 2809 3502 2864 buoc

254 2924 316 2978 τὸ
347 2924 460 2995 πῦρ
499 2901 744 2994 τὺγμέγα
789 2901 948 2977 τοῦτο
993 2901 1101 2979 οὐκ.
1145 2925 1387 2998 ὀψόμεθα
1437 2901 1707 2992 ἔτην-οὐδὲ
1752 2926 1825 2998 μὴ

1930 2907 2190 2978 grandem
2219 2921 2329 2960 non
2350 2903 2655 2960 videbimus
2687 2903 2942 2974 amplius,
2966 2920 3143 2974 neque
3172 2901 3500 2968 moriemur;

256 3014 636 3085 ἀποθάνωμεν.
686 3013 794 3069 Καὶ
848 3009 967 3067 εἷπε
1016 2995 1219 3088 Κύριος
1251 2995 1406 3090 ⁷πρὸς
1467 3017 1567 3089 μέ·
1624 2995 1828 3090 Ὀρθῶς

1931 3005 1987 3054 et
2017 2997 2154 3054 dixit
2184 2997 2446 3053 Dominus
2473 2996 2541 3052 ad
2571 3011 2657 3052 me
2688 3016 2700 3051 :
2725 2995 2891 3052 Recte
2916 2998 3099 3052 omnia
3124 2995 3290 3051 locuti
3331 3001 3455 3050 sunt
3483 3009 3500 3060 ;

255 3107 436 3161 πάντα
464 3107 562 3160 ὅσα
586 3105 850 3178 ἐλάλησαν
871 3123 884 3137 ·
911 3107 1203 3180 Προφήτην
1231 3109 1295 3162 ἐκ
1325 3109 1431 3163 τῶν
1464 3109 1705 3179 ἀδελφῶν
1732 3110 1829 3163 αὐ-

1932 3091 2252 3162 pr0phetam
2287 3107 2354 3146 ex
2384 3090 2644 3146 fratribus
2676 3088 2919 3160 ipsorum
2943 3090 3221 3146 suscitabo
3249 3088 3331 3144 eis
3359 3087 3502 3142 sicut

253 3201 366 3256 τῶν
398 3200 684 3272 ἀναστήσω
719 3201 904 3264 αὐτοῖς
929 3200 1117 3274 ῶσπερ
1149 3220 1207 3256 σε
1228 3243 1242 3266 ,
1271 3205 1367 3258 καὶ
1397 3203 1552 3258 δώσω
1588 3203 1648 3258 τὸ
1678 3204 1828 3276 ῥῆμά

1933 3191 2006 3249 te,
2045 3192 2098 3240 et
2129 3185 2272 3240 dabo
2301 3183 2539 3240 Verbum
2575 3201 2754 3240 meum
2799 3185 2854 3239 in
2885 3199 2946 3240 os
2985 3183 3124 3252 ejus,
3165 3190 3218 3236 et
3251 3183 3502 3252 loquetur

259 3312 364 3367 μου
396 3297 474 3359 είς
505 3295 565 3349 τὸ
590 3267 768 3367 στόμα
787 3295 976 3358 αὐτοῦ,
1009 3267 1098 3350 καί
1117 3297 1341 3370 λαλήσει
1364 3299 1546 3364 αὐτοῖς
1573 3267 1696 3354 καθζ
1727 3267 1827 3353 δτι

1931 3276 2012 3332 eis
2053 3275 2354 3332 secundum
2392 3275 2756 3347 quodcunque
2801 3290 3109 3346 przecepero
3149 3274 3247 3336 illi,
3279 3281 3331 3328 et
3377 3271 3499 3341 qui-

255 3364 325 3441 ἀν
377 3364 704 3459 ἐντείλωμαί
746 3387 927 3459 αὐτῷ,
976 3388 1071 3442 καὶ
1121 3391 1150 3444 6
1193 3364 1478 3462 ἄνθρωπος
1515 3391 1574 3455 ὃς
1614 3391 1709 3445 ἐὰν
1755 3391 1828 3462 μὴ

1931 3385 2148 3440 cunque
2172 3370 2338 3426 homo
2384 3385 2493 3425 non
2545 3369 2782 3426 audierit
2818 3368 2999 3422 omnia
3041 3380 3380 3438 quacunque
3420 3364 3502 3418 lo-

253 3479 466 3554 ἀκούσῃ
501 3448 676 3534 πάντα
712 3483 812 3536 ὅσα
988 3481 1194 3554 λαλήσῃ
1233 3483 1261 3536 6
1296 3448 1583 3556 προφήτης
1619 3485 1712 3538 ἐπὶ

1931 3469 2130 3532 quetur
2155 3461 2417 3532 propheta
2444 3462 2533 3516 ille
2562 3461 2616 3515 in
2641 3462 2860 3518 nomine
2890 3479 3030 3526 meo,
3063 3475 3160 3534 ego
3187 3459 3423 3516 ulciscar
3443 3456 3499 3510 in

253 3568 479 3640 ὀνόματί
511 3588 632 3642 μου,
658 3570 768 3640 ἐγὼ
789 3571 1058 3642 ἐκδικήσω
1085 3571 1144 3636 ἐξ
1171 3571 1356 3626 αὐτοῦ.
1373 3592 1390 3624 ι
1410 3573 1730 3644 Ἑπίστησον
1748 3575 1829 3628 ὅτι

1931 3571 1998 3609 eo
2017 3557 2081 3610 ⁸⁸.
2116 3575 2134 3608 ι
2158 3555 2543 3612 Animadverte
2569 3557 2856 3626 diligenter
2880 3564 2938 3612 ut
2969 3559 3152 3612 nullus
3176 3558 3331 3628 plane
3353 3548 3498 3626 apud

259 3661 455 3733 μηδεὶς
491 3665 618 3735 παρ’
660 3663 930 3736 Ἑϐραίοις
958 3664 1182 3717 Μωῦσεῖ
1211 3663 1592 3736 παραπλήσιος
1621 3667 1829 3736 προφή-

1933 3647 2192 3705 Hebraeos
2227 3647 2363 3704 Mosi
2387 3649 2584 3704 similis
2617 3651 2881 3721 propheta
2908 3651 3225 3712 surrexerit,
3262 3650 3366 3703 hoc
3389 3656 3494 3712 est,

256 3770 361 3824 της
406 3754 736 3826 ἐγήγερται,
775 3756 1019 3809 τουτέστι
1060 3755 1389 3826 νομοθέτης,
1423 3757 1514 3810 καὶ
1552 3755 1829 3820 εὐσεϐείας

1931 3742 2024 3812 qui
2059 3753 2112 3796 et
2140 3742 2317 3813 legum
2355 3751 2570 3806 auctor,
2605 3749 2659 3797 et
2692 3741 2910 3811 pietatis
2949 3745 3090 3813 apud
3132 3743 3378 3798 homines
3413 3740 3499 3795 in-

254 3843 566 3916 ἀνθρώποις
593 3846 906 3918 εἰσηγητὴς,
937 3848 968 3918 ἢ
1003 3846 1160 3918 μόνος
1186 3847 1214 3899 ὁ
1245 3845 1512 3918 ήμέτερος
1543 3847 1756 3918 Σωτὴρ,
1803 3847 1829 3900 6

1934 3833 2215 3888 troductor
2243 3831 2536 3896 exstiterit,
2565 3833 2671 3888 nisi
2689 3850 2832 3889 unus
2850 3833 3099 3888 Salvator
3130 3842 3314 3888 noster
3341 3831 3501 3885 Chri-

254 3935 494 4007 Χριστδς
531 3935 624 3990 τοῦ
653 3936 787 3990 Θεοῦ
807 3955 820 3969 ο
855 3939 990 4010 πρὸς
1018 3936 1147 4006 γοῦν
1173 3936 1252 4008 τῷ
1274 3938 1420 3990 τέλει
1448 3937 1541 3992 τοῦ
1576 3939 1829 4009 Δευτερο-

1931 3935 2049 3981 stus
2107 3923 2235 3986 Dei;
2275 3921 2460 3994 itaque
2516 3924 2571 3978 in
2627 3924 2733 3980 ilne
2783 3925 3192 3981 Deuteronomii
3253 3924 3492 3995 legitur.

254 4026 448 4097 νομίου
463 4027 698 4096 λέγεται·
725 4047 742 4079 ι
763 4029 874 4082 Οὐκ
903 4029 1099 4098 ἀνέστη
1125 4027 1204 4082 ἔτι
1227 4029 1510 4101 προφήτης
1530 4029 1587 4081 ἐν
1618 4027 1829 4100 Ἰσραὴλ

1935 4035 1956 4070 r
1981 4016 2098 4072 Non
2143 4019 2382 4072 surrexit
2412 4017 2552 4072 ultra
2591 4017 2853 4087 propheta
2900 4018 2956 4072 in
3005 4018 3170 4073 lsrael
3214 4018 3354 4073 sicut
3386 4016 3499 4072 Mo-

255 4117 334 4183 ώς
365 4118 661 4189 Μωῦσῆς.»
689 4120 798 4173 Καὶ
831 4119 935 4192 μὴν
966 4119 1148 4191 μυρίοι
1178 4121 1450 4192 προφῆται
1480 4119 1617 4192 μετά
1643 4119 1828 4175 τοῦτον

1930 4125 2020 4166 ses
2041 4109 2106 4166 °’.
2146 4129 2164 4162 ι
2199 4107 2335 4163 Nam
2368 4109 2470 4165 etsi
2511 4108 2940 4165 innumerabiles
2966 4109 3244 4180 prophetae
3272 4116 3393 4180 post
3434 4109 3498 4162 il-

254 4213 545 4280 γεγόνασιν
565 4254 580 4279 ,
610 4213 744 4267 ἀλλά
775 4215 872 4285 οὐχ
905 4214 979 4279 ὡς
1003 4216 1184 4279 αὐτός.
1213 4215 1370 4269 Ὅλον
1401 4214 1456 4267 δὲ
1485 4213 1643 4268 τοῦτο
1671 4215 1702 4285 ή
1733 4213 1828 4267 τοῦ

1929 4202 2042 4258 lum
2095 4203 2445 4266 exstiterunt,
2467 4211 2521 4256 at
2568 4217 2678 4257 non
2725 4212 2905 4258 tamen
2952 4205 3094 4259 sicut
3141 4204 3248 4261 ille.
3301 4205 3495 4260 Totum

255 4303 394 4358 Θεοῦ
427 4304 716 4375 ὑπόσχεσις
748 4307 1156 4376 ἐπαγγέλλεται,
1188 4307 1282 4361 ἕνα
1309 4305 1450 4370 τινὰ,
1478 4307 1597 4377 οὐχὶ
1616 4305 1671 4359 δὲ
1702 4305 1829 4359 πολ-

1928 4311 2059 4350 vero
2093 4295 2196 4350 hoc
2232 4295 2348 4365 ipsa
2381 4293 2474 4349 Dei
2497 4297 2817 4366 pollicitatio
2851 4297 3132 4367 complexa
3165 4306 3272 4360 est,
3297 4298 3496 4368 quippe

268 2278 414 2332 Ἀπὸ
447 2277 553 2350 τοῦ
572 2279 1049 2350 Δευτερονομίου.
1070 2311 1140 2322 -
1174 2280 1314 2349 Περὶ
1330 2279 1439 2350 τῆς
1455 2281 1602 2336 κατὰ
1621 2279 1686 2335 τὸ
1714 2283 1829 2336 Εὐ-

327 2348 609 2418 αγγέλιον
634 2349 741 2404 τοῦ
773 2350 1030 2419 Χριστοῦ
1060 2348 1436 2421 νομοθεσίας.

255 4394 405 4460 λούς,
433 4396 526 4449 καὶ
563 4397 746 4468 ὅμοιον
783 4399 1105 4472 ἀναστήσειν
1152 4400 1318 4472 αὐτῷ.
1351 4400 1512 4472 Δηλοῖ
1556 4401 1612 4454 δὲ
1643 4399 1829 4454 τοῦτον

1929 4404 2051 4459 quae
2081 4405 2248 4442 unum
2295 4388 2558 4444 duntaxat
2591 4405 2698 4444 non
2733 4389 2932 4443 multos
2965 4397 3018 4444 et
3046 4391 3297 4445 eumdem
3346 4391 3500 4446 suni-

252 4487 552 4560 νομοθέτην
581 4490 674 4543 καὶ⁵
701 4490 978 4556 εὐσεϐείας
1006 4492 1305 4564 ἀνθρώπων
1334 4491 1650 4546 διδάσκαλον
1669 4532 1684 4556 ,
1720 4487 1829 4557 οἷος

1928 4481 2036 4536 lem
2073 4481 2148 4536 illi
2203 4483 2583 4538 suscitandum
2630 4482 2931 4554 promittat.
2981 4481 3266 4553 Signiﬁcat
3314 4495 3495 4540 autem

257 4580 422 4651 μόνος
467 4583 496 4634 6
535 4581 724 4654 Σωτὴρ
767 4584 860 4636 καὶ
902 4583 1104 4656 Κύριος
1144 4584 1298 4656 ήμῶν
1339 4584 1544 4657 Ἰησοῦς
1574 4582 1824 4655 Χριστὸς,

1932 4573 2078 4631 hunc
2111 4581 2165 4630 et
2197 4574 2376 4645 legum
2418 4582 2697 4630 auctorem
2735 4583 2787 4631 et
2815 4575 3035 4646 pietatis
3074 4576 3217 4646 apud
3249 4575 3496 4630 homines

252 4670 351 4724 καὶ
367 4670 490 4724 οὐδέ
513 4672 666 4736 ἄλλος
691 4673 1083 4739 ἀναδέδεικται,
1101 4675 1398 4747 νομοθέτης
1426 4675 1560 4747 ὁμοῦ
1590 4675 1678 4729 καὶ
1700 4692 1827 4748 προ-

1929 4669 2252 4737 magistrum
2295 4666 2564 4733 futurum,
2613 4667 2922 4736 cujusmodi
2956 4683 3098 4722 unus
3145 4666 3394 4721 Salvator
3432 4680 3497 4720 ac

252 4764 436 4834 φήτης
476 4761 569 4816 τοῦ
601 4763 706 4816 τῶν
732 4765 866 4819 ὅλων
902 4765 1036 4820 Θεοῦ
1059 4807 1074 4832 ,
1104 4767 1198 4821 καὶ
1227 4767 1438 4840 Πατρδς
1474 4768 1640 4823 αὐτοῦ
1670 4768 1825 4837 γενό-

1930 4757 2197 4817 Dominus
2223 4767 2410 4816 noster
2432 4760 2594 4817 Jesus
2621 4761 2896 4828 Christus,
2933 4779 3035 4817 nec
3065 4763 3206 4817 alius
3236 4769 3496 4832 prmterea

251 4872 442 4926 μενος.
480 4855 616 4909 Ἀλλ’
642 4859 670 4910 6
708 4859 802 4929 μὲν
824 4858 1009 4924 ἔθνους
1051 4861 1169 4925 ἐνὸς
1213 4861 1241 4913 6
1284 4861 1524 4932 Μωῦσῆς
1556 4862 1820 4932 ⁴ἡγήσατο,

1928 4849 2101 4924 444
2127 4851 2399 4922 quispiam
2433 4851 2604 4910 fuisse
2641 4853 3068 4917 demonstratur,
3105 4860 3157 4908 et
3185 4853 3356 4924 legum
3392 4868 3494 4907 au-

249 4947 350 4998 καὶ
391 4947 697 5020 κατάλληλα
743 4950 798 5004 δὲ
817 4950 991 5022 τούτῳ
1037 4951 1182 5023 μόνῳ
1204 4992 1218 5016 ,
1259 4951 1379 5022 οὐχὶ
1414 4951 1470 5004 δέ
1512 4951 1608 5005 καὶ
1645 4949 1824 5014 ἄλλοις

1929 4951 2051 4996 ctor
2093 4945 2367 5010 videlicet,
2395 4944 2470 5000 'et
2517 4945 2658 5001 idem
2707 4947 2792 5002 sui
2835 4946 3025 5016 patris,
3085 4946 3176 5016 qui
3221 4944 3364 5000 Deus
3411 4953 3497 5000 est

247 5036 434 5090 ἔθνεσι
465 5039 764 5109 νομοθετῶν
805 5042 1207 5097 ἀποδέδεικται·
1240 5044 1268 5096 6
1300 5043 1353 5096 δέ
1377 5059 1438 5112 γε
1469 5041 1700 5114 Χριστὸς
1728 5039 1822 5094 τοῦ

1931 5036 2192 5101 universi,
2246 5037 2533 5107 propheta.
2564 5037 2630 5092 Et
2676 5038 2852 5094 Moses
2896 5038 3114 5108 quidem
3162 5038 3322 5091 unius
3355 5036 3496 5090 dun-

243 5127 389 5182 θεοῦ
414 5171 430 5194 ,
470 5128 646 5184 λαϐὼν
687 5131 1016 5201 ἐπαγγελίαν
1075 5134 1224 5207 παρά
1274 5134 1368 5187 τοῦ
1419 5132 1630 5205 Πατρδς
1686 5131 1782 5204 τὴν
1805 5173 1821 5199 ,

1931 5136 2081 5183 taxat
2125 5129 2300 5200 gentis
2339 5128 2447 5183 dux
2499 5127 2622 5194 fuit,
2671 5136 2726 5185 et
2757 5145 2878 5201 quae
2925 5130 3018 5184 uni
3058 5129 3275 5194 illi,non
3311 5136 3493 5182 autem

249 5241 270 5272 α
298 5221 533 5292 Αἴτησαι
559 5224 684 5295 παρ’
704 5223 859 5296 ἐμοῦ,
882 5225 974 5278 καὶ
1000 5225 1152 5279 δώσω
1171 5243 1250 5278 σοι
1278 5225 1402 5296 ἔθνη
1435 5225 1532 5297 τήν
1565 5224 1821 5296 κληρονο-

1929 5220 2140 5276 caeteris
2181 5234 2398 5290 quoque
2435 5219 2687 5290 gentibus
2730 5219 3132 5275 accommodari
3165 5224 3406 5288 possent.
3439 5217 3494 5270 in

247 5317 388 5387 μίαν
419 5331 510 5367 σου
533 5333 546 5346 ·
584 5335 602 5368 ι
634 5317 709 5380 ὡς
731 5315 798 5370 ἂν
840 5317 914 5388 μή
952 5319 1110 5389 μόνον
1147 5317 1435 5382 Ἰουδαίοις,
1464 5316 1600 5370 ἀλλά
1622 5317 1714 5370 καὶ
1745 5315 1823 5388 τῷ

1929 5311 2138 5382 legibus
2173 5313 2292 5366 suis
2331 5311 2583 5367 sanxisse
2613 5311 2906 5381 reperitur,
2935 5318 2990 5364 at
3022 5325 3149 5366 vero
3177 5310 3293 5380 ipse
3333 5308 3492 5364 Chri-

245 5407 420 5460 παντὶ
463 5407 569 5459 τῶν
609 5407 907 5480 ἀνθρώπων
949 5410 1095 5478 γένει
1134 5409 1314 5473 καινὸς
1345 5408 1640 5480 νομοθέτης
1667 5407 1824 5462 εὐσε-

1928 5411 2046 5458 stus
2093 5403 2210 5467 Dei,
2265 5405 2354 5459 ubi
2405 5420 2436 5458 a
2471 5403 2632 5459 Patre
2679 5406 3006 5473 promissum
3052 5402 3186 5457 illud
3237 5403 3488 5473 accepit:

240 5502 407 5565 δείας
453 5501 555 5554 ὑπὸ
597 5501 690 5556 τοῦ
739 5503 952 5574 Πατρὸς
995 5502 1324 5572 καταστῆναι
1362 5505 1424 5572 τῇ
1462 5500 1677 5554 πάντων
1715 5499 1821 5552 τῶν

1934 5514 1952 5546 ε
1988 5493 2206 5550 Postulo
2255 5511 2286 5550 a
2324 5512 2430 5560 me,
2473 5503 2527 5550 et
2573 5495 2714 5549 dabo
2746 5493 2842 5549 tibi
2895 5501 3084 5566 gentes
3123 5493 3490 5549 hmreditatem

241 5591 425 5647 ἐθνῶν
456 5591 638 5663 κλήσει
666 5592 894 5664 δυνατὴν
933 5592 1026 5647 καὶ
1054 5592 1305 5665 ἁρμόδιον
1337 5589 1701 5664 προϐέϐληται
1738 5609 1824 5645 νο-

1929 5596 2077 5643 tuam
2096 5588 2142 5627 ⁷ο
2170 5607 2182 5643 :
2216 5607 2234 5640 ι
2268 5595 2457 5657 utpote
2493 5588 2586 5659 qui
2635 5602 2745 5643 non
2771 5587 2905 5646 solis
2952 5585 3180 5650 Iudaeis,
3202 5585 3296 5642 sed
3327 5585 3492 5642 etiam

326 5779 369 5809 ⁸⁷
413 5776 597 5831 Matth.
635 5793 699 5841 v,
739 5776 852 5830 1-5.
930 5776 972 5806 ⁸⁸
1012 5773 1165 5829 Deut.
1203 5788 1368 5836 xvut,
1406 5774 1586 5829 13-19.
1701 5773 1744 5804 "’
1788 5770 1829 5823 D

1931 5811 1943 5822 .
1979 5786 2177 5836 xutv,
2221 5769 2302 5824 10.
2382 5769 2427 5855 τέ
2466 5768 2608 5826 Psal.
2644 5784 2716 5829 ιι,
2749 5767 2803 5822 8.
