3868 6192
547 314 644 369 691

1219 308 1488 369 EUSEB.“
1520 309 1994 371 CESARIENSIS
2014 307 2167 371 OPP.
2198 308 2379 365 PARS
2414 308 2479 367 ll.
2517 340 2585 351 —
2618 307 3115 367 APOLOGETICA.
3624 309 3711 367 θῦί

550 433 807 491 universo
837 428 1122 486 hommum
1148 427 1334 499 generi
1366 444 1545 486 novus
1573 430 1749 502 legum
1780 430 2108 500 pietatisque

2214 427 2489 500 μοθεσίαν.
2545 427 2806 499 Θειοτέρᾳ
2853 426 2984 496 γοῦν
3030 426 3064 499 ἢ
3110 424 3246 480 κατὰ
3272 425 3491 481 Ηωῦσέα
3528 427 3710 499 δυνάμει

547 532 741 585 auctor
784 537 815 579 a
867 529 1020 592 patre
1067 523 1515 588 constitueretur,
1556 524 1831 579 vocationi
1868 524 2112 579 omnium

548 616 808 683 gentium,
851 620 966 667 tum
1001 610 1235 678 facilem,
1270 620 1386 668 tum
1430 615 1898 670 accommodatam
1930 614 2111 687 legum

547 704 891 776 disciplinam
909 705 1181 777 exposuit.
1216 704 1352 761 Cum
1379 721 1511 778 ergo
1538 707 1789 779 ampliori
1811 722 1973 778 quam
1994 723 2115 779 quae

549 797 822 855 hominem
850 795 1043 858 deceat
1088 799 1438 861 auctoritate.
1472 800 1616 871 leges
1658 799 1948 864 invenerit,
1986 799 2116 855 divi-

548 889 703 947 niore
756 890 922 946 etiam
970 906 1133 962 quam
1166 906 1289 962 quae
1337 907 1368 946 a
1406 891 1556 948 Mose
1597 893 1843 962 praestari
1880 893 2117 963 potuerit

548 983 767 1045 virtute,
794 981 859 1036 ‘in
905 988 1020 1036 toto
1066 980 1199 1036 orbe
1226 981 1526 1037 servandas
1565 989 1948 1038 sacrosanctas
1986 995 2115 1037 suas

546 1074 695 1144 leges
734 1088 828 1143 per
863 1088 993 1129 suos
1024 1073 1385 1143 evangelistas
1419 1072 1730 1144 descripsit,
1773 1071 1902 1129 dum
1944 1073 2017 1126 ita
2047 1073 2116 1129 ad

546 1166 671 1229 illos
691 1165 827 1223 dicit
852 1208 864 1220 .
891 1184 911 1218 ι
934 1165 1180 1222 Audistis
1199 1167 1344 1236 quod
1370 1165 1576 1221 dictum
1601 1167 1671 1220 sit
1698 1164 1940 1235 antiquis
1964 1184 1977 1219 :
1997 1163 2117 1220 Non

545 1259 802 1325 occides;
840 1273 942 1330 ego
973 1267 1153 1313 autem
1183 1257 1306 1314 dico
1325 1258 1482 1314 vobis
1529 1273 1597 1313 ne
1639 1257 1802 1314 irasci
1831 1277 1850 1309 ι
1893 1256 2114 1328 quidem

547 1358 751 1405 temere
769 1350 835 1415 ⁷⁸,
868 1356 920 1406 et
974 1364 1312 1420 quaecunque
1370 1349 1459 1404 his
1520 1348 1777 1418 adjuncta
1808 1348 1863 1404 in
1900 1349 2118 1419 publice

546 1441 838 1511 descriptis
872 1441 1047 1511 ipsius
1086 1440 1432 1497 documentis
1472 1438 1959 1505 circtunferuntur,
1995 1455 2118 1511 qua:

544 1534 771 1604 quidem
812 1534 930 1604 ipse
975 1533 1140 1589 etiam
1182 1532 1513 1604 evangelista
1558 1532 1924 1596 commendat,
1970 1532 2116 1603 quod

549 1624 738 1696 utique
766 1624 1223 1695 obstupescerent
1266 1639 1457 1681 omnes
1501 1624 1807 1680 doctrinam
1838 1624 2007 1688 illius,
2051 1641 2119 1681 eo

545 1716 693 1787 quod
745 1716 1012 1774 «doceret
1052 1732 1148 1773 eos
1198 1725 1454 1788 tanquam
1519 1725 1838 1788 potestatem
1886 1718 2115 1782 habens,

2211 519 2354 575 κατά
2402 521 2600 584 παντὸς
2632 519 2729 574 τοῦ
2776 520 2982 591 κόσμου
3011 519 3136 583 τοὺς
3175 519 3347 589 ἱεροὺς
3374 518 3523 573 αὑτοῦ
3552 518 3710 590 νόμους

2209 613 2299 668 διὰ
2336 613 2446 667 τῶν
2496 613 2896 683 εὐαγγελιστῶν
2950 610 3113 666 αὐτοῦ
3158 608 3443 675 διετάξατο,
3483 610 3654 681 μείζονι
3685 614 3710 682 ἦ

2212 705 2352 760 κατὰ
2383 705 2664 779 ἄνθρωπον
2692 704 2906 777 ἐξουσίᾳ
2925 703 3302 776 νομοθετήσας,
3332 699 3541 754 είπιῖινη
3561 702 3714 756 Ἦκού-

2215 815 2364 862 σατε,
2394 799 2423 853 ὃ
2445 816 2498 853 τι
2519 797 2718 871 ἐρρέθη
2748 800 2859 861 τοῖς
2883 797 3146 868 ἀρχαίοις·
3171 796 3244 849 Οὐ
3266 795 3540 865 φονεύσεις·
3567 798 3713 866 ἐγὼδὲ

2214 888 2358 958 λέγω
2396 890 2525 961 ὑμῖν
2577 889 2712 961 μηδὲ
2753 886 3070 961 ὀργίζεσθαι
3107 906 3126 938 ι
3158 886 3310 956 εἰκῆ,
3338 887 3426 941 καὶ
3454 886 3517 941 τὰ
3548 887 3714 952 τούτοις

2213 981 2479 1038 ἀκόλουθα
2507 983 2607 1036 ὅσα
2636 982 2699 1054 δὴ
2726 983 2785 1036 ἐν
2806 984 2926 1044 ταῖς
2951 980 3315 1052 ἀναγράπτοις
3339 979 3489 1033 αὐτοῦ
3513 979 3714 1035 διδασκα·

2212 1072 2355 1138 λίαις
2389 1072 2722 1145 ἐμφέρεται,
2774 1073 2858 1143 ἐφ’
2891 1066 2973 1136 οἷς
3003 1073 3262 1142 μαρτυρεῖ
3288 1069 3449 1139 λέγων
3472 1072 3499 1123 ό
3528 1070 3714 1139 εὐαγγε-

2213 1164 2423 1237 λιστής,
2445 1166 2528 1220 δτι
2548 1164 2935 1236 ἐξεπλήττοντο
2964 1164 3162 1227 πάντες
3189 1162 3278 1216 ἐπὶ
3298 1164 3359 1233 τῇ
3384 1159 3553 1231 διδαχῇ
3568 1162 3713 1214 αὐτοῦ’

2215 1251 2285 1327 ἦν
2318 1254 2428 1327 γὰρ
2457 1273 2476 1306 ι
2505 1254 2770 1308 διδάσκων
2787 1254 3066 1318 αὐτοὺςὼς
3096 1252 3338 1318 ἐξουσίαν
3366 1251 3511 1322 ἔχων,
3538 1252 3618 1305 καὶ
3643 1252 3714 1321 οὐχ

2215 1345 2292 1410 ὡς
2331 1346 2382 1398 οἱ
2411 1348 2755 1417 γραμματεῖς
2800 1343 2998 1398 αὐτῶν.
3048 1363 3066 1395 ι
3100 1343 3204 1396 Τὸν
3229 1342 3285 1396 δὲ
3321 1342 3507 1414 τρόπον
3529 1340 3615 1411 τῆς
3646 1340 3714 1393 τοῦ

2215 1436 2469 1508 Σωτῆρος
2492 1436 2648 1508 ήμῶν
2678 1433 3020 1498 διδασκαλίας
3050 1452 3110 1488 τε
3142 1433 3234 1488 καὶ
3259 1432 3553 1504 νομοθεσίας
3575 1435 3624 1486 ἐν
3645 1434 3714 1501 ἁρ-

2218 1529 2341 1598 χαῖς
2369 1527 2468 1599 τῆς
2516 1527 2797 1599 παρούσης
2841 1524 3149 1590 ὑποθέσεως
3188 1523 3494 1587 διελθόντες,
3543 1524 3618 1576 ὅτε
3650 1523 3714 1575 τὸν

2218 1619 2642 1694 Χριστιανισμδν
2661 1658 2676 1682 ,
2705 1620 2735 1675 ὃ
2764 1618 2818 1673 τί
2850 1617 2980 1673 ποτέ
3017 1619 3163 1671 ἐστιν
3187 1619 3268 1681 είς
3292 1616 3510 1689 φανερὸν
3538 1616 3714 1687 ἤγομεν,

2218 1714 2307 1767 ἐπ’
2318 1714 2500 1767 ἐκεῖνα
2516 1713 2607 1766 καὶ
2627 1712 2720 1766 νῦν
2739 1712 2864 1775 τοὺς
2882 1710 3303 1781 ἐντυγχάνοντας
3323 1708 3714 1782 παραπέμψομεν.

548 1824 659 1865 non
687 1815 946 1879 tanquam
996 1809 1190 1865 scriba!
1215 1809 1459 1879 ipsorum
1482 1811 1548 1864 ".
1587 1829 1606 1861 ι
1639 1808 1776 1864 Cum
1807 1818 1987 1866 autem
2028 1818 2111 1865 to-

2227 1805 2548 1876 Ἐπιστῆσαι
2572 1803 2627 1857 δέ
2647 1802 2877 1874 τῷλόγῳ
2896 1802 3065 1869 ἄξιον,
3079 1802 3143 1855 δι’
3163 1802 3223 1855 ὃν
3243 1805 3270 1856 ὁ
3290 1802 3480 1875 Κύριος
3494 1803 3714 1871 ὑπισχνεῖ-

546 1901 660 1959 tius
687 1900 867 1970 operis
892 1900 1070 1964 initio,
1103 1900 1228 1970 quis
1258 1909 1404 1955 esset
1442 1898 1746 1955 Salvatoris
1773 1900 1966 1965 nostri,
1998 1908 2114 1955 tum

547 1989 603 2049 in
640 1989 912 2053 doctrina,
945 1997 1057 2044 tum
1098 1990 1152 2044 in
1187 1989 1395 2061 legibus
1422 1990 1733 2047 sanciendis
1773 1990 1987 2055 modus,
2021 2007 2116 2046 ex-

546 2081 969 2151 planaverimus,
996 2082 1087 2136 ubi
1108 2082 1238 2151 quid
1262 2088 1410 2137 esset
1437 2081 1894 2137 Christianismus
1918 2082 1970 2135 in
2001 2096 2116 2137 me~

546 2171 694 2226 dium
725 2170 1074 2243 protulimus,
1108 2171 1175 2225 ad
1210 2172 1301 2226 illa
1348 2171 1466 2242 ipsa
1495 2172 1733 2242 legentes
1763 2173 1928 2228 etiam
1969 2188 2115 2229 nunc

546 2264 895 2327 remittimus.
945 2264 1052 2321 Sed
1110 2265 1441 2337 diligentiori
1491 2266 1723 2336 quadam
1773 2266 2115 2320 animadver-

546 2358 701 2411 sione
735 2371 822 2411 res
850 2356 1015 2429 digna
1044 2373 1168 2414 esse
1195 2358 1431 2418 videtur,
1460 2373 1560 2413 cur
1588 2358 1663 2411 ita
1693 2356 1956 2413 Dominus
1984 2372 2113 2426 pro-

544 2448 762 2516 phetam
792 2448 899 2505 illis
932 2463 992 2504 se
1038 2449 1431 2504 suscitaturum
1466 2448 1809 2519 polliceatur.
1843 2446 2112 2514 Quoniam

546 2537 711 2607 igitur
740 2541 951 2595 Mosem
981 2540 1099 2614 ipse
1124 2538 1387 2595 Dominus
1411 2538 1651 2608 iusserat
1675 2537 1987 2593 universum
2015 2554 2113 2609 po—

543 2630 731 2705 pulum
775 2631 955 2686 triduo
987 2631 1229 2700 expiare,
1284 2639 1344 2683 ut
1381 2629 1545 2684 simul
1575 2638 1629 2683 et
1663 2637 1999 2699 spectatores
2033 2631 2111 2684 illi

545 2729 599 2775 et
647 2722 927 2782 auditores
973 2720 1143 2783 divini
1179 2720 1444 2776 adventus
1489 2718 1849 2783 efﬁcerentur,
1886 2719 1963 2773 illi
2011 2734 2111 2772 au-

544 2820 653 2869 tem
685 2811 1014 2871 infirmiores
1040 2813 1105 2867 ad
1127 2812 1358 2883 gratiam
1390 2810 1484 2866 Dei
1507 2809 1861 2875 exsiSIebant,
1895 2818 1955 2871 ut
1981 2825 2109 2880 pro-

544 2915 731 2975 ptcrea
773 2919 897 2958 cum
926 2904 1039 2972 jam
1089 2915 1144 2959 et
1195 2903 1395 2961 intueri
1455 2910 1509 2960 et
1562 2901 1750 2956 audire
1785 2901 2107 2971 inciperent,

546 3010 663 3052 eam
710 3009 822 3049 rem
866 2994 967 3065 ipsi
1019 2996 1411 3061 recusaverint,
1455 2993 1700 3051 dicentes
1746 2993 1813 3048 ad
1862 2992 2107 3053 Mosem:

553 3110 570 3141 ι
605 3086 686 3141 Tu
711 3087 931 3158 loquere
961 3087 1028 3141 ad
1058 3103 1178 3154 nos,
1221 3102 1399 3158 neque
1427 3087 1682 3157 loquatur
1706 3086 1775 3143 ad
1808 3101 1909 3147 nos
1940 3084 2105 3152 Deus,

555 3195 621 3238 ue
668 3180 969 3235 moriamur
1007 3181 1094 3236 7’;
1131 3200 1150 3233 ι
1208 3180 1403 3235 merito
1446 3180 1518 3236 ob
1562 3194 1682 3235 eam
1722 3195 1834 3234 rem
1880 3178 2111 3249 suscipit
2139 3148 2182 3206 θ

548 3270 768 3341 quidem
802 3273 1016 3333 illorum
1049 3274 1306 3344 pietatem
1344 3287 1408 3327 ac
1438 3274 1793 3328 reverentiam
1825 3271 2106 3337 Dominus,

545 3365 687 3432 idem
742 3381 873 3422 vero
918 3366 1030 3422 ait:
1067 3386 1086 3419 ι
1113 3366 1281 3423 Recte
1328 3367 1511 3422 omnia
1562 3382 1902 3438 quacunque
1942 3366 2107 3422 locuti

546 3466 697 3523 Sunt,
739 3459 1059 3533 prophetam
1092 3460 1342 3514 excitabo
1394 3458 1504 3514 illis
1539 3458 1608 3515 de
1656 3459 1836 3515 medio
1878 3457 2107 3513 fratrum

546 3548 687 3604 sicut
733 3558 805 3603 te.
845 3565 865 3599 ι
905 3546 999 3603 Sic
1047 3563 1176 3621 ergo
1222 3562 1447 3611 causam
1493 3562 1710 3619 quoque
1754 3549 1962 3613 docuit,
2013 3565 2112 3603 cur

545 3650 805 3711 tanquam
832 3640 1097 3711 propheta
1128 3638 1295 3701 fuerit
1330 3647 1595 3695 venturus
1625 3639 1693 3694 ad
1729 3639 2000 3696 homines.
2033 3640 2109 3696 Ea

544 3747 673 3800 vero
703 3730 805 3798 fuit
833 3730 1112 3788 hominum
1134 3731 1501 3799 imbecillitas,
1531 3738 1585 3791 et
1605 3731 2005 3802 praestantioris
2026 3733 2109 3787 vi-

544 3840 640 3885 sus
676 3821 968 3881 recusatio.
1008 3820 1187 3883 Habes
1215 3822 1382 3893 igitur
1426 3836 1673 3887 causam,
1716 3837 1815 3876 cur
1846 3822 2109 3894 propheta

544 3919 656 3982 ille,
686 3915 785 3988 qui
817 3924 1083 3971 venturus
1130 3914 1452 3977 cauebatur,
1501 3912 1664 3968 homo
1700 3921 1846 3975 esset
1870 3912 2106 3973 futurus.

543 4008 704 4085 M5
733 4006 925 4063 Merito
957 4007 1122 4079 igitur
1144 4013 1521 4077 exspectantes
1554 4004 1705 4058 illum
1727 4002 1921 4069 Judwi,
1945 4002 2111 4063 Joan-

549 4115 669 4154 nem
696 4097 996 4169 Baptistam
1019 4097 1453 4167 interrogabant,
1500 4111 1565 4150 ac
1604 4096 1856 4152 dicebant
1889 4116 1903 4151 :
1932 4114 1952 4147 ‹
1991 4094 2112 4167 Ipse

546 4190 808 4262 propheta
835 4206 896 4250 es
916 4189 1014 4244 tu?
1042 4198 1096 4245 et
1119 4187 1419 4265 respondit,
1456 4203 1567 4243 non
1590 4187 1657 4239 τι.
1698 4208 1716 4240 ι
1746 4185 1949 4253 Verum
1983 4202 2111 4243 cum

544 4284 783 4352 Joannes
813 4299 998 4339 verum
1052 4284 1329 4351 fateretur,
1358 4300 1467 4347 non
1528 4298 1587 4339 se
1631 4283 1950 4353 prophetam
1989 4297 2112 4343 esse

544 4376 803 4446 negavit;
840 4382 961 4430 erat
996 4376 1164 4440 enim,
1196 4375 1289 4431 sed
1324 4391 1384 4432 se
1432 4374 1586 4429 illum
1637 4389 1759 4430 esse
1790 4374 2110 4449 prophetam

2211 1913 2299 1950 ται
2338 1897 2619 1967 προφήτην
2646 1895 2968 1966 ἀναστήσειν
2997 1893 3201 1957 αὐτοῖς.
3239 1891 3445 1965 Ἐπειδὴ
3472 1891 3568 1963 γάρ
3599 1907 3714 1943 κεκε-

2213 1989 2396 2047 λεύκει
2421 1988 2519 2061 μὲν
2549 1987 2709 2050 αὐτὸς
2729 1986 2807 2058 τῷ
2831 1988 3054 2041 Μωῦσεῖ
3096 1986 3317 2055 ἁγνίσαι
3334 1985 3422 2039 τὸν
3449 1985 3603 2039 πάντα
3623 1983 3714 2036 λαὸν

2215 2083 2299 2152 ἐφ’
2328 2081 2560 2153 ἡμέραις
2596 2079 2794 2152 τρισὶν,
2832 2078 2907 2142 ὡς
2940 2077 3007 2131 ἂν
3031 2079 3275 2146 γένοιντο
3300 2077 3480 2132 θεαταὶ
3508 2074 3624 2148 ὁμοῦ
3648 2076 3714 2129 καὶ

2214 2175 2478 2245 ἀκροαταὶ
2502 2173 2599 2243 τῆς
2628 2172 2810 2226 ἐνθέου
2843 2171 3163 2240 ἐπιφανείας
3187 2212 3204 2237 ,
3233 2171 3284 2225 οἱ
3316 2169 3372 2222 δέ
3416 2168 3714 2239 ἐξησθένησαν

2214 2267 2349 2338 πρὸς
2375 2264 2473 2337 τὴν
2500 2263 2593 2317 τοῦ
2629 2262 2762 2318 Θεοῦ
2792 2262 2950 2335 χάριν
2973 2277 2986 2291 ·
3019 2260 3098 2314 διὸ
3125 2263 3182 2313 ἐν
3206 2261 3348 2330 ἀρχῇ
3375 2258 3623 2328 γενόμενοι
3645 2256 3714 2325 τῆς

2212 2359 2463 2431 θεωρίας,
2487 2356 2821 2431 παρῃτοῦντο
2843 2356 3088 2425 λέγοντες
3113 2353 3191 2420 τῷ
3214 2354 3433 2408 Μωῠσεῖ
3448 2368 3459 2381 ·
3486 2372 3503 2401 ι
3536 2351 3595 2405 Σὺ
3606 2350 3714 2403 λάλει

2212 2452 2346 2523 πρὸς
2369 2452 2535 2523 ἡμᾶς,
2565 2450 2659 2503 καὶ
2691 2448 2766 2520 μὴ
2793 2447 3019 2501 λαλείτω
3047 2446 3183 2517 πρὸς
3211 2435 3400 2516 apage
3418 2444 3555 2507 Θεὸς,
3577 2443 3645 2496 ἵνα
3662 2443 3714 2513 μή

2209 2542 2583 2612 ἀποθάνωμεν.
2614 2561 2633 2594 ι
2652 2539 2887 2603 Εἰκότως
2913 2537 2999 2592 διά
3021 2538 3191 2591 ταῦτα
3215 2536 3522 2608 ἀποδέχεται
3553 2535 3631 2607 μὲν
3649 2535 3714 2586 αὑ·

2208 2635 2334 2697 τοὺς
2356 2634 2385 2688 ό
2408 2632 2610 2705 Κύριος
2633 2634 2731 2702 τῆς
2751 2630 3051 2696 εὐλαϐείας,
3074 2630 3211 2701 φησι
3232 2630 3310 2684 δέ’
3335 2649 3353 2681 ‹
3378 2627 3563 2700 Ὀρθῶς
3585 2627 3714 2681 πάντα

2210 2727 2310 2780 ὅσα
2328 2726 2593 2796 ἐλάλησαν
2614 2740 2627 2753 °
2664 2725 2953 2798 Προφήτην
2981 2723 3277 2793 ἀναστήσω
3304 2723 3476 2785 αὐτοῖς
3507 2722 3563 2773 ἐκ
3591 2719 3714 2791 μέσον

2209 2820 2317 2873 τῶν
2361 2817 2602 2889 ἀδελφῶν
2626 2860 2640 2879 ,
2683 2815 2873 2888 ὥσπερ
2924 2813 3006 2870 σέ.
3037 2835 3054 2867 ι
3094 2815 3313 2870 Οὐκοῦν
3354 2815 3414 2869 τὺ
3461 2813 3611 2870 αἴτιον
3641 2812 3714 2864 ἐδί-

2208 2911 2334 2978 δαξε
2385 2909 2479 2967 τοῦ
2539 2909 2693 2980 δίκην
2749 2909 3026 2982 προφήτου
3088 2908 3306 2979 μέλλειν
3354 2908 3506 2963 αὐτὸν
3553 2907 3618 2968 εἰς
3652 2905 3714 2956 ἁν-

2211 3003 2463 3078 θρώπους
2508 3003 2825 3071 ἐπιφάνειαν
2877 3000 3175 3055 ποιεῖσθαι*
3233 3000 3390 3056 τοῦτο
3436 3000 3478 3053 δ’
3512 2995 3571 3071 ἦν
3597 2995 3714 3050 auo:-

2213 3115 2329 3151 νεια
2369 3094 2689 3167 ἀνθρώπων,
2729 3095 2822 3149 καὶ
2858 3094 2957 3165 τῆς
2988 3093 3299 3166 κρείττονος
3327 3094 3544 3165 θεωρίας
3578 3088 3714 3160 παραὶ·

2211 3206 2389 3262 τησις.
2446 3188 2629 3257 Ἔχεις
2688 3185 2976 3259 τοιγαροῦν
3017 3185 3112 3239 καὶ
3165 3186 3272 3259 τὴν
3322 3187 3493 3240 αἰτίαν
3533 3185 3615 3255 τῆς
3657 3183 3714 3233 ὲν·

2209 3282 2609 3355 ανθρωπήσεως
2682 3278 2776 3332 τοῦ
2842 3277 3238 3349 θεσπιζομένου
3309 3280 3589 3351 προφήτου.
3654 3274 3714 3325 ΕΞ-

2210 3375 2381 3438 κότως
2435 3371 2526 3429 οὖν
2581 3371 2983 3448 προσδοκῶντες
3045 3371 3208 3426 αὐτὸν
3269 3373 3320 3425 οἱ
3370 3373 3433 3425 ἐκ
3484 3366 3714 3442 περιτομῆς

2211 3465 2563 3519 ἐπυνθάνοντο
2613 3462 2707 3516 τοῦ
2750 3459 3046 3531 βαπτιστοῦ
3082 3460 3331 3523 Ἰωάννου
3358 3500 3373 3521 ,
3425 3461 3513 3513 καὶ
3555 3459 3714 3524 ἕλεγον⁴

2214 3578 2234 3611 ι
2281 3561 2338 3612 'U
2366 3559 2644 3630 προφήτης
2669 3555 2716 3610 εἷ
2743 3556 2841 3622 sti;
2873 3556 2929 3610 Ὁ
2952 3554 3008 3608 δέ
3038 3554 3139 3627 ἔφη
3158 3571 3171 3585 ·
3208 3555 3378 3611 Οὔπω
3397 3554 3559 3608 Ἀλλ’ό
3585 3550 3714 3605 Ἱωάν·

2208 3666 2324 3720 νης,
2348 3648 2575 3720 τάληθὲς
2606 3646 2899 3718 ὁμολογῶν,
2934 3644 3055 3700 οῦτε
3100 3648 3394 3720 προφήτης
3439 3640 3562 3699 εἶναι
3598 3640 3714 3713 ἠρνὴ·

2212 3756 2361 3805 σατο,
2386 3735 2451 3811 ἦν
2476 3738 2604 3813 γὰρ,
2630 3739 2765 3792 άλλά
2792 3739 2851 3792 τὸ
2888 3737 3048 3802 αὐτὸς
3074 3735 3215 3792 εἶναι
3240 3741 3269 3793 6
3298 3740 3566 3813 προφήτης
3585 3730 3714 3803 όπρὺς

2208 3830 2303 3885 τοῦ
2332 3830 2608 3895 Μωῦσέως
2638 3829 3026 3902 δεδηλωμένος·
3058 3831 3137 3883 ὅτι
3174 3829 3235 3883 δὲ
3264 3827 3638 3901 ἀπεσταλμένος
3663 3820 3714 3875 εἴτ

2211 3923 2516 3995 ἔμπροσθεν
2578 3923 2671 3976 τοῦ
2738 3925 3014 3995 προφήτου
3072 3921 3286 3976 ἐκείνου
3351 3921 3596 3975 ἐδίδασκε.
3644 3913 3714 3966 Kal

2210 4015 2504 4088 ἐπειδήπερ
2533 4017 2561 4070 ό
2584 4015 2738 4085 λόγος
2777 4016 2958 4078 αὐτοῖς
2984 4014 3047 4086 δὴ
3075 4017 3184 4078 τοῖς
3226 4017 3293 4069 ἐκ
3327 4010 3604 4087 περιτομῆς
3629 4007 3714 4061 ἀνα¹

2213 4108 2501 4181 στήσεσθαι
2524 4107 2614 4161 τὸν
2643 4108 2925 4180 προφήτην
2953 4106 3263 4173 ἐθέσπιζεν,
3289 4107 3506 4169 εἰκότως
3530 4104 3556 4155 ὁ
3580 4099 3714 4166 Σωτῆί

2211 4199 2305 4254 καὶ
2332 4197 2533 4275 Κύριος
2563 4198 2737 4273 ήμῶν,
2767 4197 2860 4252 ἅτε
2894 4197 2958 4268 δὴ
2986 4197 3146 4262 αὐτὸς
3173 4196 3252 4251 ὢν
3276 4200 3307 4253 ό
3337 4187 3714 4271 προκεκηρυγμὲ

2210 4309 2321 4358 νος,
2379 4311 2398 4349 ι
2452 4292 2563 4349 Οὐκ
2618 4288 2801 4364 ¹ἦλθον,
2849 4293 3031 4365 φησιν,
3083 4294 3130 4345 εἰ
3177 4293 3256 4365 μὴ
3307 4295 3387 4357 εἰς
3429 4290 3492 4344 τά
3533 4284 3714 4359 πρόϐατα

2211 4383 2523 4438 ἀπολωλότα
2569 4384 2718 4449 οἴκου
2754 4382 2984 4456 Ἰσραήλ.
3023 4403 3043 4435 ι
3080 4384 3207 4447 Τοῖς
3248 4383 3309 4437 δέ
3342 4379 3627 4440 ἀποστόλοις
3657 4371 3714 4425 οὐκ

543 4468 825 4535 duntaxat,
856 4484 1015 4537 quem
1045 4467 1222 4525 Moses
1258 4477 1548 4537 venturum
1575 4467 1932 4537 praedixisset.
1956 4466 2111 4534 Quod

2214 4472 2306 4528 τοῦ
2338 4474 2568 4546 παρῄνει
2602 4474 2805 4545 λέγων·
2837 4494 2855 4527 ι
2892 4475 2987 4539 Εἰς
3023 4474 3140 4528 ὁδὸν
3178 4474 3351 4528 ἐθνῶν
3384 4473 3458 4545 μὴ
3486 4466 3714 4534 ἀπέλθητεγ

544 4576 672 4619 vero
711 4569 837 4620 ante
858 4560 1011 4614 illum
1051 4562 1371 4630 prophetam
1415 4559 1616 4628 missus
1655 4567 1823 4624 esset,
1856 4559 2110 4629 planissi-

546 4668 631 4721 me
661 4651 1073 4708 demonstravit.
1125 4650 1432 4716 Czeterum,
1482 4651 1740 4729 quoniam
1792 4648 2109 4722 prophetica

544 4746 717 4813 oratio
762 4745 886 4800 unis
930 4745 998 4801 iis
1040 4744 1133 4815 qui
1179 4752 1247 4799 ad
1292 4745 1765 4809 circnmcisionem
1815 4743 2107 4815 pertinent,

547 4839 921 4897 suscitandum
948 4854 1071 4894 esse
1094 4838 1410 4910 prophetam
1437 4838 1686 4904 canebat,
1710 4838 1905 4892 merito
1931 4836 2115 4895 Salva-

548 4945 633 5001 tor
672 4947 738 4999 ac
782 4930 1045 4997 Dominus
1090 4916 1298 4996 noster,
1324 4939 1507 5001 utpote
1548 4931 1643 5007 qui
1676 4930 1792 5003 ipse
1833 4938 1977 4986 esset
2020 4930 2111 4987 ille

546 5035 702 5083 antea
725 5025 1099 5092 denuntiatus,
1128 5044 1147 5075 ι
1179 5022 1299 5079 Non
1340 5024 1484 5088 veni,
1510 5023 1710 5094 inquit,
1742 5023 1851 5078 nisi
1888 5022 1955 5077 ad
1980 5038 2109 5080 oves

542 5135 663 5192 quae
702 5121 983 5191 perierunt
1025 5119 1221 5184 domus
1267 5116 1430 5170 Israel
1453 5116 1521 5171 ⁷³.
1553 5136 1571 5169 ι
1596 5115 1891 5190 Apostolos
1924 5127 2109 5179 autem

545 5230 675 5284 suos
700 5212 978 5277 monebat,
1002 5210 1192 5269 dicens
1217 5230 1230 5266 :
1263 5228 1281 5261 ι
1316 5208 1372 5264 In
1414 5208 1557 5264 viam
1600 5211 1844 5280 gentium
1867 5227 1936 5266 ne
1961 5213 2110 5269 abie-

546 5305 683 5368 ritis,
702 5310 756 5359 et
783 5303 840 5357 in
865 5302 1138 5363 civitatem
1166 5297 1637 5365 Samaritanorum
1660 5315 1729 5365 ne
1749 5300 2107 5371 intraveritis.

544 5394 621 5455 lte
671 5412 803 5452 vero
853 5394 1037 5468 potius
1093 5391 1162 5447 ad
1209 5407 1338 5449 oves
1397 5407 1519 5463 quae
1579 5392 1857 5461 perierunt
1913 5393 2109 5460 domus

543 5485 707 5553 Israel
733 5489 819 5554 ἠς
860 5506 882 5541 ι
913 5486 1008 5543 ubi
1054 5485 1214 5557 plane
1258 5483 1528 5548 ostendit,
1579 5499 1638 5540 se
1664 5482 1840 5554 primo
1880 5469 2009 5542 loco.
2040 5484 2110 5543 ad

545 5577 666 5648 illos
703 5593 826 5633 esse
865 5578 1129 5638 missum,
1155 5576 1299 5641 sicut
1353 5575 1519 5637 etiam
1559 5574 1629 5630 ab
1664 5574 1781 5646 ipsa
1823 5578 2109 5648 prophetia

2215 4566 2309 4620 καὶ
2335 4566 2417 4631 είς
2441 4565 2592 4623 πόλιν
2619 4557 2971 4637 Σαμαρειτῶν
3011 4565 3085 4638 μὴ
3136 4566 3414 4638 εἰσέλθητε
3434 4579 3445 4594 ’
3488 4551 3714 4633 πορεύεσθε

2212 4654 2269 4708 δὲ
2305 4654 2501 4726 μᾶλλον
2533 4655 2669 4725 πρὸς
2697 4654 2765 4708 τὰ
2797 4654 3039 4727 πρόϐατα
3059 4654 3129 4708 τὰ
3158 4655 3471 4711 ἀπολωλότα
3492 4650 3621 4705 οἴκου
3648 4644 3714 4696 Ίσ·

2218 4747 2382 4821 ραήλ⁸
2423 4766 2440 4799 ι
2474 4748 2661 4816 σαφῶς
2689 4747 2973 4811 διδάσκων,
3016 4747 3096 4804 ὅτι
3127 4746 3191 4829 δή
3231 4747 3413 4810 αὐτοῖς
3444 4731 3714 4829 προηγουμξς

2216 4859 2322 4905 νως
2349 4839 2669 4907 ἀπέσταλτο,
2723 4843 2789 4910 τῇ
2834 4839 3139 4912 προφητείᾳ
3182 4824 3510 4901 ἀκολούθως.
3556 4824 3714 4891 Ἐπειᾶ

2215 4932 2272 4986 δὲ
2297 4932 2396 4985 οὐκ
2423 4931 2665 5008 ἐδέξαντο
2704 4932 2800 5009 τὴν
2840 4932 3018 5003 χάριν,
3053 4929 3344 5003 ἀπελέγχει
3372 4930 3465 5003 μὲν
3491 4923 3654 4982 αὐτοὺς
3680 4917 3714 4967 ἐκ

2217 5026 2442 5096 ἑτέροις,
2464 5022 2636 5093 λέγων
2659 5041 2672 5054 ·
2702 5042 2724 5081 ι
2761 5024 2905 5091 Διότι
2930 5019 3114 5107 ἦλθον,
3142 5024 3236 5077 καὶ
3263 5011 3367 5079 οὐκ
3386 5018 3453 5096 ἧν
3477 5017 3714 5107 ἄνθρωπε

2217 5114 2468 5181 ἐκάλεσα,
2502 5116 2594 5175 καὶ
2626 5117 2726 5173 οῦκ
2758 5110 2825 5186 ἦν
2861 5098 3167 5172 ὑπακούων,
3208 5133 3227 5165 ι
3261 5112 3403 5184 Φησὶ
3435 5111 3491 5167 δὲ
3517 5104 3629 5180 πρὸς
3647 5098 3714 5153 αὖ·

2214 5207 2339 5271 τούς
2356 5224 2370 5239 ο
2395 5226 2413 5259 ι
2436 5208 2491 5260 ’Δ
2501 5207 2755 5283 ρθήσεται
2780 5205 2873 5285 ἀφ’
2901 5205 3056 5278 ὑμῶν
3074 5209 3108 5279 ή
3131 5204 3375 5277 βασιλεία
3393 5200 3483 5257 τοῦ
3504 5189 3714 5285 Θεοῦάια)

2214 5278 2517 5373 δοθήσεται
2529 5278 2668 5365 ἔθνει
2711 5279 2950 5354 ποιοῦντι
2974 5299 3100 5363 τοὺς
3131 5298 3378 5370 καρποὺς
3404 5292 3576 5363 αὐτῆς.
3598 5305 3613 5338 ›
3639 5278 3714 5335 Kal

2215 5395 2326 5457 τοῖς
2347 5409 2411 5462 γε
2440 5391 2602 5447 αὑτοῦ
2628 5392 2893 5467 μαθηταῖς
2919 5390 3055 5463 μετὰ
3078 5389 3177 5462 τὴν
3204 5386 3425 5447 ἐκείνων
3450 5379 3714 5467 παραίτησιξί

2217 5457 2542 5553 προστάττει
2562 5499 2575 5513 ι
2609 5457 2640 5533 ι’
2668 5457 3029 5554 Πορευθέντες
3079 5457 3447 5551 μαθητεύσατε
3491 5471 3642 5525 πάντα
3670 5457 3714 5512 τι)

2218 5575 2344 5646 ἔθνη
2360 5576 2417 5628 ἐν
2433 5575 2510 5647 τῷ
2525 5574 2745 5646 ὀνόματί
2770 5590 2888 5644 μου.
2904 5592 2921 5625 ι
2940 5573 3096 5633 Οὕτω
3112 5572 3242 5641 δῆτα
3260 5572 3418 5643 ﬂuet;
3442 5566 3536 5646 μὲν
3550 5560 3609 5615 τὰ
3622 5555 3714 5619 εθνη

614 5693 671 5780 τί.
700 5690 884 5780 Agim"
914 5709 968 5780 ξ’
998 5688 1206 5780 Ῥνῖλ
1306 5692 1352 5722 ”
1394 5695 1587 5745 δηίων
1650 5705 1762 5758 νη»
1822 5690 1914 5747 29-
2017 5692 2062 5724 ⁷³
2116 5690 2289 5751 Exod.
2349 5707 2415 5745 xx
2442 5730 2456 5756 ,
2491 5690 2577 5747 l9.
2680 5690 2727 5723 7"
2763 5687 2918 5746 Joan.
2958 5706 3010 5756 ι,
3044 5688 3132 5754 2|.
3235 5686 3279 5719 "
3319 5682 3503 5780 matth,
3538 5670 3714 5742 xv,“

542 5765 587 5799 ἐ
626 5760 813 5830 ﬂaui).
838 5779 890 5831 κ,
926 5765 980 5829 5,
1006 5769 1059 5818 ti.
