3868 6192
241 271 339 325 693

1141 263 1788 322 DEMONSTRATIONIS
1823 260 2276 319 EVANGELICE
2315 258 2443 314 LIB.
2485 256 2572 310 1X.

3342 257 3445 314 695

231 382 310 433 τὸν
342 376 867 450 προαναφωνηθέντα
890 393 982 430 και
1006 377 1139 449 πρὸς
1162 378 1255 430 τοῦ
1282 378 1491 450 Πατρὸς
1512 379 1769 433 ἀπεσταλ-

1880 378 2083 432 dictum
2107 377 2303 433 fuerat.
2344 374 2446 429 Sed
2467 387 2589 428 cum
2615 373 2775 428 talem
2815 376 3045 444 gratiam
3069 389 3177 429 non
3205 376 3445 444 accepis-

227 468 379 538 μένον
403 468 707 538 προφήτην,
738 468 835 520 ἆτε
865 467 1155 537 νομοθέτην
1180 468 1348 521 ἀπασι
1371 470 1655 540 γενόμενον
1686 470 1779 523 ἀν-

222 559 457 630 θρώποις
493 560 594 629 τῆς
638 561 717 622 είς
749 560 838 612 τὸν
870 558 974 612 τῶν
1016 559 1150 612 ὅλων
1192 560 1321 613 Θεὸν
1371 561 1665 625 εὐσεϐείας,
1695 560 1782 614 διὰ

221 653 314 721 τῆς
344 651 617 723 σωτηρίου
649 651 744 703 καὶ
775 650 1130 720 εὺαηελικῆς
1160 651 1504 714 διδασκαλίας
1540 651 1781 722 ἔγνωμεν

219 742 303 793 καὶ
342 740 773 811 κατεδεξάμεθα,
817 741 1190 811 πληρουμένης
1231 740 1369 794 κατὰ
1407 742 1466 794 τὸ
1517 741 1646 794 αὐτὸ
1687 744 1782 795 καὶ

216 831 411 903 ἑτέρας
456 834 844 904 προρρήσεως,
889 832 953 884 δι’
978 828 1045 903 ἦς
1083 831 1317 902 εἴρηται·
1358 849 1377 883 ι
1411 832 1777 902 Κατάστησον,

212 922 409 993 Κύριε,
434 922 730 992 νομοθέτην
756 923 953 985 αὐτοῖς,
980 920 1267 989 γνώτωσαν
1289 922 1434 992 ἔθνη,
1460 922 1539 975 ὅτι
1572 923 1778 994 ἀνθρω-

208 1012 304 1066 ποί
331 1014 478 1066 εἰσιο
522 1033 540 1064 ι
571 1013 632 1064 τὸ
663 1012 721 1066 δὲ
756 1012 1018 1065 Ἰουδαίων
1055 1010 1203 1074 ἔθνος
1238 1012 1310 1083 μὴ
1344 1010 1779 1083 παραδεξάμενον

206 1102 297 1158 τὸν
319 1104 821 1175 προφητευόμενον,
851 1104 1005 1174 δίκην
1031 1102 1174 1156 ἔτισε
1204 1103 1300 1174 τὴν
1321 1101 1494 1168 ἀξίαν,
1520 1104 1658 1156 κατά
1682 1104 1779 1175 τὴν

207 1194 355 1248 θείαν
385 1194 695 1266 πρόρρησιν
728 1195 972 1264 φήσασαν
993 1210 1006 1223 ⁸
1047 1212 1065 1245 ‹
1105 1193 1214 1245 Καὶ
1242 1196 1270 1245 ὁ
1293 1193 1572 1264 ἄνθρωπος
1598 1193 1654 1255 ὃς
1685 1200 1778 1246 εαν

208 1286 279 1356 μὴ
310 1284 529 1355 ἀκούσῃ
559 1286 732 1338 πάντα
762 1285 861 1336 ὅσα
888 1283 981 1337 ὲάν
1014 1283 1218 1355 λαλήσῃ
1252 1285 1279 1335 ὁ
1307 1284 1584 1354 προφήτης
1614 1284 1670 1334 ὲν
1700 1281 1778 1352 τῷ

204 1373 432 1445 ὀνόματί
462 1393 587 1445 μου,
614 1375 721 1443 ἐγὼ
747 1375 1015 1445 ἐκδικήσω
1044 1373 1103 1437 ἐξ
1133 1372 1313 1426 αὑτοῦ.
1351 1393 1368 1423 ι
1417 1373 1776 1444 Ἐκδεδίκηται

204 1465 331 1534 γοῦν
368 1469 436 1520 ὲκ
463 1466 560 1520 τοῦ
587 1466 721 1520 λαοῦ
756 1467 961 1520 ἐκείνου
988 1467 1092 1519 πᾶν
1118 1463 1254 1536 αἷμα
1285 1466 1508 1537 ἐκχυθὲν
1552 1466 1641 1517 ἐπὶ
1680 1466 1777 1536 τῆς

203 1559 326 1627 γῆς,
365 1558 474 1611 ἀπὸ
505 1559 732 1627 αἵματος
770 1557 932 1610 Ἀϐελ
964 1558 1066 1620 ἓως
1098 1558 1326 1627 αἵματος
1370 1557 1655 1628 Ζαχαρίου,
1684 1557 1776 1609 καὶ

203 1649 373 1702 αὑτοῦ
396 1668 459 1718 γε
485 1652 578 1702 ἐπὶ
604 1653 733 1703 πᾶσι
757 1650 848 1703 τοῦ
870 1649 1125 1721 Χριστοῦ,
1150 1643 1210 1702 οὗ
1244 1650 1304 1702 τὸ
1331 1644 1467 1719 αἷμα
1499 1650 1619 1702 καθ’
1651 1651 1775 1703 ὲαυ-

1884 479 2023 530 sent,
2058 467 2275 523 eosdem
2319 466 2447 520 alibi
2488 465 2786 535 redarguit,
2829 464 3063 520 dicens:
3106 484 3124 515 ‹
3178 464 3253 520 Eo
3297 466 3442 535 quod

1882 559 2094 624 veni,et
2134 573 2243 613 non
2281 557 2379 611 fuit
2422 557 2603 617 homo,
2638 556 2846 620 vocavi,
2876 564 2931 609 et
2960 570 3067 608 non
3099 554 3199 608 fuit
3227 556 3319 625 qui
3348 572 3442 608 au-

1882 647 2100 703 diret".
2132 667 2150 698 ι
2186 646 2386 701 Deinde
2408 646 2473 699 ad
2494 645 2614 699 illos
2649 641 2780 696 dicit
2810 663 2822 697 :
2858 662 2876 694 σ
2907 642 3199 698 Auferetur
3231 661 3260 696 δ
3291 645 3445 699 vobis

1880 752 2103 807 regnum
2128 736 2243 801 Dei,
2274 744 2328 791 et
2352 735 2571 789 dabitur
2605 736 2751 804 genti
2778 734 2969 789 ferenti
3017 734 3229 789 fructus
3263 734 3435 803 ejus.»

1883 826 2008 883 Suis
2033 843 2160 882 vero
2190 826 2474 895 discipulis
2517 837 2639 895 post
2688 826 2903 879 illorum
2945 825 3290 894 rejectionem
3337 827 3442 879 im-

1881 925 2034 989 perat
2073 937 2084 972 :
2117 937 2134 969 ‹
2193 917 2269 972 lte
2306 925 2359 972 et
2408 917 2598 972 docete
2656 931 2846 970 omnes
2900 927 3085 987 gentes
3126 918 3180 971 in
3223 919 3441 974 nomine

1880 1027 2000 1066 meo
2023 1011 2086 1063 ⁷⁸.
2140 1029 2159 1062 ι
2196 1008 2288 1064 Sic
2329 1010 2494 1078 igitur
2519 1025 2620 1065 nos
2644 1009 2861 1079 quidem
2904 1018 3111 1079 gentes,
3160 1019 3313 1066 antea
3342 1012 3441 1065 de-

1880 1103 2185 1154 nuntiatum
2240 1101 2389 1154 illum
2446 1110 2500 1155 et
2546 1115 2574 1153 a
2619 1099 2777 1153 Patre
2821 1100 3050 1154 missurn
3096 1102 3436 1171 prophetam,

1881 1203 2134 1262 tanquam
2168 1210 2293 1248 cum
2327 1194 2418 1263 qui
2456 1195 2710 1249 omnibus
2737 1193 3055 1249 hominibus
3085 1201 3138 1248 et
3173 1196 3347 1264 legum
3386 1203 3440 1249 et

1880 1287 2095 1356 pietatis
2141 1301 2269 1355 erga
2318 1285 2483 1340 Deum
2527 1286 2766 1341 universi
2808 1294 2999 1339 auctor
3026 1287 3313 1352 exstiterit,
3342 1301 3440 1356 per

1878 1376 2359 1445 salutaremipsius
2380 1377 2857 1447 evangelicamque
2889 1376 3191 1431 doctrinam
3224 1378 3440 1447 agnovi-

1876 1482 2036 1531 mus,
2093 1474 2147 1522 et
2204 1467 2565 1536 suscepimus,
2622 1484 2744 1523 cum
2795 1469 2850 1523 in
2910 1470 3013 1523 hoc
3061 1469 3166 1522 alia
3224 1485 3439 1538 quoque

1877 1559 2153 1628 prophetia
2181 1559 2447 1628 completa
2498 1559 2598 1625 sit,
2632 1576 2751 1630 quae
2783 1561 2897 1616 ait:
2944 1579 2962 1611 ι
3001 1560 3305 1626 Constitue,
3335 1560 3439 1614 Do-

1878 1649 2040 1710 mine,
2076 1648 2437 1717 legislatorem
2464 1649 2602 1717 apud
2636 1666 2751 1713 eos,
2776 1661 3072 1721 agnoscant
3091 1662 3278 1721 gentes
3293 1654 3434 1721 quod

199 1741 307 1793 τῶν
340 1741 761 1811 ἐξαιτησάμενοι
794 1743 885 1795 καὶ
916 1743 1053 1796 κατά
1096 1742 1202 1795 τῶν
1238 1742 1378 1799 ἰδίων
1416 1742 1638 1804 παίδων,
1664 1741 1769 1792 εἱσ-

1877 1740 2119 1793 homines
2157 1748 2284 1793 sunt
2317 1741 2381 1794 7°.
2432 1759 2451 1791 ι
2494 1739 2665 1795 Judzni
2712 1757 2841 1796 vero
2883 1752 3071 1796 contra
3122 1746 3213 1813 qui
3263 1746 3434 1812 illum,

204 1830 274 1882 ἐτι
307 1830 411 1883 νῦν
448 1831 555 1900 τῆς
594 1832 948 1904 τολμηθείσης
979 1836 1158 1898 αὐτοῖς
1188 1834 1436 1896 ἀσεϐείας
1469 1833 1566 1903 τὴν
1598 1848 1767 1902 τιμω-

205 1922 317 1991 ρίαν
346 1923 673 1991 ὑπέχουσιν.

1874 1846 2033 1899 quem
2069 1846 2166 1885 sua
2198 1831 2440 1901 ipsorum
2479 1835 2700 1888 oracula
2744 1844 3027 1889 venturum
3072 1836 3435 1905 praedia-baut

1874 1938 1981 1975 non
2004 1932 2378 1992 susceperunt,
2404 1922 2657 1978 idoneum
2690 1924 2882 1980 dedere
2903 1928 3227 1996 supplicium
3252 1970 3265 1991 ,
3295 1929 3435 1981 sicut

203 2015 496 2084 prophetia
534 2016 716 2071 divina
756 2018 1174 2089 signiﬁcaverat,
1221 2034 1344 2073 cum
1408 2018 1592 2073 dixit:
1658 2034 1676 2065 σ
1734 2014 1797 2068 Ει
1834 2017 2148 2086 quicunque
2192 2017 2352 2072 homo
2405 2034 2513 2073 non
2562 2020 2799 2075 audierit
2863 2022 3043 2076 omnia
3097 2037 3433 2092 quaecunque

201 2107 460 2177 loquetur
485 2111 752 2178 propheta
778 2111 865 2164 ille
895 2112 948 2165 in
983 2111 1202 2167 nomine
1242 2127 1382 2174 meo,
1409 2125 1508 2180 ego
1534 2107 1767 2163 ulciscar
1804 2123 1867 2161 ex
1898 2123 1982 2162 eo.
2020 2128 2038 2160 ι
2084 2107 2238 2165 Ultus
2263 2109 2426 2179 igitur
2483 2120 2565 2165 est
2604 2111 2671 2166 de
2696 2112 2895 2182 populo
2920 2114 3010 2167 illo
3033 2129 3246 2168 omnem
3306 2132 3432 2170 san-

202 2204 422 2270 guinem
455 2203 693 2259 eﬁ‘usum
739 2206 791 2259 in
818 2214 1015 2262 terram
1057 2221 1083 2259 a
1136 2207 1399 2276 sanguine
1459 2204 1611 2268 Abel,
1671 2217 1844 2271 usque
1882 2202 1948 2257 ad
1998 2205 2312 2275 sanguinem
2345 2203 2641 2269 Zachariae,
2674 2214 2727 2259 et
2781 2205 2848 2259 ad
2900 2204 3199 2261 extremum
3260 2209 3433 2277 ipsius

202 2294 432 2359 Christi,
484 2297 646 2366 cujus
694 2300 1008 2369 sanguinem
1059 2315 1184 2355 eum
1211 2315 1376 2369 super
1404 2315 1482 2367 se,
1514 2307 1568 2354 et
1608 2313 1771 2367 super
1809 2297 1948 2353 ﬁlios
1971 2314 2101 2354 suos
2156 2302 2626 2371 expoposcissent,
2690 2300 2743 2354 in
2767 2301 2911 2355 hunc
2939 2318 3109 2372 usque
3133 2302 3273 2357 diem
3312 2304 3430 2374 ejus

202 2391 452 2453 sceleris,
472 2392 620 2459 quod
644 2393 1001 2449 audacissime
1023 2403 1419 2464 perpetrarunt,
1442 2376 1762 2465 supplicium
1803 2394 2063 2463 pendunt.

209 2499 346 2552 Ἀπὸ
386 2499 504 2553 τοῦ
534 2501 666 2554 Ἰώὸ.
694 2503 921 2570 -Περὶ
968 2503 1071 2571 τῆς
1110 2505 1177 2557 ἐν
1220 2503 1473 2558 θαλάττῃ
1531 2500 1769 2570 πορείας

784 2573 889 2626 τοῦ
920 2575 1195 2641 Χριστοῦ.

265 2701 283 2733 ι
338 2684 404 2735 ὐ
440 2683 615 2751 λέγων
647 2685 723 2755 τῷ
764 2685 914 2756 ἡλίῳ,
956 2688 1047 2740 καὶ
1079 2689 1174 2740 οὐκ
1221 2688 1516 2751 ἀνατέλλει,
1546 2689 1685 2741 κατὰ
1712 2687 1769 2740 δὲ

198 2774 413 2845 ἀστρων
445 2780 896 2848 κατωφραγίζει,
940 2783 967 2833 ὁ
1013 2782 1244 2844 τανύσας
1286 2781 1374 2833 τὸν
1418 2781 1639 2852 οὐρανὸν
1676 2779 1769 2850 p.6-

196 2883 297 2931 νος,
325 2868 439 2921 καὶ
463 2871 776 2940 περιπατῶν
811 2874 900 2924 ἐπὶ
929 2872 1198 2942 θαλάσσης
1232 2873 1306 2935 ὼς
1336 2874 1418 2925 ἐπ’
1455 2873 1699 2941 ἐδάφους.
1743 2892 1760 2922 ›

198 2960 300 3051 lini.
331 2961 517 3013 ταῦτα
556 2963 698 3033 μόνῳ
742 2962 817 3033 τῷ
855 2964 1065 3036 Σωτῆρι
1114 2966 1207 3019 καὶ
1253 2964 1439 3034 Κυρίῳ
1485 2964 1659 3034 ἡμῶν,
1693 2963 1767 3026 ὡς
1796 2995 1836 3051 C

197 3049 259 3102 ἂν
282 3052 430 3104 Θεοῦ
469 3053 641 3123 Λόγῳ,
672 3054 733 3125 δη
743 3055 981 3126 μιουργῴ
1011 3056 1117 3109 τῶν
1147 3056 1279 3108 ὅλων
1322 3055 1632 3123 τυγχάνοντι
1674 3053 1770 3121 ἀρ·

201 3142 355 3209 μόζοι
391 3143 494 3195 ἄν’
546 3145 700 3213 μόνος
730 3144 857 3214 γοῦν
912 3146 1018 3198 τῶν
1060 3146 1273 3199 πώποτε
1326 3145 1464 3198 κατά
1507 3145 1629 3205 τοὺς
1674 3144 1771 3213 τῆς

197 3232 668 3306 ὲνανθρωπήσεως
692 3238 929 3307 χρόνους,
966 3238 1119 3309 σῶμα
1150 3239 1242 3291 καὶ
1278 3238 1459 3308 σχῆμα
1493 3233 1766 3306 ἀνθρώπι-

195 3339 280 3376 νον
316 3325 629 3385 ἀναλαϐὼν,
661 3328 750 3379 ἐπὶ
780 3328 878 3399 τῆς
922 3329 1192 3399 θαλάσσης
1223 3328 1583 3399 περιπατῆσαι
1614 3324 1765 3393 λέγε-

194 3431 303 3477 ται,
334 3417 430 3468 ὅτε
457 3418 580 3479 τοὺς
611 3419 803 3472 ἑαυτοῦ
835 3421 1076 3493 μαθητὰς
1099 3420 1399 3490 ἠνάγκασεν
1434 3418 1661 3488 ἐμϐῆναι
1689 3419 1767 3481 εἰς

196 3505 405 3569 πλοῖον,
427 3508 521 3558 καὶ
546 3509 798 3578 προάγειν
821 3511 979 3563 αὐτὸν
1006 3512 1084 3573 είς
1107 3511 1167 3564 τὸ
1192 3510 1380 3574 πέραν,
1406 3510 1507 3571 ἕως
1529 3502 1588 3562 οὗ
1610 3509 1768 3573 αὐτὸς

196 3596 452 3668 ἀπολύσῃ
472 3599 594 3661 τοὺς
612 3599 797 3668 ὄχλους
815 3618 827 3629 ·
849 3603 940 3655 καὶ
961 3602 1230 3667 ἀπολύσας
1254 3605 1377 3666 τοὺς
1398 3603 1583 3673 ὄχλους
1603 3603 1766 3675 ἀνέϐη

195 3689 275 3750 είς
306 3688 373 3740 τὸ
404 3689 551 3759 ὄρος,
578 3695 693 3743 κατ’
728 3692 858 3745 ίδίαν
891 3695 1298 3764 προσεύξασθαι.
1328 3695 1509 3765 Ὀψίας
1539 3696 1595 3748 δὲ
1618 3712 1769 3764 γενο-

198 3780 373 3849 μένης
402 3782 562 3851 μὸνος
586 3779 652 3853 ἦν
680 3786 811 3838 ἐκεῖ.
831 3786 901 3838 Τὸ
927 3786 981 3837 δὲ
1007 3788 1181 3841 πλοῖον
1207 3788 1307 3859 ήδη
1327 3784 1390 3859 ἦν
1412 3791 1467 3842 ἐν
1500 3788 1646 3859 μέσῳ
1667 3790 1767 3860 τῆς

197 3871 503 3943 θαλάσσης.
542 3877 756 3941 Ἰδόντες
788 3878 843 3930 δὲ
884 3879 1040 3931 αὑτὸν
1078 3880 1170 3933 ἐπὶ
1199 3881 1295 3950 τῆς
1326 3880 1614 3951 θαλάσσης,
1642 3885 1764 3934 tm-

200 3967 508 4036 ρέτχθησαν,
541 3968 803 4035 λέγοντες,
838 3970 916 4022 ὅτι
943 3970 1231 4041 φάντασμά
1255 3974 1389 4036 ἐστι,
1418 3974 1509 4025 καὶ
1536 3973 1643 4026 άπὸ
1670 3972 1762 4025 τοῦ

199 4058 372 4126 φόϐου
405 4058 654 4129 ἔκραξαν.
688 4062 899 4125 Εὐθέως
938 4062 993 4114 δὲ
1034 4062 1290 4135 ἐλάλησεν
1328 4066 1525 4133 αὐτοῖς,
1557 4067 1758 4136 λέγων’

204 4167 223 4199 ι
262 4149 547 4220 Θαρσεῖτε,
572 4152 678 4221 ἐγώ
704 4155 836 4223 εἰμι,
869 4153 942 4224 μὴ
976 4154 1240 4222 φοϐεῖσθε.
1286 4177 1303 4208 ι
1346 4160 1547 4224 Ἀλλως
1577 4162 1632 4214 δὲ
1664 4163 1761 4216 οὑκ

200 4240 267 4293 ἂν
302 4242 512 4310 γένοιτο
545 4244 840 4317 ἀξιοπρεπῆ
879 4246 1149 4315 θεολογίαν
1184 4249 1356 4302 δοκεῖν
1392 4253 1678 4322 περιέχειν,
1708 4257 1756 4308 εί

1905 2504 2067 2576 446
2125 2505 2199 2557 Ab
2262 2505 2380 2560 Iob.
2424 2538 2494 2548 —
2551 2507 2623 2562 De
2683 2509 3041 2590 ambulatione
3087 2509 3288 2565 Christi
3338 2513 3392 2565 in

2560 2595 2715 2633 man.

1946 2706 1964 2738 ι
1995 2685 2097 2752 Qui
2120 2686 2248 2741 dicit
2267 2688 2388 2753 soli,
2413 2696 2465 2741 et
2490 2704 2597 2742 non
2624 2690 2816 2751 oritur,
2844 2699 2897 2745 et
2922 2700 3068 2746 astra
3091 2692 3246 2760 quasi
3271 2692 3428 2763 signo

1872 2778 2139 2847 impresso
2183 2779 2406 2844 claudit,
2454 2779 2546 2848 qui
2594 2779 2837 2834 extendit
2889 2781 3085 2835 ccelum
3122 2784 3301 2846 solus,
3334 2783 3427 2851 qui

1870 2869 2109 2922 ambulat
2148 2869 2201 2923 in
2230 2871 2364 2923 mari
2419 2870 2561 2924 sicut
2607 2871 2663 2924 in
2703 2871 2819 2926 Solo
2856 2871 2924 2925 ⁸⁰.
2956 2893 2975 2924 ι
3010 2871 3133 2927 Πιεο
3164 2874 3287 2927 item
3335 2874 3427 2929 uni

1870 2956 2138 3014 Salvatori
2173 2973 2237 3014 ac
2266 2959 2494 3015 Domino
2521 2973 2731 3027 nostro,
2758 2970 3014 3033 tanquam
3049 2963 3139 3018 Dei
3168 2963 3344 3018 Verbo
3373 2975 3427 3019 et

1872 3064 2051 3103 rerum
2075 3052 2317 3106 omnium
2340 3053 2517 3122 opiﬁci
2543 3056 2939 3109 accommodari
2978 3065 3210 3126 possunt
3240 3074 3253 3122 ;
3278 3057 3426 3111 solus

1870 3141 2014 3195 enim
2054 3158 2119 3195 ex
2140 3144 2395 3199 omnibus
2417 3145 2509 3213 qui
2542 3160 2779 3216 unquam
2810 3145 3030 3212 fuerint,
3055 3164 3161 3217 quo
3190 3157 3429 3216 tempore

1870 3233 2031 3287 homo
2063 3232 2241 3290 factus
2269 3244 2372 3299 est,
2397 3246 2450 3290 et
2484 3253 2711 3307 corpore
2738 3247 2792 3291 et
2834 3239 3003 3308 ﬁgura
3055 3239 3292 3294 hominis
3336 3257 3426 3294 as-

1871 3333 2105 3394 sumpta,
2130 3326 2183 3379 in
2203 3330 2485 3395 superﬁcie
2508 3329 2675 3382 maris
2701 3330 3006 3384 ambulasse
3026 3331 3223 3384 dicitur
3251 3350 3263 3385 :
3300 3348 3423 3386 cum

1871 3433 2003 3474 suos
2050 3417 2348 3487 discipulos
2387 3421 2651 3488 compulit
2696 3422 2989 3475 ascendere
3021 3420 3073 3474 in
3098 3421 3423 3487 naviculam,

1866 3514 1920 3561 et
1949 3506 2249 3576 praecedere
2272 3506 2447 3576 ipsum
2476 3516 2627 3562 trans
2654 3508 3059 3572 fretum,donec
3091 3511 3205 3580 ipse
3242 3511 3426 3564 dimit-

1868 3605 2005 3653 teret
2033 3598 2238 3663 turbas,
2256 3607 2310 3652 et
2335 3598 2577 3654 dimissis
2602 3599 2775 3655 turbis
2812 3602 3056 3655 ascendit
3096 3602 3149 3656 in
3189 3613 3425 3660 montem

1867 3698 1927 3741 ut
1947 3689 2096 3743 solus
2117 3697 2315 3743 oraret.
2358 3686 2591 3758 Vespere
2618 3696 2797 3742 autem
2835 3689 2977 3744 facto
3004 3692 3154 3745 solus
3178 3701 3292 3745 erat
3325 3693 3421 3749 ibi.

1865 3780 2123 3836 Navicula
2154 3791 2331 3835 autem
2370 3780 2481 3850 jam
2523 3788 2640 3835 erat
2682 3781 2735 3832 in
2782 3780 2959 3835 medio
2998 3782 3425 3839 mari.Videntcs

1866 3886 2044 3933 autem
2074 3894 2198 3934 eum
2223 3894 2386 3948 supra
2410 3892 2560 3932 mare
2590 3877 2789 3931 turbati
2818 3886 2966 3943 sunt,
2996 3877 3237 3932 dicentes
3280 3879 3423 3947 q'lod

1864 3972 2184 4041 phantasma
2214 3979 2377 4037 esset,
2403 3978 2456 4023 et
2487 3984 2596 4039 prae
2632 3970 2825 4023 timore
2865 3970 3253 4022 clamaverunt.
3303 3968 3425 4022 Sta-
3480 3996 3487 4009 κ

1863 4064 1958 4116 tim
1982 4079 2108 4118 vero
2126 4063 2339 4117 locutus
2364 4070 2446 4116 est
2473 4061 2776 4128 eis,dicens
2799 4058 3136 4121 :«Conﬁdiie,
3158 4075 3258 4129 ego
3280 4075 3423 4142 sum,

1863 4156 2029 4210 nolite
2055 4156 2246 4210 timere
2274 4154 2341 4208 ⁸¹.
2382 4173 2400 4205 ι
2428 4153 2559 4207 Nam
2601 4154 2802 4223 alioqui
2842 4151 2956 4205 ﬁeri
3000 4167 3107 4204 non
3142 4152 3339 4221 poterit
3363 4162 3423 4205 ut

1862 4246 1970 4302 Deo
1995 4247 2402 4301 convenientem
2452 4244 2781 4313 theologiam
2841 4241 3304 4312 comprehendere
3340 4243 3425 4295 vi-

201 4333 297 4383 ἐπὶ
320 4332 415 4385 τοῦ
450 4336 707 4389 ἀνωτάτω
738 4337 868 4389 Θεοῦ
912 4340 1004 4391 καὶ
1029 4339 1238 4410 Πατρὸς
1263 4341 1368 4393 τῶν
1398 4343 1531 4395 ὅλων
1562 4344 1762 4417 ἐκλαμ-

1877 4340 2054 4395 leatur
2082 4340 2381 4400 oraculum,
2415 4338 2460 4392 si
2505 4338 2630 4407 quis
2660 4335 2791 4389 illud
2838 4335 2905 4389 de
2935 4350 3187 4405 supremo
3228 4334 3338 4390 Deo
3374 4344 3428 4389 et

201 4422 354 4477 ϐἀνοι
380 4443 467 4487 τις
493 4427 553 4479 τὸ
579 4427 773 4496 λόγιον.
799 4429 861 4481 Τί
886 4430 991 4501 γάρ
1017 4431 1127 4501 ἔχει
1163 4432 1356 4502 σεμνὸν
1378 4434 1470 4486 καὶ
1496 4434 1765 4506 ἀξιόλογον

1877 4428 2027 4484 Patre
2069 4428 2307 4483 universi
2344 4427 2629 4497 intelligat.
2678 4424 2819 4492 Quid
2867 4426 3011 4479 enim
3058 4425 3425 4479 venerationis

202 4514 298 4568 ἐπὶ
324 4516 415 4569 τοῦ
445 4516 579 4570 Θεοῦ
617 4519 723 4571 τῶν
754 4520 887 4572 ὅλων
922 4526 1235 4592 περιπατεῖν
1277 4523 1522 4594 λέγεσθαι
1553 4528 1645 4580 ἐπὶ
1668 4530 1765 4601 τῆς

1877 4530 1959 4576 aut
1987 4520 2265 4591 dignitatis
2294 4519 2487 4573 habeat
2527 4520 2573 4573 si
2607 4517 2750 4573 Deus
2784 4516 3022 4572 universi
3065 4517 3342 4571 ambulare
3373 4518 3425 4570 in

204 4604 506 4676 θαλάσσης;
546 4608 667 4672 Πῶς
715 4609 769 4663 δὲ
823 4613 916 4665 καὶ
960 4614 1170 4686 νοηθείη
1208 4616 1503 4687 περίπατος
1540 4620 1631 4672 ἐπὶ
1667 4622 1765 4692 τῆς

1877 4613 2001 4666 mari
2030 4611 2281 4666 dicatur?
2320 4609 2635 4681 Cujusmodi
2661 4619 2838 4664 autem
2880 4608 3171 4663 ambulatio
3200 4608 3257 4661 in
3288 4606 3424 4661 mari

205 4697 476 4770 θαλάσσης
512 4700 604 4753 τοῦ
648 4701 716 4754 τὰ
750 4703 924 4758 πάντα
963 4707 1321 4778 περιέχοντος,
1362 4709 1454 4762 καὶ
1485 4712 1571 4763 τὸν
1606 4712 1764 4783 οὐρα-

206 4788 295 4839 νὸν
322 4792 410 4842 καὶ
436 4791 535 4861 τὴν
557 4792 658 4861 γῆν
685 4793 1044 4865 πληροῦεηος;
1073 4798 1161 4849 καὶ
1185 4800 1459 4869 μονονουχὶ
1484 4800 1729 4869 λέγοντος
1748 4819 1761 4832 ’

212 4897 233 4929 ι
282 4881 337 4933 '0
363 4884 585 4953 οὐρανός
615 4901 703 4953 μοι
729 4884 931 4953 θρόνος,
964 4888 995 4956 ή
1025 4886 1083 4939 δὲ
1111 4887 1181 4957 γῆ
1207 4888 1488 4942 ὑποπόδιον
1525 4891 1633 4945 τῶν
1667 4910 1763 4945 πο-

209 4967 315 5021 δῶν
362 4990 486 5041 μου·
525 4993 542 5024 ›
571 4974 696 5026 καί·
744 4994 761 5025 ι
816 4975 917 5027 Τὸν
962 4976 1187 5047 οὐρανὸν
1236 4979 1329 5031 καὶ
1371 4978 1467 5049 τὴν
1512 4980 1613 5049 γῆν
1655 4980 1763 5048 ἐγὼ

212 5058 591 5131 πληρῶ,λέγει
619 5064 838 5136 Κύριος.
891 5084 908 5116 ι
943 5066 999 5119 Ὀ
1026 5067 1082 5119 δέ
1123 5084 1184 5135 γε
1220 5068 1409 5141 Σωτὴρ
1435 5071 1527 5122 καὶ
1562 5071 1762 5142 Κύριος

213 5151 381 5221 ἡμῶν,
430 5155 620 5209 ἑαυτὸν
664 5155 927 5221 κενώσας,
972 5160 1063 5211 καὶ
1100 5160 1309 5231 μορφὴν
1345 5160 1527 5213 δούλου
1564 5161 1761 5225 λαϐὼν,

215 5244 305 5295 καὶ
341 5249 570 5318 σχήματι
598 5250 839 5322 εὑρεθεὶς
859 5251 936 5314 ὡς
959 5244 1256 5323 ἅνθρωπός,
1291 5253 1486 5323 δεῖγμα
1512 5254 1611 5323 τῆς
1642 5256 1765 5309 λαν-

215 5332 469 5410 θανούσης
494 5343 619 5404 τοὺς
649 5342 874 5405 πολλοὺς
903 5342 1081 5396 ἐνθέου
1104 5343 1377 5413 δυνάμεως
1408 5344 1598 5398 ἑαυτοῦ
1622 5363 1762 5417 παρ-

218 5435 347 5504 έχων
369 5435 498 5505 ὁρᾷν
520 5437 630 5496 τοῖς
652 5434 844 5488 ἑαυτοῦ
874 5433 1160 5506 μαθηταῖς,
1197 5436 1289 5489 καὶ
1325 5439 1433 5499 τοῖς
1467 5435 1767 5501 θαλαττίοις

287 5636 325 5665 ⁷⁷
365 5636 464 5691 lsa.
500 5652 563 5697 ι,
599 5636 653 5691 2.

224 5718 364 5769 Lm.
400 5708 445 5761 ι.
520 5707 564 5739 ⁸³
598 5706 706 5762 Jer.
738 5721 907 5771 mu,
941 5706 1029 5760 24.

728 5636 771 5667 ⁷⁸
809 5634 995 5691 Matth.
1032 5651 1235 5702 xxvm,
1274 5635 1358 5693 l9.
1436 5638 1477 5670 τ⁹
1515 5636 1658 5693 Psal.
1694 5653 1768 5703 ix,
1803 5638 1889 5696 ει.

1864 4705 2193 4775 intelligetur
2227 4703 2390 4765 illius,
2421 4702 2514 4771 qui
2555 4701 2739 4756 omnia
2779 4700 3177 4771 complectitur,
3206 4713 3270 4751 ac
3313 4712 3427 4750 coe-

1871 4796 1982 4849 lum
2038 4804 2346 4864 terramque
2384 4793 2639 4862 complet,
2695 4801 2750 4847 et
2800 4790 3185 4861 propemodum
3236 4788 3420 4842 dicit:

1876 4907 1894 4940 ‹
1931 4887 2136 4943 Caelum
2163 4888 2294 4942 mihi
2320 4887 2495 4954 sedes,
2528 4895 2671 4940 terra
2699 4894 2877 4939 autem
2908 4883 3195 4939 scabellum
3229 4881 3423 4950 pedum

1869 4996 2112 5034 meorum
2144 4980 2188 5012 θ’
2214 4979 2238 5031 ?
2274 5000 2292 5031 ι
2330 4980 2455 5034 item
2476 4978 2743 5033 :«leum
2778 4985 2830 5031 et
2858 4984 3058 5029 terram
3079 4989 3179 5043 ego
3204 4972 3422 5041 impleo,

1867 5069 1999 5125 dicit
2053 5071 2311 5128 Dominus
2340 5074 2405 5125 ⁸³.
2472 5090 2491 5124 ι
2530 5071 2776 5126 Salvator
2827 5077 3007 5122 autem
3058 5082 3122 5121 ac
3166 5065 3423 5120 Dominus

1869 5171 2071 5229 noster,
2097 5178 2219 5217 cum
2268 5164 2507 5233 seipsum
2557 5160 2897 5217 evacuaverit
2925 5168 2979 5213 et
3022 5157 3249 5211 formam
3279 5156 3424 5212 servi

1870 5255 2158 5325 acceperit,
2188 5264 2242 5311 et
2270 5256 2456 5311 habitu
2488 5256 2738 5310 inventus
2769 5254 2838 5308 sit
2868 5262 2926 5306 ut
2955 5252 3145 5313 homo,
3183 5250 3311 5304 dum
3343 5249 3421 5303 si-

1869 5362 2032 5416 gnum
2058 5347 2178 5417 ejus
2203 5363 2323 5417 quae
2367 5348 2565 5417 multos
2595 5346 2795 5401 latebat
2841 5344 3037 5398 divina:
3068 5342 3282 5397 virtutis
3312 5356 3425 5397 sua:

1871 5438 2161 5493 videndum
2195 5440 2307 5496 suis
2357 5439 2554 5510 praebet
2612 5437 2922 5507 discipulis,
2982 5450 3146 5505 super
3184 5435 3425 5491 marinos

1968 5639 2011 5672 ⁸⁹
2051 5637 2150 5694 Job
2182 5638 2401 5706 11,7,8.
2478 5636 2518 5667 ⁵⁸
2563 5634 2746 5690 Matth.
2814 5632 3155 5703 x1v,ﬂ2-27.
3235 5633 3275 5665 8'
3316 5628 3420 5691 [εει.
