3922 6200
486 237 594 294 695

1153 234 1418 291 EUSEBII
1453 233 1933 292 CASSARIENSIS
1969 236 2120 294 OPP.
2151 237 2338 294 PARS
2374 238 2438 294 ll.
2473 271 2545 283 --
2585 239 3089 299 APOLOGETICA.

3620 246 3736 307 696

485 355 685 416 lluctus
711 347 1022 416 incessusse,
1060 361 1112 407 et
1149 360 1548 424 tempestatem,
1578 359 1877 422 ventosque
1908 352 2018 410 colu

2122 401 2131 429 ι
2161 354 2454 409 ἐπιϐαίνων
2487 355 2714 428 κύμασι,
2741 356 2836 410 καὶ
2864 355 2944 428 τῷ
2965 357 3195 411 κλύδωνι
3235 359 3328 412 καὶ
3361 363 3476 424 τοις
3503 361 3742 433 ἁνεμοις

485 449 692 515 buisse,
724 446 954 519 publica:
1007 446 1291 518 scriptura:
1341 447 1654 502 testimonio
1713 446 1892 502 dictus
1943 455 2047 514 est,

483 557 593 615 quo
646 551 887 610 tempore
929 539 988 606 ii,
1019 540 1111 610 qui
1137 539 1263 593 talia
1294 538 1668 605 intuebantur,
1692 539 2042 612 obstupesce-

480 636 613 692 bant
644 633 892 688 dicentes
926 651 941 686 :
978 651 997 685 ι
1039 631 1174 703 Quis
1204 641 1290 689 est
1325 634 1446 698 hic,
1480 635 1568 690 cui
1612 635 1756 690 venti
1789 649 2050 705 mareque

478 731 855 801 obtemperant
879 725 964 778 ⁸⁵⁸2
1021 744 1039 777 ι
1080 726 1244 782 fuerit
1274 742 1403 782 vero
1448 726 1552 782 hoc
1603 729 1767 782 etiam
1823 727 2049 783 alterius

476 817 800 888 cujusdam,
856 817 1001 889 quod
1049 816 1399 888 intelligitur,
1458 817 1712 874 vastioris
1757 818 1926 874 maris
1967 818 2048 874 si-

473 925 676 984 gnum,
733 909 790 964 in
839 924 950 983 quo
995 909 1160 966 draco
1194 910 1414 981 quidam
1462 925 1585 968 esse
1617 911 1839 976 dicitur,
1870 909 2046 966 factus

474 1003 610 1059 utin
641 1018 766 1058 eum
802 1001 1034 1059 illudant
1067 1005 1244 1075 angeli
1269 1003 1384 1066 Dei,
1417 1018 1583 1073 super
1608 1019 1716 1076 quo
1743 1003 1870 1058 item
1906 1002 2042 1058 mari

475 1093 726 1151 Salvator
749 1109 814 1149 ac
842 1093 1106 1150 Dominus
1124 1105 1309 1150 noster
1333 1093 1494 1168 “7
1521 1095 1864 1150 inambulans
1883 1100 2044 1164 caput

471 1185 585 1246 illic
639 1185 924 1242 constituti
976 1185 1253 1252 draconis,
1309 1187 1752 1256 reliquorumque
1809 1185 1901 1239 illo
1953 1185 2041 1239 in-

470 1277 732 1338 feriorum
766 1278 1065 1334 draconum
1093 1279 1293 1335 dicitur
1322 1279 1665 1342 contrivisse,
1684 1278 1837 1348 juxta
1868 1277 1998 1332 illud
2023 1297 2036 1334 :

474 1389 495 1424 ι
534 1368 616 1428 Tu
651 1370 956 1426 contrivisti
989 1371 1165 1440 capita
1204 1369 1502 1425 draconum
1535 1384 1700 1440 super
1731 1384 1948 1438 aquam,
1980 1378 2039 1425 tu

467 1461 782 1533 confregisti
805 1469 970 1532 caput
992 1461 1247 1518 draconis
1268 1461 1312 1494 ⁸⁸
1347 1479 1361 1517 :
1404 1482 1421 1514 ι
1449 1462 1608 1534 plane
1640 1462 1864 1516 alterius
1895 1462 2039 1531 quod

464 1554 787 1625 intelligitur
818 1553 1009 1617 maris,
1061 1552 1129 1607 de
1161 1569 1270 1624 quo
1315 1552 1455 1608 idem
1507 1568 1701 1610 rursus
1741 1554 1795 1607 in
1829 1554 2039 1624 psalmo

465 1646 542 1705 ait
571 1665 583 1705 ;
624 1664 643 1698 ι
681 1645 880 1702 Deveni
910 1646 965 1700 in
995 1643 1264 1716 profunda
1290 1645 1457 1702 maris
1484 1645 1551 1700 ⁸⁸.
1593 1664 1613 1698 ι
1652 1645 1718 1700 Ει
1751 1645 1819 1700 ad
1845 1645 1946 1701 Job
1969 1645 2036 1702 de

463 1735 646 1807 seipso
693 1736 970 1791 disserens
1037 1777 1050 1790 .

460 1827 632 1887 maris
649 1868 664 1892 ,
683 1835 735 1884 et
752 1827 806 1881 in
821 1827 1065 1899 vestigiis
1092 1827 1272 1899 abyssi
1298 1827 1690 1884 deambulasti?
1712 1831 2032 1898 aperiuntur

462 1933 590 1977 vero
623 1918 720 1973 tibi
758 1918 954 1973 timore
980 1925 1148 1988 portae
1181 1917 1416 1974 mortis?
1449 1927 1501 1973 et
1528 1917 1797 1987 janitores
1826 1917 2030 1973 infero—

459 2027 582 2071 rum
598 2011 844 2070 videntes
860 2019 915 2068 te
943 2011 1341 2082 expaverunt'"
1361 2010 1384 2064 2
1401 2030 1420 2062 ι
1441 2009 1631 2066 Merito
1660 2010 1828 2082 igitur
1858 2009 2023 2066 etiam

457 2105 514 2164 in
544 2121 630 2169 ea,
657 2121 779 2175 quae
794 2104 859 2158 ad
880 2119 980 2160 nos
1010 2105 1243 2174 pertinet
1272 2104 1402 2168 vita,
1431 2104 1557 2159 dum
1583 2105 1758 2175 ipsum
1779 2117 1926 2157 mare
1945 2103 2030 2158 in-

455 2197 699 2272 greditur
719 2205 772 2254 et
791 2205 1003 2262 ventos,
1031 2205 1516 2268 tempestatemque
1545 2196 1810 2268 increpat,
1844 2210 2025 2250 rerum

456 2289 513 2350 in
531 2290 747 2348 arcanis
772 2289 1075 2360 positarum
1104 2290 1260 2361 signa
1301 2289 1519 2345 interim
1549 2287 1663 2344 obit
1699 2303 1763 2342 ac
1793 2287 2020 2359 peragit.

451 2419 534 2481 Ab
554 2419 726 2483 Isaia.
753 2451 824 2468 ση-
847 2417 926 2476 De
953 2419 1106 2479 rebus
1133 2417 1198 2476 ab
1226 2420 1342 2491 ipsa
1382 2417 1791 2476 admirabilibus
1838 2419 2019 2478 uestis.

525 2594 546 2630 ι
573 2571 976 2639 Convalescite,
1001 2588 1196 2628 manus
1223 2573 1470 2628 remissa:
1489 2581 1542 2628 et
1581 2589 1756 2645 genua
1785 2571 2024 2628 dissolu-

449 2675 527 2733 ta,
554 2665 1324 2737 consolamini,pusillanimes
1345 2665 1644 2730 intellectu,
1679 2664 1846 2721 fortes
1873 2672 2022 2721 esto-

427 2768 522 2823 .te,
551 2767 606 2815 et
627 2758 794 2814 nolite
823 2759 1044 2818 timere:
1067 2772 1196 2813 ecce
1215 2756 1359 2812 Deus
1389 2763 1579 2812 noster
1605 2755 1871 2826 judicium
1896 2754 2020 2811 red-

447 2851 526 2910 dit
553 2857 607 2908 et
634 2849 846 2914 reddet,
879 2848 996 2921 ipse
1012 2846 1190 2904 veniet
1215 2853 1271 2904 et
1303 2847 1486 2905 salvos
1515 2846 1680 2903 faciet
1712 2862 1814 2902 nos
1841 2863 1855 2900 :
1886 2855 2018 2902 tunc

447 2941 760 3012 aperientur
787 2939 933 2998 oculi
983 2952 1276 3004 caecorum,
1306 2945 1361 2994 et
1405 2952 1568 2994 aures
1595 2937 1885 2996 surdorum
1915 2951 2014 2991 auo

445 3035 639 3099 dient;
679 3041 809 3088 tunc
855 3031 1012 3090 saliet
1045 3031 1190 3088 sicut
1232 3045 1430 3085 cervus
1473 3028 1722 3094 claudus,
1749 3035 1804 3084 et
1853 3029 2012 3099 plana

443 3128 548 3187 erit
575 3127 760 3197 lingua
781 3126 1144 3180 mutorum".
1179 3143 1197 3176 ι
1224 3121 1429 3182 Harum
1459 3122 1625 3194 igitur
1655 3137 1835 3177 rerum
1859 3139 2018 3178 even-

441 3227 496 3280 ta
517 3219 572 3275 in
601 3215 913 3290 Evangeliis
938 3215 1138 3279 habes;
1163 3228 1310 3268 nunc
1327 3213 1570 3288 quidem,
1588 3209 1716 3266 dum
1745 3209 1812 3264 ad
1841 3209 2019 3281 ipsum

445 3307 785 3366 Saivatorem
826 3322 891 3365 ac
919 3306 1208 3366 Dominum
1251 3311 1528 3369 nostrum,
1556 3302 1916 3375 paralyticqu
1937 3300 2020 3360 al-

441 3404 626 3463 l'erunt
671 3402 729 3459 in
775 3401 919 3456 lecto
955 3400 1250 3470 iacentem,
1280 3411 1442 3468 quem
1497 3395 1744 3466 pristinae
1793 3393 2016 3452 sanitati

440 3509 554 3555 uno
582 3507 686 3552 suo
718 3491 885 3551 verbo
916 3489 1179 3556 restituit,
1204 3503 1352 3542 nunc
1383 3502 1516 3543 vero
1536 3487 1666 3542 dum
1701 3487 2015 3542 innumera-

439 3586 577 3646 biles
629 3585 760 3642 caeci
816 3593 872 3640 et
922 3582 1187 3639 daemonia
1235 3581 1524 3644 habentes,
1575 3595 1790 3636 necnon
1846 3577 2012 3632 variis

437 3678 852 3752 egritudinibus
883 3686 938 3733 et
958 3675 1313 3748 languoribus
1342 3672 1546 3737 aﬂ'ecti,
1579 3671 1838 3729 salutaris
1863 3670 2010 3727 illius

436 3785 660 3842 virtutis
716 3781 984 3839 beneﬂcio
1037 3781 1106 3836 ab
1139 3777 1394 3838 omnibus
1441 3776 1649 3836 morbis
1681 3774 2004 3830 liberantur.

379 3923 388 3926 —
436 3877 705 3938 Praeterea
733 3877 897 3934 etiam
945 3889 1094 3932 nunc
1142 3873 1199 3928 in
1238 3872 1484 3944 iis,-qua:
1512 3869 1567 3926 in
1597 3875 1714 3923 toto
1740 3867 1871 3924 orbe
1897 3875 2008 3921 ter-

436 3983 620 4030 rarum
666 3967 924 4034 ostendit,
967 3966 1096 4023 dum
1147 3961 1578 4024 innumerabiles
1625 3958 2005 4015 multitudines

435 4061 603 4118 variis
639 4059 863 4122 malitia:
901 4057 1195 4130 generibus
1233 4055 1552 4130 implicitas,
1576 4061 1631 4111 et
1662 4051 2004 4124 ignoratione

433 4167 674 4241 Supremi
699 4166 794 4222 Dei
828 4165 1057 4224 refertas
1079 4166 1288 4224 animas
1311 4163 1591 4224 habentes,
1607 4160 2002 4216 admirabiliter

432 4271 487 4320 et
539 4277 705 4332 supra
760 4276 977 4316 omnem
1027 4261 1296 4316 rationem
1326 4257 1588 4314 doctrinae
1619 4271 1732 4312 sua:
1765 4255 2001 4311 medica-

432 4351 635 4414 mentis
661 4359 819 4408 curat
845 4358 901 4404 et
930 4357 1111 4414 sanat,
1133 4356 1189 4404 et
1220 4358 1401 4404 tamen
1428 4345 1573 4416 quod
1600 4346 1766 4404 etiam
1805 4346 1861 4399 in
1913 4343 1999 4403 his

2151 448 2418 519 ὲπιτιμῶν
2443 449 2880 522 ἀναγέγραπται·
2907 451 2996 504 ὅτε
3015 451 3110 504 καὶ
3140 452 3188 504 οἰ
3207 451 3442 521 ὁρῶντες
3463 456 3738 528 ἐξεπλήτ-

2148 555 2301 594 τοντο
2342 539 2590 608 λέγοντες
2608 556 2622 572 ·
2661 557 2680 591 ι
2717 540 2962 605 Ποταπός
3001 543 3145 595 ἐστιν
3185 538 3360 610 οὗτος,
3409 546 3490 598 ὅτι
3533 547 3630 600 καὶ
3675 547 3739 601 οἱ

2149 629 2335 700 ἄνεμοι
2375 630 2470 684 καὶ
2508 631 2542 701 ἡ
2586 629 2828 687 Θάλασσα
2861 630 3008 702 αὐτῷ
3040 631 3338 698 dssuadet;
3373 653 3393 686 ι
3421 630 3489 705 ἦν
3527 636 3588 689 δὲ
3628 637 3736 690 καὶ

2146 722 2304 778 τοῦτο
2325 722 2484 776 ἄλλου
2509 723 2652 789 τινὸς
2688 721 2930 794 μείζονος
2961 724 3225 795 σύμὸολον
3263 727 3558 799 νοουμένης
3604 729 3736 782 ἑτέ-

2148 833 2250 892 ρας
2291 815 2582 888 Θαλάσσης,
2621 811 2741 892 ἐνῇ
2778 816 2992 885 λέγεται
3050 817 3266 890 δράκων
3314 836 3400 882 τις
3433 817 3593 885 εἶναι,
3625 839 3738 876 πε-

2145 908 2438 979 ποιημένος
2481 907 2973 978 ὲγκαταπαίζεσθαι
3015 909 3120 966 ὑπὸ
3167 909 3278 964 τῶν
3328 911 3576 980 ἀγγέλων
3627 911 3732 968 τοῦ

2143 999 2298 1063 Θεοῦ,
2330 1000 2415 1070 ἐφ’
2445 1000 2514 1073 ἢν
2545 1000 2638 1056 καὶ
2675 1001 2844 1072 αὐτὴν
2877 1000 2907 1054 ὁ
2947 1001 3137 1072 Σωτὴρ
3177 1002 3272 1056 καὶ
3313 1002 3518 1074 Κύριος
3560 1003 3734 1074 ἡμῶν

2143 1091 2614 1163 ἑμπεριπατήσας,
2653 1091 2753 1162 τὴν
2789 1092 3030 1164 κεφαλὴν
3068 1093 3162 1148 τοῦ
3207 1093 3388 1147 αὐτόθι
3427 1094 3732 1166 δράκοντος

2142 1182 2234 1238 καὶ
2279 1182 2388 1236 τῶν
2433 1183 2634 1237 λοιπῶν
2679 1183 3094 1256 ὐποδεδηκότων
3137 1185 3444 1258 δρακόντων
3496 1186 3728 1255 λέγεται

2143 1273 2572 1346 συντετριφέναι,
2600 1274 2740 1328 κατὰ
2763 1275 2824 1329 τό
2843 1291 2856 1305 ·
2895 1293 2912 1326 ι
2951 1276 3022 1330 Σὺ
3059 1277 3386 1341 συνέθλασας
3412 1277 3512 1342 τὰς
3543 1295 3730 1346 κεφα-

2139 1364 2236 1429 λὰς
2262 1365 2369 1420 τῶν
2395 1365 2701 1438 δρακόντων
2730 1367 2824 1420 ἐπὶ
2850 1365 2945 1422 τοῦ
2984 1367 3190 1432 ὓδατος,
3218 1369 3312 1421 καὶ
3353 1370 3418 1423 σὺ
3454 1369 3730 1422 συνέθλα-

2141 1471 2239 1519 σας
2279 1455 2377 1520 τὰς
2425 1456 2663 1525 κεφαλὰς
2701 1457 2795 1510 τοῦ
2845 1458 3164 1530 δράκοντος·
3216 1479 3234 1511 ι
3281 1461 3466 1530 σαφῶς
3517 1462 3728 1533 ἐτέρας

2137 1547 2430 1620 νοουμένης
2463 1547 2756 1619 Θαλάσσης,
2791 1551 2917 1622 περὶ
2935 1546 3002 1620 ἧς
3033 1551 3192 1616 αὐτὸς
3224 1552 3382 1606 πάλιν
3413 1554 3472 1606 ἐν
3512 1552 3728 1626 ψαλμῷ

2138 1655 2331 1709 φησιν·
2366 1659 2383 1690 ι
2420 1635 2622 1693 ἾΙλΘον
2657 1641 2738 1704 εἰς
2779 1641 2846 1696 τὰ
2904 1641 3041 1713 βάθη
3081 1642 3181 1713 τῆς
3218 1643 3522 1713 Θαλάσσης’
3561 1663 3582 1698 ι
3623 1642 3723 1698 καὶ

1100 1754 1118 1787 ι
1182 1734 1412 1802 Venisti,
1463 1735 1657 1806 inquit,
1713 1736 1780 1790 ad
1833 1735 2018 1791 fonterr

2136 1729 2272 1800 πρὸς
2295 1730 2385 1785 τὸν
2420 1728 2538 1784 Ἰὼϐ
2567 1730 2636 1787 τὰ
2666 1731 2796 1803 περὶ
2837 1731 3031 1786 ἑαυτοῦ
3080 1733 3320 1797 διεξιώνο
3352 1753 3371 1784 ι
3406 1731 3617 1797 Ἦλθες
3659 1734 3722 1791 GI

2135 1823 2226 1876 ἐπὶ
2271 1824 2453 1897 πηγὴν
2487 1824 2778 1897 Θαλάσσης,
2844 1826 2903 1878 ἐν
2933 1825 2989 1881 δέ
3030 1826 3230 1900 ἴχνεσιν
3271 1827 3504 1881 ἀϐύσσου
3551 1845 3724 1899 περι-

2133 1915 2447 1987 επάτησαςς
2493 1915 2793 1986 ἀνοίγονται
2837 1918 2894 1971 δέ
2942 1935 3023 1972 σοι
3073 1918 3222 1990 φόϐῳ
3263 1920 3422 1974 πύλαι
3449 1919 3720 1985 θανάτου,

2133 2007 2370 2078 πυλωροὶ
2388 2007 2444 2061 δὲ
2468 2007 2592 2079 ᾅδου
2630 2009 2828 2072 ἰδόντες
2864 2026 2922 2062 σε
2966 2009 3232 2081 έπτηξανς
3273 2031 3290 2062 ι
3325 2012 3561 2074 Εἰκότως
3613 2008 3719 2066 οὖν

2132 2099 2233 2152 κάν
2262 2089 2340 2173 τῷ
2371 2097 2490 2152 καθ’
2516 2101 2664 2170 ἡμᾶς
2695 2099 2796 2171 βίῳ
2828 2100 3018 2164 ἐπιϐὰς
3059 2104 3124 2173 τῇ
3162 2101 3419 2174 Θαλάττῃ,
3459 2105 3552 2156 καὶ
3589 2107 3718 2166 τοίς

2127 2187 2349 2261 ἀνέμοις
2372 2189 2702 2260 ἐπιτιμήσας
2726 2191 2820 2244 καὶ
2841 2189 2917 2262 τῷ
2947 2189 3197 2257 κλύδωνι,
3226 2193 3292 2246 τὰ
3320 2192 3560 2264 σύμὸολα
3593 2193 3720 2246 τῶν

2129 2282 2576 2358 ἀπορρητοτέρων
2597 2282 2852 2339 ἐπιτελεῖ.

2141 2415 2284 2476 Ἀπὸ
2313 2416 2420 2472 τοῦ
2459 2417 2716 2472 Ἡσαΐου.
2750 2449 2820 2460 -
2861 2418 3000 2486 Περί
3039 2418 3159 2471 τῶν
3198 2417 3721 2474 ἐπιτελεσθέντα

2543 2487 2644 2543 ὑπ’
2677 2488 2862 2543 αὑτοῦ
2900 2487 3272 2558 παραδόξων.

2201 2597 2221 2631 ι
2271 2579 2751 2653 ἰσχύσατε,χεῑρες
2783 2584 3083 2655 ἀνειμέναι,
3130 2585 3224 2638 καὶ
3265 2585 3465 2655 γόνατα
3511 2604 3715 2658 παρα-

2122 2669 2418 2742 λελυμένα·
2444 2674 2858 2745 παρακαλέσατε
2894 2677 2943 2730 οί
2985 2677 3314 2748 ὁλιγὸψυχοι,
3358 2681 3421 2748 τῇ
3461 2677 3714 2751 διανοίᾳ,

2125 2767 2399 2839 ἰσχύσατε,
2433 2769 2506 2840 μὴ
2524 2769 2798 2840 φοϐεῖσθε·
2821 2773 2930 2827 ἰδοὺ
2961 2776 2990 2832 ό
3011 2775 3144 2839 Θεὸς
3171 2775 3326 2850 ἡμῶν
3360 2776 3540 2847 κρίσιν
3561 2779 3713 2833 ἀντη-

2121 2855 2404 2914 αποδίδωσι
2429 2897 2444 2922 ,
2481 2859 2576 2911 καὶ
2614 2860 2998 2927 ἀνταποδὼσει,
3041 2864 3201 2928 αὐτὸς
3248 2865 3365 2936 ἥξει
3397 2868 3490 2918 καὶ
3525 2867 3711 2924 σώσει

2119 2946 2284 3021 ἡμᾶς.
2343 2948 2474 3007 Τότε
2525 2950 2931 3027 ἀνοιχθήσονται
2985 2954 3250 3032 ὀφθαλμοὶ
3303 2957 3533 3027 τυφλῶν,
3602 2962 3710 3016 καὶ

2118 3033 2230 3093 ὦτα
2262 3040 2460 3110 κωφῶν
2493 3042 2845 3098 ἀκούσονται*
2892 3047 3010 3099 τότε
3063 3048 3268 3104 ἀλεῖται
3309 3049 3382 3113 ὡς
3419 3049 3630 3120 ἔλαφος
3677 3055 3706 3108 6

2120 3129 2307 3205 χωλὸς,
2353 3132 2446 3186 καὶ
2483 3135 2655 3206 τρανὴ
2704 3134 2853 3189 ἔσται
2899 3135 3118 3208 γλῶσσα
3169 3139 3488 3211 μογιλάλων.
3522 3161 3540 3194 ι
3581 3145 3705 3198 Καὶ

2117 3223 2318 3278 τούτων
2346 3223 2485 3294 ἔχεις
2514 3225 2572 3278 ἐν
2601 3229 2713 3290 τοῖς
2744 3227 3094 3297 Εὑαγγελίοις
3135 3230 3205 3284 τὰ
3242 3231 3699 3303 ἀποτελέσματα·

2115 3309 2301 3370 τούτου
2349 3312 2466 3384 μὲν,
2519 3316 2752 3386 ὁπηνίκα
2793 3317 2872 3388 τῷ
2917 3319 3125 3392 Σωτῆρι
3173 3322 3266 3378 καὶ
3307 3321 3494 3394 Κυρίῳ
3527 3325 3700 3394 ἡμῶν

2116 3403 2449 3474 προσέφερον
2477 3407 2845 3477 παραλυτικὸν
2886 3410 2977 3462 ἐπὶ
3009 3411 3196 3482 κλίνης
3237 3411 3596 3484 βεϐλημένον,
3636 3419 3702 3471 ὃν

2114 3496 2206 3553 καὶ
2233 3495 2360 3566 ὑγιῆ
2399 3496 2542 3568 λόγῳ
2588 3502 2973 3572 κατεστήσατο·
3016 3502 3204 3572 τούτου
3246 3504 3323 3566 δὲ,
3365 3505 3453 3558 ὅτε
3503 3508 3697 3580 μυρίοι

2110 3586 2298 3654 τυφλοὶ
2343 3589 2436 3642 καὶ
2476 3588 2876 3662 δαιμονιῶντες,
2909 3592 2988 3646 ἔτι
3033 3592 3139 3665 μὴν
3181 3593 3455 3666 διαφόροις
3507 3598 3696 3664 νόσοις

2110 3678 2203 3732 καὶ
2239 3678 2523 3748 μαλακίαις
2549 3682 3007 3754 καταπονούμενοι
3035 3685 3169 3758 πρὸς
3191 3685 3291 3756 τῆς
3319 3685 3484 3740 αὐτοῦ
3509 3705 3695 3760 om.

2110 3769 2224 3844 ρίου
2253 3770 2531 3842 δυνάμεως
2551 3774 2655 3828 τῶν
2678 3774 2862 3828 παθῶν
2883 3777 3279 3850 ἀπηλλάττοντο
3297 3797 3311 3815 ν
3328 3779 3390 3832 οὐ
3413 3780 3519 3851 μὴν
3546 3782 3694 3838 ma

2107 3861 2200 3919 καὶ
2228 3863 2295 3916 δι’
2333 3857 2408 3918 ὧν
2439 3867 2605 3921 εἰσέτι
2644 3867 2738 3920 νῦν
2771 3867 2892 3922 καθ’
2933 3869 3059 3940 ὅλης
3094 3869 3195 3940 τῆς
3224 3871 3550 3944 οἰκουμένης
3589 3891 3692 3943 μυ-

2109 3953 2197 4024 ρία
2223 3954 2398 4026 πλήθη
2419 3957 2773 4028 πολυτρόποις
2798 3959 2996 4024 κακίας
3022 3960 3187 4017 εἴδεσι
3209 3961 3492 4033 δεδεμένα,
3515 3965 3697 4032 ἀγνω-

2106 4045 2225 4108 σίας
2257 4064 2316 4100 τε
2346 4047 2439 4108 τοῦ
2487 4050 2578 4102 ἐπὶ
2610 4050 2829 4108 πάντων
2865 4051 2999 4106 Θεοῦ
3033 4051 3132 4115 τὰς
3176 4052 3353 4125 ψυχὰς
3383 4054 3686 4126 πεπληρω-

2104 4137 2260 4207 μένα,
2293 4139 2608 4212 Θαυμασίως
2654 4144 2747 4196 καὶ
2784 4144 2922 4220 ὑπὲρ
2955 4145 3130 4198 πάντα
3159 4145 3312 4218 λόγον
3336 4149 3451 4211 τοῖς
3479 4147 3584 4218 τῆς
3608 4149 3686 4201 δι’

2100 4227 2395 4296 δασκαλίας
2441 4233 2606 4292 αὑτοῦ
2655 4236 2962 4306 φαρμάκοις
3018 4239 3160 4294 ἰᾶται
3214 4239 3306 4292 καὶ
3361 4237 3676 4308 Θεραπεύει.

2101 4322 2247 4394 Πλὴν
2272 4325 2352 4380 ὅτι
2376 4327 2470 4380 καὶ
2497 4327 2627 4391 Θεὸς
2652 4329 2710 4380 ἐν
2739 4329 2948 4394 τούτοις
2982 4331 3340 4402 ἀνηγόρευται
3379 4333 3524 4386 κατὰ
3563 4350 3682 4386 καις

431 4444 576 4505 Deus
608 4442 912 4515 appelletur
947 4457 1048 4498 suo
1084 4449 1346 4512 tempore,
1381 4448 1637 4510 tanquam
1667 4438 1714 4494 is
1741 4438 1836 4509 qui
1866 4437 1997 4494 talia

2122 4416 2215 4479 ἠν,
2243 4416 2319 4480 ὼς
2360 4417 2425 4470 ἂν
2462 4419 2684 4480 τοιαῦτα
2727 4422 2980 4496 ἐνεργῶν,
3023 4422 3122 4494 ἤδη
3158 4425 3419 4497 πρότερον
3461 4428 3598 4498 ἡμῖν
3625 4431 3680 4482 ἐν

428 4547 647 4612 elliciat,
674 4547 998 4619 jampridem
1050 4561 1082 4600 a
1130 4545 1311 4610 nobis,
1335 4545 1430 4600 ubi
1463 4544 1532 4603 de
1559 4544 1843 4602 divinitate
1875 4544 1996 4614 ejus

428 4641 739 4700 testimonia
771 4639 1119 4710 protulimus,
1146 4638 1577 4696 demonstratum
1628 4645 1732 4702 est,
1757 4644 1811 4693 et
1863 4652 1998 4693 sane

427 4733 474 4793 si
504 4747 742 4806 unquam
787 4731 946 4797 alias,
977 4746 1124 4791 nunc
1174 4730 1406 4786 maxime
1464 4730 1780 4788 convenerit
1827 4728 1996 4786 Deum

423 4827 593 4905 ω
643 4827 796 4884 illum
840 4827 1110 4894 conﬁteri,
1138 4823 1358 4896 quando
1389 4834 1444 4881 et
1472 4824 1669 4880 divinae
1701 4833 1755 4880 et
1808 4838 1998 4879 revera

426 4922 596 4980 Deum
629 4921 928 4992 complexae
957 4920 1180 4977 virtutis
1207 4919 1320 4990 jam
1371 4918 1530 4988 plane
1581 4932 1747 4988 opera
1799 4916 1989 4974 edidit.

425 5015 729 5089 Siquidem
759 5015 926 5072 unius
967 5013 1062 5070 Dei
1093 5027 1196 5070 nec
1243 5012 1467 5070 alterius
1501 5020 1763 5083 praeterea
1805 5010 1993 5081 cujus~

425 5124 568 5193 piam
615 5137 816 5178 munus
861 5120 1055 5186 fuerit,
1097 5117 1455 5175 corroborare
1504 5118 1823 5184 dissolutos,
1872 5119 1994 5174 vitae

422 5216 651 5273 reddere
706 5223 976 5281 mortuos,
1037 5215 1279 5285 praebere
1316 5215 1546 5271 salutem
1575 5213 1991 5285 aegrotantibus,

418 5339 689 5382 caecorum
741 5323 956 5395 aperire
1011 5323 1222 5390 oculos,
1280 5337 1550 5393 auresque
1598 5321 1728 5378 item
1792 5337 1988 5378 sanare

420 5432 734 5500 surdorum,
757 5441 812 5491 et
841 5432 1051 5504 erigere
1071 5432 1318 5497 claudos,
1340 5440 1395 5489 et
1414 5432 1652 5504 linguam
1672 5432 1988 5504 impeditam

521 5617 565 5650 ⁸⁸
604 5618 794 5676 Matth.
829 5635 968 5686 νιιι,
1003 5618 1092 5676 27.
1209 5620 1254 5653 ³⁵
1292 5616 1438 5677 Psal.
1475 5632 1679 5684 LXXIII,
1717 5617 1901 5686 13,”.

410 5702 586 5754 xxxv,
622 5687 735 5741 3-5.

2009 5618 2055 5650 "
2091 5617 2232 5678 Psal.
2265 5633 2434 5678 uvm
2461 5658 2476 5685 ,
2511 5618 2566 5676 5.

2102 4511 2223 4572 ταῖς
2251 4508 2378 4579 περὶ
2410 4509 2508 4580 τῆς
2541 4510 2789 4582 Θεότητος
2819 4513 2982 4567 αὑτοῦ
3033 4515 3358 4592 μαρτυρίαις
3402 4517 3678 4572 ἀποδέδει-

2105 4614 2248 4652 κται.
2278 4598 2404 4652 Καὶ⁸
2425 4599 2628 4672 ἔπρεπέ
2661 4619 2723 4671 γε
2759 4603 2856 4658 νῦν
2889 4605 3039 4674 γοῦν,
3075 4608 3124 4660 εί
3154 4605 3245 4659 καὶ
3287 4605 3501 4670 ἄλλοτε,
3549 4609 3674 4662 Θεδν

2102 4691 2264 4746 αὐτὸν
2315 4692 2720 4763 ὁμολογεῖσθαι,
2783 4698 2864 4752 ὃτι
2924 4699 3014 4758 καὶ
3069 4698 3203 4770 ἔργα
3254 4698 3405 4762 Θείας
3447 4701 3548 4754 καὶ
3603 4702 3672 4764 ῶς

2102 4783 2316 4855 ἀληθῶς
2368 4785 2547 4844 ἐνθέου
2619 4787 2897 4858 δυνάμεως
2955 4790 3313 4848 ἐπεδείκνυτο.
3369 4791 3512 4845 Θεοῦ
3570 4795 3671 4866 γὰρ

2105 4877 2265 4948 μόνου
2309 4873 2378 4949 ἦν
2424 4880 2515 4932 καὶ
2555 4881 2673 4934 οὐδὲ
2717 4882 2876 4936 ἄλλου
2931 4882 3191 4955 ῥωννύναι
3247 4883 3346 4954 μὲν
3405 4886 3671 4958 παρειμέ-

2099 4986 2240 5035 νους,
2269 4970 2548 5039 ζωογονεῖν
2592 4972 2650 5028 δὲ
2690 4976 2930 5046 νεκροὺς,
2970 4975 3240 5046 σωτηρίαν
3282 4993 3341 5029 τε
3386 4977 3666 5032 ἀσθενοῦσι

2100 5063 2378 5135 παρέχειν,
2402 5064 2634 5132 ἀνοίγειν
2661 5084 2720 5122 τε
2743 5067 3050 5138 ὀφθαλμοὺς
3077 5068 3312 5138 τυφλῶν,
3341 5069 3437 5122 καὶ
3471 5071 3664 5141 κωφῶν

2097 5156 2356 5220 ὡσαύτως
2404 5157 2572 5222 ἀκοὰς
2627 5159 2834 5227 ἰᾶσθαι,
2881 5161 3087 5236 χωλούς
3139 5179 3198 5215 τε
3239 5162 3528 5234 ἀνορθοῦν,
3578 5163 3660 5215 καὶ

2096 5251 2222 5314 τοὺς
2244 5252 2342 5322 τὴν
2369 5251 2609 5321 γλῶτταν
2636 5252 2947 5324 δεδεμένους
2977 5254 3232 5318 εὐλάλους
3259 5257 3654 5328 ἀποκαθιστᾷνο

2094 5343 2238 5414 ἅπερ
2269 5345 2482 5399 ἅπαντα
2509 5345 2614 5399 ὑπὸ
2646 5345 2737 5398 τοῦ
2764 5346 3016 5418 Σωτῆρος
3045 5346 3199 5419 ἡμῶν
3221 5347 3397 5418 Ἰησοῦ
3425 5346 3656 5421 ’Χριστοῦ

2094 5433 2424 5506 πέπρακται,
2451 5430 2538 5492 οἷα
2567 5436 2673 5491 ὑπὸ
2695 5436 2851 5502 Θεοῦ,
2877 5437 2971 5494 καὶ
3017 5437 3436 5512 μεμαρτύρηται
3470 5457 3536 5509 γε
3564 5437 3660 5492 ὑπὸ

2671 5620 2716 5652 ⁸*
2754 5616 2858 5676 Job
2887 5633 3128 5682 xxxvm,
3166 5617 3353 5678 ιδ-Π.
3470 5619 3520 5654 ⁸⁸
3555 5618 3652 5674 lsa.
