3868 6192
220 263 326 320 697

1112 261 1766 323 DEMONSTRATIONIS
1807 264 2260 321 EVANGELICAE
2294 264 2424 320 LIB.
2453 262 2545 321 IX.

3349 262 3452 323 698

217 378 472 433 suam
501 380 609 434 τῶν
642 382 766 437 καθ’
802 382 930 453 ὅλης
951 382 1050 455 τῆς
1086 384 1407 456 οἰκουμένης
1434 385 1754 456 κηρυξάντω

1856 384 2211 445 .habentibds
2266 383 2575 438 facultatem
2623 380 2878 453 loquendi
2931 381 3221 438 restituere
3251 422 3266 446 ,
3322 398 3443 452 qua:

216 469 404 555 αὐτόν·
440 464 518 525 ὢν
553 472 616 525 τὸ
656 473 928 528 ἄπλαστον
964 476 1058 528 καὶ
1100 474 1296 547 ἀληθὲς
1341 476 1444 547 τῆς
1489 477 1790 549 μαρτυρίας

212 560 504 615 πιστοῦται
536 564 569 633 ἡ
601 563 691 617 διὰ
718 564 966 635 βασάνων
998 569 1181 638 πεῖρα,
1217 568 1312 620 καὶ
1355 570 1388 637 ή
1428 568 1586 638 μέχρι
1628 568 1789 622 θανά-

209 670 299 706 του
332 652 605 719 ἔνστασις,
638 657 704 728 ἢν
730 659 821 711 ἐπὶ
850 656 1128 727 βασιλέων,
1154 659 1426 729 ἀρχόντων
1452 677 1508 712 τε
1542 659 1636 713 καὶ
1660 662 1789 730 ήγεο

209 745 410 814 μόνων,
443 748 539 800 καὶ
575 748 712 801 ὅλων
748 749 914 803 ὲθνῶν
962 750 1310 816 ἐνεδείξαντο,
1342 753 1455 813 τοῖς
1486 750 1577 803 ὑπ’
1609 751 1787 804 αὑτῶν

203 839 633 910 κηρυττομένοις
661 840 917 911 ἀλήθειαν
958 842 1514 913 ἐπιμαρτυρήσαντες.
1565 841 1787 906 Τούτοις

196 930 253 983 δὲ
286 931 479 994 αὑτοῖς
509 932 643 1003 ἡγοῦ
651 950 748 1003 μαι
772 936 883 997 τοῖς
910 933 1317 1002 εὑαγγελισταῖς
1341 934 1502 987 αὑτοῦ
1530 936 1624 988 καὶ
1651 934 1785 987 ἀπο-

196 1020 412 1083 στόλοις
442 1023 735 1090 ἐπιφωνεῖν
769 1022 831 1075 τὸ
869 1022 1083 1093 πνεῦμα
1117 1024 1179 1078 τὸ
1213 1023 1546 1097 προφητικὸν
1574 1022 1642 1077 τά
1674 1023 1782 1077 ἀπὸ

189 1110 311 1178 τοῦ,
344 1131 367 1164 ι
414 1112 711 1183 ’ἰσχύσατε,
742 1117 920 1186 χεῖρες
953 1114 1250 1186 ἀνειμέναι,
1278 1116 1371 1169 καὶ
1390 1115 1588 1185 γόνατα
1610 1131 1783 1185 παρα-

190 1202 493 1273 λελυμὲνα.
538 1223 556 1255 ι
607 1205 760 1257 Ἐπεὶ
792 1205 900 1277 γάρ
928 1205 1028 1269 τὰς
1059 1209 1247 1277 χεῖρας
1282 1208 1375 1260 καὶ
1414 1206 1513 1270 τὰς
1543 1223 1776 1278 πρακτι-

187 1292 293 1356 κὰς
324 1293 598 1364 δυνάμεις
626 1288 788 1359 οὗτοι,
828 1296 924 1359 τάς
956 1313 1013 1349 τε
1062 1296 1247 1367 βάσεις
1285 1298 1379 1351 καὶ
1414 1297 1513 1369 τὴν
1557 1297 1777 1369 πορείαν

183 1384 295 1440 ἀπὸ
349 1387 461 1457 τῆς
511 1388 729 1459 μακρᾶς
773 1388 1017 1460 περιόδου
1046 1390 1147 1461 τῆς
1192 1389 1333 1444 κατά
1365 1390 1457 1443 τὸν
1503 1391 1779 1454 Μωῦσέως

183 1471 352 1541 νόμον
383 1473 642 1545 λατρείας
673 1476 1028 1547 παρείθησαν,
1050 1478 1330 1549 διεγείρων
1353 1480 1548 1543 αὑτοὺς
1565 1480 1658 1532 ὲπὶ
1676 1481 1774 1552 τὴν

184 1562 329 1615 κατά
363 1562 432 1615 τὸ
460 1562 792 1630 Εὑαγγέλιον
847 1566 1156 1620 πολιτείαν·
1199 1585 1218 1619 ‹
1261 1567 1556 1638 ’1σχύσατε,
1617 1569 1770 1639 φησὶ,

179 1658 379 1726 χεῖρες
431 1656 739 1726 ἀνειμέναι,
809 1657 902 1711 καὶ
931 1657 1129 1726 γόνατα
1162 1659 1598 1731 παραλελυμένα,
1642 1681 1661 1713 ι
1693 1661 1773 1725 είς

1889 476 2071 531 omnia
2106 473 2355 528 Salvator
2388 487 2452 526 ac
2485 471 2743 526 Dominus
2787 478 2973 525 noster
3012 467 3170 525 Jesus
3198 469 3450 525 Christus

1890 564 2283 619 admirabiliter
2314 562 2587 633 praestitit,
2628 569 2887 631 tanquam
2936 561 2984 615 is
3036 560 3129 631 qui
3183 576 3345 616 verus
3376 561 3450 615 sit

1887 654 2055 720 Deus,
2085 664 2140 713 et
2178 656 2292 711 haec
2334 654 2516 709 omnia
2557 653 2849 708 multorum
2890 651 3218 717 testimonio,
3252 653 3344 722 qui
3376 652 3446 705 il-

1886 748 1997 802 lum
2034 747 2089 803 in
2127 756 2240 803 toto
2273 748 2405 803 orbe
2440 745 2819 816 praedicarunt,
2864 743 3021 798 [idem
3074 754 3441 814 acceperunt:

1882 856 2113 912 quorum
2144 840 2439 895 testimonii
2462 847 2515 893 et
2541 838 2941 907 simplicitatem
2967 843 3021 890 ct
3049 837 3324 891 veritatem
3348 852 3447 893 ex-

1883 934 2114 1004 ploratio
2147 947 2245 1004 per
2283 939 2551 986 tormenta
2582 928 2888 989 confirmat,
2916 935 2972 981 ct
2995 942 3166 997 usque
3196 928 3259 982 ad
3296 944 3444 982 mor-

1881 1034 1989 1081 tem
2021 1022 2266 1082 certandi
2302 1019 2725 1092 perseverautia,
2757 1034 2917 1087 quam
2968 1019 3020 1073 in
3062 1028 3353 1088 conspectu
3386 1024 3442 1074 et

1880 1133 2089 1189 regum,
2119 1123 2173 1172 et
2218 1113 2544 1184 principum,
2568 1118 2621 1166 et
2652 1108 2938 1181 praesidum
2987 1118 3040 1164 et
3066 1109 3438 1164 universarum

1878 1208 2120 1280 gentium
2180 1205 2569 1275 praestiterunt,
2605 1204 2734 1257 dum
2777 1216 2985 1265 eorum,
3019 1216 3138 1271 quae
3190 1202 3257 1255 ab
3301 1201 3436 1271 ipsis

1878 1296 2334 1369 praedicabantur,
2385 1293 2600 1348 veritati
2653 1293 2809 1347 [idem
2852 1291 2931 1349 sic
2988 1291 3212 1346 faciunt.
3266 1291 3436 1348 Porro

1875 1398 2057 1444 autem
2076 1387 2141 1442 ad
2169 1387 2270 1442 hos
2296 1387 2444 1457 ipsos
2462 1395 2513 1440 et
2538 1385 2899 1456 evangelistas
2920 1383 3039 1452 ejus
3060 1392 3113 1439 et
3139 1384 3433 1453 apostolos,

1875 1481 2126 1552 spiritum
2161 1478 2399 1533 arbitror
2433 1476 2727 1531 inclamare
2778 1474 3177 1545 propheticum,
3224 1488 3285 1527 ea
3314 1488 3436 1544 quae

1873 1575 2128 1643 deinceps
2158 1577 2481 1643 sequuntur,
2515 1568 2585 1622 ab
2634 1568 2725 1622 illo
2764 1568 2884 1621 loco
2915 1584 2928 1620 :
2966 1584 2984 1617 ι
3034 1564 3430 1631 Convalescite,

1872 1680 2066 1720 manus
2090 1664 2350 1722 remissae.
2365 1670 2418 1717 et
2446 1675 2617 1723 genua
2640 1659 2923 1714 dissoluta.
2964 1678 2982 1709 ι
3013 1657 3146 1711 Nam
3176 1656 3431 1728 quoniam

179 1745 511 1816 ἑτοιμασίαν
542 1746 741 1819 δηλαδὴ
774 1747 867 1801 τοῦ
908 1748 1050 1802 κατά
1088 1749 1148 1803 τὸ
1195 1750 1521 1819 Εὑαγγέλιον
1547 1751 1754 1822 δρόμου⁴

1870 1755 1924 1810 bi
1952 1763 2006 1809 et
2033 1753 2307 1815 manibus,
2339 1763 2393 1807 et
2416 1751 2621 1807 viribus
2656 1764 2775 1819 qum
2829 1748 2895 1803 ad
2950 1748 3213 1819 agendum
3267 1749 3434 1819 peni-

189 1835 479 1907 ’ἰσχύσατε
523 1837 582 1891 δὲ
623 1840 715 1892 καί¹
762 1840 841 1902 είς
888 1839 949 1892 τὸ
996 1841 1332 1912 παρακαλεῖν
1374 1842 1624 1913 ἑτέρους,
1675 1842 1767 1898 καὶ

177 1931 481 2001 παρορμᾷν
514 1929 728 2001 ἔχεσθαι
759 1932 857 2003 τῆς
885 1932 1239 2005 εὑαγγελικῆς
1287 1934 1576 2005 σωτηρίας,
1611 1934 1767 2005 ὑμεῖς

175 2023 221 2076 οί
252 2022 313 2075 τὸ
354 2024 496 2094 πρὶν
528 2024 857 2094 ὁλιγόψυχοι,
893 2026 986 2078 καὶ
1023 2026 1094 2097 μή
1127 2044 1211 2090 τις
1243 2026 1388 2097 ὑμᾶς
1416 2028 1638 2099 αἱρείτω
1666 2028 1763 2096 φό-

175 2113 263 2176 ϐος
289 2113 413 2166 τῶν
448 2113 651 2180 ἔξωθεν
683 2114 1085 2185 ἀνθισταμένων
1114 2115 1196 2188 τῷ
1228 2117 1563 2188 εὐαγγελικῷ
1591 2116 1762 2189 κηρύ-

173 2217 378 2272 γματι·
431 2202 573 2257 ἀλλά
617 2204 712 2257 καὶ
762 2205 898 2276 πρὸς
944 2204 1166 2269 τούτους
1220 2207 1492 2276 ίσχύσατε,
1540 2209 1633 2261 καὶ
1687 2208 1760 2281 μὴ

175 2294 456 2362 φοϐεῖσθε.
514 2295 647 2360 Θεὸς
702 2296 810 2367 γάρ
857 2292 924 2368 ἦν
978 2298 1073 2350 καὶ
1127 2296 1261 2350 Θεοῦ
1307 2297 1498 2366 Λόγος,
1538 2298 1651 2351 ἀλλ’
1699 2301 1760 2353 οὑ

174 2388 406 2441 Μωῦσεῖ
447 2404 539 2451 τις
580 2389 974 2459 παραπλήσιος,
1008 2387 1132 2441 οὑδέ
1170 2405 1255 2451 τις
1296 2391 1410 2452 τοῖς
1458 2389 1762 2460 προφήταις

171 2479 380 2548 ὅμοιος,
405 2479 472 2532 οὑ
507 2479 681 2551 μόνων
705 2480 814 2532 τῶν
839 2478 1150 2551 παραδόξων
1181 2477 1409 2549 ποιητὴς
1440 2477 1757 2548 θαυμάτων,

171 2570 297 2624 ἀλλά
323 2571 432 2625 καὶ
460 2571 593 2642 ὑμῖν
617 2571 797 2635 αὑτοῖς
827 2570 927 2642 τῆς
964 2569 1149 2640 ἰσχύος
1179 2569 1417 2639 γεγονὼς
1443 2569 1632 2633 αἴτιος.
1663 2569 1759 2623 Πί-

171 2678 280 2727 στις
301 2663 355 2716 δ’
391 2662 464 2716 ἂν
512 2662 718 2731 γένοιτο
756 2662 1121 2735 ὲναργεστάτη
1163 2661 1263 2732 τῆς
1295 2660 1388 2715 τοῦ
1419 2677 1759 2734 προφητευο-

171 2755 329 2824 μένου
370 2755 631 2826 Σητῆρος
669 2754 826 2825 ήμῶν
858 2754 1038 2809 ἐνθέου
1085 2754 1383 2823 δυνάμεως,
1413 2753 1480 2807 δι’
1516 2749 1585 2827 ἦς
1621 2752 1755 2824 ἀλη-

168 2846 269 2910 θῶς
316 2846 543 2917 χωλοὺς
589 2847 679 2898 καὶ⁵
731 2845 982 2914 τυφλοὺς,
1025 2845 1119 2899 καὶ
1158 2844 1415 2916 λεπροὺς,
1473 2845 1565 2897 καὶ
1617 2861 1757 2916 παρ-

168 2938 423 3007 ειμένους
477 2938 664 2992 ίάσατό
718 2956 848 2991 πότε
902 2938 1071 3009 λόγῳ,
1125 2936 1265 2991 κατά
1318 2936 1417 3001 τὰς
1468 2938 1596 3009 περὶ
1654 2938 1752 2991 αὑ-

166 3029 251 3084 τοῦ
287 3029 564 3102 Γραφάς.
616 3032 649 3101 ή
701 3032 795 3084 καὶ
836 3029 1001 3083 εἰσέτι
1060 3028 1154 3083 νῦν
1207 3029 1569 3103 ἐνεργουμένη
1618 3028 1752 3100 πρὸς

163 3121 260 3192 τῆς
306 3122 491 3177 αὐτοῦ
544 3122 793 3193 θεότητος
844 3120 967 3175 καθ’
1011 3121 1140 3191 ὅλης
1182 3120 1284 3191 τῆς
1332 3117 1633 3191 ἀνθρώπων
1675 3120 1753 3173 ol-

165 3213 445 3284 κουμὲνης
494 3212 659 3283 ἀρετὴ
686 3251 703 3274 ,
752 3211 818 3265 δι’
858 3207 927 3285 ἦς
978 3211 1160 3273 αὐτοῖς
1216 3208 1399 3281 ἐργοις
1437 3208 1618 3271 ὁποῖός
1668 3225 1753 3273 τις

162 3296 227 3370 ἦν
271 3302 378 3356 καὶ
430 3301 588 3363 τότε,
638 3303 750 3365 τοῖς
798 3301 929 3364 οἵοις
978 3317 1038 3355 τε
1086 3301 1314 3371 συνορᾷν
1359 3298 1746 3353 ἐπιδείκνυται·

162 3394 245 3446 ὅτε
272 3393 377 3447 καὶ
401 3391 501 3445 ἐπὶ
519 3390 790 3455 τοσούτοις
814 3392 951 3463 μετά
971 3391 1145 3444 ταῦτα
1172 3390 1384 3462 χρόνοις
1409 3389 1637 3462 διαρκὴς
1656 3389 1751 3443 καὶ⁵

162 3488 458 3557 ἀνίκητος,
502 3486 591 3539 καὶ
634 3485 708 3548 ὡς
736 3485 949 3557 ἀληθῶς
974 3484 1108 3540 Θεοῦ
1137 3486 1326 3555 Λόγος,
1358 3487 1387 3538 ὁ
1416 3486 1551 3557 πρὸς
1586 3486 1749 3541 αὑτοῦ

164 3576 570 3646 καταγγελϐεὶς
605 3577 1000 3639 ἀποδείκνυται,
1038 3577 1247 3640 πάντας
1280 3576 1750 3647 ὑπερϐαλλόμενος

162 3670 288 3731 τοὺς
319 3667 570 3739 ἀρχῆθεν
598 3668 690 3720 καὶ
721 3666 885 3737 μέχρι
913 3664 1005 3720 τοῦ
1038 3665 1131 3720 νῦν
1161 3666 1258 3738 τὴν
1280 3666 1624 3720 διδασκαλίαν
1648 3667 1747 3720 αὑ-

163 3758 256 3811 τοῦ
287 3757 558 3827 πολεμεῖν
588 3757 1155 3828 παρεσκευασμένους,
1199 3758 1256 3825 ἐξ
1292 3759 1506 3831 ἀπάσης
1546 3776 1604 3812 τε
1647 3760 1748 3831 τῆς

162 3848 505 3919 οἰκουμένης
535 3847 873 3919 ὑπαγόμενος
898 3847 1073 3919 ἑαυτῷ
1103 3848 1268 3921 μυρία
1298 3849 1495 3921 πλήθη,
1521 3851 1615 3907 καὶ
1642 3851 1749 3904 πά-

167 3958 263 4010 σης
295 3942 405 4011 μὲν
434 3939 706 4010 ἁμαρτίας
739 3939 962 3993 καὶτῶν
988 3939 1127 3994 κατά
1154 3940 1331 4011 ψυχὴν
1358 3940 1543 3994 παθῶν
1566 3958 1625 3994 τε
1654 3943 1745 3997 καὶ

163 4033 499 4103 νοσημάτων
533 4032 658 4094 τοὺς
691 4030 839 4101 αὑτῷ
877 4030 1197 4102 προσιόντας
1234 4031 1612 4096 ἀπαλλάσσων,
1653 4034 1745 4088 ἐπὶ

161 4126 215 4178 δὲ
244 4127 352 4197 τὴν
378 4124 580 4194 εύσεόῆ
605 4123 950 4178 διδασκαλίαν
973 4122 1137 4177 αὑτοῦ
1166 4125 1272 4177 πᾶν
1294 4124 1448 4193 γένος
1482 4124 1742 4197 Ἑλλήνων

162 4220 255 4272 καὶ
314 4216 609 4289 βαρϐάρων
660 4216 1151 4289 προσκαλούμενος,
1203 4219 1429 4289 μυρίους
1474 4235 1535 4269 τε
1586 4219 1742 4282 ὅσους

161 4310 464 4381 προσάγων
492 4309 583 4362 ἐπὶ
609 4308 706 4380 τὴν
736 4308 828 4362 τοῦ
859 4309 1019 4380 μόνου
1050 4309 1142 4363 καὶ
1171 4307 1403 4379 ἀληθοῦς
1431 4307 1566 4362 Θεοῦ
1601 4308 1741 4378 γνῶ-

165 4418 270 4463 σιν,
294 4401 388 4453 ὲπί
416 4416 480 4454 τε
505 4400 595 4452 τὸν
622 4400 747 4471 ὑγιῆ
772 4402 865 4453 καὶ
892 4399 1140 4472 σώφρονα
1166 4400 1300 4471 βίον,
1323 4401 1380 4465 ὃς
1401 4401 1464 4473 δὴ
1490 4403 1582 4456 καὶ
1603 4402 1739 4474 πρέ-

162 4509 282 4546 πων
332 4495 415 4565 εἴη
449 4492 516 4546 ἂν
565 4493 861 4565 ἐπαγγελίᾳ.
907 4492 1203 4566 θρησκείας
1245 4493 1337 4547 τοῦ
1390 4495 1480 4548 ἐπὶ
1524 4495 1741 4549 πάντων

161 4585 322 4639 Θεοῦ.
364 4580 534 4649 Οὗτος
578 4586 633 4638 δὲ
671 4586 834 4649 αὑτὸς
861 4587 889 4638 ὁ
918 4585 1048 4648 Θεὸς
1093 4585 1267 4657 ἡμῶν,
1312 4585 1407 4641 ἆτε
1460 4588 1739 4658 τυγχάνων

163 4677 302 4729 Θεοῦ
358 4678 551 4745 Λόγος,
605 4696 622 4727 ι
667 4676 882 4747 Κρίσιν,
947 4677 1129 4748 φησὶν,
1186 4677 1593 4739 ἀνταποδίδωσι,
1642 4676 1737 4730 καὶ

163 4768 555 4831 ἀνταποδώσει,
581 4768 741 4831 αὑτὸς
767 4768 885 4839 ἣξει
909 4769 1000 4823 καὶ
1028 4766 1186 4821 σώσει
1212 4769 1374 4837 ἡμᾶς.
1408 4787 1425 4819 ι
1454 4766 1610 4821 Κατά
1629 4766 1735 4837 γὰρ

164 4861 254 4913 τὸν
287 4859 498 4930 ψαλμὸν
533 4861 809 4929 φήσαντα·
857 4878 875 4909 ι
924 4858 981 4910 '0
1010 4858 1139 4922 Θεὸς
1164 4897 1179 4921 ,
1224 4858 1285 4910 τὸ
1316 4856 1489 4929 κρῖμά
1522 4873 1615 4908 σου
1658 4856 1735 4927 τῷ

166 4949 380 5019 βασιλεῖ
400 4952 508 5017 δός,
539 4971 558 5004 ι
589 4955 683 5006 καὶ
706 4951 847 5005 κατά
863 4951 960 5022 τὴν
982 4950 1339 5022 εύαγγελικὴν
1370 4949 1730 5014 διδασκαλίαν,

163 5041 233 5095 δι’
260 5039 331 5113 ἧς
361 5044 591 5115 εἴρηται·
626 5062 644 5095 ι
691 5045 748 5096 '0
788 5041 976 5112 Πατὴρ
1014 5041 1184 5112 κρίνει
1218 5040 1425 5101 οὐδένα,
1470 5039 1604 5093 ἀλλά
1634 5039 1732 5110 τὴν

165 5134 351 5204 κρίσιν
373 5137 552 5188 πᾶσαν
579 5135 776 5189 δέδωκε
801 5133 878 5205 τῷ
899 5133 1030 5203 Υἱῷ,
1058 5154 1075 5184 ι
1105 5132 1253 5203 παρὰ
1279 5132 1371 5185 τοῦ
1398 5131 1609 5203 Πατρὸς
1631 5130 1728 5202 τὴν

165 5224 266 5277 τοῦ
298 5227 492 5296 κρίνειν
520 5226 757 5298 εἰληφὼς
784 5226 1047 5291 ἐξουσίαν,
1073 5225 1385 5298 δικαιοσύνῃ
1410 5223 1627 5295 κρίνων,
1653 5222 1731 5295 τῷ

172 5316 279 5386 μὲν
310 5318 371 5370 ἐκ
395 5319 694 5391 περιτομῆς
721 5318 833 5388 λαῷ
860 5318 956 5388 τὴν
990 5318 1365 5388 προσήκουσαν
1397 5315 1503 5369 τῶν
1530 5317 1609 5379 είς
1632 5316 1730 5368 αὑ-

167 5408 263 5461 τόν
302 5426 357 5462 τε
380 5412 613 5474 καὶτοὺς
638 5408 801 5465 αὑτοῦ
830 5409 1111 5480 προφήτας
1138 5406 1552 5478 τετολμημένων
1577 5408 1731 5479 δίκην

171 5499 495 5566 ἀποδέδωκε,
543 5501 748 5565 πάντας
786 5501 844 5555 δὲ
887 5498 1216 5566 ἁπαξαπλῶς
1253 5498 1571 5571 ἀνθρώπους
1608 5501 1731 5564 τοὺς

173 5592 323 5661 αὑτῷ
342 5595 662 5665 προσιόντας
694 5593 753 5660 ἐξ
776 5592 888 5645 ἴσου
924 5590 1064 5645 κατὰ
1086 5591 1146 5644 τὸ
1167 5591 1371 5645 δίκαιον
1398 5590 1725 5645 ἀνεσώσατο·

180 5675 259 5736 ὧν
286 5680 470 5741 τάὧτα
484 5685 583 5758 τῆς
608 5685 844 5746 διανοίας
870 5682 964 5738 καὶ
989 5684 1115 5747 τοὺς
1137 5681 1447 5755 ὀφθαλμοὺς
1477 5683 1730 5754 ἀνέῳξεν.

1869 1849 2021 1907 nent,
2051 1850 2105 1895 et
2134 1840 2336 1910 plantis
2371 1839 2504 1910 ipsis
2531 1847 2584 1892 et
2608 1837 2850 1902 incessu,
2876 1852 2942 1891 ex
2976 1838 3134 1906 longo
3156 1837 3431 1892 adoratio-

1865 1932 1950 1990 nis
1999 1931 2299 1989 secundum
2349 1930 2639 1986 Mosaicam
2675 1929 2844 1998 legem
2899 1928 3131 1983 circuitu
3174 1929 3432 2000 elangue-

1864 2031 2008 2085 rant,
2042 2023 2438 2093 solutioresque
2462 2027 2768 2081 evaserant,
2794 2018 2996 2074 idcirco
3027 2021 3273 2078 excitans
3305 2024 3430 2080 illos

1862 2114 1929 2171 ad
1957 2115 2318 2185 evangelicam
2348 2114 2471 2170 vita:
2504 2112 2935 2168 institutionem:
2975 2129 2993 2161 ‹
3029 2110 3425 2180 Convalescitc,

1860 2208 2055 2278 inquit,
2105 2222 2300 2262 manus
2346 2206 2605 2267 remissa,
2640 2210 2695 2258 et
2726 2216 2902 2273 genua
2950 2201 3240 2268 dissoluta,
3286 2222 3305 2255 ι
3358 2205 3426 2259 ad

1860 2298 2194 2353 alacritatem
2218 2297 2471 2353 videlicet
2510 2294 2811 2365 evangelici
2855 2309 3072 2349 cursus.
3120 2293 3426 2348 Conﬁrma-

1859 2391 1992 2445 mini
2022 2392 2183 2447 etiam
2220 2390 2285 2445 ad
2336 2389 2724 2452 exhortandos,
2764 2385 3234 2455 concitandosque
3262 2386 3420 2450 alios,

1859 2489 1919 2535 ut
1944 2482 2310 2552 evangelicam
2334 2482 2565 2536 salutem
2588 2481 3007 2553 amplectantur,
3032 2494 3152 2542 vos,
3175 2479 3418 2548 inquam,

1856 2575 1951 2641 qui
1995 2574 2146 2643 prius
2192 2572 2359 2628 eratis
2408 2572 2607 2642 pusillo
2656 2572 2859 2636 animo,
2921 2587 3094 2641 neque
3130 2570 3274 2625 ullus
3323 2584 3421 2626 vos

1855 2664 2034 2734 capiat
2090 2666 2251 2719 timor
2307 2680 2517 2729 eorum,
2564 2664 2656 2734 qui
2710 2663 3045 2718 extrinsecus
3100 2661 3423 2732 evangelicae

1855 2755 2229 2825 pmdicationi
2266 2756 2531 2812 resistunt
2564 2775 2576 2811 :
2606 2770 2794 2809 verum
2829 2762 3022 2807 contra
3074 2753 3173 2808 hos
3201 2766 3421 2822 quoque
3522 2810 3533 2821 ,

1854 2849 2022 2903 robur
2042 2848 2289 2919 accipite,
2311 2855 2366 2903 et
2396 2862 2466 2903 ne
2508 2846 2715 2901 timete.
2751 2844 2894 2899 Deus
2937 2844 3081 2898 enim
3124 2855 3207 2899 est
3238 2853 3292 2898 et
3323 2843 3419 2899 Dei

1853 2938 2119 3005 Verbum,
2153 2954 2263 2993 non
2291 2946 2472 2993 autem
2504 2937 2773 3008 quispiam
2824 2936 2958 2991 Mosi
3010 2936 3223 3003 similis,
3257 2951 3320 2989 ac
3350 2951 3419 2992 ne

1855 3034 1999 3087 ullus
2029 3032 2247 3103 quidem
2281 3031 2668 3103 prophetarum
2713 3029 2843 3084 huic
2870 3036 2954 3086 est
2995 3030 3415 3099 comparandus,

1854 3125 1945 3194 qui
1968 3139 2075 3179 non
2106 3124 2280 3180 solum
2312 3123 2579 3177 miracula
2629 3122 2893 3177 inusitata
2922 3122 3083 3176 edere
3110 3122 3413 3186 consuevit,

1852 3228 2042 3269 verum
2072 3213 2237 3268 etiam
2260 3212 2416 3267 vobis
2454 3211 2589 3280 ipsis
2615 3212 2795 3266 omnis
2837 3210 3171 3265 fortitudinis
3201 3218 3254 3265 et
3284 3226 3417 3266 con-

1850 3305 2066 3362 stantiae
2095 3313 2288 3359 auctor
2326 3304 2572 3360 exsistit.
2599 3303 2994 3373 Argumentum
3020 3319 3145 3357 vero
3175 3304 3417 3359 certissi-

1850 3412 1997 3450 mum
2033 3394 2197 3450 fuerit
2218 3394 2417 3449 divina:
2446 3394 2588 3462 ejus,
2615 3408 2774 3462 quem
2823 3393 3098 3464 prOphelae
3127 3401 3412 3447 venturum

1849 3488 2171 3542 nuntiarunt
2223 3483 2523 3539 Salvatoris
2558 3484 2732 3537 nostri
2760 3485 3001 3547 virtutis,
3038 3499 3133 3553 per
3162 3499 3320 3553 quam
3355 3500 3414 3540 re

1846 3594 1975 3633 vera
2011 3585 2065 3631 ct
2096 3576 2342 3640 claudos,
2384 3583 2437 3630 et
2489 3591 2681 3640 cmcos,
2739 3586 2791 3630 et
2842 3575 3007 3643 lepris
3060 3574 3310 3640 infectos,
3359 3584 3413 3629 et

1847 3670 2105 3725 membris
2135 3668 2452 3729 dissolutos.
2483 3668 2671 3733 verbo,
2708 3675 2769 3721 ut
2800 3665 3092 3736 Scriptura:
3117 3683 3237 3736 qua:
3256 3669 3324 3723 de
3347 3669 3413 3722 il-

1846 3760 1899 3815 lo
1943 3767 2161 3816 exstant
2212 3757 2370 3813 ﬁdem
2414 3756 2641 3822 faciunt,
2697 3758 2989 3827 aliquando
3020 3759 3316 3817 sanaverit.
3344 3773 3409 3813 ea

1846 3869 1965 3924 qua:
1992 3853 2155 3909 etiam
2183 3866 2329 3905 nunc
2351 3850 2642 3905 ellicaciam
2673 3864 2824 3904 suam
2858 3864 2922 3903 ex
2955 3849 3100 3905 illius
3123 3849 3409 3903 divinitate

1845 3946 1900 4001 in
1945 3954 2081 4010 toto,
2112 3947 2205 4017 qui
2238 3947 2307 4001 ab
2355 3944 2667 3999 hominibus
2699 3940 2956 3997 incolitur
2980 3941 3131 4005 orbe,
3163 3942 3409 3996 ostendit

1843 4040 2042 4103 virtus,
2071 4053 2167 4109 per
2215 4052 2377 4108 quam
2414 4037 2577 4091 rebus
2620 4035 2755 4105 ipsis
2783 4045 2835 4089 et
2866 4034 3023 4089 factis
3055 4036 3233 4105 qualis
3279 4042 3408 4090 tunc

1842 4144 2061 4199 quoque
2095 4130 2256 4183 fuerit
2287 4129 2375 4191 iis,
2410 4128 2501 4199 qui
2541 4126 2740 4181 intueri
2776 4135 3024 4196 possunt,
3060 4128 3405 4182 ostenditur:

1840 4218 2244 4297 mquando
2278 4220 2329 4272 in
2382 4229 2489 4272 tam
2539 4218 2738 4272 multos
2788 4233 2960 4272 annos
2991 4224 3112 4286 post
3154 4218 3244 4271 illa
3286 4231 3410 4286 qua

1842 4316 2046 4384 scripta
2082 4321 2208 4369 sunt
2240 4312 2401 4366 durat
2432 4310 2686 4373 invictus,
2718 4319 2771 4364 et
2814 4325 3003 4363 revera
3036 4307 3129 4362 Dei
3169 4306 3404 4363 Verbum

1842 4422 1984 4472 esse,
2018 4404 2161 4476 quod
2191 4406 2260 4459 ab
2286 4404 2404 4474 ipso
2434 4402 2814 4457 denuntiatum
2832 4408 2937 4462 est,
2978 4398 3404 4466 demonstratur,

1842 4503 2029 4565 utpote
2057 4493 2199 4565 quod
2242 4509 2432 4549 onmes
2457 4494 2568 4561 jam
2605 4492 2817 4551 vicerit.
2855 4490 3169 4560 quicunque
3195 4490 3264 4545 ab
3300 4491 3408 4544 ini-

1842 4582 1918 4635 tio
1966 4582 2022 4635 in
2067 4586 2211 4635 hunc
2259 4595 2434 4649 usque
2482 4578 2624 4632 diem
2672 4575 2978 4630 doctrinam
3014 4576 3188 4646 ipsius
3236 4593 3409 4647 oppu-

1839 4686 2006 4740 gnare
2043 4672 2223 4725 conati
2266 4671 2393 4735 sint,
2431 4677 2485 4725 et
2516 4684 2581 4723 ex
2629 4667 2886 4722 universo
2925 4668 3057 4721 orbe
3090 4669 3404 4721 innumera-

1839 4762 1975 4817 biles
2006 4769 2305 4815 conventus
2336 4760 2401 4814 ad
2451 4761 2693 4829 scipsum
2739 4760 2958 4814 assidue
3006 4758 3207 4819 trahat,
3252 4765 3307 4811 et
3336 4758 3405 4812 ab

1840 4854 1985 4909 omni
2013 4863 2255 4924 peccato,
2292 4853 2653 4924 omnibusque
2685 4854 2850 4907 animi
2893 4860 2946 4907 et
2977 4852 3402 4921 perturuatiom-

1838 4947 1941 5001 bus
1975 4956 2029 4999 et
2059 4946 2261 5001 morbis
2304 4961 2399 4999 eos
2470 4947 2563 5015 qui
2606 4945 2671 4999 ad
2715 4960 2773 4999 se
2804 4943 3154 5005 accesserint,
3187 4942 3401 5008 liberet,

1836 5045 1891 5090 et
1946 5036 2014 5090 ad
2063 5036 2395 5106 religiosam,
2456 5037 2710 5105 piamque
2764 5035 3067 5087 doctrinam
3126 5048 3286 5086 omne
3348 5039 3405 5087 et

1836 5126 2146 5181 Gtmcorum
2190 5135 2243 5181 et
2292 5126 2645 5181 barbarorum
2684 5140 2854 5195 genus
2902 5124 3112 5187 invitet,
3155 5123 3404 5177 innume-

1836 5220 2144 5287 rabilesque
2196 5218 2263 5272 ad
2309 5218 2472 5272 unius
2510 5218 2734 5286 verique
2784 5215 2875 5270 Dei
2920 5214 3305 5284 cognitionem,
3346 5223 3402 5269 et

1836 5326 2027 5366 sanum
2080 5326 2144 5364 ac
2184 5310 2520 5363 moderatum
2551 5308 2768 5362 vivendi
2802 5308 3111 5360 institutum
3142 5306 3397 5366 adducat;

1850 5401 2299 5473 quemadmodum
2335 5401 2587 5456 videlicet
2617 5416 2738 5454 eum
2788 5401 2995 5464 deceat,
3024 5400 3117 5469 qui
3156 5399 3397 5469 supremi

1837 5493 1930 5551 Dei
1967 5494 2173 5547 cultum
2220 5493 2551 5560 proﬁteatur.
2585 5490 2888 5558 Quinetiam
2939 5492 3025 5546 hic
3071 5492 3211 5548 idem
3253 5491 3396 5550 Deus

1836 5598 2040 5649 noster,
2066 5593 2323 5654 tanquam
2356 5586 2402 5638 is
2424 5584 2514 5654 qui
2539 5585 2609 5638 sit
2645 5582 2733 5638 Dei
2758 5582 3015 5646 Verbum,
3055 5602 3074 5634 ι
3099 5584 3390 5654 judicium,

1839 5682 2037 5753 inquit,
2088 5680 2266 5737 reddit
2313 5688 2367 5736 et
2397 5678 2608 5745 reddet,
2661 5678 2776 5748 ipse
2818 5678 2998 5747 vcnict
3050 5686 3105 5736 et
3153 5678 3392 5735 servabit
