3922 6200
459 216 565 274 699

1065 214 1336 275 EUSEBII
1372 212 1854 274 CESARIENSIS
1888 212 2008 271 OPI‘

2109 212 2260 271 ’ΔΗΒ
2296 212 2365 271 Il.
2394 245 2463 257 --
2500 204 2997 271 APOUOGEHCA.

3581 211 3693 269 τοο

461 353 589 393 nos.
624 355 644 389 ι
676 334 810 391 Nam
839 341 899 390 ut
928 343 1013 391 est
1052 336 1109 390 in
1143 335 1372 406 psalmo,
1420 334 1515 407 qui
1548 334 1661 389 ait:
1693 352 1712 386 ι
1741 333 1906 401 Deus,
1930 333 2008 403 ju-

2117 331 2210 385 Διὸ
2234 332 2437 387 καὶτὸν
2460 332 2647 404 καιρὸν
2666 331 2769 402 τῆς
2791 330 3090 404 παρουσίας
3112 328 3302 395 αὑτοῦ,
3322 327 3510 400 καιρὸν
3528 329 3696 382 ἀντα-

465 428 669 484 dicium
714 434 867 480 tuum
912 425 1028 497 regi
1073 424 1141 480 da
1162 426 1230 492 ⁸³,
1261 445 1281 479 ι
1337 433 1505 497 utque
1547 435 1631 482 est
1671 425 1726 479 in
1774 424 2023 480 doctrina

2123 423 2394 488 ποδόσεως
2413 426 2443 478 ό
2467 423 2607 489 θεῖος
2630 423 2895 478 ἀποκαλεῖ
2916 422 3092 492 λόγος,
3118 423 3177 475 ἐν
3208 421 3414 494 ἑτέροις
3443 421 3690 491 9m-

464 515 798 586 evangelica,
831 515 889 569 in
924 529 1032 586 qua
1078 514 1213 571 illud
1256 515 1464 572 dictum
1511 524 1594 573 est
1624 535 1637 572 :
1670 534 1689 568 ι
1718 514 1880 570 Pater
1913 528 2008 569 non

2127 533 2147 567 ι
2174 514 2413 569 Καλέσαι
2437 515 2680 570 ἐνιαυτὸν
2701 513 2907 587 Κυρίου
2929 513 3137 580 δεκτδν,
3168 513 3267 566 καὶ
3288 512 3499 584 ἡμέραν
3521 512 3696 565 ἀντα-

458 608 670 679 judicat
687 605 1018 677 quempiam,
1033 606 1127 663 sed
1139 622 1300 664 omne
1311 608 1576 678 judicium
1595 607 1740 663 dedit
1762 606 1902 664 Filio
1915 606 1983 671 ”,
1995 625 2017 659 ι

463 708 686 774 accepta
726 716 758 755 a
784 699 945 756 Patre
967 700 1250 770 judicandi
1287 707 1573 772 potestate.
1597 700 1727 756 dum
1757 700 1905 771 juste
1929 702 2022 772 ju-

461 792 629 859 dicat,
661 792 859 864 populo
887 792 1107 863 quidem
1134 793 1200 847 ad
1224 793 1693 850 circumcisionem
1729 793 2017 864 spectanti,

461 900 563 957 pro
592 884 660 940 iis
686 898 808 954 quae
832 890 886 939 et
916 884 973 939 in
1006 884 1249 954 seipsum
1272 892 1327 940 et
1359 885 1415 939 in
1435 885 1727 956 prophetas
1747 900 1878 941 suos
1899 885 2017 941 ausi

460 982 611 1040 sunt,
641 980 919 1040 meritum,
954 975 1390 1045 conveniensque
1414 975 1738 1045 supplicium
1770 979 2019 1046 assigna-

455 1067 556 1134 vit,
586 1081 778 1121 onmes
812 1073 992 1119 autem
1025 1065 1270 1129 omnino,
1303 1065 1396 1135 qui
1436 1066 1505 1122 ad
1539 1069 1716 1137 ipsum
1771 1080 2019 1121 accesse-

456 1165 587 1214 runt
614 1158 864 1213 homines
891 1172 954 1212 ex
988 1171 1144 1226 aequo
1175 1163 1234 1210 ut
1253 1156 1463 1226 justum
1491 1165 1595 1222 est,
1629 1159 1971 1213 conservavit
1998 1174 2013 1212 :

457 1265 690 1321 quorum
723 1249 908 1320 utique
945 1257 999 1303 et
1036 1263 1197 1304 aures
1229 1256 1284 1304 et
1327 1249 1517 1305 oculos
1549 1250 1746 1306 mentis
1779 1251 2013 1321 aperuit.

456 1341 727 1408 Quocirca
760 1349 977 1411 tempus
1019 1338 1164 1394 illius
1200 1339 1481 1405 adventus,
1526 1346 1741 1411 tempus
1776 1341 2017 1397 retribu-

456 1431 623 1487 tionis
652 1430 895 1485 divinum
926 1437 1081 1484 vocat
1116 1429 1420 1492 oraculum,
1463 1431 1608 1500 quod
1646 1430 1703 1485 in
1729 1430 1850 1487 aliis
1884 1431 2014 1487 item

455 1527 536 1581 sic
559 1525 634 1579 ait
662 1542 675 1579 :
707 1542 727 1575 ι
758 1520 966 1576 Vocare
985 1535 1188 1575 annum
1216 1519 1431 1576 Domini
1465 1528 1768 1592 acceptum,
1794 1530 1848 1578 et
1868 1522 2013 1578 diem

452 1614 835 1674 retributionis
857 1615 923 1669 ⁸³.
958 1633 977 1666 ι
1006 1610 1178 1668 Porro
1199 1598 1309 1669 hoc.
1336 1612 1439 1668 fuit
1466 1614 1841 1671 retributionis
1870 1621 2013 1670 tem-

454 1725 577 1781 pus,
619 1708 676 1762 in
712 1721 822 1778 quo
877 1706 1054 1762 omnis
1103 1706 1386 1777 sanguinis
1434 1704 1611 1771 etl'usi,
1663 1721 1694 1760 a
1744 1706 2015 1777 sanguine

451 1796 607 1859 Abel,
649 1809 821 1865 usque
867 1795 935 1848 ad
987 1793 1307 1865 sanguinem
1359 1793 1665 1863 Zachariae,
1714 1802 1769 1852 et
1828 1795 2011 1867 ipsum

452 1886 754 1957 pretiosum
801 1883 1122 1956 sanguinem
1169 1883 1324 1951 Jesu,
1352 1885 1489 1941 ultio
1538 1893 1755 1958 sumpta
1801 1894 1907 1952 est,
1956 1894 2013 1943 et

452 1976 776 2049 supplicium
823 1976 892 2032 de
922 1976 1141 2030 illorum
1188 1977 1427 2041 natione,
1478 1979 1571 2049 qui
1605 1979 1661 2033 in
1692 1978 1841 2034 illum
1884 1993 2015 2050 pec-

449 2079 732 2136 caverunt,
763 2084 935 2141 usque
962 2070 1118 2134 adeo,
1154 2076 1214 2125 ut
1241 2086 1305 2127 ex
1352 2071 1446 2127 illo
1487 2083 1785 2127 extremum
1822 2072 2012 2127 interi-

451 2170 564 2216 tum
590 2173 998 2235 extremamque
1017 2166 1374 2220 vastationem
1401 2164 1743 2234 pertulerint.
1770 2163 1835 2219 Et
1862 2164 2010 2236 quod

446 2255 665 2326 quidem
708 2256 775 2311 ad
820 2257 945 2312 illos
983 2258 1216 2328 pertinet
1262 2255 1556 2327 judicium,
1598 2258 1766 2313 talem
1817 2265 2009 2313 contra

2121 603 2408 667 ποδόσεως.
2444 622 2467 656 ι
2501 597 2671 668 Οὗτος
2708 603 2766 656 δὲ
2801 598 2871 675 ἦν
2905 603 3098 674 καιρὸς
3128 603 3229 674 τῆς
3260 600 3697 669 ἀνταποδόπως,

2119 693 2213 746 καὶ
2243 691 2364 747 καθ’
2393 693 2452 747 δν
2484 695 2593 747 πᾶν
2638 688 2777 765 αἷμα
2819 692 3048 764 ἐκχυθὲν
3094 692 3204 747 ἀπὸ
3244 693 3473 764 αἵματος
3520 691 3697 747 ’Δὸελ

2118 783 2223 848 ἕως
2244 785 2473 854 αἵματος
2505 783 2795 856 Ζαχαρίου,
2840 784 2934 839 καὶ
2977 783 3141 839 αὐτοῦ
3172 799 3238 852 γε
3269 781 3362 836 τοῦ
3394 782 3576 854 τιμίου
3597 783 3699 837 αῖ-

2121 893 2288 947 ματος
2339 874 2532 948 Ἰησοῦ,
2569 874 2901 948 ἐκδεδίκηται
2936 875 3045 929 ἀπὸ
3082 874 3184 945 τῆς
3223 876 3416 944 γενεᾶς
3455 874 3565 928 τῶν
3605 876 3702 940 είς

2117 967 2281 1020 αὐτὸν
2312 965 2875 1038 πεπλημμεληκότων,
2913 964 2990 1029 ὡς
3012 964 3072 1031 ἐξ
3094 965 3306 1018 ἐκείνου
3337 965 3428 1019 τὸν
3459 966 3699 1036 ἔσχατον

2117 1059 2312 1121 αὐτοὺς
2347 1058 2634 1128 ὑπομεῖναι
2676 1056 2915 1129 ὄλεθρον,
2955 1056 3049 1110 καὶ
3077 1056 3179 1128 τὴν
3204 1056 3440 1127 ἐσχάτην
3461 1057 3701 1128 πολιορ-

2116 1151 2262 1205 κίαν.
2292 1150 2403 1204 Καὶ
2429 1151 2463 1220 ἡ
2501 1149 2598 1220 μὲν
2630 1149 2747 1203 κατ’
2770 1148 3008 1212 ἐκείνους
3034 1147 3211 1220 κρίσις
3228 1149 3479 1220 τοιαύτην
3499 1150 3704 1220 ἐποιή-

2117 1261 2246 1299 σατο
2278 1244 2397 1296 κατ’
2436 1241 2613 1295 αὐτῶν
2645 1242 2743 1313 τὴν
2780 1240 3150 1295 ἀνταπόδοσιν·
3178 1240 3259 1294 διό
3291 1258 3451 1312 φησιν
3484 1243 3520 1313 ή
3548 1258 3699 1313 προ-

2114 1335 2330 1407 φητεία·
2355 1352 2376 1385 ι
2416 1334 2546 1388 Ἰδοὺ
2570 1336 2598 1388 ό
2620 1333 2752 1396 Θεὸς
2774 1333 2930 1404 ἡμῶν
2948 1332 3126 1404 κρίσιν
3150 1333 3540 1387 ἀνταποδίδωσι
3588 1334 3705 1387 καὶ

2113 1424 2498 1481 ἀνταποδώσει.
2536 1443 2555 1477 ι
2595 1426 2659 1478 Ἥ
2698 1424 2757 1479 δὲ
2782 1423 2912 1497 περὶ
2941 1424 3049 1479 τῶν
3076 1424 3143 1477 δι’
3174 1424 3339 1479 αὑτοῦ
3368 1424 3701 1496 σωθησομέ-

2112 1536 2218 1573 νων
2246 1517 2372 1588 ἐξῆς
2402 1515 2654 1588 δηλοῦται
2692 1515 2783 1570 διὰ
2811 1515 2938 1571 τοῦθ
2969 1535 2987 1567 ι
3016 1516 3187 1580 Αὐτὸς
3220 1516 3359 1587 ἥξει,
3392 1518 3489 1570 καὶ
3516 1515 3701 1570 σώσει

2112 1611 2279 1683 ἡμᾶς.
2306 1610 2440 1664 Τότε
2467 1607 2874 1681 ἀναχθήσονται
2898 1608 3165 1680 ὀφθαλμοὶ
3190 1608 3433 1679 τυφλῶν,
3450 1610 3548 1663 καὶ
3564 1602 3703 1665 ὦτα.

2111 1702 2310 1772 κωφῶν
2353 1701 2698 1765 ἀκούσονται,
2742 1719 2762 1753 ι
2793 1701 2890 1755 καὶ
2918 1699 2986 1755 τὰ
3028 1700 3176 1771 ἑξῆς.
3223 1701 3432 1771 Ταύτην
3478 1701 3540 1755 δὲ
3580 1703 3701 1773 τὴν

2114 1794 2379 1865 σωτήριον
2430 1793 2610 1866 κρίσιν
2656 1792 2749 1846 καὶ
2798 1791 2933 1864 ἀλλη
2982 1794 3286 1865 προφητεία
3326 1792 3551 1857 ἐξοίσειν
3593 1793 3701 1847 ὼν

2110 1886 2343 1958 Χριστὸν
2360 1885 2753 1955 ἐπαγγέλλεται
2786 1887 3087 1955 φάσκουσα’
3119 1904 3139 1938 ι
3177 1885 3307 1939 Ἰδοὺ
3336 1888 3366 1939 ό
3388 1890 3516 1949 mi;
3547 1904 3699 1958 μου,

2111 1978 2471 2051 ἀντιλήψομαι
2495 1979 2680 2033 αὐτοῦ’
2711 1979 2740 2032 ὁ
2773 1977 3025 2041 ἐκλεκτός
3048 1994 3173 2048 μου,
3200 1978 3555 2050 προσεδέξατο
3576 1982 3701 2033 αὐ-

2109 2071 2253 2143 τὸνὴ
2283 2071 2427 2143 ψυχή
2464 2088 2584 2143 μου·
2615 2071 2792 2143 κρίσιν
2816 2073 2930 2135 τοῖς
2956 2069 3163 2124 ἔθνεσιν
3186 2070 3395 2138 ἐξοίσει.
3427 2090 3448 2123 ι
3472 2073 3564 2126 Διὸ
3588 2074 3703 2127 καὶ

2110 2163 2241 2234 περὶ
2267 2161 2361 2215 τοῦ
2387 2162 2554 2231 λόγου
2585 2161 2684 2233 τῆς
2716 2161 2910 2232 καινῆς
2935 2160 3208 2234 Διαθήκης
3236 2161 3464 2234 εἴρηται·
3504 2180 3525 2213 ι
3587 2163 3705 2216 Ἐκ

2107 2253 2215 2325 γὰρ
2259 2252 2396 2308 Σιὼν
2441 2252 2781 2320 ἐξελεύσεται
2827 2253 3011 2325 νόμος,
3055 2253 3148 2307 καὶ
3187 2252 3345 2322 λόγος
3381 2252 3595 2324 Κυρίου
3628 2250 3703 2319 ἐξ

348 2726 359 2737 ‘
442 2712 644 2777 veniet,
676 2720 729 2767 et
759 2712 998 2768 servabit
1032 2728 1133 2768 nos
1160 2731 1174 2767 :
1201 2720 1332 2767 tunc
1379 2711 1693 2783 aperientur
1719 2710 1861 2765 oculi
1895 2725 2002 2765 ete-

2118 2344 2423 2417 Ἱερουσαλὴ
2432 2363 2489 2416 μ,
2508 2346 2601 2399 καὶ
2625 2344 2927 2416 κρινεϊάνά
2952 2344 3117 2417 μέσον
3141 2343 3249 2399 τῶν
3278 2344 3511 2414 ἐθνῶν.)
3532 2346 3701 2414 Κρί-

2107 2454 2187 2491 σει
2220 2437 2327 2509 γὰρ
2359 2436 2480 2509 θείᾳ
2522 2438 2615 2492 καὶ
2651 2437 2830 2507 λόγοις
2874 2438 3005 2509 ἡμῖν
3034 2437 3309 2510 ἀρρήτοις,
3348 2438 3441 2492 καὶ
3467 2436 3538 2490 τὰ
3573 2437 3700 2507 τῆς

2102 2528 2345 2601 κλήσεως
2376 2528 2489 2582 τῶν
2534 2531 2616 2592 είς
2634 2528 2816 2583 ⁸αΰτὸν
2854 2528 3286 2601 ἐπιστρεφόντων
3326 2529 3470 2592 εἰκὸς
3507 2529 3699 2584 αὐτὸν

2101 2621 2363 2694 ἐνεργεῖν.
2404 2620 2563 2675 Ἀλλά
2595 2622 2691 2676 καὶ
2715 2622 2811 2693 τὴν
2839 2620 2989 2675 θείαν
3014 2621 3281 2676 διδάσκων
3300 2623 3443 2693 ἡμᾶς
3464 2621 3699 2692 κρίσιν,

2103 2713 2197 2766 καὶ
2223 2713 2397 2767 πάντα
2415 2713 2751 2786 κεκριμένως
2777 2714 2923 2785 ἡμᾶς
2954 2714 3211 2786 πράττειν
3236 2712 3523 2778 παιδεύων,
3542 2714 3699 2786 κρί-

441 2814 654 2864 corum,
690 2808 743 2855 et
783 2815 944 2857 aures
976 2801 1265 2855 surdorum
1310 2800 1550 2867 audient,
1587 2819 1605 2853 ι
1642 2807 1695 2856 et
1745 2815 1867 2871 quae
1912 2815 1999 2856 se-

2109 2819 2191 2857 σιν
2217 2805 2330 2867 τοῖς
2360 2803 2564 2859 ἔθνεσιν
2595 2802 2821 2869 ἐξοίσειν
2851 2805 3085 2874 λέγεται.

441 2901 706 2975 quuntur.
730 2892 843 2949 Hoc
871 2910 1000 2949 vero
1022 2895 1261 2950 salutare
1289 2894 1557 2965 judicium
1582 2911 1612 2950 a
1640 2894 1861 2952 Christo
1881 2912 2002 2953 esse
2038 2898 2449 2969 proferendum,
2480 2900 2587 2954 alia
2642 2915 2859 2971 quoque
2877 2900 3158 2972 pr0phetia
3188 2900 3491 2965 denuntiat,
3548 2917 3701 2972 qua

441 2989 523 3043 sic
566 2988 642 3042 ait
668 3008 680 3044 :
703 2988 867 3062 450
899 3010 917 3041 ι
946 2989 1087 3045 Ecce
1114 3005 1251 3061 puer
1279 3006 1455 3050 meus.
1504 2992 1799 3063 suscipiam
1835 3008 1957 3048 eum
1987 3010 2000 3047 :
2039 2994 2245 3050 electus
2282 3010 2456 3060 meus,
2493 2995 2734 3066 suscepit
2769 3011 2894 3050 eum
2958 2995 3139 3049 anima
3182 3010 3300 3049 mea
3353 2993 3701 3063 :judicium

441 3080 696 3153 gentibus
715 3081 1041 3152 proferet".
1073 3101 1092 3134 ι
1128 3079 1367 3137 Proinde
1424 3083 1590 3138 etiam
1624 3082 1691 3139 de
1719 3084 1888 3139 verbo
1909 3083 2045 3141 Novi
2084 3084 2420 3142 Testamenti
2463 3085 2671 3141 dictum
2718 3093 2843 3141 est:
2878 3102 2898 3137 ι
2959 3084 3035 3141 De
3082 3083 3214 3140 Sion
3251 3066 3433 3141 exibit.
3461 3085 3577 3148 lex,
3634 3101 3703 3146 et

438 3173 664 3230 verbum
715 3173 930 3229 Domini
975 3175 1042 3231 de
1081 3172 1405 3242 Jerusalem,
1454 3183 1508 3232 et
1544 3176 1815 3247 judicabit
1854 3176 1997 3233 inter
2033 3180 2313 3249 gentes".
2381 3197 2400 3231 ι
2434 3176 2627 3232 Divino
2655 3177 2797 3233 enim
2821 3176 3050 3248 judicio,
3112 3176 3528 3246 rationibusque
3572 3194 3699 3233 no-

438 3265 525 3322 bis
567 3267 798 3321 occultis
838 3277 1003 3338 atque
1052 3267 1416 3326 inetl‘abilihus
1446 3284 1508 3325 ea
1537 3285 1658 3342 quae
1721 3270 1790 3326 ad
1832 3274 2167 3328 vocationem
2229 3272 2502 3344 pertinent
2560 3286 2773 3336 eorum,
2814 3269 2909 3342 qui
2941 3269 3010 3325 ad
3034 3268 3213 3341 ipsum
3252 3278 3698 3337 convertuntur,

438 3358 822 3416 administrare
889 3362 1043 3417 illum
1084 3379 1182 3434 par
1227 3372 1332 3421 est.
1399 3363 1543 3432 Quin
1588 3366 1750 3421 etiam
1794 3365 1923 3423 dum
1964 3382 2069 3423 nos
2105 3366 2349 3422 divinum
2403 3366 2560 3422 docet
2599 3365 2889 3437 judicium,
2928 3364 3169 3437 dumque
3216 3370 3291 3420 ut‘
3319 3365 3498 3421 omnia
3540 3381 3699 3424 cum

432 3453 640 3525 judicio
670 3454 957 3523 faciamus,
994 3458 1250 3524 instituit,
1271 3458 1537 3529 judicium
1567 3461 1820 3533 gentibus
1856 3461 2059 3517 dicitur
2084 3461 2414 3533 prolaturus.

2023 3587 2067 3644 c
2111 3578 2242 3634 Ἀπὸ
2271 3576 2377 3632 τοῦ
2402 3577 2609 3632 αὐτοῦ.
2658 3607 2729 3644 -_
2749 3574 2888 3644 Περὶ
2931 3573 3338 3644 τῶνίσημείων
3364 3572 3461 3626 καὶ
3494 3576 3698 3643 τερεί-

2522 3664 2658 3713 των,
2689 3641 2779 3701 ὧν
2799 3641 3244 3721 κατειργάσατο.

2231 3760 2362 3819 Τότε
2382 3760 2605 3834 φανεροὶ
2628 3758 2840 3831 ἔσονται
2858 3757 2908 3811 οἱ
2933 3754 3349 3829 σφραγιζόμενοι
3368 3753 3457 3807 τὸν
3473 3753 3697 3827 νόμον,

2101 3852 2194 3907 τοῦ
2231 3852 2304 3925 μὴ
2338 3852 2543 3924 μαθεῖν.
2594 3852 2703 3906 Καὶ
2744 3852 2889 3923 ἐρεῖ·
2919 3848 3081 3903 Μενῶ
3110 3848 3200 3901 τὸν
3233 3847 3379 3912 Θεὸν,
3405 3847 3495 3901 τὸν
3526 3848 3700 3905 ἁπο-

2104 3945 2405 4017 στρέψαντα
2423 3944 2482 3997 τὸ
2507 3944 2793 4017 πρόσωπον
2822 3939 2986 3995 αὐτοῦ
3020 3940 3126 3995 ἀπὸ
3152 3938 3245 3992 τοῦ
3268 3938 3412 3992 οἴκου
3442 3938 3693 4007 Ἰακὼϐ,

2101 4037 2195 4091 καὶ
2216 4034 2486 4100 πεποιθὼς
2507 4034 2700 4107 ἔσομαι
2724 4033 2810 4087 ἐπ’
2833 4031 2999 4104 αὐτῷ.
3035 4032 3166 4085 Ἰδοὺ
3183 4029 3311 4099 ἐγὼ,
3338 4029 3426 4083 καὶ
3446 4029 3512 4082 τὰ
3542 4049 3695 4086 παι-

2099 4128 2188 4185 δία
2214 4129 2250 4183 ἆ
2280 4145 2368 4200 μοι
2388 4127 2583 4182 ἔδωκεν
2601 4127 2630 4179 ὁ
2650 4125 2802 4190 Θεός.
2824 4124 2934 4179 Καὶ
2955 4122 3106 4177 ἔσται
3128 4125 3325 4194 σημεῖα
3349 4122 3437 4175 καὶ
3457 4121 3695 4193 τέρα-,τα

2099 4223 2157 4275 ἐν
2182 4221 2261 4293 τῷ
2299 4219 2509 4294 Ἰσραὴλ
2545 4217 2695 4290 παρὰ
2721 4216 2924 4290 Κυρίου
2955 4213 3179 4269 Σαϐαὼθ
3200 4254 3216 4278 ,
3246 4214 3305 4278 δς
3331 4218 3589 4268 κατοικεῖ
3627 4220 3694 4271 ἐν

2098 4313 2177 4386 τῷ
2203 4314 2317 4387 ὄρει
2357 4312 2512 4367 Σιών⁸
2549 4312 2644 4366 καὶ
2673 4309 2768 4367 ἐὰν
2802 4309 2997 4365 εἴπωσι
3028 4308 3164 4381 πρὸς
3193 4308 3351 4379 ὑμᾶς·
3382 4308 3691 4378 luti-parts

2097 4406 2224 4469 τοὺς
2249 4402 2736 4474 ἐγγαστριμύθους,
2774 4402 2868 4456 καὶ
2897 4402 3024 4464 τοὺς
3053 4399 3162 4454 ἀπὸ
3196 4400 3298 4471 γῆς
3333 4398 3685 4468 φωνοῦντας,

2096 4497 2223 4560 τοὺς
2254 4494 2684 4566 κενολογοῦντας,
2710 4494 2760 4547 οἳ
2785 4496 2849 4548 ἐκ
2865 4493 2966 4564 τῆς
2996 4492 3199 4557 κοιλίας
3231 4490 3513 4564 φωνοῦσιν.
3555 4498 3685 4552 Οὐκ

2096 4586 2247 4651 ἔθνος
2280 4587 2414 4660 πρὸς
2438 4585 2568 4640 Θεὸν
2601 4576 2800 4652 abaci};
2833 4585 2887 4639 τί
2917 4583 3202 4657 ἐκζητοῦσι
3239 4583 3496 4655 περὶτῶν
3529 4584 3678 4651 ζών-

429 4667 576 4725 enim
596 4667 651 4725 in
691 4669 952 4725 auxilium
982 4671 1131 4726 dedit
1151 4672 1218 4727 ⁸⁸.
1252 4693 1279 4726 ι,
1297 4672 1500 4731 Paulus
1527 4674 1747 4746 quidem
1773 4685 1991 4749 aposto-

2109 4697 2204 4737 των
2227 4681 2352 4745 τοὺς
2380 4678 2632 4753 νεκρούς;
2670 4678 2831 4751 νόμον
2862 4676 2971 4749 γὰρ
3002 4678 3082 4741 είς
3113 4675 3360 4749 βοήθειαν
3386 4675 3619 4734 ἔδωκεν.
3655 4701 3677 4732 ι

431 4761 521 4817 lus
549 4760 605 4816 in
636 4761 869 4832 epistola
896 4763 962 4820 ad
991 4762 1269 4831 Hebraeos,
1294 4767 1473 4824 citans
1510 4768 1676 4839 hujus
1701 4768 1809 4824 loci
1827 4770 1992 4825 verba

2110 4772 2198 4826 Ἔν
2234 4775 2301 4844 τῇ
2347 4772 2483 4845 πρὸς
2526 4770 2809 4844 Ἐϐραίους
2842 4768 3096 4841 ἐπιστολῇ
3141 4768 3403 4840 παραθεὶς
3436 4770 3466 4824 ὁ
3499 4770 3677 4827 Ἀπό-

432 4852 524 4908 illa
556 4871 572 4909 :
609 4872 629 4906 ι
661 4852 801 4909 Ecce
824 4870 924 4926 ego
952 4864 1006 4911 et
1039 4857 1215 4927 pueri,
1249 4873 1387 4928 quos
1423 4858 1572 4915 dedit
1610 4859 1742 4916 mihi
1765 4859 1983 4917 Deuszi

2109 4863 2282 4929 πτολος
2306 4864 2406 4936 τὴν
2433 4864 2741 4933 φάσκουσαν
2764 4861 2929 4930 λέξινο
2959 4879 2977 4913 ι
3018 4860 3148 4915 Ἰδοὺ
3171 4860 3301 4930 ἐγὼ,
3331 4862 3424 4915 καὶ
3447 4860 3515 4915 τὰ
3541 4881 3685 4920 παι-

430 4948 749 5019 exsequitur
806 4950 1241 5020 explanationem
1305 4952 1375 5008 de
1426 4952 1689 5017 Christo,
1736 4954 1927 5010 dicens
1971 4971 1987 5011 :

2109 4955 2174 5011 ῑία
2205 4956 2241 5011 ἆ
2280 4972 2370 5028 μοι
2404 4955 2601 5010 ἔδωκεν
2638 4955 2667 5008 ό
2708 4954 2858 5019 Θεὸς,
2896 4973 2916 5006 ι
2952 4952 3373 5026 ἐπεξεργάζεται
3404 4955 3535 5027 περῖ⁸
3572 4957 3681 5011 τοῦ

436 5056 457 5090 ι
482 5036 623 5109 Quia
661 5056 793 5111 ergo
834 5042 987 5111 pueri
1017 5044 1558 5100 communicaverunt
1596 5045 1747 5102 carni
1778 5053 1833 5102 et
1863 5060 1995 5103 san-

2109 5048 2335 5122 Χριστοῦ
2362 5048 2553 5118 λέγων’
2590 5067 2608 5100 ι
2656 5047 2809 5102 Ἐπεὶ
2834 5041 2927 5101 οὖν
2960 5045 3030 5099 τὰ
3056 5045 3242 5099 παιδία
3271 5047 3681 5118 κεκοινώνηκεν

431 5130 605 5201 guini,
647 5143 701 5188 et
736 5132 854 5204 ipse
884 5134 1134 5189 similiter
1165 5136 1508 5208 particlpavit
1550 5138 1778 5204 eisdem,
1813 5146 1873 5194 ut
1897 5153 1995 5208 per

2109 5144 2322 5214 ιίματος
2340 5142 2435 5196 καὶ
2452 5141 2672 5213 σαρκὸς,
2701 5141 2796 5195 καὶ
2822 5140 2984 5204 αὐτὸς
3009 5138 3406 5211 παραπλησίως
3434 5142 3674 5213 μετέσχε

433 5232 661 5281 mortem
691 5228 997 5284 destrueret
1012 5244 1139 5285 eum
1161 5229 1253 5299 qui
1278 5229 1506 5285 habebat
1533 5231 1821 5301 imperium
1847 5245 1995 5287 mor-

2109 5234 2196 5288 :th
2229 5234 2427 5297 αὐτῶν,
2471 5223 2689 5288 ἶνα’διά
2726 5230 2820 5285 τοῦ
2856 5230 3085 5287 θανάτου
3119 5232 3443 5306 καταργήσῃ
3481 5233 3576 5287 τὸν
3607 5233 3677 5288 τὸ

431 5316 503 5373 tis
525 5317 591 5373 ".
634 5339 653 5372 ι
690 5317 899 5376 Pueros
938 5329 1123 5376 autem
1167 5335 1299 5377 suos
1327 5321 1432 5377 hoc
1466 5324 1523 5381 in
1566 5324 1686 5380 loco
1717 5326 1993 5396 apostolos

2109 5327 2291 5399 ιράτος
2338 5326 2530 5398 ἔχοντα
2570 5325 2665 5381 τοῦ
2710 5324 2960 5381 θανάτου.
3001 5344 3021 5377 ι
3054 5325 3258 5389 Παῖδας
3294 5324 3353 5379 δὲ
3391 5326 3566 5381 αὐτοῦ
3607 5326 3679 5379 ἐν

431 5408 697 5477 nominat,
744 5426 840 5483 per
869 5427 1009 5482 quos
1046 5410 1337 5469 Dominum
1376 5412 1616 5471 Sabaoth
1645 5416 1740 5487 qui
1783 5416 1995 5473 habitat

2109 5417 2296 5485 ῖούτοις
2316 5419 2441 5483 τοὺς
2472 5417 2800 5497 ἀποστόλους
2822 5415 3095 5489 ὀνομάζει,
3120 5418 3206 5488 ἐφ’
3225 5408 3301 5481 ὧν
3334 5419 3541 5492 σημεῖα
3572 5418 3680 5473 καὶ

444 2346 570 2403 illos
603 2348 1010 2404 retributionem
1050 2348 1297 2403 molitum
1331 2356 1417 2402 est
1442 2367 1454 2402 :
1482 2363 1545 2402 ex
1583 2363 1694 2418 quo
1720 2347 2005 2419 praphetia

446 2438 527 2494 sic
556 2439 632 2492 ait
657 2458 669 2494 :
700 2457 718 2490 ι
749 2439 888 2496 Ecce
913 2439 1054 2495 Deus
1084 2447 1273 2494 noster
1292 2437 1560 2507 judicium
1594 2439 1774 2493 reddit
1804 2445 1860 2493 et
1884 2439 2008 2494 red-

442 2529 555 2586 det.
591 2549 610 2582 ι
666 2515 821 2597 Quod
868 2547 997 2587 vero
1040 2532 1108 2587 ad
1151 2531 1274 2586 illos
1318 2537 1558 2602 spectat,
1612 2533 1705 2602 qui
1756 2532 2007 2588 servandi

441 2630 592 2689 sunt,
625 2622 679 2677 in
725 2624 1083 2694 sequentibus
1112 2623 1407 2686 indicatur,
1455 2623 1566 2677 illis
1593 2623 1815 2678 verbis:
1841 2641 1859 2674 ι
1887 2623 2008 2693 Ipse

505 3571 585 3625 Ab
603 3572 801 3629 eodem.
830 3605 900 3635 -τ-
919 3573 998 3631 De
1021 3576 1186 3649 signis
1219 3588 1266 3631 ct
1305 3577 1561 3649 prodigiis
1595 3594 1712 3649 qua
1737 3577 1925 3635 edidit.

510 3770 531 3805 ι
561 3751 717 3809 Tunc
755 3754 1028 3812 manifesti
1061 3768 1221 3812 erunt
1250 3757 1343 3827 qui
1378 3757 1596 3828 signant
1639 3766 1694 3814 et
1735 3757 1999 3814 claudunt

431 3841 631 3914 legem,
656 3859 724 3899 ne
744 3844 979 3901 discant.
1011 3845 1233 3902 Etdicet
1251 3845 1276 3902 ':
1308 3847 1651 3918 Exspectabo
1688 3847 1879 3913 Deum,
1902 3848 1995 3918 qui

433 3935 633 3990 avertit
677 3934 872 3993 faciem
912 3952 1067 3993 suam
1117 3954 1147 3993 a
1181 3940 1343 3996 domo
1390 3939 1580 4009 Jacob,
1629 3952 1682 3996 et
1718 3939 1996 3997 conﬁdens

431 4043 528 4084 ero
562 4030 619 4083 in
661 4028 800 4098 ipso.
853 4029 995 4086 Ecce
1033 4047 1132 4103 ego
1176 4043 1231 4089 et
1276 4036 1450 4104 pueri,
1483 4050 1621 4106 quos
1670 4034 1800 4088 mihi
1847 4034 1996 4089 dedit

430 4119 595 4177 Deus.
642 4120 708 4175 Et
736 4131 898 4177 erunt
943 4123 1098 4194 signa
1142 4133 1195 4180 et
1240 4126 1486 4197 prodigia
1534 4128 1590 4183 in
1617 4126 1784 4183 Israel
1811 4141 1843 4181 a
1888 4126 1996 4182 Do-

431 4213 580 4267 mino
624 4210 887 4278 Sabaoth,
940 4215 1030 4284 qui
1078 4216 1284 4271 habitat
1310 4218 1364 4271 in
1404 4225 1587 4274 monte
1632 4219 1807 4273 Sion:
1847 4226 1902 4273 et
1947 4217 1994 4272 si

430 4302 671 4359 dixerint
701 4302 770 4358 ad
798 4319 916 4369 vos,
947 4306 1174 4377 quaerite
1212 4306 1510 4381 Pythonas,
1555 4317 1610 4365 et
1651 4325 1768 4375 eos,
1804 4310 1897 4381 qui
1927 4310 1994 4365 de

430 4398 577 4449 terra
622 4408 787 4449 voces
828 4394 1018 4461 edunt,
1054 4399 1148 4468 qui
1190 4400 1374 4454 inania
1417 4400 1738 4471 loquuntur,
1785 4403 1881 4472 qui
1925 4400 1994 4457 de

429 4491 620 4541 ventre
648 4499 811 4541 voces
841 4486 1120 4544 emittunt.
1165 4489 1284 4545 Non
1324 4506 1457 4562 gens
1496 4492 1565 4548 ad
1596 4492 1765 4550 Deum
1798 4492 1992 4550 suum?

430 4573 563 4646 quid
606 4575 905 4647 exquirunt
945 4578 1014 4634 de
1066 4581 1377 4637 viventibus
1434 4597 1463 4637 ιι
1513 4585 1783 4641 mortuis?
1820 4585 1988 4657 legem

498 5629 546 5662 ⁸⁹
580 5626 724 5683 Psal.
756 5647 922 5696 Lxxl,
957 5633 1012 5688 2.

1115 5636 1166 5713 ξς
1203 5634 1360 5695 Joan.
1396 5653 1464 5713 ν,
1497 5641 1586 5697 22.

422 5699 605 5756 15-19.

685 5642 733 5729 εἰ
756 5647 933 5729 ιὲξκιι,
957 5642 1026 5729 2-.-
1103 5642 1166 5729 ,νς
1203 5642 1360 5695 Joan.
1396 5653 1464 5713 v,
1497 5642 1586 5697 22.
1691 5643 1735 5677 "
1776 5643 1879 5702 lsa.
1916 5658 2007 5700 ιιι

2109 5682 2124 5700 .
2227 5644 2274 5681 ⁸³
2313 5642 2416 5700 lsa.
2446 5659 2556 5701 ιιιιι
2579 5685 2594 5714 ,
2633 5645 2683 5703 l.
2779 5644 2827 5678 "
2865 5642 2970 5701 lsa.
3004 5657 3078 5711 ιι,
3108 5642 3223 5712 5,4.
3297 5644 3344 5678 ’⁵
3380 5642 3489 5703 lsa.
3521 5659 3677 5715 vni,

761 5707 952 5777 ιιεω.
989 5719 1026 5758 ιι
1048 5744 1061 5771 ,
1101 5705 1189 5763 ﬂ.
