3922 6200
277 247 374 306 τοι

1169 249 1816 308 DEMONSTMTIONIS
1865 249 2326 308 EVANGELICE
2359 249 2491 308 LIB.
2529 249 2622 306 IX.

3397 254 3500 310 702

275 369 474 440 τέρατα
499 369 558 424 έν
583 369 660 442 τῷ
688 369 820 440 οἴκῳ
859 369 1072 442 Ἰσραὴλ
1103 371 1348 442 ποιήσειν
1379 369 1470 422 τὸν
1497 367 1700 440 Κύριον
1729 371 1826 424 Σα-

1941 369 1996 424 in
2027 379 2212 426 monte
2259 367 2412 430 Sion,
2447 369 2598 438 signa
2639 373 2694 422 et
2737 367 2980 438 prodigia
3029 369 3082 422 in
3119 369 3288 424 'domo
3327 369 3496 426 Israel

273 459 444 524 ϐαὼθ,
479 461 570 518 τὸν
613 459 966 514 κατοικοῦντα
1011 462 1066 514 ὲν
1104 461 1180 532 τῷ
1229 461 1344 532 ὄρει
1379 459 1538 524 Σιὼν,
1575 459 1832 514 διδάσκει·

269 551 494 616 τούτους
519 553 577 606 δὲ
605 553 797 616 αὐτοὺς
827 553 1088 624 φανεροὺς
1115 552 1330 606 ἔσεσθαι
1355 551 1595 622 συνήθως
1617 553 1746 622 ἡμῖν
1769 551 1838 606 τὰ

267 643 542 716 πρόσωπα
579 643 1038 716 σφραγιζομένους
1071 647 1136 714 τῇ
1169 643 1262 696 τοῦ
1291 643 1526 714 Χριστοῦ
1563 644 1834 716 σφραγῖδι,

269 735 692 808 παιδευομένους
721 753 780 790 τε
809 733 1002 808 μηκέτι
1023 737 1112 790 τὸν
1143 737 1416 800 Μωῦσέως
1438 736 1598 808 νόμον
1635 736 1838 808 μανθά-

269 847 406 894 νειν,
435 829 512 900 τῷ
545 829 740 900 μηκέτι
765 829 1080 882 συνεστάναι
1111 828 1290 890 αὑτὸν,
1313 829 1406 880 καὶ
1429 827 1506 898 τῷ
1533 827 1622 882 τὸν
1643 828 1838 882 καλού-

271 937 438 990 μενον
485 917 628 974 οἶκον
695 919 884 974 Ἰακὼϐ
929 917 1338 988 καταλελεῖφθαι
1391 920 1496 972 ὑπὸ
1530 919 1624 972 τοῦ
1677 919 1832 972 Θεοῦ·

269 1011 498 1082 ἀσαφῶς
517 1013 574 1066 δὲ
601 1011 750 1084 παρά
775 1015 886 1076 τοῖς
913 1013 1302 1084 Ἑϐδομήκοντα
1325 1011 1628 1082 εἰρημένον·
1661 1031 1678 1062 ι
1703 1012 1834 1064 Τότε

271 1104 500 1176 φανεροὶ⁵
541 1103 752 1158 ἔσονται
781 1107 830 1158 οί
859 1105 1274 1184 σφραγιζόμενοι
1311 1104 1400 1156 τὸν
1441 1105 1600 1173 νόμον
1629 1103 1722 1156 τοῦ
1761 1103 1834 1174 μὴ
1861 1119 1864 1122 '

273 1195 488 1266 μαθεῖν.
533 1195 642 1248 Καὶ
677 1197 808 1266 ἐρεῖ·
837 1195 999 1250 Μενῶ
1023 1197 1112 1248 τὸν
1137 1195 1268 1248 Θεὸν
1303 1195 1392 1248 τὸν
1421 1194 1834 1265 ἀποστρέψαντα

267 1285 332 1338 τὸ
353 1286 640 1358 πρόσωπον
657 1285 814 1340 αὑτοῦ
839 1287 944 1340 ἀπὸ
961 1287 1050 1340 τοῦ
1067 1287 1214 1340 οἴκου
1231 1285 1440 1352 Ἰακὼϐ,
1461 1285 1552 1340 καὶ
1567 1283 1836 1348 πεποιθὼς

271 1377 468 1446 ἔσομαι
491 1379 574 1430 ἐπ’
595 1377 756 1448 αὐτῷ.
791 1395 810 1428 ι
844 1379 1176 1450 Σαφέστερον
1205 1379 1236 1430 6
1265 1377 1554 1448 Σύμμαχος
1579 1377 1834 1440 ἐξέδωκεν

269 1467 464 1524 είπιὶιν·
505 1489 524 1520 ι
555 1471 722 1542 Δῆσον
765 1471 1074 1542 μαρτύριον,
1118 1471 1410 1540 σφράγισον
1446 1471 1606 1540 νόμον
1637 1473 1694 1524 ὲν
1723 1473 1834 1534 τοῖς

265 1557 598 1632 διατάγμασί
651 1579 770 1632 μου.
827 1562 932 1614 Καὶ
971 1561 1320 1632 προσδοκήσω
1357 1561 1446 1613 τὸν
1491 1559 1692 1632 Κύριον
1741 1561 1833 1613 τὸν

265 1651 538 1720 κρυϐόντα
569 1653 630 1706 τὸ
661 1653 946 1724 πρόσωπον
975 1653 1136 1706 αὑτοῦ
1165 1653 1272 1706 άπὸ
1307 1653 1400 1705 τοῦ
1431 1653 1578 1706 οῖκου
1619 1653 1830 1722 Ἰακὼϐ,

263 1745 367 1797 καὶ
407 1743 654 1814 ἀναμενῶ
691 1745 868 1798 αὐτόν.
903 1763 922 1794 ι
955 1745 1062 1797 Καὶ
1099 1745 1126 1796 6
1177 1743 1402 1806 Ἀκύλας
1429 1743 1484 1796 δὲ
1515 1744 1700 1797 τοῦτον
1741 1745 1832 1798 καὶ

263 1835 434 1898 αὐτὸς
481 1835 708 1902 ἐξέδωκε
751 1835 840 1888 τὸν
884 1837 1109 1907 τρόπον·
1157 1855 1176 1886 ι
1212 1835 1468 1906 Ἐνδησον
1519 1835 1828 1906 μαρτύριον,

265 1927 570 2000 σφράγισον
597 1929 756 1998 νόμον
785 1930 840 1982 ὲν
875 1927 1140 1990 διδακτοῖς
1177 1945 1300 2000 μου,
1353 1928 1444 1981 καὶ
1473 1927 1830 1998 προσδέξομαι

259 2019 358 2074 τὸν
401 2019 530 2072 Θεὸν
571 2020 660 2074 τὸν
691 2019 1066 2092 ἀποκρυϐόντα
1101 2020 1162 2070 τὸ
1207 2019 1492 2090 πρόσωπον
1533 2017 1694 2072 αὐτοῦ
1725 2017 1832 2072 ἀπὸ

259 2111 360 2164 τοῦ
389 2111 538 2164 οἴκου
579 2107 792 2174 Ἰακὼϐ,
821 2111 914 2162 καὶ
941 2109 1194 2180 ὑπομενῶ
1221 2109 1402 2162 αὐτόν.
1427 2129 1444 2160 ι
1471 2109 1656 2162 Ταῦτα
1675 2109 1718 2162 δ’
1738 2105 1830 2162 οῦν

259 2203 314 2256 οἰ
351 2203 444 2256 τοῦ
477 2203 722 2274 Σωτῆρος
753 2201 909 2272 ἡμῶν
943 2201 1226 2254 ἀπόστολοι
1258 2201 1594 2255 διδάσκονται
1639 2204 1828 2266 ποιεῖν,

257 2289 344 2356 οἷς
385 2293 514 2364 ἑξῆς
555 2293 812 2362 ἐπιλέγει·
845 2311 872 2344 ι.
911 2293 1040 2346 Ἰδοὺ
1071 2292 1180 2361 ἐγὼ
1211 2293 1304 2346 καὶ
1331 2293 1398 2346 τά
1438 2293 1644 2358 παιδία,
1677 2293 1712 2346 ά
1743 2311 1830 2364 μοι

258 2385 460 2438 ἔδωκεν
492 2387 520 2438 6
553 2385 700 2450 Θεός.
737 2385 845 2440 Καὶ
881 2385 1030 2438 ἔσται
1063 2385 1143 2448 εἰς
1179 2387 1378 2460 σημεῖα
1409 2383 1503 2438 καὶ
1531 2383 1735 2454 τέρατα
1775 2385 1832 2436 ἐν

255 2477 340 2548 τῷ
373 2478 586 2549 Ἰσραὴλ
611 2477 758 2548 παρά
777 2475 977 2550 Κυρίου
997 2475 1242 2530 Σαϐαὼθ.
1273 2497 1290 2528 ι
1327 2477 1382 2530 Ὁ
1399 2475 1490 2528 τοῦ
1509 2475 1640 2528 Θεοῦ
1661 2477 1832 2544 Λόγος

259 2571 318 2622 ὲν
341 2561 386 2636 ᾧ
415 2570 698 2640 ἀνείληφεν
727 2568 1012 2642 ἀνθρώπῳ,
1049 2571 1144 2622 καὶ
1171 2569 1270 2632 τὰς
1297 2567 1578 2640 διατριϐάς
1609 2583 1834 2636 πεποιη-

259 2659 422 2732 μένος
453 2661 510 2712 ὲν
543 2659 618 2730 τῷ
661 2659 776 2730 ὄρει
809 2659 966 2722 Σιὼν,
1018 2661 1218 2730 σημεῖά
1253 2676 1312 2710 τε
1361 2659 1454 2712 καὶ
1489 2657 1690 2728 τέρατα
1717 2657 1832 2710 δια-

257 2749 624 2822 πραξάμενος,
659 2749 790 2820 όμοῦ
813 2753 924 2814 τοῖς
947 2749 1108 2802 αὑτοῦ
1134 2749 1415 2822 μαθηταῖς,
1449 2749 1540 2802 καὶ
1567 2749 1697 2801 πᾶσι
1723 2751 1830 2810 τοῖς

259 2843 343 2904 είς
367 2841 529 2894 αὐτὸν
557 2841 971 2894 πεπιστευκόσιν
1011 2839 1068 2906 ἐξ
1103 2839 1352 2894 ἁπάντων
1381 2839 1488 2892 τῶν
1518 2839 1644 2908 πρὶν
1681 2839 1832 2892 είδω-

255 2933 532 3006 λολατρῶν
572 2933 998 3004 παρακελεύεται
1036 2931 1224 3004 μηκέτι
1267 2931 1495 2986 δεδιέναι
1541 2931 1680 2986 κατὰ
1723 2947 1830 3002 μη-

255 3025 382 3080 δένα
423 3025 622 3096 τρόπον
660 3025 754 3096 τὴν
799 3023 1162 3094 δεισιδαίμονα
1213 3023 1456 3094 πλάνην·
1499 3023 1610 3076 ἀλλ’
1653 3024 1700 3076 εί
1735 3024 1828 3076 καὶ
1855 3049 1896 3104 C

259 3113 686 3186 παρασαλεύοιεν
710 3103 926 3176 αὐτοὺς,
953 3111 1102 3182 ἣκοιῖ⁵
1127 3111 1480 3181 άναγκάζοιεν
1505 3113 1552 3164 οἱ
1575 3111 1632 3178 ἐξ
1661 3111 1824 3164 ἐθνῶν

255 3201 634 3274 εξδωλολάτραι
681 3201 861 3272 ζητεῖν
911 3203 1034 3263 τοὺς
1081 3201 1578 3272 ἐγγαστριμύθους,
1629 3199 1826 3254 καὶτὰ

253 3295 376 3368 τῶνθ
395 3295 660 3365 δαιμόνων
701 3295 924 3366 μαντεῖα
956 3293 1030 3354 ὡς
1063 3291 1358 3364 θαυμάσια,
1399 3293 1490 3345 καὶ
1523 3294 1640 3346 κατ’
1675 3291 1826 3344 οὐδὲν

255 3387 510 3440 λείποντα
537 3385 636 3456 τῆς
661 3385 766 3439 τῶν
795 3383 954 3438 θείων
979 3384 1072 3438 καὶ
1099 3383 1358 3454 θεοφιλῶν
1385 3385 1590 3458 ἀνδρῶν
1619 3401 1828 3456 προφη-

253 3477 418 3546 τικῆς
441 3475 670 3546 διαίτης,
715 3477 911 3538 αὐτοὺς
937 3475 1046 3530 δεῖν
1074 3477 1462 3550 ἀποκρίνεσθαι
1509 3477 1602 3530 καὶ
1649 3475 1826 3545 λέγειν

253 3565 514 3620 διδάσκει·
555 3585 574 3616 ι
615 3565 679 3620 Τί
719 3565 1004 3636 ὲκζητοῦσι
1034 3567 1294 3638 περὶτῶν
1327 3567 1540 3634 ζώντων
1577 3569 1704 3631 τοὺς
1737 3585 1824 3619 νε-

255 3659 456 3730 κρούς;
489 3658 648 3730 νόμον
678 3657 782 3730 γάρ
809 3661 886 3722 είς
911 3657 1162 3728 βοήθειαν
1191 3658 1412 3724 δέδωκε,
1444 3679 1462 3710 ι
1488 3663 1580 3714 καὶ
1611 3659 1678 3713 τά
1704 3659 1826 3712 τού-

251 3764 368 3810 τοις
397 3746 678 3801 ἀκόλουθα.
713 3749 852 3812 Τοὺς
885 3747 996 3822 γὰρ
1027 3747 1169 3815 ἅπαξ
1204 3749 1366 3820 νόμον
1409 3747 1694 3820 εἰληφότας
1731 3751 1824 3804 καὶ

251 3835 560 3908 σωτηρίους
606 3835 824 3900 ἐντολὰς
869 3839 962 3890 ἐπὶ
1013 3837 1234 3910 βοηθείᾳ
1279 3837 1373 3891 καὶ⁷
1420 3837 1684 3910 θεραπείᾳ
1729 3839 1824 3892 τοῦ

247 3925 388 3978 ἰδίου
419 3925 536 3996 βίου
565 3928 814 4000 περιττὸν
847 3929 1100 3998 μαντείας
1131 3927 1602 4002 πολυπραγμονεῖν
1623 3929 1710 3982 διά
1727 3929 1824 4004 τῆς

243 4019 574 4090 ὤιμονικῆς
601 4019 816 4094 ἀπάτης
847 4021 1259 4094 ἐνεργουμένας.

261 4309 402 4364 Ἀπὸ
433 4309 540 4366 τοῦ
565 4311 770 4387 actm"):
801 4343 872 4387 :—
897 4313 1036 4387 11te
1069 4315 1173 4387 τοῦ
1200 4315 1286 4384 μὴ
1317 4317 1615 4386 parm-agiv-
1645 4321 1714 4372 ἐν
1745 4319 1824 4387 τῷ

575 4383 1062 4450 παραδοξοποιεῖν
1095 4383 1214 4438 τὸν·
1231 4383 1506 4454 Χριστόν.

329 4491 348 4524 ι
395 4472 586 4528 Ἰακὼϐ
611 4475 640 4528 6
667 4479 796 4538 παῖς
818 4493 938 4546 μου,
967 4475 1322 4548 ἀντιλήψομαι
1341 4479 1528 4534 αὐτοῦ·
1555 4481 1768 4554 Ἰσραὴλ
1791 4483 1822 4535 6

247 4565 506 4630 ἐκλεκτός
534 4583 656 4638 μου,
687 4567 1042 4639 προσεδέξατο
1069 4569 1230 4623 αὑτὸν
1257 4571 1452 4644 ήψυχή
1479 4589 1599 4643 μου.
1625 4573 1820 4644 Κρίσιν

243 4661 364 4722 τοῖς
391 4657 592 4712 ἔθνεσιν
621 4659 834 4726 ἐξοίσει,
859 4661 918 4714 οὐ
945 4661 1290 4734 κεκράξεται,
1317 4663 1436 4716 οὐδὲ
1465 4666 1674 4736 ἀνήσει,
1699 4667 1816 4720 οὐδὲ

247 4749 644 4820 ἀκουσθήσεται
665 4751 820 4824 Eget]
844 4753 994 4824 φωνὴ
1018 4753 1204 4823 αὑτοῦ.
1229 4755 1486 4826 Κάλαμον
1509 4773 1820 4830 συντετριμ-

251 4841 414 4912 μένον
437 4841 498 4894 ού
527 4841 796 4908 κατεάξει,
827 4845 922 4898 καὶ
943 4843 1084 4899 λίνον
1107 4847 1496 4918 καπνιζόμενον
1525 4849 1584 4902 οὐ
1615 4851 1813 4916 σϐέσει,

249 4933 370 4986 ἀλλ’
401 4935 480 4996 είς
512 4933 760 5006 ἀλήθειαν
795 4934 988 5002 ἐξοίσει
1019 4937 1218 5008 κρίσιν.
1271 4937 1600 5010 Ἀναλάμψει
1633 4940 1726 4994 καὶ
1755 4943 1814 4994 οὐ

245 5021 668 5094 θραυσθήσεται,
693 5027 796 5090 ἕως
823 5027 888 5081 ἂν
927 5027 992 5099 θῇ
1019 5029 1110 5082 ἐπὶ
1133 5029 1235 5100 γῆς
1269 5029 1466 5102 κρίσιν,
1497 5032 1590 5084 καὶ
1621 5033 1714 5086 ἐπὶ
1737 5033 1816 5104 τῷ

245 5113 474 5184 ὀνόματι
501 5117 664 5170 αὐτοῦ
700 5117 824 5190 ἔθνη
862 5119 1156 5176 ἐλπιοῦσιν.
1201 5121 1356 5176 Οῦτω
1385 5123 1530 5192 λέγει
1559 5127 1760 5196 Κύριος
1787 5131 1816 5182 ὁ

245 5204 404 5270 Θεὸς,
431 5209 460 5258 ὁ
485 5209 709 5280 ποιήσας
735 5209 824 5263 τὸν
847 5211 1088 5284 οὐρανὸν,
1117 5215 1210 5268 καὶ
1237 5215 1411 5288 πήξας
1433 5217 1612 5282 αὐτὸν,
1641 5221 1670 5272 6
1696 5235 1816 5272 στε-

247 5295 464 5372 ρεώσας
499 5299 596 5370 τὴν
637 5301 740 5372 γῆν
794 5303 891 5357 καὶ
921 5303 990 5356 τὰ
1035 5307 1092 5358 ὲν
1126 5306 1286 5378 αὐτῇ,
1319 5309 1410 5361 xal.
1443 5309 1618 5373 διδοὺς
1647 5311 1814 5382 πνοὴν

243 5385 328 5456 τῷ
355 5385 468 5458 λαῷ
493 5390 570 5460 τῷ
603 5393 688 5444 ἐπ’
711 5393 898 5464 αὐτῆς,
925 5395 1018 5448 καὶ
1043 5397 1258 5469 πνεῦμα
1289 5403 1402 5464 τοῖς
1431 5400 1688 5455 πατοῦσιν
1719 5403 1814 5456 αὺ-

243 5483 366 5550 τήν.
411 5481 550 5550 Ἐγὼ
585 5483 786 5558 Κύριος
815 5487 844 5539 6
873 5489 1002 5554 Θεὸς
1030 5491 1262 5546 ὲκάλεσά
1291 5509 1350 5546 σε
1389 5495 1446 5547 ὲν
1475 5494 1808 5568 δικαιοσύνῃ,

247 5573 346 5624 καὶ
383 5576 640 5645 κρατήσω
684 5577 780 5646 τῆς
819 5579 994 5650 χειρός
1025 5597 1138 5644 σου,
1181 5585 1274 5636 καὶ
1306 5583 1568 5655 ἐνισχύσω
1597 5603 1686 5652 σε,
1719 5589 1810 5640 καὶ

245 5663 426 5726 ἔδωκά
451 5681 510 5718 σε
531 5668 612 5730 εἰς
631 5667 890 5740 διαθήκην
913 5671 1118 5742 γένους,
1159 5675 1238 5738 είς
1257 5675 1372 5744 φῶς
1391 5675 1578 5744 ἐθνῶν,
1605 5678 1807 5746 ἀνοῖξαι

1935 459 2208 514 editurum
2275 459 2522 522 indicat,
2585 457 2914 526 eosdemque
2971 456 3086 512 fore
3143 459 3497 526 manifestos,

1935 547 2062 604 dum
2115 563 2266 602 more
2309 555 2498 602 nostro
2553 546 2734 602 vultus
2780 546 2982 602 Christi
3032 549 3232 604 annulo
3274 551 3503 622 impres-

1937 653 2030 694 sos
2083 645 2138 692 et
2193 637 2434 706 signatos
2475 643 2699 706 gerent,
2747 637 3218 708 moucbuuturque
3267 656 3336 696 ne
3385 657 3502 696 am-

1935 731 2080 804 plius
2137 727 2304 784 Mosis
2363 729 2532 798 legem
2599 728 2852 792 discant,
2931 731 3128 800 quippe
3196 747 3316 802 quae
3379 749 3498 788 am.

1937 824 2082 894 plius
2121 836 2230 875 non
2291 821 2601 884 consistat,
2665 836 2731 875 eo
2770 821 2916 892 quod
2965 839 3084 892 qua:
3141 833 3366 880 vocatur
3411 826 3502 882 do-

1937 929 2060 968 mus
2105 909 2310 974 Jacob,
2371 925 2400 964 a
2459 909 2568 964 Deo
2619 911 2811 966 relicta
2877 913 2966 966 sil.
3023 913 3158 968 Cum
3217 933 3346 970 vero
3397 917 3500 972 ob-

1935 1003 2154 1058 scurius
2181 1002 2324 1072 apud
2355 999 2494 1056 LXX
2525 1001 2730 1056 dictum
2763 1003 2835 1056 sit
2875 1005 3005 1059 illud
3037 1023 3050 1059 :
3091 1025 3106 1056 ι
3137 1005 3288 1060 Tunc
3323 1009 3502 1062 mani-

1935 1093 2058 1148 festi
2075 1101 2237 1148 erunt
2258 1092 2350 1162 qui
2385 1091 2602 1162 signant
2628 1101 2682 1147 et
2703 1093 2962 1148 claudunt
2985 1097 3150 1166 legem
3175 1113 3241 1151 ne
3263 1097 3498 1154 discant.

1935 1179 2092 1252 451
2129 1179 2192 1232 Et
2229 1181 2412 1234 dicet:
2457 1179 2796 1250 Exspectabo
2835 1177 3004 1238 Deum
3045 1189 3136 1254 qui
3177 1189 3372 1242 avertit
3413 1187 3499 1242 fa-

1935 1271 2072 1324 ciem
2103 1285 2256 1324 suam
2283 1287 2311 1324 a
2343 1271 2502 1326 domo
2529 1271 2728 1338 Jacoh,
2765 1281 2816 1328 et
2845 1275 3122 1332 confidens
3149 1293 3242 1332 ero
3271 1279 3324 1332 in
3351 1295 3436 1336 eo.
3473 1299 3493 1334 ι

1933 1359 2156 1416 Planius
2185 1363 2322 1418 idem
2353 1363 2586 1420 reddidit
2611 1364 2968 1438 Symmachus
2991 1367 3075 1422 his
3101 1369 3304 1424 verbis:
3331 1389 3350 1420 ι
3369 1369 3498 1442 Liga

1933 1453 2306 1508 testimonium
2331 1493 2346 1514 ,
2383 1455 2540 1526 signa
2571 1458 2740 1527 legem
2778 1461 2832 1510 in
2865 1459 3304 1516 ordinationibus
3341 1463 3498 1518 meis.

1933 1541 2002 1596 Et
2027 1545 2355 1614 exspectabo
2385 1543 2670 1600 Dominum
2695 1547 2789 1614 qui
2813 1548 3098 1602 abscondit
3122 1549 3314 1604 faciem
3341 1565 3497 1605 suam

1934 1649 1961 1687 a
1997 1633 2157 1690 domo
2187 1635 2356 1692 Jacob
2376 1677 2390 1702 ,
2423 1645 2477 1692 et
2509 1639 2839 1708 exspectabo
2872 1640 3071 1710 ipsum.
3103 1659 3120 1716 ρ
3149 1639 3342 1710 Aquila
3369 1657 3500 1696 vero

1933 1727 2094 1780 etiam
2135 1729 2252 1798 ipse
2289 1729 2343 1784 in
2385 1729 2532 1784 hunc
2571 1729 2790 1784 modum
2831 1733 3140 1788 convertit:
3169 1751 3188 1783 ι
3219 1731 3368 1802 llliga
3429 1741 3504 1788 teb

1933 1818 2248 1872 stimonium
2271 1861 2286 1884 ,
2315 1821 2470 1892 signa
2495 1821 2664 1892 legem
2694 1823 2747 1874 in
2781 1821 3110 1876 docibilibus
3143 1823 3276 1878 meis
3295 1863 3308 1882 .
3333 1833 3386 1876 et
3413 1839 3504 1878 as-

1933 1925 2142 1964 sumam
2173 1909 2342 1964 Deum
2381 1913 2474 1982 qui
2515 1913 2800 1967 abscondit
2841 1913 3030 1968 faciem
3071 1931 3224 1968 suam
3267 1931 3296 1968 a
3335 1915 3500 1970 domo

1877 1997 1882 2004 ’
1929 2001 2130 2066 Iacob,
2170 2011 2224 2058 et
2262 2005 2590 2074 exspectabo
2631 2005 2832 2074 ipsum.
2872 2023 2890 2056 ι
2941 2003 3066 2060 Haec
3103 2005 3270 2074 igitur
3319 2005 3502 2063 facere

1933 2095 2236 2152 Salvatoris
2265 2097 2438 2152 nostri
2473 2097 2726 2167 discipuli
2753 2097 3038 2156 docentur.
3067 2107 3188 2168 post
3209 2113 3328 2168 quite
3353 2099 3504 2152 deiu-

1931 2201 2058 2256 ceps
2085 2189 2368 2256 subjungit
2393 2206 2404 2240 :
2439 2205 2456 2238 ι
2483 2187 2620 2242 Ecce
2647 2203 2745 2258 ego
2773 2195 2826 2242 et
2853 2189 3006 2256 pueri
3033 2205 3170 2258 quos
3197 2189 3344 2242 dedit
3366 2189 3498 2242 milii

1933 2275 2097 2332 Deus.
2133 2277 2196 2330 Et
2223 2287 2384 2332 erunt
2411 2277 2466 2330 in
2503 2279 2654 2348 signa
2683 2287 2736 2332 et
2767 2287 3020 2348 portenta
3051 2279 3104 2332 in
3135 2279 3300 2334 Israel
3335 2295 3366 2332 a
3397 2279 3502 2334 Do—

1931 2371 2078 2425 mino
2114 2369 2388 2432 Sabaoth,
2421 2371 2516 2440 qui
2547 2371 2755 2426 habitat
2785 2372 2839 2424 in
2877 2381 3060 2426 monte
3091 2373 3244 2429 Sion.
3282 2393 3300 2427 ι
3325 2373 3502 2428 Porro

1931 2459 2194 2516 Dominus
2229 2461 2466 2516 Sabaoth
2489 2503 2504 2526 ,
2539 2461 2718 2532 ipsum
2755 2461 2848 2518 Dei
2885 2461 3160 2527 Verbum,
3209 2471 3498 2534 postquam

1931 2551 2192 2606 habitavit
2233 2555 2289 2606 in
2329 2567 2396 2608 eo
2439 2553 2690 2616 homine,
2741 2569 2902 2622 quem
2953 2553 3282 2622 assumpsit,
3338 2563 3393 2608 et
3437 2555 3494 2608 in

1931 2651 2114 2698 monte
2167 2641 2300 2698 Sion
2349 2653 2606 2700 versatus
2657 2653 2778 2708 est,
2835 2645 3101 2716 signaque
3149 2655 3202 2700 et
3247 2655 3498 2715 portenta

1929 2733 2136 2788 edidit:
2167 2741 2282 2788 tum
2311 2749 2444 2789 vero
2471 2735 2588 2790 suis
2617 2735 2904 2804 discipulis
2925 2775 2940 2797 ,
2969 2743 3022 2789 et
3051 2735 3308 2790 omnibus
3335 2775 3348 2798 ,
3377 2739 3499 2806 qui-

1929 2839 2144 2894 cunque
2189 2833 2348 2880 antea
2395 2826 2706 2882 simulacris
2749 2827 2988 2890 addicti,
3033 2827 3086 2880 in
3129 2827 3284 2882 fidem
3325 2827 3500 2897 ipsius

1929 2917 2245 2980 venissent,
2281 2921 2538 2988 praacepit
2561 2957 2574 2980 ,
2607 2933 2675 2972 ne
2705 2919 2942 2988 amplius
2971 2919 3383 2988 superstitionis
3413 2935 3500 2974 er-

1931 3025 2108 3064 rorem
2138 3011 2250 3064 ullo
2291 3009 2456 3064 modo
2497 3011 2786 3072 timerent,
2833 3027 3020 3066 verum
3063 3013 3279 3082 potius,
3309 3027 3501 3080 quam-

1927 3101 2008 3154 vis
2038 3101 2188 3170 ipsos
2215 3101 2515 3171 agitarent,
2561 3109 2656 3154 aut
2701 3103 2862 3156 etiam
2899 3113 3191 3172 cogerent,
3235 3104 3328 3174 qui
3356 3105 3500 3174 apud

1927 3199 2116 3262 gentes
2149 3192 2402 3246 colebant
2451 3192 2782 3257 simulacra,
2835 3209 3080 3262 quaerere
3127 3193 3398 3264 Pythonas
3445 3203 3500 3250 et

1925 3283 2148 3336 oracula
2183 3283 2490 3337 daemonum
2527 3293 2784 3354 tanquam
2827 3285 3201 3348 admirabilia,
3233 3295 3286 3340 et
3329 3287 3496 3340 nullis

1927 3375 2174 3444 partibus
2227 3373 2488 3429 inferiora
2571 3375 2884 3430 divinorum
2931 3377 3147 3449 Deoque
3193 3379 3496 3434 amicorum

1925 3467 2204 3522 hominum
2229 3507 2242 3530 ,
2289 3467 2612 3540 prophetico
2651 3471 2795 3533 ritu,
2836 3479 3076 3526 attamen
3112 3473 3214 3544 ipsi
3261 3473 3368 3528 illis
3409 3489 3498 3528 re-

1923 3561 2254 3630 sponderent
2321 3577 2384 3617 ac
2447 3563 2735 3620 dicerent:
2779 3583 2794 3614 ι
2829 3563 2968 3630 Quid
3029 3565 3366 3634 interrogant
3419 3565 3496 3622 de

1927 3653 2236 3710 viventibus
2275 3657 2566 3712 mortuos?
2593 3657 2764 3728 legem
2809 3657 2952 3712 enini
3001 3657 3052 3710 in
3101 3659 3366 3712 auxilium
3409 3659 3500 3714 de-

1923 3743 2042 3798 dit:
2079 3765 2098 3796 i
2125 3753 2179 3800 et
2219 3761 2342 3814 quae
2381 3747 2642 3818 deinceps
2689 3757 3014 3817 sequuntur.
3059 3747 3166 3804 Eos
3209 3750 3352 3804 enim
3401 3745 3494 3820 qui

1925 3835 2092 3890 semel
2125 3843 2178 3890 et
2209 3837 2380 3906 legem
2426 3845 2480 3892 et
2537 3837 2802 3892 salutaria
2847 3845 3120 3908 praecepta
3154 3839 3220 3893 ad
3258 3839 3496 3910 propriae

1923 3925 2170 3996 ipsorum
2225 3929 2352 3983 vitae
2401 3943 2560 4000 opem
2617 3937 2782 3999 atque
2835 3929 3100 3984 medelam
3151 3931 3493 4000 acceperint,

1923 4021 2146 4074 oracula
2205 4037 2326 4092 quae
2384 4021 2702 4076 ilmnionicis
2741 4023 3029 4077 fraudibus
3087 4023 3216 4076 nixa
3275 4037 3496 4094 respono

1923 4111 2120 4176 deant,
2171 4115 2444 4170 curiosius
2497 4115 2786 4184 inquirere
2833 4129 3302 4186 supervacaneum
3381 4115 3497 4170 ina-

1923 4219 2101 4273 neque
2133 4203 2319 4259 fuerit.

2027 4319 2106 4372 Ab
2143 4319 2340 4374 eodem.
2369 4351 2442 4360 —
2467 4321 2542 4376 De
2571 4321 2910 4376 enuntianda
2945 4331 3038 4376 aut
3067 4321 3386 4388 indicando,

2241 4389 2368 4444 dum
2409 4393 2670 4448 miracula
2709 4394 2880 4448 ederet
2911 4393 3174 4448 Christus.

1999 4503 2018 4535 ο
2045 4483 2210 4540 Iacob
2255 4501 2390 4556 puer
2421 4501 2574 4544 meus
2595 4527 2610 4551 ,
2647 4489 2942 4558 suscipiam
2977 4503 3100 4543 eum
3132 4507 3144 4542 :
3179 4487 3348 4544 Israel
3391 4487 3502 4543 ele-

1919 4583 2042 4630 ctus
2091 4593 2278 4642 meus,
2311 4579 2613 4650 assumpsit
2643 4595 2766 4634 eum
2797 4580 2978 4634 anima
3013 4595 3132 4635 mea
3169 4599 3183 4634 :
3223 4579 3490 4650 judicium

1918 4669 2170 4739 gentibus
2205 4671 2480 4740 proferet,
2509 4665 2624 4726 non
2661 4673 2950 4738 clamabit,
3001 4689 3177 4744 neque
3219 4675 3490 4739 remittet,

1917 4777 2096 4831 neque
2159 4761 2320 4834 452
2360 4765 2614 4820 audietur
2665 4765 2802 4822 foris
2855 4781 2959 4820 vox
3013 4765 3164 4834 ejus,
3219 4765 3490 4820 calamum
3559 4837 3562 4840 _

1917 4853 2212 4908 contritum
2263 4871 2370 4908 non
2425 4855 2670 4927 franget,
2727 4865 2782 4912 et
2831 4857 3002 4910 linum
3055 4855 3326 4926 fumigans
3375 4871 3486 4912 non

1917 4947 2256 5016 exstinguet,
2289 4947 2383 5002 sed
2416 4947 2472 5001 in
2505 4947 2736 5004 veritate
2769 4947 3012 5020 proferet
3055 4947 3322 5016 judicium
3343 4991 3358 5014 ,
3401 4963 3488 5004 re-

1917 5039 2222 5110 Splendebit
2257 5047 2312 5094 et
2341 5057 2450 5096 non
2495 5041 2978 5112 conquassabitur,
3013 5039 3192 5095 donec
3229 5047 3398 5110 ponat
3431 5041 3487 5094 in

1917 5137 2062 5186 terra
2109 5131 2412 5200 judicium,
2463 5143 2516 5188 et
2557 5134 2610 5188 in
2651 5133 2874 5188 nomine
2906 5133 3028 5202 ejus
3073 5139 3262 5202 gentes
3297 5147 3487 5202 spera-

1913 5221 2072 5276 bunt.
2112 5203 2204 5276 Sic
2237 5223 2372 5278 dicit
2406 5223 2672 5280 Dominus
2707 5223 2849 5281 Deus
2883 5227 2976 5296 qui
3011 5225 3138 5282 fecit
3169 5226 3404 5291 cmlum,
3431 5233 3488 5280 et

1913 5313 2148 5370 intendit
2183 5315 2316 5372 illud
2338 5357 2352 5380 ,
2389 5317 2483 5386 qui
2521 5317 2755 5372 ﬁrmavit
2787 5325 2990 5373 terram
3023 5325 3078 5372 et
3109 5331 3174 5372 ea
3207 5333 3328 5388 qum
3357 5325 3488 5372 sunt

1913 5405 1966 5459 in
2001 5405 2116 5476 ipsa
2139 5447 2154 5468 .
2192 5407 2398 5478 quique
2431 5409 2526 5462 dat
2559 5407 2742 5462 flatum
2777 5409 3013 5480 populo,
3051 5409 3144 5479 qui
3175 5419 3260 5466 est
3299 5407 3352 5464 in
3387 5427 3484 5480 ea,

1911 5505 1966 5553 et
2011 5499 2264 5568 spiritum
2313 5503 2653 5556 calcantibus
2705 5517 2848 5556 eam.
2903 5501 3017 5572 Ego
3051 5501 3312 5560 Dominus
3343 5503 3488 5560 Deus

1911 5597 2038 5644 tuus
2067 5589 2254 5644 vocavi
2283 5599 2334 5646 te
2359 5591 2414 5645 in
2445 5591 2662 5662 justitia
2685 5633 2700 5657 ,
2735 5599 2790 5648 et
2823 5593 3228 5666 apprehendam
3263 5609 3484 5650 manum

1911 5687 2088 5752 tuam,
2121 5689 2174 5738 et
2205 5683 2574 5740 corroborabo
2609 5691 2662 5740 te
2683 5725 2698 5748 .
2749 5695 2802 5746 et
2833 5685 2958 5746 dedi
2993 5696 3044 5742 te
3103 5685 3158 5742 in
3191 5691 3486 5744 testamen-
