3922 6200
436 253 540 309 703

1108 249 1378 306 EUSEBII
1416 249 1898 307 CESARIENSIS
1935 251 2088 311 OPP.
2125 251 2306 309 PARS
2336 253 2402 309 II.
2438 283 2507 293 -—
2545 247 3043 306 APOLOGETICA.

3577 245 3688 305 70!

435 385 554 430 tum
585 372 800 444 generis
833 371 887 425 in
917 370 1101 425 lumen
1136 372 1380 441 gentium
1404 412 1419 436 ,
1455 380 1514 426 ut
1544 372 1786 443 aperires
1814 373 2004 429 oculos

2109 373 2412 444 ὀφθαλμοὺς
2437 369 2674 438 τυφλῶν,
2711 371 2803 424 καὶ
2839 370 3126 438 ἐξαγαγεῖν
3176 369 3238 422 ὲκ
3284 366 3495 438 δεσμῶν
3531 367 3691 420 δεδεο

431 472 708 522 'ca=:corum
731 505 745 526 ,
781 471 836 518 et
880 464 1144 519 educeres
1186 481 1251 519 ex
1287 466 1526 521 vinculis
1559 466 1826 537 illigatos,
1860 467 2005 522 etde

2113 466 2324 538 μένους,
2351 464 2445 518 καὶ
2469 464 2528 528 ἐξ
2548 464 2697 517 οἴκου
2721 463 2965 534 φυλακῆς
2989 461 3331 534 καθημένους
3355 463 3414 513 ἐν
3437 463 3639 514 σκότει.
3665 479 3689 511 ο

437 560 600 634 domo
630 555 870 610 carceris
903 554 1155 610 sedentes
1189 556 1244 610 in
1280 557 1524 612 tenebris
1553 557 1621 613 ".
1657 577 1674 609 ι
1703 557 1878 627 Atque
1908 559 2010 612 hu-

430 650 523 721 jus
565 647 670 703 loci
715 648 1051 718 evangelista
1081 647 1359 714 meminit,
1395 665 1504 718 quo
1537 657 1782 720 tempore
1810 648 2006 704 Phari-

441 741 535 797 smi
602 739 896 794 consilium
951 749 1215 810 ceperunt
1263 749 1453 794 contra
1508 738 1844 796 Salvatorem
1907 756 2008 796 no-

433 843 609 889 strum
631 873 646 897 ,
695 840 754 887 ut
780 848 903 888 eum
939 832 1338 899 interficerent,
1375 842 1659 904 propterea
1695 836 1839 905 quod
1872 833 2009 889 Sab-

432 925 574 983 batis
595 932 924 997 aegrotantes
947 934 1195 992 curaret;
1219 945 1236 977 ι
1263 936 1394 980 tunc
1417 927 1584 990 enim,
1611 927 1822 1000 inquit,
1845 925 2008 983 Jesus

433 1018 710 1073 intellecta
741 1017 1032 1072 adversum
1097 1034 1154 1073 se
1187 1019 1594 1088 conSpiratione
1614 1059 1628 1082 ,
1665 1020 1891 1075 secessit
1923 1020 2009 1073 in-

431 1109 535 1173 de,
572 1119 627 1164 et
667 1118 871 1164 secuta:
916 1115 1045 1161 sunt
1090 1126 1212 1163 eum
1251 1109 1426 1164 turbze
1460 1111 1671 1174 multae,
1711 1119 1763 1165 et
1793 1112 2006 1166 curavit

431 1215 530 1258 eos
559 1215 782 1264 omnes,
828 1207 881 1254 et
924 1200 1182 1270 praecepit
1221 1201 1301 1255 eis
1344 1216 1411 1256 ne
1439 1201 1791 1257 manifestum
1825 1203 2004 1274 ipsum

433 1293 683 1349 facerent
717 1293 785 1346 ’⁷,
818 1313 836 1343 ι
869 1293 1080 1359 Quibus
1127 1293 1242 1347 haec
1281 1293 1529 1363 adjungit
1563 1293 1822 1364 deinceps
1850 1313 1864 1348 :
1904 1295 2010 1350 «Et

432 1387 549 1442 bmc
570 1387 776 1450 omnia,
812 1386 1010 1456 inquit,
1047 1385 1188 1442 facta
1215 1399 1342 1442 sunt
1378 1407 1390 1442 :
1433 1407 1450 1439 ι
1495 1388 1597 1442 hoc
1626 1395 1710 1444 est
1743 1386 1889 1458 quod
1922 1403 2009 1442 se—

436 1476 700 1541 cesserit,
733 1477 877 1546 quod
911 1477 1269 1532 declinaverit
1305 1476 1692 1543 insidiatores,
1735 1477 1880 1550 quod
1924 1479 2006 1533 la-

432 1575 550 1622 tere
585 1568 899 1631 studuerit,
935 1566 1064 1621 dum
1101 1569 1367 1623 miracula
1398 1569 1609 1635 ederet,
1641 1570 1897 1640 quodque
1924 1571 2006 1627 eis

2108 560 2218 612 Kal.
2247 556 2447 627 ταύτης
2484 558 2512 610 6
2545 554 2934 627 εύαγγελιστὴς
2969 556 3298 626 μνημονεύει
3327 553 3430 624 τῆς
3458 552 3694 618 λεξεως,

2106 649 2194 703 ὅτε
2223 648 2530 714 ἐξελθόντες
2557 648 2608 701 οί
2637 649 2918 720 Φαρισαῖοι
2955 645 3277 718 συμϐούλιον
3316 645 3502 699 ἔλαϐον
3541 645 3698 699 κατὰ

2106 742 2199 796 τοῦ
2230 740 2478 812 Σωτῆρος
2511 737 2687 810 ἡμῶν,
2731 738 2876 802 ὅπως
2913 737 3071 792 αὑτὸν
3107 737 3462 796 ἀπολέσωσιν.
3495 735 3698 804 ἐπειδὴ

2105 836 2218 898 τοῖς
2238 832 2508 888 Σάϐϐασιν
2537 831 2664 896 τοὺς
2694 830 3002 901 κάμνοντας
3026 829 3344 903 ἐθεράπευε.
3375 848 3394 881 ι
3433 829 3508 882 Τὸ
3527 847 3695 900 τηνι-

2107 923 2283 980 καῦτα
2327 922 2454 993 γὰρ,
2520 922 2594 986 ὥς
2645 938 2798 992 φησι,
2859 921 3020 990 γνοὺς
3073 921 3102 974 6
3146 921 3352 992 Ἰησοῦς
3397 920 3523 992 τὴν
3557 919 3699 974 καθ’

2106 1015 2270 1072 αὐτοῦ
2302 1013 2590 1085 συσκευὴν,
2627 1012 2970 1085 ἀνεχώρησεν
3004 1013 3231 1078 ἐκεῖθεν,
3267 1015 3359 1067 καὶ
3382 1012 3700 1084 ἠκολούθη-

2107 1127 2206 1163 σαν
2227 1107 2374 1179 αύτῷ
2399 1107 2544 1179 ὄχλοι
2579 1106 2780 1170 πολλοὶ,
2815 1106 2909 1160 καὶ
2933 1105 3294 1177 ἐθεράπευσεν
3321 1105 3519 1170 αὐτοὺς
3547 1106 3701 1158 πάν-

2103 1219 2222 1266 τας,
2277 1202 2370 1255 καλ¹
2415 1199 2720 1272 ἐπέπληξεν
2767 1199 2948 1263 αὐτοῖς
2992 1199 3077 1252 ἵνα
3131 1198 3206 1271 μὴ
3249 1199 3480 1269 φανερὸν
3519 1199 3700 1252 αὑτὸν

2107 1296 2419 1366 ποιήσωσινο
2447 1311 2466 1344 ι
2510 1285 2592 1356 οἷς
2621 1290 2872 1362 ἐπιφέρει
2903 1290 3095 1359 λέγων·
3125 1309 3143 1342 ι
3177 1291 3286 1343 Καὶ
3311 1291 3483 1344 ταῦτα
3505 1291 3704 1345 πάντα

2105 1387 2314 1456 γέγονε,
2345 1404 2364 1437 ι
2406 1383 2726 1438 τουτέστιτὸ
2743 1385 3038 1455 ἀναχωρεῖν
3073 1382 3252 1446 αὑτὸν,
3280 1384 3373 1436 καὶ
3405 1381 3466 1435 τὸ
3500 1382 3705 1436 ἐκκλί-

2104 1496 2216 1533 νειν
2243 1479 2369 1542 τοὺς
2397 1475 2731 1541 ἐπιϐούλους,
2761 1477 2854 1528 καὶ
2879 1475 2940 1528 τὸ
2977 1475 3255 1529 λανθάνειν
3280 1474 3612 1538 σπουδάζειν
3633 1476 3700 1528 ἐν

2103 1567 2185 1636 οἷς
2208 1571 2411 1642 ἔπραξε
2433 1567 2774 1640 παραδόξοις,
2809 1569 2904 1622 καὶ
2940 1568 3001 1621 τὸ
3036 1569 3349 1639 παρεγγυᾷν
3383 1569 3498 1630 τοῖς
3523 1566 3700 1639 θερα-

435 1676 575 1732 quos
606 1668 896 1724 curasset,
936 1661 1296 1732 praeceperit,
1334 1677 1402 1716 ne
1436 1661 1788 1717 manifestum
1827 1663 2003 1733 ipsum

2109 1662 2423 1733 πευομένοις
2467 1659 2539 1732 μὴ
2573 1659 2802 1731 φανερὸν
2836 1659 2994 1712 αὑτὸν
3026 1664 3218 1724 ποιεῖν,
3249 1677 3268 1711 ι
3303 1661 3385 1713 ἶνα
3412 1659 3696 1730 πληρωθῇ

435 1753 712 1817 facerent,
747 1771 765 1803 ι
797 1762 856 1808 ιιι
889 1753 1210 1824 impleretur
1239 1754 1384 1823 quod
1413 1754 1617 1808 dictum
1646 1763 1724 1808 es:
1753 1769 1848 1823 per
1877 1769 2004 1824 pro-

2109 1753 2166 1804 τὸ
2199 1751 2358 1824 ρηθέν
2391 1750 2480 1804 διὰ
2521 1750 2613 1804 τού
2659 1751 2936 1822 προφήτου
2974 1750 3254 1820 λέγοντοςο
3301 1751 3428 1804 Ἰδοὺ
3478 1753 3508 1804 6
3551 1753 3700 1814 παῖς

432 1844 652 1914 phetam
689 1843 958 1898 dicentem
990 1862 1003 1898 :
1050 1844 1190 1899 Ecce
1233 1860 1368 1914 puer
1411 1861 1594 1908 meus,
1629 1846 1682 1899 in
1713 1860 1820 1916 quo
1853 1861 2004 1900 com-

434 1935 664 2007 placui:
701 1935 935 1991 dilectus
981 1951 1164 2001 meus,
1207 1953 1370 2007 quem
1419 1937 1580 2008 elegit
1628 1938 1810 1992 anima
1861 1952 2002 1992 mea.

431 2028 636 2084 Ponam
665 2029 913 2099 spiritum
940 2045 1114 2082 meum
1143 2045 1306 2100 super
1330 2045 1452 2085 eum
1474 2071 1487 2094 ,
1515 2038 1568 2085 et
1587 2029 1851 2100 judicium
1875 2045 2006 2100 gen-

434 2123 584 2178 tibus
627 2123 922 2176 nuntiabit.
967 2120 1084 2176 Non
1145 2122 1438 2177 contendet
1483 2139 1659 2193 neque
1712 2121 2001 2186 clamabit,

434 2231 612 2283 neque
640 2215 824 2270 audiet
853 2214 1123 2286 quispiam
1155 2215 1209 2268 in
1235 2215 1425 2284 plateis
1446 2230 1633 2271 vocem
1662 2215 1800 2286 ejus.
1820 2213 2004 2268 Arun-

432 2308 614 2364 dinem
657 2317 970 2379 quassatam
1013 2323 1120 2363 non
1161 2308 1504 2378 confringet,
1534 2316 1588 2363 et
1629 2308 1800 2362 linum
1841 2306 2006 2362 fumi-

435 2418 572 2475 gans
611 2417 720 2458 non
765 2402 1108 2472 exstinguet,
1156 2401 1331 2456 donec
1381 2402 1568 2471 ejiciat
1619 2401 1674 2456 in
1718 2400 2003 2455 victoriam

429 2493 696 2564 judicium
717 2534 732 2555 ,
760 2501 814 2548 et
843 2494 896 2546 in
931 2491 1151 2546 nomine
1181 2493 1304 2562 ejus
1336 2501 1528 2563 gentes
1556 2493 1855 2562 sperabunt
1885 2491 1951 2546 ".
1979 2509 1998 2541 ι

430 2582 825 2638 Animadverte
871 2583 1162 2653 diligenter
1211 2597 1448 2653 quonam
1502 2583 1665 2638 modo
1720 2581 2003 2638 Mattbacus

431 2676 524 2730 ubi
569 2676 708 2730 dixit
735 2694 748 2730 :
781 2695 799 2726 ‹
831 2674 971 2731 Ecce
1015 2691 1150 2745 puer
1191 2690 1345 2730 meus
1373 2691 1534 2746 quem
1568 2676 1702 2747 elegi
1723 2714 1739 2741 ,
1771 2675 2004 2732 dilectus

433 2782 589 2823 meus
631 2766 686 2820 in
732 2782 840 2837 quo
885 2768 1215 2836 complacuit
1254 2768 1436 2820 anima
1482 2781 1631 2829 mea,
1665 2785 1684 2819 ι
1711 2781 1885 2837 neque
1913 2765 2003 2820 Ja-

431 2861 573 2923 cob,
607 2875 784 2929 neque
830 2860 998 2916 Israel
1040 2861 1442 2924 nominaverit;
1493 2875 1602 2915 non
1643 2859 1788 2915 enim
1821 2860 1997 2915 dixit:

430 2949 602 3005 Jacob
633 2967 765 3021 puer
797 2967 951 3006 meus
971 2993 986 3017 ,
1025 2952 1192 3008 Israel
1224 2953 1430 3008 electus
1461 2967 1614 3006 meus
1635 2991 1650 3014 ,
1683 2951 1777 3007 sed
1812 2950 2002 3006 indeﬁ-

431 3041 546 3097 nite
574 3041 911 3108 enuntiavit,
945 3041 1136 3098 dicens
1163 3062 1178 3099 :
1216 3062 1232 3094 ι
1265 3041 1404 3097 Ecce
1436 3058 1570 3111 puer
1599 3057 1790 3106 meus,
1828 3049 1883 3098 et
1917 3041 2002 3096 di-
2029 3075 2072 3130 ο

433 3135 610 3191 lectus
642 3150 816 3191 meus.
849 3155 867 3188 ι
894 3134 1163 3202 Quocirca
1181 3177 1195 3200 ,
1223 3135 1378 3206 quasi
1411 3134 1464 3189 in
1493 3133 1758 3190 Hebraico
1785 3149 1848 3189 ea
1875 3149 2003 3204 pro-

431 3227 618 3298 phetia
673 3243 779 3283 non
831 3228 926 3290 sit,
965 3229 1105 3299 apud
1149 3229 1297 3298 ipsos
1339 3228 1556 3299 quidem
1588 3225 1732 3281 LXX
1763 3227 2003 3282 obelisco

435 3320 707 3390 signatum
752 3329 838 3376 est
890 3335 1088 3374 nomen
1141 3317 1347 3384 Jacob,
1413 3327 1579 3390 atque
1611 3317 1824 3374 Israel:
1858 3318 2004 3390 apud

435 3409 677 3478 reliquos
735 3416 914 3463 autem
975 3409 1300 3480 interpretes
1355 3408 1575 3463 silentio
1627 3407 2004 3478 praeteritum,

433 3510 722 3570 propterea
769 3500 914 3570 quod
966 3515 1036 3555 ne
1088 3500 1144 3555 in
1195 3499 1462 3554 Ilebraico
1509 3499 1729 3569 quidem
1774 3501 2002 3555 feratur.

432 3592 594 3664 553
621 3591 852 3648 Proinde
895 3593 1058 3648 etiam
1089 3593 1424 3664 evangelista
1459 3593 1654 3647 merito
1701 3590 1754 3645 id
1779 3599 2006 3663 praeter-

434 3687 606 3748 misit.
642 3685 846 3758 quippe
875 3686 968 3756 qui
1001 3696 1054 3744 et
1084 3685 1345 3743 Hebraeus
1373 3694 1541 3750 esset,
1593 3692 1647 3740 et
1679 3685 1734 3739 in
1768 3685 2007 3756 prophe-

431 3779 523 3834 tia:
557 3779 830 3849 positione
859 3777 1160 3835 Hebraicos
1191 3779 1360 3834 libros
1396 3787 1736 3848 sequeretur.
1767 3776 1910 3848 Ergo
1937 3791 2007 3832 ne

434 3870 760 3926 sententiam
785 3871 1005 3941 quidem
1034 3871 1080 3927 si
1111 3881 1347 3941 spectes,
1383 3871 1583 3942 populo
1613 3870 1679 3924 ad
1710 3869 2004 3924 circumci-

434 3964 644 4020 sionem
685 3964 973 4035 spectanti,
1009 3964 1292 4018 oraculum
1333 3961 1734 4018 accommodari
1782 3961 2004 4032 poterit,

434 4055 529 4110 sed
557 4055 650 4110 uni
681 4054 902 4110 Christo
938 4054 1052 4118 Dei,
1082 4055 1170 4109 cui
1204 4050 1259 4108 el.
1287 4055 1402 4123 ipsa
1433 4053 1708 4108 evidentia
1765 4062 1820 4107 et
1851 4069 2010 4109 even-

432 4154 524 4202 tus
563 4163 744 4202 rerum
781 4145 938 4202 fidem
990 4147 1351 4202 indubitatam
1383 4145 1530 4200 facit.
1564 4145 1715 4200 Unus
1745 4146 1890 4201 enim
1919 4146 2007 4200 hic

435 4238 678 4293 futurum
721 4239 990 4308 judicium
1042 4240 1296 4309 gentibus
1357 4239 1570 4308 publice
1627 4239 2004 4304 denuntiavit,

434 4345 560 4383 cum
585 4331 826 4399 seipsum
848 4332 1012 4386 tacite
1038 4332 1090 4385 in
1121 4332 1287 4386 vitam
1309 4331 1592 4386 hominum
1625 4331 2006 4394 insinuaverit,

2111 1861 2232 1916 μου,
2273 1844 2331 1898 ὃν
2367 1843 2592 1915 ᾑρέτισα
2613 1883 2628 1908 ,
2672 1843 2700 1895 6
2739 1843 3025 1914 ἀγαπητός
3059 1859 3158 1914 μου
3191 1846 3271 1908 είς
3301 1844 3360 1896 ὃν
3385 1843 3701 1914 εὐδόκησεν

2107 1937 2140 2007 ή
2177 1935 2320 2008 ψυχή
2376 1953 2497 2007 μου.
2539 1938 2700 2009 Θήσω
2731 1936 2792 1990 τὸ
2825 1937 3040 2010 πνεῦμά
3091 1955 3190 2010 μου
3239 1939 3324 1992 ἐπ’
3363 1938 3544 2004 αὐτὸν,
3592 1939 3702 1991 καὶ

2105 2028 2284 2100 κρίσιν
2306 2031 2418 2093 τοῖς
2450 2029 2656 2083 ἔθνεσιν
2685 2031 3006 2100 ἀπαγγελεῖ.
3039 2031 3152 2085 Οὐκ
3171 2031 3341 2103 ἐρίσει
3362 2031 3482 2084 οὐδὲ
3511 2049 3704 2102 κραυ-

2105 2122 2282 2190 γάσει,
2313 2123 2433 2176 ούδέ
2467 2123 2761 2178 ἀκούσεταί
2789 2142 2873 2188 τις
2902 2126 2960 2178 ἐν
2990 2127 3109 2188 ταῖς
3132 2124 3409 2188 πλατείαις
3439 2124 3538 2193 τὴν
3571 2141 3704 2191 φω-

2106 2216 2202 2287 νὴν
2229 2217 2413 2270 αὐτοῦ.
2445 2216 2704 2289 Κάλαμον
2733 2217 3186 2289 συντετριμμένον
3208 2218 3266 2271 οὐ
3289 2216 3560 2282 κατεάξει,
3591 2217 3702 2269 καὶ

2105 2306 2248 2361 λίνον
2278 2308 2577 2380 τυφόμενον
2609 2311 2668 2363 οὐ
2706 2309 2907 2375 σϐέσει,
2945 2309 3050 2374 ἕως
3087 2309 3151 2364 ἂν
3184 2309 3383 2381 ἐκϐάλῃ
3421 2311 3502 2373 είς
3529 2311 3704 2373 νῖκνις

2104 2399 2202 2472 τὴν
2227 2401 2405 2473 κρίσιν
2431 2403 2524 2456 καὶ
2543 2403 2636 2456 ἐπὶ
2656 2401 2734 2473 τῷ
2773 2402 2994 2474 ὀνόματι
3021 2401 3184 2456 αὑτοῦ
3216 2403 3338 2474 ἔθνη
3369 2400 3648 2455 ἐλπιοῦσι.
3674 2422 3697 2453 ι

2105 2493 2270 2565 Τήρει
2310 2492 2367 2546 δὲ
2406 2493 2679 2566 ἐπιμελῶς
2711 2495 2831 2548 τίνα
2867 2495 3064 2566 τρόπον
3101 2498 3129 2549 6
3173 2494 3442 2559 Ματθαῖος
3484 2494 3697 2548 εἰπών·

2110 2601 2130 2635 ι
2179 2585 2310 2639 Ἰδοὺ
2339 2589 2368 2640 6
2402 2589 2532 2653 παῖς
2564 2605 2686 2660 μου,
2717 2589 2775 2642 ὃν
2810 2585 3118 2662 ᾑρέτισα,’ό
3149 2589 3426 2662 ἀγαπητός
3461 2607 3592 2661 μου,
3635 2592 3704 2643 ἐν

2102 2668 2146 2744 ᾧ
2167 2675 2456 2748 εὐδόκησεν
2481 2681 2515 2750 ἡ
2542 2679 2687 2751 ψυχή
2719 2698 2841 2751 μου,
2878 2701 2896 2734 ι
2930 2679 3055 2735 οὔτε
3085 2681 3178 2734 τοῦ
3223 2680 3411 2734 Ἰακὼϐ
3437 2680 3566 2734 οὔτε
3587 2681 3700 2734 τοῦ

2115 2768 2328 2842 Ἰσραὴλ
2365 2771 2628 2844 ἐμνήσθη.
2665 2773 2737 2826 Ού
2767 2772 2876 2845 γὰρ
2908 2769 3078 2826 εἶπενο
3116 2771 3304 2826 Ἰακὼϐ
3330 2775 3358 2827 6
3389 2775 3516 2836 παῖς
3551 2790 3698 2844 μου,

2117 2861 2333 2933 Ἰσραὴλ
2363 2864 2392 2916 6
2421 2863 2672 2928 ἐκλεκτός
2705 2883 2829 2935 μου,
2871 2865 3139 2935 ἀορίστως
3171 2865 3226 2918 δέ
3268 2864 3556 2936 ἐξήνεγκεν
3605 2867 3698 2918 εῖ-

2104 2952 2240 3007 πών·
2275 2971 2294 3004 ι
2329 2953 2460 3008 Ἰδοὺ
2479 2957 2506 3008 6
2531 2958 2657 3020 παῖς
2681 2973 2803 3027 μου,
2825 2957 2918 3010 καὶ
2940 2958 2967 3010 ό
2990 2955 3268 3026 ἀγαπητός
3291 2973 3410 3027 μου.
3443 2975 3462 3007 ι
3493 2955 3696 3019 Ὅθεν,

2103 3045 2179 3111 ὡς
2193 3045 2326 3118 μηδέ
2339 3046 2483 3118 ἐντῷ
2507 3046 2776 3126 Ἱεξϐραῖκῴ
2787 3046 2887 3117 τῆς
2899 3047 3226 3118 προφητείας
3240 3044 3511 3116 κειμένης,
3525 3044 3696 3116 παρά

2112 3139 2210 3210 μὲν
2229 3140 2340 3202 τοῖς
2370 3139 2765 3210 Ἐϐδομήκοντα
2793 3138 3078 3192 ὼϐέλισται
3099 3138 3160 3192 τὸ
3176 3136 3268 3190 τοῦ
3309 3135 3498 3190 Ἰακὼϐ
3515 3137 3620 3188 καὶ
3631 3136 3697 3188 τὸ

2107 3231 2202 3286 τοῦ
2229 3232 2262 3284 Ἰ
2271 3231 2440 3304 σραὴλ
2450 3231 2538 3284 δνο
2543 3249 2635 3302 μα·
2652 3233 2746 3286 καὶ
2758 3232 2903 3302 παρὰ
2914 3234 3025 3296 τοῖς
3035 3231 3236 3294 λοιποῖς
3248 3231 3302 3283 δέ
3321 3231 3696 3300 ἐρμηνευταῖς

2110 3321 2618 3394 παρασεσιώπηται,
2652 3325 2773 3377 ἐπεὶ
2794 3319 2918 3395 μηδ’
2942 3325 2997 3376 ἐν
3023 3321 3100 3394 τῷ
3137 3321 3406 3392 Ἐϐραῖκῷ
3429 3320 3691 3392 φέρεται.

2115 3416 2302 3469 Ἔνθεν
2353 3416 2575 3480 εἰκότως
2605 3416 2723 3470 ούδέ
2755 3413 2904 3485 παρὰ
2952 3413 3029 3485 τῷ
3077 3411 3426 3482 εὐαγγελιστῇ
3464 3412 3696 3482 εἴρηται

2122 3507 2358 3580 Ἑϐραίῳ
2390 3509 2500 3562 δντι
2525 3548 2539 3570 ,
2590 3508 2682 3561 καὶ
2729 3505 3036 3570 ἀκολούθως
3083 3507 3148 3576 τῇ
3185 3503 3451 3574 Ἐϐραίων
3489 3505 3694 3574 γραφῇ

2110 3600 2209 3671 τὴν
2239 3600 2569 3673 προφητείαν
2598 3599 2896 3671 ὲκθεμένῳ.
2921 3594 3220 3668 Τοιγαροῦν
3253 3593 3373 3647 οὔτε
3397 3594 3538 3647 κατά
3571 3594 3695 3648 διά-

2111 3708 2259 3744 νοιαν
2284 3691 2361 3762 τῷ
2391 3693 2455 3745 ἐκ
2480 3691 2779 3762 περιτομῆς
2807 3688 2923 3760 λαῷ
2944 3688 3011 3741 τὰ
3044 3685 3403 3755 θεσπιζόμενα
3429 3681 3692 3757 ἁρμόζει,

2116 3784 2260 3855 μόνῳ
2285 3783 2342 3836 δὲ
2367 3781 2444 3855 τῷ
2477 3781 2695 3854 Χριστῷ
2723 3781 2816 3836 τοῦ
2842 3780 2977 3836 Θεοῦ
3003 3777 3428 3851 μαρτυρουμένῳ
3452 3777 3559 3830 ὑπὸ
3585 3777 3694 3849 τῆς

2113 3875 2401 3946 ἐναργείας
2427 3874 2520 3928 καὶ
2547 3874 2644 3945 τῆς
2675 3873 2784 3927 τῶν
2812 3873 3151 3945 πραγμάτων
3181 3871 3478 3936 ἐκϐάσεως.
3507 3872 3692 3936 Μόνος

2112 3966 2220 4038 γὰρ
2254 3959 2406 4030 οὗτος
2427 3967 2525 4038 τὴν
2562 3965 2856 4036 μέλλουσαν
2890 3963 3069 4034 κρίσιν
3099 3965 3211 4026 τοῖς
3236 3961 3412 4015 ἔθνεσι
3444 3967 3694 4036 προεκή-

2117 4060 2300 4129 ρυξεν,
2346 4057 2522 4129 ἡσυχῆ
2567 4057 2643 4128 τῷ
2679 4056 2777 4128 βίῳ
2809 4055 2916 4111 τῶν
2954 4054 3254 4126 ἀνθρώπων
3302 4055 3686 4126 ἐπιδημήσας,

2116 4151 2208 4206 καὶ
2237 4149 2416 4221 κρίσιν
2445 4149 2537 4202 ἐπὶ
2558 4149 2654 4219 τῆς
2685 4149 2789 4218 γῆς
2823 4148 3077 4218 θέμενοςο
3103 4148 3195 4200 καὶ
3224 4146 3284 4200 ού
3321 4147 3483 4218 μόνον
3517 4149 3688 4201 κάλα-

2117 4261 2216 4317 μον
2249 4241 2701 4315 συντετριμμένον
2725 4241 2784 4294 ού
2820 4241 3080 4308 κατέαξεν
3099 4283 3114 4306 ,
3146 4239 3283 4294 ἀλλά
3303 4279 3319 4305 ,
3346 4241 3395 4292 εί
3422 4239 3573 4293 ἐστιν
3606 4243 3688 4294 εί-

2115 4338 2254 4397 πεῖν,
2283 4335 2590 4404 συνέδησεν,
2620 4332 2930 4405 ἀνορθώσας
2957 4334 3051 4386 καὶ⁵
3083 4333 3332 4405 ἰσχυροὺς
3365 4333 3689 4404 ἀπεργασά-

433 4430 600 4491 atque
646 4430 698 4476 in
759 4430 901 4476 terra
949 4423 1220 4492 judicium
1277 4425 1542 4495 posuerit,
1589 4432 1642 4479 ct
1685 4440 1792 4479 non
1841 4425 2002 4480 modo

2109 4444 2265 4499 μενος
2296 4427 2425 4489 τοὺς
2474 4425 2745 4491 ἀσθενεῖς,
2773 4425 2866 4479 καὶ
2897 4427 3022 4489 τοὺς
3055 4425 3552 4497 συντετριμμένους
3591 4425 3688 4497 τὴν

433 4513 756 4568 arundinem
792 4515 1081 4568 contritam
1111 4532 1217 4570 non
1246 4515 1537 4587 confregit,
1576 4515 1695 4579 sed,
1724 4516 1771 4571 si
1812 4516 1894 4571 fas
1920 4525 2005 4573 est

2112 4518 2358 4589 καρδίαν.
2385 4519 2595 4588 Ὥσπερ
2627 4518 2683 4570 δὲ
2715 4519 2840 4580 τοὺς
2873 4517 3115 4581 ἀσθενεῖς
3149 4518 3242 4572 καὶ
3286 4518 3524 4587 σαθροὺς
3544 4558 3559 4580 ,
3596 4520 3686 4573 καὶ

432 4604 637 4671 dicere,
669 4608 964 4678 colligavit,
1002 4623 1124 4662 cum
1173 4609 1419 4665 infirmos
1445 4619 1500 4665 et
1535 4612 1804 4666 contritos
1842 4611 2005 4666 corde

2112 4610 2208 4681 τῆς
2255 4609 2419 4663 αὑτοῦ
2468 4609 2762 4682 θεραπείας
2795 4610 3078 4681 δεομένους
3120 4610 3181 4662 οὐ
3213 4609 3515 4682 παρεῶρα,
3569 4611 3686 4664 οὐδὲ

435 4700 689 4762 erexerit,
744 4700 1018 4770 fortesque
1071 4701 1388 4763 reddiderit,
1443 4710 1497 4757 et
1542 4703 2002 4772 quemadmodum

434 4793 681 4849 infirmos
720 4809 784 4848 ac
811 4793 1040 4858 debiles,
1082 4803 1136 4849 et
1173 4811 1285 4851 suae
1311 4796 1483 4865 ipsius
1521 4797 1820 4852 curationis
1859 4797 2004 4852 indi-

433 4892 624 4952 gentes
667 4901 774 4940 non
807 4883 1172 4955 despiciebat.
1223 4903 1402 4957 neque
1453 4903 1594 4958 quos
1643 4887 1844 4959 prioris
1882 4891 2006 4944 vita:

432 4974 800 5045 pwnituisset,
833 4976 1250 5039 condemnabat,
1297 4983 1390 5030 aut
1423 4979 1772 5043 conterebat;
1811 4979 1894 5034 sic
1935 4993 2005 5034 ne

434 5067 557 5121 illos
587 5069 804 5138 quidem
838 5070 931 5138 qui
977 5070 1030 5124 in
1075 5071 1234 5124 malis
1281 5079 1717 5142 perseverarent.
1764 5079 1859 5126 aut
1905 5072 2001 5141 qui

433 5159 616 5228 pravis
636 5163 800 5216 animi
824 5160 1108 5218 affectibus
1133 5163 1572 5224 incenderentur,
1602 5164 2003 5234 exstinguebat,

432 5260 528 5306 aut
560 5268 628 5308 ne
665 5269 731 5308 ex
780 5271 881 5310 suo
918 5257 1197 5326 proposito
1240 5272 1447 5324 suaque
1496 5256 1738 5326 ipsorum
1780 5257 2006 5311 libidine

433 5353 674 5414 agerent,
705 5345 1046 5415 prohibebat;
1072 5363 1248 5416 neque
1274 5362 1402 5401 vero
1435 5355 1631 5417 praeter
1657 5356 1870 5416 tempus
1900 5363 2004 5401 un-

433 5449 597 5503 quam
633 5435 827 5490 borum
862 5438 1097 5508 aliquem
1139 5437 1410 5508 supplicio
1449 5438 1648 5501 affecit,
1679 5439 1878 5509 quippe
1908 5438 2002 5508 qui

432 5523 634 5582 talibus
662 5526 870 5590 debitas
899 5543 999 5601 pro
1046 5530 1256 5585 meritis
1291 5545 1482 5599 pmnas
1518 5530 1570 5586 in
1611 5537 1827 5599 tempus
1853 5546 2003 5585 uom-

497 5707 544 5740 "
578 5703 683 5760 lsa.
717 5717 857 5778 nu,
897 5707 1018 5770 1-7.
1095 5709 1138 5740 ’τ
1179 5707 1364 5766 .llatth.
1401 5727 1515 5776 xu,
1559 5709 1735 5771 lli,lti.
1811 5710 1856 5743 9’
1895 5707 2028 5764 ibid.

2117 4703 2508 4773 μετανοοῦντας
2561 4703 2902 4774 κατακρίνων
2950 4703 3292 4774 συνέτριϐεν·
3345 4702 3523 4768 οὓτως
3569 4704 3683 4756 οὐδὲ

2111 4796 2235 4859 τοὺς
2282 4797 2394 4858 τοῖς
2434 4797 2622 4858 κακοῖς
2653 4795 3039 4866 ἐπιμένοντας,
3076 4795 3170 4846 καὶ
3203 4794 3306 4847 ὑπὸ
3347 4793 3456 4846 τῶν
3499 4795 3685 4848 παθῶν

2109 4886 2443 4958 τυφομένους
2474 4886 2752 4950 ἐσϐέννυε,
2787 4885 3008 4939 κωλύων
3050 4885 3202 4958 παρά
3228 4886 3322 4957 τὴν
3348 4887 3532 4940 αὐτῶν
3561 4904 3685 4957 προ-

2111 4979 2322 5051 αίρεσιν
2350 4981 2621 5050 ἐνεργεῖν’
2652 4979 2771 5032 οὐδὲ
2808 4977 2912 5050 μὴν
2945 4978 3097 5050 παρὰ
3127 4978 3316 5049 καιρὸν
3359 4978 3682 5051 ἐτιμωρεῖτό

2109 5089 2231 5124 τινα
2270 5071 2472 5125 τούτων
2493 5112 2508 5136 ,
2551 5070 2648 5142 τὴν
2679 5073 2798 5124 κατ’
2825 5071 2980 5138 ἀξίαν
3025 5070 3206 5124 αὐτῶν
3233 5071 3450 5125 κόλασιν
3488 5073 3567 5135 είς
3599 5070 3681 5124 τὸν

2111 5164 2211 5234 τῆς
2253 5163 2480 5217 καθόλου
2519 5164 2751 5235 κρίσεως
2775 5163 2965 5232 καιρὸν
2998 5162 3447 5235 ὑπερτιθέμενοςο
3484 5163 3568 5216 διὸ
3595 5162 3676 5215 16-

2111 5255 2326 5309 λεκταιο
2369 5275 2387 5307 ι
2419 5257 2529 5310 Καὶ
2573 5255 2714 5308 λίνον
2757 5255 3056 5326 τυφόμενον
3099 5255 3159 5308 οὐ
3209 5255 3410 5308 σϐέσει.
3441 5274 3462 5307 ι
3509 5257 3676 5308 ’Δντιι-

2110 5365 2245 5418 κρυς
2273 5347 2330 5401 δὲ
2361 5348 2531 5419 πέρας
2557 5347 2744 5419 εἴληφε
2770 5348 2848 5412 τὸ,
2877 5367 2895 5399 ι
2924 5349 3032 5401 Καὶ
3065 5349 3121 5400 ἐν
3153 5347 3231 5418 τῷ
3262 5347 3489 5418 ὀνόματι
3520 5344 3676 5402 αὐτοῦ

2109 5437 2234 5510 ἔθνη
2279 5438 2576 5492 ἐλπιοῦσιν.
2613 5458 2630 5490 ι
2680 5439 2803 5492 Ἐπὶ
2833 5437 2977 5508 μόνῳ
3006 5435 3135 5506 γοῦν
3173 5437 3251 5507 τῷ
3291 5436 3385 5490 τοῦ
3430 5438 3677 5508 Σωτῆρος

2108 5530 2264 5601 ἡμῶν
2297 5529 2469 5602 Ἰησοῦ
2503 5530 2738 5602 Χριστοῦ
2771 5529 2992 5600 ὀνόματι
3023 5528 3216 5599 ἤλπισε
3237 5527 3304 5582 τὲ
3332 5527 3676 5601 Χριστιανῶν

2104 5704 2248 5762 ’ῐ-Ξι.
