3922 6200
204 283 309 339 763
1091 283 1745 342 DEMONSTBATIONIS
1785 283 2246 341 EVANGELIC£
2284 284 2411 342 LIB.
2456 284 2548 346 IX.
3347 293 3450 350 706

203 402 329 472 ἔθνη
348 444 364 468 ,
400 402 499 474 τὴν
530 403 843 473 ἐπωνυμίαν
884 402 1049 459 αυτοῦ
1081 403 1156 469 ὡς
1184 403 1389 477 πατρὸς
1419 400 1487 475 ἦς
1517 404 1773 475 παρειλή-

1879 403 2062 459 munis
2084 405 2276 473 judicii
2310 414 2636 469 reservaret,
2663 421 2727 461 ex
2760 422 2872 478 quo
2904 405 3038 463 illud
3084 407 3288 463 dictum
3321 419 3405 465 est
3433 428 3447 463 9

200 511 367 563 φασιν
396 495 678 559 εὐσεϐείας
707 498 1142 568 ἐπιγραφόμενα.
1166 497 1274 550 Καὶ
1300 497 1410 567 γάρ
1436 499 1516 560 είς
1544 497 1658 565 φῶς
1681 498 1773 552 οὐκ

1883 516 1904 550 ι
1937 497 2003 551 Et
2027 497 2198 553 linum
2246 496 2522 570 fumigans
2552 514 2663 555 non
2708 500 3039 571 exstinguet.
3073 520 3093 553 ›
3128 499 3453 559 Planissime

199 583 384 649 ἄλλοις
417 586 449 658 ἢ
483 589 595 650 τοῖς
627 587 801 641 ἔθνεσι
834 587 1075 642 δεδόσθαι
1110 586 1550 659 προπεφώνηται,
1577 588 1643 640 δι’
1682 588 1781 641 αὐ-

196 677 297 731 τοῦ
328 695 420 741 τε,
454 680 519 749 τῇ
559 682 857 751 προρρήσει
884 680 1191 744 ἀκολούθως
1213 721 1226 745 ,
1256 679 1524 751 ὀφθαλμοὶ
1560 678 1780 749 τυφλῶν

176 771 309 826 ’τῶν
345 772 511 827 πάλαι
539 772 639 842 τὴν
666 772 902 826 διάνοιαν
931 772 1372 844 πεπηρωμένων,
1404 772 1498 825 καὶ
1526 772 1586 825 ού
1616 771 1777 842 μόνον

198 864 425 930 τούτων,
458 865 593 919 ἀλλά
636 866 732 919 καὶ
766 866 873 919 τῶν
910 866 1040 919 αὐτὸ
1072 865 1133 917 τὸ
1168 864 1326 935 σῶμα
1357 864 1739 935 ἠφανισμένων
1759 903 1773 928 ,

195 956 295 1011 καὶ
319 958 367 1009 οἱ
389 956 602 1027 δεσμοῖς
622 973 680 1008 τε
703 956 796 1009 καὶ
822 959 1028 1026 σειραῖς
1061 954 1366 1027 ἁμαρτιῶν,
1395 957 1452 1009 ἐν
1478 955 1657 1008 σκότει
1682 956 1777 1008 καὶ

194 1049 395 1119 ἀγνοίᾳ.
422 1049 520 1119 τῆς
552 1047 785 1116 ἀληθοῦς
817 1047 1095 1112 εὐσεϐείας
1130 1048 1189 1101 τὸ
1227 1051 1354 1120 πρὶν
1384 1046 1775 1118 κεκαλινδημέ-

194 1156 300 1202 νοι,
323 1138 389 1191 δι’
421 1136 582 1191 αὑτοῦ
611 1138 718 1190 τῶν
741 1138 1022 1210 ἁμαρτιῶν
1047 1138 1315 1203 λυθέντες,
1351 1138 1443 1192 τοῦ
1476 1138 1652 1207 φωτὸς
1676 1138 1776 1208 τῆς

194 1230 453 1301 γνώσεως
482 1230 576 1283 καὶ
605 1228 703 1299 τῆς
738 1231 889 1300 παρά
921 1230 999 1300 τῷ
1026 1229 1143 1300 Θεῷ
1169 1230 1480 1302 ἐλευθερίας
1501 1229 1773 1299 ἠξίωνται.

197 1324 311 1379 Καὶ
342 1326 405 1377 σὺ
436 1324 514 1387 δὲ,
538 1324 630 1376 ἐπὶ
655 1323 848 1393 σχολῆς
884 1325 995 1387 τοῖς
1022 1323 1437 1393 ἀποδεδομένοις
1469 1321 1775 1387 ἀκολούθως

197 1413 496 1484 βασανίσας
522 1414 621 1485 τὴν
672 1412 834 1476 λέξιν,
872 1414 963 1465 ἐπί
999 1411 1146 1483 μόνῳ
1178 1411 1243 1466 ἂν
1276 1411 1454 1484 εὕροις
1484 1411 1562 1483 τῷ
1590 1412 1779 1483 Κυρίῳ

193 1510 289 1564 καὶ
322 1510 531 1580 Σωτῆρι
574 1509 728 1580 ἡμῶν
772 1508 999 1563 ἕκαστον
1046 1507 1289 1578 ἀκριϐῶς
1337 1507 1447 1562 τῶν
1492 1507 1559 1561 δι’
1606 1507 1777 1579 αὐτῆς

188 1602 538 1674 δηλουμένων
561 1601 1010 1673 πεπληρωμένον.

1877 598 2060 645 autem
2090 589 2253 645 ﬁnem
2287 606 2446 646 suum
2473 591 2683 661 accepit
2707 592 2867 646 etiam
2896 592 3026 646 illud
3064 608 3079 644 :
3117 611 3136 644 ι
3169 591 3235 645 Ει
3269 594 3323 648 in
3358 611 3451 649 no-

1876 682 2023 738 mine
2052 682 2171 753 ejus
2204 694 2389 752 gemes
2417 684 2713 753 sperabunt
2742 684 2855 738 :tin
2888 685 3006 739 solo
3031 686 3176 739 enim
3206 683 3452 741 Salvato-

1874 775 1953 831 ris
1991 775 2166 831 nostri
2197 774 2327 831 Jesu
2364 775 2569 829 Christi
2613 776 2855 840 nomine,
2890 776 3216 833 Christiana
3262 787 3453 849 gentes

1876 873 2254 937 speraverunt,
2285 883 2406 936 quae
2432 869 2596 923 etiam
2637 884 2701 923 ex
2737 870 2999 940 religione
3032 886 3195 939 quam
3226 886 3454 941 accepe-

1877 974 1956 1024 re,
2006 960 2153 1015 illius
2186 958 2341 1027 quasi
2392 962 2633 1028 parentis
2686 961 3014 1031 cognomine
3053 969 3253 1017 notatae
3296 971 3446 1018 sunt.

1879 1049 2090 1105 Etenim
2123 1052 2266 1121 quod
2299 1052 2464 1107 nullis
2513 1052 2638 1107 aliis
2672 1053 2779 1107 nisi
2812 1053 3064 1123 gentibus
3092 1056 3144 1107 in
3171 1055 3345 1109 lucem
3380 1054 3455 1111 sit

1877 1143 2062 1207 datus,
2109 1143 2221 1212 jam
2255 1151 2414 1197 antea
2452 1142 2659 1198 dictum
2706 1146 2884 1199 fuerat
2913 1164 2927 1201 :
2961 1153 3014 1200 et
3049 1162 3146 1215 per
3173 1145 3451 1213 eumdem,

1875 1238 1934 1286 ut
1969 1232 2148 1302 ipsum
2194 1234 2479 1288 oraculum
2513 1234 2939 1305 signiﬁcaverat,
2973 1237 3116 1289 oculi
3153 1251 3448 1301 canorum,

1874 1339 2063 1380 eorum
2092 1325 2279 1396 utique
2311 1326 2403 1395 qui
2447 1326 2722 1396 quondam
2756 1338 2934 1383 mente
2975 1329 3229 1383 excaecati
3269 1337 3449 1397 erant,

1874 1417 2043 1483 aperti
2076 1422 2227 1476 sunt,
2262 1430 2438 1485 neque
2470 1431 2659 1470 eorum
2688 1416 2872 1480 modo,
2904 1418 2996 1473 sed
3026 1419 3189 1473 etiam
3238 1418 3332 1489 qui
3362 1419 3449 1489 ip-

1874 1521 1995 1561 sum
2031 1522 2233 1577 corpus
2281 1507 2669 1578 perdidissent.
2698 1508 2860 1579 Atqui
2889 1511 3126 1567 vinculis
3154 1519 3209 1565 et
3238 1511 3451 1566 catenis

1872 1607 2220 1669 peccatorum
2246 1602 2299 1655 in
2330 1602 2574 1657 tenebris
2602 1608 2656 1656 et
2680 1602 3023 1672 ignoratione
3064 1619 3205 1658 verae
3228 1603 3449 1675 pietatis

186 1699 351 1770 prius
388 1699 762 1759 versabantur,
808 1712 899 1767 per
958 1696 1205 1751 eumdem
1243 1710 1273 1750 a
1311 1694 1551 1767 peccatis
1603 1693 1790 1761 soluti,
1855 1694 2037 1751 lumen
2102 1696 2431 1767 cognitionis
2480 1696 2897 1768 libertatemque
2927 1698 3067 1768 apud
3104 1697 3271 1753 Deum
3300 1697 3449 1751 accis

188 1804 327 1858 pere
356 1796 690 1844 meruerunt.
724 1786 806 1842 Tu
841 1803 968 1843 vero
1010 1787 1080 1845 ad
1111 1788 1304 1843 horum
1339 1788 1614 1858 exemplar
1645 1803 1766 1858 quae
1802 1787 2051 1858 exposita
2086 1797 2236 1852 sunt,
2282 1789 2329 1843 si
2379 1788 2645 1860 reliquam
2719 1789 2848 1844 item
2919 1789 3213 1844 dictionem
3262 1789 3451 1861 explo-

185 1882 423 1945 raveris,
454 1881 509 1936 in
539 1881 657 1936 solo
683 1879 912 1936 Domino
929 1880 1321 1952 Salvatoreque
1375 1890 1585 1947 nostro,
1645 1880 2076 1953 unumquodque
2107 1897 2321 1948 eorum,
2348 1897 2469 1954 quae
2531 1884 2585 1937 in
2626 1883 2718 1937 illa
2767 1883 3138 1948 continentur,
3203 1882 3452 1939 absolute

184 1977 522 2048 completum
558 1976 822 2033 invenies.

196 2095 340 2151 Ἀπὸ
379 2096 486 2151 τοῦ
516 2098 721 2170 αὐτοῦ.
760 2130 830 2140 —
861 2101 999 2169 Περὶ
1031 2101 1138 2154 τοῦ
1164 2101 1249 2170 μὴ
1288 2101 1642 2154 πιστεύσειν
1680 2100 1768 2165 εἷς

1875 2094 2035 2168 454
2062 2094 2140 2148 Ab
2166 2094 2364 2170 eodem.
2396 2123 2464 2132 —
2496 2093 2661 2170 Deeo
2685 2093 2825 2163 quod
2850 2092 3112 2147 Judaicus
3139 2094 3363 2164 populus
3388 2094 3446 2151 in

472 2168 661 2222 αὑτὸν
691 2170 797 2223 τὸν
827 2168 949 2225 τῶν
980 2168 1277 2225 Ἰουδαίων
1310 2172 1484 2226 λαόν.

268 2298 287 2332 ι
320 2275 473 2333 Εἶδον
505 2281 594 2334 τὸν
636 2282 836 2352 Κύριον
867 2284 1176 2355 καθήμενον
1209 2284 1300 2336 ἐπὶ
1336 2282 1524 2355 θρόνου
1563 2281 1764 2353 ὕψηλοῦ

187 2371 289 2423 καὶ
321 2372 652 2443 ἐπηρμένου,
675 2376 770 2428 καὶ
796 2377 1071 2446 σεραφεὶμ
1100 2378 1446 2446 είστήκεισαν
1474 2374 1657 2445 κύκλῳ
1678 2375 1770 2427 αύ-

187 2460 308 2516 τοῦ.
339 2482 358 2515 ι
404 2460 520 2518 Εἶθ’
550 2465 756 2529 ὑποϐάς
787 2483 919 2538 φησι
946 2485 959 2496 ·
1010 2486 1029 2519 ι
1081 2466 1189 2520 Καὶ
1224 2467 1431 2538 ἡκουσα
1461 2465 1559 2536 τῆς
1588 2465 1769 2535 φωνῆς

193 2556 402 2627 Κυρίου
436 2556 682 2626 λέγοντος
701 2577 714 2590 ο
741 2558 873 2613 Τίνα
908 2559 1210 2613 ἀποστείλω
1229 2600 1243 2623 ,
1276 2560 1369 2612 καὶ
1394 2558 1478 2622 τίς
1510 2557 1768 2629 πορεύσε-

187 2662 281 2699 ται
308 2647 445 2720 πρὸς
464 2649 554 2702 τὸν
582 2648 710 2705 λαὸν
740 2650 964 2717 τούτονς
997 2652 1107 2705 Καὶ
1133 2646 1291 2704 εἶπα·
1331 2650 1462 2704 Ἰδοὺ
1498 2648 1608 2718 ἐγώ
1631 2653 1765 2721 είμι,

188 2739 512 2793 ἀπόστειλόν
543 2758 630 2810 με.
665 2743 773 2797 Καὶ
802 2738 955 2796 εἴπεο
1007 2743 1336 2815 Πορεύθητι,
1380 2742 1475 2795 καὶ
1520 2742 1639 2811 είπέ
1690 2742 1767 2813 τῷ

188 2829 306 2900 λαῷ
332 2831 536 2902 τούτῳ·
577 2833 735 2905 Ἀκοῇ
761 2834 1050 2899 ἀκούσετε,
1082 2836 1179 2889 καὶ
1210 2835 1270 2889 οὐ
1303 2834 1378 2906 μὴ
1411 2835 1605 2905 συνῆτε
1625 2874 1638 2897 ,
1675 2835 1769 2887 καὶ

192 2920 483 2990 βλέποντες
512 2923 733 2994 βλέψετε
763 2966 777 2990 ,
802 2928 896 2980 καὶ
917 2928 978 2981 οὐ
1012 2928 1086 3000 μὴ
1119 2928 1285 2998 ἴδητε.
1323 2926 1630 2998 Ἐπαχύνθη
1659 2927 1768 2999 γὰρ

191 3013 224 3083 ἡ
249 3012 448 3084 καρδία
478 3013 571 3066 τοῦ
606 3013 735 3067 λαοῦ
767 3015 957 3069 τούτου
985 3058 999 3080 ,
1029 3018 1123 3071 καὶ
1152 3020 1264 3081 τοῖς
1298 3016 1433 3069 ὠσὶν
1462 3017 1641 3070 αὐτῶν
1673 3018 1768 3089 βα-

192 3107 333 3177 ρέως
361 3107 633 3178 ἥκουσαν,
667 3110 760 3162 καὶ
787 3110 911 3172 τοὺς
953 3110 1263 3182 ὀφθαλμοὺς
1295 3112 1477 3166 αὐτῶν
1519 3111 1771 3183 ἐκάμμυ-

191 3215 329 3260 σαν,
362 3200 572 3269 μήποτε
626 3200 774 3255 ἴδωσι
819 3203 930 3265 τοῖς
963 3202 1293 3273 ὀφθαλμοῖς,
1343 3205 1437 3259 καὶ
1481 3207 1592 3268 τοῖς
1636 3204 1770 3257 ὠσὶν

192 3290 470 3345 ἀκούσωσι
489 3332 503 3356 ,
530 3292 622 3345 καὶ
644 3294 709 3363 τῇ
745 3294 940 3365 καρδία
973 3294 1203 3361 συνῶσι,
1232 3296 1326 3350 καὶ
1366 3297 1767 3369 ἐπιστρέφουσι,

190 3384 288 3439 καὶ
324 3384 561 3456 ίάσωμαι
609 3386 825 3449 αύτούς.
856 3405 874 3437 ι
917 3388 1101 3458 Ἔχεις
1148 3389 1242 3441 καὶ
1284 3388 1485 3444 τούτων
1529 3390 1591 3442 τὸ
1636 3390 1770 3443 ἀπο-

191 3477 435 3548 τέλεσμα
458 3477 550 3531 ἐπὶ
581 3477 673 3531 τοῦ
705 3479 955 3551 Σωτῆρος
982 3482 1014 3551 ή
1024 3480 1161 3551 μῶν,
1188 3481 1329 3536 κατά
1354 3483 1449 3554 μὲν
1470 3483 1560 3536 τὸν
1595 3482 1770 3537 Ἰωάν-
1795 3502 1839 3563 C

192 3587 293 3641 νην
326 3572 576 3641 φήσαντα
599 3587 612 3600 ⁸
666 3589 684 3621 ι
715 3571 963 3625 Τοσαῦτα
1003 3572 1060 3625 δὲ
1094 3573 1259 3627 αὐτοῦ
1290 3577 1491 3645 σημεῖα
1536 3591 1767 3645 πεποιη-

189 3659 349 3723 κότος
382 3659 687 3732 ἔμπροσθεν
717 3660 893 3713 αὐτῶν
916 3702 929 3726 ,
962 3662 1061 3716 οὐκ
1094 3664 1420 3718 ἐπίστευσαν
1456 3666 1535 3729 είς
1580 3664 1765 3727 αὐτὸν,

191 3752 279 3805 ἵνα
328 3754 358 3805 ὁ
407 3753 561 3822 λόγος
623 3755 845 3808 Ἡσαΐου
894 3754 987 3807 τοῦ
1040 3767 1318 3828 προφήτου
1374 3756 1668 3828 πληρωθῇ,
1709 3756 1768 3809 δν

191 3842 343 3899 εἴπεο
389 3846 597 3918 Κύριε,
637 3846 721 3910 τίς
765 3847 1054 3900 ἐπίστευσε
1090 3851 1155 3919 τῇ
1188 3850 1325 3921 ἀκοῇ
1373 3849 1565 3921 ἡμῶν,
1621 3851 1769 3903 καὶὸ

192 3939 436 4012 βραχίων
480 3942 684 4012 Κυρίου
728 3940 833 3994 τίνι
880 3941 1276 4013 ἀπεκαλύφθη,
1338 3942 1422 3996 διὰ
1472 3941 1627 3995 τοῦτο
1669 3942 1770 3995 οὐκ

189 4034 454 4102 ⁴ἠδύναντο
489 4033 795 4087 πιστεύειν’
828 4029 950 4086 εἷπε
978 4033 1087 4107 γὰρ
1115 4034 1274 4088 πάλιν
1312 4035 1540 4098 Ἡσαΐας
1558 4051 1571 4065 ⁸
1601 4033 1771 4087 Τετύ-

191 4126 411 4197 φλωκεν
439 4125 620 4179 αὐτῶν
640 4127 765 4190 τοὺς
790 4125 1120 4197 ὀφθαλμοὺς,
1150 4126 1244 4179 καὶ
1268 4124 1559 4197 ἐπώρωσεν
1591 4124 1769 4178 αὐτῶν

189 4219 295 4288 τὴν
327 4216 573 4288 καρδίαν,
602 4217 689 4270 ἴνα
720 4215 794 4287 μὴ
819 4215 967 4269 ίδωσι
988 4218 1098 4278 τοῖς
1129 4215 1426 4285 ὀφθαλμοῖς
1445 4254 1458 4277 ,
1507 4214 1601 4267 καὶ
1647 4214 1771 4284 νοή-

193 4326 333 4365 σωσι
357 4312 426 4379 τῇ
451 4308 644 4379 καρδίᾳ
666 4348 680 4373 ,
712 4309 808 4361 καὶ
837 4307 1203 4378 ἐπιστρέψωσι
1224 4346 1238 4369 ,
1280 4307 1374 4360 καὶ
1408 4306 1644 4376 ίάσωμαι
1670 4304 1769 4357 αύ-

190 4402 340 4466 τούς.
395 4401 577 4455 Ταῦτα
621 4398 774 4455 εἶπεν
810 4400 1069 4464 Ἡσαΐας,
1106 4400 1193 4452 ὅτε
1225 4395 1331 4452 εἶδε
1369 4397 1465 4469 τὴν
1496 4398 1649 4463 δόξαν
1682 4398 1773 4451 αὑ-

190 4493 311 4556 τοῦ,
328 4491 424 4546 καὶ
447 4492 673 4563 ἐλάλησε
701 4508 765 4542 πε
774 4490 827 4561 ρί
857 4488 1018 4543 αὐτοῦ
1038 4507 1051 4520 ο
1078 4508 1095 4539 ι
1121 4487 1263 4542 κατά
1285 4487 1341 4540 δὲ
1364 4488 1454 4540 τὸν
1474 4486 1768 4548 Ματθαῖον,

192 4588 286 4640 ὅτε
338 4584 725 4656 προσελθόντες
770 4585 820 4637 οἱ
869 4582 1104 4654 μαθηταὶ
1160 4580 1323 4634 αὑτοῦ
1375 4576 1526 4633 εἷπον
1588 4576 1769 4648 αὐτῷ’

191 4678 297 4733 Διά
325 4679 378 4732 τί
412 4679 468 4730 ἐν
498 4677 830 4746 παραϐολαῖς
861 4676 1043 4739 αὐτοῖς
1076 4674 1283 4739 λαλεῖς;
1313 4675 1341 4726 ὁ
1367 4673 1423 4726 δὲ
1453 4670 1772 4743 ἀποκριθεὶς

193 4768 383 4823 εἶπεν·
425 4769 582 4838 Ὑμῖν
613 4768 816 4821 δέδοται
856 4768 1055 4837 γνῶναι
1081 4766 1148 4820 τά
1180 4766 1453 4837 μυστήρια
1486 4766 1583 4836 τῆς
1617 4760 1771 4835 βασι-

2247 2168 2418 2235 ipsum
2450 2164 2743 2218 crediturus
2775 2182 2879 2217 non
2902 2174 3057 2219 esset.

1945 2298 1964 2331 ι
2000 2279 2118 2334 Vidi
2151 2277 2438 2333 Dominum
2480 2276 2755 2333 sedentem
2791 2293 2955 2347 super
2988 2277 3125 2332 solio
3154 2278 3369 2334 excelso
3394 2283 3450 2334 et

1870 2372 2091 2427 sublimi
2120 2391 2133 2426 :
2167 2380 2219 2426 et
2250 2370 2523 2440 scraphim
2560 2370 2781 2425 stabant
2810 2370 2864 2423 in
2899 2369 3134 2424 circuitu
3175 2369 3294 2437 ejus
3314 2370 3381 2427 ”.
3421 2389 3442 2423 ι

1870 2462 2074 2518 Deinde
2119 2462 2396 2532 paululum
2442 2476 2767 2532 progressus
2820 2462 2900 2517 sic
2931 2463 3047 2516 ait:
3089 2480 3107 2511 ι
3149 2460 3213 2515 Et
3260 2462 3444 2516 audivi

1869 2571 2057 2610 vocem
2108 2553 2321 2607 Domini
2373 2553 2609 2608 dicentis
2652 2571 2666 2607 :
2711 2552 2882 2619 Quem
2944 2553 3189 2607 mittam?
3230 2561 3282 2609 et
3321 2554 3449 2623 quis

1871 2643 1972 2698 ibit
1999 2641 2066 2696 ad
2114 2641 2370 2711 populum
2422 2640 2611 2694 hunc?
2644 2639 2710 2694 Et
2738 2640 2850 2694 dixi
2884 2657 2895 2692 :
2926 2639 3065 2695 Ecce
3092 2657 3192 2712 ego
3228 2642 3445 2708 adsum,

1870 2734 2026 2789 mitte
2055 2748 2158 2787 me.
2203 2731 2267 2786 Et
2301 2732 2438 2786 dixit
2470 2752 2482 2786 :
2516 2730 2685 2794 Vade,
2719 2741 2772 2785 et
2804 2731 2895 2785 dic
2938 2733 3138 2803 populo
3165 2732 3313 2799 huic,
3347 2749 3448 2787 au-

1870 2826 1986 2879 ditu
2028 2824 2281 2887 audietis,
2311 2830 2364 2877 et
2388 2838 2493 2877 non
2528 2822 2862 2892 intelligetis,
2887 2832 2939 2877 et
2970 2823 3243 2879 intuentes
3265 2824 3446 2879 intue—

1870 2918 2082 2981 bimini,
2124 2924 2177 2971 et
2210 2931 2316 2969 non
2358 2915 2629 2969 videbitis.
2660 2913 2922 2970 Crassum
2952 2914 3098 2969 enim
3131 2913 3334 2969 factum
3363 2922 3449 2971 est

1870 3024 1967 3063 cor
1990 3009 2171 3077 populi
2204 3008 2386 3077 hujus,
2417 3019 2469 3061 et
2492 3006 2717 3060 auribus
2741 3006 2856 3059 suis
2876 3006 3114 3076 graviter
3131 3007 3447 3073 audierunt,

1870 3108 1923 3155 et
1953 3100 2143 3154 oculos
2172 3114 2302 3155 suus
2328 3100 2668 3162 clauserunt,
2700 3099 2989 3168 nequando
3006 3100 3223 3154 videant
3245 3100 3445 3166 oculis,

1870 3199 1924 3248 et
1952 3192 2180 3244 auribus
2216 3188 2464 3252 audiant,
2498 3198 2553 3244 et
2586 3189 2751 3244 corde
2777 3188 3102 3260 intelligant,
3133 3197 3187 3245 et
3225 3205 3449 3246 conver-

1870 3289 2079 3346 tantur,
2131 3288 2185 3335 et
2232 3295 2419 3334 sanem
2468 3281 2621 3335 eos‘.
2673 3300 2692 3331 ι
2741 3279 2943 3334 [larum
2992 3296 3210 3351 quoque
3261 3295 3447 3335 rerum

1870 3374 2039 3429 habes
2072 3380 2325 3428 eventum
2364 3372 2419 3425 in
2461 3369 2746 3425 Salvatore
2772 3379 2982 3436 nostro,
3017 3378 3077 3425 ut
3101 3370 3245 3441 apud
3280 3369 3450 3425 Joan-

1870 3479 1993 3520 nem
2048 3463 2301 3533 legimus,
2345 3460 2439 3531 qui
2480 3461 2557 3513 ait
2596 3475 2608 3511 :
2648 3478 2666 3511 ι
2705 3460 2841 3515 Cum
2887 3468 3070 3515 autem
3125 3471 3232 3513 tam
3277 3461 3448 3514 multa

1871 3557 2025 3628 signa
2068 3555 2287 3611 fecisset
2320 3568 2505 3608 coram
2537 3552 2640 3617 eis,
2683 3568 2790 3607 non
2815 3553 3166 3608 crediderunt
3201 3553 3254 3606 in
3287 3567 3435 3618 eum,

1871 3656 1929 3703 ut
1960 3663 2142 3705 sermo
2172 3645 2325 3702 Isaias
2358 3646 2637 3716 prophetae
2685 3645 3024 3714 impleretur,
3064 3659 3225 3714 quem
3260 3645 3398 3698 dixit
3428 3660 3443 3698 :

1870 3737 2121 3804 Domine,
2164 3738 2289 3809 quis
2325 3737 2552 3792 credidit
2582 3736 2790 3790 auditui
2825 3734 3058 3790 nostro?
3084 3746 3138 3790 et
3165 3736 3448 3790 brachium

1869 3831 2108 3896 Domini,
2135 3833 2223 3886 cui
2253 3831 2551 3886 revelatum
2585 3830 2708 3884 est?
2735 3835 3021 3900 propterea
3053 3844 3161 3883 non
3199 3835 3450 3897 poterant

1869 3926 2111 3993 credere,
2144 3926 2273 3997 quia
2324 3926 2521 3979 iterum
2557 3923 2695 3978 dixit
2739 3923 2911 3979 Isaias
2941 3938 2954 3973 :
2987 3921 3289 3976 Excaecavit
3315 3935 3452 3976 ocu-

1869 4022 1956 4080 los
1982 4032 2196 4090 eorum',
2227 4031 2282 4078 et
2313 4022 2590 4076 induravit
2619 4036 2715 4075 cor
2740 4035 2953 4083 eorum,
2979 4037 3047 4074 ne
3073 4019 3291 4074 videant
3315 4033 3452 4074 ocu-

1870 4119 1959 4179 lis,
1992 4126 2045 4172 et
2079 4117 2243 4173 corde
2286 4116 2611 4186 intelligant,
2644 4122 2701 4171 et
2728 4123 3141 4178 convertantur,
3162 4121 3217 4168 et
3257 4129 3445 4170 sanem

1870 4229 1986 4268 eos.
2036 4212 2161 4267 Haac
2188 4211 2326 4266 dixit
2373 4212 2565 4276 Isaias,
2598 4210 2819 4281 quando
2866 4210 3003 4264 vidit
3039 4210 3265 4281 gloriam
3301 4208 3445 4278 ejus,

1870 4311 1923 4357 et
1979 4303 2197 4357 locutus
2252 4308 2338 4357 est
2382 4299 2450 4354 de
2503 4315 2568 4354 eo
2590 4301 2631 4353 ².
2675 4319 2693 4351 ι
2728 4299 3035 4365 Cteterum,
3088 4306 3146 4352 ut
3192 4304 3274 4352 est
3303 4297 3444 4368 apud

1873 4395 2209 4459 llatthreum,
2248 4396 2570 4451 accedentes
2601 4392 2858 4462 discipuli
2902 4391 3024 4461 ejus
3055 4389 3310 4444 dixerunt
3342 4390 3389 4443 ei
3428 4408 3441 4444 :

1879 4506 1897 4539 ι
1931 4487 2112 4553 Quare
2149 4487 2201 4541 in
2232 4487 2507 4557 parabolis
2530 4486 2773 4556 loqueris
2802 4484 2915 4539 eis?
2970 4483 3062 4552 qui
3111 4481 3448 4549 respondens

1873 4579 1949 4633 ait
1976 4579 2084 4634 illis
2111 4595 2123 4630 :
2152 4578 2317 4633 Vobis
2340 4579 2525 4633 datum
2556 4585 2637 4633 est
2670 4592 2833 4631 nosse
2866 4574 3122 4645 mysteria
3148 4572 3319 4642 regni,
3340 4572 3448 4625 illis

1873 4678 2054 4725 autem
2108 4685 2217 4724 non
2271 4677 2354 4725 est
2400 4669 2586 4724 datum
2622 4685 2634 4720 :
2664 4668 2786 4722 ideo
2825 4667 2876 4721 in
2928 4665 3202 4730 parabolis
3252 4665 3447 4731 loquor

1874 4760 1975 4826 eis,
2011 4768 2070 4813 ut
2098 4746 2347 4815 videntes
2385 4775 2492 4815 non
2527 4760 2767 4824 videant,
2798 4767 2851 4815 et
2885 4757 3171 4813 audientes
3206 4770 3311 4808 non
3348 4768 3449 4805 au-

194 4859 371 4922 λείας,
398 4858 622 4922 ἐκείνοις
643 4859 697 4912 δὲ
722 4859 783 4911 οὐ
805 4858 1038 4911 δέδοται·
1065 4856 1148 4910 διά
1173 4854 1332 4909 τοῦτο
1352 4857 1409 4907 ἐν
1437 4852 1773 4924 παραϐολαῖς

1877 4852 2047 4917 diant,
2080 4867 2148 4907 ne
2181 4852 2401 4922 quando
2424 4861 2833 4913 convertantur,
2864 4858 2917 4905 ct
2948 4863 3132 4904 sanem
3159 4844 3446 4901 eos.Tunc

195 4953 389 5014 αὐτοῖς
417 4950 593 5013 λαλῶ,
622 4949 715 5002 ἵνα
748 4948 1035 5019 βλέποντες
1072 4956 1143 5017 μη
1179 4945 1450 5015 βλέπωσι,
1487 4946 1581 4996 καὶ
1612 4942 1777 4996 ἀκού-

194 5058 353 5104 οντες
382 5045 455 5112 μὴ
484 5040 756 5103 ἀκούωσι,
790 5042 863 5111 μή
896 5057 1021 5092 ποτε
1055 5036 1454 5109 ἐπιστρέψωσι,
1483 5034 1577 5088 καὶ
1610 5034 1774 5087 ίάσω-

200 5150 307 5204 μαι
336 5132 549 5195 αὐτούς.
584 5133 716 5186 Τότε
743 5130 1030 5204 ἐπληρώθη
1065 5131 1151 5183 ἐπ’
1185 5129 1368 5191 αὐτοῖς
1404 5128 1437 5199 ἡ
1470 5124 1775 5199 προφητεία

212 5223 441 5277 Ἡσαΐου
485 5226 518 5295 ἡ
547 5223 780 5293 λέγουσα
800 5240 812 5254 ο
847 5243 865 5274 ι
894 5220 1225 5294 Πορεύθητι,
1256 5226 1352 5272 και
1398 5216 1516 5270 είπὲ
1546 5215 1624 5286 τῷ
1661 5214 1776 5285 λαῷ

195 5311 411 5381 τούτῳ·
454 5310 611 5383 Ἀκοῇ
643 5310 934 5373 ἀκούσετε,
970 5311 1061 5363 καὶ
1085 5311 1145 5362 οὐ
1177 5309 1250 5379 μὴ
1287 5307 1503 5376 συνῆτε,
1536 5324 1555 5358 ›
1589 5305 1682 5358 καὶ
1708 5305 1778 5360 τὰ

195 5404 418 5465 τούτοις
459 5404 595 5474 ἑξῆς.
652 5403 927 5474 Ἐπιτήρει
972 5401 1028 5455 δὲ
1071 5402 1190 5455 τίνα
1224 5400 1424 5475 τρόπον
1456 5400 1484 5451 ὁ
1527 5398 1778 5468 Ἰωάννης

206 5498 405 5564 ἐπάγει
436 5495 639 5563 λέγων·
675 5514 691 5545 ι
722 5494 906 5547 Ταῦτα
936 5489 1086 5546 εἶπεν
1120 5494 1368 5555 Ἡσαΐας,
1402 5493 1490 5546 ὅτε
1527 5485 1633 5542 εἶδε
1678 5490 1777 5559 τὴν

205 5589 363 5655 δόξαν
382 5587 564 5649 αὑτοῦ,
581 5587 672 5641 καλ⁸
693 5585 915 5657 ἐλάλησε
936 5586 1061 5658 περὶ
1081 5584 1266 5647 αὑτοῦ,
1296 5605 1313 5637 ι
1328 5586 1403 5647 ὡς
1423 5583 1515 5637 τὸν
1539 5582 1774 5653 Χριστὸν

276 5746 321 5776 ’⁸
368 5742 472 5797 lsa.
507 5756 589 5801 Vl.
628 5738 732 5803 με.
816 5739 831 5769 ¹
870 5738 999 5795 ibid.
1032 5739 1184 5795 8—10.
1260 5742 1279 5771 '
1325 5738 1483 5795 Joan.
1521 5756 1630 5805 ιιι,
1664 5735 1859 5791 57-41.

1881 4942 2153 5011 completa
2185 4950 2270 4997 est
2314 4942 2368 4996 in
2418 4943 2498 4998 eis
2540 4943 2823 5013 praphetia
2877 4939 3062 5002 Isaize,
3110 4952 3228 5004 quae
3259 4934 3441 4990 dicit:

1882 5031 2053 5099 Vade,
2083 5041 2136 5088 et
2184 5034 2273 5088 dic
2315 5035 2516 5105 populo
2561 5036 2707 5099 huic,
2746 5034 2933 5088 auditu
2964 5030 3220 5095 audietis,
3253 5037 3304 5081 at
3334 5042 3444 5082 non

1884 5126 2277 5197 intelligetis”,
2325 5146 2343 5181 ι
2377 5137 2430 5182 et
2486 5144 2604 5198 qua:
2662 5134 2987 5197 sequuntur.
3038 5123 3269 5178 Attende
3315 5133 3449 5174 vero

1883 5218 2010 5287 quid
2050 5219 2131 5272 .sit
2174 5218 2319 5288 quod
2371 5218 2607 5275 Joannes
2650 5219 2913 5289 adjungit,
2957 5216 3046 5271 ubi
3099 5202 3218 5267 aiti
3262 5233 3279 5263 ι
3321 5212 3448 5267 Haec

1878 5311 2015 5365 dixit
2044 5309 2231 5375 Isaias,
2266 5313 2485 5382 quando
2534 5313 2665 5366 vidit
2697 5313 2922 5382 gloriam
2958 5308 3099 5377 ejus,
3125 5316 3180 5362 et
3226 5306 3447 5363 locutus

1878 5410 1962 5456 est
2015 5401 2082 5456 de
2140 5417 2228 5458 eo.
2282 5423 2301 5454 ›
2362 5403 2518 5470 Quod
2573 5419 2704 5459 sane
2758 5420 2865 5458 non
2934 5401 3092 5455 aliter
3166 5396 3445 5467 accipien-

1879 5493 2006 5548 dum
2071 5501 2196 5556 est,
2259 5508 2323 5548 ac
2381 5495 2426 5549 si
2499 5493 2775 5548 Christum
2844 5491 3157 5561 Christique
3215 5487 3444 5559 gloriam

1880 5584 2143 5654 propheta
2201 5586 2257 5640 in
2323 5601 2387 5640 ea
2444 5585 2653 5640 visione
2727 5584 2968 5651 viderit,
3022 5582 3079 5636 in
3128 5594 3237 5652 qua
3298 5579 3375 5633 ait
3424 5590 3448 5637 :

1937 5735 1958 5767 ³
1992 5735 2185 5794 Matth.
2219 5753 2352 5802 χιιι.
2398 5740 2577 5797 IC-M.
