3922 6200
474 222 584 282 ’1θῖ

1079 224 1349 282 ευεεειι
1386 218 1869 282 CESARIENSIS
1903 224 2036 283 OPP

2141 226 2273 284 ARS
2310 224 2374 283 11.
2410 256 2479 271 -
2514 222 3006 290 APOLOGETICA.

3589 241 3709 299 708

478 338 643 413 555
677 356 697 390 ι
732 336 850 393 Vidi
886 335 1173 393 Dominum
1203 334 1443 393 Sabaoth
1473 336 1754 429 sedentem
1792 339 1851 429 in
1898 340 2036 396 solio

2141 343 2439 414 ἑωρακότος
2485 347 2579 399 καὶ
2623 347 2721 419 τήν
2762 348 2996 422 Χριστοῦ
3038 349 3196 418 δόξαν
3240 352 3337 407 τοῦ
3371 357 3657 429 προφήτου
3686 398 3709 423 ,

478 430 697 486 excelso
716 435 771 483 et
791 426 1030 496 sublimi,
1066 445 1087 480 ι
1118 436 1172 482 et
1200 441 1322 499 quae
1343 434 1668 498 sequuntur.
1700 426 1834 495 Quis
1855 435 2037 484 autem

482 533 594 574 non
619 517 923 572 admiretur
967 517 1293 572 oraculum?
1345 532 1470 572 cum
1509 518 1674 574 etiam
1728 532 1878 573 nunc
1902 517 2039 573 adeo

480 608 760 664 evidenter
808 608 1005 664 intueri
1059 608 1221 664 liceat
1258 606 1479 664 Judaici
1520 609 1704 680 populi
1774 608 2040 666 adversus

478 696 757 754 Christum
794 695 1267 754 incredulitatem?
1301 697 1435 753 Nam
1477 697 1609 753 olim
1639 697 1859 768 quidem
1885 698 2039 753 illum

480 788 756 844 hominem
785 787 1008 853 factum,
1032 788 1405 860 miraculaque
1422 787 1672 845 edentem
1703 787 1846 859 apud
1877 803 1937 844 se
1955 788 2047 846 in-

478 885 718 947 tuentes,
768 880 938 935 animi
992 886 1157 951 atque
1200 880 1572 952 intelligentia:
1611 881 1789 938 oculis
1816 896 2042 938 cernere

478 985 591 1027 non
624 978 899 1042 poterant,
934 986 1110 1043 neque
1143 971 1289 1043 apud
1332 971 1481 1043 ipsos
1522 971 1668 1029 ullus
1697 981 1817 1027 erat
1848 973 2042 1030 anim

482 1060 830 1134 intelligentis
861 1061 1112 1125 intuitus,
1139 1076 1247 1132 quo
1270 1063 1659 1133 perspicerent,
1689 1077 1938 1135 quanam
1952 1079 2045 1120 es-

481 1162 565 1211 set
592 1154 648 1209 in
681 1153 875 1210 mediis
910 1154 1046 1224 ipsis
1076 1153 1277 1219 virtus,
1311 1170 1433 1225 qua:
1459 1162 1611 1210 tanta
1646 1162 1702 1211 et
1731 1165 1841 1212 tam
1870 1157 2043 1212 multa

480 1244 745 1301 miracula
772 1243 1027 1300 ediceret.
1058 1243 1204 1311 Quin
1237 1244 1401 1301 etiam
1432 1261 1557 1301 cum
1603 1247 1831 1303 auribus
1874 1248 2043 1304 verba

480 1336 604 1390 vitae
633 1341 848 1389 aeternae
870 1334 1148 1404 percipere
1175 1332 1354 1389 idonei
1384 1334 1581 1390 redditi
1609 1343 1817 1401 essent,
1851 1346 1908 1392 et
1942 1351 2041 1393 vo-

480 1440 599 1481 cem
630 1426 827 1482 divinae
853 1426 1133 1497 sapientiae
1159 1428 1434 1493 audirent,
1463 1428 1691 1486 auribus
1711 1431 1910 1487 mentis
1930 1445 2043 1488 non

482 1517 796 1583 audiebant,
827 1525 886 1573 ut
914 1518 997 1574 sic
1043 1518 1294 1575 videlicet
1326 1518 1544 1589 ipsimet
1575 1521 1873 1591 prophetia
1918 1537 2039 1577 ma-

481 1608 743 1665 nifestum
792 1609 951 1664 tinem
983 1608 1345 1681 imponerent.
1379 1608 1571 1666 Adhuc
1596 1617 1778 1666 autem
1803 1625 1929 1666 cum
1955 1611 2043 1667 di-

2136 434 2278 487 κατὰ
2301 432 2399 506 τὴν
2430 436 2713 502 ὀπτασίαν,
2735 438 2793 492 ἐν
2881 437 3113 510 ἔφησεν·
3155 460 3176 492 ι
3205 437 3357 496 Εἶδον
3386 443 3479 496 τὸν
3498 444 3717 520 Κύριον

2137 523 2361 580 Σαϐαὼθ
2385 525 2699 599 καθήμενον
2727 529 2819 583 ἐπὶ
2860 529 3047 602 θρόνου
3081 531 3286 602 ὑψηλοῦ
3320 533 3415 588 καὶ
3454 537 3719 610 ἐπηρμὸ-

2136 631 2252 680 νου,
2283 635 2303 668 ι
2351 618 2449 699 παὶ
2488 619 2557 673 τὰ
2604 617 2751 690 ἑξῆς.
2799 618 2896 684 Τίς
2931 619 2977 673 δ’
3005 622 3107 675 οὐκ
3152 623 3220 677 ἂν
3262 624 3562 698 ἐκπλαγείη
3600 626 3723 700 τὴν

2139 708 2458 782 πρόρρησιν,
2497 710 2740 783 ἐναργῶς
2772 711 2944 776 οὕτως
2986 714 3153 768 εἰσέτι
3194 713 3291 771 νῦν
3327 716 3470 790 δρῶν
3499 716 3609 772 τῶν
3644 722 3723 774 ἐκ

2140 801 2440 872 περιτομῆς
2464 802 2565 874 τὴν
2594 804 2676 867 είς
2707 804 2940 876 Χριστὸν
2968 805 3260 873 ἁπιστίανς
3290 809 3383 863 καὶ
3407 808 3577 864 πάλαι
3604 811 3725 882 μὲν

2140 893 2249 965 γὰρ
2290 893 2737 966 ἐνανθρωποῦντα
2764 897 2858 950 καὶ
2899 897 3417 968 παραδοξοποιοῦντσ
3440 902 3497 956 ἐν
3522 903 3723 967 αὐτοῖς

2140 986 2374 1058 δρῶντες
2402 986 2581 1053 αὑτὸν,
2614 985 2911 1059 ὀφθαλμοῖς
2940 990 3118 1060 ψυχῆς
3142 990 3234 1044 καὶ
3256 988 3496 1057 διανοίας
3519 993 3715 1065 ὄμμα-

2142 1094 2227 1132 σιν
2248 1078 2348 1132 οὐκ
2373 1076 2632 1144 ἐθεῶντο,
2660 1078 2782 1132 οὐδέ
2812 1096 2894 1143 τις
2925 1078 2994 1149 ὴν
3024 1083 3082 1135 ἐν
3114 1082 3295 1147 αὐτοῖς
3316 1086 3509 1157 νοερᾶς
3548 1086 3725 1139 ἐνθυε-

2145 1173 2359 1244 μήσεως
2390 1171 2598 1244 ὅρασις,
2622 1172 2702 1235 είς
2726 1170 2788 1225 τὸ
2815 1173 3047 1227 συνιέναι
3078 1173 3164 1237 τίς
3205 1175 3321 1227 ποτ’
3344 1176 3450 1247 ἄρα
3479 1172 3552 1248 ἦν
3579 1180 3623 1249 ἡ
3646 1179 3727 1232 τὰ

2138 1263 2377 1319 τοσαῦτα
2422 1264 2515 1319 καὶ
2552 1263 2848 1336 τηλικαῦτα
2896 1264 3381 1339 θαυματουργοῶα
3421 1271 3480 1323 ἐν
3520 1271 3729 1336 αὐτοῖς

2140 1356 2386 1428 δύναμις.
2419 1355 2580 1410 Ἀλλὰ
2604 1356 2699 1410 καὶ
2723 1357 2912 1421 αὐταῖς
2942 1359 3131 1422 ducat;
3156 1360 3375 1430 ρήματα
3401 1360 3547 1433 ζωῆς
3572 1365 3722 1416 αἰω-

2140 1450 2253 1505 νίου
2272 1448 2523 1515 δέξασθαι
2548 1449 2963 1522 κατηξιωμένοι,
2984 1453 3079 1506 καὶ
3104 1452 3284 1524 φωνῆς
3306 1453 3490 1509 ἐνθέου
3514 1454 3731 1523 σοφίας

2142 1542 2513 1619 ἀκροώμενοι,
2559 1542 2662 1598 ὠσὶ
2692 1542 2930 1607 διανοίας
2961 1545 3064 1598 οὐκ
3104 1545 3325 1617 ήκουον,
3355 1546 3432 1610 ὡς
3473 1548 3731 1619 ἐναργὲς

2141 1636 2295 1700 τέλος
2323 1635 2619 1705 ἐπαγαγεῖν
2646 1635 2843 1700 αὐτοὺς
2860 1638 2928 1707 τῇ
2949 1637 3273 1708 προφητείᾳ.
3299 1637 3409 1692 Kal
3437 1640 3525 1703 είς
3543 1638 3731 1710 δεῦρο

481 1699 666 1756 vinam
695 1699 897 1756 Christi
932 1699 1210 1767 virtutem,
1237 1716 1334 1770 per
1353 1716 1518 1771 quam
1548 1716 1710 1757 omne
1740 1709 1912 1773 genus
1940 1702 2039 1758 ho-

2141 1724 2195 1779 δέ
2219 1724 2318 1797 τὴν
2341 1699 2527 1779 ἔνθεον
2550 1725 2644 1779 τοῦ
2675 1699 3192 1798 Χριστούδύνα-μιν,
3224 1699 3292 1782 δι’
3312 1724 3379 1802 ἧς
3544 1699 3731 1799 γένος

482 1795 689 1849 minum
719 1793 909 1864 patriis
936 1793 1420 1864 superstitionibus
1455 1795 1763 1862 liberatum,
1794 1813 1907 1853 suae
1956 1798 2041 1868 ip-

483 1883 601 1939 sius
633 1883 884 1954 religioni
915 1883 1166 1954 subjecit,
1201 1891 1311 1938 tam
1345 1885 1492 1941 clare
1544 1887 1834 1943 micantem
1865 1887 2040 1958 inspi-

481 1975 661 2044 ciant,
735 1989 1078 2046 nequaquam
1127 1974 1181 2029 vi
1235 1976 1433 2032 mentis
1480 1977 1808 2043 attendunt,
1864 1993 2042 2049 neque

482 2064 941 2133 animadvertunt,
964 2064 1444 2138 quemadmodum,
1468 2067 1615 2138 quod
1644 2082 1820 2138 neque
1843 2083 1874 2122 a
1892 2066 2041 2125 lose

482 2171 660 2228 neque
681 2172 713 2212 a
741 2157 1139 2229 posterioribus
1168 2156 1317 2214 Mose
1352 2158 1629 2228 praphetis
1663 2158 1720 2213 in
1750 2159 1882 2216 solis
1908 2159 2043 2230 ipsis

480 2249 714 2306 obtineri
742 2251 941 2321 potuit,
977 2251 1080 2306 hoc
1121 2259 1207 2307 est
1255 2268 1324 2308 ne
1356 2252 1666 2309 simulacris
1719 2252 2041 2310 addiceren-

479 2346 591 2409 tur,
627 2358 802 2414 neque
832 2342 1128 2397 multorum
1150 2343 1377 2397 deorum
1400 2343 1777 2415 superstitioni
1806 2342 2043 2400 adhaere-

481 2441 622 2501 reut,
658 2434 838 2506 ipsum
870 2433 974 2489 hoc
1007 2433 1064 2489 in
1106 2434 1322 2490 cunctis
1353 2434 1604 2506 gentibus
1633 2435 1817 2489 divina
1850 2433 2041 2489 Salva-

481 2525 620 2580 toris
680 2509 854 2579 nostri
914 2524 1113 2587 virtus,
1172 2531 1232 2577 ut
1283 2525 1729 2589 constitueretur,
1779 2522 2037 2578 ell‘ecerit.

482 2615 684 2673 Deinde
702 2616 1016 2688 prophetica
1038 2617 1105 2672 de
1129 2614 1222 2670 illo
1246 2616 1557 2672 testimonia
1583 2615 1802 2671 assidue
1822 2630 2043 2671 versan-

481 2717 586 2774 tes,
617 2709 807 2763 auditu
837 2707 1055 2779 quidem
1110 2707 1362 2773 audiunt,
1400 2706 1495 2763 sed
1550 2722 1658 2762 non
1706 2707 2037 2777 intelligunt,

484 2804 671 2866 utpote
718 2811 843 2851 cum
874 2796 1063 2861 etiam
1101 2810 1248 2850 nunc
1296 2794 1599 2867 prophetia,
1641 2812 1764 2867 qua:
1797 2812 1941 2852 nunc
1982 2796 2040 2851 in

482 2887 735 2943 manibus
759 2893 864 2955 est,
894 2895 1086 2943 contra
1119 2888 1269 2960 ipsos
1300 2903 1489 2943 revera
1516 2890 1875 2959 compleatur.

481 3003 526 3058 Α
557 3001 1406 3069 Ζαείιανὶα.-ριιριηαώηοάιιιπ
1454 3017 1609 3072 super
1657 3003 1802 3072 pullo
1855 3002 2038 3060 sedens

646 3072 1016 3144 Hierosolyma
1044 3074 1375 3144 ingressurus
1396 3073 1612 3127 oraculo
1639 3074 1868 3130 dicatur.

560 3204 581 3238 ι
623 3182 811 3243 Gaude
853 3186 1220 3251 vehementer,
1270 3185 1381 3240 lilia
1429 3186 1596 3254 Sion;
1643 3186 1898 3258 przedica,
1932 3188 2041 3245 tilia

480 3280 803 3336 Jerusalem.
836 3278 975 3334 Ecce
1008 3279 1119 3335 Rex
1144 3286 1273 3337 tuus
1305 3279 1454 3334 venit
1482 3279 1580 3334 tibi
1614 3280 1800 3349 justus
1838 3289 1894 3336 et
1928 3282 2043 3337 sal-

481 3386 581 3428 vos
624 3369 830 3426 faciens
865 3391 881 3425 ι
912 3371 1028 3443 ipse
1080 3379 1400 3427 mansuetus
1452 3378 1508 3425 et
1539 3371 1830 3442 impositus
1877 3388 2042 3444 super

478 3460 788 3531 iumentum
821 3467 877 3517 et
904 3460 1112 3531 pullum
1142 3459 1566 3517 adolescentem.
1601 3462 1669 3516 Et
1702 3462 1893 3533 perdet
1912 3479 2041 3519 cur-

483 3565 606 3605 rum
642 3566 712 3606 ex
755 3549 1008 3621 Ephrem,
1034 3559 1088 3606 et
1117 3566 1315 3622 equum
1340 3565 1407 3605 ex
1435 3549 1733 3608 Jerusalem
1764 3571 1778 3608 :
1820 3560 1874 3609 et
1899 3553 2044 3624 peri-

481 3636 561 3693 bit
594 3651 755 3693 arcus
782 3638 1029 3703 bellicus,
1060 3646 1114 3694 et
1143 3639 1476 3697 abundantia
1495 3640 1649 3710 pacis
1673 3655 1738 3697 ex
1766 3642 2040 3712 gentibus.

483 3729 549 3783 Et
567 3729 933 3801 principatum
957 3731 1225 3787 obtinebit
1256 3746 1286 3786 a
1307 3732 1445 3786 mari
1477 3747 1652 3802 usque
1683 3730 1751 3786 ad
1782 3747 1952 3797 mare,
1987 3742 2043 3790 et

481 3834 513 3874 a
543 3818 859 3877 [luminibus
908 3836 1004 3891 per
1048 3823 1490 3894 exporrectiones
1545 3830 1704 3878 terra:
1731 3822 1773 3880 ⁸.
1826 3842 1846 3876 ι
1902 3822 2040 3880 Cum

484 3910 600 3966 haec
626 3916 750 3980 post
779 3910 1009 3965 reditum
1039 3909 1106 3966 de
1130 3912 1421 3984 Babylone,
1455 3911 1766 3969 novissimis
1803 3914 2041 3987 prophe-

482 4006 659 4052 tarum
683 3998 1019 4068 temporibus
1050 3992 1344 4057 Zacharias
1368 4002 1647 4068 cecinerit,
1671 4000 1834 4076 456
1856 4006 2042 4061 nullus

482 4096 605 4161 post
629 4089 747 4160 ejus
771 4090 1069 4160 prophetiae
1112 4103 1325 4163 tempus
1349 4107 1439 4147 rex
1466 4091 1609 4165 apud
1629 4090 1846 4151 Judazos
1868 4094 2041 4152 fuisse

481 4189 833 4249 memoratur,
886 4183 1100 4253 qualem
1155 4185 1268 4240 haec
1300 4185 1585 4256 prophetia
1615 4186 1896 4252 describit,
1931 4188 2041 4246 nisi

482 4289 626 4329 unus
654 4273 920 4328 duntaxat
960 4272 1214 4331 Salvator
1241 4292 1307 4333 ac
1341 4276 1606 4334 Dominus
1640 4287 1829 4336 noster
1853 4277 2038 4349 Jesus,

2139 1816 2438 1889 ἀνθρώπων
2469 1818 2783 1888 ἀποστήσας
2824 1817 2927 1889 τῆς
2968 1816 3197 1890 πατρίου
3244 1819 3725 1892 δεισιδαιμονίας,

2138 1907 2448 1979 ὑπηγάγετο
2470 1912 2539 1981 τῇ
2561 1910 2681 1962 κατ’
2719 1909 2881 1963 αὑτὸν
2913 1909 3223 1983 θεοσεϐείᾳ,
3250 1912 3492 1984 ἐναργῶς
3526 1913 3731 1980 οὕτως

2138 2000 2541 2073 ἐμφαινομένην
2571 2001 2837 2072 ὀρῶντες,
2866 2002 3117 2076 οὐδαμῶς
3155 2005 3443 2075 ἐφιστῶσιν
3479 2009 3546 2078 τῇ
3596 2007 3733 2062 δια-

2137 2092 2278 2164 νοίᾳ,
2307 2093 2414 2146 οὐδ’
2436 2094 2837 2161 ἐπιϐάλλουσιν,
2858 2097 3008 2160 ὅπως
3035 2097 3098 2150 τὸ
3128 2099 3265 2170 μήτε
3286 2099 3526 2163 Μωῦσεῖ,
3564 2102 3729 2171 μήτε

2135 2187 2246 2250 τοῖς
2277 2187 2416 2256 μετὰ
2446 2186 2682 2241 Μωῦσέα
2706 2189 3008 2261 προφήταις
3033 2189 3126 2243 ἐπὶ
3159 2190 3334 2261 μόνων
3354 2190 3533 2244 αὐτῶν
3566 2208 3721 2247 κατ⁸

2137 2275 2374 2350 ορθωθὲν
2398 2319 2413 2345 ,
2454 2279 2613 2332 τοῦτο
2638 2278 2703 2350 δὴ
2741 2278 2804 2333 τὸ
2848 2280 2924 2352 μὴ
2966 2279 3396 2356 εἰδωλολατρείν,
3445 2282 3589 2353 μηδὲ
3648 2288 3729 2357 τῇ

2139 2369 2382 2441 πολυθέῳ
2428 2371 2713 2443 προσέχειν
2741 2371 2919 2448 πλάνῃ
2938 2415 2954 2439 ,
2983 2372 3129 2428 τοῦτ’
3156 2374 3252 2428 ἐπὶ
3283 2376 3498 2431 πάντων
3527 2375 3731 2433 ἐθνῶν

2139 2459 2173 2530 ἡ
2199 2460 2292 2514 τοῦ
2319 2463 2568 2536 Σωτῆρος
2590 2462 2743 2535 ήμῶν
2775 2462 2953 2529 ἔνθεος
2975 2464 3140 2538 ἁρετὴ
3164 2468 3542 2538 συνεστήσατο.
3572 2465 3731 2524 Εἶτα

2138 2555 2195 2609 δὲ
2224 2556 2344 2620 ταῖς
2371 2557 2734 2627 προφητικαῖς
2758 2554 3174 2626 ἐντυγχάνοντες
3217 2557 3344 2629 περὶ
3366 2557 3530 2612 αὑτοῦ
3566 2576 3733 2632 μαρ-

2138 2647 2374 2720 τυρίαις,
2401 2648 2536 2717 ἀκοῇ
2563 2646 2659 2717 μὲν
2688 2646 2994 2713 ἀκούουσιν,
3019 2647 3135 2702 ἀλλ’
3164 2648 3225 2702 οὐ
3248 2652 3513 2713 συνιᾶσιν,
3554 2651 3730 2725 ερτφ

2141 2739 2521 2813 πληρουμένης
2546 2739 2712 2794 εἰσέτι
2738 2740 2832 2799 καὶ
2863 2740 2956 2796 νῦν
2981 2741 3102 2796 κατ’
3128 2741 3309 2797 αὐτῶν
3331 2741 3427 2807 τῆς
3458 2743 3519 2799 ἐν
3541 2748 3729 2818 χερσὶ

2141 2831 2495 2905 προφητείας.

2153 2988 2414 3064 Ἀπότ-οῦ
2439 2988 2840 3064 Ζαχαρίουῖ-
2870 2990 2968 3064 Ὠς
3004 2991 3101 3046 ἐπὶ
3134 2990 3338 3047 πῶλον
3374 2994 3723 3064 ὀχούμενος

2241 3059 2485 3114 ἐλάσειν
2508 3059 2693 3127 εἰςτὰ
2722 3063 3098 3132 Ἰεροσόλυμα
3129 3059 3586 3134 προφητεῦὲτὰι.

2215 3192 2234 3225 ι
2262 3175 2429 3247 Χαῖρε
2466 3175 2686 3247 σφόδρα,
2715 3174 2950 3250 θύγατερ
2975 3174 3136 3241 Σιὼν,
3167 3164 3436 3250 κήρυσσε,
3464 3177 3722 3253 θύγατερ

2151 3264 2535 3338 Ἰερουσαλήμο
2584 3266 2692 3322 ίδοὺ
2734 3270 2763 3321 δ
2806 3254 3058 3338 βᾶσιλεύς
3092 3285 3186 3322 σου
3233 3267 3451 3340 ἔρχεταί
3502 3286 3592 3324 σοι
3639 3272 3723 3325 δί-

2140 3374 2294 3422 καιος
2316 3359 2410 3413 καὶ
2438 3360 2643 3425 σώζων,
2672 3359 2837 3425 αὐτὸς
2868 3359 3073 3432 πραῢς,
3110 3363 3204 3415 καὶ
3233 3361 3584 3432 ἐπιϐεϐηκὼς
3620 3365 3721 3416 ἐπὶ

2140 3450 2428 3520 ὑποζύγιον
2458 3451 2553 3505 καὶ
2581 3451 2755 3505 πῶλον
2783 3451 2920 3506 νέον.
2954 3454 3066 3507 Kal
3087 3452 3449 3524 ἐξολοθρεύσει
3481 3453 3719 3525 ἅρματα

2139 3543 2198 3611 ἐξ
2228 3544 2527 3616 Ἐφραεὶμ,
2562 3545 2657 3599 καὶ
2703 3545 2867 3599 ἵππον
2896 3543 2956 3610 ἐξ
2986 3544 3368 3617 Ἰερουσαλήμ“
3399 3546 3499 3599 καὶ
3524 3545 3709 3612 ἐξολο-

2140 3636 2491 3708 θρευθήσεται
2517 3634 2670 3701 τόξον
2703 3636 3013 3709 πολεμικὸν,
3050 3638 3142 3691 καὶ
3169 3637 3370 3709 πλῆθος
3394 3641 3628 3714 εἰρήνης
3656 3643 3716 3708 ἐξ

2139 3726 2308 3780 ἐθνῶν
2331 3765 2346 3790 ,
2393 3727 2484 3781 καὶ
2518 3726 2776 3799 κατάρξει
2817 3725 2924 3782 ἀπὸ
2950 3727 3221 3799 θαλάσσης
3258 3729 3363 3793 ἓως
3388 3728 3714 3803 θαλάσσης,

2141 3816 2232 3870 καὶ
2263 3816 2370 3871 ἀπὸ
2407 3816 2666 3887 ποταμῶν
2698 3818 2778 3880 είς
2816 3815 3098 3879 διεκϐολὰς
3129 3815 3254 3886 γῆς.
3286 3836 3304 3866 ι
3346 3815 3533 3870 Ταῦτα
3570 3819 3716 3888 μετὰ

2138 3908 2235 3981 τὴν
2283 3909 2389 3964 ἀπὸ
2426 3908 2740 3973 Βαϐυλῶνος
2786 3908 3041 3963 ἐπάνοδον
3080 3906 3173 3961 τοῦ
3211 3908 3483 3978 Ζαχαρίου
3518 3910 3606 3974 είς
3646 3910 3713 3964 τὰ

2142 4000 2347 4055 ὕστατα
2371 4000 2477 4055 τῶν
2505 4001 2798 4073 προφητῶν
2821 3999 3191 4064 θεσπίσαντος,
3212 4000 3387 4063 οὐδεὶς
3412 4000 3557 4071 μετὰ
3586 4004 3713 4066 τοὺς

2139 4093 2238 4164 τῆς
2286 4093 2617 4165 προφητείας
2653 4091 2877 4165 χρόνους
2929 4091 3177 4163 βασιλεὺς
3226 4092 3377 4164 παρὰ
3431 4093 3714 4157 Ἰουδαίοις

2140 4184 2377 4254 γεγονὼς
2406 4184 2715 4256 ίστορεῖται,
2742 4178 2908 4254 οἷονή
2936 4183 3240 4256 προφητεία
3272 4183 3633 4256 παρίστησιν,
3665 4187 3711 4238 εί

2144 4277 2218 4350 μὴ
2255 4276 2412 4348 μόνος
2440 4278 2468 4330 δ
2490 4275 2679 4347 Σωτὴρ
2706 4275 2800 4328 καὶ
2825 4274 3026 4347 Κύριος
3054 4273 3209 4346 ἡμῶν
3243 4274 3454 4346 Ἰησοῦς
3474 4275 3712 4347 Χριστὸς

480 4365 734 4422 Christus
762 4365 875 4431 Dei,
899 4369 1056 4437 cujus
1082 4378 1322 4439 tempore
1352 4369 1455 4424 hoc
1480 4385 1697 4443 quoque
1720 4372 2035 4428 vaticinium

2141 4370 2231 4424 τοῦ
2279 4368 2447 4431 Θεοῦ,
2494 4367 2614 4421 καθ’
2666 4367 2726 4421 δν
2765 4368 2858 4420 καὶ
2909 4365 3047 4437 αὕτη
3088 4366 3280 4431 τέλους
3320 4366 3631 4437 ἐτύγχανεν
3672 4366 3705 4437 ἠ

480 4473 639 4513 suum
670 4456 830 4513 ﬁnem
860 4466 944 4515 est
980 4469 1356 4527 consecutum,
1388 4477 1511 4518 cum
1541 4463 1608 4518 ad
1638 4480 1769 4521 suos
1800 4466 2039 4537 discipu-

480 4548 565 4607 los
599 4547 765 4605 verba
794 4548 885 4603 illa
912 4550 1049 4605 dixit
1080 4571 1094 4607 :
1133 4570 1151 4603 ι
1186 4552 1262 4609 lte
1292 4553 1347 4607 in
1376 4552 1558 4608 vicum
1591 4554 1685 4625 qui
1720 4562 1912 4611 contra
1939 4572 2038 4613 vos

478 4649 582 4708 est,
611 4650 665 4697 et
694 4641 980 4698 invenietis
1007 4644 1214 4699 asinam
1242 4653 1296 4700 et
1339 4646 1547 4715 pullum
1581 4647 1882 4718 alligatum.
1916 4648 2038 4704 Sol-

480 4735 590 4790 vite
618 4733 771 4788 illum
800 4742 855 4789 et
897 4733 1195 4790 adducite:
1228 4743 1282 4790 et
1331 4735 1379 4791 si
1427 4735 1550 4807 quis
1598 4738 1755 4794 vobis
1810 4737 2032 4807 dixerit,

475 4826 607 4898 quid
639 4824 854 4882 facitis?
890 4825 1054 4884 dicite
1102 4827 1179 4882 illi
1215 4847 1228 4883 :
1261 4826 1523 4885 Dominus
1554 4828 1640 4885 his
1687 4828 1911 4902 indiget.
1966 4828 2033 4887 Et

475 4919 741 4977 abeuntes
767 4919 846 4974 illi
878 4918 1124 4977 fecerunt
1155 4926 1215 4977 ut
1248 4929 1576 4992 praeceperat
1596 4922 1705 4979 illis
1732 4922 1894 4983 Iesus
1926 4926 1970 4983 ³.
2010 4944 2033 4979 ι

473 5010 542 5068 Ει
571 5028 636 5068 ea
665 5004 885 5085 quidem
919 5029 1040 5086 qua:
1069 5014 1157 5070 vel
1184 5013 1253 5069 ad
1276 5015 1582 5082 oraculum,
1619 5017 1707 5072 vel
1731 5016 1801 5072 ad
1826 5016 2036 5074 oraculi

473 5111 727 5161 eventum
754 5104 1049 5177 pertinent,
1082 5105 1140 5160 in
1170 5105 1318 5162 hunc
1344 5106 1566 5162 modum
1594 5122 1654 5164 se
1671 5108 1890 5164 habent.
1927 5106 2035 5164 Sed

473 5194 608 5267 quid
635 5198 851 5253 tandem
886 5196 990 5254 sibi
1024 5198 1142 5254 vult
1187 5198 1304 5253 haec
1330 5195 1478 5255 illius
1510 5198 1568 5253 in
1593 5199 1750 5256 asino
1775 5199 2032 5265 vectatio,

474 5287 581 5343 nisi
605 5288 865 5346 humilem
891 5290 1041 5347 illius
1072 5300 1126 5347 et
1153 5292 1449 5347 obscurum
1492 5291 1803 5364 signiﬁcare
1831 5291 2035 5348 adven-

472 5386 612 5445 tum,
647 5381 807 5452 cujus
838 5392 1080 5453 tempore
1106 5383 1341 5454 primum
1367 5382 1541 5453 ipsius
1568 5397 1850 5439 accessum
1881 5397 2038 5454 pere-

472 5472 584 5545 git?
607 5489 734 5529 nam
785 5483 872 5533 est
925 5476 1064 5532 alter
1099 5477 1232 5533 item
1269 5476 1565 5551 gloriosus,
1595 5477 1665 5534 de
1707 5491 1818 5548 quo
1852 5474 2039 5531 Daniel

2143 4459 2443 4533 πρόρρησις
2465 4497 2481 4523 ,
2503 4457 2591 4511 ὅτε
2624 4459 2737 4520 τοῖς
2769 4456 2960 4511 ἑαυτοῦ
2989 4457 3256 4528 μαθηταῖς
3288 4456 3425 4527 πρὸς
3460 4457 3611 4525 λέξιν
3632 4458 3705 4511 είο

2142 4550 2258 4606 πών
2277 4566 2290 4581 ·
2326 4570 2344 4601 ι
2372 4547 2731 4621 Πορευθέντες
2759 4550 2840 4613 είς
2867 4547 3260 4620 τὴν-ἀπέναντι
3285 4548 3520 4620 κώμην,
3552 4549 3705 4622 εὑρή-

2141 4658 2262 4697 σετε
2286 4642 2404 4696 δνον
2437 4641 2531 4696 καὶ
2563 4640 2741 4694 πῶλον
2768 4640 3067 4712 δεδεμένον.
3089 4638 3364 4704 Δύσαντες
3390 4641 3562 4696 αὑτὸν
3587 4643 3706 4712 dvi-

2137 4750 2291 4803 γετεο
2339 4734 2432 4787 καὶ
2479 4733 2574 4787 ἐάν
2608 4750 2692 4797 τις
2731 4732 2860 4803 ὑμῖν
2908 4730 3067 4804 είπῃ⁶
3111 4732 3178 4785 Τί
3219 4734 3464 4800 ποιεῖτε;
3520 4733 3703 4789 εἴπατε

2137 4822 2282 4898 αὐτῷ
2301 4843 2313 4857 ο
2349 4826 2407 4880 '0
2427 4818 2628 4896 Κύριος
2655 4823 2832 4878 αὐτῶν
2856 4820 3042 4896 χρείαν
3074 4822 3206 4895 ἔχει.
3244 4823 3354 4878 Καὶ
3382 4824 3706 4891 ἀπελθόντες

2140 4912 2334 4971 ἐκεῖνοι
2358 4912 2615 4987 ἐποίησαν
2648 4914 2770 4970 καθ’
2791 4916 2827 4970 ἃ
2848 4914 3178 4988 προσέταξεν
3207 4914 3409 4980 αὐτοῖς.
3444 4935 3466 4969 ι
3494 4917 3579 4971 Τὰ
3608 4918 3700 4988 μὲν

2139 5000 2234 5065 οὖν
2281 5012 2379 5082 τῆς
2431 5011 2786 5084 προρρήσεως
2825 5009 2919 5063 καὶ
2968 5006 3036 5062 τὰ
3095 5005 3189 5062 τοῦ
3239 5010 3700 5081 συμπεράσματος

2139 5102 2324 5159 τοῦτον
2354 5103 2466 5176 ἔχει
2488 5104 2579 5157 τὸν
2597 5102 2816 5175 τρόπον.
2841 5101 2984 5156 Τίδέ
3012 5100 3121 5175 ἄρα
3145 5098 3395 5155 ἐϐούλετο
3417 5103 3698 5176 σημαίνειν

2139 5197 2174 5267 ὴ
2219 5196 2312 5250 ἐπὶ
2352 5195 2457 5268 δνῳ
2493 5192 2683 5268 δχησις
2720 5191 2882 5249 αὑτοῦ
2925 5193 3040 5248 ἀλλ’
3087 5193 3122 5265 ἢ
3160 5192 3258 5264 τὴν
3301 5195 3570 5268 ταπεινήν
3612 5194 3696 5247 καὶ

2139 5287 2325 5361 ἄδοξον
2367 5286 2532 5342 αὑτοῦ
2580 5287 2880 5359 παρουσίαν
2901 5331 2914 5353 ,
2962 5287 3083 5342 καθ’
3130 5288 3198 5361 ήν
3247 5287 3546 5357 ἐποιήσατο
3605 5286 3695 5355 τήν

2141 5357 2361 5453 πρώτην
2387 5379 2589 5450 άφιξινς
2613 5357 2779 5453 ούσης
2802 5379 2911 5452 γὰρ
2930 5357 3298 5453 καὶδευτέρας
3321 5376 3563 5448 ἐνδόξου,
3581 5377 3702 5450 περὶ

2142 5468 2210 5547 ἦς
2238 5472 2332 5529 καὶ
2358 5472 2558 5543 Δανιὴλ
2598 5472 2927 5547 γυμνότερον
2965 5471 3320 5529 ἐπικαλύπτων
3352 5472 3454 5545 τὴν
3479 5468 3705 5544 θεωρίαν

537 5651 559 5684 ⁸
593 5648 817 5720 Zachar.
844 5674 917 5723 ἰι
940 5696 956 5726 ν
989 5656 1044 5724 9,
1080 5659 1168 5717 10.
1245 5660 1265 5693 ⁸
1296 5658 1483 5718 Matth.
1514 5672 1608 5714 ut
1630 5699 1645 5728 ,
1671 5658 1737 5724 2,
1768 5657 1833 5724 3,
1858 5655 1934 5727 6;
1965 5654 2039 5712 Ma

2168 5670 2246 5722 ιι,
2279 5654 2407 5726 ίοθς
2437 5652 2568 5711 Luc.
2601 5670 2715 5723 ιιι,
2747 5652 2938 5713 δθ-ὃ-ί.
