3922 6200
135 5655 151 5688 ἒ

242 257 345 314 709

1145 261 1792 324 DEMONSTRATIONIS
1829 266 2285 324 EVANGELICE
2325 270 2450 324 LIB.
2491 271 2580 327 IX.

3347 280 3451 336 7H»

241 370 460 441 εἴρηκεν
484 388 497 402 ·
530 389 547 421 ι
589 374 881 442 Ἐθεώρουν
904 371 1011 435 ἕως
1037 371 1156 424 ὅτου
1191 373 1365 444 θρόνοι
1389 374 1669 446 ἐτέθησαν,
1703 378 1793 430 καὶ

1898 379 2140 448 apertius
2167 380 2400 449 prodens
2423 397 2544 452 quae
2571 383 2985 454 contemplanda
3015 385 3146 452 sint,
3179 392 3401 459 exponit
3434 411 3445 447 :

235 463 474 527 Παλαιὸς
506 463 726 534 ἡμερῶν
758 462 1007 533 ὲκάθητο.
1041 461 1224 516 Χίλιαι
1263 463 1492 534 χιλιάδες
1536 466 1802 538 ἐλειτούρ-

235 571 365 624 γουν
413 552 594 623 αύτῷ,
653 553 747 605 καὶ
797 551 988 623 μύριαι
1041 553 1294 624 μυριάδες
1343 558 1801 627 παρειστήκεισαν

236 644 541 716 ἔμπροσθεν
577 642 764 698 αὑτοῦ.
802 643 911 696 Καὶ
959 645 1066 698 ίδοὺ
1109 645 1245 715 μετὰ
1283 645 1390 699 τῶν
1431 649 1668 716 νεφελῶν
1706 651 1800 705 τοῦ

233 737 484 807 ούρανοῦ,
515 735 590 799 ὡς
622 734 748 799 Υἱὸς
779 733 1060 806 ἀνθρώπου
1093 736 1399 807 ἐρχόμενος.
1433 739 1542 791 Καὶ⁵
1563 739 1670 804 ἓως
1699 740 1792 794 τοῦ

235 827 474 882 Παλαιοῦ
502 826 608 879 τῶν
635 825 855 898 ἡμερῶν
876 825 1094 896 ἔφθασε,
1111 829 1204 880 καὶ
1228 828 1374 899 αύτῷ
1391 829 1544 900 ἐδόθη
1572 833 1604 901 ἡ
1633 830 1797 901 ἀρχὴ,

232 921 332 971 καὶ
352 921 385 988 ἡ
407 918 558 988 τιμὴ,
589 919 682 971 καὶ
712 919 744 988 ή
779 917 1041 988 βασιλεία,
1068 919 1158 972 καὶ
1181 918 1372 983 πάντες
1392 921 1440 972 οἱ
1455 920 1592 984 λαοὶ,
1617 922 1797 986 φυλαὶ,

231 1008 478 1077 γλῶσσαι
505 1007 652 1080 αύτῷ
683 1007 1039 1062 δουλεύουσιν.
1065 1009 1128 1062 Ἦ
1150 1009 1364 1076 ἐξουσία
1391 1011 1554 1065 αὑτοῦ
1586 1012 1799 1079 ἐξουσία

231 1100 469 1164 αἰώνιος,
500 1101 623 1171 ἥτις
654 1102 714 1154 ού
746 1099 1160 1171 παρελεύσεται,
1185 1103 1277 1157 καὶ
1303 1103 1604 1175 ηβασιλεία
1633 1105 1796 1160 αὐτοῦ

229 1191 290 1243 οὐ
325 1190 775 1262 διαφθαρήσεται.
803 1210 820 1244 ι
846 1191 926 1244 Τά
957 1191 1056 1262 μὲν
1076 1192 1174 1263 τῆς
1197 1192 1418 1265 πρώτης
1447 1192 1680 1263 ἀφίξεως
1700 1195 1799 1266 τῆς

228 1283 785 1355 ἐνανθρωπικωτέρας
815 1284 908 1336 καὶ
927 1285 1190 1354 ταπεινῆς
1219 1286 1356 1355 μετά
1378 1285 1485 1339 τῶν
1507 1287 1679 1340 ἄλλων
1705 1289 1799 1340 καὶ

226 1374 387 1427 τοῦτο
418 1373 528 1444 ἔχει
564 1374 702 1443 μέγα
728 1375 932 1446 δεῖγμα
961 1377 1056 1430 καὶ
1090 1379 1330 1446 σημεῖον,
1365 1378 1424 1430 τὸ
1457 1379 1629 1450 πρᾶον
1655 1377 1800 1446 λέγε-

229 1466 358 1519 σθαι
391 1468 483 1519 καὶ
513 1465 753 1537 ἡσύχιον,
788 1467 937 1536 ἥξειν
966 1485 1024 1520 τε
1049 1467 1338 1538 ὀχούμενον
1367 1469 1642 1540 ὑποζυγίῳ
1665 1487 1798 1542 προ-

228 1559 588 1630 φητεύεσθαι·
621 1558 776 1612 τοῦτο
807 1559 914 1630 γὰρ
947 1559 1126 1612 κοινοῦ
1160 1561 1254 1612 καὶ
1296 1560 1633 1632 ἀνθρωπίνου
1681 1562 1796 1632 βίου

225 1653 427 1719 γένοιτ’
459 1650 522 1704 ἂν
546 1652 845 1721 τεκμήριον
864 1668 876 1680 ·
905 1651 972 1704 τὰ
1001 1651 1056 1703 δὲ
1087 1651 1183 1720 τῆς
1205 1650 1458 1722 δευτέρας
1489 1653 1584 1706 καὶ
1612 1652 1795 1706 ἐνθέου

1907 487 1926 520 α
1969 470 2308 538 Aspiciebam
2338 471 2513 528 donec
2540 474 2722 528 throni
2749 476 2912 544 positi
2942 484 3088 540 sunt,
3110 486 3164 533 et
3179 480 3452 552 Antiquus

1899 555 2109 613 dierum
2140 559 2298 614 sedit.
2327 558 2491 613 Millia
2522 561 2750 614 millium
2775 562 3154 617 ministrabant
3180 565 3251 630 ei,
3279 574 3334 621 et
3351 567 3445 622 de-

1899 647 2010 702 cies
2039 647 2234 702 millies
2268 649 2403 702 dena
2431 648 2596 701 millia
2629 649 2878 705 astabant
2903 651 2958 704 in
2989 662 3286 722 conspectu
3307 656 3450 725 ejus.

1899 736 1963 790 Et
1985 752 2112 792 ecce
2138 752 2260 792 cum
2292 739 2525 793 nubibus
2549 740 2672 794 cceli
2699 741 2857 810 quasi
2903 740 3072 799 Filius
3098 744 3335 802 hominis
3360 765 3451 804 ve-

1898 827 2075 882 niens.
2109 827 2173 881 Et
2196 844 2367 898 usque
2396 830 2460 884 ad
2488 829 2784 900 Antiquum
2827 832 3038 889 dierum
3078 838 3321 906 pervenit
3351 857 3368 894 :
3397 849 3452 896 et

1899 920 2056 974 datus
2084 926 2167 974 est
2195 921 2245 974 ei
2279 919 2646 990 principatus,
2692 930 2746 978 et
2798 924 2988 990 honor,
3019 934 3074 982 et
3106 944 3352 999 regnum.
3383 929 3451 985 Et

1897 1027 2088 1067 omnes
2119 1012 2323 1082 populi,
2360 1013 2556 1077 tribus,
2589 1015 2802 1082 linguae,
2830 1018 3079 1072 serviunt
3105 1021 3177 1073 ei.
3203 1019 3450 1076 Potestas

1897 1101 2036 1169 ejus,
2074 1108 2314 1169 potestas
2345 1109 2570 1167 aeterna,
2610 1119 2731 1173 quae
2771 1120 2878 1160 non
2913 1108 3224 1176 praeteribit,
3258 1122 3312 1164 et
3361 1126 3452 1166 re-

1897 1205 2059 1261 gnum
2077 1191 2194 1260 ejus
2217 1207 2326 1246 non
2350 1203 2731 1263 corrumpetur
2758 1196 2798 1249 ⁸.
2835 1215 2854 1248 ι
2901 1196 3100 1253 Verum
3123 1215 3188 1256 ea
3207 1201 3448 1271 quidem,

1897 1297 2018 1352 quae
2046 1281 2113 1335 ad
2140 1282 2374 1351 primum
2402 1284 2690 1339 adventum
2736 1289 3026 1357 pertinent,
3055 1291 3148 1360 qui
3179 1301 3232 1346 et
3259 1293 3452 1346 huma-

1897 1375 2018 1432 nior
2059 1382 2112 1430 et
2145 1375 2406 1444 abiectior
2435 1377 2553 1442 fuit,
2588 1394 2710 1433 cum
2736 1377 2876 1445 aliis,
2913 1381 3014 1437 hoc
3044 1399 3259 1455 quoque
3287 1399 3450 1454 argu-

1896 1467 2065 1522 menti
2097 1467 2349 1537 signique
2374 1468 2592 1536 habent,
2621 1471 2765 1540 quod
2785 1481 3104 1529 mansuetus
3124 1483 3178 1530 et
3203 1475 3451 1544 placidus

1897 1557 2112 1612 futurus
2140 1557 2372 1622 dicatur,
2401 1566 2770 1629 venturusque
2807 1561 3050 1618 insidens
3075 1565 3323 1634 jumento
3349 1584 3449 1623 eo-

1899 1647 2020 1700 dem
2052 1648 2276 1701 oraculo
2316 1648 2624 1703 declaretur
2653 1667 2667 1704 :
2705 1649 2809 1704 hoc
2834 1652 2979 1706 enim
3011 1657 3316 1712 communis
3347 1656 3452 1711 hu-

227 1744 586 1814 λαμπρότατα
625 1741 873 1812 δηλοῦται
911 1741 998 1795 διὰ
1032 1743 1128 1812 τῆς
1169 1743 1259 1796 ἐπὶ
1289 1741 1524 1812 νεφελῶν
1567 1743 1793 1814 ούρανοῦ

1897 1737 2154 1806 manique
2193 1738 2371 1794 victus
2415 1747 2795 1810 argumentum
2844 1741 3026 1799 fuerit.
3065 1745 3194 1810 Quae
3224 1762 3352 1802 vero
3380 1747 3451 1802 ad

226 1833 640 1904 παρακομιδῆς,
681 1835 778 1886 καὶ
817 1832 916 1903 τῆς
960 1833 1176 1887 αἰωνίου
1221 1833 1436 1887 πάντων
1481 1833 1588 1886 τῶν
1627 1834 1792 1888 ἐθνῶν

230 1923 526 1993 βασιλείας.
576 1923 685 1976 Καὶ
714 1919 783 1994 ἦν
823 1938 886 1990 γε
918 1922 1080 1975 καλὸν
1120 1922 1434 1995 ἀμφοτέρας
1477 1923 1794 1995 παραθεῖναι

225 2019 342 2079 τοῖς
367 2017 431 2068 ὲκ
457 2014 776 2086 περιτομῆς,
805 2013 960 2083 λόγον
992 2031 1053 2066 τε
1083 2014 1278 2078 αὐτοὺς
1307 2015 1604 2086 ἀπαιτῆσαι
1628 2055 1642 2078 ,
1678 2014 1796 2078 πῶς

229 2106 298 2159 ἂν
341 2090 573 2158 ¹σώοάιεν
617 2105 715 2168 τὰς
759 2105 1123 2176 προφητείας,
1170 2103 1298 2174 μίαν
1335 2105 1514 2175 ἄφιξιν
1559 2105 1793 2176 Χριστοῦ

227 2196 633 2267 προσδοκῶντες
651 2213 665 2226 υ
711 2197 832 2249 ἐπεὶ
849 2195 956 2267 γὰρ
987 2195 1248 2268 ἑκατέραν
1264 2195 1369 2249 τῶν
1393 2195 1795 2268 παρατεθεισῶν

225 2288 571 2361 προφητειῶν
595 2289 688 2342 καὶ
729 2289 794 2341 αύ
805 2289 884 2341 τοὶ
905 2287 995 2341 τὸν
1017 2287 1247 2360 Χριστὸν
1267 2290 1396 2360 ὁρᾷν
1424 2287 1792 2359 ὁμολογοῦσιν,

219 2381 348 2451 ὢρα
384 2380 590 2448 λέγειν,
625 2380 718 2432 καὶ
760 2379 1178 2450 πυνθανομένοις
1210 2380 1341 2450 ἡμῖν
1381 2379 1792 2452 ἀποκρίνασθαι,

222 2472 348 2534 πῶς
385 2466 492 2524 οἷόν
525 2489 582 2524 τε
615 2472 714 2540 ὑφ’
738 2471 830 2524 ἕνα
866 2471 956 2524 καὶ
987 2471 1074 2524 τὸν
1123 2471 1284 2524 αὐτὸν
1314 2471 1500 2542 καιρὸν
1519 2511 1534 2536 ,
1568 2471 1660 2525 καὶ
1693 2473 1796 2525 ὑπὸ

224 2565 359 2634 μίαν
393 2560 602 2630 ἄφιξιν,
637 2563 729 2616 ἐπὶ
752 2562 986 2631 νεφελῶν
1024 2563 1253 2634 ούρανοῦ
1287 2561 1543 2632 φέρεσθαι
1577 2562 1666 2616 τὸν
1699 2563 1798 2617 αύ-

218 2653 322 2705 τδν
346 2692 360 2716 ,
396 2653 488 2706 καὶ
536 2653 628 2705 ἐπὶ
657 2651 947 2720 ὑποζυγίου
1001 2652 1096 2704 καὶ
1138 2649 1316 2704 πώλου
1363 2651 1482 2720 νέου
1523 2651 1782 2722 ὀχεῖσθαι.

235 2745 365 2795 Ἐπὶ
421 2743 550 2796 πολὺ
603 2743 709 2815 γὰρ
754 2743 923 2796 ταῦτα
967 2742 1243 2813 διέστηκεν
1291 2742 1797 2816 ἀλλήλων.·Μυρίοις

225 2837 276 2890 δ’
317 2832 410 2890 οὖν
441 2835 691 2899 τοιαύτας
724 2836 817 2890 καὶ
849 2834 1010 2898 ἄλλας
1043 2836 1170 2906 περὶ
1197 2835 1287 2888 τοῦ
1326 2833 1556 2905 Χριστοῦ
1585 2852 1795 2907 προφη-

219 2930 381 2993 τείας
437 2928 773 2997 συναγαγὼν,
818 2927 1078 2999 παραθείς
1122 2945 1182 2980 τε
1219 2927 1313 2980 καὶ¹
1349 2927 1688 2999 συγκρούσας
1729 2926 1796 2980 τὰ

215 3023 493 3094 διαφόρως
520 3023 906 3092 σημαινόμενα,
939 3020 1305 3091 ἐναργέστατα
1333 3020 1619 3091 καταλήψῃ
1636 3021 1788 3083 τινας

219 3115 330 3186 μὲν
373 3116 471 3185 τῆς
515 3113 728 3186 πρώτης
771 3113 934 3166 αὐτοῦ
968 3111 1262 3183 παρουσίας
1311 3110 1602 3181 δηλώματα
1637 3127 1792 3182 περι-

221 3208 478 3277 εχούσας,
508 3206 933 3278 πεπληρωμένας
952 3205 1091 3258 κατὰ
1108 3206 1204 3274 τὴν
1229 3203 1448 3274 πρώτην
1480 3203 1796 3271 ἐπιφάνειαν

218 3300 415 3363 αὑτοῦ,
449 3299 595 3361 τινὰς
625 3299 680 3350 δὲ
710 3300 787 3361 εἰς
814 3297 910 3369 τὴν
953 3296 1208 3367 δευτέραν
1243 3294 1404 3348 αὑτοῦ
1449 3297 1542 3348 καὶ
1589 3293 1796 3360 ἔνδοξον

215 3388 412 3460 ἄφιξιν
443 3388 865 3460 ἀναφερομένας.
931 3386 1320 3458 Ἐξωλόθρευσε
1358 3384 1464 3457 γὰρ
1490 3385 1790 3455 λεληθότως

215 3480 470 3549 ἅρματα,
511 3479 602 3530 καὶ
634 3477 830 3541 ἵππον,
873 3477 963 3530 καί
991 3479 1096 3530 πᾶν
1128 3476 1275 3543 τόξον
1312 3475 1602 3546 πολεμικὸν
1634 3477 1666 3546 ἡ
1701 3474 1794 3557 ’ξοῦ

213 3570 479 3640 Σωτῆρος
519 3568 670 3639 ἡμῶν
722 3569 898 3632 ἔνθεος
948 3566 1204 3640 δύναμις,
1254 3567 1394 3622 κατά
1438 3567 1535 3638 τὴν
1574 3566 1796 3638 πρώτην

213 3661 394 3715 αὐτοῦ
450 3661 777 3732 παρουσίαν,
824 3663 888 3714 ὲκ
939 3661 1036 3732 τῆς
1087 3659 1540 3730 σωματικωτέρας
1601 3659 1796 3730 Ἰερου-

217 3752 444 3823 σαλὴμ,
485 3753 576 3805 καὶ
612 3750 707 3806 τοῦ
754 3751 1085 3822 καλουμένου
1140 3750 1376 3822 Ἐφραῖμ
1417 3750 1544 3804 λαοῦ
1570 3767 1582 3780 ·
1618 3750 1698 3802 διὸ
1737 3749 1796 3814 ἐξ

215 3845 438 3897 ἐκείνου
472 3845 561 3897 καὶ
593 3845 670 3906 είς
697 3842 854 3915 δεῦρο
876 3844 974 3896 ούκ
1003 3843 1080 3895 ἔτι
1108 3841 1334 3912 συνέστη
1361 3842 1536 3894 αὐτῶν
1556 3841 1615 3894 τὸ
1642 3839 1793 3910 βασί-

211 3937 388 3998 λειον,
416 3935 534 3988 ούδὲ
553 3937 586 4005 ἡ
610 3935 773 3988 πάλαι
797 3936 853 3988 ὲν
886 3933 1140 4004 πολέμοις
1179 3933 1440 4002 ἰσχύσασα
1477 3935 1792 4004 παρασκευή

212 4047 285 4083 τε
315 4027 494 4081 αὐτῶν
527 4028 620 4080 καὶ
646 4027 894 4096 ὁπλιτικὴ
919 4026 1160 4096 δύναμις.
1193 4024 1388 4088 Καλῶς
1411 4025 1468 4077 δὲ
1499 4027 1556 4077 ἐν
1587 4024 1794 4088 τούτοις

213 4122 317 4174 τὸν
353 4121 526 4173 πάντα
558 4118 663 4170 τῶν
713 4117 975 4170 Ἰουδαίων
1015 4116 1140 4168 λαὸν
1189 4115 1426 4187 Ἐφραῒμ
1465 4115 1750 4186 ὠνόμασεν
1775 4155 1790 4180 ,

212 4212 340 4268 ἀλλ’
365 4212 487 4281 ούχί
524 4210 752 4282 Ἰσραὴλ,
782 4209 902 4263 οὐδὲ
935 4195 1130 4262 Ἰούδαν
1153 4249 1166 4270 ,
1201 4207 1286 4260 ἵνα
1327 4207 1400 4278 μὴ
1452 4207 1550 4270 τὰς
1607 4225 1794 4278 σεμνο-

215 4303 392 4375 τέρας
421 4302 689 4355 διαϐάλλοι
723 4300 1105 4372 προσηγορίας.
1141 4298 1334 4370 Εὖροις
1372 4298 1414 4350 δ’
1457 4297 1522 4350 ἂν
1557 4298 1651 4350 καὶ
1675 4300 1793 4360 ταῖς

213 4392 414 4454 ἄλλαις
461 4392 814 4463 προφητείαις
866 4391 926 4443 τὸ
981 4392 1087 4445 πᾶν
1149 4390 1297 4452 ἔθνος
1367 4387 1606 4459 Ἐφραῒμ
1659 4388 1792 4458 μετὰ

214 4483 429 4553 πολλῆς
489 4482 736 4552 διαϐολῆς
804 4482 897 4535 καὶ
971 4481 1300 4552 κατηγορίας
1366 4479 1786 4552 ὠνομασμένον,

213 4574 416 4645 ὥσπερ
465 4574 558 4628 καὶ
613 4573 727 4627 νῦν.
779 4572 929 4626 Μετὰ
972 4571 1100 4640 γοῦν
1149 4573 1246 4643 τὴν
1309 4571 1440 4638 ἀπὸ,
1476 4571 1789 4634 Βαϐυλῶνος

214 4665 504 4727 ἐπάνοδον,
537 4664 724 4735 μηκέθ’
750 4663 968 4733 ὁμοίως,
990 4663 1064 4725 ὡς
1092 4662 1152 4714 τὸ
1183 4662 1330 4734 πρὶν,
1352 4661 1676 4735 διῃρημένου
1697 4661 1788 4713 τοῦ

213 4757 388 4822 λαοῦ,
419 4757 567 4820 τίνας
600 4751 665 4828 ἦν
693 4755 838 4818 εἰκὸς
880 4753 1166 4824 δηλοῦσθαι
1206 4753 1293 4807 διὰ
1332 4753 1426 4806 τοῦ
1483 4751 1721 4822 Ἐφραίμ
1753 4751 1786 4822 ἢ

214 4850 422 4911 αὐτοὺς
446 4848 569 4910 τοὺς
599 4847 696 4917 τὴν
732 4845 1080 4916 Ἰερουσαλὴμ
1105 4845 1419 4910 οίκοῦνταςς
1455 4837 1528 4897 ὧν
1565 4844 1660 4914 τὴν
1688 4860 1788 4896 πο-

215 4942 457 5012 λεμικὴν
488 4941 580 4993 καὶ
607 4939 883 5010 ὁπλιτικὴν
911 4937 1133 5008 δύναμιν
1159 4977 1173 4999 ,
1209 4936 1368 5007 μέχρι
1401 4935 1508 4988 τῶν
1553 4937 1789 5004 Ῥωμαϊ-

215 5034 337 5088 κιῖιν
370 5035 574 5107 χρόνων
603 5031 982 5104 διαρκέσασαν,
1012 5032 1044 5102 ἡ
1070 5029 1162 5082 τοῦ
1192 5030 1438 5100 Σωτῆρος
1463 5027 1618 5098 ἡμῶν
1645 5043 1788 5097 παρ-

216 5128 388 5182 ουσία
414 5126 578 5198 ὲνθέῳ
605 5126 698 5178 καὶ
725 5125 1018 5196 ἀπορρήτῳ
1039 5122 1262 5191 δυνάμει
1289 5120 1556 5182 καθεῖλεν,
1589 5119 1792 5189 ὁμοίως

217 5221 290 5289 τῇ
334 5215 657 5289 προφητεία.
702 5215 884 5269 Ταῦτα
921 5213 978 5268 δὲ
1016 5213 1112 5285 τὴν
1154 5212 1214 5277 ἐξ
1247 5212 1414 5264 ἐθνῶν
1470 5209 1791 5280 Ἐκκλησίαν

217 5307 630 5376 εὐαγγελίζεται
659 5309 688 5361 ό
717 5305 902 5374 λόγος,
934 5305 1031 5376 οὐχ
1060 5302 1242 5366 ἁπλῶς
1270 5303 1499 5375 χαίρειν,
1536 5301 1668 5355 ἀλλὰ
1697 5300 1792 5353 καὶ

222 5399 434 5471 σφόδρα
476 5398 682 5471 χαίρειν
729 5397 862 5468 αὐτῇ
893 5394 1387 5468 παρακελευόμενος
1424 5392 1511 5446 διὰ
1554 5392 1650 5464 τὴν
1699 5388 1791 5442 τοῦ

219 5491 364 5544 Θεοῦ
400 5489 572 5559 Λάγου
613 5483 688 5552 είς
729 5485 896 5558 αὐτὴν
935 5486 1251 5558 παρουσίαν,
1281 5485 1348 5557 ῆν
1391 5485 1484 5540 καὶ
1522 5481 1794 5553 θυγατέρα

301 5675 324 5706 ⁸
350 5676 478 5730 Dan.
499 5688 595 5739 vlt,
626 5673 780 5729 9-H.

1896 1829 2124 1883 alterum
2153 1829 2304 1883 illum
2333 1838 2388 1885 et
2428 1831 2733 1888 divinitatis
2770 1835 3004 1903 amplius
3034 1851 3144 1905 prae
3177 1852 3237 1892 se
3267 1837 3448 1893 feren-

1895 1929 2024 1984 tem,
2051 1920 2493 1977 manifestissime
2535 1923 2846 1979 indicantur
2875 1941 2972 1995 per
3003 1927 3146 1980 illam
3198 1929 3254 1982 in
3285 1930 3449 1984 nubi-

1894 2011 1996 2065 bus
2023 2013 2144 2066 cceli
2187 2012 2634 2083 advectationem,
2681 2030 2884 2086 perque
2916 2019 3047 2073 illud
3098 2028 3358 2083 aeternum
3392 2022 3449 2077 in

1895 2103 2148 2158 omnibus
2186 2105 2436 2173 gentibus
2482 2121 2706 2178 regnum
2740 2127 2753 2162 :
2783 2123 2886 2163 nec
2915 2125 3048 2164 sane
3091 2111 3160 2164 ab
3188 2127 3246 2166 re
3287 2112 3453 2169 fuerit

1897 2204 2190 2263 utrumque
2220 2195 2422 2252 Judaeis
2461 2213 2781 2268 proponere,
2818 2203 3190 2272 rationemque
3226 2204 3294 2258 ab
3339 2205 3450 2262 illis

1895 2288 2193 2358 postulare,
2225 2304 2459 2359 quonam
2491 2299 2671 2360 pacto,
2685 2291 2730 2346 si
2760 2308 2924 2346 unum
2956 2293 3219 2347 duntaxat
3241 2294 3448 2350 Christi

1895 2381 2183 2436 adventum
2213 2390 2546 2450 exspectant,
2601 2384 2909 2452 prophetias
2959 2400 3088 2440 suas
3132 2385 3235 2440 sibi
3283 2387 3451 2442 velint

1895 2480 2147 2526 constare
2174 2491 2186 2525 :
2223 2487 2349 2526 nam
2375 2488 2499 2526 cum
2524 2483 2808 2544 utramque
2841 2491 3050 2538 earum,
3084 2491 3204 2546 quae
3230 2479 3450 2548 exposi-

1895 2569 1962 2615 tae
1986 2570 2133 2624 sunt,
2159 2561 2227 2616 ad
2258 2561 2534 2618 Christum
2560 2565 2830 2633 pertinere
2875 2565 2975 2635 ipsi
3005 2582 3218 2636 quoque
3244 2569 3452 2623 fatean-

1897 2658 2004 2714 tur,
2060 2651 2244 2705 dicant
2291 2669 2497 2722 quaaso,
2547 2661 2601 2707 et
2646 2653 3104 2724 interrogantibus
3159 2657 3320 2711 nobis
3363 2673 3450 2712 re-

1897 2743 2236 2814 spondeant,
2301 2747 2394 2816 qui
2461 2749 2577 2803 ﬁeri
2630 2749 2801 2818 possit
2868 2756 2928 2802 ut
2981 2765 3091 2805 uno
3149 2751 3452 2820 eodemque

1898 2842 2184 2906 tempore,
2256 2839 2358 2892 sub
2439 2855 2603 2893 unum
2677 2839 3032 2909 eumdemque
3107 2841 3450 2907 adventum,

1897 2926 2042 2981 idem
2092 2935 2145 2983 et
2199 2928 2255 2982 in
2305 2929 2543 2986 nubibus
2607 2931 2732 2984 caeli
2793 2929 3036 2994 feratur,
3101 2938 3158 2985 et
3201 2931 3452 3000 jumento

1888 3022 2154 3091 .pulloque
2231 3023 2571 3078 adolescente
2641 3023 2883 3078 insidens
2960 3024 3209 3078 vehatur.
3287 3023 3448 3094 457

1895 3109 2080 3180 Longe
2135 3113 2441 3168 enim-hmo
2497 3127 2528 3165 a
2583 3129 2643 3169 se
2703 3114 2933 3168 invicem
2986 3114 3194 3167 distant
3247 3133 3260 3168 :
3314 3131 3452 3184 qua—

1894 3211 2113 3273 propter
2145 3202 2191 3258 si
2217 3211 2272 3256 tu
2305 3219 2521 3274 quoque
2552 3205 2972 3260 innumerabiles
3009 3207 3144 3262 alias
3190 3206 3274 3261 his
3295 3207 3452 3262 simi-

1893 3294 1972 3349 les
2002 3293 2069 3348 de
2103 3293 2320 3350 Christo
2359 3295 2671 3364 prophetias
2713 3296 2996 3366 collegeris
3030 3303 3083 3350 et
3124 3296 3448 3361 contuleris,

1893 3393 1947 3440 et
1995 3399 2182 3438 earum
2238 3383 2540 3453 signiﬁcata
2585 3384 2800 3439 diversa
2862 3386 3022 3440 simul
3080 3385 3448 3448 contenderis,

1895 3475 2029 3530 alias
2053 3474 2268 3544 quidem
2292 3491 2478 3530 earum
2509 3475 2750 3532 invenies
2783 3477 2940 3545 primi
2995 3477 3140 3532 illius
3186 3477 3450 3531 adventus

1896 3567 2149 3621 vaticinia
2197 3565 2678 3636 comprehendere,
2707 3581 2827 3635 quae
2877 3568 3039 3620 etiam
3066 3568 3168 3621 sub
3201 3567 3450 3621 eumdem

1891 3660 2126 3729 primum
2185 3659 2453 3728 completa
2504 3664 2653 3720 sunt,
2697 3657 2832 3712 alias
2859 3671 2988 3710 vero
3040 3656 3106 3710 ad
3150 3658 3450 3712 secundum

1892 3749 2247 3819 eumdemqne
2263 3749 2554 3819 gloriosum
2593 3747 2782 3802 referri
2837 3755 3110 3816 oportere.
3159 3747 3222 3800 Et
3254 3763 3452 3801 currus

1891 3841 2035 3895 enim
2058 3850 2111 3896 et
2137 3857 2335 3911 equum
2357 3850 2410 3895 et
2435 3853 2648 3894 omnem
2667 3853 2851 3893 arcum
2870 3839 3116 3893 bellicum
3152 3837 3452 3893 Salvatoris

1892 3933 2066 3988 nostri
2094 3934 2275 3986 divina
2329 3933 2505 3988 virtus
2560 3934 2616 3987 in
2665 3932 2846 4002 priore
2874 3929 3046 3999 ipsius
3099 3930 3355 3992 adventu,
3383 3929 3452 3983 de

1893 4025 1984 4078 illa
2017 4025 2084 4079 ad
2105 4040 2304 4094 corpus
2352 4027 2710 4094 umbramque
2766 4021 3069 4093 pertinente
3112 4017 3447 4090 Jerusalem,

1891 4115 2065 4186 deque
2093 4131 2158 4170 eo
2187 4116 2278 4185 qui
2299 4115 2524 4184 Ephrem
2545 4122 2768 4170 vocatur
2797 4112 3014 4182 populo,
3039 4111 3264 4164 latenter
3291 4109 3451 4178 ejecit

1890 4220 1955 4259 ac
1981 4205 2212 4275 perdidit
2238 4225 2250 4259 :
2276 4221 2442 4274 quare
2466 4220 2532 4260 ex
2558 4204 2648 4258 illo
2680 4204 2746 4257 ad
2783 4203 2926 4256 hunc
2958 4216 3128 4271 usque
3151 4197 3292 4253 diem
3320 4214 3453 4252 nus-

1891 4313 2050 4368 quam
2073 4298 2303 4367 amplius
2331 4298 2544 4352 illorum
2570 4295 2714 4366 regia
2741 4295 2975 4365 dignitas
3012 4297 3242 4356 constat,
3279 4303 3452 4362 neque

1892 4389 2211 4445 eorumdem
2241 4388 2332 4458 qui
2360 4388 2488 4442 olim
2545 4387 2759 4441 valebat
2785 4385 2839 4436 in
2871 4383 3049 4447 bellis,
3085 4387 3377 4450 apparatus
3398 4385 3454 4432 et

1895 4483 1949 4536 in
1982 4481 2148 4534 armis
2166 4481 2361 4534 virtus.
2403 4478 2686 4548 Sapienter
2701 4493 2828 4531 vero
2850 4475 2904 4528 in
2921 4474 3006 4528 his
3022 4488 3238 4528 omnem
3266 4469 3453 4524 Judai-

1895 4586 2017 4625 cum
2054 4571 2310 4640 populum
2329 4569 2562 4640 Ephrem
2589 4567 2910 4628 nominavit,
2935 4581 3044 4619 non
3063 4573 3240 4617 autem
3262 4561 3448 4625 Israel,

1895 4677 2068 4732 neque
2119 4660 2282 4722 Juda,
2315 4676 2382 4715 ne
2409 4660 2757 4715 veneratione
2795 4659 3068 4728 digniores
3093 4655 3453 4710 calumnietur

1894 4754 2304 4823 appellationes.
2342 4752 2588 4806 Invenies
2628 4757 2808 4804 autem
2839 4751 2893 4803 in
2916 4749 3039 4802 aliis
3071 4761 3284 4817 quoque
3318 4759 3446 4811 pro-

1895 4844 2096 4914 phetiis
2143 4851 2307 4896 totam
2336 4850 2546 4911 gentem
2575 4841 2806 4911 Ephrem
2834 4855 2958 4895 cum
2992 4839 3159 4892 multa
3181 4835 3450 4890 calumnia

1896 4943 1950 4988 et
1973 4933 2320 4988 accusatione
2373 4931 2664 4994 nominari,
2705 4931 2846 4986 sicut
2903 4928 2992 4982 hic
3031 4941 3264 4997 quoque.
3314 4921 3448 4977 Cuzn

1897 5025 2059 5094 igitur
2087 5031 2208 5092 post
2239 5023 2472 5077 reditum
2519 5021 2585 5076 de
2632 5021 2905 5091 Babylone
2961 5033 3072 5072 non
3105 5016 3334 5086 amplius
3367 5013 3452 5078 iti-

1897 5117 2018 5172 dem
2047 5124 2105 5170 ut
2130 5114 2282 5184 prius
2314 5115 2370 5166 in
2399 5113 2577 5169 tribus
2601 5113 2810 5168 divisus
2833 5119 2982 5166 esset
3027 5107 3282 5178 populus,
3313 5119 3454 5174 quos

1897 5209 2116 5262 tandem
2152 5222 2246 5276 per
2274 5206 2507 5276 Ephrem
2539 5205 2730 5260 merito
2775 5201 3070 5274 signiﬁcari
3097 5195 3450 5258 intellexeris,

1897 5300 2001 5353 nisi
2032 5314 2124 5354 eos
2173 5298 2264 5368 qui
2310 5299 2482 5368 ipsam
2514 5296 2814 5353 Jerusalem
2845 5290 3192 5346 habitarent?
3219 5301 3452 5358 quorum

1899 5391 1954 5444 in
1987 5389 2144 5444 bellis
2173 5390 2305 5450 etin
2339 5391 2506 5446 armis
2533 5387 2802 5461 egregiam
2831 5385 3101 5450 virtutem,
3135 5395 3257 5451 qua:
3280 5390 3454 5461 usque

1900 5479 1967 5534 ad
1999 5476 2244 5535 Romana
2275 5485 2517 5548 tempora
2568 5460 2754 5548 vigens
2791 5473 2913 5541 fuit,
2951 5470 3250 5526 Salvatoris
3277 5460 3454 5522 nostri
