3922 6200
551 222 648 278 τιι
1213 218 1480 278 EUSEBII
1517 219 1993 278 CESARIENSIS
2029 219 2177 276 OPP.
2216 216 2396 274 PARS
2433 213 2496 272 ΙΙ.
2526 245 2596 258 --
2632 213 3122 273 APOLOGETICA.
3604 219 3686 273 71$

549 336 836 401 adventus,
862 336 1004 391 sicut
1031 335 1088 389 in
1121 335 1405 406 prophetia
1432 333 1639 388 dictum
1676 334 1872 399 fuerat,
1924 334 2098 388 divina

2138 340 2182 396 Α
2209 332 2306 403 τῆς
2332 331 2654 403 ἐπουρανίου
2689 330 2825 386 Σιὼν
2846 372 2862 397 ,
2889 331 2924 401 ἢ
2953 332 3048 384 καὶ
3077 329 3176 401 τῆς
3214 328 3460 403 προτέρας
3498 347 3687 402 συναγω-

549 438 603 483 et
633 427 886 482 inelfabili
914 427 1114 482 virtute
1155 427 1371 482 delevit.
1411 425 1664 486 Proinde
1712 426 1994 481 collectam
2039 425 2098 480 de

2201 422 2308 492 γῆς
2337 422 2620 485 ἀποκαλεῖ,
2649 421 2738 475 διά
2764 421 2824 474 τὺ
2855 421 3062 484 πάντας
3093 421 3237 491 ἡμᾶς
3263 421 3381 484 τοὺς
3405 419 3458 486 ἐξ
3476 421 3608 475 ἐθνῶν
3627 427 3687 486 εἰς

551 516 802 587 gentibus
838 515 1132 572 Ecclesiam
1157 517 1440 570 oraculum
1460 514 1764 586 evangelice
1795 513 2015 568 instruit
2042 526 2100 567 ac

2201 513 2296 566 τὸν
2356 514 2588 584 Χριστὸν
2628 511 2722 566 τοῦ
2787 511 2922 566 Θεοῦ
2979 513 3390 576 πεπιστευκότας
3442 517 3688 586 γεννήματα

551 617 754 672 monet,
785 623 896 663 non
941 615 1002 662 ut
1034 609 1355 678 simpliciter
1407 608 1659 678 gaudeat,
1707 608 1802 661 sed
1833 616 1892 660 ut
1947 605 2100 659 vehe-

2207 600 2344 658 εἶναι
2387 607 2494 658 καὶ.
2520 603 2684 658 τέκνα
2713 602 2948 676 Χριστοῦ
2985 605 3079 658 καὶ
3106 604 3210 658 τῶν
3249 603 3524 658 ἀποστόλων
3547 607 3691 669 αὐτοῦ.

551 705 762 752 menter
792 697 1042 768 gaudeat,
1073 699 1272 768 quippe
1295 697 1436 767 quod
1461 697 1605 750 illam
1629 696 1696 749 ad
1719 695 1784 749 id'
1805 693 2100 748 faciendum

2207 689 2295 748 οἷα
2323 696 2386 748 ἐκ
2419 693 2623 766 μητρὸς
2656 694 2757 764 τῆς
2790 693 2898 746 τῶν
2939 693 3206 746 Ἰουδαίων
3243 692 3528 761 συναγωγῆς
3547 692 3693 764 προελ-

551 791 870 844 exhortetur
900 800 1121 861 propter
1163 789 1256 846 Dei
1293 789 1455 845 Verbi
1485 786 1552 842 ad
1582 788 1754 859 ipsam
1797 787 2100 849 adventum,

2209 785 2418 847 θόντας.
2459 786 2568 840 Καὶ
2611 785 2672 838 τὸ
2714 785 2840 856 ἑξῆς
2873 785 2929 838 δέ
2967 784 3263 856 ἐπληροῦτο
3294 784 3381 836 ἐπὶ
3409 786 3468 854 τῇ
3502 782 3579 837 τοῦ
3608 786 3694 838 Σω-

550 898 713 952 quam
751 888 883 937 item
934 883 1175 938 cmlestis
1229 882 1379 946 Sion,
1447 891 1540 936 aut
1567 883 1728 938 etiam
1754 881 1952 950 prioris
1979 894 2099 934 con-

2207 878 2373 950 τῆρος
2402 877 2558 948 ἡμῶν
2581 875 2870 950 παρουσίᾳ.
2904 879 3103 950 Εἰρήνη
3126 875 3254 946 γοῦν
3281 874 3338 940 ἐξ
3363 875 3512 929 ἐθνῶν
3529 875 3695 943 γέγονεν

551 975 883 1046 gregationis
911 973 1075 1028 filiam
1104 984 1282 1037 vocat,
1313 983 1593 1044 propterea
1619 972 1763 1043 quod
1793 987 1893 1028 nos
1923 985 2100 1029 omnes

2211 968 2320 1023 ἀπὸ
2339 967 2445 1024 τῶν
2472 968 2678 1039 χρόνων
2708 968 2807 1041 τῆς
2835 969 3068 1038 ἀφίξεως
3093 967 3275 1034 αὐτοῦ,
3302 969 3383 1022 οἷα
3404 966 3693 1020 οὐδεπώποτε·

553 1064 646 1136 qui
668 1078 733 1119 ex
767 1064 1016 1135 gentibus
1051 1062 1277 1134 profecti
1323 1065 1376 1118 in
1411 1062 1690 1118 Christum
1740 1061 1835 1117 Dei
1883 1063 2102 1118 credidi.

2211 1063 2312 1116 οὔκ
2340 1061 2419 1115 ἐτι
2439 1059 2570 1130 γοῦν
2601 1061 2784 1126 πόλεις
2806 1061 3041 1124 πόλεσιν,
3062 1060 3137 1125 ὡς
3167 1060 3227 1114 τὸ
3255 1059 3395 1132 πρὶν,
3421 1059 3694 1130 πολεμοῦσιν,

553 1168 700 1218 mus,
719 1153 920 1209 Christi
949 1154 1428 1223 apostolorumque
1459 1153 1579 1223 ejus
1604 1154 1785 1225 proles
1815 1160 1870 1207 et
1901 1152 1995 1206 lilii
2023 1167 2102 1208 su-

2213 1152 2333 1206 οὐδέ
2367 1152 2494 1224 ἐθνη
2534 1152 2707 1206 ἔθνεσι
2742 1153 3154 1224 συῤῥάσσουσιν,
3183 1151 3310 1216 οὐδ’,
3341 1150 3410 1214 ὼς
3434 1150 3488 1203 τὸ
3507 1149 3694 1212 παλαιὸν,

554 1258 702 1310 mus,
753 1250 936 1313 utpote
967 1242 1060 1312 qui
1093 1243 1160 1298 de
1192 1241 1501 1297 Judzeorum
1543 1242 1965 1313 congregatione
1997 1251 2103 1296 tan-

2215 1239 2244 1316 ὁ
2286 1241 2396 1295 τῶν
2441 1241 2740 1314 ἀνθρώπων
2788 1241 2899 1312 βίος
2933 1242 3315 1304 ἀκαταστατεϊ,
3351 1239 3448 1292 οὐδ’
3494 1237 3697 1307 Ἀθηναία

555 1349 720 1405 quam
778 1333 847 1389 de
897 1343 1070 1388 matre
1122 1333 1228 1387 orti
1268 1333 1481 1388 simus:
1514 1347 1637 1387 nam
1671 1333 1835 1386 etiam
1861 1332 2002 1403 quod
2031 1348 2104 1388 se«

2221 1334 2321 1405 μέν
2348 1332 2792 1404 Λακεδαιμονίοις
2841 1327 3349 1403 ἐπιστρατεύονται,
3386 1327 3528 1399 Σύροι
3550 1327 3597 1380 δὲ
3616 1327 3699 1380 Φοί-

553 1424 759 1495 quitur,
781 1425 836 1479 in
870 1423 1166 1479 Salvatoris
1186 1425 1360 1480 nostri
1391 1424 1622 1479 adventu
1643 1424 1971 1494 completum
1997 1439 2102 1480 esst

2216 1424 2376 1491 νιξιν,
2424 1423 2662 1495 Ἀράϐιοι
2689 1423 2745 1475 δὲ
2775 1422 3151 1484 Παλαιστίνοις
3169 1461 3184 1487 ,
3214 1420 3306 1474 καὶ
3343 1417 3594 1487 Αἰγύπτιοι
3623 1420 3699 1481 τοῖς

553 1522 786 1571 constat.
845 1513 981 1580 Quis
1033 1515 1176 1569 enim
1229 1515 1446 1585 ignorat
1490 1514 1761 1584 ejusmodi
1809 1530 1998 1586 pacem
2054 1529 2102 1570 ei

2220 1505 2632 1588 πλησιοχώροις.
2678 1515 2916 1568 Ἦνωται
2961 1511 3018 1567 δὲ
3059 1512 3121 1578 ἐξ
3160 1513 3359 1566 ἐκείνου
3402 1513 3488 1566 σὺν
3521 1510 3617 1582 Θεῷ
3654 1510 3698 1564 τὰ

554 1606 805 1677 gentibus
835 1613 958 1676 post
978 1601 1244 1660 adventus
1276 1605 1680 1675 illiustempora
1704 1607 2003 1670 exstitisse,
2023 1621 2103 1661 cu-

2153 1671 2185 1677 _
2221 1604 2429 1670 πάντα,
2478 1606 2572 1660 καὶ
2627 1604 2836 1677 άληθῶς
2895 1604 3098 1675 πλῆθος
3149 1605 3361 1675 εἰρήνης
3394 1603 3448 1669 ἐξ
3496 1601 3629 1656 Ιεθνῶν
3661 1602 3699 1667 ἐξ

547 1671 790 1766 jusmodi
836 1671 1131 1766 vnunquam
1177 1703 1337 1750 antea
1385 1671 1614 1752 fuisset?
1663 1712 1839 1766 neque
1885 1697 2030 1753 enim
2060 1714 2091 1752 ιι

2153 1671 2192 1726 Β
2217 1694 2424 1750 ἐκείνου
2453 1697 2540 1750 καὶ
2572 1699 2652 1761 είς
2671 1671 2830 1768 δεῦρο
2849 1671 3091 1766 γέγονεν,
3128 1671 3422 1758 ἀκολούθως
3454 1696 3512 1765 τῇ
3545 1709 3695 1766 προφη-

553 1786 730 1857 prius,
763 1787 844 1842 sic
873 1803 1018 1842 nunc
1034 1787 1288 1842 civitates
1314 1803 1344 1842 a
1373 1787 1686 1844 civitatibus
1715 1798 2102 1860 oppugnantur.

2216 1788 2356 1860 τείᾳ.
2379 1789 2550 1846 Μόνος
2579 1789 2638 1843 δέ
2681 1788 2905 1861 Ἰησοῦς,
2932 1789 3026 1843 καὶ
3047 1791 3076 1842 ὁ
3095 1788 3163 1842 δι’
3187 1787 3349 1842 αὑτοῦ
3369 1785 3621 1858 κηρυχθεὶς
3633 1787 3697 1854 τῆς

553 1891 732 1946 neque
754 1883 941 1945 gentes
976 1891 1099 1931 cum
1123 1876 1378 1946 gentibus
1402 1877 1760 1943 colliduntur,
1792 1894 1968 1949 neque
1991 1895 2102 1936 verr

2215 1880 2576 1952 εὐαγγελικῆς
2596 1880 2940 1945 διδασκαλίας
2966 1880 3124 1950 λόγος
3156 1876 3314 1953 ἦρξεν
3333 1877 3433 1933 ἀπὸ
3456 1883 3543 1952 τῆς
3561 1878 3699 1934 θαλάσ-

553 1976 615 2024 ut
647 1967 844 2039 priscis
882 1967 1220 2038 temporibus
1243 2005 1260 2033 ,
1317 1969 1397 2023 sic
1425 1971 1632 2025 nostris
1677 1971 1788 2024 vita
1839 1970 2102 2046 hominun

2219 1985 2318 2039 σης
2341 1969 2444 2034 ἕως
2471 1970 2767 2043 θαλάσσης,
2798 1971 2905 2026 ἀπὸ
2926 1972 3024 2045 τῆς
3048 1973 3125 2025 ἕω
3157 1974 3238 2036 εἰς
3264 1972 3352 2026 τὸν
3386 1972 3699 2043 καταδυόμενον

554 2061 795 2130 inquieta
830 2059 1208 2130 instabilisque
1225 2069 1328 2125 est,
1361 2060 1530 2133 458
1578 2061 1782 2134 quippe
1799 2078 1925 2118 cum
1946 2079 2103 2134 nequi

2228 2059 2398 2130 ήλιον,
2434 2060 2528 2116 καὶ
2572 2062 2680 2116 ἀπὸ
2725 2063 2984 2134 ποταμῶν
3007 2066 3086 2127 εἰς
3107 2063 3206 2128 τὰς
3235 2065 3497 2128 διεκδολὰς
3515 2065 3595 2136 τῆς
3616 2063 3698 2133 γῆς.

552 2153 910 2210 Athenienses
941 2161 1128 2208 contra
1156 2151 1597 2210 Lacedwmonios
1647 2156 1912 2220 ferantur,
1943 2173 2101 2228 nequi

2217 2151 2521 2216 ἀκολούθως
2540 2156 2653 2218 τοῖς
2674 2155 2731 2208 ἐν
2748 2153 2826 2226 τῷ
2850 2157 3100 2228 προφήτῃ
3125 2156 3563 2229 προλελεγμένοις.
3579 2157 3699 2223 ’Δπερ

555 2242 678 2317 Syri
708 2244 968 2300 adversus
997 2242 1309 2309 Plimnicas,
1336 2261 1513 2316 neque
1540 2247 1750 2303 Arabes
1799 2252 1854 2303 in
1878 2247 2104 2304 Palesti-

2217 2245 2311 2298 καὶ
2339 2247 2367 2298 ὁ
2405 2244 2632 2309 Ἀκύλας
2657 2239 2758 2300 ὧδέ
2779 2264 2896 2310 πως
2917 2249 3258 2319 ήρμήνευσεν
3286 2246 3466 2302 εἰπών·
3501 2266 3517 2299 ι
3541 2244 3699 2300 Καίλι-

553 2349 676 2394 nos,
703 2349 880 2404 neque
924 2335 1053 2390 item
1103 2331 1344 2406 Egyptii
1377 2337 1640 2392 adversus
1673 2337 1934 2393 finitimos
1976 2340 2102 2392 mili-

2217 2332 2368 2406 λήσει
2398 2337 2617 2408 εἰρήνην
2646 2339 2704 2391 ἐν
2745 2340 2856 2402 τοῖς
2893 2338 3103 2404 ἔθνεσι,
3158 2339 3253 2394 καὶ
3286 2339 3319 2410 ή
3365 2339 3558 2406 ἐξουσία
3588 2333 3699 2390 αὐτοῦ

554 2428 686 2496 tiam
715 2435 1026 2483 exerceant.
1077 2426 1182 2482 Sed
1232 2443 1297 2482 ex
1332 2427 1426 2482 illo
1461 2429 1517 2482 in
1572 2428 1720 2483 hunc
1754 2444 1930 2500 usque
1951 2429 2103 2490 diem.

2220 2425 2329 2478 ἀπὸ
2385 2425 2661 2500 θαλάσσης
2718 2429 2823 2492 ἕως
2871 2429 3180 2502 θαλάσσης,
3228 2431 3319 2483 καὶ
3366 2429 3466 2484 άπὸ
3512 2425 3699 2496 ποταμῶν

554 2518 665 2575 Deo
691 2518 924 2586 favente,
951 2518 1007 2572 in
1037 2534 1204 2573 unum
1237 2518 1420 2572 omnia
1443 2517 1677 2585 coivere,
1702 2525 1757 2573 et
1779 2534 1986 2584 revera,
2006 2521 2103 2575 sic-

2217 2517 2322 2582 ἕως
2344 2520 2590 2591 περάτων
2625 2521 2726 2592 τῆς
2757 2523 2879 2594 γῆς.
2920 2540 2939 2574 ι
2961 2522 3148 2576 Ταῦτα
3177 2523 3234 2577 δέ
3255 2526 3364 2588 τοῖς
3386 2525 3440 2577 ἐν
3465 2521 3532 2592 τῷ

557 2615 623 2662 ut
677 2607 732 2662 in
772 2607 1054 2678 prophetia
1087 2607 1294 2662 dictum
1349 2606 1545 2674 fuerat,
1601 2607 1934 2663 abundantia
1965 2609 2106 2677 pacis

2221 2613 2506 2686 σίῦγκρινον
2542 2614 2622 2686 τῷ
2663 2616 3122 2688 ἐπιγεγραμμένῳ
3181 2620 3262 2682 εἰς
3318 2615 3576 2687 Σολομῶνα
3618 2613 3702 2682 περὶ

556 2715 625 2756 ex
647 2699 898 2768 gentibus
926 2699 1144 2769 prodiit,
1201 2706 1256 2753 et
1305 2714 1446 2753 unus
1472 2697 1652 2764 Jesus,
1687 2706 1741 2754 et
1773 2699 1842 2753 ab
1872 2699 1992 2767 ipso
2021 2697 2105 2754 de-

2216 2707 2312 2761 τοῦ
2361 2706 2476 2760 υἱοῦ
2523 2707 2616 2760 τοῦ
2659 2706 2919 2779 βασιλέως
2941 2748 2956 2773 ,
2999 2709 3200 2781 δηλαδὴ
3237 2708 3330 2762 τοῦ
3363 2709 3422 2761 ἐκ
3471 2706 3701 2778 σπέρματος

554 2793 865 2848 nuntiatum
907 2792 1234 2863 evangelicae
1264 2794 1528 2848 doctrinae
1559 2791 1806 2858 verbum,
1843 2791 2103 2866 principa-

2219 2799 2531 2870 Σολομῶνος
2593 2799 3091 2872 προελευσομένουέ,
3157 2799 3485 2871 λεγομένοις,
3537 2797 3633 2868 περί
3662 2787 3699 2845 οὗ

552 2893 692 2946 tum,
755 2897 786 2936 a
832 2882 970 2936 mari
1021 2883 1306 2952 usquead
1354 2898 1525 2946 mare,
1563 2882 1666 2938 hoc
1695 2889 1780 2937 est
1803 2881 1872 2937 ab
1907 2883 2101 2938 orienti

2218 2891 2381 2962 φησὶν
2427 2892 2454 2944 ὀ
2496 2889 2742 2962 ψαλμός·
2784 2910 2802 2943 ι
2832 2891 2941 2945 Καὶ
2983 2887 3398 2960 κατακυριεύσει
3438 2889 3530 2945 ἀπὸ
3565 2885 3701 2940 θαλάς·

552 2973 667 3031 sole
684 2988 854 3043 usque
881 2972 947 3026 ad
971 2973 1330 3040 occidentem,
1355 2984 1407 3029 et
1428 2989 1459 3028 a
1491 2973 1807 3030 ﬂuminibus
1837 2973 1904 3028 ad
1923 2989 2101 3044 expor-

2152 3012 2186 3070 ε
2221 3001 2320 3055 σης
2365 2983 2470 3046 ἓως
2526 2982 2825 3054 θαλάσσης,
2866 2983 2960 3036 καὶ
2992 2981 3100 3036 ἀπὸ
3161 2982 3412 3054 ποταμῶν
3461 2981 3551 3044 ἕως

552 3059 826 3115 rectiones
849 3067 1025 3122 terrae,
1053 3059 1195 3113 sicut
1214 3074 1277 3114 ea
1311 3058 1769 3129 significaverant,
1803 3073 1925 3130 quae
1972 3075 2101 3130 apuc

2152 3058 2186 3070 u
2220 3090 2328 3127 των
2365 3073 2465 3144 τῆς
2507 3073 2880 3146 οἰκουμένης.»
2912 3072 3174 3145 Σημαίνει
3207 3075 3262 3128 δὲ
3294 3076 3383 3129 καὶ
3419 3074 3506 3146 τὴν
3541 3065 3701 3125 ἐνταῦθα

553 3155 867 3223 prophetam
886 3150 1139 3220 praedicta
1164 3159 1314 3214 sunt,
1336 3151 1565 3222 accepit;
1612 3167 1733 3222 quae
1762 3167 1894 3207 sane
1923 3150 2102 3222 Aquila

2221 3165 2552 3236 δηλουμένην
2575 3167 2796 3238 εἰρήνην
2821 3169 2848 3221 ὁ
2871 3165 3029 3230 αὐτὸς
3053 3163 3271 3238 ψαλμδς
3295 3167 3504 3237 φάσκων
3526 3182 3538 3194 ·
3561 3181 3578 3214 ι
3603 3161 3703 3214 Ἀναι

553 3257 770 3314 quoque
797 3243 852 3296 in
876 3242 1020 3296 hunc
1067 3241 1284 3295 modum
1312 3241 1698 3312 interpretatus
1723 3249 1848 3297 est:
1888 3259 1908 3294 ι
1940 3245 2005 3294 ιιι
2037 3244 2102 3295 lo-

2220 3255 2366 3309 τελεῖ
2388 3258 2445 3308 ἐν
2474 3259 2596 3322 ταῖς
2623 3259 2860 3329 ἡμέραις
2892 3257 3054 3312 αὑτοῦ
3080 3258 3392 3330 δικαιοσύνη
3418 3297 3432 3322 ,
3459 3255 3540 3310 καὶ
3566 3250 3702 3322 πλῆθος

557 3343 755 3405 quetur
789 3347 976 3404 pacem
997 3335 1052 3387 in
1085 3333 1360 3404 gentibus,
1391 3340 1445 3388 et
1473 3341 1716 3404 potestas
1752 3335 1871 3404 ejus
1915 3349 1945 3388 a
1979 3334 2106 3388 mari

2222 3350 2460 3420 εἰρήνης.
2493 3368 2511 3400 ι
2555 3349 2666 3402 ΚαὶΙ
2704 3341 2928 3413 Ἡσαΐας
2957 3349 3013 3402 δὲ
3057 3351 3270 3415 τούτοις
3304 3347 3556 3422 συντρέχει
3588 3345 3636 3397 δι’
3657 3335 3704 3395 ὧν

553 3441 729 3496 Isque
751 3427 816 3480 ad
838 3441 1006 3490 mare,
1025 3433 1078 3479 et
1095 3442 1124 3478 a
1146 3425 1458 3479 fluminibus
1479 3441 1653 3496 usque
1667 3424 1736 3479 ad
1749 3427 1884 3480 fines
1903 3433 2102 3482 terra:

2223 3457 2393 3510 φησι·
2440 3459 2460 3492 ι
2499 3438 2608 3494 Καὶ¹
2650 3439 2978 3510 συγκόψουσι
3027 3441 3303 3514 μαχαίρας
3330 3441 3494 3494 αὐτῶν
3531 3439 3596 3500 είς
3622 3435 3703 3504 lpo-

555 3515 638 3572 Tu
663 3532 788 3572 vero
804 3516 916 3570 haec
931 3528 1246 3586 comparato
1272 3531 1394 3570 cum
1425 3517 1532 3572 illis
1553 3531 1674 3583 qua:
1693 3516 1745 3570 in
1765 3517 1975 3586 psalmo
1994 3533 2104 3572 con

2221 3544 2356 3601 τρα,
2392 3533 2486 3585 καὶ
2523 3531 2621 3595 τὰς
2673 3529 2894 3596 ζιϐύνας
2944 3530 3124 3586 αὐτῶν
3171 3535 3251 3597 εἰς
3295 3533 3534 3605 δρέπανα.
3565 3522 3703 3582 Καίώ

555 3610 817 3673 tinentur,
835 3609 924 3679 qui
943 3609 1238 3679 inscriptus
1258 3621 1340 3663 est
1354 3609 1405 3662 in
1432 3606 1920 3678 Salomonem,quaa
1933 3609 2104 3663 videli-

2221 3624 2446 3696 λήψεται
2493 3624 2572 3678 ἐτι
2619 3623 2768 3687 ἔθνος
2813 3625 2900 3679 ἐπ’
2947 3625 3098 3688 ἔθνος
3153 3627 3448 3698 μάχαιραν,
3479 3623 3558 3677 καὶ
3587 3620 3634 3673 οὐ
3658 3615 3703 3687 μή

554 3713 640 3758 cet
668 3703 734 3758 de
758 3702 869 3757 filio
904 3702 1046 3772 regis
1066 3715 1130 3756 ex
1160 3700 1366 3756 semine
1413 3700 1724 3754 Salomonis
1765 3700 2002 3755 oriundo
2034 3700 2103 3754 di-

2227 3716 2468 3788 μάθωσιν
2497 3716 2574 3770 ἐτι
2612 3717 2886 3787 πολεμεῖν.
2922 3737 2940 3768 ι
2978 3715 3174 3789 Εὖροις
3226 3719 3269 3773 δ’
3307 3719 3372 3773 ἂν
3416 3717 3499 3772 καὶ
3538 3709 3703 3782 Μιχαίαν

555 3801 776 3857 cuntur;
790 3791 858 3846 de
883 3806 990 3862 quo
1007 3791 1054 3845 is
1073 3791 1313 3861 psalmus
1337 3789 1410 3843 ita
1440 3788 1678 3859 loquitur
1705 3806 1718 3842 :
1754 3807 1772 3839 ι
1795 3787 2104 3842 Etdomina-

2222 3809 2430 3872 τούτοις
2457 3809 2745 3880 συνᾴδοντα
2767 3849 2782 3873 ,
2818 3808 2912 3863 καὶ
2942 3809 3139 3876 ἄλλους
3177 3812 3391 3875 πλείους
3429 3809 3523 3862 τῶν
3560 3819 3704 3877 προση-

557 3885 704 3940 bitur
727 3899 757 3938 a
791 3885 928 3939 mari
961 3898 1131 3952 usque
1161 3883 1228 3937 ad
1254 3898 1422 3950 mare,
1461 3891 1516 3938 et
1541 3897 1572 3936 a
1600 3881 1915 3939 ﬂuminibus
1945 3898 2106 3953 usque

2222 3901 2355 3957 τῶν.
2402 3900 2730 3972 Ἐπιστήσας
2753 3900 2808 3953 δὲ
2835 3941 2850 3966 ,
2883 3899 2958 3965 ὡς
2981 3901 3118 3974 ἔφην
3145 3943 3159 3967 ,
3189 3907 3302 3968 τοῖς
3332 3903 3539 3975 χρόνοις,
3562 3897 3705 3963 δυνήσῃ

558 3979 624 4032 ad
644 3977 776 4032 lines
805 3977 952 4033 orbis
977 3974 1192 4032 εστι-ιε’.
1227 3994 1244 4026 ι
1269 3974 1438 4031 Porro
1458 3976 1598 4031 idem
1623 3976 1710 4030 hic
1729 3976 1973 4045 psalmus
1994 3991 2107 4031 eam

2226 3993 2453 4048 συνιδεῖν
2477 4033 2491 4056 ,
2524 3993 2600 4056 ὡς
2630 3991 2738 4047 άπὸ
2775 3993 2884 4048 τῶν
2916 3990 3230 4063 Αὐγούστου
3269 3974 3465 4068 χρόνων
3485 4031 3499 4054 ,
3549 3989 3622 4043 καὶ
3643 3985 3704 4052 τῆς

565 4076 691 4129 item
721 4090 844 4144 qua:
865 4074 954 4129 hic
971 4071 1327 4144 significatur,
1353 4083 1559 4138 pacem,
1579 4068 1658 4122 sic
1681 4064 1916 4119 futuram
1941 4063 2114 4116 deseri

2223 4083 2344 4139 κατ’
2378 4080 2539 4138 αὑτὸν
2566 4083 2948 4156 ἐπιλαμψάσης
2979 4086 3071 4140 τοῦ
3113 4063 3376 4159 Σωτῆρος.
3399 4083 3538 4157 ὴμῶν
3572 4083 3704 4144 ἐπιφ-

563 4166 642 4220 bit
673 4186 686 4221 :
719 4186 738 4218 ι
767 4166 986 4221 Orietur
1014 4167 1066 4220 in
1089 4164 1281 4220 diebus
1309 4163 1428 4232 ejus
1466 4160 1678 4231 justitia
1709 4165 1763 4213 et
1804 4155 2112 4211 abundanti:

2223 4175 2372 4240 νείας
2391 4216 2404 4240 ,
2437 4175 2537 4245 τῆς
2570 4176 2853 4247 Ῥωμαίων
2901 4155 3198 4250 μοναρχίας
3228 4155 3648 4250 tamquam;
3670 4165 3705 4218 αἱ

563 4257 711 4316 pacis
737 4255 778 4309 ⁸.
820 4276 838 4308 ι
871 4255 1037 4310 Isaias
1085 4268 1304 4322 quoque
1350 4267 1474 4307 cum
1525 4251 1610 4306 bis
1654 4248 1788 4318 ipsis
1823 4245 2112 4302 concordat

2225 4267 2391 4321 πάλαι
2421 4267 2527 4320 τῶν
2552 4245 2719 4320 ἐθνῶν
2751 4245 3399 4340 διελύθησαντδιαστάσεις
3428 4245 3510 4322 καὶ
3537 4263 3703 4329 πολυαρ-

561 4356 685 4396 cum
719 4341 794 4394 ait
825 4355 839 4392 :
878 4359 896 4392 ‹
921 4339 984 4393 Ει
1013 4339 1323 4394 conﬂabunt
1348 4338 1558 4410 gladios
1602 4355 1732 4396 suos
1761 4340 1818 4394 in
1843 4355 2110 4405 vomeres,

2157 4369 2200 4424 D
2228 4359 2370 4430 χίαι,
2429 4357 2520 4410 καί
2561 4356 2712 4412 τόνδε
2761 4357 2820 4424 ἐξ
2863 4338 3070 4413 ἐκείνου
3113 4363 3315 4432 τρόπον
3361 4361 3526 4422 τέλους
3569 4352 3705 4424 ἤρξατο

560 4443 616 4487 ct
645 4433 915 4486 lanceolas
944 4447 1072 4487 suas
1127 4432 1182 4486 in
1212 4431 1401 4488 faices.
1430 4430 1495 4484 Et
1530 4447 1638 4486 non
1671 4440 1852 4487 sumet
1887 4435 2109 4503 amplius

2227 4449 2511 4518 τυγχάνειν
2541 4449 2610 4502 τὰ
2651 4450 2752 4519 τῆς
2801 4430 3288 4522 προφητευομένης
3332 4455 3548 4522 εἰρήνης.
3601 4436 3703 4494 Ἀλλά

560 4539 694 4597 gens
726 4524 780 4578 in
809 4531 1020 4596 gentem
1050 4523 1309 4594 gladium,
1334 4531 1388 4579 et
1420 4537 1530 4578 non
1577 4521 1792 4578 discent
1832 4525 1973 4578 ultra
2009 4524 2109 4578 bel-

2228 4537 2324 4592 νῦν
2375 4538 2474 4609 μὲν
2515 4535 2652 4601 τέως
2695 4521 2924 4610 ἤρξατο,
2973 4521 3127 4593 ἔσται
3162 4541 3220 4594 δὲ
3248 4521 3350 4594 γὸτε
3381 4521 3703 4607 πληρέπαταῆ

563 4619 673 4674 Ιιιιιι
699 4632 885 4689 gerere
915 4619 958 4670 ’.
993 4635 1012 4668 ι
1050 4616 1318 4672 Οωιοτιιιιι
1382 4616 1660 4672 Michicam
1718 4632 1935 4687 quoque
1969 4617 2112 4672 ἰπνο-

2230 4627 2535 4699 προφητεία
2564 4629 3098 4699 συμπερασθήσεται,
3132 4631 3268 4684 ἐπάν
3305 4629 3363 4685 τὸ
3393 4628 3621 4698 πλήρωμα
3637 4613 3704 4668 τῶν

562 4713 680 4769 nies
712 4711 902 4768 iisdem
946 4719 1311 4768 consentanea
1355 4713 1645 4777 dicentem,
1707 4714 1944 4784 itemque
1986 4713 2111 4769 alios

2230 4717 2402 4771 ἐθνῶν
2431 4717 2647 4790 εἰσέλθῃ
2673 4719 2890 4790 τὸλπρὸς
2912 4718 3005 4774 τοῦ
3043 4722 3085 4773 ἰε
3096 4722 3188 4794 ροῦ
3228 4719 3526 4776 Ἀποστόλου
3548 4705 3701 4779 δεδηλαν

561 4817 629 4856 οι
695 4802 970 4873 prophetis
1003 4804 1224 4859 multos.
1283 4803 1340 4858 Si
1375 4820 1500 4860 vero
1534 4804 1838 4877 diligenter,
1881 4815 1940 4860 ut
1986 4806 2121 4862 alias
2233 4810 2412 4882 μένον.

561 4896 697 4962 dixi,
725 4909 964 4969 tempora
1009 4899 1408 4964 observaveris,
1450 4900 1605 4956 facile
1665 4902 1860 4956 intueri
1889 4905 2114 4972 poteris,
2155 4905 2617 4974 quemadmodum
2677 4907 2748 4961 ab
2814 4907 3046 4978 Augusti
3103 4907 3454 4980 temporibus,
3496 4909 3542 4958 et
3574 4915 3597 4952 a
3625 4890 3706 4946 5‘"

565 4990 767 5046 vatoris
796 4991 971 5046 nostri
989 4992 1244 5050 adventu.
1273 4989 1366 5061 qui
1396 5008 1490 5062 per
1519 5009 1581 5047 ea
1642 5001 1886 5062 tempora
1951 4995 2198 5060 emicuit,
2241 5013 2364 5052 cum
2422 4998 2491 5053 ad
2541 5014 2708 5053 unum
2759 4999 3038 5053 redactum
3098 4998 3456 5054 Romanorum
3496 4983 3704 5060 imperium

565 5078 744 5132 omnia
774 5079 1138 5144 obtinuisset,
1203 5089 1416 5136 veteres
1454 5081 1697 5152 gentium
1770 5081 2112 5148 differentiae,
2143 5093 2198 5140 et
2236 5087 2572 5158 multiplices
2623 5089 2962 5158 principatus
3011 5090 3200 5143 aboliti
3233 5100 3376 5152 sunt,
3408 5095 3550 5155 atque
3577 5068 3705 5132 exi”0

564 5169 784 5226 inhunc
808 5173 1050 5238 modum,
1112 5189 1231 5244 quae
1263 5173 1330 5228 ad
1375 5190 1563 5245 pacem
1601 5176 1960 5246 pertinerent,
2030 5195 2192 5250 quam
2234 5182 2512 5252 prOphetaz
2540 5183 2926 5253 praedixerant,
2962 5199 3025 5240 ea
3077 5184 3236 5240 linem
3273 5198 3426 5240 suum
3472 5173 3704 5238 coutinfere

564 5264 1137 5333 cmperint.Caelerum
1194 5268 1457 5323 hactenus
1506 5267 1728 5338 quidem
1793 5269 1980 5340 coepit,
2061 5278 2109 5325 te

2155 5287 2270 5343 lpus
2337 5283 2519 5327 autem
2586 5275 2787 5334 veniet.
2821 5293 2944 5330 cum
2977 5279 3294 5348 plenissime
3312 5269 3565 5347 prophetia
3607 5269 3704 5315 eo“?

565 5358 820 5427 plebitur,
852 5360 941 5413 ubi
974 5361 1214 5430 gentium
1262 5361 1542 5432 plenitudo
1570 5361 1818 5432 ingressa
1845 5362 1980 5417 illud
2010 5361 2195 5431 fuerit,
2229 5365 2374 5434 quod
2400 5381 2429 5419 a
2464 5375 2657 5424 sancto
2679 5368 2939 5440 Apostolo
2972 5369 3177 5427 dictum
3211 5376 3295 5425 est
3320 5370 3382 5422 ν’.

633 5617 654 5650 ⁷
688 5613 837 5674 Psal.
868 5634 1001 5696 tm
1027 5661 1041 5686 ,
1077 5621 1130 5678 8.
1207 5624 1225 5655 ⁸
1261 5621 1392 5680 ibid.
1435 5621 1481 5677 7.
1558 5624 1578 5655 ’
1620 5623 1725 5678 lsa.
1760 5641 1816 5688 ιι,
1870 5625 1920 5680 ι.
1996 5625 2038 5657 ⁹⁴
2078 5623 2182 5679 flor

936 5637 1001 5677 LXI
1027 5661 1041 5686 ,
1077 5621 1130 5678 8.
1207 5624 1225 5655 ⁸
1261 5621 1392 5680 ibid.
1435 5621 1481 5677 7.
1558 5624 1578 5655 ’
1620 5623 1725 5678 lsa.
1760 5641 1816 5688 ιι,
1870 5625 1920 5680 ι.
1996 5625 2038 5657 ⁹⁴
2078 5623 2239 5679 lion).
2275 5640 2367 5693 ll,
2397 5625 2485 5680 25.
