3922 6200
258 120 362 185 713

1153 112 1805 175 DEMONSTRATIONIS
1839 113 2298 175 EVANGELICAE
2330 116 2459 173 LlB.
2497 118 2587 179 IX.

3397 128 3500 182 7H

267 223 411 286 Ἀπὸ
470 225 576 279 τοῦ
610 222 999 302 ψαῷμαῢᾳριζκ
1027 254 1098 264 -
1121 225 1261 302 Περὶ
1304 226 1402 290 Ὠς
1434 223 1589 279 ἀννὰ
1618 223 1699 290 τῷ
1724 224 1833 291 υίῷ

1938 224 2101 298 459
2140 227 2185 282 Α
2241 230 2446 297 psalmo
2485 246 2651 288 cxvn.
2676 262 2746 271 —
2790 232 2867 288 De
2906 234 3304 302 acclamatione,
3352 237 3498 295 llos-

693 295 868 349 Δαϐὶδ
885 335 900 359 ,
929 296 1400 366 ἐπιφωνήματος.

333 432 352 463 ι
390 410 549 465 Λίθον
590 410 648 464 δν
689 410 1094 481 ἀπεδοκίμασαν
1125 412 1173 464 οἱ
1207 410 1608 482 οἰκοδομοῦντες
1635 451 1651 474 ,
1684 405 1835 475 οὗτος

256 502 486 575 ἐγενήθη
528 504 606 567 είς
649 502 886 573 κεφαλὴν
930 503 1150 571 γωνίας.
1191 501 1352 575 Παρὰ
1382 502 1589 577 Κυρίου
1623 503 1835 572 ἐγένετο

256 595 397 665 αῦτη
417 635 431 658 ,
455 596 548 647 καλ⁸
576 594 689 647 ἔστι
722 594 1003 663 θαυμαστὴ
1036 597 1093 648 ἐν
1124 593 1421 665 ὀφθαλμοῖς
1456 594 1631 666 ήμῶν.
1687 594 1834 666 Αὕτη

257 689 291 759 ἠ
316 687 497 759 ἡμέρα
535 690 600 758 ἣν
630 687 883 757 ἐποίησεν
912 689 940 739 6
973 687 1177 759 Κύριος
1197 727 1211 751 ,
1249 686 1702 758 ἁγαλλιασὼμεθα
1743 688 1837 740 καὶ

256 778 652 851 εὐφρανθῶμεν
708 780 764 831 ἐν
822 779 983 850 αὐτῇ.
1031 775 1101 831 Ὦ
1151 779 1362 851 Κύριε,
1424 779 1594 832 σῶσον
1649 779 1749 851 δὴ,
1790 774 1835 833 ὦ

257 870 467 941 Κύριε,
512 870 770 923 εὐόδωσον
812 870 895 940 δή.
942 870 1318 941 Εὐλογημένος
1368 873 1397 924 ὀ
1442 872 1732 943 ἐρχόμενος
1777 871 1835 925 ὲν

257 964 483 1034 ὀνόματι
525 963 747 1035 Κυρίου.
785 963 917 1027 Θεὸς
954 963 1155 1036 Κύριος
1196 964 1290 1017 καὶ
1327 964 1594 1033 ὲπέφανεν
1617 966 1771 1035 ἡμῖν.
1810 982 1828 1015 ι

260 1055 370 1108 Τοῦ
398 1056 647 1127 Σωτῆρος
682 1055 839 1128 ἡμῶν
882 1057 1057 1127 Ἰησοῦ
1084 1057 1319 1128 Χριστοῦ
1352 1057 1678 1121 εἰσελθόντος
1706 1057 1833 1110 ποτὲ

260 1153 348 1214 είς
393 1152 461 1205 τὰ
523 1153 883 1225 Ἱεροσόλυμα,
918 1154 1006 1207 ὅτε
1045 1155 1185 1209 κατὰ
1208 1154 1304 1226 τὴν
1337 1155 1442 1225 πρὸ
1474 1156 1677 1227 ταύτης
1704 1174 1835 1228 προ-

263 1245 491 1312 φητείαν
528 1246 815 1318 ὀχούμενος
852 1247 956 1318 ὄνῳ
993 1248 1090 1319 τὴν
1121 1249 1177 1301 ἐν
1212 1248 1289 1319 τῷ
1320 1249 1563 1321 Ζαχαρία
1590 1250 1833 1323 πρόρρη-

265 1351 355 1389 σιν
394 1337 650 1410 ἐπλήρου,
688 1338 826 1392 κατὰ
852 1339 944 1393 τὸν
984 1338 1125 1393 θεῖον
1161 1340 1579 1412 εὐαγγελιστὴν,
1613 1343 1662 1395 οἱ
1688 1342 1833 1412 ὄχλοι

262 1431 598 1500 προάγοντες
626 1431 786 1485 αὑτὸν
811 1432 901 1485 καὶ
924 1431 1341 1496 ἀκολουθοῦντες
1370 1434 1719 1505 ἐπευφήμουν
1748 1434 1835 1487 λε-

262 1541 489 1594 γοντες
533 1542 552 1574 ι
605 1522 691 1586 Ὠς
736 1524 869 1577 ἁννὰ
900 1523 977 1593 τῷ
1015 1523 1115 1595 υίῷ
1155 1524 1335 1577 Δαϐίδ.
1384 1525 1757 1596 Εὐλογημένος
1804 1529 1833 1581 6

262 1613 556 1686 ἐρχόμενος
587 1612 644 1665 ἐν
670 1611 892 1689 ὀνόματι
924 1612 1147 1684 Κυρίου,
1190 1612 1265 1675 ὼς
1307 1613 1443 1666 ἁννὰ
1480 1615 1536 1666 ἐν
1568 1614 1679 1675 τοῖς
1705 1612 1828 1682 ὑψί-

264 1723 434 1769 στοις.
472 1706 596 1759 Ὅτε
626 1705 718 1758 καὶ
742 1705 1069 1769 εἰσελθόντος
1094 1702 1257 1759 αὐτοῦ
1287 1708 1365 1770 είς
1387 1706 1454 1759 τὰ
1491 1705 1829 1778 Ἰεροσόλυμα

264 1795 483 1866 ἐσείσθη
516 1797 659 1848 πᾶσα
685 1797 716 1866 ὴ
747 1795 898 1859 πόλις
925 1796 1188 1865 λεγόντων
1208 1814 1220 1826 ·
1251 1797 1345 1859 Τίς
1372 1798 1517 1850 ἐστιν
1552 1789 1736 1859 οὗτος;
1768 1800 1828 1851 Οί

262 1886 322 1941 δὲ
362 1887 502 1958 ὄχλοι
542 1886 721 1953 ἔλεγον
746 1902 758 1914 ·
794 1879 960 1948 Οὗτός
989 1886 1132 1938 ἐστιν
1158 1888 1186 1939 6
1214 1890 1495 1957 προφήτης
1540 1885 1768 1955 Ἰησοῦς,
1803 1888 1832 1939 6

263 1977 374 2030 ἀπὸ
401 1974 648 2047 Ναζαρὲθ
694 1975 791 2045 τῆς
832 1975 1137 2040 Γαλιλαίας.
1174 1995 1191 2028 ι
1251 1976 1404 2030 Ἐπεὶ
1436 1978 1614 2030 τοίνυν
1645 1980 1710 2030 ἐκ
1738 1976 1829 2031 τοῦ

263 2068 623 2141 προκειμένου
674 2066 887 2138 ψαλμοῦ
925 2069 1172 2139 εἴρηται,
1218 2069 1317 2132 τὸ,
1364 2070 1449 2132 Ὡς
1496 2070 1648 2135 ἀννὰ,
1696 2071 1832 2141 ὅπερ

263 2160 595 2231 ἐρμηνευθέν
614 2159 787 2231 δηλοῖ,
823 2159 1000 2213 Σῶσον
1028 2159 1090 2231 δὴ
1107 2200 1121 2223 ,
1142 2160 1203 2213 τὸ
1226 2160 1282 2212 δέ
1324 2160 1626 2231 Ἐὂριῖκὸν,
1678 2162 1831 2215 Ἀννὰ

274 2249 503 2304 ’Δδωναῖ
526 2251 601 2311 ὼς
630 2249 785 2311 ἀννὰ,
818 2249 1077 2320 περιέχει.
1121 2249 1277 2301 Ἀλλὰ
1303 2251 1395 2303 καὶ
1416 2249 1478 2303 τὸ
1496 2292 1510 2316 ,
1548 2270 1564 2301 ι
1598 2251 1833 2322 Εὐλογη-

268 2342 429 2412 μένος
468 2344 495 2395 ὀ
525 2341 812 2413 ἐρχόμενος
857 2342 914 2394 ἐν
948 2341 1169 2412 ὀνόματι
1219 2342 1458 2413 Κυρίου,
1488 2362 1505 2394 ι
1539 2343 1832 2414 ἐπειδήπερ

265 2436 366 2488 καὶ
392 2434 523 2487 αὐτὸ
548 2434 654 2487 ἀπὸ
689 2432 781 2486 τοῦ
806 2432 969 2486 αὐτοῦ
994 2433 1210 2504 ψαλμοῦ
1241 2434 1592 2506 μετείληπται
1617 2477 1630 2500 ,
1661 2436 1831 2491 ταῦτα

262 2526 326 2581 δὲ
372 2526 555 2595 σαφῶς
594 2526 687 2577 ἐπὶ
729 2526 821 2578 τὸν
870 2525 1101 2596 Χριστὸν
1145 2524 1240 2578 τοῦ
1284 2525 1416 2579 Θεοῦ
1460 2528 1830 2599 ἁνενήνεκταιο

263 2617 492 2679 εἰκότως
541 2617 619 2679 είς
670 2615 829 2686 αὐτόν
885 2615 978 2668 καὶ
1020 2617 1088 2670 τὰ
1134 2616 1294 2671 λοιπὰ
1336 2617 1434 2687 τῆς
1479 2620 1831 2690 προρρήσεως

264 2708 648 2779 ἐξειλήφαμεν.
678 2702 843 2772 Οὗτος
864 2708 970 2780 γὰρ
1004 2707 1078 2761 ὢν
1112 2708 1366 2779 τυγχάνει
1398 2708 1773 2781 εὐλογημένος,
1804 2714 1832 2765 6

265 2800 365 2854 καὶ
408 2798 473 2851 δι’
503 2798 688 2869 ἐτέρου
714 2800 992 2871 προφήτου
1025 2800 1408 2871 ὠνομασμένος
1446 2803 1474 2854 6
1520 2801 1829 2873 ἐρχόμενος,

265 2890 364 2944 τοῦ
392 2892 685 2962 φήσαντος
733 2910 752 2944 ι
786 2892 905 2943 Ἔτι
947 2892 1169 2962 μικρὸν,
1199 2894 1292 2945 καὶ
1314 2895 1342 2945 6
1372 2893 1659 2964 ἐρχόμενος
1691 2895 1829 2966 ἥξει,

267 2986 364 3039 καὶ
398 2984 457 3037 οὐ
495 2983 568 3055 μὴ
612 2984 866 3055 χρονίσῃ,
922 3003 941 3036 ι
982 2985 1039 3048 ὃς
1083 2986 1177 3038 καὶ
1222 2985 1474 3056 ἐλήλυθεν
1508 2987 1567 3039 ἐν
1613 2987 1837 3058 ὀνόματι

267 3076 476 3150 Κυρίου
504 3074 598 3130 τοῦ
623 3076 779 3139 Θεοῦ,
812 3078 905 3130 καὶ
936 3076 1148 3148 Πατρὸς
1172 3076 1386 3130 ἑαυτοῦ.
1411 3079 1580 3140 Αὐτὸς
1599 3079 1643 3132 δ’
1667 3079 1731 3133 ἂν
1756 3081 1838 3150 εἴη

268 3170 367 3222 καὶ
409 3185 428 3219 ‹
464 3167 594 3230 Θεὸς
619 3167 821 3238 Κύριος
852 3170 883 3221 6
925 3168 1205 3236 ἐπιφανεὶς
1235 3169 1385 3239 ἡμῖν.
1428 3187 1446 3219 ι
1491 3170 1577 3224 Ἐν
1616 3170 1840 3241 ὀνόματι

267 3260 403 3330 γοῦν
441 3260 531 3315 τοῦ
572 3259 781 3331 Πατρός
822 3260 984 3313 αὑτοῦ
1021 3262 1269 3330 ὁμολογεί
1310 3262 1624 3333 ἐληλυθέναι
1667 3264 1840 3333 λέγων

268 3355 411 3426 πρὸς
459 3355 585 3418 τοὺς
632 3354 913 3417 Ἰουδαίους
939 3372 952 3385 ·
998 3372 1016 3405 ι
1062 3354 1200 3421 Ἐγὼ
1236 3355 1471 3426 ἐλήλυθα
1510 3359 1567 3409 ἐν
1610 3356 1685 3427 τῷ
1730 3358 1842 3411 ὀνό-

272 3463 407 3516 ματι
449 3443 541 3497 τοῦ
591 3444 798 3514 Πατρός
836 3461 935 3513 μου
960 3484 974 3508 ,
1008 3445 1102 3497 καὶ
1126 3446 1185 3497 οὐ
1205 3444 1511 3515 λαμϐάνετέ
1541 3464 1603 3514 με
1628 3463 1641 3477 ’
1682 3446 1840 3511 ἄλλος

265 3537 366 3590 ἐὰν
393 3536 516 3607 ἔλθῃ
558 3539 613 3601 ἐν
636 3535 713 3606 τῷ
737 3536 957 3605 ὀνόματι
989 3535 1066 3606 τῷ
1109 3536 1250 3607 ἰδίῳ,
1280 3538 1484 3592 ἐκεῖνον
1520 3537 1771 3608 λήψεσθε.
1814 3558 1833 3590 ι

265 3630 443 3692 Αὐτὸς
467 3630 530 3700 δὴ
552 3626 644 3683 οὖν
678 3631 705 3681 6
730 3628 1012 3697 ἐπιφανεὶς
1043 3630 1173 3699 ἡμῖν
1199 3627 1329 3692 Θεὸς
1361 3629 1561 3700 Κύριος
1582 3669 1595 3692 ,
1627 3631 1655 3682 6
1686 3630 1832 3683 εὐλο-

266 3724 531 3793 γημένος,
559 3724 587 3775 6
614 3721 782 3775 ἐλθὼν
809 3724 866 3775 ἐν
889 3722 1110 3791 ὀνόματι
1134 3722 1360 3792 Κυρίου,
1389 3723 1550 3786 αὐτὸς
1574 3719 1641 3793 ἦν
1678 3724 1771 3776 καὶ
1810 3724 1837 3775 6

265 3815 415 3879 λίθος
442 3856 455 3880 ,
493 3814 549 3867 ὃν
591 3814 997 3885 ἀπεδοκίμασαν
1036 3815 1083 3865 οἱ
1124 3813 1289 3867 πάλαι
1329 3814 1588 3886 πρότερον
1636 3815 1726 3870 τὸν
1774 3816 1837 3867 ἐκ

265 3906 574 3980 περιτομῆς
597 3905 723 3959 λαὸν
744 3905 831 3959 διὰ
854 3905 953 3975 τῆς
977 3905 1274 3974 Μωσαῖκῆς
1305 3904 1657 3970 διδασκαλίας
1688 3909 1833 3960 οἰκο-

265 3999 581 4072 δομοῦντες,
615 3998 673 4061 ὃς
702 4000 793 4052 καὶ
816 3995 1266 4067 ἀποδοκιμασθεὶς
1294 3998 1384 4049 ὑπ’
1408 3998 1613 4062 αὐτῶν,
1641 4001 1718 4062 είς
1749 4017 1838 4053 κε-

267 4091 446 4163 φαλὴν
476 4091 667 4163 ἐτέρας
690 4090 890 4158 γωνίας
914 4088 1012 4159 τῆς
1038 4088 1094 4151 ἐξ
1120 4087 1283 4141 ἐθνῶν
1327 4088 1647 4161 Ἐκκλησίας
1709 4108 1837 4143 κατ-

266 4186 425 4257 έστη,
451 4186 515 4257 ἢν
548 4185 622 4249 ὼς
653 4185 725 4255 μὴ
762 4186 877 4249 τοῖς
912 4184 1074 4235 πᾶσιν
1100 4181 1403 4253 ὁρωμένην,
1437 4183 1615 4254 μόνοις
1647 4182 1701 4237 δὲ
1725 4187 1836 4249 τοῖς

2462 318 2602 355 anna
2638 302 2751 371 [ilio
2784 301 2976 359 David.

2012 428 2031 462 ι
2066 410 2321 482 Lapidem
2352 430 2511 485 quem
2545 417 2975 486 reprobaverunt
3003 418 3368 486 aedificantes,
3415 423 3503 479 hic

1936 504 2113 560 factus
2127 514 2208 560 est
2228 504 2279 558 in
2298 515 2456 577 caput
2478 509 2679 578 anguli.
2700 509 2741 561 A
2760 507 2990 564 Domino
3012 510 3211 566 factum
3233 521 3316 567 est
3334 516 3499 580 istud,

1936 602 1990 651 et
2017 604 2101 652 est
2131 595 2380 651 mirabile
2425 598 2477 650 in
2508 598 2683 654 oculis
2718 601 2939 656 nostris.
2993 600 3118 657 Haec
3172 605 3287 659 dies
3338 622 3500 675 quam

1937 685 2064 742 fecit
2095 686 2375 752 Dominus,
2409 690 2743 745 exsultemus
2769 699 2823 745 et
2857 690 3101 747 laetemur
3133 693 3185 747 in
3208 711 3288 748 ea.
3324 693 3368 749 Ο
3398 695 3505 750 Do-

1935 779 2081 835 mine
2116 821 2131 843 ,
2186 779 2394 836 salvum
2431 783 2515 836 fac
2555 782 2667 851 jam
2704 798 2883 850 nunc;
2920 800 2953 838 ο
2991 784 3249 850 Domine,
3280 788 3346 841 da
3381 804 3502 857 pro-

1935 868 2133 926 fectum
2164 872 2276 941 jam
2322 890 2485 929 nunc.
2518 873 2843 930 Benedictus
2884 878 2977 947 qui
3008 880 3153 931 venit
3183 879 3235 932 in
3282 880 3501 933 nomine

1934 962 2147 1019 Domini
2181 984 2193 1019 :
2232 964 2648 1038 [Benediximus
2689 968 2845 1023 vobis
2879 968 2946 1025 de
2997 968 3159 1024 domo
3189 969 3401 1024 Domini
3438 968 3498 1042 :]

1934 1053 2079 1112 Deus
2110 1056 2455 1121 Dominus,et
2500 1058 2679 1111 illuxit
2721 1057 2880 1113 nobis
2932 1059 2992 1112 “.
3037 1079 3055 1111 ι
3095 1058 3374 1116 Salvatore
3402 1075 3502 1114 no-

1934 1156 2049 1203 stro
2085 1148 2211 1205 Jesu
2235 1149 2451 1205 Christo
2484 1149 2732 1221 ingresso
2759 1151 3029 1220 quondam
3064 1152 3117 1206 in
3146 1154 3333 1208 urbem
3362 1152 3490 1208 Hie-

1933 1239 2225 1311 rosolyma,
2254 1256 2362 1309 quo
2394 1248 2654 1310 tempore,
2688 1241 2828 1295 sicut
2858 1241 3160 1311 prophetia,
3186 1259 3346 1313 quam
3379 1259 3503 1314 pro-

1933 1333 2076 1387 xime
2105 1343 2230 1387 ante
2262 1334 2401 1387 hanc
2439 1333 2822 1403 exposuimus.
2854 1335 3126 1400 continet,
3177 1336 3303 1389 dum
3332 1337 3499 1392 asello

1933 1422 2176 1479 insidens
2208 1424 2452 1486 vehitur,
2488 1424 2644 1479 ﬁdem
2679 1426 2805 1480 huic
2848 1426 2927 1480 rei
2982 1426 3215 1480 faciente
3269 1441 3499 1497 evange-

1933 1513 2055 1569 lista
2078 1554 2093 1577 ,
2152 1515 2468 1569 vaticinium
2517 1517 2661 1585 quod
2695 1526 2779 1572 est
2814 1516 2955 1586 apud
3007 1515 3324 1571 Zachariam
3354 1533 3501 1573 com-

1937 1606 2120 1675 plevit,
2155 1606 2326 1661 turbae
2360 1622 2479 1677 qua:
2516 1608 2777 1677 prmibant
2819 1617 2873 1663 et
2931 1625 3050 1679 qua:
3099 1610 3497 1678 sequebantur,

1937 1696 2310 1751 acclamabant
2346 1699 2724 1754 henedicentes
2754 1717 2767 1754 :
2806 1719 2823 1749 ς
2858 1698 3108 1754 Hosanna
3157 1699 3265 1753 lilio
3305 1698 3494 1757 David.

1937 1788 2258 1845 Benedictus
2290 1791 2381 1860 qui
2412 1792 2561 1844 venit
2610 1790 2664 1845 in
2712 1793 2931 1847 nomine
2977 1790 3209 1857 Domini,
3252 1791 3498 1847 hosanna

1938 1881 1991 1936 in
2036 1882 2337 1938 altissimis.
2387 1881 2505 1950 Quo
2555 1883 2718 1938 etiam
2774 1888 3016 1953 tempore
3061 1897 3184 1937 cum
3238 1882 3498 1937 intrasset

1939 1969 2389 2041 Hierosolymam,
2418 1980 2687 2026 commota
2739 1980 2821 2028 est
2878 1974 3131 2028 universa
3172 1974 3383 2040 civitas,
3413 1973 3498 2029 di-

1938 2078 2067 2117 cens
2099 2082 2111 2116 :
2154 2062 2287 2129 Quis
2313 2070 2397 2118 est
2426 2063 2549 2119 hic?
2585 2063 2780 2119 Turbae
2828 2072 3005 2118 autem
3048 2065 3300 2121 dicebant
3334 2084 3348 2120 :
3399 2064 3499 2121 Hic

1937 2162 2020 2211 est
2048 2156 2306 2226 propheta
2354 2155 2513 2213 Jesus
2544 2173 2574 2212 a
2615 2156 2881 2213 Nazareth
2917 2157 3149 2213 Galilaea:
3179 2161 3241 2212 “.
3283 2179 3301 2210 ι
3352 2160 3499 2225 Quo-

1937 2249 2080 2303 niam
2121 2249 2285 2318 igitur
2315 2264 2382 2304 ex
2429 2250 2675 2320 proximo
2706 2252 2915 2321 psalmo
2943 2251 3146 2305 dictum
3181 2260 3265 2306 est
3325 2252 3454 2307 illud
3478 2292 3494 2315 ,

1938 2342 2204 2405 hosanna,
2237 2341 2382 2412 quod
2421 2342 2468 2398 si
2502 2344 2895 2413 interpreteris,
2938 2344 3228 2415 signiﬁcat,
3288 2346 3497 2400 salvum

1938 2431 2023 2487 {ac
2050 2433 2162 2501 jam
2210 2447 2387 2497 nunc,
2423 2442 2475 2488 et
2508 2432 2805 2489 Heb’raicus
2833 2443 3141 2503 contextus,
3178 2437 3330 2490 Anna
3354 2437 3498 2493 Ado-

1937 2526 2025 2579 nai
2056 2525 2321 2591 bosanna,
2370 2526 2563 2589 habet,
2626 2542 2836 2581 necnon
2896 2525 3071 2581 illud:
3122 2546 3141 2578 ι
3175 2526 3497 2585 Benedictus

1936 2620 2028 2690 qui
2051 2620 2197 2675 venit
2230 2619 2283 2673 in
2330 2620 2548 2673 nomine
2577 2618 2826 2684 Domini,
2877 2639 2896 2670 ι
2956 2622 3131 2689 ipsum
3171 2636 3387 2690 quoque
3429 2622 3496 2674 ah

1936 2712 2125 2767 eodem
2162 2712 2369 2782 psalmo
2397 2719 2480 2767 est
2512 2721 2816 2780 acceptum,
2851 2720 2905 2765 et
2942 2712 3055 2766 haec
3088 2714 3203 2781 ipsa
3241 2714 3397 2782 plane
3430 2714 3495 2767 ad

1935 2804 2213 2860 Christum
2272 2804 2439 2859 Deum
2494 2803 2684 2859 referri
2719 2810 2970 2859 constat:
3007 2805 3201 2858 merito
3243 2805 3309 2859 ad
3353 2822 3498 2860 eunt-

1937 2895 2058 2950 dem
2089 2896 2296 2967 reliqua
2329 2912 2543 2967 quoque
2580 2896 2822 2966 ejusdem
2871 2896 3111 2950 vaticinii
3156 2897 3255 2951 hoc
3288 2899 3340 2951 in
3378 2898 3497 2953 loco

1942 2988 2245 3045 retulimus.
2277 2987 2375 3042 Hic
2400 2986 2543 3045 enim
2582 2997 2664 3044 est
2716 2988 2805 3044 ille
2864 2989 3215 3051 benedictus,
3281 2991 3372 3061 qui
3430 2993 3497 3045 ah

1941 3077 2046 3132 alio
2076 3080 2333 3146 propheta
2355 3078 2579 3133 veniens
2606 3083 2689 3132 est
2735 3077 3047 3131 nominatus
3072 3116 3087 3141 ,
3136 3077 3226 3131 ubi
3262 3077 3342 3132 sic
3378 3078 3451 3132 ait
3482 3099 3494 3132 :

1946 3186 1966 3220 ι
2005 3167 2197 3222 Adhuc
2250 3169 2519 3223 modicum
2547 3208 2562 3231 ,
2606 3176 2661 3222 et
2699 3168 2920 3223 veniens
2954 3168 3133 3224 veniet
3163 3179 3350 3223 etnon
3387 3179 3498 3224 ων.

1940 3260 2090 3316 dabit
2115 3262 2177 3323 ",
2215 3280 2233 3312 ι
2270 3261 2362 3331 qui
2397 3262 2521 3316 item
2553 3260 2698 3315 venit
2751 3262 2803 3314 in
2848 3263 3065 3317 nomine
3102 3260 3193 3317 Dei
3236 3270 3290 3317 et
3317 3261 3497 3319 Patris

1941 3354 2046 3408 sui.
2083 3354 2227 3408 Idem
2263 3368 2391 3409 vero
2446 3351 2608 3407 fuerit
2649 3352 2811 3406 etiam
2848 3372 2867 3403 ‹
2926 3352 3069 3409 Deus
3108 3353 3368 3411 Dominus
3401 3357 3495 3427 qui

1940 3446 2116 3500 illuxit
2148 3446 2324 3501 nobis.
2365 3462 2383 3495 ι
2424 3443 2609 3514 Itaque
2651 3444 2706 3497 in
2760 3447 2977 3501 nomine
3002 3445 3180 3502 Patris
3210 3448 3292 3503 sui
3323 3447 3496 3504 conﬂ-

1938 3544 2083 3592 tetur
2111 3553 2170 3592 se
2200 3537 2415 3591 venisse
2452 3536 2520 3591 ad
2544 3535 2780 3600 Judmos,
2812 3536 2999 3593 dicens
3033 3556 3044 3591 :
3086 3555 3106 3590 ι
3144 3537 3254 3611 Ego
3285 3541 3407 3595 veni
3439 3540 3495 3596 in

1938 3630 2155 3684 nomine
2191 3627 2369 3683 Patris
2392 3630 2517 3691 mei,
2548 3637 2599 3683 et
2633 3643 2740 3682 non
2760 3629 3006 3697 accipitis
3029 3644 3131 3684 me.
3184 3630 3338 3686 Alius
3368 3648 3493 3687 cum

1936 3722 2144 3777 venerit
2175 3721 2228 3776 in
2264 3721 2483 3775 nomine
2524 3720 2744 3790 proprio
2770 3761 2785 3789 ,
2843 3720 2993 3774 illum
3047 3721 3326 3791 accipietis
3363 3724 3428 3775 ¹⁸.
3471 3744 3489 3775 ι

1939 3814 2037 3869 Hic
2070 3815 2185 3886 ipse
2208 3816 2394 3885 igitur,
2422 3814 2512 3883 qui
2548 3814 2723 3868 illuxit
2753 3814 2909 3870 nobis
2935 3813 3077 3869 Deus
3104 3814 3365 3875 Dominus
3402 3819 3498 3874 Le-

1937 3907 2205 3975 nedictus,
2236 3906 2327 3977 qui
2367 3907 2514 3961 venit
2563 3906 2617 3960 in
2658 3906 2873 3961 nomine
2920 3904 3173 3971 Domini,
3224 3908 3361 3979 lapis
3405 3909 3495 3968 ille

1937 3996 2059 4064 fuit,
2086 4013 2244 4068 quem
2275 3998 2718 4067 reprobaverunt,
2741 3998 2831 4067 qui
2855 3997 3123 4067 quondam
3147 4005 3307 4054 antea
3331 4014 3497 4071 popu-

1935 4089 2047 4143 lum
2081 4089 2499 4144 circumcisione
2526 4089 2829 4159 signatum,
2876 4088 3040 4161 460
3070 4104 3166 4159 per
3203 4088 3495 4147 Mosaicam

1937 4181 2238 4236 doctrinam
2264 4180 2603 4236 aediﬁcabant
2634 4200 2646 4236 :
2677 4181 2768 4252 qui
2793 4182 2916 4237 item
2952 4182 3019 4235 ab
3043 4181 3151 4237 illis
3175 4184 3496 4254 reprobatus

268 4279 626 4351 προφητικῶς
681 4274 1009 4345 ὀφθαλμοῖς,
1059 4272 1373 4344 θαυμαστὴν
1414 4270 1551 4328 εἶναί
1601 4292 1763 4347 φησιν
1806 4278 1833 4329 6

1938 4270 1992 4324 in
2022 4271 2196 4341 capite
2227 4271 2451 4327 alterius
2481 4272 2687 4342 anguli,
2719 4272 2958 4327 collecta:
2994 4271 3182 4342 utique
3223 4273 3290 4329 de
3317 4275 3495 4346 genti-

267 4368 426 4436 λὸγος
453 4368 672 4437 φάσκων
702 4384 715 4397 ε
769 4385 786 4416 ι
819 4367 929 4419 Καὶ
966 4365 1077 4417 ἐστι
1124 4365 1409 4435 θαυμαστὴ
1448 4366 1504 4418 ὲν
1538 4366 1831 4436 ὀφθαλμοῖς

267 4461 447 4535 ἡμῶν.
494 4481 512 4512 ι
546 4460 654 4531 Τὴν
678 4459 734 4512 δὲ
771 4458 1087 4527 ἐπιφάνειαν
1114 4458 1271 4511 αὐτοῦ
1305 4459 1463 4511 πάλιν
1487 4458 1696 4530 ἡμέραν
1717 4458 1832 4511 ὀνο-

272 4553 455 4627 μάζει,
488 4555 552 4622 ἣν
578 4551 828 4623 ἐποίησεν
858 4552 886 4603 6
911 4549 1131 4621 Κύριος,
1160 4550 1281 4603 ἐπεὶ
1314 4550 1407 4603 καὶ
1437 4550 1549 4619 φῶς
1575 4546 1643 4621 ἦν
1675 4551 1832 4613 αὐτὸς

267 4646 331 4700 τὸ
361 4644 627 4716 ἀληθινὸν,
667 4642 761 4696 καὶ
805 4641 953 4712 ἥλιος
994 4639 1335 4710 δικαιοσύνης
1358 4681 1372 4705 ,
1412 4639 1505 4692 καὶ
1527 4640 1710 4711 ἡμέρα
1739 4636 1829 4691 τοῦ

267 4737 407 4793 Θεοῦ
428 4778 442 4799 ,
470 4739 526 4788 ἐν
611 4736 817 4804 γένοιτο
846 4733 940 4787 καὶ
965 4734 1111 4804 ἡμᾶς
1141 4733 1310 4784 εἰπεῖν
1341 4750 1354 4762 ·
1391 4750 1408 4784 ι
1428 4731 1571 4803 Αὕτη
1596 4732 1831 4803 ήήμέρα

265 4831 336 4905 ἢν
366 4830 612 4899 ἐποίησεν
645 4829 673 4880 6
709 4826 909 4897 Κύριος
930 4866 944 4887 ,
981 4822 1432 4893 ἀγαλλιασὼμεθα
1472 4824 1565 4876 καὶ
1598 4824 1830 4893 εὐφραν-

267 4922 455 4993 θῶμεν
472 4922 528 4973 ἐν
543 4921 700 4990 αὐτῇ.
714 4937 732 4969 ι
756 4918 865 4971 Καὶ
884 4915 1085 4970 τούτων
1101 4916 1159 4969 δὲ
1180 4914 1364 4969 τοῦτον
1388 4932 1649 4986 συντετμη
1658 4915 1830 4985 μένων

263 5012 362 5068 τὸν
402 5013 633 5083 τρόπον,
672 5008 860 5081 καιρὸς
908 5008 1002 5061 καὶ
1050 5009 1141 5061 ἐπὶ
1180 5006 1277 5072 τὰς
1316 5007 1443 5078 περὶ
1486 5006 1577 5059 τοῦ
1628 5006 1831 5072 πάθους

264 5105 434 5161 αὐτοῦ
468 5102 765 5176 μεταϐῆναι
791 5100 1141 5173 προφητείας.

1935 4364 2037 4419 bus
2063 4362 2336 4431 Ecclesiae,
2362 4372 2444 4421 est
2467 4365 2817 4431 constitutus,
2840 4380 2999 4436 quam
3021 4381 3151 4421 sane
3163 4365 3490 4433 Ecclesiam,

1935 4469 2045 4509 non
2079 4461 2133 4509 ut
2155 4470 2271 4509 eam
2301 4471 2419 4525 qua
2445 4456 2513 4511 ab
2541 4457 2793 4511 omnibus
2816 4496 2831 4521 ,
2883 4456 2975 4512 sed
3006 4464 3065 4511 ut
3118 4473 3236 4512 eam
3267 4474 3385 4537 quae
3428 4459 3497 4514 ab

1937 4548 2061 4603 unis
2100 4548 2429 4618 propheticis
2450 4549 2622 4604 oculis
2646 4557 2920 4613 cernatur,
2944 4548 3313 4605 admirabilem
3349 4566 3493 4615 esse,

1937 4639 2011 4693 ait
2044 4639 2343 4703 oraculum,
2365 4639 2451 4693 ubi
2480 4641 2558 4695 sic
2582 4640 2655 4693 ait
2684 4658 2698 4695 :
2740 4659 2757 4691 ι
2785 4640 2849 4694 Ει
2869 4649 2951 4695 est
2974 4641 3285 4695 mirabilein
3323 4642 3496 4697 oculis

1935 4732 2157 4787 nostris.
2182 4750 2201 4782 ι
2238 4731 2536 4785 Adventum
2567 4747 2696 4786 vero
2724 4732 2842 4802 ejus
2864 4770 2878 4795 ,
2909 4748 3101 4788 rursus
3146 4731 3287 4787 diem
3320 4733 3496 4787 nomi-

1934 4832 2070 4889 nat,
2134 4838 2293 4894 quam
2348 4822 2475 4879 fecit
2532 4823 2832 4891 Dominus,
2890 4823 3325 4895 quandoquidem
3379 4824 3495 4894 ipse

1937 4916 2096 4972 etiam
2126 4915 2218 4970 lux
2245 4915 2345 4969 fuit
2376 4930 2521 4982 vera,
2553 4922 2606 4971 et
2634 4916 2715 4971 sol
2754 4915 3003 4986 iustitiae,
3047 4925 3100 4971 et
3126 4916 3241 4972 dies
3275 4914 3407 4979 Dei,
3439 4915 3496 4969 in

1936 5024 2041 5080 qua
2071 5008 2277 5062 utinam
2306 5008 2460 5063 nobis
2482 5023 2697 5079 quoque
2719 5007 2902 5063 dicere
2934 5008 3091 5063 liceat
3118 5027 3132 5062 :
3172 5025 3190 5059 ι
3225 5005 3348 5061 Haec
3379 5005 3496 5061 dies

1936 5114 2098 5170 quam
2155 5098 2281 5154 fecit
2328 5098 2589 5154 Dominus
2626 5139 2643 5165 ,
2688 5098 3023 5155 exsultemus
3069 5107 3122 5154 et
3163 5099 3408 5154 laetemur
3438 5099 3495 5154 in

262 5222 355 5262 ea.
394 5223 411 5255 ι
447 5203 709 5258 Caeterum
758 5215 881 5254 cum
926 5198 1042 5253 haec
1077 5213 1108 5252 a
1137 5198 1295 5253 nobis
1329 5199 1384 5253 in
1417 5197 1563 5253 hunc
1610 5198 1829 5254 modum
1866 5197 2103 5253 breviter
2130 5196 2524 5269 comprehensa
2583 5197 2713 5265 sint,
2759 5203 2976 5268 tempus
3021 5195 3133 5268 jam
3177 5195 3384 5263 fuerit,
3425 5192 3496 5252 ad

264 5311 366 5354 eas
388 5310 507 5367 qua:
537 5295 604 5350 de
644 5292 897 5363 passione
933 5289 1078 5346 illius
1136 5292 1450 5361 loquuntur,
1482 5291 1821 5362 prophetias,
1862 5291 2115 5348 transire.

343 5478 388 5511 ¹⁹
430 5474 574 5531 Psal.
611 5492 753 5531 cxvu
779 5520 791 5541 ,
825 5475 1021 5529 2-3-26.
1100 5471 1139 5502 ”
1178 5468 1370 5524 Matth.
1404 5483 1524 5533 XXI.
1555 5467 1717 5539 9-H.
1787 5469 1829 5503 ¹²

1938 5468 2073 5525 ὡτιο.
2114 5488 2181 5536 ιι,
2218 5471 2252 5525 3
2350 5470 2392 5503 ¹³
2430 5467 2590 5526 Joan.
2622 5486 2688 5536 v,
2722 5466 2813 5527 45.

547 5682 814 5742 Ριτιιοι..
851 5676 964 5744 Gtt.
1014 5671 1219 5739 XXI].
