3922 6200
2 971 111 1103 ὩΣ

1160 175 1804 240 DEMONSTRATIONIS
1840 186 2291 248 EVANGELICE
2327 194 2457 253 LIB.
2494 197 2561 251 X.

3373 216 3476 275 718

254 282 364 338 καὶ
390 283 488 355 τὴν
525 283 789 358 ἀπαρχὴν
813 286 907 341 τοῦ
938 278 1045 343 τῶν
1089 290 1389 364 ἀνθρώπων
1411 297 1601 365 γένους
1644 301 1798 353 καλλι

1926 314 2226 373 serventur,
2283 308 2410 363 dum
2466 327 2622 369 sacro
2682 332 2906 374 munere
2963 320 3219 392 fungitur.
3264 339 3474 398 patrem

250 377 631 447 ερησάμενος,
668 382 1041 451 προσηγάγετο
1081 385 1159 455 τῷ
1187 387 1380 458 Πατρὶ,
1422 389 1491 443 δι’
1523 383 1583 443 οῦ
1627 393 1719 444 καὶ
1757 397 1822 465 τῇ

248 467 373 520 τῶν
394 467 695 539 ’ἀνθρώπων
735 470 977 544 ὡμίλησε
1010 474 1186 544 φύσει,
1220 479 1318 531 οὐκ
1353 480 1524 544 ἄλλως
1552 482 1823 558 δυναμένῃ

248 559 437 627 Λόγου
462 560 595 612 θεοῦ
625 561 717 614 καὶ
741 563 1017 635 δυνάμεως
1037 568 1324 640 ἀσωμάτου
1350 574 1442 625 καὶ
1472 577 1662 645 νοερᾶς
1689 577 1823 647 ἐπη-

250 651 378 721 κόῳ
408 653 674 719 γενέσθαι,
708 656 826 708 οὐδέ
857 674 909 709 τι
960 658 1141 729 μεῖζον
1180 664 1395 734 σαρκῶν
1439 668 1530 719 καὶ
1559 669 1822 737 σωμάτων

242 739 327 792 δι’
355 740 642 811 όρθαλμῶν
683 746 883 815 σαρκὸς
912 748 1211 819 ἐπινοῆσαι.
1246 753 1387 806 Ὅσα
1426 754 1605 808 τοίνυν
1636 758 1727 809 ἐπὶ
1763 758 1822 811 τὸ

245 832 634 903 ταπεινότερον
656 834 853 901 δόξειεν
882 838 938 890 ἐν
963 843 1072 903 τοῖς
1100 846 1474 914 προκειμένοις
1501 850 1627 921 περὶ
1658 851 1818 904 αὑτοῦ

238 920 525 990 λέγεσθαι,
544 925 710 980 ταῦτα
733 928 820 981 τὸν
849 931 1037 1001 Ἀμνὸν
1062 935 1191 1004 ὀρᾷν
1216 936 1308 989 τοῦ
1325 920 1582 1003 Θεοῦ,τὸν
1602 942 1820 1013 αἴροντα

240 1014 357 1085 τὴν
388 1017 655 1087 ἁμαρτίαν
678 1019 768 1071 τοῦ
806 1021 1029 1092 κόσμου,
1064 1028 1155 1079 καὶ
1195 1027 1254 1080 τὸ
1290 1031 1485 1100 σκῆνος
1523 1034 1582 1086 τὸ
1610 1036 1818 1107 ἀνθρώ-

238 1122 414 1158 πειον
468 1108 753 1164 ὑποϐάλλει
804 1118 961 1169 νοεῖν.
1025 1118 1215 1187 ’Λμνὸς
1249 1122 1345 1191 μὲν
1376 1123 1485 1195 γάρ
1530 1121 1599 1197 ἦν
1651 1129 1819 1201 αἴρων

241 1194 354 1265 τὴν
380 1198 647 1269 ἁμαρτίαν
671 1202 762 1255 τοῦ
795 1205 1017 1276 κόσμου,
1037 1208 1175 1263 κατὰ
1195 1211 1284 1264 τὸν
1313 1194 1614 1289 Βαπτιστῆν
1643 1194 1819 1275 Ἰωάν-

241 1304 354 1358 νην
392 1289 473 1341 τὸν
518 1290 771 1360 λέγονταο
819 1315 838 1346 ‹
876 1298 968 1351 ἰδὲ
995 1302 1023 1352 6
1063 1301 1252 1372 Ἀμνὸς
1287 1304 1378 1357 τοῦ
1410 1307 1562 1373 Θεοῦ,
1597 1313 1625 1364 6
1651 1312 1817 1384 αἴρων

242 1378 353 1449 τὴν
388 1382 651 1453 ἁμαρτίαν
704 1386 794 1439 τοῦ
828 1388 1029 1461 κόσμου
1050 1409 1063 1421 ·
1099 1411 1117 1443 ι
1155 1396 1321 1465 ἀμνὸς
1350 1398 1405 1450 δὲ
1438 1396 1504 1471 ἦν
1531 1403 1621 1455 καὶ
1663 1406 1691 1457 6
1714 1378 1818 1460 ’ἐπὶ

247 1474 466 1542 σφαγὴν
492 1476 769 1545 ἀγόμενος,
805 1481 942 1533 κατὰ
973 1482 1033 1535 τὸ
1078 1486 1226 1556 παρὰ
1267 1488 1343 1560 τῷ
1401 1490 1592 1564 Ἡσαΐᾳ
1641 1495 1816 1565 λόγιον

249 1565 485 1632 φάσκονσ
531 1587 548 1618 ι
591 1570 675 1632 Ὡς
704 1570 967 1641 πρόϐατον
1016 1576 1109 1628 ἐπὶ
1153 1580 1362 1651 σφαγὴν
1391 1583 1527 1655 ῆχθη
1551 1625 1566 1648 ,
1606 1588 1699 1639 καὶ
1739 1587 1814 1651 ὡς

244 1655 422 1725 ἀμνὸς
454 1659 692 1712 ἐναντίον
740 1662 832 1715 τοῦ
882 1664 1156 1736 κείροντος
1196 1669 1428 1738 ἄφωνος.
1480 1693 1498 1724 ι
1539 1676 1673 1746 Περὶ
1715 1678 1809 1731 τοῦ

245 1745 412 1797 αὑτοῦ
439 1747 490 1798 δὲ
521 1748 594 1811 ώς
628 1751 753 1821 περὶ
792 1754 963 1823 ἀμνοῦ
997 1755 1211 1825 ἐλέγετο
1250 1762 1341 1814 καὶ
1370 1762 1449 1827 τὸ,
1486 1782 1504 1815 ι
1546 1745 1674 1820 Ἀπὸ
1703 1769 1810 1823 τῶν

244 1836 524 1908 ἁμαρτιῶν
552 1840 642 1893 τοῦ
667 1842 793 1896 λαοῦ
822 1862 921 1914 μου
946 1847 1083 1919 ἤχθη
1108 1852 1187 1914 είς
1219 1851 1443 1909 θάνατον
1463 1872 1475 1884 ·
1514 1876 1532 1907 ι
1566 1857 1670 1912 ἔδει
1703 1861 1810 1933 γὰρ

239 1927 340 1981 τὸν
384 1930 569 2000 Ἀμνὸν
599 1934 691 1986 τοῦ
724 1934 856 1989 Θεοῦ
882 1938 972 1991 τὸν
1002 1941 1105 1994 ὑπὸ
1130 1942 1220 1995 τοῦ
1249 1946 1484 2014 μεγάλου
1513 1927 1809 2022 ἀρχιερέως

234 2022 610 2092 ἀναληφθέντα
641 2029 778 2099 ὑπὲρ
799 2030 906 2084 τῶν
944 2032 1143 2087 λοιπῶν
1180 2039 1452 2107 συγγενῶν
1479 2042 1684 2111 ἀμνῶν,
1714 2046 1806 2098 καὶ

236 2114 385 2185 ὑπὲρ
410 2118 582 2188 πάσης
613 2123 711 2192 τῆς
740 2122 1084 2197 ἀνθρωπίνης
1110 2128 1308 2201 ἀγέλης
1349 2130 1535 2187 θυσίαν
1578 2135 1654 2206 τῷ
1682 2136 1800 2207 Θεῷ

236 2207 629 2279 προσαχθῆναι.
676 2231 693 2262 ι
754 2214 965 2288 Ἐπειδὴ
1021 2218 1130 2287 γὰρ
1186 2220 1251 2273 δι’
1313 2223 1597 2296 ἀνορώπου
1638 2229 1667 2279 ὁ
1708 2229 1803 2281 θά-

233 2315 396 2361 varo;
430 2301 519 2352 καὶ
553 2303 616 2354 δι’
656 2304 935 2377 ἀνθρώπου
966 2312 997 2380 ή
1026 2311 1313 2377 ἀνάστασις
1353 2317 1386 2385 ἡ
1420 2317 1484 2369 ὲκ
1526 2319 1749 2389 νεκρῶν,
1776 2340 1796 2372 ο

236 2391 404 2460 φησιν
430 2394 457 2444 6
500 2393 812 2458 Ἀπόστολος
830 2414 843 2425 ·
882 2400 972 2451 καὶ
1002 2418 1020 2450 ι
1044 2400 1231 2473 ὥσπερ
1263 2403 1327 2457 δι’
1351 2405 1469 2469 ἐνὸς
1507 2410 1803 2479 παραπτώ-

118 2523 135 2533 .
236 2498 411 2551 ματος
446 2485 523 2546 εἰς
572 2485 773 2551 πάντας
806 2488 1121 2560 ἀνθρώπους
1165 2495 1243 2555 είς
1274 2495 1617 2568 κατάκριμα,
1662 2499 1801 2553 οὕτω

231 2574 332 2626 καί
358 2574 423 2626 δι’
457 2575 572 2640 ἐνὸς
604 2578 965 2651 δικαιώματος
1002 2586 1080 2647 είς
1115 2585 1319 2650 πάντας
1361 2587 1680 2659 ἀνθρώπους
1719 2594 1799 2657 εἰς

228 2665 514 2721 δικαίωσιν
544 2669 715 2741 ζωῆς·
754 2691 771 2721 ι
810 2673 960 2727 ἔνθεν
990 2677 1082 2729 καὶ
1114 2678 1277 2741 αὐτὸς
1316 2680 1440 2744 τοὺς
1478 2682 1573 2751 μὲν
1606 2685 1797 2738 ἑαυτοῦ

226 2758 483 2830 μαθητὰς
512 2759 652 2832 ζωὴν
690 2764 782 2816 καὶ
811 2766 925 2834 φῶς
968 2770 1059 2820 καὶ
1092 2769 1362 2840 ’ἀλήθειαν
1403 2774 1592 2827 ἑαυτὸν
1637 2771 1795 2840 εἶναι,

44 2876 61 2931 ᾖ
100 2870 121 2877 ·ί
223 2852 327 2904 καὶ
356 2852 456 2915 τὰς
502 2853 693 2918 λοιπὰς
739 2858 979 2923 ἐπινοίας
1021 2860 1120 2930 τῆς
1170 2863 1290 2915 κατ’
1317 2865 1479 2919 αὐτὸν
1523 2865 1795 2938 θεολογίας

223 2941 503 3010 ἐπαίδευε,
526 2949 634 3010 τοῖς
654 2947 708 2999 δὲ
732 2950 996 3022 ἀμυήτοις
1020 2952 1127 3006 τῶν
1154 2957 1270 3007 κατ’
1292 2956 1451 3010 αὐτὸν
1475 2961 1793 3031 ἀπορρήτων

223 3033 736 3060 ιδ--.---νι·ι.ηγγ
813 3046 833 3058 ο
935 3045 946 3060 ο
1130 3049 1150 3060 ..
1278 3048 1362 3060 ..λ
1604 3052 1624 3060 ..
1733 3052 1743 3060 .

1900 2968 2003 3023 tuis
2030 2969 2091 3033 '7,
2136 2989 2155 3021 ι
2185 2941 2360 3039 inquit
2390 2971 2699 3041 Apostolus,
2727 2981 2779 3026 et
2807 2992 2826 3023 ι
2865 2974 3005 3028 sicut
3036 2990 3131 3044 per
3169 2978 3329 3033 unius
3351 2981 3445 3034 de-

216 3033 412 3103 ἔλεγε·
449 3056 467 3087 ι
489 3038 552 3090 Τί
586 3058 652 3110 με
681 3042 891 3111 ζητεῖτε
922 3045 1238 3100 ἀποκτεῖναι
1270 3048 1573 3121 ἄνθρωπον,
1602 3052 1659 3114 ὃς
1694 3052 1790 3123 τὴν

1900 3058 2073 3112 [ictum
2124 3060 2177 3113 in
2207 3076 2394 3116 omnes
2425 3062 2667 3125 homines
2699 3064 2754 3116 in
2781 3065 3278 3122 condemnationem
3298 3109 3313 3133 ,
3364 3071 3444 3125 sic

2 2970 59 2981 σον-

215 3126 485 3197 ἀλήθειαν
509 3132 632 3201 ὑμῖν
659 3132 957 3206 λελάληκα;
979 3156 996 3187 ι
1028 3138 1235 3211 Ὥσπερ
1268 3136 1361 3193 οὖν
1392 3140 1460 3193 τὰ
1486 3142 1585 3212 τῆς
1614 3144 1789 3198 θεολο-

214 3221 351 3289 γίας
394 3222 654 3294 ἰδιώματα
695 3228 753 3280 ἐν
799 3232 910 3292 τοῖς
957 3229 1261 3301 ἔμπροσθεν
1302 3233 1651 3300 ἀποδέδοται,
1701 3237 1791 3291 τὸν

212 3312 411 3383 ὅμοιον
451 3315 513 3386 δὴ
557 3317 755 3389 τρόπον
805 3321 1081 3375 κάνταῦθα
1118 3322 1211 3376 τοῦ
1262 3324 1434 3395 ἀμνοῦ
1482 3326 1551 3379 τὰ
1580 3327 1789 3399 ἀνθρω-

214 3406 446 3477 ποποιθῆ
484 3413 922 3482 παραστήσεται,
953 3414 1058 3467 τῶν
1107 3416 1212 3487 πρὸ
1249 3415 1342 3469 τοῦ
1377 3417 1581 3482 πάθους
1621 3420 1785 3474 αὐτοῦ

212 3498 412 3569 μέσων
445 3499 630 3567 ὄντων,
666 3504 800 3574 ὁμοῦ
835 3522 893 3559 τε
928 3505 1113 3577 ἄμφω,
1148 3508 1217 3561 τά
1246 3525 1304 3561 τε
1346 3509 1485 3562 κατά
1533 3510 1625 3563 τὸν
1656 3512 1785 3566 Θεὸν

210 3590 318 3643 καὶ
362 3592 433 3644 τὰ
482 3596 618 3648 κατά
662 3597 752 3650 τὸν
799 3598 1080 3671 ἄνθρωπον
1120 3602 1281 3655 αὑτοῦ
1338 3604 1782 3676 περιειληφότων.

212 3681 441 3737 Τούτων
487 3690 768 3761 χρησίμως
813 3694 942 3762 ἡμῖν
987 3697 1511 3769 προτετηρημένων,
1546 3700 1647 3770 ἤδη
1695 3703 1786 3754 καὶ

209 3776 328 3831 τῶν
360 3778 554 3847 λογίων
593 3783 771 3837 αὐτῶν
805 3786 1156 3857 ὲφαψώμεθα,
1187 3791 1313 3861 περὶ
1342 3792 1441 3862 τῆς
1485 3792 1649 3845 Ἰούδα
1691 3792 1783 3845 τοῦ

211 3871 502 3941 προδότου,
524 3876 614 3928 καὶ
645 3876 751 3929 τῶν
785 3879 881 3931 σὺν
912 3878 1059 3949 αὐτῷ
1090 3880 1229 3934 κατά
1246 3880 1339 3935 τοῦ
1368 3883 1604 3954 Χριστοῦ
1636 3900 1785 3952 γενο-

1922 408 2084 449 suum
2112 407 2318 454 exorat.
2358 401 2509 457 Alias
2541 412 2717 461 autem
2747 415 3001 480 tanquam
3044 422 3097 467 et
3141 416 3324 486 Agnus
3356 422 3475 490 Dei.

1922 486 2016 554 qui
2071 490 2219 542 tollat
2245 502 2465 560 peccata
2521 499 2726 562 mundi,
2759 509 2811 553 et
2840 504 2955 557 ovis
2987 520 3107 574 qua:
3154 510 3221 563 ad
3276 486 3474 571 caulem

1923 576 2171 636 ducatur.
2216 581 2329 637 Hoc
2359 594 2537 640 autem
2573 587 2673 642 fuit
2708 590 2882 660 ipsum
2923 594 3215 653 humanum
3250 618 3469 675 corpus,

1921 669 2066 738 quod
2117 672 2204 727 ille
2239 674 2412 729 instar
2462 679 2585 747 agni
2632 688 2792 750 atque
2819 684 2956 749 ovis,
2994 702 3114 742 eum
3165 692 3231 746 de
3286 669 3471 753 nostra

1918 776 2080 832 grege
2116 766 2280 820 veluti
2308 766 2556 824 Pontifex
2608 775 3025 843 assumpsisset,
3082 782 3335 849 primitiis
3371 790 3471 843 hu-

1919 856 2065 908 mani
2116 859 2332 927 generis
2378 859 2556 917 fauste
2602 863 2938 936 feliciterque
2991 877 3265 941 operatus,
3324 879 3470 938 Patri

1920 958 2118 1001 munus
2153 950 2353 1014 attulit,
2384 966 2481 1021 per
2511 953 2654 1023 quod
2683 956 2843 1011 etiam
2867 973 2987 1013 cum
3016 962 3248 1020 humana
3276 980 3469 1028 natura

1917 1039 2300 1094 commercium
2350 1042 2553 1111 habuit,
2588 1062 2707 1117 qua:
2738 1049 2938 1119 alioqui
2974 1068 3147 1123 neque
3201 1056 3293 1113 Dei
3338 1061 3470 1117 Ver-

1916 1128 2067 1193 bum,
2098 1147 2273 1202 neque
2322 1135 2428 1189 vim
2466 1137 2833 1209 incorpoream
2896 1152 3053 1214 atque
3085 1150 3466 1221 intelligentcm

1915 1223 2172 1279 exaudire
2200 1232 2291 1279 aut
2333 1228 2605 1298 percipere
2638 1233 2919 1299 potuisset,
2972 1252 3144 1306 neque
3173 1242 3465 1313 quidquam

1917 1329 2078 1384 supra
2105 1331 2321 1373 carnem
2376 1328 2467 1373 aut
2497 1336 2692 1390 corpus
2739 1340 2834 1393 per
2865 1329 3051 1384 oculos
3081 1336 3327 1402 corporis
3384 1338 3465 1390 in-

1914 1407 2074 1461 tueri.
2106 1408 2450 1480 Quaecunque
2500 1414 2662 1483 igitur
2713 1415 2779 1471 de
2830 1420 2921 1474 illo
2974 1422 3027 1474 in
3064 1424 3145 1479 his
3174 1443 3293 1495 qum
3321 1444 3464 1483 nunc

1910 1506 2233 1565 tractamus,
2279 1503 2536 1558 humilius
2573 1506 2939 1579 abjectiusque
2978 1514 3083 1567 dici
3117 1517 3461 1583 videbuntur,

1911 1604 1977 1651 ea
2010 1600 2253 1660 spectare
2272 1593 2479 1663 Agnum
2510 1592 2624 1658 Dei,
2657 1600 2747 1665 qui
2771 1602 2907 1654 tollit
2940 1613 3215 1672 peccatum
3252 1609 3457 1671 mundi,

1911 1693 2217 1750 corpusque
2268 1684 2397 1736 illud
2448 1684 2766 1753 humanum,
2809 1694 3118 1749 meminisse
3170 1698 3457 1765 oportebit.

1910 1769 2097 1839 Agnus
2121 1771 2209 1825 ille
2235 1772 2449 1851 quidem
2478 1773 2599 1840 fuit,
2632 1778 2825 1833 tollens
2855 1791 3134 1849 peccatum
3168 1787 3375 1851 mundi,
3400 1795 3460 1842 ut

1907 1858 2145 1942 Baptista
2172 1859 2409 1917 Joannes
2430 1845 2698 1923 .diccbat:
2736 1889 2752 1920 ι
2810 1845 2968 1936 Ecce,
3020 1876 3212 1943 inquit,
3272 1845 3458 1948 Agnus

1908 1952 2023 2017 Dei,
2052 1956 2142 2023 qui
2167 1956 2307 2009 tollit
2338 1966 2621 2024 peccatum
2649 1961 2834 2015 mundi
2869 1964 2931 2031 1";
2964 1983 2982 2014 ι
3006 1982 3179 2034 agnus
3204 1968 3351 2035 item,
3384 1971 3454 2026 ad

1906 2046 2103 2100 caedem
2155 2047 2369 2112 ductus,
2406 2056 2464 2108 ut
2500 2061 2582 2105 est
2617 2052 2670 2105 in
2716 2052 2863 2109 Isaia:
2903 2059 3176 2127 prophetae
3211 2065 3454 2130 oraculo,

1903 2139 2047 2207 quod
2100 2139 2173 2192 ita
2212 2140 2286 2193 ait
2321 2160 2334 2193 :
2377 2159 2396 2191 ι
2434 2140 2714 2212 Tanquam
2745 2147 2861 2201 ovis
2902 2148 2968 2201 ad
3011 2154 3207 2207 caedem
3259 2155 3456 2212 ductus

1903 2234 2006 2286 est.
2064 2234 2118 2281 et
2167 2236 2423 2299 tanquam
2473 2246 2643 2301 agnus
2701 2248 2881 2288 coram
2953 2240 3208 2296 tondente
3261 2245 3455 2298 obmu-

1902 2319 2005 2371 tuit
2039 2320 2101 2374 ⁸³.
2137 2338 2154 2370 ι
2196 2318 2268 2375 De
2295 2320 2483 2376 eodem
2520 2339 2649 2379 vero
2703 2333 2959 2396 tanquam
3008 2330 3075 2385 de
3129 2348 3266 2402 agno
3288 2338 3452 2391 etiam

1900 2409 2029 2463 illud
2062 2410 2263 2465 dictum
2291 2420 2369 2466 est
2410 2431 2423 2467 :
2463 2432 2480 2465 ι
2516 2412 2592 2467 Ex
2622 2420 2860 2485 peccatis
2906 2421 3089 2489 populi
3124 2425 3223 2477 mei
3252 2424 3450 2483 ductus

1898 2509 1983 2555 est
2010 2502 2076 2555 ad
2107 2512 2331 2558 mortem
2364 2506 2406 2536 ¹⁶
2443 2524 2455 2559 :
2496 2525 2515 2558 ι
2547 2509 2827 2576 oportebat
2883 2511 3025 2565 enim
3072 2512 3279 2584 Agnum
3330 2516 3446 2578 Dei.

1899 2596 1992 2665 qui
2020 2611 2050 2649 a
2083 2598 2317 2653 maximo
2341 2597 2600 2656 Pentiﬁce
2635 2611 2945 2672 assumptus
2977 2604 3174 2673 fuerat,
3225 2624 3323 2677 pro
3364 2626 3450 2667 re-

1899 2688 2058 2759 liquis
2084 2690 2327 2760 cognatis
2358 2695 2532 2762 agnis,
2563 2704 2617 2749 et
2650 2710 2745 2765 pro
2777 2698 2921 2751 omni
2982 2698 3215 2753 humano
3264 2718 3444 2774 grege.

1899 2780 2007 2837 Deo
2033 2783 2307 2837 victimam
2359 2787 2562 2841 aﬂ‘erri.
2620 2788 2751 2842 Nam
2791 2809 2808 2840 ι
2849 2794 3101 2861 quoniam
3140 2810 3235 2863 per
3274 2796 3447 2850 homi-

1896 2889 2018 2929 nem
2050 2891 2217 2941 mors,
2269 2892 2364 2947 per
2391 2877 2663 2933 hominem
2694 2881 2855 2934 etiam
2889 2887 3216 2939 resurrectio
3241 2901 3271 2938 a
3301 2904 3447 2943 mor-

1890 3164 1984 3218 per
2008 3150 2168 3205 unius
2195 3150 2483 3220 justitiam,
2518 3153 2572 3205 in
2599 3168 2788 3208 omnes
2824 3154 3068 3212 homines
3097 3158 3151 3212 in
3174 3159 3444 3228 justiﬁca-

1887 3240 2087 3295 tionem
2117 3242 2240 3295 vita:
2273 3243 2338 3307 ιθ,
2395 3263 2413 3296 ι
2447 3260 2514 3298 ex
2546 3244 2649 3298 hoc
2676 3245 2791 3315 ipse
2819 3262 3034 3317 quoque
3061 3250 3175 3304 suis
3222 3251 3439 3321 quidem

1889 3331 2170 3401 discipulis
2197 3348 2255 3388 se
2279 3339 2332 3387 et
2356 3333 2544 3399 vitam,
2569 3343 2621 3390 et
2650 3336 2848 3402 lucem,
2883 3348 2936 3394 et
2979 3341 3256 3396 veritatem
3296 3356 3436 3404 esse.

1885 3430 1939 3480 et
1972 3425 2175 3494 reliqua
2208 3425 2367 3497 463
2415 3428 2596 3481 omnia
2647 3442 2766 3497 qua:
2814 3444 2879 3483 ex
2929 3431 3194 3507 theplogia
3228 3433 3295 3490 de
3346 3436 3439 3491 illo

1882 3516 2323 3583 considerantur,
2349 3518 2689 3575 ostendebat.
2720 3519 2802 3574 Ad
2832 3522 3089 3589 profanos
3120 3535 3331 3593 autem,
3385 3536 3439 3582 et

1883 3623 2204 3663 arcanorum
2258 3610 2429 3680 ipsius
2484 3623 2732 3683 expertes
2790 3615 3043 3670 dicebat:
3081 3635 3099 3667 ι
3162 3618 3300 3683 Quid
3354 3635 3439 3676 me

1884 3700 2125 3770 quaeritis
2152 3700 2455 3758 interﬁcere
2483 3703 2787 3770 hominem,
2822 3707 2913 3775 qui
2968 3707 3243 3762 veritatem
3282 3710 3437 3765 vobis

1888 3795 2102 3852 locutus
2131 3813 2249 3853 sum
2273 3798 2348 3851 "7
2383 3818 2402 3851 ι
2424 3798 2884 3865 Quemadmodum
2906 3801 3070 3870 igitur
3094 3818 3213 3871 quae
3235 3802 3438 3857 theolo-

1885 3888 1986 3959 gia:
2013 3890 2081 3943 de
2108 3889 2201 3945 illo
2228 3890 2444 3959 propria
2473 3899 2636 3957 sunt,
2681 3893 2735 3946 in
2784 3893 3059 3962 prioribus
3110 3894 3265 3949 libris
3309 3903 3436 3949 sunt

212 3962 394 4033 μένης
426 3968 709 4038 συσκευῆς,
746 3970 870 4041 περί
900 3989 959 4024 τε
1003 3973 1110 4026 τῶν
1142 3975 1284 4044 ἀμφὶ
1323 3975 1413 4029 τὸν
1464 3977 1653 4047 καιρὸν
1686 3976 1779 4031 τοῦ

1900 3979 2152 4049 :xposita,
2172 3980 2245 4032 ita
2277 3980 2330 4033 in
2361 3981 2465 4035 hoc
2491 3996 2611 4051 quae
2639 3982 2706 4037 ad
2737 3984 2861 4053 agni
2898 3982 3162 4038 humanas
3192 3982 3433 4039 aﬂ‘ectioo

210 4054 422 4120 πάθους
452 4059 614 4113 αὑτοῦ
650 4062 1088 4134 συμϐεϐηκότων.

1900 4086 2001 4135 ies,
2025 4072 2406 4141 patibilemque
2438 4082 2685 4127 naturam
2715 4075 3003 4145 pertinent,
3023 4076 3434 4134 tractabuntur;

208 4165 339 4221 qua:
380 4155 540 4209 medii
571 4155 853 4226 cujusdam
884 4160 1057 4215 instar
1094 4160 1274 4227 tuere,
1301 4161 1368 4216 ad
1412 4177 1475 4218 ea
1520 4178 1639 4233 quae
1688 4163 1992 4233 passionem
2046 4163 2194 4220 illius
2240 4174 2670 4232 antecesserunt,
2720 4176 2774 4223 et
2848 4178 3074 4238 utraque
3113 4168 3276 4225 simul
3319 4180 3432 4224 tum

208 4258 281 4299 ea
308 4260 429 4315 quae
473 4246 539 4301 ad
580 4244 743 4303 Deum
779 4251 1081 4320 pertinent,
1113 4259 1227 4306 tum
1265 4266 1325 4306 ea
1355 4269 1475 4323 qua:
1518 4255 1585 4309 ad
1624 4254 1919 4321 hominem,
1974 4254 2068 4324 qui
2111 4255 2203 4310 ille
2249 4264 2387 4323 erat,
2424 4260 2703 4328 complexa
2740 4267 2888 4314 sunt.
2925 4256 3218 4343 Postquam
3270 4262 3437 4333 igitur

208 4339 332 4394 hac
360 4342 568 4397 anobis
596 4358 702 4397 non
756 4345 1021 4400 inutiliter
1065 4345 1376 4416 observatas
1428 4355 1745 4418 retentaque
1784 4354 1932 4412 sunt,
1987 4348 2100 4417 jam
2133 4354 2245 4401 tum
2296 4349 2413 4418 ipsa
2469 4352 2633 4405 etiam
2681 4350 2901 4405 oracula
2940 4339 3165 4422 aggredi
3219 4361 3434 4425 tempus

205 4446 337 4487 esse
362 4432 590 4498 videtur,
623 4451 743 4505 quae
762 4446 816 4491 et
843 4437 1033 4493 Judam
1058 4440 1413 4509 proditorem,
1442 4457 1673 4512 cumque
1703 4457 1769 4497 eo
1808 4440 2043 4496 futuram
2078 4444 2339 4499 adversus
2371 4442 2648 4501 Christum
2677 4446 3151 4516 conspirationem,
3205 4454 3261 4503 et
3313 4463 3434 4518 qua

202 4525 293 4581 illi
323 4527 426 4582 sub
446 4527 621 4597 ipsum
656 4531 924 4599 passionis
952 4543 1161 4603 tempus
1189 4544 1445 4590 eventura
1472 4545 1655 4601 erant,
1690 4536 2089 4617 signiﬁcabant.

220 4641 379 4727 Ἀπὸ.
402 4643 666 4727 ψαλμοῦ.
675 4653 753 4715 μ’.
791 4680 861 4727 -τ-
895 4648 1035 4727 μερζ
1092 4650 1282 4727 Ἰούδα
1312 4651 1770 4727 τοῦῌπροὸόζου,

1900 4652 1914 4707 l
1945 4655 2150 4720 psalmo
2179 4670 2266 4727 τι..
2299 4685 2365 4693 -
2399 4653 2475 4727 De
2504 4654 2967 4727 Judarproditore,
2994 4663 3045 4710 et
3086 4658 3151 4711 iis
3176 4659 3265 4727 qui
3306 4674 3427 4711 cum

280 4712 404 4791 καὶ.
424 4711 541 4791 τῷν
582 4711 734 4791 Δσὺὶθ,
772 4720 925 4783 αὐτῷ
970 4711 1092 4786 ’τὴν
1148 4720 1296 4773 κατὰ
1346 4721 1451 4775 τοῦ
1497 4711 1770 4791 Σωτῆρος

1944 4711 2002 4778 eo
2059 4726 2281 4779 insidias
2339 4724 2588 4780 adversus
2644 4711 2978 4782 S'alvatoren't
3034 4711 3271 4782 nostrum
3302 4744 3430 4781 cou-

200 4826 211 4835 .
277 4780 449 4852 ἡμῶν
467 4785 793 4855 ἐπιϐουλὴν
813 4780 1383 4859 συσκευασαμένων.

282 4918 303 4951 ι
331 4900 613 4972 Μακάριος
648 4903 677 4954 6
705 4901 897 4954 συνιὼν
930 4903 1022 4955 ἐπὶ
1071 4906 1284 4975 πτωχὸν
1318 4905 1411 4959 καὶ
1451 4906 1681 4978 πένητα,
1712 4906 1773 4959 ἑν

193 4994 276 5065 ius
289 4990 391 5063 ἐρα
414 4994 623 5065 πονηρᾷ
656 4992 870 5065 ῥύσεται
897 4994 1058 5048 αὐτὸν
1088 4998 1117 5049 6
1150 4996 1372 5070 Κύριος.
1421 4995 1621 5068 Κύριος
1652 4997 1769 5050 δια-

193 5083 438 5154 φυλάξαι
457 5086 639 5151 αὐτὸν,
656 5088 748 5141 καὶ¹
772 5085 931 5160 ζήσαι
957 5089 1135 5151 αὑτὸν,
1161 5090 1255 5144 καὶ
1288 5090 1586 5162 μακαρίσαι
1608 5090 1770 5144 αὑτὸν

193 5178 253 5229 ὲν
289 5179 360 5248 τῇ
379 5179 470 5250 τῇ,
504 5178 598 5233 καὶ
639 5178 712 5251 μὴ
744 5180 970 5252 παραδῷ
1011 5181 1172 5235 αὐτὸν
1203 5183 1286 5246 εἰς
1325 5185 1514 5254 χεῖρας
1556 5182 1767 5254 ἐχθρῶν

201 5269 389 5324 αὐτοῦ.
425 5271 623 5344 Κύριος
653 5270 906 5345 βοηθήσει
930 5272 1078 5344 αὐτῷ
1108 5275 1201 5327 ἐπὶ
1236 5273 1424 5345 κλίνης
1452 5272 1641 5346 ὀδύνης
1672 5273 1769 5327 αὺ-

200 5359 320 5426 τοῦ,
346 5361 469 5433 ὃλην
492 5362 589 5435 τὴν
616 5363 802 5436 κοίτην
832 5363 995 5419 αὑτοῦ
1028 5364 1291 5438 ἔστρεψας
1311 5367 1368 5419 ὲν
1388 5367 1454 5436 τῇ
1488 5364 1767 5438 ἀρρωστίᾳ

202 5455 385 5510 αὐτοῦ.
428 5455 567 5524 Ἐγὼ
605 5453 766 5512 εἶπαι
813 5458 1021 5529 Κύριε,
1074 5457 1296 5527 ἐλέησόν
1326 5474 1433 5529 με,
1469 5456 1618 5511 ἴασαι
1665 5458 1764 5527 τὴν

269 5565 317 5596 ⁸⁵
352 5565 509 5625 Joan.
544 5586 587 5636 ι,
628 5570 717 5626 29.
844 5572 885 5604 ¹¹
924 5571 1028 5628 lsa.
1079 5588 1205 5636 LIII,
1242 5573 1293 5636 'l,
1433 5574 1475 5606 ¹⁶
1516 5573 1647 5629 ibid.
1682 5574 1734 5629 8.

202 5647 297 5693 riu
320 5680 335 5705 ,
373 5638 459 5693 40.

844 5572 885 5604 "
924 5571 1028 5628 lsa.
1079 5588 1205 5638 LIII,
1242 5573 1293 5641 7,

1943 4804 2205 4850 struxere.

1946 4927 1968 4960 ι
1990 4908 2188 4964 Beatus
2206 4909 2299 4979 qui
2328 4908 2575 4980 intelligit
2593 4923 2756 4978 super
2780 4924 3007 4980 egenum
3035 4918 3090 4964 et
3116 4922 3425 4980 pauperem,

1875 4998 1932 5053 in
1974 4999 2060 5054 die
2080 4999 2221 5053 mala
2254 4999 2506 5055 liberabit
2536 5015 2657 5055 eum
2690 4999 2967 5054 Dominus.
3007 4997 3268 5054 Dominus
3294 5013 3431 5054 con-

1876 5099 2051 5146 servet
2077 5105 2222 5155 eum,
2255 5097 2309 5145 et
2334 5090 2566 5147 viviﬁcet
2589 5107 2711 5147 eum
2733 5131 2748 5157 ,
2785 5101 2838 5147 et
2863 5094 3078 5146 beatum
3110 5090 3273 5146 faciat
3298 5106 3423 5147 eum

1872 5183 1930 5238 in
1959 5191 2124 5249 terra,
2151 5192 2337 5240 etnon
2380 5184 2557 5239 tradat
2585 5200 2711 5240 eum
2739 5185 2795 5238 in
2842 5199 3036 5240 manus
3080 5183 3422 5240 inimicorum

1872 5277 2012 5346 ejus.
2047 5275 2309 5331 Dominus
2336 5290 2493 5346 opem
2530 5276 2665 5330 feret
2690 5275 2767 5329 illi
2798 5289 2963 5345 super
2991 5276 3187 5329 lectum
3222 5275 3425 5330 doloris

1871 5370 2012 5440 ejus,
2038 5368 2352 5425 universum
2390 5376 2621 5425 stratum
2644 5368 2762 5437 ejus
2776 5367 3006 5423 versasti
3035 5367 3089 5421 in
3119 5366 3424 5422 inﬁrmitate

1869 5460 2010 5531 ejus.
2036 5458 2148 5530 Ego
2160 5459 2271 5516 dixi
2300 5479 2313 5515 :
2343 5458 2591 5526 Domine,
2612 5460 2871 5515 miserere
2898 5459 3171 5524 mei,sana
3185 5459 3421 5515 animam

1876 5575 2104 5633 "lCor.
2144 5593 2246 5644 xv,
2306 5576 2395 5633 21.
2545 5578 2588 5611 ¹⁸
2628 5576 2784 5634 Rom.
2822 5595 2888 5644 v,
2935 5578 3047 5641 i8.
3168 5575 3208 5607 "
3268 5573 3421 5631 Joan.
