3922 6200
478 170 591 227 719
1128 163 1419 221 ’EUSEBII
1454 162 1933 217 CIESARIENSIS
1971 162 2120 218 υΡΡ.
2165 162 2344 218 PARS
2378 164 2445 219 ll.
2486 194 2556 205 -—
2590 161 3091 220 APOLOGETICA.
3602 164 3728 220 m

482 281 820 352 meam,quia
836 279 1063 348 peccavi
1092 278 1225 343 tibi;
1252 276 1462 331 inimici
1497 276 1604 330 mei
1629 275 1886 331 dixerunt
1912 278 2052 331 mala

2160 278 2328 351 i'UX'hV
2359 296 2457 351 μου
2481 318 2495 342 ,
2530 280 2612 332 ὅτι
2643 279 2887 351 ἧμαρτόν
2935 280 3036 333 σοι.
3088 279 3150 332 Oi
3180 278 3365 350 ἐχθροί
3412 295 3511 349 μου
3557 275 3730 334 εἶπεν

483 374 620 431 mihi
646 372 896 442 :quando
916 369 1197 435 morietur,
1227 379 1280 424 et
1315 369 1511 439 peribit
1541 385 1738 424 nomen
1781 371 1901 439 ejus
1932 372 1954 425 ?
1986 371 2049 425 Et

2160 370 2297 425 κακά
2326 389 2415 442 μοι
2433 389 2445 401 ·
2491 372 2621 425 πότε
2656 371 3004 426 ἀποθανεῖται
3035 372 3131 426 καὶ
3159 370 3441 425 ἀπολεῖται
3469 372 3528 426 τὸ
3548 373 3732 443 ὄνομα

478 468 532 525 si
553 463 955 537 ingrediebatur
969 471 1026 515 ut
1038 461 1267 525 videret,
1291 476 1430 515 vana
1456 461 1781 532 loquebatur
1794 478 1890 517 cor
1905 463 2046 534 ejus,

483 556 831 629 congregavit
855 553 1198 624 iniquitatem
1230 554 1356 618 sibi,
1391 554 1769 624 egrediebatur
1797 554 1965 619 foras,
1996 564 2051 610 et

483 649 805 722 loquebatur
834 647 891 701 in
916 646 1200 716 idipsum},
1254 645 1542 701 adversum
1570 661 1658 700 me
1689 648 2051 703 susurrabant

483 758 673 800 omnes
724 740 933 795 inimici
966 738 1094 803 mei,
1133 737 1425 793 adversum
1455 753 1541 795 me
1563 739 1876 809 cogitabant
1907 741 2050 794 mala

483 836 637 899 mibi,
666 834 892 890 verbum
921 832 1169 902 iniquum
1192 829 1598 887 constituerunt
1614 830 1904 887 adversum
1940 847 2048 896 me,

478 928 731 1000 nunquid
765 925 860 996 qui
888 924 1111 993 dormit,
1133 939 1244 980 non
1274 922 1497 993 adjiciet
1526 930 1586 977 ut
1616 932 1869 994 resurgat
1903 924 1926 977 ?
1977 931 2053 978 et-

478 1025 631 1080 enim
663 1023 826 1077 bomo
878 1020 1031 1092 pacis
1052 1034 1186 1075 mea
1212 1058 1228 1085 ,
1260 1019 1317 1074 in
1349 1032 1459 1090 quo
1476 1017 1713 1088 speravi,
1743 1018 1837 1089 qui
1859 1017 2053 1073 edebat

488 1131 659 1187 panes
691 1128 863 1181 meos,
898 1112 1269 1184 magnilicavit
1312 1126 1477 1181 super
1522 1125 1611 1167 me
1666 1112 2058 1183 supplantatio-

490 1226 636 1268 nem.
669 1209 747 1264 Tu
779 1216 984 1274 autem,
1002 1206 1251 1271 Domine,
1277 1205 1536 1261 miserere
1560 1205 1761 1269 mei,et
1782 1204 2053 1260 resuscita

489 1319 598 1367 me,
628 1310 682 1357 et
711 1301 1004 1357 retribuam
1040 1300 1118 1354 eis
1144 1316 1159 1365 ;
1190 1299 1245 1354 in
1277 1297 1380 1353 hoc
1402 1296 1633 1368 cognovi
1667 1295 1814 1368 quod
1835 1297 2054 1353 voluisti

491 1412 600 1458 me,
625 1394 881 1466 quoniam
908 1390 1071 1465 ἀ,θᾷ
1088 1406 1196 1445 non
1218 1391 1475 1461 gaudebit
1496 1390 1755 1447 inimicus
1782 1405 1936 1447 meus
1967 1405 2057 1446 su-

492 1503 588 1557 per
604 1502 710 1549 me,
736 1501 823 1541 me
834 1494 1012 1540 autem
1033 1488 1254 1552 propter
1273 1480 1641 1536 innocentiam
1668 1480 1980 1551 suscepisti,
2001 1486 2057 1535 et

490 1577 831 1634 conﬁrmasti
873 1590 959 1630 me
988 1574 1043 1628 in
1078 1580 1373 1643 conspectu
1429 1580 1522 1627 tuo
1547 1571 1602 1626 in
1626 1581 1888 1627 aeternum
1921 1573 1987 1624 ³ο.
2029 1589 2049 1625 ι

494 1668 762 1735 Quoniam
794 1666 1040 1722 nonnulli
1060 1665 1320 1734 suspicati
1334 1670 1462 1718 sunt
1477 1664 1675 1720 librum
1692 1666 2053 1731 Psalmorum,

493 1762 730 1833 hymnos
750 1766 959 1813 tantum
994 1761 1049 1812 in
1073 1757 1242 1811 Deum
1260 1764 1314 1811 et
1341 1756 1585 1810 carmina
1602 1756 1903 1829 theologica
1922 1772 2055 1813 con-

492 1855 690 1917 tinere,
722 1852 985 1924 praesagia
1013 1865 1143 1907 vero
1173 1858 1265 1904 aut
1291 1849 1357 1904 de
1388 1847 1553 1906 rebus
1592 1848 1790 1905 futuris
1823 1851 2058 1921 prophe-

493 1945 604 1999 tias
628 1959 737 1999 non
761 1945 912 2007 item,
939 1942 1171 2013 primum
1200 1939 1333 1996 illud
1359 1939 2059 2012 eritobservandum,quod

496 2032 920 2089 innumerabilia
966 2038 1125 2094 sunt,
1161 2044 1285 2099 quae
1324 2027 1377 2081 in
1414 2028 1522 2083 illis
1553 2027 1733 2083 futura
1764 2040 2057 2094 canuntur,

496 2142 618 2205 quae
642 2125 861 2197 quidem
910 2126 1130 2195 longum
1163 2129 1307 2177 esset
1338 2120 1395 2174 in
1444 2121 1734 2191 praesentia
1780 2121 2057 2191 colligere,

498 2217 596 2275 sed
607 2219 741 2275 satis
765 2216 933 2275 fuerit
950 2216 1020 2271 ad
1039 2213 1267 2284 hujusce
1283 2212 1549 2283 propositi
1563 2212 2057 2278 confirmationem,

497 2311 713 2371 duobus
741 2325 890 2367 nunc
939 2310 1020 2364 uti
1051 2307 1301 2382 psalmis,
1326 2306 1422 2377 qui
1475 2305 1579 2375 ipsi
1611 2305 1828 2375 quidem
1878 2304 2062 2377 Asaph

496 2403 748 2474 inscripti
781 2408 928 2466 sunt,
958 2398 1086 2455 dicti
1133 2413 1262 2454 vero
1301 2397 1475 2467 ipsius
1509 2394 1677 2449 David
1702 2395 2057 2464 temporibus.

492 2497 656 2553 'Tunc
677 2494 821 2551 enim
853 2506 978 2547 cum
1008 2491 1188 2561 Asaph
1226 2505 1368 2545 unus
1384 2494 1530 2544 esset
1554 2501 1620 2539 ex
1662 2485 1729 2540 iis
1756 2484 1891 2539 viris
1937 2497 2062 2538 san-

492 2589 604 2645 ctis
624 2586 716 2657 qui
738 2584 975 2655 psalmos
1003 2582 1291 2646 canebant,
1320 2590 1381 2636 ut
1433 2581 1696 2649 scriptum
1717 2585 1800 2632 est
1835 2577 1893 2631 in
1922 2564 2064 2630 libro

499 2680 595 2752 qui
628 2677 1069 2745 Paralipomenon
1101 2674 1439 2737 inscribitur,
1480 2672 1719 2743 psalmos
1747 2669 1839 2740 qui
1874 2668 1951 2722 illi
1977 2674 2063 2721 at-

498 2771 839 2833 tribuuntur,
876 2766 1063 2821 divino
1092 2764 1303 2827 amatus
1347 2764 1550 2835 Spiritu
1580 2760 1898 2819 enuntiavit.
1924 2759 2063 2828 Quid

501 2865 668 2936 igitur
696 2859 1074 2932 hujuscemodi
1099 2857 1295 2930 psalmi
1320 2856 1603 2913 continent
1632 2856 1655 2909 ?
1685 2854 1945 2909 nimirum
1976 2867 2065 2908 va-

502 2957 713 3021 ticinia,
771 2955 971 3026 quibus
1013 2952 1325 3007 Judaeorum
1372 2950 1534 3021 regia:
1563 2949 1801 3005 civitatis
1830 2946 2061 3002 vastatio

498 3047 833 3121 pmdicitur,
861 3060 983 3116 qua:
1016 3042 1249 3098 vastatio
1267 3039 1468 3096 Judazis
1499 3038 1697 3094 accidit
1721 3053 1863 3093 anno
1893 3034 2058 3092 circi-

496 3152 588 3198 ter
611 3136 1047 3211 quingentesimo
1081 3143 1207 3205 post
1237 3132 1506 3204 ejusmodi
1549 3130 1889 3186 vaticinium.
1921 3128 2062 3199 Ergo

502 3232 746 3304 psalmus
766 3231 1195 3300 septuagesimus
1216 3223 1543 3293 tertius,rqui
1557 3223 1868 3277 intellectus
1880 3219 2063 3289 Asaph

500 3322 846 3385 inscribitur,
875 3320 950 3374 ita
983 3319 1142 3373 habet
1172 3336 1185 3372 :
1210 3314 1313 3371 «Ut
1334 3314 1488 3387 quid,
1520 3313 1687 3380 Deus,
1727 3311 1977 3385 repulisti
2006 3311 2063 3365 in

500 3411 717 3468 ﬁnem?
770 3411 940 3466 iratus
978 3416 1065 3465 est
1094 3407 1246 3462 furor
1301 3414 1430 3460 tuus
1480 3418 1643 3473 super
1692 3417 1820 3458 oves
1849 3415 2064 3471 pascua:

502 3504 652 3559 tum?
682 3516 890 3558 memor
905 3510 1024 3557 esto
1053 3495 1496 3570 congregationis
1518 3502 1654 3559 tuae,
1687 3508 1850 3564 quam
1883 3507 2065 3562 posse-

502 3594 636 3650 disti
668 3595 736 3650 ab
790 3593 967 3661 initio,
1019 3591 1297 3647 redemisti
1327 3590 1533 3661 virgam
1563 3585 1896 3643 hereditatis
1926 3594 2061 3649 tuae,

503 3697 665 3743 mons
707 3684 839 3742 Sion
867 3686 977 3753 hic,
997 3686 1052 3741 in
1084 3701 1193 3755 quo
1222 3682 1480 3739 babitasti
1512 3682 1566 3737 in
1594 3695 1680 3746 eo,
1717 3679 1837 3735 leva
1867 3693 2063 3734 manus

500 3788 629 3837 tuas
661 3780 718 3835 in
738 3779 1021 3850 superbias
1048 3791 1237 3833 eorum
1268 3776 1324 3830 in
1353 3775 1536 3841 ﬁnem,
1562 3780 1766 3844 quanta
1793 3770 2064 3841 maligna-

500 3879 595 3928 tus
623 3878 708 3928 est
738 3870 992 3927 inimicus
1022 3871 1079 3924 in
1109 3868 1314 3925 sanctis
1376 3865 1487 3921 tuis
1510 3904 1525 3929 ,
1564 3874 1619 3920 et
1665 3862 1885 3936 gloriati
1935 3867 2064 3917 sunt

503 3963 598 4033 qui
622 3962 858 4018 oderunt
887 3970 939 4016 te
968 3960 1024 4015 in
1050 3957 1226 4014 medio
1253 3954 1610 4013 solemnitatis
1625 3961 1751 4017 tuae,
1766 3960 2064 4024 posuerunt

500 4057 659 4128 signa
691 4071 790 4111 sua
817 4055 971 4125 signa
1004 4073 1017 4108 :
1043 4063 1097 4108 et
1118 4067 1226 4107 non
1253 4060 1624 4122 cognoverunt
1658 4049 1802 4105 sicut
1833 4048 1888 4103 in
1915 4046 2061 4102 exitu

504 4149 759 4218 desuper,
784 4146 939 4217 quasi
969 4146 1025 4199 in
1048 4145 1181 4201 silva
1205 4144 1478 4213 lignorum
1529 4140 1816 4198 securibus
1842 4138 2062 4196 excide-

503 4245 636 4292 runt
653 4238 850 4308 januas
874 4236 995 4305 ejus
1039 4235 1092 4288 in
1123 4234 1377 4303 idipsum,
1405 4233 1459 4286 in
1488 4231 1669 4288 securi
1702 4238 1755 4287 et
1782 4237 1934 4286 vecte
1961 4229 2058 4285 de-

501 4328 755 4397 iecerunt
779 4342 920 4390 eam,
971 4325 1332 4381 incenderunt
1349 4323 1459 4393 igni
1481 4322 1853 4378 sanctuarium
1883 4330 2059 4384 tuum,

2148 463 2351 529 αὐτοῦς
2396 464 2506 518 Καὶ
2537 465 2587 517 εί
2618 462 2996 535 εἰσεπορεύετο
3013 464 3109 519 τοῦ
3144 465 3272 518 ίδεῖν
3294 505 3309 529 ,
3340 465 3517 536 μάτην
3545 466 3733 523 ἐλάλει

2150 557 2183 627 ἡ
2214 556 2407 628 καρδία
2440 554 2625 621 αὑτοῦ,
2661 558 2965 629 συνήγαγεν
2997 557 3226 627 ἀνομίαν
3254 558 3454 630 ἐαυτῷ.
3501 560 3731 625 Ἐξεπο-

2152 649 2339 720 ρεύετο
2372 649 2633 715 ἕξω,καὶ
2663 648 2837 705 ἐλάλει
2858 651 2962 704 οέπὶ
2989 650 3049 703 τὸ
3072 650 3221 704 αὑτό.
3261 651 3395 705 Κατ’
3435 650 3569 723 ἐμοῦ
3606 654 3733 723 £44.-

2151 740 2367 814 θύριζον
2401 746 2601 807 πάντες
2635 744 2684 797 οἱ
2717 742 2899 815 ἐχθροί
2934 759 3058 815 μου,
3103 746 3223 797 κατ’
3253 744 3389 816 ἐμοῦ
3418 746 3731 814 ἐλογίζοντο

2151 836 2296 890 κακά
2309 853 2417 907 μοι.
2438 836 2528 908 Μὴ
2544 838 2572 890 6
2588 834 2926 907 κοιμώμενος
2940 835 3059 906 οὐχ).
3071 835 3367 908 προσθήσει
3379 837 3473 891 τοῦ

2148 946 2238 983 ναι
2259 929 2381 994 ;καὶ
2392 928 2834 1000 γάρὸἄνθρωπος
2863 928 2964 999 τῆς
2984 929 3203 999 εἰρήνης
3227 946 3349 1000 μου,
3372 931 3457 999 ἐφ’
3477 931 3539 983 ὃν
3564 930 3735 1003 ἤλπι-

2155 1023 2286 1085 σα,ὁ
2310 1020 2500 1074 ἐσθίων
2523 1022 2720 1093 ἄρτους
2747 1038 2868 1092 μου,
2895 1019 3226 1091 ἐμεγάλυνεν
3245 1022 3329 1074 ἐπ’
3361 1024 3460 1093 ἐμὲ
3500 1041 3734 1095 πτερνιο

2155 1112 2310 1183 σμόν.
2328 1114 2398 1165 Σὺ
2414 1113 2491 1177 δὲ,
2507 1114 2701 1185 Κύριε,
2722 1112 2938 1183 ἐλέησόν
2958 1130 3044 1185 με,
3078 1114 3173 1167 καὶ
3200 1115 3499 1185 ἀνάστησὸν
3520 1134 3617 1187 με,
3638 1118 3735 1173 καὶ

2151 1205 2513 1259 ἀνταποδώσω
2536 1206 2733 1269 αὐτοῖς.
2772 1207 2860 1259 Ἐν
2885 1205 3060 1275 τούτῳ
3090 1205 3279 1275 ἔγνων,
3314 1209 3393 1261 ὅτι
3423 1209 3737 1282 τεθέληκᾶς

2158 1316 2244 1369 με,
2277 1300 2357 1352 ὅτι
2389 1298 2450 1352 οὺ
2482 1299 2554 1370 μὴ
2576 1301 2809 1371 ἐπιχαρῇ
2844 1298 2874 1351 ὁ
2904 1299 3093 1371 ἐχθρός
3125 1317 3225 1372 μου
3259 1302 3344 1354 ἐπ’
3374 1302 3515 1373 ἐμοί.
3556 1300 3735 1376 Ἐμσῦ

2152 1391 2208 1443 δὲ
2252 1391 2339 1444 διὰ
2376 1391 2476 1463 τὴν
2512 1391 2744 1446 ἀκακίαν
2779 1390 3107 1457 ἀντελάϐου,
3143 1394 3235 1447 καὶ
3286 1394 3631 1460 ἐϐεϐαίωσάς
3668 1415 3736 1467 με

2155 1482 2382 1535 ἐνώπιόν
2407 1500 2500 1536 σου
2531 1484 2609 1547 είς
2640 1484 2732 1537 τὸν
2772 1484 2962 1539 αίῶνα.
2996 1505 3013 1537 I
3052 1485 3265 1557 Ἐπειδή
3311 1503 3453 1550 τινες
3500 1488 3738 1561 ὑπειλή-

2157 1592 2289 1645 φασι
2319 1575 2415 1646 τὴν
2448 1574 2630 1646 βίϐλον
2650 1575 2756 1629 τῶν
2784 1576 3031 1648 Ψαλμῶν
3048 1577 3248 1649 ὕμνους
3282 1578 3434 1649 μόνον
3456 1581 3536 1643 είς
3568 1580 3735 1644 Θεὸν,

2158 1668 2251 1721 καὶ
2282 1667 2425 1738 ᾠδὰς
2457 1667 2768 1736 θεολογικάς
2796 1669 3093 1741 περιέχειν,
3118 1670 3179 1723 οὐ
3210 1671 3314 1742 μὴν
3345 1670 3437 1725 καὶ
3477 1673 3742 1745 προγνώ-

2159 1777 2289 1824 σεις,
2326 1757 2443 1812 οὐδὲ
2479 1758 2778 1831 μελλόντων
2812 1760 3164 1832 προφητείας,
3184 1761 3338 1815 τοῦτο
3366 1761 3587 1834 πρῶτον
3611 1764 3741 1816 ἐπιρ

2155 1852 2451 1925 τηρητέον,
2501 1852 2577 1916 ὡς
2626 1852 2794 1925 μυρία
2841 1853 3150 1919 θεσπίζεται
3178 1853 3245 1908 δι’
3287 1853 3499 1920 αὐτῶν,
3538 1853 3586 1910 ἃ
3642 1858 3740 1910 καὶ

2162 1943 2367 2016 μακρὸν
2402 1942 2467 1997 ἂν
2499 1944 2583 2015 είη
2621 1945 2944 2012 συναγαγεῖν
2989 1944 3082 1997 ἐπὶ
3109 1943 3204 1998 τοῦ
3250 1946 3527 2013 παρόντος,
3566 1944 3741 2017 ἀρκεῖ

2157 2036 2214 2090 δὲ
2244 2035 2550 2107 χρήσασθαι
2579 2037 2658 2100 είς
2692 2035 2998 2108 μαρτυρίαν
3026 2036 3120 2090 τοῦ
3150 2037 3306 2107 λόγου
3335 2037 3423 2091 δύο
3452 2038 3738 2111 ψαλμοῖς·

2160 2128 2651 2200 ἐπιγεγραμμένως
2698 2128 2756 2182 δὲ
2808 2128 2948 2183 κατά
3001 2129 3097 2183 τοῦ
3145 2130 3307 2185 Δαϐὶδ
3359 2130 3607 2201 χρόνους.
3668 2132 3739 2185 τ’)

2157 2219 2455 2291 τηνικαῦτα
2486 2218 2592 2291 γὰρ
2623 2213 2705 2282 εἷς
2737 2219 2844 2273 τῶν
2883 2220 3211 2292 ἱεροψαλτῶν
3243 2223 3273 2275 6
3310 2222 3478 2292 ’Δσάφ
3512 2226 3736 2293 τυγχά-

2157 2323 2284 2373 νων,
2320 2308 2395 2372 ώς
2427 2309 2483 2361 ἐν
2514 2311 2580 2379 τῇ
2618 2307 2783 2379 βίϐλῳ
2821 2309 3041 2380 φέρεται
3073 2310 3180 2364 τῶν
3210 2312 3734 2384 Παραλειπομένων,

2159 2401 2286 2463 τοὺς
2332 2400 2841 2472 ἐπιγεγραμμένους
2889 2400 3052 2453 αὐτὸν
3095 2401 3339 2472 ψαλμοὺς
3384 2401 3510 2473 θείῳ
3552 2405 3738 2458 Ilvati—

2164 2508 2291 2561 ματι
2318 2491 2724 2563 προσεφώνησε.
2741 2492 2805 2545 Τί
2835 2491 2898 2563 δὴ
2922 2474 3015 2546 οὖν
3039 2492 3378 2564 περιέχουσιν
3405 2496 3453 2547 oi
3481 2494 3731 2566 ψαλμοέ;

2160 2584 2490 2656 προρρήσεις
2547 2584 2645 2655 τῆς
2677 2583 2991 2655 πολιορκίας
3036 2585 3136 2655 τῆς
3196 2585 3474 2656 βασιλικῆς
3514 2586 3734 2652 πόλεως

2159 2674 2252 2727 τοῦ
2290 2675 2558 2729 Ἰουδαίων
2608 2674 2814 2740 ἔθνους,
2844 2677 2965 2747 ἣτις
2994 2676 3217 2744 γέγονεν
3256 2677 3418 2745 ἐγγύς
3451 2693 3553 2730 που
3604 2696 3735 2732 75v-

2159 2769 2427 2832 τακοσίοις
2474 2768 2615 2822 ἔτεσι
2644 2769 2782 2840 μετά
2812 2769 2909 2841 τὴν
2944 2769 3263 2842 πρόρρησιν.
3300 2771 3461 2841 Λέγει
3497 2772 3542 2825 δ’
3577 2769 3677 2827 οὖν
3702 2778 3731 2827 6

2162 2858 2556 2930 ἐϐδομηκοστὸς
2609 2860 2788 2932 τρίτος
2833 2862 3309 2934 ἐπιγεγραμμένος
3351 2864 3624 2929 συνέσεως
3652 2866 3732 2938 τῷ

2182 2952 2372 3023 Ἀσὼρ,
2395 2971 2413 3004 ι
2444 2954 2558 3006 Ἵνα
2587 2952 2638 3005 τί
2660 2952 2886 3020 ἀπώσω,
2902 2955 2931 3007 6
2956 2953 3107 3019 Θεὸς,
3142 2957 3220 3019 είς
3236 2955 3386 3021 τέλος
3402 2974 3417 3023 ;
3435 2958 3683 3030 ὠργίσθη
3700 2963 3730 3012 6

2166 3038 2334 3110 θυμός
2380 3057 2474 3093 σου
2518 3040 2608 3094 ἐπὶ
2653 3042 2898 3113 πρόϐατα
2946 3042 3118 3115 νομῆς
3165 3061 3291 3111 σονς
3330 3047 3597 3119 μνήσθητι
3630 3049 3728 3117 τῆς

2164 3134 2485 3203 συναγωγῆς
2531 3150 2659 3199 σου,
2701 3130 2769 3207 ἧς
2799 3137 3012 3209 ἐκτήσω
3039 3138 3134 3191 ἀπ’
3185 3139 3388 3210 ἀρχῆς,
3438 3138 3727 3214 ἐλυτρὼσω

2166 3226 2357 3299 ῥάϐδον
2416 3227 2777 3300 κληρονομίας
2809 3246 2922 3284 σου.
2961 3231 3123 3303 Ὄρος
3161 3231 3298 3287 Σιὼν
3327 3230 3515 3296 τοῦτο,
3533 3233 3565 3287 6
3598 3251 3729 3287 κατ-

2162 3319 2473 3391 εσκήνωσας
2514 3321 2572 3373 ἐν
2603 3320 2770 3392 αὐτῷ,
2798 3321 2998 3393 ἐπαρον
3039 3321 3138 3387 τὰς
3164 3324 3350 3395 χεῖράς
3385 3341 3480 3377 σου
3509 3325 3605 3377 ἐπὶ
3632 3328 3729 3388 τὰς

2162 3412 2534 3484 ὑπερηφανίας
2565 3413 2742 3467 αὐτῶν
2773 3415 2851 3478 είς
2893 3414 3064 3479 τέλος.
3095 3415 3232 3471 Ὅσα
3273 3417 3676 3489 ἐπονηρεύσατο
3699 3419 3727 3470 6

2163 3503 2354 3575 ἐχθρὸς
2408 3506 2465 3558 ἐν
2514 3508 2624 3570 τοῖς
2679 3506 2853 3574 ἁγίοις
2902 3523 3018 3571 σου,
3072 3507 3165 3561 καὶ
3197 3509 3637 3581 ἐνεκαυχήσαντο
3680 3512 3727 3562 οἱ

2166 3596 2449 3667 μισοῦντές
2477 3614 2537 3650 σε
2583 3599 2640 3651 ἐν
2701 3598 2848 3669 μέσῳ
2886 3598 2988 3669 τῆς
3016 3600 3210 3672 ἑορτῆς
3264 3617 3379 3664 σου,
3431 3601 3618 3655 ἔθεντο
3664 3602 3729 3654 τὰ

2163 3691 2363 3760 σημεῖα
2400 3688 2578 3744 αὐτῶν
2602 3693 2802 3760 σημεῖα
2820 3704 2839 3723 ο
2875 3691 2969 3745 καὶ
3014 3691 3113 3744 οὐκ
3144 3690 3385 3759 ἔγνωσαν
3414 3692 3493 3755 ὡς
3523 3695 3607 3755 είς
3635 3696 3729 3764 τὴν

2161 3778 2336 3843 ἐξοδον
2391 3780 2665 3853 ὑπεράνω.
2709 3781 2797 3844 Ὠς
2844 3783 2902 3835 ἐν
2930 3781 3120 3853 δρυμῷ
3151 3781 3348 3849 ξύλων,
3394 3782 3611 3849 ἀξίναις
3650 3785 3729 3849 ἑξ-

2164 3869 2363 3940 έκοψαν
2394 3870 2491 3934 τὰς
2517 3870 2686 3942 θύρας
2716 3872 2887 3942 αὐτῆς
2920 3873 3013 3925 ἐπὶ
3043 3873 3106 3927 τὸ
3135 3873 3283 3937 αὐτὸ,
3306 3876 3365 3927 ἐν
3389 3874 3613 3929 πελέκει
3639 3879 3728 3930 καὶ

2160 3964 2495 4036 λαξευτηρίῳ
2525 3963 2864 4036 κατέρῤαξαν
2897 3965 3084 4036 αὐτήν.
3124 3964 3481 4036 Ἑνεπύρισαν
3512 3968 3573 4019 ἐν
3604 3968 3727 4037 πυρὶ

2160 4057 2221 4110 τὸ
2253 4057 2601 4128 ἁγιαστήριόν
2630 4074 2742 4121 σου,
2776 4059 2856 4121 είς
2880 4060 2977 4129 τὴν
3006 4058 3109 4128 γῆν
3142 4057 3488 4129 ἐϐεϐήλωσαν
3505 4059 3570 4111 τὸ
3596 4062 3727 4131 σχίζα

2161 4165 2319 4220 νωμα
2349 4148 2442 4202 τοῦ
2465 4148 2726 4219 ὀνόματός
2757 4166 2870 4202 σου.
2902 4169 2921 4202 ι
2947 4149 3131 4204 Ταῦτα
3155 4151 3252 4221 μὲν
3278 4152 3306 4204 6
3330 4150 3728 4222 ἐϐδομηκοστὸς

2160 4243 2339 4315 τρίτος
2367 4242 2575 4313 ψαλμός
2595 4260 2607 4273 ·
2654 4243 2748 4297 καὶ
2793 4245 2821 4297 6
2852 4243 3242 4314 ἐϐδομηκοστὸς
3271 4243 3327 4297 δὲ
3383 4242 3606 4311 ὄγδοος,
3638 4243 3726 4297 τοῦ

2175 4335 2345 4405 ’Λσὰφ
2392 4336 2483 4389 καὶ
2526 4335 2690 4398 αὐτὸς
2731 4335 3042 4406 τυγχάνων,
3094 4335 3219 4390 τάδε
3265 4336 3545 4408 περιέχει·
3605 4359 3625 4391 ι
3672 4341 3726 4393 ’0

504 4421 563 4473 in
593 4425 740 4473 terra
768 4417 1076 4487 polluerunt
1099 4415 1507 4473 tabernaculum
1541 4414 1781 4470 nominis
1816 4412 1895 4468 tui
1921 4414 1988 4465 “.
2034 4431 2053 4465 ι

2162 4424 2330 4488 Θεὸς,
2382 4425 2697 4495 είσήλθοσαν
2729 4424 2853 4497 ἔθνη
2908 4430 2987 4490 είς
3031 4428 3129 4500 τὴν
3187 4427 3551 4500 κληρονομίαν
3614 4449 3724 4493 σου.

506 4508 632 4564 Haec
650 4508 867 4581 quidem
917 4508 1347 4580 septuagesimus
1394 4507 1585 4562 tertius
1629 4508 1895 4578 psalmus.
1962 4505 2059 4560 Se-

502 4602 874 4674 ptuagesimus
886 4606 1066 4656 autem
1079 4610 1325 4668 octavus,
1342 4601 1433 4671 qui
1450 4600 1565 4670 ipse
1594 4613 1809 4669 quoque
1822 4606 1905 4654 est
1920 4597 2059 4653 Asa-

501 4692 737 4767 phi,htec
761 4692 1004 4748 continet
1031 4710 1075 4747 ει
1102 4690 1262 4757 Deus,
1290 4690 1820 4761 vcneruntgentesin
1834 4688 2061 4744 haeredi-

498 4794 667 4841 tatem
684 4792 852 4848 tuam,
868 4784 1175 4854 polluerunt
1191 4784 1445 4854 templum
1461 4800 1519 4841 sa
1528 4793 1712 4838 nctum
1727 4791 2062 4852 tuum,posu-

500 4875 972 4932 eruntJerusalem
996 4876 1155 4947 quasi
1189 4890 1475 4947 pomorum
1508 4876 2061 4945 custodiam,posue-

501 4977 634 5024 runt
677 4969 970 5025 morticina
999 4984 1283 5026 servorum
1306 4979 1523 5025 tuorum
1549 4984 1705 5025 escas
1746 4968 2060 5025 volatilibus

500 5062 651 5127 (κου,
673 5077 868 5118 carnes
879 5069 1421 5119 sanctorumtuorum
1445 5062 1637 5119 bestiis
1654 5069 1813 5117 terrae
1842 5063 1907 5112 ".
1940 5080 1957 5113 ι
1982 5059 2061 5113 Ex

504 5153 590 5209 bis
613 5168 676 5209 ea
690 5155 976 5225 queprius
997 5155 1227 5210 recitata
1254 5161 1399 5220 sunt,
1423 5154 1546 5211 dico
1561 5165 1737 5211 autem
1751 5170 1837 5218 ea,
1859 5169 1977 5224 qua:
1995 5154 2062 5209 de

501 5249 905 5318 septuagesimo
918 5248 1125 5317 psalmo
1136 5249 1725 5319 accepimus,pra:dicta
1748 5257 1874 5305 sunt
1887 5247 2062 5302 adhuc

503 5345 766 5406 regnante
778 5337 1265 5409 David,antequam
1288 5339 1546 5409 templum
1571 5356 1601 5394 a
1626 5338 1917 5395 Salomone
1936 5354 2062 5394 con-

502 5436 772 5485 structum
794 5439 959 5487 esset.
974 5430 1136 5503 465
1156 5430 1260 5487 Sed
1282 5447 1441 5487 suum
1465 5430 1621 5486 linem
1638 5434 1934 5503 contigere,
1951 5448 2059 5487 non

571 5605 618 5639 ’θ
649 5608 799 5666 Psal.
832 5626 899 5666 ﬂ.
923 5651 937 5677 ,
964 5611 1123 5668 2-15.
1198 5615 1238 5646 ²¹
1281 5612 1423 5668 Psal.
1455 5626 1660 5677 tum,
1696 5612 1808 5666 1-7.

2164 4516 2389 4589 ἐμίαναν
2420 4517 2512 4569 τὸν
2541 4516 2667 4571 ναὸν
2689 4517 2779 4571 τὸν
2812 4518 2963 4587 διγιόν
2993 4537 3105 4573 σου.
3132 4520 3350 4574 Ἔθεντο
3379 4522 3725 4595 Ἰερουσαλὴμ

2165 4610 2239 4672 ὡς
2264 4608 2722 4681 ὀπωροφυλάκιον,
2752 4609 2933 4664 ἔθεντο
2964 4610 3033 4664 τὰ
3064 4611 3361 4683 θνησιμαῖα
3385 4615 3496 4668 τῶν
3529 4616 3724 4671 δούλοιν

2166 4717 2260 4754 σου
2294 4700 2552 4773 βρώματα
2594 4704 2705 4765 τοῖς
2737 4706 2997 4767 πετεινοῖς
3025 4703 3116 4757 τοῦ
3157 4705 3386 4777 οὐρανοῦ
3405 4748 3420 4773 ,
3462 4709 3566 4772 τὰς
3598 4711 3723 4781 σάρ-

2169 4809 2268 4855 κας
2298 4792 2405 4846 τῶν
2433 4794 2593 4847 ὁσίων
2623 4811 2716 4847 σου
2737 4798 2849 4858 τοῖς
2867 4795 3073 4867 θηρίοις
3102 4797 3200 4867 τῆς
3226 4798 3348 4868 γῆς.
3379 4818 3397 4849 I
3426 4800 3650 4853 Τούτων
3672 4800 3725 4854 δὲ

2161 4883 2231 4937 τὰ
2276 4883 2372 4953 μὲν
2414 4885 2623 4956 πρῶτα,
2653 4886 2797 4955 λέγω
2824 4886 2881 4939 δὲ
2912 4886 2981 4940 τὰ
3027 4887 3134 4940 ἀπὸ
3184 4889 3279 4942 τοῦ
3324 4890 3723 4962 ἑϐδομηκοστοοῦ

2165 4973 2345 5046 τρίτου
2372 4974 2618 5046 ψαλμοῦ,
2656 4978 2836 5048 εἴρητο
2878 4976 3246 5046 βασιλεύοντος
3277 4977 3356 5031 ἔτι
3397 4979 3495 5032 τοῦ
3542 4980 3722 5043 Δαϐὶδ,

2166 5066 2272 5137 πρὸ
2307 5065 2401 5119 τοῦ
2438 5067 2524 5120 τὸν
2558 5067 2683 5121 ναδν
2711 5068 2815 5121 ὑπὸ
2852 5067 3157 5139 Σολομῶνος
3181 5069 3717 5141 κατασκευασθῆναι·

2164 5157 2349 5222 τέλους
2379 5159 2435 5212 δὲ
2465 5158 2648 5229 ἔτυχεν
2696 5160 2796 5213 οὐκ
2836 5159 3021 5214 ἄλλοτε
3055 5160 3087 5231 ἢ
3119 5159 3334 5233 πρῶτον
3366 5161 3465 5231 μὲν
3497 5162 3591 5215 ἐπὶ

2166 5248 2515 5303 Βαϐυλωνίων
2566 5249 2898 5321 πολιορκίας,
2941 5251 3187 5324 δεύτερον
3221 5251 3279 5306 δὲ
3317 5253 3412 5305 ἐπὶ
3464 5252 3562 5306 τοῦ
3598 5254 3720 5311 Ῥωτ

2169 5340 2364 5410 μαῖκοῦ
2404 5339 2538 5409 πρὸς
2576 5341 2859 5406 Ἰουδαίους
2910 5344 3177 5415 πολέμου·
3224 5343 3428 5398 ἕκαστα
3465 5345 3577 5417 γὰρ
3619 5342 3722 5397 τῶν

2165 5432 2465 5502 εἰρημένων
2507 5432 2806 5504 ἐπληροῦτο
2841 5434 2931 5488 ἐπί
2978 5453 3037 5489 τε
3080 5436 3179 5507 τῆς
3228 5433 3453 5507 πρώτης
3478 5437 3575 5491 καὶ
3611 5436 3724 5490 δευ-

1887 5615 1930 5643 ”
1970 5610 2113 5665 Psal.
2149 5626 2387 5677 LXXVIII,
2429 5610 2558 5677 i,2.
