3922 6200
162 314 175 333 .
206 266 307 329 ται

1099 262 1738 322 DEMONSTR’ATIONIS
1772 266 2225 325 EVANGELICE
2259 268 2367 323 LIB
2401 268 2469 325 Χ,
2514 276 2521 285 ’

3298 278 3417 334 Ίὶῒ

160 446 167 457 ⁸
205 384 369 454 τέρας
392 378 487 435 τοῦ
508 378 656 450 ίεροῦ
680 379 1058 449 κατασκαφῆς,
1085 379 1492 461 προγνωσθέντα
1519 380 1612 433 καὶ
1634 382 1761 434 ἀνα-

1863 384 2019 449 alias,
2055 399 2215 454 quam
2242 383 2410 439 semel
2436 382 2651 453 quidem
2669 383 3046 454 populantibus
3069 382 3397 460 Babyloniis,

206 472 523 547 φωνηθίντα
568 474 625 524 ἐν
685 472 794 534 τοῖς
837 470 1143 542 εἰρημένοις
1191 471 1435 541 Ψαλμοῖς
1501 472 1606 526 ὑπὸ
1665 473 1758 529 τοῦ

158 620 159 623 η
220 568 411 635 Ἀσάφ.
443 566 524 618 Τὰ
549 564 604 617 δὲ
623 562 847 634 δεύτερα
869 562 975 617 ἀπὸ
995 561 1088 616 τοῦ
1119 564 1511 635 ἑϐδομηκοστοῦ
1540 566 1725 634 ὀγδόου
1742 607 1755 630 ,

206 656 508 731 ἐπληροῦτο
554 653 692 709 κατὰ
730 654 857 718 τοὺς
904 655 1172 724 ’Δντιόχου
1218 655 1458 727 χρόνους,
1496 656 1588 711 τοῦ
1628 657 1758 728 κλη-

205 752 390 815 θέντος
434 746 774 817 Ἐπιφανοῦς,
803 747 881 811 ὃς,
909 748 1007 818 τῆς
1048 747 1244 819 Συρίας
1282 748 1616 817 βασιλεύσας,
1656 752 1759 806 ὑπ-

203 847 398 916 άγεται
437 843 533 914 μὲν
566 840 635 895 τὰ
670 840 1025 911 Ἰεροσόλυμα,
1068 842 1266 911 μιαίνει
1292 842 1348 895 δὲ
1385 843 1473 896 τὸν
1500 843 1642 909 ναὸν,
1668 846 1760 900 καὶ

202 937 459 1009 καθαιρεῖ
500 932 561 989 τδ
618 934 1024 1004 θυσιαστήριον·
1068 932 1253 988 ἔπειτα
1300 936 1424 999 τοὺς
1483 937 1759 1002 Ἰουδαίους

214 1027 558 1098 Ἑλληνίςων,
594 1024 874 1088 πλείστους
903 1024 1057 1089 ὅσους
1085 1026 1263 1079 αὐτῶν
1300 1026 1496 1098 ἄνδρας
1542 1030 1635 1083 καὶ
1663 1045 1759 1097 γυ-

198 1124 396 1184 ναῖκας
441 1119 580 1189 ὑπὲρ
626 1116 718 1171 τοῦ
764 1117 964 1170 οἰκείου
1012 1119 1174 1189 νόμου
1225 1119 1319 1172 καὶ
1364 1120 1461 1191 τῆς
1506 1120 1760 1191 πατρῴας

198 1213 482 1277 εὐσεϐείας
523 1211 728 1283 ἀνῄρει,
758 1209 1021 1274 ποικίλαις
1053 1210 1497 1284 προαικιζόμενος
1532 1211 1759 1284 τιμωρι-

203 1326 319 1373 αις.
345 1308 439 1370 Ei;
486 1306 695 1365 ἐκεῖνον
717 1302 1000 1373 τοιγαροῦν
1035 1303 1124 1356 τὸν
1164 1303 1371 1374 καιρὸν,
1405 1305 1497 1359 καὶ
1527 1307 1607 1368 είς
1636 1307 1760 1369 τοὺς

207 1398 347 1472 μετὰ
387 1395 558 1451 ταῦτα
605 1393 683 1465 τῷ
738 1392 990 1463 Ἀντιόχῳ
1023 1392 1091 1447 τὰ
1135 1392 1223 1446 ίσα
1259 1393 1585 1464 πράξαντας,
1631 1396 1763 1449 ἀνα-

202 1489 372 1558 φωνεῖ
430 1488 459 1540 ό
525 1486 696 1557 Ἀσὰφ
757 1480 819 1534 τὸ
863 1482 970 1537 ἀπὸ
1006 1482 1098 1536 τοῦ
1151 1482 1541 1554 ἑϐδομηκοστοῦ
1578 1485 1759 1553 ὀγδόου

200 1577 435 1649 ψαλμοῦ.
481 1579 761 1651 Μαρτυρεῖ
809 1576 864 1629 δὲ
916 1572 993 1643 τῷ
1035 1572 1175 1643 λόγῳ
1204 1574 1237 1643 ἡ
1270 1573 1376 1626 τῶν
1418 1573 1760 1645 καλουμένων

199 1668 573 1723 Μακκαϐαίων
626 1669 831 1741 γραφὴ,
888 1663 1072 1720 τοῦτον
1138 1663 1331 1733 ἔχουσα
1372 1666 1465 1719 τὸν
1526 1666 1755 1738 τρόπον·

207 1778 228 1812 ι
272 1762 381 1814 Kal.
427 1760 996 1832 προσεπισυνήχθησαν
1032 1759 1163 1832 πρὸς
1204 1758 1465 1828 Ἰάκειμον
1493 1759 1584 1812 καὶ
1616 1759 1756 1812 Βακ-

202 1852 356 1923 χίδην
412 1853 697 1923 συναγωγὴ
751 1852 1116 1923 γραμματέων
1152 1851 1451 1922 ἐκζητοῦσα
1491 1852 1690 1906 δίκαια.
1734 1872 1754 1904 ι

201 1943 316 1995 Καὶ
337 1941 461 2012 ἑξῆς
488 1942 758 2011 ἐπιλέγει·
784 1962 802 1994 ι
829 1944 940 1998 Kal.
971 1941 1180 2012 ὤμοσεν
1206 1942 1387 2005 αὐτοῖς
1407 1942 1577 2012 λέγων
1596 1960 1609 1973 ·
1646 1944 1759 1997 Ούκ

199 2033 573 2105 ὲκζητήσομεν
602 2035 728 2105 ὑμῖν
761 2034 947 2099 κακὸν,
966 2036 1059 2087 καὶ
1090 2036 1200 2098 τοῖς
1229 2033 1399 2103 φίλοις
1441 2034 1591 2105 ὑμῶν
1609 2052 1623 2065 ·
1667 2036 1760 2091 καὶ

200 2122 586 2178 ὲνεπίστευσαν
632 2122 811 2194 αὐτῷ·
858 2123 952 2177 καὶ
1012 2123 1294 2177 συνέλαϐεν
1335 2123 1393 2190 ἐξ
1429 2124 1605 2179 αὐτῶν
1631 2123 1757 2199 ἐξή-

200 2232 367 2269 κοντα
398 2214 613 2286 ἄνδρας,
656 2216 748 2269 καὶ
776 2215 1089 2269 ἀπέκτεινεν
1119 2216 1310 2280 αὐτοὺς
1332 2217 1388 2269 ἐν
1419 2217 1601 2288 ἡμέρᾳ
1641 2219 1755 2288 μιᾷ,

202 2306 346 2361 κατὰ
376 2306 466 2360 τὸν
493 2307 647 2376 λόγον
686 2307 853 2377 Ἀσάφ
882 2308 940 2361 ὃν
970 2308 1220 2379 ἔγραψεν,
1248 2308 1451 2362 ἔδωκαν
1482 2307 1551 2361 τὰ
1576 2308 1759 2380 θνησι-

204 2400 341 2469 μαῖα
387 2399 492 2452 τῶν
544 2398 741 2452 δούλων
797 2416 888 2452 σου
936 2398 1195 2471 βρώματα
1225 2402 1337 2463 τοῖς
1373 2403 1633 2463 πετεινοῖς
1665 2398 1757 2454 τοῦ

202 2488 455 2561 ούρανοῦ,
487 2490 692 2561 σάρκας
724 2489 885 2543 ὁσίων
927 2506 1019 2543 σου
1051 2494 1163 2554 τοῖς
1192 2491 1349 2555 ζώοις
1389 2492 1485 2562 τῆς
1519 2491 1641 2561 γῆς,
1679 2493 1762 2545 αἴ-

205 2597 354 2651 ματα
393 2580 567 2634 αὐτῶν
591 2580 809 2652 ἐξέχεαν
836 2582 1017 2654 κύκλῳ
1050 2582 1417 2655 Ἰερουσαλὴμ,
1442 2584 1533 2636 καὶ
1566 2584 1664 2637 οὐκ
1694 2580 1761 2656 ἦν

201 2672 232 2725 ὁ
254 2671 491 2726 θάπτων.
524 2691 544 2724 ι
574 2672 789 2727 Τούτων
822 2673 962 2749 οὓτω
995 2673 1406 2746 προρρηθέντων
1440 2675 1532 2729 καὶ
1571 2676 1762 2737 ἀποτε-

201 2762 521 2832 λεσθέντων,
555 2765 615 2817 ού
646 2765 972 2836 θαυμαστὸν,
1000 2768 1047 2818 εί
1080 2764 1219 2831 κατὰ
1247 2767 1337 2820 τὸν
1375 2766 1534 2820 αὑτὸν
1566 2766 1762 2838 τρόπον

203 2858 301 2911 καὶ
368 2857 437 2911 τὰ
486 2857 873 2930 προεκτεθέντα
917 2857 1007 2910 τοῦ
1052 2859 1484 2929 τεσσαρακοστοῦ
1548 2858 1761 2929 ψαλμοῦ

174 2946 360 3020 ,λόγια
413 2948 661 3019 σημαίνει
704 2947 773 3001 τὰ
814 2948 1069 3018 μέλλοντα
1109 2948 1323 3003 ἔσεσθαι
1367 2948 1506 3003 κατὰ
1546 2949 1633 3002 τὸν
1663 2949 1762 3020 τῆς

1820 510 1824 515 ς
1859 476 2054 531 iterum
2071 485 2247 531 autem
2262 476 2401 532 bello
2413 476 2556 546 quod
2576 480 2858 534 adversum
2869 476 3082 534 Iudaeos
3093 493 3123 531 a
3144 478 3401 539 Romanis

1822 626 1823 629 η
1858 575 2071 637 gestum
2100 576 2205 632 est,
2228 570 2651 640 unumquodque
2690 571 2833 626 enim
2856 585 3072 635 eorum,
3096 587 3216 642 quae
3255 573 3403 629 dicta

1858 665 2009 724 sunt,
2038 661 2364 731 completum
2398 670 2481 718 est
2523 668 2635 717 tam
2666 664 2840 734 prima
2870 664 3055 736 templi
3098 666 3399 731 eversione,

1856 768 2018 823 quam
2047 768 2111 809 ea
2149 768 2269 824 quae
2310 764 2495 810 secuta
2524 763 2627 819 est,
2668 757 2884 812 tametsi
2921 756 2976 811 in
3008 756 3157 813 hisee
3190 757 3407 813 duobus

1857 845 2080 914 psalmis
2116 852 2170 901 et
2200 847 2478 916 provisum
2522 854 2577 902 et
2605 848 2946 903 enuntiatum
2984 856 3087 905 est.
3121 848 3252 915 Qua:
3276 865 3403 905 vero

1820 974 1825 979 .
1857 936 2097 991 secundo
2121 934 2241 991 loco
2262 936 2631 1003 recitavimus,
2658 946 2713 992 et
2733 951 2764 990 a
2791 938 3188 1009 septuagesimo
3212 946 3403 996 octavo

1826 1025 2065 1094 psalmo
2110 1027 2439 1097 accepimus,
2492 1028 2759 1097 completa
2814 1036 2943 1084 sunt
2990 1030 3108 1100 ejus
3151 1029 3404 1086 Antiochi

1857 1117 2212 1186 temporibus,
2257 1119 2353 1189 qui
2381 1125 2608 1175 vocatus
2640 1128 2725 1175 est
2768 1119 3023 1184 lllustris,
3067 1120 3160 1191 qui
3193 1136 3315 1175 cum
3348 1125 3404 1177 in

1827 1204 2016 1277 ,Syria
2040 1219 2307 1278 regnaret,
2343 1210 2538 1281 irrupit
2582 1210 2799 1281 quidem
2827 1211 2884 1266 in
2927 1212 3117 1266 urbem
3151 1209 3409 1267 Hieroso-

1859 1298 2021 1369 lyma,
2046 1298 2271 1363 fmdavit
2286 1317 2416 1357 vero
2445 1303 2725 1373 templum,
2752 1311 2807 1359 et
2842 1304 3211 1361 sanctuarium
3256 1318 3410 1358 ever-

1856 1392 1941 1448 tit.
1967 1392 2211 1463 Dumque
2255 1392 2472 1451 Judaeos
2510 1393 2820 1453 Graecorum
2861 1397 3103 1452 moribus
3152 1396 3298 1466 cogit
3328 1396 3412 1449 vi-

1857 1499 2005 1550 vere,
2038 1486 2467 1556 quamplurimas
2502 1502 2691 1542 eorum
2716 1494 2824 1541 tam
2856 1502 3033 1542 mares
3058 1501 3222 1557 quam
3256 1485 3411 1542 femi-

1824 1624 1827 1627 .
1859 1590 1977 1640 nas,
2005 1575 2097 1645 qui
2126 1592 2303 1648 neque
2332 1578 2579 1648 proprias
2611 1578 2757 1649 leges
2787 1593 2962 1648 neque
2992 1577 3225 1648 patriam
3247 1578 3414 1647 pieta-

1860 1674 1968 1722 tem
1990 1667 2240 1724 deserere
2274 1669 2544 1738 volebant,
2568 1670 2732 1726 variis
2758 1670 2912 1741 prius
2954 1678 3176 1727 vexatos
3203 1669 3410 1740 suppli-

1859 1757 1979 1818 ciis.
2014 1758 2303 1814 interfecit.
2334 1760 2395 1815 In
2426 1758 2555 1818 illud
2595 1774 2723 1831 ergo
2751 1767 2985 1831 tempus,
3009 1766 3064 1814 et
3092 1759 3147 1814 in
3179 1774 3275 1815 eos
3315 1760 3408 1829 qui

1857 1849 2105 1920 posthac,
2136 1851 2327 1907 eadem
2357 1867 2477 1923 quae
2504 1852 2803 1909 Antiochus
2832 1854 3186 1923 patraverint,
3212 1853 3409 1907 clamat

1856 1942 2037 2013 Asaph
2065 1957 2128 1999 ea
2156 1958 2277 2014 quae
2322 1948 2720 2023 septuagesimo
2758 1953 2951 2001 octavo
2992 1946 3203 2016 psalmo
3232 1946 3411 1999 conti.-

1857 2040 2072 2087 nentur.
2100 2030 2286 2095 Fidem
2317 2032 2442 2089 huic
2472 2036 2561 2090 rei
2595 2035 2744 2100 facit,
2775 2050 2839 2091 ea
2886 2049 3005 2105 quae
3035 2041 3261 2089 vocatur
3297 2032 3412 2086 Ma-

1857 2125 2160 2180 cabzeorum
2190 2125 2440 2193 historia,
2464 2142 2584 2198 qua:
2602 2127 2659 2183 in
2690 2128 2837 2183 hunc
2864 2126 3083 2184 modum
3116 2140 3175 2181 se
3203 2124 3405 2181 habet:

1836 2231 1883 2266 .‹
1914 2213 1977 2269 Ει
2005 2225 2376 2272 convenerunt
2407 2216 2474 2271 ad
2501 2214 2767 2275 Jacimum
2810 2224 2866 2272 et
2901 2215 3225 2270 Bacchidem
3270 2229 3407 2293 con-

1857 2307 2426 2377 gregatioscribarum
2446 2307 2840 2379 requirentium
2862 2308 3139 2378 quasjusta
3160 2306 3401 2370 suum,»

1857 2404 1914 2451 et
1943 2395 2197 2467 deinceps
2228 2395 2510 2469 adjungit:
2536 2416 2555 2449 ι
2579 2395 2645 2451 Et
2666 2397 2872 2468 juravit
2900 2396 3007 2451 illis
3038 2394 3262 2451 dicens:
3288 2393 3409 2449 Non

1859 2484 2153 2541 inferemus
2189 2485 2343 2542 vobis
2390 2487 2613 2551 malum,
2650 2501 2826 2557 neque
2863 2484 3055 2545 amicis
3092 2484 3311 2549 vestris,
3354 2493 3410 2539 et

1858 2575 2223 2643 crediderunt,
2249 2577 2321 2643 ei,
2356 2587 2411 2634 et
2457 2577 2861 2649 comprehendit
2905 2592 2971 2633 ex
3008 2577 3077 2634 iis
3128 2576 3409 2647 sexaginta

1858 2669 2027 2733 viros,
2054 2676 2109 2724 et
2136 2669 2335 2724 occidit
2361 2683 2456 2726 eos
2483 2669 2539 2724 in
2572 2685 2680 2725 uno
2712 2668 2819 2736 die,
2854 2669 3152 2725 secundum
3184 2669 3411 2723 verbum

1857 2758 2041 2832 Asaph
2068 2760 2215 2832 quod
2254 2760 2495 2830 scripsit,
2517 2761 2781 2817 dederunt
2810 2761 3098 2818 morticina
3129 2774 3413 2816 servorum

1860 2860 2075 2907 tuorum
2120 2866 2277 2908 escas
2312 2852 2623 2909 volatilibus
2660 2853 2807 2919 cteli,
2863 2867 3057 2908 carnes
3095 2859 3417 2908 sanctorum.

1862 2952 2075 2999 tuorum
2104 2944 2294 3001 bestiis
2322 2952 2500 3012 terrae,
2538 2949 2965 3016 sanguinemque
2996 2960 3186 3001 eorum
3206 2942 3411 3000 etl‘ude-

201 3038 300 3095 τοῦ
343 3040 588 3110 Σωτῆρος
624 3039 776 3111 ἡμῶν
806 3040 1092 3112 ἐπιϐουλῆς
1118 3042 1326 3112 χρόνον,
1355 3043 1496 3113 ἂπερ
1526 3042 1598 3113 μὴ
1626 3041 1761 3096 πάν-

1862 3044 1987 3090 runt
2013 3038 2070 3091 in
2106 3036 2340 3109 circuitu
2378 3036 2700 3102 Jerusalem,
2751 3046 2805 3093 et
2836 3025 2946 3092 non
2973 3045 3091 3095 erat
3120 3037 3213 3107 qui
3254 3051 3410 3106 sepe-

205 3146 314 3183 των
347 3128 642 3200 ἀνθρώπων
671 3131 977 3194 συνιέντων,
1010 3132 1154 3195 ὅπως
1189 3132 1357 3200 Λόγος
1384 3131 1457 3185 ὢν
1491 3132 1645 3197 Θεοῦ,
1668 3134 1761 3187 καὶ

206 3218 389 3287 σοφία,
424 3219 515 3272 καὶ
545 3217 676 3289 ζωὴ,
691 3219 782 3272 καὶ
809 3219 921 3288 φῶς
945 3220 1211 3290 ἀληθινὸν,
1229 3222 1321 3274 καὶ
1343 3221 1517 3275 πάντα
1540 3221 1762 3276 πλοῦτον

202 3307 425 3375 ἀγαθῶν
450 3308 799 3379 κεκτημένος,
828 3308 893 3361 δι’
922 3311 1066 3380 ἡμᾶς
1109 3308 1414 3385 ἐπτώχευσε
1465 3310 1641 3383 σάρκα
1670 3311 1763 3364 λα·-

204 3398 337 3463 ϐὼν,
368 3400 463 3453 καὶ
502 3403 614 3464 τοῖς
644 3401 704 3454 τὸ
732 3401 885 3470 γένος
912 3401 1121 3472 θνητοῖς
1156 3400 1458 3475 ἀνθρώποις
1490 3404 1584 3456 xal.
1622 3419 1764 3459 πτωρ·

201 3495 321 3564 χοῖς
353 3491 651 3563 όμοιωθεὶς,
670 3495 879 3565 μορφήν
899 3510 956 3545 τε
977 3492 1160 3548 δούλου
1186 3495 1279 3547 καὶ
1302 3493 1527 3565 πένητος
1546 3493 1733 3565 ἀνειλη
1767 3513 1781 3579 -ε
1807 3489 1816 3501 “

203 3584 341 3654 φὼς,
370 3585 460 3639 καὶ
487 3585 715 3656 μάλιστα
737 3586 855 3640 καθ’
880 3586 938 3639 ὃν
960 3586 1148 3657 καιρὸν
1166 3586 1401 3658 ἐπλήρου
1424 3585 1521 3657 τὴν
1546 3585 1652 3639 ἀπὸ
1669 3584 1763 3639 τοῦ

200 3676 419 3750 ψαλμοῦ
466 3678 819 3750 προφητείαν,
877 3677 1099 3741 εἰκότως
1139 3677 1196 3730 ἐν
1246 3678 1385 3748 ἀρχῇ
1416 3675 1509 3729 τοῦ
1552 3676 1763 3747 ψαλμοῦ

197 3768 567 3845 μακαρίζεται
599 3770 627 3821 ὁ
652 3768 819 3823 ταῦτα
841 3770 968 3840 περὶ
998 3769 1161 3823 αὑτοῦ
1195 3768 1421 3832 συνιεὶς,
1443 3767 1762 3837 ἐπαγγελίας

166 3852 175 3933 γ’
192 3864 488 3932 τυγχάνων
514 3863 610 3933 τῆς
643 3861 1148 3933 ἀναγεγραμμένης.
1177 3858 1287 3914 Εἴθ’
1315 3860 1440 3931 ἑξῆς
1469 3863 1532 3914 ἐκ
1558 3858 1751 3931 προσώ

196 3971 309 4007 που
324 3952 507 4005 λοιπὸν
528 3952 591 4023 δὴ
621 3951 713 4006 τοῦ
740 3952 965 4023 πένητος
1000 3953 1093 4005 καὶ
1122 3950 1355 4021 πτωχοῦ,
1375 3949 1535 4005 αὑτοῦ
1567 3950 1773 4022 δηλαδὴ,

193 4044 299 4099 τοῦ
341 4044 406 4098 δι’
435 4047 580 4117 ἡμᾶς
618 4044 1020 4114 πτωχεύσαντος
1064 4043 1308 4114 Σωτῆρος
1352 4042 1542 4113 ἡμῶν,
1592 4042 1740 4096 ἐπιλέ

194 4154 393 4208 γεται·
432 4157 451 4187 ι
503 4137 641 4205 Ἐγὼ
688 4134 840 4190 εἶπα·
878 4137 1068 4208 Κύριε,
1122 4137 1338 4207 ἐλέησόν
1376 4153 1467 4208 με.
1507 4156 1527 4188 ι
1564 4138 1678 4190 ’Ότι
1708 4135 1765 4189 διδ

196 4235 271 4286 ἐκ
300 4229 590 4301 προσώπου
615 4229 706 4282 τοῦ
740 4229 987 4300 Σωτῆρος
1027 4228 1095 4281 τὰ
1132 4230 1189 4281 ἐν
1234 4227 1309 4299 τῷ
1353 4227 1549 4299 ψαλμῷ
1577 4227 1753 4281 Θεσπί-

197 4322 391 4389 ζεται,
426 4323 700 4395 αὐτάρκης
756 4322 963 4395 μάρτυς
1008 4322 1036 4374 ὁ
1083 4322 1471 4394 εύαγγελιστὴς
1520 4322 1767 4393 Ἰωάννης

1864 3128 2059 3184 tiret“.
2094 3147 2114 3181 ι
2154 3127 2292 3183 Cum
2321 3128 2437 3184 haec
2480 3128 2538 3184 in
2566 3127 2711 3185 hunc
2738 3126 2959 3187 modum
2982 3134 3037 3183 et
3076 3126 3331 3197 praedicta
3358 3134 3417 3182 et

1860 3220 2123 3291 completa
2159 3219 2289 3287 sint,
2332 3220 2532 3283 mirum
2560 3219 2730 3276 videri
2771 3234 2881 3276 non
2927 3219 3105 3286 debet,
3148 3219 3196 3275 si
3221 3218 3414 3274 eodem

1859 3311 2021 3367 modo
2038 3312 2203 3366 etiam
2223 3311 2445 3375 oracula
2477 3310 2545 3367 de
2573 3311 2987 3383 quadragesimo
3013 3310 3222 3382 psalmo
3242 3324 3426 3378 nuper-

1859 3414 2101 3477 accepta,
2129 3404 2262 3475 quid
2313 3403 2557 3460 futurum
2603 3411 2751 3461 esset
2797 3420 2893 3475 per
2939 3405 2994 3461 id
3036 3413 3265 3475 tempus,
3304 3417 3425 3473 quo.

1858 3496 2029 3553 Judaei
2062 3497 2323 3553 adversus
2351 3494 2686 3553 Salvatorem
2717 3502 2964 3552 nostrum
3007 3495 3410 3565 conspirarunt,

1862 3585 2171 3658 signiﬁcant
2199 3605 2215 3642 :
2239 3602 2308 3642 ex
2335 3586 2535 3658 quibus
2583 3600 2708 3641 cum
2737 3584 2979 3641 universi
3025 3585 3274 3645 homines
3302 3598 3423 3639 non

1863 3680 2247 3751 intelligerent,
2277 3694 2519 3751 quonam
2564 3687 2735 3750 pacto
2766 3679 2862 3750 qui
2896 3676 3131 3733 Verbum
3177 3676 3273 3733 Dei
3304 3685 3409 3739 est,

1863 3782 1915 3829 et
1953 3773 2241 3843 sapientia,
2271 3781 2326 3828 et
2361 3773 2493 3838 vita,
2528 3778 2583 3827 et
2630 3772 2813 3827 lumen
2852 3783 3073 3835 verum,
3127 3775 3183 3823 et
3223 3782 3414 3823 omnes

1865 3866 2129 3920 bonorum
2169 3864 2387 3921 divitias
2416 3864 2725 3934 possidens,
2749 3869 2968 3933 propter
3009 3874 3111 3916 nos
3132 3866 3415 3929 assumpto

1861 3973 2106 4028 corpore,
2130 3963 2184 4012 et
2215 3971 2420 4027 pauper
2448 3963 2503 4010 et
2531 3962 2724 4010 natura
2755 3952 3073 4009 mortalibus
3104 3950 3416 4006 hominibus

1863 4061 1917 4106 et
1939 4050 2122 4121 egenis
2160 4049 2357 4105 similis
2386 4049 2459 4104 sit
2486 4048 2684 4112 factus,
2726 4046 3066 4114 formamque
3091 4051 3146 4099 et
3186 4043 3331 4100 servi
3361 4052 3417 4099 et

1864 4141 2113 4213 pauperis
2158 4140 2447 4210 acceperit,
2478 4138 2714 4194 maxime
2757 4153 2864 4208 quo
2902 4145 3142 4206 tempore
3178 4136 3418 4205 comple-

1864 4234 1954 4289 bat
2002 4246 2065 4288 ea
2095 4246 2216 4303 quae
2243 4231 2309 4285 ad
2337 4230 2674 4301 prophetiam
2709 4229 2873 4299 hujus
2900 4227 3097 4298 psalmi
3121 4226 3415 4297 pertinent,

1864 4328 2055 4382 .nerito
2081 4326 2133 4381 in
2164 4326 2320 4381 initio
2349 4324 2564 4395 psalmi,
2593 4324 2642 4379 is
2668 4329 2728 4377 ut
2763 4322 2957 4378 beatus
2982 4318 3415 4383 commendatur,

168 4416 481 4487 τυγχάνει.
519 4416 738 4487 Ἱστορεί
769 4415 896 4488 γάρ,
933 4416 1013 4469 ὃτι
1063 4433 1081 4466 ι
1121 4413 1361 4468 Λαϐὼνὸ
1405 4413 1607 4486 Ἰησοῦς
1636 4431 1761 4468 ποτε

1865 4420 1958 4490 qui
1989 4419 2101 4473 haec
2130 4418 2198 4474 de
2226 4417 2320 4473 illo
2349 4414 2696 4478 intellexerit,
2734 4419 2919 4482 utpote
2968 4411 3060 4480 qui
3088 4409 3417 4479 promissum

174 4507 412 4571 ,λέντιον
444 4505 826 4579 περιεζώσατο,
862 4508 953 4561 καὶ⁹
995 4507 1150 4573 νίψας
1184 4508 1308 4571 τοὺς
1334 4506 1497 4570 πόδας
1528 4506 1634 4561 τῶν
1663 4524 1767 4577 μα-

200 4598 388 4669 Θητῶν
426 4599 588 4652 αὑτοῦ
629 4596 807 4652 εἶπεν·
845 4597 984 4667 Ἐγὼ
1010 4592 1133 4652 οῖδα
1154 4597 1247 4662 οὓς
1277 4598 1619 4670 ἐξελεξάμην·
1650 4599 1764 4653 ἀλλ’

199 4691 295 4747 ἵνα
344 4692 377 4762 ή
425 4691 464 4743 Γ
469 4690 613 4763 ραφὴ
645 4691 903 4763 πληρωθῇ
928 4708 941 4721 ·
988 4692 1046 4744 'U
1088 4690 1312 4763 τρώγων
1365 4693 1478 4762 μετ’
1511 4692 1645 4762 ἐμοῦ
1673 4692 1763 4747 τὸν

198 4783 373 4856 ἄρτον
416 4784 613 4856 ἐπῆρεν
662 4784 750 4836 ἐπ’
781 4783 879 4854 ἐμὲ
915 4782 1011 4855 τὴν
1051 4784 1285 4856 πτέρναν
1325 4783 1509 4839 αὑτοῦ.
1541 4803 1559 4835 ι
1598 4783 1762 4837 Ποίαν

197 4876 316 4947 γὰρ
354 4875 735 4947 πεπληρῶσθαι
780 4876 996 4948 γραφὴν
1034 4878 1092 4929 ἐν
1122 4876 1329 4940 τούτοις
1368 4875 1552 4947 ἐδήλου
1583 4876 1697 4929 ἀλλ’
1730 4876 1764 4946 ἢ

199 4970 306 5041 τὴν
335 4966 427 5022 τοῦ
454 4969 589 5039 μετὰ
611 4973 794 5042 χεῖρας
814 4969 1031 5042 ψαλμοῦ
1059 4972 1118 5025 ἐν
1147 4963 1191 5038 ᾧ
1223 4970 1453 5043 εἴρηται·
1474 4989 1492 5022 ι
1529 4971 1639 5024 Καὶ
1660 4970 1767 5043 γὰρ

196 5061 234 5115 ὁ
264 5060 549 5133 ἄνθρωπος
566 5061 665 5131 τῆς
696 5063 914 5134 εἰρήνης
935 5079 1055 5134 μου,
1083 5064 1165 5133 ἐφ’
1193 5063 1250 5116 ὃν
1272 5063 1494 5133 ήλπισα,
1517 5063 1546 5115 ὁ
1572 5062 1765 5116 ἐσθίων

199 5152 405 5223 ἄρτους
452 5169 574 5223 μου,
611 5153 935 5224 ἐμεγάλυνεν
975 5157 1059 5208 ἐπ’
1088 5154 1187 5225 ἐμὲ
1217 5153 1571 5224 πτερνισμόν;
1604 5172 1622 5205 ι
1656 5154 1765 5223 Φη-

202 5245 292 5297 σὶν
324 5240 416 5297 οὖν
450 5245 772 5317 ἀρχόμενος·
804 5264 823 5297 ι
866 5244 1005 5315 Ἐγὼ
1037 5242 1163 5298 εἶπα
1182 5263 1196 5275 ο
1227 5244 1651 5317 Κύριε,ἐλέησόν
1675 5260 1764 5315 με,

203 5333 360 5387 ῑασαι
386 5335 484 5406 τὴν
515 5335 690 5407 ψυχήν
725 5337 943 5406 μου,ὅτι
963 5335 1203 5408 ἦμαρτόν
1237 5351 1349 5387 σοι·
1382 5352 1400 5386 ι
1440 5334 1529 5387 καὶ
1559 5333 1622 5387 δι’
1644 5334 1765 5387 ὅλου

199 5425 299 5479 τοῦ
329 5426 543 5497 ψαλμοῦ
563 5446 575 5457 ·
602 5430 745 5500 ἅπερ
779 5428 1100 5499 σαφέστερον
1120 5430 1147 5480 ὁ
1169 5427 1456 5498 Σύμμαχος
1484 5425 1667 5479 τοῦτον
1683 5425 1768 5492 ἐξ·

200 5518 376 5573 ιδωκε
396 5518 487 5573 τὸν
519 5519 745 5591 τρόπον·
784 5539 805 5572 ι
847 5519 1007 5592 Ἐμοῦ
1040 5519 1312 5588 λέγοντος·
1348 5518 1539 5589 Κύριε,
1572 5517 1769 5572 οἴκτει-

1869 4510 2096 4580 ρυωὶεω
2148 4507 2423 4564 memorias
2468 4508 2727 4562 traditum
2786 4505 3046 4561 obtineat.
3073 4501 3236 4575 m6
3281 4501 3421 4556 Tum

1868 4600 2319 4671 deinceps,,quod
2349 4606 2617 4669 superest,
2649 4612 2717 4653 ex
2748 4596 2935 4666 ipsius
2966 4595 3221 4667 pauperis
3259 4601 3421 4663 atque

1850 4692 2019 4763 egeni
2047 4705 2302 4760 persona.
2341 4689 2516 4759 ipsius
2563 4688 2819 4745 videlicet
2872 4685 3173 4741 Salvatoris
3218 4684 3417 4746 nostri,

1868 4784 1963 4855 qui
1992 4790 2213 4853 pr0pter
2236 4797 2336 4838 nos
2362 4781 2579 4853 inopem
2620 4781 2787 4837 vitam
2816 4778 3135 4849 assumpsit,
3168 4775 3423 4846 adjungi-

1867 4885 1997 4930 tur:
2039 4894 2059 4928 ι
2096 4875 2209 4947 Ego
2238 4876 2374 4942 dixi,
2407 4874 2654 4942 Domine,
2696 4875 2952 4931 miserere
2994 4872 3101 4927 mei
3115 4871 3180 4924 ”.
3218 4889 3239 4921 ›
3265 4869 3422 4936 Quod

1867 4983 1996 5024 vero
2016 4983 2083 5024 ex
2115 4984 2348 5039 persona
2382 4967 2700 5035 Salvatoris,
2722 4982 2842 5038 quae
2876 4960 2943 5020 ad
2970 4966 3115 5020 hunc
3152 4964 3421 5034 psalmum

1866 5058 2159 5129 pertinent,
2192 5059 2451 5128 praedicta
2499 5060 2631 5123 sint,
2674 5058 2911 5129 Optimus
2963 5069 3097 5113 sane
3145 5055 3216 5108 sit
3265 5052 3423 5108 testis

1856 5151 2194 5223 evangelista
2227 5149 2484 5207 Joannes.
2514 5150 2709 5207 Narrat
2756 5149 2924 5213 enim,
2975 5155 3035 5203 ut
3080 5148 3207 5203 olim
3238 5144 3419 5209 Jesus,

1858 5258 1992 5313 cum
2040 5243 2339 5314 accepisset
2388 5245 2636 5307 linteum,
2679 5242 3023 5313 przecinxerit
3069 5254 3150 5305 se,
3193 5252 3425 5306 cumque

1869 5333 2034 5405 pedes
2052 5333 2440 5404 discipulorum
2463 5349 2686 5389 suorum
2711 5332 2995 5395 abluisset,
3021 5329 3218 5384 ὤχει-ιι
3243 5343 3257 5378 :
3282 5326 3427 5397 «Ego

1869 5425 1985 5479 scio
2006 5439 2144 5495 quos
2171 5426 2445 5494 elcgerim,
2483 5426 2577 5480 sed
2615 5432 2674 5479 ut
2716 5426 3056 5497 compleatur
3097 5417 3381 5490 Scriptura
3408 5436 3425 5471 :

1869 5517 1975 5583 Qui
2003 5517 2112 5573 edit
2156 5533 2367 5575 mecum
2400 5533 2616 5590 panem,
2662 5518 2870 5579 levavit
2899 5522 3095 5579 contra
3121 5525 3208 5568 me
3254 5510 3435 5566 calcau-

281 5698 329 5730 ³⁸
366 5696 386 5752 ι
418 5696 662 5754 Machab.
697 5713 803 5769 vn,
844 5698 928 5753 12.
1006 5700 1049 5733 ³⁸
1087 5697 1216 5757 ibid.
1254 5696 1434 5753 15-17.
1509 5697 1553 5731 ³⁸
1598 5693 1742 5752 Psal.
1782 5710 1869 5765 ιι,
1904 5694 1954 5769 5.
