3922 6200
530 275 636 331 713

1181 275 1446 332 EUSEBll
1485 274 1850 332 CESARIEN
1860 277 1962 333 SlS
1993 275 2074 332 ΟΡ

2181 275 2359 331 PARS
2388 273 2453 330 ll.
2491 305 2561 316 —
2597 273 3088 332 APOLOGETICA.

3633 269 3753 330 124

529 412 692 468 neum
721 411 878 452 suum
899 396 963 448 ⁸⁸.
997 415 1017 448 ι
1051 394 1262 452 Etenim
1291 412 1449 468 quam
1475 396 1691 452 tandem
1723 396 1883 451 aliam
1911 397 1966 451 in
2000 396 2074 452 bis

2188 397 2278 467 ρόν
2322 413 2410 467 με,
2447 396 2594 449 ῐασαι
2639 394 2737 466 τὴν
2767 395 2941 466 ψυχήν
2977 411 3098 465 μου,
3133 392 3228 446 καὶ
3260 393 3310 446 εί
3356 388 3598 465 ἧμαρτόν
3629 409 3750 460 σοι,

531 488 868 558 Scripturam
903 487 1222 557 completam
1252 504 1373 544 esse
1401 488 1635 551 dicebat,
1669 488 1776 543 nisi
1806 502 1924 542 eam
1959 503 2078 558 qua:

527 581 590 634 in
616 577 718 632 hoc
743 576 953 646 psalmo
987 577 1235 640 habetur,
1269 578 1363 648 qui
1409 592 1554 631 nunc
1586 578 1641 632 in
1674 579 1926 634 manibus
1973 589 2075 645 est,

525 672 582 726 in
618 685 728 740 quo
758 669 971 738 quidem
1001 671 1206 738 psalmo
1235 669 1366 723 illud
1404 670 1607 724 dictum
1642 679 1724 725 est
1754 686 1769 723 :
1814 689 1834 722 ι
1868 670 2076 726 Etenim

526 756 691 812 homo
719 757 868 824 pacis
897 771 1028 810 meae
1061 757 1114 809 in
1141 772 1249 826 quo
1282 759 1513 826 speravi,
1549 759 1640 827 qui
1681 759 1874 814 edebat
1913 776 2078 829 panes

525 863 702 911 meos,
731 849 1094 919 magniﬁcavit
1123 865 1285 920 super
1326 867 1410 906 me
1443 854 2018 923 supplantationem".
2054 874 2072 906 ι

524 940 688 997 Initio
715 957 845 1012 ergo
889 945 969 998 sic
1010 944 1086 998 ait
1116 963 1130 998 :
1166 964 1185 996 ‹
1219 944 1328 1015 Ego
1361 945 1493 1010 dixi,
1533 947 1776 1011 Domine,
1823 950 2079 1005 miserere

524 1036 652 1098 mei.
688 1051 819 1090 sana
843 1036 1078 1089 animam
1114 1052 1307 1100 meam,
1334 1041 1460 1108 quia
1487 1042 1704 1111 peccavi
1735 1041 1890 1095 tibi"
1925 1061 1936 1096 :
1973 1063 1992 1094 ι
2024 1052 2078 1098 et

524 1144 622 1199 per
657 1136 829 1183 totum
863 1129 1149 1199 psalmum,
1196 1147 1257 1186 ea
1291 1147 1412 1202 qua:
1445 1134 1657 1202 planius
1689 1135 1742 1188 in
1787 1135 1934 1189 hunc
1959 1151 2080 1190 mo-

523 1221 651 1274 dum
690 1218 1058 1291 Symmachus
1096 1222 1302 1277 edidit:
1343 1241 1362 1274 ί
1417 1223 1499 1279 Me
1544 1225 1792 1290 dicente,
1826 1226 2074 1292 Domine,

523 1312 786 1366 miserere
834 1313 961 1377 mei,
999 1328 1130 1368 sana
1154 1315 1386 1369 animam
1420 1331 1634 1383 meam;
1675 1326 1728 1372 et
1759 1320 1804 1374 si
1857 1322 2076 1390 peccavi

522 1403 642 1466 tibi,
680 1403 884 1458 inimici
939 1405 1042 1458 mei
1097 1405 1348 1459 dixerunt
1403 1406 1469 1461 de
1518 1423 1604 1462 me
1653 1415 1816 1477 mata,
1860 1412 2078 1480 quando

523 1494 805 1561 morietur,
836 1503 888 1549 et
918 1497 1114 1565 peribit
1141 1512 1335 1552 nomen
1357 1498 1509 1566 ejus?
1531 1509 1583 1554 et
1611 1515 1734 1555 cum
1767 1501 2079 1572 ingredere-

523 1599 631 1652 tur,
662 1604 800 1642 vana
833 1589 1150 1660 loquebatur
1186 1606 1281 1645 cor
1311 1592 1448 1661 ejus,
1476 1596 1833 1665 congregabat
1871 1597 2080 1665 injusti-

525 1681 653 1734 tiam
701 1682 824 1737 sibi.
869 1679 1003 1735 Cum
1056 1683 1405 1752 egrederetur
1453 1685 1619 1751 foras,
1658 1688 2072 1758 obloquebatur,

523 1788 635 1828 uno
663 1775 847 1828 animo
881 1775 1240 1829 susurrabant
1267 1783 1454 1830 contra
1493 1793 1580 1833 me
1607 1795 1795 1834 omnes
1821 1782 1915 1850 qui
1945 1783 2074 1838 ode-

520 1872 646 1919 rant
675 1880 781 1928 me,
806 1865 873 1920 de
902 1882 988 1921 me
1015 1868 1325 1938 cogitabant
1359 1870 1498 1923 mala
1531 1871 1683 1936 mihi,
1716 1873 1939 1926 verbum
1971 1873 2076 1928 ini-

521 1971 689 2026 quum
720 1955 948 2012 eﬂusum
978 1967 1096 2014 erat
1142 1959 1283 2014 inter
1307 1961 1474 2029 ipsos,
1511 1968 1565 2015 et
1602 1962 1695 2031 qui
1730 1963 1926 2017 cecidit
1966 1980 2074 2019 non

522 2051 756 2121 amplius
789 2059 993 2123 surget,
1042 2054 1133 2108 sed
1181 2063 1235 2108 et
1276 2054 1437 2109 homo
1463 2056 1556 2125 qui
1604 2070 1790 2126 pacem
1845 2057 2076 2113 habebat

520 2158 754 2210 mecum,
786 2145 872 2200 cui
913 2147 1270 2213 confidebam,
1301 2149 1590 2204 comedens
1641 2165 1850 2204 mecum
1879 2166 2074 2221 panem

519 2249 721 2300 meum,
757 2238 1137 2308 magniﬁcatus
1173 2247 1257 2294 est
1295 2251 1484 2295 contra
1519 2257 1601 2296 me
1631 2250 2072 2313 consequenter;

520 2333 578 2379 tu
610 2332 810 2391 autem,
848 2327 1093 2394 Domine,
1113 2330 1367 2386 miserere
1396 2332 1522 2397 mei,
1553 2341 1604 2387 et
1632 2335 1836 2389 suscita
1872 2349 1975 2394 me,
2018 2341 2075 2388 ut

516 2418 817 2473 retribuam
849 2419 930 2474 eis
961 2439 976 2476 :
1005 2429 1223 2491 propter
1254 2422 1356 2476 hoc
1380 2438 1704 2493 cognoscam
1733 2426 1876 2494 quod
1904 2426 2073 2489 voles,

517 2513 566 2567 si
596 2527 704 2567 non
734 2513 1324 2582 obloqueturinimicus
1351 2531 1522 2580 meus,
1543 2533 1625 2571 me
1649 2526 1827 2572 autem
1857 2527 2076 2587 prepter

517 2604 920 2673 simplicitatem
951 2607 1262 2675 suscepisti,
1293 2616 1346 2661 et
1389 2609 1689 2664 constitues
1728 2624 1813 2662 me
1858 2609 1910 2662 in
1943 2624 2076 2662 con-

517 2704 708 2764 spectu
736 2703 831 2749 tuo
855 2697 907 2749 in
940 2705 1223 2752 attentum.
1262 2718 1280 2749 ι
1311 2699 1446 2753 Cum
1485 2700 1570 2754 his
1606 2715 1732 2754 vero
1759 2715 1880 2770 qum
1912 2699 2074 2771 Sym-

518 2786 745 2840 machus
777 2786 945 2842 edidit
971 2788 1303 2842 concordant
1335 2789 1495 2842 etiam
1547 2805 1609 2842 ea
1636 2805 1757 2858 qua:
1782 2789 1849 2841 ab
1879 2789 2074 2858 Aquila

516 2878 661 2932 edita
693 2887 840 2942 sunt,
869 2895 1138 2949 sensuque
1159 2879 1298 2934 idem
1322 2882 1522 2934 valent.
1547 2878 1790 2934 Primum
1817 2881 1984 2951 igitur
2008 2881 2075 2936 de

516 2985 583 3024 eo
629 2971 773 3040 quod
815 2986 880 3026 ex
929 2988 1158 3040 persona
1215 2971 1515 3028 Salvatoris
1575 2975 1746 3028 nostri
1801 2976 2073 3030 enuntiari

2175 490 2226 540 οί
2253 487 2433 558 ἐχθροί
2463 504 2563 556 μου
2589 486 2772 555 ἐλεγον
2802 486 2929 557 περὶ
2955 485 3088 556 ἐμοῦ
3121 484 3291 539 κακά’
3311 485 3446 538 Πότε
3470 485 3749 558 ἀποθάνῃ,

2178 579 2269 632 καὶ
2295 577 2571 632 ἀπολεῖται
2602 579 2661 632 τὸ
2686 578 2852 648 ὗνομα
2872 578 3068 643 αὐτοῦς
3100 577 3490 648 Εἰσερχόμενος
3521 580 3754 632 ἐπισκέ-

2176 671 2404 740 ψασθαι,
2459 671 2657 741 μάταια
2710 670 2884 724 ἐλάλει
2931 671 2962 741 ἠ
3011 669 3205 739 καρδία
3258 669 3453 734 αὑτοῦ,
3489 669 3752 740 ἥθροιζεν

2177 762 2388 815 ἀδικίαν
2424 763 2609 832 ἐαυτῇ.
2639 761 3013 832 Ἑξερχόμενος
3037 761 3090 813 δέ
3118 760 3220 824 ἔξω
3247 761 3546 815 κατελάλει.
3571 763 3752 832 Ὀμοο

2178 855 2412 926 θυμαδδν
2462 855 2919 924 ἐψιθύριζον’κατ’
2957 855 3087 925 ἐμοῦ
3133 855 3335 918 πάντες
3377 859 3425 908 oi
3458 855 3756 926 μισοῦντές

2182 963 2268 1018 με,
2305 947 2430 1016 περὶ
2459 946 2592 1017 ἐμοῦ
2617 945 2922 1007 ἐννοοῦντες
2947 946 3089 1014 κακὰ
3104 963 3212 1016 μοι.
3238 946 3406 1013 Λόγος
3425 946 3754 1016 παράνομος

2178 1041 2437 1109 ἐκκέχυτο
2473 1039 2616 1092 ἔνδον
2659 1040 2853 1104 αὐτῶν,
2885 1041 2978 1094 καὶ
3011 1040 3190 1093 πεσὼν
3221 1042 3398 1094 οὐκέτι
3441 1042 3754 1110 ἀναστήσε-

2176 1149 2298 1186 ταιο
2341 1131 2475 1185 ἀλλά
2526 1133 2617 1186 καὶ
2655 1132 2953 1204 ἄνθρωπος,
2988 1132 3047 1193 ὃς
3087 1133 3328 1203 εἰρηνευέ
3376 1150 3484 1204 μοι,
3523 1128 3570 1201 ᾧ
3617 1135 3754 1185 ἐπε-

2178 1223 2403 1287 ποίθειν,
2434 1224 2721 1277 συνεσθίων
2764 1241 2852 1294 μοι
2897 1225 3057 1294 ἁρτον
3102 1225 3251 1295 ἐμὸν,
3295 1224 3752 1296 κατεμεγαλύνθη

2181 1331 2299 1385 μου.
2334 1314 2677 1379 Ἀκολούθως,
2703 1316 2766 1368 σὺ
2788 1315 2864 1376 δέ,
2893 1315 3358 1386 Κύριε,οἶκτειρόν
3393 1333 3480 1385 με.
3510 1315 3608 1369 καὶ
3657 1317 3754 1368 ὡδ-

2177 1404 2386 1476 έγειρόν
2423 1421 2509 1475 με,
2541 1405 2626 1458 ’ίνα
2663 1403 3024 1457 ἀνταποδώσω
3052 1404 3252 1466 αὐτοῖς.
3287 1405 3386 1456 Διά
3411 1404 3576 1457 τοῦτο
3601 1404 3752 1471 γνῶ·

2179 1498 2463 1568 σομαι,ὃτι
2496 1496 2759 1568 θελήσεις,
2795 1495 2890 1549 ἐὰν
2948 1496 3020 1568 μὴ
3069 1495 3412 1568 καταλαλήσῃ
3461 1500 3490 1550 ό
3543 1496 3754 1568 ἐχθρός

2179 1606 2299 1660 μου.
2344 1589 2505 1659 Ἐμοῦ
2527 1589 2582 1642 δέ
2605 1589 2689 1642 διά
2716 1587 2811 1659 τὴν
2837 1588 3110 1658 ἁπλότητα
3141 1590 3413 1658 ἀντέσχον,
3443 1590 3536 1641 καὶ
3561 1605 3752 1659 rapa-

2178 1682 2390 1751 στήσεις
2424 1697 2491 1750 με
2537 1678 2840 1750 ἔμπροσθέν
2875 1696 2966 1732 σου
3012 1679 3078 1732 δι’
3105 1679 3311 1742 αἰῶνος.
3345 1701 3362 1731 ι
3409 1680 3754 1748 ’ἰσοδυναμετ

2175 1771 2232 1824 δὲ
2277 1774 2390 1834 τοῖς
2423 1770 2514 1824 τοῦ
2549 1771 2841 1841 Συμμὰχου
2874 1771 2966 1824 κα)⁵
3005 1771 3073 1824 τά
3113 1771 3354 1824 Ἀκόλου.
3389 1771 3622 1844 Πρῶτον
3652 1766 3751 1824 οιῖιν

2175 1862 2303 1933 περὶ
2349 1860 2442 1913 τοῦ
2494 1861 2668 1914 δοκεῖν
2700 1861 3061 1931 ἀπεμφαίνειν
3097 1863 3159 1914 ἐκ
3187 1861 3473 1932 προσώπου
3503 1861 3608 1914 τοῦ
3637 1863 3750 1915 Σω-

2173 1955 2334 2026 τῆρος
2362 1951 2518 2024 ἡμῶν
2545 1953 2606 2005 τὸ
2627 1953 2930 2024 εἰρημένον,
2948 1955 3028 2018 τὸ,
3056 1975 3073 2005 ι
3097 1955 3274 2007 Ἰασαι
3295 1955 3390 2025 τὴν
3407 1956 3590 2024 ψυχήν
3621 1973 3756 2025 μου,

2172 2047 2253 2099 ὅτι
2300 2045 2544 2116 ἦμαρτόν
2583 2061 2685 2111 σοι,
2721 2065 2741 2096 ι
2773 2047 3033 2117 τηρήσεις
3060 2046 3121 2098 τὸ
3151 2046 3300 2118 παρὰ
3337 2047 3413 2116 τῷ
3454 2047 3756 2116 Eappan.

2178 2136 2250 2208 μὴ
2293 2137 2464 2200 οὕτως
2510 2136 2648 2206 ἕχον,
2675 2136 2832 2200 ἀλλὰ,
2869 2155 2888 2188 ι
2931 2139 3105 2190 Ἴασαι
3137 2139 3234 2208 τὴν
3272 2139 3443 2208 ψυχήν
3481 2155 3614 2207 μου,
3659 2141 3756 2191 καὶ

2174 2233 2221 2284 εί
2245 2230 2487 2302 ἦμαρτόν
2520 2246 2619 2284 σοι.
2660 2249 2678 2282 ι
2715 2231 2824 2283 Καὶ
2865 2229 3009 2284 οὕτω
3042 2231 3098 2284 δὲ
3130 2229 3287 2284 τοῦτό
3332 2248 3507 2300 φησιν,
3549 2233 3754 2304 ἐπειδὴ

2172 2324 2270 2388 τὰς
2320 2325 2592 2396 ἡμετέρας
2631 2328 2922 2378 κοινοποιεῖ
2974 2326 3051 2388 είς
3098 2326 3285 2377 ἐαυτὸν
3327 2325 3621 2396 ἁμαρτίας.
3659 2326 3756 2378 Διὸ

2174 2415 2450 2470 λέλεκται·
2483 2435 2500 2468 ι
2529 2417 2636 2470 Kal
2657 2416 2858 2488 Κύριος
2891 2417 3203 2487 παρέδωκεν
3231 2417 3386 2470 αὑτὸν
3416 2420 3532 2480 ταῖς
3564 2419 3754 2488 ἁμαρ-

2173 2509 2312 2571 τίαις
2343 2507 2506 2579 ⁴ἡμῶν
2529 2525 2542 2538 σ
2572 2527 2590 2560 ι
2628 2508 2740 2570 καὶ,
2773 2528 2790 2558 ι
2831 2507 2998 2570 Αὐτὸς
3028 2507 3298 2578 ἁμαρτίας
3328 2507 3480 2578 ἡμῶν
3507 2509 3698 2579 φέρει.
3727 2530 3746 2562 ι

2174 2598 2366 2666 Γέγονε
2399 2599 2528 2668 γοῦν
2551 2600 2688 2671 ὺπέρ
2713 2599 2865 2670 ἡμῶν
2903 2599 3112 2670 κατάρα
3138 2601 3166 2652 ό
3201 2599 3507 2669 Ἀμνὸςδτοῡ
3529 2600 3703 2660 Θεοῦ.
3720 2602 3750 2653 ό

2173 2690 2341 2760 αἴρων
2385 2691 2481 2761 τὴν
2521 2693 2796 2761 ’ἁμαρτίαν
2837 2690 2932 2743 τοῦ
2979 2691 3180 2761 κόσμου
3201 2707 3214 2720 ·
3246 2692 3304 2743 ὃν
3332 2693 3418 2743 καὶ
3447 2692 3516 2761 μὴ
3539 2695 3750 2757 γνόντα

2175 2785 2445 2855 ἁμαρτίαν
2495 2787 2523 2837 ό
2580 2783 2712 2846 Θεὸς
2756 2785 2894 2855 ὑπὲρ
2936 2784 3090 2854 ἡμῶν
3137 2784 3403 2856 ἁμαρτίαν
3441 2787 3746 2856 ἐποίησεν,

2173 2877 2459 2947 ἁντίψυχον
2497 2877 2636 2948 ὑπὲρ
2683 2877 2896 2930 πάντων
2929 2876 3083 2948 ἡμῶν
3116 2878 3408 2949 προέμενος
3445 2879 3630 2940 αὐτὸν,
3661 2882 3748 2933 ἵνα

2173 2972 2331 3042 ἡμεῖς
2359 2970 2641 3042 γενώμεθα
2665 2970 2973 3040 δικαιοσύνη
3008 2969 3142 3022 Θεοῦ
3166 2974 3222 3022 ἐν
3252 2970 3414 3040 αὐτῷ.
3455 2971 3595 3022 Ἀλλ’
3620 2973 3747 3025 ἐπεὶ

515 3061 784 3126 videatur,
818 3062 951 3117 illud
985 3064 1128 3133 quod
1183 3063 1386 3118 dictum
1433 3075 1553 3120 est:
1592 3084 1609 3115 ‹
1649 3063 1792 3120 Sana
1836 3069 2069 3121 animam

2176 3064 2263 3117 καὶ
2301 3065 2355 3116 ἐν
2385 3061 2684 3134 ὁμοιώματι
2742 3063 3256 3134 σαρκὸς-ἁμαρτίας
3283 3063 3570 3132 γενόμενος
3613 3081 3748 3116 κατ-

515 3168 712 3218 meam,
746 3155 871 3224 quia
902 3157 1116 3225 peccavi
1152 3155 1268 3220 tibi,
1303 3175 1320 3208 ι
1354 3156 1658 3224 observato,
1702 3174 1885 3227 quaeso
1915 3170 1984 3225 te,
2016 3167 2074 3212 ut

515 3246 657 3302 idem
689 3247 827 3318 apud
875 3247 1255 3318 Symmachum
1303 3264 1411 3303 non
1445 3249 1633 3304 eodem
1679 3251 1839 3306 modo
1888 3267 1944 3306 se
1979 3252 2074 3305 ha-

514 3337 659 3403 beat,
694 3339 787 3394 sed
820 3340 940 3393 sic:
973 3338 1117 3393 Sana
1159 3341 1396 3393 animam
1441 3357 1636 3406 meam,
1669 3349 1723 3397 et
1761 3344 1806 3398 si
1852 3344 2073 3412 peccavi

513 3430 636 3484 tibi.
669 3449 688 3482 ι
723 3428 813 3484 Sic
843 3438 1021 3486 autem
1044 3431 1148 3485 hoc
1177 3432 1266 3486 ille
1285 3434 1378 3496 ait,
1406 3443 1688 3502 propterea
1716 3434 1862 3504 quod
1887 3443 2073 3490 nostra

513 3537 704 3577 secum
758 3523 876 3592 ipse
919 3533 1138 3594 peccata
1185 3524 1630 3579 communicavit.
1671 3525 1750 3580 Ex
1799 3543 1907 3598 quo
1940 3527 2073 3581 illud

509 3610 720 3667 dictum
764 3623 890 3669 est:
929 3632 949 3665 ‹
980 3614 1044 3669 Et
1088 3615 1348 3673 Dominus
1397 3618 1618 3671 tradidit
1665 3634 1789 3673 eum
1838 3620 2073 3688 peccatis

512 3705 740 3769 nostris,
771 3713 844 3768 et,
881 3705 998 3776 ipse
1045 3715 1263 3776 peccata
1290 3715 1474 3762 nostra
1507 3707 1683 3762 fert".
1725 3728 1743 3760 ι
1781 3708 1941 3781 467
1973 3709 2074 3763 Fa-

512 3806 636 3850 ctus
665 3803 752 3852 est
785 3795 952 3868 igitur
980 3812 1078 3868 pro
1103 3798 1262 3853 nobis
1289 3801 1594 3856 exsecratio
1623 3801 1712 3855 ille
1740 3801 1926 3870 Agnus
1954 3801 2070 3866 Dei,

511 3888 604 3959 qui
649 3889 793 3943 tollit
823 3899 1105 3960 peccatum
1139 3890 1348 3954 mundi,
1391 3907 1550 3961 quem
1586 3907 1696 3946 non
1739 3906 2076 3963 cognoscen-

509 3983 620 4032 tem
649 3987 951 4048 peccatum,
983 3977 1126 4035 Deus
1153 3995 1249 4050 pro
1275 3982 1432 4036 nobis
1461 3992 1740 4051 peccatum
1774 3981 1920 4046 fecit,
1944 3981 2072 4036 dum

512 4069 664 4124 illum
699 4071 931 4140 pretium
964 4073 1260 4126 animatum
1292 4089 1354 4126 ac
1385 4074 1564 4127 vivum
1596 4090 1694 4144 pro
1723 4075 1926 4130 nostris
1956 4089 2073 4127 om-

511 4158 664 4212 nium
695 4159 895 4214 animis
943 4161 1131 4224 tradit,
1161 4169 1220 4215 ut
1264 4178 1366 4218 nos
1396 4163 1694 4218 eliiciamur
1734 4164 1949 4233 justitia
1977 4163 2072 4218 Dei

509 4249 567 4304 in
600 4249 741 4320 ipso.
773 4248 880 4304 Sed
907 4251 1126 4322 quando
1153 4252 1315 4307 etiam
1365 4254 1419 4306 in
1450 4254 1858 4310 similitudinem
1889 4256 2073 4311 carnis

510 4343 720 4410 peccati
771 4340 970 4408 factus,
1028 4344 1407 4398 condemnavit
1451 4355 1732 4416 peccatum
1782 4348 1839 4401 in
1884 4361 2068 4412 carne,

2181 3153 2360 3224 έκρινε
2388 3153 2484 3224 τὴν
2506 3153 2772 3224 ἁμαρτίαν
2789 3155 2846 3205 ἐν
2869 3155 2932 3223 τῇ
2959 3153 3139 3224 σαρκὶ,
3163 3153 3383 3215 εἰκότως
3409 3155 3746 3225 προξεεὶεται

2178 3251 2246 3303 τά
2277 3249 2585 3319 ἐκκείμενα.
2613 3249 2732 3300 Ὅτι
2772 3247 2826 3300 δέ
2860 3247 2956 3311 τὰς
2996 3248 3265 3318 ἡμετέρας
3297 3249 3573 3319 ἁμαρτίας
3608 3248 3747 3313 ἐξοι-

2179 3339 2510 3410 κειούμενος,
2544 3339 2632 3392 διὰ
2687 3339 2786 3411 τὴν
2830 3339 2965 3410 πρὸς
3008 3341 3152 3409 ἡμᾶς
3177 3340 3395 3410 ἀγάπην
3422 3342 3518 3392 καὶ
3559 3341 3745 3409 φιλαν-

2180 3432 2444 3503 θρωπίαν,
2474 3431 2645 3485 ταῦτά
2674 3448 2854 3500 φησιν,
2893 3430 3019 3500 ἑξῆς
3043 3430 3391 3493 ὑποκαταϐὰς
3411 3434 3471 3484 ἐν
3501 3432 3650 3502 αὐτῷ
3669 3432 3743 3502 τῷ

2177 3523 2372 3595 ψαλμῷ
2398 3523 2662 3593 ἐπιφέρει,
2697 3521 2896 3590 λέγων’
2936 3540 2953 3572 t
2996 3520 3156 3592 Ἐμοῦ
3181 3522 3236 3575 δὲ
3260 3522 3348 3575 διὰ
3376 3522 3476 3593 τὴν
3510 3524 3742 3577 ἀκακίαν

2177 3616 2498 3672 ἀντελὰϐου·
2536 3635 2554 3667 ι
2591 3615 2776 3684 σαφῶς
2803 3615 2862 3668 τὸ
2896 3616 3256 3685 ἀπειρόκακον
3288 3614 3382 3667 τοῦ
3419 3615 3620 3685 Ἀμνσῖ
3648 3615 3742 3669 τοῦ

2178 3705 2312 3760 Θεοῦ
2337 3706 2620 3778 παριστὰς.
2644 3704 2768 3765 Πῶς
2793 3705 2849 3758 δέ
2879 3707 2976 3767 τὰς
3004 3705 3274 3776 ἡμετέρας
3294 3706 3570 3775 ἁμαρτίας
3603 3705 3742 3769 ἐξοι-

2178 3796 2450 3860 κειοῦται;
2486 3795 2578 3848 καὶ
2607 3794 2723 3858 πῶς
2755 3794 2938 3865 φέρειν
2960 3794 3171 3862 λέγεται
3199 3793 3295 3857 τὰς
3316 3795 3550 3865 ἀνομίας
3565 3796 3740 3865 ἡμῶν,

2177 3891 2210 3961 ἢ
2246 3888 2363 3942 καθ’
2397 3889 2426 3941 ὃ
2456 3887 2610 3957 σῶμα
2626 3885 2787 3940 αὐτοῦ
2812 3882 2946 3940 εἶναι
2974 3886 3266 3958 λεγόμεθας
3295 3886 3438 3940 κατά
3459 3888 3554 3941 τὸν
3589 3888 3743 3940 Ἀπό-

2180 3982 2362 4035 στολον
2390 3982 2636 4051 φήσαντα
2655 3997 2668 4010 ·
2694 3998 2712 4029 ι
2735 3979 2922 4049 Ὑμεῖς
2953 3979 3009 4032 δέ
3041 3981 3160 4032 ἐστε
3189 3979 3345 4050 σῶμα
3368 3979 3634 4050 Χριστοῦ,
3651 3979 3740 4032 καὶ

2180 4071 2314 4143 μέλη
2342 4073 2405 4123 ἐκ
2433 4070 2662 4141 μέρουςο
2700 4069 2792 4122 καὶ
2827 4067 2947 4120 καθ’
2985 4068 3014 4120 ὃ
3049 4068 3345 4138 πάσχοντος
3377 4069 3499 4133 ἐνὸς
3528 4071 3738 4140 μέλους,

2179 4163 2484 4233 συμπάσχει
2519 4161 2696 4215 πάντα
2716 4160 2784 4214 τά
2811 4159 2964 4232 μέλη,
2997 4180 3014 4212 ι
3035 4159 3174 4213 οὕτω
3194 4162 3298 4214 τῶν
3321 4161 3535 4215 πολλῶν
3569 4163 3742 4233 μελῶν

2178 4255 2490 4326 πασχόντων
2511 4256 2606 4309 καὶ
2634 4253 3072 4326 ἁμαρτανόντων,
3098 4257 3191 4307 καὶ⁸
3230 4255 3391 4318 αὐτὸς
3427 4256 3577 4309 κατά
3623 4258 3740 4318 τοὺς

2177 4348 2275 4418 τῆς
2327 4345 2665 4417 συμπαθείας
2705 4345 2915 4412 λόγους,
2948 4344 3260 4418 (ἐπειδήπερ
3300 4345 3585 4416 εὑδόκησε,
3611 4346 3738 4400 Θεοῦ

508 4433 707 4488 merito
753 4433 1105 4503 proferuntur
1156 4451 1219 4490 ea
1275 4452 1396 4506 qua:
1437 4438 1550 4507 jam
1599 4440 1842 4508 exposita
1917 4447 2064 4494 sunt.

2176 4438 2342 4504 Λόγος
2368 4434 2464 4498 ὢν,
2499 4435 2710 4505 μορφὴν
2735 4433 2918 4487 δούλου
2937 4434 3139 4498 λαϐεῖν,
3173 4437 3264 4488 καὶ
3295 4435 3374 4506 τῷ
3408 4437 3580 4507 κοινῷ
3621 4438 3739 4491 πάν-

507 4522 667 4592 Quod
707 4532 887 4581 autem
929 4537 1154 4597 peccata
1198 4536 1409 4593 nostra,
1462 4545 1560 4584 sua
1607 4529 1811 4586 faciens
1855 4538 2074 4600 propter

508 4617 831 4674 charitatem
863 4635 991 4690 erga
1019 4636 1118 4675 nos
1163 4636 1226 4675 ac
1255 4621 1684 4677 benevolentiam
1709 4662 1725 4688 ,
1761 4623 1876 4677 haec
1905 4623 2071 4685 dicat,

507 4712 766 4785 deinceps
795 4715 1040 4771 oratione
1070 4731 1394 4786 progressus
1421 4719 1476 4772 in
1510 4716 1698 4772 eodem
1748 4717 1958 4789 psalmo
1983 4715 2078 4771 de-

506 4813 804 4870 monstrat,
829 4806 1016 4862 dicens
1045 4827 1058 4862 :
1093 4827 1111 4859 ‹
1141 4806 1225 4863 Me
1253 4817 1431 4864 autem
1459 4816 1680 4880 propter
1709 4808 2076 4865 innocentiam

506 4900 797 4970 suscepisti
817 4900 884 4954 ⁸⁸.
938 4919 957 4951 ι
1008 4900 1219 4966 Quibus
1261 4901 1442 4957 verbis
1488 4901 1805 4972 planissime
1852 4902 2065 4972 Agnum

505 4988 624 5058 Dei,
661 4989 839 5045 omnis
888 4991 1016 5045 mali
1062 5000 1336 5062 expertem
1369 4999 1423 5046 et
1473 4993 1766 5046 innocuum
1811 4995 2066 5050 ostendit.

509 5083 618 5139 Sed
646 5100 755 5156 quo
787 5085 1003 5140 tandem
1043 5085 1204 5140 modo
1241 5085 1329 5140 ille
1367 5092 1588 5155 peccata
1618 5093 1808 5140 nostra
1853 5103 1952 5141 sua
1996 5087 2074 5142 fe-

505 5179 604 5242 cit,
640 5185 694 5232 et
732 5192 842 5248 quo
889 5178 1018 5232 item
1071 5177 1233 5231 modo
1297 5176 1610 5247 iniquitates
1658 5187 1876 5234 nostras
1920 5179 2076 5232 tulit?

503 5284 638 5325 num
669 5285 735 5324 ex
759 5285 824 5324 eo
856 5270 1002 5339 quod
1026 5283 1226 5342 corpus
1250 5269 1396 5323 illius
1428 5283 1528 5322 nos
1553 5283 1674 5323 esse
1699 5270 1827 5323 dicti
1859 5286 2070 5334 sumus,

501 5367 568 5415 ut
591 5361 667 5413 ait
706 5359 997 5429 Apostolus
1022 5381 1034 5415 :
1081 5379 1099 5410 ‹
1126 5359 1236 5414 Vos
1266 5368 1445 5414 autem
1481 5359 1615 5413 estis
1646 5373 1846 5428 corpus
1869 5359 2073 5414 Christi

503 5456 564 5505 et
595 5452 838 5505 membra
878 5466 944 5505 cx
997 5458 1171 5520 parte,
1221 5459 1274 5505 et
1315 5465 1377 5506 ex
1429 5465 1494 5503 eo
1538 5449 1684 5520 quod
1729 5450 1858 5504 dum
1905 5465 2071 5504 unum

506 5539 818 5595 membrum
861 5540 1084 5610 patitur,
1139 5541 1300 5596 simul
1331 5543 1514 5595 omnia
1562 5556 1686 5596 cum
1717 5555 1782 5596 eo
1830 5539 2072 5594 membra

2165 4543 2274 4580 των
2315 4523 2472 4595 ἡμῶν
2524 4523 2838 4594 σκηνώματι
2885 4522 3277 4592 συναφθῆναι·)
3309 4527 3437 4588 τοὺς
3486 4526 3599 4578 τῶν
3645 4543 3738 4578 πα-

2171 4618 2408 4688 σχόντων
2439 4614 2612 4687 μελῶν
2644 4615 2838 4678 πόνους
2883 4617 2962 4678 είς
3009 4615 3196 4668 ἐαυτὸν
3229 4616 3626 4686 ἀναλαμϐάνει,
3653 4617 3739 4671 καὶ

2169 4710 2268 4774 τὰς
2299 4708 2568 4781 ἡμετέρας
2601 4708 2787 4770 νόσους
2816 4707 3166 4770 ίδιοποιεῖται,
3194 4708 3287 4760 καὶ
3330 4708 3556 4763 πάντων
3591 4713 3624 4779 ἡ
3633 4708 3738 4778 μῶν

2175 4801 2470 4875 ὐπεραλγεῖ
2509 4801 2601 4854 καὶ
2643 4801 2956 4870 ὑπερπονεῖ,
2991 4799 3131 4852 κατὰ
3154 4801 3278 4863 τοὺς
3302 4801 3403 4871 τῆς
3443 4801 3741 4871 φιλανθρω-

2173 4895 2303 4958 πίας
2327 4893 2541 4964 νόμους.
2574 4892 2648 4944 Οὑ
2675 4891 2831 4962 μόνον
2852 4890 2906 4942 δέ
2935 4890 3104 4944 ταῦτα
3125 4891 3333 4962 πράξας
3365 4894 3394 4945 ό
3429 4893 3632 4963 Ἀμνὸς
3653 4890 3740 4944 τοῦ

2174 4986 2330 5051 Θεοῦ,
2366 4984 2500 5039 ἀλλά
2540 4984 2632 5037 καὶ
2669 4984 2806 5054 ὑπὲρ
2838 4983 2993 5054 ἡμῶν
3033 4982 3312 5045 κολασθεὶς
3344 4983 3438 5037 καὶ
3475 4983 3740 5055 τιμωρίαν

2176 5075 2444 5147 ὑποσχὼν,
2483 5076 2549 5147 ἢν
2587 5074 2744 5136 αὐτὸς
2779 5074 2875 5145 μὲν
2909 5074 3005 5126 οὐκ
3037 5073 3281 5142 ὤφειλεν,
3315 5072 3428 5126 ἀλλ’
3458 5075 3625 5144 ἡμεῖς
3655 5071 3737 5126 τοῦ

2175 5169 2408 5242 πλήθους
2439 5168 2622 5220 ἕνεκεν
2659 5166 2766 5218 τῶν
2814 5166 3375 5237 πεπλημμελημένων,
3411 5166 3546 5237 ἡμῖν
3579 5165 3737 5225 αἴτιος

2172 5263 2273 5331 τῆς
2313 5261 2419 5314 τῶν
2466 5260 2874 5331 ἁμαρτημάτων
2925 5260 3168 5326 ἀφέσεως
3211 5261 3470 5330 κατέστη,
3510 5261 3606 5314 ἅτε
3655 5259 3737 5311 τὸν

2176 5354 2314 5424 ὑπὲρ
2351 5351 2504 5424 ἡμῶν
2543 5351 2932 5422 ἀναδεξάμενος
2960 5351 3206 5415 Θάνατον,
3244 5352 3519 5422 μάστιγάς
3549 5369 3610 5405 τε
3651 5351 3738 5404 καὶ

2181 5443 2382 5515 ὕϐρεις,
2418 5443 2510 5496 καὶ⁵
2551 5443 2772 5513 ἀτιμίας
2822 5443 2951 5512 ἡμῖν
2983 5443 3404 5514 ἐποφειλομένας
3455 5447 3539 5508 είς
3587 5444 3740 5498 αὑτὸν

2183 5538 2453 5607 μεταθεὶς,
2493 5539 2586 5592 καὶ
2625 5537 2722 5608 τὴν
2776 5538 2904 5606 ἡμῖν
2945 5538 3456 5609 προστετιμημένην
3504 5539 3742 5610 κατάραν

567 5720 612 5751 ³⁸
641 5722 812 5782 103"-
852 5741 983 5810 χιιι,
1023 5725 1103 5779 l3.
1182 5729 1225 5760 ³⁷
1267 5726 1411 5784 Psal.
1445 5742 1545 5793 ιι,
1581 5726 1666 5782 10.
1723 5727 1792 5805 ,³³
1837 5722 1970 5781 ibid.
2007 5721 2058 5778 ὃ.

2176 5733 2178 5745 ³
2220 5720 2321 5779 lsa.
2363 5737 2493 5789 un,
2530 5720 2643 5777 4-6.
2722 5722 2765 5755 ³ο
2804 5719 2947 5778 Psal.
2983 5735 3084 5785 ιι,
3123 5719 3208 5775 15.
