3868 6192
259 352 366 406 725

1161 346 1804 405 DEMONSTBATIONIS
1841 346 2299 404 EVANGELICIE
2336 346 2462 402 LIB.
2502 345 2573 405 Χ.

3378 341 3479 398 73.6

257 471 342 538 ὕφ’
367 467 558 522 ἑαυτὸν
604 464 855 529 ἑλκύσας,
885 466 1169 536 γενόμενος
1202 467 1342 536 ὑπὲρ
1382 465 1537 537 ήμῶν
1570 464 1815 537 κατάρα*

1922 463 2277 536 patiuntur“,
2308 482 2328 516 ι
2359 462 2433 516 ita
2460 462 2742 522 nimirum,
2766 458 2955 513 multis
2976 457 3118 513 enim
3150 456 3479 530 patientibus

256 560 355 613 καὶ
406 558 461 609 τί
493 556 603 628 γὰρ
644 556 790 621 ἄλλο,
824 557 856 627 ἢ
903 555 1221 627 ἀντίψυχον;
1272 556 1352 610 διό
1394 574 1558 628 φησιν
1604 556 1662 621 ἐξ
1695 559 1827 628 ήμε-

256 650 415 721 τέρου
470 646 762 718 προσώπου
813 647 873 700 τὸ
919 646 1122 715 λόγιον·
1167 666 1187 698 t
1237 646 1326 718 Τῷ
1383 646 1607 718 μώλωπι
1661 646 1824 701 αὐτοῦ

261 742 417 810 ήμείς
495 738 759 809 ίάθημενυ
845 739 938 792 καὶ
1004 738 1204 810 Κύριος
1275 739 1588 809 παρέδωκεν
1666 738 1825 792 αὑτὸν

253 834 374 895 ταῖς
418 831 713 903 ἁμαρτίαις
773 830 948 901 ήμῶν.
992 849 1009 881 ι
1050 832 1209 884 Ὥστε
1251 833 1473 895 εἰκότως
1522 831 1654 884 ἐνῶν
1700 832 1826 884 ἐαυ-

249 921 348 975 τὸν
397 922 549 990 ἡμῖν,
603 921 751 990 ἡμᾶς
797 937 855 973 τε
915 919 1096 989 αὐτῷ,
1143 921 1233 973 καὶ
1277 920 1344 974 τὰ
1390 921 1629 992 ἡμέτερα
1678 919 1823 991 πάθη

255 1012 678 1082 ῑδιοποιούμενύς
721 993 909 1080 φησιν·
941 1030 959 1062 t
1007 1009 1149 1078 Ἐγὼ
1188 1008 1335 1065 εἶπα·
1370 1012 1560 1083 Κύριε,
1608 1011 1825 1083 ἐλέησόν

254 1120 349 1175 με,
374 1103 523 1157 ἴασαι
560 1105 657 1176 τὴν
678 1105 852 1173 ψυχήν
887 1105 1101 1173 μου,ὂτι
1129 1104 1371 1174 ἥμαρτον
1392 1120 1491 1156 σοι.
1523 1121 1541 1153 ι
1563 1103 1826 1174 Ὀρῶντας

250 1193 311 1245 δέ
327 1193 552 1255 εἰκότως
596 1195 721 1255 τοὺς
756 1191 1198 1256 ἐπιϐουλεύοντας
1224 1193 1283 1244 οὐ
1320 1191 1475 1262 μόνον
1508 1191 1826 1263 ἀνθρώπους

248 1282 389 1334 ἀλλά
412 1283 507 1334 καὶ
524 1283 783 1353 ἀοράτους
805 1282 1055 1351 δυνάμεις
1084 1282 1180 1353 τὴν
1206 1280 1644 1352 ὑπερϐάλλουσαν
1672 1283 1823 1352 ἰσχὺν

246 1373 417 1425 αὐτοῦ
451 1374 553 1441 τῆς
599 1373 746 1436 θείας
780 1373 1146 1445 προσηγορίας
1185 1372 1278 1425 καὶ
1323 1372 1416 1425 τοῦ
1452 1372 1730 1441 ὀνόματος,
1758 1372 1823 1426 δι’

247 1456 310 1516 οὗ
335 1465 537 1536 μικρὸν
554 1464 777 1535 ὓστερον
800 1464 1138 1537 Χριστιανῶν
1166 1464 1264 1533 τὴν
1288 1466 1464 1517 πᾶσαν
1488 1464 1823 1535 κατέπλησεν

250 1561 601 1631 οἰκουμένην,
636 1559 847 1612 σϐέσειν
886 1558 1052 1629 αὐτὴν
1073 1554 1223 1629 οἶμαι
1258 1558 1630 1630 ὑπειληφέναι,
1671 1560 1719 1611 εί
1755 1557 1824 1610 τὰ

248 1650 392 1722 πρὸς
440 1652 669 1705 θάνατον
720 1649 1158 1703 ἐπιϐουλεύσαιεν
1208 1652 1373 1722 αὐτῷ.
1415 1651 1584 1705 Τοῦτο
1626 1651 1688 1722 δὴ
1729 1646 1821 1705 οὖν

248 1743 388 1797 αὐτὸ
415 1742 677 1812 διελέγχει
719 1741 940 1811 φάσκων
959 1758 972 1771 ·
1014 1759 1034 1793 ‹
1063 1744 1124 1795 Οί
1155 1724 1336 1815 ἐχθροί
1369 1760 1467 1814 μου
1493 1740 1649 1797 εἶπαν
1677 1745 1821 1798 κακά

1926 564 1979 611 et
2010 554 2362 627 peccantibus
2392 552 2672 617 membris,
2710 552 2823 621 ipse
2865 567 3080 622 quoque
3109 552 3317 608 ratione
3346 568 3481 608 con-

1926 645 2212 702 sentientis
2293 643 2397 699 sibi
2459 642 2690 697 invicem
2746 651 2953 697 naturze
3005 642 3477 713 (quandoquidem

1925 753 2046 793 cum
2079 736 2173 792 Dei
2202 735 2439 792 Verbum
2470 743 2636 801 esset,
2669 736 2716 789 ei
2751 734 2973 804 placuit,
2991 742 3045 789 et
3083 733 3311 790 formam
3337 737 3476 792 servi

1924 828 2193 898 accipere,
2223 836 2277 882 et
2307 828 2581 882 communi
2609 824 2849 880 omnium
2878 835 3065 881 nostro
3088 827 3363 882 domicilio
3396 841 3481 882 co-

1923 919 2120 990 pulari)
2150 919 2471 989 patientium
2502 922 2868 973 membrorum
2892 918 3107 973 labores
3140 918 3196 971 in
3235 918 3477 989 seipsum

1921 1010 2241 1080 assumpsit,
2278 1018 2331 1065 et
2361 1017 2582 1083 nostras
2615 1008 2940 1064 valetudinis
2960 1008 3320 1073 inﬁrmitates,
3349 1024 3478 1064 suas

1922 1101 2071 1167 fecit,
2106 1110 2159 1157 et
2183 1118 2248 1156 ex
2280 1102 2489 1173 legibus
2521 1101 2879 1157 humanitatis
2906 1116 3003 1171 pro
3042 1100 3292 1155 omnibus
3323 1099 3479 1154 nobis

1921 1202 1975 1249 et
2003 1193 2218 1249 dolores
2247 1200 2300 1247 et
2329 1193 2540 1248 labores
2572 1193 2845 1247 sustinuit.
2878 1193 3141 1248 Czeterum
3177 1207 3286 1253 non
3318 1190 3478 1244 modo

1921 1286 2086 1340 rebus
2116 1285 2202 1339 bis
2226 1286 2394 1355 gestis
2425 1283 2516 1339 Dei
2547 1285 2755 1354 Agnus,
2787 1300 2971 1341 verum
3000 1284 3160 1339 etiam
3191 1297 3291 1354 pro
3320 1282 3478 1337 nobis

1921 1385 2191 1431 tormenta
2247 1392 2465 1446 passus,
2510 1377 2882 1448 supplicioque
2927 1376 3172 1441 allectus,
3204 1389 3311 1444 quo
3364 1373 3479 1443 ipse

1920 1469 2139 1539 quidem
2169 1469 2367 1541 dignus
2408 1472 2629 1526 minime
2668 1477 2805 1533 erat,
2847 1469 2941 1523 sed
2980 1483 3079 1523 nos
3117 1467 3222 1537 ipsi
3256 1473 3479 1537 propter

1920 1559 2325 1615 multitudinem
2364 1570 2735 1631 peccatorum,
2762 1568 2822 1614 ut
2852 1566 3071 1630 peccata
3096 1557 3254 1615 nobis
3293 1555 3480 1610 dimit-

1930 1658 2196 1715 terentur,
2230 1660 2421 1705 auctor
2454 1651 2665 1710 exstitit
2693 1670 2705 1705 :
2746 1658 2929 1721 utpote
2980 1648 3072 1719 qui
3100 1663 3199 1719 pro
3230 1645 3389 1702 nobis
3426 1654 3479 1701 et

1919 1747 2147 1795 mortem
2173 1741 2417 1805 subierit,
2450 1750 2503 1796 et
2529 1740 2775 1806 verbera,
2804 1748 2857 1795 et
2879 1740 3099 1811 probra,
3128 1747 3181 1794 et
3203 1744 3478 1793 contume-

248 1852 373 1906 μοι’
429 1835 570 1888 Πότε
610 1832 958 1888 ἀποθανεῖται
1001 1835 1093 1888 καὶ
1124 1834 1398 1887 ἀπολεῖται
1426 1834 1486 1887 τὸ
1526 1834 1693 1906 ὄνομα
1724 1836 1815 1890 αύ-

1918 1830 2041 1893 lias,
2072 1830 2273 1900 quibus
2304 1846 2404 1884 nos
2433 1831 2583 1900 digni
2607 1846 2846 1895 eramus,
2881 1832 2936 1885 in
2966 1831 3203 1900 seipsum
3238 1836 3479 1884 transtu-

246 1927 371 1990 τοῦς
411 1944 433 1978 ι
479 1926 633 1978 Ἐπεὶ
661 1925 717 1978 δὲ
754 1923 1272 1999 καθυποκρινόμενοι
1300 1924 1604 1995 προσῄεσαν
1629 1926 1820 1996 πειρά-

245 2017 430 2079 ζοντες
475 2017 626 2078 ὅπως
670 2014 827 2068 αὑτὸν
869 2014 1280 2083 παγιδεύσωσιν,
1313 2016 1388 2078 ώς
1417 2017 1449 2086 ή
1483 2014 1601 2069 θεία
1630 2014 1818 2087 Γραφὴ

244 2110 539 2178 μαρτυρεῖ,
562 2106 745 2160 ἄλλοτε
776 2105 937 2169 ἄλλας
963 2106 1157 2168 αὐτοὺς
1186 2107 1482 2176 προφάσεις
1514 2107 1604 2160 καὶ
1652 2124 1819 2178 κατη-

240 2200 434 2270 γορίας
475 2202 597 2253 κατ’
632 2198 793 2252 αὐτοῦ
823 2198 1244 2262 συσκευάζεσθαι
1283 2199 1588 2272 ίστοροῦσα,
1612 2201 1819 2255 τούτων

238 2291 403 2346 ἕνεκα
420 2290 686 2359 ἐπιλέγει·
719 2310 737 2341 ι
766 2291 874 2343 Kal
897 2293 944 2344 εί
969 2291 1342 2362 εἰσεπορεύετο
1361 2291 1453 2343 τοῦ
1473 2291 1618 2355 ίδεῖν,
1645 2292 1818 2365 μάτην

236 2382 421 2437 ἐλάλει
475 2385 509 2453 ή
552 2381 751 2454 καρδία
793 2382 975 2446 αὐτοῦ,
1012 2385 1311 2456 συνήγαγεν
1350 2384 1576 2454 ἀνομίαν
1622 2384 1815 2455 ἐαυτῷ.

249 2474 643 2548 Ἐξεπορεύετο
667 2474 769 2541 ἔξω
795 2476 887 2529 καὶ
915 2474 1089 2529 ἐλάλει
1129 2477 1221 2530 ἐπὶ
1249 2477 1308 2529 τὸ
1328 2478 1459 2531 αὐτὸ
1479 2477 1597 2530 κατ’
1614 2477 1766 2547 ἐμοῦ.
1794 2497 1812 2529 ι

249 2567 410 2639 Ἑξῆς
440 2568 497 2620 δέ
525 2568 736 2630 τούτοις
767 2567 864 2638 ἤδη
894 2567 1076 2637 σαφῶς
1100 2568 1349 2639 ἐμφαίνει
1377 2571 1469 2623 καὶ
1496 2570 1654 2623 αὑτὸν
1681 2572 1820 2622 ἐκεῖ·

238 2673 330 2710 νον
380 2656 477 2708 τὸν
531 2656 946 2709 δυσσεϐεστατον
985 2658 1281 2729 προδότηνο
1322 2658 1507 2730 ἐπειδὴ
1542 2660 1819 2713 συνέϐαινε

239 2746 361 2816 μεθ’
401 2746 471 2809 ἃς
503 2747 766 2816 πεποίητο
812 2747 1083 2818 συνθήκας
1136 2751 1250 2812 τοῖς
1288 2749 1512 2819 ἄρχουσι
1543 2750 1650 2802 τῶν
1688 2751 1818 2802 Ἰου-

233 2834 403 2892 δαίων
452 2838 580 2909 περὶ
615 2839 712 2908 τῆς
763 2837 853 2891 τοῦ
897 2838 1211 2893 διδασκάλου
1266 2842 1569 2911 προδοσίας,
1630 2843 1817 2913 μηκέτ’

232 2926 488 3000 διπαντᾷν
514 2929 674 2983 αὑτὸν
703 2929 944 3000 συνήθως
964 2932 1055 2983 ἐπὶ
1079 2932 1174 3002 τὴν
1190 2930 1296 2984 τῶν
1314 2931 1469 2985 θείων
1487 2932 1819 3004 μαθημάτων

234 3019 610 3088 διδασκαλίαν,
662 3022 783 3093 μηδ’
816 3023 889 3086 ὼς
919 3023 1070 3094 παρὰ
1109 3023 1425 3076 διδάσκαλον
1448 3025 1655 3094 φοιτᾷν,
1696 3017 1817 3095 μηδ’

236 3112 444 3181 ὁμοίως
487 3116 599 3175 τοῖς
649 3113 852 3184 ἑτέροις
896 3114 1262 3186 παραϐάλλειν
1306 3117 1373 3185 τῇ
1427 3114 1519 3167 τοῦ
1567 3115 1816 3186 Σωτῆρος
1842 3157 1883 3215 C

236 3204 521 3281 διατριϐῇ,
555 3205 666 3257 ἀλλ’
692 3206 784 3258 ἐπὶ
815 3206 893 3277 τῷ
917 3207 1267 3261 κατοπτεύειν
1295 3209 1389 3261 καὶ
1419 3208 1666 3279 θηρεύειν
1690 3226 1813 3263 και-

239 3296 357 3367 ρὸν,
387 3298 479 3350 ὅτε
510 3298 617 3350 δέοι
646 3298 924 3353 ἐπιθέσθαι
946 3299 1110 3369 αὐτῷ.
1146 3298 1313 3352 Τοῦτο
1346 3300 1390 3352 δ’
1408 3294 1497 3352 οὖν
1527 3301 1619 3353 καὶ
1650 3318 1817 3373 κατη-

236 3392 487 3460 γορεῖται
550 3390 800 3460 πράττων
854 3391 957 3444 ὑπὸ
1001 3391 1109 3445 τῶν
1192 3390 1348 3463 ἱερῶν
1401 3392 1812 3460 εύαγγελιστῶν,

235 3473 314 3533 ὧν
345 3482 373 3533 6
412 3480 514 3551 μὲν
560 3482 832 3546 Ματθαῖὸς
867 3500 1033 3554 φησι·
1076 3502 1093 3534 ι
1120 3485 1252 3536 Τότε
1285 3483 1563 3554 πορευθεὶς
1598 3478 1677 3548 εἷς
1708 3484 1815 3538 τῶν

233 3572 471 3635 δώδεκα,
506 3574 535 3625 6
566 3573 850 3645 λεγόμενος
896 3574 1089 3637 Ἰούδας
1130 3573 1502 3645 Ἰσκαριώτης,
1531 3576 1666 3646 πρὸς
1688 3578 1814 3641 τοὺς

234 3666 540 3736 ἀρχιερεῖς,
583 3661 733 3717 εἶπεν
758 3666 967 3728 αὐτοῖς·
1006 3667 1071 3717 Τί
1103 3664 1283 3718 θέλετέ
1326 3684 1413 3737 μοι
1442 3665 1643 3731 δοῦναι,
1662 3667 1815 3737 κάγὼ

236 3757 371 3827 ὑμῖν
426 3756 733 3827 παραδώσω
776 3758 974 3823 αύτόν;
1022 3760 1081 3812 Οἱ
1131 3759 1187 3812 δὲ
1228 3759 1459 3829 ἔστησαν
1512 3760 1658 3831 αὐτῷ
1700 3780 1815 3833 τρι-

236 3849 447 3903 άκοντα
480 3848 736 3921 ἀργύρια.
758 3850 867 3904 Kal
892 3851 999 3904 ἀπὸ
1026 3851 1148 3904 τότε
1181 3851 1360 3923 ἐζήτει
1389 3853 1690 3924 εὐκαιρίαν,
1727 3846 1818 3909 ἵνα

235 3941 403 3994 αὐτὸν
432 3941 659 4012 παραδῷ
682 3943 861 4006 αὐτοῖς
876 3959 889 3972 ο
922 3962 940 3994 ι
963 3944 990 3994 ὁ
1014 3943 1069 3997 δὲ
1088 3943 1311 4014 Μάρκος
1335 3961 1347 3974 ·
1371 3962 1392 3994 ‹
1418 3946 1527 3999 Kal
1565 3945 1757 4010 Ἰούδας
1784 3948 1812 3999 6

219 4031 607 4104 ,Ἰσκαριώτης
651 4027 731 4096 εἷς
778 4033 884 4087 τῶν
930 4034 1135 4088 δώδεκα
1179 4035 1386 4105 ἀπῆλθε
1413 4037 1547 4107 πρὸς
1572 4039 1695 4101 τοὺς
1716 4040 1813 4109 ἀρ-

235 4129 443 4197 χιερεῖς
474 4127 562 4180 ἵνα
605 4127 767 4180 αὐτὸν
814 4126 1036 4199 παραδῷ
1076 4128 1275 4193 αὐτοῖς.
1310 4130 1372 4183 Οἱ
1406 4128 1461 4183 δέ
1486 4131 1811 4197 ἀκούσαντες

234 4218 536 4290 ἐχάρησαν,
569 4219 665 4272 καὶ
714 4218 1101 4290 ἐπηγγείλαντο
1139 4220 1288 4291 αύτῷ
1317 4221 1577 4294 ἀργύριον
1606 4224 1806 4279 δοῦναι.

236 4307 348 4359 Kal
372 4308 555 4378 ἐζήτει
577 4308 695 4372 πῶς
716 4309 876 4364 αὐτὸν
908 4310 1177 4383 εὐκαίρως
1206 4312 1428 4384 παραδῷ
1450 4331 1462 4343 ·
1495 4333 1513 4365 ι
1542 4316 1569 4367 ὁ
1594 4316 1649 4369 δὲ
1672 4318 1809 4369 Λου-

239 4398 343 4461 κᾶς
366 4399 569 4471 γράφει
604 4399 775 4469 λέγων
796 4418 808 4431 ο
844 4420 864 4454 t
892 4402 1120 4474 Είσῆλθε
1153 4403 1209 4458 δὲ
1240 4406 1268 4458 ὁ
1296 4405 1535 4472 Σατανᾶς
1561 4409 1639 4472 είς
1684 4409 1810 4461 Ἰού-

1918 1920 2059 1984 lerit,
2087 1930 2140 1975 et
2169 1922 2469 1976 exsecratio
2501 1938 2600 1993 pro
2629 1922 2786 1977 nobis
2819 1921 3014 1987 factus,
3051 1923 3476 1976 exsecrationem

1919 2027 2038 2083 qua:
2066 2012 2225 2067 nobis
2254 2013 2577 2081 debebatur,
2622 2014 2689 2068 ad
2733 2013 2972 2085 seipsum
3000 2012 3305 2068 attraxerit.
3335 2010 3476 2078 Quid

1918 2104 2064 2159 enim
2095 2105 2241 2161 aliud
2271 2105 2382 2171 ille,
2418 2122 2579 2177 quam
2613 2121 2713 2176 pro
2750 2107 2944 2162 animis
2975 2106 3179 2161 nostris
3203 2105 3479 2176 pretium?

1917 2197 2106 2267 Itaque
2148 2214 2213 2254 ex
2246 2213 2479 2268 persona
2518 2207 2706 2256 nostra
2744 2200 3023 2254 oraculum
3064 2200 3180 2253 ait:
3229 2218 3247 2250 ι
3284 2198 3478 2254 Livore

1916 2290 2037 2361 ejus
2068 2305 2168 2347 nos
2211 2293 2386 2347 sanati
2426 2306 2615 2347 sumus
2647 2310 2660 2346 :
2693 2298 2747 2346 et
2782 2291 3044 2347 Dominus
3089 2290 3313 2346 tradidit
3350 2305 3475 2345 eum

1918 2383 2159 2453 peccatis
2197 2384 2401 2439 nostris
2419 2384 2484 2439 ⁸¹.
2516 2403 2534 2436 ι
2560 2383 2795 2439 Proinde
2830 2384 3024 2439 merito
3066 2383 3193 2438 dum
3233 2382 3475 2451 seipsum

1918 2475 2077 2531 nobis
2098 2473 2399 2546 coniungit,
2428 2486 2480 2531 et
2505 2491 2605 2531 nos
2626 2491 2689 2530 ac
2718 2476 2847 2531 vitia
2876 2483 3063 2532 nostra
3095 2476 3197 2531 sibi
3232 2474 3473 2537 asciscit,

1920 2569 1995 2621 ita
2025 2568 2101 2621 ait
2139 2585 2153 2621 :
2198 2586 2216 2618 ι
2250 2568 2361 2639 Ego
2394 2569 2529 2632 dixi,
2574 2569 2823 2632 Domine,
2864 2568 3125 2623 miserere
3164 2567 3289 2633 mei,
3340 2579 3477 2622 sana

1920 2661 2157 2714 animam
2207 2676 2404 2726 meam,
2438 2662 2564 2731 quia
2608 2662 2829 2732 peccavi
2878 2663 2975 2716 tibi
3015 2682 3027 2716 :
3070 2680 3089 2712 ι
3122 2660 3477 2729 videntesque

1919 2750 2047 2805 item
2073 2753 2266 2808 merito
2290 2768 2399 2808 non
2433 2755 2607 2808 solum
2642 2755 2988 2809 insidiatores
3014 2753 3281 2815 homines.
3311 2751 3477 2823 468

1920 2842 2015 2896 sed
2053 2844 2214 2897 etiam
2256 2845 2621 2901 insidiatrices
2680 2846 2981 2901 invisibiles
3011 2850 3329 2915 potestates,
3364 2843 3476 2896 vim

1921 2932 2239 2988 immensam
2284 2936 2430 2991 illius
2473 2936 2669 2991 divinae
2716 2936 3093 3006 appellationis
3125 2942 3178 2989 et
3212 2933 3474 2997 nominis,

1919 3038 2027 3091 quo
2073 3024 2217 3079 haud
2268 3026 2343 3081 ita
2383 3028 2554 3083 multo
2602 3036 2724 3098 post
2760 3036 2933 3084 totum
2980 3029 3164 3084 orbem
3210 3037 3474 3083 terrarum

1918 3112 2250 3173 Christianis
2294 3120 2563 3190 implevit,
2612 3120 2759 3174 illam
2809 3136 2867 3175 se
2918 3135 3081 3190 posse
3132 3120 3476 3190 exstinguere

1917 3213 2275 3275 putaverunt,
2337 3211 2383 3264 si
2430 3219 2660 3266 mortem
2714 3211 2791 3264 illi
2845 3212 3310 3268 machinarentur.
3362 3209 3477 3265 Hoc

1917 3297 2096 3365 ipsum
2128 3298 2294 3367 igitur
2343 3301 2430 3355 bis
2475 3303 2655 3357 verbis
2686 3301 3009 3375 redarguit:
3052 3321 3071 3353 ι
3110 3302 3319 3357 Inimici
3370 3303 3477 3356 mei

1915 3387 2171 3442 dixerunt
2201 3390 2343 3444 mala
2395 3392 2551 3457 milii,
2595 3394 2815 3463 quando
2868 3396 3134 3449 morietur
3182 3400 3235 3448 et
3279 3391 3485 3463 peribit.

1916 3494 2114 3534 nomen
2144 3479 2263 3550 ejus
2287 3482 2373 3535 aa?
2404 3502 2421 3534 ι
2460 3482 2727 3549 Quoniam
2777 3492 2960 3539 autem
2994 3484 3263 3539 simulatis
3297 3482 3478 3539 verbis

1917 3569 2281 3637 accedebant,
2318 3579 2592 3630 tentantes
2638 3582 2697 3629 ut
2740 3575 2918 3645 ipsum
2961 3584 3216 3646 caperent
3260 3575 3317 3630 in
3361 3590 3475 3630 ser-

1917 3675 2096 3725 mone,
2128 3669 2188 3715 ut
2215 3661 2444 3732 legimus
2487 3665 2630 3733 apud
2672 3665 2911 3720 divinam
2961 3666 3318 3735 Scripturam,
3355 3682 3475 3737 quae

1916 3749 2038 3803 illos
2067 3759 2257 3807 contra
2290 3751 2441 3807 illum
2474 3754 2610 3809 alias
2639 3754 2762 3809 aliis
2787 3763 2840 3809 et
2869 3756 3249 3811 occasionibus
3276 3763 3329 3811 et
3367 3756 3477 3809 cri-

1914 3841 2155 3898 minibus
2207 3851 2426 3899 utcntes
2458 3844 2686 3913 inducit,
2741 3845 2944 3901 idcirco
2988 3846 3121 3900 illud
3174 3845 3470 3916 adjungit:

1920 3950 1938 3983 ι
1970 3932 2035 3988 Ει
2060 3935 2466 4006 ingrediebatur
2499 3951 2557 3992 ut
2605 3937 2832 4005 videret,
2861 3954 2997 3995 vana
3029 3938 3351 4010 loquebatur
3379 3954 3477 3994 cor

1913 4026 2052 4095 ejus,
2102 4029 2451 4098 congregavit
2510 4030 2854 4100 iniquitatem
2903 4031 3041 4095 sibi,
3095 4031 3472 4103 egrediebatur

1917 4115 2065 4171 foras
2090 4125 2144 4172 et
2166 4118 2486 4189 loquebatur
2517 4122 2573 4175 in
2602 4122 2836 4191 idipsum
2866 4131 3054 4178 contra
3078 4122 3277 4179 me”.i
3298 4122 3472 4179 .llisce

1910 4223 2040 4263 vero
2067 4211 2229 4267 rebus
2260 4213 2546 4283 expositis,
2589 4213 2846 4285 deinceps
2895 4214 3260 4284 ipsumillum
3301 4215 3474 4271 scele-

1911 4300 2213 4356 stissimum
2245 4302 2581 4373 proditorem
2633 4305 2808 4361 verbis
2846 4305 3054 4361 indicat
3083 4321 3097 4358 :
3131 4306 3475 4377 quandoqui-

1910 4392 2033 4447 dem
2080 4394 2217 4450 illud
2249 4398 2450 4463 evenit,
2503 4406 2563 4451 ut
2592 4408 2879 4469 postquam
2912 4398 2979 4454 de
3013 4397 3292 4469 prodendo
3331 4413 3475 4469 prae-

235 4488 334 4542 δαν
354 4490 447 4543 τὸν
474 4492 895 4565 ἐπικαλούμενον
932 4494 1299 4569 Ἰσκαριώτην,
1322 4497 1449 4552 ὄντα
1480 4500 1543 4553 ἐκ
1569 4499 1662 4553 τοῦ
1690 4502 1808 4573 ἀρι-

1916 4495 2127 4554 ceptore
2165 4503 2290 4543 cum
2330 4490 2670 4561 principibus
2707 4488 3020 4545 Judaeorum
3066 4498 3259 4560 pactus
3306 4501 3472 4555 esset,

240 4581 377 4653 θμοῦ
402 4584 512 4637 τῶν
534 4584 759 4639 δώδεκα.
796 4588 904 4640 Kal
929 4587 1174 4641 ἀπελθὼν
1214 4590 1539 4662 συνελάλησε
1562 4594 1672 4654 τοῖς
1712 4594 1810 4665 ἀρ-

239 4674 481 4746 χιερεῦσι
517 4679 611 4732 καὶ
638 4678 1041 4748 γραμματεῦσι,
1082 4680 1176 4733 καὶ
1210 4681 1322 4743 τοῖς
1366 4685 1685 4751 στρατηγοῖς
1714 4682 1806 4734 τοῦ

245 4764 409 4835 ἱεροῦ,
436 4766 525 4819 ἵνα
562 4768 722 4841 αὑτὸν
759 4768 983 4840 παραδῷ
1017 4768 1217 4832 αὐτοῖς.
1259 4769 1368 4823 Kal
1394 4770 1686 4841 ἐχάρησαν,
1714 4773 1807 4824 καὶ
1834 4836 1849 4861 ι

253 4856 522 4910 συνέθεντο
566 4859 713 4929 αὐτῷ
758 4858 1015 4931 ἀργύριον
1046 4859 1242 4914 δοῦναι.
1269 4862 1377 4914 Kal
1407 4862 1584 4935 ἐζήτει
1620 4864 1805 4916 εὐκαι-

271 4946 366 5015 ρίαν
386 4948 477 5002 τοῦ
506 4948 834 5021 παραδοῦναι
861 4950 1020 5003 αὐτὸν
1040 4952 1221 5015 αὐτοῖς
1241 4952 1370 5025 ἄτερ
1389 4953 1564 5023 ὄχλου.
1586 4972 1603 5006 ι
1625 4954 1806 5006 Ταῦτα

271 5034 316 5108 δὴ
341 5037 426 5095 οὖν
459 5042 596 5094 αύτά
627 5041 956 5106 θεσπίζουσα
994 5045 1026 5115 ή
1081 5043 1219 5115 μετὰ
1265 5050 1450 5116 χεῖρας
1501 5046 1799 5117 πρόρρησις

273 5124 475 5198 ἐπιλέγει
492 5149 506 5160 ⁸
531 5134 667 5186 (Καὶ
687 5135 734 5185 εί
761 5133 1130 5205 εἰσεπορεύετο
1142 5134 1233 5188 τοῦ
1254 5138 1399 5199 ίδεῖν,
1428 5139 1601 5207 μάτην
1622 5137 1796 5191 ἐλάλει

274 5216 480 5294 ἠκαρδία
494 5224 683 5288 αὑτοῦ,
703 5228 1003 5297 συνήγαγεν
1032 5229 1255 5298 ἀνομίαν
1276 5228 1471 5299 ἐαυτῷ.
1490 5229 1799 5301 Ἑξεπορεύ-

274 5323 339 5366 tto
357 5314 473 5381 ἔξω,
496 5318 588 5371 καὶ
610 5317 784 5371 ἐλάλει
815 5319 906 5372 ἐπὶ
930 5319 988 5371 τὸ
1008 5319 1154 5373 αὑτό.
1174 5321 1307 5373 Κατ’
1333 5319 1466 5390 ἐμοῦ
1490 5321 1796 5392 ἐψιθύριζον

273 5404 438 5473 πάντες
451 5411 499 5461 οἱ
517 5410 699 5482 ἐχθροί
726 5428 842 5481 μου.
870 5430 888 5462 ι
910 5412 965 5465 '0
982 5410 1109 5480 γοῦν
1128 5411 1438 5483 Σύμμαχος,
1451 5414 1802 5485 (Εἰσερχόμε-

271 5501 352 5559 νας,
381 5518 399 5551 ι
432 5500 614 5569 φησὶν,
645 5520 662 5552 t
682 5501 1062 5572 ἐπισκοπῆσαι,
1112 5502 1311 5572 μάταια
1352 5503 1529 5557 ἐλάλει
1557 5507 1801 5578 ήκαρδία

269 5587 424 5656 αὐτοῦ,
449 5592 699 5663 ἥθροιζεν
719 5594 931 5649 ἀδικίαν
962 5595 1148 5667 ἑαυτῇ.
1192 5595 1574 5667 Ἐξερχόμενος
1598 5599 1655 5652 δὲ
1689 5599 1791 5665 ἔξω

1909 4595 2017 4635 non
2047 4582 2279 4650 amplius
2321 4592 2372 4635 ul
2410 4583 2618 4637 solebat
2666 4581 2731 4636 ad
2768 4582 2953 4637 divina
2998 4592 3263 4654 prtecepta
3295 4582 3473 4652 perdi"—

1909 4674 2112 4729 scenda
2156 4676 2489 4739 conveniret,
2537 4690 2713 4745 neque
2752 4690 2884 4730 vero
2930 4682 3189 4745 tanquam
3231 4675 3297 4728 ad
3335 4688 3474 4743 prae-

1906 4775 2180 4837 ceptorem
2218 4770 2521 4833 accederet,
2552 4777 2647 4823 aut
2676 4770 2908 4823 aliorum
2940 4784 3088 4823 more
3120 4766 3470 4838 prteceptoris

1910 4861 2304 4915 consuetudine
2342 4868 2608 4924 uteretur,
2657 4861 2753 4917 sed
2786 4871 3002 4931 tempus
3050 4861 3314 4915 duntaxat
3357 4857 3468 4910 cir-

1908 4953 2269 5023 cumspiceret
2306 4962 2466 5026 atque
2515 4956 2853 5020 observaret,
2903 4969 3011 5025 quo
3066 4950 3264 5006 adoriri
3318 4950 3469 5004 illum

1907 5050 2112 5114 posset.
2132 5045 2367 5102 Proinde
2392 5048 2543 5102 illum
2571 5048 2676 5103 ista
2706 5049 3013 5103 molientem
3048 5058 3111 5097 ac
3139 5049 3465 5113 patrantem,

1906 5140 2080 5193 sancti
2111 5139 2455 5215 evangelista:
2472 5141 2838 5195 criminantur
2863 5155 2891 5192 :.
2910 5151 3142 5208 quorum
3174 5149 3317 5190 unus
3341 5132 3472 5191 Mat,

1904 5231 2078 5286 tliaeus
2113 5231 2191 5285 ita
2230 5232 2305 5285 ait
2335 5252 2348 5286 :
2384 5252 2400 5283 ι
2434 5232 2589 5286 Tunc
2636 5232 2825 5286 abiens
2862 5245 3003 5284 unus
3051 5244 3118 5284 ex
3159 5224 3465 5287 duodecim.

1904 5325 1998 5395 qui
2035 5324 2318 5379 dicebatur
2350 5325 2521 5381 Iudas
2562 5325 2846 5379 lscariotes
2875 5321 2949 5375 ad
2982 5321 3257 5391 principes
3285 5332 3468 5374 sacer-

1905 5415 2116 5481 dotum,
2150 5417 2224 5471 ait
2256 5418 2397 5472 illis:
2431 5416 2572 5484 Quid
2597 5416 2759 5469 vultis
2790 5413 2920 5467 mihi
2951 5411 3101 5478 dare,
3132 5418 3185 5468 et
3215 5426 3313 5483 ego
3343 5424 3466 5464 eum

1907 5510 2060 5565 vobis
2087 5510 2340 5564 tradam?
2370 5512 2447 5565 illi
2498 5517 2676 5565 autem
2720 5507 3123 5563 constituerunt
3150 5504 3199 5560 ei
3243 5502 3468 5575 triginta

1908 5611 2211 5672 argenteos.
2247 5602 2313 5655 Et
2340 5616 2405 5656 ex
2436 5603 2526 5657 illo
2588 5600 2863 5671 qurerebat
2897 5598 3380 5671 opportunitatem,
3407 5599 3470 5653 ut

313 5771 350 5802 "
390 5770 408 5826 l
440 5770 565 5827 Cor.
602 5785 700 5840 xu,
731 5770 818 5840 26,
846 5772 937 5832 27.
1013 5775 1195 5855 “ﬁlsa.
1234 5791 1349 5848 Lm,
1384 5776 1498 5836 ιθ.
1578 5779 1622 5811 ³³
1661 5777 1807 5837 Psal.
1842 5796 1935 5847 XL,
1966 5780 2015 5837 ϐ.
2097 5781 2138 5814 3"
2176 5781 2302 5838 ibid.
2343 5782 2392 5850 7,
2427 5783 2479 5840 8.
