3922 6200
500 325 615 384 ’127

502 443 683 516 ipsum
723 444 802 499 eis
848 443 1088 500 traderet
1110 445 1175 499 ³⁸.
1229 468 1248 500 ι
1283 447 1497 506 Marcus
1543 451 1723 506 autem
1763 449 1844 506 sic
1887 464 1903 504 :

499 537 672 596 ludas
708 533 998 594 lscariotes
1037 554 1179 596 unus
1207 557 1275 596 ex
1303 540 1610 609 duodecim,
1647 543 1791 598 abiit.
1815 541 1881 597 ad
1919 543 2069 613 prin-

500 630 653 699 Cipes
678 627 1024 684 sacerdotum
1057 637 1117 685 ut
1158 647 1282 690 eum
1327 634 1435 691 illis
1475 633 1731 690 traderet.
1763 632 1845 688 Illi
1887 641 2068 689 autem

500 720 786 774 audientes
815 721 987 791 gavisi
1023 729 1170 778 sunt.
1204 723 1269 777 Et
1303 725 1670 795 promiserunt
1697 741 1756 780 se
1784 734 2064 798 argentum

495 812 548 868 ei
577 811 801 867 daturos
833 829 846 865 :
883 821 938 869 et
965 817 1242 886 quazrebat
1269 819 1544 889 quomodo
1574 819 1726 875 illum
1765 807 2066 891 opportune

496 903 816 961 traderet".
856 925 876 957 ι
913 904 1091 962 Lucas
1123 923 1249 962 vero
1297 909 1354 964 in
1397 910 1542 965 hunc
1572 911 1794 965 modum
1830 911 2060 965 scribit:

499 992 784 1048 «intravit
825 1003 1008 1052 autem
1064 996 1297 1054 Satanas
1346 1003 1400 1054 in
1449 998 1644 1055 Judam
1697 1000 1791 1072 qui
1839 1009 2065 1056 vocatur

492 1083 809 1152 lscariotes,
846 1105 1016 1143 unum
1047 1089 1114 1146 de
1152 1091 1463 1147 duodecim.
1503 1089 1568 1145 Et
1597 1093 1730 1147 abiit
1762 1101 1815 1148 et
1847 1095 2061 1148 locutus

491 1187 576 1235 est
597 1196 719 1235 cum
752 1181 1095 1253 principibus
1125 1186 1470 1241 sacerdotum
1504 1194 1558 1242 et
1605 1187 1801 1242 scribis
1829 1197 1883 1243 et
1907 1187 2062 1243 duci-

489 1270 595 1326 bus
630 1273 836 1343 templi,
869 1282 930 1328 ut
975 1291 1100 1330 eum
1136 1275 1245 1332 illis
1289 1277 1549 1332 traderet.
1585 1275 1649 1332 Et
1694 1279 1866 1349 gavisi
1909 1287 2056 1344 sunt,

489 1369 544 1416 et
581 1363 722 1432 pacti
763 1375 890 1420 sunt
922 1374 1208 1436 argentum
1249 1369 1327 1423 illi
1356 1369 1527 1426 dare:
1557 1377 1613 1426 et
1652 1371 1929 1441 quaerebat
1963 1387 2060 1441 op-

487 1457 900 1523 portunitatem,
928 1467 984 1512 ut
1015 1459 1252 1515 traderet
1287 1462 1437 1516 illum
1470 1467 1588 1518 sine
1617 1463 1793 1518 turbis
1810 1463 1876 1519 ³⁷.
1911 1483 1930 1516 ι
1955 1462 2058 1516 Ea-

488 1545 610 1600 dem
643 1547 809 1616 igitur
839 1549 982 1613 lizec,
1017 1551 1331 1605 vaticinium
1367 1554 1512 1623 quod
1543 1569 1690 1608 nunc
1717 1554 1771 1608 in
1804 1555 2057 1610 manibus

486 1645 590 1702 est,
615 1653 840 1703 canens,
859 1641 930 1694 ita
955 1641 1061 1695 ait:
1083 1642 1595 1715 «Etingrediebatur
1612 1655 1668 1701 ut
1687 1646 2055 1714 videret,vana

485 1731 813 1802 loquebatur
847 1749 941 1787 cor
979 1734 1120 1805 ejus,
1151 1740 1500 1808 congregavit
1541 1739 1883 1810 iniquitatem
1927 1740 2052 1797 sibi.

483 1823 649 1896 5,69
666 1824 1233 1897 Egrediebaturforas,
1260 1839 1313 1884 et
1332 1832 1652 1902 loquebatur
1679 1833 1736 1886 in
1756 1831 2014 1902 idipsum.
2029 1851 2047 1884 ι

484 1915 688 1971 Contra
719 1934 804 1973 me
849 1921 1213 1975 susurrabant
1249 1937 1439 1979 omnes
1477 1924 1685 1979 inimici
1735 1924 1861 1979 mei.
1899 1921 2056 1996 Sym-

483 2010 713 2066 machus
743 2021 922 2066 autem
957 2030 970 2065 :
1009 2034 1026 2064 ι
1059 2013 1394 2084 Ingrediens,
1425 2015 1627 2086 inquit,
1649 2023 1708 2070 ut
1734 2017 2050 2088 inspiceret,

481 2117 623 2156 vana
653 2101 982 2173 loquebatur
1010 2119 1106 2158 cor
1134 2105 1276 2175 ejus,
1315 2108 1682 2178 congregabat
1723 2107 2052 2178 injustitiam

482 2195 609 2250 sibi.
666 2196 964 2266 Egrediens
1017 2208 1198 2254 autem
1257 2199 1406 2257 foras
1452 2202 1870 2274 obloquebatur.
1930 2199 2052 2257 Uno

481 2288 665 2343 animo
706 2290 1072 2346 susurrabant
1127 2301 1318 2346 contra
1367 2309 1453 2349 me
1481 2309 1674 2350 omnes
1697 2285 1791 2366 qui
1819 2297 2051 2351 oderunt

478 2397 584 2437 me.
625 2401 644 2434 ο
699 2379 860 2438 Solus
888 2383 1055 2455 igitur
1087 2392 1347 2456 tanquam
1393 2385 1676 2444 familiaris
1705 2397 1760 2443 et
1808 2388 2052 2461 discipu-

477 2472 565 2526 lus
595 2471 898 2544 ingressus,
931 2474 1412 2546 circumspiciebat
1439 2485 1493 2531 et
1531 2478 1848 2550 explorabat
1877 2481 2046 2546 intus,

479 2563 711 2620 insidias
766 2566 820 2619 in
864 2567 1030 2620 corde
1075 2565 1176 2621 suo
1213 2567 1515 2623 occultans.
1543 2567 1812 2640 Egressus
1843 2577 2045 2638 autem,

476 2668 602 2707 cum
633 2653 885 2723 pluribus
913 2655 1022 2707 uno
1047 2656 1230 2709 animo
1259 2667 1312 2711 et
1333 2657 1387 2709 in
1423 2656 1566 2711 idem
1587 2657 2046 2728 obloquebautur,

476 2744 605 2798 dum
633 2741 971 2800 Salvatorem
1020 2745 1258 2802 inimicis
1291 2747 1564 2811 tradebat,
1596 2756 1652 2803 et
1689 2749 1920 2804 latenter
1952 2767 2046 2820 pa-

475 2836 787 2892 ciscebatur
815 2853 937 2891 cum
973 2839 1310 2910 principibus
1330 2837 1644 2893 Iudaeorum
1675 2829 1798 2894 cum
1831 2842 1898 2895 de
1923 2842 2045 2898 aliis

467 2926 662 2992 rebus,
688 2935 803 2982 tum
836 2944 965 2982 vero
1003 2929 1163 2984 etiam
1207 2930 1273 2984 de
1316 2930 1547 3001 pecunia
1577 2945 1684 3002 qua
1714 2947 1773 2986 se
1808 2931 2043 2987 traditu-

463 3035 598 3096 _rum
631 3019 781 3075 illum
825 3021 1192 3093 promittebat,
1227 3031 1281 3077 et
1329 3023 1396 3078 de
1431 3037 1538 3093 qua
1590 3038 1697 3078 una
1727 3039 1851 3078 cum
1906 3023 2040 3096 ipsis

472 3108 584 3166 illis
609 3112 948 3166 susurrabat.
967 3111 1045 3165 Ex
1069 3127 1176 3182 quo
1203 3113 1304 3168 ait:
1331 3132 1347 3164 ι
1373 3111 1766 3184 Egrediebatur
1794 3113 1962 3182 foras,
1988 3124 2042 3173 et
2067 3143 2108 3200 ο

475 3205 800 3275 loquebatur
830 3205 883 3258 in
938 3205 1195 3274 idipsum.
1248 3204 1528 3262 Adversus
1559 3223 1646 3262 me
1680 3208 2040 3264 susurrabant

473 3312 665 3352 omnes
701 3297 906 3351 inimici
935 3297 1061 3351 mei.
1093 3295 1395 3352 Adversum
1425 3313 1512 3352 me
1551 3297 1865 3370 cogitabant
1899 3300 2040 3355 mala

471 3389 627 3446 mihi.
672 3387 909 3444 Verbum
973 3388 1218 3459 iniquum
1289 3389 1694 3446 constituerunt
1749 3393 2038 3450 adversum

472 3497 560 3536 me
585 3481 650 3536 ³⁸.
695 3500 714 3532 ι
747 3479 974 3536 Videtur
1031 3489 1214 3537 autem
1271 3483 1578 3554 pactionem
1637 3483 1706 3538 de
1745 3486 2034 3554 argenteis,

473 3573 700 3627 verbum
732 3573 1001 3644 iniquum,
1026 3573 1344 3644 pmpbetice
1389 3559 1676 3630 nominare
1708 3594 1722 3630 :
1758 3584 1852 3630 aut
1873 3577 2038 3635 etiam

474 3665 546 3720 ita
580 3665 733 3727 dicit,
766 3676 1051 3737 propterea
1084 3667 1231 3737 quod
1263 3666 1468 3722 nefaria
1496 3675 1550 3722 et
1571 3667 1758 3739 iniqua
1778 3667 2038 3726 adversus

473 3756 626 3810 illum
668 3757 1002 3826 cogitabant,
1029 3765 1214 3826 utpote
1261 3759 1357 3827 qui
1397 3758 1550 3812 illum
1583 3759 2038 3830 exstinguendum

471 3856 528 3902 et
563 3857 683 3915 post
714 3863 904 3903 necem
947 3848 1296 3914 abolendum,
1329 3865 1507 3920 neque
1538 3849 1771 3922 amplius
1795 3851 1934 3908 inter
1958 3852 2036 3922 vi-

471 3951 571 3991 vos
605 3937 992 4008 requirendum
1039 3939 1459 3995 arbitrarentur.
1492 3938 1624 3996 Tale
1661 3947 1746 3995 est
1793 3941 1937 4000 enim
1968 3941 2037 3996 il-

468 4025 564 4083 lud
602 4049 615 4086 :
653 4049 672 4083 ι
706 4029 963 4102 Nunquid
993 4033 1084 4102 qui
1113 4031 1334 4101 dormit,
1367 4049 1476 4088 non
1521 4033 1738 4103 adjiciet
1767 4041 1826 4087 ut
1855 4050 2038 4090 resur-

467 4130 564 4194 gat
599 4123 683 4178 ”?
714 4142 734 4176 ι
784 4123 930 4194 quod
977 4124 1210 4179 lucidius
1259 4127 1486 4196 protulit
1548 4125 1908 4197 Symmachus
1953 4127 2039 4184 bis

468 4213 700 4270 verbis:
756 4232 774 4265 ι
825 4211 891 4267 Ει
935 4215 1026 4284 qui
1076 4214 1278 4269 cecidit
1335 4231 1444 4270 non
1499 4215 1643 4269 ultra
1705 4227 1971 4290 resurget.
2011 4238 2030 4271 ι

467 4304 664 4376 Aquila
697 4319 842 4368 vero,
906 4324 922 4354 ι
961 4303 1159 4376 thui,
1193 4306 1392 4377 inquit,
1425 4305 1730 4373 dormierit,
1765 4325 1869 4365 non
1900 4309 2038 4380 adji-

1175 328 1446 388 EUSEBII
1483 329 1960 390 CESABIENSIS
1996 331 2148 390 OPP.
2186 333 2370 392 PARS
2405 333 2471 392 Il.
2510 365 2579 378 —
2615 334 3110 394 APOLOGE'I’ICA.

1949 466 1970 502 ι
2005 445 2069 505 Et
2097 453 2145 513 Α
2171 451 2471 508 κατελάλει.
2522 451 2890 525 Ὀμοθυμαδὸν
2936 429 3241 528 ἐψιθύριζον
3277 455 3400 507 κατ’
3431 454 3561 524 ἐμοῦ
3589 457 3732 510 πάνε-

3624 340 3734 395 τεο

2167 562 2259 609 τες
2290 546 2338 598 ot
2370 543 2650 617 μισοῦντές
2685 562 2772 618 με.
2812 565 2830 598 ι
2868 545 3041 610 Μόνος
3083 545 3179 616 μὲν
3209 540 3300 598 οὖν
3330 544 3406 608 ὡς
3439 543 3505 598 ἂν
3530 543 3733 616 γνώρι-

2171 653 2271 707 μος
2289 637 2383 690 καὶ
2408 636 2655 708 μαθητὴς
2668 637 2818 708 παρὰ
2835 637 3148 692 διδάσκαλον
3163 635 3364 701 εἰσιὼν,
3380 637 3736 708 περιεσκόπει

2167 731 2259 784 καὶ
2310 723 2734 802 κατεμάνθανεν,
2799 730 2942 784 ἔνδον
2987 731 3079 783 ἐπὶ
3125 730 3225 800 τῆς
3264 727 3454 782 ἐαυτοῦ
3503 728 3736 800 καρδίας

2165 823 2421 896 κρύπτων
2475 823 2573 896 τὴν
2629 823 2936 896 ἐπιϐουλήν.
2969 822 3152 888 Ἐξιὼν
3182 823 3238 877 δὲ
3259 863 3273 888 ,
3313 821 3449 892 μετά
3470 822 3735 877 πλειόνων

2163 915 2502 986 ὁμοθυμαδὸν
2531 917 2621 969 καὶ
2656 917 2746 970 ἐπὶ
2766 916 2827 969 τὸ
2864 915 2992 969 αὐτὸ
3026 913 3328 979 κατελάλει,
3369 915 3482 978 τοῖς
3515 913 3736 984 ἐχθροῖς

2163 1008 2444 1080 προδιδοὺς
2499 1009 2591 1062 τὸν
2641 1009 2885 1080 Σωτῆρα,
2926 1009 3018 1061 καὶ
3050 1007 3467 1078 συνταττόμενος
3488 1010 3599 1069 τοῖς
3618 1003 3731 1058 τῶν

2175 1101 2441 1156 Ἰουδαίων
2486 1101 2708 1172 ἄρχουσι
2734 1099 3030 1171 λεληθότως
3075 1098 3200 1170 περὶ
3247 1099 3462 1170 ἐτέρων,
3503 1098 3564 1150 οὐ
3620 1095 3731 1167 μὴν

2163 1192 2297 1247 ἀλλά
2335 1193 2428 1246 καὶ
2479 1193 2604 1262 περὶ
2649 1190 2756 1245 τῶν
2799 1192 3116 1264 χρημάτων,
3152 1191 3238 1260 ἐφ’
3268 1183 3349 1253 οἷς
3383 1188 3730 1260 παραδώσειν

2161 1281 2320 1336 αὐτὸν
2352 1283 2678 1353 ὑπισχνεῖτο,
2724 1284 2850 1354 περὶ
2890 1277 2963 1335 ὧν
3004 1285 3122 1354 μετ’
3155 1282 3329 1336 αὐτῶν
3365 1281 3588 1335 ἐκείνων
3610 1281 3730 1350 ἐψι-

2161 1372 2362 1445 θύριζε.
2396 1373 2486 1426 Διό
2528 1390 2723 1444 φησιν*
2765 1393 2783 1424 ι
2837 1371 3220 1444 Ἐξεπορεύετο
3267 1372 3391 1439 ἔξω,
3423 1375 3517 1426 κα)⁸
3543 1372 3726 1425 ἐλάλει

2159 1463 2251 1514 ἐπὶ
2279 1461 2338 1514 τὸ
2374 1461 2522 1514 αὑτό.
2557 1463 2691 1514 Κατ’
2719 1462 2852 1532 ἐμοῦ
2894 1462 3201 1535 ἐύιθύριζον
3233 1463 3429 1525 πάντες
3457 1466 3505 1516 οί
3538 1462 3727 1534 ἐχθροί

2161 1569 2281 1623 μου,
2305 1554 2422 1607 κατ’
2448 1553 2579 1624 ἐμοῦ
2637 1553 2936 1622 ἐλογίζοντο
2972 1554 3116 1608 κακά
3147 1571 3253 1624 μοι.
3285 1555 3452 1623 Λόγον
3487 1557 3728 1628 παράνο-

2162 1659 2258 1713 μον
2297 1644 2581 1697 κατέθεντο
2621 1645 2739 1697 κατ’
2769 1643 2925 1715 ἐμοῦ.
2971 1664 2988 1694 ι
3034 1645 3213 1696 Ἔοικε
3241 1641 3296 1696 δὲ
3326 1642 3423 1715 τὴν
3447 1644 3726 1715 συνταγὴν

2157 1733 2252 1805 τὴν
2311 1735 2436 1806 περὶ
2486 1735 2592 1788 τῶν
2643 1736 2916 1808 ἀργυρίων
2965 1723 3118 1803 λόγον
3157 1735 3464 1807 παράνομον
3499 1735 3592 1789 διὰ
3622 1738 3724 1807 τῆς

2157 1825 2490 1895 προφητείας
2509 1824 2792 1896 ὀνομάζειν
2811 1843 2823 1854 ·
2846 1825 2876 1896 ἢ
2901 1825 2992 1878 κα)⁸
3014 1825 3094 1877 ὅτι
3127 1825 3292 1896 ἀσεϐῆ
3314 1826 3405 1878 καὶ
3424 1820 3723 1898 παράνομα

2154 1919 2275 1970 κατ’
2333 1917 2496 1972 αὐτοῦ
2534 1919 2849 1982 διενοοῦντο,
2890 1919 2964 1984 ὼς
3004 1917 3070 1972 ἂν
3131 1919 3566 1992 σϐεσθησομένου
3626 1921 3724 1976 καὶ

2153 2007 2651 2080 διαφθαρησομένου
2685 2010 2820 2080 μετὰ
2853 2011 2944 2064 τὸν
2978 2011 3223 2076 θάνατον,
3247 2014 3338 2065 καὶ
3369 2013 3566 2084 μηκέτι
3608 2014 3721 2078 ζῶ-

2155 2117 2240 2155 σιν
2285 2101 2794 2173 ἐξετασθησομένου.
2838 2102 3089 2157 Τοιοῦτον
3143 2105 3252 2176 γάρ
3290 2105 3406 2158 ἐστι
3447 2105 3524 2169 τὸ,
3559 2127 3579 2157 ι
3627 2108 3722 2178 Μὴ

2151 2195 2180 2246 6
2209 2193 2543 2264 κοιμώμενος
2569 2193 2700 2263 οὐχ).⁴
2721 2193 3018 2266 προσθήσει
3042 2195 3133 2249 τοῦ
3157 2197 3446 2266 ἀναστῆναι
3472 2215 3486 2262 ;
3521 2218 3542 2248 ι
3581 2199 3720 2271 ὅπερ

2150 2285 2466 2357 λευκότερον
2508 2287 2536 2339 6
2578 2275 2870 2356 Σύμμαχος
2900 2286 3155 2359 ἐξέφηνεν
3184 2287 3350 2342 είπών
3373 2305 3385 2318 ·
3430 2307 3448 2339 ι
3488 2291 3596 2342 Καὶ
3630 2307 3719 2342 πε-

2153 2375 2260 2430 σὼν
2281 2377 2454 2430 οὐκέτ’
2486 2379 2848 2450 ἀναστήσεται
2868 2395 2912 2443 ;›
2945 2381 2973 2432 6
2999 2379 3055 2432 δὲ
3093 2379 3319 2445 ’Λκύλας
3348 2383 3531 2451 φησιν,
3573 2381 3715 2434 «Καὶ

2149 2468 2208 2531 ὃς
2233 2468 2299 2522 ἂν
2324 2467 2583 2543 κοιμηθῇ,
2615 2469 2676 2523 ού
2718 2457 3014 2542 προσθήσει
3049 2472 3142 2526 τοῦ
3190 2470 3517 2542 ἀναστῆναις
3560 2492 3577 2523 ι
3602 2474 3717 2527 Καὶ

2148 2559 2320 2614 ταῦτα
2350 2559 2430 2613 ἔτι
2464 2560 2658 2625 κοινῶς
2685 2560 2812 2632 περὶ
2842 2561 3056 2616 πάντων
3088 2562 3300 2635 εἴρηται
3328 2563 3436 2616 τῶν
3455 2564 3594 2616 κατὰ.
3622 2562 3717 2615 τὸν

2148 2651 2336 2721 καιρὸν
2397 2650 2491 2705 τοῦ
2541 2652 2744 2718 πάθους
2783 2653 3304 2708 ἐπιϐεϐουλευκότων
3348 2655 3529 2726 αύτῷ·
3570 2655 3716 2720 ἰδίως

2145 2740 2203 2795 δὲ
2259 2740 2419 2795 πάλιν
2459 2743 2587 2814 περὶ
2617 2743 2711 2796 τοῦ
2761 2743 3037 2815 προδότου,
3063 2745 3139 2808 ὼς
3178 2747 3246 2800 ἂν
3277 2745 3403 2816 περὶ
3437 2745 3714 2817 μαθητευο

2145 2831 2327 2896 θέντος
2358 2833 2524 2904 αύτῷ,
2561 2833 2684 2906 ἑξῆς
2729 2835 2976 2907 ἐπιφέρει
3000 2837 3198 2906 λέγων·
3238 2855 3256 2887 ι
3293 2837 3402 2890 Καὶ
3423 2838 3533 2910 γὰρ
3567 2841 3595 2892 6
3623 2841 3715 2892 ἇν-

2145 2921 2359 2994 θρωπος
2413 2925 2513 2996 τῆς
2571 2927 2791 2998 εἰρήνης
2830 2945 2951 2998 μου,
2988 2927 3072 2996 ἐφ’
3099 2928 3157 2980 ὃν
3190 2927 3411 2999 ἤλπισα,
3457 2930 3485 2980 6
3520 2929 3714 2983 ἐσθίων

2141 3015 2339 3087 ἄρτους
2371 3035 2494 3088 μου,
2528 3018 2859 3090 ἐμεγάλυνεν
2901 3019 2989 3071 ἐπ’
3021 3017 3121 3090 ἐμὲ
3154 3020 3478 3091 πτερνισμόν
3502 3037 3517 3047 ·
3551 3040 3568 3071 ι
3596 3022 3708 3074 ἀνθ’

2143 3103 2202 3161 οὗ
2236 3110 2395 3164 πάλιν
2427 3113 2455 3164 6
2484 3110 2796 3184 Σύμμαχος,
2826 3131 2844 3164 ι
2868 3113 2977 3166 Καὶ
3002 3111 3303 3186 ἄνθρωπος,
3331 3132 3348 3164 ι
3371 3115 3560 3183 φησὶν,
3599 3133 3617 3164 ι
3651 3114 3708 3175 ὃς

2141 3201 2388 3274 είρήνευέ
2442 3219 2552 3272 μοι,
2603 3197 2648 3272 ᾧ
2702 3202 3029 3268 ἐπεποίθειν,
3091 3203 3381 3258 συνεσθίων
3428 3224 3519 3276 μοι
3553 3209 3710 3277 ἄρτον

2139 3289 2290 3360 ἐμὸν,
2323 3291 2775 3364 κατεμεγαλύνθη
2812 3311 2933 3364 μου.
2977 3313 2995 3346 ι
3050 3296 3331 3367 Χείριστος
3353 3296 3462 3366 γὰρ
3497 3296 3711 3367 ἀληθῶς

2127 3383 2389 3437 ’ἁπάντων
2435 3385 2528 3437 καὶ
2585 3379 2976 3456 ἐναργέστατος
3005 3389 3034 3440 6
3063 3386 3200 3457 μετὰ
3221 3387 3401 3458 κοινὴν
3432 3387 3712 3459 τράπεζαν

2137 3473 2232 3528 καὶ
2258 3473 2355 3547 τὴν
2391 3476 2448 3528 ἐν
2506 3474 2682 3545 λόγοις
2719 3476 2814 3530 τοῦ
2869 3465 3188 3532 διδασκάλου
3241 3479 3447 3548 τροφὴν
3507 3479 3601 3532 ἐπὶ
3645 3479 3706 3532 τὰ

2136 3565 2302 3637 χείρω
2358 3566 2586 3638 τραπεὶς
2611 3572 2649 3633 ,’
2677 3569 2769 3620 καὶ
2825 3571 2937 3633 τοῖς
2987 3569 3248 3632 ἐναντίοις
3281 3568 3372 3620 τὸν
3415 3570 3706 3638 εὐεργέτην

2137 3659 2624 3730 ἀπαμειψάμενος.
2669 3659 2808 3714 Ἀλλ’
2841 3661 3133 3732 ἐπειδήπερ
3173 3659 3615 3724 ἐπιϐουλεύοντες
3660 3663 3705 3713 el

2121 3748 2322 3822 ’ἐχθροὶ
2347 3751 2530 3820 ἔλεγον
2553 3768 2567 3783 ο
2601 3771 2618 3804 ι
2645 3753 2782 3805 Πότε
2810 3752 3183 3815 ἀποθανεῖται,
3222 3752 3313 3807 καὶ
3334 3752 3620 3805 ἀπολεῖται
3647 3751 3705 3804 τὸ

2136 3840 2306 3914 ὄνομα
2331 3843 2493 3897 αὑτοῦ
2517 3861 2564 3911 ;›
2589 3843 2772 3927 Δᾤοντό
2801 3862 2860 3898 τε
2885 3843 3214 3916 κοιμηθέντα
3237 3844 3430 3916 μηκέτ’
3464 3845 3702 3915 ἀναστή-

2139 3937 2350 4003 σεσθαι,
2393 3936 2585 3990 τούτου
2645 3937 2806 4008 χάριν
2858 3936 3019 4000 αὐτὸς
3058 3937 3086 3988 6
3129 3935 3315 4007 Σωτὴρ
3358 3935 3453 3988 καὶ
3505 3936 3701 4008 Κύριος

2135 4028 2294 4099 ἡμῶν
2325 4028 2582 4082 τάναντία
2626 4027 2836 4092 τούτοις
2883 4027 3194 4098 εὐχόμενος,
3229 4027 3439 4098 καὶτῆς
3468 4029 3701 4082 ἀναστά-

2137 4135 2273 4185 σεως
2329 4119 2620 4184 ἀκωλύτως
2681 4121 2864 4191 τυχεῖν
2917 4118 3084 4185 ἀξιῶν
3121 4119 3212 4172 τὸν
3251 4118 3496 4191 Πατέρα,
3539 4120 3695 4191 φησί·

2125 4221 2161 4264 ⁸(
2191 4214 2264 4268 Σὺ
2295 4213 2372 4279 δὲ,
2405 4213 2596 4286 Κύριε,
2629 4212 2849 4281 ἐλέησόν
2879 4228 2965 4283 με,
3012 4212 3105 4266 καὶ
3157 4212 3454 4282 ἀνάστησόν
3489 4229 3578 4282 με,
3609 4211 3700 4265 καὶ

2135 4305 2498 4361 ἀνταποδώσω
2521 4305 2721 4368 αὐτοῖς.
2763 4303 2851 4357 Ἐν
2881 4303 3052 4374 τούτῳ
3075 4303 3262 4372 ἔγνων,
3292 4303 3373 4356 ὅτι
3405 4302 3698 4371 τεθέληκάς

467 4395 578 4452 ciet
607 4400 667 4448 ut
697 4402 948 4465 resurgat
973 4395 1018 4426 ⁸ο
1047 4416 1058 4450 :
1104 4417 1122 4450 ι
1154 4407 1208 4454 et
1235 4399 1351 4454 haec
1393 4398 1613 4470 quidem
1663 4397 1842 4457 adhuc
1889 4417 2040 4458 com-

2147 4414 2228 4468 με,
2259 4399 2340 4451 ὅτι
2363 4397 2424 4450 ού
2461 4395 2534 4468 μὴ
2570 4398 2803 4468 ἐπιχαρῇ
2836 4398 2864 4450 6
2908 4389 3100 4467 ἐχθρός
3124 4411 3226 4466 μου
3263 4395 3348 4447 ἐπ’
3381 4395 3528 4464 ἐμοί.
3555 4415 3574 4446 ι
3595 4395 3698 4448 Καὶ

468 4485 710 4540 muniter
749 4484 818 4542 de
868 4487 1142 4546 universis
1199 4491 1344 4546 dicta
1376 4499 1526 4554 sunt,
1580 4492 1675 4562 qui
1723 4494 1827 4549 sub
1858 4494 2032 4564 ipsum

2147 4486 2402 4560 πρόδηλόν
2437 4503 2501 4556 γε
2538 4487 2658 4541 τίνα
2705 4487 2903 4560 τρόπον
2932 4485 3068 4559 μετά
3099 4486 3196 4557 τὴν
3227 4489 3290 4541 ἐκ
3318 4486 3529 4558 νεκρῶν
3574 4487 3699 4541 ἀνᾶ-

458 4563 746 4650 ’ρεεςὶοηίε
788 4587 1004 4652 tempus
1033 4581 1260 4639 insidias
1293 4585 1369 4638 illi
1405 4583 1668 4640 fecerunt.
1700 4563 2032 4643 Atseorsum

2147 4595 2318 4631 ςτασιν
2341 4577 2524 4644 αὐτοῦ,
2555 4578 2890 4649 παραχρῆμα
2941 4578 3036 4630 καὶ
3065 4579 3165 4632 οὐκ
3197 4580 3276 4642 είς
3310 4580 3529 4651 μακρὰν
3574 4595 3697 4650 μετο

468 4672 536 4728 de
558 4673 856 4742 proditore,
911 4683 1168 4744 tanquam
1197 4675 1264 4731 de
1294 4691 1359 4731 eo
1379 4692 1538 4746 quem
1564 4677 1678 4747 ipse
1704 4689 1763 4732 ut
1795 4677 2036 4753 discipu-

2147 4671 2269 4742 ἦλθε
2318 4674 2442 4735 τοὺς
2490 4669 3010 4735 ἐπιϐεϐουλευκότας
3055 4671 3268 4742 αύτῷή
3319 4671 3694 4736 ἀνταπόδοσις,

467 4764 579 4818 lum
614 4765 962 4831 instituisset,
1000 4767 1256 4838 deinceps
1309 4767 1575 4840 adjungit,
1603 4768 1792 4825 dicens
1827 4786 1840 4823 :
1886 4790 1905 4823 ι
1943 4769 2035 4825 Et-

2147 4767 2278 4829 im);
2310 4781 2369 4818 τε
2397 4766 2424 4818 6
2455 4763 2643 4834 ἐχθρὸς
2669 4761 2858 4828 αὐτοῦ,
2889 4761 3034 4834 ζωῆς
3068 4763 3441 4834 τυγχάνοντος,
3473 4765 3698 4827 θάνατος

459 4841 613 4913 enim
641 4859 802 4914 homo
839 4861 988 4931 pacis
1023 4875 1174 4924 mete,
1207 4861 1264 4914 in
1317 4876 1424 4930 quo
1454 4862 1687 4931 speravi,
1719 4862 1810 4932 qui
1841 4863 2035 4917 edebat

2147 4855 2496 4930 ιατῃσχύνθη,
2519 4854 2658 4908 ὥστε
2681 4855 2802 4920 τοὺς
2831 4855 3251 4921 ἐπονειδίζοντας
3287 4859 3462 4909 εἰπεῖν
3481 4874 3493 4886 ·
3529 4876 3548 4906 ι
3591 4855 3697 4910 Ποῦ

465 4965 636 5018 panes
671 4967 844 5017 meos,
873 4951 1238 5023 magniﬁcavit
1285 4967 1448 5022 super
1491 4968 1577 5008 me
1631 4954 2030 5024 supplantatio-

455 5060 594 5120 gnem
629 5045 694 5100 “.
727 5066 744 5100 ι
779 5045 886 5100 Pro
921 5063 1026 5116 quo
1057 5063 1272 5102 rursum
1299 5045 1654 5119 Symmachus
1690 5069 1702 5104 :
1730 5048 1824 5103 «Et
1846 5049 2028 5114 homo,

466 5134 666 5206 inquit,
691 5138 782 5206 qui
817 5152 1001 5208 pacem
1031 5138 1260 5193 habebat
1288 5154 1520 5203 mecum,
1554 5141 1642 5194 cui
1671 5140 2030 5206 conlidebam,

464 5225 758 5284 comedens
804 5243 1016 5283 mecum
1048 5243 1240 5298 panem
1289 5244 1492 5297 Ineunt,
1527 5231 1904 5301 magniﬁcatus
1949 5240 2036 5288 est

463 5329 655 5372 contra
713 5335 820 5375 me.
859 5337 879 5370 ι
945 5317 1225 5376 Pessimus
1267 5321 1412 5376 enim
1468 5337 1658 5377 revera
1705 5324 1948 5380 omnium
1980 5333 2034 5381 et

464 5409 946 5478 sceleratissimus,
977 5412 1071 5483 qui
1101 5421 1225 5483 post
1281 5428 1626 5470 communem
1681 5431 1945 5481 mensam,
1979 5425 2032 5472 et

458 5509 586 5572 post
635 5504 744 5560 cibi
792 5505 934 5561 inter
968 5505 1132 5563 verba
1169 5507 1521 5578 praeceptoris
1575 5508 2026 5580 assumptionem,

524 5676 809 5780 16,121.91.
841 5698 1005 5748 xxvi,
1044 5683 1128 5740 ll.
1207 5685 1252 5718 ⁸⁸
1293 5681 1458 5742 Marc.
1495 5701 1605 5752 xxv,
1645 5685 1730 5753 lO,
1767 5686 1850 5742 ll.
1927 5686 1970 5740 '7
2009 5683 2046 5741 L

2180 5701 2321 5752 χχιι,
2352 5685 2404 5752 5,
2427 5685 2478 5742 6.

442 5746 490 5782 ”
523 5744 664 5812 ibid.
707 5749 801 5816 .10.

2136 4967 2250 5016 σου,
2275 4949 2490 5012 θάνατε,
2516 4948 2576 5001 τὸ
2597 4948 2848 5020 κέντρον;
2877 4947 2978 5001 ποῦ
3010 4965 3123 5013 σου,
3153 4948 3368 5012 θάνατε,
3397 4949 3459 5000 τὸ
3483 4952 3630 5012 νῖκος
3649 4965 3694 5013 ς»

2147 5041 2413 5112 Ἐντυχὼν
2444 5040 2500 5094 δέ
2527 5058 2610 5104 τις
2637 5045 2755 5105 ταῖς
2782 5042 2918 5112 μετά
2947 5041 3041 5113 τὴν
3074 5041 3364 5094 ἀνάστασιν
3397 5041 3493 5094 τοῦ
3515 5042 3698 5113 Σωτῆ-

2141 5153 2229 5204 ρος
2253 5135 2408 5208 ἡμῶν
2445 5135 2701 5206 ἱστορίαις
2728 5135 2804 5207 τῷ
2850 5137 3092 5206 Ἰωσήπῳ
3119 5135 3464 5206 γραφείσαις,
3499 5135 3698 5188 εἴσεται

2136 5230 2236 5294 τὰς
2266 5229 2624 5301 μετελθούσας
2656 5228 2715 5283 τὸ
2747 5229 3012 5282 Ἰουδαίων
3053 5227 3201 5291 ἔθνος
3233 5230 3326 5280 καὶ
3364 5228 3492 5291 τοὺς
3511 5227 3698 5297 ἄρχον-

2135 5339 2235 5386 τας
2267 5320 2442 5374 αὐτῶν
2476 5319 2776 5390 συμφορὰς,
2820 5315 2907 5383 αἷς
2945 5319 3168 5382 εἰκότως
3227 5317 3694 5388 περι-πεπτώκασι,

2135 5415 2202 5468 τὰ
2226 5415 2476 5486 ἐπίχειρα
2495 5407 2569 5466 ὧν
2607 5415 2686 5476 είς
2741 5411 2902 5466 αὐτὸν
2947 5410 3176 5484 ἔδρασαν
3205 5410 3695 5482 ἀπολαμϐάνοντες.

2135 5507 2242 5561 Καὶ
2263 5507 2433 5561 ταῦτα
2467 5505 2565 5577 μὲν
2593 5507 2671 5569 είς
2705 5503 2946 5568 ἐκείνους
2987 5503 3286 5577 ἐπληροῦτο
3315 5506 3512 5568 πάντα,
3562 5501 3701 5558 κατὰ

2587 5685 2628 5716 se
2667 5682 2809 5742 Psal.
2846 5699 2937 5752 ii,
2975 5684 3024 5754 7,
3051 5685 3101 5742 8.
3145 5685 3187 5718 δ’
3226 5683 3359 5742 ibid.
3391 5683 3446 5740 9.
3482 5684 3528 5718 ιο
3564 5681 3692 5742 ibid.
