1961 3100
100 116 152 144 729

564 113 891 144 DEMONSTRATIONIS
910 114 1138 146 EVANGELICE
1158 112 1223 146 LlB.
1242 114 1275 146 Χ.

1662 119 1714 148 ’ἱδῦ

100 176 148 210 τὴν
165 173 317 209 πρόρρησιν
327 180 334 188 ⁸
364 172 411 199 τοῦ
427 172 455 200 δέ
474 173 597 210 Σωτῆρος
611 174 718 211 ὴμῶνὴ
733 175 765 201 ἐκ
780 175 885 211 νεκρῶν

939 184 966 204 se
978 176 1012 204 ad
1025 176 1158 204 deteriora
1171 177 1317 210 convertit,
1328 180 1355 204 et
1370 176 1517 204 contrariis
1530 177 1611 204 rebus
1621 185 1683 205 eum
1699 186 1716 207 a

101 221 247 250 ἀνάστασις
275 218 385 251 διέδειξε
411 220 469 251 τοῖς
482 220 573 252 πᾶσιν,
589 221 663 253 ὅπως
677 221 706 247 ἐν
722 220 796 256 αὐτῷ
812 221 885 248 εὐδό-

100 275 186 303 κησεν
210 266 225 293 ὁ
250 265 361 300 Πατὴρ,
392 265 421 297 ὃς
450 266 498 293 καὶ
530 266 610 298 αὐτὸς
634 266 754 294 διδάσκει
779 266 883 302 λέγων·

103 324 114 340 1
138 312 262 348 Ἐλέησόν
278 320 322 348 με,
341 312 387 338 καὶ
408 312 560 347 ἀνάπησόν
579 321 623 348 με,
641 313 688 340 καὶ
705 313 886 341 ἀνταποδώσω

100 361 203 390 αὐτοῖς.
220 359 264 386 Ἑν
282 358 370 394 τούτῳ
391 357 487 392 ἔγνων,
509 359 550 385 ὃτι
574 359 722 395 τεθέληκάς
739 368 783 395 με,
796 360 839 387 ’ὅτι
855 361 885 387 οὐ

102 405 140 442 μὴ
157 406 272 441 ἐπιχαρῆ
285 406 299 431 ὸ
310 404 406 440 ἐχθρός
424 413 473 440 μου
489 405 532 432 ἐπ’
547 406 617 441 ἐμοί.
638 415 647 432 ›
669 406 779 439 Τούτοις
798 406 887 434 ἐπιλέ-

100 460 164 487 γει·
185 462 194 477 1
214 451 295 488 Ἐμοῦ
322 450 350 477 δὲ
374 450 417 478 διὰ
430 451 479 486 τὴν
499 452 615 479 ἀκακίαν
634 447 791 480 ἀντελὰὅου.
810 462 819 478 ι
832 453 887 479 Καὶ

99 500 180 535 τήρει
192 506 223 532 γε
235 498 295 524 τίνα
311 497 410 533 τρόπον
426 498 498 533 αὐτῷ
511 498 550 533 τῷ
564 497 622 533 Θεῷ
636 498 684 525 καὶ
702 498 789 534 Πατρὶ
804 498 886 525 αὐτοῦ

100 545 151 581 τὴν
177 544 258 580 εὐχὴν
287 543 473 579 ἀναπέμπων,
502 544 548 570 ἐπὶ
580 544 698 581 τοσαύτῃ
732 542 886 580 τεθάρρηκε

102 591 255 627 παρρησίᾳ,
267 590 305 622 ὠς
319 590 435 618 ἀκακίαν
448 591 535 626 ἐαυτῷ
550 593 707 627 μαρτυρεῖν,
717 591 805 618 καίτοι
819 592 888 618 ἀνω-

102 636 175 671 τέρω
187 636 290 671 φήσας·
310 646 319 661 1
340 636 429 662 Ἴασαι
447 636 496 672 τὴν
520 635 607 672 ψυχήν
624 645 685 672 μου,
702 637 743 663 ὅτι
763 636 887 673 ἥμαρτον

104 690 157 708 σοι.
175 691 184 707 ι
208 681 288 708 Ἀλλὰ
302 681 333 708 τὸ
351 681 409 717 μὲν,
427 689 435 707 1
450 682 573 718 ἦμαρτόν
590 690 642 713 σοι,
665 692 673 707 ι
688 683 782 714 ὁποίας
798 682 887 718 ἔχεται

103 727 222 759 διανοίας
249 727 488 764 προδιειλήφαμεν.
508 728 561 754 Καὶ
577 729 590 754 ὁ
604 728 749 764 Σύμμαχος
765 728 792 755 δέ
808 729 889 763 σαφέ-

105 782 201 811 στερον
216 774 384 810 παρέστησεν
404 773 504 801 εἰπών·
519 784 528 799 1
545 773 634 801 Ἴασαι
652 775 703 810 τὴν
722 774 810 810 ψυχήν
826 783 887 810 μου,

103 820 154 847 καὶ
185 821 209 847 εἰ
231 820 352 856 ἦμαρτόν
383 828 441 847 σοι·
463 830 472 847 ι
489 820 503 847 ὃ
517 821 563 847 καὶ
579 821 643 847 αὐτὸ
663 820 759 855 λέγοιτ’
775 820 808 847 ἃν
825 822 887 856 περὶ

934 230 991 257 quo
1000 222 1158 258 juvabatur,
1179 226 1206 251 et
1219 223 1352 251 beneﬁcia
1366 222 1503 257 capiebat,
1519 224 1714 253 remuneravit.

934 269 969 297 At
1000 277 1065 298 vero
1091 269 1219 305 quoniam
1246 268 1350 297 inimici
1386 268 1547 297 insidiantes
1579 268 1715 304 dicebant,

938 327 948 343 1
960 317 1069 353 quando
1084 317 1226 349 morietur,
1239 320 1265 344 et
1279 315 1377 351 peribit
1390 322 1489 343 nomen
1501 315 1562 350 ejus
1574 315 1585 342 τ
1603 325 1612 342 ι
1625 319 1652 344 et
1666 323 1718 351 pu-

935 363 1029 391 tabant
1047 367 1135 391 morte
1156 363 1274 398 sopitum
1300 370 1355 390 non
1385 362 1503 397 amplius
1518 366 1716 396 surrecturum,

936 408 1039 436 idcirco
1050 409 1108 444 ipse
1126 408 1250 435 Salvator
1264 415 1296 435 ac
1315 407 1445 435 Dominus
1462 406 1544 443 470
1566 411 1661 435 noster
1675 407 1719 436 his

936 455 1049 483 adversa
1064 458 1201 490 precatur,
1216 458 1242 481 et
1252 453 1395 481 reditionis
1409 453 1442 480 ad
1459 454 1542 481 vitam
1556 454 1616 481 sine
1630 453 1719 489 impe-

936 502 1057 529 dimento
1077 509 1106 528 se
1121 505 1271 536 compotem
1289 499 1346 527 fieri
1362 499 1471 527 Patrem
1489 507 1568 527 suum
1591 504 1661 533 orat,
1677 497 1720 536 dl-

936 555 1020 575 cens:
1038 557 1047 572 1
1065 546 1105 574 Tu
1117 551 1216 578 autem,
1232 546 1354 578 Domine,
1372 546 1501 574 miserere
1523 546 1586 579 mei,
1605 551 1632 574 et
1657 535 1719 575 sus-

936 593 990 621 cila
1003 601 1055 625 me,
1072 597 1098 620 et
1111 593 1257 619 retribuam
1275 593 1326 621 eis.
1342 592 1371 619 ln
1387 592 1439 621 hoc
1454 593 1568 629 cognovi
1581 592 1653 628 quod
1672 599 1719 631 vo-

937 639 1011 666 luisti
1030 647 1082 671 me,
1097 639 1169 674 quod
1185 647 1239 666 non
1255 638 1384 674 gaudebit
1397 639 1524 667 inimicus
1543 647 1622 667 meus
1636 646 1721 674 super

937 693 980 713 me
991 685 1024 713 5'.
1045 695 1054 711 ›
1075 684 1107 712 Ει
1121 693 1187 713 sane
1202 685 1274 713 haud
1293 685 1440 713 obscurum
1455 689 1509 718 est,
1525 693 1604 720 quem
1618 685 1646 713 in
1660 693 1720 713 mo—

937 732 1001 760 dum
1017 736 1161 768 postquam
1175 740 1190 759 a
1204 733 1319 760 mortuis
1334 732 1424 763 rediit,
1438 733 1576 768 evestigio
1586 739 1673 768 neque
1683 732 1720 760 ita

937 778 1023 805 multo
1035 782 1106 814 post,
1116 786 1162 806 eos
1179 778 1224 814 qui
1237 778 1275 806 illi
1299 778 1415 806 insidias
1430 783 1588 807 struxerant
1602 778 1722 807 retribu-

938 825 977 852 tio
992 825 1048 852 ulta
1068 825 1113 858 sit,
1130 829 1213 861 utque
1239 832 1281 858 ea,
1294 833 1355 860 qua
1373 825 1432 853 vitae
1455 825 1514 860 ejus
1531 825 1641 859 inimica
1662 827 1722 853 erat

104 866 160 894 τῶν
176 866 317 903 ἡμετέρων
329 867 543 903 ἁμαρτημάτων,
554 866 624 903 ἆπερ
637 868 651 893 ὁ
664 867 757 903 Σωτὴρ
771 868 817 894 καὶ
834 867 889 894 Κύ-

939 879 1023 903 mors,
1049 871 1085 898 sit
1109 871 1212 906 pudore
1234 870 1360 905 confusa,
1387 871 1454 899 adeo
1484 870 1530 898 illa
1555 870 1664 907 quidem
1691 874 1722 898 ut

107 922 165 949 ριος
182 913 259 949 ἡμῶν
272 915 311 946 εἰς
339 914 433 940 ἑαυτὸν
452 913 601 947 ἀνεδέξατο.
627 914 663 940 Τὸ
677 914 717 945 δὲ,
735 924 743 939 1
769 914 850 950 Ἐμοῦ
863 914 890 941 δὲ

104 959 150 986 διὰ
159 960 209 995 τὴν
226 960 342 987 ἀκακίαν
356 959 511 991 ἀντελάϐου,
524 970 532 985 ι
544 960 592 995 τὴν
599 959 630 986 δι’
647 959 706 986 ὅλου
719 960 890 997 καθαρότητα

104 1005 157 1040 τῆς
173 1005 254 1032 αὑτοῦ
269 1006 375 1041 φύσεως
399 1006 557 1042 παρίστησι,
576 1005 610 1032 δι’
632 1006 664 1041 ἢν
676 1007 723 1032 καὶ
735 1006 765 1033 τὺ
787 1007 890 1042 ἑδραῖον

104 1053 153 1079 καὶ
166 1052 292 1080 ἄσειστον
310 1053 358 1089 τῆς
372 1051 454 1088 ζωῆς,
466 1053 511 1079 καὶ
526 1053 576 1088 τῆς
595 1052 663 1088 μετὰ
683 1053 731 1089 τὴν
748 1053 892 1080 ἀνάστασιν

104 1097 188 1125 αὐτοῦ
203 1098 338 1134 σωτηρίας
361 1099 491 1126 διδάσκων
508 1099 626 1133 ἐπιλέγει
638 1108 644 1113 ·
661 1109 670 1125 1
690 1099 744 1126 Καὶ
765 1099 891 1126 ἐϐεϐαίω-

106 1145 157 1176 σάς
172 1154 205 1180 με
219 1144 332 1172 ἐνώπιόν
348 1154 394 1172 σου
417 1146 456 1178 είς
474 1145 519 1172 τὸν
530 1145 630 1172 αἰῶναθ
648 1155 657 1171 ›
668 1145 696 1181 ἢ,
712 1155 721 1171 1
736 1145 790 1172 Καὶ
805 1154 891 1181 παρα-

105 1192 215 1226 στήσεις
243 1200 276 1227 με
304 1191 456 1228 ἔμπροσθέν
486 1200 531 1218 σου
555 1191 588 1215 δι’
616 1192 720 1224 αίῶνος,
735 1201 745 1217 ι
762 1191 832 1219 κατὰ
844 1192 890 1218 τὸν

101 1237 264 1273 Σύμμαχον.
834 1246 836 1248 ·

939 918 1018 954 quasi
1035 917 1163 952 probrum
1179 918 1203 945 ei
1228 917 1389 953 objicientes
1404 917 1527 946 dicerent
1544 926 1551 945 :
1572 926 1581 943 1
1601 916 1653 945 Ubi
1668 921 1720 949 est,

932 963 1025 995 'mors,
1041 964 1168 991 stimulus
1178 964 1258 991 tuus?
1268 964 1314 992 ubi
1326 968 1378 996 est,
1388 971 1472 996 mors,
1481 964 1596 991 victoria
1610 967 1655 990 tua
1665 962 1719 990 υτ»

940 1010 1083 1043 Caeterum,
1099 1010 1122 1043 si
1137 1010 1199 1045 quis
1222 1010 1351 1038 historias
1375 1014 1498 1046 tempora
1524 1013 1586 1045 post
1610 1009 1722 1037 reditio-

932 1065 1002 1097 ’nem
1022 1057 1056 1084 ad
1071 1056 1154 1085 vitam
1171 1056 1321 1092 Salvatoris
1337 1057 1425 1085 nostri
1448 1057 1616 1092 complexes,
1630 1062 1691 1090 quae
1706 1062 1723 1081 a

940 1102 1059 1138 Josepho
1079 1103 1239 1138 conscriptae
1261 1103 1327 1135 sint,
1349 1103 1490 1133 evolverit,
1521 1101 1600 1129 facile
1621 1099 1723 1128 videbit

942 1155 1064 1183 quaenam
1076 1147 1246 1175 calamitates
1268 1147 1407 1174 Judaicam
1424 1151 1531 1182 gentem
1555 1151 1637 1181 atque
1662 1144 1722 1179 ejus

932 1185 1077 1230 principes
1092 1195 1260 1227 invaserint,
1275 1198 1356 1229 atque
1370 1194 1524 1225 alllixerint,
1539 1194 1567 1220 in
1582 1200 1651 1227 quas
1666 1198 1725 1218 me-

941 1240 994 1268 rito
1015 1240 1052 1267 illi
1072 1240 1238 1272 inciderunt,
1252 1245 1280 1267 ut
1304 1240 1415 1267 sceleris
1429 1239 1501 1275 quod
1528 1238 1555 1266 in
1583 1238 1660 1265 illum
1675 1245 1724 1272 pa-

100 1282 246 1311 traverant
262 1283 372 1318 przemia
396 1281 476 1319 digna
498 1283 651 1319 reciperent
665 1292 672 1311 :
686 1287 713 1311 et
729 1282 787 1311 haec
809 1284 919 1319 quidem
938 1285 1029 1312 omnia
1052 1285 1184 1313 adversus
1198 1285 1260 1313 illos
1284 1285 1417 1321 completa
1443 1289 1516 1316 sunt,
1542 1288 1571 1311 ut
1583 1283 1724 1310 oraculum

103 1331 278 1367 praedixerat.
303 1329 452 1358 Salvatoris
473 1334 562 1358 autem
582 1330 670 1358 nostri
696 1330 729 1358 de
749 1335 836 1358 morte
854 1330 887 1358 ad
905 1330 987 1369 vitam
1012 1331 1109 1358 reditio
1137 1331 1215 1365 plane
1233 1331 1360 1359 omnibus
1375 1331 1581 1361 demonstravit,
1591 1334 1724 1365 quantum

103 1377 160 1405 sibi
175 1376 256 1405 Pater
273 1376 301 1404 in
324 1376 371 1404 illo
392 1377 535 1412 placuerit,
552 1384 633 1412 quam
656 1376 765 1412 quidem
790 1384 846 1404 rem
870 1376 928 1411 ipse
946 1376 1075 1408 ostendit,
1092 1377 1187 1405 dicens
1201 1386 1207 1404 :
1226 1387 1235 1402 1
1251 1376 1380 1404 Miserere
1396 1376 1460 1408 mei,
1474 1379 1502 1403 et
1515 1376 1617 1403 suscita
1629 1383 1682 1406 me,
1697 1379 1724 1402 et

104 1424 258 1451 retribuam
285 1423 336 1452 eis.
359 1423 390 1451 ln
413 1424 464 1451 hoc
486 1424 601 1460 cognovi
621 1424 694 1460 quod
724 1423 833 1451 voluisti
857 1431 910 1455 me,
941 1423 1013 1459 quod
1040 1431 1094 1450 non
1121 1424 1247 1459 gaudebit
1279 1423 1405 1451 inimicus
1434 1430 1511 1450 meus
1532 1429 1614 1456 super
1640 1428 1692 1448 me.
1712 1431 1721 1447 ι

104 1469 210 1497 Deinde
227 1469 371 1506 adjungit:
390 1478 400 1496 1
421 1469 463 1497 Me
477 1474 566 1497 autem
579 1474 690 1505 propter
704 1470 887 1497 innocentiam
908 1464 1063 1505 suscepisti.
1078 1481 1086 1497 ι
1104 1470 1220 1498 Attende
1242 1474 1331 1498 autem
1349 1476 1468 1505 quonam
1495 1474 1574 1504 pacto
1590 1468 1642 1504 ipsi
1669 1467 1724 1496 Deo

102 1521 135 1546 et
154 1517 229 1544 Patri
252 1525 302 1545 suo
331 1516 498 1555 supplicans,
521 1521 596 1545 tanta
619 1521 713 1552 utatur
737 1518 862 1545 libertate
886 1518 1024 1553 loquendi,
1049 1522 1079 1545 ut
1106 1519 1158 1545 sibi
1180 1518 1233 1553 ipsi
1256 1517 1417 1545 innocentiae
1440 1516 1631 1544 testiinonium
1648 1516 1725 1544 exhi-

104 1563 183 1594 beat,
206 1561 314 1590 tametsi
338 1562 464 1597 superius
490 1562 560 1590 dixit
576 1572 603 1590 :1
616 1562 687 1589 Sana
712 1562 830 1589 animam
847 1570 946 1597 meam,
965 1564 1029 1598 quia
1045 1563 1153 1598 peccavi
1171 1564 1230 1590 tibi.
1247 1573 1257 1589 ι
1277 1562 1330 1590 Sed
1354 1561 1420 1590 illud
1444 1561 1563 1597 quidem,
1578 1571 1587 1587 1
1615 1563 1724 1597 peccavi

105 1609 170 1640 tibi,
189 1612 278 1643 ﬁquo
291 1616 375 1636 sensu
396 1608 431 1636 sit
455 1608 660 1644 accipiendum,
673 1613 752 1638 antea
780 1610 890 1645 planum
910 1609 1034 1644 fecimus,
1050 1609 1122 1644 quod
1153 1608 1331 1645 Symmachus
1353 1609 1473 1645 apertius
1497 1608 1632 1643 exposuit,
1661 1616 1724 1636 cum

105 1655 180 1685 dixit
198 1663 205 1682 :
223 1664 233 1681 1
249 1654 320 1682 Sana
341 1655 459 1682 animam
476 1663 577 1688 meam,
592 1656 645 1683 etsi
659 1656 769 1691 peccavi
791 1656 839 1682 tibi
856 1665 862 1683 :
883 1665 891 1682 ι
911 1655 983 1691 quod
999 1664 1064 1683 sane
1076 1656 1165 1690 ipsum
1182 1656 1263 1683 etiam
1280 1656 1313 1684 de
1340 1656 1458 1690 peccatis
1478 1656 1580 1683 nostris
1593 1654 1647 1682 dici
1675 1662 1724 1690 po-

105 1705 176 1733 test,
193 1707 253 1735 qua
269 1698 393 1728 Salvator
417 1708 450 1727 ac
473 1700 604 1729 Dominus
620 1706 711 1729 noster
733 1701 761 1728 in
785 1701 901 1735 seipsum
921 1702 1050 1736 suscepit.
1075 1700 1142 1728 Illud
1159 1706 1249 1729 autem
1270 1711 1276 1729 :
1295 1711 1304 1727 1
1323 1702 1364 1729 Me
1390 1706 1479 1729 autem
1501 1705 1609 1737 propter
1635 1701 1715 1728 inno-

107 1748 228 1774 centiam
259 1745 415 1780 suscepisti,
445 1755 454 1772 ι
483 1746 762 1781 puritatem-naturae
787 1746 883 1781 ipsius,
911 1753 991 1781 quam
1017 1750 1102 1773 totam
1126 1745 1291 1781 possidebat,
1310 1745 1487 1778 demonstrat,
1502 1753 1535 1773 ex
1550 1753 1602 1781 qua
1616 1745 1719 1780 purita-

110 1796 140 1819 te
176 1791 262 1818 vitam
295 1798 404 1826 quoque
425 1795 453 1819 et
472 1792 585 1820 salutem
606 1792 730 1821 stabilem
757 1797 838 1828 atque
857 1793 1046 1822 inconcussam
1077 1797 1140 1829 post
1163 1793 1279 1821 reditum
1306 1793 1392 1828 ipsius
1415 1791 1449 1819 ad
1474 1792 1555 1819 vitam
1588 1798 1725 1827 exponens

110 1838 236 1873 adiungit
252 1846 259 1865 :
277 1846 286 1863 1
308 1836 341 1864 Et
356 1837 524 1866 conﬁrmasti
540 1846 583 1866 me
598 1838 626 1866 in
641 1843 790 1874 conspectu
807 1843 852 1866 tuo
866 1839 894 1866 in
911 1842 1053 1873 aeternum,
1070 1849 1080 1867 ›
1111 1843 1160 1867 aut
1182 1839 1286 1871 aliter:
1306 1847 1316 1865 1
1333 1837 1367 1865 Et
1383 1837 1533 1866 constitues
1548 1845 1592 1865 me
1612 1841 1676 1865 ante
1691 1841 1719 1865 te

110 1886 141 1915 in
154 1892 295 1920 aternum,
310 1897 320 1914 ι
338 1891 369 1915 ut
381 1886 577 1922 interpretatus
592 1889 634 1913 est
650 1885 840 1921 Symmachus.

118 1946 187 1985 Ἇπρ
200 1945 252 1985 toﬁ
467 1958 503 1964 ——
512 1944 572 1985 ξἘτι
580 1943 652 1985 inept
665 1942 833 1982 τοῦ-Ἰούδα,
844 1942 889 1985 κριί

943 1940 1022 1977 47],
1035 1941 1055 1967 Α
1070 1940 1177 1985 psalmo
1187 1947 1240 1967 LIV.
1255 1938 1373 1985 Tlltept
1396 1938 1428 1966 de
1447 1937 1519 1985 Iuda
1582 1938 1614 1966 de
1633 1939 1669 1985 iis,
1680 1940 1726 1975 qui

149 1980 207 2008 τῶν
218 1973 278 2007 σ’ὺγἷ
289 1973 369 2012 αὐτῷ
381 1979 438 2013 τὴν
452 1978 526 2006 κατὰ
541 1978 593 2005 τοῦ
601 1973 727 2013 Χριστοῦ
737 1977 889 2011 συσκευὴν

955 1973 1039 2003 “ὶιῖιη
1059 1973 1088 2003 ea
1118 1974 1241 2002 adversus
1267 1973 1402 2002 Christum
1430 1974 1637 2009 conjurationem
1655 1973 1724 2009 rm-

148 2017 367 2043 πεποιημένων.

980 2017 1051 2038 runt.

152 2082 162 2098 1
186 2072 450 2104 Ἐνώτισαι,ὁΘεδς,
464 2071 513 2107 τὴν
535 2071 686 2107 προσευχήν
703 2079 764 2105 μου,
789 2069 835 2097 καὶ
860 2069 896 2105 μὴ

113 2117 245 2153 ὑπερίδῃς
273 2116 322 2153 τὴν
348 2117 437 2153 δέησίν
457 2121 518 2152 μου.
547 2116 669 2152 Πρόσχες
687 2124 741 2151 μοι,
767 2115 814 2142 καὶ
843 2116 897 2142 είσ-

113 2164 232 2192 ἁκουσόν
264 2171 323 2199 μου.
339 2162 490 2198 Ἑλυπήθην
512 2164 540 2189 ἐν
557 2164 590 2198 τῇ
619 2162 758 2197 ἀδολεσχίᾳ
778 2170 838 2197 μου,
852 2161 897 2188 καὶ

114 2210 267 2246 ἐταράχθην
298 2209 352 2237 ἀπὸ
380 2209 471 2244 φωνῆς
496 2208 603 2245 ἐχθροῦ,
635 2208 680 2235 καὶ
705 2208 759 2234 ἀπὸ
785 2207 898 2242 θλίψεως

113 2255 292 2292 ἁμαμωλοῦ·
314 2256 355 2283 ὅτι
380 2255 516 2288 ἐξέκλιναν
532 2255 574 2281 ἐπ’
592 2255 641 2290 ἐμὲ
665 2254 787 2290 ἀνομίαν,
807 2254 853 2280 καὶ¹
870 2254 897 2280 ὲν

113 2303 184 2338 ὀργῇ
212 2302 349 2329 ἐνεκότουν
378 2310 431 2337 μοι.
465 2300 497 2327 Ἡ
523 2300 621 2336 καρδία
642 2308 691 2335 μου
713 2299 848 2335 ἐταράχθη
870 2299 898 2325 ἐν

113 2349 190 2384 ἐμοὶ,
216 2348 263 2375 καὶ
290 2347 375 2375 δειλία
401 2346 515 2374 θανάτου
539 2346 670 2373 ἐπέπεσεν
687 2346 730 2372 ἐπ’
746 2344 899 2381 ἐμέ.Φόὁος

113 2396 165 2422 καὶ
180 2394 280 2429 τρόμος
294 2392 375 2429 ἦλθεν
388 2393 430 2419 ἐπ’
446 2392 507 2427 ἐμὲ,
521 2392 569 2418 καὶ
582 2391 699 2425 ἐκάλυψε
720 2399 753 2426 με
770 2390 873 2422 σκότος,
887 2399 896 2415 ι

114 2441 166 2468 καὶ
178 2439 212 2466 τὰ
229 2439 307 2474 ἑξῆς·
329 2437 368 2471 οἷς
386 2438 522 2473 ἐπιλέγει·
540 2447 550 2463 1
573 2436 786 2469 Καταπόντισον,
803 2436 898 2471 Κύριε,

115 2488 164 2515 καὶ
176 2487 314 2514 καταδίελε
326 2487 375 2519 τὰς
389 2485 513 2521 γλώσσας
529 2485 615 2512 αὐτῶν
625 2493 632 2500 ·
648 2485 689 2511 ὅτι
703 2481 771 2510 εἶδον
787 2482 900 2517 ἀνομίαν

116 2533 167 2559 καὶ
186 2532 338 2566 ἀντιλογίαν
355 2532 384 2558 ἐν
397 2533 430 2567 τῇ
443 2531 528 2558 πόλει.
548 2530 668 2565 Ἡμέρας
686 2529 732 2556 καὶ
744 2528 839 2560 νυκτὸς
851 2537 900 2554 κυ-

116 2578 218 2605 κλώσει
243 2577 327 2613 αὐτὴν
350 2577 397 2604 ἐπὶ
410 2576 445 2604 τὰ
459 2577 536 2612 τείχη
555 2576 649 2611 αὐτῆς,
668 2575 715 2602 καὶ
738 2574 836 2610 ἀνομία
854 2574 900 2600 καὶ

984 2079 994 2095 1
1014 2069 1133 2098 Auribus
1150 2068 1269 2104 percipe,
1284 2066 1367 2100 Deus,
1379 2066 1530 2094 orationem
1541 2073 1639 2099 meam,
1654 2071 1728 2094 etne

932 2115 1102 2150 despexeris
1116 2114 1333 2150 deprecationem
1357 2120 1454 2140 meam.
1478 2111 1579 2139 Praesta
1594 2116 1725 2140 attentum

947 2164 974 2189 te
985 2161 1061 2193 mihi,
1079 2164 1106 2188 et
1127 2160 1225 2188 exaudi
1250 2167 1303 2187 me.
1320 2159 1505 2187 Contristatus
1522 2166 1581 2186 sum
1599 2158 1626 2185 in
1643 2166 1727 2193 nuga-

932 2208 1020 2234 .tioue
1038 2214 1107 2240 mea,
1122 2210 1149 2234 et
1159 2206 1338 2233 conturbatus
1352 2213 1411 2233 sum
1429 2213 1444 2232 a
1460 2213 1524 2233 voce
1543 2200 1691 2235 inimici,el
1711 2211 1727 2231 a

933 2253 1121 2287 .tribulatione
1134 2253 1303 2287 peccatoris:
1327 2253 1455 2288 quoniam
1483 2252 1686 2279 declinaverunt
1699 2251 1729 2280 in

931 2319 933 2323 .
948 2305 990 2325 me
1004 2298 1184 2333 iniquitatem,
1196 2300 1223 2324 et
1245 2297 1272 2324 in
1290 2297 1329 2324 ira
1355 2297 1461 2325 molesti
1485 2301 1563 2324 erant
1579 2296 1654 2323 mihi.
1673 2295 1730 2323 Cor

932 2373 937 2378 ,
949 2352 1037 2371 meum
1048 2344 1237 2371 conturbatum
1251 2347 1290 2371 est
1304 2344 1331 2370 in
1343 2351 1395 2374 me,
1406 2347 1433 2370 et
1449 2342 1564 2370 formido
1577 2341 1672 2369 mortis
1683 2348 1728 2367 ce-

949 2389 1014 2416 cidit
1030 2397 1112 2424 super
1126 2397 1185 2418 me..
1193 2388 1285 2416 Timor
1297 2393 1324 2416 et
1335 2393 1435 2417 tremor
1443 2391 1575 2416 venerunt
1587 2395 1666 2421 super
1675 2394 1728 2419 me,

948 2439 975 2462 et
988 2438 1167 2462 contexerunt
1187 2442 1230 2462 me
1245 2435 1362 2465 tenebra:
1373 2434 1408 2466 κδ,
1422 2443 1431 2460 ι
1448 2439 1475 2461 et
1495 2441 1554 2468 qua:
1565 2436 1726 2467 sequuntur,

950 2481 1048 2517 quibus
1067 2480 1204 2516 adjungit:
1225 2489 1234 2506 1
1259 2480 1410 2515 Pracipita,
1438 2478 1560 2510 Domine,
1590 2482 1615 2505 et
1640 2477 1730 2505 divide

950 2527 1056 2561 linguas
1067 2534 1161 2553 eorum
1176 2534 1182 2552 :
1194 2526 1321 2561 quoniam
1330 2525 1382 2552 vidi
1399 2523 1567 2558 iniquitatem
1580 2527 1607 2550 et
1620 2527 1730 2549 contra-

950 2572 1097 2600 dictionem
1115 2572 1142 2599 in
1151 2572 1269 2599 civitate.
1280 2571 1326 2598 Die
1340 2578 1372 2597 ac
1384 2574 1463 2599 nocte
1477 2569 1655 2597 circumdabit
1668 2576 1729 2595 eam

116 2624 203 2656 κόπος
219 2624 247 2650 ἐν
260 2624 334 2659 μέσῳ
348 2623 441 2659 αὐτῆς,
451 2623 497 2650 καὶ
519 2622 624 2649 ἀδικία·
646 2622 693 2648 καὶ
713 2622 764 2648 οὐκ
779 2619 889 2653 ἐξέλιπε

952 2627 1033 2654 super
1047 2627 1140 2647 muros
1153 2618 1223 2653 ejus,
1237 2623 1264 2645 et
1290 2617 1420 2652 iniquitas
1444 2620 1471 2643 et
1498 2616 1573 2642 labor
1598 2616 1624 2641 in
1641 2614 1730 2641 medio

117 2671 153 2697 ἐκ
167 2670 221 2697 τῶν
242 2669 376 2697 πλατειῶν
402 2669 486 2705 αὐτῆς
504 2668 582 2700 τόκος
609 2668 657 2695 καὶ
674 2667 757 2699 δόλος.
780 2667 851 2700 Ὅτι,
877 2675 889 2692 ε

953 2666 1012 2701 ejus
1024 2670 1051 2693 et
1070 2665 1202 2700 injustitia
1220 2674 1226 2692 :
1244 2668 1271 2692 et
1286 2671 1341 2691 non
1366 2663 1466 2691 defecit
1490 2661 1523 2689 de
1549 2661 1644 2697 plateis
1671 2659 1731 2695 eius

117 2716 217 2752 ἐχθρὸς
238 2715 359 2748 ὠνείδισέ
381 2724 425 2751 με,
447 2716 587 2750 ὑπήνεγκα
612 2714 654 2741 ἄν.
678 2714 710 2740 Εἰ
729 2713 743 2739 ὸ
761 2712 846 2748 μισῶν
864 2721 889 2748 in

953 2720 1038 2740 usura
1052 2715 1079 2740 et
1087 2712 1175 2740 dolus.
1191 2710 1322 2744 Quoniam
1339 2709 1363 2737 si
1380 2708 1509 2740 inimicus
1525 2707 1624 2742 probro
1636 2705 1731 2734 meat-

120 2750 230 2799 ἒζὲζὲμὲ
246 2750 545 2798 ἐμεγαηρῤημόνησεν,
565 2759 682 2796 ἐκρύὸην
700 2759 732 2787 ἂν
748 2760 790 2785 ἐπ’
807 2757 888 2785 αὐτοῦ

954 2756 1071 2789 fecisset,
1089 2756 1280 2786 sustinuissem
1298 2755 1404 2791 utique.
1435 2753 1472 2784 Et
1494 2753 1520 2781 si
1541 2752 1567 2780 is
1582 2751 1629 2787 qui
1641 2750 1735 2779 oderat

159 2852 181 2869 "
200 2851 271 2881 Psal.
290 2860 333 2887 χι,
353 2851 396 2885 Η,
414 2850 456 2879 t2.
495 2850 516 2868 ⁸³
535 2850 545 2878 1
562 2850 624 2879 εον,
643 2858 694 2885 κν,
712 2826 772 2877 55,
794 2849 816 2866 ιι
835 2847 886 2876 psa

943 2854 978 2881 ιν,
1002 2845 1058 2873 Ξ-ϐ.
