3922 6200
512 253 612 310 ’151
1101 247 1366 304 EUSEBI!
1401 245 1872 314 CESARIENSIS
1909 245 2059 303 OPP.
2100 245 2278 302 PARS
2317 247 2380 302 ll.
2417 274 2489 288 —-
2525 244 3017 302 APOLOGETICA.
3607 242 3736 298 '13!

508 377 620 428 ne,
653 375 816 431 super
842 373 927 414 me
953 373 1143 429 magna
1173 360 1384 414 loeutus
1413 357 1624 422 fuisset,
1655 359 2057 414 abscondissem

2184 358 2232 409 Ξὺ
2283 358 2358 421 δὲ,
2407 357 2658 428 ἄνθρωπε
2709 358 2944 428 ἰσόψυχε,
2983 354 3202 427 ἡγεμών
3247 373 3347 425 μου
3391 359 3484 410 καὶ
3505 359 3733 426 Tuos-1‘

508 469 598 508 me
620 451 849 506 forsitan
897 449 966 503 ab
989 464 1071 504 eo.
1106 448 1185 502 Tu
1213 465 1341 504 vero
1367 450 1528 504 homo
1549 450 1840 514 unanimis,
1865 459 1918 505 et
1949 449 2057 504 dux

2184 466 2287 513 ιου,
2321 449 2377 511 ὃς
2400 449 2490 502 ἐπὶ
2513 448 2571 500 τὸ
2599 449 2726 501 αὐτὸ
2775 449 3072 516 ἐγλύκανάς
3099 463 3187 516 μοι
3224 445 3510 516 ἐδέσματα,
3548 451 3606 501 ἐν
3641 449 3733 517 τῷ

509 553 684 602 meus,
716 547 768 594 et
794 545 954 593 notus
987 554 1176 594 meus:
1211 539 1303 608 qui
1335 543 1389 594 in
1411 539 1551 594 idem
1577 538 1764 594 dulces
1787 553 2058 608 compara-

2185 539 2292 608 ιῖκῳ
2343 538 2434 591 τοῦ
2469 539 2599 591 Θεοῦ
2647 538 3014 610 ἐπορεύθημεν
3054 539 3112 590 ἐν
3143 538 3378 608 ὁμονοίᾳ.
3414 556 3432 589 ι
3471 538 3566 603 Τδ,
3597 557 3622 589 ι
3661 539 3734 592 Et

506 631 606 685 bas
657 628 787 682 mibi
834 628 1006 684 cibos.
1061 628 1118 682 ln
1153 627 1312 683 domo
1355 626 1449 682 Dei
1494 629 1887 684 ambulavimus
1935 644 2055 683 cum

2186 627 2348 698 χορὸς
2372 627 2606 680 ὠνείδισέ
2642 644 2729 697 με,
2756 628 3032 698 ὑπήνεγκα
3060 626 3148 691 ἂν,
3190 643 3207 676 ι
3238 627 3330 678 καὶ
3356 645 3374 676 ι
3403 627 3460 678 Ei
3481 629 3510 680 6
3541 627 3735 696 μισῶν

505 734 777 774 consensu
807 720 872 774 “.
913 739 932 771 ι
971 719 1044 772 Ex
1073 717 1158 774 his
1201 720 1362 789 igitur
1411 719 1541 774 illud
1577 737 1591 774 :
1628 736 1648 770 ι
1695 717 1752 774 Si
1807 719 2054 776 inimicus

2185 737 2232 772 ιε
2257 722 2343 772 ἐπ’
2378 720 2476 791 ἐμὲ
2524 717 3116 790 ἐμεγαλορρημόνησεν,
3148 717 3383 788 ἐκρύϐην
3403 719 3463 771 ἄν
3497 720 3582 770 ἐπ’
3619 721 3734 773 αὑ-

503 809 707 874 probro
728 823 813 862 me
844 807 1129 875 affecisset,
1160 808 1537 863 sustinuisscm
1568 809 1772 878 utique.
1815 806 1881 861 Et
1926 810 1971 864 si
2012 809 2052 865 is

2190 813 2274 866 οὖ.
2301 813 2372 866 Σὺ
2403 811 2479 874 δέ,
2511 811 2757 883 ἄνθρωπε
2804 809 3043 880 ίσόψυχε,
3081 809 3302 880 ήγεμών
3332 827 3430 880 μου
3456 810 3553 862 καὶ
3579 829 3739 879 γνω-

507 897 599 967 qui
626 897 816 951 oderat
851 913 952 958 me,
998 913 1158 966 super
1203 913 1288 952 me
1343 914 1536 968 magna
1591 899 1802 953 locutus
1845 898 2054 965 fuisset,

2180 903 2257 957 rré
2291 921 2412 974 μου,
2443 904 2502 966 ὃς
2543 904 2635 957 ἐπὶ
2676 903 2736 956 τὸ
2760 903 2888 955 αὐτὸ
2917 902 3217 970 ἐγλύκανάς
3253 918 3341 971 μοι
3370 902 3676 971 ἐδέσματα,
3709 921 3729 952 ι

508 987 912 1043 abscondissem
975 1005 1058 1042 me
1092 988 1314 1043 forsitan
1369 991 1436 1043 ab
1482 1005 1564 1044 eo.
1630 989 1708 1043 Tu
1741 1007 1865 1046 vero
1899 991 2057 1046 homo

2187 995 2340 1065 ιμοιόν
2401 996 2516 1046 ἐστι
2549 993 2648 1064 τῷ,
2686 1013 2703 1045 ι
2742 995 2848 1047 Καὶ
2870 992 2976 1062 γὰρ
2999 994 3028 1045 6
3060 990 3340 1062 ἄνθρωπος
3369 991 3468 1060 τῆς
3494 993 3736 1063 εἰρήνης

507 1081 802 1144 unanimis,
825 1089 878 1135 et
899 1080 1006 1134 dux
1037 1096 1207 1144 meus,
1241 1091 1294 1135 et
1324 1093 1484 1136 notus
1515 1097 1686 1145 meus,
1708 1084 1798 1152 qui
1835 1084 1887 1136 in
1919 1084 2056 1138 idem

2184 1103 2286 1148 ιου,
2321 1086 2403 1154 ἐφ’
2433 1084 2490 1136 ὂν
2513 1084 2732 1154 ῆλπισα,
2749 1085 2777 1135 6
2803 1082 2992 1134 ἐσθίων
3016 1081 3210 1152 ἄρτους
3240 1098 3359 1151 μου,
3387 1082 3733 1151 ἐμεγάλυνεν

509 1171 696 1226 dulces
730 1173 1084 1241 comparabas
1126 1173 1255 1224 milii
1295 1173 1468 1234 cibos,
1510 1192 1528 1223 ι
1586 1175 1760 1229 simile
1800 1183 1882 1229 est
1931 1176 2004 1228 illi
2040 1195 2054 1230 :

2185 1178 2245 1229 ,π’
2275 1177 2372 1246 ἐμὲ
2423 1175 2777 1246 πτερνισμόνο
2815 1193 2833 1225 ›
2863 1172 2989 1243 περὶ
3027 1171 3119 1225 τοῦ
3183 1171 3348 1224 Ἰούδα
3408 1174 3464 1224 ἐν
3501 1175 3566 1242 τῇ
3621 1171 3734 1242 πρὸ

513 1280 534 1316 ι
581 1264 788 1317 Etenim
832 1262 993 1316 homo
1043 1263 1192 1331 pacis
1249 1279 1399 1326 mea},
1445 1266 1496 1318 in
1540 1281 1646 1335 quo
1702 1267 1933 1336 speravi,
1966 1268 2058 1337 qui

2184 1270 2359 1338 ςαύτης
2413 1268 2710 1338 προφητείᾳ
2767 1267 3021 1336 κειμένῳ.
3055 1266 3258 1336 Ὥσπερ
3287 1260 3378 1318 οὖν
3422 1267 3480 1318 ἐν
3525 1265 3733 1333 ἐκείνῳ

507 1353 700 1409 edebat
728 1369 893 1423 panes
917 1369 1084 1418 meos,
1119 1355 1478 1424 uiagnificavit
1500 1372 1662 1426 super
1685 1373 1768 1412 me
1798 1359 2056 1427 supplan-

2184 1361 2432 1413 δείκνυτο
2476 1359 2754 1430 ἄνθρωπος
2792 1359 3012 1428 εἰρήνης
3045 1357 3172 1410 ποτέ
3222 1355 3479 1424 γεγονὼς,
3519 1356 3615 1408 ὅτε
3651 1355 3733 1425 τῷ

507 1444 766 1496 talionem
797 1442 842 1472 "
874 1463 886 1496 :
921 1463 939 1495 ι
977 1443 1118 1513 quod
1152 1460 1271 1497 cum
1297 1446 1362 1500 de
1392 1444 1528 1500 Juda
1562 1447 1632 1501 sit
1663 1447 2054 1516 accipiendum,

2181 1452 2373 1521 Σωτῆρι
2399 1449 2779 1521 ἐμαθητεύετο,
2809 1445 2889 1512 εἷς
2925 1449 3018 1500 καὶ
3049 1448 3204 1512 αὐτὸς
3234 1447 3328 1500 τοῦ
3347 1448 3455 1500 τῶν
3488 1447 3730 1500 ἀποστό-

509 1533 564 1587 in
591 1533 856 1602 superiori
901 1535 1180 1604 prOpbeiia
1207 1536 1441 1604 positum
1473 1544 1575 1591 est.
1607 1536 1676 1591 Ut
1705 1553 1832 1608 ergo
1864 1539 1916 1592 in
1965 1540 2058 1593 illo

2180 1557 2265 1592 ιων
2309 1537 2538 1610 ἀριθμοῦ
2594 1538 2931 1609 χρηματίσας
2953 1554 2964 1567 '
2992 1536 3131 1590 οὕτω
3160 1537 3253 1591 καὶ
3287 1538 3344 1590 ἐν
3385 1536 3463 1608 τῷ
3495 1553 3729 1609 προκει-

507 1623 807 1687 dicebatur,
835 1625 995 1679 liouio
1029 1628 1178 1695 pacis
1211 1628 1498 1697 aliquando
1530 1628 1729 1694 fuisse,
1763 1631 1853 1700 qui
1883 1647 2056 1700 quou-

2170 1631 2308 1703 μένῳ
2338 1629 2585 1699 ίσόψυχος
2607 1628 2700 1680 καὶ
2713 1626 2935 1698 ἡγεμὼν
2965 1628 3056 1680 καὶ
3078 1626 3312 1695 γνωστὸς
3345 1626 3494 1696 αὐτῷ
3545 1642 3719 1696 προσ-

507 1715 631 1770 dam
657 1731 686 1769 a
722 1714 997 1772 Salvatore
1022 1719 1421 1783 instituebatur,
1452 1735 1574 1774 cum
1605 1720 1720 1790 ipse
1750 1737 1963 1792 quoque
1991 1738 2056 1776 ex

2174 1721 2490 1792 ιγορεύεται.
2511 1721 2619 1775 Καὶ
2636 1719 2790 1774 πάλιν
2809 1719 2882 1781 ὡς
2899 1719 2954 1771 ἐν
2970 1717 3160 1789 ἐκείνῳ
3177 1719 3304 1790 περὶ
3318 1718 3478 1771 αὑτοῦ
3498 1717 3692 1788 εἴρητο
3709 1736 3723 1749 ·

509 1823 737 1862 numero
764 1810 1128 1878 apostolorum
1162 1827 1302 1866 unus
1339 1820 1502 1876 esset,
1526 1813 1604 1866 sic
1649 1813 1805 1867 etiam
1835 1813 1888 1867 in
1919 1829 2058 1883 prae-

2177 1812 2264 1865 i'O
2293 1811 2484 1864 ἐσθίων
2519 1810 2712 1880 ἄρτους
2739 1827 2861 1881 μου,
2893 1809 3216 1880 ἐμεγάλυνεν
3247 1810 3329 1862 ἐπ’
3363 1810 3460 1879 ἐμὲ
3496 1824 3726 1879 πτεροπ-

510 1899 672 1963 seuti,
701 1909 756 1956 et
805 1903 1094 1966 unanimis,
1144 1911 1196 1958 et
1252 1903 1380 1965 dux,
1417 1911 1469 1958 et
1525 1912 1685 1960 notus
1733 1904 1908 1961 dictus
1954 1913 2059 1962 est.

2180 1904 2294 1974 rp.6v
2319 1921 2364 1956 '1
2402 1905 2492 1956 τὸν
2526 1903 2686 1956 αὐτὸν
2740 1903 2934 1974 τρόπον
2966 1903 3058 1954 καὶ
3100 1902 3193 1955 ἐπὶ
3220 1900 3311 1954 τοῦ
3346 1901 3620 1972 παρόντος
3652 1903 3729 1964 είς

508 1989 641 2046 ltem
674 1992 1124 2062 quemadmodum
1156 1996 1210 2048 iu
1249 1995 1342 2049 illo
1375 1994 1440 2050 de
1468 1995 1654 2050 eodem
1698 1995 1898 2050 dictum
1931 2006 2015 2051 est
2045 2017 2057 2051 :

2180 1994 2321 2047 ιύτοῦ
2372 1995 2654 2065 πρόσωπον
2671 1992 2884 2061 λέγεται
2908 1992 2988 2056 τὸ,
3031 2011 3048 2044 ι
3079 1993 3174 2055 Ὃς
3207 1992 3299 2046 ἐπὶ
3322 1992 3382 2045 τὸ
3411 1992 3540 2044 αὐτὸ
3559 1993 3729 2059 ἐγλύ-

515 2102 538 2136 ι
573 2084 672 2150 Qui
705 2085 896 2139 edebat
947 2101 1115 2156 panes
1154 2101 1323 2150 meos,
1356 2088 1718 2156 magiiilicavit
1765 2104 1927 2158 super
1979 2104 2064 2144 me

2182 2086 2327 2150 ιανάς
2363 2103 2449 2155 μοι
2473 2084 2756 2154 ἐδέσματα.
2789 2103 2807 2135 ι
2836 2083 2944 2136 Καὶ
2989 2082 3096 2155 γὰρ
3137 2083 3243 2136 τῶν
3285 2083 3731 2154 καταξιουμένων

511 2178 1038 2248 supplantationem,
1105 2197 1123 2229 ι
1177 2178 1246 2231 ita
1296 2179 1454 2232 etiam
1514 2193 1658 2232 nunc
1707 2195 1773 2234 ex
1832 2193 2060 2250 persona

2182 2175 2254 2226 ta‘t
2277 2173 2434 2236 αὐτὸς
2465 2166 2543 2235 εἷς
2583 2167 2650 2242 ἦν
2701 2173 2800 2243 τῆς
2831 2173 3137 2244 ἀπορρήτου
3161 2173 3297 2243 πρὸς
3321 2175 3445 2238 τοὺς
3477 2173 3731 2245 μαθητὰς

511 2270 684 2340 ipsius
719 2270 919 2323 dicitur
952 2269 1083 2324 illud
1117 2288 1128 2323 :
1167 2288 1184 2320 ι
1219 2269 1321 2335 Qui
1362 2271 1413 2322 in
1445 2269 1584 2323 idem
1618 2270 1801 2324 dulces
1847 2285 2060 2339 compa-

2182 2264 2254 2317 τοῦ
2279 2264 2521 2334 Σωτῆρος
2553 2265 2584 2335 ἡ
2595 2262 2708 2333 μῶν
2729 2264 2942 2334 ὁμιλίας
2981 2281 3042 2317 τε
3079 2264 3172 2316 κα)⁵
3200 2265 3570 2336 πνευματικῆς
3600 2283 3731 2336 τρο-

509 2362 674 2418 mbas
706 2362 836 2416 mibi
870 2363 1042 2417 cibos.
1068 2381 1086 2412 ι
1114 2360 1321 2415 Etenim
1351 2376 1413 2415 ex
1440 2361 1506 2415 iis
1529 2362 1640 2430 ipse
1670 2377 1882 2431 quoque
1925 2378 2058 2416 unus

2181 2353 2304 2423 ρῆςσ
2330 2355 2442 2415 τοῖς
2477 2353 2572 2422 μὲν
2595 2351 2702 2422 γὰρ
2739 2351 2841 2416 ἐξω
2871 2353 3097 2422 πλήθεσι
3149 2355 3242 2407 καὶ
3285 2359 3397 2418 τοῖς
3441 2354 3622 2424 ὄχλοις
3673 2358 3730 2408 ἐν

509 2464 648 2520 erat,
680 2457 770 2525 qui
799 2454 865 2508 ad
894 2469 1172 2517 arcanam,
1205 2469 1310 2523 qua
1332 2469 1452 2507 cum
1492 2454 1606 2508 suis
1638 2455 1918 2523 discipulis
1947 2462 2058 2508 ute-

2179 2445 2491 2518 παραϐολαῖς
2524 2444 2719 2510 ἐλάλει,
2762 2445 2940 2515 μόνοις
2979 2446 3036 2498 δέ
3068 2448 3179 2509 τοῖς
3211 2445 3403 2499 ἐαυτοῦ
3433 2447 3728 2518 μαθηταξ,

509 2546 694 2608 batur,
749 2543 1046 2602 Salvatoris
1093 2546 1265 2600 nostri
1315 2545 1762 2600 consuetudinem
1809 2547 2058 2614 spiritua-

2177 2554 2217 2589 εν
2267 2531 2348 2598 οἷς
2408 2539 2498 2590 καὶ
2541 2537 2570 2588 6
2623 2536 2818 2600 Ἰούδας
2859 2535 3176 2606 ἐξητάζετο,
3240 2537 3463 2590 ἐπέλυεν
3489 2539 3726 2594 ἅπαντα.

511 2637 726 2706 lemque
762 2637 944 2691 cibum
993 2639 1256 2709 assuiupti
1319 2636 1572 2690 fuerant:
1623 2635 1782 2705 472
1821 2652 1944 2689 nam
1997 2637 2060 2691 ad

2179 2627 2250 2678 ub
2302 2625 2580 2680 λέλεκταιο
2618 2645 2636 2678 ι
2683 2628 2739 2680 ὐ
2759 2627 2950 2680 ἐσθίων
3004 2628 3198 2698 ἄρτους
3246 2646 3346 2700 μου
3394 2630 3728 2699 ἐμεγάλυνεν

511 2725 794 2800 profanam
823 2727 1220 2781 multitudinem
1250 2735 1303 2781 et
1324 2725 1388 2778 ad
1421 2725 1606 2778 turbas
1638 2739 1759 2777 cum
1789 2726 1949 2780 verba
1979 2725 2060 2780 fa-

2179 2717 2247 2770 :1:‘
2275 2716 2372 2786 ἐμὲ
2417 2715 2765 2787 πτερνισμὸν,
2804 2734 2821 2767 1
2856 2716 2968 2778 καὶ,
3001 2734 3020 2766 ‹
3063 2716 3157 2779 Ὃς
3194 2715 3284 2767 ἐπὶ
3311 2715 3372 2768 τὸ
3403 2715 3538 2768 αὐτὸ
3570 2715 3728 2784 ἐγλύ-

513 2827 680 2881 ceret,
705 2821 977 2890 parabolis
999 2821 1266 2874 utebatur.
1296 2818 1438 2872 Solis
1466 2833 1593 2872 vero
1615 2819 1730 2872 suis
1760 2817 2059 2888 discipulis,

2176 2801 2327 2864 ιανάς
2356 2819 2443 2871 μοι
2477 2801 2772 2873 ἐδέσματα⁹
2813 2821 2831 2854 1
2877 2802 3019 2874 ἅπερ
3063 2803 3390 2874 σαφέστερον
3415 2803 3725 2874 ἐξέφηνενύ

515 2912 571 2965 in
595 2925 821 2980 quorum
851 2911 1092 2966 ordinem
1143 2911 1303 2965 etiam
1338 2908 1506 2964 Judas
1551 2910 1822 2964 admissus
1866 2910 2061 2975 fuerat,

2176 2892 2260 2962 μὲν
2300 2893 2524 2956 Ἀκύλας
2573 2893 2772 2946 εἰπών·
2810 2912 2828 2945 ι
2874 2895 2936 2947 Οἳ
2984 2893 3119 2964 ὁμοῦ
3153 2894 3528 2964 ἐγλυκάναμεν
3558 2896 3725 2965 ἀπόρ-

515 3003 754 3072 apertius
774 3003 953 3057 omnia
983 3001 1408 3056 demonstrabat.
1449 3001 1523 3054 Ex
1554 3017 1661 3071 quo
1691 3001 1821 3055 illud
1858 3001 2061 3056 dictum

2176 2987 2355 3054 6qrov'
2403 3004 2420 3036 ι
2451 2987 2479 3038 6
2513 2985 2569 3036 δέ
2606 2984 2928 3055 Σύμμαχος·
2971 3003 2988 3035 ι
3023 2985 3227 3048 Οῖτινες
3248 2985 3725 3056 ἐκοινολογούμεθα

514 3102 634 3151 est:
674 3113 692 3146 ι
726 3092 824 3159 Qui
856 3094 1046 3147 edebat
1076 3109 1244 3163 panes
1279 3109 1458 3154 mcos,
1489 3092 1854 3163 magnificavit
1903 3109 2063 3164 super

2175 3075 2415 3144 γλυκεῖαν
2459 3074 2691 3146 ὁμιλίαν.
2737 3095 2754 3126 ›
2801 3076 2944 3129 Ἀντὶ
2986 3075 3042 3129 δὲ
3064 3075 3176 3138 τοῦ,
3205 3096 3224 3127 ‹
3265 3077 3332 3129 Σὺ
3365 3077 3444 3139 δέ,
3478 3078 3724 3148 ἄνθρωπε

514 3199 602 3239 me
649 3185 1172 3254 supplantationem;
1219 3203 1235 3234 ι
1273 3191 1327 3237 et
1378 3184 1556 3238 illud:
1605 3203 1623 3235 ι
1688 3185 1781 3254 qui
1828 3185 1882 3239 in
1927 3185 2063 3241 idem

2178 3165 2406 3236 ἱσόψυχε,
2443 3165 2662 3236 ἡγεμών
2695 3183 2813 3237 μου,
2849 3166 2942 3220 καὶ
2990 3165 3195 3234 γνωστέ
3223 3183 3343 3237 μου,
3377 3186 3395 3217 ι
3431 3168 3462 3219 6
3509 3169 3727 3236 Σύμμα-

515 3275 700 3330 dulces
731 3275 1081 3344 comparabas
1113 3275 1239 3327 mibi
1273 3275 1444 3336 cibos.
1505 3297 1526 3331 ι
1581 3277 1725 3346 quod
1777 3289 1907 3329 sane
1955 3277 2064 3332 evi-

2179 3256 2258 3326 κός
2289 3273 2454 3327 φησι·
2495 3275 2513 3307 ι
2555 3257 2624 3308 Σὺ
2650 3256 2727 3320 δέ,
2757 3256 3004 3326 ἄνθρωπε
3033 3257 3295 3327 ὁμότροπέ
3332 3275 3443 3327 μοι,
3479 3261 3577 3311 καὶ
3609 3261 3728 3327 ἠγε-

517 3365 736 3421 dentius
776 3364 1044 3435 expressit
1082 3365 1274 3432 Aquila
1313 3365 1531 3435 quidem
1561 3381 1641 3421 Sic
1677 3377 1691 3419 τ
1721 3383 1738 3415 ι
1777 3365 1880 3430 Qui
1908 3364 2066 3424 simul

2178 3346 2283 3417 μών
2332 3366 2451 3418 μου,
2501 3349 2591 3401 καὶ
2643 3348 2849 3416 γνωστέ
2887 3363 3019 3417 μου⁶
3061 3366 3080 3398 ι
3133 3348 3427 3419 ἐπειδήπερ
3463 3352 3727 3402 τοσούτων

516 3456 675 3511 dulce
713 3456 1158 3526 comparabaiiius
1190 3469 1471 3509 arcanum.
1514 3474 1532 3507 ›
1567 3453 1923 3525 Symmachus
1973 3469 2065 3507 au-

2174 3438 2462 3509 ὴξιωμένος
2518 3439 2668 3506 φίλος
2713 3441 2770 3491 ἐν
2821 3441 2934 3501 τοῖς
2969 3436 3199 3507 μάλιστα
3229 3433 3294 3508 ἦν
3324 3438 3422 3490 τοῦ
3458 3439 3723 3509 Σωτῆρος,

517 3555 624 3601 teni
651 3546 730 3602 sic
764 3566 776 3600 :
812 3565 829 3596 ι
867 3546 967 3611 Qui
995 3547 1138 3598 inter
1169 3562 1268 3601 nos
1297 3547 1828 3600 communicabamus
1856 3545 2066 3599 dulcem

2180 3528 2386 3591 εἰκότως
2417 3530 2546 3600 φησὶ
2582 3530 2706 3600 περὶ
2747 3527 2908 3581 αὑτοῦ
2931 3527 3011 3588 τὸ,
3057 3544 3075 3576 ι
3113 3527 3250 3587 Ὅτι,
3277 3526 3324 3578 εί
3359 3526 3558 3596 ἐχθρὸς
3582 3527 3729 3578 ὠνεί-

519 3637 786 3693 seriuonis
813 3637 1282 3692 consuetudinem.
1323 3656 1341 3688 ι
1376 3635 1482 3690 Pro
1503 3637 1596 3690 illo
1617 3651 1782 3690 vero:
1816 3655 1833 3686 ι
1870 3636 1949 3690 Tu
1979 3653 2068 3690 au-

2178 3620 2278 3673 Βισέ
2313 3637 2399 3689 με,
2429 3622 2707 3691 ὑπήνεγκα
2733 3620 2795 3672 ἄν
2822 3635 2833 3648 ·
2876 3637 2894 3669 ι
2929 3618 3023 3670 καὶ
3049 3616 3116 3669 τὰ
3141 3615 3283 3685 ἑξῆς.
3314 3615 3504 3668 Ταῦτα
3530 3615 3586 3668 δὲ

517 3736 626 3781 tein
670 3729 829 3780 homo
865 3728 1157 3790 unanimis,
1185 3727 1294 3781 dux
1325 3743 1497 3790 meus,
1533 3734 1586 3782 et
1616 3734 1778 3781 notus
1829 3742 2004 3792 meus,
2044 3748 2061 3780 ι

2174 3710 2258 3765 τοῦ
2305 3711 2472 3765 Ἰούδα
2525 3711 2805 3775 θεσπίσας,
2842 3709 3146 3773 ἀκολούθως
3173 3708 3270 3779 τὴν
3295 3706 3477 3760 ἐκκτοῦ
3502 3707 3723 3760 θανάτου

521 3818 877 3890 Symmachus
909 3818 984 3872 ita
1031 3819 1298 3873 convertit
1331 3837 1344 3873 :
1385 3837 1402 3869 ι
1445 3817 1526 3871 Tu
1559 3826 1737 3872 autem
1767 3817 1928 3872 homo
1954 3835 2069 3872 mo-

2173 3802 2437 3874 σωτηρίαν
2459 3803 2550 3856 καὶ
2595 3802 2874 3873 ἀποφυγὴν
2906 3801 3095 3855 ἐαυτοῦ
3139 3800 3489 3872 προδιδάσκει
3525 3799 3722 3866 λέγων·

518 3911 596 3966 ris
626 3910 867 3982 ejusdem
896 3925 1128 3973 mecum,
1151 3918 1204 3964 et
1222 3909 1329 3963 dux
1363 3923 1536 3972 meus,
1567 3916 1620 3963 et
1645 3915 1807 3963 notus
1833 3923 2018 3964 meus:
2045 3928 2062 3960 ι

2175 3916 2192 3948 ι
2247 3895 2382 3963 Ἐγὼ
2417 3896 2550 3964 πρὸς
2571 3895 2659 3947 τὸν
2685 3895 2814 3947 Θεὸν
2841 3893 3130 3965 ἐκέκραξα,
3159 3893 3253 3946 καὶ
3283 3895 3312 3946 6
3331 3891 3541 3962 Κύριος
3564 3890 3724 3943 ἔσωσέ

519 4017 642 4056 nam
669 4017 793 4057 cum
829 4002 896 4056 ad
942 4009 1146 4056 tantam
1185 4000 1498 4072 dignitatem
1547 4010 1860 4072 assumptus
1901 3991 2066 4068 esset,

2176 4003 2257 4059 με.
2303 3986 2569 4055 Ἐσπέρας
2602 3988 2694 4039 καὶ
2736 3985 2879 4058 πρωῒ
2904 3987 2996 4040 καὶ
3029 3983 3374 4056 μεσημϐρίας
3396 3984 3725 4054 διηγήσομαι

519 4101 574 4148 et
599 4093 668 4148 ob
693 4093 744 4148 id
779 4093 920 4148 inter
949 4093 1151 4162 primos
1181 4091 1478 4148 Salvatoris
1504 4093 1708 4148 amicos
1733 4102 2066 4158 censeretur,

2172 4081 2261 4134 καὶ
2314 4077 2625 4147 ἀπαγγελῶ,
2677 4078 2769 4131 κα)⁸
2818 4078 3190 4131 είσακούσεται
3240 4077 3338 4146 τῆς
3395 4075 3582 4145 φωνῆς
3610 4091 3721 4145 μου.

501 4185 714 4239 merito
749 4184 815 4239 de
846 4199 910 4238 eo
949 4186 1030 4239 sic
1059 4185 1134 4238 ait
1169 4202 1182 4238 :
1219 4201 1238 4236 ι
1269 4181 1327 4238 Si
1361 4184 1614 4239 inimicus
1647 4185 1844 4254 probro
1875 4200 1962 4240 me
1991 4184 2050 4238 af

2175 4171 2510 4243 Δυτρώσεται
2536 4174 2592 4224 ἐν
2627 4173 2814 4242 είρήνῃ
2844 4170 2941 4240 τὴν
2975 4171 3150 4240 ψυχήν
3178 4187 3279 4240 μου
3300 4185 3314 4198 '
3340 4186 3360 4220 ³
3391 4168 3468 4231 ὡς
3506 4169 3565 4220 ἐν
3603 4168 3724 4235 εὐχῇ

519 4273 762 4338 fecisset,
791 4275 1172 4330 sustinuissem
1219 4275 1425 4345 utique,
1463 4293 1480 4326 ι
1515 4284 1569 4330 et
1600 4289 1720 4344 quae
1748 4285 2067 4345 sequuntur.

2180 4263 2258 4315 τὸν
2292 4263 2395 4333 πρὸ
2425 4262 2516 4314 τοῦ
2551 4262 2777 4316 θανάτου
2822 4260 3012 4331 καιρὸν
3050 4258 3321 4330 σημαίνει,
3347 4257 3469 4310 καθ’
3493 4258 3552 4310 ὃν
3585 4258 3674 4309 καὶ⁵
3699 4257 3729 4307 6

520 4363 624 4423 Ubi
657 4374 835 4420 autem
873 4365 986 4420 haec
1020 4366 1086 4421 de
1133 4364 1271 4420 Juda
1319 4366 1536 4431 cecinit,
1565 4366 1758 4422 ordine
1812 4367 2068 4437 deinceps

2183 4355 2379 4418 Ἰούδας
2412 4354 2481 4408 τά
2503 4354 2602 4422 τῆς
2624 4354 2740 4406 κατ’
2773 4351 2935 4405 αὑτοῦ
2971 4350 3255 4422 προδοσίας
3283 4353 3724 4404 συνεσκευάσατο.

520 4456 895 4512 liberationem
933 4471 963 4508 a
1022 4465 1193 4513 morte
1247 4457 1664 4528 evasionemque
1716 4473 1869 4512 suam
1921 4465 2068 4512 tanto

2180 4445 2304 4499 Τότε
2327 4441 2417 4498 οὖν
2445 4446 2474 4496 ὁ
2501 4444 2687 4516 Σωτὴρ
2740 4443 2832 4496 καὶ
2868 4441 3068 4512 Κύριος
3097 4440 3271 4512 ἡμῶν,
3295 4440 3370 4504 ὡς
3405 4441 3502 4494 ἐπὶ
3533 4440 3729 4510 ὀλέθρῳ

521 4556 648 4604 ante
673 4547 876 4602 indicat
916 4547 1021 4603 illis
1050 4549 1229 4604 verbis
1257 4568 1269 4603 :
1293 4568 1312 4600 ι
1353 4549 1463 4619 Ego
1506 4549 1574 4603 ad
1621 4545 1789 4602 Deum
1817 4548 2067 4613 clamavi,

2179 4538 2268 4591 καὶ
2289 4535 2511 4606 ἀπολείᾳ
2537 4535 2628 4587 τοῦ
2651 4535 2922 4604 γνωρίμου
2964 4531 3261 4602 δυσφορῶν,
3293 4530 3389 4582 καὶ
3428 4529 3508 4582 ἐτι
3540 4531 3728 4600 μᾶλλον

519 4650 577 4697 et
597 4638 858 4694 Dominus
883 4639 1107 4694 salvavit
1138 4656 1242 4695 me.
1269 4640 1506 4711 Vespere
1523 4647 1576 4695 et
1601 4654 1756 4694 mane
1776 4648 1828 4693 et
1850 4639 2068 4694 meridie

2180 4628 2268 4680 ἐπὶ
2297 4630 2363 4698 τῇ
2386 4626 2480 4680 τοῦ
2526 4626 2722 4688 παντὸς
2761 4623 3026 4678 Ἰουδαίων
3050 4623 3232 4685 ἔθνους
3253 4621 3518 4706 ἀποβολῇ,
3551 4621 3729 4692 ὥσπερ

523 4734 758 4788 narrabo
789 4741 843 4788 et
871 4733 1225 4797 annuntiabo,
1251 4741 1303 4789 et
1337 4733 1587 4788 exaudiet
1625 4747 1811 4787 vocem
1869 4745 2069 4796 meam,

2182 4719 2270 4771 ἐπὶ
2339 4718 2632 4791 μεμηνόσιν
2681 4716 2919 4780 οἰκείοις,
2947 4715 3039 4768 καὶ
3075 4714 3148 4777 ὼς
3179 4715 3271 4767 ἐπὶ
3301 4712 3578 4782 φιλτάτοις
3603 4729 3731 4780 συμ-

525 4825 750 4882 redimet
782 4825 835 4879 in
857 4841 990 4895 pace
1011 4828 1242 4880 animam
1267 4841 1438 4881 meam
1456 4826 1522 4879 ⁵⁷.
1553 4845 1572 4878 ι
1611 4825 1701 4879 Sic
1727 4833 1981 4894 tanquam
2017 4823 2072 4877 in

2184 4811 2420 4880 πάσχων,
2441 4811 2618 4862 πᾶσαν
2636 4809 2732 4879 τὴν
2761 4808 2894 4878 πρὸς
2915 4808 3109 4870 αὐτοὺς
3123 4806 3337 4876 ὁμιλίαν
3363 4807 3454 4858 καὶ
3485 4805 3733 4857 διδασκα-

525 4931 685 4986 prece
710 4924 921 4985 tempus
949 4915 1089 4985 quod
1151 4923 1376 4970 mortem
1431 4917 1742 4978 antecessit,
1785 4915 2072 4984 significat,

2186 4902 2317 4967 λίαν,
2339 4901 2425 4954 διὰ
2479 4900 2540 4954 τὸ
2584 4900 2747 4970 μηδὲν
2784 4899 2975 4962 αὐτοὺς
3022 4897 3381 4966 ὠφεληκέναι,
3428 4895 3735 4965 ἀδολεσχίαν

526 5021 633 5075 quo
665 5005 881 5075 quidem
911 5013 1151 5075 tempore
1169 5003 1335 5060 Judas
1373 5021 1587 5075 quoque
1616 5005 1681 5058 ad
1712 5004 2074 5074 proditionem

2182 4993 2467 5058 ἀποκαλεῖ,
2496 4993 2717 5062 φάσκων
2739 5008 2751 5021 ·
2775 5010 2792 5042 ι
2817 4989 3117 5059 Ἑλυπήθην
3141 4989 3196 5040 ἐν
3218 4990 3284 5056 τῇ
3307 4987 3592 5056 ἀδολεσχία
3611 5004 3726 5055 μου,

527 5098 941 5164 comparabatur
965 5105 1152 5150 contra
1178 5098 1348 5152 illiilli.
1380 5095 1533 5150 Tunc
1565 5097 1707 5150 enim
1737 5096 1985 5150 Salvator
2012 5109 2075 5148 ac

2187 5087 2282 5139 καὶ
2331 5085 2634 5156 ἐταράχθην
2658 5083 2765 5135 ἀπὸ
2808 5081 2987 5152 φωνῆς
3015 5079 3228 5150 ἐχθροῦ,
3260 5080 3354 5130 καὶ
3378 5079 3485 5130 ἀπὸ
3507 5078 3733 5146 θλίψεως

529 5184 789 5241 Dominus
820 5194 1021 5248 noster,
1059 5187 1220 5240 Veluti
1276 5187 1345 5240 ob
1377 5187 1670 5256 perniciem
1711 5195 1872 5255 atque
1905 5186 2074 5239 inter—

2181 5175 2496 5248 άμαρτωλοῦ
2516 5193 2528 5206 ·
2559 5177 2638 5228 ὅτι
2657 5174 2980 5238 ἐξέκλιναν,»
3000 5172 3183 5241 φησιν,
3214 5189 3232 5220 ‹
3260 5171 3345 5222 ἐπ’
3386 5169 3486 5239 ἐμὲ
3513 5170 3730 5238 ἀνομίαν

531 5275 664 5330 itum
695 5279 776 5330 sui
811 5276 1092 5333 familiaris
1144 5278 1334 5332 dolens
1382 5293 1745 5348 maerensque,
1791 5293 1853 5330 ac
1902 5277 2078 5330 multo

2184 5270 2274 5321 καὶ
2302 5271 2358 5322 ἐν
2391 5269 2525 5340 ὀργῇ
2553 5266 2830 5319 ἐνεκότουν
2869 5281 2957 5334 μοι
2982 5280 2996 5294 ο
3033 5282 3050 5314 ι
3078 5262 3219 5332 ἄπερ
3263 5260 3488 5314 δύναται
3520 5263 3618 5333 μὲν
3645 5261 3733 5314 καὶ

529 5368 692 5421 etiam
733 5371 902 5440 magis
927 5371 995 5424 ob
1015 5372 1180 5425 totius
1207 5368 1444 5425 Iudaicae
1485 5369 1660 5440 gentis
1697 5369 2076 5437 perditionem,

2184 5359 2272 5412 ἐπὶ
2316 5361 2441 5422 τοὺς
2492 5360 2752 5431 ἄρχοντας
2785 5356 2891 5410 τῶν
2923 5357 2987 5409 ἐκ
3019 5355 3318 5426 περιτομῆς
3350 5353 3733 5425 ἀναφέρεσθαι.

532 5462 788 5526 tanquam
819 5459 887 5513 ob
907 5475 1036 5514 suos
1052 5459 1120 5514 ad
1146 5459 1414 5514 insaniam
1447 5457 1716 5523 redactos,
1737 5465 1791 5512 et
1820 5465 2078 5527 tanquam

2190 5451 2308 5514 τοὺς
2333 5451 2614 5522 ἐχθρωδῶς
2647 5452 2736 5504 καὶ
2781 5446 3230 5510 ἐπιδουλευτικῶς
3254 5445 3554 5516 ἐνεδρεύειν
3579 5445 3739 5498 αὐτὸν

620 5626 665 5659 ⁸³
699 5628 842 5684 Psal.
869 5646 974 5698 Liv,
1001 5630 1176 5688 10-15.
1229 5636 1297 5711 .-⁸⁸
1334 5633 1477 5690 Psal.
1513 5649 1612 5704 ιχ,
1646 5633 1734 5690 10.
1809 5633 1852 5672 ³⁷
1889 5631 2032 5689 Psal.
2068 5647 2169 5699 Liv,

869 5646 974 5698 Liv,
1001 5630 1176 5688 10-15.
1229 5636 1297 5711 __"
1334 5633 1477 5690 Psal.
1513 5649 1612 5704 ιχ,
1646 5633 1734 5690 10.
1809 5633 1852 5672 ⁸⁷
1889 5631 2032 5689 Psal.
2068 5647 2174 5699 Liv,
2221 5631 2398 5687 1749.
