3922 6200
260 211 418 268 ,τ’οό

1186 216 1828 277 DEMONSTRATIOMS
1864 221 2317 279 EVANGELICIE
2356 221 2481 277 LIB.
2523 220 2591 278 Χ.

3409 228 3506 285 τδι

313 325 681 399 πειρωμένους
700 342 714 357 ⁵
748 322 963 380 δύναται
982 326 1146 383 δὲκαὶ
1166 330 1292 401 περὶ
1315 331 1593 402 δυνάμεων
1623 332 1865 403 ἀοράτων

1965 333 2036 389 ob
2069 334 2174 390 sibi
2216 333 2569 388 charissimos
2616 333 2987 389 misericordia
3042 344 3361 404 commotus,
3385 355 3505 394 om.

310 420 509 487 ιξωθεν
520 421 682 475 αὐτὸν
703 419 1207 492 προσπολεμουσῶν,
1230 424 1322 476 καὶ
1351 423 1448 495 τὴν
1472 423 1537 477 δι’
1565 422 1861 495 ἀνθρώπων

312 513 655 584 κατασκευὴν
710 513 1039 583 ὲνεργουσῶν
1087 513 1335 581 λέγεσθαι
1358 532 1374 549 ο
1417 514 1453 568 ἆ
1497 516 1589 568 καὶ
1621 515 1861 587 συνᾴδειν

314 623 409 676 μοι
437 606 718 668 δοκεῖ-τοίς
750 605 807 657 ἐν
852 604 928 674 τῷ
961 605 1269 675 Εύαγγελίῳ
1300 606 1389 658 ὑπ’
1422 606 1583 659 αὐτοῦ
1604 606 1858 677 λελεγμέ-

308 717 423 762 νοις
455 697 595 752 κατά
614 695 706 750 τὸν
732 696 822 749 τοῦ
857 695 1059 759 πάθους
1081 698 1290 768 καιρὸν,
1316 698 1401 749 ὅτε
1427 697 1571 765 λέγει
1594 702 1703 760 τοῖς
1733 700 1860 751 ἑαυ-

306 791 406 846 τοῦ
477 789 781 862 μαθηταῖς·
844 807 862 839 ι
917 788 1213 861 Περίλυπός
1262 791 1407 842 ἐστιν
1469 792 1500 861 ή
1571 789 1712 860 ψυχή
1756 806 1859 861 μου

308 886 419 949 ἕως
475 882 720 936 θανάτου.
766 880 996 935 Μείνατε
1054 875 1155 933 ὧδε
1181 922 1194 945 ,
1245 883 1336 934 καὶ
1378 885 1692 953 γρηγορεῖτε
1744 881 1858 950 μετ’

310 975 449 1045 ἐμοῦ
472 991 485 1005 ⁸
517 994 537 1025 ι
573 973 666 1026 καὶ
694 972 851 1025 πάλιν
870 988 884 1003 ·
914 991 930 1022 ι
974 971 1081 1025 Νῦν
1106 972 1300 1044 ἡψυχὴ
1336 991 1433 1043 μου
1463 976 1803 1045 τετάρακται.
1836 993 1853 1025 ι

312 1062 516 1132 Ὅμοια
547 1061 674 1131 γοῦν
708 1061 912 1123 τούτοις
942 1062 1056 1114 ἐστὶ
1084 1063 1175 1115 καὶ
1202 1062 1268 1114 τὰ
1297 1064 1352 1114 εν
1376 1062 1450 1132 τῷ
1481 1062 1694 1132 ψαλμῷ,
1730 1065 1785 1115 ἐν

305 1152 589 1206 λέλεκται·
642 1171 659 1203 ι
706 1153 767 1205 Ἡ
804 1151 997 1222 καρδία
1034 1170 1133 1222 μου
1182 1152 1452 1223 ἐταράχθη
1501 1154 1556 1205 ὲν
1583 1155 1721 1224 ἐμοὶ,
1768 1153 1860 1208 καὶ

304 1244 482 1299 δειλία
514 1244 739 1298 Θανάτου
770 1244 1031 1296 ἐπέπεσεν
1060 1244 1143 1297 ἐπ’
1176 1245 1292 1316 ἐμέ.
1337 1244 1499 1308 Φόϐος
1542 1247 1634 1299 καὶ
1664 1247 1861 1318 τρόμος

304 1334 471 1409 ἦλθεν
496 1337 579 1389 ἐπ’
615 1337 732 1408 ἐμὲ,
764 1336 857 1389 καὶ
884 1336 1116 1406 ὲκάλυψέ
1155 1354 1219 1407 με
1243 1338 1426 1400 σκότος
1450 1355 1462 1369 ·
1505 1357 1522 1389 ι
1560 1338 1624 1391 δι’
1656 1333 1729 1392 ὧν
1756 1342 1861 1397 τῶν

307 1430 695 1501 ἀντικειμένων
723 1430 999 1501 δυνάμεων
1020 1430 1116 1493 τὰς
1145 1430 1262 1483 καθ’
1289 1430 1449 1483 αὑτοῦ
1482 1431 1653 1502 ὁρμὰς
1678 1433 1863 1504 σημαίο

310 1538 415 1575 νει.
473 1522 557 1584 Ὦς
606 1521 733 1589 γοῦν
783 1524 839 1574 ὲν
884 1525 1001 1584 ταῖς
1055 1521 1408 1593 προφητείαις
1455 1521 1761 1593 ὠνόμασταί
1808 1543 1860 1579 τι

310 1612 527 1683 πνεῦμα
572 1613 842 1683 πορνείας,
895 1612 1035 1665 κατὰ
1083 1612 1162 1676 τὸ,
1223 1631 1240 1662 ι
1282 1612 1555 1684 Πνεύματι
1610 1617 1861 1688 πορνείας

1960 442 2083 481 nem
2129 441 2235 497 qua
2267 442 2392 481 cum
2426 426 2532 481 illis
2564 425 2845 480 utebatur.
2870 428 3135 482 sermonis
3164 432 3507 486 consuetudi-

1960 534 2081 573 nem
2109 533 2172 573 ac
2202 517 2529 581 doctrinam,
2562 532 2627 571 eo
2673 518 2814 587 quod
2852 518 2957 573 illis
3011 519 3145 573 nihil
3191 522 3502 590 profuisset,

1961 611 2308 681 nugationem
2355 609 2610 678 appellat,
2656 609 2885 666 dicens:
2922 629 2940 661 ι
2997 610 3359 669 Contristatus
3384 630 3503 670 sum

1960 702 2015 757 in
2049 702 2343 772 nugatione
2385 717 2522 765 mea,
2553 712 2607 756 et
2634 704 2991 757 conturbatus
3034 719 3151 757 sum
3187 719 3216 756 a
3251 720 3380 759 voce
3404 707 3508 761 ini-

1962 794 2111 855 mici,
2136 801 2187 847 et
2216 808 2244 845 a
2278 794 2623 847 tribulatione
2653 798 2951 861 peccatoris
2986 809 2999 845 :
3037 796 3288 864 quoniam
3338 796 3505 851 decli-

1961 895 2249 945 naverunt,
2274 886 2470 955 inquit,
2510 888 2562 939 in
2600 901 2683 940 me
2719 885 3141 954 iniquitatem.“
3177 889 3226 940 in
3260 890 3335 941 ira
3388 906 3504 941 uto-

1962 974 2083 1028 lesti
2108 985 2261 1028 erant
2302 976 2430 1028 mihi
2466 995 2478 1029 :
2521 994 2538 1025 ι
2586 992 2705 1044 quae
2745 977 2960 1045 quidem
2995 986 3221 1046 possunt
3249 980 3409 1032 etiam
3438 979 3505 1035 ad

1961 1066 2230 1135 principes
2257 1064 2561 1120 Judteorum
2598 1067 2808 1130 referri,
2839 1068 2928 1136 qui
2961 1070 3178 1122 inimico
3204 1071 3507 1125 insidianti-

1961 1173 2064 1227 que
2086 1160 2264 1211 animo
2292 1159 2684 1213 circumvenire
2713 1160 2857 1212 illum
2884 1163 3239 1215 conabantur.
3277 1161 3507 1216 Possunt

1960 1250 2119 1304 ctiam
2156 1249 2222 1303 de
2271 1251 2628 1318 potestatibus
2662 1252 3056 1314 invisibilibus,
3085 1270 3202 1320 quze
3242 1257 3507 1308 extrinse-

1961 1355 2057 1395 cus
2110 1340 2259 1394 illum
2313 1341 2715 1409 oppugnabant,
2756 1354 2817 1393 ac
2844 1356 2937 1408 per
2968 1342 3211 1397 homines
3261 1324 3505 1398 talia'illi

1960 1430 2432 1495 machinabantur,
2465 1431 2711 1499 intelligi.
2762 1429 2993 1485 Proinde
3025 1433 3209 1486 eadem
3265 1434 3393 1486 mihi
3434 1434 3507 1486 via

1960 1518 2158 1575 dentur
2187 1521 2521 1575 concordare
2553 1538 2675 1576 cum
2718 1523 2782 1576 iis
2818 1538 2936 1592 quae
2962 1523 3027 1575 ab
3057 1526 3171 1593 ipso
3227 1523 3279 1576 in
3333 1522 3508 1576 Evan-

1960 1614 2098 1681 gelio
2140 1613 2285 1665 dicta
2329 1619 2455 1668 sunt
2496 1612 2596 1666 sub
2626 1613 2798 1681 ipsum
2838 1614 3107 1682 passionis
3154 1626 3381 1683 tempus,
3417 1613 3505 1670 ubi

307 1702 703 1775 ἐπλανήθησαν,
746 1724 765 1755 ι
790 1704 882 1758 καὶ
927 1704 1051 1758 ἄλλο
1087 1703 1294 1774 πνεῦμα
1326 1703 1640 1777 πλανήσεως
1692 1709 1749 1760 ἑν
1794 1711 1857 1779 τῇ

1962 1702 2035 1754 ait
2090 1703 2155 1756 ad
2199 1718 2327 1757 suos
2378 1702 2674 1773 discipulos
2710 1722 2724 1758 :
2764 1724 2781 1755 ι
2819 1703 3014 1759 Tristis
3046 1712 3129 1759 est
3167 1706 3342 1758 anima
3388 1719 3505 1760 mea

309 1798 496 1868 ἐρήμῳ
520 1814 533 1827 ο
584 1796 674 1849 τὸν
718 1796 879 1850 αὐτὸν
924 1797 1122 1869 τρόπον
1155 1797 1247 1850 καὶ
1277 1797 1487 1869 πνεῦμα
1515 1799 1741 1854 θανάτου
1776 1802 1858 1872 είη

306 1888 375 1943 ἃν
397 1888 592 1953 δειλίας
614 1890 908 1959 ποιητικὸν,
931 1890 1006 1953 ὡς
1028 1890 1120 1943 ml.
1142 1888 1354 1960 πνεῦμα
1387 1891 1564 1960 ίσχύος
1592 1893 1683 1946 καὶ
1708 1893 1861 1947 δυνά-

310 1999 453 2052 μεως
482 1983 574 2035 καὶ
601 1982 845 2054 ἀνδρείας
870 1982 969 2052 τῆς
994 1982 1135 2036 κατὰ
1154 1983 1283 2038 Θεὸν
1316 1985 1676 2054 ἐνεργητικόν.
1707 1984 1860 2038 Οὕτω

304 2072 349 2126 δ’
382 2074 447 2127 ἂν
489 2073 700 2146 λεχθείη
736 2073 947 2144 πνεῦμα
992 2073 1153 2143 φόϐου
1199 2076 1291 2129 καὶ
1320 2076 1544 2147 τρόμου,
1576 2077 1668 2129 ml.
1700 2076 1858 2130 πάλιν

305 2157 490 2231 ἕτερον
524 2160 669 2233 παρὰ
701 2161 869 2215 ταῦτα
900 2161 1111 2233 πνεῦμα
1141 2162 1302 2233 φόϐου
1336 2167 1427 2218 καὶ
1464 2164 1790 2237 συγχύσεως,
1824 2167 1859 2221 ἃ

304 2252 401 2304 καὶ
432 2252 632 2323 σχεδὸν,
667 2255 857 2317 εἰπεῖν,
892 2254 1057 2308 ἅπασι
1106 2256 1199 2325 μὲν
1233 2258 1343 2319 τοῖς
1370 2257 1426 2308 ἐν
1455 2258 1738 2329 μαρτυρίῳ
1768 2258 1858 2311 τὸν

305 2345 447 2416 ὑπὲρ
510 2345 786 2409 εὐσεϐείας
852 2345 1077 2399 θάνατον
1143 2347 1549 2420 ἀναδεχομένοις
1618 2350 1859 2420 ἐφορμᾷν

300 2437 486 2499 εἴωθε,
525 2436 655 2489 πολὺ
690 2437 847 2492 πλέον
891 2437 945 2489 δὲ
978 2439 1067 2490 καὶ
1107 2438 1302 2508 μᾶλλον
1348 2441 1667 2499 ἐπιτέθειται
1715 2440 1857 2510 αὐτῷ

298 2530 396 2582 τὸν
426 2529 562 2601 ὑπὲρ
605 2529 853 2582 ἁπάντων
890 2527 1114 2581 θάνατον
1147 2530 1508 2601 ὑπομείναντι.
1558 2532 1698 2603 Πλὴν
1744 2532 1856 2584 ἀλλ’

303 2618 418 2672 εἴτε
446 2619 655 2690 πνεῦμα
678 2619 874 2682 δειλίας
904 2620 995 2671 καὶ
1026 2619 1271 2682 θανάτου,
1300 2621 1408 2673 εἴτε
1441 2621 1601 2689 φόϐου
1626 2624 1717 2675 καὶ
1743 2621 1860 2693 τρό-

305 2729 435 2782 μου,
470 2712 502 2782 ῆ
540 2712 593 2763 εί
636 2729 719 2774 τις
756 2711 916 2782 ἑτέρα
953 2710 1167 2781 τοιαύτη
1220 2711 1442 2781 δύναμις
1483 2713 1855 2774 ὲπιπέπτωκεν

301 2803 473 2874 αύτῷ,
500 2802 611 2856 ἀλλ’
636 2802 749 2856 ούτι
780 2821 842 2872 γε
870 2802 1195 2875 κατέρραξεν
1222 2803 1379 2856 αὐτόν
1405 2820 1419 2833 ⁸
1448 2806 1587 2867 ἐπεὶ,
1621 2799 1704 2857 οἷα
1735 2822 1858 2873 γεν-

303 2899 452 2961 ναῖος
486 2897 737 2967 ἀθλητὴς,
766 2895 858 2967 τὴν
896 2896 991 2968 μὲν
1033 2895 1229 2949 δειλίαν
1262 2895 1353 2948 τοῦ
1388 2895 1635 2960 θανάτου,
1669 2914 1856 2949 πεποι-

304 2988 460 3059 θήσει
504 2987 665 3059 ζωῆς,
701 2987 881 3057 (αὐτὸς
920 2988 1027 3059 γὰρ
1068 2991 1099 3060 ἡ
1132 2989 1285 3060 (tum
1320 2989 1529 3060 μακρὰν
1562 2989 1855 3061 ἀπέρριψεν

301 3078 745 3148 ἀποσεισάμενος.
791 3078 1057 3141 Ὡσαύτως
1102 3078 1159 3131 δὲ
1206 3081 1297 3131 καὶ
1342 3079 1400 3130 τὸ
1440 3079 1658 3132 ἐπελθὸν
1710 3077 1855 3149 αὐτῷ

302 3170 517 3241 πνεῦμα
545 3170 704 3239 φόϐου
736 3170 767 3241 ἢ
802 3172 999 3243 τρόμου
1026 3171 1300 3241 ποιητικὸν
1329 3171 1592 3241 πνεύματι
1624 3170 1856 3241 θάρσους

300 3263 396 3315 καὶ
436 3260 714 3331 δυνάμεως
764 3261 855 3313 καὶ
887 3262 1063 3331 ἰσχύος
1096 3261 1426 3333 πορρωτάτω
1454 3262 1811 3331 ἁπηκόντισεν
1837 3277 1850 3290 ·

297 3354 445 3417 ἐπεὶ,
481 3354 621 3407 κατὰ
644 3354 735 3406 τὸν
780 3354 1023 3418 Ἡσαΐαν,
1065 3374 1082 3404 ι
1122 3353 1524 3408 ὲπανεπαύσατο
1566 3354 1653 3405 ἐπ’
1696 3354 1853 3407 αὑτὸν

300 3444 443 3516 μετὰ
478 3445 581 3500 τῶν
624 3445 794 3499 ἄλλων
830 3446 1148 3516 πνευμάτων
1180 3448 1272 3498 καὶ
1300 3446 1509 3517 πνεῦμα
1543 3444 1732 3516 βουλῆς
1764 3446 1856 3499 καὶ

298 3536 502 3606 ἰσχύος.
540 3557 559 3590 ι
608 3536 766 3593 Οὕτω
812 3539 900 3591 καὶ
933 3539 992 3591 τὸ
1025 3538 1238 3609 πνεῦμα
1283 3538 1373 3590 τοῦ
1417 3538 1637 3601 σκότους
1672 3542 1736 3608 τῇ
1762 3537 1853 3590 τοῦ

300 3628 436 3681 ἰδίου
467 3629 639 3698 φωτὸς
668 3630 1003 3684 ἀπεσκέδασε
1028 3630 1302 3700 δυνάμει·
1339 3631 1456 3683 ἐπεὶ
1490 3649 1509 3682 ι
1558 3629 1617 3682 τὸ
1653 3629 1765 3699 φῶς
1798 3630 1854 3680 ὲν

295 3724 367 3791 τῇ
404 3722 588 3792 σκοτία
624 3722 752 3774 αὐτὸ
783 3723 842 3774 οὐ
870 3722 1179 3777 κατέλαϐεν.
1216 3742 1233 3773 ι
1267 3721 1459 3793 Εὖροις
1489 3724 1530 3776 δ’
1561 3724 1625 3776 ἂν
1652 3721 1720 3775 τὰ
1747 3739 1853 3775 πα-

298 3814 577 3884 ραπλήσια
608 3814 813 3877 τούτοις
841 3817 933 3869 καὶ
970 3818 1027 3869 ὲν
1066 3815 1292 3885 είκοσιῷ
1326 3814 1522 3886 πρώτῳ
1550 3814 1766 3885 ψαλμῷ,
1797 3816 1855 3867 ἐν

295 3908 379 3977 τῷ
412 3908 568 3961 πάλιν
592 3909 656 3961 ἐκ
682 3908 776 3961 τοῦ
809 3886 969 3962 αύτοῦ
1000 3908 1241 3962 λέλεκται
1272 3906 1555 3978 προσώπου
1578 3924 1591 3937 ⁸
1647 3925 1665 3959 ι
1696 3908 1855 3978 Περι-

296 3999 613 4053 εκύκλωσάν
638 4016 702 4070 με
730 4000 914 4069 μόσχοι
940 3998 1139 4063 πολλοὶ,
1163 3997 1352 4070 ταῦροι
1378 3999 1554 4062 πίονες
1574 3999 1854 4070 περιέσχον

299 4109 392 4163 με.
425 4092 675 4158 Ἠνοιξαν
714 4092 797 4143 ἐπ’
832 4092 930 4162 ἐμὲ
979 4092 1040 4145 τὺ
1076 4091 1247 4161 στόμα
1292 4091 1486 4155 αὐτῶν,
1534 4094 1608 4154 ὡς
1651 4091 1785 4145 λέων
1826 4092 1855 4144 ὁ

294 4182 560 4255 ἁρπάζων
593 4183 683 4235 καὶ
720 4181 1050 4254 ὠρυόμενος·
1093 4200 1112 4233 ι
1160 4181 1252 4234 καὶ
1288 4181 1473 4234 πάλιν
1510 4199 1527 4231 ι
1568 4181 1685 4233 Ὅτι
1726 4180 1852 4234 ἐκύ-

295 4273 511 4326 κλωσάν
557 4290 621 4344 με
655 4273 813 4336 κύνες
856 4273 1055 4339 πολλοὶ,
1095 4273 1377 4343 συναγωγὴ
1414 4272 1853 4343 πονηρευομένων

1962 1807 2129 1861 usque
2155 1793 2220 1846 ad
2254 1801 2731 1857 mortem,manete
2754 1794 2842 1848 hic
2863 1796 3145 1864 ctvigilale
3173 1811 3377 1849 mecum
3402 1794 3501 1851 ⁸⁸.»

1960 1876 2023 1929 Ει
2053 1892 2242 1932 rursus
2276 1896 2288 1931 :
2325 1896 2343 1929 ι
2383 1876 2537 1930 Nunc
2561 1876 2742 1930 anima
2774 1893 2888 1931 mea
2923 1881 3243 1933 conturbata
3267 1887 3349 1933 est
3376 1879 3440 1933 δ’.
3479 1897 3503 1933 ι

1957 1967 2117 2039 473
2144 1966 2350 2021 Similia
2385 1983 2618 2037 namque
2645 1967 2727 2022 his
2757 1977 2883 2023 sunt
2909 1972 3093 2035 etiam,
3118 1986 3237 2040 qua:
3268 1972 3506 2041 psalmus

1960 2062 2047 2115 hic
2080 2061 2339 2123 continet,
2390 2060 2482 2116 ubi
2521 2062 2599 2115 sic
2647 2062 2762 2116 ait:
2817 2079 2833 2111 ι
2864 2058 2970 2113 Cor
2997 2079 3171 2115 meum
3214 2063 3509 2117 conturba-

1957 2159 2073 2206 tum
2104 2151 2260 2206 estin
2286 2167 2390 2215 me,
2419 2161 2473 2206 et
2497 2150 2728 2205 formido
2753 2151 2944 2205 mortis
2975 2152 3168 2206 cecidit
3198 2169 3361 2220 super
3398 2169 3503 2219 me,

1957 2254 2010 2299 et
2051 2251 2411 2298 contexerunt
2443 2259 2526 2299 me
2578 2246 2850 2299 tenebrae:
2884 2264 2901 2295 ι
2935 2246 3132 2314 quibus
3164 2245 3343 2299 verbis
3375 2262 3507 2298 con.-

1958 2336 2240 2389 lrariarum
2258 2341 2582 2405 potestatum
2606 2344 2830 2389 conatus
2847 2334 3128 2389 adversum
3146 2351 3201 2388 se
3216 2335 3501 2405 significat.

1957 2424 2419 2492 Quemadmodum
2459 2427 2599 2480 enim
2630 2427 2681 2479 in
2712 2428 3004 2497 propheliis
3046 2428 3356 2480 nominatur
3386 2427 3507 2495 qui-

1956 2518 2077 2572 dem
2120 2519 2343 2589 Spiritus
2393 2520 2788 2579 fornicationis,
2846 2528 2900 2571 ut
2934 2528 3014 2572 est
3063 2520 3228 2573 illud:
3260 2539 3276 2569 ι
3310 2520 3503 2589 spiritu

1955 2609 2331 2666 fornicationis
2362 2611 2764 2675 aberraveruut,
2795 2610 2837 2642 ⁵ο
2867 2631 2884 2662 ι
2921 2620 2972 2664 et
2994 2611 3131 2665 alius
3164 2613 3388 2681 Spiritus
3414 2626 3505 2665 er-

1954 2703 2097 2757 roris
2127 2702 2180 2755 in
2213 2703 2447 2765 deserto,
2495 2704 2568 2756 ita
2595 2703 2753 2756 etiam
2805 2703 3025 2770 spiritus
3068 2702 3226 2754 fuerit
3261 2701 3505 2756 formidi-

1955 2812 2076 2851 nem
2108 2801 2297 2851 mortis
2328 2797 2563 2851 etliciens
2598 2816 2610 2850 :
2647 2811 2776 2849 sane
2808 2802 2862 2847 ut
2895 2796 3055 2848 etiam
3089 2795 3310 2863 spiritus
3342 2796 3504 2847 robo-

1955 2890 2051 2954 ris,
2112 2897 2163 2944 et
2215 2890 2496 2959 potentiae,
2544 2898 2597 2944 et
2648 2888 2980 2942 fortitudinis
3028 2887 3178 2956 ejus,
3231 2903 3349 2957 quae
3397 2886 3505 2941 Deo

1958 2984 2131 3038 aliena
2178 3001 2288 3039 non
2342 2992 2447 3050 est,
2489 2992 2697 3039 auctor.
2746 2983 2921 3048 Quare
2967 2982 3046 3036 sic
3091 2982 3251 3035 etiam
3297 2980 3507 3033 dicetur

1958 3075 2179 3145 spiritus
2208 3077 2418 3130 timoris
2458 3090 2518 3128 ac
2547 3077 2816 3135 tremoris,
2852 3084 2904 3129 et
2935 3090 3124 3128 rursus
3152 3073 3288 3127 alius
3315 3080 3507 3141 prmter

1948 3166 2075 3231 'hos,
2122 3166 2348 3235 spiritus
2402 3166 2613 3218 timoris
2648 3173 2700 3218 et
2748 3164 3107 3226 confusionis,
3148 3162 3237 3231 qui
3286 3162 3503 3231 quidem

1956 3272 2124 3327 paene,
2145 3265 2204 3311 ut
2234 3259 2305 3311 ita
2334 3256 2584 3320 dixerim,
2621 3272 2807 3311 omnes
2844 3268 3066 3310 mortem
3095 3270 3190 3325 pro
3220 3271 3342 3309 vera
3378 3255 3506 3307 reli-

1954 3351 2111 3420 gione
2157 3350 2453 3405 testimonii
2497 3350 2667 3419 gratia
2720 3349 3032 3413 subeuntes,
3083 3346 3336 3401 invadere
3374 3362 3506 3400 con-

1956 3452 2264 3503 sueverunt,
2290 3455 2352 3493 ac
2368 3439 2539 3493 multo
2559 3439 2719 3493 etiam
2745 3440 2913 3506 magis
2939 3438 3199 3506 longeque
3226 3439 3506 3490 vehemen-

1956 3532 2058 3587 tius
2087 3534 2235 3586 illum
2265 3529 2503 3601 aggressi
2538 3537 2685 3592 sunt,
2719 3530 2808 3597 qui
2842 3544 2940 3597 pro
2969 3528 3222 3582 omnibus
3277 3538 3503 3581 mortem

1955 3626 2253 3680 sustinuit:
2286 3631 2655 3679 verumtamen
2697 3621 2808 3674 sive
2848 3621 3071 3689 spiritus
3112 3619 3415 3674 formidinis
3451 3626 3504 3673 et

1955 3717 2165 3783 mortis,
2196 3716 2309 3771 sive
2337 3714 2547 3769 timoris
2579 3721 2631 3767 et
2657 3712 2927 3775 tremoris,
2957 3712 3068 3765 sive
3104 3712 3207 3763 alia
3239 3711 3500 3780 quaepiam

1954 3808 2197 3877 ejusdem
2220 3808 2435 3879 generis
2464 3814 2703 3887 potestas
2731 3804 2882 3858 illum
2910 3803 3097 3856 adorta
3130 3812 3231 3867 est,
3261 3817 3322 3855 ea
3353 3802 3503 3853 illum

1954 3916 2064 3956 non
2094 3900 2382 3969 confregit,
2421 3906 2708 3969 propterea
2735 3895 2877 3967 quod
2918 3903 3173 3963 tanquam
3208 3907 3504 3964 generosus

1953 4000 2210 4055 certator,
2253 3989 2597 4044 formidinem
2640 3987 2855 4057 quidem
2900 3985 3132 4050 mortis,
3178 3981 3504 4037 confidentia

1954 4082 2077 4135 vitae
2113 4081 2251 4151 (ipse
2289 4080 2433 4133 enim
2485 4077 2637 4147 vita),
2678 4076 2867 4145 procul
2894 4074 3234 4129 deturbatam
3282 4070 3502 4139 abjecit.

1953 4174 2128 4228 Alium
2169 4178 2349 4226 autem
2398 4169 2491 4240 qui
2538 4169 2714 4238 ipsum
2757 4167 2883 4220 item
2934 4165 3206 4218 invaserat
3253 4162 3504 4231 spiritum

1954 4265 2165 4320 timoris
2187 4273 2240 4319 et
2259 4262 2514 4318 tremoris
2541 4260 2877 4321 efficientem,
2909 4257 3103 4327 spiritu
3143 4251 3502 4316 confidentiae,

297 4364 582 4435 περιέσχον
617 4381 713 4435 με·
758 4384 775 4417 ι
811 4365 905 4416 καὶ
945 4361 1096 4427 αὖθις
1123 4383 1135 4396 ι
1172 4383 1190 4415 ι
1226 4364 1416 4417 Ῥύσαι
1445 4363 1551 4416 ἀπὸ
1585 4362 1852 4435 ῥομφαίας

1956 4367 2009 4413 et
2034 4358 2307 4430 potentia,
2338 4364 2392 4411 et
2428 4356 2660 4421 roboris,
2695 4353 3011 4423 longissime
3042 4366 3072 4403 a
3110 4366 3167 4405 se
3203 4348 3507 4419 praecipita-

291 4458 398 4529 τὴν
445 4456 617 4528 ψυχήν
661 4475 782 4528 μου,
827 4458 919 4511 καὶ
952 4459 1014 4509 ὲκ
1045 4459 1223 4529 χειρὸς
1270 4456 1427 4519 κυνὸς
1458 4455 1554 4527 τὴν
1594 4454 1853 4526 μονογενῆ

297 4567 422 4621 μου.
453 4549 630 4603 Σῶσόν
662 4567 726 4620 με
758 4551 820 4602 ὲκ
862 4551 1122 4621 στόματος
1150 4550 1378 4613 λέοντος,
1407 4550 1498 4603 καὶ
1541 4548 1646 4602 ἀπὸ
1690 4548 1854 4619 κερά-

293 4658 405 4692 των
442 4640 819 4713 μονοκερώτων
846 4641 943 4710 τὴν
972 4642 1292 4695 ταπείνωσίν
1322 4658 1441 4712 μου.
1478 4660 1496 4691 ι
1528 4639 1722 4709 Σαφῶς
1748 4639 1854 4709 γὰρ

292 4734 358 4784 ὲν
379 4732 588 4796 τούτοις
616 4733 869 4804 δυνάμεις
902 4734 1160 4805 πονηρὰς,
1191 4732 1441 4804 ταύρους,
1477 4734 1568 4785 καὶ⁴
1601 4733 1847 4803 μόσχους,

293 4823 395 4877 καὶ
434 4822 666 4889 λέοντας,
698 4826 789 4878 καὶ
820 4826 1003 4888 κύνας,
1031 4827 1120 4879 καὶ
1165 4825 1533 4896 μονοκέρωτας
1570 4824 1848 4887 ἀποκαλεῖ,

294 4914 356 4969 αἳ
390 4916 672 4986 περιέσχον
708 4917 803 4986 μὲν
828 4917 985 4969 αὑτὸν
1016 4919 1108 4969 καὶ
1133 4914 1571 4988 περιεκύκλωσαν
1605 4912 1740 4966 κατὰ
1762 4914 1851 4965 τὸν

292 5007 392 5060 τοῦ
432 5007 629 5071 πάθους
671 5008 831 5061 αὑτοῦ
867 5007 1073 5080 καιρὸν,
1106 5009 1166 5060 οὐ
1208 5008 1311 5077 μὴν
1354 5007 1445 5060 καὶ
1482 5004 1771 5075 ἐνεργῆσαί
1802 5021 1853 5056 τι

297 5099 420 5151 κατ’
449 5098 608 5151 αὑτοῦ
638 5099 964 5169 δεδύνηνται.
991 5100 1095 5151 Καὶ
1124 5098 1294 5151 ταῦτα
1327 5097 1443 5167 μὲν,
1479 5098 1526 5148 εί
1557 5096 1649 5148 καὶ
1680 5094 1847 5148 ταῦτα

295 5189 391 5241 τοῦ
437 5188 644 5259 ψαλμοῦ
696 5189 764 5243 τὰ
805 5190 943 5260 μέρη
984 5190 1076 5242 ἐπὶ
1116 5189 1205 5240 τὸν
1257 5188 1483 5257 Σωτῆρα
1528 5187 1620 5238 καὶ
1649 5185 1848 5256 Κύριον

297 5278 454 5351 ἡμῶν
480 5280 726 5348 άνάγοιτο
750 5298 762 5311 ·
792 5282 840 5333 εί
866 5280 921 5334 δὲ
959 5281 1031 5352 μὴ
1070 5279 1154 5331 ἐπ’
1185 5279 1364 5342 αὐτόν,
1400 5276 1512 5329 ἀλλ’
1546 5276 1628 5345 ἐφ’
1667 5276 1849 5346 ἓτερον

297 5369 617 5440 πρόςωπον,
665 5371 975 5442 ἐπιστήσεις
1020 5371 1114 5423 καὶ
1167 5368 1325 5430 αὐτὸς
1367 5367 1442 5429 ὡς
1488 5365 1553 5421 ἂν
1604 5365 1850 5435 ἐξομαλι-

299 5458 492 5511 σθέντα
519 5457 587 5511 τὰ
611 5458 748 5511 κατὰ
782 5459 873 5512 τὸν
904 5459 1081 5512 τόπον.
1128 5456 1273 5526 Πλὴν
1300 5454 1433 5509 ἀλλὰ
1472 5457 1564 5509 καὶ
1596 5455 1722 5526 περὶ
1752 5455 1850 5524 τῆς

368 5638 412 5670 ⁸⁸
450 5636 637 5693 Matth.
673 5654 830 5707 xxvr,
869 5640 954 5695 58.

1034 5640 1074 5673 δ’
1114 5636 1268 5696 Joan.
1300 5655 1408 5706 xu,
1440 5639 1527 5695 27.
1605 5640 1650 5675 ⁸ο
1692 5640 1817 5696 Ose.
1849 5638 1934 5707 ιγ’,
1970 5637 2050 5692 12.
2127 5638 2168 5669 “
2209 5635 2363 5692 Joan.
2398 5651 2450 5702 ι,
2485 5634 2534 5691 5.

1955 4450 2032 4506 vit
2071 4470 2084 4504 :
2118 4446 2577 4520 quandoquidem,
2630 4456 2687 4500 ut
2730 4453 2813 4500 est
2860 4443 3000 4513 apud
3042 4443 3257 4505 Isaiam,
3300 4438 3506 4509 quievit

1956 4557 2119 4612 super
2156 4556 2278 4596 eum
2316 4555 2425 4594 una
2448 4554 2572 4593 cum
2603 4538 2727 4593 aliis
2754 4537 3058 4606 spiritibus,
3083 4535 3242 4589 etiam
3275 4531 3504 4602 spiritus

1957 4634 2172 4689 consilii
2218 4641 2272 4689 et
2306 4632 2664 4691 fortitudinis.
2699 4629 2789 4685 Sic
2837 4645 3000 4701 porro
3044 4631 3205 4683 etiam
3250 4626 3502 4693 spiritum

1955 4728 2299 4781 tenebrarum
2321 4724 2524 4794 preprii
2554 4722 2773 4777 luminis
2805 4722 2858 4775 vi
2889 4720 3189 4789 dissipavit,
3221 4725 3503 4785 propterea

1955 4818 2096 4888 quod
2132 4837 2150 4869 ι
2190 4818 2278 4870 lux
2306 4817 2361 4869 in
2393 4813 2630 4869 tenebris
2663 4815 2825 4877 lucet,
2856 4821 2910 4867 et
2960 4812 3191 4865 tenebrae
3236 4822 3351 4859 eam
3393 4820 3503 4859 non

1955 4907 2561 4978 comprehenderunt“.
2596 4926 2614 4959 ι
2650 4906 2936 4966 Caeterum,
2979 4903 3064 4957 his
3104 4900 3300 4955 similia
3338 4898 3501 4952 etiam

1958 5000 2011 5054 in
2040 4998 2298 5069 vigesimo
2338 4999 2510 5067 primo
2546 4997 2755 5065 psalmo
2790 4993 3028 5047 invenire
3058 4991 3279 5061 poteris,
3313 4989 3365 5041 in
3395 5003 3502 5055 quo

1952 5105 2019 5145 ex
2049 5088 2290 5158 ejusdem
2322 5104 2552 5157 persona
2581 5104 2771 5142 rursus
2797 5083 2926 5138 illud
2957 5084 3159 5138 dictum
3188 5090 3270 5137 est
3297 5100 3309 5135 :
3341 5099 3358 5129 ι
3382 5079 3502 5134 Cir-

1953 5181 2347 5236 cumdederunt
2388 5198 2471 5235 me
2500 5180 2654 5232 vituli
2686 5179 2839 5232 multi
2871 5196 2883 5231 :
2909 5177 3049 5229 tauri
3102 5176 3323 5244 pingues
3352 5173 3505 5229 obse-

1953 5271 2147 5326 derunt
2175 5287 2279 5325 me.
2304 5271 2649 5339 Aperuerunt
2679 5284 2839 5337 super
2868 5283 2951 5321 me
2976 5284 3037 5323 os
3064 5282 3220 5321 suum
3253 5265 3394 5319 sicut
3418 5263 3501 5318 leo

1954 5362 2171 5432 rapiens
2201 5369 2253 5416 et
2288 5364 2507 5431 rugiens
2529 5364 2594 5414 ⁵³.
2633 5384 2651 5413 ι
2697 5359 2762 5412 Et
2793 5375 2984 5413 rursus
3012 5377 3025 5411 ς
3058 5377 3075 5409 ι
3110 5356 3372 5423 Quoniam
3396 5354 3503 5408 cir-

1953 5454 2343 5508 cumdederunt
2375 5469 2457 5508 me
2488 5467 2651 5507 canes
2681 5452 2832 5505 multi
2855 5471 2867 5505 :
2887 5450 3172 5504 concilium
3203 5448 3502 5518 malignan-

2615 5637 2655 5667 σε
2695 5631 2854 5701 Ρδδι,
2893 5648 3016 5695 ιιι,
3050 5630 3134 5699 ιδ,
3162 5627 3245 5681 tt.
