3868 6192
509 263 620 338 735
1159 271 1429 330 EL'SEBil
1465 269 1942 329 CESARIENSIS
1977 271 2129 328 OPP.
2168 268 2350 326 PARS
2386 267 2452 324 ll.
2498 297 2568 310 -—
2605 259 3100 323 APOLOGE'IICA.
3625 259 3738 319 136

489 395 646 453 ‘tium
678 392 892 451 obsedit
922 407 1009 448 me
1029 391 1096 446 ⁸³.
1131 410 1150 444 ι
1181 389 1248 446 Ει
1273 406 1503 448 rursus:
1543 409 1562 444 ι
1593 387 1738 446 Erue
1767 406 1796 445 a
1839 389 2057 458 framea,

2173 389 2280 445 τῶν
2320 387 2590 443 Ἰουδαίων
2617 371 3016 459 μητροπόλεως,
3045 381 3216 453 αὐτῆς
3246 380 3311 453 δὴ
3335 381 3438 452 τῆς
3467 381 3736 454 Ἰερουσα-

485 483 675 550 ‘Deus,
721 482 956 538 animam
989 495 1187 549 meam,
1233 489 1289 538 et
1332 480 1400 538 de
1446 496 1610 537 manu
1650 481 1804 539 canis
1845 482 2057 538 unicam

2163 481 2297 554 λὴμ,
2327 479 2630 543 ἀκολούθως
2657 478 2793 550 μετά
2813 477 2908 548 τὴν
2935 475 3076 530 κατά
3102 474 3209 528 τῶν
3239 472 3733 528 ἐπιϐουλευσάντων

506 585 705 632 meam.
743 571 903 628 Salva
933 588 1019 628 me
1047 588 1114 628 ex
1152 587 1247 629 ore
1280 572 1475 638 leonis,
1497 580 1553 628 et
1579 586 1610 626 a
1640 573 1902 630 cornibus
1935 573 2057 628 uni-

2165 573 2316 646 αὺτῷ
2366 572 2666 644 πρόρρησιν
2714 569 2951 638 ἐπιλέγει
3002 568 3160 638 ἑξῆς·
3219 585 3239 618 ι
3289 562 3444 620 Εἶδον
3502 566 3730 637 ἀνομίαν

507 666 755 722 cornium
814 665 1173 722 humilitatem
1223 682 1402 723 meam
1429 666 1497 722 “.
1531 686 1550 721 ι
1603 665 1772 723 Plane
1815 667 1958 722 enim
2007 665 2057 722 in

2165 668 2262 722 καὶ
2307 665 2614 735 ἀντιλογίαν
2653 666 2709 718 ἐν
2740 666 2804 735 τῇ
2839 661 2988 714 πόλει
3011 676 3025 692 ο
3069 679 3087 712 ι
3129 659 3224 714 καὶ
3253 657 3322 712 τά
3351 658 3554 722 τούτοις
3591 657 3732 712 ἀκό-

503 757 592 814 his
639 757 906 828 malignas
951 765 1268 828 potestates,
1309 765 1616 826 taurorum,
1665 767 1720 816 et
1745 757 2057 823 vitulorum,

2163 757 2346 822 λουθα,
2371 757 2406 813 ἀ
2431 757 2524 811 καὶ
2548 755 2738 820 ὁποίας
2762 755 2940 826 ἔχεται
2972 751 3207 814 διανοίας
3232 750 3294 805 οὐ
3319 751 3414 804 νῦν
3441 751 3594 822 σχολὴ
3649 749 3732 804 δι-

481 857 560 905 'et
597 849 837 917 leonum,
893 856 948 905 et
993 861 1212 916 canum,
1259 856 1314 906 et
1357 850 1703 906 unicornium
1749 851 2062 906 nominibus
2161 850 2431 924 ηγεῖσθαι.

503 942 762 1014 appellat,
809 957 930 1014 qua:
967 944 1184 1014 quidem
1238 945 1390 999 illum
1432 945 1536 1000 sub
1567 945 1747 1018 ipsum
1798 946 2072 1017 passionis
2109 955 2323 1018 tempus
2362 941 2695 1002 Obsederunt
2733 956 2798 997 ac
2852 937 3358 1002 circumdederunt,
3403 935 3567 1009 474
3619 951 3734 992 non

500 1039 684 1090 tamen
728 1037 892 1090 etiam
946 1036 1147 1106 aliquid
1213 1036 1422 1094 elficere
1483 1048 1678 1095 contra
1743 1040 1894 1106 illum
1945 1048 2258 1113 potuerunt.
2317 1039 2386 1096 Et
2438 1040 2556 1096 haec
2619 1037 2836 1110 quidem
2883 1035 3045 1090 talem
3092 1032 3327 1089 habeant
3361 1031 3656 1093 rationem.
3691 1031 3734 1087 Si

502 1125 665 1180 modo
694 1127 856 1182 etiam
889 1127 970 1183 hae
1017 1129 1208 1200 psalmi
1243 1133 1445 1200 partes,
1497 1132 1565 1188 ad
1621 1132 1955 1191 Salvatorem
1995 1119 2392 1207 Dominumque
2452 1139 2703 1190 nostrum
2758 1128 3096 1185 referantur.
3144 1123 3300 1192 Quod
3328 1125 3374 1179 si
3419 1138 3529 1178 non
3570 1122 3645 1176 ad
3675 1123 3738 1176 il-

483 1213 748 1282 'lum,sed
799 1220 867 1274 ad
914 1221 1093 1292 aliam,
1119 1233 1426 1292 personam,
1469 1225 1584 1296 ipse
1623 1240 1838 1295 quoque
1887 1227 2173 1298 diligenter
2221 1226 2488 1290 attendes,
2547 1231 2606 1278 ut
2644 1237 2706 1278 ea
2742 1235 2860 1294 qua:
2895 1219 2962 1274 ad
3019 1219 3195 1289 ipsum
3230 1216 3375 1270 hunc
3399 1214 3576 1269 locum
3609 1227 3734 1282 per-

503 1309 700 1374 tinent,
747 1312 851 1367 sibi
894 1313 1124 1370 invicem
1164 1325 1377 1386 azquata
1433 1317 1822 1387 respondeant.
1883 1305 2270 1375 Verumtamen
2329 1319 2396 1375 de
2439 1319 2556 1390 ipsa
2597 1316 2761 1370 etiam
2817 1311 3129 1388 Iudaeorum
3177 1309 3416 1371 civitate,
3461 1305 3531 1360 de
3589 1305 3733 1374 ipsa:

504 1403 746 1474 inquam,
791 1404 1116 1473 Jerusalem,
1165 1408 1356 1463 ordine
1399 1408 1655 1480 deinceps
1701 1417 1824 1482 post
1860 1409 2180 1466 vaticinium
2247 1411 2314 1467 de
2363 1410 2432 1467 iis
2498 1407 2591 1478 qui
2662 1397 2889 1462 insidias
2933 1403 3014 1458 illi
3079 1400 3330 1465 feCerint,
3389 1397 3640 1468 adjungit
3685 1396 3734 1450 in

504 1497 652 1553 hunc
692 1500 912 1556 modum
940 1520 996 1558 τι
1025 1499 1147 1556 Vidi
1180 1503 1520 1574 iniquitatem
1563 1512 1617 1560 et
1665 1505 2150 1561 contradictionem
2189 1505 2248 1561 in
2297 1505 2551 1562 civitate:
2583 1522 2601 1555 ι
2627 1507 2682 1557 et
2725 1514 2846 1572 qua:
2899 1504 3220 1568 sequuntur.
3266 1509 3388 1566 quae
3422 1506 3732 1564 (100.3695)“

505 1593 616 1648 sint
649 1595 986 1666 accipienda,
1022 1613 1132 1652 non
1166 1607 1250 1654 est
1284 1614 1425 1654 nunc
1457 1600 1712 1655 narrandi
1739 1608 1974 1670 tempus.

501 1713 548 1766 Α
580 1713 785 1792 psalmo
809 1728 960 1792 cvnl.
991 1745 1059 1756 —
1081 1715 1216 1792 ltent
1247 1717 1311 1771 de
1335 1715 1500 1792 Iuda,
1540 1726 1589 1772 et
1642 1719 1705 1792 (ξε
1749 1719 1966 1792 suﬁecto
2011 1718 2057 1772 in

2175 1716 2328 1792 Ἀπὸ.
2358 1712 2479 1792 τοῦ.
2498 1711 2744 1792 raliter?
2909 1737 2981 1748 -
3013 1708 3132 1792 Ἐἲι
3173 1703 3311 1792 iter?
3328 1702 3481 1792 3°17-
3526 1701 3724 1792 latitia

667 1782 838 1838 locum
866 1785 978 1854 ejus
1009 1786 1269 1857 apostolo,
1311 1788 1358 1841 el
1389 1788 1451 1842 de
1479 1771 1625 1859 gente
1652 1771 1956 1844 λἀᾱαεῖἀῖ

2238 1785 2336 1859 καὶ
2376 1771 2758 1859 sodale-tinf-
2778 1771 2984 1859 ᾃώρρν
3024 1775 3207 1859 aur-013
3218 1771 3728 1859 .dtftetqanzoéﬂog

2238 1843 2605 1916 ἀποστόλου,
2653 1843 2753 1905 κάξ
2785 1843 2921 1918 περὶ
2953 1846 3060 1902 τοῦ
3100 1843 3388 1900 Ἰουδαίων
3423 1844 3664 1909 ἔθνους.

581 1978 600 2012 ι
628 1957 791 2025 Deus,
835 1959 1048 2015 laudem
1083 1975 1256 2017 meam
1288 1977 1355 2016 ne
1392 1961 1647 2027 tacueris,
1687 1961 1813 2032 quia
1835 1978 1898 2019 os
1934 1977 2057 2034 pec-

2240 1987 2258 2021 ι
2291 1969 2350 2022 '0
2379 1966 2530 2031 Θεὸς,
2553 1965 2651 2035 τὴν
2681 1961 2884 2017 αίνεσίν
2920 1979 3020 2032 μου
3057 1958 3130 2031 μὴ
3163 1958 3622 2029 παρασιωπήσῃς,
3653 1957 3726 2013 ὅτι

477 2050 707 2126 ,ολιοτίε
745 2059 799 2105 et
825 2049 894 2106 os
927 2050 1103 2105 dolosi
1140 2066 1302 2122 super
1332 2067 1416 2107 me
1457 2060 1702 2121 apertum
1741 2061 1843 2110 est.
1869 2051 2057 2112 Locuti

2167 2059 2338 2130 στόμα
2369 2054 2689 2129 ἀμαρτωλοῦ
2717 2053 2809 2106 καὶ
2839 2053 3010 2124 στόμα
3034 2050 3205 2104 δολίου
3238 2051 3323 2102 ἐπ’
3358 2049 3459 2120 ἐμὲ
3483 2047 3722 2120 ἠνοίχθη.

504 2147 632 2195 sunt
682 2140 968 2196 adversum
1009 2157 1093 2196 me
1137 2142 1320 2214 lingua
1362 2142 1572 2207 dolosa,
1620 2153 1672 2199 et
1719 2145 2060 2201 sermonibus

502 2230 616 2286 odii
662 2229 1140 2286 circumdederunt
1189 2247 1318 2296 me,
1382 2241 1436 2287 et
1475 2244 1923 2304 oppugnaverunt
1975 2251 2060 2292 me

502 2325 692 2393 gratis.
723 2320 830 2376 Pro
861 2337 926 2376 eo
956 2330 1014 2375 ut
1044 2338 1128 2377 me
1155 2321 1462 2393 diligerent,
1497 2323 1857 2378 detrahebant
1885 2325 2054 2394 mihi;

499 2428 603 2484 ego
649 2420 829 2467 autem
869 2413 1111 2468 orabam.
1166 2411 1233 2466 Et
1279 2423 1577 2483 posuerunt
1627 2413 1916 2471 adversum
1975 2431 2060 2470 me

501 2505 640 2558 mala
674 2519 772 2574 pro
795 2503 974 2566 bonis,
1010 2511 1064 2556 ct
1095 2503 1278 2556 odium
1313 2517 1411 2572 pro
1436 2503 1724 2558 dilectione
1746 2518 1886 2559 mea.
1915 2505 2059 2560 Con-

503 2597 670 2650 stitue
716 2611 880 2665 super
927 2587 1049 2650 eum
1094 2603 1450 2665 peccatorem,
1501 2602 1554 2650 et
1597 2595 1848 2652 diabolus
1886 2603 1991 2652 stet
2026 2612 2058 2652 a

503 2686 711 2740 dextris
755 2686 893 2754 ejus.
927 2685 1062 2738 Dum
1107 2685 1404 2755 iudicatur,
1446 2693 1602 2740 exeat
1637 2686 2056 2752 condemnatus,

503 2786 558 2832 et
588 2778 766 2833 oratio
818 2779 936 2846 ejus
980 2777 1071 2830 liat
1118 2775 1174 2830 in
1219 2783 1523 2846 peccatum.
1572 2775 1730 2832 Fiant
1773 2779 1890 2834 dies
1937 2778 2058 2849 ejus

508 2870 686 2938 pauci,
718 2875 772 2924 et
799 2855 1165 2940 episcopatum
1196 2869 1314 2938 ejus
1343 2869 1576 2939 accipiat
1601 2870 1736 2925 alter
1756 2872 1821 2928 ⁸⁸,
1855 2891 1874 2924 s
1902 2870 2057 2938 Quod

473 2965 666 3032 etiam
717 2961 828 3015 haec
873 2960 940 3014 ad
991 2960 1320 3030 proditorem
1349 2957 1542 3015 Judam
1593 2962 1701 3016 sint
1745 2962 2053 3029 referenda,

2176 2149 2477 2220 Ἐλάλησαν
2520 2148 2642 2200 κατ’
2673 2144 2804 2217 ἐμοῦ
2849 2141 3064 2214 γλώσσῃ
3093 2140 3261 2212 δολία,
3297 2140 3392 2194 καὶ
3423 2139 3604 2208 λόγοις
3640 2139 3724 2210 μί-

2121 2247 2124 2250 ’
2166 2258 2290 2305 σους
2341 2238 2656 2293 ἐκύκλωσάν
2706 2253 2792 2307 με,
2837 2234 2931 2288 καὶ
2981 2224 3322 2304 ἐπολέμησάν
3378 2249 3447 2302 με
3497 2231 3717 2304 δωρεάν.

2177 2333 2323 2386 ’Δντὶ
2351 2329 2446 2386 τοῦ
2476 2330 2692 2400 ἀγαπᾷν
2726 2346 2817 2398 με,
2853 2326 3178 2381 ἐνδιέϐαλλόν
3210 2342 3304 2396 με·
3337 2323 3448 2392 ἐγὼ
3477 2324 3536 2378 δὲ
3564 2341 3721 2395 προσ-

2160 2422 2426 2494 ηυχόμην.
2462 2423 2574 2475 Καὶ
2613 2419 2792 2474 ἔθεντο
2829 2418 2949 2473 κατ’
2979 2416 3112 2489 ἐμοῦ
3149 2416 3294 2471 κακὰ
3336 2416 3460 2470 ἀντὶ
3485 2415 3715 2484 ἀγαθῶν,

2162 2514 2256 2566 καὶ¹
2287 2515 2440 2584 μῖσος
2467 2511 2588 2566 ἀντὶ
2621 2509 2720 2581 τῆς
2749 2505 3074 2580 ἀγαπήσεώς
3100 2523 3220 2578 μου.
3249 2504 3608 2575 Κατάστησον
3638 2505 3718 2558 ἐπ’

2163 2605 2325 2660 αὑτὸν
2353 2603 2692 2676 ἁμαρτωλὸν,
2721 2603 2814 2656 καὶ
2841 2600 3081 2664 διάϐολος
3111 2600 3287 2670 στήτω
3315 2601 3377 2651 ἐκ
3401 2597 3596 2664 δεξιῶν
3626 2598 3715 2651 αύ-

2160 2695 2279 2750 τοῦ.
2317 2697 2402 2750 Ἐν
2431 2695 2508 2767 τῷ
2539 2694 2816 2767 κρίνεσθαι
2845 2692 3003 2747 αὑτὸν
3030 2690 3230 2756 ἐξέλθοι
3262 2687 3715 2760 καταδεδικασμέο

2162 2805 2271 2853 νος,
2299 2787 2451 2859 καὶὴ
2484 2785 2753 2858 προσευχὴ
2795 2783 2956 2840 αὑτοῦ
2991 2783 3272 2854 γενηθήτω
3303 2783 3384 2846 είς
3428 2781 3715 2853 ἁμαρτίαν.

2159 2878 2542 2952 Γενηθήτωσαν
2575 2880 2632 2934 αἱ
2666 2880 2865 2950 ἡμέραι
2914 2875 3078 2930 αὐτοῦ
3111 2875 3305 2944 ὀλίγαι,
3347 2876 3445 2928 καὶ⁸
3475 2876 3579 2947 τὴν
3611 2875 3715 2928 ἐπι-

2164 2971 2366 3042 σκοπὴν
2395 2971 2558 3026 αύτοῦ
2588 2970 2795 3025 λαϐέτω
2826 2971 3028 3042 ἕτερος.
3066 2987 3084 3020 ι
3116 2969 3224 3022 Καὶ
3243 2967 3341 3038 τῆς
3367 2967 3481 3021 τῶν
3510 2983 3716 3039 προκειο

505 3053 734 3107 idoneus
764 3067 894 3106 sane
924 3060 1041 3106 esto
1069 3051 1223 3107 testis
1251 3052 1530 3120 apostolus
1559 3049 1776 3118 Petrus,
1813 3056 1904 3125 qui
1938 3062 2057 3125 post

2163 3063 2336 3134 μένων
2368 3063 2462 3115 ἐπὶ
2491 3062 2579 3116 τὸν
2624 3062 2884 3134 προδότην
2923 3060 3119 3114 Ἰούδαν
3149 3058 3430 3132 ἀναφορᾶς
3468 3059 3713 3129 ἐχέγγως

507 3142 808 3198 Salvatoris
854 3143 1028 3197 nostri
1075 3157 1381 3206 ascensum,
1427 3143 1631 3198 coactis
1689 3143 1746 3198 in
1781 3160 1946 3198 Unum
1975 3145 2058 3200 lo-

469 3311 475 3320 _
505 3251 630 3290 cum
660 3236 920 3306 apostolis
943 3235 1216 3298 omnibus,
1241 3233 1469 3304 aliisque
1503 3236 1919 3306 quamplurimis
1945 3236 2058 3291 [τοι

505 3327 702 3394 tribus,
734 3327 790 3381 in
833 3327 1024 3382 mediis
1059 3325 1165 3381 illis
1199 3327 1348 3380 stetit
1393 3333 1560 3396 atque
1601 3327 1677 3380 ait
1707 3346 1720 3382 :
1751 3345 1770 3378 ‹
1807 3325 1917 3382 Viri
1949 3327 2060 3383 fra-
2125 3319 2130 3324 ’

506 3431 642 3484 tres,
673 3417 914 3488 oportuit
939 3417 1147 3487 impleri
1183 3413 1519 3494 Scripturam
1539 3417 1703 3483 hanc,
1733 3434 1897 3489 quam
1920 3435 2060 3490 pra:-

505 3511 644 3566 dixit
685 3508 922 3580 Spiritus
967 3520 1188 3565 sanctus
1228 3507 1325 3581 per
1352 3523 1415 3566 os
1463 3507 1634 3565 David
1675 3510 1742 3566 de
1769 3509 1930 3577 Juda,
1964 3512 2058 3584 qui

510 3602 610 3657 fuit
638 3603 748 3658 dux
782 3617 968 3658 eorum
993 3601 1084 3672 qui
1127 3599 1653 3672 comprehenderunt
1677 3598 1899 3668 Iesum;
1932 3603 2059 3674 quia

473 3763 476 3774 Ι
505 3703 827 3751 numeratus
865 3702 982 3768 erat
1012 3693 1319 3759 nobiscum,
1363 3701 1417 3749 et
1455 3693 1682 3754 sortitus
1710 3701 1829 3750 erat
1859 3702 2060 3750 sortem

507 3787 800 3846 ministerii
849 3789 1032 3857 hujus.
1083 3784 1181 3840 llic
1233 3786 1398 3856 igitur
1454 3785 1696 3856 possedit
1756 3799 1946 3856 agrum
1994 3787 2062 3843 de

505 3878 756 3936 mercede
800 3877 1082 3948 iniustitiae
1109 3893 1222 3933 sua:
1247 3895 1259 3931 :
1282 3885 1336 3932 et
1363 3892 1664 3946 suspensus
1691 3877 1904 3947 crepuit
1950 3893 2063 3933 me-

506 3969 652 4035 dius,
700 3977 753 4023 et
789 3967 958 4024 ell'usa
1010 3976 1137 4024 sunt
1180 3969 1362 4023 omnia
1410 3968 1621 4024 viscera
1649 3968 1787 4038 ejus.
1815 3965 1974 4040 575
1998 3965 2063 4022 Et

504 4069 693 4116 notum
748 4060 948 4114 factum
1002 4068 1084 4118 est
1137 4061 1391 4114 omnibus
1435 4059 1804 4114 hahitanlibus
1844 4059 2063 4115 Jerusa-

499 4137 652 4207 lem:
683 4152 757 4206 ita
809 4160 866 4206 ut
917 4152 1277 4222 appellaretur
1319 4149 1446 4222 ager
1491 4151 1582 4206 ille
1616 4151 1811 4222 "lingua
1851 4166 2059 4218 eorum,

505 4243 894 4308 Akeldamach,
926 4243 1029 4297 hoc
1057 4252 1160 4305 est,
1190 4225 1329 4313 Ager
1347 4243 1640 4312 sanguinis.
1675 4243 1952 4314 Scriptum
1980 4249 2063 4298 est

505 4335 649 4390 enim
680 4334 735 4388 in
766 4335 905 4390 libro
935 4333 1309 4388 Psalmorum:
1343 4353 1359 4384 ι
1388 4333 1509 4388 Fiat
1546 4335 1900 4388 commoratio
1943 4333 2062 4404 ejus

2161 3153 2368 3225 μάρτυς
2395 3154 2423 3205 ὁ
2464 3153 2755 3216 ἀπόστολος
2787 3151 3008 3225 Πέτρος,
3047 3150 3182 3222 μετὰ
3213 3149 3308 3222 τὴν
3347 3149 3443 3202 τοῦ
3479 3149 3714 3220 Σωτῆρος

2157 3245 2312 3317 ἡμῶν
2344 3245 2605 3316 ἀνάληψιν
2653 3245 3001 3316 συνηγμένων
3037 3244 3144 3298 τῶν
3175 3242 3486 3297 ἀποστόλων
3513 3242 3713 3295 πάντων

2159 3337 2255 3391 σὺν
2299 3336 2392 3390 καὶ
2435 3337 2613 3402 ἄλλοις
2660 3337 2896 3391 πλείοσιν
2936 3336 3201 3406 ἀδελφοῖς,
3256 3333 3422 3406 μέσος
3469 3331 3710 3393 ἀναστὰς,

2157 3428 2252 3480 καὶ
2281 3428 2448 3482 ταῦτα
2481 3429 2653 3502 φήσας
2675 3445 2689 3459 ο
2731 3447 2752 3482 ι
2784 3425 3007 3500 Ἀνδρες
3040 3427 3275 3498 ἀδελφοὶ,
3304 3426 3411 3481 ἔδει
3441 3422 3712 3496 πληρωθῆο

2157 3535 2245 3573 ναι
2275 3519 2371 3593 τὴν
2403 3521 2442 3574 Γ
2448 3521 2641 3592 ραφὴν,
2672 3522 2738 3593 ῆν
2770 3523 2993 3594 προεῖπε
3018 3519 3079 3572 τδ
3107 3517 3328 3588 Πνεῦμα
3358 3516 3422 3571 τὸ
3453 3517 3608 3586 ἀγιον
3633 3513 3714 3568 διὰ

2161 3610 2423 3681 στόματος
2470 3604 2641 3665 Δαϐὶδ
2673 3613 2800 3684 περὶ
2839 3611 3007 3666 ’ἰούδα
3047 3609 3140 3664 τοῦ
3185 3611 3474 3681 γενομένου
3530 3605 3710 3678 ὁδηγοῦ

2159 3703 2270 3766 τοῖς
2306 3701 2649 3756 συλλαϐοῦσιν
2691 3701 2894 3774 Ἰησοῦν
2927 3702 3008 3756 ὅτι
3045 3699 3525 3773 κατηριθμημένος
3555 3695 3618 3770 ἦν
3657 3702 3712 3752 ὲν

2158 3793 2318 3862 ἡμῖν,
2352 3793 2444 3846 καὶ
2477 3791 2632 3863 ἔλαχε
2661 3793 2754 3847 τὸν
2795 3793 3002 3865 ’κλῆρον
3033 3793 3132 3864 τῆς
3177 3791 3452 3855 διακονίας
3499 3790 3707 3860 ταύτης.

2161 3876 2327 3946 Οὗτος
2359 3884 2457 3955 μὲν
2482 3881 2575 3938 οὖν
2603 3886 2865 3956 ἐκτήσατο
2901 3884 3098 3957 χωρίον
3143 3885 3208 3938 ἐκ
3244 3879 3438 3954 μισθοῦ
3471 3883 3565 3953 τῆς
3599 3880 3707 3934 ἀδι-

2161 3975 2282 4038 κίας
2311 3974 2497 4042 αὐτοῦ,
2546 3977 2640 4029 καὶ
2679 3975 2887 4048 πρηνὴς
2930 3975 3216 4046 γενόμενος
3260 3974 3490 4045 ἐλάκησε
3538 3971 3704 4043 μέσος.

2162 4066 2254 4119 καὶ
2277 4065 2499 4138 ἐξεχύθη
2535 4067 2709 4121 πάντα
2731 4067 2799 4119 τὰ
2829 4067 3110 4137 σπλάγχνα
3137 4065 3320 4119 αὐτοῦ.
3349 4067 3459 4118 Καὶ
3487 4063 3706 4132 γνωστὸν

2165 4159 2379 4226 ἐγένετο
2429 4161 2561 4212 πᾶσι
2604 4161 2716 4221 τοῖς
2759 4158 3097 4212 κατοικοῦσιν
3151 4155 3534 4232 Ἰερουσαλὴμ,
3577 4152 3706 4205 ὥστε

2163 4249 2423 4320 κληθῆναι
2455 4250 2515 4303 τὸ
2545 4250 2741 4323 χωρίον
2785 4250 2958 4302 ἐκεῖνο
2983 4251 3049 4320 τῇ
3095 4248 3201 4320 ἰδίᾳ
3233 4247 3496 4317 διαλέκτῳ
3543 4244 3704 4298 αὐτῶν

2175 4339 2531 4411 Ἀκελδαμὰχ,
2561 4341 2590 4394 ὃ
2617 4341 2730 4394 ἐστι
2763 4341 2972 4412 Χωρίον
3004 4339 3252 4412 αἵματος.
3285 4339 3584 4410 Γέγραπται
3603 4336 3704 4404 γὰρ

471 4479 476 4482 .
504 4427 829 4491 deserta,’et
863 4444 983 4502 non
1015 4429 1085 4484 sit
1110 4427 1216 4504 qui.
1243 4411 1446 4482 habitet
1477 4427 1533 4482 in
1561 4442 1646 4493 ea,
1686 4437 1740 4484 et
1779 4428 2057 4497 episcopa-

2162 4431 2219 4483 ἐν
2242 4429 2406 4502 βίϐλῳ
2433 4431 2696 4502 Ψαλμῶνο
2737 4451 2755 4484 ι
2778 4411 3124 4503 Γενηθήτω-ἔ)
3155 4429 3378 4494 ἔπαυλις
3406 4429 3565 4484 αὐτοῦ
3585 4428 3701 4498 ἕρη-

506 4527 621 4574 tum
649 4519 776 4590 ejus
811 4520 1042 4589 accipiat
1075 4519 1212 4574 alter
1233 4519 1353 4578 ⁸⁸.)
1388 4518 1584 4574 Petrus
1611 4535 1741 4575 vero
1777 4535 1902 4574 cum
1933 4519 2059 4575 talia

506 4612 755 4678 dixisset,
809 4612 1039 4682 subjecit
1095 4613 1149 4666 in
1206 4612 1384 4666 locum
1435 4609 1585 4668 Iudae
1647 4609 1810 4668 alium'
1857 4609 2061 4667 assumi

507 4713 810 4774 oportere,
839 4718 946 4773 quo
1005 4702 1288 4758 duodecim
1353 4704 1718 4773 apostolorum
1760 4717 2057 4768 numerus,

505 4778 943 4865 qui'climinutus
991 4792 1184 4860 fuerat,
1233 4796 1615 4864 complcretur,
1667 4802 1725 4848 ut
1777 4793 2062 4864 prophetia

508 4903 664 4940 suum
699 4887 855 4942 linem
889 4889 1246 4958 contingeret.
1299 4888 1417 4953 Quo
1462 4888 1625 4942 etiam
1655 4887 1898 4958 tempere
1937 4903 2063 4942 cum

463 5051 466 5056 _
509 4998 628 5038 sors
651 4983 797 5051 jacla
824 4990 989 5044 esset,
1017 4997 1079 5035 ea
1107 4981 1302 5050 cecidit
1326 4994 1489 5049 super
1530 4979 1827 5042 Matthiam,
1852 4987 1905 5034 et
1928 4995 2061 5033 con-

509 5085 826 5128 nnmcratns
851 5081 934 5129 est
967 5089 1088 5129 cum
1123 5069 1410 5127 duodecim
1441 5072 1724 5143 apostolis.
1767 5070 1902 5125 Cum
1946 5072 2060 5128 haec

510 5166 674 5236 igitur
717 5166 769 5219 in
808 5166 952 5220 hunc
1002 5165 1218 5220 modum
1267 5151 1486 5235 peraCta
1531 5165 1662 5232 sint,
1709 5164 1956 5234 sequitur
2000 5173 2059 5217 ut

509 5272 799 5328 personam
835 5272 955 5327 qua:
984 5257 1038 5309 in
1082 5257 1185 5310 hoc
1221 5256 1431 5326 psalmo
1472 5255 1734 5324 loquitur,
1770 5271 1878 5310 non
1902 5255 2063 5308 aliam

509 5357 632 5396 esse
661 5343 1008 5408 arbitremur,
1035 5359 1196 5414 quam
1228 5337 1526 5398 Salvatoris
1561 5345 1759 5406 nostri,
1791 5343 1885 5412 qui
1925 5345 2068 5399 assi-

512 5443 727 5502 gnatam
753 5435 869 5490 sibi
897 5435 1114 5492 aPatre
1158 5437 1260 5492 sub
1305 5437 1480 5508 ipsum
1530 5437 1803 5506 passionis
1853 5445 2066 5508 tempus

512 5527 832 5594 orationem,
867 5529 1084 5600 publica
1129 5539 1281 5584 tanto
1313 5503 1439 5585 ante
1491 5543 1587 5598 per
1635 5526 1900 5600 Spiritum
1939 5544 2067 5586 san-

2167 4538 2282 4593 μος,
2312 4523 2406 4575 καὶ
2441 4520 2514 4593 μὴ
2549 4522 2686 4574 ἔστω
2712 4523 2740 4575 ὁ
2764 4521 3028 4576 κατοικῶν
3059 4522 3115 4575 ἐν
3156 4521 3316 4592 αὐτῇ,
3352 4521 3447 4575 καὶ
3476 4521 3567 4590 τὴν
3595 4520 3701 4570 sane

2165 4611 2368 4684 σκοπὴν
2392 4610 2558 4665 αὑτοῦ
2590 4610 2796 4666 λαϐέτω
2823 4612 3024 4684 ἕτερος.
3061 4631 3079 4664 ι
3107 4611 3298 4666 Ταῦτα
3315 4611 3446 4681 γοῦν
3468 4613 3496 4664 ὁ
3522 4610 3699 4679 Πέτρος

2164 4703 2329 4756 εἰπὼν
2361 4703 2670 4758 ὑποτίθεται
2710 4703 2892 4775 ἕτερον
2923 4705 3041 4758 ἀντὶ
3072 4703 3165 4757 τοῦ
3204 4703 3373 4757 Ἰούδα
3411 4703 3517 4755 δεῖν
3543 4715 3698 4770 παρα-

2163 4795 2345 4850 λαϐεῖν
2375 4797 2453 4860 εἰς
2483 4797 2571 4850 τὸν
2601 4797 2852 4850 λείποντα
2881 4797 2988 4849 τῶν
3019 4794 3220 4849 δώδεκα
3273 4795 3575 4848 ἀποστόλων
3593 4793 3697 4859 ἀρι·

2117 4907 2120 4910 ’
2165 4885 2319 4958 θμὸν,
2352 4889 2498 4951 ὅπως
2529 4887 2782 4960 πληρωθῇ
2817 4888 2876 4941 τὸ
2908 4887 3005 4957 τῆς
3027 4886 3377 4962 προφητείας.
3410 4887 3552 4947 Ὅτεν
3578 4881 3694 4950 κλὴ·

2165 4996 2257 5050 ρου
2307 4979 2613 5050 γενομένου,
2652 4981 2840 5032 ἔπεσεν
2872 4981 2900 5032 ό
2937 4979 3134 5050 κλῆρος
3177 4979 3269 5032 ἐπὶ
3311 4977 3569 5036 Ματθίαν,
3613 4971 3694 5027 καὶ

2167 5071 2639 5143 συγκατεψηφίσθη
2677 5073 2813 5142 μετά
2839 5071 2944 5125 τῶν
2987 5071 3190 5125 δώδεκα
3220 5069 3544 5124 ἀποστόλων.
3577 5063 3690 5117 Tad-

2163 5179 2270 5215 των
2290 5162 2458 5226 οὕτως
2485 5162 2921 5227 ἐκτελεσθέντων,
2952 5163 3255 5226 ἀκολούθως
3282 5163 3349 5216 ἂν
3371 5162 3454 5234 εἴη
3487 5161 3542 5213 τὸ
3561 5157 3687 5223 λέγον

2162 5257 2220 5308 ἐν
2262 5254 2340 5325 τῷ
2391 5254 2586 5326 ψαλμῷ
2636 5256 2920 5328 πρόσωπον
2960 5255 3056 5326 οὐχ
3108 5256 3289 5325 ἕτερον
3327 5253 3422 5306 τοῦ
3473 5248 3685 5316 Σωτῆρος

2162 5347 2340 5418 ἡμῶν,
2374 5347 2431 5410 ὃς
2462 5346 2538 5418 τῷ
2578 5349 2750 5420 Πατρὶ
2779 5348 2872 5420 τὴν
2903 5347 3349 5418 ἀναπεμφθεϊσαν
3382 5343 3523 5414 αὐτῷ
3565 5334 3684 5407 παρὲ

2163 5438 2254 5490 τὸν
2278 5437 2370 5491 τοῦ
2401 5438 2601 5503 πάθους
2628 5439 2814 5512 καιρὸν
2845 5439 3008 5510 εὐχὴν
3031 5439 3126 5511 τῆς
3151 5438 3236 5492 διὰ
3265 5437 3357 5491 τοῦ
3376 5437 3524 5504 ἁγίου
3547 5425 3686 5483 Πνεῦ-

2171 5550 2336 5604 ματος
2381 5533 2700 5603 ἀναγραφῆς
2723 5531 3046 5603 ’προλαϐὼν
3073 5527 3392 5594 κατηξίωσε,
3431 5527 3488 5580 τὸ
3525 5519 3694 5595 μέλλον

584 5707 628 5740 ⁵³
675 5704 814 5760 Psal.
850 5723 960 5772 xxx,
1002 5708 1084 5762 l'i.
1163 5709 1206 5740 ⁵³
1246 5708 1374 5764 ibid.
1409 5707 1608 5774 21,22.
1685 5709 1736 5741 ⁸³
1769 5707 1912 5764 Ρείιι.
1949 5723 2051 5762 cvtx

2160 5707 2259 5762 2-8.
2336 5709 2379 5740 ⁵⁶
2419 5708 2534 5762 Act.
2576 5725 2621 5773 l,
2661 5708 2843 5764 {6—20.
