3922 6200
218 190 328 246 737

1091 189 1741 248 DEMONSTRATIONIS
1780 191 2234 249 EVANGELlCIE
2277 190 2493 247 ωαχ.

3328 190 3459 257 758:

220 303 349 378 περὶ
377 302 543 358 αὐτοῦ
578 303 948 375 συμϐήσεσθαι
980 304 1259 385 θεσπίσας.
1293 305 1457 378 Φησὶν
1489 301 1616 360 οὖν·
1655 326 1673 358 ι
1723 307 1777 362 ’0

1880 318 2026 363 ctum
2060 308 2428 378 descriptione
2468 307 2744 379 dignatus,
2776 307 2923 379 quod
2968 307 3073 381 sibi
3106 323 3219 364 usus
3250 316 3439 366 ventu-

214 399 370 463 Θεὸς,
411 398 511 470 τὴν
541 397 743 452 αίνεσίν
781 415 879 469 μου
919 398 991 470 μὴ
1019 400 1471 470 παρασιωπήσῃς,
1502 418 1520 450 ι
1553 397 1652 469 τὴν
1683 399 1773 453 ὑπ’

216 490 383 547 αὐτοῦ
427 489 812 562 παραδοθεῖσαν
854 494 966 555 τοῖς
1004 491 1167 545 αὐτοῦ
1220 491 1485 564 μαθηταῖς
1527 491 1778 546 διδασκα-

214 586 360 651 λίαν,
390 585 485 640 καὶ
507 584 608 653 τῆς
635 584 827 654 καινῆς
851 584 1125 657 Διαθήκης
1154 586 1251 656 τὴν
1290 585 1493 640 αἴνεσιν
1526 602 1775 658 παρακα-

216 676 328 731 λῶν
381 676 454 749 μὴ
508 676 985 747 κατασιγασθῆναι,
1045 677 1178 731 ἀλλά
1232 677 1326 732 καὶ
1377 679 1455 742 είς
1503 678 1595 731 τὸν
1652 678 1777 750 ἑξῆς

213 767 431 824 ἅπαντα
460 768 628 822 αἰῶνα
661 758 991 840 παραμεῖναι
1014 769 1092 841 τῷ
1123 769 1240 842 βίῳ.
1280 789 1297 821 ι
1322 771 1502 841 Στόμα
1522 770 1578 823 δὲ
1604 772 1778 843 ἀμαρ-

211 861 388 916 τωλοῦ
423 861 513 914 καὶ
545 861 716 933 στόμα
744 861 911 917 δολίου
949 881 969 915 ι
995 863 1197 934 κυρίως
1245 862 1312 917 ἀν
1344 862 1555 933 λεχθείη
1587 863 1645 916 τὸ
1681 861 1773 916 τοῦ

225 953 416 1019 Ἰούδα,
449 953 507 1016 ὃς
549 953 830 1025 πορευθεὶς
860 955 995 1027 πρὸς
1038 956 1163 1019 τοὺς
1194 956 1464 1028 ἀρχιερεῖς
1492 951 1643 1009 εἶπεν
1681 956 1776 1009 αὐ-

210 1050 327 1111 τοῖς
350 1064 363 1077 ·
402 1066 420 1098 ι
454 1046 518 1099 Τί
550 1046 726 1100 θέλετέ
756 1066 844 1119 μοι
872 1048 1071 1113 δοῦναι,
1106 1046 1261 1116 κάγὼ
1300 1049 1425 1119 ὑμῖν
1470 1046 1775 1119 παραδώσω

211 1139 377 1193 αὐτόν
400 1156 414 1205 ;
440 1140 501 1193 Οἱ
531 1139 586 1192 δὲ
609 1140 837 1211 ἔστησαν
861 1139 1007 1211 αὐτῷ
1032 1140 1322 1213 τριάκοντα
1349 1141 1636 1211 στατῆρας.
1665 1142 1775 1195 Καὶ

212 1230 325 1283 ἀπὸ
354 1229 472 1283 τότε
498 1229 675 1302 ἐζήτει
704 1231 1006 1305 εὐκαιρίαν,
1034 1234 1118 1286 ἵνα
1146 1232 1304 1286 αὑτὸν
1330 1231 1607 1303 παραδῷ.»
1651 1233 1772 1285 Τοι-

213 1317 355 1377 αῦτα
377 1321 505 1391 γοῦν
533 1324 652 1375 κατ’
696 1322 857 1376 αὑτοῦ
904 1323 1242 1395 συνθέμενος,
1277 1318 1356 1387 εἷς
1393 1320 1459 1394 ῆν
1498 1323 1607 1378 τῶν
1640 1323 1776 1395 μετά

211 1411 386 1467 ταῦτα
416 1415 510 1467 σὺν
542 1413 687 1483 σύτῷ
717 1414 1083 1486 ἀνακειμένων
1112 1418 1168 1468 ἐν
1188 1416 1264 1486 τῷ
1289 1416 1383 1469 τοῦ
1413 1417 1606 1487 Πάσχα
1639 1434 1775 1487 συμ-

215 1506 414 1574 ποσίῳ,
446 1506 529 1557 ὅτε
565 1506 655 1558 καὶ
685 1506 845 1569 αὐτὸς
878 1508 906 1560 ὁ
949 1506 1135 1579 Σωτὴρ
1165 1508 1319 1577 ήμῶν
1356 1507 1597 1561 ἀνέκειτο
1638 1506 1774 1578 μετά

209 1597 327 1651 ⁴σῶν
377 1597 596 1661 δώδεκα,
647 1597 928 1667 ἐσθιόντων
975 1616 1034 1652 τε
1084 1598 1260 1653 αὐτῶν
1304 1595 1485 1653 εἶπενο
1543 1620 1561 1652 ι
1605 1600 1774 1673 Ἀμὴν

1882 416 2001 454 rum
2023 409 2161 464 erat,
2183 402 2399 457 cecinit.
2430 401 2519 455 Ait
2540 401 2713 470 igitur
2738 420 2751 457 :
2783 420 2801 453 ι
2832 400 3001 464 Deus,
3026 400 3235 456 laudem
3260 417 3438 459 meam
3462 462 3467 467 ,

1881 506 1950 546 ne
1992 491 2265 547 tacueris:
2300 511 2319 542 ι
2353 492 2445 545 ubi
2480 492 2732 547 videlicet
2776 491 3077 547 doctrinam
3130 507 3292 562 quam
3323 495 3439 564 ipse

1882 579 1999 635 suis
2026 580 2307 650 discipulis
2340 580 2528 644 tradit,
2568 592 2621 635 et
2668 580 2882 636 laudem
2924 582 3049 635 novi
3079 580 3436 648 Testamenti,

1881 690 1991 729 non
2033 690 2156 731 esse
2188 674 2534 744 premendam
2585 674 2801 729 silentio
2847 674 3189 740 exhortatur,
3247 673 3341 728 sed
3382 674 3438 731 in

1882 782 2042 823 omne
2084 767 2325 821 futurum
2372 782 2545 822 aevum
2590 765 2658 819 ad
2697 765 2819 819 vitae
2863 764 3111 820 humana:
3147 765 3436 820 utilitatem

1881 874 2215 930 permanere.
2254 878 2272 910 ι
2293 857 2366 913 Os
2395 868 2574 914 autem
2598 858 2998 928 peccatoris,'et
3019 873 3082 912 os
3097 857 3293 923 dolosi,
3317 876 3338 911 ι
3375 872 3439 915 os

1882 951 2053 1021 ipsius
2089 950 2243 1006 Jnda:
2301 951 2519 1022 proprie
2569 950 2928 1005 nominaverit
2974 950 3283 1020 quispiam,
3345 951 3437 1020 qui

1881 1058 2003 1097 cum
2050 1044 2273 1098 abiisset
2307 1043 2372 1097 ad
2409 1043 2684 1113 principes
2734 1041 3099 1108 sacerdotum,
3146 1043 3228 1097 eis
3257 1042 3436 1097 dixit:

1886 1154 1904 1187 ι
1941 1136 2081 1201 Quid
2101 1137 2264 1191 vultis
2295 1137 2427 1190 mihi
2460 1135 2610 1199 dare,
2642 1141 2696 1189 et
2727 1149 2827 1204 ego
2857 1150 2979 1189 eum
3006 1135 3158 1190 vobis
3190 1133 3444 1189 tradam?

1880 1229 1948 1284 At
1980 1230 2056 1284 illi
2085 1230 2492 1285 constituerunt
2520 1230 2569 1284 ei
2602 1228 2826 1299 triginta
2861 1235 3110 1282 stateres.
3141 1226 3206 1280 Et
3242 1244 3308 1282 ex
3348 1226 3453 1281 illo

1880 1322 2154 1392 quaerebat
2207 1323 2573 1386 occasionem,
2613 1318 2677 1375 ut
2715 1320 2866 1375 illum
2910 1320 2993 1375 eis
3038 1319 3290 1390 proderet
3318 1320 3386 1375 ".
3417 1338 3437 1372 ι

1880 1411 2013 1467 Cum
2065 1427 2196 1482 ergo
2241 1412 2369 1466 talia
2412 1420 2604 1466 contra
2640 1412 2789 1465 illum
2823 1412 3046 1465 molitus
3089 1421 3252 1472 esset.
3299 1425 3443 1464 unus

1879 1512 2068 1573 postea
2108 1504 2210 1558 fuit
2242 1519 2307 1558 ex
2357 1503 2426 1558 iis
2472 1503 2565 1572 qui
2599 1517 2722 1556 cum
2768 1502 2863 1556 illo
2908 1502 2962 1555 in
2995 1501 3239 1571 paschali
3283 1516 3441 1557 caena

1880 1591 2275 1655 accubuerunt,
2301 1606 2411 1663 quo
2444 1599 2687 1661 tempore
2719 1591 2833 1661 ipse
2862 1607 3078 1661 quoque
3102 1590 3352 1646 Salvator
3379 1606 3444 1647 ac

212 1689 366 1761 ἀμήν
394 1688 530 1756 λέγω
559 1690 704 1760 ὑμῖν,
750 1692 831 1744 ὅτι
864 1687 944 1755 εἷς
988 1691 1045 1757 ἐξ
1096 1691 1248 1763 ὑμῶν
1280 1691 1587 1765 παραδώσει
1623 1710 1709 1764 με.
1751 1713 1770 1745 ι

1879 1680 2140 1738 Dominus
2168 1692 2353 1737 noster
2383 1682 2739 1737 accumbebat
2780 1696 2886 1736 una
2916 1698 3039 1737 cum
3076 1682 3211 1752 ipsis
3237 1681 3444 1739 duode-

214 1780 328 1834 Καὶ
359 1778 677 1850 λυπούμενοι
708 1781 909 1852 σφόδρα
953 1781 1184 1853 ήρξαντο
1213 1780 1390 1850 λέγειν
1422 1780 1649 1845 ἕκαστος
1676 1782 1775 1835 αὐ·-

214 1870 326 1923 τῶν
346 1886 360 1900 ο
401 1887 419 1921 ι
448 1871 593 1943 Μήτι
623 1869 731 1941 ἐγώ
762 1873 896 1942 ειμι,
927 1872 1126 1943 Κύριες
1170 1892 1188 1923 ι
1227 1873 1283 1926 ὲν
1314 1867 1394 1937 οἷς
1423 1867 1492 1944 ἦν
1521 1873 1615 1927 καὶ
1648 1872 1778 1926 Ἰού-

210 1961 334 2027 δας,
368 1962 444 2027 δς,
473 1964 533 2017 τὸ
564 1962 765 2036 πλῆρες
797 1964 995 2029 παντὸς
1027 1964 1174 2017 δόλου
1208 1964 1299 2018 καὶ
1322 1965 1599 2036 εἰρωνείας
1634 1964 1779 2020 ἀνοί-

215 2053 316 2119 ξας
366 2054 557 2125 στόμα,
606 2055 919 2129 ἀποκριθεὶς
982 2051 1162 2110 εἶπενο
1234 2075 1251 2108 ι
1290 2058 1435 2127 Μήτι
1496 2055 1607 2126 ἐγώ
1638 2060 1773 2128 εἰμι,

225 2143 449 2210 Ῥαϐϐί;
493 2164 512 2197 ι
544 2146 721 2199 Δόλιον
751 2147 942 2216 στόμα,
977 2146 1044 2200 δι’
1071 2138 1130 2199 οὗ
1161 2146 1223 2200 τὸ
1265 2148 1487 2217 σημεῖον
1521 2149 1631 2211 τοῖς
1658 2150 1777 2200 ἐπι-

210 2235 425 2300 ϐούλοις
452 2236 551 2291 τοῦ
577 2238 820 2309 Σωτῆρος
850 2238 1005 2308 ἡμῶν
1033 2237 1238 2309 ἐδήλου,
1268 2238 1438 2306 λέγων
1461 2253 1476 2268 °
1514 2256 1532 2289 ι
1566 2238 1779 2291 Ὀν-ἐάν

209 2324 446 2396 φιλήσω,
484 2325 643 2389 αὐτός
682 2326 795 2378 ἐστι
819 2343 831 2355 ο
868 2329 1174 2398 κρατήσατε
1209 2326 1369 2380 αὐτόν
1396 2345 1409 2359 ·
1446 2346 1466 2380 ι
1503 2328 1530 2380 δ
1570 2329 1663 2381 καὶ
1702 2328 1779 2381 εἰ·

210 2416 355 2481 πὼν,
387 2416 529 2489 ἔργῳ
567 2417 655 2471 τὸν
694 2418 841 2471 δόλον
866 2418 1200 2491 ἀπεπλήρου,
1234 2420 1319 2473 ὅτε
1361 2418 1669 2491 προσελθὼν
1700 2420 1778 2492 τῷ

225 2508 425 2580 Ἰησοῦ,
478 2505 627 2563 εἶπεν
666 2510 843 2580 αὐτῷ’
886 2530 903 2562 ι
949 2512 1139 2582 Χαῖρε,
1181 2512 1397 2565 Ῥαϐϐίο
1434 2514 1524 2566 καὶ
1558 2515 1780 2583 κατεφί-

210 2599 380 2671 λησεν
425 2601 603 2655 αὐτόν.
646 2602 702 2655 Ὀ
733 2602 788 2655 δὲ
830 2603 1034 2674 Ἰησοῦς
1076 2599 1225 2657 εἶπεν
1256 2603 1435 2675 αὐτῷ·
1476 2623 1495 2657 ι
1543 2606 1776 2678 Ἑταῖρε,

210 2694 302 2761 ἐφ’
329 2685 375 2760 ᾧ
407 2693 602 2764 πάρει;
641 2712 658 2744 ι
710 2694 803 2746 καὶ
847 2695 1003 2749 πάλιν
1028 2712 1041 2725 ·
1098 2714 1115 2745 ι
1159 2695 1345 2760 Ἰούδα,
1396 2696 1656 2768 φιλήματι
1688 2698 1779 2751 τὸν

212 2785 346 2838 Υίὸν
374 2786 465 2839 τοῦ
493 2785 775 2858 ἀνθρώπου
806 2789 1111 2860 παραδίδως
1135 2806 1180 2855 ;»
1198 2791 1411 2845 Τούτων
1437 2791 1479 2843 δ’
1501 2787 1592 2845 οὖν
1619 2791 1778 2846 ἕνεκα

212 2877 502 2949 προλαϐὼν
546 2878 632 2933 διά
675 2880 767 2933 τοῦ
814 2882 1027 2951 ψαλμοῦ
1074 2899 1234 2952 φησιν
1260 2900 1273 2914 ⁸
1339 2902 1357 2935 ι
1426 2885 1545 2937 Ὀτι
1607 2885 1779 2956 στόμα

210 2970 538 3043 ἁμαρτωλοῦ
564 2973 656 3026 καὶ
702 2973 873 3044 στόμα
905 2974 1074 3027 δολίου
1103 2976 1187 3028 ἐπ’
1217 2975 1315 3046 ἐμὲ
1344 2976 1584 3047 ἠνοίχθη.
1629 2976 1780 3031 Ἐλά-

1876 1774 2003 1838 cim,
2042 1774 2137 1845 qui
2187 1774 2351 1830 etiam
2393 1773 2807 1830 comedentibus
2850 1774 2959 1828 illis
2999 1773 3177 1828 dixit:
3217 1793 3235 1825 ι
3267 1773 3442 1830 Amen

1875 1880 2033 1925 amen
2089 1865 2213 1921 dico
2264 1865 2463 1931 vobis,
2513 1866 2657 1937 quod
2710 1881 2854 1923 unus
2903 1874 3145 1922 vestrum
3192 1881 3280 1921 me
3339 1874 3447 1921 tra-

1875 1957 1985 2014 det.
2021 1979 2040 2013 ι
2075 1957 2142 2013 Et
2170 1960 2300 2015 dum
2338 1958 2495 2015 valde
2546 1959 2969 2023 contristantur,
3002 1968 3289 2030 coeperunt
3325 1960 3444 2015 sin-

1876 2051 1986 2121 guli
2029 2050 2211 2106 dicere
2253 2069 2271 2102 ι
2299 2070 2312 2105 :
2338 2049 2594 2121 Nunquid
2635 2065 2737 2120 ego
2771 2067 2923 2115 sum,
2966 2049 3295 2106 Domine”?
3323 2072 3342 2104 ι
3384 2051 3443 2108 In

1876 2142 2077 2213 quibus
2117 2150 2237 2199 erat
2277 2144 2440 2198 etiam
2468 2141 2661 2210 Judas,
2697 2143 2791 2213 qui
2841 2158 2965 2196 cum
3001 2145 3180 2197 omnis
3224 2142 3333 2198 doli
3379 2160 3444 2201 ac

1877 2232 2240 2287 simulationis
2302 2232 2519 2303 plenum
2567 2246 2629 2287 os
2678 2232 2980 2302 aperuisset
3026 2233 3337 2302 respondit,
3380 2248 3444 2289 ac

1878 2324 2062 2379 dixit:
2106 2342 2125 2376 ι
2154 2323 2411 2395 Nunquid
2456 2339 2556 2395 ego
2616 2338 2770 2388 sum,
2820 2321 3094 2377 Babbi”?
3122 2343 3141 2375 ι
3184 2322 3443 2380 Dolosnm

1878 2429 2005 2485 ergo
2024 2430 2106 2479 os,
2132 2429 2240 2486 quo
2263 2414 2675 2470 insidiatoribus
2703 2412 3003 2468 Salvatoris
3025 2413 3200 2477 nostri
3226 2414 3443 2485 signum

1877 2509 2185 2579 pr0posuit,
2224 2508 2454 2564 dicens:
2488 2527 2505 2559 ι
2540 2508 2933 2577 Quemcunque
2953 2508 3233 2564 osculatus
3264 2508 3439 2575 fuero,

1879 2599 1998 2671 ipse
2024 2610 2128 2666 est,
2162 2609 2341 2656 tenete
2367 2617 2490 2656 eum
2517 2602 2583 2656 σθ.
2616 2620 2636 2653 ι
2672 2599 2828 2667 Quod
2855 2617 2979 2655 cum
3001 2601 3230 2657 dixisset
3252 2602 3439 2667 verbo,

1878 2707 1939 2749 re
1990 2707 2207 2762 quoque
2257 2693 2373 2763 ipsa
2420 2692 2605 2748 dolum
2654 2694 2982 2766 complevit,
3036 2708 3146 2764 quo
3190 2693 3446 2759 videlicet

1879 2795 2122 2859 tempore
2188 2804 2311 2844 cum
2368 2789 2437 2844 ad
2493 2787 2695 2845 Jesum'
2737 2793 3084 2856 accessisset,
3138 2791 3275 2846 dixit
3335 2792 3441 2850 ei:

1887 2879 2097 2943 «Salve,
2122 2878 2295 2935 Rahbi
2319 2898 2333 2935 :
2362 2890 2415 2936 et
2442 2882 2722 2937 osculatus
2746 2892 2829 2939 est
2851 2899 2975 2939 eum
2996 2884 3060 2939 ⁵³.
3087 2902 3106 2937 ι
3129 2882 3288 2943 Jesus
3314 2901 3446 2942 vero

1884 2970 1951 3025 ad
1999 2971 2153 3026 illum
2197 2971 2336 3027 dixit
2364 2991 2378 3029 :
2408 2991 2426 3025 ι
2459 2972 2686 3039 Amice,
2743 2974 2809 3030 ad
2853 2974 2986 3045 quid
3037 2976 3317 3032 venisti?»
3377 2976 3446 3035 Et

206 3041 389 3133 λησαν
427 3065 545 3116 κατ’
592 3063 726 3134 ἐμοῦ
778 3041 999 3138 γλώσσῃ
1043 3065 1211 3136 δολία,
1243 3041 1335 3120 καὶ
1368 3041 1565 3134 λόγοις-
1592 3067 1777 3138 μίσους

1881 3079 2074 3118 rursus
2105 3083 2116 3119 :
2150 3082 2167 3115 ι
2202 3063 2363 3128 Juda,
2405 3068 2598 3122 osculo
2628 3066 2798 3121 ﬁlium
2834 3041 3072 3124 hominis
3106 3069 3282 3126 tradis
3308 3071 3389 3126 "?
3417 3089 3440 3126 ›

208 3153 530 3208 ἐκύκλωσάν
560 3172 626 3225 με
652 3155 874 3227 δωρεάν.
914 3175 936 3209 ι
976 3158 1141 3211 Ἔνθα
1188 3157 1325 3229 μετά
1354 3158 1447 3213 τοῦ
1491 3160 1655 3215 Ἰούδα
1688 3166 1781 3216 καὶ

206 3246 324 3301 τῶν
357 3245 553 3300 λοιπῶν
577 3246 684 3301 τῶν
716 3248 1208 3304 ἐπιϐουλευσάντων
1239 3249 1388 3321 αὐτῷ
1433 3254 1778 3324 μνημονεύει.

206 3338 381 3407 Λέγει
407 3338 450 3392 δ’
482 3334 572 3393 οὖν
615 3340 675 3394 τὸ
717 3341 1067 3410 Εὐαγγέλιον,
1114 3344 1189 3407 ὡς
1234 3344 1362 3416 ἄρα,
1394 3343 1487 3398 τοῦ
1534 3345 1782 3416 Σωτῆρος

207 3431 376 3504 ἡμῶν
406 3430 486 3484 ἔτι
530 3434 642 3495 τοῖς
681 3432 873 3486 ἑαυτοῦ
924 3434 1192 3505 μαθηταῖς
1232 3435 1535 3504 λαλοῦντος,
1583 3456 1601 3490 ι
1650 3438 1779 3492 Ἰδοὺ

224 3522 431 3588 Ἰούδας
463 3520 541 3588 εἷς
580 3524 686 3579 τῶν
723 3523 926 3578 δώδεκα
973 3522 1126 3598 ἦλθε,
1159 3529 1253 3583 καὶ
1288 3529 1404 3599 μετ’
1437 3528 1600 3583 αὐτοῦ
1628 3529 1782 3600 όχλος

211 3615 388 3678 πολὺς
417 3617 550 3686 μετά
580 3617 860 3689 μαχαιρῶν
884 3620 979 3672 καὶ
996 3618 1187 3685 ξύλων,
1220 3620 1327 3674 ἀπὸ
1354 3619 1459 3676 τῶν
1487 3622 1781 3695 ἀρχιερέων

210 3709 314 3761 καὶ
354 3708 731 3780 πρεσϐυτέρων
760 3708 853 3764 τοῦ
884 3710 1014 3766 λαοῦ
1036 3728 1049 3743 ο
1096 3729 1115 3765 t
1166 3707 1247 3775 οἷς
1289 3713 1381 3768 καὶ⁸
1412 3708 1565 3768 εἶπεν
1604 3717 1633 3768 ό
1667 3715 1780 3768 Κύ-

215 3817 374 3873 ριος·
408 3819 427 3852 ι
481 3801 566 3864 Ὠς
608 3802 699 3855 ἐπὶ
741 3802 941 3877 λῃστὴν
985 3802 1256 3875 ἐξήλθετε,
1309 3803 1446 3875 μετὰ
1500 3806 1780 3878 μαχαιρῶν

214 3896 316 3949 καὶ
361 3894 527 3960 ξύλων
571 3896 853 3953 συλλαϐεῖν
898 3916 994 3971 με;
1040 3899 1161 3953 καθ’
1206 3901 1417 3973 ἡμέραν
1460 3901 1595 3974 πρὸς
1638 3904 1781 3974 ὑμᾶς

212 3984 557 4056 ἐκαθεζόμην
588 3988 645 4041 ἐν
689 3987 764 4059 τῷ
800 3988 928 4062 ἱερῷ
964 3989 1244 4054 διδάσκων,
1277 3991 1369 4044 καὶ
1412 3993 1511 4046 οὐκ
1547 3994 1780 4065 ἐκρατή-

217 4074 353 4127 σατέ
379 4092 465 4145 με.
502 4076 669 4130 Τοῦτο
694 4078 750 4131 δὲ
789 4077 905 4131 ὅλον
933 4080 1172 4148 γέγονεν,
1203 4081 1288 4135 ἵνα
1329 4080 1683 4154 πληρωθῶσιν
1721 4084 1778 4138 αῖ

217 4164 436 4237 Γραφαὶ
490 4166 597 4221 τῶν
654 4168 967 4239 προφητῶν.
1005 4189 1023 4221 ι
1087 4172 1205 4224 Ἔτι
1258 4171 1313 4225 δέ
1376 4189 1535 4244 φησιν
1592 4174 1649 4227 ἐν
1702 4173 1779 4246 τῷ

214 4258 447 4328 ψαλμῷ·
489 4278 508 4312 ι
555 4260 697 4314 ’Δντὶ
740 4261 833 4314 τοῦ
886 4263 1102 4334 ἀγαπᾷν
1153 4280 1240 4333 με,
1285 4264 1616 4320 ἐνδιέϐαλλόν
1671 4284 1736 4338 με
1759 4282 1773 4299 ⁸

1878 3154 2041 3227 476
2062 3154 2263 3223 Harum
2312 3171 2442 3227 ergo
2506 3173 2689 3213 rerum
2758 3173 2923 3214 causa
2990 3167 3144 3215 tanto
3202 3170 3327 3217 ante
3387 3162 3444 3218 in

1881 3249 2092 3319 psalmo
2121 3248 2197 3302 ait
2230 3267 2244 3303 :
2276 3267 2295 3300 ι
2324 3246 2591 3314 Quoniam
2642 3266 2705 3307 os
2746 3253 3049 3321 peccatoris
3077 3261 3132 3308 et
3167 3268 3230 3309 os
3267 3253 3444 3309 dolosi

1881 3356 2046 3411 super
2084 3354 2171 3396 me
2198 3348 2446 3410 apertum
2483 3350 2587 3398 est.
2616 3340 2811 3398 Locuti
2843 3352 2973 3399 sunt
3002 3353 3194 3400 contra
3233 3360 3319 3400 me
3340 3345 3447 3400 lin-

1881 3447 1984 3504 gua
2006 3431 2195 3487 dolosa
2223 3438 2277 3486 et
2307 3433 2658 3488 sermonibus
2686 3433 2797 3488 odii
2824 3434 3301 3492 circumdederunt
3334 3452 3469 3501 me,.

1879 3534 1932 3581 et
1958 3532 2409 3596 Oppugnaverunt
2436 3541 2524 3581 me
2556 3525 2727 3597 gratis
2756 3546 2770 3582 :
2804 3546 2826 3585 ι
2859 3528 2953 3583 ubi
2988 3544 3112 3585 cum
3157 3529 3277 3600 ipso
3301 3529 3461 3587 Iuda.

1880 3616 2044 3672 etiam
2090 3617 2429 3687 reliquorum
2475 3617 2743 3686 meminit,
2777 3618 2870 3689 qui
2899 3618 3005 3689 ipsi
3037 3619 3265 3678 insidias
3297 3620 3443 3677 fece-

1880 3716 2028 3763 runt.
2052 3705 2239 3780 Itaque
2269 3710 2448 3781 ipsum
2473 3707 2827 3779 Evangelium
2857 3717 3066 3775 narrat,
3088 3711 3444 3782 quemadmo-

1880 3798 2008 3855 dum
2039 3798 2319 3856 Salvatore
2346 3793 2537 3856 nostro
2570 3815 2703 3856 suos
2733 3801 2913 3865 adhuc
2940 3802 3249 3873 alloquente
3275 3804 3445 3862 disci-

1878 3892 2058 3961 pulos,
2093 3892 2185 3948 ille
2227 3894 2473 3948 venerit:
2508 3910 2527 3945 ι
2558 3890 2722 3958 Ecce,
2768 3893 2966 3965 inquit,
2998 3891 3168 3950 Judas
3204 3912 3346 3953 unus
3375 3896 3443 3954 de

1880 3976 2167 4033 duodecim
2194 3979 2366 4045 venit,
2402 3986 2456 4035 et
2497 3994 2623 4034 cum
2664 3993 2730 4033 eo
2776 3981 2937 4035 turba
2968 3980 3137 4035 multa
3178 3997 3301 4037 cum
3335 3983 3443 4055 gla-

1878 4070 1983 4126 diis
2012 4076 2065 4125 et
2094 4068 2277 4140 lignis,
2312 4085 2343 4126 a
2376 4070 2720 4142 principibus
2754 4071 3098 4127 sacerdotum
3123 4083 3176 4129 et
3211 4076 3445 4131 seniori-

1876 4162 1981 4220 bus
2031 4164 2213 4234 populi
2254 4164 2318 4221 ⁸³.
2361 4183 2381 4217 ι
2453 4163 2663 4231 Quibus
2721 4167 2883 4221 etiam
2938 4166 3200 4224 Dominus
3256 4158 3465 4226 dixit:

1883 4275 1903 4309 ι
1938 4256 2220 4327 Tanquam
2250 4256 2315 4313 ad
2343 4259 2608 4314 latronem
2639 4259 2887 4315 exivistis
2918 4276 3042 4315 cum
3070 4262 3267 4332 gladiis
3288 4270 3342 4319 et
3373 4262 3442 4316 li-

217 4348 333 4417 ὲγὼ
359 4349 413 4402 δὲ
448 4354 893 4426 προσηυχόμην·›
932 4354 1061 4409 αὐτὸ
1105 4355 1289 4418 τέλους
1324 4356 1633 4427 ἐτύγχανεν,
1664 4359 1773 4424 ὅτε,

1880 4349 2000 4419 gnis
2040 4350 2501 4419 comprehendere
2541 4350 2663 4405 me?
2690 4350 2934 4420 quotidie
2968 4353 3107 4421 apud
3155 4367 3252 4407 vos
3285 4352 3444 4408 sede-

214 4441 315 4495 τοῦ
348 4442 594 4514 Σωτῆρος
626 4444 781 4515 ήμῶν
811 4446 869 4499 ἐν
895 4445 1316 4518 τῷκαλουμένῳ
1340 4448 1380 4499 Γ
1382 4448 1660 4522 εθσημανῇ
1683 4469 1777 4521 χω-

1879 4438 2002 4493 bam
2031 4437 2086 4492 in
2132 4438 2334 4509 templo
2376 4437 2600 4501 docens,
2644 4447 2697 4494 et
2735 4456 2844 4495 non
2886 4442 3139 4497 tenuistis
3186 4458 3289 4497 me.
3328 4442 3445 4497 Hoc

218 4532 324 4603 ρίῳ
356 4532 489 4603 μετά
513 4532 619 4586 τῶν
651 4534 839 4588 ἕνδεκα
871 4536 1182 4591 ἀποστόλων
1216 4540 1669 4610 προσευχομένου,
1700 4560 1784 4612 μι-

217 4625 352 4696 κρόν
390 4641 447 4677 τε
499 4626 949 4699 ἀναχωρήσαντος
992 4630 1190 4694 αὐτῶν,
1239 4631 1333 4683 καὶ⁵
1382 4634 1782 4702 προσπεσόντος

216 4716 296 4787 τῷ
326 4718 518 4789 Πατρὶ,
546 4719 791 4792 δεύτερόν
822 4738 880 4774 τε
914 4721 1210 4794 εὐξαμένου
1238 4724 1330 4777 καὶ
1355 4724 1553 4796 τρίτον,
1585 4728 1613 4779 ὁ
1653 4726 1781 4781 Ἰού-

216 4809 317 4872 δας
346 4812 440 4864 σὺν
468 4814 578 4875 τοῖς
603 4812 827 4883 ἄρχουσι
852 4813 956 4867 τῶν
995 4812 1256 4868 Ἰουδαίων
1276 4815 1344 4869 τὰ
1369 4817 1467 4887 τῆς
1492 4817 1780 4889 ἐπιϐουλῆς

217 4901 370 4970 αὐτῷ
401 4904 690 4974 κατήρτυε,
737 4904 983 4972 συνάγων
1015 4904 1111 4958 καὶ
1160 4905 1429 4977 προξενῶν
1475 4908 1534 4960 τὸ
1581 4908 1779 4979 πλῆθος

217 4991 333 5045 τῶν
363 4995 495 5062 μετά
527 4995 805 5067 μαχαιρῶν
829 4995 920 5050 καὶ
939 4995 1106 5063 ξύλων
1130 4997 1407 5051 συλλαϐεῖν
1434 4998 1593 5052 αὑτὸν
1622 5016 1783 5071 παρε-

217 5086 623 5155 σκευασμένων.
668 5087 828 5141 Κακά
857 5088 914 5141 δὲ
950 5091 1029 5152 εἰς
1073 5089 1234 5143 αὑτὸν
1278 5089 1461 5143 ἔθεντο
1496 5090 1615 5144 ἀντὶ
1647 5090 1782 5159 ἀγα-

214 5174 349 5239 θῶν,
391 5178 483 5229 καὶ
515 5180 667 5247 μῖσος
702 5180 821 5234 ἀντὶ
852 5180 952 5251 τῆς
982 5182 1311 5253 ἀγαπήσεως
1343 5181 1528 5248 αὑτοῦ,
1562 5183 1649 5237 ὅτε
1692 5200 1782 5238 πο·

210 5263 361 5336 νηρά
399 5264 710 5321 διετέθειντο
734 5268 825 5322 τὸν
863 5271 1087 5343 Σωτῆρα
1120 5272 1212 5325 καὶ
1240 5272 1529 5344 εὐεργέτην
1568 5274 1660 5327 καὶ
1691 5274 1771 5328 δι-

211 5357 505 5423 δάσκαλον,
541 5361 736 5433 μυρίας
767 5363 897 5426 ὅσας
931 5364 1101 5428 ίάσεις
1128 5363 1221 5418 καὶ
1259 5363 1570 5435 θεραπείας,
1600 5365 1772 5435 λόγων

291 5544 567 5614 Ἶὺῑιιῑιῑι.
604 5562 765 5609 τινι,
803 5548 889 5612 ii,
932 5548 1015 5603 15.
1092 5548 1137 5578 ⁸⁸
1176 5547 1308 5600 ibid.
1339 5546 1542 5614 2|,22.
1622 5548 1666 5581 "
1707 5548 1777 5604 ibi

1879 5546 1966 5602 25.
2044 5545 2088 5579 ⁸⁸
2131 5544 2262 5601 ibid.
2296 5544 2385 5599 48.
2463 5546 2503 5576 “
2548 5542 2679 5600 ibid.
2713 5543 2800 5599 49.

221 5610 283 5690 σε,
311 5613 499 5671 Matth.
537 5632 696 5685 xxvr,
733 5618 822 5675 ιτ.
877 5610 942 5652 ⁷οι
979 5617 1109 5673 ibid.
1143 5617 1230 5687 55,
1254 5618 1341 5674 56.

1873 4536 2054 4585 autem
2089 4537 2261 4584 totum
2303 4529 2505 4586 factum
2553 4538 2659 4595 est,
2692 4540 2753 4587 ut
2783 4533 3114 4603 impleantur
3146 4532 3447 4604 Scriptura:

1877 4624 2263 4695 prophetarum
2281 4624 2346 4680 “.
2377 4642 2395 4677 ι
2421 4623 2687 4680 Praeterea
2710 4642 2838 4682 vero
2855 4627 3001 4697 quod
3027 4628 3173 4682 aitin
3192 4629 3437 4698 psalmo:

1883 4737 1901 4771 ι
1931 4717 2039 4773 Pro
2083 4734 2149 4774 eo
2185 4726 2244 4774 ut
2277 4734 2364 4774 me
2391 4719 2700 4790 diligerent,
2742 4722 3097 4777 detrahebant
3144 4722 3299 4784 mibi,
3339 4738 3447 4793 ego

1878 4817 2057 4864 autem
2098 4811 2362 4866 orabam:
2401 4830 2419 4863 ι
2458 4812 2636 4882 ipsum
2670 4829 2885 4883 quoque
2915 4822 3045 4866 tunc
3090 4828 3249 4867 suum
3280 4813 3439 4868 ﬁnem

1877 4901 2124 4973 contigit,
2156 4917 2281 4958 cum
2324 4901 2607 4960 Salvatore
2649 4914 2839 4960 nostro
2869 4906 2921 4959 in
2955 4905 3076 4961 loco
3113 4905 3207 4975 qui
3235 4904 3441 4961 dicitur

1877 4991 2227 5051 Gethsemani
2262 5010 2383 5050 cum
2418 4995 2669 5051 undecim
2702 4996 2964 5067 apostolis
2996 5006 3208 5059 orante,
3244 4997 3439 5067 paulu-

1877 5085 2101 5157 lumque
2136 5086 2206 5142 ab
2250 5085 2359 5141 illis
2404 5086 2653 5156 digresso
2700 5093 2759 5139 ut
2813 5086 3180 5157 procumbens
3222 5085 3447 5143 Patrem-

1878 5185 2215 5249 precaretur,
2244 5177 2549 5247 iterumque
2587 5187 2641 5231 et
2671 5176 2831 5231 tertio
2878 5175 3238 5247 supplicante,
3268 5175 3445 5235 ludas-

1880 5285 2003 5326 cum
2030 5270 2371 5341 principibus
2400 5266 2711 5324 Iudaeorum
2754 5267 2983 5323 insidias
3014 5266 3093 5322 illi
3120 5268 3443 5332 maturavit.

1879 5362 2007 5419 dum
2040 5366 2184 5435 cogit
2220 5364 2336 5434 ipse
2362 5370 2416 5419 et
2445 5361 2703 5419 conducit
2729 5361 2917 5433 copias
2942 5374 3064 5433 qua:
3094 5373 3219 5417 cum
3238 5359 3440 5433 gladiis

2912 5544 2955 5578 “
2994 5540 3126 5601 Luc.
3160 5558 3272 5599 ml
3293 5580 3311 5611 ,
3338 5540 3432 5599 48.
