3922 6200
464 220 571 289 789
588 218 601 227 ’

1097 223 1363 283 EUSEBII
1399 217 1880 280 ελεδΑιιιεΝειδ
1919 216 2067 274 OPP.
2107 214 2286 272 PARS
2313 214 2379 270 ll.
2419 246 2487 256 —
2529 212 3024 272 APOLOGETICA.

3584 214 3717 273 τισ

459 355 519 405 et
573 346 831 411 fustibus,
885 349 949 397 ut
1001 340 1155 396 illum
1211 337 1761 412 comprehenderent,
1824 343 2021 406 parata

2127 348 2186 386 τε
2215 330 2578 396 διδασκαλίας,
2618 331 2713 385 καὶ
2745 330 3004 395 παντοίας
3034 326 3300 401 ὠφελείας
3328 330 3511 396 αὐτοῖς
3552 348 3705 406 παρ-

457 446 638 500 erant.
681 435 835 491 Tunc
882 440 1063 489 autem
1110 431 1253 487 mala
1286 431 1550 487 adversus
1590 430 1772 502 ipsum
1822 442 2024 498 posue-

458 538 591 590 runt
613 543 712 601 pro
738 526 920 591 bonis,
950 532 1006 582 et
1028 525 1213 581 odium
1243 538 1344 595 pro
1364 522 1657 579 dilectione
1679 520 1874 592 ipsius,
1899 534 2024 575 cum

457 619 619 677 malis
650 615 950 673 aﬂ'ecerunt
980 615 1157 687 ipsum
1186 613 1523 669 Salvatorem
1553 620 1607 668 et
1634 613 1772 667 bene
1797 611 1865 667 de
1891 611 2024 681 ipsis

457 713 739 776 meritum,
773 719 829 767 et
866 709 1211 781 magistrum,
1253 708 1346 778 qui
1394 703 1818 761 innumerabiles
1860 718 2024 760 sana-

458 803 638 858 tiones
675 809 731 856 et
780 800 1046 863 medelas,
1094 810 1521 866 sermonumque
1569 793 1916 858 documenta,
1972 799 2027 847 et

456 895 638 949 omnis
674 892 892 957 generis
936 890 1198 946 utilitates
1229 889 1365 960 ipsis
1384 888 1709 959 praestiterat
1734 906 1747 940 :
1775 900 1915 956 quas
1953 886 2025 940 ob

457 998 549 1040 res
581 998 705 1039 cum
736 983 879 1037 mala
908 997 1007 1054 pro
1026 982 1186 1037 bonis
1219 982 1484 1036 adversus
1510 981 1687 1050 ipsum
1716 980 2020 1050 posuerint,

457 1083 512 1132 et
551 1076 737 1131 odium
776 1089 878 1146 pro
923 1073 1217 1129 dilectione
1256 1072 1448 1142 ipsius,
1497 1072 1692 1126 merito
1724 1069 1971 1141 adjungit
2002 1088 2018 1125 :

463 1182 485 1216 σ
519 1163 801 1221 Constitne
833 1179 1000 1236 super
1018 1179 1144 1219 eum
1170 1169 1536 1234 peccatorem,
1565 1170 1620 1217 et
1643 1162 1895 1217 diabolus
1917 1170 2027 1216 stet

458 1272 490 1312 a
516 1258 727 1314 dextris
774 1258 914 1328 ejus.
962 1256 1097 1311 Dum
1129 1256 1438 1326 judicatur,
1493 1263 1652 1311 exeat
1690 1256 2023 1311 condemna-

456 1358 566 1414 tus,
608 1356 662 1405 et
705 1350 883 1404 oratio
939 1350 1060 1419 ejus
1100 1348 1194 1403 ﬁat
1244 1349 1301 1402 in
1351 1358 1657 1418 peccatum.
1702 1346 1861 1403 Fiant
1903 1347 2021 1402 dies

453 1442 576 1513 ejus
612 1444 791 1513 pauci,
837 1450 890 1497 et
937 1442 1309 1513 episcopatum
1360 1441 1479 1509 ejus
1518 1441 1750 1510 accipiat
1800 1440 1957 1495 alter.
1995 1458 2014 1492 ι

455 1534 588 1602 Qua:
627 1536 845 1604 quidem
881 1534 999 1605 ipsa
1039 1549 1200 1604 quem
1248 1534 1452 1588 exitum
1497 1533 1691 1588 sortita
1724 1534 1854 1597 sint,
1892 1547 2024 1586 san-

454 1634 581 1681 ctus
627 1626 907 1696 apostolus
952 1624 1147 1680 Petrus
1195 1625 1357 1695 paulo
1407 1633 1533 1680 ante
1573 1624 1854 1685 indicavit,
1892 1623 2020 1677 dum

456 1691 796 1786 Scripturam
814 1715 955 1770 hanc
972 1715 1037 1769 ad
1059 1691 1237 1787 ipsum
1263 1715 1592 1786 proditorem
1621 1714 2015 1771 accommodat.
2051 1691 2094 1748 Β

452 1806 523 1863 Et
550 1823 680 1863 sane
725 1809 823 1862 tibi
858 1808 959 1878 ipsi
1011 1808 1227 1861 interim
1259 1808 1387 1862 licet
1428 1808 1649 1875 intueri,
1691 1823 1819 1863 num
1855 1820 2020 1879 super

452 1896 738 1953 Iudaicam
775 1907 988 1970 gentem
1033 1899 1364 1955 constitutus
1407 1899 1479 1955 sit
1524 1898 1779 1970 princeps
1813 1913 1877 1953 ac
1908 1898 2019 1953 dux

454 1999 743 2062 peccator,
816 1991 905 2047 cui
965 1991 1215 2046 videlicet
1270 2000 1393 2061 post
1474 1993 1681 2049 scelera
1754 1992 2019 2047 adversus

452 2082 790 2139 Salvatorem
844 2090 1088 2139 nostrum
1128 2085 1492 2141 audacissime
1551 2085 1865 2150 commissa,
1908 2094 2022 2141 tra-

454 2174 552 2230 diti
605 2181 772 2239 sunt,
826 2174 1044 2229 interim
1091 2189 1192 2244 pro
1244 2176 1489 2246 antiquis
1527 2184 1582 2230 et
1625 2175 1871 2247 ipsorum
1915 2174 2021 2230 do-

452 2266 698 2322 mesticis
768 2264 987 2337 Deoque
1057 2266 1249 2321 amicis
1322 2266 1701 2337 principibus,
1772 2267 2018 2324 externis

450 2358 618 2433 477
646 2366 701 2414 et
729 2360 1022 2413 simulacra
1065 2358 1374 2413 colentibus
1414 2359 1620 2415 servire
1657 2359 1856 2415 coacti.
1901 2359 2020 2415 Cae-

455 2456 633 2506 terum
674 2451 799 2521 quis
840 2449 1057 2505 tandem
1104 2464 1214 2505 non
1260 2451 1615 2521 Obstupescat
1668 2451 1841 2521 ipsius
1886 2465 2020 2521 prae-

450 2544 712 2600 dictionis
756 2544 1053 2599 eventum?
1100 2559 1225 2599 nam
1275 2559 1399 2599 cum
1447 2544 1732 2599 oraculum
1779 2544 2013 2611 dixerit,

457 2635 666 2691 «Fiant
687 2636 803 2691 dies
827 2636 946 2706 ejus
972 2635 1162 2706 pauci,
1195 2655 1213 2688 ι
1236 2644 1452 2692 constat
1476 2637 1635 2707 plane
1664 2650 1825 2706 quam
1852 2637 2017 2693 breve

452 2736 577 2801 post
603 2735 840 2783 structas
869 2727 1134 2783 adversus
1165 2726 1502 2783 Salvatorem
1530 2736 1776 2783 nostrum
1809 2728 1878 2783 ab
1908 2730 2015 2784 illis

453 2817 712 2883 insidias,
760 2831 923 2872 onmc
973 2817 1138 2872 fuerit
1186 2825 1432 2887 tempus,
1482 2832 1592 2887 quo
1640 2832 1864 2873 manere
1909 2817 2015 2873 visi

453 2919 602 2968 sunt.
643 2909 774 2966 Post
817 2908 965 2981 quod
1007 2918 1221 2981 tempus
1258 2911 1615 2966 novissimam
1652 2912 2014 2965 vastationem

451 3008 866 3073 extremumque
896 3003 1184 3057 interitum
1213 3003 1362 3073 passi
1404 3011 1572 3066 sunt,
1602 3016 1668 3057 ex
1700 3015 1809 3071 quo
1846 3002 2013 3057 etiam

451 3095 828 3166 episcopatum
876 3108 1069 3151 eorum
1115 3096 1326 3165 accepit
1370 3095 1527 3161 alter,
1575 3092 1831 3149 conditus
1876 3093 2018 3149 vide-

450 3191 583 3249 licet
606 3202 710 3261 per
736 3188 1015 3246 Christum
1047 3204 1223 3244 novus
1260 3187 1513 3259 pupulas.
1541 3185 1715 3242 Porro
1742 3187 1905 3242 etiam
1938 3201 2021 3242 re-

451 3283 600 3355 liqua
618 3282 782 3354 hujus
804 3284 999 3354 psalmi
1021 3283 1204 3338 omnia
1231 3296 1327 3353 per
1352 3281 1547 3337 horum
1572 3280 1817 3352 ipsorum
1842 3294 2021 3336 exen-

449 3377 573 3448 plar
604 3378 872 3449 intelliges
904 3395 918 3432 :
951 3391 1072 3448 quae
1118 3392 1248 3432 vero
1292 3387 1620 3447 sequuntur,
1650 3384 1704 3430 et
1747 3374 1904 3445 quasi
1951 3373 2021 3430 de

449 3466 781 3541 quibusdam
829 3466 984 3524 Iudae
1026 3468 1154 3523 filiis
1193 3467 1304 3523 dici
1333 3465 1611 3532 videntur,
1643 3466 1754 3523 illis
1786 3464 1971 3521 verbis
1999 3482 2013 3518 :

458 3579 479 3612 ι
502 3559 667 3615 Fiant
705 3559 806 3615 ﬁlii
850 3559 973 3631 ejus
1017 3558 1253 3630 orpliani
1281 3557 1350 3622 “,
1380 3575 1399 3608 ι
1426 3565 1483 3613 et
1512 3568 1870 3627 quaecumque
1912 3555 2021 3609 alia

452 3651 542 3710 itis
576 3652 775 3710 similia
807 3659 968 3717 sunt,
1003 3651 1315 3707 referentur
1347 3649 1527 3721 primo
1557 3647 1777 3720 quidem
1807 3648 1930 3703 loco
1961 3647 2019 3701 in

451 3744 633 3818 ipsum
661 3742 859 3800 Iudam
882 3786 897 3812 ,
931 3752 1054 3816 post
1086 3745 1238 3800 illum
1268 3756 1398 3799 vero
1426 3741 1593 3799 etiam
1624 3741 1683 3796 in
1710 3755 1903 3796 omnes
1942 3740 2022 3795 illi

454 3838 666 3897 similes
711 3840 952 3893 salutare
1001 3836 1226 3892 verbum
1274 3835 1597 3908 prodentes.
1639 3831 1845 3888 Eadem
1885 3846 2019 3888 vero

452 3934 671 3988 ratione
708 3931 982 4004 intelliges
1024 3945 1251 3986 uxorem
1282 3944 1502 4000 quoque
1529 3926 1651 3998 ejus
1672 3965 1688 3991 ,
1717 3934 1772 3981 et
1800 3934 2023 3996 peccata

453 4026 661 4099 patris,
691 4032 747 4081 et
790 4024 907 4095 ejus
936 4038 1057 4094 quae
1102 4023 1275 4093 ipsius
1313 4030 1492 4077 mater
1520 4019 1743 4084 dicitur,
1784 4015 2026 4072 Iudaicae

453 4117 637 4190 gentis
668 4115 923 4170 videlicet
950 4112 1415 4185 congregationis.
1458 4110 1536 4169 De
1572 4110 1676 4166 hac
1703 4111 1848 4165 enim
1883 4108 2025 4164 arbi-

455 4210 575 4266 tror
601 4209 725 4265 dici-
746 4207 919 4262 illud:
958 4225 976 4259 ι
1008 4205 1075 4260 Ει
1108 4210 1392 4276 peccatum
1419 4205 1617 4259 matris
1646 4204 1767 4274 ejus
1799 4217 1907 4258 non
1934 4202 2025 4258 de-

454 4301 634 4358 leatur
660 4300 727 4354 “.
761 4318 780 4350 ι
806 4297 1196 4352 Verumtamen
1242 4297 1386 4352 sicut
1427 4296 1485 4351 in
1527 4309 1593 4350 ea
1620 4310 1742 4365 qua:
1776 4294 2024 4365 proxime

2122 423 2425 496 εσχημένον
2444 441 2457 454 ’
2488 423 2605 479 ἀνθ’
2655 417 2753 489 ὧν,
2782 424 3079 495 ἐπειδήπερ
3122 421 3267 477 κακά
3312 423 3433 476 ἀντὶ
3471 424 3709 492 ἀγαθῶν

2123 512 2306 567 ἔθεντο
2348 514 2468 568 κατ’
2506 512 2695 578 αὐτοῦ,
2739 513 2832 568 καὶ
2873 516 3027 585 μῖσος
3071 512 3191 567 ἀντὶ
3234 513 3335 584 τῆς
3366 515 3707 585 ἀγαπήσεως

2123 606 2308 670 αὐτοῦ,
2354 607 2579 671 εἰκότως
2620 606 2893 676 ἐπιλέγει·
2945 626 2966 658 ‹
3015 607 3370 678 Κατάστησον
3408 609 3493 661 ἐπ’
3528 608 3710 662 αὑτὸν

2122 698 2460 773 ἁμαρτωλὸν,
2488 701 2582 754 καὶ
2613 699 2856 763 διάϐολος
2890 700 3071 772 στήτω
3090 700 3157 754 ἐκ
3181 699 3371 766 δεξιῶν
3392 700 3574 754 αὐτοῦ.
3607 701 3708 755 Ἐν

2121 792 2201 865 τῷ
2251 793 2531 865 κρίνεσθαι
2572 793 2730 847 αὐτὸν
2764 792 2970 860 ἐξέλθοι
3010 791 3554 863 καταδεδικασμένος,
3598 793 3709 847 καὶ

2123 888 2157 959 ή
2203 886 2478 959 προσευχὴ
2526 885 2690 940 αὐτοῦ
2732 885 3013 957 γενηθήτω
3060 886 3140 949 είς
3182 886 3474 956 ἁμαρτίαν.
3523 887 3561 938 Γ
3563 902 3703 958 ἐντι-

2122 977 2370 1048 θήτωσαν
2411 980 2468 1032 αί
2518 979 2719 1051 ἡμέραι
2763 977 2927 1031 αὐτοῦ
2967 977 3163 1046 ὀλίγαι,
3205 978 3299 1032 καὶ
3327 980 3425 1050 τὴν
3464 980 3707 1032 ἐπισκο-

2123 1071 2230 1144 πὴν
2259 1070 2423 1127 αὐτοῦ
2459 1071 2670 1125 λαύέτω
2697 1071 2916 1143 ἔτερος·
2953 1090 2973 1122 ι
3017 1069 3055 1123 ἃ
3096 1070 3191 1125 καὶ
3224 1070 3363 1124 αὐτὰ
3392 1072 3581 1125 ὁποίαν
3613 1072 3706 1124 ει-

2121 1167 2259 1237 ληφε
2296 1167 2395 1239 τὴν
2440 1165 2732 1230 ἐκϐασιν,ό
2766 1166 2910 1237 ίερδς
2950 1164 3245 1228 ἀπόστολος
3294 1164 3498 1235 Πέτρος
3550 1182 3706 1236 προ-

2120 1255 2298 1311 λαϐὼν
2343 1256 2690 1329 διεσάφησεν,
2731 1258 2817 1309 ἐπ’
2861 1256 3022 1311 αὐτὸν
3070 1257 3329 1327 προδότην
3374 1258 3708 1330 ἐφαρμόσας

2119 1346 2217 1419 τὴν
2265 1347 2508 1419 Γραφήν.
2543 1348 2651 1400 Καί
2699 1365 2779 1401 σοι
2815 1347 2871 1402 δὲ
2910 1346 3056 1419 αὐτῷ
3087 1350 3315 1419 πάρεστι
3359 1352 3614 1421 συνορᾷν,
3650 1350 3705 1403 εί

2123 1440 2199 1512 μὴ
2229 1440 2557 1494 καθέσταται
2603 1442 2695 1494 ἐπὶ
2743 1440 2815 1494 rb’
2855 1440 3124 1495 Ἰουδαίων
3169 1440 3320 1504 ἔθνος
3367 1442 3545 1512 ἄρχων
3594 1443 3703 1496 καὶ

2121 1534 2423 1606 ἡγούμενος
2449 1533 2792 1606 ἁμαρτωλὸς,
2813 1525 2857 1603 ᾧ
2884 1532 3021 1605 μετά
3044 1533 3113 1587 τὰ
3135 1532 3469 1604 τολμηθέντα
3502 1535 3706 1599 αὐτοῖς

2121 1626 2262 1681 κατά
2312 1625 2407 1680 τοῦ
2466 1626 2716 1698 Σωτῆπ
2760 1627 2917 1699 ἡμῶν
2964 1626 3356 1698 παρεδόθησαν,
3400 1628 3520 1680 ἀντὶ
3578 1626 3705 1680 τῶν

2123 1717 2294 1772 πάλαι
2336 1716 2549 1772 οἰκείων
2607 1720 2701 1772 καὶ
2747 1718 3007 1789 θεοφιλῶν
3057 1720 3330 1793 ἀρχόντων
3373 1719 3702 1790 ἀλλοφύλοις

2124 1814 2219 1868 καὶ
2253 1808 2661 1884 εἰδωλολάτραις
2702 1812 2969 1867 δουλεύειν
3020 1812 3541 1884 κατηναγκασμένοι.
3595 1813 3705 1878 Τις

2123 1905 2168 1960 δ’
2190 1906 2289 1959 οὐκ
2312 1904 2376 1959 ἂν
2392 1904 2689 1976 θαυμάσειε
2712 1906 3066 1977 προρρήσεως
3090 1904 3152 1958 τὸ
3180 1903 3518 1974 ἀποτέλεσμα
3538 1921 3554 1968 ς
3592 1906 3708 1975 φή-

2126 2013 2316 2061 σαντος
2352 1995 2463 2068 γὰρ
2497 1996 2591 2050 τοῦ
2631 1996 2789 2066 λόγου
2812 2015 2827 2029 ο
2879 2015 2898 2047 ι
2939 1995 3332 2068 Τενηθήτωσαν
3377 1998 3432 2050 al
3484 1998 3707 2069 ἡμέραι

2066 2158 2073 2171 ,
2124 2089 2286 2144 αὐτοῦ
2320 2089 2525 2159 ὀλίγαι,
2560 2109 2578 2143 i
2617 2091 2785 2158 σαφὲς
2819 2090 2967 2153 ὅπως
3005 2088 3255 2160 βραχὺςό
3291 2091 3398 2154 πᾶς
3423 2089 3707 2158 διεγένετο

2127 2181 2265 2254 μετὰ
2282 2181 2378 2254 τὴν
2400 2183 2493 2236 τοῦ
2513 2182 2760 2253 Σωτῆρος
2784 2182 2817 2252 ἡ
2825 2181 2942 2253 μῶν
2964 2180 3252 2252 ἐπιὸουλὴν
3276 2180 3455 2235 αὐτῶν
3476 2181 3701 2253 χρόνος,

2123 2274 2245 2329 καθ’
2275 2274 2334 2328 ὃν
2367 2273 2549 2339 ἔδοξαν
2592 2273 2864 2344 διαμένειν
2887 2290 2902 2306 ·
2936 2272 3052 2345 μεθ’
3081 2273 3142 2327 ὃν
3169 2273 3269 2346 τὴν
3308 2273 3544 2344 ὑστάτην
3597 2275 3703 2328 ὑπ-

2122 2367 2341 2438 έμειναν
2388 2365 2701 2437 πολιορκίαν
2736 2367 2830 2425 καὶ
2851 2365 2948 2438 τὴν
2979 2364 3216 2437 παντελῆ
3242 2365 3581 2438 καθαίρεσιν,
3609 2366 3699 2437 ἐφ’

2122 2453 2156 2529 ᾖ
2210 2459 2303 2513 καὶ
2350 2454 2449 2530 τὴν
2494 2458 2794 2530 ἐπισκοπὴν
2833 2458 3013 2513 αὐτῶν
3053 2458 3242 2514 ἐλαϐεν
3290 2458 3496 2530 ἔτερος,
3525 2459 3556 2512 ὁ
3608 2459 3701 2513 διὰ

2121 2549 2356 2622 Χριστοῦ
2387 2550 2794 2624 συγκροτηθείς.
2834 2551 2944 2605 Καὶ
2979 2550 3049 2605 τὰ
3075 2550 3234 2606 λοιπὰ
3261 2551 3319 2605 δέ
3352 2550 3448 2605 τοῦ
3479 2550 3695 2624 ψαλμοῦ

2122 2642 2303 2706 αὐτοῖς
2337 2641 2545 2707 τούτοις
2583 2634 2933 2715 καταλλήλως
2971 2644 3216 2714 νοήσεις·
3248 2642 3319 2697 τὰ
3345 2643 3405 2697 δὲ
3433 2642 3603 2713 ἑξῆς,
3623 2644 3699 2709 ὡς

2121 2733 2247 2805 περί
2272 2748 2432 2787 τινων
2464 2733 2593 2788 υἱῶν
2621 2733 2715 2787 τοῦ
2757 2733 2923 2788 Ἰούδα
2948 2732 3230 2804 λεγόμενα,
3261 2733 3319 2787 ἐν
3344 2733 3454 2805 τῷ,
3482 2752 3502 2785 ι
3527 2734 3697 2806 Γενηο

2123 2822 2374 2894 θήτωσαν
2404 2825 2453 2878 οί
2494 2826 2601 2878 υἱοὶ
2629 2825 2795 2878 αὐτοῦ
2837 2825 3093 2898 ὀρφανοὶ,
3134 2844 3153 2876 ι
3188 2824 3377 2878 καὶτὰ
3406 2826 3697 2897 παραπλήο

2123 2928 2247 2981 σια,
2284 2912 2524 2982 ἀνάγοιτ’
2556 2914 2622 2967 ἂν
2668 2915 2761 2967 καὶ
2800 2914 2887 2967 ἐπ’
2924 2914 3085 2968 αὐτὸν
3137 2914 3233 2985 μὲν
3267 2916 3695 2987 προηγουμένως

2120 3003 2211 3058 τὸν
2259 3004 2477 3073 Ἰούδαν,
2537 3006 2654 3077 μετ’
2696 3007 2902 3060 ἐκεῖνον
2953 3005 3011 3060 δὲ
3054 3007 3148 3060 καὶ
3184 3006 3279 3059 ἐπὶ
3323 3010 3541 3071 πάντας
3574 3009 3696 3072 τοὺς

2118 3098 2335 3170 ὁμοίους
2401 3098 2549 3170 αὐτῷ
2613 3098 2705 3153 τὸν
2780 3100 3045 3172 σωτήριον
3104 3096 3259 3168 λόγον
3322 3099 3692 3172 προδιδόντας.

2117 3190 2481 3264 Καταλλήλως
2515 3190 2573 3245 δέ
2618 3191 2834 3264 νοήσεις
2869 3191 2963 3246 καὶ
2989 3191 3089 3263 τὴν
3118 3192 3354 3261 γυναῖκα
3382 3191 3577 3259 αὐτοῦ,
3606 3192 3697 3246 καὶ

2114 3282 2214 3348 τὰς
2234 3285 2503 3356 ἁμαρτίας
2528 3282 2635 3337 τῶν
2664 3283 2914 3355 πατέρων
2932 3282 3118 3347 αὐτοῦ,
3146 3284 3241 3338 καὶ
3266 3284 3370 3356 τῆς
3397 3284 3701 3357 λεγομένης

2119 3376 2320 3448 μητρὸς
2348 3374 2515 3430 αὐτοῦ
2538 3419 2554 3444 ,
2583 3375 2684 3446 τῆς
2708 3375 2803 3430 τοῦ
2845 3375 3107 3430 Ἰουδαίων
3133 3375 3317 3441 ἔθνους
3348 3378 3694 3448 συναγωγῆς.

2117 3469 2253 3541 Περὶ
2279 3468 2450 3539 αὐτῆς
2477 3467 2587 3541 γὰρ
2612 3467 2853 3540 ἡγοῦμαι
2879 3468 3131 3538 λέγεσθαι
3157 3469 3238 3534 τὸ,
3264 3488 3284 3521 ι
3311 3470 3425 3523 Καὶ
3455 3472 3491 3542 ἡ
3514 3472 3697 3542 ἀμαρ-

2116 3560 2209 3614 τία
2237 3558 2336 3630 τῆς
2357 3559 2562 3631 μητρὸς
2586 3559 2751 3613 αὑτοῦ
2784 3559 2858 3633 μὴ
2886 3560 3243 3634 ἐξαλειφθείη.
3275 3580 3293 3613 ι
3327 3562 3481 3636 Πλὴν
3511 3562 3697 3633 ὥσπερ

2118 3653 2177 3706 ἐν
2202 3653 2268 3723 τῇ
2303 3651 2410 3724 πρὸ
2432 3650 2635 3723 ταύτης
2668 3653 2972 3725 προφητείᾳ
2999 3653 3214 3724 πτωχὸς
3243 3654 3339 3708 καὶ
3366 3654 3545 3726 πένης
3562 3655 3695 3708 ὦνον

2122 3739 2321 3815 μάζετο
2366 3743 2396 3795 ό
2438 3741 2631 3814 Σωτὴρ
2676 3743 2770 3796 καὶ
2808 3741 3011 3815 Κύριος
3055 3743 3241 3815 ἡμῶν,
3289 3743 3549 3817 καθάπερ
3595 3745 3701 3798 ἀπο

2120 3830 2400 3903 εδείξαμεν
2426 3831 2487 3885 ἐν
2513 3831 2625 3903 τῷ,
2662 3852 2681 3885 ι
2716 3832 3000 3906 Μακάριος
3032 3836 3062 3889 ὸ
3108 3832 3302 3888 συνιὼν
3346 3835 3443 3887 ἐπὶ
3483 3834 3699 3906 πτωχδν

2120 3922 2216 3976 καὶ
2253 3922 2479 3994 πένητα·
2516 3941 2539 3973 ο
2571 3921 2663 3975 τὸν
2691 3922 2852 3976 αὐτὸν
2888 3923 3088 3993 τρόπον
3117 3924 3211 3979 καὶ
3249 3924 3312 3977 ἐν
3346 3923 3430 3995 τῷ
3466 3925 3697 3997 παρόντι

2120 4013 2319 4086 ψαλμῷ
2358 4013 2568 4078 τούτοις
2606 4014 2959 4087 ἐπικέκληται
3001 4020 3115 4080 τοῖς
3143 4016 3393 4088 ὀνόμασι.
3414 4017 3557 4070 Τάδε
3590 4017 3698 4090 γὰρ

2122 4108 2216 4162 καὶ
2247 4107 2371 4162 τάδε
2388 4107 2765 4180 γενηθήτωτῷ
2793 4108 2982 4172 Ἰούδα,
2998 4111 3093 4162 καὶ
3118 4113 3229 4173 τοῖς
3255 4110 3326 4163 τὰ
3347 4111 3514 4182 ὃμοια
3549 4110 3699 4182 αὐτῷ

2121 4202 2416 4278 ἐζηλωκόσι
2456 4203 2545 4258 διὰ
2578 4202 2648 4259 τὰ
2672 4203 3047 4276 τετολμημένα
3070 4202 3219 4274 αύτῷ
3238 4245 3252 4271 ,
3283 4204 3439 4276 φησί.
3471 4206 3609 4260 Τίνα
3642 4206 3699 4261 δὲ

2122 4296 2317 4365 ταῦτα,
2346 4296 2593 4368 ἐπιφέρει
2620 4295 2808 4366 λέγων’
2847 4315 2867 4348 ι
2916 4296 3055 4351 Ἀνθ’
3081 4289 3156 4350 ὧν
3182 4297 3283 4350 οὐκ
3320 4298 3576 4369 ἐμνήσθη
3602 4295 3697 4353 τοῖν

458 4390 755 4446 antecessit
800 4389 1119 4459 prophetia,
1172 4402 1378 4458 egenus
1425 4394 1480 4441 et
1524 4400 1732 4457 pauper
1778 4385 2021 4439 nomina-

2127 4389 2350 4460 ποιῆσαι
2381 4388 2523 4453 ἔλεος
2541 4430 2556 4455 ,
2584 4389 2677 4444 καὶ
2702 4387 3022 4454 κατεδίωξεν
3049 4389 3331 4462 ἄνθρωπον
3364 4391 3580 4464 πένητα
3606 4394 3699 4448 καὶ

458 4481 622 4537 batur
670 4478 921 4535 Salvator
965 4492 1029 4533 ac
1071 4476 1335 4533 Dominus
1366 4484 1572 4541 noster,
1603 4476 1770 4532 veluti
1805 4476 2025 4531 demon-

458 4572 755 4630 stravimus
779 4570 836 4624 in
860 4570 953 4624 illo
985 4580 1048 4625 εἰ
1074 4569 1272 4625 Beatus
1298 4569 1393 4641 qui
1429 4569 1682 4640 intelligit
1712 4583 1881 4639 super
1905 4582 2025 4639 ege-

456 4682 590 4724 num
617 4673 671 4721 et
698 4677 993 4737 pauperem
1011 4663 1088 4717 ’τε
1118 4684 1135 4716 ι
1156 4665 1231 4717 ita
1255 4663 1420 4718 etiam
1446 4662 1502 4717 in
1531 4662 1786 4732 praesenti
1816 4660 2025 4732 psalmo

456 4758 653 4818 iisdem
680 4762 911 4813 vocatur
940 4756 1271 4811 nominibus.
1318 4753 1478 4810 Fiant
1516 4754 1664 4810 enim
1704 4754 1797 4809 illa
1835 4760 1891 4809 et
1930 4753 2023 4807 illa

459 4853 566 4925 ipsi
591 4849 777 4914 Iudae,
800 4848 975 4917 iisque
998 4846 1093 4917 qui
1120 4846 1202 4900 illi
1231 4844 1433 4902 similia
1455 4844 1696 4901 aemulati
1726 4844 1870 4910 sint,
1900 4856 2025 4914 pro-

460 4946 581 5020 pter
610 4944 700 4999 illa
731 4956 854 5014 qua:
880 4952 970 4996 est
1000 4954 1200 5005 ausus,
1236 4938 1435 5009 inquit.
1466 4937 1726 5004 Quaenam
1758 4951 1889 4992 vero
1918 4938 2024 4990 ista

461 5040 605 5101 sint,
636 5033 884 5107 adjungit
902 5073 918 5098 ,
953 5032 1147 5089 dicens
1175 5051 1189 5087 :
1228 5049 1247 5083 ι
1280 5028 1388 5086 Pro
1414 5045 1483 5086 eo
1512 5029 1659 5102 quod
1686 5044 1798 5086 non
1827 5036 1914 5085 est
1942 5043 2026 5085 re-

462 5128 724 5186 cordatus
763 5127 947 5183 l’acere
992 5124 1431 5182 misericordiam
1454 5161 1472 5189 ,
1505 5134 1560 5178 et
1592 5129 1916 5195 persecutus
1944 5130 2031 5177 est

461 5221 737 5279 hominem
791 5234 1088 5292 pauperem
1141 5229 1197 5275 et
1234 5233 1501 5291 egenum,
1547 5222 1603 5271 et
1640 5222 2028 5287 compunctum

460 5311 658 5380 corde,
683 5321 743 5368 ut
760 5321 936 5369 morte
962 5311 1216 5369 alhceret.
1246 5310 1315 5366 Et
1344 5309 1536 5367 dilexit
1562 5308 2025 5373 exsecrationem,

460 5411 517 5460 et
550 5403 731 5461 veniet
768 5402 841 5460 ei.
891 5403 959 5458 Et
1000 5404 1179 5461 noluit
1227 5401 1695 5469 benedictionem,
1729 5407 1787 5457 et
1830 5398 2023 5471 procul

460 5495 803 5553 movebitur
844 5496 916 5554 ab
951 5512 1018 5554 eo
1052 5498 1119 5554 “.
1148 5515 1168 5551 ι
1190 5495 1325 5555 Post
1371 5510 1497 5569 qua:
1544 5493 1713 5551 verba
1762 5493 2022 5566 deinceps

2124 4481 2337 4552 πτωχὸν
2382 4482 2478 4535 καὶ
2514 4482 2978 4553 κατανενυγμένον
3003 4486 3071 4555 τῇ
3101 4483 3296 4556 καρδία
3322 4483 3418 4538 τοῦ
3450 4485 3698 4543 θανατῶ-

2125 4592 2235 4629 σαι.
2280 4575 2390 4630 Kal.
2416 4574 2669 4647 ἠγάπησε
2698 4575 2939 4648 κατάραν
2958 4618 2972 4645 ,
2991 4576 3085 4630 καὶ
3111 4576 3230 4649 ἥξει
3261 4578 3411 4649 αὐτῷ
3430 4595 3446 4612 ο
3479 4581 3578 4634 καὶ
3600 4581 3698 4637 οὐκ

2124 4666 2384 4738 ἠθέλησεν
2412 4666 2689 4737 εὐλογίαν,
2726 4670 2820 4723 καὶ
2850 4668 3285 4741 μακρυνθήσεται
3330 4672 3425 4724 ἀπ’
3454 4672 3647 4728 αὑτοῦ.
3669 4692 3693 4727 ι

2125 4753 2221 4822 Οἷς
2247 4757 2375 4826 ἐξῆς
2402 4756 2736 4823 ἐπικαταϐὰς
2752 4801 2767 4826 ,
2790 4755 2943 4822 αὖθις
2969 4759 3175 4831 πένητα
3202 4762 3297 4815 καί
3328 4763 3547 4834 πτωχὸν
3572 4767 3698 4818 ἐαυ-

2124 4850 2215 4904 τὸν
2245 4850 2497 4922 ὀνομάζει
2523 4850 2722 4919 λέγων·
2758 4870 2778 4903 ι
2819 4851 2929 4906 Καὶ
2950 4852 3042 4919 σὺ,
3073 4851 3267 4925 Κύριε,
3292 4854 3493 4928 Κύριε,
3532 4857 3697 4927 ποίη-

2129 4958 2221 4996 σον
2271 4945 2387 5013 μετ’
2416 4940 2550 5013 ἐμοῦ
2599 4941 2743 5006 ἔλεος
2782 4941 2966 4996 ἕνεκεν
2999 4942 3093 4996 τοῦ
3141 4944 3403 5016 ὀνόματός
3446 4963 3579 5010 σου,
3615 4949 3699 5002 ὅτι

2128 5033 2364 5105 χρηστὸν
2405 5032 2470 5086 τὸ
2500 5032 2646 5098 ἐλεὸς
2690 5048 2804 5085 σου.
2849 5031 3037 5087 ’Βῦσαί
3085 5050 3175 5105 με,
3221 5035 3304 5089 ὃτι
3344 5037 3564 5109 πτωχὸς
3608 5039 3697 5093 καὶ

2127 5123 2295 5195 πένης
2319 5125 2437 5197 είμὶ
2462 5122 2590 5193 ἐγώ.
2632 5142 2652 5176 ι
2684 5116 2779 5187 οἷς
2807 5122 2923 5195 μεθ’
2951 5123 3114 5197 ἕτερα
3137 5125 3408 5195 ἐπιλέγειν
3448 5146 3470 5179 ι
3504 5128 3589 5183 Τὰ
3610 5128 3695 5198 γό-

2124 5216 2262 5271 νατά
2306 5232 2408 5288 μου
2447 5214 2747 5289 ἡσθένησαν
2785 5217 2895 5270 ἀπὸ
2917 5217 3205 5287 νηστείας,
3239 5219 3336 5273 καὶ
3362 5220 3395 5291 ἡ
3426 5220 3570 5295 σάρξ
3596 5236 3692 5293 μου

2125 5305 2391 5380 ἠλλοιώθη
2434 5306 2504 5361 δι’
2536 5306 2712 5361 ἔλαιον
2748 5323 2763 5337 ⁸
2793 5309 2886 5367 καί
2920 5306 3033 5378 ἐγὼ
3074 5309 3335 5383 ἐγενήθην
3365 5311 3571 5378 ὄνειδος
3598 5314 3689 5368 αὐ-

2125 5399 2257 5463 τοῖς.
2292 5396 2518 5453 Εῐδοσάν
2564 5414 2631 5469 με
2649 5436 2665 5463 ,
2693 5398 2789 5453 καὶ
2826 5397 3124 5453 ἐσάλευσαν
3163 5399 3406 5471 κεφαλὰς
3431 5402 3634 5457 αὑτῶν.
3665 5418 3689 5456 ο

2134 5494 2203 5548 ’Δ
2231 5492 2326 5546 καὶ
2355 5490 2495 5545 αὑτά
2520 5490 2706 5555 τέλους
2735 5490 3024 5563 ἐτύγχανεν
3052 5492 3140 5547 ὅτε
3177 5511 3196 5548 ι
3232 5495 3282 5547 oi
3310 5492 3693 5571 παραπορευό-

442 5700 449 5711 ι
515 5669 1046 5750 fimi-emus.
1124 5681 1169 5714 σ·
1208 5678 1342 5737 ibid.
1377 5678 1466 5738 tt.
1544 5671 1776 5756 "'Psal.
1819 5675 1995 5751 ωε.

2150 5673 2296 5732 Psal.
2329 5688 2459 5730 cvm
2477 5712 2492 5742 ,
2528 5671 2705 5728 {648.
