3922 6200
162 160 252 245 ιιι

1098 185 1747 243 DEMONSTRATIONIS
1785 183 2244 239 ΕῩΑΝΟΕΙᾸΩᾸΞ
2286 182 2410 237 LIB.
2458 183 2526 236 Χ.

3266 187 3372 242 742

160 323 303 378 μενοι
345 304 721 377 ἐϐλασφήμουν
766 306 926 360 αὑτὸν
953 348 966 371 ,
1020 305 1290 371 κινοῦντες
1338 307 1436 370 τὰς
1478 305 1707 375 κεφαλὰς

1818 304 2061 359 oratione
2108 318 2462 373 pregrcssus,
2508 318 2698 357 rursus
2730 316 3019 373 pauperem
3060 308 3219 374 atque
3248 318 3367 374 ego-

154 398 348 463 αΰτῶν,
374 399 468 451 καὶ
495 398 738 466 λέγοντες
756 415 802 451 ·›
825 399 1049 462 Ἀλλους
1081 398 1297 463 ἔσωσεν,
1326 398 1512 451 ἑαυτὸν
1532 399 1593 450 οὺ
1620 397 1713 450 δύ-

153 507 306 543 ναται
342 489 530 542 σῶσαι.
567 508 584 539 ι
632 490 781 541 Ἐπεὶ
804 489 859 541 δὲ
901 489 1062 542 εἰσέτι
1092 489 1185 541 νῦν
1213 491 1261 542 οί
1296 491 1359 542 ἐκ
1392 490 1709 561 περιτομῆς,

150 582 247 654 τὴν
270 582 374 636 τῶν
400 582 647 653 πατέρων
673 582 848 634 αὐτῶν
874 584 951 644 εἰς
982 584 1205 645 ἑαυτοὺς
1234 581 1370 653 ἀρὰν
1392 581 1708 652 ἐπισπώμε-

148 691 259 739 νοι,
298 674 633 743 βλασφήμοις
673 674 765 727 καὶ
794 674 1011 726 ἀσεόέσι
1048 675 1252 745 ῥήμασι
1296 673 1711 744 ἀναθεματίζειν

145 766 239 818 τὸν
260 765 486 836 Σωτῆρα
512 766 605 817 καὶ
633 764 832 836 Κύριον
862 764 1034 835 ἡμῶν,
1061 767 1153 818 καὶ
1176 765 1300 828 τοὺς
1326 766 1405 828 είς
1434 765 1591 818 αὐτὸν
1612 783 1710 819 πε·-

144 858 504 920 τιιστευκότας
549 858 790 920 ἅπαντας
836 856 1090 921 εἰώθασι,
1137 857 1324 909 τούτου
1382 858 1538 929 χάριν
1587 858 1710 929 ἑξῆς

144 949 416 1018 ἐπιλέγει·
462 968 478 999 ι
516 948 922 1019 Καταράσονται
946 949 1130 1012 αὐτοὶ,
1157 949 1249 1001 καὶ
1277 950 1339 1001 σὺ
1377 949 1704 1020 εὐλογήσεις.

142 1044 207 1095 Οἱ
236 1041 649 1111 ὲπανιστάμενοί
674 1059 760 1111 μοι
790 1041 1244 1112 ανίσχυνθήτωσαψ
1272 1044 1299 1094 ὁ
1327 1042 1383 1094 δὲ
1410 1041 1589 1105 δοῦλός
1615 1060 1705 1095 σου

143 1134 587 1205 εὐφρανθήσεται.
640 1134 1075 1187 Ἐνδυσάσθωσαν
1101 1136 1149 1186 οἱ
1180 1134 1608 1198 ἐνδιαϐάλλοντές
1640 1153 1705 1204 με

140 1226 407 1298 δντρηπὴν
427 1267 442 1290 ,
468 1227 561 1279 καὶ
582 1244 649 1278 πε
660 1226 1052 1297 ριὸαλέσθωσαν
1084 1226 1159 1288 ὡς
1187 1225 1426 1279 διπλοΐδα
1448 1227 1706 1299 αἰσχύνην

141 1317 340 1371 αὐτῶν.
391 1316 528 1385 Ἐγὼ
554 1316 609 1369 δὲ
634 1316 1087 1387 ὲξομολογήσομαι
1116 1313 1191 1383 τῷ
1215 1315 1401 1385 Κυρίῳ
1428 1316 1627 1387 σφόδρα
1650 1318 1705 1368 ἐν

132 1410 221 1480 τῷ
245 1409 469 1480 στόματί
507 1425 628 1479 μου,
658 1408 751 1461 καὶ
770 1408 827 1460 ὲν
861 1408 1007 1478 μέσῳ
1044 1406 1251 1459 πολλῶν
1284 1408 1478 1460 αἰνέσω
1502 1408 1660 1461 αὐτόν
1688 1428 1700 1439 ’

138 1502 226 1554 ὅτι
262 1500 507 1572 παρέστη
557 1502 617 1552 ὲκ
663 1498 849 1565 δεξιῶν
889 1498 1133 1569 πένητος,
1162 1497 1254 1551 τοῦ
1295 1499 1461 1551 σῶσαι
1493 1500 1556 1553 ὲκ
1598 1501 1703 1552 τῶν

136 1594 580 1648 καταδιωκόντων
619 1591 717 1662 τὴν
758 1591 933 1663 ψυχήν
980 1588 1101 1662 μου.
1141 1610 1158 1643 ι
1194 1591 1302 1643 Kal
1349 1592 1606 1663 πρόδηλόν
1642 1610 1702 1660 γε

138 1688 363 1749 ὁπόσοις
383 1686 546 1738 εἰσέτι
581 1686 675 1737 xal
695 1684 787 1738 νῦν
811 1685 859 1736 οἱ
884 1682 983 1746 τὰς
1014 1685 1132 1735 κατ’
1161 1681 1322 1736 αὑτοῦ
1346 1682 1482 1754 ἀράς
1509 1686 1564 1736 ἐν
1594 1688 1711 1747 ταῖς

141 1778 356 1832 ἑαυτῶν
412 1780 745 1846 συναγωγαῖς
794 1775 1102 1847 ποιούμενοι
1152 1775 1434 1829 παλαίουσι
1487 1780 1706 1837 κακοῖς,

140 1870 254 1947 ἀπὸ
281 1868 385 1921 τῶν
412 1869 588 1923 αὐτῶν
620 1870 825 1941 χρόνων
863 1868 982 1939 μηδ’
1010 1868 1145 1930 ὅλως
1170 1868 1460 1921 ἀνανεῦσαι
1492 1867 1708 1937 δεδυνη-

142 1960 316 2031 μένοι,
341 1960 486 2022 ὅπως
511 1976 570 2013 τε
586 1958 747 2021 αὐτὸς
776 1953 922 2012 αἶνον
942 1955 1019 2026 τῷ
1046 1957 1219 2027 Πατρὶ
1250 1959 1304 2010 ὲν
1335 1957 1481 2027 μέσῳ
1502 1958 1708 2010 πολλῶν

136 2049 312 2103 ἐθνῶν
344 2049 434 2102 τὸν
472 2048 561 2101 διὰ
598 2049 696 2119 τῆς
741 2048 934 2117 καινῆς
983 2046 1253 2117 Διαθήκης
1293 2046 1456 2099 αὑτοῦ
1507 2064 1707 2116 καταρ-

134 2140 364 2206 τίζεται,
397 2142 650 2209 συνεργὸν
679 2139 769 2192 τὸν
802 2138 1036 2208 Πατέρα,
1070 2137 1290 2205 καὶτῆς
1322 2136 1512 2189 ἑαυτοῦ
1535 2136 1708 2202 δεξιᾶς

134 2233 407 2306 πάρεδρον
441 2229 771 2302 κεκτημένος
788 2244 803 2260 ⁶
837 2229 915 2282 διό
939 2245 1098 2299 φησιν
1119 2244 1130 2257 ’
1158 2245 1175 2278 ι
1212 2227 1297 2279 Ἐν
1324 2227 1472 2297 μέσῳ
1500 2226 1707 2279 πολλῶν

138 2328 340 2378 αἰνέσω
367 2323 525 2377 αὑτὸν
544 2363 558 2386 ,
594 2325 675 2375 ὅτι
709 2322 955 2393 παρέστη
980 2323 1043 2373 ὲκ
1065 2318 1251 2383 δεξιῶν
1281 2319 1523 2389 πένητος.
1552 2337 1568 2369 ι
1598 2318 1706 2370 Καὶ

134 2416 237 2487 τὴν
274 2416 408 2486 μετὰ
449 2415 537 2468 τὸν
581 2414 806 2467 θάνατον
838 2411 999 2466 αὑτοῦ
1035 2412 1300 2483 σωτηρίαν
1330 2410 1587 2473 διδάσκει,
1624 2411 1707 2463 λέ-

135 2524 251 2575 γων
275 2523 288 2535 ·
331 2526 348 2557 ι
381 2505 483 2559 Τοῦ
522 2505 687 2558 σῶσαι
720 2507 785 2557 ὲκ
814 2502 921 2557 τῶν
940 2503 1390 2558 καταδιωκόντων
1416 2506 1511 2575 τὴν
1532 2503 1706 2574 ψυχήν

141 2616 274 2669 μου.
315 2617 333 2649 ι
386 2597 664 2669 Ἀνωτέρω
704 2596 832 2664 γοῦν
863 2596 1036 2667 φήσας
1068 2596 1157 2647 τό·
1190 2615 1207 2646 ι
1249 2594 1581 2658 Κατεδίωξεν
1610 2594 1704 2647 ἄν-

136 2687 358 2760 θρωπον
398 2688 600 2758 πένητα
625 2688 717 2741 καὶ
750 2689 958 2757 πτωχὸν
979 2727 993 2749 ,
1028 2688 1121 2741 καὶ
1150 2685 1607 2755 κατανενυγμένον
1639 2687 1702 2755 τῇ

135 2780 337 2852 καρδία
363 2779 458 2832 τοῦ
492 2778 832 2841 θανατῶσαι,
872 2798 891 2830 ι
920 2780 1013 2831 καὶ
1038 2778 1222 2847 σαφῶς
1243 2776 1483 2847 δηλώσας
1514 2777 1704 2829 ἑαυτοῦ

133 2875 229 2928 τὸν
249 2875 479 2928 θάνατον
501 2873 851 2945 περιγράφων
871 2874 968 2943 τὴν
993 2872 1320 2944 προφητείαν
1340 2870 1436 2940 τὴν
1460 2868 1594 2939 μετά
1616 2870 1707 2923 τὸν

137 2968 369 3022 θάνατον
397 2965 557 3020 αὐτοῦ
586 2966 851 3037 σωτηρίαν
879 2963 1093 3036 ᾐνίξατο
1122 2964 1308 3016 εἰπών’
1336 2982 1354 3013 ι
1382 2962 1500 3014 Ὅτι
1543 2963 1708 3032 παρέ-

1817 412 1950 450 num
1986 397 2225 466 seipsum
2256 396 2532 458 nominat,
2564 396 2750 451 dicens
2779 415 2791 449 :
2822 415 2840 447 ι
2870 395 2935 450 Et
2976 403 3031 450 tu
3054 437 3070 462 ,
3104 395 3328 452 Domine
3349 437 3367 463 ,

1817 488 2043 543 Domine
2066 532 2079 555 ,
2115 488 2198 542 fac
2227 506 2434 545 mecum
2466 489 2896 545 misericordiam
2924 498 3143 559 propter
3172 504 3368 545 nomen

1816 590 1997 644 tuum,
2034 580 2162 650 quia
2192 580 2425 652 benigna
2466 588 2548 637 est
2582 581 2958 637 misericordia
3007 590 3101 635 tua
3172 580 3368 637 Libera

1815 686 1934 736 me,
1980 671 2107 740 quia
2150 687 2352 740 egenus
2401 683 2455 726 et
2496 688 2699 742 pauper
2731 689 2852 727 sum
2880 687 2980 742 ego
3011 673 3076 726 ⁶⁹.
3108 692 3127 725 ι
3154 672 3368 739 Quibus

1815 771 1938 832 post
1971 764 2075 817 alia
2104 762 2350 833 adjungit
2382 784 2393 818 :
2424 783 2442 815 ‹
2470 763 2656 818 Genua
2691 778 2809 819 mea
2852 765 3119 820 inﬁrmata
3168 772 3296 820 sunt
3336 782 3368 821 a

1810 856 2053 925 jejunio,
2087 865 2139 911 et
2169 873 2296 911 caro
2326 873 2442 912 mea
2474 858 2753 912 immutata
2784 866 2866 914 est
2897 867 3115 929 propter
3141 860 3318 913 oleum
3347 877 3363 913 :

1813 955 1866 1002 et
1896 963 1995 1016 ego
2027 948 2201 1005 factus
2234 965 2352 1003 sum
2405 950 2757 1020 opprobrium
2804 951 2932 1005 illis.
2968 949 3231 1005 Viderunt
3279 968 3366 1006 me

1812 1049 1866 1096 et
1901 1049 2187 1096 moverunt
2222 1043 2397 1113 capita
2430 1058 2527 1097 sua
2556 1044 2638 1097 7°:
2672 1062 2689 1093 ι
2717 1058 2836 1113 qua:
2864 1058 2994 1098 sane
3025 1044 3139 1114 ipsa
3174 1045 3368 1098 nihilo-

1812 1133 1993 1188 minus
2039 1150 2197 1189 suum
2245 1134 2405 1189 ﬁnem
2450 1146 2744 1190 consecuta
2776 1144 2937 1197 sunt,
2970 1150 3078 1205 quo
3120 1144 3366 1203 tempore

1810 1224 1901 1294 qui
1934 1227 2315 1295 praeteribant,
2356 1227 2755 1281 rnaledicebant
2790 1229 2838 1284 ei
2875 1236 3153 1282 moventes
3184 1228 3364 1294 capita

1812 1334 1910 1375 sua
1948 1328 2002 1374 et
2036 1310 2279 1375 dicentes
2308 1339 2318 1372 :
2348 1338 2367 1370 ι
2396 1321 2547 1374 Alios
2578 1321 2758 1376 salvos
2788 1321 2948 1385 fecit,
2981 1322 3216 1389 seipsum
3251 1337 3363 1375 non

1810 1419 1987 1480 potest
2016 1414 2223 1467 salvum
2253 1412 2431 1467 facere
2452 1414 2517 1467 '“.
2546 1411 2846 1479 iQuoniam
2876 1430 3001 1468 vero
3026 1414 3184 1467 etiam
3216 1426 3365 1466 nunc

1807 1501 1976 1556 Judaei
2014 1512 2228 1571 patrum
2260 1518 2485 1558 suorum
2524 1504 2578 1557 in
2610 1504 2819 1575 seipsos
2844 1504 3009 1575 478
3041 1504 3370 1559 exsecratio-

1808 1610 1930 1648 nem
1970 1595 2309 1651 attrahentes
2350 1595 2780 1650 exsecrabilibus
2823 1603 2876 1649 et
2923 1596 3145 1648 uelariis
3182 1594 3377 1649 verbis

1744 1695 1783 1748 Β
1812 1686 2069 1742 detestari
2113 1685 2447 1741 Salvatorem
2492 1701 2555 1739 ac
2597 1685 2882 1740 Dominum
2929 1695 3212 1748 nostrum,
3253 1701 3367 1739 om-

1811 1793 2017 1848 nesque
2044 1778 2356 1848 quicunque
2396 1778 2452 1831 in
2483 1778 2643 1833 ﬁdem
2688 1778 2807 1847 ejus
2848 1779 3196 1840 transierint,
3240 1793 3364 1831 con-

1810 1885 2034 1925 suevere
2056 1914 2069 1936 ,
2110 1870 2317 1925 idcirco
2358 1870 2613 1940 deinceps
2661 1870 2907 1939 adjungit
2941 1889 2953 1924 :
2989 1889 3007 1921 ι
3039 1868 3362 1923 Maledicent

1809 1960 1915 2025 illi,
1945 1968 1997 2015 et
2026 1968 2084 2014 tu
2111 1960 2418 2015 benedices.
2454 1960 2557 2025 Qui
2589 1962 2875 2030 insurgunt
2903 1961 2956 2013 in
2990 1974 3074 2014 me
3094 1999 3108 2023 ,
3139 1957 3367 2012 confun-

1807 2049 2044 2105 dantur:
2093 2067 2285 2107 servus
2332 2058 2511 2105 autem
2555 2058 2684 2105 tuus
2725 2051 3011 2105 laetabitur.
3065 2050 3362 2103 lnduantur

1806 2143 1897 2215 qui
1944 2143 2234 2199 detrahunt
2266 2143 2433 2206 mihi,
2482 2143 2722 2211 pudore,
2769 2151 2822 2196 et
2852 2143 3167 2211 aperiantur
3222 2141 3362 2194 sicut

1807 2237 2081 2308 diploide,
2134 2235 2455 2291 confusione
2505 2250 2624 2290 sua.
2672 2234 2782 2305 Ego
2812 2242 3012 2307 ,autem
3063 2232 3361 2288 conﬁtebor

1809 2327 2034 2383 Domino
2058 2329 2113 2382 in
2136 2343 2231 2383 ore
2259 2344 2378 2383 meo
2407 2347 2419 2381 :
2445 2335 2498 2381 et
2526 2328 2579 2381 in
2611 2327 2787 2380 medio
2814 2326 3105 2380 multorum
3131 2323 3376 2377 laudabo.

1806 2433 1949 2475 eum.
2007 2418 2271 2486 Quoniam
2318 2419 2494 2475 astitit
2534 2434 2561 2473 a
2592 2417 2799 2475 dextris
2823 2415 3113 2489 pauperis,
3152 2421 3215 2470 ut
3252 2413 3363 2471 sal-

1806 2526 1926 2565 vam
1971 2510 2174 2567 faceret
2205 2528 2235 2565 a
2267 2512 2717 2582 persequentibus
2760 2512 2996 2565 animam
3044 2524 3219 2564 meam
3240 2508 3305 2565 τ’,
3335 2525 3356 2559 ι

1806 2602 1871 2656 Et
1900 2618 2030 2658 sane
2056 2611 2272 2659 constat
2298 2620 2458 2674 quam
2489 2604 2677 2657 multis
2707 2602 2869 2656 etiam
2899 2615 3045 2656 nunc
3074 2600 3236 2654 rebus
3266 2597 3364 2652 ad-

1804 2695 1978 2749 versis
2022 2694 2401 2750 conﬂictentur
2447 2694 2756 2765 quicunque
2812 2692 3215 2749 exsecrationes
3266 2689 3377 2743 ad--

1804 2802 1993 2841 versus
2026 2787 2174 2840 illum
2208 2787 2263 2840 in
2314 2787 2428 2842 suis
2484 2786 2837 2841 conventibus
2882 2785 3121 2854 jactant',
3167 2782 3365 2852 quippe

1805 2876 1896 2945 qui
1926 2877 1993 2931 ah
2018 2878 2211 2932 iisdem
2244 2880 2578 2949 temporibus
2607 2894 2673 2933 ne
2704 2876 2975 2945 respirare
2999 2874 3237 2944 quidem,
3268 2880 3363 2926 aut

1807 2966 2081 3034 suspicere
2115 2984 2351 3038 unquam
2398 2969 2690 3040 potuerint,
2724 2981 2992 3036 quamque
3033 2964 3118 3018 ille
3137 2960 3365 3017 feliciter

138 3075 240 3130 στη
275 3061 340 3112 ὲκ
380 3058 566 3125 δεξιῶν
596 3058 844 3131 πένητος,
873 3055 967 3110 τοῦ
1003 3055 1171 3109 σῶσαι
1209 3056 1273 3107 ὲκ
1310 3052 1416 3106 τῶν
1448 3052 1703 3106 καταδιω-

1812 3060 1855 3111 in
1889 3059 2062 3114 medio
2096 3062 2384 3115 multarum
2433 3062 2670 3131 gentium
2718 3075 2811 3129 per
2860 3073 3017 3113 suum
3057 3056 3226 3126 ipsius
3256 3052 3366 3108 No-

133 3153 342 3208 κόντων
369 3152 468 3223 τὴν
496 3152 669 3223 ψυχήν
704 3168 822 3221 μου.
866 3168 885 3202 ›

1812 3162 1934 3201 vum
1969 3147 2369 3205 Testamentum
2393 3165 2492 3204 suo
2523 3149 2668 3204 Patri
2699 3148 2907 3203 laudem
2952 3147 3213 3216 periiciat,
3236 3144 3364 3199 dum

129 3248 390 3303 eumdem
450 3246 661 3302 Patrem
704 3246 1007 3315 adjutorem
1062 3249 1117 3298 et
1168 3256 1279 3297 sua:
1320 3240 1525 3297 dextrae
1563 3253 1893 3295 assessorem
1947 3244 2172 3308 obtinet,
2229 3259 2363 3313 quas
2413 3244 2483 3297 ob
2527 3258 2614 3299 res
2662 3242 2736 3295 ita
2766 3241 3078 3311 loquiturzr
3107 3239 3162 3293 ln
3186 3233 3367 3291 medio

128 3341 433 3395 multorum
474 3337 703 3394 laudabo
745 3351 892 3401 eum,
920 3334 1046 3406 quia
1090 3332 1261 3388 astitit
1290 3346 1321 3385 a
1362 3330 1571 3385 dextris
1629 3331 1902 3399 pauperis.
1942 3350 1962 3384 ι
2004 3332 2240 3388 Salutem
2283 3344 2539 3404 praaterea
2576 3348 2694 3402 qua:
2741 3331 2913 3401 ipsius
2976 3333 3205 3383 mortem
3272 3335 3362 3376 se-

126 3440 263 3486 cuta
331 3440 438 3495 est,
493 3431 647 3486 docet
691 3430 775 3486 his
820 3428 1037 3484 verbis:
1088 3443 1107 3477 ι
1141 3422 1209 3479 Ut
1256 3425 1460 3480 salvam
1514 3425 1718 3479 faceret
1750 3440 1781 3479 a
1817 3428 2264 3497 persequentibus
2297 3428 2528 3480 animam
2560 3441 2755 3480 meam.
2796 3443 2815 3476 ι
2850 3423 3024 3491 Supra
3065 3420 3209 3475 enim
3237 3430 3363 3472 cum

124 3523 270 3577 illud
295 3524 535 3579 dixerit:
574 3541 593 3575 ι
630 3522 953 3578 Persecutus
988 3528 1073 3575 est
1104 3519 1373 3575 hominem
1404 3537 1693 3593 pauperem
1733 3533 1786 3579 et
1817 3540 2063 3596 egenum,
2097 3532 2150 3578 et
2181 3529 2562 3592 compunctum
2613 3520 2811 3583 corde,
2866 3528 2927 3574 ut
2972 3526 3143 3572 morte
3189 3513 3367 3569 allice-

126 3626 235 3681 ret,
270 3635 291 3668 ι
354 3615 617 3685 planeque
669 3629 824 3671 suam
873 3619 1100 3668 mortem
1156 3612 1518 3678 indicaverit,
1574 3614 1701 3669 dum
1737 3617 2071 3686 prOpbetiam
2118 3614 2520 3670 circumscribit
2560 3632 2573 3668 :
2616 3620 2731 3667 tum
2777 3625 2907 3666 vero
2969 3609 3196 3663 salutem
3244 3622 3364 3676 qua:

127 3715 373 3762 mortem
422 3707 591 3775 ipsius
629 3715 814 3763 secuta
868 3713 985 3771 est,
1037 3703 1401 3775 signiﬁcavit,
1463 3704 1651 3762 dicens
1688 3725 1702 3762 :
1746 3727 1765 3760 ι
1800 3707 2065 3775 Quoniam
2098 3709 2270 3762 astitit
2305 3723 2335 3762 a
2363 3706 2568 3763 dextris
2609 3703 2884 3774 pauperis,
2926 3707 2987 3755 ut
3048 3699 3252 3754 salvam
3283 3697 3365 3750 fa-

129 3807 289 3858 cere:
320 3815 352 3854 a
384 3800 830 3871 persequentibus
855 3800 1089 3855 animam
1116 3815 1313 3855 meam.
1345 3817 1364 3850 ι

138 3916 297 3974 ’Δπό
316 3916 422 3970 τοῦ
438 3915 820 3983 Ζαχαρίορ.-
836 3915 961 3967 Ἔτι
983 3913 1114 3982 περὶ
1134 3913 1239 3967 τοῦ
1256 3911 1439 3983 Ἰούδα
1463 3912 1559 3965 καὶ
1588 3910 1704 3983 τῶν

201 3978 664 4057 ἁργιφίῳνῆκθ
694 3978 959 4057 ὤν’-τὸν,
980 3978 1197 4057 Κύριοκ
1230 3982 1530 4057 προῦδωκε
1550 4021 1564 4044 ,
1604 3982 1701 4057 καὶ

202 4051 497 4125 avehi—(ﬁg-
540 4054 843 4121 ἀποϐολῆς
888 4053 1005 4125 τῶν
1049 4052 1207 4121 παρὰ
1261 4051 1561 4117 Ἰουδαίοις
1610 4053 1703 4119 ἀρ-

198 4124 443 4198 χόντων
469 4143 531 4178 τε
560 4125 659 4177 καὶ
683 4124 1044 4194 ἀρχομένων.

210 4258 236 4291 ι
268 4236 381 4291 Kal
425 4236 661 4307 λήψομαι
704 4235 924 4307 ἐμαυτῷ
981 4235 1073 4288 δυο
1115 4235 1375 4307 ῥάϐδους,
1427 4234 1526 4305 τὴν
1579 4234 1705 4305 μίαν

129 4340 382 4397 ικάλεσα
406 4340 624 4403 κάλλος,
660 4339 752 4391 καὶ
783 4338 880 4409 τὴν
914 4337 1101 4409 ἑτέραν
1125 4338 1356 4391 ἐκάλεσα
1389 4338 1703 4408 σχοίνισμα,

129 4443 238 4498 καὶ
271 4439 517 4511 ποιμανῶ
547 4438 615 4492 τά
646 4435 890 4510 πρόϐατά
919 4453 1039 4506 μου,
1073 4436 1165 4489 καὶ
1193 4432 1371 4505 ἐξαρῶ
1404 4434 1528 4496 τοὺς
1560 4434 1708 4503 τρεῖς

133 4534 407 4605 ποιμένας
432 4532 488 4585 ὲν
525 4529 651 4601 μηνὶ
684 4529 794 4591 ἐνὶ,
828 4528 919 4581 xal
952 4525 1342 4598 βαρυνθήσεται
1364 4527 1397 4596 ἡ
1423 4524 1565 4595 ψυχή
1604 4539 1705 4591 μου

134 4627 229 4680 ἐπ’
262 4622 479 4685 αὐτούς.
512 4623 621 4675 Kal
642 4619 748 4690 γάρ
784 4619 841 4671 αἰ
872 4617 1035 4689 ψυχαὶ
1070 4617 1244 4671 αὐτῶν
1277 4614 1583 4687 ὲπωρύοντο
1619 4615 1705 4667 ἐπ’

136 4727 276 4797 ἐμὲ,
314 4723 408 4776 καὶ
450 4716 608 4775 εἶτεν
654 4720 727 4773 Οὐ
770 4717 1016 4789 ποιμανῶ
1052 4718 1225 4787 ὑμᾶς·
1270 4720 1330 4769 τὸ
1370 4714 1706 4784 ἀποθνῆσκον

138 4823 555 4895 ἀποθνησκέτω,
587 4820 759 4874 καὶτὸ
797 4818 1043 4873 ἐκλεῖπον
1068 4816 1382 4880 ὲκλειπέτω,
1414 4814 1590 4870 καὶτὰ
1612 4830 1711 4867 κα-

137 4920 382 4973 τάλοιπσ.
414 4913 753 4976 ὲσθιέτωσαν,
776 4912 1002 4973 ἕκαστος
1023 4909 1120 4972 τὰς
1143 4909 1347 4979 σάρκας
1367 4906 1459 4960 τοῦ
1484 4906 1708 4976 πλησίον

142 5014 338 5070 αὐτοῦ.
375 5014 482 5066 Kal
509 5010 853 5082 λήψομαιτὴν
880 5008 1068 5080 ῥάϐδον
1097 5006 1192 5077 τὴν
1223 5005 1409 5076 καλὴν,
1427 5005 1517 5058 καὶ
1542 5004 1711 5075 ἀπορ-

145 5119 291 5191 ῥίψω
325 5116 493 5187 αὐτὴν
537 5113 629 5167 τοῦ
662 5112 1003 5166 διασκεδάσαι
1036 5110 1130 5180 τὴν
1172 5108 1441 5179 Διαθήκην
1481 5110 1612 5178 μου,
1644 5106 1713 5177 ἣν

144 5220 406 5289 διεθέμην
439 5216 570 5289 πρὸς
598 5216 799 5277 πάντας
827 5214 951 5276 τοὺς
980 5210 1160 5274 λαούς.
1195 5211 1301 5263 Kal
1330 5208 1714 5278 διασκεδασθή-

150 5338 306 5376 σεται
350 5321 406 5373 ὲν
439 5320 503 5389 τῇ
536 5318 715 5390 ἡμέρᾳ
757 5314 956 5387 ἐκείνῃ,
992 5314 1081 5367 καί
1114 5312 1408 5383 γνώσονται
1447 5312 1495 5364 oi
1535 5313 1715 5363 Χανα-

149 5418 289 5469 ναῖοι
341 5413 408 5467 τά
456 5410 697 5482 πρόϐατα
736 5405 806 5461 τὰ
851 5404 1228 5476 φυλασσόμενά
1277 5422 1385 5475 μοι,
1425 5404 1505 5457 ὅτι
1544 5403 1716 5469 Λόγος

151 5514 362 5586 Κυρίου
390 5509 524 5565 ἐστί.
547 5509 655 5565 Kal
685 5507 793 5579 ἐρῶ
820 5506 952 5579 πρὸς
970 5504 1163 5567 αὐτούς
1179 5518 1193 5534 ’
1216 5504 1279 5557 Εἰ
1299 5501 1459 5556 καλὸν
1481 5499 1714 5559 ἐνώπιον

1806 3883 1851 3938 Α
1881 3882 2164 3938 Zacharia.
2195 3915 2264 3924 —
2295 3882 2425 3937 Item
2479 3880 2543 3935 de
2573 3878 2717 3933 Iuda
2769 3885 2819 3932 et
2870 3876 3152 3944 argenteis,
3176 3875 3362 3944 quibus

1876 3955 2160 4009 Dominum
2188 3954 2439 4021 prodidit,
2468 3958 2630 4021 deque
2655 3941 3089 4017 rejectione'apud
3120 3941 3359 4021 Iudaeos,

1877 4035 1985 4078 tam
2015 4016 2197 4078 eorum
2230 4025 2318 4094 qui
2376 4016 2720 4092 imperabant,
2784 4032 2939 4087 quam
2970 4032 3148 4068 eorum
3178 4016 3362 4086 quibus

1874 4095 2249 4161 imperabatur.

1885 4227 1903 4260 ι
1939 4208 2005 4261 Ει
2032 4207 2240 4276 capiam
2268 4202 2401 4258 mihi
2429 4201 2567 4257 duas
2594 4201 2792 4271 virgas,
2828 4215 2991 4255 unam
3016 4198 3205 4253 vocavi
3242 4197 3364 4265 pul-

1810 4301 2212 4362 chritudinem,
2269 4304 2323 4352 et
2383 4296 2607 4349 alteram
2665 4292 2852 4346 vocavi
2918 4288 3252 4355 funiculum,
3312 4299 3366 4342 et

1739 4406 2027 4493 Dpascam
2082 4405 2209 4444 oves
2260 4402 2441 4451 meas,
2498 4392 2551 4439 et
2603 4383 2845 4439 auferam
2897 4389 3009 4436 tres
3040 4388 3285 4450 pastores
3310 4380 3365 4433 in

1809 4497 1995 4538 mense
2026 4496 2166 4544 uno,
2205 4486 2258 4534 et
2302 4476 2612 4547 gravabitur
2650 4476 2828 4528 anima
2872 4488 2991 4528 mea
3038 4478 3202 4541 super
3252 4485 3367 4526 eos.

1810 4574 1973 4647 479
1998 4572 2208 4628 Etenim
2244 4571 2435 4624 animae
2458 4582 2646 4622 eorum
2680 4565 2960 4636 rugicrunt
2985 4580 3147 4633 super
3168 4578 3253 4617 me
3270 4601 3287 4626 ,
3313 4571 3370 4616 et

1811 4669 1946 4731 dixi,
1978 4665 2094 4720 Non
2123 4679 2338 4735 pascam
2361 4678 2494 4727 vos;
2528 4659 2674 4731 quod
2708 4660 2956 4719 moritur,
2984 4656 3277 4715 moriatur,
3314 4661 3372 4708 et

1812 4758 1956 4831 quod
1978 4758 2175 4821 deﬁcit,
2203 4754 2416 4810 deﬁciat
2444 4773 2455 4808 :
2488 4761 2540 4807 et
2563 4766 2682 4822 qua:
2705 4750 2911 4819 reliqua
2943 4756 3069 4802 sunt
3089 4746 3367 4803 devorent.

1815 4850 2187 4920 unusquisque
2210 4863 2400 4902 carnes
2430 4844 2660 4915 proximi
2703 4842 2809 4907 sui,
2840 4849 2892 4895 et
2924 4839 3131 4908 capiam
3163 4837 3369 4906 virgam

1814 4943 2119 5013 pulchram,
2148 4947 2201 4994 et
2229 4938 2480 5008 abjiciam
2512 4950 2653 4997 eam,
2684 4933 2750 4986 ad
2774 4927 3147 4999 dissipandum
3180 4925 3372 4980 Testa—

1818 5043 2059 5090 mentum
2092 5047 2267 5086 meum
2291 5070 2305 5094 ,
2354 5029 2497 5099 quod
2524 5027 2763 5096 disposui
2799 5023 2864 5077 ad
2890 5036 3078 5077 omnes
3109 5016 3335 5089 populos
3354 5055 3370 5076 .

1820 5136 1873 5183 et
1906 5126 2257 5196 dissipabitur
2287 5123 2341 5176 in
2376 5122 2461 5176 die
2489 5121 2609 5181 illa,
2655 5126 2709 5173 et
2735 5108 3374 5186 cognoscenthananaei

1822 5236 1950 5275 oves
1974 5235 2093 5290 quae
2114 5216 2496 5273 custodiuntur
2528 5213 2691 5275 mihi,
2723 5208 2864 5280 quod
2896 5205 3133 5262 Verbum
3164 5200 3374 5258 Domini

1822 5320 1926 5376 est,
1957 5318 2010 5366 et
2037 5309 2215 5365 dicam
2248 5307 2315 5362 ad
2336 5322 2431 5362 eos
2459 5325 2471 5359 :
2508 5304 2565 5358 Si
2587 5305 2873 5359 honestum
2892 5298 3044 5354 estin
3078 5300 3376 5365 conspectu

1821 5414 2020 5469 vestro,
2056 5404 2179 5458 date
2201 5401 2503 5458 mercedem
2526 5412 2700 5454 meam
2723 5435 2738 5460 ,
2768 5402 2861 5448 aut
2901 5390 3136 5453 renuite,
3168 5394 3223 5443 et
3245 5402 3378 5442 con-

1821 5496 2110 5552 stituerunt
2140 5490 2445 5547 mercedem
2486 5500 2679 5552 meam,
2704 5482 2925 5555 triginta
2962 5482 3285 5548 argenteos,
3325 5477 3381 5526 et

229 5671 271 5702 “
314 5667 484 5723 Palm.
517 5680 669 5728 cun,
706 5663 798 5733 21,
829 5662 916 5719 22.
991 5664 1035 5696 ’⁸
1077 5661 1206 5718 ibid.
1241 5659 1326 5721 24,
1362 5659 1450 5719 25,
1527 5660 1567 5690 "
1614 5654 1707 5713 Mat

1843 5670 2019 5719 xxvii,
2058 5652 2144 5718 41,
2187 5652 2273 5706 42.
2349 5651 2393 5681 τ’
2436 5646 2577 5701 Psal.
2609 5658 2775 5707 cvm,
2809 5637 3017 5706 28—31.
