3936 6208
572 187 678 246 745

1219 183 1487 242 EUSEBII
1525 183 2003 241 CESARIENSIS
2039 185 2188 243 OPP.
2231 188 2414 247 PARS
2453 190 2518 246 ll.
2559 223 2628 231 —
2667 186 3164 246 APOLOGETICA.

568 308 709 366 dixit
742 305 1004 362 Dominus
1034 304 1102 359 ad
1134 317 1240 369 me,
1270 302 1492 359 Dimitte
1529 318 1623 360 eos
1655 305 1709 358 in
1737 302 2012 361 fornacem
2034 346 2049 371 ,
2081 315 2135 362 et
2161 342 2207 399 Α

570 409 755 474 specta
775 415 904 454 num
926 397 1282 468 approbatum
1325 397 1414 461 sit,
1454 397 1908 468 quemadmodum
1939 400 2135 470 proba-

3697 172 3814 226 τυ

2237 311 2389 382 ὑμῶν
2421 314 2571 375 ἐστι,
2604 311 2722 365 δότε
2753 311 2843 365 τὸν
2877 308 3066 381 μισθόν
3099 325 3219 379 μου,
3254 305 3289 377 ἢ
3321 301 3645 359 ἀπείπασθε.
3691 302 3822 356 Kal

2237 401 2468 473 ἔστησαν
2507 401 2598 456 τὸν
2645 401 2834 474 μισθόν
2884 419 2984 472 μου
3031 399 3322 472 τριάκοντα
3355 394 3644 466 ἀργυροῦς.
3693 393 3822 462 Kal

569 504 659 552 tus
689 508 807 550 sum
842 505 940 562 pro
967 491 1076 547 illis
1103 530 1118 553 ,
1164 499 1218 546 et
1250 491 1434 561 accepi
1467 490 1691 562 triginta
1725 501 2010 562 argenteos
2033 533 2048 556 ,
2081 509 2112 548 e

2233 491 2352 550 εἶπε
2395 494 2596 568 Κύριος
2642 496 2777 567 πρὸς
2827 495 2922 566 μέο
2960 493 3138 556 Κάθες
3170 492 3364 553 αὐτοὺς
3401 491 3481 552 εἰς
3509 487 3568 542 τὸ
3599 506 3821 560 χωνευ-

567 588 768 662 proieci
799 602 894 642 eos
933 586 986 639 in
1020 586 1182 640 domo
1214 583 1427 640 Domini
1457 584 1510 638 in
1559 583 1858 649 fornacem,
1881 593 1935 640 et
1959 585 2134 655 abjeci

565 684 770 750 virgam
803 680 1047 740 alteram,
1090 692 1211 748 qua:
1257 676 1457 732 dicitur
1493 675 1799 742 funiculus,
1851 676 1917 730 ad
1945 677 2134 732 .dissi-

565 774 803 845 pandum
831 771 1236 828 Testamentum
1298 770 1439 824 inter
1487 768 1681 824 Judam
1720 779 1774 825 et
1817 771 1982 825 lsrael
2007 772 2071 824 τ’.
2105 792 2127 825 ›

569 865 693 920 Haec
721 866 886 934 igitur
917 879 1074 920 suum
1131 863 1289 918 finem
1336 869 1628 917 consecuta
1665 871 1811 925 sunt,
1849 877 1958 933 quo
1989 871 2127 919 tem-

567 972 718 1028 pore,
746 964 802 1009 ut
837 963 920 1010 est
949 954 1088 1024 apud
1119 953 1319 1007 Lucam
1341 992 1356 1015 ,
1415 972 1433 1004 ι
1471 952 1660 1007 abiens
1694 951 1861 1008 ludas
1915 953 2130 1008 locutus

564 1062 649 1105 εει
687 1065 808 1103 cum
841 1047 1176 1117 principibus
1224 1043 1564 1100 sacerdotum
1599 1053 1654 1099 et
1686 1046 1904 1106 scribis.
1936 1053 1991 1101 et
2023 1046 2126 1100 du-

565 1141 718 1195 cibus
745 1139 948 1208 templi,
975 1133 1247 1206 quomodo
1280 1135 1428 1188 illum
1459 1137 1538 1190 eis
1567 1134 1836 1200 traderet;
1875 1146 1927 1190 et
1956 1137 2124 1206 gavisi

567 1237 712 1290 sunt,
748 1238 801 1281 et
836 1227 977 1297 pacti
1013 1233 1140 1280 sunt
1170 1233 1454 1296 argentum
1488 1225 1565 1278 illi
1592 1225 1724 1280 dare
1752 1225 1817 1280 7".
1853 1245 1870 1279 ι
1902 1224 1970 1281 Ut
1995 1243 2128 1282 vero

564 1319 706 1390 apud
737 1318 972 1372 Marcum
1004 1319 1261 1388 legimus,
1311 1332 1434 1370 cum
1482 1316 1616 1370 abiit
1659 1334 1678 1367 ι
1735 1317 1800 1371 ad
1851 1319 2127 1388 principes

563 1407 908 1464 sacerdotum
933 1445 949 1472 ,
998 1414 1057 1460 ut
1099 1407 1250 1460 illum
1306 1404 1589 1475 proderet;
1645 1403 1722 1458 illi
1755 1413 1931 1461 autem
1957 1408 2125 1477 gavisi

562 1508 724 1562 sunt,
765 1506 819 1554 et
850 1499 1218 1570 promiserunt
1268 1495 1318 1551 ei
1366 1511 1426 1553 se
1483 1504 1765 1566 argentum
1813 1496 2059 1556 daturos.
2099 1519 2120 1552 ι

562 1591 762 1648 Verum
810 1589 952 1662 apud
1019 1590 1122 1646 hos
1171 1588 1394 1660 quidem
1447 1596 1731 1662 argentum
1801 1588 2126 1660 simpliciter

2230 587 2434 659 τήριον.
2499 587 2607 640 Kal
2655 585 2849 655 σκέψαι
2889 586 2938 638 εἰ
2981 583 3199 654 δόκιμόν
3253 585 3436 645 ἐστιν,
3486 581 3544 635 ὃν
3601 582 3820 653 τρόπον

2230 679 2589 752 ἐδοκιμάσθην
2646 680 2786 751 ὑπὲρ
2839 679 3038 734 αὐτῶν.
3084 677 3190 732 Kal
3241 673 3433 729 έλαὸον
3481 677 3604 738 τοὺς
3635 674 3820 757 ⁹τριάρ

2230 789 2391 826 κοντα
2423 772 2696 845 ἀργυροῦς
2717 812 2732 836 ,
2767 773 2860 826 καὶ
2896 770 3143 824 ἐνέϐαλον
3171 769 3367 832 αὐτοὺς
3411 769 3490 830 εἰς
3520 766 3605 819 τὸν
3649 760 3818 820 οἶκον

2227 864 2433 935 Κυρίου
2463 865 2543 928 εἰς
2575 863 2635 916 τὸ
2664 865 3038 935 χωνευτήριον,
3075 862 3168 915 καὶ
3188 858 3467 932 ἀπέρριψα
3489 857 3582 928 τὴν
3604 857 3816 927 ῥάϐδον

2227 958 2323 1030 τὴν
2353 959 2609 1029 δευτέραν
2641 959 2699 1012 τὸ
2723 958 3026 1028 σχοίνισμα,
3060 953 3154 1008 τοῦ
3181 951 3526 1007 διασκεδάσαι
3556 950 3655 1020 τὴν
3682 953 3816 1002 Δια-

2228 1050 2398 1123 θήκην
2430 1051 2532 1106 ἀνά
2567 1051 2727 1123 μέσον
2742 1050 2908 1104 Ἰούδα
2941 1049 3036 1104 καὶ
3062 1047 3164 1102 ἀνὰ
3199 1047 3360 1118 μέσον
3387 1044 3622 1116 Ἰσραήλ.
3641 1063 3661 1094 ι
3695 1044 3814 1098 Καὶ

2225 1139 2394 1195 ταῦτα
2421 1141 2605 1204 τέλους
2638 1140 3050 1210 ἐτύγχανεν,ὄτε
3073 1179 3087 1203 ,
3110 1137 3250 1193 κατά
3291 1136 3387 1207 μέν
3420 1135 3510 1187 τὸν
3547 1136 3810 1194 Λουκᾶν,

2233 1233 2514 1288 ιάπελθὼν
2554 1235 2583 1287 6
2633 1233 2830 1298 Ἰούδας
2867 1231 3140 1286 συνελάλει
3193 1233 3302 1292 τοῖς
3351 1225 3672 1300 ἀρχιερεῦσι
3711 1227 3810 1278 καὶ

2227 1327 2547 1396 στρατηγοῖς
2579 1324 2670 1378 τοῦ
2721 1322 2890 1396 ἱεροῦ,
2932 1323 3080 1384 ὅπως
3112 1319 3271 1375 αὐτὸν
3317 1317 3545 1390 παραδῷ
3575 1318 3768 1379 αὐτοῖς
3787 1333 3802 1344 ·

2226 1417 2318 1469 καὶ
2346 1417 2638 1488 ἐχάρησαν,
2677 1417 2770 1470 καί
2791 1415 3070 1470 συνέθεντο
3097 1413 3244 1484 αὺτῷ
3275 1411 3517 1484 ἀργύρια
3544 1409 3752 1463 δοῦναι.
3779 1429 3800 1462 ι

2223 1509 2381 1564 Κατά
2405 1509 2461 1563 δέ
2481 1510 2572 1564 τὸν
2599 1508 3089 1582 Μάρκον,ὁπηνίκα
3116 1506 3350 1578 «ἀπῆλθε
3382 1503 3520 1576 πρὸς
3549 1504 3679 1565 τοὺς
3703 1504 3804 1574 ἀρ-

2223 1603 2442 1674 χιερεῖς,
2464 1601 2548 1655 ἵνα
2581 1600 2804 1673 παραδῷ
2831 1601 3011 1655 αὐτόν.
3036 1601 3100 1654 Ol
3119 1599 3174 1652 δὲ
3193 1597 3488 1669 ἐχάρησαν,
3519 1600 3617 1650 καὶ
3635 1595 3800 1662 ἐπεγ-

561 1684 900 1741 nominatum
948 1689 1054 1738 est.
1087 1681 1242 1752 Apud
1280 1680 1588 1738 Mattbaeum
1617 1689 1798 1738 autem
1864 1698 2116 1740 numerus

2228 1691 2473 1760 γείλαντο
2515 1692 2663 1764 αὐτῷ
2705 1690 2941 1764 ἀργύρια
2992 1689 3196 1744 δοῦναι.
3243 1709 3260 1740 ι
3481 1687 3544 1740 ἐν
3591 1685 3801 1746 τούτοις

559 1792 778 1848 quoque
806 1775 1099 1839 indicatur,
1131 1774 1224 1845 qui
1257 1790 1389 1830 sane
1415 1774 1486 1829 ab
1513 1791 1578 1831 eo
1612 1790 1771 1846 quem
1806 1776 1990 1847 posuit
2017 1775 2122 1830 Za-

559 1870 777 1926 charias
800 1869 1024 1924 minime
1055 1868 1348 1937 discrepat.
1396 1866 1537 1922 Dicit
1585 1867 1749 1939 igitur
1794 1867 2118 1924 Maltinus:

566 1982 586 2016 ι
618 1963 771 2019 Tunc
802 1964 989 2018 abiens
1019 1977 1161 2016 unus
1193 1960 1259 2016 de
1277 1960 1584 2024 duodecim,
1608 1961 1700 2032 qui
1726 1961 1928 2016 dicitur
1956 1959 2125 2016 Judas

558 2056 867 2121 lscariotes,
886 2055 953 2110 ad
980 2055 1254 2126 principes
1277 2051 1648 2119 sacerdotum,
1665 2054 1803 2108 dixit
1831 2055 1913 2110 eis
1938 2073 1951 2109 :
1982 2054 2122 2121 Quid

559 2151 723 2206 vultis
754 2148 884 2203 mihi
910 2147 1062 2210 dare,
1090 2155 1144 2202 et
1172 2162 1272 2217 ego
1294 2162 1418 2200 eum
1443 2146 1599 2201 vobis
1628 2146 1885 2200 tradam?
1909 2147 1988 2201 illi
2020 2162 2121 2202 au~

558 2252 665 2298 tem
693 2239 1182 2300 constituerunt.ei
1212 2238 1434 2310 triginta
1464 2246 1698 2293 stateres
1727 2239 1796 2294 ⁷⁸.
1827 2237 2125 2295 LConsen-

555 2343 715 2390 tanea
737 2333 898 2405 igitur
926 2332 1039 2388 haec
1066 2340 1191 2386 sunt
1227 2331 1275 2385 ei
1308 2330 1451 2401 quod
1496 2330 1549 2385 in
1581 2331 1866 2400 prophetia
1916 2331 2120 2386 dictum

555 2434 640 2482 est
661 2441 690 2478 a
725 2424 991 2480 Domino:
1029 2443 1048 2476 ι
1084 2422 1150 2477 Et
1173 2423 1576 2477 constituerunt
1605 2423 1910 2479 mercedem
1943 2440 2117 2478 meam

558 2517 780 2588 triginta
828 2525 1140 2586 argenteos.
1191 2533 1210 2566 ι
1277 2513 1382 2569 Pro
1432 2529 1540 2584 quo
1593 2514 1951 2584 Symmachus
2000 2517 2122 2584 qui-

554 2609 676 2664 dem
728 2608 840 2662 ait:
881 2625 901 2660 c
954 2607 1021 2660 Et
1073 2606 1545 2676 apprehenderunt
1596 2606 1896 2661 mercedem
1946 2621 2122 2660 meam

546 2701 773 2771 triginta
819 2709 1125 2770 argenteos.
1158 2717 1177 2749 ι
1234 2698 1426 2768 Aquila
1459 2713 1627 2753 vero:
1667 2715 1688 2750 ι
1727 2695 1794 2751 Et
1823 2698 2120 2753 constitue-

553 2800 682 2847 runt
729 2790 1030 2847 mercedem
1063 2804 1238 2845 meam
1263 2789 1486 2859 triginta
1524 2797 1830 2860 argenteos,
1865 2809 1884 2841 ι
1919 2789 2120 2860 quibus

547 2883 686 2939 illud
719 2883 1074 2953 adiungitur:
1124 2900 1143 2934 ι
1181 2881 1246 2936 Et
1275 2880 1413 2935 dixit
1458 2879 1719 2935 Dominus
1752 2881 1819 2935 ad
1867 2896 1993 2937 me:
2027 2879 2120 2934 Di-

551 2975 706 3032 mitte
732 2991 826 3031 eos
854 2975 910 3030 in
941 2974 1237 3039 fornacem,
1266 2981 1321 3028 et
1365 2972 1488 3028 vide
1518 2988 1646 3030 num
1682 2973 1970 3044 probatum
2004 2973 2112 3040 sit,

2229 1783 2326 1853 μὲν
2351 1782 2535 1847 ἁπλῶς
2564 1785 2625 1837 τὸ
2646 1783 2904 1855 ἀργύριον
2927 1783 3258 1854 ὠνόμασται·
3285 1779 3437 1853 παρὰ
3460 1779 3522 1834 δέ
3546 1778 3634 1849 τῷ
3662 1779 3800 1832 Βατ-

2227 1873 2362 1945 θαίῳ
2394 1875 2785 1946 μνημονεύεται
2827 1874 2920 1928 καὶ⁵
2959 1876 2987 1928 ό
3031 1873 3282 1947 ἀριθμὸς,
3319 1871 3555 1943 συνᾴδων
3592 1873 3669 1940 τῇ
3701 1869 3801 1923 ἀπὺ

2223 1965 2316 2019 τοῦ
2345 1967 2610 2038 Ζαχαρίου
2645 1966 2964 2039 παραθέσει.
2994 1966 3156 2034 Λέγει
3191 1965 3236 2019 δ’
3279 1959 3369 2018 οῦν
3409 1966 3438 2018 ὁ
3477 1961 3793 2025 Ματθαῐος·

2232 2082 2248 2110 ι
2268 2059 2398 2112 Τότε
2429 2059 2709 2130 πορευθεὶς
2727 2054 2808 2122 εἷς
2834 2057 2942 2111 τῶν
2973 2057 3199 2122 δώδεκα,
3222 2061 3251 2111 6
3272 2057 3569 2128 λεγόμενος
3605 2055 3798 2118 Ἰούδας

2236 2151 2601 2223 Ἰσκαριώτης,
2638 2150 2772 2223 πρὸς
2801 2152 2927 2216 τοὺς
2953 2152 3259 2224 ἀρχιερεῖς,
3294 2149 3444 2205 εἶπεν
3479 2153 3706 2216 αὐτοῖς·
3743 2153 3798 2206 τί

2225 2242 2404 2296 θέλετέ
2428 2260 2516 2314 μοι
2549 2241 2770 2308 δοῦναι,
2805 2241 2961 2312 κάγὼ
2996 2244 3123 2316 ύμῖν
3157 2243 3464 2315 παραδώσω
3497 2245 3672 2298 αὐτόν
3697 2263 3712 2309 ;
3739 2247 3795 2298 Οἰ

2222 2335 2280 2388 δέ
2325 2335 2555 2406 ἔστησαν
2597 2335 2744 2407 αὐτῷ
2788 2335 3079 2407 τριάκοντα
3127 2337 3419 2408 στατῆρας.
3464 2355 3484 2388 ι
3523 2334 3794 2406 Σύμςρωνα

2223 2425 2312 2482 οῦν
2326 2429 2496 2482 ταῦτά
2518 2431 2632 2483 ἐστι
2651 2429 2747 2501 τῷ,
2778 2430 2916 2483 «Καὶ
2935 2428 3165 2500 ἔστησαν
3187 2429 3278 2482 τδν
3300 2428 3494 2499 μισθόν
3515 2447 3626 2501 μου
3649 2430 3792 2502 τριά-

2222 2537 2384 2574 κοντα
2417 2521 2724 2595 ἀργυροῦς,
2758 2541 2776 2574 ι
2816 2523 2874 2576 ἐν
2903 2524 2970 2593 τῇ
3021 2522 3328 2594 προφητείᾳ
3368 2523 3660 2594 εἰρημένῳ
3701 2523 3793 2576 ὑπὸ

2219 2612 2312 2666 τοῦ
2347 2614 2572 2685 Κυρίου.
2607 2613 2745 2667 Ἀνθ’
2772 2609 2833 2669 οὗ
2865 2616 2893 2667 ὁ
2919 2614 3017 2686 μέν
3044 2613 3334 2686 Σύμμαχος
3356 2615 3586 2686 ἐποίησε
3612 2633 3627 2646 ·
3654 2633 3674 2666 ι
3697 2616 3791 2668 Kal

2221 2705 2550 2777 ἐστάθμισαν
2582 2705 2672 2760 τὸν
2707 2707 2896 2778 μισθόν
2919 2724 3021 2778 μου
3052 2707 3345 2780 τριάκοντα
3368 2709 3658 2779 ἀργυροῦς
3681 2725 3696 2738 ”
3732 2709 3791 2760 »ὁ

2219 2798 2275 2852 δέ
2316 2798 2574 2864 Ἀκύλαςο
2625 2817 2644 2852 ι
2696 2801 2806 2853 Kal
2846 2800 3085 2871 ἔστησαν
3125 2800 3216 2853 τὸν
3255 2799 3446 2871 μισθόν
3497 2818 3606 2870 μου
3651 2801 3790 2872 τριά-

2221 2905 2381 2942 κοντα
2403 2888 2675 2962 ἀργυροῦς
2695 2907 2708 2920 ·
2730 2909 2750 2940 ι
2782 2885 2863 2954 οἷς
2894 2890 3224 2959 ἐπιλέγεται·
3271 2909 3290 2941 ι
3311 2891 3418 2944 Kal
3439 2885 3570 2944 εἷπε
3595 2893 3791 2963 Κύριος

2220 2979 2356 3052 πρὸς
2384 2979 2451 3051 μέ
2474 2997 2488 3009 ·
2521 2979 2702 3044 Κάθες
2722 2980 2919 3044 αὐτοὺς
2951 2980 3031 3042 είς
3050 2979 3112 3032 τὸ
3133 2979 3521 3050 χωνευτήριον,
3551 2979 3652 3033 καὶ
3677 2979 3788 3034 σιέ-

549 3069 1004 3140 quemadmodum
1055 3067 1317 3139 probatus
1362 3081 1481 3121 sum
1513 3081 1612 3138 pro
1644 3066 1770 3122 illis.
1805 3086 1824 3119 ›
1863 3064 1970 3122 Pro
2009 3084 2116 3140 quo

2220 3045 2314 3141 ψαι
2347 3045 2397 3124 εἰ
2417 3071 2632 3144 δόκιμόν
2653 3074 2819 3137 ἐστιν,
2846 3071 2904 3125 ὃν
2932 3045 3521 3143 τῴποντέὣκιμάσθην
3541 3073 3688 3142 ὑπὲρ
3709 3074 3788 3124 αὖ·

551 3179 744 3219 rursus
771 3162 965 3234 Aquila
1011 3160 1229 3233 quidem
1271 3159 1352 3216 sic
1384 3159 1460 3214 ait
1489 3178 1502 3214 :
1538 3179 1557 3211 ‹
1596 3158 1660 3214 Ει
1692 3159 1828 3215 dixit
1855 3158 2115 3218 Dominus

545 3256 619 3312 ad
653 3271 775 3312 me:
811 3255 1031 3310 Dimitte
1056 3268 1151 3309 eos
1185 3253 1238 3307 in
1272 3251 1570 3326 fornacem,
1597 3253 1800 3323 projice
1833 3268 1928 3309 eos
1955 3254 2022 3310 ad
2054 3255 2116 3309 li-

549 3349 763 3419 gulum,
789 3347 1116 3402 immensum
1143 3345 1377 3415 pretium
1409 3359 1518 3414 quo
1538 3346 1838 3400 azstimatus
1869 3360 1989 3399 sum
2017 3361 2115 3415 pro

550 3437 679 3505 illis,
705 3459 724 3491 ι
751 3437 917 3510 480
937 3441 990 3492 et
1014 3451 1146 3493 sane
1171 3435 1388 3490 attende
1417 3449 1654 3505 quonam
1685 3441 1842 3503 pacto
1865 3433 1981 3503 ipse
2008 3431 2114 3488 Do-

549 3533 735 3589 minus
763 3533 996 3604 pretium
1025 3544 1184 3587 suum
1213 3528 1501 3584 confitetur
1553 3527 1778 3598 triginta
1825 3535 2114 3598 argenteos

549 3625 739 3682 datum
765 3639 910 3683 esse.
961 3622 1192 3680 Videtur
1219 3629 1399 3678 autem
1431 3620 1549 3692 ipsa
1579 3619 1868 3675 verborum
1894 3619 2114 3691 excogi-

549 3717 686 3774 tatio
711 3718 873 3774 talem
901 3731 1011 3788 prae
1039 3731 1100 3772 se
1133 3713 1276 3772 ferre
1305 3729 1525 3770 sensum
1555 3732 1568 3768 :
1603 3713 1714 3786 Ego
1749 3714 1966 3786 quidem
2003 3714 2112 3770 Do-

547 3811 732 3871 minus
761 3824 792 3863 a
824 3813 1001 3880 primo
1029 3808 1296 3877 incipiens
1329 3806 1418 3863 die
1460 3822 1738 3878 nunquam
1793 3808 1930 3863 desii
1981 3824 2114 3864 mea:

548 3901 900 3973 benignitatis
916 3899 1115 3955 indicia
1139 3898 1292 3954 vobis
1305 3897 1509 3955 ludatis
1531 3898 2116 3970 impendere,innume-

548 3994 922 4064 rabilibusque
953 4007 1052 4048 vos
1077 3990 1358 4047 beneflciis
1382 3990 1615 4056 allicere,
1648 4007 1760 4045 non
1781 3992 1956 4048 solum
1982 3992 2110 4046 dum

547 4085 618 4142 ad
644 4100 743 4141 vos
771 4084 840 4138 ab
880 4083 1036 4138 initio
1065 4082 1358 4152 prophetas
1405 4081 1562 4135 mitto
1584 4121 1599 4145 ,
1645 4083 1737 4139 sed
1781 4083 1944 4139 etiam
1981 4082 2108 4139 dum

549 4192 636 4232 me
661 4176 841 4246 ipsum
862 4173 1018 4230 vobis
1053 4181 1370 4244 prmsentem
1401 4173 1632 4228 exhibeo
1651 4213 1666 4238 ,
1709 4182 1819 4228 tum
1851 4174 1905 4228 in
1935 4173 2110 4228 moui-

550 4269 620 4323 tis
651 4282 716 4322 ac
739 4265 1102 4330 documentis,
1133 4264 1596 4334 rationalibusque
1633 4266 1947 4335 pratceptis,
1996 4273 2110 4319 tum

547 4360 605 4415 in
630 4358 804 4428 signis
827 4365 883 4413 et
903 4357 1168 4428 portentis
1201 4365 1255 4413 et
1301 4357 1422 4412 aliis
1465 4357 1852 4412 miraculorum
1898 4358 2112 4430 generi-

548 4450 672 4518 bus,
721 4459 834 4504 tum
889 4450 1050 4504 etiam
1084 4450 1136 4504 in
1189 4449 1566 4518 sanationibus
1620 4457 1675 4505 et
1725 4450 1979 4519 medelis;
2013 4466 2110 4506 vos

547 4553 676 4609 ergo
699 4538 790 4606 qui
821 4543 968 4592 tanta
992 4538 1344 4594 beneficentia
1371 4537 1520 4609 digni
1564 4537 1737 4594 habiti
1761 4539 1897 4596 estis
1917 4579 1933 4606 ,
1988 4539 2112 4596 date

547 4629 851 4686 mercedem
881 4645 1077 4694 meam,
1110 4638 1203 4686 aut
1229 4632 1468 4688 renuite:
1515 4631 1596 4688 sic
1624 4631 1843 4703 quidem
1872 4631 1942 4688 ab
1968 4612 2106 4698 illis,

545 4733 606 4779 ut
635 4740 732 4795 par
758 4732 861 4788 est,
886 4724 1095 4781 fructus
1125 4725 1360 4796 pietatis,
1389 4733 1443 4782 et
1475 4725 1676 4786 indicia
1707 4725 1833 4782 fidei
1864 4741 1996 4799 erga
2021 4743 2111 4783 se-

543 4819 722 4891 ipsum
757 4818 1060 4888 postulans.
1106 4819 1175 4872 At
1199 4819 1276 4872 illi
1315 4818 1394 4889 (ut
1427 4819 1480 4874 in
1535 4835 1598 4876 ea
1650 4835 1812 4891 quam
1860 4821 2107 4892 proxime

541 4923 671 4969 ante
701 4913 841 4968 hanc
873 4913 1153 4984 posuimus
1205 4912 1518 4983 prophetia,
1551 4912 1755 4968 dictum
1785 4915 1912 4982 est),
1953 4931 1972 4964 ι
2007 4928 2107 4984 pro

537 5020 610 5061 eo
634 5015 691 5061 ut
716 5021 803 5061 me
833 5006 1136 5077 diligerent.
1164 5003 1522 5060 detrahebant
1549 5004 1702 5068 mihi,
1731 5013 1786 5061 et
1805 5013 2106 5077 posuerunt

537 5098 835 5156 adversum
866 5114 951 5155 me
983 5098 1122 5154 mala
1154 5112 1253 5168 pro
1281 5097 1438 5153 bonis
1459 5139 1474 5164 ,
1512 5105 1566 5152 et
1607 5096 1788 5152 odium
1837 5112 1938 5170 pro
1963 5097 2102 5153 dile-

540 5190 726 5248 ctione
753 5204 875 5246 mea
906 5191 988 5256 ης
1027 5207 1047 5242 ι
1085 5198 1278 5245 etcum
1310 5188 1533 5259 triginta
1572 5197 1856 5260 argenteos
1898 5186 2103 5243 consti-

541 5283 770 5346 tuerint,
798 5290 1057 5353 tanquam
1085 5296 1208 5337 eum
1232 5282 1328 5353 qui
1346 5281 1483 5335 tanti
1505 5281 1848 5350 venderetur,
1865 5281 2103 5336 aestima-

545 5383 760 5430 verunt.
784 5374 895 5432 Sed
925 5374 1184 5446 quoniam
1217 5373 1648 5444 uniuscujusque
1681 5389 1820 5444 opus
1851 5373 2010 5444 quale
2030 5373 2101 5428 sit

545 5464 688 5535 ignis
713 5467 1182 5536 probabit,merito
1197 5469 1429 5540 imperat
1450 5473 1506 5521 ut
1524 5466 1814 5522 mittantur
1839 5467 1893 5522 in
1916 5465 2100 5521 forna-

2140 4413 2188 4474 D

2219 3165 2378 3218 τῶν.»
2422 3165 2560 3219 Ἀνθ’
2587 3158 2648 3219 οῦ
2667 3166 2826 3220 πάλιν
2855 3167 2884 3220 6
2919 3165 3014 3237 μὲν
3047 3164 3276 3228 Ἀκύλας
3305 3165 3439 3235 φησί
3463 3181 3478 3196 ⁸
3513 3167 3663 3219 «Kal
3679 3161 3786 3219 εἶα

2220 3259 2446 3332 Κύριος·
2465 3259 2645 3330 Ῥίψον
2675 3259 2813 3314 αῦτά
2853 3258 2990 3330 πρὸς
3017 3258 3107 3311 τὸν
3141 3257 3401 3326 πλάστην.
3450 3256 3788 3328 ’Υτεερμεγέο

2221 3351 2320 3423 θης
2348 3354 2381 3414 ἡ
2406 3351 2558 3423 τιμὴ,
2587 3352 2652 3421 ἣν
2685 3351 2946 3422 ἐτιμήθην
2978 3349 3118 3421 ὑπὲρ
3141 3348 3340 3402 αὐτῶν.
3372 3368 3388 3401 ι
3410 3347 3525 3401 Kal
3559 3350 3785 3420 πρόσχες

2218 3444 2337 3498 τίνα
2368 3447 2564 3517 τρόπον
2605 3444 2766 3508 αὐτὸς
2797 3446 2825 3497 6
2850 3443 3050 3515 Κύριος
3079 3442 3243 3513 τιμὴν
3297 3439 3495 3496 ἑαυτοῦ
3539 3441 3783 3510 ὁμολογεῖ

2219 3537 2342 3599 τοὺς
2374 3537 2661 3608 τριάκοντα
2689 3533 2963 3607 ἀργυροῦς
3003 3532 3264 3588 δεδόσθαι.
3294 3532 3480 3586 Ἐοικε
3526 3533 3590 3586 δέ
3631 3535 3664 3604 ἡ
3693 3531 3782 3600 τῆς

2218 3628 2412 3694 λέξεως
2457 3629 2658 3682 διάνοια
2689 3627 2926 3682 τοιοῦτόν
2956 3644 3077 3681 τινα
3112 3625 3394 3696 ἐμφαίνειν
3439 3623 3573 3678 νοῦν
3595 3644 3611 3656 ·
3657 3624 3781 3692 Ἐγὼ

2221 3721 2320 3792 μέν
2369 3722 2398 3773 6
2439 3720 2672 3792 Κύριος,
2709 3723 2774 3774 ἐκ
2817 3717 3038 3792 πρώτης
3081 3716 3382 3789 ἀρξάμενος
3429 3716 3684 3787 ἡμέρας,
3724 3717 3778 3769 οὐ

2216 3813 2448 3867 διέλιπον
2479 3812 2577 3884 τῆς
2604 3811 2838 3883 ἐμαυτοῦ
2870 3810 3232 3883 χρηστότητος
3256 3810 3381 3879 ὑμῖν
3401 3811 3518 3872 τοῖς
3551 3811 3622 3863 ἐκ
3649 3826 3779 3879 περιρ

2216 3904 2385 3974 τομῆς
2411 3903 2676 3974 δείγματα
2705 3903 2979 3976 παρέχων,
3013 3901 3106 3956 καὶ
3126 3901 3293 3974 μυρία
3324 3901 3427 3958 ὅσα
3457 3900 3609 3970 ὑμεῖς
3641 3901 3776 3971 εὐερ-

2216 3994 2409 4064 γετῶν,
2431 3995 2491 4048 οὐ
2515 3994 2671 4066 μόνον
2691 3994 2759 4048 τὰ
2783 3993 2869 4047 διά
2899 3993 3008 4048 τῶν
3026 3991 3286 4048 ἀνέκαθεν
3315 3993 3642 4064 προφητῶν,
3657 3991 3774 4045 ἀλλὰ

2216 4083 2309 4137 καὶ
2339 4084 2408 4138 τά
2439 4083 2527 4136 διά
2556 4084 2654 4154 τῆς
2685 4081 2920 4154 ἐμαυτοῦ
2951 4083 3278 4155 παρουσίας,
3309 4081 3368 4134 ἐν
3402 4098 3466 4135 τε
3499 4086 3626 4146 ταῖς
3658 4098 3772 4149 προ-

2214 4178 2529 4248 τρεπτικαῖς
2583 4175 2949 4238 διδασκαλίαις
3006 4175 3100 4228 καὶ
3149 4175 3258 4237 τοῖς
3323 4172 3570 4241 λογικοῖς
3626 4172 3770 4244 μαθή-

2219 4284 2379 4337 μασιν
2399 4306 2413 4329 ,
2441 4266 2498 4319 ἐν
2529 4283 2588 4319 τε
2619 4270 2732 4329 τοῖς
2763 4265 3004 4338 σημείοις
3032 4265 3124 4318 καί⁵
3158 4265 3378 4339 τέρασι,
3419 4264 3514 4317 καὶ
3543 4269 3663 4328 ταῖς
3695 4265 3770 4317 άλ-

2216 4357 2334 4420 λαις
2357 4356 2837 4427 ιπαραδοξοποιίαις
2855 4395 2869 4419 ,
2902 4358 3021 4420 ταῖς
3052 4373 3110 4409 τε
3153 4355 3324 4409 ἰάσεσι
3348 4356 3442 4408 καὶ
3470 4359 3602 4419 ταῖς
3633 4357 3772 4425 θερα-

2214 4449 2424 4512 πείαις·
2458 4450 2613 4521 ὑμεῖς
2639 4448 2698 4502 δέ
2731 4450 2780 4502 οί
2822 4448 2920 4518 τῆς
2951 4447 3220 4519 τοσαύτης
3251 4448 3580 4519 εὐεργεσίας
3624 4447 3770 4517 ἠξιω-

2215 4542 2362 4611 μένοι
2393 4541 2508 4595 δότε
2543 4543 2633 4594 τὸν
2664 4541 2848 4612 μισθόν
2884 4558 2983 4612 μου
3007 4582 3022 4605 ,
3055 4541 3086 4612 ἢ
3116 4540 3423 4595 ἀπείπασθε
3443 4557 3459 4572 ·
3483 4541 3655 4594 αἰτῶν
3681 4539 3766 4592 σὺ·

2209 4631 2333 4693 τοὺς
2351 4669 2365 4693 ,
2388 4628 2464 4693 ὡς
2490 4629 2634 4694 εἰκὸς
2652 4670 2666 4693 ,
2698 4631 2937 4702 καρποὺς
2969 4629 3248 4694 εὐσεϐείας
3271 4671 3284 4694 ,
3315 4630 3408 4683 καὶ
3446 4629 3650 4702 δεῖγμα
3681 4631 3766 4698 τῆς

2210 4723 2288 4785 εἰς
2322 4721 2484 4774 αὑτὸν
2515 4721 2769 4785 πίστεως.
2805 4722 2867 4775 Ol
2889 4722 2974 4786 δὲ,
3011 4720 3184 4792 (κατά
3215 4721 3276 4775 τὸ
3304 4723 3603 4793 εἰρημένον
3629 4725 3682 4775 ὲν
3705 4723 3764 4790 τῇ

2211 4813 2316 4884 πρὸ
2345 4812 2546 4886 ταύτης
2573 4813 2913 4885 παραθέσει,)
2946 4833 2965 4865 ι
3005 4814 3122 4867 ἀντὶ
3150 4812 3242 4868 τοῦ
3275 4814 3498 4885 ἀγαπᾷν
3532 4833 3603 4886 με
3645 4814 3768 4867 ἐνδι-

2211 4905 2429 4960 έόαλλόν
2457 4924 2544 4978 με,
2576 4907 2668 4961 καὶ
2695 4906 2874 4960 ἔθεντο
2901 4907 3018 4961 κατ’
3048 4906 3178 4978 ἐμοῦ
3211 4905 3356 4960 κακά
3383 4907 3506 4960 ἀντὶ
3535 4905 3765 4974 ἀγαθῶν.
3867 4951 3869 4973 ,

2210 4999 2302 5055 καὶ
2325 5003 2477 5072 μῖσος
2492 4999 2610 5054 ἀντὶ
2627 5000 2723 5070 τῆς
2749 4997 3078 5071 ἀγαπήσεὼς
3102 5016 3224 5069 μου,
3239 5018 3256 5050 ι
3283 5000 3584 5070 τριάκοντα
3606 5001 3764 5070 ἀρτν-
3865 5069 3867 5077 Ι

2211 5092 2336 5166 ροῦς
2374 5094 2683 5164 στήσαντες,
2713 5091 2902 5162 ὥσπερ
2937 5091 3186 5144 τοσούτου
3221 5090 3380 5144 αὐτὸν
3427 5090 3765 5160 πωλούμενον

2207 5185 2548 5257 ἐτιμήσαντο.
2607 5183 2742 5238 Ἀλλ’
2794 5184 2916 5237 ἐπεὶ
2967 5184 3026 5236 τὸ
3093 5183 3320 5237 ἐκάστου
3375 5184 3542 5256 ἔργον
3592 5186 3764 5237 ότωῖόν

2207 5278 2322 5332 ἐστι
2345 5277 2404 5331 τὸ
2433 5277 2540 5350 πῦρ
2558 5276 2688 5330 αὐτὸ
2713 5277 3015 5347 δοκιμάσει,
3043 5276 3266 5341 εἰκότως
3303 5278 3767 5350 προστάττεικαθο

2206 5369 2328 5440 ἧναι
2381 5371 2574 5427 αὐτοὺς
2620 5369 2698 5431 εἰς
2737 5367 2797 5420 τὸ
2826 5367 3218 5438 χωνευτήριον,
3268 5365 3578 5434 ἐπιλέγων*
3613 5383 3632 5417 ι
3672 5367 3763 5417 Ὃν

2206 5461 2403 5534 τρόπον
2435 5461 2791 5532 ἐδοκιμάσθην
2829 5459 2969 5530 ὑπὲρ
3010 5459 3207 5512 αὐτῶν.
3251 5477 3269 5510 ι
3309 5459 3686 5533 Χωνευτηριον
3709 5455 3760 5508 δὲ

608 5639 656 5674 ⁷³
690 5637 923 5704 Zachar.
954 5655 1034 5716 xr,
1067 5647 1117 5714 7,
1148 5646 1231 5704 M.
1303 5646 1348 5677 "
1386 5643 1520 5704 Luc.
1555 5659 1705 5710 xxu,
1739 5643 1794 5711 4,
1825 5643 1879 5699 5.
1953 5642 1998 5674 ⁷³
2038 5637 2116 5694 Ma

2220 5680 2226 5694 .
2267 5654 2416 5704 xxvr,
2451 5638 2537 5703 14,
2569 5637 2655 5692 15.
2730 5638 2777 5670 ⁷⁸
2815 5635 2959 5693 Psal.
2993 5651 3155 5702 cvm,
3187 5636 3242 5704 4,
3282 5635 3338 5694 5.
