3936 6208
218 229 320 287 715

1130 230 1781 290 DEMONSTRATIONIS
1812 231 2267 287 EVANGELICrE
2300 232 2425 289 UB.
2457 233 2528 291 Χ.

3355 236 3458 292 746

217 346 451 401 ἐνταῦθα
494 346 632 402 ἔοικε
663 351 751 403 τὸν
780 346 925 403 οἶκον
964 349 1168 420 Κυρίου
1198 349 1501 416 ὀνομάζειν.
1532 348 1792 411 Εἰπόντος

1901 364 2033 411 rem,
2072 349 2201 402 illud
2254 348 2551 418 adjungens
2586 368 2597 403 :
2646 368 2664 400 (
2701 348 3163 415 Quemadmodum
3198 352 3459 420 probatus

217 433 349 503 γοῦν
382 439 475 491 τοῦ
510 438 736 511 Κυρίου,
770 440 911 493 κατὰ
941 441 1065 503 τοὺς
1099 441 1525 512 Ἐϐδομήκοντα’
1552 460 1569 491 ι
1606 439 1788 501 Κάθες

216 529 415 593 αὐτοὺς
450 532 528 593 είς
547 532 607 583 τὸ
635 533 991 602 χωνευτήριον
1014 575 1027 597 ,
1066 551 1082 583 ι
1113 531 1362 603 ἐπιφέρει
1385 549 1397 562 ’
1425 552 1442 584 ι
1466 530 1575 586 Kal.
1604 531 1789 585 ἐνέϐα-

213 621 319 677 λον
348 625 541 688 αὐτοὺς
588 628 667 690 είς
711 625 801 679 τὸν
843 622 988 679 οἶκον
1036 626 1262 696 Κυρίου,
1304 627 1385 689 είς
1428 625 1489 678 τὸ
1522 628 1791 697 χωνευτήέ

219 724 355 788 ριον.
390 734 407 767 ι
433 717 586 795 Κατᾲ
604 717 659 769 δὲ
681 718 770 770 τὸν
806 717 1033 771 Ἀκύλαν
1055 735 1067 747 ·
1103 738 1120 768 ‹
1153 711 1410 781 Εἰπόντος
1437 716 1529 770 τοῦ
1561 718 1785 795 Κυρίουο

229 805 415 875 Ῥίψον
466 790 616 869 αὐτο,
645 826 661 859 ι
691 808 846 879 δῆλον
896 809 938 862 δ’
980 810 1060 861 ὃτι
1090 809 1151 860 τὸ
1191 808 1481 880 ἀργύριον,
1517 804 1652 881 πρὸς
1698 790 1790 861 τον

219 896 487 967 πλάστην,
515 898 782 969 ἐπιφέρειο
819 901 958 953 «Καὶ
985 900 1182 973 ἔρριψα
1205 902 1261 952 ὲν
1275 901 1409 971 οἴκῳ
1422 902 1626 972 Κυρίου
1654 899 1790 971 πρὸς

216 987 315 1040 τὸν
333 988 597 1058 πλάστην.
626 1008 645 1041 ι
672 990 829 1044 Κατὰ
850 990 903 1043 δὲ
928 991 1017 1043 τὸν
1047 991 1337 1062 Σύμμαχον
1357 1009 1369 1021 ·
1395 992 1681 1055 «Εἰπόντος
1696 991 1789 1044 τοῦ

216 1081 448 1151 Κυρίου*
488 1081 666 1151 Ῥίῲον
690 1084 820 1135 αὐτὸ
866 1086 943 1148 εἰς
981 1086 1039 1138 τὸ
1068 1086 1450 1156 χωνευτήριον,
1490 1105 1508 1138 ι
1542 1085 1790 1158 ἐπιφέρει

217 1171 429 1240 λέγων·
465 1194 482 1223 ι
520 1175 628 1227 Καὶ
658 1174 853 1247 ἔρριψα
888 1177 1017 1228 αὐτὸ
1049 1179 1126 1240 εἰς
1158 1177 1247 1229 τὸν
1281 1173 1426 1230 οἶκον
1455 1177 1680 1249 Κυρίου,
1713 1180 1791 1241 εἰς

217 1266 283 1318 τό
311 1267 689 1337 χωνευτήριον.
728 1286 746 1317 ι
796 1269 1020 1339 Μήποτε
1051 1269 1106 1321 δὲ
1132 1270 1225 1321 καὶ
1262 1268 1417 1322 τοῦτο
1454 1270 1789 1342 ἐπληροῦτο,

216 1357 309 1409 ὅτε
330 1376 347 1408 ι
372 1357 589 1421 Ἰούδας,
603 1376 621 1408 ι
640 1360 667 1411 ό
680 1360 1002 1430 παραδιδοὺς
1020 1360 1110 1413 τὸν
1128 1360 1350 1429 Κύριον,
1376 1380 1393 1411 ι
1409 1361 1548 1425 ἰδὼν,
1564 1363 1644 1415 ὅτι
1663 1380 1792 1416 κατ-

217 1447 414 1519 εκρίθη
439 1488 453 1511 ,
505 1448 897 1519 μεταμεληθεὶς
940 1450 1249 1522 ἀπέστρεψε
1287 1454 1349 1505 τὸ
1392 1453 1650 1524 ἀργύριον
1682 1457 1794 1517 τοῖς

218 1538 535 1610 ἀρχιερεῦσι
569 1532 662 1592 καὶ
696 1542 1083 1613 πρεσϐυτέροις
1104 1584 1118 1607 ,
1150 1543 1321 1612 λέγων
1341 1561 1353 1573 ⁸
1388 1546 1669 1616 Ἥμαρτον
1692 1548 1796 1598 πα·-

218 1630 423 1701 ραδοὺς
470 1627 607 1701 αἷμα
644 1632 838 1711 ἀθῶον,
889 1634 952 1686 Οί
1000 1634 1057 1687 δὲ
1106 1630 1265 1689 εἶπαν
1315 1636 1498 1705 αὐτῷ’
1561 1636 1625 1689 Τί
1659 1638 1793 1709 πρὸς

1894 452 2015 490 sum
2048 452 2144 505 pro
2184 437 2311 492 illis.
2359 459 2375 489 ι
2440 436 2735 494 Fornacem
2791 455 2915 493 vero
2970 440 3072 493 hoc
3121 440 3239 495 loco
3285 443 3457 513 ipsam

1892 527 2111 583 domum
2149 529 2358 584 Domini
2392 533 2674 587 nominare
2704 532 2942 588 videtur.
2972 530 3106 586 Nam
3130 548 3250 587 cum
3279 534 3458 590 Domi-

1892 635 1997 674 nus
2023 620 2255 686 dixerit,
2297 629 2357 676 ut
2396 628 2479 677 est
2526 623 2667 693 apud
2711 622 2847 677 LXX
2873 664 2887 687 ,
2922 644 2940 674 ι
2980 622 3198 681 Dimitte
3256 641 3352 682 eos
3403 629 3456 682 in

1890 709 2188 775 fornacem,
2232 731 2249 764 ο
2278 721 2393 766 tum
2429 712 2713 784 adjungit:
2750 733 2768 765 ι
2808 713 2871 768 Ει
2900 715 3106 785 projeci
3149 732 3243 770 eos
3272 716 3327 770 in
3362 718 3460 771 do-

1892 819 1980 859 mo
2005 804 2215 860 Domini
2246 806 2301 860 in
2330 805 2625 862 fornacem.
2664 827 2682 859 I
2714 806 2782 861 Ut
2816 824 2941 861 vero
2980 817 3062 863 est
3104 810 3245 879 apud
3292 810 3461 880 Aqui-

1891 896 2019 960 lam,
2055 914 2074 947 ι
2108 913 2229 951 ευηι
2266 897 2528 953 Dominus
2559 899 2755 952 dixerit
2787 918 2799 951 :
2848 898 3061 969 Projice
3102 900 3234 955 illud
3279 902 3456 971 ipsum

1891 989 2142 1043 videlicet
2195 998 2478 1058 argentum
2528 990 2594 1043 ad
2653 990 2893 1061 ﬁgulum,
2931 1010 2949 1043 ι
2993 1002 3105 1045 tum
3163 993 3454 1065 adjnngit:

1898 1098 1916 1130 ‹
1959 1080 2023 1133 Ει
2055 1082 2257 1150 projeci
2308 1082 2436 1137 illud
2475 1082 2527 1136 in
2574 1083 2736 1137 domo
2782 1081 2990 1138 Domini
3033 1086 3099 1139 ad
3149 1085 3391 1157 ﬁgulum.
3435 1106 3454 1139 ι

1892 1175 1960 1225 At
1993 1190 2142 1238 vero,
2178 1190 2243 1228 ex
2274 1174 2586 1245 Symmachi
2613 1175 2868 1240 editione,
2889 1195 2907 1227 ι
2940 1191 3062 1230 cum
3086 1176 3345 1234 Dominus
3376 1179 3462 1233 di-

1895 1268 2068 1330 xerit,
2132 1268 2338 1337 projice
2387 1268 2517 1321 illud
2551 1269 2603 1321 in
2658 1269 2953 1334 fornacem,
2993 1288 3012 1321 ι
3048 1280 3158 1324 tum
3217 1272 3462 1343 adjungit

1892 1358 2054 1411 verba
2092 1357 2223 1412 illa:
2266 1377 2282 1408 ‹
2314 1356 2376 1409 Ει
2412 1356 2615 1426 projeci
2651 1357 2780 1411 illud
2838 1358 2893 1412 in
2948 1358 3111 1413 domo
3142 1360 3353 1415 Domini
3404 1364 3461 1418 in

1895 1446 2193 1503 fornacem.
2229 1469 2245 1498 ι
2281 1447 2417 1501 Num
2452 1448 2619 1517 igitur
2648 1448 2752 1503 hoc
2780 1457 2912 1503 tunc
2958 1449 3185 1506 forsitan
3218 1454 3459 1523 comple-

1895 1551 2005 1595 tum
2029 1549 2132 1607 est,
2161 1557 2282 1596 cum
2318 1560 2335 1591 ι
2368 1540 2566 1595 ludas»
2603 1540 2693 1610 qui
2721 1540 3006 1596 Dominum
3032 1544 3288 1613 prodidit,
3323 1563 3342 1595 ι
3382 1547 3463 1600 vi-

1894 1634 2031 1687 dens
2073 1633 2214 1704 quod
2246 1633 2643 1687 condemnatus
2673 1645 2838 1695 esset,
2874 1634 3192 1704 pwnltentia
3222 1635 3419 1692 ductus
3442 1678 3456 1701 ,

212 1725 404 1794 ἡμᾶς
434 1724 494 1777 σὺ
523 1724 667 1793 διν-ιι.
689 1724 798 1778 Kal.
812 1724 973 1796 ῥίψας
988 1725 1056 1778 τά
1078 1727 1314 1798 ἀργύρια
1339 1730 1417 1791 εἰς
1437 1729 1527 1781 τὸν
1538 1720 1684 1793 ναὸν,
1709 1729 1789 1782 ἀν-

1901 1726 2077 1779 retulit
2107 1733 2390 1794 argentum
2421 1725 2758 1795 principibus
2806 1726 3148 1781 sacerdotum
3191 1735 3245 1781 et
3283 1728 3463 1783 senio-

222 1815 476 1887 εχὼρησε
496 1832 507 1845 ·
541 1819 635 1868 καὶ
672 1816 918 1870 ἀπελθὼν
952 1818 1247 1890 ἀπήγξατο.
1282 1822 1343 1873 Οἱ
1391 1820 1447 1873 δὲ
1477 1822 1750 1893 ἀρχιερεῖς
1776 1864 1790 1888 ,

216 1903 477 1967 λαϐόντες
538 1903 607 1957 τὰ
662 1906 939 1978 ἀργύρια,
1011 1904 1198 1961 εἶπαν·
1264 1911 1377 1963 Οὐκ
1429 1910 1546 1963 ἐστι
1613 1911 1794 1981 βαλεῖν

212 1995 361 2049 αὐτά
410 1996 489 2058 είς
524 1996 614 2048 τὸν
657 1997 961 2069 κορϐανᾶν,
993 1998 1114 2051 ἐπεὶ
1148 1999 1281 2071 τιμὴ
1314 2001 1547 2072 αἵματός
1588 2004 1787 2057 ἐστιν.»

212 2088 552 2159 Συμϐούλιον
605 2090 661 2143 δὲ
710 2089 997 2159 λαϐόντες,
1044 2092 1321 2165 ἠγόρασαν
1377 2093 1436 2159 ἐξ
1480 2096 1655 2148 αὐτῶν
1705 2098 1795 2150 τὸν

212 2180 391 2253 ἀγρὸν
460 2180 555 2234 τοῦ
626 2184 914 2255 κεραμέως
994 2186 1074 2249 είς
1158 2185 1334 2256 ταφήν
1408 2188 1519 2249 τοῖς
1603 2186 1790 2252 ξένοις

213 2273 316 2327 Διὺ
353 2273 554 2344 ἐκλήθη
586 2274 615 2325 ὁ
641 2273 809 2347 ἀγρὸς
848 2277 1054 2340 ἐκεῖνος
1086 2274 1252 2347 ἀγρὸς
1282 2277 1531 2348 αἵματος,
1554 2277 1659 2342 ἕως
1697 2280 1797 2351 τῆς

217 2366 463 2437 σήμερον
494 2365 727 2437 ἡμέρας.
760 2365 893 2419 Τότε
935 2365 1227 2440 ἐπληρώθη
1260 2368 1320 2420 τὸ
1356 2367 1517 2440 ῥηθὲν
1559 2368 1646 2421 διὰ
1697 2368 1794 2421 Ἰεο

220 2456 416 2528 ρεμίου
430 2455 523 2509 τοῦ
556 2458 829 2529 προφήτου
847 2457 1111 2527 λέγοντος·
1161 2459 1270 2511 Kal.
1294 2458 1482 2511 ἔλαϐον
1527 2458 1593 2512 τά
1642 2458 1797 2528 τριά-

216 2567 391 2604 κοντα
421 2549 679 2621 ἀργύρια,
707 2551 805 2621 τὴν
848 2551 1012 2623 τιμὴν
1040 2550 1133 2603 τοῦ
1174 2551 1555 2622 τετιμημένου,
1591 2550 1650 2603 ὃν
1689 2552 1797 2604 ἐτι-

220 2642 467 2712 μήσαντο
501 2640 606 2694 ἀπὸ
635 2640 764 2694 υἱῶν
805 2641 1041 2713 Ἰσραήλ.
1080 2641 1188 2694 Kal.
1214 2640 1415 2694 ἔδωκαν
1447 2641 1585 2694 αὐτὰ
1606 2643 1683 2705 είς
1705 2642 1796 2695 τὸν

215 2733 395 2805 ἀγρὸν
426 2730 518 2784 τοῦ
573 2732 890 2803 κεραμέως,
927 2731 1070 2785 καθά
1103 2731 1355 2798 συνέταξέ
1388 2750 1476 2803 μοι
1507 2732 1727 2804 Κύριος.
1771 2753 1790 2787 ι

220 2824 400 2879 ’Ἔνθα
431 2825 525 2879 καὶ
570 2825 898 2896 ἐπιστήσεις,
928 2825 1049 2877 ἐπεὶ
1085 2825 1159 2897 μὴ
1188 2824 1360 2878 ταῦτα
1386 2825 1609 2896 φέρεται
1640 2827 1697 2880 ὲν
1729 2829 1795 2899 τῇ

214 2918 319 2972 τοῦ
362 2916 621 2990 Ἰερεμίου
657 2918 977 2991 προφητείᾳ,
1000 2917 1110 2970 εἴτε
1140 2918 1245 2989 χρὴ
1269 2918 1513 2970 ὑπονοεῖν
1537 2920 1801 2991 περιῃρῆ-

218 3012 351 3066 σθαι
402 3011 542 3065 αύτά
584 3011 642 3079 ἐξ
689 3012 855 3083 αὐτῆς
906 3012 1046 3064 κατά
1093 3028 1212 3063 τινα
1247 3008 1611 3083 ῥᾳδιουργίαν,
1642 3012 1675 3083 ἢ
1706 3012 1800 3065 καὶ

1897 1818 2069 1880 ribus,
2099 1816 2321 1871 dicens:
2359 1815 2583 1870 Peccavi
2612 1817 2833 1871 tradens
2859 1818 3174 1887 sanguinem
3202 1818 3460 1876 innocen-

1894 1916 2021 1961 tem.
2080 1905 2146 1960 At
2198 1907 2272 1960 illi
2334 1907 2590 1961 dixerunt
2646 1906 2735 1961 ei:
2780 1907 2920 1973 Quid
2959 1907 3025 1961 ad
3081 1910 3222 1963 nos?
3271 1920 3327 1964 tu
3376 1912 3462 1966 vi-

1894 2002 2062 2063 deris,
2092 2009 2144 2055 et
2189 2000 2447 2070 projectis
2484 1999 2755 2070 argenteis
2815 2000 2871 2053 in
2921 2001 3141 2070 templo.
3186 2003 3459 2060 recessit:

1895 2104 1948 2149 et
1980 2095 2168 2150 abiens
2216 2096 2409 2164 laqueo
2462 2109 2520 2148 se
2579 2094 2882 2164 suspendit.
2941 2076 3223 2165 Principes
3280 2106 3463 2154 autem

1896 2187 2241 2241 sacerdotum
2266 2187 2508 2257 acceptis
2544 2188 2817 2256 argenteis
2849 2188 3105 2244 dixerunt
3131 2210 3144 2245 :
3185 2190 3303 2246 Non
3335 2194 3464 2249 licet

1895 2294 1990 2334 eos
2047 2274 2263 2335 mittere
2321 2280 2375 2333 in
2433 2280 2776 2345 cerbanam,
2844 2282 2970 2351 quia
3033 2283 3264 2353 pretium
3332 2300 3461 2342 san-

1896 2371 2076 2441 guinis
2139 2380 2242 2426 est.
2301 2371 2547 2426 Consilio
2614 2380 2794 2425 autem
2857 2373 3035 2439 inito,
3096 2383 3346 2429 emerunt
3398 2392 3465 2431 ex

1898 2463 2004 2517 illis
2071 2478 2258 2532 agrum
2320 2463 2465 2533 ﬁguli
2526 2464 2580 2517 in
2632 2465 2965 2533 sepulturam
3030 2466 3460 2537 peregrinorum.

1896 2550 2055 2622 [‘81
2091 2550 2434 2623 Quapropter
2465 2560 2688 2608 vocatus
2726 2563 2809 2608 est
2851 2570 2981 2625 ager
3027 2556 3137 2619 ille,
3170 2573 3299 2627 ager
3333 2574 3463 2613 san-

1896 2643 2095 2714 guinis,
2132 2660 2303 2716 usque
2330 2645 2397 2699 ad
2438 2653 2755 2715 przesentem
2794 2646 2956 2700 diem.
3000 2636 3154 2701 Tunc
3186 2649 3465 2720 impletum

1898 2743 1982 2791 est
2015 2737 2160 2807 quod
2191 2737 2398 2793 dictum
2435 2746 2519 2794 est
2551 2754 2645 2808 per
2693 2736 2985 2794 Jeremiam
3014 2742 3329 2811 prephetam
3384 2744 3469 2800 di-

1899 2837 2110 2884 centem
2146 2846 2158 2883 :
2192 2829 2256 2884 Et
2287 2840 2615 2902 acceperunt
2653 2833 2875 2903 triginta
2918 2844 3205 2903 argenteos
3230 2838 3465 2904 pretium

1901 2920 2208 2990 appretiati,
2264 2937 2424 2994 quem
2478 2924 2919 2994 appretiaverunt
2960 2940 2989 2979 a
3035 2926 3159 2981 ﬁliis
3192 2927 3377 2993 lsrael,
3412 2936 3468 2985 et

1901 3010 2167 3066 dederunt
2198 3027 2294 3067 eos
2327 3013 2383 3067 in
2415 3028 2604 3083 agrum
2639 3014 2808 3086 ﬁguli,
2843 3018 2987 3072 sicut
3023 3018 3304 3073 constituit
3333 3019 3465 3073 mihi

218 3103 452 3174 σφάλμα
496 3102 763 3175 γραφικὺν
811 3100 1130 3172 γεγονέναι,
1182 3101 1285 3155 τῶν
1330 3102 1691 3175 ἀμελέστερον
1734 3104 1797 3158 τὰ

1905 3100 2167 3157 Dominus
2192 3088 2257 3158 ⁷⁷.
2299 3123 2317 3157 ι
2354 3102 2455 3159 Ubi
2484 3105 2768 3176 diligenter
2798 3108 3191 3172 considerabis,
3216 3112 3467 3167 cumbae

214 3195 336 3248 τῶν
369 3195 524 3266 ἱερῶν
546 3194 889 3264 Εύαγγελίων
919 3195 1227 3266 ἀντίγραφα
1257 3194 1636 3265 πεποιημένων
1673 3213 1802 3265 σφα-

214 3287 410 3351 λέντος
442 3288 605 3350 τινός,
640 3288 734 3340 καὶ
773 3287 893 3340 ἀντὶ
947 3287 1042 3358 μὲν
1086 3286 1181 3340 τοῦ
1228 3286 1493 3359 Ζαχαρίου
1537 3286 1802 3359 Ἰερεμίαν

214 3379 549 3444 τεθεικότος,
584 3380 660 3444 ὡς
698 3380 815 3435 δέον
868 3380 1043 3443 οὕτως
1093 3379 1541 3451 ἀναγεγράφθαι·
1592 3399 1610 3430 ι
1670 3381 1801 3434 Τότε

213 3472 522 3545 ἐπληρώθη
554 3471 615 3525 τὸ
651 3473 812 3544 ῥηθὲν
855 3472 945 3525 διὰ
987 3474 1255 3545 Ζαχαρίου
1297 3471 1391 3525 τοῦ
1424 3473 1698 3544 προφήτου
1724 3489 1738 3502 ·
1780 3493 1797 3525 ι

214 3564 352 3619 ἀντὶ
392 3564 446 3617 δὲ
484 3564 599 3628 τοῦ,
640 3584 657 3615 ‹
711 3564 991 3618 Ἐνέϐαλον
1038 3565 1235 3628 αὐτοὺς
1267 3565 1347 3627 είς
1389 3563 1479 3616 τὸν
1510 3560 1657 3617 οἷκον
1690 3565 1805 3618 Κυ-

222 3658 375 3730 pinu,
396 3659 475 3721 εἰς
504 3657 564 3711 τὸ
587 3660 964 3731 χωνευτήριον,
994 3677 1012 3709 ι
1042 3658 1391 3729 ὲσφαλμένως
1423 3658 1799 3729 πεποιηκότοςέ

228 3768 251 3782 ο
291 3750 404 3803 Kal.
436 3749 640 3803 ἔδωκαν
676 3750 813 3803 αύτά
841 3754 919 3813 εἰς
943 3751 1032 3803 τὸν
1077 3750 1244 3823 ἀγρὸν
1291 3751 1384 3805 τοῦ
1417 3751 1724 3824 κεραμέως.
1780 3773 1799 3804 ι

220 3843 429 3912 Σαφῶς
450 3843 558 3914 γὰρ
588 3843 674 3896 διὰ
710 3843 806 3913 μὲν
839 3844 936 3914 τῆς
970 3844 1301 3915 προφητείας
1335 3848 1413 3907 είς
1441 3844 1531 3897 τὸν
1562 3847 1655 3898 τοῦ
1689 3846 1804 3900 Κυ-

224 3932 508 4009 ρίουναὸν
542 3935 795 4006 ὲρρίφθαι
828 3933 1045 4003 λέγεται
1078 3934 1139 3987 τὸ
1170 3934 1452 4008 ἀργύριον,
1487 3936 1583 3988 καὶ
1608 3936 1677 3990 δι’
1712 3937 1806 3989 αύ-

221 4028 327 4081 τοῦ
360 4026 418 4079 δὲ
442 4027 535 4080 τοῦ
565 4026 895 4095 Εὑαγγελίου
921 4028 1002 4090 εἰς
1033 4026 1122 4079 τὸν
1152 4028 1294 4080 ναόν.
1325 4046 1342 4078 ι
1385 4027 1572 4097 Ῥίψας
1601 4027 1751 4097 γοῦν,
1782 4047 1799 4079 ι

224 4122 417 4192 φησιν,
443 4140 461 4171 ‹
494 4120 691 4184 Ἰούδας
710 4119 777 4172 τὰ
798 4119 1036 4192 ἀργύρια
1054 4121 1133 4181 είς
1155 4120 1245 4173 τὸν
1267 4119 1412 4184 ναὸν,
1434 4118 1799 4191 ἀνεχώρησε.»

225 4214 347 4267 Καὶ
390 4214 534 4276 είκός
565 4230 627 4282 γε
664 4212 721 4279 ἐξ
751 4213 972 4266 ἐκείνων
999 4212 1106 4265 τῶν
1138 4210 1415 4285 ἀργυρίων
1450 4212 1674 4283 βέϐηλον
1711 4228 1803 4280 γε-

228 4306 447 4375 γονέναι
474 4307 565 4359 τὸν
596 4305 741 4370 ναὸν,
776 4307 869 4359 καὶ
897 4305 1287 4377 πεπληρῶσθαι
1314 4305 1395 4370 τὸ,
1429 4323 1446 4357 ι
1490 4304 1620 4358 Ἰδοὺ
1652 4305 1807 4375 ἀφίε-

227 4416 326 4452 ται
357 4399 481 4469 ὑμῖν
515 4399 543 4450 ὁ
563 4395 706 4461 οἶκος
734 4397 887 4468 ὑμῶν
918 4397 1138 4470 ἔρημος.
1184 4417 1201 4449 ι
1237 4398 1344 4451 Kal.
1375 4398 1477 4469 δρα
1508 4414 1571 4467 γε
1598 4400 1805 4469 μήποτε

227 4492 593 4564 χωνευτήριον
642 4490 671 4542 ὁ
720 4485 867 4553 οἶκος
917 4490 1124 4563 Κυρίου
1181 4489 1273 4542 διὰ
1319 4489 1474 4542 τοῦτο
1522 4489 1803 4560 κέκληται,
1837 4472 1880 4526 Ῑ)

229 4583 466 4653 ἐπείπερ
504 4584 578 4647 ὡς
623 4585 679 4635 ὲν
725 4584 941 4654 χωνείᾳ,
981 4582 1442 4654 μεταπλὼετεσθαι
1491 4581 1589 4645 τὰς
1629 4581 1805 4651 ψυχὰς

230 4678 300 4730 ὲκ
324 4675 425 4746 τῆς
456 4676 563 4729 τῶν
605 4676 760 4729 θείων
794 4676 965 4746 λόγων
1000 4675 1295 4749 πυρώσεως
1335 4678 1390 4729 ὲν
1422 4674 1500 4745 τῷ
1536 4674 1631 4728 τοῦ
1668 4673 1802 4727 Θεοῦ

230 4769 372 4839 οἴκῳ
416 4768 722 4841 συμϐαίνει·
756 4770 788 4840 ἢ
831 4769 1004 4833 ἄλλως
1037 4768 1396 4838 ἀπελέγχεται
1429 4769 1501 4839 μὴ
1536 4766 1800 4838 καθαρὰς,

231 4863 313 4926 ὡς
346 4863 403 4913 ἐν
433 4861 775 4933 χωνευτηρίῳ
820 4861 1166 4933 πυρουμένας
1214 4861 1308 4913 καὶ
1349 4859 1799 4931 δοκιμαζομένας.

238 4955 418 5025 Ὅπερ
463 4956 491 5007 ό
535 4953 783 5018 Ἀκύλας,
817 4973 835 5006 ι
878 4954 1139 5027 Ἐρῤιψα,
1182 4972 1201 5005 ι
1232 4954 1429 5024 φήσας,
1462 4970 1479 5003 ι
1534 4950 1593 5005 τὸ
1627 4950 1805 5023 ἀργύ-

238 5064 358 5120 ριον
382 5048 439 5100 ἐν
466 5047 543 5119 τῷ
566 5046 699 5118 οἴκῳ
724 5047 928 5119 Κυρίου
963 5046 1097 5119 πρὸς
1136 5043 1224 5099 τὸν
1265 5045 1529 5116 πλάστην,
1562 5062 1581 5097 ι
1616 5042 1803 5113 σαφῶς

231 5140 495 5204 διδάσκει,
522 5141 598 5204 ὼς
627 5139 720 5193 τοῦ
738 5140 909 5209 Λόγου
943 5138 1035 5192 τοῦ
1054 5139 1196 5193 θείου
1227 5138 1380 5210 δίκην
1410 5137 1647 5192 πλάστου
1670 5152 1802 5189 κατ-

233 5232 511 5297 οικοῦντος
549 5235 628 5296 εἰς
664 5233 755 5286 τὸν
796 5228 943 5286 οἷκον
980 5232 1207 5304 Κυρίου,
1238 5232 1333 5285 καὶ
1358 5229 1681 5292 πλάττοντος
1708 5229 1804 5281 καὶ

234 5324 586 5388 ἀνανεοῦντος
625 5324 721 5389 τὰς
769 5324 877 5377 τῶν
912 5324 1241 5397 προσιόντων
1282 5322 1477 5394 ψυχάς.
1512 5320 1657 5393 Πλὴν
1689 5320 1801 5373 ἀλλ’

236 5414 471 5486 ἐπείπερ
500 5417 534 5486 ή
570 5414 701 5485 τιμὴ
732 5414 825 5468 τοῦ
868 5412 1227 5486 τετιμημένου
1273 5414 1353 5476 εις
1397 5413 1601 5466 ἐκεῖνον
1642 5427 1805 5483 μετα·

236 5504 496 5577 ϐληθεῖσα
521 5504 612 5558 τὸν
638 5502 782 5558 οἶκον
816 5504 1036 5577 βέϐηλον
1060 5502 1219 5560 αὑτὸν
1240 5503 1627 5574 κατεστήσατο,
1662 5502 1805 5555 εἰκό-

238 5610 347 5657 τως
394 5595 553 5673 εὐθυς
599 5593 839 5661 ἐπιλέγει
865 5610 879 5622 ·
926 5611 944 5645 ι
1003 5595 1111 5646 Καὶ
1158 5593 1433 5664 ἀπέρριψαι
1477 5592 1575 5665 τὴν
1610 5591 1804 5665 ῥάϐδον

313 5708 357 5739 ⁷⁷
398 5706 588 5760 Matth.
624 5723 771 5761 xxvn
796 5749 811 5772 ,
845 5708 1000 5764 5-H).
1074 5708 1120 5739 "
1158 5706 1349 5761 Matth.
1386 5722 1521 5762 unt
1545 5748 1558 5773 ,
1598 5708 1691 5764 58.

400 5805 652 5873 Par-nor,
719 5804 834 5865 Gn.
870 5802 1063 5867 XXII.

1903 3209 2011 3247 non
2043 3194 2345 3249 habeantur
2374 3198 2515 3266 apud
2538 3196 2825 3254 Jer‘emiam
2858 3201 3195 3270 prOphetam,
3228 3218 3354 3255 num
3378 3218 3471 3257 ar-

1904 3285 2098 3341 bitrari
2127 3296 2376 3357 eportcat
2402 3303 2464 3342 ea
2522 3303 2618 3357 per
2659 3290 2947 3359 quamdam
2982 3291 3241 3345 malitiam
3277 3308 3342 3348 ex
3372 3294 3467 3349 illo

1905 3377 2119 3431 sublata
2145 3392 2288 3440 esse,
2335 3392 2403 3431 an
2440 3394 2568 3433 vero
2619 3380 2826 3435 librarii
2860 3392 3100 3437 erratum
3150 3384 3339 3451 fuisse,
3373 3388 3466 3459 qui

1904 3469 2263 3541 negligentlus
2314 3477 2626 3525 sanctorum
2682 3470 3096 3544 Evangeliorum
3138 3479 3468 3549 exemplaria

1905 3559 2223 3623 confecerit,
2258 3566 2310 3615 et
2341 3575 2408 3614 ex
2444 3561 2770 3631 negligentia
2804 3562 2859 3616 in
2906 3579 3146 3619 errorem
3189 3566 3465 3634 inciderit,

1904 3660 1958 3706 et
2000 3666 2099 3722 pro
2140 3650 2403 3706 Zacharia
2440 3653 2685 3722 posuerit
2714 3652 3003 3708 Jeremiam
3042 3673 3056 3709 :
3092 3665 3297 3725 utpote,
3342 3674 3466 3713 cum

1906 3744 1981 3797 ita
2011 3744 2216 3814 scripto
2250 3760 2385 3814 opus
2410 3743 2589 3809 fuerit,
2618 3763 2636 3796 ι
2666 3753 2798 3800 tunc
2826 3747 3154 3815 completum
3187 3758 3290 3812 est,
3322 3751 3468 3820 quod

1906 3838 2111 3893 dictum
2147 3847 2230 3895 est
2262 3856 2358 3909 per
2384 3839 2703 3895 Zachariam
2719 3842 3097 3912 prophetam.»
3129 3841 3236 3899 Pro
3262 3860 3327 3899 eo
3372 3861 3469 3900 au-

1905 3939 2014 3987 tem
2049 3932 2192 4003 quod
2224 3948 2507 4003 perperam
2533 3949 2856 3989 conversum
2887 3941 2969 3989 est
3001 3953 3014 3990 :
3055 3954 3073 3986 ι
3111 3934 3176 3990 Ει
3203 3937 3471 3995 miserunt

1906 4040 2000 4079 eos
2030 4025 2085 4078 in
2119 4025 2279 4079 demo
2319 4024 2533 4079 Domini
2567 4027 2621 4079 in
2656 4025 2954 4094 fornacem,
2997 4046 3016 4079 ι
3048 4027 3255 4083 dictum
3285 4039 3370 4086 est
3398 4032 3471 4086 il.

1904 4115 1999 4170 lud
2033 4135 2048 4172 :
2085 4135 2103 4169 ι
2136 4115 2200 4170 Ει
2228 4117 2353 4172 dedi
2386 4133 2480 4173 eos
2509 4117 2565 4171 in
2603 4133 2792 4188 agrum
2849 4119 3016 4190 ﬁguli.
3058 4139 3075 4171 ι
3124 4120 3291 4177 Plane
3322 4124 3470 4180 enim

1905 4208 1962 4263 in
2019 4208 2138 4278 ipsa
2197 4208 2478 4279 prophetia
2532 4211 2589 4264 in
2641 4211 2840 4279 templo
2900 4210 3110 4265 Domini
3167 4213 3470 4283 projectum

1907 4299 2078 4356 fuisse
2107 4308 2391 4371 argenturm
2426 4301 2645 4365 dicitur,
2680 4309 2735 4356 et
2776 4302 2842 4356 ab
2872 4300 3160 4372 Evangelio
3189 4306 3374 4362 itidem
3408 4307 3465 4364 in

1907 4394 2109 4464 templo
2143 4414 2156 4449 :
2196 4412 2213 4445 ι
2257 4393 2524 4463 Projectis
2551 4393 2718 4459 enim,
2754 4394 2951 4464 inquit,
2991 4392 3159 4452 Judas
3198 4400 3472 4468 argenteis

1910 4487 1964 4540 in
1997 4486 2223 4557 templo,
2261 4485 2509 4540 recessit.
2560 4504 2578 4537 ι
2618 4484 2683 4538 Ει
2734 4501 2865 4541 sane
2909 4502 3123 4556 arquum
3154 4496 3327 4545 estex
3363 4492 3472 4546 illis

1912 4579 2184 4648 argenteis
2219 4577 2477 4647 templum
2532 4575 2702 4631 fuisse
2752 4575 3120 4646 profanatum,
3150 4586 3205 4632 et
3234 4581 3473 4650 comple-

1911 4678 2027 4725 tum
2073 4669 2242 4725 fuisse
2269 4669 2399 4722 illud
2440 4686 2452 4721 :
2494 4687 2512 4721 ι
2554 4667 2693 4721 Ecce
2724 4668 3050 4736 relinquitur
3082 4667 3234 4721 vobis
3279 4668 3473 4722 domus

1912 4772 2090 4819 vestra
2126 4763 2344 4817 deserta
2371 4761 2439 4816 ⁷⁸.
2476 4779 2493 4812 ι
2530 4761 2701 4815 Porro
2747 4766 2927 4813 autem
2972 4758 3133 4813 etiam
3183 4756 3313 4813 illud
3344 4773 3473 4813 con-

1910 4857 2197 4927 templare,
2245 4870 2374 4909 num
2435 4853 2624 4908 fornax
2673 4852 2818 4907 dicta
2880 4851 2952 4905 sit
2996 4850 3191 4904 domus
3236 4847 3470 4911 Domini.

1912 4959 2196 5021 propterea
2223 4947 2365 5019 quod
2398 4946 2451 5001 in
2476 4946 2675 5016 templo
2698 4944 2791 4999 Dei
2827 4943 2982 5013 quasi
3016 4942 3069 4995 in
3099 4940 3318 4995 fornace
3344 4955 3473 4994 cono

1910 5040 2141 5109 ﬂatoris,
2165 5041 2376 5095 animos
2409 5054 2476 5093 ex
2508 5038 2814 5092 divinorum
2846 5048 3158 5089 sermonum
3190 5034 3370 5087 calore
3390 5041 3472 5086 ato

1910 5148 2017 5205 que
2066 5133 2192 5205 igne
2227 5130 2614 5188 transformari
2643 5129 2933 5198 contingit,
2988 5133 3083 5179 aut
3129 5126 3329 5195 alioqui
3361 5141 3472 5180 non

1909 5242 2077 5299 puros
2098 5227 2227 5282 dum
2261 5234 2522 5296 tanquam
2573 5224 2625 5278 in
2689 5221 2911 5275 fornace
2945 5220 3067 5288 igne
3095 5219 3469 5289 explorantur.

1908 5318 2182 5391 redargui.
2214 5316 2423 5373 Idcirco
2450 5315 2644 5385 Aquila
2691 5313 2819 5367 dum
2862 5311 2935 5365 ita
2992 5309 3259 5365 convertit
3294 5327 3307 5363 :
3349 5327 3368 5360 ι
3406 5308 3471 5361 Et

1909 5412 2143 5485 projecit
2176 5419 2462 5480 argentum
2498 5408 2553 5461 in
2593 5405 2754 5459 domo
2784 5400 3000 5456 Domini
3049 5401 3115 5455 ad
3146 5400 3366 5471 ﬁgulum
3395 5439 3410 5465 ,
3448 5419 3466 5450 ι

1912 5502 2072 5573 plane
2114 5514 2218 5556 nos
2250 5499 2409 5554 docet
2459 5491 2911 5569 quemadmodum
2958 5490 3201 5546 divinum
3234 5487 3472 5544 Verbum

1914 5591 2088 5645 instar
2123 5586 2267 5656 ﬁguli
2305 5586 2512 5640 habitet
2539 5586 2595 5639 in
2624 5583 2785 5638 domo
2817 5580 3053 5644 Domini,
3084 5590 3135 5635 et
3164 5594 3352 5635 eorum
3380 5579 3477 5651 qui

3120 5794 3199 5851 25
