  <div class='ocr_page' id='page_1' title='image "/cluster/home/n/w/nwhite01/storage/ocr_20150623/22/hvd.32044073501132/381.png"; bbox 0 0 3936 6208; ppageno 0'>
   <div class='ocr_carea' id='block_1_1' title="bbox 442 206 551 265">
    <p class='ocr_par' dir='ltr' id='par_1_1' title="bbox 442 206 551 265">
     <span class='ocr_line' id='line_1_1' title="bbox 442 206 551 265; baseline -0.028 0"><span class='ocrx_word' id='word_1_1' title='bbox 442 206 551 265; x_wconf 67' lang='grc'><strong>747</strong></span> 
     </span>
    </p>
   </div>
   <div class='ocr_carea' id='block_1_2' title="bbox 1079 204 3022 281">
    <p class='ocr_par' dir='ltr' id='par_1_2' title="bbox 1079 204 3022 281">
     <span class='ocr_line' id='line_1_2' title="bbox 1079 204 3022 281; baseline 0.003 -22"><span class='ocrx_word' id='word_1_2' title='bbox 1079 204 1348 262; x_wconf 80' lang='lat' dir='ltr'><strong>EUSEBII</strong></span> <span class='ocrx_word' id='word_1_3' title='bbox 1386 204 1869 263; x_wconf 61' lang='lat' dir='ltr'><strong>CESARIENSIS</strong></span> <span class='ocrx_word' id='word_1_4' title='bbox 1896 205 2050 281; x_wconf 74' lang='lat' dir='ltr'><strong>OPP.</strong></span> <span class='ocrx_word' id='word_1_5' title='bbox 2091 207 2272 264; x_wconf 74' lang='lat' dir='ltr'><strong>PARS</strong></span> <span class='ocrx_word' id='word_1_6' title='bbox 2300 209 2366 265; x_wconf 84' lang='lat' dir='ltr'><strong>ll.</strong></span> <span class='ocrx_word' id='word_1_7' title='bbox 2410 239 2481 251; x_wconf 91' lang='lat'><strong><em>—</em></strong></span> <span class='ocrx_word' id='word_1_8' title='bbox 2517 208 3022 266; x_wconf 70' lang='lat' dir='ltr'><strong>APOLOGETICA.</strong></span> 
     </span>
    </p>
   </div>
   <div class='ocr_carea' id='block_1_3' title="bbox 3562 206 3677 265">
    <p class='ocr_par' dir='ltr' id='par_1_3' title="bbox 3562 206 3677 265">
     <span class='ocr_line' id='line_1_3' title="bbox 3562 206 3677 265; baseline 0.009 -1"><span class='ocrx_word' id='word_1_9' title='bbox 3562 206 3677 265; x_wconf 57' lang='lat'><strong>718</strong></span> 
     </span>
    </p>
   </div>
   <div class='ocr_carea' id='block_1_4' title="bbox 445 322 2001 403">
    <p class='ocr_par' dir='ltr' id='par_1_4' title="bbox 445 322 2001 384">
     <span class='ocr_line' id='line_1_4' title="bbox 445 322 2001 384; baseline -0.002 0"><span class='ocrx_word' id='word_1_10' title='bbox 445 330 576 384; x_wconf 86' lang='lat' dir='ltr'><strong>illuc</strong></span> <span class='ocrx_word' id='word_1_11' title='bbox 608 328 877 383; x_wconf 87' lang='lat' dir='ltr'><strong>accedunt</strong></span> <span class='ocrx_word' id='word_1_12' title='bbox 899 324 1111 379; x_wconf 80' lang='lat' dir='ltr'><strong>animas</strong></span> <span class='ocrx_word' id='word_1_13' title='bbox 1140 322 1398 379; x_wconf 74' lang='lat' dir='ltr'><strong>informet</strong></span> <span class='ocrx_word' id='word_1_14' title='bbox 1422 339 1486 379; x_wconf 77' lang='lat' dir='ltr'><strong>ac</strong></span> <span class='ocrx_word' id='word_1_15' title='bbox 1514 332 1759 381; x_wconf 79' lang='lat' dir='ltr'><strong>renovet.</strong></span> <span class='ocrx_word' id='word_1_16' title='bbox 1783 325 2001 382; x_wconf 81' lang='lat' dir='ltr'><strong>Verum-</strong></span> 
     </span>
    </p>
   </div>
   <div class='ocr_carea' id='block_1_5' title="bbox 2103 322 3682 403">
    <p class='ocr_par' dir='ltr' id='par_1_5' title="bbox 2113 326 3682 403">
     <span class='ocr_line' id='line_1_5' title="bbox 2113 326 3682 403; baseline 0.001 -21"><span class='ocrx_word' id='word_1_17' title='bbox 2113 330 2212 402; x_wconf 77' lang='grc' dir='ltr'>τὴν</span> <span class='ocrx_word' id='word_1_18' title='bbox 2265 328 2522 401; x_wconf 75' lang='grc' dir='ltr'><strong>δευτέραν</strong></span> <span class='ocrx_word' id='word_1_19' title='bbox 2577 328 2638 383; x_wconf 80' lang='grc' dir='ltr'><strong>τὸ</strong></span> <span class='ocrx_word' id='word_1_20' title='bbox 2683 329 2985 400; x_wconf 80' lang='grc' dir='ltr'>σχοίνισμα,</span> <span class='ocrx_word' id='word_1_21' title='bbox 3032 327 3127 382; x_wconf 76' lang='grc' dir='ltr'>τοῦ</span> <span class='ocrx_word' id='word_1_22' title='bbox 3174 326 3525 382; x_wconf 80' lang='grc' dir='ltr'>διασκεδάσαι</span> <span class='ocrx_word' id='word_1_23' title='bbox 3581 329 3682 403; x_wconf 72' lang='grc' dir='ltr'>τὴν</span> 
     </span>
    </p>
   </div>
   <div class='ocr_carea' id='block_1_6' title="bbox 443 417 2010 489">
    <p class='ocr_par' dir='ltr' id='par_1_6' title="bbox 443 417 2010 489">
     <span class='ocr_line' id='line_1_6' title="bbox 443 417 2010 489; baseline -0.002 -12"><span class='ocrx_word' id='word_1_24' title='bbox 443 431 625 477; x_wconf 88' lang='lat' dir='ltr'><strong>tamen</strong></span> <span class='ocrx_word' id='word_1_25' title='bbox 655 433 780 474; x_wconf 89' lang='lat' dir='ltr'><strong>cum</strong></span> <span class='ocrx_word' id='word_1_26' title='bbox 814 417 1052 488; x_wconf 80' lang='lat' dir='ltr'><strong>pretium</strong></span> <span class='ocrx_word' id='word_1_27' title='bbox 1085 417 1370 487; x_wconf 86' lang='lat' dir='ltr'><strong>appretiati</strong></span> <span class='ocrx_word' id='word_1_28' title='bbox 1402 417 1457 470; x_wconf 92' lang='lat' dir='ltr'><strong>in</strong></span> <span class='ocrx_word' id='word_1_29' title='bbox 1489 417 1582 472; x_wconf 94' lang='lat' dir='ltr'><strong>illa</strong></span> <span class='ocrx_word' id='word_1_30' title='bbox 1625 418 1788 474; x_wconf 89' lang='lat' dir='ltr'><strong>domo</strong></span> <span class='ocrx_word' id='word_1_31' title='bbox 1826 418 2010 489; x_wconf 81' lang='lat' dir='ltr'><strong>proje-</strong></span> 
     </span>
    </p>
   </div>
   <div class='ocr_carea' id='block_1_7' title="bbox 443 508 2010 579">
    <p class='ocr_par' dir='ltr' id='par_1_7' title="bbox 443 508 2010 579">
     <span class='ocr_line' id='line_1_7' title="bbox 443 508 2010 579; baseline -0.001 -13"><span class='ocrx_word' id='word_1_32' title='bbox 443 521 613 575; x_wconf 89' lang='lat' dir='ltr'><strong>ctum,</strong></span> <span class='ocrx_word' id='word_1_33' title='bbox 640 524 758 565; x_wconf 87' lang='lat' dir='ltr'><strong>eam</strong></span> <span class='ocrx_word' id='word_1_34' title='bbox 791 509 963 579; x_wconf 80' lang='lat' dir='ltr'><strong>ipsam</strong></span> <span class='ocrx_word' id='word_1_35' title='bbox 1000 508 1285 579; x_wconf 79' lang='lat' dir='ltr'><strong>profanam</strong></span> <span class='ocrx_word' id='word_1_36' title='bbox 1316 508 1639 572; x_wconf 91' lang='lat' dir='ltr'><strong>reddiderit,</strong></span> <span class='ocrx_word' id='word_1_37' title='bbox 1671 510 1864 564; x_wconf 87' lang='lat' dir='ltr'><strong>merito</strong></span> <span class='ocrx_word' id='word_1_38' title='bbox 1895 518 2010 565; x_wconf 87' lang='lat' dir='ltr'><strong>sta-</strong></span> 
     </span>
    </p>
   </div>
   <div class='ocr_carea' id='block_1_8' title="bbox 442 598 2011 673">
    <p class='ocr_par' dir='ltr' id='par_1_8' title="bbox 442 598 2011 673">
     <span class='ocr_line' id='line_1_8' title="bbox 442 598 2011 673; baseline -0.001 -14"><span class='ocrx_word' id='word_1_39' title='bbox 442 602 542 659; x_wconf 84' lang='lat' dir='ltr'><strong>tim</strong></span> <span class='ocrx_word' id='word_1_40' title='bbox 576 598 826 670; x_wconf 81' lang='lat' dir='ltr'><strong>adjungit</strong></span> <span class='ocrx_word' id='word_1_41' title='bbox 862 618 877 655; x_wconf 73' lang='grc' dir='ltr'>ε</span> <span class='ocrx_word' id='word_1_42' title='bbox 914 619 933 651; x_wconf 71' lang='grc' dir='ltr'><strong>ι</strong></span> <span class='ocrx_word' id='word_1_43' title='bbox 970 598 1036 653; x_wconf 87' lang='lat' dir='ltr'><strong>Et</strong></span> <span class='ocrx_word' id='word_1_44' title='bbox 1063 601 1240 672; x_wconf 89' lang='lat' dir='ltr'><strong>ahjeci</strong></span> <span class='ocrx_word' id='word_1_45' title='bbox 1269 600 1478 673; x_wconf 78' lang='lat' dir='ltr'><strong>virgam</strong></span> <span class='ocrx_word' id='word_1_46' title='bbox 1502 603 1751 665; x_wconf 89' lang='lat' dir='ltr'><strong>alteram,</strong></span> <span class='ocrx_word' id='word_1_47' title='bbox 1787 617 1910 672; x_wconf 69' lang='lat' dir='ltr'><strong>quae</strong></span> <span class='ocrx_word' id='word_1_48' title='bbox 1933 602 2011 657; x_wconf 87' lang='lat' dir='ltr'><strong>di-</strong></span> 
     </span>
    </p>
   </div>
   <div class='ocr_carea' id='block_1_9' title="bbox 441 690 2011 763">
    <p class='ocr_par' dir='ltr' id='par_1_9' title="bbox 441 690 2011 763">
     <span class='ocr_line' id='line_1_9' title="bbox 441 690 2011 763; baseline 0 -13"><span class='ocrx_word' id='word_1_49' title='bbox 441 694 589 750; x_wconf 87' lang='lat' dir='ltr'><strong>citur</strong></span> <span class='ocrx_word' id='word_1_50' title='bbox 618 691 918 756; x_wconf 78' lang='lat' dir='ltr'><strong>funiculus,</strong></span> <span class='ocrx_word' id='word_1_51' title='bbox 943 691 1013 747; x_wconf 89' lang='lat' dir='ltr'><strong>ad</strong></span> <span class='ocrx_word' id='word_1_52' title='bbox 1032 690 1411 763; x_wconf 84' lang='lat' dir='ltr'><strong>dissipandum</strong></span> <span class='ocrx_word' id='word_1_53' title='bbox 1443 701 1825 751; x_wconf 81' lang='lat' dir='ltr'><strong>testamentum</strong></span> <span class='ocrx_word' id='word_1_54' title='bbox 1866 696 2011 751; x_wconf 87' lang='lat' dir='ltr'><strong>inter</strong></span> 
     </span>
    </p>
   </div>
   <div class='ocr_carea' id='block_1_10' title="bbox 441 782 2009 857">
    <p class='ocr_par' dir='ltr' id='par_1_10' title="bbox 441 782 2009 857">
     <span class='ocr_line' id='line_1_10' title="bbox 441 782 2009 857; baseline 0 -16"><span class='ocrx_word' id='word_1_55' title='bbox 441 783 636 841; x_wconf 70' lang='lat' dir='ltr'><strong>ludam</strong></span> <span class='ocrx_word' id='word_1_56' title='bbox 667 791 722 839; x_wconf 90' lang='lat' dir='ltr'><strong>et</strong></span> <span class='ocrx_word' id='word_1_57' title='bbox 750 782 939 840; x_wconf 86' lang='lat' dir='ltr'><strong>Israel.</strong></span> <span class='ocrx_word' id='word_1_58' title='bbox 979 802 999 834; x_wconf 75' lang='grc' dir='ltr'><strong>ι</strong></span> <span class='ocrx_word' id='word_1_59' title='bbox 1053 783 1129 839; x_wconf 82' lang='lat' dir='ltr'><strong>Ex</strong></span> <span class='ocrx_word' id='word_1_60' title='bbox 1170 785 1265 840; x_wconf 92' lang='lat' dir='ltr'><strong>illo</strong></span> <span class='ocrx_word' id='word_1_61' title='bbox 1311 786 1457 840; x_wconf 89' lang='lat' dir='ltr'><strong>enim</strong></span> <span class='ocrx_word' id='word_1_62' title='bbox 1492 786 1583 840; x_wconf 88' lang='lat' dir='ltr'><strong>illa</strong></span> <span class='ocrx_word' id='word_1_63' title='bbox 1616 787 1793 857; x_wconf 87' lang='lat' dir='ltr'><strong>gentis</strong></span> <span class='ocrx_word' id='word_1_64' title='bbox 1823 788 2009 842; x_wconf 86' lang='lat' dir='ltr'><strong>multi-</strong></span> 
     </span>
    </p>
   </div>
   <div class='ocr_carea' id='block_1_11' title="bbox 443 876 2008 951">
    <p class='ocr_par' dir='ltr' id='par_1_11' title="bbox 443 876 2008 951">
     <span class='ocr_line' id='line_1_11' title="bbox 443 876 2008 951; baseline 0.001 -17"><span class='ocrx_word' id='word_1_65' title='bbox 443 877 578 934; x_wconf 87' lang='lat' dir='ltr'><strong>tudo</strong></span> <span class='ocrx_word' id='word_1_66' title='bbox 606 876 819 946; x_wconf 85' lang='lat' dir='ltr'><strong>abjeeta</strong></span> <span class='ocrx_word' id='word_1_67' title='bbox 850 885 936 933; x_wconf 89' lang='lat' dir='ltr'><strong>est</strong></span> <span class='ocrx_word' id='word_1_68' title='bbox 956 876 1146 948; x_wconf 87' lang='lat' dir='ltr'><strong>procul</strong></span> <span class='ocrx_word' id='word_1_69' title='bbox 1167 876 1235 931; x_wconf 90' lang='lat' dir='ltr'><strong>ab</strong></span> <span class='ocrx_word' id='word_1_70' title='bbox 1269 878 1494 948; x_wconf 89' lang='lat' dir='ltr'><strong>antiqua</strong></span> <span class='ocrx_word' id='word_1_71' title='bbox 1528 877 1622 935; x_wconf 89' lang='lat' dir='ltr'><strong>Dei</strong></span> <span class='ocrx_word' id='word_1_72' title='bbox 1663 880 1853 941; x_wconf 85' lang='lat' dir='ltr'><strong>tutela.</strong></span> <span class='ocrx_word' id='word_1_73' title='bbox 1885 896 2008 951; x_wconf 68' lang='lat' dir='ltr'><strong>quae</strong></span> 
     </span>
    </p>
   </div>
   <div class='ocr_carea' id='block_1_12' title="bbox 443 966 2008 1050">
    <p class='ocr_par' dir='ltr' id='par_1_12' title="bbox 443 966 2008 1050">
     <span class='ocr_line' id='line_1_12' title="bbox 443 966 2008 1050; baseline 0.002 -27"><span class='ocrx_word' id='word_1_74' title='bbox 443 968 601 1042; x_wconf 88' lang='lat' dir='ltr'><strong>prius</strong></span> <span class='ocrx_word' id='word_1_75' title='bbox 621 967 746 1022; x_wconf 91' lang='lat' dir='ltr'><strong>illos</strong></span> <span class='ocrx_word' id='word_1_76' title='bbox 774 968 1154 1022; x_wconf 82' lang='lat' dir='ltr'><strong>conservabat.</strong></span> <span class='ocrx_word' id='word_1_77' title='bbox 1178 966 1420 1022; x_wconf 79' lang='lat' dir='ltr'><strong>Alteram</strong></span> <span class='ocrx_word' id='word_1_78' title='bbox 1449 976 1628 1024; x_wconf 88' lang='lat' dir='ltr'><strong>autem</strong></span> <span class='ocrx_word' id='word_1_79' title='bbox 1650 969 1855 1050; x_wconf 70' lang='lat' dir='ltr'><strong>virgam</strong></span> <span class='ocrx_word' id='word_1_80' title='bbox 1877 979 2008 1041; x_wconf 90' lang='lat' dir='ltr'><strong>puto</strong></span> 
     </span>
    </p>
   </div>
   <div class='ocr_carea' id='block_1_13' title="bbox 444 1059 2009 1134">
    <p class='ocr_par' dir='ltr' id='par_1_13' title="bbox 444 1059 2009 1134">
     <span class='ocr_line' id='line_1_13' title="bbox 444 1059 2009 1134; baseline -0.001 -16"><span class='ocrx_word' id='word_1_81' title='bbox 444 1078 545 1134; x_wconf 90' lang='lat' dir='ltr'><strong>pro</strong></span> <span class='ocrx_word' id='word_1_82' title='bbox 574 1061 832 1116; x_wconf 89' lang='lat' dir='ltr'><strong>universa</strong></span> <span class='ocrx_word' id='word_1_83' title='bbox 864 1060 1026 1116; x_wconf 88' lang='lat' dir='ltr'><strong>simul</strong></span> <span class='ocrx_word' id='word_1_84' title='bbox 1053 1059 1279 1115; x_wconf 89' lang='lat' dir='ltr'><strong>Judaica</strong></span> <span class='ocrx_word' id='word_1_85' title='bbox 1306 1068 1466 1131; x_wconf 88' lang='lat' dir='ltr'><strong>gente</strong></span> <span class='ocrx_word' id='word_1_86' title='bbox 1498 1060 1602 1115; x_wconf 89' lang='lat' dir='ltr'><strong>hoc</strong></span> <span class='ocrx_word' id='word_1_87' title='bbox 1643 1061 1700 1116; x_wconf 91' lang='lat' dir='ltr'><strong>in</strong></span> <span class='ocrx_word' id='word_1_88' title='bbox 1745 1063 1864 1117; x_wconf 92' lang='lat' dir='ltr'><strong>loco</strong></span> <span class='ocrx_word' id='word_1_89' title='bbox 1913 1077 2009 1117; x_wconf 83' lang='lat' dir='ltr'><strong>ac-</strong></span> 
     </span>
    </p>
   </div>
   <div class='ocr_carea' id='block_1_14' title="bbox 444 1152 2006 1226">
    <p class='ocr_par' dir='ltr' id='par_1_14' title="bbox 444 1152 2006 1226">
     <span class='ocr_line' id='line_1_14' title="bbox 444 1152 2006 1226; baseline -0.001 -15"><span class='ocrx_word' id='word_1_90' title='bbox 444 1154 551 1226; x_wconf 86' lang='lat' dir='ltr'><strong>cipi</strong></span> <span class='ocrx_word' id='word_1_91' title='bbox 587 1160 856 1224; x_wconf 85' lang='lat' dir='ltr'><strong>oportere.</strong></span> <span class='ocrx_word' id='word_1_92' title='bbox 882 1152 1002 1219; x_wconf 85' lang='lat' dir='ltr'><strong>Qua</strong></span> <span class='ocrx_word' id='word_1_93' title='bbox 1034 1152 1102 1209; x_wconf 87' lang='lat' dir='ltr'><strong>de</strong></span> <span class='ocrx_word' id='word_1_94' title='bbox 1132 1167 1300 1208; x_wconf 88' lang='lat' dir='ltr'><strong>causa</strong></span> <span class='ocrx_word' id='word_1_95' title='bbox 1331 1152 1478 1208; x_wconf 84' lang='lat' dir='ltr'><strong>illam</strong></span> <span class='ocrx_word' id='word_1_96' title='bbox 1509 1153 1674 1209; x_wconf 89' lang='lat' dir='ltr'><strong>etiam</strong></span> <span class='ocrx_word' id='word_1_97' title='bbox 1706 1153 2006 1209; x_wconf 91' lang='lat' dir='ltr'><strong>funiculum</strong></span> 
     </span>
    </p>
   </div>
   <div class='ocr_carea' id='block_1_15' title="bbox 443 1244 2003 1319">
    <p class='ocr_par' dir='ltr' id='par_1_15' title="bbox 443 1244 2003 1319">
     <span class='ocr_line' id='line_1_15' title="bbox 443 1244 2003 1319; baseline -0.001 -16"><span class='ocrx_word' id='word_1_98' title='bbox 443 1255 626 1312; x_wconf 90' lang='lat' dir='ltr'><strong>vocat,</strong></span> <span class='ocrx_word' id='word_1_99' title='bbox 646 1246 862 1303; x_wconf 89' lang='lat' dir='ltr'><strong>dicens:</strong></span> <span class='ocrx_word' id='word_1_100' title='bbox 882 1245 1047 1319; x_wconf 65' lang='grc'><strong>482</strong></span> <span class='ocrx_word' id='word_1_101' title='bbox 1066 1264 1085 1296; x_wconf 75' lang='grc' dir='ltr'><strong>ι</strong></span> <span class='ocrx_word' id='word_1_102' title='bbox 1120 1244 1292 1301; x_wconf 87' lang='lat' dir='ltr'><strong>Unam</strong></span> <span class='ocrx_word' id='word_1_103' title='bbox 1316 1247 1506 1301; x_wconf 87' lang='lat' dir='ltr'><strong>vocavi</strong></span> <span class='ocrx_word' id='word_1_104' title='bbox 1523 1247 2003 1317; x_wconf 84' lang='lat' dir='ltr'><strong>pulchritudinem,</strong></span> 
     </span>
    </p>
   </div>
   <div class='ocr_carea' id='block_1_16' title="bbox 443 1339 2006 1398">
    <p class='ocr_par' dir='ltr' id='par_1_16' title="bbox 443 1339 2006 1398">
     <span class='ocr_line' id='line_1_16' title="bbox 443 1339 2006 1398; baseline -0.003 0"><span class='ocrx_word' id='word_1_105' title='bbox 443 1352 497 1398; x_wconf 88' lang='lat' dir='ltr'><strong>et</strong></span> <span class='ocrx_word' id='word_1_106' title='bbox 530 1341 757 1397; x_wconf 87' lang='lat' dir='ltr'><strong>alteram</strong></span> <span class='ocrx_word' id='word_1_107' title='bbox 791 1339 1342 1396; x_wconf 85' lang='lat' dir='ltr'><strong>vocavi‘funiculum.</strong></span> <span class='ocrx_word' id='word_1_108' title='bbox 1380 1358 1399 1391; x_wconf 74' lang='grc' dir='ltr'><strong>ι</strong></span> <span class='ocrx_word' id='word_1_109' title='bbox 1436 1339 1575 1395; x_wconf 85' lang='lat' dir='ltr'><strong>Tum</strong></span> <span class='ocrx_word' id='word_1_110' title='bbox 1600 1340 1668 1396; x_wconf 91' lang='lat' dir='ltr'><strong>de</strong></span> <span class='ocrx_word' id='word_1_111' title='bbox 1694 1341 1865 1396; x_wconf 75' lang='lat' dir='ltr'><strong>altera</strong></span> <span class='ocrx_word' id='word_1_112' title='bbox 1892 1341 2006 1396; x_wconf 84' lang='lat' dir='ltr'><strong>evi-</strong></span> 
     </span>
    </p>
   </div>
   <div class='ocr_carea' id='block_1_17' title="bbox 444 1430 2003 1503">
    <p class='ocr_par' dir='ltr' id='par_1_17' title="bbox 444 1430 2003 1503">
     <span class='ocr_line' id='line_1_17' title="bbox 444 1430 2003 1503; baseline -0.001 -16"><span class='ocrx_word' id='word_1_113' title='bbox 444 1433 636 1489; x_wconf 79' lang='lat' dir='ltr'><strong>denter</strong></span> <span class='ocrx_word' id='word_1_114' title='bbox 665 1432 913 1502; x_wconf 86' lang='lat' dir='ltr'><strong>adjungit</strong></span> <span class='ocrx_word' id='word_1_115' title='bbox 952 1431 1084 1486; x_wconf 89' lang='lat' dir='ltr'><strong>illud</strong></span> <span class='ocrx_word' id='word_1_116' title='bbox 1113 1449 1128 1485; x_wconf 90' lang='lat'>:</span> <span class='ocrx_word' id='word_1_117' title='bbox 1161 1449 1179 1483; x_wconf 81' lang='grc' dir='ltr'><strong>ι</strong></span> <span class='ocrx_word' id='word_1_118' title='bbox 1225 1430 1290 1484; x_wconf 82' lang='lat' dir='ltr'><strong>Et</strong></span> <span class='ocrx_word' id='word_1_119' title='bbox 1317 1430 1493 1501; x_wconf 78' lang='lat' dir='ltr'><strong>abjeci</strong></span> <span class='ocrx_word' id='word_1_120' title='bbox 1521 1431 1729 1503; x_wconf 89' lang='lat' dir='ltr'><strong>virgam</strong></span> <span class='ocrx_word' id='word_1_121' title='bbox 1756 1432 2003 1494; x_wconf 87' lang='lat' dir='ltr'><strong>alteram,</strong></span> 
     </span>
    </p>
   </div>
   <div class='ocr_carea' id='block_1_18' title="bbox 444 1522 2005 1597">
    <p class='ocr_par' dir='ltr' id='par_1_18' title="bbox 444 1522 2005 1597">
     <span class='ocr_line' id='line_1_18' title="bbox 444 1522 2005 1597; baseline -0.001 -18"><span class='ocrx_word' id='word_1_122' title='bbox 444 1539 565 1597; x_wconf 66' lang='lat' dir='ltr'><strong>qua:</strong></span> <span class='ocrx_word' id='word_1_123' title='bbox 591 1524 792 1591; x_wconf 84' lang='lat' dir='ltr'><strong>dicitur</strong></span> <span class='ocrx_word' id='word_1_124' title='bbox 808 1525 1105 1587; x_wconf 73' lang='lat' dir='ltr'><strong>funiculus,</strong></span> <span class='ocrx_word' id='word_1_125' title='bbox 1133 1524 1201 1579; x_wconf 88' lang='lat' dir='ltr'><strong>ad</strong></span> <span class='ocrx_word' id='word_1_126' title='bbox 1223 1522 1598 1594; x_wconf 89' lang='lat' dir='ltr'><strong>dissipandum</strong></span> <span class='ocrx_word' id='word_1_127' title='bbox 1617 1533 2005 1580; x_wconf 79' lang='lat' dir='ltr'><strong>testamentum</strong></span> 
     </span>
    </p>
   </div>
   <div class='ocr_carea' id='block_1_19' title="bbox 444 1613 2008 1686">
    <p class='ocr_par' dir='ltr' id='par_1_19' title="bbox 444 1613 2008 1686">
     <span class='ocr_line' id='line_1_19' title="bbox 444 1613 2008 1686; baseline -0.001 -16"><span class='ocrx_word' id='word_1_128' title='bbox 444 1616 590 1672; x_wconf 86' lang='lat' dir='ltr'><strong>inter</strong></span> <span class='ocrx_word' id='word_1_129' title='bbox 621 1613 817 1671; x_wconf 79' lang='lat' dir='ltr'><strong>ludam</strong></span> <span class='ocrx_word' id='word_1_130' title='bbox 844 1624 896 1670; x_wconf 91' lang='lat' dir='ltr'><strong>et</strong></span> <span class='ocrx_word' id='word_1_131' title='bbox 936 1614 1132 1671; x_wconf 87' lang='lat' dir='ltr'><strong>lsrael:</strong></span> <span class='ocrx_word' id='word_1_132' title='bbox 1164 1633 1182 1666; x_wconf 72' lang='grc' dir='ltr'><strong>ι</strong></span> <span class='ocrx_word' id='word_1_133' title='bbox 1216 1616 1485 1686; x_wconf 82' lang='lat' dir='ltr'><strong>siquidem</strong></span> <span class='ocrx_word' id='word_1_134' title='bbox 1526 1615 1581 1669; x_wconf 93' lang='lat' dir='ltr'><strong>hi</strong></span> <span class='ocrx_word' id='word_1_135' title='bbox 1626 1626 1783 1671; x_wconf 88' lang='lat' dir='ltr'><strong>erant</strong></span> <span class='ocrx_word' id='word_1_136' title='bbox 1827 1624 1881 1671; x_wconf 91' lang='lat' dir='ltr'><strong>et</strong></span> <span class='ocrx_word' id='word_1_137' title='bbox 1922 1614 2008 1669; x_wconf 92' lang='lat' dir='ltr'><strong>fu-</strong></span> 
     </span>
    </p>
   </div>
   <div class='ocr_carea' id='block_1_20' title="bbox 2113 417 3679 492">
    <p class='ocr_par' dir='ltr' id='par_1_20' title="bbox 2113 417 3679 492">
     <span class='ocr_line' id='line_1_20' title="bbox 2113 417 3679 492; baseline -0.001 -20"><span class='ocrx_word' id='word_1_138' title='bbox 2113 418 2385 492; x_wconf 86' lang='grc' dir='ltr'>Διαθήκην</span> <span class='ocrx_word' id='word_1_139' title='bbox 2416 418 2521 473; x_wconf 82' lang='grc' dir='ltr'>άνὰ</span> <span class='ocrx_word' id='word_1_140' title='bbox 2546 419 2709 491; x_wconf 87' lang='grc' dir='ltr'>μέσον</span> <span class='ocrx_word' id='word_1_141' title='bbox 2750 419 2917 472; x_wconf 80' lang='grc' dir='ltr'>Ἰούδα</span> <span class='ocrx_word' id='word_1_142' title='bbox 2942 419 3036 471; x_wconf 74' lang='grc' dir='ltr'><strong>καὶ</strong></span> <span class='ocrx_word' id='word_1_143' title='bbox 3060 417 3163 470; x_wconf 75' lang='grc' dir='ltr'><strong>ἀνά</strong></span> <span class='ocrx_word' id='word_1_144' title='bbox 3190 417 3350 489; x_wconf 89' lang='grc' dir='ltr'>μέσον</span> <span class='ocrx_word' id='word_1_145' title='bbox 3383 418 3623 491; x_wconf 74' lang='grc' dir='ltr'>Ἰσραήλ.</span> <span class='ocrx_word' id='word_1_146' title='bbox 3654 438 3679 471; x_wconf 73' lang='grc' dir='ltr'><strong>ο</strong></span> 
     </span>
    </p>
   </div>
   <div class='ocr_carea' id='block_1_21' title="bbox 2127 505 3686 579">
    <p class='ocr_par' dir='ltr' id='par_1_21' title="bbox 2127 505 3686 579">
     <span class='ocr_line' id='line_1_21' title="bbox 2127 505 3686 579; baseline -0.002 -16"><span class='ocrx_word' id='word_1_147' title='bbox 2127 508 2217 574; x_wconf 81' lang='grc' dir='ltr'>Ἐξ</span> <span class='ocrx_word' id='word_1_148' title='bbox 2247 510 2457 563; x_wconf 77' lang='grc' dir='ltr'>ἐκείνου</span> <span class='ocrx_word' id='word_1_149' title='bbox 2484 509 2592 579; x_wconf 89' lang='grc' dir='ltr'><strong>γάρ</strong></span> <span class='ocrx_word' id='word_1_150' title='bbox 2632 525 2715 562; x_wconf 89' lang='grc' dir='ltr'><strong>τοι</strong></span> <span class='ocrx_word' id='word_1_151' title='bbox 2746 507 2808 561; x_wconf 77' lang='grc' dir='ltr'><strong>τὸ</strong></span> <span class='ocrx_word' id='word_1_152' title='bbox 2837 506 3037 579; x_wconf 80' lang='grc' dir='ltr'>πλῆθος</span> <span class='ocrx_word' id='word_1_153' title='bbox 3066 506 3161 559; x_wconf 79' lang='grc' dir='ltr'>τοῦ</span> <span class='ocrx_word' id='word_1_154' title='bbox 3189 505 3377 569; x_wconf 83' lang='grc' dir='ltr'>ἔθνους</span> <span class='ocrx_word' id='word_1_155' title='bbox 3404 507 3686 579; x_wconf 73' lang='grc' dir='ltr'>ἁπερῥίφη</span> 
     </span>
    </p>
   </div>
   <div class='ocr_carea' id='block_1_22' title="bbox 2112 595 3687 671">
    <p class='ocr_par' dir='ltr' id='par_1_22' title="bbox 2112 595 3687 671">
     <span class='ocr_line' id='line_1_22' title="bbox 2112 595 3687 671; baseline -0.003 -18"><span class='ocrx_word' id='word_1_156' title='bbox 2112 600 2214 671; x_wconf 83' lang='grc' dir='ltr'><strong>τῆς</strong></span> <span class='ocrx_word' id='word_1_157' title='bbox 2244 599 2411 655; x_wconf 90' lang='grc' dir='ltr'>πάλαι</span> <span class='ocrx_word' id='word_1_158' title='bbox 2439 599 2701 671; x_wconf 86' lang='grc' dir='ltr'>πρότερον</span> <span class='ocrx_word' id='word_1_159' title='bbox 2734 595 3013 669; x_wconf 82' lang='grc' dir='ltr'>ὲφορώσης</span> <span class='ocrx_word' id='word_1_160' title='bbox 3045 596 3568 666; x_wconf 75' lang='grc' dir='ltr'>αὐτοὺςέπισκοπῆς</span> <span class='ocrx_word' id='word_1_161' title='bbox 3587 597 3687 650; x_wconf 79' lang='grc' dir='ltr'><strong>τοῦ</strong></span> 
     </span>
    </p>
   </div>
   <div class='ocr_carea' id='block_1_23' title="bbox 2112 684 3690 762">
    <p class='ocr_par' dir='ltr' id='par_1_23' title="bbox 2112 684 3690 762">
     <span class='ocr_line' id='line_1_23' title="bbox 2112 684 3690 762; baseline -0.006 -16"><span class='ocrx_word' id='word_1_162' title='bbox 2112 692 2266 746; x_wconf 80' lang='grc' dir='ltr'>Θεοῦ.</span> <span class='ocrx_word' id='word_1_163' title='bbox 2299 690 2566 762; x_wconf 84' lang='grc' dir='ltr'>Δευτέραν</span> <span class='ocrx_word' id='word_1_164' title='bbox 2607 689 2664 742; x_wconf 84' lang='grc' dir='ltr'>δὲ</span> <span class='ocrx_word' id='word_1_165' title='bbox 2709 687 2900 759; x_wconf 88' lang='grc' dir='ltr'>ῥάϐδον</span> <span class='ocrx_word' id='word_1_166' title='bbox 2950 686 3187 759; x_wconf 77' lang='grc' dir='ltr'>ἠγοῦμαι</span> <span class='ocrx_word' id='word_1_167' title='bbox 3229 686 3291 739; x_wconf 83' lang='grc' dir='ltr'><strong>τὸ</strong></span> <span class='ocrx_word' id='word_1_168' title='bbox 3334 686 3443 738; x_wconf 78' lang='grc' dir='ltr'><strong>πᾶν</strong></span> <span class='ocrx_word' id='word_1_169' title='bbox 3471 684 3690 757; x_wconf 72' lang='grc' dir='ltr'>ἁθρόως</span> 
     </span>
    </p>
   </div>
   <div class='ocr_carea' id='block_1_24' title="bbox 2126 771 3688 851">
    <p class='ocr_par' dir='ltr' id='par_1_24' title="bbox 2126 771 3688 851">
     <span class='ocr_line' id='line_1_24' title="bbox 2126 771 3688 851; baseline -0.006 -13"><span class='ocrx_word' id='word_1_170' title='bbox 2126 782 2388 838; x_wconf 81' lang='grc' dir='ltr'><strong>Ἰουδαίων</strong></span> <span class='ocrx_word' id='word_1_171' title='bbox 2416 780 2567 845; x_wconf 92' lang='grc' dir='ltr'>ἔθνος</span> <span class='ocrx_word' id='word_1_172' title='bbox 2586 780 2817 834; x_wconf 71' lang='grc' dir='ltr'>ἐνταῦθα</span> <span class='ocrx_word' id='word_1_173' title='bbox 2845 777 3154 851; x_wconf 81' lang='grc' dir='ltr'>δηλοῦσθαι.</span> <span class='ocrx_word' id='word_1_174' title='bbox 3190 776 3363 830; x_wconf 83' lang='grc' dir='ltr'>Καλεῖ</span> <span class='ocrx_word' id='word_1_175' title='bbox 3391 775 3437 828; x_wconf 77' lang='grc' dir='ltr'>δ’</span> <span class='ocrx_word' id='word_1_176' title='bbox 3458 771 3552 831; x_wconf 76' lang='grc' dir='ltr'><strong>οὖν</strong></span> <span class='ocrx_word' id='word_1_177' title='bbox 3580 774 3688 829; x_wconf 76' lang='grc' dir='ltr'>αὑ-</span> 
     </span>
    </p>
   </div>
   <div class='ocr_carea' id='block_1_25' title="bbox 2111 866 3690 947">
    <p class='ocr_par' dir='ltr' id='par_1_25' title="bbox 2111 866 3690 947">
     <span class='ocr_line' id='line_1_25' title="bbox 2111 866 3690 947; baseline -0.006 -19"><span class='ocrx_word' id='word_1_178' title='bbox 2111 877 2211 947; x_wconf 79' lang='grc' dir='ltr'><strong>τὴν</strong></span> <span class='ocrx_word' id='word_1_179' title='bbox 2246 874 2549 946; x_wconf 89' lang='grc' dir='ltr'>σχοίνισμα,</span> <span class='ocrx_word' id='word_1_180' title='bbox 2582 872 2776 942; x_wconf 75' lang='grc' dir='ltr'>λέγων’</span> <span class='ocrx_word' id='word_1_181' title='bbox 2812 890 2830 923; x_wconf 80' lang='grc' dir='ltr'><strong>ι</strong></span> <span class='ocrx_word' id='word_1_182' title='bbox 2871 870 2981 940; x_wconf 77' lang='grc' dir='ltr'><strong>Τὴν</strong></span> <span class='ocrx_word' id='word_1_183' title='bbox 3018 868 3144 940; x_wconf 88' lang='grc' dir='ltr'>μίαν</span> <span class='ocrx_word' id='word_1_184' title='bbox 3188 867 3422 922; x_wconf 75' lang='grc' dir='ltr'><strong>ἐκάλεσα</strong></span> <span class='ocrx_word' id='word_1_185' title='bbox 3465 866 3690 932; x_wconf 76' lang='grc' dir='ltr'>κάλλος,</span> 
     </span>
    </p>
   </div>
   <div class='ocr_carea' id='block_1_26' title="bbox 2113 959 3695 1037">
    <p class='ocr_par' dir='ltr' id='par_1_26' title="bbox 2113 959 3695 1037">
     <span class='ocr_line' id='line_1_26' title="bbox 2113 959 3695 1037; baseline -0.005 -17"><span class='ocrx_word' id='word_1_186' title='bbox 2113 967 2206 1020; x_wconf 74' lang='grc' dir='ltr'>καὶ</span> <span class='ocrx_word' id='word_1_187' title='bbox 2244 967 2341 1037; x_wconf 80' lang='grc' dir='ltr'><strong>τὴν</strong></span> <span class='ocrx_word' id='word_1_188' title='bbox 2373 964 2628 1037; x_wconf 84' lang='grc' dir='ltr'><strong>δευτέραν</strong></span> <span class='ocrx_word' id='word_1_189' title='bbox 2667 962 2899 1017; x_wconf 82' lang='grc' dir='ltr'><strong>ἐκάλεσα</strong></span> <span class='ocrx_word' id='word_1_190' title='bbox 2941 960 3246 1032; x_wconf 87' lang='grc' dir='ltr'>σχοίνισμα.</span> <span class='ocrx_word' id='word_1_191' title='bbox 3288 978 3307 1011; x_wconf 76' lang='grc' dir='ltr'><strong>ι</strong></span> <span class='ocrx_word' id='word_1_192' title='bbox 3344 960 3454 1013; x_wconf 80' lang='grc' dir='ltr'><strong>Καὶ</strong></span> <span class='ocrx_word' id='word_1_193' title='bbox 3498 959 3695 1029; x_wconf 75' lang='grc' dir='ltr'>σαφῶς</span> 
     </span>
    </p>
   </div>
   <div class='ocr_carea' id='block_1_27' title="bbox 2112 1050 3693 1127">
    <p class='ocr_par' dir='ltr' id='par_1_27' title="bbox 2112 1050 3693 1127">
     <span class='ocr_line' id='line_1_27' title="bbox 2112 1050 3693 1127; baseline -0.007 -16"><span class='ocrx_word' id='word_1_194' title='bbox 2112 1057 2352 1126; x_wconf 75' lang='grc' dir='ltr'><strong>ἐπιλέγει</strong></span> <span class='ocrx_word' id='word_1_195' title='bbox 2377 1056 2504 1127; x_wconf 72' lang='grc' dir='ltr'>περὶ</span> <span class='ocrx_word' id='word_1_196' title='bbox 2532 1054 2633 1126; x_wconf 80' lang='grc' dir='ltr'>τῆς</span> <span class='ocrx_word' id='word_1_197' title='bbox 2661 1053 2917 1126; x_wconf 82' lang='grc' dir='ltr'><strong>δευτέρας</strong></span> <span class='ocrx_word' id='word_1_198' title='bbox 2945 1051 3168 1121; x_wconf 81' lang='grc' dir='ltr'><strong>φάσκων</strong></span> <span class='ocrx_word' id='word_1_199' title='bbox 3189 1067 3201 1080; x_wconf 82' lang='grc'><strong>-</strong></span> <span class='ocrx_word' id='word_1_200' title='bbox 3226 1069 3247 1100; x_wconf 76' lang='grc' dir='ltr'><strong>ι</strong></span> <span class='ocrx_word' id='word_1_201' title='bbox 3273 1051 3382 1104; x_wconf 77' lang='lat' dir='ltr'><strong>Kal</strong></span> <span class='ocrx_word' id='word_1_202' title='bbox 3406 1050 3693 1122; x_wconf 73' lang='grc' dir='ltr'>άπέρῥιψα</span> 
     </span>
    </p>
   </div>
   <div class='ocr_carea' id='block_1_28' title="bbox 2110 1140 3691 1221">
    <p class='ocr_par' dir='ltr' id='par_1_28' title="bbox 2110 1140 3691 1221">
     <span class='ocr_line' id='line_1_28' title="bbox 2110 1140 3691 1221; baseline -0.006 -19"><span class='ocrx_word' id='word_1_203' title='bbox 2110 1150 2210 1221; x_wconf 76' lang='grc' dir='ltr'>τὴν</span> <span class='ocrx_word' id='word_1_204' title='bbox 2239 1147 2431 1219; x_wconf 89' lang='grc' dir='ltr'>ῥάϐδον</span> <span class='ocrx_word' id='word_1_205' title='bbox 2462 1146 2561 1215; x_wconf 79' lang='grc' dir='ltr'><strong>τὴν</strong></span> <span class='ocrx_word' id='word_1_206' title='bbox 2602 1144 2858 1216; x_wconf 83' lang='grc' dir='ltr'>δευτέραν</span> <span class='ocrx_word' id='word_1_207' title='bbox 2888 1143 2949 1196; x_wconf 82' lang='grc' dir='ltr'>τὸ</span> <span class='ocrx_word' id='word_1_208' title='bbox 2988 1142 3293 1213; x_wconf 85' lang='grc' dir='ltr'>σχοίνισμα,</span> <span class='ocrx_word' id='word_1_209' title='bbox 3328 1140 3422 1195; x_wconf 77' lang='grc' dir='ltr'>τοῦ</span> <span class='ocrx_word' id='word_1_210' title='bbox 3466 1140 3691 1194; x_wconf 82' lang='grc' dir='ltr'>διασκε-</span> 
     </span>
    </p>
   </div>
   <div class='ocr_carea' id='block_1_29' title="bbox 2111 1232 3691 1310">
    <p class='ocr_par' dir='ltr' id='par_1_29' title="bbox 2111 1232 3691 1310">
     <span class='ocr_line' id='line_1_29' title="bbox 2111 1232 3691 1310; baseline -0.006 -16"><span class='ocrx_word' id='word_1_211' title='bbox 2111 1239 2269 1294; x_wconf 90' lang='grc' dir='ltr'>δάσαι</span> <span class='ocrx_word' id='word_1_212' title='bbox 2298 1240 2396 1310; x_wconf 81' lang='grc' dir='ltr'>τὴν</span> <span class='ocrx_word' id='word_1_213' title='bbox 2426 1237 2699 1309; x_wconf 82' lang='grc' dir='ltr'>Διαθήκην</span> <span class='ocrx_word' id='word_1_214' title='bbox 2730 1233 2833 1288; x_wconf 83' lang='grc' dir='ltr'><strong>άνά</strong></span> <span class='ocrx_word' id='word_1_215' title='bbox 2867 1234 3029 1306; x_wconf 84' lang='grc' dir='ltr'>μέσον</span> <span class='ocrx_word' id='word_1_216' title='bbox 3071 1233 3240 1288; x_wconf 81' lang='grc' dir='ltr'>Ἰούδα</span> <span class='ocrx_word' id='word_1_217' title='bbox 3264 1233 3359 1286; x_wconf 78' lang='grc' dir='ltr'><strong>καὶ</strong></span> <span class='ocrx_word' id='word_1_218' title='bbox 3385 1232 3491 1286; x_wconf 80' lang='grc' dir='ltr'><strong>ἀνὰ</strong></span> <span class='ocrx_word' id='word_1_219' title='bbox 3522 1232 3691 1303; x_wconf 81' lang='grc' dir='ltr'>μέσον</span> 
     </span>
    </p>
   </div>
   <div class='ocr_carea' id='block_1_30' title="bbox 2125 1322 3689 1404">
    <p class='ocr_par' dir='ltr' id='par_1_30' title="bbox 2125 1322 3689 1404">
     <span class='ocr_line' id='line_1_30' title="bbox 2125 1322 3689 1404; baseline -0.006 -19"><span class='ocrx_word' id='word_1_220' title='bbox 2125 1331 2359 1404; x_wconf 81' lang='grc' dir='ltr'>Ἰσραήλ.</span> <span class='ocrx_word' id='word_1_221' title='bbox 2397 1349 2414 1380; x_wconf 73' lang='grc' dir='ltr'><strong>ι</strong></span> <span class='ocrx_word' id='word_1_222' title='bbox 2454 1322 2615 1383; x_wconf 69' lang='grc' dir='ltr'>Οὗτοι</span> <span class='ocrx_word' id='word_1_223' title='bbox 2650 1326 2758 1400; x_wconf 81' lang='grc' dir='ltr'><strong>γάρ</strong></span> <span class='ocrx_word' id='word_1_224' title='bbox 2787 1322 2927 1398; x_wconf 79' lang='grc' dir='ltr'>ἦσαν</span> <span class='ocrx_word' id='word_1_225' title='bbox 2945 1326 3007 1378; x_wconf 77' lang='grc' dir='ltr'>τὸ</span> <span class='ocrx_word' id='word_1_226' title='bbox 3043 1326 3329 1396; x_wconf 87' lang='grc' dir='ltr'>σχοίνισμα</span> <span class='ocrx_word' id='word_1_227' title='bbox 3371 1326 3467 1378; x_wconf 79' lang='grc' dir='ltr'>καὶ</span> <span class='ocrx_word' id='word_1_228' title='bbox 3517 1327 3551 1396; x_wconf 78' lang='grc' dir='ltr'>ἡ</span> <span class='ocrx_word' id='word_1_229' title='bbox 3586 1325 3689 1396; x_wconf 80' lang='grc' dir='ltr'>ῥά-</span> 
     </span>
    </p>
   </div>
   <div class='ocr_carea' id='block_1_31' title="bbox 2111 1416 3689 1495">
    <p class='ocr_par' dir='ltr' id='par_1_31' title="bbox 2111 1416 3689 1495">
     <span class='ocr_line' id='line_1_31' title="bbox 2111 1416 3689 1495; baseline -0.005 -18"><span class='ocrx_word' id='word_1_230' title='bbox 2111 1423 2234 1488; x_wconf 86' lang='grc' dir='ltr'>ϐδος</span> <span class='ocrx_word' id='word_1_231' title='bbox 2256 1426 2290 1495; x_wconf 81' lang='grc' dir='ltr'>ἡ</span> <span class='ocrx_word' id='word_1_232' title='bbox 2318 1422 2563 1495; x_wconf 84' lang='grc' dir='ltr'>δευτέρα.</span> <span class='ocrx_word' id='word_1_233' title='bbox 2619 1421 2683 1474; x_wconf 85' lang='grc' dir='ltr'><strong><em>Ἦ</em></strong></span> <span class='ocrx_word' id='word_1_234' title='bbox 2726 1419 2783 1472; x_wconf 81' lang='grc' dir='ltr'>δὲ</span> <span class='ocrx_word' id='word_1_235' title='bbox 2819 1419 3057 1490; x_wconf 88' lang='grc' dir='ltr'>προτέρα</span> <span class='ocrx_word' id='word_1_236' title='bbox 3089 1418 3281 1482; x_wconf 85' lang='grc' dir='ltr'>κάλλος</span> <span class='ocrx_word' id='word_1_237' title='bbox 3319 1416 3689 1489; x_wconf 76' lang='grc' dir='ltr'>ὠνομασμένη</span> 
     </span>
    </p>
   </div>
   <div class='ocr_carea' id='block_1_32' title="bbox 2112 1507 3691 1585">
    <p class='ocr_par' dir='ltr' id='par_1_32' title="bbox 2112 1507 3691 1585">
     <span class='ocr_line' id='line_1_32' title="bbox 2112 1507 3691 1585; baseline 0.007 -23"><span class='ocrx_word' id='word_1_238' title='bbox 2112 1517 2218 1569; x_wconf 71' lang='grc' dir='ltr'>οὐδ’</span> <span class='ocrx_word' id='word_1_239' title='bbox 2259 1515 2391 1585; x_wconf 75' lang='grc' dir='ltr'>ἄλλη</span> <span class='ocrx_word' id='word_1_240' title='bbox 2437 1515 2646 1582; x_wconf 85' lang='grc' dir='ltr'>γένοιτο</span> <span class='ocrx_word' id='word_1_241' title='bbox 2690 1510 2789 1582; x_wconf 80' lang='grc' dir='ltr'>τῆς</span> <span class='ocrx_word' id='word_1_242' title='bbox 2845 1510 3193 1581; x_wconf 80' lang='grc' dir='ltr'>Ἰερουσαλὴμ</span> <span class='ocrx_word' id='word_1_243' title='bbox 3224 1510 3412 1581; x_wconf 73' lang='grc' dir='ltr'>αὐτῆς,</span> <span class='ocrx_word' id='word_1_244' title='bbox 3448 1510 3544 1562; x_wconf 75' lang='grc' dir='ltr'><strong>καὶ</strong></span> <span class='ocrx_word' id='word_1_245' title='bbox 3588 1507 3691 1580; x_wconf 81' lang='grc' dir='ltr'>τῆς</span> 
     </span>
    </p>
   </div>
   <div class='ocr_carea' id='block_1_33' title="bbox 2112 1603 3691 1676">
    <p class='ocr_par' dir='ltr' id='par_1_33' title="bbox 2112 1603 3691 1676">
     <span class='ocr_line' id='line_1_33' title="bbox 2112 1603 3691 1676; baseline -0.003 -13"><span class='ocrx_word' id='word_1_246' title='bbox 2112 1609 2251 1663; x_wconf 80' lang='grc' dir='ltr'>κατὰ</span> <span class='ocrx_word' id='word_1_247' title='bbox 2282 1608 2484 1662; x_wconf 83' lang='grc' dir='ltr'>Μωσέα</span> <span class='ocrx_word' id='word_1_248' title='bbox 2525 1605 2798 1676; x_wconf 82' lang='grc' dir='ltr'>λατρείας,</span> <span class='ocrx_word' id='word_1_249' title='bbox 2835 1605 3047 1675; x_wconf 79' lang='grc' dir='ltr'>ἁπάσης</span> <span class='ocrx_word' id='word_1_250' title='bbox 3080 1621 3140 1657; x_wconf 88' lang='grc' dir='ltr'><strong>τε</strong></span> <span class='ocrx_word' id='word_1_251' title='bbox 3172 1605 3271 1676; x_wconf 82' lang='grc' dir='ltr'><strong>τῆς</strong></span> <span class='ocrx_word' id='word_1_252' title='bbox 3306 1603 3543 1667; x_wconf 80' lang='grc' dir='ltr'>παλαιᾶς</span> <span class='ocrx_word' id='word_1_253' title='bbox 3571 1606 3691 1658; x_wconf 76' lang='grc' dir='ltr'>Δια-</span> 
     </span>
    </p>
   </div>
   <div class='ocr_carea' id='block_1_34' title="bbox 442 1695 2001 1778">
    <p class='ocr_par' dir='ltr' id='par_1_34' title="bbox 442 1704 1999 1778">
     <span class='ocr_line' id='line_1_34' title="bbox 442 1704 1999 1778; baseline -0.002 -15"><span class='ocrx_word' id='word_1_254' title='bbox 442 1709 662 1763; x_wconf 89' lang='lat' dir='ltr'><strong>niculus</strong></span> <span class='ocrx_word' id='word_1_255' title='bbox 689 1714 745 1764; x_wconf 92' lang='lat' dir='ltr'><strong>et</strong></span> <span class='ocrx_word' id='word_1_256' title='bbox 774 1708 922 1778; x_wconf 88' lang='lat' dir='ltr'><strong>virga</strong></span> <span class='ocrx_word' id='word_1_257' title='bbox 956 1708 1144 1762; x_wconf 89' lang='lat' dir='ltr'><strong>altera.</strong></span> <span class='ocrx_word' id='word_1_258' title='bbox 1190 1704 1348 1762; x_wconf 82' lang='lat' dir='ltr'><strong>Prior</strong></span> <span class='ocrx_word' id='word_1_259' title='bbox 1391 1716 1570 1764; x_wconf 86' lang='lat' dir='ltr'><strong>autem</strong></span> <span class='ocrx_word' id='word_1_260' title='bbox 1609 1723 1730 1778; x_wconf 67' lang='lat' dir='ltr'><strong>qua:</strong></span> <span class='ocrx_word' id='word_1_261' title='bbox 1759 1707 1999 1778; x_wconf 83' lang='lat' dir='ltr'><strong>pulchri-</strong></span> 
     </span>
    </p>
   </div>
   <div class='ocr_carea' id='block_1_35' title="bbox 2103 1695 3689 1778">
    <p class='ocr_par' dir='ltr' id='par_1_35' title="bbox 2110 1697 3689 1773">
     <span class='ocr_line' id='line_1_35' title="bbox 2110 1697 3689 1773; baseline -0.004 -19"><span class='ocrx_word' id='word_1_262' title='bbox 2110 1700 2312 1773; x_wconf 69' lang='grc' dir='ltr'>θήκης*</span> <span class='ocrx_word' id='word_1_263' title='bbox 2342 1699 2437 1753; x_wconf 75' lang='grc' dir='ltr'>καὶ</span> <span class='ocrx_word' id='word_1_264' title='bbox 2468 1698 2623 1752; x_wconf 80' lang='grc' dir='ltr'>τοῦτο</span> <span class='ocrx_word' id='word_1_265' title='bbox 2649 1699 2710 1753; x_wconf 78' lang='grc' dir='ltr'>δὲ</span> <span class='ocrx_word' id='word_1_266' title='bbox 2749 1699 2807 1765; x_wconf 75' lang='grc' dir='ltr'>ἐξ</span> <span class='ocrx_word' id='word_1_267' title='bbox 2835 1697 3007 1768; x_wconf 80' lang='grc' dir='ltr'>αὐτῆς</span> <span class='ocrx_word' id='word_1_268' title='bbox 3047 1697 3375 1768; x_wconf 86' lang='grc' dir='ltr'>παρίσταται</span> <span class='ocrx_word' id='word_1_269' title='bbox 3415 1697 3518 1767; x_wconf 76' lang='grc' dir='ltr'><strong>τῆς</strong></span> <span class='ocrx_word' id='word_1_270' title='bbox 3552 1712 3689 1768; x_wconf 80' lang='grc' dir='ltr'>προ-</span> 
     </span>
    </p>
   </div>
   <div class='ocr_carea' id='block_1_36' title="bbox 442 1798 2006 1870">
    <p class='ocr_par' dir='ltr' id='par_1_36' title="bbox 442 1798 2006 1870">
     <span class='ocr_line' id='line_1_36' title="bbox 442 1798 2006 1870; baseline -0.001 -16"><span class='ocrx_word' id='word_1_271' title='bbox 442 1798 580 1854; x_wconf 91' lang='lat' dir='ltr'><strong>tudo</strong></span> <span class='ocrx_word' id='word_1_272' title='bbox 611 1799 891 1854; x_wconf 85' lang='lat' dir='ltr'><strong>nominata</strong></span> <span class='ocrx_word' id='word_1_273' title='bbox 919 1805 1025 1861; x_wconf 90' lang='lat' dir='ltr'><strong>est,</strong></span> <span class='ocrx_word' id='word_1_274' title='bbox 1050 1812 1157 1853; x_wconf 91' lang='lat' dir='ltr'><strong>non</strong></span> <span class='ocrx_word' id='word_1_275' title='bbox 1183 1799 1289 1853; x_wconf 88' lang='lat' dir='ltr'><strong>alia</strong></span> <span class='ocrx_word' id='word_1_276' title='bbox 1322 1798 1486 1854; x_wconf 88' lang='lat' dir='ltr'><strong>fuerit</strong></span> <span class='ocrx_word' id='word_1_277' title='bbox 1507 1814 1671 1870; x_wconf 91' lang='lat' dir='ltr'><strong>quam</strong></span> <span class='ocrx_word' id='word_1_278' title='bbox 1702 1800 1819 1869; x_wconf 84' lang='lat' dir='ltr'><strong>ipsa</strong></span> <span class='ocrx_word' id='word_1_279' title='bbox 1844 1798 2006 1854; x_wconf 78' lang='lat' dir='ltr'><strong>Jeru-</strong></span> 
     </span>
    </p>
   </div>
   <div class='ocr_carea' id='block_1_37' title="bbox 442 1886 2009 1960">
    <p class='ocr_par' dir='ltr' id='par_1_37' title="bbox 442 1886 2009 1960">
     <span class='ocr_line' id='line_1_37' title="bbox 442 1886 2009 1960; baseline -0.002 -13"><span class='ocrx_word' id='word_1_280' title='bbox 442 1890 637 1953; x_wconf 82' lang='lat' dir='ltr'><strong>salem,</strong></span> <span class='ocrx_word' id='word_1_281' title='bbox 664 1888 1024 1958; x_wconf 90' lang='lat' dir='ltr'><strong>adoratioque</strong></span> <span class='ocrx_word' id='word_1_282' title='bbox 1051 1886 1312 1953; x_wconf 86' lang='lat' dir='ltr'><strong>Mosaica,</strong></span> <span class='ocrx_word' id='word_1_283' title='bbox 1346 1890 1635 1960; x_wconf 90' lang='lat' dir='ltr'><strong>omnisque</strong></span> <span class='ocrx_word' id='word_1_284' title='bbox 1660 1890 1840 1959; x_wconf 86' lang='lat' dir='ltr'><strong>prisca</strong></span> <span class='ocrx_word' id='word_1_285' title='bbox 1874 1903 2009 1944; x_wconf 90' lang='lat' dir='ltr'><strong>con-</strong></span> 
     </span>
    </p>
   </div>
   <div class='ocr_carea' id='block_1_38' title="bbox 443 1976 2008 2049">
    <p class='ocr_par' dir='ltr' id='par_1_38' title="bbox 443 1976 2008 2049">
     <span class='ocr_line' id='line_1_38' title="bbox 443 1976 2008 2049; baseline -0.001 -15"><span class='ocrx_word' id='word_1_286' title='bbox 443 1979 680 2042; x_wconf 91' lang='lat' dir='ltr'><strong>stitutio,</strong></span> <span class='ocrx_word' id='word_1_287' title='bbox 720 1992 842 2047; x_wconf 79' lang='lat' dir='ltr'><strong>quae</strong></span> <span class='ocrx_word' id='word_1_288' title='bbox 885 1984 1041 2032; x_wconf 89' lang='lat' dir='ltr'><strong>vetus</strong></span> <span class='ocrx_word' id='word_1_289' title='bbox 1086 1976 1287 2032; x_wconf 86' lang='lat' dir='ltr'><strong>dicitur</strong></span> <span class='ocrx_word' id='word_1_290' title='bbox 1334 1985 1744 2041; x_wconf 86' lang='lat' dir='ltr'><strong>testamentum,</strong></span> <span class='ocrx_word' id='word_1_291' title='bbox 1798 1979 2008 2049; x_wconf 84' lang='lat' dir='ltr'><strong>hocque</strong></span> 
     </span>
    </p>
   </div>
   <div class='ocr_carea' id='block_1_39' title="bbox 442 2069 2008 2142">
    <p class='ocr_par' dir='ltr' id='par_1_39' title="bbox 442 2069 2008 2142">
     <span class='ocr_line' id='line_1_39' title="bbox 442 2069 2008 2142; baseline 0 -16"><span class='ocrx_word' id='word_1_292' title='bbox 442 2071 622 2142; x_wconf 88' lang='lat' dir='ltr'><strong>ipsum</strong></span> <span class='ocrx_word' id='word_1_293' title='bbox 653 2070 736 2125; x_wconf 87' lang='lat' dir='ltr'><strong>vel</strong></span> <span class='ocrx_word' id='word_1_294' title='bbox 755 2084 819 2124; x_wconf 77' lang='lat' dir='ltr'><strong>ex</strong></span> <span class='ocrx_word' id='word_1_295' title='bbox 853 2070 971 2140; x_wconf 89' lang='lat' dir='ltr'><strong>ipsa</strong></span> <span class='ocrx_word' id='word_1_296' title='bbox 1002 2069 1289 2140; x_wconf 84' lang='lat' dir='ltr'><strong>prophetia</strong></span> <span class='ocrx_word' id='word_1_297' title='bbox 1320 2070 1478 2142; x_wconf 87' lang='lat' dir='ltr'><strong>plane</strong></span> <span class='ocrx_word' id='word_1_298' title='bbox 1510 2072 1842 2135; x_wconf 90' lang='lat' dir='ltr'><strong>constiterit,</strong></span> <span class='ocrx_word' id='word_1_299' title='bbox 1876 2072 2008 2126; x_wconf 86' lang='lat' dir='ltr'><strong>dum</strong></span> 
     </span>
    </p>
   </div>
   <div class='ocr_carea' id='block_1_40' title="bbox 441 2159 2010 2233">
    <p class='ocr_par' dir='ltr' id='par_1_40' title="bbox 441 2159 2010 2233">
     <span class='ocr_line' id='line_1_40' title="bbox 441 2159 2010 2233; baseline 0.001 -19"><span class='ocrx_word' id='word_1_300' title='bbox 441 2161 521 2215; x_wconf 87' lang='lat' dir='ltr'><strong>ait</strong></span> <span class='ocrx_word' id='word_1_301' title='bbox 555 2179 569 2215; x_wconf 91' lang='lat'><strong>:</strong></span> <span class='ocrx_word' id='word_1_302' title='bbox 607 2179 628 2212; x_wconf 72' lang='grc' dir='ltr'><strong>ι</strong></span> <span class='ocrx_word' id='word_1_303' title='bbox 666 2159 733 2214; x_wconf 83' lang='lat' dir='ltr'><strong>Et</strong></span> <span class='ocrx_word' id='word_1_304' title='bbox 767 2160 978 2231; x_wconf 89' lang='lat' dir='ltr'><strong>capiam</strong></span> <span class='ocrx_word' id='word_1_305' title='bbox 999 2160 1209 2229; x_wconf 86' lang='lat' dir='ltr'><strong>virgam</strong></span> <span class='ocrx_word' id='word_1_306' title='bbox 1239 2174 1415 2216; x_wconf 80' lang='lat' dir='ltr'><strong>meam</strong></span> <span class='ocrx_word' id='word_1_307' title='bbox 1448 2161 1755 2231; x_wconf 86' lang='lat' dir='ltr'><strong>pulchram,</strong></span> <span class='ocrx_word' id='word_1_308' title='bbox 1784 2170 1837 2218; x_wconf 90' lang='lat' dir='ltr'><strong>et</strong></span> <span class='ocrx_word' id='word_1_309' title='bbox 1870 2162 2010 2233; x_wconf 79' lang='lat' dir='ltr'><strong>abji-</strong></span> 
     </span>
    </p>
   </div>
   <div class='ocr_carea' id='block_1_41' title="bbox 440 2249 2002 2321">
    <p class='ocr_par' dir='ltr' id='par_1_41' title="bbox 440 2249 2002 2321">
     <span class='ocr_line' id='line_1_41' title="bbox 440 2249 2002 2321; baseline -0.001 -14"><span class='ocrx_word' id='word_1_310' title='bbox 440 2251 582 2307; x_wconf 84' lang='lat' dir='ltr'><strong>ciam</strong></span> <span class='ocrx_word' id='word_1_311' title='bbox 611 2266 730 2307; x_wconf 89' lang='lat' dir='ltr'><strong>eam</strong></span> <span class='ocrx_word' id='word_1_312' title='bbox 764 2251 830 2306; x_wconf 92' lang='lat' dir='ltr'><strong>ad</strong></span> <span class='ocrx_word' id='word_1_313' title='bbox 863 2249 1244 2321; x_wconf 83' lang='lat' dir='ltr'><strong>dissipandum</strong></span> <span class='ocrx_word' id='word_1_314' title='bbox 1278 2260 1667 2308; x_wconf 89' lang='lat' dir='ltr'><strong>testamentum</strong></span> <span class='ocrx_word' id='word_1_315' title='bbox 1723 2268 1925 2307; x_wconf 78' lang='lat' dir='ltr'><strong>meum.</strong></span> <span class='ocrx_word' id='word_1_316' title='bbox 1982 2272 2002 2305; x_wconf 74' lang='grc' dir='ltr'><strong>ι</strong></span> 
     </span>
    </p>
   </div>
   <div class='ocr_carea' id='block_1_42' title="bbox 439 2326 2009 2415">
    <p class='ocr_par' dir='ltr' id='par_1_42' title="bbox 439 2326 2009 2415">
     <span class='ocr_line' id='line_1_42' title="bbox 439 2326 2009 2415; baseline 0 -18"><span class='ocrx_word' id='word_1_317' title='bbox 439 2338 608 2400; x_wconf 74' lang='lat' dir='ltr'><strong>Vides</strong></span> <span class='ocrx_word' id='word_1_318' title='bbox 630 2351 688 2399; x_wconf 92' lang='lat' dir='ltr'><strong>ut</strong></span> <span class='ocrx_word' id='word_1_319' title='bbox 719 2326 1103 2399; x_wconf 81' lang='lat' dir='ltr'><strong>testamentum</strong></span> <span class='ocrx_word' id='word_1_320' title='bbox 1135 2341 1353 2412; x_wconf 87' lang='lat' dir='ltr'><strong>quidem</strong></span> <span class='ocrx_word' id='word_1_321' title='bbox 1379 2358 1562 2409; x_wconf 89' lang='lat' dir='ltr'><strong>suum,</strong></span> <span class='ocrx_word' id='word_1_322' title='bbox 1612 2342 1821 2415; x_wconf 78' lang='lat' dir='ltr'><strong>virgam</strong></span> <span class='ocrx_word' id='word_1_323' title='bbox 1864 2342 2009 2412; x_wconf 85' lang='lat' dir='ltr'><strong>prio-</strong></span> 
     </span>
    </p>
   </div>
   <div class='ocr_carea' id='block_1_43' title="bbox 441 2428 2037 2501">
    <p class='ocr_par' dir='ltr' id='par_1_43' title="bbox 441 2428 2037 2501">
     <span class='ocr_line' id='line_1_43' title="bbox 441 2428 2037 2501; baseline -0.003 -14"><span class='ocrx_word' id='word_1_324' title='bbox 441 2447 556 2488; x_wconf 85' lang='lat' dir='ltr'><strong>rem</strong></span> <span class='ocrx_word' id='word_1_325' title='bbox 586 2447 710 2489; x_wconf 88' lang='lat' dir='ltr'><strong>esse</strong></span> <span class='ocrx_word' id='word_1_326' title='bbox 737 2432 971 2499; x_wconf 73' lang='lat' dir='ltr'><strong>dixerit;</strong></span> <span class='ocrx_word' id='word_1_327' title='bbox 1003 2431 1235 2486; x_wconf 89' lang='lat' dir='ltr'><strong>alteram</strong></span> <span class='ocrx_word' id='word_1_328' title='bbox 1259 2445 1391 2486; x_wconf 91' lang='lat' dir='ltr'><strong>vero</strong></span> <span class='ocrx_word' id='word_1_329' title='bbox 1422 2428 1650 2501; x_wconf 79' lang='lat' dir='ltr'><strong>virgam,</strong></span> <span class='ocrx_word' id='word_1_330' title='bbox 1679 2429 2004 2495; x_wconf 87' lang='lat' dir='ltr'><strong>funiculum,</strong></span> <span class='ocrx_word' id='word_1_331' title='bbox 2031 2484 2037 2489; x_wconf 72' lang='grc'><strong>,</strong></span> 
     </span>
    </p>
   </div>
   <div class='ocr_carea' id='block_1_44' title="bbox 439 2521 2009 2595">
    <p class='ocr_par' dir='ltr' id='par_1_44' title="bbox 439 2521 2009 2595">
     <span class='ocr_line' id='line_1_44' title="bbox 439 2521 2009 2595; baseline -0.004 -16"><span class='ocrx_word' id='word_1_332' title='bbox 439 2532 495 2580; x_wconf 90' lang='lat' dir='ltr'><strong>et</strong></span> <span class='ocrx_word' id='word_1_333' title='bbox 524 2531 704 2579; x_wconf 84' lang='lat' dir='ltr'><strong>tamen</strong></span> <span class='ocrx_word' id='word_1_334' title='bbox 733 2541 791 2579; x_wconf 88' lang='lat' dir='ltr'><strong>se</strong></span> <span class='ocrx_word' id='word_1_335' title='bbox 826 2530 1115 2593; x_wconf 88' lang='lat' dir='ltr'><strong>utramque</strong></span> <span class='ocrx_word' id='word_1_336' title='bbox 1144 2521 1489 2595; x_wconf 86' lang='lat' dir='ltr'><strong>abjecturum</strong></span> <span class='ocrx_word' id='word_1_337' title='bbox 1517 2522 1779 2584; x_wconf 88' lang='lat' dir='ltr'><strong>minatur,</strong></span> <span class='ocrx_word' id='word_1_338' title='bbox 1814 2534 2009 2591; x_wconf 83' lang='lat' dir='ltr'><strong>quam-</strong></span> 
     </span>
    </p>
   </div>
   <div class='ocr_carea' id='block_1_45' title="bbox 440 2604 2006 2688">
    <p class='ocr_par' dir='ltr' id='par_1_45' title="bbox 440 2604 2006 2688">
     <span class='ocr_line' id='line_1_45' title="bbox 440 2604 2006 2688; baseline -0.001 -20"><span class='ocrx_word' id='word_1_339' title='bbox 440 2604 525 2672; x_wconf 86' lang='lat' dir='ltr'><strong>vis</strong></span> <span class='ocrx_word' id='word_1_340' title='bbox 579 2616 732 2688; x_wconf 84' lang='lat' dir='ltr'><strong>prius</strong></span> <span class='ocrx_word' id='word_1_341' title='bbox 775 2613 972 2670; x_wconf 78' lang='lat' dir='ltr'><strong>dixerit</strong></span> <span class='ocrx_word' id='word_1_342' title='bbox 1019 2633 1033 2670; x_wconf 89' lang='lat'><strong>:</strong></span> <span class='ocrx_word' id='word_1_343' title='bbox 1084 2632 1104 2666; x_wconf 82' lang='grc' dir='ltr'><strong>ι</strong></span> <span class='ocrx_word' id='word_1_344' title='bbox 1149 2613 1217 2668; x_wconf 85' lang='grc' dir='ltr'>Ει</span> <span class='ocrx_word' id='word_1_345' title='bbox 1267 2611 1483 2683; x_wconf 87' lang='lat' dir='ltr'><strong>capiam</strong></span> <span class='ocrx_word' id='word_1_346' title='bbox 1535 2610 1668 2667; x_wconf 86' lang='lat' dir='ltr'><strong>mihi</strong></span> <span class='ocrx_word' id='word_1_347' title='bbox 1720 2612 1824 2682; x_wconf 84' lang='lat' dir='ltr'><strong>ipsi</strong></span> <span class='ocrx_word' id='word_1_348' title='bbox 1868 2610 2006 2667; x_wconf 85' lang='lat' dir='ltr'><strong>duas</strong></span> 
     </span>
    </p>
   </div>
   <div class='ocr_carea' id='block_1_46' title="bbox 440 2702 2007 2778">
    <p class='ocr_par' dir='ltr' id='par_1_46' title="bbox 440 2702 2007 2778">
     <span class='ocr_line' id='line_1_46' title="bbox 440 2702 2007 2778; baseline -0.003 -17"><span class='ocrx_word' id='word_1_349' title='bbox 440 2706 644 2778; x_wconf 81' lang='lat' dir='ltr'><strong>virgas,</strong></span> <span class='ocrx_word' id='word_1_350' title='bbox 676 2720 841 2760; x_wconf 89' lang='lat' dir='ltr'><strong>unam</strong></span> <span class='ocrx_word' id='word_1_351' title='bbox 873 2706 1059 2761; x_wconf 86' lang='lat' dir='ltr'><strong>vocavi</strong></span> <span class='ocrx_word' id='word_1_352' title='bbox 1088 2702 1572 2777; x_wconf 83' lang='lat' dir='ltr'><strong>pulchritudinem,</strong></span> <span class='ocrx_word' id='word_1_353' title='bbox 1591 2710 1644 2758; x_wconf 88' lang='lat' dir='ltr'><strong>et</strong></span> <span class='ocrx_word' id='word_1_354' title='bbox 1666 2703 1889 2757; x_wconf 87' lang='lat' dir='ltr'><strong>alteram</strong></span> <span class='ocrx_word' id='word_1_355' title='bbox 1913 2716 2007 2757; x_wconf 90' lang='lat' dir='ltr'><strong>vo-</strong></span> 
     </span>
    </p>
   </div>
   <div class='ocr_carea' id='block_1_47' title="bbox 437 2795 2006 2870">
    <p class='ocr_par' dir='ltr' id='par_1_47' title="bbox 437 2795 2006 2870">
     <span class='ocr_line' id='line_1_47' title="bbox 437 2795 2006 2870; baseline -0.005 -14"><span class='ocrx_word' id='word_1_356' title='bbox 437 2800 558 2856; x_wconf 82' lang='lat' dir='ltr'><strong>cavi</strong></span> <span class='ocrx_word' id='word_1_357' title='bbox 595 2798 896 2856; x_wconf 90' lang='lat' dir='ltr'><strong>funiculum</strong></span> <span class='ocrx_word' id='word_1_358' title='bbox 932 2817 946 2854; x_wconf 89' lang='lat'><strong>:</strong></span> <span class='ocrx_word' id='word_1_359' title='bbox 983 2818 1002 2850; x_wconf 70' lang='grc' dir='ltr'><strong>ι</strong></span> <span class='ocrx_word' id='word_1_360' title='bbox 1036 2814 1137 2869; x_wconf 87' lang='lat' dir='ltr'><strong>pro</strong></span> <span class='ocrx_word' id='word_1_361' title='bbox 1163 2812 1274 2870; x_wconf 93' lang='lat' dir='ltr'><strong>quo</strong></span> <span class='ocrx_word' id='word_1_362' title='bbox 1301 2797 1495 2869; x_wconf 81' lang='lat' dir='ltr'><strong>Aquila</strong></span> <span class='ocrx_word' id='word_1_363' title='bbox 1518 2795 1736 2867; x_wconf 86' lang='lat' dir='ltr'><strong>quidem</strong></span> <span class='ocrx_word' id='word_1_364' title='bbox 1760 2795 1840 2849; x_wconf 91' lang='lat' dir='ltr'><strong>sic</strong></span> <span class='ocrx_word' id='word_1_365' title='bbox 1872 2810 2006 2849; x_wconf 79' lang='lat' dir='ltr'><strong>con--</strong></span> 
     </span>
    </p>
   </div>
   <div class='ocr_carea' id='block_1_48' title="bbox 441 2884 2004 2949">
    <p class='ocr_par' dir='ltr' id='par_1_48' title="bbox 441 2884 2004 2949">
     <span class='ocr_line' id='line_1_48' title="bbox 441 2884 2004 2949; baseline -0.003 -7"><span class='ocrx_word' id='word_1_366' title='bbox 441 2888 604 2944; x_wconf 80' lang='lat' dir='ltr'><strong>vertit</strong></span> <span class='ocrx_word' id='word_1_367' title='bbox 637 2907 652 2944; x_wconf 88' lang='lat'><strong>:</strong></span> <span class='ocrx_word' id='word_1_368' title='bbox 687 2905 707 2939; x_wconf 78' lang='grc' dir='ltr'><strong>ι</strong></span> <span class='ocrx_word' id='word_1_369' title='bbox 740 2884 917 2942; x_wconf 86' lang='lat' dir='ltr'><strong>Unam</strong></span> <span class='ocrx_word' id='word_1_370' title='bbox 948 2887 1142 2942; x_wconf 84' lang='lat' dir='ltr'><strong>vocavi</strong></span> <span class='ocrx_word' id='word_1_371' title='bbox 1167 2887 1444 2949; x_wconf 88' lang='lat' dir='ltr'><strong>decorem,</strong></span> <span class='ocrx_word' id='word_1_372' title='bbox 1476 2894 1531 2940; x_wconf 87' lang='lat' dir='ltr'><strong>et</strong></span> <span class='ocrx_word' id='word_1_373' title='bbox 1560 2884 1788 2939; x_wconf 87' lang='lat' dir='ltr'><strong>alteram</strong></span> <span class='ocrx_word' id='word_1_374' title='bbox 1812 2884 2004 2938; x_wconf 86' lang='lat' dir='ltr'><strong>vocavi</strong></span> 
     </span>
    </p>
   </div>
   <div class='ocr_carea' id='block_1_49' title="bbox 441 2972 1998 3049">
    <p class='ocr_par' dir='ltr' id='par_1_49' title="bbox 441 2972 1998 3049">
     <span class='ocr_line' id='line_1_49' title="bbox 441 2972 1998 3049; baseline -0.004 -15"><span class='ocrx_word' id='word_1_375' title='bbox 441 2978 766 3034; x_wconf 90' lang='lat' dir='ltr'><strong>funiculum.</strong></span> <span class='ocrx_word' id='word_1_376' title='bbox 818 2996 836 3029; x_wconf 74' lang='grc' dir='ltr'><strong>ι</strong></span> <span class='ocrx_word' id='word_1_377' title='bbox 874 2975 1236 3049; x_wconf 84' lang='lat' dir='ltr'><strong>Symmachus</strong></span> <span class='ocrx_word' id='word_1_378' title='bbox 1266 2983 1448 3031; x_wconf 88' lang='lat' dir='ltr'><strong>autem</strong></span> <span class='ocrx_word' id='word_1_379' title='bbox 1482 2994 1497 3030; x_wconf 86' lang='lat'><strong>:</strong></span> <span class='ocrx_word' id='word_1_380' title='bbox 1545 2993 1564 3026; x_wconf 80' lang='grc' dir='ltr'><strong>ι</strong></span> <span class='ocrx_word' id='word_1_381' title='bbox 1604 2973 1755 3029; x_wconf 88' lang='lat' dir='ltr'><strong>Hanc</strong></span> <span class='ocrx_word' id='word_1_382' title='bbox 1779 2972 1998 3044; x_wconf 86' lang='lat' dir='ltr'><strong>quidem</strong></span> 
     </span>
    </p>
   </div>
   <div class='ocr_carea' id='block_1_50' title="bbox 440 3040 2069 3134">
    <p class='ocr_par' dir='ltr' id='par_1_50' title="bbox 440 3040 2069 3134">
     <span class='ocr_line' id='line_1_50' title="bbox 440 3040 2069 3134; baseline -0.006 -8"><span class='ocrx_word' id='word_1_383' title='bbox 440 3070 630 3127; x_wconf 82' lang='lat' dir='ltr'><strong>vocavi</strong></span> <span class='ocrx_word' id='word_1_384' title='bbox 652 3069 928 3134; x_wconf 84' lang='lat' dir='ltr'><strong>decorem,</strong></span> <span class='ocrx_word' id='word_1_385' title='bbox 959 3070 1107 3124; x_wconf 91' lang='lat' dir='ltr'><strong>illam</strong></span> <span class='ocrx_word' id='word_1_386' title='bbox 1136 3078 1318 3123; x_wconf 88' lang='lat' dir='ltr'><strong>autem</strong></span> <span class='ocrx_word' id='word_1_387' title='bbox 1366 3067 1555 3123; x_wconf 85' lang='lat' dir='ltr'><strong>vocavi</strong></span> <span class='ocrx_word' id='word_1_388' title='bbox 1610 3065 1933 3121; x_wconf 87' lang='lat' dir='ltr'><strong>funiculum.</strong></span> <span class='ocrx_word' id='word_1_389' title='bbox 1975 3084 1993 3116; x_wconf 77' lang='grc' dir='ltr'><strong>ι</strong></span> <span class='ocrx_word' id='word_1_390' title='bbox 2027 3040 2069 3098; x_wconf 75' lang='lat' dir='ltr'><strong><em>C</em></strong></span> 
     </span>
    </p>
   </div>
   <div class='ocr_carea' id='block_1_51' title="bbox 440 3155 2003 3232">
    <p class='ocr_par' dir='ltr' id='par_1_51' title="bbox 440 3155 2003 3232">
     <span class='ocr_line' id='line_1_51' title="bbox 440 3155 2003 3232; baseline -0.004 -16"><span class='ocrx_word' id='word_1_391' title='bbox 440 3162 554 3217; x_wconf 82' lang='lat' dir='ltr'><strong>Hoc</strong></span> <span class='ocrx_word' id='word_1_392' title='bbox 607 3161 774 3232; x_wconf 82' lang='lat' dir='ltr'><strong>igitur</strong></span> <span class='ocrx_word' id='word_1_393' title='bbox 815 3160 1089 3215; x_wconf 65' lang='lat' dir='ltr'><strong>universa:</strong></span> <span class='ocrx_word' id='word_1_394' title='bbox 1133 3158 1312 3230; x_wconf 86' lang='lat' dir='ltr'><strong>gentis</strong></span> <span class='ocrx_word' id='word_1_395' title='bbox 1357 3155 1784 3228; x_wconf 90' lang='lat' dir='ltr'><strong>pulchritudinis</strong></span> <span class='ocrx_word' id='word_1_396' title='bbox 1838 3155 2003 3210; x_wconf 85' lang='lat' dir='ltr'><strong>deco-</strong></span> 
     </span>
    </p>
   </div>
   <div class='ocr_carea' id='block_1_52' title="bbox 439 3246 2002 3323">
    <p class='ocr_par' dir='ltr' id='par_1_52' title="bbox 439 3246 2002 3323">
     <span class='ocr_line' id='line_1_52' title="bbox 439 3246 2002 3323; baseline -0.004 -17"><span class='ocrx_word' id='word_1_397' title='bbox 439 3248 623 3323; x_wconf 82' lang='lat' dir='ltr'><strong>risque</strong></span> <span class='ocrx_word' id='word_1_398' title='bbox 658 3251 899 3315; x_wconf 90' lang='lat' dir='ltr'><strong>nomine,</strong></span> <span class='ocrx_word' id='word_1_399' title='bbox 931 3248 1172 3303; x_wconf 86' lang='lat' dir='ltr'><strong>divinam</strong></span> <span class='ocrx_word' id='word_1_400' title='bbox 1198 3249 1392 3319; x_wconf 83' lang='lat' dir='ltr'><strong>legem,</strong></span> <span class='ocrx_word' id='word_1_401' title='bbox 1420 3253 1474 3302; x_wconf 93' lang='lat' dir='ltr'><strong>et</strong></span> <span class='ocrx_word' id='word_1_402' title='bbox 1502 3246 1649 3317; x_wconf 87' lang='lat' dir='ltr'><strong>quod</strong></span> <span class='ocrx_word' id='word_1_403' title='bbox 1676 3247 1730 3300; x_wconf 91' lang='lat' dir='ltr'><strong>in</strong></span> <span class='ocrx_word' id='word_1_404' title='bbox 1761 3261 1823 3301; x_wconf 91' lang='lat' dir='ltr'><strong>ea</strong></span> <span class='ocrx_word' id='word_1_405' title='bbox 1869 3261 2002 3301; x_wconf 90' lang='lat' dir='ltr'><strong>con-</strong></span> 
     </span>
    </p>
   </div>
   <div class='ocr_carea' id='block_1_53' title="bbox 437 3336 2000 3410">
    <p class='ocr_par' dir='ltr' id='par_1_53' title="bbox 437 3336 2000 3410">
     <span class='ocr_line' id='line_1_53' title="bbox 437 3336 2000 3410; baseline -0.003 -11"><span class='ocrx_word' id='word_1_406' title='bbox 437 3346 640 3400; x_wconf 89' lang='lat' dir='ltr'><strong>tinetur</strong></span> <span class='ocrx_word' id='word_1_407' title='bbox 660 3349 1072 3405; x_wconf 81' lang='lat' dir='ltr'><strong>testamentum,</strong></span> <span class='ocrx_word' id='word_1_408' title='bbox 1097 3340 1294 3395; x_wconf 88' lang='lat' dir='ltr'><strong>merito</strong></span> <span class='ocrx_word' id='word_1_409' title='bbox 1312 3338 1573 3410; x_wconf 86' lang='lat' dir='ltr'><strong>appellat.</strong></span> <span class='ocrx_word' id='word_1_410' title='bbox 1603 3336 2000 3394; x_wconf 82' lang='lat' dir='ltr'><strong>Venerabilitas</strong></span> 
     </span>
    </p>
   </div>
   <div class='ocr_carea' id='block_1_54' title="bbox 437 3429 2000 3502">
    <p class='ocr_par' dir='ltr' id='par_1_54' title="bbox 437 3429 2000 3502">
     <span class='ocr_line' id='line_1_54' title="bbox 437 3429 2000 3502; baseline -0.004 -10"><span class='ocrx_word' id='word_1_411' title='bbox 437 3436 581 3493; x_wconf 89' lang='lat' dir='ltr'><strong>enim</strong></span> <span class='ocrx_word' id='word_1_412' title='bbox 612 3435 703 3489; x_wconf 90' lang='lat' dir='ltr'><strong>illa</strong></span> <span class='ocrx_word' id='word_1_413' title='bbox 726 3434 879 3489; x_wconf 86' lang='lat' dir='ltr'><strong>urbis</strong></span> <span class='ocrx_word' id='word_1_414' title='bbox 901 3430 1225 3500; x_wconf 86' lang='lat' dir='ltr'><strong>Jerusalem,</strong></span> <span class='ocrx_word' id='word_1_415' title='bbox 1249 3438 1303 3487; x_wconf 91' lang='lat' dir='ltr'><strong>et</strong></span> <span class='ocrx_word' id='word_1_416' title='bbox 1330 3445 1452 3502; x_wconf 67' lang='lat' dir='ltr'><strong>quae</strong></span> <span class='ocrx_word' id='word_1_417' title='bbox 1483 3431 1538 3484; x_wconf 90' lang='lat' dir='ltr'><strong>in</strong></span> <span class='ocrx_word' id='word_1_418' title='bbox 1571 3445 1635 3485; x_wconf 92' lang='lat' dir='ltr'><strong>ea</strong></span> <span class='ocrx_word' id='word_1_419' title='bbox 1685 3429 1753 3483; x_wconf 91' lang='lat' dir='ltr'><strong>ad</strong></span> <span class='ocrx_word' id='word_1_420' title='bbox 1799 3445 2000 3485; x_wconf 86' lang='lat' dir='ltr'><strong>munus</strong></span> 
     </span>
    </p>
   </div>
   <div class='ocr_carea' id='block_1_55' title="bbox 437 3525 1997 3604">
    <p class='ocr_par' dir='ltr' id='par_1_55' title="bbox 437 3525 1997 3604">
     <span class='ocr_line' id='line_1_55' title="bbox 437 3525 1997 3604; baseline -0.006 -17"><span class='ocrx_word' id='word_1_421' title='bbox 437 3530 752 3604; x_wconf 80' lang='lat' dir='ltr'><strong>pontificum</strong></span> <span class='ocrx_word' id='word_1_422' title='bbox 780 3528 1235 3597; x_wconf 81' lang='lat' dir='ltr'><strong>saeerdotumque</strong></span> <span class='ocrx_word' id='word_1_423' title='bbox 1280 3525 1649 3597; x_wconf 84' lang='lat' dir='ltr'><strong>pertinebant,</strong></span> <span class='ocrx_word' id='word_1_424' title='bbox 1678 3530 1791 3578; x_wconf 87' lang='lat' dir='ltr'><strong>tum</strong></span> <span class='ocrx_word' id='word_1_425' title='bbox 1832 3525 1997 3579; x_wconf 85' lang='lat' dir='ltr'><strong>etiam</strong></span> 
     </span>
    </p>
   </div>
   <div class='ocr_carea' id='block_1_56' title="bbox 434 3616 1997 3692">
    <p class='ocr_par' dir='ltr' id='par_1_56' title="bbox 434 3616 1997 3692">
     <span class='ocr_line' id='line_1_56' title="bbox 434 3616 1997 3692; baseline -0.007 -13"><span class='ocrx_word' id='word_1_426' title='bbox 434 3622 617 3679; x_wconf 91' lang='lat' dir='ltr'><strong>omnia</strong></span> <span class='ocrx_word' id='word_1_427' title='bbox 648 3636 983 3692; x_wconf 68' lang='lat' dir='ltr'><strong>quaecunque</strong></span> <span class='ocrx_word' id='word_1_428' title='bbox 1010 3620 1139 3673; x_wconf 90' lang='lat' dir='ltr'><strong>olim</strong></span> <span class='ocrx_word' id='word_1_429' title='bbox 1172 3617 1316 3690; x_wconf 90' lang='lat' dir='ltr'><strong>apud</strong></span> <span class='ocrx_word' id='word_1_430' title='bbox 1351 3618 1474 3673; x_wconf 88' lang='lat' dir='ltr'><strong>illos</strong></span> <span class='ocrx_word' id='word_1_431' title='bbox 1505 3617 1735 3688; x_wconf 86' lang='lat' dir='ltr'><strong>populos</strong></span> <span class='ocrx_word' id='word_1_432' title='bbox 1765 3632 1830 3672; x_wconf 73' lang='lat' dir='ltr'><strong>ex</strong></span> <span class='ocrx_word' id='word_1_433' title='bbox 1851 3616 1997 3671; x_wconf 80' lang='lat' dir='ltr'><strong>divi-</strong></span> 
     </span>
    </p>
   </div>
   <div class='ocr_carea' id='block_1_57' title="bbox 434 3704 1998 3783">
    <p class='ocr_par' dir='ltr' id='par_1_57' title="bbox 434 3704 1998 3783">
     <span class='ocr_line' id='line_1_57' title="bbox 434 3704 1998 3783; baseline -0.006 -14"><span class='ocrx_word' id='word_1_434' title='bbox 434 3713 523 3769; x_wconf 87' lang='lat' dir='ltr'><strong>nis</strong></span> <span class='ocrx_word' id='word_1_435' title='bbox 556 3712 787 3783; x_wconf 78' lang='lat' dir='ltr'><strong>legibus,</strong></span> <span class='ocrx_word' id='word_1_436' title='bbox 818 3719 873 3766; x_wconf 88' lang='lat' dir='ltr'><strong>et</strong></span> <span class='ocrx_word' id='word_1_437' title='bbox 898 3725 965 3765; x_wconf 77' lang='lat' dir='ltr'><strong>ex</strong></span> <span class='ocrx_word' id='word_1_438' title='bbox 996 3708 1165 3765; x_wconf 90' lang='lat' dir='ltr'><strong>veteri</strong></span> <span class='ocrx_word' id='word_1_439' title='bbox 1190 3713 1514 3763; x_wconf 81' lang='lat' dir='ltr'><strong>testamento</strong></span> <span class='ocrx_word' id='word_1_440' title='bbox 1548 3704 1615 3758; x_wconf 91' lang='lat' dir='ltr'><strong>de</strong></span> <span class='ocrx_word' id='word_1_441' title='bbox 1644 3719 1796 3758; x_wconf 88' lang='lat' dir='ltr'><strong>more</strong></span> <span class='ocrx_word' id='word_1_442' title='bbox 1844 3704 1998 3774; x_wconf 84' lang='lat' dir='ltr'><strong>prius</strong></span> 
     </span>
    </p>
   </div>
   <div class='ocr_carea' id='block_1_58' title="bbox 435 3794 1994 3868">
    <p class='ocr_par' dir='ltr' id='par_1_58' title="bbox 435 3794 1994 3868">
     <span class='ocr_line' id='line_1_58' title="bbox 435 3794 1994 3868; baseline -0.008 -8"><span class='ocrx_word' id='word_1_443' title='bbox 435 3802 978 3863; x_wconf 85' lang='lat' dir='ltr'><strong>administrabantur,</strong></span> <span class='ocrx_word' id='word_1_444' title='bbox 1010 3799 1210 3855; x_wconf 80' lang='lat' dir='ltr'><strong>decens</strong></span> <span class='ocrx_word' id='word_1_445' title='bbox 1232 3796 1455 3868; x_wconf 88' lang='lat' dir='ltr'><strong>quidam</strong></span> <span class='ocrx_word' id='word_1_446' title='bbox 1478 3803 1706 3851; x_wconf 83' lang='lat' dir='ltr'><strong>ornatus</strong></span> <span class='ocrx_word' id='word_1_447' title='bbox 1730 3794 1798 3849; x_wconf 86' lang='lat' dir='ltr'><strong>iis</strong></span> <span class='ocrx_word' id='word_1_448' title='bbox 1817 3802 1994 3860; x_wconf 88' lang='lat' dir='ltr'><strong>erant,</strong></span> 
     </span>
    </p>
   </div>
   <div class='ocr_carea' id='block_1_59' title="bbox 431 3887 1997 3969">
    <p class='ocr_par' dir='ltr' id='par_1_59' title="bbox 431 3887 1997 3969">
     <span class='ocr_line' id='line_1_59' title="bbox 431 3887 1997 3969; baseline -0.007 -17"><span class='ocrx_word' id='word_1_449' title='bbox 431 3897 525 3969; x_wconf 89' lang='lat' dir='ltr'><strong>qui</strong></span> <span class='ocrx_word' id='word_1_450' title='bbox 555 3896 758 3950; x_wconf 91' lang='lat' dir='ltr'><strong>talibus</strong></span> <span class='ocrx_word' id='word_1_451' title='bbox 776 3894 939 3949; x_wconf 84' lang='lat' dir='ltr'><strong>rebus</strong></span> <span class='ocrx_word' id='word_1_452' title='bbox 969 3899 1318 3947; x_wconf 81' lang='lat' dir='ltr'><strong>ornarentur.</strong></span> <span class='ocrx_word' id='word_1_453' title='bbox 1341 3887 1644 3943; x_wconf 83' lang='lat' dir='ltr'><strong>Funiculus</strong></span> <span class='ocrx_word' id='word_1_454' title='bbox 1674 3896 1852 3942; x_wconf 89' lang='lat' dir='ltr'><strong>autem</strong></span> <span class='ocrx_word' id='word_1_455' title='bbox 1878 3888 1997 3958; x_wconf 90' lang='lat' dir='ltr'><strong>ipsa</strong></span> 
     </span>
    </p>
   </div>
   <div class='ocr_carea' id='block_1_60' title="bbox 430 3979 1995 4060">
    <p class='ocr_par' dir='ltr' id='par_1_60' title="bbox 430 3979 1995 4060">
     <span class='ocr_line' id='line_1_60' title="bbox 430 3979 1995 4060; baseline -0.006 -16"><span class='ocrx_word' id='word_1_456' title='bbox 430 3986 608 4060; x_wconf 84' lang='lat' dir='ltr'><strong>gentis</strong></span> <span class='ocrx_word' id='word_1_457' title='bbox 630 3982 920 4039; x_wconf 85' lang='lat' dir='ltr'><strong>multitudo</strong></span> <span class='ocrx_word' id='word_1_458' title='bbox 944 3983 1086 4053; x_wconf 89' lang='lat' dir='ltr'><strong>apud</strong></span> <span class='ocrx_word' id='word_1_459' title='bbox 1122 3981 1300 4052; x_wconf 88' lang='lat' dir='ltr'><strong>ipsum</strong></span> <span class='ocrx_word' id='word_1_460' title='bbox 1322 3996 1541 4052; x_wconf 90' lang='lat' dir='ltr'><strong>quoque</strong></span> <span class='ocrx_word' id='word_1_461' title='bbox 1573 3979 1775 4035; x_wconf 81' lang='lat' dir='ltr'><strong>Mnsem</strong></span> <span class='ocrx_word' id='word_1_462' title='bbox 1803 3988 1995 4035; x_wconf 87' lang='lat' dir='ltr'><strong>vocata</strong></span> 
     </span>
    </p>
   </div>
   <div class='ocr_carea' id='block_1_61' title="bbox 429 4069 1997 4145">
    <p class='ocr_par' dir='ltr' id='par_1_61' title="bbox 429 4069 1997 4145">
     <span class='ocr_line' id='line_1_61' title="bbox 429 4069 1997 4145; baseline -0.006 -12"><span class='ocrx_word' id='word_1_463' title='bbox 429 4085 535 4140; x_wconf 86' lang='lat' dir='ltr'><strong>est,</strong></span> <span class='ocrx_word' id='word_1_464' title='bbox 564 4076 619 4129; x_wconf 92' lang='lat' dir='ltr'><strong>in</strong></span> <span class='ocrx_word' id='word_1_465' title='bbox 656 4074 764 4129; x_wconf 87' lang='lat' dir='ltr'><strong>illis</strong></span> <span class='ocrx_word' id='word_1_466' title='bbox 803 4073 1025 4129; x_wconf 85' lang='lat' dir='ltr'><strong>verbis:</strong></span> <span class='ocrx_word' id='word_1_467' title='bbox 1078 4091 1097 4124; x_wconf 81' lang='grc' dir='ltr'><strong>ι</strong></span> <span class='ocrx_word' id='word_1_468' title='bbox 1134 4070 1298 4127; x_wconf 80' lang='lat' dir='ltr'><strong>Facta</strong></span> <span class='ocrx_word' id='word_1_469' title='bbox 1327 4079 1412 4127; x_wconf 88' lang='lat' dir='ltr'><strong>est</strong></span> <span class='ocrx_word' id='word_1_470' title='bbox 1443 4071 1619 4141; x_wconf 79' lang='lat' dir='ltr'><strong>portio</strong></span> <span class='ocrx_word' id='word_1_471' title='bbox 1650 4069 1862 4126; x_wconf 91' lang='lat' dir='ltr'><strong>Domini</strong></span> <span class='ocrx_word' id='word_1_472' title='bbox 1898 4087 1997 4145; x_wconf 78' lang='lat' dir='ltr'><strong>po-</strong></span> 
     </span>
    </p>
   </div>
   <div class='ocr_carea' id='block_1_62' title="bbox 429 4163 1989 4241">
    <p class='ocr_par' dir='ltr' id='par_1_62' title="bbox 429 4163 1989 4241">
     <span class='ocr_line' id='line_1_62' title="bbox 429 4163 1989 4241; baseline -0.002 -19"><span class='ocrx_word' id='word_1_473' title='bbox 429 4169 591 4241; x_wconf 82' lang='lat' dir='ltr'><strong>pulus</strong></span> <span class='ocrx_word' id='word_1_474' title='bbox 611 4166 731 4237; x_wconf 90' lang='lat' dir='ltr'><strong>ejus</strong></span> <span class='ocrx_word' id='word_1_475' title='bbox 750 4163 941 4231; x_wconf 83' lang='lat' dir='ltr'><strong>Jacob,</strong></span> <span class='ocrx_word' id='word_1_476' title='bbox 967 4163 1244 4220; x_wconf 90' lang='lat' dir='ltr'><strong>funiculus</strong></span> <span class='ocrx_word' id='word_1_477' title='bbox 1268 4164 1587 4220; x_wconf 88' lang='lat' dir='ltr'><strong>hereditatis</strong></span> <span class='ocrx_word' id='word_1_478' title='bbox 1614 4164 1736 4235; x_wconf 84' lang='lat' dir='ltr'><strong>ejus</strong></span> <span class='ocrx_word' id='word_1_479' title='bbox 1759 4164 1943 4222; x_wconf 90' lang='lat' dir='ltr'><strong>israel.</strong></span> <span class='ocrx_word' id='word_1_480' title='bbox 1969 4186 1989 4219; x_wconf 76' lang='grc' dir='ltr'><strong>ι</strong></span> 
     </span>
    </p>
   </div>
   <div class='ocr_carea' id='block_1_63' title="bbox 428 4257 1995 4330">
    <p class='ocr_par' dir='ltr' id='par_1_63' title="bbox 428 4257 1995 4330">
     <span class='ocr_line' id='line_1_63' title="bbox 428 4257 1995 4330; baseline -0.001 -14"><span class='ocrx_word' id='word_1_481' title='bbox 428 4263 499 4316; x_wconf 80' lang='lat' dir='ltr'><strong>At</strong></span> <span class='ocrx_word' id='word_1_482' title='bbox 515 4276 643 4317; x_wconf 89' lang='lat' dir='ltr'><strong>vero</strong></span> <span class='ocrx_word' id='word_1_483' title='bbox 660 4260 889 4330; x_wconf 89' lang='lat' dir='ltr'><strong>hujusce</strong></span> <span class='ocrx_word' id='word_1_484' title='bbox 905 4259 1193 4329; x_wconf 82' lang='lat' dir='ltr'><strong>utriusque</strong></span> <span class='ocrx_word' id='word_1_485' title='bbox 1209 4258 1375 4328; x_wconf 72' lang='lat' dir='ltr'><strong>virgae</strong></span> <span class='ocrx_word' id='word_1_486' title='bbox 1398 4257 1774 4323; x_wconf 78' lang='lat' dir='ltr'><strong>mutationem,</strong></span> <span class='ocrx_word' id='word_1_487' title='bbox 1798 4274 1995 4330; x_wconf 87' lang='lat' dir='ltr'><strong>magno</strong></span> 
     </span>
    </p>
   </div>
   <div class='ocr_carea' id='block_1_64' title="bbox 429 4346 2069 4442">
    <p class='ocr_par' dir='ltr' id='par_1_64' title="bbox 429 4346 2069 4442">
     <span class='ocr_line' id='line_1_64' title="bbox 429 4346 2069 4442; baseline -0.002 -36"><span class='ocrx_word' id='word_1_488' title='bbox 429 4351 637 4422; x_wconf 87' lang='lat' dir='ltr'><strong>impetu</strong></span> <span class='ocrx_word' id='word_1_489' title='bbox 656 4350 905 4404; x_wconf 79' lang='lat' dir='ltr'><strong>futuram</strong></span> <span class='ocrx_word' id='word_1_490' title='bbox 942 4348 1010 4403; x_wconf 89' lang='lat' dir='ltr'><strong>iis</strong></span> <span class='ocrx_word' id='word_1_491' title='bbox 1040 4347 1399 4418; x_wconf 89' lang='lat' dir='ltr'><strong>temporibus,</strong></span> <span class='ocrx_word' id='word_1_492' title='bbox 1437 4346 1505 4401; x_wconf 93' lang='lat' dir='ltr'><strong>de</strong></span> <span class='ocrx_word' id='word_1_493' title='bbox 1557 4348 1756 4417; x_wconf 87' lang='lat' dir='ltr'><strong>quibus</strong></span> <span class='ocrx_word' id='word_1_494' title='bbox 1784 4346 1991 4403; x_wconf 87' lang='lat' dir='ltr'><strong>dictum</strong></span> <span class='ocrx_word' id='word_1_495' title='bbox 2023 4383 2069 4442; x_wconf 73' lang='grc' dir='ltr'>υ</span> 
     </span>
    </p>
   </div>
   <div class='ocr_carea' id='block_1_65' title="bbox 427 4441 1992 4512">
    <p class='ocr_par' dir='ltr' id='par_1_65' title="bbox 427 4441 1992 4512">
     <span class='ocr_line' id='line_1_65' title="bbox 427 4441 1992 4512; baseline -0.001 -13"><span class='ocrx_word' id='word_1_496' title='bbox 427 4451 534 4508; x_wconf 83' lang='lat' dir='ltr'><strong>est,</strong></span> <span class='ocrx_word' id='word_1_497' title='bbox 566 4441 811 4497; x_wconf 88' lang='lat' dir='ltr'><strong>divinat:</strong></span> <span class='ocrx_word' id='word_1_498' title='bbox 845 4447 1055 4512; x_wconf 86' lang='lat' dir='ltr'><strong>utpote,</strong></span> <span class='ocrx_word' id='word_1_499' title='bbox 1099 4454 1224 4494; x_wconf 90' lang='lat' dir='ltr'><strong>cum</strong></span> <span class='ocrx_word' id='word_1_500' title='bbox 1268 4448 1323 4496; x_wconf 93' lang='lat' dir='ltr'><strong>et</strong></span> <span class='ocrx_word' id='word_1_501' title='bbox 1365 4449 1543 4505; x_wconf 89' lang='lat' dir='ltr'><strong>vetus,</strong></span> <span class='ocrx_word' id='word_1_502' title='bbox 1577 4441 1722 4511; x_wconf 87' lang='lat' dir='ltr'><strong>quod</strong></span> <span class='ocrx_word' id='word_1_503' title='bbox 1757 4443 1909 4512; x_wconf 89' lang='lat' dir='ltr'><strong>prius</strong></span> <span class='ocrx_word' id='word_1_504' title='bbox 1936 4443 1992 4498; x_wconf 92' lang='lat' dir='ltr'><strong>in</strong></span> 
     </span>
    </p>
   </div>
   <div class='ocr_carea' id='block_1_66' title="bbox 426 4526 1995 4604">
    <p class='ocr_par' dir='ltr' id='par_1_66' title="bbox 426 4526 1995 4604">
     <span class='ocr_line' id='line_1_66' title="bbox 426 4526 1995 4604; baseline -0.001 -13"><span class='ocrx_word' id='word_1_505' title='bbox 426 4549 493 4591; x_wconf 83' lang='lat' dir='ltr'><strong>ea</strong></span> <span class='ocrx_word' id='word_1_506' title='bbox 512 4542 651 4600; x_wconf 87' lang='lat' dir='ltr'><strong>erat,</strong></span> <span class='ocrx_word' id='word_1_507' title='bbox 674 4540 1081 4594; x_wconf 84' lang='lat' dir='ltr'><strong>testamentum,</strong></span> <span class='ocrx_word' id='word_1_508' title='bbox 1110 4539 1163 4586; x_wconf 92' lang='lat' dir='ltr'><strong>et</strong></span> <span class='ocrx_word' id='word_1_509' title='bbox 1194 4532 1545 4604; x_wconf 85' lang='lat' dir='ltr'><strong>pulchritudo</strong></span> <span class='ocrx_word' id='word_1_510' title='bbox 1570 4548 1692 4604; x_wconf 70' lang='lat' dir='ltr'><strong>quae</strong></span> <span class='ocrx_word' id='word_1_511' title='bbox 1724 4526 1995 4589; x_wconf 80' lang='lat' dir='ltr'><strong>ineadenl</strong></span> 
     </span>
    </p>
   </div>
   <div class='ocr_carea' id='block_1_67' title="bbox 425 4622 1999 4688">
    <p class='ocr_par' dir='ltr' id='par_1_67' title="bbox 425 4622 1999 4688">
     <span class='ocr_line' id='line_1_67' title="bbox 425 4622 1999 4688; baseline -0.001 -8"><span class='ocrx_word' id='word_1_512' title='bbox 425 4624 555 4680; x_wconf 89' lang='lat' dir='ltr'><strong>olim</strong></span> <span class='ocrx_word' id='word_1_513' title='bbox 577 4624 927 4688; x_wconf 89' lang='lat' dir='ltr'><strong>cernebatur,</strong></span> <span class='ocrx_word' id='word_1_514' title='bbox 960 4622 1191 4678; x_wconf 88' lang='lat' dir='ltr'><strong>delenda</strong></span> <span class='ocrx_word' id='word_1_515' title='bbox 1220 4624 1384 4678; x_wconf 88' lang='lat' dir='ltr'><strong>fuerit</strong></span> <span class='ocrx_word' id='word_1_516' title='bbox 1407 4630 1461 4679; x_wconf 89' lang='lat' dir='ltr'><strong>et</strong></span> <span class='ocrx_word' id='word_1_517' title='bbox 1489 4624 1554 4678; x_wconf 91' lang='lat' dir='ltr'><strong>ad</strong></span> <span class='ocrx_word' id='word_1_518' title='bbox 1589 4625 1820 4681; x_wconf 76' lang='lat' dir='ltr'><strong>nihilum</strong></span> <span class='ocrx_word' id='word_1_519' title='bbox 1850 4625 1999 4683; x_wconf 83' lang='lat' dir='ltr'><strong>redi-</strong></span> 
     </span>
    </p>
   </div>
   <div class='ocr_carea' id='block_1_68' title="bbox 430 4715 1997 4791">
    <p class='ocr_par' dir='ltr' id='par_1_68' title="bbox 430 4715 1997 4791">
     <span class='ocr_line' id='line_1_68' title="bbox 430 4715 1997 4791; baseline 0 -19"><span class='ocrx_word' id='word_1_520' title='bbox 430 4718 629 4791; x_wconf 87' lang='lat' dir='ltr'><strong>genda,</strong></span> <span class='ocrx_word' id='word_1_521' title='bbox 683 4715 917 4773; x_wconf 80' lang='lat' dir='ltr'><strong>simulac</strong></span> <span class='ocrx_word' id='word_1_522' title='bbox 957 4715 1131 4787; x_wconf 88' lang='lat' dir='ltr'><strong>pretio</strong></span> <span class='ocrx_word' id='word_1_523' title='bbox 1176 4716 1322 4771; x_wconf 92' lang='lat' dir='ltr'><strong>illius</strong></span> <span class='ocrx_word' id='word_1_524' title='bbox 1368 4717 1638 4771; x_wconf 64' lang='lat' dir='ltr'><strong>aestimato</strong></span> <span class='ocrx_word' id='word_1_525' title='bbox 1665 4755 1680 4781; x_wconf 93' lang='lat'><strong>,</strong></span> <span class='ocrx_word' id='word_1_526' title='bbox 1751 4717 1845 4788; x_wconf 92' lang='lat' dir='ltr'><strong>qui</strong></span> <span class='ocrx_word' id='word_1_527' title='bbox 1898 4717 1997 4772; x_wconf 90' lang='lat' dir='ltr'><strong>tri-</strong></span> 
     </span>
    </p>
   </div>
   <div class='ocr_carea' id='block_1_69' title="bbox 422 4806 1990 4883">
    <p class='ocr_par' dir='ltr' id='par_1_69' title="bbox 422 4806 1990 4883">
     <span class='ocr_line' id='line_1_69' title="bbox 422 4806 1990 4883; baseline -0.001 -19"><span class='ocrx_word' id='word_1_528' title='bbox 422 4811 575 4883; x_wconf 89' lang='lat' dir='ltr'><strong>ginta</strong></span> <span class='ocrx_word' id='word_1_529' title='bbox 604 4808 879 4881; x_wconf 81' lang='lat' dir='ltr'><strong>argenteis</strong></span> <span class='ocrx_word' id='word_1_530' title='bbox 927 4806 1230 4863; x_wconf 69' lang='lat' dir='ltr'><strong>azstimatus</strong></span> <span class='ocrx_word' id='word_1_531' title='bbox 1262 4817 1365 4873; x_wconf 90' lang='lat' dir='ltr'><strong>est,</strong></span> <span class='ocrx_word' id='word_1_532' title='bbox 1421 4809 1499 4862; x_wconf 92' lang='lat' dir='ltr'><strong>illi</strong></span> <span class='ocrx_word' id='word_1_533' title='bbox 1554 4824 1652 4878; x_wconf 86' lang='lat' dir='ltr'><strong>pro</strong></span> <span class='ocrx_word' id='word_1_534' title='bbox 1698 4824 1797 4863; x_wconf 88' lang='lat' dir='ltr'><strong>sua</strong></span> <span class='ocrx_word' id='word_1_535' title='bbox 1839 4809 1990 4880; x_wconf 85' lang='lat' dir='ltr'><strong>ipso-</strong></span> 
     </span>
    </p>
   </div>
   <div class='ocr_carea' id='block_1_70' title="bbox 425 4898 1988 4972">
    <p class='ocr_par' dir='ltr' id='par_1_70' title="bbox 425 4898 1988 4972">
     <span class='ocr_line' id='line_1_70' title="bbox 425 4898 1988 4972; baseline 0.001 -17"><span class='ocrx_word' id='word_1_536' title='bbox 425 4916 546 4955; x_wconf 85' lang='lat' dir='ltr'><strong>rum</strong></span> <span class='ocrx_word' id='word_1_537' title='bbox 595 4899 874 4972; x_wconf 88' lang='lat' dir='ltr'><strong>impietate</strong></span> <span class='ocrx_word' id='word_1_538' title='bbox 932 4898 1138 4953; x_wconf 66' lang='lat' dir='ltr'><strong>meritaa</strong></span> <span class='ocrx_word' id='word_1_539' title='bbox 1201 4898 1513 4969; x_wconf 83' lang='lat' dir='ltr'><strong>ignominiae</strong></span> <span class='ocrx_word' id='word_1_540' title='bbox 1572 4900 1795 4955; x_wconf 72' lang='lat' dir='ltr'><strong>obnoxii</strong></span> <span class='ocrx_word' id='word_1_541' title='bbox 1862 4902 1988 4956; x_wconf 86' lang='lat' dir='ltr'><strong>facti</strong></span> 
     </span>
    </p>
   </div>
   <div class='ocr_carea' id='block_1_71' title="bbox 424 4989 1990 5063">
    <p class='ocr_par' dir='ltr' id='par_1_71' title="bbox 424 4989 1990 5063">
     <span class='ocr_line' id='line_1_71' title="bbox 424 4989 1990 5063; baseline 0.001 -18"><span class='ocrx_word' id='word_1_542' title='bbox 424 4999 581 5054; x_wconf 80' lang='lat' dir='ltr'><strong>sunt;</strong></span> <span class='ocrx_word' id='word_1_543' title='bbox 610 4989 747 5044; x_wconf 87' lang='lat' dir='ltr'><strong>dicit</strong></span> <span class='ocrx_word' id='word_1_544' title='bbox 781 4989 945 5063; x_wconf 89' lang='lat' dir='ltr'><strong>igitur</strong></span> <span class='ocrx_word' id='word_1_545' title='bbox 979 5009 992 5045; x_wconf 91' lang='lat'><strong>:</strong></span> <span class='ocrx_word' id='word_1_546' title='bbox 1029 5008 1048 5041; x_wconf 78' lang='grc' dir='ltr'><strong>ι</strong></span> <span class='ocrx_word' id='word_1_547' title='bbox 1088 4989 1152 5044; x_wconf 85' lang='lat' dir='ltr'><strong>Et</strong></span> <span class='ocrx_word' id='word_1_548' title='bbox 1180 4991 1391 5060; x_wconf 87' lang='lat' dir='ltr'><strong>capiam</strong></span> <span class='ocrx_word' id='word_1_549' title='bbox 1423 4990 1631 5061; x_wconf 88' lang='lat' dir='ltr'><strong>virgam</strong></span> <span class='ocrx_word' id='word_1_550' title='bbox 1664 5007 1837 5047; x_wconf 90' lang='lat' dir='ltr'><strong>meam</strong></span> <span class='ocrx_word' id='word_1_551' title='bbox 1870 4994 1990 5063; x_wconf 82' lang='lat' dir='ltr'><strong>pul-</strong></span> 
     </span>
    </p>
   </div>
   <div class='ocr_carea' id='block_1_72' title="bbox 421 5081 1985 5153">
    <p class='ocr_par' dir='ltr' id='par_1_72' title="bbox 421 5081 1985 5153">
     <span class='ocr_line' id='line_1_72' title="bbox 421 5081 1985 5153; baseline 0 -15"><span class='ocrx_word' id='word_1_552' title='bbox 421 5081 636 5147; x_wconf 90' lang='lat' dir='ltr'><strong>chram,</strong></span> <span class='ocrx_word' id='word_1_553' title='bbox 668 5090 723 5137; x_wconf 92' lang='lat' dir='ltr'><strong>et</strong></span> <span class='ocrx_word' id='word_1_554' title='bbox 747 5081 1002 5152; x_wconf 83' lang='lat' dir='ltr'><strong>abjiclam</strong></span> <span class='ocrx_word' id='word_1_555' title='bbox 1023 5097 1142 5137; x_wconf 90' lang='lat' dir='ltr'><strong>eam</strong></span> <span class='ocrx_word' id='word_1_556' title='bbox 1175 5083 1244 5137; x_wconf 88' lang='lat' dir='ltr'><strong>ad</strong></span> <span class='ocrx_word' id='word_1_557' title='bbox 1278 5082 1657 5153; x_wconf 86' lang='lat' dir='ltr'><strong>dissipandum</strong></span> <span class='ocrx_word' id='word_1_558' title='bbox 1691 5093 1985 5140; x_wconf 86' lang='lat' dir='ltr'><strong>testamen-</strong></span> 
     </span>
    </p>
   </div>
   <div class='ocr_carea' id='block_1_73' title="bbox 421 5173 1982 5247">
    <p class='ocr_par' dir='ltr' id='par_1_73' title="bbox 421 5173 1982 5247">
     <span class='ocr_line' id='line_1_73' title="bbox 421 5173 1982 5247; baseline -0.001 -16"><span class='ocrx_word' id='word_1_559' title='bbox 421 5183 539 5233; x_wconf 89' lang='lat' dir='ltr'><strong>tum</strong></span> <span class='ocrx_word' id='word_1_560' title='bbox 567 5189 773 5230; x_wconf 88' lang='lat' dir='ltr'><strong>meum.</strong></span> <span class='ocrx_word' id='word_1_561' title='bbox 801 5194 820 5227; x_wconf 75' lang='grc' dir='ltr'><strong>ι</strong></span> <span class='ocrx_word' id='word_1_562' title='bbox 844 5173 910 5229; x_wconf 86' lang='lat' dir='ltr'><strong>Et</strong></span> <span class='ocrx_word' id='word_1_563' title='bbox 926 5190 1120 5232; x_wconf 79' lang='lat' dir='ltr'><strong>rursus</strong></span> <span class='ocrx_word' id='word_1_564' title='bbox 1143 5195 1156 5231; x_wconf 89' lang='lat'><strong>:</strong></span> <span class='ocrx_word' id='word_1_565' title='bbox 1183 5195 1201 5227; x_wconf 81' lang='grc' dir='ltr'><strong>ι</strong></span> <span class='ocrx_word' id='word_1_566' title='bbox 1224 5173 1292 5233; x_wconf 86' lang='grc' dir='ltr'>Ει</span> <span class='ocrx_word' id='word_1_567' title='bbox 1312 5175 1487 5245; x_wconf 79' lang='lat' dir='ltr'><strong>abjeci</strong></span> <span class='ocrx_word' id='word_1_568' title='bbox 1510 5176 1713 5247; x_wconf 84' lang='lat' dir='ltr'><strong>virgam</strong></span> <span class='ocrx_word' id='word_1_569' title='bbox 1732 5176 1982 5243; x_wconf 82' lang='lat' dir='ltr'><strong>alteram,</strong></span> 
     </span>
    </p>
   </div>
   <div class='ocr_carea' id='block_1_74' title="bbox 421 5264 1990 5338">
    <p class='ocr_par' dir='ltr' id='par_1_74' title="bbox 421 5264 1990 5338">
     <span class='ocr_line' id='line_1_74' title="bbox 421 5264 1990 5338; baseline -0.001 -15"><span class='ocrx_word' id='word_1_570' title='bbox 421 5281 544 5338; x_wconf 66' lang='lat' dir='ltr'><strong>qua</strong></span> <span class='ocrx_word' id='word_1_571' title='bbox 559 5266 766 5322; x_wconf 88' lang='lat' dir='ltr'><strong>dicitur</strong></span> <span class='ocrx_word' id='word_1_572' title='bbox 787 5264 1083 5322; x_wconf 89' lang='lat' dir='ltr'><strong>funiculus.</strong></span> <span class='ocrx_word' id='word_1_573' title='bbox 1109 5286 1127 5319; x_wconf 77' lang='grc' dir='ltr'><strong>ι</strong></span> <span class='ocrx_word' id='word_1_574' title='bbox 1146 5267 1226 5322; x_wconf 85' lang='lat' dir='ltr'><strong>Ad</strong></span> <span class='ocrx_word' id='word_1_575' title='bbox 1248 5268 1382 5329; x_wconf 65' lang='lat' dir='ltr'><strong>haec.</strong></span> <span class='ocrx_word' id='word_1_576' title='bbox 1405 5281 1526 5322; x_wconf 90' lang='lat' dir='ltr'><strong>cum</strong></span> <span class='ocrx_word' id='word_1_577' title='bbox 1543 5268 1597 5321; x_wconf 87' lang='lat' dir='ltr'><strong>in</strong></span> <span class='ocrx_word' id='word_1_578' title='bbox 1614 5267 1895 5337; x_wconf 89' lang='lat' dir='ltr'><strong>prophetia</strong></span> <span class='ocrx_word' id='word_1_579' title='bbox 1912 5267 1990 5321; x_wconf 83' lang='lat' dir='ltr'><strong>di-</strong></span> 
     </span>
    </p>
   </div>
   <div class='ocr_carea' id='block_1_75' title="bbox 422 5355 1980 5429">
    <p class='ocr_par' dir='ltr' id='par_1_75' title="bbox 422 5355 1980 5429">
     <span class='ocr_line' id='line_1_75' title="bbox 422 5355 1980 5429; baseline -0.003 -16"><span class='ocrx_word' id='word_1_580' title='bbox 422 5366 582 5413; x_wconf 85' lang='lat' dir='ltr'><strong>catur</strong></span> <span class='ocrx_word' id='word_1_581' title='bbox 598 5357 733 5413; x_wconf 85' lang='lat' dir='ltr'><strong>illud</strong></span> <span class='ocrx_word' id='word_1_582' title='bbox 749 5377 761 5412; x_wconf 87' lang='lat'>:</span> <span class='ocrx_word' id='word_1_583' title='bbox 787 5375 805 5408; x_wconf 77' lang='grc' dir='ltr'><strong>ι</strong></span> <span class='ocrx_word' id='word_1_584' title='bbox 829 5355 893 5410; x_wconf 84' lang='lat' dir='ltr'><strong>Et</strong></span> <span class='ocrx_word' id='word_1_585' title='bbox 907 5357 1149 5413; x_wconf 84' lang='lat' dir='ltr'><strong>auferam</strong></span> <span class='ocrx_word' id='word_1_586' title='bbox 1164 5368 1274 5412; x_wconf 88' lang='lat' dir='ltr'><strong>tres</strong></span> <span class='ocrx_word' id='word_1_587' title='bbox 1290 5365 1536 5429; x_wconf 64' lang='lat' dir='ltr'><strong>pastores</strong></span> <span class='ocrx_word' id='word_1_588' title='bbox 1554 5357 1608 5410; x_wconf 92' lang='lat' dir='ltr'><strong>in</strong></span> <span class='ocrx_word' id='word_1_589' title='bbox 1622 5370 1807 5412; x_wconf 89' lang='lat' dir='ltr'><strong>mense</strong></span> <span class='ocrx_word' id='word_1_590' title='bbox 1820 5371 1948 5422; x_wconf 90' lang='lat' dir='ltr'><strong>uno,</strong></span> <span class='ocrx_word' id='word_1_591' title='bbox 1963 5375 1980 5408; x_wconf 74' lang='grc' dir='ltr'><strong>ι</strong></span> 
     </span>
    </p>
   </div>
   <div class='ocr_carea' id='block_1_76' title="bbox 416 5446 1989 5523">
    <p class='ocr_par' dir='ltr' id='par_1_76' title="bbox 416 5446 1989 5523">
     <span class='ocr_line' id='line_1_76' title="bbox 416 5446 1989 5523; baseline 0 -22"><span class='ocrx_word' id='word_1_592' title='bbox 416 5446 585 5523; x_wconf 63' lang='grc' dir='ltr'><strong>ωε</strong></span> <span class='ocrx_word' id='word_1_593' title='bbox 611 5448 849 5507; x_wconf 88' lang='lat' dir='ltr'><strong>arbitror</strong></span> <span class='ocrx_word' id='word_1_594' title='bbox 896 5450 976 5505; x_wconf 83' lang='lat' dir='ltr'><strong>sic</strong></span> <span class='ocrx_word' id='word_1_595' title='bbox 1022 5460 1135 5506; x_wconf 85' lang='lat' dir='ltr'><strong>tres</strong></span> <span class='ocrx_word' id='word_1_596' title='bbox 1170 5454 1389 5507; x_wconf 83' lang='lat' dir='ltr'><strong>ordines</strong></span> <span class='ocrx_word' id='word_1_597' title='bbox 1433 5464 1623 5504; x_wconf 88' lang='lat' dir='ltr'><strong>eorum</strong></span> <span class='ocrx_word' id='word_1_598' title='bbox 1668 5448 1989 5519; x_wconf 81' lang='lat' dir='ltr'><strong>significari,</strong></span> 
     </span>
    </p>
   </div>
   <div class='ocr_carea' id='block_1_77' title="bbox 415 5537 1986 5613">
    <p class='ocr_par' dir='ltr' id='par_1_77' title="bbox 415 5537 1986 5613">
     <span class='ocr_line' id='line_1_77' title="bbox 415 5537 1986 5613; baseline 0.003 -24"><span class='ocrx_word' id='word_1_599' title='bbox 415 5537 519 5609; x_wconf 78' lang='lat' dir='ltr'><strong>qui</strong></span> <span class='ocrx_word' id='word_1_600' title='bbox 546 5538 675 5594; x_wconf 89' lang='lat' dir='ltr'><strong>olim</strong></span> <span class='ocrx_word' id='word_1_601' title='bbox 706 5539 908 5611; x_wconf 84' lang='lat' dir='ltr'><strong>populo</strong></span> <span class='ocrx_word' id='word_1_602' title='bbox 950 5539 1041 5596; x_wconf 87' lang='lat' dir='ltr'><strong>Dei</strong></span> <span class='ocrx_word' id='word_1_603' title='bbox 1089 5550 1353 5613; x_wconf 70' lang='lat' dir='ltr'><strong>praeerant</strong></span> <span class='ocrx_word' id='word_1_604' title='bbox 1422 5556 1632 5610; x_wconf 72' lang='lat' dir='ltr'><strong>regum,</strong></span> <span class='ocrx_word' id='word_1_605' title='bbox 1670 5541 1986 5612; x_wconf 80' lang='lat' dir='ltr'><strong>pontificum</strong></span> 
     </span>
    </p>
   </div>
   <div class='ocr_carea' id='block_1_78' title="bbox 400 5628 1988 5707">
    <p class='ocr_par' dir='ltr' id='par_1_78' title="bbox 400 5628 1988 5707">
     <span class='ocr_line' id='line_1_78' title="bbox 400 5628 1988 5707; baseline -0.005 -14"><span class='ocrx_word' id='word_1_606' title='bbox 400 5639 469 5693; x_wconf 72' lang='grc' dir='ltr'><strong><em>ιι</em></strong></span> <span class='ocrx_word' id='word_1_607' title='bbox 494 5628 926 5701; x_wconf 71' lang='lat' dir='ltr'><strong>Prophetarum;</strong></span> <span class='ocrx_word' id='word_1_608' title='bbox 958 5635 1220 5704; x_wconf 86' lang='lat' dir='ltr'><strong>quoniam</strong></span> <span class='ocrx_word' id='word_1_609' title='bbox 1254 5636 1322 5689; x_wconf 84' lang='lat' dir='ltr'><strong>ab</strong></span> <span class='ocrx_word' id='word_1_610' title='bbox 1355 5631 1445 5689; x_wconf 78' lang='lat' dir='ltr'><strong>his</strong></span> <span class='ocrx_word' id='word_1_611' title='bbox 1477 5636 1672 5695; x_wconf 78' lang='lat' dir='ltr'><strong>tribus,</strong></span> <span class='ocrx_word' id='word_1_612' title='bbox 1703 5633 1859 5707; x_wconf 85' lang='lat' dir='ltr'><strong>quasi</strong></span> <span class='ocrx_word' id='word_1_613' title='bbox 1891 5648 1988 5705; x_wconf 77' lang='lat' dir='ltr'><strong>pa-</strong></span> 
     </span>
    </p>
   </div>
   <div class='ocr_carea' id='block_1_79' title="bbox 2110 1785 3691 1861">
    <p class='ocr_par' dir='ltr' id='par_1_79' title="bbox 2110 1785 3691 1861">
     <span class='ocr_line' id='line_1_79' title="bbox 2110 1785 3691 1861; baseline 0 -20"><span class='ocrx_word' id='word_1_614' title='bbox 2110 1788 2335 1860; x_wconf 79' lang='grc' dir='ltr'>φητείας</span> <span class='ocrx_word' id='word_1_615' title='bbox 2376 1790 2661 1861; x_wconf 75' lang='grc' dir='ltr'>φησάσηςο</span> <span class='ocrx_word' id='word_1_616' title='bbox 2702 1806 2720 1839; x_wconf 78' lang='grc' dir='ltr'><strong>ι</strong></span> <span class='ocrx_word' id='word_1_617' title='bbox 2773 1788 2883 1842; x_wconf 69' lang='grc' dir='ltr'>Καὶ</span> <span class='ocrx_word' id='word_1_618' title='bbox 2923 1785 3163 1858; x_wconf 75' lang='grc' dir='ltr'>λήψομαι</span> <span class='ocrx_word' id='word_1_619' title='bbox 3210 1787 3309 1859; x_wconf 77' lang='grc' dir='ltr'><strong>τὴν</strong></span> <span class='ocrx_word' id='word_1_620' title='bbox 3353 1786 3550 1859; x_wconf 85' lang='grc' dir='ltr'>ῥάϐδον</span> <span class='ocrx_word' id='word_1_621' title='bbox 3584 1805 3691 1859; x_wconf 82' lang='grc' dir='ltr'><strong>μου</strong></span> 
     </span>
    </p>
   </div>
   <div class='ocr_carea' id='block_1_80' title="bbox 2107 1879 3691 1954">
    <p class='ocr_par' dir='ltr' id='par_1_80' title="bbox 2107 1879 3691 1954">
     <span class='ocr_line' id='line_1_80' title="bbox 2107 1879 3691 1954; baseline -0.001 -19"><span class='ocrx_word' id='word_1_622' title='bbox 2107 1882 2208 1954; x_wconf 83' lang='grc' dir='ltr'><strong>τὴν</strong></span> <span class='ocrx_word' id='word_1_623' title='bbox 2248 1881 2438 1953; x_wconf 75' lang='grc' dir='ltr'><strong>καλὴν⁹</strong></span> <span class='ocrx_word' id='word_1_624' title='bbox 2484 1881 2578 1936; x_wconf 77' lang='grc' dir='ltr'><strong>καὶ</strong></span> <span class='ocrx_word' id='word_1_625' title='bbox 2624 1879 2913 1952; x_wconf 74' lang='grc' dir='ltr'>ἀπορρίψω</span> <span class='ocrx_word' id='word_1_626' title='bbox 2961 1880 3150 1951; x_wconf 77' lang='grc' dir='ltr'>αὐτὴν,</span> <span class='ocrx_word' id='word_1_627' title='bbox 3188 1882 3283 1932; x_wconf 81' lang='grc' dir='ltr'>τοῦ</span> <span class='ocrx_word' id='word_1_628' title='bbox 3331 1879 3691 1934; x_wconf 79' lang='grc' dir='ltr'>διασκεδάσαι</span> 
     </span>
    </p>
   </div>
   <div class='ocr_carea' id='block_1_81' title="bbox 2106 1972 3692 2050">
    <p class='ocr_par' dir='ltr' id='par_1_81' title="bbox 2106 1972 3692 2050">
     <span class='ocr_line' id='line_1_81' title="bbox 2106 1972 3692 2050; baseline -0.003 -22"><span class='ocrx_word' id='word_1_629' title='bbox 2106 1974 2205 2046; x_wconf 81' lang='grc' dir='ltr'><strong>τὴν</strong></span> <span class='ocrx_word' id='word_1_630' title='bbox 2243 1974 2512 2047; x_wconf 86' lang='grc' dir='ltr'>Διαθήκην</span> <span class='ocrx_word' id='word_1_631' title='bbox 2558 1990 2680 2045; x_wconf 88' lang='grc' dir='ltr'>μου.</span> <span class='ocrx_word' id='word_1_632' title='bbox 2721 1992 2740 2023; x_wconf 84' lang='grc'><strong>›</strong></span> <span class='ocrx_word' id='word_1_633' title='bbox 2790 1973 2951 2045; x_wconf 81' lang='grc' dir='ltr'>Ὁρᾷς</span> <span class='ocrx_word' id='word_1_634' title='bbox 2994 1973 3071 2039; x_wconf 84' lang='grc' dir='ltr'>ὡς</span> <span class='ocrx_word' id='word_1_635' title='bbox 3114 1972 3215 2045; x_wconf 78' lang='grc' dir='ltr'>τὴν</span> <span class='ocrx_word' id='word_1_636' title='bbox 3262 1972 3361 2050; x_wconf 81' lang='grc' dir='ltr'>μὲν</span> <span class='ocrx_word' id='word_1_637' title='bbox 3406 1972 3692 2045; x_wconf 79' lang='grc' dir='ltr'>Διαθήκην</span> 
     </span>
    </p>
   </div>
   <div class='ocr_carea' id='block_1_82' title="bbox 2109 2061 3691 2138">
    <p class='ocr_par' dir='ltr' id='par_1_82' title="bbox 2109 2061 3691 2138">
     <span class='ocr_line' id='line_1_82' title="bbox 2109 2061 3691 2138; baseline -0.001 -18"><span class='ocrx_word' id='word_1_638' title='bbox 2109 2066 2302 2120; x_wconf 79' lang='grc' dir='ltr'>ἑαυτοῦ</span> <span class='ocrx_word' id='word_1_639' title='bbox 2342 2066 2441 2138; x_wconf 79' lang='grc' dir='ltr'>τὴν</span> <span class='ocrx_word' id='word_1_640' title='bbox 2486 2065 2679 2137; x_wconf 85' lang='grc' dir='ltr'>ῥάϐδον</span> <span class='ocrx_word' id='word_1_641' title='bbox 2728 2064 2928 2137; x_wconf 80' lang='grc' dir='ltr'>ἔφησεν</span> <span class='ocrx_word' id='word_1_642' title='bbox 2975 2061 3113 2118; x_wconf 84' lang='grc' dir='ltr'>εἶναι</span> <span class='ocrx_word' id='word_1_643' title='bbox 3161 2066 3261 2137; x_wconf 73' lang='grc' dir='ltr'>τὴν</span> <span class='ocrx_word' id='word_1_644' title='bbox 3308 2064 3559 2137; x_wconf 79' lang='grc' dir='ltr'>πρώτην,</span> <span class='ocrx_word' id='word_1_645' title='bbox 3590 2068 3691 2137; x_wconf 73' lang='grc' dir='ltr'>τὴν</span> 
     </span>
    </p>
   </div>
   <div class='ocr_carea' id='block_1_83' title="bbox 2105 2156 3691 2230">
    <p class='ocr_par' dir='ltr' id='par_1_83' title="bbox 2105 2156 3691 2230">
     <span class='ocr_line' id='line_1_83' title="bbox 2105 2156 3691 2230; baseline -0.001 -18"><span class='ocrx_word' id='word_1_646' title='bbox 2105 2159 2365 2230; x_wconf 86' lang='grc' dir='ltr'>δευτέραν</span> <span class='ocrx_word' id='word_1_647' title='bbox 2398 2159 2457 2212; x_wconf 87' lang='grc' dir='ltr'>δὲ</span> <span class='ocrx_word' id='word_1_648' title='bbox 2506 2156 2698 2230; x_wconf 86' lang='grc' dir='ltr'>ῥάϐδον</span> <span class='ocrx_word' id='word_1_649' title='bbox 2732 2158 2793 2210; x_wconf 83' lang='grc' dir='ltr'><strong>τὸ</strong></span> <span class='ocrx_word' id='word_1_650' title='bbox 2839 2157 3149 2229; x_wconf 87' lang='grc' dir='ltr'>σχοίνισμα,</span> <span class='ocrx_word' id='word_1_651' title='bbox 3196 2156 3336 2230; x_wconf 77' lang='grc' dir='ltr'>πλὴν</span> <span class='ocrx_word' id='word_1_652' title='bbox 3366 2158 3691 2230; x_wconf 74' lang='grc' dir='ltr'>ἀμφοτέρας</span> 
     </span>
    </p>
   </div>
   <div class='ocr_carea' id='block_1_84' title="bbox 2105 2249 3684 2324">
    <p class='ocr_par' dir='ltr' id='par_1_84' title="bbox 2105 2249 3684 2324">
     <span class='ocr_line' id='line_1_84' title="bbox 2105 2249 3684 2324; baseline -0.001 -19"><span class='ocrx_word' id='word_1_653' title='bbox 2105 2252 2205 2317; x_wconf 79' lang='grc' dir='ltr'>τὰς</span> <span class='ocrx_word' id='word_1_654' title='bbox 2232 2250 2458 2322; x_wconf 85' lang='grc' dir='ltr'>ῥάϐδους</span> <span class='ocrx_word' id='word_1_655' title='bbox 2485 2249 2806 2322; x_wconf 75' lang='grc' dir='ltr'>ἀπορῥίψειν</span> <span class='ocrx_word' id='word_1_656' title='bbox 2831 2250 3063 2315; x_wconf 83' lang='grc' dir='ltr'>ἀπειλεῖ,</span> <span class='ocrx_word' id='word_1_657' title='bbox 3086 2249 3362 2324; x_wconf 81' lang='grc' dir='ltr'>προειπὼν</span> <span class='ocrx_word' id='word_1_658' title='bbox 3397 2251 3684 2323; x_wconf 62' lang='grc' dir='ltr'>πρότερον</span> 
     </span>
    </p>
   </div>
   <div class='ocr_carea' id='block_1_85' title="bbox 2113 2339 3685 2413">
    <p class='ocr_par' dir='ltr' id='par_1_85' title="bbox 2113 2339 3685 2413">
     <span class='ocr_line' id='line_1_85' title="bbox 2113 2339 3685 2413; baseline -0.001 -17"><span class='ocrx_word' id='word_1_659' title='bbox 2113 2361 2134 2396; x_wconf 74' lang='grc' dir='ltr'><strong>ι</strong></span> <span class='ocrx_word' id='word_1_660' title='bbox 2173 2343 2283 2397; x_wconf 70' lang='grc' dir='ltr'><strong>Καὶ</strong></span> <span class='ocrx_word' id='word_1_661' title='bbox 2313 2341 2549 2413; x_wconf 82' lang='grc' dir='ltr'>λήψομαι</span> <span class='ocrx_word' id='word_1_662' title='bbox 2594 2339 2815 2412; x_wconf 75' lang='grc' dir='ltr'>ἐμαυτῷ</span> <span class='ocrx_word' id='word_1_663' title='bbox 2845 2339 2938 2394; x_wconf 85' lang='grc' dir='ltr'>δύο</span> <span class='ocrx_word' id='word_1_664' title='bbox 2970 2340 3224 2411; x_wconf 74' lang='grc' dir='ltr'><strong>ῥάϐδους⁸</strong></span> <span class='ocrx_word' id='word_1_665' title='bbox 3260 2341 3359 2413; x_wconf 81' lang='grc' dir='ltr'><strong>τὴν</strong></span> <span class='ocrx_word' id='word_1_666' title='bbox 3393 2342 3523 2413; x_wconf 87' lang='grc' dir='ltr'>μίαν</span> <span class='ocrx_word' id='word_1_667' title='bbox 3545 2342 3685 2395; x_wconf 76' lang='grc' dir='ltr'>ἑκά-</span> 
     </span>
    </p>
   </div>
   <div class='ocr_carea' id='block_1_86' title="bbox 2106 2431 3681 2505">
    <p class='ocr_par' dir='ltr' id='par_1_86' title="bbox 2106 2431 3681 2505">
     <span class='ocr_line' id='line_1_86' title="bbox 2106 2431 3681 2505; baseline -0.003 -17"><span class='ocrx_word' id='word_1_668' title='bbox 2106 2434 2237 2488; x_wconf 92' lang='grc' dir='ltr'>λεσα</span> <span class='ocrx_word' id='word_1_669' title='bbox 2268 2432 2481 2496; x_wconf 85' lang='grc' dir='ltr'>κάλλος,</span> <span class='ocrx_word' id='word_1_670' title='bbox 2508 2432 2602 2486; x_wconf 67' lang='grc' dir='ltr'><strong>καὶ</strong></span> <span class='ocrx_word' id='word_1_671' title='bbox 2630 2431 2729 2504; x_wconf 81' lang='grc' dir='ltr'>τὴν</span> <span class='ocrx_word' id='word_1_672' title='bbox 2756 2431 3012 2505; x_wconf 87' lang='grc' dir='ltr'>δευτέραν</span> <span class='ocrx_word' id='word_1_673' title='bbox 3041 2433 3275 2487; x_wconf 86' lang='grc' dir='ltr'>ὲκάλεσα</span> <span class='ocrx_word' id='word_1_674' title='bbox 3304 2434 3630 2505; x_wconf 79' lang='grc' dir='ltr'>σχοίνισμα·</span> <span class='ocrx_word' id='word_1_675' title='bbox 3660 2454 3681 2484; x_wconf 74' lang='grc' dir='ltr'><strong>ι</strong></span> 
     </span>
    </p>
   </div>
   <div class='ocr_carea' id='block_1_87' title="bbox 2107 2517 3689 2597">
    <p class='ocr_par' dir='ltr' id='par_1_87' title="bbox 2107 2517 3689 2597">
     <span class='ocr_line' id='line_1_87' title="bbox 2107 2517 3689 2597; baseline 0.001 -19"><span class='ocrx_word' id='word_1_676' title='bbox 2107 2524 2223 2579; x_wconf 80' lang='grc' dir='ltr'>ἀνθ’</span> <span class='ocrx_word' id='word_1_677' title='bbox 2267 2517 2341 2577; x_wconf 79' lang='grc' dir='ltr'>ὧν</span> <span class='ocrx_word' id='word_1_678' title='bbox 2389 2524 2418 2576; x_wconf 83' lang='grc' dir='ltr'><strong>ὁ</strong></span> <span class='ocrx_word' id='word_1_679' title='bbox 2463 2522 2562 2594; x_wconf 83' lang='grc' dir='ltr'>μὲν</span> <span class='ocrx_word' id='word_1_680' title='bbox 2606 2522 2836 2585; x_wconf 78' lang='grc' dir='ltr'>Ἀκύλας</span> <span class='ocrx_word' id='word_1_681' title='bbox 2884 2524 3050 2594; x_wconf 76' lang='grc' dir='ltr'>φησί·</span> <span class='ocrx_word' id='word_1_682' title='bbox 3092 2543 3111 2576; x_wconf 77' lang='grc' dir='ltr'><strong>ι</strong></span> <span class='ocrx_word' id='word_1_683' title='bbox 3142 2525 3251 2597; x_wconf 72' lang='grc' dir='ltr'><strong>Τὴν</strong></span> <span class='ocrx_word' id='word_1_684' title='bbox 3286 2526 3413 2597; x_wconf 82' lang='grc' dir='ltr'>μίαν</span> <span class='ocrx_word' id='word_1_685' title='bbox 3447 2525 3689 2580; x_wconf 68' lang='grc' dir='ltr'>ἐκάλεσα</span> 
     </span>
    </p>
   </div>
   <div class='ocr_carea' id='block_1_88' title="bbox 2105 2611 3688 2688">
    <p class='ocr_par' dir='ltr' id='par_1_88' title="bbox 2105 2611 3688 2688">
     <span class='ocr_line' id='line_1_88' title="bbox 2105 2611 3688 2688; baseline 0.002 -20"><span class='ocrx_word' id='word_1_686' title='bbox 2105 2612 2458 2686; x_wconf 74' lang='grc' dir='ltr'>εὐπρέπειαν,</span> <span class='ocrx_word' id='word_1_687' title='bbox 2488 2611 2582 2665; x_wconf 70' lang='grc' dir='ltr'><strong>καὶ</strong></span> <span class='ocrx_word' id='word_1_688' title='bbox 2612 2612 2711 2684; x_wconf 82' lang='grc' dir='ltr'>τὴν</span> <span class='ocrx_word' id='word_1_689' title='bbox 2744 2613 2935 2685; x_wconf 75' lang='grc' dir='ltr'>ἑτέραν</span> <span class='ocrx_word' id='word_1_690' title='bbox 2965 2613 3201 2668; x_wconf 77' lang='grc' dir='ltr'>ἐκάλεσα</span> <span class='ocrx_word' id='word_1_691' title='bbox 3246 2615 3566 2688; x_wconf 53' lang='lat' dir='ltr'><strong>exclusim-</strong></span> <span class='ocrx_word' id='word_1_692' title='bbox 3604 2637 3624 2669; x_wconf 70' lang='grc' dir='ltr'><strong>ι</strong></span> <span class='ocrx_word' id='word_1_693' title='bbox 3654 2619 3688 2672; x_wconf 78' lang='grc' dir='ltr'><strong><em>ὁ</em></strong></span> 
     </span>
    </p>
   </div>
   <div class='ocr_carea' id='block_1_89' title="bbox 2103 2704 3689 2781">
    <p class='ocr_par' dir='ltr' id='par_1_89' title="bbox 2103 2704 3689 2781">
     <span class='ocr_line' id='line_1_89' title="bbox 2103 2704 3689 2781; baseline 0.002 -21"><span class='ocrx_word' id='word_1_694' title='bbox 2103 2707 2159 2760; x_wconf 82' lang='grc' dir='ltr'>δὲ</span> <span class='ocrx_word' id='word_1_695' title='bbox 2205 2704 2527 2776; x_wconf 77' lang='grc' dir='ltr'>Σύμμαχοςο</span> <span class='ocrx_word' id='word_1_696' title='bbox 2576 2725 2594 2758; x_wconf 76' lang='grc' dir='ltr'><strong>ι</strong></span> <span class='ocrx_word' id='word_1_697' title='bbox 2643 2706 2753 2778; x_wconf 81' lang='grc' dir='ltr'><strong>Τὴν</strong></span> <span class='ocrx_word' id='word_1_698' title='bbox 2789 2706 2886 2777; x_wconf 82' lang='grc' dir='ltr'><strong>μὲν</strong></span> <span class='ocrx_word' id='word_1_699' title='bbox 2917 2706 3150 2760; x_wconf 77' lang='grc' dir='ltr'>ἐκάλεσα</span> <span class='ocrx_word' id='word_1_700' title='bbox 3194 2707 3554 2780; x_wconf 76' lang='grc' dir='ltr'>εὐπρέπειαν,</span> <span class='ocrx_word' id='word_1_701' title='bbox 3586 2710 3689 2781; x_wconf 72' lang='grc' dir='ltr'>τὴν</span> 
     </span>
    </p>
   </div>
   <div class='ocr_carea' id='block_1_90' title="bbox 2102 2797 3688 2872">
    <p class='ocr_par' dir='ltr' id='par_1_90' title="bbox 2102 2797 3688 2872">
     <span class='ocr_line' id='line_1_90' title="bbox 2102 2797 3688 2872; baseline 0.003 -21"><span class='ocrx_word' id='word_1_702' title='bbox 2102 2797 2160 2852; x_wconf 84' lang='grc' dir='ltr'>δὲ</span> <span class='ocrx_word' id='word_1_703' title='bbox 2194 2797 2320 2870; x_wconf 89' lang='grc' dir='ltr'>μίαν</span> <span class='ocrx_word' id='word_1_704' title='bbox 2358 2797 2591 2852; x_wconf 73' lang='grc' dir='ltr'>ἐκάλεσα</span> <span class='ocrx_word' id='word_1_705' title='bbox 2624 2798 2930 2870; x_wconf 88' lang='grc' dir='ltr'>σχοίνισμα.</span> <span class='ocrx_word' id='word_1_706' title='bbox 2971 2820 2989 2851; x_wconf 73' lang='grc' dir='ltr'><strong>ι</strong></span> <span class='ocrx_word' id='word_1_707' title='bbox 3036 2799 3207 2855; x_wconf 80' lang='grc' dir='ltr'>Τοῦτο</span> <span class='ocrx_word' id='word_1_708' title='bbox 3233 2801 3335 2872; x_wconf 84' lang='grc' dir='ltr'><strong>μὲν</strong></span> <span class='ocrx_word' id='word_1_709' title='bbox 3359 2797 3454 2855; x_wconf 78' lang='grc' dir='ltr'>οὗν</span> <span class='ocrx_word' id='word_1_710' title='bbox 3482 2804 3688 2869; x_wconf 69' lang='grc' dir='ltr'>παντὸς</span> 
     </span>
    </p>
   </div>
   <div class='ocr_carea' id='block_1_91' title="bbox 2103 2888 3687 2964">
    <p class='ocr_par' dir='ltr' id='par_1_91' title="bbox 2103 2888 3687 2964">
     <span class='ocr_line' id='line_1_91' title="bbox 2103 2888 3687 2964; baseline 0.003 -22"><span class='ocrx_word' id='word_1_711' title='bbox 2103 2888 2287 2953; x_wconf 80' lang='grc' dir='ltr'>ἔθνους</span> <span class='ocrx_word' id='word_1_712' title='bbox 2327 2888 2522 2953; x_wconf 83' lang='grc' dir='ltr'>κάλλος</span> <span class='ocrx_word' id='word_1_713' title='bbox 2570 2890 2663 2943; x_wconf 73' lang='grc' dir='ltr'>καὶ</span> <span class='ocrx_word' id='word_1_714' title='bbox 2704 2889 3056 2962; x_wconf 82' lang='grc' dir='ltr'>εὐπρέπειαν,</span> <span class='ocrx_word' id='word_1_715' title='bbox 3089 2891 3181 2945; x_wconf 82' lang='grc' dir='ltr'><strong>τὸν</strong></span> <span class='ocrx_word' id='word_1_716' title='bbox 3212 2891 3356 2945; x_wconf 83' lang='grc' dir='ltr'>θεῖον</span> <span class='ocrx_word' id='word_1_717' title='bbox 3386 2892 3553 2964; x_wconf 84' lang='grc' dir='ltr'>νόμον</span> <span class='ocrx_word' id='word_1_718' title='bbox 3590 2894 3687 2947; x_wconf 77' lang='grc' dir='ltr'>καὶ</span> 
     </span>
    </p>
   </div>
   <div class='ocr_carea' id='block_1_92' title="bbox 2102 2980 3685 3056">
    <p class='ocr_par' dir='ltr' id='par_1_92' title="bbox 2102 2980 3685 3056">
     <span class='ocr_line' id='line_1_92' title="bbox 2102 2980 3685 3056; baseline 0.004 -23"><span class='ocrx_word' id='word_1_719' title='bbox 2102 2980 2198 3055; x_wconf 73' lang='grc' dir='ltr'>τὴν</span> <span class='ocrx_word' id='word_1_720' title='bbox 2226 2981 2283 3034; x_wconf 84' lang='grc' dir='ltr'>ὲν</span> <span class='ocrx_word' id='word_1_721' title='bbox 2317 2980 2465 3052; x_wconf 82' lang='grc' dir='ltr'>αὐτῷ</span> <span class='ocrx_word' id='word_1_722' title='bbox 2498 2981 2890 3054; x_wconf 84' lang='grc' dir='ltr'>περιεχομένην</span> <span class='ocrx_word' id='word_1_723' title='bbox 2915 2983 3189 3056; x_wconf 82' lang='grc' dir='ltr'>Διαθήκην</span> <span class='ocrx_word' id='word_1_724' title='bbox 3218 2984 3504 3056; x_wconf 82' lang='grc' dir='ltr'>ὠνόμασεν</span> <span class='ocrx_word' id='word_1_725' title='bbox 3531 2985 3685 3039; x_wconf 74' lang='grc' dir='ltr'>εἰκό-</span> 
     </span>
    </p>
   </div>
   <div class='ocr_carea' id='block_1_93' title="bbox 2100 3072 3684 3147">
    <p class='ocr_par' dir='ltr' id='par_1_93' title="bbox 2100 3072 3684 3147">
     <span class='ocr_line' id='line_1_93' title="bbox 2100 3072 3684 3147; baseline 0.004 -22"><span class='ocrx_word' id='word_1_726' title='bbox 2100 3090 2227 3138; x_wconf 91' lang='grc' dir='ltr'>τως.</span> <span class='ocrx_word' id='word_1_727' title='bbox 2265 3072 2347 3127; x_wconf 88' lang='grc' dir='ltr'>Τά</span> <span class='ocrx_word' id='word_1_728' title='bbox 2374 3089 2434 3126; x_wconf 90' lang='grc' dir='ltr'><strong>τε</strong></span> <span class='ocrx_word' id='word_1_729' title='bbox 2471 3073 2580 3146; x_wconf 84' lang='grc' dir='ltr'><strong>γάρ</strong></span> <span class='ocrx_word' id='word_1_730' title='bbox 2612 3073 2785 3145; x_wconf 84' lang='grc' dir='ltr'>σεμνὰ</span> <span class='ocrx_word' id='word_1_731' title='bbox 2812 3074 2911 3146; x_wconf 84' lang='grc' dir='ltr'>τῆς</span> <span class='ocrx_word' id='word_1_732' title='bbox 2949 3074 3317 3147; x_wconf 80' lang='grc' dir='ltr'>Ἰερουσαλὴμ,</span> <span class='ocrx_word' id='word_1_733' title='bbox 3354 3076 3452 3130; x_wconf 78' lang='grc' dir='ltr'><strong>καὶ</strong></span> <span class='ocrx_word' id='word_1_734' title='bbox 3480 3077 3551 3131; x_wconf 81' lang='grc' dir='ltr'><strong>τά</strong></span> <span class='ocrx_word' id='word_1_735' title='bbox 3582 3078 3684 3147; x_wconf 77' lang='grc' dir='ltr'>τῆς</span> 
     </span>
    </p>
   </div>
   <div class='ocr_carea' id='block_1_94' title="bbox 2101 3163 3683 3238">
    <p class='ocr_par' dir='ltr' id='par_1_94' title="bbox 2101 3163 3683 3238">
     <span class='ocr_line' id='line_1_94' title="bbox 2101 3163 3683 3238; baseline 0.005 -21"><span class='ocrx_word' id='word_1_736' title='bbox 2101 3164 2493 3237; x_wconf 63' lang='grc' dir='ltr'>ἀρχιερατικῆς</span> <span class='ocrx_word' id='word_1_737' title='bbox 2550 3163 2907 3238; x_wconf 81' lang='grc' dir='ltr'>λειτουργίας,</span> <span class='ocrx_word' id='word_1_738' title='bbox 2964 3167 3058 3221; x_wconf 80' lang='grc' dir='ltr'>καὶ</span> <span class='ocrx_word' id='word_1_739' title='bbox 3107 3167 3284 3221; x_wconf 86' lang='grc' dir='ltr'>πάντα</span> <span class='ocrx_word' id='word_1_740' title='bbox 3345 3168 3449 3221; x_wconf 80' lang='grc' dir='ltr'>ὅσα</span> <span class='ocrx_word' id='word_1_741' title='bbox 3510 3169 3683 3225; x_wconf 78' lang='grc' dir='ltr'>πάλαι</span> 
     </span>
    </p>
   </div>
   <div class='ocr_carea' id='block_1_95' title="bbox 2101 3254 3684 3333">
    <p class='ocr_par' dir='ltr' id='par_1_95' title="bbox 2101 3254 3684 3333">
     <span class='ocr_line' id='line_1_95' title="bbox 2101 3254 3684 3333; baseline 0.006 -28"><span class='ocrx_word' id='word_1_742' title='bbox 2101 3254 2364 3325; x_wconf 82' lang='grc' dir='ltr'>πρότερον</span> <span class='ocrx_word' id='word_1_743' title='bbox 2406 3255 2464 3308; x_wconf 80' lang='grc' dir='ltr'>ὲν</span> <span class='ocrx_word' id='word_1_744' title='bbox 2511 3255 2694 3319; x_wconf 80' lang='grc' dir='ltr'>αὐτοῖς</span> <span class='ocrx_word' id='word_1_745' title='bbox 2740 3255 2881 3309; x_wconf 70' lang='grc' dir='ltr'>κατὰ</span> <span class='ocrx_word' id='word_1_746' title='bbox 2920 3259 3043 3320; x_wconf 76' lang='grc' dir='ltr'>τοὺς</span> <span class='ocrx_word' id='word_1_747' title='bbox 3100 3256 3274 3321; x_wconf 85' lang='grc' dir='ltr'>θείους</span> <span class='ocrx_word' id='word_1_748' title='bbox 3316 3259 3538 3333; x_wconf 72' lang='grc' dir='ltr'>νόμους,</span> <span class='ocrx_word' id='word_1_749' title='bbox 3587 3263 3684 3315; x_wconf 74' lang='grc' dir='ltr'><strong>καὶ</strong></span> 
     </span>
    </p>
   </div>
   <div class='ocr_carea' id='block_1_96' title="bbox 2101 3344 3685 3424">
    <p class='ocr_par' dir='ltr' id='par_1_96' title="bbox 2101 3344 3685 3424">
     <span class='ocr_line' id='line_1_96' title="bbox 2101 3344 3685 3424; baseline 0.006 -27"><span class='ocrx_word' id='word_1_750' title='bbox 2101 3344 2242 3398; x_wconf 76' lang='grc' dir='ltr'>κατὰ</span> <span class='ocrx_word' id='word_1_751' title='bbox 2294 3345 2394 3416; x_wconf 82' lang='grc' dir='ltr'>τὴν</span> <span class='ocrx_word' id='word_1_752' title='bbox 2440 3346 2677 3400; x_wconf 69' lang='grc' dir='ltr'>παλαιᾶν</span> <span class='ocrx_word' id='word_1_753' title='bbox 2732 3348 3006 3421; x_wconf 64' lang='grc' dir='ltr'>Δωθήκην</span> <span class='ocrx_word' id='word_1_754' title='bbox 3049 3349 3425 3415; x_wconf 77' lang='grc' dir='ltr'>ἐπολιτεύετο,</span> <span class='ocrx_word' id='word_1_755' title='bbox 3473 3353 3685 3424; x_wconf 75' lang='grc' dir='ltr'>κόσμος</span> 
     </span>
    </p>
   </div>
   <div class='ocr_carea' id='block_1_97' title="bbox 2099 3435 3679 3514">
    <p class='ocr_par' dir='ltr' id='par_1_97' title="bbox 2099 3435 3679 3514">
     <span class='ocr_line' id='line_1_97' title="bbox 2099 3435 3679 3514; baseline 0.007 -27"><span class='ocrx_word' id='word_1_756' title='bbox 2099 3435 2381 3507; x_wconf 79' lang='grc' dir='ltr'>εὐπρεπὴς</span> <span class='ocrx_word' id='word_1_757' title='bbox 2426 3437 2637 3508; x_wconf 83' lang='grc' dir='ltr'>ὑπῆρχε</span> <span class='ocrx_word' id='word_1_758' title='bbox 2690 3442 2801 3502; x_wconf 81' lang='grc' dir='ltr'>τοῖς</span> <span class='ocrx_word' id='word_1_759' title='bbox 2850 3439 2955 3493; x_wconf 80' lang='grc' dir='ltr'>ὑπὸ</span> <span class='ocrx_word' id='word_1_760' title='bbox 3001 3440 3205 3495; x_wconf 76' lang='grc' dir='ltr'>τούτων</span> <span class='ocrx_word' id='word_1_761' title='bbox 3258 3443 3679 3514; x_wconf 74' lang='grc' dir='ltr'>κοσμουμένοις.</span> 
     </span>
    </p>
   </div>
   <div class='ocr_carea' id='block_1_98' title="bbox 2098 3520 3685 3605">
    <p class='ocr_par' dir='ltr' id='par_1_98' title="bbox 2098 3520 3685 3605">
     <span class='ocr_line' id='line_1_98' title="bbox 2098 3520 3685 3605; baseline 0.006 -26"><span class='ocrx_word' id='word_1_762' title='bbox 2098 3527 2393 3599; x_wconf 88' lang='grc' dir='ltr'>Σχοίνισμα</span> <span class='ocrx_word' id='word_1_763' title='bbox 2418 3528 2474 3580; x_wconf 83' lang='grc' dir='ltr'><strong>δὲ</strong></span> <span class='ocrx_word' id='word_1_764' title='bbox 2503 3529 2562 3582; x_wconf 86' lang='grc' dir='ltr'><strong>τὸ</strong></span> <span class='ocrx_word' id='word_1_765' title='bbox 2594 3529 2796 3600; x_wconf 75' lang='grc' dir='ltr'>πλῆθος</span> <span class='ocrx_word' id='word_1_766' title='bbox 2826 3530 2921 3583; x_wconf 81' lang='grc' dir='ltr'>τοῦ</span> <span class='ocrx_word' id='word_1_767' title='bbox 2946 3530 3130 3595; x_wconf 89' lang='grc' dir='ltr'>ἔθνους</span> <span class='ocrx_word' id='word_1_768' title='bbox 3163 3532 3259 3586; x_wconf 77' lang='grc' dir='ltr'><strong>καὶ</strong></span> <span class='ocrx_word' id='word_1_769' title='bbox 3291 3534 3444 3605; x_wconf 82' lang='grc' dir='ltr'>παρὰ</span> <span class='ocrx_word' id='word_1_770' title='bbox 3468 3520 3685 3589; x_wconf 58' lang='grc' dir='ltr'><strong>’Μωσεῖ</strong></span> 
     </span>
    </p>
   </div>
   <div class='ocr_carea' id='block_1_99' title="bbox 2098 3616 3683 3697">
    <p class='ocr_par' dir='ltr' id='par_1_99' title="bbox 2098 3616 3683 3697">
     <span class='ocr_line' id='line_1_99' title="bbox 2098 3616 3683 3697; baseline 0.007 -28"><span class='ocrx_word' id='word_1_771' title='bbox 2098 3616 2360 3688; x_wconf 87' lang='grc' dir='ltr'>κέκληται</span> <span class='ocrx_word' id='word_1_772' title='bbox 2409 3618 2661 3688; x_wconf 88' lang='grc' dir='ltr'>λέγοντι·</span> <span class='ocrx_word' id='word_1_773' title='bbox 2700 3640 2719 3673; x_wconf 80' lang='grc' dir='ltr'><strong>ι</strong></span> <span class='ocrx_word' id='word_1_774' title='bbox 2780 3622 3037 3694; x_wconf 82' lang='grc' dir='ltr'>Ἐγενήθη</span> <span class='ocrx_word' id='word_1_775' title='bbox 3091 3625 3248 3696; x_wconf 77' lang='grc' dir='ltr'>μερὶς</span> <span class='ocrx_word' id='word_1_776' title='bbox 3293 3624 3500 3697; x_wconf 81' lang='grc' dir='ltr'>Κυρίου</span> <span class='ocrx_word' id='word_1_777' title='bbox 3554 3625 3683 3691; x_wconf 79' lang='grc' dir='ltr'>λαὸς</span> 
     </span>
    </p>
   </div>
   <div class='ocr_carea' id='block_1_100' title="bbox 2098 3709 3674 3791">
    <p class='ocr_par' dir='ltr' id='par_1_100' title="bbox 2098 3709 3674 3791">
     <span class='ocr_line' id='line_1_100' title="bbox 2098 3709 3674 3791; baseline 0.004 -26"><span class='ocrx_word' id='word_1_778' title='bbox 2098 3709 2262 3765; x_wconf 79' lang='grc' dir='ltr'>αὐτοῦ</span> <span class='ocrx_word' id='word_1_779' title='bbox 2288 3711 2502 3775; x_wconf 80' lang='grc' dir='ltr'>Ἰακὼϐ,</span> <span class='ocrx_word' id='word_1_780' title='bbox 2520 3713 2803 3785; x_wconf 85' lang='grc' dir='ltr'>σχοίνισμα</span> <span class='ocrx_word' id='word_1_781' title='bbox 2825 3714 3361 3787; x_wconf 86' lang='grc' dir='ltr'>κληρονομίαςαύτοῦ</span> <span class='ocrx_word' id='word_1_782' title='bbox 3385 3718 3626 3791; x_wconf 71' lang='grc' dir='ltr'>Ἰσραήλ.</span> <span class='ocrx_word' id='word_1_783' title='bbox 3655 3738 3674 3771; x_wconf 72' lang='grc' dir='ltr'><strong>ι</strong></span> 
     </span>
    </p>
   </div>
   <div class='ocr_carea' id='block_1_101' title="bbox 2108 3803 3681 3881">
    <p class='ocr_par' dir='ltr' id='par_1_101' title="bbox 2108 3803 3681 3881">
     <span class='ocr_line' id='line_1_101' title="bbox 2108 3803 3681 3881; baseline 0.004 -25"><span class='ocrx_word' id='word_1_784' title='bbox 2108 3803 2271 3857; x_wconf 78' lang='grc' dir='ltr'>Ἀλλὰ</span> <span class='ocrx_word' id='word_1_785' title='bbox 2301 3803 2408 3876; x_wconf 76' lang='grc' dir='ltr'><strong>γάρ</strong></span> <span class='ocrx_word' id='word_1_786' title='bbox 2437 3804 2545 3857; x_wconf 83' lang='grc' dir='ltr'><strong>τῶν</strong></span> <span class='ocrx_word' id='word_1_787' title='bbox 2576 3805 2669 3859; x_wconf 76' lang='grc' dir='ltr'>δύο</span> <span class='ocrx_word' id='word_1_788' title='bbox 2698 3805 2900 3859; x_wconf 81' lang='grc' dir='ltr'>τούτων</span> <span class='ocrx_word' id='word_1_789' title='bbox 2943 3806 3154 3877; x_wconf 85' lang='grc' dir='ltr'>ῥάϐδων</span> <span class='ocrx_word' id='word_1_790' title='bbox 3186 3807 3397 3879; x_wconf 81' lang='grc' dir='ltr'>ἁθρόως</span> <span class='ocrx_word' id='word_1_791' title='bbox 3446 3810 3681 3881; x_wconf 87' lang='grc' dir='ltr'>μεταϐο-</span> 
     </span>
    </p>
   </div>
   <div class='ocr_carea' id='block_1_102' title="bbox 2096 3895 3681 3972">
    <p class='ocr_par' dir='ltr' id='par_1_102' title="bbox 2096 3895 3681 3972">
     <span class='ocr_line' id='line_1_102' title="bbox 2096 3895 3681 3972; baseline 0.004 -24"><span class='ocrx_word' id='word_1_792' title='bbox 2096 3895 2191 3968; x_wconf 77' lang='grc' dir='ltr'><strong>λὴν</strong></span> <span class='ocrx_word' id='word_1_793' title='bbox 2212 3896 2534 3968; x_wconf 82' lang='grc' dir='ltr'>γενήσεσθαι</span> <span class='ocrx_word' id='word_1_794' title='bbox 2559 3898 2700 3951; x_wconf 74' lang='grc' dir='ltr'>κατὰ</span> <span class='ocrx_word' id='word_1_795' title='bbox 2720 3898 2844 3962; x_wconf 78' lang='grc' dir='ltr'>τοὺς</span> <span class='ocrx_word' id='word_1_796' title='bbox 2861 3898 3221 3971; x_wconf 76' lang='grc' dir='ltr'>δηλουμένους</span> <span class='ocrx_word' id='word_1_797' title='bbox 3242 3899 3470 3972; x_wconf 80' lang='grc' dir='ltr'>χρόνους</span> <span class='ocrx_word' id='word_1_798' title='bbox 3491 3900 3681 3955; x_wconf 83' lang='grc' dir='ltr'>θεσπί-</span> 
     </span>
    </p>
   </div>
   <div class='ocr_carea' id='block_1_103' title="bbox 2096 3987 3676 4065">
    <p class='ocr_par' dir='ltr' id='par_1_103' title="bbox 2096 3987 3676 4065">
     <span class='ocr_line' id='line_1_103' title="bbox 2096 3987 3676 4065; baseline -0.005 -13"><span class='ocrx_word' id='word_1_799' title='bbox 2096 3987 2199 4052; x_wconf 72' lang='grc' dir='ltr'>ζειν</span> <span class='ocrx_word' id='word_1_800' title='bbox 2239 3987 2315 4052; x_wconf 81' lang='grc' dir='ltr'>ὼς</span> <span class='ocrx_word' id='word_1_801' title='bbox 2346 3988 2569 4061; x_wconf 75' lang='grc' dir='ltr'>καὶτῆς</span> <span class='ocrx_word' id='word_1_802' title='bbox 2598 3989 2765 4043; x_wconf 85' lang='grc' dir='ltr'>πάλαι</span> <span class='ocrx_word' id='word_1_803' title='bbox 2805 3991 2863 4043; x_wconf 87' lang='grc' dir='ltr'>ὲν</span> <span class='ocrx_word' id='word_1_804' title='bbox 2908 3990 3045 4062; x_wconf 79' lang='grc' dir='ltr'>αὐτῇ</span> <span class='ocrx_word' id='word_1_805' title='bbox 3097 3991 3333 4056; x_wconf 79' lang='grc' dir='ltr'>παλαιᾶς</span> <span class='ocrx_word' id='word_1_806' title='bbox 3372 3993 3676 4065; x_wconf 75' lang='grc' dir='ltr'>Διαθήκης,</span> 
     </span>
    </p>
   </div>
   <div class='ocr_carea' id='block_1_104' title="bbox 2094 4079 3677 4154">
    <p class='ocr_par' dir='ltr' id='par_1_104' title="bbox 2094 4079 3677 4154">
     <span class='ocr_line' id='line_1_104' title="bbox 2094 4079 3677 4154; baseline 0.003 -20"><span class='ocrx_word' id='word_1_807' title='bbox 2094 4081 2191 4134; x_wconf 75' lang='grc' dir='ltr'><strong>καὶ</strong></span> <span class='ocrx_word' id='word_1_808' title='bbox 2216 4079 2309 4133; x_wconf 75' lang='grc' dir='ltr'>τοῦ</span> <span class='ocrx_word' id='word_1_809' title='bbox 2333 4079 2499 4134; x_wconf 82' lang='grc' dir='ltr'>πάλαι</span> <span class='ocrx_word' id='word_1_810' title='bbox 2523 4081 2580 4132; x_wconf 84' lang='grc' dir='ltr'>ὲν</span> <span class='ocrx_word' id='word_1_811' title='bbox 2613 4080 2749 4153; x_wconf 81' lang='grc' dir='ltr'>αὐτῇ</span> <span class='ocrx_word' id='word_1_812' title='bbox 2778 4080 3005 4144; x_wconf 89' lang='grc' dir='ltr'>κάλλους</span> <span class='ocrx_word' id='word_1_813' title='bbox 3026 4082 3559 4154; x_wconf 80' lang='grc' dir='ltr'>άφανισθησομένου,</span> <span class='ocrx_word' id='word_1_814' title='bbox 3581 4086 3677 4139; x_wconf 76' lang='grc' dir='ltr'><strong>τοῦ</strong></span> 
     </span>
    </p>
   </div>
   <div class='ocr_carea' id='block_1_105' title="bbox 2093 4168 3681 4250">
    <p class='ocr_par' dir='ltr' id='par_1_105' title="bbox 2093 4168 3681 4250">
     <span class='ocr_line' id='line_1_105' title="bbox 2093 4168 3681 4250; baseline 0.003 -25"><span class='ocrx_word' id='word_1_815' title='bbox 2093 4189 2153 4226; x_wconf 86' lang='grc' dir='ltr'><strong>τε</strong></span> <span class='ocrx_word' id='word_1_816' title='bbox 2188 4168 2565 4244; x_wconf 87' lang='grc' dir='ltr'>σχοινίσματος</span> <span class='ocrx_word' id='word_1_817' title='bbox 2594 4172 2687 4226; x_wconf 77' lang='grc' dir='ltr'>καὶ</span> <span class='ocrx_word' id='word_1_818' title='bbox 2718 4172 2812 4226; x_wconf 76' lang='grc' dir='ltr'>τοῦ</span> <span class='ocrx_word' id='word_1_819' title='bbox 2847 4172 3046 4238; x_wconf 82' lang='grc' dir='ltr'>παντὸς</span> <span class='ocrx_word' id='word_1_820' title='bbox 3076 4172 3261 4238; x_wconf 88' lang='grc' dir='ltr'>ἔθνους</span> <span class='ocrx_word' id='word_1_821' title='bbox 3291 4175 3681 4250; x_wconf 76' lang='grc' dir='ltr'>διασκεδασθηο</span> 
     </span>
    </p>
   </div>
   <div class='ocr_carea' id='block_1_106' title="bbox 2096 4261 3681 4336">
    <p class='ocr_par' dir='ltr' id='par_1_106' title="bbox 2096 4261 3681 4336">
     <span class='ocr_line' id='line_1_106' title="bbox 2096 4261 3681 4336; baseline 0.004 -21"><span class='ocrx_word' id='word_1_822' title='bbox 2096 4262 2345 4332; x_wconf 87' lang='grc' dir='ltr'>σομένου,</span> <span class='ocrx_word' id='word_1_823' title='bbox 2374 4261 2530 4325; x_wconf 79' lang='grc' dir='ltr'>ἐπὰν,</span> <span class='ocrx_word' id='word_1_824' title='bbox 2553 4261 2650 4333; x_wconf 82' lang='grc' dir='ltr'>τὴν</span> <span class='ocrx_word' id='word_1_825' title='bbox 2682 4261 2845 4334; x_wconf 76' lang='grc' dir='ltr'>τιμὴν</span> <span class='ocrx_word' id='word_1_826' title='bbox 2872 4261 2965 4315; x_wconf 80' lang='grc' dir='ltr'><strong>τοῦ</strong></span> <span class='ocrx_word' id='word_1_827' title='bbox 2992 4264 3350 4334; x_wconf 82' lang='grc' dir='ltr'>τετιμημένου</span> <span class='ocrx_word' id='word_1_828' title='bbox 3378 4268 3681 4336; x_wconf 74' lang='grc' dir='ltr'>τριάκοντα</span> 
     </span>
    </p>
   </div>
   <div class='ocr_carea' id='block_1_107' title="bbox 2095 4351 3678 4428">
    <p class='ocr_par' dir='ltr' id='par_1_107' title="bbox 2095 4351 3678 4428">
     <span class='ocr_line' id='line_1_107' title="bbox 2095 4351 3678 4428; baseline 0.003 -24"><span class='ocrx_word' id='word_1_829' title='bbox 2095 4351 2371 4424; x_wconf 85' lang='grc' dir='ltr'>ἀργυρίων</span> <span class='ocrx_word' id='word_1_830' title='bbox 2414 4352 2814 4423; x_wconf 78' lang='grc' dir='ltr'>τιμησάμενοι,</span> <span class='ocrx_word' id='word_1_831' title='bbox 2863 4352 2963 4423; x_wconf 77' lang='grc' dir='ltr'>τῆς</span> <span class='ocrx_word' id='word_1_832' title='bbox 3014 4353 3163 4423; x_wconf 49' lang='grc' dir='ltr'>συῶν</span> <span class='ocrx_word' id='word_1_833' title='bbox 3210 4354 3530 4421; x_wconf 87' lang='grc' dir='ltr'>δυσσεϐείας</span> <span class='ocrx_word' id='word_1_834' title='bbox 3574 4360 3678 4428; x_wconf 70' lang='grc' dir='ltr'>τὴν</span> 
     </span>
    </p>
   </div>
   <div class='ocr_carea' id='block_1_108' title="bbox 2096 4443 3678 4516">
    <p class='ocr_par' dir='ltr' id='par_1_108' title="bbox 2096 4443 3678 4516">
     <span class='ocr_line' id='line_1_108' title="bbox 2096 4443 3678 4516; baseline 0.004 -19"><span class='ocrx_word' id='word_1_835' title='bbox 2096 4445 2473 4516; x_wconf 85' lang='grc' dir='ltr'>προσήκουσαν</span> <span class='ocrx_word' id='word_1_836' title='bbox 2506 4444 2725 4515; x_wconf 84' lang='grc' dir='ltr'>ἀτιμίαν</span> <span class='ocrx_word' id='word_1_837' title='bbox 2753 4443 3058 4515; x_wconf 78' lang='grc' dir='ltr'>ὑπόσχοιεν.</span> <span class='ocrx_word' id='word_1_838' title='bbox 3084 4445 3243 4515; x_wconf 81' lang='grc' dir='ltr'>Λέγει</span> <span class='ocrx_word' id='word_1_839' title='bbox 3265 4447 3309 4500; x_wconf 78' lang='grc' dir='ltr'>δ’</span> <span class='ocrx_word' id='word_1_840' title='bbox 3334 4444 3430 4502; x_wconf 73' lang='grc' dir='ltr'>οὖν</span> <span class='ocrx_word' id='word_1_841' title='bbox 3449 4465 3463 4480; x_wconf 86' lang='grc'><strong>·</strong></span> <span class='ocrx_word' id='word_1_842' title='bbox 3504 4467 3526 4501; x_wconf 73' lang='grc' dir='ltr'><strong>ι</strong></span> <span class='ocrx_word' id='word_1_843' title='bbox 3566 4452 3678 4504; x_wconf 78' lang='grc' dir='ltr'><strong>Καὶ</strong></span> 
     </span>
    </p>
   </div>
   <div class='ocr_carea' id='block_1_109' title="bbox 2094 4533 3675 4615">
    <p class='ocr_par' dir='ltr' id='par_1_109' title="bbox 2094 4533 3675 4615">
     <span class='ocr_line' id='line_1_109' title="bbox 2094 4533 3675 4615; baseline 0.007 -29"><span class='ocrx_word' id='word_1_844' title='bbox 2094 4533 2331 4606; x_wconf 73' lang='grc' dir='ltr'>λήψομαι</span> <span class='ocrx_word' id='word_1_845' title='bbox 2359 4535 2457 4606; x_wconf 82' lang='grc' dir='ltr'>τὴν</span> <span class='ocrx_word' id='word_1_846' title='bbox 2497 4533 2689 4606; x_wconf 84' lang='grc' dir='ltr'>ῥάϐδον</span> <span class='ocrx_word' id='word_1_847' title='bbox 2724 4552 2825 4607; x_wconf 89' lang='grc' dir='ltr'><strong>μου</strong></span> <span class='ocrx_word' id='word_1_848' title='bbox 2856 4538 2956 4608; x_wconf 81' lang='grc' dir='ltr'><strong>τὴν</strong></span> <span class='ocrx_word' id='word_1_849' title='bbox 3000 4536 3190 4608; x_wconf 78' lang='grc' dir='ltr'>καλὴν,</span> <span class='ocrx_word' id='word_1_850' title='bbox 3238 4539 3332 4592; x_wconf 79' lang='grc' dir='ltr'><strong>καὶ</strong></span> <span class='ocrx_word' id='word_1_851' title='bbox 3377 4540 3675 4615; x_wconf 64' lang='grc' dir='ltr'>άπορῥίψω</span> 
     </span>
    </p>
   </div>
   <div class='ocr_carea' id='block_1_110' title="bbox 2094 4625 3674 4703">
    <p class='ocr_par' dir='ltr' id='par_1_110' title="bbox 2094 4625 3674 4703">
     <span class='ocr_line' id='line_1_110' title="bbox 2094 4625 3674 4703; baseline 0.006 -23"><span class='ocrx_word' id='word_1_852' title='bbox 2094 4625 2286 4698; x_wconf 78' lang='grc' dir='ltr'>αὐτὴν,</span> <span class='ocrx_word' id='word_1_853' title='bbox 2332 4625 2426 4679; x_wconf 76' lang='grc' dir='ltr'>τοῦ</span> <span class='ocrx_word' id='word_1_854' title='bbox 2472 4626 2819 4681; x_wconf 82' lang='grc' dir='ltr'>διασκεδάσαι</span> <span class='ocrx_word' id='word_1_855' title='bbox 2863 4628 2964 4700; x_wconf 77' lang='grc' dir='ltr'>τὴν</span> <span class='ocrx_word' id='word_1_856' title='bbox 3014 4629 3288 4703; x_wconf 80' lang='grc' dir='ltr'>Διαθήκην</span> <span class='ocrx_word' id='word_1_857' title='bbox 3324 4648 3459 4703; x_wconf 85' lang='grc' dir='ltr'>μου·</span> <span class='ocrx_word' id='word_1_858' title='bbox 3504 4653 3527 4687; x_wconf 74' lang='grc' dir='ltr'><strong>ι</strong></span> <span class='ocrx_word' id='word_1_859' title='bbox 3579 4636 3674 4689; x_wconf 76' lang='grc' dir='ltr'>καὶ</span> 
     </span>
    </p>
   </div>
   <div class='ocr_carea' id='block_1_111' title="bbox 2095 4717 3674 4797">
    <p class='ocr_par' dir='ltr' id='par_1_111' title="bbox 2095 4717 3674 4797">
     <span class='ocr_line' id='line_1_111' title="bbox 2095 4717 3674 4797; baseline 0.006 -26"><span class='ocrx_word' id='word_1_860' title='bbox 2095 4717 2255 4772; x_wconf 85' lang='grc' dir='ltr'>πάλιν</span> <span class='ocrx_word' id='word_1_861' title='bbox 2274 4734 2287 4748; x_wconf 87' lang='grc'><strong>·</strong></span> <span class='ocrx_word' id='word_1_862' title='bbox 2327 4737 2346 4771; x_wconf 76' lang='grc' dir='ltr'><strong>ι</strong></span> <span class='ocrx_word' id='word_1_863' title='bbox 2386 4719 2494 4772; x_wconf 77' lang='grc' dir='ltr'><strong>Καὶ</strong></span> <span class='ocrx_word' id='word_1_864' title='bbox 2527 4719 2807 4793; x_wconf 77' lang='grc' dir='ltr'>ἁπέρῥιψα</span> <span class='ocrx_word' id='word_1_865' title='bbox 2836 4720 2933 4792; x_wconf 74' lang='grc' dir='ltr'>τὴν</span> <span class='ocrx_word' id='word_1_866' title='bbox 2964 4720 3159 4793; x_wconf 86' lang='grc' dir='ltr'>ῥάϐδον</span> <span class='ocrx_word' id='word_1_867' title='bbox 3188 4723 3288 4795; x_wconf 79' lang='grc' dir='ltr'>τὴν</span> <span class='ocrx_word' id='word_1_868' title='bbox 3318 4723 3583 4797; x_wconf 85' lang='grc' dir='ltr'>δευτέραν</span> <span class='ocrx_word' id='word_1_869' title='bbox 3608 4727 3674 4780; x_wconf 78' lang='grc' dir='ltr'><strong>τὸ</strong></span> 
     </span>
    </p>
   </div>
   <div class='ocr_carea' id='block_1_112' title="bbox 2096 4810 3673 4890">
    <p class='ocr_par' dir='ltr' id='par_1_112' title="bbox 2096 4810 3673 4890">
     <span class='ocr_line' id='line_1_112' title="bbox 2096 4810 3673 4890; baseline 0.005 -26"><span class='ocrx_word' id='word_1_870' title='bbox 2096 4810 2402 4882; x_wconf 77' lang='grc' dir='ltr'>σχοίνισμα.</span> <span class='ocrx_word' id='word_1_871' title='bbox 2448 4830 2464 4860; x_wconf 75' lang='grc' dir='ltr'><strong>ι</strong></span> <span class='ocrx_word' id='word_1_872' title='bbox 2506 4812 2629 4866; x_wconf 77' lang='grc' dir='ltr'><strong>Ἐπὶ</strong></span> <span class='ocrx_word' id='word_1_873' title='bbox 2656 4812 2864 4875; x_wconf 84' lang='grc' dir='ltr'>τούτοις</span> <span class='ocrx_word' id='word_1_874' title='bbox 2893 4812 3031 4866; x_wconf 74' lang='grc' dir='ltr'>ἐπάν</span> <span class='ocrx_word' id='word_1_875' title='bbox 3061 4815 3094 4885; x_wconf 79' lang='grc' dir='ltr'><strong>ἡ</strong></span> <span class='ocrx_word' id='word_1_876' title='bbox 3126 4816 3432 4887; x_wconf 83' lang='grc' dir='ltr'>προφητεία</span> <span class='ocrx_word' id='word_1_877' title='bbox 3462 4819 3673 4890; x_wconf 77' lang='grc' dir='ltr'>φάσκῃ⁶</span> 
     </span>
    </p>
   </div>
   <div class='ocr_carea' id='block_1_113' title="bbox 2101 4900 3676 4977">
    <p class='ocr_par' dir='ltr' id='par_1_113' title="bbox 2101 4900 3676 4977">
     <span class='ocr_line' id='line_1_113' title="bbox 2101 4900 3676 4977; baseline 0.005 -24"><span class='ocrx_word' id='word_1_878' title='bbox 2101 4919 2120 4953; x_wconf 76' lang='grc' dir='ltr'><strong>ι</strong></span> <span class='ocrx_word' id='word_1_879' title='bbox 2154 4901 2261 4954; x_wconf 75' lang='grc' dir='ltr'>Καὶ</span> <span class='ocrx_word' id='word_1_880' title='bbox 2293 4900 2471 4973; x_wconf 83' lang='grc' dir='ltr'>ὲξαρῶ</span> <span class='ocrx_word' id='word_1_881' title='bbox 2503 4903 2628 4967; x_wconf 81' lang='grc' dir='ltr'>τοὺς</span> <span class='ocrx_word' id='word_1_882' title='bbox 2660 4905 2808 4975; x_wconf 85' lang='grc' dir='ltr'>τρεῖς</span> <span class='ocrx_word' id='word_1_883' title='bbox 2839 4902 3103 4974; x_wconf 88' lang='grc' dir='ltr'>ποιμένας</span> <span class='ocrx_word' id='word_1_884' title='bbox 3127 4905 3185 4957; x_wconf 81' lang='grc' dir='ltr'>ὲν</span> <span class='ocrx_word' id='word_1_885' title='bbox 3229 4906 3360 4977; x_wconf 78' lang='grc' dir='ltr'>μηνὶ</span> <span class='ocrx_word' id='word_1_886' title='bbox 3382 4907 3485 4968; x_wconf 73' lang='grc' dir='ltr'>ἐνὶ,</span> <span class='ocrx_word' id='word_1_887' title='bbox 3532 4927 3551 4959; x_wconf 74' lang='grc' dir='ltr'><strong>ι</strong></span> <span class='ocrx_word' id='word_1_888' title='bbox 3585 4924 3676 4960; x_wconf 86' lang='grc' dir='ltr'>νο-</span> 
     </span>
    </p>
   </div>
   <div class='ocr_carea' id='block_1_114' title="bbox 2096 4990 3675 5067">
    <p class='ocr_par' dir='ltr' id='par_1_114' title="bbox 2096 4990 3675 5067">
     <span class='ocr_line' id='line_1_114' title="bbox 2096 4990 3675 5067; baseline 0.006 -23"><span class='ocrx_word' id='word_1_889' title='bbox 2096 4990 2237 5065; x_wconf 71' lang='grc' dir='ltr'>μίζω</span> <span class='ocrx_word' id='word_1_890' title='bbox 2268 4993 2395 5067; x_wconf 84' lang='grc' dir='ltr'>τρία</span> <span class='ocrx_word' id='word_1_891' title='bbox 2425 4993 2679 5065; x_wconf 83' lang='grc' dir='ltr'>τάγματα</span> <span class='ocrx_word' id='word_1_892' title='bbox 2712 4993 3041 5049; x_wconf 72' lang='grc' dir='ltr'>αἰνίττεσθαι</span> <span class='ocrx_word' id='word_1_893' title='bbox 3071 4994 3180 5049; x_wconf 84' lang='grc' dir='ltr'><strong>τῶν</strong></span> <span class='ocrx_word' id='word_1_894' title='bbox 3210 4996 3378 5051; x_wconf 86' lang='grc' dir='ltr'>πάλαι</span> <span class='ocrx_word' id='word_1_895' title='bbox 3410 4997 3506 5054; x_wconf 77' lang='grc' dir='ltr'>τοῦ</span> <span class='ocrx_word' id='word_1_896' title='bbox 3539 4998 3675 5053; x_wconf 72' lang='grc' dir='ltr'>λαοῦ</span> 
     </span>
    </p>
   </div>
   <div class='ocr_carea' id='block_1_115' title="bbox 2091 5080 3676 5157">
    <p class='ocr_par' dir='ltr' id='par_1_115' title="bbox 2091 5080 3676 5157">
     <span class='ocr_line' id='line_1_115' title="bbox 2091 5080 3676 5157; baseline 0.004 -23"><span class='ocrx_word' id='word_1_897' title='bbox 2091 5080 2187 5135; x_wconf 80' lang='grc' dir='ltr'>τοῦ</span> <span class='ocrx_word' id='word_1_898' title='bbox 2220 5080 2355 5135; x_wconf 87' lang='grc' dir='ltr'><strong>Θεοῦ</strong></span> <span class='ocrx_word' id='word_1_899' title='bbox 2384 5081 2757 5148; x_wconf 80' lang='grc' dir='ltr'>προεστώτων,</span> <span class='ocrx_word' id='word_1_900' title='bbox 2791 5081 3075 5154; x_wconf 77' lang='grc' dir='ltr'>βασιλέων,</span> <span class='ocrx_word' id='word_1_901' title='bbox 3105 5085 3197 5138; x_wconf 67' lang='grc' dir='ltr'><strong>κα)⁸</strong></span> <span class='ocrx_word' id='word_1_902' title='bbox 3222 5085 3550 5157; x_wconf 77' lang='grc' dir='ltr'>ἀρχιερέων,</span> <span class='ocrx_word' id='word_1_903' title='bbox 3576 5089 3676 5142; x_wconf 81' lang='grc' dir='ltr'>καὶ</span> 
     </span>
    </p>
   </div>
   <div class='ocr_carea' id='block_1_116' title="bbox 2094 5172 3674 5252">
    <p class='ocr_par' dir='ltr' id='par_1_116' title="bbox 2094 5172 3674 5252">
     <span class='ocr_line' id='line_1_116' title="bbox 2094 5172 3674 5252; baseline 0.005 -24"><span class='ocrx_word' id='word_1_904' title='bbox 2094 5173 2389 5247; x_wconf 78' lang='grc' dir='ltr'>προφητῶν</span> <span class='ocrx_word' id='word_1_905' title='bbox 2409 5191 2423 5206; x_wconf 77' lang='grc'><em>’</em></span> <span class='ocrx_word' id='word_1_906' title='bbox 2452 5176 2573 5230; x_wconf 73' lang='grc' dir='ltr'>ἐπεὶ</span> <span class='ocrx_word' id='word_1_907' title='bbox 2596 5176 2690 5230; x_wconf 75' lang='grc' dir='ltr'>καὶ</span> <span class='ocrx_word' id='word_1_908' title='bbox 2715 5175 2805 5230; x_wconf 82' lang='grc' dir='ltr'>διὰ</span> <span class='ocrx_word' id='word_1_909' title='bbox 2831 5172 2939 5229; x_wconf 80' lang='grc' dir='ltr'>τῶν</span> <span class='ocrx_word' id='word_1_910' title='bbox 2967 5175 3137 5249; x_wconf 88' lang='grc' dir='ltr'>τριῶν</span> <span class='ocrx_word' id='word_1_911' title='bbox 3163 5177 3368 5233; x_wconf 82' lang='grc' dir='ltr'>τούτων</span> <span class='ocrx_word' id='word_1_912' title='bbox 3396 5180 3674 5252; x_wconf 75' lang='grc' dir='ltr'>ποιμένων</span> 
     </span>
    </p>
   </div>
   <div class='ocr_carea' id='block_1_117' title="bbox 2094 5265 3669 5343">
    <p class='ocr_par' dir='ltr' id='par_1_117' title="bbox 2094 5265 3669 5343">
     <span class='ocr_line' id='line_1_117' title="bbox 2094 5265 3669 5343; baseline 0.003 -24"><span class='ocrx_word' id='word_1_913' title='bbox 2094 5266 2273 5321; x_wconf 84' lang='grc' dir='ltr'>πάντα</span> <span class='ocrx_word' id='word_1_914' title='bbox 2317 5265 2388 5320; x_wconf 78' lang='grc' dir='ltr'>τὰ</span> <span class='ocrx_word' id='word_1_915' title='bbox 2436 5267 2576 5321; x_wconf 82' lang='grc' dir='ltr'>κατά</span> <span class='ocrx_word' id='word_1_916' title='bbox 2611 5269 2738 5332; x_wconf 77' lang='grc' dir='ltr'>τοὺς</span> <span class='ocrx_word' id='word_1_917' title='bbox 2786 5267 2954 5321; x_wconf 86' lang='grc' dir='ltr'>πάλαι</span> <span class='ocrx_word' id='word_1_918' title='bbox 3007 5268 3271 5341; x_wconf 86' lang='grc' dir='ltr'>πρότερον</span> <span class='ocrx_word' id='word_1_919' title='bbox 3317 5270 3669 5343; x_wconf 69' lang='grc' dir='ltr'>ᾠκονομεῖτο.</span> 
     </span>
    </p>
   </div>
   <div class='ocr_carea' id='block_1_118' title="bbox 2106 5356 3673 5432">
    <p class='ocr_par' dir='ltr' id='par_1_118' title="bbox 2106 5356 3673 5432">
     <span class='ocr_line' id='line_1_118' title="bbox 2106 5356 3673 5432; baseline 0.001 -21"><span class='ocrx_word' id='word_1_920' title='bbox 2106 5358 2243 5411; x_wconf 77' lang='grc' dir='ltr'>Ἀλλ’</span> <span class='ocrx_word' id='word_1_921' title='bbox 2275 5358 2461 5430; x_wconf 76' lang='grc' dir='ltr'>ἐπειδὴ</span> <span class='ocrx_word' id='word_1_922' title='bbox 2492 5357 2820 5431; x_wconf 75' lang='grc' dir='ltr'>διαστροφὴν</span> <span class='ocrx_word' id='word_1_923' title='bbox 2864 5359 2956 5413; x_wconf 77' lang='grc' dir='ltr'><strong>καὶ</strong></span> <span class='ocrx_word' id='word_1_924' title='bbox 2987 5361 3036 5412; x_wconf 80' lang='grc' dir='ltr'>οἱ</span> <span class='ocrx_word' id='word_1_925' title='bbox 3084 5363 3235 5432; x_wconf 76' lang='grc' dir='ltr'>τρεῖς</span> <span class='ocrx_word' id='word_1_926' title='bbox 3278 5356 3427 5415; x_wconf 79' lang='grc' dir='ltr'>οὗτοι</span> <span class='ocrx_word' id='word_1_927' title='bbox 3466 5362 3673 5415; x_wconf 72' lang='grc' dir='ltr'>πεπόν-</span> 
     </span>
    </p>
   </div>
   <div class='ocr_carea' id='block_1_119' title="bbox 2093 5448 3676 5525">
    <p class='ocr_par' dir='ltr' id='par_1_119' title="bbox 2093 5448 3676 5525">
     <span class='ocr_line' id='line_1_119' title="bbox 2093 5448 3676 5525; baseline 0.003 -22"><span class='ocrx_word' id='word_1_928' title='bbox 2093 5450 2216 5503; x_wconf 89' lang='grc' dir='ltr'>θασι</span> <span class='ocrx_word' id='word_1_929' title='bbox 2243 5450 2516 5521; x_wconf 85' lang='grc' dir='ltr'>ποιμένες,</span> <span class='ocrx_word' id='word_1_930' title='bbox 2550 5448 2673 5504; x_wconf 85' lang='grc' dir='ltr'>καθ’</span> <span class='ocrx_word' id='word_1_931' title='bbox 2699 5450 2794 5504; x_wconf 79' lang='grc' dir='ltr'><strong>ἔνα</strong></span> <span class='ocrx_word' id='word_1_932' title='bbox 2833 5453 3019 5524; x_wconf 81' lang='grc' dir='ltr'>καιρὸν</span> <span class='ocrx_word' id='word_1_933' title='bbox 3046 5452 3139 5506; x_wconf 81' lang='grc' dir='ltr'><strong>τὸν</strong></span> <span class='ocrx_word' id='word_1_934' title='bbox 3169 5453 3263 5506; x_wconf 72' lang='grc' dir='ltr'><strong>ἐπὶ</strong></span> <span class='ocrx_word' id='word_1_935' title='bbox 3289 5452 3385 5506; x_wconf 81' lang='grc' dir='ltr'>τοῦ</span> <span class='ocrx_word' id='word_1_936' title='bbox 3420 5453 3676 5525; x_wconf 75' lang='grc' dir='ltr'>Σωτῆρος</span> 
     </span>
    </p>
   </div>
   <div class='ocr_carea' id='block_1_120' title="bbox 2094 5541 3672 5619">
    <p class='ocr_par' dir='ltr' id='par_1_120' title="bbox 2094 5541 3672 5619">
     <span class='ocr_line' id='line_1_120' title="bbox 2094 5541 3672 5619; baseline 0.001 -22"><span class='ocrx_word' id='word_1_937' title='bbox 2094 5541 2248 5614; x_wconf 81' lang='grc' dir='ltr'>ἡμῶν</span> <span class='ocrx_word' id='word_1_938' title='bbox 2282 5541 2339 5615; x_wconf 84' lang='grc' dir='ltr'><strong>(ὃ</strong></span> <span class='ocrx_word' id='word_1_939' title='bbox 2358 5559 2417 5595; x_wconf 91' lang='grc' dir='ltr'><strong>τε</strong></span> <span class='ocrx_word' id='word_1_940' title='bbox 2448 5542 2557 5615; x_wconf 73' lang='grc' dir='ltr'>γὰρ</span> <span class='ocrx_word' id='word_1_941' title='bbox 2584 5541 2835 5615; x_wconf 77' lang='grc' dir='ltr'>βασιλεὺς</span> <span class='ocrx_word' id='word_1_942' title='bbox 2895 5545 3229 5617; x_wconf 83' lang='grc' dir='ltr'>παρανόμως</span> <span class='ocrx_word' id='word_1_943' title='bbox 3256 5546 3439 5599; x_wconf 72' lang='grc' dir='ltr'>αὐτῶν</span> <span class='ocrx_word' id='word_1_944' title='bbox 3462 5548 3672 5619; x_wconf 75' lang='grc' dir='ltr'>ἠγεῖτο,</span> 
     </span>
    </p>
   </div>
   <div class='ocr_carea' id='block_1_121' title="bbox 2092 5632 3674 5707">
    <p class='ocr_par' dir='ltr' id='par_1_121' title="bbox 2092 5632 3674 5707">
     <span class='ocr_line' id='line_1_121' title="bbox 2092 5632 3674 5707; baseline 0.002 -17"><span class='ocrx_word' id='word_1_945' title='bbox 2092 5632 2385 5707; x_wconf 63' lang='grc' dir='ltr'>ἀλλόφυλὰς</span> <span class='ocrx_word' id='word_1_946' title='bbox 2424 5651 2508 5699; x_wconf 87' lang='grc' dir='ltr'><strong>τις</strong></span> <span class='ocrx_word' id='word_1_947' title='bbox 2537 5632 2613 5689; x_wconf 81' lang='grc' dir='ltr'>ὢν</span> <span class='ocrx_word' id='word_1_948' title='bbox 2657 5636 2748 5690; x_wconf 77' lang='grc' dir='ltr'>καὶ</span> <span class='ocrx_word' id='word_1_949' title='bbox 2795 5636 2894 5691; x_wconf 84' lang='grc' dir='ltr'><strong>οὐκ</strong></span> <span class='ocrx_word' id='word_1_950' title='bbox 2931 5638 3126 5701; x_wconf 83' lang='grc' dir='ltr'>οἰκεῖος</span> <span class='ocrx_word' id='word_1_951' title='bbox 3156 5636 3248 5691; x_wconf 81' lang='grc' dir='ltr'>τοῦ</span> <span class='ocrx_word' id='word_1_952' title='bbox 3296 5638 3509 5695; x_wconf 74' lang='grc' dir='ltr'>ἔθνους·</span> <span class='ocrx_word' id='word_1_953' title='bbox 3552 5638 3579 5691; x_wconf 82' lang='grc' dir='ltr'><strong>ὅ</strong></span> <span class='ocrx_word' id='word_1_954' title='bbox 3604 5655 3674 5693; x_wconf 72' lang='grc' dir='ltr'><strong>τε</strong></span> 
     </span>
    </p>
   </div>
  </div>
