3936 6208
393 213 490 270 7S!
1064 211 1336 266 EUSEBII
1371 209 1856 268 CIESARIENSIS
1895 211 2045 270 OPP.
2086 211 2270 266 PARS
2308 213 2370 268 ll.
2412 245 2482 254 —
2515 213 3014 269 APOLOCETICA.
3553 211 3658 268 τῖε

391 332 670 389 universis
699 331 826 386 olim
850 329 1095 401 profanis
1122 338 1285 401 atque
1332 331 1514 402 impiis
1536 332 1813 402 gentibus,
1846 347 1980 387 oves
2025 331 2245 387 Christo
2280 334 2536 389 custoditi
2563 335 2790 389 sumus?
2832 335 2925 404 qui
2972 335 3136 388 etiam
3173 334 3438 389 beneﬂcio
3504 335 3656 390 illius

391 440 584 484 sumus
612 422 904 486 immutati,
934 429 988 477 et
1019 423 1137 494 ipsa
1167 425 1424 479 vaticinia
1453 425 1842 494 prophetarum
1938 404 2318 495 intelligeiites,
2356 427 2721 496 cognitionem
2782 443 2965 482 veram
3029 427 3180 481 verbi
3241 425 3459 482 Damini
3499 444 3657 483 acce-

391 520 596 593 pimus.
640 517 805 572 Iidem
853 532 953 572 nos
1000 519 1093 588 qui
1135 533 1326 574 sumus
1353 517 1670 586 Chananaei,
1725 521 1982 577 novimus
2019 525 2181 589 atque
2212 521 2580 574 intelleximus
2603 513 2666 575 ea
2704 536 2824 590 qua:
2848 521 3123 575 dicuntur.
3192 518 3314 574 Non
3381 526 3658 574 noverunt

392 621 576 668 autem
615 627 791 681 neque
840 609 1249 680 intellexerunt,
1317 613 1411 683 qui
1444 613 1669 668 nomine
1728 610 1896 668 Israel
1964 613 2291 684 gloriantur,
2332 623 2382 669 et
2438 614 2532 686 qui
2591 629 2774 669 semen
2822 616 3054 670 Abrahae
3077 615 3289 686 jactare
3354 629 3660 671 consueve-

391 716 540 762 runt.

591 819 632 871 A
663 818 916 874 Ieremia.
943 849 1011 860 —
1035 817 1170 873 Item
1197 818 1260 874 de
1286 818 1433 876 Iuda
1463 820 1798 874 nominatim.

468 955 488 987 ι
517 935 811 990 Peccatum
845 933 983 989 Juda
1011 933 1273 1004 scriptum
1297 940 1381 989 est
1407 935 1546 1007 stylo
1578 935 1754 991 ferreo
1782 935 1836 990 in
1868 952 1972 989 un-

390 1046 493 1101 gue
521 1029 891 1092 adamantino,
928 1035 1212 1080 exaratum
1239 1026 1760 1096 superlatitudinem
1787 1028 1969 1082 cordis

388 1122 528 1190 ejus,
570 1130 623 1175 et
675 1120 729 1172 in
783 1118 1044 1172 cornibus
1106 1117 1360 1173 altarium
1435 1128 1764 1172 vestrorum.
1832 1119 1967 1171 Cum

389 1212 661 1269 recordati
718 1209 919 1265 fuerint
979 1208 1074 1262 filii
1129 1224 1318 1263 eorum
1366 1224 1586 1264 ararum
1655 1225 1877 1264 suarum
1917 1218 1969 1264 et

391 1309 642 1360 lucorum
673 1318 898 1358 suorum
941 1303 992 1355 in
1027 1302 1176 1372 ligno
1216 1302 1388 1356 denso
1413 1310 1466 1356 et
1502 1301 1556 1356 in
1603 1303 1837 1357 collibus
1873 1319 1970 1356 ex-

389 1399 575 1458 celsis,
613 1397 782 1451 robur
841 1405 995 1449 tuum
1051 1403 1105 1448 ct
1149 1409 1342 1448 omnes
1395 1394 1686 1450 thesauros
1731 1403 1856 1450 tuos
1913 1396 1968 1449 in

389 1490 747 1561 direptionem
780 1487 944 1551 dabo,
983 1497 1036 1543 et
1068 1488 1284 1541 excelsa
1309 1495 1402 1540 tua
1433 1487 1486 1540 in
1519 1497 1744 1557 peccato
1775 1488 1830 1541 in
1851 1502 1969 1541 om-

399 1582 570 1636 nibus
597 1579 797 1634 finibus
831 1583 963 1642 tuis,
992 1585 1045 1633 et
1075 1577 1379 1648 privaberis
1412 1586 1464 1632 et
1495 1577 1874 1633 liumiliaberis
1901 1579 1968 1632 ab

388 1668 726 1736 haereditate,
762 1685 924 1740 quam
972 1668 1093 1722 dedi
1162 1669 1282 1732 tibi,
1325 1676 1380 1722 et
1435 1669 1764 1724 transferam
1817 1680 1868 1723 te
1899 1669 1968 1723 ad

390 1765 647 1819 inimicos
687 1772 810 1817 tuos
847 1761 901 1814 in
932 1770 1130 1814 terram
1163 1776 1325 1830 quam
1359 1776 1468 1814 non
1493 1761 1636 1815 nosti
1663 1778 1678 1827 ;
1709 1762 1968 1830 quoniam

390 1857 536 1928 imis
569 1869 837 1910 accensus
870 1860 954 1907 est
987 1852 1043 1907 in
1075 1852 1260 1907 furore
1291 1869 1431 1918 meo,
1473 1868 1647 1923 usque
1699 1854 1752 1906 in
1789 1869 1965 1909 saecu-

389 1948 502 2004 lum
531 1948 741 2003 ardebit
761 1948 859 1999 ⁸ο.»
887 1944 1125 2001 Tametsi
1172 1946 1284 2000 hac
1315 1961 1424 2000 non
1457 1946 1596 2016 apud
1623 1945 1792 2011 LXX,
1825 1955 1968 2002 atta-

388 2059 511 2098 men
552 2044 605 2097 in
638 2042 908 2097 llebraico
953 2041 1099 2096 nacti
1132 2048 1296 2110 atque
1328 2039 1381 2093 in
1425 2041 1764 2110 reliquorum
1801 2043 1968 2095 inter-

390 2142 604 2204 pretum
655 2133 1012 2196 cditiouibus,
1062 2131 1191 2186 item
1234 2131 1286 2184 in
1330 2131 1785 2201 exquisitioribus
1826 2146 1964 2202 quo-

389 2239 496 2293 que
531 2223 778 2294 ipsorum
834 2220 976 2275 LXX
1020 2221 1430 2292 exemplaribus
1461 2238 1586 2276 cum
1618 2222 1963 2292 appositione

389 2317 752 2383 stelluiarum,
791 2315 956 2388 485
990 2314 1304 2370 necessario
1332 2330 1395 2370 ea
1427 2316 1802 2386 apposuimus,
1848 2325 1970 2370 tan-

388 2427 552 2480 quam
586 2426 649 2466 ea
681 2425 803 2479 qua:
826 2409 1149 2463 nominatim
1183 2409 1360 2478 ipsum
1408 2406 1744 2476 proditorem
1769 2407 1967 2462 Judam

389 2500 714 2570 significent,
761 2508 816 2553 et
848 2507 1134 2569 peccatum
1181 2498 1326 2568 quod
1359 2499 1427 2552 ab
1472 2499 1564 2552 illo
1603 2499 1964 2553 commissum

387 2599 493 2652 est,
563 2589 678 2645 fieri
730 2608 836 2645 non
893 2606 1053 2660 posse
1097 2599 1158 2644 ut
1201 2604 1439 2659 unquam
1493 2591 1795 2646 aboleatur.
1852 2589 1964 2645 Hoc

386 2684 533 2738 enim
581 2683 715 2737 mihi
760 2683 974 2738 videtur
1043 2683 1354 2752 significare
1411 2682 1578 2737 illud:
1624 2703 1641 2734 ‹
1673 2683 1965 2739 Peccatum

386 2771 524 2827 Iuda
560 2775 823 2842 scriptum
857 2780 940 2827 est
989 2774 1128 2844 stylo
1159 2771 1337 2827 ferreo
1382 2773 1435 2826 in
1481 2789 1659 2843 ungue
1704 2773 1965 2828 adaman-

388 2867 564 2919 tino.»
609 2863 873 2919 Poterunt
909 2863 1036 2917 item
1066 2862 1257 2916 referri
1308 2862 1373 2916 ad
1419 2863 1728 2917 universam
1776 2861 1964 2916 Judai-

387 2973 508 3013 cam
557 2968 794 3030 gentem,
846 2957 1050 3029 quibus
1113 2955 1372 3027 deinceps
1419 2957 1540 3027 ipso
1592 2956 1784 3012 ordine
1843 2966 1966 3027 post

387 3052 633 3122 ipsorum
679 3051 859 3106 scelus
913 3049 1226 3113 indelebile,
1283 3058 1610 3114 extremam,
1649 3066 1771 3120 quae
1813 3050 1964 3120 ipsos

386 3146 645 3216 punitura
675 3151 780 3209 est,
809 3143 1107 3212 perniciem
1139 3143 1547 3205 interminatur,
1591 3158 1714 3212 quac
1743 3158 1851 3196 non
1881 3152 1963 3196 est

385 3253 533 3292 nunc
567 3236 846 3307 sigillatim
902 3234 968 3288 ad
1010 3235 1238 3288 verbum
1280 3233 1674 3303 interpretandi
1724 3241 1960 3302 tempus.

387 3330 492 3386 Sed
525 3330 746 3401 quando
778 3338 887 3382 tam
924 3328 1095 3382 multa
1126 3327 1396 3382 hactenus
1425 3327 1492 3382 de
1527 3342 1612 3394 eo,
1643 3327 1738 3398 qui
1771 3323 1962 3379 Salva-

385 3432 557 3477 torem
593 3439 656 3476 ac
688 3421 972 3476 Dominum
1005 3428 1253 3475 nostrum
1289 3427 1407 3473 erat
1440 3419 1777 3490 proditurus,
1811 3417 1964 3470 aliis-

386 3531 492 3586 que
539 3514 633 3584 qui
691 3513 768 3567 illi
819 3512 1049 3567 insidias
1079 3512 1278 3566 facturi
1309 3521 1490 3574 erant,
1524 3511 1790 3566 divinitus
1817 3524 1956 3580 pra:-

387 3609 533 3661 dicta
584 3606 974 3676 exposuimus:
1031 3615 1252 3675 tempus
1294 3605 1406 3675 jam
1462 3603 1628 3658 fuerit
1682 3619 1805 3674 qua:
1854 3602 1960 3658 sub

385 3701 561 3768 ipsam
620 3699 864 3767 ejusdem
917 3699 1230 3768 passionem
1287 3704 1551 3752 eventura
1613 3697 1852 3759 fuerunt,
1906 3706 1966 3750 ut

387 3796 516 3849 item
567 3792 835 3848 divinitus
868 3808 964 3862 per
1005 3792 1299 3863 prOphetas
1342 3791 1664 3847 denuntiata
1709 3794 1838 3856 sint,
1877 3795 1960 3846 in-

385 3887 544 3942 tueri.

385 4001 463 4054 Ab
492 4001 673 4053 Amos.
705 4029 775 4040 --
807 3997 884 4052 De
911 3998 1038 4052 solis
1066 3997 1289 4068 defectu.
1319 3999 1406 4068 qui
1430 3997 1485 4050 in
1514 3997 1631 4065 ipsa
1663 3995 1964 4068 SaAlvatoris

455 4072 622 4124 nostri
683 4071 928 4137 passione
971 4066 1202 4136 accidit,
1254 4079 1304 4121 et
1332 4066 1417 4122 'de
1450 4080 1687 4124 exireino
1717 4066 1966 4124 Judaicw

453 4144 618 4212 gentis
647 4142 881 4194 interitu.

460 4337 477 4369 ι
515 4316 670 4371 Jurat
701 4317 965 4371 Dominus
1011 4318 1064 4371 in
1123 4315 1437 4386 superbiam
1476 4312 1668 4393 Jacob,
1722 4317 1768 4372 si
1825 4317 1966 4371 obli-
2001 4349 2018 4362 .~

383 4411 621 4465 viscetur
655 4411 707 4462 iu
744 4409 1028 4464 victoriam
1073 4411 1260 4462 omnia
1291 4425 1468 4480 opera.
1489 4417 1685 4471 vestra,
1717 4417 1772 4462 et
1801 4426 1966 4479 super

382 4505 471 4559 bis
499 4519 608 4558 non
638 4501 948 4557 turbabitur
976 4509 1154 4565 terra,
1193 4511 1245 4558 et
1285 4503 1491 4573 lugebit
1529 4503 1708 4556 omnis
1740 4503 1832 4571 qui
1868 4502 1965 4555 lia-

383 4597 520 4650 bitat
545 4596 598 4649 in
629 4610 714 4660 ea,
744 4603 798 4650 et
831 4593 1089 4649 ascendet
1117 4595 1274 4665 quasi
1303 4595 1501 4649 fluvius
1533 4592 1960 4657 consunnnatio,

381 4697 437 4743 et
465 4687 760 4742 descendet
806 4685 964 4758 quasi
1025 4683 1223 4741 ﬂuvius
1258 4684 1503 4756 Egypti,
1548 4692 1602 4739 et
1653 4683 1757 4737 crit
1789 4683 1844 4736 in
1877 4684 1964 4738 die

385 4779 498 4844 illa,
529 4779 666 4834 dicit
693 4778 980 4842 Dominus,
1017 4778 1227 4832 occidet
1259 4779 1338 4832 sol
1375 4778 1430 4831 in
1459 4777 1703 4837 meridie,
1725 4783 1779 4830 et
1811 4774 1964 4830 obte-

379 4875 704 4932 nebrabitur
733 4888 898 4944 super
930 4881 1129 4926 terram
1164 4872 1218 4925 in
1249 4872 1336 4927 die
1365 4871 1454 4924 lux
1481 4911 1495 4934 ,
1556 4877 1610 4926 et
1648 4876 1962 4924 convertam

381 4966 648 5022 solemnia
682 4974 864 5020 vestra
901 4964 954 5016 in
987 4963 1212 5028 luctum,
1247 4972 1300 5015 et
1323 4960 1506 5015 omnia
1535 4961 1748 5013 cantica
1783 4965 1962 5012 vestra

380 5059 436 5114 in
468 5060 800 5122 lamcntum,
835 5067 890 5113 et
938 5057 1192 5112 inducam
1241 5068 1406 5124 super
1452 5067 1670 5108 omnem
1717 5050 1961 5105 lumbum

377 5163 627 5216 saccum,
665 5161 719 5207 et
759 5165 922 5222 super
952 5164 1117 5206 omne
1151 5155 1314 5220 caput
1344 5146 1636 5209 calviticm,
1673 5153 1727 5199 et
1765 5158 1962 5216 ponam

2000 829 2044 883 Α
2084 819 2218 876 Ἀπὸ
2237 820 2342 875 τοῦ
2358 820 2851 890 Ἰερεμίου.-Ἕτι
2865 819 3000 887 περὶ
3013 819 3118 873 τοῦ
3135 818 3321 873 Ἰούδα
3337 821 3656 891 ὀνομαστί.

2159 952 2176 984 ι
2215 933 2483 1005 Ἀμαρτία
2523 933 2692 988 Ἰούδα
2714 933 3114 1006 γέγραπταιυὲν
3138 935 3382 1005 γραφείῳ
3423 936 3656 1007 σιδηρῷ,

2071 1028 2128 1079 ἐν
2149 1026 2300 1096 ὄνυχι
2324 1026 2686 1098 ἀδαμαντίνῳ,
2716 1025 3166 1098 ἐγκεκολαμμένη
3187 1027 3277 1079 ἐπὶ
3301 1026 3394 1080 τοῦ
3423 1029 3660 1098 πήθους

2069 1117 2169 1186 τῆς
2202 1116 2426 1188 καρδίας
2459 1116 2645 1182 αὑτοῦ,
2677 1117 2770 1170 καί⁵
2816 1121 2928 1181 τοῖς
2977 1119 3169 1192 κέρασι
3215 1119 3323 1171 τῶν
3361 1119 3660 1194 θυσιαστη-

2072 1208 2203 1279 ρίων
2236 1209 2409 1278 ἡμῶν.
2453 1209 2644 1262 Ἦνίκα
2689 1208 3108 1280 ἀναμνησθῶσιν
3147 1211 3195 1262 οί
3242 1210 3347 1263 υίοὶ
3381 1212 3564 1264 αὐτῶν
3590 1213 3657 1267 τὰ

2072 1301 2431 1374 θυσιαστήρια
2480 1302 2680 1366 αὐτῶν,
2710 1303 2802 1355 καὶ
2843 1301 2913 1356 τά
2951 1302 3086 1374 ἄλση
3134 1303 3313 1356 αὐτῶν
3353 1305 3445 1357 ἐπὶ
3495 1304 3657 1370 ξύλου

2069 1396 2256 1459 δασέος
2280 1436 2294 1460 ,
2343 1396 2435 1449 καὶ
2475 1396 2567 1449 ἐπὶ
2617 1394 2818 1466 βουνῶν
2868 1394 3175 1466 μετεώρων,
3210 1395 3362 1466 ἰσχύν
3412 1414 3508 1450 σου
3561 1399 3658 1452 καὶ

2071 1489 2278 1552 πάντας
2304 1492 2430 1552 τοὺς
2473 1488 2779 1561 θησαυρούς
2803 1505 2895 1540 σου
2931 1490 3009 1550 εἰς
3045 1489 3320 1558 προνομὴν
3348 1488 3529 1552 δώσω,
3551 1493 3658 1545 ’καὶ

2068 1583 2136 1636 τὰ
2159 1581 2339 1653 ὑψηλά
2361 1599 2453 1634 σου
2482 1583 2539 1634 ὲν
2566 1581 2809 1653 ἁμαρτίᾳ
2834 1583 2890 1633 ὲν
2919 1582 3051 1634 πᾶσι
3075 1585 3184 1643 τοῖς
3206 1581 3374 1652 ὁρίοις
3399 1599 3516 1634 σου.
3547 1583 3660 1636 Καὶ

2069 1677 2437 1749 ἀφαιρεθήσῃ,
2466 1676 2560 1728 καὶ
2592 1667 2972 1746 τάπεινωθήσῃ
2999 1673 3106 1727 ἀπὸ
3136 1673 3238 1744 τῆς
3263 1674 3652 1746 κληρονομίας,

2067 1766 2136 1844 ἧς
2167 1770 2343 1826 ἐδωκά
2373 1786 2476 1832 σοι,
2513 1769 2608 1821 καί
2637 1767 2880 1821 ἀναϐιϐῶ
2906 1784 2966 1820 σε
2997 1768 3053 1819 ὲν
3077 1769 3190 1830 τοῖς
3226 1766 3440 1837 ἐχθροῖς
3471 1784 3567 1820 σου
3597 1769 3655 1822 ἐν

2067 1868 2135 1937 τῇ
2184 1868 2276 1937 γῇ,
2311 1865 2377 1936 ἣν
2421 1865 2520 1916 ουκ
2562 1862 2764 1932 ἔγνως·
2808 1862 2890 1915 ὅτι
2934 1859 3044 1929 πῦρ
3088 1861 3419 1914 ἐκκέκαυται
3473 1863 3532 1913 ὲν

2070 1960 2226 2032 θυμῷ
2257 1977 2380 2031 μου,
2403 1958 2509 2020 ἓως
2531 1957 2725 2020 αἰῶνος
2753 1955 3104 2026 καυθήσεται.
3142 1975 3159 2005 ι
3195 1955 3256 2008 Εἰ
3283 1956 3376 2008 καὶ
3405 1955 3481 2026 μὴ
3506 1957 3662 2028 παρὰ

2068 2059 2180 2118 rei;
2209 2053 2626 2123 Ἐϐδομήκοντα,
2655 2049 2769 2102 ἀλλ’
2785 2045 2877 2102 οὖν
2903 2043 2960 2102 ὲν
2983 2048 3061 2120 τῷ
3084 2048 3355 2119 Ἐϐραῖκῷ
3371 2047 3546 2102 ταῦτα
3565 2049 3625 2101 εὖ
3655 2084 3662 2090 -

2071 2148 2273 2220 ρόντες,
2293 2146 2386 2200 καὶ
2407 2147 2464 2222 εν
2485 2147 2604 2208 ταῖς
2617 2143 2728 2196 τῶν
2743 2141 2946 2196 λοιπῶν
2977 2141 3327 2212 ὲρμηνευτῶν
3353 2140 3660 2203 ὲκδόσεσιν,

2075 2241 2155 2294 ἔτι
2199 2241 2304 2314 μὴν
2342 2238 2480 2312 μετά
2524 2235 2877 2309 παραθέσεως
2923 2235 3262 2305 ἀστερίσκων
3302 2235 3396 2287 καὶ
3442 2236 3500 2285 ἐν
3545 2237 3661 2296 τοῖς

2074 2334 2326 2406 ἀκριϐέσι
2359 2331 2467 2386 τῶν
2510 2330 2661 2402 παρὰ
2696 2332 2808 2392 τοῖς
2852 2327 3252 2398 ⁹Εϐδομήκοντοι
3279 2326 3660 2398 ἀντιγράφοις,

2074 2428 2386 2497 ἀναγκαίως
2423 2424 2561 2478 αὐτὰ
2608 2420 2978 2495 παρεθέμεθα,
3008 2421 3102 2475 ἆτε
3141 2421 3233 2472 καὶ
3260 2419 3523 2490 ὀνομαστὶ
3567 2421 3660 2472 τὸν

2076 2522 2340 2593 προδότην
2409 2518 2576 2572 Ἰούδα
2628 2515 2909 2588 δηλοῦντα,
2964 2513 3059 2567 καὶ
3109 2513 3206 2584 τὴν
3258 2512 3662 2584 πεπραγμένην

2073 2615 2219 2686 αὐτῷ
2244 2613 2518 2685 ἁμαρτίαν
2545 2609 2927 2675 ἁνεξάλειπτον
2951 2603 3089 2661 εἶναι
3115 2606 3456 2660 διδάσκοντα,
3482 2603 3666 2658 Τοῦτο

2072 2709 2180 2780 γὰρ
2223 2705 2554 2762 αἰνίττεσθαί
2606 2721 2694 2775 μοι
2732 2702 2880 2756 δοκεῖ
2928 2699 3007 2762 τὸ,
3067 2719 3084 2752 ι
3158 2698 3427 2769 Ἀμαρτία
3483 2697 3658 2752 Ἰούδα

2072 2802 2444 2872 ἐγγέγραπται
2493 2799 2549 2851 ὲν
2596 2795 2846 2869 γραφείῳ
2889 2793 3112 2865 σιδηρῷ,
3148 2797 3205 2846 ἐν
3232 2792 3382 2862 ὃνυχι
3414 2792 3658 2862 ἀδαμαν-

2070 2902 2221 2966 τινῳ.
2263 2914 2282 2945 ι
2320 2891 2419 2964 Εἰή
2451 2891 2494 2945 δ’
2531 2891 2596 2945 ἂν
2641 2891 2735 2944 κοιλ⁵
2781 2889 2874 2942 ἐπὶ
2921 2889 3029 2940 πᾶν
3065 2886 3126 2938 τὸ
3185 2885 3457 2938 Ἰουδαίων
3501 2884 3658 2949 ἑθνος

2071 2987 2474 3058 ἀναφερόμενα,
2501 2977 2582 3048 οἷς
2613 2981 2740 3052 ἑξῆς
2779 2982 2874 3035 καὶ
2901 2977 3207 3042 ἀκολούθως
3237 2977 3373 3049 μετὰ
3398 2977 3501 3048 τὴν
3529 2978 3656 3030 ἀνε-

2073 3080 2354 3145 ξάλειπτον
2405 3077 2581 3132 αὐτῶν
2629 3074 2881 3128 ἀσέϐειαν
2930 3074 3020 3127 τὸν
3075 3070 3404 3143 μετελθόντα
3454 3070 3656 3134 αὐτοὺς

2071 3173 2297 3244 ἔσχατον
2345 3171 2566 3241 δλεθρον
2615 3169 2862 3223 ἀπειλεῖ·
2919 3167 3060 3236 ἅπερ
3112 3165 3251 3220 κατὰ
3296 3165 3444 3230 λέξιν
3476 3167 3654 3237 ἑρμη-

2071 3267 2244 3321 νεύειν
2277 3265 2339 3318 οὺ
2369 3264 2462 3317 τοῦ
2507 3262 2776 3334 παρόντος
2799 3260 3058 3330 τυγχάνει
3093 3258 3306 3330 καιροῦ.
3356 3259 3518 3311 Ἀλλὰ
3544 3259 3658 3330 γὰρ

2069 3357 2337 3413 τοσούτων
2365 3356 2490 3427 περὶ
2522 3353 2614 3407 τοῦ
2644 3352 2940 3424 προδώσειν
2973 3352 3254 3422 μέλλοντος
3292 3349 3383 3404 τὸν
3419 3350 3656 3422 Σωτῆρα

2071 3451 2167 3506 καὶ
2198 3449 2399 3520 Κύριον
2429 3445 2603 3518 ἡμῶν,
2651 3445 2760 3498 τῶν
2810 3462 2869 3497 τε
2905 3445 3078 3506 ἄλλως
3120 3442 3656 3496 ἐπιϐεϐουλευκότων

1987 3558 2030 3614 C
2067 3543 2214 3615 αὐτῷ
2243 3537 2839 3613 προαναφωνηθέντων,
2879 3536 3069 3607 καιρὸς
3115 3537 3240 3589 ίδεῖν
3274 3537 3370 3588 καὶ
3397 3536 3466 3588 τὰ
3503 3537 3660 3606 ἀμίς-ι

2065 3637 2127 3690 τὸ
2183 3635 2356 3698 πάθος
2413 3632 2582 3687 αὑτοῦ
2646 3631 2907 3704 μέλλοντα
2967 3627 3338 3699 συμϐήσεσθαι
3389 3628 3654 3692 θεσπιζόα

2071 3745 2226 3799 μενα.

2080 4000 2223 4056 Ἀπὸ
2240 3999 2343 4054 τοῦ
2369 3995 2652 4066 Ἀμώς.-
2664 3997 2803 4065 Περὶ
2821 3996 2932 4064 τῆς
2949 3995 3278 4066 ἐκλείψεως
3305 3995 3410 4050 τοῦ
3439 3998 3652 4064 ἡλίου,

2138 4070 2250 4138 τῆς
2279 4071 2376 4123 ἐπὶ
2412 4061 2492 4134 ἑῷ
2529 4061 2702 4122 πάθει
2741 4061 3168 4138 codicem-(pote
3204 4061 3368 4136 ἡμῶν
3401 4061 3655 4138 γεγενηξ

2132 4136 2344 4210 μένης,
2387 4139 2487 4193 καὶ
2526 4139 2660 4206 περὶ
2706 4139 2812 4192 τοῦ
2854 4136 3192 4204 παντελοῦς
3233 4137 3479 4206 ὀλέθρου
3536 4137 3656 4194 τοῦ

2149 4212 2444 4267 Ἰουδαίων
2469 4211 2705 4276 ἔθνους.

2142 4323 2163 4356 ι
2207 4303 2426 4375 Ὀμνύει
2471 4301 2676 4374 Κύριος
2720 4299 2862 4354 κατά
2907 4300 3283 4371 ὑπερηφανίας
3329 4297 3556 4366 Ἰακὼϐ,
3600 4302 3656 4354 ει

2062 4396 2484 4468 ὲπιλησθήσεται
2530 4397 2609 4458 είς
2652 4397 2801 4457 νῖκος
2830 4395 3005 4448 πάντα
3037 4393 3106 4446 τὰ
3146 4392 3279 4464 ἔργα
3321 4392 3505 4464 ὑμῶν,
3553 4397 3658 4449 καὶ

2064 4488 2157 4542 ἐπὶ
2187 4486 2394 4551 τούτοις
2429 4487 2488 4540 οὑ
2511 4485 2915 4557 πραχθήσεται
2947 4487 2979 4555 ἡ
3011 4484 3105 4554 γῆ,
3132 4485 3224 4537 καὶ
3252 4483 3507 4555 πενθήσει
3537 4489 3657 4550 πᾶς

2065 4584 2093 4636 ὁ
2123 4582 2389 4636 κατοικῶν
2424 4584 2482 4635 ὲν
2527 4581 2688 4652 αὐτῇ,
2720 4581 2812 4634 καὶ
2851 4578 3182 4650 ἀναϐήσεται
3213 4578 3289 4642 ὼς
3328 4579 3578 4648 ποταμὸς
3617 4581 3658 4650 ἡ

2067 4674 2362 4737 συντέλεια,
2407 4673 2499 4726 καὶ¹
2538 4673 2908 4743 καταϐήσεται
2939 4671 3014 4735 ὡς
3057 4672 3300 4742 ποταμὸς
3338 4671 3655 4739 Δίγύπτου.

2064 4768 2175 4822 Καὶ
2209 4767 2360 4820 ἔσται
2400 4769 2458 4820 ὲν
2489 4765 2676 4839 ἐκείνῃ
2698 4769 2766 4836 τῇ
2795 4767 3010 4836 ἡμέρα,
3041 4765 3186 4834 λέγει
3233 4766 3453 4837 Κύριος,
3483 4765 3654 4821 δύσε-

2063 4877 2154 4914 ται
2184 4861 2212 4912 ὁ
2238 4858 2386 4930 ἥλιος
2423 4858 2915 4931 μεσημϐρίαςκαὶ
2946 4857 3268 4912 συσκοτάσει
3297 4858 3387 4912 ἐπὶ
3415 4857 3520 4928 τῆς
3544 4859 3653 4929 γῆς

1995 4924 2039 4980 D
2068 4955 2126 5006 ἐν
2153 4924 2332 5024 ἡμέρᾳ
2360 4924 2436 5006 τὸ-
2455 4924 2585 5021 φῶςί
2617 4924 2726 5005 Καὶ
2752 4949 3112 5021 μεταστρέψω
3145 4948 3244 5013 τὰς
3264 4924 3656 5020 ἑορτὰς

2068 5047 2149 5107 είς
2179 5043 2392 5110 πένθος,
2434 5044 2527 5097 καὶ
2561 5043 2740 5107 πάσας
2781 5042 2882 5107 τὰς
2916 5043 3060 5114 ᾠδὰς
3103 5042 3258 5114 ὑμῶν
3302 5045 3380 5106 είς
3408 5041 3654 5114 θρῆνον·

2069 5138 2161 5193 καὶ
2183 5135 2424 5192 ἀναϐιϐὦ
2456 5135 2547 5188 ἐπὶ
2584 5136 2756 5188 πᾶσαν
2784 5137 2956 5204 ὀσφὺν
2983 5135 3204 5201 σάκκον,
3230 5134 3322 5189 καὶ
3347 5134 3440 5189 ἐπὶ
3465 5136 3654 5190 πᾶσαν

377 5259 504 5302 eum
536 5253 799 5315 tanquam
823 5245 1029 5298 luctum
1066 5241 1278 5306 dilecti,
1315 5247 1370 5295 et
1397 5239 1489 5310 qui
1517 5252 1643 5292 cum
1674 5251 1742 5292 eo
1764 5236 1965 5292 fuerint

2076 5227 2308 5299 κεφαλὴν
2367 5224 2745 5298 φαλάκρωμα·
2801 5227 2898 5278 καὶ
2943 5225 3178 5297 θήσομαι
3232 5226 3392 5279 αὑτὸν
3452 5225 3655 5302 ὥσπερ

380 5345 642 5409 tanquam
676 5336 818 5392 diem
851 5336 1058 5392 doloris
1083 5354 1096 5391 :
1121 5348 1249 5390 ecce
1272 5332 1390 5389 dies
1427 5331 1674 5396 veniunt,
1704 5328 1836 5384 dicit
1859 5325 1966 5384 Do-

2076 5323 2260 5386 πένθος
2296 5318 2582 5392 ἀγαπητοῦ
2601 5360 2614 5384 ,
2651 5318 2900 5384 καὶτοὺς
2947 5320 3065 5390 μετ’
3095 5317 3262 5374 αὑτοῦ
3305 5318 3381 5383 ὡς
3431 5319 3654 5394 ἡμέραν

380 5429 583 5494 minus,
641 5437 694 5482 et
733 5429 942 5483 mittam
1001 5426 1196 5482 famem
1238 5428 1294 5480 in
1347 5433 1586 5489 terram,
1618 5436 1729 5477 non
1766 5419 1963 5476 famem

2076 5415 2277 5486 Βδύνης.
2337 5414 2465 5468 Ἰδοὺ
2505 5411 2706 5484 ἡμέραι
2752 5410 3034 5483 ἔρχονται,
3071 5411 3216 5481 λέγει
3259 5410 3499 5484 Ktipwc,
3553 5413 3654 5470 καὶ

374 5521 556 5594 panis,
588 5534 764 5590 neque
803 5521 951 5576 sitim
985 5535 1157 5590 aquae,
1188 5517 1284 5575 scd
1317 5517 1514 5574 famem
1550 5512 1806 5571 audiendi
1842 5527 1966 5570 ver-

2076 5504 2408 5574 ιξαποστελῶ
2431 5505 2590 5578 λιμὸν
2614 5508 2706 5559 ἐπὶ
2733 5504 2834 5578 τὴν
2872 5505 2994 5576 γῆν,
3033 5503 3094 5557 οὐ
3124 5502 3281 5575 λιμὸν
3309 5503 3495 5576 ἄρτου,
3523 5504 3654 5561 οὐδὲ

435 5701 481 5732 ⁸⁸
514 5697 626 5756 Jcr.
663 5710 786 5760 xy“
813 5736 825 5760 ,
863 5695 969 5752 14.
