3868 6192
216 296 311 353 755

1085 306 1742 365 DEMONSTIHTIONI'S
1790 310 2250 367 EVANGELICE
2291 308 2422 366 LIB.
2466 310 2535 370 Χ.

3352 317 3457 371 754

217 413 361 483 δίψαν
395 412 606 479 ὕδατος,
640 416 773 471 ἀλλά
803 419 958 492 λιμὸν
985 422 1079 476 τοῦ
1103 424 1334 478 ἀκοῦσαι
1367 425 1524 494 λόγον
1555 427 1780 499 Κυρίου.

1892 431 2015 483 bum
2044 426 2280 494 Domini,
2298 435 2351 481 et
2377 428 2863 483 commovebuntur
2890 443 3042 497 aqua:
3074 444 3103 483 a
3127 429 3262 483 mari
3288 446 3459 499 usque

219 503 311 558 Καὶ
340 504 763 577 σαλευθήσονται
804 510 972 565 ὕδατα
1003 513 1110 567 ἀπὸ
1144 514 1419 588 Θαλάσσης
1450 517 1554 582 ἕως
1585 517 1784 571 θαλάσ-

218 612 322 667 σης,
353 595 450 649 καὶ
492 597 600 650 ἀπὸ
649 599 821 672 βορῤᾶ
866 604 970 667 ἕως
1015 606 1288 661 ἀνατολῶν
1321 608 1783 681 περιδραμοῦνται

220 688 491 758 ζητοῦντες
514 691 605 745 τὸν
627 691 784 762 λόγον
802 696 1024 768 Κυρίου,
1054 699 1146 753 καὶ
1175 702 1236 754 οὐ
1266 702 1339 773 μὴ
1372 701 1591 775 εὕρωσι.
1625 724 1641 755 ι
1673 704 1783 776 Τὴν

216 781 342 857 κατὰ
374 782 471 834 τοῦ
506 784 760 855 Σωτῆρος
789 787 944 858 ἡμῶν
972 789 1129 863 ὓϐριν
1156 794 1248 846 καὶ
1286 795 1659 865 ὑπερηφανίαν
1690 797 1784 854 καὶ

213 875 594 940 ἐπανάστασιν,
645 879 710 949 ἣν
738 882 1112 955 ἐπανέστησαν
1133 887 1281 958 αὐτῷ
1300 890 1349 940 ot
1371 891 1434 941 ὲκ
1461 889 1780 960 περιτομῆς,
1832 875 1849 884 '

212 965 534 1031 θεσπίζουσα
564 973 597 1040 ἡ
630 973 879 1042 παροῦσα
912 977 1216 1046 προφητεία
1238 1021 1250 1042 ,
1283 980 1510 1048 ὀμνύναι
1553 982 1644 1034 τὴν
1674 982 1785 1034 Κύ-

213 1060 315 1131 ρεόν
341 1078 478 1131 φησι
506 1063 626 1116 καθ’
650 1065 1025 1137 ὑπερηφανίας
1051 1071 1260 1135 Ἰακὼϐ,
1293 1072 1368 1136 ὡς
1395 1074 1456 1127 οὐ
1478 1074 1550 1146 μὴ
1578 1075 1784 1144 γένοιτο

209 1151 337 1224 λήθη
370 1154 482 1206 τῶν
516 1155 636 1209 κατ’
667 1157 833 1210 αὐτοῦ
873 1160 1293 1232 τετολμημένων
1330 1165 1545 1230 αὐτοῖς,
1581 1166 1673 1219 καὶ
1704 1168 1783 1220 ὅτι

207 1245 434 1310 πένθους
483 1247 608 1312 ἄξια
648 1250 890 1303 πείσεται
932 1254 964 1323 ὴ
1026 1254 1095 1324 γῆ
1131 1254 1310 1308 αὐτῶν
1357 1255 1495 1327 μετά
1540 1258 1631 1312 καὶ
1676 1258 1784 1312 τῶν

206 1341 524 1410 οἰκητόρων,
558 1344 651 1395 καὶ
682 1343 763 1396 ὃτι
792 1344 968 1398 οὐκέθ’
997 1347 1071 1410 ὡς
1104 1348 1164 1400 τὸ
1194 1349 1320 1418 πρὶν
1348 1352 1426 1413 είς
1455 1348 1627 1422 βραχὺ
1661 1369 1786 1405 παι-

205 1432 480 1497 δευθέντες
514 1430 668 1500 αὖθις
695 1437 1324 1510 ἀποκατασταθήσονται,
1355 1442 1468 1495 ἀλλ’
1503 1447 1581 1507 είς
1599 1445 1786 1497 συντέ-

207 1525 345 1580 λειαν
393 1528 463 1581 τά
512 1530 631 1583 κατ’
676 1530 874 1594 αὐτοὺς
911 1531 1049 1601 ἥξει.
1099 1553 1118 1584 ι
1159 1534 1509 1605 Ἀναϐήσεται
1566 1537 1729 1605 γοῦν,
1760 1555 1777 1589 ι

209 1623 387 1690 φησιν,
418 1639 437 1672 ι
460 1623 536 1685 ὡς
566 1623 810 1693 ποταμὸς
837 1626 869 1695 ἡ
901 1624 1179 1679 συντέλεια
1213 1627 1447 1687 αὐτῶν.»
1481 1629 1581 1699 τὴν
1628 1628 1786 1682 ἐπελ-

210 1712 402 1766 θοῦσαν
432 1713 615 1778 αὐτοῖς
647 1715 750 1773 οὐδ’
785 1715 971 1769 ἄλλοτε
998 1717 1029 1788 ἢ
1065 1717 1203 1770 κατά
1233 1718 1332 1790 τὴν
1373 1720 1657 1789 Ῥωμαίων
1690 1718 1785 1787 βα-

206 1805 409 1859 σιλείαν
432 1807 624 1879 ὀργὴν,
656 1808 896 1878 ποταμὸν
922 1808 1325 1881 ἀναϐησόμενον
1350 1813 1435 1864 ἐπ’
1466 1812 1682 1877 αὐτοὺς,
1709 1812 1783 1877 ὡς

210 1899 256 1949 ὲν
282 1897 412 1967 ὕψει
446 1899 508 1951 τὸ
550 1900 678 1972 πρὶν
726 1901 916 1964 ὄντας,
963 1904 1347 1974 αἰνιττόμενος.
1383 1904 1489 1957 Καὶ
1530 1905 1594 1976 δὴ
1644 1905 1783 1975 μετά

207 1990 288 2060 τὴν
317 1990 660 2062 δηλωθεῖσαν
691 1996 809 2047 κατ’
837 1994 1015 2047 αὐτῶν
1047 1997 1109 2048 ὲκ
1133 1997 1225 2049 τοῦ
1244 1996 1378 2049 Θεοῦ
1410 1998 1596 2069 ὀργὴν,
1626 1996 1783 2060 αὖθις

202 2082 261 2134 τὰ
307 2085 437 2135 κατ’
467 2084 667 2147 αὐτοὺς
708 2084 1029 2157 πράγματα,
1064 2106 1081 2137 ι
1120 2087 1195 2149 ὡς
1234 2088 1497 2158 ποταμὸς,
1538 2108 1555 2139 ι
1597 2089 1780 2156 φησιν,

206 2192 225 2225 ι
254 2174 541 2242 Αἰγύπτου
571 2175 968 2248 καταϐήσεται·
998 2197 1014 2229 ι
1045 2178 1109 2230 δι’
1155 2172 1229 2232 ὧν
1273 2175 1423 2249 οἶμαι
1472 2178 1780 2250 δηλοῦσθαι,

199 2265 273 2318 ὅτι
312 2266 389 2319 τὰ
430 2266 599 2333 πάλαι
646 2268 898 2338 μετέωρα
936 2270 1027 2322 καὶ
1067 2270 1214 2342 παρὰ
1257 2270 1373 2341 Θεῷ
1421 2272 1779 2341 τετιμημένα,

201 2360 284 2413 καὶ
314 2360 517 2432 ὥσπερ
545 2364 600 2417 ἐν
633 2361 757 2431 ὕψει
790 2364 1017 2434 κείμενα
1048 2365 1493 2436 πλεονεκτήματα
1520 2366 1615 2420 τοῦ
1652 2368 1782 2419 Ἰουε-

200 2453 357 2505 δαίων
391 2454 599 2517 ἔθνους,
630 2455 790 2525 ὅμοια
818 2459 928 2519 τοῖς
952 2460 1195 2527 ρευστοίς
1223 2458 1315 2510 καὶ
1348 2458 1504 2528 δίκην
1536 2458 1782 2529 ποταμοῦ

202 2546 610 2617 παρατρέχουσι
638 2546 743 2598 τῶν
789 2547 1031 2600 ἀπίστων
1063 2547 1229 2601 ἐθνῶν
1276 2550 1563 2620 πράγμασι
1613 2568 1783 2603 κατα-

205 2639 485 2708 στήσεται,
511 2639 603 2706 ἀφ’
625 2638 791 2708 ὕψους
814 2656 874 2691 τε
902 2642 980 2703 είς
1004 2639 1257 2692 ταπεινὸν
1290 2644 1781 2714 περιτραπήσεται.

203 2724 304 2781 Εἶθ’
345 2729 481 2799 ἑξῆς
513 2730 722 2793 τούτοις
760 2730 898 2784 αὐτά
930 2731 991 2802 δὴ
1024 2731 1091 2784 τὰ
1129 2733 1272 2803 ἀμφὶ
1317 2733 1408 2786 τὸν
1451 2734 1641 2806 καιρὸν
1691 2737 1785 2789 τοῦ

205 2824 474 2894 σωτηρίου
509 2823 713 2887 πάθους
747 2824 1126 2895 συμϐεϐηκότα
1153 2824 1347 2896 δηλῶν·
1379 2844 1397 2876 ι
1430 2826 1514 2879 Ἐν
1544 2828 1780 2899 enim,»

200 2916 349 2984 φησι,
387 2933 406 2965 ί
429 2918 497 2986 τῇ
529 2917 735 2987 ἡμέρᾳ,
769 2916 917 2985 λέγει
940 2916 1401 2989 Κύριος,δύσεται
1440 2921 1467 2972 ὁ
1497 2920 1644 2990 ἥλιος
1686 2936 1784 2991 με·-

202 3005 504 3077 σημὸρίας,
532 3008 625 3061 καὶ
660 3010 981 3064 συσκοτάσει
1015 3009 1106 3062 ἐπὶ
1136 3011 1235 3081 τῆς
1266 3011 1368 3082 γῆς
1406 3014 1462 3065 ὲν
1501 3013 1685 3085 ἡμέρᾳ
1725 3013 1786 3066 τὸ

1886 519 1951 574 ad
1984 535 2151 579 mare.
2183 529 2237 575 et
2268 521 2337 577 ab
2365 519 2618 589 aquilone
2646 536 2818 589 usque
2858 521 2922 574 ad
2955 521 3220 576 orientem
3261 522 3461 577 circuio

1885 612 2019 667 bunt
2069 621 2374 682 quaarentes
2434 613 2657 667 verbum
2713 612 2961 678 Domini,
3006 622 3067 667 et
3133 629 3243 667 non
3304 611 3463 671 lme-

1886 704 2037 757 nient
2070 703 2137 759 ⁸¹.
2182 723 2199 756 ι
2235 703 2631 757 Contumeliam
2674 714 2728 757 et
2772 704 3082 774 superbiam
3125 711 3181 760 et
3220 704 3463 758 insolen-

1886 796 2016 849 tiam
2050 796 2313 851 adversus
2347 794 2682 849 Salvatorem
2719 803 2993 858 nostrum,
3027 811 3189 865 quam
3222 798 3277 850 in
3308 795 3463 851 illum

1884 889 2193 943 excitarunt
2232 886 2424 951 Judaei,
2453 888 2566 943 haec
2608 888 2891 957 prophetia
2924 888 3249 958 prmdicens,
3275 887 3465 956 jurare

1888 979 2173 1035 Dominum
2205 980 2281 1033 ait
2334 990 2524 1034 contra
2574 980 2885 1050 superbiam
2938 979 3125 1045 Jacob,
3159 980 3325 1052 486
3353 997 3465 1037 non

1885 1069 2123 1127 futuram
2145 1085 2266 1123 esse
2294 1069 2620 1124 oblivionem
2647 1086 2833 1125 eorum
2859 1110 2873 1135 ,
2910 1086 3030 1140 quae
3058 1079 3248 1125 contra
3284 1073 3464 1141 ipsum

1886 1163 2002 1217 ausi
2028 1163 2158 1225 sint,
2192 1161 2462 1232 dignaque
2496 1162 2645 1223 luctu
2681 1164 2822 1217 mala
2854 1180 3136 1235 passuram
3171 1181 3291 1221 esse
3315 1166 3464 1236 ipso-

1886 1266 2009 1305 rum
2060 1259 2279 1317 terram,
2330 1267 2437 1305 una
2467 1268 2592 1306 cum
2626 1253 3056 1318 habitatoribus,
3112 1271 3288 1325 neque
3323 1256 3463 1311 ultra

1886 1344 2028 1399 sicut
2081 1344 2253 1413 priris,
2294 1344 2387 1398 ubi
2446 1346 2684 1399 breviter
2714 1346 2989 1400 emendati
3054 1345 3279 1408 fuerint,
3336 1364 3465 1404 esse

1888 1437 2081 1491 iterum
2118 1436 2506 1500 restituendos,
2539 1436 2632 1492 sed
2662 1437 2716 1490 in
2754 1438 3306 1501 consummationem,
3345 1454 3466 1508 quin

1882 1528 1951 1581 ad
1987 1528 2135 1597 ipsos
2166 1534 2434 1596 spectant,
2467 1543 2589 1582 esse
2622 1537 2870 1583 ventura.
2898 1548 2916 1580 ‹
2955 1527 3239 1599 Siquidem
3274 1544 3468 1585 ascen-

1885 1616 1994 1682 det,
2030 1618 2225 1687 inquit,
2262 1625 2321 1674 ut
2349 1619 2546 1673 ﬂuvius
2578 1622 2981 1676 consummatio
3011 1623 3252 1692 ipsorum
3288 1640 3299 1674 :
3338 1641 3356 1673 ι
3385 1623 3468 1677 sic

1888 1710 2075 1779 utique
2118 1712 2254 1765 iram
2304 1728 2424 1783 quae
2483 1714 2605 1769 illos
2660 1730 2768 1768 non
2818 1714 2954 1767 alias
2999 1729 3162 1784 quam
3206 1712 3467 1771 Romanis

1884 1804 2241 1873 regnantibus
2312 1806 2618 1870 invaserit,
2677 1822 2773 1875 per
2831 1805 3054 1861 ﬂuvium
3107 1821 3463 1861 ascensurum

1886 1911 2050 1965 super
2083 1912 2199 1960 eos,
2235 1897 2401 1951 veluti
2434 1898 2527 1968 qui
2562 1897 2713 1967 prius
2751 1898 2805 1952 in
2840 1898 3062 1954 sublimi
3093 1909 3463 1963 versarentur,

1886 1989 2222 2059 significans.
2255 1988 2520 2061 Deinceps
2579 1997 2703 2060 post
2754 1990 2917 2056 hanc,
2973 1991 3039 2046 de
3093 2007 3201 2061 qua
3258 1990 3467 2047 dictum

1885 2091 1988 2147 est,
2021 2091 2210 2136 contra
2248 2082 2371 2137 illos
2416 2084 2718 2137 immissam
2763 2098 2793 2135 a
2825 2082 2933 2137 Deo
2973 2085 3131 2150 iram,
3169 2100 3363 2140 rursus
3394 2083 3467 2139 ad

1888 2174 2009 2230 illos
2039 2175 2344 2245 spectantia
2388 2176 2623 2243 negotia,
2658 2177 3008 2244 persequitur
3039 2196 3051 2231 :
3084 2195 3101 2227 ι
3145 2175 3215 2230 Ut
3246 2176 3464 2242 ﬂuvius,

1888 2265 2086 2335 inquit,
2125 2265 2349 2337 Egypti
2411 2265 2723 2320 descendet.
2767 2284 2783 2317 ι
2824 2265 3034 2331 Quibus
3065 2266 3245 2320 verbis
3299 2266 3468 2336 signi-

1887 2357 2035 2411 ﬁcari
2074 2358 2328 2423 arbitror,
2379 2374 2498 2428 quae
2556 2359 2685 2412 olim
2737 2358 2990 2412 sublimia
3025 2368 3077 2411 et
3106 2358 3248 2429 apud
3299 2358 3465 2413 Deum

1884 2452 2217 2507 venerabilia
2252 2450 2473 2517 fuerint,
2499 2458 2552 2505 et
2584 2467 2705 2520 qua:
2748 2452 2905 2521 quasi
2934 2452 2986 2505 in
3020 2451 3239 2505 sublimi
3277 2452 3469 2518 posita:

1885 2542 2124 2597 Judaica‘.
2163 2544 2341 2614 gentis
2399 2544 2765 2613 praelationes,
2799 2558 2861 2598 ea
2897 2543 3096 2596 similia
3129 2550 3181 2596 et
3223 2540 3464 2604 ﬂuentis,

1886 2647 1941 2690 et
1996 2636 2162 2690 rebus
2212 2636 2493 2690 nationum
2550 2635 2653 2690 ﬂde
2714 2636 3054 2699 carentium,
3107 2636 3255 2689 lluvii
3294 2636 3469 2690 instar

1888 2727 2218 2792 labentibus,
2253 2743 2374 2783 esse
2423 2729 2825 2793 constituenda,
2862 2744 2925 2783 ac
2969 2728 3035 2783 de
3080 2728 3384 2783 subliiniori
3413 2729 3469 2783 in

1889 2820 2121 2875 inferius
2170 2837 2292 2876 esse
2323 2821 2734 2892 principitanda.
2762 2820 2968 2875 Deinde
3021 2830 3143 2891 post
3198 2821 3311 2877 haec
3352 2821 3473 2890 ipsa.

1888 2929 2009 2984 qua:
2060 2915 2207 2967 dicta
2239 2923 2399 2978 sunt,
2456 2914 2575 2985 ipso
2631 2916 2822 2969 ordine
2857 2929 2919 2967 ea
2972 2930 3094 2983 qua
3138 2914 3238 2981 sub
3292 2913 3469 2983 ipsum

1891 3008 2151 3067 salutaris
2213 3009 2487 3078 passionis
2525 3016 2737 3078 tempus
2791 3008 3105 3072 evenerint,
3168 3010 3418 3077 aperiens
3450 3025 3487 3071 :7

202 3100 339 3167 φῶς·
379 3121 400 3152 ι
436 3101 473 3154 ἃ
506 3102 600 3154 καὶ
639 3103 838 3172 ἐναργῆ
870 3104 969 3173 τὴν
1006 3102 1228 3157 ἔκϐασιν
1274 3103 1515 3174 εἴληφεν,
1562 3105 1669 3173 ὅτε
1693 3107 1785 3159 τοῦ

1896 3115 1914 3146 ι
1956 3095 2012 3149 lu
2049 3096 2160 3162 illo,
2197 3098 2393 3167 inquit,
2425 3098 2699 3167 die,dicit
2737 3098 3021 3165 Dominus,
3049 3100 3262 3154 occidet
3302 3102 3384 3154 sol
3414 3098 3471 3154 in

200 3192 454 3265 Σωτῆρος
490 3194 648 3265 ἡμῶν
684 3194 1023 3264 ὑψωθέντος,
1069 3195 1211 3249 κατά
1244 3196 1334 3249 τὸν
1373 3196 1783 3269 εὐαγγελιστὴν,

206 3303 224 3336 ι
244 3284 355 3337 ἀπὸ
390 3286 559 3354 ἕκτης
584 3283 732 3355 ὧρας
762 3285 951 3349 σκότος
973 3285 1187 3355 ἐγένετο
1220 3286 1310 3345 ἐπὶ
1336 3288 1515 3342 πᾶσαν
1546 3287 1645 3359 τὴν
1684 3288 1786 3359 γῆν

199 3378 298 3441 ἕως
326 3378 484 3450 ὧρας
515 3378 774 3448 ἐννάτης’
826 3378 951 3449 περὶ
978 3378 1035 3431 δὲ
1074 3379 1170 3449 τὴν
1211 3378 1438 3449 ἐννάτην
1498 3378 1647 3450 ὤραν
1695 3380 1786 3431 ἀν-

198 3469 434 3540 εϐόησεν
486 3471 516 3524 ὁ
586 3469 793 3536 Ἰησοῦς
840 3472 989 3540 φωνῇ
1045 3470 1292 3543 μεγάλῃ,
1357 3470 1560 3540 λέγων’
1604 3471 1784 3535 Ἠλεὶ,

211 3564 383 3627 Ἠλεὶ,
405 3563 602 3635 λαμμᾶ
618 3562 933 3633 σαϐαχθανί.
948 3581 965 3614 ι
993 3563 1208 3617 Τούτων
1237 3564 1295 3618 δὲ
1333 3565 1521 3619 τοῦτον
1536 3566 1778 3619 ἐπιτελε-

202 3656 447 3709 σθέντων
468 3655 561 3709 τὸν
577 3654 798 3725 τρόπον,
824 3653 950 3725 ἑξῆς
983 3655 1237 3725 ὲπιλέγεισ
1269 3658 1407 3711 «Καὶ
1430 3658 1790 3730 μεταστρέύω

197 3744 295 3807 τὰς
326 3743 528 3816 ἑορτὰς
569 3743 723 3815 ὑμῶν
772 3747 850 3809 είς
884 3744 1105 3808 πένθος,
1144 3747 1236 3799 καὶ
1282 3747 1460 3811 πάσας
1502 3748 1600 3813 τὰς
1648 3749 1791 3820 ᾠδὰς

201 3836 355 3907 ὑμῶν
410 3838 493 3899 είς
548 3835 782 3907 θρῆνον·
831 3837 925 3889 καὶ
974 3836 1216 3890 ἀναϐιϐὦ
1246 3839 1339 3891 ἐπὶ
1392 3841 1571 3894 πᾶσαν
1615 3842 1790 3911 ὀσφὺν

202 3929 431 3992 σάκκον,
472 3929 565 3989 καὶ
599 3927 692 3980 ἐπὶ
744 3930 921 3982 πᾶσαν
974 3928 1213 4001 κεφαλὴν
1266 3929 1641 4004 φαλάκρωμαο
1700 3936 1804 3999 καὶ,

202 4016 443 4089 θήσομαι
476 4018 640 4070 αὐτὸν
661 4057 675 4078 ,
720 4016 907 4089 ὥσπερ
956 4018 1151 4081 πένθος
1180 4020 1464 4092 ἀγαπητοῦ
1488 4061 1502 4082 ,
1537 4025 1631 4077 καὶ
1668 4025 1793 4089 τοὺς

204 4115 331 4189 μετ’⁸
358 4108 551 4167 αὐτοῦ.
586 4110 661 4173 ὡς
693 4111 907 4181 ἡμέραν
949 4110 1155 4182 ὀδύνης.
1195 4111 1326 4167 ’ἰδοὺ
1369 4115 1572 4186 ἡμέραι
1608 4114 1793 4187 ἔρχονη

201 4220 313 4265 ται,
333 4203 482 4270 λέγει
506 4202 730 4274 Κύριος,
763 4205 856 4255 κα)⁸
878 4202 1224 4267 ἐξαποστελῶ
1245 4203 1399 4275 λιμὸν
1434 4206 1526 4258 ἐπὶ
1554 4206 1653 4277 τὴν
1669 4208 1792 4277 γῆν,

200 4295 262 4347 οὐ
304 4296 466 4366 λιμὸν
506 4294 695 4365 ἄρτου,
743 4294 861 4347 οὐδὲ
895 4294 1053 4362 δίψαν
1089 4293 1296 4358 ὓδατος,
1332 4293 1464 4348 ἀλλὰ
1499 4295 1652 4367 λιμὸν
1700 4295 1794 4349 τοῦ

202 4384 437 4438 ἀκοῦσαι
458 4384 618 4453 λόγον
647 4384 871 4455 Κυρίου,
899 4403 915 4435 ι
940 4384 1033 4437 καὶ
1051 4384 1119 4438 τὰ
1135 4383 1279 4456 ἑξῆςο
1302 4384 1444 4457 ἆπερ
1460 4386 1693 4448 ἅπαντα,
1712 4386 1797 4445 διὰ

1892 3187 2140 3251 meridie,
2194 3196 2248 3242 et
2309 3187 2759 3243 obtenebrabitur
2798 3206 2964 3261 super
3009 3199 3208 3246 terram
3273 3190 3327 3245 in
3383 3189 3473 3245 die

1890 3282 2004 3341 lux,
2042 3301 2060 3333 ι
2092 3296 2213 3351 quas
2269 3296 2402 3335 sane
2450 3283 2750 3338 evidentem
2804 3285 3009 3340 exitum
3070 3285 3262 3339 sortita
3321 3291 3471 3349 sunt,

1892 3381 2024 3428 tunc
2049 3389 2172 3427 cum
2210 3371 2495 3429 Salvatore
2531 3376 2584 3428 in
2618 3377 2786 3429 altum
2818 3378 3055 3441 sublato,
3090 3385 3151 3430 ut
3198 3384 3282 3429 est
3328 3373 3481 3444 apud.

1890 3468 2280 3539 evangelistam
2302 3510 2317 3533 ,
2348 3486 2366 3518 ι
2409 3469 2454 3520 Α
2484 3477 2636 3524 sexta
2691 3469 2825 3525 hora
2857 3471 3095 3525 tenebrre
3148 3469 3302 3524 facta:
3343 3477 3475 3524 sunt

1893 3576 2056 3630 super
2090 3562 2400 3617 universam
2455 3568 2655 3615 terram
2693 3578 2867 3631 usque
2901 3563 2969 3617 ad
3004 3563 3192 3623 horam
3248 3576 3477 3627 nonam;

1892 3662 1949 3707 et
1965 3656 2111 3707 circa
2143 3654 2331 3707 horam
2368 3670 2567 3709 nonam
2589 3656 2915 3709 exclamavit
2933 3654 3096 3712 Jesus
3125 3672 3257 3711 voce
3279 3671 3476 3725 magna

1894 3746 2081 3801 dicens
2110 3766 2121 3800 :
2158 3745 2260 3810 Eli,
2290 3744 2394 3811 Eli,
2428 3747 2626 3800 lamina
2657 3748 3017 3802 sabacbthani
3041 3748 3108 3801 ⁸³.
3130 3767 3149 3800 ι
3189 3747 3319 3813 Qua:
3348 3763 3475 3802 cum

1894 3840 1950 3893 in
1995 3839 2139 3899 hunc
2173 3837 2395 3892 modum
2432 3854 2592 3894 suum
2636 3838 2795 3894 linem
2832 3840 3182 3911 contigerint,
3216 3840 3477 3910 deinceps

1896 3930 2144 4001 adiungit
2203 3948 2218 3985 :
2276 3949 2294 3981 ι
2364 3929 2429 3984 Et
2485 3940 2797 3985 convertam
2862 3931 3124 3985 solemnia
3182 3938 3364 3985 vestra
3418 3934 3476 3985 in

1897 4023 2127 4084 luctum,
2172 4032 2227 4078 et
2278 4023 2463 4078 omnia
2512 4024 2725 4077 cantica
2756 4032 2935 4078 vestra
2970 4024 3026 4077 in
3065 4024 3386 4085 Iumentum,
3422 4031 3478 4085 et

1898 4114 2156 4170 inducam
2210 4128 2374 4184 super
2412 4129 2627 4169 omnem
2667 4115 2908 4169 lumbum
2948 4128 3190 4177 saccum,
3227 4120 3282 4168 ct
3314 4129 3483 4184 super~

1899 4218 2060 4259 omne
2095 4212 2260 4275 caput
2290 4205 2585 4269 calvitiem,
2622 4213 2676 4261 et
2706 4221 2902 4275 ponam
2934 4222 3055 4260 eum
3087 4206 3232 4260 sicut
3271 4206 3477 4263 luctum

1900 4296 2104 4359 dilecti,
2141 4306 2195 4351 et
2228 4313 2322 4353 eos
2351 4297 2442 4367 qui
2478 4312 2603 4350 cum
2638 4297 2755 4367 ipso
2791 4296 3027 4361 fuerint,
3064 4304 3122 4349 ut
3152 4296 3293 4353 diem
3325 4296 3483 4352 dolo-

1902 4388 1999 4442 ris.
2054 4386 2192 4442 Ecce
2224 4388 2340 4444 dies
2381 4388 2641 4454 veniunt,
2684 4389 2818 4443 dicit
2848 4387 3133 4451 Dominus,
3167 4397 3222 4442 et
3266 4390 3480 4442 mittam

200 4480 303 4548 τὴν
322 4477 701 4551 ὑπερηφανίαν
731 4477 908 4530 αὐτῶν
933 4478 1029 4548 τὴν
1046 4476 1184 4531 κατά
1206 4476 1300 4530 τοῦ
1321 4478 1555 4550 Χριστοῦ
1578 4495 1798 4551 γεγενη-

1900 4477 2096 4533 famem
2128 4490 2294 4550 super
2324 4489 2547 4544 terram,
2567 4496 2674 4535 non
2708 4479 2903 4533 famem
2934 4482 3109 4549 panis,
3134 4495 3308 4549 neque
3336 4479 3483 4533 sitim

205 4572 381 4643 μένην
404 4569 622 4624 ἔσεσθαι
646 4569 1107 4641 προφητευθέντα,
1122 4570 1325 4642 ἐναργῆ
1342 4570 1437 4642 τὴν
1451 4570 1673 4624 ἔκϐασιν
1697 4571 1796 4642 τῆς

204 4664 570 4736 προρρήσεως
621 4662 942 4728 ἀπεδείξατο
977 4662 1116 4733 μετά
1144 4662 1243 4735 τὴν
1269 4663 1410 4717 κατά
1464 4664 1558 4718 τοῦ
1610 4665 1794 4736 Σωτῆ-

210 4773 306 4823 ρος
345 4755 499 4826 ἡμῶν
528 4753 821 4825 ἐπιϐουλὴν
851 4752 1143 4807 αὐτῶν.οὐ
1167 4754 1433 4825 πρότερον
1485 4754 1635 4823 γοῦν,
1682 4754 1794 4809 ἀλλ’

208 4848 269 4913 ἒξ
307 4845 515 4900 ἐκείνου
556 4846 648 4900 καὶ
674 4847 753 4909 εἰς
797 4844 956 4917 δεῦρο
987 4845 1348 4917 μετέστρεψεν
1381 4846 1561 4899 αὐτῶν
1605 4849 1641 4899 όν
1664 4846 1795 4911 Θεὸς

208 4944 313 5005 τὰς
344 4943 532 5013 ἑορτὰς
552 4943 633 5005 είς
668 4940 878 5004 πένθος,
912 4940 1005 4994 καὶ
1035 4939 1136 5003 τὰς
1163 4940 1307 5011 ᾠδὶς
1340 4942 1418 5005 είς
1450 4941 1665 5012 θρῆνον,
1697 4941 1794 5012 τῆς

211 5033 543 5105 περιδοήτου
588 5034 970 5106 μητροπόλεως
1016 5034 1396 5105 ἀποστερήσας
1450 5032 1667 5095 αὐτοὺς,
1704 5033 1798 5085 καὶ

213 5127 279 5179 τὸ
305 5129 364 5179 ὲν
391 5127 520 5199 αὐτῇ
558 5127 752 5198 σεμνὸν
779 5126 1046 5197 ἀγίασμα,
1083 5125 1222 5179 κατᾶ
1250 5124 1348 5195 τὴν
1390 5125 1482 5176 ἐπὶ
1511 5124 1669 5176 Τίτου
1705 5124 1797 5176 καὶ

214 5217 630 5277 οὐεσπασιανοῦ
687 5219 971 5290 Ῥωμαίων
1039 5218 1452 5289 αὐτοκρατόρων
1503 5218 1799 5287 ἡγεμονίαν

216 5309 482 5373 καθελὼν,
510 5312 586 5374 ὡς
619 5312 756 5383 μηδὲ
793 5310 1045 5375 ἐλθόντας
1085 5308 1351 5363 δύνασθαι
1374 5308 1461 5361 ἐπ’
1493 5308 1660 5379 αὐτῆς
1688 5304 1802 5372 τὰς

218 5404 477 5472 ὲτνόμους
518 5402 715 5476 ἑορτὰς
762 5405 854 5456 καὶ
914 5401 1249 5473 πανηγύρεις
1298 5399 1583 5453 ἐπιτελεῖν.
1615 5400 1679 5453 Τί
1723 5400 1804 5453 δεῖ

216 5493 422 5558 λέγειν,
447 5498 517 5558 ὡς
547 5497 575 5548 ὁ
605 5495 764 5566 λιμὸς
791 5493 884 5546 τοῦ
912 5494 1139 5547 ἀκοῦσαι
1166 5491 1321 5560 λόγον
1356 5492 1562 5564 Κυρίου
1595 5492 1802 5555 πάντας

220 5589 423 5651 αὐτοὺς
456 5588 735 5659 μετῆλθεν.
774 5587 886 5640 ἀνθ’
921 5579 995 5641 ὧν
1033 5585 1298 5656 ἐξήλασαν
1332 5584 1539 5636 ἑαυτῶν
1566 5584 1659 5635 τὸν
1709 5586 1800 5637 τοῦ

305 5767 349 5797 ⁸⁸
384 5770 541 5829 Amos
573 5785 666 5823 vui
696 5809 708 5831 ,
748 5766 895 5821 7-12.
979 5768 1021 5799 "
1062 5764 1245 5818 Matth.
1294 5780 1477 5831 xxvii,
1516 5763 1704 5830 45,46.

1904 4586 2077 4641 aquae,
2113 4572 2209 4627 sed
2242 4571 2435 4627 famem
2473 4572 2725 4626 audiendi
2782 4571 3012 4626 verbum
3070 4570 3322 4634 Domini,
3378 4592 3394 4622 ι
3428 4577 3495 4625 et,

1903 4678 2025 4733 quae
2048 4671 2355 4733 sequuntur
2385 4683 2397 4718 :
2435 4679 2554 4733 qum
2584 4664 2801 4733 quidem
2833 4663 3016 4719 omnia
3047 4672 3268 4734 propter
3293 4678 3482 4732 super-

1902 4756 2051 4811 biam
2104 4757 2370 4827 ipsorum,
2420 4774 2525 4827 qua
2568 4758 2833 4814 adversus
2870 4756 3147 4813 Christum
3201 4757 3284 4810 usi
3330 4762 3502 4820 sunt,

1904 4850 2169 4903 divinitus
2196 4849 2473 4920 praedicta,
2506 4849 2809 4905 evidentem
2833 4848 3038 4902 oraculi
3066 4847 3271 4902 exitum
3297 4853 3485 4901 ostene

1904 4941 2123 5004 derunt,
2143 4950 2264 5011 post
2299 4941 2541 5010 ipsorum
2571 4941 2833 4995 adversus
2867 4938 3202 4993 Salvatorem
3234 4944 3482 4993 nostrum

1906 5032 2156 5088 insidias.
2194 5031 2313 5087 Non
2360 5049 2490 5105 ergo
2536 5042 2663 5087 ante
2701 5033 2833 5087 illud
2888 5039 3131 5101 tempus,
3165 5031 3258 5086 sed
3292 5045 3357 5084 ex
3390 5030 3482 5084 illo

1907 5132 2154 5194 tempore
2186 5125 2239 5177 in
2299 5123 2444 5177 hunc
2478 5138 2652 5193 usque
2686 5122 2828 5177 diem
2875 5121 3139 5178 solemnia
3175 5120 3390 5174 illorum
3428 5119 3484 5173 in

1904 5218 2111 5270 luctum
2143 5216 2413 5270 convertit
2464 5214 2624 5277 Deus,
2658 5222 2712 5271 et
2760 5215 2971 5269 cantica
3015 5213 3070 5267 in
3127 5214 3422 5267 lamentum
3465 5233 3489 5279 :5

1906 5308 2108 5378 quippe
2138 5307 2231 5377 qui
2288 5307 2412 5362 illos
2440 5306 2795 5364 celeberrima
2838 5305 3059 5359 civitate
3088 5303 3400 5375 privaverit,
3433 5309 3485 5357 et

1907 5398 2217 5453 venerabile
2270 5399 2401 5454 illud
2451 5398 2824 5455 sanctuarium
2884 5396 3027 5466 quod
3084 5397 3136 5450 in
3192 5396 3283 5450 illa
3343 5402 3484 5460 erat,

1905 5490 2069 5564 487
2096 5491 2221 5548 Tito
2251 5509 2315 5548 ac
2341 5492 2685 5564 Vespasiano
2713 5490 2857 5561 apud
2890 5489 3170 5546 Romanos
3214 5493 3485 5561 imperan-

1908 5586 2079 5652 tibus,
2113 5588 2392 5655 everterit,
2428 5602 2600 5659 usque
2632 5584 2767 5641 adeo
2800 5596 2855 5641 ut
2885 5600 2991 5641 non
3036 5584 3273 5654 amplius
3302 5582 3487 5640 venirt
