3936 6208
426 181 532 238 755

1069 156 1376 236 essent!
1414 176 1896 236 cessaremus
1936 174 2092 235 opp.
2133 174 2317 232 mus
2355 173 2419 232 ιι.
2457 206 2530 216 -
2563 171 3063 231 APOLOGE'I‘ICA.

3580 167 3689 224 751

420 310 478 361 et
516 301 797 359 celebrare
840 300 896 356 in
938 314 1001 356 ea
1030 299 1268 370 legitima
1315 299 1605 363 solemnia,
1638 306 1689 353 et
1734 296 1993 361 legitimos

2106 293 2243 349 Θεοῦ
2290 294 2484 364 Λόγον,
2517 293 2858 367 ὁμοθυμαδὸν
2915 292 3078 347 αὑτὸν
3136 289 3539 362 ἀρνησάμενοι,
3592 286 3696 344 καὶ

420 402 728 451 conventus
759 392 994 464 possint.
1025 390 1315 454 Czeterum,
1347 391 1479 463 quid
1512 406 1655 462 opus
1682 397 1768 445 est
1796 388 2002 456 dicere,

2111 385 2518 458 ἀπαρνηθέντις
2550 385 2641 439 ὑπ’
2670 384 2869 453 abeat”);

420 485 884 558 quemadmodum
941 482 1115 540 fames
1158 484 1416 540 audiendi
1454 483 1680 540 verbum
1712 480 1951 561 Domini,
1988 492 2184 533 omnes
2215 477 2341 534 illos
2376 479 2679 535 invaserit?
2703 491 2991 551 propterea
3022 477 3167 550 quod
3202 477 3390 550 procul
3420 492 3454 532 ο
3488 477 3700 548 seipsis

420 578 518 636 Dei
550 575 790 634 Verbum
832 577 1133 647 exegerint.
1164 592 1291 632 cum
1339 577 1472 632 illud
1507 592 1618 632 uno
1652 575 1838 631 animo
1877 579 2232 643 negaverunt,
2262 582 2316 628 et
2344 572 2414 629 ab
2441 573 2632 631 eodem
2656 574 2838 645 negati
2867 580 3017 630 sunt.

419 716 462 771 Α
499 714 792 774 Zacltaria,
825 744 897 758 —-
925 713 1063 799 Item
1084 714 1151 798 de
1176 716 1307 799 κηρία
1328 715 1560 799 defectu,
1592 726 1641 771 et
1672 714 1741 769 de
1773 723 2003 799 tempore

909 786 1170 841 salutaris
1211 785 1514 843 Passionis.

493 1010 514 1044 ι
552 988 623 1046 Et
669 989 925 1046 adveniet
982 988 1246 1046 Dominus
1297 988 1444 1046 Deus
1494 1003 1671 1057 meus,
1718 995 1774 1045 et
1809 1002 2002 1044 omnes

415 1086 595 1143 sancti
623 1099 751 1140 cum
781 1099 885 1150 eo;
921 1083 979 1139 in
1008 1083 1097 1140 die
1143 1084 1235 1139 illa
1259 1100 1373 1139 non
1417 1084 1524 1140 erit
1546 1084 1664 1148 lux,
1701 1090 1757 1140 et
1798 1081 1997 1154 frigus,

412 1185 472 1235 et
501 1177 625 1250 gelu
673 1175 780 1233 erit
803 1176 859 1231 in
899 1191 1011 1231 uno
1038 1176 1148 1241 die,
1183 1186 1240 1232 et
1261 1177 1383 1233 dies
1412 1177 1504 1232 ille
1533 1183 1701 1233 notus
1741 1173 1998 1242 Domino,

411 1276 473 1327 et
499 1282 680 1338 neque
705 1267 844 1330 dies,
881 1282 1067 1338 neque
1091 1282 1224 1333 nox,
1256 1268 1326 1323 ad
1349 1283 1635 1339 vesperam
1664 1268 1769 1323 erit
1800 1266 1914 1334 lux,
1944 1273 1999 1321 et

413 1361 476 1418 in
498 1360 589 1418 die
613 1360 709 1416 illa
735 1360 1053 1431 egredietur
1088 1354 1229 1432 aqua
1290 1361 1415 1416 viva
1435 1360 1505 1417 de
1531 1359 1864 1425 Jerusalem,
1908 1357 1998 1413 di-'

412 1452 646 1509 midium
674 1452 797 1523 ejus
825 1451 884 1507 in
916 1467 1068 1509 mare
1095 1453 1358 1524 primum,
1383 1461 1435 1510 et
1472 1453 1760 1508 dimidium
1791 1452 1912 1523 ejus
1940 1452 2000 1506 in

412 1558 569 1600 mare
614 1552 946 1609 extremum,
983 1544 1039 1599 in
1076 1552 1270 1600 aestate
1291 1553 1346 1600 et
1390 1545 1446 1600 in
1491 1559 1621 1601 vere
1657 1545 1763 1600 erit
1810 1545 1909 1610 sic,
1944 1549 2002 1599 et

2123 711 2279 785 ἈσιξύΔ
2309 712 2418 767 τοῦ
2454 715 2772 785 Ζαχαρίου.
2796 744 2868 785 -τ-
2897 715 3025 769 Ἔτι
3067 716 3197 784 περὶ
3220 714 3333 783 τῆς
3359 715 3703 785 ἐκλείψεως

2177 781 2288 837 τοῦ
2333 781 2684 865 ήβίουξκαι
2733 784 2844 840 τοῦ
2872 786 3023 842 κατὰ
3056 781 3460 857 τόσωτῆριον
3495 781 3701 852 iam

2182 871 2416 924 καιρου.

2187 990 2207 1024 ι
2236 971 2346 1025 Καὶ
2394 973 2663 1045 παρέσται
2702 973 2905 1046 Κύριος
2935 975 2964 1029 ό
3013 973 3148 1039 Θεός
3180 993 3305 1048 μου,
3345 977 3441 1030 καὶ
3485 977 3701 1040 πάντες

2106 1064 2159 1117 οἱ
2191 1062 2339 1133 ἅγιοι
2371 1064 2490 1135 μετ’
2527 1063 2713 1120 αὐτοῦ.
2749 1066 2838 1120 Ἔν
2866 1066 3053 1140 ἐκείνῃ
3082 1069 3149 1138 τῇ
3179 1067 3363 1139 ἡμέρᾳ
3388 1067 3489 1121 οὐκ
3534 1067 3701 1122 ἔσται

2107 1156 2244 1226 φῶς,
2270 1157 2364 1211 καὶ
2388 1156 2559 1228 ψῦχος
2584 1159 2678 1213 καὶ
2716 1159 2889 1228 πάγος
2921 1159 3071 1213 ἔσται
3103 1159 3231 1231 μίαν
3265 1160 3497 1231 ἡμέραν.
3516 1160 3635 1213 Καὶ
3658 1162 3699 1231 ἡ

2103 1251 2288 1324 ἡμέρα
2315 1251 2499 1325 εκείνη
2531 1253 2746 1324 γνωστὴ
2772 1251 2850 1323 τῷ
2871 1252 3081 1325 Κυρίῳ,
3116 1254 3210 1307 καὶ
3237 1254 3335 1324 οὐχ
3369 1253 3578 1325 ἡμέρα,
3600 1254 3702 1307 καὶ

2104 1346 2167 1399 οὑ
2193 1344 2311 1412 νὺξ,
2342 1346 2406 1401 τὸ
2425 1348 2561 1419 πρὸς
2587 1349 2827 1420 ἑσπέραν
2852 1346 3002 1402 ἔσται
3031 1347 3167 1418 φῶς.
3186 1348 3298 1401 Καὶ
3320 1349 3380 1400 ὲν
3403 1349 3476 1419 τῇ
3502 1348 3701 1419 ἡμέρᾳ

2107 1441 2293 1516 ἐκείνῃ
2310 1439 2652 1505 ἐξελεύσεται
2675 1442 2817 1515 ὕδωρ
2837 1442 2944 1508 ζῶν
2963 1441 3023 1508 ἐξ
3048 1442 3420 1515 Ἰερουσαλὴμ,
3437 1442 3499 1496 τὸ
3516 1444 3701 1514 ἥμισυ

2107 1538 2274 1593 αὐτοῦ
2307 1542 2390 1604 εἰς
2429 1540 2530 1612 τὴν
2562 1537 2835 1593 θάλασσαν
2864 1537 2969 1610 τὴν
3009 1537 3254 1609 πρώτην,
3288 1537 3382 1590 καὶ
3423 1537 3486 1589 τὸ
3516 1536 3699 1607 ἣμισυ

412 1637 518 1692 erit
549 1634 815 1691 Dominus
844 1635 901 1690 in
930 1651 1113 1707 regem
1142 1652 1305 1708 super
1336 1640 1648 1693 universam
1670 1645 1906 1703 terram;
1941 1636 1993 1692 in

2106 1633 2274 1688 αὐτοῦ
2305 1636 2389 1698 εἰς
2418 1635 2521 1707 τὴν
2551 1632 2829 1688 θάλασσαν
2870 1632 2970 1705 τὴν
2996 1631 3247 1702 ἐσχάτην.
3286 1630 3373 1683 Ἑν
3407 1628 3567 1702 θέρει
3602 1630 3697 1683 καὶ

412 1730 505 1786 die
536 1730 630 1785 illa
661 1731 768 1786 erit
820 1727 1091 1785 Dominus
1122 1746 1287 1791 unus.
1318 1738 1374 1786 et
1415 1746 1614 1786 nomen
1653 1731 1775 1801 ejus
1803 1747 1998 1798 unum,

412 1822 665 1879 ambiens
714 1836 934 1878 omnem
979 1831 1185 1878 terram
1229 1831 1285 1879 et
1330 1824 1766 1881 solitudinem".
1820 1846 1840 1879 ι
1873 1825 2002 1884 Haec

409 1929 633 1985 quoque
657 1913 713 1968 in
745 1912 981 1969 adventu
1006 1913 1309 1971 Salvatoris
1337 1916 1515 1970 nostri
1531 1917 1802 1988 completa
1826 1928 1956 1974 sunt
1981 1939 1997 1975 :

410 2021 537 2063 cum
572 2006 814 2072 advenit,
846 2008 965 2063 sive
1006 2024 1131 2064 cum
1179 2009 1297 2066 suis
1346 2011 1523 2066 sacris
1563 2012 1850 2082 apostolis,
1882 2013 2001 2070 sive

410 2116 536 2156 cum
581 2101 700 2157 suis
743 2101 973 2167 sanctis,
999 2102 1202 2158 divinis
1232 2103 1487 2159 videlicet
1533 2105 1860 2175 quibusdam
1894 2122 1998 2177 po-

408 2193 705 2247 testatibus
733 2200 789 2247 ct
821 2192 1167 2264 incorporeis
1193 2194 1502 2265 spiritibus,
1544 2211 1758 2253 necnon
1789 2198 1999 2270 angelis

406 2291 466 2339 et
498 2284 773 2341 ministris
819 2285 959 2354 suis,
991 2285 1059 2342 de
1089 2287 1292 2358 quibus
1345 2288 1552 2345 dictum
1598 2297 1683 2347 est
1716 2290 1773 2346 in
1822 2291 1998 2348 sacris

407 2375 747 2449 Evangeliis,
767 2380 914 2451 quod
936 2379 1126 2450 utique
1149 2379 1218 2434 ad
1243 2380 1396 2436 illum
1424 2382 1761 2439 accesserint
1794 2383 1995 2455 angeli,

407 2480 465 2530 et
500 2474 579 2528 illi
611 2473 1067 2530 ministraverint.
1100 2472 1274 2529 Porro
1307 2485 1488 2531 autem
1524 2476 1614 2532 die
1645 2477 1739 2531 illo
1773 2476 1877 2548 (sic
1898 2491 1999 2531 au-

409 2573 521 2622 tem
545 2581 718 2622 sacrae
747 2566 944 2623 littera:
995 2577 1403 2624 consueverunt
1452 2583 1617 2624 omne
1658 2576 1873 2640 tempus
1896 2584 1995 2624 vo-

407 2671 559 2720 care,
591 2671 704 2725 quo
729 2656 823 2712 ille
855 2657 1008 2713 inter
1024 2657 1275 2713 homines
1305 2668 1563 2713 versatus
1588 2659 1695 2730 est)
1731 2675 1838 2713 una
1868 2674 1994 2715 cum

408 2748 535 2804 aliis
577 2748 1026 2839 praedictionibus
1079 2749 1245 2805 etiam
1302 2751 1448 2821 quod
1504 2767 1651 2807 nunc
1705 2759 1992 2818 tractatur,

406 2840 693 2897 oraculum
714 2842 1046 2914 completum
1076 2852 1183 2909 est,
1210 2859 1335 2900 cum
1362 2845 1551 2917 utique
1575 2846 1680 2902 sub
1703 2846 1850 2905 illius
1868 2864 1997 2919 pas-

2103 1729 2163 1781 ἔν
2189 1726 2311 1800 ἔαρι
2344 1727 2495 1781 ἔσται
2524 1724 2718 1790 οὕτως.
2755 1727 2864 1780 Καὶ
2894 1725 3046 1779 ἔσται
3099 1724 3303 1796 Κύριος
3342 1726 3424 1787 είς
3460 1722 3696 1793 βασιλέα

2100 1822 2194 1875 ἐπὶ
2224 1822 2407 1877 πᾶσαν
2442 1820 2545 1893 τὴν
2568 1820 2694 1892 γῆν.
2738 1820 2828 1875 Ἐν
2857 1823 2925 1892 τῇ
2962 1818 3148 1891 ἡμέρα
3178 1818 3360 1891 ἐκείνη
3390 1817 3551 1873 ἕσται
3580 1817 3697 1871 K6-

2103 1933 2219 1988 ριος
2240 1909 2343 1989 εἷς,
2376 1916 2470 1969 καὶ
2495 1915 2558 1969 τὸ
2587 1914 2760 1986 ὄνομα
2786 1913 2952 1969 αὑτοῦ
2993 1912 3075 1977 ἓν,
3105 1911 3341 1967 κυκλοῦν
3374 1913 3563 1966 πᾶσαν
3593 1912 3697 1984 τὴν

2099 2011 2205 2083 γῆν
2237 2011 2333 2065 καὶ
2349 2010 2451 2083 τὴν
2477 2007 2705 2082 ἔρημον.
2733 2028 2753 2061 ι
2790 2008 2901 2062 Καὶ
2924 2005 3098 2061 ταῦτα
3124 2006 3217 2060 ἐπὶ
3241 2007 3342 2077 τῆς
3383 2006 3698 2077 παρουσξας

2098 2103 2193 2159 τοῦ
2223 2104 2500 2179 ,Σωτῆρος
2531 2102 2688 2175 ἡμῶν
2748 2101 3080 2177 ἐπληροῦτο,
3128 2102 3193 2174 ῆν
3242 2102 3541 2173 ἐποιήσατο
3572 2101 3695 2171 ἦτοι

2102 2197 2241 2270 μετὰ
2270 2196 2380 2251 τῶν
2431 2194 2593 2269 ἱερῶν
2625 2195 2939 2250 ἀποστόλων
2985 2194 3151 2249 αὐτοῦ
3184 2195 3278 2248 καὶ
3312 2193 3580 2266 μαθητῶν
3598 2233 3614 2258 ,
3654 2194 3691 2265 η

2102 2289 2239 2363 μετὰ
2267 2290 2376 2345 τῶν
2409 2290 2579 2360 ἁγίων
2607 2287 2774 2344 αὐτοῦ
2793 2329 2809 2355 ,
2860 2287 3022 2342 θείων
3061 2289 3224 2343 τινῶν
3267 2288 3556 2360 δυνάμεων
3594 2290 3694 2345 και

2097 2384 2404 2456 ἀσωμάτων
2433 2381 2761 2455 πνευμάτων
2782 2422 2798 2445 ,
2841 2380 3088 2451 ἀγγέλων
3112 2397 3171 2434 τε
3218 2379 3315 2434 καὶ
3350 2380 3693 2452 λειτουργῶν

2096 2475 2286 2541 αὑτοῦ,
2314 2477 2443 2550 περὶ
2486 2470 2562 2532 ὧν
2605 2475 2819 2547 εἴρηται
2853 2477 2912 2530 ὲν
2955 2477 3069 2539 τοῖς
3101 2475 3265 2546 ἱεροῖς
3305 2472 3691 2543 Εὑαγγελίοις,

2094 2570 2179 2624 ὄτι
2203 2589 2222 2621 ι
2250 2568 2553 2644 προσῆλθον
2576 2568 2726 2641 αὐτῷ
2754 2566 2998 2638 ἄγγελοι,
3038 2566 3136 2621 καὶ
3155 2566 3438 2638 διηκόνουν
3463 2564 3632 2636 αὐτῷ.
3662 2584 3687 2617 ι

2095 2660 2252 2715 Κατὰ
2277 2660 2335 2714 δι
2358 2662 2458 2734 τὴν
2484 2661 2700 2734 ἡμέραν
2731 2659 2946 2731 εκείνην
2975 2657 3157 2731 (οὕτω
3178 2657 3235 2712 δὲ
3281 2657 3437 2728 φίλον
3467 2659 3693 2712 ἀποκα-

2094 2753 2208 2808 λεῖν
2232 2756 2298 2827 τῇ
2325 2755 2446 2826 ἱερᾷ
2470 2746 2657 2827 Γραφῇ
2688 2752 2867 2806 πάντα
2901 2751 2993 2807 τὸν
3020 2751 3214 2825 χρόνον
3244 2751 3342 2823 τῆς
3376 2753 3438 2805 ὲν
3471 2749 3693 2821 ἀνθρὼ-

2095 2863 2217 2911 ποις
2248 2845 2411 2901 αὐτοῦ
2439 2846 2719 2920 διατριϐῆς
2748 2849 2766 2917 )
2816 2846 3122 2919 ἐπληροῦτο
3162 2846 3300 2917 μετὰ
3361 2844 3474 2898 τῶν
3505 2843 3691 2900 ἄλλων

406 2933 584 2991 sionis
623 2943 837 3007 tempus
869 2935 939 2992 ab
987 2936 1123 2992 hora
1170 2944 1325 2992 sexta
1376 2938 1617 2994 tenebrae
1659 2936 1817 2995 factae
1865 2950 1993 2997 sunt

2102 2939 2456 3012 προρρήσεων
2486 2940 2581 2994 καὶ
2608 2939 2678 2992 τὰ
2704 2942 2762 2993 ὲν
2793 2939 2951 3011 χερσὶ
2979 2936 3406 3008 τεθεσπισμένα,
3445 2934 3689 3006 ὁπηνίκα

405 3040 577 3098 super
605 3029 916 3085 universam
950 3037 1153 3085 terram
1200 3047 1378 3103 usque
1429 3032 1497 3088 ad
1530 3031 1722 3088 horam
1767 3047 1989 3089 nonam.

2102 3030 2249 3105 παρὰ
2271 3031 2361 3086 τὸν
2376 3031 2472 3086 τοῦ
2503 3032 2706 3098 πάθους
2737 3033 2902 3089 αὐτοῦ
2937 3033 3151 3105 καιρὸν,
3193 3031 3301 3085 άπὸ
3336 3030 3493 3104 ὥρας
3517 3031 3695 3101 ἕκτης

405 3117 488 3176 Ex
542 3136 654 3191 quo
705 3121 788 3177 sic
820 3123 898 3178 ait
957 3124 1245 3196 prophetia
1281 3144 1293 3179 :
1328 3145 1346 3177 ι
1383 3122 1443 3179 ln
1475 3124 1565 3180 die
1612 3126 1703 3180 illa
1733 3141 1842 3181 non
1885 3128 1992 3182 erit

2102 3127 2287 3191 σκότος
2307 3126 2526 3196 ἐγένετο
2548 3125 2643 3180 ἐπὶ
2665 3131 2851 3181 πᾶσαν
2866 3125 2964 3197 τὴν
2993 3127 3095 3197 γῆν
3121 3126 3226 3189 ἓως
3250 3123 3400 3195 ὥρας
3431 3124 3680 3195 ἐννάτης.

403 3212 520 3268 lux.
559 3232 579 3266 ι
613 3212 679 3269 Et
710 3230 944 3272 rursus:
979 3235 998 3268 ι
1040 3214 1107 3271 Et
1150 3224 1329 3289 neQue
1356 3219 1495 3282 dies,
1528 3233 1707 3289 neque
1758 3235 1889 3284 nox,
1920 3220 1991 3275 ad

2102 3216 2185 3268 Διό
2219 3230 2382 3289 φησιν
2417 3218 2451 3288 ἡ
2487 3217 2825 3289 προφητείαν
2853 3235 2872 3269 ι
2906 3217 2994 3270 Ἐν
3025 3218 3091 3286 τῇ
3135 3214 3318 3286 ἡμέρᾳ.
3351 3213 3542 3285 ἐκείνῃ
3582 3214 3688 3265 οὐκ

401 3317 690 3371 vesperam
717 3304 826 3360 erit
856 3305 970 3372 lux,
1007 3324 1028 3358 ι
1063 3307 1265 3377 quibus
1308 3308 1494 3364 verbis
1529 3309 1818 3380 perspicue
1849 3310 1991 3365 iudi-

2102 3309 2246 3363 ἔσται
2282 3309 2427 3379 φῶς·
2454 3327 2474 3361 ι
2514 3310 2607 3363 καὶ
2648 3309 2810 3364 πάλιν
2834 3326 2849 3341 ·
2885 3328 2905 3361 ι
2946 3308 3057 3363 Καὶ
3089 3309 3189 3378 οὐχ
3233 3306 3436 3379 ἡμέρα,
3476 3306 3577 3359 καὶ
3618 3306 3685 3360 οὗ

402 3396 517 3450 cari
547 3405 677 3467 puto
703 3396 851 3453 illius
883 3401 1145 3470 temporis
1194 3400 1591 3465 conditionem,
1632 3417 1757 3456 cum
1799 3400 1992 3457 Salva-

2102 3400 2209 3467 νὺξ,
2234 3401 2295 3454 τὸ
2323 3402 2459 3474 πρὸς
2491 3402 2729 3476 ἑσπέραν
2761 3401 2913 3456 ἔσται
2947 3400 3097 3471 φῶςο
3126 3419 3146 3451 ι
3178 3400 3245 3454 δι’
3276 3393 3353 3454 ὧν
3380 3397 3685 3452 λευκότατα

402 3498 529 3543 tore
570 3497 761 3543 nostro
801 3490 969 3545 altius
1014 3491 1231 3546 sublato
1261 3492 1317 3547 in
1360 3492 1479 3564 ipsa
1508 3493 1618 3548 diei
1651 3494 1791 3559 luce,
1820 3493 1990 3567 488

2102 3494 2330 3566 ἡγοῦμαι
2367 3498 2465 3567 τὴν
2494 3495 2592 3550 τοῦ
2624 3495 2818 3569 καιροῦ
2868 3495 3238 3557 κατάστασιν,
3268 3495 3327 3547 ἐν
3351 3486 3398 3561 ᾧ
3436 3492 3535 3547 τοῦ
3570 3493 3689 3546 Σω-

402 3592 514 3633 ιιοι
565 3578 636 3634 ab
683 3579 818 3634 liora
861 3591 1014 3636 sexta
1056 3582 1131 3647 id,
1166 3584 1311 3654 quod
1367 3585 1577 3639 circum
1636 3598 1837 3641 terram
1879 3594 1985 3659 est,

2102 3589 2254 3659 εῆρος
2276 3586 2673 3659 ἀνυψωθέντος,
2696 3588 2792 3642 καὶ
2813 3587 3024 3660 ἡμέρας
3053 3585 3240 3658 οὔσης,
3261 3584 3357 3652 νὺξ
3388 3585 3499 3639 ἀπὸ
3528 3584 3687 3657 ὥρας

400 3671 640 3727 obtinuit
660 3689 837 3745 usque
864 3674 933 3729 ad
961 3674 1150 3730 horam
1183 3692 1406 3734 nonam.
1438 3676 1571 3733 Post
1598 3694 1761 3750 quam
1792 3694 1987 3736 rursus

2102 3681 2255 3753 ἕκτης
2279 3682 2343 3735 τὸ
2364 3683 2616 3755 περιέχον
2648 3682 2872 3753 συνέσχε
2896 3681 3057 3754 μέχρι
3072 3681 3173 3752 τῆς
3197 3680 3443 3750 ἐννάτης,
3470 3679 3597 3751 μεθ’
3614 3679 3686 3748 ῆν

399 3762 781 3824 desinentibus
815 3768 1076 3835 tenebris,
1109 3769 1228 3826 dies
1254 3783 1306 3826 et
1338 3772 1427 3826 lux
1464 3787 1682 3828 reversa
1704 3781 1788 3828 est
1822 3793 1835 3828 :
1864 3784 1988 3844 post

2102 3770 2244 3838 ιῦθις
2273 3773 2367 3828 τοῦ
2389 3775 2615 3839 σκότους
2642 3773 3028 3838 διαλείποντος,
3045 3773 3226 3845 ἡμέρα
3252 3771 3345 3826 καὶ
3367 3769 3487 3840 φῶς
3507 3769 3687 3840 ἐγίνεο

397 3872 530 3932 quur
554 3875 752 3917 rursus
788 3872 1054 3918 consueta
1103 3879 1211 3919 nox
1260 3873 1447 3920 secuta
1499 3872 1602 3921 est.
1642 3864 1774 3932 Quae
1802 3867 1984 3920 omnia

2102 3884 2168 3931 ro,
2192 3867 2311 3938 μεθ’
2336 3867 2373 3922 ἃ
2398 3868 2560 3922 πάλιν
2592 3867 2841 3938 συνήθως
2866 3870 2900 3940 η
2931 3866 3028 3932 νὺξ
3054 3864 3683 3937 κατελάμϐανεν.”Δπερ

308 3979 317 3991 -
397 3964 585 4006 sermo
620 3952 976 4022 propheticus
1019 3954 1221 4021 innuit,
1271 3956 1364 4011 ubi
1409 3956 1528 4011 ait:
1563 3978 1581 4008 ι
1618 3956 1685 4011 Ει
1734 3958 1853 4014 dies
1895 3959 1986 4013 ille

2102 3959 2230 4032 iri};
2256 3959 2591 4034 προφητείας
2610 3960 2767 4026 λόγος
2794 3960 3037 4031 ᾐνίττετο
3052 3961 3299 4028 φάσκων·
3320 3976 3338 4007 ι
3362 3956 3472 4009 Καὶ
3488 3953 3679 4026 ἡμέρα

396 4048 565 4098 notus
592 4042 845 4111 Domino,
875 4053 931 4102 et
954 4062 1134 4118 neque
1167 4048 1310 4113 dies,
1338 4065 1515 4120 neque
1546 4066 1675 4117 nox,
1708 4051 1775 4103 ad
1802 4066 1988 4121 vespe-

2102 4054 2269 4125 ἐκείνη
2298 4052 2514 4124 γνωστὴ
2540 4051 2620 4124 τῷ
2640 4052 2848 4124 Κυρίῳ,
2873 4052 2967 4106 καὶ
2999 4052 3097 4122 οὐχ
3123 4049 3322 4122 ἡμέρα,
3347 4046 3444 4101 καὶ
3460 4048 3527 4100 οὐ
3556 4046 3676 4111 νὺξ,

396 4148 516 4189 ram
543 4137 649 4190 erit
690 4135 805 4199 lux,
837 4155 855 4187 ι
895 4136 1013 4194 dies
1045 4138 1268 4209 quidem
1319 4141 1412 4197 ille
1445 4157 1556 4197 non
1586 4149 1724 4208 erat,
1760 4151 1984 4214 propter

2102 4146 2148 4200 τὸ
2175 4146 2311 4220 πρὸς
2330 4146 2577 4219 ἑσπέραν
2606 4144 2760 4199 ἔσται
2795 4143 2970 4213 φῶς.)
2990 4144 3102 4214 Οὐχ
3128 4140 3309 4213 ἡμέρα
3338 4140 3439 4211 μὲν
3464 4138 3575 4210 γάρ
3604 4133 3677 4209 ἦν

394 4225 733 4283 meridianas
784 4230 1063 4298 tenebras,
1116 4232 1213 4287 sed
1265 4249 1371 4288 nec
1415 4233 1546 4289 item
1578 4250 1709 4299 nox,
1760 4245 1982 4306 propter

2102 4237 2179 4291 ne
2213 4239 2275 4291 τὸ
2322 4236 2693 4310 μεσημϐρινὸν
2728 4235 2945 4299 σκότος’
2990 4235 3083 4288 καὶ
3138 4233 3296 4287 πάλιν
3325 4232 3387 4284 οὐ
3438 4230 3537 4296 νὺξ
3586 4229 3685 4284 διὰ

395 4316 697 4387 ipsiusdiei
720 4335 1028 4385 recursum,
1053 4339 1215 4393 quem
1244 4323 1509 4381 indicavit
1535 4326 1851 4399 signiﬁcans
1883 4345 1981 4400 per

2102 4330 2185 4404 τὴν
2214 4330 2717 4386 ἐπικαταλαϐοῦταν
2741 4330 2975 4402 ἡμέραν,
3008 4329 3075 4401 ῆν
3106 4324 3445 4400 παρέστησεν
3476 4323 3687 4393 ἐπιση-

393 4407 491 4464 illa
523 4411 710 4476 verba,
744 4429 764 4463 ι
802 4411 871 4466 ad
916 4430 1201 4486 vesperam
1249 4418 1355 4473 erit
1397 4419 1509 4473 lux.
1555 4440 1574 4471 ι
1624 4419 1761 4487 Quis
1798 4431 1981 4478 autem

2102 4426 2399 4496 μηνάμενος
2440 4424 2528 4479 διὰ
2561 4424 2654 4478 τοῦ
2694 4423 2897 4494 φάναι,
2926 4443 2944 4474 ι
2972 4422 3032 4475 τὸ
3065 4423 3203 4493 πρὸς
3244 4418 3485 4492 ἑσπέραν
3518 4418 3675 4471 ἔσται

391 4514 506 4556 non
527 4499 832 4559 admiretur
860 4505 1021 4559 etiam
1046 4507 1290 4565 hibernae
1330 4510 1482 4565 horae
1509 4515 1988 4570 commemoratio-

2102 4517 2223 4589 ρῶς.
2255 4537 2274 4570 ι
2311 4519 2408 4582 Τίς
2435 4517 2479 4571 δ⁴
2514 4517 2615 4572 οὐκ
2648 4517 2715 4571 ἂν
2751 4516 3053 4588 θαυμάσειε
3084 4514 3185 4585 τῆς
3214 4512 3494 4584 χειμαδίου
3524 4510 3675 4584 ὥρας

392 4590 747 4664 ηοωῖηιιοω
783 4594 957 4666 ipsam
998 4597 1186 4654 itidem
1219 4601 1485 4657 divinavit
1509 4604 1819 4671 oraculum,
1855 4621 1981 4661 cum

2102 4611 2184 4683 ςὴν
2216 4613 2435 4684 μνήμην
2462 4628 2476 4677 ;
2503 4612 2572 4682 ἣν
2619 4612 2714 4666 καὶ
2760 4610 2930 4683 αὐτὴν
2979 4608 3265 4663 ἐθέσπισεν
3305 4609 3335 4661 ὁ
3376 4606 3537 4674 λόγος
3571 4606 3673 4677 φη-

393 4679 514 4773 Ξίιε
548 4700 569 4735 ι
610 4683 676 4740 Et
722 4684 897 4757 frigus
930 4696 984 4743 et
1031 4691 1155 4761 gelu
1187 4693 1313 4746 erit.
1346 4713 1365 4745 ι
1404 4692 1563 4762 Quod
1607 4697 1737 4752 item
1798 4699 1981 4770 ipsum

2102 4679 2229 4768 τάςί
2255 4720 2274 4754 ι
2298 4679 2408 4757 lia);
2434 4679 2605 4773 ψῦχος
2651 4703 2746 4756 καὶ
2794 4679 2969 4771 πάγος
2993 4699 3145 4754 ἔσται
3165 4716 3179 4728 ο
3210 4718 3228 4751 ι
3255 4696 3286 4749 ὅ
3317 4697 3414 4750 καλ⁸
3462 4697 3600 4750 αὐτὸ
3637 4698 3673 4768 ή

391 4770 677 4848 Evangelii
733 4780 1110 4837 testimonium
1161 4788 1543 4851 commendat.
1601 4804 1725 4843 cum
1783 4789 1980 4848 Petrus

391 4865 523 4923 dum
548 4867 732 4926 Iesum
764 4874 1035 4945 sequitur,
1058 4893 1295 4934 accenso
1331 4880 1455 4951 igne
1489 4883 1544 4936 in
1573 4884 1715 4940 atrio
1734 4884 1976 4957 Caiphae,

396 4972 505 5016 una
554 4976 682 5017 cum
729 4965 856 5022 aliis
914 4968 1277 5025 calefaciebat
1324 4988 1404 5027 se.
1454 4971 1690 5031 Proinde
1737 4975 1980 5035 Joannes

390 5047 619 5125 frigoris
660 5070 882 5128 quoque
930 5061 1262 5116 mentionem
1310 5066 1658 5134 apertissime
1704 5069 1857 5135 facit,
1897 5071 1983 5127 di-

388 5156 565 5236 cens:
599 5164 619 5199 ι
651 5145 887 5205 Stabant
915 5153 1063 5208 servi
1104 5161 1158 5208 et
1190 5156 1432 5212 ministri
1467 5158 1537 5212 ad
1586 5175 1815 5229 prunas,
1851 5166 1981 5236 quia

388 5232 563 5309 frigus
601 5249 740 5307 erat,
782 5251 837 5299 et
878 5244 1273 5303 calefaciebant
1308 5264 1368 5304 se
1383 5248 1449 5304 ⁸⁸.
1492 5269 1511 5303 ι
1545 5249 1614 5305 Et
1643 5252 1716 5309 ad
1753 5232 1978 5325 verbum

386 5329 611 5401 quidem
643 5332 958 5404 hujusmodi
990 5339 1151 5396 finem
1180 5342 1554 5413 contigerunt,
1581 5360 1701 5416 qua:
1727 5349 1808 5404 sic
1838 5364 1982 5420 pra-

384 5420 530 5478 dicta
560 5432 696 5480 sunt
724 5442 739 5478 :
777 5426 848 5483 ad
876 5445 1102 5488 sensum
1135 5447 1286 5499 vero,
1315 5449 1441 5489 cum
1490 5432 1696 5493 Judais
1732 5440 1977 5498 salutare

445 5599 499 5635 ⁸³
532 5596 784 5664 Zachar.
824 5620 933 5673 ιιι,
972 5606 1133 5665 5-10.
1211 5608 1438 5668 “lt-an.
1476 5630 1643 5682 xviri.
1682 5618 1771 5674 18.

2084 4796 2179 4851 τοῦ
2227 4795 2558 4867 Εὐαγγελίου
2607 4797 2879 4869 μαρτυρία
2941 4795 3299 4866 συνίστησιν,
3345 4791 3586 4863 ὁπηνίκα
3644 4792 3675 4844 ὁ

2079 4890 2285 4960 Πέτρος
2327 4880 2637 4942 ἀκολουθῶν
2681 4886 2760 4959 τῷ
2817 4885 2992 4958 Ἰησοῦ
3012 4926 3028 4950 ,
3062 4883 3448 4960 περιαψάντων
3492 4881 3672 4955 πυρὰν

2081 4983 2139 5034 ὲν
2173 4983 2239 5054 τῇ
2273 4981 2410 5053 αὐλῇ
2441 4978 2537 5034 τοῦ
2586 4979 2831 5050 Καῖάιρα,
2881 4979 3018 5052 μετά
3052 4978 3161 5032 τῶν
3198 4978 3375 5033 ἄλλων
3414 4976 3674 5049 ἐθερμαί-

2081 5093 2222 5132 νετο.
2262 5075 2320 5130 Ὁ
2365 5074 2497 5146 γοῦν
2557 5074 2812 5145 Ἰωάννης
2861 5073 3124 5145 ἄντικρυς
3176 5070 3269 5126 καὶ
3318 5069 3416 5125 τοῦ
3463 5071 3671 5144 ψύχους

2082 5171 2488 5243 ἐμνημόνευσεν
2527 5166 2697 5223 εἰπών
2717 5185 2733 5200 ο
2767 5186 2791 5220 ι
2812 5167 3176 5239 Εἱστήκεισαν
3203 5165 3253 5219 οἱ
3292 5163 3473 5218 δοῦλοι
3508 5165 3667 5219 mlo!

2087 5262 2358 5334 ὑπηρέται
2416 5246 2715 5335 ἀνθρακιὰν
2776 5259 3171 5330 πεποιηκότες,
3218 5257 3301 5310 ὅτι
3348 5256 3525 5330 ψῦχος
3566 5251 3664 5330 ἦν,

2085 5355 2179 5409 καὶ
2207 5353 2611 5427 ἐθερμαίνοντο.
2639 5371 2659 5404 ο
2686 5353 2797 5408 Καὶ
2849 5351 2988 5425 πρὸς
3031 5350 3129 5423 μὲν
3166 5349 3264 5423 τὴν
3300 5349 3447 5415 λέξιν
3493 5347 3670 5404 τοιού-

2083 5464 2178 5501 του
2212 5446 2401 5511 τέλους
2450 5444 2713 5517 ἐτύγχανε
2754 5446 2822 5501 τὰ
2880 5442 3365 5519 προηγορευμέναο
3434 5443 3571 5515 πρὸς
3613 5441 3671 5497 δι
