3936 6208
296 229 404 289 ἾΞἹ

298 440 485 504 αὐτοῖς
516 441 943 511 ἐπιλάμψαντος,
979 441 1156 495 αὐτῶν
1195 459 1254 494 τε
1289 440 1487 512 μᾶλλον
1519 441 1580 493 τὸ
1614 440 1801 502 σκότος
1843 438 1875 510 ἢ

294 532 362 588 τδ
411 532 526 602 φῶς
572 533 859 605 ἑλομένων,
903 533 1048 587 τοῦθ’
1082 535 1218 604 ὅπερ
1253 536 1345 588 καὶ
1374 534 1576 588 εἴλοντο
1615 531 1878 605 μετῆλθεν

297 625 516 690 αὐτοὺς,
545 627 997 697 ἀναχωρήσαντος
1027 626 1123 696 μὲν
1179 625 1492 686 αὑτῶνξτοῦ
1533 625 1728 694 φωτὸς,
1760 623 1876 678 δια-

295 715 570 788 λαὸούσης
598 717 655 770 δέ
687 718 884 781 αὐτοὺς
913 718 1106 782 νυκτὸς
1147 718 1448 788 ἁφεγγοῦς,
1501 717 1876 790 σκοτισθείσης

293 809 479 864 αὐτῶν
507 809 608 882 τῆς
633 810 902 874 διανοίας,
934 812 1069 882 πρὸς
1109 811 1170 864 τὸ
1200 811 1273 882 μὴ
1308 811 1596 880 διαυγάσαι
1639 811 1729 864 τὸν
1760 829 1873 880 φω-

291 906 489 976 τισμὸν
515 906 608 959 τοῦ
636 906 963 976 Εὐαγγελίου
988 910 1046 961 ἐν
1072 910 1191 969 ταῖς
1211 905 1460 978 καρδίαις
1484 905 1682 960 αὐτῶν.
1714 905 1874 958 Ἀλλά

292 995 392 1048 καὶ
423 994 690 1066 ψυγείσης
714 997 813 1066 τῆς
844 999 981 1069 πρὸς
1014 998 1105 1050 τὸν
1139 997 1269 1050 Θεὸν
1313 997 1534 1067 ἀγάπης
1577 995 1776 1059 αὐτῶν,
1803 994 1873 1049 τὰ

291 1088 358 1141 σύ
369 1087 541 1159 μδολα
567 1089 771 1142 τούτων
803 1091 1024 1154 εἰκότως
1057 1089 1306 1152 ἐτελεῖτο,
1336 1089 1637 1161 ἐπληροῦτο
1657 1107 1711 1142 τε
1742 1087 1870 1159 ἐξῆς

288 1180 361 1234 τά
386 1181 484 1252 τῆς
513 1182 890 1252 προρρήσεως,
920 1182 1062 1236 κατὰ
1096 1181 1193 1254 τὴν
1226 1182 1431 1236 τοιάνδε
1468 1184 1566 1254 τῆς
1602 1183 1867 1254 σωτηρίου

288 1275 614 1344 ἐπιφανείας
667 1275 878 1346 ἡμέραν
938 1274 1128 1339 ῦδατος
1183 1275 1382 1340 ζῶντος
1440 1274 1744 1343 ἐξελθόντος
1811 1273 1870 1340 ἐξ

299 1367 684 1440 Ἰερουσαλὴμ,
731 1369 810 1433 εἰς
861 1369 1036 1422 πάντα
1085 1368 1154 1422 τὰ
1205 1369 1330 1440 ἔθνη
1383 1369 1733 1442 προελθόντος
1773 1368 1866 1423 τοῦ

285 1460 639 1531 γονίμου-καί
679 1461 908 1526 ζωτικοῦ
959 1464 1058 1534 τῆς
1099 1462 1458 1534 εύαγγελικῆς
1501 1463 1866 1528 διδασκαλίας,

286 1549 593 1623 ἀρξαμένου
631 1553 727 1623 μέν
759 1553 869 1607 ἀπὸ
916 1554 1014 1624 τῆς
1071 1554 1332 1618 Ἰουδαίας
1366 1555 1459 1608 καὶ
1502 1553 1563 1616 ἐξ
1591 1555 1762 1625 αὐτῆς
1801 1571 1866 1624 γε

283 1645 393 1716 τῆς
425 1647 808 1720 Ἰερουσαλὴμ,
837 1648 1168 1713 διαδοθέντος
1204 1649 1259 1703 δὲ
1309 1653 1388 1713 εἰς
1418 1652 1595 1704 πᾶσαν
1627 1651 1724 1723 τὴν
1759 1651 1864 1722 γῆν
1893 1687 1938 1742 Β

281 1738 382 1792 καὶ
407 1739 485 1803 εἰς
509 1739 685 1793 πάντα
709 1739 776 1792 τὰ
808 1740 904 1811 τῆς
947 1741 1271 1812 οἰκουμένης
1303 1742 1531 1813 πέρατα.
1564 1741 1766 1796 Τούτου
1805 1743 1862 1796 δέ

280 1827 380 1882 τοῦ
431 1828 620 1894 ῦδατος
674 1832 766 1884 καί
813 1831 974 1895 αὐτὸς
1004 1834 1032 1885 6
1075 1832 1265 1904 Σωτὴρ
1317 1835 1410 1887 καὶ
1457 1833 1662 1905 Κύριος
1706 1835 1862 1906 ἡμῶν

283 1921 614 1992 μνημονεύει
633 1921 805 1993 λέγων
828 1925 962 1996 πρὸς
994 1925 1091 1996 τὴν
1107 1926 1434 1998 Σαμαρεῖτιν
1453 1945 1464 1958 ·
1487 1949 1502 1969 ο
1530 1929 1592 1980 Εἰ
1616 1928 1762 1998 ᾕδεις
1779 1927 1864 1992 τίς

278 2011 430 2066 ἐστιν
461 2015 489 2066 6
519 2013 682 2067 αἰτῶν
710 2031 770 2066 σε
798 2017 962 2079 πιεῖν,
985 2015 1048 2068 σὺ
1080 2014 1145 2068 ἂν
1174 2015 1384 2086 ᾔτησας
1407 2016 1588 2078 αὐτὸν,
1617 2017 1710 2069 καὶ
1730 2016 1860 2069 ἔδω-

280 2119 378 2155 κεν
413 2103 477 2156 ἄν
506 2120 584 2156 σοι
615 2102 758 2175 ὕδωρ
784 2101 910 2166 ζῶν.
935 2125 952 2154 ι
981 2106 1120 2177 "Dor,
1146 2105 1203 2159 δὲ
1243 2110 1356 2170 τοῖς
1397 2108 1860 2178 άπογευσαμένοις

275 2191 376 2246 τοῦ
417 2193 615 2259 ζῶντος
643 2199 736 2250 καί
765 2195 982 2266 λογικοῦ
1028 2200 1265 2270 νάματος
1306 2198 1547 2272 ὑπῆρξεν
1587 2199 1854 2268 ὠφέλεια,

276 2287 606 2360 παρίστησιν
639 2291 784 2362 ἐξῆς,
805 2291 1091 2357 διδάσκων,
1109 2295 1184 2358 ὼς
1207 2298 1254 2348 οἰ
1285 2296 1498 2359 πιόντες
1522 2296 1709 2360 αὐτοῦ,
1732 2299 1858 2360 τοὺς

275 2382 450 2437 πάλαι
484 2385 710 2451 πολλοὺς
753 2385 1173 2456 βασιλεύσαντας
1199 2389 1378 2442 αὐτῶν
1400 2390 1661 2460 δαίμονας
1691 2403 1857 2461 πονη-

276 2477 409 2549 ροὺς
458 2478 905 2551 ἀπαρνησάμενοι
933 2520 946 2545 ,
980 2481 1070 2534 τὸν
1122 2481 1216 2534 ἕνα
1254 2481 1454 2550 Κύριον
1497 2485 1590 2537 καὶ
1637 2481 1856 2554 βασιλέα

275 2570 430 2640 σφῶν
459 2571 634 2626 αὐτῶν
656 2573 1068 2645 ὁμολογήσουσι,
1099 2576 1192 2628 καὶ
1219 2575 1294 2638 ὡς
1315 2578 1342 2629 6
1370 2575 1573 2648 Κύριος
1605 2577 1632 2630 6
1675 2576 1855 2646 μόνοις

269 2660 338 2715 τὸ
368 2660 495 2731 πρὶν
527 2661 798 2734 Ἑϐραίοις
829 2663 1245 2736 γνωριζόμενος,
1280 2667 1568 2735 γενήσεται
1605 2665 1855 2735 βασιλεὺς

271 2752 496 2809 πάντων
527 2754 638 2807 τῶν
674 2757 753 2820 εἰς
795 2756 955 2810 αὐτὸν
1003 2757 1062 2822 ἐξ
1095 2758 1313 2828 ἁπάσης
1351 2759 1450 2830 τῆς
1485 2759 1586 2830 γῆς
1634 2777 1853 2813 πιστευ-

272 2844 486 2898 σάντων
531 2845 734 2900 ἐθνῶνο
783 2849 878 2902 καί
925 2847 986 2901 τὺ
1036 2849 1204 2919 ὄνομα
1233 2849 1396 2902 αὑτοῦ
1445 2851 1501 2904 ἒν
1537 2851 1724 2917 ἔσται,
1757 2870 1854 2906 κυ-

269 2935 437 2991 κλοῦν
467 2937 646 2991 πᾶσαν
694 2939 794 3008 τὴν
834 2939 938 3011 γῆν
970 2942 1063 2993 καί
1090 2941 1189 3012 τὴν
1229 2940 1453 3012 ἔρημον.
1481 2945 1546 2995 Ὃ
1591 2945 1684 2996 καὶ
1720 2944 1850 2998 αὐτὸ

1233 218 1892 282 DEMONSTRATIONIS
1931 215 2394 273 ΕνΑΝςΕιιοΑι
2435 215 2565 270 LIB.
2606 213 2649 269 Χ

298 349 539 403 διάνοιαν
565 348 642 410 τὸ,
672 349 778 401 πᾶν
817 347 1084 400 Ἰουδαίων
1107 347 1277 410 ἔθνος,
1309 345 1399 398 τοῦ
1420 345 1685 418 σωτηρίου
1715 339 1853 411 φωτὶ

1958 373 1968 392 ι
1997 342 2176 397 lumen
2204 339 2496 401 iliurisset,
2537 338 2748 408 ipsique
2788 337 2967 408 potius
2997 338 3246 393 tenebras
3278 353 3438 407 quam
3463 341 3550 392 lu-

3450 215 3553 273 758

1984 451 2110 489 men
2169 433 2405 502 amplexi
2451 438 2657 496 essent,
2693 432 2794 484 hoc
2839 430 2984 500 quod
3029 431 3097 485 ab
3146 431 3278 499 ipsis
3319 431 3550 486 electum

1981 535 2437 596 assumptumque
2471 533 2576 588 est,
2612 525 2924 580 universam
2982 525 3225 595 ipsorum
3274 509 3550 581 nationem

1980 619 2200 673 invasit.
2242 617 2378 672 Cum
2410 617 2555 672 enim
2587 615 2692 686 ipsi
2731 616 3090 672 recessissent
3117 632 3146 669 a
3185 616 3323 682 luce,
3355 624 3410 670 et
3453 633 3551 677 eos

1979 711 2215 766 obscura
2253 725 2362 765 nox
2396 715 2742 779 occupasset,
2783 708 3092 765 obscuratis
3121 710 3360 780 ipsorum
3401 728 3552 768 men-

1977 803 2148 866 tibus,
2181 817 2247 858 eo
2274 801 2419 872 quod
2472 799 2796 855 illuminatio
2837 801 3146 869 evangelica
3186 800 3370 857 radios
3417 818 3550 862 suos

1977 896 2031 951 in
2064 895 2230 950 corda
2264 895 2506 965 ipsorum
2544 910 2654 948 non
2697 893 3033 956 immitteret,
3064 893 3362 964 quinetiam
3388 893 3549 950 refri-

1974 999 2158 1061 gerata
2190 991 2432 1061 ipsormn
2465 1005 2593 1060 erga
2616 988 2784 1045 Deum
2829 987 3114 1050 charitate,
3147 988 3333 1042 talium
3362 1003 3549 1044 rerum

1975 1079 2131 1150 signa
2165 1081 2363 1135 merito
2398 1095 2659 1150 expressa
2690 1086 2840 1145 sunt,
2864 1089 2920 1133 et
2951 1079 3004 1132 in
3037 1079 3129 1132 tali
3159 1078 3416 1134 salutaris
3449 1079 3546 1133 ad-

1973 1184 2168 1229 ventus
2194 1175 2282 1228 die
2315 1173 2584 1242 completa
2613 1180 2740 1227 sunt
2766 1188 2850 1236 ea,
2879 1187 3000 1242 qua:
3029 1171 3094 1225 ad
3134 1171 3236 1226 hoc
3259 1172 3546 1227 oraculum

1973 1266 2268 1336 pertinent,
2301 1265 2430 1320 dum
2458 1280 2599 1335 aqua
2644 1266 2832 1320 vivens
2855 1265 3090 1333 erumpit
3113 1279 3182 1319 ex
3215 1261 3542 1331 Jerusalem,

1969 1367 2024 1414 et
2052 1359 2108 1412 in
2152 1373 2343 1413 omnes
2381 1366 2572 1427 gentes
2619 1357 2964 1427 progreditur
3012 1355 3281 1410 fecundus
3329 1363 3382 1410 et
3419 1355 3544 1410 vitae

1971 1458 2289 1521 apportator
2329 1447 2659 1519 evangelicae
2709 1446 2974 1502 doctrina:
3021 1461 3202 1502 sermo
3235 1465 3248 1500 :
3281 1445 3372 1518 qui
3416 1461 3542 1501 eum

1968 1542 2248 1614 profectus
2279 1542 2350 1597 sit
2373 1541 2440 1596 de
2467 1539 2652 1596 Judaaa
2681 1549 2734 1596 et
2766 1539 2833 1595 de
2865 1539 2981 1611 ipsa
3009 1537 3332 1606 Jerusalem,
3368 1540 3544 1597 disse-

1968 1636 2210 1691 minatus
2255 1643 2445 1706 postea
2488 1643 2574 1690 est
2603 1634 2656 1688 in
2689 1649 2905 1689 omnem
2945 1643 3146 1689 terram
3179 1642 3234 1687 et
3261 1634 3316 1687 in
3349 1647 3542 1688 omnes

1966 1731 2117 1786 orbis
2140 1739 2413 1785 terrarum
2447 1728 2604 1783 ﬁnes.
2638 1726 2812 1798 Hujus
2841 1743 2971 1782 vero
3001 1742 3154 1797 aquae
3182 1727 3297 1796 ipse
3323 1742 3542 1796 quoque

1967 1822 2220 1877 Salvator
2239 1837 2301 1877 ac
2335 1821 2598 1876 Dominus
2624 1828 2811 1876 noster
2839 1820 3106 1883 meminit,
3136 1820 3265 1874 dum
3301 1819 3542 1890 loquitur

1965 1932 2088 1970 cum
2133 1900 2360 1970 muliere
2392 1912 2773 1968 Samaritana:
2805 1933 2824 1965 ι
2853 1911 2909 1966 Si
2957 1912 3152 1978 scires,
3187 1913 3382 1982 inquit,
3415 1911 3540 1981 quis

1961 2017 2048 2065 est
2088 2009 2180 2079 qui
2214 2008 2346 2078 petit
2374 2023 2405 2061 a
2445 2018 2498 2062 te
2539 2007 2746 2071 bibere,
2795 2015 2851 2060 tu
2883 2005 3120 2076 petisses
3145 2005 3213 2059 ab
3241 2021 3328 2067 eo,
3357 2011 3412 2059 et
3439 2004 3539 2058 de-

1961 2101 2133 2157 disset
2161 2101 2256 2156 tibi
2287 2115 2484 2171 aquam
2513 2099 2776 2155 vivam".
2810 2118 2834 2150 ι
2867 2099 3081 2165 Quanta
3113 2105 3291 2152 autem
3320 2097 3386 2151 ad
3417 2112 3536 2162 eos,

1960 2196 2052 2266 qui
2082 2196 2264 2250 vivam
2319 2194 2756 2264 rationalemque
2795 2207 2988 2262 aquam
3021 2191 3384 2262 gustaverint,
3412 2206 3540 2245 ven-

1959 2300 2082 2345 tura
2136 2289 2208 2344 sit
2263 2289 2490 2352 utilitas,
2550 2286 2796 2342 declarat
2845 2285 3136 2354 deinceps,
3191 2282 3321 2338 dum
3376 2282 3536 2339 docet

1957 2383 2417 2455 quemadmodum
2449 2381 2542 2452 qui
2565 2396 2686 2436 eam
2716 2393 2912 2451 aquam
2955 2378 3216 2440 biberint,
3249 2385 3304 2432 et
3332 2376 3535 2432 multos

1957 2475 2102 2536 illos,
2126 2473 2221 2544 qui
2254 2479 2413 2527 antea
2462 2470 2600 2542 ipsis
2633 2469 2992 2540 imperabant,
3023 2467 3299 2538 malignos
3333 2465 3538 2521 daemo-

1957 2579 2056 2620 nas
2073 2562 2484 2634 abnegaverint,
2508 2563 2544 2616 ii
2577 2576 2744 2615 unum
2775 2559 2863 2615 sui
2894 2560 3137 2630 ipsorum
3167 2565 3221 2614 et
3244 2557 3532 2612 Dominum

1954 2667 2008 2711 et
2043 2672 2224 2727 regem
2257 2654 2686 2718 conﬁtebuntur,
2721 2651 2848 2706 item
2879 2649 3024 2722 quod
3049 2649 3098 2706 is
3131 2649 3414 2715 Dominus,
3438 2649 3533 2719 qui

1955 2750 2023 2804 ab
2051 2752 2176 2804 unis
2220 2747 2464 2803 Hebrzeis
2497 2755 2655 2801 antea
2702 2743 3051 2808 noscebatur,
3095 2741 3264 2815 489
3306 2757 3402 2798 rex
3440 2742 3533 2798 tlet

1952 2841 2195 2896 omnium
2234 2855 2422 2896 earum
2462 2839 2768 2900 nationum,
2803 2851 2924 2908 quae
2968 2852 3036 2892 ex
3077 2836 3333 2891 universa
3381 2841 3532 2890 terra

1954 2939 2010 2993 in
2034 2939 2210 3009 ipsius
2231 2937 2390 2993 ﬁdem
2425 2938 2708 3001 venerint;
2737 2943 2790 2989 et
2821 2947 3018 2988 nomen
3049 2930 3168 3001 ejus
3201 2946 3370 2985 unum
3402 2929 3528 2993 erit,

268 3029 357 3092 τίς
387 3029 487 3082 οὐκ
518 3028 585 3083 ἂν
613 3030 754 3101 ὁρῶν
801 3032 1130 3103 ἐκπλαγείη;
1175 3035 1281 3087 ἀπὸ
1309 3035 1439 3103 γοῦν
1472 3038 1570 3107 τῆς
1610 3036 1846 3108 Χριστοῦ

1958 3033 2199 3088 ambiens
2252 3031 2569 3086 universam
2619 3036 2822 3083 terram
2854 3036 2911 3083 et
2959 3024 3332 3087 solitudinem,
3381 3023 3527 3094 quod

267 3122 664 3195 προσηγορίας,
713 3124 873 3189 αὐτὸς
903 3125 960 3179 δέ
997 3121 1064 3198 ἦν
1112 3129 1139 3180 ὁ
1181 3129 1413 3199 Χριστὸς
1449 3131 1478 3182 6
1516 3130 1738 3201 Κύριος,
1788 3134 1850 3186 τὸ

265 3213 381 3267 τῶν
421 3215 760 3287 Χριστιανῶν
796 3218 989 3290 ὄνομα,
1015 3221 1192 3275 πάντα
1247 3222 1408 3276 τόπον
1447 3226 1540 3278 καὶ
1578 3225 1729 3279 πόλιν
1759 3228 1851 3281 καὶ

268 3303 474 3381 χώραν,
509 3309 602 3362 καὶ
646 3310 787 3364 αὐτά
834 3328 898 3380 γε
945 3311 1014 3366 τὰ
1060 3315 1118 3366 ἐν
1163 3317 1284 3378 ταῖς
1317 3317 1544 3388 ἐρήμοις
1585 3318 1678 3371 καὶ
1731 3322 1849 3382 ταῖς

267 3398 549 3469 ἐσχατιαῖς
578 3401 676 3472 τῆς
706 3402 810 3472 γῆς
843 3403 1094 3460 οἰκοῦντα
1118 3405 1245 3476 ἔθνη
1281 3408 1709 3478 περιεκύκλωσε,
1738 3413 1848 3475 τοῖς

265 3489 370 3562 τῆς
396 3493 732 3564 προφητείας
758 3495 1066 3562 ἀκολούθως
1092 3498 1474 3571 θεσπίσμασιν.

273 3816 420 3902 Ἆπρ
436 3821 695 3902 ψαλμοῦ
727 3832 926 3902 καππ-
955 3827 1095 3894 Περί
1124 3828 1242 3882 τῶν
1269 3832 1420 3902 κατὰ
1447 3834 1514 3886 τὸ
1553 3835 1848 3902 σωτήριοι·

335 3889 1096 3974 ιξάθος,ἐξτιτελεενθεξντιιιῶ·Ζ
1116 3903 1220 3968 Εἰς
1253 3901 1317 3954 τὸ
1347 3902 1522 3970 τέλος
1557 3889 1847 3974 ὐιτὲρατίῆς

337 3961 721 4031 ἀντιλήψεως
747 3964 857 4033 τῆς
884 3966 1154 4036 ἑωθινῆς.

341 4132 360 4164 ‹
383 4113 440 4166 '0
471 4113 624 4179 Θεὸς,
652 4116 681 4168 6
707 4116 840 4182 Θεός
875 4136 997 4189 μου,
1056 4121 1291 4194 πρόσχες
1316 4143 1424 4196 μοι·
1455 4126 1541 4180 ἴνα
1568 4128 1622 4180 τί
1648 4129 1845 4198 ἐγκατ-

258 4203 447 4268 έλιπές
481 4225 579 4278 με;
629 4209 843 4282 μακρὰν
874 4211 982 4266 ἀπὸ
1013 4214 1113 4284 τῆς
1143 4220 1414 4289 σωτηρίας
1450 4238 1550 4291 μου
1600 4225 1648 4275 οἱ
1701 4223 1844 4293 λόγοι

254 4296 372 4350 τῶν
422 4304 881 4374 παραπτωμάτων
927 4309 1125 4378 μου.ὐ
1167 4308 1298 4375 Θεός
1345 4329 1465 4383 μου,
1507 4315 1844 4388 κεκράξομαι

1953 3125 2172 3196 quidem
2213 3125 2392 3194 ipsum
2420 3124 2513 3178 ubi
2557 3123 2682 3192 quis
2729 3119 2946 3184 viderit,
2977 3118 3068 3189 qui
3117 3117 3232 3172 ﬁeri
3271 3116 3443 3186 possit
3469 3124 3530 3169 ut

1952 3234 2064 3272 non
2093 3215 2428 3271 admiretur?
2453 3214 2654 3270 etenim
2681 3229 2710 3266 a
2741 3211 2948 3268 Christi
2970 3208 3257 3272 vocabulo,
3276 3207 3532 3264 Christus

1951 3323 2115 3376 porro
2141 3307 2256 3378 ipse
2300 3305 2565 3360 Dominus
2602 3310 2707 3366 est,
2732 3301 3172 3357 Christianorum
3202 3312 3395 3351 nomen
3432 3295 3530 3352 de-

1950 3401 2174 3455 ductum
2235 3414 2452 3454 omnem
2503 3399 2680 3454 locum
2725 3405 2780 3454 et
2831 3399 3106 3453 civitatem
3152 3403 3205 3448 et
3247 3393 3526 3464 regionem

1948 3495 2206 3564 ipsasque
2241 3498 2294 3548 in
2337 3493 2568 3550 desertis
2600 3493 2821 3562 orisque
2860 3491 3123 3546 extremis
3171 3498 3330 3545 terrae
3371 3487 3527 3542 habi—

1950 3595 2130 3640 tantes
2158 3587 2407 3640 nationes
2449 3585 2724 3650 cireuivit,
2758 3583 2916 3638 ﬁdem
2951 3597 3016 3638 eo
3048 3582 3212 3637 modo
3242 3583 3450 3637 faciens
3472 3587 3528 3635 et

1950 3679 2306 3735 consentiens
2334 3678 2569 3750 hujusce
2600 3676 2899 3748 pr0phetia:
2925 3673 3204 3729 vaticinio.

1948 3840 1991 3892 Α
2034 3843 2238 3909 psalmo
2265 3854 2378 3892 χιιι.
2403 3836 2566 3909 :-—De
2590 3836 2655 3890 iis
2678 3853 2793 3906 qua:
2811 3837 2861 3888 in
2881 3831 3248 3909 ipsa_saltttari
3274 3830 3521 3909 passione

2054 3912 2195 3981 facta
2224 3919 2364 3964 sunt.
2393 3907 2458 3962 In
2485 3910 2644 3976 ﬁnem
2665 3903 2760 3976 pro
2783 3905 3108 3974 susceptione
3134 3903 3416 3956 matutina.

2025 4153 2043 4186 ι
2074 4134 2240 4198 Deus,
2273 4133 2418 4188 Dens
2451 4149 2628 4200 meus,
2656 4131 2865 4202 respice
2893 4132 2947 4186 in
2977 4147 3096 4198 me;
3127 4146 3297 4202 quare
3315 4145 3400 4185 me
3429 4129 3521 4185 de-

1947 4227 2268 4297 reliquisti?
2315 4229 2475 4298 longe
2512 4242 2543 4280 a
2591 4225 2768 4280 salute
2815 4239 2935 4278 mea
2986 4224 3150 4278 verba
3198 4223 3521 4277 delictorum

1949 4334 2218 4373 meorum.
2251 4316 2397 4373 Deus
2445 4332 2622 4382 meus,
2663 4315 2910 4371 clamabo
2945 4331 3042 4386 per
3082 4315 3223 4370 diem
3266 4315 3333 4369 ad
3365 4323 3437 4378 te,
3470 4321 3526 4370 et

251 4389 476 4462 ἡμέρας
506 4395 642 4466 πρὸς
668 4395 748 4458 σέ,
780 4399 874 4452 καὶ
903 4401 1005 4454 οὐκ
1037 4380 1361 4478 εἰσακούσῃλ
1401 4409 1494 4461 καί
1519 4380 1728 4476 νυκτὸς,
1747 4380 1842 4466 καὶ

1958 4425 2058 4464 non
2090 4410 2382 4474 exaudies;
2416 4418 2470 4464 et
2509 4425 2604 4480 per
2635 4418 2872 4471 noctem,
2911 4416 2964 4462 et
3003 4423 3112 4462 non
3158 4407 3225 4462 ad
3261 4407 3524 4478 insipien-

250 4484 362 4537 οὐκ
407 4486 487 4550 εἰς
532 4488 718 4543 ἄνοιαν
764 4492 909 4562 ἐμοί.
946 4495 1017 4548 Σὺ
1070 4495 1126 4549 δέ
1173 4498 1230 4550 ἐν
1279 4499 1456 4568 ἁγίοις
1489 4507 1783 4570 κατοικεῖς,
1811 4506 1840 4557 ὁ

251 4573 481 4642 ἔπαινος
531 4579 624 4633 τοῦ
667 4582 898 4656 Ἰσραήλ.
927 4587 1049 4640 Ἐπὶ
1104 4589 1186 4642 σοὶ
1229 4589 1460 4660 ἤλπισαν
1503 4595 1552 4646 οἱ
1603 4596 1840 4668 πατέρες

254 4668 437 4739 ἡμῶν,
471 4671 723 4742 ἤλπισαν,
764 4677 858 4728 καὶ
901 4678 1116 4749 ἐῤῥύσω
1161 4682 1375 4746 αύτούς.
1418 4685 1560 4754 Πρὸς
1609 4687 1667 4738 σέ
1715 4689 1838 4741 ἐκέο

255 4757 486 4832 κραξαν,
518 4765 612 4816 καὶ
639 4767 918 4838 ἐσώθησαν
938 4785 951 4798 ⁸
986 4771 1079 4822 ἐπὶ
1114 4773 1196 4825 σοὶ
1222 4773 1475 4844 ἤλπισαν,
1505 4778 1596 4830 καὶ
1622 4779 1682 4831 ού
1713 4797 1840 4834 κατ-

251 4853 625 4926 ⁴ῃσχύνθησαν.
645 4857 785 4929 Ἐγὼ
814 4860 872 4914 δέ
916 4864 1030 4934 εἰμι
1068 4864 1300 4937 σκώληξ,
1329 4869 1422 4922 καὶ
1471 4872 1573 4925 οὐκ
1630 4873 1838 4946 ἄνθρω-

253 4965 379 5012 πος,
413 4949 610 5016 ὄνειδος
640 4954 960 5027 ἀνθρώπων,
991 4961 1085 5014 καὶ
1139 4961 1468 5038 ἐξουδένημα
1514 4967 1665 5024 λαοῦ.
1695 4971 1835 5024 Πάν-

247 5056 346 5135 τες
384 5042 440 5135 oi
477 5043 803 5117 θεωροῦντές
859 5068 927 5121 με
973 5051 1409 5129 ἐξεμυκτήρισάν
1444 5078 1530 5131 με,
1567 5062 1836 5135 ἐλάλησαν

249 5132 314 5186 ἐν
357 5134 610 5204 χείλεσιν,
660 5139 918 5211 ἐκίνησαν
970 5145 1242 5217 κεφαλήν·
1279 5149 1541 5204 Ἧλπισεν
1585 5154 1679 5207 ἐπὶ
1718 5132 1834 5208 Κύ-

250 5241 390 5296 ριον,
429 5229 680 5298 ῥυσάσθω
703 5232 884 5292 αὐτὸν,
915 5237 1142 5292 σωσάτω
1169 5239 1351 5306 αὑτὸν,
1375 5243 1455 5295 ὅτι
1480 5243 1620 5300 θέλει
1647 5249 1828 5306 αὐτόν.

251 5319 376 5410 Tur:
411 5320 474 5372 σὺ
509 5316 560 5372 εἰ
603 5323 632 5374 6
677 5326 963 5390 ἐκσπάσας
992 5345 1058 5400 με
1103 5331 1168 5382 ἐκ
1194 5334 1434 5404 γαστρὸς
1475 5335 1507 5406 ἡ
1540 5337 1692 5402 ἐλπίς
1725 5359 1826 5410 μου

241 5409 358 5504 ἀπὸ
391 5412 610 5481 μαστῶν
639 5417 736 5487 τῆς
769 5420 971 5490 μητρός
1007 5438 1126 5491 μου.
1149 5423 1270 5476 Ἐπὶ
1314 5425 1372 5478 σὲ
1420 5409 1736 5504 ἐπερρίφηνῗ
1763 5437 1827 5488 ἐκ

246 5503 488 5575 μήτρας,
520 5507 626 5558 ἀπὸ
671 5511 902 5579 γαστρὸς
941 5513 1146 5586 μητρός
1178 5534 1281 5587 μου
1327 5518 1460 5584 Θεός
1496 5539 1596 5595 μου
1643 5503 1692 5578 εί
1742 5527 1826 5582 σύ.

318 5680 365 5714 ⁸³
399 5678 558 5737 Joan.
595 5699 681 5749 tv,
717 5686 801 5743 l0.

1946 4505 2080 4558 tiam
2113 4505 2264 4558 mihi.
2293 4501 2372 4557 Τιι
2405 4510 2585 4558 autem
2620 4503 2674 4556 in
2699 4501 2906 4558 sanctis
2927 4501 3164 4567 habitas,
3190 4503 3310 4558 laus
3335 4493 3523 4558 Israhel.

1947 4596 2004 4651 In
2035 4606 2086 4652 te
2113 4605 2472 4667 speraverant
2503 4605 2687 4665 patres
2731 4596 2929 4660 nostri,
2961 4603 3340 4666 speraverunt,
3373 4601 3430 4648 et
3461 4594 3523 4647 li-

1947 4688 2150 4744 berasti
2185 4705 2300 4742 eos.
2331 4686 2410 4740 Ad
2442 4693 2494 4740 te
2521 4687 2918 4750 clamaverunt,
2949 4695 3004 4741 et
3043 4687 3179 4742 salvi
3215 4685 3342 4740 facti
3373 4691 3537 4739 sunt-

1949 4779 2004 4835 ln
2037 4789 2088 4835 te
2118 4787 2504 4850 speraverunt,
2529 4786 2584 4833 et
2616 4795 2725 4832 non
2755 4785 2885 4832 sunt
2914 4776 3162 4832 confusi-
3184 4775 3298 4846 Ego
3340 4783 3520 4828 autem

1947 4889 2068 4929 sum
2095 4873 2304 4928 vermis
2325 4880 2380 4929 et
2410 4887 2520 4927 non
2550 4871 2746 4938 homo;
2769 4871 3124 4942 opprobrium
3158 4869 3436 4924 hominum
3468 4875 3520 4922 et

1946 4965 2184 5033 obiectio
2227 4965 2422 5035 plebis.
2470 4963 2675 5020 Omnes
2715 4965 2963 5019 videntes
3003 4979 3110 5025 me,
3145 4961 3520 5017 subsaunave-

1941 5067 2068 5112 runt
2091 5075 2198 5122 me,
2221 5058 2388 5112 locuti
2415 5066 2545 5113 sunt
2573 5059 2752 5124 labiis,
2780 5066 2841 5113 et.
2855 5063 3142 5110 moverunt
3170 5062 3352 5124 caput.
3384 5051 3518 5125 Spe.-

1939 5153 2080 5207 ravit
2109 5151 2161 5206 in
2187 5149 2419 5206 Domino
2453 5168 2465 5204 :
2498 5151 2696 5221 eripiat
2727 5165 2876 5215 eum,
2907 5149 3116 5204 salvum
3174 5146 3340 5202 faciat
3368 5162 3517 5208 eum,

1941 5247 2194 5318 quoniam
2226 5247 2342 5302 vult
2381 5261 2527 5311 eum,
2569 5245 2826 5316 quoniam
2868 5253 2922 5298 ιιι
2971 5259 3054 5306 es,
3087 5243 3180 5313 qui
3231 5241 3512 5298 extraxisti

1939 5356 2032 5396 me
2051 5339 2118 5396 de
2159 5349 2383 5407 ventre;
2417 5355 2542 5410 spes
2571 5353 2692 5393 mea
2730 5339 2798 5392 ab
2839 5336 3101 5392 uberibus
3133 5336 3324 5391 matris
3361 5347 3513 5392 mea!»

1889 5433 1891 5436 ⁴
1937 5433 1996 5489 ln
2021 5441 2077 5490 te
2107 5433 2385 5504 proiectus
2417 5448 2538 5488 sum
2558 5447 2622 5487 ex
2646 5437 2822 5484 utero.
2850 5429 2922 5485 De
2951 5439 3142 5484 ventre
3164 5429 3356 5483 matris
3384 5437 3518 5486 mea

1933 5529 2078 5586 Deus
2103 5543 2258 5585 meus
2283 5543 2343 5584 es
2373 5537 2454 5592 tu,
2481 5541 2549 5581 ne
2573 5524 2900 5580 discesseris
2926 5538 2956 5576 a
2987 5538 3095 5587 me,
3119 5523 3377 5595 quoniam}
3410 5519 3516 5582 ωε
