3936 6208
269 199 369 256 νει

1197 201 1872 271 'DEMONSTRATIONIS
1903 201 2365 260 EVANGELICE
2405 201 2535 274 LIB,
2567 201 2636 258 Χ.

3399 198 3518 257 ἺϐἏ

273 337 429 394 pata.
439 321 731 392 ’Δντικρυς
741 323 868 392 γοῦν
881 326 964 378 ἐπ’
977 324 1124 396 αὑτῷ
1135 342 1202 378 πε
1211 326 1314 397 πλη
1323 345 1398 397 ρω
1405 328 1538 398 μένα
1552 326 1622 380 τά
1633 343 1694 380 τε
1707 325 1834 381 ἄλλα

1944 324 2382 396 quandoquidem
2434 323 2512 378 illi
2555 323 2651 378 uni
2699 328 2754 377 et
2792 319 2923 375 nulli
2954 327 3211 390 praeterea
3253 318 3366 383 alii,
3397 335 3518 391 qua:

267 413 668 478 ἀποδείκνυται,
683 425 775 477 και
802 416 864 488 δὴ
889 417 950 470 τὸ
979 419 1183 488 φάσκον
1202 419 1259 472 ὲν
1280 419 1511 490 ψαλμῷ·
1547 437 1566 470 ι
1594 420 1845 491 Διεμερί-

272 523 431 560 σαντο
453 505 525 559 τὰ
555 507 746 578 ἱμάτιά
790 527 890 580 μου
923 512 1155 577 ἑαυτοῖς,
1197 513 1293 567 καὶ
1321 515 1412 566 ὲπὶ
1439 514 1528 567 τὸν
1555 515 1844 586 ίματισμόν

272 613 374 663 μου
427 596 616 650 ἔϐαλον
669 599 886 671 κλῆρον.
923 620 941 652 t
976 604 1084 656 Kal
1123 604 1224 673 τὴν
1275 605 1620 676 κατάπαρσιν
1648 606 1704 658 δὲ
1736 605 1864 674 τῶν,

267 682 431 752 ἥλων,
462 685 574 738 τῶν
600 688 740 741 κατὰ
761 688 871 742 τῶν
899 691 1094 762 χειρῶν
1127 695 1219 746 καὶ
1243 693 1416 747 ποδῶν
1445 696 1536 748 ἐπὶ
1561 695 1657 748 τοῦ
1686 712 1845 749 σταυ-

268 776 362 847 ροῦ
381 778 840 850 προσηλωθέντων
855 783 1020 855 αὐτῷ,
1037 784 1331 858 διαρρήδην
1354 786 1627 856 ἐμφαίνει,
1646 787 1839 856 λέγωνε

269 869 542 941 «Ὦρυξτν
589 874 776 942 χεῖράς
826 891 926 944 μου
971 877 1065 930 καὶ
1114 877 1281 942 πόδας
1321 897 1442 950 μου,
1470 878 1844 951 ἐξηρίθμησαν

263 964 444 1015 πάντα
471 962 540 1015 τὰ
573 965 707 1017 ὀστᾶ
736 982 858 1034 μου.
892 985 910 1016 ι
938 967 1046 1020 Kal
1069 967 1135 1023 τὰ
1155 967 1317 1022 λοιπὰ
1341 969 1396 1023 δὲ
1423 971 1567 1041 μόνῳ
1589 970 1658 1024 ἂν.
1675 972 1842 1044 ἐφαρ-

267 1053 431 1123 μόσαι
475 1053 644 1124 αύτῷ,
687 1055 759 1119 ὡς
807 1057 1010 1129 προῖὼν
1055 1061 1083 1112 ὁ
1129 1059 1283 1127 λόγος
1321 1063 1678 1133 παραστήσει.
1699 1065 1770 1118 Ἢ
1813 1065 1842 1118 ό

265 1145 584 1217 βουλόμενος
609 1148 693 1217 ἐφ’
713 1149 896 1220 ἕτερον
927 1151 1245 1220 μεταλαϐεῖν
1269 1156 1576 1227 πρόσωπον,
1601 1158 1718 1229 ῆτοι
1745 1158 1843 1230 βα-

262 1235 478 1301 σιλέως,
511 1236 544 1308 ἢ
575 1241 870 1311 προφήτου,
904 1243 936 1312 ῆ
967 1243 1060 1296 καί
1099 1263 1243 1309 τινος
1287 1246 1394 1300 τῶν
1435 1247 1652 1304 πώποτε
1689 1251 1841 1323 παρὰ

273 1325 546 1414 Ἰουδαίοις
579 1327 859 1398 θεοφιλῶν,
890 1331 1170 1397 δεικνύτω,
1205 1337 1253 1388 εἰ
1296 1331 1407 1400 οἷός
1437 1355 1494 1390 τε
1525 1339 1631 1408 εἴη,
1671 1341 1842 1414 ἐφαρ-

263 1413 450 1485 μόζειν
483 1417 550 1470 τὰ
581 1418 1064 1492 ἀναγεγραμμένα.
1081 1424 1197 1477 Τίνι
1219 1425 1326 1496 γὰρ
1344 1427 1451 1480 τῶν
1479 1427 1696 1482 πώποτε
1716 1413 1840 1484 κυο-

261 1507 611 1579 φορουμένων
659 1512 753 1564 ὲπὶ
791 1513 1042 1568 τοσοῦτον
1086 1516 1266 1588 παρῆν
1315 1518 1517 1591 ἀρετῆς
1546 1521 1643 1574 καὶ
1675 1522 1838 1576 δυνά-

263 1616 432 1671 μεως,
461 1601 600 1656 ὥστε
644 1603 946 1660 καθεστῶτι
987 1608 1248 1680 λογισμῷ,
1283 1612 1376 1664 καὶ
1413 1613 1702 1684 ἀσυγχύτῳ
1734 1614 1837 1684 ψυ-

1947 417 2003 470 in
2036 431 2101 471 eo
2121 416 2497 482 continentur.
2529 414 2882 470 conveniunt.
2915 410 3242 468 Planissime
3267 412 3435 483 igitur
3459 415 3517 469 in

1942 510 2038 566 illo
2063 525 2186 564 cum
2235 511 2338 570 alia
2395 509 2661 579 completa
2696 524 2820 564 esse
2872 515 3109 569 constat,
3157 522 3277 575 qua:
3327 508 3381 560 in
3413 507 3520 564 hoc

1944 604 2157 672 psalmo
2186 603 2460 672 leguntur,
2501 608 2616 654 tum
2667 616 2797 655 vero
2830 600 2992 654 etiam
3053 597 3188 653 illud
3246 599 3389 667 quod
3440 600 3517 653 ita

1944 694 2020 747 ait
2052 712 2063 747 :
2095 713 2112 745 ι
2159 693 2468 750 Diviseruut
2517 693 2839 748 vestimenta
2894 705 3012 745 mea
3070 689 3196 754 sibi,
3250 696 3305 743 et
3355 705 3519 758 super

1942 799 2146 840 vestem
2190 801 2362 839 meam
2418 785 2684 844 miserunt
2743 791 2970 837 sortem.
3047 801 3064 833 ι
3115 780 3516 850 'l‘rajeetionem

1940 893 2070 931 vero
2103 877 2380 930 clavorum
2416 875 2509 946 qui
2562 876 2708 930 illius
2755 874 3011 931 manibus
3068 888 3132 932 ac
3181 873 3412 942 pedibus
3461 873 3516 925 in

1943 985 2104 1024 cruce
2146 968 2284 1022 affixi
2344 976 2491 1030 sunt,
2528 967 2938 1023 evitlentissime
2971 965 3196 1029 indicat,
3233 965 3359 1019 dum
3390 965 3466 1018 ait
3498 983 3513 1019 :

1948 1077 1966 1112 ι
2009 1059 2291 1115 Fuderunt
2333 1073 2530 1114 manus
2561 1073 2710 1113 meas
2746 1065 2800 1113 et
2833 1057 2998 1127 pedes
3042 1071 3214 1118 meos,
3269 1053 3518 1108 dinume-

1941 1160 2200 1213 raverunt
2229 1152 2411 1206 omnia
2458 1165 2584 1206 ossa
2617 1166 2758 1207 mea.
2794 1169 2812 1200 ι
2845 1148 2935 1203 Sic
2979 1149 3143 1203 etiam
3175 1147 3379 1216 reliqua
3422 1146 3518 1200 uni

1942 1245 2017 1300 illi
2057 1259 2156 1299 nec
2183 1244 2274 1298 alii
2312 1243 2546 1313 cuipiam
2580 1251 2839 1313 praeterea
2869 1240 3217 1302 convenient,
3255 1237 3518 1312 quemad-

1939 1336 2158 1391 modum
2191 1351 2478 1406 progressa
2519 1335 2733 1404 longius
2774 1335 2946 1389 oratio
2973 1331 3388 1392 demonstrabit,
3425 1339 3518 1384 aut

1939 1435 2084 1482 certe
2121 1427 2303 1498 quivis
2331 1443 2432 1481 suo
2464 1427 2754 1490 arbitratu,
2782 1424 3032 1494 quamvis
3072 1423 3234 1476 aliam
3274 1420 3516 1492 proferat

1937 1533 2227 1587 personam
2261 1525 2356 1571 aut
2419 1519 2584 1588 regis,
2634 1523 2728 1570 aut
2765 1515 3075 1585 prophetae,
3129 1520 3224 1568 aut
3279 1514 3516 1584 alicujus

1938 1625 2148 1676 eorum,
2172 1609 2266 1679 qui
2298 1610 2572 1680 quondam
2603 1607 2745 1680 apud
2779 1607 2997 1663 Iudaeos
3031 1607 3123 1662 Dei
3157 1607 3319 1661 amici
3349 1615 3404 1662 et
3435 1607 3516 1661 fa-

257 1698 355 1766 χῇ,
402 1696 646 1768 νηφαλίῳ
680 1715 738 1752 τε
790 1701 1092 1772 φρονήματι
1125 1702 1258 1756 Θεοῦ
1289 1703 1488 1772 γνῶσιν
1527 1707 1834 1772 ἀναλαϐεῖν,

1939 1703 2184 1757 miliares
2213 1702 2550 1767 exstiterint,
2578 1700 2939 1771 ostendatque
2979 1701 3023 1756 si
3068 1700 3263 1771 possit,
3293 1715 3354 1755 ea
3395 1715 3516 1770 qua:

258 1787 355 1840 tta}.
381 1789 561 1843 πᾶσαν
590 1791 683 1844 ἐπὶ
709 1792 800 1846 τὸν
826 1793 958 1848 Θεὸν
979 1796 1275 1866 ἀναρτῆσαι
1299 1797 1464 1851 αὑτοῦ
1490 1800 1588 1870 τὴν
1612 1800 1832 1865 ὲλπίδα;

256 1878 389 1933 ὥστ’
422 1879 486 1934 ἂν
515 1884 724 1936 εἰπεῖν·
761 1887 912 1941 (Ὅτι
950 1889 1014 1940 σὺ
1046 1885 1094 1942 εἷ
1125 1893 1152 1944 ὁ
1184 1891 1468 1954 ὲκσπόισας
1534 1909 1600 1962 με
1646 1895 1708 1946 ὲκ
1745 1911 1837 1961 γα-

256 1973 422 2045 στρὸς
455 1975 659 2048 μητρός
692 1995 816 2048 μου,
852 1981 884 2051 ἡ
915 1981 1068 2045 ἐλπίς
1096 1999 1196 2051 μου
1229 1983 1338 2036 ἀπὸ
1369 1984 1588 2055 μαστῶν
1611 1985 1710 2056 τῆς
1741 2003 1840 2058 μη-

253 2062 384 2132 τρός
417 2081 539 2133 μου.
576 2066 700 2119 Ἐπὶ
751 2068 811 2120 σὲ
857 2070 1158 2141 ὲπερῤίφην
1189 2073 1252 2123 ἐκ
1283 2074 1513 2144 μήτρας,
1545 2076 1607 2139 ἐκ
1630 2075 1837 2140 κοιλίας

256 2155 466 2226 μητρός
511 2175 611 2228 μου
660 2159 790 2224 Θεός
835 2178 936 2232 μου
981 2160 1032 2216 εἴ
1074 2163 1158 2216 σύ.
1191 2185 1210 2216 ο
1244 2165 1341 2228 Τίς
1367 2165 1423 2218 δὲ
1448 2165 1688 2231 τοιοῦτος
1717 2167 1835 2239 Θεῷ

257 2246 658 2318 μεμελημένος,
687 2251 886 2316 ὄνειδος
931 2253 1233 2325 ἀνθρώπων
1265 2256 1457 2325 γέγονε
1498 2258 1592 2312 καὶ
1624 2259 1836 2326 ἐξουθέ-

253 2353 408 2408 νημα
436 2339 594 2405 λαοῦ;
624 2343 728 2396 ὑπὸ
775 2343 932 2397 τίνων
976 2345 1033 2398 δὲ
1077 2347 1171 2400 καὶ
1213 2349 1468 2412 ποδαπῶν
1500 2350 1712 2421 μόσχων
1739 2351 1834 2405 καλ¹

252 2430 474 2502 ταύρων
500 2434 604 2506 χρὴ
629 2439 767 2489 νοεῖν
797 2436 887 2489 τὸν
920 2439 1119 2492 τοιόνδε
1144 2441 1550 2507 κεκυκλῶσθαι;
1579 2444 1631 2496 τί
1661 2443 1716 2496 δὲ
1741 2461 1835 2496 πα-

255 2519 366 2574 θὼν
398 2523 427 2574 ό
460 2523 782 2598 δηλούμενος
810 2529 943 2582 ὡσεὶ
983 2529 1124 2603 ὕδωρ
1159 2531 1418 2603 ὲξεχύθη;
1457 2534 1550 2586 καὶ
1612 2533 1728 2598 πῶς
1758 2534 1836 2587 δι-

253 2614 590 2688 εσκορπίσθη
619 2617 781 2670 αὑτοῦ
816 2620 882 2673 τὰ
913 2620 1079 2686 ὀστᾶ;
1110 2623 1224 2687 πῶς
1254 2623 1310 2676 δὲ
1338 2625 1419 2695 είς
1447 2623 1573 2695 χοῦν
1603 2623 1833 2680 θανάτου

251 2705 525 2780 κατήχθη,
556 2709 650 2762 καὶ
680 2712 972 2782 καταχθεὶς
994 2717 1072 2778 εἰς
1096 2714 1223 2786 χοῦν
1246 2715 1499 2783 θανάτου,
1523 2716 1589 2770 τὰ
1610 2716 1834 2772 τοιαῦτα

251 2797 409 2852 λαλεῖ
438 2799 538 2864 ἔτι,
576 2804 669 2856 καὶ
696 2805 760 2875 ζῇ
791 2808 885 2858 καὶ
906 2805 1231 2875 φθέγγεται;
1265 2806 1408 2870 τίνες
1439 2808 1496 2861 δὲ
1526 2810 1574 2861 οἱ
1601 2809 1760 2874 κύνες
1783 2810 1832 2863 οἱ

252 2889 636 2957 κυκλώσαντα-ες
685 2895 866 2961 αὐτὸν,
899 2897 1073 2968 ἕτεροι
1133 2897 1286 2962 ὄντες
1331 2900 1484 2972 παρὰ
1527 2902 1653 2966 τοὺς
1699 2919 1833 2973 προ-

249 2984 677 3056 ωνομασμένους
703 2988 934 3060 ταύρους
951 2993 1043 3044 καὶ
1075 2991 1306 3062 μόσχους
1326 3009 1339 3057 ;
1360 2993 1489 3046 ποία
1515 2993 1570 3046 δὲ
1589 3011 1832 3063 συναγω-

255 3073 328 3148 γὴ
376 3079 824 3148 πονηρευομένων
865 3081 964 3145 τὰς
1000 3087 1187 3154 χεῖρας
1231 3086 1291 3140 ού
1337 3085 1514 3154 μόνον,
1556 3085 1692 3140 ἀλλὰ
1741 3087 1834 3140 καὶ

247 3165 382 3230 τοὺς
415 3167 580 3232 πόδας
625 3169 718 3224 τοῦ
751 3171 1066 3241 τηλικούτου
1110 3175 1344 3248 ὤρυξαν,
1376 3177 1744 3242 ἀποδύσαντες
1774 3197 1834 3233 τε

249 3255 438 3320 αὐτὸν,
469 3258 536 3312 τὰ
592 3259 692 3330 μέν
733 3278 855 3316 τινα
895 3263 1149 3332 διείλοντο
1177 3267 1344 3320 αὐτοῦ
1371 3267 1477 3320 τῶν
1502 3268 1832 3340 ἐνδυμάτων,

249 3346 322 3401 τὰ
351 3347 411 3401 δὲ
442 3350 536 3402 καὶ
575 3349 759 3422 κλήρῳ
792 3351 1046 3423 λαχόντες
1074 3355 1292 3422 ἔλαϐον;
1321 3360 1402 3423 τίς
1429 3359 1484 3412 δὲ
1519 3363 1550 3432 ἡ
1594 3362 1836 3432 ῥομφαία

248 3445 346 3497 καὶ
391 3445 421 3498 ό
462 3444 627 3509 κύων,
663 3447 755 3500 καὶ
785 3447 812 3498 ό
837 3447 1005 3514 λὲων;
1035 3450 1178 3516 τίνες
1207 3452 1262 3506 δὲ
1292 3457 1340 3506 οἱ
1374 3455 1654 3526 λεγόμενοι
1687 3474 1837 3526 μονοο

244 3533 512 3605 κέρωτες,
554 3535 646 3589 τὸν
693 3537 1019 3609 δηλούμενον
1054 3543 1428 3614 περιέχοντες;
1463 3547 1580 3610 πῶς
1609 3547 1665 3600 δὲ
1697 3547 1836 3618 μετὰ

240 3627 351 3698 τὴν
381 3629 518 3698 πρὸς
541 3630 827 3696 τοσούτους
857 3631 1056 3704 πάλην,
1081 3637 1220 3705 μετὰ
1249 3638 1308 3690 τὸ
1341 3641 1422 3702 εἰς
1447 3639 1577 3709 χοῦν
1601 3640 1832 3695 θανάτου

241 3718 609 3792 καταχθῆναι,
644 3723 1038 3792 ἐπαγγέλλεται
1066 3727 1128 3780 τὸ
1152 3727 1322 3799 όνομα
1362 3728 1455 3782 τοῦ
1517 3731 1730 3802 Πατρὺς
1757 3731 1835 3784 δι-

240 3811 524 3882 ηγεῖσθαι,
540 3814 602 3866 οὐ
629 3815 963 3892 «amem
988 3817 1168 3888 μόνοις
1189 3823 1300 3884 τοῖς
1328 3821 1520 3883 ἑαυτοῦ
1550 3822 1830 3892 ἀδελφοϊς;

239 3902 394 3967 τίνες
420 3921 478 3956 τε
503 3907 554 3958 οί
581 3905 818 3976 ἀδελφοὶ,
852 3908 935 3972 τίς
965 3927 1024 3962 τε
1057 3913 1088 3983 ἡ
1131 3912 1444 3984 Ἐκκλησία,
1475 3916 1600 3986 περὶ
1627 3910 1694 3987 ἦς
1727 3933 1833 3987 φη-

245 4013 337 4049 σιν
386 3997 415 4050 ό
461 3995 529 4050 τὰ
580 3999 804 4052 τοιαῦτα
851 4000 1078 4077 παθὼν,
1135 4021 1152 4052 ι
1190 4004 1279 4056 Ἐν
1326 4006 1475 4076 μέσῳ
1511 4006 1834 4076 Ἐκκλησίας

243 4088 478 4157 ὑμνήσω
527 4107 608 4152 σε,
661 4109 680 4140 ι
733 4085 814 4154 οἷς
858 4093 953 4145 καὶ
1003 4095 1262 4163 ἐπιλέγει,
1292 4095 1367 4157 ὼς
1410 4097 1516 4169 ἄρα
1554 4101 1653 4170 οὐχ
1687 4099 1745 4151 ἓν
1772 4099 1833 4152 τδ

259 4178 534 4235 Ἰουδαίων
567 4179 740 4246 ἔθνος,
777 4201 796 4233 ι
828 4186 1006 4238 πάντα
1027 4184 1082 4238 δὲ
1114 4185 1183 4238 τὰ
1217 4186 1428 4258 πέρατα
1455 4189 1552 4260 τῆς
1574 4191 1674 4261 γῆς
1709 4208 1832 4244 συν-

241 4271 618 4344 αισθήσονται,
651 4275 745 4327 καὶ¹
773 4277 1266 4349 ὲπιστραερήσονται
1307 4283 1439 4352 πρὸς
1488 4282 1710 4359 Κύριον,
1737 4285 1832 4338 καὶ

241 4364 716 4433 προσκυνήσουσιν
742 4363 971 4418 ἐνώπιον
1000 4367 1164 4420 αὑτοῦ
1197 4371 1363 4423 πᾶσαι
1391 4372 1445 4423 αἱ
1471 4372 1698 4443 πατριαὶ
1722 4372 1829 4426 τῶν

241 4447 452 4517 ὲθνῶνς
487 4469 504 4500 t
530 4451 640 4504 Καὶ
671 4453 733 4505 σὺ
758 4453 834 4516 δὲ,
873 4455 1019 4525 παρὰ
1051 4456 1231 4527 σαυτῷ
1262 4457 1556 4528 βασανίσας
1594 4462 1830 4533 ἑκάστην

163 4580 174 4587 ς
239 4540 393 4607 λέ-ξιν
441 4540 536 4594 τοῦ
586 4541 822 4613 ψαλμοῦ,
854 4543 950 4607 θέα
995 4547 1044 4598 εἰ
1091 4545 1313 4601 δυνατὸν
1345 4551 1436 4602 ἐπὶ
1466 4550 1554 4604 τὸν
1601 4553 1832 4624 τυχόντα

238 4633 544 4704 ἀναφέρειν
572 4633 642 4686 τὰ
665 4632 1043 4708 θεσπιξόμενα.
1063 4637 1200 4690 Ἀλλ’
1227 4639 1326 4692 οὑκ
1364 4641 1429 4696 ἂν
1455 4640 1634 4712 εὕροις
1661 4643 1832 4716 ἑτέρῳ

241 4744 328 4798 τῳ
353 4727 717 4797 ἐφαρμόττειν
747 4729 884 4782 αὐτὰ
915 4729 947 4800 ἢ
988 4731 1132 4802 μόνῳ
1158 4732 1366 4803 Σωτῆρι
1401 4736 1434 4804 ἡ
1445 4735 1578 4804 μῶν,
1607 4735 1666 4799 ὃς
1695 4738 1830 4790 πάν-

241 4837 358 4874 των
399 4820 718 4884 πιστότατος
757 4821 822 4874 ἂν
854 4822 936 4893 εἰή
972 4823 1066 4876 καὶ
1104 4823 1488 4896 ἀληθέστατος,
1523 4828 1603 4891 είς
1634 4829 1823 4882 ἑαυτοῦ

239 4911 538 4984 πρόσωπον
569 4913 875 4984 ἀνειληφὼς
901 4914 1002 4985 τὴν
1023 4915 1130 4967 ἀπὸ
1155 4915 1249 4969 τοῦ
1281 4915 1497 4987 ψαλμοῦ
1528 4918 1728 4988 φωνὴν,
1751 4919 1826 4983 ὡς

242 5005 638 5077 ἐμαρτύρησαν
667 5007 716 5058 οἱ
745 5006 1124 5075 εύαγγελισταί
1143 5025 1156 5038 ·
1186 5010 1214 5060 ὁ
1246 5009 1343 5080 μὲν
1365 5008 1640 5084 Martiale;
1664 5010 1731 5063 δι’
1752 5003 1827 5062 ὧν

239 5097 597 5170 παρεθέμεθα
630 5099 794 5152 αὐτοῦ
828 5099 1056 5165 λέξεων·
1087 5102 1116 5153 ὁ
1147 5102 1204 5172 δὲ
1246 5103 1472 5174 Μάρκος
1523 5103 1589 5156 δι’
1611 5096 1684 5156 ὧν
1735 5104 1828 5176 καὶ

240 5189 412 5252 αὐτὸς
436 5183 538 5242 ὧδέ
573 5208 688 5254 πως
715 5191 918 5262 ἱστορεῖ
949 5191 1120 5260 λέγων
1139 5209 1153 5222 ο
1187 5211 1207 5243 ι
1239 5194 1546 5265 Γενομένης
1585 5195 1644 5250 δὲ
1681 5193 1828 5266 ὥρας

238 5283 434 5351 ἕκτης,
458 5283 644 5346 σκότος
676 5283 892 5352 ἐγένετο
917 5286 999 5352 ἐφ’
1020 5284 1146 5357 ὅλης
1174 5288 1272 5357 τῆς
1299 5287 1422 5358 γῆς,
1441 5288 1544 5350 ἓως
1575 5287 1723 5359 ὥρας
1740 5272 1830 5361 ’ὲν-

236 5376 433 5445 νάτης.
471 5376 580 5428 Καὶ
615 5378 680 5446 τῇ
716 5375 909 5447 ὲννάτῃ
961 5375 1080 5448 ὥρᾳ
1128 5377 1352 5448 ἐϐόησεν
1401 5380 1430 5431 ό
1467 5377 1672 5450 Ἰησοῦς
1717 5395 1829 5449 φω-

237 5469 305 5538 νῇ
348 5465 580 5539 μεγάλῃ,
613 5465 784 5536 λέγων
803 5485 816 5500 ο
857 5468 1024 5534 Ἠλεὶ,
1042 5469 1208 5534 Ἠλεὶ,
1227 5470 1422 5542 λαμμᾶ
1453 5471 1776 5542 σαϐαχθανὶ,
1801 5473 1829 5526 ὅ

238 5560 362 5612 ἐστι
401 5557 938 5631 μεθερμηνευόμενον
957 5577 972 5594 ·
1024 5561 1080 5614 Ὁ
1113 5562 1264 5627 Θεὸς,
1295 5567 1323 5617 ὁ
1354 5564 1486 5626 θεός
1519 5583 1643 5635 μου,
1669 5568 1748 5631 εις
1775 5567 1828 5619 τί

246 5649 608 5728 ἐγκατέλιπές
639 5669 738 5721 με;
767 5653 877 5707 Καί
917 5671 1061 5718 τινες
1104 5654 1210 5710 τῶν
1243 5655 1586 5712 ἀκουσάντων
1611 5658 1791 5729 ἔλεγον
1811 5677 1824 5690 ·

1940 1793 2013 1846 ita
2043 1792 2320 1862 descripta
2367 1801 2526 1856 sunt,
2563 1793 2691 1848 huic
2722 1792 3035 1849 convenire.
3092 1791 3196 1846 Sed
3247 1793 3389 1847 enim
3425 1791 3514 1846 eui

1939 1899 2178 1954 unquam
2227 1900 2440 1946 eorum,
2469 1900 2608 1954 quos
2665 1885 2719 1940 in
2775 1895 2928 1939 utero
2973 1892 3148 1940 mater
3199 1883 3512 1955 gestaverit,

1938 1985 2146 2031 tantum
2206 1977 2460 2041 virtutis,
2531 1983 2856 2047 tantuntque
2917 1977 3114 2030 virium
3181 1975 3400 2030 adluit?
3455 1985 3516 2030 ut

1937 2071 2209 2126 constanti
2260 2071 2606 2142 cogitatione,
2667 2070 2957 2138 animoque
2989 2067 3406 2138 imperturbato,
3462 2077 3518 2124 et

1937 2168 2114 2216 mente
2149 2162 2330 2216 sobria
2361 2171 2415 2216 et
2449 2168 2653 2224 erecta,
2704 2160 2798 2216 Dei
2825 2161 3189 2232 cognitionem
3221 2162 3512 2232 acceperit,

1936 2263 1989 2309 et
2021 2269 2236 2308 omnem
2285 2269 2442 2308 suam
2475 2267 2625 2322 spem
2657 2254 2712 2308 in
2743 2252 2854 2308 Deo
2897 2253 3279 2324 collocaverit,
3340 2268 3516 2324 usque

1936 2341 2069 2398 adeo
2099 2351 2158 2398 ut
2204 2345 2442 2414 potuerit
2469 2345 2654 2400 dicere
2687 2365 2700 2401 :
2732 2364 2751 2398 ι
2792 2344 3060 2412 Quoniam
3091 2352 3150 2399 tu
3184 2361 3244 2402 es
3271 2346 3362 2416 qui
3419 2362 3516 2401 ex-

1937 2433 2148 2489 traxisti
2201 2449 2287 2489 me
2334 2433 2401 2488 de
2448 2444 2639 2490 ventre
2689 2435 2883 2489 matris
2935 2450 3086 2497 meae,
3128 2449 3254 2504 spes
3286 2450 3404 2489 mea
3445 2436 3514 2489 ab

1936 2525 2196 2580 uberibus
2225 2527 2417 2581 matris
2445 2542 2598 2591 meae,
2631 2528 2684 2581 in
2715 2534 2768 2582 te
2795 2527 3072 2597 projectus
3101 2541 3220 2584 sum
3245 2541 3312 2581 ex
3335 2535 3511 2590 utero,

1934 2619 2002 2673 de
2028 2627 2219 2673 ventre
2263 2619 2457 2674 matris
2492 2635 2625 2674 meae
2683 2617 2825 2674 Deus
2879 2634 3032 2675 meus
3079 2634 3140 2674 es
3184 2627 3263 2678 tu.
3320 2638 3338 2672 ι
3377 2619 3514 2686 Quis

1934 2725 2099 2780 porro
2127 2726 2370 2780 unquam
2396 2711 2486 2766 ubi
2521 2713 2639 2781 ipse
2677 2718 2841 2765 tantae
2866 2726 3012 2765 cura:
3039 2709 3150 2766 Deo
3176 2710 3362 2775 fuerit,
3392 2719 3516 2781 post

1933 2815 1996 2855 ea
2037 2801 2391 2872 opprobrium
2424 2801 2707 2856 hominum
2737 2809 2792 2856 et
2832 2801 3064 2870 abjeetio
3098 2802 3282 2872 populi
3337 2802 3514 2874 factus

1933 2891 2056 2950 est?
2077 2907 2106 2944 a
2133 2892 2334 2962 quibus
2370 2901 2552 2947 autem
2602 2899 2656 2947 et
2689 2892 3000 2962 cujusmodi
3025 2895 3234 2957 vitulis,
3272 2903 3364 2948 aut
3393 2905 3518 2950 tau-

1935 2989 2012 3042 ris
2043 2987 2452 3058 intelligendum
2484 2994 2568 3043 est
2617 2988 2762 3042 hunc
2793 2987 2963 3044 fuisse
2995 2989 3434 3048 circumdatum?
3462 2999 3516 3046 et

1935 3080 2066 3150 quid
2089 3080 2306 3136 tandem
2338 3081 2466 3137 huic
2493 3083 2594 3153 ipsi
2626 3084 2924 3147 accidit,ut
2948 3085 3105 3154 quasi
3138 3099 3277 3154 aqua
3309 3084 3515 3140 ell'usus

1937 3173 2126 3230 sit?et
2171 3175 2448 3244 quomodo
2476 3175 2726 3244 ejusdem
2786 3191 2911 3231 ossa
2965 3176 3214 3248 dispersa
3265 3178 3431 3234 sunt?
3460 3185 3516 3233 et

1935 3278 2041 3332 qua
2075 3264 2287 3318 ratione
2337 3264 2392 3320 in
2435 3266 2711 3335 pulverem
2749 3266 2962 3321 mortis-
2989 3267 3259 3322 deductus
3311 3269 3434 3322 est?
3459 3276 3515 3324 et

1935 3357 2166 3416 simulac
2223 3356 2276 3410 in
2314 3359 2475 3413 talem
2513 3359 2791 3428 pulverem
2817 3367 2903 3415 est
2927 3361 3216 3424 dedoctus,
3254 3355 3432 3416 adhuc
3458 3368 3516 3418 et

1934 3449 2066 3512 talia
2115 3449 2379 3520 loquitur,
2421 3458 2475 3505 et
2522 3451 2676 3514 vivit,
2706 3458 2760 3506 et
2790 3452 3032 3508 vocalem
3067 3469 3126 3509 se
3172 3454 3433 3525 praestat?
3461 3461 3516 3510 et

1935 3541 2158 3610 quinam
2210 3541 2300 3596 alii
2356 3557 2522 3597 canes
2568 3541 2722 3597 illum
2773 3543 3258 3599 circumdederunt
3308 3555 3509 3617 praeter

1934 3647 2051 3698 eos,
2083 3648 2222 3702 quos
2271 3633 2409 3688 dixit
2453 3641 2507 3689 et
2559 3641 2748 3688 tauros
2797 3641 2852 3688 et
2892 3635 3131 3690 vitulos?
3187 3637 3334 3706 quod
3383 3653 3513 3694 vero

1934 3724 2227 3779 consilium
2286 3724 2702 3796 malignantium
2755 3741 2864 3780 non
2921 3725 3098 3780 solum
3159 3742 3354 3781 manus
3416 3729 3512 3783 sed

1933 3814 2098 3870 etiam
2132 3815 2298 3886 pedes
2327 3815 2559 3884 hujusce
2609 3815 2675 3870 de
2709 3830 2819 3885 quo
2853 3831 3033 3870 sermo
3061 3823 3166 3879 est,
3221 3814 3514 3873 foderunt?

1937 3907 2031 3976 qui
2067 3908 2230 3962 etiam
2287 3917 2576 3979 postquam
2631 3908 2882 3963 eumdem
2940 3916 3243 3973 exuerunt,
3304 3919 3510 3980 partem

1936 3997 2156 4067 quidem
2207 4000 2656 4054 vestimentorum
2726 4000 2898 4069 ipsius
2961 3999 3236 4063 divisere,
3299 4008 3510 4071 partem

1933 4104 2062 4143 vero
2091 4089 2256 4158 jactis
2303 4091 2544 4156 sortibus
2575 4091 2969 4161 arripuerunt?
2999 4100 3052 4146 et
3099 4109 3346 4160 quaenam
3401 4094 3513 4147 fra-

1933 4196 2054 4235 mea
2097 4181 2226 4235 illa?
2255 4181 2381 4251 quis
2419 4182 2614 4238 canis?
2654 4184 2778 4253 quis
2818 4183 2944 4238 leo?
2977 4184 3068 4254 qui
3126 4185 3252 4238 item
3285 4184 3361 4239 illi
3417 4185 3511 4256 qul

1934 4271 2190 4330 dicuntur
2223 4273 2517 4329 unicornes
2545 4291 2690 4336 eum,
2732 4274 2799 4330 de
2841 4290 2954 4345 quo
3008 4291 3185 4332 sermo
3217 4285 3324 4344 est,
3357 4278 3510 4333 obsi-

1935 4345 2168 4418 dentes?
2198 4361 2360 4440 492
2393 4373 2448 4420 et
2477 4381 2582 4435 qua
2617 4365 2812 4422 fiducia
2841 4376 2965 4437 post
3001 4374 3208 4421 tantam
3233 4376 3422 4425 contra
3457 4367 3511 4423 id

1863 4433 1906 4488 θ
1934 4469 2107 4528 genus
2151 4455 2382 4521 luetam,
2439 4471 2502 4510 ac
2548 4470 2836 4528 postquam
2893 4459 2960 4512 in‘
3001 4459 3276 4528 pulverem
3318 4460 3511 4516 mortis

1931 4545 2200 4602 deductus
2230 4555 2336 4610 est,
2372 4549 2662 4617 pollicetur
2695 4566 2754 4606 se
2780 4565 2979 4605 nomen
3029 4551 3200 4620 patris
3253 4551 3336 4607 sui
3381 4567 3510 4606 nar-

1929 4645 2178 4692 raturum
2219 4653 2332 4694 non
2367 4640 2646 4702 omnibus,
2674 4641 2768 4696 sed
2808 4641 2942 4696 solis
2973 4645 3088 4696 suis
3121 4642 3382 4696 fratribus
3402 4642 3428 4694 ?
3457 4649 3511 4696 et

1930 4730 2024 4800 qui
2080 4731 2298 4786 tandem
2358 4731 2413 4785 hi
2465 4730 2716 4788 fratres?
2760 4749 3011 4804 quaenam
3079 4749 3206 4788 vero
3265 4731 3510 4788 Ecclesia

1936 4821 2070 4886 lucc,
2103 4823 2170 4876 de
2195 4838 2303 4892 qua
2329 4822 2375 4878 is
2409 4824 2503 4892 qui
2538 4826 2664 4878 talia
2693 4825 2934 4895 pertulit,
2968 4825 3040 4877 ita
3077 4825 3358 4894 loquitur?
3385 4845 3402 4874 ι
3451 4824 3510 4878 1η

1935 4913 2113 4987 medio
2145 4913 2398 4971 Ecclesiae
2458 4915 2692 4970 laudabo
2731 4925 2813 4980 te;
2875 4933 2894 4964 ι
2928 4915 3128 4983 quibus
3179 4916 3342 4970 etiam
3375 4915 3509 4970 illud

1935 5005 2185 5076 adjungit
2214 5025 2225 5059 :
2259 5007 2405 5076 quod
2445 5009 2636 5078 utique
2655 4996 2774 5062 “on
2807 5021 2912 5060 una
2939 5005 3167 5062 Judaica
3211 5022 3378 5078 gens,
3415 5005 3509 5062 sed

1941 5120 1958 5151 ι
1995 5087 2188 5154 omnes
2217 5099 2354 5170 lines
2382 5109 2543 5168 terrae
2587 5100 3006 5155 reminiscentur
3032 5107 3086 5154 et
3125 5106 3513 5154 convertentur

1938 5191 2007 5266 ad
2039 5192 2353 5266 Dominum,
2383 5199 2436 5250 et
2487 5191 2796 5247 adorabunt
2827 5190 2881 5244 in
2913 5199 3212 5261 conspectu
3242 5190 3364 5260 ejus
3393 5204 3513 5244 om-

1935 5303 2034 5341 nes
2080 5284 2298 5340 l‘amilite
2349 5286 2613 5360 gentium.
2656 5284 2972 5340 tCteterum
3034 5291 3091 5338 tu
3141 5299 3362 5354 quoque
3416 5282 3512 5340 ubi

1938 5395 2032 5450 per
2055 5388 2107 5435 te
2141 5380 2320 5449 ipsum
2353 5379 2568 5448 singula
2618 5377 2864 5448 ejusdem
2894 5377 3088 5449 psalmi
3137 5377 3304 5432 verba
3325 5377 3514 5448 explo-

1937 5471 2166 5534 raveris,
2195 5472 2353 5526 facile
2399 5469 2674 5540 intelliges
2707 5478 2898 5527 utrum
2913 5484 2977 5526 ea
3000 5484 3123 5538 quae
3156 5469 3210 5522 in
3231 5469 3356 5539 ipso
3379 5483 3514 5524 cun-

1939 5564 2182 5618 tinentur
2232 5563 2298 5617 ad
2335 5564 2609 5632 vulgarem
2659 5569 2984 5640 quempiam
3013 5559 3205 5618 referri
3253 5562 3464 5632 possint
3496 5581 3514 5618 ;

1937 5656 2082 5726 quod
2119 5672 2242 5727 cum
2281 5655 2498 5727 feceris,
2523 5667 2671 5714 certe
2717 5671 2838 5722 nou
2893 5653 3148 5727 invenies
3178 5658 3267 5708 cui
3301 5652 3528 5716 tandem
