3936 6208
539 193 648 253 763

1241 197 1513 255 EUSEBII
1549 198 2033 258 CESABIENSIS
2071 199 2224 260 OPP.
2265 200 2447 259 PARS
2474 202 2540 259 ll.
2578 234 2646 247 —
2674 203 3167 263 APOtOGETlCA.
3616 214 3697 273 τοι

536 312 633 370 illa
662 315 1012 383 conveniant,
1034 321 1230 386 praeter
1259 330 1428 371 unum
1466 316 1802 375 Salvatorem
1832 326 2079 375 nostrum

2220 320 2403 376 Ἠλίαν
2445 326 2631 392 «ptoch
2667 342 2685 374 ι
2718 324 2854 396 Φέρε
2876 324 2939 395 δὴ
2962 320 3059 378 οὖν
3087 324 3293 388 τούτοις
3321 326 3587 396 ἀκολούθοις
3604 334 3696 391 ἴδω.

536 410 632 482 qui
685 410 927 501 omn‘ium
968 416 1022 464 et
1062 408 1376 467 ﬁdelissime
1424 418 1479 467 ct
1536 412 1820 468 verissime
1877 412 2107 483 hujusce

535 501 734 574 psalmi
761 515 924 556 voces
952 500 1008 555 in
1046 516 1202 557 suam
1232 517 1520 574 personam
1552 505 1878 575 assumpsit,
1915 520 2107 575 quem-

535 592 826 648 admodum
886 593 1233 663 evangelistae
1284 593 1558 651 testiﬁcati
1610 604 1758 652 sunt.
1820 596 2105 657 Mattheus

534 681 752 753 quidem
782 682 893 739 illis
919 683 1100 738 verbis
1149 699 1272 754 quae
1313 693 1472 741 antea
1528 688 1839 744 retulimus.
1888 688 2104 746 Marcus

533 780 716 829 autem
768 772 838 830 iis
889 774 1089 845 quibus
1135 776 1302 831 etiam
1344 775 1455 842 ille,
1488 785 1676 849 utpote
1704 779 1799 850 qui
1852 781 1907 834 in
1956 781 2103 837 hunc

530 864 754 921 modum
776 873 961 922 narret
987 884 1003 921 :
1032 885 1052 918 ι
1088 865 1154 920 Et
1176 866 1317 923 facta
1339 869 1472 925 hora
1507 878 1660 926 sexta
1690 872 1927 928 tenebrae
1946 872 2105 929 factae

532 963 664 1010 sunt
687 970 854 1027 super
881 964 1047 1012 totam
1080 967 1281 1013 terram
1317 975 1492 1032 usque
1543 962 1610 1016 ad
1658 963 1847 1018 horam
1879 980 2098 1022 nonam.

530 1045 599 1101 Et
622 1046 756 1103 hora
784 1064 931 1105 nona
956 1050 1277 1107 exclamavit
1294 1049 1456 1109 Jesus
1479 1069 1614 1109 voce
1645 1070 1838 1126 magna
1870 1057 2096 1113 dicens:

530 1135 637 1204 Eli,
662 1137 766 1206 Eli,
788 1140 987 1195 lamina
1022 1141 1402 1209 sabacbthani,
1443 1143 1586 1213 quod
1620 1154 1705 1199 est
1739 1161 1804 1200 ex
1829 1146 2098 1217 interpre-

530 1231 739 1288 tatione
762 1250 778 1288 :
805 1231 970 1299 Deus,
1005 1233 1149 1290 Deus
1170 1250 1346 1301 meus,
1373 1236 1441 1290 ad
1468 1238 1598 1307 quid
1615 1237 1955 1307 dercliquisti
1980 1238 2101 1295 me?

528 1321 599 1379 Et
652 1325 876 1395 quidam
924 1342 991 1382 ex
1023 1329 1372 1385 audientibus
1426 1329 1730 1385 dicebant:
1783 1329 1957 1385 Eliam
1997 1347 2097 1386 vo-

529 1418 619 1467 cat
646 1410 714 1467 ⁸⁸.
750 1432 769 1465 ι
794 1416 907 1485 Age
934 1415 1100 1485 igitur
1142 1420 1373 1488 posthac
1406 1419 1527 1490 ipso
1569 1420 1758 1475 ordine
1793 1422 2094 1488 videamus,

528 1518 637 1574 qua
663 1504 874 1561 ratione
907 1522 971 1562 ea
995 1523 1116 1578 quae
1141 1509 1197 1564 in
1233 1510 1337 1566 hoc
1380 1512 1594 1582 psalmo
1623 1514 1995 1582 continentur,
2028 1516 2095 1571 ad

528 1594 683 1650 illum
730 1595 1015 1654 referenda
1068 1599 1199 1656 sint.
1260 1601 1339 1657 Ac
1383 1603 1619 1674 primum
1682 1606 2096 1678 inscriptionem

526 1685 702 1757 ipsam
725 1694 1044 1757 tractemus,
1065 1707 1187 1761 quae
1204 1693 1333 1748 talis
1359 1668 1445 1750 est
1478 1713 1491 1750 :
1530 1714 1549 1747 ι
1588 1695 1645 1751 in
1677 1695 1837 1752 ﬁnem
1858 1668 1935 1764 λ’,
1965 1718 1986 1751 ι
2013 1701 2097 1756 vel
2127 1668 2171 1728 Β

524 1782 978 1852 quemadmodum
998 1785 1193 1854 Aquila
1226 1786 1396 1842 edidit
1422 1805 1435 1840 :
1466 1806 1485 1840 ι
1528 1789 1772 1844 victoria:
1804 1791 2037 1857 auctori,
2071 1811 2091 1844 ι

523 1873 611 1930 vel
655 1875 820 1930 etiam
867 1884 927 1929 ut
961 1873 1323 1948 Symmachus
1377 1896 1392 1933 :
1451 1898 1472 1932 ι
1534 1879 1604 1934 ad
1654 1881 1937 1937 victoriam
1994 1900 2096 1956 pro

523 1969 894 2038 susceptione.
924 1989 945 2023 ι
979 1970 1106 2026 llaec
1132 1985 1264 2027 sane
1290 1970 1453 2027 nobis
1494 1973 1721 2029 veniunt
1749 1974 1807 2029 in
1834 1985 2092 2042 mentem,

522 2069 811 2133 propterea
858 2065 1002 2134 quod
1052 2065 1312 2122 salutaris
1366 2067 1458 2121 illa
1515 2069 1722 2139 passio,
1778 2076 1839 2123 ut
1887 2071 2094 2142 scripta

426 2148 431 2153 ’
521 2152 980 2223 evangelistarum
1009 2155 1410 2223 demonstrant,
1442 2158 1683 2229 perfecta
1735 2166 1817 2215 est
1875 2160 2097 2217 circiter

521 2243 714 2300 horam
734 2248 972 2315 ,‘nonam,
1010 2248 1170 2305 factis
1205 2248 1319 2319 jam
1367 2250 1627 2314 tenebris,
1659 2252 1731 2307 ab
1756 2254 1890 2308 hora
1939 2263 2093 2310 sexta

519 2354 696 2410 usque
752 2339 820 2395 ad
871 2339 1064 2396 horam
1118 2356 1341 2406 nouam,
1398 2356 1505 2412 qua
1553 2357 1687 2398 sane
1740 2343 1875 2399 hora
1926 2347 2093 2402 etiam

517 2446 709 2488 vocem
736 2445 988 2503 magnam
1017 2433 1222 2505 emisit,
1249 2440 1304 2489 et
1335 2450 1399 2489 ea
1430 2451 1551 2506 qua:
1574 2437 1737 2508 paulo
1777 2446 1906 2494 ante
1952 2439 2078 2494 reci-

516 2523 779 2590 tavimus,
822 2523 1069 2594 protulit,
1114 2532 1174 2578 ut
1205 2525 1364 2595 plane
1408 2528 1481 2583 sit
1513 2529 1913 2595 conﬁtendum,
1946 2531 2091 2587 illius

515 2611 830 2685 passionem
866 2612 933 2667 ad
965 2628 1246 2684 vesperam
1274 2622 1436 2671 nocte
1454 2617 1781 2674 adventante
1812 2617 2000 2675 fuisse.
2023 2619 2092 2676 At

514 2702 731 2759 reditus
753 2700 1000 2772 ejusdem
1031 2717 1062 2756 a
1092 2703 1482 2774 mortuis,quae
1502 2705 1898 2779 fuitsusceptio
1916 2712 2090 2779 patris

515 2794 673 2851 illum
726 2793 1098 2864 suscipientis,
1143 2803 1199 2849 et
1243 2796 1312 2850 ad
1367 2797 1609 2866 seipsum
1662 2813 1731 2854 ex
1774 2801 2090 2871 regionibus

515 2883 711 2941 mortis
735 2883 1072 2942 adtrahentis
1091 2894 1254 2956 atque
1274 2889 1630 2954 assumentis,
1656 2890 1802 2946 circa
1832 2907 2086 2948 auroram

2209 429 2330 483 μεν,
2355 414 2504 477 ὅπως
2526 416 2607 475 εἰς
2625 414 2787 467 αὑτὸν
2808 414 3217 486 ἀνενεχθήσεται
3231 414 3297 468 τά
3319 415 3400 469 διά
3422 417 3507 472 τοῦ
3528 421 3694 494 ψαλμοῦ

2204 502 2528 575 δηλούμενα.
2560 505 2671 558 Καὶ
2694 504 2909 577 πρῶτόν
2939 521 3003 575 γε
3035 504 3367 578 διαλάϐωμεν
3390 507 3480 580 τὴν
3508 512 3694 579 φάσκου-

2206 611 2305 648 σαν
2331 595 2672 667 προγραφὴν,
2718 615 2741 648 ι
2778 598 2859 661 είς
2885 596 2946 649 τὸ
2968 596 3138 660 τέλος,
3175 616 3194 650 ι
3229 598 3285 668 ἦ,
3309 600 3443 653 κατά
3468 604 3546 656 τὸν
3576 604 3699 659 ’Δχύο

2203 684 2323 752 λαν,
2359 703 2379 737 ι
2405 685 2484 757 τῷ
2524 685 2803 757 νικοποιῷ,
2836 705 2856 738 ι
2895 686 2953 758 ἢ,
2979 686 3119 741 κατά
3140 686 3232 741 τὸν
3256 688 3542 761 Σύμμαχον,
3568 711 3583 744 ι
3605 695 3698 749 ἑπι-

2203 775 2371 841 νίκιος
2417 776 2561 849 ὑπὲρ
2603 777 2702 848 τῆς
2728 776 3078 850 ἀντιλήψεως.
3108 796 3127 830 ι
3161 777 3322 832 Ταῦθ’
3343 781 3480 850 ἡμᾶς
3503 782 3699 856 ὑπεισέρ-

2201 883 2376 938 χεται,
2409 867 2491 920 ὅτι
2512 867 2573 920 τὸ
2603 866 2702 938 μὲν
2744 868 3008 940 σωτήριον
3031 866 3221 933 πάθος,
3256 868 3333 932 ὡς
3370 871 3425 923 al.
3452 869 3597 936 λέξεις
3616 873 3698 928 τῶν

2201 958 2606 1028 εὐαγγελιστῶν
2649 959 3019 1031 παρέστησαν,
3063 959 3285 1024 σκότους
3333 962 3590 1033 γενομένου
3621 965 3698 1018 ἀπὺ

2200 1049 2349 1122 ὥρας
2371 1051 2533 1122 ἕκτης
2547 1049 2653 1114 ἕως
2671 1048 2820 1120 ὥρας
2843 1050 3086 1120 ὲννάτης,
3120 1051 3263 1122 ἀμφὶ
3280 1051 3376 1123 τὴν
3395 1053 3592 1124 ὲννάτην
3610 1071 3699 1108 συν-

2201 1143 2479 1216 ετελέσθη,
2509 1144 2597 1197 ὅτε
2620 1144 2714 1197 καὶ
2741 1143 2841 1215 τὴν
2876 1143 3057 1214 φωνὴν
3081 1143 3262 1215 ἀφῆκε
3292 1142 3384 1215 τὴν
3404 1144 3626 1216 μεγάλην,
3648 1147 3698 1200 τὰ

2203 1233 2383 1306 μικρῷ
2404 1234 2637 1306 πρόσθεν
2654 1233 2994 1307 δεδηλωμένα
3012 1234 3201 1296 εἰπὼν,
3230 1234 3365 1289 ὥστε
3392 1235 3699 1306 ὁμολογεῖσθαι

2202 1323 2388 1395 σαφῶς
2418 1325 2480 1378 τὸ
2499 1324 2670 1389 πάθος
2689 1324 2853 1378 αὑτοῦ
2889 1326 3041 1397 ἀμφὶ
3052 1325 3151 1398 τὴν
3181 1326 3410 1398 ἑσπέραν
3438 1328 3600 1392 νυκτὸς
3624 1330 3698 1382 tv:-

2199 1415 2527 1487 ελαυνούσης
2539 1415 2923 1485 γεγονέναι.Τά
2936 1417 2991 1471 δὲ
3004 1418 3100 1488 τῆς
3115 1419 3180 1471 ὲκ
3190 1417 3388 1489 νεκρῶν
3399 1419 3697 1483 ἀναστάσεως,

2197 1509 2317 1580 ἥτις
2346 1503 2413 1580 ἦν
2439 1506 2719 1577 ἀντίληψις
2746 1506 2842 1560 τοῦ
2867 1508 3078 1579 Πατρὸς
3103 1508 3613 1581 ἀντιλαμϐανομένου,
3632 1513 3698 1565 καὶ

2199 1601 2281 1664 είς
2301 1600 2491 1653 ἑαυτὸν
2522 1601 2585 1653 ὲκ
2615 1599 2725 1653 τῶν
2749 1599 2841 1653 τοῦ
2869 1598 3104 1655 θανάτου
3133 1601 3342 1673 χωρίων
3360 1603 3696 1672 ἐπισπωμένου,

2198 1695 2293 1748 καὶ
2311 1692 2377 1746 λα
2385 1692 2677 1764 μϐάνοντος
2694 1694 2875 1758 αὐτὸν,
2887 1695 3029 1765 ἀμφὶ
3046 1693 3146 1765 τὴν
3166 1693 3243 1747 ἔω
3260 1693 3486 1762 γέγονεν,
3504 1693 3570 1756 ὼς
3585 1689 3695 1756 αὖθις

2198 1784 2306 1839 ἀπὸ
2331 1786 2428 1856 τῆς
2454 1784 2563 1838 τῶν
2594 1785 2990 1854 εὑαγγελιστῶν
3018 1784 3320 1858 μαρτυρίας
3347 1785 3697 1857 παρίσταται.’0

2196 1877 2328 1947 γοῦν
2341 1879 2553 1943 Λουκᾶς
2570 1895 2701 1951 φησι
2717 1896 2731 1909 ο
2757 1899 2774 1930 ι
2787 1880 2865 1951 Τῇ
2887 1879 2943 1932 δὲ
2962 1881 3061 1951 μιᾷ
3075 1878 3476 1933 τῶνΣαὸσάτων
3490 1873 3623 1950 ἦλθον
3632 1878 3698 1944 δρ-

2197 1968 2326 2040 θρου
2355 1969 2558 2040 βαθέως
2584 1972 2676 2024 ἐπὶ
2705 1971 2767 2025 τὸ
2801 1975 3083 2043 μνημεῖον,
3118 1971 3373 2043 φέρουσαι
3398 1972 3433 2026 ἀ
3458 1970 3696 2042 ἡτοίμασαν

2195 2059 2481 2132 ἀρώματα,
2505 2081 2524 2111 ι
2539 2061 2778 2131 δηλονότι
2800 2062 2856 2115 αἱ
2873 2064 3150 2130 γυναῖκες,
3168 2063 3261 2117 καί
3274 2079 3412 2127 τινες
3430 2062 3516 2115 σὺν
3533 2062 3693 2124 αὑταίςθ

2200 2171 2219 2205 ι
2230 2145 2289 2206 εὖ
2298 2169 2386 2222 ρον
2428 2152 2486 2206 δὲ
2510 2153 2601 2206 τὸν
2616 2151 2761 2206 λίθον
2776 2152 3274 2225 ἀποκεκυλισμένον
3292 2156 3357 2207 ὲκ
3367 2153 3455 2206 τοῦ
3469 2150 3692 2223 μνημείουο

2193 2242 2529 2296 εἰσελθοῦσαι
2566 2243 2622 2297 δὲ
2657 2244 2756 2314 οὺχ
2787 2236 2948 2316 εὗρον
2978 2244 3039 2297 τὸ
3075 2244 3256 2315 σῶμα,
3284 2263 3301 2295 ι
3332 2244 3416 2298 διὰ
3442 2242 3497 2297 τὸ
3525 2243 3604 2314 ἠδη
3627 2242 3692 2294 τὴν

2193 2334 2423 2406 Σωτῆρα
2456 2333 2612 2406 ἡμῶν
2640 2338 2705 2389 ὲκ
2749 2335 2961 2409 νεκρῶν
2992 2335 3313 2408 ἐγηγέρθαι.
3345 2335 3504 2390 Τοῦτο
3528 2335 3575 2388 δὲ
3599 2334 3694 2387 αὐτο

2192 2427 2286 2480 καὶ
2298 2427 2329 2479 ὁ
2347 2427 2569 2498 Μάρκος
2579 2427 2747 2497 δηλοῖ,
2764 2427 2957 2497 λέγων*
2982 2447 3000 2479 ι
3026 2429 3138 2482 Καὶ
3156 2428 3274 2482 λίαν
3296 2427 3436 2500 πρωῒ
3450 2429 3508 2497 τῇ
3522 2428 3602 2497 μιᾷ
3614 2424 3691 2477 τῶν

2191 2513 2483 2569 Σαϐϐάτων
2515 2516 2763 2588 ἔρχονται
2793 2517 2884 2569 ἐπὶ
2915 2516 2975 2570 τὸ
3009 2521 3275 2589 μνημεῖον
3294 2557 3310 2583 ,
3347 2516 3692 2587 ἔτι(1)άνατεί-

2190 2604 2380 2670 λαντος
2400 2606 2495 2659 τοῦ
2510 2606 2688 2679 ἡλίου,
2715 2609 2810 2662 καὶ
2826 2608 3011 2677 ἔλεγον
3037 2610 3175 2681 πρὸς
3186 2609 3379 2674 ἑαυτάς
3397 2627 3410 2640 ·
3438 2610 3523 2672 Τίς
3534 2609 3693 2660 amo-

2189 2696 2314 2772 λίσῃ
2343 2700 2476 2768 ἡμῖν
2504 2699 2595 2753 τὸν
2636 2699 2779 2754 λίθον
2826 2700 2935 2753 ἀπὸ
2975 2701 3078 2772 τῆς
3125 2700 3295 2771 θύρας
3335 2700 3424 2755 τοῦ
3454 2699 3689 2772 μνημείοις

2187 2785 2256 2862 ἦν
2293 2790 2402 2861 γὰρ
2437 2790 2609 2862 μέγας
2642 2791 2867 2863 σφόδρα.
2915 2793 3246 2865 Ἔρχονται,
3282 2795 3372 2848 καὶ
3416 2792 3692 2864 εὑρίσκουσιν

2188 2882 2351 2936 αὐτὸν
2386 2884 2901 2956 ἀποκεκυλισμένον.
2946 2905 2965 2938 ι
3000 2882 3110 2939 Ἱιν
3150 2887 3211 2940 δὲ
3238 2887 3336 2958 ἤδη
3372 2885 3686 2958 ἐγηγερμένος.

517 2974 642 3039 fuit,
674 2973 1135 3046 quemadmodum
1188 2992 1384 3032 rursus
1432 2980 1891 3051 evangelistarum
1934 2986 2087 3039 testi-

2192 2972 2376 3043 Ἔχεις
2406 2975 2501 3028 καὶ
2529 2974 2679 3046 παρά
2707 2975 2784 3047 τῷ
2827 2977 3051 3050 Ἰωάννῃ
3090 2977 3187 3050 τὴν
3233 2978 3397 3049 αὐτὴν
3423 2975 3687 3048 μαρτυρίαν,

515 3069 704 3124 monio
732 3068 1106 3126 conﬁrmatur.
1134 3067 1416 3141 Siquidem
1446 3069 1624 3129 Lucas
1654 3073 1770 3130 hac
1791 3076 1869 3130 ait
1893 3095 1945 3129 ιι
1968 3075 2087 3132 Una

2190 3062 2400 3133 λέγοντι
2421 3083 2435 3096 ·
2472 3084 2491 3118 ι
2521 3067 2565 3119 Τ
2567 3070 2600 3138 ᾗ
2630 3066 2688 3121 δὲ
2718 3070 2816 3140 μιᾷ
2849 3068 2957 3122 τῶν
2987 3068 3283 3124 Σκεδάτων
3314 3069 3514 3142 ἔρχεται
3548 3064 3684 3137 Μαρία

515 3168 699 3216 autem
728 3157 1087 3217 Sabhatorum
1114 3160 1273 3220 valde
1302 3162 1544 3219 diluculo
1574 3173 1842 3221 venerunt
1872 3166 1941 3225 ad
1976 3182 2089 3223 mo-

516 3260 840 3308 nomentum
889 3251 1149 3316 ferentes,
1194 3270 1315 3325 qua
1366 3264 1694 3325 paraverant
1734 3268 2015 3325 aromata,
2061 3279 2081 3313 ι

513 3343 681 3417 493
709 3344 966 3401 mulieres
988 3346 1241 3402 videlicet
1274 3355 1330 3402 et
1362 3348 1612 3403 nonnulli
1647 3365 1772 3404 cum
1792 3350 1910 3417 eis;
1945 3372 1964 3403 ι
2003 3353 2089 3407 in-

514 3446 781 3494 venerunt
805 3445 983 3492 autem
1012 3438 1245 3508 lapidem
1278 3440 1584 3495 revolutum
1613 3457 1643 3494 a
1685 3452 2036 3498 monumento
2068 3464 2081 3499 :

514 3536 573 3583 et
598 3528 860 3600 ingressa:
891 3546 999 3583 non
1047 3529 1373 3584 invenerunt
1402 3544 1605 3599 corpus
1634 3531 1704 3595 ’°,
1741 3550 1759 3583 ι
1801 3543 2087 3602 propterea

513 3618 664 3691 quod
690 3620 802 3689 jam
832 3628 949 3674 tum
979 3619 1229 3674 Salvator
1259 3631 1446 3677 noster
1471 3636 1503 3675 a
1536 3629 1714 3677 morte
1743 3625 2088 3679 eratexcita-

514 3717 627 3766 tus.
681 3708 796 3765 Hoc
835 3726 966 3766 vero
1014 3711 1193 3781 ipsum
1227 3710 1444 3767 Marcus
1480 3728 1697 3784 quoque
1722 3714 1962 3769 ostendit
2004 3717 2085 3770 sic

514 3800 708 3857 dicens
742 3820 756 3855 :
787 3819 807 3853 ι
846 3799 912 3855 Et
945 3802 1101 3856 valde
1141 3818 1303 3859 mane
1330 3819 1438 3857 una
1472 3804 1834 3859 Sahbatorum
1859 3808 2085 3862 veniunt

513 3890 584 3949 ad
608 3900 1043 3955 monumentum,
1077 3903 1197 3946 orto
1218 3893 1329 3962 jam
1360 3895 1495 3959 sole,
1522 3901 1577 3949 et
1623 3894 1876 3951 dicebant
1922 3898 1990 3952 ad
2025 3914 2084 3954 se

513 3982 750 4039 invicem
786 4002 798 4038 :
827 3981 964 4049 Quis
987 3984 1227 4038 revolvet
1258 3984 1416 4040 nobis
1439 3984 1672 4055 lapidem
1698 3987 1766 4041 ab
1793 3988 1935 4042 ostio
1968 4003 2083 4042 mo-

510 4075 798 4131 numenti?
825 4083 945 4131 erat
981 4077 1181 4146 quippe
1231 4092 1462 4148 magnus
1502 4079 1657 4133 valde
1690 4098 1703 4132 :
1733 4087 1788 4134 et
1836 4081 2079 4145 veniunt,

508 4175 567 4224 et
601 4168 885 4225 inveniunt
934 4183 1061 4225 eum
1113 4169 1417 4224 revolutum
1445 4170 1513 4223 ’¹.
1550 4188 1569 4221 ι
1608 4170 1736 4225 Erat
1761 4183 1939 4226 autem
1969 4172 2080 4241 jam

507 4269 627 4314 tum
655 4261 944 4317 excitatus.
986 4259 1166 4316 llabes
1198 4262 1340 4331 apud
1392 4259 1655 4315 Joannem
1685 4277 1902 4332 quoque
1939 4263 2081 4318 idem

2190 3159 2224 3231 ή
2253 3158 2583 3233 Μαγδαληνὴ
2625 3160 2769 3233 πρωῒ
2794 3162 2875 3225 είς
2904 3160 2967 3214 τὸ
3000 3165 3288 3233 μνημεῖον,
3312 3162 3387 3215 ἔτι
3413 3159 3596 3223 σκοτίας
3619 3157 3683 3211 οὗ·

2190 3265 2311 3322 σης,
2334 3250 2428 3303 καὶ
2451 3250 2639 3321 βλέπει
2666 3250 2760 3307 τὸν
2781 3251 2927 3306 λίθον
2956 3253 3198 3325 ἠρμένον
3221 3255 3285 3308 ἐκ
3315 3252 3405 3307 τοῦ
3432 3252 3680 3325 μνημείου.»

2187 3342 2297 3396 Καὶ
2323 3345 2352 3396 ό
2378 3344 2651 3408 Ματθαῖος
2677 3344 2767 3410 δὲ,
2818 3348 2867 3399 εί
2910 3347 3003 3399 καὶ
3042 3345 3143 3416 ὀψὲ
3195 3346 3474 3401 Σαῦὁάτων
3502 3345 3682 3415 εἴρηκεν,

2187 3435 2300 3488 ἀλλ’
2334 3437 2581 3508 ἐπιφέρει
2613 3436 2816 3505 λέγων’
2864 3457 2882 3489 ι
2914 3438 3028 3507 Τῆς
3073 3438 3479 3509 ὲπιφωσκούσης
3504 3437 3569 3499 είς
3592 3433 3682 3504 μίαν

2187 3527 2508 3593 Σαϐϐάτων,
2536 3524 2668 3600 ἦλθε
2710 3530 2896 3602 Μαρία
2939 3532 2974 3601 ἡ
3010 3531 3376 3603 Μαγδαληνὴ,
3403 3529 3487 3584 καὶ
3521 3530 3547 3598 ἡ
3588 3525 3681 3591 άλλη

2186 3621 2375 3692 Μαρία
2398 3619 2667 3693 θεωρῆσαι
2696 3621 2784 3675 τὸν
2811 3622 3003 3692 τάφον,
3036 3623 3134 3677 καὶ
3164 3623 3270 3678 ιδοὺ
3297 3622 3500 3693 σεισμὸς
3524 3616 3682 3688 ἐγένετο

2189 3713 2380 3784 μέγας.
2409 3714 2672 3783 Ἀγγελος
2702 3714 2812 3786 γάρ
2848 3716 3055 3787 Κυρίου
3077 3756 3091 3780 ,
3126 3716 3367 3781 καταϐάς
3396 3716 3451 3782 ἐξ
3476 3707 3678 3783 οὐρανοῦ,

2186 3803 2495 3874 προσελθὼν
2531 3804 2827 3859 ἀπεκύλισε
2860 3806 2949 3860 τὸν
2990 3805 3139 3861 λίθον
3180 3807 3288 3861 ἀπὸ
3324 3807 3418 3878 τῆς
3452 3803 3593 3874 θύρας
3613 3795 3678 3850 τοῦ

2188 3895 2471 3967 μνημείου.
2508 3914 2526 3947 ι
2557 3895 2741 3950 Ταῦτα
2771 3896 2826 3950 δὲ
2858 3898 3170 3967 ἀναγκαίως
3198 3898 3496 3970 παρεθέμην
3517 3896 3582 3956 εἰς
3603 3906 3680 3941 πα·

2187 3989 2446 4062 ράστασιν
2469 3987 2570 4059 τῆς
2603 3990 2661 4041 έν
2684 3988 2763 4059 τῷ
2783 3988 2982 4060 ψαλμῷ
3016 3989 3486 4061 προφητευομένης
3509 3981 3677 4050 ἑωθινῆς

2183 4079 2536 4151 ἀντιλήψεως,
2572 4080 2722 4133 Ἐπεὶ
2753 4079 2861 4152 γὰρ
2897 4081 2964 4134 τά
2995 4084 3125 4153 περὶ
3164 4082 3257 4136 τοῦ
3291 4080 3479 4143 πάθους
3503 4074 3675 4130 1:052»-

2182 4174 2344 4245 τῆρος
2375 4172 2533 4243 ἡμῶν
2563 4171 2852 4243 σημαίνει,
2884 4173 2945 4226 ού
2973 4173 3081 4245 μὴν
3110 4173 3399 4244 κατέληξεν
3423 4174 3452 4243 ἡ
3491 4168 3587 4224 κατ’
3608 4164 3676 4217 :15-

2181 4264 2272 4318 τὸν
2301 4265 2581 4335 οἰκονομία
2606 4267 2664 4318 ἐν
2697 4264 2774 4336 τῷ
2806 4265 2987 4330 πάθει,
3010 4265 3163 4330 τέλος
3190 4267 3245 4321 δὲ
3270 4265 3360 4320 τοῦ
3393 4263 3568 4324 πάθους
3587 4261 3613 4329 ή
3632 4258 3674 4308 ἐκ

508 4356 883 4411 testimonium
908 4355 1009 4411 hoc
1037 4355 1201 4412 modo
1230 4375 1245 4411 :
1280 4376 1299 4408 ι
1338 4354 1459 4411 Una
1498 4367 1676 4412 autem
1712 4352 2076 4412 Sabbatoruin

2190 4356 2401 4428 νεκρῶν,
2418 4357 2708 4421 ἀνάστασις
2732 4353 2822 4429 ἦν,
2851 4359 2945 4411 καὶ
2971 4360 3006 4429 ὴ
3036 4358 3321 4429 ἀντίληψις
3347 4361 3378 4430 ἡ
3410 4352 3591 4423 ἑωθινὴ.
3621 4348 3674 4400 εἷ’

507 4444 659 4501 venit
688 4443 858 4498 Maria
874 4442 1189 4515 Magdalene
1209 4462 1368 4501 mane
1396 4446 1461 4501 ad
1493 4453 1926 4510 monumentum,
1950 4462 2076 4502 cum

507 4534 688 4591 adhuc
714 4535 957 4591 tenebrae
1007 4544 1214 4599 essent,
1248 4544 1304 4591 et
1343 4537 1490 4591 vidct
1524 4536 1757 4607 lapidem
1802 4537 2074 4593 sublatum

506 4640 540 4683 ι
586 4636 941 4683 monumento
969 4630 1038 4684 ⁸⁸.
1083 4648 1102 4681 ι
1139 4628 1422 4685 Μοιιὴοιυε
1445 4646 1682 4701 quoque,
1706 4632 1923 4686 tametsi
1953 4647 2080 4687 sero

508 4719 1326 4786 Sabbatorum,dixit,attamen
1357 4722 1639 4794 adiungit:
1663 4743 1681 4776 ι
1717 4722 1791 4777 Ea
1814 4724 2077 4794 quaeillu-

504 4814 677 4872 cescit
704 4813 761 4869 in
792 4828 959 4868 unam
991 4812 1380 4877 Sabbatornm,
1404 4816 1552 4869 venit
1595 4814 1762 4870 Maria
1804 4815 2078 4887 Magdale-

502 4919 596 4967 ne.
624 4911 677 4959 et
710 4903 818 4958 alia
847 4901 1017 4959 Maria
1060 4906 1246 4960 videre
1280 4905 1615 4975 sepulcrum,
1653 4913 1706 4961 et
1732 4921 1861 4962 ecce
1887 4915 2076 4962 term:-

502 5004 686 5053 motus
719 4994 898 5051 factus
948 5005 1033 5052 est
1075 5012 1326 5067 magnus.
1352 4994 1616 5067 'Angclus
1660 4997 1803 5051 enim
1860 4998 2076 5054 Domini

460 5134 465 5141 .
500 5088 843 5146 descendens
885 5088 953 5145 de
983 5091 1125 5145 caelo
1177 5090 1434 5154 accessit,
1467 5097 1522 5144 et
1565 5090 1791 5145 revolvit
1834 5090 2071 5160 lapidem

500 5181 574 5238 ah
603 5182 749 5239 ostio
782 5183 1138 5240 monumenti.
1166 5201 1186 5235 ι
1218 5180 1346 5238 llaec
1390 5180 1574 5237 addidi
1637 5184 1974 5246 necessario,
2013 5190 2073 5238 ut

499 5275 842 5333 ostenderem
885 5291 1135 5348 quaenam
1169 5277 1241 5331 sit
1278 5290 1365 5341 ea,
1395 5289 1515 5347 quae
1543 5276 1598 5330 in
1627 5276 1838 5345 psalmo
1874 5274 2073 5349 praedi-

498 5369 644 5424 citur
672 5371 951 5442 susceptio
968 5370 1259 5425 matutina.
1309 5368 1446 5425 Nam
1480 5386 1606 5427 cum
1662 5371 1934 5440 signiﬁcet
1981 5387 2067 5436 ea,

2183 4450 2355 4512 κότως
2384 4451 2413 4502 ὁ
2431 4448 2585 4518 λόγος
2616 4448 2694 4520 τῷ
2724 4449 3009 4522 παραδόξῳ
3030 4449 3174 4504 τέλει
3197 4451 3294 4522 τὴν
3317 4449 3516 4522 Γραφὴν
3540 4437 3666 4497 ἀνατί-

2182 4539 2335 4594 θεται
2353 4581 2368 4607 ,
2389 4540 2465 4605 ὼς
2495 4542 2592 4613 τῆς
2641 4541 2946 4606 ὑποθέσεως
2977 4538 3215 4613 ἀπάσης,
3253 4543 3347 4596 καὶ⁸
3376 4540 3475 4594 τῶν
3499 4534 3584 4608 πρὸ
3605 4526 3668 4584 ιτῦ

2181 4633 2369 4698 τέλους
2418 4633 2757 4706 παθημάτων
2794 4635 2895 4706 τῆς
2939 4638 3004 4689 ὲκ
3031 4635 3243 4710 νεκρῶν
3275 4633 3582 4690 ἀναστάσεως
3604 4620 3667 4677 ³⁵)

2178 4726 2277 4797 τῆς
2305 4725 2639 4797 ἀντιλήψεως
2669 4728 2769 4799 τῆς
2816 4727 3043 4800 ἑωθινῆς
3071 4729 3257 4782 ἕνεκεν
3296 4725 3580 4796 γενομένων.
3603 4714 3666 4767 Εἰ-

2178 4819 2296 4874 πὼν
2324 4817 2455 4889 γοῦν
2486 4821 2515 4873 ὁ
2552 4818 2740 4891 Σωτὴρ
2764 4818 2859 4873 καὶ
2886 4819 3088 4891 Κύριος
3117 4820 3272 4892 ἡμῶν
3299 4819 3388 4882 τὸ,
3423 4834 3441 4867 ι
3480 4815 3528 4865 '0
3551 4805 3665 4865 Θεὸς»

2175 4915 2204 4967 ό
2233 4912 2365 4975 Sed;
2402 4929 2502 4983 μου
2524 4950 2540 4975 ,
2577 4912 2815 4982 πρόσχες
2843 4928 2965 4983 μοι,
3004 4912 3091 4966 ἵνα
3118 4913 3173 4966 τί
3205 4905 3531 4981 ἐγκατέλιπές
3552 4910 3661 4973 μεςι

2175 5004 2269 5059 καὶ
2300 5004 2425 5075 ἑξῆς
2454 5001 2747 5072 ἐπαγαγὼν
2776 5003 2870 5068 τὸ,
2905 5022 2926 5056 ι
2966 5003 3108 5074 Ἐγὼ
3140 5003 3199 5058 δέ
3238 5006 3349 5075 ειμι
3373 4994 3579 5068 σκώληξ,
3600 4987 3663 5043 καὶ

2177 5100 2279 5153 οὐκ
2317 5097 2632 5170 ἄνθρωπος,
2665 5095 2863 5161 δνειδος
2904 5094 3239 5168 ἀνθρώπων,
3286 5094 3377 5149 καὶ
3406 5084 3662 5156 ἐξουδένημσ

2177 5188 2338 5244 λαοῦ⁹
2378 5208 2397 5242 ι
2428 5190 2523 5242 καὶ
2565 5188 2646 5241 ἔτι
2691 5186 2946 5260 προσθεὶς
2971 5188 3069 5253 τὸ,
3118 5208 3137 5241 ι
3172 5175 3579 5259 Περιεκύκλωσάν

2180 5282 2369 5353 μόσχοι
2413 5279 2624 5344 πολλοὶ,
2654 5256 2845 5350 ταύροι
2887 5279 3071 5342 πίονες
3115 5256 3393 5350 περιέσχον
3430 5285 3518 5343 με·
3543 5286 3559 5317 ι
3594 5256 3662 5353 nti

2178 5348 2364 5440 σαφῶς
2393 5371 2483 5424 ’ὢν
2516 5369 2747 5425 θάνατον
2763 5348 2937 5424 αὐτοῦ
2973 5348 3469 5442 προμαρτυρόμενος
3501 5348 3661 5413 odd,

570 5480 616 5513 ⁸⁸
655 5479 824 5539 Marc.
862 5498 964 5545 xv,
998 5481 1184 5536 ’ὃὸ-55.
1263 5480 1308 5512 ⁸⁹
1346 5479 1491 5536 Psal.
1533 5496 1663 5546 ιιι,
1702 5481 1752 5535 1.
1830 5481 1877 5513 ὀ
1916 5480 2054 5538 Luc.

2190 5497 2238 5546 ν,
2268 5480 2381 5536 1-5.
2451 5482 2495 5512 ⁹¹
2536 5480 2703 5538 Marc.
2738 5498 2851 5548 xvi,
2881 5481 2999 5536 2-4.
3074 5482 3120 5514 ⁹²
3155 5478 3310 5535 Joan.
3341 5494 3424 5543 xx,
3456 5473 3502 5527 Ι.

569 5573 645 5645 (ιι
682 5571 805 5645 Ἕξτι
841 5571 1021 5645 _Vulg.
1053 5572 1241 5635 deest;
1277 5579 1371 5625 aut
1396 5579 1546 5626 certe
1577 5570 1861 5645 legendum
1891 5571 2036 5645 ἀρτι,
2070 5589 2087 5626 ι

2190 5572 2382 5629 melius
2404 5572 2609 5637 οὐκέτι,
2646 5566 2793 5644 quod
2822 5581 2875 5629 et
2922 5572 3093 5645 magis
3142 5568 3387 5627 convenit
3434 5562 3503 5635 τῷ
3552 5558 3660 5613 λίαν

492 5642 662 5714 πρωϊ)
692 5640 1104 5713 ejusdemﬂum
1134 5649 1187 5699 et
1214 5652 1534 5701 umerorum
1556 5640 1875 5717 evangelist.
1910 5640 2063 5699 linit.
