3868 6192
229 256 328 312 765

1097 260 1746 320 ΒΕΜὉΝΞΤΒΔΤῘΟΝΙΒ
1784 267 2235 324 ΕῩΑΝΕΕΜΕᾹΞ
2264 267 2392 324 LlB.
2429 265 2498 324 Χ.

3334 267 3441 323 ἰϐϐ

235 392 252 424 ι
279 373 372 434 εἰς
403 371 532 441 χοῦν
567 372 799 426 θανάτου
839 377 1147 446 κατήγαγες
1189 397 1256 449 με
1279 398 1292 409 ·
1339 380 1422 432 ὅτι
1467 381 1767 436 ἐκύκλωσάι

1884 401 2004 455 qua?
2027 385 2094 440 ad
2125 386 2430 455 passionem
2475 383 2774 438 Salvator-is
2801 381 2974 436 nostri
3018 381 3308 450 pertinent,
3341 398 3442 437 nec

230 480 291 534 με
313 461 477 525 κύνες
508 463 726 526 πολλοὶ,
755 467 1037 538 συναγωγὴ
1063 474 1504 542 ωνῇρευομένων
1529 475 1782 546 περιέσχε

228 572 310 624 με.
336 555 572 625 Ὠρυξαν
595 557 780 628 χεῖράς
813 574 912 626 μου
939 561 1031 612 καὶ
1062 561 1229 626 πόδας
1261 581 1362 633 μου
1386 581 1397 593 ·
1432 585 1450 616 ›
1482 566 1576 618 καὶ
1605 567 1684 619 ἑτι
1715 569 1782 621 τὰ

223 647 358 716 ἀμφὶ
386 645 468 716 τῷ
501 645 662 700 πάθει
695 649 1072 719 συμϐεϐηκότα
1105 653 1250 724 αὐτῷ
1275 657 1523 727 σημήνας
1547 658 1636 711 διὰ
1665 659 1779 726 τοῦ,

227 757 246 790 ι
271 737 664 807 Διεμερίσαντο
704 741 773 793 τὰ
807 742 999 810 ίμάτιά
1034 761 1133 813 μου
1179 746 1415 814 ἑαυτοῖς,
1433 751 1526 803 καὶ
1562 751 1654 802 ἐπὶ
1691 750 1782 805 τὸν

221 828 513 900 ἱματισμόν
548 847 652 900 μου
686 831 884 885 ἐὸαλονι
908 834 1130 905 κλῆρον’
1170 855 1187 886 ι
1220 837 1390 891 ταῦτα
1421 841 1512 893 καὶ
1555 841 1621 894 τὰ
1661 821 1783 895 τοῦ·

217 938 324 985 τοις
373 922 734 994 παραπλήσια
779 926 1084 996 προειπὼν,
1132 930 1231 982 οὐκ
1262 930 1354 983 ἐπὶ
1387 931 1591 994 τούτοις
1618 932 1778 1004 ἔστη,

214 1013 330 1066 ἀλλ’
349 1013 632 1082 ἐπιλέγει-⁸
663 1033 682 1066 ε
713 1017 776 1069 Οί
806 1016 1125 1088 φοϐούμενοι
1157 1021 1246 1073 τὸν
1276 1021 1499 1092 Κύριον,
1529 1024 1776 1077 αἰνέσατε

213 1105 395 1168 αὐτὸν,
418 1107 502 1158 ὅτι
527 1107 626 1159 οὐκ
653 1106 1003 1173 ὲξουδένωσεν
1019 1151 1032 1171 ,
1054 1112 1174 1165 οὐδὲ
1204 1113 1539 1184 προσώχθισε
1572 1118 1636 1184 τῇ
1659 1116 1781 1184 δεή-

216 1210 292 1246 σει
325 1194 428 1247 τοῦ
455 1193 696 1264 πτωχοῦ,
718 1195 837 1247 οὐδὲ
869 1198 1175 1269 ἀπέστρεψε
1198 1201 1256 1253 τὸ
1287 1203 1572 1272 πρόσωπον
1612 1201 1776 1256 αὐτοῦ

165 1329 185 1363 Ι,
213 1286 301 1340 ἀπ’
331 1287 493 1356 ἐμοῦ,
548 1287 640 1340 καὶ
673 1289 730 1339 ἐν
763 1287 840 1358 τῷ
869 1292 1198 1361 κεκραγέναι
1229 1311 1292 1364 με
1323 1295 1458 1365 πρὸς
1488 1296 1647 1348 αὐτὸν
1689 1298 1780 1349 ἐπ-

211 1379 414 1448 ήκουσέ
451 1395 572 1448 μου.
598 1397 618 1430 ι
649 1379 772 1442 Πῶς
811 1380 856 1432 δ’
884 1380 954 1434 ἂν
991 1382 1178 1451 ἔλεγεν
1209 1386 1588 1455 εἰσηκοῦσθαι,
1612 1389 1659 1440 εἰ
1703 1387 1776 1457 μὴ

213 1468 430 1530 πάντως
459 1469 747 1539 τετυχήκει
779 1469 886 1521 τῶν
919 1473 1089 1542 εὐχῶν
1111 1513 1124 1536 ,
1162 1476 1254 1527 καὶ
1287 1470 1360 1527 ὧν
1397 1477 1455 1528 ἐν
1497 1481 1609 1540 τοῖς
1639 1478 1774 1548 πρό-

217 1557 338 1610 σθεν
361 1558 626 1628 casamo,
653 1562 740 1613 ὅτε
768 1561 920 1630 ἔλεγε
953 1565 1034 1625 τὸ,
1068 1585 1086 1614 ι
1116 1567 1210 1628 Εἰς
1240 1565 1366 1635 χοῦν
1398 1568 1623 1620 θανάτου
1645 1587 1776 1623 κατ-

215 1647 417 1717 ήγαγες
467 1665 556 1718 με.
609 1649 794 1704 Ῥῦσαι
834 1653 942 1706 ἀπὸ
988 1655 1257 1724 ῥομφαίας
1298 1656 1394 1727 τὴν
1420 1658 1602 1728 ψυχήν
1649 1677 1772 1730 μου,

211 1740 306 1791 καὶ
329 1740 398 1791 ἐκ
426 1740 608 1811 χειρὸς
636 1742 794 1804 κυνὸς
819 1743 914 1815 τὴν
944 1746 1202 1816 μονογενῆ
1239 1764 1376 1816 μου;
1412 1767 1431 1798 ι
1468 1749 1637 1803 ταῦτα
1669 1752 1777 1822 γὰρ
1808 1731 1850 1784 Β

212 1829 542 1900 εὐξάμενος,
582 1833 675 1885 καὶ
714 1833 926 1904 δεηθεὶς
963 1837 1028 1888 ἐκ
1066 1837 1268 1890 τούτων
1303 1839 1562 1912 ρυσθῆναί
1594 1859 1652 1894 τε
1683 1845 1777 1896 καὶ

216 1920 450 1992 σωθῆναι
469 1962 485 1984 ,
517 1922 701 1992 τυχὼν
721 1917 794 1976 ὧν
821 1924 1022 1994 ηὔξατο
1041 1967 1054 1988 ,
1080 1928 1319 1996 ἐπιλέγει
1339 1947 1350 1959 ·
1384 1950 1402 1981 ‹
1433 1934 1545 1985 Οὐκ
1571 1933 1777 1998 ἐξουδέ-

209 2029 371 2064 νωσεν
411 2013 534 2066 οὐδὲ
573 2014 912 2085 προσώχθισε
938 2020 1006 2086 τῇ
1039 2017 1218 2088 δεήσει
1257 2019 1350 2073 τοῦ
1384 2023 1629 2092 πτωχοῦ,
1655 2025 1774 2077 οὐδὲ

204 2102 515 2174 ἀπέστρεψε
544 2104 606 2157 τὸ
635 2106 926 2176 πρόσωπον
964 2107 1124 2160 αὑτοῦ
1163 2110 1256 2161 ἀπ’
1287 2111 1451 2180 ἐμοῦ,
1486 2114 1577 2165 καὶ⁴
1614 2116 1670 2167 ὲν
1696 2113 1773 2183 τῷ

204 2196 538 2267 κεκραγέναι
579 2213 647 2266 με
699 2197 834 2268 πρὸς
866 2198 1026 2250 αὐτὸν
1072 2200 1341 2269 ἐπήκουσέ
1373 2219 1472 2258 μου
1493 2220 1506 2233 ο
1533 2222 1550 2253 ι
1588 2205 1774 2273 σαφῶς

202 2288 290 2358 τὴν
329 2288 473 2358 μετὰ
523 2288 748 2342 θάνατον
777 2290 1070 2344 ἀναϐίωσιν
1107 2291 1272 2344 αὑτοῦ
1303 2291 1474 2363 δηλῶν
1495 2334 1508 2356 ,
1538 2297 1654 2365 ἣτις
1684 2297 1774 2365 γέ-

210 2397 363 2447 γονεν
402 2381 544 2434 κατὰ
567 2381 670 2452 τὴν
691 2382 920 2454 ἑωθινὴν
945 2382 1243 2449 ἀντίληψιν,
1271 2383 1332 2454 ῆν
1367 2385 1494 2454 ἑξῆς
1516 2386 1718 2456 προῖὼν
1746 2389 1774 2441 6

201 2471 412 2540 ψαλμὸς
459 2471 821 2542 παρέστησεν,
861 2472 1027 2523 εἰπών
1047 2489 1059 2500 '
1099 2491 1116 2522 ι
1147 2473 1218 2525 Σὺ
1242 2472 1324 2534 δὲ,
1349 2471 1538 2543 Κύριε,
1575 2472 1648 2543 μὴ
1673 2491 1775 2543 μα-

202 2562 408 2632 κρύνῃς
423 2561 524 2631 τὴν
550 2559 798 2632 βοήθειάν
821 2579 943 2631 μου,
967 2564 1045 2624 είς
1068 2561 1164 2632 τίν)
1184 2561 1462 2632 ἀντίληψίν
1488 2580 1586 2633 μου
1606 2565 1772 2635 πρόσ-

201 2668 340 2722 σχες.
379 2671 400 2703 ι
422 2653 594 2708 Ποίαν
634 2653 700 2725 δὴ
748 2653 1049 2724 ἀντίληψιν,
1079 2653 1190 2706 ἀλὶί
1223 2655 1287 2724 ἣν
1317 2656 1409 2707 καὶ
1429 2656 1461 2724 ἠ
1483 2656 1772 2726 προγραφὴ

199 2745 286 2797 τοῦ
334 2744 560 2815 ψαλμοῦ
611 2745 886 2816 ῂνίττετος
926 2744 1085 2796 Ἀλλὰ
1117 2743 1285 2798 ταῦτα
1320 2745 1415 2814 μὲν
1461 2746 1590 2815 ἡμῖν
1623 2747 1775 2817 siph-

203 2835 308 2889 σθω
335 2838 420 2900 είς
448 2837 546 2907 τὴν
567 2835 659 2889 τοῦ
679 2835 892 2906 ψαλμοῦ
917 2838 1257 2908 προγραφὴν·
1278 2839 1354 2900 εἰς
1381 2837 1438 2889 δὲ
1459 2837 1540 2902 τὸ,
1559 2857 1576 2888 ι
1603 2837 1768 2902 Ἠλεὶ,

212 2929 392 2990 Ἠλεὶ.
423 2927 967 3001 λαμμᾶ-σαϐαχθανὶ,
1006 2949 1024 2979 ι
1069 2929 1351 3002 εἰρημένον
1388 2929 1486 2998 μὲν
1529 2929 1632 2988 ὑπὸ
1675 2929 1768 2981 τοῦ

201 3021 449 3091 Σωτῆρος
488 3019 642 3090 ἡμῶν
678 3017 866 3082 ἀὐτοῖς
903 3019 1204 3092 Ἑϐραϊκοῖς
1252 3019 1478 3090 ὀνόμασι
1522 3021 1648 3089 περὶ¹
1679 3019 1768 3074 τὸν

200 3111 288 3163 τοῦ
335 3110 548 3172 πάθους
592 3107 805 3181 καιρὸν,
845 3111 1094 3180 κείμενον
1123 3111 1177 3163 δὲ
1212 3112 1304 3164 καὶ
1348 3112 1405 3164 ἐν
1435 3110 1509 3180 τῷ
1539 3110 1764 3181 ψαλμῷ,

198 3206 293 3274 ὅρα
317 3206 392 3275 μή
413 3221 497 3266 τις
523 3203 760 3271 ἔγκειται
786 3202 1056 3276 βαθυτέρα
1089 3203 1288 3275 Θεωρία
1313 3206 1441 3274 παρ’
1477 3204 1763 3274 Ἑϐραίοις.

213 3296 443 3365 Ἐλωεὶμ
476 3295 584 3368 γὰρ
606 3298 634 3348 6
653 3295 784 3358 Θεὸς
809 3294 1132 3366 ὀνομάζεται
1154 3312 1168 3324 ⁶
1198 3297 1291 3347 καὶ
1313 3295 1466 3348 τοῦτο
1484 3294 1571 3348 διὰ
1593 3295 1768 3366 πάσης

202 3388 384 3459 σχεδὸν
408 3387 594 3459 εῦροις
625 3387 689 3441 ἂν
710 3390 808 3458 τῆς
838 3389 1060 3458 Γραφῆς
1083 3405 1095 3417 ·
1126 3388 1248 3440 ἐπεὶ
1276 3390 1369 3440 καὶ
1399 3389 1598 3459 κυρίως
1627 3387 1768 3460 οὕτω

200 3481 346 3553 παρὰ
392 3483 508 3544 τοῖς
562 3481 962 3551 Ἐεδομήκοντα
1007 3481 1086 3533 ἔτι
1125 3480 1220 3534 καὶ⁸
1251 3479 1345 3533 νῦν
1394 3483 1458 3551 τῇ
1503 3479 1766 3550 Ἐὄραίων

198 3571 523 3644 ὀνομάζεται
572 3576 743 3644 φωνῇ.
786 3571 1044 3642 Φέρονται
1075 3588 1136 3639 γε
1171 3572 1274 3643 μὴν
1313 3573 1440 3641 παρ’
1478 3571 1658 3632 αὐτοῖς
1678 3573 1767 3623 ἐπὶ

199 3667 294 3735 τῆς
321 3665 478 3727 θείας
505 3664 874 3735 προσηγορίας
903 3666 996 3716 καὶ
1023 3663 1206 3734 ἕτεραί
1234 3679 1377 3724 τινες
1410 3663 1762 3731 ἐκφωνήσεις,

200 3755 484 3827 ὠσπεροῦν
511 3755 604 3807 καὶ
628 3754 686 3806 τὸ
707 3793 721 3818 ,
751 3754 946 3807 Σαδδαῒ
966 3796 979 3818 ,
1005 3757 1096 3806 καὶ¹
1121 3753 1180 3807 τὸ
1220 3753 1367 3816 Ἰαὼ,
1394 3754 1486 3806 καὶ
1513 3753 1615 3805 Ἢλ
1633 3793 1646 3815 ,
1675 3753 1766 3805 καὶ

200 3848 331 3901 ἄλλα
373 3847 588 3910 τούτοις
622 3845 997 3918 παραπλήσια.
1057 3846 1115 3897 '0
1154 3844 1226 3914 6i;~
1265 3840 1354 3897 οῦν
1403 3843 1538 3914 μετά
1578 3847 1766 3914 χεῖρας

200 3939 406 4008 ψαλμὸς
440 3937 550 3990 ἀπὸ
578 3935 671 3988 τοῦ
712 3935 849 4000 Ἦλ,
903 3935 1082 3998 Ἠλεὶ,
1139 3932 1311 3995 Ἠλεὶ,
1354 3931 1545 4001 λαμμᾶ
1596 3931 1762 3983 σαϐα-

202 4031 371 4101 χθανὶ,
387 4030 654 4102 περιέχει,
667 4022 710 4095 ᾧ
727 4027 985 4098 κέχρηται
1002 4026 1095 4078 καὶ
1114 4027 1141 4078 6
1158 4025 1357 4096 Κύριος
1383 4027 1414 4094 ἡ
1425 4023 1557 4094 μῶν,
1575 4023 1634 4075 οὐ
1659 4023 1764 4093 μὴν

203 4125 306 4178 ἀπὸ
337 4125 432 4177 τοῦ
469 4122 719 4192 Ἐλωείμ.
752 4123 809 4173 'U
842 4119 972 4188 γοῦν
1021 4118 1272 4180 Ἀκύλας,
1300 4118 1557 4186 διαφορὰν
1590 4115 1761 4176 εἰδὼς,

203 4216 296 4285 τῆς
323 4215 455 4286 παρ’
477 4214 749 4282 Ἑϐραίοις
773 4211 906 4264 Θεοῦ
930 4209 1296 4281 προσηγορίας
1331 4211 1393 4260 ἐκ
1416 4206 1506 4260 τοῦ
1537 4208 1764 4276 Ἐλωεὶμ

208 4306 622 4377 σημαινομένης,
652 4303 711 4355 τὸ
732 4302 824 4354 νῦν
849 4301 1172 4372 δηλούμενον
1205 4301 1261 4352 ὲν
1283 4298 1358 4369 τῷ
1391 4298 1558 4361 Ἠλεὶ,
1592 4297 1760 4359 Ἠλεὶ,

1883 478 1936 530 in
1969 478 2221 547 passione
2251 476 2472 531 desierit
2512 490 2597 538 ea,
2627 491 2746 544 quae
2788 475 2854 527 ad
2883 474 3060 543 ipsum
3089 483 3296 542 spectat
3324 474 3442 529 dis-

1881 568 2147 637 pensatio,
2191 566 2464 636 passionis
2513 580 2642 619 vero
2697 564 2819 618 finis
2846 565 2962 633 ipsa
2991 563 3154 618 fuerit
3204 579 3236 617 a
3266 573 3442 620 morte

1882 656 1950 710 ad
1981 657 2145 709 vitam
2177 656 2472 720 restitutio,
2503 661 2558 709 et
2590 655 2854 708 matutina
2904 655 3200 723 susceptio,
3245 655 3441 708 merito

1881 747 2160 803 oraculum
2183 747 2310 800 huic
2340 746 2430 799 fini
2451 745 2754 799 admirabili
2779 745 2948 813 ipsam
2977 744 3194 799 dedicat
3211 745 3442 814 scriptu-

1880 854 2017 904 ram,
2041 854 2148 893 non
2166 853 2325 894 secus
2349 852 2411 891 ac
2438 837 2484 892 si
2514 851 2675 890 omne
2699 836 3007 903 liujusmodi
3039 844 3438 906 argumentum,

1879 942 1931 985 et
1973 945 2158 985 earum
2206 929 2551 983 vexationum
2603 944 2723 998 qum
2757 929 2915 982 flnem
2960 929 3160 996 ipsum,
3204 928 3440 982 reditum

1879 1021 2066 1091 utique
2095 1021 2162 1075 de
2192 1029 2366 1075 morte
2405 1019 2472 1072 ad
2497 1020 2660 1072 vitam
2699 1025 3133 1079 antecesserunt,
3165 1025 3216 1072 et
3249 1033 3441 1073 susce-

1879 1112 2081 1181 ptionis
2129 1111 2410 1164 matutinae
2451 1125 2638 1170 causa,
2691 1108 2973 1163 inductum
3018 1109 3108 1164 sit.
3165 1106 3266 1164 Ubi
3309 1122 3441 1180 ergo

1880 1202 2129 1255 Salvator
2164 1216 2229 1256 ac
2269 1201 2530 1258 Dominus
2586 1199 2716 1254 illud
2769 1200 2952 1256 dixit:
3010 1217 3029 1251 ι
3087 1199 3250 1264 Deus,
3297 1198 3440 1255 Deus

1878 1309 2062 1357 meus,
2107 1293 2316 1363 respice
2348 1294 2403 1348 in
2451 1309 2580 1357 me,
2610 1308 2776 1362 quare
2822 1293 3154 1362 dereliquisti
3190 1293 3343 1347 me?»
3373 1308 3439 1348 ac

1878 1384 2134 1452 deinceps
2171 1383 2300 1436 illud
2334 1383 2540 1436 addidit
2569 1401 2584 1437 :
2620 1402 2638 1434 ‹
2675 1382 2785 1452 Ego
2821 1389 2997 1436 autem
3019 1397 3139 1437 sum
3156 1382 3358 1437 vermis
3386 1389 3443 1438 et

1877 1489 1986 1528 non
2019 1476 2200 1536 homo,
2223 1475 2574 1544 opprobrium
2597 1473 2898 1538 hominum,
2931 1482 2990 1528 et.
3010 1473 3242 1542 alijeetio
3269 1488 3442 1544 popu-

1877 1564 1912 1616 li
1950 1583 1963 1616 :
2001 1583 2018 1614 ›
2058 1579 2270 1619 necnon
2307 1565 2441 1618 illud
2476 1565 2708 1635 subjecit
2737 1584 2750 1619 :
2783 1585 2800 1616 ‹
2828 1563 3323 1618 Circumdederunt
3355 1579 3444 1621 me

1877 1656 2030 1711 vituli
2062 1658 2240 1721 multi,
2272 1659 2416 1712 tauri
2439 1659 2668 1729 pingues
2698 1658 3028 1712 obsederunt
3060 1671 3165 1720 me,
3199 1676 3217 1708 ι
3252 1664 3305 1711 et
3329 1656 3446 1712 evi-

1878 1746 2070 1801 denter
2101 1763 2254 1802 suam
2303 1759 2530 1805 mortem
2570 1750 2912 1804 denuntiavit
2943 1765 3009 1803 ex
3041 1749 3152 1812 illo,
3183 1768 3201 1800 ι
3233 1749 3286 1802 in
3320 1749 3442 1818 pul-

1876 1853 2056 1892 verem
2084 1839 2275 1894 mortis
2313 1839 2583 1895 deduxisti
2613 1856 2697 1894 me
2731 1861 2742 1895 :
2769 1843 3026 1910 quoniam
3066 1841 3441 1896 circumdede-

1875 1937 2004 1984 runt
2047 1947 2133 1986 me
2180 1947 2348 1987 canes
2379 1934 2560 1997 multi,
2610 1935 2962 2004 congregatio
3024 1933 3440 2003 malignantium

1875 2023 2088 2078 obsedit
2118 2040 2226 2086 me,
2261 2025 2517 2080 foderunt
2547 2041 2743 2081 manus
2770 2042 2918 2082 meas
2953 2033 3007 2080 et
3043 2026 3206 2096 pedes
3229 2040 3435 2080 meos.»

1873 2113 2138 2169 Praeterea
2171 2117 2261 2170 ubi
2312 2119 2474 2172 etiam
2510 2133 2573 2172 ea
2606 2134 2728 2187 qua:
2761 2119 2862 2172 sub
2909 2119 3080 2187 ipsam
3128 2119 3442 2187 passionem

1874 2205 1976 2261 sibi
2025 2215 2344 2269 evenerunt,
2389 2207 2712 2277 signiﬁcavit
2763 2209 2870 2264 illis
2907 2209 3133 2262 verbis:
3173 2227 3192 2260 ‹
3231 2208 3441 2264 Divise-

1874 2305 2000 2350 runt
2040 2299 2360 2352 vestimenta
2411 2314 2527 2354 mea
2559 2299 2684 2362 sibi,
2715 2305 2768 2353 et
2814 2315 2979 2368 super
3028 2307 3230 2353 vestem
3262 2316 3438 2362 meam

1874 2387 2142 2442 miserunt
2172 2397 2394 2444 sortem.
2435 2410 2452 2442 ι
2485 2389 2632 2454 Haec,
2658 2398 2820 2459 atque
2848 2391 2931 2444 his
2957 2390 3153 2443 similia
3181 2390 3270 2444 ubi
3300 2405 3441 2459 pra:-

1873 2479 2030 2546 dixit,
2072 2498 2182 2536 non
2219 2483 2370 2536 intra
2420 2484 2532 2537 haec
2577 2482 2747 2548 stetit,
2782 2481 2947 2553 494
3000 2481 3094 2535 sed
3137 2479 3384 2550 adjunxit
3418 2499 3435 2536 :

1879 2589 1897 2622 ι
1940 2571 2042 2637 Qui
2101 2572 2300 2627 timetis
2356 2573 2666 2636 Dominum,
2710 2571 2928 2626 laudate
2987 2587 3134 2632 eum,
3177 2572 3436 2641 quoniam

1873 2677 1982 2715 non
2025 2663 2272 2732 sprevit,
2316 2677 2494 2731 neque
2545 2662 2772 2716 moleste
2834 2661 2956 2713 tu‘lit
3004 2659 3436 2729 deprecationem

1875 2755 2148 2823 pauperis,
2182 2770 2354 2822 neque
2376 2754 2568 2808 avertit
2595 2751 2787 2806 faciem
2821 2767 2973 2806 suam
3021 2766 3050 2804 a
3091 2766 3194 2812 me,
3225 2758 3278 2805 et
3311 2767 3436 2806 cum

1873 2845 2164 2900 clamarem
2201 2846 2266 2898 ad
2299 2861 2448 2907 eum,
2485 2844 2764 2898 exaudivit
2794 2859 2897 2898 me.
2934 2863 2952 2897 .-
2989 2841 3105 2908 Qua
3139 2851 3319 2896 autem
3349 2859 3439 2896 ra-

1871 2938 2018 2991 tione
2047 2937 2252 2991 diceret
2297 2954 2356 2992 se
2400 2936 2752 2991 exauditam?
2781 2938 2824 2990 si
2855 2952 2961 2989 non
2996 2929 3326 2991 conéeculus
3351 2952 3438 2990 es-

1873 3038 1978 3092 set,
2027 3045 2148 3099 quae
2203 3037 2504 3100 optaverat,
2539 3042 2766 3099 quaeque
2801 3028 3052 3097 superius
3114 3027 3436 3096 deprecatus

1873 3122 2063 3176 fuerat.
2103 3137 2224 3174 cum
2255 3121 2391 3174 dixit
2420 3120 2588 3174 illud:
2629 3139 2648 3170 ι
2698 3118 2756 3171 1η
2803 3121 3077 3188 pulverem
3121 3122 3314 3173 mortis
3339 3118 3434 3172 de-

1869 3211 2071 3266 duxisti
2120 3228 2226 3273 me,
2261 3212 2411 3280 eripe
2449 3226 2478 3263 a
2513 3212 2714 3264 framea
2764 3211 2999 3262 animam
3050 3226 3248 3273 meam,
3281 3223 3335 3263 et
3367 3209 3434 3264 de

1867 3319 2029 3358 manu
2064 3303 2214 3356 canis
2240 3302 2452 3356 unicam
2487 3302 2706 3357 meam?
2750 3321 2767 3352 ι
2803 3300 2924 3354 llzec
2954 3304 3096 3355 enim
3120 3317 3243 3354 cum
3277 3316 3432 3354 oras-

1869 3405 1969 3456 set,
2006 3409 2068 3446 ac
2097 3410 2154 3447 sc
2185 3409 2250 3448 ex
2299 3393 2382 3447 his
2411 3394 2546 3461 eripi
2581 3403 2634 3447 et
2667 3394 2886 3446 liberari
2934 3399 3183 3462 precatus
3219 3391 3431 3458 fuisset,

1869 3495 1979 3538 tum
2011 3501 2072 3538 ea
2120 3487 2235 3553 ipsa
2291 3495 2622 3539 consecutus
2672 3501 2792 3553 qua:
2833 3495 3102 3547 oraverat,
3136 3484 3379 3556 adjungit
3414 3504 3429 3540 :

1873 3594 1890 3624 ι
1927 3573 2041 3626 Non
2090 3574 2290 3639 sprevit
2343 3589 2519 3642 neque
2553 3574 2776 3627 moleste
2835 3575 2956 3627 tulit
2994 3575 3432 3644 deprecationem

1867 3664 2142 3734 pauperis,
2178 3680 2351 3733 neque
2381 3665 2576 3717 avertit
2609 3664 2800 3716 faciem
2836 3680 2988 3718 suam
3021 3681 3050 3717 a
3083 3681 3188 3728 me,
3219 3675 3270 3720 et
3307 3682 3428 3720 cum

1865 3757 2154 3810 clamarem
2208 3758 2273 3810 ad
2306 3773 2452 3816 eum,
2494 3756 2770 3810 exaudivit
2806 3771 2890 3809 me
2925 3775 2937 3810 :
2974 3777 2991 3808 ι
3035 3757 3122 3809 ubi
3154 3759 3432 3812 evidenter

1866 3864 2023 3902 suum
2059 3847 2124 3901 de
2181 3856 2354 3901 morte
2404 3847 2470 3900 ad
2521 3847 2684 3900 vitam
2735 3847 2966 3900 reditum
3014 3847 3302 3915 significat,
3335 3849 3427 3918 qui

1865 3939 1966 3993 sub
1998 3939 2316 3991 matutinum
2351 3940 2748 4006 susceptionem
2794 3937 3023 3998 exstitit,
3069 3952 3229 4006 quam
3279 3939 3424 4006 psal-

1865 4042 1986 4079 mus
2036 4027 2289 4096 deinceps
2345 4027 2560 4096 longius
2617 4041 2937 4095 progressus
2999 4026 3288 4088 indicavit,
3335 4025 3424 4078 ubi

1863 4117 2000 4171 dixit
2041 4135 2054 4170 :
2091 4139 2109 4170 ι
2150 4118 2230 4172 Tu
2269 4128 2471 4182 autem,
2507 4117 2755 4183 Domine,
2782 4134 2850 4173 ne
2909 4134 3159 4172 amoveas
3214 4120 3426 4188 longius

1863 4211 2126 4265 auxilium
2161 4227 2362 4273 meum,
2386 4211 2452 4264 ad
2492 4210 2891 4280 susceptionem
2928 4226 3097 4263 meam
3134 4211 3359 4279 respice.
3400 4230 3419 4263 ι

1867 4301 1971 4357 Sed
2003 4318 2165 4372 quam
2200 4301 2419 4356 tandem
2471 4302 2631 4354 aliam
2690 4301 3105 4370 susceptionem,
3153 4303 3258 4356 nisi
3305 4318 3423 4356 eam

203 4400 298 4453 οὐκ
313 4399 542 4468 ἠξίωσεν
562 4397 758 4467 ὁμοίως
773 4398 884 4457 τοῖς
909 4395 1132 4458 λοιποῖς,
1162 4413 1179 4443 ι
1207 4395 1234 4446 6
1255 4392 1404 4456 Θεὸς,
1425 4391 1594 4455 ὁΘεός
1611 4408 1709 4461 μου
1735 4410 1752 4440 ι

1870 4409 2022 4463 quam
2060 4394 2346 4462 inscriptio
2377 4393 2570 4462 psalmi
2605 4392 3280 4463 significavit?Czeterum,
3312 4395 3426 4448 haec

207 4488 546 4553 μεταϐάλλων
560 4489 751 4548 εἰπεῖν,
769 4485 924 4550 ἀλλὰ,
936 4504 953 4535 ‹
969 4484 1152 4556 ίσχυρέ
1172 4501 1291 4555 μου,
1315 4481 1499 4554 ίσχυρέ
1513 4499 1632 4552 μου.
1649 4503 1666 4532 i
1685 4482 1756 4534 T6

199 4576 253 4627 δ’
274 4580 482 4646 ἀκριϐές
521 4581 698 4632 ἐστιν·
753 4577 904 4647 ἰσχῦς
949 4595 1069 4646 μου,
1109 4575 1258 4646 ἰσχύς
1286 4593 1407 4646 μου.
1437 4575 1594 4626 Ὥστε
1621 4574 1757 4627 κατὰ

202 4669 301 4739 τὴν
313 4670 492 4724 τούτου
511 4670 771 4733 διάνοιαν,
805 4669 893 4721 τὸν
913 4668 1084 4738 ἀμνὸν
1104 4666 1196 4720 τοῦ
1219 4666 1353 4719 Θεοῦ
1377 4666 1464 4718 τὸν
1497 4666 1759 4737 ἡμέτερον

204 4760 419 4832 Σωτῆρα
457 4762 737 4830 φάσκοντα
779 4761 841 4814 τὸ
889 4759 1064 4825 Ἠλεὶ,
1111 4759 1294 4822 Ἠλεὶ,
1341 4759 1474 4828 πρὸς
1513 4760 1601 4810 τὸν
1643 4759 1756 4810 Πα-

203 4851 358 4922 τέρα,
411 4855 618 4922 λέγειν·
674 4873 694 4897 ο
734 4851 939 4924 Ἰσχυρέ
972 4870 1104 4923 μου,
1150 4851 1332 4922 ἰσχυρέ
1387 4868 1485 4921 μου
1512 4891 1525 4910 ,
1575 4851 1658 4902 ἵνα
1703 4849 1756 4902 τί

208 4943 550 5010 ιγκατέλιπές
580 4961 684 5015 με;
719 4964 740 4997 ι
775 4946 872 4997 καὶ
896 4946 1035 5015 τάχα
1065 4945 1184 4996 ἐπεὶ
1207 4944 1557 5012 ἐγκατέλιπεν
1596 4943 1755 4994 αὑτὸν

213 5036 242 5086 ὁ
270 5038 470 5109 ἰσχυρὸς
516 5035 702 5100 αὑτοῦ,
737 5036 923 5089 τούτου
957 5037 1114 5108 χάριν
1163 5035 1498 5106 ἐσταυρώθη,
1535 5035 1605 5097 ὥς
1653 5052 1756 5105 φη-

216 5140 290 5177 σιν
328 5130 353 5180 6
395 5127 746 5191 ’Δπόστολοςο
784 5145 802 5176 ι
843 5128 951 5181 Καὶ
994 5127 1101 5196 γὰρ
1149 5125 1459 5196 ἐσταυρώθη
1496 5124 1554 5189 ἐξ
1600 5125 1758 5178 ἀσθε-

211 5217 360 5280 νείας,
392 5220 483 5272 καὶ
514 5219 578 5291 ζῇ
617 5221 680 5272 ἐκ
712 5220 990 5290 δυνάμεως
1035 5220 1192 5281 Θεοῦ,
1235 5239 1254 5270 ι
1290 5220 1364 5281 ὡς
1409 5218 1480 5288 μὴ
1517 5235 1757 5287 σταυρω-

212 5301 312 5369 ὖεξ
339 5309 420 5372 ἂν,
451 5311 499 5362 εἰ
526 5310 599 5380 μὴ
630 5313 658 5363 6
688 5311 900 5382 ἰσχυρὸς
939 5310 1108 5364 αὑτοῦ
1156 5309 1526 5362 καταλελοίπει
1574 5309 1752 5361 αὐτόν.

213 5394 310 5450 Καὶ
338 5400 433 5470 ὅρα
463 5404 510 5454 εί
555 5403 629 5472 μὴ
662 5402 866 5473 ἔπρεπε
915 5403 1003 5455 τὸν
1034 5403 1222 5470 ἀμνὸνῄ
1235 5402 1325 5455 τοῦ
1369 5402 1524 5460 Θεοῦ,
1558 5401 1648 5454 τὸν
1678 5401 1754 5463 ὡς

215 5488 456 5555 πρόϐατον
497 5495 589 5546 ἐπὶ
623 5495 829 5564 σφαγὴν
875 5496 1124 5565 ἀχθέντα,
1151 5495 1242 5547 καὶ
1271 5494 1346 5556 ὡς
1391 5493 1558 5561 ἀμνὸν
1606 5495 1754 5545 ὲναν-

217 5579 312 5631 τίον
333 5583 420 5636 τοῦ
443 5586 716 5657 reiparte;
734 5589 964 5654 ἄφωνον,
993 5587 1090 5650 τὰς
1122 5587 1322 5649 οἰκείας
1353 5586 1603 5655 δυνάμεις
1627 5586 1754 5637 ἁνα-

133 5741 154 5753 σ
218 5668 390 5724 τιθέναι
439 5675 514 5742 τῷ
562 5676 699 5746 Θεῷ,
735 5678 825 5729 καὶ
880 5677 1040 5748 μηδὲν
1090 5676 1215 5729 ἴδιον
1261 5677 1402 5746 ἔχειν
1442 5676 1749 5748 ἡγεῖσθαιῆ

1863 4485 2081 4554 quidem
2129 4485 2274 4538 dicta
2325 4485 2437 4538 sint
2462 4499 2491 4536 a
2519 4483 2676 4537 nobis
2731 4483 2782 4536 in
2820 4483 2989 4551 ipsam
3021 4483 3209 4552 psali'ii
3235 4483 3426 4537 inscri-

1864 4578 2100 4645 ptionem
2139 4593 2153 4641 ;
2186 4576 2238 4628 in
2280 4575 2374 4628 illo
2404 4583 2606 4638 autem,
2639 4593 2656 4624 ι
2690 4573 2790 4639 Eli,
2825 4574 2925 4638 lili,
2957 4575 3149 4628 lamma
3196 4576 3425 4628 sabacli-

1864 4669 2038 4732 thani,
2079 4689 2098 4720 ι
2128 4667 2272 4738 quod
2296 4684 2418 4721 cum
2447 4683 2475 4720 a
2507 4669 2790 4721 Salvatore
2818 4677 3005 4721 nostro
3045 4668 3176 4736 ipsis
3199 4667 3424 4722 Hebrai-

1863 4761 1942 4815 cis
1973 4761 2282 4814 nominibus
2311 4760 2514 4812 dictum
2547 4760 2616 4812 sit
2653 4760 2755 4812 sub
2787 4759 2962 4828 ipsum
2996 4760 3264 4827 passionis
3291 4767 3421 4812 tem-

1862 4870 1981 4923 pus,
2019 4853 2071 4906 in
2103 4851 2296 4922 psalmi
2354 4851 2509 4904 initio
2542 4851 2777 4920 positum
2809 4858 2912 4914 est,
2943 4851 3081 4914 vide,
3119 4865 3320 4920 qumso,
3353 4867 3419 4905 ne

1859 4931 1963 5014 qua
1996 4943 2123 4996 insit
2149 4941 2470 5012 profundior
2510 4944 2890 5012 contemplatio
2929 4942 3069 5011 apud
3119 4940 3370 4996 Hebraeos
3400 4962 3413 4997 :

1857 5051 1978 5088 nam
2028 5033 2195 5086 Eloim
2247 5032 2388 5089 Deus
2448 5035 2760 5087 nominatur
2795 5052 2808 5088 :
2850 5040 2903 5086 et
2951 5033 3053 5086 lioc
3100 5047 3195 5100 per
3247 5041 3415 5085 totam

1856 5126 2244 5194 propemodum
2284 5122 2624 5192 Scripturam
2684 5122 2922 5176 invenies
2979 5139 2993 5174 :
3047 5119 3266 5189 quando
3331 5121 3414 5174 vel

1857 5215 2071 5284 proprie
2093 5215 2171 5267 sic
2189 5215 2328 5283 apud
2354 5214 2495 5267 LXX
2518 5215 2677 5268 etiam
2703 5227 2847 5264 nunc
2874 5209 3135 5264 Hebraica
3167 5225 3298 5265 voce
3324 5225 3416 5264 ne-

1857 5308 2114 5368 minatur,
2141 5306 2282 5376 apud
2311 5307 2460 5375 ipsos
2504 5316 2680 5357 tamen
2711 5301 2965 5356 llebrwos
2993 5302 3110 5356 alite
3143 5302 3414 5357 nonnulla:

1858 5398 2104 5451 feruntur
2136 5398 2524 5467 appellationes
2550 5395 2619 5447 ad
2641 5393 2882 5447 divinam
2920 5401 3168 5446 naturam
3198 5393 3411 5464 signifi-

1856 5490 2109 5554 candam,
2144 5499 2200 5542 tit
2238 5489 2392 5555 illud,
2432 5486 2651 5548 Saddai,
2681 5494 2738 5538 ut
2785 5486 2941 5548 illud,
3000 5485 3119 5551 Jao,
3151 5493 3210 5540 ut
3255 5487 3409 5551 illud,

1856 5582 1937 5646 El,
1972 5584 2184 5654 aliaque
2240 5584 2324 5636 his
2358 5581 2549 5634 similia
2628 5595 2755 5640 ergo
2782 5579 3022 5637 psalmus
3059 5579 3149 5646 qui
3183 5594 3328 5633 nunc
3357 5579 3415 5633 in

1857 5677 2104 5732 manibus
2137 5684 2240 5741 est,
2279 5675 2406 5730 illud
2443 5695 2454 5730 ;
2489 5673 2590 5740 Eli,
2623 5673 2724 5741 Eli,
2757 5686 2951 5728 lamina
2984 5671 3364 5740 Sabachthani,
3387 5689 3415 5724 ι
