3936 6208
445 189 553 248 ’167

1141 184 1411 242 Ευεεειι
1441 183 1555 242 (ΖΔΕ
1565 182 1929 241 SANENSIS
1964 181 2020 238 Ol

2159 179 2342 239 PARS
2380 178 2447 235 Il.
2486 208 2559 229 ε·-
2596 176 3102 236 Ανοιοεετιω.

3594 174 3727 232 ’168

448 303 611 361 lnltio
634 301 819 371 habet,
846 313 957 371 quo
1002 301 1167 357 etiam
1190 328 1197 333 ι
1222 300 1475 356 Salvator
1520 307 1710 356 noster
1751 315 1887 357 usus
1915 305 2020 366 est,

2131 296 2290 368 μόνον
2318 294 2412 353 τδν
2459 293 2706 367 Πατέραο
2733 292 2815 348 διδ
2858 292 2954 348 καὶ
2988 290 3209 365 ισχυρδν
3234 290 3327 346 ὡν
3362 291 3585 364 Πατέρα
3612 292 3735 347 αὖ·

450 413 562 454 non
587 403 767 451 autem
798 393 931 449 illud
966 412 980 448 :
1018 392 1214 450 Eloim.
1245 392 1484 449 Proinde
1515 392 1712 463 Aquila
1763 406 1890 447 cum
1940 390 2025 446 di-

2127 385 2226 442 τοῦ
2270 386 2595 452 ἀποκαλεῖν,
2646 384 2725 449 ὡς
2768 385 2861 439 καὶ
2917 386 2989 438 ὲν·
3022 383 3468 455 ἑπτακαιδεκάτῳ
3509 383 3726 455 ψαλμῷ

448 490 768 546 versitatem
825 484 921 541 Dei
970 485 1376 557 appellationis,
1409 501 1530 559 qua:
1563 501 1631 541 ex
1685 485 1807 555 ipso
1852 482 2020 538 Eloim

2132 479 2285 549 ίσχὺν
2312 477 2488 550 ἑαυτῷ
2523 478 2620 533 καὶ
2647 475 2974 550 κραταίωμα
2998 475 3093 530 καὶ
3126 473 3445 547 καταφυγὴν
3466 473 3564 528 τὸν
3592 476 3724 528 Πα-

449 578 796 652 signiﬁcatur
839 577 985 647 apud
1036 576 1292 632 Heilm-os
1340 577 1588 641 vidisset,
1627 576 1757 633 illud
1806 575 1874 630 de
1914 589 2024 646 quo

448 686 599 727 nunc
632 671 864 741 agimus,
900 670 956 735 in
990 670 1104 734 illo,
1138 669 1241 734 Eli,
1274 669 1378 735 Eli,
1414 685 1522 727 non
1560 670 1632 724 ita
1665 667 2023 740 quemadmo-

449 763 578 818 dum
600 760 796 829 reliqui
826 776 952 815 cum
985 769 1346 824 converteret,
1371 762 1766 816 enuntiandum
1794 759 2021 831 putavit,

449 852 546 911 sed
583 872 596 908 :
643 873 662 904 ι
700 852 881 908 Furtis
908 851 1260 917 meus,l'ortis
1283 868 1457 916 meus,
1489 867 1661 922 quare
1685 850 2023 922 dereliquisti

448 944 579 999 me?
609 962 629 995 ι
668 943 815 1014 quod
846 942 1065 1014 quidem
1099 943 1144 998 si
1176 926 1508 1013 exquisitius
1544 942 1726 1013 eloqui
1760 942 2020 1007 volueris,

448 1033 621 1098 dices,
653 1035 825 1088 robur
872 1048 1076 1097 meum,
1111 1033 1279 1088 robur
1310 1048 1511 1088 meum.
1541 1032 1722 1099 Quare
1760 1048 1825 1088 ex
1858 1031 2023 1102 hujus

448 1126 922 1199 interpretatione,
953 1126 1142 1196 Agnus
1172 1123 1289 1197 Dei,
1331 1125 1425 1196 qui
1459 1131 1545 1185 est
1594 1131 1787 1179 noster
1828 1120 2021 1179 Salva-

446 1222 556 1277 tor.
595 1216 724 1270 dum
780 1214 915 1270 illud
963 1233 977 1270 :
1032 1213 1134 1281 Eli,
1171 1213 1274 1280 Eli,
1324 1213 1458 1268 dicit
1504 1212 1572 1267 ad
1616 1212 1858 1279 Patrem,
1888 1213 2022 1268 illud

447 1307 583 1363 dicit
634 1327 648 1362 :
685 1325 704 1357 ι
744 1305 928 1362 Fortis
974 1322 1152 1371 meus,
1206 1305 1367 1361 fortis
1418 1320 1594 1371 meus,
1627 1320 1797 1376 quare
1826 1305 2020 1362 dereli-

445 1399 615 1469 quisti
643 1398 773 1453 me?
808 1417 828 1450 ι
876 1405 931 1454 et
972 1397 1201 1455 forsitan
1242 1396 1389 1468 quod
1443 1397 1623 1468 ipsum
1672 1396 2025 1468 dereliquerit

443 1487 610 1562 ‘95
634 1488 792 1546 fortis
841 1505 1008 1557 suus,
1061 1490 1270 1545 idcirco
1317 1488 1616 1545 cruciﬁxus
1666 1497 1787 1555 est,
1838 1499 1898 1546 ut
1946 1491 2023 1544 ait

444 1581 743 1651 Apostolus
772 1599 787 1636 :
823 1600 843 1635 ι
879 1580 1087 1637 Etenim
1129 1581 1426 1637 cruciﬁxus
1463 1589 1548 1637 est
1579 1597 1648 1636 ex
1682 1580 2019 1649 inﬁrmitate,

2127 572 2264 643 τέρα
2286 569 2560 642 ὀνομάζει,
2579 570 2772 640 λέγων·
2799 588 2820 622 ι
2842 570 3140 641 ’Δγαπήσω
3164 586 3246 632 σε,
3267 568 3461 640 Κύριε.
3484 571 3520 640 ή
3554 566 3727 639 ἰσχύς

2133 679 2257 734 μου,
2286 661 2491 733 Κύριος
2524 661 2811 734 στερέωμά
2845 678 2967 732 μου,
2995 662 3089 715 καὶ
3124 660 3413 733 καταφυγή
3452 677 3583 731 μου,
3614 660 3728 716 καὶ

2131 753 2332 825 ρύστης
2352 772 2476 826 μου.
2518 755 2579 809 ‘0
2605 756 2737 819 Θεός
2770 771 2893 827 μου,
2924 752 3114 825 βοηθός
3147 770 3270 824 μου,
3294 752 3390 807 καὶ
3423 752 3596 806 ἔλπιῶ
3623 752 3727 807 ιε’

2130 847 2319 900 αύτόν·
2353 848 2767 920 ὑπερασπιστὴς
2802 864 2924 919 μου,
2958 846 3053 900 καὶ
3079 845 3248 918 κέρας
3279 844 3556 918 σοπηρίας
3582 861 3722 916 μου,

2129 939 2224 994 καὶ
2261 941 2609 1013 ἀντιλήπτωρ
2659 957 2781 1012 μου.
2822 958 2840 992 ι
2890 938 3291 992 Καταλέλοιπεν
3321 934 3415 993 οὖν
3471 937 3647 991 αὐτὸν
3688 938 3725 993 δ

2133 1030 2351 1101 ίσχυρδς
2377 1029 2565 1093 αὑτοῦ,
2612 1029 2844 1102 θελήσας
2888 1029 3052 1084 αὐτὸν
3099 1030 3261 1102 μέχρι
3308 1029 3564 1094 θανάτου,
3616 1029 3726 1083 καὶ

2129 1119 2359 1174 θανάτου
2401 1119 2632 1191 σταυροῦ
2665 1120 2964 1184 κατελθεῖν,
2994 1120 3088 1175 καὶ
3124 1119 3219 1175 τοῦ
3261 1120 3466 1192 κόσμου
3506 1119 3724 1189 παντὸς

2128 1211 2320 1285 λύτρον
2351 1212 2446 1266 καὶ
2493 1211 2782 1283 ἀντίψυχον
2816 1212 3219 1284 ἀποδειχθῆναιε
3271 1213 3366 1265 καὶ
3409 1212 3724 1284 καθάρσιον

2128 1303 2379 1372 γενέσθαι
2411 1304 2510 1375 τῆς
2536 1304 2646 1358 τῶν
2686 1307 2766 1368 εἰς
2796 1303 2957 1357 αὑτὸν
3001 1304 3404 1358 πιστευσάντων
3434 1305 3605 1376 ζωῆς.
3659 1306 3723 1360 '0

2128 1395 2206 1459 δὲ,
2248 1396 2442 1450 αὐτίκα
2476 1394 2620 1467 μάλα
2650 1394 3066 1467 συναισθόμενος
3108 1395 3214 1467 τῆς
3241 1394 3428 1450 ἐνθέου
3471 1397 3567 1450 καὶ
3599 1413 3722 1450 πα-

2127 1487 2324 1561 τρικῆς
2372 1486 2590 1559 βουλῆς,
2645 1487 2897 1557 διαγνούς
2944 1505 3026 1553 τε,
3068 1490 3118 1543 el
3168 1489 3261 1542 καί
3304 1505 3391 1552 τις
3428 1488 3616 1552 ἄλλος,
3646 1490 3724 1543 τὰ

2130 1580 2279 1635 αίτια
2308 1580 2402 1635 τοῦ
2446 1579 2862 1651 καταλελεῖφθαι
2906 1581 3066 1635 αὐτὸν
3097 1581 3204 1635 ὑπὸ
3224 1579 3317 1634 τοῦ
3347 1580 3589 1653 Πατρὸς,
3634 1581 3721 1635 ἔτι

444 1679 502 1728 et
522 1672 654 1727 vivit
671 1688 737 1727 ex
756 1673 959 1728 virtute
978 1671 1160 1743 Dei";
1186 1692 1204 1725 ι
1222 1673 1316 1744 qui
1334 1672 1552 1743 quidem
1569 1689 1850 1744 nunquam
1869 1674 2020 1729 cruci

2124 1674 2259 1728 πολὺ
2290 1674 2450 1728 πλέον
2476 1674 2841 1736 ἐταπείνωσεν
2881 1673 3095 1739 ἑαυτὸν,
3128 1674 3228 1728 καὶ
3252 1672 3344 1727 τὸν
3370 1673 3517 1746 ὑπὲρ
3550 1673 3722 1745 ἡμῶν

444 1771 593 1820 esset
629 1762 843 1834 afﬁxus,
878 1764 985 1821 nisi
1017 1764 1174 1820 fortis
1224 1780 1358 1821 suus
1392 1764 1569 1834 ipsum
1615 1764 2036 1837 dereliquisset.,

445 1852 515 1908 Et
544 1870 677 1911 sane
713 1854 925 1926 inspice
956 1863 1038 1924 tu,
1070 1871 1234 1927 quam
1268 1856 1407 1911 bene
1437 1856 1776 1921 convenerit,
1808 1860 2022 1927 Agnum

444 1944 566 2011 Dei,
596 1947 690 2018 qui
731 1956 791 2002 ut
818 1947 937 2003 ovis
966 1947 1031 2002 ad
1066 1947 1427 2006 occidendum
1481 1948 1554 2005 sit
1602 1947 1827 2012 ductus,
1876 1956 1930 2003 et
1961 1956 2023 2002 ut

446 2053 623 2109 agnus
666 2054 852 2094 coram
894 2040 1157 2099 tondente
1200 2039 1556 2103 obmutuerit.
1610 2057 1740 2097 suas
1770 2041 1916 2097 vires
1953 2039 2023 2095 ad

446 2131 628 2202 ipsum
667 2130 837 2187 Deum
883 2132 1110 2193 referre,
1158 2141 1211 2187 et
1232 2132 1369 2187 nihil
1410 2133 1687 2205 proprium
1732 2149 1792 2190 se
1822 2132 2024 2188 habere

446 2223 705 2278 arbitrari
735 2224 841 2279 nisi
874 2241 1044 2280 unum
1082 2225 1320 2280 Patrem.
1351 2224 1589 2281 Proinde
1630 2224 1793 2281 etiam
1828 2224 2022 2281 fortem

445 2329 630 2378 suum,
663 2315 842 2386 ipsum
887 2313 1105 2371 Patrem
1152 2324 1332 2381 vocat,
1383 2331 1516 2372 sane
1560 2315 2022 2387 quemadmodum

443 2408 531 2463 vel
565 2407 619 2462 in
653 2406 867 2463 decimo
906 2407 1143 2479 septimo
1174 2407 1386 2477 psalmo
1425 2407 1596 2462 robur
1628 2423 1811 2468 suum.
1845 2416 1900 2463 et
1928 2409 2022 2461 ﬁr-

442 2507 803 2565 mamentum,
855 2505 911 2556 et
958 2498 1226 2569 refugium
1280 2497 1533 2553 eumdem
1578 2498 1846 2562 nominat,
1892 2497 2022 2552 dum

443 2589 619 2647 dicit:
655 2608 674 2641 ι
704 2588 935 2660 Diligam
977 2596 1054 2654 te,
1103 2588 1351 2653 Domine,
1391 2588 1563 2643 robur
1604 2604 1805 2643 meum.
1838 2587 2024 2642 Domi-

444 2696 552 2739 nus
581 2681 978 2736 ﬁrmamentum
1019 2696 1203 2736 meum
1233 2688 1287 2737 et
1316 2680 1588 2752 refugium
1635 2695 1836 2745 meum,
1873 2690 1928 2736 et
1951 2680 2023 2735 li-

444 2771 667 2830 berator
707 2787 881 2835 meus.
924 2769 1067 2827 Deus
1097 2786 1272 2834 meus,
1321 2771 1540 2841 adjutor
1586 2787 1762 2837 meus,
1813 2779 1867 2828 et
1893 2788 2022 2843 spee

445 2867 582 2921 rabo
610 2864 665 2918 in
695 2880 844 2920 eum.
864 2862 1149 2919 Protector
1178 2879 1334 2920 meus
1363 2873 1417 2919 et
1444 2879 1617 2919 cornu
1640 2865 1833 2935 salutis
1862 2881 2017 2932 meae,

444 2965 503 3015 et
532 2964 820 3027 susceptor
848 2971 1004 3012 meus
1026 2956 1092 3012 ".
1123 2974 1143 3009 ι
1183 2954 1482 3027 Dereliquit
1508 2970 1639 3027 ergo
1669 2957 1823 3021 illum
1856 2957 2017 3014 fortis

2124 1764 2354 1821 θάνατον
2385 1765 2553 1839 πολλῇ
2585 1769 2653 1839 τῇ
2689 1764 2971 1839 προθυμίᾳ
3018 1766 3391 1838 περιεϐάλετο,
3429 1785 3450 1817 ι
3489 1765 3723 1835 ἐγένετό

2122 1874 2184 1913 τε
2210 1861 2240 1912 ό
2272 1858 2534 1928 πανάγιος
2566 1858 2662 1915 καὶ
2691 1857 2983 1929 εὐλογητὸς
3003 1857 3145 1929 ὑπὲρ
3168 1858 3323 1930 ήμῶν
3342 1857 3582 1930 κατάρα,
3618 1858 3723 1914 καὶ

2123 1948 2153 2001 ό
2180 1948 2253 2020 μὴ
2286 1950 2447 2017 γνοὺς
2490 1948 2762 2020 ἁμαρτίαν
2804 1948 3069 2021 ἁμαρτία,
3112 1948 3200 2002 ἴνα
3227 1951 3388 2020 ἡμεῖς
3417 1947 3722 2020 γενώμεθα

2123 2038 2430 2110 δικαιοσύνη
2461 2037 2596 2094 Θεοῦ
2618 2039 2677 2097 ὲν
2708 2038 2877 2111 αὐτῷ.
2907 2059 2927 2093 ι
2961 2038 3072 2094 Kal.
3092 2039 3172 2093 ἔτι
3207 2039 3343 2111 πρὸς
3363 2040 3581 2104 τούτοις
3612 2038 3723 2105 τὰς

2123 2129 2397 2203 ἡμετέρας
2465 2131 2739 2203 ἁμαρτίας
2797 2130 3214 2203 ἀναμαξάμενος
3261 2131 3633 2205 ἐσταυρώθη,
3688 2133 3719 2188 δ

2123 2221 2290 2295 ἐχρῆν
2336 2223 2484 2295 ἡμᾶς
2531 2224 2658 2287 τοὺς
2709 2225 2839 2296 πρὶν
2892 2225 3110 2290 ἀσεϐεῖς
3150 2224 3363 2289 παθεῖν,
3410 2225 3720 2297 ἀντίψυχα

2121 2313 2282 2386 ημῶν
2312 2315 2407 2369 καὶ
2436 2315 2752 2386 ἀντίλυτρον
2782 2318 3165 2389 γεγενημένος,
3194 2317 3324 2371 ὥστ’
3354 2316 3421 2390 διν
3466 2318 3719 2387 εὐλόγως

2122 2408 2297 2465 εἰπεῖν
2325 2408 2472 2479 ἡμᾶς
2508 2406 2573 2461 τὸ
2620 2408 2985 2480 προφητικόνο
3023 2427 3043 2463 ι
3082 2409 3254 2474 Δύτδς
3298 2407 3399 2474 τὰς
3430 2410 3719 2482 ἁμαρτίας

2121 2494 2280 2566 ἡμῶν
2330 2495 2506 2567 φέρει,
2559 2496 2654 2551 καὶ
2705 2499 2833 2571 περὶ
2882 2497 3039 2570 ⁴ἡμῶν
3085 2496 3355 2560 όδυνᾶται.
3400 2500 3496 2554 καὶ
3543 2500 3718 2566 αὖτις

2123 2586 2525 2662 ἑτραυματίσθη
2560 2588 2651 2651 διὰ
2676 2588 2775 2654 τὰς
2808 2591 3083 2663 ἁμαρτίας
3115 2591 3292 2663 ἡμῶν,
3324 2591 3420 2646 καὶ
3455 2594 3716 2664 μεμαλᾲ-

2122 2695 2303 2743 κισται
2325 2678 2415 2742 διὰ
2444 2678 2545 2744 τὰς
2575 2682 2805 2753 ἀνομίας
2835 2681 3014 2754 ἡμῶν,
3055 2683 3142 2738 ἵνα
3169 2683 3249 2755 τῷ
3275 2682 3505 2755 μώλωπι
3538 2686 3713 2740 αὑτωό

2120 2771 2281 2842 ἡμεῖς
2333 2771 2592 2845 ίαθῶμεν.
2632 2773 2835 2846 Κύριος
2862 2759 2983 2848 ¹γὰρ
3039 2775 3357 2847 παρέδωκεν
3389 2776 3552 2830 αὑτὸν
3585 2781 3715 2842 ταῖς

2121 2863 2417 2935 ἁμαρτίαις
2467 2864 2643 2936 ἡμῶν.
2682 2883 2703 2918 ι
2736 2865 2936 2938 Διόπερ
2965 2866 3043 2931 ὡς
3086 2866 3412 2939 παραδοθεὶς
3454 2867 3562 2923 {orno
3611 2869 3710 2923 τοῧ

2120 2954 2354 3026 Πατρὸς,
2396 2954 2491 3011 καὶ
2550 2956 2927 3028 μαλακισθεὶς,
2978 2958 3073 3013 καὶ
3126 2958 3227 3024 τὰς
3269 2959 3501 3033 ἀνομίας
3545 2962 3711 3033 ἡμῶν

446 3069 603 3117 suus,
639 3069 762 3109 cum
791 3053 962 3108 voluit
992 3052 1144 3108 illum
1183 3067 1357 3122 usque
1395 3051 1463 3107 ad
1495 3060 1746 3116 mortem,
1791 3061 1846 3114 et
1874 3070 2019 3109 mor-

2124 3044 2445 3118 ἀνειληφὼς,
2484 3065 2503 3099 ι
2533 3047 2611 3113 ὡς
2639 3048 2910 3121 πρόϐατον
2931 3050 3025 3105 ὲπὶ
3070 3050 3281 3123 σφαγὴν
3312 3052 3475 3125 ἤχθη.
3510 3072 3532 3105 ι
3568 3032 3711 3108 Συν-

444 3151 554 3200 tem
587 3145 771 3205 crucis
796 3143 1148 3209 descendere,
1173 3152 1227 3200 et
1257 3159 1357 3215 pro
1385 3144 1641 3201 universo
1670 3145 1873 3201 mundo
1896 3163 2020 3221 pre-

443 3237 607 3301 tium,
642 3251 752 3308 quo
799 3237 994 3292 animae
1028 3237 1450 3300 redimerentur,
1495 3235 1765 3300 exhiberi,
1808 3244 1861 3292 et
1894 3226 2020 3293 vitai

444 3344 636 3386 eorum
685 3329 777 3401 qui
824 3330 878 3384 in
928 3329 1089 3384 ﬁdem
1134 3329 1254 3400 ejus
1304 3329 1602 3396 venissent,
1652 3330 2020 3400 expiationem

445 3421 587 3481 ﬁeri.
622 3420 718 3477 Ille
751 3435 882 3477 vero
922 3421 1176 3492 protinus
1207 3420 1454 3477 divinum
1500 3436 1565 3476 ac
1594 3429 1879 3496 paternum
1922 3423 2020 3479 de-

444 3522 657 3576 cretum
693 3514 1002 3585 intelligens
1047 3529 1493 3586 cognoscensque
1533 3515 1580 3573 si
1620 3515 1745 3584 quis
1779 3531 2017 3586 unquam

446 3608 609 3669 alius.
642 3621 840 3662 causas
864 3616 1087 3677 propter
1111 3622 1250 3678 quas
1279 3622 1310 3661 a
1340 3604 1502 3673 Patre
1522 3615 1670 3662 esset
1703 3608 2019 3681 relinquen-

444 3698 571 3761 dus,
601 3699 774 3753 multo
817 3701 983 3754 etiam
1031 3698 1266 3770 amplius
1320 3698 1559 3768 seipsum
1591 3699 1830 3765 demisit,
1873 3716 2021 3756 mor-

445 3803 667 3866 temque
688 3807 787 3863 pro
815 3793 974 3848 nobis
1002 3792 1205 3865 ingenti
1225 3793 1506 3849 alacritate
1528 3794 1751 3858 subivit,
1774 3812 1794 3845 ι
1814 3792 2014 3851 factus-

445 3898 551 3957 que
581 3892 666 3940 est
701 3904 720 3935 ι
753 3883 798 3939 is
827 3884 921 3953 qui
949 3891 1089 3946 erat,
1121 3892 1175 3939 et
1202 3886 1586 3950 sanctissimus
1618 3895 1673 3940 et
1701 3887 2019 3945 benedictus

450 3994 472 4031 ι
501 3990 601 4047 pro
624 3975 784 4030 nobis
813 3976 1121 4041 exsecratio
1144 3976 1214 4042 ⁸⁸,
1257 3987 1311 4032 et
1346 3977 1439 4047 qui
1473 3986 1754 4047 peccatum
1785 3994 1894 4034 non
1927 3995 2022 4039 n09

443 4065 545 4130 vit,
603 4073 907 4136 peccatum,
960 4074 1021 4120 ut
1074 4081 1177 4128 nos
1222 4065 1521 4129 elﬁciamur
1557 4068 1772 4138 justitia
1818 4066 1912 4126 Dei
1963 4070 2019 4135 in

446 4155 567 4229 ipso
586 4156 654 4211 ".
690 4176 710 4209 ι
747 4158 827 4210 Ad
859 4158 973 4223 [nec
1015 4158 1107 4213 ubi
1145 4167 1368 4230 peccata
1398 4167 1585 4215 nostra
1625 4160 1872 4226 detersit,
1903 4171 2017 4220 tum

445 4251 598 4307 cruci
631 4250 823 4313 aﬁixus
851 4261 955 4317 est,
996 4253 1142 4323 quod
1177 4252 1399 4324 quidem
1436 4269 1536 4309 nos
1567 4256 1678 4325 pati
1707 4257 2015 4327 oportebat,

444 4350 502 4401 et
530 4359 632 4414 pro
664 4343 1001 4409 redimendis
1051 4345 1252 4401 animis
1302 4346 1510 4402 nostris
1553 4347 1670 4417 ipse
1714 4348 1889 4406 factus
1934 4356 2019 4406 est

2049 4395 2093 4450 D

2123 3136 2237 3206 ᾲδει
2258 3136 2467 3203 τούτοις
2488 3140 2675 3212 καὶῌ)
2706 3140 3026 3206 Ἀπόστολος
3047 3142 3249 3211 λέγων’
3278 3163 3297 3195 ι
3341 3144 3440 3208 ’ος
3470 3163 3538 3215 γε
3570 3146 3707 3203 ἰδίου

2124 3228 2256 3285 Υίοῦ
2284 3231 2384 3285 οὐκ
2434 3232 2705 3303 ἐφείσατο,
2739 3233 2855 3288 ἀλλ’
2901 3235 3042 3308 ὑπὲρ
3079 3235 3239 3307 ἡμῶν
3290 3236 3510 3291 πάντων
3558 3255 3710 3308 παρ-

2124 3322 2323 3378 έδωκεν
2352 3324 2533 3378 αὐτόν.
2570 3344 2591 3377 ι
2620 3325 2800 3381 Κινῶν
2834 3326 2893 3380 δὲ
2926 3327 3073 3398 ἡμᾶς
3101 3328 3194 3382 ἐπὶ
3232 3326 3459 3401 ζήτησιν
3489 3331 3593 3403 τῆς
3624 3331 3709 3385 ιι-

2123 3416 2263 3482 τίας,
2296 3416 2364 3473 δι’
2392 3418 2458 3488 ἢν
2491 3417 2653 3472 αὑτὸν
2684 3419 2714 3471 ό
2734 3419 2926 3491 Πατὴρ
2949 3419 3226 3485 κατέλιπε,
3257 3420 3455 3490 φάσκει
3476 3438 3491 3452 ·
3530 3440 3551 3474 ι
3590 3424 3708 3477 Ἵνα

2123 3506 2175 3560 τί
2206 3524 2272 3580 με
2323 3509 2718 3578 ὲγκατέλιπες;
2764 3530 2783 3563 ι
2818 3510 2891 3565 Τὸ
2921 3510 2968 3564 δ’
3001 3511 3172 3567 αἴτιον
3203 3512 3362 3567 τοῦτο
3402 3509 3495 3586 ἦν,
3534 3517 3569 3587 ἡ
3608 3515 3705 3570 τοῦ

2125 3602 2323 3668 παντὸς
2369 3602 2670 3676 ἀνθρώπων
2703 3604 2895 3673 γένους
2944 3605 3338 3678 ἀπολύτρωσις,
3401 3607 3482 3679 τῷ
3540 3611 3705 3682 τιμίῳ

2123 3695 2316 3766 αἵματι
2370 3694 2809 3774 ἐξαγοραζομένη
2851 3696 2959 3751 ἀπὸ
2989 3699 3087 3770 τῆς
3129 3699 3257 3770 πρὶν
3299 3700 3550 3774 χαλετᾶχς
3587 3704 3703 3759 δου-

2122 3788 2290 3856 λείας,
2338 3773 2561 3860 ἦν’τοῖς
2607 3789 2863 3861 ἀοράτοις
2911 3789 3220 3857 δεσπόταις,
3273 3778 3528 3864 δαίμοσιν
3572 3797 3703 3850 ἀκαο

2125 3880 2342 3953 θάρτοις
2374 3881 2469 3935 καὶ
2493 3884 2749 3954 πονηροῖς
2775 3882 3003 3954 ἄρχουσί
3035 3900 3094 3937 τε
3117 3884 3210 3938 καὶ
3241 3885 3521 3957 πνεύμασι
3547 3905 3701 3944 κατα-

2122 3968 2463 4035 δεδούλωντο.
2483 4040 2491 4048 ,
2514 3972 2624 4026 Καὶ
2678 3971 2852 4036 ἄλλως
2899 3972 2957 4026 δὲ
3007 3973 3392 4030 καταλέλοιπεν
3454 3978 3624 4032 αὐτὸν
3672 3980 3699 4033 6

2123 4063 2333 4136 Πατὴρ,
2377 4064 2471 4117 καὶ
2498 4063 2662 4125 αὐτοῦ
2692 4062 2789 4117 τοῦ
2823 4064 3059 4137 Χριστοῦ
3088 4065 3185 4138 τὴν
3221 4066 3697 4142 ὑπὲράνθρώπωι

2123 4154 2361 4221 διάθεσιν
2396 4155 2780 4227 ἀποδειχθῆναι
2810 4155 3060 4227 θελήσας.
3096 4157 3187 4211 Διδ
3224 4158 3454 4229 μηδενὸς
3488 4161 3698 4233 ἔχοντος

2125 4246 2366 4316 ἐξουσίαν
2385 4246 2486 4319 τῆς
2511 4246 2676 4314 αὐτοῦ
2693 4248 2870 4320 ψυχῆς
2887 4249 3026 4303 ἑκὼν
3054 4250 3214 4315 αὐτὸς
3232 4253 3372 4324 ὑπὲρ
3402 4254 3699 4329 ἀνθρώπων

2123 4338 2293 4411 αὐτὴν
2320 4338 2584 4404 τέθεικεν,
2622 4339 2905 4413 ὼσπεροῦν
2948 4340 3188 4396 διδάσκει
3213 4342 3421 4413 λέγων’
3468 4365 3487 4397 ι
3519 4347 3699 4410 Οὐδεὶς

445 4436 707 4510 pretium.
739 4450 914 4503 usque
947 4435 1083 4491 adeo
1106 4445 1165 4491 ut
1190 4451 1301 4491 non
1330 4436 1603 4492 immerito
1628 4437 1757 4493 illud
1781 4439 2017 4509 prophe-

2124 4428 2264 4505 αἴρει
2292 4430 2391 4503 τὴν
2413 4429 2589 4502 ψυχήν
2617 4449 2718 4502 μου
2750 4431 2842 4486 ἀπ’
2876 4431 3032 4503 ἐμοῦ.
3074 4432 3351 4501 Ἐξουσίαν
3391 4435 3505 4507 ἔχω
3537 4437 3697 4492 θεῖναι

445 4527 619 4584 ticum
647 4528 924 4599 possimus
951 4528 1133 4585 dicere
1163 4548 1176 4584 :
1211 4547 1229 4580 ι
1259 4529 1376 4599 Ipse
1403 4536 1625 4599 peccata
1655 4537 1847 4594 nostra
1884 4530 2012 4598 fert,

447 4627 502 4687 et
529 4634 629 4691 pro
668 4621 830 4676 nobis
858 4630 941 4676 est
970 4621 1023 4676 in
1060 4621 1267 4678 dolore.
1301 4620 1365 4675 Et
1413 4623 1529 4692 ipse
1572 4621 1891 4683 vulneratus
1932 4633 2017 4684 est

447 4722 672 4785 propter
697 4721 920 4785 peccata
955 4725 1165 4777 nostra,
1200 4722 1255 4771 et
1295 4714 1537 4789 elanguit
1566 4722 1789 4785 propter
1816 4715 2022 4785 iniqui-

445 4811 591 4862 tates
622 4814 875 4869 nostras,
925 4815 987 4860 ut
1037 4804 1205 4860 livore
1237 4805 1355 4873 ejus
1397 4820 1500 4861 nos
1547 4820 1890 4861 sanaremur.
1925 4805 2019 4862 Et-

446 4896 595 4953 enim
627 4895 850 4951 tradidit
889 4896 1040 4952 illum
1082 4896 1322 4965 peccatis
1366 4898 1571 4952 nostris
1588 4892 1654 4951 δτ.
1694 4918 1712 4950 ι
1749 4896 2020 4964 Quocirca

447 4992 712 5059 tanquam
752 4987 988 5049 traditus
1036 5002 1067 5041 a
1097 4996 1249 5058 patre
1295 4996 1349 5042 et
1393 4985 1685 5057 languidus
1716 4986 1915 5050 factus,
1964 4994 2020 5049 et

446 5086 713 5151 tanquam
750 5079 799 5135 is
840 5083 932 5149 qui
967 5087 1192 5149 peccata
1248 5085 1437 5135 nostra
1485 5078 1867 5145 assumpserit,
1907 5096 1927 5130 ι
1958 5085 2018 5132 ιιι

449 5171 570 5234 ovis
597 5170 665 5226 ad
689 5170 892 5227 caedem
923 5179 1006 5227 est
1031 5170 1230 5228 ductus
1250 5169 1318 5224 “.
1349 5189 1368 5222 ι
1405 5166 1502 5224 liis
1524 5169 1824 5223 concordat
1852 5170 2020 5226 etiam

445 5258 746 5334 Apostolus
793 5263 925 5318 dum
970 5262 1045 5317 ita
1094 5262 1263 5325 altu.
1301 5259 1405 5333 Qui
1455 5259 1678 5331 proprio
1718 5261 1859 5315 Filio
1904 5275 2018 5315 non

2121 4521 2311 4594 αὐτὴν,
2365 4524 2460 4576 καὶ
2509 4525 2752 4591 ἐξουσίαν
2805 4522 2913 4596 ἔχω
2975 4525 3137 4579 πάλιν
3192 4525 3375 4578 λαϐεῖν
3438 4529 3634 4603 αὐτὴν.
3675 4549 3693 4579 ο

2133 4616 2288 4689 Ἑξῆς
2316 4615 2527 4681 τούτοις
2574 4617 2739 4689 φησίε
2780 4636 2801 4670 ι
2838 4616 3072 4690 Μακράν
3126 4618 3234 4673 ἀπὸ
3271 4619 3374 4690 τῆς
3430 4623 3696 4696 σωτηρίας

2124 4726 2225 4780 μου
2256 4710 2305 4762 oi
2333 4708 2481 4777 λόγοι
2515 4708 2623 4762 τῶν
2669 4709 3127 4782 παραπτωμάτων
3182 4727 3306 4782 μου.
3344 4731 3364 4765 ι
3409 4713 3557 4767 Ἄνθ⁹
3588 4709 3647 4769 οὗ
3668 4715 3699 4768 ό

2124 4800 2223 4871 μὲν
2258 4799 2487 4864 Ἀκύλας
2504 4817 2517 4831 ·
2554 4819 2572 4851 ι
2600 4801 2832 4873 Μακράν
2854 4802 2963 4856 ἀπὸ
2984 4805 3082 4874 τῆς
3106 4803 3383 4875 σωτηρίας
3407 4821 3511 4876 μου
3536 4807 3701 4880 ῥήμα-

2117 4909 2185 4947 τα
2233 4891 2577 4964 βρυχήματός
2620 4910 2742 4964 μου,
2786 4913 2804 4946 ι
2849 4892 3134 4959 ἐξέδωκεν*
3184 4897 3214 4950 ό
3258 4894 3318 4949 δὲ
3362 4895 3695 4970 Σύμμαχον

2126 5001 2145 5047 ι
2200 4984 2594 5056 Ἀφεστήκασιν
2613 4985 2718 5039 ἀπὸ
2748 4986 2845 5057 τῆς
2869 4985 3140 5059 σωτηρίας
3187 5004 3289 5059 μου
3319 4988 3371 5042 οί
3409 4987 3565 5058 λόγοι
3597 4988 3696 5043 τῶν

2120 5075 2368 5149 ὀδυρμῶν
2399 5092 2529 5148 μουο
2571 5096 2589 5129 ι
2621 5079 2717 5132 καὶ
2735 5077 2854 5131 καθ’
2888 5079 3082 5151 ἑτέραν
3112 5079 3170 5134 δὲ
3201 5080 3510 5152 φερομένην
3533 5081 3699 5154 ιρμη-

2120 5168 2270 5222 νείαν
2293 5170 2547 5242 πέμπτην
2571 5169 2810 5241 εἴρηται’
2845 5190 2862 5221 ι
2898 5171 3129 5244 Μακρὰν
3160 5171 3271 5226 ἀπὸ
3294 5172 3400 5243 τῆς
3426 5172 3697 5247 σωτηρίας

2126 5278 2229 5332 μου
2269 5263 2320 5315 οἱ
2349 5260 2495 5330 λόγοι
2543 5260 2651 5315 τῶν
2690 5254 2930 5335 δεήσεων
2967 5279 3086 5335 μου.
3120 5280 3141 5315 ι
3175 5262 3316 5335 Ὅρα
3357 5263 3424 5335 δὴ
3469 5260 3591 5327 οὖν,
3618 5263 3695 5317 δτι

449 5354 713 5427 pepercit,
747 5354 844 5410 sed
868 5366 968 5423 pro
995 5353 1249 5410 omnibus
1281 5352 1447 5418 nobis,
1468 5350 1692 5408 tradidit
1724 5351 1876 5419 illum
1899 5354 1967 5408 υ.
1993 5370 2013 5404 ι

2124 5353 2246 5406 κατ’
2299 5352 2584 5425 οὐδετέραν
2624 5352 2827 5420 τούτων
2876 5354 2956 5413 τδ.
3002 5370 3022 5405 ι
3071 5349 3178 5408 τῶν
3234 5357 3695 5429 παραπτωμάτων

519 5473 567 5508 ’³
600 5467 649 5543 ll
673 5471 804 5529 Cor.
838 5489 973 5543 nu.
1006 5474 1061 5530 ι.
1191 5472 1241 5506 ’⁸
1277 5470 1421 5529 Psal.
1460 5488 1567 5539 xvu
1591 5511 1605 5537 ,
1637 5470 1758 5543 2,3.

452 5540 500 5591 θ’
539 5540 674 5598 Ibid.
712 5543 764 5596 7.
840 5543 885 5577 "
924 5542 1082 5599 Rom.
1120 5560 1255 5609 νιιι,
1290 5543 1379 5600 52.

512 5631 592 5691 (θ)
620 5629 979 5698 Desideratur
1014 5636 1062 5691 6.
1095 5634 1254 5692 Enn.

1898 5472 1942 5504 ”
1983 5468 2101 5527 Gal.
2141 5484 2233 5539 ιιι,
2270 5469 2357 5525 l3.

2504 5471 2550 5509 οι
2588 5468 2632 5523 ll
2665 5469 2793 5536 Cor,
2829 5486 2882 5536 v,
2912 5468 3006 5525 29.
3139 5470 3184 5502 θ’
3226 5469 3331 5529 lsa.
3368 5484 3521 5539 Iun,
3580 5469 3691 5529 ιι.
