3936 6208
228 189 336 244 769

1143 193 1787 253 DEMONSTRATIONIS
1821 198 2281 256 ενΑΝιιΕιιεΑει
2320 201 2446 257 LIB.
2491 203 2556 258 Χ.

235 321 357 376 μου,
398 321 418 356 ι
455 303 690 376 εἴρηται,
735 307 812 368 ὡς
859 305 1140 376 συμϐαίνει
1185 310 1314 362 ποτὲ
1353 309 1624 382 σφάλματι
1670 329 1793 382 γρα-

1905 315 2170 371 Caeterum
2204 318 2452 374 excitans
2481 332 2580 372 nos
2613 319 2678 374 ad
2714 318 3086 390 inquirendam
3117 337 3337 380 causam
3371 339 3471 380 cur

232 394 378 465 φικῷ
401 394 653 458 τοιαύτας
682 395 831 458 τινάς
853 396 1149 464 ὲναλλαγὰς
1181 399 1458 470 φέρεσθαι.
1509 402 1600 454 Ἐκ
1627 402 1684 456 δὲ
1701 404 1802 472 τῆς

228 487 339 540 τῶν
365 485 621 539 πλειόνων
650 489 943 559 ἑρμηνείας
970 490 1339 561 καταληπτέον
1355 509 1368 521 ·
1399 495 1447 546 εί
1485 494 1559 566 μὴ
1585 495 1693 566 ἄρα
1719 511 1803 560 τις

230 577 508 632 κάνταῦθα
548 578 616 630 τὰ
649 579 892 650 ἡμέτερα
923 580 1340 652 παραπτώματα
1377 584 1801 658 ἐξοικειούμενον

226 670 401 732 ταῦτα
427 670 586 724 αὐτὸν
603 671 877 742 εἰρηκέναι
903 674 1110 744 φήσειε.
1135 674 1355 739 Τούτοις
1384 676 1508 747 ἑξῆς
1537 677 1796 746 ἐπιλέγει·

234 781 254 813 ε
305 760 363 814 '0
394 761 525 824 Θεός
574 778 696 832 μου,
743 763 1077 834 κεκράξομαι
1129 763 1362 836 ἡμέρας,
1401 767 1495 819 καὶ⁵
1551 767 1649 821 οὐκ
1688 770 1799 822 είσ-

227 852 456 923 ακούοῃ,
495 853 588 904 καὶ
618 852 827 916 νυκτὸς,
859 855 950 906 καὶ
993 855 1092 908 οὐκ
1124 857 1204 918 είς
1232 857 1415 910 ἄνοιαν
1445 858 1593 927 ἐμοί·
1632 879 1650 911 ι
1681 860 1796 913 ἀνθ’

223 938 288 997 οῦ
319 943 478 996 πάλιν
497 945 526 995 ὁ
553 941 863 1014 Σύμμαχος·
898 963 915 995 ι
939 945 996 997 '0
1017 945 1147 1009 Θεὸς
1180 965 1301 1017 μου.
1344 967 1362 1000 ι
1396 951 1547 1019 φησὶ,
1578 968 1596 1000 ι
1619 950 1797 1021 βοήσω

222 1035 462 1106 ἡμέρας,
489 1036 584 1087 καὶ
611 1035 710 1088 οὐκ
732 1035 1046 1110 είσακούσῃ,
1076 1039 1171 1091 καὶ
1201 1039 1412 1104 νυκτὸς,
1439 1043 1530 1094 καί
1559 1043 1656 1094 οὐκ
1681 1043 1795 1095 ἔστι

224 1129 378 1199 σιγή·
411 1148 430 1179 ³
463 1127 740 1198 (θαυμάζει
788 1127 852 1199 δὴ
885 1125 976 1182 οὖν
1014 1131 1071 1182 ὲν
1107 1130 1313 1194 τούτοις
1349 1133 1439 1186 τὸν
1472 1135 1687 1206 Πατέρα
1719 1135 1795 1199 ὡς

229 1220 310 1292 μὴ
340 1220 689 1274 εἰσακούοντα
710 1220 894 1286 αὐτοῦ,
915 1219 1060 1285 ξένον
1077 1239 1129 1274 τι
1147 1223 1304 1276 τοῦτο
1326 1227 1418 1278 καὶ
1438 1226 1587 1297 παρὰ
1601 1227 1658 1279 τὸ
1675 1227 1793 1280 σύν-

223 1312 357 1384 ηθες
399 1311 640 1384 θεωρῶν.
678 1313 733 1366 Ὀ
766 1314 822 1366 δὲ
856 1314 1150 1382 ἐφύλαττεν
1193 1316 1340 1387 αὐτῷ
1384 1317 1481 1389 τὴν
1523 1319 1692 1391 ἀκοὴν
1716 1322 1795 1383 είς

221 1404 317 1457 τὸν
349 1403 648 1474 ἐπιτήδειον
670 1403 760 1456 τοῦ
787 1404 1198 1476 εἰσακουσθῆναι
1226 1405 1442 1478 καιρόν,
1464 1403 1628 1472 Οὗτος
1651 1409 1704 1462 δὲ
1726 1406 1794 1482 ἦν

222 1497 254 1548 ὁ
278 1494 380 1564 τῆς
419 1495 748 1566 ἀντιλήψεως
790 1498 888 1568 τῆς
919 1497 1145 1567 ἑωθινῆς
1184 1498 1277 1551 καὶ
1321 1499 1348 1550 ὁ
1369 1501 1466 1570 τῆς
1497 1502 1562 1554 ἐκ
1586 1501 1793 1573 νεκρῶν

223 1589 591 1655 ἀναστάσεως,
612 1589 874 1654 καθ’δν,εἰ
891 1589 983 1642 καί
995 1607 1098 1642 τινι
1114 1590 1277 1661 ἄλλῳ,
1297 1591 1390 1644 καὶ
1405 1593 1556 1664 αὐτῷ
1573 1594 1794 1659 δικαίως

1909 407 2086 478 ipsum
2127 417 2278 478 pater
2304 410 2606 466 deseruerit
2639 411 2714 466 ait
2747 433 2759 468 :
2797 431 2816 463 ι
2842 413 3021 479 Quare
3055 431 3139 470 me
3175 417 3472 488 dereliqui-

1908 500 2060 553 sti?i
2112 500 2287 554 Causa
2330 518 2494 572 porro
2528 503 2640 557 hate
2689 504 2810 568 fuit,
2845 506 3208 578 Momms
3249 511 3468 565 humani

1907 592 2123 660 generis
2163 592 2460 664 redemptio
2511 609 2573 648 ac
2613 596 2883 660 liberatio,
2936 616 3055 668 qua:
3095 601 3332 670 pretioso
3375 601 3470 656 illo

1906 683 2172 753 sanguine
2204 684 2341 740 facta
2396 682 2496 750 est,
2540 702 2567 739 a
2601 689 2780 756 priore
2813 691 2900 742 illa
2937 692 3259 746 intoleraliii
3296 694 3471 749 servi-

1905 779 2038 834 tute,
2067 789 2172 842 qua
2201 775 2304 829 sub
2329 777 2500 830 visum
2531 776 2914 848 eiiugicntibus
2949 781 3204 843 dominis,
3238 784 3469 852 impuris

1905 865 2090 935 utique
2127 867 2463 922 daemonibus
2512 876 2565 922 et
2596 871 2847 940 malignis
2881 874 3220 942 principgbus
3259 892 3318 928 ae
3355 878 3468 945 Spi—

1903 954 2099 1008 ritibus
2135 957 2537 1022 premebantur,
2584 968 2636 1012 et
2673 961 2773 1012 alia
2808 961 2933 1014 item
2981 965 3189 1018 ratione
3229 965 3470 1024 deseruit

1903 1042 2054 1096 illum
2088 1043 2269 1108 Pater,
2305 1057 2364 1100 ut
2391 1049 2519 1102 illud
2551 1052 2758 1105 scilicet
2795 1055 3191 1116 ostenderetur.
3225 1059 3470 1112 affectio-

1901 1149 2024 1189 nem
2069 1152 2166 1206 pro
2206 1139 2521 1196 hominibus
2566 1143 2740 1210 ipsius
2776 1160 2993 1214 quoque
3034 1147 3238 1200 Christi
3272 1141 3463 1205 fuisse.

1901 1225 2242 1298 Quapmpter
2295 1249 2416 1286 cum
2467 1235 2612 1289 illius
2665 1237 2859 1291 animae
2897 1239 2987 1306 jus
3045 1247 3098 1293 et
3143 1249 3467 1310 potestatem

1901 1335 2059 1374 nemo
2091 1323 2332 1385 haberet,
2365 1327 2552 1381 volens
2585 1329 2700 1397 ipse
2731 1345 2828 1398 pro
2859 1331 3168 1387 hominibus
3201 1335 3343 1388 illam
3369 1350 3468 1405 po-

1901 1414 2031 1480 suit,
2068 1415 2140 1468 ita
2182 1431 2312 1470 sane
2337 1422 2793 1486 quemadmodum
2823 1422 2977 1476 docet
3005 1424 3137 1493 ipse,
3172 1426 3299 1479 dum
3325 1431 3396 1479 ait
3418 1430 3464 1480 ιε

1906 1521 1924 1555 ι
1953 1505 2124 1560 Nemo
2158 1508 2309 1562 tollet
2339 1512 2574 1563 animam
2619 1527 2793 1566 meam
2823 1528 2852 1566 a
2883 1530 2986 1580 me;
3021 1523 3340 1585 potestatem
3371 1519 3468 1572 ha-

1901 1597 2001 1651 beo
2033 1600 2266 1668 ponendi
2307 1615 2449 1664 eam,
2480 1611 2532 1656 et
2576 1612 2896 1670 potestatem
2942 1607 3112 1661 habeo
3147 1625 3340 1664 rursus
3373 1626 3467 1664 su-

225 1679 294 1734 ἃν
327 1679 514 1750 ἐλέχθη
533 1696 546 1709 '
578 1699 595 1730 ι
647 1681 734 1732 Ἐν
764 1680 938 1750 καιρῷ
963 1679 1135 1749 δεκτῷ
1163 1681 1444 1750 ἐπήκουσά
1467 1699 1580 1748 σου,
1606 1685 1700 1738 καὶ
1742 1688 1793 1738 ἐν

1903 1690 2078 1744 mendi
2119 1706 2258 1745 eam.
2292 1692 2362 1746 lis
2388 1709 2506 1762 qua:
2534 1693 2674 1748 dicta
2711 1704 2858 1759 sunt,
2891 1696 3149 1770 deinceps
3178 1701 3461 1774 adjungit:

222 1772 407 1842 ἡμέρᾳ
440 1770 712 1842 σωτηρίας
757 1770 1027 1842 ἐϐοήθησά
1062 1788 1162 1824 σοι.
1203 1770 1332 1826 Ἰδοὺ
1361 1773 1454 1827 νῦν
1497 1775 1684 1847 καιρὸς
1709 1778 1797 1829 εὐ-

225 1861 572 1932 πρόσδεκτος,
606 1861 716 1914 ἰδοὺ
765 1860 859 1914 νῦν
889 1861 1070 1934 ἡμέρα
1110 1863 1401 1932 σωτηρίας.
1437 1883 1455 1916 ι
1491 1866 1715 1934 Λέγοιτο
1749 1869 1794 1922 δ’

223 1951 291 2004 ἂν
309 1951 480 2004 ταῦτα
503 1953 593 2004 καὶ
616 1951 815 2024 ἑτέρως
843 1951 947 2005 ὑπὸ
971 1953 1218 2024 Σωτῆρος
1244 1955 1274 2025 ἡ
1283 1954 1419 2024 μῶν,
1449 1956 1524 2019 ὡς
1546 1957 1796 2021 εἰωθότος

225 2043 326 2115 μὲν
352 2045 438 2097 ἀεὶ
479 2045 571 2098 καὶ
603 2044 826 2098 πάντοτε
869 2044 1245 2100 είσακούεσθαι
1291 2047 1394 2101 ὑπὸ
1437 2049 1531 2102 τοῦ
1560 2045 1792 2122 Πατρὸς,

221 2135 320 2189 νῦν
353 2135 410 2188 δὲ
443 2136 778 2200 πιστεύοντος
811 2136 1346 2209 εἱσακουσθήσεσθαι,
1375 2139 1508 2192 ὡσεὶ
1542 2143 1796 2212 σαφέστε-

224 2244 318 2300 ρον
349 2227 530 2296 ἑλεγε’
565 2228 655 2299 Μὴ
684 2223 790 2281 οἷόν
837 2245 896 2280 τε
927 2228 1095 2291 ἐστὶν,
1127 2223 1171 2282 ὦ
1216 2230 1417 2302 Πάτερ,
1452 2233 1551 2302 ἐμὲ
1589 2233 1680 2287 τὸν
1707 2235 1795 2288 σδν

225 2319 487 2391 μονογενῆ
545 2320 636 2373 καὶ
691 2319 972 2390 ἀγαπητὸν
1029 2320 1189 2385 Υἱδν,
1250 2320 1323 2392 μὴ
1383 2324 1792 2388 εἰσακούεσθαι,

223 2412 432 2484 βοῶντα
460 2413 554 2466 καὶ
576 2413 880 2483 κεκραγότα
899 2413 1052 2484 τπρὴς
1076 2413 1134 2466 σὲ
1159 2413 1248 2466 τὸν
1275 2415 1509 2485 ἐμαυτοῦ
1535 2417 1753 2487 Πατέρα
1777 2433 1792 2482 ;

219 2505 461 2560 διδάσκει
491 2504 618 2574 γοῦν
647 2505 777 2558 αὐτὸ
806 2503 964 2558 τοῦτο
988 2506 1045 2558 ἐν
1069 2505 1146 2576 τῷ
1176 2506 1315 2559 κατὰ
1349 2507 1600 2578 Ἰωάννην
1627 2508 1796 2578 Εὐαγ-

218 2597 385 2667 γελίῳ
431 2597 521 2650 ἐπὶ
569 2595 663 2650 τοῦ
707 2595 981 2668 Λαζάρου,
1027 2596 1258 2668 ὁπηνίκα
1303 2598 1503 2654 εἰπών’
1542 2617 1560 2650 ι
1594 2601 1795 2672 ’Ἄρατε

218 2688 312 2742 τὸν
342 2687 486 2742 λίθον
521 2687 626 2740 ἀπὸ
655 2687 748 2740 τοῦ
788 2689 1072 2760 μνημείου,
1119 2689 1291 2762 ὲπήρε
1321 2691 1447 2754 τοὺς
1486 2690 1796 2762 ὀφθαλμοὺς

219 2779 415 2833 ἑαυτοῦ
440 2782 517 2842 είς
541 2779 630 2832 τὸν
655 2781 901 2852 οὐρανὸν,
936 2781 1028 2834 καὶ
1057 2776 1178 2834 εἷπε
1203 2798 1216 2812 ·
1254 2783 1456 2852 Πάτερ,
1491 2784 1795 2853 εὐχαριστῶ

221 2888 327 2934 σοι,
353 2872 432 2926 ὅτι
463 2873 698 2944 ἤκουσάς
729 2891 848 2944 μου.
892 2875 1030 2942 Ἐγὼ
1056 2874 1111 2927 δὲ
1136 2873 1300 2944 ᾔδειν,
1325 2874 1406 2927 ὃτι
1439 2875 1666 2928 πάντοτέ
1693 2893 1793 2946 μου

219 2966 457 3028 ἀκούεις.
501 2985 518 3016 ι
549 2965 612 3017 Εἰ
638 2965 816 3017 τοίνυν
838 2965 1064 3018 πάντοτε
1091 2961 1255 3017 αὑτοῦ
1285 2964 1604 3028 άκούει,οὐκ
1625 2967 1792 3036 ἀμφι-

218 3055 450 3120 ϐάλλων,
485 3054 596 3108 ἀλλ’
630 3055 872 3126 ἀκριϐῶς
906 3054 1283 3125 ἐπιστάμενος,
1333 3057 1414 3109 ὅτι
1446 3057 1540 3109 καὶ
1577 3053 1670 3110 νῦν
1697 3057 1793 3109 αύ-

216 3147 312 3201 τοῦ
359 3147 751 3212 εἱσακούσεται,
811 3147 887 3210 ὡς
931 3149 1188 3203 ἀδυνάτου
1237 3149 1387 3213 ὄντος
1417 3148 1512 3202 τοῦ
1561 3150 1634 3222 μὴ
1681 3152 1792 3202 εἰσ-

219 3239 508 3294 ἀκούεσθαι
556 3240 748 3303 αὑτὸν,
785 3240 1210 3311 ἐρωτηματικῶς
1249 3257 1439 3311 φησιν·
1487 3259 1504 3291 ι
1559 3241 1616 3294 Ὁ
1663 3241 1793 3306 Θεός

221 3347 346 3401 μου,
377 3329 708 3401 κεκράξομαι
729 3331 960 3401 ἡμέρας,
995 3332 1210 3386 καὶεούκ
1247 3331 1537 3404 είσακούσῃ
1564 3349 1578 3398 ;
1620 3352 1638 3384 ι
1669 3334 1793 3386 ὑπο-

220 3423 511 3488 στιζὸντων
559 3424 713 3495 ἡμῶν
748 3427 805 3478 ὲν
847 3424 944 3494 τῷ,
985 3443 1002 3476 ι
1043 3426 1143 3478 οὐκ
1185 3426 1497 3498 εἰσακούσῃ,
1543 3447 1559 3479 ι
1588 3429 1682 3481 καὶ
1731 3427 1792 3480 τὸ

218 3517 460 3569 ἐναντίον
489 3517 850 3570 ὑπονοούντων
992 3517 1257 3589 πύσματι.
1293 3517 1461 3573 Τοῦτο
1490 3520 1620 3588 γοῦν
1650 3520 1791 3575 διδά-

221 3624 341 3660 σκει
401 3607 590 3680 μικρὸν
624 3608 867 3680 ὕστερον,
921 3609 1124 3681 προῖὼν
1177 3611 1302 3681 ἑξῆς
1340 3613 1396 3663 ὲν
1448 3612 1524 3682 τῷ
1569 3612 1787 3684 ψαλμῷ,

218 3698 393 3767 λέγων
411 3717 423 3730 ·
445 3718 464 3750 ι
503 3701 611 3755 Οὐκ
645 3700 996 3766 ἐξουδένωσεν
1016 3703 1135 3755 οὐδὲ
1161 3701 1498 3773 προσώχθισε
1523 3706 1591 3774 τῇ
1611 3703 1789 3776 δεήσει

217 3790 311 3844 τοῦ
367 3790 613 3861 πτωχοῦ,
660 3792 779 3845 οὐδὲ
825 3793 1130 3866 ἀπέστρεψε
1179 3795 1238 3847 τὸ
1285 3795 1571 3866 πρόσωπον
1623 3794 1786 3849 αὐτοῦ

213 3883 312 3936 ἀπ’
344 3882 501 3954 ἐμοῦ,
538 3885 631 3936 καὶ
663 3885 720 3935 ἐν
761 3883 840 3955 τῷ
868 3886 1192 3957 κεκραγέναι
1229 3903 1295 3956 με
1328 3886 1462 3959 πρὸς
1497 3887 1654 3940 αὑτὸν
1681 3889 1790 3940 είσ-

209 3974 416 4046 ήκουσέ
443 3991 562 4044 μου.
578 3994 596 4026 ι
619 3974 741 4037 Πῶς
766 3972 860 4029 οῦν
885 3976 1234 4045 ἁποφατικῶς
1261 3976 1403 4045 λέγοι
1421 3977 1507 4040 ἂν,
1533 3997 1550 4028 ι
1575 3979 1634 4032 Ὀ
1658 3979 1790 4042 Θεός

214 4081 346 4135 μου,
395 4065 729 4136 κεκράξομαι
781 4066 1011 4137 ἡμέρας,
1061 4068 1154 4120 καὶ
1183 4067 1281 4120 οὐκ
1329 4068 1639 4140 εἰσακούσῃ,
1682 4089 1699 4118 ι
1739 4071 1787 4122 εἰ

212 4157 295 4227 μὴ
347 4156 487 4209 κατὰ
524 4157 623 4229 τὴν
675 4156 1022 4212 ἀποδοθεῖσαν
1063 4160 1190 4229 ἡμῖν
1225 4158 1486 4230 θεωρίαν;
1537 4160 1602 4230 ἥν
1632 4155 1787 4231 οἶμαι

210 4249 311 4303 καὶ
359 4248 519 4302 αὐτὸν
575 4235 938 4312 αἰνίττεσθαι,
991 4249 1243 4316 λέγοντα·
1289 4268 1307 4300 ι
1362 4251 1418 4303 '0
1481 4250 1612 4314 Θεός
1660 4269 1783 4323 μου,

209 4339 552 4412 κεκράξομαι
585 4340 815 4411 ἡμέρας,
852 4342 943 4394 καὶ
974 4341 1073 4394 οὐκ
1105 4343 1416 4415 εἰσακούσῃ,
1446 4344 1538 4396 καὶ
1570 4343 1780 4406 νυκτὸς,
1815 4375 1858 4429 D

209 4432 312 4484 καὶ
342 4433 442 4485 οὐκ
460 4432 538 4494 εἰς
562 4432 744 4484 ἄνοιαν
779 4433 918 4502 ἐμοί.
954 4453 971 4485 ι
1001 4436 1075 4487 Οὐ
1110 4435 1216 4506 γὰρ
1250 4436 1329 4499 εἰς
1355 4436 1558 4498 ἄνοιαν,
1597 4436 1778 4506 φησιν,

210 4524 341 4593 ἐμοὶ
364 4522 576 4592 λέγεται
597 4525 679 4588 τὸ,
711 4543 729 4575 ι
765 4525 1074 4596 είσακούσῃ.
1111 4546 1130 4578 ι
1163 4523 1292 4580 Οἶδα
1311 4526 1420 4600 γάρ
1453 4512 1611 4592 αὐτὸς
1635 4529 1782 4592 ὅπως

208 4614 371 4668 τοῦτό
414 4632 576 4686 φημι,
630 4621 1008 4688 πεπεισμένος,
1043 4620 1122 4671 ὅτι
1175 4619 1421 4688 πέφυκας
1472 4621 1567 4690 οὐχ
1603 4622 1683 4674 ὅτι
1718 4638 1780 4689 γε

211 4708 354 4777 ἐμοῦ
389 4708 544 4779 μόνον
568 4710 1050 4780 ἀντιλαμϐάνεσθαι
1073 4712 1164 4764 καὶ
1184 4711 1504 4774 εἰσακούειν,
1539 4711 1672 4764 ἀλλὰ
1691 4712 1783 4765 καὶ

214 4800 438 4853 πάντων
455 4801 563 4855 τῶν
595 4803 762 4871 ἁγίων
795 4819 908 4856 σου.
957 4803 1066 4855 Ἀεὶ
1111 4801 1218 4874 γὰρ
1251 4804 1344 4856 καὶ
1375 4802 1462 4856 διὰ
1493 4803 1692 4867 παντὸς
1726 4803 1783 4856 ὲν

213 4895 331 4955 τοῖς
362 4892 535 4960 άγίοις
567 4910 661 4946 σου
686 4896 976 4958 κατοικεῖς,
1007 4894 1099 4946 καὶ
1133 4893 1196 4947 σὺ
1230 4890 1279 4946 εἰ
1302 4896 1330 4947 ὁ
1363 4893 1559 4957 παντὸς
1590 4892 1781 4964 ἀνδρὸς

214 4981 514 5052 Θεοφιλοῦς,
562 4984 773 5055 Ἰσραὴλ
806 4987 1360 5058 προσαγορευομένου,
1409 4986 1658 5049 ἔπαινος·
1693 4984 1782 5038 διὰ

218 5073 282 5128 σὲ
313 5071 421 5145 γὰρ
454 5074 612 5127 παντὶ
641 5073 720 5144 τῷ
755 5090 812 5126 σε
847 5073 1154 5144 περιέποντι
1178 5076 1274 5144 οὐχ
1305 5077 1333 5127 ὁ
1356 5072 1534 5143 τυχὼν
1559 5072 1782 5145 προσγί-

214 5182 370 5220 νεται
405 5165 644 5230 ἐπαινος,
692 5168 784 5219 καὶ
814 5167 907 5220 ἐπι
939 5168 1021 5220 σοὶ
1060 5167 1107 5220 οί
1155 5166 1390 5233 πατέρες
1435 5164 1591 5235 ἡμῶν
1625 5164 1782 5236 ἠλπι-

219 5273 342 5320 σαν,
376 5258 469 5310 καὶ
517 5257 833 5322 ἐλπίσαντες
869 5257 980 5311 τῶν
1007 5243 1422 5310 ἐπαναστάντων
1466 5257 1648 5320 αὐτοῖς
1679 5272 1780 5309 κα-

217 5349 334 5402 κῶν
364 5348 724 5422 ὲρῤύσθησαν,
758 5350 852 5404 καὶ
899 5341 1034 5421 πρὸς
1065 5350 1123 5404 σὲ
1170 5347 1487 5420 ἐκέκραξαν,
1523 5348 1617 5402 καὶ
1648 5339 1782 5400 ἐσώ-

215 5438 412 5512 θησαν,
445 5441 538 5494 ἐπὶ
569 5440 649 5494 σοί
671 5458 730 5494 τε
761 5441 1016 5512 ἧλπισαν,
1049 5441 1143 5495 καὶ
1173 5439 1234 5492 οὐ
1262 5437 1728 5511 κατῃσχύνθησαν.
1759 5457 1778 5490 ι

1903 1794 1921 1826 ι
1951 1775 2133 1847 Longe
2162 1793 2190 1830 ιι
2215 1782 2389 1835 salute
2420 1798 2535 1836 mea
2565 1785 2728 1839 verba
2768 1787 3090 1843 delictorum
3136 1805 3402 1846 meorum.
3438 1812 3457 1847 ι

1895 1867 1999 1923 Pro
2049 1885 2157 1938 quo
2195 1872 2389 1940 Aquila
2439 1875 2656 1944 quidem
2702 1896 2714 1932 :
2764 1895 2782 1926 ι
2815 1876 2996 1950 Longe
3039 1895 3069 1934 a
3120 1882 3294 1938 salute
3345 1899 3465 1940 mea

1896 1960 2058 2014 verba
2114 1960 2361 2017 freinitns
2411 1965 2537 2031 mei,
2570 1983 2588 2016 ι
2635 1969 2906 2036 exposuit.
2966 1967 3324 2040 Symmachus
3368 1987 3465 2027 au-

1896 2057 2004 2104 tem
2038 2068 2050 2102 :
2085 2069 2101 2101 ι
2141 2049 2505 2106 Recesserunt
2551 2069 2580 2108 a
2635 2053 2811 2111 salute
2860 2073 2979 2113 mea
3028 2061 3191 2114 verba
3219 2060 3464 2118 luctuum

1897 2154 2163 2202 meorum,
2197 2160 2215 2191 ›
2249 2157 2460 2195 necmm
2508 2145 2652 2214 apud
2698 2146 2965 2215 quintam,
3003 2163 3123 2217 qum
3152 2148 3342 2214 fertur,
3380 2151 3466 2205 in-

1896 2231 2339 2298 terpretationem
2369 2231 2572 2286 dicitur
2599 2251 2612 2287 :
2649 2253 2666 2284 ι
2691 2233 2876 2306 Longe
2900 2251 2928 2290 a
2955 2239 3128 2292 salute
3158 2252 3275 2293 mea
3294 2240 3462 2296 verba

1895 2319 2334 2390 deprecationum
2387 2339 2654 2380 mearum.
2687 2344 2706 2378 ι
2743 2324 2819 2379 lla
2869 2327 3020 2382 vides
3072 2328 3125 2381 in
3176 2330 3324 2382 nulla
3369 2331 3466 2383 ha-

1896 2427 2014 2466 rum
2070 2416 2486 2470 conversionum
2531 2431 2651 2487 qua:
2695 2418 2968 2486 posterius
3012 2417 3170 2474 dictae
3202 2429 3349 2486 sunt,
3397 2419 3465 2475 il-

1898 2503 2008 2568 lud,
2065 2521 2084 2553 ι
2115 2506 2434 2560 delictorum
2480 2523 2748 2575 meorum,
2778 2529 2797 2561 ι
2851 2509 3062 2575 haberi,
3108 2511 3307 2581 quippe
3336 2526 3462 2566 cum

1895 2592 2166 2648 interdum
2198 2596 2437 2652 librariis
2480 2602 2791 2656 errantibus
2830 2600 3142 2668 hujusmodi
3174 2606 3462 2660 varietates

1897 2685 2048 2740 libris
2084 2689 2399 2758 contingere
2443 2692 2672 2748 soleant.
2719 2693 2799 2747 Ex
2837 2695 3132 2748 multorum
3166 2703 3346 2750 autem
3372 2695 3462 2750 in-

1896 2782 2283 2847 terpretatione
2312 2781 2746 2852 investigandum
2777 2788 2882 2849 est,
2911 2791 3092 2838 utrum
3119 2784 3172 2838 in
3204 2783 3289 2840 his
3309 2786 3465 2855 quis-

1895 2872 2036 2940 piam
2076 2873 2227 2925 illum
2253 2883 2438 2927 nostra
2463 2875 2659 2929 delicta.
2685 2891 2782 2931 sua
2819 2875 3106 2933 facientem
3131 2879 3260 2932 talia
3285 2894 3462 2934 enun-

1896 2961 2060 3014 tiasse
2083 2962 2299 3016 dixerit.
2334 2961 2430 3018 His
2453 2964 2711 3034 deinceps
2743 2965 2990 3037 adjungit
3017 2986 3030 3022 :
3068 2985 3089 3019 ι
3119 2967 3261 3023 Deus
3283 2985 3459 3036 meus,

1819 3038 1860 3095 C
1894 3051 2144 3106 clamabo
2167 3053 2440 3122 perdiem,
2469 3063 2522 3109 et
2552 3071 2658 3109 non
2691 3057 2972 3120 exaudies,
3003 3065 3058 3113 et
3093 3075 3188 3130 per
3221 3069 3460 3126 noctem,

1894 3151 1949 3196 et
1991 3157 2098 3195 non
2159 3143 2226 3196 ad
2267 3145 2636 3215 insipientiam
2699 3149 2870 3216 mihi;
2900 3169 2916 3198 ι
2969 3166 3068 3220 pro
3116 3167 3224 3222 quo
3266 3169 3461 3210 rursus

1897 3229 2258 3303 Symmachus
2291 3251 2304 3286 :
2337 3253 2356 3285 ι
2387 3233 2530 3289 Deus
2568 3251 2742 3300 meus,
2774 3238 2967 3307 inquit,
3012 3238 3258 3293 clamabo
3293 3242 3462 3295 inter-

1892 3323 2072 3388 diu,et
2115 3339 2223 3382 non
2277 3326 2558 3389 exaudies,
2606 3333 2659 3382 et
2699 3335 2888 3394 noctu,-
2921 3335 2972 3382 et
3010 3345 3118 3383 non
3165 3338 3248 3385 est
3294 3331 3463 3387 silen-

1892 3416 2048 3470 tium.
2086 3436 2105 3469 ι
2145 3407 2286 3486 Ergo
2324 3417 2378 3470 in
2423 3417 2508 3472 his
2535 3416 2748 3472 Patrem
2783 3435 2938 3474 suum
2971 3428 3230 3491 tanquam
3260 3436 3319 3479 se
3349 3440 3460 3479 non

1891 3509 2271 3564 exaudientem
2311 3509 2632 3576 admiratur,
2684 3518 2891 3580 utpote,
2937 3526 3060 3565 cum
3111 3528 3310 3568 novum
3356 3515 3461 3571 hoc

1891 3612 2050 3671 atque
2080 3602 2404 3657 inusitatum
2429 3602 2702 3673 inspiciat.
2741 3602 2833 3658 llle
2859 3610 3038 3657 autem
3065 3603 3192 3658 huic
3227 3604 3458 3660 audien-

1891 3696 2020 3750 tiam
2072 3696 2139 3751 ad
2193 3697 2448 3751 idoneum
2493 3696 2818 3752 exaudiendi
2863 3706 3077 3768 tempus
3136 3700 3454 3756 reservavit.

1891 3784 2005 3841 Hoc
2027 3801 2158 3840 vero
2187 3785 2312 3851 fuit,
2361 3788 2728 3858 susceptionis
2774 3789 3054 3844 matutina:
3087 3790 3459 3846 excitationis-

1890 3893 1995 3948 que
2020 3894 2049 3932 ιι
2080 3887 2253 3933 morte
2282 3880 2346 3933 ad
2382 3880 2543 3934 vitam
2585 3891 2816 3952 tempus,
2847 3897 2954 3952 quo
2985 3896 3116 3938 sane
3139 3891 3377 3952 tempore
3409 3883 3454 3938 si

1889 3972 2107 4040 quando
2159 3973 2224 4025 ad
2279 3971 2445 4026 alium
2497 3974 2830 4044 quempiam,
2882 3975 2948 4028 ad
3003 3975 3180 4044 ipsum
3239 3989 3458 4045 quoque

1891 4062 2036 4129 iuste
2073 4061 2362 4116 dicendum
2397 4064 2538 4118 luit:
2577 4080 2596 4114 ι
2628 4062 2684 4116 1η
2731 4075 2973 4133 tempore
3014 4074 3236 4134 accepto
3282 4080 3453 4120 exau-
3511 4049 3514 4057 ’

1887 4153 1996 4207 divi
2033 4160 2105 4217 te,
2143 4161 2197 4208 et
2224 4154 2275 4207 in
2322 4155 2408 4208 die
2441 4155 2635 4208 salutis
2669 4155 2850 4225 adjuvi
2879 4164 2953 4222 te;
2984 4171 3113 4212 ecce
3140 4171 3285 4210 nunc
3315 4162 3455 4210 tem-

1889 4262 1990 4314 pus
2035 4246 2392 4314 acceptabile,
2447 4261 2575 4301 ecce
2634 4263 2780 4301 nunc
2815 4248 2932 4303 dies
2981 4248 3236 4303 salutis’.
3269 4268 3288 4301 ι
3335 4247 3452 4304 Dici

1889 4351 2016 4392 vero
2049 4344 2276 4408 possunt
2311 4337 2425 4392 haec
2459 4338 2563 4392 alia
2606 4353 2824 4408 quoque
2856 4340 3064 4393 ratione
3107 4355 3138 4393 a
3173 4338 3460 4396 Salvatore

1889 4437 2117 4494 nostro,
2163 4438 2418 4499 tanquam
2469 4430 2538 4484 ab
2568 4445 2668 4496 eo,
2714 4433 2806 4500 qui
2849 4434 3196 4488 consueverit
3239 4449 3455 4505 semper

1889 4524 2104 4592 quidem
2133 4530 2187 4576 et
2211 4523 2266 4576 in
2307 4523 2563 4578 omnibus
2596 4527 2844 4580 exaudiri
2886 4541 2916 4580 a
2949 4525 3130 4590 Patre,
3161 4543 3307 4582 nunc
3355 4542 3456 4580 au-

1889 4628 2018 4681 tem,
2055 4618 2146 4685 qui
2173 4617 2334 4672 etiam
2367 4614 2525 4669 ﬁdem
2556 4617 2752 4672 habeat
2781 4633 2840 4674 se
2876 4634 3000 4674 esse
3029 4618 3451 4680 exaudiendum,

1889 4723 1996 4762 non
2025 4722 2183 4762 secus
2219 4719 2282 4758 ac
2317 4704 2363 4757 si
2399 4705 2614 4773 planius
2653 4706 2879 4770 diceret,
2925 4705 3170 4774 nunquid
3201 4703 3318 4760 ﬁeri
3355 4719 3453 4774 p0-

1889 4806 2013 4862 test,
2033 4813 2066 4852 o
2081 4796 2258 4860 Pater,
2285 4803 2344 4850 ut
2361 4812 2459 4867 ego
2477 4798 2671 4854 unicus
2690 4813 2754 4852 ac
2776 4798 3007 4854 dilectus
3025 4797 3214 4861 Filius,
3233 4797 3360 4850 dum
3383 4795 3452 4850 ad

1890 4900 1943 4946 te
1964 4889 2180 4944 Patrem
2203 4904 2384 4945 meum
2408 4889 2606 4954 clamo,
2637 4897 2693 4946 et
2714 4887 3004 4954 vociferor,
3027 4905 3132 4943 non
3156 4887 3454 4944 exaudiar?

1886 4981 2046 5054 497
2077 4981 2342 5050 siquidem
2375 4981 2478 5036 hoc
2510 4982 2686 5053 ipsum
2718 4983 2806 5038 ille
2842 4979 2980 5036 idem
3014 4980 3170 5036 docet
3200 4981 3252 5034 in
3275 4979 3452 5033 Evan-

1887 5074 2028 5144 gelio
2062 5072 2309 5133 Joannis.
2341 5073 2434 5129 ubi
2467 5073 2534 5129 de
2561 5074 2766 5130 Lazaro
2800 5087 2980 5129 sermo
3011 5079 3115 5129 est.
3157 5069 3294 5125 Nam
3325 5085 3453 5126 cum

1887 5165 2153 5224 dixisset:
2193 5185 2212 5217 ι
2252 5159 2448 5222 Tollite
2477 5165 2706 5237 lapidem
2736 5181 2766 5220 a
2799 5173 3168 5229 monumento,
3209 5180 3232 5218 ι
3260 5169 3454 5220 sustu-

1888 5257 1950 5312 lit
1982 5258 2176 5315 deinde
2211 5258 2400 5314 oculos
2427 5273 2557 5315 suos
2589 5257 2655 5312 ad
2687 5257 2882 5314 cmlum
2912 5264 2967 5313 et
2996 5256 3134 5312 dixit
3162 5273 3176 5311 :
3211 5273 3231 5309 ι
3266 5254 3452 5323 Pater,

1887 5351 2092 5420 gratias
2123 5366 2225 5422 ago
2259 5351 2377 5418 tibi,
2413 5350 2668 5420 quoniam
2705 5347 2964 5405 audivisti
2992 5363 3099 5407 me.
3129 5345 3243 5418 Ego
3271 5357 3454 5404 autem

1890 5441 2128 5498 sciebam
2160 5441 2306 5514 quod
2335 5456 2549 5512 semper
2573 5456 2660 5497 me
2701 5441 2861 5500 audis
2891 5442 2932 5500 '.
2971 5458 2991 5494 ι
3023 5437 3086 5494 Si
3115 5438 3283 5509 igitur
3314 5455 3461 5496 scm-

291 5623 310 5655 ¹
347 5620 504 5684 Joan.
537 5637 602 5686 ι,
641 5619 726 5676 18.
803 5621 823 5652 ³
861 5617 907 5676 il
939 5619 1062 5674 Cor.
1102 5633 1190 5684 vi,
1223 5615 1276 5671 2.
1354 5615 1374 5650 ³
1409 5573 1571 5674 Joan.
1605 5631 1695 5684 xl,
1731 5615 1915 5672 59-“.

3367 210 3470 266 770
3551 199 3564 204 ’
