3936 6208
541 167 643 222 ’ΠΙ

1220 161 1507 239 Ευδεεῐικ
1526 158 2010 219 CESARIENSIS
2043 161 2117 218 οῐ

2236 160 2422 218 PARS
2458 163 2606 220 ιῐ.-
2638 160 3138 218 APOLOGETICA.
3624 168 3708 224 171

543 304 647 362 per
677 289 831 345 illum
880 286 1053 352 audit,
1107 299 1254 340 nunc
1299 299 1515 356 quoque
1558 298 1671 339 non
1714 283 1993 349 dubitans,
2025 282 2117 338 sed

2234 280 2451 353 Ἐπειδὴ
2475 276 2568 335 οῦν
2592 280 2790 345 πάντες
2820 281 2871 333 οἱ
2898 280 3041 349 ᾶγιοι
3060 278 3260 332 τούτων
3278 278 3453 349 ἔτυχον
3476 279 3602 351 παρὰ
3622 281 3713 349 σοῦ,

545 381 711 453 plane
759 388 1096 450 compertum
1144 378 1352 433 habens
1396 392 1457 433 se
1502 391 1626 432 esse
1666 376 2017 438 audiendum,
2064 385 2119 430 et

545 484 808 543 tanquam
840 471 953 525 lieri
983 486 1094 524 non
1124 471 1321 540 possit,
1355 477 1415 523 ut
1446 483 1556 523 non
1586 467 1860 527 audiatur.
1911 482 1979 520 ex
2036 468 2121 520 in-

544 564 914 635 terrogatione
952 563 1025 616 ait
1065 580 1079 618 :
1122 581 1141 615 ι
1186 560 1327 617 Deus
1356 576 1532 625 meus,
1584 560 1831 614 clamabo
1859 558 2116 621 interdiu,

545 663 604 711 et
633 670 744 708 non
786 652 1085 708 exaudies?
1133 670 1151 704 ι
1189 651 1350 706 nobis
1393 650 1644 705 videlicet
1680 649 2119 719 interrogationis

546 751 734 797 notam
756 742 1084 798 addentibus
1105 742 1168 796 ad
1197 743 1444 804 verbum,
1483 760 1501 792 ‹
1542 740 1825 803 exaudies,
1858 759 1875 791 ι
1907 748 1961 796 et
1990 756 2121 793 con-

547 833 779 889 trarium
809 835 953 904 ejus,
989 833 1136 904 quod
1160 834 1551 904 interrogatum
1584 832 1677 896 sit,
1703 831 2119 902 snbintelligenu

546 927 717 983 tibus.
763 926 1042 998 Siquidem
1096 927 1201 981 hoc
1255 926 1433 996 ipsum
1484 925 1646 995 paulo
1698 934 1820 994 post
1870 940 2120 980 sermone

548 1035 877 1091 progressus
935 1018 1177 1074 ostendit
1210 1016 1468 1087 deinceps
1518 1017 1574 1069 in
1624 1017 1835 1085 psalmo
1876 1017 2065 1071 dicens
2102 1035 2118 1073 :

554 1131 574 1163 ι
613 1111 735 1167 Non
777 1113 982 1182 sprevit
1032 1127 1207 1178 neque
1241 1110 1522 1165 molestam
1562 1109 1750 1165 habuit
1778 1109 2120 1179 deprecatio-

548 1201 674 1260 nem
709 1205 985 1275 pauperis,
1015 1219 1190 1272 neque
1223 1202 1418 1256 avertit
1446 1200 1640 1256 faciem
1683 1216 1837 1256 suam
1865 1216 1894 1252 a
1928 1218 2030 1261 me,
2066 1207 2121 1255 et

546 1310 674 1350 cum
705 1296 997 1348 clamarem
1029 1296 1093 1348 ad
1127 1310 1273 1355 eum,
1324 1292 1601 1348 exaudivit
1633 1307 1737 1345 me.
1787 1310 1806 1342 ο
1837 1290 2121 1357 Quomodo

546 1384 716 1455 igitur
748 1386 993 1453 negative
1024 1383 1152 1434 illud
1177 1380 1426 1435 dit-etur‘!
1460 1377 1635 1432 «Deus
1659 1394 1837 1443 mens,
1869 1377 2120 1433 clamabo

548 1474 810 1535 interdiu,
839 1482 891 1526 et
916 1488 1021 1525 non
1052 1471 1333 1529 exaudies,
1391 1487 1410 1520 ι
1450 1468 1555 1522 nisi
1597 1482 1661 1522 ea
1694 1469 1905 1521 ratione
1957 1483 2117 1536 quam

548 1579 652 1621 nos
682 1565 986 1625 attulimus,
1024 1577 1185 1632 quam
1221 1575 1353 1615 sane
1394 1558 1873 1628 rationem'ipsum
1902 1574 2120 1628 quoque

2220 372 2584 445 κεκράξαντές
2616 389 2676 426 τε
2708 371 3156 444 είσηκούσθησαν,
3197 371 3290 424 καὶ
3319 371 3376 423 ού
3410 372 3714 444 κατῃσχύνθη-

2222 484 2343 531 σαν,
2377 465 2528 535 πόσῳ
2556 464 2623 536 δὴ
2658 464 2817 518 πλέον
2851 464 2984 535 ἐμοῦ
3028 462 3120 517 τοῦ
3152 462 3246 517 σοῦ
3277 461 3536 533 ἀγαπητοῦ
3571 463 3712 528 παιδὸς

2222 555 2452 627 βοῶντος
2480 553 2678 625 μᾶλλον
2708 554 2962 607 ἁπάντων
2988 553 3081 605 καὶ
3103 551 3434 622 ἑτοιμότερον
3453 553 3711 625 εἰσακούπῃς

2220 648 2283 701 Εἰ
2314 647 2371 701 δὲ
2400 647 2496 700 καὶ
2527 643 3023 716 ἅποθαυμαστικῶς
3055 660 3216 713 φημι,
3252 659 3273 693 ι
3312 640 3715 712 Κεκρὰξομτιι,γαὶ

2219 741 2319 793 οὐκ
2340 738 2665 810 είσακούσῃί
2696 757 2713 789 ι
2739 737 2852 791 ἀλλ’
2873 737 2973 789 οὐκ
2990 738 3070 800 είς
3098 737 3283 790 ἄνοιαν
3305 737 3334 789 ό
3354 733 3495 802 λόγος
3525 750 3598 804 μοι
3618 751 3715 803 προ-

2221 829 2462 901 φέρεται.
2513 823 2643 882 Οἶδα
2687 826 2818 896 γοῦν
2862 829 3008 890 ὅπως
3057 826 3155 897 τὴν
3187 824 3348 897 εὐχὴν
3388 824 3635 896 προφέρω,
3660 824 3714 893 μὴ

2220 920 2644 992 ὲναϐρυνόμενος
2671 920 2803 991 μηδὲ
2838 919 3271 990 ε’γκαυχώμενος,
3304 916 3413 970 ἀλλ’
3442 915 3509 980 ὡς
3530 928 3716 970 ταπεινο-

2221 1010 2453 1083 φρονῶν.
2503 1011 2655 1064 Ἐπεὶ
2673 1012 2781 1082 γὰρ
2815 1010 2986 1081 πρᾶός
3016 1011 3130 1080 εἰμι
3161 1009 3257 1062 καὶ
3285 1007 3517 1069 ταπεινὸς
3540 1003 3601 1077 τῇ
3624 1022 3717 1077 κερ

2223 1103 2329 1174 δία,
2362 1101 2630 1167 ταπεινῶς
2661 1104 2751 1156 καὶ
2774 1106 2841 1173 τῇ
2874 1101 3110 1172 ἐμαυτοῦ
3144 1101 3401 1173 πραότητι
3420 1100 3604 1164 οἰκείως
3623 1094 3715 1168 περὶ

2221 1192 2458 1265 ἐμαυτοῦ
2489 1192 2720 1247 ταπεινὰ
2744 1192 3068 1263 φθέγγομαι,
3114 1191 3272 1245 Οὕτω
3301 1191 3365 1262 δὴ
3404 1193 3490 1246 καὶ
3519 1191 3715 1262 σκώληκα

2220 1288 2456 1359 ἐμαυτὸν
2486 1285 2738 1358 ὀνομάζω
2760 1303 2773 1316 °
2808 1285 2862 1338 τί
2904 1285 3013 1357 γὰρ
3041 1285 3105 1338 ἂν
3137 1286 3343 1353 γένοιτο
3385 1282 3628 1356 σκώληκος
3648 1302 3716 1339 τερ

2221 1381 2570 1452 πεινότερονς
2598 1378 2719 1432 ὅθεν
2749 1377 2856 1431 οὐδ’
2892 1375 3178 1448 ἄνθρωπον
3208 1375 3436 1446 ἐμαυτὸν
3464 1375 3633 1446 εἴποιμ’
3654 1376 3714 1437 ἄν,

2220 1476 2299 1536 είς
2339 1470 2605 1542 τοσαύτην
2656 1470 2982 1524 ταπείνωσιν
3024 1471 3090 1522 ἐκ
3140 1467 3236 1521 τοῦ
3283 1466 3472 1521 οἰκείου
3516 1466 3715 1537 μεγέθους

2221 1563 2514 1627 κατελθὼν,
2548 1562 2688 1617 ὥστε
2722 1563 2816 1616 καὶ
2867 1558 3145 1631 σκώληκος
3194 1559 3356 1631 μηδὲν
3388 1558 3543 1611 δοκεῖν
3583 1557 3716 1625 διεξί-

546 1654 788 1712 arbitror
815 1652 1124 1723 signiﬁcare
1159 1652 1287 1705 dum
1319 1650 1454 1705 dicit
1496 1670 1509 1706 :
1547 1670 1567 1703 c
1624 1650 1767 1707 Deus
1797 1667 1970 1713 mens.
2008 1655 2117 1706 cla-

2224 1673 2356 1729 ρειν,
2381 1654 2471 1709 διὰ
2500 1655 2562 1708 τὸ
2605 1655 2700 1708 κα)⁵
2734 1653 2895 1724 μέχρι
2934 1651 3164 1706 θανάτου
3192 1651 3287 1704 καὶ
3329 1650 3424 1721 τῆς
3462 1648 3546 1702 τοῦ
3579 1646 3713 1720 σῶμα·

548 1747 711 1803 maho
746 1745 1001 1808 interdiu,
1025 1753 1077 1798 et
1098 1760 1204 1796 non
1232 1742 1516 1805 exaudies,
1547 1750 1601 1797 et
1625 1750 1810 1807 noctu,
1840 1751 1893 1797 et
1923 1758 2030 1796 non
2052 1742 2119 1795 ad

548 1838 920 1908 insipientiam
955 1836 1140 1890 mihi.»
1176 1834 1293 1889 Non
1323 1835 1469 1891 enim
1511 1835 1578 1890 ad
1612 1834 2005 1906 insipientiam,
2039 1835 2123 1888 in-

546 1929 734 1999 qnit,a
759 1945 844 1983 me
864 1928 1062 1981 dicitur
1086 1928 1242 1992 illud,
1267 1946 1286 1979 ι
1321 1925 1600 1982 exaudies.
1627 1946 1646 1978 ι
1678 1926 1813 1979 Νονί
1840 1927 1982 1980 enim
2008 1926 2123 1995 ipse

547 2035 654 2092 qua
686 2021 896 2075 ratione
926 2020 1029 2073 hoc
1051 2020 1251 2083 dicam,
1279 2020 1479 2089 quippe
1508 2018 1601 2088 qui
1630 2017 1786 2072 (idem
1817 2017 2045 2071 habeam
2066 2024 2122 2071 te

548 2119 745 2168 natura
800 2125 1130 2181 propensum
1179 2124 1302 2164 esse
1354 2109 1420 2162 ad
1473 2106 1905 2178 suscipiendum,
1957 2115 2122 2177 atque

547 2205 881 2262 audiendum
913 2218 1021 2258 non
1055 2204 1233 2258 solum
1267 2217 1373 2265 me,
1423 2200 1516 2256 sed
1560 2203 1725 2256 etiam
1765 2216 1957 2257 omnes
1992 2217 2123 2257 san-

547 2307 670 2352 ctos
700 2305 845 2351 tuos.
878 2293 1107 2364 Semper
1148 2293 1295 2348 enim
1346 2299 1401 2347 et
1447 2307 1840 2362 usquequaque
1900 2294 1957 2348 in
2008 2294 2120 2349 tuis

546 2389 756 2444 sanctis
785 2389 1022 2451 habitas,
1055 2387 1308 2456 idemque
1337 2386 1453 2455 ipse
1469 2401 1529 2440 es
1554 2385 1989 2457 uniuscujusque
2010 2386 2120 2443 Deo

547 2483 838 2540 familiaris
870 2489 1035 2551 atque
1060 2479 1223 2534 amici
1254 2478 1516 2541 hominis,
1538 2479 1632 2547 qui
1660 2476 1828 2532 Israel
1858 2480 2119 2548 appellari

544 2576 918 2641 consueverit,
944 2574 1059 2626 laus
1086 2590 1103 2626 :
1137 2577 1359 2641 propter
1394 2575 1447 2623 te
1476 2568 1623 2622 enim
1653 2569 1721 2623 ad
1753 2582 1969 2623 omnem
1993 2586 2119 2625 eum

546 2667 642 2738 qui
696 2676 749 2721 te
794 2666 1115 2735 complexus
1164 2664 1260 2726 sit,
1315 2676 1425 2717 non
1468 2663 1710 2735 vulgaris
1752 2664 1935 2719 venire
1981 2664 2121 2718 solet

548 2758 691 2814 laus.
732 2777 751 2809 ι
789 2755 853 2810 Et
882 2756 937 2809 in
966 2764 1020 2810 te
1043 2762 1226 2825 patres
1252 2755 1426 2810 nostri
1456 2762 1835 2826 speraverunt,
1866 2773 1885 2807 ι
1920 2762 2119 2810 etcum

548 2857 854 2921 sperarent,
889 2848 959 2901 ab
982 2847 1360 2917 ingruentibus
1383 2848 1437 2901 in
1470 2847 1622 2917 ipsos
1650 2847 1807 2901 malis
1840 2864 1860 2898 ι
1903 2845 2120 2902 liberati

548 2951 700 3006 sunt,
728 2950 783 2997 et
808 2940 874 2995 ad
907 2948 959 2995 te
980 2940 1375 3003 clamaverunt,
1411 2947 1467 2994 et
1503 2939 1640 2995 salvi
1689 2938 1814 2994 facti
1855 2946 2006 3003 sunt,
2036 2946 2119 2992 at-

545 3052 656 3109 que
681 3036 736 3090 in
764 3043 816 3090 te
841 3040 1199 3103 speraverunt
1220 3039 1275 3086 et
1299 3030 1513 3086 confusi
1546 3046 1654 3085 non
1682 3040 1831 3086 sunt.
1870 3049 1889 3083 ι
1923 3030 1982 3084 Si
2013 3031 2118 3103 igi-

545 3136 640 3184 tur
676 3141 868 3183 onmes
914 3124 1089 3181 sancti
1139 3124 1254 3178 haec
1302 3138 1334 3177 a
1368 3134 1419 3179 te
1449 3124 1896 3193 impetraverunt,
1930 3122 2123 3178 et‘cla-

548 3232 762 3276 mantes
790 3218 1033 3274 exauditi
1086 3224 1238 3279 sunt,
1275 3230 1383 3270 non
1431 3225 1612 3270 autem
1642 3218 1879 3280 confusi,
1912 3229 2120 3288 quanto

545 3313 725 3382 magis
776 3326 864 3367 me
912 3318 1067 3363 tuum
1110 3307 1369 3362 dilectum
1417 3307 1585 3360 tilium
1629 3307 1955 3362 clamantem
2009 3323 2121 3379 pra:

546 3402 764 3459 cunctis
784 3402 990 3470 absque
1026 3415 1178 3454 mora
1202 3398 1502 3454 exaudies?
1524 3398 1681 3465 Quod
1712 3400 1759 3453 si
1794 3399 2120 3456 admirantis

546 3495 854 3564 cujuSpiam
883 3493 1057 3548 instar
1093 3493 1318 3547 enuntio
1351 3492 1504 3556 illud,
1560 3511 1580 3542 ι
1616 3490 1895 3553 Clamabo,
1926 3501 1983 3546 et
2010 3507 2120 3546 non

547 3587 846 3643 exaudiesl
886 3604 906 3638 ι
946 3600 1057 3641 non
1090 3594 1272 3639 tamen
1305 3583 1374 3638 ad
1422 3583 1789 3654 insipientiam
1846 3581 2122 3655 profertur

545 3682 677 3736 talis
707 3695 738 3734 a
776 3695 864 3735 me
892 3679 1089 3734 oratio.
1125 3674 1261 3731 Novi
1316 3677 1462 3731 enim
1501 3677 1615 3747 ipse
1638 3691 1749 3746 quo
1776 3691 1942 3730 sensu
1970 3691 2119 3732 meas

545 3788 739 3845 preces
769 3771 1015 3835 enuntio,
1047 3786 1159 3824 non
1206 3770 1600 3840 gloriabundus
1648 3768 1900 3823 videlicet
1942 3784 2118 3839 neque

538 3861 908 3935 iactabundus
941 3879 953 3914 :
986 3876 1112 3914 nam
1161 3874 1287 3913 cum
1329 3860 1432 3915 sim
1479 3865 1796 3912 mansuetus
1823 3865 1986 3927 atque
2016 3859 2118 3911 hu-

544 3955 695 4012 milis
718 3953 904 4020 corde,
942 3952 1135 4006 humili
1177 3952 1304 4005 item
1344 3966 1493 4005 more
1520 3957 1575 4004 et
1614 3965 1747 4003 mea:
1795 3956 2117 4005 mansuetu-

504 4024 515 4038 θ
544 4045 661 4101 dini
687 4053 1076 4105 consentaneo,
1114 4040 1341 4095 humilia
1367 4040 1435 4096 de
1462 4040 1673 4111 meipso
1706 4040 1918 4109 loquor.
1949 4038 2118 4111 498

542 4136 783 4193 Proinde
820 4135 987 4190 etiam
1034 4134 1300 4202 meipsum
1334 4146 1571 4187 vermem
1620 4133 1870 4202 appello:
1901 4139 1955 4186 et
1981 4132 2113 4202 quid

544 4245 730 4286 verme
762 4226 980 4282 tandem
1033 4241 1156 4279 esse
1205 4224 1377 4296 possit
1407 4223 1703 4278 humilius?
1733 4225 1814 4278 sic
1844 4239 1913 4279 ne
1939 4223 2116 4278 homi-

2221 1767 2312 1814 τος
2364 1749 2565 1818 φθάσαι
2614 1747 2837 1819 φθορᾶς.
2873 1745 3043 1799 Πόθεν
3087 1743 3199 1814 γὰρ
3247 1742 3456 1797 ἄλλοθεν
3495 1740 3714 1811 γεννηθείη

2224 1842 2438 1914 σκώληξ
2470 1842 2502 1912 ἢ
2538 1841 2646 1895 ἀπὸ
2691 1841 2957 1912 σωμάτων
2990 1837 3235 1908 φθορᾶςς
3269 1838 3348 1900 είς
3394 1837 3454 1906 ἣν
3498 1835 3581 1887 καὶ
3603 1833 3715 1893 αὑτὸς

2222 1930 2514 1992 κατελθὼν,
2539 1930 2765 1995 εἰκότως
2796 1928 3030 2001 ἐμαυτὸν
3054 1926 3315 1997 σκώληκα
3345 1926 3433 1979 καὶ
3458 1925 3546 1977 οὐκ
3571 1922 3717 1994 ἀνθρυ

2222 2040 2321 2077 πον
2353 2020 2632 2092 γινώσκω·
2679 2021 2760 2075 διὸ
2791 2022 2885 2075 καὶ
2932 2020 3135 2090 γέγονα
3174 2036 3193 2069 ι
3234 2017 3425 2080 ὄνειδος
3465 2013 3715 2086 ἀνθρώπων,

2222 2116 2314 2169 καὶ
2345 2113 2675 2185 ὲξουδὲνημα
2694 2112 2845 2175 λαοῦ,
2876 2132 2894 2163 ι
2931 2112 3033 2165 οὐκ
3052 2109 3120 2164 ἂν
3134 2110 3418 2180 γενόμενος
3440 2107 3546 2161 οὐδὲ
3570 2105 3714 2167 ὄνειδος

2221 2207 2542 2280 ἀνθρώπων,
2589 2206 2708 2260 οὐδὲ
2761 2206 3109 2276 ὲξουδένημα,
3177 2207 3227 2258 εί
3271 2203 3344 2275 μὴ
3386 2203 3533 2274 μέχρι
3560 2198 3712 2267 σκώλη-

2220 2315 2314 2363 κος
2347 2297 2605 2368 ὲφθάκειν
2658 2296 2810 2368 παρὰ
2850 2297 2940 2350 τὸν
2982 2296 3077 2350 τοῦ
3138 2297 3342 2360 πάθους
3372 2294 3559 2367 καιρόν.
3597 2292 3712 2361 '1'th-

2219 2389 2397 2445 καῦτα
2427 2389 2557 2461 γοῦν
2580 2388 2910 2460 θεωροῦντες
2944 2406 3008 2460 με
3043 2389 3141 2443 ἐπὶ
3166 2388 3260 2443 τοῦ
3301 2386 3518 2460 σταυροῦ
3541 2387 3714 2455 ἀνηρτη-

2224 2484 2403 2556 μένον,
2456 2482 2912 2554 ὲξεμυκτήρισαν,
2964 2481 3058 2534 καὶ
3107 2479 3374 2550 ἐλάλησαν
3425 2480 3478 2532 ἐν
3522 2476 3711 2551 χείλεσιν.

2219 2576 2474 2648 ἐκίνησαν
2504 2592 2565 2628 τε
2598 2573 2837 2645 κεφαλὴν
2867 2573 3118 2642 λέγοντες
3142 2590 3157 2603 ο
3198 2591 3217 2625 ι
3255 2571 3504 2626 Ἤλπισεν
3530 2570 3608 2622 ἐπὶ
3637 2565 3711 2620 Κῦ-

2222 2685 2358 2740 ριον,
2394 2666 2647 2740 ῥυσάσθω
2679 2665 2861 2729 αὐτὸν,
2898 2664 3130 2719 σωσάτω
3177 2664 3359 2729 αὑτὸν,
3397 2665 3473 2717 ὃτι
3500 2661 3615 2715 θέλει
3647 2657 3713 2712 αὑ-

2220 2759 2330 2813 τόν.
2366 2780 2385 2810 ι
2424 2758 2609 2813 Ταῦτα
2635 2759 2731 2829 μὲν
2757 2753 2849 2811 οὖν
2873 2759 3090 2813 ἅπαντα
3120 2757 3213 2811 διὰ
3241 2756 3334 2811 τοῦ
3360 2753 3553 2827 ψαλμοῦ
3582 2748 3712 2819 σαφῶς

2221 2853 2349 2926 περὶ
2372 2854 2481 2907 τῶν
2509 2851 2807 2924 μελλόντων
2828 2850 3156 2923 γενήσεσθαι
3180 2852 3404 2922 μακροῖς
3426 2846 3530 2902 ποθ’
3550 2844 3712 2913 ὕστερον

2221 2948 2432 3019 χρόνοις
2457 2944 2788 3010 ὲθεσπίζετο,
2813 2943 3000 3008 τέλους
3025 2945 3084 2997 δὲ
3114 2945 3426 3014 ἐτύγχανεν,
3445 2939 3599 2999 ὁπότε,
3615 2931 3711 2987 κατὰ

2220 3041 2313 3093 τὸν
2336 3038 2631 3099 θιατθαῖον,
2668 3057 2687 3089 ι
2722 3035 3140 3110 σταυρωθέντων
3161 3036 3258 3089 σὺν
3286 3032 3425 3105 αὐτῷ
3448 3031 3529 3085 δύο
3540 3025 3708 3101 λῃστῶν,

2223 3131 2339 3194 ἐνὸς
2370 3131 2436 3183 ἐκ
2462 3128 2669 3196 δεξιῶν,
2705 3131 2799 3183 καὶ
2831 3127 2949 3193 ἑνὸς
2982 3128 3040 3195 ἐξ
3073 3126 3367 3197 εὐωνύμων
3397 3123 3482 3177 τοῦ
3508 3120 3707 3190 Σιιπῆρος.

2219 3225 2269 3277 οἱ
2322 3222 2822 3295 παραπορευόμενοι
2877 3220 3265 3293 ἐϐλασφήμουν
3316 3218 3466 3275 αὐτὸν
3508 3211 3709 3273 κινοῦντες

2220 3314 2319 3377 τὰς
2349 3312 2588 3382 κεφαλὰς
2619 3311 2818 3370 αὐτῶν.
2849 3313 2941 3367 καὶ
2972 3311 3225 3379 λέγοντες
3247 3330 3288 3363 ’1
3313 3301 3709 3364 Chalbude

2219 3407 2312 3461 τὸν
2346 3406 2492 3471 ναὸν,
2536 3407 2632 3460 καὶ
2674 3405 2733 3457 ἐν
2776 3407 2954 3476 τρισὶν
2992 3404 3232 3476 ἡμέραις
3276 3394 3709 3472 οίκοδομῶν,σῶων

2223 3498 2473 3552 σεαυτόνο
2511 3501 2560 3552 εἱ
2606 3497 2736 3561 Υίδς
2767 3493 2816 3551 εἷ
2858 3496 2951 3550 τοῦ
3001 3496 3164 3559 Θεοῦ,
3220 3493 3474 3566 κατάϐηθι
3521 3489 3608 3544 ἁλι-ὼ
3643 3481 3708 3539 τοῦ

2222 3590 2478 3662 σταυροῦ.
2523 3590 2752 3661 Ὁμοίως
2778 3590 2835 3643 δὲ
2881 3590 2975 3643 καὶ
3017 3591 3066 3642 οἱ
3114 3590 3390 3662 ἀρχιερεῖς
3432 3580 3709 3656 ἐμπαίζοντες

2224 3684 2362 3754 μετὰ
2403 3683 2511 3737 τῶν
2568 3681 2951 3755 πρεσϐυτέρων
3003 3681 3098 3734 καὶ
3153 3678 3507 3759 γραμματέων
3545 3673 3705 3739 ελεγον

2223 3774 2444 3839 Ἀλλους
2476 3774 2696 3839 ἔσωσεν,
2728 3772 2916 3827 ἑαυτὸν
2954 3773 3015 3824 οὐ
3049 3772 3275 3827 δύναται
3323 3771 3498 3824 σῶσαι.
3526 3766 3578 3820 El
3601 3764 3708 3833 βασι·

2217 3868 2342 3932 λεῦς
2373 3867 2465 3922 τοῦ
2511 3866 2724 3940 Ἰσραήλ
2748 3868 2885 3929 ἐστι,
2918 3864 3214 3920 καταϐάτω
3250 3863 3342 3919 νῦν
3373 3860 3472 3916 ἀπὸ
3493 3858 3571 3914 τοῦ
3590 3870 3706 3910 σταυ-

2222 3961 2336 4032 ροῦ,
2372 3962 2465 4014 καὶ⁸
2512 3959 2870 4029 πιστεύσομεν
2921 3957 3091 4029 αὐτῷ.
3136 3959 3199 4011 Ei
3252 3953 3493 4009 πέποιθεν
3531 3947 3606 4003 ἐπὶ
3642 3943 3705 3997 ὢν

2217 4051 2368 4114 Θεὸν,
2405 4050 2659 4123 ῥυσάσθω
2688 4050 2782 4104 νῦν
2816 4049 2998 4114 αὑτὸν,
3029 4052 3078 4103 εί
3112 4048 3256 4103 θέλει
3286 4046 3457 4101 αὐτόν.
3484 4037 3596 4097 Eine
3613 4036 3702 4107 γὰρ.

2215 4139 2317 4204 ὅτι,
2351 4139 2478 4203 Υἱὸς
2501 4139 2636 4194 Θεοῦ
2670 4141 2839 4211 εἰμι.»
2860 4137 3018 4193 Κατὰ
3038 4138 3096 4192 δὲ
3123 4138 3215 4191 τὸν
3231 4137 3453 4192 Δουκᾶνο
3482 4151 3498 4184 ι
3516 4126 3703 4197 Eia-:41!“

2216 4241 2246 4291 ό
2273 4237 2397 4302 λαὸς
2431 4236 2669 4309 θεωρῶν,
2703 4235 2798 4290 καὶ
2834 4233 3260 4306 ἐξεμυκτήριζον
3306 4231 3458 4286 αὑτὸν
3494 4228 3537 4280 οι
3562 4224 3701 4294 ἄρχον-

542 4338 672 4380 nem
699 4320 920 4391 quidem
952 4320 1219 4388 meipsum
1249 4317 1504 4381 dixerim,
1534 4333 1661 4372 cum
1684 4317 1874 4387 utique
1900 4317 1967 4372 ad
1993 4326 2114 4370 tan-

2220 4348 2306 4394 τες
2351 4332 2448 4384 σὺν
2490 4330 2674 4393 αὐτοῖς
2717 4325 2964 4397 λέγοντες
2986 4343 3000 4357 ο
3038 4325 3266 4390 Ἄλλους
3317 4325 3494 4383 ἔσωσε,
3539 4311 3703 4369 σωσάτω

543 4424 661 4472 tam
690 4412 1052 4469 humilitatem
1089 4410 1278 4465 relicta
1327 4426 1446 4465 mea
1476 4410 1854 4481 magnitudine
1880 4408 2115 4464 descen-

542 4509 744 4573 derim,
782 4512 843 4560 ut
890 4503 1057 4560 etiam
1097 4518 1278 4559 verme
1323 4503 1495 4558 nihilo
1539 4502 1886 4573 praestantior
1944 4500 2116 4561 videri

544 4602 777 4676 possim,
802 4606 1091 4670 propterea
1123 4596 1270 4668 quod
1302 4613 1476 4667 usque
1515 4584 1582 4652 ad
1608 4607 1837 4653 mortem
1863 4605 1919 4653 et
1940 4611 2117 4668 usque

544 4699 614 4755 ad
665 4697 947 4753 interitum
995 4695 1243 4764 corporis
1289 4696 1649 4764 pervenerim.
1713 4693 1948 4765 (Etenim
2007 4709 2114 4765 qua

541 4791 764 4849 tandem
813 4788 920 4842 alia
972 4787 1187 4843 ratione
1233 4784 1411 4841 factus
1461 4785 1532 4841 sit
1578 4787 1803 4851 vermis,
1838 4787 1942 4842 nisi
1984 4787 2112 4857 quia

540 4898 776 4955 corpora
803 4882 980 4938 solent
999 4879 1338 4950 corrumpi?)
1360 4879 1442 4934 Ad
1470 4894 1632 4950 quem
1677 4895 1809 4935 sane
1831 4880 2111 4935 interitum

541 4991 669 5032 cum
714 4976 828 5046 ipse
875 4987 1093 5045 quoque
1136 4969 1537 5035 descenderim,
1598 4970 1795 5026 merito
1841 4970 2109 5040 meipsum

541 5080 782 5123 vermem
815 5074 869 5121 et
904 5081 1013 5121 non
1059 5065 1335 5121 hominem
1379 5077 1620 5134 agnosco
1651 5081 1664 5117 :
1708 5076 1777 5118 ex
1806 5077 1915 5133 quo
1946 5065 2112 5117 etiam

546 5178 567 5211 ι
614 5159 796 5216 factus
824 5175 945 5216 sum
979 5158 1334 5230 Opprobrium
1369 5156 1646 5211 hominum
1681 5162 1736 5211 et
1769 5154 2001 5224 ahjectio
2021 5169 2113 5225 po-

539 5254 679 5323 puli,
711 5271 731 5304 ι
762 5254 855 5324 qui
876 5251 1095 5323 quidem
1126 5264 1406 5320 nunquam
1430 5248 1483 5303 id
1507 5263 1682 5319 genus
1707 5246 1884 5303 lactus
1908 5261 2108 5309 essem,

539 5344 647 5400 nisi
676 5357 852 5415 usque
880 5344 949 5398 ad
982 5344 1183 5399 vermis
1225 5342 1589 5398 conditionem
1626 5340 1729 5396 sub
1760 5341 1939 5410 ipsum
1986 5357 2112 5412 pas-

540 5433 716 5489 sionis
741 5442 960 5506 tempus
981 5450 1309 5507 progressus
1337 5449 1536 5490 essem.
1566 5432 1720 5489 Tunc
1744 5434 1908 5504 igitur
1931 5433 2112 5489 viden-

2220 4422 2431 4485 ἑαυτὸν,
2466 4423 2515 4475 εί
2558 4416 2711 4486 οὗτός
2742 4423 2889 4474 ἐστιν
2919 4422 2951 4474 ό
2979 4417 3212 4490 Χριστὸς
3241 4420 3270 4471 ὁ
3301 4417 3420 4478 Υίὺς
3444 4409 3526 4465 τοῦ
3560 4400 3701 4460 Θιοῦδ

2220 4515 2493 4580 ἐκλεκτός.
2526 4533 2545 4567 ι
2576 4514 2734 4570 Κατὰ
2766 4514 2824 4569 δὲ
2846 4515 2938 4566 τὸν
2957 4514 3184 4584 Μάρκον
3202 4530 3217 4543 ·
3250 4531 3270 4560 ι
3300 4510 3404 4564 Καὶ
3430 4508 3475 4559 oi
3508 4498 3700 4571 παράγειν·

2219 4626 2310 4674 τες
2340 4608 2721 4680 ἐϐλασφήμουν
2751 4608 2936 4667 αὑτὸν,
2970 4605 3246 4670 κινοῦντες
3290 4603 3386 4667 τὰς
3416 4594 3613 4667 κεφαλάς
3636 4586 3698 4641 ιδ’

2219 4700 2348 4765 τῶν,
2374 4700 2468 4754 καὶ
2488 4699 2734 4768 λέγοντες
2751 4715 2766 4729 ⁸
2794 4699 2930 4752 οὐαὶ
2952 4700 2982 4752 ό
3011 4697 3296 4752 καταλύων
3316 4695 3405 4749 τὸν
3431 4690 3558 4751 ναὸν,
3574 4682 3642 4739 καὶ
3658 4680 3698 4730 ἰν

2221 4793 2396 4865 τρισὶν
2427 4793 2663 4865 ἡμέραις
2712 4790 3011 4862 οἰκοδομῶν
3066 4791 3260 4845 αύτόν⁸
3319 4785 3478 4841 σῶσον
3519 4770 3696 4865 cum“:

2218 4856 2313 4938 καὶ
2346 4856 2611 4954 ica-cisio;
2654 4881 2762 4935 ἀπὸ
2807 4856 2905 4934 τοο
2962 4879 3216 4952 σταυροῦ.
3259 4896 3279 4929 ι
3319 4873 3527 4948 Ὁμοίως
3551 4864 3622 4921 καὶ
3660 4856 3695 4909 οι

2217 4976 2492 5048 ἀρχιερεῖς
2520 4971 2876 5045 ἐμπαίζοντες
2913 4974 2994 5037 εἰς
3016 4971 3278 5044 ἀλλήλους
3306 4964 3435 5040 μετά
3459 4961 3550 5017 τῶν

2221 5046 2432 5136 ματέων
2464 5064 2645 5134 ελεγον
2662 5081 2676 5094 ·
2698 5081 2716 5114 ι
2746 5062 2972 5126 ιἌλλους
3002 5062 3227 5127 ἔσωσεν,
3255 5057 3435 5114 ἑαυτὸν
3461 5052 3514 5106 οὐ

2220 5130 2412 5210 σῶσαιο
2447 5157 2477 5209 ό
2507 5157 2550 5210 Χ
2562 5130 2739 5226 ριστὸς
2769 5155 2798 5207 ό
2825 5153 3077 5225 βασιλεὺς
3114 5152 3208 5206 τοῦ
3254 5145 3453 5220 Ἰσραὴλ
3479 5130 3693 5226 καταθῶ

2219 5245 2313 5300 νῦν
2355 5246 2463 5301 ἀπὸ
2490 5223 2585 5302 τοῦ
2636 5223 2906 5318 σταυροῦ,
2950 5245 3039 5300 ἴνα
3092 5245 3289 5315 ἴδωμεν
3335 5239 3421 5295 καὶ
3468 5223 3692 5318 mw“?

2222 5355 2321 5411 μεν
2370 5338 2538 5410 αὐτῷ.
2584 5358 2602 5392 ι
2641 5310 2823 5393 Ταῦτα
2890 5338 2994 5411 γὰρ
3032 5339 3087 5391 τί
3141 5310 3207 5391 ἂν
3265 5331 3490 5401 διαφέροι

2215 5395 2295 5502 τῷ
2592 5395 3206 5502 πῳαναπειρωνημένων
3253 5429 3309 5480 ὲν
3469 5433 3487 5468 ι

556 5487 637 5489 se,
690 5487 709 5488 η
750 5487 1304 5507 ἯἾ-Ἶηονρη,
1702 5487 1713 5489 ἡ
1764 5487 1836 5504 νὴ
2032 5487 2040 5489 ί

537 5539 621 5582 tes
646 5539 733 5580 me
763 5530 822 5583 in
859 5542 1024 5582 cruce
1054 5543 1401 5597 suspensum,
1444 5545 1463 5579 ι
1521 5527 2018 5588 subsannaverunt,
2052 5532 2107 5579 et

2220 5487 2326 5590 εἰμι
2357 5487 2646 5590 eximar...
2674 5519 2769 5574 καὶ
2829 5487 2930 5573 ούκ
2977 5487 3274 5590 ἄνθρωποῶ
3320 5487 3497 5568 δνενίδθῖ

524 5612 865 5679 ίοειηίθυμι
894 5617 1076 5683 labiis,
1130 5626 1184 5672 et
1230 5627 1514 5675 moverunt
1564 5624 1746 5686 caput,
1790 5615 2036 5671 dicentes
2086 5630 2100 5664 :

2212 5578 2328 5666 πων
2387 5613 2481 5667 και
2536 5578 2866 5684 eam,“
2920 5578 3298 5669 λαοῡξηάνέες
3346 5605 3389 5658 oi
3439 5578 3690 5663 θεωροῦντίς
