3936 6208
291 173 402 226 773

1177 151 1492 228 unironsr
1507 165 1830 230 RATIONIS
1859 173 2312 230 rvaxceucm
2352 173 2478 230 LIB.
2525 175 2590 232 ι.

3415 178 3512 232 ’ΠΙ

291 312 360 366 με
381 293 812 366 ἐξεμυκτήρισάν
843 311 930 364 με,
959 294 1222 364 ἐλάλησαν
1249 299 1304 349 ἐν
1327 299 1580 367 χείλεσιν,
1603 297 1826 370 ἐκίνησα

1925 344 1927 357 ι
1963 315 1980 348 ι
2027 295 2274 366 Speravit
2325 296 2380 350 in
2433 295 2682 360 Domino,
2709 297 2904 366 eripiat
2935 311 3081 360 eum,
3113 295 3320 352 salvum
3351 296 3514 354 faciat

287 387 550 456 κεφαλήν·
589 385 851 438 Ἥλπισεν
889 387 982 438 ἐπὶ
1013 385 1232 458 Κύριον,
1271 387 1522 458 ρυσασθω
1556 387 1736 452 αὐτὸν,
1775 389 1856 440 ὅτι

285 475 430 528 θέλει
463 475 642 528 αὐτόν.
685 495 704 526 ι
736 475 846 528 Καὶ
881 475 956 544 μὴ
1001 475 1286 548 θαυμάσῃς
1333 477 1380 528 εἰ
1421 475 1592 528 ταῦτα
1627 475 1768 528 κατὰ
1797 477 1858 530 τὸ

289 565 460 629 πάθος
491 565 586 618 τοῦ
617 565 864 636 Σωτῆρος
903 565 1060 636 ἡμῶν
1092 566 1278 637 εἴρητό
1303 583 1364 618 τε
1391 567 1484 618 καὶ
1513 567 1852 638 πεπλήρωτο,

283 659 444 712 ὁπότε
469 659 634 710 εἰσέτι
653 657 808 728 δεῦρο
825 659 972 730 παρὰ
999 661 1158 712 πᾶσιν
1189 657 1487 728 ἀνθρώποις
1505 661 1614 722 τοῖς
1635 661 1856 730 μηδέπω

281 747 382 818 τὴν
407 751 488 810 είς
525 747 684 800 αὐτον
719 747 896 800 πίστιν
943 749 1282 818 ἅνειληφόσιν
1323 749 1524 808 ὄνειδος
1557 751 1854 822 ἀνθρώπων

281 850 612 922 νενόμισται.
653 851 718 902 Τί
753 851 860 922 γάρ
901 850 962 904 ἂν
1007 851 1212 922 αἴσχιον
1257 853 1350 904 καὶ
1393 852 1588 914 παντὸς
1623 853 1852 916 ὀνείδους

279 944 464 1012 χεῖρον
489 941 582 994 τοῦ
615 959 748 994 σταυ
759 941 1020 1013 ρωθῆναι;
1060 941 1218 994 Ἀλλὰ
1255 943 1346 994 καὶ
1376 941 1702 1014 ἐξουδένημα
1721 943 1849 996 λαοῦ

279 1035 418 1094 ἐστι,
460 1031 552 1084 τοῦ
595 1035 658 1086 ἐκ
707 1034 1034 1104 περιτομῆς,
1089 1035 1288 1096 παντὸς
1325 1033 1501 1086 αὐτῶν
1535 1035 1626 1086 τοῦ
1667 1034 1850 1098 ἔθνους

277 1125 448 1176 εἰσέτι
471 1123 566 1176 νῦν
605 1127 700 1178 καὶ
732 1127 966 1196 σήμερον
995 1125 1270 1196 χλευάζειν
1303 1127 1394 1178 καὶ
1429 1125 1720 1191 ἐξουθενεῖν
1757 1127 1848 1180 καὶ

271 1216 612 1270 καταπτύειν
629 1217 876 1280 εἰωθότος
895 1217 1078 1270 αὑτοῦ.
1112 1217 1268 1270 Ὅθεν
1287 1219 1378 1270 καὶ
1399 1218 1620 1280 εἰκότως
1639 1221 1668 1270 ό
1699 1219 1846 1272 ’Λπό-

277 1311 434 1364 στολο
443 1327 480 1374 ς·
505 1331 524 1362 ι
545 1311 608 1362 Ἢ
615 1313 734 1380 μεῖς
747 1311 804 1364 δὲ
819 1311 1160 1382 κηρύσσομεν
1177 1313 1220 1364 Χ
1231 1313 1402 1382 ριστὸν
1419 1313 1842 1382 ἐσταυρωμένον,

289 1403 558 1464 Ἰουδαίοις
593 1401 692 1470 μὲν
723 1403 1032 1470 σκάνδαλον,
1061 1402 1234 1456 ἔθνεσι
1253 1403 1309 1456 δὲ
1343 1405 1570 1474 μωρίαν.
1607 1424 1622 1454 ι
1651 1406 1756 1457 Καὶ
1775 1405 1842 1458 τά

273 1494 406 1566 ἑξῆς
437 1493 492 1548 δὲ
515 1497 774 1566 είρημένα
805 1497 861 1548 ἐν
891 1493 970 1564 τῷ
995 1493 1190 1564 ψαλμῴ
1220 1494 1382 1546 είσέτι
1419 1495 1508 1546 καὶ
1537 1495 1630 1546 νῦν
1665 1495 1842 1567 εὕροις

271 1585 346 1638 ἂν
369 1585 516 1656 παρὰ
538 1589 646 1648 τοῖς
665 1586 876 1648 πολλοῖς
901 1601 966 1638 πε
974 1585 1028 1656 pl.
1057 1585 1146 1638 τοῦ
1175 1585 1334 1638 αὐτοῦ
1361 1585 1642 1655 λεγόμενα.
1663 1587 1842 1640 Ταῦτα

269 1675 379 1744 μὲν
412 1671 500 1728 οὖν
533 1677 658 1747 περί
687 1675 786 1746 τῆς
809 1675 1168 1746 διαλαϐούσης
1199 1675 1358 1728 αὐτὸν
1389 1675 1554 1728 εἰσέτι
1589 1677 1704 1730 τότε
1737 1697 1836 1732 πε-

271 1767 574 1838 ριστάσεως
602 1767 816 1838 ηὖχετο’
839 1767 990 1832 εἰδὼς
1011 1769 1066 1822 δέ
1103 1769 1174 1840 μὴ
1195 1767 1408 1838 χείρονα
1429 1763 1588 1820 οὖσαν
1615 1769 1714 1838 τῆς
1741 1770 1834 1822 τοῦ

269 1859 498 1916 θανάτου
543 1863 820 1932 συμφορᾶς
855 1861 954 1930 τὴν
988 1859 1208 1932 πρώτην
1243 1859 1404 1912 αὑτοῦ
1438 1860 1516 1922 είς
1547 1861 1722 1930 σάρκα
1755 1861 1838 1914 ἔν-

259 1953 434 2018 θεσιν,
461 1957 554 2008 καὶ
573 1955 672 2026 τὴν
697 1957 760 2008 ἐκ
789 1953 1006 2026 θηλείας
1031 1953 1124 2006 καὶ
1155 1952 1418 2022 παρθένου
1443 1951 1670 2020 γένεσιν,
1697 1953 1836 2006 κατὰ

265 2047 458 2116 καιρὸν
489 2049 546 2100 ἐν
577 2049 690 2109 τοῖς
713 2047 840 2116 περὶ
867 2045 1096 2098 θανάτου
1125 2045 1231 2098 τῶν
1261 2045 1358 2115 τῆς
1383 2045 1648 2112 γενέσεως
1673 2045 1832 2098 αὑτοῦ

267 2137 594 2208 μνημονεύει
626 2137 798 2205 λόγων
831 2137 964 2208 πρὸς
999 2137 1090 2190 τὸν
1131 2135 1376 2206 Πατέρα·
1421 2155 1438 2186 ι
1482 2139 1600 2188 Ὅτι
1637 2139 1700 2190 σὺ
1729 2133 1778 2189 εἷ
1805 2139 1834 2190 ὁ

263 2232 550 2294 ἐκσπάσας
595 2249 660 2302 με
703 2233 766 2284 ἐκ
797 2229 1050 2302 γαστρὸς,
1083 2231 1116 2300 ἠ
1153 2227 1306 2291 ἐλπίς
1343 2245 1443 2300 μου
1481 2229 1586 2280 ἀπὸ
1617 2230 1832 2300 μαστῶν

255 2321 368 2391 ⁴τῆς
407 2321 606 2394 μητρός
647 2337 766 2392 μου.
823 2321 944 2374 Ἐπὶ
973 2319 1032 2372 σὲ
1065 2317 1364 2390 ἐπεῤῥίφην
1409 2320 1472 2370 ἐκ
1513 2321 1742 2390 μήτρας,
1769 2320 1832 2370 ὲκ

259 2425 468 2490 κοιλίας
499 2427 700 2498 μητρός
727 2442 826 2496 μου
861 2424 990 2488 Θεός
1022 2441 1122 2496 μου
1157 2421 1206 2477 εἷ
1237 2423 1321 2476 σύ.
1362 2443 1378 2474 ι
1416 2421 1630 2476 Τούτων
1669 2423 1726 2476 δὲ
1759 2425 1834 2477 εί-

259 2519 438 2582 κότως
457 2519 718 2588 ἀναφέρει
749 2517 844 2588 τὴν
877 2519 1094 2588 μνήμην
1123 2519 1200 2580 είς
1227 2515 1578 2586 παραμυθίαν
1603 2515 1702 2584 τῆς
1725 2515 1830 2566 τῶν

257 2609 544 2678 παρόντων
573 2609 904 2678 ἀπαλλαγῆς.
933 2609 1140 2678 Ὥσπερ
1163 2607 1290 2679 γὰρ,
1315 2609 1464 2677 φησὶ,
1481 2607 1708 2674 γέγονάς
1730 2623 1828 2676 μου

251 2701 476 2772 βοηθὸς,
513 2701 670 2772 σῶμα
715 2699 1050 2770 ἀνθρώπειον
1089 2699 1466 2764 ἀναλαϐόντος,
1515 2699 1602 2751 ὅτε
1645 2697 1740 2750 καὶ
1771 2695 1830 2760 ἐξ

251 2791 434 2861 αὐτῆς
459 2791 552 2862 τῆς
579 2791 946 2862 κυοφορούσης
979 2807 1044 2860 με
1077 2789 1312 2860 γαστρὸς
1340 2789 1403 2842 σὺ
1437 2791 1596 2853 αὐτὸς
1631 2791 1660 2841 ὁ
1699 2789 1830 2852 Θεός

257 2901 364 2954 μου
393 2883 486 2935 καὶ
505 2885 690 2954 Πατήρ
721 2899 840 2952 μου,
865 2882 1050 2953 ὥσπερ
1085 2880 1406 2952 μαιούμενος
1429 2881 1526 2951 τὴν
1549 2881 1670 2950 ἐμοὶ
1701 2897 1828 2932 κατ-

251 2975 664 3046 εσκευασμένην
683 2975 743 3038 ἐξ
767 2973 918 3042 ἁγίου
939 2973 1078 3025 Πνεύ
1086 2989 1252 3044 ματος
1273 2973 1470 3044 σάρκα,
1497 2971 1820 3036 ἐξέτι-πασας,
1849 2977 1892 3034 G

243 3069 358 3138 *τὴν
377 3067 568 3122 ἑαυτοῦ
601 3067 824 3137 δύναμιν
853 3066 1064 3138 ὀρέξας,
1095 3065 1170 3128 ὡς
1197 3065 1263 3118 ἂν
1297 3065 1368 3136 μή
1405 3083 1488 3128 τις
1513 3065 1700 3136 ἐνέδρα
1731 3064 1822 3118 καὶ

247 3161 282 3212 ὲ
293 3159 518 3231 πιϐουλὴ
529 3157 589 3224 ἐξ
605 3159 988 3229 ἀντικειμένων
1003 3159 1278 3228 δυνάμεων
1291 3158 1384 3210 καὶ
1401 3155 1648 3228 πονηρῶν
1663 3173 1822 3209 πνευ-

249 3251 446 3318 μάτων
473 3249 752 3320 διαφθονου
761 3251 932 3320 μένων
953 3253 1018 3320 τῇ
1041 3253 1118 3312 είς
1143 3249 1458 3321 ἀνθρώπους
1483 3247 1698 3318 παρόδῳ
1721 3263 1818 3318 μου

245 3343 482 3412 γένοιτο*
515 3343 638 3396 ἐπεὶ
665 3343 924 3396 καὶκατὰ
949 3343 1045 3414 τὴν
1078 3341 1297 3414 πρώτην
1325 3339 1582 3410 σύλληψιν
1617 3341 1680 3392 σὺ
1715 3339 1819 3392 πά·-

241 3435 336 3488 λιν
363 3435 424 3488 τὸ
449 3435 588 3490 κατὰ
603 3435 838 3506 γαστρὸς
857 3435 1208 3496 ἐπεσκίασας,
1229 3435 1304 3496 ὡς
1326 3433 1390 3486 ἂν
1411 3431 1556 3486 λάθω
1583 3433 1708 3494 τοὺς
1731 3433 1820 3503 ἄρ-

243 3545 448 3600 χοντας
485 3529 578 3582 τοῦ
605 3527 798 3591 αίῶνος
833 3527 1020 3580 τούτου
1047 3531 1082 3598 ἡ
1113 3527 1172 3592 ἐξ
1199 3527 1354 3594 άγίου
1383 3525 1521 3580 Πνεύ
1529 3543 1694 3596 ματος
1719 3525 1818 3595 τῆς

239 3621 414 3688 ἁγίας
451 3619 726 3692 Παρθένου
771 3619 1046 3690 σύλληψις.
1088 3619 1260 3690 Ὅπερ
1299 3617 1438 3688 μέγα
1471 3618 1762 3688 μυστήριον
1789 3619 1817 3670 ὁ

245 3713 346 3775 σὸς
385 3711 716 3784 ἀρχάγγελος
760 3711 984 3781 ἐξέφηνε
1027 3709 1284 3782 Γαϐριὴλ,
1312 3713 1378 3780 τῇ
1408 3709 1594 3780 Μαρία
1625 3707 1812 3760 εἰπὼν·

247 3837 272 3866 ι
311 3815 535 3886 Πνεῦμα
579 3817 728 3883 ἆγιον
779 3813 1126 3868 ἐπελεύσεται
1179 3814 1272 3866 ἐπὶ
1321 3813 1398 3876 σὲ,
1447 3813 1540 3866 καὶ
1593 3811 1816 3882 δύναμις

257 3907 514 3980 Ὑψίστου
549 3907 852 3960 ἐπισκιάσει
885 3923 986 3960 σοι.
1025 3925 1044 3957 ι
1095 3903 1442 3976 Ὠσπεροῦνή
1481 3903 1546 3974 σὴ
1575 3903 1692 3954 τότε
1719 3900 1814 3954 τοῦ

255 3997 514 4067 Ὑψίστου
555 3999 778 4070 δύναμις
822 3995 1320 4068 συλλαμϐανόμενον
1370 3995 1466 4064 μὲν
1501 3993 1812 4058 ἐπεσκίασε,

237 4091 562 4160 τικτόμενον
593 4089 648 4142 δὲ
681 4089 978 4156 ἐξέσπασεν
1029 4087 1136 4141 ἀπὸ
1177 4087 1410 4156 γαστρὸς
1455 4084 1658 4156 μητρός
1691 4101 1810 4153 μου,

233 4183 388 4236 οὕτω
423 4181 584 4254 πολλή
621 4200 710 4254 μοι
733 4183 986 4253 τυγχάνει
1017 4181 1354 4254 παραμυθία,
1381 4179 1460 4232 ὅτι
1481 4179 1574 4232 καὶ
1597 4177 1690 4230 τοῦ
1721 4177 1814 4230 θα-

237 4275 408 4328 νάτου
459 4293 526 4346 με
575 4276 708 4330 πολὺ
761 4275 958 4346 μᾶλλον
1003 4273 1350 4336 ἀνασπάσεις.
1401 4271 1510 4324 Καὶ
1551 4269 1704 4322 τοῦτό
1748 4285 1812 4338 γε

1957 403 2082 442 eum
2112 388 2368 456 quoniam
2395 388 2506 440 vult
2535 403 2680 442 eum.
2713 407 2730 440 ι
2768 387 2892 442 Haec
2933 389 3096 458 igitur
3137 389 3296 458 plane
3327 389 3512 444 omnia

1959 479 2012 532 in
2045 479 2258 548 psalmo
2303 477 2370 532 de
2417 478 2484 532 iis
2513 493 2634 547 quae
2663 485 2771 530 tam
2804 479 2962 550 longo
2991 489 3114 548 post
3155 487 3394 548 tempore
3427 479 3512 534 fu-

1957 577 2078 622 tura
2109 576 2282 630 erant,
2319 569 2572 636 praedicta
2605 577 2754 632 sunt,
2805 571 3102 638 eademque
3149 585 3308 624 suum
3347 571 3510 626 linem

1955 667 2086 714 sunt
2117 668 2430 722 consecuta,
2463 675 2572 728 quo
2605 669 2866 730 tempore,
2898 668 2958 714 ut
2987 669 3072 714 est
3097 661 3238 728 apud
3269 660 3510 716 Matthe-

1953 767 2066 815 um,
2095 753 2242 806 cruci
2272 751 2442 804 aﬂixis
2474 767 2596 804 cum
2627 767 2692 804 eo
2723 753 2936 806 duobus
2959 753 3282 816 latronibus,
3309 768 3416 808 uno
3441 751 3508 808 ad

1951 843 2216 906 dextram,
2247 845 2416 898 altero
2447 843 2512 896 ad
2545 843 2846 906 sinistram,
2871 843 2962 912 qui
2995 843 3118 896 illac
3141 843 3504 913 prmteribant,

1949 934 2092 986 mala
2125 934 2176 986 in
2217 935 2368 986 illum
2390 935 2753 1004 congerebant
2785 942 3060 988 moventes
3091 935 3270 1004 capita
3303 950 3422 1000 sita,
3453 942 3508 990 et

1949 1023 2192 1078 dicentes
2225 1041 2236 1076 :
2267 1041 2284 1074 ι
2324 1021 2462 1088 Vah,
2493 1025 2582 1094 qui
2611 1025 2846 1078 destruis
2877 1025 3132 1094 templum
3159 1033 3214 1078 et
3239 1025 3292 1078 in
3329 1025 3507 1080 tribus

1949 1112 2140 1168 diebus
2172 1115 2428 1168 asdilicas.
2463 1113 2680 1168 Salvum
2713 1112 2798 1168 fac
2829 1115 3058 1184 teipsum
3095 1134 3107 1169 :
3135 1116 3180 1168 si
3215 1113 3384 1170 Filius
3408 1115 3504 1172 Dei

1946 1217 2026 1266 es,
2059 1203 2326 1258 descende
2355 1205 2422 1260 de
2451 1221 2632 1258 cruce.
2661 1207 2921 1258 Similiter
2951 1215 3004 1260 et
3025 1209 3300 1276 principes
3321 1223 3504 1262 sacer-

1945 1293 2134 1348 dotum
2169 1295 2458 1350 illudentes
2489 1311 2610 1350 cum
2655 1297 2960 1352 senioribus
2991 1307 3044 1352 et
3089 1299 3316 1366 Scribis,
3355 1301 3502 1356 dice-

1943 1385 2074 1438 bant
2109 1403 2122 1438 :
2175 1387 2326 1440 Alios
2377 1385 2557 1440 salvos
2605 1385 2750 1452 fecit,
2781 1389 3018 1456 seipsum
3051 1403 3158 1440 non
3191 1397 3369 1457 potest
3397 1391 3504 1444 sal-

1942 1491 2070 1530 vum
2105 1476 2302 1531 facere.
2337 1474 2392 1530 Si
2429 1475 2540 1532 Rex
2577 1475 2740 1530 Israel
2763 1487 2868 1540 est,
2921 1479 3216 1534 descendat
3259 1497 3406 1534 nunc
3434 1481 3502 1536 de

1941 1582 2124 1630 cruce,
2163 1577 2214 1622 et
2251 1569 2540 1622 credemus
2561 1569 2630 1622 ei.
2668 1567 2724 1620 Si
2759 1571 2998 1624 emilisus
3027 1581 3112 1624 est
3141 1571 3270 1632 Deo,
3307 1573 3504 1628 liberet

1873 1639 1912 1694 Β
1939 1673 2086 1712 nunc
2139 1675 2284 1722 eum,
2335 1661 2383 1716 si
2419 1659 2532 1714 vult
2581 1675 2726 1714 eum.
2777 1659 2920 1714 Dixit
2967 1663 3110 1716 enim
3149 1681 3162 1718 :
3200 1662 3368 1720 Filius
3403 1665 3500 1722 Dei

1939 1765 2058 1804 sum
2083 1749 2124 1803 ⁵.
2169 1771 2186 1802 ι
2223 1749 2290 1804 Ut
2319 1767 2448 1806 vero
2479 1761 2564 1806 est
2589 1752 2732 1822 apud
2763 1750 2962 1806 Lucam
2999 1773 3012 1808 :
3047 1772 3066 1804 ι
3109 1753 3296 1808 Stabat
3325 1772 3498 1828 popu-

1937 1843 2022 1896 lus
2051 1849 2324 1911 spectans,
2367 1851 2422 1898 et
2463 1847 2876 1902 subsannahant
2903 1863 3026 1900 eum
3065 1847 3343 1918 principes
3369 1863 3494 1904 cum

1935 1933 2036 1996 eis,
2073 1933 2316 1990 dicentes
2367 1955 2378 1988 :
2426 1937 2578 1990 Alios
2631 1937 2812 1992 salvos
2859 1937 3010 2004 fecit,
3071 1939 3280 1992 salvum
3333 1937 3498 1996 faciat

1935 2025 2198 2094 seipsum,
2231 2025 2278 2080 si
2313 2025 2402 2079 hic
2431 2035 2514 2082 est
2545 2027 2796 2082 Christus
2827 2027 2998 2082 Filius
3029 2027 3124 2084 Dei
3163 2031 3368 2086 electus
3389 2031 3430 2086 '.
3467 2051 3488 2084 ι

1933 2117 2002 2168 At
2033 2117 2332 2171 secundum
2367 2115 2608 2172 Marcum
2633 2137 2646 2173 :
2677 2137 2696 2170 ι
2737 2117 3132 2174 Praetereuntcs
3151 2119 3494 2190 blasphema-

1931 2205 2064 2260 bant
2099 2223 2244 2270 eum,
2275 2219 2552 2264 moventes
2580 2211 2758 2280 capita
2793 2227 2914 2274 sua,
2939 2219 2994 2264 et
3023 2210 3266 2266 dicentes
3299 2231 3312 2265 :
3351 2209 3488 2276 Vah,

1932 2299 2024 2368 qui
2054 2299 2292 2356 destruis
2324 2302 2582 2372 templum
2629 2309 2686 2356 et
2735 2301 2790 2356 in
2823 2303 2999 2356 tribus
3027 2301 3220 2356 diebus
3251 2303 3490 2362 aediﬁcas

1929 2389 2084 2446 illud.
2119 2389 2340 2446 Salvum
2383 2391 2468 2446 fac
2501 2393 2754 2462 teipsnm,
2797 2401 2850 2448 et
2897 2391 3166 2448 descende
3197 2393 3266 2449 de
3305 2409 3486 2450 cru-ce.

1934 2475 2198 2534 Similiter
2243 2487 2298 2534 et
2349 2479 2624 2550 principes
2677 2482 3022 2536 sacerdotum
3069 2483 3360 2539 illudentes
3403 2483 3490 2538 in-

1929 2577 2014 2624 ter
2065 2586 2124 2624 se
2165 2587 2290 2626 cum
2341 2571 2570 2636 Scribis,
2603 2573 2858 2626 dicebant
2891 2591 2906 2626 :
2939 2573 3088 2628 Alios
3117 2575 3298 2630 salvos
3338 2573 3486 2638 fecit,

1931 2665 2170 2734 seipsnm
2215 2679 2324 2718 non
2372 2671 2548 2732 potest
2593 2665 2802 2718 salvum
2839 2664 3036 2719 facere.
3071 2665 3324 2720 Christus
3373 2663 3490 2724 liex

1929 2753 2094 2808 Israel
2125 2753 2418 2808 descendat
2441 2769 2584 2806 nunc
2607 2752 2674 2808 de
2696 2769 2880 2816 cruce,
2905 2765 2962 2808 ut
2991 2755 3271 2812 videamus
3293 2767 3346 2812 et
3369 2773 3491 2813 cre-

1929 2847 2122 2902 damus
2151 2847 2198 2900 ei
2229 2847 2270 2900 θ.
2315 2865 2332 2896 ι
2370 2843 2494 2900 Haec
2527 2861 2756 2916 namque
2797 2847 2848 2900 in
2895 2863 3004 2916 quo
3049 2851 3264 2903 tandem
3315 2851 3384 2905 ab
3421 2851 3488 2906 iis

1930 2938 2206 3002 dill‘erunt,
2225 2953 2344 3008 quae
2372 2939 2424 2992 in
2445 2939 2654 3008 psalmo
2681 2939 2938 3008 praedicta
2966 2949 3094 2996 sunt
3129 2941 3236 2996 illis
3271 2943 3484 2998 verbis:

1921 3029 2086 3100 499
2115 3047 2132 3080 ι
2171 3027 2280 3098 Ego
2307 3037 2486 3082 autem
2529 3045 2650 3084 sum
2684 3031 2882 3084 vermis
2909 3038 2962 3086 et
2991 3047 3100 3086 non
3145 3031 3342 3096 homo,
3391 3050 3488 3104 op-

1921 3121 2200 3190 prourium
2233 3119 2510 3172 hominum
2559 3129 2612 3174 et
2655 3119 2886 3188 abjectio
2923 3121 3126 3192 populi.
3177 3121 3378 3180 Omnes
3407 3129 3486 3182 vi-

1921 3209 2108 3264 dentes
2133 3223 2238 3272 me,
2273 3209 2746 3264 subsannaverunt
2793 3227 2898 3276 me,
2933 3214 3100 3268 locuti
3147 3225 3274 3270 sunt
3307 3219 3482 3284 labiis,

1919 3309 1972 3354 et
1989 3307 2270 3354 moverunt
2297 3309 2457 3370 caput
2481 3317 2494 3351 :
2525 3301 2774 3370 Speravit
2797 3303 2852 3356 in
2871 3303 3114 3370 Domino,
3133 3307 3482 3378 eripiateum,

1919 3391 2124 3446 salvum
2169 3393 2334 3446 faciat
2381 3409 2526 3456 cum,
2557 3395 2812 3464 quoniam
2847 3397 2960 3450 vult
2987 3413 3134 3452 eum.
3173 3419 3192 3452 ι
3231 3399 3346 3454 Noli
3384 3417 3484 3458 au-

1919 3489 2028 3536 tem
2055 3483 2242 3536 mirari
2275 3485 2318 3538 si
2353 3485 2464 3538 haec
2493 3487 2596 3540 sub
2628 3487 2798 3556 ipsam
2831 3487 3130 3545 Salvatoris
3165 3487 3334 3548 nostri
3359 3509 3486 3564 pas-

1917 3573 2124 3628 sionem
2173 3585 2226 3628 et
2269 3573 2412 3628 dicta
2445 3584 2572 3630 sunt
2603 3583 2658 3630 et
2695 3579 2960 3646 completa
2991 3617 3004 3642 ,
3067 3581 3283 3648 quando
3323 3581 3484 3638 hodie

1917 3677 2131 3732 quoque
2163 3665 2302 3734 apud
2333 3681 2522 3722 omnes
2567 3665 2848 3730 homines,
2881 3669 3192 3740 quicunque
3238 3671 3482 3726 nondum

1917 3756 1972 3810 in
2003 3756 2148 3810 illius
2177 3755 2336 3826 ﬁdem
2365 3765 2650 3818 venerunt,
2677 3759 3028 3828 Opprobrium
3069 3759 3346 3816 hominum
3379 3763 3479 3816 ha-

1915 3847 2090 3902 betur.
2151 3848 2292 3914 Quid
2332 3849 2478 3904 enim
2509 3849 2724 3918 turpius
2753 3857 2808 3904 et
2853 3849 3000 3904 omni
3049 3851 3249 3918 prol-ro
3277 3851 3478 3916 vilius,

1913 3953 2074 4006 quam
2103 3939 2252 3992 cruci
2276 3953 2398 3994 esse
2427 3939 2684 3993 afﬁxum?
2715 3941 2809 3996 sed
2853 3955 3032 3996 nonne
3091 3941 3252 3994 etiam
3293 3943 3478 4022 populi

1911 4027 2120 4083 Judaici
2162 4029 2396 4098 abjectio
2437 4031 2560 4086 est?
2599 4032 2800 4102 quippe
2828 4047 2950 4086 cum
2983 4031 3232 4086 universa
3265 4033 3353 4086 illa
3389 4049 3478 4088 na-

1915 4119 1988 4172 tio
2015 4121 2176 4172 etiam
2213 4135 2358 4174 nunc
2393 4129 2446 4176 et
2485 4123 2540 4176 in
2571 4123 2714 4176 hunc
2743 4139 2914 4192 usque
2941 4123 3106 4188 diem,
3145 4131 3198 4179 et
3227 4125 3474 4188 irridere,

1911 4217 1964 4262 et
1993 4211 2282 4280 negligere,
2313 4219 2368 4266 et
2411 4211 2674 4282 deSpuere
2709 4213 2856 4266 illum
2887 4215 3247 4268 consueverit.
3283 4211 3478 4268 Proin-

1910 4303 1978 4356 de
2003 4303 2294 4372 Apostolus
2329 4304 2520 4358 merito
2542 4323 2554 4358 :
2581 4323 2598 4352 ι
2621 4302 2732 4360 Nos
2771 4313 2972 4370 autem,
2993 4305 3190 4376 inquit,
3215 4307 3476 4376 prazdica-

237 4367 498 4431 ἐλπίζων,
529 4367 620 4419 ἐπὶ
647 4369 704 4420 σὲ
725 4367 958 4422 πέποιθα
979 4367 1067 4420 τὸν
1087 4363 1322 4436 ἐμαυτοῦ
1345 4363 1474 4418 Θεὸν
1497 4363 1588 4416 καὶ
1609 4361 1810 4432 Κύριον

1925 4409 2036 4448 mus
2059 4395 2342 4450 Christum
2375 4397 2714 4458 cruciﬁxum,
2743 4393 2944 4454 Iudaeis
2972 4397 3188 4468 quidem
3241 4399 3476 4454 scanda-

235 4459 342 4512 καὶ
369 4459 604 4530 Ila-tepor
645 4459 738 4512 καὶ
781 4459 1016 4512 πέποιθα
1057 4461 1118 4512 οὐ
1153 4457 1246 4512 νῦν
1275 4459 1488 4528 πρῶτον
1513 4455 1812 4528 ἀρξάμενος

235 4547 342 4618 τῆς
370 4547 448 4610 εἰς
476 4547 536 4598 σὲ
558 4545 792 4610 ἐλπίδος,
825 4547 958 4601 ἀλλὰ
979 4549 1072 4602 καὶ
1097 4549 1206 4610 ὅτε,
1235 4547 1340 4600 άπὸ
1364 4545 1580 4616 μαστῶν
1609 4545 1811 4616 μητρός

239 4655 348 4709 μου
376 4637 474 4708 τὴν
505 4637 746 4710 νηπιὼὂη
783 4641 986 4714 τροφὴν
1025 4637 1438 4708 ἀναλαμϐάνων,
1487 4635 1810 4708 ἐνομιζόμην

235 4739 442 4804 ὁμοίως
469 4743 580 4806 τοῖς
603 4743 710 4796 τῶν
733 4743 1028 4814 ἀνθρώπων
1055 4741 1306 4813 βρέφεσιν
1337 4741 1531 4812 ἀτελὴς
1557 4737 1692 4794 εἶναι
1716 4741 1810 4794 καὶ

233 4831 452 4900 ἄλογος·
485 4833 558 4906 μὴ
589 4833 664 4886 ὣν
691 4835 795 4906 γάρ
823 4835 1078 4898 τοιοῦτος,
1107 4835 1154 4887 εί
1194 4835 1286 4886 καὶ
1315 4833 1476 4904 σῶμά
1510 4851 1598 4904 μοι
1625 4833 1808 4903 ὅμοιον

229 4923 546 4996 ἀνθρώποις
580 4923 666 4998 ἦν,
691 4927 784 4978 ml.
809 4925 905 4997 τὴν
933 4927 1180 4997 δύναμιν,
1209 4927 1327 4980 ούδέ
1357 4927 1454 4997 τὴν
1483 4925 1668 4978 οὐσίαν
1691 4927 1802 4988 τοῖς

229 5015 452 5078 πολλοῖς
479 5015 552 5070 ὢν
583 5015 844 5086 ἐμφερὴς,
873 5017 1056 5080 ἄνετος
1079 5019 1134 5071 δὲ
1161 5019 1254 5070 καὶ
1281 5017 1560 5080 άπόλυτος,
1589 5009 1676 5068 οἷά
1705 5029 1798 5066 σου

225 5107 332 5162 τοῦ
349 5107 482 5160 Θεοῦ
509 5109 697 5178 ἀμνὸς,
745 5109 838 5162 καὶ
887 5107 946 5175 ἐξ
987 5110 1194 5182 ἐκείνης
1229 5111 1324 5180 τῆς
1353 5110 1566 5182 ἡλικίας
1607 5108 1802 5170 γαλου-

227 5213 514 5285 χούμενος,
545 5215 686 5284 λέγω
709 5215 772 5284 δὴ
803 5214 908 5268 ἀπὸ
941 5215 1158 5286 μαστῶν
1187 5215 1288 5285 τῆς
1317 5215 1520 5288 μητρός
1545 5231 1666 5286 μου.
1695 5211 1803 5266 Καὶ

227 5310 388 5362 οὔπω
415 5307 571 5362 τοῦτο
607 5309 744 5380 μέγα
775 5325 856 5372 τις
881 5309 1163 5378 ἡγήσεται,
1207 5309 1254 5359 εἰ
1279 5307 1458 5378 μάθοι,
1491 5309 1570 5360 ὅτι
1603 5307 1694 5358 καὶ
1723 5305 1800 5358 ἔτι

229 5399 498 5472 πρότερον
531 5403 624 5454 ἐπὶ
661 5403 720 5455 σὲ
747 5403 1046 5473 ἐπερρίφην
1085 5403 1148 5454 ἐκ
1181 5403 1410 5471 μήτρας,
1441 5403 1534 5454 καὶ
1563 5401 1668 5452 ἀπὸ
1697 5417 1798 5468 γα-

233 5495 396 5566 στρὸς
431 5495 631 5566 μητρός
667 5511 766 5564 μου
795 5493 926 5556 Θεός
959 5511 1056 5564 μου
1089 5487 1140 5544 εἷ
1169 5491 1252 5544 σύ.
1287 5493 1406 5544 Ἔτι
1433 5491 1540 5562 γὰρ
1565 5491 1710 5545 ἔνδον
1741 5493 1798 5543 ἐν

341 5593 360 5622 ⁸
399 5591 588 5644 ὶίαιιιι.
625 5605 806 5654 ιιι-ιι,
843 5589 1034 5644 40-45.
1111 5589 1132 5620 ⁸
1171 5587 1294 5642 Luc.
1343 5601 1510 5652 χχιιι,
1545 5588 1633 5642 35.

199 5663 220 5688 1

1711 5589 1730 5618 ⁸
1771 5584 1938 5642 Marc.
1981 5603 2078 5654 xv,
2113 5587 2304 5646 ειν-δε,

1913 4485 2046 4550 lum,
2075 4487 2327 4556 gentibus
2359 4499 2536 4542 autem
2573 4489 2856 4544 stultitiam
2880 4489 2921 4544 ⁷.
2965 4507 2984 4541 ι
3025 4487 3130 4543 Sed
3163 4505 3264 4544 nec
3294 4491 3506 4546 minus.

1909 4591 1972 4630 ea
2007 4593 2124 4649 quae
2157 4587 2458 4648 sequuntur
2491 4579 2544 4632 in
2575 4581 2802 4650 psalmo,
2835 4579 2994 4636 facile
3021 4581 3180 4636 etiam
3221 4599 3364 4636 nunc
3389 4583 3474 4636 in-

1911 4669 2094 4722 venies
2123 4685 2150 4722 a
2189 4663 2460 4738 plerisque
2481 4669 2548 4724 de
2581 4669 2672 4722 illo
2692 4669 2820 4725 dici.
2855 4669 2976 4724 Ηωι·
3023 4671 3184 4740 igitur
3211 4685 3309 4740 pro
3339 4671 3475 4725 allii-

1908 4761 2090 4814 ctione
2137 4775 2256 4830 quae
2305 4761 2454 4815 illum
2501 4763 2856 4830 apprehendit
2894 4763 3055 4816 etiam
3093 4771 3221 4816 tunc
3259 4761 3468 4815 orabat.

1908 4849 2042 4906 Cum
2073 4861 2248 4906 autem
2293 4851 2464 4906 nihilo
2491 4855 2736 4908 viliorem
2780 4869 3008 4924 primam
3059 4869 3332 4923 corporea:
3377 4871 3472 4906 ιι·-

1909 4950 2040 4996 turae
2067 4943 2514 5012 assumptionem,
2555 4953 2842 5013 ortumque
2897 4943 3043 4998 illum
3077 4945 3142 4998 de
3171 4943 3370 4998 femina
3417 4951 3471 4999 et

1907 5033 2132 5104 virgine,
2167 5035 2284 5104 ipsa
2337 5035 2532 5088 mortis
2591 5033 2898 5088 calamitate
2947 5049 3069 5090 esse
3117 5034 3470 5103 intelligeret,

1906 5139 2012 5178 non
2047 5123 2388 5179 incommode
2437 5125 2490 5178 in
2527 5123 2590 5180 iis
2621 5141 2740 5194 quae
2773 5125 2838 5177 ad
2873 5133 3098 5179 mortem
3155 5125 3466 5196 pertinent,

1903 5219 2066 5272 etiam
2103 5231 2166 5270 ca
2189 5231 2308 5286 qua:
2333 5215 2400 5268 ad
2424 5227 2600 5270 ortum
2631 5223 2878 5286 spectant
2911 5225 3334 5280 commemorat,
3387 5219 3468 5271 sic

1903 5309 1970 5362 ad
2005 5305 2214 5362 Patrem
2246 5307 2460 5362 dicens:
2505 5327 2523 5358 ι
2559 5307 2820 5373 Quoniam
2853 5315 2912 5362 tu
2945 5323 3004 5362 cs
3042 5309 3132 5378 qui
3183 5307 3470 5363 extraxisti

1903 5413 1988 5452 me
2012 5399 2076 5452 de
2109 5405 2294 5454 ventre
2315 5441 2328 5462 ,
2371 5413 2492 5468 spes
2535 5413 2652 5452 mea
2683 5399 2750 5452 ab
2779 5399 3040 5456 uberibus
3073 5401 3260 5452 matris
3285 5415 3418 5454 mea:
3449 5415 3466 5454 ι

1901 5493 1964 5544 1n
2051 5498 2104 5546 te
2181 5491 2462 5560 Projectus
2530 5505 2649 5545 sum
2713 5507 2782 5546 ex
2851 5503 3016 5552 utero
3085 5490 3278 5544 matris
3343 5503 3476 5544 mea:

2390 5583 2408 5614 "
2439 5585 2456 5638 Ι
2491 5585 2616 5641 Cor.
2667 5605 2706 5654 ι,
2747 5587 2856 5658 25,

2967 5709 3002 5720 -η
