3936 6208
534 136 646 195 m
1218 138 1488 194 EUsth
1526 138 2014 197 CESARIENSIS
2047 139 2197 199 ore.
2239 141 2422 198 psus
2458 142 2526 199 ιι.
2565 173 2637 185 -
2668 125 3165 200 APOLDGETICA.
3628 155 3705 209 ns

537 260 686 317 Deus
711 275 865 314 meus
899 274 958 314 es
992 266 1068 312 tu.
1103 275 1120 307 ι
1159 257 1348 312 Merito
1371 268 1551 314 autem
1586 261 1701 315 haec
1749 263 2033 317 meminit.
2068 279 2091 315 υ

2157 268 2197 319 Α
2224 262 2301 332 τῷ
2329 263 2537 332 ταμείῳ
2578 262 2677 334 τῆς
2725 259 3092 334 κυοφορούσης
3139 281 3204 334 με
3247 265 3532 337 φερόμενος,
3566 275 3611 327 σὲ
3645 277 3710 330 τὸν

539 356 781 426 seipsum
810 351 1150 410 consoletur.
1185 360 1236 404 et
1283 367 1312 404 a
1365 353 1729 422 praesentibus
1765 355 1923 409 malis
1969 369 2093 409 aver

2225 351 2356 404 θεόν
2397 369 2496 421 μου
2527 352 2733 424 ἐώρων,
2767 355 2859 406 ειτε
2889 353 3188 425 ἀσύγχυτος
3225 357 3317 408 καὶ
3350 357 3579 422 ἀθόλωτος
3601 365 3643 414 ὲν
3661 371 3709 437 τῇ

538 457 639 502 tat.
687 446 791 511 Qui
838 444 1007 507 enim,
1055 443 1254 512 inquit,
1299 442 1450 499 fuisti
1499 445 1632 500 milii
1685 447 1944 513 adjutor,
1996 462 2092 498 cun

2223 445 2457 516 τοσαύτῃ
2487 444 2594 496 τῶν
2627 445 2845 516 σαρκῶν
2873 447 3125 518 κοινωνία
3154 447 3442 517 διαμείνας,
3485 450 3642 519 μᾶλλον
3670 455 3710 509 δὲ

537 540 838 595 humanum
869 550 1070 606 corpus
1098 549 1433 591 assumerem
1457 576 1471 599 ,
1511 551 1622 604 quo
1650 545 1893 607 tempore
1921 553 1983 590 ex
2042 537 2091 606 ip

2223 536 2512 608 ἀσώματος
2535 539 2628 591 καὶ
2647 540 2767 591 τότε
2789 537 2884 601 ὢν,
2911 540 3003 592 καὶ
3024 541 3237 595 πάντων
3259 541 3516 614 ἐλεύθερος
3531 545 3709 617 δεσμῶν·

535 635 652 691 sius
681 629 1037 702 parturientis
1061 635 1238 690 utero.
1275 645 1381 692 me,
1418 636 1473 681 tu
1531 630 1646 698 ipse
1679 629 1820 685 Deus
1861 645 2015 683 meus
2067 646 2089 682 ε

2221 626 2394 695 οὕτως
2422 633 2478 686 δὲ
2517 635 2608 687 ἐπὶ
2648 637 2706 689 σὲ
2749 638 3051 710 ἐπερῤίφην
3080 640 3400 712 ἐκμήτρας,
3435 643 3516 696 καὶ
3537 645 3622 696 ἀπὸ
3640 661 3711 711 γα-

535 699 701 781 Pater
744 736 921 784 meus,
957 730 1216 790 tanquam
1257 721 1571 776 obstetricis
1620 720 1852 791 fungens
1892 720 2076 774 officio

2223 724 2382 796 στρος
2411 727 2615 798 μητρὸς
2645 728 2776 792 Θεὸς
2932 699 3094 803 ησθα,
3222 699 3488 787 αἰσθέάθαι
3512 734 3594 803 τῆς
3611 699 3713 806 ἐμῆς

533 833 635 888 pro
663 831 728 872 ea
756 831 878 887 quae
902 815 1032 869 mihi
1065 815 1133 870 de
1161 812 1369 884 Spiritu
1425 824 1616 870 sancto
1645 823 1960 882 comparata
2004 829 2087 868 era

2220 813 2498 887 δυνάμεως
2522 820 2601 872 ἔτι
2631 821 3071 892 κυοφορουμένης
3099 823 3233 894 πρὸς
3259 824 3356 893 τῆς
3381 824 3524 892 ἁγίας
3553 825 3711 896 Παρθέ-

534 926 719 973 carne,
755 908 1064 971 extraxisti,
1099 915 1190 961 tua
1215 917 1462 978 porrecta
1502 908 1704 961 virtute
1731 906 1800 960 da
1830 907 1960 960 mihi
2004 907 2088 976 jan

2219 921 2333 971 νου,
2365 911 2456 962 τὸν
2488 911 2618 982 ἐμὸν
2661 913 2961 984 πρόδρομον
3016 914 3287 984 Ἰωάννην,
3329 917 3416 968 καὶ
3443 917 3583 970 αὑτὸν
3612 920 3712 973 κατὰ

532 1019 680 1057 nunc
714 1005 971 1065 salutem,
1007 1017 1074 1055 ne
1101 1016 1207 1071 qua
1249 1001 1398 1054 fraus
1453 1008 1544 1052 aut
1598 1000 1721 1052 ulla:
1753 999 1998 1059 insidiae,
2049 999 2086 1050 a‘

2219 1003 2452 1074 γαστρὸς
2481 1004 2580 1074 τῆς
2621 1005 2896 1058 Ἐλισάϐεθ
2925 1007 3369 1078 κυοφορούμενον,
3397 1009 3520 1062 ῶστε
3538 1011 3624 1062 ὑπὸ
3645 1012 3713 1079 τῆς

532 1096 783 1150 adversis
835 1093 1198 1164 potestatibus
1246 1093 1606 1162 malignisque
1656 1092 1982 1161 Spiritibns,
2022 1107 2086 1160 qu

2218 1096 2357 1166 ἐμῆς
2378 1096 2625 1167 θεότητος
2647 1097 2932 1167 κινηθέντα
2963 1100 3249 1170 σκιρτῆσαι
3266 1103 3320 1153 ἐν
3337 1100 3629 1168 ἀγαλλιάσει,
3650 1105 3712 1155 καὶ

530 1189 666 1243 mihi
689 1188 853 1244 etiam
885 1188 940 1242 in
973 1202 1196 1241 accessu
1229 1200 1350 1239 meo
1396 1184 1462 1238 ad
1503 1185 1752 1239 homines
1783 1185 2084 1239 inviderunt

2220 1189 2532 1260 Πνεύματος
2572 1191 2726 1259 ἁγίου
2768 1191 3089 1262 πλησθῆναι.
3141 1193 3352 1246 Τούτων
3398 1190 3482 1247 οὖν
3521 1195 3712 1246 ἁπάντων

532 1282 686 1347 flant,
717 1283 973 1351 quoniam
1015 1280 1071 1335 in
1123 1279 1298 1351 prima
1336 1279 1461 1332 item
1516 1277 1875 1346 conceptione
1909 1287 1963 1331 tu
1998 1294 2086 1332 rur

2217 1281 2500 1355 ἀναφέρων
2529 1283 2625 1355 τὴν
2665 1287 2905 1356 μνήμην,
2947 1288 3040 1340 καί
3061 1287 3150 1340 διὰ
3182 1286 3374 1349 παντὸς
3401 1287 3484 1339 τὸν
3511 1285 3617 1339 Θεόν
3643 1302 3711 1356 μου

532 1387 630 1432 sus
659 1375 805 1446 quod
835 1376 887 1428 in
912 1383 1068 1430 utero
1095 1373 1195 1438 fui,
1227 1371 1587 1426 obumbrasti.
1617 1381 1674 1424 ut
1707 1371 1981 1440 principes
2013 1384 2086 1426 sa!

2216 1378 2309 1429 καὶ
2339 1377 2556 1449 Πατέρα
2591 1396 2690 1448 μου
2725 1380 2831 1451 πρὸ
2859 1381 2966 1432 τῶν
2997 1380 3145 1450 ἐμῶν
3179 1379 3457 1449 ὀφθαλμῶν
3483 1379 3710 1448 τιθέμενῦςι

530 1468 640 1523 culi
673 1467 837 1535 hujus
861 1467 976 1536 ipsa
1001 1466 1067 1521 de
1093 1464 1300 1535 Spiritu
1344 1473 1536 1519 sancto
1570 1472 1624 1518 et
1669 1473 1859 1518 sancta
1891 1461 2078 1533 Virgin

2215 1471 2436 1535 εἰκότως
2468 1472 2560 1525 καὶ
2599 1474 2742 1527 κατὰ
2777 1474 2867 1527 τὸν
2904 1473 3175 1526 ἐνεστῶτα
3216 1461 3308 1526 τού
3347 1472 3641 1543 περιέχοντος
3667 1488 3712 1541 με

531 1557 820 1625 conceptio
859 1556 1068 1610 lateret.
1131 1553 1286 1620 Quod
1329 1569 1463 1609 sane
1498 1553 1688 1622 ingens
1749 1555 2065 1624 mysterium

2155 1617 2184 1638 η
2216 1566 2419 1628 πάθους
2441 1563 2651 1638 καιρὸν,
2683 1567 2793 1628 ὅτε,
2826 1567 2908 1620 σοὶ
2926 1565 3003 1636 τῷ
3035 1565 3212 1638 Πατρὶ
3228 1566 3495 1635 γενόμενος
3515 1565 3709 1633 ὑπήκοος.

529 1655 660 1702 tuus
695 1617 1055 1715 archangelus
1085 1617 1305 1699 Gabriel
1348 1643 1530 1698 Mariae
1561 1617 1846 1705 indicavit,
1880 1644 2071 1699 dicens

2157 1617 2186 1669 Β
2221 1617 2567 1734 (αὐθαίρετος
2596 1665 2690 1717 καὶ
2718 1645 2859 1717 ἐκῶν
2881 1621 3078 1732 γέχονα
3097 1617 3330 1731 σκώληξ,
3353 1617 3441 1712 καὶ
3463 1659 3550 1712 οὐκ

534 1753 558 1791 ι
601 1735 838 1808 Spiritus
870 1744 1094 1790 sanctus
1123 1734 1470 1804 superveniet
1512 1735 1564 1788 in
1594 1742 1645 1788 te
1668 1772 1683 1797 ,
1719 1741 1772 1789 et
1801 1734 1974 1788 'virtus
2025 1737 2084 1788 Al

2218 1769 2335 1818 πος,
2359 1755 2557 1818 ὄνειδος
2579 1755 2881 1827 ἀνθρώπων
2899 1757 2992 1809 καί
3018 1754 3266 1822 ὲξουδένη
3275 1770 3346 1823 μα
3363 1751 3499 1804 λαοῦ·
3526 1750 3633 1802 »καὶ
3650 1747 3711 1800 νῦν

529 1829 729 1885 tissimi
755 1829 1104 1885 obumbrabit
1143 1827 1239 1881 tibi
1278 1827 1319 1880 ⁸.
1361 1847 1378 1879 ι
1433 1826 1596 1898 500
1645 1826 2083 1893 Quemadmodum

2215 1846 2304 1899 ὅτε
2342 1847 2540 1912 πάντες
2577 1850 2622 1901 οἱ
2665 1847 2995 1920 θεωροῦντές
3035 1865 3134 1918 μου
3155 1845 3216 1899 τὸ
3258 1845 3409 1915 σῶμα
3447 1841 3518 1912 τῷ
3557 1838 3711 1910 σταυρῷ

532 1923 699 1993 igitur
729 1929 821 1976 tua
853 1931 1015 1983 tunc,
1051 1921 1142 1991 qui
1179 1935 1239 1975 es
1272 1921 1587 1975 Altissimus
1617 1960 1630 1982 ,
1696 1919 1868 1975 virtus
1919 1935 2004 1974 me
2060 1920 2086 1973 il

2217 1941 2487 2013 προσηλού
2497 1958 2674 2012 μενον,
2693 1919 2978 2013 ἀπο-τρύπα
2987 1957 3061 1993 ιον
3079 1939 3368 2010 ἡγούμενοι
3387 1938 3506 2008 ὁρᾷν
3523 1936 3709 2004 πρᾶγμα,

530 2013 890 2084 concipiendo
911 2013 1290 2076 obumbravit,
1324 2011 1379 2066 in
1415 2012 1679 2084 pariendo
1713 2021 1892 2068 autem
1933 2026 2084 2068 extra

2217 1993 2300 2096 έέε
2310 1993 2485 2101 μυλετή
2494 1993 2650 2102 ρισάν
2664 1993 2674 2005 ⁷
2820 1993 3088 2100 τοσαύτην
3101 1993 3241 2083 'sz
3281 1993 3428 2099 ἐμοῦ.
3451 1993 3636 2097 χλεύην⁷

531 2110 608 2163 tit
637 2108 704 2162 de
733 2116 921 2163 ventre
953 2106 1141 2161 matris
1172 2122 1305 2161 mea:
1329 2147 1344 2166 .
1397 2107 1472 2160 ita
1518 2119 1741 2179 quoque
1797 2125 1908 2164 non
1949 2110 2085 2179 parvi

2214 2121 2511 2194 διασυρμὸν
2535 2105 2908 2194 καταχέοντες,
2930 2123 3007 2186 ὡς
3025 2122 3098 2194 μὴ
3123 2121 3282 2193 μόνον
3303 2123 3357 2173 ἐν
3371 2120 3556 2188 διανοίᾳ
3571 2117 3711 2184 λογίξι·

531 2201 663 2255 mihi
695 2201 850 2255 adest
882 2199 1207 2262 consolatio,
1239 2199 1384 2270 quod
1421 2201 1590 2257 multo
1622 2202 1796 2273 magis
1843 2202 1910 2258 de
1940 2212 2082 2256 mort

2218 2213 2340 2266 σθαι
2373 2214 2460 2268 καὶ
2492 2212 2837 2284 ἐνθυμεῖσθαι
2872 2214 3000 2286 περὶ
3042 2211 3179 2283 ἐμοῦ
3220 2211 3289 2265 τά
3313 2210 3490 2280 ἀσεϐῆ,
3520 2206 3710 2262 ἀλλὰκαὶ

529 2293 606 2348 sis
629 2303 995 2348 extracturus.
1048 2292 1224 2364 Atque
1264 2294 1518 2364 equidem
1582 2296 1685 2350 hoc
1737 2307 1965 2366 sperans
2015 2297 2083 2350 tib

2214 2303 2433 2375 ἀφόϐως
2455 2306 2782 2376 φθέγγεσθαι
2804 2307 2898 2359 καὶ
2919 2308 2974 2358 ἐν
2997 2304 3218 2376 φανερῷ
3233 2303 3422 2357 λαλεῖνο
3453 2324 3467 2352 ι
3489 2300 3709 2370 Ἐλάλησαν

529 2384 771 2442 conlisus
801 2402 942 2452 sum,
975 2385 1067 2456 qui
1109 2401 1264 2440 meus
1301 2384 1442 2440 Deus
1469 2394 1518 2441 et
1551 2385 1815 2442 Dominus
1845 2399 1899 2442 et
1955 2386 2083 2442 Pate

2215 2395 2344 2465 γοῦν
2372 2399 2428 2449 ἐν
2458 2397 2707 2467 χείλεσιν,
2730 2383 2986 2465 ἐκίνησαν
3006 2393 3267 2464 κεφαλὴν,
3299 2391 3542 2458 λέγοντες·
3571 2386 3709 2438 Ἥλπι-

529 2494 589 2535 es
623 2494 636 2532 :
669 2488 722 2535 et
752 2479 994 2536 conlisus
1026 2496 1170 2542 sum,
1218 2495 1327 2534 non
1367 2495 1513 2534 nunc
1553 2481 1786 2551 primum
1816 2481 1868 2535 in
1905 2489 1956 2534 te
1989 2497 2083 2551 spe

2217 2490 2307 2542 σεν
2341 2491 2432 2543 ἐπὶ
2461 2489 2684 2561 Κύριον,
2719 2487 2972 2561 ῥυσάσθω
3008 2487 3202 2541 αὐτόν’
3239 2507 3256 2536 ι
3302 2485 3392 2536 καὶ
3421 2480 3505 2535 νῦν
3532 2477 3632 2548 γοῦν
3650 2478 3708 2530 ὅτι

529 2571 961 2642 rareincipiens.
994 2572 1088 2628 sed
1134 2580 1267 2626 tunc
1320 2587 1535 2642 quoilue
1563 2588 1688 2627 cum
1733 2563 1802 2626 ab
1850 2573 2079 2627 uberibu

2213 2581 2284 2635 τὰ
2317 2581 2542 2635 τοιαῦτά
2588 2599 2653 2652 με
2700 2579 3048 2652 περιέστηκε,
3089 2580 3152 2633 σὲ
3185 2578 3276 2631 τὸν
3305 2574 3507 2644 Πατέρα
3543 2587 3622 2641 μου
3648 2567 3709 2620 τὸν

530 2667 722 2720 matris
773 2681 904 2719 mea:
934 2664 1235 2720 infantilem
1267 2666 1580 2721 alimoniam
1613 2667 1920 2734 accipiens,
1957 2676 2084 2736 puta

2215 2671 2569 2724 ἐπισπάσαντα
2613 2687 2679 2741 με
2713 2671 2775 2722 ἐκ
2797 2668 3032 2740 γαστρὸς
3063 2667 3269 2740 μητρός
3293 2683 3411 2737 μου,
3432 2665 3507 2729 ἐφ’
3531 2661 3577 2714 δν
3593 2661 3705 2730 ἐπ’ιρ-

531 2759 718 2834 barut
751 2759 946 2829 reliqui
983 2759 1265 2814 hominum
1310 2758 1572 2823 infantes,
1608 2759 1959 2830 imperfectus
1991 2775 2085 2814 ess

2217 2762 2380 2834 ῥίφην
2407 2765 2470 2816 ἐκ
2503 2764 2733 2834 μήτρας,
2763 2763 2842 2823 εις
2869 2761 2926 2813 ὃν
2952 2759 3160 2832 ἧλπισα
3189 2759 3295 2812 ἀπὸ
3319 2755 3536 2828 μαστῶν,
3553 2753 3623 2805 τὸν
3646 2749 3707 2801 καὶ

529 2857 582 2904 et
611 2851 817 2920 absque
857 2866 957 2904 usu
992 2849 1241 2904 rationis.
1279 2848 1395 2903 Non
1431 2851 1574 2904 enim
1605 2865 1752 2904 eram
1785 2851 1938 2913 talis,
1988 2851 2083 2905 Iice

2215 2850 2324 2903 ἀπὸ
2379 2851 2616 2922 γαστρὸς
2676 2851 2880 2924 μητρός
2939 2867 3038 2922 μου
3073 2847 3462 2920 γνωριζόμενόν
3506 2861 3604 2915 μοι,
3644 2839 3706 2894 καὶ

530 2942 663 2996 mihi
709 2942 922 2997 caneris
963 2941 1279 2997 hominibus
1337 2942 1514 2998 simile
1553 2950 1700 2997 esset
1731 2957 1954 3012 corpus.
2005 2943 2084 2997 Sel

2149 2951 2184 3010 Ε
2215 2946 2615 3015 γινωσκόμενον
2631 2945 2784 3011 Θεὸν,
2815 2943 3042 2997 ἱκετεύω
3060 2944 3160 2996 καὶ
3177 2939 3432 2995 ἀντιϐολῶ
3451 2937 3516 3009 μὴ
3533 2933 3703 3000 ἀποστῆ-

531 3049 708 3104 neque
735 3034 866 3089 item
891 3035 963 3099 vi,
993 3049 1169 3103 neque
1208 3034 1513 3088 substantia
1549 3034 1824 3104 plerisque
1856 3041 2004 3089 eram
2037 3034 2082 3090 si

2214 3051 2302 3088 ναι
2347 3034 2440 3087 ἀπ’
2480 3033 2636 3105 ἐμοῦ,
2679 3034 2758 3087 ὅτι
2794 3033 2970 3105 θλίψις
2997 3034 3186 3102 ἐγγύς.
3225 3030 3416 3086 Μέλλει
3454 3028 3564 3099 γὰρ,
3598 3022 3703 3092 φησιν

529 3127 698 3190 milis,
732 3141 918 3180 vermn
951 3126 1132 3195 potius
1155 3124 1291 3179 liber
1315 3139 1378 3178 ac
1403 3125 1614 3179 solutus
1643 3133 1901 3194 tanquam
1936 3141 2077 3197 agna

2213 3127 2307 3180 καὶ
2337 3127 2460 3180 ὅσον
2489 3125 2640 3180 ούπω
2679 3128 2932 3197 πάρεστι,
2976 3127 3069 3179 καὶ
3105 3124 3390 3197 πλησιάζει
3435 3121 3615 3189 συνέχον
3637 3114 3703 3183 ἤδη

528 3220 680 3280 tuus,
705 3216 798 3286 qui
832 3215 972 3270 Deus
1011 3229 1092 3274 es.
1123 3229 1247 3267 cum
1279 3214 1349 3268 ab
1393 3212 1485 3266 illa
1526 3229 1697 3283 usque
1748 3220 1908 3267 zelatc
1972 3213 2082 3266 lact

2213 3221 2308 3275 καὶ
2346 3220 2687 3291 ὲπικείμενόν
2745 3237 2833 3291 μοι
2879 3219 2942 3272 τὺ
2983 3219 3204 3272 πάντων
3233 3217 3449 3287 ἔσχατον
3480 3213 3562 3283 τῆς
3586 3211 3704 3276 ὑπερ-

528 3306 791 3368 nutrircr,
816 3305 940 3359 dico
967 3313 1148 3359 autem
1185 3303 1254 3357 ab
1293 3302 1551 3357 uberibus
1582 3301 1774 3356 Illall‘is
1803 3315 1954 3356 mete.
2001 3300 2082 3356 Cm

2212 3311 2510 3383 ϐαλλούσης
2542 3330 2642 3382 μου
2672 3311 2901 3381 θλίψεως
2930 3311 3090 3379 νέφος
3147 3308 3310 3362 Οὔπω
3340 3308 3442 3377 γὰρ
3470 3303 3563 3372 ἐγὼ
3582 3299 3704 3366 θλίψιν

529 3405 704 3452 terum
743 3400 845 3452 hoc
871 3397 1108 3451 nondum
1138 3396 1409 3466 quispiam
1444 3410 1698 3466 magnum
1728 3394 2083 3448 arbitrabitur

2209 3404 2411 3476 ταύτην
2439 3404 2536 3476 τὴν
2562 3403 2657 3457 νῦν
2686 3403 3042 3474 περιέχουσαν
3077 3419 3149 3472 με
3185 3399 3332 3454 καλῶ
3358 3397 3470 3451 οὔτε
3495 3393 3569 3447 τὸν
3596 3405 3704 3443 σταυ-

528 3492 576 3548 si
607 3492 892 3561 intelliget,
922 3489 1378 3562 quemadmodum
1428 3490 1580 3558 prius
1617 3504 1834 3558 quoque
1872 3505 1891 3538 ι
1955 3489 2009 3540 in
2057 3495 2082 3540 ιι

2213 3495 2326 3566 ρὸν,
2366 3494 2487 3548 οὔτε
2526 3497 2651 3557 τοὺς
2698 3496 2755 3561 ἐξ
2799 3492 3100 3564 ἀνθρώπων
3145 3491 3483 3561 ὀνειδισμοὺς,
3520 3485 3618 3538 οὕτε
3639 3479 3705 3541 τάξ

527 3583 806 3654 projectus
845 3599 965 3638 sum
993 3599 1060 3638 ex
1099 3590 1274 3644 utero,
1307 3581 1453 3636 etde
1501 3590 1689 3635 ventre
1738 3581 1927 3634 matris
1976 3596 2081 3634 mea

2211 3586 2424 3658 χλεύας,
2460 3586 2582 3641 οὔτε
2621 3585 2726 3656 μὴν
2758 3586 2828 3639 τὰ
2861 3585 2965 3656 πρὸ
2987 3585 3081 3638 τοῦ
3121 3583 3352 3656 σταυροῦ
3385 3574 3701 3652 συμϐεϐηκότι,

527 3676 673 3734 Deus
707 3694 864 3733 meus
895 3692 954 3732 es
985 3687 1063 3730 tu.
1103 3697 1120 3728 ι
1149 3675 1284 3730 Cum
1317 3678 1460 3730 enim
1495 3674 1674 3728 adlmc
1719 3673 1861 3729 intra
1911 3673 2081 3728 cellan

2207 3680 2307 3743 τὰς
2363 3680 2652 3750 μάστιγας,
2710 3678 2810 3742 τὰς
2866 3677 3070 3749 ὕϐρεις,
3126 3679 3221 3731 καὶ
3273 3679 3369 3730 ὃσα
3399 3675 3515 3730 ἄλλα
3544 3665 3702 3736 inami-

526 3772 792 3842 gestantis
841 3787 926 3826 me
978 3773 1032 3826 in
1088 3779 1243 3824 utero
1275 3771 1540 3832 laterem,
1594 3776 1647 3822 te
1698 3775 1879 3820 tamen
1939 3766 2080 3820 Deun

2209 3789 2378 3844 νησαν
2426 3774 2504 3835 είς
2553 3773 2651 3842 ἐμὲ
2700 3773 2749 3823 οι
2804 3771 2909 3822 υἱοὶ
2959 3769 3068 3823 τῶν
3125 3769 3450 3842 ἀνθρώπων
3490 3761 3600 3817 ἀλλὰ
3631 3755 3701 3825 γὰρ

526 3878 707 3917 meum
734 3861 980 3916 videbam
1014 3872 1275 3931 tanquam
1311 3861 1359 3914 is
1383 3899 1398 3924 ,
1443 3859 1535 3930 qui
1570 3868 1624 3914 et
1679 3855 2002 3911 inconfusus
2054 3872 2080 3910 e

2208 3863 2319 3935 ὁρῶ
2349 3865 2447 3934 τὴν
2490 3865 2568 3926 εἰς
2602 3862 2726 3933 ᾅδου
2763 3862 3061 3915 κατάϐασιν
3104 3860 3510 3932 πλησιάζουσαν,
3539 3849 3701 3907 καὶτῶν

525 3954 956 4024 imperturbatus
1010 3954 1063 4006 in
1113 3961 1262 4006 tanta
1317 3948 1811 4004 communicatione
1857 3962 2079 4017 corpore

2208 3954 2596 4024 ἀντικειμένων
2643 3953 2735 4006 καὶ
2779 3952 2989 4023 ἐχθρῶν
3021 3951 3098 4021 τῷ
3124 3953 3244 4023 Θεῷ
3271 3951 3527 4020 δυνάμεων
3559 3941 3701 3997 ἐπανά-

527 4045 712 4101 oneris
745 4045 1191 4115 permansissem,
1225 4057 1288 4095 ac
1335 4041 1516 4110 potius
1574 4040 1928 4108 incorporeus
1973 4045 2081 4090 tum

2210 4062 2416 4099 στάσιν.
2463 4046 2551 4098 Διὸ
2591 4062 2750 4116 φημιο
2782 4065 2799 4096 ι
2840 4046 2955 4097 Ὂτι
2987 4044 3166 4113 θλίψις
3193 4045 3375 4112 ἐγγὺς,
3405 4043 3477 4094 ὅτι
3505 4033 3700 4090 οὐκέστιν

526 4152 744 4208 quoque
772 4135 992 4200 fuerim,
1026 4143 1079 4190 et
1107 4137 1174 4188 ab
1203 4135 1457 4188 omnibus
1480 4131 1714 4186 vinculis
1751 4130 1905 4184 liber.
1932 4128 2080 4183 Porri

2206 4139 2234 4188 ὁ
2275 4136 2506 4208 βοηθῶν.
2541 4156 2558 4188 ι
2595 4137 2718 4201 Πῶς
2750 4136 2856 4208 γὰρ
2886 4136 2985 4206 οὐχ
3019 4135 3424 4207 ὑπερϐάλλουσα
3448 4128 3506 4202 ἦν
3539 4127 3612 4180 καὶ
3637 4135 3701 4192 μιε

526 4239 706 4284 autem
735 4231 814 4282 sic
849 4246 866 4278 ι
904 4229 957 4280 in
990 4235 1042 4283 te
1079 4226 1352 4296 projectus
1378 4240 1496 4280 sum
1519 4240 1582 4279 ex
1613 4233 1768 4277 utero
1792 4263 1806 4287 ,
1871 4241 1889 4274 ι
1926 4229 1980 4276 et
2024 4222 2080 4276 Sil

2206 4228 2367 4298 γίστη
2398 4226 2573 4295 θλίψις
2602 4224 2740 4295 αὓτη
2772 4225 2973 4294 ἐκείνη,
3003 4224 3061 4275 ἐν
3169 4225 3269 4276 οὐκ
3302 4219 3495 4288 ἐστινρ
3524 4208 3697 4284 βοηθῶνς

531 4337 554 4372 ι
593 4321 658 4375 de
692 4328 881 4374 ventre
931 4321 1121 4373 matris
1157 4333 1288 4372 mea:
1335 4316 1477 4371 Deus
1535 4331 1689 4370 meus
1737 4330 1797 4369 es
1844 4321 1940 4381 tu,
1981 4333 1999 4365 ι
2045 4329 2085 4367 ui

2144 4303 2179 4357 ί)
2221 4319 2277 4371 '0
2307 4319 2404 4389 μὲν
2429 4317 2536 4388 γὰρ
2574 4315 2666 4368 ἐπὶ
2691 4313 2932 4386 σωτηρίᾳ
2965 4313 3073 4366 τῶν
3105 4316 3162 4366 ἐν
3200 4313 3324 4385 ᾅδου
3347 4308 3514 4381 ψυχῶν
3539 4299 3698 4372 παρῄει.

525 4426 701 4466 meam
732 4413 984 4465 virtutem
1009 4425 1133 4463 cum
1169 4409 1344 4462 adhuc
1373 4408 1427 4461 in
1463 4415 1616 4462 ulero
1650 4421 1681 4460 a
1719 4406 1939 4474 Virgine
1973 4420 2079 4460 san!

2208 4413 2273 4466 ἐκ
2316 4411 2541 4483 μακρῶν
2577 4407 2784 4464 αἰώνων
2812 4407 2908 4478 τὴν
2941 4407 3125 4476 ἄφιξιν
3150 4405 3315 4460 αὐτοῦ
3354 4390 3693 4474 περιμενουσῶνι

525 4512 615 4558 cta
650 4511 914 4573 gestarer,
949 4517 1100 4556 meus
1134 4516 1349 4571 quoque
1377 4499 1489 4568 jam
1533 4507 1645 4551 tum
1699 4497 1932 4551 senserit
1967 4512 2079 4566 priet

2208 4506 2301 4560 καὶ
2323 4506 2512 4576 κατῄει
2537 4521 2601 4574 γε
2630 4503 2798 4574 θύρας
2839 4501 3044 4572 χαλκᾶς
3085 4499 3402 4571 συντρίψων,
3428 4494 3508 4548 καὶ
3532 4485 3695 4576 μοχλοὺς

526 4610 722 4652 cursor
751 4593 1014 4656 Joannes,
1039 4593 1132 4663 qui
1162 4594 1323 4646 etiam
1381 4592 1497 4661 ipse
1536 4591 1590 4643 in
1623 4597 1777 4642 utero
1823 4583 2080 4642 Elisabetl

2210 4597 2458 4671 σιδηροῦς
2511 4596 2842 4658 συνθλάσων,
2895 4594 2988 4647 καὶ
3030 4593 3156 4656 τοὺς
3203 4593 3327 4662 πρὶν
3371 4585 3587 4657 δεσμίους
3611 4575 3693 4644 ᾄδω

525 4688 860 4761 gestabatur,
894 4701 1067 4754 usque
1098 4685 1232 4738 adeo
1265 4696 1322 4738 ut
1351 4699 1467 4736 mea
1514 4682 1796 4737 divinitate
1850 4682 2079 4736 concitu:

2207 4692 2521 4763 ἐλευθέρους
2545 4691 2777 4760 ἀνήσων·
2807 4687 2834 4739 ὂ
2861 4688 2954 4740 καὶ
2983 4685 3222 4754 γέγονεν,
3249 4685 3332 4738 ὅτε
3358 4677 3508 4733 πολλὰ
3535 4671 3693 4763 σῶμ-’ξτα

524 4756 886 4838 exsultatione
925 4778 1226 4843 exsilierit,
1282 4785 1336 4830 et
1384 4773 1588 4846 Spiritu
1637 4784 1827 4831 sancto
1863 4776 2078 4845 repletu:

2205 4784 2314 4836 τῶν
2364 4780 2778 4854 κεκοιμημένων
2842 4766 3012 4845 ἁγίων
3069 4775 3369 4829 ἀναστάντα
3430 4756 3693 4854 συνεισῆλξον

524 4874 617 4933 sit.
651 4873 776 4929 Haec
809 4873 974 4943 igitur
1012 4879 1211 4925 cuncta
1247 4871 1314 4925 ad
1356 4869 1672 4923 memoriam
1713 4881 2012 4930 revocans,
2047 4883 2076 4923 e

2207 4875 2357 4947 αὐτῷ
2378 4877 2457 4939 εις
2480 4847 2828 4946 τηννάληθῶς
2853 4870 3016 4938 ἁγίαν
3037 4868 3130 4922 τοῦ
3159 4866 3292 4921 Θεοῦ
3323 4863 3480 4918 πόλινο
3509 4858 3554 4911 αἱ
3575 4852 3617 4905 δὲ
3632 4847 3692 4901 δυ·

523 4968 673 5023 omni
707 4974 951 5037 tempore
981 4963 1148 5020 Deum
1187 4973 1240 5018 et
1271 4962 1486 5017 Patrem
1537 4978 1714 5016 meum
1745 4971 1872 5017 ante
1911 4963 2077 5018 oculo:

2207 4970 2396 5040 νάμεις
2426 4968 2482 5021 αι
2509 4965 2897 5036 ἀντικείμεναι,
2934 4962 3068 5035 πρὸς
3089 4964 3201 5024 τοῖς
3225 4958 3328 5013 τῶν
3359 4949 3690 5040 ἀνθρώπιξνξξ⁸

523 5061 656 5117 mihi
691 5060 1056 5122 constituens,
1089 5057 1280 5112 merito
1310 5066 1362 5110 et
1385 5056 1489 5110 sub
1510 5055 1686 5125 ipsum
1723 5057 1933 5110 instans
1953 5071 2077 5110 com.

2209 5066 2324 5126 κοῖς
2346 5058 2805 5132 ἐπεστρατεύοντο
2829 5055 3000 5126 αὐτῷ,
3033 5053 3210 5122 λύπην
3236 5051 3296 5104 οὐ
3324 5043 3505 5120 μικρὰν
3522 5034 3601 5134 καί
3616 5025 3689 5134 θλξ

525 5153 916 5228 preliendentis
952 5169 1038 5208 me
1070 5151 1346 5223 passionis
1376 5159 1622 5220 tempus,
1653 5164 1778 5204 cum
1822 5150 1918 5204 tibi
1949 5148 2078 5204 Patr

2207 5157 2300 5226 ψιν
2333 5153 2480 5226 αὐτῷ
2516 5127 2870 5226 παρέχουσαι,
2918 5142 3307 5219 ἀποκλαιομένῳ
3337 5139 3421 5193 καὶ
3453 5127 3685 5228 eniam?

523 5206 704 5307 factus
723 5248 1007 5310 obediens,
1027 5206 1219 5317 sponte
1243 5252 1298 5300 et
1315 5244 1501 5300 volens
1523 5241 1750 5300 effectus
1771 5258 1891 5298 sum
1919 5261 1939 5296 ι
1978 5259 2077 5298 τετε

2205 5206 2955 5316 ἐιλθῠὲὲέρέολὴᾷἀῖαθότηέος.
2999 5206 3290 5306 Ἀλὶῖέγάῥ
3313 5232 3476 5300 τήρει,
3495 5219 3590 5317 τινα

524 5346 652 5407 mis,
681 5349 737 5396 et
762 5357 872 5397 non
904 5296 1088 5402 bomor,
1127 5337 1478 5410 opprobrium
1526 5335 1830 5399 hominum,
1859 5343 1914 5391 et
1948 5333 2078 5406 abje

2215 5296 2228 5299 ν
2243 5296 2250 5298 -
2299 5296 2310 5298 ⁷
2333 5296 2418 5316 ν-ῨΙῨ
2443 5296 2450 5297 7
2475 5296 2486 5298 v
2546 5296 2558 5315 ⁸
2653 5296 2664 5311 ⁸
2832 5296 2844 5312 θ
2920 5296 2932 5303 ⁷
3195 5296 3207 5304 π
3259 5296 3270 5306 ι
3367 5296 3393 5300 --
3614 5299 3632 5310 .

2209 5354 2309 5390 πον
2333 5335 2503 5392 ταῦτα
2535 5335 2711 5389 πάντα
2733 5332 2997 5394 λέλεκται,
3021 5329 3095 5393 ὡς
3127 5329 3190 5380 ἐκ
3221 5320 3486 5402 προσώπου
3509 5296 3682 5410 alia"?

523 5435 635 5490 ctio
664 5434 871 5504 populi,
911 5452 930 5485 δ
963 5444 1017 5488 et
1053 5449 1197 5488 nunc
1239 5447 1364 5488 cum
1395 5445 1586 5486 omnes
1613 5443 1794 5484 meum
1819 5430 1972 5484 cruci
2019 5427 2077 5482 af

2210 5427 2393 5498 μήτρᾳ
2425 5419 2872 5497 κυοφορηθέντος,
2919 5421 3012 5474 καὶ
3049 5418 3155 5472 ἀπὸ
3186 5396 3408 5486 γαστρὸς
3434 5396 3600 5476 μητρὸς
3620 5401 3682 5454 τε-

585 5621 610 5654 ³
645 5614 778 5678 Luc.
829 5634 880 5681 ι,
919 5619 1004 5676 55.
