3936 6208
229 271 330 326 777

1142 279 1782 343 DEMONSTliATlONlS
1823 287 2278 347 EVANGELICIE
2321 293 2445 348 LIB.
2490 295 2552 348 Χ.

3345 301 3446 357 778

229 395 580 463 γεννημένου,
609 395 666 447 δν
701 395 1005 466 ὲφάσκομεν
1033 393 1164 451 εἶναι
1196 401 1286 453 τὸν
1314 402 1480 472 ἀμνὸν
1511 403 1603 457 τοῦ
1633 405 1764 458 Θεοῦ

1893 408 2054 462 {inim
2082 425 2280 479 corpus
2313 413 2554 468 videntes
2579 453 2593 472 .
2644 415 2770 468 dum
2805 421 2914 471 rem
2969 426 3018 470 et
3053 418 3355 488 fugiendam
3392 435 3445 478 et

229 483 414 554 Τούτῳ
439 483 546 554 γὰρ
575 486 666 538 καὶ
700 485 982 556 συμϐαίνει
1010 488 1078 541 τὰ
1123 493 1247 561 περί
1288 491 1348 543 τὸ
1379 493 1564 558 πάθος,
1593 495 1668 559 ὼς
1694 500 1786 551 καὶ

225 578 295 634 τὰ
327 582 424 650 τῆς
451 580 714 651 ὲνσάρκου
738 581 999 648 γενέσεως
1022 583 1244 653 ἥρμοζε.
1278 584 1349 636 Τὸ
1377 585 1505 653 γοῦν
1533 588 1786 660 γεννηθὲν

225 672 320 726 καὶ
352 670 715 741 ἀποθνήσκει·
758 671 817 723 τὺ
858 673 912 724 δὲ
956 673 1181 744 θνῆσκον
1219 677 1317 729 οὐκ
1350 677 1518 742 ἄλλως
1557 679 1784 734 θανάτου

223 765 476 834 τυγχάνει
511 764 541 834 ἢ
575 764 831 836 πρότερον
857 764 1074 818 ὁδεῦσαν
1096 767 1182 819 διὰ
1199 769 1479 835 γενέσεως.
1514 773 1672 824 Ταῦτ’
1693 770 1786 826 οὖν

221 855 471 922 διέξεισιν
499 858 527 908 6
559 856 743 926 Emt'hp
770 858 861 909 καὶ
893 856 1093 927 Κύριος
1121 859 1294 928 ἡμῶν,
1325 862 1384 913 οὐ
1418 862 1535 914 καθ’
1565 863 1594 915 ὃ
1619 865 1786 936 ἄσαρ-

223 968 316 1006 κος
352 950 442 1002 καὶ
477 948 760 1019 ἀσώματος
805 950 1034 1019 ὑπάρχει
1083 951 1178 1020 τὴν
1223 951 1400 1018 φύσιν,
1442 953 1562 1006 οὐδὲ
1607 955 1726 1008 καθ’
1755 956 1784 1009 ὃ

219 1040 356 1093 Θεοῦ
385 1040 552 1107 Λόγος
579 1040 670 1091 καὶ
697 1039 826 1101 Θεὸς
854 1040 1163 1101 ἐπινοεῖται,
1204 1041 1336 1093 ἁλλά
1377 1042 1496 1094 καθ’
1521 1044 1550 1096 ὃ
1581 1039 1689 1108 οἷός
1722 1062 1782 1098 τε

217 1127 289 1201 ἦν
329 1131 461 1201 πρὸς
487 1133 577 1183 τὸν
615 1131 830 1201 Πατέρα
857 1132 987 1201 εὐχῇ
1022 1132 1219 1199 λέγειν·
1259 1153 1276 1184 ι
1317 1136 1434 1187 ’Ὀτι
1465 1137 1527 1188 σύ
1563 1132 1614 1188 εἴ
1637 1139 1664 1189 6
1692 1141 1783 1192 ὲκ-

219 1225 432 1288 σπάσσς
462 1241 528 1295 με
559 1227 624 1277 ἐκ
649 1224 897 1294 γαστρὸς,
931 1226 963 1294 ὴ
995 1225 1148 1288 ἐλπίς
1175 1243 1271 1296 μου
1306 1227 1412 1280 ἀπὸ
1441 1229 1660 1298 μαστῶν
1684 1231 1782 1302 τῆς

218 1319 424 1390 μητρός
452 1335 567 1388 μου.
615 1318 737 1371 Ἐπὶ
769 1319 826 1370 σὲ
864 1319 1165 1389 ὲπερῤίφην
1197 1321 1258 1371 ἐκ
1303 1321 1532 1390 μήτρας,
1557 1322 1662 1374 ἀπὸ
1682 1340 1781 1390 γα-

216 1411 379 1481 στρὸς
423 1410 624 1480 μητρός
671 1427 770 1480 μου
810 1410 940 1473 Θεός
977 1427 1076 1480 μου
1113 1407 1160 1463 εἷ
1200 1412 1282 1464 σύ.
1316 1431 1332 1461 ι
1377 1406 1544 1478 Οὗτος
1572 1415 1634 1485 δὴ
1665 1412 1776 1479 οὖν,

214 1501 352 1572 πρὸς
381 1500 457 1570 τῷ
481 1501 637 1553 πάθει
667 1501 922 1569 γεγονὼς,
950 1501 1162 1572 εὔχεται
1191 1503 1257 1555 τά
1285 1505 1615 1575 προκείμενα
1646 1509 1780 1578 πρδς

213 1595 307 1647 τὸν
327 1595 558 1662 Πατέρα,
583 1596 675 1646 καὶ
700 1594 985 1657 τοσούτων,
1016 1597 1166 1664 φησὶ,
1195 1597 1491 1665 μελλόντων
1529 1616 1592 1668 με
1625 1617 1779 1672 περι-

214 1687 501 1758 στήσεσθαι
525 1689 906 1758 ἀντικειμένων
929 1690 1232 1758 ἐνεργειῶν,
1257 1692 1347 1744 καί
1364 1692 1630 1762 δαιμόνων
1651 1695 1778 1748 ἀκα-

211 1777 446 1849 θάρτων,
474 1782 564 1832 καὶ
585 1780 967 1850 πνευματικῶν
994 1783 1274 1851 πονηρίας,
1304 1786 1394 1836 καὶ
1416 1785 1505 1836 ἐπὶ
1529 1787 1657 1838 πᾶσι
1685 1786 1777 1839 τοῦ

211 1871 427 1924 πάντων
458 1872 744 1942 χειρίστου,
780 1871 941 1924 αὐτοῦ
963 1871 1024 1942 δὴ
1056 1873 1147 1924 τοῦ
1179 1874 1434 1944 ἄρχοντος
1465 1877 1557 1928 τοῦ
1589 1877 1779 1941 αἰῶνος

208 1963 397 2016 τούτου
422 1963 534 2034 (οὓς
565 1963 666 2032 τῆς
702 1965 894 2027 κακίας
925 1965 1076 2017 ἓνεκε
1100 1965 1267 2036 θῆρας
1291 1969 1556 2038 πονηροὺς
1581 1970 1777 2040 ὀνομά-

207 2056 324 2120 ζειν
358 2056 524 2122 ἄξιον,
565 2058 656 2109 καὶ
687 2059 806 2127 ἦτοι
834 2057 1066 2127 ταύρους
1100 2059 1341 2129 ἀγρίους,
1382 2059 1413 2130 ἣ
1461 2061 1714 2130 μόσχους,
1744 2063 1776 2131 ἢ

205 2147 510 2218 λέοντας,ἢ
554 2149 758 2218 κύνας),
807 2149 1012 2218 μέλλων
1060 2167 1118 2202 τε
1168 2151 1302 2221 πρὸς
1341 2151 1584 2215 ἅπαντας
1627 2154 1778 2206 ἵστα-α

208 2237 355 2303 σθαι,
409 2240 502 2292 καὶ
547 2239 708 2309 μηδὲν
752 2241 952 2308 ἀγαθὸν
1010 2244 1086 2306 εἰς
1136 2243 1329 2306 αὐτοὺς
1381 2245 1640 2315 ἐνεργεῖν,
1702 2236 1778 2315 τῷ

209 2331 379 2400 μηδὲν
424 2332 819 2403 παραδέχεσθαι
874 2335 1067 2398 αὐτοὺς
1117 2334 1223 2387 τῶν
1268 2335 1413 2405 ἐμῶν
1457 2336 1673 2404 ἀγαθῶν
1712 2336 1775 2389 δι’

205 2420 384 2491 ἄκραν
407 2422 599 2484 κακίας
623 2421 754 2486 ἕξιν,
786 2424 919 2476 ἀλλά
956 2425 1087 2494 μηδὲ
1125 2425 1317 2495 βοηθοῦ
1353 2427 1486 2497 μηδὲ
1515 2429 1774 2497 συνεργοῦ

204 2515 490 2582 τυγχάνων
516 2515 658 2577 τινὸς
687 2515 798 2568 τῶν
825 2518 1256 2588 προειρημένων,
1289 2521 1366 2581 εἰς
1395 2519 1484 2570 τὸν
1503 2521 1640 2590 ὑπὲρ
1670 2520 1776 2573 τῶν

202 2606 264 2659 ἑν
295 2605 420 2676 ᾅδου
455 2605 639 2675 ψυχῶν
684 2602 872 2670 ἆθλον,
924 2607 1039 2670 πῶς
1079 2610 1177 2661 οὐκ
1211 2608 1274 2662 ἂν
1301 2609 1532 2678 εὐλόγως
1567 2612 1772 2683 εἴποιμ’

203 2718 224 2750 ι
272 2700 394 2752 Ὀτι
423 2697 598 2768 θλίψις
637 2701 822 2768 ἐγγὺς,
869 2701 949 2752 ὅτι
981 2702 1080 2753 οὐκ
1125 2701 1270 2754 ἔστιν
1303 2703 1330 2753 6
1362 2702 1603 2772 βοηθῶν;
1637 2725 1654 2756 ι
1704 2705 1776 2758 T6

197 2792 312 2863 μὲν
355 2787 447 2845 οὖν
484 2792 580 2856 τὰς
612 2794 852 2864 πονηρὰς
883 2794 976 2846 καὶ
1005 2792 1378 2864 ἀντικειμένας
1413 2795 1670 2865 δυνάμεις
1699 2797 1772 2867 μὴ

195 2888 485 2955 συνεργεῖν
519 2885 663 2957 αὐτῷ
687 2886 818 2957 μηδὲ
847 2886 1058 2956 βοηθεῖν
1092 2888 1176 2939 ἐπ’
1198 2887 1396 2955 ἀγαθὸν
1417 2889 1584 2959 αὐτῷ,
1624 2890 1774 2960 νομί-

195 2976 393 3048 ζομεν,
427 2979 506 3031 ὅτι
539 2979 687 3032 οὐδὲν
729 2974 798 3048 ἦν
830 2977 1168 3049 θαυμαστόν·
1202 2981 1262 3033 τὸ
1288 2980 1342 3034 δὲ
1373 2981 1586 3035 πάντων
1623 2983 1774 3052 μέγι-

1890 501 2186 555 ominosam
2216 514 2406 571 putant
2439 520 2497 560 se
2543 506 2754 570 videre,
2803 524 2887 563 me
2938 509 3442 577 subsanmiverunt.

1889 599 2092 644 tantum
2116 593 2400 648 adversum
2445 611 2530 650 me
2572 597 2863 658 irrisiOnis,
2903 608 3219 670 tantumque
3266 604 3446 658 detra—

1887 684 2396 752 ctionisjactantes,
2432 696 2487 740 ut
2528 689 2594 744 de
2650 705 2734 744 me
2765 707 2870 746 non
2927 693 3086 746 modo
3144 697 3443 765 cogit::ntes

1884 779 2342 833 ratiocinarentur
2394 781 2682 852 animoque
2716 795 2993 838 versarent
3051 787 3254 841 nefaria
3286 829 3300 851 .
3349 792 3442 844 sed

1885 865 2150 936 intrepide
2169 885 2381 938 quoque
2411 871 2760 941 loquerentur
2783 881 2834 928 et
2859 875 3032 944 palam
3075 864 3442 943 enuntiarent,

1889 975 1908 1006 ι
1929 959 2188 1026 siquidem
2214 962 2372 1014 locuti
2394 971 2516 1016 sunt
2532 963 2686 1016 labiis
2701 974 3045 1019 etmoverunt
3061 976 3239 1035 caput.
3259 969 3440 1024 dicen-

1882 1055 1996 1103 tes:
2027 1050 2178 1120 501
2205 1051 2776 1122 SperavitinDomino,
2795 1056 2988 1126 eripiat
3005 1073 3182 1120 οιιιιι,›
3219 1067 3270 1112 et.
3300 1078 3442 1116 nunc

1883 1141 2065 1208 igitur.
2101 1153 2156 1195 ut
2188 1143 2454 1207 dicebam,
2491 1161 2611 1198 cum
2645 1148 2766 1199 talia
2810 1163 2896 1200 me
2941 1150 3440 1212 circmnsteterunt.

1882 1239 1934 1283 te
1962 1229 2174 1283 Patrem
2207 1247 2404 1294 meum.
2439 1234 2528 1302 qui
2565 1233 2849 1289 extraxisti
2880 1252 2962 1290 me
3003 1237 3069 1291 de
3097 1251 3282 1294 ventre
3331 1259 3444 1295 ma-

1879 1321 1980 1374 tris
2011 1336 2160 1384 mea),
2191 1322 2242 1376 in
2276 1339 2434 1392 quem
2466 1326 2743 1395 projectus
2774 1344 2892 1382 sum
2937 1345 3002 1384 ex
3038 1339 3212 1389 utero.
3248 1331 3301 1385 in
3331 1348 3442 1402 quo

1881 1413 2096 1481 Speravi
2156 1413 2223 1467 ab
2263 1415 2544 1480 uberibus,
2589 1419 2680 1486 qui
2728 1421 2886 1473 etiam
2924 1421 2990 1475 de
3031 1430 3218 1476 ventre
3252 1426 3442 1482 matris

1879 1520 2014 1559 mea:
2043 1507 2257 1574 agnitus
2290 1524 2348 1561 es
2382 1509 2532 1570 mibi.
2569 1519 2621 1562 et
2663 1510 2882 1564 interim
2929 1516 3240 1583 agnosceris
3273 1516 3435 1581 Deus,

1880 1603 2102 1668 supplex
2135 1615 2229 1652 oro
2257 1616 2319 1653 ac
2353 1616 2543 1672 precor
2583 1614 2600 1652 ι
2629 1619 2694 1660 ne
2723 1604 2944 1660 recedas
2970 1620 2999 1657 a
3043 1622 3146 1670 me,
3183 1609 3439 1677 quoniam

1881 1692 1933 1744 in
1975 1697 2220 1761 proximo
2268 1703 2352 1750 est
2383 1695 2654 1750 aﬂlictio.»
2711 1694 2871 1751 Venit
2912 1697 3077 1762 enim,
3133 1699 3330 1769 inquit.
3385 1709 3439 1755 et

1883 1792 2083 1849 quanta
2132 1783 2369 1837 nondum
2417 1785 2665 1846 antehac.
2734 1785 2886 1840 adest
2937 1795 3099 1855 atque
3147 1790 3440 1858 appropin-

1881 1884 2030 1943 quat,
2063 1891 2181 1943 qua:
2213 1876 2621 1944 comprehendit
2656 1877 2789 1944 jam,
2825 1889 2876 1931 et
2905 1879 3033 1930 mihi
3067 1879 3234 1932 instat
3260 1888 3439 1934 extre-

1882 1983 1968 2019 ma
2022 1967 2261 2019 oumium
2321 1969 2624 2022 immodica:
2685 1981 2818 2023 meae
2882 1968 3186 2024 aﬂlictionis
3241 1974 3436 2030 nubes.

1879 2055 2063 2126 Neque
2093 2059 2235 2112 enim
2282 2073 2379 2129 ego
2436 2075 2531 2129 per
2577 2058 2917 2114 atﬂictionem
2949 2061 3090 2114 banc
3143 2075 3262 2131 qum
3295 2079 3437 2118 nunc

1879 2162 1965 2200 me
2023 2148 2357 2210 circumstat.
2414 2164 2628 2203 crucem
2706 2150 2876 2218 ipsam
2939 2151 3200 2220 intelligo.
3262 2168 3438 2223 neque

1878 2237 2075 2306 prebra
2110 2255 2174 2292 ex
2208 2240 2538 2302 hominibus.
2582 2256 2758 2310 neque
2805 2241 3056 2304 ludibria.
3106 2258 3279 2312 neque
3308 2259 3437 2296 vero

1879 2346 1941 2385 ea
1971 2345 2088 2399 qua:
2113 2342 2235 2385 ante
2261 2347 2476 2386 crucem
2510 2332 2641 2384 mibi
2672 2331 3008 2396 acciderunt,
3033 2332 3262 2403 ﬂagella.
3301 2351 3436 2388 con—
3517 2387 3520 2390 Α

1875 2423 2128 2476 tinnelias
2159 2431 2212 2476 et
2265 2423 2378 2476 alia
2419 2433 2757 2491 quaecunque
2804 2421 3118 2476 debaccltati
3149 2433 3273 2477 sunt
3304 2440 3436 2480 con-

1875 2523 1960 2566 tra
1985 2531 2067 2568 me
2105 2514 2194 2567 lilii
2241 2514 2542 2578 hominum,
2599 2515 2694 2568 sed
2744 2515 2899 2568 video
2940 2525 3061 2584 post
3107 2517 3433 2571 solutionem

1875 2605 2120 2670 corporis
2154 2604 2205 2655 in
2239 2604 2353 2672 ipsa
2381 2612 2555 2657 morte
2603 2611 2655 2656 et
2687 2603 2753 2656 ad
2790 2603 2994 2658 inferos
3027 2603 3293 2659 descensu
3339 2621 3434 2676 ap-

1875 2695 2321 2764 propinquantem
2375 2696 2808 2750 adversariarum
2852 2706 2904 2749 et
2936 2695 3278 2749 inimicarnm
3325 2697 3434 2752 Deo

1875 2792 2204 2852 potestatum
2255 2785 2572 2839 insolentem
2608 2785 2889 2855 impetum.
2943 2786 3284 2857 Quapropter
3311 2787 3433 2842 dico

1873 2876 2214 2932 amictionem
2263 2879 2313 2930 iu
2357 2878 2600 2946 proximo
2633 2893 2775 2941 esse,
2842 2896 2859 2928 ι
2889 2881 3145 2949 quoniam
3187 2897 3292 2933 non
3348 2892 3433 2936 est

1875 2969 1965 3037 qui
2007 2970 2241 3035 adjuvet.
2278 2987 2296 3017 ›
2323 2967 2428 3032 Qui
2454 2971 2595 3025 enim
2629 2968 2742 3022 ﬁeri
2776 2977 2972 3038 potest.
3008 2978 3066 3023 ut
3096 2987 3201 3024 non
3249 2971 3436 3026 immo-

193 3083 333 3124 στον
357 3070 456 3139 τῆς
486 3070 712 3139 θλίψεως
743 3071 840 3140 τῆς
882 3070 1110 3140 μάλιστα
1150 3070 1439 3142 πιεζούσης
1478 3073 1638 3126 αὐτὸν
1666 3072 1771 3124 τόδ’

1877 3057 1998 3110 dica
2036 3067 2089 3109 et
2139 3059 2370 3110 inaxima
2423 3060 2538 3126 ipsa
2595 3060 2683 3112 itla
2733 3060 2896 3115 fuerit
2939 3061 3175 3121 afﬂictio.
3229 3065 3282 3117 in
3323 3082 3431 3135 qua

190 3159 270 3236 ἦν
295 3163 420 3232 ἄρα,
443 3163 503 3215 τὸ
533 3164 734 3233 μηδένα
757 3163 891 3232 μηδὲ
917 3163 1022 3215 τῶν
1042 3165 1231 3216 αἰσίων
1261 3166 1352 3217 καὶ
1393 3164 1579 3228 δεξιῶν
1609 3165 1772 3232 ἀγγέ-

191 3257 332 3319 λων,
394 3256 525 3326 μηδὲ
579 3257 684 3326 μὴν
739 3254 846 3308 τῶν
884 3255 1041 3308 θείων
1081 3256 1380 3326 δυνάμεων,
1422 3257 1622 3327 τολμᾷν
1652 3260 1770 3309 ἐπι-

189 3345 407 3399 εαίνειν
439 3348 548 3408 τοῖς
577 3344 669 3396 τοῦ
710 3345 935 3398 θανάτου
970 3344 1273 3414 βασιλείοις,
1323 3345 1452 3416 μηδὲ
1495 3349 1770 3416 συνεργεῖν

188 3439 295 3490 ἐπὶ
346 3436 568 3508 βοηθείᾳ
614 3437 722 3489 τῶν
774 3435 957 3489 αὐτόθι
1006 3436 1209 3506 ψυχῶν.
1264 3437 1424 3506 Μόνῳ
1473 3436 1580 3508 γὰρ
1625 3437 1770 3508 αὐτῷ

185 3527 346 3580 τοῦτ’
375 3529 608 3599 ἀτρεμὲς
632 3524 721 3600 ἦν,
759 3528 879 3580 ἐπεὶ
921 3528 1014 3580 καὶ
1048 3528 1188 3598 μόνῳ
1217 3527 1561 3599 ἠνεῴχθησαν
1612 3530 1769 3583 πύλαι

186 3619 455 3683 θανάτου,
485 3622 577 3673 καὶ
610 3621 766 3690 μόνον
788 3620 948 3672 αὐτὸν
971 3620 1205 3691 πυλωροὶ
1233 3620 1361 3690 ᾅδου
1392 3621 1584 3684 ἰδόντες
1610 3622 1772 3692 ἔπτη-

187 3709 320 3774 ξαν,
355 3709 515 3772 αὐτός
551 3727 609 3761 τε
634 3713 662 3762 6
689 3711 749 3762 τὸ
785 3711 983 3780 κράτος
1025 3710 1160 3780 ἔχων
1191 3709 1286 3763 τοῦ
1323 3710 1570 3774 θανάτου,
1604 3713 1771 3765 ὑπεκ-

188 3801 332 3862 στὰς
350 3798 460 3851 τῶν
482 3799 763 3869 βασιλείων
792 3799 1015 3872 θρόνων,
1039 3799 1132 3852 ἆτε
1160 3800 1316 3869 μόνον
1337 3800 1496 3853 αὐτὸν
1519 3801 1770 3866 ἐπιγνοὺς

188 3891 399 3946 ἑαυτοῦ
430 3891 654 3960 Κύριον,
699 3891 956 3961 ἐλάλησεν
990 3891 1136 3960 αὐτῷ
1175 3891 1353 3961 δεήσει
1397 3891 1491 3944 καὶ
1526 3890 1772 3961 ἱκετηρία

190 3984 480 4057 μαλακῶς,
499 3983 638 4036 κατά
651 3983 718 4035 τὰ
737 3984 896 4054 δηλού
906 4002 1038 4053 μενα
1068 3983 1220 4054 ἐντῷ
1257 3983 1375 4036 Ἰὼϐ
1401 3983 1525 4054 περὶ
1546 3983 1767 4036 τούτων.

186 4076 350 4146 Πλὴν
379 4075 510 4127 ἀλλά
541 4076 640 4146 τὴν
672 4076 842 4146 ἀσεϐῆ
885 4075 978 4128 τοῦ
1006 4075 1266 4146 τυράννου
1314 4073 1770 4128 καταδυναστείαν

181 4167 452 4222 τοσοῦτον
495 4169 636 4239 ὀρῶν
679 4167 982 4238 ἰσχύουσαν,
1021 4169 1094 4230 ὼς
1139 4167 1337 4238 μηδένα
1379 4167 1536 4221 ἄλλον
1568 4166 1770 4236 τολμᾷν

183 4260 308 4315 τῶν
335 4261 455 4314 κατ’
481 4260 704 4329 οὐρανὸν
733 4262 790 4313 ἐν
813 4263 924 4322 τοῖς
954 4259 1136 4313 αὐτόθι
1165 4260 1380 4332 χωρίοις
1406 4261 1768 4329 συμπαρεῖναι

186 4353 370 4424 αὐτῷ,
406 4355 498 4407 καὶ
525 4357 590 4424 τῇ
622 4352 728 4406 τῶν
758 4353 941 4406 αὐτόθι
973 4352 1156 4423 ψυχῶν
1191 4348 1469 4421 συνεργεῖν
1505 4350 1765 4422 σωτηρίᾳ,

1875 3163 1981 3199 non
2017 3147 2177 3199 fuerit
2215 3149 2304 3214 qui
2342 3148 2624 3212 adjuvaret
2649 3151 2672 3202 ?
2696 3151 2784 3205 ille
2811 3154 2952 3205 enim
2986 3169 3083 3222 pro
3107 3169 3292 3209 earnm
3320 3159 3431 3210 ani-

1872 3255 2080 3291 marum
2109 3239 2282 3292 salute
2317 3241 2626 3302 accedebat,
2661 3258 2779 3311 qme
2806 3245 2946 3313 apud
2983 3246 3186 3301 inferos
3209 3264 3270 3302 ex
3308 3251 3426 3302 lon-

1871 3332 2092 3400 gissimo
2149 3341 2388 3402 tempore
2441 3334 2730 3388 adventum
2788 3336 2908 3404 ejus
2938 3340 3340 3408 eXSpeetabant,
3377 3349 3432 3394 et

1871 3423 2232 3478 descendebat
2290 3424 2436 3482 fores
2489 3445 2658 3485 :rreas
2697 3430 3052 3492 contriturus.
3078 3441 3130 3485 et
3155 3442 3335 3488 vectes
3358 3450 3432 3487 ze-

1874 3529 1995 3570 re‘os
2021 3517 2424 3582 contracturus,
2458 3532 2508 3574 et
2532 3537 2646 3583 eos,
2671 3521 2762 3590 qui
2782 3530 2938 3574 antea
2959 3526 3117 3579 vincti
3137 3527 3274 3594 apud
3299 3527 3432 3582 inl'e-

1871 3625 1960 3661 ros
1990 3616 2164 3670 erant,
2198 3611 2250 3662 in
2285 3611 2583 3666 libertatem
2625 3613 3020 3676 vindicaturus,
3073 3615 3216 3683 quod
3251 3618 3426 3686 ipsum

1871 3702 2032 3755 etiam
2094 3705 2292 3756 factum
2331 3712 2433 3765 est.
2465 3703 2682 3773 quando
2729 3706 2897 3758 multa
2948 3721 3177 3775 corpora
3235 3726 3426 3764 eorum

1871 3795 1960 3862 qui
2011 3793 2344 3848 dormieratzt
2397 3805 2710 3851 sanctorum
2761 3799 3062 3865 surgentia.
3103 3802 3257 3854 simul
3302 3819 3426 3856 cum

1870 3901 1935 3939 eo
1969 3887 2210 3955 ingressa
2253 3895 2380 3942 sunt
2431 3887 2485 3941 in
2539 3904 2660 3942 vere
2700 3897 2943 3944 sanctam
2991 3889 3082 3944 Dei
3129 3891 3424 3958 civitatem.

1873 3980 2223 4034 adversantes
2253 3995 2378 4034 vero
2402 3987 2696 4049 potestates
2722 3989 2778 4034 ut
2807 3980 3118 4036 hominibus
3143 3991 3424 4044 nocerent.

1869 4083 2055 4124 contra
2113 4072 2262 4124 illum
2299 4071 2451 4141 quasi
2510 4071 2562 4124 in
2599 4071 2715 4126 acie
2774 4073 3084 4135 veniebant.
3134 4088 3424 4131 mmrorem

1869 4176 1976 4214 non
2007 4177 2226 4230 parvum
2257 4169 2418 4229 atque
2437 4159 2780 4231 aluit-tionem
2801 4163 2872 4213 illi
2897 4161 3206 4226 aﬂ'erentes,
3227 4165 3428 4233 quippe

1870 4251 1960 4320 qui
2002 4251 2163 4303 etiam
2212 4251 2331 4303 illas
2385 4249 2547 4302 nimia
2592 4249 2833 4302 bonitate
2869 4248 3109 4304 deﬁeret.
3159 4249 3425 4305 Caeterum

1871 4344 2088 4396 attende
2140 4357 2432 4411 quemnam
2483 4341 2537 4394 in
2585 4342 2805 4394 modum
2869 4350 3066 4395 cuncta
3123 4343 3236 4396 inec
3280 4343 3426 4396 dicta

185 4447 426 4510 εἰκότως
463 4447 644 4516 φησίν·
682 4466 700 4496 ‹
745 4447 865 4499 Ὅτι
897 4445 1070 4514 θλίψις
1097 4446 1281 4512 ἐγγυς,
1312 4445 1391 4496 δτι
1427 4445 1526 4497 οὐκ
1558 4444 1700 4496 ἔστιν
1738 4443 1766 4494 ὁ

1875 4437 2000 4500 sint,
2035 4435 2189 4504 quasi
2218 4450 2282 4488 ex
2323 4450 2552 4504 persona
2586 4433 2704 4501 ejus
2735 4433 2825 4504 qui
2851 4437 2904 4488 in
2925 4445 3094 4490 utero
3137 4436 3202 4489 sit
3248 4445 3428 4505 gesta-

187 4536 432 4607 βοηθῶν,
458 4557 476 4588 ι
502 4538 616 4600 ἑνὸς
644 4537 804 4606 μόνου
830 4534 922 4588 τοῦ
951 4537 1167 4588 κάκεῖσε
1204 4534 1414 4606 βοηθεῖν
1437 4533 1582 4604 αὐτῷ
1610 4533 1767 4586 δυνα-

189 4631 390 4702 μένου,
423 4629 866 4691 καταλελοιπότος
894 4629 1074 4690 αὐτὸν,
1107 4628 1180 4690 ὡς
1203 4627 1267 4680 ἂν
1290 4630 1366 4690 εἰς
1398 4627 1603 4689 πάντας
1633 4627 1765 4678 ἀνα-

185 4719 498 4793 κηρυχθείη
539 4720 597 4773 τὸ
641 4719 887 4792 λαμπρὸν
928 4720 1020 4774 καὶ
1058 4717 1326 4792 ἐξαίρετον
1359 4719 1456 4788 τῆς
1495 4717 1627 4779 ἰδίας
1667 4716 1764 4769 αὐ-

182 4812 293 4868 τοῦ
329 4813 715 4882 προαιρέσεως,
762 4812 861 4882 τῆς
906 4829 965 4864 τε
1012 4812 1150 4865 κατά
1199 4811 1413 4864 πάντων
1453 4809 1626 4880 νίκης.
1658 4808 1767 4862 Kal.

187 4904 498 4973 ἐπειδήπερ
550 4905 578 4954 ὁ
634 4903 790 4972 μόνος
848 4900 997 4970 αὐτῷ
1046 4901 1254 4971 βοηθεῖν
1313 4901 1606 4970 δυνάμενος
1669 4901 1767 4952 οὐκ

183 4995 266 5068 ἦν
305 4995 455 5065 αὐτῷ
495 4995 613 5047 τότε
662 4993 871 5064 βοηθὸς,
916 4992 1138 5056 εἰκότως
1174 4993 1468 5063 ἀρχόμενος
1500 4991 1649 5059 ἔλεγε
1683 4991 1764 5053 τὸ,

195 5111 219 5140 α
248 5089 436 5149 Ἠλεὶ,
501 5087 679 5150 Ἠλεὶ,
739 5086 932 5156 λαμμᾶ
989 5084 1366 5156 casulam,»
1423 5083 1565 5136 τοῦτ’
1616 5084 1761 5136 ἐστι·

194 5202 222 5234 σ
249 5181 356 5236 Θεέ
389 5198 518 5252 μου,
559 5180 660 5234 Θεέ
691 5197 827 5251 μου,
862 5180 950 5233 ἵνα
973 5177 1024 5232 τί
1061 5177 1409 5247 ἐγκατέλιπές
1457 5193 1554 5247 με;
1583 5196 1598 5226 ι
1638 5175 1766 5230 συλ-

188 5270 595 5343 λαμεανομένῳ
657 5269 756 5340 μὲν
800 5263 1036 5322 οὗν.καὶ
1079 5266 1495 5338 κυοφορουμένῳ
1533 5266 1637 5320 ὐπὸ
1666 5266 1766 5334 τῆς

191 5364 370 5433 ἁγίας
415 5362 688 5436 Παρθένου
727 5360 806 5431 τῷ
840 5360 1146 5432 δηλουμένῳ
1184 5363 1218 5432 ἡ
1272 5358 1508 5431 πατρικὴ
1541 5358 1768 5430 δύναμις

195 5458 374 5526 συνῆν
396 5497 411 5518 ,
461 5456 548 5509 ὅτε
585 5451 810 5523 Πνεῦμα
844 5452 995 5520 ἆγιον
1024 5451 1223 5521 ἐπῆλθε
1250 5454 1314 5522 τῇ
1348 5449 1634 5521 Παρθένῳ,
1673 5449 1765 5502 καὶ

190 5546 428 5618 δύναμις
472 5547 724 5617 Ὑψίστου
755 5546 1078 5599 ἐπεσκίασεν
1115 5544 1282 5614 αὐτῇ,
1318 5541 1477 5606 αὐτός
1503 5553 1561 5594 τε
1598 5541 1627 5594 6
1651 5542 1764 5595 Πα-

192 5640 313 5712 τὴρ
338 5643 428 5694 τδν
457 5639 790 5712 γεννώμενον
811 5681 826 5705 ,
860 5640 934 5704 ὡς
980 5640 1008 5692 6
1049 5637 1203 5705 λόγος
1243 5635 1578 5707 παρέστησεν
1598 5677 1613 5694 ,
1661 5635 1768 5688 ἀπὸ

194 5734 306 5800 τῆς
343 5734 572 5804 γαστρὸς
606 5733 898 5798 ἐξέσπασεν
922 5746 935 5759 ’
999 5726 1359 5797 ἀποδυομένου
1398 5725 1453 5773 δὲ
1485 5723 1635 5793 παρὰ
1674 5723 1766 5775 τὸν

522 5833 786 5892 Parnm.
832 5828 948 5887 Gn.
983 5828 1032 5886 Χ
1047 5825 1185 5892 Χιι.

1869 4535 1974 4592 tus,
2009 4528 2151 4582 etde
2179 4535 2366 4580 ventre
2399 4526 2589 4579 matris
2617 4535 2797 4590 natus,
2829 4536 2882 4581 et
2915 4543 3076 4595 quem
3109 4526 3426 4581 dicebamus

1867 4635 1990 4674 esse
2038 4620 2247 4686 Agnum
2301 4616 2414 4672 Dei.
2474 4617 2611 4672 Huic
2643 4620 2785 4672 enim
2843 4620 2946 4687 ipsi
3000 4619 3071 4671 ita
3113 4618 3429 4672 acciderunt

1867 4727 1987 4779 qua:
2035 4711 2099 4762 ad
2143 4709 2450 4780 passionem
2497 4718 2768 4780 spectant.
2811 4709 3265 4780 quemadmodum
3308 4723 3428 4776 qua;

1869 4801 1935 4854 ad
1970 4809 2148 4855 ortum
2184 4801 2238 4854 in
2278 4816 2506 4870 corpore
2539 4801 2969 4856 conveniebant:
3007 4815 3131 4852 nam
3161 4798 3302 4866 quod
3327 4811 3421 4850 or-

1869 4901 1980 4948 tum
2015 4900 2118 4955 est.
2163 4893 2214 4945 id
2246 4893 2406 4946 etiam
2446 4893 2688 4958 occidit;
2720 4891 2862 4962 quod
2896 4905 3022 4944 vero
3051 4889 3271 4951 occidit,
3317 4903 3425 4943 non

1869 4983 2004 5035 alias
2035 4988 2264 5035 mortem
2309 4982 2595 5049 contingit,
2651 4995 2814 5051 quam
2862 4980 2906 5035 si
2940 4979 3091 5049 prius
3121 4993 3216 5046 per
3246 4985 3425 5031 ortum

1870 5074 2174 5144 ingressum
2214 5074 2305 5127 sit.
2355 5073 2477 5127 llaec
2508 5073 2672 5144 igitur
2703 5073 2926 5142 exponit
2955 5072 3204 5125 Salvator
3231 5083 3294 5123 ac
3322 5067 3428 5122 Do-

1867 5169 2052 5222 minus
2090 5171 2296 5228 n’oster,
2334 5182 2440 5220 non
2479 5177 2746 5236 quatenus
2778 5172 2831 5220 et
2862 5163 3044 5218 carnis
3089 5171 3142 5217 et
3183 5163 3428 5228 corporis

1868 5275 2062 5330 expers
2107 5269 2224 5314 erat
2277 5269 2494 5321 natura.
2530 5276 2703 5330 neque
2743 5267 3012 5330 quatenus
3058 5255 3152 5312 Dei
3191 5252 3426 5310 Verbum

1869 5352 2120 5425 Deusqne
2174 5353 2290 5422 ipse
2347 5353 2680 5415 intelligitur,
2726 5351 2818 5406 sed
2879 5359 3151 5420 quatenus
3194 5347 3427 5401 idoneus

1867 5451 1986 5498 erat
2014 5445 2066 5497 in
2097 5444 2344 5497 oratione
2369 5442 2434 5496 ad
2465 5441 2674 5497 Patrem
2705 5442 2912 5497 dicere:
2935 5441 3093 5513 502
3117 5459 3133 5489 ι
3160 5438 3427 5504 Quoniam

1869 5548 1926 5593 tu
1983 5554 2046 5594 es
2104 5539 2194 5610 qui
2237 5538 2523 5594 extraxisti
2579 5553 2664 5592 me
2697 5536 2765 5591 de.
2793 5545 3004 5599 ventre.
3037 5550 3163 5602 spes
3213 5548 3331 5591 mea
3362 5537 3429 5584 ab

1871 5631 2132 5685 uberibus
2187 5630 2379 5682 matris
2438 5644 2592 5682 mem.
2653 5627 2710 5681 ln
2767 5635 2822 5684 te
2869 5629 3143 5700 proiectus
3191 5641 3315 5681 sum
3364 5637 3432 5678 ex

1873 5732 2042 5774 utero.
2085 5719 2154 5772 Ex
2193 5728 2377 5774 ventre
2410 5721 2599 5774 matris
2639 5736 2770 5775 mea:
2820 5721 2966 5780 Deus
3011 5734 3166 5773 mens
3209 5733 3271 5774 es
3315 5720 3434 5770 tua

3091 5812 3168 5874 25
