3936 6208
606 221 709 282 779

1231 220 1496 277 EUSEB“
1522 221 2000 280 CESARIENSIS
2037 223 2187 280 OPP.
2230 224 2409 281 PARS
2445 226 2510 282 Il.
2546 258 2613 270 -
2642 227 3140 290 APOLOGETICA.
3254 196 3265 205 ἢ

3636 248 3716 304 781

603 333 707 393 llic
734 337 898 409 igitur
928 336 1058 390 dum
1100 334 1164 389 in.
1209 335 1327 405 ipsa
1360 336 1614 406 passione
1653 346 1760 403 est,
1811 341 2038 411 supplex
2086 341 2151 396 ad

2256 342 2447 413 καιρὸν
2476 341 2570 397 τοῦ
2610 343 2814 410 πάθους
2852 346 2986 419 πρὸς
3018 348 3114 419 τὴν
3145 350 3280 405 κατὰ
3320 355 3405 409 τοῦ
3434 356 3620 415 θανάτου
3641 364 3718 420 πά-

604 426 818 483 Patrem
848 440 1008 481 suum
1064 439 1129 480 ea
1175 423 1328 489 dicit,
1365 441 1486 495 quae
1538 431 1652 498 iam
1703 431 1953 500 exposita
2003 441 2153 489 sunt.

607 518 670 574 Et
716 531 841 573 cum
893 523 1004 570 tam
1058 515 1261 584 multae,
1306 519 1502 587 inquit,
1565 535 1651 576 me
1706 522 2158 580 circumventum

603 610 712 665 sint
738 606 906 677 copias
938 620 1005 661 ex
1042 605 1272 663 adverso
1299 608 1565 680 eﬂicaces,
1599 619 1653 667 et
1700 614 1899 683 impuri
1947 614 2155 670 daemo-

600 713 720 763 nes,
759 706 813 754 et
851 699 1158 769 spiritualia
1185 700 1457 770 nequitiae,
1489 711 1545 757 et
1571 703 1805 774 denique
1830 705 1877 760 is
1906 706 2000 775 qui
2034 721 2156 761 om-

599 793 750 847 nium
788 793 1060 863 pessimus
1097 801 1203 858 est,
1235 794 1370 866 ipse,
1403 796 1646 866 inquam,
1689 797 1945 868 princeps
1972 799 2158 855 saeculi

602 883 764 954 huius
807 884 966 954 (quos
988 893 1209 956 propter
1248 887 1535 951 malitiam,
1570 886 1716 945 feras
1756 889 2024 960 malignas
2052 905 2154 947 no-

599 976 807 1030 minare
834 990 931 1046 par
958 984 1064 1041 est,
1100 985 1155 1032 et
1193 978 1277 1034 vel
1318 987 1505 1034 tauros
1529 987 1793 1051 agrestes,
1821 982 1905 1036 vel
1934 982 2153 1045 vitulus.

600 1066 686 1122 vel
726 1068 928 1134 leones,
960 1069 1043 1124 vel
1090 1071 1299 1137 canes),
1345 1077 1400 1125 et
1438 1084 1525 1125 me
1562 1078 1751 1125 contra
1788 1086 1978 1127 omnes
2005 1082 2155 1130 stare

598 1166 865 1231 oporteat,
895 1174 1071 1230 neque
1105 1159 1401 1230 quidquam
1433 1159 1560 1215 boni
1589 1159 1645 1213 in
1673 1174 1767 1216 eos
1793 1160 1894 1215 sim
1923 1162 2158 1227 collatu-

599 1268 717 1319 rus,
764 1262 1050 1325 propterea
1079 1252 1225 1325 quod
1266 1255 1372 1326 ipsi
1397 1260 1616 1326 propter
1652 1269 1967 1327 supremum
1996 1256 2155 1311 mali-

601 1347 690 1402 tite
726 1346 991 1413 habitum,
1027 1360 1274 1402 meorum
1309 1346 1576 1403 bonorum
1599 1361 1831 1418 capaces
1862 1361 1971 1401 non
2004 1354 2153 1413 sunt,

596 1452 776 1507 neque
818 1436 1124 1505 adiutorem
1175 1444 1270 1491 aut
1320 1436 1530 1493 socium
1567 1436 1796 1492 habeam
1845 1439 2155 1510 quempiam

600 1544 794 1585 eorum
828 1529 1074 1599 ipsorum
1110 1528 1204 1601 qui
1250 1529 1381 1584 dicti
1413 1535 1562 1594 sunt,
1609 1527 1664 1583 in
1698 1528 1994 1585 certamine
2022 1530 2155 1585 mihi

598 1634 697 1691 pro
726 1620 901 1675 salute
924 1619 1228 1675 animarum
1253 1619 1513 1687 ineundo,
1548 1635 1673 1691 quas
1699 1627 1826 1676 sunt
1849 1623 1992 1692 apud
2017 1622 2155 1679 infe-

597 1686 709 1775 ros,
737 1720 837 1766 cur
861 1711 1076 1765 tandem
1103 1725 1209 1765 non
1230 1710 1420 1766 merito
1445 1686 1672 1767 dixerim
1694 1726 1708 1763 :
1732 1728 1753 1762 ι
1774 1686 2000 1778 Quodin
2021 1727 2153 1783 pro-
2186 1686 2228 1743 Β

597 1801 746 1860 ximo
798 1805 870 1858 sit
919 1802 1159 1871 aﬂlictio,
1215 1812 1271 1859 et
1311 1803 1459 1874 quod
1503 1818 1612 1859 non
1653 1803 1726 1859 sit
1764 1804 1857 1875 qui
1897 1803 2153 1875 adjuvet?

599 1894 892 1951 «Caeterum
942 1894 1207 1966 malignas
1245 1893 1464 1966 quidem
1504 1904 1666 1965 atque
1713 1895 1972 1952 adversas
1999 1904 2153 1967 pote-

596 1996 763 2045 states
795 2002 904 2043 non
940 1986 1113 2043 fuisse
1145 1986 1223 2042 illi
1252 1986 1477 2051 auxilio,
1508 2000 1687 2058 neque
1707 1986 2052 2043 succurrisse
2081 1987 2151 2043 ad

594 2082 796 2139 bonum
826 2084 1156 2157 properanti,
1184 2082 1368 2139 mirari
1394 2082 1529 2138 nihil
1564 2097 1790 2139 necesse
1828 2092 1932 2150 est,
1962 2096 2149 2136 verum

593 2177 739 2249 quod
766 2177 1009 2232 omnium
1047 2174 1345 2231 maximum
1378 2184 1482 2239 est,
1522 2188 1590 2231 ex
1616 2188 1680 2232 ea
1713 2173 2000 2229 amictione
2031 2187 2152 2245 quae

593 2270 746 2325 illum
799 2269 1033 2324 maxime
1078 2267 1378 2338 premebat.
1409 2266 1464 2322 id
1507 2281 1640 2323 sane
1687 2264 1810 2331 iuit,
1852 2280 1920 2321 ne
1966 2265 2152 2321 laven-

594 2361 728 2418 tium
762 2359 978 2431 quidem
1011 2372 1077 2414 ac
1105 2357 1462 2429 propitiorum
1484 2358 1800 2429 angelorum
1819 2357 2148 2428 quempiam,

594 2467 694 2508 nec
722 2451 1027 2507 divinarum
1062 2457 1395 2521 potestatum
1434 2464 1667 2520 prorsus
1718 2449 1906 2512 ullam,
1958 2462 2150 2504 ausam

592 2555 713 2597 esse
750 2541 926 2611 regias
964 2539 1154 2593 mortis
1184 2538 1376 2593 domos
1418 2537 1699 2607 invadere,
1735 2546 1897 2607 atque
1939 2536 2008 2590 ad
2045 2551 2148 2590 au-

592 2631 782 2689 xilium
812 2632 1138 2695 animarum,
1168 2644 1290 2699 qua:
1338 2626 1450 2682 illic
1482 2633 1661 2691 erant,
1690 2629 1892 2683 sociam
1925 2641 1984 2683 se
2011 2642 2151 2698 pra:-

594 2725 743 2781 bere.
793 2722 849 2779 Si
877 2723 1095 2794 quidem
1121 2723 1215 2777 uni
1237 2722 1317 2777 illi
1356 2721 1462 2777 hoc
1497 2721 1781 2775 immotum
1811 2720 2148 2786 servabatur,

595 2816 1032 2890 quandoquidem
1078 2815 1173 2870 nni
1198 2814 1365 2871 etiam
1393 2820 1593 2884 aperta:
1627 2822 1757 2869 sunt
1789 2821 1957 2885 porta:
2005 2827 2153 2868 mor-

593 2911 686 2977 tis,
712 2917 769 2965 et
800 2923 969 2964 unum
1000 2908 1151 2963 illum
1181 2908 1295 2963 orci
1329 2907 1598 2979 ianitores
1622 2905 1929 2975 conspicati
1964 2903 2152 2959 formi—

2256 432 2389 506 lqv,‘
2439 433 2621 488 οὐκέτι
2652 435 2844 507 βοηθὸς
2873 437 3020 511 αὐτῷ
3054 441 3246 513 παρῆν.
3312 444 3465 501 Τοῦτο
3486 449 3592 518 γοῦν
3613 455 3718 527 αἰντῷ

2259 527 2621 596 μαρτυροῦντι
2666 529 2942 584 πιστεύω·
2992 531 3053 584 τὸ
3105 534 3245 605 γάρ,
3312 555 3331 589 ι
3371 539 3533 608 Ἠλεὶ,
3589 545 3717 611 Ἠλεὶ.

2255 615 2449 688 λαμμᾶ
2487 619 2784 690 σαϐαχθανὶ
2808 661 2822 687 ,
2852 641 2870 673 ι
2913 623 3193 694 εἰρημένον
3229 627 3369 698 αύτῷ
3396 631 3479 685 ἐπὶ
3500 634 3575 688 τοῦ
3602 654 3720 692 «ea.
3828 648 3829 661 ‘

2258 706 2353 801 ροῦ
2376 746 2392 772 ,
2433 709 2526 763 καὶ
2557 710 2660 801 όπὸ
2705 711 2800 765 τοῦ
2831 711 3045 784 ψαλμοῦ
3077 719 3411 789 προφητικῶς
3444 721 3723 801 ἀναπεφωνη.

2259 795 2419 867 μόνον
2441 836 2457 861 ,
2493 799 2623 864 καὶ,
2683 818 2702 851 ι
2726 801 2847 854 Ὀτι
2885 801 3059 872 θλίψις
3086 805 3280 874 ἐγγὺς,
3332 808 3407 862 ὃτι
3435 812 3520 865 οὐκ
3556 795 3665 868 εστιν
3693 795 3721 872 ’ό

2258 884 2465 980 βοηθῶν
2489 933 2500 949 ,
2528 908 2548 941 ι
2607 888 2660 943 τί
2694 890 2880 980 ἕτερον
2912 893 3098 966 ἐδήλου
3140 896 3173 968 ἦ
3212 897 3292 950 ὅτι
3327 898 3398 961 ὼς
3434 901 3579 971 μέγας
3602 905 3719 980 ἀθλη.

2254 976 2353 1049 τὴς
2387 980 2499 1044 τοῖς
2550 979 2819 1045 τοσούτοις
2874 984 3187 1049 ἀντιπάλοις
3236 988 3621 1063 προϐεϐλημένος
3659 976 3719 1067 ἦν,

2255 1069 2711 1137 ἀγωνοθετοῦντος
2746 1075 2841 1128 καὶ
2872 1073 3221 1148 βραϐεύοντος
3249 1084 3355 1145 τοῖς
3381 1084 3637 1154 γινομένοις
3657 1087 3720 1142 τοῦ

2254 1160 2348 1214 ἐπὶ
2394 1162 2527 1216 πᾶσι
2564 1162 2741 1231 Θεοῦ;
2797 1165 3028 1238 Ἔφορον
3078 1168 3124 1222 δ’
3156 1165 3248 1225 οῦν
3288 1172 3389 1227 τῶν
3423 1178 3722 1247 πραττομένων

2256 1253 2553 1325 παρεκάλει
2588 1255 2678 1310 τὸν
2714 1256 2931 1330 Πατέρα
2962 1259 3058 1313 καὶ
3089 1261 3349 1334 πάρεδρον
3369 1307 3383 1331 ,
3434 1265 3501 1331 ὼς
3527 1267 3582 1322 ἂν
3603 1268 3722 1335 δεξιὸν

2253 1344 2550 1418 ἀλείπτην,
2605 1347 2755 1419 αὑτῷ
2807 1354 3208 1423 συμπαρεῖναι,
3246 1354 3410 1428 ταύτῃ
3459 1358 3722 1428 μάλιπαδτι

2256 1434 2381 1507 μηδ’
2436 1435 2679 1508 ὑπῆρχεν
2729 1437 2878 1510 αὑτῷ
2923 1438 3115 1512 βοηθὸς
3173 1442 3411 1516 ἕτεροςῆ
3444 1446 3579 1516 ρῖόνος
3616 1443 3723 1513 εἷςί

2255 1525 2559 1602 βραδευτὴς
2606 1528 2715 1584 τῶν
2762 1532 3078 1603 γινομένων.
3155 1535 3249 1589 Διό
3295 1553 3447 1607 φησιν
3472 1539 3719 1611 εὐχόμενος·

2258 1637 2277 1672 ι
2303 1620 2396 1693 Μὴ
2440 1620 2684 1693 ἀποστῇς
2726 1621 2821 1676 ἀπ’
2873 1624 3042 1696 ἐμοῦ,
3105 1626 3190 1680 ὅτι
3249 1625 3415 1698 θλίψις
3442 1631 3613 1698 ἐγγὺς,
3668 1631 3721 1687 ὅτι

2251 1708 2352 1762 ούκ
2388 1708 2532 1763 ἔστιν
2560 1712 2588 1764 ό
2619 1709 2848 1783 βοηθῶν.
2879 1731 2899 1764 ι
2991 1714 3165 1787 Ὁρῶν
3194 1714 3250 1771 δὲ
3292 1716 3479 1783 ἐνθέοις
3521 1719 3719 1791 όμμοσιν,

2252 1797 2332 1853 ἔτι
2362 1800 2455 1853 ἐπὶ
2485 1798 2578 1854 τοῦ
2615 1802 2788 1874 ίκρίου
2844 1807 3288 1877 προσηρτημένου
3316 1808 3453 1880 αὐτῷ
3481 1810 3562 1864 τοῦ
3595 1810 3721 1880 σῶμα·

2250 1905 2341 1952 τος
2370 1928 2385 1954 ,
2442 1889 2542 1954 τὰς
2599 1890 2797 1956 ἔξωθεν
2828 1895 2973 1965 ἀμφὶ
3014 1893 3106 1949 τὸν
3146 1896 3284 1968 ἀέρα
3331 1898 3501 1953 τοῦτον
3527 1901 3722 1972 ἀσάριωυς

2251 1981 2345 2037 καὶ
2399 1983 2704 2056 ἀνθρώποις
2773 1986 3036 2058 ἀοράτους
3107 1987 3361 2061 δυνάμεις
3407 1991 3542 2064 δίκην
3583 1992 3723 2046 οἰωνῶν

2250 2074 2541 2148 ὡμοϐόρων
2568 2078 2660 2131 καὶ
2683 2079 2881 2151 τρόπον
2908 2078 3112 2154 θηρίων
3151 2084 3279 2156 περὶ
3302 2085 3454 2141 αὑτὸν
3495 2086 3722 2158 ἰλυσπωμέ-

2250 2181 2348 2229 νας
2371 2204 2386 2229 ,
2427 2166 2521 2220 καὶ
2552 2167 2689 2239 πρὸς
2718 2168 2779 2222 τὸ
2818 2169 3008 2241 μέλλον
3033 2172 3161 2226 ὅσον
3186 2174 3336 2229 οὔπω
3369 2176 3540 2248 νεκρὸν
3573 2176 3722 2231 ἔσεσθαι

2250 2255 2412 2310 αὑτοῦ
2438 2256 2499 2310 τὸ
2520 2256 2680 2329 σῶμα
2696 2299 2712 2325 ,
2740 2260 3071 2332 πανταχόθεν
3088 2279 3151 2317 τε
3180 2264 3493 2336 συρρεούσας
3514 2266 3592 2330 τάς
3607 2266 3723 2338 ἀρχὰς

2251 2348 2345 2402 καὶ
2371 2347 2614 2415 ἐξουσίας
2645 2349 2737 2403 τοῦ
2768 2351 2929 2424 ἀέρος
2952 2392 2967 2417 ,
2984 2352 3077 2407 τοῦ
3108 2355 3408 2429 πνεύματος
3434 2356 3516 2411 τοῦ
3538 2356 3612 2410 νῦν
3629 2358 3723 2428 ὲνερ·

2250 2438 2472 2509 γοῦντος
2494 2443 2552 2495 ὲν
2572 2444 2686 2505 τοῖς
2705 2443 2838 2507 υίοῖς
2859 2445 2958 2516 τῆς
2978 2444 3279 2512 ἀπειθείας,
3303 2447 3395 2502 καὶ
3419 2446 3490 2503 ἔτι
3514 2447 3613 2511 τοὺς
3630 2447 3724 2517 ἀμφὶ

2249 2533 2348 2605 τὴν
2378 2534 2481 2606 γῆν
2511 2533 2896 2607 διιπταμένους
2926 2535 3049 2591 καθ’
3082 2537 3214 2608 ὅλης
3243 2538 3341 2609 τῆς
3372 2539 3472 2593 τῶν
3507 2537 3723 2610 ἀνθρώπων

2249 2625 2569 2699 οἰκουμένης
2595 2627 2851 2698 δαίμονας
2873 2643 2887 2658 ⁶
2942 2628 3088 2693 είκὺς
3120 2628 3167 2683 δ’
3190 2631 3273 2684 ὅτι
3301 2631 3392 2686 καὶ
3417 2631 3529 2695 τοὺς
3566 2627 3724 2701 ὑποχθο-

2250 2716 2396 2781 νίους
2424 2716 2522 2789 ἤδη
2543 2757 2559 2782 ,
2585 2718 2681 2772 καὶ¹
2704 2718 2831 2783 τοὺς
2857 2719 2915 2773 ὲν
2943 2719 3090 2791 αὐτῷ
3118 2722 3374 2794 ταρτάρῳ
3397 2721 3548 2794 θῆρας
3570 2719 3723 2791 ἀγρίους

2251 2805 2344 2861 καὶ
2372 2805 2666 2880 φοϐεροὺς,
2700 2808 2829 2881 περὶ
2855 2802 2931 2863 ὧν
2967 2809 3197 2875 Ἡσαΐας
3229 2811 3362 2884 πρὸς
3405 2812 3486 2865 τὸν
3520 2812 3722 2864 ἐκπεπτω-

2251 2896 2384 2951 κότα
2437 2896 2533 2951 τοῦ
2570 2898 2799 2971 οὐρανοῦ
2880 2899 3191 2972 Ἑωσφόρον
3243 2902 3612 2973 ἀποτεινόμενος
3645 2896 3719 2950 ελε-

594 3002 879 3067 daverunt,
913 3003 1138 3073 ipseque
1168 3001 1259 3056 illc
1275 3001 1368 3071 qui
1396 2999 1592 3055 mortis
1615 2997 1901 3069 imperium
1926 2997 2148 3064 habent,

2253 3003 2379 3058 γενο
2428 3007 2448 3040 ι
2482 2989 2540 3043 '0
2561 2990 2693 3062 ᾅδης
2741 2990 2983 3046 κάτωθεν
3009 2992 3313 3065 ἐπικράνθη
3347 2993 3631 3063 συναντήσας

595 3087 664 3146 de
695 3090 860 3162 regiis
892 3071 1114 3145 sedibus
1158 3087 1379 3153 cedens,
1426 3095 1614 3157 utpote
1659 3089 1753 3157 qui
1796 3103 1963 3142 unum
1994 3088 2146 3143 illum

2251 3077 2659 3151 συνηγέρθησάν
2685 3097 2766 3134 σοι
2789 3080 2988 3145 πάντες
3009 3082 3056 3137 oi
3082 3082 3338 3152 γίγαντες
3356 3100 3370 3114 ·
3395 3102 3413 3135 ι
3436 3081 3579 3136 ταῦτα
3600 3076 3646 3149 δὴ
3662 3071 3723 3129 οὖν

594 3195 753 3238 suum
781 3180 1067 3235 Dominum
1097 3188 1468 3252 cognosceret,
1502 3192 1627 3233 cum
1673 3178 1766 3232 illo
1793 3185 1877 3235 est
1926 3177 2149 3235 locutus

604 3273 1003 3347 ieprecantium
1039 3287 1105 3328 ac
1154 3271 1579 3342 supplicantium
1630 3284 1782 3325 more
1810 3284 1922 3325 non
1966 3270 2150 3326 minus

611 3364 876 3435 gnaviter,
905 3375 1068 3432 quam
1103 3359 1244 3431 apud
1274 3358 1386 3419 Job
1415 3360 1483 3414 de
1513 3360 1599 3415 bis
1638 3359 1770 3430 ipsis
1813 3360 1976 3416 rebus
2012 3361 2151 3416 scri-

594 3463 745 3527 ptum
781 3462 904 3509 est:
951 3451 1046 3507 sed
1085 3460 1265 3508 tamen
1313 3449 1577 3506 nefariam
1621 3451 1768 3507 illius
1798 3452 2010 3523 tyranni
2043 3452 2149 3508 im-

593 3545 891 3620 potentiam
919 3558 1093 3615 usque
1117 3542 1252 3599 adeo
1279 3557 1510 3598 cernens
1536 3540 1854 3607 invaluisse,
1885 3553 1944 3596 ut
1965 3542 2151 3597 nullus

594 3639 733 3697 alius
757 3637 1060 3694 cmlestium
1085 3633 1279 3690 adesse
1312 3633 1392 3689 illi
1418 3634 1475 3690 in
1502 3635 1703 3691 talibus
1737 3635 1872 3689 locis
1902 3632 2147 3700 auderet,

591 3734 753 3796 atque
784 3725 852 3779 ad
889 3738 1082 3779 earum
1096 3725 1410 3781 animarum
1448 3726 1707 3788 salutem,
1739 3738 1860 3795 qua:
1891 3723 2001 3777 illic
2051 3722 2150 3778 de-

591 3818 908 3887 linebantur
926 3815 1141 3873 socium
1170 3832 1231 3873 se
1275 3819 1536 3890 praebere,
1575 3816 1770 3871 merito
1808 3814 1883 3869 ait
1906 3811 2151 3868 amictio-

593 3902 719 3965 nem
750 3908 973 3981 propius
1014 3908 1227 3974 adesse,
1261 3917 1548 3980 propterea
1585 3905 1734 3980 quod
1775 3921 1887 3962 non
1936 3905 2009 3960 sit
2055 3903 2149 3976 qui

592 4004 829 4075 adiuvet.
855 4004 1054 4074 quippe
1096 4018 1222 4059 cum
1256 4019 1399 4060 unus
1445 4005 1536 4060 ille
1557 4004 1649 4075 qui
1688 4001 1955 4074 potuisset
1985 4001 2148 4057 etiam

590 4094 791 4149 talibus
822 4093 879 4148 in
910 4094 1044 4149 lacis
1075 4094 1153 4149 illi
1180 4094 1456 4165 opitulari,
1480 4094 1667 4166 ipsum
1698 4092 2056 4157 deseruisset,
2087 4098 2149 4146 ut

591 4186 844 4242 videlicet
873 4185 1085 4241 illustre
1117 4186 1252 4242 illud
1276 4186 1646 4258 esimiumque
1671 4185 1995 4256 inemptum,
2028 4183 2148 4238 illa-

591 4292 698 4351 que
742 4278 1038 4349 singularis
1062 4277 1329 4335 adversus
1374 4292 1565 4335 omnes
1608 4279 1839 4334 victoria
1886 4286 2145 4349 tanquam

2250 3168 2462 3223 ἅπαντα
2499 3170 2739 3240 συνορῶν
2776 3168 2974 3238 ἔξωθεν
3009 3170 3069 3223 τὸ
3106 3171 3590 3243 ἀνεσκολοπισμένον
3617 3164 3722 3233 «ita

2242 3260 2569 3325 κυκλοῦντα,
2600 3263 2695 3316 καὶ
2722 3265 3252 3338 παρασκευαζόμενα
3279 3266 3395 3319 κατ’
3422 3261 3579 3326 αὐτοῦ,
3604 3254 3723 3313 1W5-

2240 3367 2433 3423 στημα
2463 3352 2639 3406 αὐτῶν
2668 3353 2959 3426 διαγράφει
2991 3355 3220 3425 φάσκων
3249 3372 3263 3386 ⁸
3321 3375 3340 3407 ι
3366 3346 3722 3427 Περιεκύκλωσάν

2239 3459 2318 3515 ,με
2349 3444 2537 3515 μόσχοι
2560 3444 2762 3509 πολλοὶ,
2786 3445 2977 3517 ταῦροι
2994 3447 3180 3511 πίονες
3207 3447 3478 3518 περιέσχον
3501 3461 3573 3517 με.
3595 3442 3722 3495 Ἥνοι·

2247 3534 2346 3602 ξαν
2378 3537 2463 3588 ἐπ’
2486 3536 2587 3606 ἐμὲ
2610 3537 2670 3591 τὺ
2697 3536 2871 3608 στόμα
2897 3538 3096 3601 αὐτῶν,
3122 3538 3200 3604 ὡς
3219 3539 3353 3594 λέων
3379 3542 3405 3593 ό
3432 3533 3643 3608 ἁρπάζων
3662 3528 3723 3583 καὶ

2247 3626 2574 3700 ὼρυόμενος.
2603 3649 2621 3681 ι
2654 3630 2846 3703 Ψυχὴν
2863 3629 2971 3703 γάρ
2991 3673 3007 3697 ,
3036 3631 3115 3696 ὡς
3138 3633 3285 3697 είκδς
3302 3671 3317 3696 ,
3339 3621 3722 3703 ἀνθρωπείαν,καὶ

2248 3722 2317 3793 τῇ
2353 3720 2461 3774 τῶν
2492 3720 2702 3775 πολλῶν
2729 3722 3121 3795 παραπλησίαν
3137 3763 3154 3788 ,
3195 3725 3358 3779 πλέον
3381 3724 3433 3778 δὲ
3460 3721 3585 3776 οὐδὲν
3608 3712 3719 3788 matr

2252 3829 2402 3884 μενοι
2455 3809 2593 3868 εἶναι
2622 3815 2723 3887 τὴν
2752 3815 2813 3869 τὸ
2843 3815 3001 3887 σῶμα
3032 3815 3212 3887 Ἰησοῦ
3253 3812 3667 3887 κατασκηνοῦσαν.
3686 3803 3722 3872 ἢ·

2248 3903 2428 3971 νοιξαν
2463 3907 2525 3961 τὸ
2564 3907 2736 3979 στόμα
2774 3909 2824 3962 ol
2859 3909 3248 3982 προειρημένοι
3278 3949 3294 3974 ,
3354 3910 3426 3974 ὡς
3458 3906 3621 3978 ὁμοίως
3643 3899 3721 3960 ταῖς

2248 3996 2435 4063 ἄλλαις
2457 3997 2566 4054 τῶν
2584 3998 2884 4073 ἀνθρώπων
2911 4000 3110 4072 ψυχαῖς
3131 4003 3228 4057 καὶ
3255 4002 3418 4074 αὐτὴν
3442 3993 3722 4062 καταπιούμε·

2249 4106 2361 4144 νοιο
2417 4090 2501 4145 διό
2531 4107 2693 4164 φησιν
2714 4108 2729 4122 ο
2761 4110 2789 4144 ι
2820 4092 3072 4160 Ἤνοιξαν
3103 4094 3192 4149 ἐπ’
3226 4095 3325 4167 ἐμὲ
3349 4094 3407 4148 τὸ
3430 4092 3580 4162 στόμα
3600 4080 3722 4141 αὐτῶν

2245 4180 2324 4249 ὡς
2368 4181 2503 4237 λάων
2533 4184 2563 4236 ό
2592 4180 2850 4255 ἁρπάζων
2879 4185 2976 4239 καὶ
3006 4184 3319 4257 ὠρυόμενος
3340 4202 3353 4216 ·
3375 4204 3393 4237 ι
3426 4177 3499 4247 οἷς
3523 4179 3622 4249 ἑξῆς
3644 4176 3724 4227 ἐπ’

2246 4273 2393 4346 λέγει
2410 4290 2425 4306 °
2487 4293 2508 4328 ι
2527 4275 2671 4329 Ὠσεὶ
2699 4273 2842 4347 ὕδωρ
2869 4275 3158 4350 ἐξεχύθην·
3192 4299 3210 4330 ι
3249 4280 3386 4351 ὅπερ
3409 4271 3635 4345 αἰσθητῶς
3658 4266 3722 4338 μὲν

592 4369 813 4442 [ηομ-ξε
865 4367 1039 4440 ipsius
1087 4369 1231 4440 apud
1266 4385 1458 4427 omnes
1488 4369 1902 4442 praedicaretur.
1956 4370 2143 4441 Itaque

2247 4363 2343 4419 καὶ
2362 4363 2501 4419 κοιτά
2520 4363 2616 4437 τὴν
2638 4365 2879 4437 ἱστορίαν
2896 4368 3037 4421 εἴποι
3060 4368 3128 4424 ἀν
3156 4388 3242 4435 τις
3273 4365 3645 4442 πεπληρῶσθαι,
3663 4360 3719 4414 ὅτι

590 4472 716 4514 cum
761 4456 858 4513 ille
901 4456 997 4527 qui
1047 4472 1190 4514 unus
1218 4458 1323 4533 ipsi
1371 4459 1576 4514 auxilio
1600 4473 1722 4514 esse
1749 4465 1979 4529 poterat,
2012 4466 2145 4514 tunc

590 4549 696 4621 ipsi
714 4547 932 4619 adiutor
951 4563 1061 4604 non
1083 4558 1251 4615 esset,
1270 4549 1469 4607 merito
1493 4550 1548 4605 in
1571 4550 1688 4620 ipso
1705 4546 1862 4604 initio
1877 4550 1951 4605 ait
1972 4548 2105 4605 illud
2125 4568 2139 4605 :

590 4638 750 4713 ὅσα
772 4639 927 4704 1Eli,
958 4640 1066 4707 Eli,
1102 4641 1300 4697 lamma
1328 4640 1716 4709 sabacbtbani,
1744 4640 1849 4696 hoc
1876 4648 1982 4706 est,
2004 4639 2147 4699 Deus

589 4748 762 4798 meus,
808 4731 955 4790 Deus
987 4748 1165 4800 meus,
1196 4747 1478 4805 quat-eme
1505 4731 1917 4804 dereliquisti'?
1953 4752 1973 4784 ι
2009 4731 2145 4788 Nam

587 4839 714 4882 cum
731 4824 874 4880 idem
901 4824 1304 4897 conciperetur,
1331 4834 1387 4880 et
1412 4826 1687 4881 imuleroa
1719 4830 1909 4879 sancta
1925 4821 2146 4894 Virgine

552 4908 556 4913 ’
587 4922 910 4991 gestaretur,
929 4928 1059 4973 tunc
1085 4916 1304 4988 quidem
1322 4923 1556 4987 paterna
1580 4915 1667 4970 vis
1697 4930 1820 4969 cum
1850 4915 1970 4984 ipso
2004 4919 2147 4979 erat,

587 5025 701 5082 quo
744 5019 987 5082 tempore
1018 5009 1258 5081 Spiritus
1308 5015 1535 5065 sanctus
1574 5005 1779 5077 Virgini
1812 5005 2143 5076 supervenit,

585 5107 645 5159 et
672 5101 846 5158 virtus
874 5102 1141 5158 Altissimi
1186 5098 1532 5157 obumbravit
1560 5098 1662 5163 illi,
1725 5099 1949 5170 ipseque
1984 5097 2145 5155 Pater

584 5208 714 5249 eum
734 5195 829 5267 qui
856 5194 1195 5266 gignebatur,
1234 5182 1384 5249 sicut
1433 5191 1715 5248 oraculum
1747 5191 2026 5255 indicavit,
2074 5190 2145 5247 de

585 5294 777 5345 ventre
805 5287 995 5344 matris
1019 5286 1273 5353 extraxit,
1292 5301 1425 5341 cum
1450 5292 1630 5340 autem
1668 5284 1771 5340 sub
1804 5284 1980 5354 ipsum
2012 5297 2142 5356 pas-

585 5377 757 5435 sionis
783 5371 995 5449 tempus
1022 5379 1091 5433 ad
1122 5378 1325 5433 luotam
1353 5379 1617 5435 adversus
1642 5385 1876 5435 mortem
1907 5391 2144 5435 exuere-

583 5472 696 5531 tur,
726 5482 838 5524 non
855 5466 985 5523 item
1030 5467 1108 5522 illi
1133 5474 1272 5539 tunc
1308 5475 1437 5525 erat
1484 5466 1731 5539 adiutor.
1759 5465 1872 5539 Ego
1900 5481 2143 5540 namque

647 5631 671 5668 ‘
700 5606 898 5698 Βοιὼ,
934 5655 1086 5698 nm
1106 5679 1123 5707 ,
1157 5641 1243 5700 6'0.

2250 4450 2330 4521 εἷς
2356 4456 2463 4512 τῶν
2491 4460 2837 4531 στρατιωτῶν
2854 4501 2870 4526 ,
2920 4463 3069 4517 κατά
3095 4464 3191 4518 τὸν
3214 4462 3573 4534 εὐαγγελιστὴν
3602 4455 3719 4511 Ἰωάν-

2249 4565 2376 4621 νην,
2410 4550 2503 4604 τοῦ
2532 4552 2704 4624 ἀμνοῦ
2743 4553 2837 4608 τοῦ
2865 4553 2999 4609 Θεοῦ
3030 4554 3199 4629 λόγχῃ
3236 4557 3336 4629 τὴν
3361 4552 3573 4627 πλευρὰν
3593 4545 3717 4611 ενυξι.

2249 4644 2342 4697 καὶ
2368 4642 2589 4716 ἐξῆλθεν
2618 4645 2781 4710 εὐθὺς
2799 4645 2953 4720 ’ὕδωρ
2982 4649 3078 4703 καὶ
3105 4645 3267 4722 αἷμα.
3300 4669 3319 4704 ι
3379 4649 3511 4720 Πλὴν
3535 4641 3640 4699 ἀλλὰ
3659 4636 3719 4691 καὶ

2237 4733 2346 4806 ’τὴν
2391 4734 2517 4807 ὃλην
2543 4737 2642 4809 τῆς
2669 4739 3039 4811 πνευματικῆς
3070 4742 3290 4811 φύσεως
3331 4742 3567 4814 νέκρωσιν
3588 4724 3719 4801 δηλοίη

2247 4824 2390 4881 ἔοικε
2407 4826 2473 4881 δι’
2491 4823 2567 4883 ῶν
2587 4844 2749 4902 φησιν
2767 4847 2781 4861 ο
2807 4850 2824 4882 ι
2847 4831 2988 4884 Ὤσεὶ
3004 4831 3152 4905 ὕδωρ
3171 4820 3445 4905 ἐξεχύθην,
3464 4829 3544 4884 καὶ
3556 4826 3722 4888 tum?

2246 4916 2413 4989 πίσθη
2438 4917 2618 4973 πάντα
2648 4920 2715 4973 τὰ
2745 4921 2879 4975 όστᾶ
2930 4938 3054 4991 μου.
3107 4923 3372 4995 Ἐγενήθη
3413 4922 3445 4992 ἠ
3481 4912 3717 4988 καρδίαμθν

2232 5006 2376 5061 ὡσεὶ
2426 5009 2594 5082 κηρὸς
2637 5009 2934 5082 τηκόμενος
2979 5013 3039 5067 ἐν
3096 5013 3250 5086 μέσῳ
3293 5013 3393 5084 τῆς
3442 5007 3612 5068 κοιλίας
3635 5012 3716 5086 [ηυξ

2258 5097 2555 5170 Ἐξηράνθη
2589 5099 2664 5165 ὡς
2694 5100 2958 5174 δστρακον
2990 5105 3025 5175 ᾖ
3053 5083 3231 5176 lexch
3248 5083 3378 5176 μου,
3400 5101 3486 5157 καὶ
3518 5083 3718 5169 ήγλῶσυά

2250 5207 2351 5262 μου
2374 5191 2696 5264 κεκόλληται
2744 5193 2822 5265 τῷ
2851 5193 3082 5268 λάρυγγί
3107 5213 3237 5268 μου.
3266 5216 3286 5248 ι
3364 5195 3426 5250 Τί
3450 5191 3543 5265 γὰρ
3565 5176 3717 5242 illm“

2248 5281 2419 5336 ταῦτα
2448 5284 2624 5339 πάντα
2650 5286 2901 5358 σημαίνοι
2947 5287 2981 5359 ἢ
3011 5287 3205 5360 νεκροῦ
3238 5286 3478 5359 σώματος
3503 5278 3717 5337 “an”;
3828 5308 3829 5360 1

2261 5373 2541 5448 Ἐπιφέρει
2573 5375 2703 5443 γοῦν
2735 5377 2897 5444 εὐθὺς
2924 5376 3133 5450 λέγων’
3188 5400 3215 5433 ι
3235 5382 3342 5435 Καὶ
3372 5382 3446 5444 είς
3473 5372 3580 5449 χοῦν
3604 5360 3717 5422 θαιάο

2244 5482 2341 5523 του
2361 5468 2671 5543 κατήγαγες
2704 5487 2795 5542 με.
2819 5490 2841 5526 ι
2872 5470 3053 5528 Ταῦτα
3072 5472 3182 5545 μὲν
3208 5472 3359 5530 οὔπω
3385 5470 3610 5542 γενόμενα
3628 5467 3717 5528 τί»

3827 5872 3829 6010 l
