3936 6208
252 234 349 287 781

1129 239 1784 298 DEMONSTRATIONIS
1829 241 2288 303 ΕῪΑΝΟΕΜΟᾹΞ
2325 242 2456 297 LIB.
2502 243 2571 298 Χ..

3392 246 3513 301 ’7822

252 353 495 418 ϐλέπων,
550 355 623 418 ὼς
651 356 815 424 ἐγγὺς
846 356 900 409 δὲ
933 358 1024 415 καὶ
1057 356 1278 426 πλησίον
1306 358 1407 427 ἤδη
1438 358 1645 411 ἑστῶτα
1664 399 1679 420 ,
1732 360 1818 411 καὶ

1928 358 2031 414 hoc
2063 360 2240 428 ipsum
2268 357 2344 416 illi
2400 358 2713 412 tcstilicanti
2743 358 2939 412 credo:
2978 372 3104 412 nam
3132 356 3263 413 illud
3299 372 3312 410 :
3350 374 3369 408 ι
3396 356 3497 420 Eli,

255 445 681 517 περικυκλοῦντα
712 448 870 500 αὐτὸν
893 489 906 511 ,
962 448 1162 516 ἔλεγεν.
1199 445 1363 512 Αὖθις
1388 449 1444 501 δὲ
1476 448 1828 502 ἐπαναλαϐῶν

253 537 322 591 τὰ
352 535 450 608 ἤδη
488 539 957 609 προπεπραγμένα
992 542 1070 603 εἰς
1101 541 1198 611 τὴν
1221 539 1327 593 τῶν
1360 540 1658 611 μελλόντων
1692 558 1829 611 συμ-

255 629 515 700 ϐήσεσθαι
546 632 893 702 παραμυθίαν
917 674 930 695 ,
960 626 1047 685 οἷα
1082 633 1369 702 ὑπέμεινεν
1403 633 1823 698 ἐπιϐουλευθεὶς,

251 720 493 776 διδάσκει
526 722 719 791 λέγων’
760 743 778 773 ι
811 726 928 777 ’Ὁτι
964 724 1275 779 ἐκύκλωσάν
1321 743 1387 796 με
1426 726 1585 789 κύνες
1623 726 1823 791 πολλοὶ,

254 814 541 885 συναγωγὴ
570 816 1009 885 πονηρευομένων
1031 817 1315 888 περιέσχον
1340 835 1404 888 με
1425 836 1436 846 ⁸
1453 837 1469 869 ι
1494 818 1580 870 διὰ
1601 818 1823 883 τούτων,

252 908 329 971 ὣς
355 907 501 970 εἰκὸς
520 948 533 969 ,
557 906 729 976 δηλῶν
754 907 886 978 ὁμοῦ
915 909 1011 977 μὲν
1040 909 1133 963 καὶ
1154 910 1278 972 τοὺς
1303 909 1634 980 στρατιώτας
1654 950 1669 971 ,
1686 910 1823 983 ⁴ὁμοῦ

252 998 317 1053 δὲ
340 1000 434 1053 καὶ
465 1000 588 1061 τοὺς
617 1002 681 1052 ἐκ
715 1000 1012 1070 περιτομῆς
1046 1002 1453 1065 ἐπαναστάντας
1486 1001 1653 1071 αὐτῷ.
1724 1023 1741 1054 ι
1763 1003 1824 1056 Οί

256 1091 354 1162 μὲν
384 1091 491 1161 γὰρ
516 1091 839 1162 στρατιῶται
866 1092 955 1145 τοῦ
980 1091 1209 1151 Πιλάτου
1235 1134 1248 1156 ,
1303 1094 1706 1166 παραλαϐόντες
1734 1096 1825 1149 τὸν

266 1181 471 1253 Ἰησοῦν
498 1184 577 1246 εἱς
604 1183 664 1235 τὺ
693 1182 1046 1255 πραιτώριον,
1075 1186 1377 1256 συνήγαγον
1399 1186 1526 1258 ὃλην
1548 1186 1644 1257 τὴν
1669 1190 1823 1241 σπεῖ-

256 1290 353 1345 ραν
380 1275 465 1327 ἐπ’
492 1275 669 1328 αὐτόν.
721 1276 830 1329 Καὶ
858 1275 1176 1341 ἐκδύσαντες
1207 1278 1386 1342 αὑτὸν,
1416 1278 1660 1349 χλαμύδα
1694 1299 1823 1334 κοκ-

252 1365 408 1435 aiqu
436 1365 763 1437 περιέθηκαν
792 1366 957 1435 αὐτῷ.
1025 1368 1134 1420 Καὶ
1168 1367 1455 1434 πλέξαντες
1482 1371 1738 1443 στέφανον
1765 1372 1824 1443 ἐξ

251 1456 500 1510 ἀκανθῶν
522 1458 791 1528 ἐπέθηκαν
820 1461 910 1512 ἑπὶ
933 1461 1030 1530 τῆς
1054 1460 1293 1529 κεφαλῆς
1321 1462 1481 1514 αὑτοῦ
1503 1503 1517 1526 ,
1549 1442 1642 1516 καὶ
1666 1464 1825 1518 κάλα-

256 1564 355 1617 μον
387 1549 443 1600 ἐν
468 1552 532 1618 τῇ
560 1551 700 1620 χειρὶ
729 1551 911 1611 αὑτοῦ.
987 1552 1092 1605 Καὶ
1118 1554 1586 1623 γονυπετήσαντες
1617 1554 1823 1626 ἐμπρορ

255 1638 381 1691 σθεν
408 1641 473 1693 αὑ
486 1640 588 1705 τοῦ,
613 1643 892 1707 ἐνέπαιζον
944 1643 1091 1715 αὐτῷ
1126 1643 1376 1713 ,λέγοντες
1402 1662 1414 1673 ·
1457 1647 1647 1716 Χαῖρε,
1673 1647 1701 1698 ὁ
1728 1646 1823 1716 βα-

1933 448 2039 511 Eli,
2079 449 2278 503 lamma
2334 447 2711 510 sabachthani,
2739 471 2754 500 ι
2794 450 2935 518 quod
2973 450 3040 503 ab
3078 451 3197 519 ipso
3245 450 3299 504 in
3332 466 3498 506 cruce

1930 538 2134 592 dictum
2170 547 2273 602 est,
2310 552 2519 592 necnon
2568 554 2598 592 a
2652 539 2860 607 psalmo
2888 540 3206 609 prephetice
3247 542 3501 597 enuntia-

1926 637 2064 692 tum,
2100 630 2335 698 itemque
2366 627 2510 696 quod
2539 627 2757 681 amictio
2787 645 2952 698 prope
2988 629 3228 696 adesset,
3260 639 3314 685 et
3352 631 3499 700 quod

1930 734 2038 773 non
2065 727 2209 773 esset
2242 718 2334 793 qui
2388 718 2670 786 adjuvaret
2703 758 2717 781 ,
2774 720 2904 789 quid
2936 721 3151 774 tandem
3211 721 3313 775 sibi
3352 724 3497 778 aliud

1927 810 2137 871 volunt,
2165 825 2325 879 quam
2354 810 2505 880 quod
2537 821 2791 880 tanquam
2838 827 3066 882 magnus
3096 819 3357 878 certator,
3388 823 3496 867 tam

1927 902 2113 963 multis
2171 886 2445 970 tantisque
2504 904 2834 961 adversariis
2888 905 3005 984 ipse
3043 916 3193 965 esset
3224 906 3497 975 objectus,

1927 995 2182 1065 praefecto
2205 997 2324 1065 ejus
2343 997 2661 1051 certaminis
2699 1005 2753 1051 et
2800 1000 2974 1054 totius
3001 1001 3199 1071 negotii
3228 1002 3499 1072 guberna-

1924 1094 2044 1140 tore
2075 1103 2335 1157 supremo
2360 1089 2607 1141 omnium
2634 1086 2783 1141 Deo?
2819 1088 3103 1157 priesidem
3136 1104 3265 1159 ergo
3316 1106 3495 1144 rerum

1928 1180 2288 1250 gerendarum
2330 1191 2491 1249 atque
2516 1194 2852 1235 assessorem
2904 1183 3230 1252 precabatur
3258 1181 3494 1245 Patrem,

1928 1278 1986 1324 ut
2042 1272 2198 1341 quasi
2253 1272 2624 1342 peritissimus
2672 1273 2878 1342 Aliptcs
2934 1274 3038 1329 sibi
3098 1274 3317 1328 adesset
3369 1282 3501 1329 tunc

1924 1365 2183 1426 maxime,
2216 1380 2339 1418 cum
2372 1367 2511 1420 alius
2540 1366 2642 1436 ipsi
2670 1367 2889 1436 adjutor
2914 1367 3107 1421 adesse
3142 1374 3353 1438 poterat
3377 1368 3467 1421 nul
3488 1396 3500 1407 -

1924 1455 2032 1518 lus,
2072 1464 2268 1526 praeter
2299 1474 2465 1511 unum
2492 1459 2668 1529 ipsum
2691 1459 2973 1528 quitotius
3000 1459 3199 1529 negotii
3219 1467 3364 1514 esset
3394 1476 3499 1530 gu-

1922 1546 2203 1605 bernator.
2237 1546 2503 1614 Quocirca
2533 1550 2661 1603 dum
2689 1556 2830 1613 orat,
2865 1549 2944 1607 sic
2970 1552 3044 1604 ait
3072 1566 3085 1601 :
3122 1569 3140 1601 ι
3172 1549 3249 1606 Ne
3276 1550 3497 1606 recedas

1928 1654 1958 1693 a
1990 1655 2098 1705 me,
2135 1642 2392 1710 quoniam
2422 1642 2639 1701 aﬂlictio
2676 1659 2849 1720 prope
2897 1645 3073 1706 adest,
3105 1645 3363 1714 quoniam
3391 1661 3497 1700 non

253 1730 431 1791 σιλεὺς
460 1730 571 1786 τῶν
612 1733 896 1790 Ἰουδαίων.
977 1737 1086 1789 Καὶ
1123 1735 1498 1805 ἐμπτύσαντες
1530 1740 1610 1803 εἰς
1636 1741 1817 1802 αὑτὸν,

1924 1741 2007 1787 est
2038 1733 2130 1803 qui
2168 1733 2404 1803 adjuvet.
2438 1755 2457 1786 ι
2492 1716 2702 1793 Divinis
2733 1746 2914 1791 autem
2966 1736 3209 1791 oraculis
3241 1752 3494 1798 cernens,

251 1823 442 1879 ἔλαϐον
484 1825 573 1878 τὸν
603 1826 844 1897 κάλαμον
873 1868 887 1891 ,
944 1829 1037 1881 καὶ
1069 1829 1297 1883 ἔτυπτον
1330 1834 1408 1895 εἰς
1453 1832 1551 1904 τὴν
1583 1834 1820 1907 κεφαλὴν

251 1916 435 1971 αὐτοῦ.
500 1918 607 1972 Καὶ
656 1921 742 1973 ὅτε
781 1920 1067 1988 ἐνέπαιξαν
1104 1923 1291 1995 αὐτῷ,
1352 1925 1607 1991 ἐξέδυσαν
1660 1930 1821 1983 αὑτὸν

249 2008 349 2079 τὴν
391 2009 631 2080 χλαμύδα
659 2051 675 2075 ,
711 2012 804 2064 καὶ
836 2012 1086 2067 ἐνέδυσαν
1114 2016 1275 2069 αὑτὸν
1307 2016 1373 2069 τὰ
1404 2017 1592 2085 ἱμάτια
1616 2020 1779 2074 αὐτοῦ
1805 2039 1817 2052 ³

249 2102 344 2153 καὶ
383 2102 664 2170 ἀπήγαγον
703 2104 862 2157 αὑτὸν
900 2107 979 2169 εἰς
1022 2105 1083 2158 τὸ
1123 2107 1453 2179 σταυρῶσαν
1488 2128 1505 2160 ι
1544 2115 1821 2183 μονονουχὶ

247 2192 397 2263 ἔργῳ
458 2193 787 2266 πληροῦντες
835 2195 895 2250 τὸ
920 2238 934 2262 ,
1006 2216 1023 2249 t
1052 2200 1173 2253 ’Ὁτι
1208 2198 1520 2256 ἐκύκλωσαν
1559 2220 1625 2273 με
1662 2205 1822 2268 κύνες

248 2282 471 2347 πολλοὶ,
507 2285 791 2355 συναγωγὴ
846 2291 1291 2363 πονηρευομένων
1322 2293 1607 2364 περιέσχον
1670 2313 1736 2366 με
1756 2313 1768 2325 ·
1796 2315 1815 2347 ι

247 2373 385 2425 am
420 2376 512 2428 καὶ
554 2374 636 2440 τὸ,
691 2395 709 2427 ι
738 2377 973 2449 Ὄρυξαν
1006 2381 1192 2451 χεῖράς
1230 2400 1329 2452 μου
1366 2384 1459 2437 καὶ
1494 2385 1660 2449 πόδας
1696 2404 1820 2456 μου,

246 2463 621 2541 ἐξηρίθμησαν
678 2472 854 2525 πάντα
907 2472 975 2525 τὰ
1028 2474 1161 2527 ὀστᾶ
1215 2493 1313 2545 μου
1332 2494 1351 2511 -·
1390 2495 1407 2527 ι
1463 2477 1556 2530 καὶ
1612 2478 1691 2530 ἔτι
1736 2480 1818 2544 τὸ,

255 2580 278 2614 ι
312 2563 472 2616 Αὐτοὶ
522 2564 578 2617 δὲ
623 2565 956 2636 κατενόησαν
1006 2566 1099 2618 καὶ
1145 2567 1354 2620 ἐπεῖδον
1398 2586 1497 2640 με,
1531 2589 1549 2620 ι
1601 2571 1819 2633 καὶτὸ,

255 2675 278 2708 ο
312 2657 695 2729 Διεμερίσαντο
738 2658 805 2711 τὰ
844 2659 1037 2728 ἱμάτιά
1068 2677 1168 2730 μου
1212 2662 1440 2723 ἑαυτοῖς,
1477 2662 1569 2714 καὶ
1607 2663 1700 2714 ἐπὶ
1729 2662 1821 2715 τὸν

248 2750 540 2821 ἱματισμόν
567 2769 667 2821 μου
696 2751 883 2805 ἔϐαλον
908 2751 1127 2824 κλῆρον,
1155 2773 1172 2805 ι
1210 2749 1362 2817 αὖθις
1387 2753 1706 2825 ἐπληροῦτο,
1731 2756 1821 2808 ὅτε

245 2842 400 2914 ἣλοις
426 2842 589 2901 αὑτοῦ
627 2843 726 2906 τὰς
756 2847 943 2915 χεῖρας
983 2845 1076 2898 καὶ
1114 2845 1239 2908 τοὺς
1276 2845 1437 2910 πόδας
1479 2846 1556 2915 τῷ
1602 2845 1821 2917 σταυρῷ

247 2935 603 3005 κατέπειραν,
646 2936 737 2989 καὶ
774 2936 1010 3008 ὁπηνίκα
1042 2935 1108 2988 τὰ
1141 2936 1330 3007 ἱμάτια
1366 2936 1532 2989 αὑτοῦ
1565 2938 1819 3001 λαϐόντες

243 3025 626 3098 διεμερίσαντο
686 3028 917 3089 ἑαυτοῖς.
991 3027 1049 3080 Ὀ
1111 3026 1243 3094 γοῦν
1295 3027 1552 3097 ’Ἰωάννης
1613 3030 1817 3098 ἱστορεῖ

1922 1836 2048 1877 eum
2075 1821 2253 1876 adlmc
2284 1823 2358 1876 illi
2410 1838 2607 1893 corpus
2655 1826 2712 1879 in
2748 1826 2895 1895 ligno
2946 1834 3094 1883 esset
3145 1842 3494 1896 suspensum,

1918 1913 2268 1968 extrinsecus
2299 1916 2509 1969 circum
2560 1916 2706 1972 hunc
2741 1930 2921 1973 aerem
2978 1927 3264 1974 versantes
3313 1919 3497 1974 incor-

1924 2020 2117 2075 porcas
2144 2017 2196 2060 et
2226 2007 2542 2063 hominibus
2571 2008 2870 2070 invisibiles
2892 2018 3214 2080 potestates,
3237 2029 3357 2083 qua:
3384 2014 3497 2073 cir-

1924 2112 2047 2151 cum
2080 2099 2257 2169 ipsum
2294 2101 2452 2170 quasi
2485 2100 2789 2156 crudivorrc
2819 2119 2947 2159 aves
2975 2112 3028 2158 et
3065 2104 3188 2159 fera:
3237 2106 3495 2161 advolve-

1922 2187 2141 2250 bantur,
2166 2197 2220 2242 et
2248 2189 2311 2242 ad
2344 2197 2615 2243 mortuum
2647 2191 2757 2246 cito
2789 2191 3030 2253 futurum
3074 2193 3245 2263 ipsius
3272 2209 3494 2264 corpus.

1923 2279 2162 2349 undique
2192 2279 2531 2338 continentes
2564 2282 2903 2351 principatus
2936 2291 2991 2338 et
3022 2291 3319 2354 potestates
3352 2286 3495 2340 acris

1920 2368 2087 2439 hujus
2124 2386 2186 2424 ac
2212 2372 2455 2440 spiritus,
2487 2372 2576 2441 qui
2597 2389 2739 2427 nunc
2763 2373 3054 2433 efﬁcaciam
3095 2390 3248 2431 suam
3274 2385 3494 2433 exercet

1923 2461 1977 2515 in
2012 2461 2136 2518 ﬁliis
2164 2467 2544 2525 contumaci-.e,
2576 2480 2672 2520 nec
2702 2481 2810 2519 non
2846 2466 2992 2520 circa
3028 2474 3229 2520 terram
3280 2481 3375 2536 per
3404 2474 3492 2520 too

1924 2561 2036 2608 tum
2070 2555 2279 2617 orbem,
2311 2556 2402 2625 qui
2442 2557 2695 2610 incolitur
2740 2557 2809 2612 ab
2861 2557 3173 2612 hominibus
3206 2559 3493 2614 volitantes

1916 2644 2219 2708 .dazmonrs,
2248 2647 2509 2701 credibile
2535 2655 2715 2703 autem
2747 2656 2829 2705 est
2862 2648 3063 2704 vidisse
3094 2648 3336 2709 infernas
3366 2668 3492 2722 quo-

1918 2753 2031 2807 que
2069 2752 2130 2791 ac
2158 2744 2429 2793 .tartareas
2456 2738 2667 2793 belluas
2701 2748 2945 2809 agrestes
2984 2749 3147 2810 atque
3167 2739 3493 2797 formidabi-

1916 2826 2021 2889 les,
2051 2827 2117 2882 de
2140 2828 2339 2898 quibus
2382 2828 2547 2883 Isaias
2566 2870 2581 2892 ,
2608 2828 2673 2885 ad
2703 2845 2824 2884 cum
2856 2831 2946 2900 qui
2972 2832 3037 2886 de
3060 2832 3199 2891 calo
3222 2833 3493 2889 ceciderat

1919 2916 2235 2975 Luciferum
2285 2934 2592 2974 sermonem
2649 2920 2954 2983 intendens,
2999 2923 3072 2977 ita
3126 2924 3489 2995 loquebatur:

1927 3029 1946 3063 ι
1970 3009 2219 3066 lnfernus
2253 3010 2441 3065 subter
2478 3012 2835 3069 conturbatus
2872 3021 2956 3069 est
2979 3013 3033 3068 in
3063 3030 3352 3071 occursum
3399 3018 3493 3072 ad.

244 3118 448 3187 λέγων·
488 3136 505 3167 ι
537 3118 597 3169 ΟΞ
634 3112 725 3170 οὖν
773 3115 1136 3189 στρατιῶται,
1187 3117 1275 3170 ὅτε
1325 3117 1675 3189 ἐσταύρωσαν
1725 3119 1817 3172 τὸν

1921 3113 2114 3159 ventus
2138 3103 2236 3165 tui,
2256 3103 2504 3163 suscitati
2530 3106 2766 3161 sunttibi
2796 3122 2988 3161 omnes
3018 3108 3265 3178 gigantes
3294 3129 3304 3164 :
3335 3128 3353 3161 ι
3377 3110 3491 3167 haec

257 3208 503 3279 Ἰησοῦν,
557 3207 743 3262 ἔλαϐον
792 3208 859 3263 τὰ
917 3209 1105 3280 ἱμάτια
1154 3208 1352 3273 αὑτοῦ,
1413 3210 1503 3268 καὶ
1558 3211 1818 3282 ἐποίησαν

244 3299 489 3371 τέσσαρα
519 3300 677 3371 μέρη,
707 3300 921 3371 ἑκάστῳ
951 3300 1256 3374 στρατιώτῃ
1284 3300 1463 3373 μέρος.
1488 3302 1589 3354 Τὸν
1618 3301 1819 3373 χιτῶνα

243 3391 329 3453 δὲ,
358 3392 439 3444 ὅτι
465 3393 708 3468 aegaeo,-
734 3388 823 3467 ἦν,
858 3394 922 3445 ἐκ
946 3392 1054 3445 τῶν
1082 3392 1285 3447 ἄνωθεν
1315 3394 1547 3463 ὑφαντὸς
1575 3393 1640 3446 δι’
1672 3395 1815 3459 ὅλου⁹

244 3480 406 3538 εἷπον
451 3484 584 3555 πρὸς
629 3483 886 3555 ἀλλήλους
910 3501 923 3513 ·
974 3485 1064 3555 Μὴ
1114 3484 1386 3556 σχίσωμεν
1440 3484 1622 3547 αὐτὸν,
1682 3484 1817 3537 ἀλλὰ

242 3576 502 3646 λάχωμεν
546 3576 671 3649 περ).
723 3575 885 3629 αὑτοῦ
933 3577 1075 3640 τίνος
1100 3576 1283 3639 ἔσται,
1337 3576 1422 3635 ἴνα
1464 3574 1721 3646 πληρωθῇ
1782 3576 1815 3645 ἠ

242 3667 443 3738 Γραφὴ
473 3669 505 3738 ἠ
530 3668 759 3736 λέγουσα
781 3685 793 3697 ·
826 3669 1213 3741 Διεμερίσαντο
1238 3670 1305 3722 τὰ
1337 3668 1527 3740 ἱμάτιά
1557 3686 1657 3739 μου
1686 3670 1816 3721 ἑαυ-

240 3760 398 3821 τοῖς,
444 3758 534 3811 καὶ
576 3760 669 3810 ἐπὶ
714 3758 805 3811 τὸν
854 3759 1142 3830 ἱματισμόν
1204 3776 1303 3829 μου
1360 3758 1547 3812 ἑϐαλον
1594 3757 1814 3828 κλῆρον.

244 3851 315 3903 Οἱ
386 3851 482 3920 μὲν
545 3846 637 3903 οὗν
707 3851 1034 3921 στρατιῶται
1094 3850 1263 3904 ταῦτα
1323 3851 1558 3905 ἐποίουν.
1608 3870 1628 3902 ι
1709 3850 1819 3903 Καὶ

243 3940 527 4004 Ματθαῖος
569 3940 625 3994 δέ
669 3945 780 4005 τοῖς
819 3940 1201 4012 γεγενημένοις
1248 3942 1436 3996 τοῦτον
1481 3944 1571 3996 τὸν
1618 3944 1818 4015 τρόπον

247 4036 522 4106 μαρτυρεί
551 4033 754 4102 λέγων’
807 4052 825 4083 ι
860 4032 1277 4105 Σταυρώσαντες
1318 4034 1374 4087 δὲ
1412 4035 1591 4098 αὑτὸν,
1637 4035 1819 4107 διεμερ

245 4125 473 4199 ρίσαντο
498 4126 565 4178 τὰ
602 4124 791 4195 ἱμάτια
816 4124 1002 4188 αὑτοῦ,
1033 4125 1282 4196 βαλόντες
1306 4126 1524 4199 κλῆρον,
1552 4127 1639 4180 ἵνα
1678 4128 1817 4200 πλη-

243 4210 399 4285 ρωθῇ
434 4211 495 4264 τὸ
528 4211 688 4283 ρηθέν
726 4211 813 4265 διὰ
847 4211 941 4273 τοῦ
978 4214 1257 4285 προφήτου
1280 4230 1292 4243 ⁸
1326 4216 1708 4288 Διεμερίσαντο
1750 4219 1820 4279 τὰ

246 4303 446 4372 ἱμάτιά
493 4321 592 4375 μου
637 4305 884 4369 ἑαυτοῖς,
944 4306 1037 4364 καὶ
1090 4307 1181 4361 ἑπὶ
1226 4308 1315 4361 τὸν
1371 4308 1661 4378 ἱματισμόν
1715 4327 1815 4380 μου

1923 3196 2104 3266 itaque
2135 3198 2317 3250 omnia
2353 3198 2731 3268 conspisiens,
2764 3214 2921 3259 suum
2965 3202 3311 3255 extrinsecus
3340 3203 3490 3257 cruci

1923 3286 2135 3342 aﬂixum
2158 3304 2359 3358 corpus
2386 3290 2439 3343 in
2478 3290 2662 3348 orbem
2699 3291 2995 3362 cingentia,
3030 3308 3195 3363 seque
3222 3293 3489 3355 adversus

1923 3380 2099 3449 ipsum
2130 3382 2505 3450 comparantia
2535 3382 2935 3443 multitudinem
2981 3400 3170 3441 eorum
3205 3386 3487 3445 collectam

1920 3471 2200 3537 describit,
2237 3474 2315 3527 sic
2342 3474 2532 3531 dicens
2564 3494 2575 3529 :
2616 3494 2633 3525 ‹
2669 3474 3169 3533 Δ(ζίτιιιιιπιιοιιειυιιι
3216 3496 3302 3535 me
3336 3481 3488 3545 vituli

1921 3564 2101 3626 multi,
2134 3565 2276 3618 tauri
2321 3565 2552 3636 pingues
2605 3567 2939 3624 obsederunt
2986 3586 3091 3626 me.
3144 3572 3489 3643 Aperuerunt

1920 3668 2084 3723 super
2104 3670 2189 3709 me
2211 3670 2272 3709 os
2300 3671 2480 3718 suum,
2509 3665 2565 3710 ut
2588 3657 2671 3712 leo
2704 3659 2922 3729 rapiens
2943 3668 2995 3715 ct
3026 3663 3263 3732 rugiens.
3292 3686 3311 3717 ι
3330 3664 3490 3737 504

1920 3745 2129 3801 Etenim
2149 3746 2285 3803 dum
2316 3749 2572 3811 animam,
2605 3759 2663 3803 ut
2697 3765 2794 3820 par
2828 3758 2932 3812 est,
2970 3753 3259 3808 humanam
3296 3735 3351 3809 et
3385 3735 3490 3810 cae;

1918 3839 2052 3894 teris
2081 3839 2312 3895 similem
2351 3856 2449 3895 nec
2481 3842 2716 3917 amplius
2746 3852 3004 3912 praaterea
3043 3845 3334 3916 quidquam
3366 3864 3488 3905 esse

1920 3932 2276 3992 arbitrantur,
2306 3933 2451 4003 quod
2500 3934 2553 3987 in
2596 3949 2823 4004 corpore
2861 3934 2988 3992 Jesu
3038 3938 3338 4004 habitabat,
3375 3941 3485 3998 bel-

1919 4023 2044 4089 luat,
2071 4024 2138 4079 de
2169 4026 2370 4094 quibus
2426 4024 2688 4089 diximus,
2734 4038 3062 4097 aperuerunt
3101 4044 3164 4086 os
3215 4047 3397 4099 suum,
3429 4042 3484 4089 ut

1910 4118 2373 4188 quemadmodum
2404 4118 2541 4175 alias
2586 4119 2872 4180 hominum
2928 4124 3137 4185 animas
3191 4141 3485 4183 consueve-

1915 4215 2061 4273 rant,
2099 4210 2173 4262 ita
2213 4210 2384 4265 etiam
2427 4211 2577 4266 hanc
2631 4212 2977 4278 devorarcnt,
3030 4229 3359 4287 quapropter
3404 4221 3487 4275 sic

1919 4303 1995 4355 ait
2032 4321 2045 4356 :
2089 4321 2108 4354 ι
2145 4302 2489 4373 Aperucrunt
2550 4322 2713 4378 super
2768 4324 2854 4363 me
2891 4324 2954 4365 os
3014 4327 3194 4374 suum,
3229 4320 3485 4378 tanquam

242 4393 441 4453 ἔϐαλον
489 4396 718 4468 κλῆρον’
771 4400 864 4457 καὶ
920 4398 1220 4471 καθήμενοι
1281 4401 1511 4471 ἐτήρουν
1554 4401 1735 4454 αὐτόν.
1792 4422 1810 4453 ι

1922 4391 2006 4447 leo
2034 4394 2250 4463 rapiens
2280 4403 2341 4449 et
2377 4398 2617 4467 rugiens,
2652 4417 2670 4448 ι
2728 4400 2927 4469 quibus
2982 4399 3240 4471 deinceps
3294 4402 3489 4471 adjun.

244 4486 427 4549 Κύνες
468 4486 525 4547 δὲ
566 4482 705 4556 ἦσαν
756 4489 1079 4554 κυκλοῦντες
1129 4491 1320 4555 αὑτὸν,
1376 4492 1471 4544 καὶ
1527 4491 1815 4564 συναγωγὴ

243 4576 714 4647 πονηρευομένων,
751 4579 799 4630 οἱ
832 4581 896 4633 ἐκ
922 4581 1221 4652 περιτομῆς
1248 4583 1508 4652 ἄρχοντες
1540 4585 1648 4639 τῶν
1684 4586 1815 4639 Ἰου-

242 4666 433 4731 δαίων,
474 4669 618 4722 οἵτε
656 4676 1000 4742 γραμματεῖς
1053 4675 1143 4726 καὶ
1190 4676 1239 4727 οἱ
1278 4675 1583 4747 ἀρχιερεῖς,
1629 4680 1721 4731 καὶ
1764 4680 1814 4740 οἱ

241 4758 548 4828 Φαρισαῖοι,
578 4761 626 4813 οἱ
661 4761 751 4814 καὶ
790 4763 850 4814 τὸ
880 4764 986 4815 πᾶν
1028 4764 1407 4829 ἀνασείσαντες
1440 4766 1639 4837 πλῆθος
1669 4765 1811 4833 ἐξαι-

239 4851 514 4924 τήσασθαι
550 4856 610 4913 τὸ
636 4849 773 4925 αἷμα
804 4855 967 4917 αὑτοῦ
999 4857 1119 4910 καθ’
1143 4859 1348 4913 ἑαυτῶν
1387 4860 1481 4914 καὶ
1521 4861 1663 4914 κατὰ
1706 4861 1814 4915 τῶν

242 4940 397 4997 ἰδίων
432 4946 654 5001 τέκνων.
696 4948 885 5017 Σαφῶς
913 4948 1044 5018 γοῦν
1088 4952 1115 5003 ὁ
1147 4950 1372 5015 Ἡσαΐας
1418 4951 1584 5016 κύνας
1616 4953 1815 5017 αὐτοὺς

243 5037 512 5092 ἀποκαλεῖ
554 5041 812 5108 φάσκωνν
868 5059 888 5092 ι
922 5043 1129 5106 Πάντες
1173 5042 1332 5107 κύνες
1373 5046 1533 5108 ἑνεοὶ,
1562 5046 1624 5103 ού
1650 5044 1812 5107 δυνά-

244 5146 401 5201 μενοι
437 5129 703 5193 ὑλακτεῖν.
736 5151 753 5183 ι
796 5133 924 5187 Δέον
960 5134 1069 5205 γὰρ
1106 5135 1324 5199 αὐτοὺς,
1358 5138 1406 5189 εί
1446 5139 1537 5190 καὶ
1567 5140 1642 5209 μὴ
1686 5155 1811 5192 ποι-

245 5217 426 5290 μένων
457 5220 652 5291 τρόπον
686 5222 1062 5299 ἀνειλήφεσαν,
1102 5223 1234 5278 ἀλλά
1260 5225 1419 5298 δίκην
1443 5226 1571 5295 γοῦν
1587 5228 1810 5296 ἀγαθῶν

244 5310 445 5373 κυνῶν,
484 5312 582 5383 τὴν
622 5312 716 5366 τοῦ
760 5314 1014 5369 δεσπότου
1059 5316 1282 5387 λογικὴν
1327 5318 1561 5389 ποίμνην
1608 5322 1701 5373 καὶ
1744 5319 1814 5373 τὰ

242 5403 491 5475 πρόϐατα
514 5405 607 5458 τοῦ
639 5406 786 5461 οἴκου
823 5408 1039 5482 Ἰσραὴλ
1084 5410 1465 5480 φυλάττοντας,
1512 5415 1811 5484 ἐπιστημο-

240 5494 412 5559 κκῶς
445 5495 715 5563 ὑλακτεῖν,
754 5498 1033 5567 σαίνοντας
1072 5503 1171 5574 μὲν
1211 5505 1306 5563 καὶ
1347 5504 1813 5579 ἑπιγινῶσκοντας

357 5675 399 5708 ³⁸
436 5673 588 5733 Joan.
627 5694 752 5743 xix,
785 5679 873 5738 ει.

1921 4485 2036 4556 git:
2073 4504 2091 4536 ι
2133 4486 2300 4552 Quasi
2327 4502 2468 4558 aqua
2498 4490 2704 4547 emisus
2736 4507 2876 4559 sum,
2918 4510 2935 4542 ι
2972 4492 3117 4563 quod
3158 4494 3377 4565 quidem
3402 4498 3487 4550 vel

1920 4580 2055 4652 ipsis
2084 4583 2336 4638 sensibus
2364 4584 2567 4652 percipi
2598 4585 2793 4653 potuit,
2825 4592 2986 4655 atque
3041 4585 3267 4641 historia
3300 4587 3485 4647 ﬁdem

1914 4674 2151 4737 faciente
2177 4677 2502 4745 completum
2523 4685 2763 4741 est,cum
2782 4678 3030 4733 videlicet
3058 4694 3199 4733 unus
3226 4679 3482 4745 militum,

1924 4774 1982 4821 u-t
2008 4773 2092 4822 est
2119 4767 2259 4837 apud
2290 4769 2679 4837 evangelistam
2703 4768 2993 4834 Joannem,
3035 4789 3054 4822 ι
3082 4770 3217 4839 Agni
3243 4769 3336 4832 Dei
3364 4781 3485 4831 lan-

1922 4873 2016 4913 cea
2045 4858 2187 4913 latus
2217 4859 2451 4928 aperuit,
2479 4870 2533 4912 et
2584 4859 2751 4913 exivit
2785 4859 3048 4914 continuo
3101 4875 3239 4930 aqua
3270 4867 3325 4916 et
3356 4874 3484 4919 san-

1920 4951 2044 5021 guis
2076 4951 2143 5013 ‘°,
2185 4969 2203 5001 ι
2241 4950 2335 5006 sed
2368 4958 2548 5011 tamen
2581 4960 2749 5005 totam
2780 4952 3076 5021 spiritualis
3098 4960 3305 5011 natura:
3333 4965 3475 5005 mor-

1919 5041 2270 5097 tilicationcm
2317 5041 2627 5112 signiﬁcare
2678 5042 2913 5106 videtur,
2947 5042 3039 5097 ubi
3095 5043 3215 5101 ait:
3255 5060 3276 5096 ι
3313 5039 3483 5106 Quasi

1921 5150 2061 5205 aqua
2102 5135 2308 5190 eliusus
2355 5151 2498 5199 sum,
2532 5143 2588 5191 et
2633 5135 2879 5206 dispersa
2930 5142 3059 5193 sunt
3113 5136 3295 5197 omnia
3356 5148 3485 5188 ossa

1920 5240 2057 5279 mea.
2100 5222 2322 5280 Factum
2368 5236 2452 5281 est
2483 5240 2579 5280 cor
2617 5241 2795 5280 meum
2842 5234 3096 5293 tanquam
3140 5239 3263 5285 cera
3311 5224 3485 5291 lique-

1921 5333 2081 5373 scens
2117 5319 2172 5372 in
2205 5315 2384 5381 medio
2413 5317 2617 5371 ventris
2665 5318 2791 5372 mei.
2830 5316 2988 5369 Aruit
3033 5323 3291 5389 tanquam
3341 5322 3484 5371 testa

1916 5409 2094 5465 virtus
2126 5417 2343 5475 meaet
2372 5410 2553 5481 lingua
2585 5421 2702 5463 mea
2751 5408 2980 5475 adhaesit
3025 5409 3231 5479 gutturi
3276 5422 3415 5465 meo.
3457 5425 3479 5459 ι

1919 5503 2062 5573 Quid
2092 5503 2242 5569 extio;
2277 5502 2426 5560 aliud
2478 5502 2697 5571 tandem
2729 5504 2981 5569 universa
3012 5502 3129 5571 hac
3154 5499 3482 5582 signiﬁcent,
