3936 6208
547 256 657 318 735

1203 254 1469 315 EUSEBII
1505 260 1707 316 CASSA
1716 260 1876 316 ΜΕΝ
1882 262 1988 318 518
2018 262 2078 319 Ol

2211 263 2393 320 PARS
2435 267 2496 322 ll.
2532 299 2600 309 -ο
2634 268 3133 329 AI'OLOGETICA.

3620 289 3695 351 7N

542 396 708 453 quam
740 394 941 434 mortui
974 378 1223 447 corporis
1257 377 1665 435 conditionem?
1689 378 1917 448 proinde
1966 379 2076 434 illic

2177 381 2306 442 λτὸν
2355 384 2564 438 ἑαυτῶν
2608 384 2874 458 δεσπότην
2927 390 3022 443 καὶ
3072 391 3451 464 ἀρχιποιμένα,
3507 399 3624 476 πάσι·⁸
3652 425 3696 461 τι

545 471 792 543 adiungit
822 469 953 524 illud
989 480 1006 524 ι
1047 488 1065 520 ι
1104 467 1171 522 Et
1198 469 1253 524 in
1279 469 1555 540 pulverem
1608 469 1802 525 mortis
1833 470 2109 525 deduxisti

542 579 649 619 me.
686 580 706 613 ι
742 560 867 616 Ηιεο
896 559 1061 631 igitur
1083 560 1214 615 dum
1272 562 1521 630 providet
1578 562 1819 617 nondum
1860 561 2024 627 facta,
2053 573 2111 618 ut
2162 575 2169 579 '

2214 475 2426 567 φυλακῇ
2474 477 2571 549 τὴν
2623 483 3059 553 πεπιστευμένην
3112 484 3295 548 αὐτοῖς
3339 487 3546 562 ποίμνην
3576 475 3696 567 opos-

2212 566 2457 638 ροῦντας,
2485 569 2734 625 ὑλακτεῖν
2764 571 2843 637 δὲ,
2879 575 2929 627 εί
2954 573 3081 646 ἀρα,
3111 576 3248 629 κατά
3290 577 3396 631 τῶν
3422 580 3587 645 ἔξωθεν
3610 566 3697 642 ἔτι.

539 651 886 708 sdventautia
916 659 1100 707 tamen
1126 658 1181 708 et
1196 652 1264 708 de
1290 658 1538 723 proximo
1562 653 1924 718 imminentia,
1952 665 2008 710 et
2030 670 2078 711 se

2208 657 2572 714 δουλευόντων
2609 663 2675 732 τῇ
2705 662 2908 733 ποίμνῃ
2930 679 2946 694 ·
2981 663 3031 716 oi
3061 663 3117 717 δὲ
3158 664 3334 720 κυνῶν
3361 669 3535 740 τρόπον
3556 674 3699 741 ὲνεῶν,

537 745 713 815 ipsum
738 743 965 814 jamjam
1018 743 1520 807 circumvenientia,
1551 743 1786 800 dicebat.
1839 744 1945 800 Sed
1985 761 2109 801 rur-

534 849 631 892 sus
660 834 905 906 repetitis
934 835 1003 891 iis
1038 851 1163 906 quae
1183 835 1298 905 jam
1334 842 1494 889 antea
1547 842 1695 906 gesta
1752 844 1901 898 sunt,
1934 844 1991 891 ut
2021 853 2109 894 se-

534 928 712 998 ipsum
746 928 814 982 de
847 928 916 983 iis
943 936 1063 998 quae
1104 936 1291 997 postea
1345 937 1605 983 eventura
1634 935 1812 992 erant,
1846 931 2106 985 consola-

533 1029 706 1081 retur,
741 1033 866 1089 qua:
897 1020 1220 1074 sustinuerit
1240 1018 1459 1075 insidiis
1488 1020 1913 1085 circumventus,
1948 1021 2107 1077 docet

531 1112 618 1167 his
642 1111 825 1167 verbis
856 1129 870 1165 :
908 1129 927 1162 ι
967 1112 1234 1177 Quoniam
1282 1110 1759 1167 circumdederunt
1794 1127 1880 1167 me
1937 1123 2104 1169 canes

532 1204 708 1260 multi.
763 1203 1125 1275 (longregatio
1174 1202 1587 1272 maliguautium
1647 1203 1861 1259 obsedit
1913 1219 2036 1259 me:
2076 1223 2095 1256 ι

530 1296 731 1366 quibus
760 1310 895 1351 sane
938 1295 1118 1350 verbis
1163 1301 1278 1348 tum
1334 1294 1485 1366 ipsos
1543 1294 1744 1350 milites
1792 1305 1906 1349 tum
1936 1297 2099 1351 etiam

528 1389 746 1445 Judaros
795 1391 889 1459 qui
957 1388 1014 1442 in
1065 1388 1305 1457 seipsum
1351 1388 1821 1457 conspiraverant,
1870 1387 2100 1459 intelligi

530 1482 664 1535 vult.
708 1479 988 1550 Siquidem
1027 1498 1046 1531 ι
1085 1480 1288 1535 milites
1312 1477 1472 1534 Pilati
1519 1479 1882 1549 suscipientes
1902 1478 2097 1536 desum

528 1572 585 1629 in
641 1572 915 1644 praetorio.
950 1577 1422 1642 congregaverunt
1481 1572 1549 1625 ad
1596 1585 1723 1625 eum
1786 1571 2097 1626 univeisam

525 1668 826 1724 cohortem.
859 1665 926 1720 Et
955 1675 1217 1721 exuentes
1238 1681 1386 1729 eum,
1415 1664 1751 1738 chlamydem
1781 1662 2095 1720 coecineam

2207 752 2283 816 ὡς
2327 754 2543 824 ἀληθῶς
2575 757 2669 810 καὶ
2718 758 3033 829 μεμηνότων
3076 761 3200 824 τοὺς
3244 760 3499 833 ὑλαγμοὺς
3535 767 3697 840 ἔφερον,

2205 842 2274 896 τὰ
2307 844 2551 914 πρόϐατα
2584 845 2677 898 τοῦ
2715 847 2970 917 ποιμένος
3019 847 3411 920 ἐξαγριοῦντες,
3443 851 3561 908 ὥστε
3593 857 3699 912 εἰκό-

2203 948 2312 995 τως
2336 933 2522 995 αὐτοῖς
2552 933 2811 1004 ἁρμόζειν
2835 935 2925 989 τό·
2984 955 3002 986 ι
3030 937 3464 1008 Περιεκὺκλωσάν
3490 961 3546 1013 με
3580 946 3697 1015 save;

2204 1021 2422 1085 πολλοὶ,
2468 1024 2755 1096 συναγωγὴ
2802 1026 3250 1098 πονηρευομένων
3307 1031 3563 1103 περιέσχον
3595 1052 3692 1106 μευ

2203 1113 2312 1166 Καὶ
2348 1113 2549 1179 πάντες
2575 1115 2631 1168 δὲ
2665 1117 2714 1169 οἱ
2755 1118 2834 1181 είς
2871 1115 3029 1190 δεῦρο
3053 1118 3142 1173 τὸν
3177 1120 3356 1191 ὅμοιον
3390 1126 3565 1194 τρόπον
3594 1128 3697 1183 ἐκεί·

2200 1222 2312 1270 νοις
2332 1206 2799 1279 διαπραττόμενοι,
2834 1210 2891 1261 ἐν
2923 1208 3003 1280 τῷ
3034 1209 3366 1284 βλασφημεῖν
3394 1215 3478 1269 καί
3507 1216 3695 1272 ὑλακτεῖν

2199 1299 2288 1352 τὸν
2321 1299 2553 1370 Χριστὸν
2589 1298 2682 1352 τοῦ
2712 1299 2868 1363 Θεοῦ,
2896 1301 2997 1354 οῦκ
3039 1300 3105 1355 ἂν
3137 1302 3398 1376 ἀλλότριοι
3427 1306 3615 1361 ἐκείνων
3635 1308 3695 1363 λο-

2198 1388 2450 1459 γισθεζεν.
2505 1388 2662 1442 Ἀλλὰ
2707 1389 2811 1457 καὶ(
2838 1390 2888 1442 oi
2925 1389 3081 1463 δίκην
3125 1391 3234 1445 τῶν
3270 1394 3387 1446 τότε
3424 1393 3694 1448 ἀσεϐούντων

2199 1480 2546 1552 στρατιωτῶν
2590 1481 3052 1554 ἀνασταυροῦντες
3094 1483 3187 1536 τὸν
3209 1483 3332 1538 Υίδν
3363 1484 3451 1538 τοῦ
3475 1484 3588 1540 Θεοῦ
3627 1488 3695 1540 καὶ

2194 1570 2779 1644 παραδειγματίζοντες
2809 1574 2909 1628 οῦκ
2941 1574 3009 1629 ἂν
3035 1574 3136 1645 τῆς
3168 1576 3388 1629 ἐκείνων
3414 1577 3599 1647 μακρὰν
3623 1576 3671 1645 γέ

2197 1678 2369 1716 νοιντο
2402 1660 2711 1727 διαθέσεως.
2765 1663 2969 1728 Πάντες
3006 1659 3100 1718 οὖν
3143 1664 3310 1718 είσέτι
3360 1666 3449 1719 καὶ
3476 1664 3559 1718 νῦν
3584 1666 3623 1719 οἱ
3650 1666 3693 1720 tl

521 1761 1002 1817 circumdederunt
1030 1759 1102 1815 ei.
1151 1757 1219 1812 Et
1250 1758 1545 1829 plectentes
1577 1772 1836 1813 coronam
1887 1756 1953 1811 de
1982 1755 2078 1824 spi.

2196 1750 2354 1821 σῶμα
2384 1750 2478 1804 τοῦ
2506 1751 2763 1822 Χριστοῦ,
2796 1753 3042 1806 τουτέστι
3076 1754 3176 1825 τὴν
3212 1754 3536 1824 Ἐκκλησίαν,
3556 1753 3689 1808 λινῶ-

524 1853 633 1917 nis,
670 1852 1047 1922 imposuerunt
1077 1864 1241 1920 super
1282 1857 1447 1919 caput
1495 1847 1637 1918 ejus,
1683 1855 1739 1903 et
1770 1848 2092 1903 arundinem

524 1945 581 2000 in
612 1943 832 1999 dextera
861 1942 1001 2012 ejus.
1026 1939 1092 1994 Et
1121 1939 1350 2011 genibus
1380 1940 1534 1994 ﬂexis
1555 1947 1683 1995 ante
1714 1955 1861 2003 eum,
1893 1939 2091 1995 illude-

524 2038 656 2093 bant
685 2036 734 2092 ei
757 2034 1042 2091 dicentes:
1070 2031 1203 2098 Ave,
1227 2030 1340 2087 Rex
1369 2030 1702 2088 Judaeorum.
1739 2030 2093 2102 Efcxspuen-

520 2140 606 2185 tes
641 2131 695 2184 in
722 2142 867 2192 eum,
898 2133 1229 2196 acceperunt
1261 2123 1606 2190 arundinem,
1629 2135 1682 2179 et
1708 2125 2090 2195 percutiebant

512 2220 859 2293 caputeius.
915 2217 980 2274 Et
1030 2226 1316 2289 postquam
1360 2217 1652 2274 illuseruut
1700 2217 1773 2283 ei,
1821 2224 2090 2272 exuerunt

519 2329 644 2369 cuin
696 2309 1079 2393 chlamydem,
1153 2317 1208 2364 et
1262 2308 1558 2365 induerunt
1615 2321 1739 2363 eum
1789 2314 2086 2362 vestuuen-

519 2414 591 2469 tis
639 2410 756 2467 suis
789 2428 802 2464 :
830 2415 885 2464 et
938 2407 1282 2463 abduxerunt
1307 2422 1431 2462 eum
1460 2413 1520 2460 ut
1548 2403 1929 2472 t-ruciilgerent
1951 2402 2025 2468 ";
2061 2420 2081 2454 ι

519 2500 910 2575 propemodum
961 2514 1023 2554 re
1073 2500 1191 2570 ipsa
1236 2500 1570 2569 complentes
1630 2495 1762 2549 illud
1817 2514 1830 2550 :
1872 2515 1891 2547 ι
1930 2494 2082 2561 Quo-

508 2597 664 2651 utiam
737 2593 1214 2651 circumdederunt
1272 2606 1358 2646 me
1422 2605 1588 2646 canes
1659 2588 1813 2643 multi
1880 2607 1893 2643 :
1948 2602 2085 2641 con-

505 2690 701 2744 cilium
749 2688 1159 2758 malignantium
1208 2681 1422 2738 obsedit
1474 2695 1579 2735 me.
1639 2700 1658 2731 ι
1718 2677 1877 2749 505
1939 2679 2083 2745 Quin

516 2781 650 2838 illud
699 2781 863 2837 etiam
908 2799 921 2834 :
968 2796 987 2829 ι
1040 2776 1318 2832 Foderunt
1360 2787 1555 2827 manus
1597 2786 1749 2825 meas
1798 2778 1853 2826 et
1913 2770 2078 2841 pedes

506 2884 704 2936 meos,
734 2868 1216 2923 dinumeraverunt
1263 2862 1445 2917 omnia
1508 2877 1634 2917 ossa
1686 2874 1828 2916 mea.
1885 2879 1904 2912 ι
1946 2858 2081 2915 Item

504 2963 649 3017 illud
696 2981 710 3017 :
763 2978 782 3011 ι
824 2959 938 3031 ipsi
975 2967 1154 3012 autem
1202 2955 1692 3011 consideraverunt
1731 2960 1786 3008 ct
1827 2951 2080 3022 inspexe-

510 3063 642 3111 runt
683 3053 739 3108 in
777 3068 896 3116 me,
930 3071 951 3105 ι
985 3059 1040 3108 et
1095 3049 1227 3105 illud
1273 3068 1287 3105 :
1326 3068 1346 3101 ι
1389 3047 1705 3104 Diviserunt
1754 3045 2075 3101 vestimenta

502 3160 632 3204 mea
684 3145 812 3208 sibi,
866 3150 921 3200 et
950 3156 1119 3214 super
1145 3152 1348 3197 vestem
1401 3154 1582 3194 meam
1634 3143 1903 3193 miserunt
1956 3150 2076 3191 sor-

503 3246 642 3293 tem.
670 3255 697 3291 ι
733 3234 879 3299 Haec,
916 3233 1161 3304 inquam,
1183 3231 1376 3287 “omnia
1421 3237 1554 3285 tunc
1599 3230 1869 3301 completa
1922 3234 2073 3295 sunt,

502 3343 634 3383 cum
666 3327 721 3383 in
746 3337 909 3382 cruce
940 3333 993 3379 et
1018 3338 1212 3379 manus
1244 3323 1392 3378 illius
1418 3330 1469 3378 et
1494 3320 1677 3392 pedes,
1707 3322 1877 3377 clavis
1903 3328 2077 3377 trans-

502 3420 767 3485 'ﬂxertmt,
817 3426 872 3474 et
904 3430 1028 3472 cum
1056 3416 1211 3472 “illius
1239 3416 1563 3471 vestimenta
1609 3414 1964 3484 accipientes.
2008 3428 2072 3470 ea

509 3514 650 3561 inter
681 3521 741 3561 se
761 3504 1086 3561 diviserunt.
1118 3501 1250 3557 Nam
1272 3518 1392 3563 eam
1417 3518 1533 3558 rem
1580 3501 1821 3559 Joannes
1849 3504 2072 3575 exponit

506 3598 593 3656 bis
620 3598 843 3654 verbis:
880 3617 900 3649 ι
938 3596 1136 3652 Milites
1186 3596 1351 3667 igitur
1383 3610 1507 3650 cum
1541 3595 1945 3652 crueitixisseut
1975 3595 2069 3652 Je-

505 3705 651 3755 sum,
679 3694 1008 3761 acceperunt
1028 3687 1348 3743 vestimenta
1388 3686 1532 3755 eius,
1569 3694 1625 3741 et
1659 3685 1905 3742 fecerunt
1933 3704 2071 3758 qua-

500 3789 630 3836 tuor
659 3788 862 3852 partes,
890 3779 1185 3850 unicuique
1206 3778 1362 3832 militi
1388 3784 1596 3849 partem
1636 3792 1659 3832 τ
1698 3779 1884 3833 tunica
1916 3795 2065 3843 vero,

490 3871 629 3942 «quia
654 3870 1137 3927 eratincossutilis
1168 3885 1197 3922 a
1222 3883 1436 3925 summo
1463 3874 1717 3923 contexta
1745 3884 1840 3939 per
1859 3877 2064 3937 totum,

492 3966 757 4019 dixerunt
781 3964 922 4018 inter
957 3978 1016 4018 se
1047 3978 1060 4017 :
1098 3961 1175 4017 Ne
1205 3961 1522 4017 scindamus
1544 3975 1696 4019 eam.
1730 3961 1825 4016 sed
1871 3965 2067 4017 sortia-

497 4072 623 4112 mur
653 4056 721 4113 de
750 4057 841 4111 illa
868 4056 1027 4126 Cujus
1066 4055 1161 4119 sit,
1194 4062 1254 4109 ut
1285 4054 1605 4125 impleretur
1626 4052 1918 4125 Scriptura
1947 4072 2066 4127 qua:

487 4146 673 4201 dicit:
714 4146 907 4200 Partiti
946 4153 1079 4201 sunt
1124 4145 1454 4200 vestimenta
1503 4159 1623 4199 mea
1653 4144 1793 4209 sibi,
1816 4154 1872 4200 et
1901 4161 2066 4217 super

495 4246 700 4294 vestem
730 4252 904 4292 meam
938 4237 1205 4292 miserunt
1248 4244 1453 4291 sortem
1486 4254 1500 4291 :
1534 4247 1587 4292 et
1614 4238 1814 4294 milites
1842 4238 2061 4309 quidem

496 4330 613 4384 lucc
641 4330 887 4385 fecerunt
916 4329 984 4384 “.
1034 4346 1054 4379 ι
1092 4326 1380 4384 Matthteus
1410 4343 1540 4382 vero
1566 4329 1757 4384 iisdem
1785 4331 1951 4386 rebus
1971 4347 2063 4402 ge-

2196 1858 2343 1913 μενοι
2379 1845 2565 1913 χεῖρας
2598 1842 2763 1897 αὐτοῦ
2807 1845 2898 1897 καὶ
2930 1844 3094 1908 πόδας
3136 1844 3229 1899 καὶ
3261 1846 3470 1918 προσέτι
3494 1844 3691 1901 τάόστέσ

2190 1934 2646 2007 διαχειρίζονται,
2700 1936 2759 1990 εἴ
2802 1953 2865 2005 γε
2913 1937 3117 2002 πάντες
3167 1938 3227 1991 ἒν
3283 1939 3435 2011 σῶμα
3475 1942 3612 2011 ἐσμεν
3649 1940 3691 1993 ἐν

2190 2026 2431 2100 Χριστῷ,
2483 2029 2513 2080 ὀ
2559 2027 2617 2081 δὲ
2666 2028 2861 2094 καθεῐς
2905 2029 3149 2101 ἀλλήλων
3197 2032 3352 2104 μέλη.
3408 2034 3507 2087 Καὶ
3533 2034 3614 2087 οὑκ
3644 2030 3689 2086 ἀν

2188 2116 2331 2171 εἴποι
2362 2118 2395 2188 ἠ
2425 2117 2636 2191 κεφαλὴ
2663 2120 2776 2181 τοῖς
2809 2121 2934 2173 ποσί
2955 2137 2968 2151 ο
3011 2122 3245 2193 «Χρείαν
3279 2122 3426 2194 ὑμῶν
3447 2123 3537 2176 οῦκ
3559 2123 3685 2193 ἔχρη»

2186 2209 2263 2274 ὡς
2294 2209 2414 2263 οὐδὲ
2454 2211 2574 2274 ταῖς
2608 2212 2797 2283 χερσὶν
2849 2213 2899 2265 οἱ
2937 2212 3224 2285 ὀφθαλμοίι
3274 2214 3426 2268 Κατά
3460 2212 3573 2283 γοῦν
3598 2215 3689 2277 τοὺς

2188 2303 2414 2373 καιροὺς
2438 2301 2546 2355 τῶν
2574 2302 2850 2374 διωγμῶν,
2880 2303 2934 2358 εἴ
2959 2306 3086 2359 ποτέ
3119 2313 3242 2360 τινα
3269 2307 3405 2361 κατά
3429 2306 3526 2361 τῶν
3559 2304 3688 2377 μελῶν

2185 2392 2280 2446 τοῦ
2307 2392 2539 2465 Χριστοῦ
2578 2394 2715 2467 πρὸς
2747 2395 2855 2449 τῶν
2905 2395 3116 2469 ἐχθρῶν
3162 2400 3258 2452 καὶ
3303 2397 3552 2470 πολεμίων
3579 2398 3688 2468 ἐνερ-

2186 2488 2353 2553 γοίτο,
2401 2484 2543 2539 εἴποι
2586 2485 2660 2540 ἂν
2700 2487 2794 2541 καὶ
2845 2490 2974 2560 περὶ
3018 2488 3203 2543 αὐτῶν
3244 2487 3343 2545 οῦκ
3389 2490 3599 2563 ἀκαίρως
3628 2487 3684 2549 τὸ,

2190 2594 2211 2628 ι
2245 2577 2479 2649 Ὠρυξαν
2538 2582 2727 2653 χεῖράς
2789 2598 2920 2652 μου,
2982 2581 3078 2637 καὶ
3144 2583 3311 2648 πόδας
3367 2601 3461 2655 μου
3488 2623 3503 2648 ν
3549 2581 3686 2654 ἐξηρι-

2185 2667 2401 2740 θμησαν
2451 2671 2629 2726 πάντα
2673 2674 2742 2727 τά
2787 2674 2926 2728 όστᾶ
2965 2690 3089 2745 μου.
3140 2677 3306 2730 Αὐτοὶ
3331 2674 3386 2729 δὲ
3421 2674 3687 2746 κατενόησαν

2183 2763 2278 2815 καὶ
2321 2763 2530 2818 ἐπεῖδόν
2587 2781 2673 2835 με.
2707 2784 2725 2818 ι
2780 2766 2914 2819 Τότε
2971 2767 3028 2821 δὲ
3083 2770 3179 2822 καὶ
3241 2764 3606 2841 δσαμερίζονται
3637 2763 3686 2816 τὰ

2185 2853 2377 2923 ἱμάτια
2407 2848 2571 2908 αὐτοῦ
2599 2856 2830 2920 ἑαυτοῖς,
2868 2856 2963 2910 καὶ
2999 2858 3092 2910 ἐπὶ
3112 2858 3206 2911 τὸν
3256 2857 3529 2930 ἱματισμὸν
3566 2851 3685 2909 αὐτοῦ

2183 2943 2432 3015 βάλλουσι
2483 2947 2713 3020 κλῆρον,
2757 2949 2845 3003 ὅτε
2889 2950 2982 3004 τὸν
3009 2949 3105 3003 τοῦ
3149 2951 3311 3020 λόγου
3358 2951 3567 3022 κόσμον,
3600 2948 3683 3019 ἦτοι

2178 3038 2276 3102 τάς
2302 3036 2473 3104 λέξεις
2492 3038 2604 3093 τῶν
2638 3041 2799 3094 θείων
2825 3042 3075 3113 Γραφῶν,
3117 3043 3310 3098 ἄλλοτε
3331 3044 3494 3108 ἄλλως
3512 3044 3685 3102 ἕκαστος

2104 3102 2147 3162 C
2178 3102 2502 3204 διαφθείρων
2537 3102 2982 3199 ἐπισπᾶται,.καὶ
3008 3102 3097 3190 ὅτε
3127 3137 3233 3202 τὰς
3260 3140 3385 3211 περὶ
3408 3102 3552 3192 αὐτοῦ
3572 3133 3684 3199 δόξας

2174 3219 2518 3295 διαστρόφοις
2568 3224 2945 3291 διδασκαλίαις
3008 3226 3513 3300 ἀπολαμϐάνουσιν,
3571 3228 3685 3281 ὁποῖα

2178 3315 2407 3388 σύνηθες
2446 3320 2559 3382 τοῖς
2596 3316 2778 3382 ἀθέοις
2810 3318 3152 3390 αἱρεσιώταις
3204 3324 3396 3374 ποιεῖν.
3445 3321 3551 3375 Ἐπὶ
3590 3319 3685 3372 πᾶσι

2173 3407 2382 3472 τούτοις
2428 3408 2564 3480 πρὸς
2609 3408 2700 3462 τὸν
2745 3408 2943 3463 ἑαυτοῦ
2977 3409 3111 3464 Θεὸν
3158 3414 3254 3466 καὶ
3277 3412 3473 3485 Κύριον
3504 3411 3583 3464 καὶ
3605 3408 3686 3462 Πα-

2173 3499 2307 3572 τέρα
2349 3500 2447 3571 τὴν
2476 3500 2641 3572 εὐχὴν
2684 3499 3001 3565 ἀποτείνας,
3047 3503 3311 3576 ἐπιφέρει
3364 3502 3555 3573 λέγων·
3595 3498 3683 3552 «Σὺ

2170 3589 2249 3655 δὲ,
2289 3591 2492 3662 Κύριε,
2543 3592 2616 3662 μὴ
2653 3592 2936 3667 μακρῦνῃς
2979 3593 3078 3665 τὴν
3117 3594 3377 3666 βοήθειάν
3420 3613 3528 3668 μου.
3565 3614 3581 3646 ι
3622 3591 3687 3644 ’θ’

2170 3683 2280 3755 γὰρ
2325 3684 2406 3747 είς
2452 3683 2625 3755 βραχὺ
2660 3683 3038 3753 καταλειφθεὶς
3074 3687 3218 3758 πρὸς
3262 3688 3360 3759 τὴν
3394 3686 3482 3741 τοῦ
3527 3684 3685 3754 ἀγῶνος

2170 3774 2448 3842 ἐπίδειξιν,
2498 3775 2589 3828 καὶ
2637 3776 2796 3845 μόνος
2829 3775 2949 3846 δίχα
2984 3776 3186 3848 βοηθοῦ
3219 3781 3358 3852 πρὸς
3390 3782 3478 3835 τὸν
3512 3780 3685 3834 θάνατον

2169 3868 2596 3939 ἀποδυσάμενος,
2634 3864 2692 3921 εὖ
2728 3869 2882 3933 εἰδὼς
2917 3869 3016 3941 τὴν
3050 3871 3312 3944 βοήθειαν
3342 3875 3439 3947 τὴν
3467 3872 3592 3945 παρά
3614 3868 3681 3923 τοῦ

2167 3961 2378 4032 Πατρδς
2424 3961 2526 4014 οὐκ
2568 3960 2742 4025 ἄλλως
2786 3961 2934 4032 αὐτῷ
2976 3960 3309 4036 γενήσεσθαι
3353 3967 3386 4038 ἢ
3419 3965 3500 4020 διὰ
3529 3964 3609 4034 τῆς
3636 3962 3683 4014 ὲκ

2166 4053 2375 4125 νεκρῶν
2448 4053 2797 4118 ἀναστάσεως
2823 4094 2839 4119 ,
2902 4055 3127 4119 εἰκότως
3192 4059 3289 4112 ἐπὶ
3316 4058 3409 4112 τοῦ
3475 4056 3681 4128 παρόντος

2165 4144 2379 4216 εὔχεται
2419 4145 2650 4212 διεξόδου
2697 4148 2879 4215 τυχεῖν
2923 4147 3023 4218 τῆς
3060 4147 3171 4201 τῶν
3219 4149 3516 4203 ἀντιπάλων
3550 4159 3683 4217 mps-

2163 4235 2386 4302 τάξεως.
2431 4236 2523 4290 Διό
2549 4253 2709 4310 φησιο
2742 4236 2847 4290 «Σὺ
2876 4235 2953 4301 δὲ,
2983 4237 3178 4309 Κύριε,
3215 4240 3291 4311 μὴ
3329 4239 3582 4312 μακρῦνῃς
3611 4235 3682 4303 τὴν

2165 4326 2413 4399 βοήθειάν
2464 4343 2597 4397 μου,
2650 4327 2732 4389 είς
2774 4325 2874 4397 τὴν
2914 4326 3205 4400 ἀντίληψιν
3261 4344 3363 4401 μου
3415 4329 3677 4401 sgmxng

496 4422 599 4478 stis
644 4423 698 4477 in
731 4423 879 4477 hunc
920 4423 1140 4479 modum
1172 4423 1330 4478 [idem
1360 4421 1489 4476 facit
1522 4441 1536 4476 :
1572 4440 1591 4472 ι
1631 4422 1926 4492 Postquam
1957 4437 2058 4478 au-

2177 4419 2261 4473 ³ιά
2293 4419 2402 4491 γὰρ
2442 4419 2542 4490 τῆς
2590 4418 2690 4489 σῆς
2740 4417 2992 4490 βοηθείας
3037 4420 3389 4494 emanet;
3438 4439 3519 4493 μοι
3562 4415 3680 4486 γενή-

492 4523 600 4570 tem
630 4514 1021 4569 crucitixeruut
1049 4526 1194 4578 eum,
1226 4514 1530 4570 diviserunt
1557 4516 1881 4570 vestimenta
1916 4514 2057 4585 ejus,

483 4612 693 4660 sortem
741 4605 1133 4669 mittentes,ut
1178 4605 1493 4675 impleretur
1540 4603 1686 4675 quod
1732 4605 1937 4659 dictum
1972 4614 2059 4659 est

489 4709 590 4767 per
622 4695 936 4768 prophetam
992 4713 1007 4751 :
1060 4695 1369 4752 Diviserunt
1401 4699 1722 4753 vestimenta
1768 4710 1886 4752 mea
1926 4696 2053 4763 sibi,

486 4796 543 4844 et
568 4803 733 4860 super
753 4796 960 4844 vestem
992 4803 1169 4845 meam
1190 4790 1457 4844 miserunt
1487 4797 1688 4846 sortem
1721 4808 1735 4844 :
1768 4795 1824 4844 et
1862 4789 2059 4845 seden-

484 4887 571 4935 tes
602 4880 894 4936 servabant
931 4894 1058 4937 eum
1080 4880 1143 4935 ”.
1183 4900 1204 4934 ι
1250 4878 1428 4937 Canes
1451 4889 1630 4936 autem
1662 4879 1940 4951 erantqui
1989 4880 2055 4935 il—

485 4971 598 5027 lum
620 4971 1118 5037 circumdederant,
1161 4976 1218 5027 et
1262 4978 1567 5027 conventus
1612 4971 2050 5042 malignautium,

483 5060 590 5130 ipsi
623 5060 689 5116 ad
716 5060 1191 5118 circumcisionem
1214 5060 1549 5132 pertinentes
1577 5061 1931 5131 magistratus
1960 5057 2052 5115 Ju-

482 5150 748 5215 daorum,
770 5157 826 5206 et
846 5149 1056 5209 Scribe
1081 5159 1136 5207 et
1159 5151 1435 5223 principes
1460 5150 1808 5206 sacerdotum
1832 5159 1886 5207 et
1908 5150 2051 5207 Pba-

482 5243 648 5306 riszni,
696 5242 794 5315 qui
822 5244 987 5300 etiam
1016 5243 1332 5300 universam
1362 5242 1771 5298 multitudinem
1821 5258 2048 5315 compu-

482 5332 682 5398 lerunt,
716 5341 779 5388 ut
806 5334 1129 5406 sanguinem
1163 5335 1388 5391 illiuset
1416 5333 1707 5389 adversum
1753 5335 1972 5407 seipsds
1995 5345 2049 5391 et

482 5424 771 5480 adversum
794 5425 933 5481 tilios
960 5439 1094 5482 suos
1125 5435 1391 5496 peterent.
1418 5422 1659 5481 Proinde
1678 5424 1851 5482 Isaias
1880 5428 2047 5496 plane

478 5511 603 5568 illos
626 5529 792 5573 canes
821 5524 998 5581 vocat,
1030 5517 1160 5573 dum
1182 5518 1317 5573 dicit
1344 5536 1363 5572 ι
1396 5533 1424 5569 ιι
1464 5514 1667 5573 Omnes
1715 5531 1882 5575 canes
1920 5526 2041 5574 stu-

2167 4524 2338 4573 σεται,
2377 4509 2445 4563 δι’
2466 4511 2531 4580 ἢν
2553 4509 2833 4579 ἀντίληψιν
2859 4511 2888 4563 ό
2916 4511 3022 4575 πᾶς
3053 4511 3286 4576 εἰκότως
3331 4510 3677 4584 προγέγραπται

2161 4599 2373 4672 eam;
2404 4601 2543 4671 ὑπὲρ
2564 4601 2662 4671 τῆς
2685 4600 2914 4671 ἑωθινῆς
2955 4603 3315 4675 ἀντιλήψεως,
3338 4605 3431 4668 Εἰς
3460 4605 3547 4674 τὴν
3572 4595 3678 4653 ἀντι·

2159 4691 2321 4765 ληψιν
2363 4692 2653 4765 τοιγαροῦν
2702 4693 2939 4763 πρόσχες
2963 4734 2978 4758 ,
3030 4706 3292 4768 παρέχων
3341 4715 3430 4771 μοι
3470 4697 3557 4769 τὴν
3589 4694 3675 4746 ὅσον

2155 4784 2309 4839 οὔπω
2333 4783 2473 4838 κατὰ
2493 4785 2592 4856 τὴν
2624 4784 2698 4837 ἕω
2722 4785 2785 4838 ὲκ
2810 4786 3019 4859 νεκρῶν
3047 4789 3401 4855 ἀναστάσεως
3431 4785 3672 4856 ἀντίληψιν.

2154 4868 2223 4946 ἦς
2269 4872 2470 4938 ἐλπίζω
2530 4872 2814 4939 τεύξεσθαι
2840 4916 2856 4940 ,
2924 4877 3065 4932 ὲπάν
3089 4918 3105 4942 ,
3170 4879 3247 4953 μὴ
3305 4878 3562 4953 μακρόνας
3601 4886 3672 4944 μσς)

2154 4963 2350 5036 αὐτὴν,
2395 4984 2416 5015 ι
2450 4965 2589 5039 ῥύσῃ
2640 4964 2752 5020 ἀπὸ
2798 4969 3071 5039 ῥομφαίας
3121 4971 3225 5042 τὴν
3267 4970 3444 5043 ψυχήν
3481 4986 3582 5040 μου,
3608 4962 3673 5017 καὶ

2152 5058 2219 5111 ὲκ
2263 5051 2444 5128 χειρὸς
2494 5054 2654 5121 κυνὸς
2696 5056 2800 5128 τὴν
2855 5058 3114 5131 μονογενῆ
3168 5076 3272 5133 μου
3293 5077 3308 5092 ·
3369 5059 3498 5114 ὲπάν
3539 5053 3672 5123 σώιῃς

2155 5164 2222 5220 με
2303 5148 2370 5203 ὲκ
2443 5148 2711 5219 πόματος
2790 5147 3008 5213 λέοντος
3030 5190 3047 5216 ,
3130 5152 3229 5206 καὶ
3296 5152 3405 5207 ἀπὸ
3478 5148 3669 5220 κεράτων

2154 5240 2539 5315 μονοκερώτων
2568 5241 2671 5312 τὴν
2690 5241 3018 5297 ταπείνωσιν
3054 5258 3157 5315 μου
3177 5258 3191 5275 ·
3225 5262 3246 5296 ι
3283 5244 3362 5298 Δι’
3389 5236 3459 5297 ὦν
3484 5238 3666 5313 ἡγοῦμαι

2149 5334 2311 5390 αὑτὸν
2339 5333 2439 5398 τάς
2471 5331 2853 5403 καταχθονίους
2891 5333 3226 5390 αἰνίττεσθαι
3252 5336 3518 5407 δυνάμεις,
3541 5325 3601 5384 ὧν
3620 5324 3663 5381 ὠ

2148 5425 2269 5481 καθ’
2297 5426 2444 5497 ἡμᾶς
2495 5425 2563 5479 ἂν
2614 5424 2700 5496 εἴη
2748 5426 2872 5480 κατ’
2900 5421 3040 5492 εἶδος
3096 5425 3489 5481 διαστείλασθαι
3510 5414 3660 5477 tum:

2146 5517 2471 5584 sletv,6w;
2497 5517 2532 5589 ἡ
2556 5516 2656 5588 μέν
2679 5532 2764 5580 τις
2782 5516 2964 5573 αὐτῶν
2988 5518 3236 5589 ῥομφαία
3263 5515 3396 5576 οὖσα
3415 5512 3662 5573 tiva

550 5695 595 5729 “
632 5694 822 5752 Matth.
855 5715 1038 5765 xmt,
1073 5698 1260 5754 27—51.
1341 5700 1383 5731 "
1409 5699 1580 5756 Joan.
1614 5716 1742 5771 ιιι,
1772 5701 1962 5771 αδμ.
2042 5703 2085 5736 ⁸³
2120 5701 2173 5757 Μ
2210 5702 2312 5757 tth.
2350 5714 2539 5770 sxw,
2573 5699 2761 5773 35,35.
