3868 6192
217 291 313 346 785

1103 281 1755 340 DEMONSTRATIONIS
1795 278 2251 337 EVANGELICAE
2285 282 2408 336 LIB.
2451 281 2516 335 Χ.

3343 279 3439 334 1'58

218 402 343 459 κατά
370 401 461 473 τῆς
497 401 672 472 ψυχῆς
706 399 799 452 τοῦ
831 401 1077 470 Σωτῆρος
1110 403 1142 470 ἡ
1154 401 1268 470 μῶν
1288 417 1301 430 ·
1346 403 1378 470 ἡ
1413 400 1469 453 δέ
1498 417 1580 463 τις
1621 397 1766 450 κύων

1880 393 2006 466 pidi,
2028 397 2120 466 qui
2154 405 2432 467 nequeunt
2463 397 2662 450 latrare
2687 396 2748 450 ”.
2783 417 2800 447 ι
2835 395 2969 450 Cum
3000 396 3144 450 enim
3169 410 3263 451 eos
3284 411 3442 466 Opor-

217 493 335 550 οὗσα
373 493 602 561 θανάτῳ,
637 491 738 561 τὴν
781 489 1149 562 θανατηφόρον
1181 495 1336 564 χεῖρα
1383 490 1767 564 προύϐάλλετο,

218 588 290 649 είς
328 584 380 638 το
423 580 769 648 καθάψασθαι
816 579 1003 649 αὐτῆς.
1053 579 1142 631 Διό
1189 595 1351 651 φησι·
1391 598 1409 630 ι
1434 578 1618 631 Ῥὓσαι
1663 576 1770 630 ἀπὸ

221 677 470 751 ῥομφαίας
520 672 616 744 τὴν
658 672 834 742 ψυχήν
883 689 1006 741 μου,
1034 672 1127 724 καὶ
1158 671 1428 742 ὲκιχειρὸς
1472 669 1630 732 κυνὸς
1675 667 1771 738 τὴν

220 766 458 841 μονογενῆ
496 782 595 834 μου
615 781 628 794 ·
665 784 683 814 ι
724 763 852 832 ἄλλη
887 762 941 815 δέ
972 780 1054 825 τις
1089 762 1300 834 πονηρά
1332 763 1424 815 καὶ
1457 761 1562 814 τῶν
1593 763 1767 813 ὲκεῖσε

217 859 399 932 θηρίων
447 857 726 928 ἡγουμένη
778 855 1024 924 δύναμις,
1053 855 1189 907 λέων
1233 851 1766 925 προσαγορευομένη,

216 949 270 1002 τὸ
305 948 461 1000 πλατὺ
505 947 598 998 καὶ
630 944 825 1014 ἀχανὲς
857 944 949 996 τοῦ
981 943 1209 996 Θανάτου
1243 943 1414 1012 στόμα
1439 941 1766 1007 ὁιανοίξασα,

219 1039 343 1110 μετὰ
364 1039 466 1091 τῶν
499 1037 671 1091 ἄλλων
697 1035 805 1088 τῶν
832 1038 912 1098 είς
947 1034 1071 1106 ᾅδου
1107 1035 1402 1087 κατιόντων
1427 1034 1521 1087 καὶ
1544 1033 1640 1105 τὴν
1674 1034 1772 1085 αὑ-

215 1133 302 1186 τοῦ
329 1131 494 1202 ψυχὴν
523 1131 807 1182 καταπιεῖν
838 1128 1082 1199 ὥρμητο,
1111 1127 1390 1200 ὡσπεροῦν
1432 1127 1595 1180 πάλαι
1640 1126 1772 1196 πρό-

213 1242 357 1296 τερον
381 1223 638 1276 κατέπιεν
665 1224 692 1273 ὁ
716 1220 941 1282 θάνατος
979 1220 1220 1289 ἰσχύσας,
1245 1219 1341 1288 οὐχ
1369 1220 1554 1289 ἔτερος
1581 1217 1653 1270 ὢν
1676 1219 1768 1271 τοῦ

214 1313 426 1370 ἐνταῦθα
465 1313 698 1375 λέοντος,
731 1311 823 1363 τοῦ
870 1310 931 1362 τὸ
978 1310 1149 1380 στόμα
1195 1310 1334 1362 κατὰ
1383 1309 1472 1362 τοῦ
1522 1309 1769 1380 Σωτῆρος

215 1406 357 1480 ήμῶν
387 1403 734 1474 ἁνεῴξαντος,
771 1402 862 1469 ἀφ’
889 1395 946 1454 οὗ
978 1402 1070 1453 καὶ
1100 1401 1260 1453 αὑτοῦ
1293 1401 1526 1472 σωθῆναι
1554 1400 1641 1452 τὸν
1669 1401 1772 1453 Ila-

214 1498 334 1568 τέρα
380 1495 681 1568 παρακαλεῖ
731 1492 935 1561 λέγων⁹
998 1512 1015 1542 ι
1045 1491 1222 1544 Σῶσόν
1273 1509 1338 1562 με
1390 1495 1453 1544 ἐκ
1506 1492 1769 1560 στόματος

213 1589 425 1652 λέοντος.
460 1608 476 1638 ι
514 1583 634 1640 Εἶεν
666 1586 709 1638 δ’
735 1584 800 1638 ἂν
823 1586 915 1637 καὶ
941 1584 1093 1638 ἄλλαι
1118 1583 1261 1646 τινὲς
1283 1585 1514 1654 πονηραὶ
1545 1584 1638 1636 καὶ
1663 1582 1770 1635 θεό-

217 1696 366 1750 μαχοι
405 1676 679 1746 δυνάμεις,
726 1673 802 1744 τῷ
850 1671 1286 1745 μονοκέρωτιτοῦ
1310 1671 1442 1724 Θεοῦ
1475 1671 1769 1741 ἀντιπράτ-

1874 497 2032 552 teret,
2065 491 2278 544 tametsi
2329 493 2610 560 pastorum
2674 503 2880 543 morem
2921 503 3027 542 non
3059 499 3436 558 susceperant.

1873 586 2111 634 attamen
2143 581 2410 634 bonorum
2447 595 2643 634 canum
2679 579 2871 643 instar,
2911 577 3122 633 Domini
3153 580 3236 632 sui
3273 581 3440 631 ratio-

1874 674 2050 727 nalem
2085 688 2303 742 gregem
2335 679 2498 740 atque
2523 687 2652 726 oves
2688 668 2884 724 domus
2925 670 3090 725 lsrael
3124 671 3440 724 custodien-

1875 775 1977 827 tes.
2011 765 2170 819 docte
2198 780 2260 818 ac
2292 766 2584 834 prudenter
2606 765 2826 824 latrare.
2855 764 3249 834 Dominumque
3280 779 3436 818 suum

1872 871 1936 909 ac
1960 864 2237 926 pastorum
2269 855 2563 924 principem
2591 856 2900 909 demulcere
2933 863 3094 925 atque
3119 871 3435 926 agnoscere,

1871 950 2128 1017 omnique
2175 948 2421 1001 custodia
2457 947 2723 1001 creditum
2765 949 2866 1002 sibi
2897 964 3110 1018 gregem
3143 963 3438 1003 conserva-

1873 1055 1954 1102 re,
1986 1042 2186 1093 latrare
2213 1046 2392 1092 autem
2425 1037 2470 1091 si
2509 1038 2647 1091 forte
2683 1038 2939 1092 acerbius
2972 1039 3189 1100 vellent,
3244 1049 3438 1093 contra

1873 1148 1968 1186 eos
2004 1131 2057 1184 id
2096 1131 2292 1192 facere,
2325 1131 2414 1200 qui
2445 1131 2792 1184 extrinsecus
2831 1131 2982 1199 gregi
3023 1130 3435 1193 insidiareutur,

1875 1224 1978 1294 ipsi
2013 1233 2227 1284 contra,
2272 1238 2470 1275 canum
2528 1221 2871 1290 stupidorum
2927 1235 3095 1289 reque
3125 1235 3250 1274 vera
3291 1221 3439 1274 iusa-

1874 1316 2139 1369 nientium
2174 1315 2364 1378 instar,
2413 1315 2643 1368 latratus
2671 1328 2801 1367 suos
2830 1311 3150 1374 emiserunt,
3205 1320 3257 1364 et
3310 1325 3439 1366 oves

1872 1407 2112 1476 pastoris
2147 1405 2462 1469 efferarunt,
2496 1415 2554 1458 ut
2585 1406 2778 1459 merito
2810 1404 3099 1458 conveniat
3135 1403 3217 1457 eis
3254 1403 3384 1456 illud
3421 1421 3436 1456 :

1879 1519 1896 1550 ι
1944 1498 2436 1554 Circumdederunt
2469 1512 2552 1550 me
2584 1512 2751 1551 canes
2785 1497 2961 1562 multi,
2995 1495 3287 1549 concilium
3325 1511 3441 1548 ma-

1875 1589 2198 1658 lignantium
2247 1588 2463 1642 obsedit
2495 1604 2599 1642 me.
2641 1607 2658 1638 ›
2698 1587 2858 1657 506
2885 1586 3026 1652 Quin
3057 1587 3220 1640 etiam
3251 1601 3440 1640 omnes

1875 1681 2186 1750 quicunque
2220 1680 2274 1732 in
2304 1680 2448 1734 hunc
2480 1695 2655 1748 usque
2701 1678 2846 1732 diem
2897 1677 3080 1731 itidem
3114 1686 3175 1730 ut
3213 1677 3288 1730 illi
3326 1692 3444 1745 per-

212 1787 386 1825 τουσαι
432 1769 527 1822 καὶ
569 1766 1024 1838 ἀντιπαρεξάγειν
1050 1762 1214 1817 αὑτοῦ
1251 1766 1493 1835 ὲπιχειρο
1533 1781 1640 1825 σαι,
1677 1764 1767 1832 ἀφ’

1880 1780 2008 1842 gunt
2040 1772 2363 1826 maledicere
2387 1786 2450 1824 ac
2479 1771 2680 1824 latrare
2711 1769 2974 1824 adversus
3001 1768 3281 1822 Christum
3321 1767 3438 1827 Dei.

217 1859 279 1917 ὧν
308 1864 395 1915 καὶ
425 1860 603 1912 αὐτῶν
631 1860 658 1911 ὁ
690 1858 781 1910 τοῦ
802 1857 935 1913 Θεοῦ
972 1857 1298 1928 μονόκερως,
1327 1856 1484 1918 αὐτὸς
1509 1854 1538 1904 ὁ
1568 1857 1770 1926 Κύριος

219 1955 373 2027 ἡμῶν,
395 1953 552 2025 μόνον
581 1949 672 2002 τὸν
699 1949 920 2020 Πατέρα
949 1947 1113 2018 κέρας
1143 1946 1300 2016 ἔχων,
1332 1945 1428 2015 τὴν
1463 1944 1652 1997 ἑαυτοῦ
1685 1961 1773 1997 τα.

213 2046 451 2100 πείνωσιν
489 2039 750 2114 ρυσθῆναι
778 2039 937 2103 ἀξιοῖ,
968 2037 1138 2104 λέγων
1158 2054 1171 2066 ·
1207 2056 1225 2086 (
1261 2037 1368 2088 Καὶ
1397 2036 1502 2087 ἀπὸ
1529 2036 1770 2105 κεράτων

211 2132 580 2209 μονοκερὼτων
619 2133 706 2202 τὴν
746 2129 1070 2184 ταπείνωσίν
1107 2145 1227 2194 μου.
1259 2147 1276 2177 ι
1313 2127 1477 2179 Ποίαν
1506 2125 1560 2179 δὲ
1581 2127 1769 2181 ταπεί-

209 2247 357 2284 νωσιν
406 2227 440 2299 ἢ
493 2226 697 2296 ταύτην
748 2223 934 2293 αὐτὴν,
973 2221 1091 2276 καθ’
1123 2221 1187 2292 ἣν
1248 2239 1264 2270 ι
1298 2213 1353 2271 ὲν
1406 2222 1583 2290 μορφῇ
1637 2218 1770 2272 Θεοῦ

209 2322 456 2393 ὑπάρχων
483 2318 847 2371 ἐταπείνωσεν
875 2313 1062 2368 ἑαυτὸν
1084 2314 1176 2366 καὶ
1205 2313 1458 2375 ἐκένωσε,
1486 2313 1772 2381 γενόμενος

210 2416 435 2487 ὑπήκοος
470 2412 631 2483 μέχρι
663 2408 914 2469 θανάτου,
944 2405 1168 2460 θανάτου
1199 2404 1253 2456 δὲ
1281 2403 1545 2475 caupo-3;
1586 2423 1602 2454 ι
1637 2404 1772 2457 ἀλλά

151 2560 161 2576 ,
209 2508 305 2579 γάρ
336 2506 432 2559 ἐπὶ
465 2502 720 2556 τοσοῦτον
766 2496 1058 2562 κατελθὼν,
1091 2499 1183 2550 καὶ
1229 2496 1387 2567 μέχρι
1419 2494 1606 2548 τούτου
1634 2494 1770 2565 φθά-

213 2615 317 2661 σας,
345 2597 490 2665 λέγω
521 2595 582 2666 δὴ
615 2594 775 2666 μέχρι
797 2594 894 2664 τῆς
919 2594 974 2646 έν
1004 2591 1080 2662 τῷ
1111 2591 1210 2664 ᾄδῃ
1237 2590 1528 2661 ῥομφαίας,
1557 2589 1650 2642 καὶ
1676 2589 1770 2658 τῆς

211 2690 377 2762 χειρὸς
403 2687 496 2742 τοῦ
536 2685 721 2740 αὐτόοι
745 2685 1034 2754 λεγομένου
1071 2684 1228 2746 κυνὸς
1267 2681 1406 2752 (ὅθεν
1449 2683 1540 2734 καὶ
1577 2681 1772 2743 παῖδας

217 2782 476 2852 Ἑλλήνων
490 2778 651 2842 εἰκὼς
669 2779 745 2849 (1)
776 2776 1012 2830 τοιοῦτόν
1029 2792 1146 2828 τινα
1162 2773 1609 2845 παρακούσαντας
1637 2772 1772 2828 κύνα

209 2874 452 2936 θανάτου,
481 2873 574 2926 καὶ
608 2870 794 2924 τοῦτον
825 2867 1144 2940 τρικέφαλον
1169 2865 1633 2938 ἀναζωγρατεεϊν),
1679 2867 1772 2918 καὶ

210 2970 361 3041 μέχρι
392 2966 451 3020 δὲ
476 2966 582 3019 τῶν
617 2963 909 3036 φαρύγγων
939 2960 1031 3014 τοῦ
1060 2960 1526 3035 προδεδηλωμένου
1562 2957 1770 3021 λέοντος

1874 1865 1943 1919 ab
1974 1864 2082 1919 illis
2105 1864 2305 1918 diversi
2342 1863 2568 1933 putandi
2595 1878 2702 1916 non
2734 1869 2883 1919 sunt.
2920 1861 3029 1915 Nec
3061 1859 3440 1928 minusii,qui

1873 1964 2005 2010 tunc
2042 1955 2094 2008 in
2132 1957 2283 2009 illum
2319 1955 2482 2024 impie
2531 1954 2899 2024 grassantium
2954 1953 3187 2007 militum
3247 1953 3440 2014 instar,

1875 2064 2021 2103 nunc
2059 2049 2256 2103 Filium
2295 2048 2390 2104 Dei
2429 2049 2624 2104 iterum
2675 2048 2827 2102 cruci
2874 2047 3118 2118 aﬂigunt,
3154 2048 3445 2118 palamque

1873 2141 2168 2209 ignominia
2221 2137 2482 2202 alliciunt,
2536 2155 2642 2194 non
2691 2139 2849 2208 longe
2894 2139 3186 2194 admodum
3221 2141 3291 2195 ab
3321 2141 3444 2194 illo-

1873 2249 1994 2286 rum
2046 2233 2252 2287 nefaria
2287 2233 2568 2287 voluntate
2617 2234 2912 2299 recedunt;
2963 2247 3154 2287 omnes
3206 2247 3337 2287 vero
3385 2233 3442 2286 hi

1875 2331 2025 2386 sunt,
2055 2323 2147 2392 qui
2189 2324 2351 2375 etiam
2395 2337 2540 2376 nunc
2565 2320 2767 2376 Christi
2798 2335 3018 2389 corpus,
3049 2319 3150 2372 hoc
3194 2325 3297 2384 est,
3337 2317 3441 2371 Ec-

1875 2417 2098 2471 clesiam
2125 2415 2514 2484 suscipientes,
2540 2429 2736 2468 manus
2767 2414 2914 2467 illius
2943 2418 2996 2466 et
3032 2412 3196 2480 pedes
3229 2419 3285 2465 et
3311 2425 3439 2465 ossa

1876 2516 2136 2578 prazterea
2179 2506 2472 2575 dissipant,
2519 2505 2564 2560 si
2607 2503 2768 2557 modo
2816 2517 3006 2556 omnes
3040 2517 3206 2555 unum
3239 2514 3440 2568 corpus

1877 2598 2146 2654 sumusin
2181 2597 2402 2652 Christo
2430 2595 2582 2655 Jesu,
2627 2595 2824 2665 singuli
2869 2601 3046 2647 autem
3096 2591 3438 2661 singulorum

1876 2689 2108 2743 invicem
2163 2689 2424 2742 men'ibra.
2476 2705 2494 2736 ι
2536 2685 2722 2756 Neque
2747 2701 2878 2740 vero
2906 2692 3068 2754 caput
3101 2685 3328 2755 pedibus
3356 2681 3441 2735 di-

1876 2781 2038 2842 xerit,
2076 2794 2239 2849 opera
2262 2786 2438 2832 vestra
2475 2793 2582 2832 non
2612 2777 2849 2848 indigeo,
2885 2777 3027 2831 sicut
3052 2793 3152 2830 nee
3188 2776 3441 2830 manibus

1876 2871 2095 2940 quidem
2133 2870 2278 2924 oeuli
2307 2870 2371 2924 ⁸⁵.
2419 2889 2437 2922 ι
2467 2868 2577 2924 Illis
2606 2885 2734 2938 ergo
2765 2870 3103 2938 temporibus
3133 2868 3331 2937 quibus
3359 2868 3442 2921 iu-

1875 2960 2210 3015 sectationes
2259 2967 2601 3029 grassantur,
2639 2961 2683 3014 si
2727 2975 2834 3029 qua
2873 2959 3010 3013 forte
3039 2958 3240 3014 Christi
3273 2972 3443 3012 mem-

209 3062 389 3124 ἐλθὼν,
420 3060 515 3113 καὶ
537 3057 633 3128 τὴν
659 3056 980 3109 ταπείνωσιν
1013 3051 1176 3107 αὐτοῦ
1204 3056 1314 3116 τοῖς
1339 3051 1648 3114 ἀντιπάλοις
1677 3049 1772 3104 καὶ

1880 3051 1974 3105 bra
2007 3052 2075 3105 ab
2105 3052 2343 3106 inimicis
2389 3063 2550 3122 atque
2590 3051 2841 3107 hostibus
2888 3061 3172 3112 vexentur,
3220 3065 3331 3105 non
3361 3052 3444 3104 in-

209 3153 489 3224 θεομάχοις
515 3148 876 3223 μονοκέρωσιν
903 3144 1276 3216 ὑποστρώσας,
1307 3143 1401 3196 καὶ
1421 3143 1512 3196 ἐπὶ
1537 3141 1690 3194 τοῦτό
1710 3158 1772 3209 γε

211 3244 349 3308 τέλος
381 3244 478 3313 τὴν
513 3243 688 3294 πᾶσαν
717 3236 1024 3307 οἰκονομίαν
1056 3235 1156 3308 τῆς
1183 3232 1373 3286 ἑαυτοῦ
1409 3230 1684 3293 κενώσεως
1713 3248 1772 3283 τε

209 3339 294 3390 καὶ
318 3334 701 3397 ταπεινώσεως
729 3333 951 3402 στήσας,
970 3331 1200 3383 κᾶπειτα
1226 3327 1520 3396 εὐξάμενος
1543 3326 1640 3396 ’ήδη
1669 3324 1776 3378 λοι-

209 3427 300 3482 πὸν
331 3428 512 3497 τυχεῖν
550 3425 648 3495 τῆς
694 3422 944 3493 βοηθείας
983 3421 1074 3473 καὶ
1107 3418 1204 3487 τῆς
1243 3418 1392 3489 παρά
1429 3416 1521 3469 τοῦ
1567 3415 1776 3487 [ἰατρὸς

208 3515 559 3584 ἀντιλήψεως,
586 3511 824 3579 ἐπιλέγει
845 3528 858 3541 ·
907 3529 924 3560 ι
957 3510 1027 3561 Σὺ
1051 3501 1127 3572 δὲ,
1156 3507 1347 3576 Κύριε,
1387 3506 1460 3578 μὴ
1497 3506 1776 3578 μακρύνῃς

209 3607 298 3676 τὴν
329 3605 581 3676 βοήθειάν
627 3621 750 3674 μου,
777 3606 854 3667 εἰς
881 3603 978 3674 τὴν
1008 3599 1289 3670 ἀντίληψίν
1321 3618 1422 3670 μου
1466 3600 1716 3671 πρόσχες.
1753 3619 1769 3650 ι

211 3696 311 3748 Καὶ
334 3694 479 3749 τοῦτ’
511 3695 677 3746 εἰπὼν
705 3695 805 3746 οὐκ
835 3695 912 3756 εἰς
947 3692 1162 3763 μακρὰν
1191 3691 1428 3761 ἐπηκόου
1449 3690 1543 3743 τοῦ
1571 3689 1779 3759 Πατρος

212 3787 478 3856 τυγχάνει,
533 3784 606 3855 μὴ
660 3782 1096 3854 μακρυνθέντος,
1147 3781 1278 3852 μηδὲ
1332 3779 1392 3833 τὺ
1446 3778 1778 3850 βραχύτατον

213 3875 596 3945 ὑπερθεμένου,
625 3873 805 3935 αὐτοῖς
847 3871 904 3924 δὲ
957 3871 1138 3943 ἔργοις
1194 3872 1473 3944 μονονουχὶ
1515 3874 1780 3940 φήσαντος

212 3964 382 4035 αὐτῷ·
428 3965 582 4016 σ”Ετι
624 3961 908 4024 λαλοῦντός
955 3979 1069 4025 σου,
1104 3961 1244 4033 ἐρῶ·
1286 3961 1414 4014 Ἰδοὺ
1463 3961 1710 4032 πάρειμι.
1757 3979 1774 4010 ι

215 4057 313 4110 Καὶ
338 4057 402 4127 δὴ
426 4056 573 4110 τοῦτ’
607 4055 946 4127 αἰσθόμενος,
982 4054 1078 4124 τῆς
1107 4070 1168 4105 τε
1202 4054 1470 4124 πατρικῆς
1510 4052 1778 4123 βοηθείας,

215 4150 458 4220 καθάπερ
497 4147 718 4220 ηὔξατο,
747 4146 944 4218 τυχὼν,
977 4144 1222 4198 ἐντεῦθεν
1269 4144 1450 4196 λοιπὸν
1487 4144 1781 4215 ἀπέρχεται

212 4241 297 4294 τοῦ
340 4242 606 4295 ἐπινικίου
645 4239 833 4310 ὕμνου,
863 4240 1001 4309 ὑπὲρ
1043 4239 1141 4309 τῆς
1181 4236 1408 4306 ἑωθινῆς
1452 4235 1783 4306 ἀντιλήψεως

212 4335 296 4390 τὸν
317 4333 529 4405 ψαλμὸν
564 4331 902 4402 ποιούμενος,
927 4332 983 4383 ἐν
1016 4325 1096 4394 οἷς
1127 4346 1286 4400 φησι·
1323 4347 1340 4377 ι
1369 4331 1704 4400 Διηγήσομαι
1724 4328 1784 4381 τὸ

1879 3143 2200 3212 tempestive
2232 3142 2299 3198 de
2324 3144 2429 3198 illis
2465 3155 2576 3198 tum
2601 3161 2817 3216 quoque
2846 3143 3076 3198 dixerit:
3110 3161 3128 3193 ι
3169 3142 3446 3200 Foderunt

1877 3249 2075 3288 manus
2099 3248 2246 3288 meas
2278 3243 2331 3287 et
2354 3235 2519 3302 pedes
2543 3251 2713 3298 meos,
2741 3235 3230 3291 dinumeraverunt
3263 3237 3445 3289 omnia

1878 3340 2003 3380 ossa
2039 3337 2180 3379 mea.
2214 3322 2320 3392 ipsi
2351 3334 2529 3378 autem
2555 3327 3066 3390 consideraverunt,
3101 3336 3156 3381 et
3195 3328 3445 3395 inspexe-

1879 3423 2006 3469 runt
2037 3415 2089 3469 in
2119 3429 2223 3469 me.
2259 3434 2276 3466 ι
2308 3413 2462 3476 Tunc
2493 3416 2658 3470 etiam
2691 3419 2942 3476 dividunt
2975 3421 3095 3492 ejus
3125 3421 3446 3476 vestimenta

1879 3507 2004 3568 sibi,
2042 3515 2098 3560 et
2127 3506 2180 3558 in
2210 3512 2409 3559 vestem
2440 3505 2561 3578 ejus
2589 3517 2790 3562 sortem
2818 3513 3040 3564 mittunt
3079 3529 3092 3563 :
3121 3526 3246 3563 cum
3274 3510 3448 3580 ipsius

1880 3599 2029 3653 verbi
2082 3605 2358 3654 ornatum.
2409 3598 2514 3654 hoc
2554 3610 2661 3664 est,
2689 3599 3002 3658 divinarum
3033 3601 3447 3671 Scripturarum

1881 3706 2043 3746 voces
2095 3690 2229 3745 alias
2278 3690 2435 3745 aliter
2474 3695 2855 3765 unusquiSque
2888 3693 3192 3762 corrumpit
3223 3703 3277 3748 et
3305 3695 3450 3748 lace-

1882 3791 1987 3847 rat,
2042 3783 2169 3837 item
2227 3797 2351 3836 cum
2401 3786 2687 3855 opiniones
2716 3787 2782 3840 de
2817 3787 2909 3840 illo
2964 3785 3235 3855 perversis
3278 3784 3449 3838 docu-

1882 3876 2082 3930 mentis
2115 3874 2420 3944 excipiunt,
2453 3877 2758 3946 cujusmodi
2791 3886 2939 3938 sunt.
2981 3891 3101 3946 qua:
3125 3874 3317 3928 nefarii
3341 3873 3451 3928 hie.

1882 3970 2035 4022 retiei
2067 3968 2246 4024 facere
2277 3970 2472 4025 solent.
2498 3969 2626 4024 Post
2645 3969 2826 4024 omnia
2854 3969 2966 4022 lucc
2995 3967 3062 4020 ad
3097 3981 3254 4020 suum
3281 3963 3450 4017 Deum

1883 4067 1938 4114 et
1971 4059 2264 4116 Dominum
2294 4073 2344 4116 et
2381 4060 2595 4117 Patrem
2630 4061 2929 4114 orationem
2961 4055 3246 4111 intendens
3279 4053 3450 4121 subji-

1884 4152 1958 4206 cit
1996 4152 2130 4206 illud
2159 4171 2175 4208 :
2213 4173 2231 4205 ι
2280 4153 2360 4208 Tu
2390 4162 2591 4216 autem,
2616 4151 2864 4214 Domine,
2897 4137 2964 4203 ne
2987 4147 3172 4219 procul
3199 4160 3451 4200 amoveas

1887 4245 2153 4301 auxilium
2177 4263 2378 4302 meum.
2415 4269 2433 4298 ι
2473 4245 2752 4314 Siquidem
2792 4253 3048 4313 tanquam
3077 4243 3130 4296 in
3161 4251 3452 4310 angustum

1888 4334 2148 4392 redactus
2180 4337 2246 4390 ad
2273 4338 2446 4406 ipsam
2472 4336 2787 4391 certaminis
2809 4334 3248 4396 ostentationem,
3282 4340 3336 4386 et
3366 4344 3455 4384 so-

213 4427 373 4498 ὕνομά
423 4445 518 4481 σου
567 4430 679 4491 τοῖς
724 4427 970 4496 ἀδελφοῖς
1003 4441 1136 4496 μου·
1170 4427 1226 4477 ὲν
1273 4423 1420 4494 μέσῳ
1463 4421 1776 4493 Ἑκκλησίας

1893 4428 1979 4484 lus
2013 4430 2218 4500 absque
2245 4431 2494 4500 adiutore
2515 4431 2778 4484 adversus
2805 4436 3032 4482 mortem
3055 4429 3309 4488 nudatus,
3330 4439 3454 4478 cum

215 4521 430 4591 ὑμνήσω
462 4537 542 4574 σε.
578 4539 596 4569 ι
635 4517 877 4588 Πρώτοις
914 4518 1010 4588 μὲν
1032 4513 1123 4570 οὖν
1153 4519 1263 4580 τοῖς
1297 4515 1486 4568 ἑαυτοῦ
1517 4513 1782 4584 μαθηταῖς

214 4611 303 4662 καὶ
327 4612 645 4674 ἀποστόλοις
667 4609 1056 4680 ἐπαγγέλλεται
1093 4609 1159 4662 τὰ
1202 4609 1297 4678 τῆς
1327 4609 1411 4660 ἐπ’
1439 4605 1584 4676 αὐτῷ
1612 4609 1788 4678 χαρᾶς

216 4702 304 4754 καὶ
357 4704 730 4772 ἀγαλλιάσεως
770 4699 1235 4769 εὐαγγελίσεσθαι,
1281 4698 1542 4768 ἀδελφοὺς
1590 4699 1787 4762 αὐτοὺς

217 4797 487 4866 ὀνομάζων
513 4815 526 4828 ·
572 4791 654 4862 οἷς
698 4794 962 4848 ἀκόλουθα
1009 4792 1103 4846 καὶ
1153 4793 1180 4844 ό
1226 4790 1501 4856 Ματθαῖος
1549 4791 1798 4855 διδάσκει⁸

219 4887 410 4956 ὶὲγων·
448 4911 465 4941 ι
493 4892 605 4945 Καὶ
637 4890 746 4942 ἰδοὺ
780 4887 808 4938 ὁ
849 4885 1055 4957 Ἰησοῦς
1080 4886 1389 4957 ἀπήντησεν
1415 4887 1622 4949 αὐταῖς,
1655 4905 1672 4935 ι
1698 4885 1790 4953 δη-

217 4977 382 5035 λονότι
413 4987 532 5047 ταῖς
578 4982 722 5054 ἀμφὶ
765 4980 862 5050 τὴν
911 4977 1272 5048 Μαγδαληνὴν
1303 4978 1541 5046 Μαρίαν,
1576 4977 1747 5060 λέγων
1771 4994 1804 5017 '-

223 5089 241 5122 ι
273 5074 524 5146 Χαίρετε.
559 5095 575 5125 ι
630 5076 694 5126 Αἰ
732 5073 789 5126 δὲ
837 5069 1227 5143 προσελθοῦσαι
1265 5069 1574 5140 ἐκράτησαν
1624 5069 1787 5122 αὑτοῦ

217 5165 340 5230 τοὺς
376 5168 559 5232 πόδας,
590 5168 684 5220 καὶ
717 5162 1128 5238 προσεκύνησαν
1157 5161 1324 5242 αὐτῷ.
1354 5161 1485 5214 Τότε
1518 5160 1665 5230 λέγει
1693 5163 1790 5215 αὺ-

220 5261 334 5322 ταῖς
366 5261 392 5311 ό
437 5259 671 5330 ’ἰησοῦςο
716 5276 734 5309 ι
767 5257 858 5326 Μὴ
900 5253 1174 5324 φοϐεῖσθε.
1194 5253 1481 5322 Ὑπάγετε,
1519 5255 1786 5324 ἀπαγγεί-

220 5347 341 5402 λατε
371 5355 479 5416 τοῖς
512 5352 758 5419 ἀδελφοῖς
804 5366 924 5419 μου,
955 5348 1041 5401 ῖνα
1075 5346 1378 5414 ἀπέλθωσιν
1405 5349 1483 5412 είς
1513 5347 1609 5418 τὴν
1639 5348 1790 5402 Γαλι-

222 5443 397 5508 λαίαν,
425 5447 580 5498 κάκεῖ
614 5461 680 5514 με
724 5442 962 5510 ὄψονται.
996 5458 1013 5490 ι
1049 5441 1104 5492 Ὀ
1145 5440 1391 5512 Ἰωάννης
1427 5440 1482 5494 δὲ
1531 5441 1665 5512 μετά
1690 5443 1789 5513 τὴν

224 5533 284 5584 ἐκ
324 5538 528 5609 νεκρῶν
561 5540 860 5596 ἀνάστασιν
887 5535 1094 5603 εἰσάγει
1136 5535 1229 5610 καὶ
1257 5535 1416 5597 αὐτὸς
1460 5535 1547 5589 τὸν
1587 5537 1790 5610 Ἰησοῦν

298 5629 338 5657 ’⁵
384 5632 482 5685 lsa.
521 5649 642 5695 va,
684 5632 768 5684 10.
850 5630 892 5660 ’⁵
934 5631 948 5683 |
985 5633 1111 5681 Cor.
1153 5644 1237 5691 xu,
1277 5627 1366 5681 ‘2l.

297 5723 376 5789 ti}
414 5723 614 5790 Eia-3g.
644 5723 780 5796 Lege
810 5727 966 5787 εἰκός.
1002 5719 1126 5774 Eun
1147 5761 1160 5776 .

1893 4523 2054 4594 plane
2110 4533 2452 4594 compertum
2504 4523 2748 4586 haberet,
2797 4523 3060 4576 auxilium
3108 4520 3210 4574 sibi
3239 4534 3268 4571 a
3300 4519 3457 4570 Patre

1891 4631 2004 4675 non
2036 4615 2196 4680 aliter
2227 4616 2393 4672 aﬂ‘ore
2431 4631 2592 4684 quam
2627 4629 2720 4685 per
2751 4614 3153 4668 restitutionem
3205 4625 3234 4662 a
3285 4618 3456 4662 ιιιυι-ιι·

1892 4707 1959 4760 ad
1993 4707 2188 4772 vitam,
2219 4708 2415 4762 merito
2447 4709 2500 4760 in
2534 4707 2819 4776 pra:sentia
2856 4712 2977 4760 orat
3017 4719 3080 4757 ex
3128 4701 3242 4755 acie
3265 4701 3455 4753 adver-

1892 4800 2164 4860 sariorum
2195 4799 2443 4854 evadere.
2481 4797 2750 4864 Quocirca
2796 4799 2875 4852 sic
2923 4798 2996 4850 ait
3031 4813 3042 4849 :
3082 4812 3100 4845 ι
3143 4793 3222 4846 'l‘u
3251 4799 3456 4852 autem,

1893 4890 2140 4954 Domine,
2171 4907 2236 4946 ne
2270 4891 2460 4961 procul
2518 4904 2772 4944 amoveas
2817 4888 3079 4942 auxilium
3132 4899 3308 4938 meum
3345 4900 3358 4934 :
3391 4883 3456 4934 ad

1897 4983 2296 5054 susceptionem
2329 4999 2502 5038 meam
2557 4982 2790 5051 respice.
2841 4999 2860 5032 ι
2912 4979 3122 5033 Etenim
3153 4977 3219 5030 ab
3256 4975 3456 5028 auxilio

1899 5084 1992 5132 tuo
2023 5071 2300 5146 susceptio
2331 5075 2462 5128 mihi
2485 5075 2683 5138 veniet,
2715 5080 2935 5142 propter
2967 5085 3128 5139 quam
3155 5066 3454 5135 susceptio-

1896 5184 2022 5224 nem
2077 5176 2226 5221 totus
2275 5168 2518 5237 psalmus
2570 5168 2764 5219 merito
2813 5162 3111 5229 inscriptus
3161 5167 3272 5226 est,
3305 5176 3324 5208 ι
3365 5172 3456 5226 pre

1897 5261 2245 5330 susceptione
2270 5261 2556 5314 matutina.
2591 5279 2608 5309 ι
2647 5258 2724 5311 Ad
2753 5256 3157 5324 susceptionem
3189 5251 3355 5321 igitur
3379 5267 3440 5304 re

1896 5353 2066 5423 spice,
2090 5361 2355 5422 praestans
2373 5352 2503 5406 mihi
2531 5365 2692 5420 quam
2726 5348 3008 5402 celerrime
3033 5345 3137 5399 sub
3167 5345 3339 5414 ipsam
3364 5357 3450 5395 au-

1897 5460 2076 5498 roram
2111 5445 2439 5500 reversionis
2473 5459 2501 5496 a
2563 5441 2790 5495 mortuis
2840 5438 3266 5505 susceptionem,
3297 5449 3459 5504 quam

1898 5553 2027 5592 sane
2058 5552 2217 5608 spero
2253 5553 2335 5592 me
2368 5542 2811 5592 consecuturum.
2843 5547 2966 5586 cum
2991 5546 3110 5586 eam
3133 5545 3244 5584 non
3268 5526 3455 5599 procul
