  <div class='ocr_page' id='page_1' title='image "/cluster/home/n/w/nwhite01/storage/ocr_20150623/22/hvd.32044073501132/401.png"; bbox 0 0 3868 6192; ppageno 0'>
   <div class='ocr_carea' id='block_1_1' title="bbox 548 438 2109 512">
    <p class='ocr_par' dir='ltr' id='par_1_1' title="bbox 548 438 2109 512">
     <span class='ocr_line' id='line_1_1' title="bbox 548 438 2109 512; baseline -0.008 -9"><span class='ocrx_word' id='word_1_1' title='bbox 548 466 579 502; x_wconf 85' lang='lat' dir='ltr'><strong>a</strong></span> <span class='ocrx_word' id='word_1_2' title='bbox 626 463 712 502; x_wconf 89' lang='lat' dir='ltr'><strong>me</strong></span> <span class='ocrx_word' id='word_1_3' title='bbox 761 444 1052 508; x_wconf 84' lang='lat' dir='ltr'><strong>amoveris,-</strong></span> <span class='ocrx_word' id='word_1_4' title='bbox 1085 451 1137 497; x_wconf 91' lang='lat' dir='ltr'><strong>et</strong></span> <span class='ocrx_word' id='word_1_5' title='bbox 1165 441 1427 512; x_wconf 84' lang='lat' dir='ltr'><strong>cripueris</strong></span> <span class='ocrx_word' id='word_1_6' title='bbox 1468 460 1486 492; x_wconf 77' lang='grc' dir='ltr'><strong>ι</strong></span> <span class='ocrx_word' id='word_1_7' title='bbox 1529 452 1558 494; x_wconf 85' lang='lat' dir='ltr'><strong>a</strong></span> <span class='ocrx_word' id='word_1_8' title='bbox 1605 439 1810 495; x_wconf 78' lang='lat' dir='ltr'><strong>framea</strong></span> <span class='ocrx_word' id='word_1_9' title='bbox 1852 438 2109 502; x_wconf 83' lang='lat' dir='ltr'><strong>animam,</strong></span> 
     </span>
    </p>
   </div>
   <div class='ocr_carea' id='block_1_2' title="bbox 547 535 2116 594">
    <p class='ocr_par' dir='ltr' id='par_1_2' title="bbox 547 535 2116 594">
     <span class='ocr_line' id='line_1_2' title="bbox 547 535 2116 594; baseline -0.007 0"><span class='ocrx_word' id='word_1_10' title='bbox 547 553 602 594; x_wconf 74' lang='lat' dir='ltr'><strong>et</strong></span> <span class='ocrx_word' id='word_1_11' title='bbox 679 555 744 594; x_wconf 73' lang='lat' dir='ltr'><strong>ex</strong></span> <span class='ocrx_word' id='word_1_12' title='bbox 810 552 972 592; x_wconf 88' lang='lat' dir='ltr'><strong>manu</strong></span> <span class='ocrx_word' id='word_1_13' title='bbox 1035 535 1189 590; x_wconf 84' lang='lat' dir='ltr'><strong>canis</strong></span> <span class='ocrx_word' id='word_1_14' title='bbox 1273 535 1490 590; x_wconf 82' lang='lat' dir='ltr'><strong>unicam</strong></span> <span class='ocrx_word' id='word_1_15' title='bbox 1551 543 1771 594; x_wconf 86' lang='lat' dir='ltr'><strong>meam,</strong></span> <span class='ocrx_word' id='word_1_16' title='bbox 1815 549 1834 583; x_wconf 76' lang='grc' dir='ltr'>ι</span> <span class='ocrx_word' id='word_1_17' title='bbox 1882 542 1935 586; x_wconf 89' lang='lat' dir='ltr'><strong>et</strong></span> <span class='ocrx_word' id='word_1_18' title='bbox 1992 544 2116 583; x_wconf 85' lang='lat' dir='ltr'><strong>cum</strong></span> 
     </span>
    </p>
   </div>
   <div class='ocr_carea' id='block_1_3' title="bbox 550 622 2120 687">
    <p class='ocr_par' dir='ltr' id='par_1_3' title="bbox 550 622 2120 687">
     <span class='ocr_line' id='line_1_3' title="bbox 550 622 2120 687; baseline -0.007 0"><span class='ocrx_word' id='word_1_19' title='bbox 550 629 853 687; x_wconf 73' lang='lat' dir='ltr'><strong>servaveris</strong></span> <span class='ocrx_word' id='word_1_20' title='bbox 917 645 937 678; x_wconf 70' lang='grc' dir='ltr'><em>α</em></span> <span class='ocrx_word' id='word_1_21' title='bbox 1000 643 1084 682; x_wconf 91' lang='lat' dir='ltr'><strong>me</strong></span> <span class='ocrx_word' id='word_1_22' title='bbox 1137 640 1204 682; x_wconf 80' lang='lat' dir='ltr'><strong>ex</strong></span> <span class='ocrx_word' id='word_1_23' title='bbox 1248 637 1342 680; x_wconf 83' lang='lat' dir='ltr'><strong>ore</strong></span> <span class='ocrx_word' id='word_1_24' title='bbox 1401 623 1616 687; x_wconf 83' lang='lat' dir='ltr'><strong>leonis,</strong></span> <span class='ocrx_word' id='word_1_25' title='bbox 1679 633 1732 678; x_wconf 90' lang='lat' dir='ltr'><strong>et</strong></span> <span class='ocrx_word' id='word_1_26' title='bbox 1784 637 1812 676; x_wconf 94' lang='lat' dir='ltr'><strong>a</strong></span> <span class='ocrx_word' id='word_1_27' title='bbox 1857 622 2120 677; x_wconf 80' lang='lat' dir='ltr'><strong>cornibus</strong></span> 
     </span>
    </p>
   </div>
   <div class='ocr_carea' id='block_1_4' title="bbox 551 712 2116 791">
    <p class='ocr_par' dir='ltr' id='par_1_4' title="bbox 551 712 2116 791">
     <span class='ocr_line' id='line_1_4' title="bbox 551 712 2116 791; baseline -0.005 -18"><span class='ocrx_word' id='word_1_28' title='bbox 551 720 708 791; x_wconf 79' lang='lat'><strong>507</strong></span> <span class='ocrx_word' id='word_1_29' title='bbox 750 719 1097 772; x_wconf 81' lang='lat' dir='ltr'><strong>unicornium</strong></span> <span class='ocrx_word' id='word_1_30' title='bbox 1161 715 1520 770; x_wconf 75' lang='lat' dir='ltr'><strong>humilitatem</strong></span> <span class='ocrx_word' id='word_1_31' title='bbox 1578 729 1792 768; x_wconf 84' lang='lat' dir='ltr'><strong>meam:</strong></span> <span class='ocrx_word' id='word_1_32' title='bbox 1840 729 1860 765; x_wconf 72' lang='grc' dir='ltr'><strong>ις</strong></span> <span class='ocrx_word' id='word_1_33' title='bbox 1920 712 2116 782; x_wconf 83' lang='lat' dir='ltr'><strong>quibus</strong></span> 
     </span>
    </p>
   </div>
   <div class='ocr_carea' id='block_1_5' title="bbox 552 806 2111 878">
    <p class='ocr_par' dir='ltr' id='par_1_5' title="bbox 552 806 2111 878">
     <span class='ocr_line' id='line_1_5' title="bbox 552 806 2111 878; baseline -0.002 -17"><span class='ocrx_word' id='word_1_34' title='bbox 552 811 728 864; x_wconf 79' lang='lat' dir='ltr'><strong>verbis</strong></span> <span class='ocrx_word' id='word_1_35' title='bbox 758 809 910 863; x_wconf 86' lang='lat' dir='ltr'><strong>illum</strong></span> <span class='ocrx_word' id='word_1_36' title='bbox 944 809 1180 863; x_wconf 87' lang='lat' dir='ltr'><strong>arbitror</strong></span> <span class='ocrx_word' id='word_1_37' title='bbox 1205 807 1511 878; x_wconf 75' lang='lat' dir='ltr'><strong>significare</strong></span> <span class='ocrx_word' id='word_1_38' title='bbox 1535 806 1777 862; x_wconf 78' lang='lat' dir='ltr'><strong>infernas</strong></span> <span class='ocrx_word' id='word_1_39' title='bbox 1796 813 2111 874; x_wconf 84' lang='lat' dir='ltr'><strong>potestates,</strong></span> 
     </span>
    </p>
   </div>
   <div class='ocr_carea' id='block_1_6' title="bbox 549 896 2117 969">
    <p class='ocr_par' dir='ltr' id='par_1_6' title="bbox 549 896 2117 969">
     <span class='ocr_line' id='line_1_6' title="bbox 549 896 2117 969; baseline -0.001 -20"><span class='ocrx_word' id='word_1_40' title='bbox 549 916 685 969; x_wconf 82' lang='lat' dir='ltr'><strong>quas</strong></span> <span class='ocrx_word' id='word_1_41' title='bbox 721 915 850 954; x_wconf 88' lang='lat' dir='ltr'><strong>sane</strong></span> <span class='ocrx_word' id='word_1_42' title='bbox 880 915 989 954; x_wconf 82' lang='lat' dir='ltr'><strong>non</strong></span> <span class='ocrx_word' id='word_1_43' title='bbox 1017 905 1270 954; x_wconf 78' lang='lat' dir='ltr'><strong>nostrum</strong></span> <span class='ocrx_word' id='word_1_44' title='bbox 1296 898 1460 952; x_wconf 80' lang='lat' dir='ltr'><strong>fuerit</strong></span> <span class='ocrx_word' id='word_1_45' title='bbox 1486 897 1765 966; x_wconf 75' lang='lat' dir='ltr'><strong>speciatim</strong></span> <span class='ocrx_word' id='word_1_46' title='bbox 1785 896 2117 964; x_wconf 74' lang='lat' dir='ltr'><strong>distinguere</strong></span> 
     </span>
    </p>
   </div>
   <div class='ocr_carea' id='block_1_7' title="bbox 549 985 2115 1060">
    <p class='ocr_par' dir='ltr' id='par_1_7' title="bbox 549 985 2115 1060">
     <span class='ocr_line' id='line_1_7' title="bbox 549 985 2115 1060; baseline -0.005 -14"><span class='ocrx_word' id='word_1_47' title='bbox 549 1007 612 1046; x_wconf 83' lang='lat' dir='ltr'><strong>ac</strong></span> <span class='ocrx_word' id='word_1_48' title='bbox 643 991 916 1051; x_wconf 75' lang='lat' dir='ltr'><strong>dividere.</strong></span> <span class='ocrx_word' id='word_1_49' title='bbox 964 990 1419 1060; x_wconf 82' lang='lat' dir='ltr'><strong>quemadmodum</strong></span> <span class='ocrx_word' id='word_1_50' title='bbox 1465 1005 1531 1043; x_wconf 71' lang='lat' dir='ltr'><strong>ex</strong></span> <span class='ocrx_word' id='word_1_51' title='bbox 1574 989 1653 1044; x_wconf 91' lang='lat' dir='ltr'><strong>eis</strong></span> <span class='ocrx_word' id='word_1_52' title='bbox 1706 989 1810 1042; x_wconf 86' lang='lat' dir='ltr'><strong>alia</strong></span> <span class='ocrx_word' id='word_1_53' title='bbox 1864 985 2115 1056; x_wconf 87' lang='lat' dir='ltr'><strong>quidem,</strong></span> 
     </span>
    </p>
   </div>
   <div class='ocr_carea' id='block_1_8' title="bbox 550 1077 2122 1153">
    <p class='ocr_par' dir='ltr' id='par_1_8' title="bbox 550 1077 2122 1153">
     <span class='ocr_line' id='line_1_8' title="bbox 550 1077 2122 1153; baseline -0.004 -15"><span class='ocrx_word' id='word_1_54' title='bbox 550 1098 671 1153; x_wconf 78' lang='lat' dir='ltr'><strong>quae</strong></span> <span class='ocrx_word' id='word_1_55' title='bbox 710 1082 911 1137; x_wconf 80' lang='lat' dir='ltr'><strong>framea</strong></span> <span class='ocrx_word' id='word_1_56' title='bbox 938 1083 1029 1146; x_wconf 85' lang='lat' dir='ltr'><strong>sit,</strong></span> <span class='ocrx_word' id='word_1_57' title='bbox 1061 1083 1272 1136; x_wconf 80' lang='lat' dir='ltr'><strong>intenta</strong></span> <span class='ocrx_word' id='word_1_58' title='bbox 1301 1081 1374 1136; x_wconf 78' lang='lat' dir='ltr'><strong>sit</strong></span> <span class='ocrx_word' id='word_1_59' title='bbox 1425 1082 1480 1135; x_wconf 86' lang='lat' dir='ltr'><strong>in</strong></span> <span class='ocrx_word' id='word_1_60' title='bbox 1528 1081 1762 1134; x_wconf 86' lang='lat' dir='ltr'><strong>animam</strong></span> <span class='ocrx_word' id='word_1_61' title='bbox 1817 1077 2122 1133; x_wconf 82' lang='lat' dir='ltr'><strong>Salvatoris</strong></span> 
     </span>
    </p>
   </div>
   <div class='ocr_carea' id='block_1_9' title="bbox 552 1170 2118 1246">
    <p class='ocr_par' dir='ltr' id='par_1_9' title="bbox 552 1170 2118 1246">
     <span class='ocr_line' id='line_1_9' title="bbox 552 1170 2118 1246; baseline -0.006 -14"><span class='ocrx_word' id='word_1_62' title='bbox 552 1177 764 1242; x_wconf 77' lang='lat' dir='ltr'><strong>nostri;</strong></span> <span class='ocrx_word' id='word_1_63' title='bbox 800 1176 903 1230; x_wconf 86' lang='lat' dir='ltr'><strong>alia</strong></span> <span class='ocrx_word' id='word_1_64' title='bbox 929 1189 1076 1240; x_wconf 88' lang='lat' dir='ltr'><strong>vero,</strong></span> <span class='ocrx_word' id='word_1_65' title='bbox 1105 1190 1224 1246; x_wconf 74' lang='lat' dir='ltr'><strong>quae</strong></span> <span class='ocrx_word' id='word_1_66' title='bbox 1256 1174 1356 1244; x_wconf 87' lang='lat' dir='ltr'><strong>ipsi</strong></span> <span class='ocrx_word' id='word_1_67' title='bbox 1391 1173 1549 1226; x_wconf 76' lang='lat' dir='ltr'><strong>morti</strong></span> <span class='ocrx_word' id='word_1_68' title='bbox 1603 1173 1670 1227; x_wconf 85' lang='lat' dir='ltr'><strong>sit</strong></span> <span class='ocrx_word' id='word_1_69' title='bbox 1705 1173 1892 1232; x_wconf 90' lang='lat' dir='ltr'><strong>canis,</strong></span> <span class='ocrx_word' id='word_1_70' title='bbox 1929 1170 2118 1223; x_wconf 82' lang='lat' dir='ltr'><strong>morti-</strong></span> 
     </span>
    </p>
   </div>
   <div class='ocr_carea' id='block_1_10' title="bbox 553 1261 2122 1335">
    <p class='ocr_par' dir='ltr' id='par_1_10' title="bbox 553 1261 2122 1335">
     <span class='ocr_line' id='line_1_10' title="bbox 553 1261 2122 1335; baseline -0.005 -16"><span class='ocrx_word' id='word_1_71' title='bbox 553 1267 722 1321; x_wconf 91' lang='lat' dir='ltr'><strong>feram</strong></span> <span class='ocrx_word' id='word_1_72' title='bbox 773 1281 990 1319; x_wconf 90' lang='lat' dir='ltr'><strong>manum</strong></span> <span class='ocrx_word' id='word_1_73' title='bbox 1050 1265 1373 1335; x_wconf 76' lang='lat' dir='ltr'><strong>porrexerit,</strong></span> <span class='ocrx_word' id='word_1_74' title='bbox 1408 1267 1466 1316; x_wconf 80' lang='lat' dir='ltr'><strong>ut</strong></span> <span class='ocrx_word' id='word_1_75' title='bbox 1498 1261 1646 1315; x_wconf 92' lang='lat' dir='ltr'><strong>illam</strong></span> <span class='ocrx_word' id='word_1_76' title='bbox 1677 1261 1998 1331; x_wconf 79' lang='lat' dir='ltr'><strong>attingeret,</strong></span> <span class='ocrx_word' id='word_1_77' title='bbox 2052 1274 2122 1313; x_wconf 78' lang='lat' dir='ltr'><strong>ex-</strong></span> 
     </span>
    </p>
   </div>
   <div class='ocr_carea' id='block_1_11' title="bbox 552 1349 2122 1427">
    <p class='ocr_par' dir='ltr' id='par_1_11' title="bbox 552 1349 2122 1427">
     <span class='ocr_line' id='line_1_11' title="bbox 552 1349 2122 1427; baseline -0.003 -18"><span class='ocrx_word' id='word_1_78' title='bbox 552 1371 661 1427; x_wconf 89' lang='lat' dir='ltr'><strong>quo</strong></span> <span class='ocrx_word' id='word_1_79' title='bbox 691 1356 765 1409; x_wconf 87' lang='lat' dir='ltr'><strong>ait</strong></span> <span class='ocrx_word' id='word_1_80' title='bbox 800 1375 812 1410; x_wconf 90' lang='lat'><strong>:</strong></span> <span class='ocrx_word' id='word_1_81' title='bbox 852 1373 870 1404; x_wconf 75' lang='grc' dir='ltr'>ι</span> <span class='ocrx_word' id='word_1_82' title='bbox 909 1354 1067 1424; x_wconf 88' lang='lat' dir='ltr'><strong>Eripe</strong></span> <span class='ocrx_word' id='word_1_83' title='bbox 1097 1368 1129 1407; x_wconf 84' lang='lat' dir='ltr'><strong>a</strong></span> <span class='ocrx_word' id='word_1_84' title='bbox 1168 1353 1370 1407; x_wconf 90' lang='lat' dir='ltr'><strong>framea</strong></span> <span class='ocrx_word' id='word_1_85' title='bbox 1398 1353 1631 1406; x_wconf 86' lang='lat' dir='ltr'><strong>animam</strong></span> <span class='ocrx_word' id='word_1_86' title='bbox 1667 1366 1845 1404; x_wconf 84' lang='lat' dir='ltr'><strong>meam</strong></span> <span class='ocrx_word' id='word_1_87' title='bbox 1867 1390 1880 1414; x_wconf 92' lang='lat'><strong>,</strong></span> <span class='ocrx_word' id='word_1_88' title='bbox 1941 1357 1996 1403; x_wconf 89' lang='lat' dir='ltr'><strong>et</strong></span> <span class='ocrx_word' id='word_1_89' title='bbox 2053 1349 2122 1404; x_wconf 89' lang='lat' dir='ltr'><strong>de</strong></span> 
     </span>
    </p>
   </div>
   <div class='ocr_carea' id='block_1_12' title="bbox 553 1441 2120 1512">
    <p class='ocr_par' dir='ltr' id='par_1_12' title="bbox 553 1441 2120 1512">
     <span class='ocr_line' id='line_1_12' title="bbox 553 1441 2120 1512; baseline -0.004 -11"><span class='ocrx_word' id='word_1_90' title='bbox 553 1464 716 1502; x_wconf 88' lang='lat' dir='ltr'><strong>manu</strong></span> <span class='ocrx_word' id='word_1_91' title='bbox 750 1447 903 1501; x_wconf 88' lang='lat' dir='ltr'><strong>canis</strong></span> <span class='ocrx_word' id='word_1_92' title='bbox 955 1446 1192 1500; x_wconf 91' lang='lat' dir='ltr'><strong>animam</strong></span> <span class='ocrx_word' id='word_1_93' title='bbox 1239 1459 1454 1512; x_wconf 90' lang='lat' dir='ltr'><strong>meam;</strong></span> <span class='ocrx_word' id='word_1_94' title='bbox 1507 1464 1525 1496; x_wconf 78' lang='grc' dir='ltr'>ι</span> <span class='ocrx_word' id='word_1_95' title='bbox 1565 1443 1670 1496; x_wconf 89' lang='lat' dir='ltr'><strong>alia</strong></span> <span class='ocrx_word' id='word_1_96' title='bbox 1707 1443 1830 1498; x_wconf 84' lang='lat' dir='ltr'><strong>item</strong></span> <span class='ocrx_word' id='word_1_97' title='bbox 1883 1441 2120 1511; x_wconf 74' lang='lat' dir='ltr'><strong>maligna</strong></span> 
     </span>
    </p>
   </div>
   <div class='ocr_carea' id='block_1_13' title="bbox 552 1535 2119 1610">
    <p class='ocr_par' dir='ltr' id='par_1_13' title="bbox 552 1535 2119 1610">
     <span class='ocr_line' id='line_1_13' title="bbox 552 1535 2119 1610; baseline -0.003 -18"><span class='ocrx_word' id='word_1_98' title='bbox 552 1539 798 1610; x_wconf 59' lang='lat' dir='ltr'><strong>quaadam</strong></span> <span class='ocrx_word' id='word_1_99' title='bbox 828 1544 1086 1607; x_wconf 83' lang='lat' dir='ltr'><strong>potestas,</strong></span> <span class='ocrx_word' id='word_1_100' title='bbox 1127 1538 1370 1592; x_wconf 87' lang='lat' dir='ltr'><strong>omnium</strong></span> <span class='ocrx_word' id='word_1_101' title='bbox 1422 1537 1532 1593; x_wconf 87' lang='lat' dir='ltr'><strong>illic</strong></span> <span class='ocrx_word' id='word_1_102' title='bbox 1563 1537 1796 1592; x_wconf 90' lang='lat' dir='ltr'><strong>ferarum</strong></span> <span class='ocrx_word' id='word_1_103' title='bbox 1829 1535 2119 1604; x_wconf 84' lang='lat' dir='ltr'><strong>princeps,</strong></span> 
     </span>
    </p>
   </div>
   <div class='ocr_carea' id='block_1_14' title="bbox 553 1627 2122 1702">
    <p class='ocr_par' dir='ltr' id='par_1_14' title="bbox 553 1627 2122 1702">
     <span class='ocr_line' id='line_1_14' title="bbox 553 1627 2122 1702; baseline -0.004 -17"><span class='ocrx_word' id='word_1_104' title='bbox 553 1647 674 1702; x_wconf 61' lang='lat' dir='ltr'><strong>qua</strong></span> <span class='ocrx_word' id='word_1_105' title='bbox 703 1630 786 1684; x_wconf 90' lang='lat' dir='ltr'><strong>leo</strong></span> <span class='ocrx_word' id='word_1_106' title='bbox 819 1629 1164 1698; x_wconf 86' lang='lat' dir='ltr'><strong>appelletur,-</strong></span> <span class='ocrx_word' id='word_1_107' title='bbox 1215 1627 1305 1683; x_wconf 90' lang='lat' dir='ltr'><strong>ubi</strong></span> <span class='ocrx_word' id='word_1_108' title='bbox 1359 1627 1524 1682; x_wconf 85' lang='lat' dir='ltr'><strong>latum</strong></span> <span class='ocrx_word' id='word_1_109' title='bbox 1573 1639 1848 1696; x_wconf 82' lang='lat' dir='ltr'><strong>sopraque</strong></span> <span class='ocrx_word' id='word_1_110' title='bbox 1903 1640 2122 1680; x_wconf 91' lang='lat' dir='ltr'><strong>omnem</strong></span> 
     </span>
    </p>
   </div>
   <div class='ocr_carea' id='block_1_15' title="bbox 553 1715 2120 1782">
    <p class='ocr_par' dir='ltr' id='par_1_15' title="bbox 553 1715 2120 1782">
     <span class='ocr_line' id='line_1_15' title="bbox 553 1715 2120 1782; baseline -0.008 -6"><span class='ocrx_word' id='word_1_111' title='bbox 553 1721 774 1776; x_wconf 86' lang='lat' dir='ltr'><strong>modum</strong></span> <span class='ocrx_word' id='word_1_112' title='bbox 808 1720 966 1774; x_wconf 88' lang='lat' dir='ltr'><strong>hians</strong></span> <span class='ocrx_word' id='word_1_113' title='bbox 996 1718 1186 1774; x_wconf 85' lang='lat' dir='ltr'><strong>mortis</strong></span> <span class='ocrx_word' id='word_1_114' title='bbox 1206 1733 1269 1774; x_wconf 91' lang='lat' dir='ltr'><strong>os</strong></span> <span class='ocrx_word' id='word_1_115' title='bbox 1297 1716 1586 1782; x_wconf 87' lang='lat' dir='ltr'><strong>diduxerit,</strong></span> <span class='ocrx_word' id='word_1_116' title='bbox 1621 1732 1726 1771; x_wconf 90' lang='lat' dir='ltr'><strong>una</strong></span> <span class='ocrx_word' id='word_1_117' title='bbox 1758 1731 1881 1770; x_wconf 90' lang='lat' dir='ltr'><strong>cum</strong></span> <span class='ocrx_word' id='word_1_118' title='bbox 1909 1715 2120 1770; x_wconf 64' lang='lat' dir='ltr'><strong>caneris</strong></span> 
     </span>
    </p>
   </div>
   <div class='ocr_carea' id='block_1_16' title="bbox 553 1809 2117 1884">
    <p class='ocr_par' dir='ltr' id='par_1_16' title="bbox 553 1809 2117 1884">
     <span class='ocr_line' id='line_1_16' title="bbox 553 1809 2117 1884; baseline -0.005 -16"><span class='ocrx_word' id='word_1_119' title='bbox 553 1829 675 1884; x_wconf 78' lang='lat' dir='ltr'><strong>qua:</strong></span> <span class='ocrx_word' id='word_1_120' title='bbox 707 1811 773 1865; x_wconf 91' lang='lat' dir='ltr'><strong>ad</strong></span> <span class='ocrx_word' id='word_1_121' title='bbox 807 1811 1012 1867; x_wconf 87' lang='lat' dir='ltr'><strong>inferos</strong></span> <span class='ocrx_word' id='word_1_122' title='bbox 1038 1811 1403 1873; x_wconf 83' lang='lat' dir='ltr'><strong>descendunt,</strong></span> <span class='ocrx_word' id='word_1_123' title='bbox 1436 1809 1586 1865; x_wconf 86' lang='lat' dir='ltr'><strong>illius</strong></span> <span class='ocrx_word' id='word_1_124' title='bbox 1626 1819 1842 1879; x_wconf 80' lang='lat' dir='ltr'><strong>quoque</strong></span> <span class='ocrx_word' id='word_1_125' title='bbox 1881 1809 2117 1862; x_wconf 89' lang='lat' dir='ltr'><strong>animam</strong></span> 
     </span>
    </p>
   </div>
   <div class='ocr_carea' id='block_1_17' title="bbox 551 1898 2120 1971">
    <p class='ocr_par' dir='ltr' id='par_1_17' title="bbox 551 1898 2120 1971">
     <span class='ocr_line' id='line_1_17' title="bbox 551 1898 2120 1971; baseline -0.004 -11"><span class='ocrx_word' id='word_1_126' title='bbox 551 1906 818 1960; x_wconf 83' lang='lat' dir='ltr'><strong>devorare</strong></span> <span class='ocrx_word' id='word_1_127' title='bbox 846 1914 1040 1958; x_wconf 91' lang='lat' dir='ltr'><strong>conata</strong></span> <span class='ocrx_word' id='word_1_128' title='bbox 1067 1904 1157 1966; x_wconf 82' lang='lat' dir='ltr'><strong>sit,</strong></span> <span class='ocrx_word' id='word_1_129' title='bbox 1184 1917 1292 1956; x_wconf 91' lang='lat' dir='ltr'><strong>non</strong></span> <span class='ocrx_word' id='word_1_130' title='bbox 1319 1902 1476 1956; x_wconf 88' lang='lat' dir='ltr'><strong>aliter</strong></span> <span class='ocrx_word' id='word_1_131' title='bbox 1508 1915 1637 1955; x_wconf 87' lang='lat' dir='ltr'><strong>sane</strong></span> <span class='ocrx_word' id='word_1_132' title='bbox 1664 1915 1832 1971; x_wconf 81' lang='lat' dir='ltr'><strong>quam</strong></span> <span class='ocrx_word' id='word_1_133' title='bbox 1857 1898 2120 1970; x_wconf 85' lang='lat' dir='ltr'><strong>quemad-</strong></span> 
     </span>
    </p>
   </div>
   <div class='ocr_carea' id='block_1_18' title="bbox 555 1991 2128 2066">
    <p class='ocr_par' dir='ltr' id='par_1_18' title="bbox 555 1991 2128 2066">
     <span class='ocr_line' id='line_1_18' title="bbox 555 1991 2128 2066; baseline -0.003 -16"><span class='ocrx_word' id='word_1_134' title='bbox 555 1997 774 2051; x_wconf 90' lang='lat' dir='ltr'><strong>modum</strong></span> <span class='ocrx_word' id='word_1_135' title='bbox 804 1995 931 2050; x_wconf 93' lang='lat' dir='ltr'><strong>olim</strong></span> <span class='ocrx_word' id='word_1_136' title='bbox 959 1995 1112 2066; x_wconf 79' lang='lat' dir='ltr'><strong>prius</strong></span> <span class='ocrx_word' id='word_1_137' title='bbox 1128 1995 1416 2049; x_wconf 84' lang='lat' dir='ltr'><strong>devoverat</strong></span> <span class='ocrx_word' id='word_1_138' title='bbox 1447 2007 1594 2049; x_wconf 89' lang='lat' dir='ltr'><strong>mors</strong></span> <span class='ocrx_word' id='word_1_139' title='bbox 1625 1991 2128 2062; x_wconf 65' lang='lat' dir='ltr'><strong>invalescens,qua</strong></span> 
     </span>
    </p>
   </div>
   <div class='ocr_carea' id='block_1_19' title="bbox 554 2085 2121 2161">
    <p class='ocr_par' dir='ltr' id='par_1_19' title="bbox 554 2085 2121 2161">
     <span class='ocr_line' id='line_1_19' title="bbox 554 2085 2121 2161; baseline -0.004 -17"><span class='ocrx_word' id='word_1_140' title='bbox 554 2092 770 2161; x_wconf 87' lang='lat' dir='ltr'><strong>quidem</strong></span> <span class='ocrx_word' id='word_1_141' title='bbox 796 2107 944 2146; x_wconf 86' lang='lat' dir='ltr'><strong>mors</strong></span> <span class='ocrx_word' id='word_1_142' title='bbox 971 2105 1075 2144; x_wconf 93' lang='lat' dir='ltr'><strong>non</strong></span> <span class='ocrx_word' id='word_1_143' title='bbox 1109 2089 1211 2142; x_wconf 74' lang='lat' dir='ltr'><strong>alia</strong></span> <span class='ocrx_word' id='word_1_144' title='bbox 1246 2087 1408 2143; x_wconf 77' lang='lat' dir='ltr'><strong>fuerit</strong></span> <span class='ocrx_word' id='word_1_145' title='bbox 1439 2101 1596 2156; x_wconf 91' lang='lat' dir='ltr'><strong>quam</strong></span> <span class='ocrx_word' id='word_1_146' title='bbox 1619 2087 1710 2157; x_wconf 87' lang='lat' dir='ltr'><strong>qui</strong></span> <span class='ocrx_word' id='word_1_147' title='bbox 1745 2085 1848 2140; x_wconf 86' lang='lat' dir='ltr'><strong>hoe</strong></span> <span class='ocrx_word' id='word_1_148' title='bbox 1880 2086 1999 2139; x_wconf 93' lang='lat' dir='ltr'><strong>loco</strong></span> <span class='ocrx_word' id='word_1_149' title='bbox 2038 2085 2121 2138; x_wconf 89' lang='lat' dir='ltr'><strong>leo</strong></span> 
     </span>
    </p>
   </div>
   <div class='ocr_carea' id='block_1_20' title="bbox 557 2178 2126 2252">
    <p class='ocr_par' dir='ltr' id='par_1_20' title="bbox 557 2178 2126 2252">
     <span class='ocr_line' id='line_1_20' title="bbox 557 2178 2126 2252; baseline -0.004 -14"><span class='ocrx_word' id='word_1_150' title='bbox 557 2185 890 2246; x_wconf 84' lang='lat' dir='ltr'><strong>nominatur,</strong></span> <span class='ocrx_word' id='word_1_151' title='bbox 915 2192 970 2238; x_wconf 91' lang='lat' dir='ltr'><strong>et</strong></span> <span class='ocrx_word' id='word_1_152' title='bbox 1003 2181 1095 2252; x_wconf 91' lang='lat' dir='ltr'><strong>qui</strong></span> <span class='ocrx_word' id='word_1_153' title='bbox 1143 2196 1205 2236; x_wconf 87' lang='lat' dir='ltr'><strong>os</strong></span> <span class='ocrx_word' id='word_1_154' title='bbox 1241 2189 1432 2236; x_wconf 83' lang='lat' dir='ltr'><strong>contra</strong></span> <span class='ocrx_word' id='word_1_155' title='bbox 1479 2178 1813 2235; x_wconf 82' lang='lat' dir='ltr'><strong>Salvatorem</strong></span> <span class='ocrx_word' id='word_1_156' title='bbox 1870 2185 2126 2234; x_wconf 81' lang='lat' dir='ltr'><strong>nostrum</strong></span> 
     </span>
    </p>
   </div>
   <div class='ocr_carea' id='block_1_21' title="bbox 556 2270 2125 2346">
    <p class='ocr_par' dir='ltr' id='par_1_21' title="bbox 556 2270 2125 2346">
     <span class='ocr_line' id='line_1_21' title="bbox 556 2270 2125 2346; baseline -0.005 -16"><span class='ocrx_word' id='word_1_157' title='bbox 556 2278 789 2346; x_wconf 81' lang='lat' dir='ltr'><strong>aperuit,</strong></span> <span class='ocrx_word' id='word_1_158' title='bbox 823 2290 852 2328; x_wconf 92' lang='lat' dir='ltr'><strong>a</strong></span> <span class='ocrx_word' id='word_1_159' title='bbox 879 2283 988 2345; x_wconf 79' lang='lat' dir='ltr'><strong>quo</strong></span> <span class='ocrx_word' id='word_1_160' title='bbox 1019 2275 1133 2344; x_wconf 89' lang='lat' dir='ltr'><strong>ipse</strong></span> <span class='ocrx_word' id='word_1_161' title='bbox 1155 2289 1213 2328; x_wconf 88' lang='lat' dir='ltr'><strong>se</strong></span> <span class='ocrx_word' id='word_1_162' title='bbox 1235 2275 1443 2328; x_wconf 78' lang='lat' dir='ltr'><strong>salvom</strong></span> <span class='ocrx_word' id='word_1_163' title='bbox 1469 2272 1698 2329; x_wconf 78' lang='lat' dir='ltr'><strong>evadere</strong></span> <span class='ocrx_word' id='word_1_164' title='bbox 1730 2270 1942 2326; x_wconf 81' lang='lat' dir='ltr'><strong>Patrem</strong></span> <span class='ocrx_word' id='word_1_165' title='bbox 1961 2285 2125 2326; x_wconf 89' lang='lat' dir='ltr'><strong>suum</strong></span> 
     </span>
    </p>
   </div>
   <div class='ocr_carea' id='block_1_22' title="bbox 555 2360 2121 2431">
    <p class='ocr_par' dir='ltr' id='par_1_22' title="bbox 555 2360 2121 2431">
     <span class='ocr_line' id='line_1_22' title="bbox 555 2360 2121 2431; baseline -0.004 -10"><span class='ocrx_word' id='word_1_166' title='bbox 555 2379 713 2431; x_wconf 86' lang='lat' dir='ltr'><strong>orat,</strong></span> <span class='ocrx_word' id='word_1_167' title='bbox 759 2367 988 2422; x_wconf 84' lang='lat' dir='ltr'><strong>dicens:</strong></span> <span class='ocrx_word' id='word_1_168' title='bbox 1031 2382 1049 2416; x_wconf 76' lang='grc' dir='ltr'><strong>ε</strong></span> <span class='ocrx_word' id='word_1_169' title='bbox 1090 2365 1248 2419; x_wconf 89' lang='lat' dir='ltr'><strong>Salva</strong></span> <span class='ocrx_word' id='word_1_170' title='bbox 1296 2380 1382 2421; x_wconf 91' lang='lat' dir='ltr'><strong>me</strong></span> <span class='ocrx_word' id='word_1_171' title='bbox 1424 2380 1489 2419; x_wconf 82' lang='lat' dir='ltr'><strong>ex</strong></span> <span class='ocrx_word' id='word_1_172' title='bbox 1529 2379 1624 2419; x_wconf 90' lang='lat' dir='ltr'><strong>ore</strong></span> <span class='ocrx_word' id='word_1_173' title='bbox 1676 2363 1870 2418; x_wconf 86' lang='lat' dir='ltr'><strong>leonis.</strong></span> <span class='ocrx_word' id='word_1_174' title='bbox 1910 2382 1928 2414; x_wconf 74' lang='grc' dir='ltr'>ι</span> <span class='ocrx_word' id='word_1_175' title='bbox 1976 2360 2121 2422; x_wconf 86' lang='lat' dir='ltr'><strong>Fieri</strong></span> 
     </span>
    </p>
   </div>
   <div class='ocr_carea' id='block_1_23' title="bbox 553 2455 2126 2530">
    <p class='ocr_par' dir='ltr' id='par_1_23' title="bbox 553 2455 2126 2530">
     <span class='ocr_line' id='line_1_23' title="bbox 553 2455 2126 2530; baseline -0.003 -18"><span class='ocrx_word' id='word_1_176' title='bbox 553 2461 717 2513; x_wconf 86' lang='lat' dir='ltr'><strong>etiam</strong></span> <span class='ocrx_word' id='word_1_177' title='bbox 751 2466 926 2530; x_wconf 82' lang='lat' dir='ltr'><strong>potest</strong></span> <span class='ocrx_word' id='word_1_178' title='bbox 953 2466 1010 2512; x_wconf 92' lang='lat' dir='ltr'><strong>ut</strong></span> <span class='ocrx_word' id='word_1_179' title='bbox 1038 2459 1156 2512; x_wconf 71' lang='lat' dir='ltr'><strong>alia:</strong></span> <span class='ocrx_word' id='word_1_180' title='bbox 1185 2467 1441 2526; x_wconf 67' lang='lat' dir='ltr'><strong>praeterea</strong></span> <span class='ocrx_word' id='word_1_181' title='bbox 1463 2457 1573 2512; x_wconf 90' lang='lat' dir='ltr'><strong>sint</strong></span> <span class='ocrx_word' id='word_1_182' title='bbox 1599 2457 1844 2527; x_wconf 69' lang='lat' dir='ltr'><strong>quaedam</strong></span> <span class='ocrx_word' id='word_1_183' title='bbox 1873 2455 2126 2524; x_wconf 64' lang='lat' dir='ltr'><strong>maligna!</strong></span> 
     </span>
    </p>
   </div>
   <div class='ocr_carea' id='block_1_24' title="bbox 556 2547 2120 2620">
    <p class='ocr_par' dir='ltr' id='par_1_24' title="bbox 556 2547 2120 2620">
     <span class='ocr_line' id='line_1_24' title="bbox 556 2547 2120 2620; baseline -0.003 -17"><span class='ocrx_word' id='word_1_184' title='bbox 556 2564 619 2606; x_wconf 81' lang='lat' dir='ltr'><strong>ac</strong></span> <span class='ocrx_word' id='word_1_185' title='bbox 651 2549 759 2605; x_wconf 81' lang='lat' dir='ltr'><strong>Deo</strong></span> <span class='ocrx_word' id='word_1_186' title='bbox 789 2551 1015 2606; x_wconf 87' lang='lat' dir='ltr'><strong>rebelles</strong></span> <span class='ocrx_word' id='word_1_187' title='bbox 1043 2558 1334 2620; x_wconf 85' lang='lat' dir='ltr'><strong>potestates</strong></span> <span class='ocrx_word' id='word_1_188' title='bbox 1359 2548 1619 2604; x_wconf 88' lang='lat' dir='ltr'><strong>adversus</strong></span> <span class='ocrx_word' id='word_1_189' title='bbox 1663 2547 1754 2603; x_wconf 88' lang='lat' dir='ltr'><strong>Dei</strong></span> <span class='ocrx_word' id='word_1_190' title='bbox 1803 2549 2120 2601; x_wconf 87' lang='lat' dir='ltr'><strong>unicornem</strong></span> 
     </span>
    </p>
   </div>
   <div class='ocr_carea' id='block_1_25' title="bbox 557 2639 2121 2712">
    <p class='ocr_par' dir='ltr' id='par_1_25' title="bbox 557 2639 2121 2712">
     <span class='ocr_line' id='line_1_25' title="bbox 557 2639 2121 2712; baseline -0.004 -16"><span class='ocrx_word' id='word_1_191' title='bbox 557 2645 813 2709; x_wconf 81' lang='lat' dir='ltr'><strong>nitentes,</strong></span> <span class='ocrx_word' id='word_1_192' title='bbox 843 2658 1077 2712; x_wconf 85' lang='lat' dir='ltr'><strong>eumque</strong></span> <span class='ocrx_word' id='word_1_193' title='bbox 1111 2643 1163 2696; x_wconf 91' lang='lat' dir='ltr'><strong>in</strong></span> <span class='ocrx_word' id='word_1_194' title='bbox 1189 2641 1494 2696; x_wconf 88' lang='lat' dir='ltr'><strong>contrarias</strong></span> <span class='ocrx_word' id='word_1_195' title='bbox 1524 2649 1706 2710; x_wconf 87' lang='lat' dir='ltr'><strong>partes</strong></span> <span class='ocrx_word' id='word_1_196' title='bbox 1735 2639 2007 2693; x_wconf 81' lang='lat' dir='ltr'><strong>abducere</strong></span> <span class='ocrx_word' id='word_1_197' title='bbox 2029 2652 2121 2691; x_wconf 74' lang='lat' dir='ltr'><strong>co-</strong></span> 
     </span>
    </p>
   </div>
   <div class='ocr_carea' id='block_1_26' title="bbox 558 2728 2121 2803">
    <p class='ocr_par' dir='ltr' id='par_1_26' title="bbox 558 2728 2121 2803">
     <span class='ocr_line' id='line_1_26' title="bbox 558 2728 2121 2803; baseline -0.003 -17"><span class='ocrx_word' id='word_1_198' title='bbox 558 2742 786 2796; x_wconf 80' lang='lat' dir='ltr'><strong>nantes,</strong></span> <span class='ocrx_word' id='word_1_199' title='bbox 816 2743 846 2786; x_wconf 87' lang='lat' dir='ltr'><strong>a</strong></span> <span class='ocrx_word' id='word_1_200' title='bbox 874 2733 1074 2803; x_wconf 81' lang='lat' dir='ltr'><strong>quibus</strong></span> <span class='ocrx_word' id='word_1_201' title='bbox 1111 2734 1260 2795; x_wconf 90' lang='lat' dir='ltr'><strong>item,</strong></span> <span class='ocrx_word' id='word_1_202' title='bbox 1289 2729 1383 2786; x_wconf 90' lang='lat' dir='ltr'><strong>Dei</strong></span> <span class='ocrx_word' id='word_1_203' title='bbox 1418 2730 1696 2785; x_wconf 87' lang='lat' dir='ltr'><strong>unicornis</strong></span> <span class='ocrx_word' id='word_1_204' title='bbox 1723 2770 1738 2795; x_wconf 95' lang='lat'><strong>,</strong></span> <span class='ocrx_word' id='word_1_205' title='bbox 1787 2731 1901 2799; x_wconf 87' lang='lat' dir='ltr'><strong>ipse</strong></span> <span class='ocrx_word' id='word_1_206' title='bbox 1935 2728 2121 2783; x_wconf 85' lang='lat' dir='ltr'><strong>Domi-</strong></span> 
     </span>
    </p>
   </div>
   <div class='ocr_carea' id='block_1_27' title="bbox 555 2821 2124 2887">
    <p class='ocr_par' dir='ltr' id='par_1_27' title="bbox 555 2821 2124 2887">
     <span class='ocr_line' id='line_1_27' title="bbox 555 2821 2124 2887; baseline -0.003 -9"><span class='ocrx_word' id='word_1_207' title='bbox 555 2841 662 2879; x_wconf 84' lang='lat' dir='ltr'><strong>nus</strong></span> <span class='ocrx_word' id='word_1_208' title='bbox 701 2833 905 2887; x_wconf 81' lang='lat' dir='ltr'><strong>noster,</strong></span> <span class='ocrx_word' id='word_1_209' title='bbox 931 2823 1106 2877; x_wconf 91' lang='lat' dir='ltr'><strong>solum</strong></span> <span class='ocrx_word' id='word_1_210' title='bbox 1137 2821 1351 2876; x_wconf 89' lang='lat' dir='ltr'><strong>Patrem</strong></span> <span class='ocrx_word' id='word_1_211' title='bbox 1381 2836 1551 2876; x_wconf 91' lang='lat' dir='ltr'><strong>cornu</strong></span> <span class='ocrx_word' id='word_1_212' title='bbox 1595 2821 1832 2884; x_wconf 86' lang='lat' dir='ltr'><strong>habens,</strong></span> <span class='ocrx_word' id='word_1_213' title='bbox 1859 2835 2010 2875; x_wconf 86' lang='lat' dir='ltr'><strong>suam</strong></span> <span class='ocrx_word' id='word_1_214' title='bbox 2059 2821 2124 2873; x_wconf 78' lang='lat' dir='ltr'><strong>li-</strong></span> 
     </span>
    </p>
   </div>
   <div class='ocr_carea' id='block_1_28' title="bbox 555 2911 2124 2982">
    <p class='ocr_par' dir='ltr' id='par_1_28' title="bbox 555 2911 2124 2982">
     <span class='ocr_line' id='line_1_28' title="bbox 555 2911 2124 2982; baseline -0.003 -13"><span class='ocrx_word' id='word_1_215' title='bbox 555 2914 733 2969; x_wconf 86' lang='lat' dir='ltr'><strong>berari</strong></span> <span class='ocrx_word' id='word_1_216' title='bbox 765 2913 1120 2968; x_wconf 86' lang='lat' dir='ltr'><strong>humilitatem</strong></span> <span class='ocrx_word' id='word_1_217' title='bbox 1153 2914 1422 2982; x_wconf 84' lang='lat' dir='ltr'><strong>postulat,</strong></span> <span class='ocrx_word' id='word_1_218' title='bbox 1457 2913 1644 2967; x_wconf 90' lang='lat' dir='ltr'><strong>dicens</strong></span> <span class='ocrx_word' id='word_1_219' title='bbox 1673 2931 1686 2966; x_wconf 89' lang='lat'>:</span> <span class='ocrx_word' id='word_1_220' title='bbox 1729 2931 1748 2964; x_wconf 82' lang='grc'><strong><em>‹</em></strong></span> <span class='ocrx_word' id='word_1_221' title='bbox 1795 2911 1861 2965; x_wconf 88' lang='lat' dir='ltr'><strong>Et</strong></span> <span class='ocrx_word' id='word_1_222' title='bbox 1886 2926 1915 2964; x_wconf 92' lang='lat' dir='ltr'><strong>a</strong></span> <span class='ocrx_word' id='word_1_223' title='bbox 1944 2911 2124 2965; x_wconf 84' lang='lat' dir='ltr'><strong>corni-</strong></span> 
     </span>
    </p>
   </div>
   <div class='ocr_carea' id='block_1_29' title="bbox 555 2999 2121 3071">
    <p class='ocr_par' dir='ltr' id='par_1_29' title="bbox 555 2999 2121 3071">
     <span class='ocr_line' id='line_1_29' title="bbox 555 2999 2121 3071; baseline -0.003 -11"><span class='ocrx_word' id='word_1_224' title='bbox 555 3007 660 3060; x_wconf 84' lang='lat' dir='ltr'><strong>bus</strong></span> <span class='ocrx_word' id='word_1_225' title='bbox 705 3003 1046 3058; x_wconf 89' lang='lat' dir='ltr'><strong>uuicornium</strong></span> <span class='ocrx_word' id='word_1_226' title='bbox 1090 3002 1449 3058; x_wconf 80' lang='lat' dir='ltr'><strong>humilitatem</strong></span> <span class='ocrx_word' id='word_1_227' title='bbox 1505 3017 1702 3055; x_wconf 91' lang='lat' dir='ltr'><strong>meam.</strong></span> <span class='ocrx_word' id='word_1_228' title='bbox 1734 3020 1753 3054; x_wconf 78' lang='grc' dir='ltr'>ι</span> <span class='ocrx_word' id='word_1_229' title='bbox 1808 2999 1915 3056; x_wconf 83' lang='lat' dir='ltr'><strong>Sed</strong></span> <span class='ocrx_word' id='word_1_230' title='bbox 1959 3016 2121 3071; x_wconf 78' lang='lat' dir='ltr'><strong>quam</strong></span> 
     </span>
    </p>
   </div>
   <div class='ocr_carea' id='block_1_30' title="bbox 556 3094 2122 3164">
    <p class='ocr_par' dir='ltr' id='par_1_30' title="bbox 556 3094 2122 3164">
     <span class='ocr_line' id='line_1_30' title="bbox 556 3094 2122 3164; baseline -0.003 -12"><span class='ocrx_word' id='word_1_231' title='bbox 556 3097 774 3152; x_wconf 85' lang='lat' dir='ltr'><strong>tandem</strong></span> <span class='ocrx_word' id='word_1_232' title='bbox 816 3095 1207 3156; x_wconf 83' lang='lat' dir='ltr'><strong>humilitatem,</strong></span> <span class='ocrx_word' id='word_1_233' title='bbox 1269 3094 1372 3148; x_wconf 86' lang='lat' dir='ltr'><strong>nisi</strong></span> <span class='ocrx_word' id='word_1_234' title='bbox 1420 3094 1559 3149; x_wconf 86' lang='lat' dir='ltr'><strong>hanc</strong></span> <span class='ocrx_word' id='word_1_235' title='bbox 1605 3094 1778 3164; x_wconf 90' lang='lat' dir='ltr'><strong>ipsam</strong></span> <span class='ocrx_word' id='word_1_236' title='bbox 1829 3094 2122 3149; x_wconf 76' lang='lat' dir='ltr'><strong>secundam</strong></span> 
     </span>
    </p>
   </div>
   <div class='ocr_carea' id='block_1_31' title="bbox 555 3185 2124 3261">
    <p class='ocr_par' dir='ltr' id='par_1_31' title="bbox 555 3185 2124 3261">
     <span class='ocr_line' id='line_1_31' title="bbox 555 3185 2124 3261; baseline -0.001 -20"><span class='ocrx_word' id='word_1_237' title='bbox 555 3205 740 3261; x_wconf 79' lang='lat' dir='ltr'><strong>quam,</strong></span> <span class='ocrx_word' id='word_1_238' title='bbox 775 3205 795 3239; x_wconf 71' lang='grc' dir='ltr'>α</span> <span class='ocrx_word' id='word_1_239' title='bbox 837 3203 960 3242; x_wconf 88' lang='lat' dir='ltr'><strong>cum</strong></span> <span class='ocrx_word' id='word_1_240' title='bbox 1013 3189 1066 3242; x_wconf 89' lang='lat' dir='ltr'><strong>in</strong></span> <span class='ocrx_word' id='word_1_241' title='bbox 1119 3188 1294 3240; x_wconf 85' lang='lat' dir='ltr'><strong>forma</strong></span> <span class='ocrx_word' id='word_1_242' title='bbox 1326 3185 1418 3242; x_wconf 88' lang='lat' dir='ltr'><strong>Dei</strong></span> <span class='ocrx_word' id='word_1_243' title='bbox 1446 3194 1613 3252; x_wconf 86' lang='lat' dir='ltr'><strong>esset,</strong></span> <span class='ocrx_word' id='word_1_244' title='bbox 1645 3187 1950 3240; x_wconf 89' lang='lat' dir='ltr'><strong>humiliavit</strong></span> <span class='ocrx_word' id='word_1_245' title='bbox 1983 3187 2124 3256; x_wconf 86' lang='lat' dir='ltr'><strong>seip-</strong></span> 
     </span>
    </p>
   </div>
   <div class='ocr_carea' id='block_1_32' title="bbox 558 3277 2126 3348">
    <p class='ocr_par' dir='ltr' id='par_1_32' title="bbox 558 3277 2126 3348">
     <span class='ocr_line' id='line_1_32' title="bbox 558 3277 2126 3348; baseline -0.004 -10"><span class='ocrx_word' id='word_1_246' title='bbox 558 3299 678 3338; x_wconf 79' lang='lat' dir='ltr'><strong>sum</strong></span> <span class='ocrx_word' id='word_1_247' title='bbox 729 3289 782 3336; x_wconf 90' lang='lat' dir='ltr'><strong>et</strong></span> <span class='ocrx_word' id='word_1_248' title='bbox 819 3280 1103 3335; x_wconf 88' lang='lat' dir='ltr'><strong>evacuavit</strong></span> <span class='ocrx_word' id='word_1_249' title='bbox 1133 3280 1312 3335; x_wconf 67' lang='lat' dir='ltr'><strong>factus</strong></span> <span class='ocrx_word' id='word_1_250' title='bbox 1342 3279 1602 3334; x_wconf 79' lang='lat' dir='ltr'><strong>obediens</strong></span> <span class='ocrx_word' id='word_1_251' title='bbox 1653 3294 1824 3348; x_wconf 89' lang='lat' dir='ltr'><strong>usque</strong></span> <span class='ocrx_word' id='word_1_252' title='bbox 1867 3277 1934 3332; x_wconf 91' lang='lat' dir='ltr'><strong>ad</strong></span> <span class='ocrx_word' id='word_1_253' title='bbox 1980 3294 2126 3332; x_wconf 83' lang='lat' dir='ltr'><strong>rnor-</strong></span> 
     </span>
    </p>
   </div>
   <div class='ocr_carea' id='block_1_33' title="bbox 557 3369 2131 3440">
    <p class='ocr_par' dir='ltr' id='par_1_33' title="bbox 557 3369 2131 3440">
     <span class='ocr_line' id='line_1_33' title="bbox 557 3369 2131 3440; baseline -0.003 -12"><span class='ocrx_word' id='word_1_254' title='bbox 557 3380 688 3436; x_wconf 87' lang='lat' dir='ltr'><strong>tem,</strong></span> <span class='ocrx_word' id='word_1_255' title='bbox 722 3381 952 3428; x_wconf 89' lang='lat' dir='ltr'><strong>mortem</strong></span> <span class='ocrx_word' id='word_1_256' title='bbox 985 3382 1161 3426; x_wconf 89' lang='lat' dir='ltr'><strong>autem</strong></span> <span class='ocrx_word' id='word_1_257' title='bbox 1187 3373 1372 3426; x_wconf 83' lang='lat' dir='ltr'><strong>crucis</strong></span> <span class='ocrx_word' id='word_1_258' title='bbox 1398 3372 1479 3424; x_wconf 66' lang='lat'><strong>“1&#39;</strong></span> <span class='ocrx_word' id='word_1_259' title='bbox 1517 3391 1536 3423; x_wconf 71' lang='grc' dir='ltr'>ι</span> <span class='ocrx_word' id='word_1_260' title='bbox 1572 3370 1838 3426; x_wconf 67' lang='lat' dir='ltr'><strong>Caeterum</strong></span> <span class='ocrx_word' id='word_1_261' title='bbox 1871 3372 1916 3424; x_wconf 91' lang='lat' dir='ltr'><strong>is</strong></span> <span class='ocrx_word' id='word_1_262' title='bbox 1941 3373 2032 3440; x_wconf 93' lang='lat' dir='ltr'><strong>qui</strong></span> <span class='ocrx_word' id='word_1_263' title='bbox 2059 3369 2131 3423; x_wconf 83' lang='lat' dir='ltr'><strong>ad</strong></span> 
     </span>
    </p>
   </div>
   <div class='ocr_carea' id='block_1_34' title="bbox 557 3460 2125 3532">
    <p class='ocr_par' dir='ltr' id='par_1_34' title="bbox 557 3460 2125 3532">
     <span class='ocr_line' id='line_1_34' title="bbox 557 3460 2125 3532; baseline 0 -16"><span class='ocrx_word' id='word_1_264' title='bbox 557 3470 765 3516; x_wconf 87' lang='lat' dir='ltr'><strong>tantam</strong></span> <span class='ocrx_word' id='word_1_265' title='bbox 791 3460 1148 3514; x_wconf 75' lang='lat' dir='ltr'><strong>humilitatem</strong></span> <span class='ocrx_word' id='word_1_266' title='bbox 1176 3460 1458 3515; x_wconf 85' lang='lat' dir='ltr'><strong>descendit</strong></span> <span class='ocrx_word' id='word_1_267' title='bbox 1507 3474 1562 3516; x_wconf 88' lang='lat' dir='ltr'><strong>et</strong></span> <span class='ocrx_word' id='word_1_268' title='bbox 1603 3461 1885 3531; x_wconf 85' lang='lat' dir='ltr'><strong>hucusque</strong></span> <span class='ocrx_word' id='word_1_269' title='bbox 1932 3477 2125 3532; x_wconf 83' lang='lat' dir='ltr'><strong>perve-</strong></span> 
     </span>
    </p>
   </div>
   <div class='ocr_carea' id='block_1_35' title="bbox 557 3552 2126 3626">
    <p class='ocr_par' dir='ltr' id='par_1_35' title="bbox 557 3552 2126 3626">
     <span class='ocr_line' id='line_1_35' title="bbox 557 3552 2126 3626; baseline -0.001 -17"><span class='ocrx_word' id='word_1_270' title='bbox 557 3555 662 3616; x_wconf 90' lang='lat' dir='ltr'><strong>nit,</strong></span> <span class='ocrx_word' id='word_1_271' title='bbox 689 3555 791 3609; x_wconf 86' lang='lat' dir='ltr'><strong>hoc</strong></span> <span class='ocrx_word' id='word_1_272' title='bbox 830 3563 914 3609; x_wconf 85' lang='lat' dir='ltr'><strong>est</strong></span> <span class='ocrx_word' id='word_1_273' title='bbox 955 3568 1126 3622; x_wconf 81' lang='lat' dir='ltr'><strong>usque</strong></span> <span class='ocrx_word' id='word_1_274' title='bbox 1174 3552 1241 3606; x_wconf 91' lang='lat' dir='ltr'><strong>ad</strong></span> <span class='ocrx_word' id='word_1_275' title='bbox 1275 3555 1386 3608; x_wconf 91' lang='lat' dir='ltr'><strong>orci</strong></span> <span class='ocrx_word' id='word_1_276' title='bbox 1424 3553 1682 3610; x_wconf 80' lang='lat' dir='ltr'><strong>frameam</strong></span> <span class='ocrx_word' id='word_1_277' title='bbox 1748 3561 1801 3609; x_wconf 89' lang='lat' dir='ltr'><strong>et</strong></span> <span class='ocrx_word' id='word_1_278' title='bbox 1851 3571 2022 3626; x_wconf 87' lang='lat' dir='ltr'><strong>usque</strong></span> <span class='ocrx_word' id='word_1_279' title='bbox 2058 3553 2126 3608; x_wconf 81' lang='lat' dir='ltr'><strong>ad</strong></span> 
     </span>
    </p>
   </div>
   <div class='ocr_carea' id='block_1_36' title="bbox 559 3647 2126 3720">
    <p class='ocr_par' dir='ltr' id='par_1_36' title="bbox 559 3647 2126 3720">
     <span class='ocr_line' id='line_1_36' title="bbox 559 3647 2126 3720; baseline 0.003 -21"><span class='ocrx_word' id='word_1_280' title='bbox 559 3658 777 3700; x_wconf 86' lang='lat' dir='ltr'><strong>manum</strong></span> <span class='ocrx_word' id='word_1_281' title='bbox 812 3648 954 3717; x_wconf 87' lang='lat' dir='ltr'><strong>ejus,</strong></span> <span class='ocrx_word' id='word_1_282' title='bbox 985 3647 1076 3717; x_wconf 93' lang='lat' dir='ltr'><strong>qui</strong></span> <span class='ocrx_word' id='word_1_283' title='bbox 1128 3647 1256 3702; x_wconf 88' lang='lat' dir='ltr'><strong>illuc</strong></span> <span class='ocrx_word' id='word_1_284' title='bbox 1286 3649 1485 3703; x_wconf 87' lang='lat' dir='ltr'><strong>dicitur</strong></span> <span class='ocrx_word' id='word_1_285' title='bbox 1521 3649 1671 3703; x_wconf 86' lang='lat' dir='ltr'><strong>canis</strong></span> <span class='ocrx_word' id='word_1_286' title='bbox 1701 3648 1784 3718; x_wconf 76' lang='lat' dir='ltr'><strong>(ex</strong></span> <span class='ocrx_word' id='word_1_287' title='bbox 1820 3665 1929 3720; x_wconf 83' lang='lat' dir='ltr'><strong>quo</strong></span> <span class='ocrx_word' id='word_1_288' title='bbox 1964 3650 2126 3704; x_wconf 91' lang='lat' dir='ltr'><strong>etiam</strong></span> 
     </span>
    </p>
   </div>
   <div class='ocr_carea' id='block_1_37' title="bbox 559 3738 2126 3811">
    <p class='ocr_par' dir='ltr' id='par_1_37' title="bbox 559 3738 2126 3811">
     <span class='ocr_line' id='line_1_37' title="bbox 559 3738 2126 3811; baseline 0.001 -17"><span class='ocrx_word' id='word_1_289' title='bbox 559 3739 856 3811; x_wconf 85' lang='lat' dir='ltr'><strong>scriptores</strong></span> <span class='ocrx_word' id='word_1_290' title='bbox 894 3738 1204 3794; x_wconf 65' lang='lat' dir='ltr'><strong>Graecorum</strong></span> <span class='ocrx_word' id='word_1_291' title='bbox 1233 3755 1331 3810; x_wconf 90' lang='lat' dir='ltr'><strong>par</strong></span> <span class='ocrx_word' id='word_1_292' title='bbox 1359 3749 1443 3798; x_wconf 89' lang='lat' dir='ltr'><strong>est</strong></span> <span class='ocrx_word' id='word_1_293' title='bbox 1486 3758 1608 3796; x_wconf 86' lang='lat' dir='ltr'><strong>cum</strong></span> <span class='ocrx_word' id='word_1_294' title='bbox 1635 3742 1702 3797; x_wconf 89' lang='lat' dir='ltr'><strong>de</strong></span> <span class='ocrx_word' id='word_1_295' title='bbox 1741 3743 1832 3796; x_wconf 83' lang='lat' dir='ltr'><strong>tali</strong></span> <span class='ocrx_word' id='word_1_296' title='bbox 1865 3758 2000 3798; x_wconf 88' lang='lat' dir='ltr'><strong>cane</strong></span> <span class='ocrx_word' id='word_1_297' title='bbox 2027 3759 2126 3796; x_wconf 85' lang='lat' dir='ltr'><strong>au-</strong></span> 
     </span>
    </p>
   </div>
   <div class='ocr_carea' id='block_1_38' title="bbox 557 3829 2124 3902">
    <p class='ocr_par' dir='ltr' id='par_1_38' title="bbox 557 3829 2124 3902">
     <span class='ocr_line' id='line_1_38' title="bbox 557 3829 2124 3902; baseline 0.002 -20"><span class='ocrx_word' id='word_1_298' title='bbox 557 3829 846 3890; x_wconf 86' lang='lat' dir='ltr'><strong>divissent.</strong></span> <span class='ocrx_word' id='word_1_299' title='bbox 883 3843 992 3898; x_wconf 92' lang='lat' dir='ltr'><strong>quo</strong></span> <span class='ocrx_word' id='word_1_300' title='bbox 1021 3843 1154 3883; x_wconf 90' lang='lat' dir='ltr'><strong>orco</strong></span> <span class='ocrx_word' id='word_1_301' title='bbox 1182 3829 1487 3894; x_wconf 88' lang='lat' dir='ltr'><strong>inserviret,</strong></span> <span class='ocrx_word' id='word_1_302' title='bbox 1524 3830 1670 3884; x_wconf 92' lang='lat' dir='ltr'><strong>hunc</strong></span> <span class='ocrx_word' id='word_1_303' title='bbox 1701 3831 1878 3900; x_wconf 86' lang='lat' dir='ltr'><strong>ipsum</strong></span> <span class='ocrx_word' id='word_1_304' title='bbox 1912 3832 2124 3902; x_wconf 88' lang='lat' dir='ltr'><strong>tricipi-</strong></span> 
     </span>
    </p>
   </div>
   <div class='ocr_carea' id='block_1_39' title="bbox 557 3919 2130 3995">
    <p class='ocr_par' dir='ltr' id='par_1_39' title="bbox 557 3919 2130 3995">
     <span class='ocr_line' id='line_1_39' title="bbox 557 3919 2130 3995; baseline 0.006 -23"><span class='ocrx_word' id='word_1_305' title='bbox 557 3925 662 3974; x_wconf 89' lang='lat' dir='ltr'><strong>tem</strong></span> <span class='ocrx_word' id='word_1_306' title='bbox 689 3919 973 3990; x_wconf 79' lang='lat' dir='ltr'><strong>pinxisse),</strong></span> <span class='ocrx_word' id='word_1_307' title='bbox 1003 3921 1130 3974; x_wconf 88' lang='lat' dir='ltr'><strong>item</strong></span> <span class='ocrx_word' id='word_1_308' title='bbox 1159 3921 1249 3990; x_wconf 88' lang='lat' dir='ltr'><strong>qui</strong></span> <span class='ocrx_word' id='word_1_309' title='bbox 1285 3936 1455 3992; x_wconf 88' lang='lat' dir='ltr'><strong>usque</strong></span> <span class='ocrx_word' id='word_1_310' title='bbox 1477 3922 1540 3975; x_wconf 91' lang='lat' dir='ltr'><strong>ad</strong></span> <span class='ocrx_word' id='word_1_311' title='bbox 1577 3921 1758 3978; x_wconf 86' lang='lat' dir='ltr'><strong>fauces</strong></span> <span class='ocrx_word' id='word_1_312' title='bbox 1777 3925 1917 3993; x_wconf 86' lang='lat' dir='ltr'><strong>ejus,</strong></span> <span class='ocrx_word' id='word_1_313' title='bbox 1937 3924 2130 3995; x_wconf 86' lang='lat' dir='ltr'><strong>dequo</strong></span> 
     </span>
    </p>
   </div>
   <div class='ocr_carea' id='block_1_40' title="bbox 553 4013 2126 4081">
    <p class='ocr_par' dir='ltr' id='par_1_40' title="bbox 553 4013 2126 4081">
     <span class='ocr_line' id='line_1_40' title="bbox 553 4013 2126 4081; baseline 0.004 -17"><span class='ocrx_word' id='word_1_314' title='bbox 553 4013 664 4081; x_wconf 77' lang='lat' dir='ltr'><strong>jam</strong></span> <span class='ocrx_word' id='word_1_315' title='bbox 686 4013 890 4068; x_wconf 85' lang='lat' dir='ltr'><strong>dictum</strong></span> <span class='ocrx_word' id='word_1_316' title='bbox 917 4020 1020 4078; x_wconf 82' lang='lat' dir='ltr'><strong>est,</strong></span> <span class='ocrx_word' id='word_1_317' title='bbox 1043 4013 1216 4068; x_wconf 88' lang='lat' dir='ltr'><strong>leonis</strong></span> <span class='ocrx_word' id='word_1_318' title='bbox 1243 4017 1495 4081; x_wconf 80' lang='lat' dir='ltr'><strong>perrexit,</strong></span> <span class='ocrx_word' id='word_1_319' title='bbox 1519 4027 1571 4071; x_wconf 90' lang='lat' dir='ltr'><strong>et</strong></span> <span class='ocrx_word' id='word_1_320' title='bbox 1592 4017 1949 4072; x_wconf 86' lang='lat' dir='ltr'><strong>humilitatem</strong></span> <span class='ocrx_word' id='word_1_321' title='bbox 1972 4033 2126 4072; x_wconf 87' lang='lat' dir='ltr'><strong>suam</strong></span> 
     </span>
    </p>
   </div>
   <div class='ocr_carea' id='block_1_41' title="bbox 557 4104 2123 4176">
    <p class='ocr_par' dir='ltr' id='par_1_41' title="bbox 557 4104 2123 4176">
     <span class='ocr_line' id='line_1_41' title="bbox 557 4104 2123 4176; baseline 0.004 -19"><span class='ocrx_word' id='word_1_322' title='bbox 557 4104 884 4160; x_wconf 85' lang='lat' dir='ltr'><strong>adversariis</strong></span> <span class='ocrx_word' id='word_1_323' title='bbox 920 4111 974 4158; x_wconf 86' lang='lat' dir='ltr'><strong>et</strong></span> <span class='ocrx_word' id='word_1_324' title='bbox 1005 4105 1376 4174; x_wconf 78' lang='lat' dir='ltr'><strong>Deoinimicis</strong></span> <span class='ocrx_word' id='word_1_325' title='bbox 1411 4109 1764 4164; x_wconf 86' lang='lat' dir='ltr'><strong>unicornibus</strong></span> <span class='ocrx_word' id='word_1_326' title='bbox 1805 4110 2123 4176; x_wconf 83' lang='lat' dir='ltr'><strong>substravit,</strong></span> 
     </span>
    </p>
   </div>
   <div class='ocr_carea' id='block_1_42' title="bbox 557 4197 2124 4264">
    <p class='ocr_par' dir='ltr' id='par_1_42' title="bbox 557 4197 2124 4264">
     <span class='ocr_line' id='line_1_42' title="bbox 557 4197 2124 4264; baseline 0.006 -15"><span class='ocrx_word' id='word_1_327' title='bbox 557 4205 611 4250; x_wconf 76' lang='grc' dir='ltr'><strong>ει</strong></span> <span class='ocrx_word' id='word_1_328' title='bbox 643 4197 951 4264; x_wconf 88' lang='lat' dir='ltr'><strong>hujusmodi</strong></span> <span class='ocrx_word' id='word_1_329' title='bbox 1001 4198 1106 4252; x_wconf 83' lang='lat' dir='ltr'><strong>line</strong></span> <span class='ocrx_word' id='word_1_330' title='bbox 1143 4213 1360 4252; x_wconf 78' lang='lat' dir='ltr'><strong>omnem</strong></span> <span class='ocrx_word' id='word_1_331' title='bbox 1405 4215 1518 4254; x_wconf 79' lang='lat' dir='ltr'><strong>suae</strong></span> <span class='ocrx_word' id='word_1_332' title='bbox 1549 4203 1921 4258; x_wconf 84' lang='lat' dir='ltr'><strong>evacuationis</strong></span> <span class='ocrx_word' id='word_1_333' title='bbox 1940 4211 1993 4258; x_wconf 91' lang='lat' dir='ltr'><strong>ct</strong></span> <span class='ocrx_word' id='word_1_334' title='bbox 2026 4204 2124 4258; x_wconf 85' lang='lat' dir='ltr'><strong>hu-</strong></span> 
     </span>
    </p>
   </div>
   <div class='ocr_carea' id='block_1_43' title="bbox 559 4283 2126 4357">
    <p class='ocr_par' dir='ltr' id='par_1_43' title="bbox 559 4283 2126 4357">
     <span class='ocr_line' id='line_1_43' title="bbox 559 4283 2126 4357; baseline 0.008 -21"><span class='ocrx_word' id='word_1_335' title='bbox 559 4283 804 4336; x_wconf 85' lang='lat' dir='ltr'><strong>militatis</strong></span> <span class='ocrx_word' id='word_1_336' title='bbox 859 4283 1319 4353; x_wconf 88' lang='lat' dir='ltr'><strong>dispensationem</strong></span> <span class='ocrx_word' id='word_1_337' title='bbox 1393 4289 1744 4357; x_wconf 80' lang='lat' dir='ltr'><strong>terminavit,</strong></span> <span class='ocrx_word' id='word_1_338' title='bbox 1806 4307 1870 4347; x_wconf 91' lang='lat' dir='ltr'><strong>ac</strong></span> <span class='ocrx_word' id='word_1_339' title='bbox 1931 4293 2126 4348; x_wconf 84' lang='lat' dir='ltr'><strong>deinde</strong></span> 
     </span>
    </p>
   </div>
   <div class='ocr_carea' id='block_1_44' title="bbox 561 4377 2125 4450">
    <p class='ocr_par' dir='ltr' id='par_1_44' title="bbox 561 4377 2125 4450">
     <span class='ocr_line' id='line_1_44' title="bbox 561 4377 2125 4450; baseline 0.009 -24"><span class='ocrx_word' id='word_1_340' title='bbox 561 4383 813 4443; x_wconf 78' lang='lat' dir='ltr'><strong>precatus</strong></span> <span class='ocrx_word' id='word_1_341' title='bbox 839 4383 942 4439; x_wconf 86' lang='lat' dir='ltr'><strong>est,</strong></span> <span class='ocrx_word' id='word_1_342' title='bbox 983 4377 1126 4445; x_wconf 91' lang='lat' dir='ltr'><strong>quod</strong></span> <span class='ocrx_word' id='word_1_343' title='bbox 1153 4378 1263 4446; x_wconf 87' lang='lat' dir='ltr'><strong>jam</strong></span> <span class='ocrx_word' id='word_1_344' title='bbox 1292 4379 1557 4450; x_wconf 84' lang='lat' dir='ltr'><strong>reliquum</strong></span> <span class='ocrx_word' id='word_1_345' title='bbox 1585 4391 1731 4448; x_wconf 88' lang='lat' dir='ltr'><strong>erat,</strong></span> <span class='ocrx_word' id='word_1_346' title='bbox 1762 4400 1821 4440; x_wconf 90' lang='lat' dir='ltr'><strong>se</strong></span> <span class='ocrx_word' id='word_1_347' title='bbox 1851 4393 1902 4440; x_wconf 91' lang='lat' dir='ltr'><strong>et</strong></span> <span class='ocrx_word' id='word_1_348' title='bbox 1940 4387 2125 4440; x_wconf 64' lang='lat' dir='ltr'><strong>auxilii</strong></span> 
     </span>
    </p>
   </div>
   <div class='ocr_carea' id='block_1_45' title="bbox 557 4466 2124 4546">
    <p class='ocr_par' dir='ltr' id='par_1_45' title="bbox 557 4466 2124 4546">
     <span class='ocr_line' id='line_1_45' title="bbox 557 4466 2124 4546; baseline 0.008 -27"><span class='ocrx_word' id='word_1_349' title='bbox 557 4469 612 4519; x_wconf 85' lang='lat' dir='ltr'><strong>et</strong></span> <span class='ocrx_word' id='word_1_350' title='bbox 637 4466 1000 4535; x_wconf 81' lang='lat' dir='ltr'><strong>susceptionis</strong></span> <span class='ocrx_word' id='word_1_351' title='bbox 1023 4484 1052 4522; x_wconf 92' lang='lat' dir='ltr'><strong>a</strong></span> <span class='ocrx_word' id='word_1_352' title='bbox 1079 4467 1238 4524; x_wconf 86' lang='lat' dir='ltr'><strong>Patre</strong></span> <span class='ocrx_word' id='word_1_353' title='bbox 1267 4480 1568 4541; x_wconf 85' lang='lat' dir='ltr'><strong>compotem</strong></span> <span class='ocrx_word' id='word_1_354' title='bbox 1597 4473 1733 4538; x_wconf 84' lang='lat' dir='ltr'><strong>fieri,</strong></span> <span class='ocrx_word' id='word_1_355' title='bbox 1763 4477 1895 4530; x_wconf 91' lang='lat' dir='ltr'><strong>illud</strong></span> <span class='ocrx_word' id='word_1_356' title='bbox 1927 4476 2124 4546; x_wconf 81' lang='lat' dir='ltr'><strong>adjun-</strong></span> 
     </span>
    </p>
   </div>
   <div class='ocr_carea' id='block_1_46' title="bbox 558 4555 2127 4634">
    <p class='ocr_par' dir='ltr' id='par_1_46' title="bbox 558 4555 2127 4634">
     <span class='ocr_line' id='line_1_46' title="bbox 558 4555 2127 4634; baseline 0.008 -24"><span class='ocrx_word' id='word_1_357' title='bbox 558 4559 636 4628; x_wconf 75' lang='lat' dir='ltr'><strong>git</strong></span> <span class='ocrx_word' id='word_1_358' title='bbox 662 4577 676 4612; x_wconf 91' lang='lat'><strong>:</strong></span> <span class='ocrx_word' id='word_1_359' title='bbox 715 4574 734 4608; x_wconf 84' lang='grc'><strong><em>‹</em></strong></span> <span class='ocrx_word' id='word_1_360' title='bbox 763 4555 842 4613; x_wconf 84' lang='grc' dir='ltr'><strong>Τιι</strong></span> <span class='ocrx_word' id='word_1_361' title='bbox 867 4571 1070 4624; x_wconf 85' lang='lat' dir='ltr'><strong>autem,</strong></span> <span class='ocrx_word' id='word_1_362' title='bbox 1099 4560 1344 4626; x_wconf 90' lang='lat' dir='ltr'><strong>Domine,</strong></span> <span class='ocrx_word' id='word_1_363' title='bbox 1376 4581 1442 4620; x_wconf 86' lang='lat' dir='ltr'><strong>ne</strong></span> <span class='ocrx_word' id='word_1_364' title='bbox 1470 4569 1655 4634; x_wconf 85' lang='lat' dir='ltr'><strong>procul</strong></span> <span class='ocrx_word' id='word_1_365' title='bbox 1689 4583 1942 4624; x_wconf 85' lang='lat' dir='ltr'><strong>amoveas</strong></span> <span class='ocrx_word' id='word_1_366' title='bbox 1969 4569 2127 4622; x_wconf 83' lang='lat' dir='ltr'><strong>auxi-</strong></span> 
     </span>
    </p>
   </div>
   <div class='ocr_carea' id='block_1_47' title="bbox 560 4653 2124 4730">
    <p class='ocr_par' dir='ltr' id='par_1_47' title="bbox 560 4653 2124 4730">
     <span class='ocr_line' id='line_1_47' title="bbox 560 4653 2124 4730; baseline 0.008 -26"><span class='ocrx_word' id='word_1_367' title='bbox 560 4653 690 4704; x_wconf 90' lang='lat' dir='ltr'><strong>lium</strong></span> <span class='ocrx_word' id='word_1_368' title='bbox 725 4667 926 4714; x_wconf 87' lang='lat' dir='ltr'><strong>meum,</strong></span> <span class='ocrx_word' id='word_1_369' title='bbox 956 4662 1009 4708; x_wconf 88' lang='lat' dir='ltr'><strong>et</strong></span> <span class='ocrx_word' id='word_1_370' title='bbox 1035 4656 1431 4725; x_wconf 81' lang='lat' dir='ltr'><strong>susceptionem</strong></span> <span class='ocrx_word' id='word_1_371' title='bbox 1461 4673 1633 4712; x_wconf 84' lang='lat' dir='ltr'><strong>meam</strong></span> <span class='ocrx_word' id='word_1_372' title='bbox 1665 4661 1891 4730; x_wconf 75' lang='lat' dir='ltr'><strong>respice.</strong></span> <span class='ocrx_word' id='word_1_373' title='bbox 1919 4679 1936 4711; x_wconf 70' lang='grc' dir='ltr'>ι</span> <span class='ocrx_word' id='word_1_374' title='bbox 1969 4659 2124 4725; x_wconf 87' lang='lat' dir='ltr'><strong>Quod</strong></span> 
     </span>
    </p>
   </div>
   <div class='ocr_carea' id='block_1_48' title="bbox 559 4744 2123 4810">
    <p class='ocr_par' dir='ltr' id='par_1_48' title="bbox 559 4744 2123 4810">
     <span class='ocr_line' id='line_1_48' title="bbox 559 4744 2123 4810; baseline 0.005 -13"><span class='ocrx_word' id='word_1_375' title='bbox 559 4757 692 4798; x_wconf 87' lang='lat' dir='ltr'><strong>sane</strong></span> <span class='ocrx_word' id='word_1_376' title='bbox 719 4745 805 4798; x_wconf 90' lang='lat' dir='ltr'><strong>ubi</strong></span> <span class='ocrx_word' id='word_1_377' title='bbox 834 4744 990 4810; x_wconf 78' lang='lat' dir='ltr'><strong>dixit,</strong></span> <span class='ocrx_word' id='word_1_378' title='bbox 1017 4762 1123 4802; x_wconf 91' lang='lat' dir='ltr'><strong>non</strong></span> <span class='ocrx_word' id='word_1_379' title='bbox 1153 4747 1242 4801; x_wconf 93' lang='lat' dir='ltr'><strong>diu</strong></span> <span class='ocrx_word' id='word_1_380' title='bbox 1277 4758 1517 4804; x_wconf 85' lang='lat' dir='ltr'><strong>moratus</strong></span> <span class='ocrx_word' id='word_1_381' title='bbox 1539 4764 1568 4802; x_wconf 72' lang='grc' dir='ltr'><strong>ε</strong></span> <span class='ocrx_word' id='word_1_382' title='bbox 1595 4747 1755 4806; x_wconf 84' lang='lat' dir='ltr'><strong>Patre</strong></span> <span class='ocrx_word' id='word_1_383' title='bbox 1777 4766 1877 4804; x_wconf 89' lang='lat' dir='ltr'><strong>suo</strong></span> <span class='ocrx_word' id='word_1_384' title='bbox 1910 4758 1993 4805; x_wconf 91' lang='lat' dir='ltr'><strong>est</strong></span> <span class='ocrx_word' id='word_1_385' title='bbox 2027 4766 2123 4805; x_wconf 88' lang='lat' dir='ltr'><strong>au—</strong></span> 
     </span>
    </p>
   </div>
   <div class='ocr_carea' id='block_1_49' title="bbox 559 4837 2124 4914">
    <p class='ocr_par' dir='ltr' id='par_1_49' title="bbox 559 4837 2124 4914">
     <span class='ocr_line' id='line_1_49' title="bbox 559 4837 2124 4914; baseline 0.005 -24"><span class='ocrx_word' id='word_1_386' title='bbox 559 4837 726 4902; x_wconf 83' lang='lat' dir='ltr'><strong>ditus,-</strong></span> <span class='ocrx_word' id='word_1_387' title='bbox 747 4837 839 4907; x_wconf 91' lang='lat' dir='ltr'><strong>qui</strong></span> <span class='ocrx_word' id='word_1_388' title='bbox 864 4840 1078 4906; x_wconf 87' lang='lat' dir='ltr'><strong>quidem</strong></span> <span class='ocrx_word' id='word_1_389' title='bbox 1115 4857 1287 4911; x_wconf 88' lang='lat' dir='ltr'><strong>neque</strong></span> <span class='ocrx_word' id='word_1_390' title='bbox 1318 4849 1607 4897; x_wconf 88' lang='lat' dir='ltr'><strong>cunctatus-</strong></span> <span class='ocrx_word' id='word_1_391' title='bbox 1633 4853 1740 4898; x_wconf 88' lang='lat' dir='ltr'><strong>est.</strong></span> <span class='ocrx_word' id='word_1_392' title='bbox 1765 4837 1928 4914; x_wconf 75' lang='lat'><strong>508</strong></span> <span class='ocrx_word' id='word_1_393' title='bbox 1948 4859 2124 4913; x_wconf 88' lang='lat' dir='ltr'><strong>neque</strong></span> 
     </span>
    </p>
   </div>
   <div class='ocr_carea' id='block_1_50' title="bbox 557 4930 2126 5006">
    <p class='ocr_par' dir='ltr' id='par_1_50' title="bbox 557 4930 2126 5006">
     <span class='ocr_line' id='line_1_50' title="bbox 557 4930 2126 5006; baseline 0.005 -23"><span class='ocrx_word' id='word_1_394' title='bbox 557 4930 642 4983; x_wconf 57' lang='lat' dir='ltr'><strong>rel</strong></span> <span class='ocrx_word' id='word_1_395' title='bbox 677 4930 1000 4986; x_wconf 85' lang='lat' dir='ltr'><strong>brevissimo</strong></span> <span class='ocrx_word' id='word_1_396' title='bbox 1041 4940 1284 5002; x_wconf 90' lang='lat' dir='ltr'><strong>tempore</strong></span> <span class='ocrx_word' id='word_1_397' title='bbox 1317 4935 1652 5002; x_wconf 88' lang='lat' dir='ltr'><strong>supersedit,</strong></span> <span class='ocrx_word' id='word_1_398' title='bbox 1711 4937 1969 5006; x_wconf 86' lang='lat' dir='ltr'><strong>operibus</strong></span> <span class='ocrx_word' id='word_1_399' title='bbox 1997 4952 2126 4991; x_wconf 89' lang='lat' dir='ltr'><strong>vero</strong></span> 
     </span>
    </p>
   </div>
   <div class='ocr_carea' id='block_1_51' title="bbox 560 5023 2126 5096">
    <p class='ocr_par' dir='ltr' id='par_1_51' title="bbox 560 5023 2126 5096">
     <span class='ocr_line' id='line_1_51' title="bbox 560 5023 2126 5096; baseline 0.007 -23"><span class='ocrx_word' id='word_1_400' title='bbox 560 5023 937 5077; x_wconf 78' lang='lat' dir='ltr'><strong>tantummodo</strong></span> <span class='ocrx_word' id='word_1_401' title='bbox 967 5025 1098 5094; x_wconf 87' lang='lat' dir='ltr'><strong>ipsis</strong></span> <span class='ocrx_word' id='word_1_402' title='bbox 1149 5023 1214 5078; x_wconf 90' lang='lat' dir='ltr'><strong>ad</strong></span> <span class='ocrx_word' id='word_1_403' title='bbox 1253 5040 1375 5079; x_wconf 87' lang='lat' dir='ltr'><strong>eum</strong></span> <span class='ocrx_word' id='word_1_404' title='bbox 1406 5028 1722 5096; x_wconf 88' lang='lat' dir='ltr'><strong>respondit;</strong></span> <span class='ocrx_word' id='word_1_405' title='bbox 1759 5045 1777 5078; x_wconf 74' lang='grc' dir='ltr'>ι</span> <span class='ocrx_word' id='word_1_406' title='bbox 1821 5028 2012 5083; x_wconf 86' lang='lat' dir='ltr'><strong>Adhuc</strong></span> <span class='ocrx_word' id='word_1_407' title='bbox 2045 5030 2126 5084; x_wconf 86' lang='lat' dir='ltr'><strong>lo-</strong></span> 
     </span>
    </p>
   </div>
   <div class='ocr_carea' id='block_1_52' title="bbox 559 5115 2125 5191">
    <p class='ocr_par' dir='ltr' id='par_1_52' title="bbox 559 5115 2125 5191">
     <span class='ocr_line' id='line_1_52' title="bbox 559 5115 2125 5191; baseline 0.007 -26"><span class='ocrx_word' id='word_1_408' title='bbox 559 5122 755 5184; x_wconf 89' lang='lat' dir='ltr'><strong>quente</strong></span> <span class='ocrx_word' id='word_1_409' title='bbox 784 5123 856 5178; x_wconf 91' lang='lat' dir='ltr'><strong>te,</strong></span> <span class='ocrx_word' id='word_1_410' title='bbox 879 5116 1076 5182; x_wconf 85' lang='lat' dir='ltr'><strong>dicam,</strong></span> <span class='ocrx_word' id='word_1_411' title='bbox 1101 5131 1228 5172; x_wconf 90' lang='lat' dir='ltr'><strong>ecce</strong></span> <span class='ocrx_word' id='word_1_412' title='bbox 1254 5117 1444 5172; x_wconf 88' lang='lat' dir='ltr'><strong>adsum</strong></span> <span class='ocrx_word' id='word_1_413' title='bbox 1476 5119 1537 5172; x_wconf 84' lang='lat'><strong>&quot;.</strong></span> <span class='ocrx_word' id='word_1_414' title='bbox 1573 5139 1590 5170; x_wconf 78' lang='grc' dir='ltr'>ι</span> <span class='ocrx_word' id='word_1_415' title='bbox 1620 5115 1804 5189; x_wconf 82' lang='lat' dir='ltr'><strong>itaque</strong></span> <span class='ocrx_word' id='word_1_416' title='bbox 1829 5120 1873 5175; x_wconf 89' lang='lat' dir='ltr'><strong>is</strong></span> <span class='ocrx_word' id='word_1_417' title='bbox 1898 5122 1988 5191; x_wconf 87' lang='lat' dir='ltr'><strong>qui</strong></span> <span class='ocrx_word' id='word_1_418' title='bbox 2022 5121 2125 5176; x_wconf 82' lang='lat' dir='ltr'><strong>hoc</strong></span> 
     </span>
    </p>
   </div>
   <div class='ocr_carea' id='block_1_53' title="bbox 561 5205 2130 5281">
    <p class='ocr_par' dir='ltr' id='par_1_53' title="bbox 561 5205 2130 5281">
     <span class='ocr_line' id='line_1_53' title="bbox 561 5205 2130 5281; baseline 0.006 -23"><span class='ocrx_word' id='word_1_419' title='bbox 561 5206 736 5274; x_wconf 88' lang='lat' dir='ltr'><strong>ipsum</strong></span> <span class='ocrx_word' id='word_1_420' title='bbox 755 5205 866 5275; x_wconf 83' lang='lat' dir='ltr'><strong>jam</strong></span> <span class='ocrx_word' id='word_1_421' title='bbox 891 5216 1156 5272; x_wconf 86' lang='lat' dir='ltr'><strong>senserat,</strong></span> <span class='ocrx_word' id='word_1_422' title='bbox 1181 5217 1234 5262; x_wconf 92' lang='lat' dir='ltr'><strong>et</strong></span> <span class='ocrx_word' id='word_1_423' title='bbox 1264 5209 1473 5278; x_wconf 81' lang='lat' dir='ltr'><strong>paterni</strong></span> <span class='ocrx_word' id='word_1_424' title='bbox 1523 5209 1707 5262; x_wconf 85' lang='lat' dir='ltr'><strong>auxilii</strong></span> <span class='ocrx_word' id='word_1_425' title='bbox 1733 5250 1747 5275; x_wconf 88' lang='lat'><strong>,</strong></span> <span class='ocrx_word' id='word_1_426' title='bbox 1785 5211 2130 5281; x_wconf 89' lang='lat' dir='ltr'><strong>quemadmo-</strong></span> 
     </span>
    </p>
   </div>
   <div class='ocr_carea' id='block_1_54' title="bbox 559 5297 2124 5367">
    <p class='ocr_par' dir='ltr' id='par_1_54' title="bbox 559 5297 2124 5367">
     <span class='ocr_line' id='line_1_54' title="bbox 559 5297 2124 5367; baseline 0.003 -17"><span class='ocrx_word' id='word_1_427' title='bbox 559 5311 683 5350; x_wconf 87' lang='lat' dir='ltr'><strong>cum</strong></span> <span class='ocrx_word' id='word_1_428' title='bbox 715 5297 1136 5366; x_wconf 84' lang='lat' dir='ltr'><strong>supplicaverat,</strong></span> <span class='ocrx_word' id='word_1_429' title='bbox 1173 5313 1396 5367; x_wconf 89' lang='lat' dir='ltr'><strong>compos</strong></span> <span class='ocrx_word' id='word_1_430' title='bbox 1427 5298 1604 5355; x_wconf 87' lang='lat' dir='ltr'><strong>factus</strong></span> <span class='ocrx_word' id='word_1_431' title='bbox 1635 5309 1773 5362; x_wconf 89' lang='lat' dir='ltr'><strong>erat,</strong></span> <span class='ocrx_word' id='word_1_432' title='bbox 1807 5309 1919 5354; x_wconf 91' lang='lat' dir='ltr'><strong>tum</strong></span> <span class='ocrx_word' id='word_1_433' title='bbox 1969 5299 2124 5356; x_wconf 89' lang='lat' dir='ltr'><strong>deni-</strong></span> 
     </span>
    </p>
   </div>
   <div class='ocr_carea' id='block_1_55' title="bbox 559 5389 2125 5462">
    <p class='ocr_par' dir='ltr' id='par_1_55' title="bbox 559 5389 2125 5462">
     <span class='ocr_line' id='line_1_55' title="bbox 559 5389 2125 5462; baseline 0.004 -21"><span class='ocrx_word' id='word_1_434' title='bbox 559 5396 664 5458; x_wconf 70' lang='lat' dir='ltr'><strong>Que</strong></span> <span class='ocrx_word' id='word_1_435' title='bbox 695 5389 846 5443; x_wconf 69' lang='lat' dir='ltr'><strong>illinc</strong></span> <span class='ocrx_word' id='word_1_436' title='bbox 871 5389 1129 5460; x_wconf 80' lang='lat' dir='ltr'><strong>hymnum</strong></span> <span class='ocrx_word' id='word_1_437' title='bbox 1163 5389 1228 5443; x_wconf 90' lang='lat' dir='ltr'><strong>ad</strong></span> <span class='ocrx_word' id='word_1_438' title='bbox 1271 5390 1554 5444; x_wconf 83' lang='lat' dir='ltr'><strong>victoriam</strong></span> <span class='ocrx_word' id='word_1_439' title='bbox 1599 5392 1836 5460; x_wconf 86' lang='lat' dir='ltr'><strong>inchoat,</strong></span> <span class='ocrx_word' id='word_1_440' title='bbox 1862 5392 1990 5447; x_wconf 90' lang='lat' dir='ltr'><strong>dum</strong></span> <span class='ocrx_word' id='word_1_441' title='bbox 2027 5409 2125 5462; x_wconf 90' lang='lat' dir='ltr'><strong>pro</strong></span> 
     </span>
    </p>
   </div>
   <div class='ocr_carea' id='block_1_56' title="bbox 559 5481 2120 5553">
    <p class='ocr_par' dir='ltr' id='par_1_56' title="bbox 559 5481 2120 5553">
     <span class='ocr_line' id='line_1_56' title="bbox 559 5481 2120 5553; baseline 0.003 -19"><span class='ocrx_word' id='word_1_442' title='bbox 559 5481 827 5535; x_wconf 84' lang='lat' dir='ltr'><strong>matutina</strong></span> <span class='ocrx_word' id='word_1_443' title='bbox 885 5481 1232 5553; x_wconf 81' lang='lat' dir='ltr'><strong>susceptione</strong></span> <span class='ocrx_word' id='word_1_444' title='bbox 1286 5482 1557 5552; x_wconf 79' lang='lat' dir='ltr'><strong>psalmum</strong></span> <span class='ocrx_word' id='word_1_445' title='bbox 1611 5481 1781 5547; x_wconf 88' lang='lat' dir='ltr'><strong>lacit,</strong></span> <span class='ocrx_word' id='word_1_446' title='bbox 1855 5482 1946 5538; x_wconf 89' lang='lat' dir='ltr'><strong>ubi</strong></span> <span class='ocrx_word' id='word_1_447' title='bbox 2005 5485 2120 5538; x_wconf 86' lang='lat' dir='ltr'><strong>ait:</strong></span> 
     </span>
    </p>
   </div>
   <div class='ocr_carea' id='block_1_57' title="bbox 566 5569 2128 5630">
    <p class='ocr_par' dir='ltr' id='par_1_57' title="bbox 566 5569 2128 5630">
     <span class='ocr_line' id='line_1_57' title="bbox 566 5569 2128 5630; baseline 0.006 -10"><span class='ocrx_word' id='word_1_448' title='bbox 566 5588 585 5620; x_wconf 69' lang='grc' dir='ltr'><strong><em>ς</em></strong></span> <span class='ocrx_word' id='word_1_449' title='bbox 618 5569 864 5625; x_wconf 82' lang='lat' dir='ltr'><strong>Narrabo</strong></span> <span class='ocrx_word' id='word_1_450' title='bbox 893 5585 1089 5627; x_wconf 86' lang='lat' dir='ltr'><strong>nomen</strong></span> <span class='ocrx_word' id='word_1_451' title='bbox 1123 5579 1275 5626; x_wconf 90' lang='lat' dir='ltr'><strong>tuum</strong></span> <span class='ocrx_word' id='word_1_452' title='bbox 1321 5573 1580 5630; x_wconf 75' lang='lat' dir='ltr'><strong>fratribus</strong></span> <span class='ocrx_word' id='word_1_453' title='bbox 1628 5572 1764 5629; x_wconf 84' lang='lat' dir='ltr'><strong>meis</strong></span> <span class='ocrx_word' id='word_1_454' title='bbox 1793 5587 1806 5628; x_wconf 75' lang='grc' dir='ltr'><strong>ι</strong></span> <span class='ocrx_word' id='word_1_455' title='bbox 1837 5573 1892 5629; x_wconf 93' lang='lat' dir='ltr'><strong>in</strong></span> <span class='ocrx_word' id='word_1_456' title='bbox 1949 5573 2128 5630; x_wconf 89' lang='lat' dir='ltr'><strong>medio</strong></span> 
     </span>
    </p>
   </div>
   <div class='ocr_carea' id='block_1_58' title="bbox 635 5752 1217 5823">
    <p class='ocr_par' dir='ltr' id='par_1_58' title="bbox 635 5752 1217 5823">
     <span class='ocr_line' id='line_1_58' title="bbox 635 5752 1217 5823; baseline 0 -15"><span class='ocrx_word' id='word_1_457' title='bbox 635 5756 677 5787; x_wconf 79' lang='lat'><strong>&quot;</strong></span> <span class='ocrx_word' id='word_1_458' title='bbox 716 5752 951 5823; x_wconf 85' lang='lat' dir='ltr'><strong>Philipp.</strong></span> <span class='ocrx_word' id='word_1_459' title='bbox 993 5767 1066 5817; x_wconf 90' lang='grc' dir='ltr'>ιι,</span> <span class='ocrx_word' id='word_1_460' title='bbox 1102 5753 1217 5821; x_wconf 78' lang='lat'><strong>6,7.-</strong></span> 
     </span>
    </p>
   </div>
   <div class='ocr_carea' id='block_1_59' title="bbox 1296 5749 1814 5824">
    <p class='ocr_par' dir='ltr' id='par_1_59' title="bbox 1296 5749 1814 5824">
     <span class='ocr_line' id='line_1_59' title="bbox 1296 5749 1814 5824; baseline 0.008 -16"><span class='ocrx_word' id='word_1_461' title='bbox 1296 5755 1338 5788; x_wconf 80' lang='lat'>&quot;</span> <span class='ocrx_word' id='word_1_462' title='bbox 1379 5749 1486 5814; x_wconf 74' lang='lat' dir='ltr'><strong>ise.</strong></span> <span class='ocrx_word' id='word_1_463' title='bbox 1563 5772 1727 5824; x_wconf 80' lang='lat' dir='ltr'><strong>Lvm,</strong></span> <span class='ocrx_word' id='word_1_464' title='bbox 1762 5757 1814 5813; x_wconf 64' lang='grc' dir='ltr'><strong>ει</strong></span> 
     </span>
    </p>
   </div>
   <div class='ocr_carea' id='block_1_60' title="bbox 1182 289 3085 379">
    <p class='ocr_par' dir='ltr' id='par_1_60' title="bbox 1182 289 3085 379">
     <span class='ocr_line' id='line_1_60' title="bbox 1182 289 3085 379; baseline -0.005 -1"><span class='ocrx_word' id='word_1_465' title='bbox 1182 289 1449 379; x_wconf 75' lang='lat' dir='ltr'><strong>eosenu</strong></span> <span class='ocrx_word' id='word_1_466' title='bbox 1485 320 1969 377; x_wconf 57' lang='lat' dir='ltr'><strong>cmsamensrs</strong></span> <span class='ocrx_word' id='word_1_467' title='bbox 2007 319 2156 375; x_wconf 70' lang='lat' dir='ltr'><strong>ore.</strong></span> <span class='ocrx_word' id='word_1_468' title='bbox 2189 318 2367 374; x_wconf 63' lang='lat' dir='ltr'><strong>rans</strong></span> <span class='ocrx_word' id='word_1_469' title='bbox 2395 317 2458 374; x_wconf 88' lang='grc' dir='ltr'>ιι.</span> <span class='ocrx_word' id='word_1_470' title='bbox 2496 348 2562 358; x_wconf 86' lang='grc'><strong><em>-</em></strong></span> <span class='ocrx_word' id='word_1_471' title='bbox 2592 315 3085 370; x_wconf 65' lang='lat' dir='ltr'><strong>amoenum.</strong></span> 
     </span>
    </p>
   </div>
   <div class='ocr_carea' id='block_1_61' title="bbox 3631 328 3707 384">
    <p class='ocr_par' dir='ltr' id='par_1_61' title="bbox 3631 328 3707 384">
     <span class='ocr_line' id='line_1_61' title="bbox 3631 328 3707 384; baseline 0.066 -5"><span class='ocrx_word' id='word_1_472' title='bbox 3631 328 3707 384; x_wconf 73' lang='lat'><strong>738</strong></span> 
     </span>
    </p>
   </div>
   <div class='ocr_carea' id='block_1_62' title="bbox 2143 434 3712 506">
    <p class='ocr_par' dir='ltr' id='par_1_62' title="bbox 2143 434 3712 506">
     <span class='ocr_line' id='line_1_62' title="bbox 2143 434 3712 506; baseline -0.001 -17"><span class='ocrx_word' id='word_1_473' title='bbox 2143 445 2188 500; x_wconf 71' lang='grc' dir='ltr'><strong>Α</strong></span> <span class='ocrx_word' id='word_1_474' title='bbox 2214 437 2436 505; x_wconf 80' lang='grc' dir='ltr'>λέγοντα</span> <span class='ocrx_word' id='word_1_475' title='bbox 2465 435 2598 506; x_wconf 71' lang='grc' dir='ltr'>πρὸς</span> <span class='ocrx_word' id='word_1_476' title='bbox 2623 435 2718 505; x_wconf 73' lang='grc' dir='ltr'><strong>τὴν</strong></span> <span class='ocrx_word' id='word_1_477' title='bbox 2759 434 3014 504; x_wconf 85' lang='grc' dir='ltr'>Μαριάμ·</span> <span class='ocrx_word' id='word_1_478' title='bbox 3050 451 3068 482; x_wconf 77' lang='grc' dir='ltr'><strong>ι</strong></span> <span class='ocrx_word' id='word_1_479' title='bbox 3094 434 3180 504; x_wconf 81' lang='grc' dir='ltr'><strong>Μή</strong></span> <span class='ocrx_word' id='word_1_480' title='bbox 3240 451 3334 503; x_wconf 88' lang='grc' dir='ltr'><strong>μου</strong></span> <span class='ocrx_word' id='word_1_481' title='bbox 3391 436 3556 490; x_wconf 73' lang='grc' dir='ltr'>ἅπτου·</span> <span class='ocrx_word' id='word_1_482' title='bbox 3595 442 3712 496; x_wconf 72' lang='grc' dir='ltr'>οὑπω</span> 
     </span>
    </p>
   </div>
   <div class='ocr_carea' id='block_1_63' title="bbox 2219 522 3712 599">
    <p class='ocr_par' dir='ltr' id='par_1_63' title="bbox 2219 522 3712 599">
     <span class='ocr_line' id='line_1_63' title="bbox 2219 522 3712 599; baseline 0.001 -19"><span class='ocrx_word' id='word_1_483' title='bbox 2219 527 2326 599; x_wconf 79' lang='grc' dir='ltr'>γὰρ</span> <span class='ocrx_word' id='word_1_484' title='bbox 2360 525 2676 595; x_wconf 58' lang='grc' dir='ltr'>ἀναϐέϐηκα</span> <span class='ocrx_word' id='word_1_485' title='bbox 2720 524 2856 595; x_wconf 83' lang='grc' dir='ltr'>πρὸς</span> <span class='ocrx_word' id='word_1_486' title='bbox 2905 522 2995 577; x_wconf 79' lang='grc' dir='ltr'><strong>τὸν</strong></span> <span class='ocrx_word' id='word_1_487' title='bbox 3038 523 3252 595; x_wconf 78' lang='grc' dir='ltr'><strong>Πατέρα</strong></span> <span class='ocrx_word' id='word_1_488' title='bbox 3291 542 3416 596; x_wconf 76' lang='grc' dir='ltr'>μουο</span> <span class='ocrx_word' id='word_1_489' title='bbox 3441 530 3634 599; x_wconf 74' lang='grc' dir='ltr'>πορεύου</span> <span class='ocrx_word' id='word_1_490' title='bbox 3667 532 3712 587; x_wconf 71' lang='grc' dir='ltr'>δὲ</span> 
     </span>
    </p>
   </div>
   <div class='ocr_carea' id='block_1_64' title="bbox 2223 611 3715 691">
    <p class='ocr_par' dir='ltr' id='par_1_64' title="bbox 2223 611 3715 691">
     <span class='ocr_line' id='line_1_64' title="bbox 2223 611 3715 691; baseline 0.019 -42"><span class='ocrx_word' id='word_1_491' title='bbox 2223 612 2357 691; x_wconf 63' lang='grc' dir='ltr'>πρδς</span> <span class='ocrx_word' id='word_1_492' title='bbox 2375 618 2500 682; x_wconf 57' lang='grc' dir='ltr'>τοὺς</span> <span class='ocrx_word' id='word_1_493' title='bbox 2529 611 2790 686; x_wconf 63' lang='grc' dir='ltr'><strong>ἀδελφούς</strong></span> <span class='ocrx_word' id='word_1_494' title='bbox 2828 632 2950 686; x_wconf 84' lang='grc' dir='ltr'>μου,</span> <span class='ocrx_word' id='word_1_495' title='bbox 2975 616 3068 669; x_wconf 71' lang='grc' dir='ltr'><strong>καὶ</strong></span> <span class='ocrx_word' id='word_1_496' title='bbox 3099 616 3214 669; x_wconf 80' lang='grc' dir='ltr'>εἰπὲ</span> <span class='ocrx_word' id='word_1_497' title='bbox 3243 617 3439 682; x_wconf 79' lang='grc' dir='ltr'>αὐτοῖς·</span> <span class='ocrx_word' id='word_1_498' title='bbox 3476 620 3715 678; x_wconf 79' lang='grc' dir='ltr'>’Δναὸαίνω</span> 
     </span>
    </p>
   </div>
   <div class='ocr_carea' id='block_1_65' title="bbox 2222 707 3718 783">
    <p class='ocr_par' dir='ltr' id='par_1_65' title="bbox 2222 707 3718 783">
     <span class='ocr_line' id='line_1_65' title="bbox 2222 707 3718 783; baseline 0.007 -22"><span class='ocrx_word' id='word_1_499' title='bbox 2222 713 2359 783; x_wconf 85' lang='grc' dir='ltr'>πρὸς</span> <span class='ocrx_word' id='word_1_500' title='bbox 2389 712 2480 764; x_wconf 75' lang='grc' dir='ltr'>τὸν</span> <span class='ocrx_word' id='word_1_501' title='bbox 2513 709 2750 782; x_wconf 87' lang='grc' dir='ltr'><strong>Πατέρα¹</strong></span> <span class='ocrx_word' id='word_1_502' title='bbox 2779 719 2878 782; x_wconf 85' lang='grc' dir='ltr'><strong>μου</strong></span> <span class='ocrx_word' id='word_1_503' title='bbox 2913 709 3006 763; x_wconf 77' lang='grc' dir='ltr'><strong>καὶ</strong></span> <span class='ocrx_word' id='word_1_504' title='bbox 3052 707 3264 780; x_wconf 77' lang='grc' dir='ltr'><strong>Πατέρα</strong></span> <span class='ocrx_word' id='word_1_505' title='bbox 3308 712 3470 783; x_wconf 85' lang='grc' dir='ltr'>ὑμῶν,</span> <span class='ocrx_word' id='word_1_506' title='bbox 3498 716 3576 767; x_wconf 69' lang='grc' dir='ltr'><strong>καὶ</strong></span> <span class='ocrx_word' id='word_1_507' title='bbox 3613 716 3718 771; x_wconf 78' lang='grc' dir='ltr'>Θεόν</span> 
     </span>
    </p>
   </div>
   <div class='ocr_carea' id='block_1_66' title="bbox 2223 794 3718 874">
    <p class='ocr_par' dir='ltr' id='par_1_66' title="bbox 2223 794 3718 874">
     <span class='ocr_line' id='line_1_66' title="bbox 2223 794 3718 874; baseline 0.005 -18"><span class='ocrx_word' id='word_1_508' title='bbox 2223 822 2320 874; x_wconf 89' lang='grc' dir='ltr'><strong>μου</strong></span> <span class='ocrx_word' id='word_1_509' title='bbox 2350 805 2440 857; x_wconf 76' lang='grc' dir='ltr'><strong>καὶ</strong></span> <span class='ocrx_word' id='word_1_510' title='bbox 2466 794 2597 856; x_wconf 81' lang='grc' dir='ltr'>Θεὸν</span> <span class='ocrx_word' id='word_1_511' title='bbox 2626 803 2797 873; x_wconf 79' lang='grc' dir='ltr'>ὑμῶν.</span> <span class='ocrx_word' id='word_1_512' title='bbox 2823 822 2840 852; x_wconf 84' lang='grc' dir='ltr'>ι</span> <span class='ocrx_word' id='word_1_513' title='bbox 2877 801 3120 873; x_wconf 83' lang='grc' dir='ltr'>Πρώτοις</span> <span class='ocrx_word' id='word_1_514' title='bbox 3147 804 3241 873; x_wconf 78' lang='grc' dir='ltr'>μὲν</span> <span class='ocrx_word' id='word_1_515' title='bbox 3267 799 3355 857; x_wconf 80' lang='grc' dir='ltr'>οὖν</span> <span class='ocrx_word' id='word_1_516' title='bbox 3397 807 3498 868; x_wconf 78' lang='grc' dir='ltr'>τοῖς</span> <span class='ocrx_word' id='word_1_517' title='bbox 3534 808 3718 862; x_wconf 76' lang='grc' dir='ltr'>ἀποστό-</span> 
     </span>
    </p>
   </div>
   <div class='ocr_carea' id='block_1_67' title="bbox 2221 895 3719 970">
    <p class='ocr_par' dir='ltr' id='par_1_67' title="bbox 2221 895 3719 970">
     <span class='ocr_line' id='line_1_67' title="bbox 2221 895 3719 970; baseline 0.003 -22"><span class='ocrx_word' id='word_1_518' title='bbox 2221 897 2330 961; x_wconf 79' lang='grc' dir='ltr'>λοις</span> <span class='ocrx_word' id='word_1_519' title='bbox 2372 895 2556 960; x_wconf 78' lang='grc' dir='ltr'>αὑτοῦ,</span> <span class='ocrx_word' id='word_1_520' title='bbox 2586 896 2676 962; x_wconf 74' lang='grc' dir='ltr'>οὓς</span> <span class='ocrx_word' id='word_1_521' title='bbox 2723 897 2884 959; x_wconf 80' lang='grc' dir='ltr'><strong>ἰδίους</strong></span> <span class='ocrx_word' id='word_1_522' title='bbox 2930 897 3188 966; x_wconf 66' lang='grc' dir='ltr'>ἀδελφοὺς</span> <span class='ocrx_word' id='word_1_523' title='bbox 3228 898 3484 968; x_wconf 71' lang='grc' dir='ltr'>ὀνομάζει,</span> <span class='ocrx_word' id='word_1_524' title='bbox 3508 899 3560 952; x_wconf 79' lang='grc' dir='ltr'><strong>τὸ</strong></span> <span class='ocrx_word' id='word_1_525' title='bbox 3588 900 3719 970; x_wconf 65' lang='grc' dir='ltr'>ὄνομα</span> 
     </span>
    </p>
   </div>
   <div class='ocr_carea' id='block_1_68' title="bbox 2220 985 3720 1060">
    <p class='ocr_par' dir='ltr' id='par_1_68' title="bbox 2220 985 3720 1060">
     <span class='ocr_line' id='line_1_68' title="bbox 2220 985 3720 1060; baseline 0.001 -19"><span class='ocrx_word' id='word_1_526' title='bbox 2220 989 2312 1042; x_wconf 81' lang='grc' dir='ltr'><strong>τοῦ</strong></span> <span class='ocrx_word' id='word_1_527' title='bbox 2339 988 2548 1060; x_wconf 76' lang='grc' dir='ltr'>Πατρὸς</span> <span class='ocrx_word' id='word_1_528' title='bbox 2570 985 2922 1060; x_wconf 77' lang='grc' dir='ltr'>διηγήσεσθαί</span> <span class='ocrx_word' id='word_1_529' title='bbox 2964 1004 3094 1058; x_wconf 77' lang='grc' dir='ltr'>φησι</span> <span class='ocrx_word' id='word_1_530' title='bbox 3118 999 3131 1018; x_wconf 78' lang='lat'><strong><em>&quot;</em></strong></span> <span class='ocrx_word' id='word_1_531' title='bbox 3170 988 3303 1058; x_wconf 85' lang='grc' dir='ltr'><strong>μετά</strong></span> <span class='ocrx_word' id='word_1_532' title='bbox 3336 989 3389 1042; x_wconf 82' lang='grc' dir='ltr'>δὲ</span> <span class='ocrx_word' id='word_1_533' title='bbox 3421 990 3624 1054; x_wconf 79' lang='grc' dir='ltr'><strong>ἐκείνους</strong></span> <span class='ocrx_word' id='word_1_534' title='bbox 3645 991 3720 1044; x_wconf 69' lang='grc' dir='ltr'><strong>τάς</strong></span> 
     </span>
    </p>
   </div>
   <div class='ocr_carea' id='block_1_69' title="bbox 2223 1078 3722 1152">
    <p class='ocr_par' dir='ltr' id='par_1_69' title="bbox 2223 1078 3722 1152">
     <span class='ocr_line' id='line_1_69' title="bbox 2223 1078 3722 1152; baseline 0.003 -20"><span class='ocrx_word' id='word_1_535' title='bbox 2223 1081 2300 1145; x_wconf 78' lang='grc' dir='ltr'><strong>ξει</strong></span> <span class='ocrx_word' id='word_1_536' title='bbox 2327 1080 2420 1134; x_wconf 70' lang='grc' dir='ltr'><strong>καὶ</strong></span> <span class='ocrx_word' id='word_1_537' title='bbox 2448 1078 2734 1150; x_wconf 78' lang='grc' dir='ltr'>ἀκολουθίᾳ</span> <span class='ocrx_word' id='word_1_538' title='bbox 2767 1081 2866 1151; x_wconf 81' lang='grc' dir='ltr'><strong>τὴν</strong></span> <span class='ocrx_word' id='word_1_539' title='bbox 2892 1080 3012 1133; x_wconf 87' lang='grc' dir='ltr'>καθ’</span> <span class='ocrx_word' id='word_1_540' title='bbox 3040 1080 3166 1150; x_wconf 79' lang='grc' dir='ltr'>ὅλης</span> <span class='ocrx_word' id='word_1_541' title='bbox 3199 1081 3296 1149; x_wconf 78' lang='grc' dir='ltr'>τῆς</span> <span class='ocrx_word' id='word_1_542' title='bbox 3337 1081 3619 1152; x_wconf 70' lang='grc' dir='ltr'><strong>οἰκουμένης</strong></span> <span class='ocrx_word' id='word_1_543' title='bbox 3650 1085 3722 1139; x_wconf 73' lang='grc' dir='ltr'>ἐπὶ</span> 
     </span>
    </p>
   </div>
   <div class='ocr_carea' id='block_1_70' title="bbox 2220 1171 3722 1243">
    <p class='ocr_par' dir='ltr' id='par_1_70' title="bbox 2220 1171 3722 1243">
     <span class='ocr_line' id='line_1_70' title="bbox 2220 1171 3722 1243; baseline 0.002 -19"><span class='ocrx_word' id='word_1_544' title='bbox 2220 1171 2297 1242; x_wconf 83' lang='grc' dir='ltr'><strong>τῷ</strong></span> <span class='ocrx_word' id='word_1_545' title='bbox 2332 1172 2550 1242; x_wconf 80' lang='grc' dir='ltr'>ὀνόματι</span> <span class='ocrx_word' id='word_1_546' title='bbox 2587 1171 2752 1224; x_wconf 82' lang='grc' dir='ltr'>αὑτοῦ</span> <span class='ocrx_word' id='word_1_547' title='bbox 2784 1174 3054 1225; x_wconf 84' lang='grc' dir='ltr'>συστᾶσαν</span> <span class='ocrx_word' id='word_1_548' title='bbox 3094 1171 3406 1243; x_wconf 73' lang='grc' dir='ltr'>Ἐκκλησίαν</span> <span class='ocrx_word' id='word_1_549' title='bbox 3435 1173 3630 1239; x_wconf 73' lang='grc' dir='ltr'><strong>διδάξειν</strong></span> <span class='ocrx_word' id='word_1_550' title='bbox 3653 1174 3722 1227; x_wconf 75' lang='grc' dir='ltr'><strong>τὸν</strong></span> 
     </span>
    </p>
   </div>
   <div class='ocr_carea' id='block_1_71' title="bbox 2221 1267 3722 1340">
    <p class='ocr_par' dir='ltr' id='par_1_71' title="bbox 2221 1267 3722 1340">
     <span class='ocr_line' id='line_1_71' title="bbox 2221 1267 3722 1340; baseline 0 -18"><span class='ocrx_word' id='word_1_551' title='bbox 2221 1269 2485 1340; x_wconf 75' lang='grc' dir='ltr'>πατρικὸν</span> <span class='ocrx_word' id='word_1_552' title='bbox 2515 1268 2684 1339; x_wconf 82' lang='grc' dir='ltr'>ὑμνον</span> <span class='ocrx_word' id='word_1_553' title='bbox 2712 1268 3336 1339; x_wconf 81' lang='grc' dir='ltr'>ἐπαγγέλλεται.Ὥσπερ</span> <span class='ocrx_word' id='word_1_554' title='bbox 3358 1267 3459 1339; x_wconf 75' lang='grc' dir='ltr'>γὰρ</span> <span class='ocrx_word' id='word_1_555' title='bbox 3502 1268 3548 1321; x_wconf 80' lang='grc' dir='ltr'><strong>εί</strong></span> <span class='ocrx_word' id='word_1_556' title='bbox 3581 1287 3648 1330; x_wconf 86' lang='grc' dir='ltr'><strong>τις</strong></span> <span class='ocrx_word' id='word_1_557' title='bbox 3680 1271 3722 1322; x_wconf 83' lang='grc' dir='ltr'>ὲν</span> 
     </span>
    </p>
   </div>
   <div class='ocr_carea' id='block_1_72' title="bbox 2225 1355 3722 1432">
    <p class='ocr_par' dir='ltr' id='par_1_72' title="bbox 2225 1355 3722 1432">
     <span class='ocr_line' id='line_1_72' title="bbox 2225 1355 3722 1432; baseline -0.001 -18"><span class='ocrx_word' id='word_1_558' title='bbox 2225 1355 2374 1432; x_wconf 85' lang='grc' dir='ltr'>μέσῳ</span> <span class='ocrx_word' id='word_1_559' title='bbox 2411 1359 2665 1432; x_wconf 78' lang='grc' dir='ltr'><strong>μαθητῶν</strong></span> <span class='ocrx_word' id='word_1_560' title='bbox 2691 1359 2974 1424; x_wconf 82' lang='grc' dir='ltr'>διεξοδεὺοι</span> <span class='ocrx_word' id='word_1_561' title='bbox 3006 1361 3194 1430; x_wconf 75' lang='grc' dir='ltr'>λόγους</span> <span class='ocrx_word' id='word_1_562' title='bbox 3220 1362 3309 1413; x_wconf 76' lang='grc' dir='ltr'><strong>ἐπὶ</strong></span> <span class='ocrx_word' id='word_1_563' title='bbox 3353 1360 3502 1432; x_wconf 69' lang='grc' dir='ltr'>σοφία</span> <span class='ocrx_word' id='word_1_564' title='bbox 3541 1360 3722 1432; x_wconf 77' lang='grc' dir='ltr'>διαπρέ-</span> 
     </span>
    </p>
   </div>
   <div class='ocr_carea' id='block_1_73' title="bbox 2224 1448 3724 1524">
    <p class='ocr_par' dir='ltr' id='par_1_73' title="bbox 2224 1448 3724 1524">
     <span class='ocr_line' id='line_1_73' title="bbox 2224 1448 3724 1524; baseline -0.004 -14"><span class='ocrx_word' id='word_1_565' title='bbox 2224 1473 2341 1510; x_wconf 83' lang='grc' dir='ltr'><strong>πων</strong></span> <span class='ocrx_word' id='word_1_566' title='bbox 2389 1453 2730 1517; x_wconf 80' lang='grc' dir='ltr'>διδάσκαλος,</span> <span class='ocrx_word' id='word_1_567' title='bbox 2783 1448 2921 1524; x_wconf 81' lang='grc' dir='ltr'>ὑπὲρ</span> <span class='ocrx_word' id='word_1_568' title='bbox 2970 1452 3062 1506; x_wconf 78' lang='grc' dir='ltr'>τοῦ</span> <span class='ocrx_word' id='word_1_569' title='bbox 3116 1451 3394 1515; x_wconf 85' lang='grc' dir='ltr'>κάκείνους</span> <span class='ocrx_word' id='word_1_570' title='bbox 3445 1452 3724 1515; x_wconf 68' lang='grc' dir='ltr'>ἀκούσαντας</span> 
     </span>
    </p>
   </div>
   <div class='ocr_carea' id='block_1_74' title="bbox 2223 1537 3722 1617">
    <p class='ocr_par' dir='ltr' id='par_1_74' title="bbox 2223 1537 3722 1617">
     <span class='ocr_line' id='line_1_74' title="bbox 2223 1537 3722 1617; baseline -0.002 -19"><span class='ocrx_word' id='word_1_571' title='bbox 2223 1545 2697 1617; x_wconf 80' lang='grc' dir='ltr'>προσυπακοῦσαι·</span> <span class='ocrx_word' id='word_1_572' title='bbox 2745 1546 2834 1598; x_wconf 76' lang='grc' dir='ltr'><strong>τὸν</strong></span> <span class='ocrx_word' id='word_1_573' title='bbox 2880 1537 3040 1598; x_wconf 74' lang='grc' dir='ltr'>αὑτὸν</span> <span class='ocrx_word' id='word_1_574' title='bbox 3080 1545 3277 1616; x_wconf 65' lang='grc' dir='ltr'>τρόπον</span> <span class='ocrx_word' id='word_1_575' title='bbox 3321 1545 3410 1597; x_wconf 66' lang='grc' dir='ltr'><strong>καὶ</strong></span> <span class='ocrx_word' id='word_1_576' title='bbox 3454 1543 3611 1606; x_wconf 69' lang='grc' dir='ltr'>αὑτὸς,</span> <span class='ocrx_word' id='word_1_577' title='bbox 3639 1565 3653 1593; x_wconf 78' lang='grc' dir='ltr'><strong>ι</strong></span> <span class='ocrx_word' id='word_1_578' title='bbox 3681 1546 3722 1595; x_wconf 79' lang='grc' dir='ltr'>ἐν</span> 
     </span>
    </p>
   </div>
   <div class='ocr_carea' id='block_1_75' title="bbox 2228 1635 3723 1710">
    <p class='ocr_par' dir='ltr' id='par_1_75' title="bbox 2228 1635 3723 1710">
     <span class='ocr_line' id='line_1_75' title="bbox 2228 1635 3723 1710; baseline -0.002 -21"><span class='ocrx_word' id='word_1_579' title='bbox 2228 1640 2375 1710; x_wconf 83' lang='grc' dir='ltr'>μέσῳ</span> <span class='ocrx_word' id='word_1_580' title='bbox 2412 1636 2752 1708; x_wconf 75' lang='grc' dir='ltr'>Ἐκκλησίας,</span> <span class='ocrx_word' id='word_1_581' title='bbox 2792 1657 2810 1687; x_wconf 73' lang='grc' dir='ltr'>ι</span> <span class='ocrx_word' id='word_1_582' title='bbox 2843 1637 3025 1707; x_wconf 68' lang='grc' dir='ltr'>φησὶν,</span> <span class='ocrx_word' id='word_1_583' title='bbox 3054 1654 3071 1686; x_wconf 79' lang='grc' dir='ltr'>ι</span> <span class='ocrx_word' id='word_1_584' title='bbox 3107 1635 3331 1706; x_wconf 74' lang='grc' dir='ltr'>ὑμνήσω</span> <span class='ocrx_word' id='word_1_585' title='bbox 3365 1651 3439 1697; x_wconf 84' lang='grc' dir='ltr'><strong>σε,</strong></span> <span class='ocrx_word' id='word_1_586' title='bbox 3469 1655 3484 1686; x_wconf 83' lang='grc' dir='ltr'>ι</span> <span class='ocrx_word' id='word_1_587' title='bbox 3515 1636 3632 1705; x_wconf 82' lang='grc' dir='ltr'>ὑπὲρ</span> <span class='ocrx_word' id='word_1_588' title='bbox 3654 1635 3723 1687; x_wconf 72' lang='grc' dir='ltr'>τοῦ</span> 
     </span>
    </p>
   </div>
   <div class='ocr_carea' id='block_1_76' title="bbox 2191 1722 3726 1801">
    <p class='ocr_par' dir='ltr' id='par_1_76' title="bbox 2191 1722 3726 1801">
     <span class='ocr_line' id='line_1_76' title="bbox 2191 1722 3726 1801; baseline -0.003 -18"><span class='ocrx_word' id='word_1_589' title='bbox 2191 1787 2196 1801; x_wconf 38' lang='grc' dir='ltr'><strong>ί</strong></span> <span class='ocrx_word' id='word_1_590' title='bbox 2230 1731 2500 1801; x_wconf 72' lang='grc' dir='ltr'>μαθοῦσαν</span> <span class='ocrx_word' id='word_1_591' title='bbox 2549 1730 2646 1800; x_wconf 79' lang='grc' dir='ltr'><strong>τὴν</strong></span> <span class='ocrx_word' id='word_1_592' title='bbox 2688 1725 3010 1800; x_wconf 80' lang='grc' dir='ltr'>Ἐκκλησίαν</span> <span class='ocrx_word' id='word_1_593' title='bbox 3054 1722 3149 1781; x_wconf 73' lang='grc' dir='ltr'><strong>καὶ</strong></span> <span class='ocrx_word' id='word_1_594' title='bbox 3198 1727 3490 1780; x_wconf 77' lang='grc' dir='ltr'>ἀκούσασαν</span> <span class='ocrx_word' id='word_1_595' title='bbox 3522 1727 3630 1798; x_wconf 76' lang='grc' dir='ltr'>παρ’</span> <span class='ocrx_word' id='word_1_596' title='bbox 3658 1729 3726 1779; x_wconf 62' lang='grc' dir='ltr'><strong>αὖα</strong></span> 
     </span>
    </p>
   </div>
   <div class='ocr_carea' id='block_1_77' title="bbox 2153 1789 3725 1892">
    <p class='ocr_par' dir='ltr' id='par_1_77' title="bbox 2153 1789 3725 1892">
     <span class='ocr_line' id='line_1_77' title="bbox 2153 1789 3725 1892; baseline -0.004 -17"><span class='ocrx_word' id='word_1_597' title='bbox 2153 1789 2196 1842; x_wconf 71' lang='grc' dir='ltr'><strong>Β</strong></span> <span class='ocrx_word' id='word_1_598' title='bbox 2223 1822 2335 1885; x_wconf 74' lang='grc' dir='ltr'>τοῦ,</span> <span class='ocrx_word' id='word_1_599' title='bbox 2367 1822 2424 1874; x_wconf 79' lang='grc' dir='ltr'><strong>δν</strong></span> <span class='ocrx_word' id='word_1_600' title='bbox 2480 1822 2742 1892; x_wconf 76' lang='grc' dir='ltr'>προσήκει</span> <span class='ocrx_word' id='word_1_601' title='bbox 2793 1820 3014 1892; x_wconf 84' lang='grc' dir='ltr'>τρόπον,</span> <span class='ocrx_word' id='word_1_602' title='bbox 3062 1812 3253 1890; x_wconf 69' lang='grc' dir='ltr'>μηκέθ’</span> <span class='ocrx_word' id='word_1_603' title='bbox 3278 1812 3350 1882; x_wconf 83' lang='grc' dir='ltr'><strong>ὡς</strong></span> <span class='ocrx_word' id='word_1_604' title='bbox 3393 1819 3448 1870; x_wconf 85' lang='grc' dir='ltr'><strong>τὸ</strong></span> <span class='ocrx_word' id='word_1_605' title='bbox 3487 1818 3597 1888; x_wconf 71' lang='grc' dir='ltr'>πρὶν</span> <span class='ocrx_word' id='word_1_606' title='bbox 3635 1819 3725 1877; x_wconf 67' lang='grc' dir='ltr'>τοὺς</span> 
     </span>
    </p>
   </div>
   <div class='ocr_carea' id='block_1_78' title="bbox 2220 1906 3726 1985">
    <p class='ocr_par' dir='ltr' id='par_1_78' title="bbox 2220 1906 3726 1985">
     <span class='ocr_line' id='line_1_78' title="bbox 2220 1906 3726 1985; baseline -0.005 -18"><span class='ocrx_word' id='word_1_607' title='bbox 2220 1909 2499 1985; x_wconf 74' lang='grc' dir='ltr'>δαίμονας,</span> <span class='ocrx_word' id='word_1_608' title='bbox 2529 1911 2644 1964; x_wconf 88' lang='grc' dir='ltr'>ἀλλ’</span> <span class='ocrx_word' id='word_1_609' title='bbox 2674 1910 2836 1964; x_wconf 70' lang='grc' dir='ltr'>αὑτὸν</span> <span class='ocrx_word' id='word_1_610' title='bbox 2869 1910 3025 1983; x_wconf 85' lang='grc' dir='ltr'>μόνον</span> <span class='ocrx_word' id='word_1_611' title='bbox 3053 1911 3143 1962; x_wconf 86' lang='grc' dir='ltr'><strong>τὸν</strong></span> <span class='ocrx_word' id='word_1_612' title='bbox 3170 1909 3378 1962; x_wconf 72' lang='grc' dir='ltr'>πάντων</span> <span class='ocrx_word' id='word_1_613' title='bbox 3409 1907 3548 1970; x_wconf 74' lang='grc' dir='ltr'>Θεὸν,</span> <span class='ocrx_word' id='word_1_614' title='bbox 3569 1907 3639 1960; x_wconf 79' lang='grc' dir='ltr'>διὰ</span> <span class='ocrx_word' id='word_1_615' title='bbox 3658 1906 3726 1959; x_wconf 66' lang='grc' dir='ltr'>τοῦ</span> 
     </span>
    </p>
   </div>
   <div class='ocr_carea' id='block_1_79' title="bbox 2222 1998 3729 2073">
    <p class='ocr_par' dir='ltr' id='par_1_79' title="bbox 2222 1998 3729 2073">
     <span class='ocr_line' id='line_1_79' title="bbox 2222 1998 3729 2073; baseline -0.007 -15"><span class='ocrx_word' id='word_1_616' title='bbox 2222 2003 2669 2073; x_wconf 74' lang='grc' dir='ltr'>καταγγείλαντος</span> <span class='ocrx_word' id='word_1_617' title='bbox 2701 2001 2860 2056; x_wconf 80' lang='grc' dir='ltr'>αὑτδν</span> <span class='ocrx_word' id='word_1_618' title='bbox 2900 2001 3179 2071; x_wconf 80' lang='grc' dir='ltr'>ὁινυμνεῖν.</span> <span class='ocrx_word' id='word_1_619' title='bbox 3211 1998 3389 2052; x_wconf 72' lang='grc' dir='ltr'>Ταῦτα</span> <span class='ocrx_word' id='word_1_620' title='bbox 3413 1999 3613 2068; x_wconf 73' lang='grc' dir='ltr'>πράξειν</span> <span class='ocrx_word' id='word_1_621' title='bbox 3653 1999 3729 2050; x_wconf 79' lang='grc' dir='ltr'>ὑπ-</span> 
     </span>
    </p>
   </div>
   <div class='ocr_carea' id='block_1_80' title="bbox 2224 2087 3732 2164">
    <p class='ocr_par' dir='ltr' id='par_1_80' title="bbox 2224 2087 3732 2164">
     <span class='ocr_line' id='line_1_80' title="bbox 2224 2087 3732 2164; baseline -0.005 -18"><span class='ocrx_word' id='word_1_622' title='bbox 2224 2094 2400 2164; x_wconf 55' lang='grc' dir='ltr'>ισχνού</span> <span class='ocrx_word' id='word_1_623' title='bbox 2410 2109 2584 2163; x_wconf 87' lang='grc' dir='ltr'>μενος,</span> <span class='ocrx_word' id='word_1_624' title='bbox 2607 2091 2805 2163; x_wconf 77' lang='grc' dir='ltr'>σφόδρα</span> <span class='ocrx_word' id='word_1_625' title='bbox 2825 2090 3125 2154; x_wconf 74' lang='grc' dir='ltr'>ἀκολούθως</span> <span class='ocrx_word' id='word_1_626' title='bbox 3143 2089 3384 2143; x_wconf 79' lang='grc' dir='ltr'>ἐντεῦθεν</span> <span class='ocrx_word' id='word_1_627' title='bbox 3406 2089 3498 2159; x_wconf 70' lang='grc' dir='ltr'><strong>ἤδη</strong></span> <span class='ocrx_word' id='word_1_628' title='bbox 3523 2087 3732 2160; x_wconf 60' lang='lat'><strong>1:903:51:-</strong></span> 
     </span>
    </p>
   </div>
   <div class='ocr_carea' id='block_1_81' title="bbox 2221 2177 3729 2254">
    <p class='ocr_par' dir='ltr' id='par_1_81' title="bbox 2221 2177 3729 2254">
     <span class='ocr_line' id='line_1_81' title="bbox 2221 2177 3729 2254; baseline -0.005 -17"><span class='ocrx_word' id='word_1_629' title='bbox 2221 2197 2302 2237; x_wconf 80' lang='grc' dir='ltr'><strong>τει</strong></span> <span class='ocrx_word' id='word_1_630' title='bbox 2335 2187 2398 2254; x_wconf 81' lang='grc' dir='ltr'>τῇ</span> <span class='ocrx_word' id='word_1_631' title='bbox 2442 2183 2734 2253; x_wconf 75' lang='grc' dir='ltr'>Ἐκκλησία</span> <span class='ocrx_word' id='word_1_632' title='bbox 2765 2183 2859 2236; x_wconf 71' lang='grc' dir='ltr'><strong>καὶ</strong></span> <span class='ocrx_word' id='word_1_633' title='bbox 2891 2185 3002 2246; x_wconf 89' lang='grc' dir='ltr'>τοῖς</span> <span class='ocrx_word' id='word_1_634' title='bbox 3029 2181 3198 2235; x_wconf 77' lang='grc' dir='ltr'>αὑτοῦ</span> <span class='ocrx_word' id='word_1_635' title='bbox 3223 2179 3460 2251; x_wconf 74' lang='grc' dir='ltr'><strong>ἀδελφοῖς</strong></span> <span class='ocrx_word' id='word_1_636' title='bbox 3485 2177 3644 2251; x_wconf 82' lang='grc' dir='ltr'>ὑμνεῖν</span> <span class='ocrx_word' id='word_1_637' title='bbox 3663 2177 3729 2230; x_wconf 78' lang='grc' dir='ltr'><strong>τὸν</strong></span> 
     </span>
    </p>
   </div>
   <div class='ocr_carea' id='block_1_82' title="bbox 2223 2266 3729 2348">
    <p class='ocr_par' dir='ltr' id='par_1_82' title="bbox 2223 2266 3729 2348">
     <span class='ocr_line' id='line_1_82' title="bbox 2223 2266 3729 2348; baseline -0.005 -20"><span class='ocrx_word' id='word_1_638' title='bbox 2223 2268 2464 2348; x_wconf 80' lang='grc' dir='ltr'>Πατέρα.</span> <span class='ocrx_word' id='word_1_639' title='bbox 2492 2274 2584 2326; x_wconf 78' lang='grc' dir='ltr'><strong>Διό</strong></span> <span class='ocrx_word' id='word_1_640' title='bbox 2626 2291 2814 2346; x_wconf 63' lang='grc' dir='ltr'>φησιν’</span> <span class='ocrx_word' id='word_1_641' title='bbox 2842 2293 2858 2325; x_wconf 83' lang='grc' dir='ltr'>ι</span> <span class='ocrx_word' id='word_1_642' title='bbox 2881 2275 2943 2327; x_wconf 84' lang='grc' dir='ltr'><strong>Οἱ</strong></span> <span class='ocrx_word' id='word_1_643' title='bbox 2972 2266 3298 2344; x_wconf 75' lang='grc' dir='ltr'>φοϐούμενοι</span> <span class='ocrx_word' id='word_1_644' title='bbox 3328 2273 3413 2326; x_wconf 78' lang='grc' dir='ltr'><strong>τὸν</strong></span> <span class='ocrx_word' id='word_1_645' title='bbox 3447 2270 3638 2342; x_wconf 78' lang='grc' dir='ltr'>Κύριον.</span> <span class='ocrx_word' id='word_1_646' title='bbox 3665 2271 3729 2322; x_wconf 77' lang='lat' dir='ltr'><strong>al-</strong></span> 
     </span>
    </p>
   </div>
   <div class='ocr_carea' id='block_1_83' title="bbox 2222 2359 3729 2437">
    <p class='ocr_par' dir='ltr' id='par_1_83' title="bbox 2222 2359 3729 2437">
     <span class='ocr_line' id='line_1_83' title="bbox 2222 2359 3729 2437; baseline -0.007 -16"><span class='ocrx_word' id='word_1_647' title='bbox 2222 2369 2410 2421; x_wconf 81' lang='grc' dir='ltr'>νέσατε</span> <span class='ocrx_word' id='word_1_648' title='bbox 2463 2367 2654 2420; x_wconf 61' lang='grc' dir='ltr'>αὑτόνί</span> <span class='ocrx_word' id='word_1_649' title='bbox 2718 2367 2860 2419; x_wconf 76' lang='grc' dir='ltr'>ἅπαν</span> <span class='ocrx_word' id='word_1_650' title='bbox 2907 2365 2969 2417; x_wconf 80' lang='grc' dir='ltr'>τὸ</span> <span class='ocrx_word' id='word_1_651' title='bbox 3022 2365 3246 2437; x_wconf 75' lang='grc' dir='ltr'>σπέρμα</span> <span class='ocrx_word' id='word_1_652' title='bbox 3295 2363 3479 2417; x_wconf 81' lang='grc' dir='ltr'>Ἰακὼό</span> <span class='ocrx_word' id='word_1_653' title='bbox 3526 2359 3729 2428; x_wconf 69' lang='grc' dir='ltr'>δοξάσατε</span> 
     </span>
    </p>
   </div>
   <div class='ocr_carea' id='block_1_84' title="bbox 2223 2451 3731 2529">
    <p class='ocr_par' dir='ltr' id='par_1_84' title="bbox 2223 2451 3731 2529">
     <span class='ocr_line' id='line_1_84' title="bbox 2223 2451 3731 2529; baseline -0.007 -18"><span class='ocrx_word' id='word_1_654' title='bbox 2223 2459 2382 2512; x_wconf 78' lang='grc' dir='ltr'>αὑτὸν</span> <span class='ocrx_word' id='word_1_655' title='bbox 2414 2475 2426 2489; x_wconf 83' lang='lat'><strong><em>°</em></strong></span> <span class='ocrx_word' id='word_1_656' title='bbox 2490 2478 2508 2510; x_wconf 76' lang='grc' dir='ltr'>ι</span> <span class='ocrx_word' id='word_1_657' title='bbox 2567 2459 2677 2520; x_wconf 65' lang='grc' dir='ltr'>καὶ,</span> <span class='ocrx_word' id='word_1_658' title='bbox 2737 2477 2755 2509; x_wconf 73' lang='grc' dir='ltr'><strong>ι</strong></span> <span class='ocrx_word' id='word_1_659' title='bbox 2812 2457 3214 2529; x_wconf 77' lang='grc' dir='ltr'>Φοϐηθήτωσαν</span> <span class='ocrx_word' id='word_1_660' title='bbox 3287 2457 3377 2509; x_wconf 80' lang='grc' dir='ltr'>ἀπ’</span> <span class='ocrx_word' id='word_1_661' title='bbox 3421 2453 3568 2508; x_wconf 79' lang='grc' dir='ltr'><strong>αὑτοῦ</strong></span> <span class='ocrx_word' id='word_1_662' title='bbox 3623 2451 3731 2505; x_wconf 73' lang='grc' dir='ltr'>ἅπαν</span> 
     </span>
    </p>
   </div>
   <div class='ocr_carea' id='block_1_85' title="bbox 2221 2543 3731 2622">
    <p class='ocr_par' dir='ltr' id='par_1_85' title="bbox 2221 2543 3731 2622">
     <span class='ocr_line' id='line_1_85' title="bbox 2221 2543 3731 2622; baseline -0.008 -18"><span class='ocrx_word' id='word_1_663' title='bbox 2221 2552 2282 2604; x_wconf 84' lang='grc' dir='ltr'><strong>τὸ</strong></span> <span class='ocrx_word' id='word_1_664' title='bbox 2305 2553 2524 2622; x_wconf 85' lang='grc' dir='ltr'>σπέρμα</span> <span class='ocrx_word' id='word_1_665' title='bbox 2570 2549 2804 2622; x_wconf 74' lang='grc' dir='ltr'>Ἰσραὴλ,</span> <span class='ocrx_word' id='word_1_666' title='bbox 2834 2550 2914 2603; x_wconf 80' lang='grc' dir='ltr'><strong>ὅτι</strong></span> <span class='ocrx_word' id='word_1_667' title='bbox 2945 2549 3043 2602; x_wconf 82' lang='grc' dir='ltr'><strong>οὑκ</strong></span> <span class='ocrx_word' id='word_1_668' title='bbox 3071 2547 3444 2612; x_wconf 74' lang='grc' dir='ltr'>ἐξουδένωσεν,</span> <span class='ocrx_word' id='word_1_669' title='bbox 3471 2543 3578 2598; x_wconf 72' lang='grc' dir='ltr'>οὐδὲ</span> <span class='ocrx_word' id='word_1_670' title='bbox 3603 2557 3731 2612; x_wconf 63' lang='lat'><strong>1:903-</strong></span> 
     </span>
    </p>
   </div>
   <div class='ocr_carea' id='block_1_86' title="bbox 2221 2630 3733 2714">
    <p class='ocr_par' dir='ltr' id='par_1_86' title="bbox 2221 2630 3733 2714">
     <span class='ocr_line' id='line_1_86' title="bbox 2221 2630 3733 2714; baseline -0.006 -22"><span class='ocrx_word' id='word_1_671' title='bbox 2221 2641 2420 2713; x_wconf 80' lang='grc' dir='ltr'>ώχθισε</span> <span class='ocrx_word' id='word_1_672' title='bbox 2471 2646 2534 2714; x_wconf 78' lang='grc' dir='ltr'>τῇ</span> <span class='ocrx_word' id='word_1_673' title='bbox 2580 2643 2760 2712; x_wconf 78' lang='grc' dir='ltr'>δεήσει</span> <span class='ocrx_word' id='word_1_674' title='bbox 2801 2639 2892 2694; x_wconf 75' lang='grc' dir='ltr'>τοῦ</span> <span class='ocrx_word' id='word_1_675' title='bbox 2941 2639 3185 2711; x_wconf 74' lang='grc' dir='ltr'>πτωχοῦ,</span> <span class='ocrx_word' id='word_1_676' title='bbox 3216 2639 3334 2692; x_wconf 80' lang='grc' dir='ltr'>οὑδὲ</span> <span class='ocrx_word' id='word_1_677' title='bbox 3384 2635 3654 2706; x_wconf 56' lang='grc' dir='ltr'>ἀπέστρεψε</span> <span class='ocrx_word' id='word_1_678' title='bbox 3689 2630 3733 2685; x_wconf 77' lang='grc' dir='ltr'>τὸ</span> 
     </span>
    </p>
   </div>
   <div class='ocr_carea' id='block_1_87' title="bbox 2223 2730 3731 2806">
    <p class='ocr_par' dir='ltr' id='par_1_87' title="bbox 2223 2730 3731 2806">
     <span class='ocr_line' id='line_1_87' title="bbox 2223 2730 3731 2806; baseline -0.006 -20"><span class='ocrx_word' id='word_1_679' title='bbox 2223 2735 2509 2806; x_wconf 72' lang='grc' dir='ltr'>πρόσωπον</span> <span class='ocrx_word' id='word_1_680' title='bbox 2542 2733 2703 2787; x_wconf 77' lang='grc' dir='ltr'>αὑτοῦ</span> <span class='ocrx_word' id='word_1_681' title='bbox 2736 2735 2828 2788; x_wconf 79' lang='grc' dir='ltr'>ἀπ’</span> <span class='ocrx_word' id='word_1_682' title='bbox 2859 2732 3013 2803; x_wconf 72' lang='grc' dir='ltr'>ἐμοῦ,</span> <span class='ocrx_word' id='word_1_683' title='bbox 3045 2733 3138 2785; x_wconf 76' lang='grc' dir='ltr'><strong>καὶ</strong></span> <span class='ocrx_word' id='word_1_684' title='bbox 3173 2734 3233 2785; x_wconf 79' lang='grc' dir='ltr'>ὲν</span> <span class='ocrx_word' id='word_1_685' title='bbox 3266 2731 3344 2802; x_wconf 82' lang='grc' dir='ltr'><strong>τῷ</strong></span> <span class='ocrx_word' id='word_1_686' title='bbox 3374 2730 3661 2800; x_wconf 74' lang='grc' dir='ltr'>κεκραγέναι</span> <span class='ocrx_word' id='word_1_687' title='bbox 3685 2739 3731 2794; x_wconf 74' lang='grc' dir='ltr'><strong>με</strong></span> 
     </span>
    </p>
   </div>
   <div class='ocr_carea' id='block_1_88' title="bbox 2224 2816 3732 2896">
    <p class='ocr_par' dir='ltr' id='par_1_88' title="bbox 2224 2816 3732 2896">
     <span class='ocr_line' id='line_1_88' title="bbox 2224 2816 3732 2896; baseline -0.005 -20"><span class='ocrx_word' id='word_1_688' title='bbox 2224 2824 2358 2896; x_wconf 76' lang='grc' dir='ltr'>πρὸς</span> <span class='ocrx_word' id='word_1_689' title='bbox 2399 2820 2559 2878; x_wconf 79' lang='grc' dir='ltr'>αὑτὸν</span> <span class='ocrx_word' id='word_1_690' title='bbox 2606 2823 2890 2895; x_wconf 75' lang='grc' dir='ltr'>είσήκουσέ</span> <span class='ocrx_word' id='word_1_691' title='bbox 2927 2838 3065 2894; x_wconf 87' lang='grc' dir='ltr'>μου·</span> <span class='ocrx_word' id='word_1_692' title='bbox 3119 2841 3140 2874; x_wconf 73' lang='grc' dir='ltr'>ι</span> <span class='ocrx_word' id='word_1_693' title='bbox 3189 2822 3255 2876; x_wconf 80' lang='grc' dir='ltr'>δι’</span> <span class='ocrx_word' id='word_1_694' title='bbox 3287 2816 3361 2875; x_wconf 81' lang='grc' dir='ltr'>ὧν</span> <span class='ocrx_word' id='word_1_695' title='bbox 3417 2819 3582 2888; x_wconf 65' lang='grc' dir='ltr'>σαφῶς</span> <span class='ocrx_word' id='word_1_696' title='bbox 3627 2831 3732 2886; x_wconf 76' lang='grc' dir='ltr'>παρ·</span> 
     </span>
    </p>
   </div>
   <div class='ocr_carea' id='block_1_89' title="bbox 2223 2911 3731 2988">
    <p class='ocr_par' dir='ltr' id='par_1_89' title="bbox 2223 2911 3731 2988">
     <span class='ocr_line' id='line_1_89' title="bbox 2223 2911 3731 2988; baseline -0.008 -18"><span class='ocrx_word' id='word_1_697' title='bbox 2223 2917 2418 2988; x_wconf 83' lang='grc' dir='ltr'>ἐστησε</span> <span class='ocrx_word' id='word_1_698' title='bbox 2449 2917 2556 2969; x_wconf 83' lang='grc' dir='ltr'><strong>τῶν</strong></span> <span class='ocrx_word' id='word_1_699' title='bbox 2585 2915 3088 2988; x_wconf 81' lang='grc' dir='ltr'>προωνομασμένων</span> <span class='ocrx_word' id='word_1_700' title='bbox 3119 2915 3306 2969; x_wconf 80' lang='grc' dir='ltr'>κακῶν</span> <span class='ocrx_word' id='word_1_701' title='bbox 3333 2915 3396 2985; x_wconf 72' lang='grc' dir='ltr'>τὴ</span> <span class='ocrx_word' id='word_1_702' title='bbox 3411 2935 3429 2966; x_wconf 62' lang='grc' dir='ltr'>ι</span> <span class='ocrx_word' id='word_1_703' title='bbox 3455 2911 3731 2978; x_wconf 73' lang='grc' dir='ltr'>ἀπαλλαγήν.</span> 
     </span>
    </p>
   </div>
   <div class='ocr_carea' id='block_1_90' title="bbox 2225 2999 3734 3080">
    <p class='ocr_par' dir='ltr' id='par_1_90' title="bbox 2225 2999 3734 3080">
     <span class='ocr_line' id='line_1_90' title="bbox 2225 2999 3734 3080; baseline -0.019 1"><span class='ocrx_word' id='word_1_704' title='bbox 2225 3010 2286 3062; x_wconf 52' lang='grc' dir='ltr'><strong>Εἰ</strong></span> <span class='ocrx_word' id='word_1_705' title='bbox 2323 3009 2432 3080; x_wconf 77' lang='grc' dir='ltr'>γὰρ</span> <span class='ocrx_word' id='word_1_706' title='bbox 2457 3012 2516 3062; x_wconf 68' lang='grc' dir='ltr'><strong>ἐν</strong></span> <span class='ocrx_word' id='word_1_707' title='bbox 2541 3009 2617 3079; x_wconf 72' lang='grc' dir='ltr'><strong>τῷ</strong></span> <span class='ocrx_word' id='word_1_708' title='bbox 2649 3009 2975 3080; x_wconf 77' lang='grc' dir='ltr'>κεκραγέναι</span> <span class='ocrx_word' id='word_1_709' title='bbox 3001 3008 3138 3079; x_wconf 78' lang='grc' dir='ltr'>πρὸς</span> <span class='ocrx_word' id='word_1_710' title='bbox 3172 3001 3331 3060; x_wconf 74' lang='grc' dir='ltr'>αὑτὸν</span> <span class='ocrx_word' id='word_1_711' title='bbox 3361 3007 3641 3076; x_wconf 76' lang='grc' dir='ltr'>είσήκουσεν</span> <span class='ocrx_word' id='word_1_712' title='bbox 3664 2999 3734 3051; x_wconf 63' lang='lat' dir='ltr'><strong>a5-</strong></span> 
     </span>
    </p>
   </div>
   <div class='ocr_carea' id='block_1_91' title="bbox 2223 3091 3732 3171">
    <p class='ocr_par' dir='ltr' id='par_1_91' title="bbox 2223 3091 3732 3171">
     <span class='ocr_line' id='line_1_91' title="bbox 2223 3091 3732 3171; baseline -0.019 -4"><span class='ocrx_word' id='word_1_713' title='bbox 2223 3100 2338 3163; x_wconf 59' lang='grc' dir='ltr'>τοῦ,</span> <span class='ocrx_word' id='word_1_714' title='bbox 2372 3097 2570 3170; x_wconf 64' lang='grc' dir='ltr'>ηὔξατο</span> <span class='ocrx_word' id='word_1_715' title='bbox 2601 3100 2656 3152; x_wconf 78' lang='grc' dir='ltr'>δὲ</span> <span class='ocrx_word' id='word_1_716' title='bbox 2693 3101 2953 3171; x_wconf 74' lang='grc' dir='ltr'>ῥυσθῆναι</span> <span class='ocrx_word' id='word_1_717' title='bbox 2981 3099 3088 3153; x_wconf 76' lang='grc' dir='ltr'><strong>ἀπὸ</strong></span> <span class='ocrx_word' id='word_1_718' title='bbox 3126 3099 3226 3169; x_wconf 85' lang='grc' dir='ltr'><strong>μὲν</strong></span> <span class='ocrx_word' id='word_1_719' title='bbox 3278 3091 3536 3171; x_wconf 69' lang='grc' dir='ltr'>ῥομφαίας</span> <span class='ocrx_word' id='word_1_720' title='bbox 3557 3094 3636 3163; x_wconf 73' lang='grc' dir='ltr'><strong>τὴν</strong></span> <span class='ocrx_word' id='word_1_721' title='bbox 3659 3091 3732 3158; x_wconf 67' lang='grc' dir='ltr'><strong>ψυ-</strong></span> 
     </span>
    </p>
   </div>
   <div class='ocr_carea' id='block_1_92' title="bbox 2226 3182 3733 3263">
    <p class='ocr_par' dir='ltr' id='par_1_92' title="bbox 2226 3182 3733 3263">
     <span class='ocr_line' id='line_1_92' title="bbox 2226 3182 3733 3263; baseline -0.005 -20"><span class='ocrx_word' id='word_1_722' title='bbox 2226 3193 2325 3262; x_wconf 80' lang='grc' dir='ltr'><strong>χὴν</strong></span> <span class='ocrx_word' id='word_1_723' title='bbox 2354 3193 2540 3254; x_wconf 79' lang='grc' dir='ltr'>αὑτοῦ,</span> <span class='ocrx_word' id='word_1_724' title='bbox 2577 3193 2639 3244; x_wconf 83' lang='grc' dir='ltr'><strong>ἐκ</strong></span> <span class='ocrx_word' id='word_1_725' title='bbox 2667 3192 2722 3244; x_wconf 84' lang='grc' dir='ltr'>δὲ</span> <span class='ocrx_word' id='word_1_726' title='bbox 2757 3192 2915 3256; x_wconf 74' lang='grc' dir='ltr'>κυνὸς</span> <span class='ocrx_word' id='word_1_727' title='bbox 2946 3191 3042 3263; x_wconf 83' lang='grc' dir='ltr'><strong>τὴν</strong></span> <span class='ocrx_word' id='word_1_728' title='bbox 3081 3191 3347 3262; x_wconf 80' lang='grc' dir='ltr'>μονογενῆ</span> <span class='ocrx_word' id='word_1_729' title='bbox 3377 3187 3550 3252; x_wconf 77' lang='grc' dir='ltr'>αὑτοῦ,</span> <span class='ocrx_word' id='word_1_730' title='bbox 3578 3185 3653 3238; x_wconf 69' lang='grc' dir='ltr'>καὶ</span> <span class='ocrx_word' id='word_1_731' title='bbox 3677 3182 3733 3232; x_wconf 73' lang='grc' dir='ltr'>ἔτι</span> 
     </span>
    </p>
   </div>
   <div class='ocr_carea' id='block_1_93' title="bbox 2225 3271 3735 3350">
    <p class='ocr_par' dir='ltr' id='par_1_93' title="bbox 2225 3271 3735 3350">
     <span class='ocr_line' id='line_1_93' title="bbox 2225 3271 3735 3350; baseline -0.006 -17"><span class='ocrx_word' id='word_1_732' title='bbox 2225 3282 2289 3333; x_wconf 79' lang='grc' dir='ltr'>ἐκ</span> <span class='ocrx_word' id='word_1_733' title='bbox 2319 3279 2579 3350; x_wconf 83' lang='grc' dir='ltr'>στόματος</span> <span class='ocrx_word' id='word_1_734' title='bbox 2611 3275 2840 3344; x_wconf 76' lang='grc' dir='ltr'>λέοντος,</span> <span class='ocrx_word' id='word_1_735' title='bbox 2875 3281 2970 3334; x_wconf 70' lang='grc' dir='ltr'><strong>καὶ</strong></span> <span class='ocrx_word' id='word_1_736' title='bbox 2998 3273 3104 3333; x_wconf 70' lang='grc' dir='ltr'>ἀπὸ</span> <span class='ocrx_word' id='word_1_737' title='bbox 3136 3279 3389 3350; x_wconf 76' lang='grc' dir='ltr'>κεράτων</span> <span class='ocrx_word' id='word_1_738' title='bbox 3417 3271 3735 3348; x_wconf 77' lang='grc' dir='ltr'>μονοκερώτων</span> 
     </span>
    </p>
   </div>
   <div class='ocr_carea' id='block_1_94' title="bbox 2223 3364 3736 3444">
    <p class='ocr_par' dir='ltr' id='par_1_94' title="bbox 2223 3364 3736 3444">
     <span class='ocr_line' id='line_1_94' title="bbox 2223 3364 3736 3444; baseline -0.01 -18"><span class='ocrx_word' id='word_1_739' title='bbox 2223 3373 2321 3444; x_wconf 79' lang='grc' dir='ltr'><strong>τὴν</strong></span> <span class='ocrx_word' id='word_1_740' title='bbox 2365 3373 2685 3425; x_wconf 69' lang='grc' dir='ltr'>ταπείνωσιν</span> <span class='ocrx_word' id='word_1_741' title='bbox 2717 3371 2902 3437; x_wconf 75' lang='grc' dir='ltr'>αὑτοῦ,</span> <span class='ocrx_word' id='word_1_742' title='bbox 2951 3371 3243 3426; x_wconf 75' lang='grc' dir='ltr'>ἀκόλουθόν</span> <span class='ocrx_word' id='word_1_743' title='bbox 3281 3373 3396 3423; x_wconf 82' lang='grc' dir='ltr'>ἐστι</span> <span class='ocrx_word' id='word_1_744' title='bbox 3428 3371 3556 3421; x_wconf 85' lang='grc' dir='ltr'>νοεῖν</span> <span class='ocrx_word' id='word_1_745' title='bbox 3579 3364 3736 3417; x_wconf 78' lang='grc' dir='ltr'>τούτων</span> 
     </span>
    </p>
   </div>
   <div class='ocr_carea' id='block_1_95' title="bbox 2226 3460 3738 3538">
    <p class='ocr_par' dir='ltr' id='par_1_95' title="bbox 2226 3460 3738 3538">
     <span class='ocr_line' id='line_1_95' title="bbox 2226 3460 3738 3538; baseline -0.009 -19"><span class='ocrx_word' id='word_1_746' title='bbox 2226 3466 2539 3538; x_wconf 72' lang='grc' dir='ltr'>ἀπαλλαγὴν</span> <span class='ocrx_word' id='word_1_747' title='bbox 2589 3464 2840 3535; x_wconf 78' lang='grc' dir='ltr'>εὑρέσθαι</span> <span class='ocrx_word' id='word_1_748' title='bbox 2889 3464 2980 3517; x_wconf 80' lang='grc' dir='ltr'><strong>τὸν</strong></span> <span class='ocrx_word' id='word_1_749' title='bbox 3029 3465 3301 3534; x_wconf 71' lang='grc' dir='ltr'>φήσαντα,</span> <span class='ocrx_word' id='word_1_750' title='bbox 3338 3464 3418 3518; x_wconf 81' lang='grc' dir='ltr'>ὅτι</span> <span class='ocrx_word' id='word_1_751' title='bbox 3463 3481 3479 3513; x_wconf 79' lang='grc' dir='ltr'><strong>ι</strong></span> <span class='ocrx_word' id='word_1_752' title='bbox 3509 3460 3572 3532; x_wconf 74' lang='grc' dir='ltr'><strong>μὴ</strong></span> <span class='ocrx_word' id='word_1_753' title='bbox 3611 3471 3738 3526; x_wconf 79' lang='grc' dir='ltr'>προσ-</span> 
     </span>
    </p>
   </div>
   <div class='ocr_carea' id='block_1_96' title="bbox 2224 3543 3737 3630">
    <p class='ocr_par' dir='ltr' id='par_1_96' title="bbox 2224 3543 3737 3630">
     <span class='ocr_line' id='line_1_96' title="bbox 2224 3543 3737 3630; baseline -0.009 -17"><span class='ocrx_word' id='word_1_754' title='bbox 2224 3559 2452 3630; x_wconf 63' lang='grc' dir='ltr'>ώχθισεν</span> <span class='ocrx_word' id='word_1_755' title='bbox 2485 3561 2512 3612; x_wconf 83' lang='grc' dir='ltr'>ὀ</span> <span class='ocrx_word' id='word_1_756' title='bbox 2543 3557 2674 3620; x_wconf 80' lang='grc' dir='ltr'>Θεὸς</span> <span class='ocrx_word' id='word_1_757' title='bbox 2704 3555 2768 3628; x_wconf 82' lang='grc' dir='ltr'>τῇ</span> <span class='ocrx_word' id='word_1_758' title='bbox 2804 3557 2980 3628; x_wconf 80' lang='grc' dir='ltr'>δεήσει</span> <span class='ocrx_word' id='word_1_759' title='bbox 3029 3555 3220 3621; x_wconf 81' lang='grc' dir='ltr'>αὑτοῦ,</span> <span class='ocrx_word' id='word_1_760' title='bbox 3250 3555 3382 3627; x_wconf 78' lang='grc' dir='ltr'>μηδὲ</span> <span class='ocrx_word' id='word_1_761' title='bbox 3409 3545 3466 3606; x_wconf 70' lang='grc' dir='ltr'>τὸ</span> <span class='ocrx_word' id='word_1_762' title='bbox 3505 3543 3737 3621; x_wconf 77' lang='grc' dir='ltr'>πρόσωπον</span> 
     </span>
    </p>
   </div>
   <div class='ocr_carea' id='block_1_97' title="bbox 2226 3640 3740 3722">
    <p class='ocr_par' dir='ltr' id='par_1_97' title="bbox 2226 3640 3740 3722">
     <span class='ocr_line' id='line_1_97' title="bbox 2226 3640 3740 3722; baseline -0.009 -17"><span class='ocrx_word' id='word_1_763' title='bbox 2226 3649 2672 3722; x_wconf 60' lang='grc' dir='ltr'>ἀπέστρεψενάτΐ</span> <span class='ocrx_word' id='word_1_764' title='bbox 2705 3647 2889 3711; x_wconf 75' lang='grc' dir='ltr'>αὑτοῦ,</span> <span class='ocrx_word' id='word_1_765' title='bbox 2925 3647 3038 3700; x_wconf 79' lang='grc' dir='ltr'>ἀλλ’</span> <span class='ocrx_word' id='word_1_766' title='bbox 3085 3647 3143 3700; x_wconf 82' lang='grc' dir='ltr'>ὲν</span> <span class='ocrx_word' id='word_1_767' title='bbox 3189 3646 3269 3718; x_wconf 84' lang='grc' dir='ltr'>τῷ</span> <span class='ocrx_word' id='word_1_768' title='bbox 3316 3645 3617 3719; x_wconf 77' lang='grc' dir='ltr'>κεκραγέναι</span> <span class='ocrx_word' id='word_1_769' title='bbox 3657 3640 3740 3691; x_wconf 50' lang='lat' dir='ltr'><strong>eis.</strong></span> 
     </span>
    </p>
   </div>
   <div class='ocr_carea' id='block_1_98' title="bbox 2225 3726 3738 3815">
    <p class='ocr_par' dir='ltr' id='par_1_98' title="bbox 2225 3726 3738 3815">
     <span class='ocr_line' id='line_1_98' title="bbox 2225 3726 3738 3815; baseline -0.011 -20"><span class='ocrx_word' id='word_1_770' title='bbox 2225 3744 2454 3815; x_wconf 82' lang='grc' dir='ltr'>ήκουσεν</span> <span class='ocrx_word' id='word_1_771' title='bbox 2485 3738 2666 3793; x_wconf 75' lang='grc' dir='ltr'>αὑτοῦ.</span> <span class='ocrx_word' id='word_1_772' title='bbox 2686 3759 2703 3790; x_wconf 73' lang='grc' dir='ltr'>ι</span> <span class='ocrx_word' id='word_1_773' title='bbox 2732 3735 2822 3792; x_wconf 80' lang='grc' dir='ltr'><strong>Διὸ</strong></span> <span class='ocrx_word' id='word_1_774' title='bbox 2847 3738 2939 3790; x_wconf 76' lang='grc' dir='ltr'><strong>καὶ</strong></span> <span class='ocrx_word' id='word_1_775' title='bbox 2964 3736 3203 3808; x_wconf 77' lang='grc' dir='ltr'>ὑπῆρξεν</span> <span class='ocrx_word' id='word_1_776' title='bbox 3238 3737 3385 3808; x_wconf 82' lang='grc' dir='ltr'>αὑτῷ</span> <span class='ocrx_word' id='word_1_777' title='bbox 3416 3734 3633 3808; x_wconf 77' lang='grc' dir='ltr'>ῥυσθέντι</span> <span class='ocrx_word' id='word_1_778' title='bbox 3657 3726 3738 3780; x_wconf 82' lang='grc' dir='ltr'><strong>τῶν</strong></span> 
     </span>
    </p>
   </div>
   <div class='ocr_carea' id='block_1_99' title="bbox 2226 3817 3739 3896">
    <p class='ocr_par' dir='ltr' id='par_1_99' title="bbox 2226 3817 3739 3896">
     <span class='ocr_line' id='line_1_99' title="bbox 2226 3817 3739 3896; baseline -0.011 -12"><span class='ocrx_word' id='word_1_779' title='bbox 2226 3829 2511 3892; x_wconf 87' lang='grc' dir='ltr'>τοσούτων,</span> <span class='ocrx_word' id='word_1_780' title='bbox 2545 3829 2638 3881; x_wconf 62' lang='grc' dir='ltr'><strong>καλ⁹</strong></span> <span class='ocrx_word' id='word_1_781' title='bbox 2663 3829 2726 3880; x_wconf 82' lang='grc' dir='ltr'><strong>ὲκ</strong></span> <span class='ocrx_word' id='word_1_782' title='bbox 2757 3825 2850 3879; x_wconf 82' lang='grc' dir='ltr'>τοῦ</span> <span class='ocrx_word' id='word_1_783' title='bbox 2887 3825 3115 3878; x_wconf 80' lang='grc' dir='ltr'>Θανάτου</span> <span class='ocrx_word' id='word_1_784' title='bbox 3149 3826 3462 3896; x_wconf 73' lang='grc' dir='ltr'>διαφυγόντι</span> <span class='ocrx_word' id='word_1_785' title='bbox 3498 3817 3739 3889; x_wconf 76' lang='grc' dir='ltr'>συνδιατρί-</span> 
     </span>
    </p>
   </div>
   <div class='ocr_carea' id='block_1_100' title="bbox 2228 3906 3738 3988">
    <p class='ocr_par' dir='ltr' id='par_1_100' title="bbox 2228 3906 3738 3988">
     <span class='ocr_line' id='line_1_100' title="bbox 2228 3906 3738 3988; baseline -0.009 -14"><span class='ocrx_word' id='word_1_786' title='bbox 2228 3921 2341 3974; x_wconf 78' lang='grc' dir='ltr'>ϐειν</span> <span class='ocrx_word' id='word_1_787' title='bbox 2383 3925 2493 3982; x_wconf 90' lang='grc' dir='ltr'>τοῖς</span> <span class='ocrx_word' id='word_1_788' title='bbox 2532 3916 2722 3972; x_wconf 77' lang='grc' dir='ltr'>ἑαυτοῦ</span> <span class='ocrx_word' id='word_1_789' title='bbox 2779 3915 3047 3988; x_wconf 81' lang='grc' dir='ltr'>μαθηταῖς</span> <span class='ocrx_word' id='word_1_790' title='bbox 3090 3917 3228 3988; x_wconf 80' lang='grc' dir='ltr'>ὁμοῦ</span> <span class='ocrx_word' id='word_1_791' title='bbox 3281 3918 3373 3969; x_wconf 73' lang='grc' dir='ltr'>καὶ</span> <span class='ocrx_word' id='word_1_792' title='bbox 3413 3914 3647 3982; x_wconf 82' lang='grc' dir='ltr'>ἀδελφοῖς,</span> <span class='ocrx_word' id='word_1_793' title='bbox 3673 3906 3738 3960; x_wconf 78' lang='grc' dir='ltr'>καὶ</span> 
     </span>
    </p>
   </div>
   <div class='ocr_carea' id='block_1_101' title="bbox 2229 3996 3739 4084">
    <p class='ocr_par' dir='ltr' id='par_1_101' title="bbox 2229 3996 3739 4084">
     <span class='ocr_line' id='line_1_101' title="bbox 2229 3996 3739 4084; baseline -0.011 -19"><span class='ocrx_word' id='word_1_794' title='bbox 2229 4013 2414 4084; x_wconf 84' lang='grc' dir='ltr'>ὑμνεῖν</span> <span class='ocrx_word' id='word_1_795' title='bbox 2458 4013 2514 4065; x_wconf 81' lang='grc' dir='ltr'>ὲν</span> <span class='ocrx_word' id='word_1_796' title='bbox 2562 4010 2710 4082; x_wconf 86' lang='grc' dir='ltr'>μέσῳ</span> <span class='ocrx_word' id='word_1_797' title='bbox 2753 4008 3078 4079; x_wconf 77' lang='grc' dir='ltr'>Ἐκκλησίας</span> <span class='ocrx_word' id='word_1_798' title='bbox 3110 4000 3204 4062; x_wconf 77' lang='grc' dir='ltr'><strong>τδν</strong></span> <span class='ocrx_word' id='word_1_799' title='bbox 3249 4008 3484 4078; x_wconf 78' lang='grc' dir='ltr'>Πατέρα.</span> <span class='ocrx_word' id='word_1_800' title='bbox 3527 4004 3668 4075; x_wconf 81' lang='grc' dir='ltr'>Τήρει</span> <span class='ocrx_word' id='word_1_801' title='bbox 3697 3996 3739 4050; x_wconf 78' lang='grc' dir='ltr'><strong>δὲ</strong></span> 
     </span>
    </p>
   </div>
   <div class='ocr_carea' id='block_1_102' title="bbox 2229 4089 3740 4171">
    <p class='ocr_par' dir='ltr' id='par_1_102' title="bbox 2229 4089 3740 4171">
     <span class='ocr_line' id='line_1_102' title="bbox 2229 4089 3740 4171; baseline -0.007 -14"><span class='ocrx_word' id='word_1_802' title='bbox 2229 4104 2387 4158; x_wconf 72' lang='grc' dir='ltr'>πάλιν</span> <span class='ocrx_word' id='word_1_803' title='bbox 2415 4103 2490 4164; x_wconf 85' lang='grc' dir='ltr'>ὡς</span> <span class='ocrx_word' id='word_1_804' title='bbox 2534 4101 2745 4171; x_wconf 79' lang='grc' dir='ltr'>πτωχὸν</span> <span class='ocrx_word' id='word_1_805' title='bbox 2778 4096 2930 4162; x_wconf 80' lang='grc' dir='ltr'>αὖθις</span> <span class='ocrx_word' id='word_1_806' title='bbox 2971 4099 3163 4153; x_wconf 81' lang='grc' dir='ltr'>ἑαυτὸν</span> <span class='ocrx_word' id='word_1_807' title='bbox 3197 4099 3462 4153; x_wconf 81' lang='grc' dir='ltr'>ἀποκαλεῖ</span> <span class='ocrx_word' id='word_1_808' title='bbox 3497 4089 3740 4165; x_wconf 52' lang='lat' dir='ltr'><strong>capacibth</strong></span> 
     </span>
    </p>
   </div>
   <div class='ocr_carea' id='block_1_103' title="bbox 2226 4179 3741 4267">
    <p class='ocr_par' dir='ltr' id='par_1_103' title="bbox 2226 4179 3741 4267">
     <span class='ocr_line' id='line_1_103' title="bbox 2226 4179 3741 4267; baseline -0.012 -18"><span class='ocrx_word' id='word_1_809' title='bbox 2226 4199 2345 4260; x_wconf 74' lang='grc' dir='ltr'>ταῖς</span> <span class='ocrx_word' id='word_1_810' title='bbox 2370 4195 2630 4267; x_wconf 77' lang='grc' dir='ltr'>πρότερον</span> <span class='ocrx_word' id='word_1_811' title='bbox 2659 4193 3078 4265; x_wconf 86' lang='grc' dir='ltr'>παρατεθείσαις</span> <span class='ocrx_word' id='word_1_812' title='bbox 3104 4192 3481 4264; x_wconf 78' lang='grc' dir='ltr'>προφητείαις,</span> <span class='ocrx_word' id='word_1_813' title='bbox 3505 4188 3562 4242; x_wconf 86' lang='grc' dir='ltr'>δι’</span> <span class='ocrx_word' id='word_1_814' title='bbox 3587 4179 3648 4238; x_wconf 78' lang='grc' dir='ltr'><strong>ὧν</strong></span> <span class='ocrx_word' id='word_1_815' title='bbox 3671 4179 3741 4233; x_wconf 73' lang='grc' dir='ltr'>πέο</span> 
     </span>
    </p>
   </div>
   <div class='ocr_carea' id='block_1_104' title="bbox 2227 4272 3721 4361">
    <p class='ocr_par' dir='ltr' id='par_1_104' title="bbox 2227 4272 3721 4361">
     <span class='ocr_line' id='line_1_104' title="bbox 2227 4272 3721 4361; baseline -0.012 -17"><span class='ocrx_word' id='word_1_816' title='bbox 2227 4308 2324 4361; x_wconf 75' lang='grc' dir='ltr'>νης</span> <span class='ocrx_word' id='word_1_817' title='bbox 2356 4290 2447 4343; x_wconf 73' lang='grc' dir='ltr'><strong>καὶ</strong></span> <span class='ocrx_word' id='word_1_818' title='bbox 2487 4288 2696 4358; x_wconf 82' lang='grc' dir='ltr'>πτωχὸς</span> <span class='ocrx_word' id='word_1_819' title='bbox 2724 4286 3051 4356; x_wconf 78' lang='grc' dir='ltr'>ὠνομάζετο.</span> <span class='ocrx_word' id='word_1_820' title='bbox 3093 4285 3234 4337; x_wconf 71' lang='grc' dir='ltr'>Ἀλλ’</span> <span class='ocrx_word' id='word_1_821' title='bbox 3269 4283 3392 4337; x_wconf 75' lang='grc' dir='ltr'>ἐπεὶ</span> <span class='ocrx_word' id='word_1_822' title='bbox 3426 4282 3510 4335; x_wconf 57' lang='grc' dir='ltr'><strong>καί⁵</strong></span> <span class='ocrx_word' id='word_1_823' title='bbox 3536 4279 3620 4347; x_wconf 69' lang='grc' dir='ltr'><strong>τὴν</strong></span> <span class='ocrx_word' id='word_1_824' title='bbox 3643 4272 3721 4327; x_wconf 72' lang='grc' dir='ltr'><strong>ἀνά</strong></span> 
     </span>
    </p>
   </div>
   <div class='ocr_carea' id='block_1_105' title="bbox 2230 4363 3741 4448">
    <p class='ocr_par' dir='ltr' id='par_1_105' title="bbox 2230 4363 3741 4448">
     <span class='ocr_line' id='line_1_105' title="bbox 2230 4363 3741 4448; baseline -0.003 -13"><span class='ocrx_word' id='word_1_825' title='bbox 2230 4400 2417 4436; x_wconf 83' lang='grc' dir='ltr'>στασιν</span> <span class='ocrx_word' id='word_1_826' title='bbox 2450 4380 2614 4434; x_wconf 79' lang='grc' dir='ltr'>αὑτοῦ</span> <span class='ocrx_word' id='word_1_827' title='bbox 2645 4380 2730 4432; x_wconf 86' lang='grc' dir='ltr'>διὰ</span> <span class='ocrx_word' id='word_1_828' title='bbox 2757 4379 2958 4432; x_wconf 85' lang='grc' dir='ltr'>τούτων</span> <span class='ocrx_word' id='word_1_829' title='bbox 2988 4376 3353 4448; x_wconf 79' lang='grc' dir='ltr'>παρέστησεν,</span> <span class='ocrx_word' id='word_1_830' title='bbox 3380 4371 3522 4435; x_wconf 75' lang='grc' dir='ltr'>αὖθις</span> <span class='ocrx_word' id='word_1_831' title='bbox 3545 4368 3658 4441; x_wconf 79' lang='grc' dir='ltr'>πρὸς</span> <span class='ocrx_word' id='word_1_832' title='bbox 3675 4363 3741 4416; x_wconf 70' lang='grc' dir='ltr'><strong>τδν</strong></span> 
     </span>
    </p>
   </div>
   <div class='ocr_carea' id='block_1_106' title="bbox 2156 4463 3743 4562">
    <p class='ocr_par' dir='ltr' id='par_1_106' title="bbox 2156 4463 3743 4562">
     <span class='ocr_line' id='line_1_106' title="bbox 2156 4463 3743 4562; baseline -0.007 -35"><span class='ocrx_word' id='word_1_833' title='bbox 2156 4505 2201 4562; x_wconf 73' lang='lat' dir='ltr'><strong>D</strong></span> <span class='ocrx_word' id='word_1_834' title='bbox 2230 4474 2447 4545; x_wconf 85' lang='grc' dir='ltr'>Πατέρα</span> <span class='ocrx_word' id='word_1_835' title='bbox 2490 4472 2829 4543; x_wconf 73' lang='grc' dir='ltr'>ἐπιστρέφων</span> <span class='ocrx_word' id='word_1_836' title='bbox 2862 4470 2952 4523; x_wconf 81' lang='grc' dir='ltr'><strong>τὸν</strong></span> <span class='ocrx_word' id='word_1_837' title='bbox 2997 4469 3188 4538; x_wconf 77' lang='grc' dir='ltr'>λόγον’</span> <span class='ocrx_word' id='word_1_838' title='bbox 3228 4487 3246 4520; x_wconf 86' lang='grc'><em>‹</em></span> <span class='ocrx_word' id='word_1_839' title='bbox 3282 4467 3437 4539; x_wconf 78' lang='grc' dir='ltr'>Παρὰ</span> <span class='ocrx_word' id='word_1_840' title='bbox 3471 4463 3574 4526; x_wconf 78' lang='grc' dir='ltr'>σοῦ,</span> <span class='ocrx_word' id='word_1_841' title='bbox 3611 4478 3629 4512; x_wconf 67' lang='grc' dir='ltr'><em>θ</em></span> <span class='ocrx_word' id='word_1_842' title='bbox 3668 4471 3743 4525; x_wconf 78' lang='grc' dir='ltr'><strong>φη·</strong></span> 
     </span>
    </p>
   </div>
   <div class='ocr_carea' id='block_1_107' title="bbox 2233 4556 3742 4634">
    <p class='ocr_par' dir='ltr' id='par_1_107' title="bbox 2233 4556 3742 4634">
     <span class='ocr_line' id='line_1_107' title="bbox 2233 4556 3742 4634; baseline -0.008 -14"><span class='ocrx_word' id='word_1_843' title='bbox 2233 4569 2335 4630; x_wconf 60' lang='grc' dir='ltr'>σιν,</span> <span class='ocrx_word' id='word_1_844' title='bbox 2380 4585 2398 4616; x_wconf 72' lang='grc' dir='ltr'>ι</span> <span class='ocrx_word' id='word_1_845' title='bbox 2455 4569 2482 4620; x_wconf 89' lang='grc' dir='ltr'>ὁ</span> <span class='ocrx_word' id='word_1_846' title='bbox 2529 4564 2746 4627; x_wconf 71' lang='grc' dir='ltr'>ἔπαινός</span> <span class='ocrx_word' id='word_1_847' title='bbox 2788 4581 2888 4634; x_wconf 87' lang='grc' dir='ltr'><strong>μου</strong></span> <span class='ocrx_word' id='word_1_848' title='bbox 2931 4565 2986 4615; x_wconf 79' lang='grc' dir='ltr'><strong>ὲν</strong></span> <span class='ocrx_word' id='word_1_849' title='bbox 3025 4561 3326 4632; x_wconf 69' lang='grc' dir='ltr'>Ἐκκλησία</span> <span class='ocrx_word' id='word_1_850' title='bbox 3366 4556 3580 4632; x_wconf 78' lang='grc' dir='ltr'>μεγάλῃ,</span> <span class='ocrx_word' id='word_1_851' title='bbox 3618 4570 3633 4602; x_wconf 78' lang='grc' dir='ltr'><strong>ι</strong></span> <span class='ocrx_word' id='word_1_852' title='bbox 3670 4561 3742 4615; x_wconf 79' lang='grc' dir='ltr'><strong>της</strong></span> 
     </span>
    </p>
   </div>
   <div class='ocr_carea' id='block_1_108' title="bbox 2229 4640 3740 4730">
    <p class='ocr_par' dir='ltr' id='par_1_108' title="bbox 2229 4640 3740 4730">
     <span class='ocr_line' id='line_1_108' title="bbox 2229 4640 3740 4730; baseline -0.01 -17"><span class='ocrx_word' id='word_1_853' title='bbox 2229 4661 2315 4713; x_wconf 81' lang='grc' dir='ltr'><strong>ἐπ’</strong></span> <span class='ocrx_word' id='word_1_854' title='bbox 2345 4660 2567 4730; x_wconf 79' lang='grc' dir='ltr'>ὀνόματι</span> <span class='ocrx_word' id='word_1_855' title='bbox 2598 4657 2762 4712; x_wconf 76' lang='grc' dir='ltr'>αὑτοῦ</span> <span class='ocrx_word' id='word_1_856' title='bbox 2798 4656 3069 4726; x_wconf 79' lang='grc' dir='ltr'>συστάσης</span> <span class='ocrx_word' id='word_1_857' title='bbox 3093 4655 3150 4721; x_wconf 83' lang='grc' dir='ltr'>ὲξ</span> <span class='ocrx_word' id='word_1_858' title='bbox 3183 4654 3357 4708; x_wconf 77' lang='grc' dir='ltr'>ἐθνῶν</span> <span class='ocrx_word' id='word_1_859' title='bbox 3388 4651 3502 4705; x_wconf 87' lang='grc' dir='ltr'>καθ’</span> <span class='ocrx_word' id='word_1_860' title='bbox 3532 4649 3642 4718; x_wconf 79' lang='grc' dir='ltr'>ὅλης</span> <span class='ocrx_word' id='word_1_861' title='bbox 3672 4640 3740 4708; x_wconf 79' lang='grc' dir='ltr'><strong>τῆς</strong></span> 
     </span>
    </p>
   </div>
   <div class='ocr_carea' id='block_1_109' title="bbox 2228 4730 3740 4825">
    <p class='ocr_par' dir='ltr' id='par_1_109' title="bbox 2228 4730 3740 4825">
     <span class='ocr_line' id='line_1_109' title="bbox 2228 4730 3740 4825; baseline -0.005 -19"><span class='ocrx_word' id='word_1_862' title='bbox 2228 4755 2548 4825; x_wconf 72' lang='grc' dir='ltr'>οἰκουμένης</span> <span class='ocrx_word' id='word_1_863' title='bbox 2590 4743 2910 4822; x_wconf 79' lang='grc' dir='ltr'>Ἑκκλησίας</span> <span class='ocrx_word' id='word_1_864' title='bbox 2939 4748 3312 4820; x_wconf 83' lang='grc' dir='ltr'>μνημονεύων,</span> <span class='ocrx_word' id='word_1_865' title='bbox 3343 4749 3399 4800; x_wconf 84' lang='grc' dir='ltr'>ὲν</span> <span class='ocrx_word' id='word_1_866' title='bbox 3494 4746 3520 4798; x_wconf 86' lang='grc' dir='ltr'><strong>ὁ</strong></span> <span class='ocrx_word' id='word_1_867' title='bbox 3544 4738 3650 4810; x_wconf 77' lang='grc' dir='ltr'>περὶ</span> <span class='ocrx_word' id='word_1_868' title='bbox 3673 4730 3740 4786; x_wconf 60' lang='grc' dir='ltr'><strong>τοῦ</strong></span> 
     </span>
    </p>
   </div>
   <div class='ocr_carea' id='block_1_110' title="bbox 2230 4832 3739 4918">
    <p class='ocr_par' dir='ltr' id='par_1_110' title="bbox 2230 4832 3739 4918">
     <span class='ocr_line' id='line_1_110' title="bbox 2230 4832 3739 4918; baseline -0.007 -19"><span class='ocrx_word' id='word_1_869' title='bbox 2230 4846 2480 4917; x_wconf 80' lang='grc' dir='ltr'>Σωτῆρος</span> <span class='ocrx_word' id='word_1_870' title='bbox 2523 4842 2678 4918; x_wconf 80' lang='grc' dir='ltr'>ἡμῶν</span> <span class='ocrx_word' id='word_1_871' title='bbox 2720 4845 2936 4906; x_wconf 74' lang='grc' dir='ltr'>ἔπαινος</span> <span class='ocrx_word' id='word_1_872' title='bbox 2973 4842 3060 4896; x_wconf 76' lang='grc' dir='ltr'>διὰ</span> <span class='ocrx_word' id='word_1_873' title='bbox 3091 4841 3293 4904; x_wconf 83' lang='grc' dir='ltr'>παντὸς</span> <span class='ocrx_word' id='word_1_874' title='bbox 3331 4841 3526 4912; x_wconf 78' lang='grc' dir='ltr'>ᾄδεται,</span> <span class='ocrx_word' id='word_1_875' title='bbox 3565 4832 3739 4900; x_wconf 73' lang='grc' dir='ltr'>νεύματι</span> 
     </span>
    </p>
   </div>
   <div class='ocr_carea' id='block_1_111' title="bbox 2227 4917 3741 5008">
    <p class='ocr_par' dir='ltr' id='par_1_111' title="bbox 2227 4917 3741 5008">
     <span class='ocr_line' id='line_1_111' title="bbox 2227 4917 3741 5008; baseline 0 -18"><span class='ocrx_word' id='word_1_876' title='bbox 2227 4938 2318 4990; x_wconf 78' lang='grc' dir='ltr'>τοῦ</span> <span class='ocrx_word' id='word_1_877' title='bbox 2351 4937 2558 5008; x_wconf 82' lang='grc' dir='ltr'>Πατρὸς</span> <span class='ocrx_word' id='word_1_878' title='bbox 2590 4937 2754 4990; x_wconf 79' lang='grc' dir='ltr'>αὑτοῦ</span> <span class='ocrx_word' id='word_1_879' title='bbox 2789 4937 2883 4990; x_wconf 66' lang='grc' dir='ltr'>καὶ</span> <span class='ocrx_word' id='word_1_880' title='bbox 2921 4935 3177 5006; x_wconf 68' lang='grc' dir='ltr'>συνεργία</span> <span class='ocrx_word' id='word_1_881' title='bbox 3203 4951 3216 4964; x_wconf 90' lang='grc'><strong>·</strong></span> <span class='ocrx_word' id='word_1_882' title='bbox 3264 4933 3346 4985; x_wconf 76' lang='grc' dir='ltr'>διό</span> <span class='ocrx_word' id='word_1_883' title='bbox 3391 4945 3545 5002; x_wconf 73' lang='grc' dir='ltr'><strong>φησί’</strong></span> <span class='ocrx_word' id='word_1_884' title='bbox 3580 4945 3595 4978; x_wconf 75' lang='grc' dir='ltr'>ι</span> <span class='ocrx_word' id='word_1_885' title='bbox 3623 4917 3741 4990; x_wconf 57' lang='grc' dir='ltr'><strong>Παρὰ</strong></span> 
     </span>
    </p>
   </div>
   <div class='ocr_carea' id='block_1_112' title="bbox 2231 5012 3738 5101">
    <p class='ocr_par' dir='ltr' id='par_1_112' title="bbox 2231 5012 3738 5101">
     <span class='ocr_line' id='line_1_112' title="bbox 2231 5012 3738 5101; baseline -0.002 -19"><span class='ocrx_word' id='word_1_886' title='bbox 2231 5029 2322 5082; x_wconf 75' lang='grc' dir='ltr'><strong>σοῦ</strong></span> <span class='ocrx_word' id='word_1_887' title='bbox 2349 5031 2377 5081; x_wconf 84' lang='grc' dir='ltr'>ὁ</span> <span class='ocrx_word' id='word_1_888' title='bbox 2410 5029 2624 5093; x_wconf 78' lang='grc' dir='ltr'>ἔπαινός</span> <span class='ocrx_word' id='word_1_889' title='bbox 2669 5046 2768 5101; x_wconf 85' lang='grc' dir='ltr'><strong>μου</strong></span> <span class='ocrx_word' id='word_1_890' title='bbox 2809 5029 2864 5080; x_wconf 80' lang='grc' dir='ltr'>ὲν</span> <span class='ocrx_word' id='word_1_891' title='bbox 2904 5021 3195 5097; x_wconf 66' lang='grc' dir='ltr'>Ἐκκλησία</span> <span class='ocrx_word' id='word_1_892' title='bbox 3229 5025 3442 5098; x_wconf 77' lang='grc' dir='ltr'>μεγάλῃ</span> <span class='ocrx_word' id='word_1_893' title='bbox 3465 5041 3479 5054; x_wconf 88' lang='grc'><strong>·</strong></span> <span class='ocrx_word' id='word_1_894' title='bbox 3528 5042 3542 5074; x_wconf 85' lang='grc' dir='ltr'>ι</span> <span class='ocrx_word' id='word_1_895' title='bbox 3577 5012 3738 5090; x_wconf 72' lang='grc' dir='ltr'>μεγάλῆ</span> 
     </span>
    </p>
   </div>
   <div class='ocr_carea' id='block_1_113' title="bbox 2228 5108 3740 5193">
    <p class='ocr_par' dir='ltr' id='par_1_113' title="bbox 2228 5108 3740 5193">
     <span class='ocr_line' id='line_1_113' title="bbox 2228 5108 3740 5193; baseline -0.019 -3"><span class='ocrx_word' id='word_1_896' title='bbox 2228 5122 2334 5193; x_wconf 72' lang='grc' dir='ltr'>γὰρ</span> <span class='ocrx_word' id='word_1_897' title='bbox 2361 5123 2434 5184; x_wconf 77' lang='grc' dir='ltr'>ὡς</span> <span class='ocrx_word' id='word_1_898' title='bbox 2467 5121 2680 5193; x_wconf 81' lang='grc' dir='ltr'>ἀληθῶς</span> <span class='ocrx_word' id='word_1_899' title='bbox 2709 5123 2742 5192; x_wconf 75' lang='grc' dir='ltr'>ἡ</span> <span class='ocrx_word' id='word_1_900' title='bbox 2790 5119 3081 5190; x_wconf 81' lang='grc' dir='ltr'>Ἐκκλησία</span> <span class='ocrx_word' id='word_1_901' title='bbox 3105 5117 3265 5190; x_wconf 75' lang='grc' dir='ltr'>αῦτη,</span> <span class='ocrx_word' id='word_1_902' title='bbox 3295 5119 3360 5170; x_wconf 82' lang='grc' dir='ltr'>ὲκ</span> <span class='ocrx_word' id='word_1_903' title='bbox 3392 5115 3577 5176; x_wconf 80' lang='grc' dir='ltr'>παντὸς</span> <span class='ocrx_word' id='word_1_904' title='bbox 3598 5108 3740 5193; x_wconf 74' lang='grc' dir='ltr'>γένους</span> 
     </span>
    </p>
   </div>
   <div class='ocr_carea' id='block_1_114' title="bbox 2229 5192 3740 5288">
    <p class='ocr_par' dir='ltr' id='par_1_114' title="bbox 2229 5192 3740 5288">
     <span class='ocr_line' id='line_1_114' title="bbox 2229 5192 3740 5288; baseline -0.024 0"><span class='ocrx_word' id='word_1_905' title='bbox 2229 5192 2529 5284; x_wconf 67' lang='grc' dir='ltr'><strong>ἀνθρώπων</strong></span> <span class='ocrx_word' id='word_1_906' title='bbox 2575 5211 3073 5288; x_wconf 52' lang='grc' dir='ltr'>συγκεκροτημένη,</span> <span class='ocrx_word' id='word_1_907' title='bbox 3117 5209 3236 5263; x_wconf 75' lang='grc' dir='ltr'>οὐδὲ</span> <span class='ocrx_word' id='word_1_908' title='bbox 3283 5203 3643 5278; x_wconf 78' lang='grc' dir='ltr'>συγκρίνεσθαι</span> <span class='ocrx_word' id='word_1_909' title='bbox 3677 5192 3740 5288; x_wconf 39' lang='lat' dir='ltr'><strong>bii</strong></span> 
     </span>
    </p>
   </div>
   <div class='ocr_carea' id='block_1_115' title="bbox 2229 5285 3738 5375">
    <p class='ocr_par' dir='ltr' id='par_1_115' title="bbox 2229 5285 3738 5375">
     <span class='ocr_line' id='line_1_115' title="bbox 2229 5285 3738 5375; baseline -0.007 -19"><span class='ocrx_word' id='word_1_910' title='bbox 2229 5300 2290 5356; x_wconf 81' lang='grc' dir='ltr'>τὸ</span> <span class='ocrx_word' id='word_1_911' title='bbox 2323 5304 2518 5374; x_wconf 71' lang='grc' dir='ltr'>σεμνὸν</span> <span class='ocrx_word' id='word_1_912' title='bbox 2561 5285 2654 5358; x_wconf 76' lang='grc' dir='ltr'><strong>καὶ</strong></span> <span class='ocrx_word' id='word_1_913' title='bbox 2687 5303 2961 5375; x_wconf 74' lang='grc' dir='ltr'>ὑπερφυὲς</span> <span class='ocrx_word' id='word_1_914' title='bbox 2998 5301 3091 5355; x_wconf 80' lang='grc' dir='ltr'><strong>τοῦ</strong></span> <span class='ocrx_word' id='word_1_915' title='bbox 3137 5300 3273 5371; x_wconf 84' lang='grc' dir='ltr'>βίου,</span> <span class='ocrx_word' id='word_1_916' title='bbox 3323 5302 3417 5353; x_wconf 71' lang='grc' dir='ltr'>καὶ</span> <span class='ocrx_word' id='word_1_917' title='bbox 3455 5297 3536 5351; x_wconf 71' lang='grc' dir='ltr'><strong>διὰ</strong></span> <span class='ocrx_word' id='word_1_918' title='bbox 3571 5293 3622 5347; x_wconf 76' lang='grc' dir='ltr'>τὸ</span> <span class='ocrx_word' id='word_1_919' title='bbox 3661 5285 3738 5340; x_wconf 75' lang='grc' dir='ltr'>τῶν</span> 
     </span>
    </p>
   </div>
   <div class='ocr_carea' id='block_1_116' title="bbox 2231 5376 3737 5466">
    <p class='ocr_par' dir='ltr' id='par_1_116' title="bbox 2231 5376 3737 5466">
     <span class='ocr_line' id='line_1_116' title="bbox 2231 5376 3737 5466; baseline -0.005 -22"><span class='ocrx_word' id='word_1_920' title='bbox 2231 5393 2511 5464; x_wconf 76' lang='grc' dir='ltr'>δογμάτων</span> <span class='ocrx_word' id='word_1_921' title='bbox 2561 5393 2804 5466; x_wconf 86' lang='grc' dir='ltr'>μέγεθος,</span> <span class='ocrx_word' id='word_1_922' title='bbox 2839 5391 2964 5458; x_wconf 79' lang='grc' dir='ltr'>ἀξία</span> <span class='ocrx_word' id='word_1_923' title='bbox 3004 5392 3080 5464; x_wconf 83' lang='grc' dir='ltr'>τῷ</span> <span class='ocrx_word' id='word_1_924' title='bbox 3121 5391 3388 5446; x_wconf 80' lang='grc' dir='ltr'>Ἰουδαίων</span> <span class='ocrx_word' id='word_1_925' title='bbox 3419 5389 3552 5443; x_wconf 82' lang='grc' dir='ltr'>ἔθνει</span> <span class='ocrx_word' id='word_1_926' title='bbox 3593 5383 3668 5438; x_wconf 80' lang='grc' dir='ltr'><strong>καὶ</strong></span> <span class='ocrx_word' id='word_1_927' title='bbox 3690 5376 3737 5444; x_wconf 74' lang='grc' dir='ltr'><strong>τῇ</strong></span> 
     </span>
    </p>
   </div>
   <div class='ocr_carea' id='block_1_117' title="bbox 2233 5471 3738 5558">
    <p class='ocr_par' dir='ltr' id='par_1_117' title="bbox 2233 5471 3738 5558">
     <span class='ocr_line' id='line_1_117' title="bbox 2233 5471 3738 5558; baseline 0.001 -23"><span class='ocrx_word' id='word_1_928' title='bbox 2233 5484 2340 5537; x_wconf 80' lang='grc' dir='ltr'><strong>τῶν</strong></span> <span class='ocrx_word' id='word_1_929' title='bbox 2389 5487 2452 5539; x_wconf 78' lang='grc' dir='ltr'><strong>ἐκ</strong></span> <span class='ocrx_word' id='word_1_930' title='bbox 2484 5487 2784 5558; x_wconf 81' lang='grc' dir='ltr'>περιτομῆς</span> <span class='ocrx_word' id='word_1_931' title='bbox 2828 5487 3133 5558; x_wconf 75' lang='grc' dir='ltr'>συναγωγῇ,</span> <span class='ocrx_word' id='word_1_932' title='bbox 3171 5483 3318 5556; x_wconf 78' lang='grc' dir='ltr'>πάσῃ</span> <span class='ocrx_word' id='word_1_933' title='bbox 3355 5478 3582 5551; x_wconf 78' lang='grc' dir='ltr'>πτωχείᾳ</span> <span class='ocrx_word' id='word_1_934' title='bbox 3618 5471 3738 5558; x_wconf 52' lang='grc' dir='ltr'>λόγον</span> 
     </span>
    </p>
   </div>
   <div class='ocr_carea' id='block_1_118' title="bbox 2235 5557 3740 5649">
    <p class='ocr_par' dir='ltr' id='par_1_118' title="bbox 2235 5557 3740 5649">
     <span class='ocr_line' id='line_1_118' title="bbox 2235 5557 3740 5649; baseline -0.01 -22"><span class='ocrx_word' id='word_1_935' title='bbox 2235 5578 2328 5628; x_wconf 73' lang='grc' dir='ltr'><strong>καὶ</strong></span> <span class='ocrx_word' id='word_1_936' title='bbox 2362 5575 2495 5646; x_wconf 85' lang='grc' dir='ltr'>βίου,</span> <span class='ocrx_word' id='word_1_937' title='bbox 2531 5578 2623 5631; x_wconf 70' lang='grc' dir='ltr'><strong>καὶ</strong></span> <span class='ocrx_word' id='word_1_938' title='bbox 2653 5557 3014 5649; x_wconf 53' lang='grc' dir='ltr'>φρονήματος,</span> <span class='ocrx_word' id='word_1_939' title='bbox 3057 5578 3149 5631; x_wconf 78' lang='grc' dir='ltr'>καὶ</span> <span class='ocrx_word' id='word_1_940' title='bbox 3178 5576 3275 5647; x_wconf 85' lang='grc' dir='ltr'>τῆς</span> <span class='ocrx_word' id='word_1_941' title='bbox 3311 5574 3472 5644; x_wconf 76' lang='grc' dir='ltr'>ἄλλης</span> <span class='ocrx_word' id='word_1_942' title='bbox 3502 5569 3614 5640; x_wconf 77' lang='grc' dir='ltr'>περὶ</span> <span class='ocrx_word' id='word_1_943' title='bbox 3637 5557 3740 5617; x_wconf 84' lang='grc' dir='ltr'><strong>Θεοῦ</strong></span> 
     </span>
    </p>
   </div>
   <div class='ocr_carea' id='block_1_119' title="bbox 2151 3157 2192 3213">
    <p class='ocr_par' dir='ltr' id='par_1_119' title="bbox 2151 3157 2192 3213">
     <span class='ocr_line' id='line_1_119' title="bbox 2151 3157 2192 3213; baseline 0 0"><span class='ocrx_word' id='word_1_944' title='bbox 2151 3157 2192 3213; x_wconf 91' lang='lat' dir='ltr'><strong><em>C</em></strong></span> 
     </span>
    </p>
   </div>
  </div>
