3868 6192
254 213 340 270 789

1057 210 1705 269 DEMONSTRATIONIS
1740 210 2193 271 EV’ANGELICE
2232 215 2361 275 LIB.
2398 216 2468 274 Χ.

3333 221 3429 279 790

251 330 376 401 δόξης
412 330 843 402 ἑσμικρυμμένῃ.
890 324 999 383 Εἶτ’
1051 331 1339 399 ἐπιλέγειν
1388 348 1406 382 ι
1456 330 1568 395 Τὰς
1612 331 1776 400 εὐχάς

1892 330 2135 389 Ecclesia
2164 334 2389 391 laudabo
2431 346 2501 392 te.
2548 355 2566 388 ι
2605 335 2801 393 Primis
2837 338 2981 393 enim
3010 338 3123 394 suis
3152 339 3431 412 discipulis

254 423 416 497 μουτῷ
442 424 627 494 Κυρίῳ
660 422 923 477 ἀποδώσω
947 421 1173 477 ἐνώπιον
1205 423 1419 477 πάντων
1444 423 1552 477 τῶν
1580 423 1772 494 φοϐου-

255 515 395 588 μένων
416 515 567 569 αὐτόν
586 532 600 545 ·
616 535 634 568 ι
659 514 821 585 φοόου
828 514 1018 585 μένους
1038 515 1196 568 αὑτὸν
1217 515 1503 570 ἀποκαλῶν
1521 516 1619 587 τὴν
1649 516 1773 588 πρό-

251 624 376 681 τερον
402 607 780 679 ὀνομασθεῖσαν
815 608 1135 679 Ἐκκλησίαν
1169 609 1427 680 μεγάλην,
1455 604 1536 673 οἷς
1561 610 1769 677 ἔλεγενο

255 721 273 755 ι
302 700 672 771 οίφδὸούμενοι
690 700 778 753 τὸν
806 700 1027 772 Κύριον,
1058 701 1306 754 αἱνέσατε
1333 702 1513 755 αὐτόν.
1561 721 1579 753 ι
1609 703 1775 766 Ποίας

247 793 295 848 δὲ
323 792 465 863 εὐχὰς
495 792 793 846 ἀποδώσειν
829 793 1011 863 φησιν,
1040 792 1073 864 ἢ
1100 793 1165 857 ἀς
1193 794 1585 866 ἐπηγγείλατος
1617 796 1775 859 ποίας

248 884 297 940 δὲ
326 884 721 955 ὲπηγγείλατοῆ
762 885 989 948 ὲκείνας,
1014 885 1078 939 δι’
1110 879 1183 939 ὧν
1215 885 1381 958 ἔφησε
1401 904 1414 917 ’
1457 905 1475 937 ι
1513 889 1776 959 Διηγήσο-

252 993 333 1047 μαι
363 974 415 1028 τὸ
442 975 609 1045 ὄνομά
653 992 745 1028 σου
782 978 892 1039 τοῖς
927 975 1173 1045 ἀδελφοῖς
1207 994 1333 1048 μου·
1371 980 1430 1031 ἐν
1467 978 1615 1049 μέσῳ
1657 980 1778 1032 Ἐκ-

248 1064 442 1135 κλησίας
470 1066 695 1135 ὑμνήσω
726 1082 805 1129 σε,
832 1084 849 1118 ι
881 1067 1034 1137 εὐχαὶ
1070 1069 1165 1141 γάρ
1188 1070 1323 1121 εἰσιν
1352 1070 1405 1122 αἱ
1435 1068 1775 1137 ἐπαγγελίαι,

247 1158 305 1222 ἃς
332 1157 773 1227 ἐπαγγειλάμενος
817 1156 1007 1212 δώσειν
1050 1166 1107 1213 ἐν
1148 1161 1297 1232 μέσῳ
1339 1162 1659 1231 Ἑκκλησίας
1699 1162 1779 1215 δι-

245 1250 541 1305 εϐεϐαιοῦτο.
575 1250 793 1314 Τούτοις
819 1249 942 1321 ἑξῆς
964 1250 1202 1320 ἐπιλέγει
1223 1269 1236 1282 ·
1273 1272 1291 1303 ι
1315 1253 1578 1320 Φάγονται
1612 1254 1779 1324 πένη-

244 1362 326 1407 τες
362 1344 444 1398 καὶ
485 1342 983 1415 ἐμπλησθήσονται,
1029 1344 1123 1397 καὶ
1171 1344 1439 1397 αἰνέσουσι
1485 1344 1684 1416 Κύριον
1731 1347 1778 1399 οἱ

245 1434 571 1506 ἐκζητοῦντες
609 1434 789 1489 αὐτόν.
832 1430 1093 1505 Ζήσονται
1143 1436 1198 1487 al
1232 1435 1449 1507 καρδίαι
1496 1436 1671 1489 αὐτῶν
1704 1438 1782 1498 είς

244 1524 394 1578 αἰῶνα
444 1523 650 1586 αἰῶνος.
696 1524 1108 1594 Μνησθήσονται
1150 1525 1242 1577 καὶ
1289 1526 1782 1596 ὲπιστραφήσονται

246 1616 367 1687 πρὸς
392 1614 589 1686 Κύριον
630 1614 806 1668 πάντα
846 1613 911 1667 τά
949 1614 1160 1686 πέρατα
1200 1616 1299 1687 τῆς
1330 1616 1452 1687 γῆς,
1487 1618 1579 1671 καὶ
1613 1632 1783 1688 προσ-

1873 435 1926 480 et
1955 429 2213 498 apostolis
2248 445 2368 499 qua
2408 430 2475 483 ad
2510 445 2662 485 suam
2699 430 2939 484 latitiam
3001 440 3053 485 et
3111 434 3427 487 exsultatio-

1872 531 1993 571 nem
2025 518 2328 587 pertinent,
2381 519 2663 588 pollicetur
2691 519 2748 574 Se
2796 520 3193 586 nuntiaturum,
3228 538 3321 578 eos
3351 524 3429 577 in-

1873 609 2029 664 terim
2065 610 2351 665 nominans
2388 609 2579 665 fratres
2606 630 2620 665 :
2652 612 2848 680 quibus
2877 612 3038 667 etiam
3069 625 3431 672 consentanea

1872 701 2155 756 Mattbaus
2189 703 2433 772 exponit,
2464 702 2589 755 dum
2620 704 2751 757 dicit
2780 724 2793 758 ;
2826 721 2844 754 ι
2910 703 2971 757 lit
2996 720 3122 760 ecce
3148 704 3308 763 Jesus
3338 723 3433 763 oc-

1874 796 2048 848 currit
2093 796 2219 857 illis.
2257 816 2275 847 »
2326 796 2412 850 ubi
2449 796 2569 850 illas
2606 796 2895 867 intelligit,
2932 814 3052 868 qua
3086 815 3207 853 cum
3264 800 3431 855 Maria

1876 880 2188 952 Magdalcne
2220 892 2375 937 erant
2396 924 2410 946 ,
2448 902 2466 935 ι
2495 883 2685 940 dicens
2711 905 2723 939 :
2756 884 2987 942 Salvete.
3015 886 3121 942 Illa
3146 897 3324 943 autem
3350 906 3435 945 ac-

1876 982 2157 1029 cesserunt
2185 983 2237 1031 et
2270 983 2558 1031 tenuerunt
2586 977 2704 1044 ejus
2732 979 2894 1046 pedes
2914 1019 2928 1041 ,
2980 987 3033 1034 et
3076 981 3435 1037 adoraverunt

1876 1082 2022 1121 eum.
2059 1065 2211 1121 Tunc
2232 1068 2312 1121 ait
2345 1068 2449 1123 illis
2473 1067 2673 1124 Jesus;
2717 1068 2892 1124 Nolite
2928 1071 3133 1127 timere.
3184 1071 3291 1137 Ite,
3336 1090 3435 1128 an-

1881 1157 2126 1211 nuntiate
2154 1156 2413 1211 fratribus
2450 1158 2603 1220 meis,
2633 1167 2691 1212 ut
2720 1159 2918 1214 abeant
2949 1161 3000 1214 in
3035 1160 3340 1223 Galilaeam,
3381 1173 3436 1219 et

1882 1250 1952 1304 ibi
1987 1265 2073 1304 me
2102 1249 2360 1305 videbunt
2390 1251 2451 1303 ³⁸.
2487 1271 2506 1304 ι
2549 1251 2617 1305 At
2641 1268 2772 1307 vero
2800 1251 3038 1308 Joannes
3064 1262 3185 1325 post
3217 1256 3439 1310 reditio-

1882 1355 2002 1395 nem
2037 1355 2067 1393 a
2094 1342 2320 1396 mortuis
2344 1342 2459 1412 ipse
2488 1358 2700 1413 quoque
2725 1343 2931 1398 inducit
2955 1344 3137 1400 Jesum
3168 1345 3436 1401 dicentem

1883 1431 1949 1485 ad
1992 1430 2163 1502 ipsam
2214 1431 2480 1489 Mariam:
2532 1452 2552 1485 ι
2603 1434 2721 1490 Noli
2756 1452 2837 1490 me
2887 1444 3145 1507 tangere:
3198 1438 3436 1491 nondum

1882 1524 2025 1578 enim
2056 1524 2276 1578 ascendi
2328 1524 2393 1578 ad
2442 1524 2654 1580 Patrem
2692 1542 2891 1581 meum.
2960 1526 3107 1582 Vade
3158 1535 3335 1583 autem
3371 1530 3438 1584 ad

1886 1612 2079 1668 fratres
2107 1629 2276 1677 meos,
2306 1623 2357 1668 et
2382 1614 2470 1669 dic
2497 1616 2575 1669 eis
2608 1634 2619 1671 :
2655 1615 2901 1671 Ascendo
2931 1617 2995 1672 ad
3019 1616 3229 1672 Patrem
3261 1634 3438 1673 meum

245 1708 541 1777 κυνήσουσιν
596 1704 821 1757 ἐνώπιον
868 1704 1030 1758 αὑτοῦ
1085 1706 1251 1759 πᾶσαι
1303 1708 1356 1759 al
1420 1708 1641 1779 πατριαὶ
1678 1707 1784 1761 τῶν

1892 1712 1938 1760 et
1970 1703 2186 1759 Patrem
2219 1712 2494 1769 vestrum,
2553 1714 2606 1761 ct
2637 1704 2804 1760 Deum
2856 1721 3032 1761 meum
3069 1715 3123 1761 et
3154 1706 3319 1761 Deum
3346 1722 3439 1761 ve-

242 1797 418 1851 ὲθνῶν·
451 1798 530 1850 ὅτι
556 1796 648 1849 τοῦ
684 1795 886 1866 Κυρίου
919 1798 951 1868 ή
983 1795 1245 1866 βασιλεία,
1273 1798 1365 1850 καὶ
1398 1798 1557 1861 αὐτὸς
1589 1799 1780 1852 δεσπό-

245 1890 314 1955 ζει
342 1888 443 1943 τῶν
475 1888 662 1943 ἐθνῶν.
704 1909 721 1940 ι
758 1889 832 1940 Δι’
869 1881 943 1942 ὧν
975 1888 1177 1960 σφόδρα
1212 1889 1515 1953 ἀκολούθως
1547 1890 1617 1944 τά
1651 1891 1787 1962 μετά

245 1983 330 2053 τήν
354 1982 644 2036 ἀνάστασιν
675 1979 838 2033 αὐτοῦ
873 1978 1268 2051 κατορθώματα
1312 1981 1598 2050 ἀναφωνεῖ,
1626 1982 1661 2036 ἆ
1694 1983 1787 2037 καὶ

241 2072 576 2143 πεπλήρωται
600 2069 685 2123 διά
711 2071 812 2140 τῆς
840 2070 897 2137 ἐξ
926 2070 1175 2124 ἀπάντων
1200 2070 1305 2125 τῶν
1331 2070 1495 2125 ἐθνῶν
1523 2072 1785 2144 κλήσεως,

235 2164 316 2217 διά
341 2180 398 2215 τε
425 2163 525 2233 τῆς
553 2163 611 2215 ἐν
635 2164 748 2225 τοῖς
777 2161 972 2233 πέρασι
1005 2162 1103 2233 τῆς
1134 2163 1454 2235 οἰκουμένης
1490 2164 1787 2237 ἀνθρώπων

238 2252 474 2322 ἐκλογῆς,
526 2245 602 2305 ὧν
650 2254 705 2305 αἱ
762 2252 1015 2316 ἐκϐάσεις
1072 2253 1366 2324 ὀφθαλμοῖς
1424 2253 1789 2327 θεωρούμεναι

237 2347 440 2401 πάντων
472 2344 539 2398 ἂν
582 2345 819 2413 γένοιντο
845 2344 951 2397 τῶν
993 2344 1080 2399 διά
1114 2345 1208 2399 τοῦ
1241 2345 1454 2417 ψαλμοῦ
1487 2348 1788 2419 λεγομένων

237 2439 652 2511 παραστατικαί.
702 2439 940 2511 Πένητες
986 2440 1042 2493 δὲ
1090 2440 1248 2495 πάλιν
1298 2445 1479 2513 ἡμεῖς,
1524 2441 1616 2505 οὓς
1653 2443 1791 2496 κατά

233 2531 355 2585 Θεὸν
390 2530 768 2600 πτωχεύοντας
815 2532 1092 2603 ἐκτρέφων
1144 2535 1171 2585 ὁ
1216 2534 1477 2604 σωτήριος
1505 2532 1674 2601 Λόγος
1713 2533 1791 2603 τῷ

233 2623 398 2694 νοητῷ
432 2624 525 2676 καὶ
555 2622 755 2693 λογικῷ
796 2623 942 2696 ἀρτῳ
972 2626 1090 2688 ταῖς
1136 2624 1414 2688 ζωοποιοῑς
1460 2624 1567 2677 τῶν
1608 2624 1791 2695 ψυχῶν

231 2718 471 2786 τροφαῖς,
511 2714 607 2786 τὴν
638 2712 853 2769 αίὼνιον
884 2717 1011 2786 ήμῖν
1053 2716 1279 2787 παρέχει
1313 2716 1476 2788 ζωήν.
1509 2717 1597 2770 Διό
1631 2735 1795 2787 φησιν

230 2810 256 2860 ὁ
282 2806 498 2878 ψαλμός
514 2823 529 2837 ο
596 2827 615 2859 ι
650 2809 912 2878 Φάγονται
940 2809 1169 2879 πένητες
1190 2810 1281 2862 καὶ
1305 2809 1793 2881 ἐμπλησθήσονται,

231 2899 321 2955 καὶ
351 2900 627 2953 αἱνέσουσι
656 2900 858 2974 Κύριον
894 2901 943 2955 οἱ
982 2899 1333 2973 ἐκζητοῦντες
1381 2901 1560 2954 αὐτὸν.
1600 2902 1794 2971 Ζήσον-

231 3006 317 3044 ται.
345 2993 404 3045 αἱ
437 2992 653 3062 καρδίαι
684 2993 863 3047 αὐτῶν
892 2993 970 3056 είς
995 2991 1165 3047 αἰῶνα
1186 2990 1397 3057 αἰῶνος.
1436 3010 1454 3042 ι
1491 2993 1600 3046 Καὶ⁸
1624 2994 1652 3045 ὁ
1680 2991 1795 3045 ἐπί-

232 3081 385 3151 λογος
407 3082 467 3135 δὲ
491 3084 590 3155 τῆς
616 3084 741 3156 ὅλης
767 3083 1098 3157 προφητείας
1133 3082 1269 3154 μετὰ
1293 3083 1468 3137 πάντα
1494 3084 1790 3156 ἐπιφέρων⁸

237 3194 256 3224 ι
306 3174 764 3247 Ἀναγγελήσεται
786 3176 861 3247 τῷ
892 3176 1082 3246 Κυρίῳ
1110 3173 1272 3243 γενεὰ
1301 3176 1334 3245 ή
1368 3173 1652 3245 ἐρχομένη.
1686 3174 1796 3226 Καὶ

228 3265 588 3335 ἀναγγελοῦσι
612 3266 709 3337 τὴν
738 3266 1078 3337 δικαιοσύνην
1109 3265 1271 3319 αὑτοῦ
1302 3265 1415 3336 λαῷ
1437 3266 1513 3336 τῷ
1542 3264 1798 3335 τεχθησο-

236 3358 399 3428 μένῳ,
456 3358 516 3411 ὃν
568 3358 818 3428 ἐποίησεν
855 3358 884 3410 ὁ
940 3358 1169 3429 Κύριοςο
1216 3376 1235 3410 ι
1274 3357 1527 3427 ἄντικρυς
1574 3355 1663 3409 τὸν
1737 3353 1796 3420 ἐξ

231 3449 399 3503 ἐθνῶν
436 3448 787 3522 προθεσπίζει
816 3450 961 3513 λαὸν,
1016 3450 1107 3503 καὶ
1139 3450 1235 3521 τὴν
1283 3448 1370 3501 διὰ
1408 3448 1501 3501 τοῦ
1551 3448 1797 3517 Σωτῆρος

232 3536 388 3608 ἡμῶν
432 3536 607 3607 Ἰησοῦ
636 3535 869 3609 Χριστοῦ
905 3540 1173 3592 συστᾶσαν
1207 3539 1298 3591 ἐπὶ
1328 3538 1425 3607 τῆς
1453 3538 1554 3607 γῆς
1586 3536 1793 3604 γενεάν.

230 3630 326 3693 Τίς
353 3628 464 3701 γὰρ
492 3629 557 3682 ἂν
580 3629 664 3701 εἴη
697 3631 726 3682 ὁ
762 3630 899 3701 μετά
924 3631 1095 3684 ταῦτα
1134 3629 1482 3702 τεχθήσεσθαι
1514 3629 1799 3699 λεγόμενος

228 3720 304 3791 τῷ
337 3720 463 3792 Θεῷ
489 3720 638 3786 λαὸς,
670 3721 832 3776 πάλαι
867 3721 941 3793 μὴ
968 3721 1062 3788 ὢν,
1092 3723 1209 3793 μηδ’
1237 3720 1479 3791 ὑφεστὼς
1516 3724 1572 3775 ἐν
1602 3720 1800 3793 ἀνθρὼ-

231 3831 372 3877 ποις,
411 3812 638 3883 ὕστερον
670 3814 727 3867 δέ
759 3812 1029 3883 γεγονώς;
1075 3813 1158 3878 τίς
1201 3831 1259 3867 τε
1300 3814 1359 3866 οὐ
1397 3814 1470 3886 μὴ
1501 3811 1634 3867 οὖσα
1657 3814 1799 3877 τότε,

227 3904 500 3976 λεγομένη
524 3905 582 3958 δὲ
612 3904 921 3959 ἐλεύσεσθαι
946 3904 1126 3975 γενεά,
1163 3907 1210 3958 εί
1238 3906 1311 3977 μὴ
1364 3904 1497 3978 αὕτη
1525 3908 1557 3977 ἡ
1585 3906 1669 3959 διά
1706 3904 1800 3958 τοῦ

226 3996 487 4069 Σωτῆρος
518 3996 672 4067 ήμῶν
701 3998 759 4049 ἐν
793 3999 953 4051 παντὶ
986 3996 1065 4067 τῷ
1092 3998 1282 4069 κόσμῳ
1303 4000 1544 4053 συστᾶσα
1578 3998 1803 4067 Ἐκκλη-

225 4087 350 4151 aia;
385 4089 485 4141 καὶ
512 4091 541 4142 ὁ
563 4088 681 4152 νέος
709 4088 767 4153 ἐξ
791 4088 958 4142 ἐθνῶν
988 4090 1135 4153 λαὸς,
1171 4091 1256 4158 ἐφ’
1286 4084 1329 4159 ᾧ
1352 4092 1445 4143 καὶ
1472 4090 1558 4144 διά
1587 4090 1802 4144 Ἡσαῖου

222 4182 282 4234 τὸ
331 4181 571 4253 Πνεῦμα
598 4183 658 4236 τὸ
706 4182 857 4250 ἆγιον
888 4182 1273 4252 θαυμαστικῶς
1305 4180 1678 4251 ἀπεφθέγξατο
1704 4184 1805 4253 φῆ-

224 4291 325 4327 σαν
351 4293 365 4305 ·
409 4295 430 4327 ι
481 4276 577 4339 Τίς
598 4277 792 4348 ἢκουσε
825 4276 1067 4342 τοιαῦτα,
1098 4277 1190 4331 καὶ
1216 4277 1299 4341 τίς
1331 4275 1571 4347 ἐώρακεν
1593 4275 1800 4341 οῦτως;

1886 1804 2058 1851 strum
2097 1798 2159 1853 ι’.
2202 1817 2220 1850 ι
2256 1796 2450 1852 Primis
2478 1812 2607 1868 ergo
2637 1798 2899 1869 apostolis
2950 1798 3093 1863 suis,
3130 1814 3267 1869 quos
3311 1815 3440 1856 suos

1886 1887 2082 1945 fratres
2109 1891 2368 1953 nominat,
2404 1906 2599 1945 nomen
2644 1907 2702 1947 se
2732 1889 2909 1947 Patris
2956 1892 3037 1947 sui
3093 1900 3440 1946 narraturum

1887 1982 1982 2036 ait.
2012 1980 2141 2036 Post
2172 1982 2293 2038 illos
2327 1991 2540 2047 autem,
2594 1983 2712 2053 ipso
2744 1983 2935 2039 ordine
2986 1985 3210 2056 ipsaque
3248 2000 3440 2039 conse-

1886 2076 2084 2146 quendi
2119 2074 2327 2130 ratione
2351 2075 2624 2140 Ecclesia,
2657 2092 2775 2146 qua
2805 2092 2898 2146 per
2920 2084 3091 2131 totum
3127 2079 3312 2133 orbem
3337 2084 3445 2133 ter-

1886 2181 2069 2221 rarum
2119 2166 2171 2220 in
2207 2167 2423 2222 nomine
2478 2168 2651 2236 ipsius
2708 2167 2929 2222 fundata
2989 2176 3103 2234 est,
3162 2177 3442 2238 paternum

1888 2256 2147 2327 hymnum
2182 2273 2239 2311 se
2268 2258 2637 2328 expositurum
2668 2260 2950 2329 promittit.
2980 2260 3442 2326 Quemadmodum

1887 2347 2030 2401 enim
2071 2347 2116 2402 si
2165 2347 2287 2417 quis
2329 2349 2599 2403 excellens
2630 2349 2891 2419 sapientia
2921 2357 3219 2419 praceptor
3250 2350 3302 2403 in
3334 2365 3448 2405 me-

1890 2437 1994 2495 diis
2026 2440 2140 2493 suis
2173 2438 2455 2508 discipulis
2486 2439 2649 2493 verba
2685 2447 2998 2509 percurrat,
3062 2447 3121 2493 ut
3174 2436 3279 2512 ipsi
3309 2454 3446 2507 quo-

1890 2544 1995 2598 que
2024 2528 2303 2583 audientes
2334 2529 2663 2593 auscultent,
2696 2530 2769 2583 ita
2801 2529 2964 2585 etiam
3011 2529 3099 2584 ille
3134 2548 3152 2579 ι
3191 2531 3243 2583 in
3272 2529 3447 2585 medio

1892 2618 2166 2683 Ecclesia,
2196 2620 2391 2690 inquit,
2424 2621 2657 2676 laudabo
2690 2628 2762 2685 te,
2800 2642 2819 2674 ι
2878 2628 2937 2675 ιιι
2969 2637 3091 2675 cum
3132 2621 3234 2676 hoc
3262 2619 3450 2678 Ecde-

1895 2716 1973 2772 sia
2001 2717 2268 2782 didicerit,
2296 2716 2422 2771 dum
2458 2716 2526 2771 ab
2561 2719 2679 2786 ipso
2711 2718 2861 2773 audit
2884 2757 2898 2781 ,
2956 2732 3063 2771 non
3096 2716 3234 2770 ultra
3264 2723 3321 2770 ut
3352 2731 3450 2772 an-

1894 2816 1981 2864 tea
2012 2808 2314 2874 damonas,
2367 2808 2496 2871 sed,
2544 2818 2602 2863 ut
2658 2826 2751 2880 par
2807 2817 2929 2873 est,
2978 2809 3154 2878 ipsum
3214 2807 3449 2863 universi

1895 2894 2062 2952 Deum
2097 2913 2189 2968 per
2210 2914 2352 2961 eum,
2386 2898 2476 2969 qui
2508 2899 2657 2953 illum
2688 2899 2969 2954 denuntiat
2994 2939 3008 2963 ,
3067 2898 3279 2970 hymnis
3316 2913 3451 2952 conc

1897 2989 2149 3044 celebret.
2176 2988 2299 3045 Hac
2327 2991 2417 3045 ubi
2446 3006 2504 3045 se
2539 2989 2808 3045 facturum
2839 2991 3084 3062 promisit
3117 3031 3132 3055 ,
3190 3000 3304 3044 tum
3353 2989 3449 3044 ad-

1898 3080 2115 3134 modum
2140 3085 2524 3137 convenienter
2549 3091 2711 3153 atque
2755 3093 2877 3154 apte
2926 3083 3036 3152 jam
3069 3083 3191 3137 inde
3225 3082 3451 3150 imperat

1898 3172 2151 3228 Ecclesia
2180 3188 2244 3227 ac
2287 3174 2402 3228 suis
2447 3172 2741 3239 fratribus,
2798 3182 2856 3228 ut
2911 3174 3128 3246 hymnis
3181 3172 3452 3228 celebrent

1896 3262 2130 3329 Patrem,
2174 3264 2267 3318 ubi
2300 3264 2413 3318 ait:
2446 3283 2466 3315 ι
2508 3264 2611 3332 Qui
2663 3266 2866 3319 timetis
2898 3264 3205 3327 Dominum,
3238 3260 3453 3317 laudato

1896 3372 2038 3412 eum.
2096 3354 2265 3411 Omne
2315 3363 2497 3412 semen
2536 3356 2727 3420 Jacob,
2762 3358 3056 3428 glorificate
3097 3372 3239 3412 eum.
3277 3354 3342 3408 Et
3386 3354 3454 3409 ti-

1897 3460 2077 3505 meant
2099 3448 2167 3503 ab
2189 3463 2253 3504 eo
2275 3463 2433 3502 omne
2459 3463 2642 3503 semen
2672 3447 2834 3503 Israel
2855 3488 2869 3511 ,
2896 3448 3149 3518 quoniam
3181 3462 3286 3501 non
3313 3459 3455 3515 spre-

1896 3541 1992 3603 vit,
2044 3556 2219 3611 neque
2266 3540 2491 3595 moleste
2539 3540 2662 3593 tulit
2686 3540 3119 3609 deprecationem
3164 3537 3453 3609 pauperis.

1901 3633 2061 3705 509
2102 3650 2276 3706 neque
2322 3634 2519 3688 avertit
2560 3633 2752 3689 faciem
2796 3648 2950 3689 suam
3002 3648 3032 3687 a
3073 3647 3194 3693 me,
3234 3640 3287 3687 et
3333 3645 3457 3685 cum

1899 3727 2190 3781 clamarem
2237 3725 2304 3780 ad
2335 3742 2459 3781 eum
2484 3767 2498 3791 ,
2532 3726 2804 3781 exaudivit
2839 3740 2942 3779 me.
2982 3744 2999 3775 ι
3030 3723 3238 3789 Quibus
3277 3721 3457 3777 verbis

1902 3820 2062 3890 plane
2105 3820 2343 3875 ostendit
2382 3836 2440 3875 se
2486 3820 2554 3873 ab
2603 3818 2712 3873 illis
2758 3833 2880 3873 esse
2926 3817 3213 3871 liberatum
3267 3813 3456 3872 malis.

1904 3926 2023 3981 qua
2051 3912 2303 3981 superius
2334 3912 2477 3966 dicta
2508 3917 2656 3965 sunt.
2690 3908 2745 3963 Si
2778 3910 2917 3964 enim
2954 3924 3076 3962 cum
3104 3907 3361 3962 clamaret
3391 3905 3457 3958 ad

1902 4002 2087 4067 illum,
2119 4004 2188 4057 ab
2218 4004 2308 4057 illo
2342 4003 2631 4059 exauditus
2662 4014 2782 4070 est,
2829 4009 2883 4057 et
2923 4003 3166 4056 clamans
3207 4007 3459 4071 precatus

1903 4104 2018 4159 est,
2052 4103 2108 4149 ut
2137 4096 2370 4166 eriperet
2402 4110 2431 4148 a
2468 4094 2669 4149 framea
2701 4094 2917 4165 quidem
2949 4093 3181 4148 animam
3213 4106 3395 4154 suam,
3429 4106 3458 4144 a

1904 4201 2039 4241 cane
2078 4196 2256 4240 autem
2305 4187 2515 4241 unicam
2563 4202 2716 4241 suam
2741 4226 2755 4250 ,
2792 4202 2891 4241 nec
2932 4203 3036 4241 non
3072 4187 3139 4240 ab
3170 4201 3264 4240 ore
3292 4185 3462 4240 leonis

1904 4286 1957 4333 et
1999 4294 2028 4331 a
2074 4278 2334 4333 cornibus
2374 4278 2718 4333 unicornium
2762 4278 3117 4331 humilitatem
3153 4292 3343 4338 suam,
3373 4290 3463 4330 se-

222 4367 271 4418 εί
300 4366 469 4419 ὢδινε
497 4368 567 4437 γῆ
593 4368 650 4419 ἐν
691 4367 869 4439 ήμέρᾳ
906 4370 1022 4440 μιᾷ,
1058 4368 1153 4421 καὶ
1186 4369 1232 4421 εί
1265 4367 1454 4438 ἐτέχθη
1491 4366 1638 4432 ἔθνος
1694 4368 1790 4419 εἰσ-

1908 4370 2094 4439 quitur
2125 4379 2179 4424 ut
2224 4370 2586 4441 intelligamus
2619 4369 2767 4422 illum
2801 4367 3173 4423 liberationem
3205 4383 3234 4421 a
3266 4366 3463 4420 talibus

222 4454 398 4524 ἅπαξ.
443 4478 462 4510 ι
492 4459 679 4512 Ταῦτα
703 4461 798 4530 μὲν
828 4455 921 4513 οῦν
952 4461 1131 4531 ἡμεῖς,
1159 4460 1242 4528 ἐφ’
1268 4457 1431 4532 ἔτερα
1462 4458 1802 4512 συνελαύνον-

218 4565 315 4613 τος
344 4551 451 4604 τοῦ
497 4551 715 4623 καιροῦ,
760 4552 1142 4624 διαδραμόντες
1195 4551 1498 4623 ἀκροθιγῶς
1542 4551 1808 4622 διεξήλθο-

223 4658 351 4709 μεν,
389 4644 503 4715 ὅτῳ
541 4644 586 4697 δ’
621 4643 685 4697 ἂν
716 4643 862 4714 μέλοι
900 4643 1001 4713 τῆς
1025 4642 1119 4695 τοῦ
1166 4644 1413 4714 Σωτῆρος
1444 4642 1600 4713 ἡμῶν
1630 4659 1806 4713 παρα-

222 4731 557 4799 κελεύσεως,
589 4734 882 4807 [φήσαντος
906 4753 919 4765 ·
959 4754 976 4787 ι
1023 4734 1307 4807 Ἐρευνᾶτε
1343 4735 1441 4798 τὰς
1466 4734 1686 4807 Γραφάς
1707 4752 1719 4765 ·
1747 4737 1803 4788 ἐν

221 4816 314 4886 αἷς
348 4825 566 4880 δοκεῖτε
606 4824 751 4897 ζωὴν
795 4825 1009 4879 αἰώνιον
1047 4825 1209 4895 ἔχειν,
1239 4826 1331 4879 καὶ
1376 4825 1533 4878 αύταί
1574 4826 1711 4878 εἰσιν
1749 4827 1804 4878 αἱ

222 4919 615 4989 μαρτυροῦσαι
660 4919 787 4990 περὶ
833 4916 984 4989 ἐμοῦ.
1031 4937 1049 4969 ι
1098 4918 1331 4987 Ἑκάστῃ
1364 4916 1507 4981 λέξει
1538 4916 1631 4971 τοῦ
1673 4917 1807 4986 ψαλ-

220 5005 331 5074 μοῦ
365 5011 468 5064 τὸν
499 5010 625 5065 νοῦν
646 5009 974 5081 ἐμϐαθύνας,
1002 5010 1098 5080 τὴν
1125 5010 1323 5080 ἀκριϐῆ
1353 5008 1588 5062 διάνοιαν
1618 5009 1808 5083 θηρεύ-

219 5112 314 5150 σαι
351 5101 425 5154 ἂν
450 5104 551 5173 τῆς
572 5105 632 5156 ἐν
663 5106 775 5166 τοῖς
806 5103 1113 5175 εἰρημένοις
1141 5102 1395 5173 ἀληθείας
1426 5102 1551 5173 (1).]

1907 4460 2066 4513 malis
2095 4468 2447 4514 consecutum
2472 4499 2486 4524 ,
2520 4458 2719 4529 quippe
2759 4458 2850 4527 qui
2888 4450 3129 4518 dixerit,
3159 4456 3326 4511 Deum
3357 4472 3464 4509 non

1908 4554 2135 4607 moleste
2157 4553 2349 4606 tulisse
2375 4551 2811 4620 deprecationem
2843 4564 3031 4613 suam,
3065 4564 3241 4618 neque
3271 4546 3462 4601 faciem

1907 4660 2058 4701 suam
2089 4647 2352 4700 avertisse
2375 4645 2443 4698 ab
2470 4645 2607 4713 ipso,
2634 4643 2727 4699 sed
2753 4644 3076 4697 clamantem
3104 4642 3278 4711 ipsum
3303 4654 3465 4693 exau~

1910 4737 2129 4791 divisse.
2175 4736 2442 4805 Quocirca
2472 4736 2643 4791 eidem
2675 4737 2741 4791 de
2772 4736 2935 4791 tantis
2966 4734 3123 4788 malis
3164 4740 3380 4801 erepto,
3414 4739 3464 4784 ct

1911 4829 2013 4899 ipsi
2054 4828 2120 4884 de
2161 4837 2335 4883 morte
2375 4828 2559 4899 elapso
2590 4828 2805 4883 abunde
2833 4826 3097 4895 contingit
3128 4839 3232 4877 una
3258 4823 3464 4877 versari

1912 4934 1975 4974 ac
2002 4919 2196 4987 degere
2222 4935 2344 4973 cum
2378 4920 2492 4975 suis
2520 4925 2573 4974 et
2598 4919 2881 4989 discipulis
2922 4928 2974 4973 et
3006 4917 3282 4978 fratribus,
3323 4922 3375 4970 et
3410 4915 3465 4970 in

1911 5009 2086 5064 media
2114 5010 2353 5065 Ecclesia
2381 5019 2585 5079 patrem
2612 5012 2850 5066 laudare.
2881 5009 2984 5064 Sed
3007 5008 3225 5063 attende
3251 5022 3463 5069 rursus,

1914 5111 1975 5157 ut
2008 5117 2298 5172 pauperem
2334 5103 2570 5173 seipsum
2603 5105 2795 5158 iterum
2838 5110 3015 5165 vocat,
3064 5103 3117 5155 iu
3145 5115 3210 5155 eo
3236 5114 3465 5155 concor-

214 5191 366 5249 ἄτης
396 5209 528 5249 cum
558 5202 684 5250 ante
712 5194 974 5265 expositis
997 5195 1329 5266 prophetiis,
1358 5195 1413 5249 in
1474 5194 1674 5264 quibus
1730 5209 1934 5264 pauper
1979 5201 2033 5249 et
2077 5210 2281 5264 egenus
2321 5202 2405 5250 est
2451 5196 2803 5261 nominatus;
2847 5195 2942 5249 sed
2985 5194 3112 5264 quia
3174 5208 3333 5250 suum
3400 5191 3464 5244 ad

209 5287 397 5343 vitam
450 5290 684 5346 reditum
728 5290 782 5344 in
824 5290 911 5345 bis
951 5289 1245 5355 indicavit,
1278 5306 1471 5345 rursus
1501 5305 1805 5345 sermonem
1846 5298 2170 5345 convertens
2203 5289 2267 5342 ad
2299 5289 2512 5346 Patrem
2534 5330 2548 5354 ,
2583 5309 2601 5341 ι
2634 5297 2777 5351 ate,
2812 5288 3021 5359 inquit,
3086 5288 3206 5344 laus
3268 5299 3386 5342 mea
3412 5283 3465 5339 in

210 5379 488 5440 Ecclesia
520 5401 715 5457 magna
737 5426 754 5452 ,
782 5405 801 5437 ι
859 5386 913 5441 in
943 5386 1144 5458 quibus
1174 5402 1303 5442 sane
1332 5386 1513 5443 verbis
1573 5385 1877 5445 Ecclesiam
1913 5388 1970 5440 in
2003 5386 2224 5440 nomine
2254 5386 2430 5456 ipsius
2457 5401 2521 5441 ex
2552 5384 2804 5455 gentibus
2832 5384 3152 5447 collectam,
3186 5391 3238 5437 tt
3266 5396 3325 5438 2n
3350 5393 3461 5439 tau

290 5539 342 5573 “’
384 5540 583 5597 Matth.
620 5557 833 5606 xxvm,
863 5540 1007 5603 9,l0.
1087 5541 1130 5573 "
1170 5538 1329 5597 Joan.
1367 5557 1473 5606 xx,
1510 5540 1599 5595 Π.

291 5660 378 5730 (Ι)
425 5662 600 5720 Uncis
640 5665 893 5723 conclusa
935 5663 1205 5735 supplevit
1248 5661 1550 5719 Fabricius.
1579 5660 1714 5719 Vide
1764 5662 2182 5717 Admonitionem
2233 5660 2387 5716 initio
2439 5656 2747 5715 voluminis.
