3936 6208
229 304 334 362 793

941 301 1586 358 DEMONSTRATIONIS
1611 300 2064 356 EVANGELICAS
2104 300 2360 356 FRAGM.
2407 302 2494 357 EX
2535 302 2664 360 LIB.
2707 302 2822 356 XV.

3362 303 3465 361 τοι

231 433 325 480 νας
353 417 411 468 ὲν
440 414 902 484 πεντεκαιδεκάτῳ
927 415 1076 486 τόμῳ
1102 415 1199 486 τῆς
1212 417 1256 466 Ε
1265 415 1616 486 ὺαγγελικῆς
1647 419 1790 472 Ἀπο-

1903 416 2375 470 Demonstrationis
2405 415 2733 486 Evangelij
2762 417 2902 471 libro
2939 425 3172 472 exstant.
3197 417 3246 473 is
3273 435 3465 491 nempe

227 507 500 572 δείξεωςο
531 503 684 571 οὗτος
711 505 816 578 γὰρ
846 508 1024 560 πᾶσαν
1053 507 1339 577 ἐκθέμενος
1371 509 1469 579 τὴν
1491 510 1676 580 ὅρασιν
1704 508 1797 562 οῦ-

224 615 336 663 τως
391 598 553 669 φησί’
590 617 608 648 ι
661 598 924 669 Ἡγοῦμαι
969 599 1137 660 ταῦτα
1189 599 1350 671 μηδὲν
1393 601 1663 672 διαφέρειν
1701 603 1798 674 τῆς

228 691 508 762 προφήτου
552 687 814 760 θεωρίας’
855 690 930 753 ὡς
981 691 1088 762 γὰρ
1125 693 1153 744 6
1196 693 1479 763 προφήτης
1529 693 1798 746 θάλασσαν

225 781 374 852 ἑώρα
406 781 664 852 μεγάλην,
686 780 856 844 οῦτως
873 785 900 835 ό
921 781 1171 851 βασιλεὺς
1199 787 1380 840 είκόνα
1415 785 1614 856 πολλήν
1633 827 1644 839 .
1689 788 1802 845 Καὶ

226 871 390 927 πάλιν
436 872 511 936 ὼς
554 874 582 924 ὁ
632 875 914 944 προφήτης
952 874 1096 947 ἑώρα
1140 876 1180 928 δ’
1226 877 1408 948 θηρία,
1450 878 1589 947 άπερ
1627 879 1798 948 ἑρμη-

223 963 397 1019 νεύων
439 963 728 1035 μετέϐαλεν
767 967 843 1028 εἰς
881 965 922 1017 δ’
961 966 1253 1035 βασιλείας,
1287 967 1456 1031 οὕτως
1483 970 1510 1020 ό
1549 969 1796 1038 βασιλεὺς

223 1059 326 1122 τάς
352 1058 440 1112 διά
459 1057 552 1110 τοῦ
581 1061 779 1130 χρυσοῦ
819 1061 910 1112 καὶ
939 1060 1178 1131 ἀργύρου
1210 1062 1301 1114 καὶ
1333 1061 1530 1130 χαλκοῦ
1573 1063 1663 1114 καὶ
1713 1080 1793 1114 σι-

224 1149 415 1220 δήρου,
439 1150 709 1221 τέσσαρας
739 1150 1009 1220 βασιλείας
1039 1153 1311 1223 ᾐνίττετο·
1360 1155 1453 1214 καὶ
1483 1149 1634 1216 αὖθις
1662 1155 1735 1216 ὡς
1765 1155 1794 1205 6

201 1243 515 1314 ,προφήτης
564 1243 670 1296 τῶν
719 1243 810 1296 τοῦ
859 1243 1086 1296 ὑστάτου
1134 1244 1322 1314 θηρίου
1374 1246 1616 1316 κεράτων
1661 1247 1790 1300 δέκα

225 1331 486 1402 διαίρεσιν
509 1332 672 1402 ἑώρα,
707 1333 798 1384 καὶ
828 1333 951 1403 τρία
1000 1333 1204 1404 κέρατα
1243 1334 1332 1401 ὑφ’
1365 1332 1479 1396 ἑνὸς
1520 1334 1793 1399 συντριϐό-

230 1441 394 1494 μενα·
437 1424 528 1476 καὶ
555 1425 582 1476 ό
612 1423 860 1492 βασιλεὺς
903 1423 1160 1486 ὡσαύτως
1190 1425 1282 1476 ἐπὶ
1323 1423 1428 1476 τῶν
1474 1424 1793 1476 τελευταίων

225 1513 332 1582 τῆς
361 1512 564 1575 εἰκόνος
597 1513 757 1583 μέρος
785 1528 839 1563 τι
880 1511 1130 1582 σιδηροῦν
1169 1512 1259 1564 καὶ
1292 1511 1452 1582 μέρος
1479 1510 1794 1581 όστράκινον

225 1604 451 1675 ἐθεώρει
470 1621 503 1660 ἰ
519 1605 608 1656 καί
639 1604 729 1655 ἐπὶ
772 1601 997 1666 τούτοις,
1024 1603 1098 1666 ὡς
1135 1606 1162 1656 6
1204 1604 1488 1674 προρήτης
1525 1604 1661 1670 μετά
1693 1604 1792 1675 τὴν

223 1697 339 1750 τῶν
382 1696 656 1767 τεσσάρων
703 1694 986 1764 βασιλειῶν
1022 1696 1208 1766 ὅρασιν
1245 1693 1389 1766 ἑώρα
1429 1695 1540 1747 υἱὸν
1589 1695 1794 1766 ἀνθρὼ-

1901 513 2212 567 universum
2281 513 2456 567 visum
2514 517 2792 583 explicans
2849 514 2930 568 sic
2981 514 3103 567 ait:
3143 533 3161 566 ι
3197 513 3462 574 Existimo

1899 604 1999 658 hoc
2025 605 2198 658 visum
2232 602 2453 657 minime
2479 603 2698 658 diﬂ‘erre
2745 604 2814 657 ab
2859 603 3031 674 ipsius
3072 605 3345 674 propheta:
3380 607 3461 662 vi-

1899 698 2068 752 sione.
2105 694 2256 749 Sicut
2276 695 2418 750 enim
2447 696 2704 766 propheta
2735 694 2864 749 vidit
2905 711 3053 750 mare
3087 712 3360 766 inagmnn,
3382 700 3462 755 sic

1899 803 1990 841 rex
2023 790 2292 857 ingentem
2329 795 2585 842 statuam.
2613 789 2930 857 Rursusque
2962 797 3018 841 ut
3043 789 3299 858 propheta
3329 791 3461 846 vidit

1900 880 2042 934 feras
2070 890 2325 948 quatuor,
2380 895 2518 948 quas
2555 881 2919 950 interpretans
2948 881 2999 934 in
3033 890 3268 948 quatuor
3298 898 3460 954 regna

1897 975 2161 1025 convertit
2182 987 2195 1033 ;
2215 971 2286 1022 ita
2310 986 2399 1025 rex
2421 985 2574 1033 auro,
2597 980 2840 1040 argento,
2860 985 2967 1024 aere
2987 981 3040 1024 et
3061 972 3202 1025 ferro
3228 983 3462 1042 quatuor

1898 1077 2059 1131 regna
2123 1063 2480 1132 signilirahat.
2523 1061 2810 1130 Denuoqne
2846 1071 2904 1114 ut
2960 1063 3218 1131 propheta
3274 1067 3326 1116 in
3363 1079 3461 1134 po-

1896 1160 2094 1204 strema
2127 1152 2300 1205 bellua
2330 1167 2534 1204 cornua
2567 1151 2751 1204 decem
2781 1151 2950 1205 divisa
2975 1152 3210 1214 videbat,
3247 1154 3460 1222 triaque

1896 1258 2097 1297 cornua
2140 1247 2209 1297 ab
2267 1257 2374 1297 uno
2408 1245 2670 1299 contrita:
2725 1245 2976 1298 similiter
3018 1259 3110 1298 rex
3163 1245 3214 1298 in
3265 1254 3459 1300 statua:

1893 1337 2329 1390 extremitatibus
2389 1348 2606 1406 partem
2677 1336 2802 1390 ferri
2866 1335 3080 1390 videbat
3143 1346 3458 1407 partemque

1897 1436 2062 1481 lestw.
2087 1429 2332 1496 Insuper,
2356 1437 2414 1480 ut
2449 1428 2706 1497 pri-pheta
2742 1435 2862 1498 post
2901 1438 3134 1498 quatuor
3170 1443 3456 1498 regnorum

1891 1519 2174 1579 visionem,
2210 1518 2376 1570 {ilium
2408 1517 2644 1572 hominis
2675 1519 2884 1587 aspexit
2909 1535 3120 1573 smnmo
3149 1519 3371 1587 imperio
3393 1533 3458 1575 ac

1893 1618 2160 1680 potestate
2191 1625 2464 1679 regnoque
2498 1609 2824 1678 patientem;
2855 1611 2926 1661 ita
2953 1624 3044 1662 rex
3077 1608 3302 1678 lapidem
3339 1623 3458 1662 cer-

1894 1718 2022 1756 nere
2057 1703 2156 1756 sibi
2189 1701 2491 1762 videbatur,
2528 1700 2618 1769 qui
2664 1702 2970 1754 universam
3007 1707 3311 1754 contereret
3346 1710 3459 1754 sta-

227 1805 336 1841 που
364 1789 459 1858 τὴν
488 1785 625 1840 κατά
665 1787 879 1838 πάντων
909 1787 1080 1857 ἀρχὴν
1109 1787 1201 1839 καὶ
1240 1787 1486 1852 ἐξουσίαν
1514 1788 1605 1840 καὶ
1638 1787 1790 1856 βασι-

1895 1801 2040 1848 tuam
2079 1793 2335 1861 fieretque
2365 1808 2521 1847 mons
2557 1807 2804 1862 magnus,
2832 1793 2904 1845 ita
2935 1799 2993 1846 ut
3021 1809 3168 1846 mare
3193 1793 3454 1861 oppleret.

228 1879 378 1932 λείαν
411 1877 808 1950 παρειληαὸτα·
841 1878 1011 1941 οὕτως
1047 1878 1137 1931 καὶ
1162 1877 1189 1929 ό
1220 1877 1468 1947 βασιλεὺς
1493 1878 1636 1930 λίθον
1669 1894 1792 1930 συν-

226 1976 480 2047 τίίϐοντα
513 1976 608 2046 τὴν
641 1976 822 2029 εἰκόνα
871 1976 1050 2026 πᾶσαν
1094 1974 1186 2026 καὶ
1226 1973 1512 2042 γινομένην
1541 1975 1620 2032 εἰς
1667 1972 1792 2043 ὅρος

229 2067 373 2137 μέγα
413 2069 505 2120 καὶ
546 2065 783 2138 πληροῦν
812 2065 1080 2118 θάλασσαν
1126 2063 1296 2117 ἐδόκει
1328 2049 1488 2135 όρᾷν·
1522 2065 1612 2116 καὶ
1649 2064 1788 2118 είκὰ

221 2170 360 2218 τως·
396 2155 596 2226 ἔπρεπε
632 2154 739 2226 γὰρ
784 2154 860 2224 τῷ
899 2156 994 2225 μὲν
1035 2154 1370 2225 ήπατημένῳ
1412 2154 1538 2225 περὶ
1575 2154 1674 2224 τὴν
1696 2152 1790 2205 τοῦ

224 2239 344 2314 βίον
383 2242 675 2307 φαντασίαν
708 2241 932 2311 βασιλεῖ,
969 2243 1062 2295 καὶ
1115 2242 1210 2312 τὴν
1244 2241 1360 2301 τῶνΓ
1396 2241 1663 2312 αίσθητῶν
1705 2237 1791 2304 οἷα

220 2333 528 2407 χρωμάτων
552 2333 876 2404 ὡραιότητα,
912 2333 1220 2404 ἐπιγραφῆς
1267 2333 1628 2403 ἀνακειμένης
1665 2332 1793 2387 θαυ-

221 2423 470 2497 μάζοντι,
504 2425 668 2478 εἰκόνι
698 2422 903 2494 μεγάλῃ
945 2423 1036 2476 τὸν
1071 2423 1283 2483 πάντων
1310 2423 1607 2494 ἀνθρώπιον
1637 2425 1793 2476 ἀπει-

220 2516 414 2581 κάζειν
444 2516 586 2586 βίον·
617 2516 707 2568 τὸν
735 2515 789 2567 δὲ
818 2515 1122 2584 προφήτην,
1165 2513 1254 2566 τὸν
1285 2513 1447 2567 πολὺν
1486 2515 1577 2567 καὶ
1621 2513 1790 2585 μέγαν

220 2611 388 2669 σάλον
438 2608 530 2663 τοῦ
575 2609 688 2679 βίου
731 2608 938 2682 μεγάλῃ
983 2608 1224 2680 θαλάσσῃ
1257 2607 1652 2679 παραόάλλεινο
1699 2608 1791 2662 καὶ

215 2701 303 2772 τῷ
331 2702 426 2772 μὲν
459 2701 684 2770 βασιλεῖ,
711 2699 808 2763 τάς
837 2700 984 2771 παρά
1001 2699 1302 2770 ἀνθρώποις
1330 2700 1633 2764 πολυτελεῖς
1661 2700 1792 2764 ῦλας

213 2791 428 2863 χρυσοῦ
468 2793 558 2844 καὶ
591 2790 826 2863 ἀργύρου
864 2789 1067 2860 χαλκοῦ
1093 2807 1150 2841 τε
1182 2791 1277 2842 καὶ
1320 2791 1538 2860 σιδήρου
1581 2789 1790 2861 θαυμά-

214 2883 394 2948 ζοντι,
420 2885 517 2947 τὰς
557 2883 697 2936 κατά
727 2883 946 2953 χρόνους
989 2883 1046 2934 ὲν
1083 2881 1160 2952 τῷ
1210 2881 1308 2952 βίῳ
1353 2881 1459 2934 τῶν
1495 2880 1790 2954 ἀνθρώπων

210 2978 536 3048 ὲπικρατεῖς
569 2975 861 3046 βασιλείας,
887 2973 1104 3036 ταύταις
1142 2973 1430 3043 ἀψομοιοῦν
1457 2975 1574 3036 ταῖς
1601 2972 1752 3037 ὕλαις
1775 2991 1790 3004 ·

211 3068 304 3138 τῷ
323 3067 377 3119 δὲ
410 3069 656 3139 προφήτῃ
700 3067 756 3118 ὲν
802 3068 1034 3136 μορφαῖς
1065 3064 1267 3134 θηρίων
1297 3064 1394 3128 τὰς
1437 3064 1605 3127 αὐτάς
1635 3064 1791 3133 βασι-

208 3161 375 3223 λείας
392 3159 734 3230 καταλλήλως
756 3159 832 3229 τῷ
848 3159 944 3227 τῆς
969 3158 1142 3230 ἀρχῆς
1167 3158 1752 3228 τρόπῳδιαγράφεσθαι
1771 3174 1786 3186 ⁶

208 3254 319 3306 καὶ
353 3252 509 3304 πάλιν
534 3251 608 3321 τῷ
641 3251 736 3321 μὲν
772 3250 978 3320 βασιλεῖ
1007 3250 1167 3320 μέγα,
1201 3252 1276 3309 ὼς
1310 3250 1471 3312 εἰκὸς,
1501 3251 1584 3317 ἐφ’
1614 3247 1789 3320 ἑαυτῷ

207 3343 529 3416 φρονοῦντι,
569 3345 664 3397 καὶ
687 3342 1123 3412 ἀλαζονευομένῳ
1164 3342 1256 3393 ἐπὶ
1285 3345 1349 3412 τῇ
1379 3341 1488 3393 τῶν
1515 3341 1789 3412 προγόνων

207 3438 491 3508 βασιλεία,
513 3441 547 3508 ή
579 3437 686 3490 τῶν
718 3437 1052 3506 πραγμάτων
1085 3434 1348 3505 μεταϐολὴ
1379 3433 1666 3494 δείκνυται,
1697 3433 1790 3486 καὶ

204 3530 331 3585 τῶν
357 3531 449 3582 ἐπὶ
482 3529 584 3598 τῆς
615 3529 896 3598 βασιλειῶν
924 3529 982 3581 τὺ
1010 3527 1159 3590 τέλος
1182 3543 1194 3556 ·
1237 3529 1316 3589 εἰς
1357 3525 1668 3598 καθαίρεσιν
1695 3525 1787 3578 τοῦ

205 3623 279 3676 ὲν
309 3620 456 3690 αὐτῷ
475 3621 662 3688 τύφου,
693 3622 786 3674 καὶ
823 3622 900 3683 είς
927 3619 988 3672 τὸ
1017 3618 1178 3689 μηδὲν
1207 3617 1454 3688 ἡγεῖσθαι
1497 3616 1707 3686 βέϐαιον
1729 3615 1790 3668 τὺ

206 3717 279 3768 ἐν
311 3712 632 3784 ἀνθρώποις,
666 3714 696 3784 ἢ
729 3714 885 3783 μόνον
915 3713 975 3764 τὸ
1015 3711 1106 3764 ἐπὶ
1140 3713 1352 3764 πάντων
1386 3709 1536 3772 τέλος
1561 3709 1660 3778 τῆς
1697 3709 1788 3761 τοῦ

203 3809 356 3864 Θεοῦ
385 3808 683 3878 βασιλείας·
718 3805 932 3859 ἔσεσθαι
964 3803 1070 3874 γάρ
1105 3801 1240 3873 μετά
1280 3801 1376 3872 τὴν
1402 3800 1622 3872 πρώτην
1668 3800 1787 3852 Ἀσ-

210 3901 424 3972 συρίων
463 3900 654 3971 ἀρχὴν,
697 3899 763 3968 ἣν
806 3898 833 3950 6
877 3895 1071 3967 χρυσός
1117 3894 1351 3964 ᾐνίξατο,
1396 3891 1651 3963 δευτέραν
1691 3892 1788 3963 τὴν

203 3991 328 4044 τῶν
377 3990 622 4060 Περσῶν,
671 3990 769 4060 τὴν
813 3987 900 4041 διὰ
954 3983 1048 4038 τοῦ
1101 3984 1338 4056 ἀργύρου
1387 3983 1784 4054 δεδηλωμένην·

205 4084 405 4137 ἔπειτα
428 4082 613 4153 τρίτην
640 4081 736 4150 τὴν
769 4078 1107 4140 Μακεδόνων,
1135 4078 1200 4147 ἣν
1229 4078 1256 4128 ό
1286 4074 1481 4146 χαλκὸς
1509 4075 1605 4144 ὲσή
1617 4091 1750 4144 μανε
1773 4090 1786 4104 ·

209 4175 338 4246 μεθ’
385 4175 451 4242 ἣν
483 4173 746 4243 τετάρτην
781 4171 1120 4236 διαδέξασθαι
1169 4169 1275 4221 τῶν
1315 4167 1618 4238 Ῥωμαίων,
1657 4183 1792 4238 κρα-

205 4262 519 4332 ταιωτέραν
541 4257 711 4313 οὖσαν
733 4260 838 4312 τῶν
865 4260 966 4331 πρὸ
990 4259 1156 4328 αὐτῆς
1173 4275 1186 4287 ’
1214 4256 1292 4310 διδ
1326 4259 1417 4309 καὶ
1456 4257 1654 4327 σιδήρῳ
1695 4273 1792 4308 πα-

208 4354 538 4427 ρεϐάλλετοσ
566 4355 746 4424 εἴρητο
775 4352 902 4420 γοῦν
927 4353 1016 4404 καὶ
1043 4351 1168 4421 περὶ
1196 4349 1384 4418 αὐτῆς.
1410 4349 1517 4400 Καὶ
1551 4347 1789 4418 βασιλεία

1892 1886 2028 1955 Apte
2075 1884 2126 1937 id
2167 1883 2403 1954 quidem.
2432 1883 2545 1938 Rex
2594 1886 2813 1953 quippe,
2866 1884 2990 1938 vita:
3023 1884 3159 1938 fastu
3193 1885 3455 1950 irretitus,

1893 1978 2334 2048 sensibiliumque
2363 1990 2540 2034 rerum
2593 1976 3046 2045 pulchritudinem
3077 1985 3330 2046 tanquam
3362 1989 3458 2032 co-

1893 2069 2081 2122 loriam
2115 2069 2352 2122 tabulam
2395 2068 2565 2121 titulis
2597 2067 2794 2138 adjecti
2863 2067 3101 2128 mirans,
3158 2083 3456 2138 congruum

1891 2169 2027 2220 erat.
2061 2167 2117 2212 ut
2145 2175 2353 2229 magna
2387 2167 2580 2215 statua:
2611 2166 2932 2212 cunctorum
2979 2159 3254 2212 hominum
3293 2159 3456 2212 vitam

1892 2260 2231 2320 compararet
2276 2270 2289 2306 :
2335 2251 2651 2321 prophetam
2701 2257 2880 2304 autem
2935 2251 3192 2311 decebat,
3232 2251 3456 2304 multam

1894 2343 2033 2398 hanc
2071 2353 2124 2398 et
2150 2359 2396 2413 magnam
2429 2345 2552 2398 vita:
2594 2341 3024 2403 ﬂuctuationem,
3081 2341 3188 2396 lato
3221 2343 3351 2395 mari
3382 2344 3458 2398 si-

1893 2434 2070 2490 milem
2096 2435 2292 2490 dicere.
2325 2433 2548 2504 Regem,
2579 2434 2822 2503 inquam,
2855 2448 2956 2503 par
2990 2418 3105 2486 erat
3138 2433 3372 2502 pretiosa
3400 2433 3456 2488 ill

1892 2522 2168 2576 hominum
2203 2523 2558 2578 aestimatione
2580 2524 2791 2578 metalla
2811 2538 3027 2587 aurum,
3055 2532 3363 2590 argentum,
3381 2539 3457 2579 as

1893 2613 2201 2682 ferrumque
2228 2615 2634 2683 suspicientem.
2671 2614 2922 2668 conferre
2947 2629 3066 2668 cum
3097 2613 3180 2666 his
3216 2613 3458 2670 materiis

1891 2715 2245 2777 prmpotentes
2299 2707 2460 2759 rariis
2514 2708 2848 2775 temporibus
2891 2705 3031 2758 inter
3075 2704 3321 2759 homines
3356 2703 3458 2776 dy-

1890 2796 2142 2850 nastias:
2191 2796 2509 2864 prophetam
2556 2809 2686 2848 vero
2735 2809 2840 2848 non
2888 2793 3158 2859 dedecuit,
3220 2794 3457 2848 ferarum

1894 2888 2078 2958 liguris
2105 2887 2293 2942 eadem
2343 2900 2508 2955 regna
2540 2885 2850 2954 designare.
2893 2892 3256 2954 congruenter
3299 2885 3462 2940 nimi-

1891 2997 2010 3034 rum
2037 2979 2387 3049 imperiorum
2435 2980 2698 3033 moribus.
2734 2977 2972 3046 Denique
3001 2979 3134 3048 regi,
3168 2989 3220 3031 ut
3255 2977 3332 3042 tit,
3365 2991 3460 3032 su-

1895 3072 2058 3140 perbo
2103 3080 2156 3126 et
2199 3071 2464 3138 majorum
2525 3085 2746 3124 suorum
2810 3070 3024 3122 diutina
3087 3068 3460 3122 dominatione

1889 3164 2064 3227 elato,
2113 3177 2295 3218 rerum
2350 3162 2634 3216 conversio
2679 3162 3010 3222 ostenditur,
3062 3175 3460 3231 regnorumque

1891 3253 2231 3307 terrestrium
2267 3250 2392 3306 linis
2419 3266 2432 3301 :
2463 3251 2670 3306 scilicet
2710 3251 2779 3304 ob
2801 3250 2920 3319 ejus
2951 3250 3116 3303 animi
3161 3250 3457 3303 curandam

1891 3345 2272 3404 tumiditatem,
2305 3352 2466 3412 atque
2499 3352 2555 3396 ut
2589 3343 2635 3397 is
2662 3342 2794 3395 nihil
2830 3344 2882 3395 in
2919 3341 3232 3395 horninibus
3261 3340 3458 3395 stabile

1885 3437 2172 3505 judicarct.
2205 3446 2399 3505 praeter
2423 3434 2591 3488 divini
2623 3449 2786 3503 super
2816 3415 3283 3489 onlnesmortales
3305 3432 3460 3501 regni

1889 3527 2432 3583 consummationem.
2469 3525 2602 3579 Nam
2641 3527 2870 3596 primam
2902 3527 3248 3596 Assyriorum
3281 3524 3441 3579 dolui.

1891 3622 2188 3681 nationem.
2229 3635 2391 3690 quam
2437 3633 2628 3673 aurum
2669 3617 3047 3688 portendebat,
3099 3626 3456 3686 excepturum

1889 3723 2005 3769 erat
2035 3713 2278 3770 secundo
2306 3713 2426 3766 loco
2456 3710 2744 3765 Persarum
2775 3709 3062 3778 imperium
3113 3715 3338 3776 argento
3365 3706 3454 3761 de-

1890 3813 2275 3860 monstratum.
2311 3802 2514 3862 Deinde
2555 3801 2775 3854 tertium
2824 3799 3177 3852 Macedonum
3208 3811 3456 3866 regnum,

1891 3897 2033 3970 quod
2087 3912 2194 3952 tere
2237 3895 2665 3966 significabatur.
2720 3890 2851 3945 Post
2899 3889 3042 3960 quod
3094 3887 3460 3940 Romanorum

1889 3997 2165 4060 quartum,
2203 3987 2415 4041 caeteris
2441 3999 2560 4056 qua:
2598 3989 2990 4059 praecesserant
3021 3979 3216 4033 fortius
3246 3997 3258 4033 :
3291 3991 3466 4046 quare

1889 4092 1940 4137 et
1987 4080 2130 4135 ferro
2189 4086 2533 4148 comparatur
2591 4076 2900 4144 diciturque
2937 4071 3002 4127 de
3043 4087 3107 4126 eo
3151 4076 3463 4141 :quartum

1891 4169 1994 4224 erit
2025 4183 2247 4238 regnum
2279 4167 2516 4220 validum
2553 4162 2682 4219 ferri
2718 4148 2915 4226 instar.
2943 4162 3020 4216 Ac
3064 4160 3228 4214 veluti
3257 4159 3460 4213 ferrum

1893 4260 2070 4312 omnia
2110 4265 2366 4314 extenuat
2410 4257 2726 4326 dematque,
2766 4255 2839 4308 ita
2885 4253 2987 4308 hoc
3025 4267 3248 4328 regnum
3279 4249 3461 4304 omnia

1892 4354 2351 4407 comminuturum
2389 4365 2450 4404 ac
2481 4349 2920 4418 subjugaturum.
2963 4344 3093 4398 Post
3139 4344 3253 4398 hmc
3281 4342 3462 4397 omnia

207 4448 450 4530 τετᾱερτη
484 4445 631 4498 ἔσται
682 4443 873 4516 ἰσχυρά
921 4444 996 4506 ὡς
1039 4442 1283 4511 σίδηρος·
1333 4440 1390 4493 ὃν
1421 4440 1618 4511 τρόπον
1646 4441 1672 4491 ό
1710 4439 1787 4491 ai-

1895 4445 1986 4500 Dei
2034 4459 2256 4515 regnum
2302 4444 2356 4496 in
2407 4443 2582 4512 lapide
2633 4451 2798 4495 totam
2859 4447 3095 4493 statuam
3150 4442 3463 4491 conterente

203 4539 379 4611 δηρος
415 4537 660 4590 λεπτύνει
706 4537 799 4590 καὶ
849 4535 1080 4605 δαμάζει
1132 4535 1342 4597 πάντα,
1385 4532 1556 4596 οὕτως
1615 4532 1790 4586 πάντα

205 4630 470 4685 λεπτυνεῖ
499 4632 589 4683 καὶ
625 4630 854 4699 δαμάσει
874 4645 886 4658 ο
919 4627 1012 4680 καὶ
1044 4627 1180 4696 μετά
1205 4625 1302 4689 τάς
1325 4625 1618 4696 εἰρημένας
1645 4625 1790 4678 ἀπά-

209 4741 335 4787 σας,
362 4722 458 4794 τὴν
480 4722 571 4775 τοῦ
595 4721 728 4774 Θεοῦ
761 4720 1052 4790 βασιλείαν,
1071 4719 1157 4771 διὰ
1183 4718 1278 4770 τοῦ
1296 4717 1666 4788 συντρίϐοντος
1692 4717 1790 4787 τὴν

209 4819 396 4870 πᾶσαν
424 4814 604 4868 εἰκόνα
644 4813 788 4866 λίθου
839 4811 1244 4881 παρισταμένην
1267 4824 1280 4838 ·
1320 4809 1412 4862 καὶ
1447 4811 1474 4862 6
1507 4809 1792 4879 προφήτης

207 4908 416 4962 τούτων
449 4905 772 4967 ἀκολούθως,
804 4904 900 4974 τὴν
937 4903 1028 4955 ἐπὶ
1053 4902 1190 4962 τέλει
1228 4899 1336 4952 τῶν
1364 4899 1496 4953 ὅλων
1528 4898 1658 4950 Θεοῦ
1691 4897 1758 4966 βα
1771 4926 1797 4974 -_

213 5001 440 5058 σιλείαν,
469 4999 528 5050 οῦ
558 4998 820 5069 πρότερον
844 4995 1053 5066 θεωρεῖ,
1082 4995 1114 5065 ἦ
1146 4997 1244 5056 τὰς
1271 4992 1563 5062 εἰρημένας
1591 4991 1786 5043 τέσσα-

215 5111 312 5163 ρας
338 5092 650 5154 δυναστείας
678 5089 971 5162 διαγράψαι
1015 5089 1103 5140 τὸν
1132 5087 1306 5154 λόγον.
1329 5085 1428 5137 Διὰ
1453 5085 1559 5137 τῶν
1597 5083 1787 5137 τεσσά-

212 5205 322 5260 ρων
351 5187 524 5258 μόνων
549 5185 641 5240 καὶ
666 5185 782 5238 οὐδὲ
820 5183 1016 5253 ἐτέρων
1047 5179 1283 5252 ἡγοῦμαι
1313 5178 1411 5242 τὰς
1447 5179 1662 5247 ὁράσεις
1693 5177 1787 5229 καὶ

209 5279 290 5348 τῷ
321 5277 527 5348 βασιλεῖ
548 5278 640 5331 καὶ
665 5276 743 5346 τῷ
771 5276 1022 5347 προφήτῃ
1049 5269 1332 5338 δεδεῖχθαι,
1363 5269 1449 5322 διὰ
1473 5269 1534 5322 τὸ
1560 5267 1786 5330 ταύταις

211 5369 682 5440 καταδουλωθῆδαι
738 5374 800 5421 το
867 5367 1132 5421 Ἰουδαίων
1182 5365 1333 5429 ἔθνος
1377 5363 1484 5418 ἀπὸ
1531 5361 1638 5415 τῶν
1689 5359 1784 5414 τοῦ

213 5460 492 5533 προφήτου
517 5458 740 5530 χρόνων.
791 5477 808 5509 ι

1893 4551 2186 4606 agnoscere
2211 4542 2312 4588 est.
2339 4532 2475 4592 Tum
2507 4542 2560 4586 et
2592 4532 2851 4600 propheta
2879 4530 2964 4590 his
2994 4543 3326 4586 consonans.
3349 4526 3462 4579 uni-

1890 4627 2102 4682 versale
2137 4625 2226 4680 Dei
2270 4633 2552 4694 postremo
2590 4624 2709 4675 loco
2764 4622 3002 4690 futurum
3051 4635 3278 4689 regnmn
3322 4615 3463 4670 haud

1893 4727 2018 4773 ante
2036 4717 2200 4779 videt,
2221 4731 2380 4785 quam
2407 4715 2676 4784 praedictae
2695 4723 2927 4783 quatuor
2943 4711 3208 4781 dynastiae
3227 4716 3464 4778 quatuor

1889 4811 2188 4872 belluarem
2217 4809 2402 4880 tignris
2433 4823 2701 4878 expressae
2725 4823 2776 4860 ιιι
2812 4820 3061 4860 sermone
3095 4804 3326 4857 fuerunt.
3359 4798 3452 4854 Ho-

1890 4920 2008 4958 rum
2026 4918 2156 4971 ergo
2169 4911 2400 4971 quatuor
2413 4915 2697 4970 regnorum
2717 4895 3110 4954 tantummodo,
3135 4901 3185 4946 et
3209 4908 3312 4945 non
3332 4890 3463 4943 alio-

1894 5011 2035 5056 rum,
2071 4996 2310 5048 arhitror
2337 4994 2701 5047 visionestum
2732 4990 2840 5057 regi
2876 4999 2985 5040 tum
3015 4985 3287 5057 propheta:
3311 4981 3464 5034 obla-

1891 5097 1976 5142 tas
2011 5085 2198 5150 fuisse,
2231 5086 2356 5155 quia
2409 5084 2663 5138 nimirum
2697 5082 2762 5134 ab
2813 5081 2897 5134 his
2935 5077 3115 5146 regnis
3147 5072 3462 5128 Judaeorum

1893 5182 2126 5251 p0pulus
2155 5180 2377 5234 servitio
2401 5178 2500 5232 fuit
2526 5189 2844 5247 oppressus,
2881 5179 3038 5241 capto
3069 5184 3098 5223 a
3123 5163 3462 5238 temporibus

1891 5271 2166 5342 prophetat
2195 5270 2368 5325 initio.
2398 5288 2416 5321 ι
