3868 6192
219 289 320 348 8T5

1336 281 1541 342 LIBER
1582 270 1859 342 CONTRA
1900 267 2310 342 nienocwn.

3359 291 3464 349 8H

218 407 594 481 πορευόμενος,
623 407 821 478 ἄριστα
842 404 1252 474 γιγνωσκόντων
1289 421 1348 457 τε
1389 407 1481 458 καὶ
1518 407 1785 477 πραττόν-

1900 407 2243 461 animantium
2277 404 2380 460 sibi
2423 404 2781 475 comparavit.
2816 403 2873 459 id
2913 419 3047 460 vero
3081 390 3297 471 didicit,
3333 408 3462 464 dum

217 519 320 556 των
347 499 478 555 αὑτό
508 498 638 570 (68).
674 500 830 551 Ἔστι
863 497 972 568 γὰρ
999 497 1106 550 τῶν
1143 496 1411 569 Ἀραδίων
1451 497 1664 551 κύκνων
1691 500 1789 570 ἤδη

218 591 309 648 καὶ
352 589 582 661 ὀρνίθιον
619 587 729 659 (69)
780 588 1197 658 μαντευομένων
1237 586 1457 640 ἀκούειν
1480 628 1493 652 ,
1529 587 1704 640 ὁπόσα
1744 588 1791 640 οἱ

219 682 478 755 χρησμοί.
511 679 918 751 Ξυμὸάλλονται
959 679 1016 732 δὲ
1058 678 1165 731 τῶν
1193 678 1433 747 ἀλόγων,
1489 679 1790 750 σιτούμενοι

215 775 320 829 τῶν
339 774 647 845 δρακόντων
671 775 718 825 οί
753 772 851 843 μὲν
880 772 1127 843 καρδίαν,
1172 773 1354 840 φασιν,
1382 772 1432 823 οἱ
1465 770 1521 824 δὲ
1566 766 1738 842 ἧπαρ.
1768 791 1785 823 ›

227 866 495 922 Ἐνταῦθα
530 866 747 929 πάντως
777 883 876 918 που
904 866 1207 935 δρακόντων
1234 864 1458 935 καρδίας
1485 862 1655 933 δήπου
1696 863 1791 916 καὶ

212 962 422 1031 ἥπατος
454 959 545 1012 τὸν
590 958 988 1029 Πυθαγόρειον,
1041 958 1297 1028 ἐμψύχων
1330 974 1392 1010 τε
1432 959 1635 1028 τροφῆς
1684 960 1791 1012 ἀπ·-

204 1051 493 1122 ηεχὸμενον,
520 1051 613 1102 καὶ
634 1050 765 1122 μηδὲ
796 1050 942 1103 θύειν
958 1050 1202 1119 δαίμοσιν
1227 1048 1615 1118 ὲπιτολμώντα,
1642 1049 1792 1113 εἰκὸς

212 1140 280 1216 ἦν
303 1140 733 1212 ἀπογεύσασθαι,
770 1142 845 1205 ὡς
870 1142 934 1195 ἂν
980 1143 1071 1194 καὶ
1108 1142 1205 1212 τῆς
1241 1140 1392 1211 παρά
1427 1140 1637 1203 τούτοις
1681 1158 1793 1193 κοι-

211 1241 442 1308 νωνήσοι
476 1236 684 1305 σοφίας.
714 1234 857 1306 Πρὸς
883 1233 990 1304 γὰρ
1012 1232 1229 1286 τοιῶνδε
1254 1231 1650 1301 διδασκομένων
1675 1231 1791 1295 πῶς

211 1331 274 1385 ἂν
310 1331 509 1393 ἄλλως,
546 1330 619 1401 μὴ
644 1330 764 1398 οὐχὶ
808 1326 875 1380 τὰ
913 1328 1073 1397 ὃμοια
1105 1329 1216 1389 τοῖς
1245 1324 1581 1387 διδασκάλοις
1616 1323 1782 1394 ζηλὼ-

165 1461 171 1470 .
214 1439 388 1487 σαντι,
418 1421 767 1493 κατωρθοῦτο
807 1420 867 1473 τὸ
904 1418 1274 1489 ἐπιτήδευμα;
1327 1419 1560 1487 ’Έχομεν
1601 1416 1664 1487 δὴ
1699 1412 1790 1469 οὖν

213 1514 351 1588 πρὸς
413 1518 526 1577 τοῖς
573 1512 1056 1583 καταλελεγμένοις
1094 1510 1203 1581 (70)
1253 1512 1346 1565 καὶ
1382 1511 1507 1573 τοὺς
1539 1510 1780 1580 Ἀράϐων

214 1609 413 1678 σοφοὺς
443 1607 791 1670 διδασκάλους
823 1607 921 1677 τῆς
974 1605 1113 1659 κατὰ
1158 1606 1255 1677 τὴν
1299 1607 1638 1677 οίωνιστικὴν
1665 1606 1791 1658 τάν·

213 1701 341 1773 δρὸς
363 1702 670 1771 ἐπιστήμης
690 1718 702 1729 ’
728 1700 821 1769 ἀφ’
855 1696 922 1769 ἧς
951 1699 1173 1762 εἰκότως
1201 1696 1540 1769 ὁρμώμενος,
1568 1697 1789 1769 ὕστερόν

214 1810 350 1846 ποτε
381 1793 470 1845 τὸν
495 1792 770 1863 στρουθὸν,
799 1792 827 1844 ὃ
854 1809 906 1843 τι
933 1792 1027 1845 κα)⁵
1054 1789 1312 1861 βούλοιτο,
1355 1787 1636 1858 ξυγκαλῶν
1665 1789 1791 1852 τοὺς

215 1886 463 1957 ἑταίρους
518 1887 610 1938 ἐπὶ
655 1885 883 1956 τροφὴν,
945 1883 1264 1955 προειπὼν,
1310 1882 1492 1953 θαῦμα
1542 1883 1792 1954 μέγιστον

216 1978 477 2049 παρέχειν
506 1977 649 2044 ἔδοξε
676 1980 786 2039 τοῖς
815 1974 1066 2047 παροῦσι.
1097 1975 1279 2048 Ταύτῃ
1309 1975 1372 2047 δὴ
1406 1976 1498 2028 καὶ
1536 1974 1632 2046 τὴν
1678 1975 1784 2027 ἀπ-

214 2072 572 2141 εσθηραγμένην
598 2072 718 2123 ὅσον
744 2070 895 2123 οὔπω
921 2069 1135 2121 λέαιναν
1160 2069 1274 2138 ἅμα
1314 2070 1424 2130 τοῖς
1464 2066 1606 2119 ὀκτὼ
1651 2066 1781 2119 σκύέ

215 2178 371 2231 μνοις
399 2160 544 2213 κατὰ
575 2162 671 2232 τὴν
709 2160 1007 2230 Ἀσσυρίων
1034 2158 1150 2211 ὁδὸν
1182 2157 1543 2227 θεασάμενος,
1571 2158 1789 2220 αὐτίκα,

209 2253 283 2323 τῷ
323 2254 606 2325 μαθήματι
637 2252 955 2324 ξυμϐαλὼν,
996 2252 1095 2321 τῆς
1134 2251 1395 2321 ἐσομένης
1443 2249 1590 2320 αὐτῷ
1641 2250 1789 2321 παρά

209 2346 456 2417 Πέρσαις
482 2345 759 2417 διατριϐῆς
785 2345 874 2397 τὸν
905 2344 1092 2416 χρόνον
1121 2342 1506 2414 ἐμαντεύσατο.

211 2444 365 2505 tulis,
402 2443 459 2495 in
500 2444 691 2497 itinere
722 2457 817 2511 per
858 2441 1142 2511 Assyriam
1192 2439 1576 2508 conspicatus,
1611 2436 1780 2502 illico,

209 2539 313 2593 sibi
346 2538 490 2610 apud
520 2537 715 2593 Persas
746 2552 910 2591 mora:
937 2546 1150 2606 tempus
1182 2536 1454 2607 praedixit.

737 2658 1133 2713 ΚΕΦΑΛΛῘΟΝ
1174 2659 1277 2711 IA'.

286 2747 590 2805 Ἀκόλουθα
642 2752 698 2805 δὲ
741 2755 806 2823 τῇ
869 2752 1019 2823 παρὰ
1063 2748 1173 2814 τοῖς
1227 2750 1499 2822 Ἀραϐίοις
1552 2750 1793 2821 φοιτήσει

208 2829 490 2916 ξγχειρεῖν
523 2846 682 2898 αὑτὸν
714 2847 806 2898 καὶ
840 2844 991 2916 παρά
1025 2844 1262 2915 Πέρσαις
1300 2845 1327 2895 ὁ
1360 2838 1521 2908 αὐτὸς
1557 2842 1795 2915 ξυγγρα-

212 2938 350 3003 cal»;
387 2937 609 3005 ἱστορεῖ.
641 2934 730 3005 Τῷ
760 2934 867 3004 γάρ
892 2948 973 2987 τοι
1013 2935 1225 3005 Δάμιδι,
1255 2934 1313 2998 ὃς
1342 2934 1498 3005 μόνος
1536 2934 1792 3006 φοιτητὴς

210 3008 273 3097 ἦν
304 3024 462 3094 αύτῴ
502 3026 595 3077 καὶ
643 3026 874 3097 ἑταῖρος,
906 3026 1288 3096 ἀπαγορεύσας
1326 3026 1435 3097 (71)
1486 3027 1633 3098 παρὰ
1667 3026 1792 3089 τοὺς

216 3122 429 3188 μάγους
467 3119 621 3181 ίέναι,
649 3118 804 3189 μόνος
827 3115 1008 3184 αὐτὸς,
1038 3110 1112 3183 ὡς
1147 3120 1211 3173 ἂν
1237 3121 1311 3190 μὴ
1346 3121 1459 3191 μετ’
1482 3112 1791 3190 ἀγνώμονος

212 3211 417 3282 δηλαδὴ
449 3212 519 3264 τά
540 3212 636 3282 τῆς
667 3209 895 3282 μαγείας
927 3212 1216 3283 μανθάνοι,
1249 3210 1587 3283 μεσημϐρίας
1608 3213 1687 3273 τε,
1716 3211 1790 3274 ὠς

210 3305 359 3374 ἀμφὶ
392 3304 565 3374 μέσας
592 3302 812 3366 νύκτας,
837 3302 936 3367 τὰς
967 3303 1080 3374 μετ’
1110 3302 1284 3356 αὐτῶν
1316 3304 1548 3355 ἐποιεῖτο
1578 3302 1789 3373 σχολὰς.

216 3394 342 3447 Ἔτι
369 3394 427 3446 δὲ
457 3392 738 3465 Οὐαρδάνῃ
771 3390 1095 3463 Βαϐυλωνίῳ
1133 3394 1190 3456 ἐς
1224 3391 1413 3460 λόγους
1446 3390 1660 3443 ἐλθόντα
1695 3391 1791 3461 βα-

216 3486 376 3548 σιλεῖ,
398 3479 505 3538 ὧδέ
532 3504 645 3549 πως
675 3485 851 3553 λέγειν
880 3483 1043 3538 αὑτὸν
1081 3484 1433 3555 παρατίθεται
1452 3501 1464 3513 ο
1500 3502 1516 3533 ι
1546 3483 1712 3553 Σοφία
1737 3482 1793 3536 δέ

216 3596 302 3649 μοι
360 3577 724 3648 Πυθαγόρου,
768 3576 970 3647 Σαμίου
1037 3576 1259 3647 ἀνδρὸς,
1323 3576 1380 3639 ὃς
1433 3575 1588 3639 θεοὺς
1638 3575 1796 3647 θερα-

215 3670 406 3723 πεύειν
436 3669 548 3738 (72)
588 3662 690 3721 ὦδέ
723 3685 789 3739 με
822 3666 1117 3733 ἐδιδάξατο,
1145 3658 1219 3729 ὡς
1244 3666 1354 3735 (7'5)
1388 3663 1620 3729 ξυνιέναι
1647 3663 1795 3733 σφῶν

214 3762 515 3834 ὁρωμένων
544 3778 605 3814 τε
650 3761 743 3814 καλ⁸
766 3761 863 3830 οὐχ
906 3760 1195 3831 ὁρωμένων
1215 3776 1227 3788 ·
1278 3759 1465 3828 φοιτᾷν
1506 3775 1564 3810 τε
1593 3760 1650 3822 ὲς
1683 3758 1798 3811 δια-

217 3850 389 3916 λέξεις
422 3850 583 3903 θεῶν.
616 3871 633 3902 ι
654 3851 749 3914 Τίς
781 3844 824 3903 δ’
852 3850 997 3921 αὐτῷ
1035 3846 1204 3903 ταῦτα
1232 3844 1664 3922 ξυγχωρήσειεν;
1707 3852 1795 3903 ὅτε

221 3942 519 4014 Πυθαγόρα
579 3943 674 4012 μὲν
724 3934 948 4013 οὐδεμία
985 3959 1068 4007 τις
1119 3943 1337 4014 τοιαύτη
1386 3943 1797 3999 καταλέλειπται

219 4034 429 4104 γραφὴ,
446 4033 555 4086 οὐδ’
580 4034 864 4105 ἀπόρρητά
881 4051 1004 4087 τινα
1027 4033 1426 4105 ξυγγράμματα
1446 4034 1578 4105 (74),
1595 4036 1670 4098 ὡς
1695 4035 1797 4088 κᾶν

215 4125 523 4194 ’ὑπονοῆσαι
556 4123 716 4177 αὑτὸν
742 4125 799 4189 ἐξ
824 4125 1043 4177 ἐκείνων
1069 4126 1371 4195 ὁρμᾶσθαι·
1398 4128 1425 4179 ὁ
1462 4126 1520 4179 δέ
1570 4144 1633 4195 γε
1658 4127 1798 4180 διδά-

225 4218 423 4282 σκαλος
450 4216 600 4286 αύτῷ
625 4218 721 4287 τῆς
760 4217 899 4270 κατά
932 4216 1252 4290 Πυθαγόραν
1298 4220 1614 4289 φιλοσοφίας
1650 4218 1799 4272 οὐδέν

221 4327 275 4363 τι
302 4311 581 4382 διαφέρειν
619 4309 726 4362 τῶν
778 4311 1161 4380 Ἐπικουρείων
1206 4312 1341 4383 πρὸς
1378 4313 1539 4366 αὐτοῦ
1589 4327 1801 4384 μεμαρ-

1893 514 1990 568 per
2023 498 2157 552 istos
2183 496 2396 550 Arabiae
2430 497 2660 566 populos
2691 497 2793 551 iter
2824 496 3050 561 faceret,
3083 499 3176 568 qui
3210 508 3264 554 et
3295 501 3468 556 scien-

1892 594 1965 645 tia
2004 598 2057 645 et
2078 606 2179 644 usu
2207 588 2326 657 ejus
2352 589 2429 643 rei
2471 589 2705 644 maxime
2728 589 3023 658 pollebant.
3058 589 3153 646 Est
3182 594 3328 646 enim
3365 595 3468 648 hoc

1891 684 2153 746 Arabum,
2186 692 2246 737 ut
2294 698 2498 754 cycnos
2536 683 2862 747 bodienum,
2909 684 3157 754 aliasque
3214 684 3467 741 fatidicas

1893 792 2020 832 aves
2043 777 2392 833 sciscitantur
2420 774 2646 840 perinde
2679 785 2841 845 atque
2871 778 3115 831 oracula.
3149 776 3465 847 Conjiciunt

1890 884 2021 923 vero
2061 871 2250 923 brutas
2290 883 2451 922 voces
2489 868 2785 922 draconum
2824 869 2986 937 pasti,
3022 879 3081 922 ut
3115 870 3205 923 alii
3248 879 3461 939 putant,

1891 962 2075 1025 corde,
2126 969 2185 1015 ut
2220 961 2332 1025 alii,
2375 961 2589 1031 liepate.
2630 981 2647 1011 ι
2689 961 2788 1015 Hic
2831 977 3028 1031 nempe
3057 963 3283 1017 omnino
3335 963 3465 1018 dra-

1891 1067 2111 1114 conum,
2155 1052 2270 1106 sive
2292 1067 2407 1115 cor,
2435 1052 2549 1105 sive
2572 1051 2739 1120 hepar
2761 1051 3182 1123 Pythagoricum
3227 1054 3402 1121 illum,
3431 1070 3464 1109 a

1893 1144 2041 1196 victu
2066 1142 2447 1196 abhorrentem
2490 1142 2872 1206 animantium,
2908 1151 2962 1198 et
3001 1158 3069 1198 ne
3099 1144 3206 1198 diis
3236 1145 3460 1214 quidem

1893 1237 2157 1306 sanguine
2186 1251 2299 1290 rem
2368 1250 2581 1290 sacram
2626 1236 2805 1316 facere
2839 1237 3224 1302 sustinentem,
3256 1239 3465 1294 verosi-

1892 1330 2020 1385 mile
2051 1338 2135 1384 est
2163 1328 2489 1391 comedisse,
2523 1343 2631 1397 quo
2660 1329 2945 1383 scilicetin
2980 1330 3262 1399 sapientiae
3287 1332 3463 1401 gentis

1892 1416 2053 1472 istius
2088 1428 2271 1488 partes
2312 1418 2427 1487 ipse
2456 1432 2672 1486 quoque
2706 1420 2936 1473 veniret.
2972 1418 3131 1489 Apud
3171 1422 3465 1490 magistros

1890 1510 2034 1563 enim
2076 1509 2369 1578 ejusmodi,
2411 1524 2518 1578 qua
2561 1509 2667 1561 alia
2700 1510 2930 1573 ratione,
2978 1512 3083 1565 nisi
3126 1511 3314 1567 eadem
3346 1526 3466 1581 quas

1893 1610 2250 1671 prmeeptores
2301 1600 2600 1669 sequendo.
2650 1601 2703 1654 in
2756 1601 3009 1655 instituto
3054 1618 3154 1657 suo
3199 1604 3465 1673 prolicere

1892 1694 2192 1764 potuisset?
2236 1693 2508 1751 Tenemus
2540 1695 2704 1765 igitur
2733 1697 2875 1751 inter
2914 1696 3188 1766 Apollonii
3224 1710 3462 1766 praeceps

1892 1794 2059 1851 tores,
2098 1801 2330 1855 quorum
2366 1788 2676 1857 catalogum
2717 1787 2988 1854 dedimus,
3029 1788 3268 1843 Arabum
3297 1788 3464 1842 etiam

1896 1879 2192 1949 sapientes,
2222 1880 2357 1934 artis
2390 1881 2686 1949 auguralis,
2721 1896 2827 1949 qua
2854 1881 2969 1950 ipse
3016 1881 3333 1950 praestabat,
3365 1878 3466 1933 ἀοι-

1891 1977 2071 2026 ctores
2101 1987 2113 2021 :
2147 1970 2327 2040 cujus,
2359 1983 2417 2024 ut
2440 1972 2748 2026 verosimile
2772 1979 2877 2034 est,
2908 1973 3245 2040 adjumento,
3276 1981 3463 2042 postea

1891 2062 2184 2134 aliquando
2213 2062 2281 2117 de
2304 2064 2620 2132 passerculo
2642 2065 2707 2127 ¹⁸,
2739 2062 2871 2133 quid
2895 2064 2999 2119 sibi
3038 2065 3189 2130 velit,
3224 2064 3352 2119 dum
3375 2080 3465 2119 so-

1891 2156 2006 2210 cios
2044 2155 2110 2209 ad
2143 2161 2358 2225 pastum
2390 2155 2668 2219 invitaret,
2699 2155 3055 2218 vaticinatus,
3083 2171 3198 2209 rem
3226 2157 3463 2209 maxime

1893 2247 2197 2301 mirandam
2231 2255 2492 2317 praestare
2514 2248 2874 2317 praesentibus
2898 2248 3154 2301 omnibus
3177 2256 3260 2302 est
3283 2263 3457 2302 visus.

1896 2339 2179 2405 Similiter,
2214 2356 2410 2397 caesam
2442 2342 2603 2397 modo
2632 2342 2881 2406 leaenam,
2911 2357 3019 2394 una
3059 2357 3186 2395 cum
3213 2350 3339 2395 octo
3371 2355 3464 2395 ca—

1822 2453 1889 2492 ex
1923 2439 2028 2495 isto
2051 2438 2420 2508 conjecturam
2482 2437 2689 2492 faciens
2714 2437 2756 2469 ³⁸
2796 2436 3147 2500 documento,
3203 2433 3465 2490 facienda

2379 2642 2542 2714 519
2576 2636 2802 2700 cavu'r
2838 2644 2927 2699 χι.

1968 2743 2344 2799 Consentanea
2371 2748 2550 2797 autem
2569 2741 2869 2811 disciplina:
2896 2738 3038 2809 apud
3056 2731 3285 2805 Arabes,
3317 2723 3461 2810 apud

1898 2834 2095 2892 Persas
2124 2850 2341 2906 quoque
2373 2850 2692 2905 aggressum
2719 2848 2841 2887 eum
2872 2832 3062 2897 fuisse,
3107 2832 3248 2886 idem
3276 2840 3468 2887 auctor

1898 2937 2308 2983 commemorat.
2346 2925 2625 2980 Damidem
2671 2925 2839 2989 enim,
2874 2925 2966 2993 qui
3022 2923 3173 2978 solus
3220 2923 3321 2993 ipsi
3350 2932 3467 2978 erat

1896 3020 2196 3090 discipulus
2214 3019 2524 3088 sociusque,
2543 3016 2836 3088 prohibens
2864 3017 2930 3070 ad
2955 3030 3142 3085 magos
3159 3012 3463 3078 accessu“,

1818 3084 1858 3139 Ο
1893 3111 2043 3167 solus
2069 3111 2203 3179 ipse,
2234 3110 2373 3180 (eam
2397 3110 2465 3163 ob
2494 3121 2715 3164 causam
2748 3110 2975 3172 scilicet,
3009 3122 3077 3163 ne
3106 3108 3278 3172 illum,
3303 3112 3464 3178 quem

1893 3204 2209 3274 planissime
2241 3202 2483 3271 liquebat
2513 3216 2696 3255 rerum
2732 3201 3063 3271 magicarum
3098 3201 3315 3271 penitus
3343 3214 3467 3256 esse

1893 3292 2666 3364 imperitum,condiscipulum
2689 3291 2960 3363 haberet,)
2991 3293 3137 3346 circa
3160 3292 3464 3355 meridiem,

1894 3388 1971 3440 uti
2001 3392 2054 3442 et
2083 3387 2227 3439 circa
2271 3382 2479 3439 medias
2527 3392 2741 3451 noctes,
2775 3401 2970 3441 eorum
3021 3385 3244 3441 scholas
3272 3386 3462 3441 obivit.

1894 3477 2271 3546 Praetereaque
2289 3475 2356 3529 ad
2378 3470 2641 3530 Bardanis
2672 3476 2957 3548 Babylonii
2991 3480 3136 3549 regis
3168 3480 3467 3534 admissum

1896 3568 2248 3638 colloquium,
2280 3567 2365 3621 his
2398 3567 2511 3622 fere
2558 3568 2740 3623 verbis
2772 3585 2932 3623 usum
2965 3578 3090 3624 eum
3116 3569 3286 3626 fuisse
3315 3569 3469 3642 [Phi-

1896 3660 2174 3733 lostratns]
2204 3658 2372 3715 refert
2394 3661 2436 3691 ¹⁷
2471 3680 2482 3714 :
2519 3679 2537 3712 ι
2577 3660 2912 3731 Sapientiam
2954 3671 3134 3716 autem
3170 3666 3469 3733 amplector

1895 3751 2213 3826 Pythagorae
2245 3752 2435 3817 Samii,
2466 3756 2557 3823 qui
2589 3764 2642 3809 et
2671 3755 2852 3818 colere
2886 3754 3017 3810 deos
3047 3770 3132 3810 me
3158 3757 3231 3810 ita
3260 3756 3466 3825 docuit,

1898 3856 2151 3903 utmente
2179 3863 2273 3903 eos
2306 3849 2660 3917 complectar,
2687 3848 2801 3902 sive
2820 3847 3082 3902 videndos
3113 3864 3171 3903 se
3194 3850 3469 3919 praebeant

1900 3941 2015 3996 sive
2047 3942 2250 4005 minus,
2297 3941 2525 4010 pariter,
2575 3948 2739 4009 atque
2792 3938 2850 3992 in
2890 3940 3158 4009 colloquia
3191 3957 3314 3994 cum
3361 3943 3468 3997 diis

1899 4031 2243 4088 descendam.
2284 4050 2303 4082 ι
2332 4029 2437 4085 Sed
2469 4030 2613 4085 enim
2653 4030 2777 4101 quis
2813 4031 2916 4085 hoc
2969 4031 3047 4084 illi
3089 4033 3469 4089 concesserit!

1898 4124 2036 4179 Cum
2077 4118 2413 4194 Pythagoras
2458 4123 2580 4192 ejus
2623 4124 2840 4193 generis
2883 4124 3147 4193 scriptum
3187 4124 3469 4194 reliquerit

1900 4208 2130 4281 nullum,
2166 4231 2340 4285 neque
2372 4215 2589 4285 aliquod
2623 4216 2889 4285 scriptum
2923 4215 3042 4285 ejus
3091 4224 3270 4273 exstet
3307 4234 3468 4272 arca-

1900 4327 2029 4365 num
2048 4311 2243 4382 magis,
2279 4321 2339 4364 ut
2368 4310 2451 4364 vel
2482 4309 2752 4380 suspicari
2782 4309 2943 4364 liceat
2966 4310 3166 4370 talibus
3193 4327 3317 4367 eum
3339 4312 3470 4368 subd

296 4473 344 4505 ³⁸
377 4473 474 4529 lib.
517 4489 606 4539 ιν,
643 4487 691 4529 c.
725 4473 779 4529 ἃ.
857 4475 905 4507 ¹³
940 4474 1035 4529 lib.
1080 4491 1127 4539 ι,
1168 4490 1218 4529 c.
1255 4474 1345 4530 22.
1424 4477 1467 4508 ³⁸
1508 4477 1599 4531 lib.
1636 4492 1688 4542 ι,
1722 4492 1773 4532 c.

1974 4478 2018 4509 ’⁷
2057 4477 2153 4532 lib.
2194 4492 2250 4542 t,
2293 4476 2381 4531 52.

222 4708 227 4713 ἢ
297 4628 411 4701 (68)
442 4631 738 4713 Furr-come.
790 4647 861 4713 τε
902 4631 1000 4713 καὶ
1041 4646 1245 4713 πρατζ.
1296 4634 1460 4687 αὐτό.
1510 4632 1792 4713 Philostr.,

1900 4634 2066 4690 hanc-
2090 4634 2379 4713 lectionem
2412 4637 2694 4713 sequentia
2735 4650 2750 4687 :
2798 4635 2874 4699 ὥς
2919 4632 2985 4690 ἂν
3038 4637 3110 4708 μὴ
3143 4639 3271 4707 ’μετ’
3300 4634 3475 4713 ἀγνώ-

226 4702 641 4775 γιγνωσκόντων
654 4718 721 4775 τε
746 4701 875 4755 αὐτὸ
902 4703 993 4756 καὶ
1017 4703 1379 4773 πραττόντων,
1412 4704 1555 4774 quod
1576 4705 1796 4775 elegans

230 4776 406 4826 magis
448 4772 581 4824 mihi
617 4772 848 4826 videtur.

302 4790 315 4823 ι
361 4790 406 4824 IS
448 4790 581 4824 mini
617 4790 848 4826 videtur.

302 4790 413 4911 (g9)
446 4844 697 4914 Κύκνων
728 4842 843 4910 ἤδη
885 4842 981 4895 καὶ
1004 4842 1185 4910 ὀρνίθ.
1219 4842 1497 4907 Ρὶ;ἰῐοεῑι’.,
1548 4844 1646 4914 ἤδη
1682 4861 1796 4914 κοι-

233 4912 345 4976 νὸν,
376 4912 626 4983 ὀρνίθων,
662 4922 797 4977 etc.,
837 4915 979 4982 quod
1012 4914 1327 4981 magismihi
1354 4912 1644 4985 probatur.
1666 4913 1795 4966 Nam

231 4993 286 5036 et
316 4993 438 5051 post
460 4986 695 5051 speciem
738 5000 908 5052 genus
942 4986 1208 5037 nominari
1241 5000 1347 5038 non
1391 4987 1525 5040 adeo
1580 5000 1795 5039 conve-

234 5053 415 5124 niens,
445 5063 498 5107 et
520 5056 675 5124 cycni
710 5055 853 5108 inter
880 5057 1165 5123 augurales
1193 5071 1320 5109 aves
1344 5071 1452 5110 non
1481 5056 1616 5109 adeo
1652 5055 1792 5109 (ειε-

233 5118 383 5195 bres,
426 5124 533 5177 imo
554 5118 841 5177 'corvarum
878 5118 1032 5195 eaiin
1067 5141 1123 5179 re
1155 5126 1419 5179 celebrior
1463 5141 1624 5195 opera
1659 5125 1799 5195 apud

232 5192 462 5316 grauitas,
497 5201 555 5248 ut
579 5196 923 5250 observatum
956 5194 1256 5266 Porphyrio
1284 5196 1360 5251 De
1386 5192 1550 5264 abst},
1577 5196 1671 5251 lib.
1693 5192 1799 5262 ἰιι,

310 5334 420 5400 (ἸΟ)
452 5337 704 5405 Ἕχομεν
746 5336 813 5405 δὴ
867 5333 980 5392 οὖν
1013 5334 1112 5405 πρ.
1158 5355 1211 5391 τ.
1247 5341 1526 5394 attrahat.
1571 5337 1695 5392 Haac
1736 5353 1802 5393 eo

233 5412 506 5477 Ipectant,
538 5409 683 5477 quod
717 5411 819 5461 ista
853 5408 920 5462 de
949 5409 1218 5462 Arabibus
1248 5412 1562 5464 narratione
1589 5417 1802 5463 contra-

235 5476 391 5550 dicat
428 5478 527 5550 sibi
560 5476 680 5550 ipsi
713 5477 1098 5543 Philostratus,
1143 5495 1267 5533 cum
1313 5482 1439 5535 alibi
1479 5481 1801 5550 sapientiam

233 5544 506 5624 Apollonii
528 5544 903 5624 αὐτοδίδακτον
928 5565 1050 5606 esse
1071 5557 1292 5606 statuat.
1318 5551 1470 5618 Quod
1497 5544 1657 5622 paulo
1676 5559 1802 5605 ante

236 5618 290 5670 ei
324 5618 729 5686 exprobratum,
756 5635 805 5674 c.
835 5623 888 5676 9.

274 5754 287 5766 .
315 5682 426 5760 (τί.)
457 5682 917 5766 ,Ἀετὲαῖυρέιξσαᾴ
951 5693 1026 5746 lta
1056 5691 1342 5766 legendum
1373 5708 1497 5766 esse
1530 5694 1643 5749 sole
1680 5693 1797 5748 cla-

242 5760 400 5825 tius.
428 5761 505 5841 si
539 5760 717 5816 locum
766 5760 1077 5821 Philostrati
1116 5760 1423 5835 conferas,
1471 5765 1796 5836 ﬁrmantque

1906 4722 2064 4775 ymo;
2087 4716 2193 4760 etc.
2228 4707 2469 4771 Quorum
2504 4708 2691 4763 nullus
2722 4722 2846 4762 esse
2875 4707 3053 4776 potest
3084 4720 3299 4769 sensus,
3328 4710 3374 4761 si
3397 4724 3475 4762 re-

1901 4777 2173 4848 tineamus
2215 4776 2503 4848 lectionem
2544 4778 2895 4848 depravatam
2939 4779 3209 4831 editorum
3253 4780 3345 4846 qui
3376 4779 3476 4830 ha-

1901 4844 2049 4917 bent
2064 4845 2521 4917 ἀπαγορεύσαντι.

1972 4915 2083 4985 (72)
2117 4915 2298 4981 Θεοῦς
2330 4919 2693 4985 θεραπεύειν.
2726 4916 3092 4973 Philostratus
3123 4916 3477 4987 omittitrrpat-

1896 4984 2121 5039 ticulam
2163 5004 2223 5039 τε
2264 4999 2424 5057 quam
2465 4989 2555 5042 hic
2590 4991 2846 5044 insertam
2883 4989 3083 5042 habent
3124 4987 3266 5041 edita
3306 4984 3476 5043 Euse-

1898 5057 2082 5120 biana,
2115 5059 2306 5113 melius
2337 5073 2455 5113 eam
2484 5074 2589 5129 ego
2618 5074 2833 5129 quoque
2866 5059 3059 5115 omitti.
3075 5069 3278 5126 putem,
3306 5058 3383 5110 illi
3412 5060 3475 5112 τε

1906 5129 2049 5181 enim
2086 5128 2219 5181 nihil
2262 5128 2573 5198 respondet.
2610 5128 2663 5184 et
2714 5130 2996 5198 sequentia
3047 5129 3157 5182 duo
3184 5128 3302 5180 cola
3335 5129 3478 5184 inter

1907 5213 1966 5252 se
1999 5198 2200 5252 rectius
2231 5199 2319 5252 illa
2356 5201 2621 5269 particula
2654 5201 2975 5270 junguntur,
3008 5206 3265 5267 tanquam
3295 5209 3477 5267 partes

1907 5270 2241 5324 continentia
2290 5275 2491 5334 cultus,
2536 5287 2695 5340 quem
2743 5269 2774 5323 a
2838 5269 3157 5340 Pythagora
3208 5270 3476 5338 sapientia

1908 5354 1967 5393 se
1990 5343 2263 5409 accepisse
2302 5342 2394 5393 ait.

1979 5410 2091 5480 ('73)
2145 5411 2258 5475 Ὡς.
2292 5409 2548 5464 Philostr.
2585 5410 2747 5463 habet
2776 5410 2889 5480 καί.

1982 5478 2094 5550 (74)
2124 5481 2466 5552 (Ἁπῶῤῥητά
2484 5497 2615 5533 τινα
2644 5479 3081 5550 ξυγγράμματα.
3106 5478 3233 5536 H.e.
3270 5480 3476 5552 scripta

1907 5553 2073 5605 variis
2120 5551 2415 5605 involucris
2454 5566 2673 5605 sensum
2718 5552 3073 5614 involvenlia,
3114 5559 3176 5604 ut
3227 5551 3478 5607 solebant

1908 5621 2170 5692 symbolis
2200 5623 2315 5675 suis
2343 5624 2419 5675 uti
2464 5623 2529 5675 ad
2574 5621 2832 5691 tegendas
2859 5622 3171 5692 reconditas
3201 5622 3480 5677 doarinas

1905 5691 2395 5767 ὶηίλιῆιξιυιῑοριιί,⁸
2434 5693 2788 5764 symbolicam
2846 5693 3044 5749 imitati
3096 5691 3477 5767 Egyption

1890 5762 2227 5853 sapientiam
2251 5762 2499 5833 passim.“
