3868 6192
218 286 320 342 827

1333 280 1537 335 LIBER
1570 279 1849 337 CONTRA
1888 276 2303 336 HIEROCLEM.

216 406 321 456 νεῖν
347 399 543 460 ἔπεισι,
575 399 669 452 καὶ
704 396 801 469 τὴν
832 397 960 470 περὶ
988 396 1173 452 τούτου
1202 397 1384 453 πίστιν
1428 402 1618 464 αἰτετν,
1652 400 1773 454 οὑδὲ

1881 407 1999 453 ctro
2037 398 2390 467 "inquirere,
2422 396 2646 467 ejusque
2676 403 2994 466 argumenta
3026 403 3084 450 ut
3110 395 3235 452 edat
3262 407 3452 468 postu-
3504 408 3507 411 ‘

216 494 318 549 τῶν
360 490 487 562 παρ’
519 490 667 560 αὑτῷ
703 488 915 543 κύκνων
946 491 1044 553 τὰς
1085 490 1402 558 ἀποδείξεις,
1433 491 1526 555 οὒς
1553 492 1776 561 γελοίως

215 585 495 639 τίκτουσαν
522 582 682 635 αὑτὸν
708 580 802 653 τὴν
832 583 1043 654 μητέρα
1067 583 1160 636 καὶ
1182 585 1504 655 περιστῆσαι
1527 584 1657 654 (85),
1685 585 1778 638 καὶ

219 674 499 748 μαιοῦσθαι
525 675 746 745 ἱστορεῖ.
791 672 927 727 Ἀλλ’
961 675 1081 728 οὑδὲ
1113 675 1240 747 περὶ
1271 675 1361 729 τοῦ
1394 675 1638 748 σκηπτοῦ
1667 676 1776 747 (84)

216 766 537 839 μυθολογίας
563 766 655 819 τὸν
691 766 940 837 μάρτυρα
981 765 1240 837 παρέχειν
1285 766 1436 831 ἀξιῶ.
1473 767 1546 821 Οὑ
1576 768 1681 840 γὰρ
1712 768 1776 837 δὴ

213 856 304 910 καὶ
332 856 561 917 τούτων,
594 855 668 917 ὡς
698 854 821 925 ἔφη,
857 855 1030 925 Δάμις
1058 857 1190 925 ἡμῖν
1235 853 1497 927 ξυνίστωρ
1524 856 1633 923 (85)
1678 857 1780 927 ἀφ-

214 946 401 1015 ίξεται,
431 944 624 1017 μακρῷ
643 944 864 1017 ὓστερον
893 946 950 997 ὲν
978 944 1123 1015 Νίνῳ
1148 945 1243 1016 τῆς
1283 945 1565 1017 Ἀσσυρίας
1595 944 1779 1016 τάνδρὶ

213 1038 471 1108 ξυνάψας.
520 1036 662 1105 Ἐγὼ
700 1037 796 1107 μὲν
826 1032 919 1089 οὖν
953 1033 1010 1090 εὑ
1050 1037 1193 1107 μάλα
1239 1036 1531 1108 προθύμως
1561 1040 1673 1100 τοῖς
1705 1039 1781 1089 εί·-

210 1131 327 1184 κόσι
352 1147 415 1183 τε
458 1130 551 1183 καὶ
585 1127 839 1198 ἀληθείας
886 1128 1165 1198 ἐχομένοις
1210 1128 1546 1198 πειθόμενος,
1595 1129 1643 1180 εί
1687 1128 1781 1181 καὶ

213 1223 437 1295 μείζονά
461 1240 581 1276 τινα
608 1222 729 1276 καθ’
764 1220 1061 1293 ὑπερϐολὴν
1089 1223 1145 1284 ἐς
1172 1221 1390 1274 ἔπαινον
1422 1221 1612 1293 ἀνδρὸς
1648 1223 1783 1290 ἁγα-

210 1316 300 1371 θοῦ
359 1316 561 1384 λέγοιτ’
602 1314 687 1380 ἂν,
744 1313 909 1367 πιστὰ
964 1314 1057 1367 καὶ
1116 1313 1458 1385 παραδεκτέα
1504 1309 1639 1366 εἷναί
1694 1331 1781 1383 μοι

208 1408 368 1470 δοκῶ,
403 1409 485 1461 δτι
532 1408 606 1479 μὴ
659 1406 792 1477 μδνα
831 1405 899 1458 τὰ
947 1404 1225 1478 τερατώδη
1269 1407 1362 1459 καὶ
1412 1405 1574 1475 λήρου
1621 1404 1778 1460 πλέα.

210 1499 419 1554 υὺκουν
459 1497 729 1569 φθονεὶην,
776 1499 829 1552 εί
867 1514 1028 1567 φησιν
1075 1498 1103 1549 ὁ
1146 1496 1486 1568 ξυγγραφεὺς
1518 1496 1674 1564 γένος
1722 1512 1781 1548 τε

209 1595 452 1662 ἀρχαῖον,
480 1591 570 1643 καὶ
601 1589 708 1643 τῶν
734 1589 987 1643 οἰκιστῶν
1016 1588 1325 1660 ἀνημμένον
1356 1587 1432 1658 τῷ
1453 1587 1605 1660 ἀνδρὶ
1633 1604 1784 1656 γεγοο

210 1684 357 1737 νέναι
377 1700 390 1712 ·
420 1683 514 1736 καὶ
540 1680 786 1735 πλουτῶν
809 1682 858 1733 εί
885 1680 1056 1745 οὕτως
1088 1680 1275 1751 ἔτυχεν
1300 1681 1437 1751 ὑπὲρ
1466 1679 1589 1744 τοὺς
1618 1680 1783 1750 ἐγχω-

1882 491 2017 552 lare,
2053 498 2108 543 ut
2137 492 2287 552 item,
2319 489 2386 544 de
2408 490 2598 560 cycnis
2621 505 2741 558 quae
2776 489 2937 543 habet
2969 489 3036 554 ’°,
3061 490 3285 559 probet,
3314 505 3453 559 quos

1879 581 2109 636 ridicule
2142 589 2369 635 matrem
2415 580 2559 649 ejus,
2617 581 2792 649 ipsum
2832 580 2942 650 jam
2992 580 3311 651 parientem.
3343 582 3454 637 cir-

1882 672 2251 733 cumstetisse,
2277 673 2432 741 eique
2479 672 2849 726 obstetriciam
2887 674 3204 742 praestitisse
3227 688 3447 743 operam

1882 773 2086 818 narrat.
2145 762 2257 817 lmo
2287 778 2463 833 neque
2517 770 2573 816 ut
2612 762 2805 817 fabulae
2833 764 2875 793 "
2912 763 2977 817 de
3010 765 3233 819 fulmine
3255 772 3447 820 testem

1882 853 2149 923 producat
2171 862 2385 923 expeto.
2429 851 2616 924 Neque
2660 854 2802 907 enim
2847 853 3071 907 istorum
3104 855 3263 931 etiam
3318 869 3451 908 con-

1882 945 2030 1000 scius
2062 943 2267 1004 Darnis.
2298 943 2364 998 ad
2410 959 2569 1014 quem
2628 946 2963 1014 provocavit,
2999 944 3155 998 nobis
3191 945 3448 1015 prodibit,

1880 1037 1972 1106 qui
2005 1037 2097 1091 diu
2147 1045 2269 1108 post
2321 1036 2538 1092 demum
2596 1035 2743 1100 Nini,
2775 1036 3011 1108 Assyriae
3041 1038 3192 1099 urbe,
3246 1039 3363 1093 viro
3389 1054 3450 1094 se

1882 1129 2152 1197 adjunxit.
2189 1128 2393 1198 Nempe
2435 1144 2535 1197 ego
2558 1128 2774 1197 quidem
2806 1129 3176 1185 lubentissime
3198 1131 3451 1201 probabi-

1880 1220 2023 1275 libus
2043 1220 2224 1283 rebus,
2245 1229 2299 1274 et
2326 1220 2389 1274 ad
2428 1236 2611 1274 verum
2631 1221 2855 1290 propius
2884 1221 3266 1276 accedentibus
3293 1222 3447 1276 ﬁdem

1883 1312 2110 1374 habens,
2141 1312 2267 1365 licet
2312 1312 2473 1366 etiam
2527 1312 2769 1382 quaedam
2820 1312 3103 1383 magnifice
3132 1315 3325 1384 magis,
3353 1331 3449 1385 per

1883 1404 2380 1473 exaggerationem,
2416 1403 2479 1457 ad
2514 1404 3042 1459 commendationem
3080 1405 3177 1457 viri
3214 1406 3339 1459 boni
3368 1405 3449 1460 af-

1884 1492 2149 1555 ferantur,
2208 1508 2270 1547 ea
2331 1492 2601 1547 credenda
2636 1509 2759 1548 esse
2807 1493 3285 1563 amplectendaque
3316 1494 3448 1547 mihi

1885 1582 2206 1652 persuadeo,
2241 1584 2402 1638 modo
2423 1599 2492 1639 ne
2535 1597 2840 1638 monstrosa
2877 1585 2987 1638 sint
3046 1585 3224 1656 plane,
3258 1594 3309 1638 et
3339 1593 3451 1639 sto-

1884 1675 2007 1731 lidis
2042 1678 2312 1748 ﬁgmentis
2352 1676 2571 1732 referta.
2608 1675 2791 1746 Neque
2820 1677 2954 1731 adeo
2984 1675 3273 1740 invideam,
3304 1676 3447 1746 quod

206 1776 359 1848 ρίους
391 1775 635 1839 ἃπαντας
658 1792 671 1805 ’
703 1774 1037 1828 διδασκάλων
1071 1791 1149 1839 τε,
1199 1773 1316 1827 νέον
1349 1773 1494 1837 ὄντα,
1532 1772 1591 1825 οὑ
1624 1773 1773 1843 μόνον

1882 1768 2028 1821 dicat
2066 1769 2380 1833 historicus,
2437 1784 2608 1840 genus
2667 1784 2789 1824 esse
2836 1770 2952 1837 viro
2979 1770 3258 1839 antiquum
3283 1769 3362 1832 υ,
3396 1777 3448 1821 et

207 1868 307 1920 τῶν
356 1867 743 1939 δεδηλωμένων
797 1869 999 1937 τυχεῖν,
1047 1865 1180 1928 ἀλλ’,
1226 1867 1273 1918 εί
1316 1864 1479 1929 δοκεῖ,
1511 1864 1605 1917 καὶ
1654 1863 1775 1916 τού-

208 1976 304 2012 των
333 1959 448 2030 (86)
479 1958 640 2012 αὑτὸν
668 1958 983 2011 διδάσκαλον
1009 1958 1101 2011 καὶ
1136 1955 1450 2029 καθηγητὴν
1478 1955 1772 2025 γεγονέναι.

209 2051 388 2105 Ἔστω
422 2052 467 2105 δ’
501 2053 593 2105 ἐπὶ
627 2050 836 2113 τούτοις
879 2051 1136 2123 ὲντρεχὴς
1162 2051 1253 2103 καὶ
1286 2049 1352 2103 τὰ
1386 2048 1662 2111 κοινὰ,-ὼς
1687 2047 1777 2100 τὸν

201 2144 256 2208 ἰς
300 2143 637 2215 Ἀσκληπιοῦ
668 2142 961 2217 θεραπείας
994 2143 1151 2213 χάριν
1182 2143 1503 2212 ἀφιγμένον,
1536 2141 1623 2194 διὰ
1639 2140 1778 2209 γνώ-

204 2252 307 2305 μης
359 2235 596 2307 ἀρίστης
643 2233 949 2299 ἀπαλλάξαι
998 2232 1098 2302 τῆς
1142 2232 1468 2305 ἀρρωστίας.
1518 2228 1775 2284 Νοσοῦντι

199 2326 391 2396 γὰρῗδὴ
428 2325 618 2397 ὑδέρου
667 2323 849 2385 πάθει,
896 2321 1230 2391 κατάλληλον
1278 2322 1601 2392 ἐγκρατείας
1651 2322 1776 2373 ὑπο-

200 2418 386 2471 θέσθαι
430 2416 638 2470 δίαιταν
683 2415 759 2487 τῷ
788 2416 1067 2487 κάμνοντι,
1101 2415 1191 2468 καὶ
1238 2412 1408 2485 ταύτῃ
1450 2414 1611 2467 αὑτὸν
1651 2413 1778 2482 ὑγιᾶ

200 2510 567 2579 καταστῆσαι,
595 2498 687 2563 καὶ
726 2507 898 2579 τούτῳ
924 2525 986 2577 γε
1018 2509 1115 2578 τῆς
1146 2508 1455 2578 φρονήσεως
1487 2506 1777 2560 άποδεκτὸν

197 2602 253 2658 τὸ
286 2601 607 2676 μειράκιον.
626 2601 733 2656 Καὶ
764 2601 840 2665 ὡς
866 2601 956 2653 τὸν
986 2598 1290 2662 πολυτελῶς
1314 2599 1424 2668 (87)
1470 2598 1616 2653 θύειν
1639 2617 1778 2671 παρ-

202 2693 612 2765 εσκευασμένον
649 2684 843 2763 εἷρξεν,
873 2687 959 2743 οἶα
992 2690 1135 2753 εἰκὸς
1173 2690 1264 2743 ἐπὶ
1295 2690 1460 2761 κακία
1499 2689 1779 2762 διαϐεϐοη-

202 2788 359 2859 μένον
388 2806 407 2818 ο
466 2785 559 2839 καὶ
611 2783 719 2854 γὰρ
762 2783 824 2853 δὴ
879 2785 971 2835 καὶ
1027 2781 1134 2835 τῶν
1189 2780 1467 2851 ἐγχωρίων
1522 2780 1776 2834 ἁπάντων

197 2871 607 2928 πλουσιώτατον
632 2871 739 2933 (88)
772 2887 830 2924 τε
865 2871 955 2923 καὶ
989 2869 1447 2940 περιφανέστατον
1472 2870 1633 2923 αὑτὸν
1656 2871 1779 2923 ὑπο·

195 2965 429 3019 τίθεται.
464 2965 576 3017 Καὶ
616 2965 671 3015 ὲν
712 2962 951 3034 σώφροσι
977 2962 1021 3015 δ’
1055 2961 1214 3013 αὑτὸν
1242 2960 1433 3029 φθόνος
1462 2962 1635 3025 οὐδεὶς
1656 2962 1780 3015 ἀνα-

195 3058 457 3129 γράφειν,
486 3057 568 3108 ὅτι
602 3073 658 3109 τε
690 3055 822 3126 πρδς
854 3054 944 3106 τὸν
969 3052 1219 3124 ἐραστὴν,
1249 3052 1582 3125 πειρώμενον
1612 3052 1776 3107 αὑτοῦ

194 3127 287 3221 τῆς
315 3149 500 3220 ὥρας,
539 3146 986 3216 διελοιδορήσατο,
1029 3146 1123 3198 καὶ
1147 3146 1458 3214 γυναικείας
1491 3146 1571 3197 ὅτι
1604 3145 1773 3197 καθα-
1803 3127 1845 3186 (Ῑ

204 3244 289 3315 ρον
336 3241 538 3295 ἑαυτὸν
576 3240 771 3311 μίξεως
814 3239 901 3293 διὰ
946 3239 1150 3303 τέλους,
1201 3240 1276 3302 ὡς
1317 3240 1345 3291 ὁ
1390 3239 1545 3306 λόγος
1590 3240 1774 3308 φησιν,

197 3338 400 3407 ἤγαγε.
431 3334 603 3386 Πιστὰ
636 3333 683 3386 δ’
724 3332 860 3385 ἔστω
902 3333 996 3385 καὶ
1034 3332 1100 3385 τὰ
1131 3331 1231 3401 τῆς
1276 3331 1598 3394 πενταετοῦς
1636 3332 1776 3387 κατὰ

195 3426 530 3496 Πυθαγόραν
561 3425 769 3495 σιωπῆς
800 3424 986 3486 αὑτοῦ,
1015 3425 1108 3477 καὶ
1150 3424 1234 3486 τὰ,
1281 3425 1428 3486 ὅπως
1453 3423 1654 3495 ταύτην
1691 3424 1771 3477 δι-

192 3521 422 3589 ήνυσεν,
454 3516 676 3570 ἐπαίνου
708 3515 850 3580 ἄξια.
885 3513 1069 3568 Ταῦτα
1086 3514 1168 3585 δὴ,
1188 3515 1281 3567 καὶ
1313 3515 1414 3567 ὅσα
1443 3512 1665 3567 τοιαῦτα
1686 3517 1776 3568 άν-

193 3610 470 3681 θρώπινα,
508 3609 600 3661 καὶ
622 3609 697 3670 ὡς
720 3607 933 3677 ἀληθῶς
962 3605 1276 3676 φιλοσοφίας
1307 3606 1397 3659 καὶ
1431 3605 1683 3676 ἀληθείας
1714 3607 1773 3659 οὑ

190 3705 414 3775 πόρρω,
445 3701 649 3772 δέχοιμ’
678 3700 765 3763 ἂν,
803 3701 930 3772 περὶ
970 3698 1162 3753 πολλοῦ
1195 3699 1255 3751 τὸ
1278 3697 1555 3769 εὑγνωμόν
1582 3716 1641 3751 τε
1684 3699 1775 3751 καὶ

192 3794 495 3866 φιλάληθες
526 3793 847 3864 τιμώμενος.
891 3791 962 3843 Τό
987 3791 1049 3860 γέ
1077 3808 1158 3843 τοι
1203 3792 1450 3861 κρεῖττον
1488 3788 1771 3861 ἀνθρώπου

189 3887 283 3958 τὴν
310 3888 486 3957 φύσιν
527 3883 891 3947 ὑποτίθεσθαι,
924 3885 1018 3937 καὶ
1062 3882 1209 3954 παρὰ
1249 3882 1411 3945 πόδας
1458 3882 1567 3952 (89)
1614 3884 1769 3937 ἐναν-

190 3980 480 4048 τιολογεῖν,
528 3978 628 4043 τῆς
674 3994 732 4029 τε
787 3974 1031 4045 δοθείσης
1069 3976 1397 4045 ἀμνημονεῖν
1443 3974 1767 4040 ὑποθέσεως,

189 4070 331 4143 ἔχειν
359 4071 535 4141 ψόγον
567 4070 653 4133 ἂν,
686 4070 779 4123 καὶ
819 4069 1066 4140 διαϐολὴν
1096 4067 1240 4139 αὑτῷ
1281 4086 1339 4120 τε
1379 4068 1454 4139 τῷ
1486 4069 1767 4141 γράφοντι,

191 4165 281 4215 καὶ
315 4162 462 4215 πολὺ
498 4162 759 4232 πρότερον
798 4159 876 4230 τῷ
905 4158 1252 4232 γραφομένῳ,
1290 4158 1572 4230 περιάψειν
1606 4157 1763 4230 ἠγοῦ-

194 4271 313 4323 μαι.

1880 1860 2022 1930 quod
2058 1860 2111 1912 in
2157 1860 2365 1929 primos
2423 1860 2736 1915 conditores
2768 1859 3000 1933 [patriar]
3026 1861 3256 1915 desinat.
3290 1859 3445 1927 Quod

1885 1952 2010 2005 item
2040 1950 2239 2005 civium
2276 1952 2518 2005 omnium
2546 1951 2876 2006 ditissimum
2912 1953 3045 2007 liCat
3076 1951 3274 2008 fuisse:
3309 1967 3447 2023 prae-

1878 2052 2235 2114 ceptoresque
2264 2046 2309 2075 "
2349 2044 2749 2099 adolescentem
2789 2060 2896 2098 non
2952 2046 3289 2100 clarissimos
3328 2056 3448 2099 tan-

1878 2144 1990 2189 ttan
2040 2151 2161 2191 esse
2216 2145 2460 2199 nactum,
2516 2152 2702 2190 verum
2742 2138 2928 2198 etiam,
2991 2139 3034 2193 si
3086 2139 3159 2192 ita
3213 2139 3443 2208 placeat,

1875 2244 2063 2283 eorum
2089 2230 2263 2297 ipsum
2289 2228 2607 2299 magistrum
2649 2230 2928 2285 exstitisse
2962 2237 3123 2300 atque
3146 2230 3441 2293 doctorem.

1878 2323 2007 2378 Esto
2030 2336 2206 2378 autem
2240 2335 2518 2394 praeterea,
2556 2326 2715 2379 etiam
2750 2325 2803 2380 in
2841 2327 3001 2380 rebus
3024 2325 3337 2397 [ordinariis
3366 2322 3445 2398 et]

1876 2416 2189 2486 vulgaribus
2224 2432 2385 2487 sagax
2421 2435 2433 2469 :
2466 2417 2540 2470 ita
2580 2424 2639 2471 ut
2671 2417 2736 2471 ad
2799 2418 3138 2487 Asclepieum
3163 2400 3445 2474 medicina:

1879 2522 2045 2563 causa
2080 2509 2421 2563 accedentem
2462 2512 2529 2572 ’⁵,
2558 2510 2764 2579 optimo
2787 2511 3015 2566 consilio
3040 2511 3106 2564 ab
3125 2510 3446 2581 aegritudine

1879 2599 2121 2654 liberarit
2171 2600 2358 2671 (Aqua:
2406 2600 2688 2657 intercutis
2735 2602 2879 2656 enim
2931 2604 3121 2658 morbo
3152 2602 3441 2667 laboranti,

1876 2690 2290 2745 convenientem
2350 2707 2496 2761 aegro
2525 2692 2581 2747 in
2640 2692 2784 2748 victu
2834 2696 3246 2764 temperantiam
3296 2693 3445 2764 quod

1878 2782 2212 2851 praeceperit,
2265 2799 2498 2854 eumque
2551 2786 2684 2839 adeo
2734 2787 3035 2840 restituerit
3072 2786 3314 2849 sanitati,
3373 2788 3445 2842 ob

1878 2872 1980 2928 hoc
2032 2890 2247 2944 quoque
2304 2877 2604 2946 prudentiae
2648 2876 3076 2951 [argumentum]
3137 2880 3443 2936 laudandus

1877 2968 2239 3039 adolescens);
2293 2969 2365 3021 ita
2399 2968 2585 3041 [porro
2633 2971 2688 3025 in
2742 2971 2904 3026 rebus
2934 2972 3249 3043 vulgaribus
3276 2989 3444 3045 sagax

1878 3058 1969 3131 sit]
2019 3068 2089 3112 -ut
2117 3068 2169 3114 et
2216 3060 2499 3131 magnifice
2536 3063 2707 3118 sacris
2752 3072 3064 3134 operantem
3112 3065 3350 3135 abegerit
3371 3065 3440 3133 ⁸⁸,

1877 3154 2075 3224 quippe
2104 3152 2304 3207 aﬂ'atim
2337 3154 2406 3208 ob
2425 3155 2554 3209 vitia
2584 3156 2846 3211 famosum
2892 3156 3108 3229 (nempe
3165 3157 3441 3214 hominem

1878 3252 1935 3298 ut
1991 3245 2230 3315 regionis
2283 3245 2428 3301 illius
2488 3248 2722 3302 maxime
2772 3248 2991 3303 divitem
3051 3257 3440 3319 reprmsentat,

1877 3336 2217 3405 maximeque
2237 3337 2649 3408 conspicuum);
2678 3354 2853 3409 neque
2871 3339 3139 3395 invideam
3170 3340 3224 3394 in
3248 3341 3443 3397 castis-

1876 3428 2028 3484 simis
2057 3443 2179 3483 eum
2221 3429 2455 3493 censeri,
2518 3430 2772 3501 quodque
2828 3439 3096 3487 amantem
3127 3434 3193 3496 ",
3227 3440 3438 3488 aetatem

1877 3518 1997 3587 ejus
2023 3534 2375 3589 corrumpere
2405 3527 2729 3588 tentantem,
2768 3521 3117 3593 objurgatum
3148 3522 3436 3593 repulerit;

1877 3609 2019 3681 quod
2060 3610 2183 3663 item
2214 3623 2245 3663 a
2285 3610 2532 3664 muliebri
2592 3613 2925 3667 commercio
2977 3628 3168 3683 puram
3200 3629 3436 3686 semper.

1877 3707 1936 3754 ut
1964 3699 2384 3754 historia'refert
2408 3700 2475 3761 ³⁷,
2507 3701 2672 3755 vitam
2722 3703 2913 3772 egerit.
2948 3701 3132 3757 Fidem
3154 3705 3318 3759 etiam
3353 3705 3439 3758 in-

1875 3792 2113 3853 veniant,
2146 3807 2267 3861 qua!
2292 3792 2358 3845 ad
2378 3790 2765 3866 [observatum]
2807 3794 2908 3864 ipsi
2930 3794 3085 3862 juxta
3115 3793 3437 3867 Pythagora:

1885 3886 2127 3939 instituta
2151 3885 2521 3956 quinquennio
2553 3887 2821 3940 silentium
2850 3897 3095 3957 spectant
3115 3888 3181 3950 ³⁸,
3204 3895 3258 3941 et
3286 3888 3436 3958 quid-

1884 3972 2034 4041 quid,
2067 3972 2193 4026 dum
2226 3973 2351 4026 illud
2376 3974 2563 4038 obivit,
2586 3973 2739 4029 laude
2771 3974 2892 4029 fecit
2913 3975 3155 4046 dignum.
3178 3974 3319 4043 Haec,
3347 3976 3434 4031 in-

1883 4078 2065 4133 quam,
2083 4071 2136 4117 et
2155 4063 2412 4135 quidquid
2435 4064 2553 4132 ejus
2577 4077 2659 4121 est
2678 4066 2908 4134 generis,
2927 4066 3217 4122 humanam
3236 4078 3432 4124 sortem

1883 4173 1989 4211 non
2029 4156 2341 4212 excedentia
2366 4199 2379 4221 ,
2416 4156 2571 4228 521
2621 4165 2675 4213 et
2723 4173 2862 4212 vera:
2919 4157 3275 4228 philosophiae
3309 4173 3437 4213 con—

1877 4259 2156 4316 sentanea,
2192 4266 2368 4321 neque
2407 4252 2571 4307 nimis
2604 4251 2672 4307 ab
2701 4251 2812 4322 ipsa
2835 4252 3062 4307 veritate
3091 4252 3288 4316 aliena,
3325 4267 3435 4307 non

191 4346 405 4400 invitus
438 4343 792 4410 admiserim;
829 4342 1009 4414 magni
1046 4356 1175 4398 sane
1210 4339 1498 4396 candorem
1534 4339 1763 4405 faciens,
1804 4352 1859 4399 et
1893 4344 2129 4397 studium
2166 4342 2433 4399 veritatis.
2460 4342 2529 4396 At
2548 4357 2675 4397 vero
2704 4342 2939 4399 hominis
2998 4342 3145 4398 illius
3201 4342 3436 4398 indolem

190 4438 438 4495 humana
482 4439 741 4508 majorem
777 4438 995 4510 lingere,
1029 4440 1322 4508 statimque
1351 4439 1455 4495 sibi
1485 4438 1589 4509 ipsi
1623 4440 2019 4506 contradicere,
2048 4445 2125 4497 et.
2163 4453 2357 4510 parum
2385 4454 2680 4494 memorem
2722 4454 2844 4496 esse
2899 4448 3058 4494 antea
3113 4439 3437 4509 positorum,

260 4595 308 4627 ”
348 4595 446 4649 lib.
482 4610 532 4657 ι,
568 4610 617 4648 c.
650 4594 704 4649 4.
782 4595 827 4625 ¹⁰
866 4593 959 4649 lib.
1003 4595 1140 4657 n‘,c.
1178 4593 1228 4648 5.
1307 4593 1499 4648 "ibid.
1575 4595 1619 4628 ¹¹
1662 4595 1751 4648 lib.

1882 4610 1930 4648 ο.
1972 4594 2025 4648 4.
2102 4595 2148 4625 ³³
2185 4594 2279 4649 lib.
2313 4610 2365 4660 ι,
2401 4611 2451 4650 c.
2485 4595 2538 4650 5.

2630 4594 2677 4627 ⁸⁸
2726 4595 2817 4649 lib.
2860 4612 2909 4660 ι,
2952 4609 3001 4650 c.
3034 4594 3089 4650 9.
3164 4597 3211 4627 "
3250 4593 3345 4650 lib.
3380 4606 3435 4661 ι,

190 4679 241 4721 c.
277 4664 368 4719 19.
448 4666 496 4697 ³⁸
532 4665 627 4719 lib.
667 4681 717 4729 ι,
752 4680 801 4720 c.
838 4664 923 4719 12.
1001 4666 1044 4697 ’⁷
1083 4667 1174 4720 lib.
1216 4681 1260 4730 ι,
1296 4681 1345 4719 c.
1381 4667 1468 4721 15.
1543 4665 1588 4697 ⁸⁸
1628 4665 1720 4720 lib.
1756 4681 1771 4719 ι

1881 4686 1904 4717 :.
1940 4666 2004 4719 14
2029 4673 2083 4719 et
2116 4664 2203 4720 16.

260 4819 383 4886 (85)
420 4817 803 4887 Περιστῆσαι.
832 4818 1184 4875 Restituenda
1219 4836 1284 4876 ex
1316 4819 1646 4878 Philostrato
1666 4837 1765 4875 vox

188 4892 314 4951 fuit,
348 4906 475 4959 quae
508 4891 782 4943 exciderat
822 4891 877 4944 in
908 4892 1086 4946 editis.

259 4962 380 5032 (84)
418 4960 527 5015 Τοῦ
573 4962 864 5032 σκηπτοῦ.
915 4960 1223 5032 Legendum
1273 4962 1365 5016 τοῦ
1413 4962 1674 5032 σκηπτοῦ,
1708 4971 1766 5017 ut

190 5047 254 5087 ex
291 5030 430 5101 Reg.
470 5046 573 5101 ms.
606 5039 659 5083 et
708 5030 1036 5086 Philostrato
1078 5032 1443 5089 emendaram.
1489 5030 1761 5089 Horsrrzs.

190 5101 491 5241 Nempeﬁin
534 5100 752 5157 Eusebii
782 5101 943 5157 editis
982 5103 1161 5173 inepte
1202 5105 1463 5173 scriptum
1486 5112 1601 5159 erat
1638 5106 1765 5178 περὶ

190 5189 318 5234 τους
354 5189 390 5223 κ
430 5188 582 5234 πους.

190 5189 318 5234 τους
354 5188 582 5234 κηπους.

259 5243 391 5317 (85)
414 5242 740 5317 Ξυνζστωρ.
774 5242 1281 5317 Ξυνίστωρᾲτρροειιί
1313 5259 1409 5313 pro
1444 5242 1551 5317 ξὺν
1596 5244 1762 5317 ἴστρῳ

190 5313 365 5380 (quod
390 5313 586 5387 eratin
629 5313 901 5381 prioribus
941 5313 1288 5385 editionibus)
1323 5315 1588 5370 sententia
1619 5313 1767 5387 ﬂagi-

191 5391 366 5436 tante.
404 5382 672 5437 Ηοιετειι.

261 5452 387 5521 (86)
425 5455 669 5528 Toxica»;
709 5451 799 5528 Sic
825 5454 1044 5528 restitui
1062 5470 1174 5528 pro
1210 5454 1416 5520 τοῦτον,
1456 5458 1763 5528 postulante

261 5471 387 5521 (δυ)
426 5471 669 5506 mutam
710 5471 799 5509 me
834 5471 1044 5509 resutui
1059 5471 1174 5579 Ipro
1210 5472 1416 5520 τουτον,
1456 5471 1761 5528 postulante

191 5522 493 5595 sententia,
528 5534 585 5577 et
633 5524 749 5592 ipsa
784 5525 1009 5595 historia
1102 5527 1372 5580 hilostrati
1416 5528 1761 5595 concinente,

192 5595 285 5669 qui
321 5591 943 5669 Euxenoamagistrpin
975 5594 1329 5669 Pythagorica
1350 5599 1612 5669 sapientia
1638 5591 1759 5663 suo,

421 5664 750 5734 superiorem
807 5664 976 5722 fuisse
1019 5663 1359 5739 discipulum
1415 5663 1759 5740 "Apollonium

1941 4821 2049 4893 (87)
2088 4825 2197 4880 Kal
2226 4827 2305 4892 ὠς
2346 4825 2454 4880 τὸν
2494 4828 2703 4879 πολυτ.
2739 4821 3101 4893 Suspenditnr
3132 4818 3317 4893 oratio
3339 4838 3435 4893 per

1797 4864 1845 4923 υ
1869 4864 2185 4962 paiticlulam
2361 4912 2392 4951 a
2431 4895 2822 4962 superioribus,
2849 4864 3058 4947 ἔστωδ
3091 4892 3183 4962 ἐπὶ
3209 4864 3434 4962 Ατούτῗις
3472 4895 3495 4912 ⁰

1870 4960 2121 5034 ὲντρεχὴς
2148 4967 2238 5019 καὶ
2263 4967 2330 5020 τὰ
2375 4960 2547 5025 κοινά,
2592 4966 2688 5018 ὨΣ
2711 4965 2801 5018 τὸν
2843 4960 3180 5035 Ἀσκληπιοξ
3195 4960 3434 5035 ἀφιγμέ-
3466 4977 3470 4981 ’

1868 5032 1973 5115 νον
2002 5032 2302 5101 ἀπαλλάξαι
2342 5038 2441 5108 τῆς
2494 5037 2803 5108 ἀρρωστίας
2827 5073 2873 5088 ..
2896 5073 2908 5087 .
2949 5034 3040 5086 καὶ
3085 5032 3182 5084 ὨΣ
3207 5032 3298 5087 τὸν
3331 5032 3433 5088 που

1870 5120 1982 5158 Αυτ.
2013 5114 2118 5161 etc.

1937 5174 2044 5246 (88)
2072 5180 2180 5232 Kal
2202 5196 2255 5248 γ.
2273 5177 2326 5231 δ.
2346 5177 2445 5248 καὶ
2482 5195 2533 5248 τ.
2564 5176 2770 5244 ἐγχωρ.
2789 5174 2892 5230 ἀπ.
2920 5176 3139 5248 πλουσ.
3178 5171 3431 5248 Qualium

1868 5245 2070 5300 scelera
2113 5245 2323 5302 facilius
2345 5245 2400 5299 in
2424 5247 2616 5318 vulgus
2642 5261 2896 5318 emanare
2931 5245 3127 5318 solent,
3184 5252 3243 5297 ut
3298 5245 3434 5318 adeo

1866 5317 2183 5386 Apollonius
2226 5318 2341 5373 sine
2376 5314 2556 5371 divina
2610 5317 2859 5383 scientia,
2890 5332 2955 5371 ex
3003 5315 3166 5386 lanna,
3198 5329 3319 5384 quae
3363 5314 3431 5369 ad

1871 5385 2139 5441 heminem
2175 5390 2334 5444 istum
2367 5386 2705 5457 spectabant.
2737 5387 2974 5457 potuerit
3001 5385 3319 5442 resciscere.

1938 5457 2048 5528 (89)
2080 5460 2243 5527 Παρὰ
2266 5453 2469 5523 πόδας.
2502 5453 2755 5528 lta__Reg.'
2782 5458 2919 5528 cod.
2943 5471 3040 5526 pro
3078 5457 3225 5528 edito
3256 5472 3433 5528 παρασ-

1867 5524 2045 5593 δόσας,
2071 5524 2215 5596 quod
2242 5530 2399 5584 nauci
2437 5534 2538 5583 est.
2572 5524 2845 5586 Hotsreu.
2879 5524 3031 5583 llzinc
3061 5524 3347 5596 lectionem
3377 5534 3432 5581 et

1869 5593 2176 5673 ipseproho
2203 5616 2217 5664 ;
2242 5600 2554 5670 suspicatus
2599 5596 2728 5654 olim
2770 5599 3000 5669 fueram,
3025 5593 3341 5673 παραδόξως
3364 5598 3431 5654 ιο-

1867 5669 2097 5740 gendum
2133 5684 2273 5726 esse.
