3936 6208
316 296 416 352 82!

1438 280 1635 335 LIBER
1670 278 1947 335 CONTRA
1984 271 2395 331 HIEROCLEM.

3421 265 3521 321 823

314 407 561 484 ἡγεμόνα
601 423 659 460 τε
693 406 832 472 ἀξιοῖ
862 405 959 475 τῆς
999 403 1056 467 ὲς
1086 400 1410 475 Βραχμᾶνας
1455 399 1677 469 πορείας
1722 396 1862 466 γενέ-

1974 401 2147 464 rogat.
2202 390 2402 446 Ducem
2452 388 2578 443 item
2627 385 2859 456 aliquem
2902 384 3002 440 viae
3050 384 3117 440 ad
3156 382 3518 439 Brachmanas

321 504 442 557 σθαι
474 500 575 553 τιν’
606 497 772 567 αὐτῷ.
814 498 921 550 Καὶ
962 493 1159 567 μεταξὺ
1192 495 1219 545 6
1253 493 1349 563 μὲν
1379 490 1485 544 τῶν
1523 489 1694 543 Ἰνδῶν
1721 488 1871 558 βασι-

313 594 469 657 λεὺς,
517 593 611 644 καὶ
648 590 820 643 ταῦτα
867 587 1136 658 βάρϐαρος
1180 584 1255 637 ὣν
1298 583 1394 654 τὴν
1432 581 1611 650 φύσιν,
1644 580 1734 633 τὸν
1776 581 1868 651 ἑρ-

314 685 495 756 μηνέα
554 681 795 735 ἐκποδὼν
850 664 1346 751 μεταστησάμενος,
1411 674 1617 728 Ἑλλάδι
1678 674 1870 754 χρῆται

318 776 453 848 πρὸς
500 774 660 829 αὐτὸν
706 776 772 844 τῇ
817 770 1021 841 ὁμιλίᾳ,
1069 768 1310 823 παιδείαν
1361 766 1453 819 καὶ
1508 764 1871 834 πολυμάθειαν

319 867 749 937 ινδεικνύμενος·
806 866 833 917 6
872 863 927 916 δὲ
964 862 1069 915 οὐδ’
1105 863 1214 927 ὥς,
1239 861 1321 913 ὅτι
1353 860 1415 929 δὴ
1450 859 1541 911 καλ⁸
1581 857 1741 919 αὐτὸς
1770 856 1871 926 τῆς

318 964 448 1035 παρ’
480 963 661 1024 αὐτοῖς
684 960 781 1012 οὐκ
816 956 1038 1029 ἀμαθῶς
1075 954 1185 1026 ἔχοι
1219 954 1420 1025 φωνῆς,
1451 952 1566 1005 δέον
1598 948 1872 1020 ἀντεφιλο-

315 1056 587 1126 τιμήσατο
639 1050 765 1122 (96).

804 1159 1193 1215 ΚΕΦΑΛΑΙΟΝ
1247 1158 1346 1212 ΙΕ’.

400 1276 559 1330 Ἀλλά
604 1277 695 1329 κα)⁸
740 1274 1023 1336 λαλοῦντος
1062 1271 1267 1325 Ἐλλάδι
1303 1267 1512 1339 γλώττῃ
1550 1266 1643 1321 τοῦ
1682 1266 1866 1331 Ἰνδοῦ,

314 1367 702 1439 ἐκπλήττεται,
816 1382 976 1437 φησιν
1014 1365 1042 1418 6
1072 1363 1447 1433 Φιλόστρατος,
1486 1361 1767 1424 ἀκόλουθα,
1796 1363 1870 1424 ὼς

314 1464 511 1527 ἔοικεν,
546 1460 716 1531 ἑαυτῷ
745 1460 990 1530 γράφων.
1022 1457 1145 1521 Πῶς
1186 1455 1294 1527 γὰρ
1339 1454 1402 1509 ἂν
1444 1453 1745 1525 ἐξεπλάγη,
1795 1454 1868 1524 μὴ

314 1555 435 1623 οὐχὶ
466 1550 736 1625 βάρϐαρον
777 1550 998 1620 οἰηθεὶς,
1031 1550 1122 1602 καὶ
1170 1547 1449 1617 θαυμάσας
1483 1546 1595 1614 (97)
1622 1562 1635 1609 ;
1671 1545 1763 1597 καὶ
1790 1545 1870 1597 ὅτι

316 1643 383 1714 δὴ
406 1641 492 1695 τδν
523 1641 759 1694 τοιοῦτον
788 1637 847 1692 οὔ
881 1637 995 1690 ποτ’
1020 1637 1085 1690 ἂν
1115 1635 1415 1706 Ἑλληνίσαι
1441 1633 1866 1706 προσεδόκησεν;

316 1729 440 1795 εἷθ’,
482 1731 665 1802 ὥσπερ
702 1747 754 1782 τι
789 1726 1078 1799 παραδόντι
1131 1724 1427 1797 παράδοξον
1468 1724 1866 1792 καταπλαγεὶς,

316 1826 409 1878 καὶ
438 1824 497 1875 τὸ
522 1822 709 1875 τούτου
741 1820 819 1873 ἔτι
863 1820 970 1891 (98)
1015 1818 1222 1887 ἀγνοῶν
1275 1818 1463 1878 αἴτιον,
1500 1836 1518 1868 ι
1560 1817 1691 1870 Εἰπέ
1740 1834 1862 1887 μοι,

314 1917 416 1989 ἔφη
450 1919 477 1970 6
510 1913 877 1977 Ἀπολλώνιος,
941 1907 986 1966 ὧ
1049 1910 1287 1982 βασιλεῦ,
1324 1909 1485 1963 πόθεν
1515 1909 1685 1974 οὕτως
1724 1911 1866 1980 ἕχεις

314 2006 498 2075 φωνῆς
551 2005 833 2068 Ἑλλάδος·;
890 2003 1172 2072 Φιλοσοφία
1225 2019 1284 2054 τε
1342 2003 1374 2072 ἡ
1419 2002 1543 2073 περὶ
1594 2003 1651 2055 σὲ
1706 2003 1866 2055 πόθεν

315 2095 579 2159 ἑνταῦθα;
614 2095 732 2148 οὐδὲ
764 2095 869 2164 γάρ
910 2096 968 2154 ἐς
999 2092 1378 2156 διδασκάλους,
1430 2088 1580 2162 οἶμαί
1614 2109 1697 2160 γε,
1739 2095 1866 2146 ἀνα-

312 2185 531 2256 φέρεις,
563 2178 683 2237 ὲπεὶ
716 2188 787 2256 μὴ
819 2180 955 2237 εἶναι
999 2183 1175 2246 Ἰνδοῖς
1206 2182 1349 2245 εἰκὸς
1375 2182 1485 2251 (99)
1522 2182 1865 2247 διδασκάλους

309 2277 521 2331 τούτου.
553 2297 570 2330 ι
619 2272 783 2331 Αὗται
823 2277 878 2329 αἱ
922 2275 1208 2348 παράδοξοι
1240 2274 1333 2327 τοῦ
1364 2274 1537 2328 πάντα
1564 2272 1864 2346 προγνώσει

310 2369 642 2439 διειληφότος
688 2369 879 2439 φωναὶ,
927 2366 993 2431 ἃς
1024 2369 1051 2420 6
1086 2366 1334 2437 βασιλεὺς
1368 2364 1739 2437 ἀμειϐόμενος,
1785 2366 1863 2417 ὅτι

310 2476 373 2512 τε
405 2459 555 2529 σχοίη
596 2458 960 2520 διδασκάλους,
999 2458 1090 2509 καὶ
1131 2457 1321 2519 οἵτινες
1370 2451 1532 2521 οὗτοι,
1575 2456 1778 2509 ἕκαστά
1803 2472 1863 2509 τε

311 2548 577 2621 πατρόθεν
605 2548 711 2602 τῶν
744 2550 869 2621 περὶ
906 2549 1064 2604 αὑτὸν
1103 2546 1514 2621 ξυμϐεϐηκότων
1543 2548 1753 2619 φράζει.

815 2841 1204 2897 ΚΕΦΑΛΑΙΟΝ
1242 2844 1356 2910 ις’.

379 2923 513 2983 Εἶτα
540 2931 630 2984 καί
655 2948 761 2985 τισι
786 2931 879 2985 τοῦ
912 2932 1069 2986 Ἰνδοῦ
1096 2932 1400 2997 δικάζοντος
1432 2931 1558 3003 περί¹
1589 2931 1859 3003 θησαυροῦ

310 3021 649 3092 φωραθέντος
681 3024 737 3077 ὲν
779 3023 952 3095 ἀγρῷ,
1000 3024 1200 3095 πότερα
1230 3023 1306 3094 τῷ
1336 3023 1616 3096 πριαμένῳ
1637 3062 1652 3086 ,
1702 3022 1734 3094 ἢ
1784 3022 1861 3093 τῷ

307 3110 373 3161 τὸ
406 3112 599 3182 χωρίον
629 3112 959 3185 ἀποδομένῳ,
994 3113 1109 3167 δέον
1137 3110 1286 3185 οἶμαι
1311 3115 1389 3184 (l)
1416 3113 1621 3177 τοῦτον,
1671 3116 1699 3167 6
1726 3113 1861 3167 πάν·
1889 3098 1928 3154 C

304 3213 417 3263 τως
453 3201 753 3271 φιλόσοφος,
788 3204 881 3255 καὶ
913 3202 1053 3267 θεοῖς
1085 3201 1502 3275 κεχαρισμένος,
1548 3200 1857 3273 ἐρωτηθεὶς,

307 3290 575 3363 ἰπικρίνει
603 3294 678 3364 τῷ
712 3295 1012 3366 πριαμένῳ,
1047 3294 1301 3366 λογισμὸν
1329 3296 1391 3365 δὴ
1417 3296 1595 3359 αὐτοῖς
1629 3296 1861 3367 ῥήμασιν

305 3384 578 3437 ιπειπών·
612 3406 631 3437 ‹
667 3388 753 3451 Ὦς
798 3389 898 3441 οὐκ
938 3386 1003 3440 ἂν
1045 3389 1092 3440 οί
1126 3387 1236 3441 θεοὶ
1272 3388 1361 3440 τὸν
1391 3388 1486 3457 μὲν
1520 3387 1734 3457 ἀφεῖλον
1769 3389 1861 3440 καὶ

307 3474 451 3529 κατά
480 3475 579 3546 τὴν
621 3476 720 3547 γῆν
762 3477 867 3545 (2),
922 3478 971 3530 εί
1018 3478 1090 3549 μὴ
1132 3477 1331 3547 φαῦλος
1368 3473 1467 3549 ἦν,
1500 3476 1577 3548 τῷ
1616 3477 1658 3530 δ’
1690 3473 1756 3531 αὖ
1785 3477 1858 3548 (5)

306 3568 403 3621 καί
431 3568 498 3620 τά
522 3569 624 3622 ὑπὸ
661 3570 763 3639 γῆν
798 3568 1013 3633 δοῦναι,
1049 3573 1095 3624 εί
1133 3571 1205 3643 μὴ
1241 3571 1461 3642 βελτίων
1492 3566 1559 3642 ἦν
1591 3570 1685 3623 τοῦ
1725 3571 1858 3623 ἀπο-

302 3659 530 3729 δομένου
557 3699 569 3712 .
596 3678 615 3711 ι
656 3661 741 3724 Ὧς
780 3661 895 3714 κατ’
926 3661 1086 3713 αὑτὸν
1112 3662 1175 3733 δὴ
1216 3661 1570 3731 ξυνάγεσθαι,
1602 3662 1727 3725 τοὺς
1762 3660 1860 3731 μὲν

304 3749 570 3821 εὐπόρους
604 3751 697 3804 καὶ
726 3750 935 3823 πλούτῳ
968 3752 1315 3823 διαφέροντας
1336 3795 1351 3819 ,
1391 3753 1490 3806 κᾶν
1523 3752 1860 3824 αἰσχρότατοι

306 3840 401 3892 καὶ
445 3840 838 3893 πανωλέστατοι
889 3844 1239 3912 τυγχάνοιεν,
1283 3842 1725 3913 τρισευδαίμονας
1770 3842 1860 3894 καὶ

306 3929 569 3999 θεοφιλεῖς
612 3930 877 3999 ἡγεῖσθαι,
927 3931 1118 4001 μόνους
1151 3932 1193 3983 δ’
1226 3933 1333 4003 ἄρα
1378 3932 1769 4001 κακοδαίμονάς
1800 3950 1859 3985 τε

305 4019 400 4070 καὶ
443 4019 654 4082 ἀθλίους
697 4020 821 4084 τοὺς
858 4023 1245 4086 πενεστάτους,
1280 4022 1381 4076 κᾶν
1404 4023 1716 4094 Σωκράτης,
1757 4024 1860 4077 κᾶν

306 4111 593 4182 Διογένης,
640 4111 741 4164 κᾶν
782 4113 941 4177 αὐτὸς
982 4114 1183 4177 ἐκεῖνος
1219 4115 1540 4188 Πυθαγόρας
1584 4116 1857 4188 τυγχάνῃ,

306 4200 414 4255 κᾶν
445 4201 619 4267 ἄλλος,
662 4203 714 4256 οἱ
754 4205 965 4257 πάντων
984 4206 1191 4275 ἀνδρῶν
1221 4185 1645 4277 σωφρονέστατοι
1676 4223 1734 4259 τε
1767 4185 1861 4261 καὶ

304 4295 714 4349 ἐπιεικέστατοι.
746 4297 902 4362 Εἴποι
944 4296 1049 4367 γὰρ
1084 4296 1148 4350 ἄν
1192 4315 1275 4360 τις
1313 4298 1575 4368 ἑπόμενος
1612 4298 1689 4369 τῷ
1721 4298 1861 4369 λόγῳ

310 4383 384 4454 μὴ
432 4383 498 4437 ἂν
545 4386 663 4438 κατ’
692 4386 852 4438 αὑτὸν
901 4388 1027 4449 τοὺς
1075 4386 1228 4450 θεοὺς
1272 4386 1397 4449 τοὺς
1445 4387 1544 4456 μὲν
1603 4388 1858 4457 πένητας,

1971 483 2075 538 sibi
2104 482 2221 536 dari
2245 495 2354 535 non
2378 477 2559 533 renuit
2584 476 2647 529 “.
2682 475 2887 530 Interea
2920 474 3173 528 Indorum
3198 489 3291 529 rex
3314 473 3379 536 ³⁸,
3403 472 3522 527 bar-

1978 575 2147 630 barus
2180 573 2307 628 licet
2339 569 2633 630 natalibus,
2675 568 2970 636 interprete
3011 566 3191 620 subito
3247 564 3517 629 submoto,

1971 665 2156 720 Graece
2182 680 2306 719 cum
2334 663 2453 734 ipso
2488 664 2751 732 loquitur,
2778 660 3039 714 doctrinae
3066 666 3228 726 atque
3257 656 3519 710 eruditio-

1970 758 2059 812 nis
2093 757 2261 812 edens
2290 761 2627 825 argumenta.
2682 750 3002 821 Apollonius
3046 763 3174 803 vero
3200 762 3269 801 ne
3295 747 3373 800 sic
3400 746 3520 815 qui-

1968 847 2112 911 dem,
2148 854 2207 900 ut
2235 850 2306 915 )se
2337 860 2551 915 quoque
2583 842 2819 897 vicissim
2862 841 3055 910 linguae
3087 826 3206 909 quae
3260 836 3399 907 apud
3433 834 3518 888 ln-

1970 939 2069 993 dos
2099 938 2384 999 obtineret,
2428 936 2660 1006 peritum
2717 932 3049 995 ostenderet,
3079 938 3291 995 contra,
3320 936 3379 983 ut
3422 942 3519 997 par

1969 1034 2106 1092 erat,
2139 1026 2440 1082 contendit.

2462 1132 2620 1203 522
2655 1127 2881 1187 CAPUT
2922 1124 3035 1182 xv.

2037 1249 2137 1304 Ast
2162 1258 2213 1305 et
2244 1248 2375 1303 Indo
2404 1246 2585 1302 Graece
2625 1248 2877 1317 loquente
2920 1245 3220 1315 obstupuit,
3252 1252 3310 1298 ut
3334 1243 3517 1297 Philo-

1969 1345 2171 1393 stratus
2208 1346 2458 1402 testatur,
2490 1337 2696 1392 scilicet
2719 1345 3080 1391 consentanea
3109 1333 3210 1388 sibi
3245 1332 3345 1402 ipsi
3375 1332 3514 1385 scri-

1969 1432 2119 1487 bens.
2156 1432 2294 1498 Quid
2325 1432 2466 1486 enim
2510 1430 2809 1499 obstupuit,
2841 1429 2887 1482 si
2921 1428 3211 1482 barbarum
3257 1438 3362 1476 non
3396 1437 3516 1477 esse

1970 1523 2209 1592 putavit,
2242 1522 2403 1591 idque
2435 1522 2504 1577 ob
2534 1522 2711 1592 ipsum
2741 1518 3020 1588 suspexit?
3049 1515 3114 1568 Et
3154 1529 3253 1568 cur
3279 1527 3517 1581 quacun-

1969 1632 2075 1687 que
2107 1631 2165 1669 re
2197 1623 2403 1669 tantum
2431 1615 2605 1668 virum
2632 1612 2848 1667 Graacos
2890 1610 3221 1665 imitaturum
3252 1620 3372 1659 esse
3408 1617 3515 1656 non

1971 1708 2300 1778 exspectavit
2329 1707 2545 1778 potius?
2594 1704 2783 1767 Porro,
2814 1702 2969 1773 quasi
3009 1714 3095 1754 res
3138 1699 3297 1768 plane
3327 1695 3516 1762 singu-

1973 1800 2100 1853 laris
2132 1800 2199 1853 ab
2240 1814 2306 1853 eo
2343 1798 2444 1853 sibi
2488 1797 2668 1851 oblata
2715 1804 2881 1861 esset,
2922 1792 3147 1862 ejusque
3207 1785 3515 1841 adhucdum

1965 1894 2221 1964 ignorans
2255 1900 2541 1955 causamc,
2594 1888 2758 1954 Cedo,
2823 1903 2855 1941 ο
2902 1900 3015 1951 rex,
3066 1883 3242 1952 inquit
3294 1879 3517 1961 Apollo-

1964 1984 2169 2049 nius“,
2206 1983 2348 2037 unde
2380 1998 2441 2037 ea
2482 1982 2578 2036 tibi
2626 1982 2698 2035 sit
2748 1978 2948 2033 Graeca:
2996 1978 3191 2046 lingua:
3243 1971 3518 2027 facultas?

1965 2073 2309 2142 Philosophia
2344 2073 2491 2134 item,
2526 2086 2630 2140 qna
2678 2071 2916 2124 imbutus
2946 2084 3026 2132 es,
3056 2067 3195 2121 unde
3226 2064 3311 2119 his
3338 2064 3519 2134 regio-

1966 2167 2129 2220 nibus
2170 2163 2358 2219 venit?
2401 2178 2577 2233 neque
2620 2163 2785 2223 enim,
2818 2169 2877 2214 ut
2912 2168 3064 2231 puto,
3094 2158 3370 2229 magistris
3394 2170 3515 2210 eam

1966 2258 2019 2312 in
2048 2258 2283 2327 acceptis
2336 2256 2463 2321 fers,
2500 2270 2622 2308 nam
2672 2254 2947 2324 probabile
2987 2251 3130 2306 haud
3170 2262 3250 2306 est
3288 2250 3406 2319 ejus
3435 2249 3514 2304 rei

1965 2350 2253 2418 magistros
2285 2363 2406 2403 esse
2448 2347 2645 2400 Indis.»
2697 2344 2819 2399 Haec
2847 2344 3093 2398 miranda
3123 2352 3248 2398 sunt
3283 2342 3337 2395 in
3371 2341 3511 2405 viro,

1965 2438 2300 2509 praescientia
2335 2438 2514 2491 omnia
2572 2435 2873 2505 complexo,
2929 2434 3122 2487 verba:
3169 2432 3368 2501 quibus
3421 2446 3512 2483 re-

1962 2529 2236 2598 spondens
2290 2542 2418 2589 rex,
2447 2525 2589 2595 quod
2637 2532 2690 2580 et
2725 2531 3082 2595 praeceptores
3127 2522 3397 2586 habuerit,
3457 2529 3512 2580 et

1963 2622 2184 2692 quinam
2236 2620 2311 2674 illi
2366 2619 2567 2673 fuerint
2600 2614 2945 2690 [exponens,]
2993 2615 3170 2669 omnia
3213 2614 3508 2685 sigillatim,

1962 2728 2081 2782 quae
2117 2712 2217 2787 ipsi
2258 2726 2288 2768 a
2315 2712 2585 2767 natalibus
2615 2709 2740 2765 inde
2766 2709 3087 2780 obtigerant,
3120 2706 3339 2777 exponit
3361 2707 3429 2763 ".

2540 2843 2765 2902 CAPUT
2798 2842 2937 2909 XVI,

2032 2939 2159 2997 Inde
2187 2955 2348 3012 porro
2382 2954 2503 2994 cum
2532 2939 2623 3008 jus
2682 2935 3007 3007 quibusdam
3053 2932 3257 2988 diceret
3283 2929 3447 2987 Indus
3469 2930 3512 2963 ³⁸

1962 3033 2028 3088 de
2062 3033 2316 3097 thesauro
2356 3031 2409 3085 in
2453 3045 2583 3101 agro
2616 3036 2850 3099 reperto,
2888 3042 2954 3081 an
2988 3025 3219 3095 emptori
3264 3040 3333 3078 an
3382 3040 3513 3078 ven-

1963 3124 2122 3198 dilori
2162 3125 2277 3195 agri
2323 3137 2446 3177 eum
2488 3120 2712 3175 reddere
2760 3134 2856 3187 par
2908 3118 3019 3185 sit;
3062 3114 3402 3185 Apollonius,
3455 3115 3511 3167 in

1962 3212 2214 3268 omnibus
2239 3209 2543 3281 philosophi
2590 3222 2719 3263 usus
2751 3206 3022 3268 acumine,
3059 3204 3271 3273 diisque
3302 3202 3514 3256 charis-

1962 3307 2152 3370 simus,
2190 3303 2511 3358 sententiam
2552 3301 2641 3355 ubi
2672 3307 2815 3355 esset
2844 3299 3231 3366 interrogatus,
3264 3294 3501 3365 emptori

1960 3413 2083 3452 eum
2110 3394 2335 3459 addixit,
2368 3392 2579 3446 ratione
2603 3392 2667 3445 ad
2703 3390 2922 3445 verbum
2949 3388 3050 3442 hac
3072 3386 3287 3441 addita:
3325 3386 3507 3451 «Quod

1959 3476 2033 3537 dii
2067 3479 2321 3535 vendenti
2389 3478 2804 3547 haudquaquam
2850 3475 3079 3545 agellum
3105 3475 3269 3530 etiam
3308 3473 3511 3528 fuerint

1960 3570 2283 3640 adempturi,
2319 3569 2599 3639 improbus
2641 3567 2745 3622 nisi
2788 3567 2879 3632 sit,
2917 3566 3147 3635 emptori
3174 3580 3305 3620 vero
3336 3566 3503 3620 vicis-

1960 3662 2063 3717 sim
2094 3660 2314 3714 latentia
2347 3659 2507 3714 etiam
2548 3658 2649 3713 sub
2678 3666 2819 3712 terra
2851 3657 2989 3711 bona
3024 3657 3359 3721 concessuri,
3404 3657 3508 3712 nisi

1960 3752 2228 3808 vendente
2260 3752 2331 3807 sit
2363 3752 2518 3822 longe
2543 3751 2786 3804 melior.»
2829 3747 2894 3803 Ut
2924 3748 3078 3816 juxta
3111 3747 3260 3801 illum
3287 3750 3509 3802 conclu-

1960 3845 2201 3899 dendum
2256 3843 2348 3906 sit,
2392 3857 2486 3896 eos
2520 3842 2611 3912 qui
2644 3841 2836 3910 opibus
2866 3838 3112 3904 aﬂluunt,
3147 3846 3512 3909 praestantque

1960 3935 2185 4013 divitiis,
2218 3949 2527 4005 quanquam
2560 3931 2844 3987 fmdissimi
2875 3932 2984 3985 sint
3040 3936 3092 3984 et
3139 3931 3510 3999 perditissimi,

1959 4044 2057 4098 pro
2116 4037 2196 4082 ter
2227 4028 2397 4083 beatis
2446 4035 2647 4092 tamen,
2699 4024 2917 4094 Deoque
2971 4024 3345 4080 dilectissimis
3388 4039 3513 4078 esse.

1961 4118 2265 4174 habendos:
2321 4118 2565 4173 infelices
2599 4122 2778 4171 autem
2833 4117 3176 4185 miserosque
3212 4116 3359 4171 solos
3392 4129 3513 4170 esse

1959 4225 2075 4272 eos,
2132 4210 2226 4279 qui
2274 4225 2396 4264 cum
2450 4215 2765 4279 paupertate
2822 4207 3057 4263 maxime
3109 4205 3511 4269 conflictentur,

1962 4300 2087 4355 licet
2122 4299 2400 4355 Socratem
2442 4301 2620 4369 ipsum
2674 4298 2758 4354 vel
2810 4298 3063 4365 maxime,
3101 4313 3163 4353 ac
3200 4296 3511 4367 Diogenem,

1964 4391 2251 4461 ipsumque
2280 4392 2445 4444 etiam
2472 4390 2833 4463 Pythagoram
2860 4391 2913 4445 in
2953 4391 3040 4445 his
3065 4403 3187 4445 esse
3208 4390 3511 4457 contingat,

303 4474 522 4540 τούτους
562 4476 624 4547 δὴ
667 4478 894 4541 αὐτοὺς,
937 4479 985 4531 οἳ
1020 4478 1160 4532 κατά
1204 4478 1516 4547 φιλοσοφίαν
1550 4479 1859 4549 διήνεγκαν,

1970 4489 2017 4535 et
2060 4496 2440 4551 quemcunque
2486 4497 2695 4547 eorum,
2750 4482 2843 4551 qui
2893 4480 3248 4551 frugalissimi
3281 4479 3407 4543 viri,
3462 4489 3517 4532 et

302 4566 593 4636 ἀφελέσθαι
632 4569 723 4621 καὶ
771 4567 838 4621 τά
880 4570 1012 4641 πρὸς
1054 4570 1151 4641 τὴν
1194 4571 1493 4639 ἀναγκαίαν
1522 4570 1746 4643 τροφὴν,
1780 4571 1855 4643 μὴ

1959 4573 2189 4643 egregia:
2265 4573 2550 4644 pr_obi.tat;s
2610 4580 2919 4630 censentur.
2971 4573 3125 4627 Dicat
3177 4572 3324 4626 enim
3367 4570 3509 4640 quis.

373 4720 419 4754 ³⁸
457 4720 549 4775 lib.
588 4737 660 4787 ιι,
692 4736 742 4776 c.
769 4721 859 4778 40.
935 4724 980 4755 ³⁸
1020 4725 1113 4781 lib.
1151 4742 1223 4791 ιι,
1256 4743 1306 4782 c.
1339 4728 1425 4783 l7.
1457 4728 1501 4759 ³⁸
1518 4729 1610 4786 lib.
1628 4733 1862 4801 It,cap.9

1970 4732 2001 4765 η’
2035 4730 2131 4787 lib.
2167 4746 2244 4797 ιι,
2274 4747 2325 4788 c.
2358 4731 2446 4785 31.
2523 4728 2569 4761 ³⁸
2609 4729 2702 4783 lib.
2739 4746 2811 4795 ιι,
2843 4745 2895 4788 c.
2925 4730 3013 4784 59.

370 4874 483 4955 (96)
536 4876 1166 4958 Ἀντεςριγῑοτιίιήσηδίο
1203 4896 1266 4958 ex
1309 4884 1623 4958 conjectura
1651 4886 1851 4941 rescri-

298 4949 729 5025 psil.‘_c_um_esset
759 4949 809 5025 i_n
833 4949 1004 5025 editis
1036 4949 1545 5025 ἀπεφιλοτιμήσατο.

334 5013 481 5096 .-(97)
631 5017 787 5096 ὀὐχὶ
811 5018 999 5096 ,βάρῇ
1016 5013 1166 5096 οίηθξ
1186 5023 1281 5074 καὶ
1311 5013 1564 5096 ὂαὶψάσ.
1586 5024 1662 5079 Eo
1680 5025 1853 5096 respi-

299 5087 395 5170 cit,
432 5087 927 5170 'quod‘Apollonio"
948 5088 1326 5170 Philostratus”
1350 5087 1654 5170 φιλοσοφεῖν
1703 5087 1851 5170 δόξαι

298 5155 558 5238 Φραώτην
586 5155 838 5238 testatur,
872 5159 967 5238 lib:
1014 5175 1073 5238 ιι,
1110 5176 1229 5230 cap.
1259 5155 1562 5238 26,'initio.:
1587 5155 1852 5238 Quodque

298 5226 436 5279 adeo
465 5227 704 5282 moribus
736 5230 915 5284 minus
954 5226 1217 5285 barbarus
1253 5233 1300 5285 ei
1338 5226 1488 5288 νιειιε
1522 5226 1631 5291 sit:
1655 5226 1853 5290 Vereor

299 5302 513 5377 autem,
548 5312 613 5352 ne
656 5314 815 5377 suum
863 5300 951 5354 hic
989 5299 1281 5377 Eusebium
1313 5304 1570 5377 destituat
1596 5320 1852 5377 acumen;

298 5380 400 5445 cur
431 5368 571 5419 enim
606 5368 794 5445 mirari
826 5384 933 5445 non
974 5373 1210 5439 potuerit
1238 5370 1578 5443 Apollonius,
1616 5368 1852 5445 linguam

297 5433 609 5511 graecorum
640 5439 837 5511 callere
868 5433 1176 5506 Phraotem,
1206 5433 1365 5511 quem
1400 5433 1642 5501 moribus
1674 5433 1854 5500 minus

299 5503 591 5560 barbarum
624 5507 1068 5573 deprehenderat,
1094 5503 1202 5565 non
1223 5503 1401 5569 'video.

372 5574 486 5655 (98")
509 5576 664 5655 Ἔτι.
692 5574 772 5655 ita
810 5580 1153 5655 scribendum
1193 5598 1316 5637 esse
1351 5585 1616 5640 sententia
1660 5586 1854 5643 suade-

299 5641 412 5697 bat.
446 5642 584 5704 Editi
618 5646 887 5703 habebant
915 5651 1030 5705 εἴτ’.

375 5710 483 5783 (99)
537 5714 741 5789 Ἰνδοῖς
765 5720 939 5786 εἰκός.
968 5719 1168 5777 Saltem
1203 5724 1600 5782 restituendum
1631 5744 1696 5782 ex
1725 5725 1851 5781 Phi-

1956 4887 2184 4943 lostrato
2217 4888 2381 4951 εἰκός,
2408 4887 2553 4957 quod
2582 4887 2859 4943 exciderat
2891 4887 3030 4957 apud
3058 4884 3373 4957 Eusebium.
3407 4883 3515 4957 Cae-

1956 4965 2074 5010 tera
2105 4958 2244 5027 apud
2274 4974 2396 5012 eum
2426 4954 2601 5027 totum
2629 4958 2729 5012 hoc
2753 4954 3029 5010 κῶλονίιει
3060 4957 3222 5010 habet
3251 4975 3263 5009 :
3290 4956 3370 5027 ΔΟὐ
3404 4954 3514 5027 γάρ

1955 5028 2010 5089 ἐς
2044 5020 2393 5091 διδασκάλους
2426 5045 2488 5097 γε
2520 5025 2670 5098 οἴμαι
2702 5028 3011 5098 ἀναφέρειν,
3046 5028 3167 5098 ἐπεὶ
3207 5024 3338 5095 μηδὲ
3376 5020 3515 5076 εἷναί

1955 5115 2105 5161 τινας
2141 5101 2197 5151 ὲν
2248 5098 2422 5161 Ἰνδοῖς
2450 5097 2591 5162 εἰκὸς
2613 5097 2959 5160 διδασκάλους
2987 5097 3193 5149 τούτου.
3234 5116 3241 5122 ε

2029 5168 2102 5236 (ί)
2148 5164 2333 5239 Οἶμαι.
2373 5167 2570 5239 Parum
2596 5177 2965 5239 Opportunum
3001 5166 3091 5219 isti
3115 5168 3235 5239 loco
3268 5163 3399 5218 mihi
3433 5164 3513 5239 vi:

1957 5233 2114 5318 detur
2139 5233 2566 5318 vei-bumoipat,
2593 5233 2771 5317 malim
2796 5237 3125 5292 substituere
3144 5235 3347 5299 δοῦναι,
3370 5233 3515 5304 quod

1960 5308 2120 5378 etiam
2158 5308 2211 5361 in
2242 5308 2491 5378 versione
2521 5308 2778 5378 expressi.

2026 5377 2101 5447 (2)
2140 5378 2249 5457 Kal
2287 5378 2401 5446 τὴν
2425 5377 2558 5457 γῆν.
2590 5372 2731 5456 Editi
2757 5377 2852 5457 καὶ
2876 5375 3016 5431 κατά
3042 5375 3284 5457 τὴν
3313 5372 3515 5457 ραιξεὶ-

1957 5442 2078 5502 mus
2112 5448 2273 5513 κατά,
2306 5442 2449 5516 quod
2471 5442 2651 5501 natum
2684 5446 2897 5516 videtur
2927 5464 2993 5502 ex
3021 5442 3248 5516 repetito
3272 5444 3382 5505 καί,
3406 5442 3515 5516 for-

1957 5533 2042 5569 ma
2091 5513 2362 5572 scribendi
2397 5519 2723 5573 abbreviata.
2770 5515 3045 5573 Omissum
3083 5513 3232 5571 ’κατά
3260 5516 3421 5570 etiam
3458 5513 3518 5569 in

1954 5593 2102 5641 textu
2135 5585 2466 5642 Philostrati.

2025 5657 2101 5725 (ὅ)
2149 5657 2230 5720 Τῷ
2257 5657 2308 5709 δ’
2340 5654 2436 5711 αὗ,
2467 5656 2699 5710 Omnino
2726 5672 2792 5709 ex
2823 5654 3078 5710 Philostr.
3109 5657 3511 5713 restituendum

1956 5722 2020 5780 αὖ
2056 5722 2152 5796 ιιιό
2182 5726 2245 5779 ἄν
2276 5727 2419 5797 quod
2449 5734 2563 5782 erat
2590 5728 2645 5782 in
2672 5727 2832 5783 editis
2860 5727 3100 5787 Eum-hii.
