3936 6208
540 256 646 315 825

1177 258 1442 316 EUSEBII
1475 255 1947 314 CESARIENSIS
1979 255 2126 313 OPP.
2161 256 2340 312 PARS
2379 253 2441 310 ll.
2481 283 2552 294 —
2589 247 3088 308 APOLOGETICA.
3589 247 3663 302 8:1

542 373 701 428 istam
747 373 1008 428 rationem
1047 387 1300 443 sequens,
1371 373 1686 442 neutiquam
1743 371 1898 440 juxta
1963 385 2076 426 eam

2183 370 2301 440 οὐχὶ
2343 369 2556 432 πάντως
2595 365 2825 435 φαύλους
2854 364 3011 426 ὄντας
3059 361 3148 413 τὸν
3183 361 3402 431 τρόπον’
3442 363 3537 424 τοϊς
3561 362 3668 416 δὲτὸ

537 465 668 521 deos
678 463 988 520 hominibus
1005 463 1108 518 illis
1126 465 1488 535 pauperculis,
1508 464 1594 520 his
1611 463 1764 533 ipsis.
1792 460 2084 534 [inquam,]

536 555 628 624 qui
649 553 984 623 philosophia
1000 561 1321 624 prastantes
1344 553 1514 618 fuere,
1539 555 1655 623 ipsa
1676 567 1891 623 quoque
1917 549 1983 605 ad
2001 550 2086 605 vi-

533 653 680 699 ctum
711 647 1016 714 spectantia
1056 646 1436 702 subtracturos
1466 646 1653 710 fuisse,
1700 645 1803 699 nisi
1834 642 2086 712 pessimis

533 734 612 790 iili
637 737 878 791 moribus
900 737 1271 794 exstitissent:
1306 755 1480 810 neque
1501 739 1630 802 illis,
1657 735 1750 808 qui
1769 735 1932 790 soluti
1959 744 2087 789 sunt

2190 456 2319 530 ἦθος
2369 455 2809 526 ἀκολαστοτέροις
2854 452 3057 521 ἄφθονα
3106 449 3195 503 καὶ
3241 447 3308 501 τὰ
3352 448 3419 519 μὴ
3457 449 3665 516 ἀναγκαία

2193 550 2509 619 παρασχεῖν,
2546 548 2593 599 εἰ
2629 545 2701 616 μὴ
2731 541 2966 613 βελτίους
2999 537 3285 609 ἐτύγχανον
3312 536 3412 589 τῶν
3430 536 3664 608 προτέρω.

2204 640 2293 705 Ἐξ
2325 634 2398 694 ὧν
2434 638 2594 695 παντί
2626 655 2687 707 γε
2727 635 3038 705 καταφανὴς
3079 635 3112 704 ἡ
3149 631 3240 684 τοῦ
3284 629 3668 702 ξυμπεράσματος

2190 733 2405 788 ἀτοπία.

533 829 798 894 moribus,
832 829 1036 886 aﬁatim
1080 835 1242 888 etiam
1266 834 1444 888 minus
1481 832 1782 888 necessaria
1809 831 2166 903 praestituros,
2195 830 2300 885 nisi
2345 830 2618 899 prioribus
2646 825 2983 883 exstitissent
3027 821 3296 876 meliores.
3327 815 3469 872 Unde
3513 813 3666 870 nemini

532 921 764 978 obscura
791 923 949 981 istius
977 928 1347 982 conclusionis
1379 935 1462 981 est
1492 928 1816 982 absurditas.

1009 1014 1166 1084 523
1208 1013 1430 1073 CAPUT
1472 1013 1629 1069 xvn.

600 1102 761 1160 Hisce
791 1119 856 1158 ex
886 1105 1126 1160 secundo
1154 1105 1294 1160 libro
1323 1107 1585 1176 eXpositis
1614 1108 1680 1162 ad
1710 1107 1926 1162 tertium
1962 1120 2086 1175 per—

527 1195 1155 1264 gemus,consideraturi
1205 1211 1324 1266 qua‘
1375 1197 1441 1251 ad
1491 1196 1892 1261 Brachmanas,
1941 1193 2083 1247 fama

528 1285 665 1340 adeo
687 1286 1009 1350 celebratos,
1035 1289 1303 1358 pertinent
1334 1289 1378 1320 "
1407 1309 1418 1344 :
1452 1305 1556 1360 qua
1590 1297 1740 1359 parte
1775 1288 1945 1357 magis
1985 1299 2083 1338 oc-

528 1386 758 1433 currunt
807 1378 1160 1448 incredibilia,
1192 1397 1351 1451 quam
1397 1382 1465 1437 de
1519 1381 1692 1435 Thule
1753 1378 2080 1434 referuntur.

530 1467 642 1523 lino
679 1470 724 1525 si
760 1471 887 1540 quid
926 1471 1072 1525 aliud
1129 1488 1366 1543 unquam
1394 1473 1781 1544 scriptoribus
1824 1469 2087 1526 fabulosis

527 1569 898 1617 monstrosum
921 1564 1284 1635 excogitatum
1319 1565 1452 1628 fuit,
1509 1567 1561 1621 id
1594 1581 1753 1621 omne
1781 1564 2082 1621 verisimile

527 1654 705 1718 valde,
738 1655 846 1708 imo
872 1657 1234 1723 verissimum,
1261 1658 1308 1712 si
1329 1672 1450 1712 cum
1470 1659 1589 1713 istis
1615 1673 1916 1728 compares,
1938 1656 2081 1711 vide-

2701 1004 3086 1062 ΚΕΦΑΛΑιυΝ
3117 1005 3214 1058 ΙΖ’.

2256 1104 2435 1161 Ταῦτα
2465 1103 2558 1158 καὶ
2588 1101 2694 1156 ἀπὸ
2735 1101 2828 1155 τοῦ
2859 1099 3107 1171 δευτέρου
3157 1095 3516 1168 παραθέμενοι,
3545 1095 3671 1165 ιἴωμεν

2185 1199 2279 1252 ἐπὶ
2309 1197 2369 1250 τὸ
2398 1196 2596 1267 τριτον,
2637 1193 2704 1248 τὰ
2737 1191 2877 1246 κατά
2905 1193 3030 1253 τοὺς
3072 1188 3421 1260 βεϐοημένους
3460 1189 3672 1259 emtam.

2185 1309 2266 1345 νοι
2299 1291 2660 1362 Βραχμᾶνας·
2710 1285 2838 1340 ἔνθα
2883 1285 2945 1356 δὴ
2972 1282 3042 1336 τά
3085 1282 3228 1354 ὑπὲρ
3269 1281 3458 1352 Θούλην
3500 1283 3670 1337 ἄπιστα.

2188 1384 2296 1436 Καὶ
2329 1381 2382 1434 εἴ
2404 1381 2457 1434 τί
2485 1397 2587 1451 περ
2615 1379 2740 1434 ἄλλο
2767 1375 3065 1450 τερατῶδὲς
3103 1391 3230 1427 ποτε
3266 1373 3551 1445 μυθολόγοις
3570 1373 3672 1426 τισὶν

2187 1473 2622 1534 ἀναπέπλασται,
2654 1468 2712 1523 εὖ
2763 1468 2903 1540 μάλα
2948 1467 3112 1521 πιστά
3144 1467 3238 1520 καὶ
3281 1464 3596 1536 ἀληθέστατα,
3619 1465 3672 1527 ὼς

2187 1567 2244 1618 ὲν
2274 1565 2565 1638 παραθέσει
2588 1562 2808 1624 τούτων,
2831 1562 3259 1629 ἀναφανήσεται·
3288 1554 3368 1621 οἷς
3393 1559 3478 1610 καὶ
3497 1556 3670 1609 τδννοῦν

2187 1657 2470 1728 ἐπιστῆσαι
2495 1655 2639 1722 ἄξιον
2667 1654 2764 1725 τῆς
2793 1651 2885 1705 τοῦ
2915 1671 2932 1702 ι
2965 1650 3290 1721 Φιλαλήθους
3321 1668 3338 1699 ι
3372 1649 3532 1701 ἕνεκεν
3552 1647 3672 1700 αὐθα-

528 1744 696 1799 bitur.
718 1745 924 1811 Quibus
940 1747 1160 1802 omnino
1176 1757 1404 1803 mentem
1423 1749 1703 1805 advertere
1721 1749 1881 1804 etiam
1900 1762 2076 1818 opera:

2178 1748 2344 1812 δείας,
2378 1749 2506 1818 ἡμῖν
2547 1746 2643 1816 μὲν
2698 1745 2975 1815 εὐχέρειαν
3017 1741 3091 1814 (4)
3141 1743 3237 1795 καὶ
3279 1741 3552 1811 κουφότητα
3585 1740 3672 1810 τρό-

527 1837 759 1906 pretium
811 1846 894 1893 est
949 1847 1168 1908 propter
1220 1857 1238 1890 ι
1286 1837 1599 1896 Philalethae
1643 1861 1662 1893 ι
1724 1840 2078 1911 jactantiam,

525 1929 685 1984 nobis
712 1928 1086 1986 credulitatem
1113 1947 1430 2005 morumque
1463 1934 1732 1989 levitatem
1764 1935 2077 1998 tribuentis,

527 2021 631 2077 sibi
661 2037 789 2076 vero
835 2037 900 2078 ac
941 2024 1025 2079 sui
1067 2025 1337 2084 similibus
1369 2037 1682 2082 accuratum
1717 2027 2078 2098 solidumque,

526 2125 591 2164 ac
619 2111 847 2166 scientia
883 2112 1068 2168 nixum
1099 2115 1387 2185 judicium.
1435 2114 1568 2172 Vide
1597 2117 1761 2188 igitur
1788 2117 1987 2194 quibus
2021 2133 2080 2173 se

523 2201 688 2271 jactet
719 2205 1005 2273 portentis,
1035 2208 1241 2264 sanctis
1271 2208 1616 2279 evangelistis
1661 2209 1864 2265 nostris
1906 2209 2080 2265 Philo-

526 2300 755 2348 stratum
787 2301 1154 2364 anteponens,
1211 2306 1270 2353 ut
1311 2299 1403 2370 qui
1439 2299 1744 2356 eruditione
1777 2316 1886 2354 non
1917 2301 2079 2356 modo

523 2386 814 2456 prefecerit
839 2389 1090 2456 maxime,
1121 2391 1215 2448 sed
1262 2394 1503 2450 veritatis
1527 2395 1690 2450 etiam
1741 2395 1813 2451 sit
1845 2396 2080 2450 maxime

523 2476 824 2535 studiosus.

1069 2592 1296 2651 CAPUT
1338 2596 1524 2654 XVIII.

592 2681 836 2740 Primum
879 2683 1043 2756 igitur
1077 2688 1294 2758 quidem
1330 2688 1384 2742 in
1415 2689 1608 2745 itinere
1641 2690 1910 2760 Apollonii
1939 2689 1984 2723 ⁸⁸
2010 2691 2076 2746 ad

523 2769 890 2828 Brachmanas
917 2773 1114 2830 femina
1143 2776 1388 2847 quaedam
1435 2779 1503 2834 ab
1537 2795 1601 2834 eo
1631 2781 1814 2835 colore
1861 2781 2077 2836 induci-

524 2873 635 2933 tur,
666 2883 696 2921 a
729 2869 904 2938 capite
933 2868 999 2922 ad
1031 2870 1205 2925 femur
1233 2886 1404 2940 usque
1445 2872 1849 2938 candidissima,
1874 2873 2078 2943 reliqua

524 2973 654 3013 vero
686 2962 928 3029 corporis
950 2969 1102 3031 parte
1131 2963 1302 3034 nigra.
1338 2963 1546 3019 Montes
1577 2980 1761 3034 porro,
1801 2967 2078 3038 pergenti-

2183 1857 2283 1894 που
2319 1839 2725 1910 περιάπτοντος,
2759 1835 2904 1906 αὐτῷ
2931 1835 2987 1888 δὲ
3015 1835 3108 1888 καὶ
3135 1837 3248 1897 τοῖς
3281 1831 3420 1904 αύτῴ
3448 1830 3673 1904 παραπλη-

2182 1931 2314 1995 σίοις
2344 1931 2442 2003 τὴν
2473 1928 2670 2000 ἀκριϐῆ
2708 1929 2801 1982 καὶ
2829 1926 3048 1998 βεϐαίαν
3081 1925 3218 1997 μετὰ
3250 1924 3494 1992 ξυνέσεως
3519 1924 3670 1994 κρίσιν.

2182 2025 2323 2096 Ὅρα
2360 2022 2488 2092 γοῦν
2514 2024 2594 2092 ἐφ’
2625 2017 2705 2086 οἷς
2742 2019 3056 2092 σεμνύνεται
3103 2018 3432 2091 παραδόξοις,
3462 2016 3552 2068 τῶν
3574 2016 3674 2085 ἡμε-

2179 2114 2350 2187 τέρων
2383 2114 2538 2169 θείων
2571 2111 2962 2182 εὐαγγελιστῶν
2995 2111 3302 2182 προκρίνων
3332 2110 3416 2162 τὸν
3443 2107 3672 2176 Φιλόστρα·

2176 2224 2287 2272 τον,
2316 2207 2391 2271 ὡς
2422 2207 2494 2279 μὴ
2528 2207 2684 2278 μόνον
2715 2205 2960 2268 παιδείας
2980 2205 3071 2259 ἐπὶ
3093 2204 3336 2258 πλεῖστον
3355 2204 3551 2274 ἥκοντα,
3576 2196 3674 2253 ἀλλά

2178 2300 2270 2352 καὶ
2297 2299 2549 2372 ἀληθείας
2573 2297 2872 2370 ὲπιμεμελη
2881 2297 3056 2369 μένον.

2689 2597 3076 2651 ΚΕΦΑΛΑΙΟΝ
3115 2597 3219 2650 ιιιν.

2246 2693 2444 2765 Πρῶτα
2475 2692 2570 2763 μὲν
2599 2687 2690 2745 οὖν
2744 2693 2801 2745 ὲν
2828 2694 2894 2762 τῇ
2938 2691 3074 2762 πρὸς
3121 2692 3250 2753 τοὺς
3280 2691 3573 2762 Βραχμᾶνας
3603 2703 3671 2739 ποι

2182 2787 2300 2859 ρείᾳ.
2347 2786 2440 2838 τοῦ
2481 2785 2830 2838 Ἀπολλωνίου
2871 2785 3006 2856 γυνή
3069 2802 3160 2849 τις
3199 2784 3344 2856 αὐτῷ
3384 2785 3472 2854 τὴν
3511 2781 3669 2854 χροιὰν,

2178 2881 2450 2948 εἰσάγεται
2485 2879 2592 2932 ἀπὸ
2623 2877 2722 2949 τῆς
2753 2879 2989 2949 κεφαλῆς
3019 2880 3074 2942 ἐς
3110 2879 3281 2948 ὀσφὺν
3311 2877 3574 2946 λευκοτάτη
3600 2874 3668 2943 (5),

2175 2971 2237 3024 τὸ
2281 2971 2338 3024 δὲ
2375 2971 2556 3043 ἕτερον
2590 2971 2752 3044 μέρος
2779 2971 2872 3024 τοῦ
2920 2969 3171 3042 σώματος
3225 2971 3469 3043 μέλαινα·
3517 2967 3573 3020 τὰ
3613 2965 3667 3027 δδν

525 3052 628 3108 bus
657 3051 712 3106 in
737 3053 930 3111 itinere
961 3056 1026 3110 ad
1057 3055 1423 3113 Brachmanas
1454 3055 1690 3130 [oblati],
1733 3059 1914 3129 pipere
1947 3075 2076 3114 con-

2181 3063 2468 3135 προῖόντων
2496 3064 2593 3136 τῆς
2623 3065 2714 3118 ἐπὶ
2742 3065 2867 3128 τοὺς
2898 3064 3227 3136 Βραχμᾶνας
3257 3063 3390 3128 ὀδοῦ,
3413 3064 3519 3134 ὅρη,
3549 3074 3666 3114 κατυ-

526 3145 616 3202 siti
649 3144 714 3210 ιι,
739 3146 964 3219 ejusque
991 3150 1168 3204 coloni
1215 3150 1417 3214 simiae,
1461 3151 1830 3222 draconesque
1856 3151 2076 3222 quidam

523 3239 898 3308 magnitudine
925 3241 1186 3311 stupenda
1213 3242 1279 3310 δ’,
1301 3243 1366 3298 de
1388 3259 1618 3314 quorum
1645 3243 1911 3312 capitibus
1937 3243 2076 3314 ignis

525 3328 752 3387 ﬂammae
779 3333 1096 3397 scintillant,
1126 3351 1262 3406 quos
1287 3337 1333 3390 si
1367 3336 1492 3406 quis
1523 3337 1769 3406 perimat,
1805 3336 1856 3389 in
1888 3351 2074 3391 eorum

526 3424 702 3496 capite
729 3428 1003 3483 mirabiles
1033 3428 1266 3483 inveniat
1298 3429 1530 3499 lapillos,
1558 3428 1718 3500 Gygze
1747 3428 1943 3498 lapidi,
1978 3445 2076 3484 cu-

522 3518 614 3591 jus
638 3518 778 3589 apud
811 3517 1085 3576 Platonem
1119 3523 1338 3584 mentio,
1365 3522 1586 3577 similes.
1621 3520 1684 3574 Et
1723 3521 1836 3576 haec
1859 3522 2073 3592 quidem

527 3621 656 3668 sunt
706 3629 825 3682 quae
851 3652 867 3676 ,
906 3621 1193 3684 antequam
1257 3613 1324 3668 ad
1365 3613 1759 3669 Brachmanum
1809 3614 2073 3669 tumulum

526 3705 890 3774 perveniatur,
922 3715 1232 3761 occurrunt.
1270 3705 1339 3761 Ut
1385 3723 1513 3762 vero
1546 3706 1691 3761 hunc
1717 3721 1932 3776 quoque
1960 3707 2076 3760 atti-

524 3805 720 3868 gemat
749 3797 815 3862 “,
849 3795 1278 3854 Sandaracinum
1328 3798 1438 3853 illic
1487 3808 1706 3868 puteum
1737 3799 1938 3854 vidisse
1965 3799 2072 3864 ait,

525 3904 679 3959 aqua:
725 3890 884 3960 plane
914 3889 1216 3944 mirabilis:
1251 3889 1514 3960 juxtaque
1545 3899 1804 3963 craterem
1825 3930 1840 3955 ,
1897 3891 2073 3962 ignem

525 3981 913 4042 continentem.
944 3997 1011 4037 ex
1038 3997 1145 4052 quo
1180 3981 1409 4051 plumbei
1443 3983 1640 4039 coloris
1689 3982 1902 4037 ﬂamma
1947 3999 2074 4040 sur.

526 4085 648 4127 sum
678 4071 882 4126 tendat.
914 4069 1051 4126 Tum
1080 4079 1134 4126 et
1167 4072 1308 4126 dolia
1351 4072 1458 4126 duo
1494 4073 1688 4142 lapidis
1721 4073 2071 4144 nigricantis,

523 4161 752 4218 alterum
801 4161 1092 4228 imbrium,
1145 4163 1479 4234 alterumque
1539 4172 1820 4219 ventorum
1850 4205 1866 4229 ,
1933 4165 2075 4221 unde

523 4250 887 4308 Brachmanas
917 4253 984 4308 iis
1017 4253 1214 4324 quibus
1243 4253 1457 4311 faveant
1481 4255 1751 4326 indigenis
1779 4253 1990 4329 [ventos
2011 4272 2075 4312 ac

523 4339 783 4414 pluviam]
799 4343 1194 4413 impertiantur.
1211 4343 1348 4412 Quin
1370 4355 1578 4402 statuas
1595 4362 1810 4419 queque
1821 4346 1962 4418 apud
1979 4363 2072 4404 eos

521 4446 644 4488 esse
677 4451 698 4486 ι
738 4434 974 4490 Poliadis
1011 4455 1030 4488 ι
1072 4436 1340 4504 Minervae,
1370 4437 1656 4510 Pythiique
1693 4440 1988 4511 Apollinis,
2019 4447 2074 4494 et
2105 4421 2149 4476 ι)

523 4518 740 4584 Bacchi,
768 4523 1103 4595 aliorumque
1119 4527 1475 4599 quorumdam
1505 4528 1751 4595 deorum,
1779 4543 1900 4598 quae
1925 4527 2071 4583 Grae—

523 4613 570 4668 ci
599 4612 802 4667 colunt.
835 4612 1077 4669 Iarcham
1113 4625 1289 4672 autem
1325 4617 1394 4684 “,
1426 4618 1518 4689 qui
1564 4619 1816 4674 omnibus
1847 4623 2029 4689 praesit
2051 4658 2068 4685 ,

522 4705 779 4773 appellari
803 4723 822 4758 ι
857 4702 1206 4774 magistrum:
1233 4727 1253 4761 ι
1282 4724 1440 4780 quem
1460 4709 1652 4766 viderit
1672 4712 2066 4775 considentem,

521 4795 708 4851 habitu
764 4798 898 4852 adeo
933 4814 963 4852 a
1008 4798 1378 4871 philosophico
1409 4801 1738 4867 dissidente,
1786 4811 1847 4859 ut
1879 4813 2068 4860 satra-

520 4905 644 4961 pam
680 4891 925 4948 retulerit
966 4897 1181 4964 potius,
1216 4895 1273 4950 in
1310 4896 1528 4954 sublimi
1558 4899 1854 4956 collocatus
1907 4902 2065 4958 solio.

2178 3158 2553 3229 πεφυτευμένα
2591 3158 2651 3211 τὸ
2697 3157 2915 3230 πέπερι,
2950 3157 3044 3212 καὶ
3087 3157 3279 3211 τούτου
3322 3155 3518 3227 πίθηκοι
3541 3165 3668 3220 γεωρ-

2173 3249 2280 3318 γοὶ,
2315 3251 2407 3302 καὶ
2450 3248 2734 3321 παράδοξοί
2761 3265 2906 3311 τινες
2960 3247 3021 3301 τὸ
3053 3248 3280 3319 μέγεθος
3321 3248 3592 3319 δράκοντες,
3616 3234 3667 3293 ὧν

2175 3341 2281 3395 ἀπὸ
2303 3340 2536 3412 κεφαλῆς
2565 3339 2842 3411 λαμπάδες
2868 3339 3328 3411 ἀπορριπτοῦνται
3350 3336 3520 3410 πυρὸς,
3543 3333 3614 3395 οὓς
3635 3329 3670 3382 tl

2172 3449 2256 3496 τις
2279 3432 2474 3495 ἀνέλοι,
2493 3432 2640 3504 εὖροι
2661 3432 2746 3492 ἂν,
2775 3434 2924 3504 φησὶ,
2957 3432 3292 3504 παραδόξους
3316 3429 3480 3492 λίθους
3501 3425 3575 3480 ἐπὶ
3597 3422 3667 3492 τῆς

2173 3522 2431 3594 κεφαλῆς,
2452 3524 2526 3595 τῷ
2556 3524 2646 3578 τοῦ
2673 3525 2864 3594 Γύγου,
2884 3523 2976 3576 τοῦ
2995 3524 3144 3594 παρὰ
3172 3523 3248 3594 τῷ
3269 3523 3516 3581 Πλάτωνι,
3539 3532 3651 3586 παρα

2175 3613 2448 3685 πλησίους.
2470 3616 2578 3668 Καὶ
2602 3615 2770 3670 ταῦτα
2801 3615 2897 3686 μὲν
2923 3615 2992 3668 τὰ
3015 3615 3120 3686 πρὸ
3148 3616 3242 3668 τοῦ
3275 3615 3376 3668 τῶν
3399 3609 3666 3682 Βραχμάνων

2172 3705 2356 3777 λόφου.
2397 3705 2484 3772 Ὠς
2514 3708 2570 3761 δὲ
2613 3709 2705 3762 καὶ
2748 3710 2826 3772 εἰς
2857 3708 3016 3762 αὑτὸν
3054 3708 3326 3778 ἀφίκοντο,
3360 3703 3666 3773 Σανδαρίκινον

2173 3799 2404 3854 ὲνταῖδθει-
2430 3801 2603 3872 φρέαρ
2646 3799 2836 3864 ὓδατος
2901 3801 3027 3854 ἰδεῖν
3083 3800 3403 3872 παραδόξου,
3451 3796 3531 3850 καὶ
3568 3807 3664 3861 ιρι·

2171 3889 2313 3960 τῆρα
2348 3889 2568 3962 πλησίον
2589 3890 2778 3961 πυρὸς,
2801 3885 2862 3943 οὗ
2884 3889 3053 3958 φλόγα
3084 3887 3487 3960 ἀναπέμπεσθαι
3515 3879 3664 3955 μολυϐ-

2172 3979 2330 4051 δὼδη·
2362 3981 2456 4035 δύο
2485 3998 2544 4034 τε
2570 3981 2754 4043 πίθους
2776 3981 2920 4034 λίθου
2961 3981 3207 4052 μέλανος·
3240 3981 3328 4034 τὸν
3358 3979 3448 4051 μὲν
3476 3973 3662 4046 δμὸρωνν

2172 4071 2260 4124 τὸν
2281 4072 2337 4124 δὲ
2355 4072 2584 4142 ἀνέμων,
2603 4071 2692 4140 ἀφ’
2706 4065 2779 4123 ὧν
2801 4073 2924 4134 τοὺς
2937 4072 3283 4141 Βραχμᾶνας,
3298 4064 3374 4132 οἷς
3400 4068 3458 4121 ἂν
3472 4062 3559 4117 εἶεν
3575 4060 3664 4126 ἰλεῳ

2172 4163 2267 4233 τῆς
2295 4161 2493 4235 χώρας,
2543 4166 2811 4235 χορηγεῖν.
2860 4162 3019 4216 Ἀλλά
3043 4181 3105 4232 γε
3155 4165 3249 4216 καὶ
3280 4161 3541 4231 ἀγάλματα
3570 4147 3663 4222 παρ’

2179 4257 2360 4319 αὐτοῖς
2401 4256 2624 4328 Ἀθηνᾶς
2654 4276 2670 4307 ι
2705 4256 2965 4320 Πολιάδος
2996 4277 3012 4308 ι
3042 4257 3136 4309 καὶ
3152 4254 3467 4313 ’Λπόλλωνος
3495 4245 3660 4306 Πυθίου,

2175 4353 2268 4405 καὶ
2295 4351 2541 4404 Διονύσου
2573 4350 2667 4421 (6),
2697 4351 2788 4404 καὶ
2813 4349 2983 4405 ἄλλων
3019 4350 3180 4403 τινῶν
3219 4345 3518 4417 Ἑλληνικῶν
3545 4338 3660 4393 θεῶν.

2186 4445 2396 4516 Ἰἀρχαν
2425 4443 2500 4506 δὲ,
2531 4443 2620 4496 τὸν
2663 4445 2754 4496 ἐπὶ
2799 4443 3030 4504 πάντων,
3085 4461 3104 4492 ι
3143 4441 3446 4496 διδάσκαλον
3478 4457 3494 4488 ι
3525 4429 3688 4487 ιιιιλεῐοΔ

2175 4535 2297 4588 σθαι
2320 4552 2334 4565 ⁸
2363 4534 2422 4588 ὃν
2461 4535 2552 4589 καὶ
2589 4533 2712 4586 ἰδεῖν
2747 4531 3122 4604 καθεζόμενον,
3154 4530 3345 4586 πολλοῦ
3375 4547 3432 4598 γε
3453 4527 3522 4581 δεῖ
3554 4520 3658 4592 φιλο*

2174 4626 2427 4696 σοφικῶς,
2463 4625 2778 4697 σατραπικῴ
2811 4625 2887 4695 (-7)
2933 4625 2976 4678 δ’
3011 4624 3075 4678 ἂν
3108 4625 3302 4696 μᾶλλον
3345 4622 3568 4692 σχήματι,
3599 4610 3658 4678 ἐφ’

2173 4718 2502 4788 ὑψηλοτάτου
2539 4716 2745 4788 δίφρου.
2795 4715 3007 4769 Χαλκοῦ
3056 4715 3112 4769 δὲ
3163 4716 3386 4787 μέλανος
3427 4707 3558 4771 οὗτος
3593 4698 3655 4772 ἦν»

2172 4810 2266 4864 καὶ
2319 4808 2625 4862 πεποίκιλτο
2661 4806 2907 4881 χρυσέοις
2956 4808 3280 4879 ἀγάλμασιν,
3328 4803 3408 4860 οἷα
3443 4803 3500 4872 δὴ
3535 4795 3653 4854 εἰκὸς,

2174 4902 2512 4973 τεχνουργῶν
2552 4901 2828 4972 βαναύσων
2858 4901 3075 4974 τρόπον,
3104 4901 3238 4973 πυρὶ
3282 4899 3372 4954 καὶ
3395 4896 3564 4966 σιδήρῳ
3588 4901 3654 4957 μο-

589 5044 633 5077 ⁸⁹
670 5046 764 5102 lib.
796 5061 879 5102 ιιι.
950 5045 997 5081 ⁵⁸
1033 5047 1128 5105 lib.
1164 5066 1258 5115 ιιι,
1289 5065 1338 5105 c.
1370 5051 1424 5106 5.
1499 5052 1540 5085 “
1580 5053 1676 5108 lib.
1709 5069 1802 5118 ιιι,
1835 5069 1885 5111 c.
1918 5054 1973 5111 ι.
2047 5055 2076 5088 ιτ

2177 5056 2223 5112 b.
2259 5071 2354 5121 ιιι,
2387 5072 2436 5114 c.
2469 5056 2524 5112 8.
2599 5056 2646 5088 ⁸³
2683 5056 2777 5110 lib.
2811 5071 2892 5118 ιιι,
2925 5071 2975 5111 c.
3013 5055 3094 5109 ιι.
3169 5054 3215 5086 ⁸⁵
3253 5053 3346 5109 lib.
3377 5067 3463 5116 ιιι,
3488 5063 3527 5102 c.
3558 5042 3619 5096 16.

588 5196 666 5341 γη
715 5199 878 5270 Ἡμῖν
901 5201 1016 5272 μὲν
1042 5201 1367 5272 εὐχέρειαν,
1398 5211 1501 5258 etc.
1544 5205 1672 5262 Vide
1696 5222 1858 5278 supra
1884 5223 1934 5263 c.
1966 5209 2021 5263 2.

611 5269 644 5323 5
703 5271 834 5326 Ἀπὸ
862 5290 912 5326 τ.
1111 5277 1176 5340 ἐς
1207 5275 1345 5341 ὀσφ.
1377 5278 1543 5330 λευκ.
1580 5274 1654 5330 Ex
1686 5279 1946 5332 memoria
1974 5296 2021 5335 St

611 5269 666 5344 5)
703 5269 834 5326 Ἀπὸ
862 5269 914 5326 τ.
945 5290 1074 5344 saga.
1111 5269 1345 5344 ἒξόσφ.
1377 5278 1543 5330 λευκ.
1580 5274 1654 5330 Ex
1686 5269 1946 5332 memoria
1974 5293 2072 5335 sua

517 5341 700 5408 potius
722 5358 880 5412 quam
905 5357 970 5397 ex
993 5341 1325 5399 Philostrato
1353 5345 1464 5400 haec
1493 5346 1758 5414 depromit
1782 5347 2069 5414 Eusebius,

559 5424 637 5464 ua:
667 5419 844 5489 tamen
859 5429 988 5489 eum
1013 5414 1103 5470 hic
1121 5414 1382 5489 destituit.
1415 5414 1546 5470 Nam
1569 5415 1928 5489 Philostratus
1952 5421 2073 5489 qui-

557 5494 640 5559 em
674 5481 818 5559 illam
853 5483 1109 5559 feminam
1155 5499 1186 5539 a
1229 5486 1404 5554 capite
1449 5502 1622 5559 usque
1671 5487 1760 5559 ad
1786 5481 2067 5556 mammas,

519 5553 753 5626 nigram,
783 5553 906 5626 inde
939 5556 1144 5626 reliquo
1168 5553 1394 5626 corpore
1425 5553 1710 5611 candidam
1741 5557 1909 5616 fuisse
1938 5561 2032 5614 ait.

591 5618 682 5700 (6).
705 5623 813 5700 βαι
837 5618 1146 5700 Διονύσου.
1166 5618 1408 5700 lneditis
1429 5627 1668 5682 additum
1690 5629 1901 5700 Δηλίου,
1925 5631 2067 5700 quod

520 5689 739 5752 Eusebii
769 5708 890 5750 esse
920 5697 1126 5766 nequit,
1160 5697 1251 5766 qui
1276 5695 1526 5767 ignorare
1553 5713 1661 5756 non
1693 5689 1902 5770 poterat
1927 5689 2067 5756 Delii

2172 5224 2469 5280 cognomen
2504 5210 2558 5263 in
2599 5209 2876 5265 Bacchieis
2905 5211 3047 5265 haud
3079 5226 3220 5266 esse.
3266 5209 3398 5263 Puto
3427 5219 3514 5280 ego
3533 5201 3647 5280 doct?

2172 5277 2333 5336 manu
2374 5281 2604 5350 quadam
2633 5279 2822 5351 Δηλίου
2853 5281 2907 5335 in
2941 5281 3181 5351 margine
3206 5282 3375 5351 primo
3398 5277 3646 5351 adnotatum

2173 5351 2360 5424 (uisse,
2393 5349 2451 5404 ut
2483 5349 2998 5424 scﬂicet'itotaretur
3024 5349 3162 5424 apud
3199 5349 3646 5424 Pliilosti-atuQPT

2185 5412 2510 5496 Ἀπόλλωνος
2541 5421 2743 5496 Πυθίου,
2771 5420 2895 5496 legi,
2938 5412 3261 5496 Ἀπόλλωνος
3287 5419 3470 5496 Δηλίρυ,
3492 5432 3503 5467 ε
3529 5412 3646 5496 ίίῖίὶιξῗ

2172 5500 2361 5571 postea
2386 5492 2659 5571 indoctum
2691 5488 2970 5545 librarium
3003 5494 3055 5547 in
3086 5501 3284 5547 textum
3311 5488 3424 5560 post
3447 5488 3643 5538 Διονύσου

2174 5563 2420 5616 imperite
2445 5563 2753 5616 intrusisse.

2267 5632 2319 5698 7)
2360 5630 2720 5701 Σατραπικῷ.
2757 5630 2830 5685 Ita
2853 5631 3132 5700 legendum
3152 5631 3364 5689 omnino
3383 5640 3471 5700 pro
3491 5631 3644 5688 σατρα-

2173 5702 2348 5766 πικῶς
2373 5702 2516 5773 quod
2548 5709 2665 5758 erat
2701 5702 2754 5757 in
2788 5701 2969 5759 editis.
