3936 6208
194 280 295 340 825

1315 281 1518 339 LIBER
1553 283 1831 341 CONTRA
1871 286 2289 347 HIEROCLEM.

3314 297 3418 354 826

190 393 453 469 χθοῦντας
482 393 610 458 τοὺς
645 393 964 465 φιλοσόφους
1002 398 1368 469 τεχνουργεῖν,
1400 398 1433 468 ἢ
1474 400 1588 466 καὶ,
1624 399 1743 454 θαυ-

1862 402 1990 459 Erat
2021 413 2197 461 autem
2225 406 2355 462 illud
2382 421 2449 462 ex
2487 421 2594 463 are
2633 406 2808 479 nigro,
2838 406 3127 480 aureisque
3165 422 3419 469 ornatum

194 487 498 561 ματοποιῶν
529 486 702 558 δίκην,
747 487 1048 558 αὐτόματον
1088 488 1369 543 ἀποτελεῖν
1407 492 1469 544 τὸ
1507 491 1764 564 δημιούρ-

1862 499 2080 561 statuis,
2121 500 2310 567 quales
2332 500 2561 566 scilicet,
2595 500 2872 556 fabrorum
2913 518 3065 559 more
3112 507 3420 562 verosimile

187 598 361 654 γημα.
397 581 462 633 Οί
504 580 561 633 δὲ
600 580 707 634 τῶν
740 580 913 635 ἀλλων
943 580 1051 635 τῶν
1093 582 1209 653 μετ’
1242 583 1402 638 αὑτὸν
1446 584 1743 639 διδάσκαλοι

1860 590 1933 644 sit
1963 592 2278 663 sapientes,
2320 592 2431 663 igni
2479 591 2731 664 ferroque
2780 594 3058 659 adhibito,
3112 594 3415 664 fabricare;

185 672 362 743 δίφροι
399 671 589 743 χαλκοῖ
621 673 739 744 μὲν,
769 673 954 743 φησὶν,
978 673 1180 745 ἄσημοι
1208 675 1252 729 δ’
1284 671 1445 747 ἦσαν,
1472 678 1566 730 καὶ
1598 673 1743 750 ἦττοι

1857 682 1989 751 quin
2011 692 2064 737 et
2090 684 2543 755 praestigiatorum
2584 685 2693 739 ritu
2739 686 2814 739 ita
2840 701 2974 755 opus
3006 686 3305 751 instruere,
3357 696 3419 744 ut

186 762 397 835 ὑᾲηλοί.
449 764 595 817 Ἔδει
638 765 746 836 γάρ
793 782 892 818 που
942 766 1202 837 τυράννου
1255 768 1470 832 πάντως
1515 770 1751 840 σχήματι

184 854 483 925 προνομίας
507 854 606 924 τῆς
634 856 689 908 ὲν
716 855 1011 926 ἀγάλμασι,
1040 858 1132 911 καὶ
1158 859 1343 931 χρυσῷ
1373 860 1464 913 τὸν
1486 860 1585 930 τῆς
1605 860 1753 925 θείας

184 945 499 1014 φιλοσοφίας
521 946 833 1001 διδάσκαλον
864 949 1161 1014 ἀξιοῦσθαι.

1857 781 2052 842 sponte
2096 790 2194 830 sua
2229 784 2528 832 moveatur.
2561 776 2889 831 Caélerarum
2923 784 3123 839 autem,
3156 779 3247 849 qui
3280 780 3420 836 assi-

1863 863 2065 919 debant
2093 866 2384 937 magistro,
2418 867 2597 931 sedes,
2620 882 2772 922 aereae
2799 867 3047 938 quidem,
3080 871 3158 924 uti
3216 871 3324 933 ait,
3343 872 3419 927 si-

1858 958 1980 1028 gnis
2011 967 2190 1013 tamen
2218 974 2420 1014 ornatae
2470 975 2579 1014 non
2604 968 2783 1025 erant,
2822 961 3109 1031 minusque
3137 964 3415 1022 sublimes.

180 1035 387 1109 Nempe
412 1048 528 1095 erat
564 1043 891 1099 conveniens
929 1046 1151 1098 omnino
1191 1047 1338 1117 regio
1366 1048 1579 1103 ornatui
1616 1054 2002 1122 praerogativa,
2052 1055 2106 1109 in
2156 1059 2351 1112 statuis
2382 1056 2489 1112 illis
2527 1054 3209 1126 consistens,[conveniens
3242 1058 3390 1134 item]

179 1148 319 1190 auro
347 1134 614 1192 honorare
642 1136 835 1192 divina:
856 1139 1206 1210 philosophia:
1231 1144 1576 1214 magistrum.

702 1236 1093 1291 ΚΕΦΑΛΑΙΟΝ
1132 1238 1230 1292 ΙΘ¹.

249 1324 473 1397 Πρῶτον
516 1325 572 1380 δὲ
614 1326 704 1380 τὸν
749 1327 960 1400 Ἰάρχαν
1006 1331 1195 1397 ἰδόντα,
1225 1334 1375 1405 φησὶ,
1424 1335 1515 1389 τὸν
1557 1338 1745 1393 Ἀπολ-

176 1412 388 1479 λώνιον,
434 1416 493 1482 ἐξ
539 1417 797 1488 ὀνόματός
839 1437 897 1473 τε
949 1427 1265 1493 προσειπεῖν
1305 1425 1378 1495 (8)
1426 1427 1632 1482 Ἐλλάδι
1677 1434 1743 1502 τῇ

178 1511 353 1581 φωνῇ,
384 1511 478 1563 καὶ
509 1512 573 1581 ἢν
598 1510 743 1581 αὐτῷ
771 1512 921 1583 παρὰ
945 1512 1197 1585 Φραώτου
1223 1517 1433 1588 κομίζει
1461 1520 1745 1594 ἐπιστολὴν

175 1603 419 1673 αἰτῆσαι,
468 1602 609 1657 κατά
657 1605 959 1676 πρόγνωσιν
1006 1607 1104 1677 ἤδη
1155 1608 1313 1663 τοῦτο
1357 1613 1743 1683 προειληφότα.

186 1692 553 1757 Ἐνδείξασθαί
580 1711 639 1747 τε
682 1694 741 1748 τὸ
787 1694 964 1749 ἔνθεον
1009 1698 1108 1769 τῆς
1141 1700 1513 1771 προγνώσεως,
1563 1722 1746 1777 προει-

176 1785 407 1857 ρηκότα,
434 1785 507 1849 ὡς
548 1786 653 1855 ἄρα
683 1788 762 1840 ἐνὶ
784 1788 1088 1860 γράμματι,
1127 1791 1203 1863 τῷ
1241 1810 1259 1841 ι
1296 1793 1483 1868 Δέλτα,
1525 1816 1543 1848 ι
1577 1795 1745 1852 λείποι

172 1881 206 1948 ἡ
252 1877 526 1949 ἐπιστολή.
569 1879 865 1950 Ἀρξασθαί
913 1900 971 1935 τε
1013 1884 1384 1956 ἀπειροκάλως
1429 1887 1589 1952 εὐθὺς
1639 1889 1748 1943 ἀπὸ

173 1974 402 2044 πρώτης
432 1971 667 2041 ὁμιλίας,
711 1975 1137 2047 ἀπειροπλούτου
1179 1978 1353 2050 δίκην,
1396 1981 1748 2037 ὲνεπιδείκνυο

172 2061 302 2116 σθαι
337 2062 396 2117 τὺ
436 2064 537 2135 τῆς
589 2066 945 2137 προγνώσεως
989 2071 1385 2144 πλεονέκτημα,
1418 2075 1625 2147 πατέρα
1655 2078 1747 2130 καὶ

171 2155 393 2226 μητέρα
430 2157 791 2226 καταλέγοντα
835 2159 926 2213 τοῦ
968 2162 1342 2227 Ἀπολλωνίου,
1378 2166 1531 2235 γένος
1562 2185 1619 2220 τε
1656 2172 1747 2223 καὶ

165 2247 403 2320 τροφὴν,
436 2248 529 2302 καὶ
556 2250 824 2313 παιδείαν,
866 2252 959 2305 καὶ
986 2255 1084 2319 τὰς
1112 2256 1252 2309 κατὰ
1290 2258 1511 2329 χρόνους
1543 2260 1745 2333 ἀποδη-

170 2339 331 2410 μίας,
362 2340 454 2393 καὶ
484 2341 580 2411 τὴν
620 2343 675 2406 ἐς
717 2343 877 2397 αὐτὸν
924 2346 1165 2416 πορείαν,
1198 2349 1290 2402 καὶ
1332 2349 1401 2402 τά
1433 2353 1552 2404 κατ’
1581 2353 1747 2424 αὐτὴν

166 2432 538 2503 πεπραγμένα
593 2432 735 2504 αὐτῷ
790 2436 883 2487 καὶ
924 2435 1262 2507 ὡμιλημένα.
1297 2435 1430 2492 Εἶτα
1478 2440 1535 2493 δέ
1583 2460 1745 2513 φησιν

165 2515 328 2587 οὗτος
371 2524 400 2576 ό
450 2523 749 2595 θαυμάσιος
806 2530 1172 2599 συγγραφεὺς,
1225 2532 1349 2594 τοὺς
1397 2532 1743 2604 Βραχμᾶνας,

166 2618 292 2687 ἅμα
346 2616 424 2688 τῷ
464 2618 820 2692 Ἀπολλωνίῳ,
868 2622 1230 2692 χρισαμένους
1280 2623 1578 2697 ἠλεκτρίνῳ
1613 2644 1747 2697 φαρ-

168 2708 355 2779 μάκῳ,
382 2709 672 2763 λούσασθαι
696 2727 709 2740 ’
742 2713 836 2765 κα)⁸
880 2715 1238 2784 περιστάντας
1266 2716 1341 2779 ὼς
1373 2717 1430 2769 ἐν
1467 2716 1615 2789 χορῷ
1647 2719 1745 2790 τὴν

163 2800 279 2870 γῆν
311 2801 475 2871 τύψαι
517 2806 635 2868 ταῖς
686 2804 928 2876 ῥάϐδοις·
957 2806 1053 2878 τὴν
1099 2806 1155 2859 δὲ
1206 2808 1572 2879 κυρτωθεῖσαν
1618 2811 1747 2865 ἀνα-

165 2894 390 2965 πέμψαι
424 2896 619 2960 αὐτοὺς
643 2898 701 2961 ὲς
744 2897 942 2969 δίπηχυ
976 2898 1069 2951 τοῦ
1102 2901 1281 2972 ἀέρος,
1311 2901 1530 2954 ἑστάναι
1568 2918 1627 2954 τε
1657 2902 1747 2955 αύ-

162 2989 299 3051 τοὺς
330 2988 632 3061 μετεώρους
660 2992 715 3042 ὲν
736 2991 880 3061 αὑτῷ
902 2991 1021 3063 ἀέρι
1044 2992 1134 3044 ἐπί
1156 3009 1207 3044 τι
1234 2994 1425 3064 χρόνου
1451 2994 1741 3065 διάστημα,

2328 1237 2488 1309 524
2522 1238 2746 1295 CAPUT
2785 1234 2924 1295 XIX.

1923 1330 2173 1387 larcham
2217 1342 2396 1387 autem
2423 1372 2437 1396 ,
2469 1334 2557 1387 ubi
2610 1334 2841 1403 primum
2912 1333 3254 1405 Apollonium
3286 1353 3419 1392 cnn-

1852 1423 2118 1496 spexisset
2139 1463 2152 1486 ,
2174 1423 2495 1477 nominatim
2528 1438 2651 1478 eum
2684 1425 2946 1479 salutasse
3000 1426 3073 1479 ait
3104 1424 3285 1480 Graeca
3322 1428 3418 1480 lin-

1850 1530 1976 1586 gua,
2008 1514 2265 1583 reddique
2298 1514 2398 1569 sibi
2429 1515 2711 1584 epistolam
2735 1555 2749 1578 ,
2792 1531 2954 1585 quam
2988 1530 3018 1569 a
3047 1514 3279 1571 Pbraota
3313 1519 3416 1587 ipsi

1853 1607 2112 1663 aﬂ'erebat
2132 1647 2146 1671 ,
2182 1607 2491 1677 postulasse
2517 1647 2530 1670 ,
2559 1614 2739 1662 mente
2771 1623 3011 1679 praesaga
3044 1623 3108 1663 ea
3136 1609 3202 1663 de
3227 1610 3415 1679 rejam

1777 1739 1818 1793 Β
1854 1708 2011 1755 antea
2033 1698 2307 1755 edoctum.
2364 1697 2565 1769 Nempe
2592 1699 2994 1753 demonstrasse
3019 1699 3277 1755 divinitus
3310 1700 3415 1754 sibi

1848 1807 1935 1846 res
1962 1799 2121 1845 antea
2162 1798 2475 1860 perspectas
2517 1806 2659 1853 esse,
2687 1790 3029 1860 praedicendo
3072 1806 3177 1844 una
3210 1791 3410 1854 littera,

1851 1902 1869 1935 ι
1901 1882 2073 1948 Delta,
2098 1903 2127 1951 γι
2160 1884 2388 1939 deiicere
2419 1883 2721 1953 epistolam.
2744 1884 2988 1955 prisse
3012 1895 3189 1939 autem
3224 1899 3414 1955 parum

1844 1978 2091 2033 modeste
2114 1978 2287 2047 prima
2320 1977 2506 2032 statim
2560 1980 3006 2040 conversatione,
3047 1994 3199 2034 more
3225 1993 3413 2033 eorum

1845 2072 1934 2140 qui
1970 2072 2137 2127 vastis
2168 2071 2372 2126 divitiis
2400 2069 2701 2131 abundant,
2746 2070 3186 2125 ahseonditarum
3230 2086 3435 2139 rerum,

1840 2164 2050 2233 jactare
2082 2164 2385 2226 scientiam,
2426 2171 2631 2233 patrem
2675 2165 3012 2218 recensendo
3040 2166 3309 2235 Apollonii
3361 2171 3416 2221 et

1845 2263 2094 2321 matrem,
2123 2265 2175 2311 et
2203 2272 2373 2326 genus
2412 2272 2594 2319 omne,
2619 2255 3107 2328 educationemque
3158 2266 3211 2313 et
3258 2258 3414 2313 insti-

1844 2346 2127 2414 tutionem,
2149 2347 2423 2416 variisque
2468 2348 2806 2418 temporibus
2858 2357 3141 2417 susceptas
3169 2348 3414 2419 peregri-

1844 2436 2113 2498 nationes,
2145 2445 2198 2492 et
2226 2438 2370 2508 quod
2401 2438 2465 2493 ad
2491 2438 2668 2508 ipsum
2698 2439 3007 2494 instituerat
3032 2440 3151 2503 iter,
3186 2454 3415 2509 quaeque

1843 2529 1945 2598 ipsi
1975 2530 2027 2583 in
2058 2546 2123 2585 eo
2152 2537 2302 2601 gesta
2338 2530 2550 2585 dictave
2598 2530 2832 2586 fuerant.
2876 2532 3005 2586 lude
3046 2546 3208 2601 porro
3261 2547 3413 2601 egre-

1844 2623 1964 2693 gius
1992 2624 2082 2678 ille
2114 2624 2347 2694 scriptor
2374 2632 2563 2678 narrat
2595 2623 2662 2689 ",
2691 2624 2956 2679 electrino
3002 2633 3277 2695 unguento
3307 2640 3411 2678 un-

1844 2726 1962 2773 ctos
1987 2716 2355 2772 Brachmanas
2385 2732 2509 2771 cum
2530 2714 2801 2788 Tyaneusi
2823 2759 2837 2781 ,
2871 2717 3066 2772 balneo
3096 2733 3227 2772 usos
3256 2733 3376 2773 esse
3396 2758 3411 2776 .

1842 2823 2072 2875 eumque
2101 2808 2438 2870 ambientes,
2474 2808 2642 2863 choro
2668 2808 2856 2877 quasi,
2913 2816 3116 2864 terram
3162 2810 3418 2880 scipioni-

1843 2899 1944 2952 bus
1966 2895 2210 2961 feriisse;
2243 2912 2361 2951 eam
2396 2913 2526 2952 vero
2557 2896 2611 2950 in
2648 2898 2869 2968 gibbum
2901 2900 3258 2963 resilientem,
3292 2902 3415 2957 alti-

1842 2990 2029 3045 tudine
2062 2990 2343 3044 bicubitali
2373 3005 2466 3045 eos
2492 2993 2545 3044 in
2592 3007 2777 3046 aerem
2834 2993 3116 3058 extulisse,
3149 2996 3411 3065 pensiles-

164 3080 353 3134 ἕλκειν
378 3079 435 3134 δὲ
468 3082 559 3134 καὶ
599 3080 707 3153 πῦρ
742 3081 847 3135 ἀπὸ
874 3082 967 3135 τοῦ
1010 3083 1181 3154 ἡλίου,
1220 3085 1307 3137 ὅτε
1335 3084 1623 3155 βούλοιντο,
1652 3088 1741 3140 αὑ·

1854 3098 1947 3152 que
1974 3081 2290 3150 aliquandiu
2322 3082 2376 3136 in
2410 3084 2526 3153 ipso
2570 3098 2695 3138 aere
2735 3084 2856 3139 illos
2883 3086 3214 3142 substitisse.
3261 3085 3413 3143 Deri-

162 3173 441 3242 τομάτως.
472 3172 689 3237 Τούτοις
720 3173 764 3226 δ’
794 3174 1041 3246 ἐπιφέρει
1076 3175 1372 3247 παράδοξον
1401 3179 1428 3230 ό
1464 3177 1735 3249 θαυματο-

162 3263 361 3332 λόγος’
393 3265 468 3327 ὡς
498 3264 605 3336 ἄρα
633 3265 881 3336 τρίποδες
914 3267 1137 3320 Πυθικοὶ
1158 3268 1413 3339 τέτταρες
1447 3269 1737 3342 ὲξεκυκλήο

165 3356 350 3429 θησαν
378 3356 473 3427 (9),
508 3357 800 3427 αὐτόματοι
841 3359 1158 3428 φοιτῶντες·
1197 3361 1289 3415 καὶ
1322 3362 1526 3426 εἰκάζει
1553 3362 1615 3433 δὴ
1646 3359 1738 3416 οὖν

164 3450 372 3512 αὐτοὺς
410 3452 524 3514 τοῖς
563 3450 898 3522 ὐμηρείοις·
939 3452 1205 3522 οἰνοχόους
1245 3455 1294 3505 τ’
1324 3455 1414 3507 ἐπὶ
1441 3454 1647 3519 τούτοις
1676 3457 1740 3509 ὲκ

164 3541 379 3614 χαλκοῦ
423 3540 697 3606 διακόνους
748 3544 846 3615 τὴν
898 3542 1027 3616 ὓλην
1072 3546 1180 3616 (10)
1226 3546 1402 3618 ἵστησι
1453 3547 1736 3620 τέτταρας.

178 3633 456 3702 Ἐπιλέγει
477 3634 532 3686 δὲ
565 3634 638 3698 ὠς
671 3635 775 3708 ἄρα
816 3638 908 3689 καὶ
937 3638 970 3708 ἡ
996 3637 1063 3707 γῆ
1086 3639 1402 3710 αὐτομάτως
1432 3640 1741 3711 ὑπεστρών-

165 3744 301 3782 νυτο
340 3728 522 3790 αὐτοῖς
555 3728 706 3791 πόας.
740 3728 859 3782 Τῶν
898 3729 954 3783 δὲ
986 3730 1252 3801 τριπόδων
1290 3732 1338 3783 οἱ
1374 3732 1469 3802 μὲν
1498 3731 1609 3796 δύο,
1640 3750 1741 3804 φη-

169 3821 284 3884 σὶν,
326 3818 467 3873 οἴνου
500 3817 786 3893 ἀπέρρεον,
831 3825 879 3876 οί
917 3822 972 3875 δὲ
1016 3824 1191 3891 ἕτεροι
1226 3824 1337 3887 δύο,
1367 3826 1395 3876 ὁ
1428 3826 1525 3895 μὲν
1553 3825 1741 3891 ὓδατος

167 3911 378 3984 θερμοῦ
431 3915 624 3986 κρᾶσιν
668 3918 946 3987 παρεῖχεν,
991 3918 1019 3970 ὁ
1060 3917 1105 3970 δ’
1144 3912 1209 3970 αὖ
1247 3916 1472 3989 ψυχροῦ.
1516 3920 1652 3983 Τοὺς
1684 3919 1740 3972 δὲ

164 4007 442 4077 (οἰνοχόους
491 4009 616 4071 τοὺς
649 4007 882 4078 χαλκοῦς
932 4008 1191 4081 ἀρύεσθαι
1243 4010 1521 4083 εὐμέτρως
1562 4011 1653 4064 τοῦ
1682 4029 1740 4065 τε

166 4098 320 4153 οἴνου
373 4100 590 4153 καὶτοῦ
642 4100 862 4165 ὓδατοςο
911 4102 1279 4172 περιελαύνειν
1320 4120 1381 4173 γε
1426 4104 1606 4177 κύκλῳ
1646 4105 1743 4169 τάς

171 4193 424 4258 κύλικας,
455 4193 641 4267 ὥσπερ
662 4195 718 4247 ὲν
740 4197 851 4259 τοῖς
875 4195 1054 4259 πότοις
1083 4196 1129 4269 (1
1145 4196 1214 4269 1).

703 4463 1096 4515 ΚΕΦᾹΛΑΙΟΝ
1132 4465 1215 4516 Κ’.

245 4549 431 4604 Ταῦτα
476 4552 744 4623 Ἱεροκλεῖ,
772 4553 841 4607 τά
863 4554 1121 4608 ἀνωτάτω
1151 4554 1259 4625 (12)
1289 4557 1381 4609 καὶ
1426 4556 1649 4611 καθόλου
1675 4558 1747 4612 δι-

172 4647 446 4717 καστήρια
510 4647 939 4718 πεπιστευμένῳ,
989 4646 1127 4718 μετά
1185 4648 1383 4720 πολλῆς
1442 4650 1746 4715 ἀνετάσεως

255 4839 305 4870 ⁸³
344 4838 439 4893 lib.
474 4853 556 4903 Ill,
587 4855 638 4893 c.
676 4838 761 4892 l7.
837 4839 881 4872 “
919 4841 1014 4896 lib.
1055 4857 1147 4908 ιιι,
1181 4856 1232 4897 c.
1268 4843 1359 4900 27.

1841 3169 1969 3225 vare
2001 3172 2129 3225 item
2152 3186 2247 3225 eos
2271 3171 2363 3225 ubi
2396 3172 2686 3236 voluerint,
2715 3188 2779 3226 ex
2810 3174 2922 3229 sole
2950 3174 3127 3243 ignem
3152 3215 3166 3240 ,
3220 3186 3413 3246 sponte

1844 3270 2181 3333 sequentem.
2224 3263 2399 3333 Atque
2429 3262 2551 3318 istis
2576 3266 2829 3319 omnibus
2859 3281 2971 3320 rem
3002 3268 3158 3337 plane
3187 3276 3412 3338 stupen-

1842 3354 1965 3408 dam
2002 3364 2351 3425 portentosus
2382 3355 2470 3410 ille
2497 3357 2733 3426 scriptor
2756 3357 2937 3429 jungit
2966 3359 3045 3426 ⁸⁶;
3079 3367 3136 3414 ιιι
3171 3362 3411 3431 tripodes

1846 3463 2059 3517 nempe,
2085 3445 2293 3519 Pythiis
2326 3448 2561 3512 similes,
2615 3457 2868 3519 quatuor,
2901 3460 3092 3521 sponte
3141 3469 3240 3508 sua
3291 3470 3411 3510 mo-

1845 3547 2054 3604 ventes,
2089 3540 2141 3593 in
2170 3540 2405 3595 medium
2431 3542 2835 3610 processerint;
2870 3558 3073 3613 eosque
3106 3544 3411 3603 Homericis

1846 3633 2051 3689 similes
2077 3648 2200 3687 esse
2250 3633 2341 3686 ait.
2389 3631 2683 3687 Piuceruas
2736 3642 2917 3689 autem
2949 3636 3015 3691 iis
3064 3653 3129 3693 ex
3184 3653 3329 3702 aere,
3361 3640 3411 3695 si

1845 3723 2127 3779 materiam
2176 3732 2412 3794 spectes,
2441 3724 2531 3795 qui
2570 3724 2977 3792 ministrarent,
3028 3729 3218 3782 statuit
3271 3746 3411 3802 qua-

1846 3823 1991 3871 tuor.
2023 3815 2187 3870 Addit
2216 3817 2379 3871 etiam
2404 3858 2419 3883 ,
2460 3824 2519 3871 ut
2567 3825 2710 3873 terra
2759 3825 2951 3886 sponte
2994 3818 3238 3888 gramina
3281 3821 3411 3875 sub-

1846 3910 2122 3965 straverit.
2148 3909 2445 3981 Tripodum
2470 3918 2646 3965 autem
2676 3909 2833 3966 binos
2863 3910 2938 3964 ait
2966 3913 3091 3965 vino
3123 3926 3407 3978 manasse,

1846 4003 2180 4073 reliquorum
2239 4019 2368 4058 vero
2425 4004 2654 4058 alterum
2701 4005 2888 4059 calida:
2935 4003 3297 4060 admiscendaa
3324 4022 3412 4061 co-

1842 4096 1985 4165 piam
2014 4096 2227 4163 fecisse,
2262 4097 2488 4151 alterum
2533 4096 2774 4167 frigidae;
2816 4114 3093 4168 aereosque
3122 4097 3409 4169 pincernas

1841 4189 2027 4242 vinum
2064 4190 2265 4258 pariter
2297 4195 2351 4243 et
2398 4203 2594 4258 aquam
2640 4191 2787 4261 larga
2837 4191 3088 4247 hausisse
3122 4206 3405 4259 mensura;

1842 4281 2040 4334 calices
2068 4280 2217 4335 enim
2248 4280 2601 4337 eircumlatos
2633 4298 2774 4347 esse,
2810 4291 2869 4337 ut
2902 4282 3014 4338 ﬁeri
3048 4285 3106 4338 in
3134 4296 3410 4355 compota-

1842 4372 2084 4427 tionibus
2113 4372 2336 4429 assolet.

2338 4463 2495 4535 525
2532 4466 2757 4522 CAPUT
2795 4465 2909 4520 xx.

1917 4554 2021 4610 ista
2066 4553 2338 4622 Hierocli,
2386 4556 2656 4627 supremis
2704 4558 2760 4609 in
2811 4557 3106 4627 provinciis
3156 4557 3409 4628 praefecto

1846 4650 2174 4714 dicastcriis,
2213 4653 2381 4705 multa
2407 4649 2655 4704 instituta
2690 4649 3106 4719 disquisitione,
3133 4666 3258 4704 vera
3288 4666 3409 4707 esse

246 4996 325 5073 (_8)
366 4998 737 5073 ﬂpoqsms‘ir.
790 4997 868 5073 l_ta
895 5016 960 5073 ex
974 4999 1318 5073 Philostrato
1355 4999 1736 5068 scribendum;
1773 5010 1817 5066 ι)
1847 4998 2018 5073 invito
2043 4999 2239 5071 linguae
2258 5001 2437 5071 genio,
2463 5014 2582 5054 eam
2606 5002 2791 5073 itaque
2812 5000 2986 5057 omitti
3013 4999 3172 5071 plane
3196 4999 3403 5066 malim,

172 5070 319 5142 male
343 5070 483 5142 enim
516 5071 569 5124 in
600 5070 761 5142 editis
790 5069 1006 5142 Eusebii
1034 5079 1115 5126 est
1146 5074 1447 5142 προειπεῖν.

248 5139 326 5208 (9)
379 5139 922 5209 Ἐξεκυκλήθησαν.
950 5139 1065 5195 Vox
1096 5142 1148 5194 in
1185 5139 1414 5197 theatris
1444 5141 1637 5196 usitata
1675 5142 1742 5197 de

169 5211 308 5275 illis,
335 5226 452 5280 qua:
475 5212 738 5267 machinis
771 5212 999 5265 occultis
1026 5212 1079 5265 in
1110 5228 1330 5267 scenam
1367 5214 1741 5281 provehehan-

169 5292 298 5345 tur;
331 5281 502 5335 utitur
526 5282 736 5341 eadem,
771 5282 859 5336 ubi
895 5284 960 5336 de
990 5282 1072 5337 his
1102 5282 1499 5337 Brachmanum
1535 5284 1743 5339 artibus

171 5353 442 5421 loquitur,
460 5351 793 5422 Thespesinn
820 5354 1259 5423 gymnosophista
1286 5354 1426 5423 apud
1445 5352 1743 5407 Philostra-

172 5431 291 5476 tum
330 5423 421 5475 lib.
450 5440 520 5486 vi,
548 5423 618 5479 De
662 5425 766 5477 vita
799 5422 1082 5491 Apollonii,
1120 5440 1237 5492 cap.
1267 5424 1351 5477 10.
1385 5422 1527 5477 Loco
1562 5431 1742 5478 autem

173 5492 413 5566 ubihhmc
449 5494 757 5566 referuntur
795 5493 1013 5564 proprio
1051 5495 1274 5549 verbum
1315 5492 1743 5566 ὲξεπορεύθησαν

175 5558 438 5618 Philostr.
476 5564 740 5619 adhibuit.

252 5633 363 5704 (ιο)
402 5636 641 5689 Χαλκοῦ
670 5634 987 5702 διακόνους
1029 5634 1144 5704 τὴν
1183 5634 1357 5701 ὕλην.
1407 5632 1575 5705 Ᾰίετθ
1608 5633 1739 5688 mihi

183 5701 311 5776 facit
346 5701 449 5759 vox
476 5705 753 5776 διακόνους
785 5701 1103 5776 interposita
1150 5705 1387 5776 vocibus
1409 5701 1603 5776 natura
1635 5719 1736 5776 sua

181 5774 595 5848 conjungendis,
630 5791 803 5849 neque
842 5774 946 5831 hac
977 5778 1186 5832 ratione
1232 5774 1575 5843 divelleudis,
1626 5775 1735 5832 nisi

1845 5071 1978 5125 nihil
2002 5072 2144 5124 enim
2178 5087 2238 5125 ea
2270 5079 2351 5133 est
2378 5086 2536 5140 opus.

1918 5140 2029 5212 (lt)
2069 5142 2295 5207 Πότοις.
2332 5142 2467 5196 Male
2509 5142 2562 5196 in
2596 5144 2759 5199 editis
2790 5142 3091 5197 habebatur
3121 5143 3403 5210 ποταμοῖς,

1884 5214 1988 5266 uod
2015 5227 2207 5266 secure
2232 5214 2391 5268 nimis
2416 5223 2638 5269 secutus
2664 5215 2765 5268 fuit
2792 5214 3069 5273 Acciolus,
3093 5212 3185 5282 qui
3207 5213 3369 5266 vertit
3391 5228 3402 5243 ·

1845 5227 1950 5337 geri
1982 5292 2032 5337 et
2062 5282 2252 5336 calices
2282 5295 2426 5337 actos
2454 5285 2506 5336 in
2529 5302 2714 5337 aurum
2737 5285 2890 5337 quasi
2913 5284 3167 5337 verticoso
3194 5282 3402 5337 ﬂumine

1888 5283 1950 5335 ed
1982 5292 2032 5355 et
2062 5282 2259 5355 calices
2282 5295 2426 5338 actos
2454 5285 2506 5336 in
2528 5302 2714 5354 gyrum
2737 5285 2890 5355 quasi
2913 5284 3167 5355 verticoso
3193 5282 3410 5355 [lumine

1845 5353 2201 5423 impellebant.
2223 5353 2297 5408 Eo
2320 5356 2490 5408 tutius
2513 5353 2691 5410 autem
2718 5353 2901 5417 πότοις
2923 5354 3242 5413 substituas,
3261 5354 3405 5423 quod

1847 5421 1963 5492 ipsa
2003 5425 2089 5477 hic
2132 5421 2447 5478 Philostrati
2503 5427 2666 5479 verba
2706 5426 2995 5479 retinuerit
3030 5421 3317 5482 Eusebius.
3349 5425 3403 5478 in

1850 5497 2006 5562 cujus
2038 5502 2187 5547 textu
2226 5496 2407 5559 πότοις
2457 5496 2702 5550 codicum
2754 5496 2993 5549 omnium
3026 5510 3295 5549 consensu
3329 5495 3406 5550 le-

1850 5565 2014 5634 gitur.
2043 5564 2297 5619 Eamdem
2334 5567 2616 5620 lectionem
2648 5566 2974 5621 Salmasium
3004 5581 3219 5636 quoque
3239 5566 3403 5620 resti-

1849 5637 2043 5700 tuisse,
2070 5644 2193 5705 post
2217 5636 2593 5692 animadverti.

1917 5706 2026 5776 (12)
2070 5703 2145 5760 Τὰ
2175 5705 2469 5771 ἀνωτάτω,
2500 5715 2607 5764 etc.
2646 5706 2843 5764 Eadem
2878 5705 3057 5767 verbis
3088 5705 3280 5765 iisdem
3311 5705 3409 5761 hac

1843 5774 1939 5832 bes
1975 5774 2159 5849 supra,
2191 5791 2309 5845 cap.
2345 5777 2395 5831 5.
