3936 6208
217 298 317 357 8‘29

1346 305 1546 361 LIBER
1582 302 1859 360 CONTRA
1897 298 2312 359 HIEROCLEM.

3335 290 3441 346 850

217 417 509 489 Πυγμαίων
546 416 739 480 ἄλλων,
790 419 882 472 καὶ
920 420 1229 474 ...κιαπόδων
1272 422 1537 494 ἀνερωτᾷ.
1585 423 1695 477 Καὶ
1731 440 1755 475 ε

1881 437 2001 476 nem
2025 423 2039 474 ι
2069 419 2442 489 Interrogasse
2465 416 2593 471 item
2621 415 2690 469 de
2711 412 3023 468 hominibus
3054 411 3441 465 subterraneae

213 510 445 579 γίγνοιτο
467 512 594 582 παρ’
621 512 803 575 αὐτοῖς
830 510 968 576 ζώον
992 515 1310 585 τετράπουν,
1341 517 1369 569 ὃ
1391 516 1603 585 λέγεται
1629 518 1779 569 Μαν-

212 601 399 673 τιχόρα
425 602 557 673 (19),
582 603 609 656 ὃ
635 604 733 676 τὴν
756 605 994 677 κεφαλὴν
1014 607 1283 680 ἀνθρώπῳ
1305 607 1575 674 είκάσθαι,
1607 609 1777 662 λέοντι

211 692 270 747 δὲ
317 692 624 763 ὡμοιῶσθαι
661 694 722 747 τὸ
774 694 1021 765 μέγεθος,
1072 696 1170 768 τὴν
1208 698 1264 750 δὲ
1305 696 1472 768 οὐρὰν
1528 697 1777 767 ἐκφέρειν

209 784 480 855 πηχυαίας
513 784 605 837 καὶ¹
648 785 973 851 ἀκανθώδεις
1013 788 1111 850 τὰς
1156 789 1346 859 τρίχας
1376 788 1525 857 (20),
1551 788 1615 850 ἃς
1657 787 1778 856 βάλ-

208 876 320 929 λειν
340 874 525 947 ὥσπερ
544 877 846 949 τοξεύματα
872 880 929 941 ἐς
949 881 1073 943 τοὺς
1096 878 1395 951 θηρῶντας.
1418 881 1528 934 Καὶ
1552 879 1776 933 τοιαῦτα

207 966 307 1039 μὲν
350 968 442 1021 τὸν
492 969 840 1023 Ἀπολλώνιον
883 973 1194 1044 ἀνερωτᾷνο
1227 973 1318 1026 τὸν
1357 972 1414 1025 δὲ
1461 975 1675 1044 Ἰἀρχαν
1704 974 1775 1027 δι-

200 1058 422 1114 δάσκειν
468 1061 628 1114 αὐτὸν
659 1064 785 1134 περὶ
816 1064 911 1133 μὲν
948 1064 1054 1116 τῶν
1087 1065 1401 1136 Πυγμαίων,
1433 1065 1508 1129 ὡς
1535 1065 1641 1136 ἄρα
1664 1060 1772 1117 εἶεν

200 1151 478 1215 οἰκοῦντες
501 1152 599 1222 μὲν
633 1154 892 1221 ὐπόγειοι,
916 1154 1278 1226 διατρίϐοντες
1305 1157 1361 1209 δὲ
1387 1157 1490 1209 ὑπὸ
1516 1158 1603 1209 τὸν
1634 1157 1773 1225 Γάγ-

198 1260 306 1313 την
335 1244 578 1314 ποταμὸν
626 1243 824 1311 ζῶντες
847 1265 859 1277 -
894 1248 1021 1320 περὶ
1059 1249 1115 1303 δὲ
1170 1250 1280 1305 τῶν
1316 1250 1519 1314 ἀλλων,
1562 1251 1637 1314 ὠς
1678 1250 1771 1304 ἀν-

202 1334 457 1405 ύπαρκτα
489 1334 595 1407 εἴη.

705 1556 1098 1609 ΚΕΦΑΛΑΙΟΝ
1138 1557 1263 1612 Kl".

274 1648 459 1719 Ἔριον
493 1647 586 1700 ἐπὶ
634 1647 843 1712 τούτοις
895 1650 1156 1721 φυόμενον
1202 1652 1383 1715 αὐτοῖς
1422 1652 1529 1704 ἀπὸ
1562 1653 1665 1724 γῆς
1710 1655 1765 1717 ἐς

194 1737 428 1808 ἐσθῆτος
460 1738 587 1809 ὓλην
614 1740 641 1791 ὁ
672 1740 1022 1813 Φιλόστρατος
1054 1742 1378 1813 ἀναγράφει,
1413 1744 1629 1808 πάντως
1674 1744 1767 1817 δήε⁵
1799 1769 1838 1823 Β

192 1847 299 1883 που
350 1830 458 1884 τῶν
503 1831 803 1901 φιλοσόφων
849 1834 991 1891 ἰστὸν
1041 1835 1428 1906 ἐποιχομένων,
1462 1837 1553 1889 καὶ
1601 1836 1763 1892 ταλα-

190 1923 497 1993 σιουργίαις
541 1926 597 1987 ὲς
643 1924 868 1994 ἐσθῆτος
933 1927 1294 1998 κατεργασίαν
1357 1929 1762 2000 ὲκπονουμένων

190 2016 339 2085 (οὐδὲ
373 2015 481 2087 γάρ
513 2016 761 2086 εἰσῆκται
802 2018 910 2087 (21)
945 2020 1071 2090 παρ’
1110 2020 1291 2085 αὐτοῖς
1333 2024 1636 2089 γυναικεῖον
1664 2021 1762 2089 φῦ-

186 2107 338 2173 λον),
368 2109 415 2160 εί
452 2106 525 2178 μὴ
570 2109 664 2161 καὶ
690 2109 847 2162 τοῦτο
880 2113 1099 2183 φήσειεν
1129 2114 1431 2183 αὐτόματον
1457 2114 1637 2177 αὐτοῖς
1659 2131 1762 2167 πα-

186 2198 432 2272 ραδόξως
484 2199 550 2252 δι’
603 2200 783 2271 ἱερέας
830 2203 941 2273 (22)
990 2205 1048 2266 ἐς
1114 2204 1315 2275 ἐσθῆτα
1371 2205 1756 2275 μεταφύεσθαι.

184 2289 385 2363 Φέρειν
412 2291 456 2344 δ’
479 2293 703 2347 ἕκαστον
730 2294 906 2347 αὐτῶν
930 2294 1122 2366 ῥάϐδον
1146 2297 1238 2349 καὶ
1267 2295 1565 2360 δακτύλιον,
1598 2296 1762 2370 ἀπόρ-

188 2387 358 2457 ῥητον
390 2384 581 2455 ἔχοντα
631 2388 802 2459 ἰσχύν.
845 2385 977 2442 Εἶτα
1013 2388 1449 2460 παραδοξοποιίαι
1495 2388 1586 2442 τοῦ
1627 2389 1761 2460 Βρα-

186 2477 418 2548 χμᾶνος,
455 2478 527 2541 ὠς
558 2478 890 2550 δαιμονῶντα
934 2482 999 2534 δι’
1025 2482 1309 2553 ἐπιστολῆς
1355 2481 1754 2548 ἀνακαλέσοιτο,

183 2567 267 2629 ὠς
295 2568 599 2638 χωλεύοντα
634 2571 947 2643 καταψήσας
975 2573 1064 2626 τὸν
1091 2575 1313 2643 γλουτὸν
1356 2574 1755 2645 θεραπεύσειεν,

182 2658 268 2722 ὡς
314 2661 498 2731 τυφλῷ
535 2662 596 2714 τὸ
638 2662 874 2732 βλέπειν,
906 2667 1000 2718 καὶ
1046 2665 1263 2737 ἀδρανεί
1305 2684 1411 2723 τινι
1458 2667 1555 2740 τὴν
1603 2669 1758 2737 χεῖρα

186 2750 340 2807 σώαν
373 2753 663 2829 χαρίζοιτο.

696 3048 1088 3103 ΚΕΦΑΛΑΙΟΝ
1120 3049 1210 3102 ΚΔ
1231 3091 1243 3103 .

1881 514 2131 582 regiones
2170 509 2567 571 incolentibus,
2603 507 2725 561 aliis
2774 507 2903 561 item
2953 504 3047 574 qui
3081 503 3303 574 pygmaai
3354 502 3439 556 di-

1878 612 2095 669 cantur,
2126 612 2180 658 et
2215 601 2580 671 umbripedes.
2614 600 2698 652 An
2723 600 2848 654 item
2883 598 3026 668 apud
3058 612 3153 651 eos
3199 596 3439 664 quadru-

1878 711 1972 765 pes
1996 696 2212 750 obvium
2243 698 2315 749 sit
2346 693 2569 756 animal,
2600 690 2956 753 Mantichora,
2987 688 3132 759 quod
3164 687 3436 741 hominem

1876 790 2055 858 capite
2088 787 2305 847 referat.
2339 785 2481 839 mole
2515 784 2763 853 corporis
2793 782 3000 836 leonem
3031 785 3292 849 exaequet,
3318 792 3441 832 cau-

1874 881 2062 951 daeque
2098 881 2218 935 loco
2256 879 2535 948 promittat
2570 875 2833 931 cubitales
2880 880 3058 937 setas,
3088 870 3337 924 acanthis
3364 870 3436 923 si-

1874 974 2051 1035 miles,
2082 987 2219 1042 quas
2254 971 2419 1025 veluti
2457 968 2683 1038 sagittas
2724 967 2776 1019 in
2824 974 3110 1019 venatores
3145 962 3436 1032 jaculetur.

1872 1064 2047 1134 Atque
2072 1064 2184 1119 haec
2216 1061 2565 1133 Apollonium
2611 1058 2827 1128 quidem
2870 1054 2990 1128 {ait}
3034 1056 3434 1123 interrogasse,

1881 1154 2124 1210 larcbam
2158 1163 2337 1209 autem
2361 1155 2427 1209 de
2451 1152 2707 1223 pygmmis
2733 1149 2954 1219 quidem
2989 1164 3112 1203 eum
3147 1147 3399 1203 docuisse
3418 1188 3434 1210 ,

1872 1248 2252 1302 subterraneas
2276 1262 2471 1316 specus
2493 1261 2588 1301 eos
2623 1246 2888 1308 habitare,
2915 1241 3018 1297 sub
3055 1241 3241 1309 Gange
3273 1238 3436 1293 fluvio

1869 1341 2034 1395 vitam
2093 1340 2382 1412 degentes;
2444 1339 2511 1395 de
2565 1339 2778 1393 czeteris
2830 1350 2995 1401 vero,
3059 1334 3309 1403 nuspiam
3370 1346 3435 1385 ea

1868 1434 2152 1489 exsistere.

2315 1521 2476 1592 526
2511 1514 2735 1571 CAPUT
2774 1513 2958 1568 XXIII.

1937 1616 2204 1671 Praeterea
2247 1616 2426 1668 lanam
2477 1621 2866 1668 commemorat
2914 1606 3278 1661 Philostratus
3325 1600 3372 1631 ⁸³
3404 1615 3436 1656 e

1866 1720 2011 1763 terra
2038 1709 2146 1762 illis
2169 1707 2597 1778 provenientem,
2634 1713 2691 1757 ut
2725 1702 2968 1757 vestibus
2990 1704 3270 1756 materiam
3298 1715 3429 1771 pra:-

1866 1803 2024 1867 beat;
2060 1800 2399 1871 philosophis
2427 1815 2620 1867 nempe
2656 1796 2873 1867 pectine
2901 1796 3037 1849 telas
3060 1794 3280 1848 omnino
3307 1808 3432 1862 per-

1861 1893 2229 1958 currentihus,
2276 1900 2330 1946 et
2365 1890 2662 1945 lanificium
2708 1890 2773 1943 ad
2816 1895 2996 1942 vestes
3037 1882 3434 1955 comparandas

1859 1984 2237 2039 exercentibus
2284 1985 2482 2053 (neque
2525 1982 2670 2037 enim
2721 1981 3004 2036 muliebris
3047 1995 3210 2034 sexus
3242 1985 3436 2032 contu-

1859 2078 2050 2132 bernio
2084 2077 2225 2147 apud
2258 2092 2351 2131 eos
2398 2075 2768 2147 admittitur),
2816 2074 2924 2129 nisi
2967 2080 3021 2127 et
3062 2074 3239 2125 lanam
3285 2071 3436 2125 dicat

1859 2180 2051 2241 sponte
2069 2186 2166 2226 sua
2191 2170 2332 2241 apud
2359 2185 2453 2225 eos
2475 2170 2738 2224 miraculo
2751 2168 2986 2239 quodam
3014 2169 3065 2220 in
3090 2165 3431 2219 sacerdotum

1860 2265 2090 2335 gratiam
2163 2261 2544 2316 transformari
2614 2262 2669 2315 in
2727 2269 2927 2315 vestes.
2993 2257 3217 2312 Gestare
3272 2272 3434 2326 porro

1859 2356 2107 2426 quemvis
2142 2371 2329 2410 eorum
2369 2354 2624 2408 baculum
2650 2352 2819 2407 refert
2841 2363 2891 2407 et
2919 2351 3199 2415 annulum,
3233 2362 3430 2401 arcana

1858 2455 2204 2520 praestantem
2250 2447 2468 2501 virtute.
2534 2442 2849 2516 sequuntur
2898 2443 3022 2496 inde
3078 2440 3431 2495 Braehmanis
3512 2502 3523 2507 _

1862 2539 2146 2605 miracula,
2187 2547 2246 2593 ut
2282 2540 2525 2593 dazinone
2558 2538 2713 2611 malo
2746 2543 3053 2605 correptum
3101 2532 3270 2587 missa
3315 2533 3431 2601 epi-

1859 2630 1998 2683 stola
2047 2629 2349 2682 restituerit
2383 2627 2449 2692 “,
2490 2633 2549 2679 ut
2584 2627 2709 2680 item
2749 2625 2866 2679 solo
2908 2631 3110 2677 attactu
3146 2636 3299 2683 eum,
3335 2620 3429 2689 qui

1859 2723 2096 2776 lunatam
2132 2721 2366 2775 habebat
2414 2719 2715 2790 apophysin
2749 2717 2893 2772 ossis
2927 2716 3152 2784 majoris
3183 2713 3429 2780 feruoris,

1858 2816 2132 2871 sanaverit
2170 2815 2213 2845 ⁸⁸
2250 2833 2262 2867 :
2296 2820 2354 2867 ut
2392 2813 2566 2866 oculis
2590 2812 2719 2865 item
2775 2821 2933 2880 capto
2988 2809 3164 2863 visum
3192 2848 3206 2871 ,
3264 2814 3429 2876 atque

1857 2923 2022 2963 manu
2051 2906 2340 2973 laboranti,
2373 2904 2637 2974 integram
2671 2916 2789 2956 eam
2819 2899 3116 2956 restituerit
3148 2899 3212 2949 ⁸⁸.

2415 3032 2644 3090 CAPUT
2686 3030 2875 3089 XXIV.

262 3142 439 3197 Πολλά
457 3142 671 3212 κάγαθά
689 3142 894 3211 γένοιτο
915 3144 1253 3215 πραγμάτων
1272 3144 1417 3214 ἡμᾶς
1437 3141 1756 3195 ἀπολύσαντι

1931 3132 2074 3187 Bene
2122 3133 2338 3187 eveniat
2375 3130 2607 3192 auctori,
2655 3130 2749 3199 qui
2793 3144 2893 3183 nos
2940 3142 3104 3198 opera
3155 3126 3425 3181 sublevat.

184 3232 308 3302 (25)
341 3233 417 3304 τῷ
451 3236 772 3305 συγγραφεῖ.
834 3234 977 3305 Δῆλα
1007 3234 1115 3306 γὰρ
1144 3234 1218 3296 ὡς
1248 3234 1419 3304 ἀληθῆ
1454 3232 1757 3294 καὶταῦτα,

180 3323 280 3377 ὅτε
316 3321 537 3393 βροντάς
573 3341 631 3376 τε
671 3323 763 3376 καὶ
803 3324 1036 3394 ἀνέμους
1069 3326 1126 3377 ὲν
1160 3322 1369 3386 πίθοις,
1416 3323 1670 3394 τρίποδάς
1700 3340 1760 3374 τε

180 3416 257 3467 ὲκ
284 3412 430 3466 λίθου
470 3413 761 3482 φοιτῶντας
798 3415 1117 3484 αὐτομάτως
1146 3453 1160 3476 ,
1224 3415 1317 3466 καὶ
1352 3413 1617 3484 οἰνοχόους
1655 3413 1761 3466 ἀπὸ

183 3502 390 3575 χαλκοῦ
423 3503 789 3575 περιελαύνειν
820 3506 877 3557 ὲν
915 3503 1096 3573 κύκλῳ
1128 3502 1225 3567 τάς
1258 3502 1480 3565 κύλικας
1512 3506 1761 3573 προϊστο-

186 3597 383 3667 ρήσας,
410 3594 496 3648 διὰ
520 3595 617 3666 τῆς
646 3597 771 3667 περὶ
792 3596 991 3649 τούτων
1013 3635 1026 3657 ,
1057 3595 1131 3659 ὼς
1157 3594 1370 3666 ἀληθῶν
1388 3636 1401 3659 ,
1431 3595 1756 3665 ἀφηγήσεως

181 3687 285 3740 καὶ
311 3686 418 3738 τῶν
440 3686 637 3739 λοιπῶν
657 3688 906 3741 ἀπάντων
940 3686 1162 3759 ἐξέφηνέ
1192 3705 1249 3740 τε
1279 3688 1371 3740 καὶ
1396 3682 1638 3758 διῆλεγξε
1659 3686 1756 3757 τὴν

187 3776 536 3849 μυθολογίαν.

686 3869 1077 3923 ΚΕΦΑΛΑῘΟΝ
1124 3871 1252 3926 κε’.

259 3960 548 4031 Είρηκέναι
576 3960 633 4013 δέ
659 3977 821 4031 φησιν
849 3963 876 4014 ὁ
900 3962 1253 4031 Φιλόστρατος
1278 3962 1368 4016 τὸν
1394 3962 1563 4033 Δάμιν
1587 4004 1602 4028 ,
1631 3960 1753 4032 δίχα

180 4052 286 4122 τῆς
319 4052 478 4106 αὐτοῦ
510 4053 807 4124 παρουσίας
832 4054 924 4105 καὶ
950 4053 1027 4127 τῷ
1069 4055 1251 4126 Ἰάρχᾳ
1298 4054 1756 4125 συμφιλοσοφῆσαι

179 4144 277 4198 τὸν
312 4142 656 4197 Ἀπολλώνιον
676 4183 690 4207 ,
714 4143 985 4214 εἰληφέναι
1013 4160 1072 4197 τε
1106 4147 1233 4215 παρ’
1257 4143 1418 4197 αὐτοῦ
1443 4143 1759 4206 δακτυλίους

288 4306 336 4337 ⁸⁸
373 4305 465 4361 lib.
501 4321 586 4372 ιιι,
610 4321 660 4359 c.
695 4307 779 4362 15.
882 4308 929 4338 ⁸⁸
968 4307 1062 4363 lib.
1095 4323 1185 4374 ιιι,
1216 4323 1268 4361 c.
1299 4307 1390 4362 58.

180 4390 236 4432 c.
268 4376 357 4431 27.
434 4379 480 4409 ⁸³
511 4378 603 4433 lib.
637 4393 730 4445 ιιι,
762 4393 813 4431 c.
845 4378 934 4433 41.

181 4671 291 4745 bus
309 4680 515 4745 gratio,
548 4689 687 4743 quas
717 4690 783 4728 ex
821 4674 1151 4729 Philostrato
1185 4677 1407 4745 proinde
1444 4678 1738 4732 restituen-

178 4740 285 4816 das
309 4741 535 4816 Eusebio
557 4740 884 4815 putavimus,
917 4746 1117 4816 pariter
1141 4740 1203 4801 ac
1230 4748 1473 4801 voculam
1501 4749 1593 4801 καί
1618 4757 1744 4803 ante

177 4811 534 4877 ἀκανθώδεις.

254 4881 367 4953 (21)
407 4884 713 4957 Εἱσῆκται.
743 4884 858 4939 Vox
887 4884 1104 4941 Eusebii
1134 4895 1291 4942 aetate
1314 4889 1368 4942 in
1397 4888 1500 4942 hoc
1526 4888 1746 4957 nogotio

178 4951 646 5033 frequentissima,
681 4956 809 5033 inde
849 4956 1184 5033 συνείσακτοι
1215 4960 1369 5012 dictat
1385 4951 1626 5019 feminae:
1652 4974 1748 5010 va-

175 5025 284 5077 riis
317 5025 633 5080 ministeriis
676 5026 976 5087 destinatae,
1030 5038 1083 5081 et
1116 5029 1168 5082 in
1204 5030 1547 5090 clericorum,
1593 5045 1747 5083 seve-

172 5096 384 5149 riorem
426 5099 586 5149 etiam
616 5097 781 5149 vitam
830 5098 1221 5166 professorum,
1270 5099 1628 5154 contubernio
1660 5098 1744 5151 vi-

174 5173 394 5238 ventes,
438 5167 505 5221 de
525 5168 746 5238 gquibus
790 5169 959 5221 multa
1006 5169 1060 5221 in
1103 5170 1338 5238 antiquis
1380 5169 1742 5224 Ecclesiarum

170 5236 499 5309 canonibus.
524 5235 855 5306 Epiphanius
880 5240 1007 5294 hair.
1045 5255 1174 5292 tam
1203 5235 1268 5295 de
1297 5240 1529 5309 quodam
1559 5242 1609 5293 in
1635 5240 1745 5293 Pa-

174 5307 391 5361 laestiua
420 5308 697 5377 episcopo,
723 5310 814 5377 qui
838 5324 870 5363 e
894 5310 1269 5365 confessormn
1294 5307 1521 5364 numero
1544 5310 1737 5367 fuerit:

185 5377 514 5449 Ἐσχηκότος
534 5378 591 5449 δὲ
620 5379 868 5441 τοιαύτας
892 5385 1172 5447 γυναῖκας,
1188 5380 1741 5449 ἐξυπιιρετουμένας

170 5448 347 5528 αύτῷ,
365 5449 525 5528 ..φημὶ
544 5448 1105 5528 δὲρυνεισάειζους..
1132 5451 1273 5506 Idem
1305 5452 1376 5528 de
1404 5451 1452 5503 Η
1461 5448 1690 5506 icrdcilis
1719 5468 1738 5505 :

172 5517 538 5601 Χλεφάἶονται
554 5518 669 5571 τελε
678 5520 861 5601 ιότατα
959 5521 1024 5601 ἀς
1047 5521 1335 5601 κέκτηνται
1356 5522 1579 5601 ἕκαστος
1598 5537 1741 5601 σπίν-

170 5590 494 5663 ξισὰκζοινς
540 5590 937 5663 γυνα-ἰκαςη-δί
981 5592 1047 5652 ἃς
1082 5590 1304 5663 εἰώθασι
1354 5592 1746 5663 φιλοτιμεῖσθαι

176 5656 317 5736 εχειν
333 5658 411 5718 είς
425 5659 777 5736 ὑπηρεσίαις.
798 5658 953 5713 Vides
974 5662 1356 5736 mwatap'txjroog
1367 5656 1476 5736 dici
1492 5656 1747 5736 mulieres

179 5726 322 5791 illas,
348 5741 468 5798 quae
496 5730 770 5798 ministerii
798 5745 962 5786 causa
996 5746 1119 5787 cum
1156 5732 1279 5788 istis
1310 5733 1622 5793 hominibus
1661 5733 1746 5789 vi-

413 4602 522 4669 Τὰς
548 4603 773 4671 τρίχας.
803 4604 989 4658 Manea
1024 4607 1245 4658 omnino
1282 4606 1399 4660 sine
1435 4602 1554 4661 istis
1591 4602 1739 4661 voci-

1489 4309 1535 4340 "
1574 4309 1667 4365 lib.
1705 4326 1802 4375 ιιι,
1850 4325 1899 4365 c.
1944 4309 2031 4365 59.

1863 3221 2063 3292 Nempe
2094 3237 2254 3289 quam
2284 3236 2407 3275 vera
2437 3221 2540 3275 ista
2584 3220 2693 3274 sint
2717 3219 2881 3271 etiam
2937 3216 3285 3272 manifestum
3318 3224 3422 3277 est.

1861 3314 2079 3387 quando
2109 3314 2349 3368 tonitrua
2378 3322 2680 3382 ventosque
2716 3312 2771 3365 in
2804 3312 2967 3365 doliis
2993 3311 3060 3372 ⁸⁷,
3102 3317 3155 3364 et
3182 3310 3427 3378 tripodas

1860 3425 1926 3465 ex
1951 3422 2085 3463 saxo
2124 3406 2345 3477 proprio
2396 3413 2544 3458 motu
2602 3404 3022 3457 obambulantes
3045 3401 3110 3464 ⁵⁸,
3140 3408 3427 3470 :eneosque

1862 3502 2176 3572 pincernas,
2230 3499 2429 3552 calices
2462 3498 2516 3550 in
2549 3497 2734 3549 orbem
2769 3494 3240 3558 circumferentes,
3277 3508 3427 3549 com-

1864 3604 2173 3644 memorans
2200 3590 2459 3659 primum.
2493 3586 2606 3639 haec
2642 3585 2757 3653 ipsa
2792 3584 2947 3653 quasi
2972 3598 3097 3635 vera
3131 3582 3423 3646 narrando,

1862 3683 2069 3753 reliqua
2092 3683 2255 3735 etiam
2286 3680 2470 3735 omnia
2509 3692 2691 3732 meras
2728 3677 2939 3731 fabulas
2971 3689 3093 3730 esse
3127 3674 3305 3743 prodit
3333 3684 3419 3727 at-

1860 3790 1964 3846 que
1991 3774 2189 3845 arguit.

2417 3862 2644 3919 CAPUT
2696 3860 2861 3914 XXV.

1929 3957 2117 4012 Refert
2150 3964 2329 4011 autem
2368 3955 2731 4011 Philostratus
2754 3955 2799 3984 "
2828 3953 2991 4007 etiam
3028 3949 3217 4003 Damin
3251 3949 3423 4004 dixis-

1864 4065 1941 4111 se,
1977 4065 2035 4104 se
2073 4064 2180 4102 non
2219 4056 2485 4118 praesente
2528 4061 2743 4117 quoque
2787 4060 2909 4098 cum
2960 4042 3147 4096 larcha
3195 4042 3417 4111 Apollo-

1864 4144 2014 4198 nium
2050 4140 2492 4212 phiIOSOphatum
2527 4155 2669 4206 esse,
2704 4150 3011 4206 munusque
3050 4137 3201 4188 abeo
3233 4134 3422 4189 tulisse

2140 4310 2188 4342 “
2228 4308 2359 4364 ibid.
2473 4308 2515 4339 "
2556 4307 2654 4362 lib.
2687 4323 2777 4371 ιιι,
2810 4322 2859 4360 c.
2894 4304 2980 4357 Η.
3096 4300 3141 4331 ⁸⁸
3182 4300 3274 4354 lib.
3319 4317 3413 4364 ιιι,

284 4529 367 4669 19)
405 4532 759 4601 Μαντιχόρα.
800 4532 955 4602 Apud
988 4531 1245 4617 Philostr.
1288 4542 1371 4616 est
1407 4535 1743 4617 Μαρτιχόρα.

284 4600 347 4656 20
413 4602 522 4669 Τὰς
548 4603 773 4669 τρίχας.
803 4604 989 4658 Manea
1024 4621 1245 4658 omnino
1282 4621 1399 4660 sine
1435 4615 1554 4661 istis
1592 4608 1739 4661 voci-

1866 4545 2000 4598 rant,
2027 4535 2205 4605 γάμου
2235 4538 2329 4588 καλ⁸
2359 4538 2641 4597 συνουσίας
2671 4536 2857 4622 χωρίς,
2909 4544 2965 4588 ut
2998 4535 3420 4607 Chrysostomus

1866 4614 1974 4661 irat.
1991 4610 2089 4669 Εἰς
2109 4606 2510 4669 τοὺςέχοντας
2522 4622 2869 4659 συνεισακτ.
2885 4606 3063 4667 docet,
3080 4618 3117 4659 t.
3136 4623 3207 4667 v1,
3226 4623 3273 4669 p.
3291 4606 3351 4659 21
3365 4607 3417 4668 4,

1838 4614 1974 4663 orat.
1991 4610 2089 4672 Εἰς
2109 4606 2510 4673 τοὺςέχοντας
2522 4606 2869 4659 συνεισάκτ.
2885 4606 3063 4667 docet,
3080 4618 3117 4659 t.
3136 4623 3207 4667 v1,
3226 4623 3273 4675 p.
3291 4606 3351 4659 21
3365 4607 3417 4668 4,

1844 4679 1978 4748 edit.
2036 4675 2222 4748 Savil.
2264 4677 2398 4731 Vide
2449 4678 2603 4748 plura
2646 4676 2713 4731 de
2769 4677 2854 4748 his
2897 4677 3039 4748 apud
3088 4677 3419 4731 Cotelerium

1844 4750 1910 4805 ad
1942 4747 2151 4803 Hermaa
2179 4747 2281 4803 vis.
2316 4763 2363 4809 ι,
2395 4755 2509 4799 uot.
2547 4747 2598 4808 1,
2629 4754 2682 4799 et
2725 4747 2789 4800 ad
2834 4747 2944 4802 vis.
2989 4762 3048 4809 ιι,
3099 4758 3211 4801 not.
3249 4748 3335 4806 15,
3365 4754 3419 4799 et

1847 4823 2099 4888 Bevereg.
2128 4819 2181 4871 in
2203 4834 2325 4872 can.
2356 4831 2413 4870 ιιι
2438 4817 2654 4888 concilii
2702 4815 2903 4871 Nicaeni
2928 4834 2964 4870 ι.
2987 4816 3124 4870 Hine
3140 4817 3419 4888 Eusebius

1846 4899 1970 4961 apte
2007 4886 2209 4961 vocem
2230 4887 2544 4954 εἰσάγεσθαι
2567 4903 2633 4941 ex
2655 4904 2757 4961 usu
2788 4888 2931 4961 illius
2960 4888 3057 4941 aevi
3089 4887 3325 4961 adhibet.
3352 4886 3419 4961 de

1852 4957 2169 5015 mulieribus
2201 4960 2449 5027 loquens,
2489 4974 2608 5028 qua:
2642 4958 3086 5028 philosophorum
3131 4957 3175 5010 si
3212 4974 3322 5011 non
3353 4958 3421 5009 li-

1855 5032 2047 5091 bidini.
2079 5030 2400 5085 ministeriis
2426 5032 2638 5096 saltem,
2669 5030 2736 5084 de
2764 5030 2963 5099 quibus
2986 5028 3075 5081 hic
3095 5043 3297 5095 sermo,
3326 5043 3418 5082 va-

1856 5117 1982 5155 care
2004 5100 2291 5155 debebant.

1924 5170 2035 5240 (22)
2065 5172 2143 5223 Δι’
2167 5170 2376 5237 ἱερέας.
2413 5169 2536 5225 Haec
2577 5168 2873 5240 adduntur,
2902 5169 2968 5222 ad
3010 5168 3412 5240 exprimendam

1850 5238 2162 5297 Philostrati
2203 5242 2525 5295 sententiam
2566 5240 2722 5293 τοῦτο
2770 5239 2919 5311 ἱερὰν
2975 5238 3415 5311 ὲσθῆταᾲποιοῦν-

1847 5331 1957 5376 ται,
1985 5327 2176 5380 nempe
2210 5327 2315 5365 non
2348 5312 2657 5365 ordinarius
2690 5310 2777 5364 ille
2819 5309 3070 5378 vestitus,
3101 5309 3197 5365 Sed
3224 5325 3410 5364 eorum

1846 5385 1937 5453 qui
1971 5383 2330 5453 sacerdotalia
2362 5382 2578 5453 obirent
2610 5380 2801 5453 oﬂieia.

1915 5453 2026 5523 (25)
2057 5450 2415 5521 Πραπμάτων
2452 5450 2607 5520 ἡμᾶς
2638 5451 3035 5523 ,ἀπολύσαντα
3087 5450 3289 5519 Nempe
3340 5447 3408 5501 ita

1844 5521 2063 5578 strenue
2108 5531 2161 5575 et
2210 5530 2395 5589 aperte
2434 5522 2647 5575 mentiri
2677 5521 2855 5574 innuit
2894 5521 3300 5583 Philostratum,
3346 5527 3407 5571 ut

1844 5595 2045 5648 fabulis
2080 5593 2387 5648 manifestis
2416 5599 2668 5661 suspecta
2699 5591 2907 5660 reliqua
2936 5593 3097 5646 etiam
3126 5590 3320 5656 faciat;
3346 5595 3408 5661 ut

1846 5665 1981 5719 adeo
2011 5662 2355 5718 refutationis
2389 5657 2547 5731 oper'a
2584 5657 2898 5718 sublevetur
2944 5664 3077 5732 ipse,
3110 5657 3406 5717 mentiendi

1845 5752 1900 5790 ιιι
1931 5751 1962 5790 a
2002 5735 2247 5790 versario
2282 5734 2633 5803 impudentia.
