3936 6208
571 263 669 318 851

1243 264 1507 320 EUSEBII
1543 264 2030 322 CIESARIENSIS
2069 264 2128 322 0|

2257 262 2436 318 PARS
2473 264 2540 316 11.
2576 293 2641 304 -
2682 257 3178 315 Ανοιυςιετιελ.
3613 261 3690 316 83!

571 382 802 438 annulos
827 390 1054 452 septem,
1085 381 1424 452 planetarum
1450 383 1762 439 nominibus
1796 385 2114 455 insignitos:

2227 383 2358 436 ἑπτὰ
2377 424 2392 446 ,
2416 380 2734 452 ἐπωνύμους
2752 379 2993 451 ἀστέρων
3009 416 3025 437 .
3045 375 3135 439 οὓς
3154 375 3246 429 καὶ
3268 376 3439 446 φορεῖν
3455 374 3585 429 αὑτὸν
3600 377 3695 429 καθ.

569 490 710 544 quos
742 474 905 529 etiam
957 476 1270 545 gestaverit,
1306 491 1473 529 unum
1507 484 1633 546 post
1684 477 1874 541 alium,
1906 492 2005 548 pro
2033 493 2116 532 ra-

570 568 718 620 tione
751 564 1032 618 nominum
1085 565 1279 624 diebus
1333 566 1732 640 impositorum.
1777 567 1902 624 Haec
1946 579 2124 626 tamen

571 657 676 712 isto
700 656 917 726 quidem
950 657 1069 712 loco
1117 657 1384 724 referens,
1419 660 1510 729 qui
1561 662 1804 717 veritatis
1847 661 2125 717 studiosus

572 748 880 804 Philalethze
917 750 1122 818 judicio
1152 760 1256 816 est,
1295 752 1401 807 alio
1438 754 1623 823 scripti
1651 755 1797 808 illius
1815 754 2126 824 loco,quasi

567 840 836 896 damnans
867 840 1264 896 Brachmanum
1294 844 1718 908 incantamenta,
1762 853 1929 914 utque
1961 844 2030 898 ab
2059 844 2126 898 iis

571 932 862 988 immunem
908 942 1127 1004 praestet
1174 935 1518 1006 Apollonium
1553 952 1698 991 cura:
1737 936 1967 999 habens,
1998 936 2128 990 sub-

566 1022 742 1092 jungit
769 1025 1096 1081 verbotenus
1125 1028 1225 1082 ista
1258 1029 1340 1083 °°:
1379 1049 1398 1081 ι
1441 1029 1640 1085 Videas
1675 1038 1853 1083 autem
1884 1029 2127 1098 tripodas

571 1114 711 1184 apud
746 1112 925 1181 Indus,
964 1116 1379 1187 pincernasque.
1403 1125 1457 1173 et
1484 1134 1821 1188 quaecunque
1855 1133 1956 1172 suo
1978 1125 2126 1170 motu

571 1215 688 1260 acta
740 1207 1035 1276 procedere
1083 1209 1214 1272 dixi,
1263 1225 1439 1280 neque
1483 1211 1836 1281 interrogavit
1873 1225 1978 1279 qua
2011 1217 2128 1263 arte

569 1295 813 1351 confecta
843 1299 958 1353 haec
1000 1300 1132 1364 sint,
1167 1317 1345 1370 neque
1384 1300 1636 1356 discendi
1667 1317 1730 1356 ea
1770 1301 1948 1371 ipsum
1974 1299 2128 1354 volu-

569 1399 689 1459 ptas
725 1390 968 1446 incessit.
1015 1391 1212 1446 Verum
1258 1393 1502 1447 laudavit
1534 1393 1775 1464 quidem,
1810 1393 2008 1446 imitari
2044 1399 2128 1445 ta-

568 1496 689 1534 men
735 1480 989 1551 dignatus
1026 1482 1169 1537 haud
1213 1482 1336 1536 fuit.
1389 1502 1409 1534 ι
1460 1483 1624 1538 illene
1663 1497 1793 1536 vero
1825 1481 1951 1553 [hoc
1982 1480 2127 1535 fece-

568 1571 700 1643 rit?]
729 1573 820 1642 qui
855 1573 1075 1629 Damide
1099 1576 1353 1631 submoto
1383 1591 1506 1630 cum
1529 1577 1594 1630 iis
1615 1575 1925 1630 conversari
1947 1573 2125 1644 magni

569 1661 823 1727 faciebat,
873 1671 1036 1732 atque
1083 1664 1324 1719 sodalem
1372 1666 1619 1730 unicum,
1670 1661 1934 1733 quidquid
1968 1662 2127 1716 etiam

2225 473 2322 526 ἕνα
2352 473 2485 544 πρὸς
2508 472 2577 524 τὰ
2603 471 2838 541 ὀνόματα
2865 467 2969 521 τῶν
2997 465 3233 537 ἡμερῶν.
3289 461 3457 516 Ταῦτα
3479 463 3527 516 δὲ
3546 463 3614 517 νῦν
3633 465 3690 518 ει-

2225 564 2340 618 πὼν
2364 605 2378 629 ,
2421 565 2449 616 ὃ
2479 565 2526 616 τ’
2555 561 2749 634 ἀληθὲς
2784 561 2946 632 τιμᾷν
2977 557 3125 629 παρὰ
3155 557 3230 627 τῷ
3269 574 3285 606 ι
3306 555 3586 624 Φιλαλήθειι
3611 555 3690 628 (Ἃ)

2225 655 2603 728 νενομισμένος
2621 694 2636 718 ,
2669 653 2784 724 μεθ’
2808 651 2968 722 ἔτερα
2990 649 3089 719 τῆς
3107 646 3319 719 γραφῆς
3337 684 3352 708 ,
3375 645 3441 707 ὡς
3465 645 3518 698 ἂν
3532 645 3582 716 δὴ
3601 662 3694 716 γοη-

2222 750 2371 803 τείαν
2407 748 2512 801 τῶν
2551 745 2884 818 Βραχμάνων
2913 743 3208 809 καταγνοὺς
3229 779 3245 803 ,
3285 738 3372 792 καὶ
3398 737 3564 806 ταύτης
3587 737 3696 790 ἐλεύ-

2225 841 2380 910 θερον
2408 836 2741 907 καταστῆσαι
2767 833 2858 887 τὸν
2908 829 3256 884 Ἀπολλώνιον
3287 827 3573 898 φροντίσας,
3609 829 3694 878 ἑπι-

2227 930 2417 1002 φέρει,
2456 930 2676 998 φάσκων
2713 923 2851 979 κατὰ
2905 921 3047 988 λέξιν
3071 937 3084 950 ·
3152 938 3170 970 ι
3211 917 3351 971 Ἰδὼν
3385 916 3436 969 δὲ
3469 917 3592 987 παρὰ
3616 919 3695 980 τοῖς

2238 1021 2416 1084 Ἰνδοῖς
2443 1021 2567 1082 τοὺς
2593 1016 2849 1089 τρίποδας
2870 1055 2884 1078 ,
2924 1014 3017 1067 καὶ
3047 1013 3172 1075 τοὺς
3203 1009 3454 1080 οἰνοχόους
3473 1049 3487 1072 ,
3530 1009 3606 1061 καί
3628 1010 3696 1063 ὅσα

2227 1113 2506 1184 αύτόματα
2559 1110 2812 1180 ἐσφοιτᾷν
2854 1106 2964 1177 (25)
3006 1100 3185 1170 εἷπον,
3269 1101 3375 1156 οὗθ’
3425 1103 3548 1166 ὅπως
3589 1105 3697 1171 σοφί-

2227 1205 2399 1271 ζοιντο
2428 1203 2563 1259 αὑτὰ
2589 1243 2602 1267 ,
2642 1203 2801 1274 ἡρετο
2839 1199 2950 1271 (Ξϐ)
2975 1239 2988 1262 ,
3030 1197 3151 1252 οὔτε
3187 1197 3376 1268 ἐδεήθη
3405 1195 3587 1266 μαθεῖν.

2226 1300 2411 1371 ἐπῄνει
2447 1298 2546 1369 μὲν
2569 1338 2584 1360 ,
2633 1294 2824 1367 ζηλοῦν
2872 1295 2929 1348 δὲ
2973 1293 3072 1346 ούκ
3103 1292 3274 1361 ἠξίου.
3303 1310 3321 1342 ι
3407 1292 3504 1344 Kal.
3529 1290 3645 1352 πῶς,
3668 1284 3698 1344 ὦ

2226 1387 2376 1456 οὗτος
2400 1432 2415 1456 ,
2450 1391 2548 1444 οὐκ
2580 1390 2729 1459 ἠξίου
2766 1386 2996 1460 ζηλοῦν;
3030 1388 3058 1438 ὁ
3093 1385 3215 1454 δίχα
3250 1382 3342 1436 τοῦ
3375 1382 3571 1453 Δάμιδος
3591 1399 3699 1434 amu-

2225 1485 2320 1558 δὴν
2391 1483 2706 1555 ποιούμενος
2774 1479 3192 1551 συμφιλοσοφεῖν
3247 1477 3454 1538 αὐτοῖς,
3523 1473 3698 1527 καὶτὸν

2231 1577 2421 1648 μόνον,
2483 1577 2512 1629 ὃ
2558 1593 2610 1628 τι
2656 1574 2748 1627 καὶ
2802 1571 3060 1644 πράττοι,
3115 1568 3394 1623 λανθάνειν
3422 1567 3523 1620 δέον
3548 1568 3696 1635 ἑταίραν

2228 1667 2544 1740 ἡγούμενος.
2601 1665 2724 1727 Πῶς
2769 1663 2825 1717 δὲ
2854 1662 2953 1716 οὐκ
2985 1661 3136 1731 ἠξίου
3185 1658 3414 1732 ζηλοῦν;
3462 1657 3607 1719 ὁτοὺς
3627 1655 3698 1708 τῶν

566 1761 673 1814 est,
702 1751 849 1824 [cum
885 1752 976 1825 iis]
1001 1755 1145 1824 quod
1175 1756 1306 1826 egit,
1354 1756 1608 1826 ignorare
1655 1764 1908 1824 oportere
1939 1767 2128 1807 cense-

2229 1763 2471 1832 άστέρων
2503 1758 2818 1828 ἐπωνύμους
2850 1753 3278 1826 καταδεχόμενος
3308 1751 3612 1812 δακτυλίους,
3638 1749 3698 1802 καὶ

567 1845 698 1900 bat?
729 1844 832 1912 Qui
862 1863 990 1901 vero
1017 1847 1217 1901 imitari
1247 1848 1502 1917 dignatus
1526 1846 1670 1900 haud
1693 1846 1799 1902 sit?
1831 1845 1922 1915 qui
1951 1845 2130 1914 plane-

566 1944 746 1990 tarum
767 1938 1078 1993 nominibus
1111 1939 1398 2009 insignitos
1422 1937 1654 1993 annulos
1684 1937 1892 2006 accepit
1915 1937 1979 1998 ⁸⁸,
2003 1949 2128 1991 eos-

565 2044 674 2099 que
717 2044 813 2098 per
845 2043 1060 2083 onmem
1123 2030 1292 2082 vitam
1344 2038 1556 2099 gestare
1606 2027 1974 2084 necessarium
2025 2028 2127 2082 sibi

565 2119 739 2183 duxit,
775 2128 935 2190 prout
984 2120 1187 2174 ferrent
1215 2121 1431 2174 nomina
1464 2120 1708 2189 cujusvis
1735 2119 1842 2174 diei
1876 2138 1888 2174 :
1916 2128 1972 2175 et
2002 2120 2128 2190 qui-

566 2213 687 2268 dem
725 2228 790 2268 eo
825 2213 969 2282 quod
1003 2228 1224 2278 arcana,
1253 2213 1328 2266 uti
1371 2213 1486 2283 ipse
1521 2213 1626 2275 ais,
1668 2212 1868 2268 virtute
1898 2220 2125 2282 praesta-

567 2314 708 2362 rent.
747 2304 818 2360 Ut
843 2321 972 2360 vero
998 2305 1366 2360 concedamus
1392 2305 1576 2368 etiam,
1613 2306 1814 2359 imitari
1845 2306 1950 2359 ista
1995 2321 2123 2359 eum

566 2398 830 2460 noluisse,
867 2409 1152 2468 propterea
1184 2405 1331 2452 certe
1363 2412 1470 2451 non
1499 2397 1765 2450 imitatum
1797 2411 1920 2451 esse
1952 2395 2127 2448 mani-

567 2488 765 2560 festum
796 2488 921 2550 erit,
953 2487 1098 2556 quod
1132 2498 1276 2543 recte
1309 2487 1413 2542 sibi
1447 2486 1593 2539 haud
1649 2485 1827 2540 facere
1879 2486 2126 2540 videren-

567 2586 675 2634 tur.
711 2578 992 2645 Quomodo
1022 2579 1187 2649 igitur
1217 2579 1286 2633 ob
1315 2593 1378 2632 ea
1405 2577 1668 2638 laudavit,
1719 2593 1839 2646 qua:
1887 2592 1995 2630 non
2039 2577 2124 2631 di-

567 2677 826 2739 gnaretur
874 2667 1108 2722 imitari?
1136 2669 1221 2731 Et,
1257 2668 1301 2723 si
1351 2677 1605 2736 tanquam
1639 2675 1755 2721 arte
1783 2667 1964 2721 divina
1996 2683 2124 2738 opeo

568 2769 751 2817 rantes
784 2761 1131 2822 collaudavit,
1167 2775 1265 2816 cur
1305 2760 1551 2815 imitatus
1587 2759 1728 2813 haud
1758 2767 1861 2821 est,
1911 2761 2125 2816 laudem

566 2868 686 2923 quae
725 2853 1100 2914 mererentur?
1138 2850 1310 2905 Porro
1357 2865 1486 2904 vero
1537 2855 1657 2920 post
1723 2863 1928 2904 moram
1983 2850 2124 2922 apud

569 2944 667 2998 bos
701 2942 920 3006 factam,
951 2943 1294 3013 Apollonium
1330 2957 1437 2996 una
1471 2956 1596 2994 cum
1625 2940 1744 2996 suis
1764 2951 2123 2997 revertentem

2226 1850 2444 1914 τούτους
2496 1850 2788 1916 ἀναγκαῖον
2825 1844 3105 1916 τιθέμενος
3155 1841 3244 1896 διὰ
3301 1839 3487 1902 παντὸς
3510 1837 3582 1890 τοῦ
3620 1836 3700 1906 βίον

2228 1945 2410 2015 φέρειν
2467 1941 2601 2012 πρὸς
2656 1939 2724 1993 τά
2768 1938 3006 2008 ὀνόματα
3053 1936 3162 1989 τῶν
3212 1932 3456 2006 ἡμερῶνν
3505 1930 3700 1996 καίτοιγε,

2227 2036 2535 2107 ἀπόρρητον
2562 2073 2576 2096 ,
2627 2034 2701 2096 ὡς
2750 2032 2853 2102 φῂς
2905 2029 3098 2091 αὐτὸς,
3136 2028 3353 2098 ἔχοντας
3384 2022 3534 2094 ἰσχύν.
3582 2020 3629 2072 Ei
3665 2019 3700 2070 δὲ

2229 2127 2325 2180 καὶ
2378 2124 2554 2196 δοθείη
2589 2123 2649 2177 τὸ
2704 2123 2776 2194 μὴ
2809 2120 3003 2190 ζηλοῦν
3035 2118 3325 2188 ἠξιωκέναι
3357 2114 3533 2176 αὑτὸν,
3573 2111 3629 2173 ὡς
3653 2109 3702 2179 μὴ

2228 2215 2286 2272 εὖ
2321 2217 2653 2290 πράττοντας
2693 2216 2790 2268 οὐκ
2834 2213 3021 2284 ἐζήλου
3065 2209 3324 2281 δηλονότι.
3380 2207 3491 2269 Πῶς
3531 2199 3603 2256 οὖν
3640 2203 3704 2253 ὲπ-

2228 2309 2362 2380 nm.
2392 2311 2475 2378 ἐφ’
2505 2301 2585 2370 οἷς
2619 2307 2691 2377 μὴ
2719 2305 2866 2376 ἠξίου
2902 2300 3134 2375 ζηλοῦνς
3193 2301 3257 2354 Εἰ
3285 2299 3326 2353 δ’
3355 2298 3425 2360 ὼς
3450 2296 3581 2357 θείως
3601 2293 3703 2361 ἐνερ-

2226 2401 2454 2473 γοῦντας
2499 2400 2682 2472 ἐπῄνει
2704 2439 2716 2460 ,
2765 2397 2881 2461 πῶς
2921 2397 3020 2450 οὐκ
3049 2394 3241 2466 ἐζήλου
3272 2391 3339 2446 τὰ
3364 2391 3568 2444 ἐπαίνων
3589 2384 3702 2449 ἄξεις

2242 2491 2400 2545 Ἀλλά
2428 2489 2536 2561 γὰρ
2586 2491 2721 2561 μετὰ
2751 2490 2850 2560 τὴν
2881 2487 3029 2559 παρὰ
3061 2486 3271 2548 τούτοις
3320 2481 3596 2552 διατριϐὴν,
3635 2492 3704 2527 πα·

2227 2583 2567 2636 λινοστοῦντα
2594 2582 2752 2636 αὑτὸν
2775 2581 2887 2651 ἅμα
2908 2583 3019 2643 τοῖς
3048 2578 3286 2650 ἑταίροις
3303 2617 3316 2641 ,
3340 2572 3608 2645 ἐληλυθέναι
3635 2583 3704 2634 φη·

2232 2677 2314 2729 σὶν
2347 2678 2403 2739 ἐς
2428 2676 2524 2745 τὴν
2552 2676 2656 2728 τῶν
2691 2673 2910 2746 Ὡριτῶν
2934 2672 3044 2742 (27)
3077 2669 3282 2742 χώραν,
3316 2667 3434 2720 ἔνθα
3462 2664 3622 2735 χαλκαῖ
3641 2659 3704 2729 μὲι

2226 2768 2405 2830 αὐτοῖς
2422 2769 2477 2821 ai
2499 2767 2714 2840 πέτραι,
2739 2767 2909 2838 χαλκῆ
2929 2767 2982 2819 δὲ
2999 2768 3032 2836 ἡ
3049 2764 3293 2835 ψάμμος.
3313 2758 3496 2832 χαλκοῦ
3511 2753 3705 2822 δέιίνῆίία

2224 2859 2273 2910 οἱ
2301 2858 2532 2929 ποταμοὶ
2561 2860 2770 2927 ἄγουσι.
2805 2859 2915 2912 Kal.
2943 2855 3181 2910 τοσαῦτα
3216 2854 3314 2926 μὲν
3341 2851 3404 2905 τὰ
3430 2847 3614 2903 κατὰτὸ
3632 2842 3704 2914 τρί-

2224 2965 2314 3001 τον
2350 2950 2706 3022 σύγγραμμα.

568 3036 634 3091 ad
661 3036 935 3091 Oritarum
983 3039 1058 3091 ait
1081 3038 1124 3068 ⁶¹
1155 3037 1370 3092 venisse
1421 3035 1717 3104 regionem,
1749 3035 1840 3090 ubi
1879 3052 2019 3091 aerea
2059 3054 2209 3101 saxa,
2249 3057 2518 3114 arcnaqne
2544 3061 2703 3110 aerea,
2734 3043 2966 3115 aerisque
3003 3048 3250 3098 ramenta
3281 3037 3420 3094 fluvii
3450 3027 3704 3089 vehunt.At-

568 3148 674 3204 que
699 3132 802 3188 ista
826 3139 973 3198 sunt,
1007 3149 1126 3203 qua:
1157 3132 1212 3186 in
1253 3131 1413 3186 tertio
1447 3131 1586 3184 libro
1615 3133 1983 3187 continentur.

1027 3246 1185 3318 527
1219 3243 1446 3299 CAPUT
1485 3241 1672 3298 XXVI.

643 3358 935 3430 Sequentia
964 3359 1076 3428 jam
1109 3372 1544 3428 percenseamus.
1590 3357 1665 3412 Ex
1712 3357 1863 3412 India
1903 3358 1956 3412 in
1982 3357 2132 3412 Grae-

570 3451 715 3506 ciam
743 3452 998 3506 reducem
1029 3450 1073 3481 ⁸³
1109 3450 1176 3504 ab
1228 3449 1362 3520 ipsis
1398 3451 1504 3505 diis
1534 3450 1703 3505 refert
1760 3450 1966 3504 socium
2002 3450 2131 3505 deo~

569 3559 692 3598 rum
727 3559 848 3597 eum
877 3557 998 3596 esse
1027 3539 1362 3596 declaratum
1393 3542 1518 3611 :qui
1553 3549 1607 3594 et
1631 3546 1863 3610 aégrotos
1892 3545 1956 3592 ad
1982 3554 2127 3600 eum,

571 3634 823 3690 sanitatis
855 3633 1240 3702 recuperandze
1269 3648 1459 3696 causa,
1505 3632 1853 3687 remiserunt.
1904 3629 2133 3700 Jamque

571 3727 725 3798 quasi
757 3726 826 3780 ab
875 3724 1166 3788 Arabibus,
1211 3727 1492 3796 magisque
1520 3734 1575 3779 et
1611 3723 1757 3777 Indis
1806 3718 2131 3791 stupendum

569 3819 746 3872 virum
776 3825 830 3873 et
862 3817 1016 3888 plane
1050 3817 1293 3871 divinum
1324 3817 1618 3879 advehens,
1651 3815 1818 3869 miras
1848 3813 1973 3867 inde
2005 3826 2132 3866 nar-

571 3910 814 3965 rationes
847 3908 1106 3964 instituit.
1141 3907 1306 3977 Atqui
1353 3923 1461 3962 non
1517 3907 1792 3960 immerito
1837 3906 1982 3960 dicat
2031 3905 2132 3957 ali-

572 4005 715 4073 quis,
771 4003 916 4074 quod
970 4003 1015 4056 si
1059 4003 1169 4071 jam
1208 4002 1336 4056 olim
1378 3999 1803 4062 excellentioris,
1853 4013 2016 4068 quam
2047 4004 2132 4052 est

570 4096 832 4160 humana,
861 4097 1164 4150 exstitisset
1203 4105 1431 4159 naturte,
1470 4110 1578 4148 non
1622 4093 1733 4164 jam
1763 4093 2004 4157 demum,
2035 4089 2131 4146 sed

570 4187 756 4257 potius
787 4195 1076 4256 antequam
1127 4187 1362 4241 aliorum
1409 4185 1730 4256 profecisset
1767 4183 2130 4246 institutione,

572 4279 960 4333 miraculorum
992 4277 1384 4348 patrandorum
1418 4277 1632 4331 initium
1665 4292 1790 4332 eum
1825 4275 2003 4330 facere
2033 4288 2132 4344 par

573 4381 705 4424 erat.
737 4369 1001 4424 Przeterea
1033 4369 1421 4438 superforanea
1475 4367 1652 4422 futura
1710 4367 1923 4430 fuisset,
1967 4381 2132 4436 quam

572 4460 862 4521 Arabibus,
898 4461 1176 4531 magisque
1226 4468 1278 4514 ct
1331 4459 1478 4516 Indis
1505 4461 1685 4515 studio
1720 4458 1821 4514 sibi
1855 4457 2136 4528 conquisi-

572 4553 669 4617 vit,
698 4551 971 4615 doctrina,
1004 4552 1050 4607 si
1081 4553 1204 4615 quis
1230 4569 1353 4607 eum
1381 4553 1537 4622 juxta
1565 4569 1652 4617 ea,
1687 4567 1808 4622 quae
1840 4549 2134 4604 Philostra-

2711 3245 3103 3304 ΚΕΦΑΛΑΙΟΝ
3155 3249 3302 3316 κεῖν.

2311 3362 2579 3432 Ἐπίωμεν
2609 3361 2653 3414 δ’
2681 3360 2782 3433 Ιἤδη
2813 3360 2882 3414 τὰ
2915 3359 3062 3430 ἑξῆς.
3132 3357 3534 3418 Ἐπανελθόντα,
3575 3349 3705 3421 φησιν,

2229 3454 2389 3508 αὐτὴν
2416 3455 2512 3524 τῆς
2555 3452 2727 3508 Ἰνδῶν
2751 3451 2932 3525 χώρας
2957 3451 3050 3506 ἐπὶ
3076 3452 3174 3523 τὴν
3231 3448 3445 3504 Ἐλλάδα
3466 3487 3479 3507 ,
3525 3439 3706 3498 κοινωνὸν

2229 3545 2336 3599 τῶν
2366 3544 2502 3598 θεῶν
2535 3544 2667 3617 πρὸς
2699 3543 2875 3597 αὐτῶν
2903 3543 3009 3596 τῶν
3058 3541 3196 3595 θεῶν
3229 3535 3649 3609 ἀνακεκηρύχθαι.
3675 3526 3706 3580 'J’:

2229 3639 2321 3691 καὶ
2351 3639 2476 3700 τοὺς
2503 3636 2804 3708 κάμνοντας
2827 3635 2901 3700 ὡς
2932 3635 3092 3688 αὑτὸν
3121 3635 3210 3703 ἐφ’
3232 3633 3386 3703 ὑγεία⁵
3409 3630 3704 3701 παρέπεμπονο

2229 3730 2338 3784 Καὶ
2385 3729 2518 3800 δῆτα
2557 3729 2632 3792 ὡς
2661 3727 2719 3792 se
2766 3726 3008 3800 Ἀράϐων
3033 3767 3047 3789 ,
3083 3727 3177 3780 καὶ
3214 3726 3432 3796 μάγων,
3479 3721 3555 3774 καὶ
3588 3711 3707 3769 Ἰνδῶν

2231 3820 2529 3893 παράδοξόν
2555 3837 2677 3874 τινα
2705 3821 2800 3872 καὶ
2828 3819 2967 3872 θεῖον
2984 3817 3144 3871 αὐτὸν
3167 3819 3300 3888 ἡμῖν
3329 3813 3529 3884 ἀγαγὼν
3547 3851 3560 3873 ,
3587 3822 3707 3875 παραυ

2227 3914 2390 3980 δόξων
2414 3912 2658 3966 ἐντεῦθεν
2685 3911 3058 3982 ἀφηγημάτων
3087 3901 3594 3981 κατάρχεται.Καὶτδ
3616 3897 3706 3962 (27⁸)

2229 4005 2293 4059 ἄν
2314 4023 2396 4068 τις
2420 4005 2560 4058 εἴποι
2587 4004 2837 4072 εὐλόγως,
2860 4004 2940 4056 ὅτι
2955 4003 3040 4072 δὴ,
3061 4004 3108 4055 εί
3129 3991 3708 4072 θειοτέραςῆκατἪνθραν

2230 4114 2330 4150 πον
2362 4095 2571 4165 φύσεως
2599 4091 2664 4166 ἦν
2697 4095 2862 4148 πάλαι
2886 4133 2900 4157 ,
2948 4092 3061 4147 ἀλλ’
3089 4092 3148 4145 οὑ
3177 4091 3274 4145 νῦν
3302 4090 3402 4143 ἔδει
3420 4129 3433 4152 ,
3476 4084 3564 4156 πρὸ
3583 4080 3654 4148 τῆς
3671 4073 3707 4126 δέ

2231 4187 2430 4260 ἑτέρων
2476 4187 2824 4259 μεταλήψεως
2880 4185 2987 4239 τῶν
3041 4185 3358 4254 θαυμασίων
3403 4170 3705 4248 κατάρχεσθαι·

2230 4279 2464 4351 Περιττὴ
2513 4279 2556 4331 δ’
2587 4277 2651 4331 ἂν
2691 4278 2784 4332 καὶ
2815 4279 2848 4347 ἡ
2898 4276 2957 4343 ἐξ
3002 4274 3246 4347 Ἀράϐων
3274 4270 3416 4342 αὐτῷ
3438 4311 3452 4332 ,
3499 4265 3704 4351 μάγωνῖ

2232 4346 2324 4422 καῖ
2363 4346 2557 4432 Ἰνδῶν,
2587 4367 2675 4421 διὰ
2698 4346 2929 4437 σπουδῆς
2953 4346 3291 4438 ἐπεχειρεῖτο
3345 4359 3653 4430 πολυμάθεια,
3676 4346 3706 4398 ει

2231 4462 2294 4532 δή
2328 4478 2411 4525 τις
2465 4461 2606 4516 κατὰ
2662 4461 2760 4533 τὴν
2791 4460 3032 4514 δοθεῖσαν
3067 4458 3277 4530 ὑπῆρεν
3335 4453 3578 4508 ὑπόθεσιν.
3612 4439 3704 4495 Ἀλλ’

2233 4546 2405 4618 οὗτος,
2433 4552 2573 4608 κατὰ
2597 4553 2686 4607 τὸν
2709 4552 2882 4625 άληθῆ
2909 4551 3227 4624 συγγραφέα
3271 4549 3400 4622 (28),
3419 4546 3502 4602 νῦν
3523 4541 3574 4611 δὴ

573 4653 661 4698 tus
684 4644 854 4713 ponit,
889 4643 1254 4700 extollendum
1279 4651 1449 4714 putet.
1484 4642 1588 4698 Sed
1613 4652 1796 4698 tamen
1828 4643 1936 4705 ille,
1960 4641 2118 4711 juxta

2228 4665 2363 4710 εστι,
2391 4646 2524 4717 μετὰ
2546 4623 2827 4710 τοσούτους
2837 4644 3185 4708 διδασκάλους
3199 4643 3296 4715 τὴν
3318 4641 3494 4710 σοφίαν
3510 4623 3702 4690 ἐνδεικνύ-

573 4736 981 4791 veracissimum
1005 4735 1170 4790 istum
1199 4736 1542 4805 scriptorem,
1570 4735 1678 4805 jam
1704 4734 1920 4790 demum
1951 4733 2128 4797 adest,

572 4827 851 4899 sapientiae
879 4835 1194 4896 argumenta
1233 4827 1445 4897 publice
1470 4827 1753 4882 exhibens.

2238 4758 2414 4813 μενος.

643 4885 688 4953 ἱο
728 4919 822 4973 lib.
859 4885 1011 4982 νίς.
1049 4917 1134 4972 te.
1212 4885 1254 4950 οἱ
1297 4917 1390 4972 lib.
1434 4932 1529 4981 ιιι,
1572 4933 1620 4972 c.
1662 4917 1749 4972 ιδ.
1827 4916 1872 4947 σί
1911 4915 2009 4972 lib.
2052 4930 2112 4971 Ill

2227 4959 2236 4973 .
2269 4885 2358 4974 st.
2434 4917 2479 4949 σε
2519 4916 2611 4970 lib.
2645 4932 2730 4978 IV,
2765 4929 2815 4968 c.
2850 4915 2903 4969 ι.

643 5011 756 5080 (25)
792 5010 958 5079 Παρὰ
988 5009 1068 5076 τῷ
1098 5007 1439 5080 Φιλαλῄθει.
1469 5007 1643 5078 Supra
1672 5025 1722 5063 c.
1758 5009 1812 5080 2.

643 5077 756 5152 (25)
802 5077 1142 5151 ’Ed’gpocrér.
1181 5081 1255 5133 Ita
1285 5078 1517 5152 Philost.
1541 5081 1702 5136 habet
1724 5088 1779 5133 et
1809 5077 2004 5134 Euseb.
2033 5078 2130 5134 inf.

574 5167 623 5209 c.
655 5150 747 5208 30.
785 5150 1364 5222 'Excpotravhabebant
1392 5150 1543 5222 editi.

645 5223 756 5294 (26)
789 5218 1024 5294 ’ᾙρὲετα⁷
1053 5221 1194 5275 Editi
1246 5219 1369 5274 οὔτε
1422 5220 1603 5290 ἤρετο.
1638 5218 1918 5294 Ποε-οϐτε
1952 5226 2132 5273 tamen

574 5289 931 5348 omittendum
959 5294 1332 5361 putavi;nam,
1365 5301 1425 5361 ut
1446 5289 1678 5344 taceam
1724 5289 2129 5353 Philostratum,

576 5365 771 5434 ipseid
803 5360 1002 5434 omittit
1037 5361 1307 5434 Eusebius
1339 5360 1464 5423 inf.,
1499 5377 1548 5415 c.
1585 5361 1674 5416 50.

645 5433 758 5506 (27)
792 5432 1048 5506 Ὠριτῶν.
1087 5435 1160 5506 Ita
1202 5431 1394 5506 lndir_:_e
1421 5434 1598 5506 gentis
1637 5432 2137 5506 nomeqscribem

576 5500 705 5555 dum
739 5500 924 5573 'monet
972 5504 1298 5573 Stephanus,
1330 5502 1647 5573 Eustathius
1692 5501 1756 5573 ad
1781 5500 2138 5573 Dionysium,

580 5573 780 5646 aliique
821 5572 951 5646 [non
1003 5570 1251 5646 Ὠρειτῶν
1307 5582 1366 5627 ιιι
1396 5570 2136 5646 ~Eu_s‘ebii_editihabebant].

591 5640 841 5714 Ὢρὲίτηξ
867 5654 1040 5700 autem
1063 5640 1288 5697 ’ἐθνικὸν
1331 5642 1423 5696 τοῦ
1474 5640 1657 5712 Ὠρεοῦ
1693 5643 1896 5710 oppidi,
1924 5642 1978 5695 in
2032 5640 2140 5695 Eu-

2239 5011 2352 5065 bina
2388 5010 2585 5064 insula.
2615 5007 2874 5062 Similiter
2899 5004 3042 5076 apud
3074 5002 3454 5060 Philostratum
3497 4992 3700 5065 peccatum

2239 5091 2341 5137 est.
2377 5081 2646 5135 HOLSTEN.

2289 5153 2423 5222 (ΞΤ)
2449 5149 2556 5205 Καὶ
2580 5149 2669 5222 τό.
2698 5147 2856 5222 Forte
2879 5147 3165 5222 legendum
3202 5147 3366 5222 καίτοι

2311 5201 2421 5292 (έεὶ
2449 5201 2633 5276 dfuth
2658 5201 3017 5292 'tdrhdgn‘dﬁ
3066 5231 3272 5284 συγγρ.
3315 5201 3613 5292 Dictumng

2238 5273 2590 5360 atde—{nempe
2606 5305 2702 5360 pro
2731 5289 2831 5360 tali
2855 5273 3237 5360 Plt'iloslratun't
3257 5277 3555 5360 vendiderat

2394 5340 2870 5432 sup'ra'cfnjiale
2899 5340 3060 5428 igitur
3089 5355 3338 5432 Acciolus
3496 5340 3697 5432 ﬂigi:

2243 5402 2370 5428 me,
2395 5402 2556 5432 συγ...
2582 5402 2628 5415 ν.
2738 5402 2870 5413 -..ην
2901 5402 3050 5428 τη..-
3089 5402 3334 5410 ---ν---η
3363 5402 3412 5432 ξ-
3593 5402 3612 5417 .,

2243 5434 2541 5488 Hieroclem
2595 5431 2869 5490 retulerat,
2893 5436 2946 5482 et
2993 5434 3178 5481 contra
3210 5421 3375 5478 Grzect
3407 5402 3700 5500 tertiis???

2511 5477 3254 5556 ὶὲῡὶεἶὰιὶιὶηᾮᾶὲὲότέ.
3266 5487 3459 5547 nonnisi
3473 5491 3534 5538 tot
3559 5477 3700 5533 αλιι·

2241 5577 2334 5630 stis
2363 5575 2628 5644 magistris
2652 5571 2961 5640 sapientiam
2993 5565 3255 5637 patefecit.

2967 5143 3068 5201 end
3077 5159 3165 5200 um
3202 5142 3392 5196 καίτοι.
3411 5135 3551 5190 Eutr.
