3890 6198
190 270 276 326 8'53

646 380 1034 436 ΚΕΦΑΛΑΙΟΝ
1090 381 1212 434 ΚΖ’.

244 477 336 531 Καὶ
365 475 547 547 πρῶτα
581 476 679 546 μὲν
703 514 717 537 ,
749 470 835 528 οἷα
854 475 911 542 ἐξ
945 474 1183 548 Ἀράϐων
1209 475 1319 546 (9.9)
1342 477 1434 530 καὶ
1457 476 1555 547 τῆς
1582 478 1708 549 παρ’

188 571 336 631 αὐτοῖς
352 566 680 637 οξωνιστικῆς
699 565 1012 637 ὁρμώμενος
1036 604 1051 629 ,
1080 566 1171 619 τὸν
1195 566 1447 638 στρουθὸν
1470 567 1497 620 ὅ
1526 584 1574 619 τι
1598 566 1713 636 βού-

188 663 330 723 Intro,
356 661 474 721 τοὺς
500 658 711 727 ἑτέρους
733 658 824 711 ἐπὶ
849 657 1053 730 τροφὴν
1083 659 1413 730 παρακαλῶν
1440 699 1453 721 ,
1478 660 1713 732 ὲφερμη-

186 754 300 808 νεύει
323 754 427 815 τοῖς
449 750 736 822 παροῦσιν·
765 747 879 804 εἶτα
923 751 980 803 δὲ
1001 792 1015 815 ,
1045 751 1231 823 λοιμοῦ
1265 752 1706 825 προαισθόμενος,

188 845 570 918 προμαντεύεται
599 849 705 909 τοῖς
728 847 985 913 πολίταις.
1018 848 1127 919 Τὴν
1146 848 1188 899 δ’
1206 849 1383 903 αἰτίαν
1410 849 1501 901 καὶ
1522 847 1708 900 τούτου

184 944 229 993 ἐν
252 943 307 1010 τῇ
342 939 464 1010 πρὸς
496 939 817 1009 Δομετιανὸν
847 940 1109 1011 ἀπολογίᾳ
1140 940 1298 1004 αὐτὸς
1331 940 1706 1012 παρατίθεται.

194 1031 441 1102 Ἐρομένου
456 1031 559 1100 γάρ
571 1048 652 1084 τοι
668 1032 846 1096 αὐτὸν,
867 1032 1058 1086 ὁπόθεν
1078 1032 1390 1105 ὁρμώμενος
1408 1032 1562 1086 τοῦτο
1580 1050 1712 1103 προ-

181 1122 314 1185 είποι,
340 1122 690 1193 «Λεπτοτέρα,
713 1122 837 1193 ἔφη,
860 1123 1156 1195 χρώμενος,
1183 1118 1226 1177 ὧ
1248 1124 1486 1194 βασιλεῦ,
1506 1124 1703 1199 διαίτῃ,

181 1213 357 1284 πρῶτος
385 1212 473 1264 τοῦ
530 1213 704 1267 δεινοῦ
754 1216 996 1287 ᾐσθόμην
1021 1233 1034 1246 ⁸
1076 1236 1093 1266 ι
1144 1217 1234 1269 καὶ
1262 1216 1441 1287 τρίτον
1481 1215 1524 1268 δ’
1559 1216 1707 1287 αὐτῷ

181 1304 328 1374 θαῦμα
362 1304 573 1372 γεγονὸς
616 1306 850 1377 ἱστορεῖ,
891 1307 963 1371 ὡς
996 1307 1058 1379 δὴ
1093 1308 1450 1377 ἀλεξήσαντος
1482 1308 1572 1361 τὸν
1606 1309 1707 1362 λοι.

183 1396 257 1466 μόν
297 1396 413 1465 (50).
466 1398 641 1468 ὐπερ
693 1400 741 1450 εί
785 1398 852 1452 τὰ
894 1400 1123 1471 μάλιστα
1167 1401 1223 1452 ἐν
1266 1403 1386 1462 ταῖς
1437 1400 1528 1451 ἐπὶ
1563 1401 1704 1453 τέλει

179 1490 270 1543 κατ’
304 1489 453 1542 αὐτοῦ
508 1491 862 1561 κατηγορίαις
892 1491 952 1543 οὑ
984 1490 1227 1544 τέθεικεν
1270 1493 1297 1544 ὁ
1334 1492 1702 1563 συγγραφεὺς,

176 1570 323 1649 ἕντι
352 1581 540 1651 παρῆν,
578 1582 657 1644 ὡς
686 1582 850 1647 εἰκὸς,
886 1581 1033 1651 αὐτῷ
1065 1582 1133 1635 δι’
1169 1581 1463 1651 ἀπολογίας
1507 1580 1707 1636 ἀπολύ-

177 1670 335 1724 σασθαι
357 1671 453 1740 (51)
478 1670 538 1722 τὸ
573 1671 741 1744 ἔγκλη
752 1690 846 1742 μα,
865 1673 994 1745 φέρε
1022 1673 1085 1743 δὴ
1115 1668 1205 1726 οὖν
1239 1674 1406 1742 ὅμως,
1431 1672 1580 1725 αὐτοὶ
1605 1674 1704 1744 τὴν

1264 260 1464 315 LIBER
1500 260 1779 317 CONTRA
1816 260 2215 319 HIEROCLEM
2226 305 2239 318 .

3273 265 3377 322 83‘

2341 380 2573 438 CAPUT
2607 381 2823 439 XXVII.

1883 474 1961 527 Ac
1984 474 2163 544 primo
2191 474 2410 546 quidem
2439 475 2502 540 “,
2526 476 2694 530 veluti
2728 475 2795 529 ab
2823 474 3093 531 Arabibus
3121 481 3175 530 et
3208 490 3378 546 augu-

1812 566 1912 620 rali
1939 582 2127 621 eorum
2158 567 2344 621 schola
2375 567 2697 633 adventans,
2729 568 3083 638 passerculus
3112 567 3243 638 quid
3272 569 3375 623 sibi

1810 659 1993 725 vellet,
2038 658 2105 713 ad
2156 669 2372 729 pastum
2407 670 2632 714 caeteros
2664 660 2759 730 qui
2793 660 3078 725 invitabat,
3108 661 3374 715 auditori-

1810 751 1914 806 bus
1949 751 2358 821 interpretatur.
2390 749 2528 805 Tum
2554 752 2598 783 ”
2628 760 2970 822 appetentem
3005 753 3375 822 pestilentiam

1813 851 1938 898 ante
1962 845 2223 906 sentiens,
2281 844 2493 899 civibus
2524 844 2671 898 illam
2705 845 2972 914 praedicit.
3024 844 3265 914 Eiusque
3296 844 3375 898 rei

1809 936 2074 990 rationem
2125 936 2264 1005 apud
2322 934 2691 990 Domitianum
2742 937 2857 1006 ipse
2920 952 3133 1007 quoque
3184 936 3372 993 edidit.

1809 1026 2054 1097 Rogante
2106 1028 2249 1081 enim
2319 1042 2444 1081 eum
2506 1026 2837 1090 Domitiano,
2898 1042 3008 1097 quo
3065 1026 3118 1081 id
3174 1026 3374 1098 praedi-

1808 1118 1980 1174 xisset
2037 1119 2320 1182 instinctu,
2378 1137 2396 1170 ι
2459 1116 2658 1181 Diana,
2713 1118 2907 1187 inquit,
2960 1134 2993 1171 o
3044 1118 3370 1188 imperator,

1806 1212 1983 1281 magis
2055 1212 2212 1266 tenui
2276 1227 2452 1275 usus,
2522 1211 2731 1281 primus
2801 1211 3045 1264 omnium
3124 1210 3371 1281 persensi

1807 1309 2030 1359 malum.
2099 1323 2117 1356 ι
2190 1304 2433 1359 Tertium
2492 1304 2621 1360 inde
2694 1313 3034 1374 patratorum
3095 1305 3145 1360 ei
3204 1306 3371 1360 mira-

1806 1398 2052 1451 culorum
2110 1398 2332 1468 exponit
2399 1398 2489 1459 “,
2552 1404 2613 1451 ut
2675 1406 2881 1467 pestem
2955 1412 3148 1466 nempe
3204 1398 3373 1469 depu-

1805 1490 1948 1543 lerit.
1973 1489 2123 1555 Quod
2160 1490 2375 1545 tametsi
2398 1506 2519 1545 cum
2541 1491 2772 1543 maxime
2794 1491 3029 1559 scriptor
3057 1490 3110 1543 in
3139 1490 3225 1553 iis,
3252 1507 3374 1561 quae

1805 1581 1909 1637 sub
1949 1581 2108 1636 linem
2154 1582 2445 1647 habentur,
2498 1583 2940 1637 accusationibus
2979 1597 3088 1636 non
3132 1597 3373 1638 comme-

1803 1674 2117 1736 moraverit,
2169 1674 2449 1744 quoniam,
2488 1685 2548 1728 ut
2603 1674 2918 1729 verosimile
2958 1682 3063 1739 est,
3120 1675 3370 1744 apologia

175 1764 374 1835 ἱστορίαν
400 1766 451 1827 ἐς
483 1765 721 1838 φανερὸν
754 1764 1099 1836 ύποθώμεθα,
1130 1765 1269 1819 οὕτω
1294 1764 1356 1836 δὴ
1392 1767 1483 1819 καὶ
1506 1766 1690 1836 ταύτηπ

1809 1766 1941 1822 illud
1973 1767 2179 1821 crimen
2228 1781 2338 1821 non
2376 1775 2588 1837 poterat
2617 1764 2862 1829 diluere;
2899 1765 3256 1821 nihilominus
3289 1776 3370 1821 ta-

181 1856 454 1918 εύθύνοντες.
491 1857 559 1909 Εἴ
610 1874 717 1910 τινι
768 1857 877 1928 γὰρ
923 1858 1024 1911 οὐκ
1069 1857 1134 1910 ἂν
1182 1858 1265 1929 εἴη
1305 1858 1489 1926 σαφὲς,
1527 1859 1607 1912 ὅτι
1640 1860 1690 1915 δ’)

1806 1875 1927 1914 men
1960 1875 2083 1922 nos,
2114 1874 2235 1928 age,
2267 1860 2426 1913 istam
2470 1858 2754 1913 historiam
2792 1859 2847 1913 in
2889 1859 3061 1914 lucem
3099 1862 3367 1931 produca-

176 1946 278 1998 πολὺ
302 1947 353 1999 τὸ
383 1947 625 2018 πλάσμα,
656 1948 749 2001 καὶ
781 1947 1075 2018 ἀπατηλὸν,
1104 1950 1360 2019 γοητείας
1390 1966 1448 2001 τε
1476 1949 1549 2012 ὡς
1575 1950 1690 2021 ἀλη·

1804 1961 1945 2008 mus,
1969 1961 2087 2000 eam
2118 1962 2335 2016 quoque
2366 1946 2439 1999 ita
2469 1947 2851 2004 examinaturi.
2883 1946 2939 2002 Si
2968 1950 3057 2003 cui
3090 1952 3234 2005 enim
3268 1952 3369 2006 mi-

172 2038 254 2102 θῶς
270 2039 679 2110 ἐμπλεον,αὺτὸς
710 2041 737 2092 ὀ
764 2040 961 2111 τρόπος
988 2040 1277 2111 ἀπελέγχει
1304 2042 1404 2111 τῆς
1436 2043 1697 2115 ἱστορίας.

172 2130 251 2181 Τὸν
272 2131 361 2200 γάρ
382 2148 457 2183 τοι
487 2131 681 2203 λοιμὸν
716 2131 1023 2186 ὑποτίθεται
1048 2135 1107 2186 ὲν
1139 2132 1265 2186 εῖδει
1301 2133 1688 2204 πτωχεύοντος,

170 2221 239 2274 καὶ
276 2222 473 2293 ῥάκεσιν
518 2226 904 2295 ἠμφιεσμένον
956 2224 1261 2296 πρεσόύτου
1299 2226 1489 2297 ἀνδρὸς
1521 2227 1697 2299 ἐωρᾶ-

172 2314 286 2366 dear
319 2315 371 2367 ὃν
400 2315 721 2369 καταλεύειν
768 2316 1258 2388 ἐπικελευσαμένου
1298 2317 1389 2369 τοῦ
1426 2317 1697 2371 Ἀπολλωι-

171 2399 269 2461 vim),
299 2402 539 2474 πρότερον
578 2404 682 2474 μὲν
716 2404 825 2477 πῦρ
867 2404 1080 2475 βάλλειν
1110 2404 1219 2457 τῶν
1252 2405 1567 2477 ὀφθαλμῶν,
1597 2403 1695 2461 εἶθ’

172 2490 346 2562 ὕστερον
392 2493 658 2566 βληθέντα
683 2495 867 2560 λίθοις,
904 2495 1039 2549 κύνα
1092 2498 1566 2569 συντετριμμένον,
1603 2498 1695 2551 καὶ

172 2586 498 2656 παραπτύοντα
541 2588 740 2660 ἀφρὸν,
773 2590 849 2653 ὡς
875 2592 922 2642 οἱ
957 2589 1274 2655 λυττῶντες,
1310 2592 1541 2661 φανῆναι
1568 2608 1580 2620 ·
1617 2594 1694 2643 εί-

173 2675 350 2743 ρῃκὲναι
377 2677 418 2729 δ’
448 2678 612 2730 αὑτὸν
649 2679 775 2752 περὶ
808 2679 997 2732 τούτου
1046 2680 1137 2733 καὶ
1168 2682 1225 2733 ὲν
1259 2683 1323 2751 τῇ
1366 2680 1501 2753 πρὸς
1534 2681 1689 2734 αὐτου

172 2764 361 2835 γρὰτορα
408 2768 733 2837 Δομετιανὸν
784 2767 1046 2839 ἀπολογίᾳ
1084 2768 1257 2822 ταῦτα
1290 2770 1509 2841 γράφει·
1554 2790 1571 2819 ι
1618 2769 1691 2821 Τὸ

173 2856 251 2927 γὰρ
274 2858 440 2930 λοιμοῦ
473 2856 639 2923 εἶδος,
678 2859 897 2929 πτωχῷ,
936 2854 1037 2914 ὦδε
1066 2862 1336 2932 ἀγείροντι
1371 2860 1501 2931 (52),
1538 2860 1690 2913 είκα-

173 2964 266 3002 στο’
309 2952 391 3004 καὶ
435 2948 595 3015 εἶξον,
634 2953 725 3005 καὶ
780 2952 920 3014 ἰδὼν,
956 2948 1117 3017 εἶλον,
1154 2954 1213 3005 οὐ
1270 2953 1481 3015 παύσας
1514 2952 1684 3015 νόσον,

172 3039 255 3093 ἀλλ’
294 3040 484 3110 ἐξελών.
531 3066 547 3097 ι
592 3046 691 3108 Τίς
723 3045 786 3115 δὴ
821 3040 912 3099 οὖν
944 3045 1035 3098 ὲπὶ
1066 3045 1274 3108 τούτοις
1322 3047 1382 3098 οὐ
1420 3046 1560 3116 μέγα
1589 3044 1685 3115 τὴν

171 3132 238 3185 τοῦ
264 3133 641 3206 θαυματοποιοῦ
670 3139 955 3206 γελάσεται
998 3136 1446 3208 παραδοξοποιίαν
1472 3154 1485 3200 ;
1530 3135 1688 3199 ζώων

171 3226 427 3297 ὀφθαλμοῖς,
459 3232 550 3284 καὶ
581 3229 749 3284 λίθων
780 3230 1148 3283 ὑποπίπτοντα
1184 3229 1382 3299 βολαῖς,
1414 3227 1689 3300 ξυντριὸό-

172 3318 292 3375 Madv
319 3337 369 3373 τε
402 3322 531 3394 πρὸς
579 3319 904 3391 ἀνθρώπων,
941 3322 1031 3375 καὶ
1065 3320 1233 3391 ἀφρὸν
1278 3320 1687 3393 παραπτύοντα,

170 3410 243 3479 τὴν
280 3413 360 3465 τοῦ
409 3415 593 3484 λοιμοῦ
650 3417 808 3486 φύσιν
855 3415 1086 3479 ἁκούων,
1115 3416 1189 3477 ὡς
1221 3415 1330 3468 οὐδ’
1372 3415 1485 3469 ἀλλ’
1513 3416 1691 3470 ὁτιοῦν

155 3505 372 3571 οτλτχάνει
409 3507 440 3577 ἢ
483 3507 685 3581 φθορὰ,
742 3510 834 3562 καὶ
887 3508 1125 3569 κάκωσις
1172 3507 1354 3578 ἀέρος,
1389 3509 1481 3561 ἐπὶ
1514 3509 1576 3561 τὸ
1602 3526 1690 3562 νο-

172 3590 296 3657 σῶες
336 3601 680 3670 τρεπομένου,
725 3599 821 3653 τοῦ
854 3599 1212 3671 περιέχοντος,
1249 3600 1311 3651 ἐκ
1342 3599 1589 3673 πονηρῶν
1620 3618 1682 3653 τε

171 3687 239 3738 καὶ
276 3691 469 3757 φαύλων
508 3694 947 3766 ἀναθυμιάσεων,
976 3687 1186 3765 ᾗλόγος
1217 3691 1457 3762 ἰατρικὸς
1501 3709 1681 3764 παρα-

170 3774 323 3847 δίδωσι,
359 3785 765 3857 ξυνισταμένου.
814 3786 922 3839 Καὶ
963 3784 1134 3847 ἄλλως
1165 3784 1275 3853 (53)
1297 3784 1340 3837 δ’
1375 3784 1440 3837 ἂν
1480 3785 1540 3838 τὸ
1585 3787 1689 3855 φά-

174 3892 253 3942 σμα
274 3882 368 3949 (δι)
394 3878 743 3949 διευθυνθείη,
764 3878 992 3949 ἐπείπερ
1024 3877 1159 3949 μόνῃ
1192 3879 1256 3948 τῇ
1292 3876 1398 3929 τῶν
1429 3878 1687 3946 Ἐφεσίων

172 3970 299 4033 πόλει,
325 3974 427 4027 ἀλλ’
457 3975 577 4046 οὐχὶ
612 3970 702 4025 καὶ
732 3974 845 4033 τοῖς
875 3971 1091 4041 ὁμόροις
1113 3969 1203 4022 τὸν
1236 3967 1421 4040 λοιμὸν
1456 3970 1683 4040 ἐπισκῆ-

171 4057 240 4125 ψαί
286 4080 429 4132 φησιν
472 4067 500 4118 ὁ
550 4064 708 4131 λόγος
731 4079 744 4091 ·
780 4063 914 4133 ὅπερ
946 4062 1043 4114 οὐκ
1077 4060 1143 4113 ἂν
1181 4060 1410 4128 γεγόνοι,
1439 4061 1678 4113 κάκωσιν

170 4151 238 4205 τοῦ
262 4157 580 4228 περιέχοντος
639 4153 993 4216 πεπονθότος·
1029 4152 1089 4204 οὐ
1132 4153 1240 4221 γὰρ
1282 4153 1365 4224 δὴ,
1394 4150 1681 4205 κατακλει-

172 4243 278 4311 σθὲν,
296 4250 425 4321 μόνῳ
453 4250 516 4304 ἂν
534 4249 835 4321 ὲφήδρευσε
864 4246 941 4317 τῷ
959 4243 1084 4315 περὶ
1103 4244 1202 4316 τὴν
1218 4245 1446 4312 ’Ἔφεσον
1478 4244 1599 4316 ἀέρι
1621 4244 1681 4296 τὸ

171 4336 349 4410 νόσημα

1801 2051 1906 2089 nus
1942 2037 2077 2092 alias
2112 2045 2384 2093 constaret
2417 2037 2643 2107 liquido,
2675 2040 2912 2107 spissum
2936 2038 3038 2095 hoc
3064 2057 3187 2097 esse
3215 2058 3367 2097 men-

1808 2129 2110 2194 dacium,et
2144 2130 2347 2199 magica
2386 2146 2566 2184 revera
2596 2129 2757 2199 528
2782 2130 3171 2200 superstitione
3197 2132 3363 2187 refer-

1808 2228 1944 2283 tum,
1969 2222 2081 2290 ipsa
2106 2221 2429 2276 narrationis
2460 2221 2596 2274 ratio
2622 2222 2672 2274 id
2705 2232 2847 2276 esset
2874 2223 3131 2277 evictura.
3153 2223 3360 2278 Pestem

1808 2316 1952 2368 enim
1977 2313 2163 2367 statuit
2198 2311 2452 2378 mendici,
2489 2314 2787 2383 pannisque
2828 2314 3018 2369 laceris
3062 2315 3233 2368 induti
3277 2332 3363 2368 se-

1810 2406 1895 2460 nis
1942 2406 2125 2459 habitu
2174 2407 2506 2474 apparuisse.
2544 2406 2710 2472 Quem
2736 2422 2858 2461 cum
2898 2405 3163 2475 lapidibus
3205 2405 3359 2459 obrui

1788 2493 2048 2563 jussissct
2072 2494 2414 2564 Apollonius,
2451 2494 2684 2563 primum
2712 2494 2786 2546 ait
2817 2491 3086 2545 ﬂammam
3111 2493 3361 2547 emisisse

1792 2586 1967 2638 oculis
1996 2604 2008 2639 :
2039 2593 2152 2638 tum
2184 2601 2312 2640 vero
2342 2585 2612 2655 lapidibus
2657 2585 2909 2639 obrutum
2960 2602 3151 2641 canem
3187 2588 3359 2641 obtri-

1792 2685 1903 2730 tum
1927 2684 1979 2730 et
2007 2693 2101 2731 ore
2135 2687 2498 2746 spumantem,
2531 2677 2843 2730 rabidorum
2877 2692 3047 2739 more,
3078 2680 3362 2749 apparuis-

1790 2782 1871 2821 se.
1903 2765 2085 2835 Ipsum
2137 2775 2316 2821 autem
2364 2767 2431 2821 de
2465 2781 2529 2821 eo
2555 2768 2716 2820 etiam
2763 2768 3133 2837 Apollonium,
3172 2772 3226 2823 in
3262 2786 3359 2825 sua

1790 2858 1855 2913 ad
1889 2858 2254 2913 Domitianum
2286 2859 2668 2930 imperatorem
2718 2860 2987 2930 apologia,
3015 2860 3089 2913 ita
3117 2862 3361 2919 locutum

1787 2966 1909 3006 esse
1941 2951 2133 3005 scribit
2164 2971 2175 3005 :
2220 2970 2237 3001 ι
2273 2949 2606 3005 Pestilentiae
2632 2952 2775 3005 enim
2806 2950 2977 3005 forma
3008 2953 3364 3016 mendico,co

1792 3042 1978 3097 habitu
2014 3044 2463 3113 circumvaganti,
2494 3043 2931 3099 assimilabatur:
2964 3060 3195 3115 eamque
3229 3045 3359 3111 vidi,

1790 3136 2071 3206 visamque
2117 3137 2241 3200 vici,
2270 3152 2378 3190 non
2427 3145 2487 3190 ut
2535 3145 2775 3191 cessaret
2820 3137 2936 3191 lues
2976 3137 3233 3201 clliciens,
3265 3142 3359 3194 sed

1787 3228 1946 3298 plane
1977 3244 2006 3282 e
2026 3227 2202 3283 medio
2224 3243 2343 3281 eam
2374 3228 2590 3283 tollens.
2617 3247 2633 3278 ι
2655 3228 2791 3293 Quis
2812 3244 2962 3292 vero,
2987 3229 3117 3303 talia
3153 3230 3359 3300 legens,

1786 3320 2201 3391 praestigiatoris
2240 3335 2438 3389 magno
2480 3320 2593 3374 risu
2647 3336 2757 3374 non
2802 3322 3039 3391 excipiat
3072 3322 3363 3390 portenta?

1791 3411 2141 3486 [monstrum]
2181 3412 2356 3466 oculis
2404 3411 2723 3477 viventium,
2770 3419 2823 3468 et
2884 3412 3157 3484 lapidibus
3211 3414 3264 3468 in
3302 3430 3362 3469 se

1788 3503 2051 3573 conjectis
2080 3503 2397 3563 obnoxium,
2432 3503 2499 3556 ab
2544 3502 2859 3558 hominibus
2904 3521 3035 3559 vero
3066 3506 3355 3566 obtritum,

1791 3606 1845 3651 et
1888 3610 1982 3649 ore
2029 3608 2287 3665 spumans
2323 3613 2334 3646 :
2369 3594 2539 3662 pestis
2596 3602 2848 3647 naturam
2886 3597 2975 3666 qui
3012 3598 3171 3661 sciat,
3209 3599 3358 3667 quod

1793 3694 1936 3749 aliud
1989 3694 2061 3749 sit
2109 3693 2243 3747 nihil
2276 3708 2439 3762 quam
2500 3691 2807 3760 corruptela
2857 3699 2913 3745 et
2943 3690 3133 3744 vitium
3190 3690 3355 3753 aeris,

1794 3795 2005 3841 nosmet
2030 3786 2342 3845 ambientis.
2370 3792 2531 3853 atque
2560 3786 2614 3837 in
2649 3784 2870 3836 noxium
2910 3781 3052 3836 versi
3086 3780 3353 3843 habitum,

1795 3884 1849 3930 et
1881 3875 2130 3944 malignis
2158 3889 2221 3928 ac
2252 3874 2561 3943 depravatis
2596 3873 3054 3935 exhalationibus,
3087 3880 3144 3926 ut
3180 3870 3356 3925 medi-

1795 3982 1984 4024 corum
2030 3966 2193 4021 tradit
2249 3965 2519 4029 doctrina,
2555 3964 2854 4034 inspissati.
2903 3962 3015 4016 imo
3068 3970 3121 4017 et
3170 3960 3353 4016 habita

1787 4068 2103 4115 ceterarum
2151 4058 2686 4114 circumstantiarum
2718 4054 2930 4110 ratione
2972 4055 3139 4108 hocce
3167 4052 3354 4122 explo-

1788 4152 1916 4207 dere
1968 4151 2127 4206 liceat
2178 4158 2474 4221 spectrum,
2519 4148 2772 4219 quoniam
2821 4161 3015 4214 nempe
3076 4146 3175 4201 soli
3232 4145 3351 4198 urbi

1789 4240 2053 4311 Ephesiae,
2085 4255 2193 4294 non
2233 4255 2359 4295 vero
2408 4239 2653 4293 ﬁnitimis
2686 4238 2851 4293 etiam
2887 4244 3095 4308 pestem
3133 4249 3349 4305 gravem

1790 4333 2107 4389 incubuisse
2138 4340 2324 4387 narrat
2367 4333 2544 4386 oratio
2578 4348 2593 4384 :
2629 4331 2772 4400 quod
2800 4330 3001 4384 factum
3030 4337 3175 4384 certe
3207 4326 3350 4382 haud

171 4442 295 4493 esset,
319 4433 361 4487 si
392 4434 577 4489 vitium
632 4434 701 4488 ab
747 4446 872 4486 aere
935 4429 1212 4483 ambiente
1257 4424 1453 4483 fuisset
1510 4436 1899 4482 contractum:
1936 4425 2160 4480 minime
2225 4426 2391 4489 enim,
2448 4425 2718 4494 angustiis
2772 4424 3102 4485 conclusus,
3172 4422 3349 4477 solum

173 4517 406 4592 Ephesium
438 4543 616 4584 aerem
648 4528 871 4582 morbus
902 4523 1154 4579 obsidere
1183 4522 1471 4593 potuisset.

223 4618 259 4651 ⁸⁵
290 4621 369 4677 lib.
402 4641 483 4687 iv,
515 4641 564 4678 c.
598 4624 652 4679 3.
731 4623 775 4655 ⁸⁸
815 4622 909 4677 lib.
948 4636 1035 4682 Iv,
1069 4635 1119 4674 c.
1153 4616 1207 4671 4.

226 4710 314 4783 ίὲθ)
343 4711 437 4769 οἶα
473 4716 540 4781 ἐξ
583 4714 858 4783 Ἀράϐων.
893 4714 1097 4781 Nempe
1128 4709 1430 4768 doctissimi
1468 4707 1543 4761 illi

174 4781 451 4857 οἰωνιστικῆς
482 4781 747 4857 magistri.
778 4783 1189 4857 Videntistrum
1220 4795 1388 4857 supra
1421 4794 1538 4848 cap.

231 4852 318 4925 [30)
352 4850 601 4925 ΛὸιμόνῘ
624 4856 825 4910 Vitium
871 4854 1076 4908 Aldinae
1104 4850 1387 4925 editionis,
1424 4864 1545 4918 qua:
1577 4850 1673 4900 lia-

177 4917 296 4977 lrebat
338 4917 600 4998 λογισμόν,
674 4927 1054 4998 Morellianain_
1090 4935 1305 4998 quoque
1345 4917 1668 4998 _invaserat,

176 4998 371 5059 Quamvis
403 4989 495 5053 'vel
544 4989 747 5052 Accioli
799 4996 975 5050 versio
1006 4989 1283 5047 Morellum
1327 4989 1394 5045 de
1424 5004 1547 5044 vera
1581 4990 1671 5042 le-

178 5063 314 5120 ctione
336 5069 613 5123 admonere
638 5068 920 5123 potuisset.
960 5066 1015 5118 In
1046 5060 1398 5118 Holsteniana
1432 5059 1670 5115 editione

177 5136 377 5191 mendum
402 5140 539 5194 istud
572 5136 840 5194 sublatum
866 5137 1117 5191 observo.

229 5205 461 5279 (δυ-Ὅτι
491 5209 576 5279 μὴ
609 5225 745 5277 παρ.
779 5210 858 5273 ὡς
883 5210 989 5261 εὶκ.
1027 5207 1158 5279 αὐτ.
1182 5202 1279 5279 ⁸δι’
1308 5204 1502 5279 ἀετολ.Δ
1528 5201 1674 5279 ἀστο-

175 5271 508 5334 .him'Nescio
543 5271 610 5334 an
652 5271 942 5334 Eusebium
994 5277 1133 5330 ratio
1182 5274 1270 5328 hic
1318 5289 1426 5328 nou
1478 5271 1668 5342 fugiat.

178 5342 277 5420 Cum
302 5352 449 5411 enim,
486 5352 625 5420 quod
662 5352 776 5420 ipse
807 5348 965 5419 paulo
991 5354 1113 5420 post
1142 5345 1415 5420 observat.
1453 5342 1671 5420 Apollo-

178 5418 269 5469 nius
312 5422 438 5487 apud
487 5413 845 5475 Domitianum
910 5413 1090 5472 ea'de
1140 5432 1199 5470 re
1247 5415 1456 5487 prolixe
1492 5413 1670 5487 egisse

178 5484 396 5554 narretur,
441 5491 621 5546 nescio
665 5508 730 5545 an
766 5489 1094 5544 Philostrato
1144 5484 1262 5541 ista
1293 5485 1459 5539 tribui
1497 5484 1670 5554 possit

180 5560 507 5682 magicam.
536 5562 662 5618 Vide
716 5563 819 5615 huc
852 5561 1174 5630 spectantia,
1239 5557 1330 5612 lib.
1375 5572 1495 5618 vni,
1529 5570 1579 5607 c.
1615 5553 1665 5618 7,

180 5633 276 5678 sect.
308 5633 352 5683 9.

228 5696 315 5765 l5?)
342 5704 516 5771 Ιζτωχ.
548 5696 658 5759 ὦδε
708 5702 1014 5771 ἀγείροντι.
1052 5696 1363 5771 Holstenius
1391 5711 1456 5751 ex
1484 5694 1669 5748 Philo-

172 5772 316 5833 “rato,
361 5766 713 5846 ééa'ﬂpom,
745 5766 1026 5843 legendum
1061 5779 1232 5847 putat.
1264 5769 1331 5823 At
1365 5781 1540 5838 neque
1569 5781 1661 5819 πτ.

1289 4616 1334 4647 ⁸⁸
1375 4615 1470 4670 lib.
1505 4629 1601 4678 ιιι,
1632 4629 1682 4668 c.
1725 4611 1813 4666 10.

1578 4707 1750 4831 il?”

1778 4699 1880 4757 ὦδε
1927 4701 2159 4773 γέροντι,
2203 4700 2295 4755 sed
2346 4697 2863 4773 potiusmwqu
2895 4699 3129 4773 γέροντι-
3154 4699 3347 4773 legitur

1779 4773 1920 4844 apud
1940 4767 2361 4844 'Pliilostratiim.
2396 4768 2509 4844 Nec
2541 4770 2593 4822 in
2640 4767 2864 4844 proelivi
2898 4767 3079 4844 estea
3117 4767 3345 4844 lectione

1777 4833 2056 4898 obtinente
2088 4841 2410 4911 particulam
2446 4833 2545 4892 ὧδε
2574 4833 2857 4893 coiumode
2880 4838 3180 4911 explicare.
3206 4836 3343 4911 H_i_ne

1776 4930 1843 4969 ex
1874 4906 2106 4967 Eusebio
2138 4910 2548 4972 Philostratuin,
2582 4924 2744 4979 quam
2778 4923 2845 4963 ex
2876 4906 3207 4962 Philostrato
3234 4906 3343 4963 Eu-

1777 4986 1986 5042 sebium
2019 4984 2124 5036 isto
2156 4984 2274 5035 loco
2307 4983 2488 5034 malim
2511 4979 2811 5035 emendari.

1848 5056 1959 5125 (55)
1993 5054 2103 5107 Καὶ
2128 5050 2346 5117 ἄλλως.
2380 5051 2444 5125 il.
2477 5067 2527 5105 e.
2559 5051 2689 5125 licet
2722 5064 2847 5105 vero
2885 5048 3045 5125 etiam
3076 5047 3336 5103 conceda-

1774 5119 1865 5181 tur
1893 5119 2128 5179 fabulam
2161 5138 2282 5177 esse
2313 5124 2509 5177 tradita
2542 5121 2608 5176 de
2633 5127 2782 5189 peste
2814 5120 2959 5175 senis
2996 5119 3167 5172 forma
3198 5134 3312 5189 con

1775 5198 1985 5267 spicua,
2016 5202 2069 5249 et
2100 5202 2292 5267 caetera
2330 5210 2397 5248 eo
2431 5188 2753 5267 pertinentia
2804 5198 3130 5267 nugamenta
3185 5188 3339 5245 fabu-

1774 5259 1888 5323 losa
1914 5281 2069 5333 esse;
2092 5279 2191 5318 nec
2215 5266 2294 5318 sic
2323 5259 2501 5318 tamen
2524 5263 2684 5317 etiam
2708 5259 3192 5333 acquiescendum;
3212 5275 3337 5315 nam

1772 5339 1994 5393 omnino
2036 5331 2239 5406 pestem
2288 5334 2596 5406 Ephesiain,
2628 5334 2790 5406 etiam
2836 5332 2953 5406 sine
2979 5331 3121 5406 _i_stis
3169 5345 3339 5400 nuga-

1772 5410 1969 5464 mentis
1993 5401 2311 5476 spectatam,
2331 5401 2434 5459 καὶ
2459 5403 2650 5476 ἄλλως,
2677 5405 2886 5456 ratione
2907 5401 3086 5476 habita
3116 5410 3339 5476 caetera—

1771 5496 1889 5537 t‘um
1916 5471 2475 5537 circumstantiaruiu,
2502 5473 2802 5526 fabulosam
2836 5489 2956 5528 esse
2983 5471 3334 5540 deprehendi.

1847 5550 1959 5619 (54)
1995 5547 2225 5615 Φάσμα.
2260 5545 2583 5619 Φάσμα-ὴοο
2616 5545 2735 5596 loco
2779 5542 3037 5619 nil_al_iu(_l
3069 5543 3339 5619 signiﬁcat

1774 5614 1951 5690 quam
1990 5614 2171 5690 fucujn
2221 5614 2396 5690 oculis
2422 5616 2750 5690 obstipa_tii_ni
2788 5634 2799 5668 :
2834 5616 2913 5690 sic
2938 5614 3124 5690 ῥυῇ-(ε.
3151 5614 3337 5690 55._d::

1772 5680 1960 5745 eadem
1996 5704 2072 5752 re,
2107 5689 2224 5739 Ὀτι
2247 5688 2433 5756 φάσμα
2462 5680 2740 5740 καὶόύδέν
2768 5702 2820 5739 τι
2854 5683 3011 5739 πλέον
3041 5680 3128 5756 ἦν,
3148 5684 3341 5761 προδει-¹

1767 5761 2022 5835 δήλωται.
