3890 6198
175 283 265 341 851

1266 277 1470 336 LIBER
1505 275 1786 335 CONTRA
1823 269 2239 333 HlEROCLEM.

3272 274 3378 333 838

171 408 246 476 ἢν,
275 405 373 475 τῆς
399 403 630 475 παχείας
657 400 750 456 τοῦ
790 403 1030 474 σώματος
1055 401 1502 474 ἐλευθερωθεῖσαν
1530 398 1658 472 ὕλης
1675 441 1691 467 ,

1825 389 1994 459 magis
2025 397 2393 459 Opportunum
2426 385 2592 442 fuerit
2638 385 2706 440 ad
2735 384 2976 456 magicas
3008 384 3380 438 conversatio-

173 495 360 566 ἀγαθὴν
402 497 495 549 καὶ
527 493 824 564 πανάρετον
849 490 984 548 εἶναι
1015 491 1208 564 χρεών.
1238 494 1303 545 ’Ὀ
1333 509 1395 562 γε
1447 492 1550 564 μὴν
1593 493 1703 545 εἰσ-

173 589 390 660 ηγμένος
417 586 651 640 ἐνταῦθα
679 585 884 656 δαίμων
909 584 1191 660 βάσκανος,
1223 585 1313 638 καὶ
1341 583 1592 654 φθονερὸς
1612 583 1702 636 τὸν

169 659 366 751 τρόπον,
402 677 615 748 ὀργίλος
653 692 711 728 τε
755 675 846 728 καὶ
892 659 1143 738 ταπεινὸς
1173 676 1270 746 τὴν
1299 674 1530 728 διάθεσιν
1573 675 1703 726 ὑπο-

169 769 480 822 τετύπωται.
516 768 586 820 Ἦ
615 767 734 836 οὐχὶ
761 765 994 830 τοιοῦτος
1015 768 1043 819 ὁ
1075 767 1164 820 τὸν
1199 767 1556 836 Ἀντισθένην,
1593 782 1703 835 μει-

175 859 341 931 ράκιόν
365 876 416 912 τι
448 858 752 919 σπουδαῖον,
779 856 853 920 ὡς
890 856 954 910 ἂν
990 857 1052 928 δὴ
1080 856 1347 926 φιλοσόφῳ
1385 853 1702 920 ξυνέπεσθαι

167 950 235 1019 τῷ
271 948 606 1018 Ἀπολλωνίῳ
638 947 987 1019 πειρώμενον,
1029 947 1302 1018 ἀπείργων
1328 963 1342 1009 ;
1375 944 1699 1014 Προστάττει

168 1040 268 1112 γὰρ
309 1038 368 1092 τὸ
414 1038 490 1109 μὴ
518 1035 785 1090 ποιεῖσθαι
833 1036 990 1089 αὐτὸν
1033 1034 1365 1109 ξυνέμπορον
1391 1037 1492 1108 τῆς
1525 1035 1715 1091 ἐαυτοῦ

168 1131 490 1202 φιλοσοφίας,
507 1129 769 1198 ἐπιλέγων
787 1129 884 1200 τὴν
905 1129 1100 1183 αἰτίαν·
1141 1149 1160 1181 ι
1183 1128 1483 1202 Πριαμίδης
1511 1147 1567 1184 τε
1587 1131 1714 1202 γὰρ,

167 1225 337 1296 φησὶν,
393 1221 593 1286 ίκανῶς
633 1221 762 1294 (38‘)
793 1223 928 1285 ἐστι,
978 1223 1070 1275 καὶ
1115 1221 1204 1276 τὸν
1232 1223 1470 1294 Ἕκτορα
1534 1221 1716 1294 ὑμνῶν

165 1319 218 1372 οὐ
266 1315 516 1370 παύεται.
561 1334 580 1368 δ
609 1315 734 1380 Πῶς
763 1315 818 1369 δὲ
861 1316 960 1368 οὐκ
1004 1315 1216 1386 ὀργίλος
1252 1315 1346 1368 καὶ
1379 1317 1659 1382 ταπεινός;
1689 1318 1717 1370 ὁ

167 1409 461 1472 Θετταλοῖς,
519 1409 600 1461 ὅτι
669 1408 741 1478 μὴ
805 1407 980 1460 θύοιεν
1010 1407 1176 1478 αύτῷ.
1208 1407 1561 1479 θυμούμενος,
1625 1410 1716 1462 καὶ

168 1502 387 1574 Τρωσὶν,
414 1500 586 1571 ὁτιδὴ
611 1500 715 1571 πρὸ
751 1499 952 1570 μυρίων
981 1499 1120 1552 ὅσων
1162 1499 1296 1553 ἐτῶν
1358 1501 1415 1563 ἐς
1448 1500 1607 1553 αὐτὸν
1635 1501 1716 1554 δι-

166 1593 526 1665 ημαρτήκασι,
560 1591 634 1662 μὴ
663 1590 1178 1662 καταλλασσόμενος,
1205 1590 1298 1644 καὶ
1324 1589 1494 1643 ταῦτα
1511 1589 1712 1655 Θύουσι,

166 1685 251 1737 καὶ
296 1681 531 1752 ξυνεχῶς
565 1681 938 1751 σπενδομένοις
965 1699 976 1710 ·
1017 1681 1150 1734 ἁλλὰ
1193 1683 1285 1736 καὶ
1323 1682 1412 1735 τὸν
1459 1683 1716 1754 Παλαμή-

1817 496 1917 536 nes
1950 480 2092 535 istud
2127 490 2361 550 tempus,
2397 494 2510 534 non
2543 493 2672 533 vero
2698 477 2882 531 herois
2916 475 3188 540 manibu,
3217 489 3378 544 quos,

1815 586 2005 627 crassa
2046 573 2149 627 ista
2176 571 2426 642 corporis
2471 570 2680 626 solutos
2724 569 2972 630 materia,
3007 567 3207 636 probos
3235 583 3379 632 esse,

1817 649 2076 735 omnique
2102 665 2364 718 virtutum
2400 678 2598 735 genere
2645 661 2924 716 abundare
2953 659 3251 730 oportebat.
3287 661 3379 723 At,

1817 759 1908 830 qui
1937 757 2101 813 isthic
2137 757 2413 812 inducitur
2451 757 2684 819 daamon,
2719 753 2919 809 invidis
2968 762 3050 808 est
3091 759 3144 807 et
3191 768 3381 823 parum

1817 851 2066 922 benignis
2110 851 2352 907 moribus
2389 867 2400 902 :
2438 849 2735 904 iracundus
2787 847 2912 902 item
2959 854 3384 916 reprzcsentatur

1816 942 1979 1008 idem,
2029 953 2082 998 et
2111 943 2309 1014 pusillo
2361 943 2566 996 animo.
2606 941 2799 995 Annon
2845 941 2987 993 enim
3034 938 3159 994 talis
3184 938 3382 993 haben-

1816 1037 1919 1092 dus
1947 1037 2040 1102 sit,
2071 1037 2162 1107 qui
2193 1035 2655 1099 Antisthenem“,
2694 1033 2924 1104 probum
2959 1031 3380 1094 adolescentem,

1815 1135 1875 1184 ut
1905 1130 1998 1200 qui
2029 1129 2410 1199 philosophum
2436 1126 2632 1182 sectari
2672 1124 3018 1195 Apollonium
3044 1131 3282 1194 cuperet,
3311 1123 3382 1178 ab

1816 1236 1881 1276 eo
1926 1221 2160 1276 avulsit?
2190 1219 2396 1291 Nempe
2442 1235 2564 1274 eum
2599 1217 2918 1288 Apollonius
2955 1233 3022 1272 ne
3065 1217 3383 1286 participem

1818 1315 2174 1385 philosophia-
2226 1312 2431 1367 faccret
2463 1328 2575 1366 sua:
2609 1312 2881 1381 prohibet,
2912 1311 3124 1365 ratione
3156 1308 3337 1362 addita
3365 1323 3380 1360 :

1822 1424 1840 1456 ι
1871 1405 2174 1462 Priamides
2196 1407 2338 1461 enim
2364 1413 2444 1460 est
2468 1403 2758 1474 genuinus,
2778 1414 2829 1458 et
2857 1402 3142 1459 Hectorem
3162 1399 3386 1454 laudare

1817 1514 1925 1553 non
1955 1499 2175 1554 desinit.
2215 1518 2234 1551 ι
2275 1497 2380 1564 Qui
2426 1495 2747 1550 iracundum
2793 1495 2921 1549 item
2959 1500 3013 1546 et
3054 1491 3238 1544 animo
3285 1505 3382 1560 pu-

1817 1590 1940 1646 sillo
1965 1607 2072 1645 non
2091 1591 2268 1645 dicam
2291 1588 2556 1659 esse?qui
2581 1586 2859 1642 Thessalis
2887 1592 3198 1647 succenset,
3229 1581 3378 1652 quod

1817 1701 1975 1741 sacra
2006 1685 2107 1740 sibi
2143 1700 2248 1738 non
2297 1683 2585 1745 faciant“,
2619 1692 2672 1737 et
2719 1679 2993 1743 Troianis,
3046 1678 3192 1748 quod
3224 1677 3387 1731 innu-

161 1775 276 1838 δους
298 1775 488 1844 τάφον,
513 1772 660 1843 αὺτῷ
688 1773 954 1844 ἀγάλματι
985 1774 1199 1843 φαύλως
1223 1775 1568 1848 ἐρριμμένον,
1601 1777 1717 1829 ἀναι

1825 1777 1985 1832 meris
2018 1785 2142 1831 ante
2175 1776 2334 1832 annis
2370 1776 2569 1845 injuria
2601 1789 2723 1829 eum
2771 1773 3100 1837 atfecissent,
3143 1773 3388 1827 reconci—

161 1868 334 1921 λαεεῐν
365 1865 783 1936 ἐγκελευόμενος
801 1881 816 1931 ;

679 2156 1070 2210 ΚΕΦΑΛΑῘΟΝ
1107 2157 1186 2210 Λ’.

226 2252 290 2306 re
340 2251 527 2324 μέντοι
571 2251 818 2322 πέμπτον
853 2252 946 2316 καὶ
989 2249 1143 2303 ἕκτον
1195 2249 1377 2322 θαῦμα
1419 2249 1480 2304 ού
1522 2251 1720 2323 πολλῆς

145 2329 315 2402 δέοιτο
339 2343 436 2398 τοῦ
465 2342 622 2412 λόγου
651 2342 952 2413 διατριϐῆς,
989 2345 1046 2406 ἐς
1079 2342 1299 2408 ἔνδειξιν
1327 2343 1427 2415 τῆς
1455 2343 1551 2397 τοῦ
1584 2361 1721 2416 γρα-

147 2439 339 2507 φέντος
395 2434 508 2507 (59)
561 2432 868 2504 εὐχερείας·
929 2433 1186 2504 δαίμονας
1251 2434 1358 2506 γὰρ
1411 2436 1716 2502 ἀπελαύνει,

144 2531 289 2600 ἄλλῳ
321 2526 502 2588 ἄλλον,
628 2541 758 2594 φασι
815 2524 947 2598 (40),
994 2524 1224 2595 δαίμονι.
1254 2525 1356 2579 Τὸν
1400 2527 1497 2597 μὲν
1525 2527 1632 2599 γὰρ
1663 2527 1720 2594 ἐξ

141 2621 450 2673 ἀκολάστου
486 2615 789 2688 μειρακίου,
834 2617 924 2668 τὸν
965 2616 1009 2669 δ’
1037 2616 1382 2682 ἐπιπλάστως
1435 2621 1491 2682 ἐς
1539 2637 1720 2689 γυναι-

143 2714 300 2767 κείαν
338 2713 551 2784 μορφὴν
600 2710 1076 2782 σχηματιζόμενον.
1116 2711 1332 2765 Τουτονὶ
1373 2712 1428 2764 δὲ
1471 2714 1560 2766 τὸν
1607 2713 1721 2767 δαί-

145 2823 288 2878 μονα
327 2824 347 2855 ι
391 2806 712 2876 Ἔμπουσαν
750 2823 765 2853 ι
797 2807 888 2856 καὶ
929 2823 946 2855 ι
989 2804 1226 2874 Λαμίαν,
1263 2824 1282 2856 ι
1317 2806 1498 2870 αὐτοῖς
1523 2806 1719 2877 ὀνόμα-

141 2915 251 2962 σιν,
278 2899 306 2950 ό
358 2895 668 2964 σοφώτατος
697 2895 974 2950 ἀποκαλεῖ.
1010 2895 1080 2949 Τό
1117 2913 1178 2966 γε
1214 2897 1320 2969 μὴν
1344 2898 1435 2950 ἐπὶ
1463 2900 1560 2970 τῆς
1593 2901 1722 2952 Ῥω-

145 2988 326 3058 μαίων
361 2986 570 3050 πόλεως
603 2986 738 3056 μετὰ
769 2986 941 3040 ταῦτα
970 2986 1168 3060 κόριον,
1197 2991 1277 3042 ὅτι
1309 2989 1371 3062 δὴ
1405 2990 1540 3062 μετὰ
1563 2991 1722 3046 θάνα-

1819 1872 1940 1926 liari
1976 1871 2129 1932 nolit,
2167 1869 2602 1925 sacrificantibus
2643 1867 2769 1920 licet
2802 1874 2965 1936 atque
3016 1849 3312 1920 libentibus
3335 1863 3386 1918 ei

1819 1964 2212 2018 indesinenter.
2243 1960 2348 2016 Sed
2385 1969 2437 2014 et
2462 1957 2768 2013 Palamedis
2805 1959 3114 2028 sepulcrum
3141 1974 3248 2012 una
3264 1970 3389 2012 cum

1819 2057 1964 2112 illius
1990 2063 2171 2112 statua
2199 2053 2340 2108 male
2369 2053 2608 2107 dirutum
2644 2054 2945 2108 restaurari
2970 2052 3148 2122 jubet.

2287 2163 2445 2235 530
2481 2161 2704 2217 CAPUT
2743 2160 2909 2217 xxx.

1889 2261 2146 2328 Quintum
2172 2275 2336 2330 porro
2380 2267 2704 2328 Sextumque
2745 2257 3069 2312 miraculum
3099 2271 3208 2310 non
3249 2270 3389 2327 opus

1819 2350 2039 2411 habent,
2067 2359 2125 2408 ut
2157 2352 2314 2420 longa
2346 2350 2425 2404 eis
2453 2337 2703 2404 oratione
2745 2348 3120 2411 immoremur,
3149 2362 3254 2417 qua
3296 2362 3389 2416 pa-
3434 2408 3438 2412 ν

1819 2451 1926 2498 teat
1951 2443 2143 2498 stolida
2163 2442 2448 2511 scriptoris
2479 2441 2802 2510 simplicitas
2836 2460 2848 2492 :
2887 2440 3163 2494 dmmonas
3187 2453 3382 2508 nempe

1819 2536 2091 2600 exturbat,
2118 2535 2304 2597 alium,
2332 2543 2391 2588 ut
2425 2534 2582 2604 vulgo
2603 2535 2777 2597 aiunt,
2803 2547 2904 2602 ope
2929 2532 3171 2586 alterius.
3204 2531 3385 2584 Alium

1820 2641 2016 2695 nempe
2049 2642 2112 2680 ex
2142 2625 2488 2681 adolescente
2520 2625 2873 2688 infrunito",
2904 2625 3068 2678 alium
3102 2637 3266 2698 porro
3293 2621 3389 2692 qui

1820 2717 1960 2772 facie
1985 2717 2234 2771 muliebri
2272 2725 2420 2772 esset
2452 2717 2757 2772 indutus“.
2785 2715 2961 2786 Atque
2994 2715 3140 2768 hunc
3169 2714 3387 2784 quidem

1827 2807 2130 2864 «Lamiam»
2155 2817 2206 2865 et
2225 2808 2601 2879 cEmpusam,i
2627 2809 2759 2878 ipsis
2787 2809 2937 2862 hisce
2968 2807 3224 2861 adhibitis
3245 2805 3394 2860 voci-

1833 2902 1956 2961 bus.
1989 2902 2431 2972 sapientissimus
2455 2911 2644 2954 auctor
2661 2901 2912 2971 appellat.
2937 2898 3176 2954 Puellam
3196 2898 3318 2953 inde
3336 2898 3392 2952 in

1821 2996 1955 3051 urbe
1980 2996 2223 3050 Romana
2241 2995 2286 3026 ⁷⁸
2307 2995 2448 3064 quod
2470 3002 2591 3065 post
2609 3006 2832 3048 mortem
2854 2993 2908 3046 in
2929 2993 3093 3046 vitam
3117 2991 3396 3046 reduxerit

142 3100 235 3135 τον
267 3081 364 3134 ἐπὶ
390 3080 645 3152 δευτέραν
673 3077 816 3151 ζωὴν
841 3080 1061 3150 ἤγαγεν,
1101 3083 1456 3137 ἀπιστότατον
1491 3083 1599 3154 (41)
1631 3086 1717 3138 καὶ

1825 3088 2050 3150 iterum,
2101 3103 2222 3141 cum
2254 3089 2336 3142 vel
2363 3088 2466 3156 ipsi
2500 3085 2831 3140 Philostrato
2865 3085 3024 3154 plane
3067 3083 3387 3138 incredibile

145 3173 298 3243 αὖτῷ
331 3172 492 3236 δόξαν
519 3170 596 3240 τῷ
619 3171 976 3243 Φιλοστράτιρ.
1009 3174 1384 3244 παραιτητέον.
1431 3176 1516 3228 Ἑν
1544 3175 1716 3228 διστασ

145 3262 276 3332 γμῷ
307 3262 492 3331 μέντοι
519 3261 864 3332 ἀμφιϐάλλει,
915 3263 988 3335 μὴ
1027 3263 1135 3335 ἄρα
1169 3265 1398 3337 σπινθὴρ
1422 3267 1520 3337 τῆς
1547 3268 1723 3340 ψυχῆς

147 3354 474 3424 ἐνυπάρχων
514 3352 591 3423 τῷ
639 3353 808 3418 παιδὶ,
850 3355 976 3418 τοὺς
1024 3354 1418 3426 θεραπεύοντας
1461 3357 1720 3428 ἐλελήθει.

150 3445 422 3513 Δέγεσθαι
471 3444 578 3516 γάρ
612 3461 793 3516 φησιν,
830 3445 905 3510 ὡς
935 3446 1158 3516 ψεκάζοι
1205 3449 1301 3519 μὲν
1342 3452 1370 3503 ὁ
1408 3450 1562 3515 Ζεὺς,
1599 3453 1632 3522 ή
1667 3449 1724 3504 δὲ

153 3539 372 3609 ἀτμίζοι
411 3541 518 3594 ἀπὸ
545 3539 639 3594 τοῦ
686 3539 991 3612 προσώπου.
1027 3540 1135 3593 Καὶ
1165 3541 1273 3612 γὰρ
1311 3541 1376 3613 δὴ
1419 3544 1468 3596 εί
1510 3542 1724 3614 ἀληθῶς

155 3631 284 3685 αὐτὸ
313 3631 516 3687 τοιόνδε
559 3634 644 3684 ἐπ’
688 3632 856 3703 αὐτῆς
905 3631 1120 3705 Ῥώμης
1160 3633 1494 3704 ἐπέπρακτο,
1534 3636 1632 3689 οὐκ
1660 3636 1726 3690 ἂν

159 3724 394 3794 ἐλελήθει
439 3724 660 3796 βασιλέα
714 3743 774 3778 τε
821 3724 1054 3798 πρῶτον,
1105 3729 1198 3781 καὶ
1240 3729 1365 3792 τοὺς
1413 3731 1528 3800 μετ’
1565 3731 1724 3784 αὐτὸν

161 3813 402 3878 ἅπαντας
439 3815 737 3887 ὑπάρχους,
785 3816 1017 3888 μάλιστα
1061 3818 1117 3872 δὲ
1159 3818 1249 3872 τὸν
1295 3820 1577 3890 φιλόσοφον
1619 3822 1724 3874 Εὑ-

165 3907 400 3980 φράτην,
445 3912 847 3982 ἐγχωριάζοντα
889 3914 1008 3965 κατ’
1032 3915 1204 3966 ἐκεῖνο
1241 3915 1462 3986 καιροῦ,
1512 3916 1605 3969 καὶ
1633 3915 1726 3968 ἐπὶ

164 3999 255 4068 τῆς
293 4001 510 4074 Ῥώμης
549 4003 906 4075 διατρίϐοντα,
951 4007 1010 4068 ὃς
1038 4006 1099 4078 δὴ
1133 4008 1190 4070 ἐς
1220 4006 1442 4080 ὕστερον
1473 4009 1571 4080 τὴν
1606 4011 1724 4062 κατ’

166 4091 321 4144 αὑτοῦ
357 4096 710 4166 κατηγορίαν,
740 4097 814 4162 ὡς
858 4099 920 4170 δὴ
963 4098 1101 4152 κατὰ
1145 4100 1356 4171 γόητος,
1408 4101 1726 4154 ὑποϐάλλειν

167 4181 456 4256 ίστέρηται.
492 4189 713 4253 Πάντως
741 4191 846 4262 γὰρ
878 4192 943 4245 ἂν
967 4193 1059 4246 καὶ
1083 4191 1255 4254 τοῦτο,
1286 4196 1334 4246 εί
1363 4193 1424 4266 δὴ
1451 4193 1604 4247 τοῦτο
1635 4212 1727 4264 γε·

165 4275 312 4350 τοὺς
334 4273 422 4347 ἦν,
451 4283 569 4343 ταῖς
589 4280 776 4344 ἄλλαις
810 4283 928 4336 κατ’
971 4283 1135 4336 αὐτοῦ
1167 4284 1436 4349 διαϐολαῖς
1462 4286 1594 4358 πρὸς
1629 4287 1724 4340 τοῦ

166 4368 462 4438 κατηγόρου
492 4370 923 4437 συγκατείλεκτο.
966 4375 1074 4426 Καὶ
1106 4374 1173 4427 τὰ
1205 4376 1300 4445 μὲν
1330 4377 1388 4428 ὲν
1424 4377 1578 4448 μέρει
1634 4380 1728 4432 καὶ

165 4459 282 4508 κατ’
309 4453 444 4522 εἶδος
474 4461 621 4532 αὑτῴ
653 4463 1029 4534 πεπραγμένα,
1056 4467 1289 4519 τοσαῦτα
1307 4484 1319 4496 ·
1358 4469 1524 4540 μυρία
1550 4468 1605 4521 δὲ
1635 4471 1728 4523 καὶ

231 4613 278 4645 ’ί
315 4614 526 4695 lib._tv,
558 4631 610 4672 c.
646 4617 733 4674 12.
805 4620 851 4651 τ’
891 4620 985 4675 lib.
1027 4635 1115 4688 tv,
1148 4637 1198 4676 c.
1238 4623 1323 4678 16.
1400 4624 1448 4656 ’³
1484 4623 1581 4680 lib.
1616 4641 1704 4692 tv,

1825 4625 1912 4682 20.
1987 4628 2036 4660 ⁷⁸
2075 4627 2172 4682 lib.
2205 4643 2295 4695 tv,
2331 4643 2380 4682 c.
2416 4627 2508 4684 25.
2583 4629 2629 4660 ⁷³
2667 4629 2763 4684 lib.
2797 4643 2850 4682 tv
2873 4670 2888 4694 ,
2921 4645 2972 4684 c.
3015 4629 3107 4684 45.

169 4695 261 4737 vui
277 4726 292 4750 ,
321 4703 372 4740 c.
408 4687 462 4743 3.

405 4799 657 4865 Ἱκανῶς.
689 4799 850 4854 Forte
876 4799 1078 4864 ἱκανός.
1108 4799 1264 4857 Enn.

257 4867 355 4947 3_9)
412 4869 971 4947 I‘pagértleEditi
1029 4873 1299 4947 habebant
1363 4875 1714 4947 πραχθέντος.

164 4931 337 5010 Paulo
377 4931 636 4995 audacius
678 4931 844 4995 videri
876 4953 1185 5010 poteramus
1238 4945 1326 5000 hic
1376 4931 1713 5001 emendasse.

167 5003 270 5082 Sed
295 5011 612 5076 necessitas,
646 5022 704 5066 ιιι
734 5003 920 5082 spero,
952 5014 1231 5066 audaciam
1263 5017 1566 5079 excusabit;
1597 5017 1719 5069 nul-

169 5074 285 5156 lum
318 5083 460 5134 enim
503 5074 850 5156 senSnnn_bic
903 5081 1079 5156 fundit
1126 5087 1478 5156 πραχθέντος.
1512 5074 1716 5141 Contra

170 5148 440 5227 Euxépstav
480 5160 532 5206 et
586 5152 911 5227 κουφότητα
944 5148 1272 5227 Christianis
1313 5148 1716 5226 exprobraverat

169 5213 454 5297 liiérocles,
480 5237 640 5291 quam
656 5213 867 5297 passim
901 5224 1080 5297 in_hoc
1100 5213 1718 5297 iopusmtlo'retorquen-

166 5293 267 5368 tam
307 5291 910 5368 vi_d:mus__calumniam
954 5291 1283 5352 Eusebium:
1319 5301 1494 5368 ipsum
1537 5291 1716 5368 potius

167 5353 479 5436 Hieroclem,
521 5361 1012 5436 Philostratumque
1054 5353 1352 5436 tantOpere'
1375 5370 1443 5423 ab
1469 5353 1719 5424 eo.com-

169 5430 491 5508 mendatum,
519 5433 809 5508 εὐχερείαςΔ
832 5445 882 5508 et
919 5430 1251 5508 κουφότητος
1294 5455 1416 5494 reos
1461 5455 1584 5494 esse
1617 5438 1715 5492 de—

180 5506 549 5581 monstrantem
575 5523 586 5557 :
625 5505 765 5581 quod
797 5505 883 5558 hic
911 5505 1272 5581 quoqueeum
1302 5509 1480 5566 facere
1510 5509 1718 5581 liquido

189 5570 407 5652 gustare
451 5581 601 5652 puto.
643 5570 1250 5652 Caeterum'sileuillud
1295 5570 1597 5652 γραφέντος
1647 5580 1716 5635 ad

219 5644 456 5698 teroclem
490 5643 717 5708 referas,
761 5645 874 5700 sive
906 5647 972 5700 ad
1004 5643 1387 5706 Philostratum
1417 5643 1528 5708 non
1575 5643 1717 5705 inul-

183 5699 268 5763 ιιιιιι
298 5712 566 5783 intererit,
588 5699 722 5771 nam
749 5699 926 5786 potest
949 5699 1182 5790 γραφείς
1191 5699 1450 5778 ’ὲέἐέἰίιὲ
1459 5699 1713 5796 quoque,

1825 5723 2192 5796 trittsgeneris.

1825 3177 2088 3240 videatur,
2107 3179 2265 3246 plane
2283 3176 2697 3246 repudiandum.
2733 3175 2790 3230 In
2830 3177 3081 3247 ambiguo
3109 3178 3250 3231 enim
3285 3176 3393 3230 ha:-

1824 3277 1926 3330 ret.
1959 3285 2086 3322 num
2136 3269 2316 3323 vitalis
2343 3283 2490 3322 aura:
2530 3269 2788 3333 scintilla,
2827 3269 2880 3322 in
2919 3270 3097 3339 puella
3146 3266 3389 3330 residua,

1826 3361 2064 3416 medicos
2109 3361 2346 3416 latuerit.
2390 3359 2611 3414 Famam
2663 3361 2808 3416 enim
2857 3376 2980 3416 esse
3021 3361 3116 3424 ait,
3152 3359 3389 3429 pluviam

1826 3458 1937 3507 tum
1961 3453 2224 3508 cecidisse
2261 3451 2710 3522 placidissimam,
2747 3467 2814 3507 ex
2855 3453 3044 3522 puella:
3093 3465 3222 3507 vero
3253 3449 3393 3504 facie

1825 3560 2075 3615 vaporem
2113 3543 2422 3600 exhalasse.
2462 3544 2532 3596 At
2565 3552 2734 3607 certe,
2777 3543 2824 3597 si
2874 3557 2997 3598 vere
3029 3543 3132 3599 tale
3174 3543 3301 3614 quid
3336 3542 3392 3596 in

1825 3639 1942 3708 ipsa
1966 3639 2116 3692 'urbe
2142 3632 2389 3690 Romana
2432 3635 2624 3691 fuisset
2659 3643 2931 3706 patratum
2956 3677 2969 3700 ,
3000 3633 3186 3704 fugere
3215 3635 3393 3706 primo

1824 3728 1999 3799 ipsum
2041 3729 2258 3800 quidem
2301 3743 2406 3782 non
2443 3728 2714 3797 potuisset
2763 3727 3176 3795 imperatorem,
3214 3740 3392 3794 neque

1826 3822 2122 3892 principes,
2146 3821 2239 3892 qui
2270 3821 2576 3890 proximum
2599 3819 2650 3874 ei
2680 3820 2856 3871 locum
2885 3817 3151 3882 obtinent,
3176 3831 3390 3881 omnes,

1827 3913 2096 3981 praecipue
2127 3920 2326 3975 autem,
2366 3911 2458 3980 qui
2487 3925 2551 3963 ea
2591 3915 2908 3978 tempestate
2929 3908 2982 3960 in
3003 3907 3124 3961 istis
3147 3907 3392 3976 partibus

1826 4005 2041 4074 agebat,
2079 4004 2187 4058 imo
2229 4004 2280 4056 in
2329 4003 2444 4072 ipsa
2491 4002 2626 4056 urbe
2671 3999 2842 4052 Roma
2889 4007 3002 4053 tum
3046 4001 3390 4064 versabatur,

1829 4095 2150 4166 Euphratem
2182 4095 2587 4164 phiIOSOphum,
2623 4095 2715 4164 qui
2766 4091 3226 4162 subsequentibus
3254 4099 3393 4145 tem-

1827 4191 2074 4260 poribus,
2099 4189 2526 4244 controversiam
2547 4199 2807 4259 tanquam
2829 4201 2984 4258 mago
3009 4202 3058 4240 et
3093 4185 3393 4240 intentasse

1829 4277 2165 4340 narratur".
2202 4282 2342 4338 Sane
2389 4299 2517 4340 vero
2549 4285 2654 4339 hoc
2699 4283 2923 4338 omnino
2970 4283 3160 4343 etiam,
3194 4282 3238 4340 si
3272 4279 3397 4350 qui-

1826 4375 1944 4432 dem
1979 4375 2182 4430 factum
2213 4376 2264 4430 id
2294 4385 2456 4440 esset,
2491 4376 2704 4432 caeteris
2739 4375 3192 4445 imputationibus
3217 4375 3283 4426 ab
3303 4388 3397 4428 ac-

1829 4478 2083 4526 cusatore
2117 4469 2363 4524 additum
2407 4469 2617 4525 fuisset.
2651 4470 2828 4539 Atque
2862 4470 2965 4524 ista
2999 4469 3218 4543 quidem
3267 4475 3397 4523 sunt

3195 4628 3255 4687 ,⁷⁶
3296 4628 3391 4683 lib.

1751 4812 1796 4868 D
1824 4809 1915 4876 qui
1948 4807 2092 4883 (item
2114 4811 2357 4874 intendit,
2391 4827 2511 4881 quae
2536 4811 2720 4883 γραφή
2757 4811 2958 4866 dicitur
2997 4831 3010 4868 :
3052 4812 3219 4868 forma
3248 4812 3392 4868 enim

1825 4880 2041 5002 passiva
2083 4881 2184 4936 hoc
2233 4880 2455 4937 verbum
2494 4880 2668 4938 active
2709 4880 2898 4938 tamen
2948 4884 3254 4954 signiﬁcare
3293 4886 3396 4936 tri-

1851 4964 1959 5002 um.

1851 4964 1959 5002 um.

1896 5020 2006 5090 (40)
2047 5015 2122 5093 ᾞ
2144 5038 2312 5090 φασι.
2341 5021 2533 5078 Forma
2565 5024 2680 5078 haec
2711 5023 2966 5093 loquendi
3002 5025 3222 5093 vulgare
3254 5023 3387 5078 illud

1823 5089 2028 5144 dictum
2049 5089 2222 5161 fuisse
2249 5095 2446 5161 innuit,
2477 5104 2660 5148 natttm
2691 5089 2829 5146 forte
2855 5110 2918 5147 ex
2952 5089 3260 5147 Jtnlaeorum
3292 5094 3390 5147 ad-

1822 5176 2014 5214 versus
2040 5159 2372 5218 Salvatorem
2403 5159 2696 5226 calumnia,
2716 5165 2799 5217 vel
2827 5164 2893 5218 iis
2912 5164 3073 5217 etiam
3095 5166 3203 5230 jam
3232 5174 3388 5218 antea

1807 5231 1956 5304 trito
1984 5247 2085 5286 usu
2111 5243 2408 5302 receptum,
2433 5243 2487 5289 et
2511 5237 2711 5304 passim
2740 5235 2900 5304 deAiis
2940 5233 3265 5304 adhibitum,
3290 5235 3384 5303 qui

1820 5301 2023 5376 malum
2055 5304 2203 5376 malo
2229 5301 2580 5375 depellerent.
2618 5304 2707 5360 Sic
2742 5302 2867 5370 inf.,
2901 5318 2952 5358 c.
2995 5303 3083 5369 52,
3113 5304 3250 5359 ἀλλὰ
3278 5301 3386 5376 γὰρ

1821 5371 2151 5447 καί-τυφλῷ,
2180 5371 2332 5444 φασῐ,
2368 5376 2552 5447 δῆλον,
2576 5385 2681 5431 etc.

1892 5441 2003 5512 (M)
2056 5441 2488 5500 Ἄπιὰτότατόν.
2539 5446 2614 5499 Ita
2672 5449 2916 5504 rescribo
2975 5446 3236 5503 audacter
3289 5459 3390 5514 pro

1821 5511 2186 5589 naturaadth
2215 5519 2372 5589 quod
2401 5528 2490 5589 est
2523 5517 2577 5570 in
2609 5518 2793 5589 editis.
2829 5519 3098 5589 Imperitis
3121 5588 3124 5589 ν
3147 5511 3390 5570 librariis

1820 5581 2003 5635 fucum
2035 5581 2162 5638 fecit
2191 5581 2334 5658 quod
2355 5587 2511 5652 δόξαν
2533 5581 2924 5644 substantieuni
2948 5588 3256 5658 [entiniimm
3289 5602 3390 5658 pu-

1821 5659 2020 5734 tarent,
2063 5657 2210 5734 quod
2255 5669 2434 5714 tamen
2469 5666 2550 5714 est
2597 5657 3226 5734 ρανιὶεὶρὶιιπιὰόριστον
3261 5657 3387 5714 πω.

2151 5819 2182 5833 -ᾳ
