3936 6208
178 332 275 386 ειι

1299 330 1501 385 LIBER
1537 332 1814 388 CONTRA
1850 332 2268 389 HIEROCLEM.

3322 336 3429 390 SB

180 449 299 520 ὥρα
340 448 624 519 μανθάνειν
649 450 777 520 (5⁸5).
820 470 838 501 ι
876 451 985 504 Καὶ
1030 452 1167 519 μετὰ
1201 450 1403 524 βραχέα
1436 452 1544 524 (54)
1570 456 1756 526 φησιν·

1874 457 2089 510 verbum
2115 455 2435 525 prolocutus
2470 453 2754 524 sequentia
2774 454 2819 486 ⁸ο
2855 471 2867 505 :
2902 472 2921 506 ι
2944 453 3128 525 Neque
3161 456 3426 513 absonum

183 562 202 593 ε
231 538 388 596 Οὗτοι
426 542 522 611 μὲν
554 542 662 612 γὰρ
696 541 807 594 θεοί
838 543 898 596 τέ
935 545 1059 607 εἰσι,
1087 544 1181 596 καὶ
1214 546 1581 616 κεκόσμηνται
1616 550 1757 602 κατὰ

180 632 274 702 τὴν
296 630 495 684 Πυθίαν
516 632 647 700 (55).
692 652 709 684 ι
738 622 845 686 Καὶ
871 634 1181 704 Δομετιανῷ
1210 635 1265 687 δὲ
1289 637 1534 706 εἰσῆκται
1560 638 1751 706 λέγων·

184 744 202 774 ι
229 724 333 777 Καὶ
350 723 431 786 τίς
454 723 592 794 πρὸς
624 724 835 794 Ἰάρχαν
851 742 931 778 σοι
949 726 1201 797 πόλεμος,
1221 728 1312 779 καὶ
1332 727 1614 800 (ῐιραώτην,
1628 731 1754 794 τοὺς

193 813 414 878 Ίνδδύς;
442 812 535 878 οὓς
558 814 668 883 ἐγὼ
693 816 885 885 μόνους
911 817 1208 889 ἀνθρώπων
1231 818 1384 882 οεούς
1410 838 1467 874 τε
1489 822 1750 892 ἡγοῦμαι,

178 905 272 958 καὶ
297 905 478 971 ἀξίους
507 907 603 977 τῆς
630 906 945 978 ἐπωνυμίας
969 909 1191 979 ταύτης.
1231 929 1248 959 ι
1272 911 1380 963 Καὶ
1419 912 1476 964 ὲν
1493 912 1670 975 ἄλλοις
1696 914 1753 965 δὲ

176 999 379 1068 ὁμοίως
416 998 569 1062 θεούς
614 1017 671 1053 τε
724 1002 817 1053 καὶ
866 1001 1216 1065 διδασκάλους
1245 1002 1471 1075 τάνδρὸς
1523 1005 1755 1077 ἐπιγρά-

177 1092 287 1159 ψας
319 1092 425 1159 (56)
457 1093 485 1144 ὁ
513 1092 668 1160 λόγος
703 1095 827 1157 τοὺς
874 1094 1296 1165 δεδηλωμένους,
1338 1096 1654 1161 δακτυλίους
1699 1116 1757 1150 τε

177 1186 312 1255 παρ’
332 1184 509 1236 αὐτῶν
541 1185 817 1257 εἰληφέναι
849 1186 1184 1256 ὁμολογήσας
1209 1188 1389 1254 αὐτὸν,
1414 1188 1759 1260 ἐπιλέλησται

177 1274 296 1337 νῦν,
325 1274 418 1327 καὶ
450 1274 843 1329 συνδιαϐάλλων
877 1280 988 1339 τοῖς
1008 1276 1350 1341 διδασκάλοις
1394 1279 1483 1331 τὸν
1516 1279 1763 1351 μαθητὴν

184 1384 286 1420 ουκ
318 1384 521 1419 επαιει.

1865 548 1996 616 quid
2027 546 2157 601 mihi
2207 546 2425 601 evenire
2470 557 2623 615 puto,
2669 546 2714 601 si
2760 546 3116 617 philosophiae
3159 548 3429 606 obnoxius

1865 637 2093 692 cvadam
2127 635 2493 707 pulcherrime
2538 647 2762 699 ornata,
2803 650 2966 705 quam
3001 635 3216 692 decenti
3242 637 3429 692 habitu

1861 728 2129 791 indutam,
2163 727 2280 781 Indi
2310 726 2531 780 sublimi
2581 734 2634 780 et
2662 726 2819 796 plane
2848 724 3032 780 divina
3079 733 3289 780 vectam
3315 742 3429 781 mao

1859 820 2040 883 china,
2074 819 2128 873 in
2158 833 2377 874 scenam
2410 817 2734 887 provehunt.
2765 817 2939 883 Quam
2963 817 3089 886 jure
3118 823 3299 873 autem
3333 834 3431 874 eos

1860 912 2120 975 admirer,
2151 910 2276 979 jure
2309 911 2584 980 sapientes
2636 924 2759 965 esse
2804 917 2966 978 atque
3009 909 3200 965 beatos
3239 910 3430 966 existi-

1859 1019 2023 1067 mem,
2048 1004 2159 1073 jam
2187 1009 2399 1073 tempus
2419 1010 2503 1058 est
2526 1010 2586 1056 ut
2607 1001 2940 1073 percipiatis.
2981 1021 3000 1055 ι
3026 1001 3090 1056 Et
3118 1005 3280 1073 paulo
3308 1010 3431 1073 post

1860 1097 1990 1149 ait“
2023 1112 2035 1147 :
2074 1113 2091 1145 ι
2124 1094 2188 1148 Hi
2218 1095 2292 1150 dii
2327 1096 2472 1150 enim
2499 1102 2649 1156 sunt,
2669 1101 2723 1148 et
2741 1093 3201 1164 Pythiazexemplo
3222 1108 3429 1148 ornan-

1864 1194 1973 1240 tur.
2000 1207 2019 1238 ι
2055 1186 2419 1241 Domitianum
2455 1202 2673 1257 quoque
2699 1189 3078 1256 imperatorem
3110 1186 3428 1256 hujusmodi

1861 1280 2047 1334 verbis
2080 1278 2359 1333 inducitur
2387 1280 2715 1334 allocutus”
2745 1297 2758 1333 :
2789 1277 3072 1344 Quodnam
3101 1279 3197 1332 tibi
3241 1278 3431 1333 adver-

1866 1388 1963 1428 sus
1991 1371 2237 1426 Iarcham
2282 1380 2337 1427 et
2368 1371 2656 1426 Phraotem
2703 1371 2864 1427 Indos
2906 1380 2990 1427 est
3028 1371 3264 1426 bellum?
3291 1385 3431 1441 quos

183 1479 286 1533 ego
320 1464 467 1518 solos
512 1465 650 1517 inter
682 1463 930 1519 homines
990 1464 1121 1521 deos
1166 1481 1289 1522 esse
1342 1474 1496 1538 puto,
1535 1483 1707 1540 eaque
1763 1470 2124 1539 appellatione
2156 1468 2353 1539 dignos
2416 1484 2636 1524 censeo.
2677 1489 2696 1521 ι
2731 1469 2976 1539 Aliisque
3006 1470 3061 1523 in
3103 1468 3237 1523 locis
3271 1468 3433 1522 simi-

184 1558 308 1612 liter
359 1558 491 1614 deos
549 1558 818 1628 Apollonii
850 1569 1011 1629 atque
1059 1562 1351 1630 magistros
1408 1578 1713 1633 agnoscens
1765 1563 1991 1618 historia
2034 1564 2124 1617 illa
2156 1563 2445 1633 prtediclos
2489 1561 2915 1635 [philosophos],
2965 1563 3308 1633 annulosque
3363 1563 3432 1619 al)

183 1652 252 1705 iis
290 1654 569 1720 accepisse
634 1651 859 1715 fassa”,
899 1668 1044 1707 nunc
1075 1654 1306 1708 istorum
1334 1656 1479 1710 velut
1510 1656 1852 1711 obliviscitur
1879 1671 1986 1711 una
2009 1670 2134 1711 cum
2161 1656 2445 1726 magistris
2497 1656 2848 1727 discipulum,
2901 1656 3209 1726 opprobriis
3257 1657 3431 1714 obno-

180 1746 333 1798 xium
367 1760 486 1799 sese
510 1744 738 1799 reddere
766 1760 876 1798 non
899 1746 1161 1802 sentiens.

688 1863 1082 1916 ΚΕΦΛΛΛΙΟΝ
1134 1864 1253 1918 AB'.

264 1953 502 2018 ’Υποϐὰς
536 1953 578 2006 δ’
608 1954 665 2006 ἐν
696 1958 759 2025 τῇ
793 1958 998 2027 γραφῇ,
1038 1954 1273 2027 αὐλητὴν
1304 1956 1632 2021 ὑποτίθεται,
1665 1959 1759 2012 καὶ

176 2046 274 2098 τὸν
313 2047 684 2110 Ἀπολλώνιον,
735 2046 920 2118 ὣσπερ
965 2047 1107 2111 τινὸς
1152 2047 1318 2119 οΰσης
1363 2049 1628 2120 μεγίστης
1667 2050 1761 2102 καὶ

179 2139 503 2208 σοφωτάτης
522 2139 711 2208 ὲπιστή
722 2155 847 2208 μης,
873 2138 1105 2209 τρόπους
1129 2139 1404 2209 αὐλήσεως
1429 2140 1570 2210 μάλα
1596 2158 1761 2193 σπου-

174 2226 346 2290 δαίως
380 2231 605 2298 μακροῖς
648 2231 757 2291 τοῖς
800 2229 1129 2298 διηγήμασιν
1167 2228 1380 2299 εἴροντα
1409 2228 1758 2299 διεξέρχεται.

178 2321 293 2375 Καὶ
318 2322 691 2393 αὐτοκράτορα
721 2322 1147 2387 Οὐεσπασιανὸν,
1180 2317 1267 2374 οἷα
1299 2322 1362 2393 δὴ
1392 2322 1509 2392 Θεῷ
1534 2321 1764 2396 προσεύ-

178 2411 378 2478 ξασθαι
410 2412 556 2483 αύτῴ
592 2415 810 2485 ἱστορεῖ·
843 2414 936 2467 καὶ
973 2414 1065 2467 τὸν
1107 2414 1224 2483 μὲν,
1254 2414 1328 2477 ὡς
1364 2415 1519 2485 εὐχῇ,
1549 2413 1765 2485 εἰρηκέ-

177 2523 270 2558 ναι
302 2505 432 2575 (57)
475 2525 492 2555 ‹
538 2506 768 2576 Ποίησόν
804 2524 868 2576 με
905 2506 1148 2576 βασιλέα·
1197 2526 1214 2557 ι
1259 2506 1351 2558 τὸν
1380 2507 1436 2559 δὲ
1466 2506 1760 2577 άποκρίνα·

182 2597 329 2651 σθαι·
365 2617 382 2647 ι
423 2598 701 2669 Ἐποίησα.
727 2617 744 2649 ι
778 2599 886 2652 Καὶ
914 2600 997 2661 τίς
1025 2600 1123 2651 οὐκ
1146 2599 1211 2651 ἂν
1234 2602 1513 2671 μισήσειεν
1529 2599 1765 2667 εὐλόγως

178 2691 283 2761 ’τῆς
314 2689 624 2753 ἀλαζονείας
648 2690 745 2761 τήν
771 2690 971 2762 φωνὴν,
1008 2693 1202 2762 μανίας
1229 2691 1288 2743 τὸ
1316 2691 1484 2762 μηθὲν
1511 2691 1766 2743 ἀποδέου-

181 2798 307 2843 σαν,
355 2783 441 2835 ὃτε
490 2799 550 2850 γε
594 2782 692 2853 ήδη
724 2782 884 2845 αὐτὸς
915 2782 1066 2845 Θεὸς,
1110 2783 1202 2836 καὶ
1240 2782 1501 2853 βασιλέων
1536 2783 1767 2854 ποιητής

179 2871 327 2929 εἶναι
352 2877 697 2947 φρυάττεται,
728 2878 755 2927 ό
786 2876 886 2946 τῆς
911 2877 1210 2944 Αἰγυπτίας
1236 2876 1574 2947 κυϐερνήτης
1599 2874 1764 2941 νεώςς

180 2967 356 3020 Τοῦτο
375 2967 481 3037 γὰρ
504 2967 662 3028 αὐτὸς
691 2967 879 3019 ἑαυτὸν
909 2968 938 3019 ὁ
978 2965 1331 3029 Ἀπολλώνιος
1368 2966 1647 3033 γεγονέναι
1669 2965 1766 3035 τὴν

178 3059 385 3129 ψυχὴν,
420 3062 476 3112 ἐν
504 3062 620 3121 ταῖς
648 3059 781 3129 πρὸς
819 3059 909 3110 τὸν
961 3058 1118 3111 Ἰνδὸν
1159 3058 1396 3127 ὁμιλίαις
1429 3056 1608 3128 μικρῷ
1637 3057 1768 3125 πρό-

184 3151 316 3204 σθεν
341 3152 471 3221 ἡμῖν
495 3151 779 3222 δεδήλωκε.

700 3264 1091 3316 ΚΕΦΑΛᾹΙΟΝ
1142 3263 1262 3316 ΛΓ¹.

260 3377 351 3449 Τῷ
384 3378 426 3429 δ’
457 3377 603 3449 αύτῷ
639 3377 882 3447 βασιλεῖ,
931 3376 1020 3440 οὓς
1060 3376 1124 3429 ἂν
1152 3376 1313 3439 αὐτὸς
1345 3374 1623 3445 δοκιμάζοι
1657 3373 1765 3427 τῶν

184 3470 492 3539 φιλοσόφων
524 3469 860 3542 συμϐούλους
892 3470 999 3521 τῶν
1033 3468 1342 3539 πρακτέων,
1378 3468 1642 3538 γνωρίσαι
1672 3467 1768 3519 αύ-

180 3563 265 3632 τῷ
300 3562 555 3626 ἀξιοῦντι,
599 3562 738 3616 κατὰ
767 3560 912 3627 λέξιν
944 3562 1123 3632 φησίν
1164 3580 1181 3611 ε
1228 3558 1446 3628 Ἀγαθοὶ
1474 3559 1530 3612 δὲ
1564 3558 1767 3613 τούτων

188 3653 483 3725 σύμϐουλοι
515 3654 608 3706 καὶ
637 3654 743 3707 οἵδε
780 3655 830 3707 οἱ
867 3654 1077 3725 ἄνδρες,
1116 3653 1203 3707 τὸν
1240 3652 1414 3705 Δίωνα
1438 3651 1638 3717 δείξας,
1673 3650 1766 3703 καὶ

185 3744 280 3797 τὸν
327 3744 639 3815 Εὐφράτην,
687 3746 851 3816 μήπω
887 3744 1034 3814 αύτῴ
1078 3746 1134 3807 ἐς
1165 3744 1430 3814 διαφορὰν
1473 3744 1694 3814 ἥκοντα.
1738 3760 1756 3793 ι

184 3836 301 3890 Kal.
358 3832 546 3900 αὖθιςο
606 3832 724 3888 «Ὦ
775 3835 1023 3906 βασιλεῦ,
1085 3833 1264 3898 εἶπεν,
1319 3834 1609 3905 Εὐφράτης
1667 3833 1762 3886 καὶ

188 3929 349 3991 Δίων,
380 3928 546 3982 πάλαι
590 3945 669 3981 σοι
709 3927 975 3999 γνώριμοι
1007 3928 1179 3992 ὄντες,
1212 3928 1347 3999 πρὸς
1378 3925 1569 3998 θύραις
1603 3925 1761 3986 εἰσὶν,

188 4023 290 4073 οὐκ
320 4020 628 4091 ἀφρόντιδες
658 4023 764 4073 τῶν
787 4021 915 4074 σῶν.
950 4020 1121 4074 Κάλει
1144 4020 1207 4091 δὴ
1235 4019 1519 4081 κάκείνους
1559 4020 1615 4080 ἐς
1650 4033 1765 4070 κοιο

190 4109 281 4164 νὺν
307 4109 458 4179 λόγον
480 4129 492 4141 ·
524 4109 672 4179 σοφὼ
699 4109 809 4180 γὰρ
837 4109 916 4164 τὼ
948 4111 1128 4182 ἄνδρε.
1159 4131 1177 4164 ι
1207 4111 1351 4177 Πρὸς
1371 4109 1407 4163 ἃ
1425 4104 1765 4162 Οὐεσπασια-

261 4293 311 4325 ⁸⁸
347 4293 439 4348 lib.
475 4310 562 4357 vr,
599 4309 648 4347 e.
687 4295 772 4348 II.
850 4297 890 4328 ⁸¹
922 4296 1053 4351 ibid.
1140 4295 1185 4327 "
1226 4296 1320 4350 lib.
1357 4312 1426 4350 vn
1453 4336 1467 4355 .
1500 4312 1550 4351 c.
1589 4295 1681 4350 52.

188 4365 234 4401 ⁸⁸
277 4364 371 4419 lib.
404 4379 498 4429 ιιι,
530 4380 579 4419 c.
610 4366 700 4419 25.
776 4366 823 4397 ⁸⁷
853 4367 946 4423 lib.
988 4385 1047 4430 v,
1081 4382 1129 4421 c.
1165 4365 1258 4421 29.

261 4520 371 4594 (53)
410 4520 685 4594 Kalyax.
723 4522 844 4590 ὥρα
882 4526 1059 4591 μαι-θ.
1102 4521 1273 4576 Verba
1303 4521 1419 4594 ὦρα
1464 4522 1753 4592 μανθάνειν

186 4592 539 4663 οιιιιιιιιοναά
599 4594 952 4663 praecedentia
1004 4596 1298 4661 pertinere.
1351 4592 1597 4663 adeoque
1647 4608 1755 4647 non

187 4670 341 4727 ante,
364 4662 455 4716 sed
508 4662 628 4733 post
667 4678 729 4718 ea
768 4664 1071 4732 ponendam
1122 4664 1353 4733 στιγμήν
1405 4662 1549 4729 esse,
1594 4678 1755 4718 secus

187 4746 353 4803 quam
390 4733 587 4786 factum
619 4734 672 4786 in
710 4736 980 4803 prioribus
1030 4734 1399 4803 editionibus;
1434 4734 1756 4802 particulam

186 4802 248 4856 δέ
280 4803 403 4876 item
431 4813 550 4876 post
578 4804 693 4876 ὥρα
711 4802 1000 4876 delendam
1028 4820 1177 4876 esse,
1202 4802 1518 4876 Philostrati
1551 4812 1757 4876 textum

188 4870 600 4944 conferentibus
628 4870 856 4928 dubium
899 4874 1042 4928 haud
1069 4890 1189 4929 esse
1223 4875 1439 4944 poterit.
1485 4872 1675 4928 Omnis
1704 4874 1757 4926 in

187 4943 667 5016 vxxlgatisriﬂusebii
706 4960 862 4998 error
902 4960 967 4999 ex
998 4960 1063 4999 eo
1092 4953 1195 5004 est.
1226 4943 1376 5016 quod
1409 4945 1592 5016 statim
1634 4949 1759 5016 post

185 5015 307 5067 haec
339 5015 502 5068 verba
543 5016 804 5069 indicium
838 5016 987 5068 tieret
1016 5016 1257 5084 allegata:
1291 5015 1499 5083 ρήσεως
1532 5014 1758 5084 alterius

185 5083 485 5152 Apollonii,
518 5086 698 5139 verbis
732 5085 948 5154 quidem
982 5082 1457 5154 prmrriissisistis:
1488 5085 1583 5137 καὶ
1614 5082 1752 5154 μετὰ

188 5154 612 5235 βραχέαφησίν.
650 5153 883 5235 ΑᾳίΙιῖθο
926 5153 1093 5235 igitur
1133 5156 1330 5235 aptius
1359 5153 1548 5235 referri
1585 5153 1752 5235 posse

181 5224 458 5296 judicavit
488 5226 648 5280 verba
691 5225 808 5296 ὥρα
849 5224 1465 5296 μανθάνεινιιςιςιιιιιιιιε
1507 5225 1751 5293 quidam,

185 5309 353 5363 quam
397 5295 461 5347 ad
501 5294 880 5365 praecedentia,
924 5311 988 5349 eo
1016 5295 1161 5364 quod
1204 5294 1591 5349 Philostratum
1642 5310 1752 5349 non

188 5364 541 5433 inspexisset,
573 5382 746 5435 neque
774 5367 909 5419 adeo
936 5367 1172 5435 legisset.
1202 5379 1321 5434 quae
1352 5364 1491 5435 apud
1519 5382 1640 5420 eum
1666 5380 1754 5419 se-

187 5444 454 5503 quuntur,
491 5433 686 5505 quibus
725 5433 1063 5491 demonstrat
1106 5438 1300 5490 merito
1333 5450 1391 5489 se
1438 5433 1600 5489 ludos
1641 5436 1754 5504 phi-

190 5505 602 5579 losophoshpro
648 5507 933 5579 μακαρίοις
984 5508 1201 5579 habere,
1255 5514 1312 5559 nt
1360 5505 1497 5579 adeo
1548 5508 1753 5579 optime

192 5576 422 5647 quadret
465 5576 530 5629 iis
569 5575 712 5645 quiod
752 5575 1102 5646 praecesserat
1130 5575 1246 5647 ὥρα
1284 5575 1589 5645 μανθάνειν.
1622 5577 1754 5643 Quae

192 5650 234 5717 si
275 5646 517 5717 vidisset,
548 5649 854 5717 quicunque
885 5649 972 5701 ille
998 5648 1156 5702 fuerit
1186 5648 1431 5709 criticus,
1463 5648 1646 5701 statim
1675 5647 1756 5699 vi-

193 5715 365 5790 disset
413 5715 491 5790 ad
519 5719 681 5790 verba
726 5715 996 5790 Apollonii
1040 5717 1471 5790 cx__Philostrato
1525 5718 1754 5790 allegata

192 5787 461 5851 pertinere
482 5788 617 5842 ista:
644 5787 759 5860 ὥρα
777 5787 1087 5860 μανθάνειν.
1115 5787 1229 5844 Hoc
1258 5804 1382 5846 vero
1410 5788 1577 5844 semel
1606 5803 1756 5844 com-

509 5878 778 5941 ΡΔτιιοι..
816 5877 934 5938 Gn.
969 5878 1166 5940 XXII.

1758 4297 1805 4329 ⁸³
1845 4297 1939 4353 lib.
1979 4316 2059 4367 tv,
2092 4316 2141 4355 c.
2182 4301 2266 4356 I9.

1335 4367 1380 4398 ⁸⁸
1421 4367 1514 4421 lib.
1552 4384 1613 4430 ν,
1649 4382 1699 4422 c.
1739 4368 1829 4424 5|.

2413 1860 2643 1917 CAPUT
2669 1861 2883 1917 XXXII.

1934 1956 2067 2010 Dom
2095 1957 2414 2027 pergitvero
2433 1956 2697 2020 scribere,
2730 1956 3009 2011 tibicinem
3024 1955 3314 2026 quemdam
3348 1958 3435 2012 ia-

1862 2050 2065 2105 ducit”
2087 2070 2097 2104 :
2116 2050 2458 2119 Apollonium
2476 2049 2831 2119 autem'quasi
2851 2048 3086 2102 maxima
3101 2048 3190 2102 illa
3205 2042 3361 2113 532
3381 2058 3434 2102 et

1864 2142 2280 2213 praeclarissima
2303 2140 2531 2194 scientia
2563 2148 2731 2204 esset,
2763 2140 2956 2196 modos
2987 2141 3133 2196 tibia:
3160 2140 3430 2204 inﬂandm.

1863 2249 2060 2303 magno
2097 2234 2301 2298 studio,
2332 2233 2547 2303 prolixo
2595 2232 2872 2299 discursu,
2919 2241 3267 2303 prosecutum
3306 2249 3437 2287 nar-

1864 2334 1969 2380 rat.
2003 2325 2397 2396 Vespasianum
2421 2339 2583 2395 porro
2614 2326 2998 2395 imperatorem
3031 2326 3102 2386 ei,
3123 2326 3277 2395 quasi
3303 2324 3433 2388 Deo.

1866 2414 2164 2483 supplicem
2192 2412 2397 2467 factum
2429 2413 2583 2467 ait”.
2620 2412 2797 2482 Atque
2825 2413 3001 2483 ipsum
3037 2414 3278 2483 quidem,
3314 2429 3438 2484 sup~

1865 2506 2122 2575 plicantis
2144 2521 2313 2567 more,
2353 2524 2371 2556 ι
2411 2503 2795 2575 Imperatorem
2826 2521 2914 2559 me
2944 2504 3127 2569 facito,
3164 2524 3181 2556 ι
3208 2504 3432 2562 dixisse.

1867 2597 2154 2668 Iinncque,
2188 2618 2205 2650 ι
2242 2598 2359 2652 .lam
2388 2598 2511 2661 feci,
2552 2617 2570 2649 ι
2597 2597 2968 2667 respondisse.
3010 2599 3143 2664 Quis
3173 2614 3303 2654 vero
3327 2616 3434 2654 non

1867 2688 1992 2744 odio
2024 2688 2220 2744 habeat
2240 2691 2457 2756 merito,
2492 2688 2797 2744 insolentize
2828 2689 3062 2760 plenam,
3102 2691 3440 2760 proximam-

1867 2797 1972 2852 que
2008 2782 2235 2837 insanirc
2277 2784 2505 2838 vocem?
2531 2782 2749 2852 quando
2777 2782 2890 2851 jam
2923 2783 3101 2852 ipsum
3143 2797 3202 2838 se
3242 2781 3435 2847 Deum.

1867 2883 1921 2930 et
1959 2875 2319 2945 imperatores
2362 2874 2583 2929 creandi
2633 2882 2955 2945 potestatem
2991 2874 3192 2930 habere
3234 2874 3435 2940 fremit,

1870 2967 2026 3020 navis
2051 2966 2317 3038 A‘Zgyptiae
2351 2966 2479 3020 olim
2523 2966 2854 3037 gubernator
2871 2964 2955 3017 ⁸θῖ
2978 2964 3168 3023 .Talem
3202 2965 3347 3019 enim
3380 2980 3439 3019 se

1871 3055 2061 3119 fuisse,
2107 3071 2210 3126 qua
2261 3057 2524 3119 animum,
2575 3057 2690 3126 ipse
2737 3056 3059 3127 Apollonius
3104 3058 3159 3111 in
3191 3072 3439 3114 sermone

1870 3162 1993 3201 cum
2030 3146 2162 3201 Indo
2185 3148 2347 3217 paqu
2376 3156 2503 3202 ante
2545 3150 2700 3203 nobis
2748 3149 3028 3205 indicavit.

2401 3257 2629 3313 CAPUT
2670 3257 2888 3313 XXXIII

1939 3375 2124 3429 Eidem
2146 3374 2480 3445 imperatori,
2513 3375 2692 3429 utsibi
2725 3376 2991 3432 indicaret
3013 3375 3245 3446 roganti,
3271 3390 3439 3445 quos-

1871 3484 1995 3524 nam
2032 3467 2391 3538 pliiIOSOplios
2442 3466 2499 3521 in
2531 3468 2820 3522 consilium
2869 3483 3050 3522 rerum
3080 3466 3439 3539 gerendarum

1870 3558 2210 3613 adhibendos
2255 3559 2489 3613 maxime
2540 3559 2837 3628 probaret?
2873 3558 2947 3612 ita
2979 3559 3044 3613 ad
3088 3560 3311 3615 verbum
3354 3576 3435 3615 re-

1870 3651 2101 3722 spondet
2119 3652 2162 3683 ⁸⁷
2198 3670 2211 3707 :
2250 3671 2268 3702 ε
2300 3650 2434 3706 Boni
2470 3651 2685 3705 illarum
2716 3667 2897 3707 rerum
2937 3652 3238 3707 consiliarii
3268 3661 3321 3708 et
3348 3653 3438 3708 isti

1873 3750 2021 3807 sunt,
2060 3742 2285 3799 Dionem
2319 3734 2761 3814 Euphratemqne
2796 3759 2959 3796 manu
2985 3751 3321 3808 monstrans,
3352 3744 3441 3799 cui

1868 3835 2004 3888 nihil
2026 3834 2203 3888 adhuc
2218 3835 2345 3889 dum
2370 3849 2491 3887 eum
2517 3848 2583 3888 eo
2605 3832 3384 3889 controversiaeintercedebat.
3416 3852 3434 3884 ι

1872 3924 1939 3978 Et
1965 3926 2245 3981 rursum”
2271 3945 2281 3980 :
2308 3944 2327 3977 ι
2354 3922 2514 3988 Sunt,
2545 3924 3118 3996 inquit,oimperator,
3138 3922 3440 3995 Euphrates

1873 4021 1927 4068 et
1962 4012 2122 4079 Dion,
2164 4024 2377 4071 veteres
2410 4014 2571 4069 amici
2622 4013 2723 4077 tui,
2756 4014 2808 4067 in
2839 4014 3067 4082 limine;
3109 4029 3291 4069 rerum
3322 4022 3443 4069 tua-

1876 4122 1997 4160 rum
2030 4114 2361 4177 satagentes,
2392 4107 2516 4162 illos
2548 4106 2716 4177 igitur
2737 4106 2805 4160 ad
2840 4104 3204 4161 conferendas
3228 4121 3438 4162 sermo-

2345 4300 2389 4332 “
2429 4300 2523 4354 lib.
2558 4317 2626 4365 v,
2664 4316 2714 4353 c.
2746 4298 2836 4352 ει.
2912 4297 2958 4329 ⁸⁸
2999 4298 3094 4353 lib.
3134 4315 3203 4364 ν,
3241 4313 3289 4353 c.
3348 4296 3441 4350 29.

1862 4522 2033 4578 misso
2058 4537 2244 4577 errore
2273 4528 2467 4575 caztera
2498 4520 2680 4574 omnia
2702 4519 2842 4574 idem
2874 4534 2970 4589 pro
2996 4519 3168 4573 lubitu
3195 4519 3435 4581 reﬁnxit.

1863 4602 1923 4645 ut
1973 4593 2090 4646 suis
2132 4591 2677 4646 accommodarentur
2716 4591 3064 4654 commentis,
3098 4599 3260 4659 atque
3302 4591 3440 4646 adeo

1861 4662 1934 4715 ita
1963 4671 2128 4715 totam
2158 4665 2315 4716 istam
2350 4661 2507 4731 ῥῆσιν
2536 4675 2601 4715 ex
2618 4660 2855 4731 cerebro
2877 4675 2976 4715 suo
3002 4663 3436 4729 repraesentavit:

1857 4731 1965 4803 Οὓς
1992 4733 2056 4802 δὴ
2084 4734 2139 4785 ὲν
2170 4732 2293 4803 δίκῃ
2323 4730 2422 4802 μὲν
2461 4730 2727 4803 ἠγάσθην,
2758 4732 2817 4783 ὲν
2841 4730 2964 4803 δίκῃ
2997 4732 3441 4803 δὲᾷήγοῦμαιίσος

1859 4802 1992 4872 (ρούς
2025 4795 2083 4856 τε
2133 4805 2225 4855 καὶ
2265 4795 2604 4873 μακαρίους.
2654 4795 2793 4872 ’Ὦρα
2840 4800 2897 4853 δὲ
2934 4795 3352 4872 μανθάνειν’καὶ
3410 4795 3447 4849 ἃ.

1861 4872 2243 4957 myrin?“
2275 4872 2460 4957 φησίχ·

1930 4940 2043 5013 (54)
2073 4940 2192 4997 ’Κᾱὶ
2210 4940 2361 5011 μετὰ
2389 4943 2643 5011 βραχέα.
2676 4942 2816 4998 Ante
2849 4943 3056 4998 editum
3094 4943 3187 4998 καὶ
3230 4942 3269 4997 ἃ
3300 4940 3441 5013 μετὰ

1895 5031 1945 5084 ρ.
1984 5012 2183 5083 Nempe
2222 5013 2258 5067 ὃ.
2294 5013 2537 5067 additum
2585 5028 2652 5066 ex
2704 5013 2870 5068 semel
2908 5020 3174 5084 concepto
3227 5012 3309 5069 de
3336 5014 3439 5067 hoc

1879 5098 1979 5138 oeo
2005 5098 2212 5143 errore.
2246 5084 2313 5138 de
2338 5099 2448 5153 quo
2479 5091 2607 5137 nota
2640 5084 2873 5152 praeced.

1933 5154 2043 5224 (55)
2084 5154 2245 5208 Κατὰ
2274 5151 2388 5221 τὴίθ
2428 5151 2676 5208 Πυθίαν.
2708 5153 2903 5224 Pythia
2926 5151 3196 5223 Apollinis
3216 5151 3439 5221 ’ὑποφῆ-

1858 5242 1961 5289 τις.
1999 5234 2058 5278 ιιι
2087 5234 2296 5289 notum,
2322 5223 2561 5295 ἀτεχνῶς
2591 5224 2802 5294 μάντις.

1931 5295 2043 5365 (56)
2093 5290 2472 5364 Ἐπιπράψαᾷ
2512 5290 2648 5349 Male
2685 5295 2815 5349 editi
2862 5292 3185 5364 ἐπιγράψαι.
3238 5290 3437 5365 Veram

1860 5364 2171 5427 lectionem,
2230 5374 2591 5435 praeterquam
2640 5366 2785 5434 quod
2851 5365 3120 5435 sententia
3176 5364 3437 5435 postulat.

1860 5435 2041 5489 ﬁrmat
2062 5434 2247 5491 statim
2272 5434 2508 5505 sequens
2532 5435 2875 5503 participium
2902 5434 3261 5505 ὁμολογήσας.
3294 5435 3438 5503 quod

1860 5507 2210 5587 praecessisse
2240 5504 2382 5561 aliud
2415 5505 2759 5575 participium
2789 5504 3133 5561 interCedens
3160 5505 3356 5574 copula
3378 5520 3440 5558 τε

1857 5587 2081 5631 θνιιιριι.

1931 5646 2043 5715 (57)
2100 5646 2434 5715 Εὶρηκέναι.
2479 5644 2737 5703 Additum
2795 5645 2852 5699 in
2897 5643 3059 5701 editis
3100 5645 3439 5701 Οὐεσπασια-

1858 5717 1968 5781 νόν,
2017 5718 2187 5772 invito
2230 5718 2426 5787 linguae
2480 5718 2670 5787 genio,
2717 5732 2881 5787 quam
2929 5718 3164 5787 glossam
3214 5717 3443 5787 proindﬂ

1859 5788 2213 5871 marginalem
2248 5803 2369 5843 esse
2404 5787 2613 5859 putavi,
2643 5803 2711 5843 ex
2741 5795 2889 5844 textu
2922 5787 3334 5844 eliminandam.

3082 5879 3163 5943 Ἡ
