3936 6208
286 269 396 325 845

1412 264 1612 320 LIBER
1645 265 1921 322 CONTRA
1960 264 2375 321 HIEROCLEM.

3411 264 3517 319 846
3578 316 3579 321 η

288 387 355 442 τὰ
381 384 626 453 βασίλεια
659 384 904 458 παρόδου
938 384 1222 448 κοινωνῶν,
1258 384 1478 456 ὕστερον
1512 386 1569 438 δὲ
1615 387 1713 456 τῆς
1747 387 1845 439 δια·

1968 385 2333 449 mendatione,
2362 384 2549 455 palatii
2569 384 2914 454 imperatoris
2948 381 3092 440 fores
3123 382 3519 454 pandet-eatur?

287 481 459 549 φορᾶς
518 478 678 531 ἕνεκα
732 477 955 531 τοιαῦτα
1001 478 1126 546 περὶ
1153 478 1315 531 αὑτοῦ
1351 478 1541 546 λέγων,
1577 478 1728 531 οὔπω
1763 495 1851 548 μοι

286 569 588 623 διαϐάλλειν
632 572 660 622 ὁ
719 570 873 639 λόγος
929 570 1171 640 βούλεται
1214 569 1305 622 τὸν
1339 570 1526 639 ἄνδρα,
1561 568 1635 632 ὼς
1668 570 1733 622 ἂν
1762 569 1852 622 τὸν

288 661 576 732 Εὐφράτην
611 662 1064 730 συκοφαντοῦντα,
1116 661 1415 729 φιλοσόφων
1440 661 1547 713 τῶν
1579 661 1696 713 καθ’
1730 662 1855 712 ὲαυ-

286 752 375 806 τὸν
398 752 508 821 (7|)
554 752 940 818 ὲπιδοξότατον,
970 751 1044 815 ὡς
1073 753 1167 805 καὶ
1193 752 1251 814 ἐς
1297 751 1466 821 δεῦρ’,
1502 746 1582 815 οἷς
1634 750 1851 821 μέτεστι

286 843 621 914 φιλοσοφίας,
658 844 911 915 ᾅδεσθαις
945 846 1008 896 Ὃ
1041 844 1132 896 καὶ
1174 844 1427 914 μέγιστον
1454 841 1605 895 λάϐοι
1651 843 1714 895 ἄν
1745 859 1849 905 τις,

284 937 337 987 εί
364 935 623 1004 βούλοιτο,
670 934 1019 1007 παράδειγμα
1058 936 1155 1005 τῆς
1202 934 1342 987 κατά
1372 933 1465 986 τοῦ
1504 932 1851 985 Ἀπολλωνίου

283 1023 551 1092 διαϐολῆς.
613 1027 673 1077 Εἰ
703 1025 809 1097 γάρ
838 1028 867 1077 ὁ
906 1026 1196 1097 Εὐφράτης
1223 1024 1373 1096 παρά
1403 1026 1514 1087 τοῖς
1542 1024 1674 1076 πᾶσι
1700 1021 1851 1091 φιλο-

288 1117 450 1188 σοφία
475 1117 766 1187 διαπρέψαι
794 1118 1172 1190 ὁμολογηθείη,
1193 1117 1311 1189 ὥρα
1338 1116 1724 1187 μισοπονηρίαν
1754 1117 1851 1186 μὲν

285 1208 493 1261 ἐκείνου
540 1210 895 1278 κατηγορεῖν,
949 1208 1251 1272 ἐπεξιόντος
1305 1209 1416 1269 τοῖς
1454 1206 1668 1267 ἀτόπως
1747 1206 1851 1257 ὑπὸ

284 1300 439 1352 τοῦδε
457 1298 750 1369 δρωμένοις
768 1315 782 1362 ;
803 1300 1012 1351 τουτονὶ
1040 1299 1096 1351 δὲ
1122 1299 1257 1370 πρὸς
1292 1298 1496 1351 ἐκείνου
1517 1296 1850 1370 κατηγορού-

286 1407 466 1463 μενον,
523 1388 730 1459 φαύλην
787 1388 1205 1460 περιϐάλλεσθαι
1231 1389 1409 1454 δόξαν,
1440 1389 1522 1441 ὅτι
1553 1388 1617 1458 δὴ
1650 1389 1723 1459 μὴ
1756 1388 1848 1441 τὸν

283 1484 583 1557 ἀρέσκοντα
605 1482 683 1553 τῷ
716 1482 985 1554 φιλοσόφῳ
1017 1483 1204 1553 μετῄει
1229 1483 1359 1553 βίον.

1960 476 2161 531 Verum
2191 478 2274 532 vel
2311 491 2476 541 careo,
2508 484 2566 530 ut
2625 476 2679 531 in
2723 477 3012 546 proverbio
3042 477 3217 541 aiunt,
3253 475 3369 547 jam
3397 490 3519 546 per-

1959 572 2208 639 spicuum
2261 569 2366 633 sit,
2413 569 2556 640 quod
2609 570 2663 624 in
2711 569 2991 625 divinandi
3041 578 3159 625 arte
3201 568 3519 624 detrahatur

1957 662 2078 716 viro
2129 663 2198 717 ab
2244 662 2523 716 historico.
2558 661 2932 717 Concedamus
2978 670 3158 717 autem
3203 662 3259 716 in
3307 662 3517 716 caeteris

1959 768 2081 807 eum
2135 768 2456 823 generosum
2508 754 2748 807 animum
2795 754 3225 820 demonstrasse,
3274 752 3516 822 pericula

1957 846 2121 900 etiam
2158 860 2257 914 pro
2312 844 2503 899 amicis
2553 844 2836 898 subeundo
2880 844 3214 915 frequenter.
3253 842 3325 895 At
3368 847 3517 896 certe

1958 934 2308 1005 Euphratem,
2340 935 2520 991 aditus
2550 936 2617 990 ad
2666 936 3010 1005 imperatoris
3051 935 3311 1005 palatium
3341 936 3515 1005 parti-

1957 1030 2130 1097 cipem
2167 1028 2420 1089 reddens,
2447 1038 2635 1096 postea
2683 1037 2887 1091 tamen,
2921 1029 2990 1083 ob
3025 1027 3368 1083 intercedens
3402 1027 3516 1081 dis-

1959 1118 2179 1183 sidium,
2211 1118 2337 1170 talia
2370 1118 2436 1171 de
2461 1133 2528 1173 eo
2558 1116 2859 1187 proferens,
2886 1134 3086 1181 nonne,
3110 1119 3227 1188 ipsa
3253 1118 3515 1173 suadente

1957 1207 2087 1260 mihi
2121 1207 2350 1271 ratione,
2386 1206 2678 1277 Euphratis
2707 1208 2883 1278 egisse
2912 1208 3301 1279 sycophantam
3332 1208 3515 1278 argui-

1956 1306 2076 1362 tur.
2109 1300 2553 1369 phil050phorum
2584 1316 2696 1354 suae
2733 1302 2906 1356 aetatis
2948 1299 3261 1363 clarissimi,
3289 1299 3381 1368 qui
3416 1298 3517 1352 bo-

1953 1390 2043 1445 die
2071 1393 2233 1445 etiam
2261 1392 2328 1445 ab
2354 1392 2443 1455 iis,
2484 1392 2577 1461 qui
2612 1392 2968 1463 philosophiae
3013 1392 3203 1447 imbuti
3235 1397 3365 1446 sunt
3402 1399 3516 1446 stu-

1950 1481 2079 1546 diis,
2101 1482 2443 1537 celebratur?
2466 1482 2619 1549 Quod
2647 1486 2823 1554 ipsum
2851 1485 2931 1539 vel
2956 1484 3389 1539 illustrissimum
3415 1482 3515 1536 ali-

285 1578 397 1643 cui,
426 1578 472 1633 si
496 1578 649 1640 velit,
716 1575 919 1648 [iustae]
951 1578 1220 1647 Apollonii
1283 1577 1726 1647 reprehensionis
1778 1578 2082 1648 exemplum
2126 1579 2383 1648 praebeat.
2433 1577 2490 1632 Si
2541 1578 2841 1650 Euphrates
2888 1580 3031 1635 enim
3093 1579 3333 1633 omnium
3380 1591 3515 1631 cou-

284 1689 449 1728 sensu
480 1673 832 1743 philosolphiae
868 1674 1061 1729 studiis
1086 1674 1426 1730 clarissimus
1470 1674 1753 1738 habeatur,
1794 1674 2228 1744 intempestivum
2270 1682 2418 1729 certe
2481 1674 2702 1729 minime
2749 1673 2931 1739 fuerit,
2968 1674 3114 1728 illius
3145 1688 3210 1728 eo
3265 1672 3513 1726 evincere

281 1764 450 1835 53h
478 1766 739 1821 adversus
779 1768 1176 1837 improbitatem
1240 1770 1420 1824 odium
1443 1810 1458 1835 ,
1510 1767 1654 1839 quod
1712 1768 1853 1822 mala
1890 1769 2161 1839 Apollonii
2193 1768 2331 1824 facta
2357 1768 2518 1834 fuerit
2552 1772 2868 1826 insectatus.
2906 1769 3060 1824 Hunc
3114 1783 3262 1832 vero,
3289 1767 3381 1838 qui
3446 1766 3514 1819 ab

280 1871 352 1911 eo
383 1856 727 1925 arguebatur,
757 1856 1129 1930 [concludere]
1161 1859 1301 1913 mala
1331 1858 1471 1915 fama
1505 1857 1844 1929 oppressisse
1878 1874 2023 1926 eum,
2064 1860 2221 1929 quasi
2252 1860 2415 1915 vitam
2449 1868 2631 1931 ageret
2663 1860 3017 1931 philosophia:
3081 1859 3306 1913 minime
3374 1871 3511 1912 con-

283 1961 620 2006 scntaneam.

799 2052 1189 2105 ΚΕΦΑΛΑῘΟΝ
1214 2053 1331 2104 ΛΔ’.

356 2141 521 2195 Πάλιν
569 2144 627 2195 ὲν
658 2141 736 2212 τῷ
786 2143 945 2212 ἕκτῳ,
1012 2143 1451 2213 παραὼξολογῶν
1481 2146 1511 2197 ὁ
1539 2143 1847 2215 μυθολόγος,

277 2233 403 2301 ἄγει
439 2233 533 2303 μὲν
557 2232 712 2285 αὐτὸν
739 2232 853 2302 ἀμα
887 2236 997 2295 τοῖς
1017 2234 1248 2304 ἑταίροις
1276 2233 1505 2305 καμήλῳ
1542 2234 1849 2305 ὀχούμενον,

277 2325 367 2392 ἐφ’
387 2323 479 2387 οὓς
501 2341 662 2395 φησιν
694 2325 1003 2393 Αἰγυπτίων
1026 2326 1063 2377 Γ
1067 2326 1285 2395 υμνοὺς,
1329 2327 1665 2395 φιλοσόφους.
1686 2327 1851 2379 Ἔνθα

275 2416 346 2486 δὴ
369 2417 766 2488 προστάξαντος
804 2416 897 2469 τοῦ
940 2417 1168 2487 γυμνοῦ,
1206 2418 1420 2482 πτελέα,
1471 2421 1622 2489 φησὶ,
1655 2420 1715 2473 τὸ
1745 2421 1853 2473 δέν-

275 2507 406 2577 δρον
461 2507 850 2578 προσαγορεύει
891 2507 981 2559 τὸν
1040 2507 1413 2570 Ἀπολλώνιον,
1470 2509 1713 2581 ὲνάρΟρῳ
1756 2510 1849 2563 καὶ

279 2597 472 2669 θηλείᾳ
501 2601 565 2669 τῇ
590 2602 758 2669 φωνῇ.
793 2600 901 2650 Καὶ
920 2598 1127 2661 τούτοις
1154 2616 1213 2666 γε
1237 2601 1384 2669 ἡμᾶς
1403 2602 1430 2653 ὁ
1452 2618 1470 2651 ι
1498 2600 1798 2671 Φιλαλήθης
1827 2620 1843 2651 ι

278 2690 556 2743 πιστεύειν
590 2690 751 2755 ἀξιοῖ.
786 2687 915 2753 Εἶτα
967 2691 1279 2761 Πυγμαίους
1324 2693 1523 2764 ἄνδρας
1570 2693 1708 2764 ὑπὲρ
1752 2695 1849 2766 τὴν

274 2780 484 2835 τούτων
535 2784 737 2853 ἱστορεῖ
780 2782 995 2852 χώραν,
1044 2783 1133 2834 καὶ
1193 2782 1672 2853 Ἀνθρωποφάγους
1714 2784 1847 2853 (72),

277 2875 378 2927 καὶ
433 2874 752 2937 Σκιάποδας,
810 2873 1045 2944 Σάτυρον
1079 2891 1136 2925 τε
1187 2874 1320 2943 πρὸς
1366 2874 1459 2925 τοῦ
1497 2874 1846 2927 Ἀπολλωνίου

280 2965 707 3036 μεθυσκόμενον.
761 2964 849 3029 Ἐξ
894 2965 1114 3017 ἐκείνων
1140 2961 1296 3027 αὖθις
1343 2966 1617 3017 ἐπάνεισιν
1639 2966 1730 3018 ἐπὶ
1751 2965 1849 3035 τὴν

290 3059 533 3114 Ἐλλάδα.
600 3061 831 3132 Ὀμιλίαι
887 3079 945 3114 τε
997 3061 1154 3115 πάλιν
1186 3061 1372 3133 αὐτῷ,
1407 3064 1501 3115 καὶ
1520 3061 1849 3132 προγνώσεις

276 3152 681 3205 ἀνακοινοῦνται
709 3152 1045 3224 πρὸςΊίτον.
1080 3154 1189 3206 Καὶ
1215 3153 1478 3224 δηχθέντα
1521 3154 1717 3225 ἔφηϐον
1745 3152 1849 3206 ὑπὸ

276 3244 575 3307 λυττῶντος
624 3246 799 3309 κυνὸς,
848 3245 905 3298 ὃν
960 3244 1023 3316 δὴ
1052 3246 1143 3297 καλ⁴
1192 3246 1560 3315 ἐμαντεύσατο
1591 3248 1737 3308 ὅστις
1761 3245 1846 3315 εἴη

276 3337 380 3408 τὴν
400 3338 596 3409 ψυχὴν,
627 3339 710 3391 ὅτι
735 3340 761 3390 ὁ
800 3339 900 3408 τῆς
932 3338 1203 3407 Αἰγύπτου
1228 3339 1355 3391 ποτὲ
1391 3338 1638 3409 βασιλεὺς
1674 3340 1847 3407 Ἀμα-

2467 2047 2696 2106 CAPUT
2748 2047 2985 2103 XXXIV.

2021 2141 2260 2198 Rursum
2288 2148 2536 2213 portenta
2565 2141 2617 2195 in
2649 2149 2802 2197 sexto
2826 2142 2966 2197 libro
2996 2141 3224 2212 loquens
3253 2150 3509 2214 nugator,

1952 2235 2173 2290 camelis
2196 2249 2317 2288 eum
2353 2249 2458 2287 una
2490 2249 2613 2285 cum
2648 2233 2813 2288 sociis
2850 2242 3066 2288 vectum
3108 2234 3253 2289 sistit
3294 2235 3360 2289 ad
3390 2236 3513 2306 phi~

1952 2326 2229 2396 losophos,
2280 2339 2417 2395 quos
2463 2323 2648 2378 Nudos
2691 2324 2923 2393 appellat
2968 2324 3368 2395 Egyptiorum.
3409 2325 3510 2381 Ubi

1951 2418 2416 2490 gymnosophista,
2477 2425 2536 2471 ut
2584 2416 2801 2488 quidem
2847 2419 3120 2480 narrat",
3143 2416 3389 2488 jubente,
3436 2420 3513 2472 ul-

1950 2526 2072 2564 mus
2109 2509 2273 2564 arbor
2302 2509 2646 2579 Apollonium
2683 2524 2814 2563 voce
2849 2508 3133 2563 articulata
3175 2518 3227 2564 et
3262 2510 3509 2565 muliebri

1951 2600 2109 2654 ali‘ata
2151 2607 2253 2654 est.
2295 2598 2455 2653 Hisce
2487 2606 2666 2651 autem
2700 2617 2717 2649 ι
2744 2597 3075 2652 Philalethes
3104 2615 3123 2649 ι
3155 2596 3311 2652 fidem
3343 2613 3374 2651 a
3418 2615 3511 2654 no-

1949 2692 2037 2747 bis
2069 2693 2185 2745 vult
2222 2690 2433 2745 haberi.
2473 2689 2675 2745 Deinde
2703 2705 2975 2760 pygmaeos
2997 2690 3064 2752 ”,
3099 2690 3245 2744 ultra
3281 2706 3511 2762 gymno~

1950 2783 2320 2853 s0phistarum
2366 2783 2594 2851 patriam
2639 2781 2869 2850 positos,
2905 2779 3509 2851 Anthropophagosque

1948 2885 2004 2930 et
2036 2874 2390 2943 Umbripcdes
2416 2880 2825 2937 commemorat,
2863 2868 3224 2942 Satyrumquc
3246 2873 3315 2926 ab
3347 2872 3509 2942 Apol-

1949 2966 2096 3019 lonio
2131 2962 2541 3018 inebriatum”.
2580 2960 2706 3015 Inde
2733 2971 2909 3014 autem
2954 2961 3010 3014 in
3039 2960 3303 3016 Grmciam
3340 2962 3505 3027 redit;

1948 3064 1996 3109 et
2024 3068 2243 3107 rursum
2275 3067 2400 3105 cum
2435 3053 2759 3121 imperatore
2779 3047 2903 3104 Tito
2933 3050 2978 3082 ”
3010 3065 3292 3108 sermones
3332 3062 3387 3107 et
3417 3068 3510 3106 va-

1949 3143 2134 3197 ticinia
2163 3141 2550 3196 communicat.
2584 3140 2759 3210 Atque
2796 3140 3218 3205 adolescentem,
3251 3157 3281 3195 a
3316 3142 3509 3196 rabido

1948 3252 2191 3291 morsum
2223 3250 2355 3289 cane
2377 3233 2444 3299 ",
2486 3234 2642 3301 cujus
2662 3234 2823 3288 etiam
2855 3234 3032 3287 anima
3055 3248 3175 3303 qua:
3204 3233 3296 3299 sit,
3325 3233 3512 3305 (Ama-

1949 3326 2025 3380 sis
2056 3339 2248 3393 nempe
2278 3322 2517 3394 Aigyptii
2556 3323 2831 3391 quondam
2870 3323 3039 3392 regis)
3074 3323 3302 3389 divinat,
3347 3322 3413 3377 ab
3444 3339 3509 3378 eo

279 3447 369 3493 σις
396 3431 525 3501 (75),
576 3431 672 3499 τῆς
714 3432 996 3501 συμφορᾶς
1053 3430 1401 3493 ἀπαλλάττει,
1430 3430 1588 3500 μέχρι
1622 3431 1713 3482 κοιλ¹
1756 3428 1845 3482 τοῦ

1950 3416 2144 3470 liberat
2182 3415 2413 3469 morbo:
2447 3415 2624 3483 ipsum
2649 3428 2865 3483 quoque
2903 3428 3094 3468 canem
3121 3414 3174 3469 in
3207 3413 3510 3485 benignita-

276 3522 443 3583 κυνὸς
467 3521 733 3584 ἐπιτείνας
757 3522 818 3573 τὸ
853 3520 1228 3592 φιλάνθρωπον
1258 3521 1390 3591 (74).
1432 3522 1598 3574 Ταυτὶ
1631 3521 1727 3593 μὲν
1749 3517 1842 3575 οὖν

274 3614 351 3666 τὰ
375 3614 478 3684 πρὸ
507 3613 607 3683 τῆς
632 3614 957 3685 κατηγορίας
990 3613 1137 3683 αὐτῷ
1166 3613 1548 3684 πεπραγμένα.

777 3812 1167 3866 ΚΕΦΑΛΑΙΟΝ
1217 3813 1338 3867 AE'.

363 3902 680 3971 Ἐπιστῆσαι
729 3900 771 3953 δ⁴
803 3902 948 3967 ἀξιον
1002 3903 1085 3955 δι’·
1118 3902 1243 3973 ὅλης
1282 3904 1380 3973 τῆς
1422 3902 1800 3975 πραγματείας
1824 3941 1841 3965 ,

275 3992 356 4054 ὡς
382 3992 482 4057 ὅτι,
512 3992 611 4045 κᾶν
638 3991 918 4061 ἀληθεύειν
960 3993 1085 4065 δοθῇ
1128 3994 1203 4065 τῷ
1238 3996 1537 4065 συγγραφεῖ
1565 3993 1631 4046 τά
1667 3992 1842 4064 παρά-

274 4080 424 4146 δοξα,
445 4083 727 4154 συνεργείᾳ
752 4083 1000 4154 δαίμονος
1026 4084 1252 4137 ἕκαστον
1279 4084 1424 4154 αὐτῷ
1444 4082 1841 4155 διαπεπρᾶχθαι

273 4173 481 4226 τούτων
500 4173 683 4242 σαφῶς
705 4173 993 4228 δείκνυται.
1017 4175 1088 4227 Τό
1110 4192 1168 4227 τε
1192 4175 1297 4247 γάρ
1323 4173 1414 4227 τοῦ
1444 4174 1631 4245 λοιμοῦ
1661 4190 1843 4244 προαι-

277 4263 497 4318 σθέσθαι
543 4264 670 4328 ἴσως
697 4266 793 4336 μὲν
823 4267 922 4319 ούκ
963 4267 1289 4339 ἀπερίεργον
1318 4265 1537 4332 δόξειεν,
1561 4267 1628 4329 εί,
1660 4262 1841 4327 καθὼς

348 4406 391 4438 ⁹¹
432 4405 526 4460 lib.
560 4422 649 4471 vr,
682 4421 732 4460 c.
769 4406 856 4463 10.
944 4407 990 4439 ⁹²
1030 4406 1122 4461 lib.
1157 4421 1210 4459 vt
1235 4446 1249 4471 ,
1318 4421 1368 4460 c.
1402 4405 1492 4463 25.
1567 4404 1613 4439 "
1653 4405 1745 4459 lib.
1782 4422 1835 4462 vi
1860 4447 1874 4471 ,
1908 4419 1958 4459 c.
1994 4404 2083 4458 27.
2161 4402 2207 4435 “
2246 4402 2344 4457 lib.
2380 4418 2470 4466 vi,
2532 4416 2583 4455 ρ.
2643 4400 2712 4453 29
2766 4416 2881 4471 seq.

273 4476 325 4506 "
364 4475 461 4529 lib.
497 4492 555 4530 Ill
583 4518 597 4545 ,
629 4491 678 4531 c.
717 4477 771 4531 4.

271 4592 425 4644 sunt.
457 4587 780 4658 Προπείρειν
818 4601 967 4658 vero,
999 4592 1074 4658 ut
1108 4586 1558 4657 προκινδυνεύειν,
1588 4603 1682 4656 pro
1720 4587 1829 4641 alio

271 4654 578 4729 periculum
618 4654 821 4729 subire.
860 4655 1014 4722 Quod
1052 4654 1245 4729 fecisse
1277 4654 1621 4729 Apollonium
1665 4672 1831 4728 agno-

272 4726 631 4798 scit,_virique
666 4726 822 4798 fortis
848 4736 900 4780 et
921 4728 1164 4798 generosi
1187 4726 1412 4798 gloriam
1442 4728 1544 4781 hoc
1569 4728 1687 4798 ipso
1707 4726 1830 4781 eum

274 4775 441 4862 tueri,
496 4775 719 4851 c3ncedi
769 4775 952 4865 posset7
981 4796 1076 4857 ait,
1118 4775 1216 4863 qui
1260 4796 1468 4850 scilicet
1511 4800 1564 4851 in
1592 4775 1827 4861 IWNervaa,
1865 4775 1905 4828 θ

272 4864 413 4919 Buﬂi
466 4878 517 4922 et
547 4866 699 4948 Or_‘lit_i
730 4864 1258 4948 imprimisgratiam
1297 4867 1609 4948 προέπειρε.
1642 4866 1708 4918 At
1732 4874 1836 4948 ,ξιι-

271 4951 492 5003 cunque
523 4954 580 4993 se
603 4937 835 4989 habeant
858 4938 982 4997 ista,
1007 4935 1059 4986 in
1084 4934 1298 5003 negotio
1326 4934 1471 5004 quod
1496 4934 1542 4989 ei
1576 4952 1699 4990 cum
1732 4935 1839 4989 Eu-

272 5006 468 5075 phrate
496 5004 828 5068 intercessit,
860 5006 1099 5073 γενναῖον
1125 5020 1184 5058 se
1210 5006 1472 5075 probasse
1491 5006 1835 5076 Apollonium

273 5082 457 5128 negat.

315 5090 457 5211 θῗῗιιῇ
496 5141 844 5214 φιλοσόφων
887 5142 1022 5214 τῶν*
1043 5143 1169 5197 καθ’
1212 5144 1444 5197 ἑαυτόν.
1486 5145 1565 5198 Ita
1598 5145 1833 5214 loquun-

270 5221 366 5265 tur
392 5210 637 5285 puriOI'es
668 5210 963 5285 sci'iptores
986 5212 1179 5285 Gragci,
1214 5230 1319 5285 non
1350 5223 1406 5268 ut
1434 5215 1486 5285 in
1517 5210 1684 5285 editis
1703 5215 1828 5285 legi-

271 5280 712 5355 ψῃφιλοσόφων
733 5280 1031 5355 γενομένων
1050 5283 1156 5335 τῶν
1181 5283 1298 5336 καθ’
1328 5284 1533 5337 ἑαυτὸν.
1559 5280 1826 5355 Βοιοείιῖι-

268 5354 412 5424 dum,
445 5351 606 5421 igitur
634 5354 734 5407 fuit
767 5351 1088 5424 γενομένων,
1125 5355 1266 5421 quod
1314 5369 1377 5407 ex
1418 5356 1677 5423 margine,
1697 5351 1825 5424 'qua

268 5422 572 5491 ascriptum
645 5433 809 5493 erat,
877 5421 1372 5493 adrexplicandum
1438 5421 1615 5493 tyroni
1686 5421 1827 5480 idio-

265 5494 517 5557 tismum,
549 5500 601 5562 et
644 5491 861 5562 quidem
903 5492 1080 5547 alieno
1123 5494 1262 5558 loco,
1304 5494 1358 5546 in
1399 5491 1603 5548 teritum
1644 5494 1820 5549 immi-

264 5563 445 5635 gravit
474 5578 509 5635 :_
540 5561 685 5635 ferri:
706 5564 847 5617 enim
891 5570 1165 5633 utcunque
1203 5570 1404 5635 posset,
1444 5564 1488 5619 si
1540 5573 1661 5635 post
1701 5566 1825 5619 ἑαυ-

264 5633 630 5703 τόνᾷροείιιιιη
664 5633 874 5689 fuisset.

1946 3507 2017 3562 tis
2048 3520 2160 3561 sua:
2183 3514 2388 3575 partem
2421 3506 2733 3559 admittens.
2762 3504 2938 3575 Atque
2964 3504 3078 3559 haec
3106 3505 3325 3575 quidem
3360 3514 3505 3566 sunt.
3578 3568 3583 3571 ν

1945 3612 2067 3668 quae
2124 3603 2413 3665 antequam
2467 3594 2634 3666 [apud
2685 3595 3067 3665 imperatorem
3113 3593 3504 3667 Domitianum]

1946 3688 2273 3750 deferretur,
2304 3696 2454 3757 gesta
2481 3686 2550 3739 ab
2578 3700 2645 3739 eo
2679 3683 2852 3740 fuere.

2483 3796 2712 3853 CAPUT
2750 3795 2965 3853 XXXV.

2014 3894 2072 3949 ld
2106 3908 2237 3950 vero
2265 3892 2319 3945 in
2362 3898 2474 3945 tota
2505 3890 2593 3942 illa
2625 3889 2916 3943 tenendum
2946 3886 3172 3941 historia
3193 3894 3298 3952 est,
3329 3888 3500 3958 quod,

1942 3987 1988 4042 si
2020 3986 2350 4041 concedatur
2372 3983 2454 4038 vel
2495 3982 2728 4036 maxime
2773 3979 3052 4051 scriptori,
3100 3993 3225 4033 vera
3270 3994 3393 4034 eum
3424 3980 3507 4034 di-

1942 4090 2084 4145 cere,
2112 4085 2361 4148 portenta
2406 4075 2496 4128 illa
2531 4074 2657 4127 dum
2712 4072 2910 4140 refert;
2960 4071 3087 4125 mali
3130 4070 3390 4127 dri-monis
3418 4080 3505 4126 ta-

1942 4186 2069 4225 men
2103 4183 2289 4239 Opera,
2314 4166 2498 4221 omnia
2542 4166 2647 4219 ista
2684 4171 2896 4236 patrata
2930 4178 3051 4219 esse
3092 4164 3163 4218 ab
3196 4156 3503 4234 Apollonio,

1943 4260 2103 4316 facile
2131 4261 2434 4315 evincatur.
2472 4257 2625 4324 Quod
2664 4258 2808 4312 enim
2834 4267 3040 4327 pestem
3072 4266 3198 4313 ante
3238 4257 3410 4313 sensit
3433 4257 3501 4321 ",

2978 4401 3023 4432 "
3062 4399 3158 4459 lib.
3194 4417 3252 4455 vi
3276 4442 3291 4468 ,
3324 4415 3376 4457 c.
3411 4401 3498 4456 55.

1973 4588 2119 4641 ellat.

1935 4604 2119 4728 Ρθίίῗέὶ
2162 4659 2261 4710 Ὃν
2303 4655 2380 4723 δὴ
2431 4656 2527 4709 καὶ
2561 4655 3030 4728 ἐμαντεύσατοη·
3064 4657 3211 4710 δτιδ
3242 4654 3496 4728 τῆσῌτ·

1935 4724 2078 4781 ποτὲ
2099 4724 2309 4791 βασιλ.
2342 4728 2601 4795 Ἄμασις.
2630 4724 2791 4780 Fallit
2831 4726 2920 4781 hic
2950 4729 3211 4782 memoria
3252 4741 3350 4780 sua
3394 4724 3500 4781 Eu-

1935 4798 2143 4852 sebium
2170 4814 2184 4862 ;
2216 4798 2432 4864 jchnis
2466 4796 2611 4849 enim
2662 4810 2692 4849 a
2727 4811 2864 4850 cane
2896 4810 3109 4852 morsus
3140 4811 3250 4850 non
3270 4796 3499 4864 Amasis

1937 4883 2058 4922 esse
2105 4863 2305 4921 dicitur
2355 4866 2424 4919 ab
2465 4865 2770 4933 Apollonio,
2817 4867 2910 4921 sed
2964 4865 3235 4935 Telephus
3268 4863 3495 4935 Mysins.

1937 4936 2160 4991 Videtur
2204 4936 2517 4991 confudisse
2550 4950 2673 4989 cum
2706 4952 2790 4999 ea,
2821 4936 2887 4990 de
2922 4951 3028 5006 qua
3064 4935 3314 5006 agitLre,
3345 4945 3498 5004 gesta

1931 5006 2271 5062 Alexandria
2318 5022 2442 5060 cum
2495 5007 2671 5069 leone,
2719 5006 2771 5059 in
2823 5004 2955 5073 quo_
2977 5004 3121 5073 regis
3177 5004 3324 5057 illius
3379 5007 3499 5058 ani-

1931 5023 2271 5062 Alexanana:
2318 5023 2442 5060 cum
2495 5023 2671 5069 teone,
2719 5023 2771 5059 In
2862 5023 2930 5061 uo
2977 5023 3121 5073 regis
3177 5023 3324 5057 iuius
3379 5023 3493 5058 am-

1931 5093 2074 5131 mam
2096 5093 2217 5201 eis;
2250 5077 2426 5132 aiebat
2460 5076 2801 5146 Apollonius.
2823 5023 2982 5131 qVide
3015 5075 3191 5130 Vitam
3224 5074 3366 5144 ejus,
3397 5075 3493 5131 lib.

1931 5164 2003 5201 Vl.
2045 5162 2095 5201 c.
2223 5190 2226 5193 .

1928 5164 2003 5209 Vl,
2045 5162 2095 5201 (ξ.
2139 5162 2226 5201 42.

1999 5216 2110 5287 (74)
2133 5217 2318 5286 Μέχρι
2334 5216 2551 5271 καὶτοῦ
2572 5215 2757 5282 κυνὸς
2770 5215 3066 5280 ἐπιτείνας
3080 5214 3146 5267 τὸ
3167 5215 3496 5287 φιλάνθρω-

1928 5285 2064 5339 πον.
2103 5285 2252 5341 Μῖνιέῖ
2277 5287 2364 5340 hic
2401 5287 2584 5342 omnia
2628 5286 2905 5356 pervertit,
2950 5300 3059 5356 pro
3087 5300 3259 5356 more,
3294 5285 3495 5339 Accio-

1926 5357 2041 5411 lus:
2068 5356 2223 5411 facile
2250 5356 2378 5426 quid
2402 5372 2489 5412 res
2511 5357 2579 5412 sit
2598 5355 2991 5426 iassecuturus,
3021 5355 3065 5410 si
3101 5355 3495 5426 ipsumgconsu-

1926 5427 2119 5481 luisset
2148 5425 2554 5481 Philostratum.
2588 5425 2807 5480 Scilicet
2837 5434 3085 5495 spectant
3114 5426 3216 5478 ista
3238 5425 3304 5479 ad
3327 5425 3493 5495 Apol-

1927 5497 2057 5551 lonii
2098 5498 2153 5551 in
2193 5498 2369 5568 ipsum
2394 5513 2612 5568 quoque
2634 5511 2839 5568 canem_
2857 5495 3267 5568 benignitatem,
3298 5510 3494 5565 nempe

1926 5565 2294 5640 περιώφθηδὲ
2319 5565 2436 5621 οὐδὲ
2463 5570 2491 5621 ὁ
2523 5565 2688 5640 κύων,
2722 5574 2781 5619 ut
2811 5565 3178 5640 Philostratus
3212 5566 3312 5637 ait;
3333 5580 3492 5622 nant-

1926 5635 2033 5711 quc
2054 5635 2157 5711 ipsi
2186 5635 2403 5711 quoque
2433 5638 2689 5694 restituta
2718 5638 2923 5693 sanitas
2946 5635 3069 5693 fuit.

332 5701 450 5774 (⁷2)
484 5703 1287 5774 Ἀνθρωποξεάγουςωιιίιοειτ.
1322 5704 1712 5779 Ἀνδροφάγους
1733 5719 1827 5776 ap-
1900 5786 1931 5793 ν
