3890 6198
537 263 645 323 ΒΗ

1207 261 1470 317 EUSEBII
1507 258 1980 316 CIESARZENSIS
2013 257 2162 317 OPP.
2204 258 2382 315 PARS
2419 259 2569 315 ll.—
2604 257 3092 316 APOLOGETICA.
3609 267 3688 322 868

542 387 682 444 forte
709 403 817 442 non
847 384 1054 440 carebit
1101 383 1510 452 superstitione,
1553 383 1597 438 si
1631 391 1689 438 ut
1743 383 1858 452 ipse
1891 381 2093 454 [iacit,]

2213 383 2373 446 ιῦτὸς,
2413 400 2432 434 ι
2460 382 2568 436 ἀπὸ
2598 382 2926 451 λεπτοτάτης
2948 384 3042 435 καὶ
3073 383 3312 455 καθαρᾶς
3337 384 3562 456 διαίτης»
3586 406 3692 442 κατ-

543 497 568 532 c
595 494 660 536 ex
677 479 822 534 tenui
841 477 983 531 victu
1017 495 1035 526 ι
1073 473 1350 528 derivetur
1376 492 1394 524 ι
1431 481 1482 528 et
1501 489 1658 543 puro,
1693 493 1710 525 ι
1739 481 1902 543 prout
1926 471 2100 526 aPhi-

540 570 771 627 lostrato
801 575 1081 621 narratum
1109 585 1122 620 :
1152 563 1290 619 forte
1325 573 1505 619 tamen
1531 580 1596 618 ex
1613 563 1942 618 commercio
1973 563 2098 616 mali

541 663 769 733 spiritus
800 659 922 728 ejus
968 658 1045 711 rei
1086 655 1344 710 indicium
1375 655 1481 727 ipsi
1520 663 1605 711 est
1643 653 1866 709 factum.
1915 652 2101 706 Enim-

540 768 672 810 vero
708 758 903 806 caetera
944 750 1106 804 etiam
1139 764 1260 818 qua:
1305 747 1527 802 fatidica
1559 750 1762 802 virtute
1791 754 2099 801 assecutum

541 852 706 913 atque
746 841 1128 910 praedicentem
1181 839 1410 904 inducit,
1455 841 1539 894 vel
1593 840 1740 894 mille
1771 837 2104 910 argumentis

541 947 606 988 ex
639 931 759 1002 ipso
781 929 1098 984 Philostrati
1119 929 1320 998 scripto
1348 943 1575 999 arguere
1605 929 1752 993 licet,
1789 935 1845 981 ut
1870 943 1977 981 una
2001 928 2104 982 hoc

543 1037 761 1094 quoque
793 1021 864 1076 sit
900 1017 1328 1079 concedendum,
1359 1019 1569 1087 magica
1604 1027 1742 1080 arte,
1777 1018 1886 1072 imo
1915 1033 2103 1087 parum

545 1117 699 1170 abest
728 1114 861 1184 quin
889 1112 1066 1168 dicam
1088 1128 1184 1182 per
1205 1113 1453 1181 spiritum
1483 1110 1822 1172 familiarem,
1843 1109 2102 1180 quasdam

544 1221 726 1262 rerum
751 1204 1080 1270 futurarum,
1105 1218 1211 1256 non
1238 1201 1382 1254 enim
1407 1200 1474 1256 de
1505 1201 1758 1256 omnibus
1782 1201 1995 1270 loquor,
2017 1213 2106 1252 as-

546 1305 794 1352 secutum
827 1309 950 1350 eum
998 1293 1182 1347 fuisse.
1216 1291 1385 1361 quue
1413 1293 1718 1346 luculenter
1743 1305 1808 1345 eo
1838 1290 2101 1352 firmatur,

545 1385 692 1456 quod
753 1399 860 1438 non
917 1397 1136 1452 semper
1190 1391 1244 1437 et
1291 1381 1344 1436 in
1413 1381 1668 1436 omnibus
1728 1377 2102 1434 divinatriccm

547 1478 708 1533 istam
742 1476 850 1529 vim
879 1476 1281 1530 conservaverit
1318 1493 1331 1530 :
1367 1490 1552 1529 verum
1608 1472 1806 1529 dubius
1843 1471 2007 1524 fuerit
2051 1470 2106 1522 in

546 1577 711 1633 quam
743 1559 1012 1630 plurimis,
1041 1559 1108 1614 de
1129 1559 1332 1620 multis,
1361 1557 1502 1627 quod
1526 1571 1589 1611 ea
1614 1557 1907 1626 ignoraret,
1932 1556 2104 1610 inter-

547 1649 822 1722 rogaverit
854 1669 866 1704 :
907 1649 959 1704 id
990 1649 1136 1719 quod
1165 1648 1237 1710 ei,
1277 1649 1321 1701 si
1355 1647 1539 1701 divina
1566 1647 1770 1701 virtute
1798 1647 2103 1716 polluisset,

2201 474 2440 544 εΰιηπτο,
2497 473 2572 536 ὼς
2625 475 2785 538 αὐτὸς
2826 474 3042 542 ἔφησεν.
3094 476 3248 537 Ἴσως
3277 476 3332 528 δὲ
3380 477 3465 529 xu".
3517 481 3622 533 αὐτὸ
3646 483 3694 547 ἐξ

2199 562 2412 633 ὁμιλίας
2437 562 2685 633 δαίμονος
2705 563 2850 634 αὐτῷ
2871 581 3002 634 προε
3010 580 3073 635 με
3083 565 3298 634 μήνυτο.
3317 566 3420 618 Καὶ
3445 567 3540 640 γὰρ
3557 570 3609 640 δὴ
3623 575 3696 626 καὶ

2199 653 2267 706 τά
2321 653 2500 713 λοιπὰ,
2553 655 2652 707 ὃσα
2700 654 2842 707 κατὰ
2892 655 3194 726 πρόγνωσιν
3239 655 3508 727 διειληφώς
3542 677 3591 714 τε
3627 664 3699 714 καὶ

2203 743 2544 816 προειρηκὼς
2595 747 2859 816 εἰσῆκται,
2905 748 2952 800 εἰ
3010 749 3100 800 καὶ
3159 747 3369 819 μυρίοις
3408 749 3611 820 ἐλέγχοις
3652 754 3698 820 ἐξ

2202 838 2370 908 αὐτῆς
2423 839 2651 909 πάρεστι
2701 839 2798 908 τῆς
2857 837 2952 890 τοῦ
2995 839 3353 911 Φιλοστράτου
3396 842 3584 911 γραφῆς
3624 844 3695 897 εὐ-

2205 928 2402 993 θύνειν,
2440 930 2586 1000 ὅμως
2616 929 2702 982 ἵνα
2747 929 3120 1002 συγχωρηθείη
3157 932 3249 984 καὶ
3287 931 3422 985 τοῦτ’
3447 929 3563 986 εἶναι
3597 935 3697 1008 ἀλη-

2205 1021 2312 1085 θὲςν
2350 1019 2488 1074 κατὰ
2529 1021 2814 1092 περίεργον
2851 1022 3111 1093 μηχανὴν.
3148 1024 3348 1094 εἴποιμ’
3375 1023 3434 1079 ἂν
3458 1026 3575 1097 πρὸς
3615 1030 3703 1082 δαί-

2208 1131 2364 1185 μονος
2412 1114 2558 1185 αὐτῷ
2610 1114 2878 1185 παρέδρου
2943 1116 3064 1168 τινὰ
3117 1116 3226 1169 τῶν
3277 1117 3575 1186 μελλόντων,
3611 1122 3703 1174 οὐδὲ

2203 1204 2312 1275 γὰρ
2363 1206 2558 1269 πάντα,
2600 1205 2970 1276 κατειλῆφθαι.
3024 1206 3196 1260 Τοῦτο
3229 1208 3284 1260 δὲ
3338 1210 3600 1280 παρίστησι
3632 1229 3703 1265 σα-

2207 1297 2323 1365 φὲς,
2377 1296 2438 1349 τὸ
2497 1297 2569 1368 μὴ
2621 1297 2688 1350 δι’
2721 1297 2840 1350 ὅλου
2885 1299 2977 1351 καὶ
3029 1299 3159 1371 περὶ
3214 1301 3423 1354 πάντων
3466 1303 3551 1371 τὴν
3599 1307 3705 1375 πρό.

2205 1399 2403 1452 γνωσιν
2435 1385 2592 1438 αὐτὸν
2637 1385 2965 1450 ἀποσώζεινσ
3014 1388 3238 1460 ἀπορεῖν
3278 1389 3332 1443 δὲ
3368 1393 3422 1443 ὲν
3466 1391 3699 1460 πλείστοις,

2207 1475 2302 1527 καὶ
2347 1474 2706 1530 πυνθάνεσθαι
2745 1477 2809 1529 δι’
2852 1477 3094 1546 ἄγνοιαν,
3131 1480 3268 1551 ὅπερ
3298 1480 3392 1532 οὐκ
3421 1480 3499 1544 ἂν,
3525 1484 3565 1533 εί
3591 1483 3703 1547 θείας

2207 1568 2405 1639 ἀρετῆς
2437 1569 2602 1639 μετῆν
2632 1569 2797 1639 αὐτῷ,
2817 1570 3088 1624 πεπόνθοι.
3119 1573 3228 1625 Καὶ
3249 1573 3445 1626 αὑτὸδὲ
3469 1573 3522 1626 τὸ
3547 1575 3702 1627 παῦσαι

2205 1661 2297 1714 τὸν
2323 1661 2526 1731 λοιμὸν,
2562 1661 2740 1715 ὁποῖον
2768 1663 2947 1734 εἴληχε
2973 1664 3032 1717 τὸ
3060 1664 3266 1736 δρᾶμα,
3309 1667 3387 1717 ὅτι
3415 1667 3578 1734 φάσμα
3601 1666 3701 1735 (75),

549 1718 867 1813 neutiquam
895 1718 1176 1810 obtingere
1205 1746 1436 1808 poterat.
1485 1738 1665 1807 Ipsum
1695 1753 1822 1794 vero
1845 1738 2010 1792 etiam
2044 1737 2106 1791 li--

2213 1754 2300 1806 xui.
2347 1718 2523 1806 odiis-5v,
2551 1772 2602 1806 τι
2659 1754 2816 1807 πλέον
2871 1718 2960 1826 ξίν,
3005 1718 3704 1827 προδεδήλωται⁸(7θ).’λλλά

549 1850 674 1890 nem
702 1833 842 1905 pesti
890 1832 1205 1901 impositum
1229 1831 1298 1894 ⁹⁷,
1329 1845 1490 1900 quem
1516 1838 1734 1884 nactum
1759 1829 1894 1884 illud
1919 1829 2108 1884 drama

552 1925 677 1990 fuit,
709 1939 912 1980 meram
945 1923 1325 1993 imposturam,
1350 1933 1720 1992 praelereaque
1748 1921 1882 1976 nihil
1915 1921 2105 1989 fuisse,

546 2019 657 2089 jam
681 2025 839 2073 antea
861 2031 890 2070 a
916 2015 1075 2070 nobis
1103 2022 1186 2069 est
1213 2012 1664 2068 demonstratum.
1708 2010 1811 2067 Sed
1854 2018 1908 2067 et
1928 2011 2110 2068 Achil-

550 2111 619 2167 lis
644 2111 848 2165 umbra:
876 2108 922 2140 "
957 2106 1098 2178 apud
1132 2106 1398 2160 tmmtlum
1433 2104 1604 2175 ipsius
1644 2103 1775 2175 quid
1800 2119 1965 2159 mora:
1989 2119 2111 2160 esse

551 2201 746 2274 possit,
775 2201 983 2256 relictis
1034 2199 1140 2255 illis
1186 2198 1242 2252 in
1273 2198 1560 2252 beatorum
1592 2197 1810 2258 insulis.
1863 2204 1922 2250 ut
1974 2195 2111 2251 forte

551 2295 676 2368 quis
705 2301 944 2357 censeat,
975 2290 1319 2354 habitaculis,
1351 2290 1456 2344 nisi
1487 2289 1593 2343 hoc
1616 2304 1832 2358 quoque
1873 2303 2110 2358 praesen-

551 2388 624 2442 tls
654 2393 834 2442 actum
867 2384 938 2440 sit
976 2382 1238 2438 daemonis
1289 2380 1670 2451 apparitione?
1699 2378 1870 2433 Porro
1909 2378 2113 2432 daemo—

552 2495 699 2545 nem,
729 2480 824 2550 qui
858 2486 1172 2548 protervum
1226 2473 1378 2528 illum
1435 2471 1729 2527 luculentis
1778 2470 1994 2526 indiciis
2024 2469 2112 2523 ob-

553 2570 766 2627 sidebat
797 2567 1197 2622 adolescentem
1223 2562 1290 2628 ",
1322 2567 1375 2614 et
1401 2574 1617 2614 rursum
1653 2559 1962 2628 Empusam,
2008 2555 2114 2609 La-

554 2663 810 2727 miamve,
833 2673 994 2728 quam
1027 2654 1335 2722 Menippum
1369 2651 1446 2704 ait
1479 2651 1736 2720 agitasse,
1761 2648 1984 2716 majoris
2006 2649 2116 2702 dae-

554 2750 734 2806 monis
782 2761 884 2816 ope
933 2761 1054 2800 eum
1093 2742 1367 2812 expulisse
1391 2747 1477 2794 est
1506 2737 1838 2793 verosimile.
1875 2736 2114 2790 Pariter-

555 2857 663 2911 que
689 2838 930 2894 vicissim
958 2843 1135 2890 mente
1161 2841 1365 2887 motum
1395 2829 1794 2885 adolescentem
1823 2828 2000 2883 rabidi
2023 2843 2116 2883 ca~

556 2933 643 2988 nis
673 2944 857 2984 morsu
889 2929 930 2992 ¹,
979 2927 1265 2996 ipsumque
1305 2922 1550 2978 daemone
1582 2929 1896 2992 correptum
1927 2935 2114 2977 canem

556 3022 743 3080 eadem
789 3029 907 3076 arte
951 3018 1180 3073 curavit.
1235 3015 1481 3086 Agnosce
1512 3013 1698 3084 igitur,
1747 3021 1907 3082 prout
1957 3021 2114 3068 antea

556 3116 694 3180 dixi,
730 3113 914 3169 omnia
941 3111 1061 3181 ejus
1089 3116 1343 3180 portenta
1379 3107 1644 3160 malorum
1684 3105 1987 3161 daemonum
2017 3121 2115 3176 pa-

557 3219 698 3267 trata
727 3205 1030 3263 ministerio
1058 3217 1197 3258 esse.
1228 3199 1360 3254 Nam
1384 3197 1528 3268 quod
1553 3198 1618 3252 ad
1649 3197 1882 3268 puellam
1907 3205 2115 3266 spectat

559 3305 629 3360 ab
657 3300 847 3358 inferis
875 3303 1183 3355 revocatam
1215 3294 1260 3355 ',
1295 3291 1341 3346 si
1369 3291 1622 3362 spiritum
1658 3289 1838 3344 adhuc
1867 3305 1929 3344 ea
1969 3291 2117 3346 intus

559 3393 816 3457 habebat,
846 3388 1028 3445 vitalis
1059 3401 1204 3441 aurae
1236 3381 1552 3444 scintillam,
1577 3377 1723 3449 quod
1753 3379 1828 3433 ait
1859 3378 2114 3449 scriptor,

2208 1843 2301 1895 καὶ
2328 1843 2360 1912 ἡ
2391 1840 2535 1911 ψυχὴ
2571 1841 2680 1910 (π)
2725 1841 3004 1912 Ἀχιλλέως
3030 1844 3182 1914 παρά
3217 1843 3296 1914 τῷ
3327 1845 3480 1897 αὑτοῦ
3518 1848 3706 1916 μνήματι

2207 1931 2260 1984 τί
2299 1932 2364 1985 ἂν
2398 1932 2678 2002 διατρίϐοι,
2713 1933 2810 1996 τὰς
2842 1935 2898 1987 ὲν
2940 1935 3204 2006 μακάρων
3240 1937 3433 2005 νήσοις,
3462 1935 3526 1999 ὡς
3548 1936 3600 1988 ἂν
3628 1937 3707 2005 φή-

2211 2024 2319 2077 σειέ
2355 2041 2436 2088 τις
2467 2023 2597 2095 (78),
2620 2025 2984 2079 ἀπολειποῦσα
3018 2027 3151 2097 (78')
3175 2027 3459 2096 διαγωγὰς,
3487 2031 3526 2080 εί
3555 2027 3614 2098 μὴ
3638 2029 3706 2080 καὶ

2207 2113 2362 2168 τοῦτο
2405 2116 2655 2185 δαίμονος
2685 2111 2752 2186 ἦν
2802 2117 3118 2185 ἐπιφανείας
3176 2118 3473 2189 παρουσίας
3514 2119 3603 2172 Καὶ
3638 2117 3706 2171 τοῦ

2210 2203 2470 2272 ἀσελγοῦς
2499 2203 2555 2256 δὲ
2603 2205 2884 2274 μειρακίου
2929 2205 3115 2274 σαφῶς
3170 2205 3372 2259 ἕνοικον
3401 2206 3614 2276 δαίμονα,
3639 2208 3707 2258 καί

2211 2295 2368 2349 πάλιν
2407 2295 2474 2365 ἢν
2521 2294 2718 2365 ἔφησεν
2754 2296 3073 2364 Ἔμπουσαν
3099 2314 3162 2350 τε
3208 2299 3300 2350 καὶ
3347 2297 3539 2366 Λαμίαν
3577 2299 3706 2366 ἐμπε-

2211 2383 2592 2456 παρῳνηκέναι
2625 2384 2701 2454 τῷ
2729 2384 3016 2456 Μενίππῳ,
3054 2386 3260 2457 μείζονι
3290 2387 3403 2457 τάχ’
3430 2389 3543 2450 ἴσως
3567 2385 3705 2456 ἐξελή-

2212 2477 2340 2530 λακε
2364 2477 2591 2547 δαίμονι.
2610 2477 2833 2547 Ὁμοίως
2851 2495 2908 2530 τε
2937 2473 3002 2532 αὖ
3025 2479 3120 2531 καὶ
3141 2479 3231 2531 τὸν
3250 2478 3346 2543 τὰς
3369 2480 3548 2550 φρένας
3577 2494 3708 2548 παρα-

2212 2567 2488 2637 τραπέντα
2530 2567 2739 2621 νεανίαν
2785 2568 2889 2620 ὑπὸ
2941 2567 3034 2620 τοῦ
3082 2568 3378 2632 λυττῶντος
3406 2569 3564 2630 κυνὸς,
3587 2569 3707 2620 αὐτόν

2212 2673 2271 2709 τε
2295 2656 2384 2709 τὸν
2413 2655 2745 2726 δαιμονῶντα
2771 2658 2926 2722 κύνα,
2957 2663 3020 2731 τῇ
3051 2662 3192 2732 αὐτῇ
3231 2660 3509 2733 μετήλλαξε
3531 2659 3705 2730 μεθόδῳ.

2218 2745 2358 2816 ὐρα
2398 2745 2460 2816 δὴ
2492 2743 2604 2811 οὖν,
2637 2748 2712 2812 ὼς
2743 2747 2896 2818 ἔφην,
2940 2749 3038 2820 τὴν
3080 2752 3263 2804 πᾶσαν
3297 2749 3434 2820 αὐτῷ
3471 2748 3706 2820 παραδοξο-

2217 2835 2414 2901 ποιίαν,
2463 2837 2537 2901 ὡς
2593 2838 2679 2890 διὰ
2733 2839 3047 2909 δαιμονικῆς
3097 2841 3408 2893 ἀπετελεῖτο
3452 2840 3703 2910 ὑπουργίας.

2217 2924 2288 2977 Τὸ
2303 2924 2411 2997 γὰρ
2425 2926 2523 2996 τῆς
2550 2926 2924 2997 ἀναϐιωσάσης
2952 2927 3142 2998 κόρης,
3171 2930 3269 2982 εἶτ’
3289 2929 3510 2998 ἔμπνους
3529 2927 3705 2996 ὑπῆρχεν

2220 3017 2488 3090 σπινθῆρα
2519 3017 2714 3088 ψυχῆς,
2754 3018 2893 3072 κατά
2932 3019 3021 3072 τὸν
3065 3021 3398 3091 συγγραφέα,
3434 3020 3518 3073 καὶ
3560 3016 3706 3087 ἰκμάδα

2221 3109 2313 3162 ἐπὶ
2358 3109 2450 3163 τοῦ
2499 3107 2788 3180 προσώπου
2833 3109 3068 3181 φέρουσα
3108 3110 3245 3182 (79),
3279 3109 3612 3181 περιαιρετέον
3637 3107 3706 3175 τῆς

2221 3199 2659 3271 θαυματοποιίας.
2680 3204 2754 3256 Οὐ
2780 3201 2888 3274 γὰρ
2911 3201 2997 3267 ἂν,
3024 3201 3097 3264 ὼς
3125 3204 3220 3256 xui.
3242 3203 3460 3274 πρόσθεν
3485 3198 3704 3271 ἔφην(80)ι

2225 3295 2398 3363 σιωπῇ
2429 3293 2490 3346 τὸ
2535 3294 2846 3364 τηλικοῦτον
2886 3296 3180 3368 παρεδόθη,
3225 3298 3310 3352 ἐπ’
3349 3295 3506 3367 αὐτῆς
3546 3289 3708 3361 Ῥώμης

2225 3381 2484 3452 βασιλέως
2516 3385 2606 3438 ἐπὶ
2627 3385 2887 3458 παρόντος
2913 3389 3294 3460 γεγενημένον.

560 3488 954 3556 humidumque
993 3495 1246 3553 vaporem
1281 3477 1418 3532 facie
1467 3473 1645 3529 adhuc
1698 3468 2028 3542 praeferens;
2065 3473 2117 3528 id
2155 3475 2373 3546 quidem
2440 3495 2666 3535 nmnero
2729 3481 3117 3537 miraculorum
3152 3490 3238 3538 est
3265 3480 3595 3537 eximendum.
3632 3472 3708 3528 Ne-

561 3598 669 3656 que
691 3578 857 3643 enim,
923 3576 1065 3632 sicut
1090 3581 1146 3628 et
1177 3580 1302 3625 ante
1329 3568 1536 3631 monui,
1569 3573 1680 3619 tam
1711 3564 1916 3635 grande
1973 3563 2190 3620 facinus
2233 3569 2447 3625 silentio
2489 3571 2756 3642 potuisset
2806 3573 3039 3634 involvi,
3074 3576 3132 3628 in
3186 3575 3303 3644 ipsa
3345 3572 3470 3627 urbe
3498 3564 3705 3622 Romaein

562 3679 856 3744 conspectu
883 3668 1039 3740 quasi
1071 3663 1415 3736 imperatoris
1446 3667 1741 3731 patratum.

1001 3809 1159 3884 535
1197 3806 1428 3866 CAPUT
1467 3799 1708 3862 xxxvr.

636 3932 896 4003 Equidem
930 3928 1035 3982 alia
1064 3928 1346 3980 innumera
1368 3937 1434 3977 ex
1463 3919 1652 3974 iisdem
1684 3917 1838 3971 libris
1867 3916 2122 3987 colligere

564 4027 770 4088 liceret,
803 4023 1003 4094 quibus
1025 4031 1186 4088 quam
1221 4014 1379 4069 facile
1409 4009 1684 4067 confutari
1714 4017 1936 4080 queant,
1961 4024 2122 4080 quam

563 4131 755 4190 parum
793 4113 1022 4169 invicem
1069 4109 1173 4166 sibi
1222 4103 1608 4176 respondentia
1655 4103 1908 4165 habeant,
1962 4116 2123 4171 quam

565 4210 674 4264 sint
699 4207 966 4268 fabulosa,
1007 4217 1169 4273 quam
1194 4199 1350 4270 plena
1377 4194 1638 4250 monstris
1666 4194 2001 4248 evincamus.
2030 4191 2126 4244 At-

565 4309 745 4356 tamen
769 4294 1206 4370 quandoquidem
1238 4307 1348 4346 non
1377 4295 1637 4343 accurato
1670 4285 1834 4340 nimis
1865 4283 2126 4338 adversus

563 4391 840 4447 hominem
866 4385 1048 4441 studio
1073 4383 1232 4438 nobis
1252 4395 1390 4451 opus
1413 4386 1531 4444 est;
1563 4375 1707 4446 quod
1736 4383 1950 4430 tantum
1983 4372 2126 4428 absit

2727 3804 3118 3856 ΚΕΦΑΛΔΙΟΝ
3153 3804 3288 3871 Δεῖν.

2297 3913 2476 3986 Μυρία
2509 3916 2604 3986 μὲν
2635 3911 2726 3969 οὖν
2758 3915 2850 3968 καὶ
2887 3902 3020 3970 ἄλλα
3065 3917 3324 3988 πάρεστιν
3362 3918 3422 3968 ὲκ
3459 3913 3552 3966 τῶν
3576 3907 3710 3964 αὐτῶν

2230 4005 2586 4072 ἀναλέξασθαι
2632 4002 3093 4079 συγγραμμάτων,
3163 4008 3223 4060 τό
3261 4024 3318 4060 τε
3361 4008 3413 4059 ἐν
3463 4004 3617 4063 αὐτοῖς
3648 3997 3709 4050 εὑ-

2229 4097 2499 4166 έλεγκτον,
2531 4100 2623 4152 καὶ
2647 4098 2962 4163 ἀσύστατον,
2994 4099 3236 4169 μυθῶδές
3267 4116 3322 4152 τε
3359 4097 3446 4151 καὶ
3478 4089 3709 4164 τερατῶδες

2229 4190 2572 4243 ἀπευθύνεινο
2612 4191 2758 4261 ὅμως
2793 4189 2912 4243 ἐπεί
2953 4207 3012 4259 γε
3043 4190 3161 4243 οὐδὲ
3199 4188 3390 4260 πολλῆς
3419 4185 3480 4240 τὰ
3511 4180 3624 4237 κατὰ
3645 4178 3708 4231 τὶν

2228 4281 2394 4354 ἄνδρα
2422 4281 2586 4336 δεῖται
2629 4281 3083 4349 σπουδαιολογίας,
3109 4283 3208 4352 οὐχ
3235 4282 3316 4334 ὅτι
3343 4297 3399 4348 γε
3423 4281 3473 4331 ὲν
3492 4277 3621 4335 θεοῖς,
3641 4269 3708 4321 καὶ

2229 4373 2566 4445 παραδόξοις,
2601 4374 2694 4425 καὶ
2734 4372 3068 4443 θαυμασίοις,
3103 4371 3215 4425 ἀλλ’
3257 4371 3361 4425 οὐδ’
3398 4373 3450 4424 ὲν
3471 4363 3708 4437 φιλοσόφοις

567 4493 630 4536 ut
683 4479 824 4532 inter
869 4476 1002 4531 deos
1049 4472 1415 4543 stupendosve
1479 4469 1626 4522 viros
1673 4474 1726 4522 et
1779 4463 2114 4519 admirandos

2231 4467 2382 4538 παρά
2410 4482 2518 4518 τισι
2548 4465 2654 4517 τῶν
2681 4464 2775 4518 νῦν
2821 4464 3039 4536 μνήμης
3072 4463 3419 4536 ὑπαρχούσης
3450 4456 3604 4518 αὑτοῦ,
3630 4453 3707 4510 τοῖς

569 4567 748 4645 [locus
779 4567 883 4636 ipsi
920 4562 1232 4634 habeatur],
1269 4571 1326 4616 ut
1359 4576 1426 4614 ne
1460 4559 1601 4612 inter
1631 4555 1982 4626 philOSOphos
2001 4553 2126 4622 qui-

568 4644 694 4718 dem
725 4674 756 4714 a
781 4656 1106 4728 quibusdam
1143 4654 1310 4708 nostri
1339 4653 1435 4706 aevi
1460 4648 1773 4704 hominibus
1793 4646 1994 4701 mentio
2008 4644 2128 4712 ejus

574 4754 698 4820 fiat;
734 4751 939 4806 idcirco
969 4747 1036 4802 iis
1071 4744 1311 4800 contenti
1341 4757 1462 4812 qua:
1484 4741 1628 4796 dicta
1659 4745 1810 4800 sunt,
1845 4737 1910 4790 ad
1957 4736 2124 4804 septi-

571 4861 718 4901 mum
749 4857 963 4914 quoque
984 4840 1050 4894 de
1077 4854 1142 4892 eo
1173 4837 1371 4890 librum
1399 4831 1802 4904 progredimur.

637 4958 686 4998 ⁹⁷
726 4961 818 5019 lib.
855 4977 941 5025 tv,
973 4974 1023 5014 c.
1058 4956 1144 5012 10.
1219 4955 1264 4987 ³³
1305 4953 1398 5009 lib.
1433 4967 1522 5018 tv,
1555 4965 1607 5005 c.
1641 4948 1727 5005 16.
1801 4948 1846 4979 θ’
1889 4944 1981 4999 lib.
2017 4959 2105 5007 tv,
2140 4958 2190 4998 c.
2221 4939 2312 4997 9.0.

640 5095 753 5169 (75)
793 5094 1024 5184 Φέσμα.
1065 5090 1201 5148 Vide
1243 5090 1312 5146 de
1353 5090 1453 5144 hac
1485 5102 1616 5142 voce
1641 5086 1928 5141 observata
1962 5093 2127 5150 supra

571 5166 1260 5334 ad(;taif.ﬂi%6sdrjlwzai.
1301 5230 1503 5298 Nempe
1538 5227 1698 5334 paulo
1723 5232 1847 5306 ante
1885 5238 2006 5291 cap.
2034 5217 2124 5274 96.

646 5308 732 5334 1-1-1
803 5308 900 5334 νηὶ
929 5308 965 5334 ,ι
995 5305 1162 5334 ..νηηηι
1226 5304 1329 5334 νην
1361 5302 1438 5334 κιρ.
1465 5302 1496 5334 «λ
1529 5315 1539 5334 ρ
1560 5299 1670 5334 Λὶνῆ
1705 5296 1906 5334 ρΛιιιιηι
1933 5293 2124 5334 fuerat:

645 5245 732 5310 ('16
795 5245 1260 5306 Προδεδηλωται.
1302 5245 1503 5316 Nempe
1538 5245 1698 5334 paulo
1723 5245 1847 5306 ante
1885 5245 2006 5291 cap.
2038 5245 2124 5274 zu.

645 5245 756 5379 (Τίς
794 5308 902 5361 Καὶ
928 5308 966 5375 ἠ
995 5305 1185 5379 ψυχή..
1210 5304 1334 5379 ’Καὶ
1361 5302 1497 5370 οτιὴ
1529 5299 1672 5379 γυχὴ
1705 5296 1907 5350 edttum
1933 5293 2136 5379 fuerat;

573 5369 664 5430 ὅτι
689 5369 1040 5446 rejiciendum
1084 5369 1392 5446 videbatur,
1421 5369 1565 5446 quod
1607 5369 1671 5446 in.
1696 5381 1799 5446 ms.
1832 5380 1898 5446 ex
1927 5376 2130 5446 praecef

575 5434 902 5504 dente'linea
935 5447 1002 5501 ab
1027 5446 1294 5500 oscitante
1337 5434 1562 5496 librario
1587 5437 1798 5490 videtur
1825 5434 2127 5488 derivatum

571 5531 760 5652 ess($8)
810 5584 901 5649 Ὠς
931 5584 1006 5637 ἂν
1041 5581 1253 5652 φήσειέ
1286 5598 1392 5648 τις.
1436 5577 1558 5633 Hinc
1608 5571 1988 5652 additaxquod
2048 5569 2133 5649 in-

577 5643 1059 5718 sulas'beatorum:
1089 5643 1142 5706 et
1176 5654 1229 5706 in
1265 5643 1694 5707 iis'habitantem
1739 5643 1964 5700 Achillis
2011 5643 2144 5717 ani-_

2229 4556 2532 4628 εἰρημένοις
2568 4555 2942 4626 ἀρκεσθέντες,
2974 4554 3245 4626 μετίωμεν
3281 4553 3372 4607 καὶ
3406 4551 3490 4606 ἐπὶ
3519 4547 3572 4601 τὸ
3605 4540 3708 4598 ἑϐδο-

2235 4665 2333 4718 μον
2364 4648 2490 4719 περὶ
2518 4645 2682 4700 αὐτοῦ
2714 4646 3068 4720 σύγγραμμα.

2400 4938 2415 4970 ¹
2457 4937 2553 4992 lib.
2588 4952 2674 5002 vt,
2712 4951 2763 4990 c.
2798 4935 2885 4991 55.
2963 4935 2983 4966 '
3021 4932 3116 4987 lib.
3155 4948 3242 4997 tv,
3274 4945 3324 4986 c.
3350 4929 3442 4984 45.

2233 5091 2397 5137 mam,
2420 5089 2526 5128 non
2556 5073 2670 5143 ipse
2697 5071 2916 5143 quidem
2946 5077 3208 5141 agnoscat
3235 5053 3690 5143 Ειιεεὺὶυξοδαξ-ξίξῖ

2544 5118 2816 5217 lciqnainr,
2846 5157 2914 5196 ex
2944 5118 3120 5217 ni’ente
3141 5118 3700 5217 _gentiljuti|..l'éfj'€'ffnit

2238 5193 2976 5270 ἷιῖἰὲιέιὶῦέᾞέέιίοῆὶιὴ
3007 5193 3268 5266 Ῐέίίεῆειιθ
3299 5207 3397 5260 frui
3424 5193 3560 5271 juxta
3589 5193 3696 5244 theo-

2231 5288 2386 5356 logia:
2414 5300 2525 5356 sua:
2557 5286 2752 5354 placita
2782 5283 3229 5356 existimantium.

2304 5336 2436 5426 i785
2537 5336 2932 5426 ἑολὲιποὲσασ
2959 5351 3098 5426 Lege
3117 5336 3656 5426 ἀπφλιπο.ὖσα·.¹ἒ9¹Ῑ;ς.ς

2303 5393 2436 5496 iiii),
2455 5393 3476 5496 νιῖἷοέῷᾧὲῖὲσῖέέὲιιι
3498 5409 3545 5460 in
3563 5393 3692 5459 editis)

2233 5489 2542 5567 legendum'
2561 5496 2821 5567 putabant
2847 5489 3101 5567 φέρου-σα.
3136 5489 3390 5567 Hotsrsu.

2306 5541 2686 5637 ἱῶῗῦὧῖἁῐ
2695 5541 2973 5633 ἶηῖῥεέἆᾱὲἶ
2989 5541 3169 5631 ea»;
3196 5541 3368 5627 Supra
3394 5563 3499 5619 cap.
3520 5541 3592 5598 29.
