3936 6208
245 344 349 407 849

755 452 1149 520 ΚΕΦΑΛΑΙόΝ
1188 468 1305 521 AZ'.

313 552 710 626 Κατηγορεῖται
747 556 880 628 δῆτα
920 559 1173 630 γοητείαν
1215 561 1243 611 ό
1276 558 1431 630 ἁνήρ.
1467 553 1599 611 Εἶτα
1631 558 1811 629 Δημη-

242 644 379 715 τρίῳ
402 644 692 717 φιλοσόφῳ,
729 646 1088 720 ἀποτρέποντι
1120 649 1281 703 αὑτὸν
1306 650 1405 719 τῆς
1433 649 1525 702 ἐπὶ
1547 649 1646 720 τὴν
1681 648 1812 702 Ῥώ-

246 752 354 807 μην
392 736 646 807 παρόδου,
681 739 757 810 μὴ
789 740 1123 812 πειθόμενος,
1149 740 1357 812 ἐπαχθῆ
1384 758 1526 805 τινα,
1568 742 1662 795 καὶ
1683 758 1813 811 φορ-

242 826 370 880 τικά
401 829 529 899 περὶ
555 831 745 884 ἑαυτοῦ
774 826 877 886 ὧδέ
910 851 1024 897 πως
1052 833 1234 902 λέγει·
1271 853 1287 884 ι
1312 831 1452 902 Ἐγὼ
1474 832 1530 886 δὲ
1560 832 1811 901 γινώσκω

246 919 348 990 μὲν
382 921 602 974 πλεῖστα
635 924 957 996 ἀνθρώπων,
1004 925 1098 979 ἇτε
1141 925 1204 997 δὴ
1240 925 1347 996 (81)
1397 924 1551 989 εἰδὼς
1593 926 1769 979 πάντα
1793 943 1805 955 ·

241 1006 360 1063 οῖδα
384 1012 439 1065 δὲ
469 1006 543 1066 ὧν
572 1010 691 1069 οἶδα
720 1014 788 1068 τὰ
830 1018 928 1087 μὲν
957 1017 1285 1082 σπουδαίοις,
1316 1018 1382 1071 τὰ
1408 1017 1462 1070 δὲ
1508 1019 1709 1086 σοφοῖς,
1742 1016 1811 1071 τά

238 1100 297 1153 δὲ
327 1103 570 1173 ἐμαυτῷ,
604 1104 671 1158 τὰ
693 1106 750 1159 δὲ
772 1106 932 1171 θεοῖς.
969 1127 987 1160 ι
1026 1109 1133 1162 Καὶ
1156 1108 1218 1179 δὴ
1246 1111 1274 1162 ό
1301 1112 1358 1162 ὲν
1393 1109 1601 1172 τούτοις
1636 1108 1811 1163 πάντα

239 1189 440 1245 εἰδέναι
468 1193 991 1267 μεγαλαυχούμενος,
1018 1197 1239 1269 προῖὼν,
1257 1200 1472 1267 ἄγνοιάν
1490 1216 1650 1253 τινων
1675 1200 1809 1274 πρὸς

237 1279 333 1333 τοῦ
361 1282 517 1350 λόγου
545 1290 948 1358 κατηγορεῖται.
979 1285 1112 1341 Εἶτα
1137 1289 1308 1361 Δάμις
1332 1290 1479 1361 αὐτῷ
1510 1291 1815 1361 μεταπλάτη

237 1389 412 1435 τεται,
446 1375 534 1428 διὰ
561 1375 786 1431 θανάτου
834 1379 1001 1448 φόϐον
1038 1381 1128 1434 τὸν
1162 1381 1446 1452 φιλόσοφον
1474 1384 1809 1456 ἐπικρυπτό-

244 1482 423 1536 μενος.
457 1470 650 1523 ’Δκουε
682 1471 727 1524 δ’
760 1468 850 1525 οὖν
892 1473 983 1525 τοῦ
1025 1476 1399 1546 συγγραφέως,
1427 1476 1463 1531 ἃ
1491 1477 1619 1548 περὶ
1645 1477 1807 1532 αὑτοῦ

241 1576 406 1630 φησιν
443 1560 905 1634 ἀπολογούμενος·
945 1584 963 1617 t
1008 1567 1165 1619 Αίτία
1195 1568 1293 1638 μὲν
1324 1567 1417 1639 ἥδε
1450 1568 1561 1639 (8i)
1590 1569 1683 1621 τοῦ
1717 1586 1810 1640 με-

237 1649 490 1703 ταϐαλεῖν
516 1652 687 1723 Δάμιν
714 1654 775 1706 τὸ
802 1654 908 1708 τῶν
942 1655 1321 1727 Πυθαγορείων
1355 1658 1557 1729 σχῆμα.
1594 1661 1668 1711 Ού
1702 1659 1809 1732 γὰρ

236 1741 316 1805 ὡς
362 1744 537 1797 κακίω
580 1745 688 1815 (85)
740 1764 803 1815 γε
858 1751 988 1804 αὐτὸ
1036 1752 1143 1823 (84)
1182 1752 1415 1822 μετεῖναί
1462 1770 1643 1823 φησιν,
1691 1755 1808 1807 οὐδὲ

1374 348 1574 403 LIBER
1606 347 1881 405 CONTRA
1918 346 2331 405 HIEBOCLEM.

1846 471 1893 527 A

3381 347 3482 404 830

2445 466 2672 522 CAPUT
2714 464 2969 521 XXXVII.

1993 560 2179 631 Magia;
2216 561 2383 631 igitur
2438 561 2558 616 dica
2592 561 2881 631 Apollonio
2915 554 3192 615 scribitur.
3225 557 3352 613 Inde
3380 573 3480 611 au-

1918 660 2026 708 tem
2058 652 2333 708 Demetrio
2360 653 2712 723 philosopho.
2734 653 3041 709 debortanti
3064 666 3187 708 eum
3208 651 3482 706 abitinere

1919 744 2144 800 Romam
2176 744 2576 809 continuando,
2636 745 2855 800 minime
2883 744 3204 806 obaudiens,
3236 742 3470 796 insolen-

1920 846 2005 891 ter
2037 837 2304 907 quaedam,
2337 853 2403 893 ac
2432 837 2668 907 superbe
2700 836 2767 891 de
2805 851 2864 890 se
2897 836 3014 907 ipso
3047 835 3131 890 his
3164 834 3275 889 fere
3300 833 3479 889 verbis

1922 926 2124 995 profert
2146 928 2205 984 ':
2240 947 2258 981 ι
2289 926 2401 997 Ego
2451 928 2756 983 mortalium
2807 937 3125 982 cunctorum
3159 926 3271 982 scio
3309 925 3480 995 pluri-

1925 1032 2068 1072 mum
2101 1039 2114 1074 :
2148 1019 2262 1075 scio
2306 1021 2449 1075 enim
2491 1019 2693 1075 omnia.
2732 1018 2863 1085 Quae
2908 1020 3022 1075 scio
3066 1027 3245 1073 autem
3284 1019 3480 1088 partim

1916 1108 2031 1162 scio
2080 1109 2241 1164 bonis
2292 1110 2449 1173 viris,
2487 1108 2681 1179 partim
2718 1108 3079 1179 sapientibus,
3128 1106 3321 1178 partim
3370 1105 3474 1177 ipsi

1916 1199 2068 1264 mihi,
2094 1199 2294 1269 partim
2316 1200 2440 1255 diis.
2482 1219 2500 1251 ι
2542 1198 2645 1254 Sed
2668 1200 2811 1254 enim
2837 1202 2930 1269 qui
2955 1198 3137 1255 verbis
3156 1198 3277 1263 istis
3294 1197 3475 1252 omnia

1916 1305 1974 1345 se
2009 1305 2173 1347 nosse
2201 1292 2490 1362 magnifice
2523 1292 2809 1359 gloriatur,
2843 1292 3007 1359 paulo
3055 1297 3176 1361 post
3230 1289 3477 1361 ignoran-

1914 1383 2004 1437 tiae
2046 1383 2100 1437 in
2143 1384 2472 1453 quibusdam
2530 1384 2585 1437 in
2633 1383 2748 1452 ipsa
2793 1383 2882 1437 illa
2930 1383 3160 1437 historia
3204 1379 3472 1450 arguitur.

1915 1474 2044 1529 Inde
2082 1490 2245 1546 porro
2290 1475 2475 1531 Darnis
2513 1475 2936 1530 transformatur
2970 1474 3038 1528 ab
3059 1489 3145 1537 eo,
3183 1472 3252 1527 ob
3284 1470 3474 1526 mortis

1914 1575 2115 1623 metum
2151 1568 2533 1638 philosophum
2582 1566 2946 1623 abscondens.
2998 1564 3103 1621 Sed
3143 1564 3267 1619 audi
3294 1561 3476 1618 Philo—

1916 1666 2121 1713 stratus
2154 1672 2274 1729 quae
2326 1659 2475 1714 dicat
2518 1658 2560 1721 ⁸,
2611 1658 2665 1713 id
2713 1658 2917 1712 factum
2961 1656 3082 1727 ejus
3126 1655 3469 1712 defendens:

1920 1767 1937 1799 ‹
1984 1748 2048 1807 Et
2070 1764 2238 1805 causa
2265 1749 2485 1819 quidem
2533 1751 2741 1806 exstitit
2778 1750 2903 1815 ista,
2935 1764 3034 1804 cur
3078 1747 3471 1820 Pythagoreum

241 1835 541 1901 μεταγνοὺς
571 1835 719 1899 αὐτὸ,
747 1837 938 1910 τέχνην
960 1840 1015 1893 δὲ
1047 1842 1359 1905 ἐπαινέσας,
1394 1842 1459 1911 ἦν
1489 1841 1726 1913 ύπῆλθεν
1754 1845 1802 1906 ἐς

1912 1826 2092 1898 οιῖῐηὶδ
2118 1842 2361 1897 habitum
2410 1851 2673 1898 mutaret.
2704 1840 2893 1913 Neque
2937 1842 3085 1898 enim
3119 1841 3383 1913 abjecisse
3415 1855 3475 1896 se

235 1923 298 1975 τὸ
324 1921 595 1997 ξυμφέρον
622 1927 715 1981 τοῦ
753 1932 963 2002 καιροῦ.
1009 1952 1026 1985 ι

1910 1934 1986 1987 ait
2015 1948 2163 1997 eum,
2196 1941 2255 1987 ut
2292 1935 2384 2005 qui
2414 1936 2537 1989 vitae
2583 1935 2893 1990 institutum
2943 1943 3209 1991 mutasset
3238 1935 3295 1989 in
3324 1935 3474 1990 dete-

236 2019 375 2082 rius,
445 2037 621 2091 neque
686 2025 832 2094 quod
885 2027 1008 2098 ejus
1047 2030 1224 2099 ipsum
1266 2029 1575 2100 paeniteret,
1611 2028 1704 2086 sed
1729 2026 1871 2099 quod
1912 2037 2090 2085 astum
2133 2029 2408 2100 probaret,
2442 2030 2531 2083 cui
2578 2044 2637 2084 se
2683 2028 3198 2095 accommodaverit,
3248 2028 3473 2099 tempori

235 2114 622 2172 inserviturus.
668 2137 687 2170 ι

742 2214 1136 2275 ΚΕΦΑΛΑΙΟΝ
1178 2219 1310 2272 AH'.

321 2303 444 2356 Ἐπὶ
481 2304 690 2370 τούτοις
722 2308 749 2359 ὸ
787 2308 1142 2380 Φιλόστρατος
1172 2311 1444 2382 τέσσαρας
1480 2312 1675 2376 αἰτίας,
1710 2311 1809 2375 τάς

234 2393 302 2465 δὴ
339 2394 585 2467 εὐχερεῖς
618 2398 765 2469 αὐτῷ
803 2402 938 2473 πρὸς
967 2401 1257 2471 ἀπολογίαν
1288 2402 1634 2474 νομισθείσας
1666 2405 1811 2457 ἐκτί-

238 2485 418 2557 θησιν,
470 2490 577 2543 ἀπὸ
628 2490 895 2547 πλείστων
947 2494 1224 2565 ὁμολογῶν
1273 2497 1365 2549 καὶ
1416 2496 1588 2550 ἄλλων
1641 2497 1809 2560 αὑτὰς

237 2575 561 2647 ἀνειλέχθαι.
594 2573 691 2633 Ὧν
728 2582 761 2652 ή
802 2581 900 2653 μέν
936 2599 1021 2645 τις
1050 2578 1139 2653 ἦν·
1180 2603 1198 2635 ι
1236 2584 1300 2635 Τί
1346 2583 1477 2655 δῆτα
1528 2581 1715 2653 μαθὼν
1746 2582 1805 2635 ού

236 2670 338 2741 τὴν
368 2670 537 2741 αὐτὴν
567 2672 769 2725 ἅπασιν
812 2673 922 2744 ἔχοι
951 2675 1174 2747 στολήν;
1209 2695 1226 2727 ι
1271 2678 1302 2747 ἡ
1334 2676 1411 2729 δέ’
1448 2695 1465 2727 ι
1499 2675 1604 2729 Τοῦ
1648 2675 1804 2747 χάριν

236 2763 287 2816 οἱ
322 2761 594 2833 ἄνθρωποι
621 2763 751 2817 Θεὸν
783 2767 944 2820 αὐτὸν
969 2768 1310 2838 νενομίκασι;
1350 2787 1367 2819 ι
1396 2768 1553 2839 τρίτη
1584 2784 1597 2797 ⁸
1639 2786 1656 2819 ι
1694 2769 1801 2821 Πό-

238 2856 334 2909 θεν
385 2860 632 2930 προείποι
668 2860 931 2928 Ἐφεσίοις
979 2862 1067 2915 τὺν
1110 2862 1327 2933 λοιμόν;
1364 2880 1382 2913 ι
1418 2863 1509 2915 ἐπὶ
1553 2861 1795 2925 ταύταις·

241 2965 262 2999 ι
302 2947 419 3001 Τίνι
466 2950 575 3019 (85)
625 2950 844 3021 βαδίσας
879 2954 934 3017 ἐς
980 2953 1146 3025 ἀγρὸν
1191 2953 1477 3022 ἀνατέμνει
1516 2953 1606 3005 τὸν
1638 2953 1801 3007 παῖδα

235 3042 332 3095 τὸν
376 3044 637 3115 Ἀρκάδα;
677 3065 696 3098 ι
732 3045 878 3118 Πρὸς
910 3046 1108 3110 ταύτας
1142 3047 1199 3100 δέ
1234 3064 1365 3117 φησι
1398 3049 1491 3100 καὶ¹
1530 3045 1629 3117 τὴν
1669 3048 1802 3100 ἀπο-

2417 2210 2650 2267 CAPUT
2689 2212 2953 2268 XXXVIII

1982 2301 2112 2357 Post
2144 2302 2257 2357 haec
2276 2301 2642 2359 Philostratus
2668 2315 2901 2375 quatuor
2927 2306 3292 2363 accusationis
3323 2308 3471 2379 capi-

1908 2400 1985 2458 ta,
2041 2410 2162 2465 quaa
2211 2392 2370 2449 facile
2411 2409 2470 2449 se
2516 2395 2762 2466 apologia
2802 2397 3009 2451 diluere
3041 2412 3201 2466 posse
3233 2408 3467 2467 putaret,

1910 2485 2135 2555 exponit
2164 2487 2183 2518 ⁵
2209 2504 2222 2540 :
2255 2501 2319 2542 ex
2349 2486 2598 2556 pluribus
2626 2487 2749 2542 aliis
2785 2502 2976 2542 eorum
3009 2487 3278 2543 delectum
3310 2488 3469 2543 babi-

1909 2585 2023 2631 tum
2045 2592 2167 2633 esse
2198 2577 2469 2650 inquiens.
2498 2578 2701 2634 llorum
2736 2581 3158 2651 primum.erat:
3202 2599 3220 2631 ι
3260 2581 3376 2648 Qua
3403 2581 3469 2637 de

1911 2684 2078 2725 causa
2101 2671 2288 2727 eodem
2322 2687 2428 2741 quo
2452 2675 2631 2728 caeteri
2658 2674 2843 2728 habitu
2881 2690 2992 2729 non
3021 2676 3240 2729 utatur?
3270 2695 3289 2728 ο
3322 2676 3471 2731 Alte.

1910 2780 2033 2819 rum
2061 2778 2227 2835 porro
2259 2782 2271 2818 :
2303 2782 2322 2816 ι
2360 2764 2538 2828 Quare
2578 2766 2737 2821 deum
2793 2766 2972 2836 ipsum
3004 2767 3252 2823 homines
3281 2777 3469 2837 putent

1908 2857 2062 2912 esse?
2090 2878 2108 2910 ι
2131 2856 2403 2913 Tertium:
2427 2876 2443 2908 ι
2467 2857 2710 2924 Quanam
2740 2858 2954 2914 ratione
2987 2866 3194 2930 pestem
3222 2858 3469 2930 Ephesiis

1906 2948 2281 3004 imminentem
2330 2951 2679 3020 praedixerit?
2717 2972 2735 3005 ι
2771 2951 3037 3007 Praeterea
3073 2970 3086 3006 :
3123 2970 3141 3003 ι
3196 2951 3254 3006 ln
3309 2952 3468 3022 cujus

1908 3040 2138 3109 gratiam
2173 3041 2229 3094 in
2263 3056 2452 3112 agrum
2477 3042 2774 3112 profectus,
2802 3042 3069 3099 Arcadem
3091 3060 3318 3114 puerum
3349 3044 3467 3100 dis-

236 3133 422 3204 λογίαν
463 3138 623 3191 αὐτὸν
662 3140 1013 3210 γεγραφέναι.
1067 3138 1336 3210 Πρότερον
1376 3138 1419 3191 δ’
1468 3139 1667 3210 ἱστορεῖ
1716 3138 1802 3191 δε-

1912 3133 2216 3202 cerpserit?
2253 3152 2271 3185 ι
2307 3134 2484 3204 Atque
2524 3135 2593 3189 ad
2646 3135 2965 3204 depellenda
3008 3135 3110 3191 ista
3162 3136 3463 3208 apologiam

238 3234 396 3300 σμοῖς
429 3232 588 3285 αὐτὸν
617 3234 1004 3305 παραδοθῆναι,
1039 3230 1130 3285 καί
1155 3248 1207 3283 τι
1238 3229 1548 3299 θαυμαστὸν
1572 3229 1802 3283 ἐνταῦθα

1912 3239 2126 3295 quoque
2158 3239 2281 3279 eum
2314 3227 2602 3296 scripsisse
2632 3227 2707 3281 ait
2737 3228 2777 3283 ⁸.
2811 3228 2950 3282 Ante
2977 3242 3107 3282 vero
3150 3227 3203 3280 in
3248 3228 3464 3282 vincula

235 3323 697 3391 κατεργάσασθαι.
744 3324 832 3395 Τῷ
858 3322 965 3392 γάρ
999 3341 1077 3376 τοι
1118 3323 1308 3392 Δάμιδι
1344 3322 1486 3392 μάλα
1525 3319 1801 3391 λυπηρῶς,
1834 3374 1863 3409 ⁸

234 3412 316 3475 ὡς
348 3412 412 3466 ἂν
444 3415 536 3467 ἐπὶ
577 3417 827 3487 συμφορᾷ
868 3415 961 3469 τοῦ
992 3415 1308 3468 διδασκάλου
1340 3414 1683 3484 διακειμένῳ,
1712 3412 1806 3464 αύ-

233 3504 473 3573 τόματον
499 3504 757 3568 ἐπιδεῖξαι
799 3503 1086 3575 λελυμένον
1129 3505 1223 3558 τοῦ
1259 3505 1456 3575 δεσμοῦ
1502 3504 1564 3557 τὸ
1593 3501 1798 3565 σκέλος·

236 3590 360 3648 εἶτα
394 3594 552 3648 πάλιν
586 3594 897 3648 ἀναλαϐόντ⁸
935 3596 1094 3649 αὑτὸν
1130 3596 1228 3667 τῆς
1260 3594 1453 3665 λύπης,
1483 3594 1710 3648 ἐνθεῖναι
1747 3598 1804 3657 ές

233 3686 299 3740 τὸ
328 3688 585 3760 πρότερον
619 3689 802 3761 σχῆμα
847 3688 937 3742 τὸν
984 3689 1134 3742 πόδα.
1167 3688 1318 3743 Μετὰ
1350 3687 1525 3752 τοῦτο,
1552 3688 1805 3760 κρινόμε-

235 3798 329 3833 νον
361 3781 521 3834 αύτδν
564 3783 655 3835 ἐπὶ
699 3782 961 3852 βασιλέως
995 3781 1342 3852 Δομετιανοῦ,
1373 3781 1572 3851 γράφει
1598 3776 1715 3834 εἶτα
1740 3780 1803 3851 δὴ

232 3872 345 3926 τῶν
404 3873 762 3944 ἐγκλημάτων
820 3872 1171 3943 ἀπολυθῆναι,
1225 3875 1318 3927 κα)⁸
1370 3873 1505 3943 μετά
1551 3872 1648 3943 τὴν
1696 3871 1804 3924 τῶν

233 3965 593 4037 ἐγκλημάτων
624 3966 795 4032 λύσιν,
834 3968 933 4019 οὐκ
979 3962 1072 4019 οἷδ’
1111 3967 1257 4029 ὅπως
1292 3965 1552 4037 ἀκαίρως,
1592 3965 1682 4036 μοὶ
1722 3964 1804 4016 δο-

234 4059 343 4117 κεῖ,
368 4057 424 4108 ὲν
463 4056 541 4128 τῷ
568 4058 905 4129 δικαστηρίῳ
934 4057 1069 4112 αύτά
1111 4058 1173 4129 δὴ
1212 4057 1381 4110 ταῦτα
1411 4060 1795 4129 ἀναφωνῆσαι·

237 4161 260 4194 ε
302 4144 419 4207 Δὸς,
452 4147 500 4197 εί
526 4145 702 4215 βούλει
736 4145 866 4215 (86),
892 4147 1059 4217 κάμοὶ
1094 4148 1274 4201 τόπον.
1303 4149 1364 4200 Εἰ
1396 4147 1452 4200 δὲ
1487 4148 1581 4219 μὴ,
1616 4149 1799 4218 πέμπε

231 4234 328 4286 τὸν
361 4234 662 4307 ληψόμενόν
696 4256 796 4308 μου
825 4238 885 4291 τὸ
914 4238 1101 4309 σῶμα⁶
1134 4239 1233 4310 τὴν
1266 4238 1374 4309 γὰρ
1404 4239 1579 4311 ψυχὴν
1606 4239 1799 4294 ἀδύνα-

232 4343 348 4389 τον,
381 4327 580 4397 μᾶλλον
617 4329 660 4382 δ’
702 4329 809 4383 οὐδ’
839 4328 905 4383 ἂν
938 4330 999 4383 τὸ
1042 4330 1200 4401 σῶμα
1226 4330 1425 4402 τούμὸν
1460 4332 1660 4395 λάϐοις.
1706 4350 1724 4382 ι

310 4619 393 4672 Οὐ
421 4618 529 4689 γάρ
560 4637 635 4688 με
661 4620 933 4688 κτενέεις,
965 4623 1091 4676 ἐπεὶ
1132 4623 1294 4678 οὗτοι
1330 4624 1621 4693 μόρσιμός
1656 4626 1791 4693 ειμι.

305 4727 416 4782 Καὶ
446 4728 510 4800 δὴ
554 4731 645 4783 ἐπὶ
682 4730 854 4803 τούτῳ
886 4732 963 4804 τῷ
1008 4733 1313 4805 περιϐοήτῳ
1360 4735 1563 4805 ῥήματι
1610 4735 1798 4801 ἀφανι-

235 4816 427 4885 σθῆναι
451 4819 544 4871 τοῦ
576 4819 922 4892 δικαστηρίου
959 4823 1119 4893 φησὶν
1149 4823 1330 4877 αὐτόν.
1356 4825 1465 4877 Καὶ
1487 4826 1543 4877 ὲν
1568 4823 1796 4889 τούτοις,

229 4908 292 4962 τὲ
326 4909 455 4981 περὶ
486 4910 648 4965 αὑτοῦ
680 4913 1046 4984 καταστρέφει
1069 4915 1269 4986 δρᾶμα.

1907 3331 2032 3371 eum
2062 3315 2372 3385 conjectum
2403 3325 2686 3381 memorat,
2730 3328 2891 3388 atque
2914 3320 2970 3373 in
3005 3319 3073 3374 iis
3097 3319 3262 3373 etiam
3290 3319 3464 3373 admi-

1908 3406 2080 3460 randa
2134 3406 2378 3474 quaedam
2440 3408 2779 3477 prmstitisse.
2830 3409 3038 3464 Damidi
3088 3411 3231 3465 enim
3282 3411 3463 3465 animo

1906 3499 2061 3552 valde
2100 3498 2319 3563 aﬂlicto,
2354 3507 2412 3553 ut
2445 3514 2544 3570 par
2571 3506 2690 3555 erat
2740 3500 2794 3553 in
2848 3501 2951 3556 ista
2996 3501 3345 3572 praeceptoris
3376 3502 3461 3558 sui

1907 3586 2147 3652 fortuna,
2197 3595 2389 3657 sponte
2430 3587 2565 3657 pede
2607 3586 2828 3655 delapsa
2874 3586 3086 3641 vincula
3140 3602 3263 3642 eum
3306 3602 3463 3641 mon-

1907 3686 2111 3735 strasse
2140 3680 2183 3744 ⁷,
2221 3679 2347 3734 inde
2374 3694 2525 3744 vero,
2562 3678 2654 3734 ubi
2683 3678 2802 3750 ejus
2833 3677 3113 3733 tristitiam
3137 3685 3283 3734 esset
3312 3678 3460 3732 sola-

1906 3779 2016 3832 tus.
2054 3772 2221 3841 priori
2262 3772 2430 3827 statui
2464 3772 2652 3842 pedem
2688 3771 3019 3828 restituisse.
3050 3770 3182 3825 Post
3229 3771 3343 3824 haec
3368 3785 3462 3824 co-

1905 3878 2020 3918 ram
2053 3861 2362 3918 Domitiano
2396 3863 2723 3933 imperatore
2758 3877 2979 3917 causam
3011 3861 3302 3925 dicentem,
3332 3876 3457 3916 mox

1902 3955 2130 4011 crimine
2179 3956 2488 4011 absolutum
2534 3955 2745 4019 scribit,
2775 3954 3069 4023 dilutisque
3099 3967 3219 4024 quae
3248 3952 3459 4022 objecta

1906 4046 2119 4100 fuerant
2147 4047 2490 4111 criminibus,
2522 4047 2708 4102 nescio
2740 4045 3010 4116 quomodo
3038 4060 3226 4115 parum
3261 4057 3459 4114 Oppor-

1904 4147 2032 4193 tune
2064 4139 2369 4209 sequentia,
2420 4139 2554 4209 ipsis
2603 4137 2802 4201 verbis,
2852 4137 2905 4191 in
2946 4135 3237 4190 dicasterio
3264 4149 3459 4204 magno

1901 4233 2138 4288 clamore
2162 4233 2452 4303 protulisse
2471 4232 2493 4262 ⁸
2530 4250 2543 4285 :
2586 4249 2604 4281 ι
2642 4229 2749 4285 Fac
2773 4238 2827 4286 et
2851 4230 2981 4284 mibi
3006 4226 3249 4302 [dicenti]
3274 4241 3458 4297 quaeso

1901 4323 2101 4383 locum.
2161 4320 2256 4376 Sin
2310 4323 2513 4384 minus,
2572 4320 2801 4376 immitte
2856 4320 2949 4390 qui
3005 4334 3207 4388 corpus
3256 4316 3459 4373 vinciat

1900 4430 2119 4481 meum;
2177 4412 2616 4484 quandoquidem
2662 4411 2820 4482 ligari
2862 4411 3043 4464 anima
3088 4409 3296 4479 nequit.
3346 4406 3459 4463 lmo

1835 4517 1878 4571 1)
1906 4506 2086 4577 potius
2109 4521 2176 4561 ne
2203 4521 2402 4576 corpus
2431 4505 2648 4575 quidem
2673 4520 2854 4560 meum
2881 4504 3111 4559 vincias.
3158 4520 3179 4555 ι

1905 4616 2015 4672 Nec
2045 4634 2124 4672 me
2152 4619 2289 4673 enim
2334 4617 2556 4683 occides,
2609 4616 2799 4672 Parcis
2832 4633 2911 4671 me
2944 4615 3152 4686 auferre
3192 4624 3452 4686 negatum.

1902 4732 2146 4803 Dumque
2186 4735 2328 4790 istud
2358 4743 2464 4789 tam
2503 4734 2714 4790 celebre
2739 4733 2941 4788 dictum
2975 4731 3260 4802 proferret,
3300 4725 3463 4797 536

1902 4841 1931 4880 e
1956 4826 2250 4881 dicasterio
2282 4842 2405 4881 eum
2438 4826 2771 4897 disparuisse
2798 4824 2894 4879 ait.
2925 4822 3101 4893 Atque
3121 4821 3237 4877 haec
3257 4828 3341 4875 est
3376 4819 3457 4873 fa-

1906 4916 2049 4971 bulae
2074 4917 2194 4986 ejus
2222 4917 2584 4987 catastrophe.

306 5063 328 5094 ⁸
368 5063 461 5143 lib.
495 5077 610 5125 vn,
645 5062 839 5144 μμ.-
893 5063 916 5094 δ
947 5064 1148 5144 li_b.__vn
1171 5107 1185 5130 ,
1222 5081 1272 5120 c.
1308 5066 1393 5120 16.
1427 5068 1492 5144 Αδ
1532 5068 1761 5144 lib.__vn,
1795 5086 1847 5125 c.
1880 5069 2164 5144 ﬁoiadde
2192 5085 2250 5144 ei.
2276 5071 2360 5124 11.
2393 5078 2448 5126 et
2477 5072 2572 5128 lib.
2608 5088 2739 5138 vm,
2774 5088 2824 5127 c.
2857 5071 2926 5137 5,
2959 5084 3119 5141 quem
3156 5068 3335 5124 locum
3362 5066 3451 5122 hic

231 5135 473 5188 maxime
521 5135 719 5202 respici
753 5141 904 5203 puto.
980 5136 1000 5166 ⁸
1038 5135 1132 5189 lib.
1170 5152 1265 5190 vui
1290 5174 1303 5199 ,
1337 5151 1389 5191 c.
1420 5136 1472 5191 6.
1548 5146 1569 5178 ν
1612 5138 1705 5194 lib.
1743 5157 1849 5204 vn,
1884 5157 1934 5196 c.
1970 5141 2059 5196 39.
2137 5141 2159 5172 "
2201 5142 2293 5196 lib.
2328 5157 2462 5207 vm,
2499 5158 2548 5197 c.
2586 5143 2639 5198 5.

307 5248 419 5323 (Si)
460 5249 585 5323 Ῐᾼζε
606 5249 701 5323 δή)
743 5250 1024 5307 Omittitur
1050 5252 1111 5323 δή
1143 5251 1281 5323 apud
1310 5251 1714 5311 Pbilostratum.

305 5318 420 5393 £82)
460 5319 619 5393 Ἥδε.
654 5322 891 5393 Omnino
914 5318 1197 5393 legendum
1226 5322 1318 5393 ἥδε
1348 5339 1412 5377 ex
1437 5323 1787 5389 Philostrato.

230 5388 740 5470 referturqueillud
768 5393 859 5464 ἥδε
880 5388 1054 5470 ad'ea
1091 5408 1209 5462 quae
1243 5388 1616 5470 praecedebant
1650 5397 1792 5470 apud

228 5461 400 5533 istum
436 5461 1000 5533 scriptorem,'quibus
1029 5461 1205 5518 causa:
1234 5461 1426 5518 mutati
1455 5478 1487 5517 a
1513 5465 1666 5520 Dami
1686 5461 1794 5520 ba-

230 5528 384 5583 bitus
414 5528 851 5589 continebantur.

307 5598 417 5669 (8'5)
469 5600 559 5664 Ὠς
577 5603 779 5657 κακίω.
818 5602 1001 5658 Lectio
1034 5601 1333 5658 indubitate
1370 5619 1511 5667 vera,
1544 5613 1604 5658 ut
1640 5620 1794 5660 ηαξνο

232 5668 485 5750 laborent
532 5671 664 5750 editi
696 5675 808 5742 qui.
842 5674 1045 5750 omisso
1072 5674 1166 5737 ὡς,
1197 5674 1395 5729 habent
1423 5675 1640 5750 κακίας.
1673 5674 1791 5731 Με-

232 5738 426 5795 liorem
456 5738 738 5796 lectionem
767 5760 831 5798 ex
867 5741 1191 5799 Philostrato
1218 5738 1612 5800 revocavimus.

308 5808 422 5881 (84)
460 5811 637 5867 Αὐτό.
677 5811 981 5872 Pronomen
1027 5814 1129 5870 hoc
1177 5814 1483 5872 addidimus
1509 5831 1577 5872 ex
1607 5816 1787 5871 Philo-

1890 5264 2085 5314 strato.

1965 5327 2076 5395 (85)
2118 5326 2256 5380 Τίνι.
2299 5324 2495 5380 Notum
2526 5333 2609 5380 est
2634 5326 2777 5397 apud
2800 5326 3013 5397 Graecos
3039 5325 3244 5397 pariter
3263 5338 3326 5377 ac
3346 5320 3446 5397 La-

1892 5394 2037 5451 tinos
2060 5397 2241 5466 dativo
2261 5397 2500 5466 exprimi
2513 5394 2799 5466 personam
2828 5397 2882 5450 in
2915 5394 3073 5463 cujus
3097 5394 3323 5466 gratiam
3346 5394 3451 5466 alio

1893 5467 2023 5537 quid
2056 5469 2130 5520 Iit.
2166 5462 2452 5537 Nempein
2484 5462 2671 5537 Nervae
2692 5466 2919 5536 gratiam
2951 5462 3310 5537 abominanda
3344 5464 3449 5517 ista

1895 5534 2052 5592 sacra
2105 5534 2322 5604 peracta
2373 5536 2543 5590 fuisse
2593 5534 2930 5590 Domitianus
2964 5534 3369 5604 suspicabatur,
3389 5538 3449 5604 ut

1896 5622 1962 5661 ex
1992 5601 2305 5660 Philostrati
2348 5607 2650 5660 clarissime
2690 5614 2903 5660 constat
2940 5601 3183 5659 historia.
3216 5603 3321 5659 Sed
3358 5601 3448 5658 hic

1894 5687 2073 5778 tamen
2103 5677 2264 5778 Etiam
2293 5676 2547 5731 Acciolus
2580 5676 2818 5747 impegit.
2850 5674 2954 5731 Ubi
2985 5691 3115 5732 vero
3136 5688 3245 5731 non
3279 5673 3446 5746 impe-

1932 5746 1970 5798 it
1998 5747 2129 5800 iste?

1894 5762 2097 5887 guésﬁl)e
2113 5762 2337 5871 ἓούλει.
2379 5815 2660 5885 Philostr.,
2695 5818 2910 5890 βούλοιο.
