3936 6208
559 288 656 344 85!

1091 397 1320 455 CAPUT
1359 399 1600 456 XXXIX.

632 511 886 570 Historiae
915 518 1095 566 autem
1123 511 1307 582 ipsius
1342 513 1600 584 scriptor,
1634 512 1761 567 dum
1795 513 2116 568 miraculum

555 607 609 660 in
659 618 880 660 carcere
929 611 1203 674 patratum
1248 606 1504 676 exponit,
1550 606 1696 675 quod
1729 604 1854 660 fuco
1885 606 2114 675 phanta-

558 697 688 762 siae,
720 703 780 749 ut
811 695 1036 751 credere
1065 711 1166 766 par
1195 707 1310 766 est,
1353 697 1532 764 facto,
1571 698 1856 754 familiaris
1891 698 2116 769 spiritus

553 804 654 858 ope
685 786 870 842 Darnis
903 788 1146 855 viderat,
1176 789 1291 844 hate
1319 792 1487 846 verba
1519 791 1797 862 subiungit
1827 792 1847 823 °
1880 807 1892 842 :
1922 809 1940 841 ι
1975 789 2114 846 Tum

553 878 788 947 primum
830 877 1016 934 Darnis
1058 879 1132 934 ait
1175 887 1425 935 naturam
1469 880 1737 950 Apollonii
1799 880 2113 936 accuratius

553 969 942 1039 perspexisse,
983 969 1168 1025 divina
1210 971 1357 1040 quod
1405 973 1511 1034 sit,
1547 980 1601 1027 et
1635 972 1869 1027 humana
1915 972 2116 1042 major.

559 1055 744 1128 Neque
786 1059 928 1113 enim
973 1073 1130 1114 sacra
1174 1060 1284 1113 ulla
1328 1061 1620 1114 obeuntem
1703 1058 1827 1130 (qui
1869 1058 2012 1114 enim
2054 1058 2110 1111 in

555 1164 779 1204 carcere
832 1149 1213 1221 potuisse”),
1243 1165 1417 1220 neque
1463 1151 1866 1220 precationibus
1915 1166 2110 1216 usum,

549 1257 725 1312 neque
775 1243 1001 1297 verbum
1053 1240 1416 1313 proferentem
1464 1242 1669 1304 ullum,
1712 1241 1933 1311 pedicas
1976 1256 2111 1296 con-

549 1335 776 1404 temptui
822 1333 1123 1390 habuisse:
1167 1348 1473 1404 rursusque
1515 1348 1677 1388 crure
1712 1333 1821 1388 illis
1849 1334 2097 1398 inserto,

550 1432 609 1476 ut
652 1423 888 1478 vinculis
929 1423 1024 1493 qui
1059 1429 1204 1478 esset
1237 1423 1570 1477 constrictus
1591 1463 1604 1485 ,
1638 1437 1760 1478 sese
1791 1421 2044 1492 gessisse.
2081 1438 2100 1472 ι

549 1512 662 1582 Ego
718 1528 848 1568 vero
897 1513 1030 1569 vitio
1086 1520 1295 1568 vertere
1341 1511 1559 1582 quidem
1613 1511 1883 1581 discipulo
1937 1509 2105 1564 nolim

549 1603 857 1660 tarditatem
903 1619 1093 1672 suam,
1139 1604 1285 1674 quod
1317 1619 1477 1659 omne
1506 1618 1629 1657 cum
1669 1618 1734 1658 eo
1779 1617 2105 1658 consumens

547 1711 748 1761 arvum,
777 1703 831 1751 et
862 1696 1366 1766 superstitiosorum
1395 1694 1757 1765 quorumdam
1791 1694 1989 1748 rituum
2019 1693 2103 1746 in-

549 1796 795 1843 terventu
835 1788 1104 1842 mirabilia
1138 1803 1261 1842 eum
1301 1795 1515 1858 patrare
1548 1785 1740 1842 videns
1761 1825 1776 1849 ,
1812 1786 1947 1839 nihil
1979 1777 2104 1839 eum

546 1881 759 1935 mortali
793 1889 1052 1950 prazstare
1079 1888 1275 1934 natura
1313 1879 1659 1933 existimarit.
1691 1881 1758 1931 At
1786 1893 1916 1933 vero
1943 1878 2104 1932 etiam

543 1981 668 2044 post
721 1981 1114 2044 tantum‘Opns
1156 1979 1467 2041 patratum,
1513 1972 1692 2041 qualis
1737 1971 1827 2026 ille
1871 1972 2100 2033 existat,

544 2066 795 2137 ignorat:
827 2074 917 2131 et,
961 2078 1019 2122 ut
1062 2066 1144 2122 fas
1193 2065 1264 2122 sit
1309 2065 1614 2136 ignoranti,
1645 2065 1715 2120 ob
1745 2065 1921 2135 ipsum
1953 2064 2104 2134 angi-

543 2169 651 2223 tur,
683 2168 842 2233 atque
867 2163 1054 2231 timet,
1084 2162 1307 2233 perinde
1335 2177 1398 2215 ac
1427 2161 1472 2216 si
1503 2164 1664 2215 homo
1690 2161 1760 2216 sit
1791 2159 1969 2214 nudus
1990 2199 2004 2223 ,
2035 2173 2103 2212 ne

541 2254 670 2322 quid
697 2255 782 2318 ei,
812 2254 956 2324 quod
986 2255 1210 2310 minime
1235 2253 1400 2320 velit,
1431 2254 1668 2310 eveniat.
1701 2251 1872 2306 Porro
1897 2252 1943 2306 si
1979 2257 2102 2318 post

541 2348 752 2416 longam
789 2344 924 2400 adeo
954 2344 1426 2415 conversationem
1454 2343 1671 2398 demum
1702 2341 1944 2397 divinum
1975 2355 2098 2395 eum

538 2452 694 2500 esse,
723 2442 778 2491 et
804 2436 1236 2499 excellentioris,
1270 2450 1431 2505 quam
1465 2434 1699 2488 humana
1727 2433 1829 2496 sit,
1864 2430 2096 2494 indolis,

539 2527 802 2582 intellexit
829 2545 844 2592 ;
877 2527 994 2596 ejus
1026 2528 1102 2582 rei
1135 2527 1272 2582 ratio
1299 2533 1538 2581 uteretur
1567 2524 1903 2586 examinari,
1935 2537 2097 2592 quam

537 2621 655 2689 ipse
703 2619 939 2687 scriptor
991 2619 1080 2672 ille
1132 2617 1342 2672 indicat
1392 2617 1580 2672 dicens
1612 2636 1624 2670 :
1656 2636 1673 2666 ι
1707 2613 1890 2684 Neque
1943 2626 2096 2666 sacra

535 2713 823 2766 obeuntem
866 2725 989 2764 eum
1038 2710 1183 2773 ulla,
1230 2725 1406 2778 neque
1445 2706 1853 2777 precationibus
1894 2720 2091 2767 usum,

537 2817 711 2872 neque
747 2801 933 2855 arcani
971 2800 1264 2870 quidquam
1303 2802 1678 2855 mussitantem
1710 2820 1728 2850 ι
1757 2797 1948 2852 Damin
1985 2797 2088 2851 mi-

536 2895 780 2949 raculum
811 2894 957 2950 istud
991 2903 1206 2965 patrare
1233 2894 1457 2948 vidisse.
1485 2893 1654 2947 Antea
1687 2893 1850 2962 igitur
1881 2899 2092 2960 patrata

535 3003 634 3059 per
674 2987 914 3058 magicas
959 2994 1106 3043 artes
1147 2986 1410 3056 quasdam
1451 2985 1518 3038 ab
1555 2985 1841 3055 Apollonio
1869 2993 2091 3054 peracta

535 3082 714 3145 fuere,
749 3090 1148 3152 proptereaque
1189 3094 1368 3148 neque
1406 3077 1754 3147 obstupuisse
1780 3093 1874 3138 ea,
1910 3093 2088 3147 neque
2114 3105 2160 3166 ο

532 3175 858 3232 admiratum
890 3187 1011 3227 esse
1037 3171 1230 3225 Damin
1261 3169 1404 3242 [ait].
1453 3169 1642 3224 Merito
1673 3179 1850 3225 autem
1885 3167 1968 3240 [ut
1996 3169 2088 3222 ad-

531 3263 842 3336 miraretur]
875 3279 1018 3318 nunc
1045 3263 1278 3334 primum
1311 3264 1360 3318 ei
1391 3262 1606 3327 evenit,
1634 3259 1778 3328 quod
1806 3260 2084 3314 insolitum

531 3356 663 3423 quid
711 3356 780 3410 ab
821 3355 1109 3425 Apollonio
1157 3362 1211 3408 et
1261 3362 1458 3424 prteter
1501 3367 1708 3407 morem
1757 3350 2088 3406 eﬂiceretur.

529 3448 683 3513 Quod
732 3455 910 3501 autem
947 3445 1255 3518 [objectum
1287 3439 1535 3517 Damidi]
1569 3443 1772 3514 pedica:
1799 3451 2086 3513 spectacu-

531 3541 638 3592 lum
688 3539 914 3602 attinet,
959 3537 1378 3606 discessumque
1418 3551 1484 3590 ex
1531 3534 1857 3597 dicasterio,
1907 3532 2091 3602 ipsius.

527 3646 588 3684 ea
627 3631 695 3684 de
734 3645 792 3685 re
828 3628 1096 3698 Apollonii
1133 3627 1198 3682 ad
1230 3627 1592 3681 Domitianum
1625 3640 1905 3680 sermones
1933 3623 2084 3677 haud

527 3721 728 3776 invitus
759 3734 1048 3791 apponam.
1077 3715 1326 3773 Vinculis
1371 3717 1516 3772 enim
1564 3731 1688 3771 cum
1740 3715 1892 3770 illum
1924 3714 2080 3785 ligari

524 3815 818 3882 imperator
839 3811 1127 3881 iussisset,
1157 3810 1362 3880 Optimo
1392 3808 1808 3877 argumentandi
1836 3822 1975 3862 nexu
2007 3808 2082 3860 ita

522 3904 841 3974 Apollonius
863 3911 1148 3974 argutatus
1194 3903 1295 3957 fuit
1326 3902 1369 3935 ¹⁰
1395 3921 1408 3957 :
1443 3919 1462 3952 ι
1495 3899 1551 3956 Si
1599 3916 1814 3971 magum
1845 3915 1929 3954 me
1959 3914 2082 3954 esse

521 3997 841 4062 arbitraris,
893 4010 1128 4064 quanam
1180 3997 1390 4050 ratione
1438 3993 1692 4048 vincies?
1731 3991 1825 4047 Sin
1872 3992 2080 4046 vincire

519 4105 604 4145 me
634 4091 872 4161 poteris,
903 4089 1174 4161 quomodo
1215 4104 1337 4144 esse
1380 4102 1595 4158 magum
1635 4084 1894 4156 putabis?
1925 4103 1941 4134 ι
1975 4081 2079 4138 Sed

517 4196 790 4251 opponere
831 4182 935 4252 ipsi
968 4182 1071 4236 hoc
1117 4181 1275 4235 modo
1306 4178 1504 4247 aliquis
1545 4187 1747 4248 posset,
1793 4175 2078 4231 occasione

515 4289 580 4326 ex
609 4273 729 4328 istis
753 4281 973 4344 accepta
1000 4293 1012 4327 :
1046 4271 1102 4326 Si
1135 4280 1192 4326 tu
1222 4287 1411 4341 magus
1437 4285 1544 4324 non
1573 4286 1650 4333 es,
1680 4268 1953 4339 quomodo
1979 4267 2075 4335 tibi

514 4374 645 4412 crus
671 4372 754 4415 est
779 4362 1018 4416 solutum
1040 4361 1151 4414 ?At
1182 4361 1228 4416 si
1258 4360 1494 4415 solutum
1518 4367 1632 4423 est,
1666 4358 1938 4429 quomodo
1967 4371 2074 4412 non

513 4468 574 4507 es
600 4453 830 4523 magus?
857 4452 1024 4523 Sique
1046 4453 1182 4509 adeo
1206 4469 1271 4509 eo
1297 4452 1442 4524 quod
1469 4453 1522 4507 in
1551 4452 1763 4507 vincula
1793 4467 1849 4506 se
1876 4450 2074 4520 conjici

1169 271 1455 340 .EUSEBII
1487 281 1965 340 CESARIENSIS
1993 283 2145 340 OPP.
2178 281 2358 339 PARS
2395 283 2462 340 ll.
2499 314 2572 326 —
2606 281 3101 341 APOLOGETICA.
3605 291 3673 348 85!

2149 407 2198 463 Α

2730 403 3122 456 ΚΕΦΑΛἉΙΟΝ
3157 401 3278 457 ΛΘν.

2300 516 2358 569 '0
2388 515 2485 587 μὲν
2512 511 2603 569 οὗν
2642 519 2984 587 συγγραφεὺς
3004 517 3100 569 ἐπὶ
3127 516 3221 570 τοῦ
3252 518 3381 570 κατὰ
3402 517 3456 570 τὸ
3473 518 3679 593 δεσμωτη-

2219 625 2332 678 ριον
2357 608 2648 679 θαύματος,
2683 609 2823 662 κατά
2855 609 3178 678 φαντασίαν,
3203 610 3276 674 ὡς
3297 609 3472 674 ἔοικεν,
3506 612 3586 664 ὑπὸ
3611 615 3680 665 τοῦ

2219 698 2484 770 παρέδρου
2510 699 2759 770 δαίμονος
2802 699 2879 770 τῷ
2917 699 3108 770 Δάμιδι
3147 701 3474 771 ἐωραμένου,
3495 702 3680 773 ἐπιφέρει

2214 789 2382 858 λέγων
2401 807 2414 818 θ
2441 809 2459 841 ι
2488 791 2620 843 Τότε
2665 789 2876 860 πρῶτον
2905 791 2935 842 ὁ
2962 791 3133 860 Δάμις
3171 791 3327 859 φησιν
3361 791 3561 862 ἀκριϐῶς
3595 791 3678 855 ξυν-

2210 887 2349 937 εῖναι
2386 883 2484 953 τῆς
2518 882 2869 935 Ἀπολλωνίου
2911 881 3150 951 φύσεως,
3196 883 3274 935 ὅτι
3312 882 3420 935 θεία
3445 900 3494 935 τε
3528 883 3592 954 εἴη
3612 885 3678 936 καὶ

2214 977 2472 1048 κρείττων
2501 975 2803 1047 ἀνθρώπου.
2835 975 2920 1046 Μὴ
2945 976 3054 1046 γὰρ
3093 973 3326 1027 θύσαντα
3367 991 3416 1026 τι
3450 974 3536 1042 (87)
3576 975 3678 1042 (πῶς

2212 1068 2320 1138 γὰρ
2342 1069 2398 1120 ὲν
2426 1067 2776 1138 δεσμωτηρίῳ
2794 1066 2855 1137 ;),
2888 1066 3019 1136 μηδὲ
3051 1065 3361 1136 εὐξάμενον,
3386 1065 3500 1136 μηδέ
3517 1065 3682 1117 εἰπόντα

2211 1175 2282 1223 τι,
2311 1158 2674 1227 καταγελάσαι
2697 1157 2790 1210 τοῦ
2828 1155 3026 1228 δεσμοῦ
3046 1197 3061 1219 ,
3095 1158 3189 1209 καὶ
3221 1156 3552 1228 ὲναρμόσαντα
3575 1156 3682 1224 αὐτῷ

2208 1249 2268 1302 τὸ
2296 1250 2487 1313 σκέλος
2518 1249 2586 1302 τὰ
2619 1248 2713 1301 τοῦ
2755 1247 3030 1318 δεδεμένου
3061 1248 3332 1319 πράττειν.
3362 1266 3378 1297 ι
3413 1245 3532 1314 Ἐγὼ
3555 1245 3679 1300 δὲοΰο

2210 1341 2325 1403 ποτ’
2351 1339 2419 1392 ἂν
2449 1339 2774 1408 καταγνοίην
2818 1337 3119 1408 βραδύτητα
3148 1335 3242 1388 τοῦ
3287 1335 3530 1406 φοιτητοῦ,
3553 1338 3589 1388 εί
3620 1335 3682 1387 τὸν

2209 1431 2386 1482 πάντα
2425 1429 2538 1500 βίον
2586 1428 2755 1482 συνὼν
2789 1427 2966 1499 αὐτῷ,
3006 1429 3099 1481 καὶ
3138 1427 3225 1480 διά
3266 1443 3416 1479 τινων
3449 1426 3680 1496 περιέργων

2206 1519 2344 1592 ὀρῶν
2373 1521 2533 1594 αὐτὸν
2569 1520 2930 1574 ἀποτελοῦντα
2957 1520 3024 1573 τά
3067 1518 3356 1590 παράδοξα,
3387 1519 3518 1571 οὐδέν
3544 1536 3583 1569 τι
3605 1518 3683 1569 δια-

2207 1611 2390 1680 φέρειν
2444 1595 2607 1664 αὐτὸν
2642 1612 2822 1681 ἡγεῖτο
2851 1612 2948 1680 τῆς
2988 1609 3184 1680 θνητῆς
3230 1609 3444 1678 φύσεως.
3490 1607 3597 1658 Ἀλλ’
3627 1607 3681 1659 ἔτι

2208 1702 2302 1755 καὶ
2329 1701 2422 1754 νῦν
2453 1701 2590 1772 μετά
2623 1702 2888 1772 τοσαύτην
2916 1701 3352 1772 θαυματουργίαν
3373 1699 3436 1752 τά
3455 1701 3553 1751 κατ’
3572 1699 3684 1751 αὑτὸν

2205 1792 2418 1860 ἀγνοεῖ·
2459 1793 2681 1856 εἰκότως
2705 1793 2761 1845 δὲ
2800 1793 3005 1862 ἀγωνιᾷ
3047 1791 3140 1845 καὶ
3180 1791 3315 1844 δέδιε
3342 1790 3461 1860 (88),
3496 1791 3556 1851 ὡς
3587 1789 3684 1858 ὑπὲρ

2203 1883 2508 1954 ἀνθρώπου,
2546 1887 2617 1957 μή
2654 1903 2705 1938 τι
2753 1885 2912 1938 πάθοι
2958 1885 3108 1956 παρά
3149 1884 3471 1955 προαίρεσιν.
3495 1881 3609 1934 Εἰδὲ
3641 1879 3688 1950 δὴ

2202 1974 2415 2044 πρῶτον
2444 1975 2565 2044 ἄρτι
2604 1975 2743 2046 μετά
2782 1976 2881 2045 τὴν
2913 1975 3179 2044 τοσαύτην
3219 1973 3478 2045 διατριΰὴν
3499 2012 3511 2036 ,
3545 1973 3607 2024 ὅτι
3641 1969 3686 2039 δὴ

2202 2062 2342 2126 θεῖος
2367 2063 2450 2134 εἴη
2494 2064 2586 2116 καὶ
2633 2065 2939 2134 κρείττονος
2969 2063 3254 2136 ἀνθρώπου
3291 2065 3504 2133 φύσεως,
3534 2061 3687 2131 ξυνίησι

2199 2156 2295 2228 τὴν
2321 2157 2506 2210 τούτου
2530 2158 2754 2223 ξυνιδεῖν
2779 2158 2925 2223 ἀξιον
2961 2159 3161 2224 αἰτίαν,
3187 2163 3253 2232 ἣν
3281 2161 3428 2222 αὐτὸς
3459 2163 3484 2213 ὁ
3513 2175 3689 2228 συγγρα-

2199 2253 2331 2320 φεὺς
2356 2251 2504 2322 δηλοῖ
2532 2252 2701 2320 λέγων
2719 2269 2732 2281 ·
2768 2271 2786 2302 ι
2811 2252 2903 2324 Μὴ
2936 2253 3042 2324 γὰρ
3073 2253 3310 2308 θύσαντά
3332 2271 3401 2317 τι,
3431 2253 3543 2324 μηδὲ
3572 2253 3690 2303 ἑπευ-

2199 2342 2458 2412 ξάμενον,
2508 2343 2640 2413 μηδέ
2685 2361 2737 2396 τι
2783 2344 2889 2396 τῶν
2936 2345 3262 2416 ἀπορρήτων
3305 2344 3561 2416 εἰρηκότα,
3598 2361 3611 2392 ι
3648 2340 3688 2391 τὸ

2197 2435 2494 2506 παράδοξον
2526 2437 2654 2490 ἰδεῖν
2679 2438 2839 2492 αὑτὸν
2881 2440 3239 2508 πεποιηκότα.
3283 2438 3477 2493 Οὐκοῦν
3509 2437 3566 2488 τὰ
3597 2433 3689 2504 πρό-

2195 2544 2349 2600 τερον
2371 2527 2458 2581 διὰ
2499 2529 2792 2600 περιέργου
2827 2531 3073 2601 μηχανῆς
3097 2530 3331 2584 ἐτελεῖτο
3352 2529 3424 2600 τῷ
3455 2527 3605 2598 ἀνδρῦ
3634 2524 3690 2576 διὸ

2197 2619 2330 2690 μηδὲ
2360 2618 2828 2689 καταπλήττεσθαι
2863 2619 3003 2671 αύτά
3035 2621 3170 2690 μηδὲ
3209 2619 3492 2692 θαυμάζειν
3520 2618 3592 2670 τὸν
3618 2615 3689 2666 Δά-

2197 2728 2309 2780 μιν.
2333 2711 2571 2776 Είκότως
2598 2711 2652 2764 δὲ
2675 2711 2770 2765 νῦν
2792 2711 2949 2764 τοῦτο
2969 2712 3188 2784 πρῶτον
3212 2711 3558 2774 πέπονθεν,ὡς
3581 2709 3688 2771 ξένου

2191 2800 2332 2863 τινὸς
2347 2801 2614 2854 ὑπἀὐτοῦ
2637 2803 2783 2873 παρά
2799 2801 2866 2854 τά
2889 2802 3089 2873 συνήθη
3111 2795 3687 2874 διαπεπραγμέωυ.Πρδς

2190 2891 2250 2945 τὸ
2268 2893 2472 2963 δειχθὲν
2497 2895 2552 2948 δὲ
2568 2895 2660 2948 τοῦ
2683 2895 2880 2966 δεσμοῦ
2905 2896 3116 2965 φάσμα,
3133 2897 3231 2948 καὶ
3250 2896 3346 2967 τὴν
3369 2895 3466 2948 ἀπὸ
3482 2891 3560 2944 τοῦ
3580 2891 3688 2942 δικα-

2194 2987 2412 3056 στηρίου
2440 2987 2805 3060 ἀναχώρησιν,
2837 2989 2936 3052 τὰς
2964 2989 3102 3060 πρὸς
3131 2986 3447 3060 Δομετιανὸν
3471 2977 3687 3038 αὐτοῦτοῦ

2204 3077 2554 3132 Ἀπολλωνίου
2581 3081 2761 3148 φωνὰς
2789 3080 3136 3151 παραθείμην
3184 3081 3270 3135 ἄν.
3308 3080 3515 3149 Δεσμοῖς
3549 3075 3688 3142 γάρτοι

2193 3171 2354 3223 αὐτὸν
2375 3171 2738 3243 παραδοθῆναι
2772 3173 3172 3245 προστάξαντος
3212 3171 3484 3243 βασιλέως,
3516 3167 3626 3220 πᾶν)
3643 3177 3685 3228 τε

2194 3261 2496 3324 ἀκολούθως
2522 3264 2552 3314 ό
2583 3264 2932 3328 Ἀπολλώνιος
2962 3263 3340 3332 συνελογίσατο
3359 3260 3452 3314 ὡδί
3474 3253 3687 3320 πωςοσῖῐ

2169 3325 2294 3425 ⁵μὲν
2317 3355 2487 3424 γόητά
2513 3372 2578 3425 με
2620 3359 2748 3427 ἡγῇ,
2793 3325 2925 3421 πῶς-
2945 3359 3128 3428 δήσεις
3147 3325 3172 3421 ;’
3204 3357 3252 3409 εξ
3291 3355 3347 3408 δὲ
3386 3353 3569 3425 δήσεις,
3606 3343 3687 3404 πῶς

2191 3446 2360 3516 γόητα
2404 3445 2540 3501 εἶναι
2584 3451 2806 3520 φήσεις;
2842 3470 2860 3502 ι
2917 3449 3286 3521 Ἀντικρούσει
3318 3445 3440 3516 γοῦν
3483 3438 3604 3509 αὐτῷ
3631 3451 3688 3492 τις

2189 3536 2285 3590 ὡδί
2331 3556 2465 3604 πως,
2508 3541 2572 3594 ἐκ
2603 3540 2808 3594 τούτων
2852 3540 3198 3613 ὁρμώμενος-δ
3251 3541 3314 3593 Ei
3354 3538 3443 3610 μὲν
3481 3534 3534 3586 οὐ
3573 3527 3684 3596 γόηςν

2191 3626 2308 3690 πῶς
2339 3627 2552 3681 λέλυταί
2597 3646 2690 3682 σου
2723 3631 2784 3682 τὸ
2813 3631 3036 3695 σκέλος;
3077 3632 3124 3682 εί
3151 3629 3210 3682 δὲ
3254 3628 3488 3688 λέλυται,
3525 3619 3615 3680 πῶς
3643 3613 3684 3666 οὗ

2189 3718 2350 3790 γόης;
2389 3721 2497 3774 Καὶ
2535 3723 2586 3774 εἰ.
2617 3722 2694 3793 τῷ
2721 3722 3008 3794 ὑπομεῖναι
3046 3721 3138 3775 τὸν
3167 3721 3363 3792 δεσμὸν
3394 3717 3450 3771 οὐ
3481 3713 3604 3784 γόης.
3631 3704 3684 3772 τῷ

2192 3809 2266 3881 μὴ
2312 3811 2633 3882 ὑπομεῖναι,
2669 3813 2787 3866 κατ’
2823 3814 3013 3878 αὑτὸν,
3072 3813 3417 3884 ὡμολόγηται
3448 3809 3576 3880 γόης.
3609 3800 3685 3856 Καὶ

2187 3899 2253 3955 αὖ
2297 3903 2495 3968 πάλιν,
2543 3907 2591 3958 εί
2640 3905 2941 3976 ὑπομείνας
3001 3905 3062 3958 τὸ
3097 3905 3440 3976 δικαστήριον
3485 3901 3536 3953 οὐ
3573 3895 3684 3963 γόης,

2185 3993 2262 4064 τῷ
2287 3994 2343 4046 δὲ
2369 3995 2649 4066 διαδρᾶναι
2673 3995 2850 4060 τοῦτο,
2877 3998 2970 4050 καὶ
3003 3999 3128 4060 τοὺς
3157 3998 3296 4067 ἀμφ’
3323 3995 3474 4049 αὑτὸν
3499 3984 3684 4062 βασιλέα,

2184 4084 2324 4151 λέγω
2354 4086 2446 4138 καὶ
2479 4086 2604 4148 τοὺς
2639 4087 2696 4138 ὲν
2723 4085 2906 4156 κύκλῳ
2941 4082 3301 4156 δορυφόρους,
3343 4079 3512 4150 σαφῶς
3543 4068 3685 4127 ἐναπέυ

2182 4194 2350 4247 φηνεν
2383 4178 2517 4248 (86°)
2549 4178 2576 4229 ὁ
2597 4177 2747 4250 γόης.
2771 4176 2949 4239 Ὅθεν,
2993 4180 3081 4247 μοι
3103 4176 3270 4239 δοκῶ,
3296 4161 3683 4246 συνῃσθημένοςά

2180 4268 2354 4337 λόγος,
2384 4269 2674 4342 θεραπεύει
2712 4271 2773 4324 τὸ
2801 4272 3050 4340 γεγονὸς,
3079 4271 3156 4334 ὡς
3187 4270 3255 4342 δὴ
3278 4270 3402 4323 ἄνευ
3429 4260 3598 4319 θυσιῶν
3617 4253 3682 4307 καὶ

2179 4361 2402 4432 ἐπῳδῶν
2422 4363 2642 4434 ἀρρήτῳ
2670 4365 2777 4416 τινὶ
2811 4365 2901 4417 καὶ
2928 4365 3067 4435 ὑπὲρ
3085 4363 3370 4433 ἄνθρωπον
3400 4359 3588 4426 δυνάμει
3615 4342 3681 4402 τοῦ

2179 4452 2479 4523 παραδόξου
2503 4453 2817 4523 πεφηνότος.

513 4545 588 4600 sit
631 4562 850 4616 passus,
895 4562 1086 4619 magus
1127 4564 1234 4603 non
1277 4563 1401 4604 esse
1440 4546 1730 4609 evincitur,
1755 4539 1912 4612 537
1937 4551 2037 4604 hoc
2076 4543 2195 4616 ipso
2231 4547 2374 4616 quod
2415 4548 2628 4602 vincula
2676 4549 2861 4612 exuit,
2905 4564 3119 4618 magum
3167 4565 3293 4605 eum
3323 4544 3527 4619 proprio
3565 4533 3678 4593 clla”

511 4655 664 4707 esse,
696 4642 753 4697 in
782 4640 1038 4697 confesso
1065 4643 1188 4698 erit.
1222 4642 1287 4697 Et
1315 4642 1556 4699 vicissim
1578 4682 1592 4707 ,
1625 4641 1669 4698 si
1697 4657 1760 4696 ex
1791 4655 1876 4706 eo,
1911 4640 2054 4711 quod
2089 4642 2297 4710 judicio
2323 4659 2382 4698 se
2424 4644 2707 4709 submisit,
2737 4660 2950 4714 magum
2977 4661 3085 4699 non
3135 4661 3264 4701 esse
3323 4651 3492 4715 patet;
3517 4640 3562 4692 in
3606 4633 3676 4683 hoc

509 4739 631 4809 ipso
662 4746 812 4796 certe
839 4739 984 4811 quod
1018 4756 1085 4794 ex
1119 4755 1185 4795 eo
1215 4755 1334 4796 sese
1361 4738 1662 4810 surripuit,
1697 4738 1908 4808 ipsique
1940 4737 2251 4807 imperatori
2316 4754 2376 4795 se
2437 4739 2729 4806 subduxit,
2794 4739 2933 4794 addo
2964 4749 3016 4794 et
3044 4740 3376 4810 stipantibus
3433 4747 3540 4790 eum
3591 4733 3676 4779 αὕτ’

507 4834 660 4903 poris
692 4835 1012 4892 custodibus
1035 4876 1050 4900 ,
1085 4835 1394 4889 luculenter
1424 4849 1546 4890 sese
1571 4831 1814 4904 prodidit
1843 4847 2052 4902 magus.
2095 4832 2458 4898 Quamobrem
2478 4875 2493 4898 ,
2523 4844 2585 4889 ut
2618 4835 2748 4888 mihi
2782 4835 3019 4898 videtur,
3050 4836 3166 4905 ipsa
3234 4827 3538 4888 Philostrati
3585 4830 3673 4916 οτξσ

505 4923 619 4987 tio,
651 4924 779 4978 dum
807 4939 927 4978 eam
992 4939 1106 4980 rem
1175 4924 1588 4988 animadvertit,
1641 4923 1785 4978 facto
1851 4923 1927 4977 illi
1962 4923 2282 4978 medicinam
2325 4933 2519 4994 parat,
2571 4923 2884 4998 [referens]
2939 4925 3082 4996 quod
3132 4927 3302 4982 nullis
3352 4922 3506 4980 obitis
3547 4918 3673 4970 sacrlt

506 5017 998 5088 incantamentisve
1065 5016 1358 5082 adhibitis,
1412 5018 1622 5072 occulta
1654 5014 1889 5087 quadam
1949 5023 2005 5070 et
2052 5015 2343 5070 humanam
2407 5017 2640 5072 indolem
2671 5025 2962 5089 superante
2986 5019 3224 5083 virtute,
3259 5013 3557 5072 miraculum
3581 5004 3673 5058 δοισ

502 5122 567 5164 ce
593 5116 868 5180 patratum
901 5109 1086 5165 fuerit.

570 5225 592 5257 ’
628 5225 723 5280 lib.
758 5240 862 5290 νη,
896 5239 946 5280 c.
983 5225 1072 5286 '58.
1150 5227 1195 5259 ¹⁹
1237 5225 1333 5281 lib.
1375 5240 1449 5279 vn
1477 5267 1495 5292 ,
1527 5241 1577 5280 c.
1612 5225 1701 5280 54.

568 5315 680 5386 (87)
717 5317 996 5374 Otium-td
1029 5336 1102 5374 τι.
1142 5317 1243 5389 Ap.
1279 5316 1538 5389 Philostr.
1575 5317 1690 5389 hoc
1730 5317 1850 5372 loco
1897 5314 2065 5371 omis-

2190 5305 2560 5389 )am.idis,isla
2605 5306 2902 5389 occasione
2945 5305 3364 5389 natmnrninime
3412 5297 3665 5389 conveni]?

500 5401 621 5439 sum
653 5397 738 5461 est
765 5389 838 5461 τί,
871 5399 930 5442 ut
961 5397 1015 5445 et
1044 5405 1169 5446 mox
1192 5387 1342 5461 'post
1389 5387 1629 5442 εἰπόντα.
1663 5387 1891 5442 Ponitur
1936 5401 2064 5441 vero

502 5463 624 5530 post
632 5457 973 5530 λεύξάμενονέ

569 5525 680 5596 (88)
733 5525 968 5596 Ἀλινωνιᾷ
993 5531 1090 5584 καὶ
1119 5529 1294 5585 δέδιε.
1336 5528 1794 5586 Contradictionis
1840 5531 2066 5585 convin-

495 5608 623 5674 cere
652 5597 1050 5674 Philostratuni
1091 5602 1242 5674 cupit
1268 5601 1370 5674 hoc
1399 5609 1758 5674 argumento,
1777 5603 1918 5671 quod
1955 5601 2063 5656 Da-

497 5665 697 5741 tnidetn
753 5667 898 5741 dicat
941 5665 1202 5741 indicium
1251 5665 1557 5741 divinitatis
1589 5665 1823 5740 Apollini
1849 5675 2061 5741 cepisse

495 5750 563 5796 ex
591 5735 724 5805 pede
755 5737 984 5791 vinculis
1014 5747 1206 5809 sponte
1241 5740 1438 5798 soluto.
1471 5739 1605 5798 Nam
1637 5735 1771 5795 huic
1817 5735 2059 5814 opinioni

2167 5377 2311 5446 quod
2345 5363 2531 5447 postea
2550 5379 2690 5446 apud
2725 5363 3335 5440 Demetriumflibmm,
3370 5390 3482 5447 cap.
3509 5372 3578 5428 ll.
3605 5363 3666 5420 Ην

2165 5445 2521 5517 ἱῂεὶυεόειρίιὶ
2550 5454 2770 5512 metuat,
2804 5447 3028 5516 perinde
3060 5462 3123 5500 ac
3156 5447 3204 5502 si
3236 5447 3412 5500 nudus
3445 5445 3580 5517 homo
3603 5447 3667 5517 ea:

2167 5514 2270 5580 s'et,
2303 5517 2369 5571 de
2401 5532 2511 5585 quo
2545 5519 2746 5570 nullam
2782 5514 3004 5573 haberet
3051 5532 3280 5588 prorsus
3331 5514 3669 5575 excellentium

2165 5596 2375 5642 natura:
2403 5588 2737 5655 opinionem.

2235 5658 2364 5731 (88')
2401 5657 2826 5726 Ἐναπέερηνεν.
2859 5657 3017 5715 Forte
3043 5660 3276 5730 ἀναπὲφ.
3309 5658 3460 5716 Ent'r.
