3890 6198
202 234 309 290 855
1329 226 1530 283 LIBER
1560 224 1839 285 CONTRA
1877 221 2291 282 HIEROCLEM.
3340 215 3443 273 856

733 346 1121 402 ΚΕΦΑΛΑΙΟΝ
1158 350 1246 402 Μ’.
1802 354 1848 409 Α

1802 354 1848 409 Α
2466 335 2695 393 CAPUT
2735 333 2848 390 XL.-

283 442 443 497 Ἀλλά
484 442 596 515 γὰρ
639 443 738 496 οὑκ
791 445 849 504 ἐς
896 441 1111 512 μακρὰν
1155 436 1308 504 αὖθις
1358 441 1386 493 6
1427 440 1526 510 τῆς
1572 439 1784 509 φύσεως

1958 432 2157 487 Verum
2197 444 2392 485 rursus
2439 444 2549 483 non
2594 426 2671 480 ita
2712 426 2883 481 multo
2924 434 3048 496 post
3080 431 3292 479 natura:
3325 422 3444 493 ejus

209 535 584 609 παραϐήσεται
632 534 872 605 ἔλεγχος.
910 534 1117 587 Αὐτίκα
1148 535 1257 605 γάρ
1293 549 1436 599 τινος
1468 532 1745 586 ἐπιστάντε

1913 525 2047 580 uobis
2099 521 2535 593 suppeditabitur
2576 525 2953 589 argumentum
2989 518 3055 571 ι’.
3089 517 3226 573 Cum
3260 533 3325 571 ex
3362 518 3449 571 in~

198 607 383 701 αὐτῷ,
422 628 519 681 καὶ
566 627 837 699 φήσαντος
860 643 874 658 ο
924 644 943 678 ι
980 626 1194 696 ’Δφίησί
1229 642 1316 691 σε,
1359 620 1403 678 ὦ
1440 624 1731 677 Ἀπολλώνι

1914 624 2103 687 perato
2118 614 2263 667 enim
2294 611 2357 667 ad
2388 626 2513 667 eum
2546 608 2833 663 accederet
2863 623 2973 662 non
2995 622 3178 671 nemo,
3210 607 3446 661 diceret-

194 698 429 777 τουτωνὶ
482 720 595 775 τῶν
658 720 870 791 δεσμῶν
912 722 942 773 6
993 719 1285 790 βασιλεὺς,
1342 720 1435 772 καὶ
1503 718 1730 789 ὲλεύθερ

1912 725 1988 780 [ue
2021 728 2035 764 :
2071 725 2091 759 ι
2116 705 2278 761 Hisce
2306 711 2359 757 te
2390 701 2657 767 vinculis,
2699 715 2732 754 o
2757 699 3044 770 Apolloni,
3087 699 3251 753 eximi
3290 698 3448 768 jubet

197 814 575 886 δεσμωτήριον
606 790 878 883 συγχωρεῖ
897 814 1084 877 οἰκεῖν,
1123 831 1140 863 ι
1167 814 1195 865 6
1220 812 1481 883 κρείττων
1509 810 1543 882 ἢ
1573 810 1733 881 ἀνθρο

1904 808 2198 870 mperator,
2253 803 2421 865 utque
2479 793 2535 846 in
2569 792 2821 846 liberiore
2846 804 3069 845 carcere
3107 790 3272 861 degas
3311 804 3439 860 per-

207 922 322 969 mg,
352 906 449 959 καὶ
476 905 583 958 τῶν
612 904 911 976 μελλόντων
939 902 1323 974 προγνὼστης,

1901 894 2081 960 nillil;
2107 911 2125 943 ι
2158 898 2272 944 tum
2316 889 2456 942 ultra
2498 884 2778 940 hominum
2822 892 3026 940 sortem
3069 885 3282 954 positus
3321 882 3437 947 ille,

1882 984 2294 1052 futurorumque
2324 987 2482 1033 antea
2518 990 2745 1067 gnarus,

202 1083 418 1153 Kwpoﬁ
445 1100 510 1137 τε
535 1083 761 1148 ξυνιεὶς
783 1081 917 1153 (89),
940 1081 1036 1135 καὶ
1072 1082 1143 1135 οὐ
1170 1080 1500 1147 λαλέοντος
1525 1080 1738 1134 ἀκούω]

1952 1093 2091 1147 Muli
2124 1090 2419 1160 concipiens
2454 1086 2725 1152 animum,
2762 1102 3045 1158 sensusque
3081 1086 3320 1149 tacentis,

202 1193 309 1247 ὑπὸ
338 1193 441 1263 τῆς
466 1193 628 1261 ἀγαν,
654 1192 732 1255 ὡς
773 1191 942 1255 εἰκὸς,
985 1189 1336 1262 περιχαρείας
1364 1188 1653 1243 ἀποπεσὼν
1684 1191 1738 1243 τί

1912 1224 1994 1263 ,τε
2041 1207 2245 1273 nimio,
2293 1213 2351 1261 ut
2395 1204 2631 1266 videtur,
2679 1201 2881 1273 gaudio
2925 1201 3143 1256 fatidica
3191 1199 3448 1256 excidens

201 1285 572 1358 προγνώσεως
591 1326 606 1351 ,
652 1286 975 1340 πυνθάνεται
1007 1284 1181 1354 λέγων
1202 1302 1214 1315 ’
1246 1304 1264 1336 ι
1305 1283 1397 1347 Τίς
1436 1279 1528 1337 οὖν
1559 1286 1587 1336 6
1621 1300 1737 1354 μετι

1919 1301 2081 1355 irtute
2101 1338 2114 1362 ,
2155 1298 2401 1352 nuntium
2447 1304 2632 1367 rogat:
2663 1314 2681 1347 ι
2712 1294 2847 1361 Quis
2880 1310 3009 1349 vero
3043 1309 3128 1349 me
3163 1293 3340 1348 isthac
3364 1298 3450 1347 est

202 1378 494 1431 σκευάσων
537 1378 591 1449 μ’
626 1376 906 1442 ὲντεῦθεν;
944 1396 961 1428 ι
1009 1377 1066 1429 '0
1108 1376 1197 1429 δέ’
1240 1394 1258 1427 ι
1315 1375 1487 1444 Ἐγὼ,
1527 1375 1651 1447 ἔφη,
1689 1393 1738 1429 κς

1914 1390 2273 1447 raducturus?
2314 1408 2331 1436 ι
2368 1387 2462 1443 Ille
2514 1399 2693 1443 autem
2734 1407 2747 1442 :
2780 1406 2798 1438 ‹
2837 1385 2979 1458 Ego,
3037 1384 3349 1455 respondit,
3391 1392 3450 1441 tu

202 1467 362 1523 ἕπου.
394 1488 414 1520 ι

1881 1485 2043 1540 modo
2082 1497 2332 1553 sequere.
2366 1500 2384 1534 ι

710 1580 1103 1636 ΚΕΦΑΛΑῙΟΝ
1142 1580 1276 1633 MA'.

2468 1591 2698 1648 CAPUT
2745 1590 2880 1645 XLI.

274 1692 415 1749 Εἶτα
441 1696 535 1748 καὶ
555 1694 711 1764 λόγον
734 1694 1025 1763 ἀπολογίας
1044 1695 1072 1745 6
1095 1691 1368 1756 θειότατος
1397 1693 1540 1764 μάλα
1566 1709 1629 1760 γε
1666 1708 1788 1744 συν-

1959 1688 2243 1745 Postremo
2302 1686 2346 1718 ι’
2403 1685 2707 1739 orationem
2767 1680 3162 1753 apologeticam
3238 1692 3454 1750 quoque

197 1790 397 1841 τάττει
424 1787 930 1859 πεφροντισμένως,
961 1787 1189 1856 ἀγνοῶν,
1222 1788 1301 1840 ὅτι
1341 1786 1476 1857 δῆτα
1521 1787 1577 1849 ὲς
1612 1786 1733 1856 μάττ

1914 1780 2197 1850 :omposuil
2245 1776 2424 1834 studio
2470 1774 2683 1846 ingenti
2728 1774 2813 1828 vir
2860 1773 2951 1829 ille
2997 1772 3159 1844 plane
3199 1770 3450 1835 divinus,

202 1881 356 1952 αὖτῷ
385 1880 857 1951 σπουδασθήσεται
878 1883 910 1952 ὴ
932 1883 1139 1953 γραφή.
1171 1880 1355 1933 Οῖεται
1381 1880 1477 1950 μὲν
1498 1879 1605 1951 γάρ
1627 1881 1738 1932 ἀκοι

1919 1888 2116 1945 gnarus
2160 1886 2355 1937 nempe
2397 1869 2616 1923 inanem
2665 1881 2885 1938 operam
2929 1865 2985 1919 in
3035 1880 3102 1919 eo
3149 1879 3207 1919 se
3240 1864 3455 1933 scripto

201 1972 509 2043 σθήσεσθαι
558 1971 721 2025 αὑτοῦ
771 1972 1207 2044 ἀπολογουμένου
1243 1970 1531 2042 βασιλέως·
1567 1971 1678 2031 καὶ,
1711 1967 1737 2019 d

1918 1970 2365 2034 :onsumpturum.
2397 1960 2636 2014 Putabat
2665 1962 2808 2013 enim
2844 1973 2902 2013 se
2939 1958 3007 2012 ab
3033 1957 3361 2026 imperatore
3386 1955 3454 2009 iri

198 2062 581 2132 ἁκουσομένου
622 2079 686 2131 γε
749 2062 953 2134 σφόδρα
1021 2063 1260 2125 πιθανῶς
1311 2059 1734 2131 παρασκευάζετε

1930 2056 2138 2110 uditum
2174 2053 2495 2108 recitantem
2530 2049 2833 2121 apologiam
2862 2066 2879 2105 :
2910 2063 3085 2119 eoque
3119 2047 3262 2119 quod
3300 2047 3458 2103 audi-

195 2154 297 2225 τὴν
331 2152 667 2217 ἀπολογίαν*
696 2155 725 2206 6
749 2154 826 2215 δὲ,
862 2154 1062 2225 ταύτην
1094 2152 1167 2225 μὴ
1196 2152 1507 2223 ἀναμείνας,
1545 2151 1603 2213 ἐς
1633 2150 1726 2203 οὐδ

1922 2162 2073 2201 urum
2107 2160 2229 2200 eum
2263 2147 2540 2213 speraret,
2584 2140 2650 2194 ad
2698 2138 3134 2210 persuadendum
3179 2154 3303 2194 cum
3342 2154 3458 2193 ma-

198 2247 374 2300 αὖτοῦ
403 2248 503 2318 τὴν
545 2247 777 2319 σπουδὴν
809 2249 1196 2317 κατεστήσατο.
1247 2247 1442 2298 ’Ἄκουε
1480 2244 1545 2316 δὴ
1573 2239 1664 2298 οὖν
1692 2262 1734 2298 κι

1921 2237 2041 2291 :ime
2078 2236 2383 2290 orationem
2420 2232 2723 2302 componit.
2758 2229 2944 2287 Caesar
2976 2241 3155 2286 tamen
3191 2246 3310 2286 eam
3346 2246 3457 2286 non

199 2340 333 2409 περὶ
376 2340 588 2393 τούτων
616 2335 705 2392 οἷά
740 2356 902 2411 φησιν
931 2341 959 2391 6
1000 2338 1250 2408 ἐλεγχοςσ
1283 2356 1301 2388 ι
1339 2336 1555 2408 Ἐπειδὴ
1596 2336 1652 2390 δὲ
1695 2353 1735 2389 κε

1922 2343 2071 2383 erens
2101 2327 2316 2381 irritum
2352 2324 2471 2393 ejus
2518 2322 2759 2378 studium
2814 2322 3067 2379 reddidit.
3109 2322 3251 2377 Audi
3291 2322 3458 2392 igitur

198 2430 367 2499 λόγος
415 2430 565 2501 αὐτῷ
602 2430 912 2501 συνεγράφη
944 2446 1063 2493 τις,
1092 2428 1167 2490 ὡς
1208 2427 1343 2499 πρὸς
1389 2426 1532 2497 ὕδωρ
1554 2425 1662 2496 (90)
1688 2427 1734 2479 τί

1927 2436 1957 2476 e
1986 2419 2071 2475 bis
2100 2420 2260 2475 etiam
2293 2416 2425 2487 quid
2458 2416 2605 2472 dicat
2633 2415 2735 2473 sibi
2767 2415 2871 2485 ipsi
2902 2415 3228 2471 adversante
3256 2415 3458 2469 oralio-

197 2523 509 2590 ἀπολογίαν
540 2524 802 2593 ἀφήσοντι
821 2520 949 2592 (9i),
983 2518 1184 2584 ξυνεῖλε
1209 2518 1265 2570 δὲ
1298 2516 1456 2570 αὐτὸν
1480 2520 1507 2571 ὁ
1529 2517 1733 2588 τύραννη

1921 2525 1960 2565 ιο
1990 2510 2036 2541 ¹³
2066 2528 2078 2563 :
2110 2528 2127 2560 ι
2159 2508 2431 2574 Quoniam
2483 2521 2612 2561 vero
2657 2506 2833 2561 oratio
2870 2505 3035 2559 etiam
3064 2505 3113 2560 ei
3146 2505 3457 2575 conscripta

197 2619 256 2679 ἐς
278 2619 357 2681 ἃς
383 2617 582 2690 εἴρηκα
614 2618 929 2689 ἐρωτήσεις,
962 2612 1362 2684 ἀναγεγράφθω
1392 2612 1484 2664 καὶ
1506 2615 1533 2665 6
1558 2611 1732 2680 λόγος.

1917 2608 2007 2664 εει,
2044 2606 2104 2653 ut
2135 2600 2230 2668 qui
2261 2598 2327 2653 ad
2364 2596 2706 2668 clepsydram
2738 2611 2957 2651 causam
2989 2604 3134 2651 esset
3161 2596 3414 2652 dicturus
3438 2636 3453 2660 ,

202 2710 354 2780 Ὅρα
404 2688 467 2778 δὴ
505 2708 622 2770 πῶς
661 2707 755 2759 τοῦ
805 2706 1085 2777 μέλλοντος
1135 2703 1466 2776 πορρωτάτω
1506 2703 1738 2773 τυγχάνιι

1924 2709 2015 2746 ιιιιι
2082 2699 2261 2746 autem
2319 2698 2584 2762 tyrannus
2648 2690 2789 2742 intra
2853 2688 3256 2757 quaestionum,
3319 2703 3458 2759 quas

198 2797 226 2849 6
258 2778 453 2847 πάντα
494 2793 766 2858 θειότατος
790 2834 804 2857 ,
855 2794 991 2864 μετά
1025 2792 1282 2862 πλείστης
1322 2792 1454 2862 ὅσης
1493 2792 1734 2862 φροντίδο

1924 2785 2045 2847 ixi,
2080 2784 2359 2854 angustias
2405 2783 2709 2845 conclusit,
2740 2781 2917 2835 oratio
2945 2794 3159 2849 quoque
3185 2778 3311 2834 huic
3343 2780 3460 2836 bis-

197 2886 276 2949 ὠς
326 2886 475 2957 πρὸς
524 2886 667 2960 ὕδωρ
708 2888 808 2959 τὴν
852 2887 1145 2954 ἀπολογίαν
1197 2884 1555 2956 ποιησόμενος
1595 2886 1733 2938 ὲσπο

1924 2877 2046 2933 oriae
2076 2877 2398 2931 inseratur.»
2430 2873 2563 2929 Vide
2594 2873 2758 2944 igitur
2780 2878 2839 2925 ut
2867 2887 2895 2924 a
2919 2870 3119 2926 futuris
3147 2871 3460 2941 longissime

195 2975 398 3042 δαζεν.
1893 2970 2190 3033 aberrans,
2235 2968 2317 3022 vir
2362 2967 2454 3021 ille
2502 2967 2664 3036 plane
2704 2964 2959 3027 divinus,
3015 2977 3180 3033 quam
3226 2963 3461 3017 maxima

1820 3054 1864 3117 C
1896 3058 2071 3128 potuit
2100 3072 2232 3112 cura
2255 3096 2270 3123 ,
2300 3057 2448 3113 velut
2476 3056 2544 3110 ad
2576 3053 2921 3127 clepsydram
2952 3052 3202 3109 dicturus
3227 3094 3241 3119 ,
3273 3053 3460 3109 elabo-

1886 3150 2107 3207 raverit.

716 3244 1114 3315 ΚΕΦΑΛΑΙΟΝ
1159 3244 1289 3298 MB'.

2441 3238 2673 3294 CAPUT
2712 3238 2875 3297 XLII.

286 3333 463 3387 Ἀλλά
496 3335 603 3406 γὰρ
630 3334 953 3406 διεξιτητέον
984 3336 1077 3388 καὶ
1097 3335 1195 3405 τὴν
1231 3338 1288 3399 ἐς
1316 3335 1490 3405 μάτην
1526 3331 1673 3403 αὐτῷ
1700 3348 1790 3384 πε-

1959 3335 2027 3390 At
2056 3342 2108 3390 et
2136 3336 2251 3405 ipsa
2275 3331 2649 3403 percensenda
2669 3340 2752 3388 est
2775 3331 2979 3387 frustra
3003 3329 3070 3384 ab
3095 3343 3159 3383 eo
3183 3327 3460 3383 elaborata

199 3438 339 3493 ποιη
352 3422 527 3492 μένην
554 3422 865 3490 ἀπολογίαν,
888 3422 944 3484 ἃ,
980 3423 1054 3488 ὡς
1092 3423 1262 3477 πολλά
1302 3424 1396 3477 καὶ¹
1418 3423 1529 3494 (92)
1564 3423 1696 3477 ἄλλα
1731 3428 1735 3474 i

1926 3427 2169 3498 pologia,
2214 3432 2269 3481 et
2301 3440 2454 3495 quae,
2489 3424 2659 3479 multa
2710 3424 2817 3478 alia
2864 3424 3024 3489 inter,
3073 3416 3235 3489 538
3262 3421 3462 3492 quibus

199 3514 391 3585 ταύτῃ
417 3513 727 3584 Δομετιανῷ
760 3514 1112 3585 προσφωνῶν,
1144 3514 1565 3580 ἀπαυθαδίξεται
1594 3514 1735 3583 λέγω

1928 3519 2261 3575 »υιηὶιὶοιιιιιη
2288 3514 2614 3586 compellat,
2666 3520 2987 3584 arroganter
3035 3512 3227 3583 jactat,
3260 3511 3464 3568 diserte

207 3607 347 3668 «Ὡς
386 3605 495 3675 ἄρα
535 3605 935 3667 Οὐεσπασιανὸς
983 3607 1042 3658 σὲ
1094 3606 1189 3676 μὲν
1236 3605 1460 3676 βασιλέα
1514 3606 1743 3675 ἐποίησε

1928 3608 2140 3677 ιίιιιίειιε
2176 3605 2219 3637 ιδ
2247 3624 2261 3660 :
2302 3622 2320 3657 ί
2355 3603 2433 3660 Te
2483 3603 2649 3674 igitur
2676 3602 3062 3672 imperatorem
3093 3600 3464 3673 Vespasianus

202 3692 297 3743 ὑπ’
337 3689 479 3759 ἐμοῦ
509 3690 564 3743 δὲ
587 3692 820 3760 ἐγένετο.
853 3711 870 3743 ι
896 3692 1068 3746 Βαϐαὶ
1088 3694 1186 3765 τῆς
1214 3693 1559 3758 ἀλαζονείαςῑ
1586 3695 1650 3763 ἢν
1673 3692 1733 3746 οὔ

1923 3701 2037 3765 scit,
2069 3699 2186 3768 ipse
2218 3713 2248 3752 a
2290 3712 2379 3752 me
2434 3702 2519 3751 est
2577 3694 2777 3751 factus.
2839 3713 2857 3746 ι
2898 3692 3016 3747 Vah
3066 3694 3459 3764 arrOgantiaml

200 3801 267 3851 γε
299 3786 334 3835 6
364 3782 565 3852 τυχὼν,
598 3783 712 3836 ἀλλ’
743 3784 861 3837 οὐδὲ
909 3787 956 3837 εί
1012 3785 1296 3855 φιλόσοῳός
1326 3803 1410 3849 τις
1432 3786 1666 3858 ἀληθῶς,
1700 3805 1733 3839 κ

1930 3806 1995 3845 ua
2024 3807 2092 3847 ne
2136 3806 2200 3845 ex
2254 3791 2415 3860 vulgo
2448 3788 2669 3859 quidem
2725 3785 3033 3856 quispiam,
3088 3785 3287 3839 nedum
3338 3799 3465 3840 vere

206 3874 359 3927 κατὰ
396 3872 738 3944 ἀνθρωπείαν
769 3874 1078 3947 ὑπεραίρων
1114 3877 1352 3944 ἐγεγόνει
1388 3877 1564 3946 φύσιν,
1599 3880 1742 3949 ἑτερο

1930 3880 2247 3949 hilosopbus
2277 3918 2292 3942 ,
2355 3878 2704 3945 humanaque
2750 3873 3111 3929 excellentior
3156 3880 3353 3928 natura
3405 3887 3465 3929 se

204 3965 452 4018 τεὺσατο
480 3963 564 4028 ἂν,
602 3964 675 4035 μὴ
703 3966 823 4034 οὐχὶ
861 3964 1016 4035 δίκην
1050 3966 1235 4028 ἀνοίας
1266 3966 1417 4037 παρὰ
1454 3970 1564 4030 τοῖς
1591 3966 1740 4038 ἕμιρρ

1927 3972 2119 4034 ιριίιοι,
2151 3970 2257 4025 nisi
2293 3969 2522 4025 insaniae
2550 3969 2729 4027 dicam
2775 3982 2806 4022 a
2858 3964 3309 4038 prudentioribus
3358 3965 3463 4023 sibi

209 4074 292 4109 σιν
326 4054 603 4124 ὑποσχών.
638 4052 767 4109 Εἶτα
789 4056 846 4109 δὲ
876 4057 974 4126 τῆς
1001 4058 1121 4110 κατ’
1153 4057 1311 4111 αὑτὸν
1344 4057 1579 4127 ὑποψίας
1603 4059 1745 4111 ἑαυτέ

1931 4063 2057 4117 cribi
2115 4062 2263 4115 velit.
2306 4058 2510 4114 Deinde
2554 4073 2683 4113 vero
2735 4072 2768 4112 a
2821 4054 3168 4126 suspicione,
3205 4069 3309 4124 qua
3350 4069 3467 4123 pre-

207 4147 588 4216 ἀπολυόμενος
616 4146 746 4216 (95),
775 4146 945 4200 ταῦτα
978 4149 1106 4219 περὶ
1139 4150 1348 4220 γοήτων
1366 4149 1527 4219 φησίν
1546 4165 1560 4180 ⁸
1594 4169 1611 4200 ι
1636 4149 1743 4203 Ἀλ)

1930 4154 2175 4215 rebatur,
2218 4167 2277 4207 se
2308 4151 2484 4221 ipsum
2518 4164 2791 4221 purgans,
2835 4147 3117 4218 sequentia
3162 4146 3367 4218 profert
3398 4145 3465 4202 de

205 4240 343 4302 τοὺς
372 4238 575 4308 γόητας
601 4238 959 4310 ψευδοσόφους
988 4240 1148 4311 φημί.
1182 4240 1262 4293 Τὰ
1294 4241 1404 4311 γὰρ
1434 4242 1535 4296 οὐκ
1560 4241 1687 4298 ὅντα.
1718 4260 1741 4294 ε

1928 4238 2066 4308 tagis
2095 4238 2176 4292 “z
2212 4256 2230 4289 ι
2275 4235 2537 4307 Equidem
2584 4252 2772 4307 magos
2826 4236 2975 4291 falsae
3007 4236 3286 4306 sapientiae
3335 4242 3464 4306 puto

208 4345 301 4384 ναι
339 4332 475 4399 παρ’
502 4330 701 4395 αὐτοῖς,
730 4331 912 4384 καὶτὰ
939 4331 1085 4394 ὄντα,
1119 4331 1458 4385 ἀπιστεῖσθαι
1481 4331 1609 4403 (94).
1636 4354 1656 4387 ι
1680 4332 1744 4386 Kc

1930 4329 2143 4383 lumnos
2177 4343 2318 4384 esse.
2352 4327 2488 4382 Nam
2517 4343 2639 4397 quae
2668 4343 2778 4382 non
2812 4335 2963 4393 sunt,
2991 4332 3051 4380 ut
3079 4341 3203 4382 esse
3244 4326 3466 4382 videan-

204 4394 457 4488 ταμάθοι
488 4419 533 4472 δ’
563 4415 655 4472 οὖν
681 4394 762 4483 τις
796 4419 859 4472 ἔκ
885 4437 944 4472 τε
970 4421 1067 4492 τῆς
1107 4422 1233 4490 ὅλης
1272 4394 1669 4491 πραγματείας,
1700 4439 1740 4478 κι

1922 4435 2005 4483 ur,
2027 4426 2079 4474 et
2103 4434 2225 4491 quae
2253 4428 2401 4486 sunt,
2438 4426 2498 4474 ut
2528 4394 2638 4473 non
2682 4434 2805 4474 esse
2854 4416 3143 4473 videantur
3174 4416 3402 4472 faciunt.
3437 4435 3458 4471 ι

209 4512 326 4565 τῶν
360 4515 416 4565 ὲν
446 4512 601 4583 μέρει
638 4510 1037 4583 δεδηλωμένων,
1070 4514 1271 4584 πότερα
1296 4514 1354 4566 ὲν
1387 4513 1549 4578 θείοις
1579 4514 1669 4567 καὶ
1703 4531 1737 4582 φ

1931 4512 1971 4567 ix
1996 4519 2109 4566 tota
2140 4512 2304 4582 igitur
2333 4512 2437 4567 ista
2470 4510 2822 4574 tractatione,
2855 4517 2909 4565 et
2943 4509 3222 4580 sigillatim
3250 4508 3467 4579 exposi-

210 4602 490 4671 λοσόφοις,
529 4602 561 4672 ἢ
591 4604 648 4655 ὲν
672 4602 859 4674 γόησιν
890 4604 1052 4656 αὑτὸν
1081 4605 1468 4674 κατατακτέον,
1498 4604 1746 4659 πιστεύοι

1938 4624 1962 4662 s
1988 4607 2263 4670 omnibus,
2290 4606 2473 4663 discas
2503 4603 2651 4667 licet,
2684 4619 2752 4656 an
2795 4603 2850 4656 in
2880 4601 3005 4669 diis,
3037 4617 3107 4656 an
3138 4602 3191 4655 in
3236 4601 3468 4671 philoso-

209 4690 297 4757 οἷς
335 4712 393 4746 τε
425 4693 589 4757 αὐτὸς
630 4694 758 4763 περὶ
802 4697 1011 4767 γοήτων
1056 4698 1147 4751 καὶ
1198 4697 1542 4766 ψευδοσόφων
1579 4697 1745 4769 εἴρηκέ

1933 4697 2036 4763 his,
2073 4712 2142 4751 an
2176 4697 2229 4750 in
2256 4694 2429 4766 magis
2455 4693 2764 4749 censendus
2791 4692 2897 4757 sit,
2954 4692 3021 4747 iis
3071 4690 3326 4746 admissis
3348 4705 3467 4761 quae

214 4786 313 4844 καὶ
369 4782 450 4849 οἷς
496 4786 793 4857 δεδήλωκεν
845 4790 877 4858 ἡ
931 4791 1047 4840 κατ’
1074 4790 1231 4843 αὑτὸν
1279 4792 1503 4862 ἱστορία.
1533 4790 1750 4862 Δρῦέςτ

1926 4803 2007 4855 pse
2030 4787 2098 4842 de
2129 4787 2302 4857 magis
2341 4793 2394 4840 et
2423 4786 2621 4854 spuria:
2652 4783 2937 4854 sapientiae
2969 4780 3275 4835 cultoribus
3304 4780 3462 4844 dixit,

211 4877 353 4948 γὰρ,
385 4878 478 4929 καὶ
507 4876 747 4939 πτελέαι,
778 4877 1023 4949 ὲνάρθρῳ
1058 4879 1151 4932 καὶ
1196 4879 1380 4952 θηλείᾳ
1411 4885 1561 4954 φωνῇ
1595 4881 1747 4934 λαλοῦ

1928 4888 1947 4932 t
1976 4894 2095 4949 qua:
2126 4879 2353 4934 historia
2411 4878 2531 4946 ejus
2559 4877 2626 4932 de
2657 4877 2776 4947 ipso
2805 4872 3014 4929 retulit.
3052 4870 3187 4925 Nam
3231 4886 3464 4940 quercus

213 4982 338 5029 σαι,
372 4967 466 5020 καὶ
502 4966 748 5039 τρίποδες
781 4967 1069 5038 αὐτόματοι
1114 4969 1422 5037 φοιτῶντες,
1454 4970 1548 5023 καὶ
1572 4969 1749 5041 χάλκει

1929 4979 1948 5023 ι
1978 4970 2107 5023 ulmi
2132 4971 2175 5001 ¹⁶
2203 4969 2491 5023 articulata
2525 4982 2589 5021 ac
2614 4966 2866 5021 muliebri
2894 4977 3026 5018 voce
3063 4962 3276 5026 locutae,
3306 4962 3465 5032 tripo-

294 5121 339 5152 "
382 5121 481 5176 lib.
555 5137 668 5185 vn,
702 5138 752 5177 c.
782 5123 871 5179 40.
977 5124 1027 5156 ⁸³
1059 5123 1154 5179 lib.
1186 5141 1284 5179 vm
1310 5165 1325 5191 ,
1361 5141 1409 5181 c.
1448 5126 1499 5179 7.
1600 5127 1644 5158 ⁸³
1682 5125 1750 5179 lib

214 5190 264 5224 “
307 5191 405 5246 lib.
448 5208 537 5256 v1,
573 5209 624 5248 c.
662 5194 747 5247 lt).

1930 5166 1939 5187 ,
2003 5141 2054 5181 c.
2119 5126 2173 5182 6.
2276 5125 2320 5156 “
2358 5124 2453 5178 lib.
2494 5141 2633 5190 νιιι,
2675 5139 2727 5178 c.
2771 5122 2822 5173 7.
2923 5121 2965 5151 ”
3006 5120 3099 5174 lib.
3140 5133 3273 5181 vin,
3317 5131 3367 5171 c.
3411 5115 3466 5172 7.

290 5303 408 5445 $89)
447 5306 659 5375 κωφοῦ
690 5324 749 5361 τε
779 5306 913 5369 Evr.
955 5295 1090 5363 Vide
1116 5324 1279 5380 supra
1317 5323 1366 5362 c.
1404 5309 1488 5365 14.

318 5374 409 5445 90)
465 5378 555 5443 Ὡς
583 5377 731 5443 πρὸς
758 5377 931 5445 ὕδωρ.
976 5375 1066 5432 Sic
1120 5395 1185 5435 ex
1238 5395 1339 5433 ms.
1369 5387 1423 5433 et
1455 5378 1789 5434 Philostrato

1967 5310 2079 5380 (95)
2125 5311 2579 5379 Ἀπολυόμενος.
2625 5305 2716 5361 Sic
2768 5302 3070 5359 rescribere
3108 5317 3216 5356 non
3253 5298 3469 5355 dubita-

1933 5382 1968 5443 i,
1989 5398 2087 5445 pro
2118 5380 2506 5445 ἀπολυόμενον,
2526 5376 2674 5445 quod
2707 5379 2759 5431 in
2783 5374 2946 5445 editis
2977 5382 3113 5429 erat.
3249 5442 3258 5445 _
3329 5439 3340 5445 Α

318 5374 438 5451 9_0)_
465 5374 555 5443 Ὡςὲ
583 5377 931 5451 πρὸςλῦδῳρ.
976 5375 1088 5451 Sic“
1120 5374 1201 5435 ex"
1238 5395 1339 5451 ms.
1369 5387 1423 5433 et
1455 5378 1789 5434 Philostrato

1579 5387 1789 5434 ostrato
1893 5374 2087 5451 vi,‘pro
2118 5374 2506 5451 ἀπολυόμενον.
2526 5376 2674 5451 quod
2707 5379 2759 5431 in
2783 5374 2946 5451 editis
2977 5382 3112 5429 erat.

219 5439 440 5522 restitui
472 5467 489 5522 _:
527 5439 682 5505 antea
700 5439 1032 5522 legebatur,
1056 5448 1242 5519 ῶσπερ
1291 5449 1434 5521 ὕδωρ
1466 5451 1564 5521 τὴν
1597 5451 1755 5504 ἀπόλι

1958 5439 2076 5522 ⁷(94)
2131 5439 2558 5522 Ἀπιστέῐσθαιί
2590 5446 2661 5522 |_t_a
2693 5463 2758 5522 es
2783 5444 3112 5522 Philostrato
3134 5439 3343 5522 restitui
3368 5450 3467 5510 pro

215 5514 662 5590 quyﬁzpﬁsovet.
700 5514 972 5590 Hor—.sgrsu.
1120 5588 1133 5590 Α
1193 5514 1222 5590 _'
1403 5514 1413 5521 ’
1521 5514 1532 5521 ”

1934 5514 2118 5589 πὶστά,
2146 5520 2289 5590 quod
2331 5528 2447 5575 erat
2490 5522 2549 5590 in
2595 5515 2819 5590 Eusebii
2848 5514 3044 5590 editis;
3077 5514 3467 5590 rationemcu;

293 5585 409 5724 (9i;
431 5582 440 5585 ⁷
463 5582 788 5655 Ἆφήσοντι.
832 5587 1086 5643 Philostr.
1119 5588 1281 5641 habet
1312 5590 1675 5662 ἀφηγήσαντι.

293 5655 387 5723 (92
454 5659 549 5720 Ἀ,
578 5658 656 5722 ὼς
689 5659 887 5710 πολλὰ
917 5659 1034 5720 καί,
1061 5666 1167 5713 etc.
1194 5657 1600 5719 Distinetionem
1629 5660 1785 5724 posui

1934 5582 2128 5648 riorem
2166 5582 2453 5663 praeferam
2486 5582 2771 5644 lectionem
2808 5585 3019 5641 reddidi
3068 5582 3470 5643 ad'Philostra-

1934 5680 2031 5719 im.

293 5655 407 5733 (92)
454 5659 549 5733 ‘A_,
578 5658 656 5722 ὼς
689 5659 887 5733 πολλὰ
917 5659 1034 5733 καί,
1061 5666 1167 5713 etc.
1194 5655 1600 5719 Distin'cti'onem
1629 5660 1785 5733 posui
1896 5655 2031 5719 tum.

219 5733 351 5793 post
380 5726 436 5793 ἀ,
473 5729 591 5783 sine
619 5743 725 5793 qua
762 5728 1048 5789 obscurior
1088 5744 1301 5785 sensus.
