3936 6208
543 262 654 322 855
1153 261 1424 320 EUSEBII
1464 261 1948 318 CAESAHIENSIS
1980 263 2130 320 OPP.
2169 263 2349 319 PARS
2389 263 2450 319 ll.
2490 293 2561 305 —
2594 259 3087 320 APOLOGETICA.
3627 263 3705 321 856

541 383 640 441 des
661 381 827 440 etiam
858 380 900 412 "
936 385 1238 452 spontaneo
1282 384 1432 432 motu
1495 377 1840 443 incedentes,
1891 379 2094 449 :ereiqu

2157 391 2197 440 Α
2228 377 2555 450 θεράποντες
2582 376 3005 448 διακονούμενοι,
3039 375 3181 429 πίθοι
3211 391 3269 428 τε
3299 374 3500 445 ὄμϐρων
3523 377 3597 428 καὶ
3617 380 3707 432 ἀνέ-

541 475 684 533 servi
718 469 1186 528 d-iscumbentibus
1227 468 1603 526 ministrantes
1625 510 1640 535 ,
1696 469 1952 527 imbrium
1985 472 2094 525 iten

2227 487 2362 540 μων,
2395 471 2487 524 καὶ
2521 471 2906 542 σανδαράκινον
2933 469 3094 540 ὕδωρ,
3118 469 3211 522 καὶ
3238 468 3336 520 ὃσα
3360 468 3482 521 ἄλλα
3501 468 3704 538 εἰσῆκται,

537 569 688 626 dolia
717 565 764 598 “
793 579 857 619 ac
884 572 1192 626 ventorum,
1231 570 1286 616 et
1319 561 1678 617 sandaracina
1707 577 1870 633 aqua,
1899 571 1953 618 et
1996 579 2091 632 qua

2223 562 2350 632 παρ’
2383 555 2463 624 οἷς
2495 562 2680 632 ἡγεῖτο
2711 559 2871 624 θεοῖς,
2891 558 2982 622 οὓς
3016 560 3109 611 καὶ
3129 558 3227 612 οὐκ
3255 556 3412 610 ὥκνει
3434 558 3707 624 διδασκάλους

541 659 643 716 alia
677 662 1134 727 reprazsentantur
1164 653 1234 708 ab
1258 652 1349 716 iis,
1383 665 1523 723 quos
1573 653 1706 708 deos
1750 663 1834 710 est
1881 653 2095 708 arbitra

2223 651 2642 724 ἐπιγράφεσθαι,
2679 651 2820 716 τίνος
2851 651 2915 705 ἂν
2943 648 3048 704 εῐεν
3073 649 3442 721 παραστατικὰ
3468 650 3604 720 ἡτῶν
3631 653 3707 705 ατὰ

540 757 629 804 tus
660 748 724 810 ¹⁹,
749 755 804 803 et
838 743 977 816 quos
1018 762 1089 800 ne
1137 751 1497 815 praaeeptores
1540 744 1759 816 quidem
1820 761 2094 817 agnoscerl

2224 746 2323 799 οὐκ
2365 745 2494 798 ὄντα
2545 740 2701 809 εἶναι,
2739 744 2832 798 καὶ
2863 744 2928 798 τὰ
2959 744 3087 798 ὅντα
3115 743 3318 796 ἄπιστα
3346 763 3362 794 ι
3401 743 3711 812 παραδεικνύν-

539 847 622 896 est
653 837 978 909 dedignatus
1003 877 1017 902 ,
1066 838 1120 890 in
1159 851 1320 906 quem
1358 836 1524 891 alium
1579 845 1889 907 competere
1929 845 2090 908 putes

2223 855 2332 891 των
2352 855 2365 902 ;
2393 835 2485 902 οὓς
2503 837 2665 901 αὐτὸς
2688 838 2888 908 γόητας
2913 834 3210 906 ὀνομάζων,
3234 833 3562 904 ψευδοσόφους
3584 836 3710 907 ὑπᾶρ-

539 929 646 986 nisi
677 930 732 984 in
764 943 860 983 eos
893 927 984 1000 qui
1025 946 1043 978 ‹
1074 942 1196 997 quae
1215 941 1324 980 non
1365 934 1493 981 sunt
1528 926 1573 956 ³ο
1599 966 1615 991 ,
1663 935 1722 980 ut
1753 941 1876 981 esse
1903 927 2093 982 videan

2223 950 2338 1002 χειν
2379 931 2922 1001 ἀποφαίνεται.¹Ἦτοι
2954 924 3045 982 οὖν
3074 927 3165 981 ἐπὶ
3205 926 3410 988 τούτοις
3437 929 3463 980 ό
3490 926 3618 989 θεῖος,
3644 929 3710 981 καὶ

539 1027 649 1084 tur,
674 1030 728 1075 et
759 1035 880 1090 qua:
902 1029 1048 1083 sunt,
1080 1025 1139 1072 ut
1172 1017 1456 1074 videantur
1487 1032 1594 1072 non
1624 1033 1766 1084 esse,
1800 1017 2080 1074 efﬁciunt?

2225 1025 2498 1096 ἐνάρετος,
2533 1025 2626 1078 καὶ
2657 1022 2798 1087 θεοῖς
2839 1021 3252 1093 κεχαρισμένος,
3287 1019 3346 1072 τὸ
3381 1018 3546 1086 σοφίας
3570 1021 3711 1091 ἀναδη-

539 1128 675 1184 quos
713 1113 828 1183 ipse
861 1126 1052 1182 magos
1099 1111 1375 1180 appellans
1401 1149 1416 1174 ,
1469 1110 1670 1179 spuriae
1701 1109 1984 1180 sapientiae
2013 1109 2093 1163 cul

2227 1119 2455 1188 σάμενος
2509 1117 2779 1189 βραϐεῖον,
2814 1115 2974 1168 αὑτοῦ
3023 1112 3338 1184 Πυθαγόρου
3387 1111 3470 1164 καὶ
3513 1110 3600 1163 τῶν
3633 1113 3711 1164 ὅσοι

539 1216 686 1264 tores
706 1222 828 1262 esse
853 1206 1214 1261 demonstrat.
1244 1202 1384 1258 Num
1418 1202 1587 1274 igitur
1619 1203 1742 1258 istis
1781 1205 2093 1274 argumenti:

2229 1212 2342 1281 μετ’
2366 1213 2571 1263 ἐκεῖνον
2601 1209 2870 1280 θειότερος
2902 1205 3117 1278 ἀληθῶς
3147 1206 3242 1258 καὶ
3269 1204 3454 1276 μακρῷ
3475 1205 3714 1272 εύδαιμονέο

539 1301 754 1356 divinus
781 1298 896 1364 hic,
923 1299 1185 1365 omnique
1213 1297 1416 1351 virtute
1447 1296 1723 1358 excultus,
1749 1297 1989 1366 ipsisque
2012 1296 2093 1350 dii

2226 1318 2415 1373 στερος
2434 1302 2646 1372 κριθείη
2666 1301 2731 1371 ’ἢ
2763 1298 3016 1369 ἔμπαλιν,
3045 1296 3402 1367 ψευδοσοφίας
3424 1296 3711 1358 ἁλοῦςαακοα

539 1391 906 1463 gratissimus,
942 1389 1222 1460 sapientiae
1258 1396 1556 1444 coronatus
1601 1388 1821 1452 bravio,
1880 1389 2000 1458 ipso
2044 1387 2093 1443 di

1783 1407 1821 1452 ν,
1880 1389 2000 1458 ipso
2044 1387 2121 1443 di-
2227 1392 2493 1464 δαιμόνων
2529 1394 2637 1465 (95)
2669 1388 3049 1446 ἀποίσεταιτά
3077 1392 3337 1462 πρωτεῖα.

540 1485 716 1543 vinior
761 1483 1066 1556 Pythagora
1123 1482 1351 1552 ejusque
1417 1480 1738 1552 discipulis,
1794 1481 2112 1550 beatiorque
2147 1486 2453 1541 censendus
2490 1485 2627 1542 erit?
2663 1499 2732 1539 an
2786 1491 2977 1538 contra
3024 1483 3226 1552 spuria:
3263 1481 3523 1551 sapientia:
3547 1478 3714 1533 damna-

539 1595 624 1641 tus
645 1624 659 1648 ,
695 1583 837 1638 inter
860 1579 1267 1636 infelicissimos
1298 1577 1504 1647 primas
1539 1577 1675 1633 feret
1713 1579 1938 1649 potius?

1099 1690 1327 1749 CAPUT
1369 1691 1556 1745 xun.
2143 1700 2185 1754 Β

2143 1700 2185 1754 Β
2723 1689 3118 1744 ΚΕΦΑΛΑῙΟΝ
3156 1687 3285 1741 MI".

608 1789 845 1844 Rursum
878 1788 932 1842 in
961 1785 1294 1856 apologetieo
1320 1783 1413 1838 illo
1443 1785 1652 1853 scripto
1689 1798 1749 1838 se
1782 1783 1837 1838 in
1881 1783 2028 1838 lonia
2055 1784 2122 1839 de

2259 1781 2462 1837 ’Πάλιν
2488 1781 2544 1834 δὲ
2571 1783 2635 1851 τῇ
2666 1783 2850 1852 γραφῇ
2894 1779 3020 1850 περὶ
3056 1778 3262 1851 μοιρῶν
3295 1776 3466 1847 ἰσχύος
3495 1777 3716 1846 etiamsi}.

540 1880 775 1936 fatorum
797 1879 848 1933 vi
881 1878 957 1932 ait
980 1877 1290 1948 disputasse
1307 1876 1400 1939 ’°‘,
1422 1873 1559 1929 adeo
1583 1875 1780 1929 mutari
1804 1891 1914 1929 non
1938 1891 2094 1946 posse

2223 1893 2313 1929 σαι
2347 1875 2508 1928 αὑτὸν
2537 1874 2594 1925 ὲν
2635 1871 2810 1943 Ἰωνίᾳ
2838 1871 2990 1941 φησὶ,
3012 1869 3332 1923 διδάσκοντα
3359 1867 3514 1931 οὕτως
3536 1869 3715 1940 ἄτρεπτα

541 1988 661 2042 qua:
688 1978 878 2025 texunt
935 1969 1038 2024 ista
1059 2009 1073 2033 ,
1105 1969 1422 2033 docentem,
1457 1972 1538 2030 ut,
1573 1967 1619 2021 si
1653 1966 1941 2036 imperium
1994 1966 2095 2020 buil

2221 1966 2379 2032 εἶναι,
2410 1968 2446 2021 ἃ.
2477 1965 2798 2028 κλώθουσιν,
2823 1964 2918 2026 ὼς,
2951 1965 2998 2016 εί
3042 1964 3136 2015 καὶ
3179 1961 3446 2032 βασιλείαν
3479 1959 3620 2030 τούτῳ
3639 1960 3715 2030 (96)

541 2062 859 2124 decernant,
885 2060 1028 2130 quod
1050 2060 1104 2113 in
1131 2059 1360 2112 alterius
1385 2071 1531 2111 nunc
1557 2055 1776 2127 quidem
1801 2057 2095 2128 sitpotesta

2219 2060 2568 2132 ψηφίσαιντο,
2601 2057 2770 2128 ἑτέρῳ
2797 2056 2896 2126 ήδη
2938 2053 3421 2126 ὑπάρχουσαν,ούκ
3451 2053 3508 2106 ἂν
3529 2052 3716 2106 ἀποκτεί-

541 2162 616 2220 te,
647 2169 806 2209 nemo
833 2153 985 2206 illum
1019 2151 1334 2206 interimere
1358 2150 1549 2219 possit,
1576 2165 1645 2204 ne
1670 2149 1738 2204 ab
1768 2149 1863 2203 illo
1887 2149 1991 2205 sibi
2022 2149 2095 2203 im

2220 2154 2331 2208 νειέ
2359 2171 2443 2217 τις
2467 2151 2675 2214 τοῦτον,
2706 2150 2782 2214 ὡς
2816 2148 2890 2220 μὴ
2919 2147 3244 2217 ἀφαιρεθείη
3275 2146 3399 2200 ποτὲ
3426 2146 3505 2198 ὑπ’
3535 2143 3717 2198 αύτούώ

543 2246 752 2316 perium
797 2244 1096 2314 eripiatur:
1131 2243 1241 2298 imo
1300 2243 1345 2296 si
1393 2241 1477 2296 vel
1525 2243 1884 2311 interemptus
1935 2241 2097 2296 fuerit

2223 2245 2444 2318 ἄρχειν·
2475 2241 2612 2296 ἀλλὰ
2643 2241 2737 2295 καὶ
2771 2239 3064 2294 ἀναϐιῶναι
3095 2236 3382 2293 ἀποθανὼν
3412 2238 3536 2308 ὑπὲρ
3552 2237 3636 2289 τῶν
3663 2235 3717 2288 δο-

542 2337 879 2392 revicturum
909 2343 1090 2390 tamen
1124 2349 1283 2398 eum,
1321 2342 1379 2387 nt
1417 2332 1546 2388 fatis
1584 2331 1802 2388 decreta
1847 2333 2096 2387 eveniant

2225 2337 2429 2403 ξάντων
2476 2339 2598 2398 ταῖς
2656 2333 2891 2405 μοίραις.
2944 2333 3055 2385 Καὶ
3096 2330 3308 2394 τούτοις
3340 2329 3556 2397 ἐπιλέγει
3585 2330 3717 2390 αὑταῖς

543 2427 754 2492 Quibus
801 2424 1088 2494 sequentia
1124 2425 1260 2494 ipsis
1294 2422 1487 2478 iisdem
1532 2422 1755 2493 syllabis
1784 2421 2065 2492 subiungit

2225 2427 2541 2491 συλλαϐαῖς·
2599 2445 2615 2476 ι
2644 2427 2792 2494 Ὅτῳ
2836 2423 3121 2494 πέπρωται
3163 2421 3413 2490 γενέσθαι
3460 2419 3715 2488 τεκτονικῴ.

547 2537 566 2571 ι
596 2518 915 2589 Cuicunque
945 2517 1054 2572 fato
1085 2517 1364 2573 decretum
1398 2515 1561 2568 fuerit
1589 2514 1852 2584 lignarius
1873 2522 1933 2568 ut
1963 2511 2101 2583 53$

2221 2514 2377 2585 οὗτος
2421 2518 2524 2573 κᾶν
2573 2519 2822 2587 ἀποκοπῇ
2853 2515 2929 2569 τὼ
2958 2518 3126 2586 χεῖρε,
3150 2515 3454 2576 τεκτονικὸς
3478 2514 3618 2565 ἔσται.
3645 2511 3717 2562 Καὶ

543 2610 636 2669 sit,
669 2608 717 2662 is
749 2607 1002 2660 manibus
1033 2613 1320 2662 truncetur
1359 2605 1525 2668 licet,
1577 2606 1630 2658 in
1673 2604 1960 2672 lignarium
1997 2619 2095 2658 eva

2225 2614 2328 2684 ‘ch
2370 2612 2526 2682 νίκην
2577 2611 2634 2662 ὲν
2675 2607 2946 2678 Ὀλυμπίᾳ
2987 2607 3192 2678 δρόμου
3245 2606 3486 2678 ἄρασθαι,
3517 2597 3639 2666 οὗτκ
3671 2601 3714 2663 δ’,

543 2698 656 2754 del.
695 2697 758 2750 Et
790 2698 875 2752 cui
910 2713 1077 2752 cursu
1110 2699 1329 2753 vincere
1375 2697 1429 2750 in
1464 2694 1710 2766 Olympia
1763 2692 2097 2764 [destinatun

2222 2704 2330 2757 οὐδ’
2356 2705 2404 2756 εί
2446 2701 2726 2774 πηρωθείη
2757 2701 2816 2753 τὸ
2846 2699 3054 2762 σκέλος,
3084 2700 3453 2771 ἁμαρτήσεται
3482 2697 3565 2765 τῆς
3591 2695 3713 2763 νίκης.

544 2787 683 2858 est,]
715 2790 802 2842 hic
829 2828 844 2852 ,
890 2804 959 2844 ne
987 2789 1234 2844 abscisso
1271 2791 1490 2860 quidem
1537 2791 1583 2845 si
1619 2789 1888 2844 claudicet
1925 2803 2087 2843 crure

2225 2799 2333 2852 Kal.
2382 2799 2488 2868 ὅτῳ
2532 2796 2754 2848 ἕνευσαν
2785 2795 2969 2865 μοῖραι
2994 2792 3056 2846 τὸ
3078 2793 3134 2844 ἐν
3157 2791 3346 2862 τοξικῇ
3378 2790 3572 2861 κράτος.
3595 2781 3714 2847 03mg.

543 2882 770 2937 victoria
797 2880 1162 2937 fraudabitur.
1197 2881 1264 2935 Et
1293 2882 1381 2936 cui
1407 2890 1470 2936 ut
1499 2881 1791 2952 sagittandi
1813 2881 1990 2935 valeat
2009 2888 2097 2934 art:

2223 2890 2330 2944 οὐδ’
2359 2891 2408 2942 εί
2440 2887 2700 2942 ἀποϐάλοι
2733 2886 2844 2958 (97)
2875 2890 2974 2949 τὰς
2995 2884 3165 2953 ὄψεις,
3195 2886 3496 2937 ἐκπεσεῖται
3519 2879 3595 2933 τοῦ
3630 2893 3715 2930 σκο-

545 2971 728 3026 Parca:
754 2969 1128 3036 decreverint,
1173 2973 1261 3026 hic
1304 2972 1384 3027 vel
1411 2981 1604 3041 captus
1639 2972 1818 3027 oculis
1863 2973 2099 3042 sagitta:

2225 2983 2326 3036 ποῦ
2357 2981 2488 3052 (98).
2524 3000 2541 3031 ι
2577 2979 2814 3042 Τούτοις,
2841 2978 2929 3030 τὸν
2973 2977 3209 3047 ἄρχοντα
3249 2974 3553 3034 κολακεύων,
3587 2968 3717 3036 ἐπιφέ-

547 3075 714 3133 sc0po
745 3077 855 3116 non
894 3062 1187 3117 aberrabit.
1220 3082 1239 3115 ι
1281 3062 1376 3117 His
1405 3077 1559 3125 vero,
1595 3062 1914 3120 adulaturus
1948 3065 2101 3135 impe-

2161 3067 2193 3129 Β
2229 3091 2310 3145 ρει
2356 3072 2560 3140 λέγων’
2604 3090 2621 3120 ι
2655 3069 2736 3122 Τὰ
2777 3069 2832 3122 δὲ
2879 3067 2986 3121 τῶν
3021 3066 3286 3137 βασιλέων
3339 3067 3526 3133 ἔλεγον,
3555 3066 3600 3124 ἐς
3632 3062 3715 3120 τοὺς

548 3154 739 3217 ratori,
775 3153 1050 3209 subnectit
1077 3161 1131 3208 et
1161 3153 1263 3208 ista
1293 3173 1307 3209 :
1347 3172 1365 3204 ι
1411 3152 1618 3224 [legum
1646 3161 1831 3208 autem
1875 3157 2102 3227 exempli

2240 3165 2541 3235 Ἀκρισίους
2581 3162 2751 3232 δήπου
2795 3160 2958 3232 ὁρῶν,
2993 3159 3237 3220 καὶτοὺς
3265 3159 3474 3219 Λαΐους,
3491 3151 3715 3218 Ἀστυάγην

548 3261 681 3302 usus
706 3261 849 3313 sum,
879 3245 947 3300 ad
980 3245 1227 3301 Acrisios
1274 3246 1575 3316 respiciens
1602 3256 1655 3302 et
1693 3245 1853 3301 Laios
1875 3288 1889 3308 ,
1929 3246 2096 3319 Aslya

2224 3273 2285 3309 τε
2313 3256 2402 3308 τὸν
2441 3253 2645 3324 Μῆδον,
2683 3252 2777 3306 κοιλ⁸
2812 3252 3038 3314 πολλοὺς
3071 3249 3266 3314 ἄλλους
3300 3249 3426 3318 (99),
3463 3242 3515 3300 εὖ
3542 3241 3715 3296 τίθεσθαι

548 3353 776 3408 gemque
804 3337 1039 3401 Medum,
1067 3345 1120 3392 et
1147 3338 1455 3407 complures
1471 3339 1632 3398 alios.
1651 3339 1744 3407 qui
1773 3338 1909 3393 bene
1936 3339 2038 3394 sibi
2070 3340 2102 3393 ii

2225 3350 2292 3402 τὰ
2323 3347 2545 3400 τοιαῦτα
2571 3346 2827 3413 δόξαντας
2859 3344 2965 3414 (Ι)-
2993 3339 3072 3396 ’ὧν
3101 3345 3150 3396 οί
3184 3345 3284 3412 μὲν
3312 3341 3509 3404 παῖδας,
3534 3340 3572 3390 οἱ
3597 3335 3641 3388 δὲ
3659 3335 3716 3399 tr-

548 3431 864 3500 bujusmodi
895 3431 1060 3486 rebus
1084 3430 1426 3484 consuluisse
1457 3429 1563 3485 sibi
1591 3430 1938 3484 videbantur.
1971 3429 2102 3496 Quo

2225 3441 2416 3510 γόνους
2466 3437 2806 3491 ἀποκτείνειν
2859 3434 3152 3505 οίηθέντες,
3185 3432 3525 3506 ἀφῃρέθησαν
3561 3423 3716 3480 ὑπἀὔ·

546 3538 671 3578 rum
700 3523 791 3577 alii
829 3521 991 3585 ﬁlios,
1028 3530 1253 3592 nepotes
1285 3521 1449 3584 aliie
1493 3521 1672 3576 medio
1713 3522 1962 3577 sublatos
2003 3536 2100 3576 ess.

2225 3531 2332 3584 τῶν
2361 3529 2421 3584 τὸ
2455 3526 2774 3599 βασιλεύειν,
2807 3526 3119 3594 ἀναφύντων
3142 3527 3229 3578 ἐπ’
3262 3524 3447 3584 αὐτοὺς
3471 3520 3521 3583 ἐξ
3547 3511 3717 3585 ἀφανοῦς

548 3623 826 3684 putantes,
855 3613 924 3668 ab
965 3613 1156 3668 iisdem
1203 3613 1310 3668 illis
1341 3613 1558 3683 spoliati
1588 3622 1716 3668 sunt
1757 3615 2007 3684 imperio,
2039 3629 2102 3668 re

2227 3622 2324 3674 σὺν
2355 3619 2431 3689 τῷ
2465 3617 2832 3688 πεπρωμένῳ.
2863 3616 2971 3668 Καὶ
3007 3618 3056 3668 εί
3091 3615 3191 3685 μὲν
3215 3613 3440 3684 ἠγάπων
3475 3607 3716 3663 κολακευτι-

549 3706 943 3760 viviscentibus
975 3705 1155 3774 quasi,
1183 3711 1242 3758 ut
1273 3704 1324 3758 in
1350 3705 1499 3775 ipsos
1539 3706 1832 3770 insilirent,
1864 3705 2103 3775 adjuvan

2227 3711 2327 3782 κὴν
2357 3709 2452 3780 (Ξ),
2480 3706 2629 3761 εἶπον
2676 3708 2740 3761 ἂν
2775 3708 2869 3761 καὶ
2920 3706 2987 3760 τά
3038 3707 3105 3760 σὰ
3145 3707 3222 3777 (5)
3270 3699 3636 3772 ἐντεθυμῆσθαι,
3661 3696 3718 3747 ὅτι

547 3797 695 3850 tibus
720 3795 868 3851 fatis.
911 3794 1070 3861 Quod
1105 3795 1152 3850 si
1188 3794 1443 3849 adulandi
1477 3796 1656 3850 studio
1684 3804 1916 3857 tenerer,
1941 3796 2101 3850 dicen

2227 3802 2494 3872 ἀπείληψο
2531 3801 2628 3871 μὲν
2663 3800 2769 3854 ὑπὸ
2808 3799 3080 3853 Βιτελλίου
3117 3798 3216 3868 (ι),
3247 3796 3624 3866 κατεπίμπρατο
3645 3785 3720 3840 δδό

551 3901 771 3959 possem
793 3889 956 3943 etiam
993 3896 1116 3943 tuas
1143 3889 1326 3944 animo
1369 3901 1491 3943 meo
1517 3905 1606 3944 res
1629 3903 1752 3943 esse
1784 3889 2101 3944 obversatas

2227 3895 2361 3959 νεὼς
2388 3894 2478 3948 τοῦ
2507 3895 2625 3958 Διὸς
2652 3894 2779 3965 περὶ
2808 3892 2906 3956 τὰς
2931 3892 3100 3963 ὀφρῦς
3121 3893 3218 3944 τοῦ
3245 3887 3553 3952 ἄστεος.”Οδ“
3576 3880 3622 3936 εὖ
3641 3878 3719 3933 κεί-

550 3980 814 4049 quandoa
834 3978 1052 4035 Vitellio
1070 3981 1428 4044 obsidebaris,
1449 3981 1819 4050 templumque
1853 3980 2003 4037 Jovis
2027 3997 2104 4051 op

2231 3981 2416 4035 σεσθαι
2459 3981 2527 4034 τὰ
2581 3983 2774 4034 ἑαυτοῦ
2819 3981 3072 4049 ἔφασκεν,
3103 3982 3149 4031 εί
3199 3980 3274 4050 μὴ
3311 3977 3566 4046 διαφύγοις
3591 3968 3717 4025 αὐτόν.

553 4072 671 4126 timi
699 4071 1103 4128 accendebatur
1132 4073 1185 4126 in
1217 4087 1430 4127 summo
1447 4073 1600 4128 urbis
1627 4073 1849 4127 vertice.
1885 4072 1976 4128 Ille
1998 4090 2107 4128 veri

2230 4072 2421 4125 Καίτοι
2453 4072 2732 4143 μειράκιον
2770 4070 2967 4133 ἱκανῶς
2988 4066 3152 4141 ἦσθα,
3182 4072 3278 4124 καὶ
3305 4069 3448 4122 οὔπω
3469 4060 3608 4126 οὗτος.
3626 4057 3719 4110 Ἀλλ’

553 4165 691 4220 bene
717 4180 776 4220 se
803 4179 892 4219 res
925 4179 1054 4219 suas
1105 4163 1386 4218 habituras
1432 4165 1686 4235 putabat,
1721 4165 1884 4218 modo
1914 4173 1970 4219 tu
2009 4167 2107 4236 eju:

2229 4169 2377 4237 ὅμως
2409 4169 2500 4220 ἐπὶ
2529 4167 2742 4238 μοίραις
2766 4166 2938 4220 ἐδόκει
2968 4167 3149 4237 ἔτεραο
3178 4168 3206 4220 ὁ
3232 4168 3328 4237 μὲν
3355 4163 3572 4219 ἀπώλετο
3587 4155 3719 4214 αὑταῖς

554 4273 623 4311 ne
654 4257 911 4312 evaderes
945 4271 1160 4311 manus.
1217 4256 1394 4328 Atque
1425 4257 1748 4312 adolescens
1798 4267 1926 4311 tunc
1970 4260 2108 4327 plam

2234 4259 2468 4329 βουλαῖς,
2501 4260 2564 4311 σὺ
2599 4259 2653 4312 δὲ
2686 4257 2754 4310 τὰ
2782 4257 2988 4310 ἐκείνου
3017 4257 3111 4309 νῦν
3131 4256 3293 4327 ἔχεις.
3315 4257 3457 4310 Ἐπεὶ
3484 4253 3533 4306 δὲ
3553 4245 3718 4320 ἁρμονίᾳ

553 4363 713 4410 eras,
745 4364 922 4418 neque
970 4348 1098 4402 dum
1140 4349 1318 4418 qualis
1376 4365 1521 4404 nunc
1574 4365 1654 4404 es.
1705 4347 2088 4407 Verumtamen

2232 4349 2587 4419 κολακευτικῇ
2624 4347 2856 4418 ἄχθομαι
2899 4347 3079 4416 (δοκεί
3120 4347 3229 4419 γάρ
3263 4364 3350 4418 μοι
3379 4344 3478 4399 τῶν
3502 4337 3717 4411 ὲκρὺθμων

556 4438 681 4510 quia
715 4437 900 4493 Parcis
953 4439 1112 4492 aliter
1163 4448 1246 4494 est
1295 4440 1470 4494 visum
1499 4480 1514 4503 ,
1563 4441 1814 4499 Vitellius
1871 4444 2087 4512 quidem

2161 4432 2206 4488 Ι)
2232 4460 2291 4494 τε
2327 4442 2420 4494 καὶ
2452 4441 2551 4493 ούκ
2579 4439 2898 4508 εὐφθόγγων
2918 4440 2992 4510 (5)
3023 4436 3205 4511 εἶναι),
3224 4437 3498 4509 τετμήσθω
3522 4449 3596 4504 μοι
3615 4425 3715 4498 ἧδεῆ

629 4652 669 4682 ⁸⁷
713 4651 1159 4732 lili._lli,_c.__?7.
1239 4653 1282 4685 ¹⁸
1322 4654 1545 4732 lib._in,
1582 4673 1632 4712 c.
1674 4659 1759 4714 M.
1842 4662 1882 4692 ¹⁹
1923 4663 2015 4716 lib.
2054 4682 2102 4718 γι
2131 4707 2146 4728 ,
2181 4695 2183 4710 ι

2181 4682 2231 4720 c.
2275 4667 2330 4720 ll
2365 4681 2380 4731 ;
2412 4672 2466 4720 et
2498 4665 2588 4719 lib.
2626 4681 2699 4718 vn
2735 4681 2786 4720 e.
2820 4665 2888 4720 32
2952 4663 3098 4721 conf.
3149 4674 3204 4719 et
3261 4681 3307 4720 s.
3343 4680 3391 4720 c.
3423 4663 3506 4717 3|.
3589 4654 3624 4686 ¹⁶
3653 4647 3711 4702 lib-

555 4735 682 4790 Vltl,
715 4739 764 4778 c.
803 4723 853 4776 7.
927 4723 997 4754 ’θ’
1035 4722 1129 4778 lib.
1164 4738 1297 4789 vnt,
1333 4739 1385 4779 c.
1424 4725 1472 4778 7.

627 4903 738 4976 (95)
778 4904 1254 4978 Κακοδαιμόκων.
1285 4905 1527 4974 Infelices
1549 4905 1780 4959 Romani
1804 4920 2021 4978 quoque
2048 4921 2130 4960 so-

2311 4906 2386 4975 (ί)
2435 4896 2509 4962 Td
2535 4911 2776 4964 τοιαῦτα
2807 4910 2935 4975 ὃόξ.
2979 4910 3262 4978 Pbilostr.,
3286 4916 3351 4966 τα
3378 4909 3536 4964 αὐτῶν
3557 4897 3711 4956 τοιαῦτα

554 4975 668 5031 lent
690 4991 890 5030 vocare
910 4991 1031 5050 eos.
1045 4976 1246 5050 quibus
1267 4993 1424 5050 mens
1448 4985 1532 5030 est
1577 4978 1742 5050 laeva;
1766 4975 2108 5050 κακοδαίμονι

1195 4992 1246 5050 is
1267 4993 1424 5050 mens
1448 4985 1532 5030 est
1577 4978 1742 5050 laeva;
1766 4975 2132 5050 κακοδαίμονα
2239 4981 2295 5032 ὲν
2318 4981 2456 5050 ἀρχῇ
2481 4979 2749 5044 δόξαντας.

555 5053 739 5101 autem
781 5055 835 5100 et
885 5032 1174 5120 εξῦδαίμῖονα
1208 5046 1584 5120 Graecisesse,
1617 5032 1820 5114 quibus
1869 5032 2109 5120 bené__ve

2239 5119 2261 5120 κ
2310 5032 2791 5119 (ὧἻίάὶ
2839 5050 3085 5120 ἠγάπων
3137 5046 3562 5115 κολακευτικὴν.
3605 5032 3709 5120 Md

558 5131 717 5171 secus
747 5111 1050 5172 constituta
1067 5132 1221 5172 mens
1241 5126 1345 5182 est,
1379 5117 1446 5172 ad
1468 5111 1856 5170 Philostratum
1887 5115 2133 5184 pluribus
2238 5111 2529 5175 Eusebium
2565 5111 2693 5176 erat'
2720 5111 3116 5186 κολακευτικόν,
3153 5126 3292 5178 male
3329 5124 3477 5178 etiam
3497 5111 3596 5186 post
3619 5111 3712 5176 li?"

557 5187 870 5264 probatum.
960 5260 973 5264 _
1024 5257 1034 5264 ⁸
1230 5259 1239 5264 _
1406 5257 1418 5264 Δ
1655 5257 1665 5264 _
1951 5255 2012 5264 Α
2239 5207 2356 5242 πων
2403 5207 2614 5264 Corinna
2659 5193 3314 5264 ponebatur.L‘trumque
3361 5187 3582 5245 mendum
3617 5193 3709 5247 ρεπεν

628 5255 741 5329 (96)
768 5257 1112 5329 βασιλείαν
1135 5259 1348 5329 τούτῳ.
1385 5257 1531 5329 Ante
1561 5257 1824 5325 scriptum
1849 5261 1966 5308 erat
1986 5255 2138 5324 βασι-

1460 5266 1531 5310 ite
1561 5257 1824 5325 scriptum
1849 5261 1966 5308 erat
1986 5255 2138 5324 βασι-
2239 5271 2401 5322 eunte
2433 5255 2764 5316 Philostrato
2797 5263 3014 5316 sustuli.

555 5325 731 5400 λείοις
765 5326 1033 5400 Eusebius
1064 5327 1225 5400 habet
1257 5327 1530 5400 βασιλείαν
1563 5344 1681 5400 ιιτιμ.Δ
1763 5395 1774 5400 _
1874 5395 1884 5400 _

2246 5398 2270 5400 ᾗ
2316 5332 2390 5400 (5)
2438 5335 2513 5386 Τὰ
2537 5331 2638 5386 σά.
2681 5332 2868 5386 Melior
2898 5332 3040 5385 haud
3071 5333 3233 5387 dubie
3258 5339 3340 5386 est
3366 5328 3512 5400 lectio
3539 5325 3640 5400 Ιξξεεν
3658 5327 3703 5400 ff

630 5397 1122 5472 (97)__’A«106d.10t.
1156 5386 1355 5472 Verior
1384 5386 1718 5472 hauddubie
1763 5395 1947 5472 lectio,
1972 5412 2135 5472 quam
2245 5386 2578 5457 Philostrato
2629 5409 2899 5464 revocata.
2934 5386 3096 5472 quam
3129 5386 3269 5472 quod
3308 5403 3360 5455 in
3387 5398 3527 5472 editis
3551 5386 3704 5472 Eusebii

558 5475 612 5543 et
634 5465 914 5543 _Pliilost_r.
948 5470 1216 5543 agnoscit,
1251 5477 1305 5524 et
1355 5484 1459 5524 ms.
1495 5467 1717 5521 Morello
1766 5466 1964 5519 visum.
1995 5465 2138 5521 Editi
2244 5481 2326 5526 est
2355 5473 2498 5538 τάδε,
2537 5475 2616 5528 sic
2647 5465 3094 5543 enimsequentia
3131 5465 3307 5543 aptius
3332 5470 3583 5543 τοίοισι-ειη.

558 5535 831 5613 habebant
855 5535 1166 5613 ἀποϐᾀλλει.
1195 5605 1252 5613 __
1280 5608 1312 5613 __
1487 5607 1526 5613 _
1548 5607 1580 5613 ,Α
1613 5608 1624 5613 _
1705 5607 1717 5613 _
1819 5609 1828 5613 λ

2315 5544 2391 5613 (4)
2431 5535 2762 5598 Βιτελλίου.
2806 5535 3065 5597 Philostr.
3095 5535 3241 5598 addit
3268 5539 3493 5613 ἐνταῦθα.

633 5606 745 5682 (ἓξ.)
788 5606 1043 5682 2Ἑκοποῦ.
1088 5609 1162 5682 Ita
1188 5605 1453 5682 Philostr.
1487 5607 1956 5682 Ειιίιὶ,εὐσκόπου.

2244 5679 2279 5682 Α,
2428 5616 2806 5682 Εὐερθόγτων.
2834 5614 3004 5667 Antea
3026 5614 3305 5682 ἀφθόγγων
3337 5610 3477 5682 male,
3501 5602 3695 5682 Ηριξῒξοξ

631 5676 743 5758 (91))
787 5678 1059 5758 ᾎλλους.
1105 5669 1855 5758 ΡΙῄΙοεῑι-τ,ὲτέρουςξηίιυίιιιι
1891 5682 1944 5734 in
1989 5694 2133 5735 mar-

2239 5669 2440 5754 Nenepe
2459 5669 2771 5754 εὐφθόγγων
2798 5669 3111 5740 Pliilostraii
3143 5669 3299 5739 etiam
3325 5678 3514 5736 codices
3539 5669 3696 5726 habent

561 5747 684 5817 [ine
711 5748 995 5802 lectionem
1032 5750 1362 5818 ascripserat
1394 5747 1609 5822 quoque
1649 5747 1856 5806 Morcll.
