3936 6208
230 263 335 321 857

1356 272 1557 328 LIBER
1594 272 1867 331 CONTRA
1908 272 2324 331 HIEROCLEM.

3370 271 3477 329 858

235 383 419 457 αευρά,
446 384 542 439 καὶ
588 386 753 457 μηδὲν
779 388 916 459 ἡγοῦ
946 389 1053 442 τῶν
1088 390 1195 444 σῶν
1227 392 1621 465 ὲντεθυμῆσθαί
1653 413 1739 465 με.
1786 414 1803 448 ι

1920 396 2037 450 dum
2072 394 2173 450 ista
2204 399 2385 464 ageret
2417 391 2643 448 consilia
2669 433 2684 458 ,
2736 391 2877 445 male
2906 390 3085 461 periit,
3111 398 3169 444 tu
3191 404 3322 445 vero
3360 404 3480 451 quae

233 473 331 527 Διά
359 472 565 528 τούτων
606 476 662 530 δὲ
687 478 821 549 ὁμοῦ
848 480 937 532 τὸν
969 480 1135 553 ἄνδρα
1165 482 1392 548 κόλακα,
1426 486 1520 538 καὶ
1547 485 1803 557 ψεύστην,

234 565 329 619 καὶ
358 564 535 621 πάντα
566 568 762 638 μᾶλλον
789 569 821 641 ἢ
857 572 1161 642 φιλόσοφον,
1190 577 1219 628 ὁ
1255 577 1395 649 ὑπὲρ
1422 578 1520 647 τῆς
1550 578 1808 651 ἀληθείας

235 657 531 729 παρίστησι
578 658 731 729 λόγος
757 661 852 733 (6).
885 664 1131 719 Τοσαῦτα
1180 667 1287 738 γάρ
1335 669 1595 741 πρότερον
1640 670 1808 724 εἰπὼν

234 750 375 803 κατά
403 749 497 803 τοῦ
528 752 873 822 Δομετιανοῦ,
918 757 1199 811 κολακεύει
1236 759 1328 812 νῦν
1349 762 1377 813 ό
1402 761 1679 828 γεννάδας,
1715 762 1808 815 καὶ

234 841 714 916 καθυποκρίνεται,
749 847 825 909 ὼς
872 848 1026 902 οὐδέν
1066 867 1118 903 τι
1155 854 1274 905 κατ’
1302 852 1488 917 αὐτοῦ,
1526 852 1720 923 μᾶλλον
1752 855 1808 907 δὲ

234 931 378 1004 ὑπὲρ
411 933 595 999 αὑτοῦ,
632 934 738 989 τῶν
777 938 904 1011 περὶ
938 940 1140 1011 μοιρῶν
1173 942 1318 1013 αύτῷ
1350 945 1443 996 καὶ
1476 944 1718 1016 ἀνάγκης
1751 950 1807 1000 ὲν

245 1025 423 1097 Ἰωνίᾳ
460 1029 848 1099 κεκινημένων.
870 1031 1124 1085 Ἀνάλαϐε
1163 1035 1301 1105 ὁῆτα
1340 1038 1437 1107 τὴν
1474 1037 1732 1109 ἱστορίαν,
1762 1034 1807 1093 ὧ

235 1119 592 1189 ωγγραφεῦ,
642 1121 734 1174 καὶ
789 1123 888 1193 τῆς
935 1124 1189 1195 ἀληθείας
1243 1127 1506 1200 διανήψας
1561 1129 1687 1200 (7)
1741 1131 1808 1185 τά

236 1211 505 1282 πρότερόν
579 1229 661 1266 σοι
716 1215 991 1286 γραφέντα
1059 1216 1288 1292 λαμπρᾷ
1353 1222 1444 1273 καὶ
1530 1221 1808 1294 φιλαλήθει

233 1301 408 1357 δίελθε
466 1303 540 1375 (8)
599 1308 662 1377 τῇ
712 1309 898 1378 φωνῇ,
946 1309 1112 1380 μηδὲν
1165 1311 1649 1383 ὑποστειλάμενος·
1699 1315 1805 1381 Ὡς,

237 1399 298 1451 ὲν
362 1398 571 1469 Ἐφέσῳ
636 1400 949 1471 διατρίϐων,
1001 1419 1016 1452 ι
1080 1404 1283 1476 ἀφίστη
1342 1405 1668 1476 Δομετιανοῦ
1722 1406 1810 1461 ἄν-

236 1486 369 1559 δρας
402 1488 498 1559 (9),
528 1490 621 1542 καὶ
650 1490 789 1562 ὑπὲρ
825 1491 1075 1545 ἁπάντων
1100 1494 1365 1566 ὲῤῥώννυε
1398 1497 1689 1569 σωτηρίαςο
1715 1500 1809 1553 καὶ

235 1580 337 1642 τάς
385 1580 483 1651 μὲν
526 1581 969 1653 επιστολιμαίους
1002 1585 1217 1656 ὁμιλίας
1258 1587 1368 1657 (10)
1402 1589 1501 1641 οὐκ
1546 1588 1808 1657 ἀσφαλεῖς

237 1673 423 1736 αὐτοῖς
449 1672 583 1743 ᾤετο
602 1715 617 1739 ,
652 1675 759 1728 τῶν
790 1676 846 1730 δὲ
880 1678 1111 1749 ἑταίρων
1140 1682 1265 1743 τοὺς
1301 1681 1773 1751 σωφρονεστάτους
1791 1723 1804 1747 ,

1911 487 2057 541 illius
2082 490 2237 540 erant
2263 500 2411 540 nunc
2468 484 2738 554 possides.
2792 482 2895 537 Sed
2937 484 3191 553 quoniam
3233 481 3480 537 adulato-

1910 595 2032 633 rum
2068 586 2263 632 cantus
2301 593 2386 632 me
2418 578 2663 641 otiendit,
2700 574 2936 639 (videtur
2958 573 3101 632 enim
3136 574 3268 628 mihi
3300 575 3478 631 disso-

1909 685 2013 724 nus
2040 684 2162 724 esse
2190 683 2252 723 ac
2281 667 2537 738 discors,)
2575 666 2876 737 rumpenda
2913 667 3044 720 mihi
3078 666 3181 721 ista
3209 672 3293 720 est
3319 665 3479 719 ebor-

1909 762 1997 816 da.
2052 760 2238 832 Neque
2283 762 2443 816 velim
2490 769 2547 815 ut
2595 760 2876 815 arbitreris
2932 759 2998 813 de
3039 758 3149 813 tuis
3182 758 3346 812 rebus
3391 772 3478 813 me

1911 850 2204 921 cogitasse.
2272 867 2291 901 ι
2347 848 2445 905 His
2502 856 2681 903 autem
2732 848 3072 918 Apollonium
3143 847 3476 901 adulatorem

1904 943 2061 1012 juxta
2113 949 2164 997 et
2197 942 2534 1005 mendacem,
2566 948 2619 997 et
2643 941 2857 1010 quidvis
2889 940 3068 1009 potius
3106 953 3266 1008 quam
3303 937 3478 1007 philo-

1909 1036 2163 1104 sophum,
2198 1036 2356 1090 nobis
2400 1034 2547 1090 sistit
2600 1033 2827 1088 historia
2877 1032 3014 1097 ista,
3069 1031 3313 1086 veritatis
3343 1028 3477 1083 adeo

1909 1127 2175 1183 studiosa.
2206 1126 2450 1198 Namque
2478 1127 2618 1181 idem
2641 1167 2655 1192 ,
2689 1126 2781 1197 qui
2812 1126 3046 1196 graviter
3075 1124 3208 1179 adeo
3234 1126 3387 1195 prius
3421 1124 3479 1179 in

1912 1219 2277 1275 Domitianum
2331 1220 2509 1276 fuerat
2566 1220 2847 1282 invectus,
2902 1233 3048 1272 nunc
3099 1217 3349 1272 adulatur
3396 1217 3480 1272 vir

1910 1319 2188 1376 strenuus,
2217 1314 2547 1385 simulatque
2583 1329 2646 1369 ac
2686 1314 2731 1369 si
2768 1328 2877 1368 non
2909 1322 3099 1368 contra
3145 1313 3319 1383 ipsum
3372 1311 3482 1365 ullo

1909 1406 2092 1470 modo,
2132 1405 2227 1460 sed
2256 1421 2353 1477 pro
2386 1406 2505 1476 ipso
2548 1407 2730 1476 potius
2777 1404 3008 1468 faciant,
3046 1419 3183 1475 quos
3237 1403 3294 1456 in
3332 1400 3483 1455 lonia

1908 1498 2023 1567 ipse
2068 1497 2135 1553 de
2156 1497 2282 1554 fatis
2327 1507 2489 1569 atque
2530 1501 2857 1555 necessitate
2893 1507 3134 1556 moverat
3176 1499 3481 1554 discursus.

1911 1587 2075 1644 Sume
2109 1590 2278 1660 igitur
2304 1589 2359 1643 in
2388 1605 2580 1646 manus
2611 1599 2779 1655 tuam,
2816 1606 2849 1645 o
2885 1592 3139 1661 scriptor,
3164 1590 3482 1652 historiam,

1908 1689 1963 1736 et
2020 1681 2234 1736 veritati
2277 1683 2617 1753 pervigilium
2667 1698 2853 1753 agens,
2915 1693 3072 1738 antea
3134 1682 3231 1736 tibi
3288 1681 3343 1735 in
3396 1680 3485 1734 lit-

234 1764 424 1819 ἄλλοτε
454 1765 608 1820 ἄλλον
642 1767 1059 1838 ἀπολαμϐάνων,
1095 1772 1368 1836 Διάκονον,
1397 1772 1544 1841 ἔλεγε
1572 1812 1585 1837 ,
1626 1773 1810 1826 ποιοῦ-

1920 1777 2058 1823 teras
2094 1769 2266 1823 relata
2308 1770 2453 1823 clara
2505 1787 2637 1826 voce
2686 1780 2741 1826 et
2785 1772 3032 1828 veritatis
3073 1771 3310 1826 studium
3350 1785 3487 1840 prae-

240 1857 340 1926 μαί
392 1875 449 1910 σε
484 1859 794 1931 ἀπορρήτου
840 1860 1113 1933 λαμπροῦ.
1154 1861 1375 1915 Βαδίσαι
1421 1862 1477 1916 δέ
1513 1880 1570 1916 σε
1604 1863 1710 1935 χρὴ
1750 1865 1807 1929 ἐς

249 1947 467 2020 Ῥώμην
501 1950 651 2024 παρὰ
688 1953 778 2005 τὸν
812 1952 985 2017 δεῖνα,
1025 1954 1117 2007 καὶ
1165 1954 1505 2026 διαλεχθῆναί
1538 1957 1606 2009 οἱ.
1642 1976 1660 2008 ι
1698 1956 1808 2011 Καὶ

234 2039 505 2109 διελέγετο
537 2043 636 2113 μὲν
690 2044 830 2114 ὑπὲρ
868 2044 1070 2115 μοιρῶν
1121 2047 1215 2099 καί
1255 2046 1531 2115 ἀνάγκης,
1588 2048 1681 2101 καὶ
1717 2048 1808 2101 τὸν

234 2132 391 2201 λόγον
415 2134 571 2205 διῄει,
598 2135 678 2187 ὅτι
711 2135 843 2207 μηδὲ
875 2139 923 2189 οἱ
954 2137 1204 2209 τύραννοι
1231 2138 1299 2191 τά
1329 2140 1531 2210 μοιρῶν
1561 2133 1663 2193 οἷοι
1694 2139 1809 2210 βιά-

236 2226 443 2291 ζεσθαι.
481 2229 589 2281 Καὶ
621 2228 695 2291 ὡς
729 2228 933 2300 χαλκῆς
978 2230 1183 2293 είκόνος
1227 2231 1515 2303 ἱδρυμένης
1551 2235 1808 2302 Δομετια-

235 2320 330 2373 νοῦ
358 2321 494 2389 πρὸς
516 2320 593 2392 τῷ
626 2322 852 2393 Μέλητι,
874 2324 1203 2395 ἐπιστρέψας
1232 2326 1289 2386 ἐς
1320 2324 1488 2393 αὐτὴν
1520 2326 1643 2387 τοὺς
1665 2342 1806 2397 παρ-

235 2411 415 2475 ὄνταςο
450 2432 466 2462 ι
494 2413 705 2485 Ἀνὸητε
732 2454 745 2476 ,
781 2410 951 2479 εἶπεν,
981 2413 1055 2477 ὡς
1091 2415 1222 2469 πολὺ
1249 2416 1637 2487 διαμαρτάνεις
1689 2435 1807 2487 μοι·

240 2504 350 2578 ρῶν
381 2506 472 2557 καὶ
518 2506 778 2578 ἀνάγκης.
810 2499 879 2577 ᾯ
914 2505 1022 2577 γὰρ
1059 2506 1193 2577 μετὰ
1233 2508 1292 2560 σὲ
1322 2507 1675 2579 τυραννεῦσαι
1712 2509 1807 2561 πέ-

238 2613 449 2669 πρωται
471 2639 484 2660 ,
518 2599 704 2652 τοῦτον
751 2598 845 2651 καὶ
878 2600 925 2651 εἰ
959 2600 1353 2665 άποκτείνειας,
1390 2599 1803 2655 ἀναϐιώσεται.»

250 2690 309 2741 ⁸0
338 2689 401 2761 δὴ
430 2691 566 2761 μετά
596 2693 721 2756 τοὺς
748 2694 921 2757 τοίους
947 2692 1223 2760 διαλόγους
1265 2692 1575 2747 κολακεύων
1606 2692 1696 2745 τὸν
1718 2693 1810 2745 τύ-

240 2800 453 2856 ραννον,
480 2785 570 2837 καὶ
604 2786 769 2855 μηδὲν
801 2802 851 2837 τι
878 2786 1079 2838 τούτων
1109 2785 1183 2848 ὼς
1213 2785 1349 2856 πρὸς
1375 2784 1537 2838 αὐτὸν
1563 2784 1809 2859 εἰρῆσθαι

238 2875 389 2947 αύτῷ
425 2880 946 2949 κατειρωνευόμενος
969 2919 982 2943 ,
1020 2878 1135 2942 πῶς
1159 2879 1219 2931 ού
1252 2879 1552 2950 μοχθηρίας
1590 2878 1809 2948 ἀπάσης

239 2971 334 3022 καὶ
360 2969 733 3041 ἀνελευθερίας
758 2970 999 3042 κριθείη;
1030 2974 1077 3024 εἰ
1109 2972 1182 3043 μὴ
1207 2972 1313 3043 ἄρα
1344 2972 1709 3044 ψευδηγόρους
1738 2989 1811 3023 τι-

238 3061 336 3123 νὰς
378 3062 473 3113 καὶ
519 3063 857 3132 κατηγόρους
910 3061 1004 3115 τοῦ
1051 3064 1270 3133 ἀνδρὸς,
1320 3063 1438 3134 ούχὶ
1484 3064 1539 3117 δὲ
1592 3064 1810 3134 ἀληθεῖς

1908 1870 2071 1917 eunte
2102 1859 2263 1932 540
2286 1865 2482 1932 relege,
2512 1880 2613 1918 nec
2644 1875 2695 1919 te
2717 1864 2992 1920 subducas
3019 1864 3147 1919 huic
3179 1862 3332 1919 oneri
3364 1877 3376 1911 :
3412 1859 3483 1917 Ut

1909 1970 2103 2024 nempe
2137 1968 2516 2011 commoratus
2540 1956 2736 2027 Ephesi
2774 1957 2843 2021 εί,
2876 1974 2894 2007 ι
2934 1972 2964 2010 a
3000 1955 3309 2010 Domitiano
3339 1954 3487 2009 viros

1911 2046 2322 2111 abalienaverit,
2387 2054 2440 2101 et
2474 2054 2531 2100 ιιι
2555 2062 2909 2102 communem
2958 2052 3242 2101 tuerentur
3268 2044 3490 2099 liberta-

1912 2147 2018 2193 tem
2070 2137 2517 2192 conﬁrmaverit:
2553 2148 2721 2208 atque
2757 2137 3087 2193 commercia
3130 2136 3345 2207 quidem
3393 2149 3491 2205 per

1909 2232 2171 2301 epistolas
2206 2232 2391 2286 minus
2429 2241 2539 2285 tuta
2590 2232 2726 2301 ipsis
2759 2246 2879 2285 esse
2914 2229 3207 2302 putaverit.
3248 2227 3492 2299 adeoque

1912 2326 2177 2380 sodalium
2231 2325 2698 2396 prudentissimis,
2758 2323 2918 2378 modo
2941 2324 3044 2378 hoc
3095 2320 3259 2376 modo
3308 2320 3416 2377 alio
3455 2333 3493 2375 ει

1916 2418 2076 2471 turba
2112 2417 2361 2480 seducto,
2387 2417 2590 2472 dixerit
2616 2432 2628 2468 :
2661 2415 2838 2486 Magni
2873 2423 2925 2470 te
2950 2413 3091 2469 facio
3117 2412 3298 2468 arcani
3328 2411 3487 2466 mini-

1910 2517 2105 2565 strum.
2157 2507 2383 2578 Oportet
2417 2517 2597 2563 autem
2629 2507 2855 2561 Romam
2884 2514 2937 2561 te
2967 2506 3116 2561 abire
3144 2504 3209 2559 ad
3233 2506 3377 2559 hunc
3400 2504 3486 2558 vel

1914 2600 2091 2663 illum,
2125 2608 2289 2669 atque
2323 2615 2447 2653 cum
2496 2616 2560 2655 eo
2617 2599 2910 2654 disserere.
2945 2617 2962 2649 ι
3002 2595 3074 2653 Ut
3107 2598 3235 2651 item
3270 2595 3336 2651 de
3366 2594 3491 2653 fatis

1910 2702 1961 2747 et
1987 2694 2311 2748 necessitate
2328 2693 2543 2747 locutus
2558 2692 2626 2747 sit
2639 2694 2705 2757 ",
2724 2700 2884 2761 atque
2906 2688 3206 2745 ostenderit
3221 2688 3490 2753 oratione,

1911 2784 2054 2855 quod
2094 2802 2163 2840 ne
2210 2785 2427 2857 tyranni
2476 2783 2696 2854 quidem
2749 2782 2983 2838 fatorum
3027 2789 3241 2835 mutare
3278 2780 3492 2835 decreta

1912 2879 2148 2932 valeant.
2180 2875 2251 2931 Ut
2300 2891 2467 2947 porro
2512 2891 2663 2929 aenea
2716 2890 2840 2929 cum
2872 2880 3019 2929 esset
3067 2871 3377 2947 Domitiano
3426 2869 3494 2924 ad

1913 2969 2161 3024 Meletem
2192 2967 2416 3023 ﬂuvium
2450 2969 2631 3039 posita
2672 2972 2875 3030 statua,
2902 2966 2957 3019 in
2981 2980 3099 3020 eam
3133 2972 3192 3018 ut
3217 2965 3495 3018 intueren-

1912 3068 2003 3113 tur
2040 3101 2055 3125 ,
2112 3072 2411 3131 praesentes
2476 3075 2668 3115 omnes
2707 3057 3037 3129 permoverit
3068 3097 3083 3121 ,
3152 3055 3490 3125 dixeritque:

240 3154 623 3224 συγγραφέας,
661 3153 778 3226 θείη
815 3172 898 3218 τις
931 3156 1056 3218 τοὺς
1079 3153 1251 3206 ταῦτα
1284 3156 1468 3225 μνήμῃ
1498 3154 1810 3223 παραδεδω-

1922 3174 1939 3204 ι
1964 3153 2007 3208 0
2026 3155 2210 3219 stulte,
2224 3169 2386 3223 quam
2401 3152 2635 3208 fatorum
2655 3153 2873 3224 ignoras
2888 3152 3124 3207 indolem
3144 3162 3303 3222 atque
3314 3166 3499 3205 neces-

241 3242 426 3306 κότας.
472 3245 579 3297 Καὶ
623 3244 725 3297 ποῦ
775 3245 866 3298 τοῦ
921 3244 1296 3311 «φιλαλήθους
1335 3265 1352 3295 ι
1383 3247 1433 3297 οἱ
1482 3244 1812 3308 παιδεύσεως

242 3335 346 3405 μὲν
384 3335 475 3386 ἐπὶ
525 3335 776 3388 πλεῖστον
822 3337 1078 3407 ἥκοντες,
1115 3338 1175 3389 τὸ
1224 3336 1267 3389 δ’
1307 3337 1503 3408 ἀληθὲς
1548 3336 1813 3407 τιμῶντες

242 3429 607 3497 συγγραφεῖς;
644 3448 661 3478 ›
697 3429 870 3500 Δάμις
908 3446 966 3481 τε
996 3431 1023 3482 ὁ
1058 3429 1379 3500 φιλόσοφος,
1415 3432 1443 3482 ὁ
1475 3431 1568 3483 καὶ
1602 3430 1814 3483 συνδια-

238 3518 439 3588 τρίψας
471 3518 548 3590 τῷ
574 3519 903 3590 δηλουμένῳ,
942 3522 1034 3573 καὶ
1063 3520 1416 3593 Φιλόστρατος
1449 3523 1476 3574 ό
1515 3521 1810 3592 Ἀθηναῖος,

240 3613 336 3680 ἀφ’
368 3607 444 3665 ὧν
485 3612 656 3666 ταῦτα
696 3614 1051 3684 παρατίθεται
1073 3631 1085 3643 °
1121 3614 1213 3678 οὓς
1246 3614 1429 3683 σαφῶς
1463 3614 1633 3678 οὕτως
1668 3616 1820 3667 ἐναν-

239 3704 638 3773 τιολογοῢντας,
673 3705 1056 3776 κομπάζοντάς
1088 3724 1148 3760 τε
1183 3707 1419 3777 ἀληθῶς,
1450 3707 1541 3759 καὶ
1575 3710 1687 3769 τοῖς
1725 3724 1820 3778 μα-

240 3795 492 3867 χομένοις
568 3799 1006 3869 παρισταμένους
1066 3798 1304 3867 ψεύστας
1370 3798 1648 3870 ἐναργῶς,
1726 3799 1819 3850 καὶ

242 3890 631 3957 ἀπαιδεύτους,
685 3893 779 3945 καὶ
822 3892 1023 3962 γόητας
1064 3892 1164 3962 τῆς
1215 3890 1470 3963 ἀληθείαις
1512 3893 1572 3943 τὸ
1622 3891 1820 3960 φέγγος

241 3983 540 4054 διήλεγξεν.

244 4076 444 4128 rimum
518 4073 800 4145 profecere
831 4115 844 4138 ,

1921 3230 2119 3300 sitatis.
2147 3245 2247 3299 Cui
2283 3245 2427 3299 enim
2461 3247 2529 3301 ab
2554 3246 2654 3308 eis,
2680 3253 2882 3314 utpost
2903 3252 2955 3299 te
2989 3245 3238 3313 imperet,
3275 3242 3378 3297 fuit
3406 3243 3496 3299 de-

1917 3344 2149 3400 cretum,
2171 3336 2282 3400 ille,
2309 3336 2355 3392 si
2377 3339 2612 3406 perimas
2632 3338 2816 3402 etiam,
2834 3336 3172 3393 reviviscet.»
3205 3335 3323 3391 Jam
3340 3351 3490 3407 ergo,

1924 3429 2017 3499 qui
2060 3437 2181 3500 post
2216 3414 2499 3485 sermones
2521 3428 2790 3499 ejusmodi
2822 3429 3077 3485 adulatur
3125 3438 3380 3501 tyranno,
3413 3438 3495 3485 at-

1922 3537 2028 3592 que
2061 3520 2198 3575 nihil
2255 3536 2445 3577 eorum
2505 3520 2559 3574 in
2613 3522 2788 3591 ipsum
2843 3520 3050 3575 dictum
3085 3536 3207 3577 esse
3251 3521 3497 3589 simulat,

1921 3611 2192 3682 quomodo
2250 3612 2429 3667 omnis
2465 3612 2512 3667 is
2560 3611 2817 3680 nequitia:
2863 3610 3141 3680 animique
3207 3613 3499 3667 illiberalis

1921 3721 2048 3760 reus
2067 3720 2174 3758 non
2212 3704 2441 3774 agatur?
2473 3703 2586 3759 Nisi
2635 3703 2774 3759 forte
2811 3704 3101 3759 mendaces
3152 3704 3417 3773 quosdam
3440 3715 3495 3764 et

1923 3798 2348 3854 calumniatores
2377 3796 2652 3866 Apollonii
2715 3812 2838 3852 esse
2871 3804 3092 3859 statuat,
3134 3811 3243 3850 non
3274 3812 3496 3854 veraces

1923 3899 2195 3951 auctores,
2230 3891 2344 3944 haec
2388 3890 2480 3960 qui
2516 3889 2791 3944 memoria:
2830 3888 3209 3959 prodiderunt.
3249 3888 3351 3944 Ubi
3378 3889 3495 3958 jam

1923 3981 2088 4050 igitur
2116 3982 2191 4035 illi
2216 3980 2527 4035 Philaletln's
2564 3975 2834 4044 auctores,
2873 3999 2890 4030 ι
2915 3982 3006 4051 qui
3047 3980 3352 4037 eruditione
3375 3982 3495 4052 plu-

920 4075 1271 4144 veritatisqne
1306 4094 1324 4126 ι
1390 4072 1818 4129 studiosissimi?
1858 4070 2062 4137 Darnis,
2099 4072 2341 4143 inquam,
2398 4072 2885 4143 pbilosophus,qui
2912 4079 2966 4127 et
3026 4087 3209 4128 comes
3240 4074 3497 4130 assiduus

242 4171 318 4232 ei,
378 4170 445 4225 de
478 4187 587 4240 quo
618 4171 819 4241 agitur,
852 4169 973 4233 fuit,
1016 4169 1476 4239 Atheniensisque
1509 4167 1891 4231 Philostratus,
1938 4183 1967 4221 a
2000 4168 2199 4239 quibus
2253 4168 2355 4222 ista
2385 4168 2542 4223 nobis
2573 4176 2986 4239 proponuntur:
3019 4181 3156 4237 quos
3193 4166 3503 4222 luculenter

244 4269 381 4325 adeo
415 4269 518 4323 sibi
579 4283 883 4338 repugnare
948 4268 1103 4337 ipsis,
1140 4268 1443 4336 jactatores
1492 4276 1639 4321 certe
1666 4266 2015 4332 vanissimos,
2075 4273 2129 4319 et
2192 4265 2719 4321 contradictionibus
2752 4264 2869 4320 suis
2905 4262 3206 4335 spissorum
3262 4262 3496 4319 menda-

242 4364 457 4418 ciorum
491 4363 793 4427 convictos,
827 4361 1077 4417 indoctos
1114 4362 1240 4415 item
1276 4368 1330 4416 et
1379 4376 1569 4431 magos
1607 4361 1697 4414 lux
1730 4361 1976 4415 veritatis
2008 4360 2424 4414 demonstravit.

743 4481 1137 4535 ΚΕΦΑΛΑΙΟΝ
1196 4481 1325 4534 ΜΔ’.

2494 4475 2725 4533 CAPUT
2785 4475 2965 4531 XLlV.

326 4597 450 4650 Ἐπὶ
502 4597 634 4649 πᾶσι
666 4596 758 4649 τὸν
805 4593 1179 4659 Ἀπολλώνιον,
1213 4594 1592 4663 ἀπαλλαγέντα
1617 4594 1710 4647 τοῦ
1745 4595 1811 4647 δι-

2001 4592 2284 4649 Postremo
2306 4592 2656 4663 Apollonium
2695 4593 2906 4662 judicio
2948 4590 3259 4647 absolutum
3294 4605 3416 4645 sese
3443 4591 3501 4649 in

242 4689 543 4761 καστηρίου
566 4728 580 4752 ,
616 4692 674 4742 ὲν
707 4686 974 4758 Λεϐαδείᾳ
1012 4686 1185 4740 ἐλθεῖν
1224 4688 1445 4757 ἱστορεῖ.
1495 4686 1824 4757 Βουλόμενόν

1934 4685 2232 4741 Lehadeam
2285 4683 2557 4755 recepisse
2608 4693 2875 4739 memorat
2898 4684 2962 4740 ”.
2990 4681 3237 4754 Cumque
3286 4683 3342 4736 in
3370 4681 3493 4736 Troa

2566 4828 2596 4853 δ

318 4873 360 4904 ⁸⁸
402 4872 499 4928 lib.
533 4889 647 4937 vn,
675 4886 724 4928 c.
761 4871 816 4930 8.
893 4873 939 4906 ’³
979 4871 1074 4926 lib.
1113 4887 1224 4936 vn,
1256 4886 1304 4925 c.
1334 4870 1385 4927 9.
1466 4870 1511 4903 ’³
1552 4870 1647 4926 lib.
1684 4885 1815 4934 vm,
1848 4885 1898 4953 ο.
1937 4868 2025 4926 l9.

322 5027 399 5097 (6)
448 5028 503 5079 '0
556 5028 702 5097 ὑπὲρ
751 5025 861 5095 τῆς
904 5028 1188 5094 ἀληθείας
1243 5025 1588 5097 παρίστηοςι-
1618 5026 1817 5097 λόγος.

247 5095 461 5154 lronice
485 5095 715 5152 dictum.
750 5097 955 5166 Nempe
990 5112 1020 5149 a
1052 5099 1297 5152 veritatis
1333 5096 1513 5151 studio
1534 5095 1824 5150 Philostra-

244 5180 386 5236 tnm,
412 5180 572 5240 atque
616 5169 759 5224 istud
809 5167 1148 5239 σύγγραμμα
1196 5168 1317 5236 ejus
1344 5167 1823 5240 commendaverat

244 5237 550 5303 Hierocles,
584 5249 646 5294 ut
677 5240 860 5294 videre
892 5237 975 5293 est
1008 5237 1171 5308 supra
1203 5253 1321 5307 cap.
1358 5237 1413 5290 2.

319 5312 397 5380 (7)
437 5312 764 5379 Διανήψας.
805 5310 1087 5364 Acc‘oluln
1123 5310 1176 5362 in
1203 5312 1317 5364 suis
1347 5308 1590 5378 διανίψας
1623 5308 1819 5378 legisse

244 5393 458 5437 certum
490 5390 571 5437 est
600 5402 614 5436 -.
649 5396 772 5435 nam
799 5380 1072 5451 quomodo
1102 5388 1313 5434 vertere
1347 5380 1812 5451 aliasqpotuisset:

242 5456 355 5523 Age
389 5452 625 5506 veritatis
661 5450 1059 5523 [onte’dilutam
1089 5460 1257 5523 repete
1289 5450 1422 5523 hanc
1457 5450 1607 5504 clara
1651 5460 1699 5505 et
1744 5452 1820 5504 in-

244 5519 417 5590 qe'nua
466 5525 625 5579 voce?
656 5519 725 5576 At
777 5524 881 5577 ista
934 5519 1188 5593 lectione,
1234 5519 1815 5593 fatendum_ingenue,

248 5610 359 5648 non
406 5595 634 5647 multum
676 5593 816 5649 lucis
840 5592 1055 5665 accedit
1091 5594 1209 5647 loco
1240 5591 1495 5665 obscuro.
1529 5591 1672 5648 Nihil
1720 5610 1820 5665 ego

248 5665 472 5718 invenio
518 5665 690 5728 magis
736 5663 1034 5733 probabile,
1060 5678 1223 5732 quam
1251 5662 1537 5731 legendum
1572 5679 1693 5719 esse
1724 5662 1819 5717 καὶ

245 5738 315 5805 τῇ
348 5733 575 5806 aqua;
609 5735 892 5805 διανήψας,
926 5735 1003 5790 sic
1052 5735 1194 5792 enim
1240 5733 1378 5790 satis
1419 5734 1580 5806 plana
1613 5733 1816 5799 omnia,

1931 5040 2235 5095 sensusque
2285 5023 2512 5094 emergit
2556 5039 2665 5078 non
2714 5025 2895 5079 clarus
2946 5030 3181 5085 tantum,
3214 5036 3402 5076 verum
3444 5030 3504 5095 et

1930 5091 2173 5165 elegans,
2210 5111 2369 5165 quem
2402 5091 2651 5165 proinde,
2681 5110 2805 5150 cum
2836 5095 3002 5149 alium
3035 5109 3143 5148 non
3176 5107 3414 5163 possem,
3443 5091 3504 5147 in

1930 5169 2182 5221 versione
2210 5168 2371 5221 etiam
2403 5166 2669 5235 expressi.

2002 5238 2080 5306 (ὅ)
2120 5236 2432 5305 Γραφέντα
2456 5229 2697 5306 λαμπρᾷ
2724 5234 2824 5290 καὶ
2840 5234 3158 5306 φιλαλήθει
3178 5232 3392 5306 δίελθε.
3420 5229 3508 5306 Εξ

1928 5301 2032 5361 ms.
2077 5301 2315 5378 reposui.
2354 5301 2547 5378 Ριήοι·⁷
2569 5301 2757 5369 editio,
2816 5301 3096 5378 γραφέντα
3150 5301 3380 5378 λαμπρά
3407 5302 3506 5359 καὶ

1927 5372 2192 5448 φιλαλήθη
2230 5377 2424 5441 δίελθε,
2453 5379 2675 5432 alteram
2708 5372 2889 5448 autem
2926 5372 3210 5448 lectionem
3228 5372 3285 5426 et
3306 5372 3504 5427 distin~

1926 5444 2160 5504 ctionein
2182 5444 2465 5518 interpres
2494 5464 2709 5517 quoque
2743 5447 3008 5516 sequitur.
3044 5444 3319 5518 Hotsren.

1997 5519 2072 5586 (9)
2118 5512 2385 5587 ’Ἂν-δραξ.
2426 5512 2678 5579 Nervam,
2722 5512 2941 5571 Rufl'um
2972 5525 3025 5571 et
3053 5514 3303 5578 Orfitum,
3335 5512 3402 5569 de
3429 5512 3497 5569 iis

1925 5590 2069 5646 enim
2102 5586 2281 5660 agitur
2309 5606 2374 5646 eo
2401 5604 2560 5660 quem
2601 5589 2823 5660 respicit
2850 5587 3166 5660 Philostrati
3201 5586 3338 5660 loco.

1999 5660 2112 5737 tl_0)
2142 5657 2443 5737 "Dyniae.
2487 5657 2744 5716 Philustr.
2781 5657 3106 5731 ξυμϐουλίας
3133 5658 3317 5729 habet,
3353 5663 3496 5737 quod

1924 5733 2097 5807 magis
2119 5732 2365 5805 probem.
