3936 6208
547 347 740 418 phonii
788 364 1010 420 specum
1059 350 1391 411 descendere
1438 353 1740 425 aﬂectaret,
1784 361 2116 418 prohibitum

1223 237 1493 295 EUSEBII
1529 239 2009 300 CAESARIENSIS
2045 245 2196 302 OPP.
2237 245 2418 303 PARS
2449 247 2518 304 ῑῐ.
2550 276 2619 288 -
2653 243 3152 303 'APOLOGETICA.

2145 367 2192 423 Α
2221 381 2280 417 τε
2325 364 2383 428 ἐς
2431 362 2740 436 Τροφωνίου
2775 361 3071 425 κατελθεῖν,
3126 360 3198 434 μὴ
3233 359 3569 432 ἐπιτρέπεσθαι
3591 367 3686 434 πρὸς

547 440 618 495 ab
648 441 842 496 incolis
863 457 1004 509 esse,
1045 442 1130 499 his
1161 460 1380 515 quoque
1434 461 1652 519 magum
1675 465 1800 504 eum
1823 466 1944 507 esse
1988 466 2097 507 cen‘

2216 455 2330 509 τῶν
2357 454 2685 527 ἐπιχωρίων,
2709 454 2878 525 γόητα
2905 454 3000 506 καὶ
3029 452 3229 506 τούτων
3253 452 3532 522 ἡγουμένων
3557 454 3684 510 αὐτόν,

546 533 811 588 sentibus.
845 533 1008 604 Atqui
1038 536 1233 592 merito
1283 537 1404 606 ejus
1447 540 1524 593 rei
1561 541 1802 612 suspicio
1853 543 2114 608 obtineat,

545 624 592 680 si
623 625 746 695 quis
775 626 1074 680 contulerit
1103 629 1173 684 ab
1199 628 1354 684 initio
1378 629 1714 687 Philostrato
1747 632 1895 690 dicta
1931 635 1998 703 “,
2024 637 2114 692 ubi

541 731 686 787 agre
707 715 908 780 ferens,
955 719 1322 789 suspicionem
1367 723 1693 793 quibusdam
1743 741 1866 781 esse
1915 735 2114 792 ortam,

542 823 733 879 magus
756 809 900 879 quod
932 811 1023 877 sit,
1050 812 1104 867 id
1136 813 1314 883 ipsum
1358 817 1660 872 admiratus
1689 819 1902 889 inquit:
1944 838 1962 872 ι
1985 819 2113 874 Em-

541 900 819 971 pedoclem
867 910 1031 973 atque
1091 902 1452 975 Pythagoram
1481 908 1984 982 Democritumque,
2020 913 2114 982 qui

539 993 855 1048 earumdem
877 1009 1157 1063 magorum
1181 995 1490 1052 exstiterint
1517 999 1794 1069 discipuli,
1833 1017 2113 1072 nunquam

538 1092 717 1139 tamen
739 1085 794 1138 in
811 1085 947 1141 artis
965 1087 1112 1142 illius
1136 1089 1506 1157 StISpicionem
1540 1092 1787 1158 venisse;
1810 1090 1966 1162 541
1994 1093 2114 1147 Pla-

537 1182 718 1230 tonem
735 1190 971 1245 quoque,
993 1178 1209 1234 tametsi
1229 1179 1298 1233 ab
1313 1177 1582 1252 Egyptiis
1599 1181 1972 1237 sacerdotibus
1987 1198 2111 1252 pro-

537 1267 824 1338 phetisque
851 1269 1022 1322 multa
1053 1271 1378 1341 accepisset,
1405 1287 1577 1343 eaque
1605 1273 1722 1328 suis
1753 1273 1907 1328 libris
1934 1274 2113 1330 inser—

537 1361 730 1425 uisset,
753 1377 1094 1432 nequaquam
1121 1371 1300 1419 tamen
1323 1365 1579 1436 cuiquam
1603 1367 1794 1438 magia
1827 1369 2106 1423 addictum

533 1453 712 1508 visum
753 1467 894 1508 esse.
925 1451 1001 1508 De
1031 1453 1321 1524 Apollonio
1351 1467 1532 1514 autem
1564 1459 1811 1514 nondum
1848 1462 1982 1517 satis
2011 1462 2110 1516 ho-

533 1543 773 1598 minibus
812 1545 1140 1609 innotuisse,
1181 1547 1327 1616 quod
1374 1549 1624 1620 ingenua
1660 1552 1942 1622 sapientia:
1973 1569 2108 1610 usus

533 1639 606 1692 sit
627 1637 976 1707 adjumentis,
1014 1655 1340 1712 magumque
1368 1643 1633 1698 creditum
1655 1659 1779 1700 esse
1795 1660 1941 1708 eum,
1961 1646 2108 1716 quod

531 1731 951 1805 Babyloniorum
976 1738 1146 1808 magis
1176 1735 1719 1809 Brachmanibusque
1742 1737 2017 1804 Indorum,
2041 1757 2104 1796 ac

531 1820 804 1894 Egyptiis
834 1821 1008 1879 Nudis
1029 1839 1088 1880 se
1139 1825 1194 1879 in
1247 1825 1592 1896 disciplinam
1635 1827 1894 1884 dedisset.
1917 1848 1935 1880 ι
1964 1827 2102 1894 Quid

530 1915 696 1985 igitur
743 1914 1074 1972 Philostrato
1130 1918 1489 1989 responderi,
1547 1919 1741 1985 amice,
1806 1922 2107 1976 convenit?

527 2005 732 2078 Nempe
755 2008 840 2062 vir
865 2008 969 2064 iste
1017 2008 1136 2080 ejus
1161 2012 1377 2082 generis
1401 2027 1491 2068 res
1514 2012 1734 2068 molitus
1777 2013 1899 2078 fuit,
1933 2017 1992 2068 ut
2015 2031 2106 2070 so-

529 2098 616 2154 lus
647 2107 701 2154 et
717 2099 846 2155 olim
882 2109 936 2155 et
960 2111 1150 2156 nostra
1211 2111 1368 2158 atate
1425 2102 1588 2159 fuerit
1619 2104 1838 2162 habitus
1887 2121 2098 2176 magus,

527 2204 638 2260 pra
665 2189 996 2259 ejuscemodi
1057 2193 1210 2257 viris,
1262 2195 1357 2264 qui
1399 2195 1525 2250 licet
1573 2197 1816 2260 eosdem,
1853 2197 1998 2267 quod
2043 2206 2100 2251 tu

527 2281 747 2352 quidem
774 2283 876 2348 ais,
909 2285 1118 2354 experti
1166 2284 1401 2341 fuissent
1443 2289 1758 2358 magistros,
1793 2296 1847 2344 et
1868 2305 1968 2345 suo
2019 2298 2102 2344 ta-

528 2365 651 2430 men
671 2389 786 2428 avo
813 2376 956 2430 bona
989 2375 1131 2431 fama
1159 2377 1332 2447 gavisi
1356 2386 1504 2442 sunt,
1531 2387 1586 2434 et
1626 2381 1861 2451 posteris
1884 2398 2102 2452 quoque

524 2467 865 2537 temporibus
884 2467 1240 2538 philosophia
1279 2484 1392 2524 sua
1441 2471 1694 2526 virtutem
1745 2473 2100 2528 commenda-

523 2559 793 2616 tissimam
821 2561 1111 2630 reliquere.
1146 2561 1343 2616 Annon
1371 2563 1539 2632 igitur
1567 2565 1708 2618 ultra
1736 2580 1898 2634 quam
1932 2565 2013 2620 fas
2029 2567 2100 2620 sit

521 2668 646 2708 eum
707 2652 1081 2709 molitionibus
1132 2654 1248 2710 suis
1299 2655 1659 2725 processisse,
1722 2657 1920 2726 quibus
1967 2673 2099 2712 sana

524 2762 678 2801 mens
709 2754 793 2800 est
821 2746 1077 2802 omnibus
1106 2747 1458 2802 manifestum
1481 2749 1591 2803 sit?
1634 2747 1880 2820 Suntque
1905 2752 2099 2805 etiam-

522 2852 653 2890 num
688 2837 848 2892 hodie
878 2838 972 2907 qui
1031 2839 1271 2908 magicas
1323 2839 1632 2904 machinas,
1669 2856 1790 2910 qua
1819 2841 1922 2896 viri
1953 2842 2099 2896 illius

521 2943 645 2984 esse
681 2917 956 2992 dicantur.
993 2945 1117 2986 sese
1145 2931 1330 2985 dicant
1385 2932 1677 3002 reperisse.
1726 2932 1796 2986 At
1829 2933 1949 2990 istis
1980 2936 2098 2988 ani-

521 3035 670 3075 mum
699 3021 980 3077 advertere
1006 3037 1151 3077 nunc
1172 3023 1392 3093 quidem
1425 3023 1570 3078 haud
1600 3025 1796 3095 placet.
1818 3024 1890 3080 De
1926 3037 2097 3082 morte

521 3121 703 3168 autem
736 3113 898 3168 etiam
935 3114 1035 3168 viri
1069 3114 1347 3184 prioribus
1390 3122 1759 3170 consentanea
1801 3116 1929 3171 dum
1961 3132 2094 3172 coa-

521 3203 731 3269 cinnat,
790 3204 939 3259 nulla
995 3215 1148 3275 parte
1195 3206 1478 3260 veritatem
1530 3207 1610 3262 rei
1641 3207 1746 3262 sibi
1789 3208 2094 3266 innotuisse

521 3295 779 3350 ostendit.
810 3295 960 3351 Alios
990 3296 1136 3350 enim
1171 3295 1368 3366 Ephesi
1393 3297 1598 3351 exitum
1651 3299 1774 3367 ejus
1798 3300 2093 3371 contigisse

520 3385 597 3439 ait
634 3385 837 3441 referre
867 3387 936 3450 ’⁸,
967 3385 1104 3440 alios
1137 3392 1317 3439 autem
1347 3384 1573 3438 Lindiin
1599 3385 1849 3440 Minerva
1872 3389 2092 3455 templo,
2145 3449 2153 3456 _

521 3476 660 3531 alios
691 3476 744 3529 in
779 3475 938 3530 Creta
961 3476 1160 3531 insula.
1193 3475 1405 3530 Etcum
1433 3483 1644 3530 tantum
1675 3477 1925 3547 caliginis
1945 3477 2092 3531 illius

521 3569 683 3622 morti
711 3567 972 3634 ollundat,
1007 3569 1122 3623 vult
1149 3577 1330 3623 tamen
1365 3568 1616 3624 eumdem
1661 3583 1785 3622 cum
1823 3569 1943 3638 ipso
1969 3585 2092 3624 cor-

521 3675 652 3730 pore
677 3661 741 3714 ad
777 3675 1004 3729 superos
1019 3661 1284 3716 evolasse.
1312 3657 1444 3713 Nam
1480 3675 1603 3714 cum
1637 3660 2095 3730 templum,prout

519 3749 610 3804 ille
639 3751 737 3814 ait,
772 3751 1053 3820 ingressus
1105 3759 1272 3816 esset,
1329 3753 1516 3807 valvas
1561 3762 1782 3822 repente
1821 3751 2090 3816 occlusas,

517 3839 1060 3912 inexspectatumque
1095 3841 1366 3912 virginum
1407 3852 1630 3896 cantum
1670 3859 1736 3898 ex
1761 3858 1826 3897 eo
1850 3841 2093 3896 auditum

517 3950 658 3990 esse.
687 3933 1030 4007 Cantumque
1067 3937 1238 3995 fuisse
1264 3939 1426 3994 istum
1453 3954 1466 3990 :
1506 3957 1525 3990 ι
1563 3936 1719 4002 Veni,
1747 3938 1869 3994 veni
1891 3939 1945 3992 in
1975 3952 2092 3992 ca:-

515 4026 650 4090 lum,
673 4030 815 4085 veni.
841 4048 859 4080 ι
894 4029 1058 4084 Addit
1082 4032 1229 4101 quod
1266 4049 1334 4087 ne
1367 4032 1423 4086 in
1451 4031 1833 4102 cenotaphium
1865 4032 2085 4102 quidem

513 4119 634 4186 ejus
664 4119 933 4187 inciderit,
969 4137 1093 4177 cum
1140 4133 1319 4180 tamen
1351 4125 1468 4194 ipse
1502 4124 1818 4179 universum
1870 4123 2081 4184 orbem,

512 4223 618 4276 qua
669 4209 774 4264 late
805 4219 970 4279 patet,
1014 4223 1378 4284 peragrasset.
1425 4213 1656 4286 Vultque
1699 4215 1802 4269 hoc
1833 4215 1937 4285 ipsi
1965 4215 2085 4268 ani-

511 4314 655 4363 mus,
709 4303 933 4358 omnino
983 4313 1210 4359 mortem
1252 4307 1428 4360 virum
1457 4307 1608 4360 illum
1639 4321 1748 4361 non
1796 4309 2078 4376 attingere.

509 4387 646 4443 Cum
677 4393 821 4446 enim
851 4393 1006 4448 initio
1027 4394 1238 4451 dubitet
1287 4397 1354 4452 de
1389 4398 1551 4453 modo
1585 4414 1692 4468 quo
1723 4397 1860 4452 vivis
1893 4413 2084 4452 exces-

2215 546 2409 600 Καίτοι
2442 545 2590 612 ἄξιον
2633 545 2942 616 ἀπορῆσαι,
2990 542 3358 614 παραθέμενον
3385 543 3473 606 τὰς
3505 545 3552 596 έν
3589 546 3686 615 ἀρχῇ

2213 637 2306 690 τοῦ
2342 635 2707 706 Φιλοστράτου
2735 633 2927 700 λέξεις,
2955 633 3012 686 ὲν
3040 627 3128 696 αἷς
3147 632 3358 704 ἀπορῶν
3381 633 3408 684 ὅ
3427 633 3543 704 τιδὴ
3567 634 3688 704 γόητα

2215 727 2373 781 αὐτὸν
2399 727 2777 799 ὑπειλήφασιν,
2808 726 2946 780 αὐτὰ
2976 724 3039 796 δὴ
3063 723 3232 778 ταῦτα
3262 724 3504 796 θαυμάζει
3535 725 3688 794 λέγων·

2222 838 2241 871 ι
2283 819 2650 890 Ἐμπεδοκλέα
2686 818 2782 888 μὲν
2808 818 2902 870 καὶ
2933 815 3272 888 Πυθαγόραν,
3301 818 3390 870 καὶ
3413 817 3690 888 Δημόκριτον,

2215 915 2330 975 τοῖς
2355 913 2540 975 αὐτοῖς
2566 911 2758 983 μάγοις
2782 907 3145 980 ὡμιληκότας,
3161 905 3310 960 οὔπω
3329 906 3540 977 ὑπῆχθαι
3556 907 3688 981 emo

2215 1001 2478 1055 Πλάτωνά
2507 1018 2566 1054 τε
2590 1042 2604 1066 ,
2641 999 2790 1070 παρὰ
2821 1000 2930 1052 τῶν
2979 1000 3037 1051 ὲν
3071 997 3326 1067 Αἰγύπτῳ
3357 997 3520 1069 ἱερέων
3549 1015 3596 1050 τε
3627 999 3690 1051 καὶ

2217 1093 2513 1165 προφητῶν
2547 1092 2713 1146 πολλὰ
2740 1090 3132 1163 παρειληφότα,
3167 1091 3260 1143 καὶ
3286 1088 3446 1144 ταῦτα
3471 1091 3563 1152 τοῖς
3587 1090 3692 1154 ίδίοις

2211 1185 2552 1256 άναμίξαντα
2595 1185 2805 1253 λόγοις,
2852 1182 3101 1254 οὐδαμῶς
3147 1182 3293 1248 δόξαι
3333 1182 3433 1234 τισὶ
3481 1181 3690 1252 μαγεύειν.

2213 1278 2440 1331 Τουτονὶ
2473 1277 2529 1330 δὲ
2561 1276 2712 1330 οὔπω
2739 1275 3102 1345 γινώσκεσθαι
3148 1275 3277 1346 παρ’
3321 1274 3614 1346 ἀνθρώποις,
3637 1276 3692 1328 ὅτι

2210 1369 2276 1442 δὴ
2310 1371 2418 1424 ἀπὸ
2449 1369 2549 1438 τῆς
2601 1369 2862 1439 ἀληθινῆς
2887 1369 3113 1440 ὡρμᾶτο
3143 1369 3358 1438 σοφίας,
3395 1369 3543 1440 μάγον
3567 1365 3693 1420 Gui—

2211 1461 2300 1514 τὸν
2349 1461 2696 1531 νενομίσθαι,
2742 1460 2820 1531 τῷ
2856 1461 3048 1531 μάγοις
3081 1459 3451 1524 Βαϐυλωνίων,
3495 1458 3632 1512 Ἰνδῶν
3652 1475 3692 1512 τε

2211 1553 2497 1624 Βραχμᾶσι
2533 1552 2627 1606 καὶ
2656 1554 2770 1616 τοῖς
2798 1551 3108 1621 Αἰγυπτίων
3131 1553 3356 1622 Γυμνοίς
3385 1550 3690 1621 ὡμιληκέναι.)

2210 1645 2274 1698 Τί
2319 1645 2454 1716 δῆτα
2503 1641 2596 1698 οῦν
2628 1647 2906 1716 εἰρήσεται
2940 1643 3076 1716 πρὸς
3109 1644 3300 1708 αὑτὸν,
3329 1637 3372 1696 ὧ
3409 1639 3564 1706 οὗτος
3589 1641 3692 1712 Τῴδε

2143 1713 2181 1766 Β
2209 1735 2289 1807 τῷ
2334 1713 2488 1808 ἀνδρὶ
2519 1713 2834 1809 τηλικοῦ-τον
2876 1713 3209 1808 ἐπεχειρεῖτο
3233 1777 3247 1799 ,
3290 1736 3363 1799 ὡς
3405 1735 3541 1806 μόνον
3573 1735 3694 1802 γόητι

2211 1826 2376 1880 πάλαι
2399 1844 2454 1880 τε
2473 1827 2565 1880 καὶ
2582 1825 2676 1880 νῦν
2699 1827 3009 1897 νενομίσθαι
3039 1827 3205 1879 εἰσέτι
3226 1825 3371 1896 παρὰ
3391 1825 3500 1887 τοὺς
3513 1822 3696 1894 tritanii-

2206 1937 2329 1982 τους
2347 1919 2564 1990 ἄνδρας,
2583 1920 2631 1972 οἳ
2649 1919 2757 1972 τῶν
2774 1917 2973 1982 αὐτῶν,
2992 1917 3063 1980 ὡς
3088 1919 3214 1988 φῂς,
3232 1915 3532 1969 διδασκάλων
3556 1930 3698 1966 πεπει-

2207 2011 2463 2084 ρασμένοι
2493 2011 2648 2081 (lO'),
2695 2009 2989 2082 διέπρεψαν
3025 2009 3122 2082 μὲν
3150 2011 3246 2063 καὶ
3282 2008 3398 2062 καθ’
3427 2007 3506 2071 οὓς
3533 2004 3698 2076 ἐγνωρί-

2205 2101 2358 2168 ζοντο
2385 2103 2608 2174 χρόνους
2627 2146 2642 2168 ,
2688 2103 2782 2156 καὶ
2826 2105 2884 2167 ές
2925 2103 3048 2164 τοὺς
3095 2102 3384 2171 μετέπειτα
3413 2100 3464 2153 δὲ
3491 2100 3570 2169 τῆς
3594 2096 3698 2166 σφῶν

2205 2196 2522 2265 φιλοσοφίας
2556 2196 2797 2266 ἀοίδιμον
2849 2194 3269 2250 καταλελοίπασι
3309 2193 3403 2264 τὴν
3447 2192 3636 2263 ἀρετήν·
3665 2191 3698 2240 εἰ

2207 2286 2282 2358 μὴ
2325 2287 2433 2358 ἄρα
2481 2286 2622 2357 πέρα
2669 2286 2775 2340 τῶν
2823 2286 3211 2356 προσηκόντων
3254 2282 3502 2355 ἐγχειρῶν
3539 2281 3626 2342 τοῖς
3655 2273 3695 2330 εὖ

2204 2375 2457 2448 φρονοῦσι
2490 2375 2720 2447 φανερὸς
2769 2375 3153 2445 καθειστήκει;
3198 2373 3399 2426 Αὐτίκα
3438 2371 3532 2424 τῶν
3553 2369 3624 2421 νῦν
3647 2369 3697 2419 εί-

2204 2484 2308 2531 σιν,
2331 2467 2380 2519 οἳ
2406 2465 2730 2538 περιέργους
2765 2465 3014 2537 μηχανάς
3043 2465 3177 2536 (ll),
3209 2467 3273 2535 τῇ
3305 2462 3396 2518 τοῦ
3432 2461 3594 2533 ἀνδρὸς
3613 2461 3698 2512 ἀνι-

2204 2559 2459 2630 κειμένας
2492 2557 2861 2630 προσηγορίᾳ,
2912 2557 3298 2626 κατειληφέναι
3330 2556 3568 2623 λέγουσιν.
3602 2549 3696 2603 Ἀλλ’

2203 2651 2301 2704 οὐκ
2345 2650 2531 2722 ἔμοιγε
2574 2649 2725 2718 φίλον
2768 2649 2979 2712 τούτοις
3019 2649 3309 2721 προσέχειν
3337 2648 3423 2700 τὸν
3449 2645 3580 2699 νοῦψ
3604 2641 3697 2696 ἀλλὰ

2201 2743 2312 2814 γάρ
2342 2743 2434 2796 καὶ
2461 2743 2588 2815 περὶ
2615 2741 2717 2812 τῆς
2747 2741 3006 2809 τελευτῆς
3037 2741 3130 2794 τοῦ
3161 2741 3353 2812 ἀνδρὸς
3381 2735 3698 2795 ἀκόλουθατοίς

2202 2833 2484 2904 προτέροις
2528 2833 2862 2894 συντάττων,
2909 2831 3059 2884 οὐδὲν
3094 2830 3293 2902 ἀληθὲς
3341 2829 3572 2898 ἐξέφηνεν
3606 2824 3697 2878 εἰδέ-

2200 2941 2306 2978 ναι.
2344 2925 2482 2987 Τοὺς
2518 2924 2614 2994 μὲν
2640 2922 2746 2994 γὰρ
2774 2923 2831 2974 ὲν
2865 2921 3075 2991 Ἐφέσῳ
3103 2921 3422 2991 τελευτῆσαι
3453 2917 3698 2972 αύτὸνίστο-

2202 3019 2304 3089 ρεῖ,
2333 3017 2458 3079 τοὺς
2487 3015 2542 3068 δὲ
2571 3019 2627 3070 έν
2653 3015 2826 3083 Λίνδῳ
2857 3017 2914 3078 ὲς
2937 3014 2996 3067 τὸ
3023 3014 3168 3086 ἱερὸν
3187 3014 3286 3085 τῆς
3323 3007 3697 3084 Ἀθηνᾶςβλλονλς

2114 3087 2118 3090 .
2202 3070 2212 3089 ι
2294 3070 2304 3078 '
2439 3070 2455 3079 ν
2799 3070 2810 3083 ⁸
2894 3070 2911 3078 '
3076 3070 3087 3086 ι
3243 3070 3283 3085 ι’
3435 3070 3444 3084 ¹
3519 3070 3549 3074 "

2123 3070 2164 3126 Ο
2198 3111 2254 3164 δὲ
2283 3112 2340 3163 έν
2381 3111 2593 3182 Κρήτῃ.
2639 3108 2749 3162 Καὶ
2778 3107 3046 3178 τοσαύτην
3077 3108 3303 3174 ἄγνοιαν
3327 3105 3416 3160 τοῦ
3445 3104 3555 3174 περὶ
3587 3098 3697 3154 αὑτὸν

2195 3202 2379 3264 τέλους
2399 3200 2827 3262 κατασκεδάσας,
2849 3199 3094 3270 βούλεται
3115 3201 3283 3253 αὑτὸν
3300 3201 3354 3264 ὲς
3381 3198 3580 3271 οὐρανὸν
3599 3190 3697 3262 αύτῴ

2201 3291 2408 3362 σώματι
2451 3289 2716 3361 χωρῆσαι.
2771 3289 3166 3361 Ἐσδραμόντος
3207 3289 3316 3362 γὰρ
3356 3291 3409 3352 ές
3442 3287 3582 3358 ἱερὸν,
3608 3281 3697 3350 φησὶ

2199 3381 2512 3451 κλεισθῆναι
2542 3380 2638 3444 τὰς
2663 3380 2855 3444 πύλας,
2891 3381 2986 3435 καί
3010 3399 3128 3434 τινα
3163 3381 3308 3453 ᾠδὴν
3342 3380 3574 3448 ἀδόκητον
3597 3388 3696 3444 παρ·

2200 3474 2367 3527 θένων
2397 3477 2665 3527 ἐκπεσεῖν.
2698 3473 2770 3526 Τὸ
2797 3473 2853 3526 δὲ
2897 3469 3047 3544 ᾆσμα
3080 3468 3253 3527 εἶναι’
3297 3491 3315 3524 ι
3341 3474 3537 3540 Στεῖχε,
3574 3467 3698 3533 στεῖχε

2199 3569 2255 3630 ἐς
2282 3565 2528 3637 οὐρανὸν,
2573 3567 2770 3637 στεῖχε.
2803 3585 2820 3616 ι
2858 3565 3019 3633 Λέγει
3059 3564 3114 3616 δὲ
3137 3605 3152 3630 ,
3202 3565 3278 3628 ὡς
3311 3565 3439 3636 μήτε
3468 3554 3698 3623 ιιενοτιιέἒίιι⁵

2196 3659 2290 3712 τοῦ
2311 3659 2499 3730 ἀνδρός
2526 3677 2610 3712 πω
2632 3656 2933 3729 περιτύχοι,
2949 3657 3126 3709 καίτοι
3156 3657 3258 3727 τῆς
3286 3657 3386 3726 γῆς
3407 3655 3561 3721 ὁπόση
3577 3648 3698 3704 ἐστὶν.

2197 3751 2388 3804 ἑαυτὸν
2419 3751 2729 3804 ἐπελθόντα.
2759 3748 2865 3802 Καὶ
2898 3749 3147 3819 βούλεται
3174 3748 3325 3819 αὐτῷ
3352 3750 3384 3818 ἡ
3407 3747 3583 3800 διάνοια
3604 3735 3699 3810 una

2197 3842 2333 3906 ὅλως
2373 3842 2599 3896 θανάτου
2634 3841 2726 3904 τὸν
2769 3839 2934 3910 ἄνδρα
2969 3839 3165 3908 θίγειν.
3221 3839 3480 3912 Πρότερον
3512 3835 3592 3905 μὲν
3624 3828 3699 3897 γάρ

2199 3935 2550 4007 άμφιϐάλλων
2606 3937 2734 4006 περὶ
2781 3933 2873 3988 τοῦ
2917 3935 3152 4004 τρόπου,
3206 3933 3326 3987 καθ’
3371 3931 3428 3984 ὃν
3474 3924 3697 3982 ἐτελεύτα,

2195 4027 2420 4100 ὓστερον
2450 4027 2506 4080 δὲ
2535 4026 2828 4098 διαρρήδην
2861 4026 2956 4079 καὶ⁸
2997 4028 3055 4088 ὲς
3085 4025 3319 4096 οὐρανὸν
3348 4023 3494 4078 αὐτὸν
3515 4017 3698 4090 χωρῆσαι

2191 4121 2408 4190 φάσκει.
2434 4118 2615 4178 Ὅθεν,
2643 4119 2717 4182 ὡς
2742 4118 2805 4188 δὴ
2835 4117 3075 4171 τοιοῦτον
3099 4119 3254 4183 ὄντα,
3274 4119 3364 4171 καὶ
3393 4115 3518 4169 κατὰ
3540 4111 3588 4162 τὸ
3607 4122 3699 4176 πρίν

2188 4211 2361 4282 οίμιον
2386 4251 2398 4273 ,
2445 4211 2538 4264 καὶ
2580 4209 2700 4264 καθ’
2737 4210 2864 4280 ὅλην
2897 4210 3000 4282 τὴν
3041 4211 3300 4281 γραφὴν,
3333 4207 3610 4276 Πυθαγόρου
3636 4196 3699 4252 καὶ

2201 4299 2622 4374 Ἐμπεδοκλέους
2667 4301 2932 4373 θειότερόν
2982 4318 3150 4373 φησι,
3206 4304 3304 4356 καὶ
3347 4291 3696 4372 παρεληλυθέναι

2190 4396 2497 4468 φιλοσοφίᾳ.

509 4483 602 4547 sit,
627 4482 826 4538 diserte
850 4484 1044 4542 deinde
1093 4486 1227 4540 dicit
1265 4487 1317 4540 in
1360 4488 1556 4542 calum
1616 4488 1932 4544 ascendisse
1990 4502 2136 4543 eum.
2183 4485 2552 4554 Quamobrem
2588 4502 2746 4552 eum,
2785 4492 2970 4540 tantus
2994 4483 3084 4555 qui
3110 4486 3206 4551 sit,
3241 4498 3296 4542 et
3329 4486 3382 4540 in
3407 4472 3692 4556 proamio".

579 4597 628 4630 “
667 4599 760 4654 lib.
797 4616 837 4664 ι,
881 4615 930 4654 c.
963 4599 1017 4654 2.
1096 4602 1143 4632 "
1183 4579 1276 4656 lib.
1316 4617 1441 4667 νιιι,
1480 4618 1529 4658 c.
1564 4602 1657 4658 29.
1731 4605 1776 4635 "
1817 4603 1912 4659 lib.
1951 4621 2001 4669 l,
2056 4621 2108 4661 c.

578 4717 713 4785 (lO‘)
753 4717 1243 4795 ρεξτειρασμένοι.
1285 4717 1424 4790 Lege
1465 4720 1873 4792 πεπειραμένοι,
1908 4735 1939 4775 a
1966 4737 2084 4774 πει-ο

509 4787 806 4930 “mito?
815 4804 1182 4928 Ιέἔριέργουςν
1194 4857 1493 4931 μηχανάς.
1519 4857 1914 4931 intelliguntur
1935 4863 2082 4916 τελε-

503 4930 690 4994 στικά,
710 4945 830 5000 qua
849 4932 1052 4999 passim
1084 4931 1136 4984 in
1175 4930 1404 4986 urbibus
1436 4930 1580 4985 Asia
1605 4941 1658 4985 et
1691 4930 1911 4987 Gracia
1939 4933 2084 4989 inve-

503 5001 816 5062 niebantur,
850 5015 972 5069 qua
1019 5002 1290 5070 Apollonii
1334 5003 1496 5070 vulgo
1537 5001 1754 5057 Eusebii
1807 5018 1920 5057 avo
1962 5019 2084 5059 esse

502 5071 889 5134 credebantur,
930 5069 1159 5141 ejusque
1215 5074 1348 5127 adeo
1407 5069 1731 5127 dicebantur
1782 5088 1944 5137 esse;
1982 5075 2082 5127 hoc

503 5141 646 5196 enim
704 5141 1292 5216 est_qugd__addit,'rﬁ
1347 5142 1441 5216 τοῦ
1495 5143 2084 5216 ανδρὸςλάνακειμένας

504 5212 863 5336 προσηγορίᾳ.
901 5209 1112 5266 Talium
1145 5213 1199 5266 in
1235 5209 1336 5266 hac
1374 5213 1489 5281 ipsa
1515 5209 1742 5295 historia
1775 5215 1833 5267 fit
1861 5209 2084 5276 mentio,

503 5281 540 5334 li
589 5325 602 5336 .
641 5298 714 5339 Iv.
760 5298 879 5339 caD.
917 5283 1004 5337 10.
1037 5283 1197 5336 Plura
1243 5293 1422 5339 autem
1453 5285 1521 5338 de
1550 5301 1618 5339 ns
1652 5285 1813 5339 habet
1849 5283 2084 5339 Joannes

504 5293 602 5336 ιιι).
641 5298 714 5342 Iv.
760 5298 879 5352 cap.
917 5293 1004 5337 ιυ.
1037 5293 1197 5336 Plura
1243 5293 1422 5339 autem
1453 5293 1521 5338 de
1550 5293 1618 5339 iis
1652 5293 1813 5339 habet
1849 5293 2088 5339 Joannes

503 5351 877 5426 Antiochenus
931 5354 984 5426 in
1031 5353 1357 5426 Chronogr.,_
1381 5369 1503 5426 pag.
1537 5353 1662 5418 542,
1693 5370 1853 5426 quem
1900 5355 2080 5409 locum

503 5423 853 5491 transc_ripsit
900 5425 1061 5478 etiam
1097 5434 1288 5478 auctor
1319 5423 1566 5480 Chronici
1604 5423 1758 5480 Alei.
1794 5425 1872 5478 En
1920 5427 2084 5482 verba

505 5491 626 5567 ejus
660 5489 876 5567 z'ilvéé
908 5497 1020 5567 τοῖς
1052 5496 1263 5566 χρόνοις
1289 5495 1550 5565 βασιλέως
1582 5499 1910 5567 Δομετιανοῦ
1942 5501 1970 5550 ὁ
1994 5515 2082 5550 σο·

507 5559 750 5640 φωτατος
793 5559 1204 5640 Ἀπολλώνιοςμὸ
1235 5559 1496 5640 Τυανεὺς,
1518 5568 1622 5640 Δκαὶ
1658 5559 1883 5638 ’ἤκμαζε
1905 5585 2086 5640 -περι-

506 5629 746 5706 πολεύων
775 5634 868 5706 καὶ
889 5636 1174 5706 πανταχοῦ
1202 5637 1370 5690 ποιῶν
1412 5629 1715 5706 τελέσματα
1744 5629 1958 5702 είςττὰς
1991 5629 2088 5690 πό-

505 5701 618 5770 λεις
637 5702 823 5769 καὶεις
845 5704 943 5767 τὰς
967 5701 1171 5776 χώρας.
1193 5708 1322 5765 lndc
1347 5718 1535 5765 narrat
1563 5701 1815 5780 Byzantii
1843 5701 1966 5765 eum
2007 5716 2086 5764 te-

2139 4605 2195 4660 2.

2115 4722 2158 4776 D
2190 4722 2414 4794 lcsmata
2436 4719 2699 4794 adversus
2732 4719 2994 4794 ciconias,
3016 4718 3142 4794 Lyci
3179 4711 3690 4794 Πιινὶἱ-οιιιηλᾶςίίοῐξςεζ

2185 4791 2489 4846 testudines
2501 4791 2887 4859 item,etequos
2903 4781 3228 4845 ferocientes
3243 4790 3453 4845 fecisse.
3469 4781 3693 4859 Antiochi:

2189 4863 2256 4916 ad
2290 4870 2498 4932 portam
2531 4861 2682 4916 urbis
2713 4858 3034 4932 orienta_lem
3075 4862 3303 4915 telesma
3334 4867 3512 4914 contra
3533 4858 3690 4932 veritati!

2191 4929 2559 5002 aqu'ilonarem
2601 4932 2870 5000 posuisse.
2892 4929 2945 5002 7F
2953 4947 3108 4986 usum
3158 4931 3288 4986 item
3330 4945 3392 4985 ex
3435 4941 3543 4982 aere
3581 4929 3690 5002 θεοῖ·

2191 5000 2338 5073 pium
2370 5003 2424 5055 in
2455 5001 2586 5073 urbe
2609 5002 2786 5056 media
2813 5001 3106 5073 defodisse,
3131 5003 3534 5073 colurnnamque
3556 5000 3690 5073 eipflj‘

2190 5064 2310 5127 vam
2351 5072 2697 5141 imposuisse,
2728 5072 2870 5142 quod
2902 5088 3094 5128 omnes
3120 5072 3370 5141 scorpios
3397 5064 3617 5138 fugaverit
3637 5064 3689 5142 te:

2193 5144 2383 5198 lesma.
2423 5143 2581 5195 Aliud
2630 5144 2756 5196 item
2809 5143 3070 5198 adversus
3113 5143 3322 5197 culices
3350 5147 3611 5211 parasse,q

2235 5214 2461 5268 rolixius
2487 5212 2837 5275 describitur,
2865 5229 3029 5282 quam
3085 5221 3144 5266 ut
3194 5213 3285 5266 hic
3319 5204 3684 5282 repetereﬁaoefg

2235 5229 2461 5268 ronmus
2487 5229 2837 5275 uescrimtur,
2865 5229 3029 5282 quam
3085 5229 3144 5266 ut
3195 5229 3285 5266 me
3319 5229 3541 5278 repetere
3566 5229 3684 5254 ηιμ·

2194 5229 2396 5339 Eadem
2457 5297 2587 5336 vero
2631 5283 2786 5352 juxta
2832 5297 2955 5337 cum
3007 5284 3130 5338 aliis
3161 5281 3430 5352 Apollonii
3461 5273 3686 5352 τελέσμξξξ

2189 5335 2648 5409 ἑιίιὶιὶἵτιέιιέέ
2672 5335 2919 5409 recenset
2954 5335 3184 5408 Chilidd.
3209 5335 3283 5410 ἰι.
3326 5352 3450 5405 hist.
3481 5347 3555 5400 60.
3579 5335 3686 5394 Adde

2188 5423 2748 5502 Joanﬁrcgorium‘in
2774 5424 3096 5502 Θόωνα-8.,
3123 5441 3170 5478 c.
3191 5439 3314 5477 vin.
3332 5421 3425 5475 llic
3447 5421 3686 5502 itaque.

2189 5497 2350 5566 χανα“ι
2377 5499 2442 5566 τῇ
2460 5485 2562 5548 ’τοῦ
2597 5494 2786 5566 ἀνδρὸς
2807 5485 3165 5566 άνακείμεναι
3193 5485 3686 5566 προσηγορίαᾹεεξρ·

2190 5557 2276 5621 lus
2309 5557 2446 5620 male
2475 5557 2778 5640 verterata
2796 5564 2976 5640 Neque
3003 5557 3117 5640 uero
3149 5557 3301 5618 hodie
3326 5557 3514 5640 demat,
3533 5557 3684 5640 (itif:

2190 5645 2363 5698 pertos
2392 5653 2447 5690 se
2477 5636 2656 5690 dicant
2689 5637 2802 5706 ejus
2832 5625 3030 5690 no'mini
3055 5641 3290 5690 invocato
3329 5632 3539 5706 magigas
3561 5625 3684 5676 5W

2193 5697 2426 5773 virtutes,
2458 5707 2526 5760 ad
2557 5697 2924 5776 superstitiosa
2951 5710 3203 5778 quapiam
3231 5697 3522 5776 peragenda.
