3936 6208
234 315 334 371 861

1359 324 1563 383 LIBER
1598 324 1877 383 CONTRA
1913 325 2328 384 HIEROCLEM.

3359 320 3465 379 869

236 441 288 487 ct
313 435 366 489 in
404 442 517 491 toto
545 451 728 508 opere,
751 438 926 512 magis
946 437 1104 514 552
1124 458 1285 518 quam
1307 446 1392 502 vel
1417 445 1801 520 Pythagoram,
1830 447 1914 502 vel
1937 445 2311 517 Empedoclem
2334 442 2409 497 ait
2430 440 2598 499 fuisse
2623 441 2887 506 divinum,
2915 438 3217 511 studiisque
3247 453 3464 509 sapien-

236 530 324 583 tiae
357 531 702 593 excelluisse.

727 649 1120 706 ΚΕΦΑΛΔΙΟΝ
1174 653 1305 708 ME'.

323 737 475 791 Ἀλλά
504 737 615 811 γὰρ
635 742 694 795 ὲν
722 741 934 807 τούτοις
959 747 1431 818 περιγραφομένου
1475 746 1569 801 τοῦ
1617 750 1795 818 λόγου,

238 829 419 901 βραχέ’
454 831 589 886 ἄττα
623 834 749 905 περὶ
784 835 986 906 μοιρῶν
1033 838 1126 892 καὶ
1158 840 1496 911 εἱμαρμένης
1528 840 1658 913 φέρε
1682 841 1798 895 δια-

234 923 486 994 λάϐωμεν
508 942 521 955 ⁸
548 925 575 978 ὃ
600 943 654 979 τι
686 926 780 979 καὶ
815 926 1054 997 βούλοιτο
1094 929 1161 982 δι’
1190 931 1317 1003 ὅλης
1352 932 1498 1003 αὑτῷ
1528 934 1628 1003 τῆς
1662 934 1796 986 ὑπο-

233 1016 442 1080 θέσεως
500 1018 529 1070 6
581 1017 737 1087 λόγος
777 1018 912 1091 (12),
972 1021 1033 1075 τὸ
1090 1022 1188 1092 μὲν
1244 1024 1329 1093 ἐφ’
1379 1026 1507 1095 ἡμῖν
1537 1026 1793 1097 ἀναιρῶν,

232 1109 479 1181 ἀνάγκην
511 1110 567 1164 δὲ
618 1112 870 1181 εἰσάγων,
904 1115 997 1167 καὶ
1049 1115 1416 1188 εἱμαρμένην,
1453 1119 1547 1171 καὶ
1581 1118 1795 1189 μοίρας,

229 1200 615 1271 διαθροῦντεςο
669 1205 839 1278 ταύτῃ
888 1206 996 1277 γὰρ
1049 1208 1180 1277 ἡμῖν
1222 1208 1447 1271 ἐντελῶς
1498 1208 1589 1261 καὶ
1643 1212 1675 1279 ἠ
1740 1211 1796 1262 ἐν

230 1293 463 1365 δόγμασι
521 1296 829 1366 ψευδοδοξία
869 1299 1091 1371 τάνδρὸς
1131 1299 1585 1372 διευθυνθὴσεται.
1643 1302 1702 1354 El
1732 1302 1795 1373 δὴ

231 1385 347 1452 οὗν,
382 1389 523 1443 κατά
546 1390 634 1443 τὸν
666 1390 897 1460 ἀληθοῦς
940 1392 1253 1461 φιλοσοφίας
1277 1393 1451 1462 λόγον,
1485 1394 1626 1466 ψυχὴ
1652 1397 1796 1448 πᾶσα

229 1482 494 1546 ἀθάνατος
560 1483 638 1554 (τὸ
690 1486 798 1555 γὰρ
840 1484 1143 1554 ἀεικίνητον
1192 1485 1303 1556 (15)
1348 1486 1630 1551 ἀθάνατον,
1662 1489 1721 1541 τὸ
1752 1488 1794 1541 δ’

229 1573 323 1642 ὑφ’
343 1573 529 1645 ἐτέρου
564 1572 899 1644 κινούμενον,
929 1574 1138 1628 παῦλαν
1169 1575 1289 1645 ἔχον
1336 1577 1619 1648 κινήσεως,
1657 1580 1796 1632 παῦ-

226 1665 328 1719 λαν
361 1665 471 1736 ἔχει
502 1665 698 1736 ζωῆς),
729 1667 820 1718 καὶ
863 1667 1007 1719 αίτία
1037 1666 1311 1738 ἑλομένου,
1342 1669 1473 1734 Θεὸς
1518 1672 1755 1734 ἀναίτιος
1778 1689 1792 1703 ⁶

224 1756 314 1819 τίς
346 1758 545 1828 αἱροῖτο
571 1755 725 1825 λόγος
753 1756 1007 1822 ἄκουσαν,
1055 1758 1173 1829 ουχὶ
1206 1759 1263 1811 δὲ
1292 1759 1428 1813 κατὰ
1461 1762 1792 1833 προαίρεσιν,

225 1848 437 1919 ἀψύχου
486 1848 638 1918 δίκην
702 1846 955 1918 σώματος
1006 1849 1203 1913 ἔξωθέν
1254 1851 1414 1906 ποθεν
1448 1855 1791 1925 κινουμένην,

226 1941 323 1994 καὶ
355 1940 597 2012 ὡσπερεὶ
648 1941 1223 2013 νευροσπαστουμένην
1259 1942 1389 2013 (14),
1418 1937 1519 1997 ὦδε
1571 1948 1792 1999 κάκεῖσε

222 2035 325 2104 τὴν
381 2033 683 2104 ἀεικίνητον
724 2033 951 2101 ἄγεσθαι
990 2034 1171 2103 φύσιν,
1228 2035 1390 2105 μηδὲν
1436 2037 1695 2109 μηδαμῶς
1732 2037 1792 2103 ἐξ
1822 2015 1864 2069 Β

227 2126 366 2188 ἰδίας
400 2125 575 2196 ὁρμῆς
606 2124 697 2178 καὶ
734 2127 997 2196 κινήσεως
1032 2125 1378 2196 ἐνεργοῦσαν,
1418 2128 1548 2198 μηδὲ
1571 2132 1627 2193 ἐς
1662 2132 1787 2182 ἐαυ-

221 2218 324 2289 τὴν
350 2216 447 2287 τὴν
469 2215 575 2269 τῶν
635 2216 925 2287 δρωμένων
956 2216 1327 2289 ἀναφέρουσαν
1362 2219 1537 2271 αἰτίαν
1560 2237 1572 2249 ·
1620 2221 1787 2293 ταύτῃ

219 2327 282 2362 τε
321 2313 454 2380 μήτε
500 2306 888 2377 φιλοσοφοῦσαν
930 2309 1246 2362 ὲπαινετέαν
1311 2311 1617 2380 τυγχέινειν,
1666 2314 1787 2383 μήτ’

221 2397 289 2455 αὗ
321 2400 525 2470 ψεκτὴν
564 2399 757 2462 κακίας
792 2399 1041 2469 ἔμπλεων
1097 2402 1190 2453 καὶ
1229 2402 1528 2473 πονηρίας;
1560 2402 1624 2455 Τί
1658 2402 1788 2473 δῆτα

220 2490 315 2547 οὖν
369 2491 625 2565 Εὐφράτῃ
660 2490 1062 2562 λοιδορούμενος
1114 2494 1464 2565 καταμέμφῃ,
1496 2489 1539 2547 ὦ
1575 2496 1711 2558 ’τᾶν,
1741 2498 1789 2548 εί

225 2588 301 2658 μὴ
339 2587 464 2657 παρ’
520 2583 729 2647 ἑαυτοῦ,
765 2584 878 2636 ἀλλ’
916 2582 974 2649 ἐξ
1004 2585 1343 2657 εἱμαρμένης
1370 2588 1460 2639 ἐπὶ
1501 2585 1559 2639 τὸ
1602 2587 1789 2657 κέρδος

221 2675 431 2739 ἐκδοὺς,
474 2674 547 2738 ὡς
573 2676 731 2738 αὐτὸς
764 2674 950 2740 ἀξιοῖς,
988 2675 1256 2748 ὠλιγώρει
1283 2678 1597 2747 φιλοσοφίας
1631 2679 1741 2748 (15)
1772 2696 1785 2743 ;

221 2770 288 2821 Τί
323 2770 379 2822 δὲ
405 2769 593 2838 γόησιν
624 2767 944 2839 ὲνυϐρίζεις,
970 2767 1330 2837 ψευδοσόφους
1356 2769 1662 2836 ἀποκαλῶν,
1685 2771 1789 2824 ὑπὸ

226 2861 451 2934 μοιρῶν,
480 2861 554 2923 ὡς
590 2862 717 2931 ἡγῇ,
742 2859 1165 2931 καθελκομένους
1189 2862 1279 2913 ἐπὶ
1301 2862 1390 2915 τὸν
1424 2863 1789 2935 κακοδαίμονα

223 2955 370 3026 pinv;
398 2954 462 3006 Τί
500 2953 555 3007 δὲ
612 2952 807 3006 κακίαν
839 2952 1022 3016 ἀπλῶς
1065 2950 1382 3024 ὀνομάξεις;
1416 2957 1527 3008 Καὶ
1557 2958 1787 3029 πονηρός

218 3065 305 3110 τις
333 3045 632 3116 ἀνθρώπων
662 3046 760 3099 οὐκ
787 3047 843 3098 ὲν
874 3044 995 3117 δίκῃ
1034 3045 1273 3115 κρίνεται
1298 3044 1448 3115 παρά
1480 3046 1581 3108 σοὶ,
1608 3047 1698 3099 τὸν
1731 3048 1788 3113 ἐξ

218 3128 464 3208 ἀνάγκης
486 3138 812 3209 εἱμαρμένον
852 3137 1182 3207 ἀποπληρῶν
1224 3138 1367 3208 ὅρον.
1417 3138 1503 3201 Ὠς
1532 3138 1784 3209 ἔμπαλιν,

217 3230 327 3281 τίνι
374 3229 514 3298 λόγῳ
561 3228 882 3299 Πυθαγόραν
920 3227 1257 3298 σεμνολογῶν
1318 3227 1626 3299 θαυμαστὸν
1666 3232 1786 3282 ὲπι-

1826 671 1875 729 Α

2455 644 2682 705 CAPUT
2740 644 2899 702 XLV.

1972 761 2079 817 Sed
2132 761 2331 815 limites
2384 757 2649 814 orationis
2698 757 3093 813 constituentes
3147 755 3322 822 istos,
3364 770 3461 827 age

1896 855 2085 924 paucis
2144 852 2322 907 adhuc
2372 851 2440 906 de
2486 835 2644 914 'fato,
2676 856 2838 919 atque
2894 847 3083 903 Parcis
3112 855 3455 903 tractemus:

1896 946 2026 1018 quid
2051 945 2175 1001 velit
2198 940 2495 1016 [scriptori]
2516 956 2612 1011 per
2642 949 2812 995 totum
2846 954 2983 1009 opus
3009 937 3153 993 istud
3187 938 3457 1004 doctrina,

1898 1037 2105 1091 arbitrii
2128 1035 2325 1091 tollens
2355 1034 2680 1097 libertatem,
2700 1040 2754 1086 et
2784 1031 3164 1087 necessitatem
3196 1030 3460 1088 inducens

1896 1128 2150 1197 legesque
2192 1125 2403 1190 fatales,
2439 1134 2491 1179 et
2544 1122 2734 1186 fatum,
2774 1123 3071 1193 dispecturi
3111 1141 3123 1177 :
3167 1123 3267 1177 hac
3312 1123 3459 1178 enim

1896 1218 2106 1271 ratione
2130 1224 2383 1270 accurate
2435 1230 2465 1269 a
2510 1215 2669 1269 nobis
2701 1214 2973 1284 Apollonii
3005 1215 3061 1269 in
3089 1214 3338 1268 doctrina
3371 1230 3461 1269 er-

1895 1326 2050 1365 rores
2103 1310 2264 1363 etiam
2295 1309 2708 1377 redarguentur.
2763 1305 2819 1361 Si
2870 1315 2953 1362 est
2994 1306 3156 1377 igitur
3202 1306 3283 1377 (ut
3318 1322 3461 1362 verae

1896 1400 2249 1471 philosophia:
2267 1399 2516 1453 doctrina
2534 1398 2743 1469 tradit.)
2772 1399 2952 1453 anima
2972 1399 3295 1454 immortalis
3361 1398 3461 1468 (si-

1894 1492 2113 1563 quidem
2147 1492 2291 1562 quod
2315 1506 2527 1561 semper
2547 1499 2815 1555 movetur,
2845 1499 2928 1545 est
2958 1490 3280 1554 immortale,
3313 1491 3460 1560 quod

1896 1591 2077 1639 autem
2130 1591 2376 1638 movetur
2428 1581 2665 1645 aliunde,
2724 1582 2814 1636 ubi
2877 1588 3055 1635 motus
3095 1581 3459 1637 cessationem

1895 1674 2195 1740 admiserit,
2215 1674 2395 1729 vivere
2411 1668 2654 1739 desinit);
2674 1672 2719 1727 si
2732 1672 2858 1726 item
2880 1679 2962 1726 est
2978 1686 3140 1726 causa
3155 1671 3457 1737 electionis,

1894 1778 1947 1824 et
1970 1768 2110 1824 Deus
2135 1769 2307 1838 culpa:
2337 1776 2420 1823 est
2448 1767 2736 1832 immunis;
2786 1780 2908 1835 quae
2935 1772 3073 1819 ratio
3101 1764 3203 1819 sibi
3235 1779 3460 1833 persua-

1895 1860 2026 1915 serit
2077 1859 2330 1924 invitam,
2360 1874 2467 1913 non
2504 1866 2695 1926 sponte
2753 1871 2886 1920 sua,
2940 1855 3105 1911 veluti
3156 1854 3457 1907 inanimum

1894 1963 2113 2020 corpus,
2131 1949 2198 2002 ab
2226 1956 2451 2003 externo
2483 1947 2662 2015 aliquo
2690 1945 2965 2015 agitatam,
2998 1953 3051 1999 et
3079 1944 3243 1998 veluti
3267 1943 3458 1998 alienis

1892 2043 2073 2097 nervis
2098 2041 2372 2105 mobilem,
2392 2040 2497 2093 huc
2512 2046 2565 2093 et
2583 2038 2711 2091 il'luc
2734 2044 2993 2107 perpetuo
3012 2045 3160 2095 motu
3190 2036 3457 2106 vigentem

1893 2143 2142 2190 naturain
2196 2132 2344 2196 duci,
2392 2130 2526 2185 nihil
2559 2145 2795 2199 unquam
2825 2129 2877 2182 vi
2924 2129 3143 2199 propria
3199 2136 3459 2199 motuque

1892 2233 2160 2297 agentem,
2188 2238 2364 2293 neque
2416 2221 2483 2276 ad
2534 2221 2770 2290 seipsam
2810 2218 3077 2274 factorum
3108 2233 3138 2271 a
3167 2234 3227 2273 se
3260 2232 3458 2274 causas

1890 2318 2210 2373 referentem
2247 2335 2260 2370 ι
2292 2324 2454 2384 atque
2480 2314 2551 2368 ob
2584 2313 2635 2367 id
2661 2313 2837 2384 ipsum
2872 2328 3047 2382 neque
3072 2312 3459 2382 philosophan-

1890 2415 1997 2462 tem
2031 2406 2242 2461 laudem
2268 2404 2484 2468 mereri,
2516 2419 2692 2473 neque
2721 2402 3194 2473 reprehensionem
3224 2403 3269 2458 si
3300 2403 3457 2458 mali-

1890 2500 1979 2554 tia:
2018 2514 2079 2551 ac
2102 2498 2422 2553 delictorum
2461 2496 2617 2565 plena
2650 2494 3004 2560 fuerit?Quid
3046 2494 3229 2565 igitur,
3260 2495 3453 2560 amice,

1888 2590 2213 2662 Euphratem
2241 2588 2502 2644 conviciis
2537 2596 2699 2658 atque
2732 2586 3292 2641 animadversionibus
3330 2599 3461 2655 pro-

1891 2684 2135 2754 sequeris
2163 2684 2228 2750 ’⁷,
2256 2683 2301 2739 si
2334 2698 2441 2737 non
2470 2696 2569 2737 suo
2620 2679 2869 2743 arbitrio,
2895 2678 2990 2732 sed
3022 2676 3165 2731 fatali
3217 2677 3455 2733 necessi-

1891 2785 2001 2833 tate
2030 2779 2180 2831 lucro
2202 2777 2439 2839 deditus,
2465 2774 2783 2845 ignominia,
2818 2778 2982 2844 prout
3016 2780 3071 2823 tu
3096 2785 3307 2834 censes,
3334 2768 3459 2838 phi-

1889 2870 2190 2940 1050phiam
2224 2868 2418 2923 allicit?
2444 2867 2586 2933 Quid
2607 2881 2793 2937 magos
2821 2865 2947 2919 item
2972 2862 3189 2933 probris
3223 2862 3459 2917 insecta-

1887 2963 1966 3018 ris
1998 2964 2062 3027 ’⁸,
2092 2963 2291 3033 spuria;
2320 2959 2599 3031 sapientiae
2628 2958 2866 3012 cultores
2898 2955 3195 3024 appellans,
3227 2954 3318 3023 qui
3347 2950 3456 3006 fato

1887 3062 2089 3115 tamen,
2119 3055 2273 3123 juxta
2307 3062 2451 3106 tuam
2483 3051 2817 3121 opinionem,
2860 3047 2929 3102 ad
2977 3046 3167 3101 infelix
3197 3044 3343 3101 istud
3379 3045 3459 3100 vi-

1887 3147 2043 3201 vendi
2096 3162 2267 3216 genus
2327 3142 2658 3197 trahuntur?
2714 3140 2826 3195 lmo
2854 3139 2982 3210 quid
3013 3140 3203 3194 vitium
3234 3138 3457 3193 omnino

1887 3237 2063 3291 adhuc
2098 3235 2387 3289 nominas?
2424 3234 2607 3302 Neque
2657 3234 2833 3287 malus
2869 3232 3156 3301 quisquam
3187 3229 3312 3299 jure
3340 3244 3371 3283 a
3403 3238 3458 3285 to

218 3322 407 3394 γράφῃ
468 3320 803 3385 διδάσκαλον,
860 3321 951 3373 καὶ
1001 3319 1201 3390 μοιρῶν
1246 3321 1514 3388 παίγνιον,
1549 3322 1661 3373 ἀλλ’
1689 3323 1787 3403 ob):

1897 3329 2199 3393 damnatur,
2230 3327 2599 3396 praescriptam
2649 3324 2752 3380 sibi
2784 3340 2814 3378 a
2842 3323 2953 3379 fato
2984 3323 3347 3379 necessariam
3380 3322 3458 3377 le-

217 3413 456 3485 ὲραστὴν
488 3412 613 3465 ὄντα
650 3411 981 3481 φιλοσοφίας,
1020 3412 1119 3462 οὐκ
1156 3409 1473 3474 ἀπολείπεις
1516 3411 1785 3475 ἐπαινῶνς

216 3502 481 3576 Φραώτης
516 3505 571 3557 δὲ
600 3506 693 3557 καὶ
728 3504 960 3574 ’1ἀρχας,
1030 3502 1202 3556 Ἰνδῶν
1243 3503 1536 3571 φιλόσοφοι,
1572 3503 1625 3555 τί
1658 3503 1791 3573 μᾶλ-

216 3599 311 3651 λον
339 3596 489 3669 παρά
524 3599 604 3650 σο).
625 3597 760 3650 Θεῶν
793 3596 1175 3665 ἀπηνέγκαντο
1204 3594 1314 3666 (ili)
1343 3594 1519 3660 δόξαν,
1552 3595 1716 3665 μηδέν
1735 3611 1788 3646 τι

221 3690 471 3753 παιδείας
490 3689 616 3743 ἴδιον
634 3690 766 3757 (17),
794 3688 915 3759 μηδ’
939 3688 1137 3759 ἀρετῆς
1157 3686 1589 3756 ἁπενεγκάμενοι
1612 3686 1784 3750 κλέος

218 3784 473 3853 Νέρωνος
497 3782 541 3834 δ’
576 3781 833 3843 ὡσαύτως
862 3780 953 3832 καὶ
983 3778 1307 3850 Δομετιανοῦ
1340 3779 1392 3830 τί
1421 3779 1540 3847 οὐχὶ
1573 3778 1787 3849 μοίραις

220 3876 317 3929 καὶ
368 3876 580 3946 ἀνάγκη
631 3874 729 3944 τὴν
758 3872 1054 3926 ἀκόλαστον
1087 3871 1408 3943 περιάπτεις
1439 3869 1748 3940 ἀγερωχίαν
1774 3908 1788 3928 .

222 3966 405 4037 πάσης
438 3966 611 4028 αἰτίας
634 3966 726 4018 καὶ
752 3964 949 4027 παντὸς
972 3963 1309 4034 ἐγκλήματος
1340 3963 1635 4035 ἐλευθερῶν
1666 3961 1790 4025 τοὺς

218 4059 449 4130 ἄνδρας
491 4057 649 4109 Ἀλλὰ
692 4058 783 4109 καὶ
816 4058 867 4109 εἴ
888 4074 965 4127 τῳ
999 4056 1305 4127 πέπρωται,
1336 4056 1411 4118 ὡς
1440 4056 1563 4125 φῂς,
1600 4055 1788 4124 δρομι-

217 4151 324 4221 κῷ,
348 4152 440 4204 καὶ
466 4150 681 4220 τοξικῷ,
706 4151 798 4202 καὶ
816 4148 1109 4218 τεκτονικῷ
1133 4147 1379 4216 γενέσθαι
1400 4148 1533 4216 (18)·
1550 4145 1691 4199 οὓτω
1723 4146 1787 4216 δὴ

218 4245 332 4317 γὰρ
352 4244 504 4315 γόητι
529 4244 618 4296 τὸν
647 4243 843 4313 τρόπον
870 4242 1002 4305 ὄντι,
1035 4241 1204 4311 μάγον
1237 4240 1570 4309 ἀναφανῆναι
1595 4257 1607 4270 ο
1640 4257 1785 4309 μιαι-

216 4337 367 4408 φόνῳ
389 4354 446 4388 τε
485 4335 577 4388 καὶ
627 4333 864 4405 πονηρῷ,
899 4335 991 4386 καὶ
1028 4332 1308 4402 ἀκολάστῳ
1345 4332 1561 4394 πάντως
1590 4348 1691 4383 που
1725 4331 1783 4397 ἐξ

211 4428 464 4497 ἀνάγκης
486 4425 688 4479 τοιόσδε
728 4441 810 4487 τις
851 4424 1200 4495 ἀποϐήσεται.
1237 4422 1300 4475 Τί
1335 4422 1469 4493 δῆτα
1512 4416 1604 4475 οὖν
1631 4438 1784 4493 περι-

1894 3436 2010 3488 gem
2060 3418 2186 3472 dum
2221 3417 2424 3487 implet.
2486 3414 2578 3471 Sic
2605 3431 2762 3471 versa
2821 3416 2937 3470 vice
2959 3455 2973 3479 ,
3023 3432 3128 3485 qua
3159 3424 3213 3469 tu
3247 3413 3460 3469 ratione

1893 3509 2251 3581 Pythagoram
2292 3515 2580 3563 veneratus
2634 3507 3005 3562 admirabilem
3042 3522 3207 3563 vocas
3255 3521 3454 3577 praece-

1891 3611 2096 3671 ptorem
2130 3602 2193 3666 ²’,
2225 3600 2631 3671 Parcarumque
2684 3602 2975 3655 ludibrium
3030 3600 3120 3670 qui
3180 3600 3295 3664 sit,
3346 3614 3458 3653 non

1891 3690 2170 3760 sapientiae
2225 3700 2453 3755 amator,
2510 3690 2732 3745 laudare
2774 3707 2886 3745 non
2941 3693 3163 3744 cessas?
3192 3687 3458 3744 Phraotes

1889 3800 2052 3854 porro
2084 3792 2137 3838 et
2165 3782 2385 3838 larchas
2418 3798 2519 3837 cur
2553 3785 2732 3852 potius
2757 3798 2918 3852 quam
2942 3781 3032 3834 alii
3064 3781 3315 3835 homines
3340 3794 3371 3832 a
3403 3790 3483 3835 te‘

1890 3889 1987 3943 pro
2016 3872 2122 3929 diis
2142 3873 2629 3941 habentur'°,cum
2653 3875 2926 3944 propriam
2956 3886 3062 3926 non
3092 3871 3267 3926 ferant
3300 3871 3460 3927 insti-

1888 3965 2119 4020 tutionis
2151 3974 2313 4034 atque
2364 3966 2584 4029 virtutis
2626 3964 2881 4020 laudem?
2929 3962 3214 4034 Similique
3247 3963 3459 4019 ratione

1889 4056 2120 4112 Neronis
2150 4051 2307 4126 543
2339 4063 2391 4111 et
2426 4055 2715 4110 Domitiani
2764 4071 2864 4109 cur
2909 4054 3021 4110 fato
3056 4061 3109 4109 et
3142 4053 3456 4109 necessitati

1891 4148 2207 4202 infrunitam
2238 4147 2378 4202 haud
2397 4149 2591 4203 tribuis
2616 4147 2947 4217 superbiam,
2968 4147 3034 4201 ab
3050 4147 3198 4202 omni
3228 4146 3456 4201 crimine

1892 4248 1945 4295 et
1967 4240 2124 4310 culpa
2157 4256 2252 4294 eos
2283 4240 2608 4295 absolvens?
2628 4238 2826 4295 Verum
2858 4240 2904 4295 si
2928 4240 3016 4293 cui
3049 4238 3159 4293 fato
3191 4238 3453 4291 tributum

1892 4340 1995 4395 est,
2022 4341 2098 4395 ut,
2132 4331 2584 4400 quemadmodum
2612 4331 2693 4386 ais
2710 4333 2773 4393 ”,
2803 4347 2997 4387 cursor
3022 4332 3114 4395 sit,
3144 4338 3201 4383 ut
3232 4329 3455 4399 sagitta-

1888 4422 2028 4486 rius,
2062 4429 2118 4476 ut
2144 4423 2506 4491 architectus;
2540 4424 2761 4494 perinde
2788 4426 2950 4479 etiam
2982 4424 3053 4487 ei,
3085 4422 3176 4484 qui
3207 4422 3454 4476 incanta-

292 4589 337 4621 ³⁷
376 4587 465 4641 lib.
506 4603 593 4649 vt,
630 4601 679 4639 c.
709 4582 818 4649 29;
862 4582 957 4637 lib.
992 4598 1117 4647 vni,
1153 4597 1199 4636 c.
1244 4581 1292 4635 7.
1369 4581 1414 4612 "
1456 4581 1549 4636 lib.
1585 4596 1716 4645 vm,
1752 4595 1801 4635 c.
1845 4579 1896 4635 7.
1972 4582 2018 4614 "
2058 4581 2151 4637 lib.
2207 4596 2339 4647 vnt,
2372 4595 2423 4635 c.
2462 4580 2494 4633 7
2523 4597 2639 4654 seq.
2676 4589 2730 4653 et
2794 4582 3021 4651 passim.
3097 4579 3142 4610 ’°
3185 4578 3278 4634 lib.
3343 4592 3448 4643 vn,

212 4672 274 4718 c.
305 4658 392 4715 52.
470 4658 512 4689 ³¹
551 4659 646 4712 lib.
679 4671 809 4719 vui,
851 4669 900 4709 c.
932 4654 986 4709 7.

291 4820 403 4891 (12)
434 4821 510 4873 Δι’
540 4820 684 4887 ὅλης
711 4817 872 4891 αὐτῷ
896 4816 998 4891 τῆς
1020 4818 1192 4891 ὑποᾷ.
1224 4817 1497 4891 ὁ-λόγος,
1519 4823 1622 4891 etc.
1656 4813 1779 4891 Haec
1813 4819 1858 4875 D

216 4903 275 4948 et
302 4885 583 4960 sequentia
614 4885 1079 4960 s'i’lectal‘uissent
1118 4887 1232 4960 viro
1253 4887 1430 4953 docto,
1452 4886 1535 4940 Jo.
1567 4885 1776 4960 Jonsio,

218 4966 277 5018 in
308 4957 446 5016 libro
478 4961 553 5015 De
586 4959 926 5029 scriptoribus
968 4958 1092 5011 hist.
1120 4958 1334 5029 philos,
1369 4974 1474 5011 non
1512 4957 1781 5029 potuisset

217 5036 275 5090 in
307 5048 429 5091 eum
470 5028 974 5102 prolabi'errorem,
1008 5044 1118 5102 quo
1141 5028 1397 5102 abreptus
1425 5028 1779 5102 existimavit,

219 5098 574 5159 Hierocli'de
629 5100 739 5154 fato
785 5100 1059 5168 disputata
1104 5098 1192 5152 hic
1226 5098 1516 5168 confutari,
1549 5113 1781 5168 quorum

218 5175 521 5244 fragmenta
577 5171 827 5244 Stobaeus
876 5167 1034 5244 nobis
1094 5170 1347 5244 servavit.
1388 5167 1541 5244 _Unde
1570 5167 1783 5244 deinde

218 5238 596 5314 argumentum
628 5242 731 5296 sibi
760 5241 911 5314 nasci
944 5238 1785 5314 putavitKCaasariensemEuse-

218 5308 371 5373 bium
422 5330 528 5367 non
571 5328 691 5367 esse
736 5312 826 5380 qui
857 5310 970 5363 haec
1005 5310 1244 5379 scripsit,
1278 5325 1399 5363 cum
1439 5308 1540 5380 qui
1568 5308 1634 5380 de
1669 5308 1779 5380 lato

215 5384 442 5452 scripsit
497 5378 794 5446 Hierocles,
828 5388 985 5452 mtate
1031 5378 1215 5435 eo’sit
1259 5380 1486 5452 multum
1530 5378 1776 5452 inferior.

215 5449 495 5580 Pl(1‘3).ch
512 5453 620 5524 γὰρ
645 5454 855 5509 ἁεικίν.
881 5450 1170 5521 Desumpta
1194 5459 1321 5504 sunt
1343 5451 1446 5505 ista
1470 5464 1536 5504 ex
1557 5449 1784 5504 Phwdro

285 5544 312 5577 ει
343 5541 485 5579 oms.
1258 5536 1271 5543 -

263 5526 485 5579 latonis.
1258 5536 1271 5543 ”

288 5596 938 5666 (14)Νευροσπαστουμ.
973 5590 1337 5666 Hunc_loeum
1372 5590 1638 5666 interpres
1683 5590 1786 5645 mi-

217 5662 342 5722 sere
370 5662 675 5735 exceperat.
705 5662 1072 5735 quemigpaulo
1107 5662 1323 5735 planius
1352 5663 1663 5731 rectiusque
1697 5678 1783 5718 me

216 5730 560 5806 expressisse
581 5730 837 5806 arbitror.
860 5730 1129 5789 HoLsrsN.
1167 5730 1779 5806 Holstenia‘namiautem

216 5803 721 5873 interpretationem
751 5805 837 5863 hic
873 5820 973 5861 nos
998 5819 1212 5876 quoque
1246 5803 1603 5861 servavimus.

1956 4810 2065 4882 (15)
2082 4807 2373 4878 Ὠλιγηώρει
2392 4803 2777 4882 ξριαῑοεο-φίας.
2800 4799 2956 4882 ῌαρά
2985 4799 3045 4853 τὸ
3076 4799 3284 4882 πρέπον
3304 4794 3453 4866 φιλο-

1886 4870 2337 4953 σοφίᾴπράἐτείν
2374 4870 2505 4931 dicit
2529 4870 2853 4953 Pliilostrl'l.
2888 4870 2967 4934 vt,
2998 4886 3046 4924 c.
3081 4870 3170 4923 59.

1994 4901 2047 4953 ίᾳ
2080 4901 2337 4949 πραττειν
2374 4901 2505 4931 ("Cll
2529 4901 2787 4930 I'llllUSlvl'.
2820 4901 2853 4926 Ι.
2899 4901 2967 4934 Vl,
2998 4901 3046 4924 υ.
3081 4901 3170 4923 υῡ.

1951 4901 2066 5023 2716)
2098 4951 2350 5006 Μᾶλλον
2378 4964 2451 5023 _:_z_.
2478 4947 2596 5023 σοί,
2632 4943 2970 5023 etc.__Nempe
2992 4955 3100 5023 σερε
3136 4939 3327 5020 μόνους
3353 4936 3448 4991 ἀν·-

1885 5010 2116 5106 θρῶπίυν
2149 5038 2207 5077 se
2229 5037 2326 5090 pro
2360 5018 2467 5073 diis
2496 5018 2695 5071 habere
2722 5010 2925 5070 diserte
2956 5012 3030 5065 ait
3054 5012 3175 5065 loco
3198 5010 3249 5064 in
3276 5023 3447 5077 marg.

1884 5104 2073 5151 citato.
3178 5130 3181 5131 ν

1958 5166 2068 5236 (Π)
2099 5161 2311 5236 Μηδέν.
2340 5159 2692 5236 τι-ξτᾳιδείᾳς
2722 5156 2911 5236 ἵᾷιονλ
2956 5152 3207 5236 Ipsorum
3220 5222 3230 5231 I
3258 5164 3452 5230 nempe

1886 5220 1996 5291 non
2051 5220 2136 5289 est
2178 5220 2447 5302 quidquid
2496 5231 2552 5302 in
2603 5220 2682 5283 eis
2727 5220 3100 5302 virtutis—sed.
3140 5221 3257 5302 fati,
3293 5220 3453 5287 cujus

1884 5293 2225 5361 necessitans
2257 5293 2459 5357 vis-eos
2492 5301 2559 5354 ad
2592 5302 2848 5354 virtutem
2873 5293 3221 5349 determinat.

1958 5377 2066 5447 (i3)
2102 5378 2151 5428 Γ
2153 5374 2411 5427 ενέσθαι·
2447 5370 2598 5447 “3‘90
2628 5383 2815 5447 Υοοθω
2855 5365 3056 5447 δὲῳίὲτίῗ
3096 5376 3264 5447 ³³⁵2⁵
3310 5374 3450 5447 “Tr

1889 5430 2009 5503 sine
2050 5430 2161 5516 'qua
2215 5457 2442 5516 mancus
2498 5441 2585 5495 hic
2639 5440 2791 5493 locus
2847 5436 3151 5516 videbatur.
3198 5430 3273 5513 Ea
3323 5443 3455 5516 vero

1888 5502 2090 5571 addita'
2130 5516 2312 5568 omnia
2364 5514 2523 5583 plana
2584 5518 2732 5583 sunt,
2776 5506 2937 5562 modo
2984 5502 3298 5583 memineris
3332 5508 3455 5579 post

1886 5587 2220 5657 ἀναφανῆναι
2270 5572 2498 5657 ver-bum
2556 5581 2840 5651 πέπρωται
2894 5584 3139 5657 repetere
3183 5572 3298 5657 ’ἀπὸ
3359 5572 3454 5653 τοῦ

1885 5640 2088 5719 κοινοῦ.
2120 5640 2195 5711 ἐι
2244 5656 2493 5711 similiter
2537 5640 2681 5724 post'
2718 5640 3079 5724 μιαιφόνῲπε
3114 5645 3207 5699 καὶ
3238 5640 3458 5724 πονηρῷ

1885 5730 1979 5783 καὶ
2022 5715 2324 5798 ἀκολάστῳ,
2359 5715 2880 5794 ευὺίηίειιὶεθὴὰιιιὴ
2942 5715 3228 5789 πέπρωται
3284 5715 3460 5770 ταῦτα

1884 5798 2178 5874 γενέσθαι..
