3936 6208
365 5282 380 5327 ί

1084 269 1358 329 EUSEBII
1395 268 1875 329 CESARIENSIS
1913 268 2063 327 OPP.
2097 267 2278 326 PARS
2313 269 2380 326 ll.
2419 299 2490 311 —
2522 265 3000 324 APOLOGETICA

453 394 654 452 mentis
681 393 898 452 deditus
923 400 1030 459 est,
1063 400 1126 449 ut
1155 406 1346 465 magus
1386 391 1582 449 evadat
1615 390 1669 465 [a
1703 390 1830 451 fatis
1856 394 2020 451 obve-

2120 391 2322 447 νοστῶν
2362 392 2475 457 τοῖς
2518 389 2595 464 μὴ
2627 390 2758 454 οἵοις
2814 406 2876 444 τε
2923 390 3107 461 τυχεῖν
3126 387 3466 461 διορθώσεως
3490 387 3697 456 ἀρετὴν

453 487 621 562 niet];
649 487 1008 559 similiterque
1041 487 1241 546 sicario
1274 488 1427 556 item,
1455 487 1731 553 nebuloni,
1756 488 2018 558 superbo;

452 593 566 638 tum
594 578 818 636 omnino
852 594 921 636 ex
971 582 1303 639 necessitate
1349 581 1477 637 talis
1529 580 1653 635 erit.
1685 579 1827 647 Quid
1856 580 2022 651 igitur

450 674 712 731 oberrans
741 673 1137 733 emendationis
1166 689 1273 731 non
1296 673 1589 746 capacibus
1619 675 1870 729 virtutem
1893 689 2019 745 pro-

449 763 645 836 ponis?
664 761 773 818 Aut
793 762 926 835 quid
959 763 1016 820 in
1059 779 1156 821 eos
1185 764 1590 829 animadvertis,
1621 780 1853 836 quorum
1887 764 2018 830 fata,

448 868 560 909 non
589 868 720 908 vero
756 854 1010 911 voluntas
1043 861 1348 911 monstrum
1382 854 1575 912 alunt?
1615 855 1730 912 lmo
1788 856 1941 927 quid.
1972 858 2020 912 si

449 945 556 1018 ipsi
579 945 678 1001 tibi
708 944 836 1002 fatis
857 954 942 1004 est
967 947 1323 1013 destinatum,
1356 955 1416 1004 ut
1441 947 1625 1006 divina
1657 948 1917 1022 praeditus
1938 951 2020 1006 in.

446 1031 572 1090 dole
600 1034 985 1106 imperatorem
1015 1044 1199 1092 mente
1231 1037 1450 1093 sublimi
1503 1038 1809 1109 despicias;
1844 1040 2016 1112 magi-

449 1135 689 1183 strorum
712 1127 930 1184 scholas
953 1125 1350 1198 frequentasti?
1373 1128 1511 1196 Quid
1528 1128 1760 1194 Arabas.
1792 1129 2023 1204 Babylo-

447 1218 773 1288 niorumque
818 1233 1031 1290 magos,
1086 1226 1141 1274 et
1195 1217 1449 1275 Indorum
1500 1221 1774 1292 sapientes
1802 1224 2021 1279 curiose

445 1309 670 1368 abiisti?
696 1308 891 1365 Omnia
913 1310 1058 1366 enim
1083 1310 1166 1366 vel
1185 1310 1324 1366 citra
1352 1312 1498 1367 illam
1522 1305 2016 1381 conversationem,

446 1415 568 1471 quae
617 1400 741 1458 fatis
792 1408 978 1457 essent
1004 1400 1243 1465 decreta,
1297 1402 1392 1458 tibi
1450 1419 1709 1478 peragere
1748 1406 2015 1464 licuisset.

447 1491 586 1559 Quid
608 1491 676 1548 iis
713 1493 842 1547 item
879 1508 1019 1564 quos
1051 1492 1230 1548 credis
1260 1492 1367 1549 diis
1398 1495 1629 1552 mellitas
1653 1498 2016 1570 nequidquam

446 1584 723 1654 placentas
761 1582 1027 1654 thuraque
1077 1582 1363 1653 profundis
1418 1587 1485 1656 ³⁸,
1530 1596 1584 1644 et
1646 1589 1862 1661 pietatis
1930 1589 2016 1645 in-

445 1673 620 1731 duens
645 1675 849 1731 larvam
865 1674 1166 1748 discipulos
1196 1678 1262 1732 ad
1286 1693 1476 1748 preces
1514 1687 1830 1737 convertere
1866 1680 2019 1737 labo-

2120 482 2517 557 προκηρύττοις
2536 482 2690 555 (18‘);
2709 480 2779 536 Ἤ
2793 482 2845 536 τί
2873 480 3208 555 καταμέμφῃ
3226 484 3338 547 τοῖς
3352 481 3453 552 τὴν
3474 484 3695 552 μοῖραν,

2119 574 2233 629 ἀλλ’
2258 575 2321 628 οὐ
2370 574 2471 645 τὴν
2531 576 2871 645 προαίρεσιν,
2905 572 3307 637 ἀτοπωτάτοιςς
3344 572 3398 625 τί
3426 571 3620 633 δὲκαὶ,
3642 573 3695 625 εἰ

2118 665 2269 737 αὐτῷ
2314 682 2395 719 σοι
2428 665 2704 738 πέπρωτο,
2738 663 2867 737 θείῳ
2907 662 3018 717 ϐντι
3048 661 3147 734 τὴν
3175 662 3356 734 φύσιν,
3416 664 3698 734 ὑπερᾶραι

2121 756 2385 830 βασιλέως
2412 755 2571 828 δόξης
2619 753 2751 826 (l9),
2783 757 2841 820 ἐς
2871 754 3205 809 διδασκάλων
3237 753 3455 825 ἐφοίτας
3477 755 3572 809 καὶ
3604 771 3703 826 φι-

2117 849 2397 921 λοσῧφων;
2446 849 2501 902 Ἀ
2512 846 2729 921 ραϐίους
2754 846 2864 920 (20)
2894 864 2953 901 τε
2977 847 3069 901 καὶ
3084 846 3436 903 Βαϐυλωνίων
3460 848 3697 919 μάγους,

2118 943 2215 997 καὶ
2248 943 2445 1012 σοφοὺς
2475 941 2650 995 Ἰνδῶν
2670 939 3205 1011 ὲπολυπραγμόνειςς
3238 940 3423 994 Πάντα
3445 940 3697 1012 (21)γάρ

2119 1053 2221 1091 που
2272 1035 2366 1089 καὶ
2429 1035 2529 1108 τῆς
2572 1034 2775 1089 τούτων
2812 1033 2935 1106 δίχα
2962 1032 3245 1097 κοινωνίας
3272 1031 3343 1086 τά
3384 1034 3445 1087 ὲκ
3482 1033 3700 1105 μοιρῶν

2117 1124 2353 1180 ὲτελεῖτό
2393 1142 2494 1179 σοι.
2549 1122 2614 1177 Τί
2644 1122 2701 1177 δὲ
2728 1123 2822 1177 καὶ
2848 1116 2929 1187 οἷς
2965 1119 3205 1195 νομίζεις
3231 1122 3373 1188 θεοῖς
3403 1122 3473 1177 τά
3506 1123 3703 1194 μελιτ-

2116 1217 2332 1282 τοῦντα,
2371 1217 2466 1271 καὶ
2500 1216 2591 1270 τὸν
2645 1214 2936 1269 λιϐανωτὸν
2972 1217 3030 1280 ἐς
3062 1215 3237 1288 μάτην
3271 1214 3502 1287 ῥίπτεις,
3532 1215 3703 1269 εὐσέ-

2118 1309 2269 1365 ϐειάν
2299 1327 2358 1364 τε
2389 1306 2915 1382 ὲπιμορφαζόμενος,
2946 1307 3031 1363 ἐπ’
3058 1308 3222 1380 εὐχάς
3250 1307 3548 1380 τρέπεσθαι
3566 1308 3701 1372 τοὺς

2120 1402 2369 1475 ἑταίρους
2428 1402 2749 1475 παρορμᾷςς
2802 1400 2964 1464 αὑτός
3011 1417 3069 1454 τε
3110 1399 3424 1472 εὐχόμενος,
3460 1401 3517 1452 τί
3542 1399 3701 1471 ⁴ιταρὰ

2118 1494 2256 1549 θεῶν
2282 1496 2450 1560 αἰτεῖς
2469 1539 2484 1562 ,
2519 1494 2683 1548 ὁπότε
2709 1493 2803 1547 καὶ
2828 1492 3033 1547 τούτων
3064 1492 3161 1565 τὴν
3198 1493 3539 1565 εἱμαρμένην
3561 1494 3703 1563 ὀμο-

2116 1586 2292 1662 λογεῑς
2343 1589 2601 1658 κρατείνς
2658 1586 2767 1640 Καὶ
2822 1586 2928 1657 μὴν
2980 1584 3105 1650 ἔδει,
3150 1586 3276 1650 τοὺς
3309 1583 3503 1648 ἄλλους
3534 1583 3702 1648 θεοὺς

2119 1678 2626 1750 παραμειψάμενον,
2676 1674 2888 1753 ἀνάγκη
2933 1676 3091 1748 μόνον
3123 1676 3218 1730 καὶ
3269 1676 3487 1749 μοίραις
3519 1674 3701 1741 θύειν,

446 1782 537 1824 ras
571 1768 655 1823 ³³¹ἰ
694 1767 805 1825 imo
842 1774 897 1825 et
934 1769 1052 1840 ipse
1090 1777 1343 1841 precatus
1389 1771 1520 1842 quid
1554 1770 1688 1828 deos
1724 1773 1977 1843 exposcis
1999 1814 2016 1839 ,

2121 1772 2215 1826 xui.
2237 1769 2332 1824 τοῦ
2370 1771 2493 1834 Διὸς
2544 1769 2709 1826 αὑτοῦ
2764 1769 2962 1843 μᾶλλον
3009 1768 3109 1841 τὴν
3136 1768 3475 1840 εἱμαρμένην
3510 1784 3704 1839 προτι-

445 1857 885 1930 quandoquidem
912 1859 999 1915 his
1036 1872 1255 1930 quoque
1282 1859 1389 1915 fata
1411 1862 1681 1932 imperare
1701 1860 2022 1917 existimas?

2124 1865 2251 1935 μᾷν.
2286 1861 2440 1917 Οὕτω
2483 1861 2527 1915 δ’
2581 1861 2646 1917 ἄν
2681 1878 2761 1915 σοι
2803 1860 2916 1915 θεοὶ
2960 1860 3058 1933 μὲν
3090 1859 3268 1914 οὐκέτ’
3298 1859 3365 1914 ἂν
3406 1854 3565 1931 ἦσαν,
3600 1861 3706 1913 καὶ

444 1948 610 2020 Διουί
650 1949 970 2020 oportebat,
1000 1948 1214 2004 caeteris
1241 1948 1349 2005 diis
1401 1949 1643 2013 omissis,
1676 1949 1770 2005 uni
1806 1956 2017 2003 tantum

2120 1955 2361 2018 εἰκότως,
2387 1953 2482 2008 ἆτε
2519 1953 2653 2025 μηδὲ
2681 1952 2998 2026 ἀνθρώπους
3025 1946 3125 2007 οἷοί
3145 1968 3203 2006 τε
3234 1950 3482 2022 ὠφελεῖν.
3526 1950 3705 2005 Ἀ).λά

444 2038 772 2097 Necessitati
801 2039 1101 2112 Parcisque
1131 2058 1245 2099 rem
1279 2041 1519 2097 divinam
1582 2052 1633 2098 te
1689 2041 1887 2106 facere,
1921 2057 2018 2098 su-

2120 2046 2212 2100 καὶ
2235 2046 2284 2099 εἰ
2315 2044 2603 2117 ἐπέπρωτο
2632 2045 2758 2111 τοὺς
2799 2043 3077 2115 Ἐφεσίους
3108 2042 3310 2098 άλῶναι
3341 2042 3514 2115 λοιμῷ
3536 2042 3703 2097 m1!-

443 2146 650 2202 praque
685 2130 874 2189 Jovem
902 2133 1084 2205 ipsum
1125 2135 1376 2192 venerari
1410 2134 1604 2191 fatum.
1665 2132 1743 2189 ita
1780 2149 1908 2190 vero
1936 2133 2013 2189 dii

2120 2156 2234 2204 τας,
2255 2138 2327 2201 τί,
2346 2137 2602 2190 τάναντία
2629 2135 2956 2208 νομοθετῶν,
2980 2134 3346 2207 παρακρούεις
3371 2133 3471 2206 τὴν
3498 2135 3707 2206 εἱμαρ-

444 2222 580 2278 nulli
610 2222 707 2278 tibi
729 2224 964 2295 amplius
994 2222 1215 2291 fuerint,
1249 2234 1304 2283 et
1330 2225 1526 2282 merito
1551 2225 1791 2297 quidem,
1824 2232 1885 2279 ut
1920 2224 2014 2296 qui

2122 2230 2322 2303 μένην;
2350 2227 2563 2283 Μᾶλλον
2595 2228 2654 2282 δὲ
2689 2228 2806 2293 πῶς
2853 2227 3132 2300 ὑπερῆρας
3171 2225 3269 2298 τὴν
3302 2228 3518 2298 μοῖραν,
3566 2225 3705 2298 τρό-

372 5262 403 5304 ;:
448 5235 494 5266 “
532 5234 629 5290 lib.
666 5250 765 5304 ιιι,
815 5251 868 5292 c.
901 5234 990 5291 16.

443 2313 706 2386 prodesse
727 2315 1045 2372 hominibus
1062 2316 1278 2373 valeant
1294 2316 1449 2373 nihil.
1474 2315 1743 2372 Praeterea
1762 2317 1809 2373 si
1837 2315 2017 2374 decre-

440 2417 559 2467 tum
593 2409 716 2476 fuit,
749 2419 808 2468 ut
866 2412 1014 2471 cives
1069 2412 1289 2484 Ephesii
1333 2424 1486 2485 peste
1541 2411 1912 2483 corripiantur
1948 2411 2014 2477 ",

438 2506 572 2578 quid
605 2507 878 2565 contraria
906 2509 1161 2565 sanciens
1204 2507 1317 2565 fato
1353 2516 1406 2564 te
1436 2508 1646 2579 praebes
1685 2505 2014 2562 adversum?

440 2603 553 2662 lmo
583 2604 855 2675 quomodo
881 2606 1064 2662 vicisti
1094 2605 1288 2673 fatum,
1324 2614 1585 2675 tropaaum
1626 2601 1785 2674 quasi
1822 2601 1890 2656 de
1921 2599 2015 2653 illo

438 2696 726 2753 statuens?
755 2694 812 2750 Si
840 2712 1004 2767 porro
1025 2698 1080 2752 in
1110 2697 1289 2768 puella
1317 2695 1547 2751 Clothus
1576 2693 1688 2764 iam
1717 2691 1953 2748 stamina
1970 2690 2015 2721 ⁸⁸

2119 2339 2277 2376 παιον
2320 2319 2508 2392 ὥσπερ
2561 2322 2679 2375 κατ’
2717 2319 2887 2391 αὐτῆς
2944 2319 3246 2392 ἀράμενος;
3287 2320 3351 2373 Εἰ
3386 2318 3442 2373 δὲ
3466 2319 3563 2372 καὶ
3594 2318 3705 2391 τῆς

2120 2412 2376 2478 Κλωθοῦς
2424 2414 2518 2467 ἐπὶ
2551 2416 2617 2486 τῇ
2651 2413 2790 2487 κόρη
2811 2413 2870 2466 τὸ
2896 2412 3042 2485 νῆμα
3072 2411 3243 2483 πέρας
3264 2410 3490 2483 εἰλήχει,
3524 2412 3706 2469 πόθεν

2119 2504 2179 2571 ἐξ
2205 2505 2455 2578 ὑπαρχῆς
2478 2505 2618 2576 μετὰ
2645 2504 2872 2560 θάνατον
2905 2504 3308 2576 ἀναδησάμενος
3334 2510 3411 2576 τῷ
3440 2505 3583 2577 μίτῳ
3606 2506 3704 2560 τὸν

2120 2599 2408 2669 ἄτρακτον,
2455 2598 2716 2664 ζωοποιδς
2755 2599 2891 2670 αὐτῇ
2924 2598 3354 2670 παραπέφηνας;
3397 2598 3532 2652 Ἀλλ’
3561 2600 3703 2664 (sua;

2126 2693 2307 2761 μοῖραι
2333 2691 2427 2744 καὶ
2468 2689 2691 2744 σεαυτὸν
2722 2691 2816 2745 ἐπὶ
2850 2690 3002 2744 ταῦτ’
3029 2686 3182 2763 ἦγον.

437 2792 596 2842 erant
635 2785 945 2857 absumpta,
975 2802 1083 2858 quo
1130 2795 1190 2842 tu
1222 2794 1379 2857 pacto
1406 2784 1585 2841 denuo
1626 2791 1749 2854 post
1813 2790 2043 2837 mortem
2080 2781 2202 2852 ejus
2231 2797 2372 2838 novo
2401 2782 2583 2849 colum
2618 2780 2844 2838 induere
2873 2781 2962 2838 filo
2983 2823 2999 2848 ,
3032 2782 3217 2854 illique
3248 2797 3370 2837 esse
3405 2782 3530 2837 vita
3604 2796 3703 2836 re-

439 2876 664 2936 deuntis
692 2884 887 2934 auctor
909 2877 1176 2950 potuisti?
1197 2875 1305 2933 Sed
1327 2886 1380 2932 te
1409 2874 1662 2931 fortassis
1681 2874 1882 2931 eaedem
1915 2871 2102 2928 Parca:
2133 2870 2200 2926 ad
2231 2872 2345 2927 haec
2370 2873 2576 2945 agenda
2609 2873 2902 2930 ducebant.

1000 2993 1230 3050 CAPUT
1268 2990 1453 3050 XLVI.

509 3086 659 3144 Nihil
700 3087 914 3159 profers
963 3086 1111 3158 quod
1143 3085 1213 3142 ad
1264 3095 1412 3142 tuam
1460 3083 1626 3141 faciat
1671 3085 2011 3157 dignitatem,

440 3179 716 3253 (multum
779 3178 1008 3249 abest.)
1063 3178 1159 3250 qui
1212 3186 1501 3247 antequam
1555 3176 1611 3232 in
1657 3192 1858 3248 corpus
1914 3177 2017 3233 hoc

440 3285 594 3329 esses
620 3271 832 3328 delatus
854 3270 921 3336 ",
953 3269 1013 3325 in
1041 3284 1254 3334 eorum,
1307 3271 1400 3339 qui
1436 3269 1491 3323 in
1535 3269 1694 3335 mari,
1729 3277 1784 3324 et
1820 3267 2017 3327 ﬂuctus

442 3363 587 3420 inter
636 3370 853 3419 aetatem
911 3368 1288 3424 consumunt,
1353 3369 1406 3418 te
1462 3359 1630 3418 fuisse
1683 3376 1850 3418 censu
1909 3362 2011 3418 ais.

442 3454 647 3527 Nempe
672 3454 1040 3515 necessitatis.
1069 3461 1127 3510 ut
1160 3453 1488 3518 verosimile,
1516 3460 1571 3510 et
1609 3452 1713 3509 hoc
1740 3460 1845 3510 est.
1869 3452 2015 3508 Nihil

443 3563 577 3620 ergo
632 3561 742 3624 ιιιιο
792 3545 1210 3602 admirationem
1242 3558 1508 3608 mereare,
1539 3558 1715 3614 neque
1745 3542 2013 3599 natales"

438 3642 601 3717 5“
627 3637 704 3693 tui
727 3643 784 3694 et
810 3636 1085 3701 educatio,
1126 3648 1303 3705 neque
1334 3631 1608 3704 encyclios
1637 3631 1926 3702 disciplina
1946 3630 2012 3698 ³⁸,

443 3743 626 3797 neque
661 3728 788 3784 vita:
818 3743 991 3798 genus
1009 3723 1566 3795 temperantissimum
1588 3722 1655 3789 υ,
1698 3737 1873 3793 neque
1901 3722 2017 3794 phi-

443 3816 726 3891 losophica
764 3818 1085 3875 exercitatio
1107 3816 1176 3870 ⁵ο.
1206 3814 1411 3886 Nempe
1445 3813 1628 3870 fatalis
1664 3813 1828 3870 etiam
1865 3829 2014 3885 quaso

445 3911 576 3971 (iam
617 3920 737 3968 erat
764 3910 1088 3975 necessitas,
1118 3924 1262 3980 quae,
1302 3908 1371 3963 ad
1395 3906 1721 3979 Babylonios
1759 3914 1817 3961 ut
1847 3906 2012 3976 profi-

444 4002 736 4069 ciscerere,
770 4013 822 4058 te
843 4001 1106 4072 compulit
1132 4000 1198 4057 δι.
1225 3998 1292 4055 Vi
1327 4000 1455 4055 item
1487 3983 1645 4055 actus
1668 3998 1826 4070 quasi
1854 3997 2014 4055 Indo-

446 4109 569 4151 rum
610 4109 827 4167 quoque
877 4091 1054 4149 factus
1100 4091 1405 4163 discipulus
1431 4105 1493 4146 es
1513 4090 1558 4122 δ’
1589 4098 1683 4146 :ct
1730 4088 1798 4145 ad
1845 4088 2015 4162 Egy-

448 4186 687 4259 ptiorum
701 4182 889 4240 Nudos
909 4198 1019 4238 non
1039 4182 1235 4237 electio
1259 4192 1349 4235 tua
1375 4188 1430 4237 et
1446 4180 1727 4252 sapientia:
1747 4169 2009 4247 studium,

448 4277 544 4337 sed
580 4275 753 4331 fatum
786 4283 840 4330 te
866 4275 996 4345 egit,
1029 4272 1171 4329 collo
1202 4282 1256 4329 te
1277 4272 1501 4343 adigens
1527 4273 1742 4329 obtorto
1770 4271 2012 4330 Gadibus

2610 2989 3006 3043 κεφΑΑΑιοΝ
3047 2991 3197 3057 Μαι,

2184 3080 2313 3135 Οῢτι
2333 3099 2419 3135 πω
2442 3081 2763 3153 φήσειςκατ⁹
2784 3081 2965 3148 ἀξίαν,
2985 3079 3178 3135 πολλοῦ
3198 3098 3262 3150 γε
3275 3080 3374 3145 δεῖ,
3389 3080 3448 3145 ὃς
3462 3079 3573 3149 πρὸ
3594 3081 3699 3152 τῆς

2114 3174 2172 3238 ἐς
2200 3173 2359 3227 τοῦτο
2391 3172 2452 3226 τὸ
2488 3172 2647 3245 σῶμα
2685 3172 2915 3245 παρόδου
2943 3172 3053 3226 τῶν
3080 3175 3137 3227 ὲν
3173 3172 3408 3246 θαλάττῃ
3447 3172 3543 3226 καὶ
3591 3173 3696 3227 κὺ-

2117 3283 2248 3337 μασι
2277 3263 2661 3337 διατριϐόντων
2675 3264 2954 3334 γεγονέναι
2976 3265 3196 3319 σεαυτὸν
3220 3265 3421 3335 λέγεις.
3466 3266 3615 3321 Ἀλλ’
3634 3267 3698 3336 ἐξ

2115 3350 2382 3429 άνάῨκης,
2433 3356 2509 3420 ὡς
2567 3356 2732 3420 εἰκὸς,
2784 3356 3086 3410 καὶτοῦτο.
3115 3356 3321 3411 Οθκουν
3366 3357 3694 3428 θαυμάσιος,

2111 3447 2234 3503 οὔτε
2284 3449 2382 3520 τῆς
2432 3446 2654 3520 πρώτης
2697 3447 2963 3518 γενέσεως
3021 3449 3114 3502 καὶ
3153 3448 3381 3520 τροφῆς,
3428 3448 3557 3502 οὔτε
3595 3450 3697 3521 τῆς

2113 3539 2405 3609 ἐγκυκλίου
2432 3539 2698 3604 παιδείας,
2721 3538 2845 3593 οὔτε
2866 3540 2965 3612 τῆς
2991 3541 3049 3593 ὲν
3077 3540 3226 3611 ἀκμῇ
3251 3539 3525 3611 σώφρονος
3545 3542 3696 3610 ἀτω-

2112 3632 2238 3703 γῆς,
2293 3633 2393 3687 οὐκ
2441 3633 2722 3705 ἀσκήσεως
2766 3633 2865 3704 τῆς
2912 3634 2969 3687 ὲν
3014 3632 3297 3704 φιλοσοφία
3338 3632 3473 3705 (22).
3507 3629 3620 3687 Ἦν
3648 3634 3694 3687 δ’

2112 3724 2222 3798 ἄρα
2258 3742 2341 3788 τις
2392 3724 2596 3796 μοιρῶν
2630 3724 2843 3796 ἀνάγκη
2885 3725 2981 3780 καὶ
3018 3727 3076 3788 ὲς
3114 3723 3487 3789 Βαϐυλωνίους
3526 3726 3695 3779 ἐλαύ.

2113 3832 2303 3870 νουσα·
2345 3814 2652 3887 ὠθούμενος
2677 3815 2721 3869 δ’
2754 3815 2943 3887 ὥσπερ
2980 3816 3073 3871 καὶ
3116 3815 3224 3869 τῶν
3267 3816 3443 3871 Ἰνδῶν
3466 3816 3695 3888 ὡμίλεις

2116 3910 2320 3977 σοφοῖς,
2355 3908 2450 3962 καὶ
2494 3908 2589 3961 ἐπὶ
2633 3910 2759 3973 τοὺς
2805 3908 3114 3977 Αἰγυπτίων
3145 3908 3201 3962 δὲ
3249 3908 3495 3979 Γυμνοὺς
3520 3911 3626 3980 οὐχ
3656 3913 3690 3983 η

2114 3998 2451 4071 προαίρεσις,
2487 3999 2595 4053 οὐδ’
2626 4000 2655 4052 ό
2681 3999 2998 4069 φιλοσοφίας
3031 3999 3213 4066 πόθος,
3247 4003 3409 4071 μοῖρα
3443 4000 3503 4053 δὲ
3535 3996 3691 4073 ἦγεν,

2113 4089 2353 4161 ἅγχουσα
2401 4091 2495 4145 καὶ
2525 4092 2618 4147 ἐπὶ
2655 4090 2723 4146 τὰ
2769 4090 3017 4163 Γάδειρα,
3063 4091 3158 4145 καὶ
3194 4091 3296 4156 τάς
3334 4090 3693 4163 Ἡρακλείους

2116 4183 2335 4255 στήλας,
2364 4183 2498 4255 ἑῷόν
2520 4201 2579 4238 τε
2617 4186 2711 4238 καὶ
2739 4185 2991 4257 ἑσπέριον
3027 4184 3277 4238 Ὠκεανὸν
3300 4184 3566 4238 ἀλᾶσθαι·
3600 4186 3692 4240 καὶ

2114 4277 2304 4341 αὑταῖς
2343 4277 2632 4349 ἀτράκτοις
2669 4277 2727 4340 ἐς
2764 4276 2939 4348 μάτην
2977 4274 3285 4341 ἐξεϐιάζετο
3324 4276 3692 4348 περιστρέφε-

450 4366 608 4426 etiam
641 4335 1000 4435 Herculisque
1029 4365 1301 4421 columnis
1323 4363 1390 4431 ",
1430 4364 1701 4435 eoaque“
1727 4373 1890 4435 atque
1919 4379 2012 4420 oc-

2120 4367 2260 4422 σθαι.
2284 4335 2349 4422 ίΞί
2381 4335 2439 4423 δέ
2464 4367 2528 4440 δὴ
2560 4335 2936 4439 μετειληφέναι
2967 4335 3036 4422 τι*
3065 4335 3256 4438 σοφίας
3283 4335 3449 4423 αὐτδν
3477 4335 3546 4423 ιιέ
3570 4335 3695 4425 τοῦ·

449 4457 614 4515 ciduo
641 4456 859 4514 Oceano
877 4457 922 4490 ⁸⁸
943 4465 1002 4512 ιιι
1034 4459 1322 4515 oberrares
1348 4478 1362 4514 :
1391 4460 1619 4529 ipsoque
1652 4456 1779 4513 fuso
1806 4471 1928 4522 suo,
1954 4468 2014 4514 ut

450 4548 601 4608 nullo
627 4549 996 4605 emolumento
1027 4556 1124 4605 tuo
1153 4550 1280 4613 hinc
1302 4549 1429 4606 inde
1452 4565 1624 4622 vagus
1643 4550 2009 4621 discurreres,

449 4647 505 4699 te
540 4641 740 4713 coegit.
784 4640 943 4709 Quod
995 4643 1041 4698 si
1088 4642 1213 4714 duis
1246 4643 1528 4714 sapientia:
1566 4644 1888 4715 participem
1928 4646 2012 4699 fa-

449 4738 597 4789 ctum
625 4732 857 4789 istorum
880 4747 984 4804 ope
1008 4732 1155 4789 dicat
1181 4748 1338 4802 esse;
1360 4733 1481 4804 ejus
1503 4748 1719 4805 quoque
1737 4734 1815 4790 rei
1840 4750 2009 4792 causa

448 4823 618 4883 fatum
658 4823 783 4891 erit,
825 4838 1004 4895 neque
1049 4825 1282 4895 amplius
1314 4824 1399 4879 vir
1440 4825 1530 4881 ille
1579 4826 1632 4881 in
1661 4825 1750 4890 iis,
1789 4827 1885 4896 qui
1930 4827 2010 4883 di-

447 4914 635 4971 scendi
683 4914 867 4971 studio
923 4914 1156 4982 fervent,
1215 4915 1553 4985 censebitur,
1587 4930 1764 4987 neque
1813 4917 2009 4973 merito

2116 4477 2224 4514 των
2263 4461 2405 4514 εἴποι
2449 4477 2554 4524 τις,
2599 4462 2764 4532 μοῖρα
2805 4461 2901 4514 καὶ
2940 4459 3143 4513 τούτων
3182 4460 3350 4521 αἰτία,
3384 4462 3483 4514 καὶ
3512 4461 3691 4516 οὐκέτ’

2114 4552 2181 4606 ἂν
2212 4554 2269 4606 ὲν
2297 4551 2644 4624 φιλομαθέσιν
2671 4554 2699 4606 ὁ
2730 4551 2866 4625 ἀνὴρ
2907 4551 3277 4625 καταλεχθείη,
3300 4552 3411 4606 οὐδ’
3454 4552 3526 4606 ἂν
3545 4553 3695 4608 εὐλρ

2114 4663 2226 4717 γως
2269 4646 2628 4718 θαυμασθείη,
2667 4646 2770 4716 τῆς
2815 4647 2876 4700 οὐ
2910 4645 3053 4701 κατά
3092 4644 3338 4718 γνώμην,
3372 4645 3517 4700 ἀλλὰ
3554 4648 3690 4703 κατὰ

2113 4738 2357 4808 ἀνάγκην
2403 4735 2553 4809 αὑτῷ
2598 4735 2951 4809 πορισθείσης
3001 4736 3336 4807 φιλοσοφίας.
3375 4738 3468 4791 Ἐν
3519 4740 3622 4810 tam
3649 4738 3690 4792 δ’

2116 4827 2182 4882 ἂν
2229 4827 2646 4899 συγκρινόμενος
2690 4828 2776 4898 είη
2825 4830 2944 4881 κατ’
2971 4828 3133 4883 αὐτὸν
3176 4828 3504 4902 Πυθαγόρας
3533 4831 3692 4897 αὐτὸς

2115 4918 2209 4973 καί
2259 4936 2313 4973 τι
2362 4916 2663 4989 τερατῶδες
2721 4919 2817 4973 καὶ
2867 4919 3273 4991 ἀπερριμμένον
3327 4920 3689 4994 ἀνδράποδον

517 5093 698 5168 εξ-ιιι).
720 5110 778 5168 λι,
806 5109 865 5168 ο.
897 5095 988 5152 si.
1015 5095 1143 5168 coll.
1171 5096 1275 5168 lib.
1304 5112 1363 5168 ι,
1399 5111 1449 5168 c.
1484 5097 1535 5151 ι.
1611 5097 1657 5129 υ
1678 5097 1790 5168 ιιι).
1822 5084 1897 5161 ni,
1931 5113 1982 5153 c.

2120 5140 2128 5155 .
2204 5100 2251 5131 "’
2290 5099 2387 5153 lib.
2422 5103 2507 5165 ιν,
2536 5114 2586 5155 c.
2629 5100 2712 5155 l0.
2789 5101 2836 5133 ⁸⁸
2872 5102 2966 5156 lib.
3002 5116 3092 5164 Iv,
3126 5118 3177 5159 c.
3212 5102 3300 5160 45.
3379 5104 3426 5135 ³⁸
3464 5105 3564 5161 lib.
3598 5121 3690 5168 ιιι,

448 5177 500 5219 c.
528 5163 621 5222 25.
716 5164 762 5197 ³⁷
804 5165 901 5222 lib.
936 5182 989 5233 ι,
1024 5181 1076 5221 c.
1110 5166 1219 5221 4-5.

522 5415 661 5499 si?)
680 5420 1143 5499 ,ζῐροκτιούττιὲςο
1168 5417 1776 5499 Ὲρνιελῖροξηρύῖῖεις·
1808 5421 1964 5499 βωτ-

408 5530 417 5539 ,
455 5552 470 5562 _
525 5484 653 5562 (liii
678 5484 993 5562 ξΐπερᾶριιι
1032 5484 1246 5555 βασιλ.
1282 5484 1417 5562 δρξξ
1448 5484 1709 5562 (Respicit
1738 5484 1823 5546 ad
1868 5502 2020 5562 gesta

454 5552 724 5633 imprimis
750 5552 874 5633 cuin
896 5552 1383 5633 Domiti_ano,gvidei
1401 5561 1523 5616 libri
1546 5552 1661 5633 viti,
1690 5576 1814 5633 cap.
1846 5552 2018 5618 l'et‘l.

547 5624 998 5707 ωλἎρασίους.
1085 5624 1291 5687 Morell.
1358 5631 1414 5687 in
1466 5624 1712 5704 margine
1759 5624 2024 5705 'ascripsit
2127 5624 2297 5707 ἐχεμυ

469 5694 760 5771 ’Δραϐίυιν.

1299 5166 1342 5199 ³⁸
1384 5167 1477 5221 lib.
1514 5184 1561 5233 ι,
1591 5183 1641 5221 c.
1676 5167 1728 5223 7.
1804 5169 1847 5201 ⁸⁸
1888 5170 1982 5224 lib.
2034 5184 2085 5232 ι,
2144 5184 2194 5224 c.
2247 5168 2431 5224 1245.

1101 5235 1148 5268 ⁸⁸
1186 5236 1280 5292 lib.
1316 5254 1379 5301 ν,
1415 5253 1466 5293 c.
1503 5238 1529 5292 1
1633 5236 1681 5268 ⁸⁸
1717 5238 1812 5294 lib.
1845 5254 1942 5305 ιιι,
1974 5254 2026 5295 c.
2058 5239 2148 5295 66.
2222 5240 2268 5272 ”
2309 5239 2403 5295 lib.
2435 5257 2498 5309 ν,
2531 5254 2582 5296 c.
2619 5240 2710 5296 47.

2506 5170 2553 5202 ⁸⁸
2618 5170 2713 5243 lib.
2748 5187 2799 5237 ι,
2832 5186 2884 5229 c.
2914 5171 2949 5227 8
2975 5184 3029 5228 et
3061 5171 3148 5227 14.
3221 5174 3266 5205 ⁸⁸
3305 5174 3405 5231 lib.
3438 5191 3481 5243 ι,
3517 5191 3569 5232 c.
3608 5176 3687 5231 ιδ.

2194 5425 2308 5568 (Si;
2336 5426 2558 5482 Πάντα.
2590 5425 2799 5484 Morell.
2833 5427 2889 5481 in
2923 5426 3167 5498 margine
3190 5427 3355 5485 habet
3379 5430 3623 5496 πάντως.

2199 5496 2288 5565 (22
2356 5497 2695 5566 Ἀσκήσεως
2717 5496 2828 5566 τῆς
2855 5498 2925 5551 ἐν
2949 5500 3298 5568 φιλοσοφίᾳ.
3331 5500 3569 5556 Maxime
3606 5514 3623 5554 ι

2197 5496 2308 5578 (2?)
2356 5497 2695 5580 ’ᾼσκῄσεως
2717 5496 2828 5580 τῇς
2855 5498 2925 5551 ἐν
2949 5496 3298 5580 φιλοσοφίᾳ.
3331 5500 3569 5580 hlaxime
3606 5513 3688 5580 re:

2126 5568 2264 5635 spici
2338 5574 2432 5621 uto
2457 5568 2523 5620 ad
2559 5568 2878 5623 exercitium
2940 5568 3211 5640 perpetua
3248 5570 3687 5637 abstinentia,et

2127 5582 2423 5698 ἐχεμυθίας
2476 5635 2868 5698 Pythagoricae.
2916 5639 2984 5695 de
3028 5640 3228 5698 quibus
3280 5641 3404 5698 vide
3454 5643 3577 5698 loca
3634 5639 3688 5696 in

2130 5654 2423 5707 εχεμυυιας
2476 5654 2868 5710 rytuagortcze,
2916 5654 2984 5695 ae
3028 5654 3065 5710 (ι

2130 5707 2369 5777 margine
2396 5707 2579 5763 citata.
