3936 6208
224 299 331 355 865

1342 292 1540 348 LIBER
1579 291 1856 347 CONTRA
1895 290 2313 348 IIIEROCLEM.

3362 300 3466 357 866

225 416 522 489 Σωκράτης
564 414 608 468 δ’
640 414 801 480 αὐτὸς
834 415 1148 485 φιλοσοφίας
1180 412 1679 486 ὑπεραποθνήσκων
1709 413 1790 465 καλ

1903 412 2358 468 existimationem
2408 422 2776 485 consequetur
2812 415 2883 470 ob
2917 416 3261 486 sapientiam,
3300 436 3463 491 quam

224 512 272 563 οί
304 508 489 561 τοῦτον
519 506 745 560 Θανάτου
767 507 914 571 ἀξιον
938 506 1305 578 γραψάμενοι·
1331 504 1587 573 Διογένης
1614 520 1671 556 τε
1705 504 1796 556 καὶ

222 602 291 654 τὰ
344 599 638 669 Ἀθηναίων
689 599 964 670 μειράκια.
1000 599 1108 652 Καὶ
1142 597 1327 661 ἁπλῶς
1356 598 1528 649 εἰπεῖν
1556 597 1583 648 ὁ
1623 595 1798 666 σοφώ-

222 710 386 756 τατος
416 693 514 745 οὐκ
537 691 603 745 ἂν
635 690 875 763 διαφέροι
906 689 998 743 τοῦ
1040 690 1459 763 ἀφρονεστάτου,
1501 691 1594 744 καὶ
1621 694 1648 744 ὁ
1681 692 1797 744 ἀδι-

224 784 466 845 κώτατος
494 781 586 835 τοῦ
618 782 977 845 δικαιοτάτου,
1013 783 1041 835 ὅ
1064 800 1122 835 τε
1150 782 1440 845 ἀκόλαστος
1465 780 1558 834 τοῦ
1586 798 1697 849 om;
1706 799 1794 851 ρο-

224 875 504 938 νεστάτου,
533 874 624 926 καὶ
649 874 676 925 ὁ
707 872 1006 936 δειλότατος
1038 873 1130 926 τοῦ
1172 873 1567 945 ἀνδρειοτάτου,
1602 875 1794 943 εἱμαρ-

226 963 397 1035 μένης
429 964 521 1017 καί
555 963 757 1035 μοιρῶν
804 965 1068 1032 παιγνίων
1100 964 1302 1017 τούτων
1332 964 1584 1017 ἁπάντων
1608 964 1796 1017 ὀιναδε⁹

223 1055 543 1126 δειγμένων.

1904 519 2013 558 non
2043 502 2309 558 electione
2336 518 2456 566 sua,
2487 505 2579 560 sed
2612 506 2937 560 necessitate
2957 504 3155 561 ductus
3190 508 3292 563 sibi
3324 525 3470 563 com-

1904 596 2134 667 paravit.
2164 594 2493 665 Eademque,
2514 596 2667 665 juxta
2704 612 2825 651 eum
2856 596 2904 652 si
2934 600 3270 667 comparatio
3304 600 3464 654 iusti-

1899 695 2105 752 tuatur,
2148 688 2283 741 ratio
2327 688 2432 743 erit
2471 688 2643 757 ipsius
2687 688 3046 759 Pythagorae,
3095 698 3149 743 et
3204 692 3464 761 mancipii

1901 779 2132 848 alicujus
2156 779 2447 848 pmstigiis
2478 779 2668 843 dediti,
2708 788 2760 834 et
2789 780 2992 834 nullius
3026 780 3184 850 pretii
3220 799 3232 833 :
3266 781 3467 850 ipsius-

1899 886 2006 942 que
2042 871 2285 924 Socratis
2313 880 2539 925 mortem
2576 886 2673 939 pro
2701 872 3041 942 philosophia
3072 872 3380 942 oppetentis
3413 881 3468 927 et

1899 978 2087 1017 eorum
2116 962 2207 1033 qui
2235 978 2356 1016 eum
2380 963 2597 1032 capitoli
2625 963 2889 1032 supplicio
2912 963 3251 1018 alliciendum
3276 964 3467 1020 decre-

1897 1062 2092 1107 verunt
2120 1071 2132 1107 :
2162 1051 2415 1123 Diogenis
2439 1054 2566 1107 item
2600 1060 2653 1107 et
2685 1054 2985 1106 Atticorum
3028 1053 3467 1110 adolescentulo-

223 1162 369 1201 rum.
417 1146 592 1217 thue
648 1151 838 1219 paucis
880 1151 1153 1205 absolvam
1186 1191 1201 1217 ,
1261 1150 1693 1221 sapientissimus
1742 1156 1795 1203 et
1852 1146 2243 1201 stolidissimus
2303 1146 2611 1201 mortalium
2680 1146 2817 1199 nihil
2891 1146 3159 1210 dill‘erent,
3196 1147 3331 1201 nihil
3380 1149 3466 1202 in-

218 1242 563 1311 justissimus
630 1247 969 1313 maximeque
1004 1248 1209 1317 justus,
1245 1248 1483 1302 lascivus
1549 1246 1780 1301 maxime
1812 1252 1865 1300 et
1903 1241 2428 1305 continentissimus,
2492 1242 2870 1297 timidissimus
2920 1250 2974 1299 et
3005 1244 3336 1301 fortissimus
3380 1247 3466 1301 di-

225 1337 468 1401 stabunt,
501 1338 545 1392 si
596 1355 690 1394 eos
732 1356 922 1395 omnes
970 1342 1314 1396 necessitatis
1364 1350 1414 1395 et
1448 1340 1543 1394 fati
1580 1354 1786 1393 merum
1829 1344 2193 1392 constetesse
2227 1336 2543 1390 ludibrium.

736 1454 1128 1506 ΚΕΦΑΛΛΙΟΝ
1162 1451 1294 1508 ΜΖ’.

310 1539 466 1592 Ἀλλὰ
498 1541 605 1613 γὰρ
633 1544 768 1615 πρὸς
801 1545 972 1597 ταῦτα
1000 1548 1028 1598 ὁ
1058 1544 1230 1615 κῆρυξ
1256 1544 1353 1614 τῆς
1386 1542 1637 1614 ἀληθείας
1667 1540 1789 1613 βοή·

227 1648 398 1700 σεται,
450 1633 651 1701 λέγων·
691 1632 759 1688 Ὦ
804 1637 1097 1708 ἄνθρωποι,
1136 1637 1325 1708 θνητὸν
1369 1638 1461 1689 καὶ
1508 1635 1792 1705 ἐπίκαιρον

2424 1444 2649 1501 CAPUT
2690 1445 2896 1501 XLVII.

1969 1537 2073 1595 Sed
2102 1539 2244 1594 enim
2288 1546 2477 1591 contra
2520 1539 2633 1592 “213C
2658 1554 2835 1608 praeco
2867 1538 3113 1593 veritatis
3154 1537 3465 1594 inclamabit

1889 1630 2117 1684 dicens:
2153 1627 2298 1682 Heus
2325 1628 2593 1693 homines,
2632 1629 2861 1683 mortale
2904 1638 2957 1682 et
2991 1630 3170 1699 exigui
3207 1631 3463 1697 temporis

224 1724 401 1792 γένος,
444 1729 531 1778 ποῖ
562 1726 624 1796 δὴ
678 1728 926 1799 φέρεσθε,
976 1729 1065 1782 τὸν
1112 1729 1211 1799 τῆς
1260 1730 1523 1801 ἀκρασίας
1563 1731 1790 1801 ἄκρατον

1899 1735 2088 1787 genus,
2123 1733 2231 1787 quo
2267 1717 2504 1770 l'eriniini
2538 1718 2950 1773 incontinentiae
2991 1735 3141 1774 mero
3168 1719 3337 1773 ebrii?
3369 1720 3464 1776 de-

222 1816 540 1885 ὲμπιόντες;
579 1817 773 1888 λήξατέ
823 1837 971 1883 ποτε,
1005 1822 1096 1873 καὶ
1141 1821 1430 1893 διανήψατε
1465 1823 1560 1892 τῆς
1607 1822 1794 1891 μέθης,

224 1907 321 1960 καὶ
347 1906 601 1970 διανοίας
626 1909 804 1985 όρθοῖς
835 1909 1042 1980 ὄμμασι
1080 1912 1141 1964 τὸ
1183 1914 1374 1983 σεμνὸν
1406 1915 1502 1985 τῆς
1545 1914 1798 1985 ἀληθείας

220 1999 612 2069 ὲνοπτρίσασθε
637 2001 943 2071 πρόσωπον.
974 2002 1047 2054 Οὐ
1073 2003 1227 2073 θέμις
1255 2004 1507 2074 ἀλήθειαν
1546 2004 1797 2074 πολεμεῖν

221 2092 392 2162 ἑαυτῇ
427 2093 519 2145 καὶ
555 2092 856 2163 μάχεσθαι’
895 2094 1014 2146 οὐδὲ
1061 2094 1204 2148 δυοῖν
1235 2096 1639 2150 ὲναντιωτάτοιν
1671 2097 1797 2166 μίαν

220 2183 519 2249 ὑφεστάναι
557 2185 650 2237 καὶ
687 2186 784 2255 τὴν
818 2184 984 2256 αὐτὴν
1014 2186 1210 2239 αἰτίαν.
1239 2188 1348 2257 Τῆς
1375 2187 1466 2240 τοῦ
1500 2186 1633 2240 Θεοῦ
1668 2206 1799 2259 προ-

218 2273 373 2334 νοίας
403 2274 470 2326 τὰ
506 2275 679 2328 πάντα
714 2276 1036 2348 κρατούσης,
1062 2277 1221 2341 θείοις
1257 2278 1367 2349 (25)
1399 2278 1583 2348 νόμοις
1622 2279 1798 2331 διατέ-

217 2380 420 2416 τακται
453 2365 513 2417 τὸ
547 2368 673 2419 πᾶν.
719 2366 1045 2438 Ἀνθρώπων
1076 2385 1132 2420 τε
1168 2368 1343 2439 ψυχῆς
1374 2370 1498 2439 ὄρος
1544 2369 1801 2439 αὐτοκρά-

215 2456 357 2524 τορά
388 2472 448 2507 τε
500 2458 591 2509 καὶ
637 2459 851 2529 κριτὴν,
894 2460 1132 2529 ἡγεμόνα
1180 2477 1237 2513 τε
1274 2460 1366 2513 καὶ
1411 2459 1594 2531 κύριον
1640 2459 1798 2512 αὑτὸν

216 2547 419 2599 ἑαυτοῦ
472 2549 784 2620 καθίστησι’
820 2555 1066 2619 φυσικοῖς
1116 2553 1298 2623 νόμοις
1358 2553 1451 2605 καὶ
1502 2552 1797 2621 φιλοσόφων

209 2636 488 2707 δόγμασιν
507 2640 855 2702 ἐκδιδάσκων,
883 2643 955 2706 ὡς
976 2644 1080 2715 ἄρα
1100 2644 1206 2696 τῶν
1235 2645 1401 2697 ὄντων
1426 2644 1492 2696 τὰ
1520 2644 1619 2713 μὲν
1652 2642 1796 2695 ἔστιν

213 2732 311 2799 ἐφ’
334 2735 483 2803 ἡμῖν,
517 2734 585 2787 τά
622 2734 676 2787 δὲ
720 2736 817 2787 οὐκ
852 2736 934 2803 ἐφ’
968 2737 1113 2806 ἡμῖν.
1152 2735 1260 2789 Καὶ
1302 2735 1381 2804 ἐφ’
1414 2738 1543 2806 ἡμῖν
1578 2735 1673 2805 μὲν
1699 2734 1797 2786 ὅσα

212 2823 419 2890 γένοιτ’
448 2825 512 2877 ἂν
539 2825 678 2878 κατά
704 2826 1019 2896 προαίρεσίν
1042 2844 1099 2879 τε
1133 2826 1225 2879 καὶ
1258 2824 1455 2897 πρᾶξιν
1483 2825 1614 2894 (24),
1648 2822 1680 2876 ἃ
1705 2824 1797 2876 καὶ

213 2912 384 2983 φύσει
415 2916 671 2988 ἐλεύθερα
702 2916 833 2986 ('23),
869 2916 1137 2977 ἀκώλυτα,
1179 2915 1627 2986 ἀπαρεμπόδιστα
1667 2929 1797 2980 τυγ-

213 3003 398 3073 χάνει·
420 3005 489 3058 τά
504 3007 558 3059 δὲ
578 3007 677 3059 οὐκ
700 3008 781 3076 ἐφ’
799 3011 929 3077 ἡμῖν
950 3007 1167 3077 ἀσθενῆ,
1185 3006 1364 3069 δοῦλα,
1388 3004 1621 3067 κωλυτά,
1647 3004 1799 3057 ἁλλό-

1898 1813 2061 1867 sinite
2098 1810 2337 1874 demum,
2367 1824 2397 1865 e
2424 1811 2647 1880 crapula
2681 1811 3142 1881 expergiscimini,
3188 1814 3463 1884 rectisque

1898 1903 2095 1958 mentis
2127 1901 2301 1956 oculis
2328 1909 2614 1971 augustam
2648 1903 2895 1956 veritatis
2926 1903 3211 1957 intuemini
3246 1906 3460 1960 faciem.

1897 1991 2001 2048 Fas
2033 1994 2175 2048 enim
2205 2008 2313 2047 non
2342 2002 2419 2048 est
2460 1993 2562 2047 sibi
2591 1994 2689 2061 ipsi
2723 2008 3025 2063 repugnare
3053 1996 3361 2061 veritatem,
3398 2011 3463 2051 ac

1898 2100 1927 2138 a
1954 2100 2012 2140 se
2032 2084 2345 2140 dissentire.
2372 2083 2556 2154 Neque
2580 2083 2791 2138 duobus
2816 2085 2957 2139 inter
2987 2101 3044 2139 se
3074 2087 3307 2142 maxime
3327 2103 3460 2142 con-

1897 2176 2082 2230 trariis
2115 2192 2277 2230 unam
2311 2174 2665 2245 eamdemque
2714 2190 2935 2229 causam
2980 2177 3227 2233 subesse.
3261 2178 3464 2233 Divina:

1906 2267 2265 2323 Providentiae
2292 2269 2472 2322 omnia
2503 2267 3079 2337 continentis-legibus
3120 2270 3317 2325 divinis
3351 2272 3463 2326 uni-

1898 2377 2116 2416 versum
2150 2362 2253 2415 hoc
2294 2360 2520 2431 regitur.
2556 2358 2783 2414 Delinita
2813 2368 2991 2414 autem
3038 2362 3231 2417 anima:
3270 2363 3497 2417 huma—‘

1897 2467 1982 2508 na:
2033 2454 2309 2521 potentia,
2339 2450 2654 2521 v‘principem
2698 2465 2822 2504 eum
2864 2466 2926 2504 ac
2960 2451 3238 2520 judicem,
3293 2464 3465 2509 recto-

1897 2560 2011 2599 rem
2070 2554 2123 2598 et
2172 2544 2450 2598 dominum
2482 2543 2567 2596 sui
2599 2543 2771 2612 ipsius
2817 2545 3101 2598 constituit
3130 2545 3323 2612 :juxta
3363 2560 3461 2599 na-

1899 2644 2034 2689 tura:
2063 2635 2209 2705 leges
2238 2642 2290 2690 et
2338 2634 2783 2704 philosophorum
2837 2636 3033 2705 placita
3081 2652 3202 2690 eum
3233 2638 3459 2702 docens,

1897 2743 2079 2781 rerum
2129 2727 2264 2779 alias
2311 2741 2434 2780 csse
2468 2726 2523 2779 in
2573 2733 2841 2797 potestate
2884 2737 3094 2793 nostra,
3159 2729 3295 2784 alias
3332 2745 3462 2785 vero

1899 2830 2005 2870 non
2039 2831 2181 2870 esse.
2215 2811 2372 2885 545
2390 2812 2453 2867 Ει
2476 2814 2530 2867 in
2553 2824 2739 2869 nostra
2784 2815 3001 2885 quidem
3034 2824 3301 2886 potestate
3333 2835 3455 2875 esse

1899 2910 2075 2977 posita
2109 2907 2288 2961 omnia
2318 2922 2440 2976 qua:
2470 2906 2537 2959 ab
2569 2907 2832 2961 electione
2860 2917 3047 2962 nostra
3071 2918 3123 2963 et
3150 2910 3463 2978 Operatione

1900 2999 2158 3069 pendent,
2190 3013 2313 3051 cum
2353 3000 2551 3067 quibus
2578 3006 2630 3052 et
2665 3000 2737 3051 ita
2772 3014 2800 3051 a
2843 3007 3039 3053 natura
3082 3008 3458 3069 comparatum

211 3111 373 3166 τρια,
393 3095 427 3147 δι
456 3097 549 3148 καὶ
574 3097 698 3167 περὶ
726 3096 785 3148 τὸ
810 3096 985 3167 σῶμα,
1006 3098 1097 3149 καὶ
1117 3095 1184 3148 τὰ
1205 3096 1375 3160 ἐκτὸς,
1400 3095 1580 3166 ἄψυχα
1594 3112 1651 3146 τε
1673 3093 1790 3146 ὄντα

1900 3100 2002 3156 est,
2057 3100 2116 3144 ut
2156 3092 2324 3145 libera
2380 3093 2511 3160 sint,
2563 3106 2661 3145 nec
2698 3091 2971 3161 prohiberi
3004 3107 3035 3145 a
3087 3094 3339 3162 qu0piam
3377 3094 3460 3148 vel

209 3188 318 3241 καὶ
339 3186 524 3255 ἄλογα,
543 3189 635 3240 καὶ
650 3188 820 3258 πάντη
838 3188 935 3258 τῆς
957 3187 1090 3250 ἰδίας
1103 3186 1194 3239 τοῦ
1207 3186 1421 3254 λογικοῦ
1439 3186 1575 3250 ζώου
1591 3186 1802 3255 φύσεως

209 3279 509 3351 ἀλλοτρίαν
540 3280 636 3350 τὴν
657 3279 948 3332 ὑπόστασιν
978 3278 1108 3348 ἔχει.
1132 3278 1249 3330 Τῶν
1278 3278 1319 3330 δ’
1344 3277 1572 3347 ἐφ’ήμίν
1589 3279 1685 3348 τὴν
1710 3278 1801 3329 ἐπὶ

211 3374 425 3445 Θὰτερα
453 3374 624 3446 ὁρμὴν
651 3375 850 3446 ἀρετῆς
882 3392 940 3426 τε
971 3375 1063 3427 καὶ
1094 3374 1291 3436 κακίας
1317 3374 1546 3436 ἕκαστος
1570 3376 1626 3426 ὲν
1661 3373 1798 3445 αὐτῇ

210 3467 484 3537 κέκτηται
512 3468 840 3538 προαιρέσει.
874 3468 981 3519 Καὶ
1016 3466 1074 3518 τὸ
1108 3467 1205 3537 μὲν
1240 3466 1348 3519 τῶν
1373 3466 1508 3519 ὅλων
1538 3466 1797 3531 δεσπόζον

206 3575 281 3611 τε
318 3560 411 3612 καὶ
438 3558 735 3630 ἡγεμονοῦν
776 3557 976 3613 εὐθέως
1016 3558 1259 3627 περαίνει
1290 3557 1422 3627 (26),
1459 3557 1600 3610 κατά
1635 3558 1793 3627 φύσιν

210 3650 743 3721 περιπορευόμενον
776 3646 897 3717 τῷδ’
918 3646 1024 3699 αίε“ι
1054 3648 1338 3701 συνέπεται
1363 3647 1506 3718 δίκη,
1537 3647 1644 3700 τῶν
1668 3650 1796 3703 ἀπο·

207 3739 559 3810 λειπομένων
587 3738 679 3791 τοῦ
711 3738 853 3790 θείου
878 3738 1039 3809 νόμου
1075 3736 1312 3808 τιμωρός
1333 3753 1345 3767 ·
1381 3736 1489 3789 τῶν
1516 3736 1559 3789 δ’
1585 3737 1676 3789 ἐπὶ
1696 3738 1793 3800 τὰς

208 3831 450 3903 πράξεις
498 3831 682 3902 ὁρμῶν
732 3830 793 3883 οὐ
843 3830 1060 3900 μοίρας,
1111 3829 1231 3882 οὐδὲ
1275 3828 1631 3899 εἱμαρμένης,
1684 3827 1791 3881 οὐδ’

207 3923 465 3995 ἀνάγκης
510 3922 655 3975 αἰτία
692 3921 821 3992 (27)·
858 3922 1008 3973 αἰτία
1046 3919 1298 3989 ἑλομένου
1323 3935 1335 3947 -
1372 3917 1502 3982 Θεὸς
1529 3918 1788 3980 ἀναίτιος.

1899 3181 2145 3249 impediri
2178 3188 2400 3250 queant.
2442 3182 2571 3247 Qua:
2598 3197 2726 3236 vero
2756 3183 2809 3236 in
2842 3189 3110 3251 potestate
3140 3191 3325 3237 nostra
3350 3198 3459 3239 non

1897 3280 2046 3336 sunt,
2078 3289 2140 3327 ea
2181 3274 2395 3327 inlirnia
2442 3280 2589 3339 sunt,
2637 3274 2870 3328 obnoxia
2917 3274 3185 3336 servituti,
3218 3276 3461 3345 nihilque

1897 3363 1963 3417 ad
1990 3378 2089 3417 nos
2116 3365 2365 3429 attinent,
2395 3364 2461 3418 ad
2493 3380 2691 3435 corpus
2721 3365 3049 3435 pertinentia
3076 3373 3130 3420 et
3162 3381 3249 3421 res
3279 3374 3458 3420 exter-

1894 3471 2014 3517 nas,
2052 3458 2232 3511 animo
2264 3464 2319 3511 ct
2366 3458 2576 3511 ratione
2606 3457 2887 3524 destituta,
2923 3469 3083 3527 atque
3131 3459 3352 3513 omnino
3375 3459 3459 3513 di-

1895 3565 2107 3604 versam
2146 3565 2175 3604 a
2208 3558 2402 3604 natura
2432 3550 2684 3605 animalis
2725 3551 2932 3605 ratione
2964 3552 3176 3620 praediti
3207 3558 3456 3606 naturam

1901 3641 2170 3699 habentia.
2210 3641 2267 3696 ln
2300 3643 2381 3698 eis
2407 3657 2538 3697 vero
2563 3657 2684 3712 quae
2711 3650 2839 3697 sunt
2874 3642 2926 3695 in
2955 3650 3220 3713 potestate
3247 3651 3456 3709 nostra,

1895 3732 1961 3786 ad
2004 3734 2320 3788 alterutram
2353 3741 2558 3805 partem
2592 3732 3030 3802 propensionem,
3062 3732 3146 3785 vel
3190 3748 3311 3787 cum
3341 3734 3456 3786 vir-

1894 3833 2026 3889 tute,
2078 3828 2160 3880 vel
2198 3841 2320 3881 cum
2353 3826 2484 3880 vitio
2535 3824 2903 3893 conjunctam,
2946 3823 3000 3877 in
3047 3822 3309 3878 electione
3357 3838 3455 3878 sua

1894 3918 2270 3985 unusquisque
2292 3918 2523 3987 positam
2555 3914 2734 3969 habet.
2769 3912 2941 3968 Porro
2985 3921 3162 3968 autem
3196 3913 3456 3969 Dominus

208 4026 278 4072 el
306 4023 488 4070 rector
540 4017 782 4069 omnium
827 4025 971 4070 recta
1002 4016 1217 4068 ratione
1265 4012 1477 4082 singula
1542 4011 1815 4081 transigit,
1857 4026 1952 4080 per
2019 4011 2331 4066 universam
2378 4024 2693 4065 commeans
2734 4015 3006 4063 naturam.
3038 4005 3196 4062 Hunc
3238 4008 3455 4064 assidue

209 4108 469 4177 sequitur
503 4104 772 4169 Nemesis,
806 4121 993 4160 eorum
1062 4106 1153 4176 qui
1197 4119 1224 4157 a
1269 4103 1452 4156 divina
1514 4101 1629 4172 lege
1682 4100 2038 4155 discesserint
2077 4100 2293 4155 vindex.
2328 4099 2409 4154 Ad
2446 4099 2713 4171 agendum
2764 4108 2940 4152 autem
2983 4095 3127 4166 quod
3192 4094 3452 4165 feramur,

213 4215 330 4254 non
370 4198 422 4251 in
454 4196 641 4252 Parcis
674 4195 849 4251 fatove
894 4205 947 4251 et
991 4196 1320 4252 necessitate
1352 4202 1434 4249 est
1464 4193 1642 4264 culpa,
1688 4191 1782 4247 sed
1820 4192 1979 4263 culpa
2004 4201 2087 4248 est
2116 4192 2171 4246 in
2203 4192 2471 4262 eligente;
2504 4191 2647 4246 Deus
2675 4191 2824 4245 omni
2859 4190 3017 4258 culpa
3053 4196 3229 4244 vacat.

723 4308 1115 4362 ΚΕΦΑΛΑΙΟΝ
1145 4308 1284 4361 ΜΗ’.

2407 4302 2635 4359 CAPUT
2674 4302 2906 4358 XLVIII.

288 4422 357 4475 Et
387 4420 450 4492 δὴ
484 4421 797 4493 θρασύνοιτό
827 4440 929 4485 τις,
960 4421 1066 4473 τῶν
1095 4422 1178 4490 ἐφ’
1212 4422 1339 4490 ἡμῖν
1361 4420 1482 4491 ἄρτι
1511 4415 1785 4487 πολεμῶν,

1961 4416 2116 4484 Quod
2146 4418 2189 4472 si
2226 4416 2390 4487 igitur
2420 4416 2617 4486 aliquis
2644 4416 2871 4469 nimium
2903 4415 3159 4469 audacter
3187 4429 3246 4469 se
3274 4422 3449 4485 gerat,

219 4514 296 4585 μὴ
355 4513 875 4584 παρακαλυπτέσθω.
937 4506 1104 4574 Οὗτος
1168 4511 1432 4580 ἀθεότητα
1488 4507 1788 4576 ἀναφανδὸν

216 4605 610 4676 ὲξαγορευέτω,
662 4605 734 4675 μὴ
783 4604 1054 4675 πρόνοιαν,
1086 4603 1158 4674 μὴ
1195 4602 1347 4665 Θεὸν,
1385 4600 1516 4671 μηδέ
1553 4618 1607 4653 τι
1639 4599 1785 4666 ἄλλο,

291 4760 407 4829 (25)
431 4760 651 4813 Αίτίαν.
676 4759 788 4826 Τῆς
816 4776 867 4811 τ.
904 4759 1048 4812 Θεοῦ
1073 4772 1243 4826 προν.
1270 4775 1321 4811 τ.
1346 4772 1407 4810 π.
1428 4757 1781 4829 κρατούσης.

219 4826 401 4895 θείοις
447 4842 551 4883 etc.
586 4829 659 4881 Ita
698 4829 1133 4899 distinguendum
1185 4830 1513 4898 putavimus.
1566 4826 1697 4899 Nam
1730 4828 1784 4880 in

217 4901 385 4953 editis
414 4908 528 4953 erat
559 4900 756 4964 αἰτίαν,
777 4896 950 4970 τῆςτ.
987 4899 1048 4951 Θ.
1090 4896 1245 4969 προν.
1282 4916 1331 4951 τ.
1368 4915 1429 4951 π.
1457 4896 1779 4968 κρατούσης.

217 4970 400 5032 Θείοις
425 4979 532 5023 etc.

294 5039 405 5109 (24)
440 5038 597 5092 Κατὰ
624 5038 972 5109 ξροαιζρεσίν
999 5035 1454 5109 τεᾼκιιὶίπρᾶξιν.
1487 5033 1644 5109 Prio_r
1667 5034 1783 5109 edi-

221 5104 397 5161 tio‘ut'
424 5118 476 5163 et
506 5124 607 5162 ms.
644 5104 914 5178 Regini
948 5107 1142 5178 πρᾶξιν
1194 5108 1283 5160 hic
1330 5109 1547 5161 habent.
1596 5104 1659 5157 Et
1707 5106 1781 5158 ita

222 5179 491 5247 interpres
528 5180 581 5231 in
618 5194 717 5231 suo
761 5178 949 5232 codice
996 5185 1538 5247 repererat,ivertens
1564 5190 1679 5247 quae
1716 5189 1782 5228 ea:

220 5245 487 5302 electione
524 5257 755 5317 aetuque
804 5245 1146 5317 proveniunt.
1178 5247 1259 5317 At
1286 5246 1352 5301 de
1401 5245 1781 5317 emendatione

220 5327 410 5371 nostra
441 5319 567 5388 (qua
608 5315 782 5390 ὄρεξις
808 5315 883 5390 ῂι
924 5319 1101 5371 locum
1133 5316 1378 5390 πράξεως
1408 5315 1777 5384 substituitur)

221 5403 384 5442 nemo
409 5387 694 5458 dubitabit,
714 5390 803 5458 qui
836 5387 1135 5457 Epictetum
1169 5389 1394 5455 ejusque
1433 5393 1768 5458 commenta-

223 5466 396 5513 torem
426 5454 760 5527 Simplicium
799 5454 896 5513 veli
926 5474 952 5511 a
1000 5458 1184 5511 limine
1218 5454 1469 5527 inspexit.
1502 5454 1773 5527 IIOLsrea.

295 5529 399 5583 Sed
441 5526 667 5597 ego’qui
699 5538 988 5597 utrumque
1022 5528 1254 5597 inspexi,
1290 5526 1356 5579 de
1399 5526 1777 5597 emendatione

223 5604 403 5652 tamen
451 5594 797 5653 Holsteniana
826 5594 1035 5653 dubito.
1064 5594 1427 5664 Praeterquam
1456 5596 1598 5649 enim
1628 5594 1774 5664 quod

226 5669 537 5739 προαίρεσις
575 5678 628 5723 et
667 5669 863 5739 πρᾶξις
908 5669 1064 5736 longe
1103 5668 1284 5735 aptius
1318 5665 1420 5719 sibi
1456 5674 1644 5739 mutuo
1676 5680 1772 5739 re-

227 5734 543 5801 stiond'eant.
570 5741 684 5795 inse
708 5734 984 5801 Epictetus
1007 5734 1094 5802 ἐφ’
1123 5734 1249 5801 ἡμῖν
1274 5750 1394 5792 esse
1425 5735 1497 5789 ait
1522 5735 1601 5788 ἐν).
1629 5734 1771 5805 λόγῳ

1892 4511 1947 4564 in
1978 4516 2248 4579 potestate
2281 4520 2467 4562 nostra
2505 4524 2625 4578 quae
2659 4516 2787 4563 sunt
2825 4509 3172 4577 impugnans,
3203 4523 3329 4561 eum
3374 4508 3453 4561 Ia-

1888 4607 2002 4655 terc
2032 4615 2147 4654 non
2186 4600 2457 4669 patiamur
2489 4600 2740 4654 ulterius.
2791 4597 2902 4652 lino
2946 4598 3277 4668 impietatem
3326 4599 3451 4654 talis

1884 4749 1983 4803 ὅσα
2010 4748 2249 4819 ἡμέτερα
2283 4748 2502 4800 'EPI‘A.
2532 4745 2709 4819 Igitur,
2732 4746 2927 4817 πρᾶξιν
2954 4746 3059 4801 ﬁde
3089 4746 3330 4802 omnium
3354 4762 3449 4803 co-

1884 4818 2064 4874 dicum
2099 4820 2183 4871 hic
2220 4820 2450 4872 retinere
2482 4834 2588 4870 non
2625 4818 2831 4870 dubito.

2245 4888 2342 4939 καὶ
2394 4888 2571 4970 φύσει
2616 4885 3096 4970 ξλεᾴρεραηηωα
3144 4887 3328 4970 itidem
3382 4901 3446 4970 εἰ

1886 4954 2461 5029 Epietctijdeprompta
2494 4957 2798 5029 Enchiridio
2828 4954 2983 5017 sunt,
3018 4956 3159 5029 quod
3188 4957 3304 5029 vide
3326 4954 3445 5010 (λε.

1955 5029 2066 5099 (96)
2094 5028 2382 5099 Περαίνει.
2410 5026 2572 5099 lta_ex
2603 5028 3306 5099 conjectura__restituebam
3350 5040 3447 5094 pro

1884 5096 2138 5171 παραινεῖ
2161 5098 2303 5167 quod
2356 5098 2408 5171 in
2441 5096 2600 5151 editis
2628 5096 3049 5171 eratomnibus.
3085 5096 3147 5171 _Et
3168 5106 3448 5171 Δ(νει-,ιιινεξι

1882 5165 1999 5223 ram
2049 5165 2333 5224 lectionem
2392 5169 2670 5220 invenerat
2701 5169 2859 5220 etiam
2908 5167 2963 5217 i-n
3013 5166 3128 5220 suis
3158 5165 3444 5232 Acciolus;

1883 5239 1957 5292 ita
1975 5240 2115 5293 enim
2132 5237 2370 5293 vertebat
2390 5256 2403 5291 :
2432 5237 2564 5290 Deus
2582 5252 2736 5304 porro
2758 5236 3009 5287 Dominus
3026 5252 3196 5287 rerum
3213 5235 3445 5304 omnium

1880 5311 2234 5378 princepsque,
2268 5316 2410 5359 recta
2434 5303 2636 5378 ratione
2668 5307 2875 5375 singula
2906 5303 3355 5378 t_ransigit._Qu_od
3379 5311 3445 5378 et

1883 5374 1982 5434 nos
2027 5374 2369 5433 retinuimus.
2400 5377 2471 5429 Τὸ
2500 5376 2695 5439 ὲνθέως
2742 5374 3032 5444 apponitur
3063 5376 3229 5429 caecis
3265 5374 3445 5429 fatalis

1881 5450 2225 5503 necessitatis
2256 5448 2512 5501 motibus.

1952 5519 2060 5589 (27)
2093 5519 2279 5572 Αἱτία.
2310 5516 2506 5589 Vocem
2547 5529 2666 5589 quae
2715 5515 3065 5589 librariorum
3116 5515 3248 5568 vit-io
3297 5513 3443 5568 exci-

1878 5586 2055 5652 derat,
2085 5590 2384 5642 oscitanter
2432 5587 2545 5639 haec
2601 5586 3050 5649 describentium,
3096 5594 3283 5655 atque,
3313 5597 3443 5640 voce

1878 5662 1963 5715 bis
1989 5660 2210 5728 repetita
2263 5657 2624 5721 turbatorum,
2653 5656 2896 5727 restitui,
2928 5671 3036 5711 non
3064 5656 3121 5711 in
3148 5654 3363 5728 gratiis,
3383 5659 3441 5711 ιιι

1879 5726 2117 5794 confido,
2156 5726 2453 5783 Musarum.
