3936 6208
274 293 378 353 869
1356 299 1444 355 DE
1483 298 1695 358 CURlS
1730 300 2016 357 BIBIJCIS
2054 302 2342 361 EUSEBII.
3417 314 3523 372 870

282 501 1430 533 tum:

1351 510 1787 523 ————————

606 759 1660 978 EUSEBII
1819 716 3137 990 PAMPHILI

1157 1217 1960 1314 CESARIENSIS
2037 1225 2586 1321 EPISCOPI

356 1525 1136 1687 OPERUM
1239 1528 1998 1690 OMNIUM
2094 1533 2577 1693 PARS
2691 1538 3397 1699 TERTIA

1894 515 3509 549 ———————.-_-.—_—=====__._

1474 2026 2281 2144 EXEGETICA

1233 2381 1348 2443 DE
1391 2382 1631 2445 CUIUS
1672 2383 2045 2445 BIBLICIS
2086 2383 2449 2446 EUSEBII.

884 2594 1104 2660 (Angela
1125 2593 1241 2656 list,
1270 2591 1562 2644 Bibliotheca
1587 2606 1708 2643 nova
1735 2594 1959 2656 Patrum,
1983 2599 2016 2642 t.
2043 2593 2123 2656 lV,
2149 2607 2197 2656 p.
2222 2593 2298 2643 66.
2344 2594 2512 2646 Rome
2537 2596 2675 2658 1847,
2701 2595 2845 2663 in-l.)

311 2951 452 3008 Dum
505 2948 724 3005 Eusebii
754 2947 978 3018 reliquis
1003 2947 1191 3002 sedulo
1217 2947 1536 3025 colligendis
1568 2963 1757 3003 curam
1790 2950 2182 3021 impentlerem,
2210 2949 2326 3005 ﬁeri
2353 2964 2464 3005 non
2494 2958 2707 3021 poterat
2746 2954 2877 3023 quin
2907 2954 2973 3009 ad
3003 2954 3245 3012 codicem
3270 2972 3491 3031 quoque

223 3048 386 3105 illum
417 3046 683 3115 insignem
719 3043 1045 3113 respicerem
1072 3042 1200 3096 olim
1232 3042 1286 3096 in
1320 3040 1493 3096 Gallia
1524 3042 2036 3109 Claromontanum,
2070 3060 2217 3099 nunc
2241 3043 2586 3111 Vaticanum,
2614 3048 2908 3118 prophetas
2936 3065 3147 3117 omnes,
3172 3069 3294 3108 cum
3324 3053 3489 3111 Pam-

220 3144 365 3218 phili
400 3141 725 3211 Eusebiique
752 3139 1092 3201 recensione,
1130 3140 1530 3204 continentem;
1557 3138 1623 3193 de
1655 3154 1764 3209 quo
1793 3141 1921 3194 olim
1956 3139 2239 3195 Curterius
2269 3141 2322 3193 in
2359 3141 2677 3211 prmfatioue
2708 3143 2773 3197 ad
2803 3143 3125 3215 Procopium
3156 3147 3211 3201 in
3247 3148 3485 3214 Esaiam,

217 3247 285 3295 et
307 3236 502 3292 deinde
529 3235 758 3305 peritius
798 3230 1239 3286 Montl‘auconius
1270 3231 1323 3284 in
1359 3228 1543 3283 (ἐνατία
1574 3230 1989 3300 palwographia,
2021 3247 2074 3300 p.
2116 3230 2221 3284 224
2252 3247 2429 3301 seqq.,
2462 3233 2673 3288 locutus
2702 3242 2805 3288 est.
2843 3235 2892 3290 Is
2931 3237 3123 3299 codex,
3161 3241 3349 3295 nescio
3378 3257 3489 3311 quo

215 3346 412 3386 rerum
438 3338 657 3391 eventu,
687 3344 829 3383 anno
874 3327 1012 3382 1785
1052 3325 1280 3380 Romam
1325 3325 1557 3388 delatus,
1595 3326 1780 3396 palatii
1815 3326 2098 3396 apostolici
2130 3327 2396 3396 impensa,
2430 3331 2660 3383 scutatis
2703 3332 2941 3386 nummis
2972 3336 3228 3390 trecentis
3270 3345 3489 3406 emptus

216 3423 356 3486 fuit,
401 3432 456 3478 et
495 3421 836 3476 bibliothecae
861 3419 1137 3473 Vaticana:
1183 3416 1454 3481 addictus,
1506 3416 1917 3471 bibliothecario
1964 3416 2116 3471 card.
2154 3416 2372 3483 Zelada,
2402 3418 2659 3488 praefecto
2691 3418 2927 3491 Josepho
2966 3424 3154 3495 Regio,
3189 3434 3247 3480 ut
3288 3428 3342 3482 in
3387 3444 3487 3484 au-

212 3518 471 3572 thentica
499 3514 826 3569 venditionis
877 3510 1185 3583 syngrapha
1220 3509 1436 3579 legitur.
1476 3506 1689 3574 Quanta
1736 3510 1806 3563 sit
1844 3509 2054 3564 codicis
2091 3510 2443 3579 calligraphia
2483 3520 2539 3566 et
2572 3514 2891 3583 antiquitas,
2916 3515 3243 3585 judicabunt
3285 3520 3485 3577 eruditi

211 3625 292 3665 ex
321 3607 622 3678 specimine
681 3604 1018 3667 ﬁdelissimo,
1067 3602 1215 3673 quod
1247 3602 1395 3674 ligno
1415 3617 1680 3657 excusum
1734 3601 1823 3656 hic
1858 3602 2202 3672 apponimus.
2234 3601 2369 3656 Nam
2422 3602 2515 3658 fol.
2561 3604 2630 3658 84
2670 3612 2795 3660 ante
2842 3606 3055 3663 Esaiam
3094 3610 3298 3678 Graece,
3335 3624 3393 3669 ut
3426 3614 3482 3670 in

211 3708 419 3756 nostro
446 3715 579 3755 cuso
609 3699 907 3770 specimine
940 3698 1260 3753 scribuntur
1286 3712 1371 3760 ea,
1411 3712 1530 3765 qua:
1568 3694 1760 3750 Latine
1790 3695 1870 3751 sic
1898 3695 2135 3750 habent:
2172 3695 2489 3765 Desumptus
2512 3697 2614 3767 fuit
2646 3696 2840 3753 Esaias
2878 3701 2940 3753 ab
2973 3704 3263 3771 exemplari
3296 3706 3482 3767 Patris

208 3796 544 3867 Apollinarii
577 3793 972 3859 ca-nobiarcha’,
1010 3794 1096 3846 cui
1126 3792 1236 3847 haec
1265 3801 1416 3845 erant
1443 3791 1763 3861 subjuncta:
1794 3791 2097 3859 desumptus
2128 3792 2229 3861 fuit
2261 3790 2454 3847 Esaias
2497 3808 2562 3847 ea:
2589 3793 2902 3849 editionibus
2941 3796 3331 3874 hexapla‘ribus.
3356 3781 3485 3855 Gol-

210 3895 367 3949 latus
389 3902 465 3946 est
500 3901 675 3945 autent
703 3891 862 3945 etiam
886 3906 1004 3944 cum
1039 3889 1205 3943 altera
1232 3887 1512 3957 hexaplari
1545 3887 1719 3941 codice
1747 3888 1883 3942 hanc
1910 3887 2305 3942 adnotationem
2338 3888 2559 3943 habente
2589 3906 2607 3942 :
2647 3889 2936 3943 emendata:
2961 3890 3175 3959 fuerunt
3201 3893 3483 3965 dilige-uter

207 3998 426 4044 cunctae
458 3988 742 4051 editiones;
780 3987 969 4041 etenim
1018 3986 1227 4038 collata:
1268 3984 1412 4052 fuere
1442 3999 1560 4036 cum
1590 3982 1757 4037 Esaia
1789 3984 2084 4051 tetraplari,
2117 4000 2208 4038 nec
2235 4000 2340 4038 non
2374 4000 2491 4037 cum
2536 3983 2829 4053 hexaplari.
2864 3984 2996 4038 Tum
3041 3986 3203 4039 etiam
3231 3986 3296 4040 ab
3326 3988 3481 4042 initio

208 4098 383 4155 usque
420 4082 495 4136 ad
526 4083 775 4137 visionem
800 4080 948 4150 Tyri,
986 4080 1289 4134 accuratius
1323 4078 1494 4132 adhuc
1525 4079 1832 4134 emendatus
1866 4080 1988 4148 fuit.
2024 4080 2243 4149 Copiam
2279 4080 2422 4134 enim
2448 4079 2749 4147 habuimus,
2786 4097 2949 4152 usque
2982 4080 3050 4135 ad
3080 4082 3237 4151 ﬁnem
3261 4083 3479 4138 uisionis

214 4179 372 4251 Tyri,
406 4187 663 4232 tomorum
693 4178 747 4231 in
775 4176 992 4231 Esaiam
1022 4176 1401 4246 exegeticorum
1436 4174 1676 4246 Origenis
1707 4191 1725 4227 :
1755 4176 2035 4246 seduloque
2072 4177 2563 4240 animaduertentes,
2597 4194 2700 4248 quo
2724 4194 2879 4232 sensu
2912 4179 3000 4233 ille
3027 4180 3265 4248 singulas
3287 4180 3482 4235 dictio-

212 4289 309 4330 nes
337 4288 433 4341 pro
470 4272 667 4327 viribus
690 4272 1070 4340 explicavisset,
1117 4286 1320 4324 omnem
1364 4269 1760 4339 ambiguitatem
1802 4269 2084 4324 secundum
2133 4272 2278 4326 illius
2316 4283 2540 4327 mentem
2570 4274 2916 4326 correximus.
2951 4272 3219 4328 Praeterea
3262 4264 3478 4343 compa-

214 4371 427 4424 ratione
455 4370 697 4423 instituta
721 4385 837 4423 cum
869 4367 1212 4438 Septuaginta
1248 4367 1481 4420 uirorum
1523 4365 1767 4428 editione,
1797 4376 1847 4421 et
1887 4383 2004 4419 cum
2034 4366 2303 4422 adnotatis
2333 4368 2398 4422 ab
2441 4368 2667 4422 Eusebio
2691 4367 2760 4420 ad
2791 4367 3033 4429 Esaiam,
3064 4369 3118 4423 in
3153 4368 3480 4425 dissonanti-

215 4467 314 4519 bus
347 4466 475 4519 locis
508 4480 717 4518 sensum
767 4464 948 4517 rimati
987 4480 1190 4524 sumus,
1232 4472 1385 4533 atque
1415 4462 1483 4515 ad
1513 4463 1657 4515 illius
1706 4479 1944 4516 normam
1996 4463 2413 4517 emendationem
2443 4466 2762 4518 curauimus.
2822 4463 2961 4519 Tum
3007 4465 3103 4520 fol.
3151 4466 3258 4521 280
3289 4467 3322 4522 b
3352 4475 3479 4523 ante

213 4560 557 4617 Ezechielem
587 4560 784 4630 legitur
807 4557 1011 4621 Graece,
1041 4568 1099 4614 ut
1134 4558 1337 4628 pariter
1370 4559 1424 4611 in
1455 4565 1642 4611 nostro
1664 4557 1979 4626 specimine,
2025 4557 2169 4627 quod
2202 4557 2393 4613 Latine
2418 4559 2497 4614 sic
2532 4560 2975 4629 interpretamur.
3012 4560 3333 4631 Desumptus
3375 4562 3479 4631 fuit

211 4654 515 4723 (Ezechiel)
548 4656 612 4708 ab
657 4654 945 4722 exemplari
990 4652 1169 4707 Patris
1196 4653 1517 4721 Apollinarii
1557 4651 1963 4717 cwnobiarchaz,
2016 4653 2071 4707 in
2100 4670 2201 4723 quo
2230 4653 2341 4707 haec
2386 4664 2537 4708 erant
2572 4655 2854 4725 subjuncta
2877 4672 2896 4710 :
2937 4656 3240 4727 desumptus
3271 4658 3478 4725 fuit'ea:

206 4748 533 4803 dicionibus
558 4747 950 4815 hexaplaribus,
1000 4745 1404 4815 emendatusque
1439 4744 1507 4797 ad
1560 4744 1793 4813 ejusdem
1831 4745 2070 4815 Origenis
2099 4746 2345 4816 tetrapla,
2377 4761 2493 4816 qua:
2545 4764 2703 4801 manu
2741 4748 2905 4818 ipsius
2946 4749 3223 4803 emendata
3264 4749 3475 4818 fuerant

207 4854 258 4897 et
292 4841 508 4896 scholiis
538 4844 782 4912 prwdita.
827 4840 971 4895 Unde
1003 4858 1093 4912 ego
1124 4840 1382 4894 Eusebius
1417 4838 1619 4893 scholia
1643 4840 1845 4895 addidi.
1882 4841 2187 4909 Pamphilus
2219 4850 2268 4896 et
2302 4839 2559 4896 Eusebius
2591 4845 3013 4899 emendaverunt.
3474 4906 3497 4973 ν

281 4980 451 5037 Vides
480 4958 725 5036 codicem
773 4980 980 5050 tedepol
1008 4982 1540 5051 praestantissimum.
1575 4980 1739 5036 Vides
1761 4981 1984 5037 Eusebii
2012 4998 2139 5054 erga
2172 4983 2388 5039 divinos
2413 4983 2579 5040 libros
2610 4984 2824 5047 merita,
2859 4993 2912 5039 et
2939 5000 3100 5055 quam
3133 4993 3281 5040 recte
3310 4984 3378 5040 de
3406 4958 3483 5042 eo2

209 5073 575 5147 Hieronymus
606 5076 684 5130 De
715 5079 810 5129 vir.
847 5077 929 5131 ill.
959 5092 1078 5148 cap.
1107 5078 1171 5132 8i
1211 5078 1409 5133 dixerit
1437 5098 1448 5132 :
1480 5078 1734 5131 Eusebius
1764 5076 2026 5132 Ca'sarea:
2055 5076 2361 5134 Palwstina.’
2398 5081 2670 5149 episcopus
2701 5082 2757 5133 in
2790 5080 3082 5148 Scripturis
3129 5081 3319 5135 divinis
3358 5091 3472 5135 stu-

209 5175 567 5237 diosissimus,
599 5182 649 5226 et
683 5172 1004 5229 bibliotheca:
1029 5173 1238 5241 divinaa,
1284 5191 1400 5228 cum
1433 5174 1715 5243 Pamphilo
1755 5183 2013 5243 martyre,
2047 5174 2480 5245 diligentissimus
2517 5176 2912 5245 pervestigator.
2959 5174 3165 5232 Revera
3200 5176 3472 5231 Constan-

208 5270 361 5323 tinus
386 5270 499 5339 ipse
540 5269 837 5339 imperator
876 5267 1014 5339 (Vit.
1044 5269 1139 5323 lib.
1181 5287 1253 5333 IV,
1285 5270 1375 5335 56,
1409 5269 1498 5340 37)
1532 5267 1769 5325 Eusebio
1808 5283 2010 5321 munus
2041 5267 2301 5337 imposuit
2331 5269 2784 5338 praastantissima
2816 5266 2915 5321 SS.
2950 5266 3252 5322 Bibliorum
3287 5283 3495 5341 (διεπι-ἶ

211 5363 384 5432 plaria
406 5364 801 5435 quinquaginta
852 5365 1197 5430 conﬁciendi,
1236 5381 1357 5435 quae
1387 5364 1622 5419 diversis
1661 5362 1923 5418 Ecclesiis
1951 5364 2243 5418 distributa
2277 5363 2519 5419 fuerunt.
2552 5363 2672 5417 Jam
2714 5363 2760 5418 si
2791 5363 2999 5420 codicis
3036 5364 3337 5433 pleniorem
3368 5344 3496 5418 [ιο-ι

211 5459 384 5514 titiam
418 5470 592 5530 optas,
620 5477 739 5516 eam
774 5463 1013 5518 breviter
1059 5462 1137 5517 sic
1168 5462 1470 5517 trademus.
1502 5460 1621 5517 Fol.
1672 5461 1779 5523 1-5.
1812 5459 1950 5515 Vita:
1992 5460 2183 5515 breves
2210 5462 2595 5531 prophetarum
2620 5467 2844 5515 auctore
2869 5460 3190 5514 nominatim
3208 5457 3465 5523 Eusebio,

212 5565 345 5620 quas
375 5553 659 5610 Curterius
696 5554 886 5610 edidit.
932 5554 1049 5611 Fol.
1076 5555 1230 5617 5-H,
1262 5552 1457 5610 Obitus
1487 5560 1541 5609 et
1562 5556 1855 5623 sepulturae
1888 5555 2298 5624 prophetarum,
2326 5554 2445 5609 sine
2488 5553 2728 5609 auctoris
2758 5556 2999 5620 nomine,
3036 5553 3103 5608 de
3136 5553 3333 5623 quibus
3362 5566 3465 5622 po-

3481 5141 3496 5175 ἴ.

214 5651 325 5699 stea
359 5647 625 5704 dicemus.
656 5647 772 5703 Fol.
799 5648 991 5713 l2-83,
1019 5647 1300 5717 Prophetas
1322 5649 1562 5704 minores
1589 5647 1900 5703 duodecim.
1933 5645 2050 5701 Fol.
2083 5645 2171 5702 84.
2204 5646 2297 5700 Illa
2332 5647 2616 5717 inscriptio
2650 5654 2773 5701 ante
2795 5645 3009 5701 Esaiam
3042 5660 3163 5717 quas
3190 5645 3245 5699 in
3277 5651 3467 5700 nostro

214 5738 506 5797 specimine
556 5741 728 5801 prima
758 5749 861 5797 est.
903 5738 1166 5796 Praecedit
1212 5740 1320 5796 illic
1348 5740 1542 5797 notitia
1578 5738 1856 5815 de‘Esaia,
1895 5741 2126 5812 ejusque
2157 5739 2401 5811 parentis
2430 5738 2635 5813 ,Amosi
2674 5740 2914 5809 nomine,
2950 5746 3006 5795 et
3047 5747 3289 5810 tempore
3327 5734 3467 5792 vati-
