3936 6208
188 354 293 409 s73
1311 332 1399 389 DE
1439 332 1650 391 CURIS
1692 332 1980 388 BlBLlClS
2014 331 2301 389 EUSEBII.
3321 338 3427 392 874

190 474 491 528 litterarum
547 463 765 525 formis,
786 477 910 517 cum
958 448 1112 514 titulo
1149 475 1161 510 :
1204 454 1471 526 Ὀνόματα
1502 454 1744 525 προφητι]

1871 454 1937 506 εαὶ
1972 451 2132 506 πόθεν
2160 451 2287 515 εἰσὶ,
2314 451 2407 503 καὶ
2461 451 2561 503 ποῦ
2590 450 2877 517 ἀπέθανον,
2921 453 3013 505 καὶ
3052 452 3163 516 πῶς
3200 456 3292 507 καὶ
3318 455 3425 508 ποῦ

188 568 395 621 κεῖνται
414 581 429 594 ’
467 558 700 614 Nomina
728 556 1118 625 prophetarum,
1150 559 1196 604 et
1220 551 1449 617 ipsorum
1481 548 1691 616 patriar,
1721 556 1769 599 et
1796 547 2012 599 ubinam
2043 545 2256 608 mortui,
2286 553 2333 598 et
2370 543 2627 612 quomodo
2652 552 2700 597 et
2728 560 2827 614 quo
2867 545 2978 603 loco
3000 545 3188 612 sepulti
3208 546 3427 610 fuerim,

190 658 386 714 Mirum
425 667 591 725 porro
619 659 703 705 est
733 646 877 717 quod
905 660 1080 714 neque
1130 639 1413 697 Curterius
1442 653 1628 725 neque
1670 636 2105 693 Montlaucouius
2155 638 2319 691 ullam
2371 637 2535 707 hujus
2585 638 2775 708 scripti
2822 638 3151 693 mentionem
3203 640 3431 697 fecerim

190 717 605 819 (diversa-enim
655 746 781 796 sunt
806 738 1060 792 lemmata
1099 734 1190 788 illa
1227 747 1347 803 quae
1380 717 1546 785 manu
1570 734 1871 787 recentiore
1912 734 2116 804 scripta
2146 732 2583 789 Montlauconius
2629 735 2869 803 neglecta
2907 747 2937 786 a
2972 733 3223 788 Curterio
3252 736 3429 809 dicit).

190 837 496 909 Cmteroqul
537 835 733 905 legenti
770 831 901 885 mihi
936 828 1078 883 haud
1107 841 1247 896 aegre
1303 825 1560 890 innotuit,
1603 826 1701 881 has
1729 842 1852 883 esse
1888 827 2010 882 illas
2050 827 2440 897 prephetarum
2489 826 2662 889 Vitas,
2702 842 2931 896 quarum
2982 827 3178 881 cinnus
3212 830 3430 898 quidam

188 938 445 1003 peractus
474 928 572 982 fuit
607 927 664 980 in
702 924 857 979 libris
886 922 1080 986 editis;
1112 928 1227 973 tum
1248 917 1500 971 videlicet
1522 916 1808 988 l‘lpiphanii
1838 918 1891 972 in
1921 920 2156 973 editione
2193 918 2487 973 Petaviana
2516 918 2608 971 Gr.
2640 917 2757 974 Lat.
2784 926 2824 973 t.
2852 918 2915 983 ll,
2950 928 3060 973 tum
3092 920 3146 974 in
3174 921 3434 977 Chronico

184 1022 429 1093 paschali
473 1020 560 1075 ed.
608 1017 809 1081 Paris.,
844 1030 898 1084 p.
939 1013 1040 1067 146
1094 1027 1282 1080 seqq.:
1314 1025 1625 1080 quanquam
1669 1009 1890 1065 Graecus
1933 1018 2115 1067 textus
2145 1021 2198 1066 et
2230 1012 2286 1065 in
2333 1011 2589 1065 Chronico
2622 1010 2776 1065 valde
2810 1022 2891 1066 est
2946 1012 3259 1077 mendosus,
3293 1024 3346 1069 et
3380 1018 3437 1069 in

186 1113 494 1187 Epiphanio
527 1127 635 1165 non
663 1124 851 1179 parum
881 1107 1073 1160 variat.
1114 1103 1355 1173 Denique
1375 1104 1457 1159 hae
1488 1103 1622 1157 Vitae
1654 1104 1757 1158 sub
1790 1103 2043 1159 Dorolhei
2071 1104 2219 1175 Tyrii
2253 1106 2473 1160 nomine
2494 1112 2707 1158 exstant
2746 1105 2798 1158 in
2824 1104 3175 1175 Lugdunensi
3209 1107 3436 1162 Patrum

188 1206 535 1271 Bibliotheca,
576 1211 618 1256 t.
644 1200 728 1266 Ill,
763 1218 817 1271 p.
854 1198 978 1263 429.,
1008 1197 1197 1253 Latine
1246 1197 1643 1251 tantummodo.
1668 1194 1970 1267 Caeteroqui
2015 1198 2219 1251 frustra
2249 1197 2649 1267 lprOpemodum
2683 1197 2757 1251 ait
2786 1198 3009 1254 Cavaaus
3040 1199 3286 1254 Graecum
3328 1201 3440 1255 Dos

186 1301 366 1355 rothei
392 1304 597 1354 textum
638 1308 759 1349 esse
782 1293 1065 1355 ineditum,
1095 1289 1536 1360 quandoquidem
1566 1291 1621 1344 in
1649 1291 1888 1360 paschali
1918 1291 2178 1347 Chronico
2215 1308 2349 1362 pene
2372 1302 2515 1345 totus
2546 1292 2764 1361 legitur.
2794 1290 2950 1346 Nunc
2979 1301 3200 1363 propter
3229 1294 3439 1351 codicis

186 1391 439 1446 Vaticani
494 1388 871 1458 antiquitatem
923 1400 985 1439 ac
1015 1386 1333 1449 bonitatem,
1362 1383 1507 1439 haud
1535 1384 1650 1440 scio
1680 1400 1748 1440 an
1789 1385 1977 1456 scripti
2032 1386 2195 1455 hujus
2236 1400 2374 1440 nova
2403 1386 2572 1440 editio
2620 1386 2918 1456 meliorque
2976 1388 3268 1456 aliquando
3322 1405 3441 1443 mo-

188 1484 369 1540 lienda
409 1484 499 1540 sit.
535 1480 793 1550 Exemplo
818 1479 1110 1550 gustuique
1135 1477 1205 1533 sit
1245 1476 1486 1531 narratio
1514 1477 1903 1532 miraculorum
1938 1477 2137 1543 Eliszei,
2168 1493 2289 1549 quae
2314 1478 2466 1532 deest
2505 1477 2559 1530 in
2594 1475 2851 1532 Chronico
2880 1494 2931 1549 p.
2968 1478 3092 1543 lGI,
3130 1480 3222 1534 ubi
3258 1480 3441 1537 brevis

187 1580 432 1650 ejusdem
462 1578 585 1631 Vita
619 1577 833 1646 legitur,
866 1576 1027 1645 prout
1056 1575 1110 1628 in
1134 1574 1324 1629 codice
1357 1580 1549 1628 nostro
1573 1581 1678 1640 est,
1712 1575 1808 1630 sed
1835 1576 2043 1645 reliqua
2074 1591 2183 1629 non
2206 1576 2355 1637 item,
2382 1589 2501 1644 qua:
2524 1582 2650 1628 sunt
2678 1575 2730 1627 in
2756 1574 2946 1629 codice
2969 1574 3063 1629 fol.
3095 1574 3182 1637 10,
3210 1576 3296 1639 ll,
3322 1578 3438 1633 sier

188 1673 271 1726 Τά
302 1672 357 1725 δὲ
386 1673 582 1741 σημεῖα
609 1668 643 1721 δι
674 1666 947 1736 ἐποίησεν,
975 1666 1081 1718 εἰσὶ
1100 1664 1290 1718 ταῦτα.
1334 1664 1600 1729 Ἑπάταξε
1622 1666 1715 1719 καί
1743 1667 1904 1729 αὐτὸς
1943 1665 2034 1718 τὸν
2085 1665 2353 1737 Ἰορδάνην
2384 1668 2450 1736 τῇ
2491 1664 2708 1735 μηλωτῇ
2742 1666 2807 1735 τῇ
2852 1664 3051 1728 Ἠλιοῦ,
3084 1666 3179 1719 καὶ
3217 1666 3445 1740 διῃρέθη

188 1764 249 1817 τὸ
287 1762 447 1834 ὕδωρ,
488 1762 581 1813 καλ⁸
599 1760 750 1831 διέϐη
779 1760 871 1812 καὶ
898 1756 1057 1821 αὐτὸς
1087 1756 1235 1829 ξηρῷ
1267 1756 1343 1827 τῷ
1372 1758 1511 1810 ποδί.
1546 1758 1624 1811 Τὰ
1650 1757 1820 1811 ὕδατα
1861 1760 1917 1810 ἐν
1970 1758 2178 1830 ’Ῑεριχὼ
2207 1758 2417 1830 πονηρὰ
2446 1754 2512 1829 ἦν
2552 1759 2642 1812 καὶ
2684 1758 2851 1827 ἄγονα
2869 1776 2881 1787 ⁸
2914 1759 3006 1813 καὶ
3029 1759 3266 1823 ἀκούσας
3290 1765 3441 1834 παρὰ

187 1855 298 1908 τῶν
324 1854 422 1925 τῆς
439 1853 664 1916 πόλεως,
683 1850 1048 1905 ἐπεκαλέσατο
1075 1850 1165 1903 τὸν
1189 1850 1341 1913 Θεὸν,
1364 1851 1458 1905 καὶ
1486 1846 1655 1906 εἶπεν*
1684 1871 1702 1904 ι
1729 1855 1918 1925 Ἴαμαι
1949 1854 2017 1908 τὰ
2044 1854 2210 1908 ῦδατα
2237 1854 2427 1917 ταῦτα,
2457 1854 2549 1905 καλ⁵
2564 1855 2664 1907 οὐκ
2696 1854 2844 1907 ἔσται
2872 1854 2950 1907 ἔτι
2977 1856 3186 1908 ἐκεῖθεν
3215 1855 3440 1922 Θάνατος

188 1949 286 2001 καὶ
305 1944 686 2015 ἀτεκνουμένη·
713 1962 731 1995 ι
757 1943 850 1996 καὶ
868 1941 1094 2012 ἰάθησαν
1121 1941 1190 1995 τὰ
1217 1940 1499 2006 ῦδαταὲως
1524 1944 1624 2013 τῆς
1649 1944 1867 2016 ἡμέρας
1890 1945 2108 2016 ταύτης.
2128 1945 2337 1999 Παίδων
2354 1945 2728 1999 ἀτακτούντων
2757 1945 2874 1999 κατ’
2900 1946 3065 1999 αὐτοῦ
3097 1948 3440 2019 κατηράσατο

184 2042 246 2093 ἐν
276 2041 475 2103 αὐτοῖς,
493 2040 585 2093 καὶ
610 2037 921 2103 ἐξελθοῦσαι
945 2036 1037 2090 δύο
1065 2038 1254 2109 ἀρκτοι
1284 2036 1580 2108 ἐνέῤῥηξαν
1598 2037 1655 2104 ἐξ
1681 2038 1857 2092 αὐτῶν
1892 2039 1997 2110 μϐ’.
2032 2039 2173 2109 Γυνὴ
2210 2040 2487 2111 προφήτου
2516 2038 2932 2111 τελευτήσαντος
2963 2040 3261 2111 ὁχλουμένη
3296 2044 3442 2113 παρά

180 2133 497 2197 δανειστῶν,
514 2132 694 2204 καὶμὴ
724 2131 920 2203 ἔχουσα
946 2131 1255 2195 ἀποδοῦναι,
1287 2130 1558 2203 προσῆλθε
1581 2131 1658 2202 τῷ
1705 2131 1972 2204 Ἐλισαίῳ,
2008 2131 2102 2185 καὶ
2134 2131 2433 2185 ἐνετείλατο
2460 2132 2595 2203 αὖτῇ
2630 2135 2947 2201 συναγαγεῖν
2974 2132 3140 2201 ἀγγία
3162 2133 3322 2186 καινὰ
3343 2136 3442 2188 ὅσα

180 2226 429 2291 δύναται,
467 2224 560 2277 καὶ
590 2224 651 2277 τὸ
674 2224 795 2295 ἔχον
816 2224 1089 2291 ὀλιγοστὸν
1112 2223 1286 2277 ἔλαιον
1315 2221 1569 2276 ἐκκενοῦν
1592 2225 1669 2286 είς
1699 2223 1837 2277 αὐτά
1862 2224 1965 2286 ἕως
1993 2224 2203 2294 ἀποσχῇ
2234 2223 2300 2276 τὰ
2331 2222 2517 2291 ἁγγία,
2551 2223 2644 2276 καὶ
2670 2223 2826 2276 τοῦτο
2862 2226 3133 2294 ποιήσασα
3156 2224 3441 2295 ἐπλήρωσε

179 2318 256 2371 τὰ
298 2316 483 2386 ἀγγία,
510 2316 603 2369 καὶ
641 2315 945 2369 ἀποδέδωκε
986 2315 1097 2379 τοῖς
1125 2310 1446 2377 δανεισταῖς,
1473 2316 1567 2369 καὶ
1598 2316 1658 2370 τὸ
1697 2317 2018 2388 περισσεῦον
2059 2318 2215 2389 ἔσχεν
2260 2319 2339 2381 εἰς
2380 2316 2671 2389 διατροφὴν
2704 2316 2812 2370 τῶν
2853 2318 3076 2371 παίδων.
3113 2319 3207 2381 Εἰς
3229 2318 3442 2390 Σουμᾶν

181 2408 440 2464 ἀπελθὼν
468 2408 645 2480 ἔμεινε
686 2408 835 2480 παρά
859 2423 965 2461 τινι
996 2408 1235 2477 γυναικὶ,
1268 2408 1363 2460 καὶ
1407 2408 1482 2480 μὴ
1524 2408 1784 2462 ποιοῦσαν
1838 2409 2007 2480 αὐτὴν
2040 2408 2272 2474 παιδίον,
2303 2404 2671 2480 ἐπιθυμοῦσαν
2716 2408 2773 2461 δὲ
2816 2412 2983 2479 σχεῖν,
3023 2409 3313 2480 εὐξάμενος
3344 2429 3440 2464 πε-

180 2502 388 2574 ποίηκε
413 2499 693 2554 συλλαϐεῖν
722 2499 815 2553 καὶ
842 2502 1055 2553 τεκεῖν·
1088 2495 1206 2553 εἶτα
1234 2497 1572 2554 ἀποθανόντα
1610 2500 1700 2553 τὸν
1742 2500 1927 2564 παῖδα,
1966 2500 2258 2571 εὐξάμενος
2296 2500 2455 2554 πάλιν
2478 2501 2694 2572 ήγειρεν
2727 2500 2791 2552 ὲκ
2818 2500 3047 2572 νεκρῶν.
3076 2501 3171 2563 Εἰς
3196 2500 3445 2570 Γάλγαλα

180 2590 362 2647 ἐλθὼν
392 2592 633 2665 κατήχθη
658 2608 732 2646 πα
742 2591 810 2663 ρὰ
830 2594 940 2657 τοῖς
961 2593 1098 2656 υίοῖς
1110 2589 1217 2644 τῶν
1235 2591 1547 2664 προφητῶν,
1570 2594 1664 2647 καὶ
1679 2576 1962 2662 έψεθέντος
1985 2593 2348 2665 προσφαγίου,
2375 2592 2470 2646 καὶ
2492 2591 2783 2663 θανατικῆς
2812 2592 3039 2664 βοτάνης
3062 2592 3440 2664 συνεψεθείσης

179 2684 267 2756 τῷ
300 2684 638 2756 προσφαγίῳ,
666 2685 760 2738 καὶ
783 2686 915 2757 παρ’
940 2683 1119 2753 ὀλίγον
1153 2684 1567 2740 κινδυνευόντων
1591 2686 1826 2751 πάντων,
1851 2687 2147 2757 πεποίηκεν
2176 2686 2408 2751 ἀϐλαϐὲς
2447 2688 2541 2739 καὶ
2566 2687 2661 2757 ήδὺ
2694 2686 2754 2739 τὸ
2781 2686 2995 2758 βρῶμα.
3029 2688 3148 2741 Τῶν
3182 2689 3312 2743 υἱῶν
3333 2690 3441 2743 τῶν

179 2776 487 2848 προφητῶν
512 2776 814 2830 κοπτόντων
838 2776 969 2843 ξύλα
998 2776 1149 2849 παρά
1167 2777 1257 2831 τὸν
1298 2777 1585 2849 Ἰορδάνην,
1619 2777 1842 2843 ἐξέπεσε
1874 2778 1935 2832 τὸ
1968 2776 2230 2852 δρέπανον
2249 2778 2343 2833 καὶ
2372 2778 2763 2850 κατεποντίσθη
2783 2779 2854 2852 ’Δό
2892 2779 2949 2832 δὲ
2990 2768 3253 2844 Ἑλισαῖος
3290 2782 3443 2852 εὐχό-

179 2841 687 2939 μενος-πεποίηκεν
709 2841 1032 2923 ἐπιπολᾶσαι
1060 2841 1122 2923 τὸ
1151 2841 1436 2942 δρέπανόν.
1464 2841 1672 2942 Ναμᾶνή
1689 2873 1717 2924 6
1750 2871 1921 2944 Σύρος
1945 2841 2012 2924 δέ
2036 2871 2202 2926 αὐτοῦ
2232 2870 2566 2945 ἐκαθαρίσθη
2591 2874 2611 2904 ²
2638 2841 2868 2943 ἀπὸυτῆς
2890 2872 3094 2943 λέπρας
3148 2841 3249 2925 Τὸν
3279 2841 3443 2928 παῖδα

177 2961 357 3016 αὐτοῦ
394 2962 654 3025 Ἐλισαῖος
675 2962 960 3043 λεγόμενον
984 2962 1181 3028 Γιεζεὶ,
1209 2963 1506 3017 ἀπελθόντα
1529 2965 1713 3035 κρυφᾶ
1741 2963 1893 3035 παρά
1912 2963 2135 3036 γνώμην
2163 2963 2481 3036 αὐτοῦξπρὸς
2507 2964 2704 3032 Ναμᾶν
2723 2963 2815 3017 καὶ
2837 2965 3135 3035 αἰτήσαντα
3161 2966 3443 3037 ἀργύριον,

178 3052 420 3125 ὕστερον
447 3054 665 3109 ἐλθόντα
704 3056 796 3109 καὶ
828 3055 1157 3127 ἀρνούμενον
1192 3056 1383 3127 ήλεγξε
1410 3058 1503 3111 καὶ
1536 3057 1884 3129 κατηράσατο
1917 3060 2098 3123 αὐτὸν,
2124 3060 2218 3113 καὶ
2267 3058 2457 3127 γέγονε
2486 3058 2685 3129 λεπρός
2707 3073 2720 3088 ο
2754 3057 3011 3127 βασιλέως
3044 3059 3241 3131 Συρίας
3286 3059 3441 3112 πολε-

180 3145 422 3219 μοῦντος
442 3145 531 3199 τὸν
574 3146 806 3219 Ἰσραήλ,
838 3147 1166 3217 ἠσφαλίζετο
1200 3146 1290 3200 τὸν
1323 3148 1545 3219 βασιλέα
1584 3148 1800 3221 Ἰσραὴλ
1826 3149 2180 3218 ἀπαγγέλλων
2223 3149 2371 3220 αὐτῷ
2399 3149 2496 3213 τὰς
2525 3150 2743 3219 σκέψεις
2766 3150 2859 3203 τοῦ
2900 3149 3093 3221 ἐχθροῦ
3113 3166 3126 3179 ·
3155 3145 3311 3203 τοῦτο
3342 3167 3444 3221 μα-

178 3240 304 3293 θὼν
327 3238 356 3291 6
386 3238 634 3308 βασιλεὺς
663 3238 857 3310 Συρίας
888 3239 1094 3312 πέμπει
1122 3240 1349 3312 δύναμιν
1373 3241 1598 3310 ἀγαγεῖν
1624 3240 1714 3294 τὸν
1740 3242 2052 3313 προφήτηνηο
2081 3242 2109 3293 6
2136 3241 2191 3293 δὲ
2211 3240 2506 3312 εὐξάμενος
2549 3241 2844 3311 πεποίηκεν
2883 3240 3079 3303 αὐτοὺς
3104 3240 3443 3310 παταχθῆναι

176 3330 448 3401 ἀορασίᾳ,
474 3330 566 3383 καὶ
589 3333 874 3403 ἀπήγαγεν
895 3332 973 3395 είς
1000 3332 1309 3405 Σαμάρειαν
1341 3333 1490 3403 παρὰ
1509 3333 1635 3397 τοὺς
1657 3334 1902 3407 ἐχθροὺς,
1944 3333 2198 3398 ἀϐλαϐεῖς
2222 3352 2280 3388 τε
2313 3335 2509 3397 αὐτοὺς
2569 3334 2807 3404 φυλάξας
2834 3334 3058 3388 διέσωσε
3091 3334 3183 3387 καὶ
3215 3333 3406 3405 ἔθρεψε
3424 3348 3438 3364 ο

175 3424 352 3479 τοῦτο
376 3422 559 3492 μαθὼν
592 3426 621 3477 6
641 3425 892 3496 βασιλεὺς
916 3427 1113 3498 Συρίας
1142 3428 1419 3481 επαύσατο
1438 3425 1534 3482 τοῦ
1570 3429 1840 3499 πολεμεῖν.
1861 3427 2018 3481 Μετά
2046 3428 2272 3482 θάνατον
2315 3426 2581 3482 Ἐλισαίου
2614 3426 2897 3483 ἀποθανών
2925 3444 3009 3490 τις
3049 3427 3143 3480 καὶ
3175 3427 3443 3497 θαπτόμει

176 3532 283 3577 νος
304 3515 505 3587 ἐρρίφη
536 3516 627 3570 ἐπὶ
649 3518 715 3572 τὰ
734 3520 865 3574 ὀστᾶ
890 3517 1075 3585 αὑτοῦ,
1100 3519 1193 3573 καὶ
1220 3520 1379 3589 μόνον
1402 3519 1477 3584 ὡς
1501 3517 1676 3590 ἥψατο
1702 3520 1807 3575 τῶν
1829 3521 2001 3575 ὀστῶν
2025 3519 2119 3574 τοῦ
2161 3519 2448 3585 Ἐλισαίου,
2481 3521 2510 3572 6
2531 3519 2721 3589 νεκρὸς
2751 3518 2910 3582 εὐθὺς
2936 3517 3214 3590 ἀνέζησεν.

265 3700 289 3733 ²
316 3696 482 3767 Cod.,
511 3701 857 3773 ἐκαθερίσθη.

478 5833 747 5894 Parnm.
785 5832 900 5892 Gn.
936 5828 1133 5893 XXII.

2994 5807 3072 5865 28
