3890 6198
190 390 291 445 877
790 393 1252 461 QUESTIONES
1293 389 1755 448 EVANGELIClE
1796 392 1887 445 AD
1927 393 2367 451 STEPIIANUM.
2411 427 2477 435 —
2518 392 2855 455 MONITUM.
3329 405 3434 461 878

190 570 2267 602 Μ

2244 574 3430 614 3===——:—____——=;===a

854 745 1029 855 DE
1108 704 1906 860 NOMINIBUS
1988 748 2789 860 HEBRAICIS.

591 960 721 1016 Vide
745 961 1064 1033 Patrologia:
1088 961 1295 1019 Latina:
1321 973 1446 1019 tom.
1477 964 1672 1031 XXIII,
1697 964 1921 1034 Operum
1957 965 2014 1019 S.
2051 964 2361 1038 Hieronymi
2391 976 2517 1021 tom.
2544 965 2630 1034 III,
2659 969 2759 1021 col.
2792 967 3044 1025 121-190.

518 1251 1770 1465 QUZESTIONES
1860 1259 3120 1422 EVANGELIC/E

1142 1519 1359 1583 (Angelo
1382 1519 1497 1581 Mn,
1536 1518 1757 1571 Biblioth.
1782 1534 1903 1571 nova
1927 1523 2153 1586 Patrum,
2181 1522 2265 1587 IV,
2289 1539 2338 1587 p.
2364 1525 2496 1589 217.)

202 1110 3428 1163 M

1178 1704 1754 1849 EDITORIS
1827 1720 2450 1848 MONI'I‘UM.

258 2025 372 2081 Cur
408 2025 693 2090 Eusebius,
723 2027 796 2079 rei
837 2024 1157 2081 Christiana:
1186 2024 1431 2096 defensor
1487 2029 1774 2082 acerrintus
1800 2070 1816 2093 ,
1870 2043 1995 2095 Opus
2045 2026 2141 2080 hoc
2179 2025 2510 2081 scribendum
2535 2033 2819 2099 susceperit
2847 2070 2862 2093 ν
2899 2044 3119 2085 cauam
3175 2032 3331 2102 [αείιε
3361 2046 3442 2089 εει

185 2119 430 2173 divinare
450 2159 465 2180 ,
496 2120 623 2187 quia
656 2118 835 2171 multa:
880 2128 1160 2171 occurrunt
1195 2135 1376 2188 reapse
1405 2120 1546 2189 apud
1595 2120 1942 2189 evangelistas
1977 2120 2255 2173 varietates
2275 2158 2290 2183 ,
2329 2119 2516 2189 quibus
2547 2121 2743 2176 ethnici
2771 2124 2848 2177 vel
2888 2124 3119 2179 hwrctici
3146 2126 3439 2182 abuteban-

188 2227 293 2281 tur,
333 2227 390 2269 ut
425 2215 726 2269 divinorum
773 2214 1029 2268 librorum
1060 2216 1328 2269 veritatem
1361 2227 1627 2285 negarent.
1671 2215 1805 2270 Hinc
1868 2225 1941 2269 tot
2000 2215 2290 2268 harmonia:
2318 2217 2628 2286 evangelica:
2672 2218 2789 2287 jam
2851 2220 2971 2273 inde
2998 2238 3030 2274 a
3063 2221 3279 2275 Tatiani
3314 2223 3441 2294 Syri

186 2310 514 2378 temporibus
541 2326 703 2379 usque
732 2310 801 2364 ad
824 2319 1006 2364 nostra
1023 2319 1357 2363 constructor.
1394 2309 1512 2378 Ipse
1543 2310 1793 2365 Eusebius
1811 2310 1905 2364 sub
1924 2311 2089 2365 initiis
2113 2327 2313 2381 quoque
2335 2309 2591 2367 Historia:
2620 2330 2730 2367 sua:
2763 2313 3158 2373 Ecclesiastica:
3188 2319 3281 2373 lib.
3307 2335 3348 2381 ι,
3385 2324 3439 2387 7,

193 2405 498 2457 necessario
544 2403 1012 2458 demonstrandam
1051 2404 1249 2472 putavit
1307 2401 1709 2473 Evangeliorum
1756 2403 1893 2458 inter
1947 2422 2001 2459 se
2059 2405 2442 2459 consensionem
2465 2444 2479 2469 ,
2519 2404 2657 2475 quod
2674 2414 2724 2458 et
2754 2405 2893 2475 fecit,
2922 2409 3081 2465 citato
3109 2413 3266 2467 etiam
3290 2416 3442 2486 Afri-

184 2496 307 2549 cani
336 2496 578 2563 exemplo
604 2498 657 2550 in
692 2496 880 2553 litteris
904 2495 972 2548 ad
999 2496 1287 2551 Aristidem
1309 2496 1372 2551 de
1404 2498 1845 2567 evangelistarum
1876 2499 1931 2551 in
1970 2499 2243 2552 narranda
2282 2498 2480 2553 Christi
2507 2500 2811 2571 genealogia
2840 2517 3114 2558 consensu.
3142 2504 3265 2560 1am
3289 2509 3444 2579 quale

186 2588 347 2656 fuerit
370 2590 480 2653 hoc
527 2588 738 2643 Eusebii
768 2589 832 2643 de
870 2588 1275 2660 Evangeliorum
1324 2589 1611 2659 diaphonia
1662 2607 1752 2643 seu
1786 2590 2140 2659 discrepantia
2169 2590 2544 2660 (concilianda)
2576 2606 2726 2658 opus,
2758 2590 2903 2646 docet
2935 2595 3233 2649 authentico
3287 2601 3435 2654 testi-

186 2682 366 2733 monia
396 2690 587 2733 auctor
614 2682 665 2732 in
696 2680 1104 2749 prwfatiuncula
1135 2680 1202 2734 ad
1227 2678 1517 2733 Marinum.
1556 2698 1573 2729 ι
1595 2678 1975 2750 Ambiguorum
2000 2681 2344 2750 quaestionum
2379 2696 2441 2732 ac
2464 2680 2809 2742 solutionum,
2836 2699 2952 2750 qum
2982 2684 3121 2738 circa
3145 2686 3440 2742 divinorum

186 2768 602 2841 Erangeliorum
624 2773 776 2824 initia
804 2781 1107 2834 occurrunt,
1132 2788 1249 2823 cum
1263 2772 1380 2840 jam
1406 2770 1537 2824 duos
1573 2771 1873 2839 scripserim
1902 2772 2086 2833 libros,
2120 2772 2263 2824 venio
2286 2788 2441 2829 nunc.
2478 2773 2660 2825 nte/liis
2696 2776 3065 2840 pra'tcrmissis
3101 2778 3171 2829 ad
3210 2789 3443 2835 extrema

184 2876 299 2927 qua:
332 2878 542 2929 semper
575 2859 712 2929 apud
761 2878 937 2914 omnes
988 2870 1318 2913 controversa
1373 2860 1606 2929 fuerunt.
1655 2879 1673 2912 ι
1715 2859 1927 2914 Priores
1964 2871 2135 2915 autem
2182 2861 2286 2913 duo
2316 2861 2434 2914 libri
2477 2864 2660 2930 scripti
2692 2877 2842 2916 erant
2878 2866 2945 2918 ad
2999 2867 3349 2940 Stephanum;
3385 2890 3444 2925 ιιι

182 2955 356 3009 codex
394 2956 683 3010 Vaticanus
713 2956 1059 3015 demonstrat.
1096 2957 1279 3008 tertius
1314 2957 1380 3009 ad
1412 2955 1700 3009 Marinum.
1757 2955 1896 3027 Ergo
1930 2956 2184 3011 Eusebius
2216 2959 2529 3026 qurestiones
2560 2961 2925 3014 tantummodo
2967 2964 3108 3017 circa
3139 2967 3345 3021 initium
3395 2978 3448 3023 et

184 3050 351 3117 ﬁnem
390 3048 793 3121 Evangeliornm
828 3051 1037 3104 obortas
1091 3061 1429 3112 tractaverat.
1463 3052 1647 3105 mediis
1678 3053 1881 3105 cunctis
1914 3054 2165 3113 omissis;
2200 3070 2330 3122 quas
2355 3053 2536 3107 deinde
2589 3072 2764 3109 omnes
2798 3060 3166 3125 operosissima
3192 3062 3444 3118 lucubra-

185 3145 331 3198 tione
377 3144 445 3197 de
493 3161 746 3198 consensu
775 3145 1212 3214 evangelistaram
1237 3144 1533 3211 complexus
1564 3153 1641 3196 est
1678 3152 1892 3196 sanctus
1916 3143 2281 3212 Augustinus,
2339 3145 2429 3211 qui
2484 3144 2612 3198 dicti
2652 3149 2821 3214 operis
2868 3148 3017 3202 libris
3077 3167 3137 3215 ιι,
3175 3168 3232 3205 ttl
3264 3162 3313 3206 et
3368 3170 3444 3220 Iv,

182 3235 545 3303 difﬁcultates
573 3234 833 3302 plurimas
863 3250 951 3303 per
990 3244 1153 3287 totum
1187 3234 1627 3302 evangelistarum
1658 3244 1957 3286 contextum
1987 3248 2081 3300 pro
2114 3250 2208 3285 stto
2241 3236 2436 3302 mgenii
2470 3239 2710 3290 acumine
2745 3241 3055 3294 cnucleavit.
3090 3240 3157 3294 Et
3187 3246 3392 3313 quidem
3423 3287 3437 3309 ,

183 3326 332 3395 quod
367 3327 494 3396 jure
521 3328 684 3380 miror
717 3326 987 3397 (quodque
1017 3343 1158 3395 spem
1184 3325 1569 3396 quodammodo
1610 3325 1727 3386 alit,
1755 3340 2022 3391 superesse
2052 3325 2248 3377 alicubi
2291 3340 2416 3391 opus
2450 3326 2660 3380 Eusebii
2691 3330 2918 3395 fortasse
2948 3333 3202 3404 integrum
3232 3378 3244 3399 ,
3290 3338 3446 3399 cuius

185 3423 413 3478 nonnisi
446 3422 810 3489 compendium
841 3421 924 3472 hic
944 3419 1244 3472 exhibemus
1266 3422 1301 3479 t,
1324 3416 1546 3471 Latinus
1577 3416 1817 3469 Latinius
1847 3416 1979 3484 Opp.
1999 3427 2035 3469 t.
2064 3415 2143 3477 ll,
2172 3432 2223 3484 p.
2260 3415 2473 3476 II6,sic
2505 3419 2572 3470 ad
2593 3421 2855 3474 Andream
2892 3423 3120 3479 Masium
3149 3431 3403 3486 scribebat
3428 3445 3448 3484 .'

190 3537 208 3569 ι
255 3517 501 3571 Sirletus
534 3514 892 3585 (cardinalis)
926 3516 1059 3566 scire
1116 3522 1162 3564 te
1213 3513 1353 3569 t'ttlt,
1406 3513 1458 3563 in
1516 3510 1702 3565 Sicilia
1747 3512 1978 3564 inventos
2008 3527 2119 3564 esse
2151 3510 2313 3563 libros
2360 3521 2461 3564 tres
2498 3511 2710 3563 Eusebii
2738 3514 3081 3573 Carsoricnsis
3113 3520 3177 3573 de
3214 3521 3452 3594 Evange-

184 3614 397 3664 liorum
437 3609 742 3677 diaphonia,
768 3608 857 3677 qui
890 3617 942 3659 ut
966 3608 1072 3674 ipse
1101 3616 1273 3672 sperat
1310 3605 1445 3658 brevi
1487 3606 1536 3655 in
1558 3606 1721 3656 lucem
1753 3602 1990 3657 edentur.
2027 3622 2043 3653 ι
2082 3602 2206 3657 Tres
2233 3620 2354 3673 ergo
2374 3604 2492 3672 jam
2518 3615 2627 3655 tum
2657 3604 2967 3659 dicebantur
2987 3609 3041 3662 hi
3067 3611 3279 3668 Eusebii
3305 3617 3449 3688 libri,

182 3719 240 3759 ut
272 3706 432 3774 apud
464 3722 557 3758 nos
581 3715 757 3772 postea
783 3706 835 3755 in
864 3703 1078 3770 prologo
1109 3700 1175 3753 ad
1207 3699 1479 3752 Marinum
1505 3700 1768 3764 apparuit.
1816 3698 1926 3752 Nec
1962 3715 2076 3751 vero
2100 3699 2378 3769 quisquam
2407 3699 2636 3752 codicem
2666 3711 2903 3754 nostrum
2930 3719 2995 3756 ea:
3015 3704 3202 3761 Sicilia
3226 3712 3451 3767 allatum

188 3800 427 3854 "exuam
454 3806 623 3863 putet;
656 3806 731 3848 est
770 3795 904 3846 enim
938 3794 980 3845 is
1011 3808 1145 3844 unus
1167 3794 1230 3843 de
1272 3791 1534 3842 Palatinis
1570 3788 2118 3859 Heidelbergcnsibus,
2172 3801 2227 3841 ut
2259 3790 2372 3858 ejus
2406 3791 2679 3860 inscriptio
2725 3792 3071 3863 demonstrat,
3111 3816 3307 3856 necnon
3340 3803 3452 3858 Sil-

187 3892 379 3962 burgii
408 3892 691 3955 impressus
722 3885 917 3939 (Ira'ca:
945 3886 1086 3937 illius
1136 3883 1456 3935 bibliotheca?
1486 3881 1781 3950 catalogus,
1811 3881 1899 3949 qui
1939 3891 2057 3933 ante
2086 3890 2297 3949 captam
2334 3879 2731 3953 Heidelbergarn
2774 3893 2820 3937 tr
2834 3884 3162 3955 wslatosque
3195 3891 3313 3945 illos
3353 3893 3453 3947 Ro-

188 3999 345 4035 mam
377 3981 580 4034 codices
607 3981 867 4047 confectus
899 3979 1018 4033 t'uit.
1052 3978 1204 4042 Quod
1238 3978 1282 4028 si
1306 3976 1600 4045 Silbut'gius
1626 3992 1725 4026 non
1759 3983 1859 4026 tres
1892 3974 2020 4026 dicit
2048 3974 2232 4037 libros,
2262 3975 2350 4028 sed
2381 3976 2531 4039 duos,
2558 3976 2612 4029 id
2641 3977 2777 4031 brevi
2802 3979 3210 4037 hallucinatt'one
3234 3987 3449 4051 accidit,

184 4079 317 4146 quia
363 4090 543 4143 nempe
575 4075 707 4126 duas
749 4084 949 4126 tantum
982 4075 1149 4140 operis
1181 4074 1433 4125 sectiones
1476 4070 1678 4124 videbat
1719 4070 1773 4123 in
1802 4068 1999 4134 codice,
2034 4069 2102 4122 ad
2136 4071 2456 4139 Stephanum
2487 4081 2536 4124 et
2565 4073 2633 4125 ad
2674 4072 2963 4142 Marinum,
2995 4079 3144 4149 cujus
3174 4094 3451 4151 postrema:

182 4173 512 4241 praemium
547 4188 648 4223 non
678 4171 819 4237 legit.

262 4266 327 4319 Μ
344 4265 416 4316 ihi
447 4267 497 4317 in
532 4265 708 4316 codice
754 4264 868 4316 I’at.
919 4262 1096 4317 Palat.
1148 4261 1299 4316 CXX
1347 4263 1718 4331 pulcherrimo.
1762 4262 1944 4314 surculi
1998 4261 2156 4330 ferme
2192 4278 2255 4327 Χ,
2316 4262 2478 4314 trium
2517 4264 2891 4330 praedictorum
2943 4268 3198 4322 librorum
3228 4272 3452 4339 epitome

184 4366 473 4423 comperta
509 4363 616 4419 est,
662 4365 714 4405 ut
765 4356 953 4406 diserta
1004 4356 1309 4407 inscribitur
1362 4356 1589 4423 Ἐκλογὴ
1631 4355 1688 4405 ἐν
1722 4354 1971 4424 συντόμῳ
2003 4394 2016 4415 ,
2053 4365 2190 4413 etc..
2246 4368 2401 4422 prout
2432 4371 2497 4407 ea:
2543 4358 2719 4410 codice
2757 4358 2810 4410 in
2852 4360 3063 4412 titulum
3107 4361 3227 4414 libri
3258 4364 3355 4415 mei
3384 4364 3452 4416 ad

185 4449 415 4499 tet-bum
448 4448 696 4499 transtuli
721 4463 737 4498 :
767 4447 815 4497 in
846 4448 965 4500 aliis
1003 4465 1117 4500 vero
1166 4446 1433 4500 Vaticanis
1469 4460 1771 4501 catenarum
1803 4447 2071 4500 codicibus
2112 4458 2287 4515 partes
2342 4450 2501 4501 etiam
2537 4451 2725 4520 integri
2750 4454 2919 4520 operis
2952 4464 3136 4507 nactus
3162 4472 3297 4519 smn,
3322 4473 3451 4525 quas

188 4550 310 4608 post
369 4540 631 4607 epitomen
668 4541 914 4591 recitabo.
978 4539 1131 4591 Nunc
1176 4542 1345 4607 operis
1390 4556 1479 4607 per
1520 4556 1573 4591 se
1620 4541 1901 4592 certissimi
1958 4553 2110 4593 testes
2161 4540 2500 4593 nihilominus
2534 4552 2726 4596 veteres
2776 4544 3061 4613 producere
3106 4565 3309 4617 coquum
3352 4558 3451 4603 est.

190 4634 246 4688 1.
296 4632 549 4701 Namque
586 4630 841 4685 Eusebius
874 4632 1177 4684 Dcmonslr.
1210 4633 1413 4701 Evaug.
1459 4631 1548 4683 lib.
1594 4647 1698 4693 vtl,

1918 4641 1963 4683 r:
1992 4631 2107 4683 Τίνι
2134 4632 2190 4684 δὲ
2216 4631 2356 4701 λόγῳ
2403 4635 2495 4687 τὸν
2539 4634 2731 4704 Ἰωσὴφ
2776 4636 3186 4706 γενεαλογοῦσιν
3226 4642 3273 4692 οξ
3321 4640 3454 4710 ἱεροὶ

194 4726 616 4793 εὐαγγελισταὶ,
682 4726 880 4795 καίπερ
928 4725 1000 4795 μὴ
1036 4724 1184 4787 ὄντος
1217 4725 1311 4777 τοῦ
1366 4725 1615 4794 Σωτῆρος
1657 4723 1809 4794 ἡμῶν
1845 4725 1903 4791 ἐξ
1933 4724 2118 4789 αὐτοῦ,
2155 4724 2267 4778 ἀλλ’
2321 4725 2380 4788 ἐξ
2435 4725 2590 4793 ἁγίου
2624 4726 2939 4797 Πνεύματος
2999 4731 3090 4782 καί
3147 4731 3243 4796 τῆς
3292 4731 3451 4796 ἁγίας

191 4820 507 4889 Παρθένου,
539 4821 683 4882 ὅπως
712 4838 765 4871 τε
791 4820 881 4871 καὶ
920 4818 1053 4886 αὕτη
1098 4822 1129 4889 ἡ
1169 4818 1260 4871 τοῦ
1302 4820 1502 4889 Κυρίου
1543 4819 1737 4889 Μήτηρ
1770 4818 1877 4870 ἀπὸ
1914 4820 2101 4886 γένους
2134 4820 2225 4872 καὶ
2259 4818 2569 4889 σπέρματος
2601 4820 2975 4873 ἀποδείκνυται
3009 4816 3143 4873 εἶναι
3178 4821 3357 4884 Δαϐιδ,
3393 4822 3452 4875 ἐν

192 4912 274 4982 τῷ
304 4910 514 4981 πρώτῳ
541 4913 648 4963 τῶν
678 4915 754 4972 εἰς
791 4914 886 4982 τὴν
922 4913 1266 4979 γενεαλογίαν
1290 4912 1381 4963 τοῦ
1408 4912 1655 4981 Σωτῆρος
1683 4910 1836 4980 ἡμῶν
1867 4910 2206 4979 ζητημάτων
2237 4912 2332 4963 καὶ
2358 4913 2598 4964 ,λύσεων
2625 4912 2977 4984 διειληφότες,
3010 4914 3093 4963 ἐπ’
3122 4914 3298 4964 ἐκεῖνα.
3327 4913 3450 4973 τοὺς

194 5000 528 5071 φιλομαθεῖς
549 5004 966 5072 amnium;er
1007 5021 1023 5051 ‹
1068 5001 1177 5057 Cur
1211 5002 1423 5071 Iosephi
1454 5020 1611 5072 genus
1652 5020 1730 5055 sat

1913 5004 2154 5074 :nyelistre
2182 5002 2483 5056 describant
2510 5044 2525 5069 ,
2546 5010 2781 5073 quamvis
2814 5003 3062 5058 Servator
3094 5015 3266 5058 noster
3292 5020 3357 5058 ex
3386 5021 3449 5057 ea

193 5106 367 5145 natus
398 5110 499 5145 non
528 5095 619 5157 sit,
651 5097 736 5147 sed
763 5095 826 5148 de
865 5095 1066 5162 Spiritu
1107 5108 1288 5149 sancto
1318 5106 1366 5148 et
1406 5106 1591 5148 sancta
1627 5094 1870 5165 Virgine;
1902 5112 2059 5165 quove
2091 5095 2244 5149 modo
2277 5096 2394 5165 ipsa
2434 5094 2650 5150 Domini
2674 5096 2845 5149 Mater
2871 5098 2934 5149 de
2958 5114 3140 5167 genere
3172 5098 3454 5153 ac'semine

192 5189 433 5243 Davidis
458 5191 622 5258 {uisse
643 5192 988 5254 ostendatur;
1020 5195 1073 5245 in
1104 5194 1272 5261 primo
1301 5193 1646 5259 qua'stionum
1682 5203 1729 5244 et
1775 5192 2099 5245 solutionum
2132 5191 2193 5243 de
2233 5190 2528 5246 Servatoris
2560 5193 2729 5245 nostri
2771 5196 3019 5259 prosapia
3051 5194 3450 5259 explicavimus.

198 5283 357 5338 Illuc
399 5287 557 5354 igitur
585 5288 661 5338 rei
692 5287 955 5340 studiosos
981 5288 1356 5341 amandamus.
1402 5307 1418 5338 ι
1455 5286 1622 5339 Porro
1651 5289 1734 5339 tiu

1912 5287 2042 5339 hunc
2077 5287 2406 5357 ζητημάτων
2438 5290 2529 5339 καὶ
2579 5288 2803 5349 λύσεων,
2840 5287 3186 5355 quwstionum
3216 5296 3263 5337 et
3300 5288 3448 5339 solu-

195 5379 436 5437 tionum,
467 5378 748 5445 genuinum
780 5395 891 5431 esse
922 5377 1300 5439 Eusebianum,
1333 5379 1479 5430 docet
1513 5378 1593 5428 hic
1620 5388 1805 5428 auctor
1831 5418 1843 5437 .
1892 5387 1939 5429 et
1970 5379 2166 5430 codicis
2215 5378 2381 5430 nostri
2415 5376 2651 5431 Palatini
2683 5379 2952 5444 inscriptio
3000 5377 3298 5443 confirmat.
3343 5376 3451 5429 Alii

193 5471 391 5537 itaque
423 5482 682 5528 auctores,
710 5486 756 5524 υ.
791 5486 867 5538 gr.
891 5482 1104 5523 sanctus
1132 5470 1501 5539 Hieronymus,
1540 5480 1594 5521 ut
1628 5485 1747 5521 mox
1773 5469 2024 5527 dicemus,
2052 5469 2268 5523 liberius
2299 5471 2458 5524 locuti
2490 5480 2633 5534 sunt,
2665 5484 2781 5521 cum
2835 5471 2990 5536 paulo
3023 5470 3207 5535 aliter,
3257 5482 3314 5522 ut
3348 5472 3410 5539 ﬁt
3432 5509 3448 5533 ,

196 5578 399 5615 sensus
432 5563 792 5615 tantummodo
816 5564 1017 5617 ratione
1045 5564 1246 5627 habita,
1280 5562 1651 5628 inscripserunt
1681 5577 1698 5614 :
1729 5576 1843 5629 quae
1888 5560 2111 5612 varietas
2144 5561 2196 5613 in
2232 5561 2384 5613 titulo
2412 5577 2609 5629 quoque
2633 5562 3028 5615 Chronicorum
3070 5560 3284 5614 Eusebii
3331 5564 3448 5631 janl

195 5657 296 5710 diu
334 5655 613 5711 observata
650 5656 770 5725 fuit.
810 5657 863 5710 ‘2.
901 5656 1125 5711 Sanctus
1160 5673 1280 5727 ergo
1307 5655 1657 5725 Hieronymus
1691 5653 1763 5708 De
1786 5655 1973 5724 script.
2000 5655 2197 5708 illuslr.
2236 5671 2357 5723 cap.
2402 5654 2463 5706 8!
2487 5692 2501 5716 ,
2545 5654 2618 5707 ait
2672 5670 2689 5706 :
2753 5674 2771 5703 ί
2807 5654 3065 5710 Eusebius
3105 5654 3450 5713 Casariensis

195 5748 383 5801 edidit
408 5750 467 5802 de
488 5747 888 5816 Evangeliorum
914 5746 1215 5815 diaphonia.
1254 5767 1270 5799 ι
1316 5748 1366 5801 '5.
1400 5745 1599 5799 Rursus
1628 5746 1765 5799 idem
1794 5746 2147 5816 Hieronymus
2177 5747 2231 5798 in
2259 5746 2467 5798 Comm.
2501 5743 2568 5797 ad
2592 5743 2779 5798 Matth.
2804 5763 2841 5810 ι,
2888 5748 2951 5801 16
2979 5766 2990 5800 ;
3041 5766 3059 5800 ι
3098 5748 3266 5817 Super
3287 5749 3452 5813 hocet

196 5844 509 5907 Africanus
530 5854 815 5912 temporum
848 5841 1089 5909 script0r,
1116 5855 1164 5894 et
1193 5839 1449 5894 Eusebius
1490 5839 1732 5893 Cwsariet

1941 5836 2400 5905 ΙὶὸνὶδΔιαφωνίας
2432 5837 2782 5906 Εὑαγγελίων
2802 5841 3002 5908 plenius
3028 5824 3386 5909 disputata/An.
3423 5858 3465 5915 δέ
