3936 6208
188 138 293 196 881

726 130 1184 202 ρυΑεδΤιοΝιῑε
1220 126 1677 184 EVANGELICIE
1716 126 1758 179 Α

1869 124 2284 181 STEPHANUM.
2324 156 2392 165 —
2429 122 2755 193 omasno
2792 124 2833 179 ι.

3306 121 3411 179 882

185 255 289 326 τὴν
318 251 535 323 Μαρίαν
554 250 727 314 οὐδεὶς
754 251 906 319 λόγος
932 250 1305 304 ἀποδείκνυσιν
1338 248 1444 301 ἀπὸ
1472 246 1636 301 Δαόὶδ
1662 262 1753 313 γε-

1869 245 2256 307 :antummodo,
2290 245 2336 299 is
2362 257 2427 297 ne
2454 258 2482 295 a
2507 242 2711 305 Davide
2742 241 2959 312 quidem
3001 251 3081 296 est
3120 260 3132 295 :
3169 240 3413 311 quamo-

188 342 442 415 νομένηνο
478 343 652 413 μάτην
674 341 781 412 ἄρα
802 342 890 394 τὸν
916 341 1144 412 Χριστὸν
1174 341 1236 391 ὲκ
1268 338 1576 409 σπέρματος
1594 336 1755 389 Δαὸὶδ

189 432 496 505 θρυλλοῦσι,
540 433 673 503 μήτε
700 430 792 484 τοῦ
823 431 1019 502 Ἰωσὴφ
1048 431 1174 483 ὄντα
1204 430 1336 490 υἱὸν,
1363 429 1495 499 μήτε
1520 427 1619 496 τῆς
1637 427 1755 480 Μα-

191 527 315 598 ρίας
347 525 453 579 ἀπὸ
486 524 645 577 Δα6¹ιδ
682 524 1177 593 γενεαλογουμένης
1198 539 1209 551 ·
1240 521 1457 574 τοιαῦτα
1506 520 1603 590 μέν
1635 534 1756 572 τινα

187 619 251 672 τὸ
282 617 494 689 πρῶτον
520 616 626 669 τῶν
655 615 1015 686 ἠπορημένων
1042 614 1280 684 περιεῖχε
1302 629 1314 642 ’
1342 612 1492 675 λύσις
1514 612 1559 664 δ’
1589 611 1653 664 ἂν
1669 611 1753 681 εἴη

188 710 341 781 αὐτῷ
372 709 486 781 ηδε.

263 890 333 938 α’.
383 882 502 935 Τῶν
527 882 619 935 τοῦ
664 883 917 954 Σωτῆρος.
955 883 1111 953 ἡμῶν
1151 885 1323 955 Ἰησοῦ
1352 884 1586 955 Χριστοῦ
1621 884 1760 956 πρά-

193 974 351 1041 ξεων,
380 976 448 1028 τὰ
479 975 576 1044 μὲν
606 974 904 1027 σιωπᾶσθαι
943 976 1233 1043 ἀναγκαῖον
1260 971 1326 1046 ἦν
1353 978 1463 1039 τοῖς
1494 975 1615 1028 τότε
1635 1017 1649 1039 ,
1692 977 1759 1030 τὰ

191 1067 251 1120 δὲ
282 1068 360 1129 είς
399 1065 607 1119 πολλῶν
655 1066 821 1131 ἀκοὰς
862 1066 1142 1130 διεδίδοτο,
1176 1067 1274 1119 ὅσα
1320 1066 1453 1138 πρὸς
1498 1067 1760 1136 ὠφέλειαν

192 1159 394 1230 ῆμελλε
439 1157 835 1229 συμϐάλλεσθαι
870 1160 979 1221 τοῖς
1010 1157 1395 1229 ἀκροωμένοιςο
1426 1153 1535 1212 οἷον
1568 1158 1643 1217 ὡς
1671 1160 1762 1212 ἐπὶ

194 1249 635 1322 παραδείγματος
655 1250 969 1321 τριακοστὸν
992 1251 1138 1317 ἄγων
1154 1251 1251 1321 τῆς
1264 1250 1356 1304 τοῦ
1380 1250 1626 1322 σώματος
1644 1252 1758 1322 ἡλι-

194 1343 321 1405 κίας
352 1341 489 1407 ἔτος,
521 1341 766 1412 πάρεισιν
803 1342 894 1395 ἐπὶ
922 1341 981 1395 τὸ
1020 1342 1168 1413 παρὰ
1204 1342 1279 1414 τῷ
1320 1342 1536 1415 Ἰωάννῃ
1566 1344 1760 1413 βάπτι-

198 1450 341 1504 σμαο
392 1435 484 1487 καὶ
517 1432 761 1487 ἐντεῦθεν
802 1434 1104 1505 ἀπάρχεται
1142 1434 1242 1504 τῆς
1284 1435 1629 1498 διδασκαλίας
1668 1437 1761 1489 καὶ

196 1524 307 1577 τῶν
335 1524 626 1595 τεραστίων
651 1524 823 1593 ἔργων
841 1542 853 1554 ’
886 1525 1001 1578 τίνα
1037 1525 1093 1578 δὲ
1117 1526 1185 1578 τὰ
1213 1526 1318 1598 πρὸ
1342 1526 1430 1580 τοῦ
1461 1526 1762 1597 βαπτίσμα-

1857 338 2073 407 quidem
2126 336 2349 390 Mariam
2394 335 2542 390 nulla
2589 335 2820 389 historia
2872 331 3073 387 Davide
3127 335 3412 387 oriundam

1857 431 2216 486 demonstrat.
2258 427 2487 483 Temere
2535 427 2704 497 igitur
2733 425 3081 496 evangelista:
3134 424 3412 480 Christum

1857 518 2080 575 Davidis
2113 534 2311 589 genere
2342 526 2521 573 ortum
2562 517 2862 580 celebrant,
2889 531 3010 571 eum
3043 530 3219 585 neque
3252 517 3299 570 is
3323 514 3415 569 Jo-

1857 610 2009 680 sephi
2052 611 2121 664 sit
2170 609 2336 677 lilius,
2386 623 2563 677 neque
2595 607 2820 661 Mariam
2870 607 2924 661 in
2960 605 3161 659 familia
3198 605 3415 663 Davidis

1860 700 2030 757 fuisse
2050 701 2357 756 docuerint.
2387 699 2777 771 llujuscemodi
2809 706 2929 753 erat
2958 698 3189 767 quaestio
3216 698 3411 769 prima,
3436 724 3441 733 ι

1859 808 1979 863 qua:
2002 791 2083 847 sic
2113 792 2451 846 dissolvitur.

1930 884 1983 939 1.
2027 884 2136 940 Res
2182 882 2312 937 Jcsu
2355 882 2558 937 Christi
2620 879 2926 939 Servatoris
2983 879 3158 934 nostri
3214 878 3416 948 partim

1857 977 1995 1031 clam
2032 976 2229 1030 habere
2270 975 2554 1045 oportebat
2584 976 2798 1028 illorum
2829 974 3128 1042 temporum
3180 971 3415 1023 homini-

1859 1069 2000 1125 bus:
2032 1067 2229 1136 partim
2269 1080 2399 1122 vero
2444 1066 2511 1120 ad
2556 1081 2898 1121 communem
2951 1064 3194 1117 notitiam
3230 1061 3417 1117 edere;-

1860 1158 2081 1223 bantur,
2128 1172 2465 1227 qutecunque
2518 1156 2867 1210 audientibus
2921 1156 3207 1209 utilitatem
3264 1159 3419 1208 erant

1861 1251 2124 1306 allatura}.
2165 1249 2341 1305 Veluti
2374 1248 2560 1311 Jesus,
2616 1257 2673 1302 ut
2708 1248 2910 1317 aliquid
2960 1247 3191 1316 exempli
3252 1261 3418 1299 causa

1859 1342 2060 1407 dicam,
2118 1341 2365 1395 mortalis
2401 1342 2572 1394 :ctatis
2617 1341 2951 1395 tricesimum
3003 1353 3204 1392 annum
3252 1353 3419 1407 agens

1861 1436 2082 1490 stititse
2114 1435 2327 1503 publice
2362 1434 2426 1487 ad
2469 1432 2698 1487 Joannis
2730 1434 3022 1501 baptisma,
3079 1440 3242 1500 atque
3294 1431 3419 1484 hinc

1865 1527 1991 1583 fecit
2024 1526 2239 1581 initium
2269 1526 2572 1596 magisterii
2629 1527 2711 1580 sui
2748 1541 2810 1578 ac
2843 1524 3212 1595 prodigiorum
3240 1544 3252 1578 :
3290 1524 3419 1593 quid

196 1636 294 1683 τος
328 1618 473 1681 ὲντδς
500 1617 635 1670 ὅλων
661 1618 795 1670 ἐτῶν
819 1619 1108 1689 τριάκοντα
1144 1595 1646 1690 πραχθέντααὺτῷ,
1664 1595 1763 1672 οὐ·

1869 1626 2046 1675 tamen
2076 1618 2213 1673 citra
2243 1619 2586 1672 tricesimum
2629 1632 2829 1671 annum
2862 1617 3113 1687 gesserit,
3146 1616 3291 1669 nulla
3338 1616 3421 1668 hi-

197 1707 361 1776 δεμία
389 1706 593 1776 ἱστορία
625 1705 806 1777 δηλοῖ,
834 1708 939 1761 οὐδ’
974 1709 1117 1760 ἐστιν
1149 1709 1255 1761 ἀπό
1285 1726 1426 1772 τινος
1450 1710 1596 1773 Θείας
1627 1712 1764 1782 Γρα-

198 1799 310 1867 φῆς
337 1799 425 1851 τὸν
443 1798 545 1870 πρὸ
564 1798 752 1852 τούτου
783 1801 1115 1871 καταμαθεῖν
1145 1801 1306 1854 αὑτοῦ
1335 1801 1464 1872 βίον.
1490 1800 1649 1856 Ἀλλὰ
1671 1802 1763 1854 καὶ

199 1890 262 1955 ἐξ
282 1885 448 1961 οὗπερ
479 1893 558 1954 είς
586 1892 793 1957 πάντας
824 1893 1171 1963 ὲγνώσθη,τὰ
1202 1895 1299 1964 μὲν
1328 1897 1406 1957 είς
1436 1896 1601 1958 ἀκοὰς
1631 1896 1765 1948 πάν-

198 1997 313 2034 των
342 1982 703 2052 ἐκήρυττε,τὰ
722 1984 777 2036 δὲ
800 1984 992 2054 μόνους
1020 1986 1141 2048 τοὺς
1168 1985 1332 2038 αὑτοῦ
1363 1985 1604 2055 μαθητάς
1631 1986 1765 2055 ἐμυ-

201 2072 473 2141 σταγώγει
493 2090 506 2105 ο
544 2075 635 2127 καὶ
664 2075 790 2127 ποτὲ
821 2076 919 2145 μὲν
950 2075 1384 2146 παραδοξοποιῶν
1410 2077 1636 2146 παρῄνει
1666 2094 1767 2146 μη-

198 2161 316 2214 δενὶ
339 2162 533 2229 λέγειν,
572 2165 698 2217 ποτὲ
728 2164 784 2216 δὲ
802 2164 929 2217 ἄνευ
947 2165 1046 2235 τῆς
1070 2165 1276 2217 τοιᾶσδε
1306 2166 1676 2236 παραινέσεως
1697 2166 1764 2219 τὰ

200 2255 479 2325 θαυμάσια
512 2256 915 2327 κατειργάζετο.
953 2258 1047 2309 Ἓν
1076 2256 1138 2328 δὴ
1161 2252 1251 2310 οὖν
1288 2258 1519 2327 μάλιστα
1544 2257 1649 2309 τῶν
1682 2274 1767 2309 σε-

202 2342 461 2413 σιγῆσθαι
506 2345 874 2416 δεδογμένων,
908 2347 969 2399 τὸ
1021 2347 1158 2400 κατὰ
1204 2348 1302 2418 τὴν
1347 2347 1556 2415 γένεσιν
1603 2346 1765 2401 αὑτοῦ

199 2435 390 2506 θαῦμα
421 2433 507 2508 ἦν’
538 2438 747 2501 οὐδενὸς
777 2438 883 2492 τῶν
911 2438 1030 2491 καθ’
1064 2440 1122 2493 ὃν
1160 2439 1537 2510 ὲνηνθρὼπησε
1560 2440 1764 2511 χρόνον,

198 2526 400 2595 ὀλίγων
428 2529 581 2591 ἐκτὸς
612 2528 800 2581 τούτου
833 2530 1031 2599 γνῶσιν
1061 2530 1415 2599 κεκτημένου.

280 2703 341 2773 β’.
376 2706 513 2775 Φησὶ
524 2705 579 2758 δέ
602 2723 701 2759 που
718 2708 745 2759 ό
761 2706 912 2774 ἆγιος
931 2706 1068 2777 ἀνὴρ
1086 2706 1370 2777 (Ἰγνάτιος
1390 2706 1558 2777 ὄνομα
1578 2706 1764 2776 αὐτῷ),

194 2795 305 2865 τῆς
359 2796 671 2865 Ἀντιοχέων
699 2796 1017 2867 Ἐκκλησίας
1065 2797 1310 2868 δεύτερος
1349 2796 1584 2866 γεγονὼς
1632 2798 1768 2867 μετὰ

195 2888 331 2949 τοὺς
363 2888 687 2951 ἀποστόλους
714 2889 1025 2951 ἐπίσκοπος.
1058 2890 1132 2952 ὡς
1152 2889 1256 2960 ἄρα
1293 2891 1387 2943 καὶ
1411 2891 1503 2943 τὸν
1536 2892 1766 2961 ἄρχοντα

198 2978 301 3031 τοῦ
325 2978 516 3043 αἰῶνος
548 2979 734 3034 τούτου
766 2981 950 3035 ἔλαθεν
983 2983 1015 3051 ἡ
1046 2983 1308 3055 παρθενία
1341 2984 1577 3054 Μαρίας,
1609 2984 1702 3036 καὶ
1730 2986 1761 3054 ἡ

194 3069 301 3124 τοῦ
320 3071 566 3142 Σωτῆρος
597 3071 654 3137 ἐξ
682 3074 846 3142 αὐτῆς
862 3073 1097 3141 γένεσις’
1139 3075 1283 3141 λέγει
1321 3075 1364 3127 δ’
1395 3062 1585 3137 οὕτως*
1610 3093 1628 3125 ι
1658 3075 1765 3127 Καὶ

196 3162 365 3215 ἔλαθε
389 3163 478 3216 τὸν
503 3163 732 3234 ἄρχοντα
753 3164 845 3217 τοῦ
878 3164 1069 3228 αἰῶνος
1090 3165 1276 3217 τούτου
1310 3168 1340 3237 ἡ
1380 3165 1636 3239 παρθενία
1651 3167 1766 3219 Μα-

200 3256 352 3329 ρίας,
385 3256 530 3308 καὶὸ
559 3256 774 3319 τοκετὸς
801 3258 990 3327 αὐτῆς,
1021 3257 1218 3326 ὁμοίως
1250 3258 1341 3310 καὶ
1368 3260 1395 3311 ό
1424 3257 1647 3321 θάνατος
1674 3257 1765 3310 τοῦ

195 3346 471 3417 Χριστοῦο
518 3347 645 3417 τρία
682 3349 950 3417 μυστήρια
991 3348 1231 3418 κραυγῆς
1257 3387 1271 3411 ,
1308 3348 1462 3401 άτινα
1489 3349 1547 3399 έν
1573 3349 1769 3419 ἡσυχίᾳ

194 3439 342 3492 Θεοῦ
375 3438 638 3510 ἐπράχθη.
668 3459 686 3489 ι
720 3441 871 3492 Ἔστι
901 3439 957 3492 δὲ
981 3440 1073 3492 καὶ
1094 3440 1334 3509 λογισμῷ
1355 3440 1554 3503 λαϐεῖν,
1582 3442 1661 3494 ὃτι
1695 3442 1765 3511 μὴ

198 3530 426 3583 πάντων
457 3526 523 3600 ἦν
542 3531 651 3582 τῶν
677 3532 733 3583 ὲν
772 3532 934 3601 σαρκὶ
967 3530 1219 3600 βιούντων
1250 3532 1339 3585 τὸν
1366 3533 1594 3603 Χριστὸν
1633 3532 1766 3585 Θεοῦ

195 3622 300 3675 καὶ
330 3621 426 3673 σὺν
454 3621 751 3692 ἀνθρώποις
766 3623 1169 3693 ἀναστραφέντα
1183 3618 1270 3677 οἵα
1291 3625 1463 3677 κοινὸν
1491 3624 1768 3696 ἄνθρωπον

194 3714 477 3785 δρώντων,
504 3715 563 3767 τὸ
590 3715 843 3769 δύνασθαι
874 3716 1144 3769 πιστεύειν
1187 3716 1244 3781 ἐξ
1272 3717 1644 3788 ἀπειρογάμου
1678 3717 1768 3769 κόσα

200 3823 314 3876 ρης
340 3806 500 3859 αὐτὸν
524 3806 643 3875 δίχα
674 3808 876 3879 πατρὸς
901 3808 1179 3876 γεγονέναι
1206 3808 1311 3860 οὐδ’
1339 3811 1417 3870 εἰς
1434 3808 1656 3871 πολλοὺς
1679 3811 1769 3861 ὲκ-

197 3898 415 3968 φέρειν,
456 3898 536 3950 ὃτι
572 3898 644 3969 μὴ
686 3902 748 3952 ἐκ
779 3898 871 3952 τοῦ
913 3901 1109 3970 Ἰωσὴφ
1146 3902 1178 3971 ἡ
1222 3902 1406 3971 Μαρία
1439 3900 1770 3954 συλλαϐοῦσα

199 3990 298 4043 τὸν
347 3989 554 4060 Ἰησοῦν
587 3992 797 4058 ἐγέννα,
824 3992 1090 4056 λυσιτιλὲς
1110 3988 1196 4064 ἦν·
1226 3989 1265 4064 ἦ
1284 3993 1392 4066 γὰρ
1419 3994 1483 4047 ἂν
1505 3997 1595 4047 καὶ
1618 3995 1770 4063 δίκην

202 4080 353 4134 κατὰ
386 4081 473 4133 τὸν
504 4081 778 4144 Μωῦσέως
809 4082 970 4153 νόμον
1007 4084 1038 4153 ἡ
1078 4083 1340 4155 παρθένος
1382 4085 1647 4155 ὑπέσχεν,
1697 4085 1773 4147 ὡς

202 4172 314 4242 πρὸ
348 4170 494 4242 ὧρας
521 4173 695 4242 γάμου
721 4172 1068 4244 διαφθαρεῖσα
1105 4175 1202 4244 τὴν
1233 4175 1522 4245 παρθενίαν
1543 4193 1557 4206 ο
1587 4175 1771 4246 διόπερ

1862 1713 2031 1769 storia
2078 1711 2272 1773 docet;
2330 1728 2505 1781 neque
2554 1727 2619 1765 ex
2672 1711 2780 1764 ulla
2834 1709 3031 1763 divinte
3078 1709 3420 1762 auctoritatis

1865 1802 2145 1874 Scriptura
2176 1806 2511 1874 superiorem
2547 1804 2709 1855 vitam
2740 1801 2859 1869 ejus
2899 1801 3111 1855 discere
3139 1799 3283 1852 licet.
3316 1796 3420 1851 Sed

1863 1898 2007 1952 enim
2058 1906 2347 1967 postquam
2398 1896 2562 1951 etiam
2607 1894 2807 1948 nemini
2860 1895 3077 1962 ignotus
3128 1898 3265 1952 erat,
3316 1891 3422 1943 alia

1864 1989 2082 2059 quidem
2116 1988 2465 2043 audientibus
2500 1986 2753 2040 omnibus
2784 1984 3138 2055 praedicabat;
3171 1982 3293 2036 aliis
3320 1995 3421 2034 au-

1864 2087 1995 2141 tem,
2044 2088 2298 2149 tanquam
2345 2077 2640 2148 mysteriis,
2689 2075 2989 2143 discipulos
3044 2069 3422 2126 tantununodo

1866 2187 1995 2228 suos
2046 2172 2334 2226 iuitiabat:
2376 2185 2440 2224 ac
2470 2168 2629 2223 modo
2664 2167 2907 2239 prodigia
2940 2167 3006 2220 ab
3040 2180 3098 2220 se
3149 2164 3293 2218 edita
3340 2162 3424 2217 di-

1867 2263 2076 2331 vulgari
2127 2262 2364 2325 nolebat,
2401 2261 2561 2316 modo
2611 2262 2728 2315 sine
2777 2259 2888 2313 ullo
2939 2257 3210 2327 ejusmodi
3256 2256 3423 2310 vetito

1866 2356 2129 2415 miracula
2165 2354 2418 2416 faciebat.
2473 2352 2591 2408 Jam
2642 2354 2695 2407 in
2746 2354 2837 2417 iis,
2887 2366 3007 2421 qua:
3050 2349 3265 2404 silentio
3301 2364 3424 2417 prc-

1866 2463 2014 2503 mere
2042 2449 2263 2518 placuit,
2298 2448 2622 2502 miraculum
2654 2447 2773 2515 ejus
2810 2440 3111 2497 nativitatis
3164 2448 3302 2502 erat,
3348 2439 3423 2494 ita

1868 2548 1926 2591 ut
1951 2538 2188 2600 illonm,
2215 2539 2308 2606 qui
2337 2538 2553 2591 mortali
2592 2538 2712 2606 ejus
2761 2536 2885 2590 vita:
2916 2535 3299 2596 interfuerunt,
3330 2545 3423 2586 ne—

1866 2643 1977 2693 mo,
2011 2630 2200 2698 paucis
2234 2629 2608 2697 exceptis,,rei
2642 2629 2897 2683 conscius
2928 2625 3113 2681 fuerit.

1938 2718 1992 2773 2.
2036 2718 2173 2773 Dicit
2204 2726 2382 2773 autem
2409 2719 2492 2772 vir
2522 2727 2767 2782 sanctus,
2797 2718 3016 2771 nomine
3046 2714 3307 2785 lgnatius,
3331 2715 3423 2783 qui

1867 2809 2216 2866 Antiochenzc
2248 2812 2506 2867 Ecclesiae
2541 2811 2816 2866 secundus
2847 2809 2949 2863 fuit
2990 2817 3113 2878 post
3145 2808 3423 2877 apostolos

1867 2905 2177 2975 episcopus,
2213 2906 2387 2974 ipsqu
2415 2905 2599 2959 saeculi
2640 2905 2940 2973 principem
2980 2902 3207 2956 latuisse
3239 2899 3426 2953 Maria:

1868 2997 2254 3067 virginitatem,
2284 3012 2349 3051 ac
2377 2998 2685 3073 Servatoris
2725 3011 2790 3049 ex
2839 3010 2901 3050 ea
2933 2994 3294 3048 nativitatem.
3332 2990 3424 3046 Sic

1867 3088 2009 3141 enim
2072 3088 2145 3141 ait
2196 3088 2321 3157 (l):
2377 3106 2395 3139 ι
2433 3087 2617 3142 Latuit
2673 3087 2971 3158 principem
3024 3087 3187 3151 hujus
3241 3084 3424 3139 surculi

1867 3180 2150 3248 virginitas
2181 3179 2381 3244 Mariae,
2414 3181 2642 3249 ejuSque
2674 3189 2880 3249 partus,
2931 3180 3169 3248 itemque
3216 3176 3422 3230 Christi

1867 3287 2015 3327 mors
2047 3288 2061 3324 :
2094 3273 2349 3342 mysteria
2396 3272 2498 3324 tria
2535 3272 2797 3337 clamosa,
2838 3288 2958 3341 qua:
2995 3280 3175 3325 tamen
3209 3270 3311 3325 sub
3341 3267 3423 3321 di-

1866 3365 1992 3420 vino
2042 3362 2260 3418 silentio
2307 3371 2526 3432 peracta
2572 3363 2810 3417 fuerunt.
2858 3382 2876 3413 ι
2911 3362 3028 3415 Jam
3074 3363 3191 3431 ipso
3225 3360 3424 3416 mentis

1867 3454 2155 3509 ratiocinio
2202 3453 2503 3523 intelligere
2531 3454 2678 3519 licet,
2718 3454 2857 3506 haud
2894 3453 3008 3508 ﬁeri
3062 3453 3330 3523 potuisse,
3366 3459 3427 3505 ut

1866 3546 2123 3601 mortales
2169 3562 2380 3609 omnes,
2428 3547 2521 3617 qui
2569 3546 2660 3600 Dei
2713 3553 2937 3599 unctum
2988 3546 3129 3599 inter
3175 3546 3425 3600 homines

1866 3640 2138 3693 communi
2166 3640 2400 3694 hominis
2433 3639 2607 3694 forma
2640 3646 2947 3693 versantem
2986 3638 3304 3697 cernebant.
3328 3652 3425 3690 na-

1866 3736 1980 3781 tum
2031 3728 2317 3784 crederent
2350 3744 2380 3784 e
2426 3729 2606 3799 puella
2656 3728 2971 3797 nuptiarum
3011 3726 3224 3797 ignara,
3274 3733 3426 3795 patre

1867 3822 2037 3876 nullo.
2070 3820 2257 3891 Neque
2308 3836 2473 3891 porro
2522 3821 2865 3891 expediebat,
2908 3828 2964 3873 ut
2997 3819 3150 3871 multi
3183 3834 3429 3887 comper-

1868 3920 1980 3965 tum
2014 3912 2296 3980 haberent,
2326 3912 2548 3966 Mariam
2581 3911 2724 3965 haud
2756 3928 2823 3966 ex
2846 3910 3080 3981 Josepho
3104 3922 3425 3980 conceptum

1868 4003 2145 4073 peperisse
2174 4001 2359 4058 Jesum
2392 4021 2405 4057 :
2448 4016 2677 4072 prorsus
2714 4002 2857 4055 enim
2890 4015 3063 4073 preme
3094 3999 3287 4053 fuisset
3323 3998 3427 4051 ob—

1871 4093 2031 4147 noxia
2059 4094 2127 4147 de
2156 4092 2407 4148 Mosaicae
2438 4092 2573 4163 legis
2599 4091 2859 4145 mandato
2888 4091 3061 4160 virgo,
3098 4104 3195 4143 ceu
3230 4088 3277 4142 si
3300 4094 3427 4141 ante

1868 4187 2179 4256 nuptiarum
2210 4199 2422 4255 tempus
2457 4184 2823 4255 virginitatem
2859 4181 3189 4236 violavisset.
3227 4178 3429 4245 Quam-

204 4263 436 4324 εἰκότως
488 4266 901 4334 ἐπισημαίνεται
928 4268 1167 4337 ἀκριϐῶς
1201 4269 1416 4337 φήσασα
1459 4271 1489 4338 ἠ
1537 4268 1762 4339 Γραφὴ,

1872 4281 2055 4334 obrem
2090 4281 2285 4334 merito
2318 4278 2757 4332 animadversum
2792 4282 2897 4339 est,
2928 4274 3216 4345 vigilanter
3240 4271 3428 4326 admo-

209 4375 228 4406 ι
256 4355 398 4425 Πρὶν
421 4355 451 4424 ἦ
483 4356 749 4409 συνελθεῖν
765 4358 977 4422 αὐτοὺς,
1000 4358 1192 4429 εὑρέθη
1210 4362 1267 4412 ὲν
1283 4361 1475 4430 γαστρὶ
1506 4360 1698 4431 ἔχουσα
1716 4377 1727 4388 ⁸
1744 4380 1761 4411 ι

207 4448 493 4517 μονονουχὶ
519 4448 836 4502 διδάσκουσα
881 4452 961 4503 ὅτι
1006 4451 1078 4521 μὴ
1118 4451 1221 4522 πρὸ
1253 4452 1427 4522 γάμου
1460 4454 1764 4525 συνείληφε,

209 4539 351 4609 μηδὲ
382 4540 484 4610 πρὸ
501 4539 594 4592 τοῦ
648 4542 793 4613 παρὰ
817 4542 906 4594 τὸν
934 4541 1101 4611 ἄνδρα
1124 4544 1313 4596 ἐλθεῖν·
1338 4546 1470 4615 μετὰ
1498 4546 1553 4599 δὲ
1573 4546 1632 4598 τὸ
1649 4563 1770 4599 συν-

207 4632 447 4701 αφθῆναι
484 4633 573 4685 τὸν
606 4632 799 4703 Ἰωσὴφ
836 4634 929 4687 καὶ
959 4636 1086 4705 παρ’
1114 4636 1257 4705 αὑτῷ
1312 4636 1580 4704 γενέσθαι,
1620 4638 1768 4708 παρὰ

208 4724 347 4777 πᾶσί
367 4741 425 4776 τε
451 4728 680 4791 γυναῖκα
711 4724 873 4778 αὑτοῦ
916 4728 1269 4796 χρηματίσαι,
1308 4728 1569 4781 συνόντων
1603 4729 1766 4797 ἀλλή-

207 4816 343 4879 λοις,
374 4818 467 4869 καὶ
498 4818 595 4887 τῆς
650 4819 889 4887 γαμικῆς
936 4819 1147 4888 ὁμιλίας
1186 4820 1445 4873 ἅπτεσθαι
1496 4821 1592 4891 ἤδη
1639 4820 1768 4889 γοῦν

213 4906 542 4975 μελλόντων,
592 4908 762 4976 αὐτῆς
796 4908 871 4970 ὡς
904 4910 1074 4962 εἰπεῖν
1102 4909 1248 4980 ὥρας
1282 4911 1464 4981 πρὶνῆ
1500 4911 1767 4964 συνελθεῖν

212 4998 426 5062 αὐτοὺς,
454 4999 648 5068 εὑρέθη
671 5000 727 5050 ὲν
746 5001 938 5069 γαστρὶ
961 5000 1155 5070 ἔχουσα
1184 5004 1245 5054 ἐκ
1269 5002 1577 5072 Πνεύματος
1590 5003 1764 5071 ἁγίου.

212 5088 320 5141 Καὶ
344 5088 495 5141 τοῦτό
527 5106 587 5156 γε
618 5091 1008 5162 πάγχρησίμως
1035 5093 1112 5155 είς
1139 5091 1197 5144 τὸ
1216 5092 1393 5146 λαθεῖν
1409 5095 1529 5156 τοὺς
1545 5094 1768 5156 πολλοὺς

282 5290 358 5363 (Ι)
402 5289 567 5363 Epist.
599 5291 788 5358 lgnatii
817 5291 881 5343 ad
906 5291 1167 5363 Ephesios
1195 5310 1315 5363 cap.
1352 5310 1462 5357 nx,
1499 5296 1587 5349 ubi
1618 5297 1767 5351 vide-

215 5361 288 5435 sis
323 5362 626 5435 doctissimi
660 5361 1377 5435 Coteleriiadnotationem,
1428 5367 1565 5432 apud
1604 5382 1762 5434 quth

219 5427 468 5485 lisserius
499 5433 659 5485 verba
692 5432 803 5485 haec
836 5431 1023 5485 eadem
1057 5433 1249 5485 recitat
1291 5450 1355 5487 ex
1390 5427 1762 5489 Andron-Ilio-

217 5503 375 5577 rosol.
422 5502 668 5577 Cretensi
716 5502 995 5577 episcopo,
1046 5504 1146 5577 nisi
1196 5505 1338 5572 quod
1391 5521 1486 5573 pro
1524 5509 1764 5577 κραυγῆς

220 5586 257 5619 sl
279 5571 473 5625 ribitur
507 5572 579 5625 ihi
615 5571 835 5638 φρικτά,
885 5588 1004 5639 qua:
1038 5574 1273 5627 deterior
1320 5571 1478 5628 lectio
1503 5571 1604 5637 est,
1637 5571 1762 5647 quia

1871 4374 1996 4426 dum
2034 4370 2372 4440 Scripturam
2410 4369 2593 4424 dicere
2632 4388 2645 4421 :
2685 4386 2705 4418 ι
2758 4367 3059 4436 Antequam
3095 4363 3197 4433 ipsi
3231 4376 3429 4417 conve—

1870 4464 2069 4526 nirent,
2108 4463 2323 4517 inventa
2357 4470 2440 4516 est
2474 4461 2530 4514 in
2555 4470 2711 4523 utero
2738 4460 2978 4522 habens;
3036 4476 3052 4507 ›
3089 4463 3348 4524 tanquam
3377 4453 3429 4507 si

1870 4566 2053 4627 aperte
2083 4556 2310 4619 diceret,
2364 4570 2485 4608 eam
2528 4562 2650 4607 ante
2688 4553 2904 4622 nuptias
2936 4566 3044 4604 non
3088 4548 3425 4617 concepisse,

1869 4659 2045 4711 neque
2088 4644 2238 4712 prius
2270 4659 2431 4713 quam
2467 4643 2533 4697 ad
2563 4644 2740 4697 virum
2776 4639 3059 4695 accederet
3104 4658 3117 4693 :
3153 4638 3247 4693 sed
3282 4645 3431 4706 post~

1868 4747 2031 4799 quam
2062 4748 2182 4784 cum
2215 4730 2450 4801 Josepho
2478 4731 2767 4800 conjugata
2790 4730 2909 4795 fuit,
2945 4739 3105 4798 atque
3135 4727 3275 4797 apud
3302 4740 3425 4779 eum

1868 4825 2132 4879 diversari
2168 4826 2331 4895 cwpit
2368 4826 2465 4895 (‘2),
2499 4837 2552 4879 et
2579 4827 2647 4879 ab
2674 4826 2927 4880 omnibus
2957 4825 3157 4891 conjux
3186 4823 3305 4890 ejus
3330 4834 3427 4889 ap-

1869 4919 2059 4986 pellari
2094 4940 2108 4970 -.
2140 4934 2263 4971 cum
2311 4933 2418 4971 una
2451 4919 2801 4992 .habitarent,
2837 4934 2899 4971 ac
2932 4917 3158 4985 nuptiali
3194 4928 3429 4968 consue-

1870 5010 2058 5064 tudine
2107 5011 2220 5078 jam
2272 5010 2422 5063 usuri
2474 5010 2813 5074 viderentur,
2859 5010 2977 5077 ipsa
3036 5005 3424 5077 propemodum

1870 5104 2006 5158 hora
2062 5110 2356 5173 antequam
2420 5086 2802 5167 convenirent,
2864 5101 3133 5153 inventam
3190 5111 3313 5151 esse
3373 5095 3425 5146 in

1870 5312 1975 5350 non
2007 5295 2297 5363 Opponitur
2328 5294 2595 5347 vocabulo
2616 5291 2887 5363 κραυγῆς.

1940 5367 2014 5434 (‘2)
2046 5352 2131 5417 Ille
2160 5366 2258 5416 hac
2294 5364 2566 5434 communi
2607 5352 2958 5434 SS._[’}ttt'tttii
2985 5352 3428 5434 Opinioneﬂom-

1872 5427 2093 5489 hciisius
2118 5434 2257 5486 Bibl.
2292 5452 2439 5487 conc.
2473 5444 2511 5487 t.
2548 5432 2588 5495 Ι,
2624 5450 2675 5502 p.
2704 5431 2793 5493 2‘2,
2821 5427 3352 5502 contra—Suaresjum
3378 5434 3429 5502 et

1872 5506 2225 5574 Ilaynaldum.
2268 5492 2869 5573 Nicephorus'quoquc
2902 5502 3163 5559 Callistus
3212 5492 3351 5549 Uisl'.
3389 5494 3461 5567 1,,

1869 5578 1923 5639 8,
1958 5573 2078 5628 cum
2122 5573 2358 5628 Eusebio
2388 5575 2680 5627 consentit.
