3936 6208
561 177 670 234 883

562 299 719 343 utero
750 287 1036 342 habentem
1067 288 1133 344 de
1163 297 1354 344 saneto
1384 287 1613 358 Spiritu.
1646 290 1823 363 Atque
1853 292 1968 348 haec
2002 308 2122 363 per-

561 377 847 434 commode
879 377 950 431 ob
974 379 1247 433 vitandam
1286 380 1432 450 vulgi
1471 382 1718 435 notitiam
1747 391 1939 436 curata
1972 393 2120 439 sunt.

559 464 695 521 Nam
726 471 772 522 si
809 464 1041 520 Mariaea
1069 469 1388 537 parentibus
1421 470 1661 524 nondum
1695 471 1973 542 digressa,
2002 489 2126 543 gra-

564 559 700 613 vida:
730 559 842 613 fieri
875 560 1230 630 contigisset;
1256 561 1382 629 quia
1416 577 1636 617 necesse
1661 571 1778 617 erat
1808 579 1921 618 rem
1946 565 2122 633 palam

562 650 894 720 famigerari,
929 666 1120 720 nempe
1152 653 1296 721 quod
1334 654 1449 722 ipsa
1481 653 1624 707 haud
1658 670 1720 708 ex
1752 657 1968 724 publice
1995 665 2125 712 noto

559 744 679 796 viro
709 757 810 797 suo
841 743 1202 812 concepisset,
1233 745 1484 812 protinus
1510 745 1836 815 supplicium
1863 764 1926 802 ex
1952 747 2124 803 forma

555 834 700 902 juris
731 833 750 865 ¹
780 835 1087 889 subiisset:
1147 835 1194 890 si
1253 836 1453 899 minus,
1493 846 1640 892 certe
1687 840 1861 909 stupri
1911 843 2126 896 macula

560 939 671 979 non
701 935 952 980 vacasset
987 945 1001 980 :
1034 942 1213 996 neque
1243 927 1388 983 enim
1426 929 1542 998 ipsa
1567 930 1671 985 sibi
1696 932 1856 987 testis
1883 948 2004 988 esse
2031 949 2128 1002 po-

560 1023 725 1079 terat,
757 1030 935 1086 neque
963 1015 1032 1069 ad
1068 1015 1228 1072 fidem
1274 1017 1582 1073 faciendam
1636 1035 1826 1075 eorum
1857 1038 1978 1092 quae
2021 1023 2126 1076 sibi

562 1106 878 1162 acciderant
916 1114 1034 1161 erat
1083 1107 1279 1162 idonea
1333 1128 1347 1163 :
1397 1124 1499 1163 nec
1547 1110 1834 1182 quisquam
1890 1113 1994 1168 sibi
2033 1121 2128 1167 aut

561 1197 742 1266 angeli
773 1198 952 1254 visum
983 1199 1303 1268 persuaderi
1331 1215 1530 1269 passus
1550 1213 1719 1267 esset,
1750 1212 1845 1258 aut
1889 1204 1964 1257 illi
1999 1220 2127 1258 nar-

562 1288 708 1342 ranti
742 1289 1063 1346 credidisset
1099 1306 1220 1360 quae
1267 1291 1440 1345 eidem
1468 1307 1498 1345 a
1539 1292 1787 1350 Gabriele.
1819 1295 1965 1349 dicta
2008 1294 2127 1350 fue-

563 1391 686 1434 rant
739 1400 753 1435 :
789 1397 965 1451 neque
1000 1397 1118 1436 eam
1151 1382 1262 1451 jam
1310 1392 1677 1453 praegnantem
1709 1384 1857 1439 domi
1893 1401 2005 1440 sua:
2035 1384 2122 1441 Jo-

563 1472 768 1541 sephus
793 1473 1112 1542 recepisset,
1138 1488 1298 1543 quem
1326 1473 1553 1542 justitiae
1577 1476 1853 1544 publicum
1879 1477 2128 1532 testimo-

564 1565 714 1618 nium
745 1564 996 1619 ornabat.
1023 1563 1165 1619 Bene
1192 1566 1356 1636 igitur
1378 1582 1485 1621 non
1510 1568 1653 1638 apud
1677 1570 1827 1639 ipsos
1846 1577 2123 1640 parentes,

1244 175 1516 234 EUSEBII
1547 177 2031 236 CESARIENSIS
2063 180 2214 237 OPP.
2253 181 2435 238 PARS
2467 180 2556 238 Ill.
2593 211 2654 224 —
2701 180 3113 238 EXEGETICA.

3620 189 3695 244 88!

2153 301 2193 357 Α
2221 295 2561 366 ᾠκονόμητο*
2595 296 2643 348 εἰ
2681 293 2791 366 γὰρ
2811 295 2875 366 δὴ
2908 294 3057 365 παρὰ
3085 297 3195 360 τοῖς
3224 296 3384 368 αὐτῆς
3407 298 3619 367 ’γονεῗισιν
3634 301 3698 359 ὦ·

2227 407 2322 442 σαν
2362 390 2443 443 ἔτι
2483 389 2680 458 συνέϐη
2711 390 2851 442 κατὰ
2890 389 3125 462 γαστρὸς
3156 391 3365 450 λαϐεῖν,
3392 393 3482 447 κᾶν
3519 397 3630 462 εἰκὸς
3649 397 3698 471 ἦν

2227 481 2481 552 βοηθῆναι
2505 481 2564 534 τὸ
2592 482 2822 550 πρᾶγμα
2848 481 2930 533 ὅτι
2954 481 3026 551 μὴ
3055 482 3118 533 ὲκ
3143 482 3396 552 προδήλου
3413 486 3570 556 ἀνδρὸς
3586 492 3699 544 ἐκνο-

2227 570 2458 642 φορήθη,
2483 569 2673 623 θᾶττον
2699 571 2743 622 δ’
2771 569 2836 622 ἂν
2860 569 2954 622 καὶ
2984 569 3218 640 ἀνῄρητο
3241 572 3375 623 κατὰ
3401 573 3481 624 τὸν
3516 576 3697 648 νόμον-ἢ

2227 665 2274 715 εί
2302 662 2376 733 μὴ
2397 661 2572 725 τοῦτο,
2588 663 2816 733 αἰσχρᾶς
2831 662 2872 714 δ’
2889 659 2981 714 οὖν
2995 662 3096 714 οὐκ
3110 662 3174 714 ἂν
3201 662 3512 733 ἠλευθέρωτο
3526 666 3698 738 ὖὸρεως·

2225 753 2286 806 οὐ
2315 753 2422 824 γὰρ
2449 753 2620 823 δήπου
2657 753 2860 822 μάρτυς
2889 751 3022 822 αὑτὴ
3053 754 3247 822 ἑαυτῆς
3263 753 3354 805 καὶ
3373 754 3469 804 τῶν
3491 758 3702 828 περὶαὺτῇ

2227 845 2631 914 πεπραγμένων
2663 842 2970 907 ἀξιόπιστος
3007 839 3092 913 ἦν·
3131 844 3240 896 οὐδ’
3272 842 3335 896 ἂν
3374 845 3562 912 ἐπείσθη
3594 849 3701 918 sagi}

2225 935 2456 1004 ἀγγέλου
2478 934 2815 1002 ἐπιφάνειαν,
2835 934 3008 986 καὶτὰ
3036 933 3172 1004 πρὸς
3191 933 3356 1004 αὐτὴν
3377 936 3596 1004 εἰρημένα
3608 937 3705 1006 πρὶς

2225 1027 2317 1080 τοῦ
2351 1025 2588 1096 Γαὸριὴλ
2618 1025 2752 1094 αὑτῇ
2786 1023 3143 1096 διηγουμένῃ,
3177 1024 3284 1076 οὐδ’
3317 1023 3380 1076 ἂν
3421 1025 3613 1079 κύουσαν
3636 1027 3705 1096 ἤδη

2227 1119 2541 1189 προσήκατο
2573 1117 2652 1178 εἰς
2667 1115 2755 1167 τὸν
2784 1113 2976 1167 ἑαυτοῦ
2996 1111 3145 1167 οἷκον
3191 1115 3531 1185 ’1ωσὴφ,ἀνὴρ
3557 1116 3706 1180 δίκαιος

2227 1201 2365 1259 εἶναι
2404 1203 2910 1275 μεμαρτυρημένοις·
2940 1202 3126 1274 διόπερ
3153 1203 3374 1266 εἰκότως
3401 1205 3455 1256 οὐ
3492 1203 3610 1274 παρᾶ
3631 1209 3708 1268 τοῖς

2227 1297 2400 1366 αὐτῆς
2434 1294 2700 1364 γονεῦσιν,
2727 1294 2838 1347 ἀλλ’
2869 1294 2969 1364 ἤδη
3005 1296 3132 1363 παρ’
3157 1293 3304 1363 αὐτῷ
3333 1295 3564 1364 γενομένη
3591 1297 3706 1362 ἐγκύ-

2230 1406 2344 1459 μων
2380 1389 2474 1440 σὺν
2490 1385 2635 1455 αὐτῷ
2670 1385 2956 1455 γενομένη,
2975 1385 3102 1454 παρ’
3123 1384 3289 1452 αὐτὴν
3305 1385 3376 1446 ὡς
3391 1387 3537 1436 εἰπεῖν
3549 1386 3624 1454 τὴν
3643 1383 3708 1436 τοῦ

2228 1477 2404 1547 γάμου
2442 1475 2612 1541 τάξινο
2663 1473 2769 1544 πρὸ
2798 1473 2906 1543 γάρ
2948 1474 3042 1527 τοῦ
3087 1474 3359 1526 συνελθεῖν
3403 1475 3706 1543 αὑτοὺς,ὼςὴ

2228 1565 2414 1637 Γραφὴ
2445 1566 2728 1636 μαρτυρεῖ,
2759 1562 2955 1634 εὑρέθη
2988 1563 3046 1614 ὲν
3070 1565 3268 1632 γαστρὶ
3303 1563 3501 1632 ἔχουσα.

564 1660 658 1714 sed
685 1657 830 1729 apud
887 1658 1182 1730 Josephum
1248 1662 1472 1732 gravida
1522 1663 1661 1718 facta
1707 1675 1812 1730 est,
1851 1681 1916 1722 ac
1952 1665 2190 1720 maritali
2229 1661 2623 1734 propemodum
2660 1673 2809 1713 more
2838 1676 2850 1710 :
2884 1667 3178 1726 antequam
3211 1659 3356 1712 enim
3416 1657 3708 1718 convenirent,

566 1762 623 1808 ut
680 1752 964 1824 Scriptura
1012 1763 1276 1822 testatur,
1333 1757 1387 1811 in
1435 1767 1590 1814 utero
1640 1761 1850 1816 habens
1901 1761 2123 1816 inventa

2159 1769 2265 1817 est.

632 1847 688 1902 3.
729 1846 828 1901 Cui
859 1861 1024 1916 porro
1056 1846 1272 1902 inventa
1300 1856 1406 1913 est,
1430 1850 1535 1904 nisi
1563 1849 1836 1922 Josepbo?
1883 1854 1994 1909 Cur
2023 1871 2121 1908 au—

2289 1855 2360 1918 γ’.
2395 1847 2510 1901 Τίνι
2535 1848 2578 1900 δ’
2608 1846 2714 1918 ἄρα
2746 1845 2964 1918 εὑρέθη,
2987 1843 3100 1897 ἀλλ’
3135 1843 3170 1915 ἢ
3203 1843 3282 1915 τῷ
3321 1843 3530 1913 ’ῐωσήφζ
3561 1841 3646 1903 πῶς
3670 1840 3710 1892 δὲ

564 1945 671 1993 tem
717 1943 772 1992 et
822 1937 1096 2008 quomodo
1147 1954 1237 1994 res
1303 1938 1544 2011 Josepho
1598 1953 1877 2014 comperta
1935 1946 2122 2012 fuerit,

565 2027 848 2098 Scriptura
879 2031 1039 2084 docet
1064 2028 1193 2084 dum
1229 2031 1327 2096 ait,
1361 2046 1392 2084 a
1437 2041 1630 2088 sancto
1663 2035 1870 2106 Spiritu
1918 2038 2127 2107 patefa-

562 2129 707 2174 ctam
729 2136 856 2177 csse
881 2120 1120 2193 Josepho
1142 2123 1293 2191 justo
1316 2124 1554 2192 homini;
1585 2129 1679 2198 qui
1706 2130 1776 2184 ob
1799 2131 1938 2184 hanc
1952 2133 2123 2200 ipsam

558 2211 832 2280 justitiam
862 2227 1020 2267 suam
1053 2214 1130 2267 nil
1161 2214 1361 2268 mirum
1393 2229 1477 2271 est
1525 2217 1572 2272 si
1625 2232 1656 2270 a
1699 2219 1884 2275 divino
1915 2219 2124 2290 Spiritu

564 2302 809 2371 adjutus,
841 2301 1092 2374 conjugis
1126 2320 1250 2359 mox
1291 2305 1488 2361 futura:
1530 2311 1914 2378 conceptiones
1963 2312 2125 2368 intel-

565 2392 717 2456 lexit,
753 2399 918 2462 atque
947 2408 977 2446 a
1027 2394 1262 2448 maritali
1295 2409 1592 2466 congressu
1643 2399 1930 2455 abstinuit.
1978 2403 2127 2457 Illico

565 2485 732 2552 igitur
762 2500 820 2539 re
866 2485 1083 2555 cognita
1129 2489 1355 2544 territus
1389 2489 1561 2543 voluit
1607 2493 1823 2548 occulte
1855 2493 2127 2551 dimittere

565 2573 789 2628 Mariam
828 2594 841 2626 ι
869 2591 990 2645 qua:
1017 2577 1336 2633 acciderant
1359 2581 1564 2650 majora
1596 2583 1940 2648 existimans,
1964 2602 2126 2655 quam

567 2675 626 2720 ut
671 2668 787 2736 ipse
839 2683 964 2723 eum
1014 2683 1076 2723 ea
1123 2671 1373 2740 posthinc
1395 2683 1726 2758 versaretur.
1785 2676 1960 2748 Atque
2013 2680 2129 2734 haec

566 2773 734 2814 causa
769 2765 893 2826 fuit,
923 2765 1274 2831 quamobrem
1301 2765 1485 2834 justus
1515 2784 1639 2823 cum
1665 2777 1833 2834 esset,
1883 2771 2027 2826 haud
2057 2787 2130 2827 az-

565 2867 732 2920 quum
767 2853 1030 2922 judicavit
1072 2871 1192 2912 eam
1231 2857 1511 2916 dilfamare
1549 2879 1562 2915 :
1597 2863 1794 2917 maluit
1823 2871 2000 2918 autem
2031 2879 2129 2918 oc-

567 2942 712 2998 culte
739 2944 984 3000 eamdem
1010 2944 1303 3004 dimittere.
1340 2948 1589 3006 Profecto
1610 2953 1678 3017 is,
1710 2954 1816 3009 nisi
1849 2953 1953 3009 sibi
2002 2969 2129 3024 per-

565 3033 860 3100 snasisset,
893 3051 1013 3092 eam
1065 3037 1131 3093 de
1161 3052 1352 3096 sancto
1387 3039 1595 3112 Spiritu
1625 3045 1976 3116 concepisse;
2004 3062 2129 3100 cum

565 3126 736 3198 probe
760 3129 922 3184 simul
952 3129 1117 3186 sciret
1143 3133 1388 3188 eamdem
1421 3150 1450 3188 a
1478 3149 1537 3190 se
1559 3135 1680 3190 viro
1741 3147 1956 3192 uterum
2014 3153 2128 3193 non

565 3235 788 3290 gerere;
823 3222 916 3292 qui
957 3223 1174 3278 tandem
1209 3225 1325 3281 fieri
1363 3236 1598 3298 poterat,
1636 3237 1694 3284 ut
1724 3245 1856 3296 non,
1896 3245 1994 3302 pro
2018 3245 2131 3285 sua:

563 3311 794 3380 justitire
827 3328 1073 3383 munere,
1111 3325 1238 3372 ante
1283 3321 1506 3390 nuptias
1553 3331 1868 3392 corruptam
1915 3323 2132 3392 publice

565 3401 830 3472 ediceret,
863 3415 1028 3476 atque
1057 3409 1128 3464 ob
1175 3412 1228 3465 id
1278 3413 1691 3483 magistratibus
1740 3415 1952 3470 idoneis
1981 3416 2132 3486 judi-

567 3495 796 3550 candam
817 3498 1064 3556 traderet
1086 3517 1149 3557 ac
1172 3503 1555 3560 diffamandam
1573 3507 1597 3560 ?
1616 3508 1834 3578 Alioqui
1858 3509 2132 3578 quomodo

563 3587 749 3654 justus
782 3598 948 3654 esset.
997 3594 1093 3663 qui
1122 3594 1188 3649 de
1229 3610 1288 3650 re
1334 3597 1499 3668 impia
1543 3601 1768 3669 tegenda
1795 3600 2133 3670 celandaque

567 3682 879 3750 satageret?
923 3682 1086 3741 Certe
1133 3684 1430 3757 Josephum
1488 3689 1564 3742 ita
1616 3705 1676 3745 se
1727 3698 2026 3760 gerentem,
2063 3691 2134 3746 ab

565 3773 897 3854 evangelista
945 3774 1148 3846 justum
1187 3779 1469 3850 appellari,
1518 3797 1629 3836 non
1674 3789 1793 3836 erat
1841 3790 2132 3837 consenta-

566 3877 752 3918 neum.
786 3862 890 3920 Sed
935 3866 1082 3922 enim
1111 3869 1240 3939 quia
1276 3872 1392 3940 ipse
1436 3869 1763 3928 diviniorem
1794 3870 2034 3942 Virginis
2064 3873 2134 3928 de

569 3961 760 4008 sancto
789 3953 992 4025 Spiritu
1023 3969 1348 4030 conceptum
1377 3963 1560 4030 novit;
1611 3971 1667 4018 et
1714 3964 1843 4034 quia
1882 3963 2131 4018 eamdem

567 4051 938 4120 augustiorem
970 4055 1326 4124 existimavit,
1351 4075 1516 4129 quam
1542 4069 1600 4114 ut
1629 4061 1734 4116 sibi
1768 4060 1980 4117 diutius
2002 4061 2134 4116 lice-

565 4147 649 4194 ret
679 4157 802 4198 cum
852 4144 943 4198 illa
1000 4147 1290 4217 habitare;
1341 4163 1491 4207 recte
1533 4153 1743 4209 idcirco
1792 4153 2131 4223 evangelista

565 4227 724 4294 dicit,
753 4246 784 4285 a
813 4229 1052 4304 Josepho
1077 4246 1296 4308 captum
1325 4255 1451 4296 esse
1473 4242 1764 4297 consilium
1799 4243 1940 4295 clam
1969 4257 2134 4312 spon-

567 4335 681 4374 sam
713 4322 1024 4380 dimittendi
1047 4344 1223 4399 neque
1255 4331 1588 4387 diﬂ‘amatan‘t
1621 4349 1653 4388 a
1685 4349 1744 4390 se
1778 4350 1956 4404 neque
1982 4335 2132 4404 obje-

563 4421 714 4469 ctam
745 4417 889 4488 vulgi
919 4424 1286 4479 sermonibus.
1317 4424 1461 4482 Bene
1490 4426 1654 4496 igitur
1694 4427 1764 4482 ab
1794 4427 2130 4498 evangelista

563 4503 676 4561 dici
722 4509 958 4574 videtur,
1003 4515 1149 4583 quod
1196 4533 1314 4572 eam
1365 4519 1648 4575 dill‘amare
1701 4521 1959 4576 noluerit.
2008 4519 2130 4574 Non

566 4600 711 4654 enim
747 4604 824 4656 ait
852 4604 1046 4661 nolens
1079 4622 1198 4663 cam
1243 4609 1532 4674 infamare,
1566 4612 1660 4668 sed
1693 4611 2069 4677 t-diﬂ‘amare;
2108 4631 2127 4663 ι

565 4708 798 4766 quorum
833 4699 1222 4756 vocabulorum
1275 4705 1443 4759 multa
1477 4715 1558 4762 est
1607 4706 1933 4762 differentia.
1973 4703 2132 4758 Sicut

563 4790 710 4842 enim
744 4805 851 4845 non
903 4790 1043 4846 idem
1087 4794 1358 4864 significat
1392 4798 1632 4854 scribere
1675 4807 1730 4855 et
1765 4798 2128 4868 proscribere,

566 4889 761 4951 putare
785 4890 841 4938 et
871 4882 1160 4953 imputare,
1193 4902 1387 4958 rogare
1419 4896 1476 4944 et
1501 4891 1798 4962 abrogare;
1829 4891 1910 4945 sic
1952 4905 2129 4960 neque

565 4969 852 5029 diﬂ‘amare
878 4981 933 5029 et
965 4974 1230 5030 infamare
1264 4996 1278 5030 :
1312 4992 1568 5059 namque.
1593 4982 1861 5036 infamare
1903 4979 2034 5035 facit
2073 4987 2132 5034 ut

566 5062 872 5132 cogitemus
902 5063 970 5120 de
997 5066 1212 5135 publica
1245 5067 1482 5125 hominis
1506 5071 1734 5127 malefici
1766 5071 2132 5143 patefactionc

2229 1942 2323 1996 καί
2350 1939 2468 1992 τίνα
2499 1938 2696 2010 τρόπον
2722 1938 2948 2009 εὓρηται
2969 1937 3128 1989 τοῦτο
3146 1935 3226 2006 τῷ
3265 1935 3468 2003 Ἰωσὴφ,
3484 1934 3636 2001 ὁλόγος
3655 1932 3710 1984 δι-

2227 2032 2371 2096 δάξει
2403 2030 2529 2098 φὰς,
2553 2031 2616 2082 ὲκ
2650 2027 2960 2097 Πνεύματος
2990 2027 3145 2094 ἁγίου
3159 2024 3393 2086 γνωστὸν
3419 2023 3599 2092 γέγονεν
3614 2021 3711 2074 οὕτω

2228 2125 2322 2177 καὶ
2353 2123 2429 2192 τῷ
2469 2121 2684 2192 Ἰωσήφ·
2713 2119 2916 2181 δίκαιος
2930 2115 3039 2186 γάρ
3059 2113 3148 2186 ἦν·
3181 2117 3383 2178 δίκαιος
3405 2116 3455 2168 δὲ
3482 2114 3707 2182 τυγχάνων,

2228 2218 2288 2270 οὐ
2318 2216 2623 2286 θαυμαστὸν
2654 2217 2701 2268 εί
2731 2215 2824 2268 καὶ
2845 2214 2989 2267 θείου
3019 2213 3334 2284 Πνεὺματος
3360 2212 3536 2281 ἠξίωτο
3561 2208 3709 2280 me

2231 2311 2464 2361 συνεῖναι
2489 2308 2584 2377 μὲν
2614 2306 2712 2375 τῆς
2741 2305 3036 2376 μελλούσης
3051 2304 3302 2376 γαμετῆς
3327 2302 3710 2371 κύησιν,ὲπισχεῖν

2228 2401 2284 2452 δὲ
2312 2402 2408 2470 τὴν
2429 2399 2568 2452 κατὰ
2588 2399 2754 2468 ἄνδρα
2787 2398 3087 2451 κοινωνίαν.
3132 2396 3338 2450 Αὐτίκα
3369 2393 3526 2455 συνεὶς
3554 2392 3624 2445 καὶ
3642 2408 3709 2444 κα·

2228 2491 2524 2559 ταπλαγεὶς
2554 2489 2817 2561 ὲῦουλήθη
2843 2489 3016 2560 λάθρα
3055 2489 3323 2543 ἀπολῦσαι
3357 2489 3532 2558 αὑτήνο
3556 2483 3709 2554 μείζονι

2230 2584 2261 2652 ἢ
2285 2585 2424 2636 κατὰ
2451 2583 2549 2654 τὴν
2577 2584 2671 2636 σὺν
2701 2581 2852 2652 αὐτῷ
2883 2581 3168 2654 διατριϐὴν
3193 2581 3262 2634 τὰ
3291 2570 3708 2651 πεπραγμέναεῖνιι

2229 2675 2582 2744 λογισάμενος
2601 2715 2613 2727 .
2637 2673 2744 2727 Καὶ¹
2770 2672 2926 2726 τοῦτο
2961 2673 3070 2744 ἄρα
3097 2669 3169 2743 ἦν
3206 2673 3267 2725 τὸ
3297 2671 3482 2733 αἴτιον,
3511 2670 3563 2721 δι’
3587 2668 3622 2729 ὃ,
3656 2665 3706 2716 δί-

2231 2783 2383 2829 καιος
2411 2765 2505 2828 ὢν,
2560 2766 2660 2819 οὐκ
2697 2765 2880 2835 ἔκρινε
2923 2765 3021 2835 μὲν
3051 2763 3262 2818 δῖκαιον
3294 2759 3426 2816 εἶναι
3452 2756 3707 2828 δειγματίσαι

2230 2857 2418 2928 αὐτὴν,
2456 2856 2720 2928 ἐὸουλήθη
2746 2855 2803 2908 δὲ
2832 2854 3008 2926 λάθρα
3031 2853 3305 2908 ἀπολῦσαι
3337 2852 3509 2921 αὑτήν·
3549 2848 3618 2901 καὶ
3639 2845 3708 2914 μὴν

2231 2952 2279 3004 εί
2307 2949 2380 3021 μὴ
2408 2950 2464 3016 ἐξ
2496 2949 2652 3018 ἁγίου
2685 2947 2998 3018 Πνεύ-ματος
3043 2947 3308 3000 πέπειστο
3347 2942 3500 3012 αὐτὴν
3538 2936 3708 3002 συνειλη-

2233 3043 2412 3110 φέναι,
2439 3040 2676 3110 ἁκριϐὦς
2707 3040 2861 3104 εἰδὼς
2884 3041 2966 3093 ὅτι
2997 3039 3136 3111 μηδὲ
3167 3039 3226 3106 ἐξ
3273 3036 3427 3091 αὑτοῦ
3448 3034 3500 3088 τὸ
3521 3029 3627 3085 κατὰ
3643 3044 3707 3094 γα·

2236 3135 2393 3206 ατρὸς
2427 3134 2608 3204 ἔφερε,
2642 3133 2694 3186 τί
2715 3133 2851 3203 δῆτα
2878 3133 3085 3194 δίκαιος
3111 3130 3236 3183 ὣνό
3256 3130 3410 3199 ἀνὴρ,
3437 3127 3523 3180 οὐκ
3547 3124 3608 3183 εἰς
3621 3119 3708 3172 πᾶν·

2157 3203 2200 3262 C
2233 3203 2328 3288 τας
2361 3203 2568 3293 ἐξάγων
2597 3226 2696 3296 τὴν
2729 3223 3118 3295 διαφθαρεῖσαν
3149 3223 3256 3294 πρὸ
3288 3221 3455 3292 γάμου
3481 3218 3562 3288 τὴν
3591 3213 3702 3281 ὥραν,

2231 3321 2343 3382 τοῖς
2368 3319 2435 3371 τὰ
2466 3317 2688 3371 τοιαῦτα
2719 3317 2924 3388 κρίνειν
2955 3316 3246 3388 παρεδίδου
3275 3315 3527 3387 δράσασαν
3547 3309 3704 3373 δειγμα-

2232 3409 2410 3472 τίσαι;
2440 3409 2555 3472 πῶς
2581 3407 2636 3460 δὲ
2670 3407 2874 3470 δίκαιος
2905 3408 2935 3459 ό
2969 3407 3068 3477 τὴν
3096 3408 3408 3478 παράνομον
3437 3400 3598 3472 πρᾶξιν

2236 3499 2482 3564 σκιάζειν
2524 3501 2616 3554 καὶ
2659 3499 3016 3570 ἐπικρύπτειν
3055 3487 3706 3570 προθυμούμενος-ςἀλλ”)ὺιι

2233 3594 2378 3657 εἰκὸς
2406 3593 2496 3646 τὸν
2515 3591 2896 3663 εὐαγγελιστὴν
2925 3591 3132 3644 δίκαιον
3165 3592 3324 3646 αὑτὸν
3345 3591 3430 3642 ἐπὶ
3453 3585 3618 3644 τούτοις

2233 3703 2339 3751 ναι,
2356 3684 2492 3738 ἀλλὰ
2512 3685 2620 3756 γάρ
2644 3682 3060 3754 συναισθόμενον
3083 3683 3174 3737 διὰ
3197 3683 3352 3751 ἁγίου
3371 3678 3629 3746 necum;
3641 3669 3706 3738 τὴν

2233 3777 2509 3848 θειοτέραν
2542 3776 2641 3845 τῆς
2685 3775 2960 3848 Παρθένου
2999 3775 3100 3843 (9ο)
3136 3775 3410 3844 γεγονέναι
3443 3770 3613 3839 κύησιν,
3647 3759 3707 3812 καὶ

2231 3870 2514 3943 κρείττονα
2526 3869 2623 3937 τῆς
2639 3869 2734 3922 σὺν
2746 3867 2892 3938 αὐτῷ
2903 3868 3188 3939 διατριϐῆς
3199 3867 3518 3938 ἡγησάμενον
3530 3853 3707 3921 εἶναιτὴν

2230 3961 2560 4031 οἰκονομίαν,
2591 3961 2813 4016 εἰκότως
2854 3961 3020 4032 φησὶν
3045 3960 3210 4014 αὑτὸν
3236 3954 3568 4025 διανενοῆσθαι
3587 3946 3705 4014 Mf"

2230 4053 2499 4108 ἀπολῦσαι
2532 4054 2700 4124 αὐτὴν
2725 4053 2798 4124 μὴ
2829 4053 3302 4140 δειγματισθεῖσαν
3327 4053 3412 4105 ὑπ’
3433 4045 3584 4140 αὐτῷ,

2229 4151 2342 4211 τοῖς
2375 4147 2587 4209 πολλοῖς
2609 4145 2846 4216 φανερὰν
2870 4143 3170 4215 γενομένην
3192 4161 3206 4174 ο
3238 4138 3296 4197 εὖ
3342 4141 3460 4210 γοῦν
3485 4135 3561 4229 καὶ
3599 4130 3643 4229 ῖδ
3656 4130 3702 4228 if?

2233 4238 2402 4292 θέλων
2436 4237 2603 4308 αὐτὴν
2635 4235 2981 4307 δειγματίσαι
3011 4234 3266 4306 εἰρῆσθαι
3289 4234 3426 4287 δοκεῖ
3449 4226 3538 4280 ὑπὸ
3561 4226 3702 4274 10-369-

2235 4329 2578 4400 αγγελιστοῦ·
2609 4330 2669 4382 οὺ
2700 4329 2808 4399 γὰρ
2844 4327 3010 4398 ἔφησε
3049 4326 3122 4398 μὴ
3149 4326 3318 4380 θέλων
3357 4320 3505 4390 αὐτὴν
3533 4309 3704 4384 παραδει-

2231 4424 2516 4494 γματίσαι,
2531 4422 2668 4476 ἀλλὰ
2691 4423 2764 4493 μὴ
2778 4421 3121 4491 δειγματίσαι
3137 4421 3210 4490 (5)
3228 4419 3406 4474 θέλωψ
3421 4410 3582 4478 πολλῆς
3591 4403 3701 4494 σῠσηξ

2164 4545 2209 4602 D
2319 4517 2525 4580 τούτοις
2549 4490 2812 4587 διαφοράς
2831 4532 2845 4544 ·
2873 4490 2949 4578 ὡς
2985 4514 3090 4586 γὰρ
3121 4515 3181 4568 οὺ
3217 4511 3403 4566 ταυτὸν
3429 4490 3700 4602 ⁸οημιιιίνειτὺ

2239 4610 2442 4682 γράψαι
2469 4609 2564 4662 καὶ
2589 4607 2969 4678 παραγράψαι,
2998 4607 3091 4658 καὶ
3112 4605 3172 4658 τὸ
3208 4599 3501 4672 λογίσασθαι
3536 4592 3696 4694 καὶσππῖ

2243 4703 2648 4774 ραλογίσασθαι,
2687 4702 2780 4754 καὶ
2810 4700 3043 4771 ψηφίσαι
3077 4700 3172 4751 καὶ
3201 4691 3697 4784 παραψηφίσαγ

2237 4794 2356 4848 οὐδὲ
2375 4794 2435 4846 τὸ
2465 4792 2805 4863 δειγματίσαι
2829 4793 2922 4844 καὶ
2951 4789 3448 4861 παραδειγματίσαιδ
3472 4781 3522 4833 τὸ
3545 4775 3615 4846 μὲν
3630 4775 3697 4836 γάρ

2239 4886 2754 4960 παραδειγματίσαι,
2783 4884 2881 4955 τὴν
2901 4885 2993 4937 ἐπὶ
3011 4883 3196 4946 κακῶς
3220 4881 3466 4952 πράξαντι
3484 4875 3550 4935 εἰς

2238 4950 2538 5050 φαῧέριυεέίν
2595 4994 2655 5030 τε
2693 4977 2787 5030 καὶ
2831 4950 3083 5045 διαϐολὴν
3127 4950 3408 5028 ὑποϐάλλει
3435 4967 3565 5021 νοεῖν
3589 4957 3632 5010 sb
3660 4950 3694 5001 εξ

2232 5071 2590 5142 δειγματίσαι,
2627 5071 2687 5124 τὸ
2718 5068 2950 5138 φανερὸν
2972 5065 3157 5130 ἁπλῶς
3185 5066 3413 5136 ποιῆσαι.

567 5167 634 5208 ac
686 5154 998 5223 delatione;
1043 5157 1323 5216 diﬂ‘amare
1373 5169 1553 5216 autem
1599 5163 1959 5232 patefaciendi
2009 5164 2388 5218 tantummodo
2417 5165 2711 5217 notionem
2745 5161 2932 5216 habet.

638 5247 656 5280 ⁸
699 5246 856 5304 Deut.
893 5266 1043 5317 χχιι,
1077 5252 1166 5309 25.

636 5339 734 5410 (2⁸)
784 5342 901 5407 Τὴν
945 5345 1247 5414 θειοτέραν
1295 5345 1406 5412 τῆς
1453 5345 1779 5411 Παρθένου.
1825 5346 2137 5415 Legendum

564 5412 777 5465 videtur
829 5428 972 5476 esse,
1009 5412 1200 5470 leviter
1247 5417 1535 5470 immutata
1583 5416 1868 5470 verborum
1908 5412 2133 5478 'ordiue,

564 5478 807 5558 θειὶἐρὲι
828 5482 923 5558 τὴν
960 5484 1068 5558 τῆς
1091 5487 1388 5558 Παρθένου.
1423 5488 1583 5558 Eutr.
1687 5556 1696 5558 _
1770 5545 1773 5548 _

639 5525 738 5616 (15)"
758 5551 832 5605 En
875 5525 1388 5612 tusebiuswdiserte.
1415 5556 1644 5611 affirmat
1687 5545 1972 5612 lectionem
2019 5555 2127 5609 δει-

568 5621 858 5691 γματίσαι,
883 5639 1046 5693 quam
1078 5627 1238 5682 habet
1265 5629 1427 5681 etiam
1450 5627 1865 5697 antiquissimus
1887 5628 2129 5682 omnium

2249 5343 2418 5400 codex
2469 5344 2701 5398 hiblicus
2753 5343 3067 5402 Vaticanus.
3127 5359 3222 5397 nec
3269 5357 3368 5395 non
3403 5326 3689 5408 palimpsgsfljs

2244 5391 2628 5469 ὑῐῶῑίἱιεῖιξῖξῖ
2641 5391 2892 5483 lituis;
2902 5391 3471 5483 Bé'iéﬁuiii‘éori'sduiqi
3487 5399 3580 5455 cod.
3589 5391 3690 5483 fag-

2237 5462 2795 5557 ζεῦἷὶζῇἷὶὲρᾇιῖἑὲῖ
2827 5462 3561 5557 ἑῖᾜίἷέὶιξῖῑοῖιὲζἠάῑνιειαατιν
3589 5462 3686 5529 “5"

2239 5555 2342 5610 lius
2376 5555 2563 5626 Taps.,
2596 5556 2848 5626 detegere.
