3890 6198
180 224 282 280 885

737 218 1192 288 QUIESTIONES
1228 216 1683 274 EVANGELICIE
1722 215 1811 269 AD
1852 208 2287 268 STEPHANUM.
2328 237 2397 249 —
2434 205 2758 275 QUIESTIO
2797 206 2836 259 Ι.

3291 201 3393 257 886

242 334 311 387 δ’.
359 333 579 401 Ἐπειδὴ
599 331 655 383 δὲ
687 332 874 384 τούτου
905 332 1214 402 γενομένου,
1252 334 1299 384 εί
1320 331 1415 383 καὶ
1447 328 1736 398 λάθρα“αὺ-

1915 326 1968 379 4.
2014 323 2121 378 Sed
2153 322 2279 391 quia
2311 328 2487 377 tamen
2540 318 2654 373 ﬁeri
2704 333 2813 371 non
2853 322 3064 386 poterat
3093 322 3153 370 ut
3194 316 3395 374 multos

179 428 271 497 τὴν
296 424 640 486 ἀπολελύκει,
676 425 852 494 μεῖξον
882 420 948 494 ἦν
974 424 1033 476 τὺ
1062 424 1311 493 πρᾶγμα,
1340 423 1373 491 ἦ
1397 422 1534 473 κατὰ
1557 420 1619 472 τὸ
1644 418 1739 472 λα-

181 519 290 569 θεῖν
313 518 443 578 τοὺς
476 513 721 579 πολλοὺς,
752 515 974 576 εἰκότως
1011 511 1235 574 ἐπιστὰς
1275 511 1404 581 ὄναρ
1449 514 1476 564 6
1512 509 1739 579 ἄγγελος

180 609 279 679 ἐξρη
302 608 378 679 τῷ
412 608 629 676 Ἰωσήφ·
662 626 679 657 ι
723 607 914 677 Ἰωσὴφ
960 607 1155 675 Ἰωσὴφ
1183 606 1296 667 υίὸς
1322 603 1503 667 Δαϐιδ,
1543 604 1616 675 μὴ
1648 622 1740 672 φο·

178 699 351 767 ϐηθῇς
378 696 711 766 παραλαϐεῖν
740 697 969 766 Μαριὰμ
1001 695 1096 765 τὴν
1129 694 1363 762 γυναῖκά
1386 711 1476 746 σου
1502 710 1515 722 ·
1539 693 1601 745 τὸ
1632 692 1738 764 γὰρ

180 789 233 839 ὲν
260 788 401 857 αὐτῇ
441 784 695 854 γεννηθὲν
722 786 785 836 ἐκ
818 783 1127 853 Πνεύματός
1170 787 1316 836 ἐστιν
1355 783 1528 851 ἁγίου.
1570 802 1587 832 ι
1610 782 1740 835 -Καὶ

180 875 272 927 θέα
310 893 375 942 γε
406 876 481 938 ὡς
516 874 728 946 πρῶτον
753 873 866 927 υἱὸν
906 874 1068 927 Δαϐὶδ
1099 873 1374 934 ἀνακαλεῖ,
1403 873 1741 941 ἀναπέμπων

178 967 267 1017 ἐπὶ
290 965 383 1018 τὸν
417 967 755 1036 προπάτορα,
780 964 865 1017 διὰ
897 965 985 1017 τὸν
1015 966 1079 1017 ἐκ
1100 965 1410 1035 σπέρματος
1442 962 1604 1016 Δαόὶδ
1630 965 1740 1026 τοῖς

176 1061 311 1111 πᾶσι
342 1057 803 1127 προσδοκώμενον·
829 1056 950 1107 ἐπεὶ
965 1055 1052 1107 διὰ
1085 1054 1135 1107 τί
1173 1056 1245 1125 μὴ
1276 1054 1389 1107 υἱὸν
1420 1053 1578 1105 αὐτὸν
1605 1053 1739 1124 ἔφη·

178 1165 266 1199 σεν
305 1145 526 1212 Ἰακώὸς
556 1142 708 1209 οὗτος
733 1145 840 1216 γὰρ
862 1140 927 1215 ἦν
950 1142 1113 1198 αὑτοῦ
1152 1143 1293 1197 κατὰ
1330 1143 1504 1215 σάρκα
1536 1143 1739 1214 πατὴρ,

175 1240 246 1301 ὡς
283 1240 553 1309 μαρτυρεί
584 1238 613 1288 6
641 1234 1050 1305 εὐαγγελιστής·
1090 1253 1108 1286 ι
1140 1234 1363 1289 Ματθὰν
1388 1234 1445 1287 δὲ
1489 1235 1738 1306 ἐγέννησε

174 1330 261 1382 τὸν
309 1328 506 1381 Ἰακώϐ
530 1345 542 1357 ·
588 1327 778 1379 Ἰακὼϐ
798 1327 852 1379 δὲ
877 1327 1128 1397 ἐγέννησε
1157 1326 1244 1378 τὸν
1284 1326 1497 1395 Ἰωσήφ·
1527 1344 1545 1376 ι
1571 1324 1739 1378 νῦνδὲ

176 1420 371 1490 παρεὶς
403 1418 500 1472 τοῦ
536 1418 737 1488 πατρὸς
785 1418 881 1488 τὴν
938 1420 1155 1488 μνήμην
1187 1457 1202 1481 ,
1252 1415 1344 1469 τοῦ
1400 1417 1739 1487 προπάτορος

175 1512 597 1582 ὑπομιμνήσκει·
635 1508 912 1579 μονονουχὶ
954 1508 1227 1578 σημαίνων
1259 1508 1335 1570 ὡς
1371 1506 1477 1578 ἄρα
1507 1510 1535 1560 6
1566 1508 1736 1576 ἐπηγ-

172 1602 434 1672 γελμένος
458 1600 533 1670 τῷ
562 1600 743 1663 Δαῦὶδ,
767 1594 918 1661 οὗτος
931 1594 997 1666 ἦν
1029 1602 1056 1652 ὁ
1083 1598 1395 1669 παραδόξως
1415 1600 1443 1650 6
1468 1597 1540 1669 μὴ
1560 1596 1617 1662 ἐξ
1642 1597 1736 1651 αὐ-

1843 432 1907 469 ea
1937 430 2024 469 res
2045 415 2258 476 lateret,
2291 411 2507 465 etiamsi
2534 409 2758 462 Mariam
2781 404 3051 475 Iosephus
3080 405 3220 460 clam
3247 404 3396 462 dese-

1842 508 2063 570 ruisset,
2095 505 2379 560 commode
2407 503 2632 572 angelus
2654 515 2754 571 per
2796 498 3068 553 somnium
3097 496 3223 552 huic
3246 499 3395 553 obla-

1846 606 1935 652 tus
1962 599 2036 651 ait
2072 616 2084 651 :
2140 614 2157 646 ι
2198 594 2397 663 Ioseph
2436 591 2636 660 Ioseph
2685 589 2759 642 ﬁli
2808 586 3047 650 Davidis,
3203 586 3395 643 timeas

1842 691 2093 759 accipere
2125 687 2346 740 Mariam
2367 684 2647 754 coniugem
2680 690 2826 734 tuam
2854 700 2867 734 :
2894 680 3035 750 quod
3063 679 3204 733 enim
3244 678 3299 732 'm
3331 694 3393 734 ea

1840 791 2027 836 natum
2051 789 2155 843 est,
2184 780 2251 834 de
2275 778 2481 849 Spiritu
2506 786 2695 832 sancto
2723 782 2807 830 est
2830 776 2872 825 ⁸.
2908 792 2926 823 ι
2954 771 3020 825 ΕΙ.
3045 770 3252 827 videsis
3279 777 3338 824 ut
3364 786 3394 823 τι

1842 874 2111 943 principio
2134 872 2302 926 ﬁlium
2336 868 2553 924 Davidis
2577 868 2724 921 hunc
2749 864 3003 935 appellat,
3028 862 3236 917 scilicet
3250 878 3395 916 eum-

1841 964 1961 1017 dem
1994 976 2269 1016 revecans.
2297 960 2363 1013 ad
2405 956 2805 1027 progenitorem
2838 968 2939 1021 ope
2987 952 3134 1005 illius
3175 966 3331 1021 quem
3364 965 3393 1001 a

1841 1053 2064 1107 Davidis
2117 1067 2313 1123 genere
2360 1066 2551 1104 omnes
2598 1044 3007 1115 exspectabant.
3045 1043 3256 1112 Alioqui
3295 1058 3395 1095 cur

1841 1161 1947 1200 non
1990 1160 2114 1200 eum
2145 1143 2333 1198 Iacobi
2366 1141 2533 1195 ﬁlium
2566 1138 2831 1194 dixisset?
2879 1137 2979 1191 llic
3016 1136 3157 1188 enim
3187 1142 3303 1189 erat
3330 1134 3395 1187 il-

1840 1239 1951 1293 lius
1996 1243 2192 1291 natura
2245 1234 2525 1304 proximus
2573 1239 2748 1301 pater,
2803 1237 2940 1283 teste
2993 1228 3321 1297 evangelista
3375 1245 3388 1279 :

1847 1349 1865 1380 ι
1908 1328 2219 1382 Matthanus
2252 1333 2432 1378 autem
2482 1322 2669 1392 genuit
2698 1320 2999 1387 Iacobum;
3028 1318 3264 1373 Iacobus
3296 1335 3394 1375 auo

1839 1427 1946 1473 tem
1994 1417 2180 1487 genuit
2222 1413 2535 1483 Iosephtnn.
2577 1432 2605 1464 ι.
2650 1410 2803 1465 Nunc
2846 1426 2995 1474 vero,
3027 1410 3395 1480 prmtcrmissa

1840 1511 2014 1582 patris
2045 1509 2340 1572 mentione,
2368 1505 2765 1576 progenitorem
2806 1508 3221 1568 commemorat;
3265 1517 3393 1571 pro-

1838 1604 2129 1674 pemodum
2158 1600 2490 1672 signiﬁcans,
2522 1597 2615 1666 qui
2641 1594 2835 1649 Davidi
2862 1595 3165 1665 promissus
3192 1592 3392 1656 fuerat,

170 1695 288 1760 τοῦ,
325 1695 390 1746 ἐκ
412 1693 723 1759 Πνεῦματος
749 1691 804 1743 δὲ
826 1692 980 1759 ἁγίου
1016 1690 1119 1742 ὑπὸ
1138 1690 1237 1759 τῆς
1263 1689 1481 1758 Μαρίας
1510 1687 1735 1759 κυούμε-

1843 1699 1989 1753 hunc
2029 1712 2150 1751 esse
2197 1709 2357 1765 quem
2404 1690 2714 1761 prodigiose
2761 1699 2814 1742 et
2864 1687 2983 1741 sine
3018 1687 3127 1740 ullo
3172 1687 3394 1756 Iosephi

172 1802 280 1848 νος·
320 1786 507 1839 ἔπειτα
533 1785 588 1837 δὲ
606 1783 752 1853 αὑτῴ
778 1784 996 1854 θαρσεῖν
1029 1780 1459 1853 παρακελεύεται
1488 1782 1554 1835 δι’
1581 1782 1639 1836 ὃν
1664 1779 1739 1835 εί-

175 1895 263 1946 χεν
279 1877 466 1945 φόϐον·
502 1878 600 1946 οὐχ
626 1877 654 1927 6
686 1874 863 1945 τυχὼν
894 1873 1003 1944 γὰρ
1026 1873 1185 1941 φόϐος
1205 1868 1271 1943 ἦν
1294 1871 1440 1943 αὑτῴ
1460 1873 1737 1926 συναισθο-

175 1968 321 2037 μὲνῳ
357 1968 433 2037 μὴ
461 1967 518 2033 ἐξ
546 1966 733 2037 ἀνδρὸς
764 1965 1087 2036 κεκυηκέναι
1116 1963 1213 2033 τὴν
1238 1965 1473 2036 Μαρίαν·
1506 1965 1738 2018 κᾶπειτα

170 2059 335 2111 αὐτὸν
363 2058 603 2111 διδάσκει
645 2058 742 2127 οὐχ
772 2057 801 2109 ὃ
831 2058 904 2127 μὴ
944 2056 1146 2126 ἠγνόει,
1190 2056 1325 2109 ἀλλὰ
1359 2055 1451 2107 τοῦ
1481 2056 1583 2109 καὶ
1606 2056 1737 2127 πρό-

166 2166 326 2219 τερον
358 2150 795 2219 γιγνωσκομένου
832 2148 928 2218 τὴν
960 2148 1158 2202 αἰτίαν·
1194 2147 1341 2215 λέγει
1382 2146 1427 2198 δ’
1457 2143 1569 2200 οὖν)
1610 2165 1628 2197 ι
1666 2147 1739 2200 Τὸ

167 2242 274 2312 γάρ
308 2244 367 2295 ἐν
396 2244 532 2314 αὐτῇ
564 2243 835 2314 γεννηθὲν,
868 2244 938 2295 ἐκη
964 2242 1275 2313 Πνεύματός
1296 2245 1439 2295 ἐστιν
1469 2241 1638 2309 ἁγίου.
1678 2260 1695 2291 ι

236 2466 299 2517 ε’,
350 2463 582 2536 Τοιαύτη
629 2482 711 2527 τις
753 2466 846 2519 καὶ
885 2464 1119 2534 τοσαύτη
1160 2464 1406 2533 γενέσθαι
1461 2465 1735 2533 οἰκονομία

171 2558 307 2628 ὑπὲρ
338 2556 433 2609 τοῦ
470 2556 649 2609 λαθεῖν
677 2558 773 2627 τὴν
800 2560 897 2628 τῆς
932 2555 1196 2628 παρθένου
1230 2556 1420 2625 κύησιν
1453 2557 1575 2617 τοὺς
1606 2555 1734 2608 ἀπί-

171 2666 348 2711 στους,
376 2650 443 2702 ἐκ
466 2649 562 2719 τῆς
579 2648 1096 2717 θείαςὺποφαίνεταί
1130 2666 1217 2719 μοι
1247 2648 1481 2719 Γραφῆς·
1513 2646 1735 2718 καὶγὰρ

168 2737 265 2789 οὐκ
308 2737 376 2789 ἂν
427 2736 714 2807 ἐπιστεύθη
748 2738 944 2809 ῥᾳδίως
970 2741 997 2791 ὁ
1023 2739 1179 2806 λόγος
1226 2737 1377 2808 παρὰ
1421 2740 1532 2799 τοῖς
1580 2735 1736 2788 τοῦτο

171 2828 483 2893 ἀκούωσιν,
516 2828 681 2901 ἄνδρα
718 2848 778 2883 τε
805 2830 963 2883 αὑτὸν
987 2831 1114 2900 ἡμῖν
1132 2826 1435 2899 ὁμοιοπαθῆ
1463 2826 1523 2879 τὸ
1555 2825 1732 2896 σῶμα,

169 2924 260 2974 καὶ
281 2921 404 2975 κατ’
436 2921 583 2974 οὐδὲν
618 2922 715 2992 τὴν
748 2920 942 2991 θνητὴν
962 2920 1119 2990 φύσιν
1139 2919 1580 2991 παραλλάττοντα
1600 2918 1733 2971 θεω-

172 3013 385 3080 μένοις·
425 3012 477 3064 τί
514 3011 620 3084 γάρ
668 3013 717 3064 εί
773 3011 864 3064 καὶ
900 3010 1047 3081 μετὰ.
1079 3010 1249 3063 ταῦτα
1299 3007 1734 3080 παραδοξοποιῶν

170 3107 262 3158 καὶ
295 3106 397 3169 τὰς
421 3105 635 3158 ἐνθέους
662 3103 978 3175 εὐεργεσίας
998 3105 1077 3167 είς
1106 3103 1331 3166 πολλοὺς
1356 3103 1608 3157 ἐκτείνων
1650 3101 1737 3167 ἐξ·

169 3199 401 3271 ἐπληττε
436 3199 560 3260 τοὺς
600 3197 867 3269 ἁρῶνταςς
915 3195 1034 3266 οὐχὶ
1073 3195 1129 3247 δὲ
1161 3196 1254 3249 καὶ
1286 3196 1521 3265 Μωῦσῆς
1567 3196 1735 3253 πολλὰ

169 3292 682 3361 θιυματουργήσας,
700 3288 799 3357 τῆς
820 3287 1002 3357 κοινῆς
1026 3287 1173 3358 ὅμως
1189 3287 1450 3354 γενέσεως
1472 3288 1570 3340 οὐκ
1585 3289 1739 3359 ἡμοί-

172 3399 281 3454 ρει;
320 3381 505 3445 Ἠλίας
537 3399 616 3446 τε,
638 3382 730 3435 καὶ
758 3381 1078 3442 Ἐλισσαῖος,
1096 3381 1186 3432 καὶ
1217 3382 1245 3432 6
1276 3378 1460 3442 καθεῖς
1484 3378 1588 3432 τῶν
1608 3398 1738 3450 προ-

170 3472 385 3543 ςητῶν;
422 3474 569 3525 οὐδὲν
603 3468 695 3526 οὖν
728 3472 862 3543 πρὸς
892 3471 953 3523 τὸ
990 3471 1061 3541 μὴ
1097 3471 1155 3535 ἐξ
1214 3471 1401 3541 ἀνδρὸς
1429 3471 1738 3541 νομίζεσθαι

169 3567 255 3618 τὸν
301 3566 509 3635 Ἰησοῦν
548 3568 581 3636 ἡ
613 3565 718 3617 τῶν
758 3562 1055 3635 τεραστίων
1091 3562 1269 3633 ἔργων
1303 3563 1555 3627 ἐπίδειξις
1591 3564 1736 3634 αὑτῷ

173 3657 540 3711 συνεϐάλλετο·
578 3658 771 3709 αὐτίκα
807 3658 856 3708 οί
892 3658 1009 3711 κατ’
1042 3654 1199 3707 αὑτὸν
1232 3654 1338 3706 οὐδ’
1377 3655 1502 3708 ἄλλο
1530 3672 1582 3708 τι
1612 3656 1738 3724 περὶ

174 3751 268 3819 τῆς
314 3748 580 3832 γενέσεως
613 3747 773 3801 αὑτοῦ
824 3745 1233 3817 φανταζόμενοι,
1269 3746 1466 3816 καίπερ
1496 3744 1565 3798 τὰ
1602 3744 1738 3816 δρώ-

180 3857 308 3908 μενα
332 3838 424 3891 ὑπ’
444 3838 603 3891 αὑτοῦ
628 3839 879 3909 ὁρῶντες,
915 3837 1097 3906 ἔλεγον
1125 3837 1258 3906 πρὸς
1283 3833 1558 3903 ἀλλήλους·
1599 3852 1615 3884 ι
1635 3833 1737 3887 Πό-

177 3931 260 3982 θεν
288 3930 465 3999 τούτῳ
499 3932 645 3980 πᾶσα
674 3929 707 3998 ἡ
743 3927 901 3996 σοφία
930 3925 1066 3996 αὕτη
1098 3927 1191 3978 καὶ
1236 3927 1289 3978 αἱ
1316 3923 1599 3993 δυνάμεις;
1639 3923 1738 3992 οὐχ

175 4015 321 4083 051k
340 4023 488 4073 ἐστιν
510 4021 537 4072 6
559 4018 652 4071 τοῦ
692 4020 937 4080 τέκτονος
964 4017 1105 4082 υίός;
1144 4016 1263 4087 οὐχὶ
1296 4017 1328 4086 ή
1366 4016 1545 4085 μήτηρ
1576 4012 1737 4066 αὐτοῦ

175 4111 383 4182 λέγεται
429 4111 648 4179 Magia;
676 4111 767 4163 καὶ
798 4110 847 4161 οί
884 4108 1099 4178 ἀδελφοὶ
1132 4105 1317 4169 αὑτοῦ,
1354 4104 1605 4168 Ἰάκωϐος
1643 4104 1737 4156 καὶ

184 4204 370 4275 Ἰωσὴφ
392 4205 485 4256 καὶ
511 4202 692 4273 Σίμων
718 4203 809 4255 καὶ
841 4201 1072 4266 Ἰούδας;
1108 4201 1199 4252 καὶ
1228 4198 1283 4250 αἱ
1318 4197 1540 4265 ἀδελφαὶ
1572 4194 1735 4249 αὑτοῦ

175 4298 288 4365 οὐχὶ
316 4297 485 4348 πᾶσαι
514 4294 649 4364 πρὸς
680 4294 823 4363 ἡμᾶς
858 4295 962 4345 είσι
988 4310 1002 4358 ;
1042 4311 1058 4342 ι
1100 4291 1207 4344 Καὶ
1238 4288 1423 4343 ἄλλοτε
1450 4288 1608 4342 πάλιν
1636 4286 1737 4357 τῆς

182 4389 376 4460 μητρὸς
392 4387 488 4439 καὶ
510 4386 619 4439 τῶν
644 4384 882 4453 ἀδελφῶν
912 4383 1158 4437 ἑστώτων
1193 4380 1295 4446 ἔξω
1326 4381 1417 4433 καὶ
1434 4380 1735 4452 ζητούντων

178 4480 392 4551 λαλῆσαι
414 4478 584 4550 αὐτῷ,
620 4474 737 4531 εἶπέ
774 4495 855 4541 τις
881 4476 1028 4546 αὐτῷ
1070 4493 1083 4506 ·
1136 4494 1154 4525 ι
1198 4476 1326 4530 Ἰδοὺ
1363 4478 1392 4546 ἡ
1424 4476 1606 4546 μήτηρ
1645 4488 1739 4526 σου

180 4573 270 4625 καὶ
291 4574 337 4625 οἱ
368 4571 585 4640 ἀδελφοί
621 4588 712 4623 σου
739 4572 1030 4641 ἑστήκασιν
1062 4568 1185 4635 ἔξω,
1209 4569 1333 4622 ἰδεῖν
1358 4586 1416 4621 σε
1437 4567 1731 4629 θέλοντες.»

184 4663 287 4716 Καὶ
304 4664 354 4716 τί
390 4663 698 4733 θαυμαστὸν
725 4663 813 4715 ὅτε
846 4663 940 4716 καὶ
962 4664 1008 4713 οἱ
1031 4660 1194 4713 αὑτοῦ
1230 4660 1466 4730 μαθηταὶ
1482 4661 1574 4712 καὶ
1605 4658 1738 4711 ἀπό-

188 4758 350 4811 στολοι
380 4757 765 4829 ἐρωτηθέντες,
794 4776 811 4808 ι
840 4757 969 4809 Τίνα
1015 4773 1079 4825 με
1101 4794 1114 4815 ,
1151 4756 1341 4825 φησὶν,
1376 4756 1423 4806 οἱ
1467 4752 1739 4824 ἄνθρωποι

186 4847 415 4915 λέγουσιν
435 4866 448 4914 ;
476 4868 495 4899 ι
516 4848 897 4918 ἀπεκρίναντο,
915 4848 990 4910 ὡς
1007 4846 1113 4917 ἄρα
1128 4849 1175 4900 oi
1199 4847 1294 4916 μὲν
1312 4846 1559 4915 Ἰωάννην
1579 4842 1736 4897 αὑτὸν

191 4934 315 4992 εἶναι
343 4939 620 5008 ἡγοῦνται,
651 4941 698 4991 οί
730 4938 785 4990 δὲ
829 4938 1036 4999 Ἠλίαν,
1068 4938 1117 4990 οἱ
1151 4938 1247 5007 μὲν
1283 4938 1570 5007 Ἱερεμίαν,
1605 4936 1654 4987 οἱ
1681 4935 1739 4987 δὲ

193 5030 362 5101 ’ἕτερόν
405 5049 528 5085 τινα
573 5030 682 5083 τῶν
748 5030 1057 5101 προφητῶν·
1128 5029 1469 5101 ἐρωτώμενοι
1514 5028 1571 5081 δὲ
1619 5027 1740 5081 τίνα

199 5122 308 5173 ποτέ
333 5125 422 5176 καὶ
459 5125 613 5177 αὐτοὶ
653 5123 808 5186 δόξαν
843 5122 1021 5191 ἔχουσι
1060 5121 1186 5192 περὶ
1220 5120 1407 5183 αὑτοῦ,
1447 5122 1496 5172 οἱ
1541 5118 1739 5180 πάντες

194 5210 458 5283 ἀπεσιὼπη
468 5230 587 5273 σαν,
610 5211 684 5275 ὡς
710 5212 806 5264 οὐκ
829 5211 1245 5281 ἕχοντεςείπεῖν·
1268 5208 1427 5278 μόνου
1451 5208 1506 5260 δὲ
1532 5207 1736 5278 Πέτρου

196 5302 457 5369 φήσαντος,
488 5304 563 5366 ὡς
588 5303 693 5374 ἄρα
714 5303 875 5365 αὐτὸς
890 5303 973 5371 εἴη
993 5305 1020 5353 ὁ
1038 5301 1265 5373 Χριστὸς
1290 5302 1317 5352 6
1348 5300 1473 5362 Υἱὸς
1490 5296 1583 5350 τοῦ
1600 5294 1733 5349 Θεοῦ

189 5390 271 5444 τοῦ
301 5393 515 5458 ζῶντος,
554 5395 646 5446 ἅτε
679 5395 822 5462 μόνῳ
864 5392 1008 5461 αὐτῷ
1039 5391 1194 5444 τοῦτο
1224 5388 1516 5458 γνωσθέντι
1548 5384 1738 5452 ἐπιφέ-

195 5501 263 5555 ρει
282 5485 447 5553 ὶέγων
466 5503 479 5515 ·
514 5505 532 5536 ι
555 5485 838 5555 Μακάριος
861 5481 937 5535 ei.
970 5484 1149 5537 Σίιιων
1179 5481 1282 5551 βὰρ
1298 5482 1468 5542 Ἰωνᾶ,
1485 5480 1564 5532 ὅτι
1601 5474 1737 5547 σὰρξ

254 5644 270 5673 ¹
308 5641 489 5699 Matth.
529 5659 565 5714 ι,
594 5644 685 5703 20.

848 5638 868 5670 ³
906 5636 1092 5693 Matth.
1129 5651 1239 5702 xu,
1278 5634 1362 5691 47.
1440 5636 1460 5666 ⁵
1501 5632 1692 5688 Matth.
1731 5647 1851 5695 xvn,
1896 5629 1979 5683 l5.

1841 1789 2035 1853 oﬁicio,
2086 1788 2182 1844 sed
2214 1788 2280 1840 de
2327 1784 2533 1853 Spiritu
2584 1790 2774 1837 sancto
2832 1779 2999 1834 Maria
3051 1788 3392 1848 conceperat.

1840 1880 2047 1937 Deinde
2088 1894 2210 1935 eum
2242 1877 2397 1947 jubet
2448 1858 2721 1936 timorem,
2775 1888 2884 1942 quo
2927 1877 3212 1939 correptus
3250 1876 3389 1931 erat,

1838 1971 2130 2026 dimittere.
2164 1967 2281 2022 Non
2312 1966 2456 2022 enim
2489 1966 2543 2019 in
2574 1962 2836 2019 mediocri
2869 1960 3185 2015 versabatur
3208 1957 3394 2011 formi-

1838 2064 1985 2123 dine,
2040 2061 2169 2116 dum
2220 2066 2501 2128 reputaret
2527 2054 2672 2109 haud
2701 2069 2765 2107 ex
2794 2052 2914 2105 viro
2954 2048 3231 2120 gravidam
3272 2061 3394 2104 esse

1839 2151 2085 2206 Mariam.
2111 2150 2247 2203 Exin
2268 2146 2516 2202 eumdem
2541 2145 2700 2198 docet
2722 2158 2831 2196 non
2862 2139 3002 2211 quod
3037 2154 3146 2193 non
3178 2140 3396 2208 ignora-

1838 2244 1951 2307 bat,
1975 2241 2071 2297 sed
2100 2238 2411 2310 prmcognili
2444 2250 2687 2291 causam.
2720 2232 2810 2286 Ait
2854 2233 3018 2303 igitur
3047 2250 3059 2284 :
3100 2248 3119 2281 ι
3155 2229 3311 2297 Quod
3338 2231 3394 2285 in

1837 2350 1899 2389 ea
1921 2341 2106 2388 natum
2136 2341 2237 2396 est,
2267 2330 2333 2384 de
2358 2327 2563 2399 Spiritu
2589 2334 2774 2381 sancto
2795 2331 2898 2380 est.
2932 2341 2950 2375 ι

1908 2446 1961 2501 3.
2002 2444 2132 2500 Tale
2170 2443 2305 2499 mihi
2354 2450 2671 2510 tantumque
2700 2440 2957 2508 agitatum
3001 2433 3293 2489 consilium
3322 2447 3405 2487 ex.

1837 2538 2036 2595 divinis
2058 2537 2255 2590 litteris
2281 2542 2522 2604 apparet,
2543 2541 2763 2603 pr0pter
2809 2528 3193 2584 occultandum
3220 2526 3409 2580 inerte.—

1837 2631 1981 2687 dulis
2009 2636 2332 2697 conceptum
2358 2626 2602 2696 virginis.
2639 2622 2826 2693 Neque
2857 2623 3001 2676 enim
3026 2620 3184 2675 facile
3213 2618 3406 2673 credi-

1836 2721 1947 2777 turi
1990 2727 2169 2783 erant,
2224 2717 2318 2788 qui
2372 2730 2673 2772 sermonem
2719 2711 2988 2783 ejusmodi
3046 2711 3296 2765 audirent
3325 2709 3393 2763 de

1835 2812 2057 2869 homine
2078 2811 2216 2866 mira
2239 2817 2571 2871 narrantem,
2602 2820 2761 2876 quem
2791 2819 2942 2874 aeque
2971 2818 3034 2858 ac
3057 2817 3159 2857 nos
3182 2802 3397 2856 inﬁrmo

1837 2919 2066 2976 corpore
2104 2909 2408 2970 naturaque
2434 2899 2580 2953 haud
2610 2896 2863 2953 dissimili
2904 2894 3192 2966 praeditum
3243 2892 3396 2947 vide-

1837 3008 1977 3054 rent.
2009 2995 2191 3073 Quid?
2215 2994 2427 3051 etiamsi
2448 2992 2706 3061 deinceps
2729 2986 2889 3045 Iesus
2915 2986 3175 3041 miracula
3203 2985 3392 3046 edens,

1764 3087 1804 3143 C
1838 3088 2189 3158 divinumque
2215 3078 2326 3142 vim
2355 3082 2654 3141 beneﬁcam
2682 3095 2809 3152 erga
2841 3078 3043 3134 multos
3070 3091 3393 3146 erpromens

1840 3181 2069 3253 percth
2095 3178 2435 3236 cernentium
2487 3175 2729 3239 animos;
2780 3187 2961 3227 nonne
3008 3170 3241 3241 Moyses,
3295 3167 3393 3237 qui

1840 3278 2008 3331 multa
2041 3273 2176 3327 mira
2209 3270 2357 3333 feeit,
2390 3276 2570 3323 tamen
2604 3264 2909 3320 communis
2942 3261 3240 3319 nativitatis
3272 3275 3395 3329 par-

1844 3370 2017 3437 tieeps
2060 3364 2207 3419 fuit?
2263 3363 2500 3430 itemque
2545 3356 2693 3410 Elias
2733 3363 2895 3425 atque
2937 3354 3183 3415 Eliszens,
3236 3359 3397 3420 atque

1840 3459 2114 3531 pr0phetaa
2135 3453 2371 3525 singuli?
2391 3450 2533 3506 Nihil
2558 3450 2725 3519 igitur
2749 3448 3003 3517 proderat
3025 3443 3396 3516 prodigiorum

1838 3550 2027 3613 editio,
2079 3545 2372 3617 quominus
2415 3540 2576 3595 Iesus
2626 3538 2939 3593 crederetur
2992 3538 3110 3590 viro
3160 3534 3394 3606 genitus.

1844 3644 2052 3712 Beapse
2097 3638 2347 3694 homines
2398 3634 2543 3689 illius
2576 3632 2776 3693 aetatis,
2828 3630 2960 3684 nihil
2997 3628 3277 3682 insolitum
3332 3627 3400 3682 de

1840 3734 2123 3791 nativitate
2170 3730 2293 3799 ejus
2349 3725 2735 3794 suspicantes,
2786 3732 3094 3791 quanquam
3149 3716 3396 3786 ejusdem

1841 3828 1983 3881 facta
2007 3822 2364 3893 aspiciebant,
2393 3819 2468 3871 ita
2491 3813 2941 3884 colloquebantur
2978 3828 2992 3864 :
3030 3829 3047 3861 ι
3083 3808 3237 3864 Unde
3269 3808 3399 3862 huic

1840 3919 2018 3974 oumis
2048 3912 2314 3985 sapientia
2342 3912 2457 3965 haec
2487 3915 2541 3962 et
2569 3903 2838 3960 virtutes?
2874 3917 3053 3958 nonne
3086 3902 3173 3954 hic
3203 3906 3287 3955 est
3317 3898 3401 3952 fa-

1838 4010 1923 4066 bri
1956 4007 2136 4064 ﬁlius?
2160 4018 2342 4059 nonne
2367 4009 2542 4055 mater
2582 3999 2703 4068 ejus
2734 3995 2937 4051 dicitur
2972 3991 3176 4057 Maria;
3208 3998 3263 4045 et
3289 3990 3395 4043 fra-

1839 4109 1951 4155 tres
1983 4097 2104 4168 ejus
2128 4092 2365 4148 Iacobus
2408 4098 2462 4147 et
2494 4088 2764 4159 Iosephus
2789 4093 2843 4140 et
2875 4082 3062 4136 Simon
3090 4088 3144 4135 et
3185 4078 3399 4133 Iudas?

1839 4193 2077 4260 itemque
2107 4201 2327 4243 sorores
2349 4185 2468 4256 ejus
2496 4197 2673 4237 nonne
2688 4192 2879 4235 omnes
2901 4173 3043 4245 apud
3068 4189 3166 4229 nos
3185 4173 3346 4227 sunt?
3374 4191 3392 4223 ι

1842 4286 2056 4339 ltursus
2085 4282 2221 4335 alias
2246 4286 2421 4333 matre
2449 4277 2569 4347 ejus
2602 4271 2969 4339 fratribusque
2992 4274 3149 4322 extra
3180 4262 3399 4320 concio-

1840 4390 1961 4431 nem
1994 4372 2286 4435 stantibus,
2341 4383 2465 4423 cum
2517 4380 2689 4435 eoque
2730 4362 2880 4432 loqui
2931 4357 3263 4421 volentibus,
3324 4355 3411 4409 ait:

1842 4464 2063 4537 quidam
2096 4483 2112 4519 :
2159 4480 2177 4513 ι
2217 4461 2297 4515 En
2325 4473 2522 4531 parens
2564 4464 2657 4511 tua
2685 4453 2992 4523 fratresque
3020 4452 3098 4504 tui
3138 4448 3272 4502 foris
3305 4446 3403 4501 ad-

1841 4567 1993 4626 sunt,
2019 4565 2183 4627 teque
2215 4555 2393 4609 visere
2447 4548 2734 4620 eupiunt'.
2768 4566 2788 4599 ι
2822 4544 2932 4600 Nec
2960 4543 3199 4607 mirum;
3237 4539 3403 4611 siqui-

1842 4652 1965 4707 dem
2013 4650 2176 4705 etiam
2230 4641 2485 4715 discipuli
2540 4650 2702 4711 atque
2752 4639 2984 4709 apostoli
3036 4634 3211 4706 rogati
3240 4634 3413 4688 abeo

1841 4759 2003 4816 quem
2047 4758 2106 4798 se
2151 4754 2273 4795 esse
2315 4735 2566 4791 homines
2617 4734 2883 4797 dicerent,
2931 4727 3334 4798 responderunt
3384 4743 3407 4778 ζ

1848 4814 1875 4892 .’
1908 4838 2044 4893 Aliis
2068 4849 2193 4891 eum
2218 4830 2390 4886 videri
2413 4826 2698 4889 Joannem,
2723 4824 2846 4877 aliis
2866 4821 3057 4883 Etiam,
3091 4818 3214 4872 aliis
3250 4814 3403 4870 Iere-

1844 4927 2031 4988 miam,
2063 4924 2183 4978 aliis
2219 4920 2385 4974 alium
2418 4919 2486 4973 de
2513 4913 2794 4988 prophetis
2818 4914 2863 4965 δ.
2905 4929 2923 4962 ι
2958 4908 3279 4975 Rursusque
3310 4919 3403 4957 ro-

1843 5013 1952 5083 gati
1984 5025 2145 5081 quem
2179 5008 2358 5078 etipsi
2388 5021 2448 5061 se
2476 5020 2599 5060 esse
2629 5006 2906 5072 putarent,
2929 4997 3162 5053 silebant
3191 4993 3411 5061 cuncti,

1842 5103 1979 5160 nihil
2012 5102 2195 5157 dicere
2251 5100 2515 5153 habentes
2562 5115 2577 5149 :
2629 5107 2879 5163 unusque
2923 5088 3118 5143 Petrus
3149 5086 3245 5148 ait.
3276 5100 3399 5139 eum

1841 5214 1965 5253 esse
1986 5195 2268 5252 Christum
2298 5191 2394 5247 Dei
2432 5189 2666 5245 viventis
2694 5184 2919 5240 Filium.
2944 5182 3154 5249 Quippe
3187 5186 3240 5233 et
3273 5177 3401 5230 huic

1842 5290 1960 5351 nni,
1999 5296 2257 5355 tanquam
2288 5283 2363 5337 rei
2386 5281 2633 5343 conscio,
2664 5273 2948 5347 respondit
2979 5270 3142 5327 Iesus
3173 5290 3185 5324 :
3219 5289 3237 5319 ι
3270 5269 3404 5322 Bea-

1843 5389 1932 5434 tus
1965 5395 2045 5441 es,
2077 5376 2263 5430 Simon
2290 5374 2579 5435 bar-Iona,
2611 5372 2737 5441 quia
2772 5383 2905 5423 caro
2946 5374 2999 5422 et
3029 5362 3253 5435 sanguis
3292 5376 3401 5414 non

1846 5469 2103 5527 revelavit
2132 5468 2251 5532 tibi,
2285 5465 2381 5521 sed
2402 5464 2566 5519 Pater
2593 5477 2746 5518 meus
2768 5461 2863 5529 qui
2892 5460 2946 5513 in
2977 5456 3131 5513 caalis
3169 5462 3252 5510 est
3287 5453 3328 5508 '.
3375 5472 3395 5505 ι

2055 5628 2074 5658 ⁸
2121 5624 2306 5689 Matth.
2348 5636 2435 5676 xvt
2464 5661 2476 5684 ,
2518 5621 2604 5677 17.
