3936 6208
512 204 619 261 887

1166 203 1436 262 EUSEBH
1473 203 1958 262 CASSARIENSIS
1993 202 2144 280 OPP.
2186 202 2365 261 PARS
2404 203 2492 260 lll.
2520 236 2586 245 —
2625 203 3034 272 EXEGETICA.

507 321 689 381 Testis
723 325 850 380 item
887 323 1077 389 Maria,
1111 337 1170 379 se
1195 325 1434 400 cogitatu
1456 332 1671 382 secreto
1702 325 1848 398 apud
1875 341 1935 389 se
1954 340 2046 395 qua

2151 377 2152 384 η
2181 324 2274 377 καὶ
2305 320 2444 396 αἷμα
2474 326 2574 378 οὐκ
2599 324 2910 394 ἀπεκάλυψέ
2939 342 3042 388 σοι,
3079 324 3187 377 ἀλλ’
3217 327 3245 382 ὁ
3283 325 3476 396 Πατήρ
3507 341 3614 395 μου
3647 325 3678 376 ὁ
3702 327 3764 377 ἐν

505 427 655 487 gesta
697 416 912 471 fuerant
944 417 1304 474 continuisse.
1357 417 1450 473 Ait
1497 419 1681 487 itaque
1717 417 2001 489 Scriptura
2051 437 2066 474 :

511 529 534 560 ι
574 508 742 564 Maria
774 518 955 565 autem
987 512 1355 568 conservabat
1387 513 1568 568 omnia
1593 512 1758 568 verba
1789 512 1905 568 haec
1936 527 2070 568 con-

505 607 683 660 ferens
709 603 765 656 in
787 602 950 658 corde
979 618 1081 657 suo
1104 605 1144 656 ⁶.
1187 625 1204 656 ι

571 779 626 832 6.
672 776 846 849 lgitur
873 777 1309 848 demonstratum
1337 791 1443 849 est,
1474 782 1684 837 utiliter
1713 797 1811 854 per
1839 783 1894 838 id
1924 791 2065 838 tem-

502 886 605 942 pus
625 871 1043 941 conceptionem
1066 871 1195 928 Jesu
1225 872 1292 928 de
1315 881 1507 932 sancto
1540 867 1749 944 Spiritu
1787 873 1928 944 apud
1947 875 2066 929 vul-

497 978 599 1032 gus
626 961 794 1017 fuisse
821 963 1073 1018 celatam.
1110 963 1378 1036 Josephus
1408 973 1586 1021 autem
1621 965 1675 1019 in
1716 966 1956 1035 parentis
1979 966 2064 1019 lo-

497 1069 623 1108 cum
654 1063 974 1124 assumptus
1009 1063 1113 1119 est,
1151 1057 1226 1110 ita
1275 1065 1334 1111 ut
1388 1059 1584 1114 merito
1615 1066 1876 1130 tanquam
1909 1062 2064 1130 pueri

497 1148 711 1217 genitor
747 1147 802 1201 in
838 1148 1155 1220 genealogia
1213 1158 1532 1218 poneretur.
1600 1151 1660 1205 ld
1709 1153 1814 1208 nisi
1875 1151 2060 1216 ﬁebat,

495 1237 652 1291 nullo
708 1245 934 1308 parente
964 1248 1282 1294 censeretur
1314 1257 1469 1311 puer,
1511 1241 1673 1311 cujus
1715 1251 1946 1298 stemma
1993 1243 2062 1298 ab

496 1330 592 1386 illo
630 1346 738 1385 non
768 1332 1164 1387 deduceretur:
1211 1349 1332 1403 qua:
1361 1349 1449 1389 res
1480 1334 1535 1388 in
1562 1334 1894 1404 impietatem
1927 1336 2062 1389 mul-

494 1431 582 1481 tos
621 1424 999 1493 pertraxisset,
1037 1425 1082 1479 si
1135 1425 1206 1480 ob
1253 1426 1332 1481 rei
1384 1441 1526 1482 vera:
1567 1427 1957 1498 ignorantiam,
1993 1427 2062 1487 de

493 1515 771 1570 natalibus
819 1515 940 1584 ejus
977 1517 1122 1576 haud
1183 1516 1413 1573 honeste
1481 1520 1771 1578 sentirent.
1839 1519 2060 1578 Utiliter

493 1607 678 1676 itaque
705 1617 758 1662 et
789 1606 927 1662 fabri
959 1607 1604 1680 filius,etappellatorum
1629 1613 1864 1668 filiorum
1887 1613 2059 1672 frater

492 1697 707 1752 habitus
736 1707 838 1753 est.
894 1697 1206 1768 thuidem
1262 1702 1379 1772 ipse
1419 1703 1562 1758 Deus
1621 1702 1859 1760 Verbum
1908 1706 2054 1765 haud

490 1805 549 1842 se
580 1790 849 1846 hominem
893 1806 1016 1848 esse
1067 1793 1329 1862 negabat:
1385 1795 1495 1850 imo
1536 1795 1823 1867 discipulis
1861 1799 2054 1868 praeci-

489 1879 690 1948 piebat,
727 1897 797 1937 ne
847 1885 937 1937 cui
989 1883 1235 1939 dicerent
1264 1901 1390 1944 eum
1446 1903 1506 1945 se
1549 1903 1693 1953 esse,
1728 1905 1889 1960 quem
1927 1906 2055 1962 pro—

487 1972 663 2039 pheta
699 1983 992 2029 venturum
1039 1977 1378 2042 cecinerant,
1417 1987 1642 2035 unctum
1676 1980 1846 2038 Dei”:
1879 2000 2054 2055 neque

487 2061 633 2116 enim
665 2062 826 2119 ﬁdem
858 2066 1102 2136 plerique
1139 2078 1294 2124 erant
1323 2073 1650 2141 arrogaturi,
1679 2073 1770 2142 qui
1802 2089 1925 2129 eum
1952 2075 2055 2130 hu-

487 2153 602 2208 mili
637 2154 887 2211 indutum
947 2159 1130 2228 specie
1185 2159 1462 2214 videbant.
1532 2160 1624 2216 Sic
1665 2163 1719 2216 in
1761 2165 1851 2219 illa
1885 2166 2051 2222 etiam

486 2255 750 2301 montana
781 2248 1266 2324 transfiguratione
1294 2267 1513 2307 rursum
1562 2256 1840 2312 mandavit
1885 2257 2052 2312 disci-

409 2337 424 2352 ’
487 2337 632 2408 pulis
681 2346 740 2392 ut
766 2338 945 2398 visum
975 2340 1180 2395 nemini
1221 2341 1487 2409 dicerent,
1537 2344 1711 2401 donec
1746 2345 1916 2402 Filius
1949 2349 2050 2405 ho-

486 2428 652 2483 minis
701 2442 731 2482 a
792 2429 1030 2484 mortuis
1102 2441 1417 2504 resurgeret
1441 2433 1484 2488 ⁸.
1553 2434 1792 2492 Pronum
1851 2440 2052 2509 quippe

481 2527 601 2573 erat
637 2529 695 2574 ut
732 2520 888 2575 multi
913 2519 982 2574 de
1010 2523 1302 2578 coaetaneis
1329 2539 1396 2579 ne
1426 2524 1480 2578 id
1527 2525 1744 2595 quidem
1785 2528 1887 2586 sibi
1929 2544 2051 2598 per—

484 2612 703 2667 suaderi
737 2621 1074 2682 paterentur.
1134 2614 1293 2682 Quod
1325 2616 1372 2670 si
1409 2616 1523 2671 haec
1549 2633 1660 2674 non
1689 2620 1902 2686 putavit
1931 2622 2050 2676 vul-

489 2705 692 2775 ganda,
751 2706 925 2759 multo
981 2708 1158 2778 magis
1191 2709 1435 2778 oportuit
1485 2711 1688 2765 natalia
1731 2713 1798 2766 de
1841 2713 2052 2783 virgine

483 2808 616 2852 tunc
647 2797 702 2852 in
731 2799 935 2868 populo
966 2799 1185 2866 reticeri
1203 2818 1217 2855 :
1236 2817 1357 2871 quae
1381 2802 1670 2857 commodo
1691 2802 1886 2861 deinde
1909 2813 2048 2860 tem-

482 2906 615 2962 pore
671 2907 888 2945 omnem
938 2891 1005 2956 de
1067 2908 1132 2948 eo
1177 2895 1462 2949 veritatem
1523 2904 1682 2954 erant
1733 2905 2045 2956 ostensura.

489 2981 733 3055 Tempus
773 2992 955 3040 autem
1011 2987 1358 3042 commodum
1418 2986 1660 3042 futurum
1715 2998 1854 3056 erat,
1922 3007 2114 3072 cumc

479 3076 598 3146 ipse
630 3091 659 3130 a
692 3077 927 3132 mortuis
973 3089 1305 3150 resurgeret,
1345 3090 1400 3135 et
1445 3095 1571 3135 cum
1603 3081 1658 3136 in
1701 3083 1898 3139 caalum
1952 3100 2044 3141 as-

483 3177 810 3236 sumeretur,
839 3177 894 3226 et
927 3185 1053 3226 cum
1085 3173 1273 3228 orbem
1305 3181 1578 3229 terrarum
1611 3175 1754 3231 fama
1784 3178 1904 3248 ejus
1925 3189 2045 3234 tan-

480 3279 646 3334 quam
677 3262 770 3318 Dei
807 3262 974 3318 Verbi
1009 3265 1369 3333 pervaderet;
1419 3283 1543 3321 cum
1588 3268 1824 3340 denique
1855 3279 2042 3342 gentes

475 3365 828 3422 vocarentur,
876 3372 939 3412 ae
983 3357 1166 3412 divina
1203 3359 1352 3415 illius
1401 3363 1626 3416 oracula
1658 3363 1863 3419 exitum
1904 3381 2040 3420 nan-

474 3448 838 3515 ciscerentur;
867 3463 1052 3503 rerum
1102 3449 1314 3506 scilicet
1345 3462 1543 3507 eventu
1588 3455 1868 3524 praesagiis
1893 3458 2043 3527 ejus-

475 3538 599 3592 dem
662 3554 726 3593 ac
776 3539 1222 3609 praedictionibus
1283 3540 1442 3600 fidem
1492 3543 1835 3615 perSpicuam
1903 3545 2042 3614 adji-

472 3631 673 3683 ciente.

547 3719 596 3792 7.
637 3719 816 3790 Atque
855 3722 996 3790 apud
1041 3732 1241 3778 nostra:
1277 3724 1498 3793 quidem
1541 3726 1719 3781 relatis
1767 3727 2036 3794 homines,

472 3811 568 3881 qui
603 3828 784 3868 rerum
823 3813 982 3867 fidem
1024 3829 1053 3866 a
1102 3814 1404 3882 majoribus
1445 3824 1794 3886 acceperunt,
1837 3819 2040 3888 quique

471 3903 678 3959 Christi
725 3906 1097 3961 conditionem
1147 3908 1270 3980 plus
1316 3921 1479 3976 quam
1534 3908 1821 3963 mortalem
1867 3909 2039 3970 fuisse

472 3997 680 4060 sciunt,
733 3997 942 4066 reliqua
976 4013 1194 4068 quoque
1233 3999 1430 4053 merito
1467 4000 1534 4053 'in
1583 3999 1838 4066 confesso
1885 4011 2034 4066 sunt,

471 4071 686 4143 nedum
716 4087 1017 4142 nativitatis
1053 4088 1398 4158 mysterium:
1424 4097 1790 4144 verumtamen
1849 4092 2037 4163 inclyti

470 4179 820 4249 evangelista:
856 4181 1171 4236 necessario
1206 4188 1339 4242 tunc
1375 4178 1672 4250 Josephum
1731 4183 1787 4236 in
1835 4200 2034 4254 genea-

469 4271 614 4339 logia
665 4279 989 4342 posuerunt,
1039 4276 1132 4342 qui
1179 4273 1436 4327 videlicet
1479 4273 1549 4327 ab
1595 4274 1850 4331 omnibus
1903 4276 2033 4334 Jesu

2176 418 2288 480 τοῖς
2315 417 2578 487 οὐρανοῖς.
2614 435 2634 469 ι
2667 417 2952 489 Μαρτυρεῖ
2978 416 3038 471 δὲ
3069 417 3162 470 καὶ
3190 418 3224 487 ή
3256 418 3445 487 Μαρία
3479 416 3639 486 βαθεῖ
3667 418 3760 470 λο-

2173 506 2358 578 γισμῷ
2413 509 2544 578 παρ’
2587 509 2754 580 ἑαυτῇ
2798 507 3045 578 κατέχειν
3088 508 3158 562 τὰ
3210 509 3574 579 γεγενημένα·
3617 510 3758 579 φησὶ

2170 597 2301 666 γοῦν
2334 600 2366 669 ἡ
2401 599 2652 670 Γραφή⁶·
2683 618 2704 652 ι
2745 601 2810 652 Ἢ
2841 599 2899 656 δὲ
2931 600 3118 672 Μαρία
3151 601 3328 654 πάντα
3366 602 3655 671 συνετήρει
3681 601 3756 654 τά

2172 689 2390 758 ῥήματα
2427 688 2598 742 ταῦτα
2629 689 3012 760 συμϐάλλουσα
3031 692 3088 744 ἐν
3117 693 3182 761 τῇ
3209 690 3406 762 καρδίᾳ
3431 691 3624 762 αὐτῆς.
3657 710 3678 742 ι

2240 787 2313 845 ς’.
2347 779 2556 834 Οὐκοῦν
2582 781 2958 838 ἀποδέδεικται
2994 783 3075 836 ὃτι
3114 782 3400 853 χρησίμως
3423 785 3544 836 κατ’
3568 785 3755 838 ἐκεῖνο

2167 870 2381 942 καιροῦ,
2411 873 2444 944 ἡ
2472 873 2568 942 μὲν
2595 872 2654 937 ἐξ
2681 873 2836 941 ἁγίου
2860 873 3173 945 Πνεύματος
3196 875 3291 928 τοῦ
3324 874 3499 946 Ἰησοῦ
3530 876 3754 942 γένεσις

2166 961 2319 1034 παρά
2349 966 2462 1026 τοῖς
2491 963 2703 1028 πολλοῖς
2735 965 3106 1031 ἀπσιωπᾶτο,
3129 969 3158 1020 ὁ
3182 965 3239 1018 δὲ
3280 966 3476 1038 Ἰωσὴφ
3506 969 3563 1020 ὲν
3591 966 3752 1039 χώρᾳ

2165 1057 2371 1126 πατρὸς
2411 1056 2888 1127 παρελαμὸάνετοο
2923 1059 3146 1122 εἰκότως
3200 1053 3292 1112 οὖν
3343 1061 3372 1112 ό
3416 1061 3608 1131 πατὴρ
3651 1058 3746 1113 τοῦ

2164 1147 2354 1211 παιδὸς
2383 1149 2814 1217 ὲγενεαλογεῖτοο
2859 1151 2906 1202 εἰ
2951 1150 3008 1204 δὲ
3040 1146 3134 1204 οὖν
3173 1152 3248 1223 μὴ
3277 1151 3431 1204 τοῦτο
3475 1152 3744 1221 ἐγεγόνει,

2163 1239 2392 1312 ἀπάτωρ
2426 1241 2491 1294 ἂν
2516 1240 2773 1314 ἐνομίσθη
2805 1243 2834 1294 ό
2866 1245 2994 1307 παῖς
3027 1245 3100 1314 μὴ
3145 1245 3209 1297 ὲκ
3251 1245 3456 1316 πατρὸς
3491 1246 3750 1312 γενεαλο-

2162 1332 2458 1403 γούμενος·
2506 1333 2663 1388 τοῦτο
2710 1333 2767 1387 δὲ
2815 1336 2897 1397 εἰς
2943 1335 3194 1389 ἀσέϐειαν
3245 1337 3452 1406 ἢγαγεν
3502 1337 3570 1389 ἀν
3619 1337 3749 1400 τοὺς

2162 1425 2407 1490 πολλοὺς,
2433 1426 2482 1479 οἳ
2510 1426 2576 1480 δι’
2606 1425 2824 1494 ἄγνοιαν
2850 1426 2949 1496 τῆς
2979 1427 3107 1498 περὶ
3133 1429 3192 1480 τὸ
3217 1430 3449 1498 πρᾶγμα
3482 1428 3746 1498 ἀληθείας

2160 1513 2500 1585 ὲδυσφήμουν
2525 1514 2624 1586 τὴν
2655 1515 2866 1584 γένεσιν
2886 1532 2898 1544 ·
2938 1515 3220 1588 χρησίμως
3245 1513 3337 1570 οὖν
3383 1517 3483 1570 καὶ
3523 1517 3624 1570 τοῦ
3653 1518 3744 1572 τέν-

2160 1622 2347 1669 κτονος
2381 1606 2537 1677 (υἱὸς)
2569 1606 2664 1659 καὶ
2697 1606 2803 1659 τῶν
2834 1605 3237 1678 ὠνομασμένων
3269 1607 3476 1661 τέκνων
3511 1608 3744 1677 ἀδελφὸς

2090 1675 2130 1728 Β
2158 1675 2551 1766 ἐχρημάτιζεν·
2606 1695 2727 1748 ἐπεὶ
2782 1697 2876 1749 καὶ
2924 1675 3257 1765 ΘεὸςΛόγος
3288 1696 3383 1762 ὢν,
3415 1699 3520 1751 οὒκ
3557 1675 3747 1771 ἀπήρ-

2157 1789 2299 1839 νεῖτο
2330 1786 2519 1839 ἑαυτὸν
2555 1781 2694 1841 εἶναι
2733 1786 3036 1858 ἄνθρωπον,
3070 1788 3204 1842 ἀλλὰ
3246 1789 3340 1843 καὶ
3387 1790 3744 1861 παρήγγελλε

2155 1881 2266 1942 τοῖς
2320 1877 2508 1932 ἑαυτοῦ
2547 1878 2814 1950 μαθηταῖς
2853 1881 2937 1933 ἵνα
2972 1881 3160 1953 μηδενὶ
3184 1883 3427 1946 εἴπωσιν,
3456 1883 3536 1935 ὅτι
3569 1884 3745 1946 αὐτὸς

2155 1969 2241 2039 εἴη
2284 1970 2312 2023 ό
2360 1968 2524 2024 πάλαι
2566 1969 2701 2042 πρὸς
2733 1972 2841 2024 τῶν
2886 1973 3179 2043 προφητῶν
3215 1973 3368 2043 ἥξειν
3401 1972 3686 2044 βοώμενος
3713 1979 3745 2029 ό

2153 2062 2386 2133 Χριστὸς
2401 2061 2492 2115 τοῦ
2521 2062 2677 2118 Θεοῦ·
2707 2063 2766 2116 οὐ
2797 2063 2905 2136 γὰρ
2949 2063 3016 2118 ἂν
3042 2065 3162 2118 οὐδὲ
3191 2065 3515 2120 ἐπίστευσαν
3532 2069 3585 2120 οἱ
3609 2068 3741 2122 πολ-

2154 2154 2236 2208 λοὶ
2265 2155 2372 2210 τῶν
2417 2154 2537 2208 τότε
2587 2155 2872 2226 θεωμένων
2917 2159 3079 2212 αὑτὸν
3107 2158 3318 2222 εὐτελὲς
3349 2161 3539 2230 σχῆμα
3583 2177 3745 2231 περι-

2155 2247 2514 2318 ϐεϐλημένονο
2545 2247 2686 2304 οὕτω
2717 2248 2774 2302 δὲ
2802 2250 2896 2302 καὶ
2939 2251 3031 2303 ὲπῗι
3074 2250 3170 2321 τῆς
3203 2252 3262 2304 ὲν
3305 2251 3382 2320 τῷ
3419 2251 3540 2321 δρει
3573 2270 3740 2322 μετα-

2157 2339 2489 2411 μορφώσεως
2515 2341 2814 2396 ἐνετείλατο
2866 2341 3027 2396 πάλιν
3073 2345 3184 2406 τοῖς
3223 2342 3414 2402 ἑαυτοῦ
3464 2344 3739 2415 μαθηταῖς

2153 2430 2354 2499 λέγων·
2387 2448 2405 2482 ι
2442 2431 2646 2502 Μηδενὶ
2689 2433 2884 2503 εἴπητε
2898 2431 2958 2485 τὸ
2982 2433 3162 2503 ὅραμα
3193 2432 3295 2496 ἓως
3322 2426 3383 2486 οὗ
3415 2436 3446 2486 ὁ
3481 2434 3616 2498 Υἱὸς
3643 2434 3737 2488 τοῦ

2153 2521 2437 2592 ἀνθρώπου
2454 2523 2517 2575 ὲκ
2533 2525 2740 2594 νεκρῶν
2765 2526 2970 2595 ἀναστῇ
2990 2541 3004 2554 δ
3046 2545 3064 2577 ι
3098 2525 3242 2588 εἰκὸς
3267 2525 3377 2596 γὰρ
3406 2525 3550 2596 μηδὲ
3581 2526 3739 2580 τοῦτο

2153 2614 2435 2668 πιστεῦσαι
2462 2613 2570 2670 τῶν
2600 2615 2718 2668 τότε
2746 2616 2871 2679 τοὺς
2904 2615 3157 2680 πολλούς’
3187 2617 3234 2668 εἰ
3264 2616 3318 2669 δὲ
3345 2615 3522 2670 ταῦτα
3553 2617 3632 2687 μὴ
3661 2618 3738 2681 εἰς

2153 2703 2382 2776 φανερὸν
2407 2706 2561 2776 ἥκειν
2592 2705 2822 2776 ἔκρινεν,
2852 2702 2887 2778 ἦ
2915 2706 3016 2760 πού
3052 2725 3113 2776 γε
3137 2707 3204 2760 τὰ
3236 2708 3336 2778 τῆς
3363 2709 3428 2760 ἐκ
3456 2709 3738 2781 παρθένου

2151 2798 2415 2864 γενέσεως
2475 2799 2891 2852 ἀποσιωπᾶσθαι
2934 2799 2994 2852 τὸ
3043 2800 3339 2871 τηνικαῦτα
3403 2802 3566 2873 παρὰ
3625 2804 3738 2864 τοῖς

2152 2886 2363 2951 πολλοῖς
2394 2873 2578 2959 ἐχρῆν,
2614 2890 2692 2952 εἰς
2722 2888 3018 2959 ἐπιτήδειον
3049 2889 3236 2958 καιρὸν
3263 2890 3360 2960 τῆς
3394 2890 3527 2959 περὶ
3567 2889 3734 2943 αὐτοῦ

2151 2977 2406 3048 ἀληθείας
2435 2979 2908 3051 ἀναφανησόμενα·
2957 2976 3107 3044 οὗτος
3152 2979 3207 3034 δὲ
3256 2975 3323 3052 ἦν
3352 2981 3379 3032 ό
3409 2982 3513 3052 τῆς
3542 2984 3614 3035 ὲκ
3648 2999 3736 3035 νε-

2150 3069 2294 3140 κρῶν
2335 3069 2680 3133 ἀναστάσεως
2717 3069 2900 3134 αὐτοῦ,
2931 3072 3023 3123 καὶ
3058 3070 3156 3140 τῆς
3182 3073 3260 3134 εἰς
3299 3071 3569 3136 οὐρανοὺς
3597 3075 3729 3126 ἀνσ-

2148 3161 2380 3231 λήψεως,
2411 3161 2512 3230 τῆς
2555 3180 2612 3216 τε
2647 3165 2726 3225 εἰς
2769 3163 2943 3217 πάντα
2980 3163 3068 3214 τὸν
3111 3163 3312 3233 κόσμον
3363 3163 3442 3225 ὡς
3486 3163 3555 3216 ἀν
3603 3164 3728 3234 περὶ

2146 3253 2314 3320 Λόγου
2348 3251 2479 3305 Θεοῦ
2510 3254 2907 3325 διαδραμούσης
2953 3255 3080 3324 περί
3127 3254 3290 3328 αὑτοῦ
3339 3257 3562 3327 φήμης
3600 3258 3631 3310 ὅ
3671 3274 3729 3311 τε

2145 3343 2241 3412 τῆς
2265 3343 2373 3396 τῶν
2406 3342 2571 3398 ἐθνῶν
2600 3344 2862 3414 κλήσεως,
2894 3343 3011 3398 καθ’
3058 3343 3116 3396 ὃν
3155 3346 3246 3397 καὶ
3275 3347 3328 3396 αἱ
3366 3344 3512 3398 θεῖαι
3563 3346 3727 3399 αὑτοῦ

2145 3436 2317 3503 φωναί
2349 3435 2499 3498 τέλος
2533 3435 2854 3506 ἐλάμϐανον,
2885 3435 2951 3489 τά
3001 3435 3107 3488 τῶν
3157 3435 3520 3507 προγνώσεων
3563 3437 3726 3489 a’mi

2143 3527 2237 3580 καὶ
2267 3528 2624 3598 προρρήσεων
2667 3525 2753 3580 διὰ
2790 3527 2888 3596 τῆς
2926 3526 3032 3579 τῶν
3074 3527 3410 3598 πραγμάτων
3444 3525 3728 3591 ἐκϐάσεως

2141 3627 2384 3697 ἐναργῶς
2417 3627 2604 3680 πιστού
2614 3645 2789 3688 μεναι.

2139 3733 2154 3772 ‘.
2211 3717 2276 3782 ζ’.
2326 3720 2450 3782 Τοῖς
2499 3722 2628 3788 γοῦν
2676 3721 2794 3775 καθ’
2845 3723 2990 3792 ἡμᾶς
3030 3724 3201 3775 ταῦτα
3255 3722 3725 3793 παραδεξαμένοις

2141 3810 2234 3862 καὶ
2263 3811 2361 3881 τὴν
2405 3813 2543 3882 ὑπὲρ
2585 3812 2869 3884 ἄνθρωπον
2919 3813 3080 3866 αὑτοῦ
3127 3814 3284 3882 φύσιν
3327 3815 3720 3882 ἐπεγνωκόσιν,

2140 3904 2362 3968 εἰκότως
2391 3907 2460 3958 τά
2488 3923 2544 3958 τε
2570 3906 2731 3960 λοιπά
2753 3908 2846 3960 καὶ
2870 3907 2940 3960 τά
2961 3907 3061 3976 τῆς
3085 3907 3349 3976 γενέσεως
3379 3907 3555 3959 πιστά
3586 3903 3722 3986 εἷναί

2137 3997 2504 4068 ὁμολογεῖταιο
2541 3998 2677 4070 πλὴν
2728 3999 2841 4052 ἀλλ’
2892 4001 2940 4052 οἰ
2992 3997 3283 4068 θαυμάσιοι
3334 3997 3718 4065 εὐαγγελιπαί

2138 4089 2446 4158 ἀναγκαίως
2475 4088 2596 4142 τότε
2629 4089 2776 4162 παρά
2791 4089 3062 4152 Ἰουδαίοις
3091 4091 3180 4142 τὸν
3217 4091 3414 4159 Ἰωσὴφ
3443 4090 3721 4157 ἐγενεαλό-

2138 4197 2266 4247 γουν
2297 4181 2458 4233 αὐτὸν
2485 4183 2686 4234 ἐκεῖνον
2713 4182 2805 4235 τὸν
2832 4181 2980 4253 παρὰ
3013 4182 3145 4234 πᾶσι
3178 4179 3450 4251 βοώμενον
3485 4181 3582 4235 τοῦ
3617 4183 3719 4251 ’1η-

2138 4268 2232 4322 σοῦ
2270 4271 2511 4342 πατέρα’
2561 4273 2609 4323 εἰ
2655 4271 2764 4342 γὰρ
2802 4271 2957 4324 τοῦτο
3002 4270 3390 4343 παρελθόντες,
3451 4272 3718 4341 μητρόθεν

468 4377 666 4429 parens
698 4361 1094 4432 appellabatur.
1129 4361 1286 4428 Quod
1319 4363 1365 4419 si
1398 4364 1500 4416 hac
1533 4365 1745 4420 ratione
1766 4368 2032 4440 neglecta,

2151 4361 2298 4413 ιὺτὸν
2321 4361 2720 4429 ἐγενεαλόγουν,
2741 4362 2874 4433 πρὸς
2892 4362 2969 4432 τῷ
2992 4362 3086 4416 καὶ
3110 4364 3356 4435 ἀπρεπὲς
3370 4357 3512 4416 εἶναι
3538 4363 3714 4423 τοῦτο,

471 4467 503 4504 a
535 4461 709 4508 matre
757 4469 930 4524 genus
983 4457 1102 4524 ejus
1149 4459 1590 4526 ordinavissent;
1635 4467 1832 4530 praeter
1869 4475 2032 4531 quam

466 4544 615 4615 quod
650 4545 704 4599 id
759 4545 1073 4602 indecorum
1118 4557 1257 4614 erat,
1312 4557 1366 4622 et
1412 4550 1720 4606 divinarum
1788 4552 2034 4623 Scriptu-

468 4648 654 4689 rarum
699 4635 1049 4705 simplicitate
1086 4639 1350 4703 alienum,
1405 4640 1534 4710 quia
1582 4641 1819 4697 neminis
1874 4653 2032 4698 antea

462 4741 560 4796 per
587 4735 812 4782 matrem
863 4742 1034 4797 genus
1063 4727 1398 4800 descriptum
1427 4731 1599 4793 fertur
1624 4751 1639 4798 ;
1673 4734 1720 4787 is
1751 4734 1910 4803 cujus
1942 4752 2033 4804 ge-

461 4818 711 4890 nealogis
743 4819 1051 4886 texebatur,
1080 4823 1289 4877 incerto
1333 4835 1488 4893 patre
1526 4825 1716 4905 nescio
1744 4826 1869 4895 quis
1917 4833 2032 4880 ter-

460 4925 644 4981 neque
673 4911 819 4968 filius
857 4912 1007 4969 visus
1038 4924 1206 4970 esset.
1281 4916 1337 4969 ld
1373 4925 1574 4980 autem,
1614 4925 1673 4972 ut
1715 4917 1851 4986 dixi,
1885 4918 2028 4973 haud

458 5002 724 5058 mediocri
747 5004 1060 5075 ignominia:
1099 5015 1153 5061 et
1173 5007 1542 5063 criminationi
1571 5011 1866 5065 obnoxium
1889 5019 2024 5066 erat.

457 5094 753 5152 Commode
779 5099 942 5169 igitur
974 5101 1102 5154 dum
1129 5099 1427 5170 Josephum
1454 5101 1772 5171 praedictam
1802 5103 1874 5156 ob
1897 5117 2028 5156 cau-

455 5200 572 5240 sam
605 5202 636 5240 a
675 5186 894 5244 Davidis
931 5191 1099 5260 stirpe
1131 5192 1402 5254 derivaut,
1436 5192 1662 5247 Mariam
1709 5194 1873 5248 simul
1919 5193 2026 5247 Da-

460 5277 584 5331 vide
615 5281 903 5334 oriundam
953 5284 1331 5353 comprobant,
1381 5299 1580 5354 genere
1631 5286 1884 5356 conjugis
1923 5301 2019 5361 per

458 5385 720 5438 sponsum
765 5373 1160 5430 demonstrato.
1221 5375 1422 5448 Moysis
1500 5377 1700 5446 quippe
1747 5377 1862 5448 lege
1908 5377 2026 5432 edi-

458 5469 638 5524 conte,
675 5471 732 5516 ut
765 5481 831 5519 ne
861 5465 1080 5521 aliunde
1109 5467 1296 5522 liceret
1322 5467 1541 5538 nuptias
1585 5468 1688 5522 sibi
1714 5468 2017 5524 conciliare

2141 4455 2356 4527 καὶτῆς
2392 4456 2500 4509 τῶν
2543 4455 2700 4530 θείων
2747 4455 2978 4526 Γραφῶν
3011 4456 3262 4528 εὐηθείας
3299 4455 3608 4526 ἀλλότριον,
3642 4459 3748 4520 ὅτι,

2143 4545 2328 4615 μηδεὶς
2359 4546 2418 4599 τὸ
2447 4547 2706 4619 πρότερον
2737 4548 2801 4599 ὲκ
2832 4548 3080 4614 γυναικὸς
3120 4547 3540 4618 γενεαλογηθείς
3577 4551 3716 4600 ἱστο-

2143 4640 2332 4707 ρεῖται,
2377 4638 2551 4704 ἔδοξεν
2599 4639 2664 4694 ἂν
2705 4640 2932 4712 ἀπάτωρ
2975 4657 3058 4702 τις
3089 4636 3225 4692 εἶναι
3261 4639 3354 4692 καὶ
3393 4639 3664 4712 δυσγενὴς
3687 4641 3716 4692 ό

2141 4729 2640 4800 γενεαλογούμενος
2659 4731 2815 4784 τοῦτο
2829 4731 2905 4796 δὲ,
2931 4732 3005 4794 ὡς
3021 4730 3174 4801 ἔφην,
3196 4731 3256 4782 οὐ
3282 4733 3489 4800 μικρᾶς
3503 4727 3576 4801 ἦν
3597 4733 3688 4784 δυσ

2138 4821 2343 4890 φημίας
2388 4821 2522 4892 ὁμοῦ
2576 4823 2669 4875 καί
2725 4822 3086 4894 κατηγορίας·
3142 4821 3220 4874 διὸ
3264 4821 3559 4893 χρησίμως
3627 4823 3712 4874 τοι

2150 4911 2345 4985 Ἰωσὴφ
2375 4913 2481 4966 ἀπὸ
2509 4915 2671 4968 Δαδὶδ
2701 4915 2789 4968 διὰ
2816 4917 2912 4987 τὴν
2945 4915 3293 4968 ἀποδοθεῖσαν
3319 4915 3500 4968 αἰτίαν
3532 4933 3711 4984 γενεῦ

2128 5005 2428 5075 λογοῦντες,
2464 5010 2520 5059 ὲν
2553 5005 2735 5076 ταυτῷ
2765 5007 2858 5060 καὶ
2889 5007 2988 5078 τὴν
3019 5006 3248 5078 Μαριάμ
3268 5007 3331 5059 ὲκ
3359 5006 3531 5059 Δαὸὶδ
3554 5025 3706 5076 γεγο-

2128 5099 2274 5152 νέναι
2330 5100 2608 5163 συνίστων,
2637 5100 2723 5154 διὰ
2752 5099 2846 5154 τοῦ
2879 5103 3184 5171 μνηστῆρος
3219 5098 3276 5152 τὸ
3317 5099 3418 5164 τῆς
3464 5102 3706 5171 γαμετῆς

2127 5193 2517 5262 ὑποφαίνοντες
2566 5193 2719 5261 γένος
2743 5208 2756 5222 ·
2818 5191 2982 5262 νόμου
3018 5191 3125 5262 γάρ
3187 5189 3469 5253 Μωῦσέως
3527 5192 3705 5259 διαγο-

2134 5282 2376 5352 ρεύοντος
2411 5283 2483 5354 μὴ
2505 5282 2720 5335 ἄλλοθεν
2744 5281 2939 5346 ἐξεῖναι
2955 5281 3087 5354 πρὸς
3119 5282 3293 5352 γάμον
3317 5279 3639 5350 λαμϐάνειν,
3671 5281 3701 5351 ἢ

2129 5376 2193 5427 ὲκ
2224 5373 2318 5427 τοῦ
2349 5373 2534 5442 γένους
2571 5372 2664 5426 τοῦ
2701 5373 2902 5426 οἰκείου
2951 5371 3041 5424 καὶ
3077 5370 3176 5441 τῆς
3222 5370 3358 5434 ἰδίας
3395 5372 3598 5442 φυλῆς,
3633 5371 3704 5433 ὡς

2129 5467 2192 5520 ἂν
2223 5468 2294 5538 μὴ
2330 5465 2736 5538 περιστρέφοιτο
2758 5465 2848 5520 τοῦ
2880 5465 3065 5533 γένους
3097 5466 3122 5517 ό
3154 5463 3351 5535 κλῆρος
3392 5463 3504 5516 ἀπὸ
3538 5463 3702 5533 φυλῆς

529 5647 546 5676 ο
587 5641 714 5700 Luc.
760 5664 835 5714 ιι,
870 5649 957 5704 21.
1036 5653 1056 5684 τ
1097 5649 1283 5708 Matth.
1324 5670 1442 5722 XVI,
1479 5653 1565 5709 eo.
1603 5656 1662 5736 ﬂ“
1707 5653 1893 5708 Matth.
1931 5667 2076 5722 ml;
2114 5653 2164 5707 9ο
