3936 6208
312 139 418 197 889

867 136 1330 206 QUxESTIONES
1371 135 1837 193 EVANGELICIE
1876 134 1970 191 AD
2009 134 2451 191 STEPIIANUM.
2491 168 2559 177 -
2596 134 2920 202 QUAESTIO
2960 140 2998 191 l.

3446 140 3551 200 890

315 253 392 315 εἰς
417 250 605 321 φυλὴν,
636 248 914 321 αὐτάρκης
939 246 1008 321 ἦν
1031 252 1065 321 ἠ
1091 249 1220 320 περὶ
1250 247 1343 301 τοῦ
1375 248 1568 320 ἀνδρὸς
1596 248 1880 320 ἀναγραφὴ

1986 261 2152 317 quam
2179 262 2247 302 ex
2277 262 2475 318 genere
2506 247 2730 316 proprio
2768 262 2976 317 suaque
3006 248 3171 317 tribu,
3202 263 3272 304 ne
3302 249 3550 307 videlicet

316 343 408 396 καὶ
455 341 552 412 τὴν
594 344 825 409 γυναῖκα
864 342 1135 411 δηλῶσαγ
1172 340 1408 413 νομικῶς
1441 339 1550 411 γὰρ
1597 339 1743 410 βιοὺς
1780 338 1885 392 οὐδ’

315 433 534 488 ἄλλοθεν
585 433 785 503 ὲμνᾶτο
828 432 924 504 τὴν
961 437 1211 502 γυναῖκα,
1251 434 1285 505 ἢ
1330 432 1519 504 πρῶτα
1554 432 1651 503 μὲν
1684 433 1750 484 ὲκ
1788 432 1885 502 τῆς

315 525 487 595 φυλῆς
514 525 614 595 τῆς
642 525 910 595 πατρικῆς
941 525 1126 591 αὑτοῦ,
1159 525 1296 597 αὕτη
1328 525 1384 579 δὲ
1412 520 1479 596 ἦν
1509 526 1542 594 ἠ
1572 523 1665 577 τοῦ
1691 522 1883 575 Ἰούδαο

315 616 502 669 ἔπειτα
549 617 615 669 ὲκ
648 615 741 669 τοῦ
779 616 950 686 δήμου
994 617 1086 673 καί⁵
1118 618 1216 689 τῆς
1253 617 1421 687 αὐτῆς
1460 618 1711 686 πατριᾶς,
1747 614 1884 683 αὔτη

313 708 369 761 δὲ
411 704 478 779 ἦν
520 709 553 779 ἡ
612 708 707 761 τοῦ
754 710 947 762 Δαϐίδο
994 710 1219 765 τοιαῦτα
1249 710 1356 781 γὰρ
1386 705 1454 779 ἦν
1496 709 1565 763 τὰ
1594 708 1687 761 τοῦ
1721 708 1883 778 νόμου

314 800 779 871 παραγγέλματα·
814 803 901 855 ὅτε
942 803 1119 856 τοίνυν
1157 806 1185 855 ὁ
1232 803 1426 873 Ἰωσὴφ
1457 801 1627 871 φυλῆς
1648 800 1883 869 γεγονὼς

313 892 690 945 ἀποδείκνυται
733 891 918 955 Ἰούδα,
951 894 1153 964 κλήρου
1185 909 1243 945 τε
1287 893 1380 945 καὶ
1424 893 1654 962 πατριᾶς
1700 889 1880 954 Δαϐὶδ,

313 981 433 1044 πῶς
471 982 568 1051 ούχ
612 982 800 1036 ἕπεται
839 983 933 1035 καὶ
975 986 1041 1053 τῇ
1080 984 1268 1054 Μαρίᾳ
1304 985 1366 1035 ἐκ
1399 981 1506 1037 τῶν
1543 981 1719 1035 αὐτῶν
1757 983 1884 1051 ὁρᾶ-

316 1076 440 1130 σθαι
460 1094 475 1145 ;

383 1278 452 1342 η’.
478 1273 541 1326 Εἰ
563 1274 619 1325 δὲ
640 1271 847 1340 λέγοιτο
874 1270 1136 1341 ὑπάρχειν
1166 1270 1429 1341 συγγενὴς
1453 1269 1551 1339 τῆς
1585 1267 1879 1333 Ἐλισάϐετ,

313 1365 483 1435 αὐτῆς
517 1366 612 1435 μὲν
631 1363 795 1434 οὔσης
823 1365 887 1416 ὲκ
903 1363 1074 1432 φυλῆς
1091 1363 1277 1424 Ἰούδα,
1296 1362 1393 1432 τῆς
1413 1380 1472 1415 τε
1490 1363 1588 1433 (5‘)
1605 1361 1881 1415 Ἐλισάὸετ

315 1459 379 1511 ὲκ
420 1458 518 1527 τῆς
560 1458 651 1510 τοῦ
700 1456 850 1519 Λευῖ,
889 1457 962 1528 μὴ
1001 1456 1333 1528 θαυμάσῃςῂ
1364 1456 1469 1508 πᾶν
1502 1454 1608 1526 γὰρ
1650 1454 1711 1507 τὸ
1753 1456 1883 1507 ἰου-

312 1549 475 1603 δαίων
516 1548 663 1612 ἔθνος
687 1548 804 1611 ἑνὸς
834 1544 900 1619 ἦν
929 1547 1136 1615 γένους,
1178 1547 1245 1600 αἴη
1276 1564 1333 1599 τε
1383 1546 1545 1616 φυλαὶ
1581 1548 1746 1599 πᾶσαι
1784 1546 1880 1600 άλ-

313 1638 488 1708 λήλων
520 1642 827 1707 συγγενεῖς’
866 1637 1017 1691 ἔνθεν
1050 1638 1143 1690 καὶ
1174 1639 1202 1690 ὁ
1228 1636 1369 1700 θεῖος
1385 1637 1709 1701 Ἀπόστολος
1749 1655 1880 1706 συγ-

312 1733 489 1798 γενεῖς
542 1729 705 1783 αὑτοῦ
751 1729 953 1792 πάντας
1008 1727 1260 1799 ὀνομάζει
1299 1728 1579 1792 Ἰουδαίους
1603 1769 1617 1794 ,
1677 1728 1878 1797 λέγων·

319 1839 336 1871 ι
386 1820 641 1893 Ηύχόμην
693 1820 801 1891 γὰρ
844 1819 1095 1889 ἀνάθημα
1136 1815 1273 1871 εἶναι
1317 1818 1453 1890 ὑπὲρ
1495 1818 1599 1871 τῶν
1640 1819 1882 1888 ἀδελφῶν

318 1926 438 1979 μου,
466 1909 571 1962 τῶν
608 1909 885 1979 συγγενῶν
914 1927 1015 1980 μου
1064 1908 1205 1962 κατὰ
1255 1908 1451 1979 σάρκα,
1508 1909 1701 1972 οἵτινές
1748 1912 1882 1963 εἰσιν

326 2000 678 2070 Ἰσραηλῖται·
745 2020 763 2052 ›
814 2001 989 2053 καίτοι
1051 2002 1327 2068 συγγενεῖς
1382 1999 1543 2052 αὑτοῦ
1590 2000 1882 2070 ἐτύγχανον

317 2093 464 2162 μόνοι
488 2095 551 2144 ἐκ
584 2092 755 2162 φυλῆς
778 2093 1031 2162 Βενιαμίν
1051 2110 1064 2123 ο
1094 2091 1286 2145 οὐκοῦν
1313 2092 1517 2153 πάντας
1544 2091 1728 2155 ἁπλῶς
1758 2095 1884 2156 τοὺς

314 2184 372 2249 ἐξ
411 2183 623 2255 Ἰσραὴλ
677 2183 936 2251 ἀδελφοὺς
980 2183 1073 2235 καί⁹
1114 2186 1390 2251 συγγενεῖς
1438 2182 1628 2235 ἑαυτοῦ
1669 2187 1883 2254 προσεῖσ-

315 2290 414 2327 πεν
438 2275 466 2325 ὁ
499 2272 737 2336 Παῦλος·
770 2273 911 2326 οὕτω
951 2274 997 2325 δ’
1031 2268 1121 2325 οὖν
1162 2272 1256 2325 καὶ
1297 2273 1393 2344 τὴν
1441 2272 1713 2327 Ἐλισάὸετ
1756 2290 1884 2343 συγσ-

315 2364 500 2432 γενίδα
520 2368 811 2435 προσεῖπτν
843 2367 870 2417 ὁ
899 2366 1123 2432 ἄγγελος
1142 2369 1205 2437 τῇ
1236 2365 1484 2436 Μαριάμ,
1514 2365 1599 2418 διὰ
1633 2366 1692 2418 τὸ
1719 2366 1883 2436 ἄμφω

328 2454 710 2524 Ἰσραηλίτιδας
744 2450 906 2506 εἶναι’
944 2454 1037 2506 καί¹
1069 2453 1240 2515 ἄλλως
1282 2453 1338 2506 δὲ
1386 2453 1529 2514 εἰκὸς
1576 2452 1683 2505 ἀπὸ
1716 2452 1881 2504 τόπου

317 2546 602 2615 συγγενίδα
633 2545 730 2615 τῆς
756 2545 973 2616 Μαρίας
1007 2544 1300 2614 κεκλῆσθαι
1331 2545 1430 2616 τὴν
1468 2543 1765 2607 Ἐλισάϐετ,
1795 2542 1883 2596 διὰ

230 2686 233 2689 η
313 2638 374 2691 τὸ
406 2641 573 2692 οἰκεῖν
597 2639 688 2692 ἐπὶ
717 2640 815 2710 τῆς
847 2639 1013 2692 Ἰούδα
1038 2639 1210 2709 φυλῆς
1241 2638 1332 2707 ἀφ’
1363 2633 1431 2710 ἧς
1456 2637 1678 2708 ὡρμᾶτο
1706 2638 1737 2707 ἡ
1772 2638 1886 2690 Μα-

318 2730 439 2802 ρία·
482 2732 745 2800 μαρτυρεί
787 2728 914 2797 γοῦν
958 2731 986 2782 ὁ
1026 2730 1238 2792 Λουκᾶς
1270 2728 1474 2796 λέγων’
1515 2746 1533 2781 ι
1583 2728 1883 2780 Ἀναστᾶσα

311 2822 368 2876 δὲ
412 2821 644 2893 Μαριάμ
694 2823 750 2873 ὲν
794 2825 911 2886 ταῖς
950 2823 1179 2894 ἡμέραις
1216 2821 1459 2883 ταύταις,
1494 2819 1759 2892 ἐπορεύθη
1803 2820 1882 2883 εἰς

309 2916 408 2984 τὴν
431 2912 645 2983 ὀρεινὴν
683 2912 819 2983 μετὰ
856 2912 1087 2983 σπουδῆς
1112 2915 1191 2976 εἰς
1231 2912 1380 2964 πόλιν
1423 2912 1607 2973 Ἰούδα,
1634 2911 1728 2964 καὶ
1773 2912 1882 2963 είσ-
1906 2950 1948 3007 C

312 3003 471 3074 ῆλθεν
501 3005 576 3066 εἰς
603 3004 691 3056 τὸν
717 2999 861 3056 οἷκον
893 3003 1155 3074 Ζαχαρίου
1187 3004 1277 3055 καὶ
1301 3003 1580 3071 ἠσπάσατο
1607 3002 1702 3072 τὴν
1742 3000 1877 3053 Ἐλι-

315 3097 511 3149 σάϐετ·
550 3116 568 3148 ι
600 3096 693 3149 τοῦ
740 3097 847 3167 γὰρ
896 3097 1172 3160 Μωῦσέως
1220 3096 1382 3168 νόμου
1419 3096 1491 3167 μὴ
1526 3095 1879 3167 ἀφορίσαντος

310 3191 376 3258 τῇ
411 3187 518 3239 τῶν
550 3188 736 3259 ίερέων
764 3189 899 3259 φυλῇ
931 3188 1148 3259 κλῆρον,
1173 3189 1253 3241 ὅτι
1277 3188 1476 3259 Κύριος
1504 3191 1531 3241 ὀ
1554 3188 1683 3250 Θεὸς
1725 3187 1879 3258 μερὶς

313 3276 509 3340 αὐτῶν,
542 3278 929 3348 διαταξαμένου
971 3277 1026 3330 δὲ
1067 3276 1267 3348 μεταξὺ
1311 3277 1419 3331 τῶν
1458 3276 1658 3329 λοιπῶν
1700 3277 1879 3345 φυλῶν

310 3370 477 3420 οἰκεῖν
519 3369 735 3433 αὐτοὺς,
782 3368 872 3421 τοῦ
922 3386 978 3421 τε
1019 3368 1283 3445 Ζαχαρίου
1334 3370 1425 3423 καὶ
1463 3372 1560 3439 τῆς
1606 3367 1880 3421 Ἐλισάὸετ

312 3457 464 3510 πόλιν
512 3458 682 3527 φυλῆς
730 3458 895 3512 Ἰούδα
923 3460 1381 3529 κατοικησάντων,
1426 3462 1519 3528 ἀφ’
1562 3455 1629 3531 ἦς
1660 3459 1881 3531 ὡρμᾶτο

309 3547 516 3619 Μαρία,
544 3548 688 3611 είκὸς
707 3549 802 3601 καὶ
834 3548 1035 3619 ταύτης
1062 3549 1246 3601 ἕνεκεν
1267 3551 1365 3620 τῆς
1391 3549 1567 3611 αἰτίας
1606 3549 1882 3616 συγγενεῖς

309 3639 480 3703 αὐτὰς
507 3639 854 3711 ἀνειρῆσθαιο
881 3641 980 3692 ούκ
1010 3641 1232 3705 ἀπεικὸς
1264 3640 1319 3692 δὲ
1353 3641 1445 3693 καὶ
1481 3640 1577 3711 τῆς
1605 3641 1879 3709 ὁμοιοτρο-

309 3729 440 3793 πίας
484 3732 662 3802 χάριν,
701 3731 766 3784 δι’
808 3725 873 3802 ἧς
921 3731 1087 3801 ἄμφω
1132 3726 1229 3801 τῆς
1265 3730 1531 3801 σωτηρίου
1574 3728 1881 3799 οἰκονομίας

307 3820 641 3893 ἠξιώθησαν,
684 3824 716 3893 ἡ
755 3823 852 3893 μὲν
895 3822 986 3875 τὸν
1024 3824 1271 3894 Σωτῆρα,
1305 3824 1337 3893 ἡ
1371 3822 1426 3875 δὲ
1459 3822 1547 3875 τὸν
1579 3822 1881 3894 πρόδρομον

306 3912 403 3964 τού
434 3913 681 3983 Σωτῆρος
724 3912 1138 3984 ὑποδεξάμεναι,
1176 3914 1292 3976 ἑνός
1336 3930 1393 3965 τε
1442 3915 1536 3966 καὶ
1579 3911 1672 3965 τοῦ
1716 3911 1879 3965 αὐτοῦ

306 4003 466 4071 ἁγίου
498 4003 811 4074 Πνεύματος
845 4005 1237 4075 μετασχοῦσαι·
1269 4004 1346 4057 διὸ
1375 4004 1467 4057 καὶ
1495 4003 1723 4076 μάλιστα
1755 4005 1880 4074 μιᾶς

305 4096 407 4165 τῆς
431 4095 573 4149 κατὰ
602 4096 732 4148 Θεὸν
758 4098 1071 4166 συγγενείας
1120 4100 1382 4169 μετεῖχον.
1415 4096 1573 4149 Ἀλλά
1599 4096 1753 4149 τοῦτο
1784 4097 1880 4167 μὲν

302 4185 483 4251 οὕτως
506 4188 822 4242 ἀπολυτέον.

1988 337 2206 408 generis
2239 337 2534 393 [Hereditas
2560 354 2624 394 ex
2654 354 2760 392 una
2791 340 2845 392 in
2887 340 3047 392 aliam
3081 339 3279 394 tribum
3306 356 3551 398 commo-

1987 438 2243 498 veretur;
2278 434 2417 487 satis
2439 440 2562 486 erat
2584 432 2685 487 viri
2712 432 3008 501 descriptio
3044 432 3112 487 ad
3137 433 3420 505 conjugem
3448 434 3547 492 de-

1994 521 2442 575 monstrandam:
2477 538 2603 576 nam
2641 522 2734 592 qui
2780 522 2846 591 ad
2879 523 3011 593 legis
3043 538 3291 578 normam
3319 526 3545 592 viveret,

1986 609 2132 665 haud
2188 611 2352 665 aliam
2404 612 2511 668 sibi
2564 628 2797 679 uxorem
2847 613 3231 683 copulavisset,
3279 614 3384 668 nisi
3431 631 3551 686 qua

1986 703 2224 773 primum
2249 711 2396 759 esset
2420 719 2487 759 ex
2513 705 2637 774 ejus
2664 704 2844 774 patria
2877 702 3237 772 tribuJJuda:
3266 706 3548 776 videlicet;

1986 793 2180 849 deinde
2206 809 2273 848 ex
2298 794 2488 851 eadem
2520 802 2680 865 gente
2712 793 3047 862 familiaque,
3082 810 3277 865 nempe
3306 795 3546 852 Davidis.

1984 882 2242 937 Illateuus
2271 885 2418 937 enim
2452 886 2537 938 lex
2573 882 2824 952 jubebat.
2882 881 2937 936 Si
2973 883 3245 954 Josephus
3290 886 3453 956 igitur
3484 886 3551 942 de

1983 973 2135 1030 Judte
2177 977 2324 1031 tribu
2380 976 2553 1046 deque
2596 976 2815 1031 Davidis
2868 984 3026 1046 gente
3058 987 3111 1032 et
3148 978 3349 1032 familia
3381 980 3551 1036 fuisse

1984 1064 2414 1131 demonstratur,
2461 1080 2560 1119 cur
2604 1080 2714 1119 non
2755 1066 3007 1135 sequitur
3051 1075 3109 1121 ut
3139 1067 3307 1121 Maria
3344 1085 3411 1124 ex
3448 1071 3548 1127 iis-

1984 1157 2104 1211 dem
2136 1158 2440 1228 originibus
2474 1156 2691 1228 prodire
2728 1156 3021 1212 videatur?

2053 1270 2106 1326 8.
2157 1271 2313 1336 Quod
2350 1271 2396 1324 si
2436 1271 2625 1325 eadem
2673 1271 2875 1326 dicitur
2907 1270 3237 1328 Elisabethaa
3282 1281 3546 1341 cognata;

1984 1378 2106 1417 cum
2133 1372 2314 1418 tamen
2349 1362 2440 1416 illa
2477 1363 2544 1419 de
2581 1364 2725 1419 tribu
2749 1361 2921 1428 ludas,
2954 1363 3265 1423 Elisabetha
3293 1364 3358 1419 de
3386 1364 3549 1420 Levi-

1984 1456 2091 1509 tica
2134 1454 2327 1522 fuerit;
2371 1469 2441 1510 ne
2489 1455 2751 1511 mireris:
2792 1456 3044 1511 universa
3092 1457 3292 1527 quippe
3334 1455 3550 1511 Judaeo-

1983 1562 2104 1600 rum
2136 1562 2269 1617 gens
2321 1562 2432 1601 uno
2477 1561 2675 1618 genere
2721 1547 3070 1610 censebatur,
3106 1557 3422 1619 cunctaeque
3451 1551 3551 1605 tri-

1981 1639 2082 1693 bus
2113 1638 2347 1693 invicem
2374 1650 2618 1709 cognatae
2638 1651 2812 1695 erant.
2858 1641 2996 1696 Hinc
3018 1643 3181 1696 etiam
3217 1643 3375 1699 divus
3402 1643 3550 1714 Apo-

1982 1730 2153 1785 stolus
2180 1728 2398 1787 Iudaeos
2438 1747 2629 1787 omnes
2662 1733 2898 1801 appellat
2932 1743 3195 1803 cognatos
3228 1750 3380 1800 suos,
3416 1733 3550 1789 dum

1981 1820 2083 1873 ait:
2149 1818 2450 1889 «Optabam
2502 1836 2603 1891 ego
2650 1822 2943 1877 anathema
2988 1838 3110 1878 esse
3145 1840 3243 1894 pro
3286 1822 3549 1881 fratribus

1980 1911 2140 1974 meis,
2172 1910 2264 1980 qui
2316 1910 2450 1964 mihi
2494 1913 2797 1967 secundum
2850 1928 3107 1968 carneam
3149 1923 3401 1968 naturam
3454 1929 3550 1970 co-

1981 2000 2127 2070 gnati
2188 2007 2338 2063 sunt,
2394 2000 2747 2056 lsraelitis’.»
2799 2002 2964 2074 Atqui
3008 2004 3223 2075 cognati
3263 2004 3396 2075 .ejus
3445 2004 3547 2060 soli

1982 2106 2169 2145 revera
2202 2098 2358 2146 erant
2396 2091 2745 2161 Beujamitae:
2787 2102 2842 2148 et
2893 2103 3069 2149 tamen
3105 2110 3297 2151 omnes
3328 2095 3549 2152 Israeli-

1981 2188 2067 2234 tas
2102 2179 2333 2233 fratrum
2369 2181 2681 2236 nominibus
2726 2189 2781 2235 et
2825 2190 3181 2251 cognatorum
3209 2181 3414 2238 Paulus
3463 2183 3546 2239 in-

1982 2271 2192 2342 digitat.
2241 2272 2332 2326 Sic
2361 2287 2492 2342 ergo
2531 2273 2755 2343 angelus
2778 2272 3145 2327 Elisabetham
3184 2274 3322 2328 dixit
3358 2274 3541 2331 Mariae

1982 2371 2286 2434 cognatam,
2338 2371 2624 2434 propterea
2675 2365 2819 2434 quod
2869 2366 3041 2421 ambae
3092 2366 3426 2422 lsraelitides
3457 2382 3547 2423 es-

1982 2463 2121 2510 sent.
2167 2454 2393 2525 Insuper
2412 2470 2478 2511 ex
2506 2456 2625 2524 ipso
2656 2456 2775 2509 loco
2802 2455 2937 2511 satis
2962 2455 3144 2510 decuit
3172 2454 3545 2512 Elisabetham

1983 2545 2245 2614 appellari
2280 2544 2465 2599 Mariae
2491 2554 2797 2615 cognatam,
2845 2546 2971 2615 quia
3024 2547 3282 2599 nimirum
3332 2545 3549 2600 habita-

1982 2636 2073 2689 bat
2119 2635 2174 2688 in
2198 2635 2353 2690 Juda:
2382 2636 2551 2700 tribu,
2593 2636 2737 2689 unde
2782 2651 2953 2705 genus
2983 2636 3150 2690 traxit
3194 2634 3382 2691 Maria.
3446 2634 3546 2691 Rei

1984 2726 2135 2780 testis
2162 2724 2357 2792 Lucas,
2395 2727 2487 2796 qui
2512 2726 2616 2779 ait:
2649 2744 2667 2777 ι
2695 2725 3002 2797 Exsurgens
3036 2734 3213 2782 autem
3240 2728 3323 2783 bis
3353 2727 3546 2783 diebus

1983 2814 2151 2871 Maria
2184 2819 2318 2873 abiit
2347 2820 2402 2873 in
2433 2827 2687 2873 montana
2715 2833 2840 2872 cum
2874 2818 3243 2885 festinatione,
3277 2822 3329 2875 in
3355 2822 3545 2876 urbem

1981 2907 2152 2974 ludat,
2187 2918 2242 2965 et
2271 2911 2516 2981 ingressa
2547 2919 2632 2966 est
2678 2912 2900 2965 domum
2949 2911 3249 2976 Zachariaa,
3300 2928 3364 2967 ac
3391 2914 3544 2967 salu-

1980 3000 2110 3053 tavit
2131 2997 2515 3056 Elisabetham.
2543 3022 2562 3054 ι
2606 3002 2813 3057 Etenim
2838 3020 2960 3059 cum
2988 3005 3069 3059 lex
3098 3003 3331 3058 Mosaica
3361 3019 3546 3058 saccih

1981 3090 2149 3145 dotali
2193 3093 2357 3146 tribui
2408 3096 2787 3162 possessiones
2818 3112 2928 3151 non
2965 3097 3375 3167 assignavisset,
3411 3097 3540 3167 quia

1980 3182 2244 3239 Dominus
2289 3183 2433 3240 Deus
2476 3200 2601 3254 pars
2648 3187 2768 3255 ejus
2800 3195 2904 3253 est,
2960 3188 3328 3243 mandavisset
3360 3198 3542 3244 autem

1987 3286 2045 3331 ut
2075 3277 2217 3330 inter
2248 3287 2471 3330 ureteras
2496 3278 2670 3331 tribus
2716 3279 3003 3344 incoleret;
3053 3294 3288 3348 cumque
3330 3278 3543 3333 Zacha-

1979 3368 2093 3423 rias
2128 3375 2181 3422 et
2207 3365 2515 3421 Elisabetha
2547 3369 2778 3437 quadam
2804 3370 2859 3423 in
2893 3370 3027 3425 urbe
3066 3372 3240 3426 tribus
3269 3369 3420 3426 Judaa
3449 3373 3545 3425 ha-

1982 3459 2234 3523 bitarent,
2289 3459 2434 3513 unde
2476 3458 2699 3513 oriunda
2756 3467 2873 3513 erat
2919 3460 3126 3529 Maria;
3169 3478 3269 3531 par
3314 3462 3414 3515 fuit
3449 3479 3543 3519 eas

1981 3551 2051 3606 ob
2079 3550 2219 3605 hanc
2248 3566 2469 3606 causam
2504 3559 2769 3621 cognatas
2797 3552 3092 3621 appellari:
3124 3569 3297 3623 neque
3332 3555 3386 3609 id
3420 3571 3543 3608 rur-

1982 3658 2076 3698 sus
2118 3643 2391 3697 immerito
2421 3653 2641 3713 propter
2671 3657 2881 3696 morum
2934 3643 3367 3709 similitudinem,
3406 3661 3542 3711 quo-

1981 3748 2102 3787 rum
2140 3733 2315 3804 gratia
2349 3745 2579 3805 utraque
2608 3733 2804 3786 mulier
2846 3730 3107 3803 mysterio
3140 3734 3333 3788 salutis
3379 3735 3544 3803 digna

1982 3824 2118 3881 fuit:
2164 3834 2217 3880 et
2245 3828 2413 3882 altera
2442 3826 2662 3897 quidem
2709 3824 3081 3888 Servatorem,
3124 3826 3290 3879 altera
3339 3823 3537 3879 Serva-

1982 3913 2117 3967 toris
2155 3929 2542 3983 praecursorem
2575 3914 2784 3970 sinibus
2825 3914 2940 3969 suis
2989 3921 3328 3982 receperunt,
3372 3913 3538 3967 unius

1983 4002 2230 4057 videlicet
2257 4003 2608 4072 ejusdemque
2657 4005 2830 4058 sancti
2863 4003 3096 4073 Spiritus
3130 4002 3298 4071 gratia
3338 4003 3537 4072 petitas.

1985 4090 2162 4161 Atque
2206 4093 2308 4147 hoc
2359 4094 2441 4147 vel
2472 4093 2703 4149 maxime
2752 4096 2968 4149 nomine
3024 4092 3322 4148 secundum
3373 4092 3539 4146 Deum

1981 4188 2225 4252 cognatae
2273 4183 2489 4238 fuerunt
2523 4184 2621 4255 (4).
2682 4184 2805 4240 llmc
2852 4183 3135 4256 praesentis
3176 4181 3537 4237 dubitationis

1898 4286 1944 4340 ι)
1973 4277 2173 4333 solutio
2203 4283 2307 4332 est.

380 4392 441 4446 θ’.
465 4394 528 4447 Εἰ
566 4393 623 4447 δὲ
656 4394 861 4466 κεφαλὴ
891 4395 988 4465 τῆς
1017 4396 1267 4463 γυναικὸς
1287 4397 1536 4466 τυγχάνει
1559 4396 1588 4446 ὁ
1612 4393 1685 4446 ὢν
1714 4394 1873 4465 ἀνὴρ,

302 4485 449 4540 κατὰ
468 4486 560 4538 τὸν
576 4485 717 4538 θεῖον
732 4486 1068 4550 Ἀπόστολον,
1086 4488 1178 4540 καὶ
1200 4487 1407 4541 ἔσονται
1426 4488 1475 4540 οἱ
1495 4486 1587 4540 δύο
1601 4488 1679 4549 εἰς
1701 4487 1876 4556 σάρκα

307 4577 462 4647 μίαν,
493 4578 636 4631 κατὰ
659 4578 750 4631 τὸν
769 4579 1043 4643 Μωῦσέως
1068 4580 1246 4650 νόμον,
1279 4581 1312 4650 ἦ
1344 4597 1399 4632 τε
1429 4579 1875 4650 μεμνηστευμένη

301 4666 459 4737 ἀνδρί
485 4668 856 4740 διαμαρτοῦσα
889 4671 1127 4740 μοιχείας
1166 4670 1304 4724 κατὰ
1341 4670 1402 4723 τὸ
1438 4669 1566 4723 αὐτὸ
1619 4668 1873 4739 τιμωρίαν

301 4757 583 4826 ὑπομένει,
617 4759 693 4822 ὠς
842 4759 934 4812 τού
967 4760 1270 4831 μνηστῆρος
1308 4760 1464 4829 σῶμα
1492 4758 1751 4829 γενομένη
1782 4759 1875 4811 καὶ

300 4850 546 4923 κεφαλὴν
572 4851 986 4922 ὲπιγραψαμένη
1022 4853 1111 4906 τὸν
1140 4853 1324 4919 ἄνδρα,
1357 4852 1472 4916 πῶς
1516 4853 1635 4922 οὐχὶ
1655 4851 1752 4921 τῆς
1783 4869 1875 4903 κε-

302 4942 480 5012 φαλῆς
506 4943 1016 5015 γενεαλογουμένης,
1047 4944 1236 4998 ἕπεται
1278 4944 1366 4997 καὶ
1401 4944 1462 4996 τὸ
1492 4944 1650 5014 σῶμα
1673 4946 1739 5013 τῇ
1783 4960 1874 4995 κε-

301 5034 446 5105 φαλῇ
501 5034 973 5106 συναριθμεῖσθαι;
1028 5035 1167 5088 ὥστε
1221 5037 1312 5089 καὶ
1364 5035 1459 5106 τὴν
1506 5035 1719 5105 Μαρίαν
1773 5034 1871 5105 ἤδη

376 5192 396 5220 ⁹
433 5188 589 5248 Rom.
625 5206 709 5254 Ix,
746 5192 798 5245 ‘5.
877 5193 920 5223 ¹⁰
960 5190 1155 5262 Ephes.
1194 5209 1243 5258 v,
1277 5191 1366 5246 25.
1446 5193 1487 5223 ¹¹
1527 5189 1660 5246 Gen.
1698 5206 1773 5254 ιι,
1802 5189 1897 5245 2f.

377 5346 479 5414 ('5‘)
516 5349 609 5417 ATs.
645 5346 784 5417 Lege
806 5348 881 5400 δέ.
914 5347 1070 5401 Εοιτ.

2050 4392 2103 4447 9.
2138 4391 2293 4458 Quod
2320 4392 2366 4447 si
2396 4399 2577 4447 autem
2600 4398 2763 4462 caput
2786 4390 3030 4446 mulieris
3060 4391 3139 4444 vir
3183 4397 3287 4453 est,
3308 4388 3376 4445 de
3396 4388 3541 4458 Apo-

1980 4484 2106 4540 stoli
2154 4484 2267 4538 divi
2302 4485 2656 4548 sententia”,
2687 4484 2910 4553 duoque
2956 4492 3087 4538 sunt
3121 4483 3174 4536 in
3218 4497 3384 4537 carne
3430 4496 3538 4534 una

1981 4592 2046 4631 ex
2086 4575 2335 4632 Mosaicae
2370 4576 2505 4646 legis
2552 4576 2831 4647 regula“;
2867 4584 2921 4631 et
2950 4576 2995 4631 si
3038 4587 3200 4644 nupta
3233 4576 3371 4637 viro,
3415 4589 3534 4642 quae

1977 4667 2242 4739 ﬂagitium
2275 4668 2581 4732 admiserit,
2627 4669 2878 4723 adulterii
2924 4683 3139 4738 pinnam
3168 4667 3236 4720 ob
3269 4666 3319 4719 id
3360 4666 3538 4733 ipsum

1980 4761 2125 4815 subit
2144 4778 2157 4826 ;
2175 4775 2274 4814 ceu
2294 4775 2414 4829 qua:
2429 4759 2540 4828 jam
2566 4761 2750 4828 sponsi
2775 4776 2978 4832 corpus
3000 4759 3140 4813 facta
3172 4766 3308 4820 erat,
3325 4757 3539 4825 sibique

1979 4860 2140 4921 caput
2167 4852 2501 4921 imposuerat
2534 4852 2750 4919 virum;
2786 4868 2886 4906 cur
2914 4851 2960 4905 si
2994 4849 3192 4919 capitis
3224 4847 3539 4917 genealogia

1980 4946 2273 5008 scribatur,
2329 4959 2531 5014 corpus
2586 4961 2710 4999 eum
2750 4944 2926 5014 capite
2986 4939 3369 5017 connumerari
3428 4953 3538 4993 non

1980 5034 2052 5089 sit
2079 5034 2539 5090 consectaneum?
2569 5032 2933 5100 Quamobrem
2968 5029 3137 5084 Maria
3168 5028 3405 5099 Josepho
3423 5027 3538 5098 jam

1976 5345 2091 5396 vat.
2124 5343 2420 5412 palatinum
2453 5339 2719 5412 epitomzr,
2740 5339 2900 5412 etiam
2932 5338 2989 5412 in
3021 5335 3230 5412 catenis
3253 5332 3533 5412 _Va_t_iﬂea§is
3596 5320 3603 5327 ’

381 5401 475 5484 (θ’
500 5401 749 5483 Οιιαιειίιῖ
764 5419 874 5471 haec
898 5418 964 5473 de
990 5417 1311 5487 cognatione
1336 5416 1515 5487 Maria:
1541 5416 1735 5487 matris
1756 5414 1862 5468 Do-
1968 5401 2167 5467 Niceti'e
2197 5415 2320 5467 cod.
2356 5413 2419 5465 Α.
2526 5410 2619 5471 9-2,
2656 5420 2709 5464 et
2744 5408 2975 5487 Macarii
3001 5406 3125 5487 eod.
3161 5404 3229 5487 Et
3251 5403 3289 5456 f.
3326 5403 3411 5459 50.
3440 5401 3538 5484 se:

306 5475 590 5540 mihicum
628 5488 960 5551 Elisabetba,
1015 5475 1190 5541 efstat
1232 5488 1334 5540 sub
1366 5485 1604 5555 ejusdem
1644 5486 1862 5555 Eusebii
1966 5501 2139 5553 quens
2173 5483 2640 5555 tamenquinqne
2685 5479 2976 5539 verborum
3022 5475 3269 5534 clausula
3318 5475 3538 5529 nonnisi

308 5558 550 5624 nomine,
589 5559 675 5612 vix
713 5559 899 5629 paucis
935 5559 1112 5614 verbis
1144 5551 1602 5627 variatistraeler
1624 5551 1866 5613 redirem
1964 5551 2019 5610 in
2055 5555 2242 5610 codice
2268 5556 2331 5607 Α.
2366 5551 2581 5621 legitur.
