3936 6208
520 212 620 270 891

1231 210 1498 270 EUSEBII
1529 208 2008 269 CAESARIENSIS
2042 211 2066 268 (

2167 217 2195 269 '.
2229 209 2410 267 PARS
2434 207 2524 268 III.
2562 235 2633 250 -—
2657 204 3063 265 EXEGETICA.
3597 209 3676 265 ιιι

522 343 716 406 nupta,
748 334 945 391 merito
978 334 1035 389 in
1075 332 1196 403 ejus
1229 334 1547 406 genealogia
1583 332 1936 405 intelligenda
1959 341 2066 400 est;

2180 333 2529 405 συνημμένην
2551 330 2630 403 τῷ
2660 331 2879 403 Ἰωσὴφ,
2921 328 3143 392 εἰκότως
3174 326 3677 398 συναντιλαμϐάνεσθαε

521 440 648 482 cum
684 426 986 497 praesertim
1032 425 1319 495 perspicue
1370 424 1809 481 demonstratum
1858 426 1929 479 sit
1976 440 2081 477 nou

523 518 702 575 solum
737 532 805 573 ex
843 515 964 585 ejus
993 516 1141 571 tribu
1197 515 1392 580 fuisse.
1429 533 1618 572 verum
1650 517 1814 572 etiam
1848 526 2006 588 gente
2030 525 2084 572 et

523 609 747 664 familia.
805 605 1199 678 Praeterquam
1231 610 1375 680 quod
1425 612 1588 665 etiam
1634 607 1854 665 Gabriel
1887 610 1944 663 in
1988 610 2083 666 illo

523 717 649 758 cum
692 699 869 754 Maria
920 701 1196 772 colloquio
1226 703 1529 757 vaticinans
1560 702 1703 757 inter
1732 708 1927 757 caetera
1966 701 2080 758 ait:

524 793 725 849 «Dabit
785 794 862 848 illi
920 791 1065 852 Deus
1109 795 1294 852 sedem
1362 795 1584 852 Davidis
1638 796 1811 866 patris
1862 795 1985 866 ejus
2016 815 2076 852 ε»

518 894 703 954 aperte
732 884 963 950 docens,
999 885 1121 950 eius
1157 887 1249 958 qui
1289 903 1359 943 ex
1413 888 1533 959 ipsa
1575 889 1892 944 nasciturus
1941 898 2080 955 erat,

516 972 775 1031 Davidem
802 992 925 1033 esse
962 979 1387 1049 progenitorem.
1437 978 1698 1050 Alioquin
1735 980 1829 1052 qui
1858 980 2081 1037 decuis-

515 1075 602 1123 set
626 1067 742 1122 haec
785 1068 856 1123 ab
886 1069 1079 1140 angelo
1115 1069 1222 1126 diei
1258 1061 1415 1141 apud
1455 1072 1764 1143 virginem,
1787 1072 1894 1128 nisi
1932 1088 2083 1128 eam-

514 1158 637 1214 dem
690 1157 758 1214 de
788 1157 1007 1214 Davidis
1047 1174 1244 1230 genere
1292 1177 1416 1218 esse
1444 1163 1843 1218 conﬁteretur?
1894 1162 2081 1234 Neque

513 1265 648 1306 sane
673 1249 889 1307 feminae
927 1253 1117 1308 alienae
1159 1268 1188 1306 a
1230 1252 1453 1311 Davidis
1484 1256 1656 1326 stirpe
1687 1256 1898 1311 dictum
1950 1255 2080 1312 fuis-

511 1348 618 1406 set,
672 1326 863 1396 «dabit
895 1344 973 1398 illi
1009 1342 1154 1401 Deus
1184 1345 1370 1400 sedem
1416 1346 1638 1402 Davidis
1682 1348 1854 1418 patris
1897 1349 2071 1419 ejus.»

512 1431 684 1498 Quem
743 1434 888 1489 enim
950 1449 1145 1489 narras
1206 1444 1439 1504 patrem,
1489 1438 1644 1509 virgo
1705 1439 2077 1509 respondisset

511 1522 654 1593 (qua:
683 1524 903 1593 quidem
960 1523 1238 1579 fatebatur
1281 1541 1340 1581 se
1389 1528 1568 1581 virum
1626 1528 1861 1593 nescire,
1921 1528 2078 1584 intel-

511 1613 717 1671 lexerat
748 1623 929 1670 autem
976 1615 1095 1671 fore
1127 1626 1187 1671 ut
1228 1615 1296 1672 de
1330 1616 1535 1688 Spiritu
1579 1626 1772 1675 sancto
1815 1621 2073 1691 concipe-

2184 425 2283 496 τῆς
2307 423 2653 493 γενεαλογίας
2682 423 2771 476 ὅτε
2808 421 3037 493 μάλιστα
3073 419 3164 490 τῆς
3198 418 3360 489 αὐτῆς
3398 418 3527 490 αὐτῷ
3547 422 3673 494 φυλῆς

2182 516 2243 569 οὐ
2276 516 2454 586 μόνον,
2489 513 2626 568 ἀλλὰ
2649 515 2744 569 καὶ
2775 513 2948 585 δήμου
2981 512 3075 565 καὶ
3117 512 3347 582 πατριᾶς
3374 512 3672 569 ἀποδέδεικται

2182 604 2444 678 γενομένη
2469 622 2483 637 °
2533 607 2627 660 καὶ
2666 605 2839 668 ἄλλως
2872 604 2931 658 δὲ
2971 604 3030 657 ὲν
3073 603 3151 674 τῷ
3182 602 3315 674 πρὸς
3335 602 3486 675 αὐτὴν
3507 621 3673 676 χρημαο

2179 696 2359 767 τισμῷ
2386 696 2654 761 θεσπίζων
2684 698 2713 749 ό
2744 694 2983 767 Γαδριὴλ
3014 694 3149 765 μετά
3192 692 3300 747 τῶν
3326 693 3483 747 ἄλλων
3509 696 3673 767 εἰρηκει

2188 807 2207 839 ι
2244 789 2351 843 Καὶ
2376 787 2531 841 δώσει
2566 786 2719 859 αὐτῷ
2746 789 2776 840 ό
2806 786 2937 850 Θεὸς
2968 785 3058 840 τὸν
3093 785 3277 858 θρόνον
3314 785 3464 838 Δαδὶδ
3494 786 3567 840 τώ
3596 806 3675 842 πα·

2180 880 2307 952 τρὸς
2333 879 2496 933 αὐτοῦ
2517 898 2529 910 ·
2568 899 2587 932 ι
2615 879 2803 950 σαφῶς
2836 878 3097 933 διδάσκων
3122 879 3207 931 ὅτι
3237 876 3329 931 τοῦ
3362 876 3417 941 ἐξ
3442 878 3579 949 αὐτῆς
3609 896 3673 948 γε.

2180 970 2476 1041 νησομένου
2510 970 2808 1043 προπάτωρ
2850 964 2920 1040 ἦν
2964 969 2993 1021 ὁ
3036 967 3230 1022 Δαδίδ·
3277 965 3388 1031 πῶς
3423 966 3517 1039 γὰρ
3545 966 3670 1033 ἄλλως

2179 1063 2324 1126 εἰκὸς
2348 1057 2416 1133 ἦν
2438 1061 2607 1116 ταῦτα
2628 1064 2694 1133 τῇ
2720 1061 2974 1132 παρθένῳ
2993 1059 3155 1129 (adulat
3179 1059 3269 1113 τὸν
3293 1057 3562 1130 intimi]
3584 1077 3676 1113 συν-

2179 1152 2540 1224 ομολογοῦντα
2582 1155 2648 1207 ἐκ
2686 1152 2780 1207 τοῦ
2829 1150 2991 1205 Δαόὶδ
3032 1146 3207 1215 sim;
3248 1150 3307 1203 οὐ
3347 1150 3445 1220 γὰρ
3471 1149 3527 1203 ἂν
3555 1151 3675 1222 μὴὲκ

2181 1243 2349 1298 Δαϐὶδ
2360 1243 2700 1318 τυγχανούσῃ
2718 1242 3023 1315 είρήκειτὸ,
3046 1260 3066 1293 ι
3085 1239 3255 1294 Δὼσει
3269 1239 3409 1311 αὐτῷ
3433 1243 3458 1294 ό
3483 1240 3591 1305 θεὸς
3612 1243 3675 1295 τὸν

2177 1334 2364 1407 θρόνον
2399 1336 2561 1390 Δασὶδ
2615 1335 2709 1390 τοῦ
2767 1333 2974 1407 πατρὸς
3029 1330 3228 1398 αὐτοῦ’
3261 1352 3281 1386 ›
3306 1333 3448 1387 ποίου
3474 1332 3566 1405 γὰρ
3596 1348 3674 1386 πα-

2176 1427 2338 1497 τρός;
2373 1428 2594 1492 εἰκότως
2614 1426 2678 1481 ἂν
2717 1428 2881 1499 ἤρετο
2911 1427 2945 1497 ἡ
2973 1425 3261 1500 παρθένος,
3294 1422 3587 1495 ὁμολογοῦσα
3605 1423 3673 1494 μὲν

2176 1518 2255 1572 ὅτι
2282 1517 2449 1589 ἄνδρα
2487 1519 2548 1571 οὑ
2590 1516 2863 1586 γινώσκει,
2898 1516 3144 1589 μαθοῦσα
3175 1515 3233 1570 δὲ
3265 1516 3345 1568 ὅτι
3388 1516 3448 1567 ὲκ
3480 1514 3669 1585 Πνεῦμαο

2175 1624 2266 1672 τος
2299 1609 2457 1678 ἀγίου
2503 1608 2846 1680 συλλήψεται,
2876 1610 2926 1661 εί
2967 1608 3043 1680 μὴ
3086 1609 3171 1661 ὅτι
3212 1605 3382 1679 σαφὴς
3412 1602 3474 1678 ἦν
3506 1608 3532 1661 ό
3560 1607 3671 1676 λόγος

508 1706 659 1777 ret),
715 1707 823 1762 nisi
868 1707 1092 1762 omnino
1147 1708 1194 1764 is
1241 1724 1423 1789 sermo
1453 1709 1597 1780 apud
1642 1710 1860 1769 Davidis
1906 1712 2066 1768 ﬁliam

2175 1701 2307 1771 πρὸς
2345 1699 2615 1772 θυγατέρα
2657 1700 2822 1755 Δασὶδ
2855 1699 3144 1773 λεγόμενος
3161 1716 3175 1731 ο
3211 1698 3357 1752 ἐνθεν
3391 1698 3581 1762 εἰκότως
3599 1715 3673 1768 φη-

509 1795 694 1853 ﬁeret?
737 1797 875 1853 Hinc
912 1804 1035 1868 apte
1080 1796 1257 1854 Lucas
1288 1800 1401 1856 ait:
1442 1819 1461 1851 ι
1485 1800 1747 1857 Ascendit
1772 1811 1952 1858 autem
1976 1802 2073 1859 Jo-

510 1889 714 1958 sephus
747 1888 815 1943 de
848 1888 1071 1944 Galilzea
1107 1906 1174 1956 ex
1226 1891 1360 1947 urbe
1408 1890 1682 1949 Nazaretb
1709 1894 1766 1949 in
1804 1894 2069 1959 Iudaeam.

508 1986 571 2033 ut
596 1993 796 2034 nomen
841 1994 1002 2035 suum
1038 1981 1389 2050 proﬁteretur
1420 1982 1475 2037 in
1523 1984 1661 2040 urbe
1707 1984 1932 2042 Davidis
1983 1989 2073 2042 cui

507 2082 710 2123 nomen
742 2066 1079 2135 Bethlehem,
1119 2080 1405 2141 propterea
1441 2073 1583 2143 quod
1618 2083 1763 2130 esset
1806 2076 1873 2131 de
1909 2074 2072 2132 domo

508 2155 823 2228 familiaque
857 2157 1075 2216 Davidis
1103 2176 1226 2215 cum
1251 2161 1421 2217 Maria
1449 2164 1777 2235 desponsata
1799 2166 1905 2222 sibi
1935 2182 2071 2238 prae-

506 2255 761 2319 gnante.»
832 2245 989 2303 Haud
1015 2264 1145 2321 ergo
1182 2251 1409 2309 ulterius
1436 2268 1560 2308 cum
1601 2255 1955 2326 perplexitate
1992 2257 2071 2313 le-

506 2353 696 2410 gemus
745 2338 891 2395 hunc
946 2339 1221 2413 Evangelii
1272 2342 1477 2410 locum,
1528 2360 1627 2400 ceu
1670 2346 1715 2402 si
1773 2344 1945 2403 Maria
1999 2346 2068 2402 ad

504 2428 870 2498 proﬁtendum
918 2432 1302 2487 tantummodo
1360 2449 1557 2490 nomen
1618 2435 1897 2503 venisset;
1969 2435 2067 2492 sed

504 2518 681 2589 ipsam
712 2529 932 2589 quoque
975 2521 1310 2589 putabimus,
1344 2521 1491 2578 haud
1517 2538 1679 2579 secus
1710 2538 1875 2594 quam
1910 2523 2068 2581 Jose-

504 2607 697 2680 phum,
728 2608 796 2666 de
848 2609 1012 2665 domo
1061 2610 1375 2686 familiaque
1444 2613 1666 2672 Davidis
1701 2631 1854 2673 esse;
1905 2631 2065 2686 quam

508 2695 853 2767 Scripturam
899 2707 960 2754 ut
1003 2700 1079 2754 ita
1119 2685 1562 2774 interpretemur,
1609 2685 1945 2778 argumentis
1998 2708 2066 2763 iis

503 2789 713 2846 utimur
738 2805 868 2861 qua:
907 2793 1176 2851 hactenus
1206 2796 1553 2867 protulimus.
1589 2797 1731 2869 Ergo
1756 2800 2062 2869 perspicue,

503 2891 566 2939 lt
593 2880 808 2952 opinor,
839 2882 1267 2942 demonstratum
1297 2894 1402 2951 est,
1437 2888 1578 2943 haud
1610 2896 1817 2945 temere
1842 2887 2064 2961 Josepbi

500 2969 874 3043 genealogiam
913 2973 981 3028 ab
1010 2974 1228 3047 inclytis
1267 2978 1528 3046 apostolis
1558 2977 1732 3034 fuisse
1757 2989 2058 3049 narratam,

501 3068 557 3117 et
587 3058 811 3115 Mariam
835 3061 903 3116 de
945 3077 1141 3134 genere
1182 3064 1405 3121 Davidis
1447 3082 1577 3124 vere
1607 3069 1867 3138 derivari,
1900 3073 2061 3130 item-

2175 1791 2256 1845 civ
2293 1792 2322 1845 ό
2355 1793 2593 1855 Λουκᾶςο
2626 1810 2645 1844 ι
2688 1791 2875 1863 Ἀνέϐη
2916 1791 2974 1846 δὲ
3008 1791 3104 1846 καὶ
3145 1791 3339 1862 Ἰωσὴφ
3367 1790 3428 1844 ἐκ
3454 1791 3537 1862 τῆς
3557 1790 3673 1843 fait-

2169 1883 2323 1948 λαίας
2348 1884 2414 1937 ὲκ
2438 1883 2643 1949 πόλεως
2681 1883 2934 1956 Ναζαρὲθ
2973 1885 3054 1948 είς
3081 1882 3181 1955 τὴν
3215 1883 3459 1936 Ἰουδαίαν
3484 1883 3672 1953 ἀπογρά-

2168 1973 2368 2045 ψασθαι
2397 1977 2476 2039 είς
2508 1975 2658 2029 πόλιν
2681 1974 2846 2029 Δαϐὶδ
2868 1975 2990 2046 ἥτις
3015 1974 3258 2029 καλεῖται
3281 1973 3521 2046 Βηθλεὲμ,
3542 1973 3611 2027 διὰ
3626 1974 3674 2027 τὸ

2168 2062 2305 2121 εἶναι
2336 2067 2497 2121 αὑτὸν
2528 2066 2587 2134 ἐξ
2619 2066 2769 2121 οἴκου
2812 2066 2906 2120 καὶ
2938 2068 3177 2138 πατριᾶς
3218 2066 3379 2120 Δαδὶδ
3417 2068 3501 2119 σὺν
3530 2065 3672 2136 Μαρία

2167 2162 2232 2230 τῇ
2262 2159 2712 2231 μεμνηστευμένῃ
2757 2158 2904 2229 αὐτῷ
2933 2157 3072 2233 οὔσῃ
3116 2159 3319 2231 ante.
3351 2177 3369 2210 ι
3403 2158 3569 2212 οὐκέτι
3593 2156 3674 2226 γὰρ

2166 2249 2474 2320 ἀμφιϐόλως
2492 2249 2913 2321 ἀναγωσόμεθα
2934 2250 3031 2321 τὴν
3046 2250 3327 2323 παροῦσαν
3351 2250 3503 2317 λέξιν,
3521 2248 3583 2311 ὡς
3598 2247 3669 2319 τῆς

2167 2340 2384 2410 Μαρίας
2430 2338 2847 2412 ἀπογράψασθαι
2888 2339 3054 2411 μόνης
3094 2339 3464 2411 συνελθούσης,
3501 2337 3592 2392 ἀλλ’
3614 2336 3671 2399 ὡς

2167 2430 2261 2483 καὶ
2292 2430 2460 2502 αὐτῆς
2484 2432 2580 2485 σὺν
2601 2430 2680 2501 τῷ
2715 2430 2913 2501 Ἱωσὴιρ
2939 2430 2998 2498 ἐξ
3020 2427 3175 2485 οἴκου
3201 2432 3295 2484 καὶ
3329 2426 3673 2500 nupti;le

2165 2518 2512 2592 ὑπαρχούσης
2536 2558 2552 2583 ,
2595 2520 2693 2584 τάς
2735 2520 3035 2588 ἀποδείξεις
3086 2520 3306 2592 ἔχοντες
3346 2522 3438 2592 τῆς
3472 2518 3670 2588 τοιαύτης

2165 2609 2456 2682 ἑρμηνείας
2481 2610 2575 2664 τοῦ
2617 2610 2774 2681 λόγου
2816 2612 2882 2665 ὲκ
2920 2612 3028 2667 τῶν
3073 2611 3573 2684 προαποδεδομένων.
3596 2611 3667 2662 Δε-

2164 2701 2368 2772 δεῖχθαι
2398 2703 2577 2757 τοίνυν
2614 2702 2800 2772 σαφῶς
2838 2703 3098 2776 ἠγοῦμαι,
3126 2705 3211 2758 δτι
3249 2704 3322 2776 μὴ
3364 2703 3565 2774 μάτηνὸ
3590 2701 3669 2761 Ἰωρ

2167 2793 2273 2864 σὴφ
2294 2795 2690 2865 ὲγενεαλογεῖτο
2712 2795 2863 2869 παρά
2882 2800 2995 2861 τοῖς
3022 2795 3347 2868 θαυμασίοις
3367 2793 3452 2847 τοῦ
3475 2791 3668 2861 Σωτῆρος

2164 2884 2321 2956 ἡμῶν
2352 2886 2687 2952 ἀποστόλοις,
2720 2887 2827 2942 καὶ
2851 2889 3000 2951 ὅπως
3037 2888 3070 2957 ἠ
3110 2887 3300 2958 Μαρία
3331 2889 3391 2940 ἐκ
3422 2883 3669 2953 σπέρματος

2162 2972 2295 3030 οὖσα
2339 2977 2433 3032 τοῦ
2475 2977 2636 3032 Δασὶδ
2669 2981 3002 3043 συνίσταται,
3034 2979 3064 3033 ὃ
3089 2996 3153 3032 τε
3190 2979 3253 3045 ἐξ
3278 2977 3439 3048 αὐτῆς
3465 2990 3665 3046 γεγεννη-

2168 3070 2325 3141 μένος
2365 3068 2572 3141 Ἰησοῦς
2598 3071 2629 3124 ό
2658 3071 2892 3144 Χριστὸς
2921 3071 3016 3127 τοῦ
3049 3071 3213 3128 Θεοῦ.

502 3168 608 3224 que
638 3167 787 3217 eum,
818 3152 912 3223 qui
950 3169 1017 3210 ex
1042 3156 1161 3227 ipsa
1198 3168 1362 3218 natus
1399 3169 1512 3227 est,
1557 3160 1745 3219 Jesum
1798 3163 1895 3220 Dei
1952 3182 2059 3222 un-
2168 3186 2175 3195 '

501 3253 673 3300 ctum.

1257 3341 1321 3397 ll.

501 3448 614 3505 Cur
672 3450 815 3527 alter
863 3455 1178 3527 euangelista
1225 3473 1445 3526 superne
1499 3458 1565 3512 ab
1612 3459 1917 3519 Abrahamo
1963 3479 2064 3519 ea:-

572 3536 726 3597 o_rsus
780 3522 1011 3597 deducat
1061 3522 1452 3597 genealogiam;
1527 3530 1663 3585 alter
1732 3547 1907 3589 autem
1977 3536 2057 3589 in-

582 3591 728 3672 ferne
759 3591 1385 3672 _sabgrediatur;_neque
1428 3599 1484 3652 in
1531 3599 1836 3672 Abrahamo
1879 3606 2060 3672 sistat,

571 3661 662 3715 sed
700 3661 770 3715 ad
794 3661 1061 3720 Adamum
1089 3661 1349 3721 ac'Deam
1378 3684 1539 3739 usque
1570 3669 1829 3731 deveniat.

572 3750 625 3808 ί.
659 3749 1033 3818 Quaestionum
1069 3771 1099 3809 a
1131 3767 1185 3811 te
1212 3758 1611 3828 propositarum
1654 3762 1897 3818 secunda
1946 3765 2061 3821 haec

499 3839 626 3897 fuit.
680 3842 1062 3917 Genealogiam
1112 3846 1396 3903 Mattbaaus
1447 3864 1516 3904 ex
1558 3849 1870 3906 Abrahamo
1916 3854 2063 3909 deri-

499 3938 630 4000 vat;
671 3930 850 3990 Lucas
880 3945 1061 3990 autem
1093 3940 1425 3992 contrariam
1466 3939 1593 3994 huic
1627 3940 1769 3994 viam
1804 3943 2061 4001 insistens

499 4021 693 4093 incipit
742 4025 841 4080 abs
897 4024 1158 4097 Josepho,
1216 4029 1498 4099 tenditque
1552 4030 1619 4085 ad
1673 4030 1941 4088 Adamum
1997 4050 2061 4091 ac

498 4109 689 4168 Deum.
729 4114 888 4186 Atqui
918 4118 1223 4186 Oportebat,
1263 4118 1531 4188 siquidem
1588 4120 1643 4175 bi
1689 4137 1936 4178 consona
1976 4125 2061 4180 in-

496 4203 671 4259 vicem
714 4213 769 4261 et
827 4216 1195 4263 consentanea
1226 4210 1559 4276 scribebant,
1603 4214 1688 4268 vel
1722 4213 1924 4270 Lucam
1970 4232 2059 4274 as-

498 4295 821 4352 cendentem
858 4297 913 4352 in
942 4299 1253 4355 Abrahamo
1277 4303 1610 4372 consistere;
1639 4307 1724 4361 vel
1752 4306 2056 4364 Mattbazum

2912 3360 2966 3413 B'

2161 3470 2264 3525 Διὰ
2293 3470 2349 3524 τί
2355 3473 2412 3545 Δὁ
2569 3471 2794 3527 ἄνωθεν
2845 3472 2963 3528 ἀπὸ
2987 3474 3092 3529 τοῦ
3138 3474 3378 3545 Ἀϐραὰμ
3399 3470 3663 3545 dpdequ

2218 3542 2456 3613 κατάγει
2487 3542 2603 3613 τὴν
2625 3545 3015 3613 γενεαλογίαν
3030 3561 3045 3576 ο
3073 3547 3109 3599 ὁ
3128 3545 3200 3599 δὲ
3222 3541 3476 3600 κάτωθεν
3496 3541 3660 3613 MM},

2231 3610 2387 3684 mea
2428 3612 2549 3684 ἐπὶΔ
2575 3610 2683 3684 τόν
2720 3610 2977 3684 Ἀϐραὰμ
3031 3616 3291 3679 ἵσταται,
3321 3614 3448 3669 ἀλλέ
3479 3610 3561 3666 ἐπι
3588 3610 3662 3663 τὸν

2245 3681 2426 3751 Ἀδὰμ
2456 3681 2556 3735 καὶ
2583 3682 2689 3736 τόν
2723 3686 2891 3738 Θεόν.

2232 3781 2299 3828 α’.
2329 3775 2402 3828 Τὸ
2444 3774 2692 3845 δεύτερον
2729 3775 2837 3828 τῶν
2874 3776 2979 3829 ὑπὸ
3024 3776 3125 3830 σοῦ
3168 3777 3518 3850 προταθέντων
3548 3771 3661 3826 τοῦτο

2158 3860 2260 3937 ἦν’
2292 3867 2322 3919 ό
2349 3866 2445 3937 μὲν
2473 3865 2747 3930 Ματθαῑος
2782 3867 2890 3922 ἀπὸ
2926 3868 3021 3922 τοῦ
3061 3868 3311 3942 Ἀϐραὰμ
3356 3868 3552 3936 κατάγει
3592 3862 3660 3931 τὴν

2159 3958 2524 4029 γενεαλογίαν,
2550 3959 2579 4011 ό
2608 3958 2665 4010 δὲ
2693 3960 2906 4024 Λουκᾶς
2943 3960 3040 4031 τὴν
3081 3962 3329 4016 ἐναντίαν
3367 3963 3531 4014 τούτου
3555 3952 3659 4026 βαδίο

2163 4066 2278 4114 σοις,
2308 4049 2509 4123 ἧρξατο
2542 4050 2644 4122 μὲν
2672 4050 2780 4105 ἀπὸ
2810 4050 2901 4105 τοῦ
2944 4052 3163 4123 Ἰωσὴφ,
3191 4052 3374 4121 ἀνάγει
3406 4051 3458 4104 δὲ
3492 4047 3567 4101 ἐπὶ
3594 4043 3659 4095 τὸν

2175 4140 2342 4212 Ἀδὰμ
2387 4142 2481 4194 καὶ
2520 4140 2610 4194 τὸν
2655 4140 2818 4195 Θιεόν⁸
2854 4141 2993 4206 δέον,
3022 4141 3137 4210 εῐγε
3182 4143 3435 4215 σύμφωνα
3469 4140 3547 4193 καὶ
3570 4152 3659 4188 συν-

2159 4232 2270 4303 ῳδά
2314 4232 2560 4302 ἀλλήλοις
2585 4231 2840 4303 ἔγραφον,
2870 4232 2904 4304 ἦ
2938 4232 3029 4287 τὸν
3063 4234 3280 4288 Δουκᾶν
3309 4232 3505 4287 ἀνιόντα
3538 4224 3658 4298 μέχρι

2160 4321 2252 4375 τοῦ
2308 4320 2554 4393 Ἀϐραὰμ
2593 4322 2800 4393 στῆναι,
2829 4321 2864 4393 ἢ
2912 4321 3006 4376 τὸν
3044 4322 3319 4377 Ματθαῖον
3361 4321 3429 4394 μὴ
3465 4317 3552 4375 ἀπὺ
3587 4311 3656 4367 τοῦ

493 4384 639 4441 haud
661 4404 727 4441 ex
740 4388 1044 4444 Abrahamo
1058 4392 1422 4464 genealogiam
1441 4371 1632 4461 ordiri,
1655 4399 1748 4453 sed
1765 4416 1831 4454 ex
1850 4400 2059 4455 Adamo

2172 4371 2864 4482 '~n..;;,";a-‘t;r;.a
2905 4371 3313 4484 angnia.
3360 4371 3656 4477 ζωὶτέληεενι

495 4475 555 4530 in
585 4490 746 4546 quem
782 4475 959 4533 Lucas
985 4478 1201 4535 desivit.
1226 4513 1296 4522 —
1334 4482 1533 4541 Facilis
1575 4494 1660 4542 est
1701 4487 1867 4559 bujus
1922 4504 2058 4560 quo-

494 4580 604 4636 que
626 4567 947 4635 quaestionis
976 4570 1294 4640 explicatio,
1340 4590 1519 4647 neque
1560 4578 1734 4632 multo
1777 4582 2054 4638 sermonis

494 4657 727 4713 artiﬁcio
784 4658 1025 4731 indiget:
1073 4670 1302 4735 uterque
1356 4667 1502 4722 enim
1563 4671 1898 4743 evangelista
1948 4689 2057 4729 una

492 4750 580 4804 via
622 4749 890 4821 graditur.
928 4749 1063 4807 Nam
1103 4762 1158 4811 et
1186 4755 1308 4815 illos
1352 4761 1448 4829 qui
1505 4775 1764 4831 prorsum
1807 4777 2059 4820 sursum-

491 4856 600 4913 que
622 4843 944 4912 ascendunt,
979 4845 1217 4921 itemque
1248 4850 1372 4907 illos
1405 4854 1500 4925 qui
1540 4856 1833 4913 adversum
1865 4860 2054 4915 eadem

492 4932 581 4987 via
638 4933 1001 5006 descendunt,
1046 4939 1191 4995 haud
1251 4943 1540 5015 quisquam
1585 4945 1794 5005 diceret
1841 4948 2058 5007 diverso

490 5025 711 5083 tramite
757 5028 1025 5087 incedere.
1099 5032 1224 5104 quia
1251 5035 1463 5091 scilicet
1503 5053 1611 5093 una
1655 5039 1725 5095 ab
1767 5042 2052 5114 ,utrisque,

493 5115 552 5172 id
599 5125 686 5175 est
738 5120 808 5176 ab
859 5124 1283 5182 ascendentibus
1332 5126 1924 5204 descendentibusque,
1969 5135 2055 5190 via

493 5209 711 5267 teritur.
752 5210 955 5269 Eadem
1004 5214 1169 5287 igitur
1206 5219 1350 5273 ratio
1377 5231 1463 5276 est
1494 5222 1551 5276 in
1578 5224 1796 5294 generis
1831 5240 2054 5283 succes-

496 5300 767 5358 sionibus.
827 5304 1005 5376 Atque
1032 5307 1122 5362 hic
1158 5323 1278 5365 mos
1316 5311 1621 5382 antiquitus
1661 5313 1902 5375 Hebraeis
1938 5319 2055 5389 pla-

450 5386 465 5402 ⁶
494 5390 631 5459 cuit,
660 5403 715 5449 et
748 5393 802 5448 in
845 5393 1393 5469 divinis.Scripturis
1441 5403 1704 5461 solemnis
1746 5415 1852 5463 est.
1913 5386 2054 5466 Ecce

492 5480 637 5537 enim
675 5482 729 5536 in
750 5481 944 5540 Rutbte
964 5485 1180 5556 quidem
1210 5488 1348 5544 libro
1374 5504 1547 5562 genus
1570 5490 1789 5550 Davidis
1818 5510 2053 5567 superne

566 5615 648 5686 (ε)
684 5614 819 5672 Cod.
852 5618 918 5685 Α,
950 5619 989 5678 ι.
1017 5620 1107 5692 65,
1138 5622 1301 5681 habet
1322 5624 1494 5690 οὕτως
1523 5641 1623 5699 pro
1645 5626 1735 5683 διά
1755 5629 1978 5689 τούτων.

2159 4502 2404 4565 Λουκᾶς,
2457 4502 2800 4574 ἀπάρξασθαι
2830 4502 2927 4574 τῆς
2958 4503 3322 4573 γενεαλογίας.
3355 4530 3418 4541 -
3445 4495 3595 4569 Ῥᾳδία
3614 4491 3653 4544 δέ

2158 4593 2252 4645 καὶ
2293 4593 2495 4648 τούτων
2540 4597 2574 4666 ἡ
2623 4594 2794 4660 λύσις,
2841 4597 2935 4649 καὶ
2982 4596 3100 4650 οὐδὲ
3152 4595 3346 4666 πολλῆς
3379 4586 3653 4653 κατασκευῆς

2158 4683 2403 4756 δεομένη,
2459 4685 2585 4756 μίαν
2627 4687 2959 4758 ἀμφοτέροις
3008 4687 3127 4741 ὁδὸν
3179 4687 3517 4760 πορευθεῖσιν·
3565 4676 3650 4733 ἐπεὶ

2158 4775 2252 4828 καὶ
2297 4776 2423 4840 τοὺς
2462 4778 2661 4848 ἀνάντη
2708 4778 2799 4831 καὶ
2840 4777 3021 4850 ὄρθιον
3054 4780 3274 4850 πορείαν
3317 4778 3550 4838 ἀνιόντας,
3585 4767 3650 4823 καὶ

2157 4868 2281 4930 τοὺς
2309 4865 2543 4938 ἔμπαλιν
2568 4867 2655 4921 διά
2690 4871 2789 4940 τῆς
2831 4869 3001 4938 αὐτῆς
3045 4870 3342 4933 κατιόντας,
3380 4868 3469 4921 οὐκ
3504 4862 3558 4917 ἄν
3593 4873 3648 4919 τις

2158 4956 2348 5028 ἑτέραν
2388 4957 2518 5029 φαίη
2566 4957 2827 5029 βαδίζειν,
2861 4960 2989 5030 μιᾶς
3027 4961 3349 5033 ἀμφοτέροις
3375 4950 3645 5027 ἐγκειμένης.

2155 5050 2268 5113 τοῖς
2296 5064 2353 5101 τε
2387 5048 2595 5103 ἀνιοῦσι
2624 5051 2718 5105 καὶ
2744 5053 2855 5115 τοῖς
2897 5051 3137 5106 κατιοῦσι
3155 5093 3170 5119 ,
3199 5052 3375 5125 τρίϐου
3394 5068 3407 5082 ·
3433 5048 3512 5102 τόν
3530 5038 3647 5098 αὕτδν

2157 5136 2287 5208 γοῦν
2316 5141 2513 5208 τρόπον
2548 5141 2641 5195 καὶ
2682 5141 2775 5194 ἐπὶ
2806 5142 2907 5213 τῆς
2942 5141 3049 5196 τῶν
3081 5144 3251 5212 γενῶν
3281 5141 3504 5212 διαδοχῆς
3542 5131 3645 5200 πάρ’

2156 5247 2321 5285 εστινο
2350 5224 2504 5295 οὗτος
2526 5231 2581 5285 δὲ
2608 5230 2885 5305 πόρρωθεν
2908 5233 3175 5306 Ἑϐραίοις
3195 5234 3339 5304 φίλος
3360 5227 3422 5304 ἦν
3440 5231 3465 5284 ό
3480 5224 3641 5298 τρότωςν

2155 5321 2380 5376 καὶτῶν
2410 5324 2568 5377 θείων
2600 5322 2836 5395 συνήθης
2860 5324 3118 5397 Γραφῶνο
3147 5326 3336 5379 αὐτίκα
3358 5321 3473 5392 γοῦν
3498 5320 3545 5371 ὲν
3573 5312 3640 5385 μὲν

2153 5415 2218 5484 τῇ
2243 5411 2407 5485 βίϐλῳ
2429 5414 2529 5484 τῆς
2560 5415 2712 5469 Ῥοὺθ
2753 5414 2915 5469 Δαῦὶδ
2944 5416 3150 5471 ἀνωθεν
3176 5417 3279 5471 ἀπὸ
3303 5414 3389 5469 τοῦ
3419 5408 3640 5471 1066416-

2154 5500 2482 5572 νεαλογείται
2501 5502 2587 5558 διὰ
2617 5504 2818 5559 τούτων
2848 5503 2955 5576 (5)·
2984 5524 3004 5558 ι
3043 5507 3152 5561 Καὶ
3182 5501 3329 5561 αὗται
3370 5505 3416 5557 αξ
3454 5494 3641 5569 γενέσεις
