3936 6208
266 145 373 204 893

810 143 1273 213 QUESTIONES
1309 146 1764 204 EVANGELICIE
1805 147 1895 202 AD
1935 144 2374 204 STEPHANUSL
2414 178 2483 189 —
2519 144 2840 214 QUASSTlO
2878 142 2963 199 ll].

3392 149 3496 203 89.!

259 259 437 330 Φαρὲς
477 256 524 329 (ὁ
548 257 605 311 δὲ
642 252 709 329 ἦν
748 258 916 312 Ἰούδα
958 259 1050 313 τοῦ
1088 260 1384 332 άρχιφύλου
1430 263 1623 334 παῖς)·
1665 265 1827 334 Φαρὲς

1939 277 1968 315 a
1990 261 2128 316 Juda
2155 261 2423 316 evolvitur
2455 259 2537 314 sic
2565 279 2575 312 :
2618 279 2635 310 ι
2666 257 2758 313 Hae
2794 266 2922 314 sunt
2948 258 3328 329 generationes
3351 259 3496 315 Pha-

262 351 515 421 ἐγέννησε
569 352 660 404 τὸν
715 350 959 423 Ἑσρώμ·
1021 353 1112 405 καὶ
1167 352 1383 423 Ἐσρὼμ
1431 356 1684 424 ἐγέννησε
1742 355 1831 408 τὸν

274 439 479 511 Ἀράμ·
538 441 628 493 καὶ
686 438 863 511 Ἀρὰμ
912 441 1170 511 ἐγέννησε
1211 442 1302 494 τὸν
1354 444 1680 514 Ἀμιναδάϐ·
1739 445 1833 498 καὶ

274 531 565 604 Ἀμιναδὰὸ
616 533 871 602 ἐγέννησε
930 534 1020 586 τὸν
1071 535 1369 589 Ναασσών·
1421 537 1514 589 καὶ
1565 535 1832 590 Ναασσὼν

261 627 515 696 ἐγέννησε
559 626 649 679 τὸν
695 625 949 695 Σαλμών·
1002 630 1095 679 καὶ
1154 628 1381 700 Σαλμὼν
1439 630 1694 699 ἐγέννησε
1742 628 1831 682 τὸν

260 716 393 780 Βοός
413 734 424 745 ·
452 716 547 769 καὶ
578 715 712 780 Boot
742 715 995 787 ἐγέννησε
1030 719 1120 771 τὸν
1150 720 1336 790 Ὠϐήδ·
1363 721 1456 773 καὶ
1488 720 1643 791 Ὠϐὴδ
1683 720 1833 787 ἐγέν-

259 826 391 878 νησε
418 808 508 861 τὸν
542 807 739 861 Ἰεσσαί
762 827 773 839 ·
806 809 899 861 καὶ
939 809 1131 861 Ἰεσσαὶ
1171 810 1425 881 ἐγέννησε
1464 811 1554 864 τὸν
1591 812 1769 864 Δαϐίδ.
1808 830 1825 859 ι

260 897 462 951 Τοῦτον
483 897 527 949 δ’
550 892 642 950 οῦν
667 898 826 952 αὐτὸν
850 898 1081 953 τέθειται
1108 900 1198 954 καὶ
1219 904 1245 954 6
1270 901 1543 966 Ματθαῖος
1572 904 1662 957 τὸν
1704 904 1829 974 τρό-

262 1003 366 1039 πον

230 1095 241 1107 .
335 1079 401 1148 βυ,
439 1079 503 1131 Ἦ
526 1078 581 1131 δέ
605 1096 669 1147 γε
685 1080 879 1150 πρώτη
890 1080 996 1134 τῶν
1016 1082 1309 1137 ΒασιλειὸΝ
1331 1084 1454 1155 ἑξῆς
1476 1083 1827 1155 διαδεξαμένη

225 1170 357 1240 ,τῆς
396 1170 551 1223 Ῥοὺθ
596 1171 692 1242 τὴν
741 1173 977 1243 γραφὴν,
1010 1172 1117 1226 ἀπὸ
1162 1174 1269 1227 τῶν
1315 1175 1554 1227 κάτωθεν
1604 1177 1825 1240 ἄνεισιν,

255 1262 446 1334 ῶσπερ
470 1259 562 1316 οῦν
595 1265 892 1335 πεποίηκεν
926 1267 954 1318 6
976 1267 1213 1330 Λουκᾶςο
1239 1267 1328 1320 τὸν
1354 1267 1481 1335 γοῦν
1504 1265 1713 1339 πατέρα
1736 1266 1829 1320 τοῦ

258 1354 508 1427 Σαμουὴλ
539 1356 629 1407 τὸν
667 1355 896 1409 Ἐλκανᾶ
925 1357 1323 1425 γενεαλογοῦσα
1353 1351 1455 1410 ὧδέ
1490 1375 1643 1429 φησν
1677 1375 1694 1406 ι
1721 1357 1831 1410 Καὶ

256 1446 472 1513 ἐγένετο
515 1446 795 1517 ἄνθρωπος
843 1447 901 1512 ἐξ
940 1448 1250 1518 Ἀρμαθαὶμ
1299 1448 1532 1519 Σουφεὶρ
1575 1447 1634 1515 ἐξ
1673 1448 1831 1516 ὅρους

274 1536 511 1608 Ἐφραίμ
533 1555 546 1567 ο
584 1537 677 1590 καὶ
713 1538 882 1608 ὄνομα
923 1539 1071 1609 αὐτῷ
1115 1539 1363 1601 Ἐλκανᾶ,
1392 1540 1507 1603 υἱὸς
1542 1538 1826 1610 Ἰερεμιὴλ,

262 1629 379 1681 υἱοῦ
396 1628 587 1691 Ἐλίου,
618 1629 732 1682 υἱοῦ
760 1629 913 1693 Θοοῦ,
944 1630 1059 1683 υἱοῦ
1090 1631 1247 1700 Σοῦρ,
1280 1632 1652 1702 Ἑφραταῖος.»
1674 1630 1831 1683 Ἀλλά

258 1721 356 1773 καὶ
403 1722 460 1773 ἐν
501 1724 610 1784 τοῖς
646 1722 1140 1794 Παραλειπομένοις
1170 1725 1246 1793 (7)
1292 1725 1424 1778 ποτὲ
1459 1724 1557 1794 μὲν
1584 1724 1692 1778 άπὸ
1722 1724 1831 1777 τῶν

262 1811 494 1883 πρώτων
536 1814 629 1873 ἐπὶ
668 1813 793 1877 τοὺς
820 1814 1101 1887 δευτέρους
1146 1815 1378 1886 καθεξῆς
1420 1815 1661 1886 πρόεισιν
1687 1817 1715 1868 6
1746 1816 1833 1868 16,-

260 1920 377 1971 γος,
404 1906 468 1974 τῇ
495 1901 589 1956 τοῦ
627 1904 905 1958 Ματθαίου
944 1907 1126 1976 γραφῇ
1168 1905 1578 1977 παραπλησίως,
1614 1906 1742 1959 ποτὲ
1774 1907 1831 1959 δὲ

260 1994 518 2067 ἐμφερῶς
565 1996 642 2066 τῷ
688 1997 871 2067 Λουκᾷ
913 1997 1252 2065 γενεαλογεῖ·
1286 1997 1513 2051 ἄκουσον
1560 1997 1690 2065 γοῦν
1737 1999 1832 2051 καὶ

255 2087 445 2140 τῶνδε·
483 2106 500 2137 ι
531 2086 710 2149 Δαδὶδ,
744 2089 927 2161 φησὶν,
963 2084 1030 2159 ἦν
1079 2088 1190 2152 υἱὸς
1238 2087 1505 2157 Σολομῶν,
1534 2090 1645 2152 υἱὸς
1677 2090 1830 2143 Σολο-

266 2178 385 2249 μῶν
426 2178 675 2248 Ῥοϐοάμ,
695 2179 848 2232 Ἀϐιά
878 2180 988 2243 υἱὸς
1016 2179 1203 2241 αὐτοῦ,
1222 2179 1351 2233 Ἀσὰ
1374 2180 1485 2243 υἱὸς
1516 2180 1831 2244 αὑτοῦ,Ἰω-

262 2270 441 2339 σαφάτ
485 2270 597 2333 υίὸς
643 2270 1047 2342 αῦτοῦ,’ῐωρὰμ
1094 2271 1206 2333 υἱὸς
1240 2270 1685 2341 αὑτοῦ,”οχοζίας
1718 2274 1829 2335 υἱὸς

259 2361 449 2425 αὐτοῦ,
469 2362 617 2425 ’ῐωὰς
663 2362 775 2425 υἱὸς
809 2362 994 2426 αὑτοῦ,
1014 2363 1274 2432 Ἀμασίας
1307 2363 1419 2425 υἱὸς
1448 2363 1611 2416 αὐτοῦ
1632 2380 1644 2393 ο
1679 2382 1699 2417 ι
1736 2365 1828 2417 καὶ

257 2452 402 2505 οὕτω
451 2453 678 2524 καθεξῆς
724 2454 932 2506 κάτεισι
1001 2453 1161 2526 μέχρι
1196 2454 1287 2507 τοῦ
1328 2456 1574 2526 Ἰεχονίου
1602 2457 1695 2509 καὶ
1731 2458 1827 2527 τῆς

254 2546 339 2607 εἱς
380 2546 668 2598 Βαϐυλῶνα
696 2546 1089 2618 αἰχμαλωσίας,
1119 2547 1192 2611 ὡς
1227 2548 1258 2600 6
1290 2547 1689 2611 Ma‘tBaiog.'ﬂ;
1718 2548 1773 2601 δὲ
1800 2551 1828 2601 6

252 2638 490 2699 Λουκᾶς,
522 2639 554 2708 ἡ
578 2636 713 2708 αὐτὴ
740 2637 897 2689 πάλιν
927 2638 1098 2690 ἄνεισι
1127 2638 1315 2709 Γραφὴ
1347 2638 1437 2690 τὸν
1471 2638 1720 2709 Σαμουὴλ
1743 2655 1828 2705 γε·

253 2727 617 2796 νεαλογοῦσα·
668 2730 800 2799 φησὶ
851 2728 1013 2797 γοῦν·
1066 2749 1083 2780 ι
1114 2728 1363 2801 Σαμουὴλ
1419 2730 1535 2783 υἱοῦ
1575 2730 1823 2793 Έλκανᾶ,

252 2819 376 2873 υἱοῦ
419 2820 697 2892 ’ῐεροϐοὰμ
748 2820 864 2891 (8),
909 2819 1024 2873 υἱοῦ
1070 2821 1274 2894 Ἦλιὴλ,
1328 2822 1439 2876 υἱοῦ
1502 2822 1656 2889 Θοοῦ,
1709 2822 1825 2875 υἱοῦ

1934 368 2021 407 res
2084 352 2194 423 (hic
2227 360 2343 406 erat
2384 350 2536 405 Inda:
2561 350 2884 419 patriarcha:
2920 351 3116 420 ﬁlius).
3154 349 3359 406 Phares
3401 368 3497 422 ge-

1932 445 2052 496 nuit
2114 441 2435 508 Esronem;,
2464 441 2639 497 Esron
2682 443 2869 513 genuit
2919 441 3218 507 Aramum;
3261 443 3494 499 Aramus

1933 534 2120 606 genuit
2154 533 2589 598 Aminadabum;
2650 534 3023 587 Aminadabus
3055 534 3242 602 genuit
3294 534 3495 591 Nasso.

1933 643 2091 693 nem;
2151 625 2365 681 Nasson
2413 628 2600 697 genuit
2653 624 2999 688 Salmonem;
3045 624 3267 679 Salmon
3313 627 3499 695 genuit

1931 716 2208 778 Boozum;
2273 713 2485 770 Boozus
2551 715 2738 785 genuit
2807 714 3086 780 Obedum;
3148 713 3365 770 Obedus
3405 731 3498 785 ge-

1932 808 2051 860 nuit
2080 805 2375 872 Jessazum;
2404 804 2639 860 Jesstcus
2682 806 2868 874 genuit
2914 803 3171 859 Davidem
3199 805 3295 857 ¹².›
3347 803 3496 859 llanc

1932 900 2098 968 igitur
2128 898 2419 952 blatthams
2454 913 2669 967 quoque
2715 898 3041 967 genealogite
3080 898 3382 952 scribenda:
3415 912 3498 952 ra-

1932 992 2135 1044 tionem
2176 998 2415 1045 sectatus
2447 997 2550 1043 est.

1999 1081 2053 1135 2.
2091 1080 2159 1134 At
2192 1082 2401 1151 primus
2440 1079 2645 1151 Regum
2680 1081 2836 1142 liber,
2867 1082 2957 1153 qui
2992 1079 3184 1134 Rutba:
3214 1081 3496 1138 historiam
3562 1106 3565 1109 -

1933 1173 2306 1244 subsequitur,
2344 1172 2557 1227 inferne
2588 1173 2853 1237 ascendit,
2886 1180 2943 1226 ut
2987 1172 3043 1226 ﬁt
3089 1174 3228 1241 apud
3271 1172 3493 1226 Lucam.

1932 1265 2141 1335 Quippe
2197 1264 2466 1328 llelcanar,
2513 1263 2611 1333 qui
2640 1271 2792 1333 pater
2843 1263 2945 1317 fuit
2990 1262 3278 1325 Samuelis,
3328 1278 3499 1332 genus

1929 1374 2245 1422 recensens,
2282 1358 2357 1411 ait
2388 1377 2400 1411 :
2432 1376 2450 1407 ι
2482 1358 2586 1411 fuit
2616 1359 2699 1411 vir
2728 1372 2794 1411 ex
2841 1356 3155 1410 Armathem
3200 1354 3404 1423 Supbir
3432 1354 3502 1409 de

1930 1456 2114 1503 monte
2147 1447 2453 1518 Ephraimi;
2488 1463 2684 1502 nomen
2726 1448 2846 1515 ejus
2894 1446 3153 1508 Helcana,
3204 1446 3344 1498 ﬁlius
3383 1444 3505 1500 Hie-

1934 1540 2187 1603 remielis,
2238 1539 2331 1593 ﬁlii
2384 1538 2534 1604 Elite,
2594 1539 2685 1593 ﬁlii
2737 1538 2895 1603 Thoi,
2953 1538 3045 1591 ﬁlii
3094 1537 3240 1600 Suri,
3288 1537 3499 1607 Ephra-

1862 1616 1904 1670 Β
1935 1640 2069 1685 lacus
2091 1632 2157 1684 ¹³.
2183 1650 2201 1683 ι
2241 1630 2346 1685 Sed
2375 1638 2427 1684 et
2460 1631 2514 1684 in
2548 1630 2977 1700 Paralipomenis
3006 1629 3168 1684 modo
3197 1645 3226 1682 a
3255 1629 3502 1697 superio-

1933 1721 2085 1776 ribus
2137 1721 2204 1775 ad
2255 1728 2504 1789 posteros
2549 1719 2668 1774 ﬁuit
2718 1735 2938 1783 sermo,
2983 1727 3043 1772 ut
3093 1718 3152 1772 ﬁt
3183 1718 3322 1788 apud
3367 1717 3500 1771 Mat-

1934 1814 2152 1878 thteum,
2185 1813 2347 1867 modo
2380 1828 2533 1882 teque
2568 1828 2632 1867 ac
2662 1813 2804 1881 apud
2834 1811 3037 1866 Lucam
3070 1813 3340 1881 prosapia:
3364 1812 3502 1865 scri-

1938 1902 2165 1957 buntur.
2203 1901 2345 1955 Audi
2379 1918 2508 1973 ergo
2542 1910 2595 1957 et
2629 1902 2744 1956 hazc
2776 1921 2789 1957 :
2824 1920 2843 1952 ι
2880 1901 3121 1967 Davidis,
3160 1902 3335 1971 inquit
3364 1916 3503 1971 prae-

1930 1993 2113 2050 dictus
2136 1995 2291 2059 liber,
2326 1996 2469 2050 ﬁlius
2527 2004 2645 2050 erat
2697 1993 2990 2059 Salomun;
3024 1995 3186 2064 hujus
3216 1996 3357 2049 ﬁlius
3390 1993 3501 2053 R0-

1930 2087 2189 2154 boamus;
2216 2088 2377 2156 hujus
2404 2089 2545 2143 ﬁlius
2569 2088 2739 2152 Abia;
2775 2089 2937 2158 hujus
2970 2089 3130 2157 ﬁlius:
3158 2088 3297 2155 Osa;
3335 2089 3499 2157 hujus

1930 2181 2073 2235 ﬁlius
2099 2180 2459 2252 Josapbatus;
2483 2181 2646 2249 hujus
2673 2181 2814 2235 ﬁlius
2836 2181 3123 2245 Joramus;
3163 2182 3325 2250 hujus
3351 2184 3495 2237 ﬁlius

1930 2269 2228 2339 Ochozias;
2282 2273 2444 2341 hujus
2497 2273 2639 2328 ﬁlius
2671 2272 2905 2337 Joasus;
2934 2271 3100 2341 hujus
3140 2271 3280 2326 ﬁlius
3328 2273 3495 2326 Ama-

1930 2366 2041 2418 sias
2070 2366 2131 2395 ιδ’
2168 2384 2185 2416 ι
2213 2365 2389 2435 Atque
2429 2366 2504 2419 ita
2543 2380 2610 2419 ex
2646 2366 2836 2420 ordine
2885 2364 3165 2419 descendit
3213 2380 3387 2435 usque
3427 2365 3495 2418 ad

1928 2455 2238 2510 Jechoniam
2270 2466 2432 2526 atque
2458 2457 2525 2510 ad
2557 2455 2938 2526 Babylonieam
2963 2456 3352 2525 captivitatem,
3383 2472 3491 2510 non

1930 2562 2088 2603 secus
2132 2556 2294 2617 atque
2327 2549 2627 2603 blatthzeus.
2674 2547 2896 2611 Contra,
2932 2547 3010 2602 uti
3056 2546 3252 2609 Lucas,
3300 2546 3493 2602 eadem

1928 2654 2121 2695 rursus
2171 2642 2418 2696 ascendit
2474 2640 2757 2711 Scriptura
2808 2641 2936 2694 dum
2998 2638 3268 2693 Samuelis
3320 2655 3495 2709 genus

1926 2741 2166 2787 enarrat.
2209 2733 2297 2786 Ait
2345 2732 2489 2787 enim
2520 2752 2531 2786 :
2562 2750 2580 2782 ι
2616 2731 2887 2787 Samuelis
2936 2732 3028 2785 ﬁlii
3081 2730 3363 2793 Helcanaa,
3401 2731 3494 2784 ﬁlii
3552 2786 3561 2793 ,

1928 2821 2292 2885 Hieroboami,
2325 2822 2418 2876 ﬁlii
2461 2820 2700 2887 Helielis,
2739 2822 2830 2875 ﬁlii
2877 2820 3034 2885 Thoi,
3073 2821 3167 2876 ﬁlii
3206 2820 3359 2884 Suri,
3398 2820 3501 2876 ﬁlii

252 2915 397 2987 Σοὺρ
424 2916 522 2985 (9).
567 2916 681 2968 υἱοῦ
722 2916 971 2978 Ἐλκανᾶ,
1016 2916 1130 2969 υἱοῦ
1171 2916 1345 2987 Ἰωὴλ,
1393 2914 1510 2968 υἱοῦ
1555 2915 1825 2986 Ἀζαρίου,

1939 2913 2196 2978 Ηθιροηω,
2223 2915 2313 2969 ﬁlii
2335 2914 2561 2978 Johclis,
2588 2914 2679 2968 ﬁlii
2700 2914 2926 2980 Azarize,
2960 2913 3050 2967 ﬁlii
3077 2911 3380 2984 Sophoniaa,
3401 2913 3501 2969 ﬁlii

253 3007 375 3060 υἱοῦ
430 3006 701 3076 Σοφονίου,
751 3005 867 3060 υἱοῦ
919 3006 1093 3077 Θαὰρ,
1127 3007 1243 3060 υἱοῦ
1291 3008 1470 3079 Ἀσεὶρ
1522 3005 1652 3076 (l0),
1708 3004 1824 3058 υἱοῦ

1939 3006 2152 3071 Thaari,
2192 3006 2285 3060 ﬁlii
2329 3006 2495 3068 Asiri,
2550 3006 2644 3059 lilii
2688 3005 3125 3069 Abiasaris,'ﬁlii
3170 3004 3344 3068 Corae,
3402 3006 3496 3060 ﬁlii

270 3099 550 3172 ’Δῦιάσαρ,
591 3100 705 3153 υἱοῦ
734 3100 898 3174 Κορὲ,
933 3092 1049 3153 υἱοῦ
1088 3100 1325 3170 Ἰσσαὰρ,
1361 3098 1476 3150 υἱοῦ
1508 3097 1683 3159 Καὰθ,
1709 3096 1826 3149 υἱοῦ

251 3191 407 3257 Aeni,
452 3192 568 3245 υἱοῦ
607 3192 848 3264 Ἰσραήλ·
889 3212 907 3243 ι
945 3194 1037 3247 καὶ
1082 3193 1182 3263 ὅρα
1229 3194 1276 3244 εἱ
1318 3191 1391 3262 μὴ
1444 3192 1695 3262 ἄντικρυς
1737 3193 1827 3244 τὸν

255 3284 441 3354 ὅμοιον
466 3284 671 3347 τούτοις
702 3285 1005 3355 μεμίμηται
1041 3285 1237 3356 τρόπον
1270 3285 1297 3335 6
1322 3285 1530 3345 Λουκᾶς
1551 3301 1562 3312 ·
1594 3283 1760 3353 μυρία
1783 3282 1826 3334 δ’

256 3370 325 3424 ἂν
370 3370 464 3424 καὶ
510 3371 670 3435 αὐτὸς
702 3372 881 3443 εὕροις
912 3373 1133 3425 τοιαῦτα
1157 3388 1169 3399 ·
1201 3373 1291 3441 ἀφ’
1327 3367 1399 3426 ὧν
1432 3373 1671 3424 λείπεται
1702 3376 1827 3441 ομο-

254 3465 459 3533 λογεῖν,
491 3465 650 3536 μηδὲν
679 3465 880 3530 ξενίζον
914 3468 1264 3537 πεποιηκέναι
1298 3469 1420 3529 τοὺς
1456 3466 1545 3519 τοῦ
1580 3467 1827 3536 Σωτῆρος

256 3557 418 3628 ⁴ἡμῶν
441 3558 849 3626 εὐαγγελιστάς·
876 3561 974 3611 οῦκ
1000 3559 1173 3629 ὀρθῶς
1197 3560 1301 3630 γὰρ
1330 3559 1499 3612 οἴεταί
1526 3577 1608 3621 τις
1635 3559 1827 3620 αὐτοὺς

253 3650 543 3717 διαψωνεῖν
562 3666 575 3677 ·
604 3649 858 3720 ἑκάτερος
883 3649 990 3719 γὰρ
1014 3649 1196 3719 οἰκείῳ
1225 3649 1465 3720 λογισμῷ
1492 3651 1588 3720 τὴν
1615 3649 1827 3701 ἔνθεσιν

255 3743 550 3814 πεποίηται
594 3745 692 3814 τῆς
730 3746 967 3814 γραφῆς,
1001 3744 1029 3794 6
1066 3744 1163 3813 μὲν
1191 3744 1298 3797 ἀπὸ
1326 3745 1417 3798 τοῦ
1462 3744 1709 3815 Ἀϐραὰμ
1732 3747 1828 3815 ἀρ-

258 3832 487 3905 ξάμενος
518 3837 603 3890 διὰ
631 3837 725 3907 τὴν
757 3835 1068 3904 οἰκονομίαν
1106 3836 1199 3888 τοῦ
1230 3839 1358 3908 παρ’
1382 3836 1529 3907 αὖτῷ
1561 3837 1737 3905 λόγου,
1769 3838 1826 3889 ὃν

254 3926 317 3978 οὐ
344 3927 530 3997 καιρὸς
549 3929 642 3982 νῦν
666 3926 987 3998 ἑρμηνεύειν
1003 3942 1016 3955 ⁶
1039 3927 1066 3979 6
1086 3926 1140 3979 δὲ
1162 3928 1255 3980 καὶ
1278 3929 1365 3981 τὸν
1398 3928 1642 3999 Ἀϐραὰμ
1663 3929 1827 3999 ὑπερ-

256 4017 362 4081 ϐὰς
396 4019 487 4070 ἐπί
513 4036 569 4071 τε
603 4018 691 4071 τὸν
717 4019 930 4089 πρῶτον
960 4019 1244 4090 ἄνθρωπον
1277 4020 1539 4073 ἀνελθών·
1567 4022 1661 4073 καί
1694 4021 1827 4091 μηδέ

257 4110 420 4180 μέχρι
454 4110 641 4163 τούτου
678 4112 826 4175 στάς,
857 4112 949 4164 τὸν
979 4112 1155 4166 πάντα
1191 4111 1246 4163 δὲ
1280 4111 1434 4180 λόγον
1460 4113 1553 4164 ἐπὶ
1584 4112 1673 4165 τὸν
1696 4112 1827 4164 Θεὸν

249 4204 587 4275 ἀναρτήσας,
615 4205 701 4257 διὰ
726 4208 822 4275 τῆς
855 4207 911 4257 ἐν
941 4206 1160 4277 Χριστῷ
1186 4207 1598 4276 παλιγγενεσίας
1628 4207 1826 4278 μυστή-

248 4315 375 4371 ριον
397 4297 729 4362 ἀναϐιϐάζει.

1012 4412 1085 4464 ιν.

142 4505 150 4513 ’
246 4517 389 4584 Πῶς
418 4521 449 4571 ό
471 4518 586 4584 μὲν
610 4520 904 4585 Ματθαῖος
931 4520 1047 4573 ἀπὸ
1078 4520 1181 4573 τοῦ
1204 4520 1381 4573 Δαϐἒδ
1422 4522 1517 4573 καὶ
1556 4520 1825 4589 Σολομῶ-

326 4607 432 4654 νος
464 4590 756 4657 διαδόχων
796 4591 895 4642 ὲ.τὶ
940 4589 1136 4644 Ἰακὼϐ
1180 4591 1277 4643 καὶ
1317 4591 1526 4659 Ἰωσὴφ
1569 4592 1638 4643 τὰ
1678 4592 1822 4659 γένη

325 4659 561 4728 κατάγει
586 4676 597 4687 ·
655 4664 685 4712 ό
718 4659 798 4712 ’δὲ
835 4660 1069 4726 Λουκᾶς
1109 4662 1224 4713 ἀπὸ
1273 4661 1451 4714 Δαϐἱδ
1490 4661 1586 4714 καὶ
1623 4660 1825 4713 Νάθαν

326 4729 554 4782 παίδων
588 4730 697 4782 ’ἐπὶ
741 4731 861 4783 Ἠλὶ
900 4731 996 4783 καὶ
1028 4730 1257 4799 Ἰωσὴφ,
1300 4732 1582 4797 ἐναντίως
1626 4748 1826 4799 γενεα-

324 4800 523 4869 λογῶν
552 4801 630 4865 τῷ
660 4802 950 4867 Ματθαίῳ.

324 4898 395 4945 α’.
441 4890 513 4945 Τὸ
542 4892 723 4963 τρίτον
759 4892 865 4944 τῶν
892 4893 1266 4964 προταθέντων
1309 4893 1497 4962 καιρὸς
1528 4894 1814 4963 ἐπισκέψα-

249 4985 379 5038 σθαι
399 5001 411 5013 ·
440 4985 625 5047 ἀτενὲς
645 4982 737 5038 οὖν
762 4987 878 5049 ταῖς
897 4985 1104 5051 λέξεσιν
1132 4988 1320 5050 αὐταῖς
1341 4988 1436 5040 ἐπε
1446 4987 1707 5057 ρεὶσωμεν
1728 4988 1827 5057 τὴν

247 5075 460 5129 ἑαυτῶν
481 5074 743 5128 διάνοιαν·
779 5072 975 5145 ἴδωμεν
1001 5075 1058 5127 δὲ
1084 5076 1135 5128 τί
1165 5093 1329 5146 φησιν
1349 5079 1377 5129 6
1398 5079 1608 5142 Λουκᾶς
1629 5095 1641 5108 ·
1675 5098 1696 5130 ι
1719 5080 1828 5132 Καὶ

1929 3098 2149 3159 lssaari,
2204 3098 2292 3151 ﬁlii
2334 3097 2545 3156 Caathi.
2598 3096 2689 3149 ﬁlii
2736 3094 2945 3160 Levini,
2998 3096 3089 3150 ﬁlii
3132 3094 3347 3151 lsraelis
3375 3096 3439 3149 “’.
3470 3113 3490 3147 ι

1928 3188 2097 3242 Porro
2126 3190 2276 3244 vides
2308 3202 2365 3243 ut
2395 3191 2550 3258 plane
2580 3189 2724 3243 hunc
2768 3204 2971 3243 morem
3016 3187 3191 3243 Lucas
3232 3187 3492 3242 imitetur.

1933 3280 2195 3334 Sescenta
2225 3281 2490 3349 ejusmodi
2517 3283 2760 3351 exempla
2788 3282 3013 3351 ipsemet
3041 3280 3283 3336 invenies
3310 3298 3322 3331 :
3348 3278 3493 3333 unde

1930 3376 2172 3440 sequitur
2198 3380 2256 3424 ut
2304 3371 2591 3435 fateamur,
2632 3374 2769 3427 nihil
2812 3374 3089 3428 insolitum
3124 3372 3318 3427 iecisse
3362 3369 3489 3427 Ser-

1926 3465 2132 3518 vatoris
2156 3466 2326 3519 nostri
2355 3467 2718 3536 evangelistas
2742 3485 2754 3520 :
2781 3483 2956 3536 neque
2978 3468 3173 3520 merito
3204 3466 3491 3535 quisquam

1928 3556 2138 3626 putabit
2166 3572 2260 3611 eos
2294 3558 2523 3611 invicem
2573 3558 2862 3613 dissidere.
2897 3558 3137 3627 Uterque
3184 3560 3327 3612 enim
3367 3572 3494 3627 pro-

1927 3650 2047 3718 prio
2077 3650 2286 3702 calculo
2310 3650 2732 3716 descriptionem
2756 3649 2993 3703 instituit
3021 3669 3033 3703 :
3067 3650 3201 3702 alter
3223 3650 3289 3701 ab
3317 3649 3495 3703 Abra—

1930 3740 2089 3793 hamo
2121 3740 2333 3794 initium
2369 3741 2614 3810 capiens,
2641 3741 2710 3795 ob
2738 3743 2821 3795 sui
2868 3740 3136 3796 sermonis
3166 3739 3501 3809 peculiarem

1926 3832 2213 3895 rationem,
2247 3847 2409 3901 quam
2444 3834 2498 3887 in
2545 3832 2801 3902 praesenti
2834 3849 2942 3887 non
2976 3840 3131 3887 vacat
3179 3846 3490 3901 exponere:

1928 3924 2063 3977 alter
2088 3925 2262 3991 ipsum
2288 3924 2656 3977 Abrahamum
2691 3932 3130 3995 przetcrgressus,
3162 3922 3229 3976 ad
3258 3922 3493 3992 primum

1929 4032 2099 4087 usque
2152 4018 2422 4071 hominem
2474 4017 2869 4088 venitzncque
2906 4018 2961 4070 in
3013 4017 3113 4069 hoc
3169 4015 3342 4078 sistit,
3400 4015 3494 4069 sed

1930 4123 2085 4163 suam
2120 4123 2334 4163 omnem
2363 4109 2648 4163 historiam
2679 4124 2802 4164 cum
2849 4109 2959 4186 Deo
3002 4109 3190 4171 nectit,
3216 4108 3344 4161 dum
3375 4122 3494 4160 eam

1926 4198 2179 4253 videlicet
2220 4212 2316 4268 per
2352 4200 2781 4269 regenerationis
2815 4200 2873 4254 in
2909 4200 3128 4255 Christo
3176 4197 3493 4269 mysterium

1852 4292 1897 4346 ι)
1927 4291 1982 4346 in
2017 4292 2249 4347 sublime
2278 4292 2477 4348 evehit.

2664 4404 2753 4461 111.

1929 4522 2200 4589 Quomodo
2242 4520 2525 4575 Mattiacas
2558 4522 2769 4591 quidem
2808 4538 2840 4574 a
2884 4519 3087 4591 Davide
3130 4520 3344 4590 ejusque
3374 4538 3493 4575 suc-

1997 4609 2199 4646 cessore
2231 4590 2510 4646 Salomone
2543 4590 2609 4643 ad
2637 4591 2896 4645 Iacobum
2918 4601 2965 4644 et
2995 4590 3279 4658 Josephum
3307 4608 3493 4659 prosa-

1996 4664 2110 4732 pias
2155 4663 2378 4716 deducat
2407 4678 2423 4713 :
2452 4662 2625 4716 Lucas
2658 4672 2833 4717 autem
2876 4679 2908 4715 a
2945 4661 3139 4714 Davide
3177 4672 3330 4732 atque
3359 4660 3491 4732 Na-

2001 4734 2153 4786 thane
2182 4743 2334 4803 atque
2359 4751 2389 4784 (ι
2416 4733 2591 4786 liberis
2614 4733 2768 4802 hujus
2804 4733 2872 4786 ad
2909 4732 3081 4785 "olim
3109 4741 3155 4784 et
3186 4730 3490 4803 Joseplmm,

1996 4800 2261 4856 contraria
2310 4803 2561 4857 Matt/two
2600 4800 2804 4857 ratione
2850 4804 3205 4873 genealogiam
3237 4800 3489 4854 scribens.

2000 4897 2049 4949 l.
2096 4896 2277 4952 Tertia
2313 4897 2424 4967 jam
2465 4898 2693 4965 qumstio
2744 4894 3144 4951 consideranda
3190 4900 3293 4948 est.
3323 4890 3494 4946 Porro

1928 4988 2063 5057 ipsis
2108 4989 2290 5044 verbis
2337 4996 2496 5043 acute
2543 4996 2779 5043 mentem
2832 4997 3074 5041 nostram
3123 4984 3489 5040 intendamus.

1927 5080 2120 5151 Agesis
2151 5078 2435 5134 videamus
2464 5080 2594 5149 quid
2627 5078 2803 5135 Lucas
2828 5078 2996 5134 dicat.
3039 5096 3057 5128 ι
3092 5076 3157 5130 Et
3191 5077 3305 5145 ipse
3332 5071 3493 5131 Jesus

254 5232 300 5262 "
343 5229 506 5287 Ruth.
538 5247 612 5293 tv,
646 5230 833 5285 18—22.
913 5232 955 5263 ¹³
996 5230 1012 5284 Ι
1044 5229 1178 5302 Reg.
1214 5248 1267 5293 ι,
1302 5233 1353 5286 1.
1433 5233 1475 5265 ιδ
1514 5231 1531 5285 1
1564 5232 1689 5290 Par.
1723 5250 1816 5299 ιιι,

1939 5281 1940 5288 η
2020 5236 2062 5267 ¹⁸
2100 5235 2118 5289 l
2150 5234 2275 5291 Par.
2309 5252 2399 5302 Vl,
2435 5236 2527 5294 54.

326 5386 404 5449 (6)
438 5386 578 5460 Coll.
612 5385 677 5446 Α,
708 5386 894 5441 τοῦτον
923 5387 986 5460 δὴ
1020 5384 1112 5443 οὖν
1145 5389 1235 5442 τὸν
1256 5388 1457 5460 τρόπον
1492 5389 1583 5442 καὶ
1610 5390 1635 5441 ὁ
1666 5390 1821 5443 Ma:-

255 5458 406 5521 θαῖος
433 5458 702 5525 ἐτῃίηστν.

328 5529 404 5600 (7)
447 5524 584 5600 Tam
614 5528 666 5579 in
698 5528 932 5600 epitome
952 5544 1111 5599 quam
1138 5529 1194 5584 in
1224 5528 1345 5585 cod.
1381 5528 1444 5596 A,
1475 5532 1530 5584 ἐν
1558 5532 1675 5594 ταῖς
1708 5531 1819 5585 Πα-

259 5595 689 5671 ριλειπομέναις.

2001 5390 2076 5463 (8)
2117 5391 2251 5463 Cod.
2286 5393 2350 5452 Α,
2394 5391 2690 5463 Ἰερῤμιήλ,
2727 5401 2778 5448 et
2810 5406 2936 5448 mox
2982 5388 3179 5446 Ἐλίου.

2002 5461 2079 5529 (9)
2122 5461 2262 5530 Epit.
2289 5461 2479 5530 Zoutgé.

2002 5531 2109 5604 (ιο)
2149 5534 2282 5587 Cod.
2319 5534 2383 5597 A,
2437 5534 2621 5604 Ἀσήρ.
