3890 6198
534 189 643 249 895

1280 192 1549 253 ΕΗδΕΒΙΙ
1586 192 2063 253 (ΞᾸΞΒΑΒΙΕΝΒΙΒ
2099 212 2102 235 <

2200 196 2249 254 P.
2284 194 2466 253 PARS
2498 194 2587 254 Ill.
2623 227 2694 238 —-
2730 190 3133 252 EXEGETICA.
3615 198 3702 256 896

530 313 650 365 erat
679 305 947 381 incipiens
993 309 1153 381 quasi
1179 314 1450 371 annorum
1500 312 1746 384 triginta,
1776 320 1838 369 ut
1866 314 2097 386 putaba-

2200 314 2360 379 αὐτὸς
2403 315 2434 368 6
2473 313 2678 386 Ἰησοῦς
2702 307 2772 385 ἦν
2794 310 3091 386 ἀρχόμενος
3118 310 3248 364 ὡσεὶ
3286 309 3418 364 ἐτῶν
3439 310 3697 383 τριάκοντα,

530 406 642 464 tur,
674 398 819 456 illius
844 398 1086 471 Iosephi,
1119 401 1213 456 lilii
1242 400 1385 467 Heli,
1412 403 1507 458 ﬁlii
1535 402 1750 461 Melchi.
1780 424 1800 459 ο
1829 404 1983 462 Haud
2014 416 2096 462 ta-

529 505 657 547 men
685 491 968 549 Mattheus
992 507 1127 549 usus
1154 504 1238 550 est
1256 510 1390 552 voce
1424 514 1445 550 ι
1467 504 1534 561 ιιι
1552 497 1866 568 putabatur.
1903 519 1921 553 ο
1952 497 2095 567 Quid

532 598 697 655 porro
740 584 856 638 ait?
901 602 920 636 ι
946 583 1256 643 llatthanus
1301 587 1490 659 genuit
1529 587 1829 659 Iacobum;
1859 590 2095 651 Iacobus

530 681 713 732 autem
747 676 936 747 genuit
962 674 1286 749 Iosephum.
1318 699 1338 733 ι
1384 680 1548 735 Aliud
1593 696 1723 738 vero
1767 690 1851 739 est
1877 690 2090 753 putare,

528 764 677 819 aliud
709 779 810 820 ceu
838 779 930 821 res
957 764 1034 819 it'a
1063 781 1125 822 se
1149 765 1348 822 habeat
1373 766 1661 824 aﬂirmare.
1695 767 1753 824 Si
1774 768 1941 841 igitur
1960 768 2098 824 Mat-

529 856 673 911 thao
722 854 1022 912 amt-mante
1061 854 1359 928 Iosephum
1410 857 1583 913 ﬁlium
1625 873 1749 917 esse
1798 857 1989 916 Jacobi
2042 866 2098 916 et

528 946 819 1012 Iatthani,
854 947 1037 1005 Lucas
1073 949 1327 1006 similiter
1369 950 1724 1007 contenderet
1752 950 1924 1007 illium
1973 966 2098 1009 esse

528 1034 647 1093 Heli
699 1052 762 1091 ac
801 1036 1019 1103 Melchi,
1063 1054 1192 1096 vere
1236 1056 1414 1112 pugna
1451 1041 1699 1112 quaedam
1748 1049 1893 1099 esset
1935 1051 2098 1114 atque

527 1125 837 1192 conﬂictus,
862 1136 1027 1200 atque
1069 1145 1208 1200 opus
1242 1142 1390 1188 esset
1428 1134 1658 1190 arbitrio
1694 1136 1788 1205 qui
1818 1135 2097 1204 evangeli-

529 1227 646 1276 stas
685 1227 1062 1291 componeret.
1099 1221 1258 1277 Nunc
1303 1232 1485 1281 autem
1517 1240 1641 1281 cum
1676 1226 1967 1283 Mattheus
2009 1226 2098 1283 lir-

528 1312 691 1367 miter
744 1318 1041 1378 assereret,
1082 1311 1265 1370 Lucas
1306 1329 1439 1371 vero
1483 1316 1629 1372 haud
1678 1317 1733 1372 id
1779 1317 2096 1387 contendat,

528 1402 626 1460 sed
665 1404 979 1475 opinionem
1019 1407 1401 1463 tantummodo
1439 1409 1679 1479 proferat
1713 1410 1858 1481 apud
1901 1411 2101 1467 multos

527 1501 898 1567 pervagatam,
948 1510 1061 1551 non
1108 1508 1231 1567 qua:
1261 1498 1407 1568 apud
1457 1514 1517 1555 se
1548 1500 1777 1572 vigeret,
1813 1500 1987 1567 nulla,
2040 1507 2102 1555 ut

526 1586 744 1659 opinor,
776 1588 1008 1658 quaestio
1038 1595 1310 1659 superest.

2200 404 2276 459 ὣν
2299 404 2432 469 υίὸς,
2462 404 2538 469 ὡς
2550 404 2851 476 ἐνομίζετο,
2882 402 2975 457 τοῦ
2991 400 3206 472 Ἰωσὴφ,
3228 399 3321 453 τοῦ
3334 399 3466 466 Ἠλὶ,
3487 401 3568 455 τοῦ
3584 404 3702 458 Μελ-ο

2192 496 2268 569 χί.
2286 517 2303 550 υ
2325 496 2570 566 Ἀλλόὐχ
2611 497 2640 550 ὅ
2663 512 2730 565 γε
2754 494 3029 558 Ματθαῖος
3052 495 3318 566 ἐχρήσατο
3341 494 3424 564 τῇ,
3438 510 3456 542 ι
3475 493 3543 558 ὡς
3562 496 3703 566 impi-

2193 589 2316 655 ζετο
2342 608 2361 642 ι
2387 591 2569 661 φωνῇ’
2595 587 2731 642 ἀλλὰ
2747 586 2799 641 τί
2827 604 2990 658 φησις
3022 604 3042 638 ι
3068 582 3289 640 Ματθὰν
3319 583 3372 637 δὲ
3397 584 3619 657 ἐγέννησε
3634 586 3704 643 τδν

2208 677 2424 743 Ἰακὼϐ,
2441 676 2636 732 Ἰακὼὸ
2665 677 2723 732 δὲ
2747 677 3003 749 ἐγέννησε
3032 675 3123 729 τὸν
3136 675 3396 747 ’Ῑωσήιρί
3423 674 3537 728 ἄλλο
3561 674 3609 729 δὲ
3631 675 3708 749 δή-

2195 787 2300 824 που
2329 770 2446 824 ἐστὶ
2470 769 2529 824 τὺ
2559 769 2820 841 νομίζειν,
2853 767 2947 823 καὶ
2978 766 3106 822 ἄλλο
3127 766 3190 821 τὸ
3220 765 3392 831 οὕτως
3416 765 3543 838 ἔχειν
3558 767 3707 824 διασε-

2198 860 2481 919 σαιοῦσθαι
2498 879 2512 893 ·
2536 864 2586 916 εἰ
2615 862 2712 934 μὲν
2736 860 2800 934 δὴ
2825 859 2917 913 τοῦ
2940 859 3219 914 Ματθαίου
3238 858 3706 930 διαϐεϐαιωσαμὲνου

2195 954 2288 1009 τὸν
2319 954 2520 1026 Ἰωσὴφ
2547 953 2662 1008 υἱὸν
2686 947 2824 1007 εἶναι
2846 948 3040 1006 Ἰακὼό
3066 951 3161 1004 καὶ
3185 949 3282 1005 τοῦ
3310 948 3537 1014 Ματθὰν,
3560 952 3586 1005 6
3604 951 3711 1006 Aou-

2194 1048 2298 1111 κᾶς
2345 1047 2546 1118 ὁμοίως
2589 1045 2963 1118 διισχυρίσατο
3000 1044 3094 1097 τὸν
3127 1043 3326 1115 Ἰωσὴφ
3351 1042 3600 1112 γεγονέναι
3622 1043 3711 1097 uita

2195 1136 2290 1191 τοῦ
2327 1137 2448 1191 Ἠλὶ
2484 1138 2579 1191 καὶ
2601 1136 2695 1190 τοῦ
2725 1136 2919 1207 Μελχὶ,
2946 1133 3161 1207 ἀληθῶς
3193 1133 3342 1205 μάχη
3366 1151 3441 1198 τις
3458 1129 3518 1205 ἦν
3543 1134 3714 1190 καὶπά-

2197 1228 2385 1301 λεμος,
2421 1228 2515 1284 καὶ
2562 1224 2632 1301 ἦν
2674 1228 2783 1282 τῶν
2831 1220 3216 1300 διαιτησόντων
3248 1227 3427 1291 αὐτοῖς
3454 1227 3615 1298 χρεία·
3639 1227 3713 1283 νῦν

2197 1322 2254 1376 δὲ
2275 1322 2385 1387 ὅτε,
2412 1322 2507 1375 τοῦ
2537 1319 2820 1376 Ματθαίου
2842 1318 3395 1391 διαὸεϐαιωσαμένου,
3419 1321 3447 1373 ό
3473 1320 3651 1384 Λουκᾶς
3665 1322 3711 1376 oi

2198 1413 2539 1482 διατείνεται,
2563 1413 2721 1482 δόξαν
2742 1414 2799 1468 δὲ
2826 1413 2976 1489 παρὰ
3002 1416 3115 1477 τοῖς
3143 1412 3355 1476 πολλοῖς
3381 1411 3711 1483 νενομισμένην

2198 1506 2431 1579 τίθησιν,
2460 1507 2521 1560 οὐ
2561 1505 2660 1578 τὴν
2708 1506 2840 1578 παρ’
2870 1504 3019 1576 αὐτῷ
3049 1504 3376 1575 κρατοῦσαν,
3408 1499 3544 1575 οἶμαι
3586 1502 3710 1575 μηδεν

2205 1597 2333 1670 μίαν
2363 1594 2749 1652 ὑπολείπεσθαι
2777 1595 3023 1669 ζήτησιν.

598 1679 654 1733 2.
694 1678 829 1735 Nam
883 1693 1012 1735 cum
1049 1680 1216 1736 variae
1260 1680 1329 1737 de
1370 1681 1596 1738 Christo
1635 1681 1793 1737 famae
1826 1683 1976 1751 inter
2004 1680 2102 1737 Iu-

2275 1691 2340 1764 β’.
2380 1691 2664 1762 Διαφόρων
2688 1689 2798 1762 γάρ
2823 1688 2976 1761 παρὰ
3002 1687 3275 1753 Ἰουδαίοις
3302 1686 3592 1760 ὑπολήψεων
3613 1685 3714 1760 περ.

527 1769 680 1827 ὼεοε
708 1780 1068 1829 versarentur
1087 1811 1105 1838 ,
1130 1780 1187 1828 et
1223 1772 1411 1829 cuncti
1444 1774 1666 1845 quidem
1695 1773 2045 1830 concorditer
2070 1789 2101 1829 a

529 1861 736 1918 Davide
774 1878 900 1923 eum
944 1871 1272 1934 repeterent,
1304 1873 1530 1938 propter
1577 1864 1673 1921 Dei
1703 1866 2101 1936 promissiones

529 1954 722 2011 Davidi
750 1955 1127 2027 signiﬁcatas;
1160 1957 1382 2012 interim
1411 1966 1593 2013 tamen
1621 1958 1716 2012 alii
1753 1971 1784 2012 a
1816 1956 2019 2013 Davide
2047 1966 2103 2013 et

539 2046 831 2104 Salomone
881 2047 1142 2120 regioque
1180 2054 1467 2105 stemmate
1523 2056 1777 2120 putarent
1825 2049 2102 2106 Christum

539 2138 766 2206 adfore;
810 2139 904 2195 alii
941 2140 1011 2195 ab
1062 2139 1168 2195 hac
1203 2141 1473 2196 sententia
1500 2140 1839 2207 recederent,
1884 2150 2104 2211 propter

533 2234 737 2289 multas
781 2234 1002 2305 regibus
1052 2234 1266 2291 inustas
1315 2232 1754 2298 criminationes,
1799 2244 1854 2289 et
1885 2242 2105 2303 propter

535 2326 902 2398 proscriptum
985 2326 1056 2385 ab
1135 2326 1375 2385 Ieremia
1422 2326 1691 2398 propheta
1747 2323 2099 2389 Iechoniam,

530 2432 657 2474 cum
701 2417 780 2472 ait
825 2431 937 2472 non
984 2425 1367 2474 surrecturum
1414 2431 1481 2471 ex
1531 2415 1652 2485 ejus
1700 2414 1874 2485 stirpe
1905 2413 1998 2484 qui
2044 2414 2103 2469 in

530 2507 756 2566 Davidis
784 2509 985 2579 throno
1018 2508 1254 2575 sederet,
1285 2523 1520 2578 cumque
1538 2507 1611 2563 ob
1638 2507 1693 2562 id
1730 2506 1837 2561 alia
1867 2507 1953 2562 via
1978 2522 2104 2577 per-

533 2610 724 2674 gerent
753 2621 767 2657 :
795 2610 850 2658 et
875 2616 1000 2657 cum
1036 2602 1089 2655 in
1128 2599 1349 2655 Davidis
1397 2598 1717 2654 aliirmando
1745 2614 1943 2669 genere
1969 2613 2103 2653 eon-

535 2694 835 2764 spirarent,
864 2708 975 2747 non
1008 2699 1193 2747 tamen
1232 2706 1330 2761 per
1355 2687 1723 2753 Salomonem,
1749 2688 1844 2746 sed
1874 2704 1971 2760 per
1997 2688 2103 2744 Na-

532 2785 762 2838 thanum
788 2782 1009 2839 Davidis
1043 2783 1174 2839 item
1200 2783 1392 2846 ﬁlium,
1422 2780 1753 2837 deducerent
1790 2781 1905 2851 (qui
1961 2782 2100 2838 idem

530 2873 821 2932 Nathanus
875 2874 1139 2946 propheta
1190 2873 1363 2928 fuisse
1416 2873 1639 2937 dicitur,
1694 2872 1997 2929 secundum
2036 2887 2101 2927 ea

534 2980 657 3038 quae
684 2965 934 3022 feruntur
958 2965 1016 3021 in
1042 2965 1250 3027 Regum
1285 2962 1496 3031 libris);
1528 2970 1691 3034 atque
1706 2963 1775 3018 ab
1803 2964 1968 3034 hujus
2002 2978 2102 3033 po-

536 3060 704 3118 steris
747 3066 1043 3115 venturum
1094 3057 1374 3114 Christum
1422 3067 1757 3125 assererent;
1812 3058 2102 3128 ipsumque

533 3151 759 3224 Iosephi
802 3166 977 3223 genus
1010 3151 1137 3207 inde
1174 3166 1351 3224 usque
1389 3157 1735 3221 repeterent;
1788 3150 2102 3206 necessario

536 3244 718 3302 Lucas
747 3245 841 3316 qui
872 3244 1089 3298 illorum
1118 3244 1429 3315 opinionem
1455 3242 1646 3307 refert,
1672 3256 1781 3297 non
1803 3256 1980 3305 suam,
2007 3240 2102 3295 ad-

531 3336 668 3408 jecit
690 3335 995 3391 narrationi
1035 3354 1055 3387 ι
1084 3344 1143 3390 ut
1172 3335 1501 3405 putabatur;
1537 3353 1556 3386 ι
1588 3333 1840 3389 Matthteo
1879 3334 2104 3403 permit-

534 3434 662 3485 tens
698 3443 927 3483 narrare
972 3443 1082 3483 non
1131 3435 1190 3482 ut
1219 3426 1531 3497 putabatur,
1563 3426 1659 3481 sed
1688 3426 1765 3482 uti
1800 3440 1991 3481 revera
2043 3440 2104 3481 se

537 3519 774 3575 habebat
816 3520 971 3592 origo
1011 3518 1247 3592 generis.
1278 3517 1456 3589 Atque
1498 3519 1614 3573 haec
1649 3518 1825 3588 prima
1864 3526 1986 3577 esto
2018 3532 2104 3573 re-

537 3613 780 3682 sponsio.

605 3706 660 3761 5.
701 3705 821 3762 Alia
850 3724 1069 3780 quoque
1116 3709 1387 3781 profunda
1433 3717 1489 3766 et
1534 3722 1733 3763 arcana
1779 3721 1903 3762 esse
1926 3710 2104 3776 potest

539 3796 663 3867 ejus
686 3800 1022 3856 narrationis
1050 3802 1212 3856 ratio.
1241 3800 1455 3856 Etenim
1492 3799 1779 3854 Matthzeus
1808 3797 2102 3851 humanam

535 3889 745 3945 Christi
767 3891 1108 3947 nativitatem
1140 3893 1343 3948 diserte
1364 3891 1705 3954 describens,
1738 3903 1974 3959 vereque
2007 3902 2104 3941 vo-

538 3979 660 4037 lens
694 3979 987 4053 Iosephum
1027 3981 1231 4040 Davide
1260 3983 1556 4039 oriundum
1600 3987 2003 4047 demonstrare,
2036 3998 2103 4038 eo

546 4087 659 4144 quo
686 4087 786 4143 par
818 4083 937 4128 erat
973 4076 1245 4133 sermonis
1276 4078 1527 4146 ingressu
1555 4076 1761 4143 utitur;
1802 4074 1980 4130 Lucas
2008 4089 2105 4129 au-

537 4171 670 4229 tem,
703 4170 765 4219 ut
808 4165 1025 4235 opinor,
1057 4165 1186 4235 quia
1216 4167 1383 4222 nollet
1417 4180 1674 4221 carneam
1719 4164 1927 4220 Christi
1963 4164 2106 4219 nati-

537 4256 762 4310 vitatem
792 4255 1128 4320 describere,
1157 4257 1234 4312 ita
1260 4273 1411 4313 nunc
1434 4273 1493 4313 se
1520 4257 1711 4328 gessit.
1745 4255 1878 4310 Nam
1912 4256 1960 4310 si
2003 4255 2105 4310 hoc

2202 1784 2296 1838 τοῦ
2316 1780 2553 1856 Χριστοῦ
2580 1781 3022 1852 κεκρατημένων,
3045 1781 3140 1835 καὶ
3172 1781 3390 1835 πάντων
3426 1780 3512 1851 μὲν
3537 1777 3717 1851 συμφώ-

2202 1893 2309 1940 νως
2337 1875 2429 1928 ἐπὶ
2456 1874 2548 1928 τὸν
2568 1872 2732 1927 Δαὸὶδ
2759 1874 3089 1946 ἀναγόντων,
3110 1872 3201 1928 διὰ
3223 1871 3322 1936 τὰς
3344 1871 3472 1942 πρὸς
3492 1872 3567 1925 τὸν
3584 1868 3718 1924 dum

2200 1967 2295 2021 τοῦ
2318 1965 2452 2020 Θεοῦ
2482 1964 2830 2034 ἐπαγγελίας,
2867 1965 2968 2037 ἤδη
2995 1964 3053 2018 δὲ
3080 1964 3194 2019 τῶν
3230 1965 3326 2035 μὲν
3359 1964 3460 2017 ἀπὸ
3486 1962 3621 2023 Δαόὶδ
3642 1961 3718 2017 καὶ

2202 2058 2513 2131 Σολομῶνος
2541 2057 2632 2111 καὶ
2659 2055 2752 2110 τοῦ
2782 2055 3060 2128 βασιλικοῦ
3088 2055 3284 2127 γένους
3315 2054 3615 2125 πειθομένων
3629 2053 3719 2106 ἐσε-

2203 2152 2326 2206 σθαι
2356 2150 2447 2204 τὸν
2477 2148 2733 2221 Χριστὸν,
2763 2148 2871 2202 τῶν
2892 2147 2948 2201 δὲ
2983 2147 3194 2220 ταύτην
3225 2147 3320 2220 μὲν
3346 2146 3618 2217 φευγόντων
3639 2145 3715 2214 τὴν

2201 2244 2378 2315 δόξαν,
2398 2240 2487 2298 διὰ
2518 2243 2578 2295 τὸ
2608 2241 2864 2312 πλείστην
2899 2240 3240 2313 ὲμιρέρεσθαι
3267 2239 3374 2295 τῶν
3402 2236 3717 2311 βεϐασιλευκό-

2200 2354 2308 2391 των
2332 2336 2685 2408 κατηγορίαν,
2713 2334 2803 2389 διά
2841 2351 2902 2388 τε
2930 2333 2993 2388 τὸ
3025 2335 3160 2406 ὲκκή
3172 2350 3367 2406 ρυκτον
3396 2332 3493 2387 ὑπὸ
3513 2332 3593 2385 τοῦ
3614 2347 3717 2402 προ·

2202 2430 2373 2499 φήτου
2409 2426 2675 2499 Ἱερεμίου
2712 2426 2991 2495 γεγονέναι
3028 2426 3119 2481 τὸν
3165 2425 3440 2498 Ἰεχονίαν,
3466 2423 3551 2477 καὶ
3582 2421 3650 2476 διὰ
3672 2420 3716 2473 τὸ

2202 2519 2450 2590 εἰρῆσθαι
2474 2518 2546 2590 μὴ
2561 2517 2959 2589 ἀναστήσεσθαι
2976 2502 3222 2583 ὲξαύτοῦ
3240 2517 3453 2589 σπέρμα
3471 2514 3715 2585 καθήμενον

2202 2612 2295 2664 ἐπὶ
2339 2610 2529 2682 θρόνου
2553 2609 2736 2671 Δαόὶδ,
2770 2609 2859 2663 διὰ
2893 2609 2951 2663 δὲ
2975 2606 3069 2662 οῦν
3110 2608 3309 2672 ταῦτα,
3337 2606 3515 2679 ἑτέραν
3551 2604 3716 2658 ὁδευόν-

2201 2720 2328 2768 των,
2354 2703 2447 2756 καὶ
2472 2702 2578 2756 ἀπὸ
2606 2703 2705 2773 μὲν
2733 2701 2896 2755 Δαὸὶδ
2918 2700 3344 2773 ὁμολογούντων,
3371 2698 3430 2752 οὐ
3452 2698 3545 2769 μὴν
3562 2695 3633 2748 διὰ
3652 2694 3716 2747 Σι-

2201 2794 2461 2865 λομῶνος,
2479 2792 2615 2848 ἀλλά
2636 2792 2725 2847 διὰ
2748 2791 2954 2857 Νάθαν,
2972 2792 3031 2857 ὃς
3051 2788 3119 2864 ἦν
3141 2791 3243 2845 τοῦ
3275 2789 3436 2844 Δασὶδ
3483 2790 3593 2850 παῖς
3624 2784 3716 2854 (φα-

2207 2888 2259 2940 σὶ
2289 2887 2345 2941 δὲ
2376 2887 2467 2940 τὸν
2497 2885 2683 2941 Νάθαν
2715 2888 2809 2940 καὶ
2854 2885 3231 2957 προφητεῦσαι
3276 2884 3413 2938 κατὰ
3453 2881 3515 2934 τὰ
3550 2882 3598 2934 ἐν
3627 2880 3716 2942 ταῖς

2128 3014 2170 3071 C
2202 2979 2507 3043 Βασιλείαις
2541 2980 2813 3051 φερόμενα
2842 2978 3001 3052 [11]),
3038 2977 3144 3031 ἀπό
3179 2994 3242 3031 τε
3269 2976 3360 3029 τοῦ
3389 2974 3558 3029 Νάθαν
3581 2970 3714 3071 ὃιαδόἷ

2203 3090 2312 3143 χων
2339 3071 2759 3144 προελεύσεσθαι
2788 3070 2879 3123 τὸν
2905 3067 3137 3143 Χριστὸν
3159 3059 3715 3139 διαϐεϐαιουμένων,καὶ

2201 3163 2291 3217 τόν
2319 3180 2381 3232 γε
2407 3163 2603 3235 Ἰωσὴφ
2638 3162 2845 3217 ἐκεῖθέν
2875 3161 3042 3215 ποθεν
3070 3159 3542 3230 γενεαλογούντων,
3559 3154 3716 3225 σφόδρα

2203 3255 2514 3323 ἀναγκαίως
2557 3255 2586 3308 6
2627 3255 2840 3318 Λουκᾶς
2891 3253 2989 3325 τὴν
3037 3252 3245 3307 τούτων
3278 3248 3555 3322 άνιστορῶν
3579 3244 3712 3310 δόξαν,

2201 3347 2315 3402 ἀλλ’
2339 3348 2399 3401 οὐ
2436 3348 2533 3420 τὴν
2559 3346 2746 3414 αὑτοῦ,
2781 3346 3088 3417 προσέθηκε
3122 3348 3190 3417 τῇ
3225 3345 3347 3401 κατ’
3377 3343 3525 3398 αὐτὸν
3554 3336 3715 3408 ἱστορίᾳ

2200 3437 2262 3492 τὸ
2286 3455 2306 3489 ι
2326 3438 2400 3502 ὡς
2420 3437 2696 3508 ἐνομίζετο
2715 3455 2728 3468 ο
2744 3455 2762 3488 ι
2783 3436 2862 3507 τῷ
2886 3436 3149 3507 Ματθαίῳ
3162 3435 3555 3508 παραχωρήσας
3574 3429 3633 3502 μὴ
3654 3427 3715 3489 τὸν

2202 3529 2278 3592 ὡς
2306 3527 2604 3599 ἐνομίζετο,
2636 3530 2890 3600 ἱστορεῖν,
2909 3528 3022 3581 ἀλλ’
3039 3528 3115 3591 ὼς
3141 3524 3289 3599 εἶχεν
3312 3524 3550 3597 ἀληθείας
3567 3520 3622 3581 τὰ
3642 3518 3715 3587 τῆς

2202 3620 2497 3690 γενέσεωςο
2525 3618 2662 3690 αῦτη
2699 3619 2797 3690 μὲν
2825 3614 2973 3689 οὖνὴ
3006 3615 3197 3690 πρώτη
3238 3616 3501 3677 ἀπόδοσις.

2273 3719 2341 3781 γ’.
2386 3711 2484 3782 Είη
2521 3709 2564 3763 δ’
2589 3710 2652 3764 ἄν
2681 3727 2767 3774 τις
2799 3710 2891 3763 καὶ
2925 3708 3082 3772 ἄλλος
3129 3708 3302 3779 βαθὺς
3340 3707 3429 3761 καὶ
3466 3703 3715 3775 ἀπόρρητος

2203 3801 2261 3856 ὲν
2285 3804 2396 3864 τοῖς
2428 3799 2811 3871 προκειμένοις
2840 3799 2997 3868 λόγος
3016 3816 3030 3830 ·
3071 3798 3353 3862 Ματθαῖος
3384 3798 3476 3869 μὲν
3504 3794 3596 3865 γὰρ
3617 3794 3713 3861 ὁμο·

2202 3894 2542 3966 λογουμένως
2571 3893 2669 3965 τὴν
2702 3893 2965 3965 ἔνσαρκον
2997 3891 3213 3962 γένεσιν
3263 3891 3480 3963 ἱστορῶν
3502 3887 3581 3941 τοῦ
3612 3885 3712 3954 X9:-

2204 3985 2351 4050 στοῦ,
2385 3985 2479 4038 καὶ
2525 3984 2618 4037 τὸν
2661 3983 2857 4054 Ἰωσὴφ
2906 3981 3180 4047 ἀποδεῖξαι
3217 3980 3519 4052 βουλόμενος
3547 3972 3713 4044 εἰληθεὶς

2204 4079 2268 4131 ὲκ
2294 4076 2476 4140 Δαὸὶδ,
2503 4071 2624 4129 ὅθεν
2647 4078 2813 4147 ἐχρῆν
2839 4077 2905 4146 τῇ
2933 4073 3147 4145 εἰσϐολῇ
3177 4074 3440 4145 κέχρηται
3464 4069 3548 4125 τοῦ
3572 4067 3709 4134 λόγον’

2204 4168 2294 4221 τὸν
2343 4167 2399 4223 δὲ
2437 4167 2650 4221 Δουκᾶν
2684 4163 2923 4237 ἡγοῦμαι
2950 4164 3025 4237 μὴ
3056 4166 3153 4238 τὴν
3187 4165 3329 4219 κατὰ
3360 4162 3522 4235 σάρκα
3548 4157 3711 4228 γένεσιν

2206 4261 2297 4315 τοῦ
2333 4259 2506 4332 Ἰησοῦ
2533 4259 2872 4329 γενεαλογεῖν
2886 4258 3157 4323 ἐθέλοντα,
3179 4260 3284 4313 νῦν
3307 4258 3456 4316 τοῦτο
3475 4246 3711 4319 stemmati-

535 4345 589 4400 ei
627 4346 972 4418 propositum
1023 4347 1239 4414 fuisset,
1287 4365 1400 4404 non
1432 4349 1740 4421 ignorabat,
1793 4364 1933 4420 opus
1982 4363 2102 4405 esse

2207 4370 2294 4407 ναι
2318 4368 2333 4383 ’
2366 4351 2524 4405 τοῦτο
2570 4350 2666 4422 μὲν
2706 4349 2815 4420 γάρ
2861 4351 2910 4403 εἰ
2942 4352 3083 4404 κατὰ
3113 4349 3339 4422 γνώμην
3365 4348 3615 4421 ἔπραττεν,
3637 4336 3710 4391 οὐκ

537 4438 805 4509 originem
870 4439 1143 4510 ejusmodi
1197 4456 1489 4514 exponere.
1558 4440 1664 4496 Sed
1726 4441 1983 4512 quoniam
2036 4456 2103 4495 eo

536 4524 816 4599 Evangelii
844 4529 963 4584 loco
994 4533 1423 4601 regenerationis
1445 4548 1541 4603 per
1564 4533 1839 4587 lavacrum
1873 4533 2106 4587 mentio«

536 4632 665 4675 nem
704 4619 856 4688 facit,
891 4621 1190 4693 Iesumque
1240 4631 1300 4677 ut
1343 4622 1436 4677 Dei
1474 4621 1670 4678 Filium
1717 4622 1974 4686 exhibet;
2021 4621 2103 4676 ida

538 4710 692 4766 circo
721 4711 825 4769 hoc
846 4714 1012 4769 veluti
1035 4714 1284 4783 exemplo
1303 4713 1684 4769 demonstrare
1704 4713 1900 4768 nititur
1919 4727 2107 4782 quem-

538 4801 670 4857 libet
700 4803 974 4860 hominem
996 4805 1048 4859 in
1082 4803 1192 4860 Deo
1209 4812 1609 4876 regeneratum,
1640 4804 1853 4860 etiamsi
1892 4818 2019 4859 vere
2042 4801 2106 4861 ft-

539 4894 646 4952 lius
696 4897 977 4953 hominum
1029 4898 1294 4955 habeatur
1337 4898 1410 4953 ob
1457 4913 1677 4954 carnem
1721 4912 1829 4967 qua
1880 4895 2105 4951 indutus

540 4996 646 5055 est,
682 5004 792 5044 non
821 4999 1001 5046 tamen
1031 5005 1156 5046 cum
1195 5007 1295 5047 sua
1329 4997 1527 5045 natura
1554 4991 1611 5046 in
1648 4990 1867 5046 carneis
1894 4989 2107 5060 genito-

540 5078 696 5139 ribus
727 5078 944 5148 sistere,
974 5099 1153 5154 neque
1187 5100 1294 5138 non
1327 5083 1469 5139 ultra
1515 5082 1763 5155 corporis
1791 5089 2108 5154 procreato-

542 5186 635 5229 res
667 5189 960 5231 excurrere
986 5194 999 5229 :
1022 5190 1214 5232 verum
1262 5176 1475 5233 etiamsi
1525 5176 1670 5232 ﬁlius
1709 5175 1992 5231 hominum
2024 5175 2108 5231 vi-

543 5266 737 5322 deatur
758 5269 829 5324 ob
852 5269 1102 5339 corporis
1124 5269 1549 5340 generationem,
1581 5268 1940 5325 nihilominus
1963 5266 2108 5323 haud

545 5356 782 5414 alienum
828 5377 858 5416 a
892 5360 985 5417 Dei
1029 5362 1321 5433 adoptione
1370 5363 1602 5420 censeri.
1655 5362 2105 5433 Quandoquidem

545 5463 677 5522 ergo
704 5450 880 5510 Lucas
908 5455 1051 5510 haud
1082 5457 1382 5511 secundum
1412 5454 1649 5510 Matthaei
1672 5462 1905 5510 mentem
1931 5456 2105 5511 histo-

2206 4443 2387 4512 ἠγνόει
2430 4441 2512 4494 ὅτι
2562 4440 2730 4512 ἐχρῆν
2757 4439 2956 4511 ταύτην
2994 4439 3343 4495 ὲκθέσεσθαι·
3377 4434 3615 4507 ἐπειδὴδὲ
3639 4429 3708 4482 νῦν

2203 4533 2304 4606 τῆς
2343 4533 2431 4589 διὰ
2467 4532 2692 4605 λουτροῦ
2719 4535 3124 4607 ἀναγεννήσεως
3157 4535 3441 4606 μέμνηται,
3466 4528 3565 4583 υἱὸν
3587 4519 3708 4578 αὑτὸν

2204 4629 2438 4696 εἰσάγων
2463 4624 2620 4691 Θεοῦ,
2658 4625 2904 4695 βούλεται
2929 4626 3005 4690 ὼς
3026 4629 3084 4679 ἐν
3112 4626 3459 4697 ὑποδείγματι
3483 4611 3704 4690 παραστῆ-

2207 4734 2296 4770 σαι
2328 4718 2408 4770 ὅτι
2437 4715 2500 4786 δὴ
2533 4717 2640 4779 πᾶς
2666 4717 2694 4768 ὁ
2728 4718 2785 4768 ὲν
2806 4714 2924 4786 Θεῷ
2946 4713 3403 4785 ἀναγεννὼμενος,
3429 4708 3523 4764 κᾶν
3542 4698 3702 4774 ἀληθῶς

2207 4811 2319 4875 υίὸς
2348 4805 2483 4863 εἶναι
2506 4809 2806 4881 ἀνθρώπων
2835 4809 3107 4880 νομίζοιτο
3137 4809 3203 4863 δι’
3229 4809 3297 4881 ἢν
3318 4806 3588 4879 περίκειται
3608 4796 3701 4863 σάρ-

2206 4918 2298 4963 κα,
2326 4902 2440 4956 άλλ’
2465 4902 2562 4971 οὐχ
2608 4900 2822 4954 ἵσταταί
2869 4916 2933 4969 γε
2984 4900 3122 4972 αὐτῇ
3173 4900 3241 4954 τὰ
3287 4896 3381 4967 τῆς
3402 4882 3697 4965 γενέσεωςεὶς

2206 4998 2331 5061 τοὺς
2363 4994 2502 5049 κατὰ
2541 4995 2717 5065 σάρκα
2741 4998 2939 5063 γονεῖς,
2975 4996 3095 5049 οὐδὲ
3142 4994 3301 5066 μέχρι
3328 4990 3428 5044 τῶν
3452 4983 3535 5038 τοῦ
3558 4978 3694 5046 τιτιεὶψιι⁸

2204 5108 2297 5156 τος
2341 5089 2701 5164 προπατόρων
2745 5087 2966 5159 φθάνειο
3002 5087 3115 5142 ἀλλ’
3141 5088 3188 5141 εί
3237 5083 3327 5140 καὶ
3364 5079 3600 5151 νομίζοιτο
3630 5068 3698 5121 ἀν·

2208 5180 2438 5253 θρώπων
2468 5179 2606 5234 εἶναι
2639 5180 2754 5245 υίὸς
2788 5178 2876 5232 διὰ
2919 5178 3017 5248 τὴν
3058 5174 3153 5230 τοῦ
3206 5174 3446 5245 σώματος
3484 5164 3691 5253 γέννηςινν

2210 5246 2359 5346 δίδως
2405 5274 2449 5328 δ’
2483 5270 2574 5328 οὖν
2619 5275 2717 5327 οὐκ
2767 5246 3041 5343 ἀλλότριος
3075 5270 3174 5341 τῆς
3218 5267 3308 5321 τοῦ
3334 5260 3458 5317 Θεοῦ
3487 5246 3695 5346 uocem;

2212 5340 2514 5437 ὑιρέστηκεν
2533 5382 2546 5395 ·
2572 5363 2756 5435 ἐπειδὴ
2779 5363 2835 5418 δὲ
2855 5340 2948 5416 οὖν
2970 5361 3031 5415 οὐ
3050 5361 3191 5415 κατὰ
3212 5360 3306 5430 τὴν
3332 5352 3485 5425 αὐτὴν
3503 5340 3693 5437 “pm?

2211 5422 2348 5526 θαίῳ
2384 5422 2620 5509 έιὰνοιαν
2668 5422 2936 5520 ἐξετίθετο
2980 5451 3080 5522 τὴν
3130 5422 3390 5522 διήγησιν,
3416 5422 3605 5496 είκότως
3627 5422 3695 5480 ἀν

620 5626 733 5703 (Π)
774 5631 978 5689 “esum
1012 5634 1127 5692 haec
1161 5638 1215 5692 in
1243 5637 1343 5693 cod
1392 5636 1456 5705 A,
1489 5636 1578 5705 οι,
1612 5652 1639 5692 a
1668 5653 1776 5710 quo
1806 5638 2097 5710 caeteroqui
2136 5639 2390 5695 meliores
2425 5635 2698 5694 interdum
2734 5634 2995 5691 lectiones
3028 5628 3397 5702 sumpsimus.-
