3890 6198
214 324 314 380 897

775 326 1235 394 QUzESTIONES
1272 328 1731 388 EV'ANGELlCzE
1772 330 1862 384 AD
1906 331 2435 392 STEPHANUM.—
2473 338 2801 407 QUzESTlO
2840 345 2929 400 111.

3356 354 3460 410 898

212 442 374 496 αὑτὸν
406 442 599 514 ἐκείνῳ
641 443 827 515 καιρὸν
872 447 1129 517 ὑπερϐὰς,
1167 450 1258 501 ἐπὶ
1300 450 1397 520 τὴν
1440 450 1777 521 ἀναγέννησιι

1894 452 2027 506 riam
2062 470 2217 508 suam
2260 455 2471 522 scribit,
2502 466 2930 538 consentaneum
2965 472 3079 518 erat
3117 473 3176 520 ut
3218 466 3459 525 Matthzei

208 537 312 606 τὴν
334 535 421 587 διὰ
451 535 677 606 λουτροῦ
706 538 1063 608 παραγίνεται
1083 556 1096 569 ’
1128 541 1219 593 καὶ
1252 541 1482 595 ἐνταῦθα
1511 542 1609 613 τὴν
1638 546 1789 599 ἐναν-

210 630 334 683 τίαν
356 628 628 682 ἐκτίθεται
654 629 761 683 τῶν
787 631 958 699 γενῶν
985 631 1233 704 διαδοχήν
1254 651 1267 664 ·
1300 633 1437 703 ὁμοῦ
1461 636 1553 687 καὶ
1573 636 1788 704 ἀνάγων

211 722 321 775 ἀπὸ
350 721 458 774 τῶν
497 722 741 775 ὑστάτων
774 724 865 776 ἐπὶ
895 723 963 777 τὰ
992 724 1205 796 πρῶτα,
1233 725 1367 797 όμοῦ
1396 727 1489 779 καὶ
1519 727 1617 799 τὴν
1652 729 1788 799 μνή-

213 832 322 884 μην
344 813 453 866 τῶν
479 814 626 885 παρά
651 814 728 886 τῷ
748 815 1012 887 Ματθαίῳ
1041 818 1304 872 ὑπαιτίων
1335 820 1424 872 καὶ
1453 820 1788 890 ἁμαρτωλῶν

207 904 424 975 ἀνδρῶν
469 906 889 977 ἀποσειόμενος·
943 910 1241 982 ἐπειδήπερ
1289 914 1317 965 ὁ
1362 912 1513 984 παρά
1550 913 1625 983 τῷ
1671 913 1788 984 Θεῷ

207 995 731 1070 ἁναγεγεννημένος,
762 1000 1039 1074 ἀλλότριος
1085 1003 1402 1059 καθίσταται
1454 1008 1553 1076 τῆς
1597 1006 1788 1078 ἐνσάρ-

212 1106 313 1142 κου
340 1090 605 1157 γενέσεως
632 1092 724 1146 καὶ
753 1093 860 1146 τῶν
892 1094 1028 1148 κατά
1062 1095 1239 1167 σάρκα
1260 1098 1594 1168 ἁμαρτωλῶν
1625 1100 1787 1152 πατέ-

211 1200 344 1252 ρων,
376 1185 489 1247 υἱὸς
519 1186 953 1257 ἀποφαινόμενος
978 1188 1133 1253 Θεοῦ,
1166 1191 1259 1245 καὶ
1281 1191 1496 1245 πάντων
1520 1193 1627 1245 τῶν
1648 1195 1787 1247 κατὰ

204 1274 340 1328 Θεὸν
374 1276 758 1349 ἀνεπιλήπτως
791 1278 1148 1349 βεϐιωκότων.

273 1388 339 1442 δ’.
381 1386 530 1449 Οίον.
549 1391 624 1453 ὡς
651 1392 743 1445 ἐπὶ
770 1394 1228 1465 παραδείγματος,
1251 1398 1460 1463 Παῦλος
1497 1402 1526 1453 ὁ
1556 1399 1787 1456 ἀπόστο-

204 1481 294 1545 λος
324 1483 499 1553 ἐχέτω
539 1484 636 1553 μὲν
679 1485 818 1538 κατὰ
855 1486 1035 1557 σάρκα
1069 1490 1283 1561 πατέρα
1329 1490 1572 1546 Ἰουδαῖον
1606 1496 1785 1549 ὅντινα

202 1572 278 1636 ὡς
313 1574 464 1638 εἰκὸς
509 1576 766 1630 ἄπιστον·
797 1578 966 1647 ἐχέτω
997 1577 1051 1631 δὲ
1079 1579 1173 1633 καὶ
1202 1582 1340 1635 κατά
1371 1584 1521 1648 Θεὸν,
1556 1580 1615 1638 οὗ
1646 1588 1785 1641 κατά

201 1666 333 1728 τοὺς
364 1667 599 1739 τρόπους
621 1668 766 1721 ἐὸίου
788 1686 799 1698 ·
828 1672 874 1723 εἰ
907 1670 964 1723 δὲ
993 1667 1084 1725 οὖν
1126 1674 1307 1743 μέλλει
1334 1693 1418 1739 τις
1447 1677 1607 1730 αὑτὸν
1644 1678 1783 1732 κατά

203 1760 391 1831 σάρκα
440 1761 802 1830 γενεαλογεῖν,
847 1763 989 1825 τίνος
1037 1766 1263 1831 εἰκότως
1320 1769 1386 1822 ἂν
1440 1772 1705 1843 ἐμνήσθη.
1748 1774 1856 1852 ἢΒ

203 1853 428 1917 πάντως
457 1871 560 1908 που
594 1854 685 1907 τοῦ
713 1856 855 1910 κατά
890 1858 1067 1928 σάρκα
1100 1860 1336 1930 πατρός;
1374 1857 1437 1914 Εί
1465 1861 1507 1913 δ’
1530 1859 1594 1916 αὖ
1625 1863 1783 1917 πάλιν

201 1943 391 2016 ἕτερος
421 1946 521 2015 τὴν
552 1947 612 1997 ἐν
655 1948 872 2019 Χριστῷ
904 1949 1115 2017 γένεσιν
1148 1951 1311 2005 αὑτοῦ
1355 1953 1545 2023 δηλοῦν
1589 1950 1780 2020 ἐθέλοι,

200 2038 349 2099 τίνος
377 2038 446 2090 ἂν
474 2039 572 2110 τὴν
597 2041 818 2110 μνήμην
851 2040 967 2112 θείη
1004 2041 1071 2095 ἂν
1106 2043 1349 2109 εἰκότως,
1383 2045 1414 2115 ἢ
1448 2047 1662 2111 πάντως
1688 2048 1782 2101 τοῦ

199 2128 343 2182 κατὰ
407 2128 542 2182 Θεὸν
588 2130 750 2185 αὐτὸν
797 2133 1290 2205 ἀναγεννήσαντος;
1347 2136 1502 2190 Οὕτω
1557 2140 1650 2192 καὶ
1707 2140 1783 2211 τῷ

208 2217 470 2289 Ἀϐραὰμ
499 2218 746 2289 εἴρηται·
785 2240 803 2272 ι
836 2223 907 2276 Σὺ
940 2223 997 2276 δὲ
1030 2225 1305 2299 ἀπελεύσῃ
1348 2228 1485 2299 πρὸς
1515 2229 1640 2293 τοὺς
1679 2248 1783 2284 πα-

196 2309 368 2381 τέρας
394 2328 488 2364 σου
507 2313 733 2383 τραφεὶς
753 2316 809 2369 ἐν
833 2317 978 2387 γήρᾳ
1007 2317 1276 2387 καλῷοιού
1297 2319 1465 2391 δήπου
1490 2323 1613 2386 τοὺς
1644 2324 1782 2378 κατά

199 2404 385 2474 σάρκα
421 2404 662 2477 πατέρας
687 2406 970 2477 δηλοῦντος
1003 2410 1095 2463 τοῦ
1133 2410 1312 2481 λόγου,
1344 2415 1391 2465 εί
1422 2414 1495 2485 μὴ
1529 2415 1622 2468 καὶ
1656 2416 1778 2469 θεοο

197 2496 382 2558 σεϐεἰς
428 2496 669 2563 λέγοιντο
713 2500 1012 2566 γεγονέναι,
1046 2502 1171 2565 τοὺς
1212 2503 1269 2556 δὲ
1316 2506 1372 2557 ἐν
1398 2505 1515 2577 Θεῴ
1542 2509 1781 2581 πατέρας

194 2586 282 2653 διὰ
323 2588 427 2659 τὴν
470 2588 569 2659 τῆς
613 2590 897 2654 εὐσεϐείας
943 2593 1325 2665 ὁμοιοτροπίαν
1367 2599 1735 2669 αἰνιττομένου
1763 2617 1776 2630 ·

193 2679 341 2733 οὕτω
362 2681 458 2733 καὶ
478 2682 528 2733 οἱ
549 2680 607 2745 ἐξ
632 2682 901 2755 Ἀϐραὰμ,
918 2686 1131 2750 ἀσεϐεῖς
1155 2683 1293 2758 ἦσαν
1321 2690 1419 2760 μὲν
1440 2692 1580 2745 κατά
1606 2693 1780 2764 σάρκα

192 2773 241 2825 οὶ
296 2772 405 2826 υίοὶ
444 2774 712 2846 Ἀϐραάμ,
747 2777 891 2829 κατά
930 2778 985 2831 δὲ
1031 2779 1123 2833 τὸν
1152 2782 1371 2853 τρόπον,
1400 2784 1505 2835 υἱοί¹
1536 2785 1781 2857 Σοδόμων

192 2867 289 2919 καὶ
314 2867 632 2939 Γομόρρας⁸
666 2868 745 2922 διὸ
770 2870 986 2939 λέγεται
1025 2872 1160 2944 πρὸς
1193 2874 1386 2938 αύτούς
1404 2893 1416 2905 ’
1447 2895 1464 2927 ι
1491 2878 1780 2932 Ἀκούσατε

190 2957 353 3027 λόγον
387 2960 611 3031 Κυρίου,
658 2961 915 3033 ἄρχοντες
971 2964 1236 3035 Σοδόμων,
1287 2969 1575 3039 προσέχετε
1621 2971 1779 3041 νόμον

192 3051 357 3117 Θεοῦ,
391 3051 520 3114 λαὸς
556 3054 596 3104 Γ
598 3054 866 3125 ομόρῤας·
907 3075 925 3107 ι
963 3056 1036 3121 ὡς
1068 3054 1136 3111 αὖ
1172 3059 1331 3113 πάλιν
1359 3060 1417 3127 ἐξ
1446 3054 1520 3115 ὧν
1551 3063 1779 3133 ἤμελλεν

1894 548 2137 612 tempora
2170 552 2614 616 praetergressus,
2656 548 2722 603 ad
2758 554 3221 620 regenerationem
3254 574 3350 628 per
3378 559 3452 614 la-

1891 648 2112 688 vacrum
2142 635 2371 702 veniret,
2406 638 2589 709 ibique
2620 644 2949 696 contrariam
2992 657 3219 714 poneret
3258 664 3451 718 prosa-

1888 722 2100 790 piarum
2143 726 2546 781 successionem
2579 746 2591 781 :
2620 727 2781 783 simul
2832 746 3062 802 pergens
3106 750 3135 789 a
3167 739 3460 806 postremis

1890 813 1955 866 ad
1982 813 2155 879 initia,
2182 816 2453 886 simulque
2479 821 2798 873 memoriam
2831 823 3069 877 sontium
3100 840 3162 879 ac
3193 828 3456 883 scelesto-

1888 921 2029 973 rum,
2072 908 2165 977 qui
2216 920 2345 963 sunt
2385 911 2526 980 apud
2576 911 2888 967 Matthteum
2918 914 3199 971 hominum
3239 921 3453 977 vitans:

1888 1000 2011 1068 quia
2061 1011 2416 1072 regeneratus
2447 1004 2591 1075 apud
2622 1004 2789 1060 Deum
2832 1008 3044 1063 alienus
3094 1010 3154 1064 ﬁt
3188 1026 3217 1064 a
3256 1027 3456 1068 carnea

1888 1099 2105 1155 natura,
2143 1102 2196 1148 et
2225 1110 2253 1147 a
2282 1096 2661 1164 peccatoribus
2696 1100 2997 1155 secundum
3028 1118 3247 1157 carnem
3283 1106 3455 1174 patri-

1889 1182 2011 1245 bus,
2046 1182 2138 1238 Dei
2181 1185 2440 1240 nimirum
2473 1187 2786 1245 declaratus
2816 1191 2983 1259 ﬁlius,
3010 1202 3063 1248 et
3092 1195 3334 1251 omnium
3359 1198 3454 1268 qui

1888 1275 2186 1329 secundum
2222 1277 2391 1332 Deum
2423 1280 2542 1335 sine
2572 1283 2730 1352 culpa
2761 1284 3029 1340 vixerunt.

1958 1390 2009 1442 4.
2047 1386 2291 1461 Exempli
2332 1394 2505 1464 gratia
2549 1393 2754 1451 Paulus
2800 1398 3083 1466 apostolus
3118 1408 3324 1470 patrem
3371 1417 3455 1458 se-

1894 1480 2135 1535 cundum
2171 1498 2391 1536 carnem
2444 1485 2633 1539 habuit
2662 1484 2931 1552 Judaeum,
2964 1496 3021 1542 ut
3050 1490 3308 1544 credibile
3349 1498 3453 1556 est,

1886 1586 1915 1624 a
1948 1571 2051 1626 ﬁde
2086 1574 2325 1630 alienum
2361 1592 2373 1628 :
2409 1574 2598 1629 habuit
2633 1592 2850 1646 quoque
2896 1586 3105 1647 patrem
3148 1582 3454 1635 secundum

1888 1663 2078 1729 Deum,
2137 1667 2296 1736 cujus
2351 1667 2603 1722 videlicet
2651 1670 2776 1725 vita:
2818 1671 3127 1726 institutum
3172 1674 3456 1742 amplexus

1886 1757 2008 1813 fuit.
2062 1758 2118 1812 Si
2148 1760 2273 1829 quis
2318 1774 2448 1830 ergo
2482 1757 2634 1815 Pauli
2673 1762 2973 1818 secundum
3017 1777 3236 1818 carnem
3282 1780 3455 1835 genus

1886 1864 2112 1905 narrare
2152 1851 2303 1915 velit,
2340 1867 2630 1922 quemnam
2663 1854 2858 1909 merito
2888 1865 3095 1924 patrem
3131 1858 3455 1912 memorabit

1884 1943 1990 1997 nisi
2015 1944 2325 1997 carnalem?
2359 1942 2456 1997 Sin
2486 1960 2705 1999 rursum
2738 1946 2937 2016 aliquis
2964 1946 3117 2002 Pauli
3150 1948 3203 2001 in
3231 1948 3454 2004 Christo

1883 2035 2222 2090 nativitatem
2250 2037 2536 2093 ostendere
2572 2038 2724 2106 velit,
2760 2038 3049 2107 cujusnam
3082 2040 3267 2108 potius
3300 2057 3453 2095 men-

1883 2124 2083 2179 tionem
2116 2128 2357 2195 parentis
2392 2125 2573 2189 faciet,
2609 2142 2771 2197 quam
2799 2129 2919 2197 ejus
2945 2143 2975 2182 a
3007 2144 3116 2199 quo
3147 2130 3451 2185 secundum

1882 2216 2051 2272 Deum
2095 2226 2448 2288 regeneratus
2497 2220 2613 2275 est?
2640 2219 2734 2274 Sic
2764 2221 3076 2276 Abraltamo
3105 2237 3324 2293 quoque
3366 2224 3451 2277 di-

1882 2312 2161 2366 ctum'fuit
2191 2332 2203 2366 :
2239 2331 2255 2361 ι
2286 2311 2367 2366 Tu
2412 2328 2541 2367 vero
2583 2313 2759 2367 abibis
2804 2314 2869 2366 ad
2918 2320 3101 2383 patres
3133 2324 3256 2370 tuos
3306 2316 3448 2369 bona

1883 2409 2163 2458 saturatos
2211 2412 2489 2459 senectute
2514 2404 2576 2455 ¹⁶.
2612 2423 2629 2456 ι
2661 2404 2763 2471 Qui
2800 2405 3047 2475 profecto
3079 2421 3262 2461 sermo
3301 2406 3449 2462 haud

1882 2510 2107 2551 carneos
2156 2503 2339 2566 patres
2373 2484 2735 2561 demonstrat,
2769 2498 2873 2553 nisi
2926 2498 2980 2551 bi
3022 2497 3163 2553 forte
3200 2499 3276 2569 pii
3310 2514 3449 2568 quo-

1882 2604 1987 2657 que
2019 2589 2191 2645 fuisse
2224 2591 2551 2659 credantur;
2607 2591 2702 2646 sed
2740 2592 2808 2646 de
2851 2592 3100 2661 patribus
3145 2593 3446 2647 secundum

1887 2681 2055 2737 Deum
2091 2682 2352 2753 loquitur,
2388 2692 2610 2754 propter
2636 2684 2852 2755 pietatis
2884 2683 3323 2739 similitudinem.
3355 2681 3447 2738 Sic

1881 2772 2173 2829 Abrahami
2197 2781 2383 2829 sontes
2410 2774 2524 2840 ﬁlii,
2556 2775 2720 2843 hujus
2743 2774 2960 2843 quidem
2985 2773 3287 2829 secundum
3323 2788 3447 2826 caro

1880 2879 2004 2919 nem
2036 2864 2154 2925 ,ﬁlii
2198 2873 2385 2930 erant,
2440 2865 2685 2919 moribus
2707 2873 2888 2919 autem
2938 2863 3299 2918 Sodomorum
3350 2863 3448 2917 ﬁlii

1881 2964 2046 3028 atque
2095 2956 2431 3012 Gomorrhaa.
2487 2956 2693 3011 Idcirco
2741 2957 2944 3011 dicitur
2997 2958 3152 3011 illis:
3200 2975 3218 3006 ‹
3249 2955 3450 3010 Audite

1882 3063 2189 3104 sermonem
2215 3047 2424 3103 Domini
2456 3049 2731 3119 principes
2760 3046 3121 3103 Sodomorum
3144 3088 3157 3111 ,
3186 3046 3449 3103 attendite

192 3144 306 3194 υἱοὶ
354 3143 608 3213 Ἀϐραὰμ
659 3144 973 3212 γίγνεσθαι·
1024 3149 1073 3200 οἱ
1127 3148 1257 3216 γοῦν
1284 3149 1357 3213 ἐξ⁹
1390 3150 1555 3204 ἐθνῶν
1588 3152 1665 3215 είς
1688 3153 1776 3207 τὸν
1804 3152 1845 3208 C
1880 3140 1983 3212 Ῑθεί
2011 3140 2127 3204 θεῖν
2163 3156 2196 3194 ο
2219 3142 2413 3210 Ροβυ¹θ
2442 3140 2759 3197 θοῐηυιτίιω
2785 3143 2823 3173 ³⁷
2859 3161 2871 3195 ε
2903 3161 2921 3193 )
2960 3148 3219 3210 umquam
3253 3141 3296 3195 εί
3322 3155 3447 3193 νυν·

189 3235 435 3305 Χριστὸν
473 3235 567 3288 τοῦ
602 3235 736 3289 Θεοῦ
766 3240 1205 3304 πεπιστευκότες,
1234 3241 1375 3294 κατὰ
1402 3242 1578 3308 σάρκα
1607 3244 1774 3296 πατέ-

191 3346 308 3397 ρων
359 3328 675 3399 ἀλλοφύλων
730 3330 945 3399 φύντες,
1002 3333 1105 3385 υἱοὶ
1157 3334 1459 3406 γεγόναμεν
1504 3335 1771 3406 Ἀϐραὰμ,

191 3420 439 3492 Χριστοῦ
469 3422 749 3492 γενόμενοι
784 3424 971 3487 παῖδες
1014 3427 1108 3479 καὶ
1154 3424 1263 3479 τῶν
1310 3426 1544 3497 Χριστοῦ
1600 3428 1773 3498 μαθη-

189 3514 340 3566 τῶν·
375 3513 519 3567 ῶστε
562 3515 654 3568 καὶ
694 3515 949 3586 δευτέραν
987 3518 1131 3587 ἡμᾶς
1158 3517 1554 3589 ἐπιγράφεσθαι
1587 3519 1775 3585 γένους

191 3604 449 3675 διαδοχὴν
483 3605 616 3659 πολὺ
645 3607 928 3678 κρείττονα
953 3608 1049 3677 τῆς
1080 3607 1218 3662 κατά
1246 3610 1422 3679 σάρκα
1450 3609 1535 3664 διὰ
1556 3610 1662 3681 τὴν
1684 3629 1774 3665 κα-

190 3698 258 3751 τὰ
282 3698 524 3767 Χριστὸν
551 3699 923 3770 ἀναγέννησιν.

264 3984 327 4038 ε’.
373 3985 613 4049 Εἰκότως
636 3987 925 4058 τοιγαροῦν
958 3991 1050 4043 καὶ
1070 3991 1097 4042 ὁ
1128 3992 1360 4057 Λουκᾶς,
1399 3994 1491 4047 ἆτε
1524 3994 1617 4066 τὴν
1643 3996 1772 4049 ἀνα-

195 4076 453 4146 γέννησιν
479 4078 727 4147 ἱστορῶν,
766 4081 825 4131 οὐ
853 4081 949 4152 τὴν
982 4083 1147 4154 αὐτὴν
1179 4084 1348 4138 όδεύει
1381 4085 1458 4156 τῷ
1490 4086 1765 4157 Ματοαίῳ,

192 4169 253 4219 ού
286 4169 378 4221 τοῦ
415 4168 728 4241 Σολομῶνος
767 4173 860 4226 καὶ
906 4174 1003 4244 τῆς
1048 4175 1142 4228 τοῦ
1194 4177 1410 4248 Οὐρίου,
1445 4180 1504 4232 οὐ
1534 4179 1631 4249 τῆς
1660 4179 1767 4233 Θά-

196 4279 333 4332 μαρ,
371 4262 434 4314 ού
459 4262 559 4334 τῆς
598 4264 776 4327 Ῥοὺθ,
802 4266 863 4318 ού
890 4267 984 4320 τοῦ
1035 4269 1278 4340 Ἰεχονίου
1308 4270 1401 4323 καὶ⁵
1434 4271 1538 4324 τῶν
1569 4272 1770 4342 μεταξὺ

192 4355 637 4428 διαϐεϐλημένων
692 4358 901 4431 ἀνδρῶν
954 4360 1052 4433 τὴν
1104 4362 1404 4434 παράθεσιν
1459 4367 1768 4438 πεποίηται,

193 4448 332 4499 ἀλλά
362 4448 429 4500 δι’
471 4449 676 4520 ἐτέρων
706 4451 1084 4524 ἀνεπιλήπτων
1120 4454 1313 4519 ἄνεισι,
1345 4458 1437 4509 καὶ
1477 4457 1538 4529 δὴ
1573 4459 1664 4511 καὶ
1706 4460 1769 4511 ἐκ
1801 4493 1844 4546 D

193 4537 291 4590 τοῦ
328 4542 609 4611 προφήτου
657 4541 842 4595 Νάθαν
882 4544 1382 4615 ἀναγεγεννημένον
1413 4548 1645 4616 εἰσάγει·
1678 4549 1769 4602 καὶ

194 4633 222 4683 ὁ
256 4631 354 4702 μὲν
388 4632 539 4705 παρὰ
564 4633 640 4704 τῷ
661 4636 925 4707 Ματθαίῳ
961 4637 1098 4690 κατά
1135 4638 1313 4709 σάρκα
1355 4641 1767 4710 γεγεννημένος,

195 4723 311 4787 υἱὸς
351 4720 419 4797 ἦν
462 4726 708 4798 Ἀϐραὰμ
741 4727 987 4783 ἐντεῦθεν
1021 4729 1524 4799 γενεαλογούμενος,
1558 4730 1770 4799 ἐπειδή-

197 4834 304 4889 περ
332 4817 407 4888 τῷ
449 4820 698 4891 Ἀϐραὰμ
727 4820 926 4892 πρώτῳ
960 4823 992 4892 η
1025 4822 1322 4891 ἐπαγγελία
1343 4821 1520 4875 δέδοτο
1543 4822 1643 4893 τῆς
1662 4823 1769 4876 τῶν

197 4910 663 4980 ἐθνῶνεὺλογίας,
689 4913 789 4965 οὐκ
821 4913 995 4976 ἄλλως
1041 4913 1073 4984 ἢ
1120 4914 1207 4967 διὰ
1239 4914 1330 4967 τοῦ
1362 4917 1424 4967 ἐκ
1458 4914 1770 4985 σπέρματος

198 5002 363 5058 αὐτοῦ
394 5003 853 5075 προελευσομένου
882 5006 1248 5077 γενησομένης
1265 5025 1276 5035 ο
1296 5009 1323 5059 ὁ
1347 5007 1401 5058 δὲ
1422 5007 1479 5058 ἐν
1500 5005 1615 5076 Θεῷ
1636 5006 1767 5057 ἀνα-

197 5098 607 5167 γεγεννημένος,
641 5097 857 5169 ἐτέρους
892 5099 1128 5170 πατέρας
1168 5099 1291 5163 τοὺς
1324 5098 1460 5153 κατά
1490 5097 1620 5152 Θεὸν
1651 5098 1770 5151 ἐπι-

199 5189 565 5260 γραψάμενος,
603 5190 711 5243 οὐδ’
745 5192 939 5253 αὐτοὺς
989 5191 1203 5263 ἀληθῶς
1252 5191 1515 5263 ἐσχηκὼς,
1547 5191 1660 5244 ἀλλ’
1695 5192 1770 5256 ὡς

202 5281 475 5352 ἐνομίζετο
516 5281 605 5335 διὰ
654 5283 751 5352 τὴν
798 5282 905 5334 τῶν
948 5282 1096 5352 ἠθῶν
1126 5284 1528 5356 ὀμοιοτροπίαν,
1564 5284 1768 5339 ἄνεισιν

203 5371 295 5425 ἐπὶ
335 5372 424 5427 τὸν
469 5374 639 5445 ἀληθῆ
685 5375 933 5446 πατέρα,
983 5374 1121 5445 μετά
1167 5376 1375 5442 πάντας
1424 5379 1768 5450 χρηματίσας

207 5470 327 5537 Υἱὸς
357 5473 451 5527 τοῦ
482 5474 637 5528 Θεοῦ.

276 5626 318 5659 ⁸⁸
354 5625 492 5684 Gen.
529 5646 619 5695 xv,
656 5630 742 5688 17.
823 5631 864 5663 ³⁷
904 5630 1007 5688 lsa.
1046 5646 1097 5697 ι,
1136 5630 1222 5687 10.

1878 3248 1974 3287 sus
2014 3248 2081 3287 ex
2130 3232 2218 3287 his
2260 3241 2442 3286 essent
2488 3233 2782 3286 Abrahami
2827 3231 2922 3286 ﬁlii
2964 3232 3303 3302 proventuri.
3340 3230 3448 3298 Qui

1876 3323 2040 3393 igitur
2070 3337 2135 3376 ex
2174 3322 2425 3392 gentibus
2475 3322 2694 3377 Christo
2742 3322 2836 3376 Dei
2873 3323 3224 3385 credidimus,
3267 3336 3445 3391 quan-

1874 3430 2034 3486 quam
2064 3415 2373 3470 inlidelibus
2398 3416 2697 3470 secundum
2722 3430 2941 3468 carnem
2971 3416 3137 3483 geniti
3168 3415 3443 3485 patribus,

1874 3508 1929 3560 in
1959 3506 2251 3561 Abrahami
2298 3506 2517 3560 domum
2554 3506 2930 3576 migravimus,
2977 3506 3184 3561 Christi
3216 3508 3446 3577 ejusque

1873 3599 2267 3668 discipulorum
2310 3599 2454 3651 nacti
2480 3597 2824 3666 adoptionem
2854 3617 2866 3649 :
2902 3604 3065 3665 atque
3094 3598 3168 3650 ita
3200 3599 3252 3651 in
3279 3598 3441 3652 aliam

1873 3699 2087 3745 nosmet
2129 3690 2511 3760 inscripsimus
2546 3689 2762 3759 generis
2808 3689 3241 3749 successionem,
3271 3691 3443 3745 multo

1872 3798 2072 3839 carnea
2136 3785 2413 3840 meliorem
2475 3788 2694 3853 propter
2751 3781 2807 3835 in
2875 3778 3099 3833 Christo
3156 3794 3443 3849 regenera-

1872 3877 2094 3931 tionem.

1943 3993 1995 4046 5.
2035 3992 2224 4046 Merito
2274 3990 2439 4061 igitur
2484 3988 2694 4049 Lucas,
2743 4002 2866 4042 cum
2913 3986 2980 4042 de
3027 3983 3442 4056 regeneratione

1872 4084 2135 4153 loquitur,
2186 4083 2329 4138 haud
2372 4083 2560 4138 eadem
2602 4096 2707 4152 qua
2753 4080 3035 4134 Matthaeus
3086 4079 3279 4134 semita
3313 4093 3439 4147 pcr-

1875 4180 1950 4247 git
1982 4193 1993 4229 :
2030 4189 2221 4244 nempe
2247 4190 2354 4229 non
2387 4175 2715 4238 Salomonis,
2747 4190 2852 4227 non
2897 4171 3086 4225 uxoris
3131 4169 3294 4235 Uriaa,
3328 4184 3440 4226 non

1874 4269 2177 4334 Thamarze,
2230 4285 2336 4323 non
2394 4268 2606 4330 Ruthaa,
2662 4283 2768 4321 non
2820 4264 3113 4328 Jecboniaz,
3160 4277 3261 4318 nec
3305 4279 3441 4333 quo-

1872 4361 2081 4417 rumvis
2116 4369 2312 4433 praeter
2343 4361 2443 4414 hos
2494 4373 2709 4412 reorum
2756 4357 3085 4412 mentionem
3132 4355 3296 4424 facit;
3344 4356 3441 4412 sed

1877 4469 1970 4522 per
2010 4454 2148 4508 alios
2194 4452 2619 4521 reprehensione
2669 4458 2919 4503 carentes
2969 4446 3237 4517 graditur;
3283 4448 3445 4502 Chri-

1875 4555 2129 4615 stumque
2162 4561 2191 4597 a
2224 4544 2483 4614 propheta
2516 4541 2764 4596 Nathano
2794 4542 3139 4612 progenitum
3180 4540 3397 4595 exhibet
3425 4582 3437 4595 .

1875 4642 1949 4694 ita
1983 4649 2041 4692 ut
2072 4640 2163 4709 qui
2189 4638 2332 4709 apud
2356 4636 2665 4689 Mattha-um
2695 4636 2993 4689 carnaliter
3013 4633 3273 4704 gignitur,
3299 4632 3441 4687 idem

1874 4731 2020 4803 apud
2044 4731 2247 4786 Lucam
2291 4730 2458 4784 veluti
2490 4728 2782 4783 Abrahami
2815 4726 2958 4782 ﬁlius
2992 4733 3247 4795 ponatur.
3281 4724 3441 4777 Certe
3479 4751 3483 4755 ~

1873 4825 2185 4879 Abrahamo
2217 4822 2361 4877 haud
2397 4822 2553 4876 aliter
2573 4820 2880 4878 benedictio
2902 4818 3139 4889 gentium
3170 4817 3439 4885 promissa
3492 4816 3495 4819 ’

1875 4916 1999 4980 fuit,
2044 4932 2205 4988 quam
2240 4914 2385 4983 quod
2419 4930 2480 4969 ea
2512 4914 2693 4967 futura
2736 4918 2852 4967 erat
2894 4912 2966 4964 ob
3006 4905 3331 4979 gignendum
3373 4904 3441 4963 de

1874 5024 2071 5078 genere
2103 5008 2241 5076 ejus.
2276 5011 2451 5077 Atque
2486 5007 2572 5060 hic
2600 5014 2703 5068 cst,
2726 5003 2816 5073 qui
2853 5003 2905 5055 in
2934 5000 3041 5055 Deo
3062 5005 3436 5069 regeneratus,

1874 5108 2038 5170 atque
2068 5100 2206 5156 alios
2247 5108 2426 5169 patres
2463 5098 2763 5154 secundum
2801 5094 2966 5148 Deum
3007 5100 3226 5153 nactus,
3259 5106 3317 5146 re
3359 5099 3443 5145 la-

1873 5212 1997 5249 men
2033 5209 2161 5249 vera
2198 5193 2343 5249 haud
2390 5195 2537 5263 ipsos
2575 5190 2735 5244 habet
2763 5194 2969 5257 patres,
3021 5185 3114 5240 sed
3146 5184 3219 5238 ita
3253 5182 3442 5239 crede-

1870 5288 2033 5343 batur
2065 5295 2286 5360 propter
2321 5300 2531 5341 morum
2562 5280 2977 5338 similitudinem
3002 5296 3032 5339 ἀ
3061 5293 3166 5348 qua
3190 5275 3442 5331 videlicet

1870 5380 1937 5435 ad
1988 5387 2265 5451 parentem
2320 5392 2505 5434 verum
2531 5370 2852 5430 conscendit
2899 5377 3024 5443 post
3062 5383 3253 5425 omnes
3294 5368 3442 5425 exsi-

1873 5484 2024 5531 stens
2053 5472 2227 5530 Filius
2253 5471 2367 5529 Dei.
