3890 6198
248 287 352 340 901

823 285 1280 354 ρυΑιδτιοΝΕε
1315 288 1773 348 ΕὛΑΝΕΕΙᾸΟᾹ]

1946 293 2385 353 STEPIIANUM.
2427 328 2496 339 -—
2533 298 2862 364 QUA‘ZS'I‘IO
2905 299 2961 354 V.

3414 307 3519 361 ε)οἰ

248 405 381 469 θαν,
428 405 791 459 ἀναστάσεσιν
834 407 1073 461 ἀτέκνων
1117 411 1211 462 καὶ
1255 411 1703 483 δευτερογαμίαις
1742 432 1809 468 κα

1939 416 2130 485 legem.
2159 415 2583 486 Implicabantur
2611 420 2754 474 enim
2787 421 2927 474 inter
2953 434 3012 475 se
3045 435 3242 493 genera
3277 420 3518 476 Salomo-

248 497 544 551 ἀναστάσει
567 498 898 569 σπερμάτων
921 517 934 529 ·
965 501 1039 563 ὡς
1054 499 1275 564 δικαίως
1299 503 1424 566 τοὺς
1439 505 1634 568 αὐτοὺς
1651 506 1837 558 ἄλλοτε

247 589 423 642 ἄλλων
451 588 767 658 νομίζεσθαι
792 605 805 618 ·
834 589 942 643 τῶν
980 594 1077 661 μὲν
1101 592 1398 646 δοκούντων
1429 596 1706 665 πατέρων,
1729 597 1838 652 τῶν

275 681 302 731 ὲ
327 679 688 750 ὑπαρχόντων
709 697 722 709 ·
749 682 842 733 καὶ
864 682 1175 754 ἀμφοτέρας
1190 683 1288 747 τὰς
1325 684 1600 756 διηγήσεις
1635 689 1837 760 κυρίως

246 771 470 840 ἀληθεῖς
505 769 667 833 οὕσας
695 773 787 824 ἐπὶ
821 772 924 844 τὸν,
948 775 1143 845 Ἰωσὴφ
1171 776 1524 841 πολυπλόκως
1558 780 1674 848 μὲν,
1723 781 1836 834 ἀλλ’

243 861 494 931 ἀκριϐῶς
528 863 827 916 κατελθεῖν.
854 865 969 918 ’Ὶνα
993 865 1048 917 δὲ
1070 869 1243 935 σαφὲς
1335 870 1392 920 τὸ
1412 869 1717 940 λεγόμενον,
1738 873 1836 943 τὴν

243 955 563 1025 ἐπαλλαγὴν
593 955 701 1007 τῶν
734 955 906 1025 γενῶν
935 957 1267 1029 διηγήσομαι
1295 961 1430 1029 (15).
1467 962 1531 1013 'H
1567 963 1707 1015 κατὰ
1737 965 1837 1031 φύ-

243 1061 332 1098 σιν
355 1047 568 1114 γένεσις
597 1047 714 1100 ἔστι
761 1047 1039 1102 Ματθαίου
1065 1066 1077 1079 ·
1111 1053 1142 1118 ἡ
1177 1051 1316 1103 κατὰ
1349 1053 1511 1122 νόμον
1541 1055 1836 1120 ἀνάστασις

240 1139 457 1205 γένους,
489 1140 635 1193 ἔστιν
667 1144 698 1211 ἡ
733 1141 826 1194 τοῦ
871 1143 1080 1195 Λουκᾶ’
1115 1144 1340 1197 Ματθὰν
1379 1148 1406 1198 ὁ
1440 1146 1550 1198 ἀπὸ
1584 1147 1835 1216 Σολομῶ-

239 1247 352 1294 νος,
371 1232 629 1303 ἐγέννησε
649 1233 739 1286 τὸν
755 1233 948 1286 Ἰακώϐ
963 1253 975 1265 ·
1003 1235 1226 1289 Ματθάν
1249 1237 1631 1303 ἀποθανόντος,
1656 1240 1833 1312 Μελχὶ

237 1324 266 1375 ὁ
319 1325 431 1377 ἀπὸ
473 1324 657 1378 Νάθαν
701 1327 764 1378 ἐκ
794 1328 893 1397 τῆς
932 1328 1100 1398 αὐτῆς
1151 1330 1408 1397 γυναικὸς
1457 1331 1710 1402 ἐγέννησε
1743 1333 1832 1386 τὸν

249 1415 409 1468 Ἠλί·
460 1419 785 1488 ὁμομήτριοι
840 1420 950 1490 ἄρα
996 1420 1238 1488 ἀδελφοὶ,
1283 1421 1403 1474 Ἠλὶ
1454 1423 1548 1476 καὶ⁸
1605 1424 1828 1478 Ἰακώϐ·

249 1508 372 1561 Ἠλὶ
395 1509 624 1563 ἀτέκνου
655 1510 1037 1576 ἀποθανόντος,
1067 1515 1094 1564 ὸ
1133 1513 1323 1566 Ἰακὼϐ
1359 1515 1651 1586 ἀνέστησεν
1685 1516 1831 1588 αὐτῷ

239 1599 508 1669 σπέρμα,
567 1601 836 1671 γεννήσας
885 1601 975 1653 τὸν
1046 1602 1267 1673 Ἰωσὴφ,
1332 1604 1471 1657 κατὰ
1520 1606 1678 1673 φύσιν
1734 1609 1829 1678 μὲν

238 1690 449 1760 ἐαυτῷ,
496 1692 638 1744 κατά
668 1692 832 1762 νόμον
883 1693 939 1746 δὲ
989 1693 1066 1764 τῷ
1110 1695 1256 1747 Ἡλί·
1288 1695 1460 1760 οὕτως
1505 1699 1827 1772 ἀμφοτέρων

236 1780 354 1843 υίὸς
396 1781 592 1853 Ἰωσήφ
628 1782 759 1852 (14).

995 1980 1066 2034 E'.

235 2093 340 2146 Διά
389 2094 450 2145 τί
473 2094 527 2162 id
573 2091 872 2162 Μιιτθαῖος
917 2091 1022 2144 τοῦ
1083 2092 1329 2162 Ἀϐραὰμ
1359 2093 1666 2159 προτάττει
1713 2093 1818 2146 τὸν

308 2161 492 2215 Δαϐὶδ
513 2163 584 2214 ὲν
625 2161 702 2233 τῇ
728 2161 834 2214 τοῦ
885 2163 1144 2233 Χριστοῦ
1187 2161 1534 2233 γεσιέεαλογίᾳ
1579 2163 1812 2232 φήσας·

303 2235 524 2298 Βίϐλος
573 2232 860 2300 *γενέσεως
905 2232 1098 2299 Ἰησοῦ
1143 2232 1418 2301 Χριστοῦ,
1448 2232 1580 2287 υἱοῦ
1619 2233 1814 2297 Δαϐὶὸ,

307 2303 450 2355 υἱοῦ
507 2301 770 2370 Ἁϐραάμ.

304 2416 376 2467 α’.
411 2414 632 2485 Ἐπειδὴ
664 2412 863 2484 πρώτῳ
894 2414 986 2468 καὶ
1014 2415 1159 2486 μόνῳ
1188 2415 1264 2486 τῷ
1302 2416 1466 2469 Δαϐ¹ιδ
1500 2415 1617 2487 μεθ’
1655 2416 1816 2487 ὅρκου

232 2505 694 2570 διαϐεϐαιὼσεως,
736 2507 793 2575 ἐξ
848 2509 1014 2562 αὑτοῦ
1053 2509 1194 2563 κατὰ
1232 2510 1410 2581 σάρκα
1442 2509 1604 2578 φῦναι
1631 2513 1658 2563 ὁ
1687 2512 1819 2582 Χρι-

232 2600 362 2662 στὸς
387 2597 710 2661 ἐθεσπίζετο
733 2615 747 2628 ·
785 2598 1094 2670 γέγραπται
1129 2597 1248 2654 οὖν*
1290 2621 1304 2652 ι
1358 2602 1450 2654 Ἐκ
1487 2601 1698 2673 καρποῦ
1722 2604 1818 2673 τῆς

228 2691 446 2753 κοιλίας
505 2706 599 2742 σου
663 2690 898 2761 θήσομαι
960 2693 1050 2744 ἐπὶ
1099 2693 1191 2746 τὸν
1253 2693 1440 2764 θρόνον
1479 2711 1592 2746 σου.
1648 2713 1664 2745 ι
1708 2694 1818 2746 Καὶ

228 2783 438 2836 πάλιν·
495 2800 514 2830 ι
555 2780 819 2851 Διεθέμην
877 2782 1138 2856 διαθήκην
1190 2787 1302 2848 τοῖς
1352 2784 1624 2847 ἐκλεκτοῖς
1680 2801 1814 2855 μου·

226 2874 428 2945 ὤμοσα
482 2878 644 2932 Δαϐὶδ
693 2879 770 2949 τῷ
807 2877 975 2948 δούλῳ
1034 2893 1166 2946 μου·
1199 2877 1303 2940 ἓως
1335 2877 1428 2929 τοῦ
1469 2877 1660 2939 αἰῶως
1683 2879 1817 2930 ἐτοι-

229 2967 396 3035 μάσω
425 2967 486 3018 τὸ
527 2968 746 3039 σπέρμα
781 2985 895 3033 σου,
923 2968 1012 3021 καὶ
1045 2967 1384 3038 οἰκοδομήσω
1406 2969 1484 3030 εἰς
1513 2967 1704 3036 γενεάν
1725 2968 1816 3020 καὶ

225 3060 430 3127 γενεὰν
467 3059 559 3112 τὸν
586 3059 774 3132 θρόνον
823 3077 938 3114 σου.
973 3078 991 3111 ι
1016 3059 1124 3111 Καὶ
1149 3059 1215 3112 τὰ
1245 3059 1344 3128 μὲν
1372 3060 1467 3129 τῆς
1489 3060 1814 3126 ἐπαγγελίας

1941 505 2124 560 uicum
2160 517 2212 562 et
2247 506 2607 564 Nathauicum
2663 511 3102 581 reparationibus
3151 513 3417 568 sterilium
3461 521 3518 568 et

1941 598 2196 654 secundis
2235 601 2442 669 nuptiis
2475 609 2528 656 et
2562 603 2829 657 seminum
2869 604 3228 658 suscitatione
3283 619 3296 655 :
3345 604 3418 658 ita
3455 614 3512 659 ut

1940 689 2136 743 merito
2165 689 2325 745 iidem
2361 691 2608 747 homines
2637 695 2773 749 alias
2804 695 2924 750 aliis
2948 697 3195 765 patribus
3225 697 3508 753 ascriban—
3545 717 3552 730 '

1941 788 2049 842 tur,
2087 796 2281 849 nempe
2309 789 2361 836 et
2385 783 2452 837 iis
2486 785 2576 853 qui
2606 785 2809 854 specie,
2838 794 2892 838 et
2923 802 3115 841 rursus
3153 788 3220 843 iis
3255 791 3346 858 qui
3383 805 3506 844 rea-

1943 887 2047 939 pse
2069 873 2342 942 geuitores
2366 884 2493 929 sunt
2525 896 2536 929 :
2576 886 2737 946 atque
2763 879 2935 932 ambae
2963 880 3304 935 narrationes
3327 882 3510 950 appri—

1937 975 2024 1014 me
2054 976 2196 1015 verae
2243 963 2308 1015 ad
2371 962 2665 1034 Josephum
2705 967 2854 1020 varie
2905 969 3124 1036 quidem
3181 971 3274 1024 sed
3332 986 3510 1029 tamen

1937 1051 2002 1101 ad
2045 1053 2304 1106 amussim
2337 1055 2646 1109 deveniam.
2677 1055 2746 1109 Ut
2779 1064 2958 1111 autem
2983 1059 3125 1129 quod
3169 1062 3257 1114 aio
3303 1069 3508 1131 persoh

1941 1155 2102 1194 cuum
2134 1144 2246 1208 ﬁat,
2272 1149 2726 1214 permutationem
2751 1165 3013 1218 generum
3038 1152 3376 1220 patefaciant.
3405 1153 3508 1208 Ge.

1934 1233 2148 1288 neratio
2177 1237 2443 1290 naturalis
2473 1247 2556 1292 est
2583 1239 2674 1291 illa
2711 1238 2946 1294 Matthtei
2985 1259 2997 1295 :
3027 1243 3244 1326 generjs
3275 1246 3506 1298 suscita-

1934 1323 2010 1376 tio
2042 1325 2230 1395 legalis
2252 1335 2334 1382 est
2362 1328 2450 1380 illa
2473 1327 2650 1383 Lucaa.
2679 1329 2988 1387 Matthanus
3009 1323 3297 1387 Salomone
3321 1338 3506 1391 oriun—

1932 1415 2034 1472 dus
2094 1423 2280 1488 genuit
2337 1418 2623 1474 Jacobum.
2670 1422 2948 1477 Matthano
2988 1425 3266 1488 defuncto,
3313 1427 3503 1486 Melchi

1930 1507 2180 1562 Nathano
2213 1510 2501 1577 oriundus,
2530 1526 2560 1564 e
2593 1511 2852 1567 Matthani
2895 1531 3063 1570 uxore
3107 1515 3279 1569 llelim
3315 1534 3505 1574 susce-

1929 1599 2027 1668 pit.
2071 1598 2239 1668 lgitur
2279 1602 2478 1655 uterini
2537 1602 2732 1658 fratres
2792 1603 2910 1660 Heli
2973 1614 3026 1661 et
3071 1605 3331 1662 Iacobus.
3382 1609 3501 1667 Ilo-li

1929 1689 2144 1735 mortuo
2178 1683 2298 1737 sine
2342 1685 2548 1748 liberis,
2581 1685 2820 1742 Jacobus
2869 1691 3128 1744 excitavit
3160 1691 3209 1745 ei
3258 1696 3499 1751 sobolem

1839 1778 1886 1836 Β
1914 1773 2096 1843 genito
2118 1773 2376 1846 Josepho,
2401 1794 2501 1833 suo
2530 1781 2858 1836 naturaliter
2886 1782 3016 1848 ﬁlio,
3049 1799 3114 1838 ex
3143 1785 3279 1854 legis
3312 1796 3502 1845 autem

1922 1863 2094 1920 forma
2123 1866 2240 1922 Heli
2278 1869 2406 1924 lilio.
2441 1869 2532 1926 Sic
2563 1872 2850 1943 utriusque
2881 1873 3022 1931 ﬁlius
3051 1874 3348 1946 Iosephus.

2674 1984 2738 2039 V.

1919 2094 2053 2172 Cm;
2073 2095 2357 2172 Matt/urna
2387 2109 2530 2172 ante
2568 2101 2935 2172 AAbra/tamum
2966 2115 3125 2172 ponat
3158 2105 3406 2161 Davidem
3444 2110 3499 2162 in

1989 2165 2186 2244 ςζινξδιξ
2214 2170 2718 2244 ρςηςαίοςιὶᾳλᾴὶτειιδ
2750 2189 2767 2224 .·
2795 2165 3343 2244 ιὶὸεν’9ειιεταιίυιιίδ
3369 2177 3498 2233 Jeut

1989 2236 2336 2308 Cltristi,iﬁlii
2362 2236 2603 2306 Davidis,
2636 2243 2737 2310 ﬁlii
2762 2236 3074 2299 Abralmriti.

1991 2414 2040 2466 l.
2074 2413 2172 2469 Rei
2208 2430 2374 2470 causa
2397 2424 2481 2470 est
2507 2417 2633 2486 quia
2673 2417 2850 2486 primo
2880 2417 3090 2488 solique
3123 2417 3312 2474 Davidi
3355 2421 3498 2474 vatio

1919 2505 2121 2558 ciuium
2172 2507 2528 2576 jurejurando
2570 2509 2952 2562 conﬁrmatum
2995 2511 3114 2574 fuit,
3164 2510 3278 2566 fore
3319 2521 3376 2566 ut
3426 2528 3496 2568 ex

1918 2611 1984 2650 eo
2023 2595 2275 2652 Christus
2327 2597 2643 2654 humanitus
2699 2609 3039 2656 nasceretur.
3088 2600 3361 2672 Scriptum
3405 2613 3494 2660 est

1918 2688 2061 2742 enim
2104 2704 2117 2740 :
2154 2707 2171 2738 ι
2208 2687 2282 2743 De
2319 2689 2496 2744 fructu
2530 2693 2734 2746 ventris
2766 2693 2843 2745 tui
2888 2709 3085 2762 ponam
3119 2711 3282 2764 super
3312 2696 3494 2750 sedem

1919 2787 2068 2832 tuam
2111 2781 2176 2835 ¹⁸.
2221 2801 2238 2832 ›
2278 2779 2640 2852 Rursusque:
2677 2801 2694 2834 ι
2745 2782 2917 2837 Posui
2957 2794 3338 2839 testamentum
3385 2787 3495 2841 ele-

1917 2871 2022 2925 ctis
2063 2873 2229 2938 meis;
2252 2873 2432 2941 juravi
2460 2873 2646 2926 Davidi
2675 2889 2832 2928 servo
2865 2891 3005 2938 meo,
3049 2892 3222 2946 usque
3250 2883 3305 2930 in
3337 2885 3495 2932 teter-

1917 2978 2044 3015 num
2083 2967 2398 3036 praeparabo
2427 2982 2609 3021 semen
2645 2975 2828 3032 tuum;
2860 2976 2912 3020 et
2941 2967 3220 3022 aedificabo
3246 2969 3298 3022 in
3329 2985 3492 3038 gene-

1917 3052 2183 3106 rationem
2211 3061 2266 3108 et
2296 3057 2704 3124 generationem
2749 3057 2933 3111 siedem
2972 3067 3120 3111 tuam
3157 3059 3218 3112 ".
3271 3079 3288 3111 ι
3317 3061 3492 3131 Atque

222 3147 323 3200 τοῦ
360 3149 860 3219 προφητευομένου,
911 3147 1134 3201 τοιαῦτα
1163 3143 1262 3217 ἦν·
1299 3146 1391 3200 τοῦ
1426 3147 1481 3198 δὲ
1509 3147 1809 3217 Σολομῶνος

1919 3141 2000 3196 ha:
2022 3151 2149 3196 sunt
2171 3143 2238 3198 de
2266 3146 2523 3214 praedicto
2555 3148 2964 3216 promissiones.
2996 3148 3164 3220 Regni
3193 3161 3369 3206 autem
3397 3127 3492 3209 Sa-

223 3240 330 3308 τῆς
373 3239 651 3308 βασιλείας
689 3241 789 3294 οὐκ
830 3239 1022 3310 ἄδηλος
1053 3240 1082 3290 ὁ
1113 3238 1337 3310 χρόνος*
1378 3238 1594 3306 λέγεται
1636 3239 1691 3292 δὲ
1723 3236 1815 3294 οὖν

220 3331 324 3382 ἐπὶ
348 3330 536 3399 μόνοις
586 3331 730 3384 ἔτεσι
784 3332 1189 3401 τεσσαράκοντα
1234 3329 1547 3400 βασιλεῦσαι
1595 3331 1684 3382 ἐπὶ
1727 3331 1816 3385 τὸν

233 3419 494 3489 Ἰσραήλ·
551 3420 665 3483 πῶς
709 3417 801 3473 οὖν
827 3422 1020 3489 γένοιτ’
1054 3421 1118 3474 ἂν
1147 3420 1346 3492 ἀληθὲς
1372 3424 1451 3485 είς
1486 3421 1644 3474 αὑτὸν
1682 3423 1814 3475 ἀνα-

215 3512 562 3582 φερόμενονο
630 3532 647 3564 ι
704 3514 1017 3586 Ἀνορθώσω
1081 3515 1172 3567 τὸν
1247 3514 1433 3584 θρόνον
1509 3513 1671 3568 αὑτοῦ
1736 3517 1814 3578 εἰς

212 3605 317 3657 τὸν
352 3603 560 3669 αἰῶνα;
602 3623 619 3656 ι
668 3604 806 3657 ’Δλλ’
841 3606 888 3657 εί
923 3605 1066 3673 λέγοι
1104 3622 1187 3668 τις
1215 3607 1342 3677 περὶ
1395 3606 1491 3676 τῆς
1540 3605 1599 3672 ἐξ
1646 3589 1809 3658 αὑτοῦ

215 3696 483 3768 διαδοχῆς
540 3699 789 3770 εἰρῆσθαι
849 3699 1056 3765 ταῦτα,
1097 3699 1197 3752 οὐκ
1244 3699 1529 3770 ἀγνοητέον
1589 3699 1669 3752 ὅτι
1714 3699 1808 3768 μέ-

209 3805 346 3858 χρις
408 3789 656 3858 Ἰεχονίου
718 3790 810 3842 καὶ
867 3791 965 3860 τῆς
1019 3791 1099 3853 είς
1167 3789 1460 3842 Βαϐυλῶνα
1524 3788 1803 3859 αἰχμαλω-

210 3881 368 3944 σίας,
408 3881 504 3934 καὶ
551 3883 582 3951 ἡ
619 3881 724 3934 ἀπὸ
774 3882 937 3934 Δαϐὶδ
979 3883 1073 3933 καὶ
1117 3880 1427 3950 Σολομῶνος
1463 3880 1675 3952 διαδοχὴ
1709 3881 1807 3951 τῆς

210 3971 505 4039 βασιλείας
535 3971 816 4043 διήρκησε,
853 3972 1079 4042 μηδενὸς
1113 3971 1249 4042 μετά
1283 3972 1373 4024 τὸν
1418 3973 1673 4043 Ἰεχονίαν
1713 3976 1806 4028 ἐπὶ

208 4060 311 4112 τὸν
339 4061 530 4130 θρόνον
575 4060 667 4113 τοῦ
720 4061 880 4113 Δαϐὶδ
935 4063 1321 4127 καταστάντος.
1356 4062 1464 4116 Θέα
1502 4063 1559 4116 δὲ
1606 4063 1681 4127 ὡς
1713 4067 1804 4118 καὶ

206 4153 376 4205 τοῦτο
395 4153 734 4224 προσέθηκεν
755 4156 786 4224 ἡ
817 4155 1118 4226 προφητεία
1141 4156 1270 4226 περὶ
1296 4156 1388 4208 τοῦ
1411 4155 1800 4228 θεσπιζομένου

209 4247 294 4317 φή
306 4233 452 4298 σασα
468 4263 481 4276 ο
524 4264 542 4298 ι
587 4245 728 4314 Ἐγὼ
754 4245 945 4316 ἔσομαι
973 4246 1120 4317 αύτῷ
1147 4248 1230 4310 εἰς
1253 4247 1462 4320 πατέρα
1485 4264 1499 4278 ⁸
1534 4249 1623 4302 καὶ
1643 4250 1802 4313 αὐτὸς

207 4338 372 4393 ἔσται
425 4356 517 4409 μοι
559 4341 639 4402 είς
679 4339 811 4390 υἱόν.
853 4358 868 4388 ι
903 4338 1011 4390 Καὶ
1039 4340 1096 4391 ἐν
1133 4341 1303 4411 ἑτέρῳ
1335 4341 1496 4394 πάλιν
1520 4357 1532 4370 ·
1575 4360 1592 4392 ι
1629 4343 1798 4406 Αὐτὸς

206 4430 600 4485 ἐπικαλέσεταί
643 4446 730 4500 με’
775 4431 962 4501 Πατήρ
999 4447 1098 4500 μου
1125 4427 1175 4483 εἴ
1206 4431 1269 4483 σύ
1292 4449 1306 4462 ·
1339 4431 1494 4500 κάγὼ
1526 4434 1796 4504 πρωτότοο

203 4539 310 4574 κον
360 4522 596 4593 θήσομαι
629 4521 819 4573 αὐτόν·
861 4540 878 4572 ι
909 4521 1046 4590 ὅπερ
1079 4521 1342 4574 ἀνοίκειον
1383 4521 1577 4591 γένοιτ’
1605 4521 1670 4575 ἂν
1702 4522 1796 4572 Σο-

204 4614 442 4684 λομῶνι.

209 4768 212 4771 _
283 4705 350 4774 β’.
384 4703 728 4777 Παραθετέον
748 4704 803 4757 δὲ
831 4705 898 4758 τὰ.
919 4707 1043 4777 περὶ
1059 4707 1218 4760 αὑτοῦ
1240 4711 1296 4762 ἐν
1314 4709 1618 4772 Βασιλείαις
1650 4710 1792 4763 ίστο-

206 4797 456 4868 ρούμενα
486 4799 543 4850 ἐν
575 4797 816 4859 τούτοις·
864 4817 882 4849 ι
926 4799 1036 4852 Καὶ
1081 4802 1108 4853 ὁ
1145 4800 1392 4870 βασιλεὺς
1441 4801 1689 4870 Σολομῶν
1723 4799 1790 4874 ἦν

204 4890 509 4961 φιλογύνης
535 4909 546 4921 ·
591 4892 684 4944 καὶ
719 4890 875 4942 ἔλαϐε
916 4893 1176 4958 γυναῖκας
1223 4893 1508 4964 ἀλλοτρίας
1553 4893 1750 4958 πολλάς
1776 4909 1788 4922 ·

201 4983 300 5035 καὶ
331 4983 432 5052 τὴν
467 4982 740 5054 θυγατέρα
779 4983 995 5053 Φαραὼ,
1029 4985 1395 5047 Μωαϐίτιδας,
1435 4987 1526 5037 καὶ
1570 4986 1784 5054 ’Ᾱμμα-

202 5074 430 5142 νίτιδας,
459 5077 554 5128 καὶ
599 5076 918 5146 Ἰδουμαίας,
940 5075 1438 5148 Σύρας,Χετταίας,
1472 5080 1563 5130 καὶ
1593 5078 1785 5148 Ἀμορ-

274 5281 321 5316 ³⁸
361 5278 507 5334 Psal.
542 5295 699 5335 cum
723 5321 738 5345 ,
772 5281 824 5334 ἓ.
905 5281 946 5314 ¹⁹
985 5279 1128 5335 Psal.
1160 5295 1428 5342 Lxxxvm,
1466 5279 1520 5333 4.

272 5459 390 5524 (Ιὸὶ
428 5459 639 5512 Abhinc
676 5468 884 5528 partem
919 5475 1024 5514 nou
1056 5461 1322 5514 modicam
1356 5458 1596 5529 epistol-.13
1630 5473 1768 5527 prae-

214 5529 712 5607 termisitepitomze
749 5529 1063 5607 Eusebiauze
1087 5540 1298 5607 auctor.
1330 5599 1340 5607 _
1396 5597 1420 5607 Α
1702 5598 1732 5607 »_

276 5600 390 5667 (Μ)
433 5597 590 5652 Hunc
627 5599 794 5654 fuisse
824 5599 1063 5668 epistolae
1103 5599 1342 5652 Africaui
1391 5597 1572 5668 linem,
1612 5598 1766 5668 testis

215 5666 475 5722 Eusebius
505 5670 608 5721 loc.
631 5669 720 5721 cit.
747 5666 933 5722 (licens
961 5689 972 5722 :
999 5670 1104 5721 Καὶ
1130 5671 1220 5721 ἐπὶ
1242 5669 1382 5721 τέλει
1407 5667 1462 5719 δὲ
1481 5668 1580 5737 τῆς
1601 5667 1769 5735 αὐτῆς

212 5738 514 5809 ἐπιστολῆς,
563 5739 880 5810 προστίθησι
925 5737 1126 5792 ταῦτα·
1171 5738 1394 5793 Ματθὲιν
1423 5740 1451 5790 ὁ
1483 5737 1588 5791 ἀπὸ
1618 5737 1770 5792 Σολο·

1599 5278 1643 5309 "
1683 5275 1726 5332 ll
1755 5274 1890 5345 Reg.
1913 5291 2008 5337 VII,
2035 5275 2117 5327 l5.
2195 5274 2234 5302 “
2262 5271 2302 5325 ιι
2345 5273 2473 5342 Reg.
2510 5289 2603 5332 vn,
2649 5269 2734 5323 Η.

1921 3231 2172 3286 lomonici
2210 3234 2444 3302 spatium
2472 3250 2580 3288 non
2614 3245 2698 3290 est
2735 3238 3029 3292 obscurqu
3065 3240 3302 3294 :dicitur
3341 3244 3488 3297 enim

1917 3323 2278 3394 quadraginta
2318 3328 2696 3381 tantummodo
2728 3329 2887 3384 annis
2947 3331 3163 3385 lsraelis
3207 3343 3487 3403 sceptrum

1918 3415 2177 3471 tenuisse.
2207 3416 2309 3482 Qui
2333 3433 2462 3488 ergo
2488 3418 2599 3471 ﬁeri
2635 3428 2810 3488 potest
2844 3433 2902 3475 ut
2923 3439 3048 3479 vere
3079 3425 3144 3478 ad
3166 3427 3307 3480 hunc
3349 3429 3488 3483 refe-

1916 3516 2107 3560 rantur
2152 3509 2360 3562 verba:
2401 3532 2418 3560 ι
2478 3509 2694 3579 Erigam
2745 3512 3000 3568 thronum
3051 3517 3171 3584 ejus
3230 3519 3284 3572 in
3328 3528 3486 3575 teter-

1913 3594 2156 3653 uum"?
2193 3620 2211 3651 ι
2241 3600 2395 3667 Quod
2429 3603 2472 3655 si
2506 3601 2631 3671 quis
2677 3602 2841 3666 dica’t,
2882 3605 2995 3659 hzec
3055 3608 3122 3661 de
3158 3611 3301 3680 regia
3339 3613 3483 3667 illius

1913 3692 2262 3748 successione
2288 3692 2458 3748 Deum
2503 3711 2625 3749 esse
2655 3695 2926 3762 locutum;
2963 3713 3071 3752 non
3110 3709 3192 3753 est
3226 3701 3483 3768 ignorau-

1909 3783 2060 3845 dum,
2096 3801 2268 3855 usque
2299 3786 2675 3840 tantummodo
2705 3786 2772 3840 ad
2811 3786 3125 3842 Jechoniam
3151 3798 3204 3844 et
3247 3790 3479 3862 Babylo-

1908 3874 2088 3928 nicam
2119 3877 2506 3946 captivitatem,
2557 3876 2798 3932 Davidici
2846 3893 2909 3932 ac
2957 3878 3287 3935 Salomouici
3322 3882 3476 3952 regni

1908 3968 2314 4022 successionem
2361 3970 2818 4039 perseveravisse,
2854 3971 3069 4026 nemine
3115 3980 3236 4042 post
3278 3971 3471 4026 Jecho-

1905 4061 2049 4114 niam
2091 4061 2144 4115 in
2187 4063 2333 4130 regia
2366 4062 2581 4118 Davidis
2627 4062 2754 4118 sede
2787 4065 3108 4118 constituto.
3133 4065 3196 4118 Et
3227 4068 3473 4120 animad-

1903 4165 2050 4208 verte
2074 4155 2148 4208 uti
2175 4156 2276 4209 hoc
2299 4156 2459 4209 etiam
2485 4155 2752 4210 addiderit
2780 4159 3063 4226 prephetia
3099 4156 3164 4212 de
3201 4160 3472 4227 promisso

1903 4243 2144 4312 germine
2180 4245 2367 4297 dicens
2398 4263 2410 4298 ε
2446 4264 2463 4294 ι
2504 4244 2616 4316 Ego
2641 4260 2735 4300 ero
2768 4247 2844 4300 illi
2884 4247 2937 4300 in
2981 4254 3222 4316 patrem;
3269 4258 3321 4303 et
3358 4249 3471 4318 ipse

1900 4334 2004 4388 erit
2029 4335 2160 4388 mihi
2199 4335 2252 4388 in
2286 4335 2454 4389 lilium
2485 4337 2549 4392 ".
2587 4356 2605 4388 ι
2641 4335 2961 4406 Rursusque
2987 4338 3113 4392 alibi
3145 4358 3158 4393 :
3199 4358 3214 4390 ι
3245 4340 3364 4409 Ipse
3390 4341 3470 4395 in-

1901 4424 2114 4478 vocabit
2145 4441 2251 4488 me,
2275 4425 2434 4479 Pater
2457 4441 2608 4480 meus
2632 4442 2691 4480 es
2725 4435 2815 4492 tu;
2838 4435 2893 4479 et
2920 4442 3018 4497 ego
3050 4428 3468 4498 primogenitum

1900 4534 2096 4588 ponam
2138 4520 2287 4573 ilium
2321 4521 2366 4550 ²¹
2401 4537 2413 4573 :
2469 4537 2487 4570 ι
2527 4535 2648 4588 qum
2687 4517 3100 4589 iucougruentia
3145 4529 3272 4576 sunt
3317 4520 3468 4575 Salo-

1897 4612 2068 4666 moui.

1965 4703 2020 4757 2.
2054 4700 2407 4773 Adjungenda
2441 4707 2568 4756 sunt
2599 4699 2763 4755 etiam
2795 4715 2916 4770 qua:
2943 4701 3010 4756 de
3041 4701 3229 4755 eodem
3275 4701 3328 4756 in
3361 4701 3462 4755 Rev

1895 4812 2020 4867 gum
2062 4797 2216 4851 libris
2243 4802 2533 4850 narrantur
2573 4792 2653 4847 sic
2701 4811 2714 4847 :
2762 4812 2780 4844 ι
2842 4792 3014 4847 Porro
3069 4808 3160 4846 rex
3208 4793 3460 4846 Salomon

1896 4893 2222 4947 tuulierosus
2266 4898 2420 4954 erat;
2454 4888 2718 4958 duxitque
2749 4903 2950 4942 uxores
2972 4886 3301 4955 alicnigeuas
3324 4886 3458 4939 null-

1891 4994 2009 5048 tas;
2039 4982 2201 5034 tiliam
2236 4981 2555 5046 Pharaonis,
2579 4990 2630 5033 et
2659 4979 3006 5042 Moabitidas,
3040 4978 3459 5045 Auuuouitidas,

1892 5075 2174 5138 Idumaeas,
2216 5073 2399 5142 Syrus,
2440 5071 2728 5134 Chettmas,
2761 5071 3101 5124 Amorrharas
3135 5088 3146 5122 :
3180 5067 3245 5122 de
3279 5069 3456 5140 genti-

2812 5271 2854 5300 “
2897 5268 3329 5335 Psa1.L\xvvm,
3365 5271 3454 5330 9.7.

1877 5455 2074 5526 μῶνος,
2105 5465 2235 5514 ριν..
2287 5467 2458 5520 usque
2499 5451 2563 5502 ad
2607 5449 3134 5526 051(1);_&l1.3§07§puw
3169 5449 3282 5511 υἱὸς
3322 5444 3390 5526 ἦν
3428 5452 3454 5505 ό

1887 5519 2096 5595 Ἰωσήφ.
2133 5525 2314 5577 Ταῦτα
2428 5525 2455 5574 ὁ
2500 5521 2862 5595 Ἀφρικανόςτ-
2883 5519 2946 5573 In
2977 5523 3080 5595 [ine
3107 5533 3281 5595 eumn
3310 5519 3452 5595 ejus-

1875 5597 1992 5649 dem
2019 5589 2256 5660 epistola:
2279 5589 2570 5662 Africamts
2603 5590 2711 5643 lm'c
2738 5593 2884 5643 addit
2915 5608 2932 5643 :
2964 5591 3275 5662 Mattlmnus
3301 5589 3339 5644 αθ
3362 5589 3453 5662 Sa-

1879 5669 2247 5729 lomone,etc.,
2281 5660 2454 5734 usque
2490 5662 2578 5725 ad,
2621 5667 2694 5714 sic
2735 5663 3008 5731 utriusque
3041 5661 3186 5729 ﬁlius
3213 5678 3326 5716 erat
3354 5660 3450 5715 Jo-

1878 5737 2086 5807 sep/tus.
