3890 6198
553 329 660 388 903

1257 322 1525 380 susse"
1562 319 2039 381 casammsrs
2077 321 2220 384 ore.
2269 325 2446 382 psus
2479 323 2569 381 m.
2597 285 2664 368 +
2687 325 3095 383 EX'EGETICA.

3609 322 3690 399 eo;

551 447 659 504 bus
687 446 915 510 scilicet,
947 443 1147 515 quibus
1176 442 1458 498 interdixit
1489 443 1750 499 Dominus
1783 444 1908 500 ﬁliis
1938 443 2104 500 Israe-

2221 443 2398 514 ραίας,
2432 443 2496 495 ἐκ
2525 441 2631 497 τῶν
2657 442 2824 495 ἐθνῶν
2856 436 2929 496 ῶν
2963 443 3190 498 ἀπεῖπεν
3213 444 3398 514 Κύριος
3428 448 3451 499 ό
3482 448 3585 513 Θεὸς
3607 460 3688 519 τοῖς

551 540 621 596 lis
651 556 719 594 ne
745 539 1088 594 sociarentur
1124 535 1206 590 eis
1230 536 1299 592 ".
1336 555 1353 587 ι
1389 535 1618 606 Insuper
1665 535 1882 590 additur
1927 556 1940 590 :
1995 555 2012 587 ι
2055 535 2120 590 Et

552 646 660 686 non
684 638 800 685 erat
823 643 919 683 cor
946 628 1066 698 ejus
1097 626 1396 697 perfectum
1426 643 1552 682 cum
1586 626 1819 682 Domino
1848 626 1959 682 Deo
1996 643 2119 693 suo,

550 723 714 778 sicuti
743 735 840 776 cor
863 720 1081 776 Davidis
1112 719 1285 789 patris
1329 720 1448 791 ejus
1479 718 1542 773 ’δι
1577 738 1594 771 ι
1645 718 1922 791 Pauloque
1950 727 2072 790 post
2103 737 2116 774 :

558 830 578 863 ι
615 810 768 865 Tunc
789 809 1075 865 mdiﬁcavit
1093 808 1348 865 Salomon
1375 809 1652 864 excelsum
1674 809 1946 865 Chamoso
1976 808 2121 864 idolo

551 902 912 958 Moabitarum
944 903 999 956 in
1040 909 1226 956 monte
1253 901 1346 971 qui
1373 908 1458 956 est
1493 916 1524 956 e
1553 901 1774 972 regione
1807 899 2120 971 Hierosoly-

550 1009 765 1048 morum
798 1012 812 1045 τ
845 994 1082 1063 itemque
1116 991 1368 1046 Molocho
1407 991 1551 1046 idolo
1578 992 2034 1057 Ammonitarum,
2065 997 2122 1046 et

547 1089 782 1140 Astarta:
825 1083 1126 1154 impuritati
1176 1082 1546 1137 Sidoniorum.
1580 1082 1758 1152 Atque
1807 1084 1884 1136 ita
1912 1097 2120 1136 morem

549 1175 718 1245 gessit
750 1175 963 1230 cunctis
1018 1173 1235 1229 feminis
1273 1174 1389 1228 suis
1437 1173 1778 1245 alienigenis,
1810 1189 1930 1244 quae
1957 1172 2120 1229 thura

548 1269 836 1322 adolebant
869 1266 976 1322 diis
1005 1267 1198 1337 patriis
1233 1273 1286 1321 et
1310 1264 1712 1321 sacriﬁcabant.
1743 1263 1916 1319 Porro
1945 1263 2117 1320 iratus

546 1361 630 1416 est
661 1358 925 1415 Dominus
975 1357 1254 1412 Salomoni
1310 1357 1457 1427 quod
1521 1367 1772 1409 aversum
1840 1360 1987 1411 esset
2019 1369 2118 1410 cor

545 1451 664 1521 ejus
703 1466 734 1505 a
768 1449 998 1504 Domino
1031 1448 1140 1504 Deo
1173 1448 1390 1503 lsraelis
1423 1448 1492 1501 ’⁵.
1536 1465 1554 1496 ι
1589 1444 1668 1498 En
1699 1445 1814 1500 hac
1845 1446 2028 1500 omnia
2059 1446 2118 1502 in

547 1541 855 1596 Salomonis
894 1540 1333 1594 criminationem
1377 1537 1654 1593 dicuntur.
1687 1535 2117 1608 Quomodoergo

547 1631 988 1688 accommodabis
1011 1631 1062 1686 ei
1089 1629 1500 1700 jusjurandum,
1543 1629 1598 1684 in
1632 1644 1743 1700 quo
1784 1636 1980 1699 praeter
2011 1645 2115 1684 ca:-

544 1732 661 1780 tera
691 1725 897 1779 dictum
926 1733 1009 1780 est
1059 1742 1072 1777 :
1121 1741 1140 1774 ι
1181 1721 1246 1775 Et
1273 1737 1374 1793 ego
1402 1736 1498 1777 ero
1523 1722 1603 1776 illi
1633 1721 1688 1775 in
1717 1719 1956 1784 Patrem,
2001 1721 2118 1791 ipse

2221 537 2356 598 υἱοῖς
2372 535 2608 607 Ἰσραήλ·
2637 536 2750 588 Οὐκ
2770 535 3139 589 εἰσελεύσεσθε
3164 538 3240 601 εἷς
3263 537 3453 602 αὐτούς.
3483 537 3589 606 Ὀἷς
3606 547 3684 599 ἐπι-

2221 626 2407 697 φέρειο
2445 645 2463 677 ι
2500 627 2611 680 Καὶ
2673 626 2773 680 οὐκ
2811 623 2879 698 ἦν
2915 629 2948 699 ἡ
3007 627 3200 699 καρδία
3243 629 3394 682 αὑτοῦ
3418 631 3564 687 τελεία
3592 638 3694 705 μετὰ

2221 717 2425 790 Κυρίου
2465 718 2599 772 Θεοῦ
2645 719 2832 785 αὐτοῦ,
2863 719 3044 784 καθὼς
3075 723 3108 792 ἠ
3151 721 3336 792 καρδία
3359 723 3500 777 Δαὸὶδ
3519 727 3589 779 τοῦ
3615 729 3695 782 Πα-

2219 809 2345 880 τρὸς
2369 809 2553 862 αὐτοῦ.
2590 828 2608 860 ι
2643 810 2752 863 Kui
2776 809 2910 880 μετὰ
2941 809 3110 882 βραχύ
3133 828 3145 841 ·
3166 829 3183 862 t
3207 807 3333 864 Τότε
3348 812 3607 884 ᾠκοδόμησε
3621 820 3693 871 Σο-

2219 899 2397 971 λομῶν
2429 901 2629 971 ὑψηλὸν
2683 900 2761 972 τῷ
2793 901 2998 973 Χαμὼς
3044 901 3243 974 εἰδώλῳ
3268 903 3426 956 Μωάϐ
3452 906 3500 959 ἐν
3525 906 3586 977 τῷ
3608 909 3694 980 ὄρει

2219 992 2311 1044 ἐπὶ
2338 992 2624 1062 πρόσωπον
2674 992 3023 1064 Ἰερουσαλήμ
3042 1011 3056 1025 ·
3093 995 3187 1048 xui
3211 993 3285 1065 τῷ
3319 995 3518 1066 Μολχὼν
3544 998 3697 1071 εἰδώλῳ

2218 1081 2348 1136 υἱῶν
2405 1083 2648 1154 Ἀμμὼν,
2686 1084 2777 1138 καὶ
2820 1087 2887 1156 τῇ
2947 1085 3214 1158 Ἀστάρτῃ
3255 1085 3541 1158 βδελύγματι
3571 1091 3696 1142 Σιδω-

2217 1175 2344 1230 νίων
2362 1192 2374 1204 ·
2402 1177 2496 1228 καὶ
2523 1174 2695 1240 οὕτως
2728 1177 2949 1248 ἐποίησε
2975 1178 3176 1240 πάσαις
3202 1181 3314 1242 ταῖς
3342 1182 3549 1248 γυναιξὶν
3573 1183 3698 1236 αὑτοῦ

2214 1263 2336 1331 ταῖς
2363 1267 2691 1339 ἀλλοτρίαις,
2727 1268 2782 1321 αἳ
2815 1267 3054 1338 ἐθυμίων
3097 1269 3192 1322 καὶ
3223 1267 3368 1322 ἐθυον
3397 1273 3493 1333 τοῖς
3517 1271 3698 1335 εὶδὼλοις

2217 1359 2427 1412 αὐτῶνθ
2455 1361 2548 1413 καὶ
2593 1359 2836 1431 ὠργίσθη
2884 1359 3088 1434 Κύριος
3127 1361 3219 1412 ἐπὶ
3257 1361 3502 1431 Σολομῶν,
3531 1362 3595 1414 ὅτι
3638 1364 3701 1428 ἐξ-

2217 1449 2391 1504 έκλινε
2410 1450 2630 1522 καρδίαν
2657 1450 2820 1504 αὑτοῦ
2852 1450 2960 1503 ἀπὸ
2988 1451 3194 1522 Κυρίου
3226 1451 3352 1504 Θεοῦ
3387 1453 3589 1522 Ἰσραήλ.
3618 1452 3699 1503 »Εἰ

2215 1539 2272 1592 δέ
2299 1541 2368 1594 τά
2386 1541 2607 1596 τοιαῦτα
2636 1541 2728 1595 τοῦ
2766 1541 3075 1614 Σολομῶνος
3108 1545 3490 1614 κατηγορεῖται,
3524 1542 3615 1606 πῶς
3633 1539 3700 1596 οὖν

2215 1631 2543 1703 ἐφαρμόσεις
2583 1631 2731 1702 αὐτῷ
2765 1632 2832 1685 τὰ
2856 1631 2949 1684 τοῦ
2982 1631 3168 1703 ὅρκου,
3198 1632 3280 1702 ἐφ’
3306 1625 3348 1700 ᾧ
3377 1632 3558 1703 εἴρηται

2215 1722 2325 1784 τοῖς
2355 1721 2533 1784 ἄλλοις
2556 1720 2650 1800 καὶ
2697 1720 2775 1773 τό·
2808 1738 2826 1770 ι
2863 1721 3004 1790 Ἐγὼ
3033 1721 3226 1793 ἔσομαι
3268 1723 3406 1793 αὐτῷ
3431 1727 3500 1786 εἰς
3525 1723 3702 1793 πατέρα,

542 1818 648 1872 erit
698 1818 830 1871 mihi
886 1816 942 1870 in
993 1814 1212 1867 ﬁlium?
1276 1831 1292 1864 ι
1363 1813 1477 1867 lmo
1509 1827 1639 1866 vero
1681 1811 1968 1866 manifeste
2000 1809 2104 1865 haec

2215 1810 2308 1862 καὶ
2327 1811 2484 1873 αὐτὸς
2504 1809 2653 1864 ἐσται
2682 1829 2770 1881 μοι
2796 1812 2874 1874 εἰς
2898 1812 3009 1864 υἱόν
3031 1829 3045 1875 ;
3073 1831 3090 1863 ι
3115 1811 3250 1865 άλλά
3271 1813 3374 1884 γὰρ
3399 1814 3608 1885 ἄντικρυς
3633 1815 3704 1866 Σο-

544 1909 719 1963 aliena
749 1923 780 1962 a
819 1905 1110 1960 Salomone
1140 1910 1269 1958 sunt
1303 1921 1317 1957 :
1351 1905 1608 1972 praeclare
1652 1908 1831 1956 autem
1866 1901 2112 1956 referun-

544 1997 636 2055 tur
667 2001 732 2054 ad
773 2015 918 2065 eum,
974 1997 1135 2066 cujus
1189 1995 1257 2051 de
1305 2010 1503 2066 genere
1557 1993 1777 2050 Davidis
1825 1995 2116 2065 prmdictus

547 2089 726 2145 fuerat
765 2088 1056 2152 adventus,
1105 2087 1309 2156 quique
1350 2099 1542 2154 reapse
1578 2098 1609 2139 e
1649 2082 1907 2139 Davidico
1949 2093 2116 2141 stem-

543 2187 689 2233 male
719 2177 963 2234 emersit.

1291 2286 1379 2341 Vl.

541 2401 650 2459 Cur
684 2401 974 2457 Mattheus
1003 2410 1119 2470 post
1155 2399 1406 2472 Davidem
1451 2400 1519 2454 ad
1565 2408 1932 2472 causes-laneas
1962 2417 2114 2472 gene-

608 2475 684 2528 ris
734 2489 1057 2528 successores
1125 2489 1229 2525 non
1292 2471 1504 2534 veniat,
1560 2470 1650 2524 sed
1709 2470 1976 2525 transiliat
2043 2473 2113 2525 ad

607 2543 990 2606 Abrahamum,
1029 2559 1129 2594 non
1167 2552 1338 2594 tamen
1384 2541 1452 2593 ad
1501 2540 1786 2611 Adamum,
1833 2559 1991 2611 neque
2040 2542 2111 2595 ad

607 2615 774 2684 alium
825 2613 1103 2684 quemlibet
1157 2627 1223 2664 ea:
1278 2611 1511 2681 antiquis
1582 2610 1692 2664 Deo
1749 2610 1953 2665 dilectis
2017 2611 2110 2666 ho-

611 2683 860 2736 minibus.

609 2771 746 2838 Quia
777 2771 952 2840 primo
982 2769 1235 2825 similiter
1277 2768 1588 2823 Abrahamo
1620 2769 1770 2824 varia
1808 2769 1954 2824 edita
1991 2768 2109 2826 fue-

536 2870 660 2919 rant
701 2861 768 2917 de
801 2861 1082 2917 vocatione
1119 2860 1364 2930 gentium
1407 2861 1651 2916 oracula.
1696 2859 1941 2932 Namque
1983 2869 2109 2917 ante

539 2950 830 3004 Mosaicam
895 2948 1291 3019 legislatiouem
1323 2987 1339 3012 ,
1397 2957 1562 3018 atque
1621 2959 1744 3005 ante
1795 2950 2106 3005 Judzcorum
2151 2964 2158 2971 ·

537 3042 715 3113 ipsum
755 3054 944 3111 genus,
986 3043 1099 3094 imo
1129 3046 1182 3094 et
1213 3047 1340 3095 ante
1367 3040 1868 3106 circumcisionem,
1912 3043 2104 3098 alieni-

536 3148 672 3205 gena
721 3132 822 3187 fuit
853 3132 1198 3188 Abrahamus
1229 3149 1241 3184 :
1274 3133 1366 3203 qui
1412 3117 1634 3204 regione
1680 3133 1973 3189 Chaldaica
2003 3136 2106 3190 mi-

533 3197 722 3297 graus,
759 3225 936 3296 patria
975 3223 1225 3278 instituta
1267 3197 1530 3287 deseruit,
1583 3240 1946 3296 supremoque
1995 3224 2105 3280 Deo
2132 3197 2178 3256 c

535 3319 740 3390 agnito,
787 3317 1159 3372 testimonium
1199 3317 1384 3372 retulit
1416 3315 1562 3387 quod
1609 3315 1722 3372 Deo
1765 3315 2102 3383 crediderit;

533 3409 697 3478 idque
728 3408 806 3461 illi
835 3415 1145 3478 reputatum
1178 3414 1264 3462 est
1295 3406 1363 3462 ad
1389 3406 1663 3476 justitiam
1691 3407 1759 3466 ’⁸.
1790 3405 1982 3464 Justus
2014 3422 2108 3462 au-

533 3507 643 3555 tem
675 3501 905 3571 piusque
927 3499 1079 3554 visus
1108 3506 1192 3554 est
1215 3514 1328 3553 non
1356 3500 1425 3554 ob
1455 3499 1701 3570 corporis
1723 3500 2104 3554 circumcisio-

532 3606 679 3656 nem,
709 3606 888 3661 neque
925 3590 996 3645 ob
1037 3587 1262 3644 Sabbati
1293 3590 1696 3645 observantiam
1721 3596 1815 3644 aut
1840 3589 2103 3646 festorum

533 3690 625 3738 aut
657 3682 1033 3744 kalendarum.
1077 3697 1252 3752 neque
1305 3681 1377 3736 ob
1408 3681 1754 3752 quaslibet‘a
1793 3680 1976 3753 Moyse
2020 3681 2104 3736 in-

528 3783 714 3830 vectas
755 3773 1045 3845 religiones
1075 3791 1091 3841 ;
1131 3773 1228 3829 sed
1259 3773 1330 3828 ob
1363 3773 1560 3828 summi
1588 3773 1682 3828 Dei
1710 3775 2098 3843 cognitionem,

529 3873 692 3936 atque
723 3865 794 3919 ob
835 3862 1076 3930 Domini,
1118 3865 1212 3936 qui
1251 3864 1331 3918 illi
1379 3863 1596 3919 oblatus
1637 3871 1740 3928 est,
1769 3863 2103 3920 manifesta-

529 3957 731 4011 tionem
770 3955 905 4028 (qui
947 3954 1165 4026 quidem
1195 3963 1313 4012 erat
1346 3954 1604 4010 Servator
1633 3963 1839 4020 noster,
1871 3954 1968 4012 Dei
1994 3957 2102 4012 sci-

529 4048 654 4102 licet
684 4045 961 4114 Verbum)
990 4053 1045 4102 et
1067 4046 1138 4101 ob
1169 4061 1325 4101 suam
1362 4047 1600 4116 denique
1629 4053 1874 4101 sanctam
1902 4059 1966 4100 ac
1991 4046 2101 4100 vir-

525 4139 733 4194 tutibus
764 4138 1048 4210 przeditam
1077 4139 1267 4194 vitam.
1298 4137 1436 4194 Huic
1484 4140 1650 4210 igitur
1689 4139 1784 4210 qui
1830 4137 2100 4208 ejusmodi

526 4232 741 4302 pietatis
780 4248 952 4301 genus
1001 4238 1243 4287 sectatus
1272 4231 1471 4295 fuerat,
1507 4232 1650 4285 facta
1697 4231 1988 4302 promissio
2014 4238 2099 4287 est

525 4323 591 4377 de
618 4324 892 4394 gentibus,
917 4322 1082 4377 veluti
1121 4337 1241 4392 quae
1267 4323 1560 4394 aliquando
1593 4323 1892 4379 secundum
1924 4325 2098 4379 Abra-

523 4416 670 4470 bami
700 4416 875 4469 zelum
910 4415 1010 4484 piae
1041 4413 1238 4470 futurae
1276 4426 1455 4480 erant,
1504 4432 1798 4488 paremque
1839 4417 2096 4487 religioso

2216 1899 2455 1970 λομῶνος
2507 1901 2606 1972 μὲν
2654 1900 2908 1973 ἀλλότρια
2953 1903 3160 1956 ταῦτα’
3199 1903 3440 1972 ἀνάγοιτο
3487 1904 3522 1958 δ’
3557 1905 3607 1958 ἂν
3634 1906 3704 1957 ἐπὶ

2214 1991 2303 2044 τὸν
2336 1993 2398 2044 ἐκ
2428 1990 2736 2063 σπέρματος
2768 1991 2930 2046 Δαόὶδ
2959 1993 3108 2063 ἥξειν
3142 1993 3359 2058 θεσπιξό
3369 2011 3508 2065 μενον
3526 1994 3692 2064 Χριστὸ-

2214 2080 2306 2134 τοῦ
2329 2081 2485 2147 Θεοῦ,
2515 2082 2574 2145 ὃς
2601 2083 2664 2135 ἐκ
2689 2081 3000 2153 σπέρματος
3028 2083 3196 2136 Δαϐὶδ
3215 2082 3425 2154 ἀνέστη.

2214 2393 2317 2446 Διὰ
2345 2394 2402 2448 τί
2447 2396 2600 2465 μετὰ
2628 2397 2732 2450 τὸν
2772 2398 2951 2451 Δαϐὶδ
2980 2400 3091 2452 οὐκ
3122 2397 3227 2451 ἐπὶ
3255 2398 3389 2465 τοὺς
3411 2397 3540 2466 ἑξῆς
3562 2397 3706 2450 (Staie-

2283 2482 2429 2539 κους
2461 2466 2568 2539 τοῦ
2587 2467 2798 2536 γένους
2831 2468 3089 2538 κατάγει,
3122 2469 3429 2539 ἀνατρέχει
3457 2472 3514 2524 δὲ
3539 2469 3614 2539 ἐπὶ
3633 2469 3707 2519 τὸν·

2299 2537 2558 2609 Ἀϐραὰμ,
2618 2539 2753 2609 ἀλλ’
2809 2541 2919 2609 οὐκ
2967 2537 3065 2591 ἐπὶ
3116 2540 3229 2593 τὸν
3276 2537 3472 2609 Ἀδὰμ,
3515 2538 3618 2593 οὐδ’
3641 2539 3707 2600 ἐρ’

2281 2606 2486 2674 ἕτερόν
2512 2624 2648 2660 τινα
2675 2607 2794 2662 τῶν
2829 2608 3016 2664 πάλαι
3040 2610 3338 2678 θεοφιλῶν
3365 2606 3591 2678 ἀνδρῶν.

2293 2761 2507 2834 Ἐπειδὴ
2535 2763 2734 2835 πρώτῳ
2771 2764 2932 2818 πάλιν
2971 2765 3047 2837 τῷ
3091 2765 3342 2839 Ἀϐραὰμ
3371 2767 3487 2840 περὶ
3513 2768 3594 2838 τῆς
3620 2766 3712 2835 κλή-

2209 2871 2346 2917 σεως
2378 2855 2483 2907 τῶν
2511 2854 2682 2908 ἐθνῶν
2715 2857 2960 2928 διάφοροι
2978 2859 3218 2914 ἐδέδοντο
3239 2862 3470 2932 χρησμοί
3486 2877 3502 2893 ο
3525 2858 3614 2931 πρὸ
3635 2858 3712 2928 γὰρ

2208 2945 2305 3016 τῆς
2355 2945 2631 3010 Μωῦσέως
2660 2948 3013 3019 νομοθεσίας,
3079 2950 3178 3002 καὶ
3228 2951 3334 3023 πρὸ
3372 2951 3460 3006 τοῦ
3502 2950 3713 3004 Ἰουδαίων

2208 3036 2409 3100 ἔθνους,
2434 3037 2493 3090 οὐ
2521 3037 2624 3109 μὴν
2652 3038 2787 3092 ἀλλὰ
2826 3041 2919 3093 καλ⁴
2952 3041 3057 3112 πρὸ
3108 3042 3213 3113 τῆς
3253 3045 3554 3116 περιτομῆς,
3595 3042 3712 3096 ἀλλο-

2207 3127 2364 3200 εθνὴς
2392 3129 2473 3199 ῶν,
2493 3131 2520 3181 ὁ
2549 3131 2815 3203 Ἀϐραὰμ,
2848 3134 3062 3204 καὶτῆς
3085 3135 3368 3190 Χαλδαίων
3395 3138 3489 3206 γῆς
3511 3135 3710 3207 ὁρμώμε-

2207 3236 2313 3283 νος,
2372 3220 2653 3273 ἀπολείπει
2690 3223 2788 3292 μὲν
2827 3223 2896 3275 τὰ
2943 3224 3196 3296 πατρῷα,
3231 3226 3364 3280 Θεὸν
3402 3227 3455 3278 δὲ
3486 3225 3621 3295 γνοὺς
3647 3222 3712 3275 τὸν

2206 3313 2298 3365 ἐπὶ
2348 3314 2583 3377 πάντων,
2641 3316 3056 3388 μεμαρτύρηται
3097 3319 3179 3383 ὡς
3227 3320 3333 3391 ἄρα
3378 3320 3628 3374 ἐπίστευσε
3659 3313 3713 3384 τῷ

2206 3400 2344 3472 Θεῷ,
2376 3404 2471 3456 καὶ
2506 3403 2754 3477 ἐλογίσθη
2799 3407 2947 3478 αὑτῷ
2972 3411 3052 3473 εἰς
3080 3410 3426 3485 δικαιοσύνην
3449 3431 3462 3444 ·
3482 3411 3652 3474 δίκαιός
3670 3426 3713 3462 τε

2204 3493 2301 3546 καὶ
2331 3491 2583 3565 θεοφιλὴς
2625 3497 3028 3566 ἀποπέφανται,
3053 3501 3114 3554 οὐ
3144 3501 3239 3556 διὰ
3266 3504 3552 3577 περιτομὴν
3574 3502 3714 3571 σώμα-

2203 3597 2314 3646 τος,
2347 3583 2468 3637 οὐδὲ
2510 3583 2597 3638 διὰ
2643 3587 2890 3657 φυλακὴν
2927 3589 3142 3662 ἡμέρας
3178 3593 3516 3667 σαϐϐάτου,ῆ
3543 3584 3713 3665 ἑορτῶν,

2204 3675 2530 3746 νουμηνιῶν,
2569 3678 2688 3731 οὐδέ
2740 3697 2803 3748 γε
2851 3681 2916 3734 δι’
2960 3683 3126 3755 ἄλλης
3171 3688 3319 3752 τινὸς
3367 3688 3508 3759 παρά
3545 3689 3717 3742 Misisti

2204 3766 2509 3838 φερομένης
2539 3767 3008 3844 ἐθελοθρησκείας,
3044 3775 3181 3830 ἀλλὰ
3215 3778 3282 3831 δι’
3300 3779 3614 3849 ἐπιγνώσεως
3646 3775 3714 3829 τοῦ

2205 3857 2296 3909 ἐπὶ
2323 3857 2539 3912 πάντων
2583 3859 2739 3927 Θεοῦ,
2781 3863 3103 3933 ἐπιφανείας
3128 3868 3190 3921 δὲ
3229 3869 3326 3922 τοῦ
3356 3871 3587 3940 ὀφθέντος
3604 3867 3716 3936 α)τῴ

2202 3950 2408 4022 Κυρίου
2455 3945 2628 4022 (οὗτος
2659 3952 2714 4006 δὲ
2742 3949 2809 4025 ἦν
2833 3956 2861 4008 ό
2884 3958 3152 4030 ἡμέτερος
3210 3963 3422 4035 Σωτὴρ,
3453 3963 3480 4015 ό
3503 3961 3584 4016 τοῦ
3613 3958 3714 4012 θεοῦ

2202 4043 2430 4114 Λόγος),
2468 4043 2557 4096 διά
2614 4062 2672 4098 τε
2721 4047 2918 4117 σεμνοῦ
2962 4051 3056 4104 καὶ
3112 4053 3377 4124 ἐναρέτου
3411 4053 3717 4126 βίου-τοῦτον

2200 4133 2244 4185 δ’
2273 4130 2363 4187 οὖν
2386 4134 2534 4205 αὐτῷ
2563 4137 2912 4209 κατορθοῦντι
2945 4142 3044 4212 τῆς
3083 4142 3400 4210 θεοσεϐείας
3427 4147 3511 4202 τὸν
3543 4146 3716 4217 τρόπῠνν

2201 4226 2232 4296 ἡ
2261 4227 2387 4298 περὶ
2414 4227 2521 4280 τῶν
2572 4229 2740 4282 ἐθνῶν
2788 4231 2966 4286 δέδοτο
2998 4237 3323 4306 ἐπαγγελία,
3364 4241 3437 4304 ῶς
3466 4240 3550 4293 καὶ
3581 4236 3715 4292 αὺηῶν

2200 4337 2329 4372 ποτε
2375 4321 2518 4374 κατὰ
2558 4323 2647 4376 τὸν
2679 4323 2772 4376 τοῦ
2813 4325 3061 4398 Ἀδραάμ
3089 4327 3254 4401 ζῆλον
3297 4332 3549 4386 θεοσεὸῶν
3585 4331 3714 4384 ὄντων

2198 4414 2405 4484 καὶτῆς
2432 4413 2554 4485 ῐσης
2569 4415 2646 4486 τῷ
2663 4415 2898 4486 θεοφιλεί
2913 4419 3470 4496 καταξιωθησομένων
3495 4422 3712 4490 εὐλογίας·

523 4505 847 4577 patriarchae
889 4505 1322 4562 benedictionem
1355 4518 1753 4566 consecutum.
1785 4508 1917 4576 Quae
1967 4523 2093 4563 cum

2205 4497 2268 4559 ὧν
2295 4504 2464 4569 οὓτως
2496 4506 2746 4576 ἐχόντων,
2776 4509 3066 4564 ἀκόλουθον
3095 4508 3164 4584 ἦν
3193 4515 3298 4584 τῆς
3321 4516 3426 4570 τῶν
3444 4515 3594 4569 ἐθνῶν
3616 4514 3713 4582 γλή-

523 4599 596 4652 ita
631 4613 689 4651 se
721 4597 978 4662 habeant,
1015 4609 1442 4655 consentaneum
1469 4613 1607 4668 erat,
1645 4609 1704 4655 ut
1744 4601 2090 4658 Abrahamus

2205 4611 2333 4658 σεως
2355 4596 2675 4669 προπάτορα
2696 4598 2823 4652 ὄντα
2853 4601 2942 4654 τὸν
2985 4602 3261 4678 Ἀϐραὰμ,
3294 4610 3396 4662 ὑπδ
3428 4608 3512 4662 τοῦ
3535 4608 3712 4674 εὐαγγε-

519 4697 837 4746 vocatarum
878 4690 1120 4761 gentium
1151 4693 1427 4764 princeps,
1458 4694 1527 4749 ab
1558 4695 1894 4766 evangelista
1927 4708 2088 4749 assu-

518 4791 760 4838 meretur
794 4781 1067 4836 secundus
1107 4788 1230 4851 post
1268 4781 1548 4840 Davidem.
1583 4783 1829 4856 Namque
1872 4783 1929 4838 hi
1979 4784 2089 4840 duo

517 4867 739 4926 fuerunt
764 4870 1006 4924 illustres
1037 4869 1160 4934 viri,
1191 4872 1347 4940 queis
1373 4872 1564 4943 primis
1595 4873 1740 4928 Deus
1765 4873 1969 4930 Christi
1999 4873 2090 4927 ad-

515 4973 738 5020 ventum
800 4963 1152 5038 gentiumque
1207 4966 1551 5022 vocationem
1609 4968 1898 5038 dignanter
1962 4977 2088 5024 ante

517 5056 862 5129 signiﬁcavit.
897 5055 1003 5112 Par
1024 5066 1203 5114 autem
1233 5058 1354 5122 fuit.
1394 5067 1454 5115 ut
1477 5061 1525 5115 is
1547 5061 1633 5116 cui
1669 5060 1926 5116 nativitas
1955 5059 2084 5116 Ser-

515 5149 723 5204 vatoris
776 5149 1020 5203 omnium
1074 5150 1359 5205 hominum
1404 5152 1675 5222 promissa
1718 5151 1842 5219 fuit,
1883 5167 2090 5222 praepos

516 5247 738 5294 neretur
777 5239 854 5292 illi
881 5239 973 5310 qui
1017 5239 1085 5296 de
1115 5240 1375 5296 vocandis
1410 5242 1662 5312 gentibus
1691 5243 2086 5313 promissiones

515 5330 728 5398 accepit
762 5348 775 5382 :
803 5330 1078 5386 secundus
1104 5343 1284 5387 tamen
1321 5333 1374 5386 in
1403 5333 1720 5405 genealogia
1753 5335 2084 5390 scriberetur

514 5420 756 5484 gentium
825 5422 1067 5492 ipsarum
1125 5424 1457 5494 patriarcha.
1524 5423 1706 5491 Quare
1761 5427 1899 5482 liber
1949 5426 2079 5484 Jesu

513 5509 717 5566 Christi
767 5513 914 5582 capit
947 5515 1190 5584 auspicia
1233 5516 1471 5585 primum
1515 5517 1736 5587 quidem
1771 5518 1839 5573 ab
1890 5535 1956 5575 eo
1985 5521 2080 5590 qui

511 5600 615 5656 fuit
662 5604 900 5658 carnalis
943 5603 1072 5662 Jcsu
1125 5605 1325 5662 Christi
1369 5609 1724 5680 progenitor;
1769 5609 1967 5667 deinde
2012 5612 2079 5666 ab

493 5691 501 5753 ί

2195 4686 2375 4740 λιστοῦ
2441 4688 2690 4762 δεύτερον
2744 4691 3164 4766 παραληφθῆναι
3217 4698 3358 4770 μετὰ
3418 4699 3504 4752 τὸν
3555 4693 3708 4750 Δαῦίδσ

2193 4776 2335 4830 δυοῖν
2360 4780 2468 4851 γὰρ
2489 4782 2691 4834 τούτων
2719 4785 2996 4855 ἐπιφανῶν
3024 4786 3236 4859 ἀνδρῶν
3266 4792 3494 4863 πρώτων
3524 4786 3709 4860 ἠξιωμέ-

2193 4887 2299 4924 νων
2324 4871 2422 4942 τῆς
2463 4871 2558 4926 τοῦ
2585 4873 2719 4928 Θεοῦ
2771 4877 3103 4947 ἐπαγγελίας
3139 4880 3270 4953 περί
3303 4899 3363 4935 τε
3391 4882 3486 4952 τῆς
3506 4879 3587 4933 τοῦ
3611 4878 3709 4946 Χρι-

2195 4963 2321 5017 στοῦ
2377 4964 2640 5034 γενέσεως
2690 4969 2785 5021 καὶ
2838 4970 3092 5040 περὶτῆς
3133 4971 3384 5043 κλήσεως
3427 4974 3527 5026 τῶν
3563 4967 3707 5023 ἐθνῶν.

2193 5054 2386 5124 χρῆναι
2409 5054 2579 5126 δήπου
2619 5055 2680 5109 τὸ
2715 5057 2811 5127 μὲν
2836 5059 2964 5130 περὶ
3008 5060 3108 5130 τῆς
3137 5062 3407 5130 γενέσεως
3432 5061 3516 5116 τοῦ
3539 5059 3708 5111 πάντων

2190 5145 2491 5217 ἀνθρώπων
2538 5149 2787 5219 Σωτῆρος
2828 5150 2927 5214 τὰς
2959 5152 3283 5225 ὑποσχέσεις
3328 5157 3583 5228 εἰληφότα,
3611 5167 3708 5222 προ·

2189 5239 2480 5310 τιμηθῆναι
2509 5243 2574 5312 τῇ
2602 5241 2750 5306 τάξει
2770 5243 2863 5296 τοῦ
2887 5246 2986 5310 τὰς
3023 5249 3149 5319 περὶ
3184 5249 3298 5303 τῶν
3335 5249 3498 5304 ἐθνῶν
3517 5251 3705 5312 ἐπαγτε·

2188 5330 2307 5396 λίας
2356 5333 2794 5405 καταδεξαμένου
2817 5351 2830 5366 ·
2860 5337 3112 5412 δεύτερον
3167 5341 3228 5395 δὲ
3259 5343 3320 5396 ἐν
3341 5345 3406 5414 τῇ
3439 5334 3706 5412 γενεαλογίᾳ

2189 5427 2611 5497 παραληφθῆναι
2639 5429 2729 5482 τὸν
2771 5431 2880 5485 τῶν
2909 5432 3076 5486 ἐθνῶν
3113 5435 3384 5507 ἀρχηγόν·
3415 5431 3624 5504 διόπερὴ
3644 5425 3704 5496 βί-

2185 5517 2311 5582 ὅλος
2353 5519 2524 5591 Ἰησοῦ
2569 5520 2804 5594 Χριστοῦ
2840 5524 3040 5596 πρώτῳ
3088 5527 3186 5598 μὲν
3213 5529 3488 5582 ἀνάκειται
3509 5526 3576 5596 τῷ
3596 5517 3706 5576 κατὰ

2187 5613 2364 5683 σάρκα
2421 5615 2594 5685 Ἰησοῦ
2647 5617 2882 5688 Χριστοῦ
2928 5620 3255 5692 προπάτορι,
3299 5621 3537 5691 δεύτερον
3567 5616 3618 5671 δὲ
3645 5608 3706 5678 ττῖθ

583 5759 627 5792 ’³
665 5757 730 5813 lll
763 5759 896 5831 Reg.
933 5775 1018 5827 xl,
1057 5761 1171 5827 l,‘2.
1249 5762 1293 5795 “
1331 5763 1460 5818 ibid.
1499 5765 1550 5820 4.
1630 5765 1674 5798 ²⁸
1717 5764 2006 5838 ilﬁd._5-9.
2085 5768 2129 5799 ’⁵
2169 5767 2325 5824 Rom.
2363 5785 2434 5840 tv,
2472 5770 2524 5826 5.

500 5847 510 5952 ἰ
