3936 6208
250 279 356 334 905

773 279 1228 345 QUJESTIUNES
1262 278 1715 334 EVANGELICA‘I
1756 278 1847 331 AD
1887 275 2324 331 STEPHANL'M‘.
2365 307 2432 316 -—-
2471 275 2797 343 QUIESTIO
2839 275 2946 331 νιι.

3373 281 3476 337 906

255 403 393 456 κατὰ
422 399 633 469 πνεῦμα
666 401 838 470 Πατιρὶ
865 401 970 452 τῶν
997 402 1082 454 διὰ
1118 400 1351 468 Χριστοῦ
1390 399 1814 469 σωθησομένων·

1932 397 2015 449 illo
2048 397 2138 465 qui
2173 396 2368 464 spiritu
2425 394 2581 448 Pater
2613 401 2730 448 erat
2774 394 3162 448 servandorum
3197 412 3296 466 per
3319 398 3480 455 (Ἀπί-

251 495 436 566 ἠγεῖτο
459 495 563 563 γὰρ
586 493 612 544 ὁ
641 491 824 556 σώζων
852 492 956 544 τῶν
993 493 1309 563 σωζομένων
1339 491 1526 546 ἐθνῶν.

1001 649 1071 703 Ζ⁹.

257 740 356 793 Διὰ
394 740 448 792 τί
473 739 578 825 τῆς
609 738 828 808 Θάμαρ,
859 740 990 808 οὐχὶ
1015 741 1081 792 δὲ·
1107 742 1200 794 καὶ
1229 740 1424 808 ἐτέρας
1456 741 1545 825 ἐπξ
1573 740 1815 825 ἀγαθοῖς

323 811 728 877 κατορθώμασι
771 813 1259 879 μαρτυρουμένης
1308 811 1590 880 γυναικὸς
1641 813 1816 878 ἐμνηυ

317 883 618 948 μένει-σεν-
646 885 676 934 ὀ
713 881 1021 945 Ματθίιῖος.

326 977 394 1026 α’.
439 973 545 1042 Τὴν
577 973 770 1044 Θάμαρ
808 974 860 1025 εῖ
888 989 971 1035 τις
1011 974 1083 1035 ὡς
1131 973 1332 1044 πόρνην
1360 972 1659 1026 διαϐάλλειν
1701 991 1817 1024 πει-

261 1065 425 1136 ρῷτο,
468 1065 630 1118 αὐτοῦ
674 1065 737 1135 δὴ
793 1063 882 1116 τοῦ
925 1065 1090 1118 Ἰούδα
1133 1067 1490 1119 ἐπακουσάτω
1537 1067 1815 1135 λέγοντος·

264 1177 284 1207 ι
312 1157 656 1210 Δεδικαιωται
703 1158 961 1228 Θάμαρῆ
1002 1155 1140 1224 ἐγὼ,
1192 1150 1252 1209 οὗ
1298 1159 1481 1211 ἕνεκεν
1519 1161 1616 1211 οὐκ
1646 1159 1819 1212 ἔδωκα

259 1249 630 1321 abem-moi;
678 1249 754 1318 τῷ
795 1249 894 1318 υἱῷ
939 1267 1069 1318 μου·
1111 1270 1128 1300 ι
1178 1251 1238 1301 ού
1285 1251 1392 1320 γὰρ
1435 1251 1497 1321 δὴ
1543 1251 1820 1322 πορνεύειν

261 1339 562 1411 προθεμένη
593 1339 684 1391 ἐπὶ
715 1337 806 1390 τοῦ
842 1338 1031 1406 τέγους
1067 1338 1215 1409 ἔστη,
1247 1338 1487 1410 λογισμῷ
1536 1341 1591 1392 δὲ
1641 1342 1821 1412 σεμνῷ

260 1429 598 1490 παιδοποιΐας
623 1427 782 1499 χάριν
828 1428 916 1480 τὸν
955 1427 1153 1479 Ἰούδαν
1185 1428 1447 1498 θηρᾶται·
1489 1429 1587 1480 ούκ
1631 1430 1820 1498 ἄδηλος

259 1519 315 1572 δέ
343 1519 490 1588 καὶή
525 1520 672 1572 αἰτία
697 1535 709 1548 ·
741 1521 768 1571 ὁ
805 1519 901 1588 μὲν
927 1519 1035 1589 γὰρ
1077 1519 1213 1587 αὐτῇ
1254 1518 1683 1587 παρακελεύεται
1721 1519 1816 1589 μέ-

270 1627 368 1663 ιειν
412 1609 496 1662 ἐπ’
540 1609 718 1673 οἴκου,
765 1611 869 1671 ’έως
921 1611 1090 1680 μέγας
1139 1610 1362 1680 γένηται
1408 1608 1589 1679 Σιλὼμ
1633 1612 1662 1662 ὁ
1709 1609 1821 1672 υἱὸς

264 1700 444 1764 αὑτοῦ,
476 1701 547 1763 ὡς
595 1701 755 1764 αὐτὸς
806 1700 1104 1770 ληψόμενος
1158 1700 1355 1771 αύτὴν·
1393 1701 1424 1769 ἡ
1479 1699 1533 1752 δὲ
1578 1700 1821 1751 ἐπείθετο

261 1790 572 1862 προθύμως,
607 1791 770 1854 ἅπαις
807 1791 1040 1860 μένουσα
1071 1789 1163 1841 καὶ
1192 1791 1354 1860 χήρα,
1389 1788 1483 1852 τὰς
1525 1789 1618 1842 τοῦ
1655 1788 1823 1841 Ἰούδα

265 1882 573 1953 παρεγγύας
603 1881 930 1950 ἐκδεχομένη
951 1897 963 1909 ·
997 1880 1072 1942 ὡς
1103 1880 1157 1932 δὲ
1180 1881 1277 1931 οὐκ
1307 1880 1476 1948 ἐπῆγε
1509 1882 1628 1941 ταῖς
1652 1881 1822 1946 ἐπαγ-

265 1973 470 2040 γελίαις
495 1973 666 2034 τέλος,
702 1971 793 2024 τοῦ
831 1973 954 2044 περὶ
989 1972 1180 2034 παῖδας
1223 1972 1388 2023 πόθου
1427 1974 1537 2034 τοῖς
1571 1971 1688 2022 τότε
1730 1972 1823 2023 ἁν-

265 2065 500 2137 Θρὼποις
527 2066 614 2119 διὰ
649 2065 882 2134 σπουδῆς
912 2065 1198 2134 ἀγομένου,
1229 2065 1322 2116 καὶ
1362 2065 1458 2134 τῆς
1486 2064 1736 2127 ἀτεκνίας
1768 2066 1824 2116 ἐν

263 2160 507 2235 ἐσχάτοις
537 2162 720 2222 κακοῖς
773 2157 921 2230 παρὰ
953 2160 1082 2210 πᾶσι
1115 2158 1232 2210 τότε
1259 2157 1642 2228 λελογισμένης
1659 2195 1673 2220 ο
1709 2159 1824 2211 δια-

263 2249 606 2328 ψευσάμενοη
624 2249 756 2318 αὐτῇ
792 2247 1073 2300 συνιδοῦσα
1097 2249 1187 2300 τὸν
1232 2247 1448 2308 Ἰούδαν,
1475 2247 1567 2300 καὶ
1593 2247 1690 2310 τὰς
1719 2248 1827 2300 ἀπὸ

263 2341 355 2395 τοῦ
388 2340 572 2402 παιδὸς
602 2339 820 2402 ἐλπίδας
858 2342 937 2403 εἰς
977 2339 1150 2410 μάτην
1189 2339 1652 2411 παραληφθείσας,
1687 2340 1824 2410 αὕτη

265 2434 560 2486 ἐπιτίθεται
605 2432 682 2503 τῷ
714 2433 892 2505 ἀνδρί·
941 2435 998 2484 οὐ
1053 2431 1269 2485 πώποτε
1319 2433 1480 2503 νόμου
1531 2433 1823 2493 Μωῠσέως,

263 2525 381 2577 οὐδέ
413 2542 474 2593 γε
510 2525 821 2596 προφητῶν,
856 2525 973 2577 οὐδὲ
1003 2525 1188 2594 ἐτέρου
1220 2525 1362 2586 τινὸς
1392 2522 1828 2594 ἀπαγορεύοντος

264 2617 332 2669 τὰ
355 2617 573 2670 τοιαῦτα
594 2635 606 2648 ·
647 2617 878 2671 κᾶπειτα
909 2618 1184 2686 σοφίζεται
1219 2616 1316 2686 τὴν
1351 2615 1410 2679 ἐξ
1447 2614 1610 2669 αὐτοῦ
1647 2615 1827 2668 παιδο-

267 2709 472 2762 ποιῒαν·
511 2707 583 2778 μὴ
623 2707 840 2772 δείξασα
883 2708 1012 2774 γοῦν
1045 2707 1241 2776 ἑαυτὴν
1272 2706 1353 2768 τίς
1391 2721 1520 2757 ποτε
1563 2701 1651 2775 ἦν,
1703 2721 1826 2756 συν-

264 2800 436 2854 ελθεῖν
468 2800 614 2870 αύτῷ
644 2802 976 2870 μηχανᾶται·
1013 2799 1146 2865 ὁμοῦ
1180 2799 1238 2850 τὸ
1275 2797 1490 2868 σῶφρον.
1516 2798 1574 2851 τὺ
1609 2798 1823 2868 ἑαυτῆς,

264 2893 511 2946 κάκείνου
553 2893 614 2944 τὸ
654 2893 889 2963 ἀκρατὲς
931 2892 1334 2962 ἀπελέγχουσα·
1369 2893 1401 2962 ἠ
1453 2890 1550 2960 μὲν
1583 2890 1690 2960 γὰρ
1722 2908 1824 2960 μα-

263 2988 414 3056 κροῖς
489 2983 660 3038 ἔτεσιν
706 2983 852 3054 αύτῷ
915 2984 1244 3053 πειθομένη,
1314 2985 1455 3052 χήρα
1525 2983 1616 3034 καὶ
1663 2982 1827 3045 ἄπαις

1917 494 2078 540 stum.
2107 484 2362 538 Servatur
2409 486 2550 538 extim
2600 475 2829 539 servatis
2865 485 3116 553 gentibus
3154 500 3481 557 praeverten-

1916 577 2018 631 dus
2059 585 2192 631 erat.

2642 647 2754 701 Vll.

1917 735 2026 811 Cur
2056 738 2334 792 Thamarre
2365 740 2510 807 facta
2545 744 2820 811 mentione,
2855 743 3055 794 nullam
3085 752 3339 811 pm’terea
3363 761 3480 799 mu-

1987 809 2165 860 lierem
2201 811 2680 863 commemorauerit
2713 810 2997 867 Matt/treus
3029 809 3292 880 {actorum
3327 816 3480 870 laude

1988 880 2269 933 illustrem.

1989 971 2039 1023 l.
2070 971 2391 1026 'l‘hamaram
2443 973 2488 1027 si
2530 972 2654 1042 quis
2691 988 2787 1027 ceu
2821 975 3161 1028 meretricem
3198 973 3483 1032 traducere

1920 1060 2121 1121 studet.
2180 1061 2226 1115 is
2276 1063 2459 1116 audiat
2515 1044 2709 1117 iludam
2765 1063 3032 1118 dicentem
3076 1084 3087 1118 :
3137 1083 3156 1116 ι
3208 1063 3483 1149 Ἠιοῐηαω

1915 1149 2116 1217 justior
2145 1165 2229 1205 me
2267 1160 2370 1217 est,
2408 1154 2501 1221 qui
2553 1170 2661 1207 non
2706 1171 2822 1209 eam
2877 1157 3072 1211 tradidi
3124 1158 3330 1212 Silomo
3375 1159 3485 1214 ﬁlio

1922 1254 2042 1293 meo
2083 1242 2146 1293 ’⁷.
2187 1260 2204 1292 t
2239 1241 2391 1296 llaud
2425 1245 2568 1297 enim
2617 1243 2916 1300 fornicandi
2951 1261 3114 1302 causa
3164 1251 3403 1318 prostitit
3428 1253 3485 1306 in

1921 1330 2079 1393 cella,
2117 1331 2209 1384 sed
2245 1333 2443 1400 pudico
2474 1336 2706 1389 consilio
2751 1346 2803 1390 et.
2853 1338 3145 1392 liberorum
3186 1343 3358 1408 gratia
3388 1339 3488 1396 Ju-

1921 1421 2044 1474 dam
2075 1434 2267 1476 venata
2296 1432 2399 1478 est.
2439 1427 2622 1494 Neque
2646 1427 2717 1481 rei
2740 1441 2907 1482 causa
2947 1428 3094 1483 latet.
3121 1430 3256 1486 Huic
3286 1433 3487 1502 quippe

1921 1510 2090 1568 ludas
2113 1514 2467 1569 mandaverat
2495 1516 2640 1570 domi
2673 1525 2730 1570 ut
2750 1527 3016 1580 maneret,
3038 1519 3212 1574 donec
3249 1521 3487 1577 Silomus

1922 1601 2258 1657 adolesceret
2287 1603 2431 1659 ﬁlius
2463 1619 2636 1666 suus..
2651 1607 2741 1676 qui
2768 1622 2886 1660 eam
2915 1608 3118 1662 deinde
3143 1625 3364 1665 uxorem
3388 1611 3489 1665 du-

1923 1703 2088 1748 ceret.
2125 1697 2243 1763 lpsa
2268 1711 2396 1750 vero
2423 1698 2678 1751 alacriter
2707 1699 3193 1769 obtemperaverat,
3230 1704 3490 1759 sterilita-

1929 1785 1996 1838 tis
2018 1785 2230 1854 patiens
2253 1794 2415 1855 atque
2442 1788 2746 1849 viduitatis,
2773 1787 2927 1843 Iuda:
2961 1793 3350 1860 sponsionibus
3378 1795 3489 1850 l're-

1927 1885 2000 1929 ta.
2029 1875 2134 1930 Sed
2167 1879 2311 1932 enim
2340 1895 2464 1933 cum
2491 1880 2580 1933 hic
2613 1881 2881 1949 promissa
2907 1897 3015 1936 non
3049 1883 3276 1945 faceret,
3311 1885 3400 1939 illa
3428 1886 3492 1940 li-

1926 1968 2179 2023 berorum
2222 1970 2492 2025 desiderio
2524 1975 2749 2041 percita,
2779 1976 2922 2044 quod
2949 1992 3138 2030 eorum
3185 1985 3496 2048 temporum

1927 2061 2175 2116 homines
2211 2066 2442 2119 maxime
2475 2066 2721 2134 urgebat,
2765 2069 3104 2122 sterilitatem
3163 2070 3218 2124 in
3264 2074 3494 2129 summis

1929 2154 2088 2208 malis
2124 2156 2282 2224 vulgo
2326 2173 2527 2226 ponere
2557 2159 2783 2223 solitos;
2813 2176 2980 2229 seque
3015 2176 3045 2214 a
3084 2159 3223 2216 Juda
3246 2163 3491 2218 delusam

1929 2245 2192 2309 sentiens,
2225 2246 2539 2317 frustraque
2576 2249 2724 2318 spem
2755 2252 2806 2304 in
2837 2252 2956 2320 ejus
2989 2253 3099 2308 tilio
3134 2255 3489 2322 collocatam;

1928 2336 2044 2405 ipsa
2075 2337 2176 2390 sibi
2215 2338 2390 2392 virum
2424 2341 2703 2404 conciliat,
2737 2343 2887 2395 nulla
2930 2344 3106 2397 adhuc
3139 2345 3253 2416 lege
3295 2346 3495 2418 llloysis

1928 2438 2018 2481 aut
2047 2430 2433 2499 prophetarum
2472 2441 2564 2486 aut
2584 2434 2877 2504 cujuslibet
2907 2436 3143 2491 hominis
3172 2427 3228 2492 id
3256 2439 3518 2493 t‘et‘ante.‘

1929 2521 2064 2575 Tum
2101 2526 2332 2580 sOlerter
2360 2526 2632 2596 excogitat
2665 2543 2902 2596 quanam
2944 2529 3154 2584 ratione
3179 2545 3245 2584 ex
3281 2529 3401 2601 ipso
3432 2533 3497 2586 li»

1929 2615 2090 2670 beros
2125 2617 2410 2687 suscipiat.
2447 2616 2587 2688 Ergo
2615 2621 2789 2674 celata
2850 2620 3162 2676 conditione
3194 2637 3292 2676 sua
3331 2624 3496 2678 struit

1928 2705 2156 2762 insidias
2181 2716 2238 2760 ut
2262 2723 2384 2762 cum
2408 2725 2472 2762 eo
2503 2726 2614 2764 rem
2643 2711 2837 2764 habeat
2857 2753 2871 2777 ,
2895 2712 3055 2766 simul
3083 2715 3498 2783 temperantiam

1928 2813 2080 2852 suam
2111 2808 2274 2870 atque
2300 2801 2447 2857 illius
2472 2803 2922 2858 incontinentiam
2959 2814 3305 2876 coargutura.
3332 2805 3497 2860 Nam-

1929 2905 2032 2958 que
2065 2891 2179 2960 ipsa
2212 2891 2339 2945 dum
2376 2894 2563 2948 nudtis
2608 2894 2766 2948 annis
2811 2895 2888 2948 illi
2940 2895 3498 2966 obtemperathvidua

1931 2983 2242 3053 sterilisque
2293 2991 2670 3053 permanserat
2705 3005 2718 3039 :
2755 3002 2988 3056 cumque
3015 2985 3065 3041 ei
3095 2985 3327 3044 facultas
3353 3002 3500 3046 esset

262 3076 536 3146 διέμενεν·
594 3075 726 3129 ἀλλὰ
771 3077 864 3128 καὶ
918 3075 1089 3145 παρὸν
1141 3071 1418 3142 γήμασθαι
1466 3073 1670 3144 ἑτέρῳ,
1732 3073 1825 3125 καὶ

1932 3075 2167 3129 nubendi
2204 3075 2382 3139 alteri,
2411 3080 2680 3148 matrique
2728 3077 2840 3133 fieri
2882 3080 3178 3134 liberorum
3215 3097 3280 3135 ex
3303 3081 3499 3151 quovis

261 3169 465 3220 τέκνων
518 3167 727 3238 μητέρα
780 3167 842 3219 ἑκ
897 3183 1039 3229 τινος
1113 3162 1430 3232 ἁλλογενοῦς
1496 3162 1828 3231 καταστῆναι

262 3258 472 3329 ἀνδρὸς,
492 3259 552 3310 ού
578 3259 716 3310 ποιεῖ
741 3255 898 3309 τοῦτο
919 3272 931 3284 ·
968 3255 1066 3324 τῆς
1090 3254 1195 3306 τῶν
1222 3253 1496 3326 προγόνων
1521 3252 1612 3304 τοῦ
1643 3251 1828 3313 Ἰούδα,

275 3349 524 3421 Ἀϐραὰμ
578 3351 669 3402 καὶ
710 3348 911 3412 Ἰσαὰκ,
962 3347 1143 3416 καὶδὴ
1194 3347 1285 3400 καὶ
1326 3345 1426 3414 τῆς
1484 3343 1577 3397 τοῦ
1619 3343 1832 3414 Ἰσραὴλ

265 3442 582 3509 συγγενείας
615 3440 891 3510 ἐφιεμένη·
927 3441 954 3492 ὁ
983 3438 1038 3490 δὲ
1066 3436 1316 3508 χηρεύειν
1344 3437 1440 3506 τὴν
1465 3435 1629 3488 παῖδα
1663 3451 1832 3486 κατα-

260 3532 435 3585 λιπὼν
459 3573 472 3596 ,
511 3533 604 3585 καὶ
648 3532 814 3602 κόρην
866 3530 1069 3586 ἄπαιδα
1108 3529 1202 3582 ἐπὶ
1239 3528 1481 3599 μακροὺς
1525 3527 1833 3596 ἀναρτήσας

264 3628 509 3697 χρόνους,
539 3628 634 3696 οὐχ
668 3619 777 3688 οἷός
809 3642 867 3676 τε
898 3619 965 3694 ἦν
991 3624 1207 3694 κρατεῖν
1233 3620 1423 3674 ἑαυτοῦ
1449 3620 1584 3690 μετὰ
1607 3619 1704 3690 τὴν
1731 3617 1832 3686 τῆς

263 3720 521 3788 γυναικὸς
553 3721 834 3788 τελευτήν·
879 3717 994 3770 ἀλλ’
1028 3717 1142 3785 ἅμα
1186 3714 1410 3786 τελευτᾷ
1448 3716 1481 3784 ή
1529 3713 1622 3766 τοῦ
1667 3710 1832 3764 Ἰούδα

265 3814 426 3884 γυνὴ,
465 3812 600 3874 ὁ-δὲ,
637 3809 859 3882 μηδενός
895 3825 1010 3870 πως
1043 3807 1206 3877 νόμου
1239 3805 1347 3870 τῶν
1388 3805 1603 3858 τοιῶνδε
1644 3801 1834 3872 ἀπείρ-

263 3919 480 3968 γοντος,
517 3902 717 3972 πόρνην
766 3895 1048 3952 ὑπολαϐὼν
1080 3897 1176 3966 τὴν
1224 3895 1536 3966 εἰρημένην,
1583 3893 1834 3964 ἡλίσκετο

268 3995 406 4064 πρὸς
437 3993 603 4062 αὐτῆς
631 3993 690 4044 οὐ
727 3991 906 4044 δίκαια
952 3991 1235 4061 πράττων·
1271 3989 1352 4040 ὅτι
1383 3987 1445 4056 δὴ
1476 3985 1712 4048 τοιοῦτος
1759 3984 1834 4037 ὣν

270 4085 433 4148 αὐτὸς
481 4084 578 4154 τὴν
628 4084 718 4136 ἐπὶ
754 4085 979 4154 μακροῖς
1021 4081 1163 4134 ἔτεσι
1193 4079 1290 4142 τὰς
1329 4078 1646 4147 ὑποσχέσεις
1681 4077 1831 4130 ἐκδε-

271 4177 509 4246 ξαμένην
537 4175 632 4238 τὰς
668 4174 850 4237 αὐτοῦ,
887 4173 1169 4242 φιλόσοφόν
1207 4188 1265 4223 τε
1299 4171 1391 4223 καὶ
1445 4169 1690 4241 σώφρονα
1726 4169 1835 4238 βίον

265 4267 727 4338 ἐπιδεδειγμένην,
768 4266 1054 4335 ἀπεστέρει
1088 4262 1177 4318 του
1213 4263 1338 4334 περὶ
1379 4261 1470 4332 τὴν
1497 4259 1838 4314 παιδοποιῖαν

268 4357 505 4431 καρποῦ.

1931 3166 2253 3235 alienigena,
2290 3183 2397 3220 non
2431 3171 2664 3235 tulerat;
2696 3169 2791 3225 sed
2818 3170 2973 3226 Iudae
2997 3173 3288 3242 majorum,
3319 3173 3496 3229 Abra-

1931 3257 2074 3312 hami
2090 3271 2304 3327 nempe,
2319 3258 2486 3312 lsaaci
2504 3268 2662 3330 atque
2682 3261 3272 3336 lsraelis,cognationes
3289 3268 3500 3322 malue-

1932 3356 2035 3400 rat.
2082 3348 2285 3402 Contra
2331 3349 2379 3403 is
2413 3351 2502 3418 qui
2561 3351 2724 3405 tiliam
2777 3352 2832 3405 in
2867 3354 3128 3409 viduitate
3180 3355 3496 3425 reliquerat,

1931 3437 2283 3508 sterilemque
2336 3440 2567 3507 puellam
2602 3441 2655 3494 iu
2688 3442 2906 3512 longum
2943 3453 3157 3514 tempus
3187 3445 3498 3511 distulerat,

1932 3541 2235 3600 temperare
2262 3532 2366 3586 sibi
2404 3548 2510 3586 non
2537 3535 2711 3602 potuit
2738 3545 2858 3604 post
2892 3539 3078 3592 uxoris
3109 3540 3340 3596 obitum.
3365 3537 3500 3594 Nam

1933 3626 2115 3678 statim
2153 3640 2216 3678 ac
2245 3624 2398 3679 Iuda:
2422 3641 2558 3680 uxor
2579 3625 2832 3681 defuncta
2871 3629 3042 3693 est,is
3071 3630 3219 3684 nulla
3270 3631 3502 3687 fortasse

1932 3714 2049 3785 lege
2080 3729 2193 3768 rem
2227 3714 2498 3784 ejusmodi
2548 3717 2868 3787 prohibente
2906 3717 3040 3789 (l5),
3068 3719 3195 3772 dum
3241 3718 3501 3774 feminam

1935 3807 2278 3861 meretricem
2312 3821 2436 3863 esse
2467 3809 2768 3871 existimat,
2803 3809 2870 3862 ab
2899 3825 2983 3872 ea,
3027 3811 3115 3864 cui
3149 3809 3327 3864 fuerat
3352 3810 3501 3880 inju-

1932 3901 2068 3962 rius,
2092 3900 2352 3972 deceptus
2377 3912 2461 3957 est
2490 3923 2502 3956 :
2545 3904 2634 3972 qui
2662 3913 2768 3958 tam
2802 3905 3012 3959 lubrico
3043 3907 3258 3976 ingenio
3305 3905 3502 3976 praedi-

1934 4000 2047 4057 tus,
2079 3995 2314 4063 puellam
2339 4003 2419 4048 tot
2461 3996 2573 4064 jam
2620 3996 2779 4051 annis
2811 3998 3268 4066 promissionibus
3290 3998 3411 4067 ejus
3436 3997 3500 4050 li-

1935 4082 2174 4146 dentem,
2205 4092 2258 4138 et
2289 4085 2545 4139 solitaria:
2594 4086 3022 4157 temperantique
3062 4087 3182 4143 vita:
3235 4085 3498 4151 deditam,

1936 4175 2233 4229 liberorum
2262 4174 2441 4228 fructu
2473 4177 2736 4248 privabat.

347 4453 407 4521 β’.
441 4450 619 4522 Ταύτῃ
644 4447 734 4504 οὖν
761 4450 851 4502 τὸν
890 4449 1057 4520 ἄνδρα
1087 4447 1343 4510 ὑποδῦσα,
1374 4449 1434 4499 ἐκ
1465 4445 1683 4517 πρώτης
1709 4447 1827 4514 ὁμι-

2005 4445 2058 4498 2.
2088 4444 2180 4500 Sic
2232 4463 2361 4517 ergo
2413 4446 2704 4509 'l‘hamara,
2739 4449 2974 4518 peractis
3021 4448 3250 4519 nuptiis,
3276 4449 3504 4519 gemina:

264 4546 388 4606 λίας
420 4543 634 4614 διδύμου
667 4542 827 4611 γονῆς
873 4540 931 4605 ἐξ
972 4539 1133 4594 αύτοῦ
1163 4540 1368 4607 γίνεται
1418 4540 1617 4608 μήτηρ,
1648 4535 1836 4589 τοῦτον

270 4639 412 4705 αὐτῇ
445 4634 536 4688 τοῦ
562 4632 694 4687 Θεοῦ
726 4633 931 4704 καρπὸν
963 4632 1058 4702 τῆς
1087 4629 1295 4703 ἀγαθῆς
1325 4630 1632 4700 προθέσεως
1676 4629 1834 4682 ἕνεκα

267 4727 676 4798 ὁτδωρημένου·
729 4723 903 4796 παρὸν
953 4722 1058 4792 γὰρ
1110 4721 1286 4783 ἄλλοις
1333 4722 1530 4791 ἑαυτὴν
1572 4721 1831 4788 ἀγαγεῖν,

269 4819 368 4872 καὶ
389 4819 588 4889 ἑτέροις
614 4813 923 4882 ἀλλοφύλοις
949 4814 1040 4864 καὶ
1067 4811 1285 4864 ἀσεϐέσι
1310 4810 1660 4881 συναψθῆναι,
1679 4809 1835 4863 τοῦτο

274 4914 377 4982 μὲν
414 4912 474 4964 ού
509 4909 752 4980 διενοήθη
773 4923 786 4936 ⁸
820 4906 913 4958 τοῦ
942 4905 997 4958 δὲ
1024 4903 1129 4956 τῶν
1168 4902 1425 4972 Θεοφιλῶν
1458 4903 1643 4970 γένους
1671 4903 1834 4973 εὐχὴν

271 5005 474 5076 Θεμένη
509 5001 926 5070 καταξιωθῆναι,
979 4999 1177 5069 καίπερ
1221 4993 1353 5050 οὖσα
1395 4995 1706 5065 ἀλλόιρυλος,
1738 4996 1834 5066 τὴν

269 5083 536 5165 τοσαύτην
573 5092 1000 5147 συνεσκευάσατο
1049 5089 1516 5163 δραματουργίαν·
1573 5089 1633 5140 ού
1699 5087 1834 5158 πρό-

271 5205 431 5259 τερον
473 5188 526 5242 δὲ
574 5189 606 5257 ή
655 5186 852 5255 Θάμαρ
885 5183 1082 5253 ἐτόλμα
1139 5185 1389 5253 παρεῖναι
1444 5179 1536 5233 ἐτιί
1581 5179 1676 5250 τὴν
1739 5179 1833 5232 τοῦ

347 5325 392 5356 ’⁷
430 5323 564 5377 Gen.
603 5338 804 5376 xxxvnt
829 5362 842 5383 ,
873 5319 962 5374 26.

350 5432 463 5504 (l5)
502 5431 662 5504 Quod
682 5432 757 5485 ait
785 5429 1050 5486 Eusebius
1081 5429 1238 5504 nulla
1261 5427 1501 5504 fortasse
1522 5425 1697 5504 adhuc
1721 5428 1833 5499 lege

277 5497 607 5575 prohibitum
631 5501 811 5575 fuisse
834 5518 862 5555 a
889 5499 1181 5575 scortando
1210 5497 1429 5575 ludam,
1451 5499 1502 5552 id
1532 5497 1833 5567 intelligen-

279 5569 408 5630 dum
431 5585 512 5629 est
533 5573 600 5627 de
629 5574 744 5642 lege
768 5573 910 5641 apud
932 5570 1250 5642 Palaestinos
1285 5569 1522 5642 publica,
1553 5584 1671 5637 quae
1696 5585 1832 5642 non:

279 5645 407 5718 dum
464 5639 704 5700 fortasse
749 5639 1025 5713 proposita
1086 5639 1279 5718 fuerat.
1316 5639 1658 5708 Czeteroquin
1688 5641 1830 5718 apud

283 5717 571 5786 plerasque
621 5711 808 5784 gentes
852 5711 1025 5782 atque
1078 5711 1225 5764 omni
1279 5719 1518 5780 tempore
1568 5711 1829 5764 scortatio

589 5807 861 5867 Ρλτιιοι..
893 5806 1009 5866 Gn.
1049 5802 1248 5863 XXII.

1938 4538 2120 4592 statim
2153 4539 2321 4608 prolis
2369 4547 2542 4592 mater
2566 4540 2772 4606 evasit;
2809 4540 2911 4594 hoc
2953 4540 3026 4593 illi
3052 4541 3332 4609 praemium
3373 4541 3502 4596 boni

1937 4632 2202 4700 propositi
2241 4632 2503 4700 largiente
2537 4631 2666 4686 Deo.
2701 4631 2830 4696 Quae
2871 4633 3014 4685 enim
3045 4633 3168 4687 aliis
3189 4646 3248 4686 se
3289 4631 3502 4686 tradere

1938 4728 2219 4789 potuerat,
2265 4730 2437 4790 atque
2501 4723 2725 4777 amasiis
2793 4723 3112 4792 alienigenis
3158 4723 3503 4792 ethnicisquo

1939 4813 2042 4867 frui
2069 4852 2084 4876 ,
2110 4813 2241 4866 nihil
2261 4813 2534 4883 ejusmodi
2577 4815 2763 4869 molita
2792 4824 2913 4870 est:
2952 4815 3045 4869 sed
3073 4814 3256 4884 potius
3293 4815 3504 4885 rogavit

1938 4912 1996 4957 ut
2023 4905 2238 4975 piorum
2273 4906 2552 4960 hominum
2581 4923 2775 4976 genere
2805 4909 2964 4977 digna
2995 4906 3162 4960 ﬁeret.
3187 4904 3253 4959 Et
3282 4904 3502 4976 quidem

1936 5011 2060 5048 cum
2083 4996 2198 5064 ipsa
2237 5005 2381 5050 esset
2403 4997 2572 5066 stirpe
2603 4997 2925 5067 alienigena,
2956 4996 3116 5050 talem
3141 5003 3360 5066 tamque
3386 4995 3505 5048 lau-

1937 5085 2170 5142 dabilem
2229 5103 2512 5159 personam
2594 5090 2873 5145 sustinuit.
2937 5085 3298 5158 Praeterquam
3358 5085 3502 5157 quod

1937 5181 2206 5236 Thamara
2235 5181 2378 5235 haud
2408 5179 2560 5251 prius
2595 5195 2728 5236 ausa
2749 5189 2835 5236 est
2871 5193 2983 5235 rem
3017 5179 3216 5234 habere
3243 5193 3368 5233 cum
3403 5175 3502 5232 Ju-

1975 5426 2266 5496 ropudioﬁsa
2300 5425 2401 5481 fuit
2434 5435 2486 5481 et
2519 5425 2729 5496 illicita.
2761 5422 2948 5496 Neque
2973 5424 3024 5478 id
3048 5437 3268 5496 mirum,
3292 5421 3506 5476 dicente

1975 5442 2266 5496 ropumosa
2300 5442 2401 5481 luit
2434 5442 2486 5481 et
2519 5442 2726 5479 nucua.
2762 5442 3024 5492 nequem
3048 5442 3268 5488 mirum,
3292 5442 3505 5476 (licente

1935 5442 2103 5550 Baulo
2131 5495 2148 5548 Ι
2185 5495 2312 5552 Cor.
2365 5513 2438 5559 vt,
2463 5496 2547 5561 l8,
2587 5497 2672 5572 qui
2703 5494 3020 5572 fornicatur,
3051 5495 3104 5546 in
3135 5508 3323 5572 corpus
3351 5506 3505 5572 suum

1933 5577 2143 5634 peccat,
2197 5583 2304 5635 quo
2356 5560 2540 5636 super
2577 5560 2726 5621 dicto
2775 5565 2973 5636 legesis
3009 5560 3506 5633 'sancti‘Gregorii

1934 5636 2163 5693 stseni
2201 5638 2519 5692 orationem.

3118 5793 3194 5854 ‘29
