3890 6198
548 323 652 378 907

1263 314 1536 374 EUSEBII
1571 313 2050 372 CESARIENSIS
2087 312 2238 369 OPP.
2279 310 2460 366 PARS
2492 308 2583 364 lll.
2617 340 2690 352 --
2726 307 3132 369 EXEGETICA.
3643 318 3724 376 903

547 442 640 507 da,
672 457 836 513 quam
880 439 1042 509 hujus
1066 453 1204 492 uxor
1237 437 1374 492 obiit
1408 457 1420 492 :
1465 452 1570 508 qua
1616 436 1858 492 nondum
1916 435 2112 490 exstin-

2235 433 2400 486 Ἰούδα
2428 430 2739 495 κοινωνίαν,
2768 431 2802 501 ἦ
2841 429 3083 483 ἐκποδὼν
3114 430 3361 499 γενέσθαι
3394 431 3486 503 τὴν
3514 437 3727 506 προτέραν

546 543 657 595 cta,
685 532 790 587 tale
828 528 957 598 quid
984 526 1201 598 aggredi
1235 527 1389 584 nefas
1407 544 1528 583 esse
1553 535 1857 599 putaverat.
1895 525 2123 580 Mansis-

548 629 632 675 set
663 620 845 687 itaque
895 618 1071 687 patria
1121 616 1176 669 in
1210 616 1373 671 domo
1400 618 1485 671 vel
1518 625 1782 688 perpetuo
1827 616 2121 672 liberorum

545 726 764 780 expers,
814 709 922 762 nisi
963 709 1314 764 occasionem
1366 709 1470 766 sibi
1517 708 1699 765 favere
1747 709 2119 780 cognovisset;

547 803 799 872 ideoque.
831 809 890 855 ut
912 801 1046 866 dixi,
1090 800 1200 857 Deo
1230 818 1328 858 usa
1367 812 1453 858 est
1481 803 1750 873 adjutore,
1782 807 1873 874 qui
1906 819 1970 858 ex
2012 819 2123 857 uno

546 909 669 947 cum
701 891 841 945 Juda
873 907 1171 962 congressu
1205 894 1445 963 gemellae
1489 894 1654 964 prolis
1709 894 2043 948 cumulatum
2072 894 2120 948 ei

545 986 776 1056 largitus
797 994 880 1040 cst
909 985 1182 1042 fructum:
1213 986 1376 1041 simul
1407 985 1461 1041 in
1484 986 1782 1041 liberorum
1818 986 2124 1058 generatio-

545 1096 614 1134 ne
670 1096 925 1133 arcanam
983 1079 1308 1133 machinans
1359 1079 1757 1150 providentiam
1802 1079 1920 1133 :ob
1957 1094 2119 1150 quam

543 1172 891 1242 potissimum
926 1172 1179 1226 existimo
1208 1171 1278 1226 ab
1311 1171 1515 1243 inclyte
1538 1172 1867 1242 evangelista
1901 1185 2118 1226 omnem

543 1265 710 1332 hujus
741 1263 818 1318 rei
850 1264 1180 1318 mentionem
1214 1263 1269 1317 in
1317 1264 1628 1318 Servatoris
1663 1263 1837 1319 nostri
1864 1263 2120 1334 genealo-

543 1355 630 1426 gia
655 1356 824 1409 fuisse
854 1355 1329 1423 comprehensam.
1358 1353 1616 1410 Gemellis
1647 1355 1792 1410 enim
1820 1370 1851 1409 e
1883 1353 2119 1408 Thama-

542 1467 603 1504 ra
635 1449 778 1504 natis
811 1448 999 1502 liberis
1030 1446 1166 1500 Zara
1191 1455 1245 1501 et
1273 1447 1498 1511 Phares,
1526 1463 1632 1500 non
1673 1449 1926 1517 vulgares
1955 1462 2119 1501 even-

543 1551 634 1596 tus
675 1541 889 1594 videtur
923 1540 1054 1592 mihi
1089 1555 1152 1592 ex
1194 1539 1388 1592 horum
1422 1540 1777 1609 generatione
1833 1539 2116 1610 Scriptura

543 1632 888 1710 portendere.
923 1634 1097 1700 Atque
1129 1630 1334 1685 ideirco
1367 1629 1649 1687 Matthmus
1681 1633 1966 1688 amborum
1991 1648 2113 1687 cum

542 1707 714 1792 matre
759 1721 1004 1775 meminit
1037 1721 1122 1775 his
1147 1720 1327 1775 verbis
1354 1740 1367 1775 :
1395 1739 1412 1772 ι
1431 1720 1602 1776 Judas
1624 1723 1809 1792 genuit
1829 1721 2034 1778 Phares
2061 1732 2116 1778 et

2226 523 2388 578 αὑτοῦ
2428 524 2706 594 γαμετήν·
2746 522 2852 594 πρὸ
2884 523 2977 576 τοῦ
3018 522 3217 594 ταύτης
3259 521 3478 578 θανάτου
3515 525 3600 597 οὐχ
3620 527 3730 584 ὅσων

2223 616 2502 688 ἡγουμένη
2535 615 2595 667 τὸ
2623 614 2959 686 ἐπιχείρημα
2983 631 2995 643 '
3031 614 3189 686 ἔμενε
3219 615 3349 684 γοῦν
3387 619 3507 688 παρ’
3531 618 3668 691 ἑαυτῇ
3690 623 3733 674 ἐν

2222 708 2301 780 τῷ
2332 709 2464 779 οἴκῳ
2495 705 2588 760 τοῦ
2613 706 2819 780 πατρὸς
2845 707 3033 778 αὐτῆς,
3061 708 3259 779 καίπερ
3285 703 3419 762 οὖσα
3443 708 3637 774 ἄτεκνος
3653 711 3734 765 κᾶν

2226 800 2385 872 μέχρι
2419 800 2602 863 τέλους
2627 799 2794 863 ἄπαις
2820 799 3085 871 διέμενεν.
3125 802 3172 853 εί
3207 801 3285 873 μὴ
3315 802 3405 855 τὸν
3436 802 3602 874 καιρὸν
3624 806 3730 876 αύτῇ

2225 891 2581 945 ωλλαόέσθαι
2631 893 2904 962 ἡγήσατο·
2943 891 3022 946 διὸ
3067 891 3152 962 δὴ,
3199 893 3276 956 ὡς
3306 892 3455 962 ἔφην,
3487 893 3603 947 Θεοῦ
3633 911 3736 948 κατ-

2223 983 2464 1048 αξιοῦται
2503 983 2787 1056 συνεργοῦ,
2817 985 2873 1047 δς
2906 986 2968 1037 ἐκ
3008 987 3134 1055 μιᾶς
3167 983 3262 1037 τοῦ
3297 985 3458 1038 Ἰούδα
3485 988 3731 1052 κοινωνίας,

2222 1075 2426 1130 παίδων
2477 1077 2617 1148 αὐτῇ
2671 1076 2862 1130 διττῶν
2912 1077 3123 1148 ἁθρόως
3174 1078 3480 1149 ἐδωρήσατο
3529 1081 3732 1153 κᾳρπὸνο

2219 1167 2355 1239 ὁμοῦ
2406 1168 2534 1239 περὶ
2580 1167 2677 1239 τήν
2713 1166 2822 1221 τῶν
2870 1167 3073 1221 παίδων
3107 1168 3340 1244 ,γένεσιν
3399 1169 3736 1242 μυστηριώδεις

2220 1260 2477 1314 ἐπιτελῶν
2509 1261 2850 1332 οἰκονομίας·
2892 1260 2960 1314 δι’
2993 1260 3059 1323 ἃς
3103 1262 3197 1314 καὶ
3230 1257 3382 1332 οἶμαι
3425 1261 3629 1332 μάλιστα
3665 1264 3735 1316 τὸν

2220 1351 2518 1422 Θαυμάσιον
2565 1351 2952 1424 εύαγγελιστὴν
2985 1353 3082 1424 τὴν
3133 1355 3312 1408 πᾶσαν
3365 1355 3566 1426 μνήμην
3593 1354 3734 1408 αὐτῶν

2219 1447 2284 1516 τῇ
2327 1443 2420 1497 τοῦ
2470 1445 2717 1515 Σωτῆρος
2762 1444 2922 1514 ήμῶν
2973 1445 3398 1518 συμπεριλαϐεῖν
3437 1447 3729 1518 γενεαλογία⁸

2218 1537 2454 1608 διδύμων
2483 1536 2592 1608 γὰρ
2641 1537 2845 1591 παίδων
2903 1537 2960 1604 ἐξ
3015 1539 3183 1609 αὐτῆς
3240 1540 3645 1611 γενομένων,τοῦ
3683 1558 3729 1594 τι

2219 1632 2367 1702 Ζαρᾶ
2397 1632 2490 1684 καὶ
2520 1629 2615 1682 τοῦ
2643 1630 2836 1701 Φαρὲς,
2868 1630 2928 1682 ού
2951 1629 3018 1683 τὰ
3041 1632 3272 1700 τυχόντα
3303 1650 3392 1704 μοι
3420 1631 3553 1686 δοκεῖ
3575 1635 3628 1686 ἐκ
3654 1633 3729 1703 τῆς

2217 1721 2421 1774 τούτων
2459 1720 2726 1789 γενέσεως
2765 1723 2792 1774 6
2825 1721 2924 1792 τῆς
2967 1721 3190 1793 Γραφῆς
3226 1724 3542 1778 αἰνίττεσθαι
3583 1725 3730 1792 λόγος’

543 1813 735 1866 Zaram
757 1811 823 1865 de
841 1811 1097 1864 Thamar.
1125 1830 1142 1862 ι
1164 1810 1274 1864 Cur
1296 1810 1444 1865 enim
1462 1812 1510 1865 ei
1531 1827 1639 1866 non
1670 1811 1880 1867 suffecit
1908 1812 2111 1876 dicere,

2216 1812 2296 1865 διὸ
2333 1813 2426 1865 καὶ
2472 1813 2669 1882 ἀμφοῖν
2723 1813 3091 1883 μνημονεῦσαι
3135 1792 3229 1867 τὸν
3270 1816 3532 1870 Ματθαῑον
3572 1819 3651 1888 τῆς
3685 1835 3730 1871 τε

540 1905 709 1959 Judas
743 1905 929 1973 genuit
970 1902 1214 1956 Phares?
1241 1904 1609 1973 praetermisso
1639 1903 1776 1957 Zara
1804 1945 1819 1968 ,
1846 1904 1991 1975 quod
2037 1903 2108 1959 fc-

542 2001 618 2052 cit
650 1999 704 2052 in
754 1996 980 2062 Jacobo,
1012 2011 1120 2067 quo
1175 2012 1286 2050 uno
1336 2005 1658 2063 memorato,
1717 1993 1952 2051 Esavum
1994 1996 2116 2050 reti-

543 2092 676 2146 cuit.

610 2363 663 2416 '5.
697 2361 860 2416 Addit
886 2361 1049 2417 etiam
1081 2377 1147 2416 ex
1181 2373 1288 2431 qua
1324 2367 1500 2412 matre
1531 2356 1642 2412 sint
1670 2356 1805 2418 nati,
1840 2369 2032 2425 nempe
2051 2369 2114 2407 ex

543 2455 812 2510 Thamara
858 2476 868 2510 ε
926 2454 1126 2524 quibus
1182 2452 1361 2508 verbis
1414 2451 1663 2504 hortatur
1720 2444 2118 2518 quodammodo

541 2565 642 2602 nos
681 2549 743 2602 ad
770 2545 1226 2602 considerandam
1277 2545 1470 2597 horum
1523 2540 1834 2595 historiam.
1875 2540 1985 2608 Age
2033 2553 2118 2591 ve-

541 2657 604 2694 ro
665 2640 719 2695 in
781 2639 978 2694 Genesi
1032 2635 1246 2707 Moyses
1293 2636 1407 2690 hate
1453 2634 1572 2687 ait:
1607 2651 1624 2682 ι
1659 2629 1794 2685 Cum
1830 2630 1943 2698 jam
1974 2635 2117 2683 esset

542 2735 786 2803 paritura
835 2730 1128 2790 Thamara,
1182 2727 1394 2796 gemelli
1441 2731 1599 2780 erant
1641 2723 1697 2776 in
1747 2731 1902 2775 utero
1949 2720 2112 2788 ejus:

540 2827 779 2892 dumque
803 2829 1036 2889 Parcrct,
1056 2836 1197 2874 unus
1224 2818 1451 2888 protulit
1477 2829 1723 2876 manum,
1755 2829 1862 2884 qua
1898 2819 2117 2881 arrepta

540 2915 808 2969 obstetrix
857 2913 1100 2982 alligavit
1134 2911 1182 2965 ei
1239 2909 1527 2964 coccinum
1559 2908 1751 2962 dicens
1784 2926 1796 2961 :
1837 2905 1936 2960 llic
1967 2906 2118 2974 prior

540 3006 730 3064 exibit.
765 3005 868 3060 Sed
901 3005 1045 3059 enim
1077 3018 1142 3058 eo
1163 3002 1474 3057 retrahente
1499 3016 1740 3064 manum,
1776 2999 1960 3054 statim
1984 2998 2116 3054 exiit

540 3100 706 3156 frater
729 3096 867 3164 ejus.
901 3096 1096 3164 Aitque
1147 3094 1381 3148 mulier:
1414 3093 1524 3148 Cur
1557 3091 1732 3146 divisa
1770 3097 1855 3146 est
1892 3098 2115 3160 propter

539 3201 594 3247 te
628 3192 898 3245 maceria?
944 3189 1191 3259 dixitque
1227 3203 1423 3241 nomen
1463 3186 1585 3255 ejus
1636 3183 1863 3240 Phares.
1907 3182 2116 3237 Deinde

538 3299 793 3354 egressus
843 3293 922 3337 est
955 3282 1121 3336 frater
1150 3280 1290 3350 ejus,
1326 3282 1380 3334 in
1401 3279 1560 3350 cujus
1589 3292 1753 3332 manu
1787 3284 1903 3330 erat
1925 3275 2109 3329 cocci-

537 3392 669 3431 num
705 3396 717 3430 :
761 3375 1085 3444 vocavitque
1134 3389 1330 3429 nomen
1365 3372 1490 3442 ejus
1546 3370 1740 3424 Zaram
1772 3369 1838 3424 ²⁸.
1870 3387 1890 3421 ι
1948 3365 2110 3423 Vides

537 3469 816 3541 generatio
847 3469 1233 3538 przedictorum
1287 3473 1488 3536 quanta
1546 3463 1844 3526 contineat,
1876 3475 2108 3532 quorum

538 3577 703 3618 causa
729 3561 920 3632 opinor
951 3575 1057 3615 non
1091 3575 1213 3614 esse
1246 3557 1465 3614 silentio
1498 3571 1685 3628 pressa
1713 3571 1832 3626 quae
1862 3555 2000 3625 apud
2027 3553 2110 3608 in-

539 3659 743 3727 clytum
778 3653 1166 3722 evangelistam
1199 3650 1584 3719 significantur
1613 3646 1682 3702 ab
1716 3647 1800 3701 his
1826 3645 2105 3716 mysteria.

540 3747 724 3815 Itaque
751 3761 908 3800 sacer
935 3743 1234 3812 Apostolus
1265 3741 1591 3796 vocabulum
1637 3737 1890 3793 maceriae
1940 3738 2109 3791 inter-

535 3851 757 3911 pretans
805 3840 880 3907 (et
924 3836 1142 3906 quidem
1187 3834 1418 3889 fortasse
1456 3847 1566 3902 quo
1614 3831 1736 3887 loco
1763 3830 1969 3885 dictum
2002 3837 2105 3892 est,

535 3947 636 3986 cur
667 3930 839 3984 divisa
868 3935 950 3984 est
985 3934 1207 3997 propter
1242 3934 1292 3980 te
1346 3922 1642 3992 maceria)?
1676 3921 1756 3976 sic
1787 3922 1861 3975 ait
1891 3921 1947 3974 in
1983 3917 2109 3989 Epi-

536 4023 678 4076 stola
707 4021 774 4074 ad
809 4019 1072 4090 Ephesios
1108 4037 1120 4072 :
1166 4035 1184 4068 ‹
1216 4017 1334 4086 ipse
1358 4016 1504 4070 enim
1531 4023 1616 4070 est
1647 4028 1749 4083 pax
1769 4021 1970 4076 vestra,
2014 4010 2106 4081 qui

536 4115 664 4168 fecit
713 4122 942 4180 utraque
970 4125 1162 4172 unum,
1192 4117 1246 4164 et
1275 4108 1512 4162 medium
1550 4105 1811 4175 parietem
1859 4103 2108 4158 maceriae

538 4207 775 4267 solvens,
806 4202 1121 4257 inimicitias
1155 4202 1207 4253 in
1253 4213 1419 4255 carne
1459 4213 1581 4260 sua,
1615 4196 1786 4266 legem
1820 4195 2106 4251 mandato-

537 4314 657 4352 rum
694 4296 930 4351 decretis
963 4309 1260 4358 evacuans,
1296 4299 1355 4346 ut
1389 4292 1528 4346 duos
1556 4290 1755 4345 condat
1805 4290 1859 4343 in
1905 4299 2098 4345 semet-

534 4391 654 4458 ipso
685 4388 738 4442 in
773 4403 937 4440 unum
976 4401 1174 4440 novum
1211 4383 1520 4446 hominem;
1549 4391 1604 4438 et
1633 4383 1950 4439 reconciliet
1990 4397 2105 4436 am-

535 4482 635 4542 bos
663 4483 716 4538 in
749 4496 856 4535 uno
880 4495 1106 4550 corpore
1140 4477 1333 4534 Deo".
1375 4497 1392 4530 ι

602 4662 658 4716 4.
694 4658 812 4714 Jam
839 4672 967 4712 vero
990 4656 1076 4711 his
1119 4663 1353 4710 mentem
1398 4654 1706 4721 intendens,
1741 4655 1944 4712 videsis
1973 4671 2102 4710 num
2157 4725 2162 4729 η

531 4751 674 4807 forte
742 4749 978 4805 duorum
1037 4747 1420 4817 prmdictorum
1474 4746 1766 4816 conjuncta
1825 4747 2102 4812 nativitas,

535 4862 730 4917 ncupe
761 4853 815 4900 et
845 4842 1050 4897 Phares
1082 4848 1304 4911 propter
1351 4856 1510 4909 quem
1568 4840 1710 4894 facta
1768 4850 1852 4896 est
1883 4841 2100 4906 divisio,

534 4952 588 4996 et
640 4939 840 5008 prioris
887 4937 978 5006 qui
1019 4949 1239 4988 manum
1277 4933 1572 5004 protendit,
1625 4934 1896 5003 posterior
1922 4945 2102 4989 autem

534 5033 689 5095 exiit,
718 5028 987 5101 significet
1018 5027 1249 5081 duarum
1281 5027 1516 5081 vitarum
1539 5042 1761 5099 genera,
1786 5028 1990 5099 quibus
2014 5029 2100 5083 usi

533 5132 660 5179 sunt
694 5123 770 5176 illi
801 5123 1049 5175 homines
1079 5119 1170 5188 qui
1195 5118 1362 5175 Deum
1385 5117 1601 5174 Patrem
1646 5120 1845 5175 habere
1892 5137 2105 5176 merue-

534 5224 689 5278 ruat;
716 5215 913 5284 partim
946 5213 1000 5266 in
1045 5210 1358 5282 Evangelia,
1393 5212 1591 5282 partim
1632 5211 1686 5265 in
1716 5213 1830 5284 lege
1867 5212 2101 5270 Mosaica

535 5312 866 5364 victitantes.
897 5309 956 5362 ln
990 5308 1074 5361 his
1109 5307 1260 5375 prior
1291 5319 1510 5359 manum
1544 5304 1774 5374 protulit
1799 5307 1903 5360 vita
1937 5323 2104 5363 evan-

532 5403 735 5470 gelica;
765 5416 939 5472 neque
977 5407 1154 5453 tamen
1201 5398 1388 5453 eadem
1440 5397 1495 5452 in
1540 5397 1714 5453 lucem
1759 5397 1910 5470 prior
1937 5403 2102 5470 exiit;

535 5491 628 5546 sed
659 5507 820 5544 manu
856 5499 1113 5552 retracta,
1159 5490 1282 5544 vita:
1337 5487 1610 5554 Mosaicae,
1666 5504 1787 5558 quae
1836 5494 2107 5560 posterior

532 5586 669 5643 crat,
701 5580 941 5648 permisit
981 5580 1168 5648 primae
1204 5579 1373 5635 exire.
1413 5577 1504 5634 Sic
1535 5579 1627 5636 illa
1650 5595 1772 5650 quae
1797 5582 2099 5650 priorerat,

601 5756 644 5788 ’⁸
720 5753 854 5811 Gen.
893 5770 1127 5818 xxxviii,
1166 5754 1352 5810 27-50.
1431 5757 1474 5788 "
1515 5755 1711 5827 Ephcs.
1754 5773 1828 5823 tt,
1873 5759 2058 5817 ιιι-ιδ.

2217 1903 2421 1958 τούτων
2478 1903 2681 1976 μητρὸς
2726 1905 2945 1958 εἰπόντα
2987 1925 3005 1957 ι
3051 1907 3255 1971 Ἰούδας
3305 1908 3361 1961 δὲ
3399 1910 3616 1980 ἐγέννησε
3656 1910 3730 1962 τὸν

2216 1998 2366 2068 Ζαρᾶ
2397 1997 2459 2049 ἐκ
2479 1997 2577 2066 τῆς
2603 1997 2819 2069 Θάμαρ·
2848 2017 2865 2048 ι
2897 1997 2984 2053 διὰ
3005 1999 3059 2052 τί
3091 1999 3202 2070 γὰρ
3234 2001 3335 2054 οὑκ
3350 2002 3568 2074 ἠρκέσθη
3581 2004 3732 2072 φάναι,

2162 2123 2172 2135 .
2231 2089 2427 2152 Ἰούδας
2472 2089 2726 2161 ἐγέννησε
2761 2090 2851 2143 τὸν
2880 2092 3084 2164 Φαρὲς,
3131 2093 3454 2164 παραλιπὼν
3481 2095 3560 2152 τὸν
3598 2099 3732 2170 Ζαρᾶ,

2217 2183 2353 2252 ὅπερ
2408 2183 2703 2252 πεποίηκεν
2752 2185 2845 2236 ἐπὶ
2885 2186 2980 2236 τοῦ
3039 2186 3272 2252 ἰακώ6;
3329 2189 3482 2260 μόνου
3529 2191 3620 2262 γὰρ
3661 2192 3733 2243 τοῦ

2230 2273 2419 2326 Ἰακὼὸ
2447 2273 2723 2344 μνησθεὶς,
2759 2275 3052 2348 ἀποσιωπᾷ
3071 2279 3160 2332 τὸν
3205 2280 3393 2334 Ἠσαῦ.

2285 2363 2352 2434 γ’.
2394 2366 2723 2437 Προστίθησι
2755 2367 2810 2420 δὲ
2832 2369 2925 2422 καὶ
2948 2371 3056 2423 ἀπὸ
3088 2371 3238 2436 τίνος
3278 2373 3494 2445 μητρὸς,
3524 2373 3666 2440 λέγων
3686 2375 3732 2424 ἐκ

2217 2457 2315 2526 τῆς
2342 2458 2555 2530 Θάμαρ,
2589 2460 2919 2530 παρακαλῶν
2953 2463 3355 2533 ἐπισκέψασθαι
3387 2466 3478 2538 τὴν
3507 2467 3616 2537 περὶ
3641 2465 3732 2516 τού-

2217 2567 2324 2602 των
2357 2552 2596 2622 ἱστορίαν
2616 2569 2630 2584 °
2671 2553 2869 2624 γράφει
2891 2555 3022 2622 γοῦν
3049 2558 3078 2608 6
3103 2557 3351 2628 Μωῦσῆς
3379 2560 3434 2611 ἐν
3470 2560 3530 2628 τῇ
3563 2557 3732 2610 Γενέσει

2217 2641 2416 2709 λέγων·
2452 2661 2471 2693 ι
2511 2643 2757 2711 Ἐγένετο
2793 2644 2848 2696 δέ
2883 2645 3044 2716 ἡνίκα
3073 2646 3256 2700 ἔτικτε
3287 2648 3496 2720 Θάμαρ,
3523 2647 3604 2700 καὶ
3637 2645 3732 2717 τῇδε

2215 2729 2281 2804 ἦν
2311 2733 2507 2804 δίδυμα
2564 2735 2622 2787 ἐν
2653 2738 2718 2806 τῇ
2764 2738 2963 2808 γαστρὶ
3009 2739 3176 2808 αὐτῆς
3202 2757 3218 2769 ’
3267 2741 3480 2809 ἐγένετο
3513 2740 3564 2795 δὲ
3609 2738 3734 2809 ἐντῷ

2215 2826 2419 2878 τίκτειν
2448 2827 2634 2897 αὐτὴν,
2661 2830 2689 2880 ὁ
2713 2822 2792 2893 εἷς
2818 2829 3182 2901 προεξήνεγκε
3211 2833 3312 2904 τὴν
3345 2838 3494 2906 χεῖρα
3511 2850 3522 2862 ·
3544 2831 3732 2885 λαὸσῐσα

2213 2911 2270 2964 δὲ
2304 2913 2336 2982 ἡ
2373 2915 2529 2984 μαῖα,
2566 2914 2755 2985 ἔδησεν
2804 2918 2895 2970 ἐπὶ
2944 2919 3041 2990 τὴν
3094 2925 3257 2991 χεῖρα
3309 2923 3468 2976 αὑτοῦ
3512 2923 3731 2982 κόκκινον,

2215 3003 2465 3072 λέγουσα,
2501 3003 2652 3071 οὗτος
2685 3010 3130 3080 προεξελεύσεται
3154 3015 3420 3087 πρότερος
3438 3034 3450 3047 ·
3475 3016 3543 3080 ὠς
3570 3015 3617 3069 δὲ
3640 3016 3728 3066 ἐπι-

2141 3143 2180 3198 C
2219 3098 2490 3198 συνήγαγε
2516 3098 2819 3198 τὴνχεῖρα,
2851 3101 3011 3167 εὐθὺς
3034 3104 3260 3174 ἐξῆλθεν
3277 3108 3306 3159 6
3331 3107 3543 3177 ἀδελφὸς
3570 3104 3725 3161 αὐτοῦ’

2213 3191 2245 3258 ὴ
2278 3189 2334 3241 δὲ
2366 3186 2518 3243 εἶπεν
2542 3207 2553 3219 '
2585 3191 2638 3243 τί
2669 3191 2892 3264 διεκόπη
2923 3194 3011 3247 διὰ
3040 3196 3098 3249 σὲ
3133 3199 3422 3270 φραγμός;
3445 3201 3530 3252 καὶ
3551 3196 3728 3251 ἐκάλεσε

2211 3281 2271 3333 τὸ
2316 3281 2483 3352 δνομα
2516 3282 2679 3336 αὑτοῦ
2713 3285 2918 3356 Φαρέςο
2950 3289 3044 3340 καὶ
3093 3290 3237 3358 μετὰ
3282 3290 3436 3344 τοῦτο
3483 3289 3672 3359 ἐξῆλθεν
3708 3289 3730 3340 6

2212 3372 2438 3442 ἀδελφὸς
2469 3375 2654 3438 αὑτοῦ,
2687 3375 2772 3445 ἐφ’
2806 3369 2850 3444 ᾧ
2873 3378 2966 3431 ἐπὶ
3001 3382 3066 3450 τῇ
3101 3383 3251 3451 χειρὶ
3295 3381 3455 3435 αὑτοῦ
3498 3381 3726 3435 κόκκινονο

2211 3468 2305 3519 καί¹
2337 3466 2561 3520 ἐκάλεσε
2581 3468 2642 3520 τὸ
2667 3468 2835 3539 ὄνομα
2867 3471 3030 3524 αὑτοῦ
3057 3473 3263 3544 Ζαρᾶ.»
3300 3475 3456 3546 Ὁρᾷς
3480 3474 3629 3529 ὁπόσα
3649 3470 3729 3526 τῶν

2210 3559 2513 3629 εἰρημένων
2545 3562 2577 3632 ή
2608 3560 2821 3629 γένεσις
2846 3564 3122 3635 περιέχει;
3151 3560 3231 3620 ὧν
3260 3566 3418 3621 ἓνεκα
3441 3566 3649 3638 ἡγοῦμαι
3672 3561 3725 3634 μὴ

2211 3653 2736 3724 παρασεσιωπῆσθαι
2790 3655 2856 3708 τὰ
2889 3657 3038 3728 παρὰ
3091 3658 3170 3731 τῷ
3230 3661 3508 3735 θαυμασίῳ
3548 3660 3725 3727 εὐαγγε·

2209 3743 2360 3816 λιστῇ
2393 3747 2460 3799 τὰ
2502 3748 2560 3809 ἐν
2592 3747 2801 3814 τούτοις
2853 3751 3178 3823 αἰνίγματα’
3229 3753 3392 3826 φησὶν
3433 3750 3571 3808 οὖνό
3617 3748 3723 3822 ἱερὸς

2221 3837 2531 3904 Ἀπόστολος
2557 3841 2922 3914 διερμηνεύων
2956 3844 3026 3897 τὰ
3058 3847 3185 3918 περὶ
3220 3847 3314 3900 τοῦ
3346 3845 3576 3920 φραγμοῦ
3601 3844 3724 3915 (τάχα

2208 3946 2310 3981 που
2344 3932 2469 4002 περὶ
2501 3924 2562 3984 οὗ
2609 3933 2856 4004 εἴρηται,
2893 3936 2945 3988 τί
2986 3936 3213 4009 διεκόπη
3264 3939 3351 3992 διὰ
3406 3941 3461 3992 σὲ
3493 3931 3720 4009 φραγμὸς)

2206 4014 2309 4074 ὧδέ
2343 4038 2458 4086 πως
2490 4025 2548 4093 ἐν
2581 4027 2645 4095 τῇ
2694 4026 2827 4096 πρὸς
2885 4027 3165 4096 Ἐφεσίους
3208 4029 3518 4101 Ἐπιστολῇ·
3553 4047 3568 4078 ι
3591 4023 3722 4084 Αὐτὸς

2206 4112 2314 4182 γάρ
2337 4113 2483 4167 ὲενττιν
2509 4116 2541 4186 ἡ
2576 4116 2766 4186 εἰρήνη
2800 4117 2973 4186 ὑμῶν,
3005 4119 3236 4190 ποιήσας
3268 4120 3336 4173 τὰ
3378 4121 3630 4190 ἀμφότερα
3653 4114 3718 4165 ἓν·

2207 4206 2299 4257 καὶ
2321 4205 2380 4257 τὸ
2407 4205 2718 4277 μεσότοιχον
2742 4206 2836 4260 τοῦ
2870 4210 3125 4280 φραγμοῦ
3153 4210 3340 4274 λύσας,
3369 4212 3464 4282 τὴν
3489 4208 3655 4279 ἔχθραν
3677 4205 3720 4255 ἐν

2206 4299 2269 4367 τῇ
2305 4298 2469 4369 σαρκὶ
2502 4298 2664 4351 αὑτοῦ
2687 4338 2702 4360 ,
2733 4300 2822 4351 τὸν
2863 4302 3022 4371 νόμον
3055 4301 3162 4353 τῶν
3201 4301 3426 4355 ἐντολῶν
3449 4303 3502 4354 ἐν
3537 4299 3718 4365 δόγμειπ

2206 4389 2580 4460 καταργήσας,
2616 4390 2702 4444 ἵνα
2745 4392 2871 4454 τοὺς
2915 4391 3008 4444 δύο
3046 4392 3208 4464 κτίσῃ
3256 4394 3314 4447 ἐν
3343 4389 3509 4461 ἐαυτῷ
3549 4389 3616 4450 εἰς
3648 4385 3718 4436 ἓν²

2137 4484 2179 4538 D
2209 4480 2392 4534 καινὸν
2423 4481 2729 4553 ἄνθρωπον,
2757 4486 2850 4537 καὶ
2883 4485 3162 4557 ἀπαλλάξῃ
3197 4488 3324 4550 τοὺς
3349 4481 3650 4556 ἀμφοτέρους
3675 4476 3717 4526 ἐν

2213 4573 2302 4624 ἐνὶ·
2321 4572 2530 4643 σώματι
2552 4575 2629 4646 τῷ
2657 4576 2794 4647 Θεῷ.
2829 4595 2846 4628 ι

2279 4665 2342 4720 δ’.
2385 4667 2608 4733 Τούτοις
2660 4665 2752 4723 οὗν
2790 4670 2888 4742 τὴν
2930 4670 3167 4726 διάνοιαν
3197 4673 3506 4744 ἐπιστήσας,
3534 4668 3614 4720 Θέα
3642 4662 3715 4733 μή-

2213 4764 2396 4834 ποτεή
2425 4761 2534 4815 τῶν
2565 4761 2708 4815 δυοῖν
2758 4763 2865 4815 τῶν
2908 4765 3210 4836 εἰρημένων
3263 4765 3360 4836 μία
3399 4764 3604 4833 γένεσιςν
3627 4758 3712 4826 ἦτε

2209 4854 2304 4907 τοῦ
2329 4855 2504 4926 Φαρὲς
2522 4855 2589 4909 δι’
2621 4855 2680 4908 ὃν
2709 4856 2932 4928 διεκόπη
2961 4859 3230 4930 φραγμὸς,
3262 4859 3355 4910 καὶ
3381 4860 3410 4928 ή
3433 4855 3517 4909 τοῦ
3546 4849 3709 4922 πρὼτσυ

2215 4947 2311 5017 μὲν
2344 4947 2442 5019 τὴν
2476 4951 2635 5020 χεῖρα
2674 4949 3084 5020 προὸἀλλοντος,
3113 4951 3363 5024 δευτέρου
3387 4951 3439 5004 δέ
3484 4940 3710 5018 προελθόν-

2209 5054 2320 5102 τος,
2345 5039 2636 5094 αἰνίττεται
2665 5042 2758 5095 δύο
2796 5040 2924 5113 βίων
2953 5044 3186 5115 τρόπους
3207 5043 3313 5096 τῶν
3330 5037 3616 5113 ἠξιωμένων
3637 5029 3706 5096 τῆς

2210 5129 2361 5202 παρὰ
2393 5130 2470 5202 τῷ
2501 5132 2620 5203 Θεῷ
2640 5137 2944 5206 γεννήσεως
2963 5155 2975 5166 ·
3002 5131 3076 5190 ὦν
3103 5140 3131 5191 6
3165 5137 3262 5209 μὲν
3292 5135 3425 5190 κατά
3452 5133 3506 5186 τὸ
3523 5120 3707 5192 Εὖαγῖέ’

2208 5220 2342 5283 λιον,
2366 5223 2394 5274 6
2415 5221 2471 5276 δὲ
2493 5223 2635 5277 κατὰ
2661 5226 2752 5278 τὸν
2768 5227 3045 5292 Μωῦσέως
3065 5229 3271 5298 ὑπέστη
3304 5227 3458 5296 νόμον
3475 5240 3485 5252 ⁸
3504 5216 3615 5274 ἀλλά
3628 5211 3704 5279 Ta?

2207 5311 2408 5365 τού-των
2441 5315 2652 5386 πρῶτος
2682 5317 2780 5388 μὲν
2806 5319 2904 5389 τὴν
2925 5322 3084 5392 χεῖρα
3128 5315 3498 5392 προϐέϐληωό
3530 5303 3643 5362 κατά
3661 5299 3702 5350 τδ

2207 5405 2537 5474 Εὐαγγέλιον
2559 5424 2570 5435 ο
2619 5409 2678 5462 οὐ
2715 5410 2819 5483 μὴν
2852 5413 2946 5464 καὶ
2990 5411 3202 5483 πρῶτος
3224 5410 3457 5482 πρόεισιν
3491 5405 3559 5465 εἰς
3587 5394 3697 5466 φῶν

2209 5499 2527 5566 ὑποστείλας
2552 5502 2607 5556 δὲ
2652 5504 2749 5575 τὴν
2787 5508 2963 5576 χεῖρα,
2990 5505 3068 5578 τῷ
3109 5505 3246 5561 κατὰ
3292 5501 3482 5570 Μωῦσῆ
3519 5487 3703 5578 δευτέθῳ

2212 5590 2341 5644 ίόντι
2375 5593 2655 5662 προελθεῖν
2690 5597 2974 5667 ἐπιτρέπει
3015 5597 3239 5670 πρώτῳ·
3279 5590 3374 5649 εἷθ’
3411 5589 3558 5649 οὕτως
3578 5575 3701 5638 “ad;
