3890 6198
301 319 414 379 909

830 320 1288 388 QUAESTIONES
1325 319 1781 377 EVANGELICE
1822 319 1911 374 AD
1951 318 2468 375 STEPII.\.\'II.\l.-—
2503 282 2832 387 QUAESTIO
2873 320 2987 375 Vll.

3447 321 3555 378 9w

304 439 524 510 πρῶτος
548 437 643 501 ῶν,
680 438 906 504 ὕστατος
926 441 1112 506 ἔξεισι,
1147 443 1283 512 μετὰ
1311 443 1405 496 τοῦ
1431 443 1557 514 περὶ
1580 444 1687 516 τὴν
1728 447 1875 514 χεῖρα

1989 444 2177 496 ultima
2201 441 2355 505 exiit,
2390 441 2547 512 signo
2571 441 2753 495 manui
2780 441 3023 512 alligato,
3054 455 3083 494 a
3115 456 3224 512 quo
3256 442 3407 512 prior
3436 458 3558 498 esse

304 530 580 602 συμϐόλου
612 531 705 585 τοῦ
742 533 951 604 πρῶτον
971 535 1132 588 αὑτὸν
1163 534 1532 598 συνιστῶντος
1556 531 1625 606 ἦν
1654 534 1697 587 δ’
1730 537 1757 588 6
1779 536 1886 588 τῶν

309 608 415 697 πρὸ
436 625 713 689 Μωῦσὲως
728 626 984 695 θεοφιλῶν
1005 627 1208 700 ἀνδρῶν
1230 626 1342 697 βίος
1360 628 1388 679 6
1407 627 1547 680 κατὰ
1570 628 1629 681 τὸ
1643 627 1736 681 τοῦ
1756 630 1885 699 Χρι-

310 718 438 771 στοῦ
453 718 799 787 Εὑαγγέλιον,
826 719 945 772 καθ’
975 720 1033 773 ὃν
1056 719 1349 792 διαπρέψαι
1383 721 1808 792 μνημονεύονται
1836 724 1883 773 οἱ

302 809 454 879 ἀμφὶ
480 808 568 863 τὸν
582 809 851 879 Ἀϐραὰμ,
881 810 1191 874 καὶΊσαὰκ,
1217 811 1537 874 καὶίακὼϐ,
1554 812 1885 881 Μελχισεδέκ

304 918 369 955 τε
414 902 509 954 καὶ
548 901 690 966 Ἰὼϐ,
712 902 804 954 καὶ
831 901 962 956 πολὺ
990 902 1192 955 τούτων
1238 904 1489 975 πρότεροι
1509 906 1558 957 0t
1588 904 1730 974 ἀμφὶ
1760 904 1881 957 Νῶε

306 994 404 1046 καὶ
429 994 570 1065 Σὴμ,
594 993 685 1046 καὶ
714 992 912 1062 Ἰάφεθ,
944 994 1110 1064 Ἑνώχ
1138 1013 1194 1048 τε
1240 997 1333 1049 καὶ
1359 996 1471 1048 ὅσοι
1494 996 1640 1049 ἄλλοι
1674 995 1882 1059 τούτοις

305 1084 561 1154 γεγόνασι
591 1083 985 1155 παραπλήσιοι·
1020 1084 1217 1138 δίκαιοι
1243 1086 1374 1152 γοῦν
1397 1085 1504 1138 οἵδε
1534 1085 1754 1150 πάντες,
1789 1088 1883 1139 καὶ

304 1177 553 1240 εὐσεϐεῖς
591 1177 685 1228 καὶ
717 1176 1015 1247 θεοφιλεῖς*
1049 1179 1098 1230 εἰ
1146 1177 1236 1231 καί
1268 1194 1409 1241 τινες
1453 1177 1628 1250 ἕτεροι
1676 1197 1886 1251 μαρτυ-

306 1267 586 1338 ρηθέντες,
619 1266 717 1336 τῆι,
756 1267 853 1337 μὲν
877 1266 1016 1320 κατὰ
1042 1267 1280 1321 Μωῦσέα
1310 1267 1627 1339 νομοθεσίας
1650 1270 1882 1340 πάμπαν

304 1361 555 1431 ὑπῆρχον
579 1358 841 1430 ἀλλότριοι
866 1375 881 1389 ο
911 1358 1270 1429 προλαϐόντες
1296 1360 1353 1413 δὲ
1371 1360 1459 1413 τὸν
1486 1361 1629 1415 κατὰ
1644 1362 1882 1415 Μωῦσέα

302 1453 530 1523 τρόπον,
580 1454 708 1522 ἡμῖν
752 1451 953 1522 ὁμοίως
985 1454 1050 1521 τῇ
1102 1452 1240 1505 κατὰ
1274 1453 1334 1505 τὸ
1377 1453 1708 1522 Εὑαγγέλιυν
1734 1454 1883 1527 φιλο-

305 1545 475 1617 σοφίᾳ
503 1544 824 1614 διέλαμψαν.

376 1658 440 1714 ε’.
488 1661 544 1715 '0
581 1660 678 1731 μὲν
709 1658 802 1714 οὖν
828 1662 1059 1733 πρῶτος,
1094 1662 1180 1716 διὰ
1212 1661 1303 1715 τοῦ
1331 1663 1480 1733 Ζαρᾶ
1514 1664 1787 1735 ἐδηλοῦτο,
1821 1664 1879 1729 ὃς

306 1755 665 1829 ἑρμηνεύεται
737 1758 1049 1823 Ἄνατολήο
1101 1756 1277 1826 φωτὸς
1325 1756 1432 1826 γὰρ
1499 1755 1776 1818 εὐσεϐείας
1822 1756 1878 1809 αἱ

304 1846 523 1917 πρῶται
573 1848 670 1918 τῆς
717 1848 984 1917 ἀνατολῆς
1030 1848 1193 1918 αύγαὶ
1218 1889 1231 1913 ,
1262 1848 1347 1901 διὰ
1392 1848 1499 1901 τῶν
1547 1847 1776 1919 πρώτων
1823 1849 1880 1900 ἐν

304 1938 615 2011 ἀνθρώποις
651 1940 1063 2013 εὐσεϐησάντων
1087 1941 1424 2013 ἐξέλαμψαν·
1455 1935 1556 1994 οἷοί
1596 1959 1701 2012 περ
1741 1936 1880 2013 ἦσαν

303 2033 351 2085 οῖ
400 2033 508 2103 πρὸ
537 2032 813 2097 Μωῦσέως
856 2035 918 2085 ἐκ
952 2032 1175 2104 πρώτης
1216 2033 1517 2104 ἀνθρώπων
1572 2033 1881 2094 συστάσεως

303 2122 575 2192 θεοφιλεῖς
623 2124 1022 2193 ἁποφανθέντες
1046 2143 1057 2153 ο
1087 2127 1136 2177 οἱ
1165 2125 1227 2196 δὴ
1274 2124 1369 2178 καὶ
1397 2123 1474 2194 τῷ
1522 2125 1669 2193 Ζαρᾷ
1703 2140 1881 2192 παρα-

299 2213 571 2286 πλησίως,
605 2214 811 2284 πρῶτοι
867 2215 971 2287 μὴν
1016 2215 1113 2287 τὴν
1168 2219 1324 2288 χεῖρα
1373 2216 1735 2288 προεϐάλοντο
1789 2217 1879 2268 τὸν

300 2304 608 2374 πρακτικὸν
645 2305 756 2374 βίον
796 2304 1189 2376 ἐνδειξάμενον
1244 2306 1303 2357 οὐ
1343 2305 1449 2376 μὴν
1481 2306 1574 2358 καὶ
1617 2305 1880 2376 ἐκράτυνέ

298 2414 362 2463 γε
388 2395 613 2450 τοῦτον·
647 2396 741 2450 τοῦ
776 2398 833 2451 δέ
879 2398 998 2451 κατ’
1027 2399 1221 2461 αὐτοὺς
1266 2398 1467 2469 τρόπου
1518 2400 1574 2450 ἐν
1610 2397 1877 2470 ύποστολῇ

297 2489 596 2560 γενομένου
620 2507 634 2520 ’
667 2490 759 2544 καὶ
800 2490 987 2561 ὥσπερ
1029 2490 1169 2554 τινὸς
1211 2488 1464 2561 φραγμοῦ
1509 2489 1876 2553 διακοπέντος,

295 2579 527 2651 ἐξῆλθεν
552 2580 581 2631 6
612 2574 836 2648 ἀδελφὸς
870 2579 1032 2632 αὐτοῦ
1064 2581 1092 2632 6
1118 2578 1258 2632 κατὰ
1290 2579 1526 2632 Μωῦσέα
1555 2578 1696 2648 βίος·
1727 2578 1877 2650 δνδὴ

299 2671 618 2743 μεσότοιχον
647 2671 897 2742 φραγμὸν
926 2670 1189 2741 κέκληκεν
1230 2672 1257 2723 6
1293 2669 1591 2740 θαυμάσιος
1626 2668 1881 2722 Ἀπόστο-

294 2765 419 2829 λοςο
457 2763 538 2816 διὸ
572 2764 665 2817 καὶ
694 2763 984 2835 ὠνομάσθη
1014 2764 1208 2835 Φαρὲς,
1239 2763 1336 2833 τῆς
1367 2765 1461 2816 τοῦ
1488 2763 1744 2835 φραγμοῦ
1768 2765 1883 2818 δια-

295 2858 480 2928 κοπῆς
509 2856 795 2928 ἐπώνυμος
817 2874 827 2884 ’
854 2856 1214 2929 ἑρμηνεύεται
1235 2857 1363 2926 γοῦν
1382 2858 1555 2928 Φαρὲς
1568 2859 1876 2927 μερισμόςο

295 2949 454 3003 ἐνθεν
482 2951 577 3003 καὶ⁸
617 2952 897 3021 Φαρισαῖοι
929 2950 1058 3022 παρ’
1092 2951 1272 3013 αὐτοῖς
1300 2950 1610 3022 διέπρεπον,
1643 2951 1792 3023 παρὰ
1822 2950 1881 3005 τὺ

298 3042 553 3115 μερίζειν
578 3044 670 3096 καὶ
697 3043 974 3112 ἀφορίζειν
1000 3043 1225 3105 ἑαυτοὺς
1256 3041 1355 3112 τῆς
1387 3042 1494 3095 τῶν
1523 3042 1734 3096 πολλῶν
1763 3044 1881 3095 ἐπι-

300 3133 517 3206 μιξῖας·
556 3136 823 3207 μακάριον
860 3135 958 3205 μὲν
992 3130 1083 3188 οὖν
1117 3135 1209 3187 καὶ
1253 3133 1386 3187 πολὺ
1430 3136 1676 3206 κρεῖττον
1700 3129 1768 3204 ἦν
1803 3134 1877 3204 μὴ
1908 3157 1949 3215 C

295 3228 626 3299 διακοπῆναι
649 3229 740 3281 τὸν
767 3228 1038 3302 φραγμὸν,
1067 3228 1163 3281 ἕνα
1189 3227 1245 3280 δὲ
1276 3226 1436 3279 αὑτὸν
1463 3227 1557 3279 καὶ
1588 3226 1880 3280 ἀδιάκοπον

300 3322 518 3391 μεῖναι·
553 3320 710 3374 τοῦτο
740 3322 784 3374 δ’
814 3318 879 3373 ἂν
910 3320 1130 3388 γέγονεν
1156 3320 1204 3372 εἱ
1247 3317 1326 3389 τῷ
1360 3319 1459 3390 τὴν
1489 3321 1646 3390 χεῖρα
1680 3317 1877 3387 προϐε-

297 3412 559 3484 ϐλημένῳ
600 3411 832 3483 πρώτῳ,
885 3409 1352 3482 συνακολουθήσας
1383 3412 1411 3463 6
1454 3409 1737 3481 δεύτερος,
1785 3408 1878 3462 τὸν

296 3504 464 3560 αὐτὸν
514 3505 710 3576 τρόπον
764 3502 1177 3563 ἐπολιτεύσατο’
1221 3503 1354 3555 πολὺ
1393 3502 1501 3573 γὰρ
1546 3497 1613 3572 ἦν
1671 3500 1879 3570 βέλτιον

294 3599 413 3661 τοῖς
442 3598 509 3649 ἐκ
543 3596 842 3667 περιτομῆς
888 3597 935 3648 εἰ
972 3594 1111 3648 κατὰ
1141 3594 1232 3648 τὸν
1280 3593 1391 3663 βίον
1436 3593 1545 3646 τῶν
1602 3591 1875 3664 πρόπαλαι

298 3689 566 3759 θεοφιλῶν
596 3688 896 3759 ἀνθρώπων
928 3688 1221 3759 ἐτύγχανον
1265 3685 1748 3755 πεπολιτευμένοι·
1784 3685 1877 3737 καὶ

295 3782 444 3835 οὕτω
478 3781 585 3857 γᾲρ
618 3776 686 3852 ἦν
711 3775 789 3845 εἷς
819 3783 846 3834 6
878 3781 1149 3852 φραγμὸς,
1181 3780 1272 3833 καὶ
1296 3778 1392 3850 μία
1418 3780 1451 3847 ἡ
1483 3778 1736 3850 οἰκοδομὴ
1766 3777 1874 3831 τῶν

296 3889 357 3925 τε
385 3870 620 3943 πρώτων
652 3871 744 3924 καὶ
768 3870 877 3924 τῶν
903 3872 1168 3925 ὑστάτων.

369 3963 448 4030 ς’.
501 3964 717 4035 Ἐπειδὴ
745 3965 801 4017 δὲ
839 3963 913 4035 μὴ
938 3963 1027 4017 τὸν
1061 3962 1273 4035 πρῶτον
1306 3962 1578 4035 κρατῆσαι
1611 3963 1805 4034 τρόπον
1839 3965 1871 4033 ἡ

296 4058 406 4111 τῶν
440 4058 707 4128 δευτέρων
734 4056 1107 4128 συνεχώρησεν
1136 4056 1408 4121 ἀσθένεια,
1444 4057 1705 4127 διακοπῆς
1731 4058 1874 4110 εἰκό-

293 4166 404 4213 τως
428 4149 525 4203 τοῦ
559 4148 698 4203 κατὰ
736 4149 865 4202 Θεὸν
887 4148 1139 4221 φραγμοῦ
1169 4148 1483 4220 γενομένης,
1511 4148 1601 4202 τοῦ
1622 4166 1678 4203 τε
1709 4167 1868 4219 μεσο-

293 4242 477 4311 τοίχου
505 4241 598 4294 τοῦ
626 4239 878 4312 φραγμοῦ
914 4238 1370 4311 παραϐληθέντος,
1401 4242 1428 4291 6
1457 4240 1621 4293 πάλαι
1658 4241 1872 4312 πρῶτος

296 4333 391 4403 τὴν
424 4335 584 4404 χεῖρα
635 4330 940 4403 προτείνας,
976 4330 1221 4403 δεύτερος
1254 4329 1448 4395 ἔξεισιν
1498 4332 1576 4394 εἰς
1606 4332 1739 4399 φῶς,
1782 4333 1870 4387 διὰ

297 4426 386 4479 τοῦ
424 4413 677 4497 Σωτῆρος
706 4422 860 4496 ἡμῶν
905 4420 1077 4494 Ἰησοῦ
1130 4423 1364 4499 Χριστοῦ
1411 4421 1505 4475 τοῦ
1544 4423 1631 4475 τὸν
1672 4423 1866 4477 παλαί-

1989 532 2395 603 comprobatur.
2434 532 2562 585 Erat
2584 542 2766 587 autem
2798 542 2926 588 ante
2956 532 3195 603 Moysem
3225 535 3435 603 piorum
3461 534 3560 588 bo-

1988 626 2191 679 minum
2216 626 2325 678 vita
2359 626 2659 680 secundum
2704 626 2909 681 Christi
2946 624 3331 696 Evangelium;
3363 627 3417 681 in
3449 641 3557 698 qua

1985 718 2306 773 excelluisse
2334 718 2625 773 traduntur
2648 719 3017 784 Ahrahamus,
3042 717 3556 783 lsaacus,Jacobus,

1986 810 2411 866 Melchisedecus
2450 821 2612 881 atque
2638 811 2810 868 Jobus
2841 832 2852 866 :
2889 821 2942 868 et
2988 814 3160 867 multo
3211 812 3299 869 his
3345 813 3557 882 priores

1985 902 2260 963 Noachus,
2310 902 2528 967 Semus,
2561 916 2727 974 atque
2781 904 3066 975 Japhetus.
3098 914 3152 959 et
3192 904 3470 970 Enocbus,
3501 915 3557 961 et

1983 1005 2249 1065 quotquot
2274 996 2359 1052 his
2390 998 2598 1053 similes
2636 997 2875 1052 fuerunt.
2912 995 3055 1055 διιδιί
3086 998 3253 1068 igitur
3275 999 3330 1053 hi
3361 1015 3556 1055 omnes

1983 1097 2039 1141 et
2069 1088 2143 1158 pii
2178 1103 2242 1144 ac
2263 1088 2372 1145 Deo
2401 1090 2627 1145 dilecti:
2669 1098 2722 1145 et
2763 1090 2981 1160 quidem
3011 1091 3219 1161 aliquot
3249 1092 3337 1146 alii
3368 1091 3555 1148 ferun—

1985 1187 2094 1241 tur,
2123 1195 2262 1249 quos
2302 1195 2333 1234 a
2367 1179 2604 1236 Mosaica
2636 1182 2753 1252 lege
2784 1180 2954 1237 fuisse
2984 1181 3193 1237 alienos
3223 1182 3276 1237 in
3301 1184 3555 1242 confesso

1983 1274 2085 1323 est.
2113 1266 2380 1323 Nimirum
2433 1269 2486 1323 hi
2533 1277 2921 1340 praevertentes
2976 1269 3271 1325 Mosaicum
3324 1286 3551 1334 morem,

1983 1360 2101 1431 pari
2157 1361 2444 1421 nobiscum
2507 1363 2849 1432 philosophia
2889 1362 3203 1433 evangelica
3264 1363 3553 1433 splendues

1983 1461 2129 1507 runt.

2053 1663 2105 1716 5.
2132 1661 2195 1715 Et
2228 1662 2316 1715 illa
2344 1660 2561 1731 quidem
2592 1663 2743 1734 prior
2777 1662 2886 1716 vita
2920 1676 2947 1713 a
3000 1658 3136 1715 Zara
3189 1660 3553 1731 portendeba-

1984 1760 2095 1817 tur,
2132 1768 2292 1822 quem
2350 1752 2620 1807 Orientem
2652 1754 3099 1823 interpretamur.
3152 1750 3359 1806 Pietate
3406 1753 3553 1807 enim

1984 1849 2225 1902 lucentes
2258 1846 2416 1916 primi
2456 1846 2687 1903 orientis
2718 1846 2855 1900 radii
2897 1863 2992 1919 per
3016 1860 3133 1909 eos,
3159 1846 3249 1916 qui
3272 1846 3428 1915 primi
3468 1844 3555 1899 in-

1983 1951 2065 1995 ter
2094 1940 2344 1995 homines
2373 1940 2613 2010 religiosi
2641 1939 2812 1999 fuere.
2837 1940 3216 1994 emicuerunt:
3244 1937 3555 2007 cuiusmodi

1982 2041 2138 2088 erant
2188 2032 2222 2085 ii
2248 2033 2339 2100 qui
2371 2040 2495 2086 ante
2525 2031 2763 2103 Moysem
2795 2031 2907 2101 jam
2940 2030 3067 2087 inde
3098 2046 3128 2084 a
3155 2031 3331 2101 prima
3372 2030 3552 2085 homi—

1982 2141 2110 2179 num
2148 2124 2422 2178 creatione
2450 2132 2699 2178 sam-tum
2723 2121 2813 2178 Dei
2840 2123 3046 2176 cultum
3077 2138 3187 2193 pra!
3203 2134 3262 2179 Se
3286 2125 3549 2179 tulerunt.

1980 2218 2158 2290 Atque
2190 2216 2245 2270 lii
2278 2230 2385 2269 non
2417 2232 2577 2271 secus
2610 2224 2774 2286 atque
2807 2215 2944 2268 Zara
2979 2215 3138 2285 primi
3175 2232 3397 2271 manum
3428 2231 3551 2288 pro-

1982 2307 2295 2373 tenderunt,
2334 2308 2550 2363 solertis
2597 2307 2723 2361 vita:
2769 2307 2975 2361 indicio
3016 2306 3179 2373 facto,
3211 2325 3317 2378 qua
3370 2320 3554 2364 tamen

1982 2413 2089 2451 non
2120 2406 2247 2452 sunt
2291 2397 2471 2468 potiti,
2505 2398 2749 2451 moribus
2792 2411 2980 2452 eorum
3032 2413 3092 2452 se
3123 2400 3547 2455 retrahentibus.

1982 2490 2157 2561 Atque
2200 2491 2416 2546 interim
2472 2492 2709 2552 maceria
2766 2490 2931 2545 veluti
2976 2490 3176 2553 divisa,
3204 2493 3335 2547 exiit
3382 2493 3554 2549 frater

1981 2583 2121 2652 eius,
2146 2582 2267 2637 vitae
2305 2584 2561 2639 nimirum
2586 2584 2888 2639 secundum
2929 2582 3167 2655 Moysem
3191 2600 3383 2655 genus.
3405 2588 3549 2657 quod

1984 2674 2220 2729 medium
2278 2676 2539 2746 parietem
2576 2674 2840 2732 mirificus
2872 2676 3168 2746 Apostolus
3214 2679 3504 2749 appellavit
3535 2700 3546 2733 :

1983 2781 2152 2835 quare
2185 2772 2239 2820 et
2274 2767 2361 2821 ille
2399 2766 2603 2821 Phares
2632 2774 2859 2822 vocatus
2892 2765 3014 2830 fuit,
3042 2767 3261 2820 nomine
3282 2776 3497 2838 sumpto
3520 2772 3554 2822 :t

1983 2855 2232 2910 maceriae
2263 2856 2565 2911 divisione:
2601 2854 2806 2910 Phares
2828 2856 3028 2926 quippe
3058 2856 3358 2924 explicatur
3386 2858 3555 2925 parti-

1985 2948 2076 2999 tio.
2105 2946 2243 3002 Hinc
2264 2958 2317 3001 et
2342 2946 2601 3003 Pharisaei
2625 2948 2766 3018 apud
2792 2946 3011 3003 Judzeos
3041 2947 3399 3013 excellebant,
3425 2951 3552 3018 quia

1984 3055 2042 3093 se
2072 3055 2167 3109 per
2204 3040 2494 3109 quamdam
2525 3040 2810 3096 factionem
2849 3055 2875 3093 a
2932 3041 3295 3096 multitudinis
3326 3045 3552 3097 commi—

1984 3132 2161 3186 stione
2183 3132 2556 3201 sejunxerant.
2587 3133 2803 3189 Beatius
2836 3134 3003 3205 igitur
3032 3136 3312 3205 multoque
3358 3136 3553 3192 melius

1988 3224 2181 3281 fuisset
2209 3241 2319 3280 non
2341 3225 2547 3281 diffindi
2576 3227 2891 3293 maceriam,
2922 3226 3016 3282 sed
3047 3240 3214 3282 unum
3248 3228 3381 3298 quid
3410 3228 3556 3283 indi-

1984 3317 2274 3387 visumque
2311 3332 2546 3372 manere.
2591 3316 2647 3371 ld
2700 3329 2877 3375 autem
2915 3319 3225 3382 accidisset,
3258 3321 3302 3375 si
3358 3321 3406 3375 ei
3457 3321 3556 3392 qui

1984 3410 2136 3480 prior
2166 3423 2385 3462 manum
2418 3410 2680 3472 extendit,
2707 3412 3055 3482 subsequens
3081 3413 3219 3467 alter
3254 3411 3444 3467 eodem
3473 3414 3557 3468 vi-

1984 3511 2053 3558 tae
2075 3518 2275 3573 genere
2307 3502 2557 3557 vixisset.
2590 3502 2772 3573 Longe
2811 3504 2954 3558 enim
2999 3513 3117 3559 erat
3144 3507 3338 3561 melius
3365 3505 3411 3561 si
3443 3507 3554 3561 cir-t

1982 3593 2339 3649 cumcisionis
2360 3595 2580 3649 asseclae
2602 3610 2781 3650 mores
2816 3595 3164 3665 antiquorum
3191 3597 3303 3654 Deo
3320 3597 3551 3654 dilecto-

1982 3702 2102 3741 rum
2128 3685 2407 3741 hominum
2441 3686 2675 3756 amplexi
2700 3686 2973 3742 fuissent:
3001 3702 3126 3742 nam
3160 3689 3241 3744 sic
3272 3704 3379 3743 una
3415 3689 3554 3746 luis-4

1980 3786 2064 3833 set
2088 3778 2350 3844 maceria,
2392 3792 2498 3832 una
2542 3777 2830 3832 aedificatio
2864 3778 3166 3849 primorum
3197 3788 3251 3834 et
3276 3787 3552 3837 extremoa

1981 3888 2122 3926 rum.

2052 3963 2106 4018 θ’.
2140 3962 2293 4019 Nunc
2336 3964 2462 4034 quia
2509 3962 2742 4035 primum
2791 3974 2996 4019 morem
3045 3972 3394 4035 perseverare
3434 3974 3552 4021 non’

1978 4054 2105 4112 sivit
2135 4057 2497 4112 secundorum
2522 4054 2810 4111 infirmitas
2831 4096 2846 4120 ,
2874 4057 3141 4113 divisione
3178 4056 3375 4115 merito
3404 4056 3549 4121 facta

1978 4153 2225 4203 maceriae
2253 4164 2371 4218 qua:
2394 4149 2692 4202 secundum
2718 4147 2886 4204 Deum
2919 4156 3022 4216 est,
3047 4147 3334 4218 medioque
3366 4149 3547 4219 parie-

1977 4248 2030 4296 te
2058 4241 2307 4296 maceria:
2330 4241 2635 4311 interiecto,
2664 4239 2756 4309 qui
2787 4238 2913 4293 olim
2934 4238 3084 4309 prior
3111 4254 3331 4293 manum
3355 4246 3540 4294 exten-

1977 4332 2149 4394 derat,
2186 4333 2456 4402 posterior
2501 4331 2557 4385 in
2603 4331 2778 4386 lucem
2835 4331 3035 4404 prodiit
3069 4346 3164 4401 per
3199 4330 3545 4386 Servatorem

1976 4434 2223 4481 nostrum
2282 4424 2469 4479 Jesum
2516 4424 2821 4487 Christum,
2850 4424 2940 4494 qui
2995 4422 3434 4493 antiquissimam
3489 4430 3547 4478 et

296 4534 458 4573 τατον
483 4518 580 4571 καὶ
611 4518 834 4588 ἀρχαῖον
867 4515 1118 4586 φραγμὸν
1143 4515 1589 4588 ἀνακτησάμενον
1613 4530 1628 4543 ⁸
1667 4515 1746 4569 διὸ
1776 4516 1870 4568 καῖ

1983 4519 2307 4589 primitivam
2334 4518 2624 4572 maceriam
2666 4516 3030 4587 recuperavit.
3066 4514 3247 4582 Quare
3273 4520 3329 4571 et
3356 4513 3424 4569 de
3452 4515 3546 4569 illo

298 4628 460 4682 φησιν
490 4612 571 4675 εἰς
612 4608 772 4662 αὐτὸν
802 4609 835 4679 ἠ
882 4607 1217 4679 προφητεία·
1268 4628 1285 4657 ι
1318 4608 1411 4661 καὶ
1456 4606 1699 4679 κληθήσῃ
1729 4610 1868 4661 οἰκο-

1983 4606 2261 4677 prophetia
2292 4605 2424 4661 dicit
2456 4625 2469 4660 :
2515 4623 2535 4655 ‹
2561 4604 2627 4657 Et
2660 4605 2945 4660 vocaberis
2966 4603 3262 4659 adificator
3283 4604 3546 4660 maceria-

287 4704 454 4777 δόμος
494 4701 796 4774 φραγμῶνο
838 4720 853 4751 ι
884 4696 1035 4763 οὗτος
1060 4698 1125 4771 δὴ
1174 4700 1267 4753 καὶ¹
1314 4700 1373 4752 τὸ
1421 4699 1655 4771 δηλωθὲν
1706 4700 1866 4770 μεσό-

1983 4715 2094 4754 rum
2126 4698 2193 4751 ³⁸.
2239 4720 2257 4751 ι
2293 4697 2391 4753 llic
2414 4699 2577 4753 etiam
2625 4697 2945 4768 praedictum
3001 4697 3259 4766 parietem
3305 4694 3549 4777 medium

287 4814 470 4868 τοιχον
495 4795 703 4849 ἀνεῖλεν
722 4811 735 4825 '
761 4794 820 4858 ὃς
848 4793 1050 4864 Κύριος
1079 4791 1154 4845 ῶν
1182 4793 1278 4846 καὶ
1303 4792 1397 4845 τοῦ
1426 4792 1693 4846 σαϐϐάτου
1725 4794 1869 4845 ποιεῖ

1983 4794 2231 4859 abstulit;
2268 4793 2396 4863 quia
2444 4806 2567 4846 cum
2599 4792 2670 4847 sit
2720 4789 2943 4845 Sabbati
2992 4802 3209 4859 quoque
3255 4770 3536 4848 Dominus,

287 4890 355 4942 τὰ
387 4887 677 4958 ἀμφότερα
711 4885 790 4949 ἒν,
826 4885 966 4939 κατὰ
981 4885 1075 4938 τὸν
1112 4884 1253 4955 ἱερὸν
1294 4884 1608 4938 ’Δπόστολον
1640 4884 1860 4938 εἰπόντα

1983 4885 2101 4942 iacit
2154 4894 2386 4954 utraque
2438 4900 2605 4939 unum
2636 4902 2649 4936 :
2684 4884 2827 4938 sicut
2866 4882 2944 4936 ait
2995 4895 3150 4935 sacer
3195 4878 3490 4947 Apostolus
3524 4896 3536 4932 :

292 5000 312 5032 ι
348 4981 524 5042 Αὐτὸς
574 4978 682 5052 γάρ
733 4980 877 5031 ἐστιν
910 4980 944 5049 ἡ
995 4978 1185 5049 εἰρήνη
1227 4975 1383 5047 ⁴ἡμῶν
1430 4977 1457 5029 6
1506 4977 1734 5048 ποιήσας
1792 4976 1858 5030 τὰ

294 5072 576 5144 ἀμφότερα
596 5071 675 5135 ἓν,
697 5070 791 5123 καὶ
812 5070 871 5123 τὸ
896 5068 1201 5140 μεσότοιχον
1223 5068 1315 5121 τοῦ
1346 5067 1596 5141 φραγμοῦ
1624 5067 1789 5131 λύσας
1807 5085 1820 5097 ο
1836 5088 1854 5119 ι

298 5165 383 5221 καὶ
419 5164 475 5219 τί
531 5164 594 5217 τὸ
645 5163 956 5235 μεσότοιχον
1005 5161 1279 5231 διασαφῶν
1303 5202 1318 5225 ,
1366 5160 1636 5230 ἐπιλέγειο
1697 5180 1716 5213 ι
1770 5160 1861 5214 τὸν

296 5259 454 5332 νόμον
471 5257 581 5312 τῶν
599 5255 828 5312 ἐντολῶν
854 5256 912 5310 ἐν
938 5254 1170 5325 δόγμασι
1191 5254 1541 5326 καταργήσας
1571 5272 1589 5304 ι
1619 5252 1860 5307 ἐκποδὼν

298 5350 771 5423 μεταστησάμενος
797 5348 859 5401 τὸ
892 5345 1197 5418 μεσότοιχον
1229 5344 1320 5398 τοῦ
1363 5342 1640 5421 Μωῦσὲως
1669 5344 1857 5416 νόμου,

294 5448 424 5519 ὃτερ
466 5447 616 5517 ἡμᾶς
646 5445 770 5506 τοὺς
814 5440 873 5509 ἐξ
920 5440 1087 5495 ἐθνῶν
1117 5438 1402 5511 τῆς-κατὰ
1433 5438 1569 5492 Θεὸν
1610 5439 1861 5524 ἀπείργει

296 5540 570 5603 ιὺσεϐείας
600 5579 614 5603 ,
662 5537 749 5592 διὰ
795 5536 853 5591 τὸ
906 5534 1038 5607 μηδὲ
1074 5532 1417 5604 βουλομένοις
1460 5530 1683 5585 δυνατὸν
1720 5526 1859 5609 εἶναι

296 5637 423 5689 πᾶσι
457 5635 570 5696 τοῖς
600 5630 779 5684 ἔθνεσι
805 5626 945 5684 κατὰ
974 5624 1212 5681 Μωῦσέα
1244 5621 1681 5679 πολιτεύσασθαι.

358 5812 408 5844 ³⁸
449 5810 553 5867 Isa.
590 5826 757 5870 um,
795 5807 879 5862 12.
953 5801 997 5835 ⁸⁸
1037 5800 1235 5874 Ephes.
1272 5818 1343 5870 ιι,
1382 5802 1469 5857 ﬂ.
1545 5801 1591 5833 ³⁸
1631 5799 1759 5855 ibid.
1800 5798 1887 5855 15.

1972 4998 1992 5030 ι
2022 4980 2142 5050 lpse
2167 4977 2310 5033 enim
2344 4985 2428 5032 est
2461 4992 2567 5047 pax
2590 4984 2801 5036 nostra,
2825 4973 2918 5045 qui
2952 4971 3078 5027 fecit
3101 4979 3331 5039 utraque
3347 4985 3538 5035 unum,

1966 5082 2021 5129 et
2050 5070 2285 5128 medium
2310 5071 2570 5141 parietem
2607 5070 2859 5124 maceriae
2888 5067 3050 5122 solvit
3075 5066 3140 5118 ⁸¹.
3175 5084 3192 5115 ι
3230 5063 3294 5118 Et
3318 5063 3545 5134 quidem

1967 5163 2206 5219 medium
2273 5160 2537 5232 parietem
2588 5160 2977 5231 interpretans,
3044 5155 3225 5211 subdit
3260 5195 3274 5217 ,
3308 5174 3325 5204 ι
3364 5154 3539 5224 legem

1965 5254 2345 5309 mandatorum
2398 5251 2634 5308 decretis
2677 5263 2951 5306 evacuans
2980 5247 3047 5310 ³⁸.
3086 5266 3104 5299 ι
3143 5246 3355 5302 sublato
3405 5246 3542 5317 legis

1968 5344 2219 5401 Mosaicm
2254 5344 2437 5400 medio
2466 5343 2702 5414 pariete;
2730 5339 2829 5411 qui
2872 5352 2973 5394 nos
2999 5337 3235 5394 ethnicis
3273 5336 3539 5392 (oriundos

1966 5437 2286 5508 parentibus
2314 5436 2637 5491 cxcludebat
2679 5447 2710 5486 a
2764 5431 2857 5487 Dei
2887 5431 3149 5501 religione
3179 5449 3192 5484 :
3226 5430 3353 5501 quia
3389 5444 3460 5483 ne
3492 5428 3547 5482 s'r

1966 5530 2269 5587 voluissent
2298 5527 2542 5599 quidem,
2585 5525 2700 5579 ﬁeri
2750 5531 2966 5595 poterat
2998 5531 3058 5577 ut
3095 5532 3307 5584 cunctae
3352 5531 3545 5597 gentes

1968 5638 2036 5678 ex
2066 5620 2327 5679 Mosaicae
2348 5620 2484 5692 legis
2512 5616 2749 5674 formula
2781 5617 2948 5671 vitam
2982 5615 3272 5688 agitarent.
