3936 6208
524 308 624 377 sit

1154 306 1439 374 Εῠεεθίι.
1461 308 1932 374 CIESARiENSlS
1968 317 2118 375 OPP.
2160 316 2338 371 PARS
2372 314 2457 373 Ill.
2497 348 2567 360 σ-
2604 312 3013 371 EXEGETICA.

3616 316 3709 372 εις

595 438 647 491 7.
681 435 826 493 Deus
873 435 1060 505 igitur,
1095 442 1154 487 ut
1202 435 1257 488 in
1308 431 1628 504 Evangelia;
1677 434 2077 489 demonstratio:

2256 431 2320 497 ζ’.
2366 434 2577 504 Ὥσπερ
2613 428 2706 485 οὖν
2763 429 3165 502 συνεστήσαμεν
3220 431 3280 483 ὲν
3326 431 3443 493 ταῖς
3489 431 3703 502 Euan-eo

521 544 587 584 ne
616 525 731 597 (i6)
757 526 869 596 jam
894 523 1255 587 asseruimus,
1283 524 1650 596 evangelicam
1683 528 1849 580 vitam
1871 527 2085 582 cunctis

521 617 830 689 proposuit,
857 615 933 669 ita
962 623 1022 669 ut
1057 614 1439 686 primigenium
1496 615 1630 671 illud
1675 617 1957 688 religionis
1994 634 2087 689 ge-

521 722 628 763 nus
654 704 948 778 perfectam
993 714 1158 778 atque
1193 707 1543 764 illustriorem
1590 709 1855 781 originem
1898 711 2085 766 redde-

456 869 460 873 ι
521 808 624 864 ret,
658 799 789 857 dum
817 813 981 854 manu
1016 801 1234 870 praefert
1271 801 1639 856 testimonium
1682 802 1946 872 primatus
1974 805 2079 858 sui.

520 889 884 957 Quamobrem
914 890 1024 945 vita
1067 906 1163 961 per
1187 892 1429 948 salutare
1469 891 1819 964 Evangelium
1868 895 2083 949 cunctis

518 983 770 1055 gentibus
808 982 1030 1046 tradita,
1063 984 1252 1044 eadem
1304 992 1424 1041 erat
1469 993 1635 1056 atque
1676 986 1768 1040 illa
1807 1002 1928 1057 quae
1958 999 2084 1043 ante

518 1075 757 1147 Moysem
788 1090 1012 1131 manum
1057 1078 1407 1148 protenderat
1439 1097 1454 1134 :
1480 1079 1640 1149 cujus
1663 1080 1789 1133 vitae
1817 1081 2083 1136 exercita-

518 1166 594 1221 tio
624 1165 681 1221 in
710 1166 903 1236 primis
927 1167 1034 1223 illis
1068 1166 1179 1222 Deo
1212 1167 1425 1223 dilectis
1456 1168 1775 1225 hominibus
1802 1178 2081 1242 perspecta

517 1265 605 1313 est
646 1276 659 1313 :
701 1257 1056 1329 eamdemque
1092 1259 1362 1331 ﬁgurabat
1396 1260 1486 1315 hic
1509 1259 1668 1326 Zara,
1719 1263 1813 1332 qui
1846 1263 2080 1334 primum

516 1346 716 1402 divitia!
758 1350 900 1403 inter
955 1348 1202 1406 homines
1254 1349 1565 1421 reipublicae
1611 1360 1790 1406 ortum
1827 1354 2020 1408 extulit
2064 1373 2077 1408 ε

516 1439 731 1511 fuitque
764 1440 907 1495 idem
958 1441 1287 1512 principium
1335 1451 1390 1497 et
1441 1442 1586 1507 ﬁnis,
1618 1445 1829 1514 primus
1874 1453 1929 1500 et
1956 1446 2083 1501 ulti-

517 1548 642 1589 mus
666 1551 682 1599 ;
723 1543 880 1590 ortus
901 1534 1084 1591 brevis
1115 1535 1209 1606 qui
1238 1545 1516 1606 postremo
1535 1537 1751 1591 cunctis
1775 1552 1969 1592 rursus
2002 1536 2083 1591 ef-

519 1622 672 1680 fulsit
701 1623 1034 1681 bominibus.
1069 1625 1177 1681 Sed
1215 1627 1360 1681 enim
1388 1634 1442 1682 et
1474 1627 1608 1683 illud
1641 1622 1767 1687 ante
1807 1628 1968 1685 dictis
1995 1628 2084 1684 ad-

516 1715 754 1771 dendum
779 1725 886 1783 est,
920 1716 976 1771 in
1014 1717 1156 1773 libro
1184 1718 1553 1789 generationis
1570 1718 1701 1776 Jesu
1730 1719 1935 1778 Christi
1970 1737 2085 1781 non

2179 523 2379 589 λικαῖς
2421 523 2765 586 ἀποδείξεσι
2786 562 2802 586 ,
2851 523 2950 594 τὴν
2978 523 3116 577 κατὰ
3166 522 3228 575 τὸ
3280 520 3591 591 Εὑαγγέλιον
3614 526 3700 588 τοῖς

2182 618 2316 670 πᾶσι
2359 616 2688 689 προεϐάλετο
2735 618 3009 672 πολιτείαν
3032 657 3048 682 ,
3082 616 3174 670 τοῦ
3227 615 3441 689 πρώτου
3469 618 3554 688 τῆς
3582 618 3703 673 εὐσε-

2182 709 2334 773 ϐείας
2361 711 2559 782 τρόπου
2604 710 2815 766 τελείαν
2860 710 2955 764 καὶ
2988 709 3372 781 λαμπροτέραν
3412 711 3505 780 τὴν
3533 712 3705 779 γένεσιν

2183 801 2584 871 πεποιημένου,
2639 802 2777 873 μετὰ
2824 802 2917 856 τοῦ
2960 804 3025 873 τῇ
3057 800 3201 872 χειρὶ
3244 800 3615 868 συνεπάγεσθαι
3651 803 3701 857 τὸ

2184 891 2480 964 μαρτύριον
2507 892 2602 946 τοῦ
2650 892 2860 965 πρῶτον
2890 893 3051 947 αὑτὸν
3080 895 3362 961 γεγονέναι
3381 908 3395 921 °
3428 894 3458 945 ὁ
3498 892 3611 960 γοῦν
3632 893 3705 947 te

2178 982 2273 1036 τοῦ
2302 982 2567 1056 σωτηρίου
2599 984 2928 1053 Εὑαγγελίου
2973 985 3108 1038 πᾶσι
3150 986 3264 1047 τοῖς
3313 982 3484 1036 ἔθνεσι
3513 985 3705 1055 παραδο-

2182 1073 2296 1137 θεὶς
2328 1074 2463 1145 βίος,
2496 1070 2651 1138 οὗτος
2676 1071 2745 1147 ἦν
2776 1077 2980 1140 ἐκεῖνος
3011 1077 3039 1129 ό
3069 1075 3165 1128 καὶ
3206 1075 3316 1144 πρὸ
3354 1076 3605 1138 Μωῦσέως
3625 1076 3705 1146 τὴν

2181 1168 2335 1237 χεῖρα
2382 1166 2686 1238 προτείνας,
2720 1168 2814 1220 καὶ
2859 1167 2956 1238 τὴν
2984 1167 3184 1238 πρᾶξιν
3239 1168 3335 1221 διά
3369 1166 3474 1220 τῶν
3516 1166 3705 1236 πρώτων

2180 1257 2438 1329 θεοφιλῶν
2470 1259 2675 1332 ἀνδρῶν
2715 1259 3175 1331 ἐπιδεδειγμένος·
3227 1253 3382 1324 οὗτός
3408 1276 3467 1312 τε
3499 1253 3631 1323 οὗτος
3650 1255 3705 1330 ἦν

2180 1348 2210 1399 ό
2240 1349 2391 1420 Ζαρᾶ
2418 1349 2519 1420 τῆς
2542 1348 2722 1403 ἐνθέου
2752 1349 3026 1413 πολιτείας
3055 1350 3154 1421 τὴν
3185 1346 3411 1419 πρώτην
3445 1349 3499 1400 ἐν
3533 1348 3702 1419 ἀνθρὼ-

2183 1454 2305 1502 ποις
2344 1439 2604 1511 ἀνατολὴν
2652 1438 3153 1510 καταϐεϐλημένος·
3184 1439 3381 1507 γέγονέ
3409 1456 3466 1492 τε
3503 1441 3531 1492 ὁ
3558 1440 3701 1503 αὐτὸς,

2182 1530 2323 1602 ἁρχὴ
2356 1532 2448 1585 καὶ
2473 1532 2645 1597 τέλος,
2681 1528 2896 1604 πρῶτός
2928 1549 2986 1585 τε
3017 1532 3113 1585 καὶ
3153 1531 3406 1594 ὕστατος,
3437 1530 3634 1601 ἀνατολὴ
3657 1546 3705 1583 τε

2184 1622 2353 1694 μικρὰ
2406 1624 2500 1677 καὶ
2568 1624 2771 1693 ὑστάτη
2820 1623 2979 1678 πάλιν
3032 1625 3112 1688 εἰς
3162 1624 3374 1687 πάντας
3430 1623 3700 1693 ἐκλάμψασα

2181 1714 2515 1787 ἀνθρώπους.
2550 1715 2696 1786 Πλὴν
2737 1715 2873 1769 ἀλλὰ
2902 1717 3125 1771 κάκεῖνο
3153 1717 3422 1788 προσήκει
3455 1718 3556 1779 τοῖς
3580 1717 3705 1787 εἰρη-

516 1820 548 1861 a
574 1806 750 1878 primo
776 1823 855 1867 ex.
884 1808 1122 1878 duobus,
1168 1825 1362 1882 nempe
1400 1809 1560 1880 Zara,
1604 1812 1713 1868 dici
1739 1816 2077 1885 progenitum

2183 1807 2362 1878 μένοις
2395 1807 2682 1871 ἐπιθεῖναι,
2715 1806 2791 1871 ὡς
2825 1809 2858 1878 ἡ
2897 1807 3075 1876 βίϐλος
3116 1807 3222 1878 τῆς
3261 1807 3518 1876 γενέσεως
3564 1806 3699 1879 Ἰησοῦ

513 1914 638 1957 eum
665 1900 825 1969 cujus
857 1901 1058 1957 texitur
1077 1901 1393 1973 genealogia
1415 1901 1551 1973 ;.sed
1578 1917 1609 1955 a
1642 1904 1902 1971 secundo,
1930 1905 2081 1962 vide-

514 1990 641 2047 licet
668 1989 896 2049 Phares.
918 1992 1054 2047 Nam
1089 2008 1278 2064 reapse
1298 1994 1598 2050 secundum
1621 2010 1843 2053 carnem
1865 2000 2079 2070 genitus

515 2082 619 2137 fuit
644 2082 711 2139 de
730 2092 891 2156 gente
916 2092 970 2141 et
1001 2101 1200 2157 genere
1248 2087 1495 2153 secundi,
1526 2102 1703 2158 neque
1742 2097 1953 2145 tantum
1978 2107 2076 2146 na-

514 2182 607 2231 tus
630 2191 661 2231 e
697 2177 947 2244 muliere,
980 2178 1074 2234 sed
1120 2177 1298 2234 factus
1349 2180 1453 2236 sub
1484 2181 1636 2254 lege,
1672 2190 1733 2237 ut
1771 2191 1827 2238 et
1867 2198 1963 2238 eos
1984 2182 2076 2254 qui

515 2265 620 2323 sub
652 2266 768 2339 lege
787 2276 942 2323 erant
970 2269 1260 2326 redimeret
1291 2271 1359 2338 ³³,
1380 2274 1681 2331 secundum
1701 2274 1948 2345 Apostoli
1976 2275 2079 2330 hac

512 2358 678 2415 etiam
713 2359 781 2415 de
807 2374 868 2416 re
889 2362 1280 2419 testimonium.

1219 2606 1356 2664 νιιῐ.

514 2738 624 2797 Cur
640 2743 821 2821 uxoris
840 2740 983 2799 Uriw
1004 2743 1297 2798 meminerit
1325 2745 1378 2799 in
1406 2746 1711 2818 genealogia
1731 2751 2068 2820 evangelista.

595 2917 649 2973 1.
689 2916 853 2974 Liber
895 2921 1266 2990 generationis
1311 2921 1443 2979 Jcsu
1500 2921 1729 2992 Christi,
1759 2924 1889 2980 dum
1947 2928 2069 2985 ait:

518 3028 538 3063 ι
574 3008 743 3067 David
794 3025 891 3067 rex
947 3013 1135 3083 genuit
1185 3012 1535 3072 Salomonem
1583 3032 1651 3074 ex
1693 3032 1758 3074 ea
1804 3033 1925 3090 quae
1968 3020 2072 3077 fuit

514 3100 677 3172 Uria,
706 3121 728 3155 ι
756 3101 1037 3162 declarare
1062 3108 1453 3179 propemodum
1476 3124 1541 3166 ac
1560 3111 1813 3168 nuntiare
1832 3112 2068 3180 videtur,

2183 1898 2417 1972 Χριστοῦ
2445 1900 2543 1953 οὐκ
2570 1899 2679 1953 ἀπὸ
2714 1898 2808 1952 τοῦ
2837 1899 2943 1953 τῶν
2967 1898 3113 1953 δυοῖν
3140 1897 3386 1972 πρώτου,
3415 1898 3541 1967 λέγω
3560 1898 3603 1952 δὲ
3620 1897 3695 1951 τοῦ

2183 1990 2361 2060 Ζαρᾶ,
2397 1989 2487 2041 τὸν
2519 1986 3004 2059 γενεαλογούμενον
3033 1987 3198 2059 φῦναι
3230 1989 3458 2058 εἰσάγει,
3494 1987 3585 2042 ἀλλ’
3612 1986 3698 2041 ἀπὺ

2181 2080 2274 2134 τοῦ
2298 2079 2549 2152 δευτέρου
2575 2080 2669 2134 τοῦ
2701 2081 2875 2153 Φαρές
2895 2099 2908 2112 ·
2942 2081 3062 2135 ἐπεὶ
3089 2080 3286 2150 γέγονε
3323 2080 3459 2136 κατὰ
3486 2082 3632 2152 σάρκα
3650 2081 3703 2132 ὲκ

2184 2170 2353 2240 φυλῆς
2381 2172 2474 2224 καὶ
2504 2170 2813 2242 σπέρματος
2840 2170 2934 2226 τοῦ
2958 2171 3211 2242 δευτέρου
3238 2190 3251 2204 ⁶
3286 2173 3347 2226 οὐ
3380 2173 3526 2245 μόνον
3545 2168 3700 2240 γεννώ-

2185 2281 2344 2335 μενος
2367 2265 2431 2318 ὲκ
2466 2266 2719 2333 γυναικὸς
2743 2307 2759 2333 ,
2800 2264 2936 2320 ἀλλά
2978 2267 3072 2319 καὶ
3101 2266 3396 2338 γενόμενος
3425 2265 3521 2319 ὑπὸ
3543 2265 3699 2335 νόμον,

2180 2356 2269 2408 ἴνα
2309 2354 2553 2419 καὶτοὺς
2604 2356 2709 2410 ὑπὸ
2756 2355 2918 2427 νόμον
2958 2356 3294 2430 ἐξαγοράσῃ,
3326 2357 3462 2413 κατὰ
3504 2355 3590 2429 τὴν
3625 2351 3695 2405 τοῦ

2194 2446 2517 2501 Ἀποστόλου
2546 2449 2640 2503 καὶ
2661 2449 2788 2521 περὶ
2809 2447 3001 2502 τούτου
3028 2449 3364 2522 μαρτυρίαν.

2912 2604 2991 2657 H'.

2176 2738 2278 2793 Διὰ
2322 2738 2380 2791 τί
2423 2736 2534 2809 τῆς
2585 2738 2691 2793 τοῦ
2742 2739 2957 2808 Οὐρίου
3007 2740 3301 2809 γυναικὸς
3346 2739 3592 2809 ἐμνήσθη
3620 2736 3695 2790 ἐπὶ

2427 2808 2532 2878 τῆς
2558 2810 2948 2881 γενεαλογίας
2983 2808 3023 2865 ὁ
3049 2808 3496 2882 εὺαηελιστής.

2246 2929 2318 2977 α’.
2351 2922 2649 2993 Μονονουχὶ
2676 2920 2764 2979 διὰ
2800 2919 2894 2974 τοῦ
2943 2920 3140 2990 φάναι,
3177 2941 3198 2973 ι
3228 2919 3391 2974 Δαϐὶδ
3430 2921 3459 2973 ὁ
3493 2915 3694 2989 βασιλεὺς

2176 3013 2429 3084 ἐγέννησε
2459 3012 2548 3066 τὸν
2568 3010 2853 3082 Σολομῶνα
2874 3012 2939 3064 ὲκ
2966 3010 3067 3082 τῆς
3091 3010 3191 3065 τοῦ
3224 3009 3440 3083 Οὐρίου,
3467 3027 3483 3061 ι
3506 3005 3693 3061 τοιοῦτόν

2177 3121 2231 3158 τι
2264 3104 2407 3158 ἔοικε
2455 3102 2647 3175 δηλοῦν
2678 3107 2711 3176 ἡ
2765 3103 2944 3176 βίϐλος
2978 3102 3115 3174 αὔξη
3148 3103 3253 3174 τῆς
3293 3100 3462 3173 Ἰησοῦ
3504 3094 3690 3172 Χριστοῦ

511 3194 631 3254 fore
678 3203 739 3261 ut
766 3212 892 3255 mox
920 3213 1114 3268 preces
1159 3198 1380 3257 Davidis
1420 3217 1486 3257 ac
1538 3203 1968 3274 supplicationes
2014 3223 2075 3264 re

2179 3195 2460 3264 γενέσεως,
2486 3193 2586 3259 τὰς
2607 3195 2880 3260 λιτανείας
2924 3195 3017 3249 καὶ
3058 3195 3159 3259 τὰς
3198 3195 3405 3256 ἱκεσίας
3445 3192 3529 3246 τοῦ
3567 3188 3692 3244 Δαϐὶδ

510 3296 699 3361 optata
732 3291 1029 3361 potiantur.
1077 3292 1333 3350 Continet
1361 3294 1506 3353 enim
1552 3296 1692 3353 liber
1738 3299 2074 3356 incarnatio-

510 3393 637 3435 nem
687 3378 823 3437 Jesu
863 3380 1070 3438 Christi
1120 3381 1433 3443 Servatoris
1468 3389 1713 3445 omnium
1753 3399 1807 3446 et
1851 3393 2071 3461 medici,

512 3470 676 3541 cujus
702 3472 867 3533 unius
889 3486 1056 3545 Opera
1084 3475 1342 3544 sperabat
1379 3475 1550 3533 David
1584 3495 1643 3535 se
1680 3481 2073 3538 absolvendum

514 3578 640 3620 esse
659 3578 690 3619 a
723 3564 955 3622 crimine
974 3566 1121 3623 circa
1175 3566 1361 3624 Uriam
1394 3571 1623 3644 ejusque
1651 3589 1874 3630 uxorem
1897 3615 1917 3643 ,
1949 3583 2003 3632 et
2040 3590 2075 3630 a

510 3654 707 3710 mortis
743 3655 958 3731 calculo
1003 3658 1422 3730 expediendum.
1468 3662 1542 3720 De
1600 3665 1704 3721 hoc
1747 3667 1913 3739 igitur
1941 3667 2072 3725 Jesu

509 3745 729 3805 Christo
776 3762 967 3805 necem
1013 3750 1283 3810 subeunte
1326 3753 1528 3825 (cujus
1572 3755 1841 3813 beneﬁcio
1890 3759 2070 3813 anima

508 3851 725 3908 quoque
753 3835 972 3895 Davidis
1000 3839 1278 3897 liberanda
1308 3846 1449 3915 erat)
1481 3844 1782 3901 vaticinans
1826 3845 1880 3901 in
1916 3846 2071 3903 Psal-

508 3928 615 3987 mis
645 3927 786 3985 idem
815 3929 983 3987 David
1004 3970 1019 3999 ,
1047 3933 1715 3993 descensumServatoris
1746 3938 1815 4007 ad
1866 3937 2071 3994 inferos

509 4035 777 4093 suamque
804 4023 978 4094 ipsius
1006 4025 1237 4082 salutem
1271 4028 1618 4098 signiﬁcavit,
1650 4029 1843 4085 dicens
1875 4049 1889 4085 :
1922 4049 1941 4083 ι
1967 4029 2074 4086 Do-

509 4109 677 4175 mine,
706 4110 943 4167 eduxisti
972 4128 1038 4168 ex
1066 4114 1258 4170 inferis
1308 4117 1549 4171 animam
1607 4133 1805 4185 meam,
1837 4121 2069 4176 servasti

509 4214 598 4257 me
649 4216 679 4255 a
730 4202 1187 4261 descendentibus
1236 4206 1291 4260 in
1335 4206 1597 4262 lacum“.
1637 4228 1656 4260 ι
1692 4209 1865 4265 ltem:
1908 4229 1926 4262 ι
1968 4210 2070 4277 Qui

507 4293 717 4349 exaltas
746 4310 833 4351 me
861 4294 928 4351 de
961 4297 1135 4366 portis
1157 4297 1353 4353 mortis
1373 4298 1440 4352 ³³.
1482 4317 1502 4351 ι
1536 4297 1667 4354 Item
1699 4319 1713 4354 :
1752 4319 1770 4353 ι
1804 4299 1922 4357 Νοη
1976 4302 2073 4358 de-

508 4384 789 4455 relinques
839 4387 1079 4443 animum
1147 4402 1321 4443 meam
1372 4389 1428 4444 in
1481 4388 1773 4447 inferno".
1809 4411 1827 4445 ι
1883 4391 2015 4449 Item
2052 4413 2066 4448 :

514 4494 537 4533 ι
569 4474 881 4535 Conversus
933 4478 1223 4535 vivificasti
1259 4496 1382 4546 me;
1412 4488 1467 4536 et
1517 4497 1585 4537 ex
1637 4482 1853 4556 abyssis
1914 4492 2073 4541 terra;

2176 3288 2298 3342 ὅσον
2329 3286 2481 3341 οὔπω
2542 3289 2914 3360 προχωρήσειν
2970 3290 3045 3352 εἰς
3097 3287 3253 3353 τέλος
3308 3284 3686 3355 εὐαγγελίζεται·

2178 3379 2418 3452 περιέχει
2471 3380 2596 3448 γοῦν
2653 3380 2749 3451 τὴν
2792 3379 3102 3451 οἰκονομίαν
3160 3378 3338 3451 Ἰησοῦ
3384 3374 3593 3450 Χριστοῦ
3617 3370 3688 3426 τοῖο

2177 3472 2426 3544 Σωτῆρος
2456 3471 2565 3525 τῶν
2593 3471 2729 3525 ὅλων
2751 3471 2846 3525 καὶ
2877 3471 3084 3544 ἰατροῦ,
3112 3471 3182 3525 δι’
3227 3465 3289 3525 οὗ
3315 3472 3469 3542 μόνου
3493 3468 3622 3530 ἐλπὶς
3639 3461 3687 3535 ἦν

2175 3566 2270 3619 καὶ
2313 3564 2390 3636 τῷ
2422 3563 2586 3617 Δαϐὶδ
2630 3565 2729 3635 τῆς
2756 3565 2898 3618 κατὰ
2934 3565 3026 3617 τὸν
3053 3564 3259 3636 Οὐρίαν
3294 3565 3387 3617 καὶ
3416 3563 3504 3634 τὴν
3537 3557 3683 3614 τούτου

2175 3660 2407 3727 γυναῖκα
2456 3656 2727 3728 ἁμαρτίας
2777 3655 3245 3727 ἀπολυθήσεσθαι,
3281 3652 3373 3711 καὶ
3421 3655 3511 3724 τῆς
3549 3654 3596 3704 ὲν
3627 3646 3685 3717 τῷ

2179 3748 2394 3820 θανάτῳ
2419 3747 2747 3820 καθείρξεως
2771 3747 3306 3820 ἐλευθερωθήσεσθαι
3331 3766 3344 3780 ·
3390 3746 3559 3801 τούτου
3587 3738 3683 3810 γοῦν

2190 3836 2362 3913 Ἰησοῦ
2392 3839 2627 3912 Χριστοῦ
2652 3841 2751 3911 τὴν
2785 3840 2945 3912 μέχρι
2972 3839 3205 3894 θανάτου
3241 3838 3544 3912 παρουσίαν,
3560 3834 3613 3887 δι’
3632 3827 3685 3901 ἧς

2176 3931 2374 4004 ημελλε
2397 3932 2492 3987 καὶ
2516 3933 2551 4004 ἡ
2574 3929 2668 3984 τοῦ
2692 3931 2855 3986 Δαϐὶδ
2890 3930 3326 4001 άπολυτροῦσθαι
3348 3929 3481 4001 ψυχὴ
3504 3966 3517 3989 ,
3541 3920 3681 3978 etari-

2177 4022 2284 4085 ζων
2316 4025 2372 4076 έν
2406 4026 2518 4087 τοῖς
2560 4021 2807 4095 Ψαλμοῖς
2861 4024 3017 4087 αὐτὸς
3055 4024 3084 4076 ὁ
3117 4023 3318 4089 Δαϐἱδ,
3350 4022 3417 4075 τὰ
3464 4015 3575 4089 περὶ
3607 4011 3680 4079 τῆς

2177 4116 2353 4169 ἐκεῖσε
2386 4116 2610 4170 καθόδου
2631 4116 2726 4170 τοῦ
2756 4116 3027 4187 Σωτῆρος,
3056 4116 3127 4170 τά
3160 4133 3221 4169 τε
3256 4115 3380 4187 περὶ
3416 4112 3506 4183 τῆς
3532 4099 3678 4163 ἑαυτοῦ

2179 4205 2447 4277 σωτηρίας
2484 4205 2673 4277 ἐδήλου
2696 4205 2765 4259 δι“
2792 4199 2867 4260 ὧν
2898 4205 3136 4275 ἔφασκε·
3173 4224 3192 4254 ι
3237 4203 3424 4273 Κύριε,
3462 4199 3678 4267 ἀνήγαγες

2182 4296 2242 4361 ἐξ
2272 4296 2398 4368 ᾅδου
2430 4297 2529 4369 τὴν
2560 4297 2736 4370 ψυχήν
2768 4314 2869 4369 μου
2891 4336 2906 4359 ,
2938 4296 3146 4360 ἔσωσας
3192 4313 3260 4368 με
3304 4294 3408 4349 ἀπὸ
3433 4290 3527 4344 τῶν
3554 4298 3677 4339 κατα·

2179 4386 2470 4442 ϐαινόντων
2503 4391 2583 4454 είς
2600 4388 2820 4445 λάκκον.
2847 4408 2866 4440 ›
2894 4388 3005 4442 Καὶ
3028 4388 3118 4441 τό·
3154 4407 3173 4440 ι
3195 4389 3255 4441 '0
3277 4384 3420 4456 ὑψῶν
3448 4398 3507 4454 με
3525 4381 3579 4431 ὲκ
3598 4372 3675 4427 τῶν

2180 4478 2361 4533 πυλῶν
2384 4478 2480 4533 τοῦ
2510 4480 2740 4534 θανάτου
2767 4519 2782 4534 .
2817 4499 2837 4532 ι
2864 4479 2974 4533 Καὶ
3000 4479 3060 4532 τό
3084 4495 3098 4509 ·
3130 4498 3149 4530 ι
3184 4478 3299 4531 Οὐκ
3336 4466 3676 4545 ἐγκαταλείψω

510 4567 708 4623 iterum
744 4568 1009 4624 reduxisti
1033 4584 1119 4624 me
1141 4569 1208 4625 ⁸⁷.
1250 4591 1269 4624 ι
1305 4570 1440 4638 Quis
1471 4580 1653 4627 autem
1688 4583 1804 4628 erat
1839 4574 2069 4630 descen-

2179 4571 2267 4643 τὴν
2313 4570 2491 4644 ψυχήν
2539 4588 2639 4643 μου
2678 4574 2757 4636 εἰς
2792 4571 2977 4644 ᾅδην.»
3031 4571 3143 4626 Καὶ
3184 4572 3275 4625 τό*
3322 4587 3339 4621 ι
3381 4558 3683 4632 Ἐπιστρέψεις.

509 4660 646 4717 dens
697 4659 1074 4732 reducensque
1119 4678 1244 4718 eum
1288 4678 1355 4720 ex
1402 4665 1651 4736 abyssis?
1677 4665 1801 4737 quis
1850 4682 2075 4724 servans

506 4768 633 4809 eum
685 4767 717 4807 a
757 4752 1213 4812 descendentibus
1247 4756 1302 4811 in
1336 4756 1559 4813 lacum?
1587 4757 1693 4813 nisi
1717 4758 1826 4823 hic,
1856 4758 1926 4815 de
1964 4775 2073 4830 quo

508 4845 711 4901 librum
734 4846 1103 4916 generationis
1132 4846 1400 4904 mirabilis
1440 4850 1776 4922 evangelista
1826 4852 2072 4907 conscri-
2128 4901 2135 4907 .

502 4937 629 4993 bit:
661 4938 803 4995 inter
856 4938 964 4995 alia
1009 4940 1155 4997 bona
1183 4954 1400 5013 quoque
1446 4940 1669 4999 Davidis
1707 4943 1865 5000 nobis
1927 4960 2070 4999 nun-

506 5024 674 5083 tians.

574 5302 627 5357 2.
663 5301 929 5359 Existimo
964 5312 1145 5361 autem
1190 5305 1247 5358 in
1304 5303 1356 5358 id
1406 5302 1724 5361 barathrum
1783 5302 2068 5373 delapsum

508 5391 677 5449 fuisse
718 5394 978 5465 Davidem
1005 5397 1075 5451 ob
1104 5396 1266 5452 unius
1303 5396 1511 5452 vocula:
1555 5408 1781 5459 noxam,
1807 5410 1971 5467 quam
2003 5396 2058 5449 in

2178 4660 2549 4734 ἐζωοποίησάς
2580 4679 2667 4734 με,
2700 4664 2795 4719 κα)⁵
2819 4661 3008 4717 ἐκτῶν
3041 4661 3291 4715 ἀϐύσσων
3323 4660 3417 4729 τῆς
3449 4656 3537 4727 γῆς
3555 4649 3670 4705 πάλιν

2179 4754 2452 4826 ἀνήγαγές
2486 4772 2574 4826 με.
2617 4775 2635 4807 ι
2675 4755 2770 4820 Τίς
2806 4756 2851 4810 δ’
2883 4752 2998 4829 ἦνό
3049 4755 3287 4818 καταϐάς
3319 4752 3408 4807 καὶ
3443 4740 3670 4815 ἀναγαγὼν

2178 4845 2434 4909 aurove}:
2464 4847 2572 4901 τῶν
2615 4847 2905 4911 ἁϐύσσωνς
2955 4849 3037 4913 τίς
3069 4849 3112 4901 δ’
3151 4848 3181 4901 ὁ
3217 4846 3388 4909 σώσας
3422 4840 3559 4898 αὑτὸν
3594 4830 3668 4886 ἀπὸ

2175 4938 2282 4992 τῶν
2314 4939 2749 4995 καταϐαινόντων
2770 4942 2849 5005 εἰς
2872 4941 3073 4997 λάκκον
3097 4959 3112 5006 ;
3141 4940 3253 4994 ἀλλ’
3275 4933 3419 5000 οὗτος
3445 4927 3485 5002 ᾧ
3512 4930 3665 4999 171;?“

2176 5033 2377 5094 νέσεως
2405 5033 2504 5103 τὴν
2554 5031 2733 5102 βίϐλον
2763 5035 2793 5086 ό
2831 5033 3129 5105 θαυμάσιος
3174 5025 3535 5099 εὐαγγελιστὴς
3569 5020 3664 5105 mf

2176 5123 2397 5193 γράφει,
2427 5124 2563 5195 μετὰ
2582 5124 2690 5178 τῶν
2712 5124 2886 5178 ἄλλων
2906 5102 3001 5179 καὶ
3023 5123 3089 5179 τὰ
3104 5125 3229 5197 περὶ
3247 5122 3339 5178 τοῦ
3364 5116 3508 5193 Δαϐὶδ
3530 5102 3662 5188 ἀγαβά

2174 5215 2339 5267 πᾶσιν
2366 5216 2499 5286 ἡμῖν
2530 5211 3027 5285 εὐαγγελιζόμενος.

2247 5303 2311 5374 β’.
2347 5278 2513 5376 Οἶμαι
2563 5304 2618 5358 δὲ
2642 5278 2817 5383 τούτῳ
2852 5278 2945 5375 .τῷ
2993 5303 3240 5375 πτώματι
3290 5291 3563 5392 περιπεπῆ

2176 5395 2338 5449 Δαϐὶδ
2367 5395 2454 5450 διὰ
2484 5396 2611 5467 μίαν
2631 5395 2841 5478 ταύτην
2869 5395 3072 5468 φωνὴν,
3100 5395 3166 5467 ἦν
3196 5397 3251 5450 ὲν
3277 5392 3350 5463 τῷ
3380 5383 3570 5450 εἰκοστιῖ)
3587 5383 3654 5428 ³⁸⁸

577 5567 621 5600 ³³
658 5566 777 5626 Gal.
810 5585 882 5634 tv,
919 5569 972 5625 5.
1046 5570 1094 5604 “
1129 5568 1275 5629 Psal.
1307 5586 1469 5638 nix,
1504 5572 1558 5627 4.
1639 5570 1685 5603 ³⁵
1724 5568 1869 5627 Psal.
1903 5586 1992 5635 ιι,
2030 5569 2077 5623 ιε

2201 5568 2245 5602 ³⁸
2281 5567 2428 5628 Psal.
2463 5587 2552 5639 xv,
2590 5571 2676 5627 l0.
2754 5573 2797 5606 ³⁷
2839 5571 2986 5631 Psal.
3024 5589 3124 5628 tu
3146 5615 3161 5643 ,
3193 5571 3279 5629 20.

578 5742 691 5816 (ιθ)
730 5741 851 5801 hil).
883 5758 923 5809 ι,
953 5743 1005 5799 3.
