3890 6198
233 247 345 306 917

782 241 1246 311 ρυιεδτιοιηεε
1281 239 1742 301 EVANGELICAS
1782 245 1798 296 Α

1906 240 2350 297 STEPHANUM.
2389 271 2461 282 —
2496 237 2827 307 QUIESTIO
2862 238 2933 295 Χ.

3360 241 3477 298 918

232 369 299 435 ἐξ
349 366 659 424 ἀλλουύλων
709 365 819 419 τῶν
869 366 1335 437 ἀπηγορευμένων
1385 366 1535 439 παρὰ
1585 367 1798 419 Μωῦσεῐ

1909 374 1964 422 ει
2013 365 2237 436 quidem
2274 380 2341 420 ex
2374 365 2446 421 iis
2480 364 2816 435 alienigenis
2861 379 3095 435 quorum
3146 366 3477 421 commercio

233 458 571 515 Μωαὸιτῶνο
605 477 623 510 ι
658 457 941 512 Μωαϐῖται
971 458 1101 528 γὰρ,
1126 459 1259 528 φησὶ
1279 496 1293 518 ,
1338 459 1434 511 καὶ
1478 457 1803 527 Ἀμμανῖται

233 553 335 605 οὐκ
362 549 753 603 εἰσελεύσονται
787 550 866 612 είς
902 549 1222 621 Ἐκκλησίαν
1256 549 1458 619 Κυρίου
1492 549 1593 613 ἕως
1616 549 1805 619 τρίτης

238 643 330 695 καὶ
349 642 616 712 τετάρτης
643 641 854 708 γενεᾶς,
886 642 977 694 καὶ
1003 640 1106 703 ἕως
1135 641 1215 703 είς
1252 640 1342 693 τὸν
1375 638 1575 693 αίῶνω
1623 659 1641 691 ι
1667 640 1805 708 πλὴν

233 730 368 785 ἀλλὰ
398 730 491 783 καὶ
512 734 759 802 κρεῖττον
788 729 878 782 τοῦ
907 731 1072 798 νόμου
1097 730 1362 801 γενομένη
1388 729 1660 801 θεοφιλὴς,
1696 731 1807 782 εἰσ-

230 824 391 894 ῆλθεν
444 824 523 887 είς
569 823 889 893 Ἐκκλησίαν
931 826 1134 895 Κυρίου
1157 840 1169 853 ’
1199 823 1428 894 ἐπείπερ
1455 824 1484 875 ὁ
1509 823 1670 893 νόμος
1696 825 1807 895 τοῖς

228 893 289 971 ὲν
316 916 393 987 τῷ
425 915 572 987 νόμῳ
602 915 750 968 λαλεί
769 933 780 944 ο
822 935 841 965 ι
873 893 1074 986 Δικαίῳ
1107 916 1163 969 δὲ
1189 916 1350 986 νόμος
1368 893 1427 968 ού
1463 918 1656 977 κεῖται,
1692 893 1805 967 ἀλλ’

229 1006 452 1073 ἀνόμοις
486 1005 578 1057 καὶ
600 1005 1010 1069 ἀνυποτάκτοις,
1033 1005 1254 1059 ἀσεϐέσι
1284 1007 1377 1060 καὶ
1404 1005 1796 1077 ἁμαρτωλοῖς.ι

242 1095 306 1147 Ἠ
339 1094 397 1148 δὲ
439 1094 594 1147 Ῥοὺθ
623 1093 684 1147 ού
730 1095 980 1167 τοιαύτη,
1014 1098 1062 1149 εί
1097 1096 1190 1148 καὶ
1219 1095 1277 1149 τὸ
1301 1096 1458 1164 γένος
1511 1096 1804 1164 ἀλλόφυλος

225 1184 316 1258 ἦν,
344 1187 627 1258 ύπερϐᾶσα
650 1188 705 1241 δὲ
735 1188 824 1240 τὸν
843 1188 1117 1261 διορισμὸν
1138 1188 1229 1241 τοῦ
1259 1190 1445 1260 νόμου,
1476 1190 1569 1241 καὶ
1596 1189 1801 1261 εἰσελήο

226 1277 389 1331 λύθεν
445 1280 523 1342 εἰς
575 1281 672 1349 τὴν
718 1280 1042 1349 Ἐκκλησίαν
1073 1280 1298 1349 Κυρίου,
1348 1280 1441 1332 καὶ
1491 1279 1583 1331 τοῦ
1615 1280 1805 1347 γένους

228 1372 565 1442 ἐχρημάτισε
594 1372 685 1426 τοῦ
732 1372 1145 1444 Ἰσραηλιτικοῦ,
1171 1374 1263 1425 καὶ
1294 1374 1350 1425 ἐν
1373 1373 1654 1443 προγόνοις
1677 1374 1804 1425 ἀνα-

226 1462 501 1533 ληφθῆναι
527 1464 620 1516 τού
650 1464 896 1535 Σωτῆρος
921 1465 1075 1535 ἡμῶν
1104 1464 1432 1534 κατηξιώθη,
1462 1464 1548 1517 διὰ
1576 1464 1671 1535 τὴν
1696 1464 1802 1519 τῶν

225 1554 482 1625 τρόπων,
527 1556 642 1609 ἀλλ’
673 1558 732 1609 ού
769 1558 855 1611 διὰ
900 1558 995 1629 τὴν
1048 1557 1141 1611 τοῦ
1192 1559 1437 1629 σώματος
1482 1560 1759 1628 εὐγένειαν
1785 1578 1797 1590 ο

228 1646 365 1696 πᾶσί
419 1664 474 1698 τε
508 1650 641 1717 ἡμῖν
690 1651 803 1710 τοῖς
856 1646 914 1712 ἐξ
964 1648 1131 1702 ἐθνῶν
1179 1649 1494 1717 ἀλλοφύλοις
1548 1652 1802 1721 μέγιστον

1912 456 2126 529 Moyses
2169 457 2547 519 interdixerat,
2588 470 2782 527 nempe
2815 456 3087 511 Moabitis.
3129 474 3148 507 ι
3186 455 3436 510 Μοειὶιὶιιε
3461 494 3477 518 ,

1913 550 2109 620 inquit,
2142 558 2197 604 et
2224 549 2546 604 Ammonitaz
2589 565 2700 604 non
2751 548 3036 603 intrabunt
3084 549 3138 603 in
3164 548 3258 604 Dei
3293 549 3481 605 Eccle—

1914 644 2049 697 siam
2084 658 2258 712 usque
2289 643 2355 698 ad
2400 643 2618 698 tertiam
2672 652 2724 697 et
2769 654 3017 712 quartam
3048 643 3479 711 generationem,

1914 735 2022 789 imo
2057 736 2110 789 in
2137 735 2483 790 aeternum“.
2524 754 2542 787 ι
2583 733 2689 789 Sed
2725 742 2904 789 tamen
2930 733 3045 788 hazc
3070 733 3140 787 oh
3155 733 3475 803 religionem

1914 840 2067 880 suam
2097 824 2240 878 facta
2285 825 2390 896 legi
2422 824 2672 893 superior
2701 823 2947 894 ingressa
2980 831 3063 879 est
3091 826 3147 878 in
3175 823 3478 880 Ecclesium

1914 913 2005 968 Dei
2038 933 2050 966 :
2087 914 2347 984 quoniam
2400 914 2485 969 lex
2528 930 2621 970 eos
2649 914 2741 984 qui
2782 914 2887 969 sub
2923 914 3040 985 lege
3066 922 3193 969 sunt
3239 914 3476 986 alloqui-

1912 1014 2001 1059 tur
2030 1026 2042 1059 :
2082 1024 2099 1056 ι
2133 1004 2291 1060 Justo
2324 1015 2502 1060 autem
2536 1020 2644 1059 non
2673 1015 2758 1061 est
2779 1007 3076 1061 constituta
3108 1006 3214 1073 lex,
3259 1005 3355 1061 sed
3394 1007 3479 1061 in~

1908 1097 2076 1165 justis
2106 1106 2158 1151 et
2184 1096 2522 1152 refractariis
2555 1104 2608 1151 et
2636 1097 2819 1167 impiis
2861 1104 2915 1152 et
2950 1097 3412 1167 peccatoribus".
3452 1117 3472 1150 ι

1912 1189 2091 1244 Rutha
2126 1207 2253 1245 vero
2271 1206 2377 1245 non
2404 1198 2525 1245 erat
2553 1190 2857 1260 ejusmodi,
2884 1188 3103 1246 etiamsi
3148 1195 3307 1261 gente
3346 1189 3478 1243 alie-

1913 1282 2103 1351 nigena
2134 1301 2145 1334 :
2178 1282 2273 1336 sed
2307 1297 2659 1353 supergressa
2710 1281 2847 1353 legis
2891 1280 3025 1336 lines
3069 1280 3127 1333 in
3176 1279 3476 1334 Ecclesiam

1911 1373 2006 1427 Dei
2039 1373 2305 1437 introivit,
2343 1381 2397 1428 et
2443 1374 2511 1429 de
2543 1388 2743 1445 genere
2788 1373 2975 1427 habita
3024 1380 3109 1429 est
3154 1370 3475 1436 Israelitico,

1911 1472 2074 1532 atque
2100 1463 2238 1517 inter
2264 1463 2643 1533 progenitores
2664 1461 2973 1518 Servatoris
2998 1462 3171 1518 nostri
3193 1461 3477 1532 dignanter

1910 1564 2188 1622 assumpta
2224 1562 2447 1623 pr0pter
2474 1567 2708 1617 morum,
2747 1567 2853 1606 non
2900 1552 3150 1621 corporis
3174 1591 3188 1616 ,
3222 1550 3479 1605 nobilita-

1910 1656 2014 1698 tem
2043 1664 2056 1699 :
2087 1645 2353 1715 nobisque
2385 1644 2640 1699 omnibus
2670 1659 2869 1715 genere
2893 1644 3113 1697 etlmico
3137 1644 3281 1696 natis
3312 1642 3482 1694 maxi-

230 1734 534 1805 ὑπόδειγμα
564 1739 821 1808 κατέστη,
854 1738 934 1790 ὅτι
974 1738 1038 1809 δὴ
1085 1740 1244 1809 ὃμοια
1293 1740 1594 1810 πράξαντες
1642 1742 1798 1811 αὐτῇ,

1906 1752 2049 1791 mum
2081 1738 2353 1805 Olijectum
2382 1744 2467 1791 est
2498 1737 2831 1807 exemplum,
2866 1737 2981 1791 fore
3014 1744 3071 1789 ut
3101 1735 3145 1789 si
3168 1736 3318 1804 paria
3349 1734 3477 1787 huic

223 1828 333 1881 τῶν
364 1828 491 1880 ἴσων
525 1829 675 1899 cupi
705 1829 781 1899 τῷ
803 1829 922 1899 Θεῷ
942 1830 1260 1900 τευξόμεθα.

294 1920 364 1989 β’.
404 1922 642 1985 Εἰκότως
667 1919 759 1975 οὖν
791 1923 887 1993 τὴν
918 1924 1022 1975 τῶν
1047 1925 1357 1993 ἀλλοφύλων
1391 1926 1580 1998 κλῆσίν
1620 1945 1678 1980 τε
1712 1929 1803 1981 καὶ

224 2013 534 2084 εἰσποίησιν
570 2014 775 2084 μέλλων
827 2016 1311 2085 εὐαγγελίζεσθαι,
1359 2022 1425 2090 τῇ
1482 2020 1803 2091 γενεαλογίᾳ

221 2104 397 2176 αὐτὴν
432 2104 673 2160 τέθεικεν
693 2123 706 2136 ·
735 2107 879 2176 ἡμᾶς
906 2109 1031 2170 τοὺς
1062 2107 1118 2173 ἐξ
1158 2108 1325 2162 ἐθνῶν
1352 2109 1679 2180 ἀλλοφύλους
1710 2129 1803 2181 μο-

220 2198 437 2267 νονουχὶ
464 2196 730 2250 παιδεύων
750 2197 817 2251 δι’
850 2199 1041 2268 αὐτῆς,
1072 2200 1151 2252 ὄτι
1181 2200 1243 2271 δὴ
1286 2200 1354 2253 τὰ
1390 2203 1592 2272 πάτρια
1637 2221 1803 2255 κατα-

220 2290 496 2353 λιπόντες,
521 2291 745 2354 εἰκότως
775 2291 868 2344 κα¹ι
896 2292 964 2344 τὰ
997 2292 1262 2346 ἀκόλουθα
1293 2296 1375 2357 είς
1408 2295 1553 2365 ἡμᾶς
1581 2296 1685 2367 πλη
1697 2316 1800 2369 ρω-

220 2382 453 2453 θησεται
479 2400 492 2413 ·
524 2382 705 2435 οὐκέτι
738 2383 845 2456 γὰρ
875 2385 932 2436 ὲν
956 2383 1272 2451 ἀλλοφύλοις
1297 2387 1798 2459 καταλεγησόμεθα,

220 2473 322 2527 οὐδ’
354 2471 420 2536 ἐξ
450 2472 765 2543 ἀλλοφύλων
791 2475 1221 2545 χρηματίσομεν,
1250 2476 1363 2529 ἀλλ’
1391 2478 1455 2531 ἐκ
1491 2479 1585 2531 τοῦ
1615 2480 1803 2549 ἀληθι-

221 2564 309 2618 νοῦ
361 2564 584 2635 Ἰσραὴλ
626 2564 720 2617 καὶ
769 2564 863 2617 τοῦ
926 2564 1053 2617 λαοῦ
1089 2565 1181 2617 τοῦ
1234 2566 1432 2637 κλήρου
1482 2568 1575 2620 τού
1628 2570 1800 2623 Θεοῦ·

219 2658 541 2726 ἀναγκαίως
568 2658 622 2710 δὲ
654 2653 719 2711 αὖ
747 2658 907 2712 πάλιν
938 2658 1180 2729 ἐμνήσθη
1216 2663 1312 2731 τῆς
1355 2662 1529 2724 Ῥούθ,
1562 2663 1629 2715 τὰ
1655 2666 1802 2716 αἴτια

217 2748 300 2803 διὰ
324 2748 437 2818 τῆς
464 2748 585 2801 κατ’
616 2749 776 2801 αὑτὸν
810 2751 1048 2820 ἱστορίας
1085 2750 1300 2817 διδάξας
1346 2753 1466 2806 τίνα
1501 2749 1568 2824 ἦν
1608 2755 1672 2807 τὰ
1708 2756 1801 2807 λύ-

221 2859 399 2895 σαντα
454 2842 554 2912 τὴν
607 2842 976 2913 ἀπαγόρευσιν
1023 2842 1116 2895 τοῦ
1163 2844 1327 2914 νόμου
1381 2845 1481 2915 τὴν
1532 2847 1798 2915 φήσασαν,

223 2954 241 2987 ι
279 2934 578 2989 Μωαϐῖται
609 2936 706 2987 οὐκ
754 2935 1148 2988 εἰσελεύσονται
1186 2938 1265 2999 είς
1318 2937 1642 3007 Ἐκκλησίαν
1691 2940 1801 2991 Κυ-

221 3027 361 3096 ρίου.
408 3046 425 3076 ι
459 3025 651 3093 Γέγονε
683 3027 850 3097 γὰρὴ
892 3028 1171 3091 Μωαϐῖτις
1215 3029 1289 3091 ὡς
1336 3029 1533 3100 Ῥαχὴλ
1585 3031 1679 3084 καὶ
1723 3031 1796 3096 ὡς

1908 1830 2121 1883 feminae
2152 1828 2438 1891 faciamus,
2465 1843 2650 1896 parem
2691 1830 2923 1898 gratiam
2954 1845 2983 1881 a
3018 1827 3128 1881 Deo
3154 1825 3475 1881 referamus.

1970 1923 2025 1977 2.
2068 1920 2237 1976 Recte
2294 1922 2461 1991 igitur
2509 1923 2603 1992 qui
2654 1921 3083 1987 alienigenarum
3135 1920 3477 1974 vocationem

1904 2019 2065 2080 atque
2096 2010 2443 2082 adoptionem
2470 2012 2823 2067 nuntiaturus
2846 2023 2986 2076 erat,
3021 2012 3163 2065 hanc
3190 2012 3245 2064 in
3278 2026 3477 2081 genea-

1907 2101 2045 2169 logia
2094 2101 2378 2155 mulierem
2433 2102 2777 2172 posuit.;nos
2832 2119 2900 2157 ex
2950 2103 3271 2173 alienigenis
3325 2111 3477 2156 ortos

1903 2193 2306 2262 quodammodo
2329 2211 2429 2264 per
2455 2211 2574 2251 eam
2611 2195 2869 2251 erudiens
2903 2195 3018 2250 fore
3046 2202 3104 2249 ut
3123 2237 3137 2260 ,
3193 2197 3239 2251 si
3267 2196 3476 2265 patrios

1903 2301 2082 2341 mores
2119 2286 2456 2352 deseramus,
2476 2286 2603 2357 jure
2629 2289 2834 2358 optimo
2856 2297 3226 2343 consentanea
3264 2290 3477 2344 meritis

1906 2380 2044 2433 bona
2068 2394 2477 2451 consequamur
2512 2397 2528 2434 :
2564 2397 2741 2452 neque
2764 2381 2910 2436 enim
2955 2382 3167 2435 diutius
3213 2381 3475 2452 alienige-

1905 2474 1990 2527 nis
2023 2476 2528 2540 annumerabimur,
2559 2491 2736 2545 neque
2775 2475 2860 2529 his
2902 2474 3120 2527 oriundi
3173 2474 3473 2544 appellabi-

1905 2578 2048 2626 mur,
2079 2563 2173 2618 sed
2211 2579 2277 2618 ex
2303 2579 2434 2618 vero
2464 2562 2666 2618 lsraele
2711 2578 2774 2616 ac
2805 2564 3007 2632 populo
3040 2564 3134 2632 qui
3178 2572 3262 2617 est
3300 2562 3475 2618 haere-

1902 2655 2045 2709 ditas
2089 2654 2321 2711 Domini.
2362 2654 2575 2715 Rursus
2624 2657 2941 2711 necessario
2991 2655 3188 2712 Ruthae
3226 2654 3476 2709 meminit

1903 2748 2252 2817 evangelista,
2289 2747 2417 2801 dum
2442 2748 2495 2801 in
2525 2747 2755 2801 historia
2780 2764 2879 2803 sua
2914 2763 3111 2803 causas
3146 2748 3472 2816 tradit,qua:

1906 2838 2040 2907 legis
2094 2838 2362 2893 tollebant
2418 2840 2768 2893 interdictum
2820 2840 3133 2909 ejusmodi:
3173 2862 3191 2890 ι
3226 2839 3473 2894 Moabitae

1906 2943 2014 2983 non
2064 2929 2347 2985 intrabunt
2397 2932 2450 2984 in
2495 2931 2801 2986 Ecclesiam
2848 2931 2962 2987 Dei.
2999 2953 3017 2985 ι
3054 2931 3279 2987 Femina
3327 2937 3472 2989 enim

1905 3020 2159 3077 lloabitis
2193 3022 2259 3076 ad
2292 3024 2661 3079 conditionem
2685 3024 2906 3077 transiit
2936 3023 3191 3081 Raehelis
3242 3035 3295 3081 et
3339 3022 3468 3090 Lize,

217 3119 378 3181 Λεία,
416 3118 473 3169 αῖ
502 3117 857 3187 ᾠκοδόμησαν
894 3120 1320 3190 ἀμιξότεραικτὸν
1353 3118 1499 3175 οἷκον
1545 3124 1759 3194 Ἰσραήλ
1784 3139 1795 3151 ·

1906 3128 2135 3183 quarmn
2187 3124 2419 3185 utraque
2466 3116 2755 3170 aediﬁcavit
2800 3116 3020 3170 domum
3072 3118 3307 3173 lsraelis.
3363 3120 3475 3172 (iur

217 3209 332 3273 πῶς
367 3209 427 3261 δὲ
462 3210 582 3278 ούχὶ
609 3212 872 3281 χρήσιμος
903 3207 971 3281 ἦν
998 3215 1063 3283 τῇ
1084 3212 1175 3265 τού
1219 3214 1468 3287 Σωτῆρος
1504 3216 1657 3285 ἡμῶν
1699 3218 1799 3288 Ἰη-

217 3302 308 3354 σού
337 3301 585 3373 Χριστοῦ
622 3303 941 3375 γενεαλογίᾳ
972 3307 1003 3376 ἡ
1042 3308 1226 3377 μνήμη
1260 3308 1356 3377 τῆς
1393 3308 1570 3371 Ῥούθ,
1604 3310 1688 3377 ἐφ’
1733 3309 1799 3379 ἢν

215 3393 442 3464 ὅρη-ται
478 3409 494 3442 ι
523 3392 614 3444 καὶ
647 3392 707 3445 τὸ
747 3393 966 3463 ποιῆσαι
993 3394 1219 3463 δύναμιν
1254 3396 1309 3446 ἐν
1348 3394 1609 3465 Ἐιρραθᾷ,
1650 3395 1799 3447 ἔσται

214 3483 396 3553 δνομα
425 3485 482 3534 ὲν
498 3482 741 3553 Βηθλεέμ
766 3500 779 3547 ;
808 3504 825 3536 ι
849 3485 1177 3555 προφητείας
1192 3486 1299 3557 γὰρ
1330 3485 1585 3556 ἄντικρυς
1601 3488 1798 3550 ταύτας

215 3576 452 3651 εἰκότως
480 3575 544 3627 ἄν
576 3592 660 3639 τις
686 3576 819 3645 φαίη
848 3578 1151 3646 τυγχάνειν,
1182 3578 1242 3629 τὸ
1268 3580 1331 3630 ἐκ
1363 3578 1606 3649 Βηθλεὲμ
1629 3580 1798 3649 ὄνομα

213 3668 271 3719 τὸ
296 3666 461 3737 παρὰ
492 3666 568 3737 τῷ
595 3667 852 3737 Ματθαίῳ
874 3670 1343 3740 γενεαλογουμένῳ
1378 3671 1551 3741 Ἰησοῦ
1582 3673 1798 3743 Χριστῷ

213 3760 549 3824 ἑξάκουστον
570 3760 650 3823 είς
675 3761 780 3812 πᾶν
802 3761 956 3829 γένος
984 3762 1081 3814 ἀνθ
1091 3762 1285 3833 ρώπων
1316 3762 1556 3835 θεωρῶν,
1585 3765 1677 3817 καὶ
1702 3765 1799 3835 τὴν

213 3851 269 3903 ἒν
331 3849 586 3921 Ἐφραθᾷ
636 3851 931 3923 γενομένην
984 3853 1249 3924 δύναμιν’
1303 3855 1368 3907 δι’
1398 3852 1464 3926 ἧς
1518 3856 1797 3926 δυνάμεως

215 3943 402 3995 πάντα
450 3942 518 3993 τὰ
549 3942 672 4011 ἔθνη
706 3943 797 3996 τὸν
834 3946 896 3995 ὲκ
941 3945 1040 4014 τῆς
1104 3945 1257 3998 Ῥούθ
1311 3948 1797 4018 γενεαλογούμενον

217 4034 460 4105 Χριστὸν
492 4033 585 4085 τοῦ
619 4033 752 4086 Θεοῦ
783 4036 1087 4103 ἐπιγνόντα,
1130 4038 1198 4090 δι’
1237 4037 1399 4091 αύτού
1433 4039 1532 4108 τῆς
1569 4042 1665 4108 μὲν
1695 4058 1798 4093 πα-

215 4123 405 4193 τρῴας
431 4124 782 4194 ἁπέστη,τῆς
828 4126 979 4179 Ῥοὺθ
1017 4127 1410 4199 παραπλησίως
1435 4170 1448 4193 ,
1493 4130 1570 4199 τῷ
1593 4129 1647 4181 δὲ
1681 4130 1797 4201 Θεῷ

216 4216 307 4267 τοῦ
360 4215 580 4285 Ἰσραὴλ
608 4217 772 4269 ἑαυτὰ
811 4217 1130 4271 ἐπιδέδωκεν
1152 4259 1164 4280 ,
1201 4221 1401 4290 ὁμοίως
1433 4223 1565 4292 αὐτῇ
1605 4221 1791 4275 πάλιν

217 4299 287 4359 ὧν
344 4306 517 4358 ἕνεκα
557 4323 644 4377 μοι
682 4308 827 4360 δοκεῖ
871 4309 969 4360 οὐκ
1021 4309 1398 4378 ἀσυλλόγιστος
1432 4314 1462 4383 ἡ
1498 4312 1797 4383 παράθεσις

218 4398 312 4467 τῆς
367 4396 524 4450 Ῥουθ
554 4400 610 4451 ἐν
644 4401 708 4468 τῇ
748 4399 839 4452 τοῦ
882 4399 1158 4455 Ματθαίου
1200 4403 1560 4475 παρειλῆφθαι
1610 4420 1795 4472 γενεα-

220 4489 401 4558 λογίᾳ.

972 4607 1037 4661 Ῐ’.

218 4716 318 4773 Διά
357 4717 416 4770 τί
446 4716 552 4769 τὸν
587 4717 850 4788 ἰωακείμ
890 4720 1178 4793 Ἰεχονίαν
1206 4721 1469 4791 ὀνομάζει
1496 4726 1529 4777 o'
1553 4725 1792 4793 εὐαγγε-

894 4791 1125 4857 λιστής.

287 4905 367 4951 α’.
404 4898 683 4971 Διιῦνυμος
715 4896 866 4964 οὗτος
891 4897 957 4972 ἧν
978 4918 990 4930 ο
1016 4902 1127 4955 ἀλλ’
1154 4904 1274 4955 ἐπεὶ
1303 4904 1442 4956 κατὰ
1464 4904 1552 4956 τὸν
1577 4906 1788 4975 προφή-

217 5004 313 5057 την
357 4987 626 5060 Ἰερεμίαν
668 4991 918 5063 Ἰεχονίας
950 4992 1266 5063 ὀνομασθείς
1302 4994 1649 5065 διακέκληται
1676 5034 1690 5058 τ
1722 4994 1791 5047 δι’

217 5073 290 5132 ὧν
312 5097 498 5149 φησιν,
530 5101 548 5133 ι
574 5082 848 5155 Ἠτιμώθη
881 5086 1130 5156 Ἰεχονίας
1147 5086 1220 5149 ὡς
1243 5088 1431 5151 σκεῦος
1448 5082 1505 5141 οὗ
1522 5087 1621 5140 οὐκ
1643 5088 1789 5140 ἔστιν

217 5172 384 5224 αὑτοῦ
425 5174 617 5243 χρεία*
659 5175 789 5229 διότι
829 5177 1102 5249 ἀπερρίφη
1137 5177 1297 5240 αὐτὸς
1335 5179 1429 5233 καὶ
1470 5179 1529 5231 τὸ
1572 5178 1792 5248 σπέρμα

216 5264 387 5317 αὑτοῦ
402 5283 414 5294 ο
435 5268 527 5337 γῆ,
553 5269 644 5339 γῆ,
666 5270 828 5322 ἄκουε
850 5270 1003 5337 λόγον
1022 5269 1220 5340 Κυρίου
1243 5287 1254 5299 ο
1279 5271 1485 5341 γράψον
1507 5271 1595 5325 τὸν
1625 5271 1790 5341 ἄνδρα

214 5356 408 5411 τοῦτον
432 5361 801 5431 ὲκκήρυκτον,
846 5364 1015 5415 ὅτιού
1056 5364 1128 5433 μὴ
1166 5366 1368 5434 ἀναστῇ
1408 5367 1471 5416 ἐκ
1503 5362 1590 5415 τοῦ
1626 5365 1791 5434 σπέρ-

220 5464 394 5513 ματος
420 5450 582 5503 αὐτοῦ
608 5450 913 5522 καθήμενος
940 5453 1029 5505 ἐπὶ
1065 5453 1251 5525 θρόνου
1277 5453 1441 5507 Δαίὶὶδ
1459 5494 1472 5515 ,
1502 5452 1682 5524 ἄρχων
1709 5453 1788 5504 ἔτι

218 5538 275 5585 ἐν
306 5536 385 5606 τῷ
424 5539 589 5609 Ἰούδᾳ
608 5556 624 5571 °
649 5561 667 5592 ι
699 5542 792 5593 καὶ
820 5541 1003 5613 ἐπειδὴ
1034 5542 1238 5595 τούτων
1266 5543 1426 5594 ἕνεκα
1460 5541 1658 5612 συνέϐη
1690 5542 1787 5611 τὴν

294 5694 341 5722 ⁸⁸
383 5693 532 5749 Deut.
571 5710 736 5760 χχιιι,
775 5697 853 5761 3;
895 5694 1087 5757 llEsdr
1147 5713 1272 5761 xui,
1314 5698 1361 5752 l.

1442 5699 1481 5727 ⁵⁷
1522 5696 1537 5749 l
1570 5696 1710 5753 Tim.
1752 5713 1802 5762 ι,
1837 5698 1885 5751 9.

1904 3211 2084 3258 autem
2114 3218 2224 3258 non
2256 3206 2532 3262 decuisset
2563 3208 2933 3278 genealogiam
2959 3208 3267 3265 Servatoris
3297 3212 3470 3265 nostri

1901 3291 2031 3348 Jesu
2077 3295 2282 3350 Christi
2326 3298 2532 3351 mentio
2586 3297 2823 3353 Ruthm?
2857 3299 2925 3355 de
2976 3314 3082 3369 qua
3114 3308 3168 3355 et
3205 3301 3336 3354 illud
3389 3301 3473 3354 di-

1902 3393 2050 3439 ctum
2104 3384 2207 3440 fuit
2255 3406 2275 3439 ι
2314 3387 2496 3444 facere
2545 3390 2806 3446 virtutem
2867 3393 2922 3446 in
2986 3393 3257 3463 Ephratha
3289 3433 3303 3458 ,
3365 3396 3471 3449 erit

1902 3491 2098 3531 nomen
2128 3477 2181 3531 in
2200 3476 2510 3533 Bethlehem
2529 3480 2650 3534 η’.»
2685 3480 3006 3552 Prophetias
3037 3486 3179 3537 enim
3222 3501 3343 3540 esse
3372 3486 3472 3542 has

1903 3571 2218 3640 perspicuas
2251 3573 2528 3643 quispiam
2557 3575 2736 3643 dicet;
2768 3577 3019 3632 videlicet
3053 3596 3083 3633 e
3122 3579 3471 3635 Bethlellemo

1902 3677 2100 3716 nomen
2127 3662 2331 3718 Christi
2354 3663 2505 3729 Jesu,
2536 3666 2695 3735 cujus
2713 3670 3080 3738 genealogiam
3121 3672 3293 3725 texuit
3332 3671 3471 3724 Mat-

1903 3752 2095 3818 thzeus,
2128 3769 2223 3823 per
2252 3757 2539 3811 universas
2570 3768 2757 3827 gentes
2787 3759 3046 3813 diffusum
3079 3776 3332 3822 cernens,
3360 3761 3470 3813 vir-

1902 3853 2181 3916 tutemque
2207 3847 2264 3901 in
2299 3846 2574 3918 Ephratha
2610 3857 2874 3920 patratam
2915 3872 2926 3904 :
2965 3853 3035 3905 ob
3078 3867 3240 3920 quam
3288 3854 3436 3906 virtu

1903 3946 2009 3990 tem
2040 3952 2231 3993 omnes
2265 3950 2454 4010 gentes
2494 3940 2774 3995 Christum
2823 3942 2917 3996 Dei
2956 3958 2984 3994 a
3026 3941 3222 3996 ltuthae
3271 3958 3467 4013 genere

1899 4028 2191 4082 deductum
2219 4039 2595 4100 agnoscentes,
2615 4032 2856 4101 ejusdem
2882 4047 3044 4086 causa
3069 4048 3097 4085 a
3125 4034 3317 4101 patriis
3346 4035 3467 4086 riti-

1902 4122 2000 4174 hus
2028 4136 2180 4191 reque
2220 4138 2284 4177 ac
2314 4121 2494 4177 Rutha
2522 4134 2889 4187 recesserunt,
2931 4141 3098 4195 seque
3146 4124 3257 4178 Deo
3295 4124 3469 4179 lsrae-

1902 4211 1989 4274 lis,
2031 4212 2159 4266 item
2208 4222 2264 4266 ut
2303 4212 2417 4279 illa,
2449 4213 2811 4269 tradiderunt.
2858 4215 3008 4281 Quas
3056 4216 3124 4269 ob
3172 4231 3261 4272 res
3319 4216 3469 4269 haud

1901 4313 2102 4358 temere
2134 4306 2267 4359 mihi
2295 4306 2508 4361 videtur
2536 4307 2603 4361 ad
2637 4307 2839 4363 Christi
2864 4309 3233 4381 genealogiam
3262 4310 3469 4363 mentio

1904 4392 2093 4449 Ruthte
2114 4396 2348 4467 adjecta.

2643 4599 2711 4653 Χ.

1896 4712 2005 4768 Cur
2046 4712 2345 4768 Joacimum
2384 4714 2589 4767 nomine
2626 4713 2895 4786 Jechonim
2939 4716 3281 4786 appellaverit
3308 4731 3465 4768 evan-

2566 4785 2773 4853 gclisla.

1966 4898 2015 4952 l.
2060 4897 2355 4951 Biuominis
2385 4896 2471 4952 hic
2494 4906 2626 4951 erat.
2697 4897 2800 4952 Sed
2833 4897 3088 4967 quoniam
3136 4895 3275 4963 apud
3309 4893 3463 4951 Jere-

1892 4989 2055 5041 iniam
2088 4988 2405 5057 pr0phetam
2433 4990 2500 5050 is,
2546 5006 2637 5059 qui
2668 4989 2958 5043 Jechonias
2986 4989 3286 5058 appellatur
3306 5029 3319 5048 ,
3348 5002 3462 5049 uia-

1893 5080 2088 5134 ledicto
2120 5079 2392 5149 appetitur
2419 5079 2505 5132 his
2536 5080 2713 5134 verbis
2753 5098 2765 5131 :
2805 5098 2823 5130 ι
2847 5078 3106 5133 Ludibrio
3131 5077 3349 5131 habitus
3377 5086 3467 5131 est

1892 5173 2183 5227 Jechonias
2208 5180 2463 5241 tanquam
2497 5187 2593 5226 vas
2624 5171 2781 5238 cujus
2812 5186 2920 5224 non
2956 5178 3038 5225 est
3076 5185 3228 5223 usus.
3256 5168 3460 5234 Quam-

1892 5267 2078 5319 obrem
2103 5265 2349 5332 abjectus
2379 5272 2461 5318 est
2494 5264 2607 5333 ipse
2640 5272 2692 5317 et
2718 5278 2888 5332 genus
2914 5263 3065 5332 ejus;
3103 5270 3265 5323 terra,
3289 5270 3465 5322 terra,

1892 5358 2018 5411 audi
2050 5373 2354 5413 sermonem
2390 5356 2599 5411 Doriiini
2638 5357 2828 5415 gPone
2859 5356 3000 5411 hunc
3022 5357 3196 5409 virum
3222 5358 3459 5426 proscri-

1894 5462 2064 5520 ptum,
2100 5450 2226 5520 quia
2258 5466 2365 5504 non
2410 5450 2773 5503 constituetur
2820 5447 2887 5500 de
2917 5463 3113 5517 genere
3147 5448 3265 5517 ejus
3296 5462 3469 5517 super

1889 5543 2143 5595 thronum
2176 5541 2418 5603 Davidis,
2450 5538 2541 5607 qui
2577 5538 2784 5591 diutius
2824 5540 2877 5591 in
2907 5536 3044 5591 Juila
3074 5539 3299 5607 imperet
3329 5538 3374 5569 ⁸⁸
3398 5553 3410 5599 ;
3435 5554 3465 5587 ι.

1964 5698 2028 5728 δ⁷’
2071 5696 2212 5750 Ruth
2251 5714 2322 5759 iv,
2362 5696 2445 5748 ll.
2524 5696 2567 5727 ⁵⁸
2607 5693 2713 5749 Jer.
2755 5710 2899 5759 xui,
2931 5694 3005 5748 9.8
3035 5695 3131 5748 50.
