3890 6198
420 290 427 295 .
446 224 550 295 919

1102 222 1373 287 κυεεοιι
1409 223 1893 291 οεδΑῆιΕΝδιε
1922 224 2019 287 0P1

2119 225 2420 285 passm.
2453 256 2521 269 -
2546 226 2959 287 εκεοειιιοΑ.
3302 184 3307 189 ’
3528 231 3611 287 tae

441 348 500 399 et
524 341 780 410 quoniam
816 339 1011 395 horum
1057 337 1531 417 causa‘praedicto
1558 339 1674 410 regi
1702 340 1929 411 conligit
1954 349 2015 395 ut

2119 342 2196 405 εἰς
2226 340 2519 395 Βαδυλῶνα
2555 338 2932 411 αἰχμαλωσίαν
2970 339 3086 411 ἅμα
3116 345 3194 411 τῷ
3231 341 3340 412 λαῷ
3370 344 3612 415 ὑποστῆναι

443 429 825 506 Babylonicam
851 446 974 486 cum
1000 431 1198 501 populo
1219 432 1586 502 captivitatem
1627 435 1856 495 subiret.
1897 450 2012 489 me-

443 524 551 579 rito
576 522 813 593 inclytus
837 521 1190 592 evangelista,
1214 513 1592 596 Redemptoris
1613 525 1855 581 omnium
1887 524 2011 581 Ser-

443 613 757 683 vatorisque
809 612 1057 667 scribens
1104 615 1532 683 generationem,
1582 615 1745 685 hujus
1795 631 2012 690 queque

443 704 690 761 meminit
738 703 1037 775 contempti
1088 712 1142 759 et
1190 704 1415 774 projecti
1464 721 1587 760 cum
1628 723 1729 763 sua
1757 709 1926 779 stirpe
1958 710 2013 765 in

444 792 825 866 Babylonicam
853 804 1075 859 terram,
1119 794 1350 865 ideoque
1377 797 1665 871 proscripti
1687 807 1741 854 et
1763 800 1961 869 captivi
1996 818 2010 854 :

441 884 568 939 hinc
595 882 847 940 videlicet
874 883 1100 948 docens,
1132 885 1225 955 qui
1255 886 1322 940 ad
1354 887 1754 957 praedicandam
1781 889 2012 961 captivis

442 976 751 1045 libertatem
780 974 986 1031 missus
1018 974 1192 1030 fuerat
1222 991 1252 1029 a
1284 975 1467 1041 l’atre,
1511 977 1658 1033 hunc
1683 995 1805 1036 esse
1826 978 2012 1036 Iesum

440 1069 746 1133 Christum,
800 1069 869 1125 de
914 1084 1024 1140 quo
1057 1069 1255 1125 librum
1286 1071 1498 1136 scribit,
1527 1080 1580 1127 et
1602 1071 1669 1127 ad
1698 1089 1857 1144 quem
1889 1091 2013 1146 spe-

440 1169 555 1217 ctat
602 1159 748 1235 quod
797 1162 940 1232 apud
982 1159 1304 1233 prophetam
1357 1165 1617 1219 recitatur
1663 1167 1942 1222 oraculum
1995 1187 2009 1223 :

446 1272 464 1305 ι
504 1251 742 1325 Spiritus
766 1252 979 1311 Domini
1008 1267 1176 1324 super
1199 1270 1306 1321 tne,
1335 1270 1401 1310 eo
1429 1256 1570 1327 quod
1600 1259 1756 1313 unxit
1789 1274 1873 1315 me
1900 1280 1912 1314 :
1944 1260 2011 1315 ad

441 1345 875 1403 arnuuntiaudum
902 1347 1232 1417 pauperibus
1254 1348 1403 1403 misit
1428 1365 1512 1405 me
1528 1388 1545 1414 ,
1587 1350 2013 1420 praedicandam.

443 1452 550 1508 que
572 1436 806 1507 captivis
844 1437 1145 1495 libertatem
1176 1439 1243 1493 δ’.
1276 1456 1296 1489 ι
1336 1436 1410 1494 De
1436 1454 1547 1511 quo
1576 1440 1683 1494 alio
1712 1441 1841 1495 item
1891 1441 2014 1496 loco

442 1529 518 1584 ait
541 1528 805 1601 propheta
830 1547 844 1582 :
883 1549 901 1581 ι
932 1529 1053 1599 Ipse
1075 1530 1365 1586 tediﬁcabit
1389 1532 1577 1587 urbem
1606 1547 1780 1587 meam
1799 1572 1814 1599 ,
1850 1541 2014 1605 atque

443 1636 474 1675 a
500 1620 813 1701 captivitate
834 1620 1092 1691 populum
1123 1635 1302 1676 meum
1338 1623 1615 1679 revocabit
1642 1623 1710 1676 '°.
1754 1641 1774 1676 ι

510 1711 567 1768 2.
609 1708 952 1782 Tempestive
996 1713 1164 1784 igitur
1190 1710 1465 1770 Jechonia:
1501 1724 1556 1770 et
1582 1715 1746 1786 hujus
1798 1715 2013 1778 animae.
2048 1726 2089 1782 Β

443 1812 606 1879 atque
632 1804 701 1861 iis
727 1805 819 1877 qui
853 1807 1085 1862 similem
1117 1806 1195 1861 illi
1224 1808 1371 1878 passi
1414 1808 1629 1864 fuerant
1660 1809 2015 1880 ignominiam

442 1905 498 1951 et
527 1897 832 1953 animarum
862 1899 1233 1970 captivitatem
1255 1938 1272 1965 ,
1305 1899 1684 1973 Redemptoris
1723 1902 2013 1957 adventum

444 1995 660 2046 nuntiat
689 1990 995 2052 Matthazus.
1030 1992 1123 2062 qui
1154 1990 1276 2047 Filii
1310 1990 1402 2047 Dei
1426 1992 1818 2064 genealogiam,
1857 1993 2016 2049 item-

443 2096 551 2152 que
612 2083 843 2138 aliorum
903 2085 1142 2139 sontium
1198 2092 1655 2156 peccatorumque
1712 2085 2012 2148 hominum,

445 2173 653 2229 scribit.
689 2173 845 2231 Unus
870 2175 1015 2230 enim
1045 2176 1298 2247 idemque
1318 2191 1501 2233 sermo
1525 2184 1610 2233 est
1628 2217 1644 2241 ,
1669 2179 1762 2248 qui
1794 2176 2014 2233 Davidis

443 2268 651 2321 crimen
681 2267 825 2321 circa
856 2265 999 2322 Uria:
1022 2283 1268 2333 uxorem,
1315 2278 1370 2326 et
1390 2268 1544 2324 Judze
1572 2269 2012 2334 fornicationem,

442 2364 498 2411 ct
526 2358 885 2428 alienigenam
920 2374 1017 2416 seu
1048 2359 1394 2421 Moabitidem
1422 2359 1682 2427 Rutham,
1727 2371 2013 2418 memorat.

445 2447 588 2505 Idem
616 2467 799 2507 sermo
827 2450 1012 2508 Jcsum
1046 2468 1170 2507 cum
1201 2453 1508 2523 publicanis
1533 2456 2017 2527 peccatoribusque

444 2544 738 2607 viventem,
787 2553 843 2600 et
881 2544 1201 2617 turpissima
1232 2546 1302 2602 ab
1330 2546 1642 2602 hominibus
1674 2563 2014 2617 perpessum,

443 2643 499 2691 et
527 2636 762 2708 denique
795 2652 919 2691 cum
952 2637 1212 2693 maleficis
1241 2637 1560 2693 cruciﬁxum
1590 2639 1827 2693 exhibet.
1888 2638 2018 2695 Erat

445 2742 578 2784 vero
607 2729 655 2785 is
694 2743 876 2784 sermo
913 2745 1023 2800 quo
1050 2730 1256 2786 dictum
1285 2738 1370 2786 est
1399 2750 1412 2785 :
1455 2749 1475 2783 ι
1509 2729 1648 2786 Ecce
1677 2730 1865 2801 Agnus
1897 2731 2013 2797 Dei,

445 2821 541 2892 qui
594 2821 736 2876 tollit
794 2830 1077 2891 peccatum
1128 2822 1314 2878 mundi
1342 2824 1414 2878 ".
1451 2843 1469 2875 ι
1524 2821 1822 2893 Oportebat
1870 2826 2015 2881 enim

447 2927 573 2968 eum
594 2955 609 2980 ,
644 2915 736 2985 qui
770 2914 987 2971 futurus
1011 2922 1131 2970 erat
1157 2916 1404 2986 expiator
1426 2924 1666 2971 veterum
1696 2917 2017 2985 quorumvis

448 3004 739 3060 criminum
776 3020 839 3061 ac
864 3005 1190 3073 futurorum,
1229 3007 1429 3077 quique
1470 3007 1706 3062 animam
1737 3010 2017 3079 positurus

2111 430 2201 486 τὸν
2224 433 2511 504 εἰρημένον
2527 472 2542 497 ,
2565 433 2785 496 εἰκότως
2809 433 2839 486 6
2857 431 3154 502 θαυμάσιος
3176 432 3525 505 comatoria
3539 436 3614 491 τοῦ

2113 521 2400 595 Λυτρωτοῦ
2426 523 2520 577 καὶ
2546 523 2796 594 Σωτῆρος
2828 522 3076 577 ἁπάντων
3102 523 3420 595 ὑπογράφων
3443 522 3525 595 τὴν
3549 526 3619 593 γέα

2112 632 2278 677 νεσιν,
2317 617 2411 669 καὶ
2442 613 2596 669 τοῦδε
2622 612 2869 685 ἐμνήσθη
2892 612 2987 666 τοῦ
3012 613 3352 684 ἠτιμωμένον
3375 614 3459 668 τοῦ
3484 618 3623 688 ἀτιορ-

2113 706 2362 777 ῥιφέντος
2388 706 2502 776 ἅμα
2530 705 2606 776 τῷ
2639 704 2915 777 σπέρματι
2942 707 3022 767 εἰς
3044 703 3140 776 τὴν
3172 703 3498 759 Βαϐυλωνίων
3522 707 3620 778 γῆν,

2110 796 2204 850 τοῦ
2244 796 2581 868 ἐκκηρύκτου
2616 796 2909 866 γενομένου
2929 836 2945 861 ,
2986 794 3080 850 τοῦ
3114 794 3471 865 αἰχμαλώτου⁸
3509 796 3622 853 διδά-

2114 904 2257 941 σκων
2283 888 2365 941 ὅτι
2394 887 2627 959 κηρῦξαι
2658 886 3023 958 αἰχμαλώτοις
3047 886 3241 955 ἄφεσιν
3276 887 3620 957 ἀπεσταλμένος

2112 978 2216 1033 ὑπὸ
2249 978 2341 1032 τοῦ
2377 977 2622 1051 ΙΙατρὸς,
2671 974 2824 1043 οὗτος
2856 974 2925 1050 ἦν
2965 977 3173 1049 Ἰησοῦς
3202 978 3447 1051 Χριστὸς,
3471 975 3523 1034 οῦ
3545 982 3622 1050 τὴν

2112 1071 2290 1143 βίϐλον
2308 1072 2643 1143 ἀναγράφει,
2666 1073 2745 1134 εἰς
2770 1071 2829 1124 ὃν
2854 1070 3186 1140 ἀναφέρεται
3216 1069 3276 1123 τὸ
3294 1070 3478 1139 φάσκον
3493 1071 3542 1125 ὲν
3563 1070 3626 1141 τῷ

2112 1164 2365 1234 προφήτῃ
2390 1162 2567 1231 λόγιον
2587 1180 2601 1193 -
2639 1182 2656 1212 ι
2680 1162 2902 1233 Πνεῦμα
2936 1162 3143 1233 Κυρίου
3176 1161 3262 1213 ἐπ’
3286 1161 3408 1230 ἐμὲ,
3436 1157 3489 1217 οὗ
3515 1163 3626 1216 εἵνε-

2111 1271 2204 1309 κεν
2222 1253 2402 1325 ἔχρισε
2425 1271 2491 1324 με
2508 1294 2522 1316 ,
2540 1253 2991 1322 εὐαγγελίσασθαι
3014 1255 3249 1324 πτωχοῖς
3264 1253 3539 1307 ἀπέσταλκέ
3556 1271 3625 1323 με,

2112 1347 2343 1420 κηρύξαι
2376 1347 2738 1417 αἰχμαλώτοις
2770 1348 2961 1417 ἄφεσιν
2981 1363 2994 1377 ο
3026 1365 3043 1398 ι
3074 1345 3204 1417 περί
3229 1338 3288 1399 οὗ
3308 1344 3398 1398 καί
3423 1346 3474 1398 ὲν
3492 1346 3628 1418 ἑτέρῳ

2114 1439 2276 1511 φησὶν
2313 1441 2342 1492 6
2377 1437 2538 1502 αὐτὸς
2572 1441 2889 1517 προφήτης·
2954 1458 2973 1490 ι
2999 1431 3173 1503 Οὗτος
3206 1438 3523 1509 οἰκοδομήσει
3550 1438 3627 1509 τὴν

2113 1530 2267 1585 πόλιν
2308 1548 2412 1602 μου
2437 1570 2451 1593 ,
2486 1531 2579 1585 καὶ
2609 1531 2710 1603 τὴν
2740 1530 3115 1602 αἰχμαλωσίαν
3141 1529 3235 1584 τοῦ
3267 1529 3391 1584 λαοῦ
3422 1546 3509 1602 μου
3532 1532 3627 1584 in.

2116 1621 2352 1693 στρέψει.
2383 1641 2401 1674 ι

2188 1716 2264 1786 β’.
2312 1712 2469 1767 Κατὰ
2502 1713 2690 1786 καιρὸν
2735 1711 3022 1785 τοιγαροῦν
3053 1712 3207 1785 αὐτῷ
3236 1729 3297 1767 τε
3340 1712 3536 1785 Ἰεχονίᾳ
3558 1714 3632 1771 καί

2112 1809 2178 1879 τῇ
2213 1806 2402 1861 τούτου
2448 1805 2592 1878 ψυχῇ
2618 1844 2632 1870 ,
2678 1807 2791 1870 τοῖς
2823 1823 2882 1861 τε
2909 1806 3007 1878 τὴν
3036 1806 3166 1878 ἴσην
3190 1805 3340 1877 αὐτῷ
3364 1804 3630 1860 πεπονθόσιν

2114 1898 2332 1969 ἀτιμίαν
2349 1915 2409 1951 τε
2425 1898 2520 1953 καὶ
2541 1896 2726 1968 ψυχῶν
2745 1897 3138 1969 αἰχμαλωσίαν,
3164 1898 3264 1970 τὴν
3283 1896 3374 1951 τοῦ
3394 1896 3631 1968 Δυτρωτοῦ

2116 1992 2413 2064 παρουσίαν
2442 1991 2848 2061 εὐαγγελίζεται
2867 1989 3144 2055 Ματθαῖος
3165 1994 3194 2045 6
3219 1990 3315 2061 τὴν
3354 1990 3536 2059 γένεσιν
3556 1990 3635 2045 τοῦ

2116 2080 2246 2133 Υἰοῦ
2268 2079 2361 2134 τοῦ
2385 2078 2519 2134 Θεοῦ
2539 2120 2554 2143 ,
2574 2081 2668 2135 καί
2691 2081 2756 2153 δὴ
2780 2081 2886 2134 τῶν
2910 2080 3083 2134 ἄλλων
3105 2080 3370 2133 ὑπαιτίων
3390 2080 3473 2133 καὶ
3492 2079 3637 2152 ἁμαρ-

2113 2170 2299 2224 τωλῶν
2343 2170 2548 2246 ἀνδρῶν
2580 2170 2937 2241 καταγαγών⁸
2969 2166 3050 2237 εἷς
3089 2173 3205 2244 γὰρ
3234 2167 3302 2242 ἦν
3342 2172 3430 2226 καὶ
3455 2173 3482 2224 6
3508 2172 3637 2235 αὐτὸς

2114 2265 2299 2334 λόγος,
2334 2264 2400 2318 δι’
2434 2264 2492 2321 ὃν
2524 2264 2616 2318 καὶ
2650 2264 2748 2336 τῆς
2776 2263 2869 2318 τοῦ
2895 2262 3058 2318 Δαόὶδ
3086 2263 3220 2336 περὶ
3241 2264 3339 2334 τὴν
3361 2262 3449 2316 τοῦ
3477 2262 3636 2334 Οὐρίου

2116 2358 2346 2423 γυναῖκα
2377 2354 2736 2427 παρανομίας,
2763 2353 2861 2427 τῆς
2886 2372 2943 2409 τε
2964 2353 3057 2407 τοῦ
3093 2353 3269 2407 Ἰούδα
3293 2353 3541 2425 πορνείας,
3556 2352 3638 2421 τῆς

2115 2462 2172 2498 τε
2196 2443 2490 2514 ἀλλοφύλου
2514 2444 2606 2498 καί⁵
2630 2444 2968 2509 Μωαϐίτιδος
2991 2444 3152 2499 Ῥοὺθ
3182 2443 3419 2516 ἐμνήσθη
3435 2460 3450 2476 ·
3468 2445 3494 2497 6
3510 2442 3637 2506 αὐτὸς

2113 2536 2169 2591 δὲ
2197 2536 2451 2606 τυγχάνει
2473 2537 2594 2611 καθ’
2615 2536 2673 2590 ὃν
2693 2536 2785 2591 καὶ
2809 2535 3065 2600 τελώναις
3084 2538 3183 2592 xa‘t
3200 2535 3521 2608 ἁμαρτωλοῖς
3537 2551 3641 2604 capo

2117 2627 2334 2681 ϐιοῦντα
2353 2668 2367 2692 ,
2393 2628 2487 2682 καὶ
2510 2627 2763 2697 αἴσχιστά
2782 2644 2843 2696 γε
2872 2627 2977 2682 ὑπὸ
3004 2627 3309 2700 ἀνθρώπων
3331 2625 3637 2697 ὑπομένοντα,

2116 2720 2209 2772 καὶ
2246 2719 2398 2782 τέλος
2439 2720 2554 2792 ἅμα
2585 2723 2695 2785 τοῖς
2731 2720 3054 2792 κακούργοις
3099 2720 3485 2792 σταυροὺμενον
3510 2717 3639 2771 αὑτὸν

2116 2811 2324 2880 εἰσάγει
2350 2830 2361 2843 ο
2389 2806 2456 2884 ἦν
2485 2811 2530 2866 δ’
2560 2807 2712 2877 οὗτος
2740 2814 2768 2865 ὁ
2799 2813 2953 2880 λόγος
2983 2812 3102 2867 καθ’
3135 2814 3196 2867 δν
3228 2812 3461 2885 εἴρηται⁸
3482 2809 3640 2865 (Ἰδεό

2116 2901 2285 2972 ἀμνὸς
2311 2901 2402 2956 τοῦ
2429 2901 2563 2957 Θεοῦ
2599 2905 2628 2957 6
2656 2905 2824 2977 αἴρων
2850 2903 2948 2976 τὴν
2982 2906 3258 2976 ἁμαρτίαν
3280 2904 3374 2958 τοῦ
3409 2904 3635 2973 additam:

2130 2995 2325 3067 Ἐχρῆν
2346 2995 2453 3067 γὰρ
2482 2994 2571 3049 τὸν
2597 2995 2853 3065 μέλλοντα
2874 2997 3172 3068 καθάρσιον
3192 2995 3431 3066 γίνεσθαι
3449 2994 3544 3047 τῶν
3560 2991 3641 3045 πά-

449 3106 569 3156 erat
595 3113 694 3168 pro
724 3097 1005 3153 lanuuinum
1035 3097 1352 3163 animabus;
1383 3099 1549 3165 hunc,
1587 3100 1829 3170 inquam,
1856 3117 2018 3172 opor-

2119 3087 2207 3143 λαι
2238 3086 2453 3141 πώποτε
2484 3086 3020 3161 πεπλημμεληκότων
3052 3088 3149 3141 καὶ
3174 3088 3281 3141 τῶν
3300 3105 3362 3155 γε
3393 3087 3515 3159 μετὰ
3536 3082 3638 3138 ταῦ·

451 3194 603 3251 tebat
629 3205 692 3247 ea
726 3191 870 3244 mala
902 3191 1084 3247 omnia
1118 3193 1344 3262 perpeti,
1375 3202 1426 3247 et
1452 3203 1797 3263 peccatorum
1828 3195 2017 3267 impio-

449 3300 682 3357 rumque
732 3299 921 3355 poenas
968 3284 1144 3354 ipsum
1186 3283 1478 3339 innocuum
1511 3285 1803 3351 sustinere,
1844 3286 2019 3343 donec

450 3378 673 3435 oracula
714 3377 782 3433 de
820 3392 887 3432 eo
934 3375 1100 3438 dicta,
1151 3384 1206 3431 et
1248 3376 1453 3446 reliqua
1498 3376 1702 3435 exitum
1735 3377 2015 3436 haberent.

454 3468 532 3526 De
553 3469 745 3526 eodem
772 3483 988 3540 quoque
1017 3467 1280 3523 mirificus
1308 3467 1384 3522 ait
1411 3467 1580 3524 Isaias
1608 3486 1622 3523 :
1661 3486 1679 3518 ι
1710 3466 1808 3523 Hic
1834 3478 2019 3525 nostra

456 3569 681 3635 peccata
713 3560 938 3634 perfert,
964 3567 1017 3617 et
1043 3575 1141 3631 pro
1173 3559 1333 3615 nobis
1358 3560 1563 3631 patitur
1588 3579 1603 3616 :
1632 3561 1747 3631 ipse
1771 3560 2019 3617 vulnera--

454 3660 546 3707 tus
592 3660 676 3709 est
716 3659 935 3724 propter
977 3650 1291 3723 iniquitates
1338 3663 1577 3715 nostras,
1610 3653 1915 3708 infirmatus
1934 3662 2020 3708 est

454 3754 676 3815 propter
700 3745 906 3801 scelera
932 3754 1141 3815 nostra,
1170 3747 1339 3803 livore
1359 3747 1477 3817 ejus
1498 3745 1673 3803 sanati
1706 3760 1807 3801 nos
1831 3760 2021 3802 omnes

456 3838 660 3894 fuimus
682 3839 746 3891 ".
781 3857 800 3891 ι

526 4010 579 4068 5.
621 4009 777 4078 Quod
806 4011 852 4068 si
877 4011 1135 4082 propheta
1160 4010 1225 4066 de
1239 4007 1498 4066 Jechonia
1512 4009 1587 4063 ait
1610 4016 1769 4065 terra:
1801 4027 1814 4063 :
1846 4004 2025 4064 «Pone

456 4104 602 4160 hunc
634 4104 813 4159 virum
841 4104 1225 4175 proscriptum,
1243 4101 1368 4172 quia
1395 4115 1503 4156 non
1534 4110 1717 4172 surget
1739 4101 1805 4156 de
1829 4114 2026 4172 genere

456 4199 578 4267 cjus
606 4198 698 4268 qui
729 4196 915 4253 sedeat
944 4213 1108 4267 super
1133 4196 1388 4250 thronum
1437 4192 1677 4259 Davidis,
1731 4200 2029 4264 regnetque

456 4289 513 4351 in
541 4289 742 4346 Juda"
769 4309 782 4346 :
821 4309 839 4343 ι
876 4289 1020 4344 haud
1050 4303 1275 4359 prorsus
1299 4294 1460 4359 negat
1487 4284 1894 4357 superfuturum
1922 4284 2025 4338 hu-

452 4382 545 4454 jus
591 4398 781 4454 genus,
835 4380 931 4436 sed
972 4383 1238 4435 neminem
1287 4387 1639 4451 regnaturum
1693 4378 1921 4432 aﬂirmat
1961 4376 2019 4431 de

2132 4368 2421 4439 στήσεσθαι
2461 4368 2623 4422 αὑτοῦ
2670 4370 2923 4441 σπέρμα.
2959 4369 3092 4421 ἀλλὰ
3124 4368 3218 4422 τοῦ
3258 4366 3542 4439 βασιλεῦσαι
3572 4366 3645 4414 του

2115 3194 2185 3235 τι
2213 3177 2587 3251 γενησομένων
2608 3219 2623 3244 ,
2658 3179 2945 3253 ἀντίψυχόν
2981 3197 3040 3233 τε
3075 3180 3189 3234 τῶν
3212 3179 3542 3251 ἀνθρωπίνων
3560 3174 3641 3244 ψυ⁹

2117 3272 2228 3345 χῶν
2243 3311 2259 3336 ,
2281 3271 2367 3326 διὰ
2390 3273 2603 3327 πάντων
2621 3271 2727 3325 τῶν
2748 3271 3048 3342 εἰρημένων
3069 3270 3297 3326 διελθεῖν
3319 3269 3515 3333 καὶτὰς
3533 3265 3643 3321 κατὰ

2118 3364 2225 3418 τῶν
2255 3364 2593 3435 ἁμαρτωλῶν
2615 3364 2708 3417 καὶ
2735 3362 2945 3416 ἀσεϐῶν
2970 3365 3242 3435 τιμωρίας
3262 3362 3417 3416 αὐτὸν
3440 3360 3643 3431 ἀναμάρ-

2119 3472 2279 3528 τητον
2320 3455 2448 3509 ὄντα
2490 3455 2807 3526 ὑπομεῖναι,
2846 3455 2919 3518 ὡς
2951 3453 3016 3508 ἂν
3056 3454 3370 3526 πληρωθείη
3407 3454 3482 3516 εἰς
3514 3450 3642 3507 αὑτὸν

2119 3546 2186 3600 τὰ
2217 3546 2558 3617 θεσπίσματα
2577 3585 2592 3609 ,
2625 3545 2697 3599 τά
2719 3563 2777 3598 τε
2805 3544 2967 3600 ἄλλα·
3004 3544 3096 3598 καὶ
3126 3545 3195 3599 δι’
3220 3547 3283 3600 δν
3310 3561 3463 3616 φησιν
3495 3544 3521 3596 6
3541 3540 3643 3594 θανν

2125 3635 2316 3704 μάσιος
2360 3634 2613 3698 Ἡσαΐας·
2660 3653 2678 3687 ι
2703 3626 2874 3698 Οὗτος
2902 3632 2998 3697 τὰς
3027 3635 3305 3708 ἁμαρτίας
3339 3632 3483 3705 ἡμῶν
3509 3630 3641 3700 αἴρει.

2122 3727 2217 3782 καὶ
2240 3728 2365 3799 περί
2388 3727 2420 3798 ἡ
2428 3726 2541 3798 μῶν
2566 3725 2816 3781 ὀδυνᾶται
2832 3742 2845 3756 ο
2868 3725 3031 3789 αὐτὸς
3052 3725 3454 3799 ὲτραυματίσθη
3475 3723 3550 3777 διὰ
3565 3718 3643 3783 τᾶς

2121 3817 2395 3890 ἁμαρτίας
2426 3817 2582 3889 ἡμῶν
2602 3857 2617 3881 ,
2653 3817 2748 3871 καὶ
2782 3817 3186 3889 μεμαλέαισται
3218 3817 3305 3871 διὰ
3336 3816 3431 3880 τὰς
3458 3810 3645 3883 ἀνομίας

2123 3909 2308 3981 ἡμῶν
2345 3908 2423 3980 τῷ
2458 3907 2683 3980 μώλωπι
2713 3907 2875 3962 αὑτοῦ
2910 3910 3066 3979 ἡμεῖς
3095 3909 3299 3972 πάντες
3330 3907 3551 3978 ἰάθημεν.
3572 3922 3590 3954 ι

2193 4001 2269 4070 γ’.
2307 4001 2369 4054 Εἰ
2389 4000 2444 4054 δὲ
2471 4000 2617 4069 λέγοι
2643 4003 2671 4055 6
2693 4002 2973 4072 προφήτης
2999 4000 3127 4072 ιτερί⁵
3147 4000 3242 4054 τοῦ
3278 3998 3483 4070 Ἰεχονία
3504 3995 3642 4066 τῇτῇ,

2131 4110 2148 4141 ι
2174 4092 2385 4163 Γράψον
2424 4091 2514 4146 τὸν
2553 4091 2719 4164 ἄνδρα
2764 4091 2951 4145 τοῦτον
2990 4092 3361 4163 ὲκκὴρυκτον,
3401 4091 3473 4143 ὅτι
3510 4086 3561 4139 οὐ
3586 4083 3644 4154 μὴ

2127 4186 2329 4256 ἀναστῇ
2354 4188 2419 4238 ἐκ
2440 4184 2532 4239 τοῦ
2552 4184 2862 4255 σπέρματος
2881 4182 3041 4238 αὐτοῦ
3065 4184 3371 4255 καθήμενος
3390 4182 3474 4235 ἐπὶ
3493 4177 3644 4249 θρόνου

2128 4277 2308 4341 Δαϐἰδ,
2338 4277 2519 4348 ἄρχων
2544 4276 2622 4331 ἔτι
2649 4279 2706 4331 ὲν
2725 4276 2802 4348 τῷ
2838 4275 3024 4347 Ἰούδᾳ,
3047 4296 3063 4327 ι
3084 4277 3145 4329 οὐ
3170 4278 3380 4340 πάντως
3404 4265 3646 4342 ἁναιρείτδ

456 4443 628 4544 stirpe
670 4443 790 4544 ejus
834 4471 888 4526 in
920 4483 1079 4543 gente
1120 4443 1397 4526 Judaieatz
1431 4470 1575 4541 quod
1621 4484 1807 4525 revera
1855 4469 1927 4522 ita
1970 4484 2019 4523 se

2142 4461 2405 4515 Ἰουδαίων
2428 4460 2611 4525 ἔθνους
2634 4462 2697 4516 ἐκ
2716 4460 2809 4513 τοῦ
2838 4460 3148 4530 σπέρματος
3170 4458 3333 4513 αὐτοῦ
3348 4478 3359 4489 ·
3384 4458 3410 4511 ὃ
3427 4455 3507 4511 καὶ
3525 4451 3648 4521 γέγο-

457 4564 669 4621 habuit.
706 4567 895 4635 Itaque
922 4564 1053 4618 dicit
1085 4583 1098 4618 :
1140 4582 1159 4615 ι
1192 4563 1450 4618 Ludibrio
1478 4563 1694 4617 habitus
1720 4571 1805 4617 est
1830 4559 2027 4616 Jecho-

455 4657 598 4723 nias,
651 4672 749 4737 ceu
794 4673 890 4712 vas
923 4657 1082 4725 cujus
1130 4657 1312 4711 nullus
1339 4663 1424 4711 cst
1453 4670 1606 4710 usus.
1663 4653 2025 4720 Quamobrem

456 4750 735 4822 projectus
775 4760 859 4806 est
889 4750 1005 4820 ipse
1034 4758 1088 4804 et
1120 4764 1292 4820 genus
1317 4749 1436 4818 ejus
1466 4749 1521 4802 in
1556 4747 1886 4818 incognitam
1925 4746 2028 4800 sibi

456 4842 732 4913 regionem
756 4841 802 4875 “
836 4859 848 4895 :
887 4860 906 4893 ι
944 4841 1141 4910 quibus
1189 4840 1370 4896 verbis
1401 4843 1687 4910 perspictie
1734 4834 2026 4908 Babyloni-

456 4948 577 4986 cam
608 4940 808 4989 terram
834 4930 1101 5003 designat.
1120 4931 1238 4986 Jam
1256 4947 1384 4987 vero
1406 4930 1498 5001 qui
1526 4930 1591 4985 ad
1618 4930 1915 4986 libertatem
1940 4942 2030 4982 ca-

458 5026 623 5098 ptivis
667 5024 1060 5087 nuntiandam,
1096 5034 1151 5080 et
1198 5031 1547 5095 peccatorum
1595 5031 1820 5077 catenas
1869 5028 2032 5090 atque

458 5118 764 5172 animarum
792 5117 921 5172 olim
950 5125 1123 5172 tnorte
1143 5116 1513 5171 devinctarum
1538 5113 1794 5169 solvenda
1817 5111 2030 5168 vincula

461 5210 667 5265 missus
692 5209 816 5275 fuit,
848 5210 899 5265 is
929 5224 1062 5265 sane
1091 5208 1157 5263 ad
1188 5208 1382 5263 horum
1412 5208 1654 5262 omnium
1677 5205 1905 5260 salutem
1938 5217 2032 5272 pa-

457 5301 707 5357 trandam
750 5302 919 5358 venit.
983 5299 1162 5366 Quare
1214 5301 1280 5355 de
1315 5301 1434 5369 ipso
1458 5297 1787 5352 vaticinatur
1812 5293 1980 5348 David
2013 5312 2025 5348 :

464 5409 487 5444 ι
523 5391 669 5449 Misit
695 5393 921 5449 verbum
952 5407 1112 5447 suum
1161 5399 1215 5445 et
1247 5391 1461 5445 sanavit
1487 5404 1583 5444 eos
1614 5386 1683 5443 ab
1715 5383 2032 5440 iuteritionio

458 5483 567 5541 bus
590 5487 727 5542 suis.
761 5484 1108 5543 Conﬁtemini
1138 5481 1364 5539 Domino
1387 5479 1794 5537 misericordias
1823 5477 1945 5547 ejus
1977 5481 2033 5532 et
2065 5504 2073 5513 -

2130 4572 2218 4606 νεν
2258 4553 2453 4623 ἀληθές
2481 4571 2494 4584 ⁸
2533 4553 2676 4622 λέγει
2716 4552 2845 4622 γοῦν
2871 4592 2886 4616 ,
2950 4573 2968 4603 ι
3009 4552 3287 4622 ἸΙτιμώθη
3337 4546 3561 4620 Ἰεχονίας
3588 4540 3645 4603 ὡς

2132 4646 2324 4710 σκεῦος
2343 4640 2403 4698 οὗ
2425 4646 2522 4700 οὐκ
2547 4645 2689 4699 ἐστιν
2711 4647 2872 4700 αὐτοῦ
2895 4646 3052 4717 χρεία
3068 4686 3081 4709 ,
3097 4645 3229 4698 διότι
3247 4641 3507 4714 ἀπερρίφη
3520 4632 3643 4692 αὐτὸς

2131 4740 2224 4792 καὶ
2251 4739 2312 4792 τὸ
2339 4739 2560 4810 σπέρμα
2582 4739 2745 4792 αὐτοῦ
2770 4742 2849 4805 εἰς
2875 4741 2975 4811 γῆν
3004 4739 3069 4810 ἣν
3097 4740 3194 4792 οὐκ
3219 4736 3361 4808 ᾔδει·
3388 4753 3405 4785 ι
3436 4732 3644 4797 ἄντικρυῖ

2129 4833 2228 4900 τὴν
2254 4831 2563 4894 Βαϐυλῶνος
2591 4831 2693 4902 γῆν
2726 4830 2992 4896 θεσπίζων
3012 4849 3025 4864 ο
3058 4829 3195 4902 πλὴν
3216 4829 3328 4884 ἀλλ’
3357 4829 3384 4880 6
3409 4821 3555 4879 ἐλθὼν
3570 4832 3643 4884 κη’

2136 4921 2290 4992 ρύξαι
2338 4920 2701 4992 αἰχμαλώτοις
2739 4921 2962 4992 ἄφεσιν,
3008 4922 3101 4975 καί⁹
3146 4920 3243 4985 τὰς
3279 4918 3383 4972 τῶν
3411 4905 3641 4985 ἁμαρτιῶν

2136 5013 2319 5083 σειρὰς
2338 5055 2353 5079 ,
2379 5013 2487 5065 τῶν
2513 5031 2571 5066 τε
2612 5012 2775 5067 πάλαι
2801 5012 2904 5066 ὑπὸ
2934 5014 3024 5066 τὸν
3057 5012 3282 5068 θάνατον
3309 5002 3640 5075 πεπεδημένων

2081 5128 2092 5139 ο
2132 5104 2317 5173 ψυχῶν
2345 5102 2469 5166 τούς
2491 5120 2551 5156 τε
2578 5103 2808 5173 δεσμοὺς
2827 5104 2980 5156 λῦσαι
3012 5099 3409 5172 ἀπεσταλμένος
3427 5140 3440 5163 ,
3472 5093 3549 5148 ἐπὶ
3567 5089 3641 5157 τὴν

2136 5196 2351 5249 πάντων
2379 5194 2585 5246 τούτων
2612 5192 2833 5265 ἐλήλυθε
2862 5193 3130 5265 σωτηρίαν
3150 5210 3163 5223 ο
3189 5190 3269 5244 διό
3293 5207 3449 5260 φησιν
3470 5189 3496 5239 6
3513 5177 3641 5237 Δασὶδ

2137 5288 2263 5356 περὶ
2300 5286 2462 5339 αὑτοῦ
2490 5284 2758 5350 θεσπίζων
2779 5302 2790 5313 ⁸
2828 5305 2849 5337 ‹
2871 5283 3173 5338 Ἀπέστειλε
3201 5282 3290 5336 τὸν
3315 5282 3462 5349 λόγον
3495 5268 3637 5331 αὐτῶν

2137 5377 2230 5430 καί⁸
2257 5378 2440 5431 ἰάσατο
2469 5377 2664 5441 αὐτοὺς
2690 5377 2753 5429 ὲκ
2772 5376 2880 5429 τῶν
2906 5374 3204 5447 διαφθορῶν
3220 5371 3416 5426 αὐτῶνο
3440 5360 3640 5435 ἐξομολοο

2135 5469 2319 5537 γεῖσθε
2342 5468 2418 5540 τῷ
2446 5469 2632 5540 Κυρίῳ
2662 5468 2730 5522 τὰ
2762 5468 2885 5539 ὲλέη
2916 5468 3077 5522 αὑτοῦ
3106 5471 3197 5523 καὶ
3226 5463 3485 5534 θαυμάσια
3512 5447 3640 5510 αὐτοῦ

534 5662 700 5723 "Usa.
734 5680 855 5733 ut,
899 5667 946 5731 l;
979 5662 1113 5721 Luc.
1151 5680 1221 5731 tv,
1265 5662 1346 5722 i8.
1385 5661 1430 5695 ⁸ο
1472 5660 1574 5719 Isa.
1611 5676 1731 5727 χιον,
1767 5659 1852 5717 l3.
1892 5655 2019 5731 δίου

2156 5674 2207 5724 ι,
2239 5655 2328 5711 ‘29.
2366 5656 2411 5690 "
2437 5653 2539 5711 lsa.
2568 5667 2688 5721 mn,
2713 5652 2766 5711 4.
2822 5650 2994 5709 "Jer.
3033 5668 3172 5721 χιιι,
3204 5648 3288 5707 30.
3346 5646 3388 5680 “
3423 5642 3539 5701 ibid.
3566 5632 3636 5691 28-

3788 620 3791 813 4
