3936 6208
1159 223 1429 291 EUSEBII
1461 233 1945 291 CESARIENSIS
1979 235 2132 292 OPP.
2173 233 2355 293 PARS
2395 235 2478 292 Ill.
2513 267 2582 276 —
2619 231 3024 291 EXEGETICA.
3587 238 3667 293 νει

501 349 732 410 fuisset,
776 345 1024 417 speciose
1065 345 1215 400 hunc
1261 344 1461 416 aliquis
1491 345 1948 416 reprehenderet,
1975 363 2074 403 ceu

2194 351 2270 404 ιαὶ
2300 349 2537 419 εὐλόγως
2569 367 2653 414 τις
2682 349 2967 422 ἐμέμψατο
2995 346 3071 410 ὡς
3103 345 3474 418 παρεκθεμίνῳ
3501 348 3671 419 τὴντῶν

498 442 591 514 qui
627 456 814 513 regum
845 440 1042 496 seriem
1076 437 1408 509 abrupisset.
1461 439 1751 495 Constanti
1795 441 1939 496 enim
1997 441 2077 498 al"-

503 535 808 610 tlnnatione
841 533 892 587 in
912 529 1119 603 Regum
1150 531 1309 588 libris
1339 543 1391 588 et
1417 534 1470 588 in
1499 531 1929 604 Paralipomenis
1957 543 2080 605 post

497 625 779 682 Joramum
798 623 1082 694 Josaphati
1115 625 1283 680 tilium
1315 632 1429 681 tres
1453 624 1799 682 continenter
1826 634 2076 697 regnant,

503 717 807 781 chozias,
853 715 1054 772 Joasus
1101 725 1156 772 et
1194 716 1443 772 Amesias
1484 735 1498 772 :
1534 717 1735 789 quibus
1784 719 2083 774 succedunt

502 807 684 870 Ozias,
713 805 1036 862 Joathamus
1064 815 1117 860 et
1146 806 1417 863 Achazus.
1454 804 1843 870 Nihilominus.
1862 816 2082 878 praeter-

502 900 690 954 missis
749 899 1084 969 evangelista
1142 898 1316 953 tribus
1348 899 1642 968 prioribus,
1679 897 1900 954 Joramo
1922 896 2081 954 Josa-

504 990 654 1060 phati
692 989 802 1045 lilio
824 989 1008 1044 statim
1039 989 1313 1044 subnectit
1340 988 1550 1055 Oziam,
1576 989 1889 1046 Jothamum
1922 1002 2084 1062 atque

503 1080 805 1146 Achazum,
849 1080 1208 1136 intermedios
1238 1080 1360 1135 illos
1398 1084 1738 1152 praeteriens.
1797 1081 1853 1136 Id
1887 1081 1970 1146 si,
2001 1083 2085 1137 in-

504 1186 691 1242 quam,
719 1169 938 1226 fecisset
970 1186 1094 1224 cum
1129 1186 1317 1240 regum
1352 1172 1550 1226 seriem
1584 1179 1769 1228 texere
1809 1171 2085 1228 decreviso

506 1270 612 1326 set,
663 1262 936 1332 scriptura
976 1261 1097 1332 ejus
1125 1260 1384 1317 mendosa
1427 1262 1830 1332 quodammodo
1873 1263 2083 1320 videre.

511 1369 620 1418 utr.
657 1351 813 1408 Nunc
843 1368 1030 1408 revera
1057 1353 1200 1407 haud
1232 1353 1622 1410 successiones
1652 1354 1749 1410 sed
1780 1355 2085 1426 generatio-

507 1461 608 1501 nes
635 1457 961 1501 enumerare
988 1445 1093 1500 sibi
1128 1445 1414 1516 proposuit
1451 1463 1464 1500 :
1500 1445 1602 1500 hoc
1638 1447 1784 1501 enim
1816 1447 2088 1517 signiﬁcat

507 1550 692 1592 sermo
720 1535 954 1590 dicentis
995 1553 1009 1590 :
1063 1554 1080 1586 ι
1117 1534 1320 1590 Omnes
1364 1536 1548 1608 itaque
1601 1539 1983 1606 generationes
2019 1540 2088 1594 ab

506 1621 821 1679 Abrahamo
851 1639 1025 1694 usque
1054 1622 1121 1678 ad
1164 1623 1425 1680 Davidem
1447 1663 1463 1689 ,
1510 1627 1890 1693 generationes
1944 1643 2076 1698 qua-

509 1714 812 1770 tuordecim
843 1735 855 1769 :
886 1731 1188 1787 rursusque
1213 1730 1244 1768 a
1263 1714 1462 1772 Davide
1487 1733 1659 1788 usque
1685 1719 1753 1773 ad
1767 1717 2088 1774 Jecboniam
2122 1719 2162 1772 Β

511 1822 609 1863 seu
635 1805 702 1860 ad
738 1805 1124 1878 Babylonieam
1170 1808 1709 1880 transmigrationem
1732 1851 1749 1880 ,
1784 1813 2088 1882 generatio-

509 1913 609 1954 nes
656 1898 1070 1969 quatuordecim
1109 1918 1128 1952 ι
1179 1914 1291 1954 non
1339 1900 1722 1960 successiones
1745 1902 2087 1972 quatuorde-

509 1990 651 2057 cim;
683 1990 880 2044 merito
905 1990 1077 2062 igitur
1097 1990 1244 2046 omni
1265 1993 1694 2062 reprehensione
1715 1995 1942 2050 carebit.
1969 1994 2092 2051 Jam

509 2080 638 2152 quia
658 2079 948 2137 Mattheus
978 2081 1393 2138 successionum
1425 2084 1642 2140 nomine
1673 2101 1783 2141 non
1813 2095 1897 2144 est
1926 2102 2090 2153 usus;

512 2188 698 2244 regum
726 2181 907 2229 autem
936 2175 1163 2232 historia
1193 2186 1248 2232 et
1270 2174 1687 2246 Paralipomena
1717 2179 2092 2235 successiones

511 2271 738 2318 narrant
766 2280 874 2320 non
897 2267 1300 2337 generationes,
1321 2268 1471 2322 nulla
1505 2268 1558 2322 in
1589 2268 1786 2324 horum
1816 2285 2098 2342 compara-

511 2356 661 2410 tione
689 2372 871 2429 pugua
895 2367 1144 2429 apparet.

579 2447 633 2500 2.
649 2450 764 2520 Age
787 2465 915 2504 vero
929 2451 1300 2522 generationis
1314 2453 1535 2509 nomine
1551 2453 1825 2524 appellare
1844 2469 1952 2508 non
1968 2453 2094 2509 licet

515 2538 756 2594 hominis
793 2548 1031 2607 aetatem,
1052 2545 1311 2610 quoniam
1335 2561 1478 2616 saepe
1511 2546 1710 2600 accidit
1738 2546 1858 2600 aliis
1880 2546 2096 2616 quidem

508 2629 748 2686 breviter
768 2632 952 2689 vivere
971 2635 1330 2707 celeriterque
1350 2636 1625 2708 exstingui
1641 2645 1801 2693 aetate
1823 2637 2058 2692 infantiti
2079 2655 2093 2701 ;

511 2720 638 2779 aliis
669 2736 842 2792 usque
870 2724 938 2778 ad
976 2726 1263 2795 pueritiam
1295 2727 1515 2795 venire;
1543 2729 1665 2785 aliis
1701 2729 2095 2798 adjuventam;

513 2811 637 2868 aliis
663 2815 730 2866 ad
757 2812 970 2868 virilem
1001 2823 1217 2870 mtatem
1251 2835 1266 2884 ;
1294 2817 1417 2872 aliis
1447 2817 1687 2890 denique
1714 2819 1780 2875 ad
1800 2827 2098 2874 extremam

511 2919 690 2974 usque
710 2912 984 2960 senectam
999 2907 1164 2960 vitam
1187 2907 1506 2977 producere.
1527 2911 1698 2976 Quam
1724 2926 1850 2965 vero
1867 2912 2100 2966 aestima-

513 3009 572 3048 re
597 2993 723 3048 licet
742 2995 1470 3068 generationem?siquidem
1496 3001 1636 3055 alius
1661 3000 1791 3055 vivit
1823 3016 1997 3071 usque
2024 3001 2088 3054 ad

513 3083 786 3140 decimum
810 3100 1036 3152 annum,
1057 3088 1199 3145 alius
1227 3089 1295 3145 ad
1320 3091 1660 3157 vicesimum,
1677 3093 1819 3148 alius
1843 3091 1912 3147 ad
1941 3093 2094 3162 quiu-

514 3176 919 3248 quagesimum,
951 3178 1093 3233 alius
1125 3195 1298 3251 usque
1321 3180 1390 3235 ad
1421 3182 1916 3252 septuagesiumm;
1954 3181 2094 3236 alius

514 3267 750 3339 denique
792 3269 876 3323 vel
923 3270 1286 3325 centesimqu
1340 3273 1687 3342 superavisse
1734 3289 1936 3327 annum
1985 3288 2094 3327 non

515 3359 661 3430 apud
712 3369 930 3418 veteres
974 3361 1174 3427 solum,
1223 3379 1411 3419 verum
1443 3364 1608 3419 etiam
1641 3366 1785 3436 apud
1835 3381 1936 3420 nos
1966 3381 2098 3420 con-

516 3453 771 3523 spicitur.
824 3453 937 3508 Cur
977 3454 1144 3523 igitur
1171 3455 1492 3510 existimant
1535 3456 1770 3512 hominis
1804 3457 1970 3512 vitam
2001 3473 2098 3527 ap-

517 3543 825 3613 pellandam
875 3560 999 3600 esse
1030 3545 1475 3623 generationem?
1529 3545 1634 3602 Sed
1669 3561 1846 3618 neque
1887 3555 2098 3619 tempus

519 3649 693 3706 usque
725 3636 792 3691 ad
819 3637 1025 3708 prolem
1058 3637 1237 3709 primo
1282 3648 1592 3709 susceptam
1624 3639 1706 3695 sic
1733 3640 2008 3710 appellare
2033 3641 2100 3694 li-

517 3733 606 3784 cet
632 3747 648 3781 :
680 3744 917 3800 namque
941 3730 1032 3784 alii
1061 3738 1186 3786 ante
1210 3731 1386 3786 attatis
1417 3746 1621 3784 annum
1644 3729 1968 3802 vigesimum
1998 3746 2100 3799 nu-_

517 3820 709 3876 bentes
739 3821 967 3892 gignunt
1021 3840 1034 3877 :
1085 3821 1177 3875 alii
1213 3837 1281 3876 ne
1323 3829 1447 3892 post
1495 3821 1836 3892 trigesimum
1881 3823 2100 3894 quidem

517 3911 694 3966 relatis
711 3926 915 3966 annum
938 3931 950 3967 :
971 3919 1024 3968 et
1041 3921 1348 3968 comtaneos
1370 3929 1588 3988 quoque
1611 3913 1963 3978 videas,alios
1979 3915 2101 3984 qui-

519 4003 642 4058 dem
696 4002 751 4058 in
796 4004 972 4077 prima
1007 4005 1258 4074 genitura
1307 4005 1487 4060 adhuc
1524 4004 1910 4071 consistentes,
1963 4005 2101 4061 alios

515 4095 628 4164 jam
676 4097 732 4150 in
764 4105 1014 4168 quartam
1047 4114 1404 4170 progressos:
1450 4100 1522 4153 ita
1557 4108 1615 4154 ut
1647 4099 2102 4171 quinquagesimo

520 4205 667 4242 anno
693 4189 783 4243 alii
813 4199 1038 4262 nepotes
1076 4191 1312 4254 videant,
1373 4193 1464 4246 alii
1506 4207 1634 4247 vero
1665 4209 1733 4248 ne
1758 4192 2101 4263 septuaginta

520 4281 740 4352 quidem
786 4297 1053 4338 annorum
1088 4284 1267 4354 spatio
1301 4285 1508 4356 prolem
1559 4285 1726 4339 ullam
1779 4284 2103 4339 nanciscen-

521 4382 630 4428 tur.
665 4374 784 4441 Quo
811 4383 972 4445 pacto
998 4375 1166 4446 igitur
1193 4375 1547 4431 numeranda:
1579 4385 1763 4432 essent
1793 4376 2099 4447 generatio-
2129 4413 2172 4468 Β

522 4480 642 4529 nes,
670 4481 701 4518 a
729 4466 1020 4522 macrobiis
1044 4482 1113 4520 an
1143 4468 1212 4521 ab
1239 4467 1671 4538 oligochruniis?
1705 4483 1735 4521 a
1763 4475 1995 4530 mature,
2027 4482 2097 4521 an

522 4573 553 4612 a
596 4571 720 4612 sero
766 4557 1148 4629 gignentibus?
1198 4559 1268 4613 ab
1315 4560 1383 4615 iis
1433 4559 1523 4631 qui
1554 4561 1609 4616 in
1639 4560 1811 4631 prima
1848 4558 2098 4628 genitura

523 4657 831 4712 versantur,
868 4665 936 4704 an
970 4649 1037 4704 ab
1061 4649 1126 4704 iis
1159 4649 1365 4720 quibus
1391 4650 1502 4722 jam
1530 4652 1716 4722 plures
1743 4649 1900 4705 liberi
1927 4651 2099 4705 sunt?

521 4738 733 4809 Quibus
764 4740 837 4794 ita
870 4742 1155 4812 perpensis
1200 4742 1360 4798 divus
1408 4743 1762 4814 evangelista,
1796 4742 1940 4797 haud
1973 4757 2098 4798 suc-

521 4831 799 4888 cessiones
829 4832 1072 4888 scribere
1099 4833 1348 4897 studens,
1366 4835 1459 4889 sed
1492 4837 1872 4906 generationes
1901 4849 2099 4890 secun-

521 4922 650 4977 dum
678 4924 944 4979 rationem
978 4924 1081 4981 sibi
1115 4925 1451 4996 etploratam
1481 4941 1808 4982 enumerans
1829 4967 1844 4992 ,
1877 4942 2099 4982 succes-

2180 442 2442 513 βασιλέων
2461 441 2711 512 διαδοχήν
2733 458 2747 470 ο
2774 443 2832 492 ἐν
2849 441 2959 512 γὰρ
2977 441 3097 503 ταῖς
3113 437 3409 502 Βασιλείαις
3427 439 3509 491 καὶ
3529 443 3572 492 ἐν
3588 447 3668 506 τοῖς

2179 533 2263 585 Πα
2271 530 2674 603 ραλειπομένοις
2693 529 2826 600 (17⁸)
2845 527 3147 599 συμφώνως
3166 528 3301 599 μετά
3324 530 3504 600 Ἰωρὰμ
3519 530 3590 582 τὸν
3603 533 3670 585 τοῦ

2193 624 2480 694 Ἰωσαφὰτ,
2513 623 2679 696 τριῶν
2721 621 2916 693 ἐφεξῆς
2949 622 3374 692 βασιλευσάντων
3416 621 3589 692 ὐχοζία
3609 628 3674 677 καὶ

2193 717 2340 781 ’Ῑωὰς
2359 719 2454 772 καὶ
2488 715 2733 786 Ἀμεσία,
2750 710 2868 768 εἶτα
2888 718 3002 786 μετ’
3017 713 3212 777 αὐτοὺς
3237 713 3385 776 Ὀζία
3397 715 3479 766 καὶ
3502 716 3676 787 Ἰωὰθαμ

2183 811 2276 865 καὶ
2297 807 2490 880 Ἄχας,
2509 807 2791 880 παρελθὼν
2804 808 2931 870 τοὺς
2945 806 3242 879 προτέρους
3255 806 3377 867 τοὺς
3388 808 3516 877 τρεῖς
3529 809 3676 875 656n-

2182 905 2454 975 γελιστὴς,
2470 902 2607 975 μετά
2632 901 2834 975 Ἰωρὰμ
2856 901 2947 954 τὸν
2958 901 3049 953 τοῦ
3075 898 3343 967 Ἰωσαφὰτ
3357 899 3468 969 ἐξῆς
3483 900 3676 951 συνάπτει

2183 999 2271 1053 τὸν
2288 998 2378 1063 ’οζ
2384 998 2466 1051 ίαν
2493 997 2586 1051 καὶ
2611 996 2700 1050 τὸν
2716 994 2950 1064 Ἰωάθαμ
2976 992 3172 1046 καὶτὸν
3193 992 3382 1061 Ἀχαζ,
3398 991 3680 1063 τοὺςείρημέ-

2183 1111 2306 1158 νους
2340 1091 2540 1163 μεταξὺ
2567 1089 2851 1161 παρελθών
2873 1107 2886 1118 ·
2915 1087 3072 1140 τοῦτο
3100 1086 3148 1139 δ’
3176 1088 3225 1139 εί
3253 1089 3513 1156 πεποιήκει
3533 1089 3682 1140 σκοπὸν

2185 1185 2408 1256 θέμενος
2435 1184 2533 1254 τὴν
2577 1183 2686 1236 τῶν
2715 1181 2976 1252 βασιλέων
3019 1179 3271 1250 διαδοχὴν
3313 1178 3556 1244 ἐκθέσθαι,
3587 1181 3684 1251 χρῆν

2184 1277 2258 1341 ὡς
2288 1275 2677 1348 ἡμαρτημένην
2721 1272 2972 1326 ἐκθέσθαι
3020 1271 3119 1342 τὴν
3167 1273 3299 1342 παρ’
3327 1270 3467 1340 αὐτῷ
3493 1276 3684 1340 γραφήν·

2187 1369 2372 1440 ἐπειδὴ
2405 1367 2460 1420 δέ
2487 1369 2548 1420 οὑ
2583 1365 2853 1436 διαδοχὰς,
2884 1364 3017 1418 ἀλλά
3043 1361 3240 1432 γενεὰς
3266 1361 3542 1434 ἀριθμῆσαι
3577 1364 3690 1432 πρώ-

2188 1461 2328 1524 θετο,
2353 1459 2510 1512 τοῦτο
2531 1457 2640 1530 γάρ
2669 1460 2697 1512 6
2721 1457 2874 1525 λόγος
2897 1454 3045 1527 αὐτῷ
3072 1455 3322 1526 βούλεται
3346 1455 3552 1523 φήσαντι
3577 1473 3591 1504 ι
3613 1455 3688 1507 Πᾶ-

2189 1570 2278 1607 σαι
2303 1551 2395 1604 οὖν
2427 1551 2484 1604 αἱ
2517 1551 2702 1619 γενεαὶ
2733 1545 2841 1602 ἀπὸ
2877 1545 3129 1619 Ἀϐραὰμ
3163 1546 3324 1616 μέχρι
3366 1541 3526 1606 Δαϐὶδ,
3557 1544 3691 1609 γενεαὶ

2187 1646 2582 1716 δεκατέσσαρες
2602 1659 2617 1674 ο
2645 1643 2739 1696 καὶ
2773 1642 2931 1697 πάλιν
2963 1641 3071 1695 ἀπὺ
3112 1637 3280 1693 Δαϐἱδ
3324 1637 3472 1710 μέχρι
3510 1638 3692 1706 Ἱεχονίω

2192 1739 2283 1793 καὶ
2328 1739 2429 1807 τῆς
2464 1735 2814 1808 μετοικηὰίας
2859 1731 3199 1796 Βαϐυλῶνος,
3228 1733 3411 1800 γενεαὶ
3443 1729 3696 1784 δεκατέσσα-

2193 1851 2284 1905 ρες
2320 1853 2337 1885 ι
2369 1831 2480 1885 ἀλλ’
2506 1831 2568 1884 οὐ
2604 1829 2841 1900 διαδοχαὶ
2872 1828 3294 1897 δεκατέσσαρες,
3333 1824 3528 1885 εἰκότως
3563 1821 3699 1891 πάσης

2191 1926 2463 1980 ἀπολύοιτ⁹
2502 1925 2568 1978 ἂν
2623 1923 2978 1996 κατηγορίας·
3023 1922 3148 1976 ἐπεὶ
3195 1919 3284 1974 διὰ
3330 1917 3382 1971 τί
3415 1917 3478 1987 μὴ
3508 1913 3699 1985 διαδοχὰς

2191 2019 2463 2089 ὠνόμασε,
2495 2018 2591 2086 τῆς
2617 2017 2673 2070 δὲ
2715 2018 2770 2069 ἐν
2816 2017 2935 2078 ταῖς
2953 2013 3264 2076 Βασιλείαις
3303 2011 3395 2064 καὶ
3427 2007 3695 2080 napo).th-

2197 2113 2376 2183 μένοις
2412 2111 2649 2182 ἱστορίας
2683 2107 2930 2179 διαδοχὰς
2961 2106 3074 2161 ἀλλ’
3114 2107 3180 2160 οὐ
3219 2104 3408 2175 γενεάς
3435 2102 3699 2175 [crept/3:13;,

2194 2207 2292 2261 οὐκ
2326 2205 2391 2259 ἂν
2415 2205 2622 2272 γένοιτο
2661 2202 2964 2272 ἐναντίωμα
2993 2203 3058 2255 ἐκ
3097 2200 3202 2271 τῆς
3237 2199 3535 2270 ἀμφοτέρων
3573 2211 3700 2266 παρα-

2195 2299 2415 2361 θέσεως.

2269 2456 2330 2528 β’.
2367 2456 2563 2510 Γενεάν
2596 2455 2703 2528 γὰρ
2736 2456 2926 2526 χρόνον
2951 2452 3242 2525 ἀνθρώπου
3278 2452 3419 2523 ζωῆς
3451 2452 3538 2520 οὐχ
3562 2443 3645 2502 οἶόν
3662 2448 3700 2499 τί

2197 2550 2344 2602 ἐστιν
2386 2545 2690 2617 ὀνομάζειν,
2731 2545 2852 2598 ἐπεὶ
2892 2544 3184 2613 συμϐαίνει
3237 2541 3484 2604 πολλάκις
3511 2539 3612 2602 τοὺς
3635 2537 3700 2607 μὲν

2198 2643 2288 2695 ἐπὶ¹
2313 2642 2484 2714 βραχὺ
2511 2640 2717 2711 βιῶναι,
2743 2637 2836 2692 καὶ
2861 2636 3052 2690 θᾶττον
3083 2628 3485 2702 ἀποσϐεσθῆναι
3503 2627 3618 2682 κατά
3635 2630 3702 2694 τὴν

2198 2727 2290 2781 τοῦ
2323 2727 2507 2790 παιδὸς
2531 2728 2766 2798 ἠλικίαν,
2791 2726 2917 2789 τοὺς
2941 2725 2998 2778 δὲ
3030 2724 3196 2794 μέχρι
3223 2723 3317 2777 τοῦ
3350 2718 3600 2793 μειρακίου
3616 2716 3703 2786 φθὰ-

2203 2839 2310 2885 σαι,
2342 2822 2465 2885 τοὺς
2482 2820 2539 2874 δὲ
2569 2822 2660 2873 ἐπὶ
2677 2820 2768 2872 τὸν
2785 2818 3001 2874 νεανίαν
3033 2817 3343 2889 προελθεῖν,
3366 2816 3484 2878 τοὺς
3498 2814 3546 2866 δὲ
3562 2808 3703 2864 ἐπὶτδν

2201 2913 2388 2982 ἄνδρα,
2411 2914 2536 2977 τοὺς
2561 2912 2617 2966 δέ
2653 2912 2744 2966 καὶ
2767 2894 3110 2982 ἐπ”εσχατον
3138 2911 3320 2982 γῆρας
3345 2909 3625 2979 παρατεῖναι
3635 2903 3703 2970 τὴν

2201 3006 2346 3077 ζωήν
2369 3023 2382 3037 ·
2402 3003 2562 3058 ποίαν
2579 2998 2671 3057 οὗν
2693 3021 2776 3068 τις
2795 3003 3086 3074 ἀριθμήσει
3119 3017 3245 3070 γενε
3255 3000 3348 3063 ἁνς
3375 3001 3420 3052 εἰ
3445 2999 3472 3050 6
3492 2998 3575 3068 μὶν
3595 2994 3701 3064 φέρει

2197 3095 2358 3167 μέχρι
2372 3094 2598 3148 δεκάτου
2619 3093 2790 3158 ἔτους,
2811 3095 2839 3146 ὁ
2853 3093 2907 3146 δὲ
2925 3093 3116 3163 μέχρις
3154 3087 3426 3151 εἰκοστοῦ,
3447 3090 3473 3141 6
3495 3087 3543 3141 δέ
3561 3085 3700 3156 μέχρι(

2196 3180 2581 3252 πεντηκοστοῦ,
2599 3181 2754 3245 ἀλλος
2764 3181 2820 3235 δέ
2841 3179 3030 3252 μέχρις
3044 3177 3462 3248 ἑϐδομηκοστοῦ,
3474 3179 3499 3230 6
3511 3177 3558 3228 δὲ
3578 3174 3648 3227 καὶ
3659 3171 3702 3222 τὲ

2195 3274 2385 3328 ἑκατὸν
2397 3273 2638 3346 ὑπερϐὰς
2648 3273 2708 3327 οὒ
2729 3273 2884 3344 μόνον
2904 3271 3116 3325 ἐπὶτῶν
3135 3270 3380 3326 παλαιῶν
3396 3268 3519 3322 ἀλλὰ
3533 3267 3610 3320 καὶ
3620 3261 3703 3317 καθ’

2193 3370 2341 3438 ἡμᾶς
2359 3369 2575 3439 ὁρᾶται·
2602 3366 2720 3426 πῶς
2746 3361 2838 3419 οὖν
2859 3365 3056 3419 οἴονται
3078 3365 3180 3435 τὴν
3210 3363 3489 3435 ἀνθρώπου
3514 3360 3630 3430 ζωὴν
3645 3372 3701 3424 τε·

2195 3461 2320 3514 νεάν
2334 3459 2618 3531 ὀνομάζειν
2639 3477 2652 3523 ;
2671 3457 2784 3512 ἀλλ’
2800 3457 2918 3510 οὐδὲ
2939 3457 3099 3527 μέχρι
3117 3456 3220 3526 τῆς
3239 3451 3624 3514 παιδοποιΐαςοοὶ
3637 3449 3704 3519 μὲν

2196 3551 2304 3619 γὰρ
2334 3551 2439 3620 πρὸ
2460 3550 2568 3603 τῶν
2601 3551 2768 3602 εἴκοσι
2802 3546 2936 3600 ἐτῶν
2965 3547 3246 3616 γήμαντες
3277 3541 3706 3609 πεπαιδοποίηνῑαι»

2196 3644 2243 3695 οἱ
2274 3642 2330 3695 δὲ
2351 3641 2473 3695 οὐδὲ
2508 3641 2648 3711 ὑπὲρ
2668 3638 2736 3692 τά
2754 3638 3042 3710 τρίακοντα
3061 3636 3381 3706 γενόμενοι·
3413 3634 3498 3688 καὶ
3527 3630 3613 3684 τῶν
3631 3631 3708 3694 lar;

2197 3735 2360 3790 λίκων
2398 3734 2454 3787 δὲ
2481 3733 2608 3798 ἴδοις
2636 3733 2700 3788 ἂν
2733 3734 2857 3794 τοὺς
2907 3730 3006 3801 μὲν
3029 3728 3120 3782 ἐπὶ
3163 3727 3412 3800 πρώτους
3441 3728 3572 3788 υἱοὺς
3596 3721 3708 3775 στάν-

2196 3847 2314 3893 τας,
2359 3829 2483 3897 τοὺς
2522 3827 2579 3880 δὲ
2621 3825 2712 3879 ἐπὶ
2761 3820 3112 3895 τετραγονίαν
3160 3820 3483 3883 ἐλάσαντας
3525 3817 3637 3869 ὥστε
3669 3813 3708 3862 ἐν

2199 3923 2534 3993 πεντήκοντα
2568 3919 2734 3981 ἔτεσι,
2761 3918 2885 3980 τοὺς
2916 3918 3012 3987 μὲν
3045 3919 3306 3986 ἐκγόνους
3331 3910 3611 3970 θεάσασθαι,
3633 3903 3708 3956 ἑτέ-

2203 4030 2325 4085 ρους
2355 4012 2411 4065 δέ
2443 4013 2500 4065 ἐν
2543 4010 2910 4082 ἐϐδομήκοντα
2944 4009 3167 4082 μηδενὸς
3215 4005 3501 4074 ἀξιωθῆναι
3540 3995 3705 4095 παιδός

2199 4101 2316 4164 πῶς
2373 4097 2468 4154 οὖν
2510 4101 2838 4172 ἀριθμητὲον
2887 4100 2986 4165 τάς
3035 4101 3264 4169 γενεάς;
3315 4097 3526 4166 πότερον
3553 4093 3604 4144 ἐκ
3631 4093 3708 4138 τῶν

2203 4192 2512 4265 μακροϐίων
2543 4193 2576 4264 ἢ
2598 4193 2706 4246 τῶν
2733 4193 3050 4260 ὀλιγοϐίωνς
3078 4193 3172 4245 καὶ
3205 4195 3271 4246 ἐκ
3296 4190 3402 4243 τῶν
3422 4188 3543 4256 ταχὺ
3569 4194 3708 4233 πεπαι-

2201 4284 2387 4354 δοποιη
2399 4285 2591 4354 μένων,
2627 4284 2660 4354 ἢ
2688 4284 2796 4338 τῶν
2829 4283 3105 4356 βραδέωνς
3137 4286 3234 4337 καὶ
3269 4286 3332 4336 ἐκ
3368 4280 3470 4334 τῶν
3500 4277 3577 4330 ἐπὶ
3601 4269 3707 4342 πρὼ-

2202 4376 2314 4438 τοίς
2341 4375 2477 4438 υἱοῖς
2521 4374 2973 4445 σαλευσάντων,ῆ
3007 4376 3070 4428 ἐκ
3101 4375 3207 4426 τῶν
3246 4374 3338 4427 ἐπὶ
3375 4370 3561 4424 πλείοσι
3583 4361 3708 4418 διαδο-

2203 4469 2356 4538 χαῖς;
2393 4461 2467 4521 ὧν
2505 4467 2674 4532 οὕτως
2719 4468 3099 4540 ἐξητασμὲνων
3128 4469 3158 4520 ὁ
3201 4468 3346 4532 θεῖος
3388 4457 3706 4533 εὐαγγελιστὴῖ

2202 4558 2262 4610 οὐ
2294 4556 2542 4628 διαδοχὰς
2578 4556 2908 4628 προθέμενος
2957 4559 3152 4620 εἰπεῖν,
3202 4557 3395 4625 γενεὰς
3417 4555 3487 4617 δὲ,
3518 4547 3617 4605 καθ’
3640 4541 3705 4602 οὓς

2206 4650 2366 4714 αὐτὸς
2393 4650 2659 4720 ἠπίστατο
2683 4648 2875 4718 λόγους
2895 4648 3006 4720 (18)
3026 4647 3516 4720 ἀπαριθμούμενος,
3536 4640 3616 4711 τῆς
3636 4633 3704 4706 μὲν

2204 4742 2261 4794 ἐν
2289 4742 2409 4804 ταῖς
2431 4740 2690 4813 ἱστορίαις
2729 4738 2980 4810 διαδοχῆς
3016 4734 3176 4810 ἦττον
3215 4737 3544 4809 πεφρόντικε,
3571 4721 3704 4780 τοσοῧο

2202 4850 2327 4896 τους
2355 4831 2720 4903 ἀναλαμϐάνει
2743 4834 2822 4895 εἰς
2840 4832 2936 4902 τὴν
2956 4830 3328 4900 γενεαλογίαν,
3349 4831 3458 4883 ὅσοι
3483 4823 3702 4893 ἀπήρκουν

2202 4924 2351 4993 αὑτῷ
2382 4925 2461 4987 είς
2488 4923 2830 4994 ἐκπλήρωσιν
2860 4923 2965 4975 τῶν
2993 4923 3402 4994 δεκατεσσάρων
3428 4915 3622 4987 γενεῶν’
3643 4904 3702 4959 οὗ·

522 5017 740 5072 sionum
793 5016 1080 5074 historiam
1129 5019 1393 5090 neglexit;
1449 5025 1527 5072 tot
1566 5034 1695 5074 vero
1743 5019 1989 5074 homines
2030 5017 2092 5072 ad

2197 5032 2306 5079 τως
2333 5032 2390 5067 τε
2430 5014 2588 5085 αὐτῷ.
2607 5014 2762 5085 ὑγιὴς
2798 5012 3133 5077 ἀποσώζεται
3151 5015 3180 5067 6
3209 5013 3382 5082 λόγος,
3407 5009 3493 5062 καὶ
3513 5002 3702 5070 οὐδαμῶς

522 5109 892 5180 genealogiam
926 5111 1247 5181 assumpsit,
1279 5119 1415 5182 quot
1439 5111 1486 5167 ei
1511 5110 1850 5166 sulliciebant
1870 5110 1938 5166 ad
1969 5126 2098 5182 qua-

2199 5110 2438 5172 ἐναντίος
2475 5111 2538 5179 τῇ
2574 5109 2682 5162 τῶν
2715 5108 2959 5178 ἱστοριῶν
2987 5111 3192 5181 γραφῇ.

523 5201 822 5258 tuordecim
851 5212 1232 5275 generationes
1258 5205 1575 5276 explendas.
1630 5203 1723 5261 Sic
1745 5205 1864 5276 ejus
1890 5205 2163 5262 veridicus
2203 5221 2384 5261 sermo
2422 5212 2720 5275 est,neque
2775 5204 2997 5259 omnino
3057 5203 3360 5259 contrarius
3415 5189 3700 5251 historiarul

523 5293 825 5349 traditioni.

596 5470 906 5543 (l7‘)_(_30d.
947 5472 1070 5526 rem.
1109 5488 1325 5543 genere.
1366 5471 1456 5526 Sic
1485 5480 1631 5536 ante,
1671 5479 1726 5538 et
1755 5471 1914 5525 infra.

595 5540 708 5612 (l8)
748 5541 1057 5598 Mattliaeum
1094 5540 1248 5612 putat
1287 5543 1555 5598 Eusebius
1589 5543 1942 5612 generationis
1997 5556 2092 5595 vo-

529 5611 722 5666 cabulo
755 5619 964 5666 certum
1015 5611 1305 5683 quemdam
1358 5629 1420 5668 ac
1457 5611 1753 5669 solemnem
1791 5613 2094 5681 intelligere

2202 5539 2364 5609 quam
2405 5554 2507 5608 ego
2540 5539 2553 5592 i

2203 5469 2382 5540 spatio
2430 5466 2804 5522 controversia
2860 5467 3001 5521 inter
3043 5473 3254 5521 veteres
3305 5462 3446 5519 satis.
3473 5465 3582 5513 nota
3617 5457 3698 5511 est,

2203 5557 2364 5588 mmm
2405 5554 2507 5588 ego
2540 5539 2654 5588 inse
2699 5535 2851 5588 attigi
2900 5538 2957 5588 in
3009 5536 3447 5588 adnotationibus
3493 5527 3551 5581 ad
3591 5531 3698 5576 non

2203 5537 2364 5609 (ιίκιηι
2405 5554 2507 5608 ego
2540 5539 2654 5660 Ἔδει
2699 5537 2851 5607 attigi
2900 5538 2958 5590 in
3009 5537 3447 5592 adnotationibus
3493 5537 3551 5581 ad
3591 5537 3696 5601 non

2203 5613 2501 5680 fragmenta
2600 5606 2809 5680 ⁸ἰριιγςιὶἰ
2858 5607 3030 5666 Halic.
3072 5623 3174 5677 cap
3222 5607 3307 5674 l3,
3355 5619 3408 5662 n.
3447 5600 3494 5666 ι,
3536 5593 3696 5661 Scan

527 5693 797 5743 annorum
841 5678 1147 5738 numerum.
1191 5683 1444 5740 Profecto
1478 5684 1546 5741 de
1582 5685 1868 5753 temporali
1902 5678 2094 5751 γενεᾶς
2197 5678 2311 5741 vet:
2337 5690 2376 5736 t.
2400 5678 2466 5747 ll,
2500 5695 2554 5751 p.
2587 5678 2711 5737 474.
