3890 6198
227 234 334 291 915

959 357 1059 412 II".

227 486 328 542 Διά
357 486 414 541 τί
439 485 559 559 τῶν⁸
578 487 726 559 μετά
761 488 1045 559 ,Ἰεχονίαν
1065 489 1168 559 ,ἐπὶ
1206 489 1312 543 τὸν
1347 489 1561 559 Ἰωσὴφ
1589 506 1790 559 γενεα-

297 556 675 631 λογομμένων
700 557 806 631 δύο
836 556 955 612 καὶ
1007 558 1152 631 δέκα
1198 559 1406 631 deum,
1465 556 1790 631 ὀέὖαγγε-

295 625 508 695 λιστὴς
529 627 978 697 δεκατέσσαρας
1001 628 1187 683 πάλιν
1213 625 1368 684 εἶναι
1399 645 1611 699 φησιν.

294 745 360 796 α’.
390 739 488 791 Διά
508 738 607 808 τὴν
644 738 812 810 αὐτὴν
840 740 1038 793 αἰτίαν·
1064 739 1124 793 ού
1159 740 1268 812 γὰρ
1292 741 1560 811 διαδοχὰς,
1597 742 1789 810 γενεὰς

219 831 298 891 δὲ,
318 829 396 893 ὡς
423 827 578 900 ἔφην,
616 829 949 901 ἀναγράφειν
975 829 1239 884 ἐϐούλετο·
1266 831 1549 902 συμϐαίνει
1580 832 1635 887 δὲ
1659 834 1788 886 πολ-

223 921 378 984 λάκις
395 920 452 972 ἐν
474 919 792 990 μακροϐίοις
821 921 914 973 καὶ
943 921 1243 988 πολυέτεσι,
1268 922 1366 986 τὰς
1391 923 1488 994 μὲν
1511 909 1787 993 γεγονέναι

220 1011 328 1063 τῶν
353 1009 563 1080 ἀνδρῶν
583 1011 680 1074 τάς
710 1011 978 1082 διαδοχὰς.
1001 1013 1090 1066 τὸν
1113 1014 1170 1068 δὲ
1199 1014 1308 1068 τῶν
1339 1015 1538 1081 γενεῶν
1559 1016 1787 1088 ἀριθμὸν

220 1101 570 1156 ἀποδεδόσθαι
590 1101 788 1174 πλήρη·
821 1097 864 1171 ᾧ
889 1104 953 1175 δὴ
994 1101 1088 1158 οὖν
1137 1105 1277 1177 λόγῳ
1307 1109 1365 1160 ὲν
1397 1110 1507 1171 τοῖς
1560 1108 1667 1161 ἀπὸ
1691 1108 1786 1162 τοῦ

221 1191 384 1246 Δαϐὶδ
406 1194 502 1246 καὶ
527 1195 618 1246 ἐπὶ
674 1193 770 1266 τὴν
828 1195 1198 1266 αἰχμαλωσίαν
1256 1199 1490 1252 πλείοσιν
1524 1195 1643 1253 οὖσι
1696 1201 1787 1254 τὸν

217 1281 449 1354 ἀριθμὸν
474 1287 586 1348 τοῖς
613 1286 670 1337 ὲν
694 1288 760 1356 τῇ
805 1286 1020 1359 διαδοχῇ
1068 1289 1404 1360 φερομένοις,
1456 1289 1779 1362 δλιγώτεραι

219 1376 558 1447 ἀπεδόθησαν
578 1378 632 1430 αἱ
655 1378 858 1445 γενεαί·
894 1379 952 1430 ὲν
975 1379 1084 1450 γὰρ
1111 1379 1376 1449 διαδοχαῖς
1414 1380 1620 1453 ἀνδρῶν
1652 1382 1788 1436 ὲπτά

220 1469 310 1521 καὶ
335 1468 490 1532 δέκα,
519 1469 700 1537 γενεαὶ
750 1471 992 1542 εἴρηνται
1037 1471 1452 1543 δεκατέσσαρες·
1509 1473 1650 1527 κατὰ
1696 1474 1787 1528 τὸν

215 1561 380 1614 αὐτὸν
413 1562 668 1631 λογισμὸν
692 1563 785 1615 καὶ
813 1561 906 1615 νῦν
932 1565 1019 1616 ἐπ’
1047 1563 1254 1637 ἀνδρῶν
1271 1564 1536 1635 διαδοχαῖς
1561 1565 1784 1629 δώδεκα,

722 232 1185 302 ΩυΑΞδΤΙΟΝΙ-Ξδ
1220 234 1686 293 EVANGELIC/E
1724 235 1786 291 Al

1891 232 2298 292 .TEPHANUM.
2339 262 2407 275 --—
2446 227 2775 298 QU£STIO
2813 224 2948 282 XIII.

1815 362 1865 422 Δ

3344 225 3446 282 926

2608 347 2746 406 XIII.

1891 489 2000 547 Cur
2039 505 2157 544 cum
2195 506 2226 542 α
2259 485 2512 541 Jechonia
2542 483 2609 536 ad
2639 481 2922 552 losepltum
2954 475 3228 552 duodecim
3267 477 3318 529 in
3356 493 3442 543 ge-

1959 560 2200 639 nealogia
2256 559 2392 622 sint,
2437 545 2777 625 evangelista
2811 545 3208 622 quatuordecim
3261 563 3446 639 rursus

1958 631 2122 684 dicat.

1957 746 2009 801 I.
2054 743 2149 799 Rei
2184 757 2350 798 causa
2381 739 2569 794 eadem
2600 743 2720 793 est:
2755 752 2863 791 non
2889 734 3034 791 enim
3069 731 3446 789 successiones

1888 835 1982 892 sed
2024 834 2435 907 generationes,
2489 837 2547 883 ut
2596 828 2745 894 dixi,
2797 827 3150 883 conscribere
3203 823 3440 878 volebat.

1889 923 2042 994 Swpe
2071 938 2200 978 vero
2240 917 2538 989 contingit,
2581 923 2642 970 ut
2689 916 2745 970 in
2788 914 3079 969 macrobiis
3122 922 3281 982 atque
3321 909 3441 965 lon—

1887 1018 2076 1087 gaevis,
2115 1015 2428 1085 quicunque
2477 1010 2643 1066 fuerit
2683 1007 3093 1064 succedentium
3138 1017 3437 1066 numerus.

1886 1105 2242 1160 nihilominus
2295 1105 2411 1174 ipse
2465 1100 2873 1172 generationum
2933 1113 3190 1152 numerus
3245 1096 3442 1166 plenus

1889 1197 2174 1252 habeatur.
2214 1195 2387 1262 Quam
2428 1193 2498 1248 ob
2536 1208 2652 1248 rem
2688 1189 2853 1247 sicuti
2894 1188 2948 1242 in
2985 1188 3159 1244 classe
3198 1195 3443 1257 patrum-

1889 1289 2124 1344 familias
2152 1303 2182 1342 a
2212 1286 2414 1341 Davide
2446 1285 2516 1340 ad
2549 1283 2918 1354 captivitatem
2941 1320 2956 1346 ,
2985 1295 3108 1335 cum
3136 1279 3298 1350 paulo
3326 1292 3443 1332 ma-

1881 1381 1969 1450 jor
1998 1377 2406 1432 succedentium
2437 1388 2701 1429 numerus
2735 1379 2912 1435 esset,
2949 1371 3236 1440 pauciores
3263 1377 3440 1422 tamen

1877 1469 1954 1522 ab
1980 1467 2312 1536 evangelista
2343 1464 2571 1536 proditae
2603 1471 2732 1520 sunt
2759 1463 3177 1534 generationes;
3208 1474 3443 1530 namque

1885 1561 1942 1614 in
1990 1573 2099 1612 xvu
2143 1557 2383 1610 virorum
2439 1553 2881 1610 successionibus
2936 1551 3314 1624 generationes
3351 1567 3442 1605 κη

219 1655 276 1706 αἱ
307 1653 698 1725 δεκατέσσαρες
755 1655 820 1708 ἂν
867 1655 1198 1726 ἐπληροῦντο
1245 1657 1448 1723 γενεαὶ,
1475 1657 1785 1728 μακροϐίων

1891 1649 2044 1704 dictae
2081 1656 2248 1713 sunt;
2284 1645 2472 1701 eodem
2514 1659 2662 1700 nunc
2700 1659 2920 1714 quoque
2956 1642 3189 1696 consilio
3237 1640 3290 1694 in
3341 1639 3442 1696 ho-

217 1744 296 1806 ὡς
328 1744 472 1808 εἰκὸς
494 1747 856 1817 πολυχρονίων
887 1745 1063 1800 αὐτῶν
1101 1746 1164 1818 δὴ
1189 1746 1300 1799 τῶν
1331 1745 1538 1802 δώδεκα
1557 1764 1783 1818 γεγενη-

218 1836 421 1906 μένων,
453 1837 547 1892 καὶ
606 1837 914 1909 ἀρκούντων
969 1841 1048 1902 είς
1080 1837 1459 1911 ἀναπλήρωσιν
1496 1840 1603 1893 τῶν
1632 1840 1787 1894 δεκα-

213 1927 497 2000 τεσσάρων
521 1928 740 1997 γενεῶν.
780 1929 895 1983 Μία
920 1929 1019 2000 μὲν
1043 1929 1292 1994 ἀπόδοσις
1342 1929 1436 1984 τοῦ
1465 1929 1785 2002 ζητηθέντος

281 2195 350 2266 β’.
392 2195 530 2249 Καθ’
561 2195 752 2266 ἑτέραν
789 2193 846 2248 δὲ
893 2194 1129 2248 διάνοιαν
1179 2194 1358 2266 εὕροις
1389 2194 1454 2248 ἂν
1477 2195 1784 2266 ἀκριϐώσας

213 2287 355 2339 κατὰ
412 2285 512 2356 τὴν
593 2285 830 2358 ἱστορίαν
899 2284 1298 2359 δεκατέσσαρας
1371 2285 1784 2359 ὠνομασμένους

209 2377 302 2430 καὶ
323 2378 392 2428 ὲν
424 2379 489 2446 τῇ
525 2375 1026 2448 παρούσῃδιαδοχῇ,
1053 2381 1102 2430 εί
1132 2379 1265 2449 πρὸς
1285 2380 1395 2442 τοῖς
1417 2377 1622 2432 δώδεκα
1656 2395 1780 2433 συν-

209 2466 583 2538 αριθμήσειας
643 2469 802 2521 αὐτὸν
851 2468 1056 2540 Ἰησοῦν
1111 2471 1346 2542 Χριστὸν
1399 2472 1513 2524 υίὺν
1540 2471 1629 2525 τοῦ
1672 2473 1784 2525 Ἰω-

212 2559 316 2630 σὴφ
352 2559 791 2630 χρηματίσαντα·
822 2560 1112 2632 προσθείης
1139 2579 1197 2614 τε
1217 2562 1424 2626 τούτοις
1446 2564 1539 2616 καὶ
1563 2563 1652 2616 τὺν
1689 2563 1784 2614 Ἰε-

205 2650 400 2721 χονίαν
429 2651 519 2704 τὸν
554 2653 608 2703 ἐν
636 2650 909 2704 Βαϐυλῶνι
961 2653 1348 2723 γεγενημένον,
1376 2654 1497 2724 οὐχὶ
1543 2653 1632 2706 τὸν
1682 2654 1785 2724 πρὸ

207 2745 303 2814 τῆς
333 2743 692 2815 μετοικησίας
745 2747 802 2798 ὲν
854 2747 920 2816 τῇ
971 2744 1320 2818 Ἰερουσαλὴμ
1373 2746 1781 2817 βασιλεύσαντα·

207 2834 294 2888 δύο
330 2838 449 2906 γὰρ
473 2834 749 2906 ὁμώνυμοι
771 2835 1054 2905 γεγόνασιν
1098 2838 1349 2908 Ἰωακεὶμ
1372 2837 1507 2908 μετὰ
1557 2836 1780 2902 Ἰωσίαν,

206 2929 234 2981 ὅ
257 2945 321 2996 γε
355 2926 524 2980 αύτοῦ
551 2925 644 2978 τοῦ
690 2926 892 2979 Ἰωσίου
926 2927 1062 2993 υἱὸς,
1112 2927 1169 2990 ὃς
1208 2927 1342 2997 μετά
1395 2926 1580 2980 τοῦτον
1603 2925 1783 2980 ἐϐασί-

1887 1739 2091 1794 miuum
2123 1736 2567 1792 successionibus
2596 1751 2670 1790 xu
2693 1776 2708 1799 ,
2739 1736 2968 1806 expleta:
2994 1732 3252 1788 dicuntur
3277 1747 3444 1803 gene-

1885 1829 2124 1883 rationes
2157 1842 2247 1884 xiv
2267 1868 2280 1890 ,
2311 1827 2436 1896 quia
2470 1825 2721 1880 videlicet
2752 1841 2827 1880 xu
2861 1825 2936 1878 illi
2959 1864 2974 1884 .
3009 1831 3066 1877 ut
3095 1823 3316 1878 credere
3344 1839 3442 1894 par

1885 1928 1968 1976 est
1993 1960 2008 1983 ,
2047 1920 2308 1974 macrobii
2344 1920 2563 1974 fuerunt
2593 1928 2756 1989 atque
2789 1919 3012 1990 longaevi
3040 1957 3055 1982 ,
3089 1918 3162 1971 ita
3193 1927 3251 1971 ut
3280 1917 3442 1972 suﬂ'e-

1883 2011 2057 2067 cerint
2086 2011 2152 2065 ad
2186 2027 2274 2064 xw
2307 2010 2611 2080 implendas
2641 2011 3040 2080 generationes.
3069 2009 3150 2065 Ad
3183 2008 3442 2080 quaestio-

1883 2116 2006 2156 nem
2033 2100 2146 2155 haec
2174 2101 2347 2170 prima
2379 2102 2661 2170 responsio
2695 2111 2798 2156 est.

1949 2191 2004 2245 2.
2047 2190 2154 2248 Sed
2183 2191 2326 2246 enim
2360 2189 2466 2244 alia
2498 2205 2717 2259 quoque
2749 2191 2962 2244 ratione
2995 2191 3127 2245 inita
3160 2192 3438 2254 invenies.

1883 2283 1928 2340 si
1969 2282 2258 2356 diligenter
2287 2279 2572 2345 historiam
2605 2281 3041 2339 consideraveris
3063 2324 3078 2348 ,
3111 2283 3440 2354 (δωυιοι-ιίο-

1881 2376 1986 2430 cim
2043 2375 2096 2428 in
2145 2376 2245 2429 hac
2296 2375 2412 2445 ipsa
2462 2375 2688 2429 historia
2737 2374 3076 2444 appellatus,
3119 2376 3199 2439 si,
3245 2385 3442 2445 praeter

1881 2465 2196 2530 duodecim,
2230 2467 2601 2521 numeraveris
2630 2465 2813 2520 .lcsum
2845 2465 3118 2520 Christum
3149 2467 3322 2536 ipsum
3348 2463 3442 2520 Jo-

1884 2557 2033 2627 sephi
2065 2558 2231 2611 lilium
2265 2558 2634 2612 existimatum
2664 2597 2678 2621 ,
2713 2556 2908 2626 hisque
2935 2557 3248 2626 adjunxeris
3274 2557 3438 2612 etiam

1881 2643 2193 2702 Jcchoniam
2217 2688 2230 2711 ,
2265 2649 2417 2702 illum
2456 2649 2666 2703 scilicet
2705 2649 2797 2718 qui
2838 2647 3164 2719 Babylonem
3205 2648 3441 2702 transla—

1882 2747 1971 2794 tus
2007 2739 2137 2804 l'uit,
2172 2757 2278 2794 non
2318 2741 2548 2795 alterum
2575 2740 2668 2809 qui
2699 2748 2826 2795 ante
2855 2739 3236 2810 Babylonicam
3269 2739 3441 2808 capti-

1883 2829 2100 2885 vitalem
2126 2827 2514 2900 Hierosolymis
2538 2829 2840 2898 imperavit.
2867 2827 2984 2882 Duo
3005 2828 3202 2898 quippe
3224 2827 3443 2883 fuerunt

1884 2922 2232 2994 homonymi;
2271 2921 2552 2979 Joacimus
2611 2922 2866 2978 videlicet
2906 2931 3027 2993 post
3067 2920 3302 2986 Josiam,
3348 2921 3443 2992 qui

201 3019 406 3072 λευσεν
435 3018 494 3069 ὲν
537 3017 914 3088 Ἰερουσαλὴμ,
960 3019 1052 3072 καὶ
1109 3021 1136 3072 ὁ
1187 3018 1374 3072 τούτου
1426 3021 1553 3082 παῖς
1599 3019 1782 3088 ἕτερος

1891 3013 1986 3097 luit
2002 3014 2242 3084 ejusdem
2265 3014 2426 3070 Josite
2461 3015 2601 3071 ﬁlius
2629 3024 2682 3070 et
2709 3014 3099 3086 Hierosolymis
3135 3015 3282 3084 regni
3314 3030 3442 3069 suc‘

220 3109 508 3178 Ἰωακείμ·
542 3103 686 3160 οὗτοι
719 3109 775 3161 δὲ
805 3110 898 3161 καὶ
931 3109 1174 3180 Ίεχονίαι
1201 3111 1592 3180 ἐχρημάτισαν,
1637 3107 1786 3172 ἐξελ-

205 3189 557 3271 ληνισῦέντος
587 3201 767 3265 αὐτοῖς
799 3201 892 3254 τοῦ
947 3203 1223 3274 ὀνόματος.
1258 3203 1317 3256 '0
1367 3203 1542 3256 τοίνυν
1582 3202 1790 3273 πρῶτος

218 3292 491 3363 Ἰωακεὶμ
537 3295 566 3346 ὁ
597 3293 692 3346 καὶ
746 3293 996 3364 Ἰεχονίας
1029 3296 1141 3359 υίὸς
1168 3295 1242 3347 ὢν
1288 3294 1512 3360 Ἰωσίου,
1538 3295 1657 3356 ταῖς
1684 3293 1788 3362 πρὸ

206 3387 302 3454 τῆς
339 3383 718 3455 αἰχμαλωσίας
741 3385 1218 3456 συγκαταλεγέσθω
1251 3388 1479 3454 γενεαῖς·
1535 3385 1564 3437 ὁ
1599 3383 1654 3436 δὲ
1677 3381 1792 3435 τού-

207 3495 299 3530 του
337 3479 475 3540 παῖς
498 3477 526 3528 ὁ
569 3475 817 3548 δεύτερος
859 3479 1109 3548 Ἰωακεὶμ
1163 3478 1258 3532 καὶ⁵
1315 3477 1476 3540 αύτδς
1519 3475 1787 3546 Ἰεχονίας,

209 3571 329 3634 υἱὸς
359 3569 437 3624 ὣν
461 3568 554 3622 τοῦ
573 3567 786 3640 πρώτου
813 3571 1088 3637 Ἰωακεὶμ,
1111 3569 1204 3624 τοῦ
1232 3569 1287 3622 δὲ
1322 3568 1522 3622 Ἰωσίου
1550 3567 1788 3636 ἔκγονος,

211 3664 268 3714 ἰν
298 3662 424 3723 τοῖς
457 3659 595 3731 μετά
624 3662 722 3733 τὴν
753 3661 1126 3733 αἰχμαλωσίαν
1157 3660 1250 3714 καὶ⁵
1303 3661 1380 3724 είς
1425 3659 1514 3712 τὸν
1560 3657 1790 3730 Χριστὸν

210 3751 732 3823 γενεαλογουμένοις
765 3752 1179 3824 ἀριθμούμενος,
1229 3751 1434 3806 τέλειον
1473 3749 1696 3822 ἀποδοίη
1724 3749 1792 3804 ἂν

210 3843 301 3897 τὸν
331 3841 449 3896 τῶν
487 3843 892 3916 δεκατεσσάρων
924 3844 1122 3914 γενεῶν
1153 3843 1380 3916 ἀριθμόν
1411 3843 1542 3916 (19).

278 4020 358 4090 Υ.
401 4020 530 4090 Περὶ
559 4019 614 4072 δὲ
636 4017 729 4072 τοῦ
756 4017 848 4073 δύο
881 4017 1158 4088 γεγονέναι
1200 4021 1478 4091 Ἰωακεὶμ,
1513 4019 1790 4093 μαρτυρή-

207 4127 296 4162 σει
327 4111 365 4180 ἡ
392 4107 503 4160 τῶν
530 4107 818 4161 Βασιλειῶν
846 4108 1058 4180 Γραφὴ,
1091 4108 1274 4163 τοῦτον
1304 4109 1497 4180 ἔχουσα
1525 4109 1614 4162 τὸν
1663 4109 1788 4180 τρό-

211 4215 338 4254 πον·
385 4217 404 4249 ι
436 4199 546 4252 Καὶ
574 4197 884 4253 ἐϐασίλευσε
911 4198 1107 4272 Φαραὼ
1137 4200 1330 4272 Νεχαὼ
1348 4203 1438 4254 ἐπὶ
1459 4201 1549 4254 τον
1573 4200 1788 4272 Ἰσραὴλ

209 4291 304 4343 τὸν
348 4288 632 4359 Ἐλιακεὶμ
684 4287 798 4342 υἱὸν
842 4289 1018 4342 Ἰωσία
1083 4289 1344 4359 βασιλέως
1409 4290 1608 4356 Ἰούδα,
1667 4291 1786 4343 ἀντὶ

1889 3119 2104 3169 cessor;
2135 3119 2354 3159 rursum
2383 3105 2522 3160 alter
2548 3105 2826 3160 Joacimus
2855 3105 3097 3176 praedicti
3130 3106 3442 3177 homonymi

1889 3193 2054 3248 Illius.
2100 3193 2163 3246 Hi
2205 3193 2478 3249 Jechonize
2517 3212 2734 3266 quoque
2771 3197 3022 3266 appellati
3056 3197 3274 3251 fuerunt
3298 3236 3311 3258 ,
3343 3211 3443 3251 no—

1889 3284 2036 3338 mine
2083 3299 2268 3339 eorum
2321 3285 2386 3339 ad
2426 3284 2667 3340 Graecam
2702 3286 2928 3340 formam
2961 3287 3239 3342 inclinato.
3285 3285 3444 3341 Prior

1891 3375 2072 3446 itaque
2097 3374 2375 3431 Joacimus
2397 3415 2410 3440 ,
2443 3377 2692 3448 idemque
2718 3376 3010 3433 Jechonias
3028 3419 3042 3442 ,
3074 3379 3217 3434 filius
3244 3376 3438 3444 Josiae,

1889 3465 1943 3522 in
1993 3467 2436 3538 generationibus
2485 3475 2610 3522 ante
2652 3469 3020 3537 captivitatem
3062 3468 3438 3525 concludatur.

1861 3605 1866 3608 .
1890 3560 2062 3632 Ilujus
2091 3571 2270 3616 autem
2299 3562 2440 3617 Iilius
2460 3602 2474 3625 ,
2508 3562 2647 3616 alter
2671 3560 2950 3616 Joacimus
2970 3603 2984 3627 ,
3020 3563 3269 3633 idemque
3299 3565 3443 3635 pari-

1888 3661 1972 3709 ter
1994 3653 2287 3709 Jechonias
2312 3693 2325 3717 ,
2354 3651 2556 3723 prioris
2581 3651 2810 3706 Joacimi
2842 3653 3015 3718 ﬁlius,
3047 3652 3210 3709 Josia:
3239 3671 3439 3725 nepos,

1890 3747 1936 3801 si
1981 3761 2106 3800 cum
2154 3747 2221 3801 iis
2262 3752 2618 3799 recenseatur
2665 3745 2756 3814 qui
2808 3745 2952 3799 inter
2995 3746 3360 3815 captivitatem
3391 3758 3441 3800 ct

1889 3838 2162 3895 Chr-istum
2218 3837 2463 3901 fuerunt,
2515 3837 2707 3908 plenus
2759 3840 2982 3894 exsistet
3034 3838 3438 3907 quatuor-decim

1889 3930 2294 3999 generationum
2325 3942 2602 3983 numerus.

1956 4019 2008 4074 5.
2049 4017 2218 4072 Porro
2243 4017 2380 4092 duos
2411 4016 2580 4073 fuisse
2604 4014 2876 4072 Joacimos
2898 4057 2912 4081 ,
2942 4015 3248 4087 Regnorum
3277 4025 3442 4071 testa-

1889 4117 1977 4163 tur
2030 4108 2312 4180 Scriptura
2368 4109 2454 4165 his
2505 4109 2726 4164 verbis:
2763 4129 2780 4158 ε
2808 4107 3118 4178 Regemque
3160 4108 3442 4162 constituit

1886 4198 2098 4254 Pharao
2128 4200 2342 4256 Nechao
2373 4199 2695 4255 Eliacimum
2737 4198 2901 4254 Josize
2945 4198 3114 4253 [ilium
3161 4213 3259 4270 pro
3292 4198 3441 4255 Josia

1888 4301 2038 4360 patre
2058 4292 2196 4360 ejus,
2221 4291 2492 4362 vertitque
2511 4306 2706 4346 nomen
2728 4290 2848 4360 ejus
2863 4290 3166 4345 Joacimum
3189 4291 3253 4347 ⁵⁸.
3278 4310 3296 4342 ι
3318 4289 3444 4358 Qui-

223 4382 412 4436 Ἰωσία
443 4381 535 4434 τοῦ
569 4381 772 4452 πατρὸς
797 4380 980 4435 αὑτοῦ·
1016 4382 1112 4436 καὶ
1154 4381 1452 4453 ἐπέστρεψε
1501 4383 1561 4434 τὸ
1615 4381 1786 4453 ὄνομα

1891 4381 1995 4434 bus
2019 4381 2216 4435 deinde
2236 4380 2388 4434 addit
2413 4399 2426 4435 :
2455 4399 2472 4431 ι
2494 4378 2666 4436 Filius
2694 4379 2884 4451 viginti
2911 4379 3150 4452 quinque
3175 4395 3440 4434 annorum

214 4472 381 4528 αὑτοῦ
429 4474 735 4545 Ἰωακείμ.»
768 4469 863 4538 Οἷς
898 4473 1019 4545 ἑξῆς
1079 4475 1337 4543 ἐπιλέγει·
1395 4493 1414 4524 ε
1436 4475 1560 4537 Υἱὸς
1592 4475 1789 4528 εἰκοσι-

212 4568 380 4643 πέντε
413 4565 552 4620 ἐτῶν
597 4565 846 4636 Ἰωακεὶμ
862 4567 917 4618 ὲν
944 4565 1020 4637 τῷ
1049 4565 1347 4637 βασιλεύειν
1369 4566 1546 4619 αὐτόν·
1584 4567 1677 4620 καὶ
1705 4566 1792 4618 ἓν·

214 4658 350 4711 δεκα
376 4658 474 4727 ἐτη
506 4657 926 4711 ὲϐασίλευσενὲν
959 4658 1361 4729 Ἰερουσαλήμ·»
1384 4656 1464 4719 οἷς
1499 4657 1788 4728 μεθ’ξτερα

216 4749 485 4817 ἐπιλέγει·
527 4769 544 4800 ι
568 4747 678 4801 Καὶ
705 4748 772 4802 τά
792 4749 953 4803 λοιπά
1003 4749 1110 4804 τῶν
1139 4745 1311 4817 λόγων
1367 4749 1643 4819 Ἰωακεὶμ,
1694 4749 1788 4802 καὶ

215 4841 398 4894 πάντα
425 4842 527 4894 ὅσα
546 4840 816 4910 ἐποίησεν,
841 4842 942 4894 οὐκ
995 4841 1100 4896 ἰδοὺ
1155 4839 1510 4912 γεγραμμένα
1561 4840 1654 4891 ἐπὶ
1705 4839 1780 4908 βι-

217 4930 356 5001 ϐλίῳ
378 4930 552 4999 λόγων
577 4931 684 4986 τῶν
715 4931 935 5004 ἡμερῶν
969 4935 1081 4996 τοῖς
1111 4931 1414 5003 βασιλεῦσιν
1461 4929 1663 4994 Ἰούδας
1690 4933 1786 4984 καὶ

215 5021 486 5094 ἐκοιμήθη
521 5022 775 5092 Ἰωακείμ
835 5023 972 5094 μετά
998 5023 1106 5077 τῶν
1156 5024 1407 5094 πατέρων
1467 5021 1651 5085 αὑτοῦ,
1692 5023 1786 5075 καὶ

218 5113 568 5172 ἐϐασίλευσεν
607 5113 858 5186 Ἰωακεὶμ
918 5115 1029 5178 υἱὸς
1081 5115 1249 5170 αὐτοῦ
1301 5116 1414 5168 ἀντ’
1448 5113 1634 5166 αὐτοῦ·
1675 5113 1786 5176 υἱὸς

212 5204 364 5266 ὀκτὼ
391 5206 487 5258 καί
513 5205 645 5260 δέκα
673 5207 809 5260 ἐτῶν
853 5207 1102 5278 Ἰωακεὶμ
1129 5210 1185 5260 ἐν
1225 5207 1299 5278 τῷ
1354 5206 1658 5278 βασιλεύειν
1687 5207 1783 5272 αύ-

1400 5116 1414 5134 ,
1448 5130 1478 5144 η
1487 5113 1514 5144 "1
1521 5111 1612 5144 ’ΛΠ
1619 5131 1634 5144 Ο

299 5357 345 5390 ⁸⁸
381 5356 450 5412 IV
486 5357 620 5430 Reg.
655 5372 828 5426 mu,
861 5359 947 5412 5t.

296 5513 406 5582 (l9)
446 5514 680 5569 Tractus
703 5513 792 5568 hic
820 5512 1054 5569 refertur
1089 5512 1249 5568 etiam
1278 5513 1331 5568 in
1361 5509 1562 5568 Nicetze
1591 5521 1780 5568 catena

219 5582 501 5654 cod.i\’at.
529 5590 600 5654 ᾼ,
639 5584 676 5636 Γ.
706 5583 795 5644 67.
832 5583 934 5639 hoc
975 5585 1132 5654 initio
1169 5585 1282 5654 :_El
1312 5582 1420 5654 γάρ
1456 5584 1550 5654 καὶ
1577 5582 1786 5654 δώδεκα

218 5653 469 5708 δοκοῦσιν
502 5649 638 5709 εἶναι
667 5655 712 5707 οἱ
745 5655 803 5720 tv
830 5658 893 5724 τῇ
928 5653 1082 5726 τρίτῃ
1115 5649 1332 5738 διαδοχῇ
1361 5649 1781 5724 γενεαλογούμε-

1885 4483 2002 4527 erat
2032 4471 2341 4537 Joacimus,
2375 4481 2426 4527 et
2453 4473 2612 4528 annis
2647 4473 2894 4527 undecim
2922 4475 3166 4544 regnavit
3193 4471 3445 4528 IIieroso-

1885 4565 2064 4638 lymis.
2091 4586 2109 4618 ι
2132 4565 2344 4621 Rursus
2371 4565 2626 4635 deinceps
2674 4565 2930 4635 praedicta
2958 4565 3183 4619 historia
3210 4583 3224 4619 :
3255 4583 3275 4616 ι
3300 4564 3436 4621 Reli-

1885 4674 1990 4728 qua
2030 4666 2210 4713 autem
2243 4670 2555 4710 sermonum
2585 4654 2816 4709 Joacimi
2848 4663 2902 4708 et
2927 4655 3108 4708 omnia
3137 4670 3256 4725 qua!
3285 4655 3444 4722 fecit,

1885 4765 2066 4804 nonne
2093 4764 2222 4803 ecce
2248 4751 2447 4817 scripta
2473 4755 2602 4800 sunt
2630 4747 2684 4800 in
2713 4746 2854 4800 libro
2881 4761 3196 4801 sermonum
3233 4745 3446 4799 dierum-

1891 4857 2075 4912 rcgunt
2105 4838 2305 4894 Iudae?
2339 4837 2404 4890 Et
2435 4835 2695 4891 dormivit
2727 4834 3004 4889 Joacimus
3035 4850 3158 4887 cum
3195 4833 3458 4903 patribus

1890 4935 2003 4988 suis
2033 4951 2046 4988 :
2085 4931 2432 5001 regnavitque
2464 4927 2742 4984 Joacimus
2775 4927 2917 4981 lilius
2949 4927 3067 4994 ejus
3115 4940 3212 4996 pro
3239 4941 3321 4980 eo.
3354 4923 3430 4979 ῐ-Ἰ.

1890 5025 1994 5078 lius
2015 5021 2316 5077 octodecim
2343 5035 2607 5074 annorum
2633 5025 2750 5073 erat
2777 5015 3051 5080 Joacimus
3073 5031 3194 5069 cum
3219 5031 3445 5085 regnare

1890 5115 2056 5182 carpit
2076 5154 2090 5176 ,
2125 5112 2414 5182 tribusque
2443 5109 2724 5166 mensibus
2759 5106 3003 5177 regnavit
3033 5105 3442 5178 Hierosolymis.

1890 5189 2098 5260 Nomen
2143 5205 2335 5259 matris
2375 5203 2498 5273 ejus
2541 5202 2732 5258 Estba.
2764 5199 2831 5252 Et
2877 5199 3004 5254 fecit
3032 5199 3230 5253 malum
3257 5213 3440 5253 coram

1890 5529 1988 5576 νοι,
2025 5510 2141 5565 ἀλλ’
2179 5509 2358 5584 εὕροις
2401 5510 2466 5564 ἂν
2503 5507 2833 5584 ἀκριϐώσας,
2880 5519 3007 5578 etc.,
3046 5516 3103 5565 ut
3135 5509 3272 5582 apud
3302 5508 3445 5576 hanc

1891 5590 2141 5654 nostram
2163 5581 2435 5654 epitomen
2463 5581 2733 5652 sequitur.
