3936 6208
176 283 282 336 929

727 277 1192 346 oues-Times
1235 273 1696 350 evincamus:
1737 276 1760 326 Α

1865 273 2300 327 SPEPHAMIM.
2347 305 2414 314 ——
2453 272 2782 340 QUxESTIO
2823 273 2936 328 XV.

3322 277 3426 332 930

177 392 462 456 ἐκαθέζετο
488 390 960 462 βασίλεύων,τὰχα
991 407 1091 442 που
1125 388 1183 452 ἐξ
1223 389 1511 456 ἐλέφαντος
1541 385 1632 438 καὶ
1663 384 1755 448 ξύ-

1865 386 1912 438 in
1957 402 2063 454 quo
2104 403 2197 440 rex
2244 386 2484 450 residet,
2529 387 2694 442 ebore
2733 394 2857 455 puta
2905 385 3176 457 tignisque
3200 403 3423 466 compa-

177 483 282 536 λων
329 483 730 552 πεποιημένον,
781 480 966 551 χρυσῷ
1017 497 1076 532 τε
1111 481 1202 532 καὶ
1250 478 1415 541 λίθοις
1458 477 1753 547 βασιλικοῖς

177 575 605 646 κεκοσμημένον·
639 573 758 626 καθ’
785 573 968 644 ἕτερον
999 573 1053 626 δὲ
1084 573 1203 626 καθ’
1238 573 1295 624 ὃν
1325 573 1423 643 τὴν
1456 571 1629 642 ἀρχὴν
1661 571 1756 623 αὑ-

172 669 274 740 τὴν
303 669 392 722 καὶ
423 667 520 737 τὴν
546 666 684 720 κατὰ
710 667 905 730 παντὸς
934 665 1027 718 τοῦ
1057 665 1238 728 ἔθνους
1282 667 1376 735 ήγε
1388 663 1595 733 μονίαν,
1628 663 1754 734 θρό-

174 780 265 815 νον
298 760 572 831 βασιλείας
614 759 882 830 εἰώθαμεν
930 758 1241 812 ἀποκαλεῖν·
1277 757 1458 828 τρίτος
1511 757 1576 809 ἂν
1605 756 1754 827 παρὰ

173 857 299 922 τοὺς
331 853 654 925 εἰρημένους
708 852 923 923 λεχθείη
953 852 1151 923 τρόπος
1176 892 1190 915 ,
1232 850 1353 903 καθ’
1390 850 1447 901 ὃν
1494 850 1523 901 ὁ
1578 851 1742 918 ἐπηγ-

174 947 435 1018 γελμὲνος
469 946 572 999 ὑπὸ
604 945 696 999 τοῦ
724 944 858 998 Θεοῦ
897 943 974 1014 τῷ
1025 943 1190 997 Δαϐὶδ
1217 943 1403 1015 θρόνος
1429 942 1752 1013 όνομασθείη

173 1036 242 1088 ἂν
275 1033 460 1096 αὐτοῦ,
497 1036 596 1087 οὐκ
627 1034 710 1102 ἐφ’
733 1034 791 1086 ὃν
813 1034 974 1097 αὐτὸς
998 1032 1286 1104 ὲκαθέσθη,
1311 1033 1421 1084 ἀλλ’
1449 1033 1506 1085 ὃν
1538 1032 1626 1085 διὰ
1649 1033 1754 1086 τῶν

172 1128 312 1200 πρὸς
343 1129 502 1180 αὐτὸν
524 1127 840 1199 θεοπρεπῶν
864 1128 912 1179 οἱ
942 1126 1072 1179 θεῖοι
1105 1126 1251 1195 λόγοι
1298 1125 1630 1196 περιέχουσι·
1664 1126 1755 1194 γέ-

173 1235 415 1290 γραπται
446 1216 554 1288 γὰρ
612 1220 668 1269 ὲν
725 1215 1064 1286 ὀγδοηκοστῷ
1113 1216 1283 1286 ὀγδόῳ
1328 1215 1544 1287 ψαλμῷ·
1587 1235 1606 1266 ι
1669 1216 1754 1280 Ὠς

172 1309 364 1381 ὤμοσα
394 1308 558 1363 Δαϐὶδ
579 1307 654 1378 τῷ
684 1307 853 1378 δούλῳ
885 1307 1128 1378 μου,ἒως
1150 1305 1242 1359 τοῦ
1265 1307 1456 1371 αἰῶνος
1487 1309 1757 1377 ἑτοιμάσω

173 1402 236 1456 τδ
273 1402 491 1472 σπέρμα
523 1417 643 1453 σου·
678 1401 774 1454 καὶ
828 1400 1165 1472 οἰκοδομήσω
1213 1402 1290 1463 εἰς
1325 1400 1517 1469 γενεὰν
1546 1402 1638 1452 καὶ
1667 1416 1756 1468 γε,

173 1494 303 1548 νεᾶν
367 1494 453 1546 τὸν
533 1492 718 1565 θρόνον
783 1509 899 1546 σου.
935 1510 954 1544 ι
994 1493 1102 1545 Καὶ
1162 1491 1343 1544 πάλιν·
1385 1510 1404 1541 ι
1442 1490 1550 1543 Καὶ
1594 1488 1754 1560 θήσο-

175 1603 277 1657 μαι
310 1586 388 1648 εἰς
437 1584 528 1637 τὸν
561 1583 728 1636 αἰῶνα
761 1583 853 1636 τοῦ
909 1583 1102 1647 αἰῶνος
1169 1582 1230 1635 τὸ
1291 1581 1518 1652 σπέρμα
1568 1579 1754 1644 αὐτοῦ,

170 1677 381 1731 καὶτὸν
411 1675 594 1748 θρόνον
633 1675 796 1728 αὑτοῦ
819 1675 892 1740 ὡς
925 1674 1024 1738 τὰς
1059 1676 1269 1746 ἡμέρας
1299 1674 1389 1727 τοῦ
1448 1673 1697 1746 οὐρανοῦ.
1730 1693 1750 1725 ι

173 1771 290 1824 Καὶ
324 1769 498 1823 πάλιν·
537 1788 554 1818 ι
595 1768 778 1833 Ἀπαξ
805 1767 993 1839 ὤμοσα
1018 1771 1074 1820 ἐν
1105 1769 1181 1839 τῷ
1227 1768 1367 1838 ἁγίῳ
1420 1785 1541 1838 μου,
1597 1770 1643 1820 εἰ
1676 1767 1755 1839 τῷ

171 1861 343 1914 Δασίδ
371 1860 660 1931 ψεύσομαι,
694 1861 754 1913 τὸ
789 1860 1012 1932 σπέρμα
1036 1858 1201 1912 αὐτοῦ
1231 1862 1312 1922 εἰς
1340 1859 1427 1912 τὸν
1464 1852 1634 1913 αἰῶνα
1662 1861 1759 1932 μέ-

171 1971 280 2018 νει,
310 1956 402 2006 καὶ
429 1956 456 2006 ὁ
489 1952 677 2024 θρόνος
701 1951 862 2005 αὑτοῦ
896 1951 971 2014 ὡς
994 1953 1022 2004 ό
1055 1951 1206 2022 ἥλιος
1233 1948 1475 2003 ἐναντίον
1512 1967 1633 2020 μου,
1666 1950 1760 2003 καὶ

169 2048 256 2109 ὡς
284 2049 315 2117 ἡ
343 2046 536 2116 σελήνη
568 2037 1083 2116 κατηρτισμένη”είς
1107 2042 1198 2095 τὸν
1227 2042 1418 2104 αἰῶνα,
1454 2042 1547 2094 καὶ
1574 2045 1602 2094 ό
1630 2041 1761 2112 μάρ-

171 2155 275 2201 τυς
309 2140 368 2190 ἐν
399 2137 609 2208 οὐρανῷ
637 2137 846 2202 πιστός.
864 2156 880 2187 ι

253 2227 315 2299 β’.
365 2229 515 2281 Ἐπεὶ
539 2229 717 2281 τοίνυν
743 2228 929 2299 θρόνον
981 2229 1056 2290 ὡς
1088 2227 1186 2290 τὰς
1219 2226 1428 2298 ἡμέρας
1478 2226 1569 2278 τοῦ
1600 2226 1760 2295 οὐρα-

169 2319 297 2384 νοῦ,
331 2319 423 2373 καὶ
449 2320 523 2383 ὡς
547 2319 636 2371 τὸν
671 2318 842 2372 αἰῶνα
870 2318 1192 2389 διαμένοντα
1239 2317 1430 2371 δώσειν
1457 2316 1762 2388 ἐπήγγελτο

169 2412 269 2466 διὰ
297 2412 403 2466 τῶν
427 2413 732 2483 εἰρημένων
769 2413 797 2464 ὁ
829 2411 960 2476 Θεὸς
1011 2412 1088 2482 τῷ
1121 2412 1305 2474 Δαϐἰδ,
1341 2411 1506 2481 πολλὴ
1535 2411 1633 2480 μέν
1679 2427 1760 2474 τις

169 2501 249 2575 ἦν
281 2506 368 2559 διὰ
396 2505 565 2560 ταῦτα
612 2505 690 2575 τῷ
738 2508 900 2559 ’παντί⁵
941 2507 1206 2559 Ἰουδαίων
1265 2505 1406 2558 ἔθνει
1465 2505 1760 2575 προσδοκία

175 2601 312 2670 περὶ
347 2600 439 2653 τοῦ
462 2600 787 2671 δηλωθέντος
820 2600 1029 2672 θρόνου·
1063 2600 1266 2670 βραχὺν
1326 2599 1380 2651 δὲ
1428 2599 1618 2668 χρόνον
1665 2599 1758 2650 τοῦ

171 2690 347 2745 Δαδὶδ
401 2690 769 2762 ἡγησαμένου,
826 2691 917 2744 καὶ
975 2691 1281 2762 Σολομῶνος
1335 2691 1449 2761 μετ’
1483 2691 1667 2752 αὑτὸν,
1697 2691 1757 2743 οὐ

177 2780 296 2854 μὴν
319 2781 452 2835 ἀλλὰ
480 2785 573 2835 καί
597 2782 702 2836 τῶν
724 2783 982 2853 διαδόχων
1014 2783 1114 2854 τῆς
1141 2783 1318 2838 αὐτῶν
1373 2783 1647 2853 βασιλείας
1681 2785 1759 2846 εἰς

188 2875 447 2943 Ἰεχονίαν
477 2875 568 2927 καί
621 2873 718 2946 τὴν
751 2876 830 2938 εἰς
863 2874 1155 2928 Βαϐυλῶνα
1188 2875 1561 2946 αἰχμαλωσίαν
1593 2892 1760 2928 κατα-

175 2966 549 3038 στρεψᾶντων,
577 2965 652 3029 ὡς
680 2967 738 3032 ἐξ
761 2966 968 3019 ἐκείνου
1001 2967 1252 3020 λελύσθαι
1290 2969 1380 3020 τὸν
1425 2967 1610 3040 θρόνον
1661 2970 1760 3039 τῆς

174 3058 458 3129 βασιλείας
492 3057 672 3121 Δαὸὶδ,
722 3057 894 3110 ἐδόκει
925 3056 995 3111 τὰ
1048 3058 1147 3129 τῆς
1173 3058 1280 3111 τῶν
1305 3058 1461 3112 θείων
1496 3059 1758 3130 χρησμῶν

172 3151 514 3221 ἐπαγγελίας
549 3153 622 3223 μὴ
649 3152 1012 3207 συνίστασθαι·
1039 3152 1196 3205 τοῦτο
1237 3148 1330 3205 οὖν
1352 3152 1484 3204 αὐτὸ
1513 3152 1590 3222 τῷ
1631 3151 1758 3221 θείῳ

173 3240 460 3311 Ηνεύματι
495 3241 655 3296 πάλιν
687 3243 715 3294 ὁ
775 3243 937 3305 αὐτὸς
962 3241 1174 3313 ψαλμὸς
1220 3243 1577 3314 προαγορεύει
1634 3242 1761 3311 ἑξῆς

172 3335 298 3395 τοῖς
326 3334 782 3405 προπαρατεθεῖσι
810 3334 1006 3403 λέγων·
1064 3354 1081 3386 ι
1120 3335 1228 3388 Ποῦ
1253 3337 1358 3388 εἰσι
1391 3335 1458 3388 τὰ
1490 3336 1614 3407 ὲλέη
1668 3352 1761 3388 σου

171 3422 258 3477 τκὰ
281 3424 501 3494 ἀρχαία,
534 3425 728 3497 Κύριε,
755 3426 792 3481 ἃ.
811 3425 1032 3499 ὤμοσας
1063 3426 1140 3498 τῷ
1166 3427 1328 3480 Δαὸἰδ
1350 3429 1406 3479 ἐν
1435 3429 1500 3498 τῇ
1537 3427 1764 3499 ἀληθεία

175 3531 320 3581 σονς
364 3534 382 3566 ι
422 3517 529 3568 Καὶ
558 3518 658 3588 τήν
678 3534 740 3586 γε
775 3517 1094 3591 καθαίρεσιν
1122 3519 1222 3589 τῆς
1277 3511 1553 3590 βασιλείας
1574 3519 1760 3586 αὑτοῦ,

173 3609 283 3662 καὶ
309 3609 407 3680 τῆς
435 3609 682 3681 διαδοχῆς
713 3610 1008 3674 αὑτοῦ,τοῦ
1037 3611 1226 3683 θρόνου
1261 3629 1319 3664 τε
1349 3612 1447 3684 τὴν
1465 3629 1766 3684 καταστρο-

177 3701 296 3771 φὴν
331 3701 624 3774 διαρρήδην
673 3703 1031 3774 ὑποσημαίνει
1065 3704 1224 3758 πάλιν
1259 3705 1383 3774 ἑξῆς
1417 3703 1504 3757 διὰ
1538 3704 1762 3757 τούτων·

185 3813 212 3846 ι
253 3794 324 3847 Σὺ
353 3794 409 3847 δὲ
442 3795 646 3850 ἀπώσω
697 3798 790 3851 καὶ
836 3797 1218 3864 ὲξουδὲνωσας,
1255 3797 1446 3868 Κύριε·
1502 3798 1764 3851 ἀνεϐάλου

176 3887 282 3940 τὸν
312 3889 545 3959 Χριστόν
571 3907 685 3953 σου,
716 3891 1085 3964 κατέστρεψας
1120 3892 1216 3963 τὴν
1235 3892 1500 3964 διαθήκην
1528 3892 1620 3945 τοῦ
1641 3891 1762 3946 δού-

181 3980 287 4034 λου
325 3998 435 4047 σου,
464 3981 807 4052 ὲϐεδήλωσας
835 3986 913 4047 είς
942 3986 1040 4056 τὴν
1064 3986 1166 4056 γῆν
1190 3986 1250 4038 τὸ
1270 3985 1515 4056 ἁγίασμα
1541 3984 1726 4038 αὑτοῦ·
1743 4005 1758 4036 ι

184 4073 291 4127 καὶ
317 4072 580 4144 ἐπιφέρει·
619 4092 637 4124 ι
676 4074 767 4127 τὸν
800 4075 987 4145 θρόνον
1016 4075 1180 4128 αὑτοῦ
1219 4078 1298 4138 εἰς
1328 4077 1424 4146 τὴν
1448 4077 1548 4146 γῆν
1577 4076 1745 4147 κατέρ

185 4165 382 4238 ῥήξας.
400 4186 417 4217 ι

266 4264 339 4326 γ’.
368 4258 549 4314 Ταῦτα
579 4261 755 4315 πάντα
779 4262 917 4314 κατὰ
938 4261 998 4313 τὸ
1031 4262 1159 4314 αὐτὸ
1183 4259 1401 4329 συνάγει
1431 4262 1492 4314 τὸ
1519 4260 1762 4331 Πνεῦμα,

191 4354 478 4422 μονονουχὶ
511 4352 829 4424 βουλόμενον
854 4355 1002 4425 ἡμᾶς
1041 4353 1269 4421 διδάξαι,
1319 4355 1398 4408 ὅτι
1426 4356 1485 4407 οὑ
1515 4353 1764 4425 περὶτῆς

1856 485 2001 534 ctum
2024 519 2037 544 ,
2061 494 2304 549 auroque
2331 488 2386 534 et
2417 480 2580 550 regiis
2604 479 2873 548 lapidibus
2912 489 3258 535 exornatum.
3305 482 3426 536 Alio

1855 571 2048 633 modo,
2089 587 2199 641 quo
2247 571 2536 640 imperium
2569 571 2747 640 ipsum
2778 579 2942 639 atque
2971 571 3208 626 universi
3240 576 3424 644 populi

1857 662 2115 717 ducatum
2138 704 2154 728 ,
2179 663 2440 718 thronum
2469 663 2619 733 regni
2654 664 2900 718 solemus
2926 678 3141 718 vocare.
3175 663 3424 730 Tertius,

1856 767 2052 824 praeter
2075 755 2366 825 prmdictos
2383 795 2397 819 ,
2430 755 2624 808 modus
2649 762 2732 809 est
2752 795 2768 819 ,
2790 770 2900 824 quo
2931 755 3018 810 ille
3044 772 3074 810 a
3103 755 3428 816 Deo-Davidi

1857 849 2166 918 promissus
2205 849 2467 914 thronus,
2501 848 2611 902 dici
2646 857 2824 917 potest
2859 849 3092 905 thronus
3126 851 3282 919 ejus,
3319 861 3428 906 non

1858 937 1912 991 in
1941 953 2050 1008 quo
2083 938 2199 1009 ipse
2229 939 2468 1003 sederit,
2494 938 2587 993 sed
2619 953 2778 1008 quem
2809 954 2904 1007 per
2933 940 3274 995 cmlestiavad
3305 957 3430 997 eum

1857 1031 2119 1086 vaticinia
2170 1031 2370 1088 divina:
2419 1033 2616 1088 littera:
2667 1034 2972 1089 continent.
3025 1032 3310 1105 Scriptum
3345 1043 3431 1090 est

1857 1125 2002 1180 enim
2031 1125 2087 1180 in
2113 1125 2452 1196 octogesimo
2477 1135 2672 1180 octavo
2701 1125 2914 1197 psalmo
2945 1145 2958 1180 :
2985 1145 3002 1178 ι
3021 1124 3211 1182 Juravi
3239 1113 3428 1180 Davidi

1859 1234 2019 1274 servo
2058 1235 2219 1275 meo:
2259 1219 2445 1290 Usque
2492 1220 2548 1274 in
2597 1221 2860 1275 saeculum
2894 1221 3210 1292 praeparabo
3244 1235 3428 1275 semen

1860 1321 2012 1365 tuum
2037 1328 2053 1377 ;
2078 1317 2134 1365 et
2161 1311 2415 1366 thronum
2451 1321 2602 1365 tuum
2633 1312 2916 1368 :edilicabo
2943 1313 2996 1367 in
3025 1314 3430 1383 generationem

1857 1412 1912 1458 et
1939 1403 2372 1474 generationem.
2407 1423 2424 1455 ι
2454 1403 2520 1457 Et
2553 1420 2750 1460 rursus
2780 1424 2792 1458 :
2827 1423 2844 1454 ι
2885 1403 3204 1474 Ponamque
3239 1403 3294 1457 in
3325 1417 3429 1458 saa-

1859 1493 2042 1548 culum
2085 1493 2272 1548 saculi
2317 1507 2502 1548 semen
2544 1493 2700 1563 ejus,
2746 1502 2802 1548 et
2839 1494 3096 1548 thronum
3135 1493 3258 1562 ejus
3288 1493 3432 1548 sicut

1858 1584 1988 1641 dies
2022 1585 2169 1640 coeli.
2200 1605 2220 1638 ι
2251 1584 2316 1638 Et
2357 1585 2578 1640 denuo:
2612 1603 2633 1636 ‹
2667 1585 2847 1642 Semel
2893 1587 3078 1656 juravi
3125 1587 3182 1640 in
3234 1593 3432 1640 sancto

1859 1692 2014 1742 meo,
2040 1679 2086 1734 si
2116 1677 2306 1732 Davidi
2335 1677 2603 1743 mentiar;
2635 1694 2822 1734 semen
2846 1679 2968 1748 ejus
2986 1686 3169 1733 manet
3192 1678 3247 1732 iu
3274 1684 3433 1732 aiter-

1863 1783 2013 1824 num.
2077 1767 2336 1824 Thronus
2390 1768 2512 1839 ejus
2556 1777 2818 1839 tanquam
2873 1769 2957 1824 sol
3015 1769 3071 1824 in
3125 1776 3429 1842 conspectu

1859 1879 1982 1918 meo
2003 1903 2019 1927 ,
2052 1847 2442 1918 etsicut'luna
2473 1863 2720 1935 perfecta:
2747 1863 2802 1918 in
2830 1871 3098 1920 attentum
3128 1881 3144 1931 ;
3180 1869 3247 1918 et-
3269 1862 3431 1918 tootis

1862 1958 1916 2011 in
1950 1957 2090 2012 cmlo
2124 1955 2319 2012 lidelis.
2356 1975 2373 2007 ι

1930 2228 1982 2282 9...
2027 2227 2198 2298 Igitur
2243 2230 2369 2299 quia
2414 2230 2705 2295 thrcnum,
2756 2240 3016 2301 tanquam
3061 2233 3181 2288 dies
3223 2235 3348 2290 c‘wli
3380 2241 3434 2292 et

1862 2330 2119 2390 tanquam
2173 2321 2342 2375 sulem
2391 2331 2444 2375 et
2496 2323 2716 2388 lunam,
2759 2325 2813 2377 in
2861 2324 3060 2379 secula
3104 2324 3432 2381 duraturum

1859 2414 2187 2482 promiserat
2220 2411 2406 2466 Davidi
2439 2413 2621 2468 verbis
2645 2413 2924 2482 prtedictis
2949 2414 3119 2479 heus,
3142 2423 3432 2485 propterea

1861 2503 2030 2556 multa
2055 2505 2257 2558 eratin
2295 2505 2549 2560 universa
2584 2503 2897 2560 Judaeorum
2941 2516 3100 2578 gente
3145 2506 3433 2576 significa“

1862 2595 2040 2650 throni
2057 2598 2415 2667 exspectatio.
2443 2598 2694 2669 Cumque
2713 2600 2864 2654 brevi
2890 2607 3136 2670 tempore
3167 2602 3436 2672 principiis

1861 2697 1976 2744 tum
1996 2691 2256 2759 gessisset
2282 2689 2450 2744 David
2468 2732 2482 2756 ,
2511 2701 2564 2746 et
2583 2700 2704 2762 post
2721 2693 2870 2747 hunc
2893 2691 3178 2758 Salomon,
3204 2701 3258 2748 ct
3280 2709 3436 2766 reges

1861 2781 2055 2836 borum
2081 2797 2436 2838 successores
2460 2785 2514 2838 in
2535 2781 2799 2839 Jechonia
2831 2799 2894 2838 ac
2910 2785 3239 2857 Babylonica
3263 2787 3438 2858 capti-

1863 2870 2033 2925 vitate
2061 2872 2431 2928 cessavissent
2459 2913 2474 2939 ,
2511 2874 2587 2928 ita
2629 2882 2689 2928 ut
2727 2882 2854 2944 post
2897 2875 2950 2929 id
2993 2884 3208 2946 tempus
3252 2878 3438 2948 regius

1863 2961 2085 3019 Davidis
2112 2964 2348 3022 thronus
2382 2967 2678 3023 subversus
2717 2967 2921 3036 fuerit;
2963 2969 3293 3025 videbantur
3319 2983 3430 3026 non"

1863 3055 1967 3110 sibi
1995 3065 2251 3112 constare
2280 3057 2592 3114 divinorum
2619 3061 2969 3116 oraculorum
3007 3063 3430 3132 promissiones.

1863 3144 2227 3211 Quamobrem
2249 3149 2439 3202 eodem
2459 3148 2648 3204 divino
2667 3150 2873 3221 Spiritu
2898 3167 3118 3208 rursum
3145 3154 3439 3224 praedictus

1863 3239 2129 3309 psalmus,
2161 3252 2358 3310 praeter
2391 3251 2518 3298 ante
2542 3244 2708 3308 dicta,
2741 3246 2822 3300 sic
2852 3247 3125 3317 loquitur:
3147 3246 3280 3302 «Ubi
3309 3258 3440 3302 sunt

1863 3330 2259 3387 misericordiae
2295 3341 2402 3388 tua:
2441 3336 2715 3405 antiquae,
2758 3337 3014 3404 Domine,
3059 3355 3196 3410 quas
3234 3339 3435 3410 jurasti

1867 3423 2057 3480 Davidi
2104 3425 2158 3479 in
2197 3427 2430 3482 veritate
2459 3437 2550 3482 tua
2572 3431 2595 3482 ?
2620 3449 2637 3480 ι
2666 3429 2807 3484 Tum
2846 3431 3009 3486 etiam
3041 3434 3194 3503 regni
3223 3434 3433 3504 ejus-ac

1865 3519 2235 3575 successionis
2261 3521 2534 3576 excidium
2568 3523 2862 3594 thronique
2887 3527 3226 3582 eversionem
3253 3536 3439 3598 aperte

1864 3611 2043 3665 innuit
2076 3611 2131 3666 in
2179 3613 2572 3682 sequentibus:
2605 3631 2624 3664 ι
2653 3611 2735 3668 Tu
2776 3629 2909 3669 vero
2948 3618 3194 3686 repulisti
3241 3628 3296 3672 et
3338 3618 3435 3674 de-

1865 3703 2088 3774 spexisti
2111 3743 2127 3767 ,
2153 3703 2382 3760 Domine
2409 3723 2423 3771 ;
2454 3703 2720 3760 distulisti
2747 3705 3030 3761 Christum
3059 3715 3214 3761 tuum
3245 3727 3258 3775 ;
3285 3723 3436 3764 evel»

1864 3797 1980 3852 tisti
2031 3805 2422 3852 testamentum
2471 3797 2612 3854 servi
2663 3797 2780 3864 tui;
2832 3799 3137 3870 prolanasti
3190 3799 3243 3854 in
3290 3808 3436 3856 terra

1866 3892 2241 3945 sanctuarium
2271 3892 2394 3962 ejus
2415 3910 2462 3958 ;i
2482 3891 2743 3964 additque
2769 3912 2781 3946 :
2821 3911 2839 3943 ι
2865 3901 2918 3948 et
2945 3893 3202 3947 thronum
3229 3894 3350 3963 ejus
3382 3893 3438 3948 in

1867 3989 2065 4036 terram
2095 3983 2369 4039 collisisti.
2394 4003 2412 4035 ι

1879 4293 1888 4299 -
1933 4255 1988 4310 5.
2027 4254 2150 4309 l-izec
2189 4255 2373 4310 omnia
2409 4255 2727 4310 summatim
2766 4255 2975 4326 colligit
3004 4255 3226 4312 divinus
3258 4257 3438 4328 Spiri-

1869 4357 1958 4402 tus
1978 4386 1994 4410 ,
2026 4346 2419 4417 propemodum
2447 4345 2646 4400 docere
2677 4360 2778 4420 nos
2807 4347 3028 4410 volens,
3059 4345 3204 4401 haud
3232 4347 3442 4404 visibile

193 4443 473 4514 βασιλείας
523 4446 623 4516 τῆς
675 4445 958 4517 αἰσθητῆς,
1017 4447 1133 4500 οὐδὲ
1161 4448 1287 4518 περί
1334 4446 1424 4500 τοῦ
1453 4446 1639 4518 θρόνου
1670 4445 1760 4498 τοῦ

1873 4455 2096 4511 regnum
2139 4438 2330 4494 Davidi
2375 4437 2544 4494 fuisse
2579 4439 2913 4510 promissum
2963 4455 3138 4510 neque
3181 4439 3441 4495 thronum

191 4539 648 4612 σωματικῶτερον
669 4541 958 4613 νοουμένου
992 4544 1046 4595 αἰ
1074 4543 1207 4613 πρὸς
1233 4541 1393 4596 Δαῦἰδ
1435 4538 1572 4612 ἦσαν
1597 4543 1764 4610 ἐπαγ-

191 4633 396 4703 γελίαι·
422 4634 479 4686 αἰ
508 4635 604 4706 μὲν
633 4635 741 4705 γὰρ
767 4636 892 4706 περί
930 4654 1073 4698 τινος
1098 4636 1316 4689 αἰωνίου
1365 4634 1578 4704 θρόνου,
1615 4636 1771 4687 ἀπει-

192 4726 502 4796 καζομένου
559 4728 695 4798 ἡλίῳ
746 4730 841 4782 καὶ
877 4728 1111 4800 οὐρανῷ,
1174 4727 1519 4799 διαμένοντός
1573 4746 1630 4781 τε
1691 4730 1768 4790 εἰς

193 4818 395 4881 αἰῶνα,
424 4819 833 4892 προεθέσπιζον·
877 4824 908 4891 ἡ
933 4821 989 4874 δέ
1015 4839 1076 4890 γε
1104 4819 1196 4874 τοῦ
1245 4821 1408 4874 Δαϐἰδ
1463 4819 1704 4890 βασιλεία
1736 4819 1768 4890 ή

195 4907 452 4981 αἰσθητὴ,
482 4911 656 4982 χρόνῳ
688 4911 874 4964 λέλυτο
901 4912 1000 4964 οὐκ
1043 4913 1120 4974 εἰς
1154 4911 1378 4982 μακρόν·
1410 4911 1631 4973 εἰκότως
1665 4927 1772 4962 τοι-

195 4999 406 5071 γαροῦν
443 5001 536 5055 τοῦ
577 5001 765 5074 θρόνου
821 5003 916 5073 τῆς
966 5001 1230 5073 αἰσθητῆς
1285 5001 1556 5072 βασιλείας
1613 5000 1772 5054 Δαόὶδ

195 5094 303 5164 τὴν
325 5094 638 5165 καθαίρεσιν
664 5094 1107 5164 ὑπογράφαςλσά
1134 5089 1320 5154 εἰπὼν,
1349 5093 1436 5144 τον
1459 5090 1643 5161 θρόνον
1673 5091 1770 5142 αὑ·-

197 5188 300 5241 τοῦ
327 5189 405 5251 εἰς
430 5188 525 5259 τὴν
558 5188 658 5259 γῆν
687 5187 1044 5259 κατέρρηξας,
1074 5188 1200 5258 περὶ
1225 5187 1315 5238 τοῦ
1363 5187 1449 5238 διὰ
1482 5185 1586 5238 τῶν
1614 5185 1772 5239 θείων

200 5280 469 5352 χρησμῶν
495 5282 901 5352 ὲπηγγελμίνου
929 5279 1144 5337 αἰωνίου
1173 5280 1265 5332 καὶ
1313 5279 1558 5348 οὐρανίου
1583 5277 1772 5349 θρόνου

204 5371 336 5439 ἑξῆς
362 5369 457 5441 τὴν
485 5371 648 5442 εὐχὴν
673 5373 905 5424 ποιεῖται
949 5369 1141 5438 λέγων·
1188 5389 1204 5420 ι
1242 5369 1349 5421 Ποῦ
1403 5371 1506 5421 είσι
1551 5368 1615 5421 τΞι
1648 5369 1772 5438 ὲλέη

205 5481 302 5514 σου
329 5462 395 5515 τὰ
436 5464 658 5534 ἀρχαῖα,
705 5462 894 5534 Κύριε,
933 5462 974 5516 ’ἁ
1018 5461 1240 5533 ὤμοσας
1293 5461 1368 5531 τῷ
1418 5460 1581 5514 Δαϐἰδ
1624 5461 1680 5512 ὲν
1706 5463 1770 5530 τῇ

206 5555 432 5626 ἀληθεία
481 5571 609 5620 σου;
647 5576 662 5607 ι
709 5555 987 5626 μονονουχὶ
1035 5555 1134 5617 τὰς
1189 5554 1440 5617 ἐκϐάσεις
1501 5552 1609 5605 τῶν
1655 5550 1772 5622 μεθ’

207 5651 371 5718 ὅρκου
433 5649 865 5711 διαδεϐαιώσεως
927 5647 1348 5720 ἐπηγγελμένων
1398 5646 1544 5716 αὐτῷ
1591 5645 1773 5708 τέλους

208 5744 386 5810 τυχεῖν
412 5741 590 5806 ἀξιῶν.

1870 4534 2228 4604 corporaliter
2258 4532 2692 4604 intelligendum.
2737 4533 2847 4588 illa:
2877 4533 3079 4605 quippe
3119 4533 3442 4604 promissio-

1871 4643 1969 4682 nes
2007 4626 2262 4680 thronum
2303 4624 2596 4696 quemdam
2636 4635 2902 4679 aeternum
2936 4624 3310 4680 vaticinautur
3338 4616 3442 4680 soli

1869 4727 1924 4773 et
1962 4717 2104 4770 luna:
2143 4717 2392 4786 cmloquc
2430 4714 2662 4770 similem
2690 4755 2704 4778 ,
2749 4715 2954 4786 quique
2995 4721 3290 4785 perpetuus
3327 4727 3444 4766 ma—

1871 4817 2016 4863 neat.
2061 4808 2223 4878 Atqui
2262 4806 2481 4861 Davidis
2510 4805 2728 4862 visibile
2757 4821 2982 4878 regnum
3014 4807 3161 4860 brevi
3196 4809 3443 4874 tempore

1871 4902 2110 4956 deletum
2145 4909 2249 4957 est.
2313 4899 2679 4966 Quamobrem
2710 4900 2836 4968 jure
2867 4914 2991 4954 cum
3019 4913 3145 4952 mox
3179 4897 3440 4960 dixisset,

1872 4996 2128 5048 thronum
2170 4989 2410 5046 Davidici
2449 4993 2600 5063 regni
2620 4991 2849 5046 visibilis
2891 4988 3058 5044 fuisse
3079 4988 3440 5066 subversum,

1880 5088 2186 5140 «thronum
2243 5086 2362 5154 ejus
2415 5085 2467 5138 in
2523 5092 2722 5139 terram
2775 5081 3067 5147 collisisti;
3105 5079 3444 5133 itum‘vero‘

1874 5177 2058 5233 throni
2093 5179 2213 5246 ejus
2239 5177 2414 5247 gratia
2435 5217 2450 5239 ,
2483 5189 2643 5246 quem
2675 5174 2858 5228 divina
2907 5172 3130 5225 oracula
3179 5180 3442 5224 aeternum

1874 5272 2263 5340 cmlestemque
2295 5269 2486 5332 aiunt,
2522 5283 2710 5338 preces
2747 5265 2936 5320 addit”:
2970 5283 2987 5314 ι
3023 5261 3127 5318 Ubi
3169 5255 3297 5317 sunt.
3343 5261 3446 5314 mi.

1875 5362 2186 5420 sericordiaa
2218 5371 2323 5416 tum
2351 5363 2588 5431 antiqua:
2611 5402 2626 5425 ,
2656 5359 2884 5412 Domine
2903 5398 2917 5422 ,
2949 5371 3088 5428 quas
3110 5353 3309 5426 jurasti
3343 5351 3445 5405 Da-

1876 5456 1987 5510 vidi
2023 5456 2077 5509 in
2111 5455 2342 5510 veritate
2370 5454 2502 5508 tua?
2535 5473 2552 5504 ι
2579 5450 2986 5522 quibus-verbis
3015 5455 3200 5520 petere
3228 5445 3446 5507 videtur

1877 5557 1936 5604 ut
1983 5547 2378 5618 promissiones
2412 5551 2758 5606 sacramento
2801 5542 3026 5600 ﬁrmatae
3060 5540 3276 5606 exitum
3309 5551 3448 5594 nan-

1875 5642 2174 5697 ciscantur.
