3890 6198
587 308 688 368 931

1219 302 1484 361 EUSEBII
1523 301 2000 359 CAESARIENSIS
2053 303 2203 359 OPP.
2245 301 2426 358 PARS
2454 303 2539 360 I'l.
2582 334 2649 345 --
2695 301 3100 358 EXEGETICA.
3642 309 3727 368 952

659 431 716 486 6.
748 427 846 483 llic
875 426 1125 480 nimirum
1177 424 1409 478 thronus
1453 423 1543 477 ille
1569 431 1673 484 est.
1702 437 1861 492 quem
1897 438 1957 477 se
1986 423 2146 476 datu-

2315 423 2376 476 δ’.
2445 421 2642 475 Τοῦτον
2687 416 2780 474 οὖν
2831 420 2992 474 αὐτὸν
3043 421 3241 474 ἐκεῖνον
3280 418 3336 471 ὃν
3363 417 3546 490 ὤμοσεν
3583 425 3729 490 ὁΘεὺς

589 535 709 574 rum
736 517 922 571 Davidi
962 515 1102 570 Deus
1130 515 1356 584 juravit,
1374 522 1634 583 tanquam
1661 514 1782 567 dies
1807 513 1928 567 caeli
1955 521 2010 568 et
2033 513 2147 566 vel-

591 610 671 665 uti
713 609 882 664 solem
913 608 967 660 in
994 616 1290 676 conspectu
1324 605 1439 668 Dei,
1473 607 1520 659 is
1543 613 1625 658 est
1653 605 1744 675 qui
1775 604 1975 657 dicitur
2008 603 2149 657 sicut

588 701 717 755 luna
743 697 980 769 perlecta
1012 698 1066 750 in
1105 707 1391 761 aeternum,
1447 703 1501 750 et
1551 710 1710 765 quem
1734 708 1865 763 gens
1895 693 2148 754 universa

589 791 795 848 lirmari
825 789 1138 860 exoptabat.
1199 789 1376 858 Atque
1429 787 1577 840 hunc
1636 801 1870 854 magnus
1924 785 2150 854 angelus

588 879 810 942 Gabriel
849 880 1058 950 Virgini
1104 880 1375 951 signiﬁcat
1425 879 1610 933 datum
1639 879 1685 932 ci
1720 877 1784 930 iri
1819 876 1910 946 qui
1943 892 2010 931 ex
2036 876 2151 944 ipsa

591 979 928 1028 nasceretur.
953 971 1132 1038 Quare
1165 972 1245 1026 sic
1287 971 1431 1023 illam
1463 968 1761 1039 alloquitur
1797 985 1811 1022 :
1845 986 1863 1018 ι
1899 967 1964 1020 Et
1993 981 2152 1020 voca-

589 1063 677 1121 bis
697 1079 894 1119 nomen
915 1064 1038 1131 ejus
1064 1061 1248 1117 Jesum
1289 1077 1301 1112 :
1344 1062 1431 1115 hic
1465 1063 1567 1115 erit
1599 1074 1850 1129 magnus,
1895 1066 1948 1112 et
1983 1058 2152 1113 Filius

591 1153 856 1208 Altissimi
883 1154 1166 1207 vocabitur
1199 1168 1213 1204 :
1245 1158 1299 1206 et
1321 1151 1472 1206 dabit
1509 1150 1587 1205 illi
1615 1149 1878 1205 Dominus
1900 1148 2042 1203 Deus
2063 1163 2151 1204 se-

591 1241 960 1298 demDavidis
990 1243 1162 1312 patris
1189 1242 1330 1311 ejus.
1367 1260 1386 1293 ι
1422 1240 1544 1295 Mox
1571 1256 1732 1312 quem
1779 1241 2036 1294 thronum
2069 1241 2153 1296 in-

591 1334 798 1404 telligat
850 1332 1036 1404 pandit
1067 1349 1081 1384 :
1113 1351 1132 1384 ι
1160 1331 1226 1386 Et
1253 1331 1499 1401 regnabit
1559 1332 1614 1385 in
1668 1330 1830 1385 domo
1877 1329 2046 1386 Jacob
2095 1331 2152 1386 in

591 1432 851 1480 :eternum
878 1441 893 1490 ;
923 1431 978 1479 et
1014 1423 1166 1493 regni
1198 1423 1317 1492 ejus
1367 1437 1474 1476 non
1507 1424 1612 1476 erit
1663 1421 1820 1475 linis:
1849 1440 1868 1472 ι
1898 1437 2019 1491 quae
2045 1420 2152 1476 Ga-

593 1515 780 1569 brielis
808 1514 954 1568 dicta
983 1514 1222 1568 oraculis
1265 1521 1593 1567 consonant.
1618 1509 1758 1566 Olim
1787 1511 2007 1581 quidem
2046 1513 2156 1565 Da-

591 1603 701 1658 vidi
731 1605 890 1659 sedes
912 1603 1100 1658 aeterni
1147 1602 1296 1671 regni
1330 1616 1397 1655 ae
1440 1601 1680 1655 celestis
1726 1601 1993 1670 promissa
2021 1599 2150 1668 fuit;

593 1707 739 1747 nunc
759 1693 982 1762 angelus
1028 1706 1149 1746 eum
1182 1691 1274 1760 qui
1311 1690 1380 1744 de
1425 1689 1646 1761 Virgine
1693 1690 1995 1761 gignendus
2036 1699 2154 1745 erat

591 1795 982 1854 occupaturum
1013 1785 1087 1838 ait
1113 1783 1332 1838 Davidis
1363 1783 1654 1850 thronum;
1677 1784 1984 1838 nuntiatum
2007 1782 2156 1838 scili-
2185 1779 2227 1833 Β

592 1885 700 1941 cet,
730 1891 905 1946 neque
931 1883 1110 1930 tamen
1124 1874 1307 1929 datum
1331 1873 1477 1943 (2i):
1508 1875 1554 1929 is
1585 1882 1763 1928 autem
1786 1874 2156 1929 cmlestiserat

598 1978 654 2026 et
676 1971 794 2025 sine
832 1969 935 2024 line
965 1983 1278 2025 mansurus.
1303 1967 1434 2021 Erat
1456 1967 1624 2037 igitur
1656 1967 1747 2022 hic
1772 1967 1954 2023 exitus
1982 1967 2156 2021 maxi-

594 2063 667 2117 mi
689 2062 930 2116 vaticinii
965 2059 1152 2114 Davidi
1179 2059 1306 2114 editi
1338 2059 1597 2128 omnique
1624 2057 1824 2128 populo
1854 2058 2153 2126 exspectati

594 2155 847 2225 quodque
867 2152 1084 2208 Gabriel
1110 2157 1344 2206 testatur
1385 2151 1439 2204 in
1486 2149 1780 2204 Servatore
1805 2155 2000 2204 nostro
2024 2145 2153 2203 Iesu

592 2247 814 2301 Christo
844 2244 1143 2300 veridicum
1185 2242 1427 2297 evasisse
1455 2259 1475 2293 ι
1515 2240 1763 2311 regnabit
1787 2239 1843 2294 in
1865 2247 2150 2309 aeternum,

593 2345 648 2392 et
667 2336 817 2406 regni
849 2336 969 2406 ejus
999 2349 1108 2389 non
1138 2333 1243 2387 erit
1266 2333 1410 2388 ﬁnis.
1433 2351 1452 2384 ι
1483 2330 1664 2398 Quare
1685 2339 1740 2386 et
1767 2332 1884 2403 ipse
1901 2330 2156 2386 Servatur

593 2441 658 2481 ac
693 2425 952 2481 Dominus
985 2432 1172 2479 noster
1192 2438 1316 2477 cum
1342 2430 1650 2492 rogaretur.
1683 2437 1812 2476 num
1859 2421 1976 2492 ipse
2009 2429 2156 2476 esset

596 2532 688 2572 rex
735 2515 1045 2572 Iudaeorum
1075 2557 1090 2581 ,
1126 2514 1407 2584 respondit
1435 2529 1448 2564 :
1490 2533 1520 2567 ο
1547 2512 1792 2583 Regnum
1820 2529 2000 2567 meum
2047 2528 2154 2567 non

593 2615 679 2665 est
728 2608 796 2663 de
829 2609 934 2662 hoc
989 2606 1194 2661 mundo
1221 2607 1286 2658 ".
1326 2627 1345 2658 υ
1395 2603 1540 2658 Nihil
1597 2606 1740 2660 cnim
1802 2605 2031 2660 mortale
2062 2613 2158 2658 aut

595 2700 890 2771 temporale
921 2699 1235 2755 conferebat
1262 2699 1311 2753 ei
1354 2697 1506 2768 regni
1538 2696 1696 2753 sedes
1723 2715 1736 2749 :
1769 2696 1864 2752 sed
1897 2697 2013 2766 ipse
2040 2708 2158 2752 erat

594 2793 649 2849 in
676 2793 934 2847 universo
979 2791 1257 2846 hominum
1291 2797 1434 2844 cmtu
1465 2789 1602 2843 lucis
1632 2788 1804 2843 instar
1839 2788 2153 2857 splendens.

593 2882 759 2938 veluti
798 2883 879 2936 sol
908 2890 965 2936 et
994 2881 1136 2937 sicut
1157 2881 1282 2934 luna
1330 2878 1566 2949 perlecta
1596 2879 1651 2932 in
1681 2885 1968 2940 aaternum,
1999 2877 2156 2933 intel-

595 2973 854 3030 lectuales
905 2973 1117 3026 animas
1167 2987 1263 3041 per
1296 2984 1451 3025 suam
1479 2968 1722 3023 divinam
1767 2969 2156 3024 cmlestemrue

593 3066 898 3123 doctrinam
931 3066 1236 3120 illustrans.

2248 513 2438 566 δώσειν
2474 512 2554 584 τῷ
2597 511 2759 565 Δαϐὶδ
2803 511 3009 583 θρόνον,
3055 512 3145 564 τὸν
3187 509 3262 574 ὼς
3306 509 3398 573 τὰς
3441 511 3616 581 ἡμέρας
3656 517 3728 568 τοῦ

2247 603 2512 676 οὐρανοῦ,
2560 603 2653 657 καὶ
2698 603 2791 656 τὸν
2835 602 2905 666 ὡς
2958 605 2986 656 ὀ
3023 602 3172 673 ῆλιος
3222 601 3448 655 ἐναντίον
3496 602 3573 656 τοῦ
3611 604 3728 671 Θεοῦ,

2250 697 2344 750 καὶ
2379 696 2468 748 τὸν
2509 696 2584 758 ὡς
2633 693 2856 764 σελήνην
2905 710 3164 766 κατηρτισ
3174 695 3338 764 μένην
3378 695 3451 756 είς
3480 694 3554 746 τὸν
3581 695 3730 757 αἰῶνα.

2251 786 2457 851 παντὸς
2508 787 2792 857 ἐπιστῆναι
2836 785 2930 837 τοῦ
2981 784 3164 847 ἔθνους
3212 785 3512 855 εὐχομένου,
3551 788 3734 858 ὁμέγας

2250 878 2478 947 ἄγγελος
2502 877 2738 949 Γαϐριὴλ
2770 876 2866 948 τὴν
2891 875 3165 947 Παρθένον
3215 873 3584 942 εὐαγγελίζεται
3605 878 3663 946 τῷ
3686 879 3731 944 ἐξ

2249 970 2415 1038 αὐτῆς
2459 968 2836 1040 γεννησομένῳ
2878 967 3198 1038 δοθήσεσθαι
3245 965 3518 1030 θεσπίζωνο
3545 969 3610 1022 διό
3634 988 3734 1041 φησι

2251 1059 2385 1132 πρὸς
2413 1060 2579 1130 αὑτήν
2597 1076 2611 1089 ο
2647 1079 2664 1111 ι
2688 1062 2794 1112 Καὶ
2823 1059 3069 1122 καλέσεις
3099 1059 3161 1110 τὸ
3190 1059 3356 1129 ὄνομα
3387 1059 3528 1112 αὐτοῦ
3555 1061 3730 1130 Ἰησοῦνο

2249 1148 2400 1216 οὗτος
2431 1153 2580 1204 ἔσται
2627 1151 2820 1222 μέγας,
2851 1153 2942 1205 καὶ
2985 1152 3112 1215 Υἱὸς
3159 1151 3407 1220 Ὑψίστου
3447 1151 3731 1224 κληθήσεταιο

2251 1243 2346 1296 καὶ
2385 1240 2541 1294 δώσει
2575 1241 2722 1313 αὑτῷ
2755 1243 2955 1314 Κύριος
2985 1244 3013 1295 ὁ
3035 1241 3167 1305 Θεὸς
3201 1241 3290 1295 τὸν
3322 1239 3491 1311 θρόνον
3513 1243 3644 1295 Δαϐὶδ
3665 1243 3734 1298 τοῦ

2252 1334 2453 1404 πατρὸς
2480 1333 2665 1387 αὐτοῦ.
2701 1353 2718 1384 ι
2765 1334 3041 1405 Ἐπιφέρει
3073 1333 3118 1386 δ’
3147 1329 3239 1387 οὖν
3276 1331 3462 1402 ἐφεξῆς
3489 1334 3569 1386 καί
3598 1333 3732 1401 λέγει’

2258 1444 2277 1477 ι
2330 1426 2439 1479 Καὶ
2493 1424 2794 1495 βασιλεύσει
2849 1425 2940 1477 ἐπὶ
2987 1425 3077 1477 τὸν
3123 1421 3274 1478 οἷκον
3326 1422 3501 1476 Ἰακὼϐ
3547 1425 3610 1486 εἰς
3641 1427 3734 1488 te);

2252 1517 2450 1581 αίῶνας
2473 1534 2486 1547 ⁸
2536 1517 2630 1570 καὶ
2655 1516 2753 1586 τῆς
2779 1515 3052 1586 βασιλείας
3080 1515 3247 1570 αὐτοῦ
3280 1516 3377 1569 οὐκ
3398 1515 3530 1568 ἔσται
3559 1516 3727 1580 τέλος»

2254 1608 2316 1660 σύ
2325 1624 2516 1679 μφωνα
2543 1611 2654 1671 τοῖς
2679 1608 2786 1660 ἀπὸ
2831 1608 2938 1660 τῶν
2965 1607 3230 1678 χρησμῶν
3274 1607 3584 1677 ἑρμηνεύων·
3617 1607 3639 1658 ὁ
3661 1608 3734 1676 μὲν

2253 1697 2362 1770 γὰρ
2400 1698 2536 1769 πρὸς
2579 1697 2667 1750 τὸν
2693 1696 2856 1750 Δαϐὶδ
2890 1699 3015 1769 περὶ
3055 1698 3244 1769 θρόνον
3295 1697 3544 1767 βασιλείας
3572 1698 3734 1750 αἰωνίου

2255 1788 2350 1843 καὶ
2393 1786 2639 1859 οὐρανίου
2691 1785 3007 1858 προῦλεγεν,
3054 1787 3082 1838 ὁ
3115 1785 3176 1838 δέ
3207 1784 3460 1848 ὡσαύτως
3500 1784 3574 1836 τὸν
3595 1786 3643 1836 ἐκ
3664 1784 3736 1852 τῆς

2253 1880 2529 1954 Παρθένου
2587 1882 2974 1953 γεννησόμενον
3027 1877 3296 1947 λήψεσθαί
3350 1893 3470 1946 φησι
3499 1877 3568 1928 τὸν
3593 1875 3738 1945 θρόνον

2253 1972 2434 2034 Δαϐἰδ,
2480 1972 2727 2026 τουτέστι
2766 1972 2856 2026 τὸν
2884 1969 2959 2041 τῷ
2987 1969 3151 2022 Δαίλδ
3186 1967 3553 2039 ἐπηγγελμένον
3578 1967 3672 2035 μὲν,
3692 1967 3735 2018 οὐ

2257 2063 2362 2134 μὴν
2393 2065 2483 2118 καὶ
2510 2063 2786 2134 δεδομένον
2819 2063 2951 2133 (21)·
2973 2055 3126 2124 οὗτος
3157 2060 3200 2113 δ’
3225 2057 3291 2129 ἦν
3312 2063 3340 2113 ὁ
3359 2059 3575 2129 οὐράνιος
3593 2058 3667 2109 καὶ
3679 2057 3738 2119 εἰς

2253 2155 2421 2208 αἰῶνα
2469 2155 2765 2226 διαμένωνο
2821 2151 2888 2226 ἦν
2942 2150 3032 2208 οὖν
3088 2155 3186 2208 καὶ
3242 2152 3395 2207 τοῦτο
3448 2150 3736 2220 συμπέρασμα

2258 2246 2515 2316 μεγίστης
2546 2247 2876 2318 προφητείας
2901 2245 2978 2314 τῷ
3000 2245 3168 2298 Δαϐὶδ
3207 2240 3581 2315 κεχρησμένης,
3614 2254 3735 2309 προσ·

2254 2337 2564 2407 δοκωμένης
2605 2355 2664 2391 τε
2700 2337 2778 2407 τῷ
2815 2338 2976 2390 παντ)⁸
3007 2335 3144 2406 λαῷ,
3187 2333 3586 2405 πεπληρωμένης
3610 2329 3736 2382 δέὲτὶ

2255 2425 2346 2478 τοῦ
2391 2427 2638 2499 Σωτῆρος
2691 2427 2845 2497 ἡμῶν
2883 2425 3054 2497 Ἰησοῦ
3086 2423 3346 2497 Χριστοῦ,
3395 2421 3521 2474 κατά
3563 2421 3640 2490 τὴν
3671 2417 3736 2470 τοῦ

2255 2516 2487 2587 Γαϐριὴλ
2523 2518 2824 2589 μαρτυρίαν
2857 2519 3168 2588 φήσαντος·
3207 2536 3225 2566 ι
3263 2516 3368 2568 Καὶ
3402 2511 3657 2584 βασιλεύσει
3683 2509 3736 2569 εἰς

2254 2610 2380 2670 τοὺς
2426 2608 2656 2671 αἰῶνας,
2707 2609 2799 2661 καὶ
2845 2609 2943 2679 τῆς
2999 2607 3280 2678 βασιλείας
3330 2605 3482 2660 αὐτοῖο
3521 2605 3602 2657 οὐκ
3631 2601 3735 2653 ἔσται

2254 2699 2422 2760 τέλος.
2469 2717 2488 2749 ι
2549 2700 2744 2770 Διόπερ
2791 2701 2885 2753 καὶ
2945 2701 3105 2763 αὐτὸς
3162 2703 3192 2754 ὁ
3234 2699 3417 2773 Σωτὴρ
3470 2697 3551 2751 καὶ
3591 2695 3734 2764 Κύριος

2255 2790 2409 2860 ἡμῶν
2456 2790 2593 2862 πρὸς
2630 2792 2721 2844 τὸν
2754 2791 3012 2863 ἐρόμενον
3046 2791 3234 2852 αὑτὸν,
3267 2792 3315 2842 εί
3356 2788 3502 2849 αὐτὸς
3529 2787 3598 2855 εἰη
3619 2785 3642 2836 ὁ
3662 2780 3734 2833 τῶν

2267 2881 2532 2934 Ἰουδαίων
2583 2881 2852 2951 βασιλεὺς,
2881 2883 3234 2954 ἀπεκρίνατο·
3278 2906 3294 2930 ι
3345 2881 3403 2933 Ἦ
3435 2876 3637 2950 βασιλεία
3662 2873 3733 2942 ἐμὴ

2254 2971 2353 3025 οὐκ
2380 2972 2524 3027 ἐστιν
2563 2975 2626 3026 ὲκ
2649 2973 2742 3026 τοῦ
2769 2973 2972 3044 κόσμου
3001 2973 3192 3026 τούτου
3211 2989 3225 3003 ·
3262 2991 3276 3023 t
3315 2971 3458 3024 οὐδὲν
3489 2968 3580 3039 γὰρ
3602 2964 3736 3034 θνητὸν

2255 3063 2375 3117 οὐδὲ
2417 3063 2700 3136 ἐπίκαιρον
2732 3066 2965 3135 ἐπήγετο
2995 3063 3146 3134 αὐτῷ
3185 3066 3216 3116 ὁ
3249 3064 3348 3134 τῆς
3385 3060 3623 3132 βασιλείας
3649 3056 3732 3126 θρό-

593 3175 716 3224 νος·
769 3158 884 3214 ἀλλ’
934 3154 1001 3230 ἦν
1053 3157 1266 3229 ἀληθῶς
1321 3155 1440 3209 καθ’
1501 3156 1628 3226 ὅλης
1687 3156 1786 3226 τῆς
1851 3153 2152 3228 ἀνθρώπων
2189 3159 2515 3230 οἰκουμένης
2543 3201 2557 3223 ,
2615 3159 2794 3229 φωτὸς
2837 3159 3012 3231 δίκην,
3063 3158 3360 3229 ἐκλάμπων
3402 3157 3471 3218 ὼς
3518 3155 3547 3223 ἡ
3597 3151 3730 3218 σελήνη

595 3251 998 3326 κατηρτισμένη
1062 3253 1142 3315 εἰς
1188 3252 1280 3305 τὸν
1338 3249 1541 3315 αἰῶνα,
1593 3250 1770 3321 ψυχὰς
1829 3250 2020 3322 vespa;
2082 3254 2438 3322 καταυγάζων
2506 3253 2592 3306 διὰ
2659 3254 2760 3323 τῆς
2802 3253 2984 3307 ὲνθέου
3027 3253 3118 3306 καὶ
3188 3250 3429 3323 οὐρανίου
3473 3240 3732 3303 διδασκαλίας

595 3347 783 3406 αὐτοῦ.

667 3441 719 3494 5.
748 3439 904 3507 Quod
961 3439 1008 3493 si
1025 3438 1099 3492 ait
1128 3458 1140 3493 :
1169 3445 1221 3494 et
1244 3453 1408 3509 super
1457 3436 1627 3493 Jacob
1674 3439 1964 3509 regnabit,
2021 3453 2154 3496 cave

597 3541 754 3604 putes
774 3531 1084 3586 Iudaeorum
1114 3539 1325 3601 gentem
1373 3545 1470 3601 per
1525 3528 1783 3584 Jacobum
1837 3531 2152 3602 significari.

596 3622 849 3680 Proiecto
872 3622 963 3692 qui
994 3623 1108 3676 haec
1155 3628 1343 3675 narrat
1395 3620 1570 3676 Lucas
1605 3620 1960 3690 evangelista,
1991 3637 2162 3692 quan-

595 3711 886 3782 doquidem
920 3723 1042 3782 post
1066 3710 1372 3766 Servatoris
1394 3711 1568 3765 nostri
1601 3709 1653 3762 in
1711 3709 1904 3764 nmium
1941 3725 2158 3766 assum-

596 3802 832 3878 ptionem
857 3799 1124 3855 Gabrielis
1159 3800 1305 3853 dicta
1342 3801 1623 3868 scripturae
1675 3814 1788 3854 sua:
1809 3801 2159 3855 commenda-

595 3894 695 3958 vit,
718 3892 884 3964 probe
912 3899 1134 3947 noverat
1165 3890 1350 3946 Jesum
1397 3888 1740 3946 Servaturem
1772 3891 1824 3945 in
1844 3890 2156 3949 Iudaeorum

596 3988 756 4051 gente
778 3995 1116 4050 nequaquam
1168 3978 1502 4049 regnavisse,
1549 3981 1746 4036 nedum
1777 3979 1891 4037 fore
1914 3990 1970 4037 ut
2001 3989 2160 4037 aeter-

598 4088 726 4128 num
776 4072 1061 4141 imperium
1109 4071 1162 4124 in
1209 4087 1305 4126 eos
1332 4083 1646 4140 exerceret;
1701 4088 1933 4142 quorum
1993 4075 2158 4129 etiam

597 4164 862 4219 adversus
920 4163 1065 4216 hunc
1095 4161 1369 4216 molimina
1430 4172 1589 4231 atque
1639 4163 1877 4218 exitialia
1915 4163 2158 4219 facinora

599 4263 787 4316 narrat
819 4273 833 4309 :
867 4269 1042 4325 neque
1091 4254 1270 4309 solum
1319 4255 1374 4309 itt
1408 4252 1723 4324 Evangelia,
1774 4271 1963 4310 verum
1994 4257 2157 4311 etiam

599 4348 654 4406 itt
679 4345 906 4401 Actibus
937 4345 1327 4414 apostolorum,
1387 4345 1612 4400 hostiles
1653 4343 1963 4401 Judzeorum
1991 4347 2162 4418 impe-

601 4448 689 4494 tus
715 4449 904 4492 contra
931 4435 1064 4492 Jcsu
1114 4427 1414 4505 discipulos
1452 4436 1666 4491 scribit.
1699 4435 1868 4506 igitur
1886 4453 2010 4492 cum
2045 4439 2161 4493 exi-

599 4530 852 4586 stimaret‘
873 4542 1005 4583 voce
1057 4541 1249 4596 reapse
1294 4525 1565 4582 Gabrielis
1597 4527 1917 4597 signiﬁcari,
1952 4527 2067 4583 fore
2103 4535 2162 4582 ut

597 4613 852 4671 Christus
875 4621 1126 4684 regnaret
1145 4627 1309 4683 super
1339 4629 1435 4669 eos
1461 4633 1476 4680 ;
1505 4615 1558 4670 id
1591 4630 1716 4670 vere
1749 4615 1857 4670 diri
1903 4615 2046 4670 haud
2070 4616 2160 4686 ju-

2325 3437 2386 3483 ε¹.
2427 3431 2490 3484 Εἰ
2521 3430 2576 3483 δὲ
2608 3431 2817 3500 λέγοιτο
2853 3433 2946 3485 ἐπὶ
2983 3432 3074 3485 τὸν
3117 3429 3315 3486 Ἰακὼϐ
3353 3419 3731 3501 βασιλεύσειν,μή

2254 3523 2315 3575 τὸ
2346 3522 2610 3577 Ἰουδαίων
2638 3523 2789 3587 ἔθνος
2821 3522 3008 3595 νόμιζε
3041 3523 3132 3577 διὰ
3160 3523 3255 3576 τοῦ
3294 3519 3478 3576 Ἰακὼϐ
3502 3515 3730 3589 δηλοῦσθαι.

2267 3615 2325 3668 '0
2348 3613 2476 3682 γοῦν
2506 3613 2678 3668 ταῦτα
2710 3613 2934 3686 ἱστορῶν
2963 3615 3176 3678 Λουκᾶς
3205 3616 3235 3668 ὀ
3259 3609 3622 3681 εὐαγγελιστὴς.
3638 3603 3731 3676 μετὰ

2253 3704 2353 3775 τὴν
2389 3704 2469 3768 εἰς
2509 3703 2770 3775 οὐρανοὺς
2817 3703 3082 3775 ἀνάληψιν
3130 3704 3228 3758 τοῦ
3253 3705 3490 3774 Σωτῆρος
3524 3698 3646 3768 ἡμῶν
3666 3695 3732 3761 τὴν

2253 3793 2348 3848 τοῦ
2376 3793 2608 3866 Γαϐριὴλ
2653 3796 2834 3865 φωνὴν
2862 3797 3038 3868 οἰκεία
3078 3798 3352 3869 παραδοὺς
3391 3796 3578 3868 γραφῇ,
3605 3785 3734 3854 σαςῶς

2252 3884 2520 3954 ἠπίστατο
2568 3885 2659 3938 τὸν
2705 3884 2910 3956 Ἰησοῦν
2962 3886 3062 3940 οὐκ
3110 3886 3206 3938 ἐπὶ
3252 3887 3313 3939 τὸ
3359 3882 3590 3939 Ἰουδαίων
3629 3875 3734 3934 iero;

2254 3975 2344 4029 τὸν
2383 3977 2610 4046 Σωτῆρα
2663 3973 3114 4045 βεϐασιλευκότα,
3163 3977 3285 4031 οὐδὲ
3333 3978 3408 4039 εἰς
3447 3975 3556 4036 τοὺς
3591 3966 3732 4024 αἰῶνας

2255 4069 2416 4123 αὐτὸν
2442 4069 2700 4140 ἄρξαντα,
2736 4063 2810 4122 ὧν
2841 4087 2904 4138 γε
2939 4070 3032 4124 καὶ
3063 4069 3163 4141 τὴν
3196 4072 3316 4126 κατ’
3342 4066 3491 4122 αὐτοῦ
3519 4057 3729 4126 συσκενὴν.

2256 4163 2351 4215 καὶ
2394 4163 2494 4233 τὴν
2543 4165 2622 4226 εἰς
2671 4162 2898 4216 θάνατον
2949 4160 3242 4233 ἐπιϐουλὴν
3293 4157 3516 4238 ἀκριϐῶς
3562 4150 3728 4221 ἱστορῶ

2258 4254 2352 4306 καὶ
2385 4255 2444 4306 οὐ
2488 4253 2668 4323 μόνον,
2707 4252 2842 4308 ἀλλά
2880 4252 2971 4306 καὶ
3013 4254 3071 4305 ὲν
3108 4255 3229 4316 ταῖς
3263 4251 3485 4323 Πράξεσι
3522 4245 3608 4298 τῶν
3640 4240 3730 4292 ἀπο·

2259 4329 2458 4396 στόλων
2497 4342 2596 4407 τάς
2638 4341 2781 4397 κατά
2822 4341 2928 4396 τῶν
2971 4341 3066 4394 τοῦ
3116 4340 3290 4412 Ἰησοῦ
3330 4336 3559 4411 μαθητῶν
3588 4333 3726 4382 ianva-

2261 4435 2474 4498 στάσεις
2520 4435 2726 4488 αὐτῶν·
2775 4433 2876 4487 οὐκ
2907 4432 2972 4488 ἂν
3004 4431 3098 4486 οὖν
3130 4434 3216 4485 ἐπ’
3247 4433 3432 4494 αὐτοὺς
3477 4420 3727 4499 βασιλεύπιν

2258 4527 2348 4581 τὸν
2372 4526 2605 4601 Χριστὸν
2649 4526 2748 4597 τὴν
2795 4526 2980 4597 φωνὴν
3016 4524 3111 4580 τοῦ
3141 4524 3375 4596 Γαϐριὴλ
3401 4519 3593 4592 νομίσας
3625 4514 3726 4582 εἰρηο

2259 4618 2432 4681 κέναι,
2459 4619 2534 4682 ὡς
2559 4617 2734 4688 ἀληθῆ
2768 4615 2936 4688 αὐτὴν
2970 4616 3399 4689 παρελάμϐανεν.
3428 4614 3472 4667 εί
3502 4608 3565 4681 μὴ
3583 4603 3722 4658 πάντας

597 4705 913 4773 dicavisset,
944 4705 1050 4760 nisi
1093 4712 1321 4760 cunctos
1348 4706 1597 4762 homines
1651 4707 1934 4762 vocmione
1963 4706 2155 4762 Serva-

2260 4713 2383 4776 τοὺς
2407 4709 2496 4764 διά
2520 4709 2619 4779 τῆς
2645 4710 2888 4780 κλήσεως
2913 4707 3006 4760 τοῦ
3035 4707 3284 4780 Σωτῆρος
3309 4705 3453 4777 ἡμῶν
3477 4700 3530 4765 ἐξ
3547 4696 3722 4752 ἁπάντων

598 4800 737 4858 toris
771 4797 944 4854 nostri
965 4813 1031 4853 ex
1051 4796 1306 4853 omnibus
1334 4798 1584 4867 gentibus
1613 4798 1666 4852 in
1698 4798 2041 4868 adoptionem
2072 4813 2159 4855 as-

600 4899 868 4961 sumptos,
903 4903 997 4960 per
1017 4887 1237 4943 domum
1267 4884 1454 4941 Jacobi
1477 4886 1843 4944 demonstrari
1893 4889 2154 4944 credidis-

601 4990 706 5040 set.
771 4981 925 5037 Unde
979 4987 1034 5036 et
1087 4977 1247 5034 divus
1280 4978 1572 5050 Apostolus
1627 4982 1912 5052 perspicue
1932 4981 2164 5037 edoctus

601 5059 709 5130 ait:
746 5094 768 5127 ι
795 5073 913 5130 Non
943 5073 1088 5128 enim
1153 5072 1246 5142 qui
1281 5073 1336 5125 in
1392 5070 1708 5136 manifesto,
1769 5072 1991 5128 Judaaus
2039 5082 2155 5128 est:

599 5181 777 5239 neque
797 5181 918 5236 quae
950 5167 1004 5220 in
1036 5163 1328 5219 manifesto
1371 5164 1424 5217 in
1463 5178 1627 5219 carne
1657 5174 1739 5219 est
1772 5165 2157 5231 circumcisio;

601 5258 698 5315 sed
729 5259 820 5330 qui
851 5259 908 5313 in
936 5257 1278 5322 abscondito,
1317 5255 1538 5318 Judaeus
1588 5265 1671 5311 est
1697 5274 1710 5310 :
1737 5264 1790 5312 et
1811 5257 2160 5312 circumcisio

602 5350 786 5406 cordis
837 5352 892 5405 in
944 5351 1158 5420 spiritu,
1215 5365 1324 5404 non
1355 5350 1531 5404 littera
1566 5366 1577 5400 :
1611 5349 1769 5418 cujus
1801 5350 1920 5405 laus
1955 5365 2062 5404 non
2094 5366 2160 5406 ex

601 5441 916 5504 hominibus
945 5441 1039 5498 sed
1070 5459 1135 5497 ex
1167 5441 1276 5498 Deo
1295 5451 1381 5499 est
1414 5442 1478 5496 θ’.
1511 5460 1529 5493 ι

673 5600 717 5633 ⁶¹
755 5599 915 5656 Joan.
953 5617 1107 5668 xvnt,
1147 5601 1236 5658 56.
1310 5601 1357 5633 ⁸⁸
1395 5600 1552 5655 Rom.
1593 5613 1662 5662 tt,
1695 5599 1788 5652 25.

2263 4802 2370 4856 τῶν
2403 4800 2570 4856 ὲθνῶν
2596 4803 2674 4864 είς
2712 4801 2809 4872 τὴν
2841 4799 2950 4854 τῶν
2979 4800 3147 4869 ἁγίων
3181 4798 3440 4854 υἱοθεσίαν
3466 4785 3722 4851 damnatur

2265 4910 2380 4958 vo;,
2415 4887 2558 4946 οἶκον
2592 4891 2782 4946 Ἰακὼϐ
2814 4892 3056 4963 ἡγήσατο
3089 4890 3225 4945 κατά
3252 4889 3471 4945 διάνοιαν
3495 4872 3718 4953 δηλοῦσθαίξ

2263 4984 2383 5038 ὅθεν
2416 4984 2510 5037 καὶ
2540 4984 2569 5036 ὁ
2596 4983 2736 5047 θεῖος
2762 4982 3082 5046 Ἀπόστολος
3104 4981 3445 5052 ἐπιστάμενος
3477 4970 3717 5041 σαφέστατιν

2268 5077 2504 5150 παρίστη
2551 5076 2725 5147 λέγων
2760 5093 2775 5107 ·
2839 5095 2858 5128 ι
2889 5077 2962 5130 Οὐ
3011 5076 3119 5148 γὰρ
3153 5078 3182 5129 ὁ
3224 5077 3281 5128 ὲν
3320 5060 3604 5143 τῷοφανερῷ
3636 5056 3718 5150 1°?—

2265 5139 2410 5234 δαῖδς
2443 5139 2610 5236 ἐστιν,
2625 5139 2748 5224 οὐδὲ
2777 5171 2812 5240 ἡ
2833 5170 2891 5222 ὲν
2914 5167 2992 5238 τῷ
3019 5139 3234 5238 ᾧοίνερῷ
3260 5168 3315 5220 ὲν
3341 5139 3488 5234 σαρκὶ
3509 5139 3714 5240 περιτνξιξξν

2265 5261 2379 5315 ἀλλ’
2401 5261 2430 5314 ὁ
2458 5263 2516 5314 ὲν
2539 5261 2617 5333 τῷ
2643 5235 2870 5336 κρυπτῷ
2900 5235 3169 5325 Ἰουδαῖοςι
3193 5235 3286 5312 δία-ι
3308 5249 3544 5328 περιτομὴ

2265 5353 2322 5404 ἐν
2369 5325 2694 5424 meditata“.
2721 5354 2783 5406 οὐ
2826 5325 3132 5424 ἧράμματι,
3178 5346 3237 5405 οὗ
3288 5351 3314 5403 ὀ
3351 5325 3541 5404 ἔπαινος
3573 5332 3643 5389 οὐκ
3674 5325 3714 5386 ἐξ

2266 5443 2590 5515 ἀνθρώπων,
2625 5444 2737 5499 ἀλλ’
2767 5447 2831 5498 ὲκ
2858 5443 2949 5499 τοῦ
2983 5443 3138 5498 Θεοῦ.
3175 5462 3194 5495 ι

677 5711 792 5782 (2t)
833 5711 1038 5767 Confer
1088 5709 1306 5767 Eusebii
1361 5709 1818 5765 commentarium
1869 5708 1920 5760 in
1978 5705 2202 5772 Lucam,
2243 5721 2359 5776 eap-
2398 5722 2434 5771 t,
2467 5706 2556 5763 '52.
