3890 6198
173 264 279 343 95;,

894 389 1009 457 ις’.

170 492 299 560 Πῶς
331 496 452 573 ἀπό
480 496 591 565 τῆς
620 501 885 573 ᾂηθλεέμ
925 506 957 556 ό
988 505 1105 573 μὲν
1130 507 1426 573 Ματθιιῗτς
1457 512 1542 573 εἰς
1566 511 1741 573 Λιγυ-

238 569 881 649 πτονῃῐστορεῖ,“ὀ“δὲ.
907 569 1142 649 Admovit;
1186 579 1273 649 εἰς
1333 569 1740 649 Ἰερνοινο-ωῐῆμ,

240 636 510 719 κάκεῖθεν
549 641 639 719 είς
665 639 924 719 Ναζαρὲθ
964 636 1265 713 πβόξτῶιί
1300 636 1527 718 τοιῗέων
1572 636 1741 719 φέᾖελ

238 711 372 760 σθαι
418 708 526 761 τὸν
564 710 819 777 Ἰησοῦν.

230 823 299 877 α’.
344 825 558 889 Λουκᾶς
601 826 702 897 μὲν
739 828 830 881 τὸν
878 832 1067 902 καιρὸν
1102 833 1330 905 ίστορῶν
1364 836 1465 905 τῆς
1504 838 1598 891 τοῦ
1631 840 1741 893 Σω-

162 914 327 985 τῆρος
386 915 541 985 ἡμῶν
598 916 892 985 γενέσεως,
953 922 1052 991 τῆς
1099 924 1408 992 Αὐγούστου
1468 926 1740 998 βασιλείας

162 1005 489 1076 μνημονεύει
520 1008 616 1061 καὶ
644 1009 745 1078 τῆς
773 1011 894 1064 κατ’
928 1013 1087 1065 αὑτὸν
1121 1017 1446 1090 ἀπογραφῆς
1478 1036 1491 1051 ·
1517 1021 1648 1091 φησί
1679 1040 1739 1075 τε

162 1098 294 1168 μηδὲ
330 1098 620 1170 ἐσχηκέναι
676 1102 871 1165 αὐτοὺς
925 1105 985 1157 ἐν
1038 1109 1103 1177 τῇ
1134 1105 1379 1180 Βηθλεὲμ
1430 1113 1736 1184 κατάλυμα,

157 1191 393 1262 πλήθους
439 1193 691 1258 συνόντος
721 1193 797 1258 ὡς
834 1197 981 1259 εἰκὸς
1014 1197 1071 1250 ἐν
1100 1202 1164 1271 τῇ
1202 1201 1445 1274 Βηθλεέμ
1490 1205 1593 1258 τῶν
1634 1207 1739 1259 ἀπὸ

156 1284 342 1350 γένους
377 1284 541 1338 Δαδὶδ
570 1286 668 1357 τῆς
702 1287 1024 1361 ἀπογραφῆς
1053 1291 1264 1345 ἕνεκεν·
1313 1294 1393 1348 διὸ
1426 1297 1559 1367 μηδὲ
1590 1299 1737 1352 οἴκου

154 1374 241 1429 τὸν
271 1375 470 1445 Ἰωσὴφ
499 1377 749 1447 εὐπορεῖ-ιη
769 1396 781 1407 ·
810 1380 1211 1437 ὃθεντεκοῦσάν
1243 1402 1372 1457 φησι
1401 1389 1497 1457 τὴν
1523 1389 1739 1459 Μαρίαν

155 1467 544 1537 σπαργανῶσαι
596 1469 655 1522 τὸ
714 1469 913 1542 βρέςρος
961 1474 1053 1526 καὶ
1099 1475 1393 1531 ἀποθέσθαι
1444 1481 1501 1532 ὲν
1541 1482 1736 1556 φάτνῃ,

153 1558 235 1611 δια
276 1561 337 1612 τὸ
379 1561 453 1631 μὴ
501 1557 641 1613 εἶναι
688 1563 870 1627 αὐτοῖς
933 1565 1096 1619 τόπον
1146 1569 1202 1620 ἐν
1242 1569 1321 1640 τῷ
1365 1570 1734 1643 καταλύματι’

150 1655 243 1706 καὶ
274 1655 421 1717 εἰκός
448 1672 507 1722 γε
539 1650 606 1725 ἦν
636 1655 904 1709 πλείστων
943 1659 1212 1712 συνόντων
1235 1662 1320 1715 διὰ
1352 1664 1451 1734 τὴν
1492 1665 1736 1739 ἀπογρα-

676 270 1139 338 ΟυΑΞΒΤΙΟΝΕδ
1179 276 1634 336 ΕΥΛΝΟΕΕΙΕᾸΞ
1674 282 1717 336 Α

1827 284 2248 343 iTEPllANUM.
2296 316 2356 329 —-
2393 288 2722 358 QUESTIO
2765 293 2905 350 XVI.

3315 299 3417 359 934

2564 402 2706 461 XVI.

1845 514 1951 595 Qui
1979 514 2039 581 ﬁt
2064 524 2117 567 ut
2138 514 2472 595 Relh!el_r_e_mo
2492 514 2777 595 Matt/treus
2799 522 3005 595 quidem
3030 521 3415 595 inﬂigyplum,

1912 582 2084 638 Lucas
2112 595 2288 660 autem
2318 587 2696 660 ﬂierosolyma
2720 582 2874 660 atque
2904 592 3029 647 inde
3052 582 3415 651 ΝοίῖιῗειΙηιηί

1912 672 1943 707 a
1960 657 2264 723 parentibus
2293 656 2527 711 delatum
2555 656 2733 713 narret
2749 656 2933 715 Iesum
2950 666 2975 718 .’

1912 833 1963 887 1.
1996 832 2172 888 Lucas
2201 833 2330 888 dum
2355 843 2568 906 tempus
2600 847 2775 902 notat,
2808 856 2917 910 quo
2946 839 3203 900 Servator
3229 857 3415 905 noster

1841 931 2004 979 natus
2029 931 2133 990 est,
2165 924 2394 997 Augusti
2409 942 2634 998 regnum
2651 940 2917 986 memorat
2947 948 3282 1008 censumque
3308 942 3412 996 sub

1840 1030 1903 1071 eo
1930 1016 2285 1087 descriptum.
2319 1018 2410 1072 Ait
2450 1027 2631 1075 autem
2666 1024 2913 1078 caruisse
2953 1042 3046 1082 eos
3071 1027 3409 1087 Belhlebemi

1839 1108 2166 1175 diversorio,
2217 1112 2289 1166 ob
2340 1120 2687 1182 posterorum
2745 1114 2969 1173 Davidis
3002 1120 3410 1180 multitudinem

1840 1200 2271 1265 Betlilebetnum,
2306 1210 2363 1257 ut
2392 1206 2689 1262 verisimile
2711 1215 2814 1273 est,
2852 1220 3266 1267 concurrentem
3286 1230 3413 1284 pro-

1841 1290 2164 1361 ﬁtendorum
2217 1296 2497 1349 nominum
2553 1313 2720 1353 causa
2755 1315 2969 1370 :quare
3018 1319 3086 1358 ne
3114 1304 3409 1375 hospitium

1840 1384 2057 1453 quidem
2086 1384 2357 1456 Iosephus
2398 1398 2590 1444 nactus
2612 1398 2696 1445 est
2727 1410 2740 1445 :
2773 1392 2847 1446 ita
2883 1401 2942 1446 ut
2970 1391 3138 1449 Maria
3161 1397 3230 1450 ab
3246 1413 3411 1452 evan-

1839 1477 2028 1545 gelista
2062 1477 2276 1531 dicatur
2311 1487 2526 1549 partum
2577 1496 2738 1536 suum
2776 1482 2964 1540 fasciis
2992 1487 3291 1545 involvisse
3322 1498 3406 1544 at-

1840 1584 1946 1637 que
1976 1570 2029 1622 in
2063 1571 2291 1639 praesepi
2320 1572 2696 1636 reclinavisse.
2720 1577 2846 1645 quia
2872 1593 2978 1632 non
3003 1588 3121 1633 erat
3143 1580 3223 1635 eis
3254 1582 3410 1640 locus

1841 1661 1896 1715 in
1922 1662 2247 1720 diversorio.
2278 1662 2421 1721 Sane
2454 1666 2527 1720 nil
2561 1668 2759 1721 mirum
2782 1675 2866 1723 est
2893 1670 2938 1723 si
2968 1670 3039 1725 ob
3075 1672 3409 1730 conﬂuentes

150 1744 258 1816 φὴν
301 1747 378 1817 μὴ
410 1748 667 1818 εὐπορεῖν
704 1751 1083 1817 καταγωγίου,
1126 1753 1258 1805 ἀλλά
1286 1756 1397 1818 καὶ,
1424 1757 1602 1823 «Ὅτε,
1638 1778 1719 1831 φη

1843 1753 1907 1807 ad
1932 1769 2155 1809 censum
2192 1758 2381 1812 turbas
2404 1759 2643 1827 hospitio
2667 1756 2981 1816 caruerunt.
3002 1762 3166 1819 Addit
3190 1763 3403 1820 Lucas:

151 1836 249 1897 σἰν,
275 1839 332 1890 αξ
360 1839 558 1910 ἡμέραι
587 1840 933 1912 ἐπλήσθησαν
962 1845 1054 1897 τοῦ
1079 1850 1394 1916 περιτεμεῖν
1421 1849 1581 1903 αὐτὸν
1602 1850 1728 1923 (χρὴ

152 1929 204 1981 δὲ
230 1929 390 1981 τοῦτο
431 1930 689 1999 γίνεσθαι
714 1933 875 2005 ὀγδόῃ
912 1936 1050 2004 μετὰ
1079 1937 1176 2006 τὴν
1213 1938 1376 1991 ἁπότε
1390 1939 1469 2003 ξιν
1500 1942 1726 2014 ἡμέρᾳ),

149 2022 420 2093 ἀνήγαγον
451 2024 512 2076 τὸ
542 2025 750 2079 παιδίον
777 2029 856 2089 είς
892 2028 1256 2099 Ἰεροσόλυμα,
1293 2031 1385 2084 καὶ
1414 2033 1728 2099 τελέσαντες

146 2116 231 2166 ἐπ’
268 2115 421 2186 αύτῷ
470 2116 537 2169 τά
586 2119 970 2191 νενομισμένα,
1019 2122 1241 2175 ἀπίασιν
1276 2125 1354 2188 είς
1390 2125 1661 2197 Ναζαρέθ.
1702 2148 1720 2180 ι

145 2206 359 2259 Τούτων
378 2208 529 2279 παρά
546 2208 814 2282 τῷΛουκᾷ
838 2211 1101 2282 κειμένων
1120 2213 1330 2278 οὐδενὸς
1350 2218 1725 2288 μνημονεύσας

144 2300 169 2350 6
190 2299 497 2363 Ματθαῖος,
527 2305 933 2375 παραχωρήσας
958 2304 1012 2357 δὲ
1038 2304 1112 2375 τῷ
1133 2306 1317 2378 Λουκᾷ
1344 2308 1411 2360 τὰ
1439 2309 1722 2379 εἰρημένα,

140 2390 296 2461 Ξτερα
327 2392 494 2455 αὐτὸς
521 2394 820 2465 διηγεῖται·
856 2395 975 2450 τίνα
1003 2399 1058 2451 δὲ
1084 2394 1152 2470 ἦν
1187 2398 1377 2461 ταῦτα,
1406 2399 1521 2452 ἀλλ’
1551 2400 1583 2469 ἢ
1613 2399 1721 2471 (‘29.)

142 2481 245 2534 τῶν
279 2484 495 2552 Μάγων
528 2487 635 2541 ἀπὸ
671 2487 954 2559 Ἀνατολῆς
993 2490 1209 2559 ἄφιξιςς
1252 2490 1589 2559 κινησάντων
1627 2491 1723 2561 μὲν

138 2574 242 2628 ἀπὸ
266 2576 372 2647 τῆς
396 2580 603 2643 οἰκείας
638 2581 740 2650 γῆς
770 2580 884 2651 ἅμα
919 2582 994 2653 τῷ
1022 2580 1346 2653 γεννηθῆναι
1375 2582 1466 2635 τὸν
1493 2582 1721 2652 Ἰησοῦν,

136 2668 373 2739 ἀστέρος
426 2671 609 2735 αὐτοῖς
658 2672 757 2742 τὴν
790 2673 989 2740 γνῶσιν
1037 2674 1135 2744 τῆς
1166 2676 1469 2745 γεννήσεως
1514 2675 1724 2745 ὑποφή-

133 2777 349 2826 ναντος,
370 2761 605 2832 ούδήπου
624 2763 679 2817 δὲ
704 2764 801 2836 τὴν
824 2765 1089 2836 τοσαύτην
1111 2765 1289 2819 στειλα
1298 2765 1472 2837 μένων
1498 2765 1722 2837 πορείαν

130 2852 312 2923 καιρῷ
339 2853 585 2936 ⁸βραχεί-
636 2857 697 2908 οὐ
728 2856 836 2928 γὰρ
884 2859 941 2909 ἐν
991 2858 1226 2929 ἡμέραις
1275 2856 1418 2912 όκτὼ
1464 2859 1563 2929 τὴν
1614 2858 1721 2913 ἀπὸ

143 2944 452 2997 Ἀνατολῶν
486 2945 603 2999 ὁδὸν
638 2947 781 3007 εἰκὸς
813 2948 995 3010 αὐτοῖς
1024 2949 1115 3001 ἐπὶ
1162 2949 1259 3020 τὴν
1300 2951 1557 3004 Ἰουδαίαν
1585 2951 1719 3020 ὴνῦ-

132 3036 277 3099 σθαι,
314 3037 395 3100 ὡς
425 3038 517 3089 τὸν
545 3037 702 3090 αὑτὸν
731 3038 950 3109 νομίσαι
984 3034 1122 3094 εἶναι
1157 3042 1345 3112 καιρὸν
1378 3043 1476 3112 τῆς
1505 3060 1562 3095 τε
1591 3042 1716 3096 τού-

1841 1862 1860 1895 ι
1894 1844 2184 1916 Postquam
2234 1847 2438 1918 impleti
2477 1856 2605 1904 sunt
2658 1851 2775 1906 dies
2808 1858 2865 1905 ut
2919 1853 3409 1911 circumcideretur

1833 1954 1971 2008 puer
2001 1940 2075 2007 (id
2111 1949 2290 1995 autem
2321 1942 2432 1996 fieri
2484 1944 2768 2011 oportebat
2814 1954 3010 2001 octavo
3039 1955 3163 2017 post
3189 1957 3406 2018 partum

1833 2033 1965 2103 die).
2017 2033 2257 2087 tulerunt
2283 2033 2431 2087 illum
2452 2033 2824 2107 Hierosolyma
2851 2057 2864 2092 :
2898 2042 3242 2110 peractisque
3259 2042 3406 2098 circa

1831 2119 2082 2175 eumdem
2107 2122 2393 2193 legitimis,
2429 2121 2793 2180 Nazaretbum
2831 2128 3106 2185 abierunt.
3150 2150 3170 2182 ›
3200 2130 3405 2187 Horum

1832 2210 1974 2279 apud
1999 2209 2199 2264 Lucam
2232 2211 2561 2281 scriptorum
2610 2214 2746 2269 nihil
2776 2225 3043 2271 memorat
3072 2217 3361 2274 Matthwus
3385 2264 3402 2287 ,

1831 2302 1923 2370 qui
1956 2317 2171 2355 omnem
2201 2302 2253 2356 id
2275 2317 2445 2373 genus
2498 2306 2863 2362 narrationem
2915 2309 3179 2378 praedicto
3241 2309 3404 2369 Luca:

1830 2392 2096 2460 permisit,
2148 2392 2255 2447 alia
2312 2393 2426 2463 ipse
2474 2404 2815 2464 persecutus.
2879 2397 3138 2465 Quasnam
3202 2403 3405 2471 porro?

1828 2481 2032 2555 Nempe
2056 2484 2337 2555 Magorum
2387 2500 2449 2540 ex
2504 2484 2728 2542 Oriente
2778 2488 3069 2544 adventum
3124 2491 3401 2562 digresso-

1827 2586 2010 2625 ruma
2044 2574 2263 2644 propria
2322 2574 2546 2644 regione
2605 2584 2729 2645 post
2754 2574 2883 2631 Jesu
2908 2578 3270 2645 nativitatem.
3323 2581 3402 2636 si-

1828 2662 1957 2718 dere
2007 2664 2143 2735 ipsis
2192 2665 2443 2719 notitiam
2478 2668 2591 2720 nati
2623 2668 2777 2737 pueri
2825 2667 3190 2740 Significante.
3225 2688 3401 2744 neque

1826 2761 2011 2810 tamen
2033 2755 2181 2811 brevi
2210 2763 2455 2826 tempore
2482 2766 2693 2812 tantum
2724 2760 2936 2815 itineris
2975 2760 3397 2820 absolventiuni.

1828 2845 1985 2903 Haud
2015 2849 2158 2903 enim
2187 2847 2446 2904 credibile
2473 2860 2558 2905 est
2588 2851 2732 2906 intra
2763 2852 2880 2907 dies
2904 2860 3030 2908 octo
3076 2855 3144 2909 ab
3177 2854 3402 2911 Oriente.

1827 2938 2015 3012 Magos
2036 2943 2091 2996 in
2114 2940 2356 2999 Iudaeam
2405 2934 2579 3014 usque
2613 2944 2867 3009 venisse,
2904 2946 2979 3000 ita
3000 2955 3061 3000 ut
3082 2946 3227 3003 circa
3256 2948 3399 3004 idem

1829 3039 2041 3102 tempus
2076 3032 2421 3090 Servatorem
2454 3046 2704 3092 nostrum
2754 3043 2941 3092 natum
2967 3053 3090 3093 esse
3118 3046 3397 3109 putemus,

124 3145 238 3181 των
268 3129 533 3198 ἀφίξεως,
568 3131 659 3183 καὶ
692 3130 793 3201 τῆς
824 3130 918 3184 τοῦ
950 3133 1199 3205 Σωτῆρος
1232 3132 1391 3204 ἡμῶν
1423 3136 1715 3203 γενέσεως·

1827 3140 1932 3195 quo
1967 3125 2057 3180 isti
2089 3137 2546 3195 supervenerunt.
2579 3129 2902 3199 Quanquam
2954 3138 3134 3186 autem
3166 3131 3397 3187 interro-

125 3222 174 3271 εί
201 3219 261 3273 δὲ
294 3221 393 3274 καὶ
424 3222 813 3294 πυνθανόμενοι
844 3224 1080 3293 λέγουσι,
1105 3243 1121 3274 ι
1145 3224 1252 3277 Ποῦ
1289 3228 1432 3278 ἐστιν
1459 3229 1487 3279 ὁ
1512 3227 1719 3298 τεχθεὶς

126 3308 393 3377 βασιλεὺς
443 3312 551 3365 τῶν
611 3313 910 3379 Ἰουδαίων;
978 3315 1189 3386 εἴδομεν
1246 3314 1356 3387 γὰρ
1410 3317 1571 3370 αὑτοῦ
1629 3318 1718 3370 τὸν

123 3406 365 3477 ἀστέρα,
394 3408 486 3460 καὶ
506 3407 739 3478 ήλθομεν
757 3408 1133 3479 προσκυνῆσαι
1164 3408 1367 3479 αύτῷ,ι
1407 3410 1465 3463 οὐ
1500 3410 1590 3463 τὸν
1622 3412 1718 3480 σή·-

124 3515 302 3569 μερον
341 3500 632 3569 τεχθέντα,
655 3500 731 3564 ὡς
762 3501 826 3554 ἄν
862 3518 946 3565 τις
982 3501 1269 3566 ὑπολάϐοι,
1307 3502 1428 3554 καθ’
1457 3502 1514 3554 ὂν
1546 3500 1716 3554 ταῦτα

120 3592 504 3645 ἐπυνθάνοντο
546 3593 734 3663 χρόνον
776 3593 1047 3664 δηλοῦσιν,
1092 3594 1228 3648 ἀλλά
1270 3595 1359 3647 τὸν
1401 3596 1518 3647 τότε
1560 3593 1714 3661 γενό-

118 3701 293 3752 μενον
328 3685 422 3737 ὅτε
451 3684 636 3748 αὐτοῖς
668 3687 696 3739 6
726 3686 901 3758 ἀστὴρ
930 3686 1188 3756 ἐπέτεινε.

190 3774 266 3845 β’.
315 3776 494 3839 Πόσος
539 3776 595 3829 δὲ
641 3771 709 3846 ἦν
756 3772 911 3839 οὗτος
957 3778 986 3829 6
1029 3779 1231 3849 μεταξὺ
1266 3779 1484 3849 χρόνος,
1520 3777 1613 3831 τοῦ
1654 3795 1713 3830 τε

114 3866 398 3934 φανέντος
445 3868 557 3929 τοῖς
595 3866 807 3934 Μάγοις
849 3868 942 3920 ἐπὶ
986 3869 1082 3939 τῆς
1130 3868 1220 3920 τοῦ
1264 3866 1511 3941 Σωτῆρος
1557 3868 1714 3940 ἡμῶν

112 3957 402 4023 γενέσεως
430 3957 677 4026 ἀστέρος,
709 3958 803 4012 καὶ
830 3958 932 4028 τῆς
960 3959 1135 4012 αὐτῶν
1166 3961 1244 4023 είς
1272 3960 1341 4013 τά
1372 3961 1714 4033 Ἱεροσόλυμα

112 4048 462 4120 παρουσίας,
497 4049 659 4113 αὑτός
694 4066 752 4103 σε
783 4050 984 4130 διδάξει
1021 4054 1048 4104 6
1080 4052 1467 4123 εὐαγγελιστὴς
1518 4053 1709 4122 λέγων·

117 4158 138 4189 ι
171 4141 321 4194 Τότε
361 4140 606 4212 Ἡρώδης
638 4141 813 4214 λάθρα
845 4142 1079 4207 καλέσας
1110 4146 1235 4207 τοὺς
1266 4144 1517 4212 Μάγους,
1558 4146 1713 4216 ἠκρί-

112 4232 267 4286 ϐωσε
295 4235 429 4305 παρ’
464 4233 644 4287 αὐτῶν
683 4234 772 4288 τὸν
810 4235 997 4306 χρόνον
1041 4235 1134 4288 τοῦ
1183 4237 1503 4308 φαινομένου
1551 4239 1709 4291 ἀστέυ

120 4341 237 4393 ρος.
281 4345 300 4377 ι
378 4327 487 4379 Καὶ
518 4326 593 4391 ὡς
626 4327 692 4380 ἂν
730 4325 1045 4398 ἀκριϐώσας
1097 4332 1223 4399 παρ’
1268 4330 1467 4392 αὐτῶν,
1524 4329 1709 4399 μαθὼν

118 4417 276 4480 ὅστις
327 4414 396 4490 ἦν
451 4414 639 4481 οὗτος,
682 4419 819 4490 μετά
864 4419 926 4471 τὸ
967 4420 1317 4491 ἀναχωρῆσαι
1368 4420 1539 4492 λάθρα
1585 4422 1709 4484 τοὺς

1821 3229 1948 3290 gant
1983 3237 1996 3273 :
2033 3238 2051 3269 ι
2083 3217 2183 3273 Ubi
2215 3229 2298 3275 est
2329 3222 2421 3292 qui
2458 3229 2619 3278 natus
2649 3232 2731 3278 εει
2749 3237 2846 3277 rex
2880 3220 3230 3279 Judaeorum?
3257 3224 3389 3278 vidi-

1819 3329 1940 3367 mus
1969 3314 2110 3367 enim
2137 3314 2348 3369 stellam
2382 3315 2524 3383 ejus,
2563 3323 2616 3370 et
2647 3321 2899 3371 venimus
2930 3316 3157 3373 adorare
3184 3334 3341 3385 eum;
3372 3338 3392 3370 ι

1818 3419 1925 3458 non
1954 3411 2156 3470 tamen,
2210 3414 2267 3459 ut
2305 3406 2509 3477 aliquis
2552 3409 2946 3477 suspicabitur,
3008 3426 3182 3481 nuper
3206 3420 3394 3464 natum

1818 3492 2131 3563 designant,
2167 3496 2314 3551 circa
2373 3505 2587 3567 tempus
2612 3498 2870 3553 nimirum
2900 3516 3008 3571 quo
3031 3502 3132 3571 ipsi
3161 3503 3395 3557 interro—

1817 3592 1977 3655 gant;
2012 3586 2106 3643 sed
2138 3603 2261 3642 eum
2299 3590 2394 3659 qui
2449 3597 2564 3643 tum
2596 3600 2758 3645 natus
2793 3590 2975 3646 fuerat
3001 3606 3124 3646 cum
3157 3593 3292 3662 ipsis
3324 3593 3396 3649 si-

1816 3678 1919 3735 dus
1951 3680 2224 3750 apparuit.

1883 3771 1938 3825 2.
1970 3772 2244 3838 Quantum
2271 3787 2402 3828 vero
2444 3774 2704 3844 temporis
2733 3773 2967 3842 spatium
3005 3772 3146 3829 inter
3168 3773 3323 3829 sidus
3352 3789 3385 3830 ει

1816 3861 1986 3933 Magis
2027 3862 2227 3929 visum,
2278 3862 2570 3919 Servatore
2629 3871 2819 3919 nostro
2886 3876 3167 3924 nascente.
3226 3871 3389 3933 atque

1813 3952 2009 4008 borum
2048 3952 2424 4026 Hierosolyma
2479 3952 2771 4008 adventum
2827 3951 3079 4015 ﬂuxerit,
3139 3952 3279 4008 idem
3334 3960 3390 4008 ’.ο

1813 4050 2030 4104 docebit
2057 4049 2391 4119 evangelista
2417 4048 2544 4103 dum
2576 4048 2687 4102 ait:
2728 4065 2747 4098 ι
2789 4047 2942 4101 'l‘unc
2978 4045 3217 4101 Herodes
3247 4045 3386 4100 clam

1812 4140 2020 4194 vocatis
2077 4140 2264 4210 Magis,
2340 4140 2627 4211 diligenter
2672 4137 2859 4193 didicit
2916 4138 2985 4193 ab
3040 4139 3120 4193 eis
3170 4144 3386 4208 tempus

1814 4234 1983 4287 stellae
2012 4248 2133 4302 qua:
2163 4242 2492 4302 apparuerat
2514 4232 2614 4286 eis.
2660 4251 2678 4282 ι
2707 4230 2861 4297 Quod
2892 4246 3015 4285 cum
3049 4228 3385 4284 adamussim

1812 4326 1881 4379 ab
1911 4326 1977 4380 iis
2004 4325 2337 4387 rescivisset,
2374 4339 2604 4394 cumque
2636 4322 2774 4393 Magi
2814 4323 2881 4377 ab
2908 4338 2974 4378 eo
3004 4322 3141 4375 clam
3168 4337 3227 4375 se
3254 4320 3385 4375 sub-

1811 4416 2094 4471 duxissent
2129 4435 2145 4466 ι
2184 4416 2377 4471 videns
2408 4431 2465 4471 se
2501 4416 2741 4477 illusum,
2779 4416 2950 4470 iratus
2981 4423 3062 4469 est
3103 4411 3298 4467 valde:
3331 4419 3386 4466 et

120 4507 357 4578 Ῐιιάγους
377 4554 391 4576 ,
430 4509 552 4563 ίδὼν
582 4512 664 4563 ὅτι
694 4512 985 4584 ἐνεπαίχθη
1022 4512 1113 4564 ὑπ’
1142 4512 1337 4576 αὐτῶν,
1406 4532 1422 4563 ι
1454 4511 1707 4584 ἐθυμώθη

1827 4510 2035 4563 uittens
2065 4508 2267 4563 occidit
2298 4525 2489 4563 omnes
2519 4524 2739 4578 pueros.
2787 4508 2880 4578 qui
2913 4515 3070 4563 erant
3099 4504 3386 4560 Bcthlelic-

120 4597 272 4663 λίαν,
314 4606 410 4658 καὶ
443 4604 767 4669 ἀποστείλας
801 4607 976 4659 ἀνεῖλε
1013 4608 1222 4671 πάντας
1265 4609 1389 4671 τοὺς
1429 4608 1621 4671 παῖδας
1651 4608 1709 4658 ὲν

128 4690 403 4768 Βηθλεέμ,
436 4698 528 4751 καὶ
559 4700 618 4751 ὲν
650 4699 784 4751 πᾶσι
812 4702 923 4763 τοῖς
950 4701 1121 4771 ὁρίοις
1150 4700 1336 4769 αὐτῆς,
1373 4700 1479 4753 ἀπὸ
1505 4698 1709 4761 διετοῦς

128 4788 227 4839 καὶ
264 4792 582 4864 κατωτέρω,
618 4793 760 4847 κατά
790 4793 881 4847 τὸν
927 4795 1117 4867 χρόνον
1154 4794 1213 4847 ὃν
1246 4791 1519 4865 ἡκρίόωσε
1558 4791 1709 4862 παρά

131 4878 239 4931 τῶν
261 4882 487 4951 Μάγων.
505 4903 522 4936 ι
558 4885 767 4938 Οὐκοῦν
792 4885 970 4959 διετὴς
994 4886 1185 4957 χρόνος
1217 4884 1315 4955 ἠδη
1346 4882 1709 4954 παρεληλύθει

134 4972 243 5026 ἀπὸ
289 4975 389 5047 τῆς
434 4976 609 5048 Ἰησοῦ
656 4978 918 5046 γενέσεως
968 4979 1064 5032 καὶ
1105 4978 1197 5030 ἐπὶ
1238 4976 1337 5047 τὴν
1382 4975 1561 5045 ἄφιξιν
1599 4974 1707 5027 τῶν

135 5063 467 5133 εἰρημένων·
503 5069 607 5123 οὐκ
650 5069 759 5142 ἄρα
798 5069 1056 5138 διαφωνεῖ
1098 5067 1168 5121 τά
1203 5068 1353 5140 παρὰ
1383 5072 1497 5133 τοῖς
1542 5070 1707 5141 ἱεροῖς

140 5153 563 5225 εὐαγγελισταῖς,
599 5162 646 5213 ει
682 5162 711 5213 6
742 5160 839 5231 μὲν
869 5161 1084 5224 Λουκᾶς
1115 5161 1276 5233 ὀγδόῃ
1309 5160 1409 5230 τῆς
1438 5160 1705 5229 γενέσεως

141 5247 320 5322 ἡμέρᾳ
349 5252 537 5321 ἀνάγει
564 5252 731 5306 αὑτὸν
763 5253 878 5323 άμα
904 5256 1015 5315 τοίς
1040 5251 1289 5321 γονεῦσιν
1322 5253 1402 5316 είς
1435 5252 1705 5322 Ἰερουσα-

142 5337 246 5410 λὴμ
265 5345 362 5415 τῆς
387 5346 495 5398 τῶν
523 5346 768 5417 νομίμων
803 5345 1201 5418 ἐκπληρώσεως
1233 5347 1415 5407 ἕνεκα,
1449 5345 1704 5398 κάκεῖθεν

147 5433 337 5504 ἀπάγει
368 5439 460 5492 ἐπί
488 5439 587 5510 τὴν
613 5438 888 5509 Ναζαρέθ·
926 5440 954 5492 ὁ
993 5438 1048 5491 δὲ
1076 5438 1353 5501 Ματθαίος
1392 5436 1530 5507 μετά
1552 5437 1701 5508 διετῆ

154 5529 323 5596 χρόνον
346 5532 671 5600 γενομένους
700 5530 860 5585 πάλιν
900 5533 957 5585 ἐν
978 5529 1227 5601 Βηθλεέμ
1254 5528 1579 5602 ἀναγράφει,
1612 5530 1697 5580 ἐν-

217 5684 318 5758 ίὲἓ)
355 5684 432 5758 ita
462 5687 633 5741 codex
669 5700 771 5758 pro
798 5685 909 5758 ἀλλ’
938 5687 972 5757 ἢ
1005 5688 1055 5757 ὴ.
1089 5685 1185 5758 §ic
1229 5682 1691 5758 autemscribere

164 5752 351 5813 solitum
366 5752 1062 5819 Eusebiumhnimadve'rtit
1076 5754 1514 5812 Montfauconius
1537 5752 1688 5821 praef.

1812 4602 1907 4662 mi,
1940 4600 2176 4669 atquein
2208 4601 2424 4654 cunctis
2456 4599 2652 4653 ﬁnibus
2676 4599 2819 4668 ejus.
2846 4614 2874 4651 a
2906 4598 3109 4651 bimatu
3132 4605 3187 4650 et
3218 4594 3381 4657 infra,

1810 4694 2109 4747 secundum
2159 4703 2373 4763 tempus
2423 4691 2567 4763 quod
2619 4691 2988 4762 quuisiverat
3037 4705 3066 4742 a
3117 4687 3307 4759 Magis.
3359 4707 3376 4736 ι

1808 4784 2093 4839 Biennium
2125 4800 2253 4856 ergo
2283 4785 2530 4853 elapsum
2563 4784 2741 4839 fuerat
2767 4798 2796 4835 a
2826 4780 2954 4836 Jesu
3002 4779 3280 4834 nativitate
3311 4777 3377 4830 ad

1809 4875 2087 4946 Magorum
2124 4876 2438 4930 adventum.
2474 4873 2657 4943 Neque
2680 4871 2945 4929 dissident
2977 4867 3117 4925 sacri
3146 4883 3377 4935 cvange-

1807 4969 2012 5039 gelistze
2037 4988 2051 5037 ;
2075 4967 2288 5023 etiamsi
2312 4965 2488 5021 Lucas
2510 4974 2705 5021 octavo
2730 4980 2761 5018 a
2792 4962 3075 5017 nativitate
3104 4956 3192 5013 die
3214 4958 3377 5012 ducat

1806 5077 1931 5117 cum
1992 5076 2116 5116 eum
2173 5058 2495 5131 parentibus
2574 5056 2951 5125 Hierosolyma
3012 5051 3373 5123 legitimorum

1805 5167 1971 5207 causa
2005 5150 2417 5221 explendorum,
2450 5155 2612 5215 atque
2645 5144 2769 5201 inde
2803 5140 3095 5197 transferat
3141 5138 3377 5194 Nazare-

1807 5246 2003 5308 tbum;
2066 5242 2348 5296 Matthaaus
2406 5248 2586 5295 autem
2652 5244 2777 5308 post
2824 5234 3102 5291 biennium
3178 5248 3374 5288 rursus

1805 5334 2142 5393 Bethlehem‘l
2176 5341 2461 5389 versantes
2489 5332 2734 5397 scribat;
2767 5339 2930 5394 atque
2959 5327 3087 5381 hinc
3118 5326 3173 5380 in
3206 5323 3373 5394 Egy-

1802 5440 1954 5499 ptum
2002 5428 2300 5485 secessisse
2353 5433 2573 5495 propter
2620 5423 2765 5493 regis
2798 5420 3049 5477 insidias.
3101 5415 3374 5474 Credibile

1803 5537 1930 5577 vero
1961 5530 2045 5576 est
2072 5537 2167 5575 eos
2202 5534 2309 5574 non
2347 5515 2588 5573 secundo
2639 5515 2815 5569 solum
2846 5508 2942 5568 sed
2999 5518 3376 5579 sapenumero

1799 5681 1866 5733 ad
1900 5677 2328 5735 commentarios
2364 5673 2585 5729 Eusebii
2616 5670 2864 5744 ejusdem
2881 5670 2938 5727 in
2955 5667 3222 5739 psalmos,
3247 5676 3369 5733 cap.

1798 5752 1894 5805 ult.
