3890 6198
215 274 313 332 9H

830 270 1291 340 QUESTIONES
1329 269 1774 328 ΕῩΑΝΟΕῙᾸΟιΈ

1882 306 1916 314 -
1955 267 2284 342 ΟΗᾸΞΞΤΙΟ
2324 276 2364 330 ll
2404 274 2494 329 AD
2534 276 2876 334 MARlNUM.

3359 286 3477 369 942.

219 390 356 462 μετᾶ
387 388 445 443 τὸ
473 389 747 445 Σάϐϐατον
767 405 779 420 ·
811 390 952 444 οὕτω
980 391 1088 463 γὰρ
1127 393 1220 447 καὶ
1249 393 1344 462 ὀψὲ
1371 394 1468 465 τῆς
1494 395 1642 466 ὧρας
1666 393 1774 446 εἰώ-

1894 394 2097 449 batum.
2138 394 2229 450 Sic
2261 397 2406 452 enim
2434 404 2487 452 et
2536 413 2660 453 sero
2703 399 2849 454 horae
2871 399 3111 457 solemus
3138 402 3353 471 dicere,
3410 416 3465 461 et

208 486 387 557 θαμεν
404 484 583 553 λέγειν
599 526 614 549 ,
638 487 731 540 καὶ
752 486 848 556 ὀψὲ
871 486 962 540 τοῦ
989 487 1198 560 καιροῦ,
1216 491 1308 542 καὶ
1332 488 1427 559 ἀψὲ
1453 488 1553 559 τῆς
1576 490 1783 561 χρείαςο

206 579 275 633 οὐ
307 578 403 650 τὴν
430 578 670 649 ἑσπέραν
720 576 1020 650 δηλοῦντες,
1051 581 1169 634 οὐδὲ
1212 582 1301 633 τὸν
1343 582 1478 652 μετὰ
1508 582 1656 653 ἡλίου
1693 583 1786 636 δυ-

218 674 359 743 σμὰς
381 671 593 743 χρόνον,
610 671 669 725 τὸ
692 671 747 725 δὲ
781 673 985 744 σφόδρα
1004 674 1215 744 βράδιον
1236 674 1409 743 τούτῳ
1436 675 1785 744 σημαίνοντες

212 766 523 837 τῷτρόπῳ·
572 765 692 820 ὅθεν
720 765 907 839 ὥσπερ
947 766 1318 838 διερμηνεύων
1347 768 1507 832 αὐτὸς
1537 769 1726 821 ἑαυτὸν
1758 771 1786 821 6

209 858 489 922 Ματθαῖος
517 860 653 930 μετὰ
675 859 735 913 τὸ
769 858 884 929 ὀψὲ
915 859 1247 925 Σαϐϐάτωπν,
1278 860 1521 930 ἐπήγαγε
1550 859 1625 927 τῇ
1661 861 1786 912 ἐπι-

208 950 541 1017 φωσκούσῃ
569 949 701 1020 φησί
723 965 734 979 ο
760 950 960 1023 δηλαδὴ
986 950 1103 1023 ὥρᾳ
1126 955 1193 1024 τῇ
1216 952 1399 1006 λοιπὸν
1431 952 1531 1022 ἢδη
1556 952 1786 1021 ὑποφαι-

208 1042 399 1112 νούσῃ,
449 1042 542 1095 καὶ
588 1043 973 1115 ἐπιφωσκούσῃ
996 1046 1076 1108 εἰς
1107 1045 1204 1117 τὴν
1237 1045 1520 1117 Κυριακὴν
1550 1044 1783 1115 ἡμέραν,

207 1135 328 1204 ἥτις
351 1130 419 1205 ἦν
445 1134 541 1203 ὀψὲ
569 1136 662 1188 καὶ
689 1135 876 1206 πόρρω
902 1136 1083 1189 λοιπὸν
1113 1138 1408 1191 ἐλαύνουσα
1437 1136 1542 1190 τῶν
1577 1137 1786 1191 Σαϐϐἀο

208 1242 345 1278 ¹των·
379 1226 624 1278 λέλεκται
656 1226 712 1279 δὲ
748 1226 861 1295 ὀψὲ
900 1227 1005 1281 τοῦ
1038 1229 1343 1283 Σαϐϐἀτου
1374 1229 1523 1299 παρὰ
1560 1230 1651 1282 τοῦ
1695 1231 1784 1301 έρ-

210 1314 583 1386 μηνεύσαντος
629 1317 727 1384 τὴν
760 1319 1014 1389 Γραφὴν’
1046 1321 1074 1371 6
1116 1322 1213 1390 μὲν
1256 1320 1362 1391 γὰρ
1398 1320 1786 1391 εὐαγγελιστὴς

205 1406 492 1472 Ματθαῖος
536 1410 775 1480 Ἐϐραΐδι
796 1410 1009 1484 γλώττῃ
1036 1412 1317 1482 παρέδωκε
1352 1412 1412 1465 τὸ
1439 1413 1778 1482 εὐαγγέλιον·

206 1499 235 1551 6
264 1498 322 1551 δὲ
354 1499 449 1551 ἐπὶ
480 1499 577 1570 τὴν
610 1500 874 1569 Ἐλλήνων
924 1502 1104 1573 φωνὴν
1152 1503 1467 1573 μεταϐαλὼν
1501 1505 1652 1568 αὐτὸ,
1686 1505 1785 1574 τὴν

206 1591 627 1661 ἑπιφωσκοῦσαν
658 1592 806 1664 ὤραν
836 1595 915 1657 είς
947 1594 1044 1665 τὴν
1079 1596 1363 1667 Κυριακὴν
1398 1596 1631 1667 ἡμέραν,
1672 1596 1786 1664 ὀψὲ

203 1684 522 1738 Σαϐϐάτων
567 1688 888 1757 προσεῖπεν·
922 1686 1061 1739 ὥστε
1104 1688 1194 1741 τὸν
1226 1686 1388 1741 αὐτὸν
1424 1689 1608 1759 σχεδὸν
1652 1692 1787 1742 νοεῖ-

204 1774 335 1828 σθαι
381 1776 586 1848 καιρὸν,
622 1777 654 1847 ἣ
689 1777 777 1830 τὸν
808 1778 1011 1850 σφόδρα
1043 1779 1208 1848 ἐγγὺς
1235 1780 1383 1850 παρὰ
1415 1784 1524 1845 τοῖς
1557 1782 1781 1849 εὐαγγε-
1811 1767 1853 1821 Β

202 1866 420 1930 λισταῖς
442 1868 716 1939 διαφόροις
736 1870 961 1939 ὀνόμασι
988 1874 1355 1943 τετηρημένον
1370 1889 1383 1902 ·
1408 1873 1571 1943 μηδέν
1587 1890 1644 1926 τε
1667 1873 1782 1927 δια-

203 1960 391 2030 φέρειν
437 1960 711 2014 Ματθαίον
743 1964 1022 2033 εἰρηκόταο
1055 1983 1072 2014 ι
1111 1964 1237 2034 Ὀψὲ
1291 1965 1347 2018 δὲ
1392 1966 1683 2019 Σαϐϐἀτων
1716 1970 1780 2037 τῇ

200 2054 595 2125 ἐπιφωσκούσῃ
653 2057 732 2119 είς
794 2057 921 2126 μίαν
969 2056 1261 2111 Σαϐϐάτων
1303 2054 1433 2129 ἦλθε
1500 2061 1687 2132 Μαρία
1748 2062 1782 2130 ἡ

199 2147 538 2217 Μαγδαληνὴ
596 2150 687 2201 καὶ¹
727 2151 759 2220 ἡ
810 2149 940 2219 ἄλλη
992 2152 1179 2223 Μαρία
1224 2151 1496 2222 Θεωρῆσαι
1552 2152 1642 2204 τὸν
1687 2152 1783 2205 τά-

198 2257 317 2307 φον,
359 2260 378 2291 ι
422 2240 665 2293 Ἰωάννου
700 2243 966 2311 φήσαντος
996 2260 1010 2273 ε
1052 2261 1071 2293 ‹
1116 2247 1182 2314 τῇ
1216 2244 1269 2296 δὲ
1306 2245 1405 2314 μιᾷ
1435 2243 1541 2298 τῶν
1575 2244 1784 2297 Σαϐϐά-

196 2348 304 2384 των
339 2330 562 2403 ἔρχεται
591 2334 777 2404 Μαρία
815 2336 848 2403 ἡ
874 2335 1205 2407 Μαγδαληνὴ
1232 2336 1373 2408 πρωῒ
1404 2339 1483 2400 είς
1535 2337 1595 2391 τὸ
1649 2356 1784 2408 μνηο

198 2428 378 2492 μεῖον,
424 2425 504 2478 ἔτι
535 2425 701 2496 οὔσης
750 2426 984 2491 σκοτίας.
1023 2448 1041 2480 ι
1078 2428 1372 2493 Πλατυκώς
1402 2429 1510 2501 γὰρ
1553 2430 1648 2484 ἕνα
1690 2431 1782 2483 καὶ

196 2518 284 2570 τὸν
322 2518 492 2571 αὑτὸν
525 2518 742 2589 δηλοῦσι
789 2520 897 2590 (50)
930 2522 1119 2593 χρόνον
1160 2522 1433 2593 διαφόροις
1479 2524 1684 2593 ρἡασι
1708 2540 1721 2552 ·
1755 2524 1782 2573 6

196 2609 297 2679 μὲν
323 2608 610 2673 Ματθαίος
640 2609 774 2677 ὀψὲ,
806 2610 924 2663 ἀντὶ
954 2611 1045 2664 τοῦ
1070 2612 1327 2679 βράδιον
1350 2628 1361 2641 ·
1399 2611 1494 2664 καὶ
1527 2612 1643 2680 ὀψὲ
1673 2612 1777 2678 τῆς

193 2697 427 2764 νυκτὸς
464 2698 733 2769 ὀνομάσας
770 2700 937 2767 πρωῒ,
973 2702 1001 2754 6
1038 2701 1406 2772 διερμηνεύων
1444 2703 1688 2772 ἐπήγαγε
1723 2702 1783 2753 τὸ

188 2788 453 2856 σκοτίας
482 2791 697 2858 οὔσης,
734 2791 821 2843 ἵνα
857 2793 929 2864 μή
963 2808 1047 2856 τις
1078 2793 1169 2846 τὸν
1200 2792 1394 2866 ὄρθρον
1420 2793 1598 2862 λέγειν
1621 2793 1781 2847 αὐτὸν

190 2881 498 2936 ὑπολάϐοι·
531 2882 607 2946 ὼς
643 2884 737 2937 καὶ
770 2884 802 2935 6
843 2884 1119 2950 Ἀὶατθαῖος
1157 2886 1234 2956 τῷ
1284 2886 1399 2954 ὀψὲ
1446 2887 1778 2949 Σαϐϐάτων,

184 2974 273 3026 ἴνα
332 2974 415 3044 μὴ
459 2975 557 3045 τὴν
590 2975 881 3047 έσπερινὴν
915 2976 1064 3048 ὥραν
1118 2978 1357 3047 νομίσειέ
1397 2995 1479 3041 τις
1507 2977 1778 3047 λέγεσθαι,

189 3065 512 3138 προσέθηκε
546 3066 606 3119 τὺ
644 3066 718 3136 τῇ
758 3068 1187 3160 ἐπιφωσκούσῃ
1233 3073 1318 3135 εὶς
1351 3071 1499 3138 μίαν
1557 3068 1780 3123 Σαϐΰά-
1808 3103 1850 3160 C

187 3172 334 3211 των.
384 3156 536 3209 Ἐπεὶ
587 3157 683 3211 καὶ⁸
724 3158 966 3231 ἀκριϐῶς
1006 3151 1159 3224 οὗτος
1200 3159 1473 3214 Σαϐϐάτου
1507 3155 1656 3213 εἶπεν
1683 3159 1779 3230 τὴν

186 3246 382 3316 ὀψίαν,
439 3250 513 3319 μή
563 3266 645 3312 τις
688 3248 784 3320 τὴν
826 3251 1060 3323 ἑσπέραν
1103 3253 1361 3306 ὑπολάϐοι
1405 3252 1655 3321 λέγεσθαι
1685 3254 1779 3323 τὴν

188 3340 340 3410 μετὰ
373 3339 525 3409 ἡλίου
550 3340 779 3413 δυσμὰς,
824 3342 958 3395 ἀλλὰ
990 3343 1303 3397 Σαϐϐάτωγ
1341 3344 1502 3413 φησὶν
1535 3344 1666 3412 ὀψέ.

255 3431 331 3502 β’.
370 3432 530 3497 Ἐθος
562 3434 618 3487 δὲ
654 3435 780 3507 ὅλην
815 3435 913 3507 τὴν
945 3435 1211 3508 ἑϐδομάδα
1244 3437 1521 3491 Σάϐϐατον
1559 3437 1763 3500 καλεῖν,

183 3526 279 3578 καὶ
309 3525 500 3589 πάσας
519 3526 617 3590 τὰς
643 3527 851 3598 ἡμέρας
882 3528 1050 3592 οὕτως
1071 3529 1372 3599 ὀνομάζειν.
1402 3529 1629 3598 Λέγεται
1648 3528 1777 3598 γοῦν

182 3619 354 3690 παρὰ
393 3623 505 3681 τοῖς
531 3620 937 3688 εύαΠελισταίς
970 3621 1043 3690 τῇ
1070 3621 1177 3691 μιᾷ
1211 3622 1325 3676 τῶν
1348 3622 1684 3677 Σαϐϐἀτων·
1719 3625 1775 3677 ἐν

177 3709 237 3763 δὲ
262 3713 337 3779 τῇ
378 3709 649 3782 συνηθείᾳ,
680 3712 925 3780 δευτέρα
955 3714 1283 3774 Σαϐϐάτων,
1320 3716 1412 3767 καὶ
1441 3716 1602 3782 τρίτη
1639 3717 1775 3767 Σαϐ-

182 3802 412 3861 ϐὶίτων,
468 3804 559 3855 καὶ
601 3804 843 3871 τετάρτη
875 3804 1210 3858 Σιιόὄάτων·
1248 3807 1418 3869 οὕτως
1450 3804 1541 3860 οὖν
1569 3809 1595 3858 6
1627 3809 1773 3860 Ματ-

177 3891 348 3955 θαῖος
402 3892 493 3944 τὸν
541 3896 728 3965 καιρὸν
772 3896 859 3948 τὸν
906 3894 1308 3963 ὲπιφαύσκοντα
1337 3897 1415 3959 είς
1446 3897 1542 3966 τὴν
1577 3895 1650 3949 ’ἐω
1680 3898 1772 3966 τῆς

184 3982 491 4056 Κυριακῆς
536 3985 767 4055 ἡμέρας,
803 3985 1115 4039 Σαϐϐἀτων
1163 3986 1277 4053 ὀψὲ
1320 3987 1625 4056 ὠνόμασεν·
1675 3988 1772 4039 οὐκ

183 4074 372 4129 εἰπὼν
418 4075 655 4146 ἑσπέραν
692 4076 785 4129 τοῦ
839 4077 1133 4143 Σαϐϐἀτου,
1174 4078 1295 4130 οὐδὲ
1335 4077 1429 4147 ὀψὲ
1463 4078 1767 4132 Σαϐϐάτου·

180 4167 315 4219 ἐπεὶ
374 4166 541 4237 ἐχρῆν
593 4168 738 4237 ἡμᾶς
793 4170 856 4238 τῇ
907 4168 1089 4239 ἡμέρᾳ
1135 4168 1228 4220 τοῦ
1282 4169 1561 4247 ⁴Σοιϐϐάτου
1639 4169 1773 4239 μετὰ

180 4260 350 4329 ἡλίου
390 4259 602 4329 δυσμὰς
659 4260 895 4331 ἑσπέρας
942 4261 1231 4331 γινομένης
1281 4261 1765 4334 ἀπονηστίζεσθαι·

183 4352 283 4403 καὶ
309 4350 503 4403 οὐκέτι
536 4351 631 4420 τὴν
661 4350 938 4422 Κυριακὴν
964 4353 1173 4422 ἡμέραν
1207 4353 1483 4424 ἁγαλλιᾷν,
1514 4353 1648 4407 ἀλλὰ
1675 4354 1771 4425 τὴν

1891 501 2015 541 sero
2048 489 2330 557 temporis,
2360 496 2414 544 et
2445 489 2622 545 serius
2653 506 2815 560 quam
2862 493 2940 547 rei
2976 508 3110 549 usus
3131 496 3464 564 postulavis-

1891 586 2005 644 set;
2048 593 2222 649 neque
2257 577 2461 636 idcirco
2487 597 2771 652 vesperam
2824 583 3197 655 signiﬁcamus
3220 624 3238 650 ,
3290 602 3467 658 neque

1890 677 2103 741 tempus
2135 680 2259 742 post
2316 673 2450 729 solis
2493 689 2775 740 occasum,
2805 677 2900 734 sed
2939 677 3085 748 quod
3129 694 3467 755 magnopere

1888 778 2072 819 serum
2124 765 2214 820 sit.
2260 762 2438 831 Quare
2468 782 2528 822 se
2558 765 2736 837 ipsum
2769 769 2937 824 veluti
2982 768 3264 827 Mattbaeus
3295 772 3467 828 inter-

1887 865 2109 927 pretans
2165 865 2452 928 postquam
2498 858 2635 914 dixit
2664 876 2788 916 sero
2816 859 3169 916 Sabbatorum
3194 903 3209 927 ,
3252 864 3329 919 ait
3349 882 3465 935 quin

1886 948 2163 1013 illucescit,
2194 965 2385 1019 nempe
2427 949 2562 1004 hora
2592 966 2712 1021 qua:
2742 951 3000 1023 deinceps
3030 954 3251 1009 suberat
3302 938 3465 1026 atque

1886 1041 2235 1097 illuceseebat
2265 1043 2318 1097 in
2342 1042 2482 1098 diem
2516 1040 2899 1111 Dominicum;
2938 1062 3059 1116 qua:
3111 1063 3303 1117 nempe
3348 1049 3462 1117 jam

1885 1146 2005 1187 sera
2027 1142 2146 1188 erat
2175 1141 2228 1189 et
2259 1135 2471 1204 longius
2514 1149 2543 1188 a
2569 1134 2809 1190 Sabbato
2838 1137 3042 1206 elapsa.
3072 1136 3127 1191 ιιι
3164 1155 3292 1195 vero
3326 1150 3463 1195 tem-

1886 1240 1989 1294 pus
2018 1240 2047 1276 a
2087 1223 2382 1295 Scripturm
2404 1229 2730 1296 evangelicae
2758 1229 3050 1299 interprete
3078 1248 3192 1284 sero
3243 1230 3463 1286 Sabbati

1886 1320 2213 1387 appellatum
2257 1328 2361 1375 est.
2415 1319 2658 1390 Namque
2708 1322 2824 1391 ipse
2876 1322 3161 1377 Mattliaaus
3196 1323 3459 1378 Heliraica

1885 1411 2069 1482 lingua
2098 1411 2266 1466 edidit
2300 1411 2681 1485 Evangelium;
2718 1415 2786 1469 ab
2808 1429 2873 1469 eo
2895 1424 3076 1468 autem
3104 1414 3195 1485 qui
3230 1415 3284 1467 in
3312 1412 3460 1468 Grai-

1886 1520 2005 1560 cam
2038 1507 2340 1567 transtulit,
2375 1506 2701 1563 illucescens
2752 1507 2888 1563 hora
2934 1508 2990 1562 in
3020 1508 3165 1561 diem
3221 1505 3462 1561 Domini-

1885 1610 2009 1649 cum
2040 1638 2054 1661 ,
2097 1614 2213 1650 sero
2238 1596 2589 1652 Sabbatorum
2632 1600 2895 1669 appellata
2923 1598 3023 1652 fuit
3057 1619 3068 1651 :
3103 1599 3175 1651 ita
3208 1606 3266 1651 ut
3318 1596 3461 1652 idem

1890 1688 2000 1744 fere
2032 1698 2247 1760 tempus
2272 1691 2628 1761 intelligatur,
2656 1700 2749 1745 aut
2784 1691 2938 1745 valde
2963 1690 3291 1760 proximum,
3314 1687 3457 1758 apud

1883 1782 2247 1852 evangelistas
2303 1784 2536 1839 diversis
2582 1783 2898 1838 nominibus
2944 1782 3322 1853 designatum:
3376 1780 3461 1834 ni-

1884 1872 2068 1943 hilque
2092 1874 2303 1930 diﬂ'erat
2333 1872 2619 1930 Matthaaus
2644 1875 2866 1930 dicens:
2903 1894 2921 1924 ι
2955 1872 3089 1928 Sero
3113 1882 3291 1928 autem
3320 1870 3461 1926 Sabo

1883 1966 2154 2027 hatorum,
2179 1984 2299 2037 quae
2336 1969 2561 2022 lucescit
2592 1970 2643 2022 in
2672 1984 2836 2022 unam
2870 1967 3233 2022 Sabbatorum
3254 2006 3268 2030 ,
3311 1966 3461 2020 venit

1886 2057 2050 2113 Maria
2107 2060 2459 2129 Magdalena,
2520 2069 2573 2114 et
2605 2062 2770 2115 altera
2823 2060 2990 2113 Maria
3035 2060 3217 2115 videre
3279 2058 3461 2128 sepul-

1884 2169 2060 2219 crum,
2113 2177 2129 2207 ι
2171 2173 2199 2210 a
2228 2155 2435 2210 Joanne
2464 2158 2554 2227 qui
2600 2157 2718 2209 ait:
2779 2175 2797 2207 ι
2840 2172 2945 2210 una
2975 2163 3155 2210 autem
3189 2152 3459 2207 Salinato-

1885 2263 2003 2300 rum
2032 2249 2179 2303 venit
2210 2247 2376 2303 Maria
2404 2248 2717 2319 Magdalcna
2744 2263 2904 2302 mane
2934 2248 2998 2302 ad
3018 2254 3454 2305 monumentum,

1884 2354 2007 2392 cum
2047 2340 2223 2393 adhuc
2274 2341 2510 2395 tenebrat
2563 2348 2767 2394 essent.
2823 2359 2840 2392 ›
2902 2337 3035 2392 Late
3086 2338 3230 2393 enim
3283 2351 3454 2391 unum

1884 2430 2134 2500 idemque
2188 2432 2527 2501 signiﬁcatur
2605 2440 2819 2501 tempus
2882 2429 3049 2484 variis
3106 2429 3445 2483 nominibus.

1886 2518 2134 2575 Malthzeo
2162 2538 2276 2575 sero
2326 2521 2675 2577 Sabbatorum
2721 2520 2937 2575 dicente
2974 2535 3078 2590 pro
3110 2519 3313 2572 tardius
3341 2560 3356 2584 ,
3401 2528 3458 2573 et

1884 2628 2034 2664 mane
2064 2628 2161 2681 pro
2183 2623 2332 2666 nocte
2358 2614 2611 2673 serotina,
2645 2612 2913 2680 interpres
2950 2609 3155 2664 addidit
3208 2626 3327 2664 cum
3359 2612 3457 2662 ad—

1883 2706 1981 2755 huc
2016 2704 2235 2758 tenebra:
2262 2715 2452 2767 essent,
2480 2722 2547 2759 ne
2569 2707 2692 2774 quis
2724 2718 2977 2757 auroram
3009 2700 3116 2756 dici
3146 2703 3214 2757 ab
3243 2703 3334 2756 illo
3358 2718 3456 2772 pu-

1883 2804 2041 2848 taret.
2080 2795 2250 2849 Sicuti
2282 2795 2447 2849 etiam
2481 2794 2765 2849 Mattbaeus
2806 2793 2987 2848 verbis
3037 2809 3152 2846 sero
3194 2791 3454 2847 Sabbato-

1883 2902 2021 2949 rum,
2055 2902 2123 2941 ne
2156 2888 2281 2957 quis
2317 2886 2385 2942 de
2417 2887 2727 2956 vespertino
2758 2893 3004 2955 tempore
3033 2886 3328 2954 cogitaret,
3362 2883 3452 2941 ad-

1884 2978 2018 3031 didit
2047 2995 2164 3047 qua:
2203 2979 2415 3032 lucescit
2453 2981 2504 3031 in
2535 2994 2693 3030 unum
2736 2976 3109 3032 Sabbatorum.
3139 2975 3203 3029 Et
3232 2976 3452 3046 quidem

1885 3080 2137 3125 accurate
2166 3071 2210 3126 is
2243 3073 2513 3141 expressit
2537 3087 2713 3126 seram
2761 3070 2975 3137 horam,
2998 3085 3067 3126 ne
3099 3068 3224 3138 quis
3256 3084 3451 3139 vespe-

1884 3176 1999 3213 ram
2030 3163 2346 3229 opinaretur
2394 3178 2517 3214 esse
2575 3172 2697 3231 post
2736 3162 2869 3217 solis
2921 3176 3178 3216 occasum
3224 3161 3448 3225 horam;

1878 3268 2072 3321 nempe
2096 3253 2170 3306 ait
2193 3270 2311 3307 sero
2343 3253 2712 3308 Sabbatorum.

1948 3430 2003 3485 2.
2045 3430 2395 3486 Consuetudo
2422 3438 2601 3484 autem
2634 3428 2733 3483 luit
2757 3439 2814 3483 ut
2838 3430 3093 3485 universa
3109 3429 3446 3485 hebdomada

1878 3521 2153 3577 diceretur
2199 3521 2517 3585 Sabbatum,
2547 3522 2655 3574 imo
2688 3534 2746 3575 ut
2775 3522 2892 3576 dies
2925 3522 3125 3593 singuli
3157 3524 3237 3577 sic
3265 3521 3448 3591 appel—

1877 3616 2137 3670 larentur.
2178 3613 2386 3668 Dicitur
2410 3628 2539 3682 ergo
2570 3611 2710 3682 apud
2740 3611 3099 3681 evangelistas
3115 3628 3221 3665 una
3241 3609 3447 3665 Subba-

1877 3717 2070 3759 torum.
2106 3705 2171 3759 Et
2199 3705 2415 3775 quidem
2452 3705 2503 3757 in
2540 3704 2748 3773 vulgari
2794 3701 3191 3756 consuetudine
3219 3702 3447 3755 secunda

1878 3799 2252 3858 Sabbatorum,
2273 3798 2425 3851 tertia
2453 3796 2831 3859 Sabbatorum,
2851 3804 3042 3863 quarta
3068 3792 3446 3848 Sabbatorum.

1878 3893 1967 3947 Sic
1995 3909 2124 3963 ergo
2157 3893 2436 3947 lllatthzeus
2470 3900 2681 3960 tempus
2717 3891 3037 3945 illucescens
3062 3889 3116 3942 in
3155 3889 3297 3942 diem
3336 3886 3447 3941 Do-

1875 3988 2135 4041 minicum
2192 4002 2306 4040 sero
2361 3983 2714 4040 Sabbatorum
2771 3981 3048 4035 vocitavit.
3099 3978 3269 4035 Secus
3314 3994 3445 4035 vero

1873 4084 2147 4146 oporteret
2192 4091 2292 4130 nos
2322 4076 2409 4128 die
2457 4073 2677 4128 Sabliati
2707 4082 2829 4143 post
2861 4072 2993 4127 solis
3024 4085 3279 4125 occasum
3303 4111 3317 4131 ,
3350 4086 3444 4125 ve-

1875 4184 2031 4239 spere
2066 4168 2246 4233 facto,
2289 4168 2557 4236 jejunium
2599 4168 2839 4237 polluere
2868 4185 2883 4219 :
2920 4181 3093 4235 neque
3144 4165 3231 4220 die
3265 4163 3442 4219 Domi-

1873 4261 1998 4315 nico
2044 4260 2301 4329 jubilare,
2334 4259 2428 4314 sed
2462 4260 2642 4329 potius
2670 4273 2895 4328 vespere
2936 4257 3194 4324 Sabbati;
3231 4260 3277 4313 si
3321 4260 3441 4328 qui-

1872 4354 1992 4407 dem
2030 4352 2103 4405 ita
2146 4351 2529 4421 intelligendus
2572 4362 2714 4405 esset
2740 4351 3091 4421 evangelista.
3125 4351 3285 4420 Atqui
3334 4369 3441 4405 non

180 4442 441 4512 ἑσπέραν
474 4442 565 4495 τοῦ
596 4443 889 4505 Σαϐϐάτου,
920 4445 1075 4515 εἴπερ
1102 4444 1242 4497 τοῦτ’
1270 4446 1456 4515 ἐδήλου
1486 4448 1512 4499 6
1546 4446 1772 4513 εὐαγγε-

1882 4458 2102 4513 vespere
2136 4437 2360 4495 Sabbati
2397 4442 2638 4496 solemus
2667 4442 2875 4509 jejunia
2923 4440 3184 4509 polluere,
3215 4439 3308 4495 sed
3345 4456 3443 4495 no-

180 4534 407 4605 λιστής.
457 4534 591 4587 Ἀλλ’
626 4536 722 4605 οὐχ
764 4535 999 4607 ἑσπέρας
1047 4537 1138 4589 τοῦ
1184 4537 1457 4590 Σαϐϐἁτου
1501 4537 1769 4608 εἰώθαμεν

180 4628 284 4689 τὰς
323 4626 580 4694 νηστείας
599 4626 907 4690 καταλύειν,
944 4627 1056 4680 ἀλλ’
1085 4628 1117 4698 ἢ
1163 4629 1352 4691 νυκτὸς
1381 4629 1763 4699 ἐπιλαϐούσης,

178 4717 348 4787 αὐτῷ
395 4718 746 4787 μεσονυκτίῳ,
794 4718 887 4771 καὶ
941 4719 972 4789 ἡ
1026 4721 1152 4788 περὶ
1203 4720 1508 4791 ἀλεκτόρων
1536 4720 1682 4790 βοάςν
1734 4721 1766 4792 ἧ

174 4808 341 4878 ἀμφὶ
366 4806 457 4859 τὸν
484 4804 677 4880 ὄρθρον
697 4826 710 4839 ’
737 4808 878 4863 ὥστε
910 4811 1002 4863 καὶ
1029 4809 1086 4876 ἐξ
1110 4811 1278 4863 αὑτοῦ
1309 4810 1400 4864 τοῦ
1426 4812 1765 4883 πράγματος,

176 4902 284 4954 καὶ
342 4902 409 4951 ὲκ
450 4899 545 4970 τῆς
597 4902 997 4973 κεκρατηκυίας
1031 4904 1087 4954 ὲν
1128 4905 1244 4965 ταῖς
1299 4903 1644 4975 Ἑκκλησίαις
1674 4904 1767 4956 τού

174 4989 330 5043 Θεοῦ
380 4990 684 5061 συνηθείας,
723 4992 811 5045 τὸν
842 4993 928 5046 διὰ
965 4992 1055 5045 τοῦ
1082 4992 1195 5059 ὀψὲ
1224 4993 1534 5047 Σαϐϐἀτων
1585 4994 1770 5064 δηλού-

179 5099 363 5151 μενον
408 5082 620 5155 καιρὸν,
667 5085 740 5156 μὴ
783 5085 879 5155 τὴν
924 5085 1214 5155 ὲσπερινὴν
1246 5084 1392 5155 ὤραν
1443 5082 1600 5149 εἶναι,
1634 5086 1767 5139 ἀλλὰ

174 5173 417 5244 ταύτην,
446 5176 512 5246 ἣν
533 5176 806 5239 Ματθαίος
824 5177 983 5241 αὐτὸς
1013 5177 1351 5248 παρέστησεν
1373 5176 1541 5231 είπὼν
1558 5176 1630 5246 τῇ
1645 5180 1768 5232 ἐπι-

173 5269 529 5336 φωσκούσῃ
556 5272 642 5334 εὶς
658 5272 806 5338 μίαν
836 5271 1163 5325 Σαϐϐάτων.
1194 5271 1326 5324 Οὐδὲ
1352 5270 1459 5341 γὰρ
1483 5270 1635 5339 λόγον
1656 5266 1766 5341 εἶχε

176 5359 339 5413 κατὰ
364 5360 461 5429 τὴν
489 5362 726 5433 ἑσπέραν
756 5362 850 5415 τοῦ
882 5362 1154 5417 Σαϐϐάτου
1184 5361 1436 5416 τοιούτων
1477 5362 1766 5433 Θαυμάτων

172 5448 344 5518 ἀμφὶ
377 5450 438 5502 τὸ
480 5455 741 5522 μνημεῖον
773 5451 864 5505 τοῦ
902 5452 1151 5523 Σωτῆρος
1192 5452 1652 5523 ἀποτελουμένων,
1691 5452 1765 5523 μὴ

176 5539 318 5608 ούχὶ
354 5539 558 5603 πάντας
592 5542 715 5603 τοὺς
750 5541 843 5612 τὴν
879 5542 1029 5594 πόλιν
1058 5539 1335 5603 οἰκοῦντας
1369 5539 1558 5610 μαθεῖν
1584 5539 1649 5593 τὰ
1680 5557 1764 5609 γι-

260 5719 385 5773 [30)
425 5720 556 5776 Cod.
588 5719 797 5774 δηλοῦν.

1873 4541 1959 4587 cte
1984 4532 2219 4587 medium
2250 4546 2477 4585 cursum
2525 4530 2638 4599 jam
2672 4539 2909 4593 tenente,
2939 4539 3032 4584 aut
3071 4534 3217 4586 circa
3245 4532 3446 4603 gallici-

1873 4626 2023 4678 nium
2044 4625 2125 4679 vel
2148 4638 2401 4678 auroram
2432 4641 2443 4675 :
2481 4622 2555 4674 ita
2586 4633 2645 4677 ut
2669 4631 2721 4677 et
2744 4621 2887 4677 facto
2918 4622 3038 4692 ipso
3062 4632 3116 4678 et
3145 4623 3441 4679 inveterata

1874 4716 1927 4769 in
1954 4716 2044 4770 Dei
2077 4714 2336 4769 Ecclesiis
2364 4714 2780 4775 consuetudine,
2825 4722 3040 4783 tempus
3075 4713 3443 4783 signiﬁcatum

1874 4824 1970 4876 per
2001 4808 2163 4863 verba
2198 4824 2314 4862 sero
2353 4804 2702 4861 Sabbatorum
2722 4846 2737 4867 ,
2770 4805 2911 4859 haud
2942 4806 3250 4874 veSpertina
3310 4805 3442 4858 liora

1874 4900 1966 4965 sit,
1992 4900 2084 4953 sed
2113 4914 2276 4970 quam
2332 4898 2616 4951 Matthazus
2645 4897 2863 4951 exhibet
2891 4896 3019 4949 dum
3060 4896 3134 4948 ait
3162 4915 3175 4948 :
3230 4912 3347 4965 qua:
3382 4896 3444 4949 il-

1875 4993 2083 5045 lucescit
2110 4992 2163 5045 in
2193 5008 2350 5045 unam
2371 4987 2949 5058 Sabbatorum.Neque
2984 4987 3126 5043 enim
3158 4988 3442 5041 commode

1874 5083 2205 5137 accidissent
2228 5096 2452 5151 vespere
2478 5079 2697 5135 Sabbati
2717 5079 2843 5133 talia
2868 5076 3112 5147 prodigia
3139 5076 3287 5130 circa
3311 5074 3441 5131 Ser-

1872 5176 2080 5230 vatoris
2129 5183 2576 5235 monumentum,
2637 5189 2703 5227 ne
2777 5171 2984 5225 scilicet
3042 5167 3247 5239 passim
3286 5169 3441 5223 urbis

1875 5268 2063 5322 incolas
2092 5283 2205 5322 rem
2230 5276 2641 5334 cognoscerent,
2659 5267 2914 5333 ﬁeretque
2936 5274 3242 5317 concursus
3264 5258 3333 5314 ad
3356 5269 3440 5315 tu-

1874 5360 2077 5413 mulum
2096 5400 2110 5425 ,
2135 5360 2482 5430 vigilantibus
2513 5359 2784 5414 omnibus.
2806 5355 3250 5411 Consentaneum
3279 5353 3441 5425 quip-

1872 5465 1939 5520 pe
1975 5458 2115 5516 erat,
2143 5450 2320 5521 lapide
2348 5436 2657 5520 prodigiose
2706 5448 2983 5513 revoluto,
3021 5448 3205 5503 statim
3235 5462 3439 5502 convo-

1871 5548 1980 5602 lare
2019 5545 2298 5611 custodes,
2336 5545 2472 5598 liora
2511 5541 2561 5597 id
2597 5541 2944 5606 concedente,
2981 5542 3047 5597 ad
3075 5556 3140 5598 ea
3170 5556 3292 5613 qua
3315 5557 3440 5600 eve-
