3952 6198
592 268 701 332 943

1302 258 1571 319 EUSEBII
1611 260 2089 318 CESABlENSlS
2119 258 2269 318 OPP.
2304 258 2483 318 PARS
2515 237 2614 319 ΙΙΙ,
2642 292 2713 306 -——
2745 265 3153 324 EXEGETICA.
3652 280 3723 337 su

591 402 791 455 nerant
821 368 1203 450 renuntianda.
1264 385 1333 442 Et
1380 385 1601 457 quidem
1651 386 1707 440 hi
1757 385 2022 442 docentur
2071 386 2152 443 die

2188 391 2233 447 Α
2259 386 2478 457 νόμενα,
2505 387 2599 440 καὶ
2632 387 2903 461 συνδρομὴ
2933 387 3143 458 γεγόνει
3180 387 3270 441 ἐπὶ⁵
3290 386 3348 441 τδ
3374 388 3555 460 μνῆμα,
3573 392 3724 449 πάντων

592 495 812 561 postero
826 499 858 539 a
877 479 1248 539 sacerdotibus
1268 486 1328 533 ut
1352 493 1623 533 rumorem
1649 479 1704 532 in
1725 479 1921 548 vulgus
1950 486 2169 545 serant,

2274 478 2670 551 ἐγρηγορότων.
2726 481 3039 536 ’Δκόλουθον
3085 481 3139 534 δὲ
3179 477 3247 553 ἦν
3286 481 3632 553 ἀνατραπέντος
3662 489 3725 542 τοῦ

593 578 809 635 venisse
836 581 1004 628 noctu
1035 567 1337 639 discipulos
1366 564 1494 622 Jesu
1538 566 1603 621 ad
1643 565 1934 620 furandum
1966 580 2154 637 corpus

2270 568 2418 623 λίθου
2446 570 2781 643 παραδόξως,
2806 573 3144 645 παραχρῆμα
3175 571 3395 627 σπεῦσαι
3412 573 3522 637 τοὺς
3536 578 3728 648 φρουρώς

593 674 723 729 dum
755 667 861 739 ipsi
896 679 1088 722 somno
1134 661 1509 733 iudulgerent;
1546 660 1599 715 id
1640 659 1787 731 quod
1828 659 1897 716 ab
1923 661 2003 716 eis
2035 658 2164 728 fingi

592 760 739 823 haud
767 773 905 830 opus
950 753 1163 820 fuisset,
1190 753 1239 809 si
1277 768 1502 823 vespere
1529 746 1690 807 Jesus
1745 751 2157 808 resurrexisset.

591 855 779 926 Itaque
809 848 1063 909 existimo
1119 863 1187 904 ex
1220 846 1306 901 bis
1351 844 1746 910 demonstrari,
1801 845 1857 900 id
1887 844 2034 916 quod
2084 844 2160 898 ait

592 944 879 1000 Matthteus
910 957 1026 996 sero
1058 938 1443 1005 Sabbatorum,
1483 938 1627 993 haud
1666 936 1974 1011 significare
2004 951 2158 993 sero.

593 1037 761 1095 tinam
799 1032 1023 1089 Sabbati
1066 1032 1255 1086 horam
1292 1046 1467 1100 neque
1503 1038 1719 1100 tempus
1749 1029 2156 1102 vespertinum;

590 1122 829 1200 namque
857 1129 974 1198 ipse
1006 1124 1290 1179 Matthzeus
1320 1124 1505 1178 addit:
1538 1122 1668 1176 hora
1687 1139 1803 1190 quae
1848 1122 2060 1176 lucescit
2104 1122 2161 1175 in

590 1238 754 1278 unam
785 1218 1167 1277 Sabbatorum;
1222 1228 1380 1269 mane
1422 1211 1677 1279 videlicet
1715 1212 1843 1267 dum
1877 1213 2054 1267 adhuc
2082 1219 2164 1265 te-

593 1312 776 1367 nebrae
815 1321 1033 1374 essent,
1074 1308 1372 1365 secundum
1406 1304 1689 1360 Joannem.
1741 1302 1832 1357 Sic
1855 1305 2000 1358 enim
2034 1302 2163 1358 har-

2266 661 2334 716 τὰ
2367 662 2674 735 πραχθέντα
2703 664 2958 736 δηλῶσαι,
2998 666 3096 737 τῆς
3125 664 3270 738 ὥρας
3297 666 3466 729 αὐτοῖς
3493 667 3733 739 ἐπιτρεπού-

2267 768 2383 824 σης.
2413 755 2476 807 Οἱ
2500 754 2558 808 δὲ
2594 755 2689 810 καὶ
2723 756 3061 811 διδάσκονται
3088 760 3151 829 τῇ
3181 757 3430 828 ὑστεραίᾳ
3451 756 3542 811 ὑπὸ
3560 757 3636 811 τῶν
3659 760 3734 830 ἁρ-

2266 847 2492 919 χιερέων
2541 847 2865 921 διαφημίσαι
2894 851 2974 914 εἰς
3006 849 3227 915 πάντας,
3254 852 3333 905 ὅτι
3361 850 3407 903 οἱ
3441 851 3632 922 μαθηταὶ
3658 854 3728 907 αὑ-

2265 936 2359 992 τοῦ
2403 940 2594 1005 νυκτὸς
2641 940 2884 1007 ἐλθόντες
2926 942 3154 1014 ἔκλεψαν
3178 944 3334 999 αὑτὸν
3365 946 3505 1016 ἡμῶν
3533 947 3732 1017 κοιμιοιιέ⁴

2267 1047 2372 1084 νων
2392 1048 2406 1061 ·
2440 1032 2469 1085 ὅ
2496 1031 2559 1104 δὴ
2601 1032 2784 1106 χώραν
2814 1035 2914 1091 οὐκ
2947 1031 3091 1107 εἶχεν
3122 1036 3437 1091 πλάττεσθαι
3460 1037 3617 1102 αὐτοὺς
3634 1039 3731 1109 sita

2267 1126 2475 1200 ἑσπέρα
2519 1128 2799 1199 ἐγήγερτο.
2850 1128 3007 1183 Ἀλλά
3052 1129 3160 1201 γάρ
3219 1128 3445 1201 ἡγοῦμαι
3482 1129 3555 1182 διά
3585 1128 3731 1182 τούτων

2258 1216 2675 1273 ἀποδείκνυσθαι
2703 1220 2763 1274 τὸ
2789 1220 2939 1293 παρά
2979 1220 3058 1291 τῷ
3098 1221 3356 1292 Ματθαίῳ
3382 1221 3624 1293 λεγόμενον
3652 1217 3733 1288 ὀψὲ

2257 1302 2591 1376 Σαϐϐάτων,
2612 1312 2686 1383 μὴ
2711 1311 2807 1384 τὴν
2835 1312 3022 1385 ὀψινὴν
3051 1312 3198 1384 ῶραν
3219 1312 3310 1366 τοῦ
3330 1311 3570 1365 Σαόϐἀτου
3587 1312 3728 1381 σημαί-

592 1399 895 1463 moniaﬁet
921 1399 1355 1471 evangelicarum
1404 1411 1622 1462 vocum,
1666 1394 1832 1451 veluti
1880 1410 1989 1450 uno
2034 1403 2153 1450 tem-

2258 1394 2388 1467 νειν,
2416 1403 2548 1475 μηδὲ
2568 1403 2659 1458 τὸν
2686 1405 2969 1477 ἐσπερινὸν
3015 1405 3225 1477 καιρόνθ
3249 1403 3358 1459 ἀλλ’
3378 1404 3519 1467 αὐτὸς
3532 1402 3728 1465 Munitio;

591 1510 724 1567 pore
757 1493 827 1549 ab
862 1493 995 1564 ipsis
1027 1491 1333 1564 significato
1358 1531 1371 1554 ,
1404 1489 1551 1561 quod
1594 1496 1775 1543 tamen
1827 1489 1881 1543 in
1930 1488 2152 1560 singulis

2263 1488 2541 1566 ἐπήγαγεν
2571 1493 2669 1566 τὴν
2706 1494 3124 1565 ἐπιφώσκουσαν
3150 1494 3309 1565 ὤραν
3335 1497 3417 1560 εις
3438 1491 3725 1563 play-tami-

590 1592 835 1641 mutatur
874 1584 1185 1654 scripturis,
1219 1583 1293 1637 ita
1336 1591 1397 1636 ut
1449 1583 1590 1636 intra
1619 1596 1782 1635 unam
1808 1579 2151 1652 eamdemque

2263 1600 2400 1651 των,
2442 1587 2564 1659 ἥτις
2587 1584 2655 1661 ἦν
2687 1587 2851 1661 πρωῒ,
2878 1588 2957 1643 ἐτι
2989 1588 3209 1652 σκοτίας
3232 1587 3392 1659 οῦσης
3417 1584 3538 1640 κατά
3561 1585 3626 1638 τὸν
3650 1585 3728 1637 Ἰω-

591 1677 782 1764 boram
803 1672 1128 1746 principium
1148 1672 1309 1727 liceat
1324 1670 1592 1741 cogitare,
1613 1669 1871 1731 medium.
1890 1676 1945 1725 et
1966 1667 2148 1726 finem.

2184 1671 2224 1727 Β
2253 1674 2416 1747 ἀννην
2435 1694 2449 1707 ⁹
2473 1674 2615 1731 οὓτω
2641 1678 2750 1750 γὰρ
2782 1680 2816 1750 ή
2850 1678 3135 1749 συμφωνία
3176 1679 3457 1750 σιρνδράμοι
3480 1675 3535 1730 ἂν
3558 1674 3638 1728 τῶν
3668 1673 3730 1726 εὐ-

592 1755 897 1841 αγγελὶκῶν
923 1767 1113 1838 φωνῶν
1131 1783 1143 1796 '
1178 1767 1255 1830 ὡς
1288 1764 1480 1837 καιροῦ
1512 1764 1612 1837 μὲν
1641 1760 1759 1829 ὲνδς
1781 1763 1850 1817 δι’
1906 1763 2086 1818 αὐτῶν
2122 1755 2571 1843 σημαινομένου,
2603 1771 3040 1827 ἀναλλαττόντων
3067 1771 3125 1826 δὲ
3154 1772 3284 1844 παρ’
3332 1770 3536 1824 ἐκάστου
3560 1766 3639 1820 τῶν
3662 1763 3729 1818 τοῦ

590 1867 782 1942 καιροῦ
818 1866 1018 1938 μορίων
1038 1883 1050 1897 ·
1092 1866 1215 1919 ἐπεὶ
1241 1865 1333 1918 καὶ
1367 1864 1495 1935 μιᾶς
1527 1863 1620 1916 καὶ
1658 1862 1756 1933 τῆς
1785 1861 1955 1932 αὐτῆς
1985 1860 2154 1935 ὥρας,
2194 1866 2286 1920 καὶ
2316 1867 2413 1939 τὴν
2445 1868 2621 1941 ἀρχήν
2644 1872 2792 1923 ἐστιν
2814 1869 3120 1941 ἐπινοῆσαι,
3180 1868 3273 1922 κα)⁷
3308 1862 3368 1921 τὶ
3399 1866 3550 1938 μέσον,
3573 1862 3640 1914 καὶ
3682 1856 3730 1913 ὼ

590 1980 762 2027 τέλος.

662 2059 716 2114 5.
755 2056 911 2113 Haud
937 2057 1104 2128 igitur
1130 2071 1161 2110 a
1190 2057 1420 2111 veritate
1441 2054 1801 2118 aberraveris,
1824 2055 1927 2111 sia
1945 2053 2155 2112 Joanne

590 2149 807 2205 initium
841 2146 1266 2203 resurrectionis
1302 2143 1609 2201 Servatoris
1644 2146 1821 2201 nostri
1870 2144 2028 2203 dicas
2079 2146 2156 2203 si-

590 2240 864 2314 gnificari,
890 2238 1034 2310 apud
1064 2253 1224 2309 quem
1257 2235 1576 2308 Magdalena
1608 2250 1789 2301 mane,
1818 2236 1949 2292 dum
1980 2235 2156 2291 adhuc

592 2331 832 2389 tenebrm
850 2339 1056 2395 essent,
1092 2329 1259 2385 semel
1290 2335 1452 2398 atque
1500 2328 1697 2383 iterum
1737 2325 1805 2381 ad
1834 2341 2158 2383 monumen-

590 2432 709 2479 tum
755 2436 1068 2496 progressa,
1104 2418 1414 2476 Servatoris
1461 2434 1692 2491 corpore
1732 2418 1878 2473 haud
1912 2418 2153 2483 invento,

587 2513 681 2571 ﬂet
712 2533 726 2571 :
758 2513 887 2584 quia
917 2503 1123 2567 nemini
1150 2510 1331 2567 adhuc
1364 2510 1699 2566 resurrectio
1729 2508 1851 2580 ejus
1872 2508 2151 2581 explorata

588 2612 727 2661 erat.
780 2601 877 2657 Est
927 2608 1108 2656 autem
1140 2600 1262 2670 ejus
1292 2599 1442 2655 hora
1473 2614 1599 2670 pars
1644 2599 1816 2655 altera
1844 2607 2058 2670 tempus
2098 2598 2154 2655 id

506 2710 507 2719 ‘
587 2698 657 2754 de
676 2711 785 2768 quo
814 2693 1103 2749 Matthasus
1135 2691 1408 2762 loquitur;
1439 2705 1563 2746 cum
1587 2690 1841 2747 videlicet
1866 2691 2029 2745 tertio
2056 2705 2153 2746 ve-

582 2791 750 2857 niens
783 2786 851 2842 ad
877 2792 1290 2863 monumentum
1318 2782 1505 2837 eadem
1542 2776 1863 2853 Magdalena
1888 2788 2011 2836 cum
2046 2780 2153 2835 alia

591 2880 784 2945 Maria,
816 2876 962 2933 haud
989 2875 1101 2945 jam
1132 2873 1244 2939 flet,
1275 2874 1476 2945 quippe
1504 2888 1645 2943 quae,
1694 2880 1756 2927 ut
1784 2874 1861 2927 ait
1885 2872 2147 2937 Joannes,

582 2972 698 3042 jam
746 2967 970 3040 angelos
1007 2966 1215 3022 viderat
1265 2964 1557 3035 ipsumque
1592 2962 1962 3020 Servatorem.
2011 2961 2146 3017 Nam

592 3076 714 3133 quae
741 3059 1003 3115 dicuntur
1033 3071 1065 3111 a
1098 3054 1244 3111 Luca
1288 3062 1343 3110 et
1394 3053 1579 3109 Marco
1622 3053 1728 3109 alia
1781 3069 1884 3111 nos
1932 3053 2152 3119 docent,
2181 3046 2224 3103 C

591 3153 738 3228 apud
783 3168 923 3224 quos
974 3151 1234 3207 nimirum
1287 3148 1474 3219 plures
1513 3148 1740 3202 veniunt
1784 3147 2156 3204 observatum

586 3246 869 3302 mulieres.
926 3243 1098 3299 Porro
1155 3248 1335 3296 autem
1394 3238 1766 3309 Magdalcnam
1818 3239 2155 3310 temporibus

588 3339 739 3397 haud
766 3351 1097 3410 magnopere
1147 3336 1291 3391 inter
1331 3349 1391 3389 se
1447 3331 1782 3388 distantibus
1835 3330 2155 3388 interfuisse

586 3438 743 3502 puta,
780 3429 875 3486 sed
904 3443 1015 3484 uno
1045 3427 1157 3484 fere
1189 3424 1453 3482 continuo
1495 3431 1761 3493 tempore,
1811 3422 1941 3499 dum
1984 3422 2155 3479 semel

588 3530 643 3578 et
672 3522 870 3579 iterum
915 3522 1066 3577 circa
1113 3534 1236 3577 eum
1288 3518 1471 3573 locum
1517 3524 1862 3584 versaretur;
1906 3508 2152 3585 primum

587 3615 707 3690 ipsa
735 3617 881 3685 sola;
911 3613 1152 3673 secundo
1191 3627 1315 3669 cum
1338 3611 1444 3666 alia
1474 3606 1662 3663 Maria.
1698 3606 1790 3663 Sic
1821 3609 2008 3665 eadem
2040 3607 2152 3663 Ma-

588 3715 671 3770 ria
701 3710 1015 3784 Magdalena
1053 3715 1108 3764 et
1133 3706 1277 3777 apud
1307 3703 1617 3759 Matthaeum
1660 3707 1891 3772 spectat,
1923 3710 1977 3757 et
2008 3699 2153 3772 apud

586 3807 873 3863 Joannem.
918 3800 1105 3872 Neque
1135 3799 1341 3856 idcirco
1368 3795 1707 3856 excludenda
1734 3801 1817 3850 est
1866 3807 1897 3846 a
1927 3800 2153 3849 caetero-

587 3912 709 3953 rum
736 3892 1195 3966 evangelistarum
1226 3886 1636 3944 narrationibus
1668 3903 1681 3939 :
1716 3899 1824 3938 non
1871 3882 2017 3938 enim
2065 3894 2153 3936 re-

586 3988 817 4045 cedebat
847 4001 879 4041 a
908 3986 1054 4051 loco,
1100 3982 1198 4040 sed
1249 3983 1437 4037 aderat
1485 3980 1872 4053 perstabatque
1921 3974 2149 4031 attonita

583 4082 743 4151 visis,
770 4080 1104 4153 cupiensque
1131 4083 1254 4147 post
1274 4074 1530 4147 primam,
1554 4068 1798 4130 secunda
1829 4070 1994 4127 etiam
2042 4075 2151 4123 ter-

586 4176 774 4245 tiaque
803 4170 1142 4243 apparitione
1180 4166 1283 4222 frui
1315 4185 1329 4221 :
1361 4166 1415 4222 id
1436 4163 1607 4236 ’quod
1635 4177 1826 4235 reapse
1853 4168 2150 4218 consecuta

585 4274 690 4331 est,
721 4265 853 4321 dum
878 4260 1216 4318 multimodis
1242 4256 1552 4328 complures
1584 4256 1843 4311 mulieres
1872 4253 1940 4309 ad
1966 4259 2152 4309 tumu-

584 4357 697 4411 lum
725 4355 984 4419 veniunt;
1037 4359 1200 4422 atque
1247 4348 1368 4404 aliis
1403 4348 1562 4402 aliter
1611 4346 1856 4417 angelica
1898 4343 2039 4399 visio
2088 4357 2147 4397 se

585 4447 778 4515 oﬂert;
814 4446 935 4516 ipsa
966 4452 1145 4498 autem
1194 4441 1507 4514 lllagdalena
1557 4438 1790 4510 singulis
1843 4435 2149 4493 visionibus

586 4539 835 4594 interest.
863 4535 1041 4605 Atque
1069 4534 1145 4589 ita
1174 4548 1357 4589 rerum
1387 4528 1532 4603 apud
1587 4537 1822 4601 quatuor
1874 4526 2147 4598 evangeli-

586 4640 701 4689 stas
733 4630 1066 4702 scriptarum
1097 4625 1390 4697 spectatrix
1443 4623 1546 4678 fuit
1581 4621 1897 4693 Magdalena
1930 4636 1944 4673 :
1980 4633 2151 4689 quare

580 4732 639 4780 et
670 4718 1005 4793 bujus.apud
1052 4733 1241 4774 omnes
1287 4717 1491 4773 mentio
1538 4714 1615 4769 fit.
1665 4712 1760 4767 Sic
1809 4710 1971 4765 etiam
2006 4707 2145 4763 idem

585 4824 798 4887 tempus
831 4819 973 4877 erat,
996 4810 1141 4881 quod
1173 4809 1271 4864 abs
1306 4794 1516 4863 Joanne
1545 4813 1598 4861 et
1624 4820 1653 4858 a
1685 4801 1934 4857 Mattbaeo
1964 4801 2149 4871 perhi-

585 4909 792 4964 betur:
836 4904 934 4962 sed
964 4913 1144 4959 tamen
1189 4900 1356 4971 hujus
1402 4896 1663 4969 temporis
1714 4891 1930 4950 diversa
1983 4892 2150 4947 inter-

581 4999 727 5056 valla
758 4997 903 5071 apud
933 4995 1178 5068 singulos
1208 5001 1485 5049 notantur.

652 5175 709 5233 4.
749 5172 940 5246 Neque
964 5144 1021 5235 te
1048 5172 1339 5228 conturbet
1358 5170 1412 5268 id
1433 5168 1579 5242 quod
1609 5183 1639 5223 a
1664 5166 1918 5222 Mattha‘eo
1945 5154 2148 5220 dicitur

582 5277 871 5338 postquam
901 5264 1024 5323 duae
1058 5263 1240 5319 Mariae
1284 5262 1351 5317 ad
1364 5258 1663 5317 'visendum
1694 5258 1963 5313 tumulum
1988 5266 2149 5310 vene-

652 5471 767 5543 (3|)
807 5469 1198 5543 thiobaac
1230 5467 1516 5543 hucusque
1575 5462 1953 5543 parl_im_in_est
1983 5459 2145 5543 etiam

580 5543 637 5597 in
655 5527 856 5599 codice
883 5542 979 5596 Gr.
1017 5528 1287 5601 Mediceo,
1313 5527 1448 5592 teste
1478 5527 1744 5589 Bandinio
1783 5538 1821 5585 t.
1858 5532 1900 5601 l,
1934 5547 1986 5601 p.
2019 5527 2143 5601 £59,

582 5612 730 5666 Idem
774 5621 950 5666 tamen
1004 5609 1207 5664 frustra
1252 5599 1582 5677 syspiratur,
1624 5618 1745 5675 quae
1777 5599 1973 5677 ibidem
2004 5599 2147 5677 apud

573 5698 706 5737 etim
731 5690 1035 5754 sequuntur
1070 5679 1189 5733 λίαν
1237 5670 1522 5748 θαυμάζω,
1568 5670 1700 5751 σιὰ,
1722 5685 1867 5753 ςθξξο
1898 5670 2145 5733 eiusdem

2325 2053 2397 2125 γ’.
2433 2051 2550 2109 Οὔκ
2585 2052 2652 2107 ἂν
2685 2052 2817 2122 γοῦν
2847 2053 3116 2126 ἁμάρτοις
3136 2052 3206 2107 τὰ
3241 2052 3338 2124 μὲν
3358 2052 3527 2124 πρῶτα
3546 2050 3619 2121 τῆς
3642 2049 3731 2103 ἀντι

2259 2147 2502 2210 στάσεως
2526 2146 2618 2200 τοῦ
2652 2145 2905 2217 Σωτῆρος
2926 2146 3084 2217 ἡμῶν
3110 2143 3459 2216 σημαίνεσθαι
3479 2140 3612 2195 εἰπὼν
3629 2141 3730 2211 παρὰ

2258 2237 2337 2309 τῷ
2369 2237 2609 2309 Ἰωάννῃ,
2635 2240 2761 2309 παρ’
2777 2232 2821 2306 ᾧ
2842 2235 3222 2309 ὴΜαγδαληνὴ
3233 2234 3391 2308 πρωῒ,
3417 2234 3488 2287 ἔτι
3503 2233 3633 2302 οὔσης
3647 2248 3731 2285 rm-

2259 2328 2398 2394 τίας,
2424 2328 2521 2383 καὶ
2538 2329 2751 2401 πρῶτον
2777 2329 2871 2383 καὶ
2892 2328 3146 2401 δεύτερον
3174 2330 3436 2382 ἐπιστᾶσα
3450 2326 3516 2398 τῷ
3540 2327 3726 2397 μνήματι,

2262 2421 2355 2476 καὶ
2380 2420 2453 2494 μὴ
2478 2420 2712 2493 εὑροῦσα
2742 2419 2802 2475 τὸ
2834 2420 2991 2492 σῶμα
3024 2420 3121 2474 τοῦ
3155 2420 3421 2492 Σωτῆρος,
3441 2417 3669 2473 uleier
3689 2416 3730 2469 τὸ

2264 2516 2463 2587 μηδένα
2487 2516 2652 2587 μήπω
2681 2514 2977 2584 ἐγνωκέναι
3009 2515 3140 2587 περὶ
3167 2514 3269 2584 τῆς
3286 2514 3592 2574 ἀναστάσεως
3602 2506 3727 2562 αὐτοῦ’

2259 2608 2357 2679 τῆς
2389 2608 2558 2680 αὐτῆς
2581 2606 2637 2661 δὲ
2661 2602 2808 2680 ὥρας
2842 2608 3007 2680 μέρος
3035 2601 3178 2662 εἶναι
3199 2607 3439 2678 δεύτερον
3456 2605 3534 2657 τὸν
3550 2602 3660 2675 παρὰ
3681 2598 3728 2667 τῷ

2259 2695 2522 2769 Ματθαίῳ
2569 2696 2791 2769 χρόνον,
2845 2694 2966 2749 καθ’
3005 2695 3065 2748 ὃν
3098 2695 3281 2767 τρίτον
3327 2694 3563 2747 ἐπιστᾶσα
3591 2684 3727 2761 quid

2257 2788 2587 2861 Μαγδαληνὴ
2621 2789 2735 2861 ἅμα
2760 2790 2825 2860 τῇ
2858 2787 2994 2862 ἄλλῃ
3022 2788 3220 2858 Μαρίᾳ
3250 2786 3327 2859 τῷ
3356 2787 3582 2858 μνήματι,
3604 2778 3725 2834 οὐκέτι

2255 2878 2449 2944 κλαίει,
2482 2877 2557 2955 ῶς
2596 2879 2662 2933 ἂν
2691 2878 2840 2950 παρά
2868 2878 2946 2950 τῷ
2991 2879 3217 2952 Ἰωάννῃ
3255 2876 3530 2947 τεθεαμένη
3555 2870 3725 2955 mihi

2253 2970 2443 3039 γέλους
2475 2954 2567 3024 καὶ
2589 2958 2750 3024 αὑτὸν
2773 2970 2862 3024 τὸν
2882 2968 3033 3041 Σωτῆ
3043 2986 3130 3041 ρα’
3156 2969 3225 3022 τά
3246 2968 3350 3039 γὰρ
3366 2965 3501 3039 παρὰ
3523 2962 3588 3034 τῷ
3604 2954 3727 3026 AW;

2257 3063 2352 3117 καὶ
2403 3062 2480 3133 τῷ
2514 3063 2726 3136 Μάρκῳ
2768 3063 2967 3135 ἐτέρων
3016 3061 3085 3116 ἀν
3138 3063 3226 3133 εἴη
3254 3056 3526 3131 δηλωτικὰ,
3561 3041 3724 3122 παρ’ῦῖς

2259 3153 2476 3218 πλείους
2490 3154 2800 3208 ἀπαντῶσιν
2832 3157 3091 3224 γυναῖκες
3120 3156 3214 3209 ἐπὶ
3249 3153 3344 3225 τὴν
3370 3151 3502 3205 θέαν
3531 3145 3608 3217 τὴν
3626 3140 3666 3196 δέ
3686 3150 3723 3206 Υ¹

2256 3244 2620 3317 Μαγδαληνὴν
2645 3243 2719 3317 μὴ
2756 3246 2972 3318 μακρὰν
3008 3246 3258 3317 ἀλλήλων
3281 3242 3538 3299 διεστῶσιν
3559 3239 3724 3305 ἀπηντηο

2256 3337 2408 3391 κέναι
2452 3340 2663 3410 καιροῖς
2698 3338 2906 3410 νόμιζε,
2947 3336 3064 3391 ἀλλ’
3109 3340 3169 3392 ἐν
3193 3337 3270 3409 τῷ
3301 3333 3440 3406 αὐτῷ
3463 3332 3544 3387 καὶ
3568 3318 3724 3382 κστάτδ

2255 3427 2384 3482 αὐτὸ
2416 3431 2748 3501 παρατυχεῖν
2782 3429 2877 3482 καὶ
2906 3428 2968 3482 τὸ
2992 3428 3210 3501 πρῶτον
3237 3430 3329 3483 καὶ
3361 3427 3419 3480 τὸ
3445 3423 3659 3491 δεύτερον
3684 3410 3722 3463 τδ

2257 3521 2358 3590 μὲν
2384 3519 2617 3589 πρῶτον,
2639 3500 2760 3574 καθ’
2774 3516 2975 3591 ἐαυτὴν
3000 3500 3169 3591 μόνην
3193 3537 3207 3551 ’
3232 3520 3292 3573 τὸ
3312 3518 3367 3573 δέ
3392 3515 3618 3585 δεύτερον,
3631 3500 3723 3577 μετᾶ

2253 3609 2352 3682 τῆς
2371 3608 2536 3681 ἄλλης
2560 3610 2797 3682 Μαρίας
2822 3609 2963 3663 οὕτω
2991 3605 3149 3663 δὀῦν
3178 3611 3212 3682 ἡ
3236 3609 3368 3679 αὐτῇ
3396 3604 3559 3676 Μαρία
3577 3597 3721 3682 ilme

2252 3680 2451 3774 δαληνὴ
2482 3701 2577 3756 καὶ
2603 3680 2672 3755 τά
2703 3700 2852 3773 παρὰ
2864 3700 2942 3771 τῷ
2956 3680 3223 3773 Ματθαίιρ
3237 3699 3418 3753 ἐθεᾶτο
3446 3697 3529 3751 καὶ
3555 3690 3606 3746 τὰ
3622 3680 3722 3755 περὶ

2252 3792 2331 3865 τῷ
2364 3794 2600 3865 ’ῐωάννῃο
2625 3794 2723 3847 οὒκ
2749 3791 3156 3864 ἀπελιμπὰνετο
3183 3792 3241 3847 δὲ
3265 3791 3368 3846 τῶν
3386 3787 3517 3860 παρά
3540 3774 3723 3843 τοῖςώ

2253 3884 2363 3950 λοῖς
2389 3883 2912 3957 ἀναγεγραμμένων·
2942 3884 3006 3937 οὐ
3046 3884 3157 3955 γάρ
3184 3882 3463 3938 ἀπεστάτει
3488 3875 3567 3929 τοῦ
3591 3871 3720 3924 τόπον

2253 3970 2431 4048 παρῆν
2442 3977 2498 4031 δὲ
2514 3978 2606 4031 καὶ
2617 3977 2922 4050 παρέμενεν
2936 3974 3427 4046 καταπεπληγμένη
3443 3970 3528 4042 μὲν
3536 3959 3723 4050 τάτιθειξ

2255 4046 2412 4144 μένα,
2440 4069 2677 4124 ποθοῦσα
2697 4046 2917 4143 ⁷δὲήπρὸς
2930 4071 3042 4133 τοῖς
3070 4067 3307 4140 πρώτοις
3326 4065 3413 4119 καὶ
3438 4046 3721 4144 δευτέρωνιξ

2250 4162 2415 4236 τριῶν
2449 4161 2774 4231 θεοφανειῶν
2803 4159 3227 4232 καταξιωθῆναι·
3262 4152 3334 4212 ὧν
3362 4155 3609 4224 ἐτύγχανεν
3630 4136 3720 4214 μετδ

2250 4257 2424 4311 ταῦτα
2454 4257 2727 4328 διαφόρως
2760 4255 2859 4326 μὲν
2876 4252 3137 4308 πλειόνων
3170 4249 3437 4324 γυναικῶν
3465 4245 3544 4300 ἐπὶ
3566 4240 3613 4294 τὸ
3634 4246 3718 4328 μγηο

2257 4352 2405 4420 μεῖον
2444 4326 2851 4420 ἀφικνουμένων
2866 4386 2883 4414 ,
2911 4345 3099 4400 ἄλλοτε
3118 4346 3164 4400 δ’
3186 4345 3358 4408 ἄλλως
3380 4341 3545 4399 αὑταῖς

2253 4413 2356 4508 κῆς
2381 4413 2555 4510 bal/eu);
2586 4413 3086 4510 παραφαινομένης,
3120 4436 3290 4507 αὐτῆς
3310 4435 3365 4487 δὲ
3386 4433 3462 4501 ἐφ’
3483 4413 3714 4490 ﬁxit-ﬁll“?

2252 4529 2796 4601 παρατυγχανούσης·
2817 4529 2957 4583 οὕτω
2987 4528 3123 4598 γοῦν
3150 4528 3259 4584 τῶν
3289 4523 3433 4597 παρὰ
3455 4514 3712 4582 τοῑςτέσσφ

2253 4639 2336 4675 σιν
2371 4620 2780 4690 εὐαγγελισταῖς
2807 4619 3309 4690 ἀναγεγραμμένων
3336 4612 3517 4685 θεωρὸς
3545 4602 3710 4690 ἐγίγνεῖ*

2251 4713 2284 4784 ἠ
2312 4684 2661 4782 Μαγδαληνή·
2696 4712 2777 4765 διὸ
2803 4712 2897 4765 καὶ
3091 4684 3222 4774 ’τοῖς
3248 4710 3404 4764 πᾶσιν
3431 4684 3708 4784 smmi?

2252 4782 2384 4877 (δυο
2412 4803 2554 4858 οὕτω
2577 4804 2633 4858 δὲ
2659 4804 2752 4857 καὶ
2772 4805 2800 4857 ὁ
2835 4802 2932 4875 μὲν
2961 4801 3151 4873 καιρὸς
3187 4803 3217 4854 ὁ
3247 4800 3403 4862 αὐτὸς
3426 4793 3486 4867 ἦν
3509 4794 3534 4844 ὁ

2262 4867 2506 4952 λῐωάννου
2539 4897 2634 4951 καὶ
2661 4896 2753 4950 τοῦ
2780 4867 3486 4966 Ματθαιοσπαριστάμενος·
3505 4880 3581 4937 τοῦ
3600 4876 3634 4928 δ’
3645 4867 3706 4923 ιδ’

2235 4987 2344 5043 ’τοῦ
2374 4988 2565 5061 καιροῦ
2588 4988 2821 5059 διάφορα
2844 4986 3187 5058 διαστήματα
3211 4987 3336 5054 παρ’
3354 4972 3707 5045 summm

2323 5095 2408 5134 να.

2323 5095 2408 5134 να.

2253 5080 2381 5227 Per.
2418 5173 2511 5246 Μὴ
2540 5173 2851 5247 ταραττέτω
2872 5171 2933 5226 δέ
2965 5189 3024 5226 σε
3046 5172 3107 5226 τδ
3130 5169 3373 5240 λέγεσθαι
3394 5149 3704 5247 τωράτῷυσῗ

2249 5263 2385 5335 θαίῳ
2422 5235 2649 5336 parciore
2679 5264 2851 5317 ἐλθεῖν
2891 5262 2991 5327 τὰς
3028 5262 3121 5316 δύο
3163 5235 3374 5333 Μαρίας
3401 5249 3619 5323 θεωρῆσαι
3649 5235 3705 5288 τὸν

2242 5462 2499 5535 Eusebii;
2530 5475 2658 5525 sunt
2679 5466 2822 5523 enim
2845 5464 3050 5523 Isodori
3076 5460 3382 5535 Pelusiotae.
3406 5460 3461 5509 ut
3475 5444 3704 5535 appara"?

2248 5502 3468 5664 ἵοιῖἔίἒίῖάῖὶᾋδιῖέῗἳθιῗὲἶυίέίἇὸέῖῐάἷιῖδηεν
3488 5502 3615 5590 ἑιὶίειο
3636 5502 3700 5560 mi

2250 5624 2313 5675 ιι,
2452 5649 2467 5666 .
