3952 6198
260 183 362 247 9,43

861 186 1843 257 QUIESTIONESEVANGELICJE.
1886 226 1953 234 —-
1992 194 2317 262 QUIESTIO
2357 197 2399 251 ll
2437 199 2528 253 AD
2563 200 2934 269 MARINUM.‘

3396 208 3497 262 946

260 296 457 396 τάφον,
488 316 506 347 ι
540 301 567 352 ὁ
591 300 815 368 ἄγγελος
842 303 948 375 γὰρ
979 303 1177 375 Κυρίου
1220 309 1463 374 καταϐὰς
1499 311 1557 377 ἐξ
1608 313 1813 385 ούρανοέ

1942 324 2066 369 rant
2119 336 2130 371 :
2170 336 2187 368 ε
2233 319 2471 390 Angelus
2500 321 2642 391 enim
2689 320 2902 376 Domini
2958 324 3097 378 coelo
3127 325 3384 396 delapsus
3414 343 3500 382 re-

259 386 586 443 ἀπεκύλισεν
624 391 714 444 τὸν
752 390 897 444 λίθον
946 395 1010 446 ὲκ
1042 395 1141 465 τῆς
1166 396 1354 467 θύρας.
1392 408 1418 449 r
1463 400 1535 452 Ού
1572 401 1679 473 γὰρ
1709 404 1832 455 κατ’

257 477 428 549 αὐτὴν
450 478 547 550 τὴν
582 480 729 552 ὥραν
765 485 1031 555 προσήκει
1071 490 1207 540 νοεῖν
1235 488 1325 540 τὸν
1357 489 1586 559 ἄγγελον
1628 494 1832 545 ἀποκε-

259 569 534 625 κυλικέναι
574 573 664 626 τὸν
706 574 882 627 λίθονο
929 577 1046 640 πῶς
1101 578 1237 650 γάρ;
1274 580 1436 634 ὁπότε
1483 588 1833 656 προϋπῆρχεν

259 662 411 734 παρὰ
443 663 519 734 τῷ
553 665 804 737 Ἰωάννῃ,
841 670 970 739 παρ’
1001 662 1044 737 ᾧ
1088 670 1185 740 οὐχ
1219 673 1251 741 ή
1287 673 1473 744 Μαρία
1508 675 1662 746 μόνη,
1698 678 1832 732 ἀλλὰ

257 749 352 803 καὶ
382 749 476 803 δύο
507 752 744 824 μαθηταὶ
785 756 1105 827 ἐληλύθασιν
1151 761 1232 823 εἰς
1254 762 1314 814 τὸ
1346 766 1830 839 μνημεῖον·διόπερ

257 842 432 907 εἴποις
458 844 522 898 ἂν
544 844 633 898 τὸν
664 847 813 918 παρὰ
849 847 926 919 τῷ
954 850 1215 923 Ματθαίῳ
1247 852 1402 922 λόγον
1434 855 1827 927 διηγηματικὸν

258 930 395 988 εἶναι
420 935 527 988 τῶν
568 936 671 1005 πρὸ
712 938 901 991 τούτου
937 942 1349 1012 γεγενημένωνο
1387 941 1548 1015 ἦλθον
1590 948 1687 1018 μὲν
1720 948 1825 1021 γὰρ

255 1027 396 1081 κατὰ
432 1026 619 1081 τοῦτον
647 1029 699 1082 ελ
730 1029 823 1083 δύο
854 1031 1062 1103 Μαρίαι
1094 1032 1366 1105 θεωρῆσαι
1389 1036 1478 1090 τὸν
1505 1039 1673 1108 τάφον
1693 1083 1707 1105 ,
1742 1036 1827 1095 εὖ·

258 1135 351 1189 ρον
373 1118 429 1171 δὲ
457 1119 616 1173 αὑτὸν
641 1120 1012 1190 ἀνεῳγμένον,
1050 1124 1345 1195 ἐπειδήπερ
1378 1126 1482 1199 πρὸ
1504 1129 1692 1184 τούτου
1720 1149 1827 1185 τει-

257 1208 393 1278 σμὸς
418 1209 655 1278 ἐγεγόνει
688 1212 881 1280 μέγας,
914 1213 1005 1266 καὶ
1029 1215 1056 1265 6
1072 1213 1299 1283 ἄγγελος
1327 1218 1708 1273 ἀποκεκυλίκει
1733 1223 1826 1275 τὸν

253 1300 417 1366 λίθον,
451 1302 510 1366 ὃς
537 1304 780 1369 ἐπιστὰς,
809 1301 962 1368 αὖθις
981 1307 1387 1375 εὐαγγελίζεται
1417 1312 1513 1376 τὰς
1541 1320 1821 1382 γυναῖκας.

250 1394 399 1466 Αὕτη
438 1397 537 1466 μὲν
564 1391 655 1449 οὖν
681 1397 777 1467 μία
800 1397 950 1462 λύσις
983 1400 1092 1469 (52)
1120 1399 1184 1453 ἂν
1211 1401 1421 1469 γένοιτο
1438 1404 1546 1458 τῶν
1569 1406 1709 1460 κατὰ
1731 1409 1823 1463 τὸν

248 1484 413 1538 τόπον
434 1487 635 1557 ἁπορου
643 1487 838 1557 μένων.

1936 408 2178 463 volverat
2214 411 2281 464 ab
2328 412 2471 467 ostio
2504 413 2768 482 lapidem;
2811 433 2828 463 ι
2888 412 3086 483 quippe
3127 415 3268 468 haud
3300 426 3496 488 putan-

1934 498 2061 551 dum
2092 507 2176 553 est
2209 501 2277 555 ah
2306 503 2495 573 angelo
2525 503 2710 558 eadem
2734 503 2822 557 illa
2840 504 2973 557 liora
2992 494 3301 560 revolutum
3327 506 3495 564 fuisse

1935 588 2189 657 lapidem.
2253 589 2388 645 Nam
2447 595 2719 663 quomodo
2774 593 2905 649 illud
2972 597 3301 666 praecederet
3353 601 3493 669 apud

1930 677 2216 747 Joannem,
2242 698 2351 753 quo
2383 692 2642 739 narrante
2665 703 2775 741 non
2817 686 2986 741 Maria
3029 676 3294 754 sola,'sed
3328 699 3380 744 et
3412 691 3495 744 di-

1932 774 2127 845 scipuli
2155 775 2263 830 duo
2298 784 2709 830 monumentum
2749 777 2980 848 ingressi
3017 776 3496 845 fuerant?Quam-

1930 865 2115 919 obrem
2168 866 2363 921 merito
2397 866 2568 931 dices,
2606 867 2841 922 lliatthaei
2895 872 3141 925 oratione
3186 874 3399 926 narrari
3432 890 3491 928 ea

1930 974 2051 1029 quae
2084 967 2211 1014 ante
2246 959 2586 1030 contigerant
2624 979 2638 1014 :
2675 959 2749 1013 ita
2795 969 2854 1015 ut
2910 977 2975 1015 ex
3011 962 3173 1031 hujus
3225 967 3492 1019 sententia

1927 1047 2050 1103 duae
2079 1048 2299 1117 quidem
2333 1048 2515 1103 Maria}
2545 1048 2609 1103 ad
2651 1050 2957 1119 sepulcrum
3019 1052 3302 1108 visendum
3329 1071 3494 1111 vene-

1928 1140 2058 1202 rint,
2092 1149 2465 1195 verumtamen
2498 1141 2553 1195 id
2605 1142 2935 1213 patefactum
2974 1144 3432 1215 deprehenderint
3474 1166 3491 1207 :

1927 1232 2053 1302 quia
2078 1233 2289 1288 scilicet
2324 1236 2799 1314 accideratnterra‘:
2846 1244 3029 1293 motus
3086 1239 3294 1310 ingens,
3350 1242 3485 1313 lapi-

1928 1326 2159 1396 demque
2206 1328 2431 1398 angelus
2481 1330 2805 1389 revolverat,
2864 1331 2957 1405 qui
2996 1348 3216 1387 rursum
3272 1344 3487 1400 astans,

1927 1418 2007 1473 rei
2035 1419 2230 1472 notitia
2267 1419 2523 1474 mulieres
2549 1420 2875 1489 impertitnr.
2900 1422 3075 1492 Atque
3108 1425 3222 1479 hmc
3251 1441 3356 1479 una
3377 1435 3492 1480 erat

1926 1524 1956 1562 e
1981 1509 2351 1564 solutionibus
2406 1510 2847 1580 ambiguitatum,
2880 1528 3000 1583 qua:
3029 1515 3175 1568 circa
3213 1516 3359 1571 hunc
3412 1496 3491 1570 le-

1925 1613 2048 1653 cum
2081 1600 2271 1670 agitari
2307 1600 2501 1654 solent.

323 1690 387 1742 ε’.
426 1689 626 1762 Λυθείη
662 1691 706 1744 δ’
739 1691 804 1745 ἂν
828 1694 919 1747 καὶ
944 1694 1117 1759 ἄλλως
1141 1696 1210 1749 τὰ
1240 1698 1602 1769 προκείμενα,
1630 1703 1676 1753 εξ
1703 1703 1813 1755 ἑτέ-

1995 1688 2048 1743 5.
2089 1667 2240 1742 Licet
2288 1697 2467 1741 autem
2521 1698 2573 1743 et
2596 1691 2752 1743 aliter
2809 1693 3142 1761 propositam
3196 1692 3491 1765 infringere

254 1797 349 1851 ρας
387 1782 485 1851 μὲν
508 1782 606 1846 τὰς
629 1785 777 1855 παρὰ
805 1785 882 1855 τῷ
910 1787 1169 1859 Ματθαίῳ
1192 1790 1404 1860 Μαρίας
1430 1792 1716 1858 ὑπολάϐοις
1744 1792 1820 1848 εἷ-

246 1890 359 1935 ναι,
388 1873 579 1945 ἑτέραν
607 1874 663 1927 δὲ
701 1874 797 1947 τὴν
832 1878 979 1947 παρὰ
1009 1879 1085 1949 τῷ
1125 1880 1364 1954 Ἰωάννῃσ
1397 1882 1666 1954 τέσσαρας
1692 1887 1821 1956 γοῦν

242 1966 345 2030 τὰς
378 1968 556 2031 πάσας
595 1969 812 2041 Μαρίας
848 1971 1125 2042 παρούσας
1149 1972 1225 2041 τῷ
1254 1974 1413 2028 πάθει
1444 1975 1536 2028 τοῦ
1574 1978 1821 2051 Σωτῆρος

244 2057 386 2127 μετὰ
420 2058 527 2112 τῶν
562 2060 736 2114 ἄλλων
769 2063 1039 2130 γυναικῶν
1076 2066 1400 2137 εὑρίσκομεν
1430 2068 1572 2138 (55)·
1607 2071 1820 2142 πρῶτον

247 2149 345 2218 μὲν
372 2144 465 2203 οὖν
488 2149 584 2222 τὴν
600 2152 855 2208 Θεοτόκον
879 2158 977 2227 τὴν
1003 2158 1165 2212 αὐτοῦ
1194 2159 1285 2212 τοῦ
1304 2160 1554 2231 Σωτῆρος
1584 2164 1817 2235 μητέρα·

240 2239 499 2312 δευτέραν
547 2243 604 2295 δὲ
662 2245 761 2316 τὴν
805 2246 1007 2319 ταύτης
1052 2249 1282 2322 ἀδελφὴν
1329 2252 1565 2324 Μαρίαν,
1592 2254 1689 2325 τὴν
1725 2256 1817 2309 τοῦ

246 2332 473 2387 Κλωπᾶ·
506 2331 624 2389 εἶτα
648 2337 838 2409 τρίτην
857 2340 1072 2411 Μαρίαν
1094 2342 1191 2412 τὴν
1211 2344 1592 2416 Μαγδαληνήν·
1622 2347 1715 2399 καὶ
1737 2364 1821 2400 τε-

243 2426 447 2497 τάρτην
486 2428 583 2499 τὴν
644 2430 901 2484 Ἰακώϐου
942 2433 1034 2485 καὶ
1075 2433 1266 2505 Ἰωσὴφ
1316 2435 1523 2507 μητέρα
1547 2454 1561 2467 ·
1592 2437 1819 2491 καὶτῶν

247 2520 349 2589 μὲν
373 2519 600 2592 πρώτων
631 2522 797 2592 τριῶν
832 2525 1059 2595 Μαριῶν
1102 2527 1507 2596 ἐέμνήμίάνεντῖεν
1566 2529 1816 2601 Ἰωάννης

245 2612 415 2681 λέγων
441 2608 631 2678 οὕτως·
663 2633 681 2666 ι
718 2617 1075 2686 Εἱστήκεισαν
1107 2617 1163 2669 δὲ
1191 2618 1340 2688 παρὰ
1368 2618 1444 2689 τῷ
1484 2618 1697 2690 σταυρῷ
1722 2620 1815 2673 τοῦ

256 2706 431 2776 Ἰησοῦ
464 2709 497 2777 ὴ
528 2710 709 2780 μήτηρ
730 2709 915 2771 αὑτοῦ,
938 2711 1031 2763 καὶ
1059 2712 1089 2781 ή
1123 2710 1325 2782 ἀδελφὴ
1356 2711 1455 2780 τῆς
1480 2712 1683 2783 μητρὸς
1718 2713 1815 2765 αὺς-

241 2796 338 2850 τοῦ
369 2797 555 2867 Μαρία
574 2800 607 2865 ἡ
639 2799 731 2852 τοῦ
756 2800 982 2863 Κλωπᾶ,
1009 2801 1100 2853 καὶ
1130 2801 1317 2870 Μαρία
1351 2804 1383 2872 ή
1412 2802 1761 2874 Μαγδαληνή.
1792 2822 1810 2854 ι

243 2890 355 2959 Τῆς
386 2889 443 2942 δὲ
479 2891 744 2963 τετάρτης
787 2893 894 2961 (54)
922 2893 1137 2963 Μαρίας
1167 2893 1269 2963 τῆς
1313 2894 1515 2965 μητρὸς
1560 2892 1815 2948 Ἰακώϐου

1922 1779 2315 1843 dillicultatem,
2352 1780 2399 1833 si
2434 1781 2568 1835 alias
2611 1798 2732 1837 esse
2767 1785 3046 1853 putaveris
3096 1783 3318 1849 Marias,
3371 1802 3490 1854 quae

1922 1871 2064 1941 apud
2097 1870 2428 1935 Matthieum,
2462 1872 2621 1925 aliam
2657 1888 2851 1929 rursus
2883 1889 3005 1945 quae
3036 1875 3177 1945 apud
3198 1873 3485 1931 Joannem.

1920 1963 2055 2018 Nam
2108 1971 2342 2033 quatuor
2389 1963 2611 2018 omnino
2650 1964 2850 2021 Marias
2898 1965 3208 2024 Servatoris
3244 1969 3488 2039 passioni

1920 2071 2044 2112 cum
2076 2058 2195 2112 aliis
2231 2056 2447 2113 feminis
2480 2070 2774 2127 praesentes
2807 2062 3191 2132 comperimus.
3250 2061 3488 2119 Primam

1922 2150 2093 2221 ipSam
2156 2149 2440 2220 Deiparam
2499 2149 2804 2207 Servatoris
2849 2164 3122 2221 matrem;
3194 2155 3489 2209 secundam

1922 2242 2086 2313 hujus
2113 2258 2354 2297 sororem
2414 2241 2637 2296 Mariam
2679 2243 2931 2314 Cleopaa;
2991 2245 3204 2300 tertiam
3260 2245 3487 2299 Mariam

1922 2334 2288 2404 Magdalenam
2322 2352 2335 2401 ;
2374 2340 2622 2403 quartam
2649 2332 2837 2389 Jacobi
2882 2343 2937 2389 et
2974 2334 3197 2405 Josephi
3231 2344 3481 2389 matrem.

1920 2424 2169 2479 Priorum
2196 2425 2358 2479 trium
2389 2423 2680 2479 Mariarum
2701 2426 2947 2480 meminit
2974 2424 3213 2481 Joannes
3239 2426 3323 2482 his
3364 2442 3488 2480 ver—

1920 2517 2049 2571 bis:
2090 2536 2108 2568 (
2158 2515 2393 2571 Stabant
2447 2524 2627 2570 autem
2676 2516 2830 2584 juxta
2884 2532 3101 2572 crucem
3150 2515 3281 2572 Jesu
3313 2524 3488 2571 mater

1919 2605 2059 2676 ejus.
2096 2615 2149 2660 et
2174 2620 2333 2661 soror
2362 2606 2555 2661 matris
2577 2607 2700 2676 ejus
2736 2607 2904 2661 Maria
2936 2606 3169 2676 Cleopae,
3208 2616 3262 2661 et
3315 2605 3485 2659 Maria

1920 2696 2261 2768 Magdalena.
2313 2716 2331 2750 ι
2370 2694 2592 2763 Quarta:
2621 2713 2751 2752 vero
2781 2696 2986 2761 Mariae,
3028 2698 3216 2751 matris
3263 2695 3483 2766 Josephi

1918 2796 1972 2841 ct
1999 2788 2211 2852 Jacobi,
2242 2788 2435 2857 reliqui
2462 2795 2575 2844 tres
2604 2788 2973 2844 meminerunt
3002 2789 3370 2859 evangelistaz,
3391 2788 3485 2858 qui

1921 2882 2060 2935 hanc
2096 2880 2424 2952 Magdalenae
2476 2880 2709 2935 addunt.
2758 2879 3049 2936 Mattheus
3081 2880 3298 2951 quidem
3353 2881 3432 2935 sic
3468 2899 3479 2934 :

242 2980 338 3033 καὶ
384 2980 599 3052 Ἰωσὴφ,
627 2984 675 3035 oi
704 2982 879 3035 λοιποὶ
909 2986 1056 3053 τρεῖς
1091 2983 1502 3054 ἐμνημόνευσαν
1538 2985 1813 3053 εὐαγγελι-

1927 2993 1945 3025 ‹
1989 2974 2154 3028 Erant
2180 2982 2359 3030 autem
2392 2974 2466 3029 ibi
2500 2975 2760 3029 mulieres
2792 2975 2975 3029 multa:
3006 2973 3196 3043 procul
3229 2979 3485 3055 spectan-

242 3072 385 3134 σταὶ,
443 3072 959 3145 συμπαραλαϐόντες
994 3074 1060 3143 τῇ
1108 3072 1435 3144 Μαγδαληνῇ
1487 3075 1579 3127 καὶ
1623 3074 1810 3144 αύτήν·

240 3162 515 3228 Ματθαῖος
543 3163 641 3235 μὲν
673 3164 845 3228 οὕτως
868 3164 1056 3216 εἰπὼν·
1091 3182 1110 3215 ι
1141 3159 1319 3216 Ἦσαν
1349 3164 1405 3217 δὲ
1427 3166 1542 3217 ἐκεῖ
1565 3168 1815 3233 γυναῖκες

238 3254 432 3308 πολλαὶ
461 3256 567 3308 ἀπὸ
594 3254 862 3326 μακρόθεν
885 3253 1205 3326 θεωροῦσαι,
1230 3256 1429 3319 αἵτινες
1446 3255 1814 3327 ἠκολούθησαν

234 3348 404 3419 αὐτῷ’
431 3351 488 3402 ὲν
516 3343 602 3412 αἷς
632 3345 699 3419 ἦν
743 3350 930 3420 Μαρία
963 3351 995 3418 ἡ
1042 3348 1391 3420 Μαγδαληνὴ,
1441 3350 1533 3402 καὶ
1564 3346 1748 3419 Μαρία
1780 3351 1810 3417 ή

232 3440 332 3495 τοῦ
364 3440 618 3493 Ἰακώϐου
645 3440 738 3493 καὶ
780 3439 993 3509 Ἰωσὴφ,
1013 3440 1068 3494 αἳ
1091 3439 1381 3493 ἐθεάσαντο
1401 3438 1492 3492 τὸν
1518 3438 1681 3492 τόπον
1707 3437 1822 3507 ποῦ,

232 3532 464 3587 τίθεται.
503 3550 521 3584 ι
568 3531 676 3585 Καὶ
706 3534 734 3585 ὁ
769 3534 984 3595 Λουκᾶς
1011 3532 1067 3585 δὲ
1094 3532 1222 3604 περὶ
1256 3531 1356 3602 τῆς
1390 3530 1555 3601 ἄλλης
1595 3530 1812 3598 Μαρίας

1922 3074 2025 3128 tes,
2063 3080 2183 3134 qua:
2217 3073 2417 3121 secuta:
2438 3082 2561 3121 eum
2597 3066 2811 3121 fuerant
2849 3080 2878 3118 a
2901 3064 3142 3130 Galil-.ea,
3166 3065 3486 3118 ministram

1921 3168 2003 3213 tes
2030 3158 2076 3213 ei
2108 3178 2120 3212 :
2160 3158 2301 3213 inter
2333 3174 2471 3229 quas
2512 3167 2629 3214 erat
2662 3158 2826 3212 Maria
2865 3157 3201 3229 Magdalena,
3232 3165 3286 3211 ct
3315 3156 3484 3211 Maria

1916 3251 2106 3305 Jacobi
2148 3265 2212 3305 ac
2240 3249 2462 3322 Josephi
2491 3269 2505 3318 ;
2532 3266 2658 3321 quae
2684 3257 3011 3305 notaverunt
3061 3251 3239 3302 locum
3290 3250 3343 3302 in
3376 3265 3485 3318 quo

1920 3343 2131 3414 positus
2164 3341 2286 3397 fuit.
2326 3361 2345 3395 ι
2371 3342 2548 3399 Lucas
2574 3357 2705 3398 vero
2734 3343 2800 3397 de
2839 3342 2943 3396 alia
2979 3341 3148 3396 Maria
3200 3340 3279 3396 sic
3308 3341 3485 3411 loqui-

1922 3448 2009 3489 tur
2045 3452 2059 3488 :
2100 3453 2119 3487 ι
2157 3433 2327 3489 Erant
2361 3445 2541 3490 autem
2573 3434 2745 3489 Maria
2789 3434 3125 3505 Magdalena,
3155 3440 3208 3489 et
3246 3432 3479 3497 Joanna,

1920 3535 1973 3581 et
2003 3524 2169 3579 Maria
2193 3524 2405 3592 Jacobi,
2435 3534 2489 3580 et
2520 3533 2728 3580 eazteraa
2758 3540 2877 3596 qua“:
2908 3540 3031 3578 eum
3060 3526 3139 3579 eis
3169 3534 3343 3581 erant.
3390 3544 3408 3577 ι

231 3626 409 3692 οὕτως
442 3628 660 3696 ἱστορεῖ·
708 3644 726 3677 ‹
771 3622 950 3680 Ἶισαν
976 3627 1033 3680 δὲ
1065 3628 1097 3697 ή
1133 3625 1463 3697 Μαγδαληνὴ
1515 3626 1703 3697 Μαρία
1736 3624 1829 3678 καὶ
1880 3623 2101 3675 Ἰωαννα
2147 3623 2239 3675 καὶ
2276 3621 2519 3694 Μαρίαή
2561 3620 2813 3675 Ἰακώϐου
2871 3622 2958 3675 καὶ
3028 3621 3079 3672 αἱ
3141 3620 3323 3673 λοιπαὶ
3389 3621 3483 3673 σὺν

232 3721 444 3784 αὐταῖς.
480 3739 498 3771 ι

307 3815 380 3879 ς’.
417 3814 632 3869 Τούτων
661 3811 753 3870 οὖν
784 3817 891 3869 τῶν
924 3818 1204 3888 τεσσάρων
1228 3817 1474 3888 Μαριῶν,
1510 3818 1558 3869 εἰ
1594 3816 1692 3879 τὰς
1719 3817 1811 3869 δύο

230 3907 332 3968 τὰς
354 3906 503 3977 παρὰ
534 3906 611 3978 τῷ
642 3908 901 3977 Ματθαίῳ
928 3908 1022 3975 ὀψὲ
1052 3908 1338 3961 Σαϐϐἁτων
1371 3911 1439 3980 τῇ
1471 3907 1811 3976 ἐπιφωσκού-

229 4012 308 4067 σῃ
327 3999 405 4060 είς
440 3998 566 4069 μίαν
598 3997 889 4053 Σαϐϐἀτων
911 4000 1166 4063 ἐλθούσας
1197 4002 1286 4053 ἐπὶ
1314 4000 1373 4053 τὸ
1405 4003 1686 4071 μνημεῖον,
1716 4000 1809 4053 καὶ

229 4090 328 4143 τὸν
364 4089 591 4159 ἄγγελον
622 4091 985 4163 θεασαμένας,
1005 4093 1196 4165 ἐτέρας
1225 4090 1361 4145 εἶναι
1390 4093 1639 4156 ὲκλάϐοις
1657 4093 1805 4163 παρὰ

228 4181 334 4252 τὴν
351 4181 492 4253 πρωῒ
502 4186 568 4254 τῇ
592 4185 689 4255 μιᾷ
709 4184 816 4237 τῶν
832 4184 1142 4246 Σαϐϐάτων,
1165 4184 1243 4237 ἔτι
1270 4185 1484 4247 σκοτίας
1502 4183 1666 4255 οὔσης
1690 4184 1809 4252 ἀφι-

230 4274 472 4344 κομένην
505 4275 674 4346 μόνην
706 4276 846 4330 κατὰ
878 4278 969 4329 τὸν
1004 4277 1273 4347 Ἰωάννην,
1307 4276 1603 4346 ἀγνοοῦσαν
1624 4275 1683 4328 τὸ
1715 4277 1807 4329 ἐπὶ

311 4409 420 4477 (5⁸2)
462 4409 595 4463 Cod.
630 4411 711 4474 τὶς
735 4424 833 4478 pro
864 4410 1032 4473 λύσις.

308 4481 419 4549 (55)
460 4480 698 4545 Quaestio
747 4481 858 4533 haec
903 4481 969 4534 de
1028 4479 1315 4534 Mariarum
1361 4480 1797 4547 evangelicarum

228 4565 463 4605 numero
483 4558 685 4620 quanta
710 4550 872 4604 fuerit
899 4552 1037 4619 apud
1069 4558 1273 4604 veteres
1305 4551 1493 4605 Patres
1519 4565 1798 4619 novosclue

229 4621 481 4684 critit-os,
531 4621 665 4677 satis
712 4622 869 4675 docet
901 4623 1175 4675 Calmetus
1216 4622 1433 4690 cepiosa
1479 4636 1580 4676 sua
1633 4636 1798 4690 super

232 4691 341 4745 bac
388 4708 447 4746 re
480 4693 909 4761 dissertatione;
963 4693 1048 4745 cui
1092 4691 1205 4760 jam
1246 4693 1539 4761 quidquam
1577 4692 1797 4755 addere,

229 4760 378 4815 haud
412 4760 526 4816 scio
551 4778 619 4813 an
650 4762 921 4816 abutentis
950 4764 1062 4815 otio
1098 4760 1340 4815 futurum
1373 4764 1463 4817 sit.

307 4830 417 4901 (54)
456 4830 713 4902 Scholion
744 4832 946 4886 recenti
981 4848 1144 4885 manu
1186 4832 1447 4887 additum.
1493 4831 1644 4902 Οὐχί·
1686 4830 1799 4884 ἀλλ’

228 4903 266 4970 ἡ
295 4904 413 4975 κατ’
434 4901 689 4975 ἀλήθειαν
719 4902 811 4956 τοῦ
830 4903 1041 4975 Κυρίου
1068 4904 1268 4974 μήτηρ,
1303 4902 1440 4975 αὓτη
1469 4901 1801 4975 λέγεταικαὶ

234 4971 723 5051 pﬁtqp~1la>tt9600
758 4973 851 5051 καὶ
875 4971 1087 5051 -Ἰωσῆ,
1115 4971 1230 5026 τῶν
1252 4971 1800 5051 νομιζομένων-ἀδελ-

230 5040 350 5124 φῶγ
364 5040 454 5123 τοῦ
470 5042 696 5124 Κυρίομ.
728 5044 857 5124 υἱῷν
870 5042 925 5095 δὲ
942 5040 1109 5124 ῥντέυν
1138 5040 1463 5124 κατὰ-(ῥύσιν
1484 5042 1799 5124 τεῦξ’ῐωσὴφ

228 5111 340 5184 ἀπὸ
360 5111 457 5181 τῆς
494 5111 764 5184 προτέρας
786 5112 863 5184 (α)
897 5112 1058 5166 αὑτοῦ
1081 5111 1337 5184 γυναικὸς
1377 5114 1475 5184 τῆς
1508 5111 1793 5182 Σαλώμηςέ

230 5180 502 5267 τέσσαρας
526 5180 632 5254 γὰρ
649 5180 1003 5267 aliquos;-
1021 5180 1238 5267 'ltoa’ijﬁp‘,
1258 5180 1509 5267 Ἰόικωϐον
1528 5185 1620 5235 καὶ
1645 5180 1795 5267 Ἰωσῇ

229 5253 327 5324 καὶ
354 5253 569 5324 Σίμωνα
595 5253 687 5306 καὶ
726 5253 915 5307 Ἰούδα.
949 5255 1058 5307 Καὶ
1094 5253 1275 5324 καθὼς
1318 5253 1589 5324 ἐνομίζετο
1638 5255 1670 5324 ή
1702 5253 1796 5305 τοῦ

231 5322 644 5413 Κέδρίομημήτηρ
670 5325 806 5413 γυνή
832 5324 925 5376 τοῦ
964 5323 1180 5413 Ἰωσήφ,
1209 5323 1380 5413 οὕτως
1399 5322 1677 5405 ἐνομίζετο
1694 5324 1797 5413 ’καὶ

230 5391 341 5446 τῶν
371 5391 504 5446 υίῶν
528 5391 696 5449 αὖτοῦ
739 5391 940 5465 μήτηρ.
979 5391 1234 5459 Minime;
1266 5396 1354 5448 sed
1392 5391 1509 5463 ipsa
1536 5412 1654 5448 vera
1688 5394 1795 5448 Do-

1990 3812 2040 3865 ὕ.
2086 3809 2221 3865 Cum
2274 3823 2406 3879 ergo
2441 3809 2550 3864 sint
2579 3815 2814 3879 quatuor
2848 3807 3050 3871 Mariae,
3093 3806 3138 3861 si
3167 3806 3303 3861 duas
3335 3806 3478 3869 illas,

1917 3920 2037 3973 qua:
2098 3902 2239 3971 apud
2294 3901 2626 3962 Mattliazum,
2676 3902 2805 3956 dum
2856 3901 2973 3956 dies
3026 3892 3370 3955 illucesceret
3428 3901 3484 3954 in

1917 4011 2078 4052 unam
2113 3994 2500 4058 Sabbatoruni,
2531 4001 2797 4049 venerunt
2825 3994 2891 4048 ad
2937 4001 3350 4058 monumentum
3385 4009 3482 4046 an-

1923 4090 2210 4160 gelumquc
2260 4087 2532 4151 viderunt,
2585 4087 2832 4140 diversas
2881 4102 3004 4142 esse
3070 4062 3359 4156 putaveris
3413 4088 3481 4140 ah

1915 4184 2006 4237 illa
2032 4196 2152 4250 quae
2185 4195 2342 4235 mane
2390 4195 2496 4234 una
2549 4178 2934 4244 Sabbatornm,
2969 4179 3095 4234 dum
3128 4178 3305 4233 adhuc
3336 4190 3482 4233 teuc-

1916 4275 2037 4329 brae
2080 4282 2284 4338 essent,
2317 4273 2463 4326 venit
2502 4273 2616 4327 sola
2649 4272 2949 4328 secundum
3003 4272 3291 4337 Joannem,
3330 4274 3482 4345 igno-

1837 4422 1880 4476 D
1913 4411 2038 4463 mini
2090 4420 2276 4467 mater.
2326 4409 2503 4462 eadem
2551 4408 2745 4460 dicitur
2790 4410 2947 4461 etiam
2999 4418 3168 4462 mater
3212 4406 3400 4461 Jacobi
3431 4418 3479 4461 et
3560 4409 3566 4417 ’

1904 4481 2073 4541 Josis,
2116 4482 2203 4549 qui
2242 4481 2438 4545 fratres
2479 4479 2701 4549 _liomini
2744 4480 3230 4541 existimabantur;
3263 4479 3363 4548 ﬁlii
3394 4495 3475 4549 se—

1907 4546 2137 4605 cundum
2171 4562 2417 4603 naturam
2461 4546 2676 4616 Josephi
2708 4566 2771 4602 ea:
2814 4553 2927 4618 ejus
2975 4552 3147 4617 priore
3178 4546 3339 4603 nature
3378 4547 3480 4603 Sa-

1906 4624 2060 4677 lome.
2107 4622 2347 4688 Quatuor
2366 4620 2501 4672 enim
2532 4621 2755 4689 suscepit
2782 4618 3039 4689 Josepltus
3070 4620 3279 4685 liberos,
3312 4619 3477 4672 Jaco-

1907 4693 2048 4754 bum,
2098 4691 2300 4753 Josem,
2368 4689 2657 4752 Simonem,
2715 4699 2764 4743 et
2817 4689 3036 4743 Judam.
3092 4691 3263 4745 Porro
3322 4691 3479 4743 sicuti

1902 4765 2189 4832 putabatur
2226 4761 2657 4832 Dominimater
2697 4776 2832 4814 uxor
2874 4760 3261 4832 ease_losep‘hi,
3303 4760 3381 4832 ita
3427 4771 3475 4812 et

1902 4830 2135 4904 ejusdem
2174 4830 2411 4904 filiorum
2450 4830 2949 4904 habebaturmater.
2986 4830 3090 4904 Sed
3122 4834 3264 4904 enim
3299 4831 3366 4904 de
3392 4839 3473 4904 te-

1906 4900 2051 4958 mere
2071 4904 2301 4974 creditis
2327 4900 2547 4972 Josephi
2584 4917 2649 4955 ex
2668 4902 2868 4974 _priore
2896 4902 3132 4974 conjuge
3162 4901 3369 4974 liberis,
3396 4901 3474 4974 le-_

1905 4974 2113 5046 gentlus
2144 4980 2228 5029 est
2262 4970 2624 5046 Hieronymus
2653 4970 2852 5025 Contra
2887 4970 3222 5046 Helufcap.
3266 4971 3351 5046 lﬁ,
3383 4970 3477 5024 ubi

1912 5042 2024 5114 haec
2050 5044 2861 5114 apocryphorum‘delirameuta
2887 5044 3046 5106 ridet,
3076 5045 3257 5113 aitque
3280 5042 3477 5114 fratres

1910 5112 2124 5169 Domini
2164 5112 2273 5169 non
2306 5114 2445 5169 ﬁlios
2484 5112 2739 5183 Josephi,
2762 5113 2857 5167 sed
2889 5112 3249 5169 consobrinos
3284 5112 3480 5166 Serva-

1906 5188 2041 5240 toris
2085 5200 2208 5240 esse
2260 5182 2657 5255 intelligendos.
2690 5182 2833 5237 Idem
2873 5199 2994 5254 cap.
3049 5184 3115 5238 l9
3176 5186 3249 5238 ait
3284 5182 3476 5255 praedi—

1906 5266 2049 5309 ctam
2103 5256 2337 5325 plurium
2362 5253 2674 5325 nuptiarum
2729 5253 3039 5324 opinionem
3102 5270 3131 5307 a
3204 5253 3477 5325 plerisque

1905 5342 2013 5379 non
2054 5333 2162 5379 tam
2202 5328 2289 5397 pia
2328 5324 2491 5396 quam
2540 5324 2731 5381 audaci
2781 5325 3084 5380 temeritate
3115 5326 3283 5381 fuisse
3310 5325 3476 5379 conli—

1904 5405 2067 5449 ctam.

293 5545 365 5609 (a)
390 5547 491 5613 v9;
517 5561 690 5611 προφιρας
712 5552 1034 5613 _expuugitur
1056 5551 1101 5597 in
1118 5549 1313 5613 codice;
1334 5550 1463 5609 quod
1486 5556 1647 5613 tamen
1676 5551 1727 5598 lit
1748 5554 1914 5599 contra
1936 5552 2090 5599 sancti
2115 5550 2373 5613 Epiphanii
2402 5548 2667 5600 lectionem
2693 5553 2739 5599 in
2766 5554 3021 5607 Ancorato,
3047 5551 3242 5613 cap.60,
3266 5566 3357 5602 nec
3382 5568 3475 5603 non

231 5615 398 5657 contra
426 5609 677 5673 Hippolyti
709 5609 927 5659 Thebani
951 5609 1230 5661 Chronicon.
1258 5612 1530 5671 (Zaeleroqui
1571 5613 1620 5659 in
1659 5614 1757 5660 alio
1791 5625 1879 5659 nos
1901 5609 2171 5660 volumine'
2192 5609 2238 5673 β.
2281 5612 2371 5659 484
2399 5614 2528 5659 inter
2582 5617 2733 5661 sancti
2761 5614 2929 5672 Cyrilli
2969 5617 3031 5663 ad

3121 5615 3347 5666 atthqu
3369 5617 3466 5664 fra-

240 5678 441 5731 gmenta
478 5672 689 5735 parjere
710 5673 928 5723 scholion
950 5674 1209 5733 edidimus,
1231 5673 1461 5745 praedicto
1480 5673 1663 5743 Cyrillo
1681 5675 1983 5747 inscriptum,
2008 5674 2088 5750 ubi
2115 5672 2203 5737 pro
2222 5688 2396 5737 προτιρας
2422 5675 2605 5736 legitur
2626 5692 2806 5738 meum.
