3890 6198
569 285 681 344 ιιι-ι

1249 285 1511 345 EUSEBH
1548 287 2022 346 CESARIENSIS
2059 289 2206 345 OPP.
2247 289 2424 346 PARS
2452 291 2538 347 lll.
2580 321 2650 330 —
2688 287 3122 345 EXEGETICA.‘
3584 299 3660 352 9&3

563 419 696 462 rans
729 401 1204 467 resurrectionem,
1224 403 1454 476 ideoque
1476 405 1632 470 ﬂens,
1659 405 1796 461 nihil
1815 415 2119 461 tortuosum

2224 408 2320 480 τὴν
2334 408 2648 472 ἀνάστασιν,
2669 411 2762 462 καὶ
2788 407 2874 462 διὰ
2887 406 3044 460 τοῦτο
3069 403 3354 472 κλαίουσαν,
3373 408 3494 461 οὐδὲν
3509 409 3556 464 ἂν
3574 430 3663 466 σκο-

565 495 666 552 tibi
699 501 973 556 occurret,
1005 493 1156 547 omni
1193 493 1304 564 jam
1349 495 1690 552 dubitatione
1720 513 1784 552 ac
1822 499 2122 568 quaestione

564 590 792 640 remota.
825 581 995 653 Igitur
1025 582 1172 653 quod
1201 575 1326 640 sero
1357 583 1740 653 Sabbatorum,
1783 588 1944 642 sicuti
1976 598 2123 644 retro

563 674 911 739 tradidimus,
951 685 1253 747 perpetrata
1294 677 1496 734 fuerint
1533 695 1596 734 ea
1624 696 1744 751 quze
1793 681 1934 751 apud
1981 681 2120 737 Mat-

561 768 758 823 thaeum
793 768 1112 823 scribuntur
1165 769 1231 826 de
1279 771 1588 826 interventu
1642 773 1931 828 Mariarum
1986 775 2121 830 dua-

563 873 720 920 rum;
760 855 1012 926 quodque
1055 872 1213 912 mane
1243 874 1348 911 una
1380 856 1738 914 Sabbatorum
1783 861 1904 915 aliae
1942 859 2122 916 Mariae

501 997 518 1014 ,
561 963 624 1003 ea
664 963 784 1019 quae
825 957 951 1003 sunt
999 949 1141 1017 apud
1191 947 1455 1004 Joannem
1491 951 1887 1020 spectaverint;
1939 952 2120 1005 omnia

563 1038 700 1103 haec,
729 1039 972 1108 inquam,
1001 1055 1127 1095 vera
1158 1049 1306 1105 sunt,
1355 1043 1616 1111 nullaque
1645 1043 2007 1113 repugnantia
2036 1050 2120 1096 est

562 1130 648 1184 vel
677 1129 921 1183 locorum
958 1130 1040 1183 vel
1070 1137 1374 1200 temporum
1404 1130 1488 1184 vel
1517 1143 1872 1199 personarum
1902 1129 1986 1182 vel
2019 1127 2118 1182 de-

564 1223 728 1292 nique
751 1221 1100 1276 narrationis.

637 1313 688 1366 7.
728 1311 864 1366 Nam
904 1313 950 1368 si
991 1311 1130 1366 forte
1159 1310 1489 1382 Magdalenze
1523 1325 1742 1375 nomen,
1793 1310 1938 1382 quod
1973 1307 2118 1378 apud

565 1412 861 1474 utrumque
888 1399 1278 1472 evangeli’stam
1319 1400 1594 1470 adjicitur,
1627 1402 1949 1456 sententiam
1987 1413 2121 1454 con-

562 1496 782 1560 turbat;
837 1493 1117 1549 enimvero
1164 1491 1311 1546 haud
1367 1507 1578 1563 azquum
1607 1501 1691 1549 est
1718 1493 1958 1548 divinam
1992 1505 2117 1564 per-

562 1587 782 1644 misceri
802 1585 1141 1658 Scripturam
1166 1585 1332 1638 unius
1359 1585 1564 1640 voculae
1589 1584 1894 1640 nominisve
1925 1600 2114 1650 causa,

2221 499 2331 552 λιδν
2346 499 2732 570 ἀπαντήσεται,
2751 499 2929 568 πάσης
2952 496 3173 567 ἀπορίας
3188 497 3276 550 καὶ
3295 498 3525 568 ζητήσεως
3553 502 3664 554 ἐκτο-

2219 589 2324 643 δὼν
2345 589 2602 660 ἀρθείσης
2621 604 2633 619 ⁸
2656 590 2749 643 καὶ
2779 588 2874 657 ὀψὲ
2906 589 3001 658 μὲν
3035 586 3326 650 Σαϐϐἀτων,
3353 588 3470 642 κατὰ
3496 589 3548 642 τὰ
3573 592 3667 644 ἀπο·

2220 681 2508 752 δεδομένα,
2542 679 2944 751 πεπραγμένων
2974 677 3081 731 τῶν
3112 679 3198 731 ἐπὶ
3243 679 3316 748 τῷ
3342 679 3552 750 Ματθαίῳ
3579 698 3671 748 συγ-

2223 771 2620 843 γεγραμμένων
2641 771 2731 822 ὲπὶ
2759 769 3026 840 παρουσίᾳ
3046 767 3149 820 τῶν
3179 767 3266 820 δύο
3285 767 3495 839 Μαριῶν,
3519 773 3673 842 πρωίας

2221 861 2276 914 δὲ
2291 865 2356 933 τῇ
2387 864 2485 932 μιᾷ
2508 860 2614 914 τῶν
2646 859 2933 913 Σαϐϐάτων
2965 860 3154 931 ἑτέρας
3166 860 3365 929 Μαρίας
3386 860 3470 923 τὰς
3492 863 3601 932 παρᾶ
3614 864 3672 932 τῷ

2233 953 2450 1024 Ἰωάννῃ
2510 951 2857 1022 τεθεαμένας,
2899 950 3246 1023 ἀληθεύεσθαί
3291 968 3343 1003 τε
3390 952 3572 1006 κάκεῖνα
3607 957 3673 1008 καὶ

2220 1041 2409 1104 ταῦτα,
2441 1041 2573 1111 μηδὲ
2625 1042 2928 1110 ἀντιλογίαν
2957 1031 3222 1111 περιέχειν
3248 1042 3359 1103 τοὺς
3383 1040 3554 1106 τόπους,
3579 1045 3675 1114 μήτε

2220 1133 2361 1187 κατὰ
2376 1133 2502 1196 τοὺς
2517 1132 2758 1204 χρόνους,
2781 1133 2918 1204 μήτε
2941 1131 3082 1186 κατὰ
3108 1131 3173 1186 τὰ
3186 1132 3440 1203 πρόσωπα,
3458 1135 3565 1204 μήτε
3576 1138 3677 1190 κατὰ

2217 1227 2344 1288 τοὺς
2367 1224 2575 1291 λόγους.

2292 1316 2356 1380 ζ’.
2395 1317 2456 1369 Ei
2483 1317 2537 1370 δὲ
2566 1315 2626 1368 τὸ
2656 1316 2753 1387 τῆς
2779 1316 3145 1386 Μαγδαληνῆς
3175 1318 3521 1387 προσκείμενον
3547 1320 3590 1370 ὲν
3607 1320 3678 1389 ἁμ-

2224 1409 2468 1482 φοτέροις
2498 1413 2606 1473 τοῖς
2641 1408 3050 1477 εὐαγγελισταῖς
3091 1409 3254 1479 ὄνομα
3288 1409 3376 1478 τὴν
3405 1409 3591 1462 διάνοιαν
3609 1429 3677 1464 τα-

2229 1501 2429 1573 ράττει,
2460 1500 2571 1556 ἀλλ’
2599 1501 2660 1553 ού
2701 1501 2963 1572 προσήκει
2992 1499 3091 1570 τὴν
3129 1499 3272 1553 Θείαν
3306 1502 3492 1570 συγχεῖν
3519 1500 3678 1572 Γραφὴν

2225 1588 2418 1655 λέξεως
2449 1592 2576 1661 μιᾶς
2619 1590 2652 1660 ἢ
2693 1589 2949 1660 ὀνόματος
2976 1588 3182 1653 ἕνεκεν,
3215 1589 3243 1642 ὃ
3273 1589 3495 1653 πολλάκις
3517 1590 3680 1659 συμϐαί-

561 1678 618 1736 id
657 1677 800 1749 quod
833 1692 974 1748 saepe
1004 1675 1202 1732 accidit
1233 1690 1418 1730 errore
1453 1676 1662 1730 librarii
1713 1676 1952 1730 obtrudi.
2009 1677 2118 1731 Aut

2229 1699 2308 1734 νει
2337 1681 2430 1734 καὶ
2458 1679 2596 1733 κατὰ
2635 1677 2898 1751 γραφικδν
2933 1679 3280 1750 προσκεῖσθαι
3311 1681 3514 1750 σφάλμα·
3551 1680 3576 1749 ὴ
3604 1681 3684 1750 γὰρ

561 1770 705 1824 enim
736 1768 874 1822 duas
901 1766 1000 1823 has
1035 1781 1102 1822 ex
1131 1781 1238 1820 una
1270 1767 1405 1820 urbe
1453 1781 1546 1821 seu
1599 1766 1825 1821 castello
1875 1766 2119 1836 blagdalo

2224 1774 2313 1826 δύο
2343 1773 2436 1826 καὶ
2478 1771 2680 1834 ταύτας
2713 1771 2820 1824 ἀπὸ
2853 1772 2982 1842 μιᾶς
3007 1769 3213 1834 πόλεως
3243 1772 3274 1843 ἢ
3310 1771 3474 1843 κώμης
3500 1772 3584 1842 (35)
3613 1773 3684 1842 τῆς

562 1860 853 1915 advenisse
874 1857 1175 1928 putandum
1205 1865 1329 1922 est;
1374 1865 1468 1911 aut
1501 1857 1750 1912 aiterutri
1795 1872 1862 1911 ex
1907 1857 1993 1912 his
2043 1867 2121 1913 te-

561 1966 709 2008 mere
735 1949 906 2006 l'uisse
937 1949 1207 2019 adjectum
1241 1946 1573 2019 Magdalena:
1600 1961 1924 2018 cognomen,
1953 1947 2120 2002 semel

561 2043 787 2102 librario
816 2042 908 2113 qui
939 2042 1245 2112 antiquitus
1301 2042 1522 2111 scripsit
1573 2041 1627 2095 in
1657 2057 1897 2097 errorem
1928 2041 2119 2110 lapso;

563 2135 707 2205 quod
736 2134 994 2204 deinceps
1021 2133 1278 2188 mendum
1330 2131 1702 2203 exscriptores
1748 2131 1942 2202 reliqui
1987 2131 2120 2212 reti-

559 2234 827 2284 nuerunt.
863 2225 920 2282 ld
969 2225 1150 2298 ipsum
1207 2225 1342 2281 alias
1386 2239 1602 2295 quoque
1662 2223 1927 2279 accidisse
1960 2224 2121 2294 paulo

560 2326 689 2390 post
734 2316 1259 2374 demonstrabimus.
1319 2315 1523 2386 Nempe
1567 2331 1694 2371 cum
1743 2315 1801 2370 in
1850 2315 2118 2385 ejusmodi

543 2393 725 2468 rebus
753 2427 782 2464 a
814 2410 1083 2482 principio
1107 2408 1325 2479 quidem
1349 2408 1610 2464 dictatum
1633 2415 1782 2463 recte
1812 2407 1996 2472 fuerit,
2024 2409 2119 2462 sed

561 2513 751 2575 postea
779 2501 1029 2559 mendum
1066 2502 1387 2572 obrepserit,
1414 2516 1592 2572 neque
1618 2509 1798 2556 tamen
1823 2515 2120 2555 amanuen-

561 2614 652 2653 ses
703 2598 988 2666 scripturae
1046 2595 1402 2650 mutationem
1451 2595 1792 2664 agnoverint,
1843 2593 2119 2648 nonnulla

560 2686 894 2755 quaestiones
909 2695 1110 2740 exortae
1142 2691 1288 2739 sunt.
1322 2683 1498 2753 Atque
1521 2685 1594 2736 ita
1621 2684 1767 2736 circa
1791 2682 2120 2752 Magdalenae

561 2789 884 2846 cognomen,
943 2787 1278 2842 supervacue
1343 2773 1437 2825 uni
1498 2787 1564 2828 ex
1616 2770 1801 2827 Mariis
1848 2771 2114 2836 additum,

561 2864 858 2935 contigisse
889 2862 1038 2917 dices
1081 2880 1094 2916 :
1127 2877 1237 2932 quo
1285 2860 1487 2924 ablato,
1519 2861 1730 2915 tollitur
1757 2861 1935 2917 omnis
1966 2877 2118 2931 qua:-

561 2955 688 3018 stio,
720 2955 938 3009 nemine
983 2953 1096 3022 jam
1131 2951 1189 3006 in
1237 2950 1325 3007 bis
1384 2952 1520 3008 locis
1557 2953 1863 3007 dubitante.
1895 2951 2035 3025 Ergo
2063 2961 2118 3009 et

560 3057 684 3104 sero
714 3045 1098 3110 Sabbatorum,
1139 3043 1194 3100 id
1237 3052 1322 3100 est
1363 3043 1632 3115 profunda
1663 3050 1840 3108 nocte,
1881 3059 1965 3109 ea,
1998 3061 2118 3115 qua:

2222 1863 2585 1933 Μαγδαληνῆς
2624 1861 2894 1934 ὁρμᾶσθαι
2953 1861 3206 1932 ἡγητέον·
3246 1862 3278 1932 ἢ
3314 1863 3399 1914 ἐπὶ
3427 1866 3526 1934 μιᾶς
3550 1861 3684 1915 αὐτῶν

2221 1953 2574 2028 προσκεῖσθαι
2601 1953 2662 2006 τὸ
2686 1953 2785 2023 τῆς
2813 1952 3179 2023 Μαγδαληνῆς
3208 1951 3604 2023 ὲπώνυμον,ἆπαξ
3617 1952 3684 2004 τοῦ

2219 2047 2474 2118 γραφέως
2509 2045 2649 2099 κατὰ
2682 2045 2781 2115 τὴν
2819 2043 2991 2114 ἀρχὴν
3021 2044 3330 2112 σφαλέντος,
3361 2045 3430 2097 ὅτι
3453 2043 3501 2108 ἐξ
3533 2043 3686 2096 ἐκείνου

2219 2136 2325 2190 τῶν
2362 2137 2475 2207 μετ’
2503 2135 2663 2189 αὑτὸν
2701 2133 2901 2206 πρώτῳ
2934 2136 3432 2206 ἐπηκολουθηκότων
3455 2136 3688 2205 σφάλματι·

2219 2227 2374 2280 τοῦτο
2406 2227 2462 2280 δὲ
2491 2226 2582 2279 κα)⁸
2608 2226 2692 2295 ἐφ’
2716 2225 2886 2297 ἑτέρῳ
2917 2224 3154 2296 συμϐὰν,
3186 2227 3397 2298 σμικρὸν
3412 2226 3591 2297 ὕστερον
3607 2227 3689 2277 ἑπι-

2218 2317 2492 2388 δείξωμεψ
2530 2315 2646 2369 ἀλλ’
2677 2316 2864 2388 ὥσπερ
2891 2317 2984 2370 ἐπὶ
3018 2317 3275 2371 τοιούτων
3311 2317 3466 2390 ὀρθῶς
3492 2315 3600 2370 κατὰ
3620 2317 3687 2386 τὴν

2219 2410 2392 2482 ἀρχὴν
2415 2408 2753 2479 ὑπηγόρευτο
2770 2448 2784 2471 ,
2812 2408 2952 2462 κατὰ
2979 2409 3204 2480 σφάλμα
3230 2411 3283 2463 δὲ
3310 2411 3407 2463 τῶν
3431 2410 3542 2480 μετὰ
3568 2406 3686 2461 ταῦτα

2222 2497 2296 2568 μὴ
2318 2496 2683 2568 ἀκριϐούντων
2713 2496 2811 2567 την
2846 2499 3172 2570 μεταϐολὴν,
3205 2499 3487 2571 συμϐέϐηκέ
3513 2517 3604 2552 τινα
3621 2497 3686 2568 ζει·

2218 2588 2448 2652 τεῖσθαι,
2477 2587 2621 2642 οὕτω
2643 2589 2735 2642 καὶ
2759 2589 2851 2642 ἐπὶ
2876 2590 2969 2642 τοῦ
2996 2591 3285 2662 ἐπωνύμου
3303 2593 3394 2664 τῆς
3412 2591 3687 2671 Μαγδαληιῆς

2219 2677 2486 2748 περιττῶς
2506 2678 2600 2731 ἐπὶ
2631 2680 2759 2748 μιᾶς
2775 2679 2992 2750 Μαρίας
3011 2682 3267 2751 κειμένου
3294 2681 3450 2745 εἴποις
3469 2682 3522 2734 ἂν
3538 2679 3690 2749 γεγονέ-

2219 2786 2326 2822 ναιο
2367 2761 2429 2822 οὗ
2461 2769 2862 2842 ὑφαιρεθέντος,
2893 2771 3326 2843 περιγέγραπται
3356 2774 3486 2826 πᾶσα
3513 2773 3686 2840 ζήτησις.

2222 2859 2444 2930 μηδενὸς
2475 2859 2667 2932 μηκέτι
2687 2859 2827 2914 κατὰ
2858 2863 2985 2924 τοὺς
2997 2860 3207 2926 ’τόπους
3233 2863 3582 2935 ἀπορουμένουυ
3600 2860 3689 2914 ἀλλὰ

2220 2953 2314 3004 καὶ
2341 2951 2438 3021 ὀψὲ
2479 2952 2788 3018 Σαϐϐάτων,
2824 2951 2966 3008 τοῦτ’
3001 2953 3121 3007 ἔστι
3163 2955 3376 3026 βαθείας
3421 2955 3592 3015 νυκτὸς,
3617 2951 3688 3002 τῶν

2221 3041 2372 3113 παρὰ
2387 3041 2464 3112 τῷ
2492 3041 2758 3113 Ματθαίῳ
2775 3028 3179 3114 πεπραγμένων
3208 3043 3504 3116 ἑωραμένων
3528 3043 3606 3095 ὑπὸ
3623 3039 3688 3109 τῆς

560 3139 701 3210 apud
733 3136 1043 3192 Mattbaaum
1075 3111 1391 3201 narrantur,
1441 3137 1556 3192 visa
1583 3135 1806 3192 fuerunt
1836 3151 1866 3190 a
1897 3111 2116 3208 Magda-

2224 3111 2575 3204 Μαγδαληνῆς
2605 3134 2697 3186 καὶ
2856 3111 3020 3206 ἄλλης
3051 3111 3301 3209 Μαρίαςλ
3330 3111 3416 3191 καὶ
3445 3131 3689 3207 necui“an

561 3229 685 3284 lena
715 3235 878 3298 atque
907 3227 976 3282 ab
998 3226 1106 3281 alia
1126 3225 1297 3281 Maria
1330 3244 1344 3280 :
1380 3235 1434 3281 et
1465 3241 1649 3289 mane,
1679 3226 1807 3280 dum
1833 3227 2008 3282 adhuc
2033 3235 2117 3283 te-

558 3318 745 3376 nebrae
774 3324 980 3379 essent,
1022 3316 1169 3372 venit
1197 3315 1305 3370 alia
1335 3313 1504 3369 Maria
1537 3316 1590 3370 in
1619 3317 1866 3371 eumdem
1900 3317 2114 3385 locum;

560 3426 679 3482 qua:
727 3409 902 3480 primo
936 3407 1154 3480 quidem
1188 3407 1350 3462 anxia
1381 3415 1519 3473 erat,
1555 3408 1700 3462 haud
1736 3409 1956 3463 invento
1991 3408 2118 3464 Ser-

557 3501 766 3557 vatoris
793 3515 1052 3570 corpore;
1077 3500 1272 3556 deinde
1300 3507 1355 3556 et
1392 3500 1511 3571 ipsa
1545 3499 1837 3570 spectatrix
1873 3500 2116 3570 ejusdem

562 3593 686 3650 fuit.
724 3593 1078 3650 Laudabilius
1111 3604 1294 3651 tamen
1319 3594 1430 3660 (iet,
1460 3595 1508 3651 si
1527 3609 1594 3650 ne
1623 3595 1876 3649 mendum
1901 3594 2119 3664 quidem

560 3685 618 3740 in
648 3687 732 3741 his
765 3687 899 3741 locis
932 3702 1055 3743 esse
1079 3688 1450 3750 causabimur,
1485 3686 1727 3757 duasque
1754 3686 1934 3758 potius
1969 3686 2117 3758 Mag-

559 3778 784 3834 dalenas
812 3779 1176 3844 censebimus,
1200 3777 1364 3834 sicuti
1391 3779 1502 3849 jam
1520 3785 1755 3848 quatuor
1783 3777 2120 3833 demonstra—

559 3872 740 3927 vimus
771 3869 940 3928 l'uisse
969 3863 1186 3926 Marias.
1227 3872 1388 3927 Certe
1430 3871 1579 3925 nulla
1612 3870 1925 3926 absurditas
1951 3881 2116 3937 vetat,

560 3963 857 4032 quominus
890 3963 1029 4019 duas
1062 3963 1262 4019 Marias
1294 3963 1363 4018 ab
1388 3964 1578 4019 eodem
1611 3963 1836 4020 castello
1873 3962 2120 4034 Magdalo

561 4055 779 4111 venisse
808 4054 1059 4112 dicamus
1097 4076 1110 4110 :
1143 4072 1372 4127 prorsus
1399 4064 1452 4111 et
1483 4056 1632 4110 nulla
1653 4056 1765 4126 jam
1792 4058 2120 4128 perplexitas

563 4143 923 4212 relinquatur,
953 4145 1046 4198 sed
1068 4145 1236 4200 altera
1261 4146 1330 4201 sit
1359 4145 1450 4199 illa
1477 4161 1598 4216 quae
1615 4160 1739 4202 sero
1761 4144 2121 4202 Sabbatorum

563 4237 706 4306 apud
736 4234 1069 4301 Matthaaum,
1122 4238 1293 4292 altera
1335 4253 1529 4293 rursus
1558 4244 1612 4292 et
1644 4239 1761 4308 ipsa
1810 4237 2121 4309 Magdalena

565 4342 687 4396 quae
713 4327 856 4397 apud
880 4324 1145 4384 Joannem
1174 4344 1332 4384 mane
1349 4329 1417 4383 ad
1447 4340 1856 4386 monumentum
1878 4332 2117 4389 accedit:

568 4430 732 4484 quam
793 4422 1122 4486 postremam
1163 4418 1424 4475 credibile
1479 4419 1551 4473 sit
1597 4434 1630 4473 a
1674 4419 1855 4478 Marco
1908 4435 2124 4492 quoque

564 4508 860 4564 memorari
895 4510 1193 4565 secundum
1225 4510 1432 4581 aliquot
1479 4511 1870 4581 exemplarium
1921 4511 2117 4579 ﬁdem;

565 4600 633 4656 de
653 4615 761 4670 qua
787 4600 1041 4655 nimirum
1082 4610 1284 4672 septem
1317 4601 1534 4659 fuerant
1573 4601 1837 4658 daemonia
1877 4603 2049 4672 ejecta
2102 4621 2118 4658 :

565 4698 729 4762 atque
759 4691 873 4748 haec
909 4691 1124 4748 videtur
1153 4694 1242 4747 cui
1289 4694 1493 4750 dictum
1537 4692 1702 4750 fuerit
1742 4691 1870 4747 Noli
1898 4711 1978 4747 me
2003 4704 2123 4748 tan-

561 4787 702 4852 ger’e,
725 4796 833 4836 non
862 4781 955 4837 illa
979 4797 1100 4853 quae
1133 4784 1272 4852 apud
1301 4783 1610 4838 Matthazum
1647 4803 1660 4837 :
1693 4797 1819 4838 nam
1841 4783 1942 4838 etsi
1985 4782 2124 4839 forte

561 4883 614 4928 et
644 4873 763 4944 ipsa
794 4887 823 4926 a
851 4872 1097 4945 Magdalo
1125 4874 1356 4930 oriunda
1404 4883 1540 4939 erat,
1589 4873 1734 4930 haud
1764 4879 1945 4930 tamen
1974 4889 2124 4930 eam-

562 4963 684 5018 dem
725 4965 844 5036 pari
873 4965 1088 5020 macula
1115 4966 1354 5036 aspergit
1385 4965 1569 5022 divina
1608 4964 1908 5036 Scriptura.

1296 5097 1384 5155 IlI.

559 5209 835 5276 Quomodo
873 5226 988 5280 qua:
1025 5211 1309 5266 secundum
1342 5210 1654 5266 Matthaeum
1702 5228 1817 5266 sero
1861 5210 2120 5267 Sabbato-

630 5296 749 5352 rum
780 5280 1107 5352 Magdalena
1143 5299 1263 5338 cum
1303 5283 1475 5337 altera
1511 5281 1696 5352 Maria
1729 5283 1896 5352 tetigit
1933 5281 2119 5336 Serva-

630 5351 758 5419 tiort's
785 5351 958 5419 pedes,
998 5351 1178 5406 eadem
1219 5368 1370 5407 mane
1416 5369 1524 5406 una
1571 5351 1794 5407 Sabbati
1826 5351 2119 5407 secundum

627 5418 886 5475 Joannem
922 5423 1120 5476 audivit
1154 5441 1175 5474 σ
1213 5421 1344 5477 Noli
1374 5439 1454 5478 me
1482 5433 1709 5495 tangere.
1747 5442 1764 5474 ι

637 5572 687 5628 l.
730 5573 788 5629 Si
839 5577 1056 5648 quidem
1090 5593 1198 5634 una
1237 5534 1535 5650 eademque
1581 5577 1749 5633 Maria
1804 5585 1947 5633 esset
1978 5577 2117 5648 apud

2153 4467 2201 4527 D

2226 3223 2441 3287 σκοτίας
2455 3222 2639 3295 οὔσης,
2664 3224 2851 3296 ἐτέρας
2876 3226 3094 3297 Μαρίας
3117 3229 3438 3300 ἀφικομένης
3455 3226 3530 3280 ἐπὶ
3546 3224 3613 3278 τὸν
3627 3221 3692 3276 αὖ·

2223 3316 2314 3369 τὸν
2345 3317 2508 3368 τόπον
2527 3331 2542 3346 ο
2576 3318 2670 3369 καὶ
2707 3317 2966 3389 πρότερον
3008 3321 3110 3389 μὲν
3156 3321 3451 3393 ἀπορούσης
3479 3319 3554 3372 ἐπὶ
3575 3317 3618 3368 τὸ
3643 3313 3690 3384 μὴ

2225 3408 2402 3476 εὑρεῖν
2431 3406 2493 3459 τὸ
2524 3405 2681 3476 σῶμα
2707 3407 2800 3461 τοῦ
2834 3409 3104 3481 Σωτῆροςσ
3140 3410 3356 3484 ὕστερον
3391 3412 3443 3466 δὲ
3475 3409 3552 3464 καὶ
3581 3405 3693 3474 αὐτῆς

2225 3498 2597 3570 αὐτοπτούσης
2629 3499 2806 3552 αὐτόν·
2843 3500 3055 3554 κάλλιον
3083 3502 3140 3555 δὲ
3169 3502 3228 3555 τὸ
3257 3505 3329 3575 μὴ
3355 3505 3409 3557 δὲ
3437 3502 3614 3571 σφάλμα
3637 3497 3694 3550 αἱ·

2225 3587 2510 3642 τιὰσασθαι
2543 3588 2682 3642 κατὰ
2709 3590 2834 3654 τοὺς
2859 3590 3058 3655 τόπους
3079 3631 3096 3656 ,
3125 3591 3219 3645 δύο
3245 3591 3301 3644 δὲ
3333 3590 3523 3663 ἀληθῶς
3543 3582 3696 3656 γεγονέ-

2227 3699 2315 3734 ναι
2337 3683 2436 3744 τὰς
2468 3681 2827 3752 Μαγδαληνὰς
2867 3681 3118 3750 φάσκειν,
3149 3684 3224 3748 ὡς
3257 3684 3346 3737 καὶ
3378 3682 3598 3751 τέτταρας
3623 3679 3696 3728 ἀπ-

2229 3769 2402 3834 εδείξα
2410 3787 2506 3840 μεν
2524 3769 2620 3834 τὰς
2639 3769 2871 3842 Μαρίας
2895 3764 2968 3823 ὧν
2986 3771 3140 3824 οὐδὲν
3160 3760 3462 3826 ἄτοπον”ἁπὺ
3483 3769 3564 3839 τῆς
3578 3763 3698 3832 αὐτῆς

2229 3860 2584 3931 Μαγδαληνῆς
2615 3859 2706 3913 δύο
2737 3862 2953 3932 Μαρίας
2979 3862 3254 3932 ὁρμᾶσθαι
3295 3863 3476 3930 λέγειν,
3512 3857 3636 3930 μηδέν
3657 3868 3696 3904 τε

2229 3949 2410 4003 λοιπὸν
2439 3951 2682 4021 ἀπορεῖν,
2714 3949 2825 4004 ἀλλ’
2846 3951 3036 4024 ἑτέραν
3063 3955 3161 4023 μὲν
3181 3950 3314 4007 εἶναι
3338 3953 3429 4022 τὴν
3455 3949 3534 4018 ὀψὲ
3552 3943 3698 3999 24555-

2229 4059 2335 4096 των
2372 4042 2520 4114 παρὰ
2552 4041 2628 4113 τῷ
2655 4043 2915 4114 Ματθαίῳ
2942 4045 3324 4117 Μαγδαληνὴν,
3349 4040 3574 4114 ὲτέρανδὲ
3591 4031 3698 4093 αὖθις

2231 4132 2324 4185 καὶ
2352 4133 2520 4203 αὐτὴν
2539 4133 2898 4204 Μαγδαληνὴν
2930 4132 3027 4206 τὴν
3053 4134 3207 4206 παρὰ
3231 4135 3307 4206 τῷ
3339 4132 3530 4204 Ἰωάννη
3548 4125 3698 4198 πρωω

2231 4223 2322 4276 ἐπὶ
2349 4223 2409 4276 τὸ
2437 4227 2696 4295 μνημεῖον
2729 4225 2986 4279 ἐλθοῦσαν
3007 4244 3020 4258 ο
3061 4227 3266 4300 ταύτην
3296 4228 3350 4280 δὲ
3381 4222 3501 4279 εἶναι
3531 4221 3605 4291 τὴν
3638 4215 3699 4269 καὶ

2234 4316 2384 4388 παρὰ
2400 4317 2478 4388 τῷ
2499 4318 2709 4390 Μάρκῳ
2725 4317 3078 4390 δηλουμένην,
3105 4320 3250 4374 κατά
3271 4337 3381 4374 τινα
3401 4317 3493 4371 τῶν
3512 4306 3697 4379 ἀντιγρά-

2232 4425 2346 4478 φων
2371 4446 2384 4471 ,
2420 4407 2513 4476 ἀφ’
2537 4402 2605 4479 ἧς
2637 4407 2954 4479 ἐκϐεϐλήκει
3000 4408 3141 4463 ἑπτὰ
3188 4409 3451 4480 δαιμόνια·
3492 4403 3566 4457 καὶ
3613 4394 3697 4449 ταύ-

2227 4517 2324 4571 την
2351 4500 2496 4563 εἰκὸς
2525 4495 2662 4553 εἶναι
2688 4498 2782 4571 τὴν
2811 4500 3120 4556 ἀκούσασαν
3151 4501 3245 4568 Μή
3281 4519 3394 4572 μου
3429 4499 3602 4555 ἅπτου,
3620 4485 3694 4542 ἀλλ’

2226 4594 2286 4646 ού
2316 4593 2412 4664 τὴν
2438 4592 2588 4662 παρὰ
2616 4592 2694 4663 τῷ
2721 4592 3000 4663 Ματθαίῳο
3030 4596 3078 4647 εἰ
3107 4594 3216 4668 γὰρ
3241 4595 3332 4648 καὶ
3351 4592 3414 4645 τὰ
3434 4589 3618 4662 μάλιστα
3635 4579 3696 4632 κά·

2229 4685 2378 4756 κείνη
2409 4684 2514 4738 ἀπὸ
2543 4685 2640 4755 τῆς
2663 4684 3022 4756 Μαγδαληνῆς
3051 4686 3293 4758 ὡρμᾶτο,
3314 4684 3420 4740 ἀλλ’
3448 4682 3501 4734 οὐ
3523 4676 3577 4732 τὰ
3589 4674 3692 4746 ὃμοια

2231 4778 2323 4833 καὶ
2348 4778 2516 4848 αὐτῆς
2541 4779 2575 4852 ἡ
2604 4763 2723 4830 θεία
2761 4781 3054 4850 κατηγορεί
3076 4780 3266 4853 Γραφή

2981 5093 3055 5148 Γ’.

2230 5207 2359 5274 Πῶς
2398 5205 2546 5261 κατὰ
2576 5205 2682 5260 τὸν
2701 5205 2999 5261 Ματθαῑυν
3022 5204 3137 5274 ὀψὲ
3170 5203 3466 5260 tamier
3478 5159 3689 5274 ἠμαίὲ

2299 5267 2458 5350 λῆγ’)
2492 5275 2640 5350 μετᾲ
2689 5275 2825 5350 vis.
2845 5275 3041 5350 ἄλλης
3061 5267 3306 5350 ’Μαρίας
3347 5267 3689 5350 ἀψαέιένηεῖαέ

2297 5339 2507 5402 εντὸδῶλιν·⁷
2528 5346 2632 5400 τοῦ
2663 5339 2951 5416 Σωτῆρος,
3073 5339 3228 5414 abii]
3260 5339 3402 5410 πρωΐ
3421 5339 3488 5408 τῇ
3518 5348 3601 5416 1“?
3621 5339 3691 5416 ἶῗῗ

2296 5395 2604 5472 Σαϐϐάτου
2628 5395 3026 5484 ἀκούεῗάίίτῇι
3049 5434 3168 5486 μου
3213 5395 3394 5470 ἱῖστῖου
3431 5395 3591 5463 ι’ἓιὰτὰ
3622 5395 3691 5449 τὸν

2311 5488 2604 5555 Ἰωάννην.

2297 5576 2364 5630 α’.
2405 5578 2467 5630 El
2503 5577 2601 5648 μὲν
2620 5572 2709 5629 οὖν
2747 5576 2841 5647 μία
2866 5576 2959 5629 καὶ
2990 5574 3180 5646 ήαύτὴ
3215 5576 3292 5644 εἴη
3322 5569 3486 5642 Μαρία
3505 5556 3689 5635 παρ’ἀίν

631 5725 740 5798 ('55)
780 5725 1052 5787 Eusebius
1087 5738 1140 5788 et
1175 5729 1537 5806 Hieronymus
1561 5733 1640 5793 De
1666 5733 1767 5792 loc.
1803 5733 1992 5804 ﬂabra,
2029 5736 2117 5791 Μα

2224 5731 2284 5788 λὰ
2319 5730 2490 5804 φυλῆς
2528 5731 2714 5798 Ἰούδα,
2747 5727 2999 5803 Hagdala
3031 5733 3078 5787 in
3112 5729 3248 5786 tribu
3270 5725 3424 5782 Iuda.

3829 2221 3831 2290 1

3829 2353 3831 2394 ε

3829 2397 3831 2452 ί

3829 2487 3831 2528 ‹
