3890 6198
242 232 350 289 949

845 234 1301 302 QUIEST-IONES
1338 236 1808 293 EVANGICLICAS.

1952 237 2275 315 quasue
2311 239 2377 304 ιιι
2416 236 2506 292 AD
2545 222 2909 293 nmmum;

3363 240 3465 295 950

247 346 505 419 φτέροις
530 347 651 410 τοῖς»
669 345 1094 415 εὐαγγελισταῖς,
1125 349 1346 421 λέξομεν
1370 351 1505 421 ὁτιή
1538 350 1672 422 αὑτὴ
1694 351 1818 404 πολ-

1922 361 2210 422 utrumque
2246 352 2653 423 evangelistam,
2706 350 3004 408 dicendum.
3049 349 3188 407 foret
3223 354 3465 407 eamdem

246 438 408 502 λάκις
438 437 529 490 ἐπὶ
548 438 638 491 τὸν
671 437 829 492 αὐτὸν
848 438 1059 509 ἀπήντα
1084 440 1266 505 τόπον,
1310 440 1491 512 ἐπειδὴ
1518 436 1693 495 εἷλκεν
1718 443 1814 495 αὑ-

245 530 352 601 τὴν
377 530 411 599 ἠ
437 528 696 599 ἔκπληξις
723 528 814 581 τοῦ
852 529 1170 600 πράγματος
1191 532 1283 585 καὶ
1310 533 1342 602 ὴ
1367 532 1458 583 ἐπὶ
1484 532 1560 602 τῷ
1576 531 1814 601 γεγονότι

250 620 423 693 χαρά·
456 619 647 691 πρώτη
687 620 860 673 τοίνυν
894 621 1247 692 ἀπαντήσασα
1275 624 1365 676 καὶ
1407 622 1594 695 πρώτη
1626 623 1811 677 τεθεα-

254 714 393 783 μένη
418 712 488 765 τά
510 711 660 783 παρά
684 711 761 781 τῷ
810 712 1047 785 Ἰωάννῃ,
1079 714 1456 785 ἐσπευσμένως
1480 715 1641 786 ἀπῄει
1680 716 1814 786 πρὸς

248 805 379 868 τοὺς
411 804 737 867 ἀποστόλους
757 804 818 856 τὸ
846 804 1079 876 πρῶτον,
1103 806 1199 877 τὴν
1230 806 1324 860 τοῦ
1362 809 1637 879 μνήματος
1670 808 1813 861 ἄνοισ

250 896 336 962 ειν
358 896 789 965 ἀπαγγέλλουσα·
811 892 905 949 εἶθ’
932 896 1045 968 ἅμα
1074 897 1169 969 τὴν
1187 899 1476 953 ἀνάστασιν
1496 899 1812 970 τεθεαμένη,

250 988 536 1057 ἐδυσφόρει
578 987 872 1040 ὑπονοοῦσα
904 984 1067 1059 ἧρθαι
1097 990 1157 1041 τὸ
1186 990 1339 1061 σῶμα
1383 990 1474 1043 τοῦ
1494 989 1683 1060 Ἰησοῦ
1711 991 1816 1042 ἀπὸ

248 1080 349 1132 τοῦ
382 1082 679 1150 μνήματος,
718 1080 789 1151 μὴ
818 1079 1012 1133 είδέναι
1056 1098 1116 1134 τε
1151 1082 1280 1135 ὅπου
1314 1083 1536 1140 τέθειτο·
1577 1078 1671 1134 εἶτ’
1723 1084 1817 1135 ἐπ-

249 1171 408 1241 ανῄει
435 1170 683 1242 δεύτερον
724 1171 831 1235 σὺν,
858 1171 1036 1234 αὐτοῖς
1077 1174 1166 1225 ἐπὶ
1197 1173 1259 1225 τὸ
1292 1176 1499 1243 μνῆμα·
1530 1174 1603 1235 ὡς
1638 1174 1679 1225 δ’
1720 1174 1817 1224 ἐπ-

251 1264 519 1334 έστρεφον
534 1263 711 1316 οἴκαδε
727 1266 939 1327 ἐκεῖνοι,
962 1265 1095 1335 μόνη
1111 1266 1265 1324 πάλιν
1280 1266 1659 1329 ἀπολειφθεῖσα
1675 1270 1729 1318 ἐν
1742 1266 1819 1337 τῷ

251 1354 426 1427 τόπῳ,
449 1356 665 1410 ἔκλαιεν
702 1358 913 1412 ἑστῶσα
940 1375 953 1387 ·
982 1355 1098 1413 εἶτα
1124 1359 1215 1413 τοῦ
1258 1361 1530 1431 μνήματος
1559 1360 1687 1415 εἴσω
1706 1361 1818 1413 δια-

250 1445 496 1509 κύψασα,
521 1449 644 1510 τοὺς
676 1448 768 1501 δύο
788 1448 1045 1518 ἀγγέλους
1062 1449 1300 1521 ἐθεώρει·
1326 1450 1510 1504 ἔπειτα
1534 1453 1624 1505 καὶ
1658 1452 1818 1504 αὐτὸν

248 1541 354 1608 ὁρᾷ
389 1539 482 1592 τὸν
510 1540 762 1611 Σωτῆρα·
799 1540 877 1605 ὃς,
912 1541 1097 1612 ἐπειδὴ
1128 1540 1385 1594 κλαίουσα
1425 1543 1694 1614 εἱστήκει,
1736 1544 1820 1595 ἀν-

254 1628 543 1700 θρωπίνως
564 1630 735 1694 δὲκκαὶ
761 1631 1047 1696 ταπεινῶς,
1072 1633 1147 1695 ὡς
1164 1632 1227 1685 ἂν
1251 1632 1543 1697 κλαπέντος
1573 1632 1819 1703 σώματος

1915 458 2055 513 saepe
2079 443 2133 497 in
2162 443 2409 499 eumdem
2442 444 2618 497 locum
2660 442 2897 507 venisse,
2924 455 3087 511 quam
3134 442 3345 497 scilicet
3387 450 3471 498 at-

1914 535 2165 589 trabebat
2188 535 2475 590 admiratio
2497 537 2574 589 rei
2608 542 2769 617 gestae
2795 540 2847 589 et
2871 547 3163 589 successus
3189 533 3467 604 gaudium.

1914 626 2092 689 Prima
2123 627 2285 698 igitur
2313 628 2440 682 illuc
2474 627 2736 697 profecta,
2770 626 3053 695 primaque
3083 640 3288 687 rerum,
3333 640 3471 695 quas

1914 715 2149 777 Joannes
2195 723 2403 783 narrat,
2438 716 2758 785 spectatrix,
2811 698 3133 770 festinanter
3163 713 3376 768 redibat
3404 715 3471 769 ad

1915 808 2224 878 apostolos;
2272 807 2536 877 principio
2594 806 2810 875 quidem
2863 804 3097 874 sepulcri
3139 805 3470 874 apertionem

1917 900 2173 954 nuntians
2207 919 2219 954 :
2256 898 2471 963 deinde,
2494 912 2803 967 quanquam
2832 896 3289 950 resurrectionem
3321 895 3473 949 vide-

1921 1000 2026 1057 rat,
2059 992 2361 1062 angebatur
2392 990 2749 1044 nihilominus
2781 988 3094 1058 suspicione
3123 1003 3191 1041 ne
3222 986 3344 1057 quis
3375 1000 3473 1055 po—

1921 1084 2029 1138 tius
2054 1082 2181 1139 Jesu
2226 1098 2423 1153 corpus
2478 1098 2508 1137 ο
2556 1089 2906 1136 monumento
2953 1079 3288 1142 abstulisset,
3325 1078 3471 1147 quod

1920 1173 2195 1227 nesciebat
2229 1187 2465 1242 quonam
2499 1179 2642 1227 esset
2680 1171 3026 1225 translatum.
3066 1169 3201 1222 Exin
3231 1166 3474 1222 secundo

1921 1264 2031 1325 ibat
2058 1279 2179 1316 cum
2213 1264 2475 1333 apostolis
2514 1263 2585 1321 ad.
2620 1269 3054 1317 monumentum.
3087 1260 3383 1329 Postquam
3418 1259 3475 1315 hi

1918 1354 2137 1407 domum
2186 1354 2390 1408 reversi
2440 1361 2588 1417 sunt,
2638 1354 2754 1407 sola
2786 1369 2977 1408 rursus
3005 1353 3056 1406 in
3106 1352 3228 1405 loco
3260 1351 3467 1413 relicta,

1919 1442 2051 1498 ﬂens
2087 1442 2160 1496 ibi
2194 1442 2548 1498 subsistebat.
2578 1441 2779 1497 Deinde
2828 1442 2884 1495 in
2926 1448 3337 1496 monumentum
3398 1437 3476 1492 in-

1920 1534 2245 1604 trospiciens
2297 1534 2436 1590 duos
2484 1535 2707 1604 angelos
2754 1532 2891 1587 vidit
2947 1552 2960 1587 :
3015 1533 3249 1600 denique
3298 1532 3474 1600 ipsum

1921 1627 2095 1680 oculis
2148 1626 2267 1695 ejus
2314 1626 2556 1681 oblatum
2589 1624 2935 1680 Servatorem
2979 1644 2991 1679 :
3044 1639 3205 1694 quam
3241 1623 3317 1678 ibi
3350 1637 3475 1677 cum

254 1720 459 1785 αὐτοῦ,
488 1721 798 1793 διακειμένη
820 1762 834 1785 ,
866 1723 1058 1789 ἀνάξιά
1088 1740 1145 1776 τε
1178 1726 1305 1794 περὶ
1331 1723 1491 1777 αὑτοῦ
1528 1724 1816 1794 φρονοῦσα,

1924 1720 2050 1772 lletu
2087 1718 2400 1783 merentem,
2450 1727 2501 1772 et
2549 1732 2615 1772 ex
2666 1718 2918 1771 humana:
2947 1716 3281 1770 inﬁrmitatis
3314 1723 3476 1786 atque

252 1812 477 1880 πρῶτον
520 1812 616 1881 μὲν
665 1813 833 1882 αὐτὴν
874 1816 1105 1881 γυναῖκα
1139 1813 1391 1884 ὀνομάζει
1416 1853 1432 1879 ,
1479 1815 1819 1886 ἐπιπλήττων

253 1900 396 1973 αὐτῇ
423 1904 515 1959 καὶ
537 1902 806 1966 ὀνειδίζων
847 1904 907 1956 τὸ
944 1907 1246 1971 γυναικεῖον
1285 1904 1479 1968 πάθος·
1511 1905 1589 1958 διό
1638 1922 1818 1976 φησιν,

253 1994 454 2063 γύναι,
481 1995 539 2046 τι
578 1994 804 2060 κλαίεις
820 2012 837 2057 ;
864 1990 981 2047 εἶτά
1009 2012 1169 2066 φησιν
1206 1997 1340 2067 πρὸς
1366 1997 1551 2067 αὑτήν·
1589 1998 1779 2065 Μαρία
1806 2016 1818 2028 ·

250 2082 343 2136 διὰ
377 2082 472 2136 τοῦ
502 2084 760 2153 ὀνόματος
793 2083 958 2155 αὐτὴν
1000 2087 1197 2156 ἑαυτῆς
1238 2087 1664 2157 ὑπομιμνήσκων
1687 2126 1701 2149 ,
1730 2088 1823 2140 καὶ

249 2171 364 2226 ’ὧν
396 2172 561 2226 πάλαι
596 2174 731 2244 πρὸς
755 2175 920 2245 αὑτήν
953 2192 1010 2228 τε
1047 2178 1139 2229 καὶ
1172 2178 1295 2240 τοὺς
1336 2176 1550 2241 λοιποὺς
1579 2178 1821 2249 μαθητὰς

257 2262 390 2335 περὶ
418 2262 517 2332 τῆς
547 2264 889 2327 ἀναστάσεως
909 2265 1068 2318 αὐτοῦ
1093 2266 1279 2335 λόγων·
1310 2270 1342 2337 ή
1368 2268 1413 2320 δ’
1437 2270 1515 2331 είς
1539 2268 1825 2340 συναίσθη-

257 2370 344 2407 σιν
368 2353 615 2418 ἐλθοῦσα,
642 2356 733 2408 καὶ
759 2356 813 2408 τί
849 2373 976 2409 ποτε
998 2353 1063 2429 ἦν
1095 2360 1199 2411 ἀπὸ
1240 2360 1338 2428 τῆς
1378 2360 1557 2430 φωνῆς
1598 2360 1689 2413 καὶ
1725 2361 1821 2431 τῆς

251 2444 349 2509 τοῦ
373 2445 528 2513 λόγου
563 2445 838 2517 δυνάμεως
882 2449 1191 2518 ἐπιγνοῦσα,
1232 2450 1538 2504 Ῥαϐϐουνί
1558 2469 1719 2525 φησιν
1741 2493 1753 2516 ,
1794 2452 1822 2504 ὂ

259 2537 1094 2615 μεθερμηνεύεται-διδάσκαλε.

330 2810 405 2887 sf.
441 2805 555 2865 Εἶτ’
584 2811 766 2882 ἐπειδὴ
795 2812 868 2874 ὼς
896 2813 1194 2885 διδασκάλῳ
1228 2814 1483 2885 adt-(plu
1518 2816 1609 2870 καὶ
1631 2818 1727 2887 οὐχ
1747 2818 1823 2880 ὡς

394 2902 670 2973 προσιέναι
694 2904 914 2974 ὡρμᾶτο
929 2943 944 2967 ,
965 2903 1234 2956 ἀναίνεται
1255 2906 1347 2958 καὶ
1362 2908 1701 2977 παραιτεῖται
1728 2907 1823 2959 αῦ-

254 2992 388 3061 τὴν,
422 2989 517 3056 Μή
540 3009 658 3059 μου
688 2991 903 3046 ἅπτου·
935 2991 1099 3062 θνητά
1125 2992 1234 3061 γὰρ
1255 2991 1334 3044 ἔτι
1368 2992 1636 3062 φρονοῦσα
1657 3033 1671 3057 ,
1721 2993 1819 3062 οὐχ

256 3082 342 3133 οἶα
373 3099 431 3134 τε
460 3077 527 3152 ἦν
560 3085 655 3154 τῆς
683 3083 846 3137 αὐτοῦ
880 3083 1129 3154 θεότητος
1154 3082 1323 3151 θίγειν
1344 3101 1357 3112 ·
1391 3084 1510 3136 οὐδὲ
1545 3083 1650 3154 γὰρ
1675 3083 1819 3149 ἀξιον

254 3170 325 3244 ἦν
343 3175 443 3246 τὴν
474 3174 553 3227 ἔτι
575 3175 863 3237 κλαίουσαν
882 3216 897 3240 ,
928 3176 1021 3229 καὶ
1042 3175 1189 3229 κάτω
1211 3193 1275 3228 πε
1283 3175 1336 3247 ρί
1361 3176 1428 3229 τά
1454 3177 1708 3247 μνήματα
1730 3177 1822 3228 καὶ

257 3266 461 3332 τάφους
497 3260 582 3317 οἷα
615 3265 806 3336 νεκρὸν
840 3264 1103 3335 ζητοῦσαν
1136 3263 1294 3318 αὐτὸν
1314 3305 1327 3329 ,
1374 3265 1602 3325 ταπεινά
1635 3282 1692 3318 τε
1729 3265 1822 3317 καὶ

257 3355 571 3426 ἀνθρώπινα
593 3374 656 3409 πε
664 3358 719 3426 ρ).
740 3356 902 3409 αὑτοῦ
927 3356 1247 3422 δοξάζουσαν
1268 3400 1282 3421 ,
1300 3356 1398 3426 τῆς
1423 3357 1635 3427 ἐπαφῆς
1657 3355 1820 3409 αὑτοῦ

257 3449 564 3500 κοινωνεῖν·
607 3447 686 3500 διὸ
722 3447 821 3518 τὴν
862 3447 1037 3499 αἰτίαν
1074 3447 1415 3521 ἀπήλεγχεν,
1456 3450 1529 3520 μὴ
1575 3450 1682 3521 γὰρ
1726 3451 1820 3502 ἀν-

257 3539 572 3609 εληλυθέναι
602 3538 753 3603 οῦπω
786 3542 965 3611 φησὶν,
992 3540 1113 3593 ὅσον
1141 3541 1202 3594 τὸ
1225 3526 1317 3592 ἐπί
1342 3542 1528 3614 αὐτὴν,
1565 3543 1699 3614 πρὸς
1730 3543 1822 3595 τὸν

257 3633 477 3704 Πατέρα
495 3673 510 3697 ,
538 3634 659 3688 ἐπεὶ
694 3632 766 3705 μὴ
795 3632 936 3686 τοῦτ’
956 3634 1271 3688 ἐπίστευσεν
1292 3634 1602 3703 γεγονέναι,
1632 3636 1821 3706 νεκρὸν

253 3726 311 3782 δέ
361 3744 465 3780 που
508 3726 718 3779 κεῖσθαι
749 3726 908 3780 αὐτὸν
950 3725 1083 3797 ᾤετο
1105 3745 1118 3759 ·
1156 3726 1235 3780 διό
1269 3745 1430 3799 φησιν
1466 3729 1601 3800 πρὸς
1634 3731 1819 3800 αὐτήν·

254 3820 352 3889 Μή
379 3835 499 3887 μου
532 3818 721 3873 ἅπτου
742 3861 756 3884 ,
798 3820 1020 3889 τοιαύτη
1046 3837 1126 3884 τις
1155 3815 1288 3873 οὖσα
1322 3822 1414 3872 καὶ
1437 3820 1657 3873 τοιαῦτα
1698 3824 1823 3892 περὶ

254 3910 393 3981 ἐμοῦ
433 3909 783 3980 λογιζομένη·
818 3911 900 3963 σοὶ
944 3911 1050 3982 γὰρ
1084 3910 1215 3973 Θεὸς
1242 3909 1393 3969 οὔπω
1423 3912 1817 3981 πεπίστευμαι·

255 4003 341 4055 σοὶ
369 4002 448 4054 ἐτι
488 4002 638 4054 κάτω
675 3997 809 4054 εἶναι
838 4002 1149 4072 λελόγισμαι
1173 4018 1186 4032 ·
1229 4001 1369 4055 οὕτω
1410 4002 1506 4073 τὴν
1537 4001 1821 4061 κλαίουσαν

255 4096 353 4158 καὶ
389 4093 618 4160 δόξασαν
645 4094 805 4147 αὑτὸν
834 4090 970 4148 εἶναι
1002 4093 1092 4146 τὸν
1116 4095 1417 4165 κηπουρὸν,
1467 4094 1554 4147 διά
1600 4094 1696 4165 μὲν
1727 4095 1819 4148 τοῦ

254 4184 353 4251 Μή
375 4202 495 4254 μου
515 4185 703 4239 ἅπτου
724 4184 1058 4256 ἀπέστρεφεν
1080 4185 1422 4256 ἐπιπλήττων
1442 4186 1575 4257 αὐτῇ
1596 4204 1609 4217 ·
1632 4186 1705 4250 ὠς
1728 4188 1821 4240 καὶ

254 4278 344 4331 διὰ
374 4275 468 4329 τοῦ
492 4278 721 4344 γυναῖκα
750 4276 1062 4340 καλεῖν,καὶ
1093 4276 1179 4329 διὰ
1197 4276 1288 4329 τοῦ
1318 4277 1516 4346 λέγειν,
1555 4281 1597 4330 Τ
1594 4278 1615 4330 ί
1648 4278 1819 4330 κλαί-

1923 1809 2247 1867 humilitatis
2281 1809 2543 1863 instinctu
2574 1808 2716 1863 furto
2756 1810 2995 1863 ablatum
3026 1823 3226 1876 corpus
3252 1807 3478 1863 creden-

1921 1909 2050 1965 tem,
2076 1909 2235 1970 atque
2267 1901 2489 1971 indigna
2513 1899 2579 1954 de
2600 1901 2719 1971 ipso
2752 1900 3093 1964 sentientem,
3120 1897 3279 1954 Jesus
3300 1899 3479 1969 primo

1922 1995 2203 2048 mulierem
2236 1994 2488 2063 appellat,
2518 1995 2807 2064 increpans
2841 2000 3002 2062 atque
3032 1992 3374 2064 exprobrans
3401 1987 3479 2044 fe-

1923 2087 2157 2140 mineam
2206 2086 2375 2139 animi
2424 2085 2800 2156 tegritudiuem
2842 2101 2858 2139 ε
2912 2084 3056 2138 unde
3108 2084 3203 2145 ait,
3264 2081 3475 2144 mulier,

1921 2176 2045 2247 quid
2068 2176 2286 2244 ploras?
2312 2175 2513 2231 Deinde
2546 2176 2714 2240 addit,
2749 2173 2964 2238 Maria;
3016 2182 3075 2226 ut
3125 2174 3215 2226 illa
3260 2173 3481 2227 nomine

1922 2268 2195 2321 admonita
2227 2266 2293 2320 ad
2323 2274 2559 2320 mentem
2604 2273 2976 2327 revocaretur,
3033 2270 3195 2332 atque
3230 2273 3288 2318 ut
3337 2262 3481 2316 auti-

1922 2372 2149 2428 quarum
2173 2358 2525 2428 sponsionum
2554 2366 2665 2410 tum
2694 2356 2798 2426 ipsi
2828 2364 2941 2410 tum
2975 2355 3202 2425 reliquis
3235 2354 3479 2423 discipu-

1923 2451 1990 2505 lis
2024 2449 2090 2504 de
2140 2449 2342 2504 Christi
2396 2448 2799 2503 resurrectione
2851 2445 3118 2500 factarum
3161 2444 3479 2499 recordare-

1922 2550 2030 2603 tur.
2065 2544 2158 2597 llla
2188 2544 2369 2598 animo
2396 2560 2459 2598 ex
2492 2540 2834 2595 aberratione
2863 2548 3099 2608 recepto,
3135 2539 3295 2607 vique
3325 2537 3478 2591 vocis

1923 2648 1986 2691 ac
2013 2634 2298 2687 verborum
2328 2634 2510 2704 agnita
2534 2631 2788 2685 ‘Iiabboni
2836 2630 3044 2700 inquit;
3086 2643 3192 2699 qua
3238 2642 3367 2681 voce
3403 2627 3477 2682 si-

1921 2722 2207 2795 gniﬁcatur
2230 2726 2498 2793 magister.

1990 2813 2045 2868 2.
2081 2811 2203 2867 Mox
2236 2813 2301 2867 ad
2340 2813 2492 2866 illum
2540 2811 2718 2866 adhuc
2765 2817 2823 2863 ut
2871 2808 3214 2879 magistrum,
3265 2820 3372 2859 non
3418 2812 3479 2857 ut

1921 2903 2112 2968 Deum,
2146 2904 2404 2960 accedere
2431 2912 2684 2974 preperat
2712 2922 2725 2957 :
2749 2917 2855 2973 qua
2882 2902 2969 2955 ille
3002 2900 3270 2970 prohibita
3298 2905 3349 2951 et
3383 2896 3478 2950 de—
3514 2882 3523 2889 ’

1921 2997 2109 3051 territa
2138 2997 2235 3060 ait,
2268 2995 2395 3050 Noli
2420 3013 2498 3050 me
2531 3005 2759 3065 tangere.
2792 2992 2924 3045 Nam
2963 3008 3081 3061 qum
3114 2992 3350 3044 humana
3390 2988 3478 3042 ad-

1921 3088 2027 3141 huc
2053 3088 2315 3157 sapiebat,
2365 3104 2473 3142 non
2523 3095 2639 3143 erat
2668 3072 2836 3156 digna
2881 3084 3213 3137 divinitatem
3246 3082 3365 3151 ejus
3398 3089 3478 3132 at-

1921 3180 2127 3249 tingere
2155 3198 2168 3232 :
2201 3195 2375 3249 neque
2420 3194 2517 3249 par
2567 3187 2685 3232 erat
2722 3180 2890 3239 illam,
2924 3192 3043 3244 quae
3078 3176 3254 3229 adhuc
3293 3172 3472 3231 ﬂebat.

1918 3279 1972 3325 ct
2003 3270 2185 3325 Jesum
2221 3270 2430 3323 inferne
2457 3269 2510 3321 in
2541 3270 2910 3322 monumentis
2938 3267 3307 3335 sepulcrisque
3328 3280 3476 3333 quae-

1920 3365 2093 3428 rebat,
2119 3371 2279 3436 atque
2319 3361 2594 3415 humiliter
2639 3370 2693 3415 et
2723 3360 2933 3414 infirme
2956 3360 3020 3415 de
3062 3360 3151 3412 illo
3184 3357 3469 3418 sentiebat,

1921 3456 2083 3521 haud,
2124 3457 2367 3526 inquam.
2404 3470 2618 3523 :equum
2655 3463 2770 3506 erat
2808 3460 3094 3505 contactus
3123 3452 3475 3519 ejuscompo-

1919 3555 2025 3601 tem
2068 3546 2201 3601 ﬁeri.
2251 3545 2609 3611 Quamobrem
2656 3542 2816 3596 Jesus
2867 3558 3088 3597 causam
3135 3555 3351 3611 quoque
3397 3540 3473 3593 rei

1919 3639 2115 3709 aperit,
2164 3636 2405 3691 nondum
2454 3651 2511 3690 se
2558 3634 2871 3689 ascendisse
2919 3632 3200 3703 (quantum
3251 3632 3315 3684 ad
3355 3644 3473 3684 eam

1920 3727 2210 3796 attineret)
2266 3728 2328 3782 ad
2380 3725 2593 3780 Patrem
2648 3726 2869 3791 dicens;
2921 3724 3177 3793 quoniam
3227 3722 3345 3791 ipsa
3396 3722 3474 3774 rei

1920 3832 2080 3893 gesta:
2113 3822 2267 3875 [idem
2300 3818 2539 3873 nondum
2566 3817 2873 3879 adhibebat,
2909 3831 3073 3884 seque
3096 3821 3368 3867 mortuum
3389 3814 3473 3882 ja-

1919 3930 2039 3967 cere
2065 3911 2287 3982 putabat
2306 3929 2317 3962 :
2336 3911 2562 3977 ideoque
2593 3909 2687 3970 ait,
2718 3907 2843 3960 Noli
2867 3923 2944 3960 me
2966 3916 3190 3975 tangere,
3209 3919 3331 3959 cum
3348 3905 3475 3959 talis

1919 4004 2016 4066 sis,
2064 4003 2337 4070 talemque
2381 3998 2445 4052 de
2493 4014 2579 4053 me
2619 3998 2927 4067 opinionem
2974 3996 3292 4066 gerasztibi
3331 3995 3476 4050 enim

1918 4092 2060 4149 Deus
2094 4074 2337 4145 nondum
2363 4088 2580 4153 credor,
2619 4088 2712 4143 sed
2743 4089 3020 4142 terrestris
3043 4087 3219 4141 adhuc
3251 4088 3473 4142 habeor.

1920 4185 2013 4241 Sic
2057 4186 2103 4241 is
2139 4185 2469 4255 plorantem,
2530 4192 2584 4237 et
2617 4198 2735 4251 qua:
2767 4183 3114 4235 hortulanum
3157 4181 3334 4251 ipsum
3365 4194 3477 4233 cre-

1917 4278 2108 4339 debat,
2144 4273 2230 4328 his
2274 4272 2477 4336 verbis,
2536 4270 2667 4324 Noli
2718 4288 2799 4324 me
2844 4281 3052 4341 tangere
3081 4271 3266 4340 rejeeit
3298 4271 3477 4324 incre-

254 4386 380 4436 ειςς
407 4370 469 4422 τὸ
492 4368 601 4440 γὰρ
633 4368 837 4421 κλαίειν
868 4370 957 4421 τὸν
984 4367 1188 4434 ζῶντα,
1223 4364 1416 4440 μᾶλλον
1449 4370 1505 4423 δὲ
1540 4371 1637 4442 τὴν
1674 4371 1813 4442 ζωὴν

1922 4370 2135 4442 pilans:
2163 4366 2306 4421 unde
2348 4373 2402 4421 et
2452 4365 2733 4419 mulierem
2758 4366 3003 4420 eamdem
3054 4365 3331 4427 vocitavit,
3372 4365 3478 4417 ait-

255 4461 427 4530 αὐτὴν
448 4500 466 4524 ,
491 4460 724 4531 ἐσχάτης
743 4455 811 4531 ἦν
831 4460 1068 4530 ἀμαθίας
1086 4478 1100 4490 ·
1138 4462 1231 4518 καὶ
1256 4461 1344 4514 διὰ
1370 4462 1465 4532 μὲν
1488 4462 1688 4523 τούτων
1723 4466 1822 4515 ὲπ-

254 4554 519 4625 έπληττεν
546 4553 678 4623 αὐτῇ
697 4568 710 4582 ·
738 4552 824 4605 διά
843 4552 899 4604 δέ
924 4552 1029 4607 τῶν
1046 4552 1173 4623 ἑξῆς
1194 4556 1289 4624 τὴν
1314 4554 1433 4608 καθ’
1459 4556 1645 4608 ἑαυτὸν
1667 4558 1821 4610 ἑπαί‹·

252 4647 406 4699 δευεν
439 4644 710 4712 θεολογίαν
729 4660 742 4673 ·
772 4646 803 4715 ή
833 4644 878 4696 δ’
906 4646 999 4697 ἐπὶ
1029 4645 1234 4709 τούτοις
1264 4646 1333 4699 τά
1373 4648 1578 4717 μεγάλα
1606 4648 1816 4719 ὠφελη-

255 4738 395 4809 μένη
410 4778 424 4801 ,
450 4737 607 4790 πάλιν
629 4738 896 4806 ἀναχωρεῖ
912 4735 1004 4788 τοῦ
1025 4737 1303 4808 μνήματος
1322 4756 1334 4769 ·
1361 4739 1515 4792 τοῦτο
1536 4738 1781 4811 δεύτερον
1801 4758 1813 4770 ·

250 4828 354 4884 εἶτ’
381 4828 667 4893 ἐξειποῦσα
693 4832 759 4900 τῇ
792 4828 924 4899 ἄλλῃ
950 4829 1136 4900 Μαρίᾳ
1162 4830 1227 4883 τὰ
1253 4830 1551 4902 τεθεαμένα
1575 4833 1720 4903 παρὰ
1741 4832 1817 4901 τῷ

260 4921 519 4991 Ἰωάννη,
548 4921 769 4991 ἐπανῄει
805 4922 898 4973 σὺν
940 4920 1106 4990 αὐτῇ·
1151 4922 1308 4975 τοῦτο
1336 4923 1514 4995 τρίτον
1535 4941 1547 4953 ·
1582 4925 1674 4977 καὶ
1712 4924 1817 4979 τῶν

248 5012 408 5083 παρὰ
437 5011 513 5081 τῷ
544 5011 798 5082 Ματθαίῳ
830 5013 1309 5083 μνημονευομένων
1349 5013 1548 5085 θεωρὸς
1578 5015 1817 5083 ἐγίγνετο

247 5100 435 5162 οὐκέτὶ
459 5103 588 5173 μόνη
606 5144 621 5166 ,
648 5105 742 5157 σὺν
769 5103 824 5156 δὲ
853 5106 915 5173 τῇ
939 5105 1100 5175 ἑτέρᾳ
1128 5105 1312 5177 Μαρίᾳ
1334 5123 1346 5136 ·
1375 5108 1468 5159 καὶ
1490 5108 1669 5159 οὐκέτι
1689 5108 1817 5159 εἴσω

247 5192 347 5245 τοῦ
370 5193 541 5261 τάφου
576 5194 998 5267 παρακύπτουσα
1026 5197 1099 5259 ὡς
1126 5197 1273 5266 παρά
1304 5198 1377 5266 τῷ
1415 5198 1627 5269 Ἰωάννῃ
1652 5239 1665 5263 ,
1698 5199 1815 5255 οὐδὲ

245 5284 347 5337 δύο
397 5285 698 5353 ἀγγέλους,
750 5286 860 5341 ἀλλ’
899 5287 992 5342 ἕνα
1038 5288 1174 5359 πρὸς
1221 5290 1297 5359 τῷ
1346 5290 1473 5360 λίθῳ
1511 5291 1813 5362 καθήμενον

245 5372 459 5445 ὁρῶσα.

322 5558 390 5615 γ.
410 5546 525 5603 Εἶτ’
547 5552 636 5605 ἐπὶ
652 5555 854 5618 τούτοις
872 5556 1030 5609 αὐτὸν
1050 5558 1207 5612 πάλιν
1227 5560 1313 5611 τὸν
1328 5560 1550 5631 Σωτῆρα
1570 5560 1701 5631 μετὰ
1723 5562 1827 5632 τῆς⁵

248 5642 419 5716 ἀλλής
440 5645 652 5716 Μαρίας
674 5645 895 5718 θεωρεῖ·
918 5649 1069 5703 τοῦτο
1094 5649 1368 5723 δεύτερον·
1396 5654 1485 5707 καὶ
1509 5655 1689 5707 οὐκέτι
1718 5656 1813 5723 μὲν

1921 4478 2046 4532 que,
2079 4458 2218 4525 Quid
2246 4457 2465 4527 ploras?
2495 4471 2621 4509 nam
2654 4454 2836 4525 lugere
2860 4456 3146 4521 viventem,
3167 4454 3274 4508 imo
3302 4454 3477 4524 ipsam

1920 4553 2108 4614 vitam,
2141 4559 2395 4605 extrema:
2431 4555 2550 4602 erat
2606 4548 2836 4601 inscitiae
2867 4567 2878 4601 :
2910 4563 3014 4617 qua
3063 4562 3225 4618 super
3266 4561 3324 4601 re
3369 4562 3475 4600 non

1922 4645 2162 4714 pepercit
2185 4639 2570 4711 objurgationi.
2607 4638 2743 4691 Tum
2773 4639 2827 4692 in
2858 4640 3213 4708 sequentibus
3239 4637 3474 4691 divinam

1919 4735 1998 4791 illi
2036 4734 2120 4788 sui
2159 4733 2407 4786 notitiam
2456 4729 2799 4799 impertivit:
2830 4745 2949 4800 quae
3004 4729 3090 4783 his
3137 4728 3317 4787 verbis
3369 4742 3479 4779 ma-

1919 4839 2157 4895 gnopere
2205 4822 2453 4883 erudita,
2501 4821 2682 4874 denuo
2737 4821 2979 4874 deseruit
3029 4824 3476 4877 monumentum,

1919 4913 2159 4973 senundo
2191 4911 2460 4967 videlicet.
2495 4909 2631 4963 Exin
2666 4911 2904 4964 narratis
2942 4908 3124 4962 Mariae
3152 4906 3329 4968 alteri,
3357 4921 3478 4975 quae

1918 5006 2121 5062 vidisse
2155 5020 2273 5059 eam
2317 5011 2503 5057 narrat
2544 5002 2804 5067 Joannes,
2836 5003 2967 5057 illuc
2995 5017 3119 5057 cum
3170 5000 3356 5054 eadem
3391 5013 3478 5053 re-

1917 5115 2072 5152 versa
2124 5110 2233 5157 est.
2279 5096 2442 5151 tertio
2494 5096 2782 5150 videlicet:
2819 5109 2882 5155 ac
2927 5102 3040 5147 tum
3088 5107 3301 5155 eorum,
3357 5106 3479 5160 qua:

1918 5196 2183 5243 memorat
2210 5186 2516 5250 Matthazus,
2542 5185 2839 5258 spectatrix
2870 5183 3001 5249 fuit;
3031 5183 3174 5247 haud
3194 5183 3303 5249 jam
3337 5181 3474 5247 sola,

1919 5279 2010 5335 sed
2045 5296 2169 5334 cum
2202 5280 2367 5334 altera
2402 5280 2570 5333 Maria
2600 5298 2612 5333 :
2650 5291 2824 5349 neque
2858 5276 2969 5353 jam
3006 5273 3390 5344 introspiciens
3419 5271 3472 5323 in

1918 5376 2245 5445 sepulcrum,
2279 5377 2356 5430 uti
2391 5375 2649 5429 narrabat
2674 5372 2958 5436 Joannes;
2998 5386 3170 5440 neque
3197 5370 3308 5437 jam
3338 5368 3475 5422 duos

1917 5468 2157 5536 angelos,
2189 5467 2284 5523 sed
2321 5482 2487 5533 unum
2521 5463 2685 5534 lapidi
2717 5464 3041 5519 insidentem
3082 5477 3331 5515 cernens.

1986 5559 2037 5613 5.
2080 5557 2211 5613 Pbst
2251 5559 2363 5613 haec
2418 5558 2598 5612 denuo
2626 5556 2793 5616 videt,
2831 5555 3031 5609 comite
3082 5555 3247 5609 altera
3286 5552 3474 5616 Maria,

1918 5654 2097 5723 ipsum
2136 5654 2475 5707 Servatorem
2498 5691 2511 5712 ,
2564 5649 2803 5705 secundo
2829 5648 3115 5706 videlicet:
3166 5663 3340 5718 neque
3365 5648 3474 5717 jam
