3952 6198
1186 273 1451 340 EUSEBII
1489 280 1964 341 CESARIENSIS
1999 280 2148 338 OPP.
2187 278 2365 335 PARS
2401 277 2487 334 111.
2524 311 2591 321 -
2629 278 3032 339 EXEGETICA.

537 403 708 471 audit,
751 403 882 459 Noli
902 421 981 458 me
1007 413 1248 474 tangere;
1290 405 1398 460 imo
1425 406 1682 476 gaudere,
1717 406 1910 462 nedum
1937 405 2057 460 fiere

2188 402 2394 468 ἀκούει,
2424 403 2519 473 Μή
2556 421 2675 472 μου
2716 403 2906 458 ἅπτου
2927 443 2942 467 ,
2975 402 3279 456 τούναντίον
3314 401 3370 454 δὲ
3392 399 3600 472 χαίρειν
3627 400 3752 453 ἀντὶ

535 496 604 551 ab
633 495 752 566 ipso
778 495 1000 564 jubetur
1027 515 1040 550 :
1071 496 1203 568 quin
1245 499 1407 552 etiam
1439 499 1585 554 hunc
1615 507 1832 569 tangere
1864 499 2081 563 sinitur,

532 599 692 655 quem
719 583 831 653 jam
867 593 928 638 ut
977 586 1142 641 Deum
1171 589 1552 644 venerabatur.
1588 589 1677 642 Ait
1718 603 1847 658 ergo
1879 589 1961 644 his
2007 589 2084 644 fe-

531 675 696 730 minis
729 673 909 744 Jesus,
961 675 1211 732 Gaudete.
1254 678 1362 734 Illa:
1388 696 1515 736 vero
1545 679 1862 735 accedentes
1891 687 2081 735 tenue-

530 775 658 820 runt
689 766 852 837 pedes
881 769 1001 838 ejus
1025 779 1088 826 et-
1107 771 1488 828 adoraverunt.
1524 770 1590 825 Et
1616 787 1739 827 vera
1763 772 1927 842 igitur
1951 787 2080 824 nar-

529 868 653 912 rant
701 875 857 915 sacra
909 860 1220 932 Evangelia,
1268 872 1322 919 et
1356 865 1503 919 nulla
1549 865 1604 919 in
1655 871 1808 935 parte
1853 863 1995 919 inter
2023 879 2081 919 se

528 959 776 1021 pugnant
803 971 815 1005 :
850 970 1159 1024 quanquam
1188 956 1430 1010 eamdem
1464 955 1684 1010 Mariam
1715 956 2079 1026 Magdalenam

527 1041 878 1099 introducunt
915 1054 968 1101 et
1010 1062 1115 1100 non
1158 1054 1462 1116 tangentem
1502 1048 1673 1116 primo
1715 1047 2075 1109 Servatorem,

524 1134 652 1191 dum
688 1134 872 1202 ﬂebat,
921 1150 1143 1210 eratque
1191 1138 1489 1204 incredula,
1536 1148 1590 1194 et
1617 1155 1737 1194 eum
1771 1147 2075 1209 tangentem

524 1234 808 1296 postquam
839 1229 1070 1300 gaudere
1108 1231 1259 1298 jussa
1303 1238 1405 1287 est.
1449 1228 1567 1285 Jam
1596 1232 1774 1302 priora
1804 1246 1925 1287 esse
1961 1231 2077 1285 exi-

522 1319 794 1372 stimanda
836 1336 956 1390 quae
1001 1330 1126 1375 sunt
1179 1323 1319 1392 apud
1361 1321 1622 1378 Joannem
1667 1324 1734 1379 iis
1776 1339 1895 1393 quae
1934 1322 2074 1390 apud

522 1405 851 1471 Matthaaum,
879 1410 932 1463 in
961 1411 1250 1482 disputatis
1279 1418 1425 1466 retro
1452 1413 1748 1468 secundum
1785 1413 2073 1483 quamdam

518 1503 930 1571 explicationem
958 1506 1452 1576 comprobavimus.
1484 1507 1612 1562 dum
1642 1507 2069 1574 ostenderemus,

519 1592 612 1646 ubi
644 1592 845 1648 dicitur
875 1595 1015 1664 apud
1049 1594 1358 1650 Mattbaaum
1391 1613 1506 1650 sero
1553 1595 1924 1662 Sabbatorum,
1961 1610 2072 1649 non

515 1686 878 1755 vespertinam
927 1687 1117 1740 horam
1162 1686 1454 1758 significari
1501 1687 1568 1741 ab
1596 1686 1946 1758 evangelista,
1975 1686 2068 1740 sed

2188 496 2282 549 τοῦ
2313 496 2516 549 κλαίειν
2541 497 2632 550 ὑπ’
2668 495 2830 550 αὑτοῦ
2860 495 3134 549 κελεύεται
3153 513 3166 526 ο
3195 494 3331 548 ἀλλά
3359 494 3454 548 καὶ
3487 493 3747 546 ἅπτεσθαι

2189 586 2351 643 αὑτοῦ
2368 590 2745 659 συγχωρεῖται,
2769 587 2887 640 ἐπεὶ
2899 587 2991 640 καὶ
3008 588 3300 657 προσκυνεῖ
3316 583 3478 636 αὐτὸν
3491 582 3568 644 ὼς
3583 581 3709 633 Θεᾶν
3727 597 3742 610 ·

2187 679 2476 748 λέγειγοῧν
2510 681 2698 744 αὐταῖς
2724 683 2752 734 ὁ
2788 679 3010 752 Ἰησοῦς,
3039 679 3278 748 Χαίρετε
3297 694 3309 705 °
3343 679 3399 730 αἱ
3429 677 3487 728 δὲ
3513 675 3747 746 προσελ-

2189 770 2372 824 θοῦσαι
2390 813 2404 838 ,
2440 773 2742 843 ἐκράτησαν
2776 770 2936 824 αὑτοῦ
2960 772 3084 834 τοὺς
3113 769 3274 831 πόδας
3298 769 3389 820 καὶ
3414 764 3749 837 προσεκύνη-

2188 881 2285 917 σαν
2313 863 2458 934 αὐτῷ
2480 881 2494 894 ·
2521 864 2614 918 καὶ
2640 863 2810 927 οὔτως
2851 865 2965 934 ἅμα
2992 861 3240 931 ἀληθεύει
3267 859 3332 912 τὰ
3356 857 3480 929 ἱερά
3504 855 3746 922 Εὐαγγέ-

2184 957 2303 1020 λια,
2348 955 2467 1009 κατ’
2503 956 2686 1009 οὐδένα
2723 956 2877 1024 λόγον
2911 954 3303 1025 διαφωνοῦντα·
3342 950 3441 1020 τὴν
3483 947 3649 1016 αὐτὴν
3681 945 3742 999 δὲ

2184 1047 2398 1119 Μαρίαν
2418 1047 2516 1118 τήν
2536 1047 2893 1118 Μαγδαληνὴν
2916 1048 3198 1114 εἰσάγοντα
3217 1044 3309 1097 καὶ
3334 1041 3408 1113 μὴ
3433 1038 3744 1108 ἁπτομένην

2183 1140 2440 1213 πρότερον
2468 1139 2562 1192 τοῦ
2597 1140 2843 1210 Σωτῆρος
2862 1181 2876 1203 ,
2925 1141 3011 1192 ὅτε
3040 1139 3217 1190 ἔκλαιε
3244 1137 3338 1188 καὶ
3368 1133 3588 1202 ἠπίστει
3609 1147 3624 1159 ⁸
3651 1130 3742 1182 καὶ

2181 1233 2490 1303 ἁπτομένην
2518 1231 2680 1284 αὐτοῦ
2705 1273 2718 1296 ,
2761 1233 2848 1284 ὅτε
2877 1231 3088 1301 χαίρειν
3115 1226 3388 1281 ἐκελεύετο
3410 1242 3425 1254 ·
3462 1220 3655 1292 πρῶτα
3687 1220 3744 1272 δὲ

2180 1325 2428 1395 ήγεῖσθαι
2459 1325 2526 1378 τά
2559 1325 2705 1396 παρά
2747 1323 2825 1394 τῷ
2871 1323 3085 1392 Ἰωάννῃ
3117 1320 3418 1392 δηλούμενα
3449 1316 3560 1368 τῶν

2178 1415 2255 1486 τῷ
2281 1416 2542 1488 Ματθαίῳ
2576 1417 2884 1489 φερομένων
2903 1455 2917 1479 ,
2951 1414 3044 1467 καὶ
3073 1413 3159 1465 διά
3183 1411 3286 1464 τῶν
3311 1408 3620 1480 ἔμπροσθεν
3647 1422 3739 1473 τε·-

2178 1508 2566 1577 γυμνασμένων
2593 1509 2722 1577 ἡμῖν
2751 1505 2890 1558 κατὰ
2917 1505 3043 1576 μίαν
3067 1504 3171 1556 τῶν
3201 1501 3437 1571 ἐκδοχῶν
3461 1499 3734 1569 παρεστήο

2179 1615 2346 1668 σαμεν
2368 1639 2382 1662 ,
2432 1599 2856 1668 διασαφήσαντες
2888 1598 3035 1659 ὅπως
3064 1595 3272 1666 εἴρηται
3305 1590 3457 1663 παρά
3487 1589 3561 1660 τῷ
3589 1591 3740 1643 Ματ-

2177 1689 2310 1760 θαίῳ
2342 1690 2401 1742 τὸ
2433 1690 2546 1757 ὀψὲ
2573 1689 2918 1752 Σαϐϐάτων,
2950 1688 3008 1741 οὐ
3035 1686 3132 1758 τὴν
3170 1685 3458 1754 ἑσπερινὴν
3474 1683 3624 1753 ὥραν
3643 1681 3711 1750 δη

515 1786 729 1849 tempus
758 1779 1079 1835 illucescens
1111 1778 1165 1834 in
1190 1796 1354 1834 unam
1390 1779 1773 1835 Sabbatorum.
1811 1777 1939 1834 Erat
1971 1795 2057 1833 au-

2170 1781 2384 1844 λοῦντος
2400 1781 2493 1834 τοῦ
2516 1779 2895 1850 εὐαγγελιστοῦ
2917 1819 2932 1843 ,
2969 1778 3105 1832 ἀλλὰ
3125 1779 3214 1831 τὸν
3235 1776 3638 1843 ὲπιφαύσκοντα
3659 1774 3741 1833 εἰς

511 1877 619 1926 tem
657 1871 758 1925 hoc
791 1879 1000 1941 tempus
1031 1875 1300 1942 posterius
1335 1873 1448 1937 illo,
1477 1871 1544 1926 de
1583 1887 1691 1942 quo
1718 1871 1955 1927 Joannes
1995 1871 2071 1925 lo-

513 1963 718 2033 quitur.
769 1963 944 2033 Atque
991 1965 1106 2020 baac
1156 1965 1299 2020 dicta
1355 1973 1539 2028 sunto,
1592 1965 1634 2018 si
1679 1964 1803 2036 quis
1848 1964 2069 2018 omnino

511 2056 756 2109 eamdem
779 2055 1005 2110 Mariam
1029 2057 1171 2125 apud
1194 2065 1482 2126 utrumque
1505 2057 1888 2127 evangelistam
1905 2054 2068 2111 Joan~

508 2159 630 2198 nem
659 2153 819 2215 atque
845 2144 1155 2201 Matthazum
1181 2163 1302 2202 esse
1331 2145 1645 2202 contendat.

574 2327 626 2380 4.
675 2324 768 2379 Sin
819 2342 943 2380 vero
982 2327 1313 2381 concedatur
1344 2341 1452 2379 non
1494 2324 1738 2380 eamdem
1774 2338 1914 2384 esse,
1968 2323 2061 2376 sed

504 2417 666 2473 aliam
712 2434 832 2488 quae
879 2434 1002 2474 sero
1051 2417 1433 2481 Sabbatorum,
1478 2417 1676 2472 comite
1729 2416 1832 2469 alia
1874 2415 2057 2478 Maria,

503 2508 652 2564 venit
681 2507 748 2562 ad
796 2515 1245 2575 monumentum;
1279 2507 1439 2561 aliam
1472 2521 1592 2576 qum
1629 2506 1769 2575 apud
1798 2503 2057 2559 Joannem

504 2613 663 2654 mane
689 2585 795 2652 una
829 2598 1210 2662 Sabbatorum,
1239 2598 1366 2652 dum
1399 2597 1573 2651 adhuc
1600 2597 1833 2651 tenebrae
1851 2604 2054 2659 essent,

502 2690 617 2744 sola
647 2688 714 2743 ad
755 2689 895 2744 idem
927 2697 1339 2743 monumentum
1369 2689 1634 2750 accessit;
1676 2688 1854 2741 omnis
1885 2688 2056 2740 ambi-

2174 1873 2298 1944 μίαν
2342 1872 2660 1927 Σαϐϐάτων·
2703 1867 2770 1944 ἦν
2802 1871 2845 1924 δ’
2885 1865 3038 1936 οὗτος
3067 1869 3314 1940 δεύτερος
3347 1866 3438 1920 τοῦ
3470 1863 3622 1935 παρὰ
3655 1863 3739 1933 τῷ

2182 1966 2398 2038 Ἰωάννῃ
2419 1965 2803 2037 δεδηλωμένον).
2839 1965 2948 2018 Καὶ
2969 1963 3138 2018 ταῦτα
3162 1964 3258 2034 μὲν
3283 1959 3510 2034 εἰρήσθω
3527 2000 3544 2023 ,
3569 1958 3740 2027 εἴπερ

2165 2074 2248 2121 τις
2277 2057 2334 2124 ἐξ
2368 2058 2602 2121 ἀπαντος
2635 2057 2731 2128 τὴν
2765 2048 2932 2128 αὐτὴν
2969 2052 3105 2110 εἶναι
3147 2055 3360 2126 Μαρίαν
3391 2053 3516 2122 παρ’
3551 2051 3735 2119 ἀμφο-

2163 2148 2339 2220 τέροις
2377 2151 2489 2211 τοῖς
2531 2149 2934 2217 εὐαγγελισταῖς
2989 2148 3206 2219 Ἰωάννῃ
3241 2165 3299 2201 τε
3343 2149 3438 2200 καὶ
3467 2143 3734 2212 Ματθαάρ

2163 2241 2557 2314 διῖσχυρίζοιτο.

2229 2336 2299 2389 δ’.
2337 2336 2398 2388 Et
2420 2336 2476 2391 δὲ
2503 2336 2875 2408 συγχωρηθείη
2903 2337 2962 2389 τὸ
2989 2335 3062 2408 μὴ
3095 2335 3192 2406 τήν
3217 2335 3387 2403 αὐτὴν
3406 2328 3550 2385 εἶναι
3571 2371 3586 2394 ,
3615 2331 3732 2383 ὲτὲ-

2162 2444 2261 2499 ραν
2301 2426 2356 2479 δὲ
2400 2426 2498 2498 τὴν
2537 2427 2630 2496 ὀψὲ
2663 2426 2952 2480 Σαϐϐάτων
2985 2425 3124 2478 κατὰ
3155 2425 3244 2477 τὸν
3275 2424 3558 2477 Ματθαῖον
3598 2420 3732 2494 μετὰ

2157 2516 2256 2586 τῆς
2276 2516 2438 2588 ἄλλης
2461 2517 2680 2588 Μαρίας
2703 2518 3086 2588 ἀπαντήσασαν
3102 2557 3116 2580 ,
3147 2518 3238 2570 καὶ
3262 2515 3431 2584 ἀλλην
3455 2513 3560 2584 τὴν
3587 2513 3734 2584 παρὰ

2157 2607 2232 2678 τῷ
2281 2608 2502 2682 Ἰωάννῃ
2545 2608 2688 2679 πρωῒ
2731 2611 2794 2679 τῇ
2829 2611 2924 2680 μιᾷ
2969 2609 3076 2662 τῶν
3108 2608 3418 2672 Σαϐϐάτων,
3449 2605 3538 2658 ἑτι
3571 2604 3731 2674 οὔσης

2159 2697 2397 2761 σκοτίας,
2437 2697 2604 2768 μόνην
2627 2697 2884 2750 ἐλθοῦσαν
2927 2698 3019 2750 ἐπὶ
3048 2697 3107 2750 τὸ
3134 2699 3423 2767 μνημεῖον,
3454 2698 3614 2749 πᾶσα
3640 2696 3728 2748 λυ-

501 2778 680 2848 guitas
734 2777 1107 2848 dissipabitur.
1154 2777 1422 2832 Nimirum
1480 2779 1713 2848 priores.
1769 2793 1887 2847 quae
1932 2793 2054 2832 sero

2167 2786 2270 2858 )qu
2298 2787 2362 2840 ἂν
2382 2786 2676 2858 ἀμφιϐολία
2692 2805 2705 2819 ⁸
2730 2788 2792 2840 τὸ
2818 2788 2915 2852 τὰς
2948 2789 3045 2859 μὲν
3069 2789 3288 2860 πρώτας
3311 2788 3410 2856 ὀψὲ
3432 2787 3730 2840 Σαϐϐάτων

411 2869 420 2878 ’
501 2867 860 2923 Sabbatorum
909 2876 1191 2932 venerunt,
1237 2877 1458 2938 propter
1506 2883 1659 2922 suam
1711 2869 2051 2923 sedulitatem

2167 2879 2505 2950 ὶφικομένας,
2529 2880 2623 2935 ἀτε
2657 2880 3076 2952 σπουδαιοτέρας
3100 2881 3194 2933 καὶ
3213 2880 3546 2950 πιστοτέρας
3565 2881 3732 2950 ὑπαρ-

498 2970 659 3030 atque
689 2960 1089 3024 credulitatem,
1114 2961 1300 3031 jussas
1344 2975 1464 3016 esse
1493 2977 1521 3014 a
1548 2961 1766 3015 Christo
1796 2960 2048 3031 gaudere,

2167 2971 2346 3041 (οὔσας
2361 3012 2376 3037 ,
2396 2972 2568 3026 καὶτὸ
2589 2974 2795 3045 χαίρειν
2817 2973 2965 3046 παρὰ
2985 2973 3076 3027 τοῦ
3100 2974 3344 3044 Σωτῆρος
3362 2971 3622 3035 ἀκοῦσαι,
3643 2974 3730 3024 καὶ

495 3067 727 3122 eumque
771 3052 1103 3116 adoravisse,
1156 3052 1384 3121 ejusoue
1430 3053 1593 3122 pedes
1641 3061 1823 3108 tenere
1856 3053 2048 3124 dignas

2167 3065 2540 3135 προσκυνῆσαι,
2562 3065 2795 3130 καὶτοὺς
2816 3066 2980 3130 πόδας
2996 3065 3158 3120 αὐτοῦ
3180 3064 3450 3136 κρατῆσαι
3467 3064 3726 3129 καταξιι»

497 3143 686 3199 fuisse.
722 3142 869 3198 Illam
891 3160 1020 3199 vero
1051 3144 1192 3214 apud
1215 3143 1477 3198 Joannem
1502 3142 1744 3210 Mariam,
1779 3143 2048 3200 diversam

2167 3155 2335 3225 δῆναιο
2361 3156 2457 3227 τὴν
2478 3157 2534 3210 δὲ
2555 3157 2703 3228 παρὰ
2729 3157 2806 3228 τῷ
2850 3159 3068 3230 Ἰωάννῃ
3092 3157 3313 3228 Μαρίαν
3332 3157 3533 3226 ἑτέραν
3566 3152 3723 3209 οὖσαν

497 3251 528 3287 a
568 3235 964 3305 superioribus,
1017 3236 1214 3299 serius,
1268 3250 1426 3290 mane
1467 3236 1739 3302 videlicet,
1789 3253 2049 3307 superve-

2167 3248 2275 3318 παρ’
2299 3246 2507 3310 ὲκείνας
2531 3246 2744 3318 βράδιον
2768 3248 2865 3318 μὲν
2888 3247 3259 3317 ἀπηντηκέναι
3277 3247 3371 3299 καὶ
3396 3247 3552 3317 πρωῒ
3568 3264 3579 3276 ·
3599 3247 3723 3299 ταί-

497 3329 664 3384 ιὶεεο.
712 3326 967 3381 Eamdem
1017 3328 1155 3382 hanc
1194 3344 1317 3384 esse
1351 3329 1492 3399 apud
1530 3328 1790 3394 Marcum,
1837 3330 1903 3385 de
1944 3345 2049 3400 qua

2167 3355 2245 3408 την
2267 3339 2310 3392 δ’
2338 3339 2505 3411 αὐτὴν
2521 3336 2658 3393 εἶναι
2681 3339 2819 3392 κατά
2839 3340 2930 3392 τὸν
2953 3340 3177 3410 Μάρκον
3195 3339 3285 3407 ἀφ’
3303 3333 3372 3410 ἦς
3403 3338 3724 3407 ἐκϐεϐλήκει

485 3428 697 3488 septem
728 3419 990 3473 dazmouia
1023 3420 1194 3488 ejecta
1227 3419 1442 3474 fuerant
1471 3440 1482 3474 :
1510 3437 1736 3492 quaaque
1763 3423 2050 3479 vehemen-

2167 3431 2285 3484 ;πτὰ
2315 3431 2565 3502 δαιμόνια
2587 3449 2600 3461 ο
2622 3432 2824 3504 σφόδρα
2841 3432 2894 3484 δὲ
2913 3433 3010 3503 τὴν
3025 3430 3201 3502 ψυχὴν
3217 3430 3619 3507 τεθορυϐῆσθαι
3639 3433 3726 3482 καὶ

495 3512 577 3560 ter
608 3508 789 3562 animo
832 3509 1118 3579 perterrita
1159 3509 1343 3578 fuerit,
1387 3519 1441 3566 et
1479 3514 1640 3582 paulo
1675 3514 2045 3582 incredulior;

2167 3523 2501 3593 ὶπιστοτέραν
2523 3519 2658 3576 εἶναι
2680 3523 2754 3586 ὡς
2777 3522 3015 3575 ἑστῶσαν
3035 3520 3237 3574 κλαίειν
3256 3560 3271 3583 ,
3295 3521 3389 3571 καὶ
3413 3517 3726 3588 ὑπολαμϐά-

491 3596 722 3667 ideoque
763 3605 1036 3654 manserat
1062 3599 1135 3654 ibi
1187 3599 1341 3666 ﬂens,
1379 3609 1433 3656 et
1486 3602 1773 3673 suspicans
1813 3621 1881 3660 ne
1910 3605 2049 3661 forte

2167 3629 2255 3665 νειν
2285 3614 2628 3686 ὑφαιρεῖσθαι
2654 3615 2746 3667 τοῦ
2773 3613 3036 3686 μνημείου
3056 3612 3115 3665 τδ
3141 3612 3298 3682 σῶμα
3324 3609 3418 3662 τοῦ
3445 3611 3721 3681 Seu-5396;.

465 3687 468 3690 ’
494 3685 803 3744 Servatoris
828 3704 1024 3759 corpus
1049 3689 1115 3745 de
1144 3691 1394 3761 sepulcro
1419 3690 1610 3748 fuisset
1638 3693 1932 3759 sublatum,
1966 3701 2047 3748 at-

491 3795 597 3849 que
621 3780 674 3834 in
707 3780 840 3835 alias
871 3790 1043 3836 terras
1076 3780 1351 3837 abactum.
1394 3782 1568 3854 Atque
1599 3784 1734 3840 adeo
1764 3786 2046 3854 perturba-

492 3881 580 3926 tus
607 3871 786 3926 fuerat
823 3871 900 3926 illi
938 3874 1173 3941 animus,
1208 3883 1266 3928 ut
1295 3891 1362 3930 ne
1395 3877 1618 3946 angelos
1647 3876 1863 3947 quidem
1904 3878 2043 3931 intra

488 3964 795 4032 sepulcrum
869 3966 1014 4021 visos
1071 3981 1396 4037 magnopere
1459 3969 1808 4037 suspexerit,
1871 3985 2043 4038 neque

488 4051 663 4121 ipsum
707 4054 881 4110 oculis
932 4056 1170 4110 oblatum
1219 4055 1558 4112 Servatorem
1603 4059 1902 4130 agnoverit,
1948 4059 2042 4114 sed

486 4145 668 4214 potius
701 4145 1045 4201 hortulanum
1073 4164 1194 4203 esse
1215 4151 1502 4218 putaverit.

1215 4262 1305 4316 IV.

655 4373 727 4427 οε
753 4375 989 4442 sepulcro
1018 4385 1068 4429 et
1097 4375 1161 4430 de
1190 4377 1538 4445 repugnantia
1568 4389 1866 4446 apparente.

2151 3706 2244 3758 καὶ
2270 3707 2326 3758 ὲν
2361 3705 2520 3778 ἑτέρᾳ
2551 3705 2932 3777 μετενηνέχθαι
2955 3707 3024 3776 γῇ
3043 3723 3056 3736 ο
3095 3703 3234 3757 οὕτω
3265 3704 3320 3757 δὲ
3352 3703 3661 3772 συγκέχυτο
3688 3706 3719 3772 ἡ

2146 3797 2291 3870 ψυχὴ
2315 3798 2449 3869 αὑτῇ
2474 3837 2488 3861 ,
2525 3798 2601 3861 ώς
2629 3798 2763 3868 μηδὲ
2795 3799 2919 3861 τοὺς
2940 3797 3030 3850 δύο
3049 3797 3308 3865 ἀγγέλους
3329 3797 3455 3858 τοὺς
3477 3797 3610 3847 εἵσω
3633 3795 3722 3848 τοῦ

2151 3891 2428 3960 μνήματος
2459 3889 2721 3958 ὀφθέντας
2754 3889 2888 3960 αὐτῇ
2921 3887 3350 3958 καταπλαγῆναι,
3383 3885 3520 3956 μηδὲ
3564 3886 3728 3938 αὐτὴν

2149 3982 2409 4052 γνωρίσαι
2428 3983 2659 4050 ὀφθέντα
2685 3983 2820 4052 αὐτῇ
2837 3982 2926 4034 τὸν
2949 3983 3173 4053 Σωτῆρα
3190 4023 3205 4044 ,
3230 3981 3446 4052 νομίσαι
3472 3980 3534 4034 δὲ
3561 3980 3730 4034 αὐτὴν

2154 4068 2292 4126 εἶναι
2318 4073 2408 4126 τὸν
2433 4072 2707 4144 κηπουρὸν
2735 4074 2824 4142 (56
2843 4073 2964 4144 57).

2882 4273 2962 4324 Δ’.

2198 4381 2336 4450 Περὶ
2365 4380 2471 4434 τοῦ
2505 4379 2694 4450 τάφου
2722 4381 2818 4434 καὶ
2849 4379 2960 4448 τῆς
2987 4379 3285 4449 δοκόύσης
3317 4383 3672 4451 διαφωνίας.

554 4486 840 4554 Quomodo
872 4489 1016 4558 apud
1065 4490 1372 4546 Matthamm
1422 4491 1588 4546 Maria
1625 4491 1937 4562 Magdalena
1967 4493 2042 4548 si-

2215 4495 2337 4559 Πῶς
2369 4495 2519 4564 παρά
2550 4494 2626 4565 τῷ
2649 4495 2910 4565 Ματθαίῳ
2939 4497 2973 4566 ή
3002 4496 3330 4567 Μαγδαληνὴ
3361 4499 3558 4569 Μαρία
3581 4502 3721 4570 μετά

481 4580 593 4634 mul
628 4595 751 4633 cum
787 4580 957 4636 altera
990 4581 1160 4636 Maria
1189 4592 1343 4638 extra
1385 4592 1799 4639 monumentum
1843 4585 2039 4639 viderit

481 4687 647 4726 unum
693 4672 943 4743 angelum
989 4673 1314 4731 insidentem
1363 4675 1526 4746 lapidi
1577 4677 1934 4731 monumenti.
1973 4674 2038 4728 Et

476 4766 772 4836 quomodo,
831 4767 1132 4822 secundum
1175 4767 1461 4833 Joannem,
1517 4770 1659 4823 intra
1716 4784 2038 4823 monumen-

479 4867 593 4919 tum
626 4858 846 4930 angelos
886 4858 1025 4914 duos
1064 4860 1392 4929 spectaverit
1425 4861 1674 4916 sedentes
1717 4858 1886 4913 Maria
1923 4859 2037 4912 Ma-

477 4951 726 5022 gdalena,
763 4953 1065 5008 secundum
1106 4958 1285 5007 autem
1319 4952 1542 5018 Lucam,
1578 4953 1687 5007 duo
1714 4952 1815 5006 viri
1847 4952 2034 5006 astite-

473 5044 584 5098 rint
611 5044 952 5102 mulieribus.
983 5045 1227 5116 Denique
1272 5045 1574 5101 secundum
1617 5045 1856 5099 Marcum
1881 5045 2036 5115 juve-

473 5136 560 5192 nis
595 5135 650 5190 in
686 5136 880 5192 dextro
911 5138 1157 5194 residens
1196 5139 1535 5192 monumenti
1584 5138 1754 5192 latere
1788 5138 1938 5193 visus
1965 5140 2035 5190 sit

471 5228 653 5284 Maria:
685 5229 1016 5302 Magdalena:
1042 5242 1098 5289 et
1127 5232 1309 5288 Maria:
1341 5232 1531 5287 Jacobi
1563 5240 1616 5288 et
1651 5231 1898 5286 Salomze.

542 5321 591 5376 l.
636 5320 824 5378 Priora
873 5331 1152 5396 suntquae
1195 5335 1383 5381 narrat
1433 5327 1750 5383 Matthams:
1784 5341 1952 5398 quare
1980 5337 2032 5381 et

469 5406 588 5464 dum
619 5409 802 5466 Maria:
828 5412 1080 5467 viderunt
1107 5417 1356 5485 angelum
1387 5417 1480 5487 qui
1508 5433 1678 5487 nuper
1713 5419 1837 5473 illuc
1867 5435 2030 5473 vene-

466 5504 554 5552 rat
607 5500 948 5574 lapidemque
1002 5508 1324 5561 revolverat.
1381 5508 1694 5578 Sequuntur
1749 5509 1839 5591 illa
1885 5509 2024 5579 apud

2145 4586 2243 4656 τῆς
2269 4587 2433 4658 ἄλλης
2455 4588 2669 4659 Μαρίας
2689 4587 2791 4652 ἔξω
2815 4586 2906 4640 τοῦ
2937 4589 3214 4659 μνήματος
3237 4587 3483 4659 ἑώρακεν
3507 4593 3606 4645 τὸν
3627 4594 3716 4645 ἕνα

2145 4678 2370 4747 ἄγγελον
2390 4678 2620 4748 ὲπικαθή
2631 4695 2786 4750 μενον
2804 4678 2880 4749 τῷ
2894 4679 3027 4750 λίθῳ
3044 4678 3135 4731 τοῦ
3155 4681 3430 4751 μνήματος
3445 4700 3460 4712 ·
3482 4685 3580 4736 καὶ
3603 4685 3718 4746 πῶς

2147 4771 2284 4823 κατὰ
2309 4771 2398 4823 τὸν
2443 4771 2691 4842 Ἰωάννην
2728 4771 2856 4824 εἴσω
2895 4768 2988 4822 τοῦ
3020 4772 3292 4842 μνήματος
3324 4772 3597 4840 ἀγγέλους
3621 4774 3716 4828 δύο

2144 4861 2335 4933 θεωρεῖ
2362 4862 2500 4932 καθη
2511 4863 2750 4934 μένουςή
2781 4860 3106 4933 Μαγδαληνὴ
3127 4865 3339 4934 Μαρίαο
3366 4866 3514 4920 κατά
3543 4867 3600 4918 δὲ
3625 4869 3713 4920 τὸν

2143 4956 2352 5008 Aoude
2379 4955 2472 5008 δύο
2495 4954 2679 5026 ἄνδρες
2703 4955 3009 5026 ἐπέστησαν
3037 4958 3153 5019 ταῖς
3181 4954 3423 5024 γυναιξίν
3441 4975 3455 4988 °
3489 4959 3632 5012 κατά
3656 4959 3712 5013 Et

2141 5046 2228 5100 τὸν
2255 5048 2473 5117 Μάρκον
2504 5048 2782 5110 νεανίσκος
2804 5041 2872 5118 ἦν
2905 5050 3093 5112 αὐταῖς
3117 5051 3145 5101 ὁ
3164 5047 3438 5121 ὁρώμενος
3464 5051 3602 5120 καθὴ
3613 5068 3708 5121 με·

2141 5156 2228 5200 νος
2249 5140 2304 5191 ὲν
2331 5143 2438 5202 τοῖς
2464 5138 2652 5204 δεξιοῖς
2671 5138 2765 5192 τοῦ
2791 5141 3053 5211 μνημείου
3081 5143 3144 5210 τῇ
3166 5139 3499 5212 Μαγδαληνῇ
3523 5143 3708 5213 Μαρίᾳ

2142 5234 2234 5285 καὶ
2266 5234 2450 5304 Μαρίᾳ
2488 5232 2741 5302 Ἰακώβου
2771 5234 2864 5286 καὶ
2892 5232 3142 5307 Σαλώμῃ.

2209 5332 2288 5379 α’.
2328 5324 2407 5376 Τὰ
2450 5323 2549 5393 μὲν
2581 5321 2730 5394 παρά
2759 5321 2835 5393 τῷ
2865 5321 3124 5392 Ματθαίῳ
3155 5321 3554 5393 προηγοῦνταιο
3586 5323 3708 5376 ὅθεν

2141 5417 2232 5468 καὶ
2265 5417 2319 5469 αἱ
2353 5415 2445 5468 δύο
2477 5415 2680 5486 Μαρίαι
2730 5413 2852 5486 ἄρτι
2897 5415 2986 5466 τὸν
3020 5413 3246 5481 ἄγγελον
3279 5413 3582 5472 ἐπιστάντα
3613 5415 3712 5468 καὶ

2133 5509 2222 5562 τὸν
2270 5507 2412 5561 λίθον
2454 5508 2852 5562 ἀποκυλίσαντα
2886 5508 3202 5561 ἐθεάσαντο·
3251 5508 3317 5561 τὰ
3353 5506 3413 5560 δὲ
3446 5506 3600 5578 παρὰ
3629 5507 3712 5575 τῷ

537 5651 1152 5734 (56-57)___Qu:pstiom_-m
1185 5661 1432 5734 deplaria
1458 5664 1522 5716 ad
1549 5661 1752 5718 Domini
1779 5664 1938 5732 pedes
1961 5665 2271 5734 procidente
2303 5665 2563 5721 cxscribit
2587 5665 2668 5720 vel
2693 5664 2931 5720 imitatur
2961 5663 3319 5734 Hieronymus
3347 5665 3510 5734 epist.
3539 5660 3705 5730 59,6,

471 5738 574 5780 nec
606 5737 715 5778 non
741 5725 966 5784 Photius
999 5732 1156 5799 epist.
1187 5732 1305 5784 l57.

3889 5595 3893 5748 Ι

3887 6037 3889 6151 ι
