  <div class='ocr_page' id='page_1' title='image "/cluster/home/n/w/nwhite01/storage/ocr_20150623/22/hvd.32044073501132/487.png"; bbox 0 0 3952 6198; ppageno 0'>
   <div class='ocr_carea' id='block_1_1' title="bbox 609 262 722 320">
    <p class='ocr_par' dir='ltr' id='par_1_1' title="bbox 609 262 722 320">
     <span class='ocr_line' id='line_1_1' title="bbox 609 262 722 320; baseline 0.009 -34"><span class='ocrx_word' id='word_1_1' title='bbox 609 262 722 320; x_wconf 29' lang='grc' dir='ltr'>,δελ</span> 
     </span>
    </p>
   </div>
   <div class='ocr_carea' id='block_1_2' title="bbox 1313 260 2135 328">
    <p class='ocr_par' dir='ltr' id='par_1_2' title="bbox 1313 261 2135 320">
     <span class='ocr_line' id='line_1_2' title="bbox 1313 261 2135 320; baseline -0.006 -3"><span class='ocrx_word' id='word_1_2' title='bbox 1313 261 1579 319; x_wconf 71' lang='grc' dir='ltr'><strong>ΕυδΕΒίΙ</strong></span> <span class='ocrx_word' id='word_1_3' title='bbox 1611 261 2090 320; x_wconf 65' lang='grc' dir='ltr'><strong>ΟΕΞΑΜΕΝδίὃ</strong></span> <span class='ocrx_word' id='word_1_4' title='bbox 2125 267 2135 312; x_wconf 73' lang='grc'><strong><em>4</em></strong></span> 
     </span>
    </p>
   </div>
   <div class='ocr_carea' id='block_1_3' title="bbox 2179 260 3708 328">
    <p class='ocr_par' dir='ltr' id='par_1_3' title="bbox 2179 260 3708 328">
     <span class='ocr_line' id='line_1_3' title="bbox 2179 260 3708 328; baseline 0.001 -10"><span class='ocrx_word' id='word_1_5' title='bbox 2179 262 2276 321; x_wconf 83' lang='lat' dir='ltr'><strong>PP.</strong></span> <span class='ocrx_word' id='word_1_6' title='bbox 2317 263 2498 322; x_wconf 74' lang='lat' dir='ltr'><strong>PARS</strong></span> <span class='ocrx_word' id='word_1_7' title='bbox 2536 265 2620 321; x_wconf 76' lang='lat' dir='ltr'><strong>Ill.</strong></span> <span class='ocrx_word' id='word_1_8' title='bbox 2652 295 2721 306; x_wconf 89' lang='lat'><strong>--</strong></span> <span class='ocrx_word' id='word_1_9' title='bbox 2755 262 3160 319; x_wconf 67' lang='grc' dir='ltr'><strong>ΕΧΕΟΕΤΙΟΑ.</strong></span> <span class='ocrx_word' id='word_1_10' title='bbox 3189 260 3198 272; x_wconf 88' lang='grc'><strong>’</strong></span> <span class='ocrx_word' id='word_1_11' title='bbox 3640 272 3708 328; x_wconf 66' lang='lat' dir='ltr'><strong>I56</strong></span> 
     </span>
    </p>
   </div>
   <div class='ocr_carea' id='block_1_4' title="bbox 606 381 2135 457">
    <p class='ocr_par' dir='ltr' id='par_1_4' title="bbox 606 384 2135 457">
     <span class='ocr_line' id='line_1_4' title="bbox 606 384 2135 457; baseline 0 -18"><span class='ocrx_word' id='word_1_12' title='bbox 606 385 744 448; x_wconf 82' lang='lat' dir='ltr'><strong>sole,</strong></span> <span class='ocrx_word' id='word_1_13' title='bbox 781 401 810 439; x_wconf 85' lang='lat' dir='ltr'><strong>a</strong></span> <span class='ocrx_word' id='word_1_14' title='bbox 836 385 1037 453; x_wconf 81' lang='lat' dir='ltr'><strong>juvene</strong></span> <span class='ocrx_word' id='word_1_15' title='bbox 1059 384 1241 441; x_wconf 90' lang='lat' dir='ltr'><strong>oblato</strong></span> <span class='ocrx_word' id='word_1_16' title='bbox 1268 385 1588 442; x_wconf 83' lang='lat' dir='ltr'><strong>mulieribus</strong></span> <span class='ocrx_word' id='word_1_17' title='bbox 1623 384 1804 443; x_wconf 70' lang='lat' dir='ltr'><strong>Maria:</strong></span> <span class='ocrx_word' id='word_1_18' title='bbox 1838 385 2135 457; x_wconf 74' lang='lat' dir='ltr'><strong>Magdalena</strong></span> 
     </span>
    </p>
   </div>
   <div class='ocr_carea' id='block_1_5' title="bbox 2179 381 3708 457">
    <p class='ocr_par' dir='ltr' id='par_1_5' title="bbox 2190 381 3708 455">
     <span class='ocr_line' id='line_1_5' title="bbox 2190 381 3708 455; baseline -0.003 -18"><span class='ocrx_word' id='word_1_19' title='bbox 2190 383 2242 445; x_wconf 73' lang='grc' dir='ltr'><strong>Α</strong></span> <span class='ocrx_word' id='word_1_20' title='bbox 2266 385 2542 449; x_wconf 77' lang='grc' dir='ltr'><strong>νεανίσκος</strong></span> <span class='ocrx_word' id='word_1_21' title='bbox 2558 386 2588 439; x_wconf 82' lang='grc' dir='ltr'><strong>ὁ</strong></span> <span class='ocrx_word' id='word_1_22' title='bbox 2609 382 2791 454; x_wconf 66' lang='grc' dir='ltr'>ὀφθεὶς</span> <span class='ocrx_word' id='word_1_23' title='bbox 2811 386 2931 447; x_wconf 84' lang='grc' dir='ltr'><strong>ταῖς</strong></span> <span class='ocrx_word' id='word_1_24' title='bbox 2951 381 3192 452; x_wconf 79' lang='grc' dir='ltr'><strong>γυναιξὶν</strong></span> <span class='ocrx_word' id='word_1_25' title='bbox 3203 383 3274 454; x_wconf 80' lang='grc' dir='ltr'>τῇ</span> <span class='ocrx_word' id='word_1_26' title='bbox 3293 382 3463 455; x_wconf 72' lang='grc' dir='ltr'>Μαρίᾳ</span> <span class='ocrx_word' id='word_1_27' title='bbox 3479 386 3536 455; x_wconf 70' lang='grc' dir='ltr'>τῇ</span> <span class='ocrx_word' id='word_1_28' title='bbox 3559 385 3708 454; x_wconf 54' lang='lat' dir='ltr'><strong>Mm.</strong></span> 
     </span>
    </p>
   </div>
   <div class='ocr_carea' id='block_1_6' title="bbox 605 471 2164 550">
    <p class='ocr_par' dir='ltr' id='par_1_6' title="bbox 605 471 2164 550">
     <span class='ocr_line' id='line_1_6' title="bbox 605 471 2164 550; baseline 0.003 -21"><span class='ocrx_word' id='word_1_29' title='bbox 605 482 661 529; x_wconf 93' lang='lat' dir='ltr'><strong>et</strong></span> <span class='ocrx_word' id='word_1_30' title='bbox 697 474 878 529; x_wconf 73' lang='lat' dir='ltr'><strong>Maria:</strong></span> <span class='ocrx_word' id='word_1_31' title='bbox 906 471 1094 531; x_wconf 82' lang='lat' dir='ltr'><strong>Jacobi</strong></span> <span class='ocrx_word' id='word_1_32' title='bbox 1138 485 1193 532; x_wconf 92' lang='lat' dir='ltr'><strong>et</strong></span> <span class='ocrx_word' id='word_1_33' title='bbox 1231 475 1482 542; x_wconf 67' lang='lat' dir='ltr'><strong>Salomaa,</strong></span> <span class='ocrx_word' id='word_1_34' title='bbox 1513 493 1635 550; x_wconf 69' lang='lat' dir='ltr'><strong>quae</strong></span> <span class='ocrx_word' id='word_1_35' title='bbox 1671 493 1795 534; x_wconf 92' lang='lat' dir='ltr'><strong>cum</strong></span> <span class='ocrx_word' id='word_1_36' title='bbox 1831 478 2164 535; x_wconf 89' lang='lat' dir='ltr'><strong>aromatibus</strong></span> 
     </span>
    </p>
   </div>
   <div class='ocr_carea' id='block_1_7' title="bbox 603 567 2166 642">
    <p class='ocr_par' dir='ltr' id='par_1_7' title="bbox 603 567 2166 642">
     <span class='ocr_line' id='line_1_7' title="bbox 603 567 2166 642; baseline 0.008 -26"><span class='ocrx_word' id='word_1_37' title='bbox 603 572 886 630; x_wconf 75' lang='lat' dir='ltr'><strong>venerant,</strong></span> <span class='ocrx_word' id='word_1_38' title='bbox 937 567 1020 621; x_wconf 75' lang='lat' dir='ltr'><strong>ha:</strong></span> <span class='ocrx_word' id='word_1_39' title='bbox 1083 567 1214 639; x_wconf 67' lang='lat' dir='ltr'><strong>ipsa:</strong></span> <span class='ocrx_word' id='word_1_40' title='bbox 1271 572 1656 628; x_wconf 56' lang='lat' dir='ltr'><strong>audierunt”</strong></span> <span class='ocrx_word' id='word_1_41' title='bbox 1693 572 1874 628; x_wconf 78' lang='lat' dir='ltr'><strong>Nolite</strong></span> <span class='ocrx_word' id='word_1_42' title='bbox 1933 586 2166 642; x_wconf 81' lang='lat' dir='ltr'><strong>expave-</strong></span> 
     </span>
    </p>
   </div>
   <div class='ocr_carea' id='block_1_8' title="bbox 603 654 2158 730">
    <p class='ocr_par' dir='ltr' id='par_1_8' title="bbox 603 654 2158 730">
     <span class='ocr_line' id='line_1_8' title="bbox 603 654 2158 730; baseline 0.006 -20"><span class='ocrx_word' id='word_1_43' title='bbox 603 669 787 722; x_wconf 83' lang='lat' dir='ltr'><strong>scere;</strong></span> <span class='ocrx_word' id='word_1_44' title='bbox 833 654 1020 712; x_wconf 88' lang='lat' dir='ltr'><strong>Jesum</strong></span> <span class='ocrx_word' id='word_1_45' title='bbox 1075 663 1320 730; x_wconf 63' lang='lat' dir='ltr'><strong>quaritis</strong></span> <span class='ocrx_word' id='word_1_46' title='bbox 1376 665 1714 722; x_wconf 86' lang='lat' dir='ltr'><strong>Nazarenum</strong></span> <span class='ocrx_word' id='word_1_47' title='bbox 1767 665 2107 722; x_wconf 87' lang='lat' dir='ltr'><strong>crucifixum.</strong></span> <span class='ocrx_word' id='word_1_48' title='bbox 2139 686 2158 718; x_wconf 72' lang='grc' dir='ltr'><strong>ι</strong></span> 
     </span>
    </p>
   </div>
   <div class='ocr_carea' id='block_1_9' title="bbox 603 745 2164 830">
    <p class='ocr_par' dir='ltr' id='par_1_9' title="bbox 603 745 2164 830">
     <span class='ocr_line' id='line_1_9' title="bbox 603 745 2164 830; baseline 0.01 -30"><span class='ocrx_word' id='word_1_49' title='bbox 603 745 763 802; x_wconf 73' lang='lat' dir='ltr'><strong>Medii</strong></span> <span class='ocrx_word' id='word_1_50' title='bbox 793 758 972 804; x_wconf 87' lang='lat' dir='ltr'><strong>autem</strong></span> <span class='ocrx_word' id='word_1_51' title='bbox 1009 761 1137 808; x_wconf 89' lang='lat' dir='ltr'><strong>sunt</strong></span> <span class='ocrx_word' id='word_1_52' title='bbox 1167 757 1342 826; x_wconf 79' lang='lat' dir='ltr'><strong>angeli</strong></span> <span class='ocrx_word' id='word_1_53' title='bbox 1373 757 1473 823; x_wconf 91' lang='lat' dir='ltr'><strong>illi,</strong></span> <span class='ocrx_word' id='word_1_54' title='bbox 1511 760 1608 830; x_wconf 87' lang='lat' dir='ltr'><strong>qui</strong></span> <span class='ocrx_word' id='word_1_55' title='bbox 1641 759 1781 829; x_wconf 92' lang='lat' dir='ltr'><strong>apud</strong></span> <span class='ocrx_word' id='word_1_56' title='bbox 1813 759 2076 814; x_wconf 78' lang='lat' dir='ltr'><strong>Joannem</strong></span> <span class='ocrx_word' id='word_1_57' title='bbox 2111 769 2164 815; x_wconf 89' lang='lat' dir='ltr'><strong>et</strong></span> 
     </span>
    </p>
   </div>
   <div class='ocr_carea' id='block_1_10' title="bbox 603 837 2164 922">
    <p class='ocr_par' dir='ltr' id='par_1_10' title="bbox 603 837 2164 922">
     <span class='ocr_line' id='line_1_10' title="bbox 603 837 2164 922; baseline 0.008 -30"><span class='ocrx_word' id='word_1_58' title='bbox 603 837 806 898; x_wconf 82' lang='lat' dir='ltr'><strong>Lucam</strong></span> <span class='ocrx_word' id='word_1_59' title='bbox 839 851 1103 912; x_wconf 84' lang='lat' dir='ltr'><strong>apparent</strong></span> <span class='ocrx_word' id='word_1_60' title='bbox 1145 861 1240 915; x_wconf 89' lang='lat' dir='ltr'><strong>per</strong></span> <span class='ocrx_word' id='word_1_61' title='bbox 1278 847 1562 904; x_wconf 86' lang='lat' dir='ltr'><strong>intervalla</strong></span> <span class='ocrx_word' id='word_1_62' title='bbox 1596 851 1934 922; x_wconf 75' lang='lat' dir='ltr'><strong>singillatim.</strong></span> <span class='ocrx_word' id='word_1_63' title='bbox 1984 851 2164 921; x_wconf 83' lang='lat' dir='ltr'><strong>Appa-</strong></span> 
     </span>
    </p>
   </div>
   <div class='ocr_carea' id='block_1_11' title="bbox 601 934 2160 1012">
    <p class='ocr_par' dir='ltr' id='par_1_11' title="bbox 601 934 2160 1012">
     <span class='ocr_line' id='line_1_11' title="bbox 601 934 2160 1012; baseline 0.006 -26"><span class='ocrx_word' id='word_1_64' title='bbox 601 934 712 988; x_wconf 90' lang='lat' dir='ltr'><strong>ruit</strong></span> <span class='ocrx_word' id='word_1_65' title='bbox 761 935 908 990; x_wconf 90' lang='lat' dir='ltr'><strong>enim</strong></span> <span class='ocrx_word' id='word_1_66' title='bbox 955 951 1080 992; x_wconf 90' lang='lat' dir='ltr'><strong>sero</strong></span> <span class='ocrx_word' id='word_1_67' title='bbox 1131 936 1493 994; x_wconf 89' lang='lat' dir='ltr'><strong>Sabbatorum</strong></span> <span class='ocrx_word' id='word_1_68' title='bbox 1540 943 1765 1012; x_wconf 77' lang='lat' dir='ltr'><strong>angelus</strong></span> <span class='ocrx_word' id='word_1_69' title='bbox 1814 956 1958 996; x_wconf 90' lang='lat' dir='ltr'><strong>unus</strong></span> <span class='ocrx_word' id='word_1_70' title='bbox 2007 951 2160 997; x_wconf 80' lang='lat' dir='ltr'><strong>extra</strong></span> 
     </span>
    </p>
   </div>
   <div class='ocr_carea' id='block_1_12' title="bbox 600 1032 2162 1103">
    <p class='ocr_par' dir='ltr' id='par_1_12' title="bbox 600 1032 2162 1103">
     <span class='ocr_line' id='line_1_12' title="bbox 600 1032 2162 1103; baseline 0.008 -25"><span class='ocrx_word' id='word_1_71' title='bbox 600 1034 1044 1095; x_wconf 90' lang='lat' dir='ltr'><strong>monumentum;</strong></span> <span class='ocrx_word' id='word_1_72' title='bbox 1083 1040 1206 1100; x_wconf 89' lang='lat' dir='ltr'><strong>post</strong></span> <span class='ocrx_word' id='word_1_73' title='bbox 1238 1048 1398 1102; x_wconf 89' lang='lat' dir='ltr'><strong>quem</strong></span> <span class='ocrx_word' id='word_1_74' title='bbox 1429 1034 1547 1103; x_wconf 86' lang='lat' dir='ltr'><strong>ipse</strong></span> <span class='ocrx_word' id='word_1_75' title='bbox 1578 1032 1854 1088; x_wconf 89' lang='lat' dir='ltr'><strong>Servator.</strong></span> <span class='ocrx_word' id='word_1_76' title='bbox 1881 1033 2037 1089; x_wconf 81' lang='lat' dir='ltr'><strong>Mane</strong></span> <span class='ocrx_word' id='word_1_77' title='bbox 2070 1051 2162 1090; x_wconf 76' lang='lat' dir='ltr'><strong>au-</strong></span> 
     </span>
    </p>
   </div>
   <div class='ocr_carea' id='block_1_13' title="bbox 598 1119 2157 1199">
    <p class='ocr_par' dir='ltr' id='par_1_13' title="bbox 598 1119 2157 1199">
     <span class='ocr_line' id='line_1_13' title="bbox 598 1119 2157 1199; baseline 0.006 -28"><span class='ocrx_word' id='word_1_78' title='bbox 598 1125 708 1172; x_wconf 90' lang='lat' dir='ltr'><strong>tem</strong></span> <span class='ocrx_word' id='word_1_79' title='bbox 731 1119 841 1190; x_wconf 87' lang='lat' dir='ltr'><strong>jam</strong></span> <span class='ocrx_word' id='word_1_80' title='bbox 869 1119 1075 1185; x_wconf 87' lang='lat' dir='ltr'><strong>adulto,</strong></span> <span class='ocrx_word' id='word_1_81' title='bbox 1101 1123 1194 1177; x_wconf 85' lang='lat' dir='ltr'><strong>alii</strong></span> <span class='ocrx_word' id='word_1_82' title='bbox 1223 1124 1330 1180; x_wconf 93' lang='lat' dir='ltr'><strong>duo</strong></span> <span class='ocrx_word' id='word_1_83' title='bbox 1353 1126 1494 1196; x_wconf 89' lang='lat' dir='ltr'><strong>apud</strong></span> <span class='ocrx_word' id='word_1_84' title='bbox 1520 1125 1722 1181; x_wconf 88' lang='lat' dir='ltr'><strong>Lucam</strong></span> <span class='ocrx_word' id='word_1_85' title='bbox 1751 1127 1852 1182; x_wconf 93' lang='lat' dir='ltr'><strong>viri</strong></span> <span class='ocrx_word' id='word_1_86' title='bbox 1879 1127 2157 1199; x_wconf 74' lang='lat' dir='ltr'><strong>appellati,</strong></span> 
     </span>
    </p>
   </div>
   <div class='ocr_carea' id='block_1_14' title="bbox 595 1207 2159 1272">
    <p class='ocr_par' dir='ltr' id='par_1_14' title="bbox 595 1207 2159 1272">
     <span class='ocr_line' id='line_1_14' title="bbox 595 1207 2159 1272; baseline 0.006 -10"><span class='ocrx_word' id='word_1_87' title='bbox 595 1207 744 1263; x_wconf 86' lang='lat' dir='ltr'><strong>haud</strong></span> <span class='ocrx_word' id='word_1_88' title='bbox 774 1208 917 1264; x_wconf 89' lang='lat' dir='ltr'><strong>intra</strong></span> <span class='ocrx_word' id='word_1_89' title='bbox 962 1221 1374 1268; x_wconf 89' lang='lat' dir='ltr'><strong>monumentum</strong></span> <span class='ocrx_word' id='word_1_90' title='bbox 1415 1215 1542 1272; x_wconf 84' lang='lat' dir='ltr'><strong>visi.</strong></span> <span class='ocrx_word' id='word_1_91' title='bbox 1591 1215 1878 1272; x_wconf 87' lang='lat' dir='ltr'><strong>Extremus</strong></span> <span class='ocrx_word' id='word_1_92' title='bbox 1916 1218 2159 1272; x_wconf 89' lang='lat' dir='ltr'><strong>omnium</strong></span> 
     </span>
    </p>
   </div>
   <div class='ocr_carea' id='block_1_15' title="bbox 597 1299 2162 1372">
    <p class='ocr_par' dir='ltr' id='par_1_15' title="bbox 597 1299 2162 1372">
     <span class='ocr_line' id='line_1_15' title="bbox 597 1299 2162 1372; baseline 0.008 -18"><span class='ocrx_word' id='word_1_93' title='bbox 597 1299 687 1356; x_wconf 92' lang='lat' dir='ltr'><strong>ille</strong></span> <span class='ocrx_word' id='word_1_94' title='bbox 719 1299 978 1370; x_wconf 83' lang='lat' dir='ltr'><strong>juvenis;</strong></span> <span class='ocrx_word' id='word_1_95' title='bbox 1009 1311 1063 1358; x_wconf 89' lang='lat' dir='ltr'><strong>et</strong></span> <span class='ocrx_word' id='word_1_96' title='bbox 1102 1312 1228 1361; x_wconf 88' lang='lat' dir='ltr'><strong>ante</strong></span> <span class='ocrx_word' id='word_1_97' title='bbox 1270 1307 1436 1372; x_wconf 86' lang='lat' dir='ltr'><strong>hunc,</strong></span> <span class='ocrx_word' id='word_1_98' title='bbox 1485 1323 1586 1364; x_wconf 91' lang='lat' dir='ltr'><strong>nec</strong></span> <span class='ocrx_word' id='word_1_99' title='bbox 1627 1325 1738 1364; x_wconf 87' lang='lat' dir='ltr'><strong>non</strong></span> <span class='ocrx_word' id='word_1_100' title='bbox 1779 1318 1906 1365; x_wconf 90' lang='lat' dir='ltr'><strong>ante</strong></span> <span class='ocrx_word' id='word_1_101' title='bbox 1945 1311 2096 1368; x_wconf 90' lang='lat' dir='ltr'><strong>viros</strong></span> <span class='ocrx_word' id='word_1_102' title='bbox 2127 1326 2162 1366; x_wconf 88' lang='lat' dir='ltr'><strong>a</strong></span> 
     </span>
    </p>
   </div>
   <div class='ocr_carea' id='block_1_16' title="bbox 596 1390 2014 1464">
    <p class='ocr_par' dir='ltr' id='par_1_16' title="bbox 596 1390 2014 1464">
     <span class='ocr_line' id='line_1_16' title="bbox 596 1390 2014 1464; baseline 0.009 -19"><span class='ocrx_word' id='word_1_103' title='bbox 596 1390 744 1446; x_wconf 79' lang='lat' dir='ltr'><strong>Luca</strong></span> <span class='ocrx_word' id='word_1_104' title='bbox 777 1403 1135 1464; x_wconf 83' lang='lat' dir='ltr'><strong>memoratos,</strong></span> <span class='ocrx_word' id='word_1_105' title='bbox 1167 1399 1276 1453; x_wconf 90' lang='lat' dir='ltr'><strong>duo</strong></span> <span class='ocrx_word' id='word_1_106' title='bbox 1301 1399 1379 1453; x_wconf 94' lang='lat' dir='ltr'><strong>illi</strong></span> <span class='ocrx_word' id='word_1_107' title='bbox 1409 1399 1552 1454; x_wconf 91' lang='lat' dir='ltr'><strong>intra</strong></span> <span class='ocrx_word' id='word_1_108' title='bbox 1579 1410 2014 1458; x_wconf 87' lang='lat' dir='ltr'><strong>monumentum.</strong></span> 
     </span>
    </p>
   </div>
   <div class='ocr_carea' id='block_1_17' title="bbox 667 1480 2157 1562">
    <p class='ocr_par' dir='ltr' id='par_1_17' title="bbox 667 1480 2157 1562">
     <span class='ocr_line' id='line_1_17' title="bbox 667 1480 2157 1562; baseline 0.009 -27"><span class='ocrx_word' id='word_1_109' title='bbox 667 1481 719 1535; x_wconf 81' lang='lat'><strong>3.</strong></span> <span class='ocrx_word' id='word_1_110' title='bbox 761 1480 937 1538; x_wconf 92' lang='lat' dir='ltr'><strong>Lucas</strong></span> <span class='ocrx_word' id='word_1_111' title='bbox 985 1485 1060 1538; x_wconf 91' lang='lat' dir='ltr'><strong>ait</strong></span> <span class='ocrx_word' id='word_1_112' title='bbox 1111 1502 1218 1541; x_wconf 92' lang='lat' dir='ltr'><strong>una</strong></span> <span class='ocrx_word' id='word_1_113' title='bbox 1262 1486 1624 1544; x_wconf 90' lang='lat' dir='ltr'><strong>Sabbatorum</strong></span> <span class='ocrx_word' id='word_1_114' title='bbox 1673 1506 1830 1546; x_wconf 90' lang='lat' dir='ltr'><strong>mane</strong></span> <span class='ocrx_word' id='word_1_115' title='bbox 1867 1492 2157 1562; x_wconf 89' lang='lat' dir='ltr'><strong>perspicuo</strong></span> 
     </span>
    </p>
   </div>
   <div class='ocr_carea' id='block_1_18' title="bbox 597 1569 2157 1649">
    <p class='ocr_par' dir='ltr' id='par_1_18' title="bbox 597 1569 2157 1649">
     <span class='ocr_line' id='line_1_18' title="bbox 597 1569 2157 1649; baseline 0.01 -28"><span class='ocrx_word' id='word_1_116' title='bbox 597 1569 789 1625; x_wconf 82' lang='lat' dir='ltr'><strong>tulisse</strong></span> <span class='ocrx_word' id='word_1_117' title='bbox 820 1580 1064 1627; x_wconf 87' lang='lat' dir='ltr'><strong>aromata</strong></span> <span class='ocrx_word' id='word_1_118' title='bbox 1089 1575 1342 1632; x_wconf 88' lang='lat' dir='ltr'><strong>mulieres</strong></span> <span class='ocrx_word' id='word_1_119' title='bbox 1370 1576 1528 1646; x_wconf 84' lang='lat' dir='ltr'><strong>duas,</strong></span> <span class='ocrx_word' id='word_1_120' title='bbox 1569 1594 1688 1649; x_wconf 69' lang='lat' dir='ltr'><strong>quae</strong></span> <span class='ocrx_word' id='word_1_121' title='bbox 1715 1587 1915 1636; x_wconf 65' lang='lat' dir='ltr'><strong>secutae</strong></span> <span class='ocrx_word' id='word_1_122' title='bbox 1945 1581 2157 1638; x_wconf 80' lang='lat' dir='ltr'><strong>fuerant</strong></span> 
     </span>
    </p>
   </div>
   <div class='ocr_carea' id='block_1_19' title="bbox 2264 473 3704 549">
    <p class='ocr_par' dir='ltr' id='par_1_19' title="bbox 2264 473 3704 549">
     <span class='ocr_line' id='line_1_19' title="bbox 2264 473 3704 549; baseline 0.002 -19"><span class='ocrx_word' id='word_1_123' title='bbox 2264 474 2396 548; x_wconf 83' lang='grc' dir='ltr'>ληνῇ</span> <span class='ocrx_word' id='word_1_124' title='bbox 2431 477 2525 530; x_wconf 79' lang='grc' dir='ltr'><strong>καὶ</strong></span> <span class='ocrx_word' id='word_1_125' title='bbox 2555 479 2622 548; x_wconf 80' lang='grc' dir='ltr'><strong>τῇ</strong></span> <span class='ocrx_word' id='word_1_126' title='bbox 2654 475 2841 547; x_wconf 80' lang='grc' dir='ltr'>Μαρίᾳ</span> <span class='ocrx_word' id='word_1_127' title='bbox 2883 473 3135 544; x_wconf 78' lang='grc' dir='ltr'><strong>Ἰακώβου</strong></span> <span class='ocrx_word' id='word_1_128' title='bbox 3172 476 3264 528; x_wconf 76' lang='grc' dir='ltr'><strong>καὶ</strong></span> <span class='ocrx_word' id='word_1_129' title='bbox 3294 473 3502 549; x_wconf 81' lang='grc' dir='ltr'>Σαλώμῃ</span> <span class='ocrx_word' id='word_1_130' title='bbox 3517 518 3530 539; x_wconf 91' lang='grc'><strong>,</strong></span> <span class='ocrx_word' id='word_1_131' title='bbox 3568 481 3609 531; x_wconf 80' lang='grc' dir='ltr'>αἱ</span> <span class='ocrx_word' id='word_1_132' title='bbox 3632 483 3704 549; x_wconf 80' lang='grc' dir='ltr'>μετ’</span> 
     </span>
    </p>
   </div>
   <div class='ocr_carea' id='block_1_20' title="bbox 2262 565 3710 640">
    <p class='ocr_par' dir='ltr' id='par_1_20' title="bbox 2262 565 3710 640">
     <span class='ocr_line' id='line_1_20' title="bbox 2262 565 3710 640; baseline 0 -18"><span class='ocrx_word' id='word_1_133' title='bbox 2262 567 2565 640; x_wconf 78' lang='grc' dir='ltr'><strong>ἀρωμάτων</strong></span> <span class='ocrx_word' id='word_1_134' title='bbox 2587 565 2832 619; x_wconf 79' lang='grc' dir='ltr'><strong>ἐλθοῦσαι</strong></span> <span class='ocrx_word' id='word_1_135' title='bbox 2853 566 3090 636; x_wconf 69' lang='grc' dir='ltr'>ἥκουσαν</span> <span class='ocrx_word' id='word_1_136' title='bbox 3108 605 3122 629; x_wconf 96' lang='grc'><strong>,</strong></span> <span class='ocrx_word' id='word_1_137' title='bbox 3151 584 3170 617; x_wconf 77' lang='grc' dir='ltr'><strong>ι</strong></span> <span class='ocrx_word' id='word_1_138' title='bbox 3191 565 3277 636; x_wconf 77' lang='grc' dir='ltr'><strong>Μὴ</strong></span> <span class='ocrx_word' id='word_1_139' title='bbox 3295 565 3624 636; x_wconf 74' lang='grc' dir='ltr'>ἐκθαμϐεῖσθε,</span> <span class='ocrx_word' id='word_1_140' title='bbox 3647 571 3710 640; x_wconf 78' lang='grc' dir='ltr'><strong>’1η-</strong></span> 
     </span>
    </p>
   </div>
   <div class='ocr_carea' id='block_1_21' title="bbox 2265 651 3711 726">
    <p class='ocr_par' dir='ltr' id='par_1_21' title="bbox 2265 651 3711 726">
     <span class='ocr_line' id='line_1_21' title="bbox 2265 651 3711 726; baseline 0.004 -19"><span class='ocrx_word' id='word_1_141' title='bbox 2265 652 2389 707; x_wconf 91' lang='grc' dir='ltr'>σοῦν</span> <span class='ocrx_word' id='word_1_142' title='bbox 2401 651 2609 724; x_wconf 80' lang='grc' dir='ltr'>ζητεῖτε</span> <span class='ocrx_word' id='word_1_143' title='bbox 2630 653 2718 707; x_wconf 81' lang='grc' dir='ltr'>τὸν</span> <span class='ocrx_word' id='word_1_144' title='bbox 2733 653 3047 724; x_wconf 77' lang='grc' dir='ltr'><strong>Ναζαρηνὸν</strong></span> <span class='ocrx_word' id='word_1_145' title='bbox 3058 653 3151 706; x_wconf 84' lang='grc' dir='ltr'><strong>τὸν</strong></span> <span class='ocrx_word' id='word_1_146' title='bbox 3168 654 3577 726; x_wconf 73' lang='grc' dir='ltr'><strong>ἐσταυρωμένον.»</strong></span> <span class='ocrx_word' id='word_1_147' title='bbox 3591 659 3711 713; x_wconf 64' lang='lat' dir='ltr'><strong>um</strong></span> 
     </span>
    </p>
   </div>
   <div class='ocr_carea' id='block_1_22' title="bbox 2261 744 3712 816">
    <p class='ocr_par' dir='ltr' id='par_1_22' title="bbox 2261 744 3712 816">
     <span class='ocr_line' id='line_1_22' title="bbox 2261 744 3712 816; baseline 0.003 -18"><span class='ocrx_word' id='word_1_148' title='bbox 2261 745 2320 799; x_wconf 83' lang='grc' dir='ltr'><strong>δέ</strong></span> <span class='ocrx_word' id='word_1_149' title='bbox 2351 746 2400 798; x_wconf 80' lang='lat' dir='ltr'><strong>oi</strong></span> <span class='ocrx_word' id='word_1_150' title='bbox 2442 744 2594 816; x_wconf 89' lang='grc' dir='ltr'>παρά</span> <span class='ocrx_word' id='word_1_151' title='bbox 2633 744 2711 815; x_wconf 81' lang='grc' dir='ltr'><strong>τῷ</strong></span> <span class='ocrx_word' id='word_1_152' title='bbox 2755 744 2971 816; x_wconf 78' lang='grc' dir='ltr'><strong>Ἰωάννῃ</strong></span> <span class='ocrx_word' id='word_1_153' title='bbox 3003 745 3099 799; x_wconf 74' lang='grc' dir='ltr'><strong>καὶ</strong></span> <span class='ocrx_word' id='word_1_154' title='bbox 3139 745 3215 816; x_wconf 83' lang='grc' dir='ltr'>τῷ</span> <span class='ocrx_word' id='word_1_155' title='bbox 3242 746 3411 816; x_wconf 82' lang='grc' dir='ltr'>Δουκᾷ</span> <span class='ocrx_word' id='word_1_156' title='bbox 3435 748 3513 800; x_wconf 76' lang='grc' dir='ltr'>καὶ</span> <span class='ocrx_word' id='word_1_157' title='bbox 3531 749 3712 815; x_wconf 72' lang='grc' dir='ltr'><strong>ὀφθέντες</strong></span> 
     </span>
    </p>
   </div>
   <div class='ocr_carea' id='block_1_23' title="bbox 2260 837 3714 910">
    <p class='ocr_par' dir='ltr' id='par_1_23' title="bbox 2260 837 3714 910">
     <span class='ocr_line' id='line_1_23' title="bbox 2260 837 3714 910; baseline 0 -20"><span class='ocrx_word' id='word_1_158' title='bbox 2260 837 2400 891; x_wconf 86' lang='grc' dir='ltr'>κατά</span> <span class='ocrx_word' id='word_1_159' title='bbox 2433 839 2621 910; x_wconf 78' lang='grc' dir='ltr'>καιρὸν</span> <span class='ocrx_word' id='word_1_160' title='bbox 2654 838 2968 903; x_wconf 76' lang='grc' dir='ltr'><strong>ἰδιάζοντες·</strong></span> <span class='ocrx_word' id='word_1_161' title='bbox 3015 837 3185 908; x_wconf 83' lang='grc' dir='ltr'><strong>ἐφάνη</strong></span> <span class='ocrx_word' id='word_1_162' title='bbox 3224 838 3316 908; x_wconf 80' lang='grc' dir='ltr'>μὲν</span> <span class='ocrx_word' id='word_1_163' title='bbox 3345 837 3443 910; x_wconf 83' lang='grc' dir='ltr'>γὰρ</span> <span class='ocrx_word' id='word_1_164' title='bbox 3461 839 3539 908; x_wconf 78' lang='grc' dir='ltr'><strong>ὀψέ</strong></span> <span class='ocrx_word' id='word_1_165' title='bbox 3562 841 3714 897; x_wconf 66' lang='grc' dir='ltr'><strong>Σαεεά.</strong></span> 
     </span>
    </p>
   </div>
   <div class='ocr_carea' id='block_1_24' title="bbox 2259 923 3709 1000">
    <p class='ocr_par' dir='ltr' id='par_1_24' title="bbox 2259 923 3709 1000">
     <span class='ocr_line' id='line_1_24' title="bbox 2259 923 3709 1000; baseline 0 -20"><span class='ocrx_word' id='word_1_166' title='bbox 2259 945 2364 980; x_wconf 88' lang='grc' dir='ltr'><strong>των</strong></span> <span class='ocrx_word' id='word_1_167' title='bbox 2387 928 2610 996; x_wconf 78' lang='grc' dir='ltr'><strong>ἄγγελος</strong></span> <span class='ocrx_word' id='word_1_168' title='bbox 2635 923 2715 992; x_wconf 76' lang='grc' dir='ltr'><strong>εἷς</strong></span> <span class='ocrx_word' id='word_1_169' title='bbox 2741 929 2893 992; x_wconf 81' lang='grc' dir='ltr'><strong>ἐκτὸς</strong></span> <span class='ocrx_word' id='word_1_170' title='bbox 2921 928 3013 981; x_wconf 91' lang='grc' dir='ltr'>τοῦ</span> <span class='ocrx_word' id='word_1_171' title='bbox 3046 928 3344 999; x_wconf 83' lang='grc' dir='ltr'><strong>μνήματος·</strong></span> <span class='ocrx_word' id='word_1_172' title='bbox 3373 929 3474 1000; x_wconf 88' lang='grc' dir='ltr'>μεθ’</span> <span class='ocrx_word' id='word_1_173' title='bbox 3497 925 3546 984; x_wconf 76' lang='grc' dir='ltr'>οὗ</span> <span class='ocrx_word' id='word_1_174' title='bbox 3566 933 3709 985; x_wconf 77' lang='grc' dir='ltr'><strong>καὶαύ-</strong></span> 
     </span>
    </p>
   </div>
   <div class='ocr_carea' id='block_1_25' title="bbox 2259 1019 3708 1092">
    <p class='ocr_par' dir='ltr' id='par_1_25' title="bbox 2259 1019 3708 1092">
     <span class='ocr_line' id='line_1_25' title="bbox 2259 1019 3708 1092; baseline 0.003 -20"><span class='ocrx_word' id='word_1_175' title='bbox 2259 1019 2348 1082; x_wconf 77' lang='grc' dir='ltr'><strong>τὸς</strong></span> <span class='ocrx_word' id='word_1_176' title='bbox 2375 1021 2404 1072; x_wconf 81' lang='grc' dir='ltr'><strong>ὁ</strong></span> <span class='ocrx_word' id='word_1_177' title='bbox 2444 1021 2664 1092; x_wconf 84' lang='grc' dir='ltr'><strong>Σωτήρ·</strong></span> <span class='ocrx_word' id='word_1_178' title='bbox 2699 1019 2894 1092; x_wconf 74' lang='grc' dir='ltr'>ὄρθρου</span> <span class='ocrx_word' id='word_1_179' title='bbox 2925 1019 2983 1073; x_wconf 86' lang='grc' dir='ltr'><strong>δέ</strong></span> <span class='ocrx_word' id='word_1_180' title='bbox 3020 1019 3243 1090; x_wconf 85' lang='grc' dir='ltr'><strong>βαθέος,</strong></span> <span class='ocrx_word' id='word_1_181' title='bbox 3276 1021 3437 1092; x_wconf 72' lang='grc' dir='ltr'>ἕτεροι</span> <span class='ocrx_word' id='word_1_182' title='bbox 3461 1023 3500 1074; x_wconf 77' lang='grc' dir='ltr'><strong>οἱ</strong></span> <span class='ocrx_word' id='word_1_183' title='bbox 3526 1023 3708 1077; x_wconf 71' lang='grc' dir='ltr'>κατὰτὸν</span> 
     </span>
    </p>
   </div>
   <div class='ocr_carea' id='block_1_26' title="bbox 2258 1110 3709 1186">
    <p class='ocr_par' dir='ltr' id='par_1_26' title="bbox 2258 1110 3709 1186">
     <span class='ocr_line' id='line_1_26' title="bbox 2258 1110 3709 1186; baseline 0.001 -22"><span class='ocrx_word' id='word_1_184' title='bbox 2258 1113 2469 1164; x_wconf 82' lang='grc' dir='ltr'>Λουκᾶν</span> <span class='ocrx_word' id='word_1_185' title='bbox 2509 1110 2600 1164; x_wconf 91' lang='grc' dir='ltr'><strong>δύο</strong></span> <span class='ocrx_word' id='word_1_186' title='bbox 2647 1111 2835 1184; x_wconf 78' lang='grc' dir='ltr'>ἄνδρες</span> <span class='ocrx_word' id='word_1_187' title='bbox 2859 1113 3232 1183; x_wconf 83' lang='grc' dir='ltr'><strong>ὠνομασμένοι</strong></span> <span class='ocrx_word' id='word_1_188' title='bbox 3261 1113 3354 1166; x_wconf 79' lang='grc' dir='ltr'><strong>οὐκ</strong></span> <span class='ocrx_word' id='word_1_189' title='bbox 3384 1113 3494 1166; x_wconf 83' lang='grc' dir='ltr'><strong>εἴσω</strong></span> <span class='ocrx_word' id='word_1_190' title='bbox 3513 1115 3585 1167; x_wconf 85' lang='grc' dir='ltr'>τοῦ</span> <span class='ocrx_word' id='word_1_191' title='bbox 3617 1118 3709 1186; x_wconf 74' lang='grc' dir='ltr'><strong>μνή-</strong></span> 
     </span>
    </p>
   </div>
   <div class='ocr_carea' id='block_1_27' title="bbox 2260 1200 3708 1273">
    <p class='ocr_par' dir='ltr' id='par_1_27' title="bbox 2260 1200 3708 1273">
     <span class='ocr_line' id='line_1_27' title="bbox 2260 1200 3708 1273; baseline 0.003 -20"><span class='ocrx_word' id='word_1_192' title='bbox 2260 1218 2424 1272; x_wconf 82' lang='grc' dir='ltr'><strong>ματος</strong></span> <span class='ocrx_word' id='word_1_193' title='bbox 2455 1200 2706 1270; x_wconf 75' lang='grc' dir='ltr'><strong>ὀφθέντες</strong></span> <span class='ocrx_word' id='word_1_194' title='bbox 2725 1217 2739 1231; x_wconf 89' lang='grc'><strong>·</strong></span> <span class='ocrx_word' id='word_1_195' title='bbox 2775 1201 2996 1273; x_wconf 78' lang='grc' dir='ltr'><strong>ὕστερος</strong></span> <span class='ocrx_word' id='word_1_196' title='bbox 3027 1203 3280 1256; x_wconf 84' lang='grc' dir='ltr'>ἁπάντων</span> <span class='ocrx_word' id='word_1_197' title='bbox 3317 1205 3344 1256; x_wconf 79' lang='grc' dir='ltr'>ὁ</span> <span class='ocrx_word' id='word_1_198' title='bbox 3371 1204 3622 1268; x_wconf 76' lang='grc' dir='ltr'><strong>νεανίσκος,</strong></span> <span class='ocrx_word' id='word_1_199' title='bbox 3646 1207 3708 1258; x_wconf 70' lang='grc' dir='ltr'>καὶ</span> 
     </span>
    </p>
   </div>
   <div class='ocr_carea' id='block_1_28' title="bbox 2257 1293 3707 1367">
    <p class='ocr_par' dir='ltr' id='par_1_28' title="bbox 2257 1293 3707 1367">
     <span class='ocr_line' id='line_1_28' title="bbox 2257 1293 3707 1367; baseline 0.003 -21"><span class='ocrx_word' id='word_1_200' title='bbox 2257 1294 2363 1364; x_wconf 84' lang='grc' dir='ltr'>πρὸ</span> <span class='ocrx_word' id='word_1_201' title='bbox 2400 1293 2586 1348; x_wconf 89' lang='grc' dir='ltr'>τούτου</span> <span class='ocrx_word' id='word_1_202' title='bbox 2619 1296 2712 1349; x_wconf 80' lang='grc' dir='ltr'><strong>καὶ</strong></span> <span class='ocrx_word' id='word_1_203' title='bbox 2739 1294 2846 1350; x_wconf 86' lang='grc' dir='ltr'>τῶν</span> <span class='ocrx_word' id='word_1_204' title='bbox 2877 1294 3029 1367; x_wconf 86' lang='grc' dir='ltr'>παρὰ</span> <span class='ocrx_word' id='word_1_205' title='bbox 3055 1295 3134 1367; x_wconf 81' lang='grc' dir='ltr'>τῷ</span> <span class='ocrx_word' id='word_1_206' title='bbox 3162 1298 3339 1366; x_wconf 77' lang='grc' dir='ltr'><strong>Λουκᾷ</strong></span> <span class='ocrx_word' id='word_1_207' title='bbox 3363 1299 3405 1349; x_wconf 77' lang='grc' dir='ltr'><strong>οἱ</strong></span> <span class='ocrx_word' id='word_1_208' title='bbox 3431 1296 3508 1350; x_wconf 88' lang='grc' dir='ltr'>δύο</span> <span class='ocrx_word' id='word_1_209' title='bbox 3531 1297 3628 1350; x_wconf 82' lang='grc' dir='ltr'>είσω</span> <span class='ocrx_word' id='word_1_210' title='bbox 3645 1297 3707 1351; x_wconf 79' lang='grc' dir='ltr'>τοῦ</span> 
     </span>
    </p>
   </div>
   <div class='ocr_carea' id='block_1_29' title="bbox 2259 1384 2556 1455">
    <p class='ocr_par' dir='ltr' id='par_1_29' title="bbox 2259 1384 2556 1455">
     <span class='ocr_line' id='line_1_29' title="bbox 2259 1384 2556 1455; baseline 0.01 -2"><span class='ocrx_word' id='word_1_211' title='bbox 2259 1384 2556 1455; x_wconf 73' lang='grc' dir='ltr'>μνήματοςι</span> 
     </span>
    </p>
   </div>
   <div class='ocr_carea' id='block_1_30' title="bbox 2323 1477 3701 1552">
    <p class='ocr_par' dir='ltr' id='par_1_30' title="bbox 2323 1477 3701 1552">
     <span class='ocr_line' id='line_1_30' title="bbox 2323 1477 3701 1552; baseline 0.003 -22"><span class='ocrx_word' id='word_1_212' title='bbox 2323 1483 2400 1546; x_wconf 82' lang='grc' dir='ltr'><strong>γ’.</strong></span> <span class='ocrx_word' id='word_1_213' title='bbox 2417 1477 2587 1532; x_wconf 84' lang='grc' dir='ltr'><strong>Ὄτιό</strong></span> <span class='ocrx_word' id='word_1_214' title='bbox 2614 1478 2824 1543; x_wconf 82' lang='grc' dir='ltr'>Λουκᾶς</span> <span class='ocrx_word' id='word_1_215' title='bbox 2854 1481 2949 1550; x_wconf 82' lang='grc' dir='ltr'><strong>μιᾷ</strong></span> <span class='ocrx_word' id='word_1_216' title='bbox 2976 1478 3124 1548; x_wconf 82' lang='grc' dir='ltr'>λέγει</span> <span class='ocrx_word' id='word_1_217' title='bbox 3152 1479 3258 1534; x_wconf 86' lang='grc' dir='ltr'><strong>τῶν</strong></span> <span class='ocrx_word' id='word_1_218' title='bbox 3282 1481 3550 1536; x_wconf 73' lang='grc' dir='ltr'><strong>Σαϐϐάτων,</strong></span> <span class='ocrx_word' id='word_1_219' title='bbox 3569 1480 3701 1552; x_wconf 71' lang='grc' dir='ltr'>ὄρθρου</span> 
     </span>
    </p>
   </div>
   <div class='ocr_carea' id='block_1_31' title="bbox 2257 1569 3698 1642">
    <p class='ocr_par' dir='ltr' id='par_1_31' title="bbox 2257 1569 3698 1642">
     <span class='ocr_line' id='line_1_31' title="bbox 2257 1569 3698 1642; baseline 0.003 -20"><span class='ocrx_word' id='word_1_220' title='bbox 2257 1569 2467 1640; x_wconf 88' lang='grc' dir='ltr'><strong>βαθέος,</strong></span> <span class='ocrx_word' id='word_1_221' title='bbox 2499 1571 2681 1642; x_wconf 86' lang='grc' dir='ltr'>φέρειν</span> <span class='ocrx_word' id='word_1_222' title='bbox 2703 1569 2965 1642; x_wconf 80' lang='grc' dir='ltr'><strong>ἀρώματα</strong></span> <span class='ocrx_word' id='word_1_223' title='bbox 2992 1575 3255 1640; x_wconf 85' lang='grc' dir='ltr'><strong>γυναῖκας</strong></span> <span class='ocrx_word' id='word_1_224' title='bbox 3283 1572 3370 1625; x_wconf 87' lang='grc' dir='ltr'>δύο</span> <span class='ocrx_word' id='word_1_225' title='bbox 3389 1572 3476 1635; x_wconf 84' lang='grc' dir='ltr'><strong>τὰς</strong></span> <span class='ocrx_word' id='word_1_226' title='bbox 3494 1571 3698 1641; x_wconf 46' lang='lat' dir='ltr'><strong>@010an-</strong></span> 
     </span>
    </p>
   </div>
   <div class='ocr_carea' id='block_1_32' title="bbox 593 1657 2135 1742">
    <p class='ocr_par' dir='ltr' id='par_1_32' title="bbox 593 1657 2135 1742">
     <span class='ocr_line' id='line_1_32' title="bbox 593 1657 2135 1742; baseline 0.009 -28"><span class='ocrx_word' id='word_1_227' title='bbox 593 1657 799 1723; x_wconf 83' lang='lat' dir='ltr'><strong>Jesum,</strong></span> <span class='ocrx_word' id='word_1_228' title='bbox 839 1659 1061 1718; x_wconf 70' lang='lat' dir='ltr'><strong>Galilaaa</strong></span> <span class='ocrx_word' id='word_1_229' title='bbox 1087 1665 1370 1733; x_wconf 92' lang='lat' dir='ltr'><strong>oriundas,</strong></span> <span class='ocrx_word' id='word_1_230' title='bbox 1401 1683 1629 1737; x_wconf 69' lang='lat' dir='ltr'><strong>qumque</strong></span> <span class='ocrx_word' id='word_1_231' title='bbox 1656 1669 1996 1726; x_wconf 82' lang='lat' dir='ltr'><strong>deduxerant</strong></span> <span class='ocrx_word' id='word_1_232' title='bbox 2031 1673 2135 1742; x_wconf 69' lang='lat' dir='ltr'><strong>ejus</strong></span> 
     </span>
    </p>
   </div>
   <div class='ocr_carea' id='block_1_33' title="bbox 2179 1657 3702 1742">
    <p class='ocr_par' dir='ltr' id='par_1_33' title="bbox 2182 1658 3702 1742">
     <span class='ocr_line' id='line_1_33' title="bbox 2182 1658 3702 1742; baseline 0 -28"><span class='ocrx_word' id='word_1_233' title='bbox 2182 1724 2224 1742; x_wconf 48' lang='lat' dir='ltr'><strong>ﬂ</strong></span> <span class='ocrx_word' id='word_1_234' title='bbox 2256 1661 2422 1724; x_wconf 83' lang='grc' dir='ltr'><strong>σάσας</strong></span> <span class='ocrx_word' id='word_1_235' title='bbox 2454 1660 2633 1732; x_wconf 82' lang='grc' dir='ltr'><strong>αὐτῷ,</strong></span> <span class='ocrx_word' id='word_1_236' title='bbox 2667 1661 2866 1724; x_wconf 79' lang='grc' dir='ltr'>αἵτινες</span> <span class='ocrx_word' id='word_1_237' title='bbox 2905 1658 3046 1732; x_wconf 79' lang='grc' dir='ltr'>ἦσαν</span> <span class='ocrx_word' id='word_1_238' title='bbox 3098 1663 3206 1717; x_wconf 76' lang='grc' dir='ltr'>ἀπὸ</span> <span class='ocrx_word' id='word_1_239' title='bbox 3241 1665 3334 1734; x_wconf 82' lang='grc' dir='ltr'><strong>τῆς</strong></span> <span class='ocrx_word' id='word_1_240' title='bbox 3369 1665 3598 1727; x_wconf 72' lang='grc' dir='ltr'>Γαλιλαίας</span> <span class='ocrx_word' id='word_1_241' title='bbox 3620 1681 3702 1716; x_wconf 81' lang='grc' dir='ltr'>συν-</span> 
     </span>
    </p>
   </div>
   <div class='ocr_carea' id='block_1_34' title="bbox 592 1747 2152 1832">
    <p class='ocr_par' dir='ltr' id='par_1_34' title="bbox 592 1747 2152 1832">
     <span class='ocr_line' id='line_1_34' title="bbox 592 1747 2152 1832; baseline 0.008 -29"><span class='ocrx_word' id='word_1_242' title='bbox 592 1747 756 1804; x_wconf 90' lang='lat' dir='ltr'><strong>funus</strong></span> <span class='ocrx_word' id='word_1_243' title='bbox 779 1758 832 1804; x_wconf 90' lang='lat' dir='ltr'><strong>et</strong></span> <span class='ocrx_word' id='word_1_244' title='bbox 855 1761 1115 1807; x_wconf 84' lang='lat' dir='ltr'><strong>venerant</strong></span> <span class='ocrx_word' id='word_1_245' title='bbox 1139 1754 1202 1806; x_wconf 89' lang='lat' dir='ltr'><strong>ad</strong></span> <span class='ocrx_word' id='word_1_246' title='bbox 1248 1765 1676 1811; x_wconf 84' lang='lat' dir='ltr'><strong>monumentum.</strong></span> <span class='ocrx_word' id='word_1_247' title='bbox 1709 1756 1801 1811; x_wconf 65' lang='lat' dir='ltr'><strong>Hae</strong></span> <span class='ocrx_word' id='word_1_248' title='bbox 1829 1758 1966 1814; x_wconf 87' lang='lat' dir='ltr'><strong>duos</strong></span> <span class='ocrx_word' id='word_1_249' title='bbox 1997 1774 2152 1832; x_wconf 77' lang='lat' dir='ltr'><strong>ange-</strong></span> 
     </span>
    </p>
   </div>
   <div class='ocr_carea' id='block_1_35' title="bbox 590 1837 2148 1917">
    <p class='ocr_par' dir='ltr' id='par_1_35' title="bbox 590 1837 2148 1917">
     <span class='ocr_line' id='line_1_35' title="bbox 590 1837 2148 1917; baseline 0.008 -25"><span class='ocrx_word' id='word_1_250' title='bbox 590 1837 674 1895; x_wconf 82' lang='lat' dir='ltr'><strong>los</strong></span> <span class='ocrx_word' id='word_1_251' title='bbox 706 1839 955 1895; x_wconf 88' lang='lat' dir='ltr'><strong>viderunt</strong></span> <span class='ocrx_word' id='word_1_252' title='bbox 984 1843 1086 1898; x_wconf 89' lang='lat' dir='ltr'><strong>sibi</strong></span> <span class='ocrx_word' id='word_1_253' title='bbox 1107 1845 1350 1900; x_wconf 89' lang='lat' dir='ltr'><strong>dicentes</strong></span> <span class='ocrx_word' id='word_1_254' title='bbox 1376 1863 1389 1900; x_wconf 90' lang='lat'><strong>:</strong></span> <span class='ocrx_word' id='word_1_255' title='bbox 1421 1865 1440 1896; x_wconf 73' lang='grc' dir='ltr'><strong>ι</strong></span> <span class='ocrx_word' id='word_1_256' title='bbox 1475 1845 1586 1901; x_wconf 86' lang='lat' dir='ltr'><strong>Cur</strong></span> <span class='ocrx_word' id='word_1_257' title='bbox 1611 1849 1854 1917; x_wconf 70' lang='lat' dir='ltr'><strong>quaeritis</strong></span> <span class='ocrx_word' id='word_1_258' title='bbox 1881 1850 2148 1905; x_wconf 82' lang='lat' dir='ltr'><strong>viventem</strong></span> 
     </span>
    </p>
   </div>
   <div class='ocr_carea' id='block_1_36' title="bbox 595 1929 2150 2001">
    <p class='ocr_par' dir='ltr' id='par_1_36' title="bbox 595 1929 2150 2001">
     <span class='ocr_line' id='line_1_36' title="bbox 595 1929 2150 2001; baseline 0.008 -17"><span class='ocrx_word' id='word_1_259' title='bbox 595 1929 739 1985; x_wconf 80' lang='lat' dir='ltr'><strong>inter</strong></span> <span class='ocrx_word' id='word_1_260' title='bbox 775 1934 1061 1988; x_wconf 85' lang='lat' dir='ltr'><strong>mortuos?</strong></span> <span class='ocrx_word' id='word_1_261' title='bbox 1091 1950 1196 1989; x_wconf 90' lang='lat' dir='ltr'><strong>non</strong></span> <span class='ocrx_word' id='word_1_262' title='bbox 1241 1944 1324 1990; x_wconf 85' lang='lat' dir='ltr'><strong>est</strong></span> <span class='ocrx_word' id='word_1_263' title='bbox 1359 1937 1468 2001; x_wconf 88' lang='lat' dir='ltr'><strong>hic,</strong></span> <span class='ocrx_word' id='word_1_264' title='bbox 1502 1939 1596 1994; x_wconf 87' lang='lat' dir='ltr'><strong>sed</strong></span> <span class='ocrx_word' id='word_1_265' title='bbox 1653 1941 1910 1996; x_wconf 79' lang='lat' dir='ltr'><strong>surrexit.</strong></span> <span class='ocrx_word' id='word_1_266' title='bbox 1947 1941 2150 1998; x_wconf 79' lang='lat' dir='ltr'><strong>Recor-</strong></span> 
     </span>
    </p>
   </div>
   <div class='ocr_carea' id='block_1_37' title="bbox 589 2022 2144 2101">
    <p class='ocr_par' dir='ltr' id='par_1_37' title="bbox 589 2022 2144 2101">
     <span class='ocr_line' id='line_1_37' title="bbox 589 2022 2144 2101; baseline 0.009 -25"><span class='ocrx_word' id='word_1_267' title='bbox 589 2022 791 2078; x_wconf 87' lang='lat' dir='ltr'><strong>damini</strong></span> <span class='ocrx_word' id='word_1_268' title='bbox 831 2041 950 2095; x_wconf 70' lang='lat' dir='ltr'><strong>quae</strong></span> <span class='ocrx_word' id='word_1_269' title='bbox 981 2029 1134 2082; x_wconf 81' lang='lat' dir='ltr'><strong>vobis</strong></span> <span class='ocrx_word' id='word_1_270' title='bbox 1173 2028 1310 2083; x_wconf 88' lang='lat' dir='ltr'><strong>dixit</strong></span> <span class='ocrx_word' id='word_1_271' title='bbox 1344 2029 1471 2083; x_wconf 93' lang='lat' dir='ltr'><strong>dum</strong></span> <span class='ocrx_word' id='word_1_272' title='bbox 1503 2032 1780 2088; x_wconf 78' lang='lat' dir='ltr'><strong>vobiscum</strong></span> <span class='ocrx_word' id='word_1_273' title='bbox 1815 2043 2144 2101; x_wconf 82' lang='lat' dir='ltr'><strong>versaretur,</strong></span> 
     </span>
    </p>
   </div>
   <div class='ocr_carea' id='block_1_38' title="bbox 588 2116 2152 2200">
    <p class='ocr_par' dir='ltr' id='par_1_38' title="bbox 588 2116 2152 2200">
     <span class='ocr_line' id='line_1_38' title="bbox 588 2116 2152 2200; baseline 0.011 -33"><span class='ocrx_word' id='word_1_274' title='bbox 588 2116 739 2183; x_wconf 82' lang='lat' dir='ltr'><strong>quod</strong></span> <span class='ocrx_word' id='word_1_275' title='bbox 782 2133 974 2189; x_wconf 87' lang='lat' dir='ltr'><strong>nempe</strong></span> <span class='ocrx_word' id='word_1_276' title='bbox 1009 2129 1283 2190; x_wconf 90' lang='lat' dir='ltr'><strong>oporteret</strong></span> <span class='ocrx_word' id='word_1_277' title='bbox 1316 2121 1514 2178; x_wconf 87' lang='lat' dir='ltr'><strong>Filium</strong></span> <span class='ocrx_word' id='word_1_278' title='bbox 1565 2124 1804 2184; x_wconf 86' lang='lat' dir='ltr'><strong>hominis</strong></span> <span class='ocrx_word' id='word_1_279' title='bbox 1847 2129 1992 2200; x_wconf 87' lang='lat' dir='ltr'><strong>pati;</strong></span> <span class='ocrx_word' id='word_1_280' title='bbox 2027 2149 2046 2182; x_wconf 74' lang='grc' dir='ltr'><strong>ι</strong></span> <span class='ocrx_word' id='word_1_281' title='bbox 2093 2137 2152 2186; x_wconf 78' lang='lat' dir='ltr'><strong>et</strong></span> 
     </span>
    </p>
   </div>
   <div class='ocr_carea' id='block_1_39' title="bbox 588 2205 816 2275">
    <p class='ocr_par' dir='ltr' id='par_1_39' title="bbox 588 2205 816 2275">
     <span class='ocr_line' id='line_1_39' title="bbox 588 2205 816 2275; baseline 0.013 -15"><span class='ocrx_word' id='word_1_282' title='bbox 588 2205 816 2275; x_wconf 83' lang='lat' dir='ltr'><strong>reliqua.</strong></span> 
     </span>
    </p>
   </div>
   <div class='ocr_carea' id='block_1_40' title="bbox 658 2294 2147 2378">
    <p class='ocr_par' dir='ltr' id='par_1_40' title="bbox 658 2294 2147 2378">
     <span class='ocr_line' id='line_1_40' title="bbox 658 2294 2147 2378; baseline 0.008 -27"><span class='ocrx_word' id='word_1_283' title='bbox 658 2295 709 2352; x_wconf 73' lang='grc'><strong>4.</strong></span> <span class='ocrx_word' id='word_1_284' title='bbox 750 2294 986 2355; x_wconf 84' lang='lat' dir='ltr'><strong>Joannes</strong></span> <span class='ocrx_word' id='word_1_285' title='bbox 1013 2301 1090 2354; x_wconf 88' lang='lat' dir='ltr'><strong>ait</strong></span> <span class='ocrx_word' id='word_1_286' title='bbox 1131 2315 1237 2356; x_wconf 89' lang='lat' dir='ltr'><strong>una</strong></span> <span class='ocrx_word' id='word_1_287' title='bbox 1277 2301 1639 2362; x_wconf 88' lang='lat' dir='ltr'><strong>Sabbatorum</strong></span> <span class='ocrx_word' id='word_1_288' title='bbox 1667 2305 1887 2362; x_wconf 83' lang='lat' dir='ltr'><strong>Mariam</strong></span> <span class='ocrx_word' id='word_1_289' title='bbox 1929 2307 2147 2378; x_wconf 78' lang='lat' dir='ltr'><strong>Magda-</strong></span> 
     </span>
    </p>
   </div>
   <div class='ocr_carea' id='block_1_41' title="bbox 587 2386 2152 2456">
    <p class='ocr_par' dir='ltr' id='par_1_41' title="bbox 587 2386 2152 2456">
     <span class='ocr_line' id='line_1_41' title="bbox 587 2386 2152 2456; baseline 0.01 -17"><span class='ocrx_word' id='word_1_290' title='bbox 587 2386 761 2442; x_wconf 89' lang='lat' dir='ltr'><strong>lenam</strong></span> <span class='ocrx_word' id='word_1_291' title='bbox 787 2389 955 2444; x_wconf 84' lang='lat' dir='ltr'><strong>solam</strong></span> <span class='ocrx_word' id='word_1_292' title='bbox 980 2394 1280 2450; x_wconf 87' lang='lat' dir='ltr'><strong>accessisse</strong></span> <span class='ocrx_word' id='word_1_293' title='bbox 1300 2395 1366 2450; x_wconf 88' lang='lat' dir='ltr'><strong>ad</strong></span> <span class='ocrx_word' id='word_1_294' title='bbox 1389 2407 1796 2454; x_wconf 84' lang='lat' dir='ltr'><strong>monumentum</strong></span> <span class='ocrx_word' id='word_1_295' title='bbox 1820 2415 1942 2454; x_wconf 90' lang='lat' dir='ltr'><strong>eum</strong></span> <span class='ocrx_word' id='word_1_296' title='bbox 1967 2400 2152 2456; x_wconf 85' lang='lat' dir='ltr'><strong>adhue</strong></span> 
     </span>
    </p>
   </div>
   <div class='ocr_carea' id='block_1_42' title="bbox 585 2481 2142 2560">
    <p class='ocr_par' dir='ltr' id='par_1_42' title="bbox 585 2481 2142 2560">
     <span class='ocr_line' id='line_1_42' title="bbox 585 2481 2142 2560; baseline 0.011 -28"><span class='ocrx_word' id='word_1_297' title='bbox 585 2481 817 2535; x_wconf 69' lang='lat' dir='ltr'><strong>tenebrae</strong></span> <span class='ocrx_word' id='word_1_298' title='bbox 841 2493 1061 2551; x_wconf 87' lang='lat' dir='ltr'><strong>essent;</strong></span> <span class='ocrx_word' id='word_1_299' title='bbox 1098 2487 1304 2542; x_wconf 86' lang='lat' dir='ltr'><strong>vidisse</strong></span> <span class='ocrx_word' id='word_1_300' title='bbox 1329 2490 1560 2560; x_wconf 89' lang='lat' dir='ltr'><strong>lapidem</strong></span> <span class='ocrx_word' id='word_1_301' title='bbox 1593 2493 1900 2559; x_wconf 86' lang='lat' dir='ltr'><strong>sublatum;</strong></span> <span class='ocrx_word' id='word_1_302' title='bbox 1933 2494 2142 2548; x_wconf 87' lang='lat' dir='ltr'><strong>venisse</strong></span> 
     </span>
    </p>
   </div>
   <div class='ocr_carea' id='block_1_43' title="bbox 584 2569 2143 2651">
    <p class='ocr_par' dir='ltr' id='par_1_43' title="bbox 584 2569 2143 2651">
     <span class='ocr_line' id='line_1_43' title="bbox 584 2569 2143 2651; baseline 0.012 -29"><span class='ocrx_word' id='word_1_303' title='bbox 584 2569 653 2623; x_wconf 83' lang='lat' dir='ltr'><strong>ad</strong></span> <span class='ocrx_word' id='word_1_304' title='bbox 702 2569 976 2628; x_wconf 87' lang='lat' dir='ltr'><strong>Simonem</strong></span> <span class='ocrx_word' id='word_1_305' title='bbox 1020 2586 1182 2646; x_wconf 88' lang='lat' dir='ltr'><strong>atque</strong></span> <span class='ocrx_word' id='word_1_306' title='bbox 1205 2577 1488 2639; x_wconf 85' lang='lat' dir='ltr'><strong>Joannem.</strong></span> <span class='ocrx_word' id='word_1_307' title='bbox 1533 2582 1731 2651; x_wconf 89' lang='lat' dir='ltr'><strong>quibus</strong></span> <span class='ocrx_word' id='word_1_308' title='bbox 1777 2584 1892 2638; x_wconf 91' lang='lat' dir='ltr'><strong>ait:</strong></span> <span class='ocrx_word' id='word_1_309' title='bbox 1931 2602 1950 2634; x_wconf 75' lang='grc' dir='ltr'><strong>ι</strong></span> <span class='ocrx_word' id='word_1_310' title='bbox 1979 2582 2143 2640; x_wconf 87' lang='lat' dir='ltr'><strong>Tule-</strong></span> 
     </span>
    </p>
   </div>
   <div class='ocr_carea' id='block_1_44' title="bbox 583 2660 2140 2745">
    <p class='ocr_par' dir='ltr' id='par_1_44' title="bbox 583 2660 2140 2745">
     <span class='ocr_line' id='line_1_44' title="bbox 583 2660 2140 2745; baseline 0.01 -30"><span class='ocrx_word' id='word_1_311' title='bbox 583 2669 713 2716; x_wconf 89' lang='lat' dir='ltr'><strong>runt</strong></span> <span class='ocrx_word' id='word_1_312' title='bbox 741 2660 1023 2717; x_wconf 88' lang='lat' dir='ltr'><strong>Dominum</strong></span> <span class='ocrx_word' id='word_1_313' title='bbox 1049 2667 1116 2721; x_wconf 91' lang='lat' dir='ltr'><strong>de</strong></span> <span class='ocrx_word' id='word_1_314' title='bbox 1142 2679 1516 2736; x_wconf 88' lang='lat' dir='ltr'><strong>monumento,</strong></span> <span class='ocrx_word' id='word_1_315' title='bbox 1538 2681 1591 2726; x_wconf 92' lang='lat' dir='ltr'><strong>et</strong></span> <span class='ocrx_word' id='word_1_316' title='bbox 1621 2675 1806 2728; x_wconf 88' lang='lat' dir='ltr'><strong>nescio</strong></span> <span class='ocrx_word' id='word_1_317' title='bbox 1834 2675 1922 2729; x_wconf 93' lang='lat' dir='ltr'><strong>ubi</strong></span> <span class='ocrx_word' id='word_1_318' title='bbox 1943 2691 2140 2745; x_wconf 84' lang='lat' dir='ltr'><strong>posue-</strong></span> 
     </span>
    </p>
   </div>
   <div class='ocr_carea' id='block_1_45' title="bbox 584 2755 2139 2832">
    <p class='ocr_par' dir='ltr' id='par_1_45' title="bbox 584 2755 2139 2832">
     <span class='ocr_line' id='line_1_45' title="bbox 584 2755 2139 2832; baseline 0.011 -26"><span class='ocrx_word' id='word_1_319' title='bbox 584 2761 713 2806; x_wconf 89' lang='lat' dir='ltr'><strong>runt</strong></span> <span class='ocrx_word' id='word_1_320' title='bbox 742 2768 887 2808; x_wconf 88' lang='lat' dir='ltr'><strong>eum.</strong></span> <span class='ocrx_word' id='word_1_321' title='bbox 918 2755 1076 2810; x_wconf 84' lang='lat' dir='ltr'><strong>Venit</strong></span> <span class='ocrx_word' id='word_1_322' title='bbox 1108 2774 1236 2829; x_wconf 80' lang='lat' dir='ltr'><strong>ergo</strong></span> <span class='ocrx_word' id='word_1_323' title='bbox 1259 2759 1454 2814; x_wconf 89' lang='lat' dir='ltr'><strong>Petrus</strong></span> <span class='ocrx_word' id='word_1_324' title='bbox 1482 2771 1642 2832; x_wconf 91' lang='lat' dir='ltr'><strong>atque</strong></span> <span class='ocrx_word' id='word_1_325' title='bbox 1660 2762 1899 2822; x_wconf 90' lang='lat' dir='ltr'><strong>Joannes</strong></span> <span class='ocrx_word' id='word_1_326' title='bbox 1927 2768 1991 2822; x_wconf 92' lang='lat' dir='ltr'><strong>ad</strong></span> <span class='ocrx_word' id='word_1_327' title='bbox 2023 2775 2139 2823; x_wconf 82' lang='lat' dir='ltr'><strong>mo-</strong></span> 
     </span>
    </p>
   </div>
   <div class='ocr_carea' id='block_1_46' title="bbox 585 2852 2140 2926">
    <p class='ocr_par' dir='ltr' id='par_1_46' title="bbox 585 2852 2140 2926">
     <span class='ocr_line' id='line_1_46' title="bbox 585 2852 2140 2926; baseline 0.013 -30"><span class='ocrx_word' id='word_1_328' title='bbox 585 2852 937 2916; x_wconf 80' lang='lat' dir='ltr'><strong>numentum;</strong></span> <span class='ocrx_word' id='word_1_329' title='bbox 971 2869 988 2900; x_wconf 71' lang='grc' dir='ltr'><strong>ι</strong></span> <span class='ocrx_word' id='word_1_330' title='bbox 1022 2859 1075 2903; x_wconf 91' lang='lat' dir='ltr'><strong>et</strong></span> <span class='ocrx_word' id='word_1_331' title='bbox 1103 2852 1330 2921; x_wconf 87' lang='lat' dir='ltr'><strong>reliqua.</strong></span> <span class='ocrx_word' id='word_1_332' title='bbox 1371 2852 1573 2909; x_wconf 92' lang='lat' dir='ltr'><strong>Deinde</strong></span> <span class='ocrx_word' id='word_1_333' title='bbox 1602 2854 1968 2926; x_wconf 81' lang='lat' dir='ltr'><strong>Magdalenam</strong></span> <span class='ocrx_word' id='word_1_334' title='bbox 2008 2859 2140 2915; x_wconf 80' lang='lat' dir='ltr'><strong>flen-</strong></span> 
     </span>
    </p>
   </div>
   <div class='ocr_carea' id='block_1_47' title="bbox 582 2937 2136 3015">
    <p class='ocr_par' dir='ltr' id='par_1_47' title="bbox 582 2937 2136 3015">
     <span class='ocr_line' id='line_1_47' title="bbox 582 2937 2136 3015; baseline 0.011 -26"><span class='ocrx_word' id='word_1_335' title='bbox 582 2942 690 2990; x_wconf 90' lang='lat' dir='ltr'><strong>tem</strong></span> <span class='ocrx_word' id='word_1_336' title='bbox 721 2937 940 2994; x_wconf 86' lang='lat' dir='ltr'><strong>exhibet</strong></span> <span class='ocrx_word' id='word_1_337' title='bbox 968 2943 1327 3012; x_wconf 82' lang='lat' dir='ltr'><strong>evangelista;</strong></span> <span class='ocrx_word' id='word_1_338' title='bbox 1373 2961 1534 3015; x_wconf 90' lang='lat' dir='ltr'><strong>qnam</strong></span> <span class='ocrx_word' id='word_1_339' title='bbox 1583 2955 1755 3002; x_wconf 88' lang='lat' dir='ltr'><strong>semet</strong></span> <span class='ocrx_word' id='word_1_340' title='bbox 1786 2950 2136 3006; x_wconf 82' lang='lat' dir='ltr'><strong>inclinantem</strong></span> 
     </span>
    </p>
   </div>
   <div class='ocr_carea' id='block_1_48' title="bbox 2179 1724 3702 1823">
    <p class='ocr_par' dir='ltr' id='par_1_48' title="bbox 2179 1724 3702 1823">
     <span class='ocr_line' id='line_1_48' title="bbox 2179 1724 3702 1823; baseline 0 -19"><span class='ocrx_word' id='word_1_341' title='bbox 2179 1724 2232 1780; x_wconf 57' lang='lat'><strong>3</strong></span> <span class='ocrx_word' id='word_1_342' title='bbox 2251 1724 2694 1823; x_wconf 75' lang='grc' dir='ltr'>ακολουθήσασαι,</span> <span class='ocrx_word' id='word_1_343' title='bbox 2711 1753 2798 1805; x_wconf 84' lang='grc' dir='ltr'><strong>ὅτε</strong></span> <span class='ocrx_word' id='word_1_344' title='bbox 2813 1724 3042 1806; x_wconf 74' lang='grc' dir='ltr'>ἔθαπτον</span> <span class='ocrx_word' id='word_1_345' title='bbox 3055 1754 3215 1806; x_wconf 75' lang='grc' dir='ltr'>αὑτὸν</span> <span class='ocrx_word' id='word_1_346' title='bbox 3227 1724 3453 1807; x_wconf 73' lang='grc' dir='ltr'><strong>ἐλθοῦσαι</strong></span> <span class='ocrx_word' id='word_1_347' title='bbox 3469 1724 3599 1806; x_wconf 68' lang='grc' dir='ltr'><strong>ἐπὶῦ</strong></span> <span class='ocrx_word' id='word_1_348' title='bbox 3609 1752 3702 1822; x_wconf 55' lang='lat' dir='ltr'><strong>nvi;-</strong></span> 
     </span>
    </p>
   </div>
   <div class='ocr_carea' id='block_1_49' title="bbox 2251 1841 3697 1915">
    <p class='ocr_par' dir='ltr' id='par_1_49' title="bbox 2251 1841 3697 1915">
     <span class='ocr_line' id='line_1_49' title="bbox 2251 1841 3697 1915; baseline -0.001 -19"><span class='ocrx_word' id='word_1_349' title='bbox 2251 1861 2324 1915; x_wconf 90' lang='grc' dir='ltr'><strong>μα</strong></span> <span class='ocrx_word' id='word_1_350' title='bbox 2343 1860 2356 1875; x_wconf 92' lang='grc'><strong>·</strong></span> <span class='ocrx_word' id='word_1_351' title='bbox 2390 1844 2587 1909; x_wconf 80' lang='grc' dir='ltr'><strong>αἵτινες</strong></span> <span class='ocrx_word' id='word_1_352' title='bbox 2613 1844 2705 1898; x_wconf 87' lang='grc' dir='ltr'><strong>δύο</strong></span> <span class='ocrx_word' id='word_1_353' title='bbox 2737 1844 2999 1914; x_wconf 79' lang='grc' dir='ltr'><strong>ἀγγέλους</strong></span> <span class='ocrx_word' id='word_1_354' title='bbox 3032 1841 3202 1910; x_wconf 74' lang='grc' dir='ltr'><strong>εἶδον,</strong></span> <span class='ocrx_word' id='word_1_355' title='bbox 3248 1845 3296 1899; x_wconf 77' lang='grc' dir='ltr'><strong>οἳ</strong></span> <span class='ocrx_word' id='word_1_356' title='bbox 3330 1848 3420 1899; x_wconf 73' lang='grc' dir='ltr'><strong>καὶ</strong></span> <span class='ocrx_word' id='word_1_357' title='bbox 3457 1841 3591 1906; x_wconf 77' lang='grc' dir='ltr'>εἷπον,</span> <span class='ocrx_word' id='word_1_358' title='bbox 3620 1843 3697 1895; x_wconf 76' lang='grc' dir='ltr'>στί</span> 
     </span>
    </p>
   </div>
   <div class='ocr_carea' id='block_1_50' title="bbox 2249 1931 3697 2010">
    <p class='ocr_par' dir='ltr' id='par_1_50' title="bbox 2249 1931 3697 2010">
     <span class='ocr_line' id='line_1_50' title="bbox 2249 1931 3697 2010; baseline 0.001 -21"><span class='ocrx_word' id='word_1_359' title='bbox 2249 1936 2453 2007; x_wconf 81' lang='grc' dir='ltr'><strong>ζητεῖτε</strong></span> <span class='ocrx_word' id='word_1_360' title='bbox 2481 1937 2572 1990; x_wconf 82' lang='grc' dir='ltr'><strong>τὸν</strong></span> <span class='ocrx_word' id='word_1_361' title='bbox 2600 1935 2777 2000; x_wconf 78' lang='grc' dir='ltr'>ζῶντα</span> <span class='ocrx_word' id='word_1_362' title='bbox 2810 1937 2946 2008; x_wconf 88' lang='grc' dir='ltr'><strong>μετά</strong></span> <span class='ocrx_word' id='word_1_363' title='bbox 2971 1937 3082 1991; x_wconf 86' lang='grc' dir='ltr'>τῶν</span> <span class='ocrx_word' id='word_1_364' title='bbox 3111 1937 3348 2010; x_wconf 87' lang='grc' dir='ltr'><strong>νεκρῶν;</strong></span> <span class='ocrx_word' id='word_1_365' title='bbox 3376 1939 3463 1991; x_wconf 84' lang='grc' dir='ltr'><strong>οὐκ</strong></span> <span class='ocrx_word' id='word_1_366' title='bbox 3490 1939 3591 1990; x_wconf 72' lang='grc' dir='ltr'><strong>ἔστιν</strong></span> <span class='ocrx_word' id='word_1_367' title='bbox 3609 1931 3697 1998; x_wconf 78' lang='grc' dir='ltr'><strong>ὧδε,</strong></span> 
     </span>
    </p>
   </div>
   <div class='ocr_carea' id='block_1_51' title="bbox 2246 2023 3712 2098">
    <p class='ocr_par' dir='ltr' id='par_1_51' title="bbox 2246 2023 3712 2098">
     <span class='ocr_line' id='line_1_51' title="bbox 2246 2023 3712 2098; baseline -0.001 -20"><span class='ocrx_word' id='word_1_368' title='bbox 2246 2025 2357 2078; x_wconf 83' lang='grc' dir='ltr'>ἀλλ’</span> <span class='ocrx_word' id='word_1_369' title='bbox 2381 2023 2586 2096; x_wconf 80' lang='grc' dir='ltr'>ἡγέρθη</span> <span class='ocrx_word' id='word_1_370' title='bbox 2605 2042 2620 2057; x_wconf 77' lang='grc' dir='ltr'><strong>ο</strong></span> <span class='ocrx_word' id='word_1_371' title='bbox 2659 2026 2931 2098; x_wconf 89' lang='grc' dir='ltr'>μνήσθητε</span> <span class='ocrx_word' id='word_1_372' title='bbox 2958 2027 3036 2087; x_wconf 81' lang='grc' dir='ltr'><strong>ὡς</strong></span> <span class='ocrx_word' id='word_1_373' title='bbox 3061 2026 3315 2098; x_wconf 82' lang='grc' dir='ltr'><strong>ἐλάλησεν</strong></span> <span class='ocrx_word' id='word_1_374' title='bbox 3343 2029 3457 2097; x_wconf 81' lang='grc' dir='ltr'>ὑμῖν</span> <span class='ocrx_word' id='word_1_375' title='bbox 3477 2027 3538 2081; x_wconf 84' lang='grc' dir='ltr'>έτι</span> <span class='ocrx_word' id='word_1_376' title='bbox 3560 2026 3613 2078; x_wconf 72' lang='grc' dir='ltr'><strong>ὢν</strong></span> <span class='ocrx_word' id='word_1_377' title='bbox 3635 2028 3712 2080; x_wconf 74' lang='grc' dir='ltr'><strong>σὺν.</strong></span> 
     </span>
    </p>
   </div>
   <div class='ocr_carea' id='block_1_52' title="bbox 2247 2115 3700 2189">
    <p class='ocr_par' dir='ltr' id='par_1_52' title="bbox 2247 2115 3700 2189">
     <span class='ocr_line' id='line_1_52' title="bbox 2247 2115 3700 2189; baseline -0.002 -19"><span class='ocrx_word' id='word_1_378' title='bbox 2247 2117 2372 2187; x_wconf 76' lang='grc' dir='ltr'>ὑμῖν</span> <span class='ocrx_word' id='word_1_379' title='bbox 2398 2115 2598 2184; x_wconf 87' lang='grc' dir='ltr'><strong>λέγων,</strong></span> <span class='ocrx_word' id='word_1_380' title='bbox 2624 2117 2712 2171; x_wconf 47' lang='grc' dir='ltr'>ὅτι.</span> <span class='ocrx_word' id='word_1_381' title='bbox 2728 2117 2815 2170; x_wconf 52' lang='grc' dir='ltr'><strong>δεῖ,</strong></span> <span class='ocrx_word' id='word_1_382' title='bbox 2834 2117 3026 2172; x_wconf 77' lang='grc' dir='ltr'><strong>παθεῖν</strong></span> <span class='ocrx_word' id='word_1_383' title='bbox 3059 2118 3150 2171; x_wconf 82' lang='grc' dir='ltr'><strong>τὸν</strong></span> <span class='ocrx_word' id='word_1_384' title='bbox 3178 2117 3301 2171; x_wconf 81' lang='grc' dir='ltr'><strong>Υἱδν</strong></span> <span class='ocrx_word' id='word_1_385' title='bbox 3324 2117 3618 2189; x_wconf 78' lang='grc' dir='ltr'>ἀνθρώπου.»</span> <span class='ocrx_word' id='word_1_386' title='bbox 3638 2117 3700 2168; x_wconf 80' lang='grc' dir='ltr'>καὶ</span> 
     </span>
    </p>
   </div>
   <div class='ocr_carea' id='block_1_53' title="bbox 2242 2205 2490 2278">
    <p class='ocr_par' dir='ltr' id='par_1_53' title="bbox 2242 2205 2490 2278">
     <span class='ocr_line' id='line_1_53' title="bbox 2242 2205 2490 2278; baseline 0.004 -18"><span class='ocrx_word' id='word_1_387' title='bbox 2242 2207 2311 2261; x_wconf 73' lang='grc' dir='ltr'><strong>τὰ</strong></span> <span class='ocrx_word' id='word_1_388' title='bbox 2343 2205 2490 2278; x_wconf 75' lang='grc' dir='ltr'><strong>ἑξῆς.</strong></span> 
     </span>
    </p>
   </div>
   <div class='ocr_carea' id='block_1_54' title="bbox 2311 2299 3696 2374">
    <p class='ocr_par' dir='ltr' id='par_1_54' title="bbox 2311 2299 3696 2374">
     <span class='ocr_line' id='line_1_54' title="bbox 2311 2299 3696 2374; baseline -0.001 -22"><span class='ocrx_word' id='word_1_389' title='bbox 2311 2299 2382 2352; x_wconf 87' lang='grc' dir='ltr'><strong>δ’.</strong></span> <span class='ocrx_word' id='word_1_390' title='bbox 2419 2301 2540 2354; x_wconf 82' lang='grc' dir='ltr'>Ὀτι</span> <span class='ocrx_word' id='word_1_391' title='bbox 2572 2300 2820 2372; x_wconf 82' lang='grc' dir='ltr'><strong>Ἰωάννης</strong></span> <span class='ocrx_word' id='word_1_392' title='bbox 2851 2303 3001 2371; x_wconf 79' lang='grc' dir='ltr'><strong>λέγει</strong></span> <span class='ocrx_word' id='word_1_393' title='bbox 3020 2306 3088 2374; x_wconf 81' lang='grc' dir='ltr'>τῇ</span> <span class='ocrx_word' id='word_1_394' title='bbox 3123 2303 3220 2374; x_wconf 78' lang='grc' dir='ltr'><strong>μιᾷ</strong></span> <span class='ocrx_word' id='word_1_395' title='bbox 3244 2301 3345 2355; x_wconf 85' lang='grc' dir='ltr'>τῶν</span> <span class='ocrx_word' id='word_1_396' title='bbox 3364 2299 3599 2355; x_wconf 75' lang='grc' dir='ltr'>Σαῦὁὰτων</span> <span class='ocrx_word' id='word_1_397' title='bbox 3618 2299 3696 2350; x_wconf 73' lang='grc' dir='ltr'><strong>Μα-</strong></span> 
     </span>
    </p>
   </div>
   <div class='ocr_carea' id='block_1_55' title="bbox 2247 2390 3693 2466">
    <p class='ocr_par' dir='ltr' id='par_1_55' title="bbox 2247 2390 3693 2466">
     <span class='ocr_line' id='line_1_55' title="bbox 2247 2390 3693 2466; baseline 0.005 -24"><span class='ocrx_word' id='word_1_398' title='bbox 2247 2390 2364 2462; x_wconf 84' lang='grc' dir='ltr'>ρίαν</span> <span class='ocrx_word' id='word_1_399' title='bbox 2391 2391 2488 2463; x_wconf 80' lang='grc' dir='ltr'><strong>τὴν</strong></span> <span class='ocrx_word' id='word_1_400' title='bbox 2509 2392 2870 2464; x_wconf 81' lang='grc' dir='ltr'><strong>Μαγδαληνὴν</strong></span> <span class='ocrx_word' id='word_1_401' title='bbox 2897 2395 3065 2465; x_wconf 81' lang='grc' dir='ltr'>μόνην</span> <span class='ocrx_word' id='word_1_402' title='bbox 3083 2393 3330 2466; x_wconf 80' lang='grc' dir='ltr'>ἔρχεσθαι</span> <span class='ocrx_word' id='word_1_403' title='bbox 3354 2394 3473 2464; x_wconf 79' lang='grc' dir='ltr'>πρὸς</span> <span class='ocrx_word' id='word_1_404' title='bbox 3493 2392 3541 2444; x_wconf 81' lang='grc' dir='ltr'><strong>τὸ</strong></span> <span class='ocrx_word' id='word_1_405' title='bbox 3554 2391 3693 2461; x_wconf 65' lang='grc' dir='ltr'>μνῆμα.</span> 
     </span>
    </p>
   </div>
   <div class='ocr_carea' id='block_1_56' title="bbox 2243 2481 3704 2556">
    <p class='ocr_par' dir='ltr' id='par_1_56' title="bbox 2243 2481 3704 2556">
     <span class='ocr_line' id='line_1_56' title="bbox 2243 2481 3704 2556; baseline -0.002 -22"><span class='ocrx_word' id='word_1_406' title='bbox 2243 2481 2458 2545; x_wconf 83' lang='grc' dir='ltr'><strong>σκοτίας</strong></span> <span class='ocrx_word' id='word_1_407' title='bbox 2483 2482 2561 2536; x_wconf 77' lang='grc' dir='ltr'><strong>ἔτι</strong></span> <span class='ocrx_word' id='word_1_408' title='bbox 2588 2482 2753 2554; x_wconf 81' lang='grc' dir='ltr'><strong>οὔσης</strong></span> <span class='ocrx_word' id='word_1_409' title='bbox 2771 2525 2785 2548; x_wconf 95' lang='grc'><strong>,</strong></span> <span class='ocrx_word' id='word_1_410' title='bbox 2821 2484 2915 2538; x_wconf 74' lang='grc' dir='ltr'><strong>καὶ</strong></span> <span class='ocrx_word' id='word_1_411' title='bbox 2948 2485 3134 2556; x_wconf 80' lang='grc' dir='ltr'><strong>βλέπει</strong></span> <span class='ocrx_word' id='word_1_412' title='bbox 3164 2487 3255 2539; x_wconf 83' lang='grc' dir='ltr'><strong>τὸν</strong></span> <span class='ocrx_word' id='word_1_413' title='bbox 3288 2485 3421 2538; x_wconf 87' lang='grc' dir='ltr'>λίθον</span> <span class='ocrx_word' id='word_1_414' title='bbox 3442 2482 3622 2554; x_wconf 70' lang='grc' dir='ltr'>ἠρμένον</span> <span class='ocrx_word' id='word_1_415' title='bbox 3637 2482 3704 2532; x_wconf 72' lang='lat' dir='ltr'><strong>ul.-</strong></span> 
     </span>
    </p>
   </div>
   <div class='ocr_carea' id='block_1_57' title="bbox 2239 2572 3694 2650">
    <p class='ocr_par' dir='ltr' id='par_1_57' title="bbox 2239 2572 3694 2650">
     <span class='ocr_line' id='line_1_57' title="bbox 2239 2572 3694 2650; baseline 0.005 -24"><span class='ocrx_word' id='word_1_416' title='bbox 2239 2572 2453 2645; x_wconf 73' lang='grc' dir='ltr'>ἔρχεται</span> <span class='ocrx_word' id='word_1_417' title='bbox 2485 2576 2638 2646; x_wconf 69' lang='grc' dir='ltr'>πρὸς</span> <span class='ocrx_word' id='word_1_418' title='bbox 2667 2577 2883 2648; x_wconf 88' lang='grc' dir='ltr'>Σίμωνα</span> <span class='ocrx_word' id='word_1_419' title='bbox 2916 2578 3010 2632; x_wconf 81' lang='grc' dir='ltr'><strong>καὶ</strong></span> <span class='ocrx_word' id='word_1_420' title='bbox 3042 2579 3182 2650; x_wconf 83' lang='grc' dir='ltr'>πρὸς</span> <span class='ocrx_word' id='word_1_421' title='bbox 3228 2578 3457 2649; x_wconf 78' lang='grc' dir='ltr'><strong>Ἰωάννην</strong></span> <span class='ocrx_word' id='word_1_422' title='bbox 3485 2576 3559 2630; x_wconf 79' lang='grc' dir='ltr'><strong>καὶ</strong></span> <span class='ocrx_word' id='word_1_423' title='bbox 3583 2573 3694 2639; x_wconf 69' lang='grc' dir='ltr'><strong>λέγειν</strong></span> 
     </span>
    </p>
   </div>
   <div class='ocr_carea' id='block_1_58' title="bbox 2244 2660 3703 2741">
    <p class='ocr_par' dir='ltr' id='par_1_58' title="bbox 2244 2660 3703 2741">
     <span class='ocr_line' id='line_1_58' title="bbox 2244 2660 3703 2741; baseline -0.001 -23"><span class='ocrx_word' id='word_1_424' title='bbox 2244 2685 2262 2717; x_wconf 77' lang='grc' dir='ltr'><strong>ι</strong></span> <span class='ocrx_word' id='word_1_425' title='bbox 2284 2662 2464 2738; x_wconf 86' lang='grc' dir='ltr'>Ἦραν</span> <span class='ocrx_word' id='word_1_426' title='bbox 2491 2667 2583 2721; x_wconf 81' lang='grc' dir='ltr'><strong>τὸν</strong></span> <span class='ocrx_word' id='word_1_427' title='bbox 2622 2668 2824 2740; x_wconf 82' lang='grc' dir='ltr'>Κύριον</span> <span class='ocrx_word' id='word_1_428' title='bbox 2861 2669 2969 2722; x_wconf 83' lang='grc' dir='ltr'><strong>ἀπὸ</strong></span> <span class='ocrx_word' id='word_1_429' title='bbox 2995 2669 3092 2738; x_wconf 87' lang='grc' dir='ltr'><strong>τοῦ</strong></span> <span class='ocrx_word' id='word_1_430' title='bbox 3129 2671 3386 2741; x_wconf 78' lang='grc' dir='ltr'><strong>μνημείου</strong></span> <span class='ocrx_word' id='word_1_431' title='bbox 3415 2670 3495 2724; x_wconf 80' lang='grc' dir='ltr'><strong>καὶ</strong></span> <span class='ocrx_word' id='word_1_432' title='bbox 3524 2668 3600 2720; x_wconf 77' lang='grc' dir='ltr'><strong>οὐκ</strong></span> <span class='ocrx_word' id='word_1_433' title='bbox 3620 2660 3703 2717; x_wconf 70' lang='grc' dir='ltr'>οἶδα.</span> 
     </span>
    </p>
   </div>
   <div class='ocr_carea' id='block_1_59' title="bbox 2236 2757 3692 2835">
    <p class='ocr_par' dir='ltr' id='par_1_59' title="bbox 2236 2757 3692 2835">
     <span class='ocr_line' id='line_1_59' title="bbox 2236 2757 3692 2835; baseline 0.005 -24"><span class='ocrx_word' id='word_1_434' title='bbox 2236 2757 2338 2811; x_wconf 75' lang='grc' dir='ltr'><strong>ποῦ</strong></span> <span class='ocrx_word' id='word_1_435' title='bbox 2377 2759 2576 2830; x_wconf 73' lang='grc' dir='ltr'>ἔθηκαν</span> <span class='ocrx_word' id='word_1_436' title='bbox 2614 2761 2774 2815; x_wconf 75' lang='grc' dir='ltr'>αὐτόν</span> <span class='ocrx_word' id='word_1_437' title='bbox 2795 2778 2808 2791; x_wconf 75' lang='grc' dir='ltr'><strong>ο</strong></span> <span class='ocrx_word' id='word_1_438' title='bbox 2840 2758 3002 2833; x_wconf 79' lang='grc' dir='ltr'>ἦλθεν</span> <span class='ocrx_word' id='word_1_439' title='bbox 3045 2759 3139 2817; x_wconf 77' lang='grc' dir='ltr'><strong>οὖν</strong></span> <span class='ocrx_word' id='word_1_440' title='bbox 3171 2764 3370 2835; x_wconf 81' lang='grc' dir='ltr'><strong>Πέτρος</strong></span> <span class='ocrx_word' id='word_1_441' title='bbox 3398 2763 3478 2816; x_wconf 78' lang='grc' dir='ltr'>καὶ</span> <span class='ocrx_word' id='word_1_442' title='bbox 3521 2761 3692 2828; x_wconf 68' lang='grc' dir='ltr'><strong>Ἰωάννης</strong></span> 
     </span>
    </p>
   </div>
   <div class='ocr_carea' id='block_1_60' title="bbox 2235 2852 3693 2926">
    <p class='ocr_par' dir='ltr' id='par_1_60' title="bbox 2235 2852 3693 2926">
     <span class='ocr_line' id='line_1_60' title="bbox 2235 2852 3693 2926; baseline -0.001 -21"><span class='ocrx_word' id='word_1_443' title='bbox 2235 2852 2327 2905; x_wconf 77' lang='grc' dir='ltr'><strong>ἐπὶ</strong></span> <span class='ocrx_word' id='word_1_444' title='bbox 2355 2852 2416 2906; x_wconf 82' lang='grc' dir='ltr'><strong>τὸ</strong></span> <span class='ocrx_word' id='word_1_445' title='bbox 2440 2855 2698 2925; x_wconf 81' lang='grc' dir='ltr'>μνημεῖον</span> <span class='ocrx_word' id='word_1_446' title='bbox 2716 2895 2730 2918; x_wconf 91' lang='grc'><strong>,</strong></span> <span class='ocrx_word' id='word_1_447' title='bbox 2756 2875 2774 2906; x_wconf 73' lang='grc' dir='ltr'><strong>ι</strong></span> <span class='ocrx_word' id='word_1_448' title='bbox 2804 2855 2986 2909; x_wconf 78' lang='grc' dir='ltr'><strong>καὶτὰ</strong></span> <span class='ocrx_word' id='word_1_449' title='bbox 3015 2856 3162 2926; x_wconf 78' lang='grc' dir='ltr'><strong>ἑξῆς.</strong></span> <span class='ocrx_word' id='word_1_450' title='bbox 3198 2853 3326 2911; x_wconf 79' lang='grc' dir='ltr'>Εἶτα</span> <span class='ocrx_word' id='word_1_451' title='bbox 3350 2857 3528 2924; x_wconf 76' lang='grc' dir='ltr'><strong>εἰσάγει</strong></span> <span class='ocrx_word' id='word_1_452' title='bbox 3551 2853 3693 2906; x_wconf 79' lang='grc' dir='ltr'>κλαίω-</span> 
     </span>
    </p>
   </div>
   <div class='ocr_carea' id='block_1_61' title="bbox 2237 2943 3696 3019">
    <p class='ocr_par' dir='ltr' id='par_1_61' title="bbox 2237 2943 3696 3019">
     <span class='ocr_line' id='line_1_61' title="bbox 2237 2943 3696 3019; baseline -0.001 -23"><span class='ocrx_word' id='word_1_453' title='bbox 2237 2960 2332 3000; x_wconf 88' lang='grc' dir='ltr'>σαν</span> <span class='ocrx_word' id='word_1_454' title='bbox 2366 2945 2464 3017; x_wconf 84' lang='grc' dir='ltr'><strong>τὴν</strong></span> <span class='ocrx_word' id='word_1_455' title='bbox 2496 2947 2855 3018; x_wconf 78' lang='grc' dir='ltr'>Μαγδαληνὴν</span> <span class='ocrx_word' id='word_1_456' title='bbox 2874 2987 2888 3011; x_wconf 94' lang='grc'><strong>,</strong></span> <span class='ocrx_word' id='word_1_457' title='bbox 2931 2947 3027 3000; x_wconf 73' lang='grc' dir='ltr'><strong>καὶ</strong></span> <span class='ocrx_word' id='word_1_458' title='bbox 3063 2948 3444 3019; x_wconf 74' lang='grc' dir='ltr'>παρακύψασαν</span> <span class='ocrx_word' id='word_1_459' title='bbox 3473 2946 3572 2999; x_wconf 81' lang='grc' dir='ltr'>ίδεῖν</span> <span class='ocrx_word' id='word_1_460' title='bbox 3598 2943 3696 3008; x_wconf 68' lang='grc' dir='ltr'>λέγει</span> 
     </span>
    </p>
   </div>
   <div class='ocr_carea' id='block_1_62' title="bbox 580 3029 2135 3117">
    <p class='ocr_par' dir='ltr' id='par_1_62' title="bbox 580 3029 2131 3114">
     <span class='ocr_line' id='line_1_62' title="bbox 580 3029 2131 3114; baseline 0.012 -34"><span class='ocrx_word' id='word_1_461' title='bbox 580 3029 784 3086; x_wconf 82' lang='lat' dir='ltr'><strong>vidisse</strong></span> <span class='ocrx_word' id='word_1_462' title='bbox 809 3033 882 3086; x_wconf 90' lang='lat' dir='ltr'><strong>ait</strong></span> <span class='ocrx_word' id='word_1_463' title='bbox 905 3036 1041 3090; x_wconf 89' lang='lat' dir='ltr'><strong>duos</strong></span> <span class='ocrx_word' id='word_1_464' title='bbox 1085 3037 1307 3105; x_wconf 79' lang='lat' dir='ltr'><strong>angelos</strong></span> <span class='ocrx_word' id='word_1_465' title='bbox 1348 3037 1621 3104; x_wconf 90' lang='lat' dir='ltr'><strong>sedentes,</strong></span> <span class='ocrx_word' id='word_1_466' title='bbox 1651 3057 1816 3094; x_wconf 88' lang='lat' dir='ltr'><strong>unum</strong></span> <span class='ocrx_word' id='word_1_467' title='bbox 1845 3043 1912 3097; x_wconf 85' lang='lat' dir='ltr'><strong>ad</strong></span> <span class='ocrx_word' id='word_1_468' title='bbox 1945 3054 2131 3114; x_wconf 87' lang='lat' dir='ltr'><strong>caput,</strong></span> 
     </span>
    </p>
   </div>
   <div class='ocr_carea' id='block_1_63' title="bbox 2179 3029 3698 3117">
    <p class='ocr_par' dir='ltr' id='par_1_63' title="bbox 2179 3031 3698 3117">
     <span class='ocr_line' id='line_1_63' title="bbox 2179 3031 3698 3117; baseline -0.004 -27"><span class='ocrx_word' id='word_1_469' title='bbox 2179 3058 2208 3117; x_wconf 64' lang='lat'><strong>3</strong></span> <span class='ocrx_word' id='word_1_470' title='bbox 2236 3036 2326 3090; x_wconf 89' lang='grc' dir='ltr'><strong>δύο</strong></span> <span class='ocrx_word' id='word_1_471' title='bbox 2349 3037 2608 3107; x_wconf 76' lang='grc' dir='ltr'><strong>ἀγγέλους</strong></span> <span class='ocrx_word' id='word_1_472' title='bbox 2641 3037 3059 3109; x_wconf 78' lang='grc' dir='ltr'><strong>καθεζομένους,</strong></span> <span class='ocrx_word' id='word_1_473' title='bbox 3092 3039 3188 3093; x_wconf 72' lang='grc' dir='ltr'><strong>ἕνα</strong></span> <span class='ocrx_word' id='word_1_474' title='bbox 3219 3040 3348 3110; x_wconf 81' lang='grc' dir='ltr'>πρὸς</span> <span class='ocrx_word' id='word_1_475' title='bbox 3372 3031 3698 3109; x_wconf 49' lang='grc' dir='ltr'>τῇκεφαλῇααὶ·</span> 
     </span>
    </p>
   </div>
   <div class='ocr_carea' id='block_1_64' title="bbox 578 3119 2135 3205">
    <p class='ocr_par' dir='ltr' id='par_1_64' title="bbox 578 3122 2133 3205">
     <span class='ocr_line' id='line_1_64' title="bbox 578 3122 2133 3205; baseline 0.01 -30"><span class='ocrx_word' id='word_1_476' title='bbox 578 3122 805 3178; x_wconf 86' lang='lat' dir='ltr'><strong>alterum</strong></span> <span class='ocrx_word' id='word_1_477' title='bbox 841 3124 908 3179; x_wconf 88' lang='lat' dir='ltr'><strong>ad</strong></span> <span class='ocrx_word' id='word_1_478' title='bbox 938 3125 1100 3196; x_wconf 90' lang='lat' dir='ltr'><strong>pedes</strong></span> <span class='ocrx_word' id='word_1_479' title='bbox 1119 3168 1134 3191; x_wconf 93' lang='lat'><strong>,</strong></span> <span class='ocrx_word' id='word_1_480' title='bbox 1155 3128 1364 3197; x_wconf 89' lang='lat' dir='ltr'><strong>sibique</strong></span> <span class='ocrx_word' id='word_1_481' title='bbox 1392 3129 1636 3187; x_wconf 89' lang='lat' dir='ltr'><strong>dicentes</strong></span> <span class='ocrx_word' id='word_1_482' title='bbox 1667 3151 1678 3184; x_wconf 96' lang='lat'>:</span> <span class='ocrx_word' id='word_1_483' title='bbox 1718 3151 1735 3182; x_wconf 77' lang='grc' dir='ltr'><strong>ι</strong></span> <span class='ocrx_word' id='word_1_484' title='bbox 1769 3133 1980 3200; x_wconf 82' lang='lat' dir='ltr'><strong>Mulier,</strong></span> <span class='ocrx_word' id='word_1_485' title='bbox 2003 3136 2133 3205; x_wconf 90' lang='lat' dir='ltr'><strong>quid</strong></span> 
     </span>
    </p>
   </div>
   <div class='ocr_carea' id='block_1_65' title="bbox 2179 3119 3689 3205">
    <p class='ocr_par' dir='ltr' id='par_1_65' title="bbox 2238 3119 3689 3200">
     <span class='ocr_line' id='line_1_65' title="bbox 2238 3119 3689 3200; baseline -0.006 -19"><span class='ocrx_word' id='word_1_486' title='bbox 2238 3128 2333 3181; x_wconf 82' lang='grc' dir='ltr'><strong>ἐνα</strong></span> <span class='ocrx_word' id='word_1_487' title='bbox 2365 3129 2500 3199; x_wconf 86' lang='grc' dir='ltr'><strong>πρὸς</strong></span> <span class='ocrx_word' id='word_1_488' title='bbox 2528 3131 2640 3193; x_wconf 81' lang='grc' dir='ltr'>τοῖς</span> <span class='ocrx_word' id='word_1_489' title='bbox 2665 3130 2818 3182; x_wconf 85' lang='grc' dir='ltr'>ποσίν</span> <span class='ocrx_word' id='word_1_490' title='bbox 2837 3145 2850 3158; x_wconf 90' lang='grc'><strong>·</strong></span> <span class='ocrx_word' id='word_1_491' title='bbox 2877 3129 2971 3182; x_wconf 75' lang='grc' dir='ltr'><strong>καὶ</strong></span> <span class='ocrx_word' id='word_1_492' title='bbox 3001 3129 3249 3199; x_wconf 89' lang='grc' dir='ltr'>λέγουσιν</span> <span class='ocrx_word' id='word_1_493' title='bbox 3268 3130 3394 3200; x_wconf 78' lang='grc' dir='ltr'>αὐτῇ</span> <span class='ocrx_word' id='word_1_494' title='bbox 3416 3171 3428 3192; x_wconf 87' lang='grc'><strong>,</strong></span> <span class='ocrx_word' id='word_1_495' title='bbox 3464 3147 3479 3177; x_wconf 80' lang='grc' dir='ltr'><strong>ι</strong></span> <span class='ocrx_word' id='word_1_496' title='bbox 3499 3126 3638 3182; x_wconf 77' lang='grc' dir='ltr'>Γύναι,</span> <span class='ocrx_word' id='word_1_497' title='bbox 3657 3119 3689 3172; x_wconf 74' lang='grc' dir='ltr'><strong>τί</strong></span> 
     </span>
    </p>
   </div>
   <div class='ocr_carea' id='block_1_66' title="bbox 577 3214 2134 3288">
    <p class='ocr_par' dir='ltr' id='par_1_66' title="bbox 577 3214 2134 3288">
     <span class='ocr_line' id='line_1_66' title="bbox 577 3214 2134 3288; baseline 0.01 -22"><span class='ocrx_word' id='word_1_498' title='bbox 577 3214 797 3282; x_wconf 83' lang='lat' dir='ltr'><strong>ploras?</strong></span> <span class='ocrx_word' id='word_1_499' title='bbox 824 3235 843 3268; x_wconf 77' lang='grc' dir='ltr'><strong>ι</strong></span> <span class='ocrx_word' id='word_1_500' title='bbox 875 3232 994 3286; x_wconf 74' lang='lat' dir='ltr'><strong>quae</strong></span> <span class='ocrx_word' id='word_1_501' title='bbox 1026 3218 1100 3270; x_wconf 92' lang='lat' dir='ltr'><strong>ait</strong></span> <span class='ocrx_word' id='word_1_502' title='bbox 1131 3237 1145 3273; x_wconf 91' lang='lat'><strong>:</strong></span> <span class='ocrx_word' id='word_1_503' title='bbox 1176 3237 1194 3269; x_wconf 70' lang='grc' dir='ltr'><em>ς</em></span> <span class='ocrx_word' id='word_1_504' title='bbox 1228 3218 1491 3274; x_wconf 87' lang='lat' dir='ltr'><strong>Tulerunt</strong></span> <span class='ocrx_word' id='word_1_505' title='bbox 1517 3219 1800 3276; x_wconf 89' lang='lat' dir='ltr'><strong>Dominum</strong></span> <span class='ocrx_word' id='word_1_506' title='bbox 1843 3240 2044 3288; x_wconf 88' lang='lat' dir='ltr'><strong>meum,</strong></span> <span class='ocrx_word' id='word_1_507' title='bbox 2079 3235 2134 3281; x_wconf 92' lang='lat' dir='ltr'><strong>et</strong></span> 
     </span>
    </p>
   </div>
   <div class='ocr_carea' id='block_1_67' title="bbox 579 3305 2129 3377">
    <p class='ocr_par' dir='ltr' id='par_1_67' title="bbox 579 3305 2129 3377">
     <span class='ocr_line' id='line_1_67' title="bbox 579 3305 2129 3377; baseline 0.007 -16"><span class='ocrx_word' id='word_1_508' title='bbox 579 3305 766 3361; x_wconf 86' lang='lat' dir='ltr'><strong>nescio</strong></span> <span class='ocrx_word' id='word_1_509' title='bbox 793 3306 882 3362; x_wconf 91' lang='lat' dir='ltr'><strong>ubi</strong></span> <span class='ocrx_word' id='word_1_510' title='bbox 909 3319 1208 3377; x_wconf 87' lang='lat' dir='ltr'><strong>posuerunt</strong></span> <span class='ocrx_word' id='word_1_511' title='bbox 1242 3328 1394 3374; x_wconf 66' lang='lat' dir='ltr'><strong>eum.</strong></span> <span class='ocrx_word' id='word_1_512' title='bbox 1424 3333 1443 3364; x_wconf 72' lang='grc' dir='ltr'><strong>ι</strong></span> <span class='ocrx_word' id='word_1_513' title='bbox 1479 3313 1600 3368; x_wconf 86' lang='lat' dir='ltr'><strong>Mox</strong></span> <span class='ocrx_word' id='word_1_514' title='bbox 1636 3329 1898 3371; x_wconf 92' lang='lat' dir='ltr'><strong>conversa</strong></span> <span class='ocrx_word' id='word_1_515' title='bbox 1925 3327 2129 3372; x_wconf 87' lang='lat' dir='ltr'><strong>retror-</strong></span> 
     </span>
    </p>
   </div>
   <div class='ocr_carea' id='block_1_68' title="bbox 579 3397 2130 3475">
    <p class='ocr_par' dir='ltr' id='par_1_68' title="bbox 579 3397 2130 3475">
     <span class='ocr_line' id='line_1_68' title="bbox 579 3397 2130 3475; baseline 0.01 -25"><span class='ocrx_word' id='word_1_516' title='bbox 579 3411 700 3450; x_wconf 81' lang='lat' dir='ltr'><strong>sum</strong></span> <span class='ocrx_word' id='word_1_517' title='bbox 743 3397 878 3454; x_wconf 83' lang='lat' dir='ltr'><strong>vidit</strong></span> <span class='ocrx_word' id='word_1_518' title='bbox 923 3398 1108 3456; x_wconf 85' lang='lat' dir='ltr'><strong>Jesum</strong></span> <span class='ocrx_word' id='word_1_519' title='bbox 1165 3412 1420 3468; x_wconf 88' lang='lat' dir='ltr'><strong>stantem,</strong></span> <span class='ocrx_word' id='word_1_520' title='bbox 1468 3421 1642 3475; x_wconf 88' lang='lat' dir='ltr'><strong>neque</strong></span> <span class='ocrx_word' id='word_1_521' title='bbox 1696 3414 1872 3462; x_wconf 87' lang='lat' dir='ltr'><strong>tamen</strong></span> <span class='ocrx_word' id='word_1_522' title='bbox 1924 3411 2130 3465; x_wconf 84' lang='lat' dir='ltr'><strong>sciebat</strong></span> 
     </span>
    </p>
   </div>
   <div class='ocr_carea' id='block_1_69' title="bbox 574 3487 2130 3567">
    <p class='ocr_par' dir='ltr' id='par_1_69' title="bbox 574 3487 2130 3567">
     <span class='ocr_line' id='line_1_69' title="bbox 574 3487 2130 3567; baseline 0.01 -27"><span class='ocrx_word' id='word_1_523' title='bbox 574 3501 697 3541; x_wconf 84' lang='lat' dir='ltr'><strong>eum</strong></span> <span class='ocrx_word' id='word_1_524' title='bbox 714 3502 835 3544; x_wconf 84' lang='lat' dir='ltr'><strong>esse</strong></span> <span class='ocrx_word' id='word_1_525' title='bbox 849 3487 1055 3546; x_wconf 82' lang='lat' dir='ltr'><strong>Jesum.</strong></span> <span class='ocrx_word' id='word_1_526' title='bbox 1079 3491 1213 3547; x_wconf 85' lang='lat' dir='ltr'><strong>Dicit</strong></span> <span class='ocrx_word' id='word_1_527' title='bbox 1243 3503 1422 3550; x_wconf 87' lang='lat' dir='ltr'><strong>autem</strong></span> <span class='ocrx_word' id='word_1_528' title='bbox 1446 3497 1494 3550; x_wconf 90' lang='lat' dir='ltr'><strong>ei</strong></span> <span class='ocrx_word' id='word_1_529' title='bbox 1523 3494 1684 3553; x_wconf 86' lang='lat' dir='ltr'><strong>Jesus</strong></span> <span class='ocrx_word' id='word_1_530' title='bbox 1713 3517 1724 3550; x_wconf 94' lang='lat'>:</span> <span class='ocrx_word' id='word_1_531' title='bbox 1757 3518 1774 3549; x_wconf 85' lang='grc'><em>‹</em></span> <span class='ocrx_word' id='word_1_532' title='bbox 1800 3497 2010 3567; x_wconf 80' lang='lat' dir='ltr'><strong>Mulier,</strong></span> <span class='ocrx_word' id='word_1_533' title='bbox 2031 3517 2130 3556; x_wconf 90' lang='lat' dir='ltr'><strong>cur</strong></span> 
     </span>
    </p>
   </div>
   <div class='ocr_carea' id='block_1_70' title="bbox 574 3577 1291 3654">
    <p class='ocr_par' dir='ltr' id='par_1_70' title="bbox 574 3577 1291 3654">
     <span class='ocr_line' id='line_1_70' title="bbox 574 3577 1291 3654; baseline 0.007 -23"><span class='ocrx_word' id='word_1_534' title='bbox 574 3577 798 3648; x_wconf 85' lang='lat' dir='ltr'><strong>ploras?</strong></span> <span class='ocrx_word' id='word_1_535' title='bbox 824 3597 982 3652; x_wconf 87' lang='lat' dir='ltr'><strong>quem</strong></span> <span class='ocrx_word' id='word_1_536' title='bbox 1009 3586 1246 3654; x_wconf 68' lang='lat' dir='ltr'><strong>quaeris?</strong></span> <span class='ocrx_word' id='word_1_537' title='bbox 1275 3606 1291 3636; x_wconf 73' lang='grc' dir='ltr'><strong>ι</strong></span> 
     </span>
    </p>
   </div>
   <div class='ocr_carea' id='block_1_71' title="bbox 645 3669 2127 3752">
    <p class='ocr_par' dir='ltr' id='par_1_71' title="bbox 645 3669 2127 3752">
     <span class='ocr_line' id='line_1_71' title="bbox 645 3669 2127 3752; baseline 0.009 -26"><span class='ocrx_word' id='word_1_538' title='bbox 645 3669 701 3726; x_wconf 79' lang='lat'><strong>5.</strong></span> <span class='ocrx_word' id='word_1_539' title='bbox 743 3670 1035 3744; x_wconf 77' lang='lat' dir='ltr'><strong>Ambigunt</strong></span> <span class='ocrx_word' id='word_1_540' title='bbox 1089 3679 1336 3748; x_wconf 70' lang='lat' dir='ltr'><strong>nonnulli</strong></span> <span class='ocrx_word' id='word_1_541' title='bbox 1393 3697 1626 3750; x_wconf 80' lang='lat' dir='ltr'><strong>quonam</strong></span> <span class='ocrx_word' id='word_1_542' title='bbox 1673 3694 1829 3752; x_wconf 85' lang='lat' dir='ltr'><strong>pacto</strong></span> <span class='ocrx_word' id='word_1_543' title='bbox 1864 3692 1974 3740; x_wconf 89' lang='lat' dir='ltr'><strong>tres</strong></span> <span class='ocrx_word' id='word_1_544' title='bbox 2011 3685 2127 3740; x_wconf 81' lang='lat' dir='ltr'><strong>dies</strong></span> 
     </span>
    </p>
   </div>
   <div class='ocr_carea' id='block_1_72' title="bbox 573 3768 2127 3844">
    <p class='ocr_par' dir='ltr' id='par_1_72' title="bbox 573 3768 2127 3844">
     <span class='ocr_line' id='line_1_72' title="bbox 573 3768 2127 3844; baseline 0.009 -27"><span class='ocrx_word' id='word_1_545' title='bbox 573 3771 870 3835; x_wconf 82' lang='lat' dir='ltr'><strong>noctesque</strong></span> <span class='ocrx_word' id='word_1_546' title='bbox 898 3774 1007 3822; x_wconf 87' lang='lat' dir='ltr'><strong>tres</strong></span> <span class='ocrx_word' id='word_1_547' title='bbox 1035 3768 1291 3826; x_wconf 65' lang='lat' dir='ltr'><strong>absoluta:</strong></span> <span class='ocrx_word' id='word_1_548' title='bbox 1323 3771 1540 3835; x_wconf 78' lang='lat' dir='ltr'><strong>fuerint.</strong></span> <span class='ocrx_word' id='word_1_549' title='bbox 1576 3775 1652 3828; x_wconf 89' lang='lat' dir='ltr'><strong>uti</strong></span> <span class='ocrx_word' id='word_1_550' title='bbox 1689 3777 1932 3844; x_wconf 63' lang='lat' dir='ltr'><strong>praedixit</strong></span> <span class='ocrx_word' id='word_1_551' title='bbox 1970 3777 2127 3831; x_wconf 84' lang='lat' dir='ltr'><strong>Chri-</strong></span> 
     </span>
    </p>
   </div>
   <div class='ocr_carea' id='block_1_73' title="bbox 573 3858 2125 3940">
    <p class='ocr_par' dir='ltr' id='par_1_73' title="bbox 573 3858 2125 3940">
     <span class='ocr_line' id='line_1_73' title="bbox 573 3858 2125 3940; baseline 0.008 -29"><span class='ocrx_word' id='word_1_552' title='bbox 573 3861 713 3919; x_wconf 75' lang='lat' dir='ltr'><strong>stus,</strong></span> <span class='ocrx_word' id='word_1_553' title='bbox 737 3866 862 3912; x_wconf 86' lang='lat' dir='ltr'><strong>ante</strong></span> <span class='ocrx_word' id='word_1_554' title='bbox 889 3858 1188 3915; x_wconf 78' lang='lat' dir='ltr'><strong>faciendam</strong></span> <span class='ocrx_word' id='word_1_555' title='bbox 1215 3868 1687 3924; x_wconf 74' lang='lat' dir='ltr'><strong>resurrectionem.</strong></span> <span class='ocrx_word' id='word_1_556' title='bbox 1711 3867 1881 3925; x_wconf 89' lang='lat' dir='ltr'><strong>Porro</strong></span> <span class='ocrx_word' id='word_1_557' title='bbox 1911 3885 2125 3940; x_wconf 86' lang='lat' dir='ltr'><strong>respon-</strong></span> 
     </span>
    </p>
   </div>
   <div class='ocr_carea' id='block_1_74' title="bbox 570 3942 2124 4030">
    <p class='ocr_par' dir='ltr' id='par_1_74' title="bbox 570 3942 2124 4030">
     <span class='ocr_line' id='line_1_74' title="bbox 570 3942 2124 4030; baseline 0.014 -35"><span class='ocrx_word' id='word_1_558' title='bbox 570 3942 700 4000; x_wconf 85' lang='lat' dir='ltr'><strong>dere</strong></span> <span class='ocrx_word' id='word_1_559' title='bbox 733 3946 813 4001; x_wconf 82' lang='lat' dir='ltr'><strong>sic</strong></span> <span class='ocrx_word' id='word_1_560' title='bbox 852 3946 995 4002; x_wconf 83' lang='lat' dir='ltr'><strong>licet.</strong></span> <span class='ocrx_word' id='word_1_561' title='bbox 1028 3948 1132 4003; x_wconf 78' lang='lat' dir='ltr'><strong>Alii</strong></span> <span class='ocrx_word' id='word_1_562' title='bbox 1173 3966 1201 4003; x_wconf 90' lang='lat' dir='ltr'><strong>a</strong></span> <span class='ocrx_word' id='word_1_563' title='bbox 1235 3961 1498 4023; x_wconf 86' lang='lat' dir='ltr'><strong>tempore,</strong></span> <span class='ocrx_word' id='word_1_564' title='bbox 1533 3973 1642 4026; x_wconf 90' lang='lat' dir='ltr'><strong>quo</strong></span> <span class='ocrx_word' id='word_1_565' title='bbox 1680 3956 1839 4014; x_wconf 90' lang='lat' dir='ltr'><strong>Jesus</strong></span> <span class='ocrx_word' id='word_1_566' title='bbox 1879 3961 2124 4030; x_wconf 86' lang='lat' dir='ltr'><strong>proditus</strong></span> 
     </span>
    </p>
   </div>
   <div class='ocr_carea' id='block_1_75' title="bbox 569 4031 2120 4113">
    <p class='ocr_par' dir='ltr' id='par_1_75' title="bbox 569 4031 2120 4113">
     <span class='ocr_line' id='line_1_75' title="bbox 569 4031 2120 4113; baseline 0.012 -28"><span class='ocrx_word' id='word_1_567' title='bbox 569 4031 693 4097; x_wconf 87' lang='lat' dir='ltr'><strong>fuit,</strong></span> <span class='ocrx_word' id='word_1_568' title='bbox 723 4045 1009 4090; x_wconf 90' lang='lat' dir='ltr'><strong>numerant</strong></span> <span class='ocrx_word' id='word_1_569' title='bbox 1042 4058 1053 4093; x_wconf 96' lang='lat'>:</span> <span class='ocrx_word' id='word_1_570' title='bbox 1082 4040 1170 4094; x_wconf 83' lang='lat' dir='ltr'><strong>alii</strong></span> <span class='ocrx_word' id='word_1_571' title='bbox 1224 4059 1550 4113; x_wconf 72' lang='lat' dir='ltr'><strong>parasceven</strong></span> <span class='ocrx_word' id='word_1_572' title='bbox 1603 4047 1654 4100; x_wconf 91' lang='lat' dir='ltr'><strong>in</strong></span> <span class='ocrx_word' id='word_1_573' title='bbox 1702 4048 1811 4102; x_wconf 90' lang='lat' dir='ltr'><strong>duo</strong></span> <span class='ocrx_word' id='word_1_574' title='bbox 1855 4049 2120 4113; x_wconf 83' lang='lat' dir='ltr'><strong>dividunt,</strong></span> 
     </span>
    </p>
   </div>
   <div class='ocr_carea' id='block_1_76' title="bbox 565 4123 2122 4205">
    <p class='ocr_par' dir='ltr' id='par_1_76' title="bbox 565 4123 2122 4205">
     <span class='ocr_line' id='line_1_76' title="bbox 565 4123 2122 4205; baseline 0.012 -30"><span class='ocrx_word' id='word_1_575' title='bbox 565 4123 692 4190; x_wconf 86' lang='lat' dir='ltr'><strong>quia</strong></span> <span class='ocrx_word' id='word_1_576' title='bbox 751 4141 854 4179; x_wconf 87' lang='lat' dir='ltr'><strong>nox</strong></span> <span class='ocrx_word' id='word_1_577' title='bbox 913 4127 1008 4181; x_wconf 90' lang='lat' dir='ltr'><strong>fuit</strong></span> <span class='ocrx_word' id='word_1_578' title='bbox 1061 4144 1359 4202; x_wconf 82' lang='lat' dir='ltr'><strong>rursusque</strong></span> <span class='ocrx_word' id='word_1_579' title='bbox 1410 4131 1544 4200; x_wconf 89' lang='lat' dir='ltr'><strong>dies,</strong></span> <span class='ocrx_word' id='word_1_580' title='bbox 1590 4137 1714 4205; x_wconf 81' lang='lat' dir='ltr'><strong>quia</strong></span> <span class='ocrx_word' id='word_1_581' title='bbox 1763 4138 1970 4193; x_wconf 88' lang='lat' dir='ltr'><strong>scilicet</strong></span> <span class='ocrx_word' id='word_1_582' title='bbox 2033 4140 2122 4194; x_wconf 90' lang='lat' dir='ltr'><strong>illa</strong></span> 
     </span>
    </p>
   </div>
   <div class='ocr_carea' id='block_1_77' title="bbox 564 4213 2120 4286">
    <p class='ocr_par' dir='ltr' id='par_1_77' title="bbox 564 4213 2120 4286">
     <span class='ocr_line' id='line_1_77' title="bbox 564 4213 2120 4286; baseline 0.011 -18"><span class='ocrx_word' id='word_1_583' title='bbox 564 4213 653 4270; x_wconf 86' lang='lat' dir='ltr'><strong>die</strong></span> <span class='ocrx_word' id='word_1_584' title='bbox 683 4217 762 4269; x_wconf 94' lang='lat' dir='ltr'><strong>sol</strong></span> <span class='ocrx_word' id='word_1_585' title='bbox 792 4217 1138 4286; x_wconf 87' lang='lat' dir='ltr'><strong>obscuratus,</strong></span> <span class='ocrx_word' id='word_1_586' title='bbox 1169 4223 1347 4279; x_wconf 88' lang='lat' dir='ltr'><strong>denuo</strong></span> <span class='ocrx_word' id='word_1_587' title='bbox 1373 4226 1587 4280; x_wconf 79' lang='lat' dir='ltr'><strong>reluxit.</strong></span> <span class='ocrx_word' id='word_1_588' title='bbox 1626 4227 1758 4282; x_wconf 81' lang='lat' dir='ltr'><strong>Exin</strong></span> <span class='ocrx_word' id='word_1_589' title='bbox 1790 4241 1868 4284; x_wconf 88' lang='lat' dir='ltr'><strong>est</strong></span> <span class='ocrx_word' id='word_1_590' title='bbox 1903 4229 2120 4285; x_wconf 84' lang='lat' dir='ltr'><strong>Sabbati</strong></span> 
     </span>
    </p>
   </div>
   <div class='ocr_carea' id='block_1_78' title="bbox 568 4302 2123 4390">
    <p class='ocr_par' dir='ltr' id='par_1_78' title="bbox 568 4302 2123 4390">
     <span class='ocr_line' id='line_1_78' title="bbox 568 4302 2123 4390; baseline 0.012 -33"><span class='ocrx_word' id='word_1_591' title='bbox 568 4302 684 4358; x_wconf 72' lang='lat' dir='ltr'><strong>dies</strong></span> <span class='ocrx_word' id='word_1_592' title='bbox 721 4304 950 4378; x_wconf 79' lang='lat' dir='ltr'><strong>integra,</strong></span> <span class='ocrx_word' id='word_1_593' title='bbox 979 4309 1205 4381; x_wconf 88' lang='lat' dir='ltr'><strong>ejusque</strong></span> <span class='ocrx_word' id='word_1_594' title='bbox 1242 4328 1368 4369; x_wconf 85' lang='lat' dir='ltr'><strong>nox.</strong></span> <span class='ocrx_word' id='word_1_595' title='bbox 1396 4315 1500 4369; x_wconf 88' lang='lat' dir='ltr'><strong>Alii</strong></span> <span class='ocrx_word' id='word_1_596' title='bbox 1549 4326 1847 4386; x_wconf 86' lang='lat' dir='ltr'><strong>supputant</strong></span> <span class='ocrx_word' id='word_1_597' title='bbox 1878 4334 2123 4390; x_wconf 82' lang='lat' dir='ltr'><strong>parasce-</strong></span> 
     </span>
    </p>
   </div>
   <div class='ocr_carea' id='block_1_79' title="bbox 2238 3213 3688 3292">
    <p class='ocr_par' dir='ltr' id='par_1_79' title="bbox 2238 3213 3688 3292">
     <span class='ocr_line' id='line_1_79' title="bbox 2238 3213 3688 3292; baseline -0.006 -21"><span class='ocrx_word' id='word_1_598' title='bbox 2238 3218 2438 3282; x_wconf 87' lang='grc' dir='ltr'><strong>κλαίεις</strong></span> <span class='ocrx_word' id='word_1_599' title='bbox 2457 3236 2471 3284; x_wconf 92' lang='lat'><strong>;</strong></span> <span class='ocrx_word' id='word_1_600' title='bbox 2504 3240 2521 3271; x_wconf 73' lang='grc' dir='ltr'><strong>ι</strong></span> <span class='ocrx_word' id='word_1_601' title='bbox 2547 3223 2580 3292; x_wconf 82' lang='grc' dir='ltr'>ἡ</span> <span class='ocrx_word' id='word_1_602' title='bbox 2605 3219 2661 3274; x_wconf 86' lang='grc' dir='ltr'><strong>δὲ</strong></span> <span class='ocrx_word' id='word_1_603' title='bbox 2685 3215 2856 3284; x_wconf 71' lang='grc' dir='ltr'><strong>εἶπεν,</strong></span> <span class='ocrx_word' id='word_1_604' title='bbox 2885 3239 2904 3270; x_wconf 74' lang='grc' dir='ltr'><strong>ι</strong></span> <span class='ocrx_word' id='word_1_605' title='bbox 2925 3215 3111 3291; x_wconf 73' lang='grc' dir='ltr'><strong>τΗραν</strong></span> <span class='ocrx_word' id='word_1_606' title='bbox 3131 3221 3220 3274; x_wconf 84' lang='grc' dir='ltr'><strong>τὸν</strong></span> <span class='ocrx_word' id='word_1_607' title='bbox 3241 3220 3428 3292; x_wconf 78' lang='grc' dir='ltr'>Κύριόν</span> <span class='ocrx_word' id='word_1_608' title='bbox 3449 3235 3530 3288; x_wconf 84' lang='grc' dir='ltr'>μου</span> <span class='ocrx_word' id='word_1_609' title='bbox 3549 3213 3688 3268; x_wconf 72' lang='grc' dir='ltr'>καὶούκ</span> 
     </span>
    </p>
   </div>
   <div class='ocr_carea' id='block_1_80' title="bbox 2236 3304 3684 3384">
    <p class='ocr_par' dir='ltr' id='par_1_80' title="bbox 2236 3304 3684 3384">
     <span class='ocr_line' id='line_1_80' title="bbox 2236 3304 3684 3384; baseline 0.001 -22"><span class='ocrx_word' id='word_1_610' title='bbox 2236 3306 2350 3364; x_wconf 72' lang='grc' dir='ltr'>οἴδα</span> <span class='ocrx_word' id='word_1_611' title='bbox 2378 3310 2479 3364; x_wconf 90' lang='grc' dir='ltr'><strong>ποῦ</strong></span> <span class='ocrx_word' id='word_1_612' title='bbox 2504 3311 2704 3383; x_wconf 78' lang='grc' dir='ltr'>ἔθηκαν</span> <span class='ocrx_word' id='word_1_613' title='bbox 2727 3312 2905 3365; x_wconf 74' lang='grc' dir='ltr'><strong>αὐτόν.</strong></span> <span class='ocrx_word' id='word_1_614' title='bbox 2934 3331 2952 3364; x_wconf 71' lang='grc' dir='ltr'><strong>ι</strong></span> <span class='ocrx_word' id='word_1_615' title='bbox 2986 3309 3122 3366; x_wconf 71' lang='grc' dir='ltr'>Εἶτα</span> <span class='ocrx_word' id='word_1_616' title='bbox 3145 3313 3377 3384; x_wconf 77' lang='grc' dir='ltr'><strong>ἐστράφη</strong></span> <span class='ocrx_word' id='word_1_617' title='bbox 3404 3315 3472 3374; x_wconf 69' lang='grc' dir='ltr'><strong>εἰς</strong></span> <span class='ocrx_word' id='word_1_618' title='bbox 3491 3308 3543 3360; x_wconf 73' lang='grc' dir='ltr'><strong>τὰ</strong></span> <span class='ocrx_word' id='word_1_619' title='bbox 3559 3304 3684 3364; x_wconf 70' lang='grc' dir='ltr'><strong>ὀπίσω.</strong></span> 
     </span>
    </p>
   </div>
   <div class='ocr_carea' id='block_1_81' title="bbox 2236 3395 3686 3475">
    <p class='ocr_par' dir='ltr' id='par_1_81' title="bbox 2236 3395 3686 3475">
     <span class='ocr_line' id='line_1_81' title="bbox 2236 3395 3686 3475; baseline -0.008 -18"><span class='ocrx_word' id='word_1_620' title='bbox 2236 3403 2328 3457; x_wconf 83' lang='grc' dir='ltr'><strong>καὶ</strong></span> <span class='ocrx_word' id='word_1_621' title='bbox 2364 3398 2499 3457; x_wconf 75' lang='grc' dir='ltr'><strong>εἶδεν</strong></span> <span class='ocrx_word' id='word_1_622' title='bbox 2545 3405 2634 3458; x_wconf 86' lang='grc' dir='ltr'><strong>τὸν</strong></span> <span class='ocrx_word' id='word_1_623' title='bbox 2679 3405 2883 3475; x_wconf 81' lang='grc' dir='ltr'>Ἰησοῦν</span> <span class='ocrx_word' id='word_1_624' title='bbox 2911 3406 3147 3458; x_wconf 80' lang='grc' dir='ltr'><strong>ἑστῶτα·</strong></span> <span class='ocrx_word' id='word_1_625' title='bbox 3187 3405 3278 3458; x_wconf 82' lang='grc' dir='ltr'><strong>καὶ</strong></span> <span class='ocrx_word' id='word_1_626' title='bbox 3305 3405 3396 3456; x_wconf 87' lang='grc' dir='ltr'>ούκ</span> <span class='ocrx_word' id='word_1_627' title='bbox 3421 3402 3516 3473; x_wconf 66' lang='grc' dir='ltr'>ᾔδει</span> <span class='ocrx_word' id='word_1_628' title='bbox 3536 3401 3596 3452; x_wconf 82' lang='grc' dir='ltr'>ὅτι</span> <span class='ocrx_word' id='word_1_629' title='bbox 3623 3395 3686 3459; x_wconf 78' lang='grc' dir='ltr'><strong>Ἰη-</strong></span> 
     </span>
    </p>
   </div>
   <div class='ocr_carea' id='block_1_82' title="bbox 2236 3487 3683 3566">
    <p class='ocr_par' dir='ltr' id='par_1_82' title="bbox 2236 3487 3683 3566">
     <span class='ocr_line' id='line_1_82' title="bbox 2236 3487 3683 3566; baseline -0.002 -19"><span class='ocrx_word' id='word_1_630' title='bbox 2236 3494 2360 3559; x_wconf 88' lang='grc' dir='ltr'>σοῦς</span> <span class='ocrx_word' id='word_1_631' title='bbox 2381 3498 2523 3549; x_wconf 87' lang='grc' dir='ltr'>ἐστιν</span> <span class='ocrx_word' id='word_1_632' title='bbox 2543 3513 2560 3525; x_wconf 72' lang='grc'><strong>⁸</strong></span> <span class='ocrx_word' id='word_1_633' title='bbox 2591 3499 2619 3548; x_wconf 82' lang='grc' dir='ltr'>ὁ</span> <span class='ocrx_word' id='word_1_634' title='bbox 2648 3495 2704 3548; x_wconf 85' lang='grc' dir='ltr'><strong>δέ</strong></span> <span class='ocrx_word' id='word_1_635' title='bbox 2737 3495 2940 3566; x_wconf 83' lang='grc' dir='ltr'><strong>Ἰησοῦς</strong></span> <span class='ocrx_word' id='word_1_636' title='bbox 2972 3495 3143 3564; x_wconf 87' lang='grc' dir='ltr'><strong>λέγει,</strong></span> <span class='ocrx_word' id='word_1_637' title='bbox 3186 3513 3202 3547; x_wconf 80' lang='grc' dir='ltr'><strong>ι</strong></span> <span class='ocrx_word' id='word_1_638' title='bbox 3229 3495 3412 3555; x_wconf 85' lang='grc' dir='ltr'>Γύναι,</span> <span class='ocrx_word' id='word_1_639' title='bbox 3450 3493 3495 3544; x_wconf 81' lang='grc' dir='ltr'><strong>τί</strong></span> <span class='ocrx_word' id='word_1_640' title='bbox 3522 3487 3683 3546; x_wconf 51' lang='grc' dir='ltr'>κλαίεις</span> 
     </span>
    </p>
   </div>
   <div class='ocr_carea' id='block_1_83' title="bbox 2233 3586 2630 3656">
    <p class='ocr_par' dir='ltr' id='par_1_83' title="bbox 2233 3586 2630 3656">
     <span class='ocr_line' id='line_1_83' title="bbox 2233 3586 2630 3656; baseline -0.003 -18"><span class='ocrx_word' id='word_1_641' title='bbox 2233 3586 2352 3640; x_wconf 89' lang='grc' dir='ltr'>τίνα</span> <span class='ocrx_word' id='word_1_642' title='bbox 2379 3587 2558 3656; x_wconf 79' lang='grc' dir='ltr'><strong>ζητεῖς</strong></span> <span class='ocrx_word' id='word_1_643' title='bbox 2574 3603 2588 3650; x_wconf 91' lang='grc'><strong>;</strong></span> <span class='ocrx_word' id='word_1_644' title='bbox 2612 3605 2630 3637; x_wconf 71' lang='grc' dir='ltr'><strong>ι</strong></span> 
     </span>
    </p>
   </div>
   <div class='ocr_carea' id='block_1_84' title="bbox 2303 3669 3684 3747">
    <p class='ocr_par' dir='ltr' id='par_1_84' title="bbox 2303 3669 3684 3747">
     <span class='ocr_line' id='line_1_84' title="bbox 2303 3669 3684 3747; baseline 0.001 -23"><span class='ocrx_word' id='word_1_645' title='bbox 2303 3678 2361 3724; x_wconf 87' lang='grc' dir='ltr'><strong>ε’.</strong></span> <span class='ocrx_word' id='word_1_646' title='bbox 2389 3673 2505 3725; x_wconf 77' lang='grc' dir='ltr'>Ὀτι</span> <span class='ocrx_word' id='word_1_647' title='bbox 2530 3672 2791 3743; x_wconf 83' lang='grc' dir='ltr'>ἀποροῦσί</span> <span class='ocrx_word' id='word_1_648' title='bbox 2815 3691 2955 3737; x_wconf 90' lang='grc' dir='ltr'><strong>τινες</strong></span> <span class='ocrx_word' id='word_1_649' title='bbox 2987 3675 3064 3739; x_wconf 85' lang='grc' dir='ltr'><strong>ὼς</strong></span> <span class='ocrx_word' id='word_1_650' title='bbox 3104 3679 3252 3747; x_wconf 81' lang='grc' dir='ltr'><strong>τρεῖς</strong></span> <span class='ocrx_word' id='word_1_651' title='bbox 3283 3678 3462 3747; x_wconf 77' lang='grc' dir='ltr'>ἡμέραι</span> <span class='ocrx_word' id='word_1_652' title='bbox 3488 3673 3558 3726; x_wconf 76' lang='grc' dir='ltr'>καὶ</span> <span class='ocrx_word' id='word_1_653' title='bbox 3591 3669 3684 3740; x_wconf 74' lang='grc' dir='ltr'>τρεῖς</span> 
     </span>
    </p>
   </div>
   <div class='ocr_carea' id='block_1_85' title="bbox 2232 3757 3682 3836">
    <p class='ocr_par' dir='ltr' id='par_1_85' title="bbox 2232 3757 3682 3836">
     <span class='ocr_line' id='line_1_85' title="bbox 2232 3757 3682 3836; baseline 0.003 -20"><span class='ocrx_word' id='word_1_654' title='bbox 2232 3763 2420 3826; x_wconf 81' lang='grc' dir='ltr'><strong>νύκτες</strong></span> <span class='ocrx_word' id='word_1_655' title='bbox 2446 3762 2790 3834; x_wconf 87' lang='grc' dir='ltr'>πληροῦνται,</span> <span class='ocrx_word' id='word_1_656' title='bbox 2819 3762 2998 3827; x_wconf 81' lang='grc' dir='ltr'>καθὼς</span> <span class='ocrx_word' id='word_1_657' title='bbox 3022 3761 3177 3818; x_wconf 75' lang='grc' dir='ltr'>εἶπεν</span> <span class='ocrx_word' id='word_1_658' title='bbox 3198 3765 3430 3836; x_wconf 83' lang='grc' dir='ltr'><strong>Χριστὸς,</strong></span> <span class='ocrx_word' id='word_1_659' title='bbox 3449 3765 3496 3816; x_wconf 79' lang='grc' dir='ltr'><strong>αἱ</strong></span> <span class='ocrx_word' id='word_1_660' title='bbox 3515 3761 3586 3828; x_wconf 75' lang='grc' dir='ltr'><strong>τῆς</strong></span> <span class='ocrx_word' id='word_1_661' title='bbox 3600 3757 3682 3808; x_wconf 74' lang='grc' dir='ltr'><strong>ἀνα⁸</strong></span> 
     </span>
    </p>
   </div>
   <div class='ocr_carea' id='block_1_86' title="bbox 2234 3851 3680 3926">
    <p class='ocr_par' dir='ltr' id='par_1_86' title="bbox 2234 3851 3680 3926">
     <span class='ocr_line' id='line_1_86' title="bbox 2234 3851 3680 3926; baseline -0.008 -18"><span class='ocrx_word' id='word_1_662' title='bbox 2234 3855 2470 3917; x_wconf 86' lang='grc' dir='ltr'><strong>στάσεως</strong></span> <span class='ocrx_word' id='word_1_663' title='bbox 2488 3869 2506 3885; x_wconf 77' lang='grc' dir='ltr'><strong><em>ο</em></strong></span> <span class='ocrx_word' id='word_1_664' title='bbox 2538 3855 2629 3907; x_wconf 75' lang='grc' dir='ltr'><strong>καὶ</strong></span> <span class='ocrx_word' id='word_1_665' title='bbox 2657 3853 2801 3906; x_wconf 79' lang='grc' dir='ltr'>ἐστιν</span> <span class='ocrx_word' id='word_1_666' title='bbox 2827 3855 2999 3906; x_wconf 82' lang='grc' dir='ltr'>εἰπεῖν</span> <span class='ocrx_word' id='word_1_667' title='bbox 3023 3854 3156 3926; x_wconf 68' lang='grc' dir='ltr'>(ιι)-</span> <span class='ocrx_word' id='word_1_668' title='bbox 3187 3857 3235 3908; x_wconf 82' lang='grc' dir='ltr'><strong>οί</strong></span> <span class='ocrx_word' id='word_1_669' title='bbox 3269 3855 3361 3926; x_wconf 87' lang='grc' dir='ltr'><strong>μέν</strong></span> <span class='ocrx_word' id='word_1_670' title='bbox 3388 3852 3480 3908; x_wconf 74' lang='grc' dir='ltr'>ἀπὸ</span> <span class='ocrx_word' id='word_1_671' title='bbox 3500 3851 3574 3919; x_wconf 75' lang='grc' dir='ltr'><strong>τῆς</strong></span> <span class='ocrx_word' id='word_1_672' title='bbox 3595 3860 3680 3914; x_wconf 71' lang='grc' dir='ltr'><strong>προ-</strong></span> 
     </span>
    </p>
   </div>
   <div class='ocr_carea' id='block_1_87' title="bbox 2229 3935 3678 4017">
    <p class='ocr_par' dir='ltr' id='par_1_87' title="bbox 2229 3935 3678 4017">
     <span class='ocr_line' id='line_1_87' title="bbox 2229 3935 3678 4017; baseline -0.013 -15"><span class='ocrx_word' id='word_1_673' title='bbox 2229 3947 2408 4010; x_wconf 88' lang='grc' dir='ltr'>δοσίας</span> <span class='ocrx_word' id='word_1_674' title='bbox 2432 3962 2445 3976; x_wconf 76' lang='grc' dir='ltr'><strong>ο</strong></span> <span class='ocrx_word' id='word_1_675' title='bbox 2473 3948 2522 3998; x_wconf 87' lang='grc' dir='ltr'>οί</span> <span class='ocrx_word' id='word_1_676' title='bbox 2551 3945 2606 3998; x_wconf 87' lang='grc' dir='ltr'><strong>δέ</strong></span> <span class='ocrx_word' id='word_1_677' title='bbox 2631 3944 2728 4015; x_wconf 73' lang='grc' dir='ltr'><strong>τὴν</strong></span> <span class='ocrx_word' id='word_1_678' title='bbox 2754 3946 3112 4017; x_wconf 78' lang='grc' dir='ltr'>Παρασκευὴν</span> <span class='ocrx_word' id='word_1_679' title='bbox 3150 3948 3229 4012; x_wconf 87' lang='grc' dir='ltr'>είς</span> <span class='ocrx_word' id='word_1_680' title='bbox 3253 3947 3341 4001; x_wconf 88' lang='grc' dir='ltr'><strong>δύο</strong></span> <span class='ocrx_word' id='word_1_681' title='bbox 3367 3943 3580 4002; x_wconf 82' lang='grc' dir='ltr'>ποιοῦσιν,</span> <span class='ocrx_word' id='word_1_682' title='bbox 3601 3935 3678 3989; x_wconf 76' lang='grc' dir='ltr'>ἐπεὶ</span> 
     </span>
    </p>
   </div>
   <div class='ocr_carea' id='block_1_88' title="bbox 2229 4028 3679 4111">
    <p class='ocr_par' dir='ltr' id='par_1_88' title="bbox 2229 4028 3679 4111">
     <span class='ocr_line' id='line_1_88' title="bbox 2229 4028 3679 4111; baseline -0.004 -18"><span class='ocrx_word' id='word_1_683' title='bbox 2229 4039 2324 4104; x_wconf 78' lang='grc' dir='ltr'><strong>νὺξ</strong></span> <span class='ocrx_word' id='word_1_684' title='bbox 2357 4038 2575 4107; x_wconf 88' lang='grc' dir='ltr'><strong>γέγονεν</strong></span> <span class='ocrx_word' id='word_1_685' title='bbox 2617 4037 2710 4090; x_wconf 76' lang='grc' dir='ltr'><strong>καὶ</strong></span> <span class='ocrx_word' id='word_1_686' title='bbox 2760 4037 2918 4091; x_wconf 85' lang='grc' dir='ltr'>πάλιν</span> <span class='ocrx_word' id='word_1_687' title='bbox 2965 4039 3148 4111; x_wconf 77' lang='grc' dir='ltr'>ἡμέρα</span> <span class='ocrx_word' id='word_1_688' title='bbox 3171 4058 3185 4071; x_wconf 87' lang='grc'><strong>·</strong></span> <span class='ocrx_word' id='word_1_689' title='bbox 3219 4041 3273 4092; x_wconf 89' lang='grc' dir='ltr'><strong>ἐν</strong></span> <span class='ocrx_word' id='word_1_690' title='bbox 3308 4038 3469 4108; x_wconf 84' lang='grc' dir='ltr'>ἐκείνῃ</span> <span class='ocrx_word' id='word_1_691' title='bbox 3488 4037 3542 4104; x_wconf 73' lang='grc' dir='ltr'><strong>τῇ</strong></span> <span class='ocrx_word' id='word_1_692' title='bbox 3560 4028 3679 4101; x_wconf 60' lang='grc' dir='ltr'>ἡμέρᾳ</span> 
     </span>
    </p>
   </div>
   <div class='ocr_carea' id='block_1_89' title="bbox 2229 4115 3677 4202">
    <p class='ocr_par' dir='ltr' id='par_1_89' title="bbox 2229 4115 3677 4202">
     <span class='ocr_line' id='line_1_89' title="bbox 2229 4115 3677 4202; baseline -0.006 -16"><span class='ocrx_word' id='word_1_693' title='bbox 2229 4132 2318 4186; x_wconf 89' lang='grc' dir='ltr'>τοῦ</span> <span class='ocrx_word' id='word_1_694' title='bbox 2343 4131 2494 4202; x_wconf 81' lang='grc' dir='ltr'>ἡλίου</span> <span class='ocrx_word' id='word_1_695' title='bbox 2522 4129 2888 4192; x_wconf 86' lang='grc' dir='ltr'>σκοτισθέντος</span> <span class='ocrx_word' id='word_1_696' title='bbox 2912 4131 3004 4183; x_wconf 80' lang='grc' dir='ltr'>καὶ</span> <span class='ocrx_word' id='word_1_697' title='bbox 3027 4131 3187 4185; x_wconf 80' lang='grc' dir='ltr'>πάλιν</span> <span class='ocrx_word' id='word_1_698' title='bbox 3205 4129 3588 4200; x_wconf 79' lang='grc' dir='ltr'><strong>ἀναφλεχθέντος’</strong></span> <span class='ocrx_word' id='word_1_699' title='bbox 3603 4115 3677 4172; x_wconf 68' lang='grc' dir='ltr'><strong>εἶτα</strong></span> 
     </span>
    </p>
   </div>
   <div class='ocr_carea' id='block_1_90' title="bbox 2229 4203 3676 4306">
    <p class='ocr_par' dir='ltr' id='par_1_90' title="bbox 2229 4203 3676 4306">
     <span class='ocr_line' id='line_1_90' title="bbox 2229 4203 3676 4306; baseline -0.009 -32"><span class='ocrx_word' id='word_1_700' title='bbox 2229 4223 2262 4292; x_wconf 83' lang='grc' dir='ltr'><strong>ἡ</strong></span> <span class='ocrx_word' id='word_1_701' title='bbox 2293 4220 2384 4274; x_wconf 90' lang='grc' dir='ltr'><strong>τοῦ</strong></span> <span class='ocrx_word' id='word_1_702' title='bbox 2418 4220 2690 4273; x_wconf 78' lang='grc' dir='ltr'><strong>Σαὸδάτου</strong></span> <span class='ocrx_word' id='word_1_703' title='bbox 2722 4219 2899 4290; x_wconf 78' lang='grc' dir='ltr'>ἡμέρα</span> <span class='ocrx_word' id='word_1_704' title='bbox 2931 4219 3025 4290; x_wconf 83' lang='grc' dir='ltr'><strong>ὅλη</strong></span> <span class='ocrx_word' id='word_1_705' title='bbox 3074 4221 3166 4272; x_wconf 77' lang='grc' dir='ltr'><strong>καὶ</strong></span> <span class='ocrx_word' id='word_1_706' title='bbox 3207 4222 3239 4289; x_wconf 82' lang='grc' dir='ltr'><strong>ἡ</strong></span> <span class='ocrx_word' id='word_1_707' title='bbox 3286 4217 3375 4284; x_wconf 77' lang='grc' dir='ltr'><strong>νὺξ</strong></span> <span class='ocrx_word' id='word_1_708' title='bbox 3403 4215 3552 4306; x_wconf 62' lang='grc' dir='ltr'><strong>αὐτῆς.</strong></span> <span class='ocrx_word' id='word_1_709' title='bbox 3575 4209 3616 4261; x_wconf 80' lang='lat' dir='ltr'><strong>0i</strong></span> 
     </span>
    </p>
   </div>
   <div class='ocr_carea' id='block_1_91' title="bbox 2229 4301 3671 4382">
    <p class='ocr_par' dir='ltr' id='par_1_91' title="bbox 2229 4301 3671 4382">
     <span class='ocr_line' id='line_1_91' title="bbox 2229 4301 3671 4382; baseline -0.016 -16"><span class='ocrx_word' id='word_1_710' title='bbox 2229 4311 2438 4382; x_wconf 78' lang='grc' dir='ltr'>ἡμέραν</span> <span class='ocrx_word' id='word_1_711' title='bbox 2470 4311 2567 4380; x_wconf 81' lang='grc' dir='ltr'><strong>μὲν</strong></span> <span class='ocrx_word' id='word_1_712' title='bbox 2590 4309 2685 4380; x_wconf 84' lang='grc' dir='ltr'>τὴν</span> <span class='ocrx_word' id='word_1_713' title='bbox 2714 4308 3067 4380; x_wconf 77' lang='grc' dir='ltr'>Παρασκευὴν</span> <span class='ocrx_word' id='word_1_714' title='bbox 3097 4309 3224 4379; x_wconf 87' lang='grc' dir='ltr'>ὅλην</span> <span class='ocrx_word' id='word_1_715' title='bbox 3248 4307 3336 4360; x_wconf 82' lang='grc' dir='ltr'><strong>καὶ</strong></span> <span class='ocrx_word' id='word_1_716' title='bbox 3357 4307 3444 4376; x_wconf 79' lang='grc' dir='ltr'>τὴν</span> <span class='ocrx_word' id='word_1_717' title='bbox 3468 4301 3591 4355; x_wconf 73' lang='grc' dir='ltr'>νύκτα</span> <span class='ocrx_word' id='word_1_718' title='bbox 3611 4301 3671 4346; x_wconf 64' lang='grc' dir='ltr'><strong>αὑ·</strong></span> 
     </span>
    </p>
   </div>
   <div class='ocr_carea' id='block_1_92' title="bbox 564 4386 2135 4502">
    <p class='ocr_par' dir='ltr' id='par_1_92' title="bbox 564 4386 2112 4477">
     <span class='ocr_line' id='line_1_92' title="bbox 564 4386 2112 4477; baseline 0.012 -29"><span class='ocrx_word' id='word_1_719' title='bbox 564 4409 666 4449; x_wconf 81' lang='lat' dir='ltr'><strong>ven</strong></span> <span class='ocrx_word' id='word_1_720' title='bbox 697 4403 884 4461; x_wconf 83' lang='lat' dir='ltr'><strong>totam,</strong></span> <span class='ocrx_word' id='word_1_721' title='bbox 913 4400 1053 4456; x_wconf 90' lang='lat' dir='ltr'><strong>diem</strong></span> <span class='ocrx_word' id='word_1_722' title='bbox 1084 4412 1432 4477; x_wconf 85' lang='lat' dir='ltr'><strong>noctemque;</strong></span> <span class='ocrx_word' id='word_1_723' title='bbox 1466 4407 1758 4464; x_wconf 87' lang='lat' dir='ltr'><strong>Sabbatum</strong></span> <span class='ocrx_word' id='word_1_724' title='bbox 1787 4386 1912 4468; x_wconf 84' lang='lat' dir='ltr'><strong>item</strong></span> <span class='ocrx_word' id='word_1_725' title='bbox 1941 4421 2112 4466; x_wconf 92' lang='lat' dir='ltr'><strong>totum</strong></span> 
     </span>
    </p>
   </div>
   <div class='ocr_carea' id='block_1_93' title="bbox 2179 4386 3671 4502">
    <p class='ocr_par' dir='ltr' id='par_1_93' title="bbox 2179 4386 3671 4502">
     <span class='ocr_line' id='line_1_93' title="bbox 2179 4386 3671 4502; baseline -0.032 -33"><span class='ocrx_word' id='word_1_726' title='bbox 2179 4420 2193 4470; x_wconf 71' lang='grc' dir='ltr'><strong>ι</strong></span> <span class='ocrx_word' id='word_1_727' title='bbox 2216 4407 2337 4477; x_wconf 79' lang='grc' dir='ltr'><strong>τῆς,</strong></span> <span class='ocrx_word' id='word_1_728' title='bbox 2364 4402 2637 4456; x_wconf 80' lang='grc' dir='ltr'><strong>Σάὃὸατον</strong></span> <span class='ocrx_word' id='word_1_729' title='bbox 2658 4401 2775 4454; x_wconf 83' lang='grc' dir='ltr'>ὅλον</span> <span class='ocrx_word' id='word_1_730' title='bbox 2797 4401 2890 4455; x_wconf 78' lang='grc' dir='ltr'><strong>καὶ</strong></span> <span class='ocrx_word' id='word_1_731' title='bbox 2920 4401 3018 4471; x_wconf 78' lang='grc' dir='ltr'><strong>τὴν</strong></span> <span class='ocrx_word' id='word_1_732' title='bbox 3051 4399 3220 4454; x_wconf 88' lang='grc' dir='ltr'>νύκτα</span> <span class='ocrx_word' id='word_1_733' title='bbox 3247 4399 3423 4454; x_wconf 73' lang='grc' dir='ltr'><strong>αὐτοῦ.</strong></span> <span class='ocrx_word' id='word_1_734' title='bbox 3544 4390 3583 4441; x_wconf 66' lang='grc' dir='ltr'><strong>δὲ</strong></span> <span class='ocrx_word' id='word_1_735' title='bbox 3602 4386 3671 4502; x_wconf 56' lang='grc' dir='ltr'><strong>ιςῖ</strong></span> 
     </span>
    </p>
   </div>
   <div class='ocr_carea' id='block_1_94' title="bbox 563 4486 2135 4588">
    <p class='ocr_par' dir='ltr' id='par_1_94' title="bbox 563 4486 2110 4568">
     <span class='ocr_line' id='line_1_94' title="bbox 563 4486 2110 4568; baseline 0.01 -26"><span class='ocrx_word' id='word_1_736' title='bbox 563 4486 790 4558; x_wconf 82' lang='lat' dir='ltr'><strong>ejusque</strong></span> <span class='ocrx_word' id='word_1_737' title='bbox 840 4500 1090 4560; x_wconf 86' lang='lat' dir='ltr'><strong>noctem;</strong></span> <span class='ocrx_word' id='word_1_738' title='bbox 1146 4495 1436 4554; x_wconf 71' lang='lat' dir='ltr'><strong>Dominica:</strong></span> <span class='ocrx_word' id='word_1_739' title='bbox 1495 4509 1672 4556; x_wconf 87' lang='lat' dir='ltr'><strong>autem</strong></span> <span class='ocrx_word' id='word_1_740' title='bbox 1721 4503 1824 4559; x_wconf 89' lang='lat' dir='ltr'><strong>diei</strong></span> <span class='ocrx_word' id='word_1_741' title='bbox 1873 4504 2110 4568; x_wconf 87' lang='lat' dir='ltr'><strong>initium,</strong></span> 
     </span>
    </p>
   </div>
   <div class='ocr_carea' id='block_1_95' title="bbox 2179 4486 3668 4588">
    <p class='ocr_par' dir='ltr' id='par_1_95' title="bbox 2203 4486 3668 4588">
     <span class='ocr_line' id='line_1_95' title="bbox 2203 4486 3668 4588; baseline -0.03 -37"><span class='ocrx_word' id='word_1_742' title='bbox 2203 4496 2418 4588; x_wconf 55' lang='grc' dir='ltr'><strong>ὲριακῆς</strong></span> <span class='ocrx_word' id='word_1_743' title='bbox 2461 4492 2558 4564; x_wconf 81' lang='grc' dir='ltr'><strong>τὴν</strong></span> <span class='ocrx_word' id='word_1_744' title='bbox 2609 4492 2780 4564; x_wconf 85' lang='grc' dir='ltr'><strong>ἀρχὴν</strong></span> <span class='ocrx_word' id='word_1_745' title='bbox 2826 4495 2904 4555; x_wconf 84' lang='grc' dir='ltr'>είς</span> <span class='ocrx_word' id='word_1_746' title='bbox 2937 4492 3152 4564; x_wconf 80' lang='grc' dir='ltr'>ἡμέραν</span> <span class='ocrx_word' id='word_1_747' title='bbox 3184 4486 3668 4588; x_wconf 43' lang='grc' dir='ltr'><strong>μετρῗῦσιν-δλην.ζίξ</strong></span> 
     </span>
    </p>
   </div>
   <div class='ocr_carea' id='block_1_96' title="bbox 565 4581 2117 4666">
    <p class='ocr_par' dir='ltr' id='par_1_96' title="bbox 565 4581 2117 4666">
     <span class='ocr_line' id='line_1_96' title="bbox 565 4581 2117 4666; baseline 0.012 -33"><span class='ocrx_word' id='word_1_748' title='bbox 565 4581 686 4636; x_wconf 87' lang='lat' dir='ltr'><strong>loco</strong></span> <span class='ocrx_word' id='word_1_749' title='bbox 719 4581 941 4654; x_wconf 70' lang='lat' dir='ltr'><strong>integra:</strong></span> <span class='ocrx_word' id='word_1_750' title='bbox 978 4585 1085 4641; x_wconf 91' lang='lat' dir='ltr'><strong>diei</strong></span> <span class='ocrx_word' id='word_1_751' title='bbox 1130 4591 1448 4658; x_wconf 88' lang='lat' dir='ltr'><strong>metiuntur,</strong></span> <span class='ocrx_word' id='word_1_752' title='bbox 1481 4610 1586 4664; x_wconf 89' lang='lat' dir='ltr'><strong>qua</strong></span> <span class='ocrx_word' id='word_1_753' title='bbox 1623 4595 1915 4666; x_wconf 79' lang='lat' dir='ltr'><strong>incipiente</strong></span> <span class='ocrx_word' id='word_1_754' title='bbox 1957 4597 2117 4651; x_wconf 85' lang='lat' dir='ltr'><strong>Chri-</strong></span> 
     </span>
    </p>
   </div>
   <div class='ocr_carea' id='block_1_97' title="bbox 561 4675 2116 4746">
    <p class='ocr_par' dir='ltr' id='par_1_97' title="bbox 561 4675 2116 4746">
     <span class='ocr_line' id='line_1_97' title="bbox 561 4675 2116 4746; baseline 0.009 -20"><span class='ocrx_word' id='word_1_755' title='bbox 561 4681 678 4728; x_wconf 82' lang='lat' dir='ltr'><strong>stus</strong></span> <span class='ocrx_word' id='word_1_756' title='bbox 703 4675 960 4730; x_wconf 87' lang='lat' dir='ltr'><strong>surrexit.</strong></span> <span class='ocrx_word' id='word_1_757' title='bbox 1009 4677 1182 4746; x_wconf 83' lang='lat' dir='ltr'><strong>Atque</strong></span> <span class='ocrx_word' id='word_1_758' title='bbox 1229 4679 1303 4736; x_wconf 86' lang='lat' dir='ltr'><strong>ita</strong></span> <span class='ocrx_word' id='word_1_759' title='bbox 1345 4693 1456 4739; x_wconf 90' lang='lat' dir='ltr'><strong>tres</strong></span> <span class='ocrx_word' id='word_1_760' title='bbox 1491 4685 1606 4742; x_wconf 93' lang='lat' dir='ltr'><strong>dies</strong></span> <span class='ocrx_word' id='word_1_761' title='bbox 1635 4686 1842 4742; x_wconf 88' lang='lat' dir='ltr'><strong>dicunt.</strong></span> <span class='ocrx_word' id='word_1_762' title='bbox 1875 4687 2034 4742; x_wconf 84' lang='lat' dir='ltr'><strong>Certe</strong></span> <span class='ocrx_word' id='word_1_763' title='bbox 2064 4695 2116 4741; x_wconf 89' lang='lat' dir='ltr'><strong>et</strong></span> 
     </span>
    </p>
   </div>
   <div class='ocr_carea' id='block_1_98' title="bbox 562 4765 2116 4850">
    <p class='ocr_par' dir='ltr' id='par_1_98' title="bbox 562 4765 2116 4850">
     <span class='ocr_line' id='line_1_98' title="bbox 562 4765 2116 4850; baseline 0.012 -32"><span class='ocrx_word' id='word_1_764' title='bbox 562 4765 616 4819; x_wconf 90' lang='lat' dir='ltr'><strong>in</strong></span> <span class='ocrx_word' id='word_1_765' title='bbox 646 4769 874 4823; x_wconf 89' lang='lat' dir='ltr'><strong>mortuis</strong></span> <span class='ocrx_word' id='word_1_766' title='bbox 924 4785 987 4823; x_wconf 89' lang='lat' dir='ltr'><strong>ac</strong></span> <span class='ocrx_word' id='word_1_767' title='bbox 1025 4769 1078 4824; x_wconf 95' lang='lat' dir='ltr'><strong>in</strong></span> <span class='ocrx_word' id='word_1_768' title='bbox 1115 4787 1304 4830; x_wconf 87' lang='lat' dir='ltr'><strong>recens</strong></span> <span class='ocrx_word' id='word_1_769' title='bbox 1353 4781 1491 4833; x_wconf 87' lang='lat' dir='ltr'><strong>natis</strong></span> <span class='ocrx_word' id='word_1_770' title='bbox 1535 4781 1718 4850; x_wconf 89' lang='lat' dir='ltr'><strong>pueris</strong></span> <span class='ocrx_word' id='word_1_771' title='bbox 1752 4782 1825 4834; x_wconf 89' lang='lat' dir='ltr'><strong>ita</strong></span> <span class='ocrx_word' id='word_1_772' title='bbox 1879 4782 2116 4836; x_wconf 86' lang='lat' dir='ltr'><strong>solemus</strong></span> 
     </span>
    </p>
   </div>
   <div class='ocr_carea' id='block_1_99' title="bbox 558 4862 2107 4950">
    <p class='ocr_par' dir='ltr' id='par_1_99' title="bbox 558 4862 2107 4950">
     <span class='ocr_line' id='line_1_99' title="bbox 558 4862 2107 4950; baseline 0.01 -36"><span class='ocrx_word' id='word_1_773' title='bbox 558 4869 728 4914; x_wconf 91' lang='lat' dir='ltr'><strong>totam</strong></span> <span class='ocrx_word' id='word_1_774' title='bbox 759 4862 900 4916; x_wconf 92' lang='lat' dir='ltr'><strong>diem</strong></span> <span class='ocrx_word' id='word_1_775' title='bbox 938 4866 1138 4932; x_wconf 85' lang='lat' dir='ltr'><strong>metiri,</strong></span> <span class='ocrx_word' id='word_1_776' title='bbox 1200 4869 1311 4923; x_wconf 81' lang='lat' dir='ltr'><strong>sive</strong></span> <span class='ocrx_word' id='word_1_777' title='bbox 1345 4871 1597 4927; x_wconf 88' lang='lat' dir='ltr'><strong>nativitas</strong></span> <span class='ocrx_word' id='word_1_778' title='bbox 1645 4875 1935 4950; x_wconf 81' lang='lat' dir='ltr'><strong>contigerit</strong></span> <span class='ocrx_word' id='word_1_779' title='bbox 1973 4875 2107 4931; x_wconf 89' lang='lat' dir='ltr'><strong>hora</strong></span> 
     </span>
    </p>
   </div>
   <div class='ocr_carea' id='block_1_100' title="bbox 555 4951 2112 5023">
    <p class='ocr_par' dir='ltr' id='par_1_100' title="bbox 555 4951 2112 5023">
     <span class='ocr_line' id='line_1_100' title="bbox 555 4951 2112 5023; baseline 0.013 -21"><span class='ocrx_word' id='word_1_780' title='bbox 555 4951 787 5014; x_wconf 79' lang='lat' dir='ltr'><strong>decima.</strong></span> <span class='ocrx_word' id='word_1_781' title='bbox 815 4953 929 5010; x_wconf 88' lang='lat' dir='ltr'><strong>sive</strong></span> <span class='ocrx_word' id='word_1_782' title='bbox 959 4955 1044 5011; x_wconf 89' lang='lat' dir='ltr'><strong>die</strong></span> <span class='ocrx_word' id='word_1_783' title='bbox 1074 4959 1410 5014; x_wconf 81' lang='lat' dir='ltr'><strong>exordiente.</strong></span> <span class='ocrx_word' id='word_1_784' title='bbox 1445 4959 1534 5016; x_wconf 90' lang='lat' dir='ltr'><strong>Sic</strong></span> <span class='ocrx_word' id='word_1_785' title='bbox 1563 4964 1726 5018; x_wconf 88' lang='lat' dir='ltr'><strong>etiam</strong></span> <span class='ocrx_word' id='word_1_786' title='bbox 1757 4968 1987 5023; x_wconf 90' lang='lat' dir='ltr'><strong>mortuis</strong></span> <span class='ocrx_word' id='word_1_787' title='bbox 2013 4976 2112 5022; x_wconf 83' lang='lat' dir='ltr'><strong>ter-</strong></span> 
     </span>
    </p>
   </div>
   <div class='ocr_carea' id='block_1_101' title="bbox 555 5044 2113 5130">
    <p class='ocr_par' dir='ltr' id='par_1_101' title="bbox 555 5044 2113 5130">
     <span class='ocr_line' id='line_1_101' title="bbox 555 5044 2113 5130; baseline 0.012 -34"><span class='ocrx_word' id='word_1_788' title='bbox 555 5044 629 5096; x_wconf 83' lang='lat' dir='ltr'><strong>tia</strong></span> <span class='ocrx_word' id='word_1_789' title='bbox 665 5044 751 5100; x_wconf 91' lang='lat' dir='ltr'><strong>die</strong></span> <span class='ocrx_word' id='word_1_790' title='bbox 790 5052 844 5098; x_wconf 87' lang='lat' dir='ltr'><strong>et</strong></span> <span class='ocrx_word' id='word_1_791' title='bbox 867 5061 1008 5114; x_wconf 79' lang='lat' dir='ltr'><strong>nona</strong></span> <span class='ocrx_word' id='word_1_792' title='bbox 1053 5056 1106 5103; x_wconf 90' lang='lat' dir='ltr'><strong>et</strong></span> <span class='ocrx_word' id='word_1_793' title='bbox 1140 5051 1554 5123; x_wconf 80' lang='lat' dir='ltr'><strong>quadragesima</strong></span> <span class='ocrx_word' id='word_1_794' title='bbox 1589 5053 1814 5114; x_wconf 82' lang='lat' dir='ltr'><strong>inferias</strong></span> <span class='ocrx_word' id='word_1_795' title='bbox 1846 5058 2113 5130; x_wconf 77' lang='lat' dir='ltr'><strong>legitimas</strong></span> 
     </span>
    </p>
   </div>
   <div class='ocr_carea' id='block_1_102' title="bbox 555 5134 2112 5219">
    <p class='ocr_par' dir='ltr' id='par_1_102' title="bbox 555 5134 2112 5219">
     <span class='ocr_line' id='line_1_102' title="bbox 555 5134 2112 5219; baseline 0.012 -32"><span class='ocrx_word' id='word_1_796' title='bbox 555 5134 804 5200; x_wconf 89' lang='lat' dir='ltr'><strong>ferimus,</strong></span> <span class='ocrx_word' id='word_1_797' title='bbox 840 5137 982 5192; x_wconf 91' lang='lat' dir='ltr'><strong>haud</strong></span> <span class='ocrx_word' id='word_1_798' title='bbox 1035 5149 1145 5194; x_wconf 85' lang='lat' dir='ltr'><strong>tota</strong></span> <span class='ocrx_word' id='word_1_799' title='bbox 1194 5146 1350 5198; x_wconf 80' lang='lat' dir='ltr'><strong>tertia</strong></span> <span class='ocrx_word' id='word_1_800' title='bbox 1389 5159 1512 5200; x_wconf 93' lang='lat' dir='ltr'><strong>cum</strong></span> <span class='ocrx_word' id='word_1_801' title='bbox 1558 5161 1656 5201; x_wconf 88' lang='lat' dir='ltr'><strong>sua</strong></span> <span class='ocrx_word' id='word_1_802' title='bbox 1709 5157 1886 5212; x_wconf 91' lang='lat' dir='ltr'><strong>nocte,</strong></span> <span class='ocrx_word' id='word_1_803' title='bbox 1940 5165 2112 5219; x_wconf 91' lang='lat' dir='ltr'><strong>neque</strong></span> 
     </span>
    </p>
   </div>
   <div class='ocr_carea' id='block_1_103' title="bbox 551 5231 2116 5310">
    <p class='ocr_par' dir='ltr' id='par_1_103' title="bbox 551 5231 2116 5310">
     <span class='ocr_line' id='line_1_103' title="bbox 551 5231 2116 5310; baseline 0.01 -33"><span class='ocrx_word' id='word_1_804' title='bbox 551 5231 662 5281; x_wconf 88' lang='lat' dir='ltr'><strong>tota</strong></span> <span class='ocrx_word' id='word_1_805' title='bbox 693 5241 834 5282; x_wconf 87' lang='lat' dir='ltr'><strong>nona</strong></span> <span class='ocrx_word' id='word_1_806' title='bbox 865 5243 988 5284; x_wconf 86' lang='lat' dir='ltr'><strong>cum</strong></span> <span class='ocrx_word' id='word_1_807' title='bbox 1033 5246 1129 5286; x_wconf 88' lang='lat' dir='ltr'><strong>sua</strong></span> <span class='ocrx_word' id='word_1_808' title='bbox 1167 5233 1292 5288; x_wconf 86' lang='lat' dir='ltr'><strong>item</strong></span> <span class='ocrx_word' id='word_1_809' title='bbox 1334 5242 1512 5296; x_wconf 89' lang='lat' dir='ltr'><strong>nocte,</strong></span> <span class='ocrx_word' id='word_1_810' title='bbox 1545 5251 1719 5306; x_wconf 89' lang='lat' dir='ltr'><strong>neque</strong></span> <span class='ocrx_word' id='word_1_811' title='bbox 1751 5246 1860 5292; x_wconf 88' lang='lat' dir='ltr'><strong>tota</strong></span> <span class='ocrx_word' id='word_1_812' title='bbox 1889 5239 2116 5310; x_wconf 83' lang='lat' dir='ltr'><strong>quadra-</strong></span> 
     </span>
    </p>
   </div>
   <div class='ocr_carea' id='block_1_104' title="bbox 555 5314 2113 5390">
    <p class='ocr_par' dir='ltr' id='par_1_104' title="bbox 555 5314 2113 5390">
     <span class='ocr_line' id='line_1_104' title="bbox 555 5314 2113 5390; baseline 0.013 -23"><span class='ocrx_word' id='word_1_813' title='bbox 555 5314 759 5384; x_wconf 72' lang='lat' dir='ltr'><strong>gesima</strong></span> <span class='ocrx_word' id='word_1_814' title='bbox 809 5317 1061 5376; x_wconf 84' lang='lat' dir='ltr'><strong>similiter</strong></span> <span class='ocrx_word' id='word_1_815' title='bbox 1087 5336 1210 5377; x_wconf 90' lang='lat' dir='ltr'><strong>cum</strong></span> <span class='ocrx_word' id='word_1_816' title='bbox 1249 5339 1348 5378; x_wconf 86' lang='lat' dir='ltr'><strong>sua</strong></span> <span class='ocrx_word' id='word_1_817' title='bbox 1377 5336 1556 5390; x_wconf 88' lang='lat' dir='ltr'><strong>nocte,</strong></span> <span class='ocrx_word' id='word_1_818' title='bbox 1591 5329 1685 5382; x_wconf 88' lang='lat' dir='ltr'><strong>sed</strong></span> <span class='ocrx_word' id='word_1_819' title='bbox 1717 5331 1886 5386; x_wconf 88' lang='lat' dir='ltr'><strong>initiis</strong></span> <span class='ocrx_word' id='word_1_820' title='bbox 1917 5342 2113 5387; x_wconf 87' lang='lat' dir='ltr'><strong>morta-</strong></span> 
     </span>
    </p>
   </div>
   <div class='ocr_carea' id='block_1_105' title="bbox 556 5403 2112 5496">
    <p class='ocr_par' dir='ltr' id='par_1_105' title="bbox 556 5403 2112 5496">
     <span class='ocr_line' id='line_1_105' title="bbox 556 5403 2112 5496; baseline 0.015 -40"><span class='ocrx_word' id='word_1_821' title='bbox 556 5403 688 5470; x_wconf 85' lang='lat' dir='ltr'><strong>lium</strong></span> <span class='ocrx_word' id='word_1_822' title='bbox 732 5407 941 5466; x_wconf 91' lang='lat' dir='ltr'><strong>dierum</strong></span> <span class='ocrx_word' id='word_1_823' title='bbox 1006 5415 1286 5483; x_wconf 86' lang='lat' dir='ltr'><strong>spectatis,</strong></span> <span class='ocrx_word' id='word_1_824' title='bbox 1340 5416 1488 5486; x_wconf 88' lang='lat' dir='ltr'><strong>justa</strong></span> <span class='ocrx_word' id='word_1_825' title='bbox 1543 5418 1895 5489; x_wconf 85' lang='lat' dir='ltr'><strong>absolvimus,</strong></span> <span class='ocrx_word' id='word_1_826' title='bbox 1951 5424 2112 5496; x_wconf 81' lang='lat' dir='ltr'><strong>idque</strong></span> 
     </span>
    </p>
   </div>
   <div class='ocr_carea' id='block_1_106' title="bbox 555 5498 2038 5581">
    <p class='ocr_par' dir='ltr' id='par_1_106' title="bbox 555 5498 2038 5581">
     <span class='ocr_line' id='line_1_106' title="bbox 555 5498 2038 5581; baseline 0.017 -34"><span class='ocrx_word' id='word_1_827' title='bbox 555 5498 770 5566; x_wconf 80' lang='lat' dir='ltr'><strong>tempus</strong></span> <span class='ocrx_word' id='word_1_828' title='bbox 793 5515 892 5571; x_wconf 90' lang='lat' dir='ltr'><strong>pro</strong></span> <span class='ocrx_word' id='word_1_829' title='bbox 928 5502 1015 5560; x_wconf 91' lang='lat' dir='ltr'><strong>die</strong></span> <span class='ocrx_word' id='word_1_830' title='bbox 1038 5503 1244 5579; x_wconf 79' lang='lat' dir='ltr'><strong>integra</strong></span> <span class='ocrx_word' id='word_1_831' title='bbox 1279 5507 1540 5566; x_wconf 88' lang='lat' dir='ltr'><strong>habemus</strong></span> <span class='ocrx_word' id='word_1_832' title='bbox 1566 5518 1726 5581; x_wconf 91' lang='lat' dir='ltr'><strong>atque</strong></span> <span class='ocrx_word' id='word_1_833' title='bbox 1765 5515 2038 5572; x_wconf 88' lang='lat' dir='ltr'><strong>metimur.</strong></span> 
     </span>
    </p>
   </div>
   <div class='ocr_carea' id='block_1_107' title="bbox 2218 4565 3667 4665">
    <p class='ocr_par' dir='ltr' id='par_1_107' title="bbox 2218 4565 3667 4665">
     <span class='ocr_line' id='line_1_107' title="bbox 2218 4565 3667 4665; baseline -0.009 -24"><span class='ocrx_word' id='word_1_834' title='bbox 2218 4565 2528 4663; x_wconf 69' lang='grc' dir='ltr'>ἆρξαμένης</span> <span class='ocrx_word' id='word_1_835' title='bbox 2559 4585 2658 4656; x_wconf 79' lang='grc' dir='ltr'>ήδη</span> <span class='ocrx_word' id='word_1_836' title='bbox 2688 4584 2810 4638; x_wconf 85' lang='grc' dir='ltr'><strong>τότε</strong></span> <span class='ocrx_word' id='word_1_837' title='bbox 2852 4586 2881 4637; x_wconf 81' lang='grc' dir='ltr'>ὁ</span> <span class='ocrx_word' id='word_1_838' title='bbox 2917 4585 3150 4656; x_wconf 79' lang='grc' dir='ltr'><strong>Χριστὸς</strong></span> <span class='ocrx_word' id='word_1_839' title='bbox 3190 4582 3410 4655; x_wconf 74' lang='grc' dir='ltr'>ἠγέρθη·</span> <span class='ocrx_word' id='word_1_840' title='bbox 3440 4565 3667 4665; x_wconf 11' lang='grc' dir='ltr'><strong>οῦτωῄτρξῖς</strong></span> 
     </span>
    </p>
   </div>
   <div class='ocr_carea' id='block_1_108' title="bbox 2205 4629 3666 4752">
    <p class='ocr_par' dir='ltr' id='par_1_108' title="bbox 2205 4629 3666 4752">
     <span class='ocr_line' id='line_1_108' title="bbox 2205 4629 3666 4752; baseline -0.012 -18"><span class='ocrx_word' id='word_1_841' title='bbox 2205 4629 2718 4752; x_wconf 50' lang='grc' dir='ltr'><strong>’ᾇῖγᾷξὲιγ</strong></span> <span class='ocrx_word' id='word_1_842' title='bbox 2739 4676 2890 4728; x_wconf 76' lang='grc' dir='ltr'>Ἐπεὶ</span> <span class='ocrx_word' id='word_1_843' title='bbox 2921 4629 3014 4730; x_wconf 67' lang='grc' dir='ltr'><strong>κοῖι</strong></span> <span class='ocrx_word' id='word_1_844' title='bbox 3044 4629 3146 4730; x_wconf 47' lang='grc' dir='ltr'>ἐπί</span> <span class='ocrx_word' id='word_1_845' title='bbox 3165 4629 3383 4746; x_wconf 57' lang='grc' dir='ltr'><strong>νέιίρὲινΙ</strong></span> <span class='ocrx_word' id='word_1_846' title='bbox 3399 4670 3478 4724; x_wconf 81' lang='grc' dir='ltr'>καὶ</span> <span class='ocrx_word' id='word_1_847' title='bbox 3511 4663 3580 4718; x_wconf 79' lang='grc' dir='ltr'><strong>ἐπὶ</strong></span> <span class='ocrx_word' id='word_1_848' title='bbox 3602 4653 3666 4710; x_wconf 67' lang='grc' dir='ltr'><strong>τίη</strong></span> 
     </span>
    </p>
   </div>
   <div class='ocr_carea' id='block_1_109' title="bbox 2217 4754 3662 4844">
    <p class='ocr_par' dir='ltr' id='par_1_109' title="bbox 2217 4754 3662 4844">
     <span class='ocr_line' id='line_1_109' title="bbox 2217 4754 3662 4844; baseline -0.011 -19"><span class='ocrx_word' id='word_1_849' title='bbox 2217 4769 2511 4844; x_wconf 79' lang='grc' dir='ltr'><strong>ἀρτιγενῶν</strong></span> <span class='ocrx_word' id='word_1_850' title='bbox 2542 4768 2746 4820; x_wconf 88' lang='grc' dir='ltr'><strong>παίδων</strong></span> <span class='ocrx_word' id='word_1_851' title='bbox 2774 4767 2944 4832; x_wconf 73' lang='grc' dir='ltr'><strong>οὕτως</strong></span> <span class='ocrx_word' id='word_1_852' title='bbox 2977 4772 3193 4840; x_wconf 87' lang='grc' dir='ltr'>μετρεῖν</span> <span class='ocrx_word' id='word_1_853' title='bbox 3231 4767 3342 4828; x_wconf 82' lang='grc' dir='ltr'>έθος</span> <span class='ocrx_word' id='word_1_854' title='bbox 3370 4763 3479 4832; x_wconf 80' lang='grc' dir='ltr'>ὅλην</span> <span class='ocrx_word' id='word_1_855' title='bbox 3508 4754 3662 4826; x_wconf 66' lang='grc' dir='ltr'>ἡμέραν.</span> 
     </span>
    </p>
   </div>
   <div class='ocr_carea' id='block_1_110' title="bbox 2201 4833 3662 4950">
    <p class='ocr_par' dir='ltr' id='par_1_110' title="bbox 2201 4833 3662 4950">
     <span class='ocr_line' id='line_1_110' title="bbox 2201 4833 3662 4950; baseline -0.011 -32"><span class='ocrx_word' id='word_1_856' title='bbox 2201 4833 2300 4924; x_wconf 42' lang='lat' dir='ltr'><strong>faés</strong></span> <span class='ocrx_word' id='word_1_857' title='bbox 2342 4833 2438 4934; x_wconf 74' lang='grc' dir='ltr'><strong>τὴν</strong></span> <span class='ocrx_word' id='word_1_858' title='bbox 2478 4862 2584 4915; x_wconf 83' lang='grc' dir='ltr'><strong>ἀπὸ</strong></span> <span class='ocrx_word' id='word_1_859' title='bbox 2625 4863 2722 4930; x_wconf 83' lang='grc' dir='ltr'><strong>τῆς</strong></span> <span class='ocrx_word' id='word_1_860' title='bbox 2763 4833 2996 4932; x_wconf 73' lang='grc' dir='ltr'><strong>δεκάτης</strong></span> <span class='ocrx_word' id='word_1_861' title='bbox 3023 4833 3169 4932; x_wconf 81' lang='grc' dir='ltr'><strong>ὧρας</strong></span> <span class='ocrx_word' id='word_1_862' title='bbox 3198 4855 3477 4950; x_wconf 80' lang='grc' dir='ltr'>ἀρξαμένην</span> <span class='ocrx_word' id='word_1_863' title='bbox 3497 4847 3662 4950; x_wconf 49' lang='lat' dir='ltr'><strong>ﬁrmi&quot;</strong></span> 
     </span>
    </p>
   </div>
   <div class='ocr_carea' id='block_1_111' title="bbox 2201 4940 3659 5029">
    <p class='ocr_par' dir='ltr' id='par_1_111' title="bbox 2201 4940 3659 5029">
     <span class='ocr_line' id='line_1_111' title="bbox 2201 4940 3659 5029; baseline -0.011 -19"><span class='ocrx_word' id='word_1_864' title='bbox 2201 4940 2541 5029; x_wconf 62' lang='grc' dir='ltr'><strong>ἔμετροῦμεν,</strong></span> <span class='ocrx_word' id='word_1_865' title='bbox 2571 4952 2604 5023; x_wconf 83' lang='grc' dir='ltr'>ἢ</span> <span class='ocrx_word' id='word_1_866' title='bbox 2639 4952 2737 5023; x_wconf 83' lang='grc' dir='ltr'><strong>τὴν</strong></span> <span class='ocrx_word' id='word_1_867' title='bbox 2771 4952 2879 5005; x_wconf 85' lang='grc' dir='ltr'><strong>ἀπὸ</strong></span> <span class='ocrx_word' id='word_1_868' title='bbox 2909 4952 3007 5021; x_wconf 85' lang='grc' dir='ltr'><strong>τῆς</strong></span> <span class='ocrx_word' id='word_1_869' title='bbox 3036 4951 3208 5022; x_wconf 82' lang='grc' dir='ltr'><strong>ἀρχῆς</strong></span> <span class='ocrx_word' id='word_1_870' title='bbox 3232 4953 3324 5018; x_wconf 86' lang='grc' dir='ltr'><strong>τῆς</strong></span> <span class='ocrx_word' id='word_1_871' title='bbox 3350 4944 3527 5017; x_wconf 79' lang='grc' dir='ltr'>ἡμέρας</span> <span class='ocrx_word' id='word_1_872' title='bbox 3553 4940 3659 5029; x_wconf 45' lang='lat' dir='ltr'><strong>icit”</strong></span> 
     </span>
    </p>
   </div>
   <div class='ocr_carea' id='block_1_112' title="bbox 2217 5025 3660 5122">
    <p class='ocr_par' dir='ltr' id='par_1_112' title="bbox 2217 5025 3660 5122">
     <span class='ocr_line' id='line_1_112' title="bbox 2217 5025 3660 5122; baseline -0.012 -17"><span class='ocrx_word' id='word_1_873' title='bbox 2217 5025 2384 5122; x_wconf 81' lang='grc' dir='ltr'>μένην</span> <span class='ocrx_word' id='word_1_874' title='bbox 2427 5049 2709 5119; x_wconf 84' lang='grc' dir='ltr'>γέννησιν⁶</span> <span class='ocrx_word' id='word_1_875' title='bbox 2739 5048 2940 5118; x_wconf 88' lang='grc' dir='ltr'>ὁμοίως</span> <span class='ocrx_word' id='word_1_876' title='bbox 2985 5049 3079 5101; x_wconf 72' lang='grc' dir='ltr'><strong>καὶ</strong></span> <span class='ocrx_word' id='word_1_877' title='bbox 3109 5048 3197 5100; x_wconf 78' lang='grc' dir='ltr'><strong>ἐπὶ</strong></span> <span class='ocrx_word' id='word_1_878' title='bbox 3219 5041 3409 5116; x_wconf 88' lang='grc' dir='ltr'>νεκρῶν</span> <span class='ocrx_word' id='word_1_879' title='bbox 3437 5036 3520 5106; x_wconf 74' lang='grc' dir='ltr'><strong>,τὴν</strong></span> <span class='ocrx_word' id='word_1_880' title='bbox 3539 5025 3660 5122; x_wconf 58' lang='grc' dir='ltr'><strong>τρίτηγ</strong></span> 
     </span>
    </p>
   </div>
   <div class='ocr_carea' id='block_1_113' title="bbox 2213 5111 3656 5214">
    <p class='ocr_par' dir='ltr' id='par_1_113' title="bbox 2213 5111 3656 5214">
     <span class='ocr_line' id='line_1_113' title="bbox 2213 5111 3656 5214; baseline -0.006 -17"><span class='ocrx_word' id='word_1_881' title='bbox 2213 5111 2451 5214; x_wconf 38' lang='grc' dir='ltr'><strong>Ῑημέραν-</strong></span> <span class='ocrx_word' id='word_1_882' title='bbox 2476 5111 2694 5211; x_wconf 43' lang='grc' dir='ltr'><strong>καὶ-τὴν</strong></span> <span class='ocrx_word' id='word_1_883' title='bbox 2721 5111 2914 5212; x_wconf 71' lang='grc' dir='ltr'><strong>ἐνάτην</strong></span> <span class='ocrx_word' id='word_1_884' title='bbox 2964 5141 3055 5194; x_wconf 78' lang='grc' dir='ltr'><strong>καὶ</strong></span> <span class='ocrx_word' id='word_1_885' title='bbox 3097 5142 3192 5210; x_wconf 79' lang='grc' dir='ltr'><strong>τὴν</strong></span> <span class='ocrx_word' id='word_1_886' title='bbox 3233 5111 3598 5205; x_wconf 59' lang='grc' dir='ltr'>τεσσαρακοστὴν</span> <span class='ocrx_word' id='word_1_887' title='bbox 3617 5111 3656 5214; x_wconf 47' lang='grc' dir='ltr'><strong>τξ</strong></span> 
     </span>
    </p>
   </div>
   <div class='ocr_carea' id='block_1_114' title="bbox 2214 5199 3656 5320">
    <p class='ocr_par' dir='ltr' id='par_1_114' title="bbox 2214 5199 3656 5320">
     <span class='ocr_line' id='line_1_114' title="bbox 2214 5199 3656 5320; baseline -0.014 -35"><span class='ocrx_word' id='word_1_888' title='bbox 2214 5199 2569 5302; x_wconf 65' lang='grc' dir='ltr'>νενομισμένα</span> <span class='ocrx_word' id='word_1_889' title='bbox 2625 5199 2930 5292; x_wconf 67' lang='grc' dir='ltr'>ποιοῦντες·</span> <span class='ocrx_word' id='word_1_890' title='bbox 2975 5232 3072 5302; x_wconf 78' lang='grc' dir='ltr'><strong>οὐχ</strong></span> <span class='ocrx_word' id='word_1_891' title='bbox 3119 5199 3242 5300; x_wconf 63' lang='grc' dir='ltr'>ὃλην</span> <span class='ocrx_word' id='word_1_892' title='bbox 3269 5228 3359 5297; x_wconf 66' lang='grc' dir='ltr'><strong>τὴν</strong></span> <span class='ocrx_word' id='word_1_893' title='bbox 3391 5199 3656 5320; x_wconf 34' lang='grc' dir='ltr'>’τρίτηνὶμῗ</span> 
     </span>
    </p>
   </div>
   <div class='ocr_carea' id='block_1_115' title="bbox 2211 5303 3656 5422">
    <p class='ocr_par' dir='ltr' id='par_1_115' title="bbox 2211 5303 3656 5422">
     <span class='ocr_line' id='line_1_115' title="bbox 2211 5303 3656 5422; baseline -0.01 -45"><span class='ocrx_word' id='word_1_894' title='bbox 2211 5325 2307 5396; x_wconf 85' lang='grc' dir='ltr'><strong>τῆς</strong></span> <span class='ocrx_word' id='word_1_895' title='bbox 2343 5324 2534 5385; x_wconf 84' lang='grc' dir='ltr'><strong>νυκτὸς</strong></span> <span class='ocrx_word' id='word_1_896' title='bbox 2575 5322 2770 5392; x_wconf 80' lang='grc' dir='ltr'>αύτῆς⁶</span> <span class='ocrx_word' id='word_1_897' title='bbox 2803 5323 2923 5375; x_wconf 76' lang='grc' dir='ltr'><strong>οὐδὲ</strong></span> <span class='ocrx_word' id='word_1_898' title='bbox 2959 5324 3083 5395; x_wconf 86' lang='grc' dir='ltr'>ὅλην</span> <span class='ocrx_word' id='word_1_899' title='bbox 3115 5323 3209 5393; x_wconf 85' lang='grc' dir='ltr'><strong>τὴν</strong></span> <span class='ocrx_word' id='word_1_900' title='bbox 3243 5319 3419 5385; x_wconf 76' lang='grc' dir='ltr'><strong>ἐνάτην</strong></span> 
     </span>
    </p>
   </div>
   <div class='ocr_carea' id='block_1_116' title="bbox 2213 5399 3654 5494">
    <p class='ocr_par' dir='ltr' id='par_1_116' title="bbox 2213 5399 3654 5494">
     <span class='ocr_line' id='line_1_116' title="bbox 2213 5399 3654 5494; baseline -0.004 -26"><span class='ocrx_word' id='word_1_901' title='bbox 2213 5415 2415 5478; x_wconf 77' lang='grc' dir='ltr'><strong>οἰκείας</strong></span> <span class='ocrx_word' id='word_1_902' title='bbox 2437 5415 2626 5476; x_wconf 82' lang='grc' dir='ltr'>νυκτὸς</span> <span class='ocrx_word' id='word_1_903' title='bbox 2645 5416 2810 5485; x_wconf 73' lang='grc' dir='ltr'><strong>αὐτῆς</strong></span> <span class='ocrx_word' id='word_1_904' title='bbox 2829 5431 2842 5444; x_wconf 90' lang='grc'><strong>·</strong></span> <span class='ocrx_word' id='word_1_905' title='bbox 2868 5415 2986 5468; x_wconf 77' lang='grc' dir='ltr'><strong>οὐδὲ</strong></span> <span class='ocrx_word' id='word_1_906' title='bbox 3007 5416 3102 5485; x_wconf 75' lang='grc' dir='ltr'>τὴν</span> <span class='ocrx_word' id='word_1_907' title='bbox 3124 5399 3654 5494; x_wconf 51' lang='grc' dir='ltr'>τεσσαρακοστῂνῢμξίδλ</span> 
     </span>
    </p>
   </div>
   <div class='ocr_carea' id='block_1_117' title="bbox 2213 5492 3651 5577">
    <p class='ocr_par' dir='ltr' id='par_1_117' title="bbox 2213 5492 3651 5577">
     <span class='ocr_line' id='line_1_117' title="bbox 2213 5492 3651 5577; baseline -0.036 6"><span class='ocrx_word' id='word_1_908' title='bbox 2213 5505 2337 5576; x_wconf 70' lang='grc' dir='ltr'><strong>ὃλην</strong></span> <span class='ocrx_word' id='word_1_909' title='bbox 2374 5507 2509 5577; x_wconf 81' lang='grc' dir='ltr'><strong>μετά</strong></span> <span class='ocrx_word' id='word_1_910' title='bbox 2535 5507 2724 5568; x_wconf 81' lang='grc' dir='ltr'><strong>νυκτὸς</strong></span> <span class='ocrx_word' id='word_1_911' title='bbox 2753 5507 2948 5576; x_wconf 71' lang='grc' dir='ltr'><strong>αὐτῆς·</strong></span> <span class='ocrx_word' id='word_1_912' title='bbox 2978 5506 3110 5561; x_wconf 83' lang='grc' dir='ltr'><strong>ἀλλὰ</strong></span> <span class='ocrx_word' id='word_1_913' title='bbox 3136 5507 3229 5568; x_wconf 74' lang='grc' dir='ltr'><strong>τὰς</strong></span> <span class='ocrx_word' id='word_1_914' title='bbox 3251 5500 3405 5573; x_wconf 71' lang='grc' dir='ltr'><strong>ἀρχὰς</strong></span> <span class='ocrx_word' id='word_1_915' title='bbox 3423 5492 3510 5546; x_wconf 84' lang='grc' dir='ltr'><strong>τῶν</strong></span> <span class='ocrx_word' id='word_1_916' title='bbox 3530 5492 3651 5536; x_wconf 52' lang='lat' dir='ltr'><strong>rem;</strong></span> 
     </span>
    </p>
   </div>
   <div class='ocr_carea' id='block_1_118' title="bbox 2213 5577 3649 5668">
    <p class='ocr_par' dir='ltr' id='par_1_118' title="bbox 2213 5577 3649 5668">
     <span class='ocr_line' id='line_1_118' title="bbox 2213 5577 3649 5668; baseline -0.004 -19"><span class='ocrx_word' id='word_1_917' title='bbox 2213 5597 2374 5650; x_wconf 85' lang='grc' dir='ltr'>ταίων</span> <span class='ocrx_word' id='word_1_918' title='bbox 2417 5596 2635 5668; x_wconf 71' lang='grc' dir='ltr'>ἡμερῶν</span> <span class='ocrx_word' id='word_1_919' title='bbox 2686 5597 2913 5668; x_wconf 84' lang='grc' dir='ltr'><strong>ὁρῶντες</strong></span> <span class='ocrx_word' id='word_1_920' title='bbox 2955 5597 3263 5667; x_wconf 80' lang='grc' dir='ltr'>έκτελοῦμεν</span> <span class='ocrx_word' id='word_1_921' title='bbox 3293 5592 3352 5643; x_wconf 76' lang='grc' dir='ltr'>τὰ</span> <span class='ocrx_word' id='word_1_922' title='bbox 3379 5577 3649 5656; x_wconf 58' lang='grc' dir='ltr'>πραττόμενσν</span> 
     </span>
    </p>
   </div>
   <div class='ocr_carea' id='block_1_119' title="bbox 2213 5669 3646 5762">
    <p class='ocr_par' dir='ltr' id='par_1_119' title="bbox 2213 5669 3646 5762">
     <span class='ocr_line' id='line_1_119' title="bbox 2213 5669 3646 5762; baseline -0.003 -20"><span class='ocrx_word' id='word_1_923' title='bbox 2213 5688 2337 5742; x_wconf 62' lang='grc' dir='ltr'><strong>ὄλτξν</strong></span> <span class='ocrx_word' id='word_1_924' title='bbox 2364 5690 2571 5747; x_wconf 58' lang='grc' dir='ltr'>ΐυέοαν</span> <span class='ocrx_word' id='word_1_925' title='bbox 2594 5690 2794 5758; x_wconf 80' lang='grc' dir='ltr'>ταύτην</span> <span class='ocrx_word' id='word_1_926' title='bbox 2821 5692 2912 5744; x_wconf 70' lang='grc' dir='ltr'>καὶ</span> <span class='ocrx_word' id='word_1_927' title='bbox 2950 5691 3256 5762; x_wconf 84' lang='grc' dir='ltr'>μετροῦντες</span> <span class='ocrx_word' id='word_1_928' title='bbox 3278 5684 3357 5740; x_wconf 72' lang='grc' dir='ltr'>καὶ</span> <span class='ocrx_word' id='word_1_929' title='bbox 3380 5669 3646 5742; x_wconf 67' lang='grc' dir='ltr'><strong>λογιζόμεν⁰⁴’</strong></span> 
     </span>
    </p>
   </div>
  </div>
