3952 6198
262 202 369 274 n7

1096 218 1593 278 SUPPLEMENTA
1633 215 2105 289 QUESTIONUM
2141 217 2235 271 AD
2271 213 2711 272 STEPHANUM.

3399 214 3503 271 953

254 352 255 377 ι
330 331 404 397 ς’.
442 329 585 385 Ἀλλ*
613 331 735 385 ἐπει
784 332 1016 403 Χριστός
1065 350 1248 406 φησιν,
1271 337 1419 407 τρεῖς
1466 334 1680 406 ἡμέρας
1734 334 1830 389 καὶ

2013 329 2067 386 6.
2102 327 2207 385 Sed
2233 331 2491 401 quoniam
2536 328 2789 392 Christus
2825 327 3037 385 dixerat
3064 330 3130 393 ⁸³,
3164 324 3340 386 tribus
3384 332 3497 387 die-

255 425 408 496 τρεῖς
450 422 651 489 νύκτας
696 426 755 477 ὲν
800 427 867 495 τῇ
916 425 1112 497 καρδίᾳ
1131 427 1229 497 τῆς
1256 427 1358 498 γῆς
1382 425 1597 497 ἔσομαι,
1630 426 1744 495 ἐστι
1773 426 1829 478 δὲ

252 514 429 580 οὕτως
460 518 632 571 εἰπεῖν
664 515 796 586 (41)·
824 511 931 587 ἆρα
973 519 1021 570 εί
1055 516 1334 589 χρεώστην
1366 518 1829 588 ἐπαγγειλάμενον

250 605 332 677 τῷ
356 606 541 677 οἰκείῳ
570 606 817 677 δανειστῇ
856 608 992 676 μετὰ
1016 612 1164 680 τρεῖς
1189 610 1400 681 ἡμέρας
1432 609 1739 682 πληρώσειν
1767 610 1829 663 τὸ

250 696 435 768 χρέος.
468 697 573 769 πρὸ
605 699 703 768 τῆς
732 698 1066 770 προθεσμίας
1098 700 1458 771 πληρώσαντα
1482 701 1823 773 θεασάμενοι,

248 788 327 853 ὡς
360 788 700 859 ψευσάμενον
732 790 1044 862 κρινοῦμεν,
1075 792 1107 862 ἢ
1136 792 1209 855 ὡς
1236 792 1395 845 πλέον
1419 793 1821 864 ἀληθεύσαντα;

252 881 366 934 Καὶ
398 880 605 944 ἄλλως·
638 884 686 935 εἰ
720 880 911 936 θᾶττον
939 882 971 954 ἢ
1007 882 1117 954 (42)
1150 878 1323 949 εἶπεν,
1341 884 1559 954 ἀνέστη,
1587 885 1822 957 πλέωνή

250 972 501 1044 δύναμις,
535 974 628 1027 καὶ
646 973 905 1045 ἔγκλημα
947 976 1046 1028 οὐκ
1089 975 1223 1046 ἔχεν
1256 976 1317 1029 τὸ
1363 977 1420 1030 δὲ
1461 976 1692 1048 βράδιον,
1724 978 1825 1031 ὑπ-

252 1062 413 1133 οψίας
444 1064 601 1135 γέμει
624 1064 719 1118 καὶ
745 1063 936 1133 ψεῦδος
963 1064 1230 1133 λογίζεται
1256 1066 1571 1136 γιγνόμενον
1590 1083 1603 1096 ·
1630 1064 1822 1135 ψεῦδος

258 1158 377 1229 μὲν,
406 1158 488 1210 ὅτι
522 1155 795 1228 παρῆλθεν
842 1159 870 1210 ό
912 1157 1118 1229 λεχθεὶς
1166 1158 1319 1229 ὄρος·
1358 1156 1596 1210 ὕποπτον
1636 1157 1713 1221 δὲ,
1739 1158 1819 1210 ὃτι

252 1249 363 1305 τῶν
383 1248 635 1320 φυλάκων
661 1251 1146 1322 ἀναχωρησάντων,
1175 1249 1347 1321 κλοπὴ
1372 1250 1431 1304 τὸ
1453 1251 1681 1322 πρᾶγμα
1706 1252 1819 1305 svo-

1940 422 2044 478 bus
2067 421 2349 493 tribusque
2374 422 2628 477 noctibus
2657 436 2715 478 se
2752 422 2807 476 in
2837 420 3001 477 corde
3048 430 3206 477 terrae
3232 420 3493 489 futurum,

1927 513 2075 568 lubet
2121 513 2193 567 ita
2231 514 2501 569 disserere
2528 533 2541 568 :
2571 513 2765 583 siquis
2814 528 2921 568 aere
2971 512 3153 568 alieno
3198 513 3493 569 obstrictus

1927 606 2185 661 creditori
2238 622 2338 661 suo
2390 606 2704 677 recepisset.
2742 621 2801 660 se
2833 615 2954 676 post
2993 613 3105 661 tres
3133 605 3251 660 dies
3298 605 3497 660 solutu-

1926 713 2086 763 rum;
2130 699 2296 765 hunc,
2340 698 2580 768 inquam,
2623 699 2667 753 si
2703 704 2832 753 ante
2879 698 3187 752 condictam
3232 697 3374 753 diem
3420 712 3496 754 aes

1926 793 2061 848 illud
2098 794 2398 849 dissolvere
2428 792 2759 855 videremus,
2787 790 3171 846 mendacemne
3213 805 3284 845 an
3324 790 3496 846 multo

1926 886 2263 942 veraciorem
2319 884 2733 956 judicaremus?
2797 882 3087 948 Praeterea,
3146 883 3193 939 si
3244 883 3496 941 Christus

1925 978 2102 1043 ocius,
2152 993 2313 1048 quam
2349 975 2734 1048 spoponderat,
2787 977 3106 1042 resurrexit,
3147 977 3321 1044 major
3368 976 3497 1033 hinc

1924 1068 2099 1124 virtus
2120 1068 2400 1134 elucescit,
2422 1068 2620 1124 nedum
2645 1068 2795 1122 locus
2835 1066 3238 1137 reprehensioni
3260 1076 3362 1123 est.
3400 1066 3497 1123 Su-

1924 1159 2100 1228 spicio
2121 1169 2312 1213 contra
2340 1167 2502 1230 atque
2530 1158 2874 1213 mendacium
2918 1173 2982 1212 ex
3018 1158 3273 1213 tarditate
3304 1172 3500 1215 conse-

1926 1250 2235 1321 quebantur
2278 1271 2290 1305 :
2341 1251 2704 1319 mendacium,
2746 1252 2871 1322 quia
2912 1251 3197 1306 condictus
3235 1250 3498 1307 terminus

258 1340 421 1417 μίσθη
460 1343 546 1399 ἄν.
1925 1338 2115 1393 fuisset
2145 1339 2396 1409 elapsus;
2429 1340 2691 1410 suspicio,
2727 1341 2878 1411 quia,
2913 1340 3292 1398 recedentibus
3322 1350 3499 1397 custo-

1924 1430 2106 1497 dibus,
2139 1446 2201 1487 ea
2234 1447 2322 1489 res
2356 1430 2489 1487 furti
2518 1431 2711 1489 fuisset
2740 1434 3071 1489 insimulata.

1505 1586 1861 1644 EXPLICIT
1891 1585 2255 1645 ΕΡΙΤΟΜΕ.

1583 1958 2102 2053 LECTORI

331 2149 602 2207 Hactenus
631 2153 888 2208 edidimus
925 2153 1226 2209 continuam
1257 2162 1409 2223 atque
1443 2152 1709 2206 illibatam
1752 2151 2041 2206 Eusebiani
2081 2152 2252 2219 operis
2280 2155 2510 2222 priscam
2549 2166 2598 2208 et
2646 2157 2961 2226 prwclaram
3005 2157 3306 2227 Epitomen,
3341 2166 3495 2228 prout

256 2260 321 2298 ea
366 2253 445 2298 est
486 2246 541 2298 in
586 2245 936 2315 pulcherrimo
977 2246 1151 2301 codice
1192 2245 1443 2299 Palatino
1495 2244 1616 2302 Vat.
1661 2241 1879 2308 CCXX,
1946 2261 1978 2297 a
2022 2243 2063 2312 Ῑ.
2110 2244 2172 2299 61
2218 2261 2379 2317 usque
2420 2248 2489 2301 ad
2520 2247 2609 2316 96,
2649 2249 2738 2303 ubi
2770 2264 2898 2320 opus
2930 2266 3110 2319 reapse
3134 2250 3488 2314 concluditur,

260 2336 455 2391 relictis
482 2335 719 2405 deinceps
762 2338 969 2409 paginis
997 2339 1167 2408 puris.
1201 2336 1439 2392 Fuerunt
1468 2346 1664 2398 autem,
1699 2344 1753 2388 ut
1802 2334 2049 2400 vidimus,
2078 2338 2393 2407 qumstiones
2435 2355 2544 2405 xx;
2587 2342 2786 2396 scilicet
2831 2341 2901 2395 ad
2926 2341 3249 2413 Stephanum
3276 2356 3389 2407 va,
3423 2343 3492 2397 ad

259 2426 532 2484 Marinum
576 2444 650 2485 tv.
690 2429 1004 2501 Quanquam
1032 2446 1149 2485 vero
1187 2430 1350 2484 uariis
1394 2444 1459 2482 ex
1500 2426 1731 2496 fontibus
1768 2425 1917 2480 nobis
1959 2428 2295 2494 suppetebant
2322 2430 2592 2501 utriusque
2617 2433 2789 2500 partis
2820 2431 3195 2500 supplementa,
3229 2431 3492 2486 noluimus

259 2541 323 2580 ea
350 2540 466 2578 cum
498 2523 739 2594 Epitome
771 2524 1079 2587 admiscere,
1106 2541 1167 2579 ne
1195 2523 1377 2590 scripti
1416 2536 1506 2589 per
1534 2537 1589 2573 se
1617 2518 1856 2572 concinni
1891 2527 1940 2571 et
1970 2519 2185 2588 perfecti
2224 2521 2411 2574 seriem
2454 2522 2839 2591 quodammodo
2872 2524 2951 2579 his
2982 2526 3188 2579 insertis
3217 2525 3494 2594 perturba-

262 2635 455 2673 remus.
503 2615 658 2670 Nunc
698 2625 872 2671 tamen
909 2617 1267 2685 supplementa
1304 2630 1420 2685 qua:
1456 2612 1742 2666 invenimus
1782 2619 1891 2663 tum
1926 2613 2274 2679 quwstionum
2304 2615 2372 2669 ad
2417 2613 2739 2685 Stephanum
2783 2626 2891 2670 tum
2928 2619 3089 2671 etiam
3126 2618 3194 2671 ad
3221 2617 3493 2673 Marinum

261 2708 580 2766 subtexenda
619 2717 759 2765 sunt.
797 2707 863 2761 Et
891 2710 1117 2780 primum
1162 2709 1323 2762 lautae
1362 2706 1561 2775 aliquot
1604 2710 1778 2773 partes
1816 2716 1882 2755 ex
1924 2718 2116 2773 magna
2165 2723 2264 2762 ms.
2310 2716 2496 2760 catena
2545 2706 2747 2762 Niceta:
2777 2708 2844 2762 ad
2891 2709 3090 2763 Lucam
3129 2710 3184 2763 in
3216 2708 3392 2765 codice
3421 2711 3490 2773 Α,

260 2819 353 2858 seu
396 2803 514 2858 Vat.
556 2802 714 2866 1611,
758 2819 888 2872 quas
919 2819 1023 2857 non
1054 2816 1117 2855 ea:
1151 2800 1384 2870 Epitome
1420 2799 1508 2855 sed
1538 2813 1603 2854 ea:
1630 2798 1831 2866 integro
1866 2810 2014 2864 opere
2040 2795 2310 2868 decerptus
2346 2799 2512 2868 fuisse
2541 2808 2793 2869 apparet;
2823 2815 3120 2871 quanquam
3158 2802 3265 2870 ipse
3292 2819 3493 2873 quoque

265 2895 481 2953 Nicetas
510 2897 710 2953 videtur
735 2897 1016 2964 interdum,
1048 2906 1105 2950 ut
1136 2900 1196 2967 ﬁt
1224 2903 1276 2954 in
1306 2902 1526 2964 catenis,
1564 2901 1846 2957 Eusebium
1874 2900 2202 2967 diminuere;
2230 2903 2381 2972 cujus
2408 2903 2484 2957 rei
2518 2903 2769 2957 indicium
2823 2911 2919 2967 est,
2951 2901 3089 2972 quod
3119 2903 3407 2973 aliquando
3437 2906 3491 2959 in

262 2990 499 3059 Epitome
554 3001 675 3045 sunt
734 2990 932 3061 aliquot
975 2993 1269 3060 particulae,
1330 3011 1459 3065 quas
1506 2994 1721 3050 Nicetas
1781 2994 2043 3048 subtrahit
2086 3011 2103 3047 :
2144 2997 2244 3049 etsi
2288 2996 2487 3067 alioqui
2530 2998 2586 3051 in
2634 2995 2870 3051 laudatis
2909 3013 2940 3049 a
2972 2995 3162 3052 Niceta
3221 2997 3482 3067 partibm.

261 3081 518 3136 Eusebius
561 3083 861 3156 plerumque
906 3084 1102 3156 integer
1144 3095 1243 3150 est,
1286 3097 1336 3140 et
1382 3086 1569 3157 ubique
1610 3088 1831 3155 plenior.
1896 3084 2051 3141 Nunc
2097 3087 2261 3157 igitur
2285 3090 2460 3158 priore
2506 3088 2620 3143 loco
2660 3089 3017 3159 supplementa
3053 3090 3395 3159 quaestionum
3424 3089 3493 3146 ad

260 3172 607 3242 Stephanum.

1193 3380 1669 3472 EUSEBII
1765 3381 2572 3478 CIESABIENSIS

509 3571 623 3632 EX
674 3568 1203 3635 INTEGRIORE
1245 3569 1526 3632 OPERE
1559 3571 2133 3647 ΩΠΔΞΞΤΙΟΝΠΜ
2170 3575 2892 3640 EVANGELICARUM
2925 3578 3249 3640 PARTES

1289 3737 1356 3797 in
1384 3737 1614 3798 Nicetce
1656 3737 1889 3800 Catena
1920 3757 2031 3800 ms.
2080 3742 2161 3802 ad
2191 3741 2443 3804 Lucam.

1856 3896 1928 3909 ’.-

332 3988 400 4038 α’.
443 3980 551 4050 (45)
590 3981 724 4052 Περὶ
769 3980 824 4033 δὲ
869 3978 962 4033 τοῦ
1012 3979 1102 4032 τὸν
1132 3977 1408 4033 Ματθαῖον
1456 3977 1659 4035 ἄνωθεν
1698 3999 1829 4035 κατ-

1999 3983 2054 4039 1.
2088 3980 2244 4049 Quod
2298 3980 2587 4036 Matthaaus
2637 3996 2873 4052 superne
2917 3978 3295 4036 successiones
3325 3978 3494 4036 dedu-

258 4074 415 4141 άγειν
448 4073 544 4137 τὰς
575 4072 841 4143 διαδοχὰς,
871 4072 960 4124 τὸν
992 4070 1049 4123 δὲ
1075 4072 1283 4125 Λουκᾶν
1309 4070 1574 4125 ἀνάπαλιν
1597 4089 1826 4144 πεποιη-

263 4168 437 4229 κέναι,
468 4166 595 4237 μίαν
638 4168 730 4220 καὶ
758 4166 855 4237 τὴν
896 4166 1064 4235 αὐτὴν
1102 4164 1218 4217 ὁδὸν
1264 4164 1643 4235 πορευθέντας,
1677 4168 1826 4221 οὐδὲν

263 4256 668 4330 ἐπιμέμφεσθαι
699 4257 806 4311 δεῖ·
840 4256 961 4310 ἐπεὶ⁸
995 4257 1087 4309 καὶ
1114 4258 1240 4319 τοὺς
1271 4256 1471 4327 ἀνάντη
1513 4259 1603 4311 καὶ
1647 4258 1827 4330 ὄρθιον

268 4350 489 4421 πορείαν
521 4350 788 4413 ἀνιόντας,
820 4350 913 4403 καὶ
963 4350 1089 4413 τοὺς
1134 4347 1367 4419 ἔμπαλιν
1414 4347 1500 4401 διὰ
1533 4350 1630 4420 τῆς
1660 4351 1828 4421 αὐτῆς

264 4442 566 4506 κατιόντας,
592 4442 691 4495 οὐκ
741 4441 805 4496 ἄν
855 4458 938 4505 τις
985 4440 1177 4512 ἑτέραν
1222 4440 1355 4511 φαίη
1410 4439 1661 4510 βαδίζειν,
1699 4444 1828 4512 μιᾶς

259 4532 587 4606 ἀμφοτέροις
622 4532 875 4602 κειμένης
902 4534 1014 4594 τοῖς
1037 4547 1096 4583 τε
1125 4530 1331 4585 ἀνιοῦσι
1356 4530 1447 4585 καὶ
1474 4534 1587 4595 τοῖς
1611 4533 1829 4585 κατιοῦ-

262 4643 317 4683 σι
341 4626 550 4698 τρίϐου.
577 4626 680 4680 Τὸν
726 4625 887 4681 αὑτὸν
932 4623 1063 4693 γοῦν
1109 4625 1308 4696 τρόπον
1347 4624 1439 4677 καὶ
1471 4623 1562 4677 ἐπὶ
1588 4624 1685 4695 τῆς
1719 4625 1826 4679 τῶν

262 4720 433 4790 γενῶν
464 4719 709 4790 διαδοχῆς
741 4718 1021 4791 πάρεστιν,
1048 4719 1154 4790 ὅτῳ
1183 4716 1332 4787 φίλον
1358 4718 1444 4771 ἐπ’
1474 4717 1719 4785 ἐξουσίας
1740 4717 1828 4772 διὰ

266 4814 375 4867 τῶν
405 4812 601 4874 αὐτῶν,
635 4815 746 4876 τοῖς
774 4812 871 4884 μὲν
900 4809 1143 4865 κάτωθεν
1188 4811 1279 4864 ἐπὶ
1322 4811 1448 4873 τοὺς
1477 4810 1662 4883 πρόσω
1685 4810 1829 4864 ἀνιέ-

263 4922 373 4969 ναι,
402 4906 511 4969 τοῖς
533 4903 587 4957 δὲ
619 4903 727 4957 ἀπὸ
751 4902 858 4956 τῶν
878 4901 1082 4957 ἄνωθεν
1104 4901 1457 4973 προπατόρων
1484 4900 1823 4973 ἀρξαμένοις,

262 4997 357 5051 ἐπὶ
401 4998 524 5060 τοὺς
563 4996 823 5059 ὑστάτους
851 4993 1207 5065 καταλήγεινσ
1239 4988 1390 5057 οὗτος
1415 4993 1471 5047 δὲ
1494 4994 1586 5047 καὶ
1613 4994 1824 5065 πόρῥωο

261 5090 354 5144 θεν
388 5088 656 5160 Ἑϐραίοις
688 5087 834 5158 φίλος
858 5083 926 5159 ἦν
952 5087 980 5140 ὁ
1009 5086 1225 5158 τρόπος,
1256 5093 1384 5150 etc.,
1410 5095 1466 5139 ut
1497 5087 1551 5139 in
1574 5086 1825 5155 impressa

257 5179 456 5235 anobis
488 5183 731 5250 epitome,
765 5179 863 5234 col.
898 5179 1021 5243 891,
1047 5179 1142 5233 lin.
1169 5178 1203 5233 4
1230 5196 1262 5231 a
1290 5180 1411 5247 fine,
1442 5195 1600 5248 usque
1636 5180 1704 5232 ad
1731 5178 1823 5232 τοῦ

258 5273 511 5348 Σωτῆρος
526 5271 1103 5345 ήμῶνεὺαγγελιστάς,
1117 5277 1216 5325 col.
1235 5270 1357 5336 893,
1373 5271 1468 5326 lin.
1495 5269 1583 5326 37.
1607 5271 1724 5326 Eid’
1743 5271 1823 5326 ὅτι

332 5406 378 5440 ⁸³
416 5406 607 5463 Matth.
643 5424 755 5473 xu,
792 5409 879 5463 4t).

332 5521 447 5591 (H)
483 5520 752 5593 Expilavit
782 5521 929 5593 hanc
953 5520 1171 5577 Eusebii
1202 5520 1551 5593 quzestionem
1584 5518 1825 5593 lsidorus

260 5591 536 5649 Pelusiota
569 5591 655 5665 ep.
687 5592 895 5665 2,212,
918 5593 1087 5665 tacito
1117 5592 1358 5647 auctoris
1388 5591 1637 5660 nomine;
1669 5592 1817 5651 ideo-

262 5678 369 5735 que
398 5663 639 5736 ejusdem
680 5664 878 5721 solutio
910 5663 1115 5734 jamdiu
1156 5671 1281 5719 nota
1308 5673 1441 5718 erat.

1931 4082 2040 4143 cat,
2075 4074 2251 4130 Lucas
2277 4090 2406 4130 vero
2447 4074 2728 4129 contrario
2771 4074 2963 4129 ordine
3004 4080 3214 4138 utatur,
3257 4074 3495 4144 quando-

1926 4168 2145 4241 quidem
2199 4167 2388 4222 eadem
2442 4166 2531 4221 via
2588 4175 2817 4237 uterque
2859 4167 3123 4237 graditur,
3174 4166 3356 4223 nullus
3403 4174 3491 4223 est

1926 4259 2338 4332 reprehensioni
2368 4259 2540 4315 locus.
2575 4258 2711 4313 Nam
2741 4268 2795 4314 et
2820 4258 2943 4316 illos
2973 4257 3064 4330 qui
3094 4274 3344 4330 prorsum
3373 4275 3489 4316 sur-

1927 4366 2159 4423 sumque
2212 4352 2535 4418 ascendunt,
2580 4360 2636 4406 et
2678 4351 2802 4407 illos
2834 4350 2928 4421 qui
2982 4349 3270 4408 adversum
3300 4351 3492 4408 eadem

1925 4446 2013 4502 via
2051 4444 2429 4508 descendunt,
2481 4443 2624 4497 haud
2672 4444 2961 4514 quisquam
3026 4442 3230 4499 diceret
3276 4443 3493 4500 diverso

1926 4537 2142 4592 tramite
2173 4535 2422 4591 incedere
2458 4553 2471 4589 :
2515 4536 2642 4605 quia
2672 4537 2882 4592 scilicet
2908 4551 3013 4590 una
3047 4537 3116 4593 ab
3142 4536 3408 4607 utrisque,
3438 4536 3490 4591 id

1925 4634 2009 4683 est
2036 4628 2106 4682 ab
2138 4626 2560 4683 ascendentibus
2600 4626 3186 4698 descendentibusque,
3237 4628 3325 4682 via
3371 4627 3496 4682 teri-

1926 4726 2037 4775 tur.
2069 4718 2193 4774 Pari
2218 4734 2348 4791 ergo
2376 4717 2537 4773 modo
2560 4720 2722 4774 etiam
2770 4719 2827 4775 in
2880 4719 3232 4776 recensendis
3277 4718 3491 4789 generis

1926 4811 2391 4876 successionihus,
2451 4826 2549 4882 pro
2596 4811 2864 4882 cujusque
2904 4810 3059 4866 libito
3106 4810 3191 4866 vel
3238 4810 3307 4865 ab
3365 4810 3490 4865 imis

1927 4921 2146 4961 sursum
2175 4903 2419 4969 tendere,
2455 4904 2541 4959 vel
2579 4920 2609 4959 a
2633 4906 2847 4975 superis
2876 4910 3037 4975 capto
3065 4902 3220 4957 initio
3244 4900 3492 4972 progeni-

1924 5000 2139 5055 toribus
2163 4999 2218 5054 in
2250 5004 2557 5071 postremos
2586 4999 2836 5055 desinere
2865 4998 3009 5052 licet.
3039 4996 3215 5067 Atque
3242 4995 3331 5050 hic
3371 5007 3490 5049 mos

1927 5091 2227 5162 antiquitus
2258 5089 2497 5146 Hebraeis
2539 5090 2763 5161 placuit,
2800 5097 2906 5145 etc.
2937 5087 3090 5155 Quod
3122 5087 3192 5153 si,
3227 5087 3354 5158 quia
3388 5098 3488 5139 nec

1923 5178 2102 5235 Lucas
2137 5181 2437 5238 ascendens
2475 5180 2720 5237 substitit
2762 5180 2818 5235 in
2850 5179 3180 5244 Abrahamo,
3216 5193 3317 5235 nec
3360 5176 3491 5231 Mat-

1924 5274 2099 5329 tbzeus
2128 5274 2197 5329 ab
2220 5274 2427 5331 Adamo
2456 5276 2705 5347 intcepit,
2729 5274 2784 5329 in
2833 5288 2993 5344 quem
3038 5272 3215 5329 Lucas
3260 5270 3485 5336 desivit;

2004 5520 2117 5593 (ω)
2157 5519 2317 5579 Deest
2344 5520 2629 5593 incomce
2653 5520 2918 5593 particula
2952 5520 3005 5589 ἦ,
3042 5532 3163 5588 qua:
3187 5524 3370 5572 tamen
3400 5512 3491 5571 hic

1926 5591 2106 5650 omitti
2130 5608 2240 5647 non
2270 5591 2475 5647 debuit.

1998 5663 2107 5737 (ιὸ)
2147 5662 2281 5719 Cod.
2312 5661 2375 5729 Α,
2414 5663 2451 5719 I‘.
2477 5660 2563 5718 65.
2589 5658 2788 5721 Confer
2820 5668 3015 5738 quiest.
3052 5672 3115 5714 ιι.
