3890 6198
362 257 472 314 9⁹ἶ9
1017 253 1280 310 EUS’EBH
1311 255 1791 312 CESARIENSIS
1825 256 1975 312 ΟΡΡ.
2017 253 2203 310 PARS
2233 251 2329 308 Ill.
2356 281 2425 290 —
2462 239 2870 305 EXEGETICA.
3475 250 3592 305 960

359 373 566 428 idcirco
593 372 848 428 dissonos
867 372 1005 429 inter
1035 389 1094 430 se
1129 376 1491 445 cvangelistas
1522 376 1722 446 aliquis
1749 375 1914 439 dicat,

2038 373 2101 442 si)
2139 371 2295 441 μέχρι
2333 367 2427 422 τοῦ
2472 367 2721 439 ’Λϐραάμ
2767 367 2862 421 καὶ
2904 366 2933 420 6
2977 367 3188 446 Λουκᾶς
3234 365 3399 419 ἀνιὼν
3433 366 3585 438 ἔστη,

360 479 470 520 non
514 471 659 519 recte
687 461 919 533 judicat.
960 463 1197 534 Uterque
1235 469 1378 520 enim
1423 467 1752 537 evangelista
1794 481 1920 535 prn—

362 557 482 626 prio
509 555 723 610 calculo
749 555 1174 627 descriptionem
1199 558 1450 628 exposuit
1477 577 1492 626 ;
1526 559 1683 612 aliter
1705 559 1920 628 quidem

359 665 429 702 ex
466 648 778 704 Abrahamo
809 649 1098 719 incipiens,
1146 651 1284 704 alter
1321 651 1497 720 ipsum
1552 651 1921 705 Abrahamum

361 739 780 810 supergrediens
817 781 832 804 ,
856 742 921 794 ad
967 741 1199 812 primum
1231 758 1402 810 usque
1440 741 1710 797 hominem
1739 756 1925 796 ascen-

361 832 474 896 dit;
524 845 698 899 neque
746 831 798 884 in
843 831 942 884 hoc
979 831 1095 900 ipso
1143 831 1473 901 consistens,
1525 832 1766 886 historiae
1812 845 1924 886 sure

365 923 560 978 seriem
593 939 714 978 eum
738 922 846 977 Deo
869 923 1160 976 connectit.
1201 926 1460 990 Quaenam
1519 938 1686 994 porro
1731 925 1784 978 in
1839 923 1925 978 his

367 1016 722 1084 repugnantia
768 1015 883 1070 est?
925 1015 970 1068 si
1016 1015 1265 1068 Matth-too
1307 1013 1522 1084 quidem
1567 1015 1743 1070 visum
1797 1016 1926 1069 utie

361 1117 470 1169 est,
503 1107 574 1164 ob
617 1109 900 1177 scripturae
940 1124 1050 1163 suae
1078 1109 1406 1171 institutum,
1428 1122 1496 1162 ex
1529 1107 1837 1162 Abrahamo
1873 1114 1926 1163 et

367 1199 625 1270 deinceps
653 1200 1019 1270 genealogiam
1052 1199 1356 1256 deducere:
1382 1198 1542 1255 Luca:
1593 1206 1772 1254 autem
1819 1198 1930 1268 pla-

367 1291 503 1352 cuit,
536 1302 753 1361 propter
779 1292 1206 1362 regenerationis
1251 1293 1305 1348 in
1330 1292 1548 1348 Christo
1571 1291 1916 1362 mysterium,

367 1399 588 1440 sursum
634 1385 930 1454 provehere
977 1384 1249 1438 hominem
1300 1385 1519 1440 lavacro
1552 1392 1930 1454 regeneratum

369 1473 511 1529 ultra
541 1477 834 1546 cujuslibet
864 1477 1231 1549 generationis
1281 1477 1433 1533 ﬁnes.
1481 1476 1722 1532 Observa
1759 1477 1925 1539 enim,

369 1583 492 1623 eum
533 1576 644 1624 toto
676 1585 777 1624 suo
808 1586 1054 1625 sermone
1090 1571 1412 1624 vocabulum
1438 1569 1810 1640 generationis.
1849 1585 1932 1623 re-

371 1660 558 1724 tieere,
595 1662 686 1717 sed
740 1661 924 1717 Jesum
973 1663 1360 1718 retrocedendo
1407 1661 1727 1724 subvehere,
1757 1662 1940 1715 donec?

2029 462 2162 534 μηδὲ
2195 465 2224 516 6
2253 461 2526 523 Ματθαῑος
2559 459 2666 513 ἀπὸ
2698 459 2789 512 τοῦ
2827 458 2997 529 Ἀδὰμ
3027 445 3230 530 ἤρξατο
3269 460 3359 527 ἐφ’
3386 458 3443 510 ὃν
3467 475 3596 510 κατ-

2026 535 2211 627 έληξεν
2254 557 2284 608 ὁ
2328 555 2560 616 Λουκᾶς,
2591 553 2876 622 διαφωνεῖν
2920 569 3002 616 τις
3051 551 3249 614 αὐτοὺς
3277 550 3451 619 λέγοι,
3497 552 3596 604 οὔκ

2025 647 2198 720 ὀρθῶς
2245 645 2444 700 οἴεται⁶
2476 645 2733 716 ἑκάτερος
2779 644 2886 714 γὰρ
2932 644 3108 698 αὐτῶν
3135 644 3324 715 οἰκείῳ
3350 643 3598 714 λογισμῷ

2026 741 2123 810 τὴν
2167 739 2378 792 ἔκθεσιν
2428 739 2716 810 πεποίηται
2762 739 2856 810 τῆς
2899 739 3134 810 γραφῆς,
3164 741 3194 792 6
3241 738 3342 808 μὲν
3384 739 3449 792 ἐκ
3497 737 3598 791 τοῦ

2042 834 2288 906 Ἀϐραὰμ
2313 833 2631 908 ἀρξάμενος,
2663 834 2692 885 6
2720 832 2776 885 δὲ
2807 832 2902 885 καὶ⁸
2929 832 3019 886 τὸν
3045 831 3296 902 Ἀϐραὰμ
3329 829 3591 900 ὑπερϐὰς,

2031 927 2120 980 ἐπί
2145 945 2202 981 τε
2230 926 2321 981 τὸν
2349 913 2561 997 πρῶτον
2594 925 2875 995 ἄνθρωπον
2901 923 3163 976 ἀνελθών·
3200 925 3290 976 καὶ
3323 923 3464 994 μηδὲ
3499 921 3594 992 μέ-

2030 1039 2121 1092 χρι
2171 1018 2358 1072 τούτου
2408 1017 2557 1082 στὰς,
2588 1018 2680 1070 τὸν
2726 1017 2905 1070 πάντα
2936 1015 2992 1068 δὲ
3022 1015 3176 1082 λόγον
3221 1016 3312 1067 ἐπὶ
3341 1015 3440 1066 τὸν
3467 1013 3599 1065 Θεὸν

2030 1113 2364 1184 ἀναρτήσας·
2410 1109 2536 1162 ποία
2576 1109 2683 1181 γὰρ
2733 1112 2790 1162 ἐν
2833 1107 3039 1170 τούτοις
3084 1109 3262 1178 μάχη;
3295 1108 3362 1160 Εἰ
3390 1105 3474 1176 τῷ
3505 1107 3600 1175 μὲν

2032 1205 2294 1276 Χρήσιμος
2317 1203 2486 1273 ἐφάνη
2508 1205 2540 1273 ἡ
2565 1201 2671 1256 ἀπὸ
2698 1198 2788 1253 τοῦ
2818 1198 3063 1270 Ἀϐραὰμ
3086 1199 3179 1252 καὶ
3205 1198 3297 1251 ἐπὶ
3324 1198 3456 1260 τοὺς
3475 1197 3598 1267 ἑξῆς

2032 1295 2363 1366 γενεαλογία,
2396 1294 2485 1348 διὰ
2517 1295 2613 1364 τὴν
2637 1291 2943 1361 οἰκονομίαν
2968 1289 3060 1342 τοῦ
3081 1291 3208 1361 παρ’
3240 1290 3394 1360 αὐτῷ
3415 1289 3594 1358 λόγον,

2032 1391 2060 1442 6
2089 1388 2146 1441 δὲ
2176 1387 2262 1440 διὰ
2285 1387 2346 1441 τὸ
2368 1387 2467 1457 τῆς
2493 1390 2548 1440 ὲν
2574 1383 2791 1456 Χριστῴ
2830 1381 3244 1450 παλιγγενεσίας
3276 1383 3595 1453 μυστήριον,

2033 1474 2347 1540 ἀναϐιϐάζει
2395 1474 2486 1529 τὸν
2519 1473 2604 1526 διὰ
2642 1471 2862 1540 λουτροῦ
2897 1469 3312 1540 γεγεννημένον,
3345 1472 3594 1524 ἐπέκεινα

2035 1569 2249 1639 ἀπάσης
2278 1565 2539 1636 γενέσεως
2562 1580 2576 1593 ·
2612 1563 2766 1634 τήρει
2792 1562 2900 1633 γὰρ
2937 1563 3018 1615 ὅτι
3058 1562 3123 1614 δι’
3149 1562 3274 1615 ὅλου
3315 1561 3406 1614 τοῦ
3436 1563 3592 1630 λόγου

2036 1658 2341 1729 σεσιώπηκε
2390 1656 2450 1710 τδ
2499 1656 2598 1726 τῆς
2647 1653 2913 1722 γενέσεως
2952 1653 3141 1724 ὄνομα,
3169 1655 3292 1723 ἄγει
3336 1672 3394 1709 τε
3441 1655 3597 1707 αὐτὸν

371 1769 479 1809 non
529 1755 580 1808 in
616 1755 834 1809 homine
883 1756 1064 1826 aliquo
1095 1755 1260 1819 sistit,
1307 1755 1401 1810 sed
1448 1755 1502 1808 in
1539 1755 1657 1824 ipso
1684 1754 1926 1809 omnium

2038 1752 2264 1819 ἀνάγων,
2301 1748 2397 1802 καὶ⁹
2425 1747 2636 1819 ἵστησιν
2683 1749 2783 1804 οὐκ
2826 1748 2916 1800 ἐπί
2961 1765 3079 1801 τινα
3123 1746 3446 1818 ἀνθρώπων,
3485 1747 3598 1799 ἀλλ’

371 1835 503 1907 Deo,
544 1845 631 1898 cui
667 1845 816 1899 illum
841 1853 1025 1916 utpote
1050 1844 1246 1899 Filium
1275 1846 1422 1899 Patri
1454 1845 1692 1915 copulat.

439 2022 494 2075 2.
547 2023 660 2095 Age
687 2040 816 2079 vero
855 2033 914 2078 ut
951 2025 1028 2078 ita
1059 2025 1219 2078 etiam
1255 2025 1528 2094 loquentis
1561 2038 1932 2094 coarguamus.

373 2115 723 2184 imperitiam,
771 2125 934 2187 atque
985 2124 1044 2171 ut
1099 2132 1258 2171 nemo
1302 2116 1547 2171 veritatis
1588 2117 1931 2185 ignoratione

371 2207 628 2278 deinceps
687 2209 1005 2265 scandalum
1053 2209 1313 2278 patiatur,
1358 2208 1647 2281 genuinam
1682 2218 1814 2262 actae
1854 2208 1928 2262 rei

373 2303 660 2358 historiam
695 2316 990 2372 exponam.
1039 2299 1096 2353 In
1141 2301 1334 2370 primis
1369 2317 1497 2356 vero
1530 2302 1798 2371 objectam
1832 2317 1932 2354 no-

371 2393 457 2452 bis
488 2394 916 2464 propositionem
953 2392 1307 2448 considerare
1333 2409 1472 2463 opus
1497 2403 1597 2449 est.
1643 2392 1932 2447 Matthteus

371 2486 592 2558 quidem
637 2501 704 2542 ex
754 2486 1067 2540 Abrahamo
1121 2485 1190 2540 ad
1228 2484 1508 2549 Davidem,
1556 2494 1716 2555 atque
1748 2485 1821 2538 ita
1865 2483 1933 2536 ad

375 2575 723 2632 Salomonem
775 2577 1004 2647 ejusque
1037 2591 1385 2631 successores
1431 2591 1604 2644 usque
1654 2575 1723 2628 ad
1772 2573 1932 2628 Jaco-

371 2667 523 2732 bum,
583 2667 724 2722 unde
775 2676 928 2722 ortus
955 2666 1226 2737 Josephus
1268 2667 1472 2722 Christi
1504 2675 1725 2737 putatus
1754 2676 1929 2736 pater,

372 2759 674 2816 descendit.
733 2759 910 2815 Lucas
939 2769 1117 2816 autem
1158 2759 1452 2829 Josephum
1495 2759 1636 2813 haud
1665 2776 1734 2815 ex
1766 2758 1930 2814 Jaco-

373 2854 443 2906 bo
463 2849 538 2904 ait
562 2859 766 2915 ortum,
795 2858 856 2905 ut
893 2850 1211 2918 Matthaaus;
1237 2851 1333 2908 sed
1355 2867 1422 2906 ex
1457 2850 1576 2906 Heli
1604 2852 1926 2918 ascendens,

374 2939 442 2996 ad
471 2948 701 2994 caeteros
719 2942 925 3017 pergit,
951 2955 1184 3011 quorum
1217 2941 1425 2996 nullum
1468 2939 1748 2998 Mattheus
1780 2957 1932 2995 eom-

373 3043 658 3088 memorat.
681 3035 854 3103 Atque
873 3035 945 3089 ita
959 3034 1234 3104 obliquam
1261 3034 1424 3089 veluti
1446 3034 1745 3090 decurrens
1765 3036 1930 3098 viam,

2030 1844 2120 1902 ἐπὶ
2161 1843 2250 1896 τὸν
2297 1841 2511 1896 πάντων
2553 1840 2703 1903 Θεὸν,
2733 1841 3011 1911 μονονουχὶ
3046 1840 3350 1911 προσάγων,
3395 1840 3490 1892 ἅτε
3529 1839 3600 1910 δὴ

2033 1937 2156 1989 Υἰδν
2181 1934 2473 2004 γενόμενον
2503 1931 2579 2002 τῷ
2609 1932 2803 2003 Πατρί.

2104 2028 2167 2098 β’.
2203 2026 2312 2096 (44)
2342 2027 2458 2079 Ἵνα
2486 2021 2577 2078 οὖν
2609 2025 2702 2078 καὶ
2738 2023 2896 2076 τοῦτο
2933 2024 3212 2095 εἰρηκότος
3239 2023 3338 2093 τὴν
3363 2023 3627 2095 ἀμαθίαν.

2031 2119 2367 2190 ἐλέγξωμεν,
2416 2117 2708 2188 παύσωμεν
2756 2116 2812 2170 δὲ
2861 2116 2955 2169 τοῦ
3013 2117 3210 2188 μηδένα
3253 2118 3349 2171 ὑπ’
3383 2118 3606 2185 ἀγνοίας

2033 2211 2222 2282 ὁμοίας
2277 2209 2727 2279 σκανδαλισθῆναι
2752 2249 2784 2270 ,ν
2809 2207 2906 2280 τὴν
2946 2209 3119 2281 ἀληθῆ
3161 2208 3271 2262 τῶν
3300 2209 3630 2277 γεγονότων.

2035 2303 2272 2373 ἱστορίαν
2323 2301 2651 2371 ἐκθήσομαι·
2689 2299 2950 2372 πρότερον
2995 2301 3051 2354 δὲ
3100 2300 3195 2372 τὴν
3243 2300 3608 2374 προταθεῐταν

2033 2396 2163 2464 ἡμῖν
2221 2393 2478 2463 πρότασιν
2512 2393 2706 2465 καιρός
2764 2395 2883 2448 ἐστι
2933 2393 3376 2463 ἐπισκέψασθαι·
3427 2396 3458 2446 6
3510 2394 3608 2465 μὲν

2035 2479 2305 2546 Ματθαῖος
2333 2484 2440 2538 ἀπὸ
2479 2483 2572 2538 τοῦ
2607 2485 2855 2558 Ἀϐραὰμ
2879 2486 2970 2540 ἐπὶ
3000 2487 3092 2540 τὸν
3137 2484 3301 2538 Δαυῖδ
3322 2526 3338 2549 ,
3393 2487 3490 2540 καὶ
3522 2485 3608 2539 οὖ-

2032 2593 2140 2638 τως
2185 2576 2278 2627 ἐπὶ
2323 2576 2414 2628 τὸν
2461 2576 2745 2648 Σολομῶνα
2784 2579 2878 2632 καὶ
2931 2579 3058 2641 τοὺς
3102 2577 3291 2631 τούτου
3327 2578 3608 2648 διαδόχους

2038 2667 2196 2737 μέχρι
2241 2666 2336 2720 τοῦ
2368 2667 2559 2726 Ἰακὼϐ
2580 2709 2596 2733 ,
2630 2667 2690 2734 ἐξ
2712 2663 2776 2722 06'
2803 2669 2996 2741 Ἰωσὴφ
3029 2673 3058 2723 6
3085 2668 3179 2723 τοῦ
3203 2670 3453 2742 Χριστοῦ
3478 2688 3604 2740 χρηο

2037 2757 2268 2828 ματίσας
2300 2759 2502 2829 πατὴρ,
2551 2759 2825 2814 κάτεισιν⁸
2873 2761 2902 2812 6
2940 2760 2994 2814 δὲ
3041 2762 3254 2824 Λουκᾶς
3279 2761 3379 2812 τὸν
3408 2762 3606 2830 Ἰωσὴφ

2032 2847 2130 2899 οὐκ
2159 2847 2265 2900 ἀπὸ
2293 2846 2387 2900 τοῦ
2417 2848 2610 2902 Ἰακὼϐ
2653 2846 2794 2903 εἷναί
2830 2867 2993 2921 φησιν
3020 2851 3097 2914 ὡς
3143 2850 3455 2914 Ματθαῖος,
3494 2851 3608 2903 ἀλλ’

2034 2938 2142 2993 ἀπὸ
2163 2939 2256 2993 τοῦ
2286 2939 2432 2992 Ἠλεί
2454 2958 2468 2973 ο
2497 2937 2614 2995 εἶτα
2644 2942 2752 2996 ἀπὸ
2783 2942 2877 2996 τοῦ
2911 2943 3056 2995 Ἠλεὶ
3083 2941 3246 2996 ἀνιὼν
3272 2944 3361 3011 ἐφ’
3387 2945 3602 3014 ἐτέρους

2038 3033 2221 3103 χωρεῖ,
2246 3025 2320 3086 ὧν
2350 3032 2470 3085 οὐδὲ
2501 3032 2620 3096 ὅλος
2659 3033 3062 3104 ἐμνημόνευσεν
3111 3033 3139 3084 6
3169 3032 3455 3094 Marﬂab;
3473 3050 3488 3062 ·
3515 3031 3604 3084 καὶ

376 3139 719 3195 nequaquam
747 3125 815 3180 ad
847 3125 1193 3182 Salomonem
1239 3123 1457 3182 devenit
1487 3125 1706 3184 Davidis
1735 3127 1927 3191 lilium,

2038 3121 2205 3186 οὕτως
2259 3123 2492 3192 πλαγίαν
2532 3124 2655 3180 τινὰ
2704 3123 2958 3196 δραμὼν,
3003 3125 3221 3196 ἔρχεται
3262 3124 3368 3186 οὐκ
3399 3124 3497 3176 ἐπὶ
3522 3123 3604 3175 τὸν

375 3216 468 3272 sed
523 3217 590 3271 ad
642 3217 950 3272 Nathanum
1009 3219 1100 3289 qui
1151 3235 1302 3290 aeque
1353 3217 1452 3273 fuit
1496 3218 1716 3274 Davidis
1766 3219 1931 3275 ﬁlius.

374 3311 538 3381 Atqui
567 3311 921 3381 oportuisset,
958 3311 1004 3366 si
1031 3328 1194 3366 unam
1227 3321 1452 3383 uterque
1473 3313 1808 3384 evangelista
1841 3329 1936 3384 ge-

374 3403 677 3474 nealogiam
729 3403 962 3466 texebat,
999 3405 1084 3459 vel
1111 3403 1313 3459 Lucam
1345 3403 1590 3459 eamdem
1627 3419 1754 3458 eum
1797 3404 1936 3458 Mat-

376 3493 522 3548 thao
543 3492 743 3548 seriem
775 3501 1087 3558 contexere,
1121 3494 1207 3548 vel
1243 3492 1549 3547 Matthaaum
1573 3493 1785 3557 eadem,
1815 3509 1934 3564 quae

377 3585 542 3642 habet
584 3585 780 3652 Lucas,
804 3586 1028 3640 nomina
1068 3587 1322 3642 recitare.
1374 3585 1440 3640 Hi
1471 3601 1599 3640 vero
1627 3587 1762 3642 adeo
1802 3588 1935 3641 invi-

377 3693 496 3733 cem
525 3694 635 3734 non
677 3677 1012 3748 conspirant,
1057 3686 1114 3732 ut
1152 3678 1288 3732 alter
1333 3675 1527 3733 Jacobi
1575 3676 1742 3731 lilium
1786 3678 1934 3734 dicat

375 3767 672 3840 Josephum
705 3784 769 3824 ac
793 3767 1102 3823 Salomonis
1129 3768 1331 3822 Davide
1362 3769 1560 3840 geniti:
1590 3769 1726 3823 alter
1749 3777 1929 3824 autem

389 3876 501 3916 non
541 3861 751 3928 Jacobi,
784 3861 879 3916 sed
911 3860 1030 3916 Heli
1071 3875 1136 3916 ac
1174 3859 1411 3914 Nathani
1461 3859 1657 3916 Davide
1683 3862 1809 3916 item
1842 3877 1935 3932 ge-

378 3953 514 4008 niti:
561 3971 670 4025 quo
709 3954 982 4012 scribendi
1023 3955 1274 4008 instituto
1324 3968 1653 4024 magnopere
1699 3936 1842 4010 inter
1879 3971 1939 4011 se

378 4049 645 4105 dissidere
700 4047 979 4102 videntur.
1027 4076 1096 4086 ——
1153 4043 1440 4111 Quombdo
1494 4045 1658 4116 igitur
1711 4045 1940 4115 objecta:

379 4139 736 4213 propositioni
784 4137 1182 4192 occurrendum
1211 4136 1327 4192 est?
1348 4136 1562 4208 Agesis,
1591 4139 1785 4193 animae
1811 4155 1940 4210 ape—

379 4232 583 4286 rientes
621 4229 862 4291 oculum,
897 4227 1178 4283 vocabulis
1221 4227 1353 4296 ipsis
1407 4239 1662 4283 accurate
1705 4237 1936 4283 mentem

383 4322 752 4386 intendamus,
807 4327 860 4374 et
930 4318 1063 4388 quid
1125 4319 1270 4374 dicat
1323 4316 1500 4375 Lucas
1558 4321 1932 4390 inspiciamus.

387 4432 407 4465 ι
437 4411 502 4467 Et
531 4414 648 4482 ipse
677 4409 838 4466 Jesus
890 4419 1009 4465 erat
1042 4411 1308 4480 incipiens
1337 4413 1504 4484 quasi
1531 4427 1796 4466 annorum
1839 4414 1930 4466 tri-

381 4507 550 4578 ginta,
603 4511 660 4558 ut
711 4503 1002 4573 putabatur
1050 4504 1192 4560 ﬁlius
1223 4503 1468 4575 Iosephi,
1505 4505 1598 4574 qui
1647 4503 1747 4558 fuit
1792 4503 1932 4569 Heli,

385 4597 476 4667 qui
513 4595 614 4650 fuit
661 4594 875 4650 Melehi.
915 4613 934 4646 ι
971 4593 1076 4650 Sed
1100 4595 1245 4650 enim
1292 4594 1596 4658 Matthazus,
1628 4593 1768 4648 haud
1805 4608 1938 4649 usus

381 4699 466 4747 est
495 4689 732 4746 dictione
771 4687 1082 4760 putabatur,
1113 4697 1237 4760 ‘etc.
1295 4687 1474 4758 Atque
1504 4687 1617 4742 haec
1647 4686 1820 4757 prima
1853 4694 1936 4742 est

382 4783 684 4854 responsio.

453 4877 509 4931 5.
555 4875 708 4930 Alius
735 4889 951 4945 quoque
993 4872 1227 4928 fortasse
1261 4873 1390 4928 latet
1438 4871 1746 4943 profundus
1772 4880 1938 4943 atque

382 4981 615 5021 arcanus
646 4969 700 5019 in
740 4964 1016 5034 praedictis
1059 4979 1272 5020 sensus.
1323 4965 1611 5020 Matthteus
1645 4967 1789 5020 enim
1823 4981 1938 5019 ma-

383 5057 579 5112 nifeste
613 5057 884 5112 carnalem
932 5071 1166 5111 narrans
1195 5055 1402 5112 Christi
1443 5057 1734 5128 originem,
1767 5065 1821 5113 et
1846 5057 1943 5112 Jo-

387 5151 620 5221 sephum
658 5135 845 5205 volens
898 5166 1023 5205 vere
1069 5150 1266 5204 Davide
1303 5151 1590 5206 oriundum
1624 5151 1940 5214 ostendere,

385 5243 648 5298 orationis
661 5258 772 5298 sua:
786 5244 1088 5314 ingressum
1101 5243 1312 5311 qualem
1331 5243 1566 5312 Oportuit
1579 5242 1942 5308 facit,dieens,

392 5333 544 5388 Liber
571 5333 922 5405 generationis
957 5331 1086 5386 Iesu
1113 5330 1342 5394 Christi,
1375 5339 1427 5385 et
1474 5332 1702 5402 reliqua,
1749 5347 1944 5386 conse-

389 5435 724 5496 quenterque
753 5432 918 5480 totam
951 5423 1145 5480 deinde
1173 5425 1452 5480 historiam
1491 5425 1642 5494 ponit
1678 5435 1798 5495 post
1821 5441 1946 5495 pro-

390 5517 692 5588 genitorum
737 5519 1065 5587 catalogum,
1119 5515 1301 5586 Magos
1373 5516 1656 5582 videlicet,
1718 5516 1945 5574 Herodis

461 5699 574 5769 (AM)
608 5698 741 5754 Cod.
769 5701 833 5768 A,
867 5700 906 5756 ί.
936 5700 1022 5758 64.
1065 5699 1265 5768 Quaest.
1305 5716 1378 5756 ιιι.

2002 3215 2320 3293 ,Σολομῶνα
2359 3216 2449 3269 τὸν
2500 3216 2594 3270 τοῦ
2637 3215 2830 3282 Δαυῒδ,
2878 3217 2993 3270 ἀλλ’
3024 3217 3115 3270 ἐπὶ
3157 3216 3348 3271 Νάθαν
3381 3217 3476 3270 τὸν
3519 3216 3606 3269 καὶ

2036 3308 2196 3362 αὑτὸν
2223 3309 2317 3366 τοῦ
2348 3309 2538 3364 Δαυῖδο
2575 3309 2824 3379 ὀφείλων,
2858 3311 2905 3363 εί
2928 3309 2990 3382 δὴ
3029 3311 3279 3381 περὶτῆς
3314 3311 3489 3381 αὐτῆς
3520 3326 3604 3378 γε-

2035 3401 2313 3470 νεαλογίας
2344 3403 2373 3454 6
2403 3400 2558 3470 λόγος
2579 3397 2647 3473 ἦν
2674 3401 2874 3465 αὐτοῖς,
2905 3401 2995 3456 διὰ
3017 3400 3124 3453 τῶν
3153 3401 3335 3453 αὐτῶν
3357 3400 3441 3470 τῷ
3460 3402 3602 3454 Ματ-

2037 3492 2463 3564 θαίῳάνελθεῖν,
2499 3493 2531 3563 ἢ
2563 3494 2652 3546 τὸν
2685 3493 2962 3547 Ματθαῖον
2998 3493 3064 3546 δι’
3097 3486 3172 3545 ὧν
3194 3495 3222 3544 6
3256 3493 3477 3555 Λουκᾶς
3499 3512 3600 3562 χω-

2039 3585 2196 3655 ρῆσαι
2229 3584 2506 3655 ὀνομάτων
2526 3601 2539 3615 ⁸
2569 3587 2618 3638 εί
2643 3586 2698 3638 δὲ
2725 3584 2895 3650 οὕτως
2921 3586 3000 3638 ού-
3017 3584 3420 3655 συνηνέχθησαν
3450 3585 3600 3655 ἀλλή-

2036 3677 2178 3741 λοις,
2203 3677 2276 3740 ὼς
2303 3677 2390 3730 τὸν
2422 3677 2516 3730 ἕνα
2542 3681 2713 3730 εἰπεῖν
2749 3678 2842 3730 τοῦ
2877 3676 3065 3731 Ἰακὼϐ
3101 3677 3190 3730 τὸν
3228 3677 3432 3747 Ἰωσὴφ
3471 3673 3596 3729 εἶναι

2035 3773 2148 3825 υἱὸν
2178 3772 2270 3825 καὶ
2297 3771 2604 3842 Σολομῶνος
2637 3770 2752 3824 υἱοῦ
2793 3771 2984 3824 Δαυῖδ’
3027 3770 3118 3823 τὸν
3169 3769 3224 3822 δὲ
3270 3769 3490 3840 ἕτερον,
3531 3770 3598 3838 μὴ

2035 3863 2128 3918 τοῦ
2161 3863 2350 3917 Ἰακὼϐ
2372 3903 2386 3927 ,
2421 3863 2553 3917 ἀλλὰ
2594 3863 2686 3918 τοῦ
2717 3863 2863 3916 Ἠλεὶ
2905 3864 2998 3916 καὶ
3041 3861 3226 3916 Νάθαν
3261 3861 3380 3914 υἱοῦ
3409 3861 3593 3914 Δαυΐδ-

2036 3958 2102 4012 δι’
2128 3949 2201 4010 ὧν
2225 3956 2428 4010 ἐοίκασι
2457 3955 2658 4027 πολλὴν
2694 3954 2987 4024 διαφωνίαν
3027 3955 3165 4026 πρὸς
3206 3953 3471 4024 ἀλλήλους
3514 3969 3596 4004 πε-

2042 4048 2260 4120 ριέχειν.
2277 4077 2348 4087 —-—
2369 4048 2432 4100 Τί
2457 4047 2519 4118 δὴ
2539 4043 2630 4101 οὖν
2658 4049 2736 4111 εἰς
2759 4048 2819 4100 τὸ
2845 4046 3108 4118 προταθὲν
3131 4045 3289 4098 τοῦτο
3318 4046 3598 4116 πρόϐλημα

2039 4137 2180 4191 εἴποι
2219 4138 2283 4192 ἄν
2307 4153 2426 4201 τις;
2460 4137 2591 4208 φέρε
2618 4136 2717 4206 τῆς
2749 4137 2924 4208 ψυχῆς
2954 4135 3315 4202 διανοίξαντες
3338 4136 3401 4194 τὸ
3420 4137 3592 4206 όμμα,

2039 4231 2239 4294 ἀτενῶς
2286 4233 2406 4293 ταῖς
2453 4227 2663 4294 λέξεσιν
2715 4230 2897 4292 αὐτοῖς
2946 4229 3317 4299 ἐπερείσωμεν
3359 4229 3458 4298 τὴν
3491 4227 3592 4280 διά-

2039 4341 2217 4389 νοιαν,
2252 4322 2448 4394 ἴδωμέν
2482 4339 2543 4375 τε
2569 4321 2620 4374 τί
2647 4338 2808 4392 φησιν
2845 4323 2873 4373 6
2905 4321 3135 4384 Λουκᾶς.
3183 4340 3201 4370 ι
3235 4321 3348 4373 Καὶ
3391 4318 3590 4382 αὐτὸςὰ

2055 4415 2259 4487 Ἰησοῦς
2298 4410 2364 4486 ἦν
2399 4414 2696 4486 ἀρχόμενος
2729 4413 2858 4465 ὡσεὶ
2901 4413 3036 4466 ἐτῶν
3065 4413 3363 4483 τριάκοντα
3389 4411 3462 4464 ὢν
3489 4409 3587 4472 626;

2041 4509 2117 4572 ὡς
2158 4507 2434 4580 ἐνομίζετο
2473 4505 2566 4559 τοῦ
2595 4505 2822 4576 Ἰωσὴφ,
2858 4505 2952 4558 τοῦ
2981 4504 3159 4568 Ἠλεὶ,
3205 4505 3300 4557 τοῦ
3340 4505 3534 4575 Mella"
3563 4523 3579 4552 ι

2038 4599 2152 4654 ἀλλ’
2177 4602 2274 4670 οὐχ
2301 4599 2330 4651 ὅ
2362 4614 2425 4667 γε
2468 4596 2744 4660 Matinio;
2786 4597 3054 4669 ἐχρήσατο
3086 4598 3149 4666 τῇ
3194 4597 3274 4661 ὡς
3309 4593 3583 4664 ἐνομίζετο

2040 4694 2220 4762 φωνῇ,
2254 4700 2383 4754 elc.,
2414 4691 2541 4744 utin
2569 4690 2808 4758 epitome,
2841 4689 2940 4741 col.
2965 4687 3090 4754 896,
3123 4687 3218 4740 lin.
3248 4687 3304 4751 4,
3343 4703 3496 4756 usque
3522 4684 3578 4736 ad

2039 4783 2174 4855 αὕτη
2209 4784 2305 4855 μὲν
2329 4778 2418 4836 οὖν
2447 4785 2480 4855 ἡ
2511 4782 2702 4855 πρώτη
2717 4781 2984 4844 ἀπόδοσις.

2111 4885 2176 4948 γ’.
2203 4878 2312 4949 (45)
2345 4877 2442 4948 Εἵη
2469 4877 2514 4929 δ’
2539 4876 2602 4930 ἄν
2629 4893 2712 4940 τις
2739 4875 2834 4928 καὶ
2859 4873 3017 4939 ἄλλος
3043 4873 3209 4946 βαθὺς
3235 4875 3330 4929 καὶ
3359 4873 3570 4944 άπόῤῥη-

2041 4986 2130 5032 τος
2168 4970 2226 5022 ἐν
2269 4971 2381 5030 τοῖς
2414 4965 2792 5038 προκειμένοις
2826 4964 2998 5034 λόγος.
3047 4965 3326 5027 Ματθαῐος
3359 4964 3450 5035 μὲν
3482 4959 3570 5028 γὰρ

2041 5059 2478 5131 ὁμολογουμέναις
2522 5058 2619 5129 τὴν
2660 5057 2920 5128 ἔνσαρκον
2976 5056 3188 5125 γένεσιν
3236 5055 3454 5126 ἱστορῶν
3491 5047 3568 5102 τοῦ

2043 5153 2274 5224 Χριστοῦ
2297 5193 2311 5214 ,
2341 5153 2545 5206 καὶτὸν
2575 5151 2768 5223 Ἰωσὴφ
2804 5151 3077 5218 ἀποδεῖξαι
3118 5149 3430 5221 βουλόμενος
3461 5143 3566 5211 ἀλη’

2045 5245 2152 5309 θῶς
2193 5247 2257 5298 ἐκ
2297 5243 2456 5298 Δαυῖδ
2477 5286 2491 5308 ,
2524 5244 2644 5297 ὅθεν
2672 5243 2836 5316 ἐχρῆν
2873 5245 2937 5315 τῇ
2972 5243 3186 5314 εἰσϐολῇ
3221 5244 3467 5316 κέχρηται
3488 5234 3564 5290 τοῦ

2045 5339 2220 5404 λόγου,
2239 5339 2434 5408 φήσας,
2457 5337 2671 5402 Βίϐλος
2681 5335 2967 5405 γενέσεως
2994 5334 3188 5403 Ἰησοῦ
3209 5332 3468 5404 Χριστοῦ.
3489 5324 3564 5380 καὶ

2044 5429 2111 5482 τὰ
2143 5428 2266 5498 ἑξῆς
2288 5445 2301 5458 ο
2328 5426 2630 5489 ἀκολούθως
2654 5442 2712 5478 τε
2738 5425 2833 5496 τὴν
2860 5425 2984 5495 ὃλην
3007 5425 3134 5495 ἑξῆς
3163 5424 3396 5495 ἱστορίαν
3415 5419 3562 5484 τίθησι

2051 5519 2184 5590 μετὰ
2218 5517 2308 5570 τὸν
2345 5517 2451 5569 τῶν
2482 5514 2836 5587 προπατόρων
2861 5514 3175 5584 κατάλογον,
3206 5515 3328 5577 τοὺς
3351 5511 3561 5578 Μάγους,

2120 5697 2229 5768 (ιδ)
2269 5696 2401 5752 Ibid.

3830 4954 3890 4976 .h‘:
