3952 6198
224 230 318 285 ’236
329 232 347 285 l

1093 232 1591 296 SUPPLEMENTA
1628 234 2100 309 QUESTIONUM
2138 244 2230 297 AD
2270 241 2711 301 STEPHANUM.

3363 241 3468 299 962

241 353 341 409 τὴν
370 353 607 424 Ἡρώδου
638 355 849 426 μανίαν,
878 356 975 428 τὴν
1007 357 1085 421 εἰς
1106 358 1377 427 Αἴγυπτον
1410 358 1580 431 Ἰησοῦ
1608 360 1805 432 φυγὴν,

1912 358 2174 425 furorem,
2198 352 2325 417 Jesn
2345 362 2398 416 in
2415 360 2706 432 Egyptum
2724 357 2925 430 fugam,
2950 357 3184 413 indidem
3207 356 3463 421 reditum,

237 448 343 517 τὴν
386 448 592 502 ἐκεῖθεν
633 451 909 515 ἐπάνοδον,
949 451 1037 504 τὸν
1067 452 1386 523 Ἀρχέλαονο
1424 455 1515 507 καὶ
1551 455 1627 518 ὡς
1674 455 1808 525 μετά

236 540 415 593 ταῦτα
445 542 543 611 ἤδη
574 542 758 596 λοιπὸν
800 546 877 607 εἰς
908 545 1103 614 ἄνδρας
1136 546 1382 616 Ἰωάννης
1421 547 1631 618 προϐὰς
1673 548 1807 619 μετὰ

237 632 565 702 τριακοστὸν
595 632 712 696 ἐτος
736 635 832 703 τῆς
862 635 1034 704 Ἰησοῦ
1061 635 1340 702 γενέσεως,
1370 638 1460 690 ἐπὶ
1483 638 1582 709 τῆς
1602 640 1806 710 ἐρήμου

243 723 509 794 κηρύσσει
543 724 820 796 βάπτισμα
852 728 1134 797 μετανοίας
1156 771 1169 793 ,
1206 730 1425 801 πάρεισί
1451 749 1509 783 τε
1540 732 1675 803 μετὰ
1700 732 1808 786 τῶν

242 814 418 869 ἄλλων
443 817 537 869 καὶ
562 820 590 870 ό
623 817 826 889 Ἰησοῦς
856 820 912 872 ἐν
944 819 1019 891 τῷ
1048 821 1279 895 Ἰορδάνῃ
1314 823 1806 896 βαπτισθησόμενος

242 907 353 959 ὑπὸ
379 907 471 960 τοῦ
501 909 772 962 ’Ῑωάννοιν
801 910 897 964 καὶ
925 911 987 983 δὴ
1022 914 1216 985 συνόρα
1248 917 1304 967 ἐν
1328 915 1534 979 τούτοις
1564 916 1694 986 ὕφος
1714 917 1807 972 καὶ

242 998 564 1053 ἀκολουθίαν
594 1000 870 1071 ἱστορικῆς
898 1002 1198 1075 διηγήσεως
1222 1006 1287 1076 ἢν
1313 1009 1341 1060 ό
1368 1009 1637 1073 Λίατθαῖος
1665 1011 1807 1063 ἐκτί-

238 1085 397 1139 θεται
422 1128 435 1149 ,
471 1088 639 1161 Σύρος
676 1090 840 1162 ἀνὴρ,
890 1092 1123 1164 τελώνης
1170 1096 1260 1149 τὸν
1301 1097 1446 1167 βίον,
1482 1099 1580 1170 τὴν
1625 1102 1805 1172 φωνὴν

252 1177 521 1246 Ἐϐραῖος.

312 1267 373 1319 δ’.
402 1268 458 1320 Ὀ
488 1268 543 1321 δέ
583 1271 795 1334 Λουκᾶς
835 1272 893 1325 τὸ
940 1274 1035 1343 μὲν
1072 1275 1225 1343 γένος
1262 1277 1368 1331 ἀπὸ
1400 1277 1500 1347 τῆς
1528 1279 1804 1353 βοωμένης

252 1356 583 1429 ’Λντιοχείας
618 1355 717 1430 ἦν,
763 1363 819 1413 ἐν
916 1363 979 1435 δὴ
1003 1364 1050 1417 οἱ
1086 1365 1285 1429 πάντες
1321 1367 1637 1435 λογιώτατοι
1680 1374 1805 1435 τοῦς

240 1451 440 1512 Ἴωνας
465 1452 756 1521 προγόνους
784 1454 1036 1525 αὐχοῦσιν
1070 1458 1179 1529 (46)
1203 1478 1217 1491 ·
1248 1461 1309 1513 οὐ
1355 1461 1459 1530 μὴν
1499 1461 1634 1515 ἀλλά
1670 1465 1804 1535 πρὸς

233 1538 318 1608 τῷ
353 1539 492 1591 κατὰ
533 1540 692 1609 φύσιν
735 1543 1027 1615 Ἑλληνικῴ
1062 1546 1169 1599 τῶν
1210 1548 1450 1619 ἀνδρῶν,
1478 1551 1708 1623 ἐπήγετό
1750 1571 1799 1605 τι

236 1630 402 1683 πλέον
425 1633 451 1684 ὁ
476 1633 685 1697 Λουκᾶς
714 1637 769 1687 ἐν
794 1636 969 1705 λόγοις
989 1679 1003 1701 ,
1039 1639 1133 1692 ἆτε
1171 1642 1419 1712 ἰατρικῆς
1444 1642 1701 1715 ἔμπειρος
1726 1644 1799 1697 ὢν

235 1724 569 1796 ἐπιστήμης,
591 1728 776 1798 Ὅμως
818 1729 881 1800 δὴ
924 1733 951 1782 ὁ
980 1731 1215 1797 τοιοῦτος
1248 1735 1344 1805 τῆς
1380 1735 1472 1789 τοῦ
1503 1739 1621 1789 κατ’
1643 1738 1798 1791 αὐτὸν
1831 1717 1869 1771 Β

236 1815 567 1885 Εὐαγγελίου
595 1820 813 1891 γραφῆς
847 1822 1161 1894 ἀρχόμενος,
1193 1826 1260 1879 τὰ
1288 1827 1386 1896 μὲν
1409 1828 1545 1881 κατὰ
1571 1829 1660 1881 τὸν
1699 1831 1800 1883 Ζα-

234 1908 434 1978 χαρίαν
485 1911 577 1962 καὶ⁸
621 1912 721 1982 τὴν
754 1912 1028 1967 Ἑλισάδετ
1061 1919 1260 1988 ἱστορεῖ
1295 1919 1502 1987 πρῶτα.
1542 1916 1673 1973 Εἶτα
1702 1921 1799 1992 τὴν

231 1999 379 2070 πρὸς
413 1999 507 2071 τὴν
553 2003 771 2073 Μαρίαν
823 2004 916 2057 τοῦ
955 2006 1190 2079 Γαϐριὴλ
1227 2010 1542 2077 ἐπιφάνειαν
1584 2012 1799 2064 ἐπισυν-

227 2087 400 2157 ἅψας,
417 2089 514 2151 τὰς
540 2090 868 2160 παραδόξους
893 2096 1132 2163 γενέσεις
1150 2097 1275 2168 ἑξῆς
1296 2098 1525 2171 τίθησιν,
1548 2101 1799 2173 οὐδεμιᾶς

222 2179 499 2249 μνησθεὶς
528 2184 871 2253 γενεαλογίας
903 2185 994 2240 τοῦ
1018 2188 1215 2259 Ἰωσήφ
1240 2206 1254 2220 °
1289 2190 1477 2244 ἔπειτα
1503 2192 1798 2247 δωδέκατον

230 2271 356 2335 ἔτος
376 2273 703 2344 ἀναγράφων
726 2276 817 2329 τοῦ
844 2276 1037 2349 Ἰησοῦ,
1062 2278 1212 2335 οὔπω
1231 2282 1323 2336 καὶ
1344 2283 1437 2336 νῦν
1456 2285 1798 2354 γενεαλογίας

230 2368 580 2439 μνημονεύει.
618 2370 770 2424 Μετά
804 2371 859 2424 δὲ
890 2372 1014 2437 τοὺς
1040 2375 1343 2443 Αὐγούστου
1375 2377 1617 2447 χρόνους,
1644 2378 1799 2429 Τιϐε-

230 2464 352 2532 ρίου
376 2464 754 2534 διαδεξαμένου
795 2466 891 2536 τὴν
920 2466 1203 2537 Ῥωμαίων
1229 2468 1539 2537 ἡγεμονίαν,
1571 2468 1710 2519 κατὰ
1738 2466 1798 2520 τὸ

232 2555 717 2609 πεντεκαιδέκατον
757 2557 917 2609 αὐτοῦ
965 2558 1111 2621 ἔτος,
1156 2559 1288 2627 φησὶ
1320 2560 1409 2613 τὸν
1436 2560 1681 2630 Ἰωάννην
1708 2561 1797 2613 ἐπὶ

230 2646 337 2714 τῆς
362 2648 564 2717 ἐρήμου
598 2647 829 2718 κηρῦξαι
860 2650 1141 2718 μετανοίας
1184 2650 1465 2721 βάπτισμα
1493 2654 1571 2714 είς
1604 2651 1794 2720 ἄφεσιν

232 2735 515 2806 ἁμαρτιῶν
532 2752 544 2765 ·
576 2737 917 2800 διδασκαλίας
947 2756 1002 2791 τε
1039 2740 1199 2792 αὐτοῦ
1222 2740 1422 2811 τίθησι,
1449 2742 1541 2793 καὶ
1563 2743 1651 2793 ἐπὶ
1674 2741 1796 2794 τού-

230 2843 350 2889 τοις
374 2827 484 2880 ἄπα
494 2845 595 2892 σιν,
613 2829 805 2899 Ἰησοῦ,
822 2831 971 2899 φησὶ,
998 2831 1377 2899 βαπτισθέντος
1394 2835 1483 2886 καὶ
1498 2835 1795 2905 πρόσευξα-

235 2919 396 2990 μένου
427 2920 638 2988 ἐγένετο
667 2923 943 2994 ἀνοιγῆναι
971 2923 1060 2975 τὸν
1087 2925 1309 2994 οὐρανὸν
1331 2963 1345 2986 ,
1374 2926 1467 2977 καὶ
1498 2927 1792 2996 καταϐῆναι

212 3012 296 3063 “rb
322 3012 541 3083 Πνεῦμα
570 3013 700 3065 ὡσεὶ
726 3015 1071 3085 περιστερὰν,
1109 3015 1198 3067 καλ¹
1230 3016 1410 3085 φωνὴν
1445 3016 1651 3068 ἐκεῖθεν
1678 3018 1792 3069 ἐνε-

230 3101 427 3172 χθῆναι
450 3119 462 3132 ·
510 3122 526 3152 ι
563 3103 633 3154 Σὺ
665 3098 714 3155 εἴ
738 3106 765 3156 ό
794 3103 919 3166 Υίός
959 3120 1057 3173 μου
1097 3105 1124 3155 ὁ
1167 3104 1447 3174 ἀγαπητὸς
1486 3106 1543 3158 ἐν
1575 3100 1618 3174 ᾧ
1654 3106 1792 3158 εὐδό-

232 3211 393 3266 κησα.
425 3214 442 3246 ι
484 3195 649 3247 Ἔνθα
675 3197 959 3265 γενόμενος
977 3236 990 3259 ,
1017 3194 1203 3267 ὥσπερ
1229 3196 1285 3263 ἐξ
1314 3196 1477 3250 ὕπνου
1508 3198 1789 3269 διανήψας,

228 3285 331 3355 τῆς
370 3285 716 3353 γενεαλογίας
747 3286 1008 3357 ἀκαίρως,
1055 3286 1129 3349 ὡς
1161 3286 1225 3339 ἂν
1265 3286 1471 3359 οἰηθείη
1500 3306 1579 3352 τις
1602 3329 1615 3351 ,
1654 3308 1789 3361 μνηυ

234 3377 445 3448 μονεύει
475 3378 818 3446 λέγων,‹Καὶ
847 3378 1006 3441 αὐτὸς
1028 3374 1094 3449 ἦν
1124 3379 1418 3449 ἀρχόμενος
1439 3380 1686 3451 ὁΊησοῦς
1717 3383 1791 3445 ὡς

230 3471 366 3522 ἐτῶν
389 3472 698 3541 τριάκοντα,
722 3469 794 3522 ὢν
819 3470 931 3533 υἱὸς
952 3471 1026 3533 ὡς
1047 3468 1321 3539 ἐνομίζετο
1342 3470 1432 3523 τοῦ
1458 3472 1672 3544 Ἰωσὴφ,
1698 3472 1788 3526 τοῦ

242 3561 408 3623 Ἠλεὶ,
433 3562 525 3615 τοῦ
548 3562 719 3632 Μελχὶ
746 3561 876 3633 (47),
919 3582 934 3613 ι
972 3563 1063 3615 καὶ
1089 3564 1194 3616 τῶν
1220 3563 1437 3617 λοιπῶν.

303 3661 359 3706 ε’.
394 3654 488 3717 Τίς
521 3654 810 3725 τοιγαροῦν
832 3657 910 3707 ’ἐν
943 3655 1149 3718 τούτοις
1193 3656 1289 3707 οὐκ
1329 3655 1393 3708 ἂν
1427 3655 1786 3726 άπορήσειενς

231 3747 282 3799 εἰ
320 3746 589 3811 Ματθαῖος
623 3746 720 3817 μὲν
748 3747 904 3816 λόγου
937 3746 1185 3813 σύνταξιν
1213 3748 1586 3817 ἐπιστημόνως
1611 3748 1790 3816 φαίνε-

231 3853 319 3888 ται
375 3838 774 3908 πεποιημένος,
836 3836 975 3889 κατὰ
1019 3836 1205 3907 καιρόν
1239 3854 1297 3888 τε
1340 3837 1679 3907 χρησάμενος
1721 3839 1787 3907 τῇ

231 3930 563 4002 γενεαλογίᾳ,
595 3931 806 3992 Λουκᾶς
825 3930 879 3982 δέ
906 3930 984 3993 εἰς
1006 3928 1255 3981 τοσοῦτον
1284 3928 1510 3999 ἡλαυνεν
1535 3928 1785 3999 ἀπορίας,

224 4026 307 4088 ὡς
331 4026 413 4078 ὅτε
450 4023 548 4094 μὲν
575 4022 739 4093 ἐχρῆν
766 4023 905 4091 κατὰ
936 4021 1116 4092 χώραν
1142 4022 1238 4093 τὴν
1265 4020 1610 4088 γενεαλογίαν
1635 4019 1787 4071 ἐντά-

233 4117 337 4183 ξαι,
364 4114 662 4186 τηνικαῦτα
692 4113 1013 4185 παραλιπεῖν
1035 4113 1221 4184 αὐτὴν,
1252 4113 1487 4182 ἱστορίαν
1509 4130 1566 4164 τε
1594 4112 1785 4164 τοσαύ-

222 4226 326 4278 την
351 4208 636 4277 ἐκθέμενον
662 4206 760 4277 τὴν
786 4205 895 4259 ἀπὸ
919 4207 1015 4276 τῆς
1037 4206 1300 4273 γενέσεως
1322 4204 1413 4257 τοῦ
1435 4203 1667 4275 Χριστοῦ
1694 4205 1787 4275 μέ-

236 4318 321 4370 χρι
343 4300 633 4371 τριάκοντα
674 4299 830 4364 ἐτῶν,
865 4298 1068 4369 μηδένα
1110 4298 1297 4368 καιρὸν
1334 4297 1635 4367 ἐπιτήδειον
1664 4313 1787 4348 συν-

1910 452 2142 523 denique
2169 451 2515 508 Archelaum.
2562 451 2628 505 Et
2658 450 2930 522 quomodo
2962 459 3086 520 post
3133 450 3245 503 hanc
3278 452 3332 504 in
3361 466 3465 519 pu-

1908 544 2111 599 blicum
2154 545 2434 600 hominum
2487 552 2841 615 conspectum
2892 543 3152 613 prodiens
3202 540 3464 604 Joannes.

1907 637 2189 695 tricesimo
2221 639 2398 693 aetatis
2422 636 2551 692 Jesu
2576 653 2742 699 anno,
2777 636 3110 707 pmnitentia:
3131 636 3466 706 baptismum

1907 728 1962 782 in
2013 730 2231 784 deserto
2278 730 2669 800 prmdicaverit,
2708 735 2890 798 atque
2954 729 3094 781 inter
3137 727 3279 780 alios
3336 725 3467 779 illuc

1906 819 2066 878 Jesus
2121 839 2338 894 quoque
2390 823 2623 887 venerit,
2662 830 2721 875 ut
2756 822 2855 876 alis
2895 819 3103 875 Joanne
3149 820 3202 873 in
3231 818 3468 873 Jordane

1906 914 2302 985 baptizaretur.
2359 914 2525 969 Vides
2578 929 2707 983 ergo
2765 914 2821 967 in
2874 913 2959 968 his
3018 919 3351 975 contextum,
3413 918 3468 966 et

1906 1004 2184 1058 historica:
2219 1004 2550 1057 narrationis
2599 1003 2899 1072 sequelam,
2954 1017 3123 1071 quam
3184 1000 3466 1055 Matthaeus

1904 1097 2149 1165 exponit,
2200 1097 2289 1149 vir
2340 1094 2533 1167 Syrus,
2578 1095 2921 1165 professione
2952 1095 3075 1147 vitae
3109 1093 3460 1163 publicanus,

1905 1184 2093 1259 lingua
2132 1187 2413 1243 Hebraeus.

1975 1280 2029 1335 4.
2072 1280 2140 1333 At
2184 1279 2361 1334 Lucas
2392 1278 2592 1333 celebri
2628 1276 2917 1331 Antiochia
2964 1292 3136 1347 genus
3190 1275 3462 1340 trahebat,

1903 1371 2100 1441 quain
2132 1370 2266 1423 urbe
2315 1367 2669 1422 eruditissimi
2736 1367 2941 1437 quique
2997 1367 3094 1421 abs
3140 1365 3363 1421 lenibus
3406 1380 3464 1420 se

1903 1461 2218 1533 progenitos
2246 1474 2368 1515 esse
2397 1459 2717 1530 gloriantur.
2767 1456 2872 1512 Sed
2902 1464 3098 1527 prater
3130 1457 3355 1511 insitum
3386 1455 3466 1509 ci-

1905 1556 2065 1609 vibns
2094 1553 2499 1615 hellenismum,
2550 1550 2843 1621 aliquando
2872 1550 3045 1619 magis
3074 1547 3379 1619 profecerat
3407 1549 3463 1602 in

1904 1648 2103 1701 litteris
2144 1643 2339 1707 Lucas,
2368 1643 2518 1712 Tquia
2548 1642 2772 1698 medica:
2798 1640 2933 1694 artis
2966 1640 3174 1709 peritus
3208 1646 3342 1694 erat.
3398 1637 3464 1691 Et

1902 1748 2084 1792 tamen
2134 1736 2260 1790 talis
2310 1751 2432 1789 cum
2478 1743 2643 1797 esset,
2692 1730 2966 1806 Evangelii
3007 1733 3334 1801 scripturam
3372 1746 3465 1785 or-
3538 1770 3547 1785 .

1900 1832 2075 1890 diens,
2128 1845 2213 1883 res
2251 1828 2482 1897 primum
2532 1825 2811 1880 Zacharia:
2851 1833 2905 1880 et
2936 1823 3222 1878 Elisabcta:
3249 1830 3460 1877 narrat.

1901 1921 2102 1976 Deinde
2130 1920 2397 1975 Gabrielis
2424 1919 2490 1973 ad
2537 1918 2759 1971 Mariam
2799 1917 3138 1987 apparitione
3186 1916 3459 1980 subnexa,

1900 2016 2067 2067 miras
2122 2014 2244 2069 illas
2274 2013 2593 2067 nativitates
2628 2010 2825 2065 deinde
2856 2009 3029 2079 ponit,
3063 2009 3209 2061 nulla
3240 2006 3462 2077 Josephi

1898 2104 2225 2175 genealogize
2276 2104 2419 2158 facta
2461 2103 2756 2158 mentione.
2822 2099 3017 2153 Postea
3078 2098 3456 2153 duodecimum

1894 2199 2022 2255 Jesu
2051 2213 2251 2252 annum
2297 2197 2562 2261 scribens,
2615 2194 2855 2248 nondum
2889 2192 3055 2246 ullam
3088 2191 3456 2262 genealogiam

1900 2291 2184 2348 memorat.
2242 2291 2373 2345 Post
2429 2288 2659 2363 Augusti
2716 2302 2847 2341 vero
2911 2294 3177 2354 tempora,
3242 2283 3459 2337 Tiberio

1898 2380 2263 2435 Romanorum
2296 2380 2581 2450 imperium
2607 2376 3047 2446 tenente,quinto
3064 2374 3274 2428 decimo
3297 2372 3459 2441 hujus

1895 2486 2060 2535 anno,
2097 2472 2229 2527 dicit
2256 2470 2517 2525 Joannem
2552 2470 2609 2523 in
2639 2469 2856 2523 deserto
2902 2466 3285 2537 praedicavisse
3337 2478 3457 2535 pte-

1896 2562 2136 2616 nitentize
2187 2563 2515 2632 baptismum
2575 2561 2629 2614 in
2661 2567 3005 2629 peccatorum
3040 2557 3454 2613 remissionem:

1894 2652 2296 2721 concionesqne
2340 2651 2462 2720 ejus
2495 2651 2749 2719 exponit;
2804 2658 2861 2705 et
2905 2656 3029 2719 post
3071 2648 3187 2702 htBC
3244 2647 3453 2712 omnia,

1891 2740 2040 2808 Jesu,
2064 2744 2261 2813 inquit,
2280 2743 2553 2812 baptizato
2576 2751 2630 2798 et
2657 2750 2847 2797 ora’nte
2877 2743 3072 2795 (mlum
3096 2741 3295 2811 aperiri
3323 2756 3455 2795 con-

1892 2835 2033 2904 tigit,
2070 2845 2122 2889 et
2153 2833 2413 2905 Spiritum
2446 2836 2711 2888 columbae
2758 2834 2939 2904 specie
2968 2834 3322 2897 descendere,
3368 2840 3453 2887 at-

1894 2942 1999 2996 que
2033 2926 2184 2980 illinc
2214 2940 2402 2980 vocem
2438 2926 2639 2980 deferri
2668 2944 2680 2979 :
2717 2925 2827 2978 «Tu
2846 2940 2904 2979 es
2934 2923 3107 2978 Filius
3136 2939 3288 2981 meus
3317 2924 3454 2978 dile-

1895 3025 2040 3082 ctus,
2068 3018 2121 3070 in
2156 3032 2265 3087 quo
2320 3017 2451 3069 mihi
2484 3017 2812 3086 complacui.
2848 3035 2867 3067 ι
2928 3015 3095 3070 Porro
3123 3016 3229 3069 huc
3258 3031 3453 3086 prove-

1896 3120 2037 3173 ctus,
2073 3120 2330 3179 tanquam
2368 3125 2560 3164 somno
2590 3110 2872 3180 evigilans,
2898 3109 3225 3179 genealogim
3252 3109 3448 3164 intern-

1894 3200 2119 3270 pestive,
2151 3207 2210 3251 ut
2252 3197 2449 3265 aliquis
2499 3197 2853 3262 existimabit,
2886 3199 3225 3251 mentionem.
3247 3196 3442 3252 infert:

1898 3309 1916 3343 ι
1952 3292 2018 3344 Et
2049 3290 2162 3359 ipse
2194 3286 2355 3343 Jesus
2390 3295 2507 3342 erat
2564 3287 2830 3358 incipiens
2876 3288 3033 3357 quasi
3063 3302 3326 3341 annorum
3349 3289 3450 3343 tri-

1891 3387 2061 3454 ginta,
2115 3381 2259 3434 illius
2307 3388 2365 3433 ut
2406 3379 2701 3450 putabatur
2734 3377 2979 3449 Josephi,
3022 3380 3118 3450 qui
3148 3378 3251 3433 fuit
3302 3377 3445 3444 Heli,

1893 3473 1985 3543 qui
2016 3472 2117 3525 fuit
2151 3469 2367 3538 Melchi,
2403 3488 2421 3520 ›
2442 3477 2498 3524 et
2524 3470 2880 3539 reliquorum.

1963 3653 2013 3708 5.
2058 3651 2191 3718 Quis
2218 3665 2346 3721 ergo
2379 3650 2483 3705 hoc
2510 3650 2630 3704 loco
2653 3665 2783 3719 _non
2816 3649 2887 3706 sit
2921 3650 3251 3720 perplexus?
3278 3651 3449 3722 siqui-

1890 3747 2011 3801 dem
2066 3745 2374 3800 Mattbaeum
2439 3743 2770 3797 narrationis
2822 3759 2934 3798 sua:
2997 3745 3445 3812 compositionem

1890 3840 2026 3895 scite
2061 3837 2260 3893 fecisse
2304 3844 2560 3906 apparet;
2594 3835 2796 3889 Lucam
2829 3844 3007 3890 autem
3052 3842 3201 3888 tanta
3239 3836 3446 3906 incogi-

1893 3933 2063 3985 tantia
2099 3931 2287 3993 fuisse,
2322 3942 2377 3983 ut
2412 3944 2533 3983 cum
2579 3945 2679 3981 suo
2721 3928 2841 3982 loco
2881 3927 3250 3998 genealogiam
3277 3927 3447 3983 collo-

1890 4042 2016 4079 care
2057 4025 2299 4085 deberet,
2352 4038 2470 4076 eam
2535 4030 2664 4074 tunc
2713 4019 3154 4089 prarterlniserit:
3208 4029 3261 4073 et
3318 4034 3448 4073 cvm

1888 4125 2093 4169 tantam
2131 4114 2369 4168 historiae
2401 4121 2607 4181 partem
2644 4112 2979 4180 scripsisset,
3009 4125 3201 4179 nempe
3235 4124 3265 4162 a
3294 4108 3449 4163 Chri~

1889 4211 1957 4263 sti
1995 4209 2275 4262 nativitate
2317 4222 2491 4274 usque
2532 4206 2597 4259 ad
2647 4206 2983 4258 tricesimum
3045 4203 3165 4273 ejus
3217 4219 3443 4269 annum,

1890 4301 2097 4355 nullum
2160 4300 2459 4354 inserenda:
2527 4299 2854 4369 genealogis:
2918 4299 3171 4353 idoneum
3231 4307 3443 4367 tempus

238 4392 357 4445 ιδεῖν
384 4392 477 4461 τῆς
503 4392 623 4444 κατ’
644 4390 802 4444 αὐτὸν
830 4389 1175 4458 γενεαλογίας
1195 4407 1206 4419 ο
1235 4387 1326 4443 νῦν
1348 4389 1403 4441 δὲ
1428 4389 1512 4440 ὅτε
1542 4405 1785 4458 τριακον-

1897 4391 2206 4463 agnoverit:
2237 4388 2331 4445 sed
2368 4406 2512 4443 nunc
2536 4389 2753 4443 demum
2785 4406 2907 4443 cum
2946 4391 3169 4459 triginta
3202 4389 3313 4458 jam
3345 4404 3442 4443 an-

234 4484 417 4555 ταέτης
442 4482 679 4551 γεγονὼς
708 4482 957 4553 πάρεισιν
995 4482 1085 4533 ἐπὶ
1119 4481 1178 4533 τὸ
1207 4480 1448 4533 Ἰωάννου
1483 4480 1780 4551 βάπτισμα,

236 4577 375 4648 παρὰ
396 4576 569 4630 πάντα
593 4575 750 4643 λόγον
777 4575 870 4627 καὶ
886 4573 1034 4644 παρὰ
1050 4574 1255 4645 καιρὸν,
1286 4572 1471 4642 ὥσπερ
1496 4571 1615 4625 τινὰ
1647 4589 1784 4642 παρα

236 4670 454 4739 ενθήκην
498 4667 705 4735 εἰσάγει
742 4667 839 4738 τῆς
873 4666 1088 4736 γραφῆς
1123 4666 1220 4737 τὴν
1253 4665 1618 4733 γενεαλογίαν.
1645 4663 1780 4715 Ἀλλ’

238 4758 293 4814 εἴ
311 4761 387 4823 τίς
416 4777 476 4828 γε
508 4758 657 4829 αὐτῷ
686 4758 906 4812 τοιαῦτα
936 4758 1247 4829 ἐμέμψατο,
1278 4758 1376 4810 οὐκ
1410 4757 1474 4810 ἂν
1506 4757 1782 4827 ἠπόρησεν

239 4853 560 4925 ἀποκρίσεως
584 4854 612 4905 ό
634 4851 771 4914 θεῖος
802 4850 1185 4921 εὐαγγελιστὴς
1208 4868 1220 4879 ·
1251 4847 1366 4903 εἷπε
1388 4849 1432 4902 δ’
1456 4849 1520 4903 ἂν
1542 4849 1616 4912 ὡς
1637 4848 1781 4912 εἰκός

240 4947 346 5002 θεῖά
371 4964 487 5001 τινα
512 4946 605 4999 καὶ
631 4944 769 5015 σοφὰ
791 4945 882 4998 καὶ
906 4943 999 4997 τοῦ
1027 4948 1083 4998 ἐν
1113 4945 1260 5015 αὐτῷ
1293 4944 1433 4997 θείου
1469 4942 1780 5014 Πνεύματος

241 5042 435 5106 ἐπάξια.
467 5039 607 5110 Ἐγὼ
628 5040 688 5095 δὲ
718 5039 953 5110 ἡγοῦμαι
982 5039 1141 5091 αὐτὸν
1167 5039 1259 5090 καὶ
1300 5039 1397 5109 τὴν
1426 5036 1563 5090 κατὰ
1599 5037 1778 5107 σάρκα

240 5134 428 5202 γένεσιν
464 5130 557 5184 τοῦ
586 5128 757 5202 Ἰησοῦ
787 5128 1120 5198 γενεαλογεῖν
1165 5129 1409 5181 ἐθέλοντα
1430 5170 1444 5194 ,
1488 5127 1579 5179 νῦν
1622 5127 1778 5179 τοῦτο

243 5225 605 5296 πεποιηκέναι’
633 5222 786 5289 τοῦτο
820 5223 931 5294 γὰρ
973 5226 1019 5275 εἰ
1063 5222 1201 5275 κατὰ
1242 5221 1463 5293 γνώμην
1489 5222 1773 5291 ἔπραττεν,

240 5321 327 5373 οὐκ
350 5317 522 5388 ἠγνόει
545 5356 561 5381 ,
591 5317 678 5370 ὅτε
724 5316 889 5387 ἐχρῆν
929 5315 1127 5385 ταύτην
1176 5314 1444 5368 ἐκθέσθαι.
1476 5311 1688 5385 Ἐπειδὴ
1719 5313 1776 5366 δέ

244 5412 325 5464 νῦν
358 5409 450 5481 τῆς
481 5410 571 5464 διὰ
612 5408 834 5481 λουτροῦ
873 5408 1275 5479 ἀναγεννήσεως
1312 5407 1614 5479 μέμνηται,
1646 5404 1775 5459 Υἱόν

245 5504 380 5556 αὐτὸν
402 5503 633 5571 εἰσάγων
660 5501 816 5566 Θεοῦ,
847 5500 1091 5571 βούλεται
1112 5501 1268 5611 dig/iv
1296 5499 1648 5572 ὑποδείγματι
1673 5515 1773 5552 πα-

309 5659 401 5728 (46)
442 5658 531 5713 Sic
560 5658 894 5714 demonstrat
924 5626 1189 5714 Eusebius
1220 5665 1387 5715 totam
1409 5658 1771 5716 Antiochena-

248 5744 351 5784 rum
376 5732 723 5785 litteraturam
756 5729 995 5786 Graecam
1029 5730 1213 5787 fuisse.

1890 4501 1987 4539 nos
2014 4492 2174 4539 natus
2206 4482 2270 4537 ad
2303 4479 2530 4537 Joannis
2563 4483 2891 4553 baptismum
2924 4481 3134 4537 accedit
3166 4481 3440 4547 Christus,

1890 4586 2087 4649 praeter
2145 4591 2359 4630 onmem
2424 4576 2690 4629 rationem
2764 4590 2828 4629 ac
2887 4581 3123 4646 tempus,
3180 4583 3439 4643 tanquam

1886 4668 2082 4737 scripti
2138 4668 2404 4721 insertum
2461 4664 2731 4734 quoddam
2776 4665 3143 4735 genealogiam
3194 4663 3435 4718 inducat.

1884 4759 2358 4816 Vernmenimvero
2404 4757 2449 4810 si
2496 4757 2617 4826 quis
2656 4757 2807 4810 illum
2852 4758 2931 4811 sic
2982 4756 3435 4825 reprehenderet,

1885 4852 2029 4906 haud
2062 4865 2387 4921 responsum
2419 4865 2577 4904 suum
2617 4849 2916 4904 desiderari
2962 4859 3236 4917 pateretur
3278 4850 3436 4903 divus

1881 4944 2251 5015 evangelista;
2286 4941 2380 4999 sed
2428 4941 2613 4995 divina
2657 4946 2924 5012 quzedam,
2963 4949 3021 4994 ut
3069 4956 3168 5010 par
3221 4948 3328 5008 est,
3383 4950 3437 4994 et

1883 5036 2043 5100 scita,
2086 5042 2141 5089 et
2180 5034 2520 5089 inhabitante
2545 5033 2731 5089 divino
2772 5032 2981 5102 Spiritu
3020 5031 3180 5102 digna
3215 5032 3431 5103 eloque-

1880 5135 2052 5183 retur.
2106 5124 2218 5197 Ego
2248 5134 2427 5181 autem
2472 5125 2727 5180 existimo
2757 5125 2938 5194 ipsum
2982 5123 3114 5179 Jesu
3160 5125 3435 5178 carnalem

1882 5234 2105 5293 quoque
2134 5219 2399 5289 originem
2448 5217 2756 5273 describere
2782 5215 3094 5281 volentem.
3123 5213 3203 5268 ita
3239 5227 3297 5266 se
3324 5228 3445 5280 ges-

1877 5313 2038 5369 sisse.
2083 5310 2149 5365 Et
2178 5311 2304 5381 quia
2330 5310 2432 5365 hoc
2459 5311 2507 5365 ei
2534 5308 2873 5380 propositum
2915 5318 3083 5377 erat,
3113 5301 3258 5355 haud
3301 5302 3456 5368 igne-

1874 5405 2050 5473 rabat,
2101 5403 2503 5476 generationem
2557 5397 2870 5469 hujusmodi
2952 5391 3193 5491 πυρσςή
3214 5394 3476 5491 (ξυνήγετο.

1877 5493 1983 5552 Sed
2021 5471 2278 5565 quoniam
2303 5505 2447 5545 nunc
2475 5489 2542 5544 de
2582 5471 3100 5600 regeneratiQVgé
3120 5471 3493 5558 veﬁ‘a‘t‘amum

3269 5612 3450 5674 δυσχ.

1943 5656 2054 5731 (47)
2093 5655 2172 5712 lta
2200 5655 2389 5719 codex,
2421 5651 2801 5724 praetermissis
2850 5656 3095 5767 ΜΧ
3154 5656 3251 5767 ὡς)

3014 5720 3195 5825 ἣν
