3890 6198
396 278 506 333 963
1111 269 1378 327 ELSEBII
1401 263 1886 331 CESARlENSlS
1921 271 1965 329 0

2110 263 2290 327 PARS
2329 267 2416 328 HI.
2446 295 2527 316 ~-—
2559 264 2964 324 EXEGETICA.
3515 269 3629 324 θοι

403 392 660 464 loquitur,
693 388 986 457 Jesumque
1019 393 1078 440 ut
1113 383 1208 439 Dei
1230 382 1429 438 Filium
1455 382 1718 451 exhibet;
1747 383 1952 440 idcirco

2071 385 2322 455 ιαστῆσαι
2353 384 2436 437 ὅτι
2463 383 2526 456 δὴ
2570 385 2677 447 πᾶς
2716 384 2746 434 6
2774 384 2832 436 ἐν
2873 379 2990 451 Θεῷ
3030 378 3487 449 ἁναγεννὼμενος,
3520 383 3630 435 κᾶν

404 482 508 537 hoc
531 479 692 535 veluti
719 475 964 546 exemplo
1001 474 1381 530 demonstrare
1410 473 1614 538 studet,
1660 473 1957 545 quemlibet

404 571 676 628 hominem
709 568 764 622 in
806 565 918 622 Deo
961 570 1368 634 regeneratum,
1398 562 1614 620 etiamsi
1653 579 1778 620 vere
1813 563 1959 620 ﬁlius

403 661 680 716 hominum
715 657 975 712 habeatur
1015 656 1086 711 ob
1130 669 1351 710 carnem
1402 669 1510 724 qua
1569 653 1796 710 indutus
1849 662 1958 721 est,

402 767 513 808 non
539 760 718 806 tamen
747 764 872 802 cum
906 762 1004 803 sua
1043 752 1239 801 natura
1279 744 1342 798 'in
1381 744 1564 800 carnis
1621 744 1960 815 genitoribus

401 841 615 904 sistere,
641 853 816 910 neque
851 852 959 892 non
994 837 1136 891 ultra
1173 835 1421 905 corporis
1459 840 1837 905 procreatores
1865 848 1962 888 ex.

401 946 663 989 currere:
693 944 878 986 verum
900 929 1116 984 etiamsi
1147 927 1292 982 ﬁlius
1324 926 1564 981 hominis
1594 924 1846 980 videatur
1889 925 1960 981 ob

401 1024 646 1094 corporis
681 1021 1110 1094 generationem,
1144 1019 1510 1075 nihilominus
1539 1017 1684 1073 haud
1721 1017 1960 1072 alienum

402 1118 558 1175 aDei
606 1115 897 1187 adoptione
949 1113 1184 1168 censeri.
1248 1110 1524 1166 Existimo
1566 1110 1734 1180 igitur
1781 1109 1959 1180 ipsum

403 1209 723 1280 tempestive
769 1217 823 1262 et
870 1205 1239 1277 genealogiam
1295 1203 1615 1272 scripsisse,
1662 1207 1716 1255 et
1747 1199 1957 1254 addita-

399 1309 583 1356 menta)
619 1297 875 1354 dictionis
902 1305 957 1350 ut
979 1293 1266 1364 putabatur
1297 1308 1480 1348 usum.
1517 1290 1959 1346 Consentaneum

399 1391 602 1463 quippe
650 1397 789 1456 erat,
828 1397 1117 1459 postquam
1161 1386 1228 1440 de
1265 1385 1405 1440 caelo
1464 1382 1834 1438 testimonium
1892 1380 1959 1434 ad

399 1483 590 1542 Iesum
624 1488 877 1538 venerat:
932 1477 1014 1533 Tu
1063 1493 1123 1534 es
1155 1476 1324 1532 Filius
1358 1490 1513 1531 meus
1541 1474 1794 1536 dilectus,
1827 1473 1883 1527 in
1911 1482 1962 1528 te

404 1576 538 1630 mihi
597 1572 935 1644 complacui;
971 1571 1084 1641 jam
1138 1570 1357 1640 inquam
1389 1568 1542 1622 haud
1573 1566 1821 1630 decebat,
1867 1566 1964 1620 ho-

402 1667 606 1724 minum
640 1666 830 1729 tilium,
866 1678 1016 1734 teque
1047 1677 1112 1717 ac
1145 1669 1394 1724 caeteros,
1443 1659 1620 1730 ipsum
1663 1658 1962 1729 appellare;

402 1757 499 1816 sed
533 1757 958 1812 additamentum
988 1754 1220 1823 adjicere
1259 1768 1396 1822 opus
1437 1751 1538 1805 fuit
1568 1761 1624 1805 ut
1651 1752 1956 1822 putabatur.

2065 477 2278 550 ἀληθῶς
2323 478 2437 542 υίὸς
2475 476 2775 550 ἀνθρώπων
2817 470 2955 528 εἶναι
2991 471 3262 544 νομίζοιτο
3293 473 3362 525 δι’
3385 472 3450 542 ἦν
3477 474 3630 543 περί-

2066 586 2242 623 κειται
2291 569 2468 642 σάρκα
2488 609 2502 632 ,
2537 568 2649 622 ἀλλ’
2672 567 2771 638 οὑχ
2798 563 3010 620 ἵσταταί
3043 581 3107 632 γε
3141 562 3288 633 αὑτῷ
3312 561 3384 616 τά
3408 561 3510 632 τῆς
3538 581 3633 633 γε-

2066 660 2264 724 νέσεως
2302 661 2382 725 είς
2409 661 2533 723 τοὺς
2563 659 2704 714 κατά
2741 658 2916 728 σάρκα
2944 658 3122 724 γονεῖς
3140 695 3155 718 ,
3190 653 3311 708 οὑδὲ
3339 650 3504 725 μέχρι
3528 656 3634 706 τῶν

2065 749 2160 803 τοῦ
2208 750 2458 822 σώματος
2496 749 2850 823 προπατόρων
2891 747 3106 817 φθάνει·
3143 747 3258 800 ἀλλ’
3281 747 3330 799 εί
3365 747 3459 800 καὶ
3488 742 3642 815 νομί⁸

2068 841 2212 906 ζοιτο
2240 841 2538 914 ἀνθρώπων
2563 838 2826 904 εἷναιυίὸς
2853 840 2940 894 διὰ
2961 839 3058 911 τὴν
3084 838 3178 891 τοῦ
3204 837 3451 908 σώματος
3477 838 3640 907 γένε-

2068 951 2172 996 σιν,
2204 934 2351 1004 ὅμως
2373 934 2418 987 δ’
2443 929 2534 988 οὖν
2549 934 2645 987 οὑκ
2675 932 2948 1003 ἀλλότριος
2976 932 3073 1002 τῆς
3087 930 3179 984 τοῦ
3208 929 3345 983 Θεοῦ
3365 931 3638 994 υἱοθεσίας

2067 1023 2391 1097 καθέστηκε.
2435 1023 2525 1078 Διὸ
2565 1025 2800 1096 ἡγοῦμαι
2842 1024 3003 1077 αὑτὸν
3042 1024 3182 1077 κατὰ
3219 1024 3411 1095 καιρόν
3448 1024 3543 1077 καὶ
3569 1026 3638 1092 τῇ

2065 1117 2380 1188 γενεαλογίᾳ
2430 1117 2748 1189 κεχρῆσθαι,
2817 1119 2910 1170 καὶ
2962 1119 3029 1189 τῇ
3073 1112 3355 1188 προσθήκῃ
3398 1117 3503 1185 τῆς
3557 1116 3641 1181 ὡς

2063 1207 2359 1278 ἐνομίζετο
2383 1209 2584 1280 φωνῆς.
2632 1211 2739 1262 Καὶ
2785 1209 2892 1280 γὰρ
2941 1207 3225 1263 ἀκόλουθον
3273 1203 3380 1277 ἦν,
3428 1207 3530 1276 τῆς
3579 1207 3640 1274 ἐξ

2063 1300 2305 1371 οὐρανῶν
2353 1302 2655 1374 μαρτυρίας
2698 1303 2948 1373 φησάσης
2988 1301 3122 1374 πρὸς
3155 1299 3247 1354 τὸν
3287 1299 3522 1371 Ἰησοῦν,
3561 1300 3636 1352 Σὺ

2066 1391 2096 1442 6
2118 1391 2230 1454 υἱός
2255 1408 2356 1462 μου
2383 1395 2410 1446 6
2441 1393 2739 1463 ἀγαπητὸς,
2786 1396 2842 1446 ἐν
2859 1393 2941 1446 σοὶ
2969 1393 3254 1464 εὐδόκησα,
3291 1390 3491 1462 μηκέτι
3543 1392 3641 1445 καὶ

2066 1478 2366 1551 ἀνθρώπων
2424 1483 2623 1554 ὁμοίως
2691 1483 2851 1537 αὑτὸν
2889 1483 3249 1554 ἀναγορεῦσαι
3295 1483 3427 1545 υἱὸν,
3491 1483 3642 1554 μετά

2071 1575 2126 1628 δὲ
2175 1576 2270 1646 τῆς
2326 1576 2405 1640 ὡς
2457 1573 2748 1644 ἐνομίζετο
2806 1574 3150 1646 προσθήκης·
3201 1573 3340 1628 Θεοῦ
3376 1574 3474 1644 μὲν
3521 1575 3646 1646 γὰρ

2073 1667 2239 1737 ἀνεκη
2250 1665 2416 1738 ρὺχθη
2445 1667 2559 1730 υίὸς
2586 1661 2721 1719 εἶναι
2747 1665 2925 1734 φύσει,
2950 1665 3062 1718 ἀλλ’
3089 1667 3188 1736 οὑχ
3205 1665 3286 1730 ὡς
3306 1665 3604 1734 ἐνομίζετο
3623 1681 3640 1696 '

2066 1754 2158 1808 τοῦ
2184 1755 2239 1808 δὲ
2267 1757 2461 1829 Ἰωσὴφ
2491 1757 2788 1828 ἐνομίζετο,
2825 1755 2940 1810 ἀλλ’
2967 1757 3028 1809 οὑ
3058 1755 3216 1825 φύσει
3250 1757 3364 1820 υἱὸς
3386 1752 3477 1826 ἦν.

400 1855 534 1911 Nam
556 1853 649 1911 Dei
680 1852 896 1924 quidem
942 1829 1308 1921 procla.matus
1358 1847 1456 1903 fuit
1507 1849 1827 1903 naturaliter
1870 1849 2032 1914 ﬁlius,
2085 1867 2191 1907 non
2245 1863 2427 1910 autem
2487 1865 2545 1907 ut
2600 1853 2931 1924 putabatur:
2984 1869 3144 1910 secus
3190 1864 3366 1911 autem
3411 1853 3648 1926 Iosephi

402 1947 620 2022 quidem
665 1943 987 2015 putabatur,
1047 1941 1140 1998 sed
1197 1957 1307 1996 non
1369 1949 1486 1994 erat
1549 1942 1871 1995 naturaliter
1910 1941 2075 1998 ﬁlius.

473 2043 528 2098 6.
570 2041 700 2108 Quae
743 2054 865 2094 cum
905 2040 978 2092 ita
1033 2053 1091 2092 se
1139 2037 1397 2102 habeant,
1449 2036 1638 2092 videor
1689 2038 1819 2091 mihi
1878 2038 1958 2092 sic

2131 2046 2202 2104 ς’.
2244 2033 2342 2092 Ὧν
2375 2039 2544 2104 οὑτως
2589 2039 2836 2111 ἐχόντων,
2876 2039 3016 2092 δοκῶ
3064 2057 3154 2110 μοι
3199 2040 3293 2092 καὶ
3341 2038 3520 2102 οὕτως
3552 2037 3649 2091 τὸν

403 2135 668 2192 rationem
690 2131 1016 2196 reddidisse,
1039 2145 1137 2184 cur
1154 2128 1438 2183 Matlhaeus
1457 2128 1785 2198 scripturam
1810 2143 1964 2182 suam

402 2226 723 2296 exordiens,
757 2231 884 2278 ante
912 2221 1097 2277 Mariae
1125 2230 1473 2289 conceptum,
1498 2226 1552 2272 et
1601 2226 1726 2273 ante
1768 2233 1964 2272 carna-

405 2321 510 2375 lem
533 2317 665 2374 Jesu
698 2317 1126 2389 generationem,
1163 2313 1489 2384 tempestive
1534 2313 1588 2366 in
1618 2327 1716 2366 sua
1738 2311 1965 2367 historia

404 2409 678 2464 carnalem
712 2406 1081 2478 genealogiam
1119 2403 1501 2474 praposuerit.
1534 2402 1824 2473 Propterea
1869 2417 1963 2474 ge-

405 2501 713 2558 nerationes
761 2513 978 2570 quoque
1034 2491 1295 2552 deorsum
1347 2495 1518 2560 ducit,
1564 2494 1884 2551 descensum
1935 2509 1966 2548 a

405 2594 630 2648 meliore
669 2597 814 2646 statu
856 2591 1091 2644 innuens
1140 2588 1287 2643 illius
1331 2586 1398 2642 de
1429 2601 1538 2656 quo
1574 2587 1685 2656 agit
1719 2605 1732 2640 :
1763 2585 1964 2641 etenim

406 2686 749 2741 incarnatum
804 2682 896 2736 Dei
947 2679 1185 2735 Verbum
1251 2693 1446 2748 reapse
1494 2678 1806 2740 descendit,
1838 2676 1964 2747 quia

407 2790 532 2830 cum
588 2774 645 2828 in
705 2773 880 2826 forma
929 2771 1022 2826 Dei
1071 2777 1217 2826 esset
1264 2769 1566 2824 exinanivit
1613 2769 1965 2839 semetipsum

408 2864 638 2920 formam
667 2864 810 2920 servi
841 2861 1134 2931 accipiens.
1169 2861 1238 2914 At
1263 2875 1392 2914 vero
1427 2859 1636 2923 Lucas,
1671 2859 1963 2930 siquidem,

407 2971 560 3029 atque
590 2969 654 3010 ac
691 2953 998 3020 Matthaaus,
1029 2952 1192 3008 Verbi
1231 2953 1285 3006 in
1327 2967 1493 3006 carne
1535 2951 1824 3006 adventum
1872 2949 1968 3006 de-

407 3054 811 3104 monstraturus
835 3044 1046 3109 fuisset,
1079 3045 1195 3116 ipse
1223 3059 1439 3115 quoque
1490 3043 1716 3098 omnino
1749 3042 1967 3114 generis

411 3139 690 3196 historiam
725 3137 1037 3206 scripsisset
1085 3136 1232 3191 circa
1272 3135 1648 3206 conceptionis
1683 3143 1777 3188 aut
1823 3142 1969 3190 certe

411 3231 709 3287 nativitatis
777 3237 1028 3299 tempus;
1082 3227 1486 3297 ordinatimque
1557 3241 1588 3280 a
1661 3226 1968 3282 senioribus

410 3324 729 3387 exordiens,
766 3321 834 3376 ad
876 3328 1182 3390 postremos
1223 3317 1620 3373 descendisset.
1680 3313 1787 3372 Sed
1840 3316 1969 3386 quia

2064 2130 2317 2201 λογισμὸν
2349 2129 2760 2194 ἀποδεδωκέναι,
2793 2129 2913 2184 καθ’
2952 2130 3010 2182 ὃν
3041 2131 3068 2183 6
3101 2130 3200 2200 μὲν
3233 2128 3515 2192 Ματθαῖος
3541 2130 3642 2201 ἀρ-

2063 2222 2289 2293 χόμενος
2322 2222 2417 2292 τῆς
2446 2219 2636 2274 ἐαυτοῦ
2667 2221 2900 2292 γραφῆς,
2937 2220 3043 2292 πρὸ
3074 2220 3172 2290 τῆς
3202 2219 3524 2290 συλλήψεως
3547 2221 3648 2290 τῆς

2065 2314 2304 2384 Μαρίας,
2341 2314 2431 2367 καὶ
2463 2314 2568 2382 πρὸ
2595 2313 2691 2383 τῆς
2716 2313 2976 2383 ἐνσάρκου
3010 2311 3272 2380 γενέσεως
3306 2310 3400 2364 τοῦ
3445 2312 3642 2382 Ἰησοῦ,

2066 2407 2206 2460 κατὰ
2232 2407 2418 2479 καιρὸν
2441 2405 2514 2469 ὡς
2545 2408 2600 2459 ἐν
2635 2406 2845 2476 ἱστορίᾳ
2870 2404 3156 2476 προτάττει
3180 2404 3279 2474 τὴν
3301 2404 3448 2458 κατά
3470 2403 3646 2474 σάρκα

2067 2499 2428 2566 γενεαλογίαν·
2479 2497 2558 2551 διὸ
2583 2499 2673 2550 καὶ
2709 2498 2776 2551 τὰ
2815 2498 2942 2570 γένη
2977 2497 3224 2568 κατάγει,
3269 2495 3502 2550 κάθοδον
3539 2495 3646 2550 ἀπὸ

2065 2592 2172 2644 τῶν
2219 2590 2538 2661 κρειττόνων
2587 2592 2954 2660 αἰνιττόμενος
2995 2589 3090 2643 τοῦ
3125 2589 3484 2661 δηλουμένου·
3515 2606 3642 2660 σαρ-

2067 2681 2326 2750 κούμενος
2355 2680 2462 2752 γὰρ
2497 2684 2526 2734 6
2561 2681 2729 2750 Λόγος
2778 2680 2871 2734 τοῦ
2921 2680 3056 2734 Θεοῦ
3096 2679 3310 2751 κατῄει,
3348 2681 3434 2733 ὅτι
3477 2679 3544 2750 δὴ
3592 2682 3646 2732 ἐν

2069 2775 2249 2844 μορφῇ
2283 2771 2416 2824 Θεοῦ
2452 2772 2709 2844 ὑπάρχων
2748 2772 3012 2825 ἐκένωσεν
3044 2772 3235 2826 ἐαυτὸν
3269 2773 3496 2845 μορφὴν
3525 2772 3648 2826 δοὺο

2065 2862 2156 2928 λου
2187 2862 2379 2916 λαϐών·
2415 2865 2443 2916 6
2480 2862 2533 2916 δὲ
2573 2865 2804 2926 Λουκᾶς,
2839 2865 2886 2916 εί
2928 2865 3023 2934 μὲν
3048 2864 3248 2934 ὁμοίως
3381 2864 3646 2934 Matth.qu

2067 2957 2163 3027 τὴν
2185 2956 2442 3026 ἐνσαρκον
2475 2955 2692 3026 ἔμελλεν
2726 2955 2888 3009 αὑτοῦ
2934 2956 3227 3027 παρουσίαν
3260 2955 3484 3026 δηλοῦν,
3519 2957 3648 3010 πάν-

2067 3066 2171 3112 τως
2211 3048 2275 3102 ἂν
2312 3049 2578 3119 ἐχρήσατο
2621 3047 2715 3101 καὶ
2742 3048 2901 3111 αὑτὸς
2941 3050 3006 3118 τῇ
3048 3047 3141 3100 τοῦ
3182 3047 3376 3116 γένους
3408 3051 3643 3121 ἱστορίᾳ,

2067 3136 2208 3190 κατὰ
2232 3138 2321 3191 τὸν
2343 3137 2442 3208 τῆς
2464 3137 2772 3208 συλλήψεως
2797 3137 2830 3208 ἢ
2860 3137 2958 3207 τῆς
2982 3137 3287 3204 ὰποτέξεως
3313 3140 3531 3210 καιρόν·
3557 3142 3643 3194 καὶ

2068 3229 2372 3294 ἀκολούθως
2397 3229 2504 3282 ἀπὸ
2535 3228 2644 3282 τῶν
2671 3228 3052 3300 πρεσϐυτέρων
3089 3228 3420 3298 ἀρξάμενος,
3459 3231 3644 3302 κατῄει

2072 3321 2164 3375 ἐπὶ
2195 3322 2320 3384 τοὺς
2357 3319 2714 3383 τελευταίους·
2747 3319 2868 3372 ἐπεὶ
2895 3319 2952 3371 δέ
2973 3318 3035 3371 οὑ
3063 3317 3206 3372 κατά
3239 3319 3340 3389 τὴν
3370 3320 3548 3391 αὑτὴν
3574 3319 3644 3388 τῷ

411 3415 555 3472 haud
586 3388 1145 3471 secundum—Matthxi
1167 3417 1399 3465 mentem
1426 3407 1791 3463 narrationem
1814 3422 1965 3463 suam

2071 3412 2331 3484 Ματθαίῳ
2365 3413 2598 3466 διάνοιαν
2630 3411 2840 3476 ἐξέθετο
2868 3410 2962 3480 τὴν
2993 3410 3259 3481 διήγησιν,
3294 3388 3530 3474 εἰκότως
3561 3412 3644 3464 τὸν

411 3505 692 3576 explicuit,
746 3501 940 3558 merito
979 3509 1193 3572 tempus
1237 3498 1371 3553 illud
1429 3496 1840 3562 transcendens,
1903 3495 1967 3550 ad

412 3597 662 3670 baptismi
702 3594 1165 3667 regenerationem
1189 3591 1468 3647 contendit
1493 3611 1506 3645 :
1532 3599 1693 3661 atque
1723 3591 1826 3644 hoc
1851 3590 1971 3644 loco

410 3688 741 3746 contrariam
779 3686 1001 3758 exponit
1044 3683 1460 3756 generationum
1508 3682 1911 3737 successionem
1954 3697 1968 3733 :

413 3780 770 3854 subgradiens
795 3779 1010 3835 simula
1035 3776 1327 3848 postremis
1357 3773 1426 3828 ad
1453 3774 1679 3846 primos,
1703 3773 1973 3845 simulque

413 3875 592 3930 vitans
611 3878 1160 3928 commemoratorum
1183 3884 1212 3922 a
1240 3867 1494 3922 Matthaao
1525 3882 1742 3922 reorum
1777 3881 1971 3936 pecca-

413 3973 704 4034 torumque
779 3963 1020 4016 virorum
1084 3959 1416 4014 mentionem
1470 3977 1483 4012 :
1531 3956 1970 4028 quandoquidem

413 4064 764 4130 regeneratus
814 4055 867 4109 in
915 4053 1045 4120 Deo,
1071 4052 1130 4107 ﬁt
1157 4052 1365 4107 alienus
1404 4067 1436 4105 a
1482 4050 1689 4105 carnali
1721 4050 1931 4119 origine
1953 4091 1969 4116 ,

413 4160 468 4207 et
493 4168 523 4206 a
552 4147 930 4222 peccatoribus
956 4146 1254 4202 secundum
1279 4159 1497 4198 carnem
1522 4143 1789 4213 patribus,
1824 4150 1975 4212 post-

414 4257 574 4314 quam
604 4239 698 4296 Dei
731 4239 873 4294 ﬁlius
907 4245 990 4294 est
1026 4237 1272 4296 eﬂ‘ectus,
1301 4245 1354 4290 ct
1381 4237 1621 4289 omnium
1657 4236 1746 4305 qui
1779 4249 1974 4290 secun-

414 4334 544 4389 dum
605 4331 775 4387 Deum
846 4329 1118 4398 inculpate
1180 4328 1453 4382 vixerunt.
1513 4324 1604 4380 Sic
1664 4324 1973 4380 Abrahamo

414 4441 630 4497 quoque
673 4422 879 4477 dictum
927 4419 1068 4475 fuit:
1103 4438 1122 4471 ‹
1161 4417 1243 4474 Tu
1296 4434 1426 4474 vero
1462 4417 1638 4473 abibis
1674 4417 1741 4472 ad
1791 4425 1972 4487 patres

415 4527 559 4573 tuos.
596 4536 616 4569 ι
642 4513 851 4582 Quibus
875 4513 1058 4568 verbis
1108 4511 1252 4566 haud
1291 4510 1543 4566 carnales
1576 4517 1830 4581 parentes
1873 4509 1971 4565 sed

417 4610 491 4664 illi
523 4607 613 4680 qui
647 4605 948 4664 secundum
978 4603 1146 4659 Deum
1175 4603 1376 4674 pietate
1398 4601 1448 4658 ei
1489 4601 1695 4660 similes
1731 4601 1970 4669 luerunt,

413 4701 570 4774 quasi
599 4699 881 4772 aenigmate
908 4697 1258 4753 denotantur.

486 4793 535 4845 7.
577 4791 768 4847 Merito
795 4804 923 4861 ergo
953 4787 1350 4856 anas,utpote
1376 4785 1468 4856 qui
1497 4785 1963 4856 regenerationem

418 4894 625 4948 narrat,
660 4883 802 4938 haud
852 4881 1040 4938 eadem
1089 4887 1194 4949 qna
1251 4877 1534 4934 Mattheus
1591 4877 1679 4932 via
1736 4875 1955 4931 incedit.

418 4977 785 5047 Quamobrem
832 4990 1009 5045 neque
1046 4972 1352 5028 Salomonis
1379 4985 1555 5042 neque
1587 4967 1730 5024 Uria:
1763 4969 1969 5032 uxoris,

413 5085 590 5142 neque
641 5067 945 5132 Thamaraa,
981 5081 1155 5136 neque
1201 5062 1417 5129 Ruthae,
1471 5077 1646 5132 neque
1676 5060 1970 5123 Jechoniaa,

414 5179 592 5234 neque
622 5161 712 5217 his
742 5160 1148 5229 interiectorum
1174 5155 1318 5210 haud
1354 5156 1560 5223 absque
1589 5152 1968 5207 criminatione

413 5263 654 5319 virorum
685 5257 815 5312 facit
840 5254 1234 5317 recensionem,
1265 5251 1358 5306 sed
1390 5265 1485 5319 per
1506 5247 1642 5304 alios
1667 5247 1972 5316 inculpatos

413 5353 694 5428 graditur;
717 5359 774 5406 et
800 5349 1018 5420 quidem
1053 5362 1084 5400 a
1113 5343 1374 5416 propheta
1401 5340 1651 5395 Nathano
1689 5352 1973 5409 regenera-

371 5489 380 5504 ρ
413 5461 532 5502 tum
565 5459 722 5501 suum
758 5442 986 5498 derivat.
1023 5437 1089 5492 Et
1119 5437 1208 5491 ille
1235 5433 1452 5505 quidem
1487 5432 1631 5502 apud
1659 5431 1968 5486 Matthaenm

414 5537 714 5594 secundum
760 5547 976 5588 carnem
1033 5528 1265 5600 genitus,
1299 5525 1441 5580 illius
1489 5531 1605 5579 erat
1656 5521 1967 5582 Abrahami,

413 5645 480 5684 ex
531 5628 634 5681 hoc
693 5625 935 5681 videlicet
978 5621 1208 5677 deducta
1257 5616 1591 5690 genealogia,
1641 5616 1767 5685 quia
1795 5614 1968 5684 primo

415 5719 728 5778 Abrahamo
753 5715 892 5771 facta
922 5713 1022 5768 fuit
1051 5708 1614 5784 promissio’gentium
1641 5705 1966 5765 benedictio-

2071 3505 2230 3560 αὑτὸν
2271 3505 2463 3575 ἐκείνῳ
2494 3505 2680 3576 καιρὸν
2729 3503 3000 3574 ὑπερϐὰς,
3043 3503 3135 3555 ἐπὶ
3161 3501 3258 3572 τὴν
3287 3503 3644 3574 ἀναγέννησιν

2071 3597 2166 3667 τὴν
2197 3597 2284 3650 διὰ
2307 3595 2526 3666 λουτροῦ
2559 3596 2937 3672 παραγίνεται·
2974 3594 3068 3645 καὶ
3099 3592 3333 3646 ἐνταῦθα
3361 3594 3465 3663 τὴν
3501 3596 3643 3647 ἐναν-

2071 3691 2190 3742 τίαν
2221 3688 2488 3743 ἐκτίθεται
2509 3688 2616 3741 τῶν
2644 3687 2814 3756 γενῶν
2839 3686 3106 3756 διαδοχὴν,
3137 3684 3270 3756 ὁμοῦ
3300 3685 3394 3739 καὶ
3433 3688 3642 3752 ἀνάγων

2071 3783 2178 3836 ἀπὸ
2213 3781 2322 3834 τῶν
2351 3780 2592 3834 ὑστάτων
2627 3780 2720 3832 ἐπὶ
2750 3779 2815 3832 τὰ
2855 3778 3062 3848 πρῶτα,
3093 3775 3227 3847 ὁμοῦ
3257 3779 3351 3829 καὶ
3379 3777 3482 3848 τὴν
3517 3780 3641 3848 μνή-

2075 3891 2180 3945 μην
2199 3873 2306 3926 τῶν
2326 3871 2474 3944 παρά
2498 3871 2576 3942 τῷ
2605 3870 2866 3940 Ματθαίῳ
2891 3869 3153 3922 ὑπαιτίων
3180 3868 3273 3922 καὶ
3303 3869 3639 3940 ἁμαρτωλῶν

2071 3963 2277 4036 ἀνδρῶν
2329 3962 2730 4032 ἀποσειόμενος,
2779 3959 3074 4030 ἐπειδήπερ
3123 3960 3152 4011 ό
3201 3957 3354 4029 παρὰ
3397 3958 3481 4029 τῷ
3527 3959 3637 4028 Θεῷ

2071 4058 2398 4127 ἀναγεγεννη
2408 4056 2583 4127 μένος,
2613 4054 2885 4124 ἀλλότριος
2913 4050 3232 4105 καθίσταται
3251 4050 3354 4120 τῆς
3376 4053 3634 4120 ἐνσάρκου

2071 4147 2335 4218 γενέσεως
2355 4147 2448 4200 καὶ
2475 4145 2581 4198 τῶν
2605 4143 2746 4198 κατά
2769 4143 2946 4214 σάρκα
2982 4140 3317 4212 ἁμαρτωλῶν
3369 4142 3632 4213 πατέρων.

2074 4237 2199 4300 Υίὺς
2245 4235 2668 4306 ἀποφαινόμενος
2713 4231 2845 4286 Θεοῦ
2872 4272 2888 4296 ,
2945 4231 3040 4284 καὶ
3084 4230 3299 4283 πάντων
3348 4229 3455 4282 τῶν
3507 4232 3634 4283 κατὰ

2071 4330 2201 4384 Θεὺν
2227 4328 2602 4398 ἀνεπιλήπτως
2638 4323 2990 4396 βεϐιωκότων·
3016 4321 3158 4376 οὑτω
3177 4321 3366 4392 καὶτῷ
3394 4322 3631 4393 Ἀϐραὰμ

2072 4423 2273 4493 εἴρητο·
2326 4440 2345 4472 ι
2376 4420 2446 4472 Σὺ
2478 4419 2534 4472 δὲ
2561 4415 2835 4488 ἀπελεύσῃ
2869 4414 3002 4486 πρὸς
3034 4415 3157 4477 τοὺς
3187 4411 3431 4484 πατέρας
3464 4431 3576 4467 σου·
3607 4431 3623 4462 ι

2070 4513 2131 4566 οὑ
2174 4512 2299 4575 τοὺς
2346 4509 2488 4564 κατὰ
2539 4508 2732 4578 σάρκα,
2766 4506 2892 4568 τοὺς
2937 4505 2994 4557 δὲ
3037 4503 3095 4554 ἐν
3132 4501 3252 4572 Θεῷ
3282 4501 3374 4554 διὰ
3421 4501 3523 4573 τὴν
3551 4501 3621 4554 εὑ-

2074 4602 2288 4666 σεϐείας
2309 4598 2690 4674 ὁμοιοτροπίαν
2714 4594 3081 4666 αἰνιττομένου
3106 4592 3200 4646 τοῦ
3228 4592 3411 4661 λόγου.

2145 4781 2210 4846 ζ’.
2242 4779 2477 4841 Εἰκότως
2508 4771 2792 4848 τοιγαροῦν
2816 4773 2845 4825 6
2872 4772 3114 4833 Λουκᾶς,
3166 4770 3260 4823 διτε
3289 4767 3390 4840 τὴν
3420 4768 3617 4835 ἀναγίν-

2073 4891 2225 4946 νησιν
2249 4870 2494 4942 ἱστορῶν,
2518 4870 2578 4922 οὑ
2605 4867 2700 4938 τὴν
2731 4864 2897 4935 αὑτὴν
2919 4862 3088 4916 ὁδεύει
3107 4861 3182 4931 τῷ
3211 4861 3494 4930 Ματθαίιρ·
3523 4857 3613 4910 οὔτ’

2073 4963 2166 5022 οὖν
2204 4963 2298 5019 τοῦ
2342 4961 2650 5034 Σολομῶνος
2681 4960 2773 5013 καὶ
2805 4957 2903 5028 τῆς
2931 4955 3149 5026 Οὐρίου.
3195 4953 3257 5006 οὐ
3297 4953 3398 5024 τῆς
3425 4952 3611 5021 Θάμαρ.

2075 5059 2134 5111 οὑ
2163 5059 2259 5128 τῆς
2301 5055 2477 5116 Ῥοὺθ,
2515 5055 2573 5106 οὑ
2603 5050 2693 5104 τοῦ
2734 5046 2977 5118 Ἰεχονίου
3013 5047 3105 5099 καὶ
3136 5043 3246 5096 τῶν
3289 5042 3485 5114 μεταξὺ
3513 5041 3612 5092 δια-

2076 5149 2416 5220 ϐεϐλημένων
2459 5143 2663 5214 ἀνδρῶν
2703 5141 2800 5212 τὴν
2836 5137 3130 5210 παράθεσιν
3160 5135 3470 5205 πεποίηται,

2075 5243 2144 5296 δι’
2191 5217 2391 5312 ἐτέρων
2443 5233 2819 5304 ἀνεπιλήπτων
2867 5229 3060 5290 ἄνεισι,
3093 5225 3190 5282 καὶ
3228 5225 3286 5278 δέ
3330 5226 3425 5278 καὶ
3457 5227 3512 5276 ἐκ
3534 5217 3607 5271 τοῦ

2079 5310 2352 5404 προφήτου
2377 5327 2562 5381 Νάθαν
2592 5325 2681 5378 τὸν
2707 5317 3200 5391 ἀναγεγεννημένον
3221 5317 3450 5385 εἰσάγει.
3477 5312 3566 5366 Καὶ
3584 5310 3610 5360 6

2083 5424 2179 5496 μὲν
2217 5419 2366 5492 παρά
2407 5418 2484 5489 τῷ
2525 5416 2784 5486 Ματθαίῳ
2824 5411 2964 5467 κατά
3013 5411 3190 5492 σάρκα
3227 5405 3607 5478 γεγεννημένος.

2077 5517 2192 5579 υίὸς
2230 5511 2297 5586 ἦν
2356 5511 2621 5584 Ἀϐραὰμ,
2673 5505 2917 5561 ἐντεῦθεν
2950 5500 3448 5573 γενεαλογούμενος,
3483 5499 3611 5586 ἐτει-

2073 5584 2354 5681 δήπερῗτῷ
2388 5602 2634 5675 Ἀϐραὰμ
2678 5598 2876 5671 πρώτῳ
2914 5600 2948 5668 ἡ
2990 5593 3290 5662 ἐπαγγελία
3332 5591 3501 5645 δέδοτο
3523 5584 3610 5652 τῆς

2073 5701 2180 5756 τῶν
2214 5699 2379 5756 ἐθνῶν
2407 5695 2669 5765 εὐλογίας,
2700 5695 2797 5748 οὑκ
2821 5684 2991 5754 ἄλλως
3020 5690 3052 5763 ἢ
3079 5686 3166 5742 διὰ
3184 5686 3279 5742 τοῦ
3307 5687 3370 5741 ἐκ
3401 5683 3610 5754 σπέρμ’
