3952 6198
248 234 361 292 965

1092 237 1603 300 'SUPPLEMENTA
1640 236 2117 313 ‘QUIESTIONUM
2157 245 2245 298 AD
2284 242 2728 302 STEPHANUM.

3380 246 3485 301 968

246 361 346 414 ’τος
377 349 539 404 αὑτοῦ
569 350 1023 423 προελευσομένου
1043 359 1395 429 γενησομένη.
1440 358 1501 411 '0
1535 359 1588 413 δὲ
1615 362 1673 414 ὲν
1704 358 1821 430 Θεῷ

1925 360 2032 422 nis,
2062 372 2182 428 qua:
2226 357 2369 412 haud
2418 358 2765 428 aliterquam
2806 372 2901 427 per
2946 371 3128 413 semen
3152 370 3218 414 ex
3253 372 3319 414 eo
3361 374 3486 429 pro-

255 444 768 515 ὰναγεγεννημένος,
805 445 1022 519 ἑτέρους
1052 447 1288 520 πατέρας
1330 452 1453 513 τοὺς
1504 450 1645 503 κατὰ
1691 451 1820 506 Θεὸν

251 534 714 607 ἐπιγραψάμενος,
754 539 860 591 οὐδ’
908 541 1100 604 αὐτοὺς
1142 541 1354 613 άληθῶς
1390 543 1655 614 ἐσχηκὼς,
1707 545 1820 597 ἀλλ’

248 626 328 692 ὡς
354 627 631 699 ἐνομίζετο
661 630 747 686 διά
791 632 889 703 τὴν
919 633 1024 686 τῶν
1057 634 1201 705 ἠθῶν
1247 635 1647 707 όμοιοτροπίαν,
1682 640 1823 693 ἄνει-

257 735 341 772 σιν
371 720 461 773 ἐπὶ
492 722 583 774 τὸν
610 723 777 794 άληθῆ
823 725 1040 796 Πατέρα
1081 729 1218 799 μετὰ
1247 730 1454 793 πάντας
1482 732 1823 802 χρηματίσας

256 808 384 872 Υἱὸς
425 809 517 863 τοῦ
568 811 723 865 Θεοῦ·
770 814 883 867 ἀλλ’
913 810 1065 881 οὗτος
1101 818 1199 888 μὲν
1236 821 1294 872 ὲν
1334 821 1662 892 ἀπορρήτοις
1688 823 1820 894 ἡμῖν

253 902 534 957 ὰποδόσθω
566 905 594 956 6
627 904 800 972 λόγος.
834 906 947 961 Ἵνα
975 908 1031 961 δὲ
1078 911 1149 980 μή
1181 927 1263 974 τις
1290 913 1436 982 ἡμᾶς
1462 914 1819 984 εὑρεσιλογεῖν

252 986 529 1058 ὑπολάϐοι,
557 995 650 1047 καὶ
681 997 887 1069 ἱστορίᾳ
914 1000 1189 1071 χρήσομαι
1229 1002 1565 1077 παλαιοτάτῃ
1590 1006 1717 1077 παρ’
1752 1001 1818 1078 ἧς

232 1084 367 1137 ἐστι
404 1088 500 1158 τὴν
535 1086 687 1140 λύσιν
723 1090 898 1160 εὑρεῖν
939 1092 1036 1163 τῆς
1073 1094 1462 1165 νενομισμένης
1492 1098 1620 1168 παρ’
1652 1098 1818 1169 ἀμφο-

248 1177 429 1249 τέροις
452 1182 563 1243 τοῖς
588 1180 990 1249 εὐαγγελισταῖς
1012 1185 1322 1254 διαφωνίας.
1350 1187 1462 1256 Τῆς
1491 1189 1547 1241 δὲ
1582 1192 1817 1263 ἱστορίας

249 1270 439 1339 γέγονε
475 1275 815 1344 συγγραφεὺς
851 1275 1185 1348 Ἀφρικανὸς,
1214 1278 1353 1350 ἀνὴρ
1379 1278 1561 1346 λόγιος
1592 1282 1816 1349 καὶτοῖς

248 1362 357 1416 ἀπὸ
381 1364 478 1435 τῆς
527 1364 721 1429 ἔξωθεν
753 1368 998 1432 παιδείας
1034 1371 1371 1441 ὁρμωμένοις
1420 1373 1703 1447 ἐπιφανής·
1754 1373 1815 1433 οὗ

248 1453 384 1527 πρὸς
412 1453 589 1519 ἄλλοις
620 1455 831 1521 πολλοῖς
868 1458 961 1511 καὶ
991 1460 1173 1525 καλοῖς
1202 1460 1400 1530 λόγοις,
1436 1465 1529 1518 καὶ
1560 1467 1811 1540 ἐπιστολὴ

247 1544 468 1617 φέρεται
492 1546 625 1618 πρὸς
665 1549 995 1621 Ἀριστείδην
1018 1553 1143 1624 περὶ
1164 1552 1263 1624 τῆς
1296 1557 1683 1629 νενομισμένης
1706 1561 1813 1614 τῶν
1836 1619 1855 1637 .

232 1637 642 1707 ἐὐαγγελιστῶν
672 1642 798 1710 περὶ
833 1642 930 1713 τὴν
960 1644 1195 1699 Χριστοῦ
1235 1645 1581 1716 γενεαλογίαν
1613 1651 1812 1721 διαφω-

240 1728 382 1793 -νίαςο
419 1730 532 1801 ἔχει
573 1729 615 1783 δ’
645 1731 838 1796 οὓτως.

744 1846 1142 1902 ΑψΡικΑΝοΥ
1174 1850 1306 1922 (ιε).

311 1965 381 2027 η’.
412 1959 523 2013 Οὐκ
541 1960 779 2032 ἀκριϐῶς
802 1962 981 2032 μέντοι
1005 1964 1149 2027 τινὲς
1171 1946 1441 2034 λέγουσιν,
1463 1970 1545 2024 ὅτι
1587 1972 1808 2036 δικαίως

236 2050 459 2119 γέγονεν
481 2054 513 2123 ἠ
538 2052 789 2126 διάφορος
812 2054 948 2125 αῦτη
972 2054 1077 2110 τῶν
1108 2056 1383 2128 ὀνομάτων
1411 2063 1807 2135 καταρίθμησίς

240 2160 296 2196 τε
333 2143 426 2195 καὶ
474 2144 738 2215 ὲπιμιξέα,
771 2144 878 2199 τῶν
914 2164 973 2199 τε
1002 2148 1306 2219 ἱερατικῶν,
1344 2150 1418 2215 ὼς
1450 2152 1672 2219 οἴονται,
1718 2157 1807 2208 καὶ

240 2232 349 2284 τῶν
381 2233 689 2303 βασιλικῶν,
729 2236 815 2290 ἵνα
843 2236 1023 2308 δειχθῇ
1054 2237 1275 2303 δικαίως
1312 2243 1339 2293 6
1365 2243 1595 2313 Χριστὸς
1633 2244 1808 2315 ἱερεύς

239 2341 297 2376 τε
328 2325 420 2377 καὶ
447 2325 695 2394 βασιλεὺς
724 2329 1041 2398 γενόμενος’
1073 2331 1259 2405 ῶσπερ
1289 2334 1431 2398 τινὸς
1463 2336 1807 2401 ἀπειθοῦντος

239 2415 274 2487 ἢ
313 2416 501 2488 ἑτέραν
522 2418 823 2489 ἐσχηκότος
855 2422 1061 2487 ἐλπίδα,
1090 2425 1169 2477 ὅτι
1203 2428 1230 2478 6
1264 2427 1495 2499 Χριστὸς
1522 2430 1806 2502 ἀρχιερεύς

242 2510 357 2561 ἐστι
384 2508 611 2579 Πατρὸς,
642 2509 740 2573 τὰς
762 2513 1032 2583 ἡμετέρας
1065 2516 1200 2584 πρὸς
1231 2517 1390 2570 αὑτὸν
1425 2518 1586 2588 εὐχὰς
1610 2521 1807 2590 ἀναφέ-

245 2615 374 2661 οων,
409 2600 499 2653 καλ⁸
529 2599 781 2669 βασιλεὺς
817 2602 1202 2675 ύπερκόσμιος,
1237 2606 1328 2671 οὓς
1349 2607 1687 2681 ἠλευθέρωσε
1722 2611 1806 2665 νέ-

234 2707 361 2762 μων
387 2689 461 2760 τῷ
488 2691 780 2761 Πνεύματι,
806 2695 1060 2765 συνεργὸς
1084 2698 1162 2760 εἰς
1192 2696 1286 2768 τὴν
1313 2698 1667 2771 διακόσμησιν
1697 2701 1804 2755 τῶν

237 2781 374 2836 ὅλων
416 2784 721 2855 γενόμενος.
761 2786 872 2839 Καὶ
917 2786 1073 2841 τοῦτο
1112 2790 1240 2859 ήμῖν
1274 2792 1663 2862 προσήγγειλεν
1707 2795 1805 2865 οὐχ

230 2875 277 2926 .6-
288 2875 580 2945 κατάλογος
608 2876 717 2930 τῶν
744 2876 942 2947 φυλῶν,
963 2879 1059 2949 οὐχ
1085 2881 1117 2949 ή
1156 2880 1297 2950 μίξις
1318 2880 1425 2934 τῶν
1444 2883 1804 2954 ἀναγράπτων

237 2966 429 3034 γενῶν,
456 2968 589 3022 ἀλλὰ
614 2963 945 3041 πατριάρχαι
979 2970 1071 3022 καὶ
1100 2971 1389 3041 προφῆται.
1422 2972 1511 3043 Μὴ
1546 2969 1637 3026 οὖν
1672 2991 1803 3026 κατ-

234 3056 405 3163 ίωμεν
443 3060 522 3124 εἰς
547 3060 810 3163 τοσαύτην
849 3060 1153 3125 θεοσεϐείας
1188 3064 1593 3135 σμικρολογίαν,
1632 3067 1717 3120 ἵνα
1740 3071 1803 3139 τῇ
1833 3105 1874 3163 C

236 3149 503 3223 ὶναλλαγῇ
529 3152 635 3206 τῶν
674 3153 974 3224 ὀνομάτων,
1010 3153 1106 3225 τὴν
1141 3154 1373 3226 Χριστοῦ
1409 3156 1679 3225 βασιλείαν
1713 3161 1807 3214 καὶ

222 3244 535 3317 ἱερωσύνην
569 3246 933 3317 συνιστῶμεψ
964 3248 1084 3301 ἐπεὶ
1128 3250 1194 3319 τῇ
1242 3248 1405 3301 Ἰούδα
1434 3250 1571 3322 φυλῇ
1613 3254 1677 3321 τῇ
1711 3252 1807 3323 βα-

238 3333 440 3406 σιλικῇ,
472 3338 506 3392 ἡ
548 3337 641 3391 τοῦ
690 3338 821 3392 Λευὶ
872 3339 1011 3408 φυλὴ
1068 3339 1311 3410 ίερατικὴ
1363 3341 1656 3412 συνεζύγη,
1712 3343 1805 3396 τοῦ

234 3425 502 3481 Ναασσὼν
534 3428 765 3500 ἀδελφὴν
809 3429 906 3500 τὴν
956 3428 1232 3483 Ἐλισάϐετ
1270 3430 1475 3501 Ἀαρὼν
1514 3431 1802 3504 ἀξαμένου,

234 3518 331 3571 καὶ
359 3517 516 3571 πάλιν
546 3518 803 3592 Ἐλεάζαρ
832 3519 927 3591 τὴν
943 3518 1214 3593 θυγατέρα
1235 3524 1455 3596 Φατιὴλ,
1479 3526 1571 3577 καὶ
1596 3526 1804 3580 ἐνθένδε

233 3608 800 3680 παιδοποιησαμένων.
845 3610 1171 3679 Ἐψεύσαντο
1202 3611 1293 3668 οὖν
1323 3616 1371 3667 οἱ
1405 3616 1801 3685 εύαγγελισταὶ,

234 3698 579 3762 συνιστάντες
598 3700 696 3753 ούκ
725 3699 1004 3770 ἀλήθειαν,
1042 3701 1157 3754 ἀλλ’
1180 3704 1527 3775 εἰκαζόμενον
1557 3705 1803 3760 ἔπαινον·

232 3792 329 3845 καὶ
357 3791 444 3845 διὰ
492 3791 652 3846 τοῦτο
683 3793 711 3845 6
747 3792 845 3863 μὲν
878 3792 965 3845 διὰ
1004 3793 1313 3864 Σολομῶνος
1339 3796 1447 3849 ἀπὸ
1474 3796 1637 3850 Δαυῒδ
1682 3798 1803 3865 ὲγε-

218 3883 558 3954 ννεαλόγησεν
588 3884 676 3938 τὸν
722 3884 912 3938 Ἰακὼϐ
938 3886 1027 3937 τον
1052 3886 1144 3939 τοῦ
1185 3887 1381 3958 Ἰωσὴφ
1420 3888 1629 3961 πατέρα
1650 3907 1662 3919 ο
1695 3892 1722 3943 6
1749 3890 1804 3943 δὲ

234 3974 420 4029 Νάθαν
445 3974 539 4028 τοῦ
580 3975 761 4037 Δαυῖδ,
797 3976 884 4029 τὸν
933 3977 1079 4029 Ἠλεὶ
1116 3977 1205 4030 τὸν
1243 3978 1335 4031 τοῦ
1377 3978 1570 4049 Ἰωσὴφ
1607 3981 1803 4050 ὁμοίως

231 4066 407 4119 ἄλλων
435 4066 646 4140 πατέρα
666 4085 677 4096 ’
702 4067 880 4122 καίτοι
922 4068 1137 4136 ἀγνοεῖν
1163 4069 1353 4130 αὐτοὺς
1376 4069 1473 4121 οὐκ
1504 4070 1689 4141 ὲχρῆν,
1729 4070 1804 4133 ὡς

232 4159 467 4232 ἑκατέρα
494 4160 601 4214 τῶν
617 4160 1106 4232 κατηριθμημένων
1123 4159 1293 4227 τάξις,
1310 4160 1475 4214 τὸτοῦ
1503 4162 1665 4215 Δαυῖδ
1690 4165 1802 4215 ἐστι

231 4256 408 4324 γένος,
441 4255 473 4326 ή
502 4254 593 4307 τοῦ
630 4254 799 4308 Ἰούδα
825 4255 964 4327 φυλὴ
996 4254 1265 4326 βασιλική.
1296 4254 1357 4307 El
1378 4252 1485 4323 γὰρ
1520 4256 1802 4327 προφήτης

229 4350 263 4399 6
294 4346 498 4410 Νάθαν,
528 4346 639 4400 ἀλλ’
669 4341 760 4401 οῦν
809 4347 901 4399 καὶ
928 4345 1195 4416 Σολομὼν,
1238 4346 1266 4398 ὅ
1293 4363 1352 4399 τε
1397 4345 1597 4398 τούτων
1625 4345 1801 4418 πατὴρ

211 4440 492 4509 ⁸ἑκατέρου
512 4455 525 4467 ·
559 4440 624 4491 ὲκ
662 4437 867 4490 πολλῶν
898 4438 954 4490 δὲ
998 4436 1177 4505 φυλῶν
1227 4426 1460 4505 ὲγίνὸντο
1505 4437 1794 4508 προφῆται,
1831 4462 1871 4517 D

232 4532 397 4601 ἱερεῖς
428 4529 483 4583 δὲ
515 4529 573 4595 ἐξ
600 4530 853 4600 οὐδεμιᾶς
892 4528 1003 4598 (49)
1035 4527 1142 4582 τῶν
1174 4528 1377 4582 δώδεκα
1417 4528 1615 4598 φυλῶν,
1648 4530 1801 4600 μόνοι

229 4620 289 4673 δὲ
319 4622 555 4673 Λευῖται.
598 4619 790 4691 Μάτην
835 4620 1017 4684 αὐτοῖς
1061 4617 1165 4690 ἄρα
1200 4617 1502 4671 πέπλασται
1535 4618 1595 4671 τὸ
1639 4619 1797 4688 ἐψευ-

232 4710 428 4781 σμένον
448 4727 461 4739 ·
482 4711 614 4783 μηδὲ
651 4710 874 4783 κρατοίη
897 4708 1132 4774 τοιοῦτος
1157 4713 1184 4763 6
1204 4709 1357 4779 λόγος
1403 4712 1461 4763 ὲν
1503 4709 1796 4782 Ἐκκλησία

230 4802 467 4875 Χριστοῦ
509 4802 697 4875 [κατὰ]
726 4802 985 4873 ἀκριϐοῦς
1014 4802 1287 4874 ἀληθείας,
1332 4803 1413 4855 ὅτι
1444 4800 1634 4870 ψεῦδος
1669 4799 1798 4869 σύγ-

231 4911 409 4949 κειται
444 4896 525 4959 είς
558 4891 705 4949 αἶνον
740 4896 833 4949 καὶ
857 4894 1158 4963 δοξολογίαν
1190 4894 1441 4966 Χριστοῦ·
1468 4894 1550 4957 τίς
1572 4894 1680 4965 γὰρ
1699 4894 1798 4947 οὐκ

229 4982 339 5041 οἶδε
366 4989 614 5043 κάκεῖνον
641 4987 731 5043 τὸν
759 4988 1041 5061 ἱερώτατον
1062 4986 1153 5041 τοῦ
1177 4985 1494 5039 Ἀποστόλου
1518 4985 1672 5053 λόγον
1700 5001 1801 5057 κη-

234 5079 520 5152 ρύσσοντος
543 5086 633 5137 καὶ
654 5082 1049 5152 διαγγέλλοντος
1071 5081 1167 5151 τὴν
1194 5079 1483 5133 ἀνάστασιν
1508 5078 1597 5131 τοῦ
1624 5078 1797 5150 Σωτῆ-

204 5230 207 5237 -
310 5198 356 5229 ⁸⁸
394 5197 563 5252 Exod.
598 5216 688 5263 vi,
716 5199 810 5255 25.
886 5200 929 5231 ⁸⁵
970 5200 1101 5255 ibid.
1134 5200 1224 5254 25.

303 5311 415 5383 (48)
432 5310 669 5383 Qiximus
685 5312 788 5383 col.
804 5310 931 5376 899,
962 5311 1087 5366 adn.
1108 5310 1195 5383 [2,
1213 5309 1454 5383 Africani
1479 5310 1785 5383 epistolam,

230 5380 396 5453 quam
431 5381 693 5437 Eusebius
729 5381 871 5453 Hist.
897 5383 1023 5437 εει-ί.
1048 5398 1087 5446 ι,
1113 5381 1165 5453 7,
1198 5380 1524 5453 acephalam;
1540 5380 1784 5453 dederat,

231 5448 265 5506 ἐ
294 5461 479 5522 nostra
513 5454 746 5521 epitome
776 5452 1001 5508 feliciter
1028 5452 1222 5522 partim
1244 5448 1456 5506 sarciri.
1480 5448 1635 5522 Nunc
1681 5451 1788 5505 isto

232 5524 287 5577 in
324 5520 624 5593 fragmento
654 5524 949 5592 integriore
976 5520 1043 5577 ac
1066 5520 1640 5593 primitivoprtedicta:
1667 5521 1784 5593 cpi-5

231 5594 387 5675 emite
413 5590 559 5674 prior
581 5608 707 5675 pars
742 5590 1316 5675 oinnino_cu_mu_la.tur.
1359 5590 1532 5675 Hujus
1559 5605 1691 5672 ergo
1708 5590 1789 5645 ad

231 5660 479 5717 Africani
510 5660 793 5734 epistolam
832 5664 1073 5733 praeclari
1099 5663 1451 5734 additamenti
1477 5660 1791 5734 meminisse

226 5742 448 5805 oportet
467 5731 581 5801 eos,
604 5735 700 5805 qui
718 5731 884 5792 novas
903 5732 1193 5806 aliquando
1210 5733 1473 5792 editiones
1498 5731 1786 5789 curabunt.

1929 456 2217 504 venturum
2245 457 2503 505 eventura
2521 457 2659 505 erat.
2692 448 2872 504 Atille
2894 447 2948 503 in
2978 446 3086 503 Deo
3114 459 3483 520 regeneratus.

1939 541 2075 594 alios
2108 540 2213 595 sibi
2246 547 2427 610 patres
2456 540 2753 596 secundum
2789 538 2955 595 Deum
2984 540 3311 604 inscribens,
3340 540 3483 596 haud

1926 632 2174 703 equidem
2208 646 2363 686 veros
2392 639 2577 702 patres
2598 671 2612 695 ,
2647 632 2743 688 sed
2770 633 2842 687 ita
2867 640 3084 703 putatos
3125 642 3343 702 propter
3369 647 3485 687 m0-

1926 740 2045 779 rum
2082 724 2516 788 similitudinem,
2553 724 2620 777 ad
2651 739 2838 778 verum
2868 724 3083 780 Patrem
3130 733 3254 795 post
3296 740 3484 781 omnes

1926 831 2145 871 sursum
2177 815 2371 881 tendit,
2402 813 2572 869 Filius
2615 813 2706 868 Dei
2758 816 3048 871 exsisteus.
3080 815 3257 886 Atque
3299 816 3485 870 hacte-

1925 923 2029 963 nus
2066 909 2133 964 de
2160 923 2361 964 arcano
2394 924 2423 961 a
2454 908 2614 963 nobis
2646 921 2811 963 sensu
2845 907 3052 962 dictum
3084 909 3174 965 sit.
3222 907 3301 964 Ne
3353 923 3484 963 vero

1924 1015 2022 1055 nos
2054 1002 2339 1071 quisquam
2383 999 2499 1055 haec
2525 1000 2745 1069 proprio
2795 999 3013 1069 ingenio
3044 1002 3349 1070 excogitare
3381 1018 3481 1071 pu-

1922 1100 2021 1158 tet,
2053 1093 2488 1164 antiquissimam
2521 1091 2804 1147 historiam
2830 1091 3121 1162 proferam,
3148 1093 3290 1163 apud
3318 1111 3481 1164 quam

1921 1187 2225 1255 comperire
2272 1193 2357 1240 est
2386 1184 2710 1239 solutionem
2746 1191 2945 1253 putatae
2978 1184 3121 1239 inter
3147 1185 3285 1240 duos
3317 1201 3482 1241 evan-

1923 1276 2147 1346 gelistas
2179 1275 2549 1331 dissonantia.
2594 1274 2845 1329 Historia:
2887 1275 3050 1345 hujus
3100 1285 3291 1330 auctor
3337 1276 3482 1332 Afri-

1918 1384 2089 1425 canus
2110 1378 2212 1436 est,
2259 1369 2344 1423 vir
2387 1368 2655 1431 eruditus,
2705 1375 2758 1423 et
2819 1368 2964 1423 inter
3018 1375 3204 1423 extera
3232 1368 3481 1425 doctrina

1918 1462 2155 1518 imbutos
2209 1462 2476 1525 illustris,
2524 1461 2680 1530 cujus
2729 1469 2923 1529 praeter
2982 1471 3208 1516 caeteros
3281 1461 3481 1517 multos

1917 1555 2161 1625 egregios
2188 1554 2379 1619 libros,
2416 1553 2643 1623 epistola
2673 1564 2889 1622 quoque
2919 1550 3150 1607 habetur
3189 1550 3254 1606 ad
3281 1550 3479 1607 Aristi-

1916 1647 2037 1701 dem
2072 1646 2139 1702 de
2168 1654 2349 1717 putata
2366 1646 2826 1713 evangelistarum
2858 1646 3004 1700 circa
3046 1642 3250 1699 Christi
3281 1659 3480 1715 genea-

1848 1744 1888 1798 B
1918 1740 2116 1811 logiam
2146 1739 2505 1807 dissonantia,
2540 1753 2660 1808 qum
2688 1738 2762 1791 ita
2794 1753 2853 1793 se
2884 1737 3067 1791 habet.

2526 1850 2868 1907 AFRICANI.

1983 1966 2036 2021 8.
2059 1965 2213 2020 Haud
2259 1972 2511 2020 accurate
2538 1966 2755 2035 quidam
2798 1966 2970 2028 aiunt,
3003 1964 3226 2033 provide
3278 1963 3476 2019 factam

1915 2072 2035 2112 esse
2066 2057 2399 2112 differentem
2440 2057 2581 2109 hanc
2624 2058 2901 2116 nominum
2935 2056 3395 2111 enumerationem
3426 2066 3478 2110 et

1916 2148 2321 2218 permistionem
2341 2148 2780 2212 sacerdotalium,
2815 2155 2873 2200 ut
2891 2155 3100 2216 putant,
3121 2155 3174 2201 et
3204 2148 3475 2218 regalium

1913 2238 2175 2301 virorum,
2202 2245 2262 2291 ut
2289 2236 2669 2291 ostenderetur
2696 2238 2891 2291 merito
2916 2238 3169 2294 Christus
3189 2256 3282 2295 rex
3316 2241 3476 2295 simul

1914 2334 2075 2395 atque
2123 2326 2377 2381 sacerdos
2409 2345 2423 2380 :
2453 2326 2608 2394 quasi
2658 2326 2853 2395 aliquis
2885 2325 2951 2381 de
2980 2327 3082 2382 hoc
3122 2328 3353 2392 dubitet,
3384 2338 3477 2383 aut

1914 2418 2072 2471 aliam
2108 2434 2256 2488 Spem
2293 2418 2507 2482 habeat,
2545 2433 2733 2488 nempe
2764 2418 2895 2488 quin
2944 2419 3199 2476 Christus
3242 2431 3477 2477 aeternus

1916 2509 1987 2563 sit
2022 2510 2165 2581 apud
2222 2508 2434 2565 Patrem
2479 2510 2745 2579 pontifex,
2782 2525 2971 2579 preces
3022 2520 3243 2565 nostras
3271 2511 3319 2566 ei
3346 2510 3480 2567 olfe—

1912 2614 2072 2656 rens:
2108 2616 2204 2655 rex
2236 2608 2413 2655 autem
2443 2598 2922 2670 supermundialis,
2953 2615 3091 2669 quos
3113 2600 3359 2655 liberavit
3382 2616 3477 2671 pa-

1912 2706 2070 2746 scens
2101 2688 2328 2761 Spiritu,
2352 2698 2673 2760 cooperator
2696 2690 2918 2745 effectus
2949 2690 3002 2743 in
3027 2691 3267 2745 omnium
3294 2706 3475 2746 rerum

1911 2785 2274 2840 ordinatione.
2306 2781 2475 2852 idque
2519 2782 2677 2837 nobis
2713 2783 3050 2852 exploratum
3083 2783 3210 2838 fecit
3240 2798 3349 2838 non
3372 2784 3476 2843 tri-

1911 2878 2075 2932 buum
2123 2877 2425 2947 catalogus,
2463 2890 2640 2945 neque
2699 2876 3127 2945 perscriptarum
3176 2876 3477 2946 generatio-

1911 2984 2039 3022 num
2098 2968 2307 3029 mistio,’
2352 2966 2447 3022 sed
2492 2967 2815 3037 patriarcha:
2853 2977 3015 3037 atque
3046 2968 3341 3037 prophetae.
3372 2967 3478 3027 Ca-

1910 3076 2132 3116 veamus
2168 3061 2331 3130 igitur
2360 3075 2389 3113 a
2418 3060 2628 3114 minuto
2658 3058 2968 3128 hujusmodi
2998 3060 3276 3130 religionis
3310 3060 3479 3116 artiii-

1906 3152 2017 3217 cio,
2055 3160 2114 3206 ut
2144 3151 2422 3206 nominum
2456 3153 2858 3221 permutatione
2900 3153 3106 3207 Christi
3151 3169 3375 3224 regnum
3410 3170 3474 3209 ac

1907 3242 2273 3298 sacerdotium
2315 3243 2671 3312 comprobare
2720 3243 2966 3299 velimus.
3010 3242 3144 3298 Nam
3192 3251 3245 3299 et
3272 3245 3474 3316 alioqui.

1906 3334 2073 3405 regali
2106 3333 2259 3389 ludas
2308 3333 2472 3388 tribui
2530 3333 2889 3389 sacerdotalis
2936 3335 3064 3391 Levi
3110 3335 3287 3392 tribus
3330 3335 3473 3392 facta

1905 3433 2022 3481 erat
2052 3424 2245 3488 affinis,
2270 3441 2337 3480 ex
2368 3439 2475 3495 quo
2499 3422 2796 3481 Naassonis
2851 3442 3094 3483 sororem
3142 3426 3473 3485 Elisabetam

1906 3514 2058 3570 duxit
2086 3514 2268 3568 Aaron
2299 3529 2524 3569 uxorem
2558 3514 2625 3579 “,
2662 3530 2965 3587 rursusque
3012 3517 3238 3573 Eleazar
3287 3519 3476 3575 Phati-

1908 3605 2049 3661 helis
2083 3604 2243 3659 ﬁliam
2270 3605 2338 3672 “,
2388 3605 2541 3676 prole
2576 3604 2701 3661 inde
2740 3614 3015 3678 suscepta.
3068 3607 3210 3681 Ergo
3242 3625 3473 3682 evange-

1906 3698 2045 3754 lislae
2080 3698 2293 3753 mentiti
2346 3704 2495 3763 sunt,
2532 3696 2660 3751 dum
2712 3713 2823 3753 non
2862 3699 3145 3755 veritatem
3193 3710 3469 3767 asserunt,

1904 3794 1999 3850 sed
2041 3794 2352 3848 simulatam
2380 3794 2593 3849 laudem
2632 3812 2644 3848 :
2679 3793 2840 3863 cujus
2870 3795 2949 3849 rei
2979 3809 3167 3860 causa,
3193 3796 3327 3851 alter
3350 3797 3472 3868 qui-

1904 3884 2025 3939 dem
2064 3900 2162 3955 per
2203 3884 2550 3941 Salomonem
2583 3900 2612 3939 a
2646 3884 2851 3941 Davidc
2874 3885 3063 3941 Jacobi
3100 3886 3325 3957 stirpem
3354 3897 3467 3942 tra-

1904 3977 2004 4041 xit,
2034 3978 2124 4047 qui
2160 3978 2261 4032 fuit
2288 3977 2510 4049 Josephi
2546 3986 2699 4049 pater
2741 3996 2756 4033 :
2788 3979 2928 4033 alter
2960 3986 3141 4034 autem
3169 3994 3198 4032 a
3221 3978 3470 4034 Nathano

1906 4068 2123 4125 Davidis
2174 4072 2283 4126 lilio
2329 4070 2502 4125 Helim
2559 4070 2783 4125 deduxit
2819 4068 3043 4140 Josephi
3093 4074 3319 4141 pariter,
3373 4074 3467 4126 sed

1903 4161 2009 4214 alia
2040 4162 2271 4226 ratione,
2308 4169 2537 4231 patrem.
2560 4161 2723 4231 Atqui
2750 4176 2844 4217 eos
2880 4162 3129 4231 ignorare
3163 4158 3272 4217 non
3307 4178 3469 4234 Opor-

1902 4254 2069 4321 tebat,
2101 4261 2394 4324 utrumque
2424 4261 2827 4309 numeratorum
2870 4253 3152 4308 hominum
3198 4253 3464 4322 ordinem,

1903 4361 2076 4415 genus
2109 4360 2231 4400 esse
2262 4343 2502 4409 Davidis,
2548 4344 2700 4400 Iuda:
2751 4360 2944 4415 nempe
2991 4345 3196 4416 regiam
3242 4346 3464 4402 tribum.

1904 4437 2125 4492 Etiamsi
2161 4438 2308 4492 enim
2352 4437 2615 4508 propheta
2668 4437 2950 4494 Nathanus
3000 4437 3123 4503 fuit,
3150 4446 3205 4494 et
3247 4438 3465 4509 quidem

1898 4531 2058 4585 etiam
2093 4529 2440 4593 Salomon,et
2458 4529 2650 4583 horum
2675 4530 2960 4601 utriusque
2989 4545 3187 4601 parens
3217 4529 3464 4603 (David):

1898 4636 1964 4675 ex
1994 4620 2179 4675 multis
2213 4635 2344 4676 sane
2365 4620 2618 4676 tribubus
2646 4622 2905 4678 exstitere
2927 4623 3235 4694 prophetae;
3259 4623 3352 4679 sed
3384 4632 3467 4677 ta-

1898 4728 2020 4767 men
2058 4713 2368 4768 sacerdotes
2421 4713 2557 4767 nulli
2605 4711 2826 4768 fucrunt
2873 4730 2936 4770 ex
2972 4716 3119 4769 nulla
3174 4714 3461 4770 duodecim

1897 4802 2164 4868 tribuum,
2189 4802 2282 4859 sed
2313 4802 2415 4857 soli
2449 4802 2671 4860 Levitae.
2712 4803 2939 4861 Frustra
2973 4806 3136 4877 igitur
3162 4806 3461 4876 composita

1900 4893 1969 4949 ab
1997 4894 2105 4950 illis
2136 4893 2239 4949 fuit
2274 4894 2390 4950 haec
2427 4894 2673 4961 falsitas;
2707 4913 2883 4967 nequc
2912 4897 3227 4967 praevalebit
3270 4896 3463 4965 hujus-

1902 4985 2049 5042 modi
2072 5001 2253 5043 sermo
2275 4987 2332 5043 in
2378 4985 2583 5043 Christi
2622 4987 2864 5045 Ecclesia
2902 4995 3094 5043 contra
3149 4995 3459 5042 accuratam

1900 5079 2203 5146 veritatem,
2236 5094 2429 5153 nempe
2459 5089 2519 5135 ut
2564 5080 2905 5137 mendacium
2944 5079 3357 5135 consarcinetur
3394 5077 3459 5131 ad

1893 5308 2106 5364 Etenim
2141 5308 2196 5363 in
2243 5308 2431 5364 Veneti
2475 5323 2692 5379 quoque
2736 5305 3004 5379 Gallandii
3032 5304 3458 5379 idiligentissiuui

1895 5379 2136 5457 hominis
2174 5375 2754 5457 Bibliqthecdfairum
2793 5386 2832 5457 t._
2858 5375 2922 5441 ll,
2949 5375 3458 5457 p._558,_’_acephala

1892 5458 1978 5504 est
2015 5450 2127 5503 hzec
2157 5450 2407 5519 epistola,
2438 5451 2567 5519 quia
2593 5457 2755 5520 caput
2784 5448 2905 5519 ejus
2943 5447 3120 5503 adhuc
3154 5447 3335 5501 linteis
3365 5460 3458 5500 co-

1892 5520 2075 5575 dicum
2109 5520 2421 5575 obvolutum
2448 5528 2584 5574 erat.

1986 5590 2075 5659 49)
2116 5591 2173 5645 in
2208 5590 2672 5660 epitome_codexr
2698 5588 2861 5646 habet
2904 5588 3131 5660 omnino
3167 5588 3225 5640 οὐ
3260 5588 3454 5653 δεῖνες,

1893 5657 1989 5720 sed
2014 5657 2194 5720 veram
2218 5657 2361 5717 nunc
2381 5657 2533 5715 vides
2557 5659 2841 5718 lectionem
2877 5660 2937 5727 ἐξ
2968 5659 3245 5730 οὐδεμιᾶς.
