3890 6198
393 283 498 340 967
1065 264 1328 323 EUSEBII
1365 254 1841 320 CESARIENSIS
1877 255 2027 314 OPP.
2067 249 2249 308 PARS
2302 250 2388 307 ιιι.
2410 279 2478 292 —-
2511 241 2912 302 EXEGETICA.
3505 236 3613 296 968

393 403 596 458 Christi
627 399 840 454 laudem
872 403 1035 464 atque
1064 382 1416 462 praeconium.
1444 385 1577 452 Quis
1611 399 1737 438 vero
1767 391 1820 438 et
1859 381 1948 436 illa

2062 395 2143 450 ρος
2166 376 2340 448 ἡμῶν,
2371 373 2462 426 καὶ¹
2491 365 2952 440 διῖσχυριζομένου
2971 367 3068 433 την
3089 360 3366 432 ἀλήθειαν,
3401 357 3616 428 μεγάλῳ

394 495 569 551 nescit
599 488 972 547 sacratissima
998 483 1243 555 Apostoli
1284 480 1450 536 verba
1497 476 1950 534 resurrectionem

391 580 704 642 Servatoris
771 577 946 633 nostri
1005 571 1352 646 praedicantis
1415 577 1578 638 atque
1629 565 1951 631 nuntiantis,

395 677 579 744 reique
600 673 876 727 veritatem
905 682 1099 738 magno
1120 681 1243 722 cum
1271 677 1470 734 pavore
1491 658 1805 714 aﬂirmantis
1825 658 1952 712 dum

394 769 470 821 ait
503 769 548 801 ⁸⁸
581 787 590 818 :
627 763 683 817 Si
714 762 990 816 Christum
1029 755 1398 813 resurrexisse
1459 752 1679 822 quidam
1733 758 1951 822 negant,

393 875 496 914 nos
535 864 715 911 autem
748 853 1049 908 asserimus
1074 860 1236 920 atque
1267 847 1566 908 credimus,
1589 858 1871 916 speramus
1894 856 1956 895 ac

392 939 775 1021 praedicamus,
803 945 921 1001 falsi
952 953 1118 999 testes
1165 941 1259 996 Dei
1310 955 1522 1004 sumus,
1553 937 1697 1007 quod
1725 936 1958 991 suscita-

396 1037 534 1092 verit
559 1037 859 1093 Christum.
886 1047 1044 1103 quem
1085 1045 1192 1086 non
1224 1029 1532 1086 suscitavit.
1563 1025 1716 1092 Quod
1749 1026 1794 1081 si
1824 1025 1957 1079 adeo

397 1127 484 1180 hic
514 1125 604 1196 qui
627 1124 794 1179 Deum
828 1123 1042 1176 Patrem
1070 1120 1324 1182 honorat,
1350 1134 1418 1172 ne
1432 1116 1663 1171 mendax
1687 1115 1952 1178 videatur,

397 1219 571 1284 timet,
595 1217 722 1287 quia
760 1231 870 1270 rem
902 1215 1093 1268 miram
1127 1218 1351 1274 narrat;
1381 1225 1480 1264 cur
1510 1225 1617 1263 non
1669 1208 1860 1262 merito
1890 1207 1957 1261 ti-

398 1317 543 1366 meat
573 1308 826 1378 quisquis
859 1306 997 1360 falso
1021 1317 1273 1360 sermone
1302 1301 1582 1355 veritatem
1605 1300 1721 1352 vult
1747 1297 1958 1354 stabili-

399 1419 480 1467 re,
513 1417 623 1456 non
657 1414 835 1455 veram
865 1396 1187 1452 sententiam
1229 1392 1566 1447 concinnans
1586 1393 1609 1445 'l
1632 1390 1763 1444 Nam
1786 1392 1832 1447 si
1868 1407 1957 1461 ge-

397 1495 708 1550 nerationes
733 1490 829 1545 abl
846 1489 1091 1549 uderent,
1110 1485 1349 1554 nihilque
1369 1484 1612 1555 germani
1639 1483 1861 1537 seminis
1881 1482 1950 1536 ad

397 1583 694 1654 Josephum
718 1579 1082 1640 conferretur,
1109 1576 1201 1631 sed
1223 1590 1284 1629 ea
1322 1590 1411 1630 res
1451 1574 1517 1628 ad
1547 1573 1808 1628 fulcimen
1837 1583 1957 1627 tau-

398 1673 677 1731 tummodo
704 1672 966 1728 nascituri
993 1670 1136 1724 dicta
1165 1675 1329 1731 esset,
1360 1681 1552 1736 nempe
1580 1665 1724 1736 quod
1757 1680 1850 1720 rex
1877 1671 1957 1718 at-

2056 448 2202 540 ιρόϐῳ
2223 468 2492 536 λέγοντος,
2525 463 2606 515 ὃτι
2636 463 2682 512 εἰ
2715 456 2942 530 Χριστὸν
2963 452 3178 521 λέγουσί
3208 448 3354 513 τινες
3391 449 3463 519 μὴ
3488 451 3615 517 ἐγη-

2055 539 2267 634 γέρθαι,
2300 560 2460 630 ἡμεῖς
2494 555 2548 608 δὲ
2583 553 2738 607 τοῦτο
2781 551 2874 603 καὶ
2910 547 3082 618 φαμὲν
3114 545 3208 597 καὶ
3248 539 3615 594 πεπιστεύκα-

2058 671 2178 724 μεν,
2209 651 2299 704 καὶ
2327 649 2455 702 αὐτὸ
2487 647 2580 700 καὶ
2604 641 2891 712 ἐλπίζομεν
2924 639 3015 692 καὶ
3047 636 3414 708 κηρύσσομεν,
3451 646 3619 683 κατα-

2053 721 2599 816 ψευδομαρτυροῦμεν
2625 736 2718 790 τοῦ
2747 731 2902 797 Θεοῦ,
2935 732 3014 784 δτι
3041 730 3227 800 ἡγειρε
3259 726 3351 778 τὸν
3387 721 3622 794 Χριστὸν

2054 838 2112 890 ὃν
2154 838 2254 890 οὐκ
2292 836 2538 905 ἤγειρενο
2574 830 2706 884 εἰδὲ
2745 827 2915 888 οὕτως
2951 824 2979 876 ὁ
3017 819 3308 888 δοξολογῶν
3355 817 3484 870 Θεὸν
3510 817 3624 868 Πα-

2056 929 2210 1000 τέρα,
2243 927 2447 980 δέδοικε
2481 922 2554 994 μὴ
2571 919 2885 992 ψευδολόγος
2906 913 3106 982 δοκοίη,
3141 912 3298 983 ἔργον
3320 907 3620 1000 παράδοξον

2054 997 2424 1092 διηγούμενος,
2470 1014 2584 1078 πῶς
2616 1012 2712 1065 οὐκ
2753 1009 2815 1063 ἂν
2847 1007 3068 1069 δικαίως
3099 1002 3382 1074 φοϐηθείη,
3417 1002 3506 1053 ὅτι
3532 997 3622 1052 διὰ

2053 1111 2398 1185 ψευδολογίας
2443 1108 2695 1178 ἀληθείας
2735 1103 2988 1156 σύστασιν
3031 1097 3410 1169 ποριζόμενος,
3465 1092 3621 1158 δόξαν

2056 1184 2153 1262 οὐκ
2197 1204 2369 1275 ἀληθῆ
2409 1198 2701 1262 συντιθείς;
2733 1198 2794 1250 Εἰ
2822 1195 2929 1265 γὰρ
2971 1191 3036 1244 τὰ
3077 1189 3205 1260 γένη
3238 1188 3493 1256 διάφορα,
3532 1184 3626 1237 καὶ

2061 1297 2226 1369 μηδὲν
2251 1290 2548 1361 καταφέρει
2575 1288 2794 1357 γνήσιον
2823 1283 3039 1352 σπέρμα
3067 1280 3158 1332 ἐπὶ
3175 1278 3267 1331 τὸν
3301 1275 3524 1346 Ἰωσὴφ,
3552 1277 3628 1326 εἴ-

2059 1406 2214 1460 ρηται
2242 1387 2299 1440 δὲ
2322 1385 2476 1456 μόνον
2509 1383 2585 1446 εἰς
2607 1380 2858 1433 σύστασιν
2898 1375 2988 1428 τοῦ
3021 1369 3511 1442 γεννηθησομένου.
3543 1369 3625 1420 ὅτι

2059 1457 2311 1551 βασιλεὺς
2349 1477 2442 1529 καὶ
2473 1473 2648 1546 ἱερεὺς
2676 1470 2824 1523 ἔσται
2850 1469 2878 1520 ὁ
2901 1469 3170 1536 ἐσόμενος,
3199 1457 3522 1551 ἀποδείξεως
3547 1457 3625 1527 μὴ

2058 1549 2380 1643 προσούσης,
2411 1563 2545 1620 ἀλλὰ
2565 1563 2665 1634 τῆς
2683 1560 2790 1615 τῶν
2814 1559 2982 1627 λόγων
3003 1555 3332 1626 σεμνότητος
3353 1553 3428 1614 είς
3453 1549 3626 1622 ὕμνον

2057 1661 2262 1733 ἁδρανῆ
2297 1657 2620 1728 φερομένης,
2653 1652 2808 1723 δῆλον
2835 1651 2910 1714 ὡς
2931 1647 3022 1704 τοῦ
3051 1645 3183 1700 Θεοῦ
3220 1647 3320 1717 μὲν
3347 1647 3375 1696 ό
3405 1643 3628 1703 ἔπαινος

397 1782 503 1840 que
539 1765 792 1822 sacerdos
827 1762 967 1817 foret
997 1762 1042 1816 is
1073 1759 1166 1830 qui
1203 1767 1464 1813 venturus
1497 1765 1638 1820 erat,
1670 1756 1954 1811 deficiente

2062 1755 2152 1841 οιῦχ
2187 1752 2433 1812 ἅπτεται,
2475 1747 2668 1817 ψεῦδος
2699 1743 2774 1797 ὢν
2797 1761 2810 1774 ’
2847 1742 3025 1814 κρίσις
3054 1740 3110 1793 δὲ
3139 1740 3217 1810 τῷ
3257 1735 3526 1808 εἰρηκότι,
3566 1734 3632 1787 τὸ

398 1857 737 1928 probatione,
793 1862 1013 1922 totoque
1061 1851 1324 1905 orationis
1382 1858 1574 1904 ornatu
1628 1848 1683 1900 in
1747 1847 1952 1900 futilem

2059 1833 2157 1897 οἶῦκ
2187 1841 2267 1904 ὃν,
2300 1839 2374 1903 ὡς
2410 1838 2470 1891 ὃν
2502 1836 2841 1908 κομπάσαντι
2871 1833 3000 1904 (50).

403 1923 661 2023 hymnum
719 1948 1020 2011 desinente,
1085 1945 1286 1998 nullam
1329 1943 1455 1996 hinc
1486 1942 1698 1996 laudem
1762 1939 1870 1994 Deo
1935 1939 2192 1994 accedere
2237 1935 2574 2004 exploratum
2614 1930 2689 1994 fit,
2729 1929 2854 2000 quia
2907 1935 3078 1983 totum
3117 1923 3457 1982 mendacium
3492 1928 3631 1988 est;

401 2041 497 2099 Sed
529 2041 932 2096 damnationem
965 2038 1144 2108 potius
1172 2038 1372 2091 dicenti
1397 2035 1639 2101 conflari,
1659 2034 1785 2104 quia
1816 2033 1959 2102 quod
1996 2030 2130 2086 nihil
2153 2037 2256 2091 esl,
2293 2024 2498 2096 aliquid
2526 2038 2649 2080 esse
2675 2023 2918 2094 jactavit.

471 2157 525 2213 9.
555 2155 811 2210 Davidem
852 2153 1132 2209 Matthaaus
1153 2169 1368 2224 quoque
1394 2161 1522 2207 ante
1561 2152 1696 2208 alios
1721 2153 1774 2206 in
1806 2151 1954 2205 ordi-

401 2265 470 2305 ue
490 2249 670 2320 posuit
699 2248 754 2302 in
785 2263 882 2302 sua
915 2247 1245 2318 genealogia,
1270 2245 1398 2316 quia
1436 2243 1622 2299 Davidi
1669 2243 1844 2314 primo
1869 2257 1956 2297 so-

405 2344 548 2412 lique
587 2339 746 2395 firmo
787 2339 1142 2409 jurejurando
1180 2338 1499 2409 praedixerat
1548 2335 1691 2391 Deus
1745 2335 1859 2391 fore
1899 2344 1960 2390 ut

402 2450 468 2488 ex
519 2433 610 2487 illo
678 2439 997 2487 nasceretur
1055 2429 1351 2486 secundum
1407 2444 1624 2484 carnem
1687 2427 1955 2483 Christus.

407 2524 679 2593 Scriptum
707 2530 792 2576 est
815 2523 978 2592 igitur
1005 2539 1017 2574 :
1047 2539 1066 2571 ι
1095 2519 1305 2575 Juravit
1331 2518 1590 2574 Dominus
1617 2517 1802 2572 Davidi
1828 2517 1962 2570 veri-

404 2622 593 2678 tatem,
628 2621 682 2666 et
727 2627 836 2666 non
869 2609 1226 2665 l‘rustrabitur
1271 2624 1390 2664 eam
1423 2609 1527 2663 :de
1551 2608 1729 2662 fructu
1759 2607 1960 2663 ventris

405 2705 485 2758 tui
533 2717 731 2773 ponam
777 2716 940 2770 super
968 2701 1224 2754 thronum
1274 2708 1426 2752 tuum
1456 2699 1521 2751 ⁸⁷.
1568 2715 1587 2748 ι
1623 2695 1688 2750 Et
1726 2711 1958 2752 rursus:

411 2814 429 2844 ι
462 2792 648 2847 Juravi
673 2791 858 2845 Davidi
880 2805 1037 2845 servo
1069 2804 1209 2853 meo,
1236 2803 1410 2858 usque
1438 2788 1492 2841 in
1527 2796 1786 2842 aeternum
1815 2801 1963 2856 para-

407 2886 474 2938 bo
500 2898 684 2939 semen
709 2891 861 2936 tuum
886 2881 951 2933 ⁸⁸.
996 2902 1013 2933 ι
1060 2880 1122 2932 Et
1145 2881 1202 2935 in
1239 2879 1702 2950 Paralipomenis:
1743 2898 1761 2930 ι
1796 2879 1956 2934 Cum-

405 2991 514 3046 que
535 2975 786 3045 completi
811 2972 1010 3027 fuerint
1032 2973 1149 3027 dies
1172 2972 1270 3036 tui,
1302 2979 1358 3024 ut
1380 2971 1616 3027 dormias
1637 2987 1758 3026 cum
1789 2973 1958 3042 patri-

2132 2146 2195 2201 0'.
2222 2145 2324 2198 Τὸν
2356 2144 2519 2199 Δαυῖδ
2544 2142 2649 2214 πρὸ
2681 2140 2785 2194 τῶν
2805 2139 2976 2194 ἄλλων
3003 2138 3096 2190 καὶ
3133 2134 3412 2195 Ῐιίατθαῖος
3445 2130 3637 2198 ἔταξεν

2060 2241 2119 2292 ὲν
2150 2241 2214 2310 τῇ
2251 2239 2366 2291 κατ’
2393 2236 2554 2290 αὑτὸν
2585 2231 2916 2303 γενεαλογίᾳ,
2949 2226 3134 2298 ἐπειδὴ
3169 2227 3262 2279 καὶ
3308 2222 3518 2296 πρώτῳ
3546 2225 3636 2286 καὶ

2066 2334 2209 2402 μόνῳ
2239 2330 2315 2401 τῷ
2360 2327 2528 2382 Δαυῖδ
2559 2325 2675 2398 μεθ’
2708 2326 2870 2395 ὅρκου
2906 2320 3335 2381 δια6ε6αἰιὶ›σεως
3377 2317 3438 2382 ἐξ
3473 2314 3636 2369 αὐτοῦ

2065 2423 2204 2477 κατὰ
2229 2423 2404 2492 σάρκα
2437 2418 2596 2489 φῦναι
2633 2419 2661 2471 ό
2683 2415 2911 2488 Χριστὸς
2939 2412 3279 2476 ὲθεσπίζετο·
3317 2407 3636 2480 γέγραπται

2064 2514 2210 2583 γοῦν·
2244 2533 2261 2563 ι
2290 2514 2488 2582 Ὤμοσε
2518 2509 2713 2582 Κύριος
2735 2507 2811 2578 τῷ
2845 2505 3004 2559 Δαυῖδ
3033 2503 3306 2574 ἀλήθειαν,
3341 2501 3442 2554 καὶ
3464 2500 3526 2552 οὐ
3566 2499 3638 2568 μὴ

2063 2605 2298 2676 ἁθετήσῃ
2329 2603 2494 2674 αὐτήν
2517 2618 2528 2630 ·
2565 2603 2628 2654 ἐκ
2657 2596 2866 2672 καρποῦ
2904 2597 3000 2667 τῆς
3029 2594 3234 2657 κοιλίας
3267 2609 3366 2645 σου
3403 2592 3638 2661 θήσομαι

2065 2695 2158 2748 ἐπὶ
2179 2695 2269 2748 τὸν
2295 2693 2478 2766 θρόνον
2512 2709 2624 2746 σου.
2661 2710 2680 2743 ι
2717 2689 2827 2743 Kal.
2860 2687 3039 2742 πάλιν·
3077 2704 3098 2738 ι
3138 2687 3352 2756 Ὠμοσα
3371 2679 3543 2736 Δαυῒδ

2061 2783 2232 2855 δούλῳ
2281 2801 2402 2855 μου,
2440 2782 2544 2846 ἕως
2589 2780 2681 2834 τοῦ
2734 2779 2925 2843 αἰῶνος
2967 2775 3236 2848 ἑτοιμάσω
3288 2775 3356 2828 τὸ
3413 2772 3637 2844 σπέρμα

2067 2893 2183 2930 σου.
2223 2895 2245 2930 ι
2287 2877 2397 2930 Καὶ
2439 2877 2497 2928 ὲν
2549 2871 3072 2945 Παραλειπομὲνοις·
3110 2889 3133 2922 ι
3166 2871 3274 2924 Καὶ
3312 2868 3471 2921 ἔσται
3512 2869 3639 2920 ὅταν

2067 2967 2418 3039 πληρωθῶσιν
2449 2967 2503 3019 αἱ
2529 2967 2726 3037 ἡμέραι
2758 2980 2870 3026 σου,
2898 2962 2990 3014 καὶ
3017 2960 3326 3032 κοιμηθήσῃ
3363 2957 3508 3030 μετὰ
3533 2957 3639 3012 τῶν

409 3069 508 3124 bus
556 3067 687 3130 tuis,
721 3065 998 3120 suscitabo
1035 3079 1219 3120 semen
1281 3072 1434 3118 tuum
1485 3076 1608 3134 post
1636 3073 1710 3127 te,
1757 3064 1958 3134 eritque

2067 3060 2319 3130 πατέρων
2348 3075 2464 3122 σου,
2499 3058 2592 3110 καὶ
2619 3057 2906 3127 ἀναστήσω
2935 3055 2997 3108 τὸ
3031 3054 3250 3125 σπέρμα
3271 3069 3366 3104 σου
3397 3050 3536 3121 μετά
3555 3049 3636 3113 σὲ,

415 3159 560 3214 filius
599 3158 665 3212 de
700 3166 888 3212 ventre
917 3165 1030 3220 tuo,
1079 3164 1135 3212 et
1198 3156 1468 3211 stabiliam
1523 3171 1746 3225 regnum
1801 3157 1958 3224 ejus:

409 3248 526 3317 ipse
571 3245 705 3300 mihi
745 3244 1031 3300 tediiicabit
1069 3243 1311 3308 domum,
1355 3251 1408 3300 et
1455 3245 1654 3316 erigam
1709 3247 1962 3299 thronum

408 3340 528 3410 ejus
553 3354 724 3410 usque
763 3339 818 3392 in
853 3338 1261 3408 sempiternum.
1315 3337 1424 3409 Ego
1456 3354 1551 3392 ero
1602 3339 1678 3392 illi
1709 3337 1887 3403 Pater,
1912 3346 1965 3394 et

410 3431 526 3500 ipse
557 3429 691 3484 mihi
723 3427 819 3482 filii
851 3427 1019 3484 instar
1057 3428 1122 3482 ⁸ο.
1159 3437 1179 3479 ἱ
1232 3425 1442 3482 Similia
1488 3427 1572 3484 his
1628 3429 1683 3481 in
1727 3426 1965 3484 secundo

405 3535 626 3592 quoque
657 3519 966 3590 Regnorum
1002 3518 1144 3572 libro
1167 3517 1479 3574 scribuntur
1507 3518 1571 3572 το.
1616 3518 1718 3573 bed
1755 3533 1817 3573 ea
1845 3517 1966 3589 qui-

409 3610 532 3666 dem
569 3610 632 3665 ad
668 3609 1012 3665 Salomonem
1052 3607 1193 3662 trahi
1229 3617 1462 3678 queunt;
1493 3625 1678 3664 verum
1711 3609 1822 3664 haec
1845 3625 1965 3680 quae

411 3703 466 3757 in
497 3703 744 3758 manibus
769 3709 918 3764 sunt,
943 3701 1078 3755 nihil
1105 3716 1330 3771 prorsus
1361 3699 1429 3754 ad
1463 3701 1807 3756 Salomonem
1841 3703 1963 3756 atti-

411 3808 557 3854 nere,
587 3793 667 3848 sic
713 3792 837 3847 licet
883 3807 1232 3861 cognoscere.
1273 3790 1456 3847 Multis
1503 3799 1624 3861 post
1660 3790 1964 3847 Salomonis

407 3884 616 3937 ohitum
645 3883 806 3938 annis
837 3883 1165 3954 prephetans
1197 3881 1384 3949 Isaias,
1423 3883 1536 3936 haec
1577 3883 1643 3938 de
1677 3883 1860 3938 futuro
1900 3901 1962 3938 ex

410 3975 627 4030 Davidis
668 3975 871 4031 semine
912 3975 1351 4028 vaticinabatur:
1386 3993 1405 4025 ι
1462 3973 1782 4044 Egredietur
1818 3977 1962 4046 virga

407 4069 477 4122 de
505 4068 686 4122 radice
719 4065 886 4121 Jcssa:
924 4066 1049 4136 (fuit
1074 4067 1161 4120 hic
1186 4065 1404 4121 Davidis
1421 4067 1660 4139 parens),
1692 4076 1744 4122 et
1773 4067 1871 4124 ﬂos
1899 4070 1965 4124 de

407 4157 592 4212 radice
625 4159 744 4226 ejus
775 4157 1050 4211 ascendet.
1101 4157 1163 4209 Et
1209 4157 1314 4211 erit
1357 4160 1512 4212 radix
1563 4157 1750 4224 Jessae,
1786 4167 1838 4214 et
1870 4160 1962 4229 qui

402 4249 690 4318 consurgit
725 4247 790 4300 ad
819 4249 1190 4330 imperandum
1218 4248 1470 4320 gentibus
1502 4267 1516 4303 :
1556 4249 1611 4303 in
1639 4249 1757 4320 ipso
1776 4257 1961 4320 gentes

406 4341 701 4408 sperabunt
746 4340 811 4389 τ’.
859 4358 876 4388 ι
919 4337 992 4392 De
1021 4340 1291 4407 promisso
1333 4348 1511 4394 autem
1548 4339 1734 4395 Davidi
1767 4343 1961 4396 throno

2061 3151 2120 3216 ὃς
2149 3151 2299 3204 ἔσται
2326 3153 2390 3204 ὲκ
2416 3151 2513 3220 τῆς
2538 3150 2742 3214 κοιλίας
2773 3166 2886 3213 σου,
2925 3147 3018 3201 καὶ
3057 3146 3326 3216 ἑτοιμάσω
3357 3143 3460 3214 τὴν
3490 3142 3637 3212 βασι-

2063 3240 2210 3293 λείαν
2235 3238 2425 3292 αὐτοῦ’
2455 3239 2613 3302 αὐτὸς
2646 3239 2982 3309 οἰκοδομήσει
3019 3254 3106 3308 μοι
3147 3233 3289 3288 οἷκον
3311 3250 3324 3261 ·
3364 3235 3462 3288 καὶ
3481 3233 3636 3304 ἀνορ-

2065 3330 2220 3384 θώσω
2244 3332 2332 3384 τὸν
2360 3331 2546 3403 θρόνον
2577 3330 2737 3386 αὐτοῦ
2772 3332 2876 3395 ἕως
2917 3333 2997 3394 είς
3027 3329 3116 3384 τὸν
3141 3327 3310 3382 αίῶνα
3331 3343 3345 3357 ·
3381 3325 3498 3394 ἐγὼ
3523 3327 3637 3379 Eae.

2066 3440 2161 3492 μαι
2189 3421 2335 3493 αὐτῷ
2354 3426 2431 3486 εἰς
2457 3421 2694 3494 Πατέρα,
2719 3424 2812 3476 καὶ
2833 3421 2994 3485 αὐτὸς
3025 3421 3172 3473 ἔσται
3199 3437 3286 3489 μοι
3317 3420 3399 3481 είς
3437 3419 3578 3473 υἱόν.
3616 3438 3631 3466 ι

2063 3511 2145 3565 Τὰ
2175 3513 2332 3584 ὅμοια
2377 3513 2580 3576 τούτοις
2623 3515 2716 3567 καὶ
2749 3515 2804 3566 έν
2834 3517 2898 3584 τῇ
2931 3513 3153 3583 δευτέρᾳ
3194 3511 3300 3564 τῶν
3337 3512 3636 3564 Βασιλειῶν

2064 3605 2282 3676 φέρεται
2304 3621 2320 3636 ο
2345 3604 2456 3657 ἀλλ’
2489 3606 2668 3658 ὲκεῖνα
2695 3606 2791 3675 μὲν
2827 3605 2929 3658 κᾶν
2959 3603 3237 3673 ὲλκυσθείη
3278 3603 3372 3654 ἐπὶ
3411 3603 3512 3655 τὸν
3547 3605 3635 3654 Σο-

2063 3696 2298 3767 λομῶνα,
2325 3697 2392 3750 τὰ
2418 3696 2461 3749 δ’
2484 3699 2540 3750 ὲν
2569 3699 2753 3769 χερσὶν
2794 3699 2874 3750 ὅτι
2905 3697 3168 3768 μηδεμίαν
3199 3696 3308 3766 ἔχει
3342 3696 3632 3766 κοινότητα

2064 3789 2198 3861 πρὸς
2220 3789 2523 3860 Σολομῶνα,
2552 3784 2642 3844 ὧδ’
2666 3791 2729 3845 ἄν
2756 3808 2840 3853 τις
2877 3790 3196 3860 καταμάθοι.
3230 3789 3385 3843 Μετὰ
3416 3790 3522 3860 τὴν
3545 3791 3631 3841 Σιο-

2045 3881 2298 3954 ⁴λομὼνος
2353 3882 2633 3954 τελευτὴν.
2668 3882 2878 3946 πολλοῖς
2908 3881 3130 3953 ὕστερον
3177 3881 3390 3953 χρόνοις
3419 3898 3631 3952 προςη-

2063 3970 2230 4023 τεύων
2259 3972 2499 4036 Ἡσαΐας,
2524 3971 2699 4024 τοιάδε
2723 3973 2847 4042 περὶ
2875 3970 2966 4023 τοῦ
2988 3971 3349 4040 γενησομένου
3374 3972 3441 4023 ὲκ
3471 3972 3630 4042 σπέρ-

2066 4081 2230 4134 ματος
2264 4064 2425 4116 Δαυῒδ
2458 4065 2846 4135 προκηρύττει·
2885 4083 2904 4116 ι
2951 4064 3310 4132 Ἐξελεύσεται
3346 4065 3542 4135 ράὃδος
3566 4068 3625 4118 ἐκ

2061 4155 2158 4225 τῆς
2202 4155 2355 4227 ῥίζης
2404 4157 2633 4209 Ἰεσσαί·
2667 4157 2869 4228 (πατὴρ
2907 4157 2962 4210 δὲ
3007 4153 3073 4229 ἦν
3113 4153 3265 4221 οὗτος
3305 4157 3403 4210 τοῦ
3448 4158 3624 4225 Aauiﬁ)

2063 4253 2154 4304 καὶ
2177 4251 2332 4316 ἄνθος
2359 4255 2422 4306 ἐκ
2449 4252 2548 4324 τῆς
2583 4253 2737 4324 ῥίζης
2757 4254 3079 4325 ἀναϐήσεται
3099 4271 3112 4284 ·
3143 4255 3234 4307 καὶ
3260 4254 3414 4307 ἔσται
3435 4257 3472 4324 ή
3501 4251 3624 4324 ῥίζα

2059 4342 2152 4395 τοῦ
2191 4343 2406 4407 Ἰεσσαὶ,
2442 4344 2534 4397 καὶ
2581 4346 2608 4396 ό
2653 4346 3006 4416 ἀνιστάμενος
3051 4345 3237 4417 ἄρχειν
3287 4345 3492 4398 ἐθνῶν·
3541 4344 3621 4397 ἐπ’

405 4432 515 4486 tale
561 4431 840 4484 oraculum
871 4441 954 4484 est
985 4449 995 4483 :
1036 4450 1052 4479 ι
1098 4430 1362 4487 l’arvulus
1391 4443 1553 4488 natus
1583 4445 1663 4488 est
1693 4436 1870 4498 nobis,
1906 4445 1958 4490 et

2062 4432 2208 4503 αὑτῷ
2241 4433 2364 4505 ἔθνη
2416 4435 2677 4489 ὲλπιοῦσι.
2724 4456 2742 4487 ι
2781 4438 2888 4490 Kal.
2913 4436 3040 4507 περὶ
3082 4435 3173 4488 τοῦ
3216 4435 3618 4507 ἐπηγγελμένον

405 4522 548 4576 tilius
579 4521 737 4575 datus
775 4530 858 4575 est
886 4521 1062 4586 nobis,
1093 4523 1250 4593 cujus
1281 4524 1620 4594 principatus
1663 4541 1828 4595 super
1857 4527 1957 4579 hu-

404 4629 611 4668 merum
641 4612 798 4682 ejus:
832 4619 1163 4683 vocaturque
1191 4629 1386 4670 nomen
1420 4614 1541 4684 ejus
1577 4615 1758 4686 magni
1786 4615 1960 4670 consi-

403 4706 459 4760 lii
503 4703 760 4776 Angelus.
798 4703 1022 4775 Magnus
1067 4714 1149 4760 est
1183 4706 1519 4776 principatus
1547 4705 1688 4776 ejus.
1719 4715 1772 4762 et
1810 4707 1959 4776 pacis

399 4799 521 4869 ejus
571 4812 680 4851 non
725 4804 808 4852 est
847 4796 1114 4852 terminus
1147 4816 1158 4850 :
1190 4813 1352 4866 super
1407 4800 1602 4853 solium
1664 4800 1878 4854 Davidis
1907 4810 1960 4856 et

404 4903 626 4960 regnum
662 4888 803 4956 ejus,
840 4897 899 4940 ut
938 4887 992 4942 id
1043 4890 1340 4943 constituat
1371 4892 1438 4944 τ’.
1491 4910 1509 4941 ›
1552 4889 1610 4944 1η
1651 4893 1957 4962 suprascri-

402 4981 509 5052 ptis
543 4979 723 5050 itaque
750 4978 951 5033 dicitur
1002 4980 1218 5050 quidem
1257 4997 1321 5034 ex
1376 4982 1557 5036 radice
1593 4980 1763 5036 Jcssze
1809 4991 1863 5036 et
1891 4999 1958 5036 ex

401 5071 603 5128 Davide
631 5083 977 5128 surrecturus
1017 5071 1232 5142 aliquis,
1261 5087 1368 5126 non
1391 5079 1500 5126 tam
1521 5071 1588 5126 ad
1623 5072 1956 5144 regnandum

468 5227 516 5260 “
551 5229 571 5283 l
602 5228 729 5284 Cor.
765 5245 853 5294 xv,
890 5228 1073 5282 l2-15.
1153 5228 1195 5259 ⁸⁷
1235 5225 1376 5282 Psal.
1413 5242 1596 5288 cxxxr,
1631 5227 1717 5281 11.

398 5297 489 5356 12.
563 5299 609 5332 ’⁸
646 5298 749 5355 lsa.
787 5315 874 5364 ιι,
910 5299 961 5367 1,
998 5299 1080 5354 10.
1156 5299 1201 5328 ⁷⁸
1236 5296 1341 5352 lsa.
1374 5313 1463 5364 Ix,
1499 5297 1551 5364 6,
1575 5297 1626 5350 7.

473 5453 584 5527 (50)
623 5451 899 5511 Hactenus
944 5452 1307 5527 fragmentum
1357 5453 1413 5508 in
1450 5453 1578 5527 _co_d.
1609 5451 1693 5527 _A,
1730 5451 1768 5527 ί.
1798 5452 1868 5508 63
1899 5452 1955 5518 h,

401 5523 654 5580 Africano
698 5523 1015 5580 nominatim
1041 5523 1398 5594 inscriptum.
1438 5523 1538 5577 Cui
1578 5523 1956 5594 sisubnectas

401 5596 720 5664 particulam
753 5596 898 5664 illam
932 5611 1091 5664 quam
1128 5592 1294 5649 habes
1320 5595 1459 5662 apud
1502 5609 1601 5649 nos
1638 5592 1692 5648 in
1722 5595 1957 5662 epitome

401 5663 508 5718 col.
542 5663 669 5732 900,
699 5665 784 5718 ἵνα
811 5663 901 5720 οὖν
933 5663 1102 5737 usque
1134 5665 1198 5720 ad
1230 5664 1526 5736 ἐκθήσομαι
1549 5680 1564 5730 ;
1591 5670 1644 5721 et
1660 5679 1784 5720 mox
1811 5666 1956 5716 ἐπει-

2060 4525 2117 4577 δὲ
2149 4526 2225 4597 τῷ
2253 4527 2416 4581 Δαυῖδ
2445 4526 2633 4599 θρόνου
2651 4521 2751 4582 ὧδε
2775 4529 3048 4592 θεσπίζει·
3083 4547 3101 4580 ι
3129 4529 3344 4582 Παιδίον
3369 4527 3614 4599 ἐγεννήθη

2062 4619 2210 4688 ἡμῖν,
2253 4618 2367 4681 υίὸς
2398 4620 2489 4672 καὶ
2526 4620 2679 4691 ἐδόθη
2703 4622 2851 4692 ἡμῖν,
2880 4614 2940 4673 οὗ
2971 4623 3004 4692 ἡ
3033 4619 3172 4692 ἀρχὴ
3215 4620 3310 4672 ἐπὶ
3338 4620 3437 4673 τοῦ
3479 4619 3612 4688 ὤμω

2063 4707 2223 4761 αὑτοῦ
2245 4727 2258 4741 ο
2287 4711 2377 4763 καὶ
2409 4709 2646 4764 καλεῖται
2670 4711 2730 4764 τὸ
2773 4713 2940 4783 ὄνομα
2971 4712 3130 4766 αὑτοῦ
3164 4712 3414 4783 μεγάλης
3440 4709 3612 4782 βουλῆς

2069 4798 2357 4867 Ἀγγελοςο
2394 4800 2599 4869 μεγάλη
2627 4803 2660 4872 ἡ
2692 4801 2831 4873 ἁρχὴ
2876 4801 3059 4866 αὐτοῦ,
3108 4801 3201 4855 καὶ
3259 4801 3364 4870 τῆς
3409 4802 3609 4872 εἰρήνης

2061 4892 2222 4945 αὐτοῦ
2252 4893 2350 4945 οὐκ
2383 4892 2526 4945 ἔστιν
2549 4893 2720 4965 δριον·
2747 4895 2838 4947 ἐπὶ
2879 4895 2968 4948 τὸν
3000 4894 3186 4966 θρόνον
3217 4894 3384 4948 Δαυῖδ
3410 4895 3494 4948 καὶ
3521 4891 3608 4961 τὴν

2064 4983 2334 5052 βασιλείαν
2379 4984 2564 5049 αὑτοῦ,
2615 4985 2952 5058 κατορθῶσαι
2995 4987 3182 5057 αὐτήν.
3215 5005 3233 5038 ι
3269 4986 3370 5040 Διὰ
3417 4986 3470 5038 δὲ
3510 4981 3604 5035 τῶν

2063 5074 2386 5130 ἐκτεθέντων
2417 5078 2626 5149 εἴρηται
2659 5077 2756 5148 μὲν
2784 5079 2863 5131 ὅτι
2900 5080 2963 5130 ὲκ
2983 5078 3081 5149 τῆς
3116 5077 3273 5148 ῥίζης
3312 5077 3500 5130 Ἰεσσαὶ
3522 5071 3604 5128 καὶ

1798 5227 1841 5258 ⁸⁸
1865 5225 1958 5282 Psa

2065 5243 2291 5294 xxxviii,
2312 5231 2364 5293 4,
2387 5230 2438 5284 5.
2515 5232 2556 5263 σε
2598 5230 2867 5300 lParalip.
2905 5246 3038 5294 xvn,
3064 5231 3154 5286 15.
3230 5233 3277 5263 ὀ
3300 5229 3342 5284 ll
3370 5231 3598 5301 Regwn.

2061 5454 2126 5542 δῂ
2150 5457 2257 5538 γὰρ
2274 5457 2344 5510 τὰ
2363 5457 2618 5538 ὀνόματα,
2642 5466 2770 5522 etc.,
2799 5473 2919 5512 cum
2943 5458 3170 5540 reliqua,
3196 5464 3257 5512 ut
3277 5463 3445 5512 exstat
3464 5450 3599 5578 apud

2065 5527 2355 5578 Eusebium
2409 5526 2551 5578 Hist.
2601 5545 2637 5578 ι.
2679 5527 2731 5578 7.
2775 5527 3060 5578 grandiore
3098 5539 3272 5578 parte-
3303 5537 3460 5578 totam
3511 5537 3599 5577 or-

2065 5527 2355 5599 Eusebium
2409 5526 2551 5581 Hist.
2601 5545 2637 5590 ι,
2679 5527 2731 5588 7,
2775 5526 3076 5599 grandiore
3098 5539 3272 5598 parte,
3303 5537 3460 5584 totam
3493 5526 3576 5578 for

2065 5605 2210 5653 tassc
2236 5596 2476 5654 Africani
2507 5596 2795 5670 epistolam
2820 5596 3145 5655 tenebimus.

3823 1523 3890 1554 Ἀ

3823 1561 3890 2002 γη

3879 1821 3890 1836 ιι
