3890 6198
259 266 370 322 969
1073 275 1573 339 SUPPLEMENTA
1613 283 2084 352 QUIESTIONUM
2117 286 2209 340 AD
2248 287 2690 350 STEPHANUM.
3383 304 3491 365 970

261 384 361 438 τοῦ
394 384 561 442 Δαόὶδ
607 388 969 463 ἀναστήσεται
1013 411 1096 459 τις
1147 397 1206 449 οὐ
1246 397 1340 451 τοῦ
1386 400 1599 472 Ἰσραὴλ
1625 400 1787 475 ἄρχει*

1889 412 1908 463 ι
1934 401 1989 454 in
2014 398 2211 456 lsraele
2231 417 2394 473 quam
2426 405 2482 460 in
2511 408 2783 476 gentibus.
2832 409 3040 467 Dicitur
3088 421 3215 471 item
3248 419 3490 476 nascitu-

259 477 401 532 ἀλλά
426 478 534 536 τῶν
576 481 777 534 ἐθνῶν·
813 484 1019 555 εἴρηται
1057 486 1112 539 δὲ
1157 488 1239 541 ὄτι
1268 491 1657 563 γεννηθήσεται
1701 512 1787 548 παι

1931 505 2028 547 rus
2059 494 2337 561 parvulus,
2366 504 2422 551 et
2459 513 2656 555 nomen
2683 500 2803 558 Filii
2832 503 3139 570 habiturus,
3175 512 3488 581 peregrinos

257 568 393 634 δίον,
424 571 518 624 καὶ
550 573 976 647 ὀνομασθήσεται
994 579 1140 644 Υίὺς,
1170 580 1338 647 ξένοις
1367 582 1592 655 ὀνόμασι
1617 587 1710 641 καὶ
1729 588 1787 658 τὴ

1928 586 2117 642 titulos
2146 594 2202 641 et
2249 589 2538 664 humanam
2569 602 2820 649 naturam
2868 568 3193 657 excedentes
3234 568 3486 675 receptu.

260 661 561 734 ἀνθρώπων
595 666 755 734 φύσιν
783 668 1132 743 ὑπεραίρουσι
1164 677 1590 747 κεκοσμημένος,
1616 681 1697 734 ὅτι
1718 698 1777 734 τε

1926 692 2023 732 rus
2054 696 2068 732 :
2102 661 2414 749 foreque'ut
2442 680 2532 736 hic
2565 684 2822 740 thronum
2856 686 3077 746 Davidis
3122 661 3387 762 obtineat:
3429 661 3490 756 et

254 751 494 817 τοιοῦτος
519 756 611 809 τὸν
633 755 821 828 θρόνον
849 761 1012 815 Δαδίδ
1042 764 1391 837 ἀναλήψεται,
1421 770 1514 825 καὶ
1547 772 1644 843 τὴν
1675 774 1826 844 βασις-

248 841 405 898 λείαν
431 846 593 900 αὑτοῦ
624 849 963 921 κατορθῶσαι
989 854 1177 928 αὑτήν.

324 954 379 1012 ι’.
418 955 600 1014 Ταῦτα
636 962 692 1016 δὲ
716 964 796 1017 ὅτι
824 967 959 1037 μετά
998 969 1280 1042 Σολομῶνα
1306 975 1433 1046 περὶ
1470 977 1653 1050 ἐτέρου
1679 982 1820 1049 τινὸς

250 1049 535 1119 μέλλοντος
565 1050 714 1123 ἥξειν
748 1064 1195 1128 προανεφωνεῖτο,
1222 1066 1381 1119 παντί
1410 1084 1487 1138 τῳ
1514 1049 1691 1140 δῆλον.
1710 1073 1821 1126 Καὶ

243 1140 422 1205 ἄλλως
454 1143 510 1195 δὲ
534 1142 600 1197 τὰ
629 1145 762 1217 πρὶς
802 1146 889 1201 τὸν
918 1151 1081 1205 Δαὸὶδ
1111 1154 1397 1210 ἐκτεθέντα
1445 1158 1596 1230 λόγια
1622 1164 1719 1217 οὐκ
1753 1165 1817 1219 ἂν

242 1230 615 1305 ἐφαρμόσαιεν
661 1238 951 1310 Σολομῶνι,
991 1244 1248 1314 ἀκριϐοῦς
1278 1248 1573 1317 ἐξετάσεως
1617 1255 1818 1325 τυγχά-

240 1336 436 1373 νοντα·
488 1324 671 1393 σαφῶς
703 1327 811 1400 γάρ
856 1332 886 1382 6
940 1332 1185 1404 χρησμὸς
1210 1335 1374 1406 δηλοῖ,
1425 1340 1503 1392 ὅτι
1539 1342 1676 1411 μετά
1725 1324 1816 1399 τὸν

241 1409 472 1466 θάνατον
503 1416 595 1469 τοῦ
633 1418 794 1473 Δαϐὶδ
837 1422 1196 1495 ἀναστήσεται
1226 1430 1253 1481 6
1290 1409 1691 1504 θεσπιζόμενος.
1720 1438 1815 1490 Σο-

237 1499 420 1573 λομὼν
448 1505 526 1570 δὲ,
565 1506 762 1573 ζῶντος
811 1511 889 1565 ἔτι
921 1514 1012 1566 τοῦ
1043 1517 1224 1581 Δαὸὶδ,
1252 1519 1476 1591 νεύματι
1517 1499 1681 1578 αὐτοῦ
1719 1528 1814 1582 καὶ

236 1593 431 1669 γνώμῃ
460 1598 698 1670 διάδοχος
735 1603 835 1673 τῆς
868 1596 1141 1675 βασιλείας
1159 1625 1171 1637 ·
1207 1609 1421 1679 λέγεται
1450 1616 1578 1682 γοῦν
1605 1618 1695 1671 ἐπὶ
1718 1620 1819 1699 μόέ

236 1706 354 1751 νοις
380 1690 516 1743 ἐτεσι
542 1695 946 1764 τεσσαράκοντα
968 1696 1280 1768 βασιλεῦσαι
1313 1704 1405 1757 ἐπὶ
1435 1704 1525 1760 τὸν
1569 1706 1803 1782 Ἰσραήλο

1926 782 2153 840 regnum
2184 770 2327 840 ejus,
2354 779 2414 827 ut
2439 772 2495 827 id
2532 777 2853 833 constituat.

1991 968 2079 1024 10.
2107 967 2219 1041 Age
2250 985 2378 1027 vero
2409 973 2553 1043 quod
2593 975 2707 1030 haec
2741 984 2866 1047 post
2897 978 3238 1040 Salomonem
3269 986 3338 1043 de
3373 987 3482 1047 alio

1919 1059 2152 1126 quodam
2181 1072 2409 1119 venturo
2441 1066 2697 1135 praedicta
2738 1070 2957 1137 fuerint,
2984 1088 3143 1131 nemo
3174 1093 3283 1134 non
3311 1080 3477 1141 videt.

1921 1145 2023 1204 Sed
2053 1152 2258 1223 alioqui
2285 1156 2448 1211 etiam
2490 1159 2636 1215 edita
2683 1160 2875 1218 Davidi
2926 1170 3146 1224 oracula
3198 1170 3479 1231 Salomoni

1915 1240 2061 1297 baud
2109 1246 2435 1304 videbuntur
2478 1267 2798 1325 congruere,
2830 1259 2874 1311 si
2930 1272 3187 1317 accurato
3227 1267 3478 1323 examine

1913 1338 2336 1405 perpendantur.
2383 1341 2626 1415 Namque
2677 1351 2958 1405 oraculum
2993 1354 3275 1411 manifeste
3323 1358 3472 1420 dicit.

1914 1432 2037 1493 post
2072 1425 2292 1487 Davidis
2320 1443 2547 1517 mortem
2594 1448 2968 1495 surrecturum
3004 1444 3154 1499 illum
3187 1446 3254 1502 de
3282 1464 3389 1517 quo
3418 1451 3475 1505 fit

1912 1516 2251 1575 vaticinium.
2298 1509 2462 1595 Atqui
2492 1525 2748 1584 Salomon
2786 1531 2997 1590 vivente
3036 1537 3214 1593 adhuc
3248 1509 3470 1606 Davide,

1910 1620 2084 1678 eoque
2106 1612 2318 1669 volente
2341 1630 2404 1668 ac
2419 1614 2643 1684 jubente
2660 1620 2837 1680 factus
2859 1636 2941 1681 est
2968 1629 3116 1698 regni
3147 1644 3467 1691 successor:

1912 1713 2013 1754 nec
2043 1702 2149 1757 nisi
2172 1720 2344 1761 armos
2377 1709 2733 1780 quadraginta
2765 1730 2931 1785 super
2962 1717 3216 1776 Israelem
3245 1739 3468 1796 regnas-

236 1780 360 1844 πῶς
386 1778 477 1835 οὖν
506 1784 584 1848 είς
613 1786 774 1839 αὑτὸν
808 1789 1119 1862 ἐπιφέροιτο
1162 1792 1250 1858 τὸ,
1291 1812 1310 1847 ι
1359 1768 1685 1871 Ἀνορθῶσαι
1717 1768 1787 1855 τδτ

2394 1768 2409 1777 _
2587 1768 2615 1780 υ
2778 1768 2781 1769 ,
2834 1768 2919 1785 τη
2963 1768 3216 1776 ---νη-μ-
3246 1768 3439 1796 wn"...

1907 1805 1965 1843 se
1990 1791 2210 1848 dicitur.
2252 1795 2535 1863 Quomodo
2570 1819 2699 1875 ergo
2729 1807 2794 1861 ad
2836 1808 2979 1863 hunc
3010 1811 3316 1869 referentur
3340 1832 3464 1872 ver-

233 1870 424 1942 θρόνον
454 1876 615 1929 αὐτοῦ
645 1880 726 1942 εἰς
750 1878 840 1933 τὸν
868 1881 1067 1948 αἰῶνα;
1102 1903 1119 1935 ι
1166 1886 1302 1938 Ἀλλ’
1330 1890 1376 1942 εί
1403 1870 1549 1959 λέγοι
1568 1909 1650 1957 τις
1682 1895 1806 1966 περὶ

228 1964 330 2034 τῆς
363 1967 420 2033 ἐξ
454 1969 619 2022 αὐτοῦ
650 1970 897 2044 διαδοχῆς
925 1978 1174 2050 εἰρῆσθαι
1205 1982 1360 2047 αὐτὰ,
1390 1984 1489 2038 οὐκ
1519 1986 1806 2059 ἀγνοητέον

226 2056 308 2109 ὅτι
342 2057 540 2128 μέχρις
577 2060 814 2132 Ἰεχονίου
856 2068 949 2120 καὶ
987 2071 1084 2141 τῆς
1113 2074 1190 2136 είς
1217 2073 1503 2130 Βαϐυλῶνα
1526 2056 1804 2148 αἰχμαλω-

227 2147 347 2212 σίας
374 2153 406 2221 ἡ
435 2152 546 2204 ἀπὸ
581 2155 744 2209 Δαϐἰδ
774 2160 867 2211 καὶ
914 2160 1223 2234 Σολομῶνος
1262 2166 1474 2241 διαδοχὴ
1509 2147 1801 2241 τῆςγβασι-

222 2237 373 2303 λείας
403 2240 682 2314 διήρκεσε,
728 2250 950 2320 μηδενὸς
1002 2254 1140 2325 μετά
1174 2258 1264 2311 τὸν
1305 2237 1679 2330 Ἰεχονίαν-ἐπὶ
1709 2265 1800 2317 τὸν

222 2328 412 2402 θρόνον
442 2335 541 2404 τῆς
570 2335 844 2406 βασιλείας
872 2343 964 2397 τοῦ
1004 2345 1166 2400 Δαὸὶδ
1192 2328 1571 2417 καταστάντος.
1601 2357 1722 2420 Πῶς
1751 2358 1796 2410 δ’

217 2418 285 2472 ἀν
317 2422 395 2493 τῷ
444 2427 794 2501 φιλογυναίῳ,
837 2435 930 2487 καὶ
977 2430 1037 2490 οὗ
1067 2438 1165 2492 οὐκ
1214 2435 1345 2513 ἧνὴ
1388 2445 1584 2515 καρδία
1616 2418 1797 2503 τελεία

222 2515 361 2582 μετά
398 2517 606 2590 Κυρίου
640 2520 773 2574 Θεοῦ
804 2523 988 2589 αὑτοῦ,
1034 2529 1350 2604 ἐφαρμόσῃς
1388 2532 1454 2588 ’ἰὰ
1486 2537 1578 2590 τοῦ
1606 2538 1789 2611 ὅρκου,

217 2603 312 2655 καὶ
346 2604 408 2657 τό
430 2622 443 2634 ·
489 2625 506 2661 ι
557 2607 695 2677 Ἐγὼ
740 2610 929 2684 ἔσομαι
956 2617 1104 2688 αὐτῷ
1136 2622 1214 2685 είς
1242 2603 1471 2696 πατέρα,
1500 2628 1592 2681 καὶ
1633 2603 1793 2696 αὐτὸς

214 2690 371 2747 ἔσται
399 2714 488 2767 μοι
519 2700 598 2763 εἰς
629 2702 774 2769 υίόν;
807 2722 825 2755 ι
873 2705 1030 2761 Ἀλλὰ
1052 2710 1159 2782 γὰρ
1196 2690 1451 2788 ἄντικρυς
1483 2690 1791 2791 Σολομῶνος

217 2782 318 2851 μὲν
349 2785 605 2861 ἀλλότρια
634 2793 803 2848 ταῦτα
821 2814 833 2825 ·
865 2798 1144 2868 ἀνάγοιντο
1170 2803 1214 2855 δ’
1237 2804 1302 2859 ἂν
1331 2782 1422 2860 ἐπὶ
1452 2782 1702 2882 Χριστὸν,

210 2871 276 2924 ἐκ
316 2875 632 2947 σπέρματος
677 2883 842 2938 Δαϐὶδ
883 2887 1139 2955 ἀναστὰς,
1167 2887 1312 2947 οἷκον
1350 2897 1426 2969 τῷ
1448 2871 1566 2970 Θεῷ
1604 2871 1702 2956 οὐκ
1728 2871 1789 2970 ἐξ

208 2962 436 3035 ἀψύχων
456 2967 639 3035 λίθων,
669 2974 776 3028 οὐδ’
802 2977 859 3030 ἐν
875 2979 1044 3050 γωνία
1066 2983 1158 3037 καὶ
1177 2985 1329 3057 μέρει
1350 2962 1471 3059 γῆς,
1505 2962 1638 3045 ἀλλὰ
1665 2962 1784 3049 me:

1905 1878 1973 1933 ba
2002 1898 2015 1934 :
2056 1900 2074 1932 ι
2109 1882 2173 1937 Ει
2198 1886 2401 1957 erigam
2437 1891 2690 1947 thronum
2717 1896 2837 1966 ejus
2870 1900 2922 1952 in
2962 1903 3349 1971 sempiternum
3379 1908 3403 1963 ἲ
3437 1926 3460 1962 ι

1904 1967 2057 2034 Quod
2083 1974 2127 2028 si
2151 1975 2274 2045 quis
2302 1979 2546 2048 objiciat,
2576 1983 2643 2040 de
2664 1989 2983 2055 posteritate
3011 1967 3132 2062 ejus
3171 1996 3287 2053 haec
3317 1996 3463 2055 dicta

1902 2058 2071 2117 fuisse
2098 2101 2113 2122 .
2143 2072 2275 2121 tunc
2325 2084 2457 2126 sane
2500 2088 2608 2128 non
2638 2084 2721 2130 est
2772 2078 3152 2149 ignorandum,
3178 2102 3351 2157 usque
3393 2090 3461 2145 ad

1898 2150 2214 2212 Jechoniam
2252 2162 2468 2231 quidem
2522 2173 2577 2221 et
2636 2166 3017 2240 Babylonicum
3065 2150 3456 2246 captivitatem,

1898 2237 2116 2301 Davidis
2132 2262 2195 2302 ac
2220 2248 2523 2311 Salomonis
2547 2258 2778 2326 regalem
2799 2264 3200 2319 successionem
3226 2269 3462 2325 mansis-

1896 2348 1990 2402 se;
2014 2338 2286 2395 neminem
2317 2353 2496 2401 tamen
2527 2357 2650 2416 post
2676 2348 2994 2406 Jechoniam
3023 2355 3078 2408 in
3118 2357 3269 2425 regio
3296 2359 3457 2415 Davi-

1894 2434 1979 2499 dis
2005 2445 2203 2498 throno
2229 2438 2458 2495 sedisse.
2486 2439 2617 2507 Quo.
2630 2451 2789 2513 pacto
2819 2442 2998 2515 igitur.
3020 2448 3316 2507 mulieroso
3334 2450 3454 2507 ‘Sa-

1895 2535 2120 2601 lomoni,
2166 2534 2325 2606 cujus
2353 2550 2448 2590 cor
2473 2550 2581 2589 non
2609 2544 2725 2590 erat
2761 2537 3061 2608 perfectum
3096 2557 3223 2612 erga
3270 2543 3455 2600 Domi-

1892 2643 2022 2682 num
2069 2627 2236 2684 Deum
2284 2641 2465 2691 suum,
2489 2627 2847 2697 jurisjuraudi
2874 2632 3035 2685 verba
3068 2636 3452 2689 accommoda-

1893 2718 2009 2786 bis;
2049 2733 2259 2774 necnon
2290 2718 2380 2772 illa
2419 2736 2431 2770 :
2471 2735 2489 2768 ι
2527 2717 2638 2790 Ego
2668 2734 2762 2774 ero
2792 2719 2869 2773 illi
2895 2721 2948 2775 in
2976 2730 3203 2792 patrem,
3235 2734 3289 2780 et
3334 2727 3451 2796 ipse

1886 2809 2016 2867 mihi
2075 2810 2179 2865 erit
2236 2810 2290 2863 in
2342 2810 2718 2864 filium?ilmo
2754 2825 2882 2866 vero
2922 2811 3035 2867 haec
3080 2828 3110 2867 a
3159 2814 3449 2875 Salomone

1890 2898 2046 2969 longe
2077 2899 2382 2955 recedunt:
2422 2900 2517 2955 sed
2566 2900 2785 2956 Christo
2817 2902 3006 2973 utique
3057 2905 3213 2961 valde
3252 2922 3451 2964 conve-

1885 2988 2062 3053 niunt,
2097 2991 2188 3060 qui
2214 2989 2434 3047 Davidis
2467 2992 2674 3048 semine
2701 3001 2875 3057 ortus,
2912 3010 3020 3050 non
3045 3000 3305 3067 templum
3341 3001 3449 3056 Deo

207 3055 340 3127 ὅλης
368 3061 465 3131 τῆς
485 3063 807 3138 οἰκουμένης
840 3071 935 3123 καὶ
956 3072 1014 3125 ἐν
1046 3076 1175 3129 πᾶσι
1198 3055 1307 3141 τοῖς
1337 3055 1542 3135 ἔθνεσιν
1564 3085 1626 3136 ἐκ
1646 3085 1781 3149 ζών-

1889 3097 1951 3136 ex
1990 3055 2302 3138 inanimatis
2344 3082 2637 3152 lapidibus,
2672 3091 2724 3139 et
2773 3085 2827 3139 in
2872 3097 3024 3155 parte
3051 3089 3230 3159 aliqua
3280 3098 3446 3161 atque

204 3165 318 3203 των
354 3154 446 3205 καὶ
468 3172 551 3208 νοε
561 3157 667 3227 ρῶν
697 3160 856 3216 λίθων
889 3169 1248 3239 συνεστήσατο
1268 3171 1365 3242 τὴν
1387 3172 1661 3248 θεοπρεπῆ
1684 3181 1780 3231 αύ-

206 3241 301 3294 τοῦ
347 3243 669 3318 Ἐκκλησίαν
696 3264 710 3279 ⁸
740 3244 784 3319 ᾧ
834 3254 926 3307 καὶ
960 3257 1105 3328 μόνῳ
1136 3260 1214 3324 τὸ,
1250 3278 1268 3311 ι
1298 3262 1466 3327 Αὐτὸς
1508 3241 1660 3319 ἐσται
1690 3285 1779 3339 μοι

202 3335 284 3399 εἰς
304 3336 420 3389 υίὸν
446 3359 461 3386 ι
483 3340 930 3416 ἀναφωνούμενον
954 3350 1181 3421 ἁρμόσει
1196 3373 1209 3383 ·
1232 3355 1351 3408 ἐπεὶ
1378 3357 1469 3409 καὶ
1492 3360 1548 3411 ἐν
1566 3335 1779 3431 ἑτέραις

204 3427 245 3478 Γ
248 3433 455 3498 ραφαῖς
470 3432 595 3496 Υἱὸς
611 3437 998 3511 ἀναγορεύεται
1020 3443 1111 3497 τοῦ
1128 3445 1260 3499 Θεοῦ
1277 3464 1290 3477 ·
1313 3450 1371 3501 ἐν
1388 3451 1451 3521 τῇ
1475 3427 1774 3524 φασκούσῃ,

206 3536 226 3569 ι
280 3521 378 3573 Ἐκ
411 3526 642 3596 γαστρὸς
672 3529 777 3601 πρὸ
806 3532 1080 3605 ἐωσφόρου
1111 3538 1377 3610 ἐγέννησά
1409 3558 1497 3593 σε·
1540 3560 1559 3594 ι
1595 3543 1688 3597 καὶ
1720 3521 1775 3597 ἐν

198 3612 268 3680 τῇ
296 3610 549 3687 λεγούσῃ,
574 3637 591 3669 ι
618 3619 817 3692 Κύριος
842 3620 960 3678 εἶπε
990 3627 1124 3697 πρός
1146 3646 1233 3699 με,
1268 3630 1395 3695 Υἱός
1423 3650 1523 3704 μου
1557 3627 1606 3687 εἴ
1632 3634 1723 3687 σύο
1750 3653 1769 3686 ι

200 3703 371 3757 πάλιν
406 3708 462 3760 ὲν
563 3710 829 3780 λέλεκται,
867 3737 884 3769 ι
916 3719 1116 3792 Κύριος
1143 3723 1320 3777 ἔκτισέ
1345 3744 1412 3792 με
1438 3728 1609 3801 ἀρχὴν
1642 3730 1774 3783 ὁδῶν

198 3795 371 3848 αὐτοῦ
404 3799 483 3863 εἰς
512 3798 647 3871 ἔργα
679 3806 864 3871 αὐτοῦ,
900 3809 1004 3879 πρὸ
1032 3810 1087 3863 δὲ
1122 3812 1335 3866 πάντων
1613 3822 1776 3891 γεννᾷ

203 3904 296 3955 με.
340 3905 361 3940 ι
404 3890 626 3956 Τούτοις
679 3896 809 3964 γοῦν
844 3900 1054 3971 συνᾴδει
1107 3904 1263 3974 καὶὴ
1306 3904 1363 3971 ἐξ
1407 3907 1654 3977 οὐρανῶν
1684 3890 1770 3963 ἐπ’

199 3977 368 4032 αὐτὸν
393 3982 668 4052 ἐνεχθεῖσα
700 3990 871 4061 φωνὴ,
908 4009 926 4041 ι
966 3994 1036 4046 Σὺ
1072 3990 1124 4046 εἴ
1152 3997 1180 4048 6
1211 3994 1336 4059 Υἱός
1371 4014 1471 4066 μου
1500 3999 1527 4050 6
1558 4000 1772 4073 ἀγαπη-

194 4070 312 4135 τὸς,
352 4091 372 4124 ι
403 4076 643 4146 φήσασαο
688 4082 780 4133 καὶ⁸
808 4083 876 4135 τὰ
929 4086 987 4137 ὲν
1028 4087 1408 4159 ἑϐδομηκοστῷ
1461 4090 1515 4142 δὲ
1569 4070 1769 4164 πρώτιρ

197 4162 400 4234 ψαλμῷ
441 4170 823 4241 περιεχόμενα,
846 4175 906 4228 τὸ
936 4194 954 4227 ι
992 4178 1419 4249 Συμπαραμενεῖ
1442 4180 1518 4251 τῷ
1550 4182 1705 4254 ἡλίῳ,

198 4257 293 4308 καὶ
321 4256 401 4323 τὸ,
440 4276 458 4309 ι
486 4260 666 4314 Πάντα
698 4264 767 4317 τὰ
796 4264 921 4337 ἔθνη
964 4268 1323 4340 μακαριοῦσιν
1356 4273 1536 4337 αὐτὸν,
1574 4294 1592 4326 ι
1620 4277 1767 4329 ἀντι-

197 4362 336 4417 κρυς
385 4353 498 4413 τοῖς
547 4354 674 4423 περὶ
714 4353 808 4407 τοῦ
844 4357 1093 4431 Σωτῆρος
1133 4359 1289 4431 ἡμῶν
1335 4362 1766 4435 θεολογουμένοις

1884 3173 2082 3242 angulo
2102 3179 2279 3239 teme,
2328 3174 2419 3226 sed
2475 3173 2527 3233 in
2573 3173 2829 3228 universo
2877 3176 3009 3230 orbe
3042 3186 3095 3232 et
3133 3178 3188 3232 in
3230 3181 3444 3235 cunctis

1880 3262 2131 3331 gentibus
2163 3278 2229 3317 ex
2262 3263 2400 3318 vivis
2432 3262 2700 3332 lapidibus
2729 3273 2783 3320 et
2806 3265 3263 3325 intellectualibus
3286 3285 3443 3326 suam

1882 3350 1993 3405 Deo
2025 3351 2239 3422 dignam
2271 3353 2568 3408 Ecclesium
2602 3354 2884 3410 aedificavit
2919 3377 2931 3412 :
2966 3360 3052 3414 cui
3087 3360 3188 3415 soli
3219 3360 3440 3417 eﬁ‘atum

1880 3443 2011 3497 illud
2038 3451 2300 3515 congruet
2331 3463 2345 3498 :
2384 3462 2402 3495 ι
2444 3444 2563 3514 ipse
2594 3446 2726 3499 mihi
2758 3447 2863 3501 erit
2893 3449 2948 3502 in
2979 3449 3180 3518 filium,
3214 3471 3235 3505 ι
3274 3467 3442 3524 quau-

1878 3534 2166 3604 doquidem
2201 3543 2256 3590 et
2287 3536 2340 3589 in
2363 3536 2484 3592 aliis
2506 3534 2802 3606 Scriptura:
2820 3538 2954 3594 locis
2982 3539 3270 3599 Filius‘Dei
3298 3560 3438 3615 pla:-

1878 3625 2123 3694 dicatur;
2162 3627 2250 3682 ubi
2278 3643 2470 3697 nempe
2502 3628 2704 3682 dicitur
2733 3646 2750 3683 :
2787 3649 2806 3681 ι
2844 3631 2919 3685 Ex
2961 3640 3118 3687 utero
3140 3643 3266 3690 ante
3294 3636 3434 3691 luci-

1880 3718 2049 3772 ferum
2089 3719 2247 3788 genui
2280 3729 2330 3774 te
2356 3720 2463 3785 7";
2504 3739 2522 3771 ι
2556 3735 2771 3775 necnon
2808 3722 2898 3775 ubi
2923 3722 3162 3779 dicitur:
3197 3744 3217 3777 ι
3249 3725 3437 3781 Domi-

1875 3824 1981 3864 nus
2006 3808 2142 3863 dixit
2171 3810 2235 3863 ad
2262 3826 2346 3866 me
2376 3829 2391 3865 τ
2466 3810 2635 3867 Filius
2655 3828 2880 3869 menses
2910 3821 2966 3868 tu
2990 3814 3070 3882 ἠς
3099 3833 3118 3867 ι
3150 3817 3327 3872 denuo
3344 3819 3435 3872 ubi

1875 3902 2170 3957 scribitur:
2208 3921 2227 3953 ι
2261 3903 2521 3960 Dominus
2567 3906 2771 3960 creavit
2817 3920 2904 3960 me
2960 3904 3173 3961 initium
3218 3909 3433 3963 viarum

1875 4008 2097 4047 suarum
2143 3994 2211 4048 ad
2250 4009 2415 4064 opera
2464 3996 2617 4065 ejus;
2651 4005 2777 4052 ante
2807 4012 2997 4053 omnes
3048 3999 3216 4055 colles
3249 4002 3435 4071 genuit

1874 4101 1959 4140 me
1984 4086 2050 4141 ".
2093 4105 2110 4137 ι
2148 4084 2242 4141 His
2267 4101 2395 4156 ergo
2421 4097 2684 4142 consonat
2716 4104 2819 4143 vox
2839 4104 3055 4161 quoque
3085 4090 3174 4144 illa
3206 4090 3274 4146 de
3292 4093 3432 4147 caelo

1871 4175 2084 4232 delata:
2113 4194 2134 4229 ι
2172 4175 2252 4231 Τιι
2303 4192 2362 4233 es
2392 4177 2563 4232 Filius
2610 4194 2764 4235 meus
2805 4180 3035 4237 dilectus
3070 4182 3135 4238 ".
3172 4201 3189 4234 ι
3239 4180 3303 4235 Et
3338 4184 3429 4239 illa

1869 4283 1989 4337 quae
2042 4268 2441 4338 septuagesimo
2497 4270 2675 4338 primo
2751 4272 2960 4341 psalmo
3011 4273 3360 4330 continentur
3411 4294 3424 4330 :

1875 4376 1893 4409 ι
1934 4358 2279 4414 Permanehit
2304 4375 2426 4414 cum
2453 4362 2595 4427 sole;
2636 4380 2654 4413 ι
2692 4362 2925 4432 itemque
2957 4380 2970 4417 :
3009 4381 3028 4415 ι
3065 4360 3266 4421 Omnes
3299 4381 3431 4437 gen-

197 4439 476 4510 συντρέχοι
498 4441 582 4498 ἄν.
615 4444 732 4497 Ὀτι
759 4445 816 4499 δὲ
856 4447 1005 4502 ταῦθ’
1028 4450 1197 4515 οὕτως
1219 4451 1349 4523 ἔχει,
1374 4456 1766 4526 ἀναμφίλεκτος

197 4530 226 4560 ι
252 4530 360 4560 ι..λ
378 4531 470 4560 ..λδ
513 4532 728 4560 ἰι-μή-..
778 4537 832 4560 -.9
848 4555 991 4560 ..-μω
1015 4558 1029 4560 _
1088 4541 1108 4560 ς
1135 4559 1139 4560 ,
1278 4544 1287 4560 ι
1367 4545 1380 4560 ι
1457 4547 1493 4560 ε-
1526 4546 1541 4559 ι
1640 4548 1664 4559 ευ

1891 4465 1950 4505 es
1970 4451 2186 4505 beatum
2214 4451 2364 4504 illum
2392 4452 2574 4507 dicent
2604 4451 2651 4483 "
2686 4471 2698 4506 :
2729 4471 2747 4504 ι
2775 4453 2910 4517 haec,
2942 4454 3184 4523 inquam,
3208 4471 3335 4512 cum
3362 4458 3429 4513 iis

192 4530 227 4599 ἠ
250 4530 361 4582 ἀπὸ
378 4531 472 4584 τοῦ
513 4532 730 4588 Ἡσαΐου
774 4537 1049 4603 σύστασις,
1084 4541 1141 4605 ὃς
1166 4544 1301 4614 μετά
1331 4545 1420 4597 τὸν
1455 4546 1764 4618 Σολομῶνος

1889 4558 2098 4599 )rorsus
2127 4543 2347 4615 quaede
2397 4542 2685 4598 Servatore
2737 4555 2927 4601 nostro
2980 4545 3242 4605 divinitus
3282 4549 3428 4605 dicta

192 4619 424 4675 θάνατον
441 4625 533 4678 καὶ
561 4626 693 4695 μετὰ
724 4628 978 4695 πλείστας
1004 4632 1167 4697 ἀλλας
1180 4634 1271 4688 τοῦ
1288 4636 1475 4704 γένους
1495 4637 1760 4709 διαδοχὰς,

184 4712 255 4764 ἐκ
285 4712 444 4784 ῥίζης
478 4715 670 4770 Ἰεσσαὶ
701 4721 794 4773 καὶ
820 4723 981 4776 Δαὸὶδ
1011 4724 1382 4788 ἐξελεύσεσθαί
1409 4747 1529 4783 τινα
1561 4747 1764 4801 προφη·

182 4804 361 4869 τεύει,
396 4806 490 4858 καὶ
534 4809 721 4863 τοῦτον
765 4810 981 4868 ἔσεσθαι
1014 4816 1240 4887 Σωτῆρα
1289 4817 1479 4883 ἐθνῶν,
1540 4821 1761 4893 γυμνῶς

189 4893 335 4946 οὕτω
361 4896 615 4964 φάσκωνο
656 4918 674 4951 ι
720 4903 829 4955 Καὶ
866 4902 1017 4957 ἔσται
1047 4907 1079 4976 ή
1111 4906 1235 4976 ῥίζα
1273 4907 1368 4961 τοῦ
1410 4910 1627 4975 Ἰεσσαὶ,
1664 4912 1761 4963 καὶ

186 4987 216 5038 6
242 4988 602 5059 ἀνιστάμενος
634 4992 818 5065 ἄρχειν
848 4994 1013 5050 ἐθνῶν
1032 5014 1044 5027 ο
1081 5000 1165 5051 ἐπ’
1196 4998 1342 5071 αὐτῷ
1382 4999 1509 5073 ἐθνη
1550 5001 1761 5055 ἐλπιοῦ-

190 5095 298 5133 σιν.
333 5098 351 5132 ι

253 5384 348 5431 ια’.
404 5380 561 5437 Ἀλλά
605 5370 727 5457 γὰρ
756 5385 1022 5441 τοσούτων
1074 5388 1431 5461 ἐκδεδομένων
1489 5389 1752 5461 χρησμῶν

186 5470 336 5541 Mle-9
358 5471 446 5543 ,τῷ
486 5474 647 5526 Δαὸὶδ
676 5477 773 5529 καὶ
820 5478 935 5548 μεθ’
968 5481 1128 5549 ὅρκου
1171 5479 1595 5546 διαϐεϐαιώσεως
1626 5481 1756 5552 περὶ

248 5628 325 5660 η’
349 5626 512 5710 ἰξωι.
563 5645 650 5685 αι
675 5669 690 5694 ,
739 5632 794 5685 '5.
869 5632 914 5664 ’³
952 5633 1095 5690 Psal.
1129 5651 1203 5704 ιι,
1236 5637 1291 5693 7.
1367 5637 1412 5671 "
1451 5634 1613 5693 Prov.
1652 5652 1767 5704 vui,

1889 5675 1894 5689 .
1968 5634 2015 5669 ⁷³
2056 5633 2245 5691 Matth.
2294 5651 2391 5701 ιιι,
2437 5630 2526 5692 17.
2558 5637 2646 5710 ,⁷⁸
2685 5636 2831 5694 Psal.
2866 5653 3027 5710 uxr,
3070 5639 3125 5695 5.

182 5712 235 5752 ιι
256 5738 273 5765 ,
344 5698 434 5752 10.

500 5788 769 5849 Ρηηοι..
807 5790 925 5851 Gn.
946 5790 1166 5869 XXII.

1863 4643 2013 4700 sunt,
2045 4644 2393 4691 concurrent.
2426 4636 2580 4702 Quod
2632 4646 2810 4692 autem
2851 4639 2925 4693 ita
2979 4656 3066 4696 res
3106 4657 3166 4697 se
3206 4642 3422 4709 habeat,

1864 4725 2229 4781 indubitanter
2258 4725 2425 4782 Isaias
2459 4726 2764 4793 confirmat,
2798 4729 2926 4784 dum
2969 4740 3091 4800 post
3121 4732 3426 4788 Salomonis

1860 4815 2068 4870 obitum
2096 4817 2469 4887 plurimasque
2501 4818 2634 4873 alias
2664 4822 3073 4890 generationum
3120 4826 3424 4879 successio-

1860 4923 1978 4970 nes,
2012 4923 2077 4961 ex
2108 4909 2289 4963 radice
2316 4906 2485 4965 Jessa:
2523 4925 2587 4964 ac
2613 4909 2826 4966 Davidis
2863 4928 3209 4983 egressurum
3232 4929 3422 4985 quem-

1859 4998 1982 5053 dam
2011 4999 2359 5067 vaticinatur,
2388 5016 2621 5072 cumque
2646 5000 2987 5057 Servatorem
3019 5003 3258 5075 gentium
3285 5004 3423 5058 fatu-

1857 5105 1977 5143 rum
2004 5098 2114 5144 tam
2147 5092 2433 5162 perspicue
2463 5093 2776 5162 pronuntiat
2806 5094 2867 5148 ιί
2898 5092 2963 5148 Et
3001 5095 3104 5151 erit
3128 5094 3281 5149 radix
3301 5093 3422 5151 Jes-

1859 5196 1952 5245 sm,
1986 5189 2040 5236 et
2062 5182 2153 5251 qui
2184 5191 2475 5254 consurget
2520 5185 2587 5240 ad
2632 5184 3006 5256 imperandum
3038 5187 3333 5259 gentibus;
3368 5196 3422 5245 et

1860 5274 1914 5328 in
1945 5273 2121 5343 ipsum
2151 5282 2336 5345 gentes
2368 5277 2662 5347 sperabunt
2692 5278 2763 5334 ⁷⁷.
2791 5296 2812 5331 ι

1929 5386 2016 5442 il.
2047 5386 2184 5442 Cum
2216 5387 2343 5442 talia
2381 5388 2544 5459 igitur
2588 5389 2734 5445 edita
2769 5390 3002 5448 fuissent
3054 5393 3277 5447 oracula
3325 5394 3443 5449 uni-

1860 5476 2071 5544 Davidi,
2100 5489 2152 5534 et
2188 5478 2407 5548 quidem
2450 5495 2573 5534 cum
2618 5480 2798 5553 jurata
2828 5480 3208 5552 affirmatione,
3242 5485 3413 5540 oritu-

3226 5639 3273 5672 "
3313 5638 3415 5694 lsa.

3094 5801 3169 5862 31
