3952 6198
299 219 402 275 973

1099 216 1600 275 SUPPLEMENTA
1640 215 2120 282 QUAZSTIONUM
2159 216 2249 270 AD
2290 215 2726 272 STEPHANUM.

3418 224 3520 279 $76

299 331 452 403 φησὶ,
487 331 547 385 τὸ
578 332 815 387 τοιοῦτον
845 332 1104 403 φανερόν·
1139 333 1331 403 δικαίῳ
1352 330 1460 402 γὰρ
1493 331 1605 383 ὖντι
1635 329 1713 400 τῷ
1754 330 1854 382 Ἰω-

1965 328 2097 383 mini
2129 327 2206 382 nil
2236 328 2436 382 mirum
2466 336 2550 383 est
2578 329 2870 384 revelatam
2918 330 3085 386 fuisse
3107 346 3137 384 a
3174 342 3361 390 sancto
3396 334 3520 405 Spi-

299 422 408 493 σὴφ
438 422 535 474 οὐκ
589 418 655 493 ἦν
701 422 1005 492 θαυμαστὸν
1049 422 1351 494 γνωσθῆναι
1408 422 1495 476 διὰ
1545 421 1858 490 Πνεὺματος

299 510 475 580 ἀγίου,
512 509 570 574 ἐξ
600 506 661 567 οὗ
693 513 784 565 καὶ
810 514 843 582 ἡ
875 511 1069 585 κύησις
1101 512 1337 579 γέγονεν.

1965 419 2073 473 ritu
2118 419 2260 474 hanc
2318 421 2750 491 conceptionem,
2797 436 2957 492 quam
3004 438 3103 477 sua
3154 423 3297 480 idem
3324 426 3519 482 virtute

1966 509 2287 580 perfecerat.

1354 629 1438 685 Ex
1461 639 1645 684 catena
1673 631 1869 683 inedita
1901 630 1954 682 in
1981 626 2156 681 codice
2199 626 2468 680 Vaticano.

370 744 449 798 t6’.
486 745 595 816 (53)
637 748 928 801 Εὐσεϐίου
964 789 977 802 .
1028 749 1301 819 Ἐνὲτυχον
1342 748 1398 801 δὲ
1449 749 1711 819 ἑρμηνείᾳ
1772 749 1863 801 ἀν-

294 836 583 907 επιγράφῳ
634 836 886 909 λεγούσῃ,
921 840 1000 891 ὅτι
1042 840 1091 891 οἱ
1126 841 1222 909 μέν
1265 856 1391 908 φασι
1445 840 1729 907 συγγενίδα
1764 839 1862 909 τὴν

309 927 588 988 Ἐλισάϐετ
618 929 715 998 τῆς
762 928 1036 1000 Παρθένου
1077 931 1225 1001 παρά
1259 931 1349 983 τοῦ
1382 931 1611 1000 ἀγγέλου
1645 932 1859 1000 ὠνομά-

298 1018 442 1082 σθαι,
481 1019 577 1088 οὐχ
620 1019 695 1083 ὠς
727 1020 792 1073 ὲκ
836 1020 933 1091 τῆς
978 1021 1146 1090 αὐτῆς
1175 1023 1367 1092 φυλῆς,
1396 1022 1530 1076 ἀλλὰ
1577 1022 1664 1076 διὰ
1702 1023 1761 1075 τὸ
1799 1025 1860 1075 ὲκ

274 1111 403 1165 τῶν
434 1112 613 1182 αὐτῶν
638 1114 937 1185 προγόνων,
966 1116 1060 1168 καὶ
1084 1114 1175 1169 τοῦ
1199 1115 1361 1168 αὑτοῦ
1385 1114 1577 1178 κοινῶς
1602 1115 1708 1167 τῶν
1743 1116 1860 1167 Ἰου-

290 1204 455 1258 δαίων
484 1205 671 1271 γένους
717 1207 1032 1279 ἀμφοτέρας
1064 1208 1349 1279 ὡρμῆσθαι
1371 1222 1384 1236 ’
1417 1207 1492 1270 ὡς
1531 1210 1559 1260 6
1602 1208 1857 1261 Ἀπόστο-

291 1295 405 1360 λος,
439 1315 459 1348 ι
509 1297 853 1369 Ἐϐουλόμην,
878 1299 1068 1367 λέγων,
1103 1301 1347 1371 ἀνάθεμα
1399 1296 1534 1353 εἶναι
1580 1300 1717 1371 ὑπὲρ
1755 1299 1862 1352 τῶν

291 1387 535 1457 ἀδελφῶν
557 1406 657 1459 μου
686 1388 793 1442 τῶν
828 1391 1099 1459 συγγενῶν
1132 1409 1231 1461 μου
1265 1391 1406 1445 κατὰ
1438 1394 1633 1463 σάρκα.
1673 1412 1691 1442 ι
1730 1391 1862 1443 Πολ-

290 1480 374 1534 λοὶ
400 1481 454 1533 δὲ
481 1482 573 1534 καὶ
602 1482 708 1537 τῶν
732 1482 968 1554 δοκίμων
1013 1484 1260 1552 λέγουσιν
1307 1485 1521 1555 ἀληθῶς
1556 1485 1693 1539 κατά
1730 1503 1863 1554 συγ-

290 1572 507 1640 γένειαν
565 1576 829 1647 συνῆφθαι
883 1576 980 1646 τὴν
1030 1577 1307 1647 ἱερατικὴν
1362 1577 1530 1649 φυλὴν
1597 1581 1661 1649 τῇ
1714 1560 1863 1647 βασι-

2040 745 2127 799 M.
2166 743 2396 798 Eusebii.
2459 742 2630 797 Incidi
2664 742 2720 796 in
2765 742 3054 812 quamdam
3105 744 3362 816 anonymi
3419 760 3518 800 au-

1967 837 2135 890 ctoris
2157 834 2656 905 interpretationem
2679 833 2908 888 dicentis
2928 833 3278 902 Elisabetam,
3299 852 3367 892 ex
3392 852 3528 893 non-

1966 927 2238 981 nullorum
2295 926 2583 990 sententia,
2640 925 2961 995 appellatam
2999 926 3170 982 fuisse
3205 929 3273 984 ab
3329 930 3521 1000 angelo

1965 1026 2250 1087 cognatam
2284 1016 2544 1088 Virginis,
2575 1031 2684 1071 non
2714 1015 2841 1086 quia
2870 1017 2936 1072 de
2962 1019 3147 1073 eadem
3172 1029 3315 1075 esset
3350 1022 3518 1087 tribu,

1964 1106 2058 1162 sed
2075 1108 2198 1176 quia
2219 1122 2281 1162 ex
2318 1108 2508 1162 iisdem
2529 1108 2962 1177 progenitoribus
2978 1100 3283 1181 'eodemque
3310 1110 3523 1167 Iudaeo-

1962 1214 2081 1253 rum
2146 1215 2342 1270 genere
2371 1200 2676 1255 communis
2693 1202 2905 1271 utrique
2926 1206 3079 1273 origo
3114 1203 3294 1258 fuerit.
3321 1202 3523 1277 Nempe

1963 1291 2325 1362 utApostolus
2343 1292 2611 1362 loquitur:
2635 1312 2652 1344 ι
2685 1290 2949 1362 Optabam
2969 1310 3068 1364 ego
3095 1295 3381 1350 anathema
3400 1312 3522 1353 esse

1961 1400 2061 1454 pro
2081 1384 2341 1439 fratribus
2370 1385 2526 1453 meis,
2551 1387 2641 1456 qui
2667 1398 2795 1441 sunt
2813 1388 3024 1458 cognati
3071 1388 3175 1441 mei
3221 1389 3519 1445 secundum

1960 1492 2181 1532 carnem
2212 1477 2277 1530 ⁸⁸.
2314 1496 2333 1528 ι
2368 1475 2517 1530 Multi
2547 1486 2741 1532 tamen
2776 1478 2983 1547 probati
3008 1479 3330 1549 interpretes
3349 1480 3519 1548 aiunt,

1961 1584 2089 1625 vera
2128 1585 2355 1639 prorsus
2385 1570 2708 1641 cognatione
2750 1572 3142 1627 sacerdotalem
3168 1573 3369 1627 tribum
3395 1589 3518 1629 cum

288 1663 415 1734 λικῇ
450 1665 541 1717 καὶ
574 1666 684 1719 ἄνω
729 1667 820 1719 ἐπὶ
858 1666 1130 1730 Μωῦσέως
1161 1666 1292 1737 (54).
1336 1667 1398 1719 Ἠ
1431 1666 1539 1739 γάρ
1584 1668 1857 1721 Ἐλισάϐετ

1962 1662 2123 1732 regali
2155 1660 2322 1716 fuisse
2345 1675 2644 1716 connexum
2701 1678 2731 1716 a
2784 1662 3038 1719 Mosaicis
3069 1680 3242 1735 usque
3262 1668 3521 1737 tempori.

290 1754 326 1827 ή
358 1757 493 1828 γυνὴ
536 1757 740 1843 Ἀαρὼν
774 1758 972 1829 ἀδελφὴ
1009 1759 1222 1829 ὑπῆρχε
1261 1758 1527 1812 Ναασσὼν
1566 1760 1681 1813 υίοῦ
1715 1761 1859 1831 Ἀμι-

287 1846 477 1911 ναδάϐ,
512 1846 569 1910 ὃς
602 1848 709 1900 ἀπὸ
744 1848 911 1901 Ἰούδα
947 1847 1038 1903 τοῦ
1069 1849 1183 1901 υἱοῦ
1226 1848 1416 1901 Ἰακὼϐ
1456 1852 1741 1921 κατήγετο,
1764 1850 1856 1918 ἀφ’

284 1931 350 1991 οὗ
377 1937 436 1990 τὸ
483 1937 750 2007 βασίλειον
794 1940 947 2009 γένος
990 1943 1101 2003 rei;
1137 1940 1432 2004 Ἰουδαίοις·
1476 1943 1569 1994 καὶ
1624 1943 1770 1996 κάτω
1801 1943 1856 1996 δὲ

285 2028 489 2099 ὁμοίως
536 2029 878 2102 Ἐλισάϐετή
925 2031 1059 2102 γυνὴ
1107 2033 1370 2104 Ζαχαρίου
1417 2033 1523 2085 ἀπὸ
1549 2034 1647 2105 τῆς
1693 2035 1858 2089 Ἰούδα

287 2118 465 2187 φυλῆς
517 2113 664 2173 εἷλκε
717 2122 813 2192 τὴν
867 2122 1110 2190 γένεσιν,
1164 2123 1405 2194 θυγάτηρ
1452 2126 1860 2197 χρηματίζουσα

301 2208 495 2263 Ἰακὼϐ
521 2210 613 2264 τοῦ
651 2214 854 2284 πατρὸς
900 2214 1097 2285 Ἰωσήφ
1120 2232 1133 2243 ·
1163 2216 1226 2267 ἐκ
1259 2216 1388 2284 γοῦν
1419 2216 1517 2285 τῆς
1546 2219 1859 2286 συγγενείας

284 2298 478 2354 τούτου
507 2301 600 2355 τοῦ
644 2303 909 2357 Ναασσὼν
941 2306 969 2358 6
1002 2305 1202 2380 Κύριος
1244 2307 1383 2360 κατὰ
1431 2308 1607 2381 σάρκα
1636 2309 1859 2380 γεγένη-

287 2409 415 2447 ται·
450 2394 509 2446 οὺ
558 2394 732 2465 μάτην
768 2392 861 2451 οὖν
899 2398 997 2467 τῆς
1033 2398 1313 2469 βασιλικῆς
1345 2399 1513 2472 φυλῆς
1547 2401 1641 2472 τὴν
1674 2402 1861 2472 ἐπιμι-

293 2484 407 2550 ξίαν
439 2486 468 2537 6
496 2486 637 2551 θεῖος
684 2491 965 2562 προφήτης
1012 2490 1267 2555 ἐδίδαξεν,
1302 2492 1434 2545 ἀλλά
1477 2493 1688 2556 δεικνὺς
1730 2493 1803 2557 ὡς
1832 2499 1860 2547 6

290 2577 564 2647 Δεσπότης
586 2579 815 2649 Χριστὸς
843 2579 900 2645 ἐξ
929 2580 1250 2652 ἀμφοτέρων
1284 2581 1630 2652 ἐϐλάστησεν,
1664 2582 1739 2645 ὡς
1764 2582 1859 2651 βα·-

294 2668 470 2731 σιλεὺς
501 2670 593 2724 καὶ
635 2671 920 2743 ἀρχιερεὺς
952 2672 1091 2725 κατά
1132 2674 1192 2725 τὸ
1222 2672 1557 2745 ἀνθρώπινον
1591 2673 1859 2745 χρηματί-

294 2774 390 2822 σας
424 2758 621 2831 (55)·ἢ
655 2760 728 2823 ὡς
747 2760 805 2825 ἐξ
836 2761 952 2825 ἑνὸς
977 2763 1313 2835 προπάτορος
1342 2764 1435 2817 τοῦ
1469 2763 1661 2818 Ἰακὼϐ
1694 2766 1861 2835 ὕπαρ·

292 2848 510 2919 χούσας,
548 2852 861 2921 συγγενίδας
892 2854 1065 2908 καλεῖ.

1964 1753 2087 1807 bus.
2115 1751 2462 1821 Namqueilla
2486 1750 2758 1808 Elisabeta
2786 1753 3019 1809 Aaronis
3038 1769 3195 1821 uxor,
3225 1754 3519 1812 Naassonis

1917 1905 1926 1914 ,
1964 1861 2120 1903 soror
2146 1856 2263 1901 erat
2311 1846 2650 1903 Aminadabo
2698 1848 2887 1919 geniti,
2922 1849 3014 1918 qui
3064 1858 3243 1904 ortum
3276 1865 3306 1903 a
3334 1850 3521 1907 Jacobi

1965 1939 2075 1994 ﬁlio
2103 1939 2350 1994 trahebat
2399 1938 2562 2004 Juda,
2621 1940 2765 1995 unde
2800 1941 2978 2011 regale
3018 1940 3327 1998 Judaeorum
3348 1960 3520 2015 genus

1964 2038 2319 2101 propagatum
2344 2037 2445 2085 est.
2483 2028 2589 2085 Sed
2649 2042 2704 2085 et
2759 2032 3005 2100 proximo
3036 2033 3242 2101 pariter
3283 2041 3521 2105 tempore

1964 2121 2235 2177 Elisabeta
2263 2120 2541 2176 Zachariae
2597 2137 2736 2176 uxor
2765 2138 2795 2177 e
2826 2122 2977 2177 Juda:
3020 2124 3163 2177 tribu
3206 2123 3518 2191 oriebatur;

1964 2212 2074 2266 lilia
2112 2212 2310 2282 quippe
2333 2210 2522 2266 Jacobi
2554 2212 2646 2282 qui
2679 2210 2897 2282 Iosephi
2926 2219 3077 2282 pater
3106 2222 3211 2268 est.
3240 2213 3325 2268 Ab
3356 2214 3520 2284 hujus

1963 2302 2128 2373 igitur
2156 2301 2448 2358 Naassonis
2472 2302 2643 2372 stirpe
2690 2301 2953 2357 Dominus
2980 2303 3277 2357 secundum
3301 2319 3519 2359 carnem

1968 2400 2122 2448 ortus
2152 2401 2254 2447 est.
2292 2391 2431 2464 Ergo
2449 2392 2593 2446 haud
2621 2400 2826 2447 temere
2847 2394 3251 2462 permistionem
3281 2409 3401 2448 cum
3437 2409 3521 2451 re-

1961 2485 2048 2556 gia
2076 2485 2220 2539 tribu
2250 2485 2411 2541 divus
2466 2486 2732 2555 propheta
2773 2483 2995 2549 docuit;
3028 2486 3123 2541 sed
3152 2494 3210 2540 ut
3242 2473 3516 2541 Christum

1963 2577 2248 2631 Dominum
2274 2594 2340 2631 ex
2384 2586 2617 2647 utraque
2646 2585 3002 2647 prepagatum
3043 2577 3370 2644 ostenderet,
3424 2579 3515 2647 qui

1960 2669 2104 2738 regis
2127 2669 2383 2722 nimirum
2413 2684 2703 2739 personam
2756 2676 2919 2739 atque
2944 2670 3216 2739 pontificis
3246 2670 3386 2724 inter
3413 2670 3514 2747 ho-

1962 2762 2137 2817 mines
2158 2770 2411 2831 gesturus
2464 2770 2602 2816 erat.
2636 2760 2733 2815 Vel
2778 2760 3011 2830 denique
3043 2762 3122 2815 hm
3153 2768 3395 2831 cognatae
3422 2778 3519 2831 ap-

1964 2856 2257 2927 pellantur,
2286 2853 2418 2926 quia
2447 2854 2519 2911 de
2550 2854 2736 2912 eodem
2749 2852 3513 2929 progenitormcobownte.

1233 2970 1317 3025 Ex
1349 2971 1563 3026 Possini
1596 2982 1783 3026 catena
1813 2972 1868 3026 in
1904 2969 2096 3027 Matth.
2125 2986 2254 3026 tom.
2286 2969 2325 3037 Ι,
2349 2986 2403 3039 p.
2428 2971 2481 3025 8.

366 3084 441 3130 ιε’.
467 3076 575 3149 (56)
605 3079 989 3152 Προσηκόντως
1016 3084 1271 3155 ἐζήτηται
1305 3086 1337 3156 ἡ
1375 3086 1520 3139 αἰτία
1549 3087 1614 3139 δι’
1643 3089 1706 3158 ἣν
1739 3087 1869 3141 ἄνω-

2042 3085 2128 3140 15.
2153 3083 2388 3139 Eusebii.
2412 3082 2602 3140 Merito
2632 3086 2862 3155 quaestio
2886 3095 3005 3142 orta
3053 3096 3137 3144 est
3165 3089 3516 3159 quamobrem

292 3166 383 3222 θεν
412 3171 439 3221 6
471 3168 742 3232 Ματθαῐος
796 3174 1086 3244 ἐποιήσατο
1115 3175 1213 3246 τὴν
1249 3175 1342 3230 τοῦ
1392 3176 1625 3245 Χριστοῦ
1667 3193 1856 3245 γενεα-

290 3259 493 3327 λογίαν,
526 3264 555 3313 ὁ
578 3262 635 3315 δέ
668 3279 729 3330 γε
754 3265 965 3328 Λουκᾶς
985 3266 1223 3319 κάτωθεν
1253 3269 1345 3321 καὶ
1374 3268 1433 3332 ἐξ
1464 3268 1707 3331 ἐναντίας
1727 3285 1741 3298 ·
1765 3270 1856 3321 καὶ

292 3352 501 3421 ῥητέον,
538 3353 613 3417 ὡς
659 3356 757 3409 οὐκ
791 3356 986 3410 ἄτοπον
1026 3358 1231 3412 ἄνωθέν
1260 3377 1318 3413 τε
1364 3362 1457 3414 καὶ
1489 3360 1728 3413 κάτωθεν
1759 3361 1856 3431 τὴν

287 3444 457 3516 αὐτὴν
493 3445 726 3515 βαδίζειν
763 3448 879 3503 ὀδόν
897 3465 908 3477 ·
937 3445 1004 3521 ῆν
1029 3449 1136 3520 γὰρ
1158 3452 1248 3505 καὶ
1278 3451 1433 3505 τοῦτο
1458 3452 1622 3507 πάλαι
1646 3455 1711 3522 τῇ
1740 3451 1856 3523 θείᾳ

289 3534 479 3608 Γραφῇ
532 3536 757 3609 σύνηθες
770 3557 783 3568 ·
815 3539 958 3594 οὕτω
994 3542 1102 3611 γὰρ
1138 3543 1230 3595 καὶ
1285 3543 1448 3596 Δαϐὶδ
1499 3546 1557 3596 ὲν
1593 3547 1657 3615 τῇ
1698 3540 1851 3595 Ῥοὺθ

288 3626 493 3680 ἀνωθεν
518 3629 934 3698 γενεαλογείται,
971 3630 1151 3695 καθὼς
1189 3632 1281 3686 καὶ
1322 3634 1469 3706 παρά
1496 3633 1572 3704 τῷ
1594 3633 1854 3704 Ματθαίῳ

289 3718 319 3769 6
340 3718 571 3788 Χριστός
591 3738 605 3752 ·
633 3723 726 3775 καὶ
754 3723 811 3775 ὲν
834 3726 897 3794 τῇ
918 3723 1025 3776 τῶν
1056 3724 1345 3779 Βασιλειῶν
1376 3725 1432 3779 δὲ
1471 3725 1659 3798 πρώτῃ
1689 3725 1853 3796 βίϐλῳ

287 3806 318 3856 6
340 3803 432 3857 τοῦ
460 3807 708 3881 Σαμουὴλ
744 3810 926 3882 πατὴρ
954 3811 1192 3867 κάτωθεν
1224 3815 1639 3885 γενεαλογείται,
1681 3832 1855 3887 παρα-

291 3895 534 3969 πλησίως
567 3899 644 3970 τῷ
674 3904 876 3973 Λουκᾷ.

1964 3175 2248 3229 Matthaeus
2301 3189 2534 3243 superne
2590 3178 2826 3231 texuerit
2872 3177 3076 3233 Christi
3130 3180 3516 3250 genealogiam,

1961 3267 2139 3323 Lucas
2166 3276 2344 3321 autem
2380 3266 2593 3322 inferne
2625 3275 2785 3338 atque
2834 3284 2901 3325 ex
2952 3269 3197 3326 adverso.
3238 3270 3406 3327 Porro
3433 3271 3517 3325 di-

1961 3361 2191 3416 cendum
2251 3367 2357 3424 est,
2407 3360 2544 3415 nihil
2569 3359 2682 3415 ﬁeri
2739 3360 3055 3427 absurdum,
3088 3364 3135 3419 si
3190 3365 3376 3421 eadem
3428 3366 3515 3420 via

1964 3467 2181 3507 sursum
2237 3450 2601 3519 deorsumque
2647 3460 2922 3518 pergatur.
2983 3450 3116 3506 Nam
3163 3461 3218 3507 et
3270 3453 3358 3509 hic
3386 3454 3515 3509 olim

1963 3542 2256 3611 Scriptura:
2281 3540 2477 3596 divinae
2537 3556 2656 3595 mos
2704 3540 2840 3596 fuit:
2876 3542 3075 3613 quippe
3105 3545 3180 3597 ita
3215 3543 3431 3600 Davidis
3460 3546 3515 3599 in

1961 3633 2155 3688 Ruthae
2198 3633 2335 3687 libro
2383 3648 2619 3702 superne
2665 3632 2930 3687 evolvitur
2979 3633 3311 3704 genealogia,
3367 3634 3513 3688 haud

1961 3740 2121 3780 secus
2172 3740 2336 3795 quam
2394 3724 2600 3780 Christi
2644 3724 2785 3795 apud
2844 3723 3171 3780 Matthzeum.
3225 3725 3427 3781 Contra
3459 3724 3518 3779 in

1960 3816 2098 3872 libro
2126 3816 2330 3885 Regum
2360 3816 2559 3886 primo,
2602 3816 2869 3872 Samuelis
2896 3825 3051 3887 pater
3074 3831 3293 3872 sursum
3321 3831 3514 3872 versus

1957 3908 2025 3963 ad
2053 3909 2379 3979 genealogiae
2417 3908 2620 3965 fontem
2662 3908 3011 3979 perducitur,
3056 3908 3216 3965 sicuti
3264 3907 3321 3964 fit
3371 3908 3512 3980 apud

1955 4000 2178 4056 Lucam.

1364 4111 1415 4166 E
1442 4125 1628 4169 catena
1652 4114 1848 4170 inedita
1870 4117 1923 4170 in
1950 4116 2127 4171 codice
2158 4115 2433 4171 Vaticano.

362 4215 455 4282 ις’.
492 4219 624 4292 Περὶ
668 4221 857 4275 τούτου
888 4224 918 4275 6
961 4222 1217 4289 Εὐσέϐιος
1249 4226 1307 4279 ὲν
1356 4226 1434 4297 τῷ
1473 4230 1577 4294 Είς
1599 4228 1665 4283 τὸ
1708 4230 1858 4284 κατὰ

2032 4230 2119 4285 16.
2155 4229 2388 4286 Eusebii.
2443 4229 2519 4285 De
2579 4228 2686 4284 hoc
2746 4230 3013 4287 Eusebius
3056 4231 3112 4285 in
3167 4245 3329 4301 opere
3354 4220 3511 4303 super

284 4310 587 4365 Ματθαῖον
620 4312 731 4383 (57)
769 4314 939 4379 οὕτως
958 4330 971 4344 ·
999 4316 1135 4385 Φησὶ
1178 4316 1234 4370 δὲ
1261 4318 1349 4372 τὸν
1381 4319 1565 4373 Νάθαν
1594 4322 1685 4375 καὶ
1719 4338 1853 4390 προ-

1962 4324 2272 4379 ΜαιιΙιωιιηι
2319 4324 2400 4379 sic
2444 4323 2685 4392 loquitur
2717 4341 2730 4377 :
2759 4323 2923 4377 Aiunt
2966 4322 3265 4379 Nathanem
3301 4341 3517 4397 quoque

288 4402 550 4473 φητεῦσαι
577 4405 716 4457 κατά
743 4405 809 4457 τὰ
840 4407 897 4460 ὲν
918 4410 1035 4470 ταῖς
1063 4408 1362 4474 Βασιλείαις
1388 4411 1676 4483 φερόμενα.
1714 4413 1852 4482 Ἐγὼ

1962 4416 2385 4487 prephetavisse,
2422 4424 2584 4487 prout
2607 4426 2826 4485 apparet
2880 4430 2946 4470 ex
2975 4416 3043 4471 iis
3073 4431 3193 4486 qua:
3219 4416 3273 4470 in
3306 4415 3514 4489 Regum

285 4496 365 4561 δὲ,
402 4497 531 4566 φησί
564 4514 664 4560 τις,
687 4498 780 4550 καὶ
806 4498 903 4569 τὴν
932 4499 1108 4554 αἰτίαν
1134 4502 1412 4573 ἐπυθόμην
1445 4504 1540 4575 τὴν
1560 4505 1649 4559 τὸν
1674 4508 1850 4578 μακά-

1962 4510 2113 4566 libris
2137 4509 2408 4566 feruntur.
2463 4506 2578 4578 Ego
2608 4522 2755 4570 vere,
2786 4506 2965 4577 inquit
3002 4508 3245 4576 quidam,
3292 4522 3513 4564 causam

288 4604 405 4659 ριον
437 4590 647 4641 Λουκᾶν
681 4589 965 4642 ἀποκλίναι
995 4592 1092 4661 τῆς
1123 4591 1386 4662 βασιλείου
1417 4598 1681 4667 φρατρίας
1714 4600 1853 4655 ὑπα-

1962 4617 2173 4674 quoque
2210 4600 2379 4657 didici
2425 4614 2543 4668 qua:
2577 4596 2777 4653 Lucam
2833 4613 2865 4652 a
2917 4598 3064 4670 regia
3090 4600 3232 4655 linea
3282 4603 3512 4665 avertit;

283 4679 581 4749 γαγοῦσαν,
606 4679 682 4751 τῷ
705 4682 779 4753 μὴ
804 4684 928 4747 τοὺς
956 4682 1191 4753 βασιλεῖς
1211 4686 1303 4739 ἀπ’
1327 4687 1491 4740 αὑτοῦ
1511 4689 1859 4761 Σολομῶντοσ

1962 4695 2083 4763 quia
2116 4696 2323 4750 scilicet
2352 4705 2529 4763 reges,
2553 4690 2720 4745 ducto
2759 4705 2789 4743 a
2835 4687 3129 4746 Salomone
3152 4690 3331 4755 initio,
3353 4706 3509 4747 exce-

278 4771 725 4845 εἰδωλολατρείας
766 4774 1109 4846 καθαρεύειν,
1155 4777 1291 4848 πλὴν
1329 4779 1643 4850 ἐλαχίστων,
1685 4783 1846 4853 ταύτγ

1962 4783 2064 4852 ptis
2088 4784 2455 4852 paucissimis,
2489 4780 2810 4838 idololatria
2841 4779 3070 4835 crimine
3098 4781 3362 4852 inquinati
3390 4780 3504 4836 fuc-

278 4865 723 4934 παραιτήσασθαι
752 4866 848 4937 τὴν
879 4866 944 4920 δι’
978 4867 1156 4922 αὐτῶν
1178 4870 1541 4939 γενεαλογίαν.

1962 4880 2104 4927 runt.
2138 4871 2343 4927 Idcirco
2363 4871 2540 4929 Lucas
2570 4888 2601 4926 a
2631 4868 2942 4944 genealogia
2971 4884 3065 4939 per
3092 4869 3191 4925 hos
3221 4867 3511 4925 derivanda

1957 4963 2240 5019 abstinuit.

1295 5070 1379 5125 Ea:
1402 5071 1615 5128 Possini
1644 5082 1828 5127 catena
1857 5075 1911 5128 in
1943 5073 2163 5141 Matth"
2199 5085 2239 5131 ε.
2268 5076 2311 5139 l,
2335 5092 2389 5145 ρ.
2422 5079 2454 5132 8

361 5184 446 5249 ιζ’.
484 5185 597 5258 (58)
629 5188 953 5244 Εὐσεσίου.
979 5188 1090 5259 Τὴν
1129 5188 1222 5243 τοῦ
1258 5190 1422 5246 Δαϐὶδ
1448 5193 1733 5264 μετάνοιαν
1762 5196 1857 5248 ἐπὶ

2034 5197 2120 5251 l7.
2155 5194 2389 5251 Eusebii.
2423 5194 2644 5250 Davidis
2688 5193 3064 5264 paenitentiam
3092 5193 3268 5264 palam
3296 5194 3517 5251 edicens

358 5342 403 5375 ’ί
440 5340 600 5400 Rom.
643 5361 731 5411 rx,
770 5346 858 5402 13.

378 5458 467 5527 53)
506 5459 710 5526 Quaest.
742 5478 781 5524 ι,
811 5461 866 5518 8.

371 5529 465 5600 ξ54)
508 5529 705 5654 ευριπ,
737 5532 841 5587 col.
865 5529 990 5588 968.

371 5600 463 5673 βξ)
506 5600 582 5673 fle
611 5608 726 5656 utat
755 5603 869 5657 hae:
895 5601 1185 5659 Africanus
1211 5615 1397 5673 supra.

376 5670 463 5741 56)
504 5671 708 5739 Quaest.
739 5687 799 5729 ιι.

2013 5447 2376 5537 ἴβῚζΟυφει.
2412 5478 2491 5517 ιιι.
2538 5495 2607 5505 --
2649 5463 2711 5520 in
2757 5465 2989 5523 diversis
3022 5465 3290 5537 goperibus
3324 5465 3510 5522 eadem

1953 5533 2090 5588 dixit
2120 5530 2409 5587 Eusebius.

2027 5602 2139 5673 ’58)
2178 5601 2383 5668 Quaest.
2418 5618 2531 5658 rm.
