3936 6206
559 247 667 304 983
1240 239 1507 301 EUSEBll
1544 243 2019 302 CESARIENSIS
2050 244 2197 302 OPP.
2228 245 2406 302 PARS
2445 244 2534 302 lll.
2568 275 2640 288 -—
2675 244 3082 306 EXEGETICA.
3575 260 3652 318 θα

573 399 3600 432 mm

3605 423 3638 438 ε,

627 541 780 610 Quod
812 541 1051 611 superius
1098 544 1455 613 promisimus,
1485 561 1622 600 nunc
1654 561 1712 600 re
1755 546 1872 615 ipsa
1900 555 2236 616 prastamus,
2293 545 2518 617 grandia
2546 563 2726 618 nempe
2763 548 3107 619 quastionum
3154 547 3355 606 Eusebii
3378 553 3439 607 ad
3459 554 3662 615 Marinus

554 635 912 708 supplementa
946 653 1012 693 ea:
1040 636 1244 695 Nicetis
1281 642 1404 712 (qui
1427 642 1736 697 nominatim
1766 640 2049 698 Eusebium
2071 644 2290 716 recitat)
2314 653 2500 699 catena
2520 661 2621 700 ms.
2645 646 2700 699 in
2725 644 2958 710 Lucam;
2983 661 3097 716 quc
3123 655 3290 715 partes
3309 665 3405 706 non
3423 667 3480 704 es
3497 655 3664 720 epitom

553 726 645 781 sed
672 726 882 798 etr'ipso
908 729 1108 802 integro
1139 747 1289 801 opere
1319 732 1570 787 detractw
1598 732 1829 802 fuerunt.
1863 731 1993 786 Μοςτ
2021 733 2158 788 alias
2183 750 2385 806 quoque
2407 732 2707 789 earumdem
2734 735 2804 788 ad
2830 734 3097 789 Marinum
3119 737 3438 805 quastionum
3459 741 3663 812 reliquias,

551 835 616 874 ea:
638 820 797 875 uariis
835 823 1134 878 auctoribus
1161 824 1504 890 eodieibusve,
1521 827 1611 894 qui
1639 824 1919 880 Eusebium
1936 827 2059 882 item
2081 829 2389 882 nominatim
2415 829 2604 895 citant,
2629 844 2877 885 corrasas
2901 828 3246 885 subtexemus.
3269 830 3421 902 Atque
3437 831 3662 890 itadassm

549 929 647 969 nos
673 922 836 970 totum
864 913 972 987 fere
1003 916 1073 972 ad
1104 913 1372 972 Marinum
1411 917 1624 974 Eusebii
1658 918 1848 974 librum
1878 920 2261 989 recuperavisse
2289 935 2582 988 speramus.

1480 1165 1956 1261 EUSEBII
2031 1171 2823 1264 CIESARIENSIS

976 1361 1096 1425 EX
1132 1361 1506 1427 INI'EGRO
1545 1361 1802 1425 LIBRO
1829 1362 2400 1438 ρωΕεΤιοΝΠΜ
2429 1364 2542 1425 AD
2580 1364 2989 1430 MARINUM
3012 1365 3326 1430 PARTES

1570 1527 1646 1590 In
1673 1525 1906 1590 Niceta:
1940 1527 2172 1589 Catena
2210 1546 2324 1590 ms.
2363 1527 2444 1589 ad
2471 1527 2723 1594 Lucam.

2105 1709 2179 1726 -ιο

1305 1811 1348 1871 Ι.

2939 1817 2996 1868 Α,

609 1908 750 1963 Cum
770 1918 802 1958 a
835 1901 1037 1962 Judais
1067 1903 1372 1963 Servatoris
1399 1907 1650 1978 discipuli
1674 1908 1777 1965 sibi
1808 1910 2092 1977 timerent,

2271 1906 2383 1978 (60)
2424 1904 2532 1960 Τοῦ
2577 1903 2742 1976 φόϐου
2787 1903 2897 1959 τῶν
2948 1904 3217 1959 Ἰουδαίων
3261 1904 3547 1976 ἐπικειμένου
3582 1905 3671 1970 τοῖς

545 1996 622 2052 ait
652 1995 891 2053 Joannes
939 1996 1108 2054 fuisse
1149 2013 1243 2054 eos
1288 2008 1642 2070 congregatos
1678 2000 1734 2055 in
1779 2017 1885 2056 una
1915 2003 2098 2070 domo,

539 2085 739 2174 ianuis!
764 2085 966 2142 clausis
996 2095 1216 2158 propter
1251 2094 1450 2143 metum
1469 2086 1797 2146 Iudaeorum.
1820 2089 2100 2156 Quomodo

545 2192 674 2250 ergo
697 2177 890 2234 Petrus
931 2194 996 2234 ac
1019 2177 1257 2235 Joannes
1288 2178 1356 2234 ad
1393 2189 1802 2237 monumentum
1841 2197 2100 2254 perrexe-

544 2270 717 2325 runt?
753 2267 819 2324 Et
861 2270 1077 2340 quidem
1120 2280 1384 2342 praesente
1436 2273 1548 2329 illic
1595 2273 1814 2329 militari
1847 2275 2100 2346 prasidio

544 2359 690 2431 quod
719 2361 896 2418 locum
925 2361 1287 2427 custodiebat,
1319 2372 1380 2418 ut
1405 2363 1688 2420 Mattheus
1717 2372 1969 2421 testatur.
2002 2365 2100 2422 Est

544 2461 725 2518 amem
764 2453 1012 2510 custodia
1043 2444 1353 2528 manipulus
1381 2455 1652 2512 militaris.

612 2631 693 2687 Ad
730 2630 844 2687 hac
873 2631 1126 2696 dicimus,
1153 2632 1428 2702 apostolos
1461 2633 1528 2688 ad
1567 2640 1974 2690 monumentum
2002 2649 2099 2689 au-

543 2721 733 2778 dacter
762 2722 948 2788 ivisse,
973 2733 1132 2780 antea
1162 2725 1384 2781 edoctos
1426 2741 1455 2778 a
1503 2723 1848 2794 Magdalene,
1889 2727 2096 2782 nullum

537 2814 650 2883 jam
683 2813 787 2869 loci
815 2815 1095 2872 custodem
1127 2815 1200 2871 ibi
1229 2831 1536 2886 superesse,
1586 2816 1727 2887 quod
1761 2827 1878 2872 erat
1908 2818 2094 2890 explo-

543 2918 722 2964 ratum
749 2924 816 2965 ex
853 2924 962 2980 quo
1013 2910 1150 2981 lapis
1203 2909 1271 2966 de
1332 2911 1580 2980 sepulcro
1625 2909 1801 2968 fuerat
1845 2912 2094 2978 ablatus;

541 2997 700 3054 aliter
747 3004 927 3053 autem
961 2998 1100 3069 lapis
1148 2998 1274 3053 inde
1305 2999 1518 3056 ablatus
1557 3013 1670 3054 non
1719 2997 1934 3066 fuerat,
1989 2999 2096 3056 nisi

541 3106 666 3147 cum
694 3091 762 3147 de
793 3092 930 3150 caalo
959 3091 1184 3163 angelus
1209 3093 1385 3146 locum
1408 3090 1596 3162 grandi
1625 3091 1826 3148 lumine
1858 3093 2098 3149 illustra-

539 3184 638 3252 vit,
668 3185 952 3256 ipsumque
982 3185 1209 3240 revolvit
1249 3183 1502 3255 lapidem,
1548 3185 1789 3256 adeoque
1819 3185 2093 3242 terrel‘aeti

2205 1995 2464 2068 μαθηταῖς
2506 1993 2598 2047 τοῦ
2643 1994 2912 2066 Σωτῆρος,
2961 1994 3114 2064 λέγει
3156 1994 3283 2063 γοῦν
3323 1997 3349 2049 ὁ
3394 1994 3593 2066 Ἰωάννης
3617 1994 3673 2058 ὥς

2199 2084 2336 2160 ἦσαν
2371 2087 2505 2160 ὁμοῦ
2547 2087 2874 2158 συνηγμένοι
2921 2089 2968 2141 οί
3001 2087 3242 2159 μαθηταὶ
3286 2091 3339 2141 ὲν
3363 2087 3475 2159 οἴκῳ
3497 2087 3576 2149 ἑνὶ,
3595 2085 3674 2140 τῶν

2199 2181 2375 2255 θυρῶν
2419 2178 2815 2251 κεκλεισμένων
2864 2178 2952 2234 διὰ
2996 2179 3094 2234 τδν
3129 2181 3287 2248 φόϐον
3328 2180 3421 2233 τῶν
3454 2177 3674 2232 Ἰουδαίων.

2199 2272 2324 2336 Πῶς
2345 2275 2372 2326 ὁ
2391 2273 2592 2344 Πέτρος
2623 2269 2717 2326 καὶ
2739 2272 2768 2326 ὁ
2793 2269 3044 2342 Ἰωάννης
3081 2272 3332 2343 ἀπήντων
3355 2271 3437 2324 ἐπὶ
3454 2269 3505 2322 τὸ
3524 2269 3675 2340 μνῆμας

2200 2361 2307 2414 Καὶ
2333 2361 2502 2415 ταῦτα
2555 2361 2947 2432 στρατιωτικῆς
2985 2364 3230 2432 φρουρᾶς
3274 2361 3590 2431 φυλαττούσης
3613 2361 3677 2412 τὸν

2197 2453 2378 2517 τόπον,
2406 2451 2480 2517 ὡς
2507 2454 2534 2506 ὁ
2563 2451 2836 2516 Ματϐαϊος
2877 2453 3259 2526 ἐμαρτύρησεν
3280 2469 3294 2483 ο
3325 2434 3367 2524 η’
3383 2451 3477 2523 γὰρ
3501 2465 3678 2505 nouatu-

2196 2545 2282 2600 δία
2305 2545 2686 2618 στρατιωτικόν
2710 2548 2825 2599 ὲστι
2855 2545 3060 2616 τάγμα.

2280 2636 2538 2709 Ἐροῦμεν
2563 2637 2619 2690 δὲ
2643 2638 2778 2709 πρὸς
2807 2637 2996 2704 ταῦτα,
3026 2637 3341 2708 θαρσαλέως
3371 2636 3482 2699 τοὺς
3506 2630 3676 2716 ἀπυστόξ

2196 2728 2319 2794 λους
2364 2730 2734 2801 ἀπηντηκέναι
2772 2729 2863 2783 ἐπὶ
2905 2729 2967 2783 τὸ
3016 2731 3229 2802 μνῆμα,
3268 2725 3677 2800 προμεμαθηκότας

2199 2822 2350 2893 παρὰ
2377 2822 2478 2893 τῆς
2505 2823 2868 2894 Μαγδαληνῆς
2907 2823 3115 2895 μηδένα
3142 2822 3250 2875 τῶν
3278 2819 3600 2891 φυλαττόντων
3615 2812 3677 2867 τὸν

2196 2914 2360 2968 τόπον
2388 2913 2570 2969 αὐτόθι
2617 2917 2888 2987 παρεῖναι,
2940 2915 3092 2978 ὅπως
3121 2912 3277 2984 δῆλον
3312 2907 3376 2982 ἦν
3405 2909 3498 2964 ἀπὸ
3524 2905 3676 2960 τοῦτὸν

2197 3005 2341 3060 λίθον
2367 3001 2528 3081 ᾖρθαι
2565 3005 2657 3062 τοῦ
2685 3005 2944 3079 μνημείου
2963 3023 2977 3036 ·
3006 3003 3147 3079 ᾖρτο
3179 3006 3236 3059 δὲ
3260 3005 3356 3058 οὐκ
3381 3003 3548 3066 ἄλλως,
3574 2999 3598 3069 ἢ
3622 2995 3675 3065 τῷ

2197 3097 2286 3152 τὸν
2313 3096 2371 3162 ἐξ
2394 3095 2623 3168 οὐρανοῦ
2648 3097 2874 3166 ἄγγελον
2912 3095 3252 3167 ὲξαστράψαι
3279 3094 3366 3148 τὸν
3385 3092 3526 3146 τόπον

2198 3189 2354 3260 φωτὶ,
2400 3189 2492 3242 καὶ
2535 3187 2693 3240 αὐτὸν
2731 3185 3054 3240 ἀποκυλίσαι
3097 3186 3191 3240 τὸν
3231 3184 3399 3246 λίθον,
3423 3178 3674 3252 φοϐῆσαίτξ

541 3273 671 3330 sunt
687 3252 973 3340 custodes,
1006 3283 1066 3329 ut
1095 3252 1336 3346 lapideos
1367 3252 1754 3346 propemodum
1807 3276 1971 3332 timor
1998 3291 2092 3334 eos

2193 3252 2317 3344 τοὺς
2338 3278 2598 3347 φύλακας,
2637 3277 2712 3342 ὡς
2743 3277 2936 3349 μικροῦ
2969 3277 3083 3332 δεῖν
3125 3278 3218 3332 καὶ
3240 3268 3674 3342 ἀπολιθωθῆναιαύ-

538 3365 778 3424 ell'ecerit
807 3385 820 3421 :
853 3382 962 3438 quo
997 3365 1199 3424 factum
1223 3376 1326 3431 est,
1363 3376 1424 3423 ut
1461 3367 1498 3422 ii
1523 3367 1578 3422 in
1617 3367 1781 3438 pedes
1823 3383 1882 3425 se
1909 3369 2095 3439 conje-

539 3458 737 3522 cerint,
769 3457 904 3514 adeo
928 3467 986 3514 ut
1016 3475 1173 3516 nemo
1215 3459 1290 3516 ibi
1314 3459 1662 3530 superfuerit,
1690 3459 1948 3530 locusque
1986 3459 2092 3515 illis

539 3550 793 3623 patuerit,
815 3551 910 3623 qui
953 3550 1019 3605 ad
1051 3551 1325 3606 visendam
1382 3549 1690 3607 Servatoris
1736 3551 2094 3606 resurrectio-

537 3657 661 3698 nem
685 3649 970 3698 venerunt.
1003 3641 1180 3712 Atque
1216 3641 1330 3697 haec
1362 3642 1629 3712 praecipua
1663 3656 1830 3697 causa
1859 3641 1961 3696 fuit
1993 3657 2094 3696 cur

535 3733 761 3806 angelus
790 3733 864 3790 ibi
887 3735 1216 3804 apparuerit.
1241 3731 1438 3804 'Neque
1461 3733 1604 3789 enim
1635 3732 1706 3789 ob
1734 3732 2094 3803 adjuvandam

537 3822 993 3879 resurrectionem
1048 3823 1278 3879 removit
1335 3824 1559 3894 angelus
1615 3821 1867 3893 lapidem,
1919 3837 2095 3894 neque

537 3913 735 3986 lapidis
785 3929 950 3972 causa
985 3915 1243 3986 praedicto
1293 3916 1456 3971 modo
1521 3915 1838 3980 intervenit,
1893 3915 1989 3971 sed
2033 3926 2094 3971 ut

536 4007 794 4064 custodes
823 4008 972 4063 illinc
999 4007 1236 4080 abigeret
1257 4045 1274 4072 ,
1328 4007 1556 4063 feminas
1603 4015 1780 4062 autem
1819 4006 1888 4061 ad
1913 4008 2094 4063 visen~

535 4098 664 4154 dum
682 4101 960 4156 venientes
989 4100 1287 4171 excipiens,
1320 4100 1770 4156 resurrectionem
1825 4099 1906 4156 eis
1950 4115 2091 4156 nun-

536 4189 716 4246 tiaret.
753 4189 955 4246 Harum
988 4191 1145 4247 testis
1169 4207 1349 4268 rerum
1375 4190 1657 4248 Matthaeus
1681 4191 1890 4258 dicens,
1916 4191 2091 4264 angeli

537 4279 731 4334 timore
787 4288 1090 4336 commotos
1140 4281 1415 4345 custodes,
1446 4283 1590 4339 velut
1626 4292 1870 4339 mortuos
1923 4284 2094 4340 exsti-

534 4367 689 4424 tisse.
721 4367 922 4440 Utique
952 4379 1284 4441 praevenerat
1307 4372 1554 4442 angelum
1583 4389 1873 4445 resurgens
1897 4373 2092 4430 Serva-

533 4464 662 4522 tor,
719 4473 896 4529 neque
961 4457 1156 4529 lapidis
1205 4459 1592 4516 revolutionem
1647 4469 2086 4532 exspectaverat;

2192 3368 2316 3432 τοὺς
2336 3366 2413 3438 τῷ
2436 3367 2585 3438 φόϐῳ
2602 3384 2616 3398 ·
2661 3367 2753 3422 καὶ⁹
2779 3365 2918 3438 μετὰ
2940 3365 3117 3420 ταῦτα
3151 3365 3227 3431 ὡς
3267 3364 3406 3428 είκδς
3431 3363 3551 3432 φυγῇ
3580 3356 3674 3429 m-

2196 3459 2410 3525 σασθαι,
2460 3460 2538 3522 ὼς
2579 3459 2780 3530 μηδένα
2815 3459 2913 3530 μὲν
2953 3459 3364 3532 περιλειφθῆναι
3394 3455 3563 3516 αὐτῶν,
3591 3466 3676 3520 σχαε

2193 3552 2374 3618 λάζειν
2395 3552 2452 3606 δὲ
2492 3552 2582 3604 τὸν
2621 3551 2782 3606 τόπον
2814 3553 2926 3615 τοῖς
2953 3552 3046 3604 ἐπὶ
3067 3554 3172 3624 τὴν
3205 3551 3328 3605 θέαν
3345 3544 3676 3619 ἀφικνουμένοις

2191 3644 2291 3713 τῆς
2322 3643 2584 3715 σωτηρίου
2627 3642 3004 3704 ἀναστάσεως·
3051 3642 3193 3714 αὕτη
3226 3643 3332 3714 γὰρ
3357 3637 3419 3712 ἦν
3450 3631 3675 3711 μάλισταὴ

2193 3735 2339 3790 αίτία
2365 3735 2466 3805 τῆς
2505 3734 2822 3804 ἐπιφανείας
2866 3733 2960 3788 τοῦ
3006 3734 3261 3803 ἀγγέλου.
3313 3733 3384 3788 Οὐ
3415 3731 3508 3802 γὰρ
3534 3727 3584 3798 δὴ
3606 3722 3676 3791 τῆς

2192 3826 2532 3890 ἀναστάσεως
2549 3827 2706 3898 χάριν
2736 3826 2980 3880 ἀπεκίνει
3005 3827 3101 3880 τὸν
3129 3825 3294 3892 λίθον,
3318 3825 3418 3879 οὐδ’
3439 3821 3590 3875 ἕνεκεν
3611 3811 3676 3868 τοῖν

2190 3916 2337 3970 λίθου
2387 3916 2582 3980 τοιόςδε
2621 3915 2794 3988 ὤφθη,
2840 3916 2953 3970 ἀλλ’
2979 3916 3067 3970 ἵνα
3096 3917 3225 3981 τοὺς
3256 3915 3350 3989 μὲν
3377 3904 3676 3979 ἀπελάσῃβάς

2191 4007 2248 4061 δὲ
2267 4009 2290 4061 ὲ
2297 4007 2562 4079 ρχομένας
2589 4007 2678 4060 ἐπὶ
2699 4007 2796 4079 τὴν
2813 4006 2940 4064 θέαν
2957 4007 3370 4078 δεξιωσάμενος,
3399 4006 3486 4080 τὴν
3507 4002 3679 4059 ἀνάστα·

2194 4117 2276 4153 σιν
2309 4100 2498 4163 αὑταῖς
2526 4098 2920 4167 καταγγείλειε.
2951 4098 3170 4152 Τούτων
3189 4095 3282 4153 οὖν
3315 4099 3504 4171 μάρτυς
3528 4097 3550 4146 b
3570 4091 3679 4145 Ματ-

2193 4190 2340 4254 θαῖος
2385 4189 2578 4258 λέγων,
2607 4190 2740 4243 Ἀπὸ
2787 4189 2882 4244 τοῦ
2932 4189 3098 4259 φόὸου
3137 4190 3305 4245 αὑτοῦ
3343 4187 3613 4255 ἐσείσθησαν
3641 4173 3676 4228 οἱ

2190 4281 2500 4353 τηροῦντες,
2525 4281 2617 4336 καὶ
2645 4281 2888 4350 ἐγένοντο
2919 4281 3050 4335 ὼσεὶ
3078 4282 3282 4355 νεκροί.
3308 4281 3482 4335 Φθάνει
3501 4275 3577 4344 μὲν
3598 4267 3678 4338 γάρ

2192 4374 2286 4427 καὶ
2309 4373 2398 4426 τὸν
2429 4373 2656 4442 ἄγγελον
2685 4372 2920 4438 ἀναστὰς
2949 4375 2976 4427 ὁ
2995 4372 3209 4446 Σωτὴρ,
3230 4372 3347 4427 οὐδὲ
3375 4364 3592 4439 ἀναμένει
3607 4358 3678 4428 τὴν

2192 4463 2511 4532 ἁποκὶνησιν
2533 4461 2628 4516 τοῦ
2661 4461 2828 4527 λίθου,
2855 4461 2992 4518 ἀλλὰ
3024 4463 3118 4516 καὶ
3139 4463 3326 4516 τούτου
3346 4461 3442 4532 πρὸ
3457 4457 3539 4528 τὴν
3555 4450 3677 4522 θύραν

534 4565 724 4606 verum
747 4549 851 4606 hoc
877 4549 1055 4607 adhuc
1086 4550 1293 4607 foribus
1321 4551 1647 4616 adhasreute,
1673 4562 1726 4608 et
1770 4552 2086 4623 pontiﬁcum

2193 4556 2467 4626 κειμένου,
2518 4555 2609 4608 καὶ
2653 4556 2762 4618 τοῖς
2804 4552 2912 4608 τῶν
2933 4554 3236 4626 ἀρχιερέων
3268 4550 3570 4625 σημαντῆρσι
3596 4536 3674 4638 (δέ)

531 4643 727 4714 sigillis
760 4642 1068 4716 obsignato,
1099 4644 1526 4715 custodibusque
1555 4644 1732 4699 locum
1762 4645 2088 4700 circumam-

531 4735 830 4800 bientibus,
861 4733 1152 4791 invisibilis
1184 4733 1250 4790 de
1281 4743 1628 4790 monumento
1649 4735 1905 4805 prodiens
1929 4751 2084 4791 suam

528 4845 598 4886 ex
619 4827 852 4886 mortuis
873 4826 1056 4883 divina
1079 4826 1280 4882 virtute
1306 4835 1584 4898 peregerat
1608 4827 2082 4894 resurrectionem;

527 4919 624 4976 sed
653 4934 886 4990 quanam
921 4918 974 4973 id
998 4919 1257 4990 temporis
1287 4918 1417 4974 hora
1439 4917 1718 4983 acciderit,
1736 4934 1896 4975 nemo
1917 4934 2083 4975 evan-

525 5010 840 5083 gelistarum
868 5008 1198 5082 signiﬁcavit
1223 5028 1236 5064 :
1271 5010 1341 5067 ita
1375 5019 1435 5065 ut
1461 5010 1680 5081 quidam
1708 5010 1837 5066 huic
1868 5025 2085 5080 quoque

524 5104 605 5161 rei
632 5103 948 5174 tempestive
987 5104 1075 5161 illa
1105 5103 1270 5160 verba
1310 5103 1818 5168 accommodaverit,
1849 5119 1970 5175 quae
2015 5103 2085 5159 de

525 5195 768 5254 universi
817 5196 1288 5252 consummatione
1334 5210 1364 5248 a
1411 5195 1631 5250 Christo
1657 5197 1800 5251 dicta
1833 5195 2085 5262 fuerunt,

525 5304 759 5359 nempe:
793 5305 814 5342 ι
851 5285 928 5342 De
947 5287 1034 5343 die
1063 5303 1223 5343 nemo
1256 5288 1551 5362 quidquam
1586 5289 1690 5344 scit
1721 5329 1737 5354 ,
1786 5305 1858 5345 ne
1905 5289 2083 5362 angeli

525 5380 742 5452 quidem
771 5379 870 5437 Dei
890 5381 957 5440 “.
993 5401 1012 5434 ι
1044 5379 1136 5436 Sic
1167 5395 1297 5453 ergo
1320 5382 1528 5455 primus
1560 5381 1676 5457 ipse
1700 5381 1875 5442 lactus
1902 5397 2087 5441 resur-

593 5534 638 5565 ⁸⁸
679 5531 865 5589 Matth.
905 5551 1054 5603 χειν,
1089 5535 1181 5600 56,

597 5669 707 5742 (60)
748 5669 880 5728 Cod.
911 5673 979 5741 Δ,
1012 5674 1050 5730 f.
1083 5675 1206 5737 513.

2195 4645 2752 4718 κατεσφραγισμένον,
2785 4647 2894 4726 τῶν
2933 4663 2992 4699 τε
3025 4645 3279 4718 φρουρῶν
3297 4641 3592 4696 κυκλούντων
3613 4628 3674 4726 ἧι

2191 4740 2354 4792 τόπον
2375 4778 2390 4799 ,
2413 4717 2620 4810 ἀφανὴς
2650 4733 2717 4808 ἦν
2733 4717 2828 4790 τοῦ
2866 4737 2967 4807 μνή
2977 4717 3285 4808 patos-,an
3303 4737 3365 4789 ὲκ
3387 4727 3564 4801 νεκρῶν
3585 4717 3673 4777 ανά-

2195 4847 2376 4884 στασιν
2399 4829 2762 4900 πεποιημένος
2785 4827 2936 4899 θεῖκῇ
2969 4827 3218 4898 δυνάμει,
3252 4826 3367 4880 καθ’
3397 4826 3458 4894 ἦν
3478 4821 3595 4891 ὥραν
3612 4811 3671 4864 οὗ·

2188 4922 2298 4986 δεὶς
2325 4923 2484 4991 ἔγνω,
2505 4921 2599 4974 καὶ
2627 4919 2747 4974 καθ’
2763 4919 2821 4972 ὃν
2849 4919 3019 4982 οὐδεὶς
3049 4919 3426 4990 ἐπεσημήνατο
3451 4912 3542 4967 τῶν
3560 4906 3671 4991 ebur:

2187 5010 2446 5079 γελιστῶν
2476 5009 2662 5083 καιρόν
2681 5026 2696 5038 ·
2731 5007 2858 5060 ὥστ’
2887 5007 2952 5060 ἂν
2992 5007 3166 5060 εἰπεῖν
3194 5006 3450 5077 εὐκαίρως
3487 4997 3580 5052 τινὰ
3607 4980 3670 5083 διαὶ

2190 5103 2276 5157 ἐπ’
2304 5101 2468 5156 αὑτοῦ
2499 5081 2658 5154 τοῦτο
2695 5100 2760 5170 δὴ
2806 5101 2864 5152 τὸ
2889 5098 3136 5171 περὶτῆς
3179 5096 3400 5154 καθσλου
3440 5081 3669 5146 συντελείας

2193 5195 2331 5267 πρὸς
2360 5192 2524 5248 αὐτοῦ
2553 5191 2872 5260 λελεγμένον
2901 5191 2958 5243 ἐν
2989 5189 3084 5260 τῷ,
3127 5209 3145 5240 ι
3178 5189 3311 5258 Περὶ
3334 5188 3387 5240 δὲ
3411 5187 3494 5253 τῆς
3519 5177 3669 5270 byW-4

2191 5287 2366 5350 οὐδεὶς
2390 5283 2548 5347 οἶδεν,
2571 5285 2692 5340 οὐδὲ
2722 5286 2774 5339 oi.
2820 5283 3038 5355 ἄγγελοι
3061 5280 3158 5334 τοῦ
3199 5278 3350 5334 Θεοῦ.
3381 5296 3398 5328 ι
3430 5273 3559 5328 Οὕτω
3582 5274 3672 5355 τονξ

2193 5379 2406 5454 πρῶτος
2445 5379 2606 5445 αὐτὸς
2649 5349 3024 5450 ἀπαρχὴωτῆς
3065 5372 3403 5433 ἀναστάσεως
3436 5349 3672 5435 γεγονὼςό

2264 5669 2376 5742 (6!)
2417 5669 2501 5727 Al.
2531 5669 2679 5739 cod.,
2714 5669 3073 5745 enumerem,
