3952 6198
260 257 362 315 985

1114 245 1620 305 SUPPLEMENTA
1660 241 2142 314 QUESTIONUM
2182 240 2273 295 AD
2310 236 2657 294 MARINUM.

3390 238 3496 298 986

262 371 471 442 Σωτὴρ,
512 368 633 424 καθ’
658 369 725 440 ἣν
755 369 904 441 ὤραν
937 368 1109 432 οὐδεὶς
1142 367 1303 432 έγνω,
1331 368 1617 439 ἐγήγερτο,
1646 364 1823 420 λαθὼν
1854 418 1856 425 Α

1943 364 2187 420 'ectionis
2213 359 2487 417 inchoatio
2514 356 2793 422 Servator,
2816 357 2952 413 hora
2974 371 3137 428 quam
3151 371 3312 413 nemo
3334 359 3501 417 scivit

260 465 384 526 τοὺς
417 462 685 527 ἅπαντας,
717 461 812 514 καὶ⁸
849 460 1114 531 ἐγήγερτο
1151 457 1245 512 τοῦ
1273 456 1421 510 λίθου
1461 455 1828 527 μεμενηκότος

261 555 353 607 ἐπὶ
374 555 475 625 σχή
484 571 673 624 ματος.
706 550 949 621 Ἀγαθῶν
969 550 1026 603 δὲ
1048 549 1296 619 ἄγγελος,
1314 547 1621 620 ἀνθρώποις
1646 548 1830 620 παρῆν

260 645 289 696 ὀ
320 644 570 711 ἄγγελος,
624 642 777 697 οὐδὲν
825 640 922 712 μὲν
960 643 1028 713 τῇ
1081 640 1373 695 ἀναστάσει
1416 638 1502 693 διά
1538 638 1639 710 τῆς
1664 636 1829 692 αὑτοῦ

264 736 567 806 παρουσίας
606 734 1060 807 συμϐαλλόμενος,
1086 732 1156 785 τὰ
1200 730 1409 803 μεγάλα
1434 730 1492 784 δὲ
1517 733 1582 800 τῇ
1612 729 1720 783 τῶν
1740 730 1833 782 ἀν-

265 823 496 896 θρώπων
525 824 935 896 διακονούμενος
965 822 1233 895 σωτηρίᾳ·
1260 822 1340 876 διὸ
1367 821 1460 876 καὶ
1493 820 1831 892 ὲξήστραπτε

263 914 363 987 τὴν
415 915 647 987 μορφὴν,
679 915 998 987 λευχείμονα
1019 914 1231 978 δεικνὺς
1255 913 1465 977 ἑαυτὸν,
1494 912 1586 966 καὶ
1618 912 1831 982 πρῶτος

264 1008 364 1079 τῆς
390 1007 660 1076 σωτηρίου
701 1008 1048 1071 ἀναστάσεως
1090 1006 1488 1078 ἀπαρχόμενος.
1511 1005 1620 1058 Καὶ
1643 1006 1830 1077 ὥσπερ

264 1096 417 1167 ἡλίου
466 1096 728 1161 ἀνατολὰς
784 1097 988 1169 ἑρπετά
1033 1098 1131 1169 μὲν
1168 1098 1346 1151 ίοδόλα
1386 1097 1479 1150 καὶ
1508 1096 1709 1168 Θηρίων
1733 1098 1833 1150 ὅσα

265 1186 459 1251 νυκτὸς
484 1188 579 1241 καὶ
617 1188 841 1253 σκότους
864 1189 972 1244 είσὶ
1009 1189 1135 1258 φίλα
1178 1189 1387 1258 φεύγει,
1418 1189 1608 1261 ἄνδρες
1630 1189 1686 1242 δὲ
1709 1186 1834 1241 ταύ-

264 1295 366 1342 τας
383 1274 472 1333 οἷα
497 1279 672 1348 φωτὸς
713 1283 989 1349 συγγενεῖς
1020 1280 1428 1351 μεταδιώκουσι,
1459 1280 1597 1334 κατᾶ
1623 1281 1713 1333 τὸν
1737 1280 1835 1334 azi-

263 1366 360 1418 τὸν
411 1365 475 1438 δὴ
518 1367 720 1440 τρόπον
779 1370 907 1431 τοὺς
956 1369 1054 1439 μὲν
1099 1370 1198 1441 τῆς
1249 1370 1505 1440 ἀληθείας
1547 1373 1640 1424 καὶ
1689 1371 1835 1443 ζωῆς

265 1455 515 1529 ἐχθροὺς,
576 1459 805 1514 θανάτου
858 1460 916 1515 δὲ
946 1462 1181 1525 οἰκείους
1209 1462 1303 1515 καὶ
1346 1461 1549 1531 φίλους,
1588 1465 1705 1526 ταῖς
1740 1462 1833 1516 τοῦ

266 1550 444 1619 φωτὸς
474 1550 638 1604 αύτοῦ
679 1556 1065 1623 μαρμαρυγαῖς
1114 1554 1573 1624 καταπράπτων,
1609 1555 1835 1626 ἤλαυνεν

263 1642 297 1694 ὀ
329 1641 582 1710 ἄγγελος·
612 1647 725 1707 τοῖς
750 1644 807 1698 δὲ
838 1644 1060 1699 ποθοῦσι
1094 1646 1192 1717 τὴν
1230 1648 1492 1719 σωτήριον
1522 1647 1832 1710 ἀνάστασιν,

264 1733 472 1805 ταύτην
501 1735 896 1806 εὐηγγελίζετο,
927 1738 1118 1809 σχολὴν
1150 1713 1332 1802 αὐτοῖς
1361 1713 1594 1810 εὑτρεπῆ
1623 1738 1709 1793 διά
1736 1738 1837 1808 τῆς
1868 1713 1908 1767 Β

263 1825 375 1879 τῶν
406 1827 654 1899 φρουρῶν
706 1829 1021 1893 ἀπελάσεως
1063 1830 1348 1903 παρέχων·
1396 1830 1486 1885 δύο
1526 1831 1656 1901 γοῦν
1692 1849 1833 1901 γνω-

267 1919 511 1990 ρίσματα
537 1923 648 1986 τοῖς
675 1922 893 1986 οἰκείοις
924 1927 1183 1995 παρεῖχεν
1209 1925 1361 1996 όρᾷν,
1392 1925 1490 1996 τὴν
1516 1926 1836 1997 ἀποκίνησιν

261 2011 362 2065 τοῦ
390 2012 559 2078 λίθου,
597 2016 691 2068 καὶ
722 2015 822 2086 τῆς
861 2015 1028 2087 θύρας
1070 2016 1163 2069 τοῦ
1196 2018 1473 2089 μνήματος
1502 2018 1601 2089 τὴν
1630 2019 1833 2083 ἄνεσιν,

261 2104 378 2159 τῶν
390 2123 450 2159 τε
475 2105 727 2175 φυλάκων
742 2107 837 2178 τὴν
860 2108 1038 2173 δίωξιν
1054 2125 1068 2140 ’
1093 2109 1129 2163 ἀ
1151 2110 1213 2181 δὴ
1241 2109 1541 2180 τεθεαμένη
1564 2111 1596 2181 ή
1617 2110 1839 2179 Μαγδα-

259 2196 547 2268 ληνηντοῖς
592 2197 858 2268 μαθηταῖς
904 2199 1258 2270 ὲπήγγειλενσ
1306 2200 1356 2252 οἱ
1393 2199 1450 2252 δὲ
1485 2200 1657 2253 ταῦτα
1709 2202 1837 2271 παρ’

263 2289 442 2360 αὐτῆς
484 2290 877 2362 μεμαθηκότες,
915 2291 1227 2364 θαρσαλέως
1265 2293 1519 2364 ἀπήντων
1556 2292 1835 2364 δρομαῖοι,

270 2379 496 2454 μηδενὸς
518 2382 701 2445 αὐτοῖς
733 2382 981 2453 ἐμποδὼν
1004 2383 1364 2447 καθεστῶτος.

1019 2492 1095 2547 B’.

345 2579 452 2651 (62)
485 2582 594 2635 Καὶ
622 2581 738 2644 πῶς
771 2582 989 2646 σκοτίας
1035 2582 1221 2655 οὔσης,
1258 2582 1399 2637 κατά
1445 2583 1534 2636 τὸν
1560 2584 1841 2654 εὐαγγελι-

1931 456 2268 517 resurrexit,
2327 459 2554 508 cunctos
2602 451 2818 514 latens,
2878 450 3284 520 resurrexitque
3322 452 3501 523 lapide

1932 555 2135 603 statum
2191 559 2351 602 suum
2402 543 2687 599 retinente.
2745 542 2907 597 Bona:
2955 557 3085 597 vero
3146 542 3224 599 rei
3275 546 3499 601 nuntius

1932 638 2104 695 astitit
2141 636 2454 693 horninibus
2487 635 2733 707 angelus,
2762 634 2899 688 nihil
2944 632 3193 703 equidem
3244 651 3498 691 resurre-

1931 727 2099 782 (τιίοηί
2131 724 2423 798 praesentia
2458 739 2558 781 sua
2608 723 2900 779 conferens
2925 762 2939 787 ,
2986 722 3267 778 hominum
3319 731 3500 780 tamen

1932 820 2094 876 saluti
2127 818 2419 890 plurimum
2467 818 2731 874 serviens.
2790 814 3083 886 Propterea
3124 815 3399 872 relucente
3434 816 3500 872 θα

1932 927 2067 984 gura
2101 927 2234 967 usus
2261 917 2367 977 est,
2398 916 2454 964 et
2483 908 2721 963 albatum
2755 914 2929 962 semet
2969 906 3230 971 ostendit,
3260 907 3502 975 primus-

1931 1021 2038 1076 que
2060 1003 2479 1076 resurrectionis
2500 999 2811 1057 Servatoris
2842 998 2968 1053 fecit
2993 1000 3232 1054 initium.
3258 999 3323 1054 Et
3341 1002 3502 1056 sicuti

1932 1097 2182 1152 venenati
2234 1103 2516 1165 serpentes
2552 1108 2617 1147 ac
2670 1091 2818 1155 ferre,
2855 1093 3032 1148 noctis
3065 1102 3119 1148 et
3153 1094 3501 1149 tenebrarum

1934 1194 2199 1250 amantes,
2229 1185 2363 1241 solis
2399 1191 2580 1240 ortum
2633 1182 2869 1253 fugiunt,
2906 1184 3155 1239 homines
3185 1194 3375 1239 contra
3404 1201 3504 1240 ceu

1934 1279 2073 1335 lucis
2101 1278 2332 1335 studiosi
2366 1278 2598 1333 libenter
2630 1277 2949 1348 excipiunt;
2995 1276 3185 1333 eodem
3216 1277 3377 1331 modo
3413 1292 3506 1332 ve-

1933 1371 2115 1426 ritatis
2155 1370 2389 1440 vitaque
2444 1368 2651 1432 hostes.
2687 1370 2882 1424 mortis
2911 1377 3091 1423 autem
3121 1367 3422 1422 familiares
3452 1378 3507 1423 et

1935 1466 2160 1530 amicos,
2193 1464 2334 1518 lucis
2356 1462 2738 1533 splendoribus
2777 1451 3048 1516 irradians
3070 1460 3296 1531 angelus
3318 1459 3507 1529 dispu-

1936 1557 1994 1612 lit
2020 1572 2034 1608 :
2073 1555 2534 1612 resurrectionem
2566 1569 2699 1609 vero
2727 1552 3032 1609 Salvatoris
3057 1550 3504 1622 exspectantibus

1936 1650 2225 1713 nuntiavit,
2265 1650 2495 1705 liberum
2533 1648 2639 1703 illis
2676 1648 2881 1702 aditum
2912 1656 3037 1716 post
3084 1643 3373 1700 custodum
3406 1644 3502 1699 ἀει

1937 1742 2241 1813 pulsionem
2276 1741 2547 1811 praebens.
2598 1738 2826 1794 Gemina
2862 1738 3026 1808 igitur
3060 1736 3253 1791 amicis
3307 1735 3507 1792 indicia

1936 1832 2231 1905 spectanda
2272 1832 2505 1893 obtulit,
2570 1831 2765 1901 lapidis
2820 1844 3013 1899 nempe
3071 1829 3505 1894 revolutionem,

1935 1924 2275 1980 monumenti
2311 1931 2466 1994 porta
2491 1922 2602 1992 jam
2624 1927 2861 1992 patente,
2892 1928 2945 1973 et
2977 1919 3269 1974 custodum
3300 1918 3507 1989 fugam.

1936 2018 2067 2083 Qua:
2114 2016 2308 2072 videns
2359 2014 2676 2086 Magdalene
2727 2012 3016 2084 discipulis
3060 2012 3378 2069 nuntiavit:
3413 2010 3509 2081 qui

1938 2108 2024 2164 his
2056 2108 2312 2178 cognitis,
2338 2107 2597 2162 audacter
2626 2121 2902 2176 cursuque
2930 2108 3148 2161 concito
3179 2104 3307 2159 illuc
3330 2143 3343 2157 .
3416 2117 3511 2158 ue-

1937 2202 2084 2258 mine
2110 2201 2456 2272 impediente,
2490 2207 2875 2271 properarunt.

2694 2490 2761 2548 ll.

2011 2586 2329 2654 Quomodo,
2374 2584 2619 2642 tenebris
2652 2584 2832 2639 adhuc
2872 2598 2932 2640 se
2967 2583 3410 2648 intendentibus,
3451 2590 3514 2639 ut

272 2673 402 2743 στὴν
444 2674 714 2745 Ἰωάννην,
736 2674 805 2728 τά
830 2673 960 2728 εἴσω
991 2673 1084 2728 τοῦ
1136 2676 1411 2747 μνήματος
1440 2673 1625 2746 ἑώρων
1664 2679 1713 2729 οί
1748 2677 1840 2730 δύο

1943 2678 2017 2732 ait
2046 2678 2378 2749 evangelista
2398 2676 2658 2741 Joannes,
2689 2691 2752 2732 ea
2785 2692 2905 2746 qua:
2927 2674 3071 2729 intra
3099 2686 3512 2731 monumentum

276 2762 545 2836 μαθηταί;
580 2766 636 2817 ὐ
683 2766 790 2837 γάρ
825 2765 983 2829 αὐτὸς
1035 2766 1127 2818 καὶ
1151 2765 1249 2836 τὴν
1288 2764 1434 2838 ὥραν
1460 2767 1841 2840 ἐπεσημήνατο

1943 2779 2095 2826 erant
2124 2771 2378 2842 discipuli
2402 2771 2510 2825 duo
2542 2770 2832 2826 viderunt?
2855 2768 3099 2840 Namque
3146 2769 3287 2825 idem
3322 2769 3511 2823 horam

271 2856 462 2909 εἰπών’
508 2874 527 2908 ι
564 2856 716 2927 Πρωῒ
775 2856 854 2910 ἔτι
912 2855 1125 2920 σκοτίας
1162 2854 1347 2927 οὔσης,
1392 2876 1410 2910 ι
1442 2859 1535 2910 καὶ¹
1584 2858 1710 2922 τοὺς
1749 2857 1840 2911 δύο

1943 2879 2159 2935 quoque
2192 2863 2523 2935 signiﬁcavit
2565 2863 2753 2917 dicens
2779 2881 2791 2916 :
2821 2879 2839 2912 ι
2872 2860 3049 2926 Mane,
3070 2877 3193 2916 cum
3221 2860 3401 2916 adhuc
3427 2867 3512 2916 te-

275 2944 521 3017 μαθητάς
548 2946 616 3000 τὰ
643 2947 771 3000 εἴσω
792 2947 848 2999 ὲν
874 2946 952 3016 τῷ
975 2947 1214 3018 μνήματι
1250 2947 1639 3018 τεθεαμένους·
1668 2968 1685 3000 ι
1717 2948 1841 3001 Εἰσ-

271 3036 434 3109 ῆλθον
470 3037 598 3110 γὰρ,
632 3039 785 3110 φησὶ,
823 3038 915 3091 καὶ
942 3038 1283 3093 ἐπίστευσαν.
1314 3057 1332 3091 ι

357 3220 688 3292 Ἀρχομένης
734 3220 829 3290 μὲν
876 3221 996 3273 κατ’
1036 3218 1209 3291 ἀρχάς
1256 3219 1357 3290 τῆς
1385 3219 1615 3292 ἡμέρας,
1653 3221 1746 3273 ἐπὶ
1780 3221 1841 3274 τὸ

277 3314 467 3384 μνῆμα
496 3311 873 3384 ἐμαρτύρησεν
903 3313 936 3382 ἡ
965 3310 1153 3383 Γραφὴ
1188 3310 1265 3363 ἔτι
1298 3311 1417 3364 τότε
1443 3313 1656 3365 σκοτίαν
1681 3307 1837 3367 εἶναι·

273 3403 413 3476 πλὴν
433 3404 546 3458 ἀλλ’
581 3405 683 3477 ήδη
728 3406 907 3476 πρωῖα
946 3399 1012 3475 ἦν
1036 3420 1049 3433 ·
1079 3402 1235 3456 τοῦτο
1261 3403 1316 3456 δὲ
1352 3403 1412 3457 τὸ
1439 3404 1581 3476 πρωῒ
1609 3405 1687 3458 ἔτι
1719 3423 1843 3459 σκο-

270 3498 393 3562 τίας
414 3495 580 3570 οὔσης
612 3498 746 3569 αὐτὴ
781 3496 899 3551 καθ’
925 3497 1120 3569 ἑαυτὴν
1166 3496 1345 3551 ίδοῦσα
1380 3496 1566 3567 Μαρία
1597 3498 1841 3552 ἐπάνεισι

274 3588 410 3660 πρὸς
429 3590 554 3653 τοὺς
587 3589 831 3661 μαθητάς
852 3607 865 3620 ·
902 3585 997 3643 εἴτ’
1016 3590 1245 3660 ἄγγελος
1262 3591 1442 3655 αὐτοῖς
1464 3591 1838 3663 παραγίνεται.

286 3684 374 3736 Ἐν
408 3683 471 3755 δὴ
496 3678 587 3737 οὖν
616 3682 929 3754 τῴμεταξὺ
956 3684 1131 3754 χρόνῳ
1185 3684 1319 3755 μετά
1354 3684 1450 3756 τὴν
1476 3684 1697 3757 πρώτην
1716 3686 1843 3757 ἄφι-

276 3776 356 3843 ξιν
410 3776 675 3847 ἀπιούσης
708 3777 877 3845 αὐτῆς
929 3775 1066 3847 πρὸς
1097 3778 1223 3839 τοὺς
1256 3776 1586 3841 ἀποστόλους
1614 3779 1707 3832 καὶ
1743 3778 1842 3850 τὴν

273 3864 423 3936 ὤραν
481 3864 751 3937 προκόψαι
805 3864 949 3928 εἰκὸς
982 3859 1048 3937 ἦν
1072 3882 1086 3895 υ
1118 3866 1384 3919 κάκείνων
1417 3867 1574 3922 πάλιν
1616 3869 1708 3922 ἐπὶ
1755 3870 1844 3923 τὸν

272 3958 447 4026 τάφον
471 3955 898 4027 ἀφικνουμένων,
929 3956 1007 4010 ἔτι
1041 3958 1239 4028 μᾶλλον
1269 3958 1497 4030 αὐξῆσαι
1522 3961 1610 4013 τὸν
1634 3961 1842 4034 χρόνον,

276 4048 352 4111 ὼς
379 4049 570 4120 μηκέτι
599 4050 815 4102 σκοτίαν
846 4045 1002 4113 εἶναι,
1036 4051 1149 4103 ἀλλ’
1179 4052 1276 4123 ἤδη
1312 4052 1556 4125 καθαρά)
1602 4055 1841 4127 ἡμέραν,

276 4141 400 4195 καθ’
426 4142 493 4212 ἣν
514 4142 921 4214 ἀπαντήσαντες
942 4144 988 4196 οί
1012 4144 1306 4215 εἰρημένοι,
1341 4145 1433 4197 καὶ
1464 4145 1556 4198 τοῦ
1583 4149 1845 4219 μνημείου

277 4234 433 4298 ἐκτὸς
458 4234 705 4298 ἑστῶτες,
744 4234 928 4306 διορᾷν
955 4234 1022 4287 τὰ
1049 4235 1178 4288 εἴσω
1203 4236 1427 4307 κείμενα
1455 4237 1637 4291 ὀθόνια
1660 4232 1760 4291 οἷοί
1785 4256 1845 4294 τε

274 4321 444 4397 ἦσαν*
490 4324 584 4378 καὶ
616 4324 749 4378 πολὺ
783 4326 978 4397 μᾶλλον
1033 4326 1178 4380 ἔνδον
1223 4326 1523 4398 γενόμενοι,
1563 4327 1667 4381 ὑπὸ
1709 4328 1848 4400 λαμ-

1945 2957 2126 3012 nebra:
2148 2965 2350 3012 essent.
2392 2975 2411 3008 ι
2450 2954 2517 3009 Et
2546 2969 2691 3021 mox,
2716 2954 2854 3009 duos
2887 2952 3190 3023 discipulos
3218 2968 3339 3023 quae
3371 2954 3513 3008 intra

1866 3057 1909 3114 (ζ
1944 3056 2355 3105 monumentum
2391 3056 2547 3103 erant
2574 3046 2795 3102 vidisse.
2842 3063 2862 3097 ι
2907 3044 3278 3101 lntroivcrunt
3325 3044 3469 3101 enim
3497 3084 3512 3110 ,

1942 3142 2142 3211 inquit,
2166 3147 2222 3195 et
2251 3138 2618 3193 crediderunt.
2658 3157 2676 3189 ι

2009 3231 2195 3285 Primo
2238 3229 2346 3284 diei
2378 3228 2743 3299 crepusculo,
2797 3225 2939 3297 apud
2992 3226 3304 3297 sepulcrum
3364 3224 3514 3280 Scri-

1943 3329 2103 3392 ptura
2131 3319 2267 3374 dicit
2300 3317 2479 3372 adhuc
2500 3315 2755 3371 tenebras
2786 3316 2989 3383 fuisse;
3020 3316 3112 3371 sed
3139 3321 3318 3367 tamen
3351 3326 3512 3367 mane

1938 3415 2049 3485 jam
2078 3420 2226 3476 erat,
2276 3425 2388 3482 quo
2437 3408 2816 3475 subobscuro,
2868 3407 2984 3463 sola
3028 3406 3188 3462 rediit
3217 3404 3385 3459 Maria
3443 3404 3513 3459 ad

1942 3505 2262 3577 discipulos.
2321 3500 2523 3557 Deinde
2558 3500 2782 3570 angelus
2816 3497 2949 3568 ipsis
3006 3497 3340 3568 supervenit.
3395 3493 3517 3554 lam

1943 3601 2047 3655 hoc
2077 3594 2399 3652 intermedio
2428 3601 2693 3662 tempore,
2724 3601 2847 3662 post
2869 3590 3104 3661 primum
3147 3590 3268 3659 ejus
3290 3588 3357 3643 ad
3386 3602 3515 3658 apo~

1945 3692 2113 3748 stolos
2144 3688 2431 3742 adventum
2455 3725 2471 3749 ,
2513 3684 2703 3739 horam
2768 3682 2936 3738 ferme
2966 3680 3275 3745 transiisse,
3312 3678 3514 3736 verisi-

1944 3784 2075 3839 mile
2106 3790 2191 3839 est
2224 3802 2237 3838 :
2274 3790 2389 3837 tum
2413 3779 2522 3834 illis
2554 3777 2623 3832 ad
2666 3775 2977 3845 sepulcrum
3007 3771 3265 3827 euntibus
3288 3808 3303 3833 ,
3336 3769 3517 3840 majus

1944 3878 2123 3932 adhuc
2143 3877 2387 3945 elapsum
2417 3881 2653 3942 tempus,
2694 3870 2768 3924 ita
2792 3875 2851 3922 ut
2876 3867 2987 3937 jam
3018 3864 3256 3919 tenebrae
3294 3876 3403 3916 non
3428 3876 3516 3917 es‘

1945 3977 2086 4032 sent,
2116 3966 2210 4021 sed
2231 3980 2363 4035 pura
2386 3963 2534 4029 dies;
2559 3976 2667 4031 quo
2689 3969 2931 4031 tempore
2956 3956 3184 4030 profecti
3223 3954 3350 4008 illuc
3381 3966 3521 4023 prte-

1945 4058 2076 4115 dicti
2116 4057 2392 4129 discipuli,
2418 4062 2683 4125 extraque
2718 4059 3130 4107 monumentum
3187 4054 3471 4101 manentes
3498 4085 3514 4109 .

1946 4151 2123 4223 posita
2185 4147 2503 4204 linteamina
2560 4155 2805 4217 spectare
2870 4151 3195 4216 potuerunt;
3236 4140 3518 4209 multoque

1947 4241 2119 4306 magis
2160 4236 2287 4290 illuc
2329 4234 2581 4305 ingressi,
2611 4233 2895 4305 splendida
2920 4233 3034 4303 jam
3069 4231 3156 4286 die
3182 4230 3361 4285 locum
3386 4228 3511 4283 illu-

1946 4332 2212 4385 minante.
2242 4329 2370 4384 Mihi
2419 4345 2549 4385 vero
2596 4327 2850 4383 videntur
2895 4324 3212 4381 linteamina
3243 4323 3390 4378 intus
3420 4335 3517 4392 po-

278 4420 424 4492 πρᾶς
464 4418 675 4491 ἡμέρας
708 4418 807 4489 ήδη
849 4417 942 4471 τοῦ
986 4418 1150 4471 τόπου
1189 4419 1656 4490 κατηυγασμένου.
1693 4421 1848 4474 Δοκεῖ

1950 4422 2052 4479 sita
2106 4422 2623 4477 demonstrationem
2672 4417 2835 4475 simul
2881 4417 3151 4488 praebere,
3203 4428 3405 4484 corpus
3450 4413 3529 4472 ab

275 4510 335 4565 δέ
360 4529 447 4582 μοι
482 4511 549 4565 τὰ
581 4510 761 4565 ὀθόνια
796 4511 941 4565 ἔνδον
978 4510 1205 4581 κείμενα
1231 4513 1365 4583 ὁμοῦ
1395 4514 1490 4584 μὲν
1521 4515 1613 4568 καὶ
1648 4514 1846 4587 δεῖγμα

277 4601 537 4673 παρέχειν
564 4601 656 4654 τοῦ
683 4600 757 4671 μὴ
784 4600 887 4653 ύπὺ
914 4599 1212 4671 ἀνθρώπων
1237 4598 1399 4673 ᾗρθαι
1423 4601 1481 4655 τὸ
1512 4602 1689 4674 σῶμα,
1711 4605 1847 4676 ὅπερ

275 4695 465 4768 Μαρία
495 4695 759 4749 ὑπέλαϐεν
778 4711 790 4724 ⁸
817 4694 877 4747 ού
909 4693 1017 4765 γὰρ
1048 4692 1111 4748 ἄν
1140 4712 1281 4758 τινες
1302 4695 1362 4748 τὸ
1392 4695 1550 4767 σῶμα
1579 4698 1843 4769 ύφαιρυύ-

278 4804 433 4860 μενοι
458 4786 857 4858 κατελίμπανον
884 4786 953 4839 τά
988 4786 1193 4839 ὀθόνιαο
1220 4786 1338 4840 οὐδὲ
1370 4789 1398 4840 ὀ
1437 4787 1680 4842 κλέπτων
1717 4789 1845 4843 ποτὲ

277 4877 621 4950 περιέμεινεν
663 4877 767 4943 ἓως
791 4878 878 4931 ὅτε
908 4877 1145 4949 ἀναλύσῃ
1170 4878 1234 4931 τὰ
1257 4878 1438 4931 ὀθόνια
1476 4879 1568 4933 καὶ
1608 4881 1845 4935 καταλά-

278 4971 447 5040 6ηται
468 4987 481 4999 ·
519 4969 653 5040 ὀμοῦ
692 4969 748 5023 δὲ
783 4970 878 5023 καὶ
905 4973 1005 5041 τῆς
1033 4971 1097 5022 ὲκ
1134 4969 1343 5041 νεκρῶν
1381 4971 1729 5036 ἀναστάσεως
1750 4974 1843 5026 τοῦ

270 5061 532 5134 ’σώματος
563 5057 701 5114 εἶναι
719 5064 1121 5132 παραστατικά.
1151 5065 1207 5118 '0
1222 5064 1329 5136 γὰρ
1360 5066 1843 5137 μετασχηματίζων

273 5157 351 5210 τὰ
383 5154 607 5226 σώματα
638 5155 734 5225 τῆς
762 5154 1141 5221 ταπεινώσεως
1167 5158 1199 5229 ή
1210 5156 1324 5228 μῶν
1341 5156 1473 5222 Θεὸς
1493 5160 1570 5222 είς
1604 5158 1664 5212 τὸ
1704 5155 1842 5215 εἶναι

276 5246 580 5317 σύμμορφα
607 5243 685 5315 τῷ
705 5244 914 5316 σώματι
945 5246 1043 5317 τῆς
1062 5247 1217 5319 δόξης
1241 5248 1333 5303 τοῦ
1366 5250 1623 5321 Χριστοῦ,
1658 5251 1719 5305 τὸ
1746 5253 1843 5323 μὲν

277 5338 443 5407 σῶμα
487 5338 561 5400 ὠς
602 5339 828 5411 ὀργανον
864 5340 964 5410 τῆς
992 5340 1049 5394 ὲν
1074 5341 1222 5412 αύτῷ
1257 5344 1659 5415 κατοικησάσης
1687 5345 1844 5399 δυνά-

279 5445 430 5500 μεως
457 5428 689 5497 ἡλλοίου,
746 5430 1090 5501 μεταϐάλλων
1144 5434 1237 5487 ἐπὶ
1272 5433 1333 5489 τὸ
1369 5433 1663 5519 θειότερονὶ
1693 5437 1842 5495 τὰδὲ

354 5589 400 5620 ⁸⁸
438 5586 673 5660 Philipp.
712 5606 809 5655 ιιι,
846 5592 936 5647 21.

260 5698 265 5705 ’
362 5705 467 5778 (62)
506 5705 639 5766 Cod.
673 5706 739 5777 Α,
767 5707 805 5765 ι.
835 5708 958 5778 διε,
985 5670 1060 5768 ι›.’

1948 4514 2262 4570 hominibus
2296 4530 2405 4569 non
2441 4512 2608 4569 fuisse
2651 4512 2924 4569 sublatum
2953 4551 2969 4576 ,
3026 4524 3186 4566 secus
3242 4522 3307 4562 ac
3352 4504 3520 4563 Maria

1947 4607 2364 4678 suspicabatur:
2414 4621 2591 4676 neque
2638 4604 2784 4660 enim
2829 4604 2922 4675 qui
2970 4618 3173 4673 corpus
3232 4599 3522 4657 subtrahe-

1944 4711 2099 4766 runt,
2132 4700 2445 4755 linteamina
2478 4699 2885 4769 relinquerent;
2930 4712 3107 4766 neque
3129 4694 3215 4749 fur
3244 4688 3516 4763 quispiam

1944 4800 2307 4867 exspectaret,
2339 4793 2510 4847 donec
2540 4788 2756 4845 indusia
2788 4790 3120 4852 resolveret,
3160 4794 3323 4856 atque
3352 4783 3427 4838 ita
3457 4783 3513 4837 in

1944 4887 2195 4958 ﬂagranti
2248 4893 2409 4956 raptu
2464 4882 2981 4955 deprehenderetur.
3035 4879 3382 4949 Caeteroquin
3423 4876 3515 4931 illa

1946 4979 2196 5034 suscitati
2226 4994 2292 5033 ex
2321 4987 2492 5033 morte
2530 4978 2781 5048 corporis
2818 4974 3019 5031 indicia
3049 4981 3226 5028 erant.
3257 4969 3392 5024 Nam
3422 4969 3515 5040 qui

1947 5072 2265 5128 reformabit
2302 5086 2531 5142 corpora
2575 5069 2898 5125 humilitatis
2915 5074 3117 5123 nostra:
3136 5064 3302 5127 Deus,
3324 5071 3383 5117 ut
3406 5062 3516 5118 sint

1944 5166 2244 5221 conformia
2271 5165 2486 5236 corpori
2507 5165 2692 5236 gloriae
2712 5162 2937 5227 Christi,
2962 5168 3097 5215 tunc
3117 5158 3281 5215 etiam
3311 5170 3514 5227 corpus

1947 5258 2165 5329 quidem
2195 5272 2459 5329 organum
2488 5255 2844 5312 inhabitantis
2890 5254 2947 5309 in
2986 5253 3108 5323 ipso
3151 5248 3374 5306 virtutis
3422 5248 3520 5302 im—

1946 5349 2198 5415 mutavit,
2226 5348 2295 5403 ad
2347 5347 2671 5404 diviniorem
2703 5354 2903 5400 statum
2941 5342 3247 5400 reformans
3277 5341 3323 5372 ⁸⁸
3352 5358 3367 5406 ;
3414 5339 3518 5393 lin.

1946 5442 2184 5500 teamina
2212 5451 2417 5511 autem,
2442 5457 2540 5499 ceu
2586 5440 2801 5499 inutilia
2834 5447 2885 5494 et
2915 5436 3162 5512 corporis
3195 5434 3519 5494 substantia)
