3952 6198
637 270 741 329 987
1316 268 1584 326 EUSEBII
1621 269 2096 326 CESARIENSIS
2129 267 2198 328 Οῐ

2168 270 2279 329 rp.
2320 271 2502 326 PARS
2537 269 2627 326 ut.
2667 291 2737 312 ι-
2772 237 3178 329 exessum.
3654 286 3729 345 οδε

637 387 836 452 aliena,
863 387 1029 442 missa
1057 385 1542 461 fecit..0pportune
1568 387 1793 458 insuper
1825 387 2038 442 videtur
2066 387 2197 442 mihi

2166 389 2197 442 ti
2225 391 2274 448 Α
2301 388 2482 442 ὀθόνια
2509 387 2584 451 ὡς
2606 387 2836 458 περιττά
2859 387 2953 441 καὶ
2977 387 3226 458 ἀλλότρια
3253 387 3344 458 τῆς
3371 389 3451 442 τοῦ
3471 407 3649 462 σωματος
3662 400 3727 452 οὖ-

635 479 898 533 accidisse
935 485 992 531 ut
1029 475 1222 532 Petrus
1266 493 1330 532 ac
1380 477 1616 534 Joannes
1663 479 1728 534 ad
1785 487 2196 536 monumentum

2166 495 2196 533 n
2300 477 2420 541 σίας
2447 479 2615 548 ἠφίει.
2639 477 2862 532 Δοκοῦσι
2897 478 2954 531 δέ
2983 495 3068 550 μοι
3097 478 3235 532 κατὰ
3274 480 3442 549 καιρὸν
3459 484 3484 534 ὀ
3503 484 3648 556 Πέτρος
3664 492 3727 542 καὶ

631 570 879 625 venirent
919 567 1065 622 clara
1091 567 1204 637 jam
1246 568 1334 623 die
1379 569 1770 640 splendidaque
1819 571 1972 636 luce;
2030 587 2098 626 ne
2149 573 2192 626 si

2167 573 2197 626 εί
2294 570 2323 622 ὀ
2367 569 2614 640 Ἰωάννης
2646 569 2738 624 ἐπὶ
2767 570 2828 624 τὸ
2871 572 3124 640 μνημεῖον
3162 571 3394 641 ἀπαντᾷν
3415 573 3463 624 ἐν
3491 573 3568 645 ἤδη
3587 578 3728 651 καθαρᾷ

630 657 768 715 forte
803 658 858 712 in
884 667 1043 714 nocte
1066 674 1128 714 ac
1160 661 1398 716 tenebris
1429 661 1814 726 accessissent,
1843 663 1962 734 ejus
1994 665 2071 720 rei
2103 681 2191 720 su-

2171 697 2195 708 -
2293 659 2475 730 ἡμέρα
2502 659 2595 714 καὶ
2622 661 2760 729 φωτὶ
2796 660 3051 732 λαμπρῷ,
3073 660 3146 724 ὡς
3183 660 3246 714 ἀν
3270 660 3341 731 μὴ
3379 663 3541 725 νυκτὸς
3564 667 3632 718 καὶ
3657 685 3732 720 m-

625 750 926 821 spicionem
953 752 1274 822 praberent,
1304 768 1468 820 quam
1502 753 1614 822 jam
1652 753 1938 824 pontifices
1968 756 2186 812 mentie-

2172 787 2194 798 -
2291 751 2412 814 τίας
2446 751 2699 835 ,ἐλθόντες
2726 750 2883 805 τοῦτο
2928 751 3288 822 ὑπονοηθεῖεν,
3319 753 3346 804 ὃ
3371 751 3430 822 δὴ
3461 755 3733 826 καὶκατεψεύ-

627 842 862 907 bantur,
921 859 1115 914 nempe
1165 844 1311 914 quod
1363 852 1529 899 noctu
1579 846 1858 902 venientes
1906 846 2188 902 Dominum

2172 864 2191 901 ι
2294 858 2455 895 σαντο
2481 842 2657 895 αὐτῶν
2689 843 2738 896 οἰ
2779 843 3072 914 ἀρχιερεῖς,
3098 843 3181 896 ὅτι
3205 842 3390 906 νυκτὸς
3413 843 3608 909 ἐλθόντες
3629 848 3733 900 ἐκλε-

625 934 998 990 sustulissent.
1063 935 1249 1005 Itaque
1311 951 1488 1006 neque
1536 947 1699 992 noctu
1734 945 2088 994 accesserunt
2136 938 2186 994 hi

2177 940 2191 994 i
2290 933 2415 1003 ψαν.
2447 933 2642 1006 Διόπερ
2671 935 2730 986 οὐ
2759 934 2951 998 νυκτὸς
2977 935 3229 1004 ἀπήντων
3264 935 3310 986 οἰ
3349 935 3530 1005 ἄνδρες,
3549 937 3632 988 ἀλλ’
3651 939 3731 991 οῦδὲ

625 1023 751 1086 viri,
783 1024 866 1078 vel
887 1025 1127 1080 tenebris
1152 1025 1329 1080 adhuc
1361 1041 1418 1080 se
1445 1027 1848 1084 intendentibus
1868 1068 1882 1091 ,
1917 1029 2011 1084 sed
2044 1029 2186 1085 clara

2169 1045 2191 1084 ει
2292 1024 2508 1088 σκοτίας
2531 1024 2611 1078 ἔτι
2637 1024 2821 1095 οὔσης,
2850 1025 2962 1078 ἀλλ’
2988 1025 3087 1096 ήδη
3118 1026 3529 1097 καταυγαζούσης
3554 1027 3730 1100 λαμπρᾶς

620 1113 732 1182 jam
763 1115 1070 1170 lucescente
1103 1115 1210 1171 die.
1242 1114 1398 1184 Quod
1439 1118 1486 1172 si
1519 1117 1734 1175 dicente
1765 1119 2076 1192 Evangelio,
2105 1123 2181 1176 di-

2168 1153 2190 1163 -
2291 1117 2520 1188 ἡμέρας.
2553 1119 2614 1170 Εἰ
2641 1118 2698 1170 δὲ
2722 1119 2869 1186 λέγοι
2897 1119 2956 1172 τὸ
2979 1118 3305 1187 Εὑαγγέλιον
3334 1119 3402 1182 ὡς
3425 1121 3512 1190 ἀρα
3527 1116 3729 1192 ἦσανόμοῦ

618 1205 863 1275 scipulos
891 1221 1019 1272 una,
1045 1207 1171 1276 quia
1200 1205 1416 1263 Judaaos
1445 1208 1729 1274 timebant,
1761 1210 1932 1267 fuisse
1962 1226 2179 1284 congre-

2167 1245 2190 1255 -
2291 1209 2611 1280 συνηγμένοι
2639 1212 2685 1262 οἱ
2718 1210 2952 1281 μαθηταὶ
2981 1210 3069 1263 διὰ
3104 1211 3194 1263 τὸν
3228 1209 3382 1279 φόϐον
3409 1210 3499 1264 τῶν
3529 1212 3728 1276 Ἰουδαίων,

621 1305 797 1368 gntos,
827 1297 1149 1354 adversetur
1175 1301 1372 1370 aliquis
1389 1301 1574 1356 dicens
1603 1320 1616 1356 :
1641 1301 1926 1368 Quomodo
1945 1319 2075 1376 ergo
2095 1306 2182 1376 qui

2173 1306 2186 1359 i
2288 1295 2407 1355 εἶτα
2453 1303 2587 1374 πρὸς
2619 1302 2776 1355 τοῦτο
2815 1303 3182 1373 ἀνθυποφέροι
3208 1320 3291 1366 τις
3313 1303 3486 1371 λέγων,
3505 1304 3600 1367 Πῶς
3621 1301 3684 1357 οὖν
3701 1308 3729 1357 oi

617 1405 679 1444 se
720 1390 1146 1456 concluserant,
1199 1391 1264 1446 ad
1302 1402 1711 1448 monumentum
1767 1395 2054 1450 veniebant
2099 1397 2178 1452 die

2168 1413 2188 1452 ε
2289 1393 2761 1462 συγκεκλεισμένοι
2805 1393 3031 1462 ἐφοίτων
3074 1394 3168 1447 ἐπί
3211 1393 3272 1446 τὸ
3301 1397 3528 1464 μνημεῖον
3553 1397 3596 1447 ἐν
3611 1395 3729 1467 ἡμέρᾳ

619 1481 937 1550 splendida?
963 1483 1389 1554 respondemus,
1445 1487 1566 1542 illos
1599 1502 1730 1542 sane
1780 1489 1873 1558 qui
1913 1488 2088 1542 media
2130 1490 2180 1543 in

2166 1505 2184 1542 ι
2285 1483 2518 1554 διαυγεῖς
2578 1483 2808 1558 ἐροῦμεν
2845 1485 2926 1538 ὅτι
2965 1487 3094 1548 τοὺς
3128 1485 3228 1555 μὲν
3265 1487 3320 1536 ἐν
3361 1488 3420 1554 τῇ
3457 1484 3574 1538 πόλει
3599 1486 3727 1553 μέσους

617 1571 753 1625 urbe
805 1569 1115 1626 Judaeorum
1147 1572 1501 1639 habitabant,
1535 1591 1634 1646 par
1663 1576 1831 1632 fuisse
1868 1587 1928 1631 ut
1973 1593 2082 1632 una
2108 1578 2178 1646 fin

2166 1594 2184 1631 ι
2282 1575 2564 1639 οἰκοῦντας
2613 1574 2720 1628 τῶν
2781 1575 3044 1628 Ἰουδαίων
3064 1614 3078 1637 ,
3133 1575 3279 1638 εἰκὸς
3332 1570 3394 1644 ἦν
3428 1574 3727 1628 ἀποκεκλεῖσθαι

617 1662 780 1716 domo
807 1663 1051 1718 conclusi
1099 1680 1289 1720 omnes
1332 1667 1492 1720 simul
1529 1677 1844 1724 manerent:
1878 1669 1970 1740 qui
2003 1678 2178 1726 autem

2167 1687 2180 1724 ι
2214 1733 2250 1740 _
2283 1667 2416 1738 ὁμοῦ
2471 1669 2594 1730 τοὺς
2648 1667 2853 1729 πάντας
2907 1668 2962 1719 ἐν
3003 1665 3139 1738 οἴκῳ
3169 1667 3248 1719 ἐνὶ
3291 1666 3620 1736 συνηγμένοις·
3643 1665 3728 1717 om

617 1754 684 1808 ad
708 1753 1017 1824 sepulcrum
1041 1755 1276 1823 iverunt,
1299 1759 1425 1828 quia
1451 1765 1605 1813 extra
1629 1761 1815 1815 urbem
1843 1769 2021 1825 erant,
2043 1761 2178 1816 mul-

2167 1792 2183 1802 -
2214 1733 2256 1787 Β
2283 1733 2374 1814 ἐπὶ
2415 1761 2474 1814 τὸ
2522 1763 2710 1832 μνῆμα
2759 1733 3144 1830 ἀφικνούμενοι
3181 1762 3282 1830 τῆς
3532 1758 3644 1819 ἐκτὸς
3671 1757 3728 1808 όν-

616 1851 729 1896 tum
759 1845 944 1899 aberat
973 1853 1032 1899 ut
1061 1845 1276 1902 Judazos
1304 1849 1556 1904 timerent
1582 1889 1598 1916 ,
1651 1851 1906 1921 quoniam
1952 1852 2016 1908 ad
2052 1853 2177 1908 soli-

2168 1883 2182 1894 -
2282 1869 2373 1916 τες
2407 1851 2536 1921 (65),
2592 1851 2808 1922 μακρὰν
2854 1850 3152 1920 ἐτύγχανον
3195 1847 3402 1902 καὶτοῦ
3434 1849 3518 1900 τῶν
3541 1847 3729 1900 Ἰουδαίων

615 1935 814 1990 tarium
866 1935 1044 1991 locum
1094 1945 1147 1992 et
1195 1938 1508 1995 hominibus
1551 1953 1780 1996 vacuum
1833 1943 2176 2002 devenerant.

2167 1987 2178 2002 _
2283 1940 2468 2009 φόϐου,
2522 1940 2598 2003 ὡς
2629 1941 2721 1993 ἐπὶ
2773 1939 3102 2010 ἐρημίζοντα
3131 1938 3290 1992 τόπον
3327 1937 3416 1991 καὶ
3441 1936 3593 2008 ἀνδρῶν
3619 1937 3728 2005 ἐσχο-

613 2025 871 2082 Fortasse
896 2028 1059 2082 etiam
1091 2038 1276 2100 spreto
1321 2038 1641 2087 ceterorum
1672 2034 2064 2104 discipulorum
2114 2037 2174 2091 ti-

2167 2068 2183 2081 .
2281 2029 2479 2101 ληκότα
2502 2030 2806 2102 παριόντες.
2833 2031 3055 2100 Τάχαδὲ
3084 2031 3179 2084 καὶ
3206 2031 3466 2101 κρείττους
3489 2029 3610 2097 φόϐου
3625 2027 3728 2094 γενό-

613 2133 764 2175 more
804 2120 997 2176 Petrus
1042 2136 1106 2176 ac
1151 2121 1389 2180 Joannes
1416 2165 1429 2189 ,
1487 2127 1606 2182 ausi
1663 2137 1789 2182 sunt
1845 2129 2174 2186 confidenter

2167 2146 2181 2184 τ
2284 2139 2432 2193 μενοι
2456 2121 2565 2175 τῶν
2596 2121 2851 2194 μαθητῶν
2888 2122 2916 2174 ὃ
2962 2139 3021 2174 τε
3070 2121 3276 2193 Πέτρος
3313 2121 3403 2174 καὶ
3445 2119 3635 2187 Ἰωάννης
3652 2116 3728 2170 τολ-

612 2209 774 2266 domo
810 2213 1046 2280 prodire,
1087 2213 1214 2268 dum
1249 2217 1430 2270 caeteri
1463 2217 1515 2271 id
1544 2217 1765 2274 minime
1806 2219 1984 2276 facere
2013 2221 2173 2277 aude<

2164 2251 2181 2263 .
2284 2215 2579 2287 μηρότερον
2633 2214 2896 2285 ἐθάρρουν
2923 2213 3169 2286 προϊέναι
3214 2214 3307 2267 τοῦ
3331 2214 3483 2276 οἴκου,
3509 2212 3592 2264 τῶν
3613 2210 3725 2264 ἀλλων

612 2313 751 2366 rent,
778 2313 973 2374 prater
1027 2305 1127 2361 hos
1177 2306 1315 2363 duos
1359 2309 1546 2374 solos,
1599 2312 1798 2380 quibus
1843 2315 2004 2368 etiam
2052 2314 2173 2370 alibi

2163 2315 2176 2369 i
2283 2307 2357 2379 μὴ
2376 2308 2530 2360 τοῦτο
2555 2305 2812 2378 πράττειν
2849 2304 3196 2375 τολμώντων,
3234 2305 3267 2376 ἢ
3309 2307 3466 2376 μόνων
3499 2303 3550 2374 δὴ
3575 2301 3722 2360 tam.

611 2397 785 2468 major
813 2399 988 2453 honor
1007 2414 1116 2470 prae
1144 2401 1354 2457 ceteris
1388 2405 1644 2472 apostolis
1673 2406 2006 2463 attribuitur.

2277 2399 2326 2453 οἳ
2353 2399 2446 2452 καὶ
2475 2400 2530 2451 ἐν
2561 2402 2671 2462 τοῖς
2703 2398 2879 2461 ἄλλοις
2911 2397 3157 2460 πλείονος
3185 2395 3459 2467 ἠξιωμένοι
3484 2394 3608 2465 τιμῆς
3627 2390 3724 2462 παρὰ

2277 2491 2402 2555 τοὺς
2430 2491 2645 2553 λοιποὺς
2675 2489 3000 2552 ἀποστόλους
3032 2488 3485 2560 μεμαρτύρηνται.

1354 2607 1442 2663 Ill.
3017 2603 3096 2658 I".

678 2713 784 2770 Sed
813 2717 1083 2783 quomodo
1105 2719 1247 2789 apud
1280 2719 1571 2788 Joannem,
1604 2730 1785 2776 auotta
1810 2722 1977 2778 Maria
2007 2724 2176 2782 disci-

2159 2755 2176 2768 .
2347 2717 2456 2788 (64)
2521 2715 2663 2771 Αλλὰ
2699 2715 2815 2779 πῶς
2855 2715 3005 2788 παρὰ
3037 2715 3137 2786 μὲν
3160 2714 3236 2785 τῷ
3273 2712 3563 2787 Ἰωάννῃτῆς
3579 2708 3720 2780 Μαρίις

607 2804 740 2872 puli,
772 2805 965 2861 deinde
1012 2808 1079 2861 ad
1131 2818 1543 2866 monumentum
1599 2816 1875 2884 progressi
1928 2816 2168 2874 credide-

2158 2847 2174 2859 .
2273 2809 2600 2873 ἀκούσαντες
2622 2810 2670 2862 οί
2691 2808 2946 2880 μαθηταὶ,
2979 2810 3220 2862 κᾶπειτα
3249 2807 3475 2869 ἐλθόντες
3498 2807 3561 2868 εἰς
3583 2803 3626 2856 τὸ
3644 2817 3719 2869 ανη-

607 2906 779 2963 runt;
813 2899 954 2966 apud
1013 2898 1213 2954 Lucam
1265 2910 1445 2957 autem
1495 2903 1714 2969 dicitur,
1739 2906 1854 2962 visa
1896 2921 2018 2962 esse
2065 2909 2168 2965 illis

2156 2925 2170 2965 ς
2277 2902 2424 2970 μεῖον
2475 2898 2824 2952 ἐπίστευσαν·
2862 2899 3010 2970 παρά
3067 2898 3125 2951 δέ
3169 2897 3248 2967 τῷ
3285 2897 3454 2966 Aoum;
3489 2889 3717 2965 είρηταιὸτι

605 2984 748 3037 sicut
803 2985 1154 3043 deliramenta
1187 2991 1350 3046 verba
1412 2991 1559 3060 ista,
1625 3009 1800 3066 neque
1848 2998 2166 3055 mulieribus

2155 3017 2169 3055 ς
2208 3062 2233 3066 Δ
2273 2991 2545 3062 ἐφάνησαν
2599 2990 2825 3044 ἐνώπιον
2874 2990 3052 3044 αὐτῶν
3099 2989 3237 3042 ὡσεὶ
3287 2989 3439 3059 λῆρος
3485 2985 3541 3040 τὰ
3577 2983 3716 3054 ῥήματι

603 3073 939 3131 credidisse?
1711 3062 1728 3066 _

1711 3062 1728 3066 _
2195 3062 2236 3120 θ
2268 3081 2460 3147 ταῦτα,
2481 3084 2574 3136 καὶ
2606 3082 2865 3153 ἠπίστουν
2893 3082 3113 3148 αὐταῖςς

671 3184 764 3239 Illa
791 3188 932 3256 apud
961 3187 1224 3246 Joannem
1254 3191 1421 3246 Maria
1449 3197 1738 3266 praeeipuis
1772 3201 2031 3267 apostolis
2059 3200 2163 3258 Pe-

2151 3234 2163 3246 .
2341 3197 2406 3250 Ἦ
2453 3196 2550 3266 μὲν
2591 3195 2740 3266 παρά
2787 3196 2864 3266 τῷ
2906 3196 3128 3270 Ἰωάννῃ
3171 3197 3351 3267 Μαρία
3383 3197 3483 3258 τοῖς
3533 3190 3712 3260 tantme

600 3283 686 3331 tro
726 3291 790 3331 ac
813 3277 1005 3332 Joanni
1041 3281 1172 3336 solis
1197 3291 1408 3338 secreto
1443 3286 1606 3340 veluti
1641 3303 1752 3342 rem
1799 3289 1968 3346 visam
2018 3305 2161 3349 retu-

2153 3325 2164 3336 .
2259 3287 2366 3340 τῶν
2391 3287 2697 3340 ἀποστόλων
2724 3287 2912 3358 Πέτρῳ
2952 3289 3045 3341 καὶ
3098 3288 3318 3363 Ἰωάννῃ
3345 3289 3504 3360 μόνοις
3535 3285 3592 3347 ὡς
3614 3280 3714 3348 ἀώρ·

600 3366 681 3421 lit.
717 3366 891 3437 Hique
924 3371 1126 3440 pariter
1149 3373 1290 3428 clam
1322 3376 1546 3446 reliquis
1594 3376 1876 3448 discipulis
1908 3383 2007 3438 soli
2038 3399 2161 3439 cur-

2146 3415 2162 3425 -
2263 3381 2424 3450 ῥητον
2457 3378 2783 3448 ἐκφαίνουσα
2814 3378 2991 3444 ἐξεῖπε
3025 3382 3086 3433 τὸ
3124 3381 3462 3452 τεθεαμένον·
3489 3380 3529 3431 οἱ
3552 3373 3707 3430 δὲπάλιν

599 3458 702 3512 sim
735 3460 802 3514 ad
833 3473 1239 3518 monumentum
1280 3467 1561 3535 abierunt,
1606 3470 1956 3544 videntesque
1989 3477 2160 3532 credi-

2151 3508 2160 3518 -
2260 3474 2508 3538 λαθόντες
2540 3475 2665 3538 τοὺς
2713 3473 2929 3540 λοιποὺς
2969 3475 3217 3547 μαθητὰς
3255 3476 3397 3548 μόνοι
3432 3474 3631 3544 ἀπήντων
3659 3462 3712 3517 ἐπὶ

599 3550 840 3606 derunt:
876 3554 1120 3625 nihilque
1168 3557 1366 3612 mirum
1408 3568 1492 3616 est
1533 3562 1670 3619 duos
1716 3565 1816 3620 hos
1861 3554 2160 3638 praecipuos

2149 3587 2162 3626 ι
2259 3567 2320 3621 τὸ
2343 3570 2604 3638 μνημεῖον
2659 3567 2925 3639 δρομαῖοι,
2978 3569 3072 3622 καὶ
3106 3570 3303 3633 ἰδόντες
3337 3557 3710 3622 ἐπίπευσανήὶ

598 3645 872 3713 apostolos
899 3648 974 3702 rei
1001 3648 1132 3704 visae
1169 3649 1502 3722 credidisse;
1538 3655 1780 3726 reliquos
1809 3668 2008 3724 autem,
2041 3663 2159 3731 qui-

2150 3692 2163 3703 -
2258 3661 2407 3712 οὑδέν
2437 3677 2500 3728 γε
2528 3655 2596 3730 ἦν
2627 3659 2933 3731 θαυμαστὸν
2964 3662 3090 3724 τοὺς
3120 3662 3218 3732 μὲν
3251 3661 3508 3732 ἐκκρίτους
3528 3654 3606 3709 τῶν
3630 3652 3711 3704 ἀτο-

594 3735 939 3793 bus'nuntite
985 3738 1198 3795 fuerant
1240 3744 1530 3810 mulieres,
1565 3762 1664 3802 nec
1716 3750 1891 3806 oculis
1927 3755 2155 3824 propriis

2149 3773 2161 3810 ς
2261 3751 2458 3804 στόλων
2497 3750 2697 3815 ἰδόντας
2753 3752 3194 3816 πεπιστευκέναι,
3236 3753 3355 3816 τοὺς
3395 3750 3446 3803 δὲ
3476 3734 3710 3805 λοιποϋςοῖς

593 3829 862 3893 viderant,
889 3831 1033 3885 haud
1069 3832 1156 3888 his
1185 3833 1341 3888 fidem
1371 3835 1706 3894 adhibuisse.
1733 3839 1874 3896 Ecce
1920 3845 2063 3897 enim
2107 3855 2154 3901 et

2145 3855 2162 3899 Ι.
2259 3845 2313 3895 αἰ
2339 3844 2593 3910 γυναῖκες
2619 3842 2975 3912 ἀπήγγελλον,
3008 3844 3101 3896 ἂτε
3140 3843 3212 3914 μὴ
3253 3844 3364 3912 ὄψει
3387 3835 3706 3912 παραλαϐόνταςν

594 3917 727 3988 ipsis
756 3937 862 3975 una
895 3925 1236 3994 congregatis
1268 3925 1554 3998 discipulis
1592 3945 1715 3984 cum
1770 3931 2025 3988 Servator
2065 3951 2155 4006 ap-

2144 3967 2162 3978 -
2263 3936 2336 4007 μὴ
2371 3934 2654 3988 πιστεῦσαι
2693 3935 2900 3998 αὑταῖς.
2942 3935 3151 3990 Αὐτίκα
3204 3935 3328 4004 γοῦν
3357 3936 3441 3988 καὶ
3463 3932 3604 3991 αὐτοῖς
3624 3925 3705 3992 όμω

591 4013 885 4081 paruisset,
920 4025 976 4072 ut
1005 4014 1243 4074 Joannes
1292 4029 1509 4086 narrat,
1555 4021 1611 4076 hi
1669 4024 1889 4092 quidem
1926 4043 1992 4083 eo
2043 4030 2152 4085 viso

2146 4045 2161 4083 )
2261 4027 2614 4098 συνηγμένοις
2659 4029 2770 4090 τοῖς
2823 4026 3087 4097 μαθηταῖς
3142 4027 3389 4096 ὀφθέντος
3428 4022 3506 4077 τοῦ
3541 4017 3707 4083 Σωτῆρυς

591 4103 762 4172 gavisi
799 4113 960 4172 sunt;
991 4104 1228 4162 Thomas
1256 4119 1437 4164 autem
1485 4113 1576 4183 qui
1624 4129 1726 4170 uec
1780 4115 2028 4172 interfuit
2059 4135 2152 4174 nec

2144 4135 2160 4174 3
2260 4119 2400 4172 κατά
2420 4119 2509 4171 τὸν
2533 4116 2806 4188 Ἰωάννην,
2840 4118 2890 4170 οἱ
2927 4117 3023 4188 μὲν
3063 4117 3260 4182 ἰδόντες
3281 4116 3551 4188 ἐχάρησαν·
3576 4103 3705 4174 Oropi;

589 4194 742 4258 vidit,
775 4211 888 4252 rem
917 4197 1021 4250 sibi
1051 4198 1365 4266 persuaderi
1408 4218 1517 4256 non
1557 4215 1642 4258 est
1682 4222 1895 4276 passus.
1930 4209 2080 4275 Quod
2114 4211 2150 4266 si

2144 4211 2158 4264 i
2257 4211 2335 4271 δὲ,
2366 4209 2486 4263 ἐπεὶ
2527 4208 2600 4280 μὴ
2638 4209 2815 4280 παρῆν
2858 4209 2991 4280 μηδέ
3034 4203 3194 4273 εἶδεν,
3233 4209 3329 4261 οὐκ
3356 4205 3578 4259 ἐπείθετο.
3604 4198 3646 4252 Εἰ
3671 4192 3705 4245 8

589 4283 676 4337 hic
702 4286 963 4353 apostolis
998 4303 1103 4340 non
1144 4289 1395 4356 credidit,
1429 4291 1634 4348 frustra
1657 4295 1768 4364 jam
1794 4300 2150 4369 reprehende-

2141 4331 2160 4343 -
2259 4298 2411 4366 οὗτος
2437 4302 2653 4370 ἠπίστει
2673 4303 2784 4362 τοῖς
2813 4301 3149 4364 ἀποστόλοις,
3175 4301 3331 4371 σχολῇ
3360 4302 3405 4368 γ’
3431 4299 3486 4351 ἂν
3520 4284 3702 4365 μέμῷαιτά

589 4389 712 4430 mus
759 4388 1012 4443 metet-os,
1065 4380 1157 4449 qui
1207 4383 1333 4450 quia
1364 4399 1469 4438 non
1504 4384 1788 4452 viderant,
1825 4391 2145 4449 mulieribus

2140 4413 2145 4447 ἱ
2178 4405 2222 4461 ι)
2250 4412 2331 4458 τις
2357 4396 2466 4455 τοῖς
2488 4392 2689 4454 λοιποῖς
2717 4392 2798 4444 ὅτι
2835 4392 3056 4462 μηδέπω
3071 4392 3397 4463 τεθεαμένοι,
3430 4392 3522 4450 ταῖς
3542 4377 3701 4453 γυναιξὶν

552 4464 1042 4524 'discrediderunt.
1093 4469 1344 4528 Profecto
1385 4487 1563 4531 autem
1612 4476 1890 4549 Scriptura
1926 4485 2113 4538 multat

2136 4500 2150 4540 ι
2256 4482 2536 4553 ἠπίστουν.
2569 4478 2773 4550 Πολλὴν
2803 4479 2862 4532 δὲ
2895 4480 3122 4550 βάσανον
3155 4483 3252 4536 καὶ
3275 4479 3525 4552 ἀκρίϐειαν
3542 4473 3620 4527 τῶν
3641 4481 3697 4537 μί·

584 4555 918 4612 demonstrat
947 4559 1382 4632 disquisitionem
1417 4582 1481 4622 ac
1515 4569 1857 4626 sedulitatem
1907 4573 2145 4646 discipu-

2134 4606 2150 4616 .
2257 4573 2431 4645 θητῶν
2484 4571 2810 4643 παρίστησιν
2841 4573 2872 4643 ἡ
2899 4572 3110 4644 Γραφὴ,
3143 4575 3242 4627 οὐκ
3288 4570 3501 4644 εὐχερῶς
3523 4567 3609 4626 τοῖς
3628 4555 3695 4611 τού·

582 4644 780 4712 lorum,
811 4651 902 4719 qui
938 4651 1078 4706 haud
1111 4653 1267 4710 facile
1297 4657 1489 4715 alienis
1534 4663 1884 4721 sermonibus
1913 4644 2143 4722 consen-

2130 4697 2147 4710 ν
2252 4644 2359 4720 των
2383 4666 2558 4734 λόγοις
2576 4665 2862 4734 συγκατιθε
2871 4666 3063 4734 μένων,
3079 4667 3191 4720 ἀλλ’
3209 4667 3484 4736 ἐπεχόντων
3496 4659 3548 4712 τὰ
3561 4653 3691 4725 apti“.

581 4749 792 4802 serunt,
822 4742 917 4795 sed
943 4743 1118 4811 primo
1147 4745 1352 4815 judicia
1394 4752 1811 4820 suspenderunt,
1835 4757 2010 4825 quoad
2036 4759 2142 4828 ple-

2132 4789 2147 4799 -
2253 4757 2426 4811 εἰσότε
2474 4755 2819 4827 πληρέστατα
2848 4758 2940 4810 καλ⁸
2978 4759 3220 4829 ἐναργῶς
3247 4755 3456 4826 τάληθὲς
3483 4745 3693 4814 ἐπιγνόντες

581 4831 806 4886 nissime
840 4841 1002 4903 atque
1051 4839 1334 4907 perspicue
1383 4844 1606 4900 veritate
1651 4849 1866 4919 cognita
1895 4890 1910 4914 ,
1958 4863 2142 4920 postea

2129 4868 2144 4906 ι
2251 4851 2420 4903 εἰπεῖν
2450 4848 2720 4919 δυνηθεῖεν
2744 4849 2991 4919 ὕστερον·
3029 4869 3046 4900 ι
3086 4851 3151 4901 Ὃ
3179 4845 3244 4920 ἦν
3276 4847 3363 4901 ἀπ’
3385 4842 3550 4915 ἀρχῆς,
3575 4834 3690 4898 δάκη·

579 4918 764 4976 dicere
790 4933 1052 4994 possent:
1090 4945 1108 4978 ι
1148 4927 1300 4994 Quod
1353 4929 1454 4984 fuit
1483 4935 1550 4989 ab
1593 4918 1782 5004 initio,
1817 4918 2140 5008 quod—audi-

2128 4970 2145 4980 -
2252 4942 2480 5012 κόαμεν,
2526 4918 2572 4993 ὂν
2596 4942 2919 5014 ἑωράκαμεν
2945 4944 3056 5004 τοῖς
3081 4918 3363 5011 ὀφθαλμοῖς
3389 4935 3538 5008 ἡμῶν,
3559 4930 3580 4982 ὃ

578 5012 780 5077 vimus,
817 5017 963 5083 quod
997 5017 1234 5075 vidimus
1264 5023 1438 5077 oculis
1470 5029 1670 5081 nostris
1692 5069 1706 5094 ,
1753 5029 1896 5099 quod
1929 5045 2139 5100 perspe-

2125 5057 2144 5069 -
2251 5031 2481 5102 σάμεθα,
2528 5033 2620 5086 καὶ
2663 5012 2718 5086 αι
2760 5034 2940 5103 χεῖρες
2980 5031 3135 5102 ἡμῶν
3164 5030 3489 5102 ἐψηλάφησαν
3525 5012 3685 5103 περίεσί

578 5102 780 5164 ximus,
813 5112 866 5158 et
897 5121 1090 5161 manus
1118 5117 1319 5163 nostra:
1359 5121 1830 5170 contrectat/erunt
1861 5116 1928 5172 de
1961 5116 2139 5173 Verbo

2124 5135 2140 5173 )
2245 5101 2418 5190 Λόγου
2450 5126 2547 5195 τῆς
2575 5122 2734 5194 ζωῆς.
2772 5143 2790 5174 ι
2831 5101 2981 5193 Ἔχοι
3079 5122 3141 5176 ἂν
3182 5101 3272 5176 και
3300 5121 3470 5188 ἑτέραν
3497 5101 3685 5165 διάνοιανδ

579 5192 703 5248 vitae
730 5194 795 5248 ⁸⁷.
856 5216 874 5247 ›
920 5193 1024 5251 Sed
1059 5199 1204 5253 enim
1236 5201 1399 5255 alium
1429 5218 1642 5274 quoque
1687 5221 1907 5262 sensum
1944 5223 2138 5279 capere

2125 5225 2138 5265 ε
2242 5214 2424 5278 τόπος.
2446 5215 2600 5267 Εῖποι
2625 5215 2732 5287 γὰρ
2766 5215 2830 5267 ἄν
2857 5231 2940 5277 τις
2961 5217 3041 5268 ὅτι
3067 5218 3184 5278 ταῖς
3217 5205 3612 5280 ἀπαγγελλούσαις
3631 5209 3686 5291 ξδ’

578 5283 667 5341 hic
699 5289 845 5343 locus
882 5298 1078 5360 potest.
1113 5293 1261 5348 Dicet
1289 5295 1435 5349 enim
1489 5295 1722 5352 fortasse
1764 5299 1981 5369 aliquis,
2017 5317 2138 5355 mu-

2243 5304 2385 5370 ναιξὶ
2408 5306 2504 5376 τὴν
2532 5307 2819 5359 ἀνάστασιν
2869 5306 2964 5359 τοῦ
3001 5307 3264 5378 Σωτῆρος,
3293 5303 3362 5366 ὡς
3396 5302 3446 5366 ἐξ
3475 5296 3602 5362 ἀκοῆς
3618 5299 3684 5336 των
3791 5344 3792 5377 γ

575 5377 803 5435 lieribus
860 5387 1315 5443 resurrectionem
1369 5387 1675 5448 Servatoris
1723 5395 2136 5466 nuntiantibus,

2122 5437 2136 5466 ,
2244 5397 2515 5467 ὀφθέντων
2541 5397 2726 5462 αὑταῖς
2759 5396 2850 5451 δύο
2877 5398 3084 5474 ἀνδρῶν
3114 5397 3252 5453 κατά
3280 5395 3362 5448 τὸν
3403 5386 3582 5447 Λουκᾶν,
3623 5385 3683 5428 ουκ

655 5528 943 5595 "lJoan.
983 5555 1033 5607 ι,
1072 5542 1120 5597 i.
3789 5459 3791 5605 |

657 5687 758 5762 65)
797 5691 873 5746 lta
899 5694 1019 5751 cod.

2305 5702 2418 5777 (τι)
2457 5705 2592 5766 Cod.
2625 5708 2690 5777 Α,
2721 5707 2764 5766 r.
2793 5708 2917 5779 sta,
2948 5709 3004 5767 b.
