3936 6206
209 291 317 349 989

1082 286 1589 346 SUPPLEMENTA
1627 289 2104 359 QUESTIONUM
2145 288 2237 343 AD
2276 285 2618 344 MARINUM.

3363 288 3467 347 990

213 406 545 462 ἐπίστευσαν
575 401 623 456 οἱ
648 400 858 466 ἕνδεκα,
884 402 941 456 ὲν
972 396 1052 466 οἷς
1079 398 1217 475 ἦσαν
1238 405 1329 459 καὶ
1357 405 1401 458 ό·
1415 405 1618 477 Πέτρος
1648 408 1740 460 καὶ
1767 409 1795 461 6

1897 413 2155 476 tanquam
2180 419 2245 459 ex
2279 402 2467 457 auditu
2496 402 2730 457 duorum
2779 408 3128 457 ostensorum
3158 402 3297 474 ipsis
3328 402 3472 458 viro-

227 498 503 568 Ἰωάννης,
541 495 675 567 μηδὲ
737 494 889 547 αὐτοὶ
936 496 1377 559 πεπιστευκότες,
1412 499 1491 569 Τῇ
1519 497 1575 551 δὲ
1604 498 1790 570 Μαρίᾳ

214 590 363 645 κατὰ
388 587 478 641 τὸν
518 584 769 657 Ἰωάννην
808 585 1035 660 εἰπούσῃ
1056 588 1161 653 ὅτι,
1192 606 1211 639 ‹
1241 582 1423 659 Ἦραν
1466 589 1558 641 τὸν
1589 590 1791 661 Κύριόν

218 700 323 755 μου
359 684 423 736 ὲκ
459 679 553 735 τοῦ
600 680 898 751 μνήματος,
942 699 961 730 ι
993 680 1053 734 οὐ
1102 681 1364 753 πρότερον
1402 682 1723 735 ἐπίστευσαν
1743 685 1790 735 οἰ

213 774 308 829 δύο
341 772 585 846 μαθηταὶ
604 771 763 825 τοῦτο
795 772 946 838 αὐτὸ,
974 772 1034 826 τὸ
1064 769 1231 845 ἦρθαι
1262 775 1354 828 τὸν
1388 776 1635 847 Σωτῆρα,
1666 776 1793 848 πρὶν

213 868 394 921 ἐλθεῖν
445 868 523 929 εἰς
562 864 653 918 τὶν
700 864 861 918 τόπον
908 865 1001 917 καὶ
1050 865 1195 937 ἔργῳ
1235 866 1393 919 τοῦτο
1438 868 1789 938 παραλαϐεῖν.

213 959 350 1011 Ὅτε
372 956 503 1027 γοῦν
518 953 766 1026 εἰσῆλθον
790 950 933 1007 οὗτοι
963 956 1046 1017 εἰς
1078 955 1137 1007 τὸ
1169 954 1380 1027 μνῆμα,
1412 958 1505 1009 καὶ
1523 957 1590 1010 τὰ
1610 958 1792 1011 ὀθόνια

212 1046 357 1104 εἶδον
386 1049 543 1121 μόνα,
587 1049 649 1101 τὸ
701 1048 757 1101 δὲ
785 1048 961 1118 ’σῶμα
982 1048 1237 1120 οὐδαμοῦ,
1272 1050 1392 1103 τότε
1426 1051 1750 1105 ἐπίστευσαν
1774 1070 1786 1081 ο

210 1142 320 1196 τίνι
351 1141 407 1193 δὲ
453 1140 795 1205 ἐπίστευσαν,
839 1138 953 1192 ἀλλ’
986 1139 1018 1210 ἢ
1045 1140 1120 1210 τῷ
1146 1142 1244 1212 τῆς
1276 1142 1495 1213 Μαρίας
1524 1143 1663 1213 λόγῳ
1690 1146 1791 1215 φή-

216 1252 396 1299 σαντι,
435 1230 648 1306 «Ἦραν
681 1235 771 1287 τὸν
794 1232 997 1305 Κύριὸν
1031 1251 1131 1304 μου
1159 1252 1172 1299 ;
1198 1235 1334 1288 »Ἂιὸ
1365 1236 1602 1304 ἐπιλέγει
1634 1236 1787 1308 ἑξῆς·

220 1348 237 1379 ι
263 1327 437 1381 Οῦπω
483 1329 591 1399 γὰρ
634 1328 853 1398 ᾔδεισαν
895 1327 991 1399 τὴν
1030 1327 1269 1399 Γραφὴν,
1298 1328 1378 1381 δτι
1405 1328 1484 1381 δεῖ
1532 1329 1692 1383 αὑτὸν
1729 1332 1793 1384 ἐκ

213 1418 429 1490 νεκρῶν
449 1418 766 1489 ἀναστῆναι.
805 1436 825 1471 ι

972 1703 1046 1755 Δ’.

1894 513 2039 562 rum,
2072 506 2131 552 ut
2179 497 2254 550 ait
2284 495 2492 559 Lucas,
2531 511 2639 550 non
2686 493 2989 550 credidisse
3036 494 3339 565 discipulos
3369 512 3474 549 un-

1894 592 2090 654 decim,
2111 605 2247 661 quos
2270 590 2412 644 inter
2433 596 2591 644 erant
2614 589 2775 642 etiam
2795 587 2990 643 Petrus
3006 604 3070 643 ac
3090 585 3353 654 Joannes,
3378 592 3472 660 qui

1894 685 2096 756 pariter
2154 682 2612 738 discrediderunt.
2694 679 3079 737 Verumtamen
3138 680 3357 750 Mariae,
3416 692 3475 737 ut

1892 776 2130 832 Joannes
2160 784 2369 839 narrat,
2399 774 2601 830 dicenti
2630 794 2642 828 :
2687 793 2703 824 ι
2736 772 3022 829 Dominum
3062 790 3240 829 meum
3286 774 3352 829 de
3388 789 3475 829 se-

1892 869 2082 939 pulcro
2112 866 2482 934 abstulerunt;
2548 884 2566 917 ι
2608 865 2750 920 haud
2798 873 2923 920 ante
2970 867 3323 921 crediderunt
3364 866 3475 920 duo

1893 959 2146 1029 discipuli
2171 959 2417 1028 rapinam
2450 956 2758 1031 Servatoris
2782 955 2951 1013 fuisse
2971 966 3267 1028 peractam,
3288 971 3471 1027 quam,

1894 1052 1960 1106 ad
1983 1052 2160 1105 locum
2200 1050 2446 1120 profecti,
2476 1065 2589 1104 rem
2622 1049 2796 1103 oculis
2817 1050 2931 1105 suis
2965 1056 3316 1118 usurparunt.
3337 1047 3475 1103 Cum

1894 1144 1948 1197 hi
1982 1159 2113 1213 ergo
2140 1153 2553 1199 monumentum
2585 1143 2815 1211 ingressi
2859 1143 3177 1195 linteamina
3228 1142 3343 1197 sola
3392 1142 3476 1195 vi-

1894 1232 2112 1296 derunt,
2146 1240 2278 1287 tunc
2324 1233 2697 1287 crediderunt.
2733 1232 2963 1286 Cuinam
2994 1233 3072 1286 rei
3105 1248 3266 1303 porro
3297 1231 3474 1287 credi-

1894 1324 2125 1386 derunt,
2166 1322 2273 1377 nisi
2314 1322 2493 1377 Mariae
2540 1323 2760 1377 verbis:
2808 1341 2824 1372 ι
2860 1321 3127 1377 Tulerunt
3181 1322 3473 1378 Dominum

1893 1414 2108 1467 meum?
2144 1432 2162 1464 ι
2184 1411 2473 1482 Propterea
2529 1429 2651 1467 mox
2684 1413 2829 1468 addit
2850 1414 3126 1469 Joannes:
3166 1434 3184 1465 ι
3221 1413 3473 1469 Nondum

1894 1502 2040 1555 enim
2071 1502 2321 1557 sciebant
2358 1501 2693 1571 Scripturam
2716 1543 2730 1568 ,
2785 1504 2929 1573 quod
2978 1512 3254 1574 oporteret
3283 1520 3406 1560 eum
3444 1520 3475 1559 a

1894 1590 2130 1644 mortuis
2162 1607 2465 1661 resurgere.
2508 1610 2525 1643 ι

2641 1705 2731 1760 ιν.

287 1815 407 1887 (65)
437 1815 506 1869 T6
536 1814 592 1869 δὲ
624 1814 744 1877 πῶς
783 1813 876 1868 δύο
920 1813 1069 1885 παρὰ
1104 1813 1195 1867 τὸν
1235 1813 1485 1887 Ἰωάννην
1537 1815 1793 1889 μαθητῶν

1971 1822 2253 1889 Quomodo
2299 1830 2478 1877 autem
2526 1822 2635 1877 duo
2684 1821 2942 1875 dicantur
2984 1836 3012 1873 a
3056 1820 3265 1877 Joanne
3307 1820 3476 1877 disci-

212 1910 479 1964 ἐλθόντων
503 1910 581 1973 εἰς
609 1907 669 1961 τὸ
719 1910 1011 1979 μνημεῖον,
1059 1907 1266 1978 Πέτρου
1318 1909 1411 1961 καὶ
1466 1910 1732 1973 Ἰωάννου,
1764 1912 1792 1963 6

210 2002 430 2064 Λουκᾶς
458 2000 553 2055 ἕνα
584 2001 741 2070 μόνον
775 1999 938 2072 φησὶν
964 1998 1357 2071 ἀπηντηκέναι,
1400 1999 1572 2066 οὕτως
1604 2002 1669 2055 ἂν
1701 2002 1793 2055 λυ-

208 2093 358 2163 θείη.

280 2185 459 2249 Πολὺς
508 2180 577 2257 ἦν
609 2184 638 2236 ὁ
692 2186 893 2256 Πέτρος
937 2188 1024 2241 ἀεὶ
1056 2192 1119 2260 τῇ
1165 2188 1470 2261 προθυμίᾳ,
1514 2188 1587 2252 ὡς
1633 2189 1793 2257 μόνον

204 2278 367 2349 παρὰ
389 2280 517 2343 τοὺς
549 2279 877 2343 ἀποστόλους
900 2282 1072 2334 εἰπεῖν
1097 2281 1173 2352 τῷ
1200 2281 1408 2353 Σωτῆρι
1438 2299 1451 2312 ο
1492 2300 1511 2333 ι
1552 2282 1668 2335 Κᾶν
1696 2282 1788 2353 δέῃ

207 2385 282 2439 με
315 2370 413 2422 σὺν
446 2371 528 2423 σοὶ
554 2370 859 2433 ἀποθανεῖν,
886 2371 945 2423 ού
985 2368 1057 2441 μή
1096 2388 1153 2423 σε
1182 2372 1595 2442 ἀπαρνήσομαιο
1633 2391 1651 2421 ›
1697 2371 1790 2424 καὶ

208 2463 377 2532 μόνον
399 2462 564 2515 πάλιν
586 2462 841 2534 ἐπιϐῆναι
869 2466 981 2526 τοῖς
1010 2462 1248 2535 κύμασιν
1276 2464 1504 2528 ἀξιῶσαι
1527 2482 1539 2494 ·
1571 2466 1663 2518 καὶ
1696 2465 1790 2535 μό·-

202 2569 303 2607 ναν
349 2554 747 2626 ἀποκρίνασθαι
780 2556 874 2609 καὶ
903 2557 1078 2609 εἰπεῖν
1116 2556 1266 2626 αὐτῷ
1296 2576 1310 2589 ·
1355 2577 1372 2608 ι
1408 2558 1480 2610 Σὺ
1512 2554 1561 2609 εἷ
1590 2558 1619 2608 6
1653 2559 1788 2629 Χρι-

202 2646 337 2710 στὸς
354 2648 382 2699 6
407 2647 536 2709 Υἱὸς
560 2646 654 2700 τοῦ
678 2646 812 2701 Θεοῦ
836 2647 928 2701 τοῦ
960 2647 1159 2712 ζῶντος
1179 2667 1191 2679 ·
1230 2669 1249 2701 ›
1278 2649 1355 2703 διὸ
1386 2650 1479 2703 καὶ
1504 2650 1659 2719 μόνος
1682 2649 1790 2702 τῶν

202 2740 473 2811 μαθητῶν
497 2740 684 2793 ἀκούει
704 2758 715 2768 ⁸
752 2760 770 2791 ι
792 2742 1076 2812 Μακάριος
1104 2737 1174 2808 εἴ,
1204 2743 1383 2812 Σίμων
1413 2742 1523 2815 Βὲιρ
1563 2743 1732 2795 Ἰωνᾶ.
1766 2763 1784 2795 ι

198 2831 297 2884 Διὸ
326 2832 423 2883 καὶ
454 2832 668 2901 πρῶτος
696 2830 869 2901 τολμᾷ
908 2831 1134 2884 εἰσιέναι
1173 2834 1253 2896 εἰς
1288 2832 1351 2885 τὸ
1387 2836 1665 2904 μνημεῖον,
1694 2834 1790 2887 σὺν

194 2923 280 2994 τῷ
312 2924 491 2993 ἑτέρῳ
528 2922 739 2993 μαθητῇ
788 2923 845 2975 ὃν
878 2922 1049 2991 ἐφίλει
1103 2926 1132 2976 6
1176 2924 1382 2995 Ἰησοῦς
1426 2924 1617 2989 ἐλθὼν,
1650 2924 1791 2979 κατὰ

195 3015 295 3068 τὸν
343 3015 599 3084 Ἰωάννην
619 3032 632 3043 '
663 3014 798 3068 ἀλλὰ
826 3016 945 3068 τότε
980 3015 1077 3085 μὲν
1103 3015 1253 3087 παρὰ
1288 3017 1387 3086 τῆς
1428 3017 1790 3089 Μαγδαληνῇ

194 3100 376 3175 ἦρθαι
403 3104 465 3156 τὸ
497 3104 656 3175 σῶμα
678 3103 772 3157 τοῦ
798 3106 1004 3176 Κυρίου
1038 3106 1145 3159 ἀπὸ
1169 3105 1263 3159 τοῦ
1316 3106 1578 3177 μνημείου
1610 3125 1788 3177 μεμα-

1900 1916 2011 1986 puli
2047 1915 2115 1969 ad
2147 1923 2559 1969 monumentum
2597 1914 2834 1977 venisse,
2874 1912 3068 1968 Petrus
3103 1921 3265 1984 atque
3306 1912 3475 1969 Joan-

1898 2022 2029 2069 nes,
2060 2006 2239 2061 Lucas
2272 2021 2402 2060 vero
2446 2023 2612 2060 unum
2650 2007 2779 2061 illuc
2825 2020 3177 2075 progressum
3209 2004 3474 2073 alIirmet,

1898 2100 2126 2169 quaestio
2160 2100 2234 2153 ita
2264 2099 2607 2153 dissolvitur.

1969 2190 2165 2260 Magno
2199 2206 2412 2259 semper
2453 2198 2570 2244 erat
2622 2188 2834 2244 fervore
2869 2188 3096 2256 Petrus;
3137 2190 3339 2260 quippe
3378 2191 3473 2261 qui

1900 2284 2049 2338 solus
2080 2280 2449 2352 apostolorum
2480 2281 2678 2334 dixerit
2707 2278 2984 2335 Servatori
3020 2300 3031 2334 :
3071 2299 3089 2330 ‹
3129 2280 3356 2336 Etiamsi
3389 2297 3476 2336 me

1896 2378 2199 2448 oportuerit
2232 2376 2367 2429 mori
2397 2382 2598 2435 tecum,
2638 2388 2745 2426 non
2791 2381 2842 2426 te
2885 2373 3094 2442 negabo
3125 2373 3204 2439 ⁸⁸;
3246 2393 3263 2424 ι
3324 2374 3475 2429 solus

1894 2471 2024 2525 item
2046 2469 2280 2525 voluerit
2299 2482 2462 2536 supra
2490 2466 2689 2519 ﬂuctus
2712 2465 2990 2519 ambulare
3018 2483 3032 2529 ;
3064 2465 3214 2519 solus
3242 2479 3475 2535 respon-

1895 2561 2055 2623 derit,
2088 2560 2391 2626 dixeritque
2420 2555 2546 2611 Jesu
2581 2576 2594 2611 :
2632 2574 2650 2605 ε
2691 2555 2770 2608 Tu
2800 2570 2859 2609 es
2887 2555 3139 2610 Christus
3170 2554 3340 2610 Filius
3374 2554 3472 2610 Dei

1893 2654 2004 2707 vivi
2030 2654 2073 2685 ⁸³
2113 2668 2126 2705 :
2170 2671 2188 2702 ι
2226 2650 2457 2718 ideoque
2507 2656 2561 2703 et
2609 2648 2760 2703 solus
2809 2647 3201 2715 discipulorum
3236 2646 3412 2701 audiit
3453 2665 3468 2702 :

1902 2745 2151 2800 «Beatus
2203 2759 2286 2808 es,
2347 2742 2534 2797 Simon
2576 2740 2681 2793 Bar
2718 2739 2943 2795 Jona”.
3019 2758 3037 2789 ι
3097 2737 3466 2804 Quamobrem

1895 2837 2106 2908 primus
2135 2850 2354 2906 quoque
2400 2832 2563 2887 audet
2624 2833 2676 2886 in
2737 2837 3154 2885 monumentum
3215 2831 3469 2896 introire,

1897 2944 2021 2983 cum
2050 2931 2222 2984 altero
2245 2926 2514 2996 discipulo
2551 2925 2679 2979 illuc
2711 2923 2990 2995 profectus
3022 2939 3183 2993 quem
3216 2923 3475 2993 diligebat

1894 3020 2085 3087 Jesus,
2107 3029 2166 3074 ut
2192 3021 2265 3073 ait
2298 3017 2558 3073 Joannes.
2601 3015 2706 3072 Sed
2742 3022 2873 3069 tunc
2910 3016 3129 3085 quidem
3181 3022 3471 3085 postquam

1898 3110 2144 3164 audierat
2176 3125 2239 3163 ex
2298 3107 2613 3177 Magdalene
2672 3107 2947 3161 sublatum
2987 3104 3055 3160 de
3119 3115 3475 3161 monumento

198 3194 415 3268 θηκὼς.
452 3196 665 3268 ἀπήντα
698 3198 815 3267 ἅμα
838 3197 915 3267 τῷ
950 3199 1121 3271 ἑτέρῳ
1159 3198 1407 3270 μαθητῇ·
1442 3195 1558 3251 εἶτα
1588 3199 1791 3269 ἀνεκώ-

1899 3216 2100 3271 corpus
2132 3199 2366 3263 Domini,
2399 3202 2573 3253 iverat
2614 3213 2738 3251 cum
2781 3198 2954 3253 altero
3004 3198 3294 3268 discipulo.
3348 3197 3472 3252 Mox

200 3304 287 3357 ρει
322 3288 423 3340 σὺν
452 3286 620 3357 αύτῷ,
656 3287 723 3340 τὰ
747 3286 926 3341 ὀθόνια
954 3289 1084 3342 εἴσω
1114 3287 1207 3341 τοῦ
1236 3291 1515 3359 μνήματος
1538 3288 1793 3359 τεθεαμέ-

194 3397 290 3443 νος
325 3380 425 3432 καὶ
450 3378 762 3443 πιστεύσας.
792 3380 948 3433 Κατὰ
971 3380 1027 3433 δὲ
1063 3382 1297 3442 Λουκᾶν,
1325 3380 1431 3432 τῶν
1462 3378 1635 3433 ἄλλων
1665 3382 1791 3433 ἀπι-

194 3471 480 3526 στούντων
517 3470 791 3542 μαθητῶν,
831 3473 989 3543 μόνος
1020 3472 1181 3536 αὐτὸς
1211 3471 1370 3524 πάλιν
1406 3469 1648 3524 πιστεύει
1670 3473 1790 3533 ταῖς

192 3561 495 3633 λεγούσαις
521 3566 642 3626 ταῖς
669 3564 912 3632 γυναιξὶν
939 3564 1241 3634 ἑωρακέναι
1266 3564 1392 3625 τοὺς
1407 3562 1669 3631 ὀφθέντας
1691 3563 1790 3626 ἀγ-

193 3656 435 3727 γέλουςο
480 3655 543 3707 ού
601 3654 709 3726 γὰρ
743 3656 1050 3726 ἀπιστήσας
1103 3656 1159 3709 δὲ
1209 3659 1329 3718 ταῖς
1356 3655 1464 3710 τῶν
1516 3653 1789 3723 γυναικῶν

195 3746 563 3820 μαρτυρίαις,
623 3748 1042 3818 παλινδρομαῐος
1079 3749 1170 3801 ἐπὶ
1223 3748 1284 3801 τὸ
1343 3750 1603 3819 μνημεῖον
1632 3746 1790 3817 μόνος

193 3841 606 3911 παραγίνεται·
637 3840 731 3893 καὶ
761 3837 916 3904 αὖθις
942 3840 1272 3913 παρακύψας
1300 3840 1484 3911 βλέπει
1510 3840 1577 3893 τὰ
1611 3838 1792 3893 ὀθόνια

198 3934 346 4004 μόνα
382 3932 461 3995 ὡς
494 3933 588 3985 καὶ
617 3932 677 3985 τὸ
711 3934 973 4004 πρότερον
993 3951 1005 3963 ·
1040 3930 1159 3987 εἶτα
1191 3934 1391 4005 ἀπῄει,
1427 3934 1563 4005 πρὸς
1601 3932 1790 3986 ἑαυτὸν

195 4024 508 4095 θαυμάζων
539 4022 598 4076 τὸ
623 4025 844 4093 γεγονός
865 4040 876 4051 ⁸
911 4027 1005 4079 καὶ
1040 4025 1135 4079 νῦν
1164 4027 1262 4097 μὲν
1288 4026 1452 4097 ἀπῄει
1480 4025 1791 4096 θαυμάζων

194 4114 260 4170 1-6
287 4116 538 4184 γεγονὸς,
569 4117 687 4169 ἐπεὶ
704 4117 760 4169 δὲ
785 4116 948 4182 πολὺς
968 4115 1035 4189 ἦν
1055 4121 1121 4189 τῇ
1148 4118 1425 4190 προθυμίᾳ
1450 4119 1542 4171 καὶ
1572 4118 1789 4171 πλείονα

196 4208 449 4279 σπουδὴν
480 4208 634 4279 παρὰ
663 4211 868 4273 πάντας
892 4210 1258 4272 ἐπεδείκνυτο,
1286 4210 1532 4264 σπεύδων
1565 4212 1658 4264 καὶ
1691 4227 1789 4263 πε-

196 4301 495 4372 ριτρέχων,
520 4302 613 4354 καὶ
634 4301 808 4373 πάντη
836 4314 923 4355 τον
947 4303 1176 4375 Σωτῆρα
1200 4302 1507 4374 περιαθρῶν
1531 4302 1789 4371 ἅνεωγόσι

192 4394 317 4455 τοῖς
351 4391 455 4459 τῆς
483 4390 661 4461 ψυχῆς
692 4390 925 4462 ὄμμασι,
958 4392 1231 4464 πανταχοῦ
1263 4394 1319 4446 δὲ
1353 4392 1530 4464 ζητῶν
1576 4395 1668 4447 καὶ
1694 4411 1789 4446 πε-

197 4482 621 4554 ριδλεπόμενος,
651 4484 749 4536 ούκ
773 4483 1014 4555 ἠτύχησε
1037 4485 1135 4556 τῆς
1164 4485 1393 4550 ἐλπίδος,
1422 4484 1556 4539 ἀλλὰ
1585 4487 1677 4539 καὶ
1699 4488 1788 4540 αύ-

193 4578 294 4639 τὺς
320 4573 566 4640 ἀξιοῦται
600 4576 699 4646 τῆς
734 4577 896 4629 αὑτοῦ
928 4577 1245 4647 θεοφανεὶας
1265 4592 1278 4606 ⁸
1308 4580 1497 4631 τούτου
1531 4580 1737 4650 μάρτυς
1759 4582 1787 4633 6

188 4668 365 4729 αὐτὸς
396 4667 788 4739 εὐαγγελιστὴς
821 4671 1035 4732 Λουκᾶς
1066 4663 1167 4722 ὧδέ
1201 4688 1274 4741 πη
1314 4669 1513 4741 προῖὼν
1541 4670 1666 4741 ἑξῆς
1694 4672 1786 4724 καὶ

192 4761 383 4829 λέγων
410 4761 493 4813 ὅτι
521 4760 689 4824 ὅντως
718 4761 923 4834 ἠγέρθη
950 4764 977 4815 6
1010 4762 1211 4834 Κύριος
1240 4764 1332 4816 καὶ
1354 4763 1507 4834 ὤφθη
1557 4762 1782 4833 Σὶμωνι.

194 4853 272 4904 Συ
282 4856 596 4923 μμαρτυρεί
618 4853 673 4905 δὲ
699 4853 847 4924 αὐτῷ
874 4854 969 4907 καὶ
990 4856 1018 4907 6
1050 4856 1191 4925 ἱερὸς
1208 4855 1524 4917 Ἀπόστολος
1547 4848 1648 4908 ὦδε
1674 4856 1784 4908 Κο-

192 4944 432 5017 ρινθίοις
450 4947 695 5016 γράφων,
721 4948 800 4999 ὅτι
831 4967 847 4997 ι
864 4946 1037 5018 Ὠφθη
1064 4950 1241 5019 Κεφᾷ,
1269 4944 1384 5000 εἶτα
1402 4951 1512 5011 τοῖς
1537 4947 1778 5001 ἕνδεκα.»

195 5039 400 5106 Κεφᾶς
430 5037 487 5091 δὲ
514 5039 673 5103 αὐτὸς
700 5035 768 5111 ἦν
801 5040 981 5111 Σίμων
1011 5042 1039 5093 6
1072 5041 1166 5093 καὶ
1198 5040 1423 5111 Πέτρος,
1456 5033 1499 5107 ᾧ
1538 5040 1629 5093 καὶ
1677 5042 1783 5111 πρὸ

193 5128 318 5181 τῶν
353 5129 548 5183 ἕνδεκα
592 5131 749 5200 μόνος
797 5132 942 5203 μόνῳ
992 5131 1143 5202 ὤφθη
1177 5134 1205 5184 6
1252 5132 1461 5201 Σωτὴρ,
1494 5131 1595 5201 τῆς
1632 5133 1782 5204 παρὰ

192 5220 417 5283 πάντας
441 5222 884 5294 ὑπερϐαλλούσης
912 5222 1077 5277 αὐτοῦ
1104 5226 1262 5295 χάριν
1304 5225 1554 5295 σπουδῆς.

968 5338 1045 5392 Ε’.

276 5420 415 5495 (65')
437 5423 556 5476 Ἔτι
580 5425 860 5497 ζητήσειεν
881 5427 945 5481 ἄν
972 5445 1055 5492 τις
1082 5428 1197 5492 πῶς
1226 5429 1375 5501 παρὰ
1403 5431 1500 5502 μὲν
1528 5432 1607 5501 τῷ
1634 5434 1759 5487 Ματ

1894 3308 2018 3347 cum
2050 3291 2239 3345 eodem
2274 3289 2539 3354 recessit,
2572 3289 2704 3343 visis
2746 3289 2890 3343 intra
2926 3297 3335 3345 monumentum
3367 3290 3473 3344 lin-

1892 3383 2242 3443 teaminibus,
2293 3381 2481 3449 reique
2526 3395 2669 3433 verae
2707 3382 2911 3434 certior
2963 3379 3160 3436 factus.
3203 3379 3271 3434 At
3306 3395 3459 3445 vero,

1893 3474 2190 3530 secundum
2217 3473 2443 3534 Lucam,
2480 3470 2602 3524 aliis
2633 3470 2918 3540 discipulis
2952 3488 3061 3527 non
3094 3473 3467 3542 credentibus,

1893 3565 2040 3619 solus
2085 3563 2201 3633 ipse
2242 3560 2416 3616 credit
2450 3561 2738 3615 mulierum
2773 3560 3115 3615 atlirmationi
3172 3562 3469 3617 dicentium

1892 3672 1952 3711 se
1989 3657 2210 3727 angelos
2256 3654 2479 3710 vidisse.
2534 3652 2749 3706 Etenim
2809 3652 3097 3706 mulierum
3154 3655 3472 3709 testimonio

1891 3764 2002 3804 non
2031 3748 2368 3812 discredens,
2402 3763 2599 3801 rursus
2630 3745 2693 3797 ad
2729 3751 3143 3799 monumentum
3191 3747 3343 3800 solus
3372 3761 3467 3800 ve-

1891 3843 1973 3896 nit
1998 3861 2011 3897 :
2032 3855 2332 3910 rursusque
2363 3836 2775 3907 introspiciens,
2800 3835 2916 3889 sola
2947 3834 3262 3889 linteamina
3288 3846 3346 3890 ut
3371 3851 3471 3891 an-

1892 3943 1973 3988 tea
2005 3933 2160 3987 vidit.
2193 3932 2398 3986 Deinde
2428 3931 2580 3992 abiit,
2616 3943 2803 3983 secum
2852 3927 2969 3997 ipse
3002 3940 3116 3981 rem
3164 3927 3465 3985 demirans.

1894 4024 2115 4079 Scilicet
2144 4039 2258 4077 rem
2284 4031 2492 4093 gestam
2524 4022 2723 4076 tacitus
2759 4018 3154 4089 admirabatur,
3193 4021 3322 4091 quia
3356 4023 3479 4077 fer--

1890 4116 2015 4170 vida
2047 4123 2227 4169 mente
2252 4122 2386 4179 erat,
2430 4113 2838 4183 plurimumque
2869 4111 3109 4165 studium
3146 4127 3258 4181 pra:
3288 4113 3469 4168 omni-

1890 4210 1996 4265 bus
2030 4208 2463 4271 demonstrabat,
2507 4214 2763 4279 satagens
2815 4216 2977 4279 atque
3018 4210 3374 4275 discurrens;
3414 4216 3471 4264 et

1890 4302 2092 4371 ubique
2131 4299 2475 4354 Servatorem
2520 4301 2723 4369 apertis
2770 4302 2989 4366 intuens
3040 4301 3234 4355 animae
3260 4300 3460 4368 oculis,

1890 4407 2301 4463 quaqueversus
2374 4391 2641 4461 indagans
2708 4400 2762 4449 et
2833 4395 3318 4466 circumSpiciens,
3374 4412 3471 4467 spe

1819 4526 1860 4579 ο
1892 4502 1989 4543 sua
2033 4502 2141 4541 non
2170 4488 2392 4549 excidit,
2429 4487 2525 4542 sed
2557 4497 2610 4543 et
2644 4488 2761 4558 ipse
2806 4488 2990 4544 divina
3025 4490 3470 4547 inanil‘estatione

1890 4580 2091 4648 dignus
2123 4578 2242 4633 fuit.
2276 4578 2373 4633 Rei
2405 4581 2561 4635 testis
2592 4579 2734 4636 idem
2765 4583 3097 4653 evangelista
3133 4582 3332 4647 Lucas,
3376 4584 3472 4655 qui

1888 4672 1943 4726 in
1977 4674 2437 4743 subsequentibus
2476 4673 2629 4737 dicit,
2678 4689 2868 4729 revera
2918 4678 3230 4733 surrexisse
3280 4676 3469 4732 Domi-

1887 4779 2043 4831 num,
2079 4773 2131 4819 et
2171 4766 2492 4835 apparuisse
2539 4763 2771 4820 Simoni.
2818 4766 3099 4822 Consonat
3154 4770 3282 4822 huic
3323 4769 3466 4823 sacri

1890 4857 2140 4928 Apostoli
2194 4858 2569 4913 testimonium
2601 4859 2669 4914 ad
2725 4860 3038 4917 Corinthios
3108 4863 3399 4917 scribentis
3448 4882 3464 4919 :

1898 4970 1917 5005 ι
1963 4952 2122 5007 Visus
2151 4960 2236 5008 est
2263 4951 2480 5023 Cephze,
2516 4962 2571 5009 et
2604 4954 2799 5011 deinde
2827 4956 3077 5010 undecim
3106 4956 3174 5012 9‘.
3207 4975 3226 5008 ›
3253 4956 3466 5024 Cepbas

1891 5055 2073 5101 autem
2104 5047 2223 5116 ipse
2255 5044 2444 5100 Simon
2480 5056 2563 5105 est
2604 5065 2665 5104 ac
2717 5048 2942 5115 Petrus;
2998 5048 3087 5103 cui
3146 5049 3307 5103 etiam
3340 5058 3465 5105 ante

1889 5138 2026 5194 alios
2057 5135 2312 5193 undecim
2346 5139 2494 5195 solus
2522 5141 2623 5197 soli
2652 5139 2901 5211 apparuit
2932 5139 3209 5204 Servator,
3239 5148 3464 5211 [ποριεῖ-

1886 5240 2158 5280 summam
2192 5231 2310 5299 ejus
2340 5233 2704 5301 prae-omnibs
2726 5232 3082 5289 seculitatcm.

2643 5341 2709 5396 ν.

1962 5434 2189 5503 Insuper
2228 5436 2425 5505 aliquis
2450 5434 2817 5490 sciscitabitur
2842 5434 3113 5506 quomodo
3142 5433 3285 5506 apud
3319 5432 3455 5491 Mat-

275 5580 324 5614 ⁶⁸
364 5579 557 5637 Matth.
592 5598 756 5653 xxvr,
792 5584 880 5639 55.
957 5585 1000 5618 ⁸⁹
1041 5586 1228 5644 Matth.
1267 5606 1391 5658 xvr,
1434 5589 1520 5647 16.
1597 5592 1642 5626 ⁸⁸
1684 5590 1806 5649 ibid.

1896 5592 1940 5645 7.
2018 5591 2060 5623 "
2105 5589 2269 5645 lCor.
2314 5608 2403 5660 xv,
2440 5593 2492 5645 5.

266 5734 390 5810 tua»
428 5735 965 5829 Cod.A,l1512,b.

1952 5744 2087 5821 (ὅδ’)
2126 5747 2236 5804 Cod
2280 5750 2342 5817 Α,
2378 5747 2412 5801 r.
2446 5746 2569 5803 an.
