3952 6198
616 302 714 361 991

1278 295 1549 355 EUSEBll
1589 297 2080 354 CxESARlE-NSIS
2111 298 2264 356 OPP.
2295 299 2474 356 PARS
2507 295 2602 354 Ill.
2642 327 2712 339 --
2748 293 3156 352 EXEGETICA.
3638 300 3712 354 999.

612 425 812 481 theum
853 418 1020 474 Maria
1054 415 1370 487 Magdalene
1401 405 1804 486 cum'ejusdem
1832 415 2068 472 nominis
2095 417 2173 470 al-

2207 422 2252 479 Α
2279 416 2413 488 θαίῳ
2435 418 2468 488 ή
2499 412 2828 484 Μαγδαληνὴ
2852 411 3035 482 Μαρία
3064 406 3200 481 μετὰ
3226 409 3318 481 τῆς
3342 408 3580 480 ὁμωνύμου
3601 415 3744 485 ευριπ

612 525 729 572 tera
756 513 956 567 vidisse
988 516 1144 564 extra
1196 513 1606 561 monumentum
1654 505 1981 562 insidentem
2013 507 2179 577 lapidi

612 620 782 664 unum
833 597 1214 655 tantummodo
1264 597 1518 668 angelum
1570 595 1831 652 dicatur:
1880 597 2178 651 secundum

609 695 874 754 Joannem
907 700 1084 746 autem
1138 689 1284 743 intra
1316 695 1725 742 monumentum
1769 687 1991 758 angelos
2035 687 2177 744 duos

611 787 863 845 sedentes
895 781 1166 854 aspexerit
1198 799 1212 836 :
1239 786 1294 834 at
1336 795 1466 834 vero
1504 779 1805 836 secundum
1841 778 2044 834 Lucam
2073 779 2182 835 duo

611 878 713 933 viri
758 875 1082 931 mulieribus
1131 870 1474 928 occurrerint
1528 888 1540 924 :
1597 870 1831 940 denique
1877 869 2180 925 secundum

613 967 860 1022 Marcum
890 964 1111 1035 juvenis
1142 963 1210 1018 ab
1250 963 1384 1033 ipsis
1413 968 1741 1031 conspectus
1774 959 1974 1016 fuerit?

683 1059 966 1114 Dictorum
1021 1057 1165 1126 apud
1210 1055 1473 1110 Joannem
1513 1063 1675 1124 atque
1713 1053 2022 1108 Matthaaum
2068 1053 2182 1108 haec

613 1160 733 1207 esto
763 1150 982 1206 solutio.
1032 1148 1286 1201 Arbitror
1328 1146 1471 1202 enim
1530 1145 1875 1214 praecessisse
1919 1161 2006 1208 ea,
2062 1160 2183 1214 qua:

519 1298 522 1300 γ
613 1248 802 1296 narrat
829 1237 1092 1305 Joannes,
1123 1237 1190 1292 iis
1219 1250 1340 1306 quae
1374 1235 1692 1301 Matthaaus;
1724 1242 1780 1288 et
1811 1233 2183 1305 Magdalenam

611 1333 670 1389 in
702 1332 879 1402 primo
917 1329 1152 1384 adventu
1183 1328 1403 1398 angelos
1433 1326 1571 1381 duos
1605 1326 1745 1381 intra
1775 1335 2180 1381 monumentum

616 1422 870 1478 sedentes
897 1420 1120 1474 vidisse.
1162 1418 1356 1473 Postea
1396 1417 1463 1470 ad
1485 1416 1735 1471 eumdem
1767 1417 1943 1470 locum
1991 1431 2183 1471 rursus

613 1528 955 1585 progressam
985 1527 1106 1566 cum
1132 1511 1238 1564 alia
1266 1509 1451 1573 Maria,
1480 1507 1803 1564 insidentem
1833 1506 1995 1578 lapidi
2021 1523 2182 1577 ange-

616 1605 726 1659 lum
753 1603 1124 1674 spectavisse;
1157 1602 1242 1656 vel
1273 1601 1436 1656 etiam
1470 1598 1701 1655 fortasse
1747 1597 1888 1652 alius
1931 1606 2013 1652 est
2043 1596 2184 1667 apud

616 1695 926 1751 Mattlmum
991 1693 1237 1763 angelus,
1287 1691 1433 1747 aliud
1484 1700 1699 1762 tempus
1752 1690 2015 1759 locusque
2075 1702 2184 1758 quo

2281 505 2431 559 κέναι
2459 491 2614 568 ἐκτὸς
2638 502 2732 556 τοῦ
2767 503 3042 573 μνήματος
3063 497 3291 569 ὲπικαθή
3300 516 3443 568 μενον
3460 499 3523 569 τῷ
3545 500 3714 569 metu

2283 598 2442 668 μόνον
2462 595 2685 666 ἄγγελον
2718 595 2928 667 εἴρηται
2954 609 2967 624 °
2992 591 3133 647 κατὰ
3171 591 3226 645 δὲ
3267 589 3354 644 τὸν
3406 590 3604 664 Ἰωάννην
3634 596 3719 650 tiam

2279 691 2370 746 τοῦ
2399 692 2674 763 μνήματος
2698 689 2956 758 ἀγγέλους
2981 685 3071 740 δύο
3092 685 3282 756 θεωρεῖ
3299 683 3609 756 καθημένουςο
3626 691 3722 742 κατὰ

2279 785 2335 839 δὲ
2361 784 2453 837 τὸν
2484 785 2696 837 Δουκᾶν
2747 780 2840 836 δύο
2886 780 3075 852 ἄνδρες
3125 779 3374 848 ἀπήντων
3414 780 3514 842 ταῖς
3551 782 3721 848 γυναιξί·

2279 876 2417 931 κατά
2446 876 2501 930 δὲ
2526 875 2618 930 τὸν
2641 874 2863 948 Μάρκον
2889 871 3167 934 νεανίσκος
3191 866 3257 942 ἦν
3284 870 3448 935 αὐτοῖς
3468 871 3683 942 ὁρώμενος.

2349 1062 2434 1116 Τά
2465 1061 2563 1132 μὲν
2591 1059 2741 1131 παρά
2763 1059 2842 1130 τῷ
2882 1058 3104 1132 Ἰωάννῃ
3133 1058 3229 1111 καὶ
3252 1055 3485 1126 Ματθαίῳ
3513 1055 3666 1120 λύσεως
3684 1058 3726 1111 ἃν

2279 1153 2430 1225 τύχοι
2455 1152 2744 1223 τοιαύτης⁹
2779 1150 3013 1222 ἠγοῦμαι
3057 1150 3164 1220 γάρ
3211 1148 3531 1220 προηγεῖσθαι
3575 1150 3646 1218 μὲν
3665 1150 3727 1218 τὴν

2286 1241 2532 1312 παράτῷ
2566 1242 2781 1311 Ἰωάννῃ
2818 1237 3077 1310 ἱστορίαν,
3112 1238 3212 1307 τῆς
3242 1235 3381 1306 παρὰ
3416 1235 3483 1306 τῷ
3525 1235 3725 1312 lineam,

2282 1308 2380 1384 atat
2404 1308 2886 1401 τὴν-Μαγδαλήνὴν
2933 1308 2996 1381 τὸ
3035 1326 3251 1400 πρῶτον
3284 1325 3514 1380 ἐλθοῦσαν
3538 1308 3639 1390 ’τοὺς
3670 1327 3729 1379 δύο

2281 1422 2542 1492 ἀγγέλους
2592 1423 2722 1476 είσω
2769 1421 2862 1476 τοῦ
2917 1422 3199 1493 μνήματος
3246 1418 3586 1489 καθεζομένους
3623 1421 3726 1472 ἰδεῖν·

2285 1516 2421 1586 μετά
2459 1515 2515 1568 δὲ
2553 1513 2726 1568 ταῦτα
2767 1511 3014 1585 δεύτερον
3056 1513 3352 1566 ἐπιστᾶσαν
3390 1509 3460 1580 τῷ
3491 1509 3603 1580 αὐτῷ

2285 1606 2421 1677 μετὰ
2460 1607 2559 1677 τῆς
2598 1605 2762 1676 ἄλλης
2787 1605 3003 1676 Μαρίας
3027 1605 3120 1656 τὸν
3160 1602 3526 1673 ἐπικαθήμενον
3563 1601 3617 1670 τῷ
3639 1601 3729 1670 λίθῳ

2283 1696 2508 1766 ἄγγελον
2532 1695 2850 1767 ἑωρακέναι.
2876 1695 2946 1748 Ἦ
2973 1694 3116 1764 τάχα
3143 1693 3230 1746 ἓτε
3240 1709 3326 1764 ρος
3353 1690 3441 1762 μὲν
3465 1693 3491 1744 ὁ
3514 1689 3625 1760 παρὰ
3638 1691 3733 1743 Ματ-

615 1789 840 1859 angelus
870 1789 1020 1843 visus
1053 1786 1156 1840 fuit
1189 1803 1203 1839 :
1233 1785 1324 1839 alii
1352 1785 1480 1840 item
1513 1783 1690 1854 angeli
1735 1781 1876 1852 apud
1902 1795 2026 1836 eum
2063 1795 2176 1833 mu-

2168 1810 2181 1820 -
2212 1777 2254 1832 Β
2280 1790 2415 1862 θαίῳ
2433 1789 2678 1859 ἄγγελος,
2711 1788 2798 1842 ἓτε
2809 1805 2898 1859 ρος
2923 1788 2979 1841 δὲ
3009 1787 3104 1840 καὶ
3126 1789 3155 1840 ό
3186 1786 3369 1858 χρόνος
3394 1785 3476 1838 καὶ
3493 1787 3514 1838 ὀ
3533 1785 3649 1846 τόσος
3664 1787 3729 1853 τῆς

615 1882 842 1937 lieribus
873 1881 1043 1936 oblati
1077 1899 1091 1935 :
1131 1879 1443 1950 pariterque
1483 1877 1593 1932 duo
1629 1875 1771 1947 apud
1802 1874 2063 1930 Joannem
2091 1888 2183 1928 an-

616 1975 720 2047 geli
750 1976 891 2028 intra
932 1979 1346 2027 monumentum
1381 1968 1657 2033 sedentes,
1687 1967 1888 2024 diversi
1921 1966 2181 2022 credendi

617 2073 746 2122 sunt
774 2067 842 2119 ab
865 2065 957 2118 illo
993 2064 1086 2135 qui
1114 2072 1268 2118 extra
1306 2070 1722 2118 monumentum
1755 2058 1923 2130 lapidi
1975 2059 2183 2114 inside-

616 2157 728 2221 bat,
779 2165 838 2212 ut
867 2166 1055 2212 narrat
1089 2155 1394 2210 Matthaeus.
1427 2152 1563 2208 Nam
1594 2153 1662 2216 si,
1714 2168 1839 2209 cum
1895 2152 2182 2207 Matthzeus

615 2251 763 2307 dicat
793 2265 915 2306 sero
941 2249 1327 2311 Sabbatorum,
1359 2263 1640 2318 unumque
1673 2254 1800 2303 ante
1838 2246 2036 2303 ostium
2067 2260 2183 2300 mo-

616 2345 862 2399 numenti
890 2343 1166 2399 sedentem
1192 2341 1246 2396 in
1273 2340 1471 2412 lapide,
1491 2339 1732 2396 Joannes
1754 2339 1941 2395 eodem
1973 2345 2184 2393 retento

617 2447 862 2507 tempore
903 2451 963 2490 ac
996 2435 1138 2498 loco,
1171 2433 1421 2497 dixisset,
1482 2448 1606 2488 sero
1645 2432 2030 2495 Sabbatorum,
2060 2437 2185 2485 ante

614 2529 817 2584 ostium
859 2526 1197 2582 monumenti
1244 2525 1382 2581 duos
1416 2525 1580 2595 lapidi
1626 2523 1926 2579 insidentes
1951 2536 2183 2592 conspe-

616 2631 757 2685 ctos,
788 2636 916 2676 vere
956 2626 1232 2689 oporteret
1267 2617 1665 2673 dissonantiam
1707 2616 1945 2671 causari.
1976 2614 2104 2670 Item
2138 2615 2184 2670 si

617 2713 904 2767 Matthaaus
933 2713 1084 2780 a':que
1111 2724 1174 2764 ac
1208 2707 1448 2764 Joannes
1483 2709 1803 2762 matutinam
1829 2706 2016 2761 horam
2040 2704 2184 2759 affir-

618 2817 798 2866 mans,
831 2801 976 2855 intra
1030 2807 1443 2854 monumentum
1485 2798 1600 2868 ipse
1639 2813 1856 2868 quoque
1895 2812 2006 2850 non
2048 2796 2186 2852 duos

617 2874 970 2962 angelos-sed
1010 2905 1180 2944 unum
1224 2890 1401 2944 visum
1438 2889 1748 2951 aliirmaret.
1793 2888 2067 2943 contraria
2100 2889 2186 2942 vi-

617 2983 839 3038 deretur
881 2981 1074 3038 merito
1127 2981 1387 3036 scribere.
1446 2978 1931 3036 Verumenimvero
1993 2979 2040 3035 si
2082 2978 2189 3035 dis-

619 3074 896 3129 tinxerunt
929 3071 1276 3142 evangelista:
1301 3080 1568 3141 tempora,
1603 3079 1658 3127 et
1681 3070 1894 3136 modos,
1925 3078 1979 3126 et
2001 3085 2188 3141 perso-

2282 1881 2374 1936 τοῦ
2409 1881 2636 1951 ἀγγέλου
2664 1880 2792 1944 θέας
2816 1897 2830 1910 ο
2879 1880 3054 1952 ἕτεροι
3095 1880 3154 1932 δὲ
3202 1880 3293 1933 καὶ
3324 1877 3513 1945 ἄγγελοι
3546 1874 3662 1928 αὑτοῦ
3696 1878 3731 1926 oi

2284 1975 2418 2046 πρὸς
2466 1973 2564 2034 τὰς
2619 1975 2909 2042 γυναῖκας⁹
2936 1970 3200 2034 ὡσαύτως
3250 1970 3305 2024 δὲ
3329 1969 3418 2023 καὶ
3457 1969 3496 2020 οἱ
3532 1966 3645 2036 παρὰ
3678 1965 3733 2034 τῷ

2295 2065 2514 2138 Ἰωάννῃ
2539 2064 2631 2118 δύο
2663 2064 2880 2133 ἄγγελοι
2907 2066 2954 2118 oi
2986 2064 3119 2117 εἵσω
3146 2062 3239 2116 τοῦ
3277 2063 3524 2133 μνήματος
3555 2059 3736 2126 ἀρθέντες

2282 2159 2457 2230 ἕτεροί
2488 2161 2592 2212 είσι
2613 2157 2760 2230 παρά
2779 2158 2870 2212 τὸν
2895 2157 2997 2224 ἔξω
3022 2157 3130 2229 πρὸ
3167 2157 3432 2229 μνήματος
3468 2153 3619 2223 ἐπὶτῷ
3648 2151 3734 2220 λίθῳ

2283 2251 2641 2323 καθεζόμενον
2662 2251 2811 2322 παρά
2827 2250 2905 2322 τῷ
2929 2249 3217 2320 Ματθαίῳ.
3240 2250 3302 2303 Et
3327 2248 3417 2319 μὲν
3442 2247 3532 2317 γάρ
3553 2244 3624 2298 τοῦ
3640 2244 3736 2297 llat-

2284 2345 2433 2399 θαίου
2465 2343 2560 2414 ὀψὲ
2587 2343 2876 2398 Σαϐϐάτων
2907 2341 3211 2414 εἰρηκότος,
3252 2340 3344 2394 καὶ
3365 2339 3452 2393 ἕνα
3480 2337 3565 2408 πρὸ
3587 2335 3658 2404 τῆς
3677 2334 3736 2386 θί-

2288 2455 2385 2508 ρας
2415 2436 2508 2491 τοῦ
2537 2435 2796 2507 μνημείου
2824 2433 3129 2505 καθήμενον
3169 2434 3260 2487 ἐπὶ
3296 2431 3371 2503 τῷ
3404 2431 3519 2501 λίθῳ
3545 2427 3736 2498 immri-

2283 2547 2394 2594 τος,
2436 2529 2671 2599 φυλάξας
2709 2531 2738 2582 ὁ
2781 2527 3029 2598 Ἰωάννης
3074 2527 3170 2580 τὸν
3198 2525 3356 2580 αὐτὸν
3402 2523 3564 2596 καιρὸν
3589 2521 3656 2575 καὶ
3678 2520 3738 2571 τὸν

2285 2623 2444 2677 αὐτὸν
2495 2622 2656 2676 τόπον
2687 2621 2897 2692 εἰρήκει
2943 2620 3038 2689 ὀψὲ
3071 2620 3361 2674 Σαϐϐάτων
3380 2659 3394 2683 ,
3426 2617 3516 2688 πρὸ
3535 2617 3611 2684 τῆς
3629 2612 3738 2683 θύρας

2285 2713 2378 2768 τοῦ
2413 2715 2691 2785 μνήματος
2736 2712 2828 2766 ἐπὶ
2856 2711 2934 2783 τῷ
2979 2711 3113 2783 λίθῳ
3155 2710 3248 2764 δύο
3297 2708 3634 2779 καθεζομένους
3658 2705 3738 2774 ορί-

2287 2806 2429 2871 σθαι,
2451 2801 2518 2877 ἦν
2537 2805 2750 2877 ἀληθῶς
2773 2805 3062 2874 διαφωνίαν
3089 2804 3379 2858 αἰτιᾶσθαι.
3400 2796 3738 2856 K116312101?“

2285 2899 2542 2964 ὡσαύτως
2578 2901 2626 2953 εί
2655 2901 2853 2970 ὁμοίως
2894 2898 3116 2971 Ἰωάννῃ
3157 2897 3257 2969 τὴν
3300 2895 3523 2967 πρωῖνήν
3548 2891 3658 2962 ὥραν
3679 2905 3737 2956 τηε

2290 2988 2476 3059 ρήσας,
2499 2989 2628 3041 εἵσω
2657 2987 2748 3040 τοῦ
2783 2987 3058 3058 μνήματος
3080 2987 3178 3040 καὶ
3203 2986 3360 3049 αὐτὸς
3384 2986 3438 3038 ού
3465 2983 3544 3035 δύο
3565 2979 3739 3048 ἀγγέλους

2286 3078 2400 3133 ἀλλ’
2433 3080 2531 3134 ἕνα
2561 3079 2729 3150 ἔφησε
2759 3077 3150 3151 τεθεωρῆσθαι,
3182 3078 3435 3134 τάναντία
3457 3075 3601 3139 ἔδοξεν
3625 3072 3670 3126 ἂν
3694 3070 3739 3121 εἰ·

619 3178 722 3219 nas
769 3161 1154 3234 spectantium,
1231 3176 1448 3216 necnon
1519 3161 1832 3232 angelorum
1885 3175 2180 3224 sermones,

2177 3200 2186 3224 ν
2215 3176 2257 3232 C
2291 3173 2462 3236 κότως
2515 3172 2867 3243 συγγράφειν.
2904 3173 2966 3225 Et
2997 3171 3042 3225 δ’
3069 3170 3350 3242 ἀφώρισαν
3376 3172 3423 3223 οἱ
3467 3160 3738 3235 εὐαγγελιστιί

621 3271 782 3312 nemo
810 3253 1209 3309 rationabiliter
1241 3253 1638 3310 dissonantiam
1683 3253 1979 3324 Scriptum
2021 3268 2185 3307 accu-

622 3347 784 3407 sabit.
811 3361 937 3400 cum
969 3345 1200 3416 singula:
1241 3345 1582 3400 narrationes
1628 3358 1728 3398 suo
1767 3357 1995 3413 quaeque
2024 3341 2185 3396 modo

622 3452 764 3492 verae
788 3437 919 3501 sint,
947 3443 1002 3492 et
1031 3437 1373 3492 diversarum
1408 3449 1589 3491 rerum
1641 3433 1845 3488 faciant
1890 3433 2187 3503 expositio-

622 3544 769 3583 nem.
804 3527 909 3583 Sed
933 3528 1074 3598 apud
1101 3529 1235 3584 istos
1258 3529 1619 3598 evangelistas
1646 3528 1662 3597 (
1687 3526 1872 3580 Matth.
1906 3534 1960 3581 et
1990 3525 2184 3596 Joan.)

623 3621 819 3688 angeli,
864 3629 917 3674 et
964 3618 1270 3675 Servatoris
1312 3626 1436 3689 post
1486 3619 1940 3674 resurrectibnem
1975 3617 2186 3686 appari-

624 3712 820 3771 tiones.
847 3711 988 3780 apud
1018 3711 1118 3767 bos
1149 3712 1367 3781 inquam
1393 3711 1562 3771 solos,
1592 3693 1736 3764 velut
1757 3709 1892 3778 apud
1926 3709 2184 3778 potiores,

623 3809 679 3857 et
712 3802 888 3871 ipsius
919 3800 1229 3857 Servatoris
1277 3810 1614 3872 spectatores
1651 3807 1706 3856 et
1736 3799 2016 3855 auditores
2044 3800 2185 3856 rela-

627 3904 715 3958 tae.
756 3895 901 3950 hunc
931 3894 1177 3950 ordinem
1209 3903 1450 3952 teneant.
1495 3894 1610 3950 Duo
1653 3910 1780 3950 vero
1813 3895 1954 3964 apud
1987 3893 2186 3948 Lucam

626 3987 727 4042 viri
781 3989 836 4042 in
867 3996 1014 4042 veste
1069 3986 1309 4062 fulgente
1364 3985 1490 4051 visi,
1544 3985 1907 4041 solemnitatis
1945 3983 2186 4056 symbola

627 4083 736 4139 sint
772 4102 785 4136 :
820 4083 1057 4152 itemque
1079 4080 1298 4150 juvenis
1327 4080 1470 4150 apud
1499 4079 1744 4134 Marcum
1785 4078 1922 4134 stola
1955 4076 2187 4132 candida

625 4179 680 4226 et
718 4171 834 4242 ipse
865 4179 1187 4241 coopertus,
1235 4171 1290 4224 in
1345 4170 1532 4225 dextra
1574 4184 1685 4224 non
1733 4177 1912 4223 autem
1964 4169 2188 4224 sinistra

629 4269 782 4332 parte
823 4269 1170 4332 conspectus,
1205 4262 1324 4315 lasta
1355 4269 1409 4316 et
1437 4262 1627 4316 dextra
1682 4259 2002 4316 mulieribus
2049 4275 2189 4314 nun-

627 4356 808 4419 tians;
839 4359 894 4408 et
947 4353 1024 4418 hi,
1065 4353 1308 4422 inquam,
1341 4352 1543 4408 diversi
1590 4353 1891 4408 habeantur
1924 4360 2037 4406 tum
2068 4366 2100 4404 a
2129 4367 2190 4406 se

627 4444 878 4510 invicem,
901 4451 1011 4497 tum
1041 4458 1071 4496 a
1099 4443 1307 4513 primis.
1339 4443 1701 4512 Quamobrem
1731 4459 1799 4499 ne
1825 4444 2044 4514 angelus
2068 4444 2189 4513 qui-

2289 3262 2382 3315 καὶ
2412 3261 2536 3326 τοὺς
2567 3262 2788 3333 χρόνους
2815 3260 2908 3314 καὶ
2932 3263 3057 3325 τοὺς
3083 3263 3338 3333 τρόπους,
3365 3260 3451 3313 καὶ
3483 3258 3540 3312 τὰ
3563 3253 3740 3326 πρόσωπα

2288 3354 2396 3408 τῶν
2419 3353 2724 3423 θεωμένων,
2751 3355 2844 3408 καὶ
2869 3355 2995 3418 τοὺς
3027 3353 3137 3407 τῶν
3153 3353 3393 3422 ἀγγέλων
3419 3351 3595 3416 λόγους,
3614 3345 3684 3398 οὐκ
3703 3342 3740 3392 ἄν

2290 3464 2372 3510 τις
2399 3446 2634 3515 εὐλόγως
2681 3447 2953 3518 μέμψαιτο
2995 3446 3290 3516 διαφωνίαν
3315 3446 3408 3516 τῆς
3447 3441 3638 3514 Γραφῇ,
3658 3435 3743 3504 ἀλη·

2291 3539 2552 3611 θευούσης
2587 3539 2821 3610 ἑκάστης
2848 3538 2989 3592 κατά
3017 3539 3107 3592 τὸν
3139 3539 3342 3602 οίκείας
3389 3534 3594 3606 ἱστορίας
3627 3529 3741 3592 λάτονν

2289 3630 2558 3702 διαφόρων
2586 3648 2643 3683 τε
2673 3631 3010 3702 πραγμάτων
3034 3631 3307 3701 ὑφήγησιν
3326 3627 3577 3700 δηλούσης.
3605 3614 3743 3674 0'-

2295 3722 2393 3792 μὲν
2426 3722 2574 3794 παρὰ
2604 3721 2777 3776 τοῖσδε
2800 3725 2911 3786 τοῖς
2942 3723 3351 3791 εύαγγελισταῖς
3377 3717 3586 3787 ἄγγελοι,
3607 3703 3743 3766 καὶτῶ

2292 3814 2540 3886 Σωτῆρος
2567 3815 2621 3868 al
2648 3814 2784 3885 μετά
2800 3813 2899 3885 τὴν
2920 3815 3214 3868 ἀνάστασιν
3239 3814 3541 3882 θεοφάνειαι,
3561 3802 3670 3875 πειι)ὰ
3685 3797 3744 3886 1³δῇ

2291 3921 2402 3967 νοις
2451 3904 2657 3968 τούτοις
2707 3905 2783 3968 ὼς
2832 3905 2897 3958 ἂν
2929 3904 3080 3975 παρά
3133 3904 3400 3977 κρείττοσι
3442 3901 3521 3953 καὶ
3545 3891 3668 3950 αὐτοῦ
3684 3884 3742 3977 τοῖν

2293 3995 2541 4066 Σωτῆρος
2568 3994 2860 4058 αύτόπταις
2885 4012 2943 4048 τε
2961 3997 3055 4048 καὶ
3081 3976 3365 4066 αὑτηκόοις
3394 3976 3744 4066 φερόμεναι,

2292 4104 2392 4156 την
2420 4064 2640 4150 σιὶιζοιεν
2666 4085 2732 4140 ἂν
2754 4086 2850 4156 τὴν
2872 4064 3217 4140 ἀκολουθίαν.
3237 4087 3299 4139 Οί
3324 4085 3377 4138 δὲ
3403 4079 3536 4152 παρά
3551 4075 3611 4147 τῷ
3625 4064 3744 4134 dmi

2291 4179 2385 4233 δύο
2414 4178 2604 4250 ἄνδρες
2635 4179 2692 4230 ὲν
2719 4177 2904 4248 ὲσθῆτι
2935 4177 3318 4251 ἀστραπτούσῃ
3346 4173 3597 4243 ὀφθέντες,
3622 4156 3744 4251 διὰτᾷ

2293 4272 2390 4340 τῆς
2424 4247 2617 4340 δορτῆς
2658 4247 2900 4340 σύμϐολα
2919 4287 2932 4300 ·
2972 4247 3066 4323 καλ
3095 4273 3123 4324 ό
3151 4247 3402 4340 παράτῷ
3436 4263 3612 4332 Μάρκῳ
3631 4247 3744 4340 νεαγί·

2296 4339 2423 4420 σκος
2446 4339 2644 4428 λευκὴν
2675 4356 3130 4427 περιϐεϐλημένος
3166 4339 3261 4411 καὶ
3304 4354 3454 4416 αὐτὸς
3496 4347 3665 4415 στολὴν,
3689 4339 3742 4428 δεῖ

2297 4444 2405 4510 ξιός
2433 4463 2492 4498 τε
2518 4424 2630 4501 ἀλλ’
2660 4424 2760 4499 οὐκ
2785 4424 3068 4519 ἀριστερὸς
3101 4446 3422 4520 ἑωραμένος,
3443 4443 3510 4514 τῷ
3544 4455 3592 4492 τε
3614 4424 3742 4503 enipi

629 4535 750 4591 dem
784 4535 885 4590 hos
926 4535 1364 4600 nominaverunt,
1399 4551 1576 4606 neque
1616 4533 1921 4590 Servatoris
1953 4534 2190 4590 visiones

2182 4551 2190 4588 ι
2223 4531 2266 4590 Ι)
2295 4537 2388 4591 καὶ
2414 4537 2560 4604 δεξιά
2595 4540 2712 4600 ταῖς
2737 4537 2978 4607 γυναιξὶν
3017 4537 3463 4608 εὐαγγελίζεσθαι,
3484 4531 3613 4586 πάλιν
3632 4526 3743 4590 ἕτερα

627 4634 1038 4691 memorarunt,
1109 4627 1202 4683 sed
1268 4628 1574 4698 potioribus
1669 4642 1729 4682 se
1809 4626 2061 4682 Matthaao
2127 4641 2191 4682 ac

623 4717 819 4775 Joanni
866 4719 1077 4789 potiora
1129 4720 1372 4775 scribere
1409 4727 1464 4776 et
1519 4719 1761 4775 historiae
1807 4719 2190 4775 commendare

624 4815 991 4884 permiserunt
1027 4831 1039 4866 :
1073 4811 1176 4883 ipsi
1206 4828 1337 4868 vero
1377 4813 1616 4868 secunda
1647 4821 1958 4875 narrarunt,
1987 4820 2042 4866 et
2071 4828 2191 4882 qua:

627 4913 748 4975 post
775 4905 960 4976 priora
992 4911 1210 4959 narrata
1237 4911 1533 4959 evenerant
1563 4923 1576 4958 :
1603 4903 1824 4960 omissis
1858 4911 2036 4958 autem
2069 4919 2188 4974 quae

627 5003 793 5052 testes
837 4997 1071 5051 visuales
1101 4995 1214 5065 jam
1256 4996 1529 5059 dixerant,
1588 4995 1691 5064 ipsi
1723 4995 1790 5049 ab
1841 4994 1926 5049 his
1973 4995 2190 5050 silentio

626 5091 896 5160 prmterita
924 5085 1342 5160 suppleverunt;
1370 5101 1488 5158 qua:
1505 5087 1723 5156 quidem
1745 5085 1982 5142 secunda
2010 5094 2187 5151 erant,

629 5183 908 5254 multoque
954 5184 1135 5253 priore
1179 5182 1406 5238 historia
1457 5180 1715 5235 inferiora
1762 5199 1774 5233 :
1813 5180 1893 5235 sic
1933 5178 2188 5234 nimirum

628 5283 817 5331 sancto
860 5274 1066 5347 Spiritu
1107 5291 1376 5347 congruas
1429 5272 1660 5345 singulis
1703 5281 2024 5341 suggerente
2072 5286 2191 5326 nar-

526 5361 531 5366 ’
631 5368 888 5422 rationes.

2292 4630 2358 4684 ἂν
2391 4626 2498 4684 εἷεν
2549 4631 2642 4684 καὶ
2695 4630 2868 4695 αὐτοὶ,
2903 4630 3146 4700 ἀλλήλων
3194 4647 3254 4684 τε
3293 4631 3379 4684 καὶ
3416 4626 3512 4680 τῶν
3541 4611 3742 4690 malm“

2291 4719 2539 4791 πρώτοις.
2589 4719 2679 4773 Διὸ
2723 4719 2843 4774 οὐδὲ
2886 4719 3146 4789 ἀγγέλους
3193 4720 3383 4782 αὐτοὺς
3406 4717 3500 4770 οἵδε
3524 4709 3739 4777 ὠνόμασανο

2288 4812 2409 4864 ἐπεὶ
2437 4811 2570 4881 μηδὲ
2599 4813 2706 4865 τῶν
2731 4811 2828 4866 τοῦ.
2856 4813 3105 4884 Σωτῆρος
3145 4811 3409 4866 όπτασιῶν
3435 4801 3738 4877 ἐμνημόνευσαν

2290 4905 2400 4966 τοῖς
2427 4904 2726 4973 κρείττοσιν
2750 4903 2782 4974 ἦ
2818 4903 2937 4956 καθ’
2963 4904 3190 4968 ὲαυτοῦς
3225 4901 3470 4971 Ματθαίῳ
3495 4897 3573 4951 καὶ
3597 4886 3740 4948 Ἰωάνθ

2293 4996 2360 5048 τά
2391 4996 2668 5066 κρείττονα
2692 4996 2922 5066 γράφειν
2953 4997 3046 5050 καὶ
3064 4998 3291 5070 ἱστορεῖν
3311 4978 3739 5070 παρακεχωρηκθπίξ

2296 5061 2446 5141 αὐτοὶ.
2475 5088 2531 5142 δὲ
2562 5088 2630 5141 τὰ
2667 5061 2894 5160 δεύτερα
2923 5061 3292 5162 διηγούμενοι,
3329 5061 3414 5141 καὶ
3440 5083 3507 5152 τῷ
3540 5061 3740 5162 τὰ

2300 5179 2434 5249 μετὰ
2461 5179 2556 5250 τὴν
2579 5180 2686 5232 τῶν
2722 5179 2949 5250 πρώτων
2983 5182 3200 5252 μνήμην
3221 5180 3431 5249 ὕστερον
3457 5156 3738 5252 πεπραγμξνίν

2298 5271 2576 5341 παρῄεσαν
2631 5273 2728 5341 μὲν
2760 5270 2825 5324 τά
2860 5271 3010 5343 παρά
3062 5275 3171 5335 τοῖς
3228 5269 3499 5325 αύτόπταις
3543 5246 3740 5343 είρηὲξίνῗζ

2298 5361 2730 5434 ἁντανεπλήρουν
2754 5363 2810 5417 δὲ
2834 5362 2902 5417 τά
2935 5367 3061 5436 παρ’
3085 5363 3306 5425 ἐκείνοις
3338 5350 3638 5422 σεσιγηιιδιιένσ⁸
3656 5337 3681 5390 δ
3702 5329 3742 5396 δὴ

629 5456 852 5530 δεύτερα
906 5454 973 5530 ἦν
1005 5459 1096 5512 καὶ
1127 5457 1320 5530 μακρῷ
1364 5439 1669 5528 ’λειπόμενα
1709 5456 1806 5526 τῆς
1840 5453 1945 5507 τῶν
1985 5453 2260 5525 προτέρων
2300 5457 2569 5528 ίστορίαξο
2605 5456 2747 5511 οὕτω
2779 5457 2871 5511 τοῦ
2926 5458 3079 5528 ἁγίου
3134 5455 3428 5526 Πνεύματος
3469 5433 3741 5506 διανείμαντας

629 5552 728 5617 τὰς
764 5555 1073 5622 πρεπούσας
1104 5556 1315 5626 ἑκάστῳ
1348 5556 1441 5609 καὶ
1469 5552 1832 5623 καταλλήλους
1857 5550 2156 5622 διηγήσεις.

1369 5671 1452 5725 γι.

706 5765 837 5832 Quae
883 5764 1044 5836 igitur
1093 5766 1232 5837 apud
1277 5765 1479 5820 Lumm
1515 5763 1671 5823 valde
1712 5778 1870 5820 mane
1910 5761 1976 5817 ad
2005 5775 2197 5818 monu-

3042 5661 3108 5731 ς’

2371 5756 2433 5810 ΛΞ
2454 5754 2580 5824 γοῦν
2613 5753 2758 5828 παρὰ
2780 5755 2856 5827 τῷ
2877 5757 3056 5827 Λουκᾷ
3070 5724 3268 5828 ’όρθρου
3283 5748 3452 5824 βαθέος
3465 5740 3539 5797 ἐπὶ
3552 5736 3598 5790 τὸ
3613 5724 3740 5803 μνῆμα
