3952 6198
245 155 353 210 993
1103 161 1614 220 SUPPLEMENTA
1653 165 1795 233 QUA

1899 168 2139 228 .‘IONUM
2179 174 2270 228 AB
2307 174 2654 235 MARINUM.
3386 190 3489 249 99-1

242 264 495 319 ἐλθοῦσαι
548 268 800 334 γυναῖκες
832 271 925 324 καὶ
980 271 1241 343 φέρουσαι
1266 274 1301 327 ἀ
1326 262 1631 348 ἡτοίμασαν
1673 278 1790 352 ἀρῶ

1919 293 2161 340 mentum
2210 299 2476 344 venerunt
2518 294 2809 361 mulieres,
2857 305 3045 367 parata
3100 298 3335 358 ferentes
3363 318 3489 359 aro-

212 366 423 425 “ματα,
487 356 671 430 ἕτεραι
715 358 780 412 ἂν
843 356 954 415 εἷεν
990 364 1098 418 τῶν
1141 368 1290 438 παρά
1320 366 1397 438 τῷ
1429 369 1692 441 Ματθαίῳ
1724 375 1795 426 κα

1920 384 2087 442 mata,
2120 379 2346 435 diversa:
2374 384 2443 437 ab
2472 383 2538 439 iis
2564 396 2726 441 erunt
2753 404 2875 459 qua:
2908 390 3050 460 apud
3084 391 3391 450 Mattliaaum
3425 413 3488 453 ac

250 450 495 523 Ἰωάννῃ,
543 454 616 505 ού
656 453 763 525 γὰρ
804 453 868 508 ἂν
898 456 1010 527 ἔχοι
1045 458 1201 527 λόγον
1222 459 1320 523 τὰς
1360 462 1596 516 τοσαῦτα
1624 482 1795 537 προτε

1917 464 2180 524 Joannem
2212 485 2607 533 memorantur.
2636 478 2823 550 Neque
2853 483 2998 537 enim
3033 485 3354 542 rationabile
3380 497 3486 555 est,

238 537 514 611 θεαμένας
548 545 765 615 Μαρίας
808 544 933 617 ἄρτι
965 548 1178 619 πρῶτον
1207 550 1474 623 ἀρώματα
1504 553 1708 625 φέρειν,
1743 555 1795 607 di.

1918 557 2118 617 Marias
2150 580 2269 633 quae
2297 567 2425 621 talia
2458 576 2585 624 ante
2615 572 2886 639 viderant,
2920 578 3329 647 nunc,primum
3360 596 3486 638 aro-

240 632 411 700 μήπω
452 632 549 703 τὴν
583 635 872 690 ἀνάστασιν
912 640 1425 712 προμεμαθηκυίας.
1479 646 1673 715 Σαφῶς
1708 649 1795 719 γὰρ

1916 661 2061 707 mata
2092 654 2325 722 deferre,
2359 662 2782 729 quasinondum
2812 668 3268 724 resurrectionem
3301 675 3488 731 novis-

234 721 308 775 δι’
333 717 407 775 ὧν
434 741 562 794 φησι
594 725 829 780 δείκνυσι
853 730 933 781 ὅτι
964 732 1055 784 καὶ
1082 733 1129 784 οἱ
1150 733 1424 803 ὀφθέντες,
1459 736 1632 809 ἕτεροι
1667 740 1795 811 παρέ

1916 751 2059 799 sent.
2133 717 2422 804 Manifeste
2470 751 2722 807 videlicet
2773 754 2857 810 his
2901 772 3020 826 quae
3064 758 3195 813 dicit
3244 759 3485 829 denotat,

234 814 367 877 τοὺς
415 815 720 887 ἔμπροσθεν
770 818 1205 892 δεδηλωμένους·
1240 826 1335 879 καὶ
1394 829 1421 880 ό
1474 829 1635 893 τόπος
1686 830 1795 886 ένθι

1913 835 2061 905 quod
2093 845 2148 891 et
2178 840 2282 893 visi
2310 842 2486 912 angeli
2511 843 2712 900 diversi
2749 814 2953 901 fuerint
2982 849 3051 903 ab
3080 857 3239 907 antea
3270 862 3485 923 specta-

233 903 498 977 ὤφθησαν
531 908 733 980 ἕτερος·
770 909 891 964 οὔτε
914 912 1023 985 γὰρ
1054 914 1185 968 εἴσω
1214 916 1309 969 τοῦ
1340 919 1620 990 μνήματος
1650 917 1811 993 ἦσαν.

232 995 317 1060 ὡς
352 1000 380 1051 ὁ
420 999 669 1070 Ἰωάννης
698 1001 952 1067 ἐδίδαξεν,
987 1004 1109 1058 οὔτε
1148 1007 1241 1059 ἐπὶ
1271 1008 1363 1061 τὸν
1398 1008 1543 1061 λίθον
1583 1009 1811 1076 καθεζό-

237 1106 414 1160 μενοι,
444 1089 518 1155 ὡς
564 1094 592 1146 ὁ
623 1094 774 1166 παρά
799 1094 875 1166 τῷ
924 1096 1185 1170 Ματθαίῳ
1241 1100 1469 1170 ἄγγελος
1490 1119 1504 1132 ·
1552 1103 1666 1156 ἀλλ’
1689 1104 1811 1157 οὐδὲ

232 1182 376 1247 ὅλως
408 1184 686 1256 ὠνόμασεν
713 1188 978 1257 ἀγγέλους
1013 1191 1040 1243 ό
1080 1193 1293 1257 Λουκᾶς
1318 1233 1332 1258 ,
1382 1193 1474 1247 δύο
1504 1196 1561 1248 δὲ
1592 1196 1808 1268 ἄνδρας,

235 1275 377 1347 πλὴν
405 1276 539 1330 ἀλλά
568 1280 663 1332 καὶ
686 1280 884 1345 αὐτοὺς
906 1283 963 1334 ἐν
987 1282 1173 1356 ἐσθῆτι
1198 1285 1605 1358 ἀστραπτούσῃ,
1638 1288 1726 1342 διὰ
1744 1289 1811 1344 τὰ

229 1368 338 1439 τῆς
380 1370 569 1443 ἑορτῆς
605 1372 877 1442 σύμϐολαο
910 1377 1003 1429 καὶ
1032 1379 1080 1429 οἰ
1118 1377 1263 1447 λόγοι
1295 1379 1350 1432 δὲ
1383 1380 1561 1434 αὐτῶν
1592 1382 1641 1435 οἰ
1674 1384 1809 1454 πρὸς

230 1459 334 1522 τὰς
363 1464 621 1528 γυναῖκας
652 1465 908 1530 ίδιάζουσι
933 1484 945 1496 ·
981 1469 1075 1521 καὶ
1120 1471 1174 1522 αί
1214 1474 1467 1539 γυναῖκες
1502 1473 1557 1526 δὲ
1593 1474 1807 1540 πλείους

227 1543 397 1619 ἦσαν,
427 1549 540 1603 ἀλλ’
573 1553 670 1623 οὐχ
702 1555 733 1624 ἠ
764 1556 914 1627 παρὰ
943 1556 1020 1628 τῷ
1045 1557 1306 1631 Ματθαίῳ
1329 1560 1421 1614 δύο
1444 1564 1674 1634 Μαρίαι,
1693 1566 1805 1619 ἀλλ’

1912 927 2023 993 tis;
2078 936 2129 982 et
2159 929 2311 985 locus
2340 932 2429 987 ubi
2480 944 2608 989 sunt
2639 938 2762 1003 \"isi,
2812 941 2941 994 item
2985 940 3270 1012 diversus;
3312 959 3485 1017 neque

1912 1018 2057 1071 enim
2090 1019 2235 1073 intra
2261 1034 2672 1094 monumentum
2707 1038 2885 1094 erant,
2923 1039 2980 1085 ut
3004 1032 3243 1090 Joannes
3268 1037 3480 1107 docuit;

1911 1124 2089 1180 neque
2120 1111 2285 1182 lapidi
2315 1113 2639 1182 insidentes,
2673 1128 2731 1173 ut
2759 1121 2848 1176 ille
2881 1125 3022 1193 apud
3047 1124 3356 1182 Malthzeum
3381 1145 3481 1184 an-

1911 1205 2102 1275 gelus:
2136 1221 2315 1277 neque
2340 1210 2564 1280 angelus
2598 1211 2802 1270 diserte
2825 1217 3117 1286 appellavit
3159 1236 3254 1277 eos
3283 1218 3482 1290 Lucas,

1910 1295 2005 1351 sed
2037 1296 2175 1352 duos
2223 1300 2393 1364 viros,
2443 1318 2757 1375 quanquam
2793 1308 2941 1377 ipsos
2989 1326 3205 1381 quoque
3234 1313 3287 1367 in
3336 1324 3483 1372 veste

1910 1384 2170 1456 fulgente,
2214 1389 2286 1444 ob
2336 1390 2701 1449 solemnitatis
2754 1396 3016 1454 indicium
3063 1420 3077 1457 :
3128 1403 3254 1458 item
3286 1405 3481 1461 horum

1907 1491 2191 1535 sermones
2223 1476 2291 1535 ad
2318 1483 2577 1542 mulieres
2607 1494 2735 1541 sunt
2764 1492 3067 1559 peculiares
3101 1514 3115 1550 :
3152 1499 3481 1555 etmulieres

1907 1569 2089 1637 plures
2122 1587 2352 1628 numero
2394 1586 2559 1643 sunt,
2604 1595 2766 1649 quam
2810 1581 2930 1637 duae
2973 1587 3115 1655 apud
3170 1588 3480 1647 Mattliaum

228 1641 568 1707 ἁπαξαπλῶς
610 1647 664 1699 αἱ
700 1648 1050 1703 συνελθοῦσαι
1077 1651 1227 1723 αύτῷ
1259 1654 1322 1705 ἐκ
1355 1655 1452 1725 τῆς
1490 1656 1795 1722 Γαλιλαίας

1902 1658 2104 1723 Mariaz,
2154 1664 2248 1718 sed
2280 1665 2387 1719 illa:
2432 1669 2656 1725 omnino
2687 1688 2807 1742 quae
2840 1672 3024 1730 Jesum
3054 1678 3326 1736 comitatae
3359 1682 3478 1739 fuc-

228 1730 486 1805 ὀλίγωροι
521 1734 578 1788 δὲ
625 1737 718 1792 καὶ
774 1730 953 1804 αὗται,
983 1741 1100 1793 οὐδὲ
1130 1748 1396 1815 τοσαύτην
1439 1745 1803 1818 ἐνδειξάμεναι

228 1826 465 1898 σπουδὴν
498 1828 627 1900 ὅσην
659 1830 714 1881 αἰ
748 1830 834 1885 διά
858 1833 1049 1898 νυκτὸς
1074 1837 1477 1907 καρτερήσασαι
1501 1840 1594 1893 καὶ
1631 1859 1805 1913 παρα-

230 1916 485 1985 μείνασαι
513 1919 589 1991 τῷ
620 1924 886 1994 μνημείῳ.
916 1925 1200 1999 Μαρτυρεῖ
1227 1930 1356 1998 γοῦν
1387 1933 1413 1985 ὁ
1439 1932 1712 1999 Ματθαῖος
1735 1939 1801 2007 τῇ

224 2010 562 2085 Μαγδαληνῇ
597 2016 688 2069 καὶ
715 2020 781 2089 τῇ
812 2017 944 2091 ἄλλῃ
983 2021 1169 2092 Μαρίᾳ
1191 2023 1432 2077 εὐτονίαν
1458 2026 1659 2097 πολλὴν
1712 2031 1805 2083 καὶ

224 2105 573 2178 παραμονὴν,
626 2107 797 2178 λέγων
856 2112 992 2181 μετά
1046 2113 1107 2166 τὸ
1162 2114 1333 2180 πάθος
1392 2119 1559 2173 αὑτοῦ
1595 2122 1799 2176 ταῦτα’

228 2213 247 2245 ι
292 2191 400 2248 Ἦν
427 2196 483 2250 δὲ
515 2201 630 2252 ἐκεῖ
661 2200 847 2273 Μαρία
878 2204 911 2273 ἡ
946 2205 1275 2278 Μαγδαληνὴ
1300 2209 1394 2261 καὶ
1420 2210 1553 2284 ἄλλη
1594 2214 1801 2282 Μαρία,

224 2287 534 2360 καθήμεναι
555 2292 813 2348 ἀπέναντι
847 2296 939 2349 τοῦ
962 2297 1134 2366 τάφου
1157 2314 1169 2328 ⁸
1206 2318 1222 2350 ι
1256 2301 1368 2353 ἀλλ’
1414 2298 1573 2358 αὗται
1613 2307 1710 2375 μὲν
1736 2310 1800 2379 τῇ

225 2381 412 2451 ἡμέρᾳ
454 2382 553 2452 τῆς
601 2385 960 2459 Παραπευῆς
1004 2392 1385 2463 παρεκάθηντο
1432 2396 1658 2466 ἀντικρὺ
1709 2400 1800 2452 τοῦ

228 2475 512 2544 μνήματος
532 2492 546 2506 ·
573 2476 653 2530 διὸ
681 2480 773 2531 καὶ
800 2479 992 2534 θᾶττον
1020 2483 1186 2554 δρῶσι
1214 2485 1427 2556 πρῶτον
1459 2488 1557 2557 μὲν
1584 2489 1671 2542 τὸν
1693 2490 1801 2543 τῶν

226 2565 444 2634 ἀγαθῶν
473 2567 720 2637 ἄγγελον,
755 2566 873 2625 εἶτα
906 2575 997 2626 καὶ
1020 2575 1178 2629 αὑτὸν
1202 2576 1292 2629 τὸν
1317 2578 1415 2648 τῆς
1460 2579 1605 2648 ζωῆς
1637 2581 1802 2652 ἀρχη-

225 2662 344 2726 γόν.
385 2659 527 2713 Ἡδὲ
558 2662 707 2733 παρά
727 2663 803 2735 τῷ
840 2665 1056 2739 Ἰωάννῃ
1082 2706 1096 2730 ,
1131 2669 1224 2721 καὶ
1256 2668 1395 2740 αὕτη
1423 2671 1484 2723 τὸ
1513 2672 1609 2742 μὲν
1644 2673 1797 2744 πρῶ-

226 2770 318 2806 τον
359 2756 483 2818 τοὺς
532 2756 814 2825 ἀγγέλους,
865 2759 1001 2830 μετά
1032 2759 1087 2813 δὲ
1126 2761 1346 2827 τούτους
1398 2765 1492 2817 καὶ
1523 2766 1683 2819 αὑτὸν
1707 2767 1798 2820 τὸν

227 2845 457 2920 Σωτῆρα
484 2846 676 2919 θεωρεῖ
694 2866 706 2880 ⁸
742 2851 799 2902 ού
834 2849 938 2922 μὴν
966 2851 1232 2923 ἀρώματα
1256 2853 1447 2927 ἔφερον
1475 2848 1658 2923 αὗται,
1676 2859 1796 2911 οὐδὲ

226 2937 355 3007 περὶ
379 2936 578 3009 ταύτην
605 2939 947 3008 κατεγίνοντο
968 2941 1067 3011 τὴν
1099 2942 1353 3014 σπουδήν.
1387 2946 1452 2996 Αἱ
1477 2945 1533 2997 δὲ
1566 2946 1673 2999 ἀπὸ
1697 2948 1795 3018 τῆς

226 3029 511 3093 Γαλιλαίας
531 3031 792 3102 ἀκολουθή
802 3047 957 3084 σασαι
980 3032 1127 3103 αύτῷ
1141 3038 1415 3101 γυναῖκες,
1436 3037 1623 3091 πολλαὶ
1640 3035 1795 3092 οὖσαι

225 3122 367 3175 κατά
394 3120 484 3175 τὸν
507 3124 737 3185 Λουκάν,
767 3126 832 3194 τῇ
861 3123 957 3194 μὲν
989 3124 1315 3196 Παρασκευῇ
1365 3127 1793 3199 ὑποστρέψασαι,

226 3210 525 3282 ἡτοίμασαν
552 3213 619 3265 τὰ
640 3212 928 3285 ἀρώματα,
960 3213 1054 3267 ἅτε
1094 3214 1156 3286 δὴ
1203 3216 1365 3287 μηδὲν
1405 3217 1628 3288 μηδέπω
1673 3237 1796 3292 προ-

229 3304 493 3375 μαθοῦσαι
523 3306 648 3377 περί
674 3324 772 3378 της
810 3306 1174 3371 ἀναστάσεως.
1198 3307 1289 3360 Διὸ
1319 3308 1543 3375 ταύταις
1585 3311 1683 3381 μὲν
1704 3311 1796 3366 δύο

225 3396 416 3469 ἄνδρες
436 3400 493 3451 ὲν
518 3398 701 3470 ἐσθῆτι
728 3399 1112 3471 ἀστραπτούσῃ
1133 3400 1517 3469 φαίνονταικαὶ
1546 3402 1644 3473 τὴν
1675 3403 1796 3458 ἀνά-

227 3506 412 3543 στασιν
463 3489 920 3559 εὐαγγελίζονται.
969 3492 1162 3545 Οὐκέτι
1216 3492 1272 3545 δὲ
1304 3493 1492 3557 αὐταῖς
1534 3494 1563 3546 ὁ
1607 3494 1794 3566 Σωτὴρ

225 3580 399 3652 ὤφθη,
432 3582 618 3655 ῶσπερ
641 3578 732 3636 οὖν
756 3585 819 3654 τῇ
846 3582 994 3654 παρά
1019 3583 1096 3654 τῷ
1130 3584 1350 3659 Ἰωάννῃ
1371 3586 1464 3639 καὶ
1495 3589 1613 3650 ταῖς
1646 3588 1793 3659 παρά

224 3675 303 3746 τῷ
342 3675 636 3747 Ματθαίῳ·
694 3675 834 3729 ῶστε
880 3676 1180 3740 ἰδιάζουσαν
1232 3679 1479 3749 ἡγεῖσθαι
1529 3681 1792 3751 προσήκει

225 3768 319 3839 τὴν
353 3769 607 3839 ἱστορίαν.
643 3767 799 3822 Κατὰ
820 3768 873 3821 δὲ
901 3768 992 3821 τὸν
1024 3770 1246 3840 Μάρκον
1276 3770 1395 3825 λίαν
1426 3772 1569 3843 πρωῒ
1594 3775 1657 3843 τῇ
1695 3775 1794 3844 μιᾷ

222 3860 330 3915 τῶν
354 3860 643 3914 Σαῦὄάτων
672 3860 917 3931 ἔρχονται
946 3861 1037 3913 ἐπὶ
1059 3862 1119 3915 τὸ
1138 3880 1241 3934 μνη
1251 3866 1396 3934 μεῖον
1418 3864 1792 3928 ἀνατείλαντος

224 3954 317 4008 τοῦ
364 3955 515 4027 ἡλίου
560 3955 716 4009 ἄλλαι
770 3954 929 4008 πάλιν
962 3951 1141 4019 αὗται,
1196 3959 1286 4012 καὶ
1317 3960 1373 4011 ἐν
1412 3960 1584 4030 ἑτέρῳ
1615 3958 1791 4031 καιρῴ

224 4048 405 4115 πάλιν,
443 4050 500 4103 αἳ
539 4051 632 4105 καὶ
671 4050 851 4119 ελεγον
882 4050 1017 4121 πρὸς
1045 4050 1261 4114 έαυτάς,
1299 4068 1317 4101 ι
1358 4050 1451 4114 Τίς
1474 4051 1791 4105 ἀποκυλίσει

223 4141 352 4211 ἡμῖν
383 4140 473 4194 τὸν
492 4140 667 4207 λίθον;
709 4161 725 4193 ι
748 4142 841 4195 καὶ
867 4142 1133 4213 ἔρχονται,
1167 4142 1259 4194 καί
1291 4141 1635 4212 εὑρίσκουσιν
1663 4143 1791 4195 ἀπο-

222 4231 622 4302 κεκυλισμένον,
657 4232 751 4285 καὶ
774 4233 1107 4286 εἰσελθοῦσαι
1135 4229 1271 4285 εἶδον
1315 4233 1592 4287 νεανίσκον
1616 4251 1628 4264 ·
1662 4234 1788 4287 ἔνθα

1903 1761 2029 1807 rant
2076 1772 2143 1809 ex
2185 1754 2426 1815 Galilaea.
2459 1759 2524 1813 Et
2555 1762 2638 1816 ha:
2708 1766 2923 1835 quidem
2971 1770 3271 1840 segniores,
3305 1789 3479 1845 neque

1904 1860 2002 1914 par
2027 1846 2266 1902 studium
2302 1865 2413 1920 prae
2439 1866 2497 1906 se
2534 1852 2769 1911 ferentes
2802 1857 2909 1914 illis
2938 1875 3059 1929 qua:
3090 1871 3256 1916 noctu
3292 1880 3478 1933 perse-

1904 1946 2228 1991 veraverant
2268 1939 2413 2009 apud
2467 1944 2780 2013 sepulcrum
2831 1950 3085 2005 assiduae.
3127 1952 3479 2011 Contostatur

1904 2039 2035 2077 vero
2063 2025 2348 2084 Malthazus
2386 2030 2717 2102 Magdalena:
2744 2044 2798 2091 et
2821 2039 2977 2093 alteri
3026 2041 3207 2098 Mariae
3238 2047 3476 2116 vigorem

1905 2117 2137 2171 multum
2165 2130 2327 2191 atque
2355 2127 2743 2192 constantiam,
2778 2129 2967 2186 dicens
3002 2142 3126 2203 post
3169 2136 3478 2195 Servatoris

1904 2208 2214 2275 passionem
2242 2211 2321 2265 sic
2354 2231 2367 2265 :
2407 2231 2425 2263 ι
2464 2213 2592 2268 Erat
2622 2224 2801 2270 autem
2834 2218 2906 2273 ibi
2932 2220 3099 2276 Maria
3134 2222 3472 2297 Magdalene,

1900 2304 1956 2350 et
1984 2297 2151 2353 altera
2201 2300 2392 2367 Maria,
2429 2304 2680 2362 sedentes
2713 2316 2903 2363 contra
2950 2313 3281 2382 sepulcrum.
3313 2337 3331 2369 ι
3368 2317 3475 2374 Sed

1902 2389 1984 2445 ha:
2011 2391 2230 2461 quidem
2260 2394 2376 2465 ipsa
2413 2396 2499 2453 die
2528 2397 2859 2458 Parasceves
2884 2405 3146 2461 sedebant
3171 2423 3354 2464 coram
3388 2427 3477 2467 se-

1900 2482 2092 2550 pulcro
2135 2503 2147 2538 :
2200 2486 2428 2557 ideoque
2476 2498 2530 2544 et
2576 2493 2811 2549 celerius
2854 2495 3038 2552 vident
3076 2498 3205 2554 boni
3249 2510 3476 2559 eventus

1900 2574 2178 2637 nuntium,
2213 2578 2411 2633 deinde
2454 2596 2632 2650 ipsum
2685 2585 2809 2639 vita:
2865 2598 3164 2645 auctorem.
3228 2592 3318 2647 Illa
3346 2610 3475 2650 vero

1898 2664 2043 2734 apud
2093 2664 2383 2736 Joannem,
2415 2680 2469 2727 et
2501 2674 2617 2742 ipsa
2662 2691 2880 2747 quoque
2919 2682 3096 2750 primo
3125 2683 3271 2739 videt
3310 2699 3477 2756 ange-

1898 2754 2000 2820 los,
2033 2766 2087 2811 ct
2111 2769 2299 2828 postea
2332 2760 2677 2821 Servatorem
2720 2770 2898 2839 ipsum
2934 2790 2947 2826 :
2984 2787 3159 2843 neque
3181 2775 3263 2830 hae
3290 2754 3474 2832 tamen

1898 2859 2143 2904 aromata
2173 2852 2440 2921 ferebant,
2468 2872 2645 2928 neque
2668 2859 2738 2913 ob
2765 2876 2884 2915 eam
2915 2878 3027 2919 rem
3045 2868 3340 2922 curandam
3367 2870 3477 2927 ive-

1896 2949 2039 2997 rant.
2075 2941 2178 2998 Sed
2210 2945 2315 2999 illa:
2342 2946 2561 3002 demum
2585 2965 2706 3020 qua:
2731 2966 2794 3007 ex
2818 2950 3033 3009 Galilaea
3061 2954 3247 3011 Jesum
3280 2962 3473 3019 subse-

1902 3041 2042 3087 cuta)
2072 3033 2307 3104 fuerant,
2341 3040 2633 3111 multaeque
2660 3044 2801 3113 apud
2827 3044 3028 3101 Lucam
3060 3048 3332 3121 feruntur,
3376 3055 3466 3112 die

1900 3122 2234 3182 Parasceves
2264 3126 2332 3183 de
2372 3129 2494 3185 loco
2536 3147 2789 3200 reversae,
2840 3150 3169 3207 paraverunt
3202 3154 3467 3213 aromata,

1896 3216 2096 3286 quippe
2125 3234 2247 3288 qua:
2286 3221 2495 3278 nullum
2546 3231 2967 3286 resurrectionis
2990 3233 3248 3290 indicium
3269 3252 3472 3309 cogno-

1895 3316 2107 3363 verant.
2141 3308 2352 3365 ldcirco
2378 3312 2463 3368 his
2485 3315 2594 3370 duo
2610 3317 2709 3373 viri
2744 3319 2799 3374 in
2831 3330 2983 3378 veste
3002 3324 3239 3396 fulgente
3265 3308 3468 3393 astant.

1894 3399 2258 3471 nuntiantque
2312 3409 2793 3466 resurrectionem.
2853 3412 3108 3471 Nondum
3150 3418 3238 3476 his
3284 3428 3468 3479 tamen

1896 3489 2156 3547 Servator
2187 3498 2460 3566 apparuit,
2494 3500 2637 3556 sicut
2674 3503 2748 3557 illi
2785 3517 3108 3575 apparuerat
3131 3511 3273 3581 apud
3302 3511 3469 3569 Joan-

1893 3598 2039 3649 nem,
2087 3593 2142 3641 et
2184 3587 2293 3643 illis
2343 3591 2485 3661 apud
2530 3591 2874 3665 Matthaeum;
2925 3598 2997 3652 ita
3038 3608 3097 3654 ut
3137 3604 3467 3671 peculiarem

1893 3673 2034 3730 hanc
2088 3686 2333 3746 oporteat
2383 3680 2668 3737 historiam
2700 3685 3035 3744 existimare.
3088 3689 3334 3762 Denique
3378 3710 3467 3752 se—

1894 3768 2136 3823 cundum
2176 3770 2417 3828 Marcum
2453 3775 2611 3831 valde
2638 3792 2797 3834 mane
2840 3797 2946 3835 una
2980 3780 3340 3839 Sabbatorum
3371 3802 3456 3841 vc-

1891 3860 2049 3912 niunt
2077 3860 2144 3914 ad
2173 3872 2587 3919 monumentum
2619 3876 2740 3920 orto
2763 3868 2876 3937 jam
2910 3872 3043 3925 sole.
3098 3872 3230 3927 Alia:
3263 3877 3466 3945 pariter

1891 3952 1973 4006 hae.
2003 3961 2165 4019 sunt,
2194 3956 2411 4027 alioque
2443 3960 2646 4028 pariter
2671 3970 2947 4033 tempore;
2981 3981 3102 4035 quae
3128 3976 3181 4021 et
3210 3967 3465 4027 dicebant

1890 4046 1957 4100 ad
1984 4046 2216 4102 invicem
2252 4068 2267 4104 :
2314 4068 2332 4100 ι
2371 4049 2504 4117 Quis
2535 4054 2774 4109 revolvet
2800 4056 2959 4110 nobis
3010 4058 3278 4127 lapidem?
3316 4080 3334 4113 ι
3364 4078 3467 4119 vo-

1889 4139 2178 4210 niuntque,
2215 4149 2268 4196 et
2300 4147 2602 4200 revolutum
2627 4149 2990 4219 comperiunt,
3021 4159 3074 4206 et
3099 4152 3464 4223 ingresswjm

1890 4247 2083 4288 venem
2109 4234 2330 4299 vident;
2368 4238 2440 4290 ita
2469 4245 2528 4292 ut
2572 4239 2685 4294 haec
2713 4242 2878 4295 etiam
2908 4242 3135 4298 diversa:
3164 4246 3239 4299 rei
3271 4261 3464 4303 narra-

219 4322 378 4376 πάλιν
404 4323 493 4375 ἐπὶ
534 4320 627 4375 τοῦ
666 4322 849 4375 Λουκᾶ
876 4320 1063 4388 ἄνδρες
1095 4320 1207 4374 ἀλλ’
1235 4321 1333 4375 οὐκ
1372 4321 1621 4390 ἄγγελοι,
1649 4323 1790 4379 οὓτω

1899 4324 1969 4379 tio
2000 4326 2092 4389 sit,
2129 4336 2181 4382 et
2217 4328 2357 4384 alius
2384 4331 2475 4399 qui
2510 4332 2661 4387 visus
2687 4341 2791 4396 est,
2815 4342 2869 4389 et
2890 4336 3008 4389 aliae
3028 4352 3147 4407 quze
3173 4347 3459 4402 venerunt,

218 4415 292 4478 ὡς
326 4414 420 4471 καὶ
438 4414 532 4467 νῦν
561 4413 659 4467 οὐκ
682 4412 910 4482 ἄγγελος
934 4413 1264 4484 ὠνόμασται,
1299 4413 1432 4466 ἀλλά
1476 4416 1753 4480 νεανίσκος
1771 4434 1783 4447 ·

215 4504 355 4557 ὥστε
403 4505 493 4557 καὶ
527 4503 732 4574 ταύτην
774 4503 1161 4576 ἀφωρισμένην
1207 4500 1471 4574 εἶναιτὴν
1518 4504 1785 4576 διήγησιν,

217 4596 311 4649 καὶ
339 4595 431 4647 τὸν
457 4594 689 4664 ὀφθέντα
713 4594 897 4665 ἕτερον
916 4633 930 4656 ,
961 4594 1052 4646 καὶ
1088 4592 1185 4655 τὰς
1227 4592 1559 4663 ἀφικομένας
1598 4594 1783 4659 ἄλλας,

216 4688 310 4740 καὶ
340 4686 429 4739 τὸν
455 4686 645 4759 καιρὸν
671 4686 871 4758 ὁμοίως
902 4685 993 4738 τὸν
1038 4684 1176 4755 μετά
1204 4683 1355 4755 ἡλίου
1392 4683 1651 4748 ἀνατολάς
1669 4701 1682 4715 ·
1728 4686 1786 4749 ὅς

217 4781 264 4832 εί
290 4780 387 4850 μὲν
420 4780 511 4832 καὶ
544 4778 695 4851 παρά
719 4777 796 4849 τῷ
828 4778 1012 4849 Λουκᾷ
1039 4778 1319 4848 τερήτητο,
1348 4774 1580 4844 εὐλόγως
1606 4776 1669 4829 ἄν
1701 4795 1785 4842 τις

212 4874 339 4936 τοὺς
368 4873 497 4945 παρ’
526 4870 675 4942 αὐτῷ
698 4870 790 4923 δύο
821 4870 1018 4942 ἄνδρας
1052 4868 1269 4939 ἀπῄτει.
1301 4870 1394 4921 καὶ
1432 4867 1558 4931 τοὺς
1589 4870 1785 4934 αὐτοὺς

1891 4426 1946 4472 et
1978 4420 2229 4474 similiter
2259 4421 2363 4477 diei
2390 4433 2604 4494 tempus
2627 4434 2747 4495 post
2770 4428 2902 4483 solis
2926 4438 3104 4492 ortum
3142 4449 3159 4484 ε-
3187 4447 3307 4501 qua:
3326 4439 3460 4487 tem-

1888 4510 2038 4578 poris
2062 4512 2275 4566 notatio
2303 4512 2348 4566 si
2384 4514 2568 4568 eadem
2594 4516 2736 4585 apud
2763 4515 2964 4578 Lucam
2995 4522 3177 4584 fieret,
3203 4530 3347 4577 recte
3380 4522 3458 4577 le-

1888 4608 2008 4656 ctor
2041 4617 2070 4655 a
2107 4602 2292 4659 Marco
2324 4606 2627 4675 requireret
2671 4616 2726 4662 et
2769 4610 2920 4667 viros
2947 4610 3125 4676 duos,
3156 4618 3209 4667 et
3236 4614 3457 4668 eosdem

1887 4706 2185 4750 sermones.
2244 4694 2399 4750 Nunc
2442 4712 2565 4753 cum
2595 4697 2773 4761 Lucas
2796 4702 2901 4757 diei
2932 4703 3118 4758 horam
3148 4712 3275 4757 ante
3323 4704 3457 4758 solis

1888 4792 2066 4839 ortum
2113 4792 2524 4860 praeoccuparit,
2558 4794 2754 4851 merito
2798 4802 2853 4848 et
2901 4794 3023 4849 illos
3070 4795 3165 4863 qui
3195 4794 3295 4850 visi
3328 4801 3458 4848 sunt

1889 4875 2028 4929 duos
2057 4877 2205 4933 viros
2230 4879 2364 4938 dicit
2386 4920 2401 4944 ,
2434 4897 2542 4937 non
2569 4889 2751 4937 autem
2779 4899 2942 4937 unum
2971 4884 3223 4953 juvenem
3248 4894 3453 4938 narrat.

214 4971 421 5040 λόγους.
444 4971 507 5024 Εἰ
533 4969 577 5022 δ’
599 4972 627 5023 ὁ
649 4969 863 5031 Λουκᾶς
891 4967 985 5021 τὸν
1021 4965 1130 5038 πρδ
1170 4965 1321 5036 ἡλίου
1357 4964 1619 5036 ἀνατολῆς
1667 4969 1855 5039 καιρὸν
1892 4971 2215 5045 προῦλαΰεν,
2256 4977 2477 5041 εἰκότως
2516 4978 2609 5032 καὶ
2639 4981 2763 5043 τοὺς
2787 4979 2903 5033 τότε
2933 4979 3192 5049 ὀφθέντας
3237 4979 3330 5033 δύο
3365 4979 3461 5034 ἄν..

214 5069 366 5142 δρας,
398 5067 511 5123 ἀλλ’
543 5067 602 5121 ού
632 5067 721 5121 τὸν
752 5066 1028 5120 νεανίσκον
1053 5066 1270 5136 ἱστορεῖ.

967 5182 1041 5234 Z'.

286 5273 395 5344 (66)
418 5274 702 5347 Τεττάρων
732 5273 789 5327 δὲ
814 5272 981 5326 όντων
1000 5271 1107 5327 τῶν
1128 5271 1523 5341 εὐαγγελιστῶν
1539 5311 1555 5337 ,
1603 5272 1778 5345 ἰσάρι-

216 5366 339 5437 θμοι
365 5364 568 5420 τούτων
590 5366 686 5420 καὶ
707 5368 761 5420 αἰ
789 5365 922 5437 πρὸς
945 5364 1121 5419 αὐτῶν
1142 5365 1537 5435 ἀναγραφεῖσαι
1567 5366 1781 5435 φαίνον-

214 5474 304 5514 ται
349 5458 636 5513 ὀπτασίαν
672 5459 727 5512 οἴ
777 5476 837 5512 τε
870 5457 1052 5532 καιροὶ
1077 5457 1370 5536 τέσσαρες)
1420 5459 1516 5514 κιιί⁵
1558 5459 1608 5516 οί
1655 5459 1775 5514 καθ’

296 5619 405 5693 (66)
445 5618 579 5676 Cod.
612 5620 679 5687 A,
711 5618 895 5678 Lata.

2618 5185 2729 5242 VII.

1954 5278 2073 5333 Jam
2109 5279 2237 5350 quia
2271 5289 2507 5350 quatuor
2535 5279 2880 5350 evangelista
2909 5285 3057 5343 sunt,
3079 5292 3197 5348 part
3227 5290 3455 5331 numero

1882 5370 2248 5438 comperimus
2282 5371 2422 5441 apud
2455 5372 2604 5440 ipsos
2632 5370 2866 5440 scriptas
2898 5368 3173 5435 visiones;
3207 5374 3457 5437 tempora

1882 5460 2010 5516 item
2041 5469 2310 5531 quatuor;
2354 5468 2407 5516 et
2455 5461 2529 5515 illi
2564 5461 2692 5516 item
2727 5459 2823 5532 qui
2852 5459 3085 5531 singulis
3113 5459 3454 5529 temporibus
