3952 6198
454 273 559 337 995

1153 263 1423 324 EUSEBll
1457 257 1934 321 CESARIENSIS
1965 259 2114 317 OPP.
2154 258 2330 314 PARS
2366 257 2458 322 ill.
2498 287 2568 296 —
2614 252 3030 310 EXEGETICA.

3590 248 3700 306 996

451 399 855 468 apparuerunt,
894 388 1202 460 singulares
1231 393 1404 472 sunt;
1442 384 1674 439 diversa:
1701 395 1917 452 quoque
1943 380 2028 434 vi-

2141 380 2358 434 ἕκαστον
2390 376 2580 448 καιρὸν
2603 374 2878 443 ὀφθέντες,
2910 370 3198 436 ἰδιάζοντες
3221 386 3236 400 ο
3275 367 3486 440 ὁμοίως
3524 367 3578 421 δὲ
3602 371 3704 422 καὶ

451 491 643 546 dentes
673 485 949 547 mulieres,
976 491 1030 538 et
1054 479 1430 551 apparentium
1469 475 1604 548 ipsis
1631 489 1910 533 sermones
1933 489 2028 528 va-

450 583 616 638 riant.
659 578 902 631 Primum
941 575 1042 629 fuit
1084 586 1301 644 tempus
1329 571 1474 642 quod
1505 570 1696 625 scribit
1724 567 2026 628 Mattbazus,

452 688 575 729 sero
607 669 971 724 Sabbatorum
998 666 1209 721 dicens.
1237 663 1504 730 Quartum
1525 671 1578 717 et
1604 660 1856 715 ultimum
1886 656 2029 728 apud

453 765 691 818 Marcum
723 771 844 815 orto
875 759 985 829 jam
1023 759 1136 814 sole
1170 758 1489 812 decurrens.
1538 752 1711 807 Media
1737 759 1865 806 sunt
1895 759 2032 803 tem-

450 870 582 927 pora
611 853 752 924 apud
786 851 1052 906 Joannem
1085 861 1247 920 atque
1273 849 1496 903 Lucam.
1526 847 1818 924 Propterea
1847 851 1900 898 et
1928 841 2031 897 visi

453 946 632 1016 angeli
670 945 976 1015 peculiares
1005 951 1154 997 sunt.
1196 941 1329 994 Nam
1357 955 1480 995 sero
1511 935 1898 1000 Sabbatorum,
1935 949 2033 987 an-

452 1039 606 1109 gelus
633 1052 774 1091 unus
808 1050 873 1089 ex
907 1040 1280 1098 monumento,
1314 1038 1436 1102 post
1485 1045 1643 1100 quem
1672 1037 1726 1083 et
1759 1027 1873 1097 ipse
1905 1022 2033 1079 Ser-

456 1137 627 1184 vator.
683 1127 838 1181 Mane
861 1133 1042 1180 autem
1069 1125 1198 1180 dum
1231 1124 1468 1179 tenebras
1497 1122 1676 1176 adhuc
1707 1124 1913 1183 essent,
1949 1117 2034 1170 in-

455 1229 540 1276 tra
571 1227 983 1274 monumentum
1013 1219 1187 1288 angeli
1217 1216 1354 1282 duo;
1394 1224 1514 1286 post
1538 1231 1676 1286 quos
1697 1214 1876 1269 denuo
1907 1212 2036 1266 Ser-

455 1325 637 1372 vator.
678 1313 845 1368 Valde
880 1327 1038 1367 mane.
1075 1328 1205 1366 vero
1234 1312 1325 1366 alii
1365 1312 1665 1367 secundum
1689 1309 1889 1364 Lucam
1927 1308 2034 1362 duo

456 1407 560 1461 viri
591 1405 888 1467 nominati,
927 1404 1072 1459 haud
1115 1405 1258 1457 intra
1291 1410 1702 1458 monumentum
1733 1401 2032 1471 conspecti.

457 1499 684 1555 Demum
717 1505 1027 1568 postremus
1057 1497 1302 1551 omnium
1331 1497 1551 1565 juvenis
1572 1497 1664 1566 qui
1691 1494 2036 1549 venientibus

457 1600 582 1647 orto
613 1591 726 1646 sole
756 1590 1078 1645 mulieribus
1113 1606 1171 1645 se
1197 1589 1417 1644 obtulit.
1459 1587 1514 1642 Si
1546 1603 1677 1658 ergo
1705 1603 1872 1641 unum
1902 1602 2037 1664 cuna

459 1685 534 1740 cti
563 1684 815 1752 idemque
848 1690 1066 1753 tempus
1097 1682 1472 1752 scripsissent,
1503 1680 1864 1750 eumdemque
1893 1677 2029 1733 desi-

2128 473 2184 525 αἱ
2233 470 2522 542 θεώμεναι,
2553 467 2826 540 διάφορον
2854 467 2945 520 καὶ
2993 466 3042 517 οἱ
3071 463 3178 516 τῶν
3209 462 3490 531 ὀφθέντων
3527 461 3708 525 αὺτοῖς

2128 564 2295 632 λόγοι,
2321 563 2742 623 διαλλάττοντες.
2788 558 3007 630 Πρῶτος
3039 557 3137 627 μὲν
3168 553 3278 628 γὰρ
3323 548 3391 624 ἦν
3442 553 3636 623 καιρὸς
3679 553 3709 604 ὁ

2129 657 2280 728 παρὰ
2312 657 2390 727 τῷ
2421 653 2684 723 Ματθαίῳ
2712 652 2808 722 ὀψὲ
2838 650 3127 704 Σαϐϐάτων
3160 648 3452 718 λεγόμενος
3472 664 3485 676 ·
3514 645 3714 715 τέταρ-

2129 766 2221 811 τος
2247 748 2302 800 δὲ
2333 747 2426 800 καὶ
2449 745 2756 806 τελευταῖος
2786 743 2814 793 6
2842 741 2994 812 παρὰ
3019 740 3097 808 τῷ
3134 740 3348 810 Μάρκῳ
3388 738 3539 808 ἡλίου
3573 738 3719 788 ἁνα-

2131 841 2402 902 τείλαντος
2430 837 2731 909 ἱστορηθείς
2749 853 2761 865 ·
2800 835 2951 905 μέσοι
2985 832 3040 888 δὲ
3068 833 3095 885 ὃ
3115 849 3172 884 τε
3196 831 3348 902 παρὰ
3369 829 3448 900 τῷ
3484 830 3716 899 Ἰωάννῃ

2132 935 2227 988 καὶ
2255 937 2283 986 6
2303 932 2452 1004 παρὰ
2471 931 2547 1002 τῷ
2577 931 2759 1000 Λουκᾷ
2777 947 2790 962 ·
2820 928 2899 980 διὸ
2933 927 3023 980 καὶ
3049 928 3098 978 οἱ
3119 924 3373 993 ὀφθέντες
3413 923 3558 976 κατᾶ
3590 939 3716 974 και-

2135 1027 2225 1100 ρὸν
2254 1025 2562 1090 ἰδιάζοντες.
2605 1021 2731 1092 Ὀψὲ
2763 1021 2861 1093 μὲν
2889 1019 2996 1090 γὰρ
3026 1017 3318 1071 Σαϐϐάτων
3351 1014 3585 1083 ἄγγελος
3637 1009 3721 1076 εἷς

2134 1120 2198 1172 ὲκ
2225 1116 2317 1170 τοῦ
2350 1118 2658 1188 μνήματοςο
2689 1114 2806 1186 μεθ’
2833 1113 2891 1167 ὃν
2926 1113 3019 1166 καὶ
3046 1111 3208 1174 αὐτὸς
3233 1111 3261 1162 6
3300 1110 3490 1178 Σωτήρ
3509 1126 3523 1138 ’
3566 1106 3721 1176 πρωϊ

2133 1210 2190 1264 δὲ
2213 1210 2290 1264 ἔτι
2319 1209 2536 1272 σκοτίας
2563 1207 2747 1278 ούσης,
2779 1208 2908 1260 είσω
2934 1205 3024 1258 τοῦ
3053 1205 3330 1275 μνήματος
3351 1200 3578 1269 ἄγγελοι
3602 1199 3720 1251 δύο·

2140 1303 2256 1374 μεθ’
2274 1301 2367 1367 οὓς
2399 1301 2556 1355 πάλιν
2585 1303 2612 1354 ό
2633 1300 2795 1362 αὐτὸς
2812 1300 3020 1369 Σωτήρ.
3043 1296 3176 1368 Ὅρο
3188 1312 3277 1366 ρου
3299 1295 3356 1347 δὲ
3380 1294 3577 1363 βαθέος
3603 1293 3723 1345 ἓτε-

2141 1413 2221 1467 ροι
2256 1394 2396 1448 κατὰ
2423 1395 2513 1448 τὸν
2558 1394 2772 1446 Λουκᾶν
2809 1391 2901 1444 δύο
2934 1391 3125 1460 ἄνδρες
3173 1387 3554 1458 ὠνομασμένοι
3617 1386 3724 1437 οὐκ

2137 1489 2267 1544 εἴσω
2293 1486 2386 1539 τοῦ
2425 1488 2703 1557 μνήματος
2727 1483 3000 1552 ὀφθέντες.
3039 1477 3150 1533 Εἶθ’
3197 1478 3424 1549 ὕστερον
3457 1479 3721 1531 ἁπάντων

2137 1581 2166 1633 6
2193 1577 2474 1639 νεανίσκος
2497 1614 2511 1639 ,
2548 1577 2576 1628 6
2612 1576 2730 1634 ταῖς
2754 1570 2906 1642 ἡλίου
2934 1567 3306 1630 ἀνατείλαντος
3353 1564 3722 1634 ἀφικομέναις

2137 1669 2482 1740 τεθεαμένος.
2545 1668 2609 1720 Ei
2677 1665 2776 1737 μὲν
2819 1661 2912 1718 οὖν
2969 1663 3067 1716 ἕνα
3125 1661 3315 1732 καιρόν
3359 1659 3727 1730 είρηκότεςοξ

461 1783 724 1847 gnassent
750 1775 930 1828 locum
951 1814 966 1838 ,
995 1789 1171 1844 neque
1199 1781 1378 1828 tamen
1411 1772 1629 1828 easdem
1670 1770 2037 1842 apparitiones

2141 1763 2340 1827 πάντες
2397 1762 2489 1814 καὶ
2537 1760 2628 1813 τὸν
2694 1757 2856 1812 αὐτὸν
2903 1754 3315 1826 ἀναγράψαντες
3385 1753 3552 1805 τόπον
3577 1792 3594 1816 ,
3659 1751 3730 1804 οὐ

461 1867 864 1938 exposuissent,
882 1868 1076 1921 merito
1103 1865 1334 1920 fortasse
1360 1865 1558 1936 aliquis
1575 1879 1862 1920 censuram
1883 1877 2039 1918 exer-

461 1968 628 2014 ceret.
682 1957 787 2010 Sed
819 1972 942 2010 cum
968 1965 1213 2027 tempora
1241 1955 1592 2010 distinxerim
1614 1998 1629 2022 ,
1663 1965 1716 2012 et
1746 1954 2040 2024 unicuique

464 2049 694 2121 tempori
716 2049 894 2103 locum
921 2051 1200 2119 pr0prium
1226 2048 1780 2108 accommodaverint.
1795 2047 2042 2117 sequitur

461 2149 525 2194 ut
581 2139 825 2194 diversas
895 2154 1112 2209 quoque
1176 2137 1553 2208 apparitiones
1615 2135 2038 2206 descripserint.

465 2231 620 2286 Sicut
644 2240 858 2294 contra,
889 2231 936 2285 si
973 2245 1136 2308 unam
1166 2229 1354 2284 cuncti
1378 2228 1776 2300 apparitionem
1808 2241 2043 2282 comme-

462 2329 792 2386 morassent,
845 2337 1126 2392 unumque
1173 2321 1447 2376 dixissent
1491 2321 1776 2391 angelum,
1811 2326 1904 2372 aut
1932 2317 2041 2373 duo

464 2411 814 2468 concorditer
845 2411 1091 2480 angelos,
1126 2410 1210 2465 vel
1239 2409 1366 2464 item
1399 2409 1539 2464 duos
1574 2411 1740 2474 viros,
1770 2417 1863 2462 aut
1881 2408 2040 2478 juve-

463 2517 588 2557 nem
638 2516 850 2562 unum;
887 2508 1002 2554 tum
1041 2499 1240 2555 deinde
1284 2508 1531 2569 tempora
1566 2499 1899 2562 variassent,
1940 2513 2042 2552 nec

466 2607 636 2646 unum
688 2590 1046 2646 denotassent
1100 2592 1320 2655 locum,
1353 2590 1428 2644 ita
1475 2605 1695 2660 quoque
1743 2588 2041 2659 reprelien—

465 2684 606 2741 sioni
638 2684 794 2737 locus
836 2691 1002 2738 esset.
1032 2681 1187 2736 Nune
1213 2697 1394 2738 sermo
1431 2682 1740 2752 praecipuus
1789 2688 1843 2734 et
1890 2679 2037 2733 inva-

466 2773 680 2840 riabilis
722 2779 926 2835 manet,
968 2772 1205 2827 diversis
1271 2771 1615 2842 temporibus
1661 2769 1907 2839 locisque
1947 2784 2041 2822 va-

465 2865 674 2918 riantes
725 2862 965 2916 visiones
1018 2862 1244 2928 sistens,
1299 2869 1353 2916 et
1400 2861 1594 2914 harum
1644 2859 2038 2930 spectatrices,

467 2956 602 3010 item
651 2953 924 3021 diversas,
957 2955 1094 3010 duas
1151 2955 1275 3009 illas
1331 2954 1542 3024 priores
1593 2953 1840 3008 diversas
1874 2969 1903 3006 a
1951 2969 2038 3007 se-

467 3046 672 3111 cunda,
703 3046 1002 3117 tertiasque
1051 3045 1309 3100 similiter
1360 3061 1390 3099 a
1439 3045 1654 3116 quartis
1704 3045 2037 3100 diﬂ‘erentes.

466 3138 737 3194 Nimirum
791 3146 913 3210 post
957 3138 1179 3208 juvenis
1224 3152 1349 3192 cum
1391 3137 1685 3208 postremis
1719 3137 2040 3194 mulieribus

468 3231 823 3303 colloquium,
853 3246 1087 3303 quarum
1123 3231 1345 3285 nomina
1376 3246 1487 3284 non
1521 3240 1821 3300 ponuntur,
1865 3229 2042 3300 pergit

469 3321 651 3378 dicere
678 3321 896 3378 Marcus
930 3341 943 3378 :
985 3343 1002 3374 ι
1031 3321 1152 3389 Quo
1195 3322 1383 3377 audito
1426 3322 1703 3392 fugerunt,
1736 3332 1788 3377 et
1837 3323 2040 3378 nemini

469 3412 768 3483 quidquam
809 3413 1086 3476 dixerunt,
1125 3413 1393 3468 timebant
1445 3413 1615 3467 enim.
1651 3432 1669 3463 ι
1705 3411 1798 3467 lia:
1844 3428 2042 3483 nempe

469 3505 693 3560 fuerunt
736 3504 1028 3574 ejusmodi,
1062 3503 1273 3574 pavida:
1319 3519 1383 3559 ac
1430 3506 1596 3560 nimis
1653 3504 2038 3568 formidolosae,

470 3595 529 3651 in
547 3602 760 3648 tantum
795 3604 852 3648 ut
887 3611 954 3649 ne
979 3595 1168 3665 juveni
1198 3595 1416 3665 quidem
1453 3596 1818 3652 auscultarint
1839 3596 2041 3650 dicenti

469 3688 552 3744 eis
590 3705 603 3742 ε
642 3707 661 3740 ι
693 3688 769 3743 ite
796 3696 852 3742 et
885 3686 1054 3743 dicite
1095 3688 1384 3758 discipulis
1419 3689 1538 3758 ejus
1568 3696 1622 3744 et
1660 3688 1822 3744 Petro
1853 3708 1866 3744 :
1899 3689 2042 3746 Ecce

470 3779 732 3852 pracedit
760 3795 857 3836 vos
888 3781 943 3834 in
975 3779 1272 3836 Galilzeam.
1308 3800 1326 3833 ι
1371 3780 1467 3836 His
1510 3782 1655 3836 enim
1687 3781 1888 3836 auditis
1927 3798 2042 3838 ser-

471 3869 750 3934 monibus,
801 3869 1138 3924 contrarium
1169 3870 1440 3924 fecerunt.
1490 3869 1558 3924 At
1604 3871 1708 3924 illa:
1745 3871 1888 3942 apud
1929 3871 2039 3926 Lu-

471 3975 618 4026 cam,
647 3961 714 4016 de
756 3969 1116 4016 monumento
1161 3977 1423 4027 reversae,
1483 3963 1875 4018 nuntiaverunt
1927 3964 2042 4018 hate

473 4055 658 4109 omnia
695 4055 969 4110 undecim.
1008 4054 1271 4110 Similiter
1293 4036 1347 4110 et
1376 4057 1520 4126 apud
1547 4055 1813 4111 Joannem
1847 4058 2042 4112 mulier

473 4147 621 4202 venit
667 4147 735 4202 ad
771 4147 1094 4218 discipulos,
1150 4163 1333 4201 rerum
1369 4163 1504 4218 quas
1557 4147 1769 4203 viderat
1823 4149 2038 4203 nuntia.

476 4237 618 4294 Solae
645 4238 751 4294 illa:
790 4239 934 4308 apud
982 4237 1225 4292 Marcum
1255 4248 1541 4310 postrema:
1571 4241 2038 4310 supervenientes,

476 4345 713 4399 vereque
746 4330 1022 4396 serotinaa',
1067 4331 1139 4384 ita
1171 4339 1230 4384 ut
1259 4342 1385 4401 post
1412 4338 1593 4385 ortum
1621 4331 1750 4386 illuc
1783 4348 2042 4402 pervene-

474 4421 590 4476 rint
623 4460 637 4486 ,
670 4435 847 4489 neque
875 4420 1220 4476 Servatorem
1250 4421 1436 4478 videre
1469 4422 1645 4494 dignae
1674 4422 1916 4489 fuerunt,
1946 4441 2042 4480 ne-

475 4523 584 4580 que
627 4525 798 4564 unum
839 4509 1139 4580 fulgentem
1177 4513 1450 4582 angelum,
1497 4529 1674 4584 neque
1715 4513 1852 4570 duos
1901 4517 2044 4569 intra

473 4611 915 4667 monumentum,
957 4619 1135 4674 neque
1177 4606 1301 4662 illos
1335 4622 1472 4676 quos
1513 4607 1658 4663 viros
1679 4607 1809 4664 dicit
1833 4608 2042 4666 Lucas:

474 4693 768 4766 quemdam
816 4697 1199 4751 tantummodo
1240 4698 1494 4766 juvenem
1538 4709 1867 4770 aSpexerunt
1913 4717 2045 4757 can-

476 4787 604 4842 dida
632 4788 774 4842 stola
805 4799 1127 4860 coopertum
1155 4830 1169 4854 ,
1199 4805 1500 4861 congruam
1551 4791 1760 4861 exigua;
1803 4793 2045 4862 ipsarum

474 4879 646 4936 menti
674 4879 939 4935 visionem
972 4888 1280 4936 consecuta:
1312 4900 1326 4936 :
1365 4891 1420 4937 et
1467 4881 1614 4937 hunc
1639 4883 1880 4938 albatum
1919 4884 2044 4940 festi

475 4987 643 5028 causa
674 4979 988 5042 spectantes
1011 5014 1026 5038 ,
1061 4981 1244 5029 tamen
1279 4974 1562 5030 admirata!
1596 4986 1759 5045 sunt;
1783 4977 1862 5032 sic
1898 4977 2044 5032 enim

475 5065 542 5121 de
599 5065 685 5120 his
734 5064 950 5122 Marcus
1004 5075 1277 5135 testatur;
1308 5083 1620 5138 quanquam
1666 5070 1722 5124 in
1765 5071 2044 5139 prioribus

473 5158 624 5212 nulla
655 5159 896 5228 stuporis
933 5162 1134 5214 mentio
1167 5167 1270 5215 est.
1308 5161 1420 5231 Age
1463 5176 1612 5226 vero,
1669 5160 2043 5232 Magdalenam

474 5259 794 5305 constanter
820 5252 872 5304 in
899 5252 1019 5307 loco
1049 5244 1512 5339 perseverantem,
1541 5252 1802 5309 credibile
1828 5263 1912 5309 est
1936 5269 2044 5308 non

475 5342 687 5410 priores
722 5349 934 5396 tantum
969 5346 1338 5414 apparitiones
1365 5344 1570 5400 vidisse
1607 5346 1925 5416 angelorum
1950 5346 2044 5416 qui

477 5433 583 5488 sibi
628 5434 722 5488 uni
750 5445 1129 5501 occurrerant,
1162 5437 1259 5492 sed
1302 5445 1356 5492 et
1407 5437 1557 5491 illum
1608 5437 1752 5507 apud
1800 5437 2043 5492 Marcum

477 5525 708 5597 reliquis
753 5529 1078 5585 mulieribus
1129 5540 1485 5600 conspectum
1549 5530 1826 5602 juvenem.
1892 5531 2040 5586 Idem

477 5619 632 5696 dicas
685 5621 814 5676 licet
854 5624 1021 5679 etiam
1065 5623 1132 5680 de
1178 5624 1410 5680 historia
1467 5623 1611 5696 apud
1670 5621 1892 5694 Lucam,
1948 5625 2043 5696 qui

479 5721 604 5792 post
633 5713 927 5787 multarum
972 5716 1261 5778 mulierum
1313 5718 1627 5789 adventum,
1660 5727 1715 5777 et
1739 5727 1862 5792 post
1906 5718 2044 5778 duo~

2137 1855 2240 1919 τὰς
2301 1853 2469 1917 αὑτὰς
2528 1851 2848 1922 ἐπιφανείας
2891 1848 3148 1920 ἐδήλουν,
3198 1845 3303 1899 κᾶν
3361 1846 3594 1914 εὐλόγως
3651 1844 3731 1898 ἂν

2139 1963 2222 2010 τις
2265 1945 2569 2016 ἐμέμψατο.
2610 1944 2673 1996 Et
2705 1941 2750 1995 δ’
2784 1941 3066 2013 ἀφώρισαν
3109 1939 3237 2001 τοὺς
3269 1938 3519 2008 χρόνους,
3573 1936 3730 1988 ἐνει-

2144 2037 2250 2108 μάν
2317 2054 2378 2090 τε
2451 2033 2572 2088 καθ’
2635 2033 2862 2087 ἕκαστον
2923 2032 3117 2104 χρόνοι
3175 2031 3270 2082 καὶ
3350 2029 3506 2082 τόπον
3583 2028 3730 2081 ἰδιά-

2141 2130 2335 2194 ζοντα,
2371 2126 2679 2190 ἀκολούθως
2729 2124 2787 2178 δὲ
2832 2124 3119 2195 διαφόρους
3168 2123 3263 2176 καὶ
3316 2125 3412 2185 τὰς
3450 2122 3734 2183 ὀπτασίας

2141 2220 2472 2294 ἀνέγραψαν.
2519 2220 2605 2283 Ὠς
2637 2219 2795 2290 εἴπερ
2823 2214 2960 2290 ἦσαν
2996 2219 3124 2288 μιᾶς
3156 2216 3255 2286 μὲν
3290 2217 3341 2268 οί
3364 2215 3570 2278 πάντες
3605 2207 3730 2268 ἑπι-

2141 2315 2365 2384 φανείας
2413 2312 2904 2386 μνημονεύσαντες,
2939 2313 3032 2365 καὶ
3083 2311 3177 2363 ἕνα
3238 2309 3441 2376 φάντες
3493 2307 3732 2378 ἄγγελον

2142 2401 2382 2478 ὦφθαιῆ
2421 2407 2514 2460 δύο
2559 2405 2862 2477 συμφώνως
2903 2404 3170 2473 ἀγγέλους
3219 2403 3538 2473 εἰρηκότες,
3585 2403 3622 2472 ἢ
3659 2397 3728 2456 αὖ

2144 2499 2304 2553 πάλιν
2332 2497 2424 2552 δύο
2453 2497 2706 2570 ἄνδραςῆ
2736 2497 3014 2551 νεανίσκον
3043 2495 3170 2547 ’ἐναο
3200 2490 3317 2546 εἶτα
3339 2495 3469 2556 τοὺς
3499 2495 3732 2563 καιροὺς

2141 2593 2485 2664 διήλλαττον,
2525 2590 2557 2662 ἦ
2603 2592 2677 2662 μὴ
2709 2590 2837 2652 τοὺς
2884 2589 3079 2652 αὐτοὺς
3117 2587 3334 2656 ἐδήλουν
3385 2587 3632 2649 τόπους,
3663 2581 3734 2656 ἦν

2141 2682 2206 2737 ἂν
2238 2683 2330 2734 καὶ
2371 2681 2513 2734 οὕτω
2571 2678 2906 2750 μέμψασθαι.
2956 2676 3068 2729 Νῦν
3102 2675 3145 2728 δ’
3195 2678 3223 2728 ὀ
3273 2674 3435 2742 λόγος
3488 2672 3732 2744 ἁχριδὴς

2146 2774 2292 2845 μένει
2348 2773 2440 2826 καὶ
2498 2770 2815 2842 ἀδιάϐλητος
2875 2769 2968 2820 ἐπὶ
3030 2769 3238 2838 καιροῖς
3286 2765 3578 2837 διαφόροις
3639 2767 3734 2817 καὶ

2140 2867 2325 2929 τόποις
2353 2862 2774 2925 ὲναλλαττούσας
2803 2861 2898 2925 τὰς
2926 2860 3188 2923 ὀπτασίας
3213 2859 3477 2926 εἰσάγων,
3505 2858 3608 2911 καὶ
3637 2857 3736 2920 τὰς

2141 2959 2343 3012 τούτων
2378 2957 2614 3028 θεωροὺς
2662 2955 2822 3009 πάλιν
2850 2954 3171 3025 διαφόρους,
3221 2952 3412 3023 ἐτέρας
3479 2951 3587 3022 μὲν
3637 2952 3736 3014 τας

2143 3049 2235 3102 δύο
2269 3048 2510 3121 πρώτας,
2555 3048 2704 3120 παρὰ
2733 3047 2831 3119 τὴν
2859 3045 3144 3116 δευτέραν’
3187 3045 3280 3097 καὶ
3313 3042 3414 3107 τὰς
3446 3043 3649 3114 τρίτας
3680 3043 3740 3098 δὲ

2147 3141 2405 3204 ὡσαύτως
2432 3139 2626 3212 ἐτέρας
2653 3139 2761 3191 τῶν
2798 3139 3090 3210 τετάρτων.
3142 3137 3349 3190 Αὐτίκα
3372 3137 3416 3188 δ’
3454 3133 3552 3190 οὖν
3598 3139 3740 3207 μετὰ

2148 3235 2247 3307 τὴν
2267 3233 2359 3287 τοῦ
2377 3232 2656 3286 νεανίσκου
2689 3231 2826 3303 πρὸς
2852 3230 2948 3294 τὰς
2973 3229 3285 3292 τελευταίας
3303 3231 3585 3296 γυναῖκας
3620 3233 3741 3300 ὁμι-

2147 3329 2288 3390 λίαν,
2309 3321 2383 3380 ὦν
2403 3327 2471 3379 τὰ
2498 3325 2733 3395 ὀνόματα
2764 3324 2863 3376 ούκ
2881 3322 3230 3394 ὲμφέρονται,
3250 3321 3498 3389 ἐπιλέγει
3512 3324 3541 3374 6
3579 3321 3740 3391 Μάρ-

2148 3434 2263 3482 κος·
2295 3437 2311 3468 ι
2337 3417 2448 3470 Καὶ
2481 3415 2777 3469 ἀκούσασαι
2813 3413 3029 3484 ἔφυγον,
3066 3414 3158 3466 καὶ
3174 3413 3347 3466 οὐδενὶ
3373 3413 3533 3466 οὐδὲν
3557 3407 3738 3475 εἷπον,

2147 3509 2440 3581 ἐφοϐοῦντο
2474 3509 2583 3579 γάρ
2601 3525 2613 3538 ’
2648 3527 2666 3560 ι»
2702 3503 2861 3560 αὗται
2883 3506 2980 3577 μὲν
2995 3501 3085 3559 οὗν
3099 3505 3344 3559 τοιαῦται
3361 3507 3460 3558 καὶ
3475 3507 3738 3576 ἔμφσδοι,

2119 3635 2125 3642 -
2148 3604 2243 3658 καὶ
2275 3603 2394 3656 λίαν
2414 3601 2604 3665 δειλαὶ,
2619 3600 2693 3664 ὡς
2713 3600 2846 3670 μηδὲ
2871 3598 3157 3669 πεισθῆναι
3174 3597 3252 3668 τῷ
3269 3599 3546 3670 νεανίσκῳ
3571 3601 3736 3668 φάντι

2149 3692 2284 3765 πρὸς
2319 3690 2519 3753 αύτάςο
2566 3709 2583 3740 ι
2622 3690 2888 3758 Ὑπάγετε
2937 3689 3030 3742 καὶ
3075 3687 3264 3741 εἴπατε
3300 3690 3419 3752 τοῖς
3455 3689 3736 3762 μαθηταξ

2147 3784 2310 3840 αὐτοῦ
2344 3784 2436 3836 καὶ
2480 3781 2557 3852 τῷ
2611 3780 2837 3851 Πέτρῳ,
2875 3779 3003 3833 Ἰδοὺ
3046 3778 3276 3850 προάγει
3307 3780 3455 3849 ὑμᾶς
3509 3782 3596 3841 εἰς
3641 3780 3742 3850 τὴν

2147 3874 2466 3928 Γαλιλαίανο
2514 3891 2532 3923 ι
2580 3870 2782 3924 τούτων
2833 3869 2940 3941 γὰρ
2993 3869 3295 3922 ἀκούσασαι
3357 3869 3471 3922 τῶν
3529 3869 3738 3940 λόγων,

2147 3964 2454 4021 τούναντίον
2486 3962 2843 4035 διεπράξαντο
2866 3980 2879 3994 ·
2916 3964 2971 4015 αἱ
2998 3961 3054 4014 δὲ
3087 3961 3240 4032 παρὰ
3265 3961 3342 4032 τῷ
3364 3963 3558 4034 Λουκᾷ
3599 3965 3738 4017 ἀπο-

2150 4058 2448 4131 στρέψασαι
2511 4057 2619 4110 ἀπὸ
2674 4055 2769 4110 τοῦ
2825 4058 3103 4127 μνήματος
3155 4055 3504 4128 ἀπήγγειλαν
3558 4057 3740 4111 ταῦτα

2148 4153 2323 4207 πάντα
2343 4153 2454 4214 τοῖς
2481 4150 2693 4204 ἕνδεκα.
2722 4148 2949 4220 Ὁμοίως
2973 4147 3029 4202 δὲ
3052 4150 3144 4203 καὶ
3170 4151 3202 4220 ἡ
3225 4149 3376 4220 παρὰ
3397 4149 3479 4219 τῷ
3507 4151 3738 4226 Ἰωάννῃ

2148 4246 2364 4317 ἔρχεται
2397 4243 2532 4316 πρὸς
2557 4243 2684 4306 τοὺς
2715 4241 2960 4312 μαθητὰς
2983 4240 3397 4309 ἀπαγγέλλουσα
3423 4241 3462 4296 ἃ
3488 4241 3735 4316 ἑώρακε.

2147 4339 2320 4393 Μόναι
2353 4336 2410 4389 δὲ
2440 4337 2497 4390 αἱ
2535 4335 2683 4406 παρὰ
2708 4335 2786 4406 τῷ
2814 4335 3028 4406 Μάρκῳ
3062 4333 3250 4388 πασῶν
3280 4333 3512 4388 ὕσταται
3541 4335 3740 4391 ἐλθοῦ-

2150 4441 2260 4490 σαι,
2298 4425 2392 4478 καὶ
2420 4423 2632 4494 ἀληθῶς
2659 4419 2984 4492 ὀψισθεῖσαι,
3011 4423 3086 4486 ώς
3112 4420 3248 4494 μετᾶ
3280 4424 3550 4496 ἀνατολὴν
3577 4427 3736 4497 ἡλίου

2150 4521 2456 4588 ἐπιστῆναι,
2476 4516 2599 4570 οὒτε
2628 4517 2719 4569 τὸν
2748 4517 2974 4588 Σωτῆρα
2997 4516 3290 4570 θεάσασθαι
3316 4505 3733 4586 καταξιοΰνται,

2149 4608 2272 4663 οὔτε
2294 4609 2386 4661 τὸν
2418 4608 2646 4676 ἄγγελον
2677 4607 2768 4661 τὸν
2799 4605 3257 4678 ἐξαστράπτοντα,
3292 4608 3416 4662 οὔτε
3465 4613 3600 4676 τοὺς
3646 4613 3734 4665 δύο

2147 4700 2273 4763 τοὺς
2300 4699 2430 4754 εἵσω
2478 4699 2572 4752 τοῦ
2607 4699 2904 4771 μνήματος,
2955 4699 3079 4752 οὗτε
3111 4701 3233 4764 τοὺς
3271 4700 3363 4754 δύο
3409 4704 3542 4766 τοὺς
3581 4704 3731 4774 παρὰ

2146 4793 2225 4863 τῷ
2267 4794 2450 4863 Λουκᾷ
2499 4792 2731 4864 ἄνδρας*
2773 4791 2928 4862 ψιλὸν
2977 4791 3033 4845 δέ
3085 4809 3205 4846 τινα
3255 4794 3542 4848 νεανίσκον
3591 4793 3730 4849 εἶδον

2147 4885 2605 4957 περιϐεϐλημένον
2659 4885 2846 4958 στολὴν
2899 4886 3132 4958 λευκὴν,
3172 4885 3452 4954 ἀναλόγως
3501 4891 3569 4960 τῇ
3633 4889 3728 4958 τῆς

2145 4978 2380 5042 διανοίας
2430 4978 2611 5032 αὐτῶν
2663 4979 2988 5051 σμικρότητι
3039 4980 3137 5052 τὴν
3179 4979 3445 5033 ὀπτασίαν
3482 4981 3723 5035 ἰδοῦσαι·

2147 5069 2240 5123 καὶ
2267 5068 2456 5122 τοῦτον
2485 5068 2541 5122 δὲ
2588 5068 2906 5142 λευχείμονα
2938 5072 3037 5142 τῆς
3090 5072 3283 5142 ἑορτῆς
3312 5071 3475 5141 χάριν
3522 5070 3726 5129 θεασά-

2149 5179 2329 5232 μεναι,
2361 5163 2510 5233 ὅμως
2543 5162 2989 5234 ἐθαυμάσθησαν
3019 5162 3176 5216 τοῦτο
3206 5163 3314 5235 γὰρ
3337 5164 3724 5236 ἐμαρτύρησεν

2146 5254 2336 5318 αὑταῖς
2363 5256 2391 5306 6
2434 5256 2686 5326 Μάρκος·
2742 5255 2984 5323 καίτοιγε
3026 5256 3117 5309 ἐπὶ
3148 5255 3256 5308 τῶν
3295 5256 3580 5327 προτέρων
3617 5274 3722 5329 μηο

2145 5345 2316 5415 δαμοῦ
2344 5346 2437 5398 τοῦ
2481 5345 2720 5416 θάμϐους
2767 5346 3174 5417 ὠνομασμένον.
3203 5346 3313 5417 Τὴν
3357 5345 3722 5418 Μαγδαληνὴν

2145 5438 2202 5491 δὲ
2233 5437 2596 5510 σχολάζουσαν
2618 5439 2712 5492 καὶ
2739 5438 3271 5510 προσκαρτεροῦσαν,
3296 5439 3442 5502 είκδς
3472 5440 3534 5492 οὐ
3565 5440 3721 5510 μόνον

2144 5517 2244 5595 τὰς
2278 5530 2497 5602 πρώτας
2534 5530 2685 5602 δψεις
2722 5531 3008 5585 τεθεᾶσθαι
3038 5531 3148 5584 τῶν
3194 5534 3330 5603 αὐτῇ
3368 5533 3504 5603 μόνῃ
3533 5533 3721 5602 ὀφθέν-

2144 5642 2252 5680 των
2270 5665 2286 5691 ,
2331 5624 2468 5682 ἀλλὰ
2497 5625 2590 5678 καὶ
2636 5624 2729 5680 τὸν
2783 5625 2931 5697 παρὰ
2974 5624 3052 5696 τῷ
3080 5625 3291 5696 Μάρκῳ
3338 5627 3460 5690 ταῖς
3510 5626 3720 5689 λοιπαῖς

2145 5718 2391 5790 γυναιξὶν
2430 5719 2741 5792 ἑωραμένον
2773 5718 3068 5776 νεανίσκον.
3097 5717 3306 5773 Ταὺτδν
3348 5717 3392 5772 δ’
3431 5717 3500 5775 ἂν
3552 5721 3721 5782 ulmi;
