3936 6206
208 280 316 336 997
1084 254 1590 331 δυιῖῖῐΕΜΕΝτΑ
1629 273 1764 342 oua

1870 271 2105 329 .‘IONUM
2146 273 2237 327 AD
2276 273 2623 330 MABINUM.
3348 272 3452 330 998

206 398 308 453 καὶ
342 395 435 448 ἐπὶ
463 396 564 459 τῆς
596 392 740 445 κατά
776 393 866 447 τὸν
893 393 1107 447 Λουκᾶν
1142 394 1401 465 ἱστορίας,
1428 392 1485 456 ὃς
1526 392 1662 461 μετά

1892 404 2013 443 rum
2045 391 2286 443 virorum
2318 392 2449 460 ipsis
2479 391 2787 446 oblatorum
2836 388 3103 444 visionem
3125 428 3141 453 ,
3172 388 3347 460 pergit
3368 389 3453 445 di-

210 486 394 557 ἇφιξιν
421 486 531 538 τῶν
561 484 770 538 πολλῶν
803 484 1095 553 γυναικῶν,
1119 485 1213 539 καὶ
1244 486 1378 555 μετά
1404 484 1499 554 τὴν
1528 484 1654 538 θέαν
1678 483 1764 536 τῶε

1889 496 2033 545 cere,
2063 480 2208 551 quod
2255 496 2517 552 regressae
2569 482 2637 537 de
2683 488 3058 543 monumento,
3109 480 3222 534 haec
3270 482 3454 537 omnia

210 578 376 647 ὀφθέν
389 593 486 629 ;ων
518 575 707 636 αὑταῖς
754 574 847 626 δύο
876 573 1080 644 ἀνδρῶν
1107 573 1367 644 διηγεῖται
1402 572 1594 640 λέγων·
1626 591 1643 623 ι
1679 573 1762 624 Κα

1888 572 2323 627 renuntiaverint
2372 572 2659 644 discipulis
2713 573 2986 627 undecim.
3018 570 3147 625 Post
3174 587 3293 641 qua:
3328 572 3402 626 ait
3436 590 3449 626 :

210 666 629 737 ἀποστρέψασαι
674 665 781 719 ἀπὸ
817 666 909 717 τοῦ
952 666 1214 736 μνημείου
1249 665 1585 734 ἀπήγγειλαν
1617 664 1787 718 ταῦτα

211 761 391 813 πάντα
412 761 523 820 τοῖς
552 756 759 809 ἕνδεκαο
783 776 799 808 ι
823 754 903 819 οἷς
930 752 1417 828 ὲπιερέρειμἾίσαν
1443 757 1497 808 δὲ
1515 760 1547 827 ἡ
1564 756 1785 824 Μαγδα-

208 852 346 923 ληνὴ
374 850 581 921 Μαρία,
609 868 626 900 ι
656 851 748 902 καὶ
776 850 841 902 τά
865 850 1010 919 ὲξῆς.
1043 852 1154 902 Οὐκ
1182 850 1408 912 ἀπεικὸς
1439 851 1533 920 μὲν
1557 850 1663 920 γὰρ
1693 845 1781 920 ἦν,

209 938 306 990 καὶ
333 938 428 990 νῦν
462 938 621 992 πάλιν
645 937 740 1007 τὴν
770 939 1131 1010 Μαγδαληνὴν
1161 939 1324 992 πάλαι
1369 940 1782 1011 προαφιγμένην

206 1028 307 1081 καὶ
344 1029 759 1099 παραμείνασαν
789 1030 1019 1092 εὐτόνως
1054 1031 1201 1101 παρά
1238 1031 1315 1101 τῷ
1351 1034 1591 1101 μνήματι
1619 1030 1783 1101 εὑρῆ-

210 1119 376 1183 σθαι,
431 1121 519 1171 ὅτε
572 1118 759 1172 πολλαὶ
808 1120 915 1173 ἀπὸ
963 1124 1060 1192 τῆς
1104 1121 1387 1186 Γαλιλαίας
1436 1121 1779 1175 συνελθοῦσαι

208 1213 469 1280 γυναῖκες
513 1213 764 1282 ἀπήντων
798 1213 889 1264 ἐπὶ
916 1213 1006 1265 τὸν
1035 1214 1203 1283 τάφον
1243 1214 1499 1284 φέρουσαι
1536 1213 1602 1266 τά
1637 1213 1779 1284 ἀρώ-

208 1317 379 1370 ματα,
418 1299 559 1354 ὥστε
601 1304 693 1355 καὶ
738 1302 902 1369 αὐτὴν
938 1303 1054 1373 ἃμα
1104 1308 1222 1367 ταῖς
1262 1306 1471 1369 λοιπαῖς
1522 1306 1646 1368 τοὺς
1688 1306 1780 1358 δύο

206 1391 407 1462 ἄνδρας
441 1392 745 1453 τεθεᾶσθαι,
777 1395 870 1446 καὶ
896 1394 1003 1445 τῶν
1028 1393 1201 1461 λόγων
1234 1392 1410 1445 αὐτῶν
1449 1393 1773 1463 ἀκηκοέναιο

204 1480 324 1536 εἶτα
360 1486 456 1538 σὺν
486 1488 605 1547 ταῖς
628 1485 846 1549 πολλαῖς
871 1483 1181 1539 ἐπανελθεῖν
1215 1487 1308 1540 καὶ
1341 1486 1643 1556 διηγεῖσθαι
1667 1488 1778 1550 τοῖς

202 1577 421 1631 ἕνδεκα.
446 1579 674 1632 Δύναται
699 1579 754 1631 δὲ
789 1582 882 1633 καὶ
910 1580 1081 1643 ἄλλως
1105 1582 1133 1631 ὁ
1156 1580 1333 1649 λόγος,
1366 1581 1432 1633 τὰ
1465 1581 1561 1650 μὲν
1588 1580 1778 1651 πρῶτα

200 1675 329 1734 ταῖς
378 1672 483 1725 ἀπὸ
515 1673 612 1743 τῆς
650 1672 937 1735 Γαλιλαίας
983 1673 1228 1741 γυναιξὶν
1264 1675 1590 1743 ἀπονεῖμαι,
1633 1673 1777 1741 λέγω

199 1762 267 1835 δὴ
298 1766 400 1834 τὴν
438 1767 512 1828 είς
538 1766 598 1818 τὸ
637 1765 826 1836 μνῆμα
857 1766 1057 1834 ἄφιξιν,
1088 1767 1180 1819 καὶ
1206 1765 1302 1836 τὴν
1333 1766 1440 1818 τῶν
1475 1766 1776 1837 ἀρωμάτων

200 1857 456 1927 κομιδὴν,
489 1858 585 1928 τήν
629 1875 689 1910 τε
731 1858 1028 1928 γενομένην
1072 1860 1260 1922 αὑταῖς
1288 1858 1393 1911 τῶν
1434 1858 1524 1911 δύο
1570 1858 1777 1930 ἀνδρῶν

202 1947 544 2016 ὲταφάνειαν,
568 1950 661 2001 καὶ
689 1951 812 2012 τοὺς
837 1949 1038 2003 τούτων
1069 1950 1203 2021 πρὸς
1235 1948 1404 2012 αὑτὰς
1434 1949 1623 2018 λόγους
1644 1967 1655 1978 σ
1681 1948 1777 2020 τὴν

204 2037 304 2107 μὲν
351 2033 453 2092 ὀὖν
492 2040 828 2108 ἀπαγγελίαν
872 2040 967 2111 τὴν
998 2040 1133 2113 πρὸς
1185 2041 1309 2101 τοὺς
1352 2040 1541 2092 ἕνδεκα
1583 2040 1777 2110 μηκέτι

198 2132 336 2202 παρ’
370 2130 548 2185 αὐτῶν
585 2131 741 2201 μόνον
774 2132 1120 2203 γεγενῆσθαι,
1157 2131 1270 2184 ἀλλ’
1304 2130 1438 2201 ὁμοῦ
1474 2131 1624 2200 παρά
1668 2148 1776 2183 πασο

197 2222 333 2287 σῶν,
362 2223 599 2293 ἑκάστης
644 2223 679 2277 ἃ
724 2223 944 2277 τεθέατο
988 2224 1351 2295 διηγημένης’
1395 2225 1451 2275 ὲν
1497 2217 1583 2285 αἶς
1619 2223 1775 2277 πάλιν

192 2314 294 2385 τὴν
338 2314 705 2385 Μαγδαληνὴν
738 2310 872 2367 εἶναι
909 2315 1046 2385 μετά
1078 2315 1187 2367 τῶν
1230 2314 1429 2367 λοιπῶν
1482 2314 1576 2367 καὶ
1609 2315 1774 2386 αὐτὴν

193 2410 309 2469 τοῖς
361 2407 629 2479 μαθηταῖς
673 2408 1121 2477 ἀπαγγέλλουσαν
1162 2407 1232 2463 τά
1283 2408 1427 2471 ίδίως
1458 2408 1591 2479 μόνῃ
1633 2410 1769 2479 αὐτῇ

194 2499 509 2570 ἑωραμένα.

942 2641 1024 2691 H'.

264 2748 380 2820 (67)
426 2749 564 2818 Ἐγὼ
596 2749 653 2803 δὲ
705 2749 924 2802 κάκεῖνο
964 2746 1138 2817 ζητῶ,
1186 2746 1303 2810 πῶς
1350 2745 1500 2819 παρά
1547 2747 1643 2816 μὲν
1692 2745 1769 2817 τῷ

192 2844 411 2914 Μάρκῳ
451 2844 688 2914 εἴρηται,
719 2843 793 2906 ὼς
823 2842 929 2914 ἄρα
960 2841 1335 2912 διαγενομένου
1368 2839 1459 2892 τοῦ
1490 2839 1766 2894 fastidit-ou

190 2937 494 3007 ἡτοίμασαν
530 2934 832 3005 ἀρώματα,
882 2936 1029 3006 παρὰ
1078 2936 1134 2988 δὲ
1162 2934 1240 3005 τῷ
1285 2936 1465 3005 Λουκᾷ
1515 2936 1621 3004 πρὸ
1670 2933 1764 2986 τοῦ

189 3027 648 3092 Σαϐϐάτουιτοῦϋ
679 3027 919 3099 ἔπραξαν
952 3029 1009 3079 ἐν
1041 3028 1177 3098 αὐτῇ
1210 3030 1275 3096 τῇ
1307 3027 1655 3097 Παρασκευῇ.

1892 681 1911 714 ι
1956 663 2123 717 Erant
2196 673 2375 718 autem
2459 665 2628 719 Maria
2683 662 3017 735 Magdalene,
3055 682 3071 713 ι
3111 671 3165 718 et
3221 663 3450 731 reliqua.

1886 753 2096 825 Quippe
2128 756 2272 811 haud
2299 765 2382 811 est
2422 757 2797 819 inverisimile,
2834 771 2977 809 nunc
3013 756 3207 809 iterum
3235 755 3454 824 Magda-

1886 849 2060 901 Ieuain
2094 854 2235 917 (qua:
2285 857 2445 902 antea
2492 850 2667 918 prima
2715 848 2885 912 iverat
2915 887 2930 910 ,
2983 847 3305 916 fortiterque
3343 847 3455 903 illic

1886 940 2351 1009 perscveraverat)
2384 940 2523 1008 apud
2552 950 2964 993 monumentum
3004 940 3174 993 fuisse
3202 954 3453 1009 comper-

1885 1040 2015 1094 tam,
2049 1046 2172 1084 cum
2206 1032 2310 1084 illa:
2350 1035 2533 1099 plures
2563 1048 2625 1085 ex
2658 1029 2877 1085 Galil-aea
2905 1032 3290 1085 convenientes
3338 1046 3454 1084 mu-

1883 1122 2042 1176 lieres
2072 1122 2138 1175 ad
2169 1124 2477 1191 sepulcrum
2510 1131 2775 1177 venerunt
2806 1130 3050 1177 aromata
3079 1123 3338 1188 ferentes,
3368 1124 3445 1178 ita

1883 1224 1941 1267 ut
1995 1216 2108 1282 ipsa
2156 1231 2371 1284 quoque
2413 1230 2535 1268 cum
2584 1215 2795 1268 caeteris
2849 1216 2985 1269 duos
3031 1215 3178 1270 viros
3227 1215 3445 1279 viderit,

1880 1319 2178 1374 eorumque
2201 1307 2363 1359 verba
2398 1305 2669 1359 audiverit
2697 1321 2711 1369 ;
2746 1314 2799 1359 et
2830 1305 3025 1359 deinde
3053 1320 3175 1358 cum
3212 1305 3317 1359 illis
3362 1321 3448 1360 re-

1879 1412 2066 1467 gressa
2118 1412 2229 1451 rem
2278 1398 2530 1452 undecim
2561 1398 2917 1452 enarraverit.
2972 1397 3356 1452 Verumtamen
3392 1406 3446 1454 et

1880 1490 2035 1543 aliter
2077 1489 2305 1560 pr0poni
2359 1491 2671 1559 explanatio
2745 1498 2961 1560 potest:
2996 1506 3187 1559 nempe
3238 1497 3298 1543 ut
3357 1504 3447 1545 res

1880 1583 2088 1651 priores
2118 1582 2436 1636 mulieribus
2486 1581 2723 1635 Galilaais
2775 1583 3105 1643 tribuamus,
3150 1581 3443 1635 adventum

1879 1674 2003 1728 dico
2038 1675 2104 1728 ad
2138 1675 2473 1743 sepulcrum,
2524 1682 2577 1728 et
2625 1680 2925 1726 aromatum
2963 1672 3356 1735 advectionem,
3391 1680 3446 1725 et

1878 1766 2113 1819 oblatam
2144 1766 2277 1835 ipsis
2307 1770 2538 1820 duorum
2569 1765 2810 1818 virorum
2841 1764 3129 1827 visionem,
3161 1773 3215 1817 et
3248 1764 3443 1817 horum

1881 1858 1945 1909 ad
1975 1857 2123 1926 ipsas
2155 1872 2459 1911 sermones.
2492 1855 2560 1909 At
2588 1857 2838 1909 nuntium
2866 1854 3151 1923 discipulis
3186 1853 3442 1908 undecim

1878 1944 2115 1999 delatum
2149 1961 2489 2015 nequaquam
2526 1948 2593 2001 ab
2623 1946 2708 2000 his
2738 1944 2951 2000 feminis
2972 1946 3106 2000 solis
3130 1943 3318 2009 fuisse,
3346 1945 3445 1999 sed

1876 2051 1907 2089 a
1940 2037 2153 2090 cunctis
2199 2038 2383 2101 simul,
2437 2038 2563 2091 dum
2616 2052 2951 2107 unaquaeque
2980 2053 3042 2091 ea
3074 2052 3195 2106 qua:
3227 2037 3444 2091 viderat

1876 2127 2141 2197 referret;
2172 2145 2309 2199 quas
2364 2132 2524 2194 inter,
2571 2130 2899 2183 credendum
2928 2136 3011 2183 est
3062 2129 3438 2200 Magdalenam

1876 2220 2067 2287 fuisse,
2107 2236 2230 2275 cum
2280 2222 2504 2291 reliquis
2536 2230 2590 2275 et
2624 2221 2797 2290 ipsam
2847 2221 3135 2290 discipulis
3175 2221 3438 2275 nuntian-

1874 2319 1982 2366 tem
2014 2326 2078 2366 ea
2117 2328 2237 2383 qua:
2268 2312 2524 2368 solitatim
2553 2320 2606 2368 et
2628 2311 2979 2383 singulariter
3007 2311 3237 2365 viderat.

2574 2624 2708 2680 VIII.

1940 2736 2052 2809 Ego
2084 2753 2213 2795 vero
2241 2746 2295 2794 et
2318 2739 2449 2793 illud
2482 2754 2686 2809 quazro,
2719 2736 2994 2808 quomodo
3021 2735 3164 2806 apud
3195 2734 3436 2790 Marcum

1866 2827 2073 2884 dictum
2120 2831 2211 2896 sit,
2262 2829 2407 2900 quod
2447 2844 2571 2883 cum
2606 2827 3277 2889 Sabbatum'transiisset,
3309 2840 3435 2879 aro-

1866 2933 2012 2977 mata
2040 2923 2397 2993 paraverint;
2441 2922 2583 2992 apud
2629 2920 2829 2975 Lucam
2880 2936 3009 2975 vero
3056 2927 3182 2974 ante
3230 2917 3438 2973 Sabba-

1866 3020 1981 3066 tum
2018 3013 2072 3066 id
2103 3022 2288 3084 agant,
2317 3014 2436 3083 ipsa
2464 3014 2794 3068 Parasceves
2824 3011 2931 3066 die.

258 3141 376 3193 Καὶ
409 3139 566 3191 τοῦτο
591 3139 646 3191 δὲ
686 3141 798 3202 τοῖς
834 3138 1118 3208 προτέροις
1154 3136 1637 3207 συμπεπλεγμένον
1667 3134 1764 3205 ζη-

1936 3125 2061 3181 Ηιεο
2085 3141 2301 3196 quoque
2320 3126 2700 3195 superioribus
2724 3124 2986 3194 implicita
3011 3122 3433 3194 qumstiouibus.

185 3232 433 3303 τὴμασι,
486 3229 583 3299 τῆς
626 3229 818 3298 ὁμοίας
859 3227 1084 3287 ἐκείνοις
1138 3226 1287 3295 τύχοι
1338 3225 1403 3277 ἂν
1438 3224 1764 3295 ἑρμηνείας·

1874 3234 2058 3289 parem
2110 3219 2218 3272 illis
2266 3218 2705 3287 explanationem
2758 3217 3035 3272 sortietur.
3077 3217 3286 3271 Etenim
3333 3231 3435 3271 nos

187 3321 624 3376 ἀποδεικνύντων
652 3322 706 3374 δὲ
730 3321 885 3390 ἡμῶν
905 3318 977 3391 μὴ
1010 3314 1144 3371 εἶναι
1169 3317 1265 3381 τὰς
1293 3317 1481 3380 αὑτάς,
1511 3316 1623 3369 ἀλλ’
1649 3316 1764 3369 ἑτέ-

1870 3312 2386 3372 demonstravimus,
2421 3310 2563 3363 haud
2594 3309 2810 3364 easdem
2829 3324 2972 3371 esse,
3007 3308 3099 3363 sed
3124 3309 3279 3373 alias,
3313 3322 3435 3377 quae

188 3431 289 3486 ρας
329 3415 430 3483 μὲν
470 3413 568 3475 τὰς
599 3412 704 3483 πρὸ
740 3411 831 3464 τοῦ
876 3410 1154 3463 Σαϐϐάτου
1211 3412 1268 3462 ἐν
1297 3410 1434 3479 αὐτῇ
1483 3411 1548 3479 τῇ
1587 3409 1764 3477 Παρα-

1870 3395 1993 3459 ante
2029 3402 2324 3458 Sabbatum
2357 3401 2472 3470 ipsa
2521 3400 2850 3454 Parasceves
2885 3401 2992 3461 die;
3034 3415 3139 3469 qua
3172 3398 3434 3454 Dominus

187 3510 384 3577 σκευῇ,
423 3506 544 3558 καθ’
576 3506 641 3576 ἢν
668 3504 930 3558 πέπονθεν
962 3507 989 3556 ὁ
1022 3502 1231 3573 Σωτὴρ,
1261 3504 1387 3573 περὶ
1417 3502 1514 3572 τὴν
1546 3501 1764 3571 κηδείαν

1870 3511 2063 3565 passus
2096 3503 2201 3558 est,
2237 3494 2300 3546 ad
2326 3507 2445 3547 eam
2473 3506 2658 3545 curam
2682 3492 3084 3557 incubuerunt;
3114 3490 3250 3545 alias
3278 3505 3428 3555 vero,

184 3598 597 3671 ἀσχοληθείσας,
636 3599 825 3669 ἑτέρας
851 3597 907 3649 δὲ
944 3597 1041 3660 τὰς
1077 3596 1215 3666 μετά
1247 3596 1305 3648 τὸ
1337 3595 1606 3649 Σάϐϐατον
1627 3612 1639 3624 ·
1671 3612 1765 3646 σα-

130 3716 133 3717 ν
185 3695 301 3763 φῶς
332 3693 446 3762 γὰρ
495 3691 697 3754 ταύτας
746 3691 956 3752 Λουκᾶς
1004 3688 1394 3759 μεμαρτύρηκε
1443 3688 1562 3741 κατ’
1596 3686 1762 3757 αὐτὴν

187 3788 285 3858 τὴν
320 3786 536 3857 ἡμέραν
558 3784 651 3837 τοῦ
682 3783 886 3845 πάθους
917 3782 1087 3835 ταῦτα
1116 3782 1491 3851 πεποιηκέναι,
1514 3778 1762 3849 οὐδαμῶς

186 3881 449 3951 ὀνόματος
473 3878 745 3948 γυναικῶν
781 3875 1177 3947 μνημονεύσας,
1205 3875 1317 3927 ἀλλ’
1346 3874 1527 3937 ἁπλῶς
1575 3877 1759 3942 γυναῖ-

186 3991 284 4038 κας
310 3971 484 4026 εἰπὼν
512 3972 611 4035 τὰς
636 3970 990 4033 συνελθούσας
1014 3966 1162 4037 αὑτῷ
1193 3966 1301 4020 ἀπὸ
1322 3966 1423 4035 τῆς
1442 3965 1754 4027 Γαλιλαίας·

184 4065 293 4118 ὁδὲ
341 4064 572 4136 Μάρκος
619 4063 877 4133 ὀνομαστὶ
924 4062 1073 4131 τρεῖς
1120 4057 1283 4129 μόνας
1325 4055 1594 4126 ἀνέγραψε
1636 4054 1755 4107 καθ’

185 4158 382 4221 ιαντάς
416 4158 670 4228 πρόνοιαν
701 4155 1074 4224 πεποιημένας
1107 4151 1213 4203 τῶν
1246 4149 1569 4220 ἀρωμάτων,
1606 4147 1664 4198 οὑ
1688 4148 1752 4217 τῇ

184 4251 546 4321 Παρασκευῇ,
600 4246 734 4300 ἀλλά
787 4246 926 4317 μετὰ
957 4242 1296 4312 διαγενέσθαι
1328 4241 1388 4294 τὸ
1439 4238 1713 4292 Σάϐϐατον
1737 4253 1751 4268 θ

184 4343 375 4415 ἐτέρας
413 4341 468 4393 δὲ
517 4335 651 4392 εἶναι
682 4337 881 4400 ταύτας
911 4336 1061 4406 παρὰ
1104 4335 1203 4397 τάς
1253 4330 1402 4403 παρά
1440 4329 1518 4400 τῷ
1549 4329 1749 4399 Δουκᾷ,

183 4435 276 4485 καὶ
320 4432 389 4484 τά
443 4429 569 4499 ἑξῆς
610 4427 922 4497 ὲπαγόμενα
962 4426 1251 4479 δείκνυσιν.
1290 4418 1457 4476 Αὖται
1512 4420 1609 4490 μὲν
1659 4415 1751 4472 οὖν

1864 3603 1984 3657 qua:
2039 3594 2160 3656 post
2208 3583 2504 3638 Sabbatum
2539 3602 2551 3636 :
2590 3582 2878 3652 perspicue
2919 3582 3063 3634 enim
3115 3582 3213 3636 has
3256 3580 3433 3637 Lucas

1863 3684 2098 3732 testatur
2142 3676 2258 3744 ipsa
2303 3673 2391 3728 die
2429 3672 2707 3727 Passionis
2752 3672 2803 3725 id
2840 3672 3036 3741 egisse,
3065 3673 3267 3726 nullius
3312 3688 3433 3727 mu-

1863 3767 2011 3823 Iieris
2040 3773 2342 3820 memorato
2374 3764 2616 3826 nomine,
2643 3762 2738 3817 sed
2765 3761 3086 3832 simpliciter
3107 3760 3431 3815 mulieribus

1860 3858 2199 3923 memoratis,
2249 3872 2369 3927 quae
2412 3871 2537 3910 cum
2583 3853 2713 3910 Jesu
2764 3861 3027 3908 venerant
3069 3853 3136 3906 de
3186 3850 3427 3907 Galilaea.

1860 3952 2077 4007 Marcus
2124 3961 2304 4006 autem
2345 3958 2458 4005 tres
2501 3950 2647 4006 solas
2676 3947 2998 4003 nominatim
3032 3945 3275 4015 scripsit,
3302 3957 3429 3999 aro-

1859 4052 2064 4098 matum
2092 4044 2254 4099 simul
2278 4057 2463 4097 curam
2498 4048 2771 4112 gerentes,
2795 4038 2940 4093 haud
2965 4037 3052 4091 die
3074 4036 3424 4100 Parasceves,

1857 4135 1951 4191 sed
1979 4134 2091 4205 jam
2135 4134 2374 4190 Sabbato
2409 4134 2779 4205 praeterlapso.
2820 4130 2930 4185 Has
2977 4144 3139 4200 porro
3180 4128 3425 4182 diversas

1855 4243 1979 4283 esse
2007 4228 2076 4282 ab
2099 4228 2208 4283 illis
2247 4225 2427 4291 Lucae,
2455 4225 2741 4295 sequentia
2776 4236 2994 4293 quoque
3021 4220 3422 4275 demonstrant.

1854 4318 1949 4374 Hm
1986 4320 2247 4375 nimirum
2285 4320 2429 4389 apud
2479 4320 2719 4372 Marcum
2761 4316 3018 4370 mulieres
3055 4312 3306 4382 juvenem
3338 4311 3424 4363 vi-

1853 4415 1984 4469 dent
2032 4415 2086 4467 in
2135 4412 2327 4466 dextra
2375 4419 2530 4481 parte
2575 4410 2879 4471 sedentem,
2910 4407 3005 4478 qui
3057 4413 3111 4461 et
3155 4403 3264 4459 illis
3297 4402 3419 4456 ait:

184 4526 437 4592 τυναῖκες
472 4495 625 4591 παρά
657 4519 733 4590 τῷ
760 4495 972 4589 Μάρκῳ
998 4517 1089 4569 τὸν
1119 4516 1397 4569 νεανίσκον
1428 4511 1595 4583 ὁρῶσι
1619 4510 1750 4563 καθ-

1870 4528 1876 4559 l
1913 4507 2094 4560 Nolite
2128 4507 2347 4570 timere;
2380 4504 2565 4559 Jesum
2603 4503 2847 4571 quaeritis
2892 4499 3270 4563 Nazarenum;
3300 4508 3424 4550 sur-

183 4616 382 4687 ήμενον
418 4615 477 4666 ὲν
509 4614 620 4674 τοῖς
676 4610 886 4676 δεξιοῖς,
917 4610 974 4672 ὃς
1004 4608 1097 4660 καί
1141 4623 1304 4676 φησιν
1350 4605 1567 4665 αὐταῖς·
1606 4621 1624 4653 ι
1654 4601 1746 4673 Μὴ

182 4699 463 4778 φοδεῖσθε·
508 4705 714 4774 Ἰησοῦν
757 4701 967 4773 ζητεῖτε
997 4700 1084 4752 τὸν
1128 4696 1476 4765 Ναζαρηνόν’
1514 4693 1741 4765 ἠγέρθη,

179 4799 279 4850 οὐκ
317 4796 458 4848 ἔστιν
489 4788 611 4847 ὦδε.
634 4811 652 4844 ι
686 4791 817 4854 Ταῖς
851 4790 906 4842 δὲ
938 4788 1087 4859 παρά
1119 4787 1195 4857 τῷ
1233 4786 1412 4855 Λουκᾷ
1440 4783 1531 4836 δύο
1556 4783 1745 4854 ἄνδρες

181 4891 483 4959 tria-madv
518 4889 575 4939 ὲν
606 4883 790 4954 ἐσθῆτι
824 4880 1229 4953 ἀστραπτούσῃ,
1262 4879 1355 4931 καὶ
1382 4877 1572 4948 ἑτέρας
1614 4891 1747 4946 προ-

181 4984 432 5055 ιρέρονται
478 4979 660 5049 φωνὰς
712 4977 993 5045 λέγοντεςο
1025 4993 1045 5025 ι
1076 4974 1139 5026 Τί
1175 4972 1386 5041 ζητεῖτε
1438 4968 1526 5022 τὸν
1574 4967 1748 5031 ζῶντα

184 5075 320 5144 μετᾶ
340 5074 446 5126 τῶν
469 5070 710 5142 νεκρῶνς
742 5088 758 5120 ι
794 5069 888 5121 καὶ
917 5066 985 5120 τὰ
1028 5065 1152 5135 ἑξῆς
1178 5082 1190 5094 ·
1228 5065 1321 5116 καὶ⁵
1361 5064 1416 5115 αἱ
1449 5062 1546 5133 μὲν
1596 5060 1745 5131 παρά

178 5169 257 5238 τῷ
286 5170 492 5241 Μάρκῳ
533 5165 831 5220 ἀκούσασαι
864 5163 973 5223 τοῖς
1020 5159 1287 5230 μαθηταῖς
1331 5153 1647 5223 ὲπαγγεῑλαι
1674 5151 1743 5205 τὰ

180 5259 599 5332 παρηγγελμένα
623 5275 638 5289 ·
685 5255 859 5309 οὐδενὶ
890 5252 1040 5306 οὐδὲν
1088 5247 1236 5304 εἷπον
1258 5266 1272 5280 ν
1300 5250 1355 5301 αἱ
1387 5247 1441 5300 δὲ
1486 5246 1634 5316 παρά
1664 5243 1749 5314 τῷ

179 5350 355 5420 Δουκᾷ
392 5348 735 5420 πορευθεῖσαι
763 5342 1102 5415 ἀπήγγειλαν
1134 5345 1245 5404 τοῖς
1274 5340 1482 5392 ἕνδεκα·
1537 5337 1612 5399 ὼς
1650 5335 1740 5389 διά

1855 4599 2018 4664 rexit,
2048 4614 2160 4653 non
2189 4605 2274 4653 est
2305 4597 2409 4652 liic.
2452 4616 2472 4649 ›
2510 4595 2621 4650 Illis
2651 4603 2832 4649 autem
2872 4592 3014 4662 apud
3064 4589 3267 4643 Lucam
3311 4585 3422 4641 duo

1855 4695 1957 4749 viri
2000 4695 2288 4748 astiterunt
2315 4693 2370 4746 in
2400 4699 2552 4746 veste
2582 4690 2822 4759 fulgente
2849 4728 2864 4751 ,
2908 4696 2963 4741 et
3005 4685 3110 4739 alia
3149 4682 3312 4737 verba
3336 4681 3421 4734 di-

1853 4792 2029 4839 cunt:
2071 4803 2088 4836 ι
2127 4785 2238 4839 Cur
2286 4783 2533 4853 quarritis
2579 4782 2856 4835 viventem
2902 4780 3044 4831 inter
3071 4770 3359 4828 mortuos?
3393 4789 3411 4821 ι

1854 4885 1908 4931 et
1937 4877 2167 4946 reliqua.
2212 4875 2277 4929 Et
2312 4876 2415 4928 illa:
2444 4872 2583 4943 apud
2616 4871 2855 4925 Marcum
2903 4866 3121 4921 monita:
3163 4861 3416 4915 mandata

1855 4973 2110 5025 nuntiare
2154 4968 2458 5037 discipulis,
2491 4964 2693 5019 nemini
2720 4961 3014 5033 quidquam
3043 4957 3314 5009 dixerunt.
3345 4949 3415 5004 At

1851 5064 1957 5119 illae
1996 5062 2156 5116 Luca:
2196 5062 2450 5131 profectae
2486 5058 2880 5112 nuntiaverunt
2914 5046 3199 5117 discipulis
3243 5043 3415 5096 unde-

1850 5154 1977 5207 cim.
2011 5153 2190 5218 Quare
2217 5166 2283 5205 ex
2309 5151 2396 5205 his
2419 5150 2673 5205 omnibus
2704 5142 3000 5213 colligitur,
3025 5135 3168 5191 haud
3193 5131 3412 5188 easdem

1848 5245 2019 5299 fuisse
2042 5244 2320 5306 mulieres,
2350 5244 2581 5312 ideoque
2617 5254 2719 5293 nec
2753 5252 2865 5291 uno
2903 5244 3145 5302 tempore
3182 5242 3246 5283 ea
3290 5238 3412 5295 quae

1847 5336 1903 5390 in
1926 5336 2145 5406 scriptis
2177 5343 2482 5400 sunt,.esse
2511 5339 2750 5403 peracta.

176 5416 374 5498 τούτων
417 5416 668 5497 ἁπάντων
716 5437 1061 5511 συνάγεσθαι,
1096 5435 1171 5508 μὴ
1216 5435 1314 5498 τὰς
1348 5432 1514 5495 αὑτὰς
1558 5426 1727 5487 εἶναι·
1767 5430 1848 5485 διὸ
1911 5431 2044 5502 μηδὲ
2095 5430 2183 5499 ὑφ’
2209 5429 2304 5485 ἕνα
2341 5427 2529 5498 καιρὸν
2563 5419 2917 5493 cremanda:
2963 5416 3032 5472 τὰ
3064 5416 3412 5481 ἀναγεγραμ-

185 5532 331 5603 μένα.

251 5713 354 5785 (67)
391 5712 528 5771 Cod.
555 5714 621 5780 Α,
656 5710 692 5767 ι.
726 5711 930 5776 513.1»
