3952 6198
1210 373 1336 444 lix.

1198 238 1467 297 EUSEBII
1494 236 1976 297 CESARIENSIS
2009 235 2162 294 OPP.
2201 233 2384 292 PARS
2423 230 2512 289 lll.
2548 263 2619 276 —
2661 231 3076 291 EXEGETICA.

3627 235 3777 294 1000

2941 370 3018 426 ϐ’.

581 512 706 571 Hice
728 512 837 569 illis
859 512 1216 584 loquentibus
1239 513 1388 570 stetit
1405 511 1568 570 Jesus
1591 513 1645 568 in
1667 513 1850 571 medio
1869 529 2082 582 eorum,

2260 506 2370 579 (68)
2416 524 2435 558 ι
2469 504 2653 560 Ταῦτα
2681 504 2739 560 δὲ
2763 503 2939 558 αὐτῶν
2972 501 3275 558 λαλούντων
3305 502 3467 568 αὐτὸς
3506 505 3537 559 ὸ
3567 505 3777 576 Ἰηευῦς

509 608 755 678 dixitque
781 606 863 662 eis
896 625 909 663 :
949 624 968 658 ι
1006 605 1120 662 Pax
1152 607 1328 663 vobis.
1363 625 1382 660 ι
1421 605 1561 665 Hinc
1589 607 1827 678 ambiget
1863 607 2085 679 aliquis,

509 697 786 771 quomodo
837 697 1092 754 undecim
1148 697 1437 771 discipulis
1491 686 1654 754 simul
1715 699 2088 770 congregatis,

509 792 884 848 interveniens
949 790 1257 857 Dominus,
1311 793 1613 848 secundum
1669 792 1870 848 Lucam
1927 801 2090 865 atque

504 885 773 943 Joannem
796 887 851 942 id
884 884 1234 942 concorditer
1263 885 1616 951 allirmantes,
1646 901 1992 958 nequaquam
2022 889 2090 944 ab

507 990 742 1053 utroque
776 979 929 1052 paria
948 978 1129 1034 facere
1157 986 1213 1034 et
1241 979 1424 1036 dicere
1455 981 1721 1053 scriptum
1756 983 1940 1038 fuerit.

577 1163 734 1232 Quod
776 1164 1026 1221 eamdem
1057 1165 1327 1221 visionem
1374 1165 1538 1221 ambo
1569 1167 1916 1238 evangelista:
1943 1169 2088 1224 scri-

508 1255 644 1310 bant
672 1271 781 1311 una
814 1257 1116 1328 eademque
1145 1265 1199 1313 et
1225 1258 1356 1312 hora
1388 1265 1443 1314 et
1475 1257 1562 1314 die
1595 1259 1858 1324 oblatam,
1894 1261 1948 1314 in
1976 1260 2090 1330 pri-

507 1351 615 1406 mis
645 1351 1115 1421 comprobandum
1139 1357 1244 1408 est.
1278 1350 1434 1417 Quod
1473 1351 1572 1407 tibi
1601 1352 1942 1424 explOratum
1973 1354 2085 1419 ﬂet,

510 1442 872 1514 siodiligenter
906 1442 1262 1514 Scripturam’
1287 1443 1745 1501 consideraveris.
1789 1444 1924 1501 Nam
1960 1462 2086 1502 cum

509 1531 752 1588 Joannes
773 1541 932 1588 antea
955 1533 1186 1589 dixisset
1211 1553 1252 1586 τι
1267 1531 1387 1588 Una
1410 1549 1540 1590 vero
1557 1534 1922 1592 Sabbatorum
1941 1537 2090 1595 venit

511 1623 682 1680 Maria
711 1623 1029 1696 Magdalena
1070 1625 1408 1682 annuntians
1443 1627 1754 1698 discipulis,
1795 1644 1854 1684 se
1885 1629 2090 1686 vidisse

513 1715 826 1782 Dominum,
859 1725 912 1773 et
943 1718 1056 1773 haec
1099 1718 1204 1774 sibi
1242 1718 1484 1785 dixisse;
1525 1738 1544 1771 ι
1573 1719 1766 1776 deinde
1815 1722 2090 1778 subnectit

510 1809 704 1866 dicens
740 1830 753 1865 :
792 1829 809 1862 ι
841 1809 976 1866 Cum
1009 1827 1133 1867 sero
1175 1819 1322 1867 esset
1352 1809 1439 1866 die
1472 1813 1584 1875 illa,
1629 1814 1977 1886 congregatis
2007 1815 2092 1868 di-

514 1902 764 1972 scipulis,
801 1903 949 1958 venit
995 1902 1178 1967 Jesus,
1217 1905 1477 1975 stetitque
1520 1906 1574 1960 in
1624 1906 1824 1972 medio,
1867 1915 1922 1962 et
1953 1908 2091 1962 dixit

513 1995 639 2053 eis:
678 1995 787 2050 Pax
834 1996 1009 2052 vobis.
1048 2016 1066 2050 ι
1117 1997 1484 2063 Quamobrem
1543 2014 1612 2052 ex
1663 1997 1750 2054 bis
1802 1999 2093 2055 manifeste

514 2097 750 2154 constat,
775 2089 962 2144 eadem
987 2089 1270 2145 Dominica
1293 2090 1717 2146 resurrectionis
1734 2091 1842 2153 die,
1868 2107 2095 2162 vespen~

515 2180 632 2234 tino
665 2188 909 2250 tempore
945 2188 1062 2236 acta
1109 2197 1231 2238 esse
1274 2197 1397 2252 quae
1433 2180 1674 2238 Joannes
1716 2183 1926 2238 scribit.
1959 2184 2092 2238 Item

516 2271 661 2343 apud
684 2271 884 2326 Lucam
907 2272 1048 2330 idem
1075 2274 1192 2330 dies
1223 2283 1277 2330 et
1307 2275 1445 2330 hora
1475 2275 1802 2331 invenietur.
1835 2275 1924 2329 Ait
1947 2276 2092 2332 enim

515 2360 633 2430 ipse
663 2380 676 2415 :
711 2379 729 2411 ι
761 2359 878 2416 Una
913 2372 1094 2420 autem
1125 2362 1350 2419 Sabbati
1373 2363 1530 2419 valde
1557 2365 1800 2421 diluculo
1830 2375 2096 2422 venerunt

515 2449 584 2505 ad
613 2459 1028 2507 monumentum
1053 2453 1330 2509 mulieres.
1368 2472 1386 2504 ι
1415 2453 1620 2510 Deinde
1657 2455 1801 2522 quod
1832 2455 1966 2510 visis
1999 2471 2092 2510 an-

514 2541 650 2612 gelis
675 2557 908 2598 reversae
940 2543 1317 2599 nuntiaverint
1352 2543 1643 2614 discipulis
1678 2562 1799 2616 quae
1821 2546 2090 2600 viderant.

515 2630 711 2690 Petrus
741 2641 922 2689 autem
955 2633 1281 2690 festinanter
1302 2635 1368 2689 ad
1393 2646 1807 2691 monumentum
1831 2637 2092 2701 occurrit,

511 2733 570 2781 et
600 2725 918 2781 linteamina
948 2725 1116 2780 videt.
1152 2725 1330 2796 Atque
1371 2726 1484 2780 hinc
1514 2726 1671 2782 valde
1695 2726 1936 2782 diluculo
1964 2743 2096 2782 con-

515 2818 778 2888 tigerunt,
810 2818 1234 2875 resurrectionis
1268 2818 1377 2874 die.
1420 2819 1562 2874 Dicit
1588 2835 1713 2874 mox
1750 2823 2096 2878 continenter

517 2906 806 2974 Scriptura
834 2927 850 2964 :
881 2927 900 2959 ι
931 2908 994 2962 Et
1025 2923 1152 2964 ecce
1179 2910 1290 2964 duo
1319 2926 1386 2965 ex
1416 2911 1552 2982 ipsis
1586 2912 1739 2967 ibant
1770 2914 1886 2983 ipsa
1919 2915 2008 2970 die
2038 2916 2091 2970 in

515 3000 824 3056 castellum.
865 3019 884 3053 ›
916 3001 1086 3056 Erant
1109 3009 1288 3057 autem
1312 3001 1543 3074 Cleopas
1577 3020 1702 3060 cum
1738 3006 1891 3062 socio
1929 3023 1941 3058 :
1971 3009 2096 3079 qui-

515 3096 747 3152 buscum
798 3094 960 3152 Jesus
1011 3095 1388 3150 Emmauntem
1432 3097 1752 3167 ingressus,
1818 3099 2163 3187 accipiensc

514 3202 712 3260 panem
769 3187 1081 3254 benedixit;
1132 3202 1241 3258 quo
1276 3188 1385 3244 illis
1425 3197 1696 3259 porrecto,
1738 3190 2026 3260 disparuit.
2065 3212 2084 3245 ι

515 3286 722 3343 Deinde
739 3285 927 3344 subdit
953 3301 967 3337 :
1005 3305 1023 3336 ι
1065 3283 1131 3337 Ει
1159 3291 1445 3354 surgentes
1472 3283 1662 3340 eadem
1689 3285 1826 3340 bora
1856 3289 2094 3357 regressi

516 3388 645 3436 sunt
674 3381 730 3435 in
769 3377 1135 3439 Hierusalem,
1163 3383 1219 3430 et
1249 3377 1575 3432 invenerunt
1607 3385 1966 3447 congregatos
1995 3385 2098 3432 un-

516 3473 720 3528 decim.
761 3491 780 3524 i
814 3470 1012 3526 Postea
1040 3467 1480 3538 colloquentibus
1514 3467 1642 3531 illis,
1675 3469 1823 3523 stetit
1846 3468 2005 3525 Jesus
2040 3471 2093 3525 in

518 3564 699 3619 medio
729 3579 942 3628 eorum,
968 3571 1022 3616 et
1059 3561 1198 3616 dixit
1233 3561 1312 3615 eis
1344 3578 1358 3614 :
1390 3577 1408 3610 ι
1445 3557 1557 3614 Pax
1590 3559 1764 3622 vobis,
1815 3579 1834 3612 ι
1877 3568 1930 3615 et
1966 3563 2096 3615 reli-

515 3669 646 3726 qua.
677 3653 1123 3709 Demonstratum
1155 3661 1239 3707 est
1267 3651 1451 3721 itaque
1483 3651 1647 3706 etiam
1681 3665 1709 3704 a
1747 3649 1915 3713 Luca,
1946 3667 2096 3706 eam.

515 3751 639 3806 dem
677 3749 847 3804 fuisse
893 3747 1036 3803 diem
1065 3762 1080 3812 ;
1105 3745 1463 3815 eamdemque
1517 3744 1646 3798 item
1698 3743 1885 3798 horam
1924 3744 2096 3801 fuisse

515 3842 644 3898 inde
681 3841 1098 3912 comprobatur,
1150 3838 1295 3909 quod
1345 3837 1577 3906 CleOpas
1624 3851 1749 3890 cum
1793 3836 1946 3890 socio
1985 3852 2092 3890 una

515 3933 603 3988 die
640 3940 696 3988 et
739 3931 1066 3986 Emmaunte
1103 3929 1298 3994 fuerit,
1339 3937 1394 3984 et
1434 3926 1674 3983 indidem
1721 3925 2091 3999 Hierosolyma

513 4023 766 4088 redierit,
791 4023 1034 4079 serotino
1059 4037 1285 4092 prorsus
1309 4028 1569 4090 tempore.
1603 4017 1740 4073 Exin
1767 4017 1966 4073 laetam
1996 4035 2092 4090 ap-

515 4119 867 4194 paritionem.

580 4303 854 4372 Quoniam
884 4303 1069 4372 itaque
1092 4300 1281 4356 eadem
1313 4299 1454 4370 apud
1489 4307 1786 4371 utrumque
1816 4299 2082 4370 evangeli-
2122 4312 2166 4368 ι)

511 4402 656 4455 stam
685 4395 745 4454 ﬁt
777 4393 1070 4465 apparitio,
1105 4407 1204 4464 age
1247 4393 1532 4448 videamus
1558 4391 1834 4462 quomodo
1867 4393 1972 4445 alia
2005 4392 2090 4447 di-

509 4496 672 4542 catur
691 4487 842 4557 loqui
864 4486 1124 4541 Servator
1143 4495 1197 4542 et
1223 4502 1384 4558 agere
1408 4486 1548 4557 apud
1572 4485 1796 4554 Lucam,
1820 4485 1922 4540 alia
1945 4486 2090 4557 apud

511 4575 796 4636 Joannem.
828 4576 1008 4647 Eque
1033 4577 1198 4648 igitur
1227 4577 1370 4648 apud
1398 4576 1588 4632 ambos
1616 4577 1821 4632 dictum
1847 4585 1948 4641 est,
1975 4592 2090 4630 me-

512 4669 666 4727 dium
698 4678 934 4725 stantem
969 4669 1114 4724 inter
1149 4682 1247 4724 eos
1270 4667 1456 4724 Jesum
1486 4668 1693 4724 dixisse
1735 4684 1749 4720 :
1792 4687 1810 4719 ι
1847 4666 1958 4722 Pax
1994 4684 2090 4724 vo-

513 4764 624 4824 bis.
655 4781 677 4817 ι
713 4761 1044 4835 Singulatim
1077 4778 1208 4818 vero
1241 4762 1384 4837 apud
1413 4761 1616 4817 Lucam
1657 4761 1876 4816 additur
1899 4762 2090 4818 existi-

512 4869 697 4912 masse
734 4869 832 4910 eos
865 4853 1120 4926 spiritum
1164 4870 1223 4910 se
1263 4853 1468 4919 videre.
1501 4861 1556 4908 et
1589 4853 1820 4924 reliqua.
1863 4851 2090 4908 Etiamsi

511 4963 644 5004 vero
676 4947 794 5003 haec
822 4947 966 5019 apud
979 4945 1242 5002 Joannem
1263 4945 1673 5017 nondicuntur,
1698 4961 1891 5002 rursus
1907 4955 2090 5000 tamen

511 5043 801 5113 sequentia
837 5040 983 5112 apud
1022 5051 1318 5112 utrumque
1361 5049 1688 5094 consonant.
1723 5039 1882 5110 Apud
1925 5038 2091 5095 Joan-

513 5151 638 5196 nem
663 5134 885 5207 quidem
914 5141 1038 5204 post
1055 5134 1222 5189 verba
1241 5151 1259 5184 ι
1289 5132 1401 5187 Pax
1428 5132 1606 5195 vobis,
1639 5151 1657 5184 ι
1683 5131 1904 5186 additur
1928 5150 1940 5186 :
1973 5150 1992 5184 ι
2023 5130 2091 5185 Et

513 5229 619 5292 hoc
645 5228 816 5294 dicto,
846 5227 1088 5284 ostendit
1113 5227 1196 5282 eis
1230 5241 1424 5281 manus
1450 5241 1516 5279 ac
1537 5226 1680 5279 latus
1697 5239 1879 5280 suum.
1920 5243 1940 5277 ι
1970 5223 2090 5278 Non

514 5328 696 5378 tamen
714 5319 936 5391 ponitur
959 5319 1100 5389 apud
1121 5317 1388 5374 Joannem
1405 5331 1592 5381 causa,
1614 5331 1736 5388 quae
1756 5316 1869 5386 jam
1891 5331 1924 5370 a
1944 5315 2092 5370 Luca

513 5414 659 5470 dicta
699 5399 894 5470 fuerat.
931 5412 1062 5467 Erat
1098 5422 1280 5468 autem
1321 5411 1457 5476 haec,
1489 5409 1637 5482 quod
1680 5407 1784 5478 ipsi
1811 5408 2093 5465 existima-

514 5515 637 5566 rent
659 5524 718 5564 se
748 5509 998 5580 spiritum
1028 5505 1236 5563 videre.
1259 5504 1425 5578 Atqui
1453 5503 1584 5560 dum
1611 5516 1810 5558 manus
1841 5501 2094 5572 latusque

586 5728 699 5806 (σε)
737 5728 876 5786 Cod.
911 5729 976 5798 It,
1009 5728 1049 5790 t.
1082 5729 1208 5797 σω,
1247 5729 1300 5785 b.

2188 601 2317 673 ἔστη
2340 602 2399 654 ἐν
2431 600 2580 672 μέσῳ
2607 598 2807 662 αὐτῶν,
2833 599 2927 652 καὶ
2946 596 3087 667 λέγει
3115 598 3320 662 αὐτοῖς.
3345 598 3554 670 Εἰρήνη
3576 600 3730 670 ὑμῖν.
3755 622 3773 652 ι

2198 690 2464 746 Ἐνταῦθα
2476 707 2559 755 τις
2571 689 2866 761 ἀπορήσειε
2885 689 3001 753 πῶς
3017 692 3128 753 τοῖς
3143 689 3336 743 ἕνδεκα
3355 689 3625 760 μαθηταῖς
3641 691 3780 761 ὁμοῦ

2190 783 2548 856 συνηγμένοις
2583 782 2721 855 μετά
2759 782 2858 854 τὴν
2903 781 3200 836 ἀνάστασιν
3251 784 3481 847 ἐπιστὰς
3511 786 3539 837 ὁ
3569 783 3785 856 Κύριος

2187 880 2328 935 κατά
2352 879 2443 932 τὸν
2465 880 2679 932 Λουκᾶν
2711 877 2806 932 καὶ
2833 876 2974 931 κατά
2998 877 3249 948 Ἰωάννην
3276 877 3585 950 συμφώνως
3605 881 3786 934 ταῦτα

2193 971 2808 1045 ἀπομνημονεύσαντας,
2843 970 3026 1025 οὐκέτι
3075 972 3204 1043 παρ’
3233 972 3565 1044 ἀμφοτέροις
3607 972 3785 1028 ταῦτά

2197 1065 2450 1136 πράττων
2481 1063 2603 1118 οὐδὲ
2633 1065 2857 1134 φάσκων
2883 1063 3319 1135 ἀναγέγραπται.

2268 1157 2390 1209 Ὅτι
2415 1154 2512 1227 τὴν
2542 1155 2712 1228 αὐτὴν
2737 1154 3003 1210 ὀπτασίαν
3034 1157 3083 1208 οἰ
3109 1154 3204 1209 δύο
3236 1156 3582 1229 συνέγραψαν
3615 1158 3784 1226 εύαγ-

2195 1243 2441 1312 γελισταὶ
2471 1243 2611 1297 κατά
2644 1243 2771 1314 μίαν
2792 1243 2885 1296 καὶ
2909 1244 3010 1315 τὴν
3043 1244 3212 1316 αὐτὴν
3237 1244 3388 1314 ὤραν
3419 1264 3480 1300 τε
3512 1247 3610 1300 καὶ
3657 1251 3788 1318 ἠμέ-

2195 1353 2298 1407 ραν
2337 1335 2653 1408 γενομένην,
2683 1337 3032 1408 παραστῆσαι
3080 1336 3160 1389 δεῖ
3206 1339 3504 1410 πράτερονο
3546 1339 3716 1394 τοῦτο
3741 1341 3786 1394 δ’

2195 1429 2262 1483 ἂν
2309 1430 2520 1498 γένοιτο
2563 1430 2794 1501 φανερὸν
2837 1430 3230 1502 ἐπιτηρήσαντί
3275 1448 3356 1485 σοι
3391 1433 3636 1503 ἀκριϐῶς
3685 1433 3789 1504 τὴν

2193 1522 2514 1594 Γραφήν.’0
2549 1523 2647 1594 μὲν
2677 1522 2787 1593 γὰρ
2816 1522 3068 1593 Ἰωάννης
3098 1522 3396 1594 προειπὼν,
3424 1508 3441 1574 ἑ
3481 1523 3555 1595 Τῇ
3585 1525 3646 1577 δὲ
3681 1528 3788 1597 μιᾷ

2191 1614 2300 1667 τῶν
2344 1613 2636 1668 Σαϐϐάτων
2675 1613 2893 1686 ἔρχεται
2931 1615 3118 1686 Μαρία
3153 1616 3549 1688 ήΜαγδαληνὴ
3593 1619 3790 1688 ἀπαγ-

2193 1705 2460 1776 γέλλουσα
2492 1710 2602 1771 τοῖς
2650 1706 2920 1778 μαθηταῖς
2955 1708 3037 1760 ὅτι
3083 1706 3294 1780 ἑώρακε
3328 1709 3418 1762 τὸν
3445 1710 3654 1782 Κύριον
3690 1715 3790 1766 καὶ

2192 1798 2363 1852 ταῦτα
2387 1796 2538 1853 εἶπεν
2568 1799 2726 1871 αὐτῇ,
2759 1819 2777 1851 ι
2801 1799 2928 1870 ἑξῆς
2955 1801 3517 1871 ὲπισυνάπτειλέγων·
3551 1823 3570 1853 ‹
3596 1805 3793 1876 οὔσης

2193 1891 2352 1962 ὀψίας
2381 1894 2438 1946 ὲν
2466 1893 2648 1964 ἐκείνῃ
2675 1894 2741 1964 τῇ
2771 1893 2955 1966 ἡμέρᾳ
2980 1893 3336 1965 συνηγμένων
3362 1894 3463 1949 τῶν
3487 1896 3790 1968 μαθητῶν,

2192 1984 2356 2058 ἦλθεν
2381 1988 2410 2039 ὀ
2448 1986 2676 2057 Ἰησοῦς,
2718 1988 2813 2041 καὶ
2855 1987 2982 2058 ἔστη
3033 1989 3114 2052 εἰς
3157 1987 3218 2041 τὸ
3263 1987 3424 2060 μέσον
3459 1991 3553 2043 καὶ
3595 1985 3787 2050 εἶπεν.

2196 2080 2405 2150 Εἰρήνη
2435 2080 2587 2150 ὑμῖν.
2627 2098 2645 2131 ι
2665 2080 2816 2132 Ὢστ’
2854 2075 2994 2133 εῖναι
3023 2081 3191 2150 σαφὲς
3217 2083 3283 2134 ἐκ
3303 2081 3511 2135 τούτων
3539 2083 3628 2136 ὅτι
3663 2087 3790 2138 κατ’

2194 2171 2365 2244 αὐτὴν
2413 2171 2511 2242 τὴν
2559 2171 2848 2244 Κυριακὴν
2879 2171 3092 2244 ἡμέραν
3118 2172 3218 2243 τῆς
3244 2173 3596 2237 ἀναστάσεως
3629 2174 3790 2243 ὀψίας

2193 2259 2261 2336 ἦν
2288 2264 2650 2336 πεπραγμένα
2687 2264 2757 2318 τά
2790 2264 2940 2336 παρά
2979 2264 3058 2335 τῷ
3095 2265 3315 2338 Ἰωάννῃ
3338 2278 3352 2292 ⁸
3382 2266 3479 2318 καὶ
3513 2267 3660 2319 κατὰ
3699 2267 3790 2319 τὸν

2196 2355 2412 2408 Λουκᾶν
2454 2357 2487 2426 ή
2528 2355 2666 2426 αὐτὴ
2710 2354 2894 2426 ἡμέρα
2929 2355 3024 2407 καὶ
3055 2352 3174 2425 ὥρα
3209 2355 3566 2426 εὑρεθήσεται
3592 2372 3607 2384 ο
3639 2356 3790 2423 λέγει

2196 2447 2325 2516 γοῦν
2378 2448 2472 2502 καὶ
2515 2448 2674 2512 αὑτός
2697 2463 2711 2478 ⁸
2747 2466 2764 2498 ι
2796 2448 2874 2520 Τῇ
2908 2447 2964 2500 δὲ
3002 2450 3102 2519 μιᾷ
3130 2446 3238 2501 τῶν
3264 2447 3570 2502 Σαόὃάτων
3589 2448 3788 2520 ὄρθρου

2199 2538 2410 2610 βαθέος,
2446 2539 2538 2592 ἐπὶ
2565 2539 2625 2591 τὸ
2649 2539 2835 2611 μνῆμα
2858 2535 3021 2610 ἦλθον
3042 2539 3393 2608 αἰγυναῖκες.
3424 2558 3442 2588 ι
3475 2535 3595 2592 Εἶθ’
3635 2539 3786 2608 ἑξῆς,

2195 2631 2277 2684 ὅτι
2309 2631 2513 2685 ἰδοῦσαι
2550 2630 2834 2700 ἀγγέλους,
2863 2629 3164 2703 ἐπανῆλθον
3189 2630 3279 2685 καὶ
3300 2631 3791 2702 ἀπήγγειλαντοξ

2199 2721 2466 2794 μαθηταῖς
2483 2723 2518 2778 ἃ
2539 2723 2810 2778 τεθέαντο.
2832 2723 3040 2796 Πέτρος
3056 2724 3114 2778 δὲ
3132 2723 3374 2788 σπεύσας
3395 2726 3494 2778 ἐπὶ
3515 2726 3579 2779 τὸ
3603 2727 3792 2798 μνῆμα

2193 2815 2428 2888 ἀπαντᾷ,
2458 2817 2642 2870 καὶτὰ
2671 2815 2853 2871 ὀθόνια
2882 2816 3105 2888 θεωρεῖ·
3142 2817 3426 2871 καὶταῦτα
3459 2819 3564 2889 μὲν
3597 2819 3794 2889 δρθρω

2198 2906 2387 2978 βαθέος
2415 2907 2651 2978 ἐγένετο,
2673 2911 2740 2980 τῇ
2766 2909 3124 2981 ἀναστασίμῳ
3154 2909 3357 2981 ἡμέρᾳ..
3385 2911 3558 2978 Λέγει
3582 2911 3648 2963 δὲ
3673 2910 3794 2983 ἑξῆς

2195 3000 2641 3056 ἐπισυνάπτουσα
2696 3003 2731 3074 ἡ
2776 3003 3004 3076 Γραφήο
3046 3021 3063 3054 ι
3105 3003 3214 3057 Καὶ
3255 3003 3364 3057 ἰδοὺ
3394 3003 3495 3056 δύο
3524 3003 3588 3069 ἐξ
3617 3005 3794 3058 αὐτῶν

2197 3095 2254 3147 ὲν
2288 3096 2424 3167 αὐτῇ
2456 3095 2642 3168 ἡμέρᾳ
2673 3092 2811 3168 ἦσαν
2845 3098 3200 3170 πορευόμενοι
3250 3098 3330 3161 εἰς
3377 3098 3606 3170 κώμην.
3643 3117 3662 3149 ι
3698 3095 3796 3153 Οἶν-

2198 3205 2280 3241 τοι
2313 3188 2370 3242 δὲ
2398 3183 2538 3260 ἦσαν
2563 3190 2612 3242 οἰ
2639 3190 2767 3261 περὶ
2791 3189 2881 3242 τὸν
2903 3189 3155 3243 Κλεόπαν
3174 3205 3187 3218 °
3215 3184 3294 3253 οἷς
3325 3190 3704 3244 συνεισελθὼν
3721 3194 3794 3256 εις

2197 3283 2299 3356 τὴν
2338 3283 2637 3354 Ἐμμαοῦν,
2675 3281 2856 3338 λαϐὼν
2889 3283 3051 3355 ἄρτον
3083 3281 3365 3354 εύλόγησε,
3392 3283 3494 3336 καὶ
3523 3284 3796 3347 ἐπιδιδοὺς

2200 3376 2404 3439 αὐτοῖς,
2422 3375 2634 3448 ἀφανὴς
2660 3377 2892 3445 ἐγένετο,
2917 3373 3030 3430 Εἶτ’
3052 3375 3290 3445 ἐπιλέγει
3309 3391 3321 3402 ·
3351 3394 3368 3426 ι
3393 3376 3513 3429 Καὶ
3530 3377 3798 3431 ἀνασταυ-

2200 3484 2288 3532 τες
2316 3467 2659 3539 ὑπέστρεψαν
2705 3469 2841 3540 αύτῇ
2881 3470 2950 3539 τῇ
2985 3466 3104 3540 ὥρᾳ
3153 3470 3232 3532 εἰς
3275 3469 3678 3540 Ἰερουσαλὴμ.
3712 3473 3797 3522 καὶ

2199 3556 2355 3634 εὗρον
2389 3561 2780 3633 ἡθροισμένους
2810 3562 2934 3626 τοὺς
2962 3561 3173 3616 ἕνδεκα.
3205 3581 3224 3613 ι
3269 3556 3405 3615 Εἶτα
3452 3563 3798 3633 ὁμιλούντων

2199 3652 2377 3706 αὐτῶν
2419 3653 2548 3725 ἔστη
2599 3655 2627 3706 ὁ
2673 3653 2878 3724 Ἰησοῦς
2923 3657 2982 3707 ὲν
3030 3655 3198 3724 μέσῳ.
3237 3655 3332 3707 καὶ
3389 3653 3546 3730 λέγει
3591 3658 3798 3720 αὐτοῖς,

2205 3762 2224 3796 ι
2263 3746 2469 3817 Εἰρήνη
2506 3745 2655 3814 ὑμῖν,
2690 3764 2708 3798 ι
2748 3746 2843 3799 καὶ
2886 3744 2955 3798 τὰ
2995 3745 3141 3812 ἑξῆς.
3178 3746 3457 3800 Δέδεικται
3487 3749 3680 3802 τοίνυν
3709 3753 3800 3805 καὶ

2198 3839 2306 3892 ἀπὸ
2345 3837 2439 3891 τοῦ
2477 3839 2680 3905 Λουκᾶ,
2709 3838 2784 3903 ὡς
2881 3839 3018 3910 αὑτὴ
3052 3838 3344 3910 ἐτύγχανεν
3380 3841 3596 3912 ἡμέρα,
3635 3844 3731 3896 καὶ
3763 3844 3797 3914 ἡ

2197 3929 2333 4000 αὑτὴ
2347 3930 2402 3982 δὲ
2420 3929 2536 4001 ὥρα
2559 3929 2873 3984 συνίσταται
2887 3931 2991 3984 ἀπὸ
3007 3929 3100 3983 τοῦ
3117 3932 3173 3983 ἐν
3193 3932 3289 4002 μιᾷ
3310 3931 3500 4004 ἡμέρᾳ
3514 3934 3652 3998 τοὺς
3669 3951 3796 4006 περι

2197 4019 2449 4073 Κλεόπαν
2479 4021 2559 4084 εἰς
2593 4019 2692 4090 τὴν
2717 4020 2993 4092 Ἐμμαοῦν
3018 4020 3290 4090 γενέσθαι,
3329 4021 3595 4075 κάκεῖθεν
3631 4025 3800 4078 ἐπαν-

2195 4113 2511 4180 εληλυθέναι
2532 4115 2610 4179 εἰς
2627 4113 2723 4186 τὴν
2738 4113 3222 4185 Ἰερουσαλὴμ,ήδη
3268 4130 3370 4166 που
3390 4115 3616 4180 πάντως
3635 4118 3796 4170 ἑσπε-

2189 4222 2290 4270 ρας
2314 4204 2727 4278 καταλαϐούσης
2747 4223 2759 4235 ·
2793 4201 2910 4259 εἶτα
2939 4205 3037 4278 τὴν
3066 4207 3387 4275 ἐπιφάνειαν
3415 4209 3740 4276 γεγονέναι.

2277 4300 2492 4373 Ἐπειδὴ
2528 4302 2707 4356 τοίνυν
2759 4303 2792 4374 ὴ
2839 4303 2978 4373 αὑτὴ
3008 4305 3136 4374 παρ’
3163 4302 3497 4374 ἀμφοτέροις
3545 4305 3794 4376 πέεξηνεν

2193 4393 2452 4455 ὀπτασία,
2479 4393 2610 4466 φέρε
2647 4393 2844 4466 ἴδωμεν
2870 4396 3019 4458 ὅπως
3041 4393 3203 4465 ἕτερα
3232 4394 3328 4465 μὲν
3360 4394 3519 4465 παρά
3547 4395 3632 4466 τῷ
3657 4400 3790 4449 Λου-

2194 4487 2265 4556 κᾷ
2312 4485 2525 4558 εἴρηται
2570 4486 2784 4559 πράξας
2827 4488 2922 4542 καὶ
2963 4487 3204 4560 λαλήσας
3230 4489 3258 4541 ὁ
3288 4487 3503 4559 Σωτὴρ,
3535 4489 3710 4560 ’έτερα
3739 4489 3790 4542 δὲ

2193 4577 2346 4653 παρὰ
2372 4577 2450 4649 τῷ
2493 4578 2983 4651 Ἰωάννῃ.⁰ομοἰως
3022 4579 3120 4649 μὲν
3151 4575 3244 4632 οὖν
3287 4576 3417 4648 παρ’
3451 4579 3788 4651 ἀμφοτέροις

2191 4671 2461 4738 λέλεκται,
2491 4673 2567 4738 ὼς
2610 4675 2718 4745 ἀρα
2769 4673 2933 4743 μέσος
2990 4672 3168 4726 αὐτῶν
3217 4674 3345 4735 στὰς
3390 4667 3547 4725 εἶπεν
3578 4675 3784 4736 eximi;

2197 4787 2215 4816 ι
2253 4767 2458 4838 Εἰρήνη
2490 4767 2640 4838 ὑμῖν,
2675 4766 3134 4838 »Ἀφωρισμένως
3180 4764 3235 4818 δὲ
3281 4765 3432 4836 παρά
3479 4765 3562 4835 τῷ
3602 4767 3785 4834 Aoum;

2194 4857 2515 4928 πρόσκειται
2540 4859 2622 4910 ὅτι
2651 4857 2869 4911 ἐδόκουν
2895 4856 3115 4927 πνεῦμα
3143 4855 3388 4927 θεωρεῖν,
3414 4856 3514 4908 καὶ
3539 4857 3612 4910 τὰ
3637 4857 3779 4926 ἑξῆς.

2206 4946 2342 5001 Ἀλλ’
2373 4949 2421 5000 εἰ
2470 4949 2565 5001 καὶ
2617 4949 2692 5019 μὴ
2731 4947 2969 5001 τοσαῦτα
2994 4948 3208 5020 εἴρηται
3231 4947 3382 5019 παρά
3409 4947 3489 5018 τῷ
3535 4949 3778 5019 Ἰωάννῃ,

2195 5038 2333 5093 ἀλλὰ
2357 5039 2426 5093 τὰ
2454 5039 2578 5110 ἑξῆς
2613 5039 2774 5094 πάλιν
2814 5041 2943 5111 παρ’
2981 5039 3310 5111 ἀμφοτέροις
3354 5039 3594 5112 συνᾴδει.
3631 5041 3782 5110 Παρὰ

2195 5133 2294 5202 μὲν
2343 5131 2450 5204 γὰρ
2469 5131 2548 5204 τῷ
2585 5133 2805 5208 Ἰωάννῃ
2841 5133 2981 5204 μετά
3006 5135 3087 5194 τὸ,
3127 5151 3146 5186 ι
3179 5134 3386 5204 Εἰρήνη
3415 5133 3569 5205 ὑμῖν,
3605 5152 3626 5185 ι
3667 5136 3784 5186 ἐπι-

2192 5223 2428 5294 λέγεται,
2457 5244 2476 5276 ι
2506 5227 2614 5280 Καὶ
2647 5225 2805 5281 τοῦτο
2820 5225 2991 5279 εἰπὼν
3024 5226 3223 5290 ἔδειξεν
3248 5227 3434 5290 αὐτοῖς
3467 5225 3566 5288 τὰς
3595 5228 3782 5298 χεῖρας

2193 5319 2288 5375 καὶ
2327 5319 2425 5390 τὴν
2455 5319 2692 5392 πλευρὰν
2706 5318 2890 5373 αὐτοῦ.
2919 5339 2938 5372 ι
2957 5319 3031 5373 Οὺ
3061 5318 3358 5391 φέρεταιδὲ
3384 5320 3418 5389 ἡ
3451 5318 3602 5372 αἰτία
3637 5318 3784 5390 παρὰ

2190 5412 2271 5484 τῷ
2308 5412 2548 5484 Ἰωάννῃ,
2581 5411 2657 5476 ὡς
2691 5411 2756 5466 ἂν
2795 5411 2897 5484 ήδη
2926 5410 3226 5484 λελεγμένη
3256 5411 3411 5484 παρά
3440 5411 3523 5482 τῷ
3558 5413 3742 5484 Acuti
3761 5425 3778 5438 °

2192 5502 2261 5578 ἦν
2289 5506 2344 5560 δὲ
2385 5503 2522 5578 αὕτη
2552 5504 2612 5559 τὸ
2641 5503 2881 5576 νομίζειν
2912 5503 3109 5568 αὐτοὺς
3148 5502 3363 5575 πνεῦμα
3405 5503 3665 5576 θεωρεῖν·
3697 5502 3780 5559 ὃιι
