3936 6206
276 211 405 269 1061

1096 218 1635 277 'SUPPLEMENTA
1671 220 2154 289 QUIESTIONUM
2190 222 2281 278 AD
2318 221 2669 280 MARINUM.

3383 228 3524 286 1002

272 341 336 395 γε
358 305 490 398 ⁷μὴν
536 326 736 393 ἔδειξεν
784 328 967 392 αὐτοῖς
999 328 1097 394 τὰς
1130 334 1318 403 χεῖρας
1349 332 1444 386 xa't
1472 332 1571 405 τὴν
1604 331 1843 404 πλευρὰν

1949 348 2105 387 suum
2134 333 2443 390 ostendisse
2474 332 2662 390 Jesum
2700 342 2936 392 testatur
2968 334 3229 400 Joannes,
3262 354 3526 400 consonat

272 418 435 474 αὑτοῦ
465 422 820 492 μαρτυρήσας
866 423 895 475 ὁ
931 422 1200 495 Ἰωάννης,
1238 424 1523 495 σύμφωνος
1558 426 1623 479 ἂν
1652 425 1738 496 εἴη
1773 424 1851 496 τῷ

272 510 364 566 κᾶὶ
419 512 520 582 τὴν
572 512 751 565 αίτίαν
803 512 1182 585 παραθεμένῳ.
1218 514 1440 579 Τούτοις
1493 510 1641 587 ἑξῆς,
1670 520 1700 571 ό
1753 516 1850 588 μὲν

276 605 480 666 Λουκᾶς
517 620 702 672 φησιν,
731 623 751 655 ι
788 605 907 659 ’ΣΕτδ
936 604 990 657 δὲ
1011 605 1380 660 ἀπιστούντων
1410 608 1583 660 αὐτῶν
1608 609 1713 662 άπὸ
1752 609 1851 681 τῆς

274 699 445 769 χαρᾶς
488 698 584 750 καὶ
625 696 1031 768 θαυμαζόντων,
1075 694 1227 753 εἶπεν
1274 700 1492 763 αὐτοῖς,
1557 702 1751 771 Ἔχετέ
1797 721 1849 756 τι

273 788 547 861 βρώσιμον
604 789 832 855 ὲνθάδες
896 793 958 845 Οί
1007 788 1063 846 δὲ
1116 791 1401 846 ἀπέδωκαν
1445 782 1594 864 αὐτῷ
1668 792 1849 865 ἰχθύος

268 881 437 937 ὀπτοῦ
488 882 673 954 μέρος.
719 902 737 936 ι
774 882 960 938 Ταῦτα
1002 880 1059 938 δὲ
1096 885 1345 956 Ἰωάννης
1376 880 1438 938 οὗ
1488 886 1844 957 συνέγραψεν.

272 975 443 1030 Ἔνθα
490 976 805 1047 γενομένοις
854 978 1142 1047 ἐπιστῆσαι
1176 979 1440 1049 προσήκει
1474 976 1565 1031 τὸν
1597 977 1743 1045 νοῦν,
1772 979 1848 1043 ὡς

269 1070 366 1123 καὶ
400 1071 460 1121 ἑν
505 1070 618 1131 τοῖς
659 1066 891 1131 λοιποῖς,
919 1068 1017 1132 τὰς
1059 1069 1389 1141 σεμνοτέρας
1434 1070 1531 1123 καὶ
1575 1069 1849 1142 θειοτέρας

270 1158 501 1231 πράξεις
542 1175 601 1211 τε
645 1158 742 1211 καὶ
770 1152 1118 1222 διδασκαλίας
1148 1158 1241 1213 τοῦ
1276 1157 1527 1231 Σωτῆρος
1570 1156 1727 1232 ἡμῶν
1758 1161 1848 1214 διὰ

264 1251 360 1306 τοῦ
396 1251 643 1305 Ἰωάννου
677 1244 739 1304 τὸ
762 1251 984 1322 Πνεῦμα
1004 1252 1065 1305 τὸ
1098 1251 1249 1321 ἆγιον
1278 1253 1750 1325 ἀπεμνημόνευσε,
1780 1255 1845 1308 τά

264 1343 323 1397 δὲ
361 1342 824 1414 ἀνθρωπινώτερα
850 1340 938 1396 διὰ
964 1343 1072 1399 τῶν
1102 1344 1304 1398 λοιπῶν
1332 1346 1687 1420 συνέγραψεν,
1722 1347 1752 1400 ὃ
1783 1346 1846 1418 δὴ

264 1434 361 1487 καὶ
384 1432 481 1485 νῦν
516 1433 835 1504 πεποίηκεν.
851 1434 940 1497 Ὠς
962 1433 1070 1506 γὰρ
1098 1436 1356 1506 ἐνόμισαν
1378 1438 1427 1489 οἱ
1456 1435 1696 1509 μαθηταὶ
1721 1437 1848 1490 ἰδόν-

263 1544 359 1591 τες
384 1525 477 1580 τὸν
508 1526 758 1599 Σωτῆρα,
785 1526 858 1598 μῆ
891 1527 1052 1581 αὐτὸν
1083 1527 1308 1600 θεωρεῖν
1332 1527 1467 1599 ἀλλὰ
1498 1528 1732 1599 πνεῦμα,
1752 1529 1846 1581 καὶ

263 1619 344 1684 ὡς
365 1619 628 1691 ἠπίστουν
654 1619 826 1690 αὐτῷ,
844 1618 937 1674 καὶ
965 1620 1103 1691 μετὰ
1128 1620 1191 1675 τὸ
1210 1621 1381 1688 δεῖξαι
1408 1623 1589 1685 αὐτοῖς
1617 1622 1713 1685 τὰς
1741 1626 1848 1693 χεῖ-

1953 427 2143 496 utique
2173 427 2248 480 illi
2272 427 2363 496 qui
2399 427 2476 481 rei
2504 442 2724 482 causam
2764 429 2969 483 attulit.
3003 429 3133 485 Post
3177 432 3313 495 haec,
3352 432 3528 493 Lucas

1952 518 2173 588 quidem
2202 520 2299 585 ait,
2330 520 2509 574 adhuc
2538 536 2647 573 non
2677 519 3027 577 credentibus
3057 522 3165 577 illis
3192 539 3303 595 prae
3328 529 3529 595 gaudio

1951 617 2007 666 et
2041 609 2387 675 mirantibus,
2424 611 2629 667 dixisse
2661 612 2769 668 illis
2799 631 2812 665 :
2852 633 2872 666 ι
2908 613 3131 671 Habetis
3182 616 3271 670 hic
3322 619 3527 690 aliquid

1950 703 2095 774 quod
2124 704 2517 760 manducetur?
2540 725 2557 756 ο
2589 705 2710 761 illos
2733 715 2913 763 autem
2940 718 3148 779 partem
3168 711 3273 765 assi
3295 714 3461 781 piscis
3477 716 3528 770 ei

1949 796 2235 852 obtulisse.
2291 796 2418 852 Haec
2481 794 2721 855 Joannes
2778 800 2985 857 omisit.
3035 801 3118 856 Ad
3163 803 3311 858 hunc
3346 805 3528 862 locum

1951 888 2226 959 progressi
2250 895 2485 944 mentem
2504 887 2763 944 debemus
2784 890 3085 955 intendere,
3111 900 3171 945 ut
3189 893 3351 947 etiam
3374 894 3526 960 alibi,

1949 977 2296 1047 angustiores
2346 992 2411 1031 ac
2457 977 2761 1034 diviniorcs
2808 989 2967 1034 actus
3014 981 3323 1039 Servatoris
3352 985 3526 1040 nostri

1950 1074 2112 1136 atque
2164 1066 2448 1122 doctrinas
2489 1067 2751 1137 Spiritum
2816 1079 3066 1127 sanctum
3121 1088 3216 1144 per
3260 1072 3527 1131 Joannem

1950 1173 2254 1219 memorare
2287 1162 2492 1229 solere;
2531 1163 2882 1218 humaniores
2930 1173 3108 1218 autem
3147 1182 3242 1234 per
3288 1168 3527 1237 reliquos

1948 1253 2313 1321 evangelistas
2357 1256 2686 1324 scripsisse;
2724 1256 2870 1325 quod
2916 1263 2972 1311 et
3014 1257 3119 1311 hoc
3164 1260 3284 1312 loco
3336 1274 3527 1329 reapse

1950 1342 2098 1397 fecit.
2127 1343 2265 1409 Quia
2290 1344 2729 1414 enimdiscipuli.
2759 1355 3053 1416 conspecto
3084 1347 3395 1413 Servatore,
3428 1366 3529 1420 pu-

1951 1435 2139 1489 tabant
2176 1451 2285 1489 non
2332 1436 2509 1506 ipsum
2544 1437 2639 1493 sed
2679 1439 2928 1510 spiritum
2964 1456 3022 1496 se
3075 1441 3280 1505 videre,
3314 1450 3368 1497 et
3397 1444 3528 1513 quia

1950 1526 2190 1579 nondum
2250 1527 2301 1581 ei
2360 1526 2688 1592 credebant,
2735 1531 2949 1585 etiamsi
3012 1546 3208 1588 manus
3255 1533 3529 1604 pedesque

1948 1615 2283 1681 ostenderat,
2340 1620 2650 1675 necessario
2698 1629 2918 1691 propter
2946 1638 3136 1677 eorum
3187 1605 3526 1694 pervicacem

266 1731 378 1784 ρας
405 1712 496 1766 καὶ
527 1714 652 1776 τοὺς
679 1713 846 1777 πόδας
877 1713 1210 1783 ἀναγκαίως,
1240 1714 1319 1769 ἑτι
1352 1714 1725 1770 ἀπιστούντων
1752 1717 1849 1769 αὺ-

1952 1706 2409 1775 incredulitatem,
2443 1710 2770 1778 postulatam
2809 1727 2992 1767 escam
3022 1729 3206 1770 coram
3243 1717 3348 1773 illis
3383 1734 3531 1774 man-

262 1805 401 1867 τῶν,
433 1802 659 1875 αἰτήσας
705 1821 759 1859 τι
810 1805 1104 1878 βρώσιμον,
1136 1806 1339 1877 ἔφαγεν
1386 1807 1615 1862 ἐνώπιον
1645 1808 1846 1864 αὐτῶν.

263 1892 454 1949 ταῦτα
481 1895 540 1949 δὲ
571 1894 1005 1967 σωματικώτερα
1044 1895 1192 1961 ὅντα,
1228 1896 1323 1951 καὶ
1369 1896 1567 1969 πολλὴν
1591 1898 1847 1951 ἀπιστίαν

261 1987 373 2042 τῶν
399 1982 717 2042 ἀποστόλων
742 1988 1171 2061 κατηγοροῦντα,
1198 1988 1362 2044 αὐτοῦ
1390 2008 1450 2043 τε
1482 1990 1576 2043 τοῦ
1598 1991 1847 2061 Σωτῆρος

267 2080 711 2152 συμπεριφορὰν,
764 2080 1044 2143 πείθοντος
1087 2082 1282 2145 αὐτοὺς
1327 2082 1422 2135 καὶ
1465 2081 1652 2151 σαφῶς
1702 2099 1847 2153 παρ-

264 2171 525 2236 ιστῶντος
554 2164 632 2236 ὡς
672 2172 781 2243 ἄρα
812 2170 974 2235 αὐτὸς
994 2172 1102 2243 εἴη,
1132 2172 1210 2241 τῷ
1234 2172 1418 2244 Δουκᾷ
1452 2173 1528 2237 ὡς
1556 2174 1621 2228 ἂν
1666 2168 1850 2226 ὑποδε-

259 2265 470 2336 εστέρῳ
499 2263 611 2334 (69)
638 2264 866 2336 γράφειν
888 2264 949 2318 τὸ
968 2264 1191 2335 Πνεῦμα
1216 2264 1448 2317 ὑπέϐαλε
1468 2282 1481 2294 ·
1512 2265 1579 2318 τὰ
1598 2266 1655 2318 δὲ
1676 2266 1850 2337 κρείτ-

261 2372 395 2410 τονα
446 2356 544 2411 καὶ
590 2356 875 2427 δυνάμεως
938 2356 1121 2410 ἐνθέου
1181 2356 1566 2429 παραστατικὰ
1619 2357 1708 2409 διὰ
1750 2357 1845 2409 τοῦ

272 2442 525 2504 Ἰωάννου
560 2442 820 2522 παρίστη,
856 2447 1159 2522 γράφοντος
1179 2446 1275 2501 καὶ
1294 2448 1457 2502 αὐτοῦ
1490 2448 1616 2518 ἑξῆς
1655 2449 1845 2511 ταῦτα,

267 2557 289 2588 ε
314 2539 621 2609 Ἐχάρησαν
650 2533 746 2595 οῦν
768 2538 819 2590 oi
850 2537 1089 2609 μαθηταὶ
1119 2537 1319 2601 ίδόντες
1339 2538 1429 2590 τὸν
1452 2537 1655 2609 Κύριον
1677 2557 1691 2567 ι
1725 2558 1743 2591 ι
1770 2534 1848 2591 εἷ-

268 2648 372 2685 πεν
420 2627 517 2685 οὖν
559 2632 743 2694 αὐτοῖς
791 2630 990 2695 πάλιν,
1022 2649 1043 2681 ‹
1074 2632 1277 2702 Εἰρήνη
1312 2630 1470 2701 ὑμῖν·
1520 2630 1701 2694 καθὼς
1741 2633 1848 2685 άπ-

260 2724 499 2780 ἐσταλκέ
540 2742 609 2795 με
634 2725 665 2777 ὁ
704 2723 912 2794 Πατὴρ,
951 2721 1108 2791 κάγὼ
1131 2723 1333 2794 πέμπω
1360 2723 1504 2793 ὑμᾶς
1522 2737 1536 2749 ⁸
1571 2724 1663 2775 καί
1693 2723 1850 2777 τοῦτο

258 2817 438 2871 εἰπὼν
469 2814 796 2890 άνεφύσησε,
827 2838 846 2869 ι
882 2816 975 2871 καὶ
1007 2816 1076 2870 τὰ
1104 2815 1249 2887 ἑξῆς.
1268 2815 1422 2886 Ἐχοι
1454 2815 1500 2869 δ’
1532 2814 1597 2869 ἂν
1624 2816 1848 2869 ἀκολου-

260 2912 451 2965 θίαφΰ
479 2910 609 2981 παρ’
634 2909 964 2981 ἀμφοτέροις
986 2907 1164 2979 λόγος,
1191 2911 1239 2963 εί
1265 2908 1333 2962 τὰ
1359 2910 1509 2980 παρὰ
1547 2908 1625 2979 τῷ
1666 2910 1848 2980 Λουκᾷ

264 3004 465 3078 πρῶτα
493 3002 807 3075 πεπράχθαι
846 3001 1225 3073 λογισαίμεθα,
1248 2998 1347 3054 εἶθ’
1372 3001 1546 3065 οὕτως
1576 3001 1691 3073 μετ’
1710 3002 1847 3054 ἑκεί-

259 3069 325 3148 νᾶ
362 3069 761 3164 συνάψομενττὰ
786 3069 936 3163 παρά
959 3091 1036 3163 τῷ
1067 3069 1448 3162 ’ἸωάννῃβΕτι
1475 3069 1703 3161 μὲνγὰρ
1725 3091 1847 3143 ἁπι-
1873 3069 1916 3128 C

261 3185 537 3239 στοῦντων
580 3184 759 3237 αὐτῶν
791 3185 884 3237 καὶ
914 3184 1118 3255 τροφὴν
1147 3184 1283 3254 ᾔτει,
1315 3183 1408 3236 καὶ
1451 3182 1526 3254 μὴ
1556 3181 1845 3254 ἀρκεσθεὶς

258 3280 328 3350 τῇ
380 3276 583 3349 βρώσει
612 3276 707 3330 τοῦ
746 3275 947 3347 ίχθύος,
983 3278 1076 3329 καὶ
1122 3275 1311 3345 λόγους
1341 3276 1539 3338 αὐτοὺς
1581 3276 1842 3347 στηρίξει,

258 3370 362 3441 τῆς
382 3371 655 3442 προτέρας
671 3370 866 3433 αὐτοὺς
889 3370 1318 3441 ὑπομιμνήσκων
1338 3367 1681 3431 διδασκαλίας
1706 3367 1844 3442 κατά

257 3463 353 3516 τὸν
374 3462 746 3516 ΛουκᾶνιὌτε
777 3461 833 3515 δὲ
858 3460 1040 3514 λοιπὸν
1068 3459 1379 3523 πεισθέντες
1401 3458 1847 3531 ὲπληροφορήθη-

259 3574 365 3609 σαν
394 3556 560 3609 αὑτὸν
582 3551 989 3627 εἷναι,άληθῶς,
1026 3554 1118 3607 καὶ
1152 3553 1336 3607 λοιπὸν
1370 3555 1540 3625 χαρᾶς
1578 3548 1716 3623 ἦσαν
1750 3569 1844 3622 μεε

262 3648 403 3710 στοὶ,
433 3647 558 3699 τότε
581 3646 838 3717 δευτέραν
870 3646 1055 3709 αὐτοῖς
1087 3646 1311 3717 εἰρήνην
1339 3645 1533 3717 ἑτέραν
1555 3644 1649 3698 καὶ
1675 3644 1848 3716 κρείτ-

256 3758 392 3795 τονα
430 3739 582 3810 παρὰ
621 3739 717 3810 τὴν
762 3739 1034 3811 προτέραν
1065 3739 1267 3802 δίδωσι,
1296 3740 1390 3791 καὶ
1415 3737 1845 3808 παρακελεύεται

256 3834 519 3904 ἑτοίμους
545 3826 681 3886 εἶναι
721 3835 799 3895 είς
831 3832 928 3903 τὴν
962 3828 1284 3901 ἀποστολὴν,
1315 3829 1596 3899 μονονουχὶ
1629 3828 1846 3899 ὁμοίους

257 3925 412 3997 αὐτῷ
441 3924 537 3978 καὶ
560 3925 757 3987 αὐτοὺς
788 3922 1005 3977 ἔσεσθαι
1037 3922 1124 3975 διὰ
1156 3920 1249 3975 τοῦ
1276 3920 1460 3992 ὁμοίου
1483 3920 1643 3992 ἔργου
1671 3922 1845 3987 ἑπαγ-

254 4017 605 4087 γειλάμενος.
639 4011 750 4068 Εἴθ’
782 4014 907 4084 ἑξῆς
951 4014 1045 4067 καὶ
1093 4010 1403 4075 ἀκολούθως
1442 4013 1642 4082 ἑμπνεῐ
1664 4010 1845 4072 αὐτοῖς

252 4108 354 4163 τοῦ
379 4108 543 4176 ἁγίου
571 4105 905 4178 Πνεύματος,
934 4104 1012 4169 ὡς
1046 4105 1111 4159 ἂν
1140 4103 1410 4175 δεομένοις
1431 4102 1629 4157 τούτου
1646 4103 1726 4166 είς
1748 4100 1845 4171 τὴν

252 4199 393 4269 ἑξῆς
427 4196 830 4270 ἑπιφερομένην
857 4196 1189 4265 ἐπαγγελίαν
1207 4211 1220 4223 '
1254 4194 1392 4266 αὕτη
1419 4194 1477 4249 δὲ
1501 4190 1568 4266 ἧν
1594 4193 1655 4247 τὸ
1687 4192 1844 4246 δύνα-

256 4289 387 4344 σθαι
419 4288 638 4358 ἀφιέναι
671 4288 945 4360 ἁμαρτίας
967 4287 1055 4341 διὰ
1082 4286 1184 4356 τῆς
1222 4284 1315 4339 τοῦ
1341 4285 1499 4355 ἁγίου
1528 4282 1843 4354 Πνεύματος

1950 1796 2191 1854 ducavit.
2220 1798 2343 1855 Haec
2367 1801 2541 1873 magis
2563 1804 2871 1872 corporalia
2893 1821 3017 1860 cum
3042 1809 3172 1871 sint,
3198 1823 3530 1879 gravemque

1949 1893 2320 1960 apostolorum
2352 1895 2785 1951 incredulitatem
2810 1908 3091 1963 accusent,
3115 1910 3170 1955 et
3198 1902 3369 1971 ipsius
3394 1904 3526 1959 Ser-

1952 1984 2155 2037 vatoris
2192 1984 2582 2056 indulgentiam
2628 1998 2878 2058 arguant,
2912 1993 3292 2061 persuadentis
3338 1995 3421 2050 eis
3463 2010 3529 2051 ac

1950 2073 2378 2133 demonstrantis
2409 2095 2468 2133 se
2495 2096 2639 2145 esse,
2682 2080 2842 2135 Luca:
2881 2093 3064 2151 utpote
3106 2086 3333 2139 secundi
3375 2085 3527 2141 ordi-

1931 2166 2039 2220 'nis
2072 2166 2279 2221 homini
2315 2171 2606 2225 scribenda
2638 2172 2874 2242 Spiritus
2896 2177 3171 2231 commisit
3204 2194 3220 2233 :
3246 2178 3338 2232 sed
3369 2181 3527 2236 nobi-

1950 2256 2088 2311 liora
2122 2267 2177 2314 et
2210 2259 2450 2315 divinam
2475 2264 2730 2319 virtutem
2769 2267 3200 2337 comprobantia,
3233 2286 3329 2339 per
3354 2270 3526 2327 Joan-

1935 2364 2076 2403 vuem
2094 2351 2361 2415 exhibuit,
2382 2355 2473 2423 qui
2492 2365 2544 2409 et
2567 2355 2680 2424 ipse
2709 2371 2832 2409 mox
2860 2358 3049 2412 scribit
3083 2379 3095 2413 :
3134 2379 3153 2410 ι
3189 2359 3372 2418 Gavisi
3396 2372 3527 2418 sunt

1948 2455 2080 2512 ergo
2112 2441 2390 2513 discipuli,
2427 2445 2544 2500 viso
2595 2445 2845 2511 Domino.
2886 2467 2903 2499 ο
2940 2448 3085 2503 Dixit
3124 2467 3254 2523 ergo
3297 2454 3376 2509 eis
3424 2455 3527 2510 ite-

1950 2550 2113 2590 rum:
2153 2554 2172 2585 ι
2216 2534 2325 2591 Pax
2359 2538 2530 2593 vobis.
2568 2537 2723 2593 Sicut
2765 2542 2914 2597 misit
2966 2558 3053 2598 me
3094 2543 3272 2609 Pater,
3325 2554 3379 2600 ct
3425 2560 3527 2617 ego

1950 2627 2107 2680 mitto
2134 2644 2255 2683 vos.
2287 2628 2350 2682 Et
2380 2644 2501 2683 cum
2528 2632 2637 2685 haec
2659 2632 2907 2697 dixisset,
2937 2634 3252 2700 insumavit,
3279 2656 3296 2687 ι
3323 2648 3375 2691 ct
3397 2639 3529 2692 reli-

1949 2734 2078 2787 qua.
2113 2718 2345 2774 Habebit
2388 2729 2571 2776 autem
2620 2738 2818 2777 nexum
2850 2726 3138 2797 utriusque
3176 2730 3527 2798 evangelista

1949 2810 2146 2874 oratio,
2185 2812 2232 2867 si
2262 2828 2383 2882 qua:
2415 2814 2549 2868 dicit
2589 2813 2795 2880 Lucas,
2814 2816 2968 2886 prius
3010 2828 3131 2871 acta
3164 2826 3479 2888 reputemus
3507 2841 3523 2887 ;

1953 2919 2078 2958 mox
2108 2915 2331 2959 narrata
2382 2907 2481 2962 abs
2513 2906 2725 2965 Joanne
2775 2911 3109 2979 copulemus.
3159 2911 3350 2966 Adhuc
3380 2914 3526 2966 enim

1951 2998 2060 3056 illis
2088 3015 2199 3053 non
2234 3000 2605 3066 credentibus,
2639 3018 2822 3057 escam
2874 3003 3205 3072 postulavit;
3240 3020 3416 3075 neque
3442 3007 3526 3075 pi-

1949 3093 2061 3148 scis
2088 3109 2188 3149 esu
2218 3081 2535 3159 contentus,
2565 3111 2849 3151 sermones
2874 3110 3005 3152 suos
3030 3097 3338 3161 conlirmat,
3376 3099 3527 3167 prio-

1949 3198 2062 3237 rem
2087 3183 2167 3238 eis
2196 3200 2319 3255 qua:
2348 3193 2433 3240 est
2475 3187 2617 3256 apud
2646 3186 2849 3242 Lucam
2884 3188 3187 3242 doctrinam
3234 3189 3520 3244 refricans.

1948 3270 2246 3345 Postquam
2269 3291 2396 3331 vero
2418 3276 2726 3343 credentes,
2752 3280 2931 3347 ipsum
2964 3294 3091 3333 vere
3124 3293 3248 3335 esse
3274 3279 3377 3333 sibi
3403 3295 3529 3347 pcr-

1948 3376 2260 3432 suaserant,
2282 3368 2503 3438 jamque
2528 3368 2731 3439 gaudio
2755 3370 3083 3434 difﬂuerent,
3117 3382 3249 3424 tunc
3282 3370 3525 3427 secundo

1946 3460 2028 3514 eis
2060 3473 2272 3530 pacem.
2316 3461 2592 3514 meliorem
2628 3460 2839 3517 scilicet
2871 3463 3042 3532 prima
3072 3463 3377 3533 impertitus
3404 3473 3487 3519 est
3507 3506 3523 3529 ,

1949 3559 2113 3621 atque
2138 3558 2197 3604 ut
2225 3550 2549 3620 apostolatui
2578 3552 2753 3620 parati
2780 3560 2965 3607 essent
2995 3553 3294 3617 mandavit,
3318 3554 3526 3609 similes

1947 3642 2340 3713 propemodum
2394 3643 2480 3699 sui
2528 3642 2742 3698 futuros
2776 3644 2846 3699 ob
2882 3646 3064 3715 operis
3108 3628 3523 3701 similitudinem

1949 3736 2244 3807 spondens.
2283 3736 2401 3792 Mox
2449 3743 2815 3792 consentanea
2858 3734 3120 3806 Spiritum
3164 3746 3416 3791 sanctum
3468 3740 3524 3792 in

1945 3842 2042 3883 eos
2073 3828 2381 3898 inspiravit,
2414 3836 2602 3901 utpote
2631 3829 2776 3883 illius
2809 3827 3025 3899 indigos
3061 3828 3128 3882 ad
3176 3843 3303 3883 mox
3331 3830 3523 3883 dieru-

1946 3921 2073 3974 dam
2106 3921 2590 3977 denuntiationem.
2632 3920 2758 3976 Haec
2805 3928 2985 3975 autem
3020 3927 3161 3984 erat,
3196 3935 3358 3991 posse
3400 3920 3523 3976 illos

1946 4021 2172 4084 peccata
2209 4015 2483 4070 dimittere
2510 4028 2607 4084 per
2633 4014 2809 4069 sancti
2840 4011 3077 4082 Spiritus
3112 4012 3390 4067 virtutem.
3424 4016 3525 4067 At.
3586 4085 3596 4095 ι

1945 4120 2052 4175 que
2096 4104 2171 4159 ita
2225 4121 2293 4161 ex
2344 4106 2609 4161 ambobus
2640 4105 2988 4175 evangelistis
3033 4119 3175 4159 unus
3212 4105 3521 4161 communis

1946 4196 2259 4267 perﬁcietur
2291 4213 2509 4266 sermo;
2548 4198 2676 4252 dum
2708 4197 2853 4253 dicta
2883 4195 3024 4267 apud
3066 4195 3292 4263 Lucam,
3328 4204 3519 4252 tacen-

1947 4297 2037 4344 tur
2077 4289 2221 4359 apud
2272 4288 2574 4358 Joannem;
2610 4291 2965 4359 vicissimque
3008 4290 3064 4343 in
3110 4283 3523 4344 Joannis'scri-

251 4381 562 4453 δυνάμεως.
596 4381 706 4435 Καὶ
743 4379 916 4444 οὕτως
961 4378 1021 4444 ἑξ
1068 4380 1390 4451 ἀμφοτέρων
1420 4377 1529 4431 τῶν
1561 4376 1841 4465 εὐαγγελι-

1949 4391 2107 4451 plura
2178 4382 2488 4445 traduntur,
2555 4397 2676 4452 qua:
2734 4381 2954 4436 silentio
3018 4379 3196 4435 Lucas
3257 4380 3454 4450 premit
3503 4397 3518 4433 :

254 4475 405 4529 στῶν
454 4470 535 4538 εἷς
579 4469 834 4536 κοινωνὸς
876 4471 1341 4543 ἁπαρτισθήσεται
1381 4470 1559 4538 λόγος,
1589 4467 1697 4521 τῶν
1741 4468 1839 4539 μὲν

1949 4471 2125 4543 primo
2156 4472 2300 4539 loco,
2334 4484 2391 4526 ut
2414 4473 2674 4536 diximus,
2707 4488 2829 4543 quae
2854 4480 2984 4528 sunt
3012 4471 3172 4528 Lucae
3205 4474 3519 4540 collocatis;

252 4568 415 4641 παρὰ
463 4567 543 4638 τῷ
581 4568 765 4638 Λουκᾷ
790 4566 1145 4637 λελεγμένων,
1173 4562 1554 4635 σιωπηθέντων
1580 4561 1732 4632 παρὰ
1762 4558 1840 4630 τῷ

263 4659 501 4732 Ἰωάννῃ
519 4674 534 4688 °
563 4658 669 4711 τῶν
690 4658 747 4711 δὲ
774 4656 878 4711 ὑπὸ
907 4656 999 4711 τοῦ
1026 4656 1271 4709 Ἰωάννου
1293 4656 1477 4725 γραφῇ
1511 4651 1841 4726 παραδοθέν-

248 4770 389 4818 των,
421 4754 548 4823 σιγῇ
591 4749 990 4821 ταμιευθέντων
1031 4746 1183 4818 παρὰ
1205 4744 1283 4816 τῷ
1315 4747 1525 4817 Λουκᾷο
1562 4744 1655 4798 καὶ
1692 4741 1838 4814 πρώ·

1949 4557 2147 4613 deinde
2179 4574 2299 4629 qum
2332 4556 2570 4613 Joannes
2599 4560 2696 4625 ait,
2739 4559 3001 4614 subncxis
3029 4576 3043 4625 ;
3088 4557 3334 4641 eamdem
3369 4573 3523 4612 men—

1950 4658 2058 4704 tem
2088 4664 2438 4721 sensumque,
2470 4665 2590 4720 quae
2624 4658 2752 4704 sunt
2784 4650 2925 4719 apud
2948 4660 3263 4719 utrumque,
3298 4664 3522 4704 servano

1951 4742 2119 4796 tibus.
2147 4741 2324 4811 Atque
2352 4741 2466 4795 haec
2495 4742 2567 4795 ita
2599 4758 2657 4797 se
2690 4744 2912 4796 habent.

246 4865 369 4903 των
422 4847 522 4917 μὲν
568 4845 676 4899 τῶν
725 4842 875 4915 παρὰ
915 4843 992 4914 τῷ
1037 4843 1217 4912 Λουκᾷ
1247 4840 1606 4911 λελεγμένων,
1631 4838 1759 4909 ἑξῆς
1791 4837 1845 4890 δὲ
1874 4836 2104 4898 ἐκείνοις
2165 4837 2583 4907 συναπτομένων
2624 4835 2732 4889 τῶν
2772 4834 2923 4905 παρὰ
2956 4832 3033 4903 τῷ
3082 4832 3331 4901 Ἰωάννῃο
3379 4828 3523 4883 οὕτω

245 4962 318 4997 τε
348 4944 447 4996 ἱνα
478 4941 601 4996 νοῦν
646 4941 740 4995 καὶ
785 4940 915 5011 μίαν
960 4938 1196 4992 διάνοιαν
1232 4936 1510 5001 σωζόντων
1554 4932 1660 4988 τῶν
1707 4934 1835 5004 παρ’
1873 4931 2223 5003 ἀμφοτέροις.
2251 4931 2432 4985 Ταῦτα
2467 4932 2565 5004 μὲν
2594 4932 2784 5005 ταύτῃ.

1029 5055 1084 5113 I'.

334 5178 451 5249 (Ἱο)
490 5176 614 5240 Πῶς
659 5175 717 5229 δὲ
763 5173 915 5247 παρὰ
944 5174 1041 5245 μὲν
1068 5172 1146 5243 τῷ
1174 5170 1439 5242 Ματθαίῳ
1468 5158 1705 5241 ἄγγελος
1747 5171 1843 5239 ὀφέ

242 5271 376 5335 θεὶς
405 5272 525 5333 ταῖς
550 5266 761 5338 γυναιξὶ⁸
787 5264 1147 5337 παρήγγειλεν
1172 5263 1499 5331 ἀπαγγεῖλαι
1525 5264 1635 5324 τοῖς
1664 5259 1838 5331 μαθη-

236 5366 381 5427 ταῖς
399 5360 588 5426 αὑτοῦ,
605 5362 708 5423 ὅτι,
726 5357 964 5432 Ἠγέρθη
984 5357 1094 5411 ἀπὸ
1109 5355 1219 5409 τῶν
1239 5354 1466 5427 νεκρῶν,
1491 5355 1583 5408 καὶ
1607 5351 1837 5426 προάγει

238 5457 407 5529 ὑμᾶς
458 5455 539 5519 είς
578 5452 676 5525 τὴν
708 5451 1016 5515 Γαλιλαίαν,
1051 5450 1167 5503 ἐκεῖ
1191 5448 1350 5502 αὐτὸν
1373 5446 1600 5517 όψεσθε,
1639 5444 1838 5517 ὁμοίως

330 5630 449 5705 (69)
482 5627 1167 5705 Minoris_ordinis_l.ucas
1203 5634 1257 5680 et
1290 5624 1527 5705 Marcus,
1561 5630 1831 5705 quatenus

234 5707 309 5764 hi
332 5693 450 5763 non
475 5701 696 5758 fuerunt
716 5700 929 5756 Domini
950 5698 1077 5755 Jesu
1100 5705 1434 5766 Spectatores
1455 5703 1510 5751 et
1531 5693 1830 5748 auditores.

508 5801 777 5864 ΡΑτιιοι,
830 5798 948 5859 Gn.
1036 5794 1244 5858 XXII.

2705 5048 2771 5102 Χ.

2020 5162 2307 5230 Quomodo
2344 5162 2488 5233 apud
2518 5161 2832 5216 Matthmum
2861 5159 3080 5231 quidem
3111 5157 3339 5229 angelus
3367 5158 3520 5213 visus

1944 5257 2272 5314 mulieribus
2342 5256 2621 5311 mandavit
2676 5255 2934 5310 nuntiare
2985 5252 3273 5322 discipulis
3328 5249 3515 5305 Jesum

1944 5350 2349 5413 resurrexisse,
2392 5349 2626 5419 illosque
2664 5359 3060 5417 praecessurum
3106 5344 3159 5397 in
3199 5341 3514 5406 Galilaeam,

1944 5443 2131 5514 ibique
2185 5440 2303 5497 fore
2345 5440 2742 5513 conspicuum,
2790 5438 3044 5494 similiter
3088 5432 3230 5506 apud
3274 5432 3518 5489 Marcum

2012 5620 2125 5694 (7o)
2166 5618 2299 5676 Cod.
2335 5620 2399 5683 A,
2433 5620 2471 5674 r.
2503 5618 2627 5685 διδ,
2658 5619 2709 5673 b.
2802 5646 2811 5653 -

3161 5766 3239 5832 32
