3952 6198
315 188 456 250 1005

1041 308 1144 367 iA'.

384 397 495 470 (72)
534 400 668 473 Φαίη
699 399 745 455 δ’
768 400 961 467 cvm,
987 402 1103 465 πῶς
1133 405 1162 457 ὀ
1187 404 1283 475 μὲν
1298 405 1573 471 Ματθαῖος
1598 407 1887 480 πορευθέν-

309 508 409 557 τας
434 492 560 557 τώς
586 492 775 548 ἕνδεκα
801 495 880 559 είς
909 494 968 548 τὸ
993 495 1119 567 ὅρος
1144 500 1241 567 τῆς
1271 497 1556 563 Γαλιλαίας
1582 501 1885 572 ἑωρακέναι

313 587 448 657 φησὶ
475 586 564 641 τδν
603 586 828 658 Ἰησοῦν,
858 589 887 641 ὀ
934 588 991 641 δὲ
1027 590 1276 661 Ἰωάννης
1315 592 1449 662 μετά
1478 592 1576 657 τὰς
1601 592 1692 646 δύο
1718 595 1884 648 ὀπτα-

313 677 436 739 σίας
473 679 570 743 τὰς
599 682 657 732 ὲν
686 682 751 751 τῇ
790 681 1140 752 Ἰερουσαλὴμ
1183 683 1243 736 τὸ
1284 685 1465 755 τρίτον
1496 678 1673 754 ὦφθαι
1722 689 1885 742 αὑτὸν

310 773 412 825 οὐκ
440 773 496 825 ὲν
529 772 604 843 τῷ
629 772 743 843 δρει
772 771 869 843 τῆς
894 774 1201 839 Γαλιλαίας,
1223 775 1359 829 ἀλλά
1389 777 1535 848 παρά
1560 779 1657 850 τὴν
1686 778 1884 833 θάλασ-

312 878 411 917 σαν
432 861 532 932 τῆς
558 863 843 927 Γαλιλαίας
876 865 1108 937 ἱστορεῖς

380 954 573 1026 Τρίτον
610 956 705 1025 μὲν
756 956 971 1028 ἀληθῶς
999 958 1154 1014 τοῦτο
1185 959 1437 1033 σῦμφημι
1468 964 1562 1016 καὶ
1590 942 1753 1030 αὐτὸς
1789 965 1879 1020 τὸν

309 1044 541 1117 Σωτῆρα
588 1039 767 1116 ὦφθαι
813 1052 925 1112 τοῖς
961 1049 1246 1122 μαθηταῖς,
1283 1053 1342 1107 τὸ
1385 1054 1484 1125 μὲν
1518 1057 1730 1127 πρῶτον
1759 1061 1878 1114 κατ’

308 1138 477 1209 αὐτὴν
507 1138 605 1210 τὴν
628 1140 839 1212 ἡμέραν
863 1142 960 1213 τῆς
991 1143 1358 1210 ἀναστάσεως,
1385 1148 1505 1202 καθ’
1535 1151 1601 1221 ἥν
1630 1153 1816 1223 Μαρία
1845 1154 1877 1225 ἡ

307 1230 638 1303 Μαγδαληνὴ
689 1235 900 1305 πρωῖας
959 1237 1120 1291 αὐτὸν
1179 1237 1422 1310 ἑώρακε·
1450 1241 1649 1314 ταύτην
1692 1244 1879 1317 δὲτὴν

310 1320 531 1395 πρώτην
589 1324 854 1379 ὀπτασίαν
908 1327 1003 1382 καὶ
1064 1324 1276 1393 Λουκᾶς
1344 1333 1561 1404 ἱστορεῖ.
1597 1334 1877 1409 οΔεύτερον

304 1413 366 1469 δὲ
397 1415 516 1486 μεθ’
540 1417 749 1489 ἡμέρας
768 1418 931 1483 ὀκτὼ,
950 1420 1147 1493 δηλαδὴ
1173 1426 1236 1493 τῇ
1276 1424 1434 1497 ἑτέρᾳ
1464 1427 1735 1499 Κυριακῇ.
1756 1429 1874 1482 καθ’

306 1504 374 1577 ἥν
393 1501 548 1570 αὖθις
573 1508 853 1577 ἐπιφανεὶς
874 1511 903 1562 ὀ
932 1510 1122 1583 Σωτὴρ
1149 1514 1239 1567 τὸν
1271 1514 1470 1586 Θωμᾶν
1494 1518 1595 1587 τῆς
1620 1520 1876 1585 ἀπιστίας

305 1596 618 1671 θεραπεύει,
651 1600 829 1667 δείξας
860 1603 1009 1674 αὐτῷ
1029 1606 1126 1675 τὴν
1152 1606 1388 1679 πλευρὰν
1420 1610 1513 1662 καὶ
1539 1610 1636 1674 τὰς
1662 1614 1869 1683 χεῖρας.

316 1691 468 1745 Ἐπεὶ
496 1692 551 1746 δὲ
581 1694 993 1766 κεκελευσμένοι
1015 1692 1153 1768 ἦσαν
1177 1699 1267 1751 ἐπὶ
1289 1700 1386 1770 τὴν
1420 1701 1702 1756 Γαλιλαίαν
1733 1704 1869 1775 ὁμοῦ

301 1782 568 1856 ἀπαντᾷ-ι,
599 1785 862 1856 ἔπραττόν
904 1805 961 1841 τε
992 1788 1127 1859 μετὰ
1157 1789 1266 1842 τῶν
1286 1789 1486 1845 λοιπῶν
1515 1794 1562 1847 οί
1596 1795 1784 1848 ἕνδεκα
1809 1796 1869 1849 τὸ

301 1875 607 1941 κελευσθὲν,
638 1878 730 1931 καὶ
760 1880 790 1931 ὀ
838 1878 1022 1944 καθεῖς
1063 1881 1239 1935 αὐτῶν
1293 1885 1664 1956 ἐπισυνήγετο,
1704 1888 1869 1959 μήπω

298 1970 409 2023 τῶν
440 1970 631 2024 ἓνδεκα
657 1971 1048 2043 ἡθροισμένων,
1068 1974 1182 2028 ἀλλ’
1204 1974 1282 2028 ἔτι
1320 1976 1637 2045 μελλόντων,
1666 1980 1726 2032 τὸ
1751 1980 1869 2052 τρί-

297 2079 389 2116 τον
418 2064 567 2131 παρὰ
598 2063 696 2135 τὴν
730 2063 1001 2118 θάλασσαν
1031 2066 1128 2136 τῆς
1162 2067 1468 2132 Γαλιλαίας,
1497 2070 1558 2121 οὗ
1587 2073 1697 2133 τοῖς
1722 2072 1867 2126 ἕνδε-

299 2168 373 2206 κα
420 2152 688 2221 φαίνεται,
724 2152 858 2206 ἀλλά
914 2154 1093 2223 μόνοις
1145 2157 1283 2210 ὲπτά
1317 2161 1428 2222 τοῖς
1466 2159 1569 2212 ὑπὸ
1620 2161 1863 2215 Ἰωάννου

294 2244 684 2316 δεδηλωμένοις
704 2262 718 2277 ο
744 2240 888 2300 οὗτοι
927 2248 981 2301 δὲ
1019 2244 1158 2320 ἦσαν
1197 2249 1397 2321 Πέτρος
1425 2253 1517 2305 καὶ
1548 2252 1748 2323 Θωμᾶς
1771 2254 1863 2308 καὶ

298 2335 609 2407 Ναθαναὴλ,
636 2338 727 2391 δύο
756 2356 814 2393 τε
840 2341 887 2393 οἱ
924 2342 1028 2394 υἱοὶ
1048 2341 1356 2403 Ζεϐεδαίου,
1381 2344 1475 2395 καὶ
1494 2343 1641 2397 ἄλλοι
1666 2348 1729 2398 ἐκ
1757 2346 1863 2398 τῶν

299 2429 552 2501 μαθητῶν
584 2432 747 2485 αὐτοῦ
775 2433 894 2487 6230’
916 2432 1072 2487 τοῦτο
1097 2434 1160 2504 δὴ
1191 2430 1282 2487 οὖν
1308 2436 1488 2506 τρίτον
1511 2436 1720 2501 τούτοις
1742 2439 1864 2509 ἀλη-

295 2520 401 2587 θῶς
421 2521 596 2591 ὥρθη,
614 2522 765 2578 οὔπω
792 2526 984 2579 ἕνδεκα
1015 2528 1383 2597 συνηγμένων.
1402 2530 1601 2600 Διόπερ
1622 2532 1863 2602 ἀκριϐῶς

292 2615 392 2671 οὐκ
416 2616 717 2670 ἀποκλείων
746 2619 839 2671 καὶ
868 2620 993 2680 τοὺς
1025 2619 1242 2683 λοιποὺς
1272 2622 1300 2673 ὀ
1351 2622 1603 2693 Ἰωάννης
1631 2624 1732 2694 τῆς
1762 2626 1858 2678 τοῦ

291 2706 543 2777 Σωτῆρος
573 2710 853 2773 ὀπτασίας,
898 2712 1300 2782 ἐπεσημήνατο,
1337 2712 1472 2783 μετά
1501 2713 1597 2785 τὴν
1640 2714 1859 2787 πρώτην

291 2798 385 2851 καὶ
417 2798 673 2868 δευτέραν
700 2801 982 2863 ὀπτασίαν,
1016 2802 1111 2872 τὴν
1143 2804 1330 2875 τρίτην
1361 2805 1539 2874 μόνοις
1575 2809 1682 2870 τοῖς
1726 2824 1858 2861 κατ-

287 2892 693 2961 ωνομασμένοις
733 2892 1061 2962 πεπκῆσθαι
1104 2895 1264 2947 αὑτὸν
1312 2897 1403 2949 ἐπὶ
1439 2897 1535 2967 τῆς
1584 2897 1857 2968 θαλάσσης

288 2982 388 3053 τῆς
420 2982 724 3047 Γαλιλαίας.
760 2985 873 3038 Οὐκ
905 2986 1131 3049 ἀπεικδς
1162 2987 1217 3038 δὲ
1262 2987 1398 3057 μετά
1425 2988 1597 3041 ταῦτα
1640 2992 1732 3043 καὶ
1772 2992 1858 3044 τέ·
1884 3013 1926 3069 C

288 3090 483 3145 ταρτον
508 3077 601 3129 καὶ
630 3076 900 3146 πέμπτον,
932 3078 1026 3131 καὶ
1058 3077 1243 3131 ἄλλοτε
1278 3080 1371 3131 καὶ
1403 3079 1655 3143 πολλάκις
1682 3075 1856 3149 ὦφθαι

276 3166 486 3219 λαῦτόν·
535 3166 615 3220 διὸ
661 3167 779 3220 οὐδὲ
832 3171 1159 3240 περιγράφει
1203 3170 1231 3221 ὀ
1275 3171 1525 3243 Ἰωάννης
1559 3174 1734 3237 πάσας
1763 3175 1856 3229 τοῦ

287 3255 537 3328 Σωτῆρος
563 3258 660 3320 τὰς
686 3257 930 3328 πράξεις’
964 3257 1165 3328 προῖὼν
1189 3259 1245 3314 δὲ
1270 3260 1395 3331 ἑξῆς
1420 3279 1570 3331 φησι,
1593 3264 1699 3317 Καὶ
1724 3264 1858 3319 ἄλλα

287 3349 458 3403 πολλά
488 3350 737 3422 ἐποίησεν
756 3353 783 3404 ὀ
817 3350 1021 3423 Ἰησοῦς
1041 3369 1053 3382 ·
1083 3353 1219 3423 μετά
1240 3353 1369 3422 γοῦν
1400 3354 1460 3409 τὸ
1494 3349 1672 3424 ὦφθαι
1697 3358 1856 3413 αὑτὸν

282 3441 443 3496 τοῦτο
486 3443 666 3513 τρίτον
697 3446 805 3507 τοῖς
850 3445 1159 3517 εἰρημένοις
1192 3447 1351 3510 ἑπτὰ,
1396 3450 1658 3521 τετάρτην
1689 3452 1855 3506 ὀπτα-

285 3532 409 3588 σίαν
435 3535 534 3588 οὐκ
567 3534 632 3588 ἂν
664 3535 927 3607 ἁμάρτοις
959 3536 1056 3608 τὴν
1089 3538 1235 3610 παρὰ
1267 3538 1342 3609 τῷ
1372 3540 1634 3613 Ματθαίῳ
1678 3545 1856 3613 φήσας

282 3619 444 3686 εἶναι,
474 3626 540 3698 ἥν
570 3628 626 3679 ἐν
655 3627 731 3697 τῷ
752 3628 866 3700 ὄρει
894 3632 1004 3692 τοῖς
1043 3629 1233 3684 ἕνδεκα
1273 3632 1595 3702 πεποιῆσθαι
1620 3635 1854 3708 ἀνέγρα-

280 3716 374 3785 ψε.
423 3720 531 3773 Καὶ
581 3720 718 3790 μετὰ
756 3722 974 3786 τούτους
1016 3724 1114 3778 οὐκ
1152 3723 1217 3778 ἂν
1258 3726 1516 3797 σφαλείης
1549 3728 1683 3799 ὁμοῦ
1715 3730 1854 3784 κατά

279 3811 478 3865 ταυτὸν
510 3814 867 3885 συνηγμένοις
912 3815 1025 3887 ἅμα
1056 3821 1167 3883 τοῖς
1199 3818 1391 3873 ἕνδεκα
1427 3821 1520 3874 καὶ
1558 3825 1669 3885 τοῖς
1702 3822 1851 3876 ἑϐδο-

281 3903 531 3976 μήκοντα
585 3907 744 3959 αὐτὸν
796 3902 974 3974 ὦφθαι
1002 3907 1187 3961 εἰπών.
1223 3909 1281 3962 ὐ
1318 3910 1374 3963 δὲ
1407 3910 1617 3975 Παῦλος
1648 3913 1740 3965 καὶ
1772 3912 1851 3966 ἔτι

273 3996 486 4049 τούτων
508 3997 747 4051 πλείοσιν
775 3999 1043 4071 ἑωρᾶσθαι
1075 4001 1163 4054 τὸν
1182 4002 1409 4073 Σωτῆρα
1438 4003 1576 4070 μετά
1597 4005 1695 4075 τὴν
1727 4006 1852 4059 ἀνά-

278 4103 469 4140 στασιν
515 4090 734 4158 ἱστορεῖ,
777 4089 933 4143 τοῦτο
966 4093 1094 4163 παρ’
1140 4091 1340 4163 ἐτέρων
1373 4092 1587 4162 μαθὼνο
1622 4111 1640 4142 ι
1673 4094 1847 4167 Ὠφθη

275 4179 412 4251 γάρ,
441 4180 591 4250 φησι,
617 4181 793 4251 Κεφᾷ,
828 4177 946 4234 εἶτα
978 4186 1089 4245 τοῖς
1119 4182 1323 4236 δώδεκα
1354 4182 1484 4252 (75),
1508 4184 1697 4238 ἔπειτα
1719 4202 1847 4238 πεν-

275 4270 568 4335 τακοσίοις,
613 4271 801 4327 ἔπειτα
855 4272 1114 4344 Ἰακώϐῳ,
1156 4274 1345 4328 ἔπειτα
1389 4277 1499 4338 τοῖς
1535 4275 1848 4340 ἀποστόλοις

1131 198 1636 257 διλῬΡιεΜεΝτΑ
1674 197 2150 267 QUESTIONUM
2188 207 2280 260 AD
2320 208 2667 268 MARINUM.

1912 318 1960 373 Α
2723 324 2814 382 XI.

3407 223 3542 279 1006

2060 406 2211 464 Dicet
2253 412 2415 466 etiam
2460 413 2691 485 aliquis,
2725 418 2998 487 quomodo
3042 419 3322 481 Matthreus
3365 426 3546 496 profc-

1986 503 2104 553 ctos
2136 501 2382 556 undecim
2416 502 2469 556 in
2500 501 2731 562 Galilazm
2773 516 3008 563 montem
3056 509 3202 565 dicat
3234 513 3430 570 vidisse
3455 513 3546 570 Je—

1988 603 2148 654 sum,
2196 589 2437 648 Joannes
2485 604 2664 650 autem
2715 607 2839 668 post
2888 598 3023 655 duas
3062 600 3203 655 intra
3244 601 3541 660 Jerusalem

1985 682 2351 751 apparitiones
2373 727 2387 750 ,
2420 689 2581 742 tertio
2607 690 2781 744 visum
2811 705 2932 747 esse
2961 690 3144 747 Jesum
3188 709 3297 748 non
3342 696 3394 749 in
3435 695 3542 751 Ga-

1984 771 2136 828 lilazze
2164 785 2365 843 monte,
2395 778 2490 834 sed
2520 780 2660 851 apud
2691 796 2842 839 mare
2866 781 3098 839 Galilzca:
3123 785 3342 840 narret?

2052 951 2237 1010 Tertio
2260 955 2600 1015 Servatorem
2628 962 2944 1032 apparuisse
2964 978 3088 1017 vero
3110 962 3410 1033 discipulis,
3444 980 3541 1036 ego

1982 1059 2192 1116 quoque
2224 1046 2555 1114 confitebor;
2606 1052 2801 1119 primo,
2834 1052 2947 1121 ipsa
2978 1054 3394 1108 resurrectionis
3427 1054 3535 1115 dic.

1979 1149 2103 1188 cum
2139 1151 2296 1191 mane.
2326 1138 2475 1191 illum
2501 1137 2664 1192 Maria
2691 1139 2999 1209 Magilalene
3029 1142 3181 1196 vidit.
3204 1143 3379 1213 Atque
3398 1143 3537 1198 hanc

1979 1228 2208 1297 primam
2242 1228 2506 1286 visionem
2550 1229 2725 1287 Lucas
2770 1247 2984 1303 quoque
3018 1244 3221 1287 narrat.
3252 1234 3501 1301 Secundo
3522 1276 3536 1296 .

1978 1328 2102 1391 post
2128 1321 2242 1377 dies
2277 1330 2421 1381 octo.
2444 1322 2701 1377 nimirum
2738 1325 2906 1378 altera
2950 1324 3036 1379 die
3075 1323 3350 1381 Dominica
3384 1368 3399 1390 ,
3432 1343 3538 1398 qua

1977 1415 2172 1467 iterum
2208 1427 2476 1484 apparens
2529 1414 2784 1470 Servator
2834 1418 3269 1473 incredulitatem
3318 1419 3541 1475 Thomas

1978 1504 2223 1569 sanavit,
2275 1514 2497 1561 ostenso
2544 1506 2595 1561 ei
2629 1507 2797 1561 latere
2836 1522 2899 1562 ac
2933 1508 3200 1562 manibus.
3229 1508 3365 1575 Quia
3411 1525 3539 1565 vero

1972 1600 2112 1669 jussi
2143 1600 2356 1657 fuerant
2385 1604 2439 1657 in
2462 1601 2736 1657 Galilazam
2765 1603 2924 1657 simul
2949 1603 3242 1672 proficisci,
3275 1603 3537 1659 fecerant-

1902 1678 2079 1763 Bque
2109 1693 2360 1764 discipuli
2416 1694 2666 1749 undecim
2720 1695 3034 1770 mandatum
3085 1710 3208 1749 cum
3269 1696 3534 1765 reliquis:

1970 1784 2097 1840 dum
2144 1787 2344 1857 singuli
2376 1789 2729 1859 colliguntur,
2761 1787 3001 1843 nondum
3030 1788 3279 1842 undecim
3310 1803 3535 1859 congre.

1968 1879 2130 1949 gatis,
2169 1881 2262 1935 sed
2323 1880 2500 1935 adhuc
2550 1882 2917 1951 exspectatis,
2976 1881 3138 1936 tertio
3188 1880 3347 1936 Jesus
3396 1881 3535 1953 apud

1969 1986 2119 2025 mare
2148 1969 2400 2029 Galilzere.
2434 1972 2578 2027 haud
2628 1974 2842 2029 cunctis
2889 1972 3135 2028 undecim
3164 2014 3179 2038 ,
3218 1974 3309 2028 sed
3342 1974 3411 2029 iis
3449 1988 3535 2027 se-

1966 2069 2110 2132 ptem
2144 2064 2521 2118 tantummodo
2552 2066 2803 2134 apparuit
2841 2080 2980 2135 quos
3025 2063 3263 2121 Joannes
3298 2081 3534 2121 commc-

1967 2162 2143 2207 morat
2167 2172 2178 2207 :
2201 2154 2360 2219 hique
2388 2164 2544 2209 erant
2576 2152 2769 2210 Petrus
2801 2170 2864 2209 ac
2892 2154 3150 2221 Thomas,
3176 2164 3229 2211 et
3256 2154 3534 2210 Nathana-

1966 2246 2013 2301 el
2035 2285 2052 2309 ,
2105 2255 2157 2301 ct
2188 2246 2281 2300 lilii
2310 2247 2417 2301 duo
2454 2246 2719 2311 Zebedzei,
2753 2248 2951 2317 aliique
2982 2256 3240 2318 prmtcrea
3280 2248 3531 2318 discipuli

1965 2336 2095 2392 duo.
2143 2336 2326 2393 Tertio
2368 2339 2551 2408 itaque
2590 2338 2675 2394 his
2720 2354 2906 2394 revera
2955 2339 3243 2410 apparuit,
3288 2338 3527 2394 nomium

1966 2430 2217 2484 undecim
2272 2432 2634 2501 congregatis.
2701 2431 3042 2502 Quapropter
3103 2430 3247 2485 haud
3313 2433 3532 2485 omnino

1963 2523 2257 2577 excludens
2299 2524 2537 2594 reliquos
2582 2538 2612 2577 a
2664 2522 2965 2579 Servaloris
2997 2525 3207 2580 visione
3253 2522 3529 2583 Joannes,

1963 2624 2082 2684 post
2116 2616 2344 2685 primam
2388 2617 2723 2686 alteramque
2775 2617 3061 2681 visionem,
3096 2616 3311 2671 tertiam
3363 2616 3531 2669 adno-

1962 2707 2094 2759 tavit
2154 2707 2427 2776 praedictis
2484 2708 2858 2762 tantummodo
2906 2709 3142 2763 oblatam
3172 2708 3329 2777 juxta
3382 2724 3531 2761 mare

1960 2796 2211 2854 Galilazaa.
2236 2798 2488 2869 Nihilque
2511 2800 2691 2854 obstat
2714 2799 3005 2869 quominus
3036 2800 3311 2870 posthinc,
3338 2807 3530 2868 quarto

1959 2890 2119 2944 etiam
2142 2892 2425 2960 etquinto,
2461 2899 2514 2947 et
2547 2892 2745 2961 szepius
2790 2899 2959 2947 semet
2988 2891 3340 2961 spectandum
3364 2891 3527 2945 dedc-

1961 2982 2030 3034 rit
2055 3001 2067 3036 :
2096 2981 2324 3052 ideoque
2350 2982 2588 3038 Joannes
2615 2984 2764 3037 nullo
2791 2984 3023 3038 termino
3041 2981 3350 3037 Servatoris
3375 2992 3527 3035 actus

1962 3073 2359 3129 circumscribit
2390 3094 2402 3128 :
2435 3076 2542 3130 imo
2589 3092 2818 3147 pergens
2865 3092 3025 3147 porro
3056 3076 3131 3129 ait
3178 3075 3281 3128 alia
3313 3091 3527 3145 quoque

1960 3172 2125 3224 multa
2146 3170 2327 3226 Jesum
2367 3172 2581 3227 fecisse.
2616 3171 2747 3229 Post
2777 3174 2916 3228 hanc
2953 3188 3082 3244 ergo
3133 3171 3409 3244 praadictis
3438 3188 3523 3225 sc-

1958 3271 2100 3334 ptnm
2141 3264 2423 3333 discipulis
2445 3265 2658 3319 tertiam
2689 3267 3104 3335 apparitionem,
3143 3265 3287 3319 haud
3322 3281 3352 3318 a
3384 3265 3523 3320 veri-

1957 3364 2066 3412 tate
2091 3356 2313 3411 abludes
2342 3358 2388 3411 si
2419 3368 2665 3426 quartam
2711 3359 2862 3413 dicas
2904 3359 3046 3412 illam
3078 3373 3239 3428 quam
3267 3356 3518 3412 undecim

1957 3448 2011 3503 in
2063 3459 2245 3504 monte
2298 3449 2577 3518 praebitam
2627 3449 2909 3505 Matthams
2963 3450 3225 3519 scriptum
3280 3450 3517 3521 reliquit.

1955 3538 2085 3596 Post
2110 3541 2208 3596 hos
2233 3556 2378 3605 vero,
2397 3542 2602 3611 absque
2616 3557 2800 3598 errore
2820 3540 3111 3595 amrmabis
3134 3556 3163 3594 a
3181 3542 3390 3595 cunctis
3415 3557 3517 3594 una

1954 3631 2319 3701 congregatis,
2352 3631 2599 3686 undecim
2629 3630 2877 3686 videlicet
2914 3638 2968 3684 ct
2999 3630 3122 3684 aliis
3182 3631 3519 3699 septuaginta

1951 3720 2137 3776 Jesum
2166 3721 2333 3778 fuisse
2363 3729 2732 3791 conspectum.
2765 3722 2878 3776 lmo
2906 3719 3107 3774 Paulus
3142 3734 3170 3772 a
3206 3720 3375 3772 multo
3398 3721 3519 3789 plna

1952 3813 2107 3869 ribus
2136 3814 2309 3867 visum
2344 3812 2687 3869 Servatorem
2745 3821 2870 3885 post
2902 3809 3357 3867 resurrectionem
3391 3824 3512 3869 nar-

1953 3914 2070 3969 rat,
2120 3923 2282 3977 quam
2312 3923 2422 3961 rem
2470 3907 2538 3961 ab
2572 3907 2693 3962 aliis
2733 3905 2920 3960 auditu
2952 3910 3254 3973 acceperat.
3296 3920 3315 3952 ι
3354 3900 3516 3955 Visus

1951 4008 2053 4061 est,
2085 3999 2283 4070 inquit,
2314 3999 2528 4068 Cephae,
2559 3999 2756 4055 deinde
2785 3997 3093 4058 duodecim,
3127 4004 3313 4065 postea
3363 3996 3517 4066 quin-

1950 4091 2148 4161 gentis,
2181 4099 2295 4145 tum
2324 4090 2550 4157 Jacoho,
2580 4093 2704 4146 exin
2751 4090 3010 4157 apostolis
3040 4090 3285 4147 cunctis,
3339 4090 3519 4141 novis-

1951 4180 2087 4235 sime
2129 4191 2308 4235 autem
2360 4183 2602 4236 omnium
2637 4182 2801 4235 etiam
2838 4179 2966 4233 mihi
2997 4180 3063 4233 ⁸³.
3107 4198 3125 4231 ι
3163 4178 3356 4247 Viden,
3385 4188 3518 4250 quot

1950 4270 2259 4328 hominibus
2293 4284 2348 4328 et
2377 4276 2589 4344 quoties
2616 4281 2737 4343 post
2768 4274 3221 4328 resurrectionem
3253 4286 3516 4341 apparue-

277 4363 465 4423 πᾶσιν,
486 4362 708 4433 ἔσχατον
732 4362 790 4415 δὲ
824 4363 1057 4423 πάντων,
1085 4349 1254 4435 φησὶ(
1274 4364 1453 4434 κάμοί.
1484 4384 1501 4414 ι
1533 4365 1692 4436 Ὁρᾷς
1724 4366 1849 4419 ὁσά-

1965 4365 2063 4418 rit?
2093 4363 2185 4419 Sic
2215 4366 2379 4420 etiam
2411 4367 2703 4421 latentibus
2731 4366 2873 4420 intra
2912 4363 3211 4419 Jerusalem
3237 4363 3512 4433 apparuit;

277 4471 370 4517 κις
398 4456 489 4508 καὶ
532 4455 677 4518 ὅσοις
708 4454 862 4525 ὤφθη
912 4456 1046 4525 μετὰ
1075 4456 1173 4527 τὴν
1206 4456 1536 4520 άνάστασιν;
1567 4454 1721 4509 Οὕτω
1753 4456 1846 4511 καὶ

271 4548 392 4609 τοῖς
433 4546 491 4600 ὲν
546 4546 898 4618 Ἰερουσαλὴμ
945 4547 1338 4617 κρυπτομένοις
1384 4545 1573 4615 ὤφθη*
1616 4547 1710 4600 καὶ
1742 4546 1848 4618 πρὸ

272 4636 463 4691 αὐτῶν
510 4640 621 4703 τοῖς
664 4637 792 4709 περὶ
837 4637 1086 4691 Κλεόπαν
1116 4638 1367 4692 ἀπιοῦσιν
1398 4640 1489 4691 επὶ
1533 4637 1840 4709 Ἐμμαοῦν’

276 4727 377 4781 καὶ
401 4727 506 4800 πρό
530 4744 593 4797 γε
617 4729 850 4791 πάντων,
872 4727 1078 4799 ἀνδρῶν
1113 4727 1211 4798 μὲν
1238 4728 1461 4799 Σίμωνι,
1491 4729 1761 4797 γυναικῶν
1786 4728 1845 4783 δὲ

275 4822 347 4891 τῇ
386 4819 736 4892 Μαγδαληνῇ.
770 4820 959 4874 Ἔνθεν
998 4822 1028 4874 ὁ
1067 4822 1278 4883 Λουκᾶς
1310 4823 1368 4874 ἐν
1400 4823 1519 4884 ταῖς
1554 4820 1843 4891 Πράξεσιν,

273 4912 404 4967 ἐπεὶ
437 4912 691 4976 πολλάκις
712 4910 900 4965 ἑαυτὸν
929 4911 1134 4966 ἐδείκνυ
1160 4914 1270 4975 τοῖς
1292 4910 1579 4984 μαθηταῖς,
1595 4914 1844 4983 ἐπιτηρεί

273 5001 472 5071 λέγων.
491 5004 566 5067 ὡς
589 5003 697 5075 ἄρα
727 5001 794 5055 δι’
819 5002 1040 5074 ἡμερῶν
1059 5002 1459 5074 τεσσαράκοντα
1480 5001 1841 5072 ὀπτανόμενος

273 5095 458 5159 αὐτοῖς
490 5096 584 5149 καὶ
626 5094 1094 5166 συναυλιζόμενος,
1135 5095 1204 5149 τά
1254 5095 1380 5164 περὶ
1418 5094 1516 5163 τῆς
1566 5092 1840 5164 βασιλείας

1952 4464 2007 4511 et
2028 4464 2154 4511 ante
2191 4456 2291 4511 hos
2313 4458 2526 4527 Cle0pze
2556 4458 2816 4524 socioque
2836 4458 3208 4511 Emmauntem
3237 4456 3513 4520 euntibus;

1950 4557 2004 4604 et
2034 4549 2207 4619 primo
2229 4550 2467 4603 virorum
2490 4549 2704 4618 quidem
2727 4546 2955 4610 Simoni,
2977 4546 3299 4602 feminarum
3331 4554 3510 4601 autem

1951 4641 2298 4712 Magdalcnzc.
2323 4639 2459 4695 Hinc
2486 4639 2663 4695 Lucas
2689 4640 2743 4694 in
2783 4639 3030 4701 Actibus,
3082 4637 3338 4706 quoniam
3372 4649 3513 4703 saepe

1950 4729 2111 4787 Jcsus
2150 4746 2209 4785 se
2242 4730 2526 4799 discipulis
2554 4727 3019 4789 tnanifcstaverat,
3045 4723 3384 4780 considerate
3426 4720 3511 4776 di-

1948 4825 2066 4878 cit:
2102 4840 2123 4871 ι
2159 4821 2262 4878 Per
2310 4823 2429 4877 dies
2475 4821 2829 4892 quadraginta
2879 4834 3149 4888 apparens
3211 4817 3293 4871 eis
3348 4829 3510 4886 atque

1947 4931 2298 4972 conversaris.
2329 4915 2479 4986 regni
2523 4912 2613 4970 Dei
2672 4912 3012 4982 disciplinam
3050 4910 3333 4971 tradebat;
3389 4922 3510 4961 mo-

1947 5009 2173 5077 nuitque
2197 5016 2257 5062 ut
2284 5005 2583 5063 Jerusalem
2609 5012 2910 5075 pergerent.
2941 5003 3123 5072 ibique
3150 5000 3510 5073 praedicarent

1942 5096 2145 5153 Judzeis
2189 5105 2314 5153 ante
2345 5112 2537 5152 omnes
2575 5096 2910 5158 doctrinam;
2945 5109 3119 5164 neque
3154 5093 3289 5147 urbe
3317 5092 3507 5147 absce-

268 5188 371 5243 τοῦ
404 5188 538 5243 Θεοῦ
570 5189 849 5261 παρεδίδου
881 5187 1198 5259 μαθήματα,
1218 5175 1447 5258 παρῄνει
1474 5204 1533 5239 τε
1554 5188 1730 5258 ὀρμᾷν
1760 5189 1839 5251 εἰς

1965 5189 2152 5255 lerent,
2184 5190 2277 5245 sed
2309 5196 2688 5259 exspectarent
2720 5186 3131 5257 promissionem
3156 5183 3356 5246 Patris,
3381 5194 3403 5234 ο
3440 5183 3505 5234 de

265 5283 372 5356 τὴν
407 5282 777 5355 Ἰερουσαλὴμ,
802 5283 961 5336 κάκεῖ
983 5280 1268 5351 κηρύττειν
1310 5278 1577 5344 Ἰουδαίοις
1604 5278 1839 5350 πρώτοις

1939 5296 2044 5350 qua
2082 5295 2179 5334 n0s
2212 5281 2373 5350 paulo
2410 5285 2534 5348 post
2560 5277 2910 5335 disseremus.

260 5379 362 5432 τόν
405 5377 589 5446 λόγον’
635 5376 769 5448 μηδὲ
815 5374 1074 5447 πρότερον
1123 5373 1421 5443 ἀναχωρεῖν
1460 5370 1560 5439 τῆς
1607 5370 1833 5435 πόλεως,
1873 5370 2009 5427 ἀλλὰ
2043 5374 2353 5444 περιμένειν
2390 5367 2854 5456 τὴνέπαγγελίαν
2879 5365 2971 5419 τοῦ
3010 5366 3239 5438 Πατρὸς,
3274 5364 3401 5436 περὶ
3437 5358 3502 5436 ἧς

270 5471 469 5543 μικρὸν
496 5469 718 5544 ὕστερον
748 5464 1117 5538 διαληψόμεθα
1144 5464 1271 5536 (74).

346 5564 393 5595 ⁸⁸
432 5561 451 5616 l
484 5564 613 5616 Cor.
652 5579 740 5625 xv,
772 5559 889 5615 5-8.

339 5658 451 5726 (τε)
491 5658 623 5713 Cod.
661 5657 725 5711 Α.
763 5654 798 5708 r.
830 5654 952 5707 5n.

336 5727 450 5799 (75)
492 5731 566 5781 Ita
600 5729 720 5782 cod.

2007 5643 2118 5714 (74)
2156 5640 2360 5713 Nempe
2393 5638 2623 5697 inferius
2656 5656 2711 5695 n.
2753 5640 2809 5706 9,
2854 5640 2941 5703 lO.
2990 5638 3083 5697 ubi
3134 5633 3336 5693 Christi
3385 5645 3510 5687 scr-

1935 5730 2126 5769 mones
2157 5721 2210 5767 et
2237 5714 2377 5766 dona
2408 5720 2531 5765 ante
2562 5714 2957 5771 ascensionem.
