3952 6198
306 203 444 265 1009

1189 207 1688 264 SUPPLEMENTA
1723 204 2203 275 ρυΑεδτιοΝυΜ
2232 203 2323 261 Δί)
2360 204 2700 262 MARINUM.
2802 224 2805 229 '

3399 209 3536 268 1010

656 346 742 404 lll.
778 347 861 404 Ea;
886 348 1099 404 Possiui
1127 348 1330 406 Catena
1357 351 1411 404 in
1441 348 1719 417 Marcum,
1736 369 1788 422 ρ.
1812 351 1938 419 545,
1958 351 2047 406 ubi
2065 352 2128 406 de
2157 352 2407 422 Cyrenaeo
2437 366 2640 404 crucem
2663 347 2876 403 Domini
2899 346 3181 419 bajulante.

368 493 438 559 γ’.
480 484 554 541 Οὐ
588 484 694 558 γὰρ
723 482 790 556 ἦν
821 486 968 550 ἄξιός
1000 504 1083 551 τις
1110 488 1165 539 ὲν
1187 489 1252 559 τῇ
1288 487 1438 540 πόλει
1480 488 1766 553 Ἰουδαίων,
1796 487 1869 553 ὥς

2045 488 2098 543 5.
2122 468 2306 557 Neque
2330 489 2471 542 enim
2503 484 2811 541 Iudaeorum
2846 486 3131 555 quisquam
3184 487 3239 541 in
3293 488 3426 543 urbe
3452 489 3537 545 di-

299 594 462 651 φησιν
488 575 743 639 Εὑσέὸιος
776 575 1052 647 κεφαλαίῳ
1080 583 1145 644 ιγ’
1178 576 1288 646 (78)
1311 576 1463 645 Πρὸς
1489 576 1771 645 Μαρῖνον,
1800 577 1863 630 τὸ

300 670 444 726 κατὰ
470 669 565 725 τοῦ
590 669 831 723 διαϐόλου
864 670 1139 743 τρόπαιον,
1158 670 1250 722 τὸν
1288 671 1519 740 σταυρὸν
1558 671 1824 741 βαστάσαι
1846 688 1865 708 ε

295 763 409 816 ἀλλ’
441 766 469 816 6
508 762 566 830 ἐξ
612 762 805 834 ἀγροῦ,
844 761 902 825 ὃς
945 763 1107 833 μηδὲν
1138 763 1590 835 ὲπικεκοινώνηκε
1622 768 1687 836 τῇ
1726 765 1865 819 κατὰ

294 854 529 928 Χριστοῦ
566 855 846 926 μιαιφονίᾳ
878 854 1011 925 (79).

1961 596 2107 651 gnus
2122 589 2259 643 erat,
2289 585 2349 631 ut
2381 578 2454 631 ait
2502 577 2768 631 Eusebius
2802 579 2979 647 capite
3031 578 3097 631 15
3127 575 3194 630 ad
3234 570 3526 646 Marinum,

1962 674 2056 743 qui
2087 672 2385 742 trophazum
2443 671 2508 728 de
2556 670 2789 729 diabolo.
2823 685 3038 724 crucem
3090 669 3315 735 scilicet,
3350 670 3530 729 ferret.

1968 764 2146 830 Quare
2168 764 2412 818 delectus
2443 763 2533 817 ille
2570 769 2653 816 est
2684 762 2777 832 qui
2805 778 2871 816 ex
2900 777 3027 831 agro
3062 763 3329 831 veniebat,
3358 780 3532 837 neque

1970 855 2083 910 ullo
2113 854 2274 911 modo
2308 854 2365 908 in
2394 851 2598 907 Christi
2628 867 2816 908 necem
2842 852 3273 924 conspiraverat.

1178 991 1264 1048 ιν.
1302 991 1382 1047 Ex
1416 993 1655 1051 Corderii
1684 994 1885 1050 Catena
1914 994 1967 1054 in
1993 992 2283 1058 Joannem,
2308 1008 2427 1063 pag.
2451 990 2578 1046 456.

362 1128 424 1183 δ’.
466 1128 723 1193 Εὐσέϐιος·
750 1130 779 1182 6
822 1130 1151 1201 Καισαρεὺς,
1200 1132 1228 1183 6
1272 1130 1557 1200 Παμφίλου
1601 1148 1870 1202 προσαγο-

298 1219 604 1292 ρευόμενος,
632 1223 688 1274 ἐν
713 1220 841 1286 ταῖς
858 1221 1007 1289 πρὸς
1030 1220 1293 1289 Μαρῖνον
1308 1222 1398 1275 ἐπὶ
1421 1221 1516 1275 τοῦ
1547 1222 1658 1293 (80)
1686 1225 1870 1293 Σωτης

296 1313 411 1379 ρίου
445 1309 556 1381 (81)
588 1310 790 1374 πάθους
809 1311 903 1364 καὶ
931 1312 1030 1381 τῆς
1062 1311 1408 1375 ἀναστάσεως
1441 1312 1743 1381 Ζητήσεσι
1774 1317 1867 1369 καὶ

292 1400 590 1467 έπιλύσεσι,
616 1403 707 1456 καὶ
743 1402 913 1456 ταῦτα
941 1403 1248 1476 προῦθηκεν
1274 1405 1352 1468 είς
1390 1404 1653 1471 ἐξέτασιν,
1677 1407 1737 1460 τὸ
1776 1407 1868 1462 τὸν

295 1493 395 1565 μὲν
441 1494 582 1548 θεῖον
627 1496 1018 1568 εὐαγγελιστὴν
1066 1498 1292 1570 Μάρκον
1344 1499 1517 1552 εἰπεῖν
1547 1498 1694 1571 ὤραν
1726 1496 1865 1555 εἶναι

289 1587 478 1660 τρίτην
501 1587 623 1643 καθ’
653 1588 719 1659 ἡν
739 1588 1057 1660 ἐσταυρώθη
1084 1576 1315 1661 Χριστὸς
1342 1591 1370 1641 ὁ
1398 1589 1528 1655 Θεὸς
1556 1593 1648 1645 καὶ
1674 1591 1863 1664 Σωτὴρ

289 1680 444 1759 ἡμῶν
468 1697 481 1710 ·
536 1680 627 1733 τὸν
677 1680 733 1735 δὲ
781 1679 1231 1748 θεολογικώτατον
1272 1679 1520 1753 Ἰωάννην
1572 1681 1712 1735 κατὰ
1762 1683 1862 1754 τὴν

287 1772 452 1843 ἕκτην
480 1771 629 1843 ὥραν
664 1771 774 1843 (82)
802 1772 1009 1843 γράψαι
1050 1772 1486 1843 προκαθεσθῆναι
1515 1775 1606 1827 τὸν
1630 1775 1860 1829 Πιλάτον

2039 1135 2093 1191 4.
2125 1133 2391 1190 Eusebius
2408 1133 2782 1195 Cmsariensis.
2802 1131 2891 1204 qui
2918 1129 3179 1201 Pamphili
3211 1128 3527 1200 appellatur,

1978 1224 2034 1279 in
2068 1223 2459 1289 Quwstionibus
2480 1221 2547 1275 ad
2564 1220 2835 1276 Marinum
2854 1218 2921 1275 de
2945 1216 3247 1274 Servatoris
3277 1215 3532 1285 passione

1970 1331 2032 1370 ac
2060 1315 2484 1377 resurrectione,
2512 1314 2615 1367 hoc
2646 1327 2860 1383 quoque
2901 1304 3336 1382 erpendit,quod
3369 1304 3529 1359 divus

1969 1406 2174 1462 scilicet
2196 1406 2526 1477 evangeliSta
2540 1402 2754 1459 Marcus
2784 1402 2884 1463 ait.
2908 1402 3039 1455 hora
3065 1399 3221 1453 tertia
3251 1396 3526 1451 Christum

1967 1498 2137 1556 Deum
2162 1515 2224 1555 ac
2252 1501 2597 1555 Servatorem
2632 1497 2780 1552 cruci
2807 1495 2977 1550 inisse
3007 1492 3287 1557 sulIixum;
3321 1489 3529 1546 theolo-

1964 1608 2069 1663 gus
2094 1600 2271 1647 autem
2301 1607 2548 1647 summus
2575 1588 2811 1645 Joannes
2836 1587 2969 1641 hora
3000 1594 3150 1640 sexta
3184 1584 3257 1636 ait
3294 1581 3526 1636 Pilatum

1965 1685 2173 1740 sedisse
2202 1700 2299 1755 pro
2341 1684 2597 1739 tribunali
2646 1683 2698 1735 in
2734 1682 2853 1735 loco
2915 1677 3007 1748 qui
3063 1675 3433 1746 appellabatur
3460 1673 3529 1729 li—

1962 1779 2263 1834 thostrotos
2283 1777 2349 1831 ad
2379 1775 2662 1832 dicendam
2691 1774 2949 1828 adversus
2969 1769 3151 1826 Jesum
3180 1768 3527 1826 sententiam.

286 1865 381 1916 ὲπὶ
407 1862 501 1918 τοῦ
535 1864 775 1935 βήματος
810 1868 867 1918 ἐν
908 1864 986 1935 τῷ
1013 1863 1355 1936 λιθοστρώτῳ
1393 1866 1471 1937 τῷ
1515 1866 1852 1939 καλουμένῳ,

1965 1869 2127 1926 Porro
2170 1868 2438 1925 Eusebius
2480 1867 2775 1931 contendit,
2814 1864 3162 1918 amanuensis
3193 1862 3247 1917 id
3283 1876 3405 1916 esse
3441 1875 3530 1916 er-

286 1957 378 2011 καὶ
399 1957 708 2028 ἀνακρίνειν
740 1957 830 2010 τὸν
875 1956 1080 2028 Ἰησοῦν
1099 1974 1112 1987 ’
1142 1957 1233 2011 καί
1264 1974 1395 2029 φησι
1424 1959 1691 2030 γραφικὸν
1719 1956 1856 2013 εἶναι

282 2047 440 2103 τοῦτο
480 2037 719 2120 σφάλμα,
758 2048 1065 2121 παροραθὲν
1098 2050 1249 2121 παρὰ
1276 2049 1384 2103 τῶν
1422 2050 1479 2117 ἐξ
1523 2051 1693 2123 ἀρχῆς
1723 2053 1858 2105 ἀπο-

282 2139 647 2214 γραψαμένων
674 2139 742 2193 τὰ
769 2140 1091 2210 Εὐαγγέλια·
1116 2140 1209 2195 τοῦ
1239 2140 1337 2213 μὲν
1357 2142 1465 2213 γὰρ
1489 2142 1686 2213 γάμμα
1710 2159 1854 2195 στοι-

280 2231 426 2304 χείου
458 2231 555 2304 τὴν
579 2232 768 2305 τρίτην
797 2230 945 2303 ὦραν
978 2233 1350 2304 σημαίνοντος,
1378 2233 1471 2286 τοῦ
1498 2233 1554 2285 δὲ
1585 2234 1854 2303 ἐπισήμου

278 2322 377 2396 τὴν
413 2323 598 2396 ἕκτην,
631 2324 724 2378 κα)¹
773 2325 972 2395 πολλὴν
1009 2324 1303 2396 ἐμφέρειαν
1336 2325 1565 2395 ἐχόντων
1603 2323 1737 2394 πρὸς
1769 2324 1857 2377 ἀλ-

280 2415 470 2486 λήλους
508 2414 713 2469 τούτων
760 2415 866 2469 τῶν
913 2419 1272 2487 χαρακτήρων
1295 2456 1309 2479 ,
1368 2415 1507 2469 κατὰ
1549 2414 1752 2486 πλάνην
1797 2416 1856 2468 τὸ

280 2507 476 2577 γάμμα
506 2510 764 2576 στοιχεῖον
788 2506 849 2559 τὸ
881 2508 979 2578 τῆς
1005 2507 1195 2578 τρίτης
1219 2507 1367 2578 ὧρας
1396 2506 1708 2576 δηλωτικὸν,
1729 2524 1858 2577 κυρ-

281 2597 544 2669 τωθείσης
572 2599 667 2670 τῆς
700 2599 1155 2670 ἀποτεταμμένης
1195 2601 1273 2662 είς
1318 2599 1489 2668 μῆκος
1514 2597 1747 2662 εὐθείας,
1776 2600 1856 2661 είς

280 2689 375 2761 τὴν
406 2689 499 2743 τοῦ
526 2690 800 2760 ἐπισήμου
847 2688 1231 2760 μεταχωρῆσσιι
1277 2686 1569 2758 σημασίαν,
1613 2686 1707 2739 τοῦ
1754 2687 1855 2757 τῆς

278 2782 441 2853 ἕκτης
463 2782 611 2853 ὧρας
629 2781 924 2852 δηλωτικοῦ
946 2798 959 2812 ·
988 2780 1095 2833 τῶν
1116 2780 1224 2852 γὰρ
1244 2780 1409 2852 τριῶν
1432 2778 1853 2848 εὐαγγελιστῶν,

280 2874 371 2928 τοῦ
403 2892 462 2928 τε
491 2874 770 2929 Ματθαίου
804 2874 899 2929 καὶ
928 2874 1176 2946 Μάρκου.
1196 2873 1288 2927 καὶ
1316 2871 1407 2925 τοῦ
1432 2873 1615 2925 Λουκᾶ
1639 2888 1700 2922 συ
1710 2868 1859 2941 μ.φώ-

278 2986 383 3032 νως
408 2968 692 3037 λεγόντων,
710 2968 785 3032 ὡς
805 2967 912 3021 ἀπὸ
934 2966 1101 3038 ἕκτης
1128 2967 1276 3037 ὥρας
1308 2967 1501 3030 σκότος
1524 2966 1736 3033 ἐγένετο
1758 2966 1824 3033 ἐφ
1841 2964 1855 2985 ’

281 3060 409 3131 ὃλην
438 3061 538 3131 τὴν
586 3061 690 3131 γῆν
720 3060 827 3124 ἕως
859 3061 1007 3132 ὥρας
1040 3060 1233 3129 ἐνάτης
1278 3060 1411 3129 (85),
1448 3058 1708 3130 πρόδηλον
1733 3058 1856 3122 ὼςὸ

278 3153 482 3226 Κύριος
525 3154 617 3206 καὶ
660 3152 791 3216 Θεὸς
833 3150 1036 3223 Ἰησοῦς
1068 3151 1173 3223 πρὸ
1206 3150 1305 3223 τῆς
1346 3152 1508 3222 ἕκτης
1532 3148 1680 3222 ὧρας
1719 3147 1850 3221 (84),

278 3245 385 3317 πρὸ
412 3246 505 3299 τοῦ
531 3244 780 3315 γενέσθαι
823 3245 883 3297 τὸ
916 3244 1124 3308 σκότος,
1158 3244 1487 3316 ἐσταύρωτο,
1522 3242 1720 3313 δηλαδὴ
1750 3260 1853 3295 κα-

276 3340 348 3389 τὰ
370 3335 469 3408 τὴν
502 3335 688 3408 τρίτην
709 3335 877 3407 ὥραν,
909 3335 983 3400 ὡς
1007 3337 1035 3388 6
1062 3335 1285 3407 Μάρκος
1322 3335 1572 3406 ἱστόρησε
1590 3350 1603 3364 ο
1637 3334 1731 3388 καὶ
1760 3332 1852 3387 τοῦ

291 3428 535 3482 Ἰωάννου
580 3428 671 3483 τὸν
723 3428 907 3499 ὅμοιον
952 3427 1151 3499 τρόπον
1191 3428 1288 3500 τὴν
1329 3427 1475 3500 ὥραν
1504 3428 1692 3497 τρίτην
1716 3421 1855 3479 εἶναι

279 3521 790 3592 ἑπισημηναμένου,
816 3522 910 3574 καὶ
935 3519 1044 3573 τῶν
1072 3519 1544 3593 ἀπογραψαμένων
1571 3519 1631 3571 τὸ
1656 3517 1854 3589 γάμμα

279 3612 620 3681 μεταθέντων
646 3614 724 3675 είς
752 3613 813 3666 τὸ
845 3611 1007 3682 ὲπίση
1018 3629 1137 3683 μον.

1956 1970 2153 2027 ratum,
2180 1959 2325 2032 quod
2352 1960 2388 2014 ii
2441 1959 2534 2024 qui
2580 1958 2849 2029 principio
2904 1954 3193 2026 Evangelia
3223 1954 3528 2022 exscripse-

1955 2062 2085 2109 runt
2114 2051 2260 2107 haud
2290 2052 2583 2108 senserint.
2612 2049 2746 2118 Nam
2777 2065 2902 2104 cum
2932 2049 3108 2102 littera
3169 2060 3381 2116 gamma
3440 2044 3523 2117 (Γ)

1958 2148 2169 2201 tertiam
2189 2144 2458 2217 signiﬁcet
2493 2145 2720 2208 horam;
2747 2141 3027 2212 episemon
3058 2137 3156 2209 (ς)
3189 2144 3369 2192 autem
3400 2150 3525 2191 sex-

1958 2248 2111 2305 tam;
2166 2253 2397 2307 cumque
2458 2235 2512 2289 hi
2545 2235 2888 2289 characteres
2942 2231 3262 2302 permultam
3293 2229 3525 2284 habeant

1958 2333 2098 2385 inter
2128 2347 2186 2386 se
2215 2329 2623 2387 similitudinem
2641 2371 2654 2396 ,
2678 2325 2934 2382 mendose
2950 2326 3272 2380 elementum
3287 2336 3523 2393 gamma,

1956 2435 2064 2490 quo
2094 2420 2502 2476 demonstratur
2522 2420 2653 2472 hora
2676 2418 2836 2473 tertia
2886 2417 3154 2488 (curvata,
3184 2428 3305 2482 qua:
3348 2410 3525 2482 porri-

1956 2514 2183 2581 gebatur
2223 2513 2276 2566 in
2318 2520 2623 2575 extensum,
2674 2508 2864 2580 recta,)
2901 2509 2967 2562 ad
3017 2506 3241 2578 episcmi
3296 2504 3522 2577 ﬁguram

1956 2605 2235 2657 redactum
2266 2603 2399 2669 fuit,
2424 2602 2566 2672 quod
2622 2612 2827 2657 sextam
2884 2599 3088 2654 indicat
3118 2599 3330 2654 horam.
3380 2594 3526 2653 Sane

1955 2712 2121 2765 quum
2164 2696 2507 2765 evangelistae
2560 2701 2693 2755 tres,
2755 2692 3059 2754 Matthacus,
3105 2689 3321 2744 Marcus
3361 2695 3525 2757 atque

1954 2786 2132 2841 Lucas
2159 2784 2499 2841 concorditer
2522 2784 2806 2847 aﬂirment,
2840 2782 2909 2836 ab
2936 2782 3068 2835 hora
3094 2788 3247 2834 sexta
3273 2780 3524 2835 tenebras

1955 2877 2127 2934 factas
2148 2893 2268 2933 esse
2294 2876 2348 2929 in
2385 2876 2639 2931 universa
2669 2884 2813 2931 terra
2864 2889 3036 2943 usque
3072 2873 3137 2927 ad
3161 2886 3359 2926 nonam
3378 2915 3393 2939 ,
3423 2886 3513 2942 pa-

1954 2980 2030 3028 tet
2051 2972 2291 3034 omnino,
2325 2969 2608 3023 Dominum
2652 2982 2716 3021 ac
2754 2966 2921 3020 Deum
2960 2964 3143 3021 Jesum
3180 2972 3303 3019 ante
3332 2963 3521 3019 horam

1956 3072 2195 3130 sextam,
2226 3062 2542 3132 priusquam
2576 3060 2784 3115 scilicet
2815 3057 3004 3112 ﬁerent
3034 3056 3290 3123 tenebrae,
3316 3056 3370 3109 in
3397 3071 3524 3111 cru-

1955 3170 2072 3212 cem
2096 3171 2219 3211 esse
2239 3154 2533 3220 sublatum,
2558 3168 2751 3223 nempe
2776 3152 2921 3206 circa
2965 3151 3154 3206 horam
3188 3151 3426 3214 tertiam,
3461 3157 3520 3204 ut

1954 3247 2168 3303 Marcus
2186 3254 2389 3302 narrat.
2410 3245 2588 3312 Quare
2608 3253 2661 3299 et
2679 3243 2916 3299 Joannes
2931 3259 3082 3313 atque
3103 3243 3312 3299 tertiam
3329 3242 3518 3297 horam

1956 3338 2229 3413 prodidit;
2258 3351 2566 3410 quanquam
2609 3344 2796 3407 postea
2827 3350 3187 3391 amanuenses
3221 3348 3433 3406 gamma
3459 3332 3521 3390 in

1958 3433 2234 3505 episemon
2250 3436 2748 3487 commutaverunt.

1266 3750 1331 3807 V.
1360 3750 1445 3809 Ea;
1468 3751 1681 3811 Possini
1698 3752 1903 3808 Catena
1938 3749 1992 3805 in
2020 3747 2286 3816 Marcum,
2312 3762 2366 3817 ρ.
2400 3744 2522 3802 564.

344 3896 408 3943 ε’.
446 3890 645 3961 Ἕφάνη
688 3889 905 3962 πρῶτον
945 3890 1132 3963 Μαρίᾳ
1156 3894 1221 3963 τῇ
1251 3891 1610 3965 Μαγδαληνῇσ
1642 3891 1844 3962 ταύτην

271 3978 532 4043 Εόσέσιος
554 3983 611 4035 ἐν
642 3984 753 4043 τοῖς
776 3981 931 4049 Πρὸς
954 3980 1216 4050 Μαρῒνον
1242 3983 1433 4053 ἑτέραν
1453 3982 1600 4051 λέγει
1632 3983 1846 4053 Μαρίαν

272 4074 427 4145 παρὰ
458 4072 554 4146 τὴν
588 4073 932 4144 θεασαμένην
956 4075 1045 4127 τὸν
1078 4075 1356 4129 νεανίσκον
1376 4092 1388 4105 ·
1422 4075 1453 4146 ἦ
1491 4076 1582 4128 καὶ
1604 4074 1845 4145 ἀμφότε-

273 4182 368 4237 ραι
396 4166 458 4218 ὲκ
485 4166 581 4236 τῆς
606 4165 965 4237 Μαγδαληνῇ
989 4161 1148 4238 ἦσαν.

2022 3890 2076 3945 5.
2099 3889 2362 3960 Apparuit
2410 3888 2589 3961 primo
2618 3883 2813 3940 Mariae.
2848 3883 3192 3955 Magdalenaz.
3227 3881 3377 3936 Hanc
3408 3879 3517 3936 Eu-

1953 3984 2137 4040 sebius
2173 3985 2225 4038 in
2249 3998 2411 4053 opere
2440 3980 2519 4034 Ad
2539 3978 2809 4035 Marinum
2838 3977 3106 4035 diversam
3140 3992 3259 4032 esse
3306 3976 3381 4030 ait
3403 3973 3518 4029 Ma-

1951 4077 2088 4130 riam
2107 4076 2174 4131 ab
2235 4076 2325 4129 illa
2358 4090 2478 4145 qua:
2526 4072 2782 4143 juvenem
2807 4070 2960 4127 vidit.
3008 4070 3104 4125 Vel
3133 4069 3293 4125 etiam
3347 4065 3520 4123 amba:

1954 4165 2202 4238 Magdalo
2221 4164 2465 4222 oriundae
2498 4174 2673 4220 erant.

252 4388 264 4398 .
347 4346 457 4416 (78)
495 4346 778 4403 Notandus
800 4357 884 4402 est
908 4347 1199 4418 vigilanter
1222 4348 1413 4403 lectori
1444 4348 1533 4403 hic
1565 4363 1844 4412 numerus,
1877 4352 1923 4407 D
2025 4346 2133 4417 (79)
2174 4344 2391 4418 Eusebii
2426 4344 2571 4418 hunc
2612 4344 2800 4418 locum
2822 4342 3080 4418 exprimit
3106 4343 3425 4418 Ambrosius
3459 4344 3514 4399 in

271 4432 383 4484 quo
403 4418 662 4477 docemur
682 4418 1083 4488 quodammodo
1113 4420 1240 4487 (nisi
1262 4428 1349 4473 est
1371 4420 1622 4475 mendum
1654 4418 1846 4487 κεφαλ.

276 4493 343 4559 gf
372 4503 468 4556 pro
496 4487 825 4559 Καισαρεύς)
855 4497 1056 4557 quanta
1095 4504 1221 4558 pars
1252 4490 1433 4557 operis
1464 4491 1751 4545 Euscbiani
1777 4489 1844 4542 ad

272 4555 547 4611 Marinum
580 4555 737 4613 nobis
771 4555 912 4613 desit
941 4569 1066 4615 ante
1086 4555 1205 4629 illas
1235 4555 1539 4629 postremas
1569 4560 1635 4614 de
1662 4576 1846 4614 resur-

274 4629 517 4699 rectione
540 4629 891 4699 quaestiones.
934 4629 1095 4685 Certe
1145 4628 1441 4685 Eusebium
1476 4634 1579 4685 hoc
1610 4631 1748 4685 libro
1776 4630 1851 4683 ad

273 4696 915 4781 liminum—complexum
959 4700 1125 4762 fuisse
1158 4702 1489 4781 quaestiones
1523 4717 1630 4755 non
1665 4702 1843 4781 solum

265 4772 420 4824 circa
466 4772 945 4834 resurrectionem,
992 4786 1181 4826 verum
1228 4772 1391 4826 etiam
1440 4774 1586 4827 circa
1637 4772 1845 4840 passio-

270 4855 421 4903 nem,
449 4841 734 4911 perspicue
760 4842 1146 4912 cognoscimus
1173 4856 1239 4896 ex
1270 4850 1531 4912 sequente
1556 4841 1844 4903 Corderia-

272 4926 358 4984 ne
382 4910 597 4984 Catena:
625 4912 766 4967 loco.
797 4910 911 4984 Nisi
937 4910 1076 4966 forte
1100 4910 1370 4983 suspicari
1399 4916 1593 4984 placet.
1628 4912 1843 4984 Eusebii

271 4981 419 5036 istud
444 4984 511 5038 de
533 4981 791 5054 Cyrenazo
821 4982 1025 5037 dictum
1054 4981 1227 5054 obiter
1248 4981 1430 5052 potius
1455 4982 1761 5040 occurrisse
1788 4983 1842 5037 in

311 5060 545 5106 ostrema
576 5052 769 5123 quavis
796 5054 1117 5124 quaestione.
1151 5052 1335 5124 Neque
1374 5070 1506 5113 sane
1545 5054 1845 5124 intelligere

297 5124 403 5178 icet
428 5139 494 5183 eo
523 5140 752 5196 numero
782 5123 961 5178 Marci
1009 5123 1332 5192 capitulum,
1363 5126 1505 5196 quod
1538 5123 1755 5194 quidem
1789 5124 1843 5177 in

272 5202 455 5247 vetere
484 5194 861 5250 stichometria
887 5201 972 5250 est
993 5208 1177 5257 ccvm,
1212 5196 1267 5248 in
1293 5194 1432 5250 nova
1463 5196 1732 5250 divisione
1760 5201 1860 5252 est.

272 5278 366 5319 xv.
398 5262 558 5319 Certe
589 5265 678 5318 ubi
717 5266 771 5319 in
800 5275 986 5320 nostra
1024 5264 1125 5318 hac
1151 5264 1387 5321 editione
1410 5266 1544 5319 dicit
1580 5264 1843 5324 Eusebius

274 5334 329 5407 i_n
373 5334 492 5387 libri
533 5335 760 5389 exordio
789 5334 1095 5407 ἡρώταςδὲ
1132 5333 1367 5407 πρῶτον,
1413 5336 1844 5407 cavebitadmo-

272 5404 403 5476 dum
432 5406 679 5476 eruditus
712 5404 880 5461 lector
918 5421 986 5460 ne
1018 5404 1284 5474 intelligat
1315 5406 1542 5476 primam
1582 5406 1752 5459 fuisse
1773 5406 1845 5476 li-

276 5474 362 5529 bri
390 5472 461 5547 ad
485 5473 756 5547 Marinum
788 5476 1141 5547 quaestionem
1170 5472 1466 5547 illam'quae
1494 5478 1739 5545 sequitur
1764 5475 1849 5529 De.

276 5558 392 5617 sero
411 5543 784 5617 Sabbatorum.
807 5543 1093 5601 Breviator
1125 5548 1346 5617 quippe,
1363 5543 1641 5611 'resecata,
1680 5554 1737 5599 ut
1762 5547 1841 5598 vi-

277 5616 459 5697 detur,
494 5616 697 5697 ingenti
726 5618 905 5687 priore
930 5624 1103 5687 parte,
1135 5616 1202 5672 ad
1226 5616 1510 5688 postrema
1545 5616 1725 5689 Operis
1757 5632 1841 5673 ca-

280 5688 391 5755 pita
423 5688 744 5757 preparavit.
965 5722 970 5727 ι

1949 4412 2153 4479 Comm.
2191 4416 2259 4469 ad
2291 4416 2420 4469 Luc.
2466 4415 2582 4486 lib.
2607 4430 2662 4477 κ,
2699 4414 2800 4469 107
2831 4432 2846 4469 :
2884 4412 3007 4468 Non
3043 4412 3266 4477 Iudam:
3306 4425 3383 4469 est
3427 4419 3514 4486 ι]ιὲ

1950 4505 2154 4547 crucem
2186 4496 2383 4554 portat,
2417 4484 2505 4538 sed
2532 4485 2822 4554 alienigena
2852 4487 3353 4554 atqueperegrt'nus.

2021 4560 2133 4637 (80)
2164 4553 2309 4637 _'l‘am
2356 4555 2543 4620 editio,
2589 4553 2751 4625 quam
2803 4553 2973 4609 codex
3012 4553 3382 4611 Valfhabent
3421 4555 3516 4609 ἐπὶ

1946 4636 2065 4694 ταῖς
2097 4636 2212 4682 του.
2402 4696 2407 4697 7
2696 4696 2701 4697 7
3010 4695 3022 4697 _
3078 4695 3115 4697 _
3264 4696 3269 4697 7
3554 4686 3564 4697 _

2021 4702 2132 4772 (81)
2176 4696 2509 4772 Vocabulum
2562 4696 2833 4772 Σωτήριος
2884 4695 3025 4772 apud
3077 4695 3368 4772 Eusebium
3412 4711 3514 4772 no-

1948 4766 2123 4829 strum
2150 4785 2259 4824 non
2285 4777 2393 4821 tam
2418 4766 2684 4834 adjectivo
2708 4782 2868 4820 sensu
2893 4767 3168 4829 salutaris,
3195 4782 3353 4836 quam
3385 4766 3513 4820 sub-

1947 4843 2186 4899 stantivo
2211 4839 2431 4907 obliquo
2464 4837 2782 4900 Servatoris,
2811 4837 3130 4907 plerumque
3155 4851 3275 4891 esse
3306 4837 3509 4890 intelli-

1947 4912 2201 4986 gendum,
2235 4905 2488 4986 plurimis
2514 4909 2735 4986 in_l7ocis
2758 4913 2925 4986 patet.
2957 4905 3011 4986 Id
3045 4910 3178 4986 t'ac7it7
3196 4906 3357 4986 etiam
3388 4906 3512 4986 Am-

1944 4975 2163 5040 brosius
2192 4975 2463 5051 apud7nos
2493 4995 2545 5049 ι).
2576 4978 2701 5043 504,
2732 4975 2829 5047 qui
2855 4980 2931 5030 ait
2966 4975 3178 5031 Domini
3217 4976 3507 5043 Salutaris,

1943 5070 2057 5125 pro
2076 5049 2289 5125 Domini
2321 5049 2633 5125 Saluatoris.

2017 5124 2129 5195 (82)
2168 5122 2545 5195 Qumslioneni
2565 5122 2703 5174 hanc
2732 5117 2797 5195 d_e
2822 5117 2977 5195 ter_t_ia
3004 5124 3062 5195 et
3089 5118 3399 5195 sexta77liora
3430 5117 3508 5195 le_-

1980 5187 2133 5250 eham
2167 5194 2327 5248 etiam
2354 5192 2413 5247 in
2431 5191 2617 5248 codice
2638 5188 2873 5259 quodam
2892 5187 3179 5259 Vaticano,
3202 5190 3328 5242 olim
3352 5188 3501 5243 card.

1991 5265 2161 5328 irleti;
2217 5260 2358 5319 unde
2423 5258 2661 5331 aliquam
2715 5258 3146 5331 emendationem
3206 5260 3503 5325 accersivi;

1944 5349 2352 5406 quanquantne
2377 5334 2465 5387 hic
2492 5330 2606 5406 ipse
2634 5330 2851 5406 quidem
2882 5330 3199 5406 codl-x'sine
3217 5330 3331 5406 ullo
3360 5343 3506 5384 men-

1944 5398 2013 5459 do
2037 5398 2139 5460 est.
2174 5403 2372 5457 Eadem
2405 5398 2633 5473 quaistio
2651 5398 2859 5473 legitur
2890 5400 2943 5473 i_n
2970 5398 3505 5473 Parisiacisquoque

1943 5476 2247 5536 codicibus,
2303 5469 2443 5529 teste
2494 5469 2738 5528 Harlesio
2791 5471 2846 5523 in
2890 5469 3127 5527 Fabricii
3162 5469 3503 5535 Bibliotheca,

1942 5556 1983 5601 t.
2020 5545 2129 5609 νη,
2204 5585 2218 5599 .
2252 5544 2380 5600 402.

2014 5616 2127 5685 (8⁸5)
2165 5562 2301 5687 Blale
2331 5614 2479 5680 cod.,
2511 5613 2859 5687 ᾁναστάσεως
2890 5629 2993 5687 pro
3022 5612 3235 5683 ἐνάτης.

2018 5687 2128 5759 (84)
2171 5685 2328 5742 Deest
2350 5687 2403 5740 in
2438 5685 2559 5741 cod.
2592 5684 2760 5759 ὥρας.
