3936 6206
316 282 467 352 10ίὸ

1175 288 1705 358 SUPPLEMENTA—
1717 293 2221 379 QUASSTIONUM.
2238 307 2330 363 AD
2367 308 2712 367 MARINUM.

3441 320 3580 376 MM

308 409 388 467 ἂν
408 410 673 485 σφαλείης
704 413 873 469 είπὼν
921 416 1054 487 ὁμοῦ
1097 418 1215 472 κατ’
1245 419 1377 474 αὐτὸ
1418 422 1776 493 συνηγμένοις
1806 426 1886 479 αὑι

1975 475 1978 487 ,
2006 426 2178 494 dices,
2219 429 2414 486 iisdem
2445 432 2698 487 undecim
2732 432 3017 505 discipulis
3051 436 3419 507 congregatis,
3450 454 3581 497 uec-

306 504 429 566 τοῖς
458 505 570 566 τοῖς
602 502 797 558 ’ἐνδεκα
820 505 1086 577 μαθηταῖς
1118 508 1234 577 ἅμα
1258 510 1351 562 κα)⁵
1384 513 1499 575 τοῖς
1532 511 1886 585 ἐϐδομήκοντα

2004 534 2111 574 non
2136 522 2255 576 aliis
2292 524 2658 593 septuaginta,
2689 502 3576 603 Iesumapparuisseihno'Apn-

311 590 493 667 ὦφθαι
524 598 708 652 αὐτόν.
727 599 785 651 Ὀ
812 598 868 652 δέ
912 599 1231 665 Ἀπόστολος
1259 603 1351 654 καὶ
1373 601 1453 655 ἔτι
1484 604 1686 660 τούτων
1721 605 1903 660 πλείο-

312 707 403 744 σιν
429 690 705 760 ἑωρᾶσθαι
730 690 821 744 τὸν
845 690 1049 762 Κύριον
1070 694 1205 763 μετὰ
1230 698 1326 767 τὴν
1342 696 1637 750 ἀνάστασιν
1667 700 1893 771 ἱστορεῖ,

305 780 516 851 λέγων’
555 783 709 836 (Ὅτι
744 785 1039 856 ἐγήγερται
1086 789 1151 857 τῇ
1194 788 1355 861 τρίτῃ
1396 789 1579 865 ἡμέρᾳ
1620 792 1761 845 κατὰ
1800 792 1899 857 τὰς

302 872 555 946 Γραφὰς,
584 877 677 929 καὶ
701 876 854 947 diqu
891 879 1074 950 Κηφᾷ,
1101 879 1288 933 ἔπειτα
1308 885 1420 945 τοῖς
1452 882 1675 945 δώδεκα,
1701 886 1889 939 ἔπειτα

303 964 469 1036 ὤφθη
497 968 686 1021 ἐπάνω
713 972 1089 1034 πεντακοσίοις
1137 972 1384 1042 ἀδελφοῖς
1424 975 1658 1043 ἐφάπαξ.
1690 996 1707 1027 ι
1727 977 1893 1048 Ὁρᾷς

297 1057 495 1121 ὁσάκις
542 1061 635 1113 καὶ
685 1062 829 1123 ὅσοις
856 1061 1009 1135 ὤφθη
1051 1064 1189 1134 μετὰ
1230 1065 1326 1137 τὴν
1370 1066 1697 1131 ἀνάστασινς
1732 1069 1886 1122 Οὕτω

298 1149 400 1202 καὶ
426 1154 533 1214 τοῖς
576 1153 634 1205 ἐν
674 1152 1024 1224 Ἰερουσαλὴμ
1054 1156 1521 1228 κρυπταζομένοις
1545 1158 1632 1211 διὰ
1664 1158 1756 1211 τὸν
1788 1160 1884 1228 φό-

297 1242 397 1297 ϐον
420 1242 529 1297 τῶν
558 1244 844 1307 Ἰουδαίων,
869 1247 962 1299 καὶ
987 1248 1092 1318 πρό
1118 1265 1181 1314 γε
1206 1250 1421 1303 πάντων
1448 1249 1656 1321 ἀνδρῶν
1684 1250 1886 1320 Σίμωνι

295 1333 381 1403 τῷ
413 1334 627 1405 Πέτρῳ.
664 1336 934 1403 γυναικῶν
958 1336 1013 1391 δὲ
1040 1340 1163 1402 ταῖς
1195 1340 1337 1410 ἀμφὶ
1365 1340 1464 1411 τὴν
1497 1340 1880 1411 Μαγδαληνήψ

294 1425 420 1479 ὅθεν
453 1426 546 1479 καὶ
577 1428 605 1479 ὁ
635 1429 845 1490 Λουκᾶς
876 1446 1039 1499 φησι·
1079 1449 1097 1481 ι
1127 1432 1202 1484 Δι’
1232 1432 1455 1503 ἡμερῶν
1476 1434 1883 1504 τεσσαράκοντα

2003 616 2177 669 stolus
2200 616 2372 669 multo
2407 618 2585 672 adhuc
2620 619 2870 688 pluribus
2908 623 3085 676 visum
3135 638 3257 679 esse
3286 623 3574 681 Dominum

2002 715 2124 778 post
2155 711 2611 766 resurrectionem
2650 712 2733 767 his
2765 714 2947 768 verbis
2975 724 3200 770 narrat:
3232 736 3250 766 ι
3290 717 3424 783 Quia
3452 737 3577 775 sur-

1998 802 2138 855 rexit
2171 804 2333 857 tertia
2351 803 2440 858 die
2464 804 2766 863 secundum
2796 804 3132 875 Scripturas,
3168 808 3427 879 visusque
3471 809 3572 867 Pe—

1999 900 2087 947 tro
2121 902 2227 959 est,
2265 902 2376 948 tum
2410 895 2719 960 duodecim,
2753 897 2952 952 deinde
2978 901 3100 968 plus
3128 888 3441 969 quingentis
3466 900 3573 956 fra—

1999 986 2176 1041 tribus
2210 987 2455 1043 simul".
2498 1008 2517 1040 ι
2550 987 2976 1058 Viden,quotics
3006 998 3059 1045 et
3088 1001 3222 1061 quot
3257 993 3569 1051 hominibus

1996 1089 2120 1149 post
2163 1082 2620 1137 resurrectionem
2671 1091 3001 1153 conspectus
3045 1083 3247 1139 fuerit?
3276 1085 3366 1141 Sic
3420 1089 3567 1144 enim

1996 1170 2249 1238 apparuit
2300 1170 2643 1227 latitantibus
2691 1172 2832 1225 intra
2890 1170 3317 1243 Hierosolymam
3349 1181 3569 1244 prepter

1993 1270 2196 1317 metum
2232 1277 2260 1316 a
2287 1261 2520 1331 Judzeis;
2559 1272 2613 1318 ct
2643 1264 2821 1335 primo
2851 1265 3094 1319 virorum
3138 1264 3347 1320 Simoni
3381 1266 3564 1330 Petro,

1990 1352 2316 1410 fetutinarum
2342 1365 2522 1411 autem
2558 1356 2903 1427 Magdalenm.
2942 1356 3122 1423 Quare
3155 1364 3209 1413 et
3239 1356 3413 1412 Lucas
3440 1358 3514 1412 ait
3546 1378 3560 1413 :

1995 1465 2019 1499 ι
2049 1446 2149 1501 Pcr
2191 1448 2308 1504 dies
2358 1448 2719 1519 quadraginta
2770 1464 3040 1521 apparens
3072 1453 3177 1515 eis,
3213 1467 3339 1507 cum
3385 1452 3563 1523 iisque

293 1517 668 1591 ὀπτανόμενος
709 1522 802 1574 καὶ
834 1520 1283 1592 συναυλιζόμενος
1315 1526 1517 1591 αὐτοῖς,
1551 1526 1619 1580 τά
1652 1526 1761 1599 τῆς
1781 1526 1881 1598 βα-

1990 1552 2326 1597 eouversaus
2358 1517 2665 1597 doctrinam
2693 1541 2762 1598 de
2789 1517 2958 1614 regno
2992 1542 3085 1599 Dei
3115 1543 3359 1599 tradidit.
3408 1562 3429 1597 ι

300 1608 508 1676 σιλείας
540 1610 634 1667 τοῦ
667 1610 802 1667 Θεοῦ
828 1613 1123 1685 παρεδίδου,
1145 1615 1531 1688 μαθήματα..)⁸

1344 1760 1448 1819 IX.
1476 1761 1560 1817 Ea:
1588 1764 1769 1820 eodem
1800 1765 2114 1832 Anastasio,
2139 1777 2329 1840 quam.
2358 1769 2478 1826 148.

362 1875 427 1929 θ’.
474 1879 772 1934 Εὐσεϐιόυ
786 1879 855 1933 ἐκ
887 1880 993 1936 τοῦ
1020 1881 1170 1951 πρύς
1208 1882 1477 1952 Μαρῗνον
1503 1885 1636 1955 (87).
1678 1886 1789 1939 Καὶ
1815 1885 1875 1940 τὸ

2020 1887 2103 1943 .9.
2144 1887 2358 1943 Eusebii
2390 1904 2456 1944 ex
2480 1905 2629 1958 opere
2658 1888 2728 1944 ad
2752 1888 3044 1945 Marinum.
3070 1889 3306 1961 Spiritus
3329 1897 3554 1948 sanctus

291 1968 393 2039 μὲν
426 1970 531 2023 ὑπὸ
557 1969 794 2042 Χριστοῦ
826 1974 849 2025 ἐ
859 1974 1161 2043 μπνευσθὲν
1184 1974 1407 2046 Πνεῦμα
1428 1976 1581 2045 ἆγιον
1606 1980 1720 2040 τοῖς
1744 1977 1879 2031 ἀποο

287 2058 518 2125 στόλοις,
548 2061 765 2116 λυτικὸν
812 2065 903 2116 καὶ
959 2061 1367 2136 συγχωρητικὸν
1416 2062 1485 2138 ἦν
1523 2067 1632 2139 (88)
1692 2068 1875 2139 πάσης

284 2150 594 2223 ἁμαρτίας·
640 2155 699 2210 τὸ
749 2155 805 2209 δὲ
859 2157 1369 2227 ἐπηγγελμένον’τὸ
1412 2159 1873 2230 βαπτισθήσεσθαι

281 2245 484 2310 αὐτοὺς
528 2249 585 2303 ἐν
632 2248 771 2319 ἁγίῳ
806 2249 1101 2319 Πνεύματι,
1136 2250 1229 2302 καὶ
1279 2254 1564 2322 μετασχεῖν
1591 2251 1874 2323 δυνάμεως

280 2337 693 2409 ἐνεργημάτων,
742 2341 1101 2412 ἐνεργητικῆς
1146 2340 1244 2411 μὲν
1293 2340 1400 2395 τῶν
1457 2343 1753 2413 μελλόντων
1806 2342 1870 2396 δι’

277 2430 465 2485 αὐτῶν
510 2432 889 2486 ἀποτελεῖσθαι
938 2432 1255 2505 θαυμάτων,
1311 2435 1630 2507 ἐνπατικῆς
1676 2436 1733 2489 δὲ
1778 2436 1871 2490 καὶ

277 2524 619 2596 καρτερικῆς
646 2524 755 2577 τῶν
787 2524 1088 2595 μελλόντων
1118 2526 1304 2589 αὐτοῖς
1331 2526 1721 2581 ἐπανίστασθαι
1757 2546 1871 2582 κιν-

273 2615 473 2669 δύνων.
511 2616 625 2687 Πρδ
657 2616 765 2687 γάρ
792 2616 995 2689 ταύτης
1024 2618 1123 2688 τῆς
1152 2617 1432 2689 δυνάμεως
1456 2618 1746 2690 κηρύττειν
1773 2620 1870 2673 αύ-

273 2707 403 2770 τοῦς
436 2709 551 2771 τοῖς
581 2705 791 2762 ἔθνεσιν
837 2711 937 2763 οὐκ
984 2709 1255 2773 ἐϐούλετο,
1292 2710 1404 2763 ἀλλ’
1434 2711 1748 2781 ἐκδέχεσθαι
1775 2713 1868 2765 καὶ

276 2799 601 2870 περιμένειν
628 2801 797 2872 αὐτὴν
826 2802 883 2868 ἐξ
911 2801 1077 2872 ὕψους
1107 2806 1417 2875 μετασχεῖν.
1450 2803 1619 2856 Τοῦτο
1641 2803 1695 2856 δὲ
1728 2803 1819 2856 καὶ
1840 2805 1868 2856 ὁ

288 2892 613 2957 ’Δπόστολος
661 2894 722 2947 τὸ
771 2895 1016 2967 χάρισμα
1048 2896 1194 2957 ἰδίως
1218 2894 1491 2967 ἀφορίζων
1530 2895 1638 2947 τῶν
1666 2894 1868 2948 λοιπῶν

271 2985 571 3055 ἐνεργειῶν
592 2985 686 3039 τοῦ
708 2987 864 3055 ἁγίου
889 2988 1205 3057 Πνεύματος
1227 2987 1469 3040 ἐδίδασκε
1490 2986 1680 3055 λέγων·
1706 3005 1725 3038 ι
1740 2985 1868 3039 Ἀλ-

266 3073 349 3147 λῳ
380 3076 441 3129 δέ
474 3078 822 3149 ἐνεργήματα
854 3078 1150 3149 δυνάμεων.
1180 3098 1197 3127 ι
1226 3080 1334 3131 Καὶ
1362 3081 1393 3149 ἡ
1422 3080 1728 3151 προφητεία
1762 3098 1865 3150 φη·

269 3168 326 3221 σί
347 3184 361 3197 ·
392 3187 410 3218 ι
438 3170 642 3240 Κύριος
669 3168 829 3223 δώσει
862 3172 1013 3241 ρῆμα
1043 3175 1154 3235 τοῖς
1178 3170 1680 3243 εύαγγελιζομένοις
1699 3172 1858 3226 δυνά-

1980 1991 2011 2030 a
2053 1978 2274 2034 Christo
2327 1980 2381 2036 in
2407 1982 2690 2051 apostolos
2720 1996 2817 2050 per
2851 1980 3037 2035 ﬂatum
3085 1981 3387 2046 immissus,
3420 1998 3552 2054 pec—

1977 2073 2089 2125 cati
2131 2074 2312 2129 oruuis
2359 2073 2604 2128 solvendi
2658 2072 3079 2143 dimittendique
3125 2072 3234 2127 vim
3290 2074 3547 2130 babebat.

1976 2152 2095 2209 Jam
2122 2159 2438 2227 promissio,
2470 2158 2587 2214 fore
2638 2168 2695 2212 ut
2743 2159 3154 2230 baptizarentur
3200 2171 3393 2217 sancto
3422 2162 3551 2234 Spio

1974 2259 2107 2319 ritu,
2139 2251 2480 2324 signiﬁcabat
2522 2258 2802 2321 compotes
2845 2267 2941 2307 eos
2986 2251 3201 2307 futuros
3254 2253 3531 2311 facultatis

1974 2361 2157 2402 rerum
2193 2342 2577 2412 gerendarum,
2608 2342 2766 2411 cujus
2808 2356 2911 2410 ope
2958 2342 3225 2411 patraturi
3256 2354 3413 2398 erant
3441 2346 3548 2399 mi.

1973 2439 2181 2499 raeula,
2220 2437 2438 2506 vimque
2465 2434 2628 2490 etiam
2663 2435 2938 2505 recepturi
2971 2443 3135 2506 atque
3173 2436 3543 2492 constantiam

1974 2531 2236 2587 adversus
2279 2544 2342 2585 ca
2390 2545 2511 2600 qua:
2567 2527 2847 2583 instabant
2894 2528 3158 2597 pericula.
3208 2529 3347 2585 Ante
3394 2529 3541 2584 enim

1972 2624 2116 2679 hanc
2148 2628 2425 2692 acceptam
2454 2620 2708 2674 virtutem
2740 2620 2915 2675 noluit
2940 2635 3036 2676 eos
3059 2622 3313 2692 gentibus
3347 2620 3542 2691 praedi-

1972 2731 2120 2779 care,
2165 2715 2261 2771 sed
2331 2712 2633 2785 prtestolari
2672 2712 2841 2782 jussit
2874 2720 3039 2783 atque
3068 2727 3325 2777 manere,
3367 2712 3541 2768 donec

1967 2823 2087 2862 eam
2118 2823 2183 2862 ex
2218 2807 2328 2860 alto
2357 2806 2683 2875 reciperent.
2715 2802 2928 2859 Donum
2966 2805 3071 2859 hoc
3097 2805 3263 2859 etiam
3307 2803 3543 2874 Aposto-

1969 2899 2055 2954 lus
2101 2899 2253 2954 satis.
2282 2913 2311 2951 a
2340 2897 2568 2966 reliquis
2613 2896 2788 2951 sancti
2841 2896 3079 2967 Spiritus
3132 2896 3539 2966 operationibus

1970 2990 2284 3044 discernere
2317 3004 2376 3043 se
2407 2988 2676 3060 signiﬁcat
2707 2988 2835 3042 dum
2869 2991 2941 3042 ait
2972 3007 2985 3042 ι
3024 3007 3041 3038 ι
3072 2988 3175 3041 Alii
3201 2982 3557 3057 operatione:

1968 3080 2305 3135 virtutum”.
2341 3100 2359 3131 ι
2381 3078 2518 3133 Tum
2550 3080 2833 3150 prophetia
2863 3078 2993 3133 dicit
3019 3099 3032 3133 :
3064 3098 3081 3130 ι
3110 3078 3371 3134 Dominus
3390 3076 3540 3133 dabit

1967 3170 2192 3225 verbum
2246 3170 2755 3239 evaugelizantibus
2801 3170 3005 3224 virtute
3058 3168 3308 3222 multa”.
3359 3188 3376 3220 ι
3420 3167 3539 3235 Qua

272 3276 367 3330 μει
402 3259 591 3330 πολλῇ.
625 3257 757 3324 »ἿΙς
783 3262 1062 3332 δυνάμεως
1093 3264 1182 3316 ὅτε
1211 3264 1377 3334 μήπω
1403 3268 1670 3336 μετεῖχον,
1695 3265 1861 3335 ἠρνήο

1975 3263 2166 3317 virtute
2193 3276 2318 3315 cum
2349 3259 2593 3313 nondum
2624 3269 2780 3314 erant
2812 3260 2993 3328 potiti,
3030 3266 3365 3330 negaverunt
3409 3275 3535 3314 eum

271 3368 443 3405 σαντο
474 3352 638 3405 αύτδν
664 3355 710 3406 οἱ
734 3354 933 3419 πάντες
964 3358 1057 3409 καὶ
1084 3355 1578 3427 ἐσκανδαλίσθησαν
1609 3358 1749 3412 κατὰ
1772 3359 1862 3417 τὸν

268 3444 470 3515 καιρὸν
516 3444 609 3497 τοῦ
660 3445 892 3510 πάθους·
923 3449 1010 3501 ὅτε
1055 3448 1110 3501 δὲ
1156 3448 1414 3519 μετέσχον
1442 3440 1629 3518 α’ύτῆς,
1665 3450 1862 3516 πάντες

263 3538 391 3597 ταῖς
415 3536 558 3607 ὑπὲρ
582 3537 816 3609 Χριστοῦ
853 3539 1178 3611 μαρτυρίαις
1208 3557 1267 3593 τε
1308 3540 1401 3592 καὶ
1442 3539 1750 3609 ὁμολογίαις
1780 3541 1863 3595 δι-

266 3627 553 3699 έπρειιανο
588 3629 950 3694 ἁνακαινίζων
974 3632 1082 3702 γὰρ
1120 3631 1209 3684 τὸν
1248 3631 1533 3703 ἄνθρωπον
1568 3633 1596 3685 ὁ
1636 3631 1860 3703 Κύριος,

262 3719 361 3773 καὶ
392 3720 463 3789 ἦν
494 3720 738 3774 ἀπώλεσε
764 3721 924 3793 χάριν
954 3725 1017 3777 ἐκ
1044 3725 1137 3778 τοῦ
1172 3724 1566 3795 ἐμφυσήματος
1584 3722 1679 3776 τοῦ
1701 3722 1860 3788 Θεοῦ,

260 3808 475 3881 ταύτην
506 3811 665 3864 πάλιν
701 3811 1003 3876 ἀποδιδοὺς,
1039 3814 1368 3882 ἐνεφύσησεν
1392 3815 1472 3875 εἰς
1496 3812 1564 3866 τὰ
1590 3812 1857 3884 πρόσωπα

262 3898 378 3954 τῶν
412 3898 671 3972 μαθητῶν
704 3901 898 3970 λέγων,
941 3921 960 3954 ι
988 3902 1195 3957 Λάϐετε
1225 3903 1451 3974 Πνεῦμα
1479 3903 1652 3973 ἆγιον.
1689 3923 1708 3956 ι

1966 3369 2179 3416 omnes,
2220 3360 2275 3407 et
2304 3352 2565 3407 seandalo
2600 3351 2877 3421 passionis
2906 3357 3156 3420 tempore
3191 3351 3329 3422 lapsi
3370 3358 3534 3406 sunt:

1965 3447 2056 3501 illa
2096 3453 2278 3501 autem
2310 3445 2618 3515 impetrata,
2679 3443 2859 3497 cuncti
2892 3444 3144 3512 protinus
3173 3444 3539 3501 confessioni-

1965 3537 2074 3591 bus
2098 3534 2537 3605 testimoniisque
2563 3548 2661 3604 pro
2688 3532 2910 3588 Christo
2936 3534 3102 3588 editis
3136 3534 3533 3591 inclaruerunt.

1966 3629 2210 3684 lieuovat
2268 3628 2413 3682 enim
2463 3626 2737 3682 hominem
2777 3624 2921 3681 Deus
2958 3666 2973 3689 ,
3008 3626 3081 3680 ita
3115 3634 3176 3679 ut
3215 3642 3375 3697 quam
3410 3640 3539 3696 gra-

1970 3720 2097 3774 tiam
2130 3717 2292 3772 homo
2316 3716 2596 3779 amiserat,
2643 3713 2740 3768 Dei
2785 3714 2916 3769 olim
2962 3714 3321 3782 inspiratione
3361 3712 3533 3766 colla-

1966 3818 2100 3870 tam,
2137 3806 2313 3861 eidem
2347 3804 2489 3859 hanc
2536 3819 2731 3859 rursus
2774 3802 2920 3857 Deus
2970 3802 3302 3863 attribuerit,
3356 3800 3409 3854 in
3452 3790 3536 3854 fa?-

1963 3900 2101 3953 ciem
2128 3896 2527 3966 discipulorum
2565 3895 2842 3965 inspirans
2876 3895 2961 3950 bis
2986 3893 3165 3949 verbis
3200 3910 3213 3947 :
3250 3910 3269 3945 ι
3290 3891 3535 3961 Accipite

1971 3988 2235 4062 Spiritum
2270 3995 2543 4041 sanctum.
2586 4003 2605 4037 ι

516 4162 528 4170 .
571 4118 640 4174 Χ.
672 4117 755 4174 Ea:
787 4120 1011 4175 Macarii
1040 4120 1450 4193 Clirysocepliali
1481 4123 1591 4196 (8‘))
1624 4122 1939 4195 Florilegio,
1967 4121 2108 4193 apud
2140 4121 2509 4183 Villoisonum,
2532 4119 2797 4175 Anccdot.
2824 4128 2864 4174 ι.
2899 4116 2984 4183 II,
3016 4136 3070 4189 p.
3106 4118 3190 4173 74.

338 4244 390 4291 ι’.
436 4235 696 4302 Εὐσέϐιος
729 4236 783 4291 δὲ
816 4239 844 4291 ὁ
876 4238 1161 4309 Παμφίλου
1205 4240 1263 4291 ἐν
1296 4242 1363 4310 τῇ
1410 4239 1857 4313 πρὸς.ἤΜαρῖνον

257 4330 525 4402 ἐπιστολῇ
554 4330 666 4400 (90)
695 4329 868 4394 οῦτως
895 4330 1170 4403 ἐξηγεῖται
1198 4332 1258 4384 τὸ
1288 4331 1569 4403 προτεθὲν,
1604 4333 1685 4385 δτι
1719 4333 1855 4387 διαι-

262 4421 451 4493 ρέσεις
484 4422 838 4492 χαρισμάτων
864 4420 973 4472 είσὶ
1011 4420 1151 4473 κατά
1192 4420 1283 4473 τὸν
1327 4419 1666 4483 ’Δπόστολον,
1700 4421 1759 4474 τὸ
1798 4422 1853 4475 δὲ

2034 4238 2120 4293 ιο.
2158 4236 2429 4292 Eusebius
2485 4234 2752 4307 Pamphili
2801 4235 2856 4290 in
2903 4236 3135 4307 epistola
3159 4233 3229 4288 ad
3264 4232 3534 4288 Marinum

1961 4332 2319 4405 quzeslionem
2366 4330 2446 4385 sic
2491 4330 2746 4399 explicat,
2796 4327 2941 4399 quod
2992 4342 3188 4396 nempe
3239 4325 3534 4381 divisiones

1959 4427 2263 4499 gratiarum
2295 4433 2445 4485 sunt.
2478 4432 2538 4477 ut
2568 4423 2643 4476 ait
2677 4421 2996 4492 Apostolus,
3019 4420 3162 4475 idem
3194 4427 3374 4474 autem
3412 4416 3534 4487 Spi-

258 4514 399 4567 αὐτὸ
434 4512 675 4583 Πνεῦμα.
714 4513 823 4565 Καὶ
849 4512 1009 4566 πάλιν
1032 4529 1045 4543 ·
1077 4512 1290 4583 ἑκάστῳ
1316 4511 1514 4571 δίδοται
1546 4514 1578 4583 ἡ
1610 4511 1854 4585 φανέρω-

1975 4522 2123 4575 ·ἱῑυε.
2185 4519 2530 4587 ltursusque,
2567 4514 2721 4585 quod,
2762 4513 3060 4583 unicuique
3112 4512 3326 4574 lumen,
3374 4518 3535 4581 prout

259 4625 349 4673 σις
373 4607 511 4675 πρὸς
539 4606 599 4659 τὸ
627 4605 925 4676 συμφέρον·
962 4624 981 4656 ι
1015 4599 1085 4676 ᾯ
1112 4605 1210 4675 μὲν
1238 4604 1346 4676 γὰρ
1370 4604 1456 4658 διὰ
1483 4604 1575 4657 τοῦ
1602 4606 1851 4677 Πνεῦμα-

258 4720 354 4767 τος
382 4702 585 4756 δίδοται
609 4699 764 4768 λόγος
786 4700 996 4769 σοφίας,
1020 4700 1163 4771 ἄλλῳ
1184 4700 1243 4753 δέ
1265 4699 1420 4768 λόγος
1440 4698 1689 4769 γνώσεως
1711 4702 1851 4755 κατὰ

260 4797 323 4849 τὸ
352 4796 485 4850 αὐτὸ
510 4793 735 4865 Πνεῦμα
755 4810 767 4823 ·
800 4793 970 4866 ἑτέρῳ
1001 4795 1057 4848 δὲ
1094 4795 1273 4858 πίστις
1304 4795 1359 4845 ἐν
1388 4793 1463 4863 τῷ
1497 4792 1642 4863 αύτῷ
1680 4794 1849 4847 Πνεύ-

268 4906 421 4960 ματι,
452 4887 598 4958 ἄλλῳ
629 4886 685 4940 δὲ
731 4888 1091 4958 ἐνεργήματα
1120 4885 1229 4955 (91)
1276 4884 1576 4953 δυνάμεων,
1613 4884 1756 4956 ἄλλῳ
1792 4885 1848 4938 δὲ

265 4983 616 5053 προφητεῖαι,
650 4978 794 5049 ἄλλῳ
818 4978 875 5031 δέ
896 4977 1193 5049 διακρίσεις
1222 4975 1568 5047 πνευμάτων,
1594 4979 1766 5050 ἐτὲρῳ
1791 4978 1849 5032 δὲ

1960 4628 2101 4682 opus
2126 4610 2307 4673 fuerit,
2328 4609 2645 4664 attribuitur
2673 4626 2737 4662 ετ(
2760 4607 2863 4659 Alii
2894 4604 3114 4677 quidem
3146 4619 3328 4659 sermo
3354 4604 3536 4659 scicn-

1960 4706 2048 4759 tia:
2080 4702 2380 4758 secundum
2422 4700 2671 4755 eumdem
2707 4698 3005 4769 Spiritum;
3044 4696 3139 4751 alii
3184 4698 3317 4751 lidcs
3363 4696 3415 4749 in
3438 4709 3533 4749 co-

1958 4794 2080 4848 dem
2148 4791 2378 4863 Spiritu,
2437 4791 2527 4844 alii
2582 4789 2953 4860 prodigiorum
3017 4787 3213 4849 virtus,
3275 4785 3362 4839 alii
3407 4799 3534 4855 pro-

1957 4887 2173 4958 phetiae,
2229 4884 2318 4937 alii
2370 4881 2731 4952 discretione;
2787 4881 3104 4951 spirituum,
3165 4880 3255 4933 alii
3317 4880 3530 4949 lingua-

1955 4992 2076 5038 rum
2108 4974 2450 5031 multitudo;
2483 4990 2604 5046 qua:
2636 4984 2816 5029 tamen
2850 4971 3036 5027 omnia
3083 4981 3340 5041 operatur
3388 4983 3530 5024 unus

338 5137 386 5168 ”
423 5136 443 5191 ι
478 5135 609 5192 Cor.
644 5152 739 5202 xv,
774 5136 851 5199 4.,
904 5114 950 5167 ’ί
993 5133 1174 5192 l:Cor.
1211 5149 1289 5190 xu
1313 5174 1329 5202 ,
1367 5134 1455 5189 10.
1526 5135 1574 5168 ⁸⁸
1614 5134 1757 5190 Psal.
1784 5151 1966 5202 um,
2006 5135 2103 5193 l2.

337 5318 455 5440 (εἴ)
496 5317 673 5372 Verba
698 5317 905 5401 ἐκτιτοῦ
936 5318 1085 5389 πρὸς
1121 5319 1391 5390 Μαρῖνον
1425 5320 1625 5375 desunt
1656 5320 1719 5377 in
1740 5336 1839 5377 co-

337 5405 389 5440 30
446 5391 795 5440 .olttmuensn.

269 5389 389 5443 dice
418 5389 795 5444 Columneusi.

338 5459 451 5531 (88)
498 5459 655 5515 Deest
680 5456 749 5531 ἦν
782 5461 834 5513 in
863 5459 1069 5531 codice.
1108 5457 1213 5513 Sed
1244 5467 1423 5515 tamen
1453 5471 1646 5515 cetera
1670 5462 1848 5531 plera-

274 5544 377 5596 que
428 5531 669 5583 tneliora‘
707 5530 833 5583 Sunt
881 5530 938 5582 in
971 5531 1159 5583 codice
1192 5547 1354 5598 quant
1398 5533 1450 5585 in
1494 5530 1847 5585 Gretseriana

273 5599 552 5655 Anastasii
574 5600 834 5665 editione,
868 5615 987 5673 quae
1017 5602 1266 5670 plurimis
1294 5602 1405 5656 ben
1429 5603 1671 5657 mendis!
1693 5604 1846 5659 labo-

274 5679 373 5726 rat.

342 5740 463 5810 (89)
504 5739 600 5799 Est
627 5740 717 5797 hic
746 5740 887 5797 idem
918 5739 1723 5815 Macariustlhrysocepbalus,
1754 5744 1847 5816 qui

1942 5322 2072 5376 mihi
2111 5319 2169 5375 S.
2201 5319 2387 5393 Cyrilli
2429 5318 2726 5393 fragmenta
2760 5316 3282 5393 _Cou_tmei_i_t_ariqrum
3306 5310 3394 5393 _ad
3426 5309 3527 5393 La:

1948 5410 2063 5447 eam
2121 5382 2672 5446 non'rontcmneuda
2723 5388 2937 5441 obtulit.
2993 5386 3244 5451 Ejusdem
3304 5382 3528 5451 Macarii

1949 5464 2098 5517 locos
2130 5463 2469 5531 dogmatiros
2516 5460 2713 5527 protuli
2755 5450 3048 5513 identidem
3090 5457 3144 5509 iu
3177 5454 3313 5510 meis
3330 5454 3398 5507 ad
3430 5450 3525 5509 Ni-

1949 5530 2545 5612 cephorumschidiis.
2633 5599 2671 5612 ἢ
2772 5599 2783 5612 ⁸
2832 5598 2844 5609 ⁸

2020 5590 2129 5672 '(90)
2172 5601 2487 5672 Xiphilinus
2534 5599 2587 5654 in
2633 5598 2913 5672 Dominica
2949 5598 3192 5672 Thamar,
3240 5594 3364 5650 cod.
3396 5590 3517 5649 Vat.

1948 5669 2513 5745 p.1149,_recitatghoc
2545 5673 2721 5745 ipsum
2756 5670 2973 5727 Eusebii
3012 5669 3394 5741 fragmentum.

2021 5743 2130 5814 (9|)
2171 5742 2360 5812 Xiplt.,
2388 5742 2742 5813 ἐνεργήματι.
