3952 6198
248 228 374 282 ιιητ
976 228 1270 287 ECLOGE
1310 230 1792 291 PROPHETICIE.
1818 267 1889 278 -—-
1914 236 2004 291 DE
2035 237 2286 294 CODICE
2320 238 2432 294 MS.
2476 237 2744 297 VINDOB.
3333 243 3470 302 1018

1681 470 1972 480 1.-

811 661 1669 844 EUSEBII
1830 656 2897 839 PAMPHILI
3043 579 3046 582 “

1377 1011 1732 1074 EPISCOPI
1796 1009 2327 1075 CIESARIENSIS

917 1221 1583 1350 ECLOGAB
1677 1224 2769 1354 PROPHETICfE.

308 1482 368 1543 Ε
407 1481 616 1568 codice
646 1488 1076 1568 manuscripto
1105 1486 1494 1568 bibliotheca:
1523 1489 1817 1568 Caesarea:
1857 1488 2345 1552 Vindobo-nensis
2395 1509 2560 1551 nunc
2589 1492 2866 1568 primum
2897 1487 3094 1550 edidit
3133 1489 3396 1568 Thomas

428 1561 772 1639 Gnsronn,
804 1565 869 1627 S.
909 1561 985 1627 Τί
1012 1567 1114 1642 Ρ.,
1147 1567 1296 1629 tedis
1324 1568 1563 1630 Christi
1592 1567 1862 1630 decanus
1892 1587 2134 1630 necnon
2163 1568 2395 1648 lingua
2424 1561 2653 1631 Greece
2680 1569 3005 1648 professor
3033 1567 3268 1646 regius.

1975 454 3452 488 rm

1211 1760 1404 1844 Oxobii,
1434 1796 1462 1832 e
1491 1785 1828 1848 typographeo
1855 1785 2165 1844 Academico,
2189 1783 2328 1845 1852,
2364 1785 2490 1833 in-8.

811 2101 1445 2166 iARTHOLOM/EO
1486 2105 1960 2167 KOPITARIO
2005 2105 2349 2169 THOMAS
2385 2107 2803 2170 GAISFORD
2829 2109 2877 2169 S

300 2287 455 2345 Redit
481 2291 552 2344 ad
584 2301 651 2356 te,
684 2294 763 2347 vir
793 2296 1015 2364 egregie,
1048 2311 1200 2363 quem
1235 2305 1284 2349 te
1330 2306 1650 2364 procurante
1675 2311 1739 2349 ex
1765 2297 2126 2365 manuscripto
2157 2299 2370 2368 inclyta:
2401 2298 2723 2352 bibliotheca!
2744 2298 3003 2353 Caesarea:
3042 2298 3219 2352 codice
3257 2297 3492 2367 ﬁdeliter

226 2382 547 2450 descriptum
579 2386 790 2454 accepi,
838 2387 1044 2442 libellus
1076 2388 1408 2444 Eusebianus
1434 2431 1449 2454 ,
1499 2390 1797 2444 litterarum
1851 2391 2099 2460 formulis
2126 2391 2426 2446 Academia:
2458 2401 2650 2446 nostra:
2681 2391 2968 2444 luculenter
3021 2391 3324 2460 impressus.
3378 2389 3488 2456 Qui

230 2492 348 2532 cum
385 2475 451 2529 ab
482 2479 825 2548 antiquarum
871 2499 1044 2536 rerum
1079 2500 1142 2536 ac
1197 2485 1491 2552 pra'sertim
1543 2483 1817 2554 theologia?
1861 2484 2114 2538 studiosis
2155 2487 2247 2538 diu
2297 2489 2620 2555 multumque
2648 2483 2978 2538 desideratus
3013 2483 3207 2552 fuerit,
3243 2500 3345 2537 non
3378 2497 3487 2536 me-

230 2570 402 2624 diocri
433 2571 623 2625 ltetitia
651 2574 829 2640 eﬂ'erri
860 2592 942 2628 me
978 2577 1183 2644 fateor,
1244 2577 1328 2628 cui
1372 2592 1465 2644 per
1504 2575 1916 2630 benevolentiam
1955 2586 2099 2629 tuam
2135 2579 2411 2648 contigerit
2438 2594 2502 2631 ea:
2532 2578 2828 2645 pluteorum
2857 2576 3080 2630 tenebris
3124 2586 3232 2628 tam
3285 2577 3490 2646 insigne

231 2665 414 2718 reteris
441 2667 537 2718 teni
565 2677 954 2720 monumentum
981 2670 1285 2736 protrahere
1311 2684 1482 2737 posse.
1523 2667 1784 2724 Cazterum
1820 2669 1874 2720 in
1908 2668 2105 2722 edendo
2137 2669 2271 2722 hanc
2329 2669 2456 2721 mihi
2510 2669 2668 2739 legem
2715 2669 3015 2736 prwscripsi
3037 2707 3052 2731 ,
3101 2677 3159 2720 ut
3215 2667 3486 2722 lectionem

235 2755 520 2824 apographi
544 2755 734 2825 ubique
761 2774 938 2826 presse
977 2775 1238 2830 sequerer,
1264 2761 1369 2814 nisi
1406 2761 1459 2813 in
1492 2761 1927 2828 interpunctione,
1964 2768 2013 2813 et
2059 2761 2114 2814 in
2146 2760 2415 2830 spiritibus
2438 2771 2484 2814 et
2515 2760 2835 2823 accentibus,
2873 2760 2962 2828 qui
3006 2758 3287 2812 admodum
3314 2759 3480 2829 negli-

232 2859 411 2918 genter
437 2849 597 2918 positi
623 2860 780 2914 sunt;
813 2867 972 2921 neque
995 2863 1176 2920 aperta
1201 2856 1445 2922 quwdam
1483 2853 1693 2906 librarii
1728 2853 1856 2907 vitia
1877 2894 1892 2918 ,
1929 2854 2090 2908 cuivis
2123 2853 2279 2922 facile
2321 2853 2628 2926 corrigenda
2648 2895 2662 2920 ,
2693 2851 2954 2907 servanda
2985 2851 3114 2906 duxi
3138 2867 3156 2904 :
3185 2869 3407 2923 quorum
3439 2853 3490 2906 si

231 2953 423 3010 pauca,
456 2961 617 3013 eaque
647 2943 946 3009 levissima,
981 2945 1138 2997 tacite
1160 2946 1488 3009 sustulerim,
1521 2946 1573 2998 in
1600 2945 1864 3015 plerisque
1893 2944 2232 3000 emendandis
2259 2946 2338 2999 ita
2367 2954 2602 3000 versatus
2625 2962 2738 2998 sum
2757 2984 2772 3008 ,
2796 2929 2856 2996 iit
2880 2960 2996 3014 qua:
3020 2945 3305 2997 resecando
3337 2959 3491 3014 eran,

233 3040 440 3102 uncinis
470 3037 745 3109 quadratis
780 3037 1184 3102 circumdarem,
1215 3055 1331 3108 qua
1381 3039 1623 3093 addenda
1654 3039 1732 3093 vel
1783 3037 2308 3102 mutanda,lunulis.
2367 3037 2469 3092 Sed
2523 3054 2681 3107 neque
2730 3038 3209 3108 interpretationem
3241 3035 3488 3089 Latinam

234 3148 399 3202 neque
428 3131 792 3185 adnotationis
835 3130 961 3201 quid
1013 3131 1197 3185 addidi
1231 3135 1355 3202 (a):
1400 3150 1502 3186 non
1551 3135 1688 3186 enim
1736 3132 1879 3186 volui
1931 3132 2150 3185 nimiam
2204 3132 2372 3201 operis
2416 3148 2620 3185 moram
2651 3132 2906 3200 injicere:
2941 3133 2996 3186 in
3030 3132 3265 3201 margine
3316 3140 3492 3183 tamen

235 3226 460 3294 (prw‘ter
506 3242 750 3280 numeros
796 3225 1049 3295 foliorum
1100 3225 1295 3279 codicis
1341 3243 1440 3281 ms.
1480 3226 1549 3280 ad
1605 3228 1878 3282 sinistram
1921 3224 2238 3296 collocatos)
2291 3241 2458 3278 sacra:
2497 3223 2789 3293 Scriptura
2842 3240 3228 3296 paucorumque
3259 3223 3491 3277 aliorum

233 3320 551 3388 scriptorum
580 3321 644 3372 ab
672 3318 898 3375 Eusebia
922 3322 1203 3375 citatorum
1231 3321 1347 3374 loca
1383 3321 1621 3389 apposui,
1658 3337 1720 3375 ne
1753 3321 1804 3372 in
1836 3317 2021 3373 iisdem
2045 3316 2303 3371 rimandis
2325 3325 2374 3372 et
2397 3317 2730 3386 conferendis
2768 3318 2930 3371 lector
2965 3319 3232 3387 ingratum
3253 3315 3487 3371 laborem

234 3423 586 3476 consumeret,
614 3421 727 3476 aut,
756 3429 847 3481 per
884 3411 1142 3466 desidiam
1164 3411 1260 3466 hoc
1291 3413 1542 3483 neglecto,
1582 3421 1803 3466 mentem
1840 3409 2072 3466 auctoris
2103 3410 2274 3462 minus
2315 3419 2451 3463 recte
2481 3407 2756 3476 aliquoties
2785 3407 3085 3474 perciperet.
3137 3404 3286 3460 Vale.

380 3568 589 3622 Dabam
611 3585 676 3624 ex
711 3567 822 3623 atde
852 3568 1055 3624 Christi
1079 3570 1134 3622 d.
1164 3569 1298 3622 Maii
1329 3570 1392 3623 3'!
1448 3568 1604 3623 1842.

304 3738 384 3808 (ο)
424 3740 928 3810 lnterpretationem
965 3738 1188 3792 latinam
1223 3733 1596 3791 adornandam
1628 3734 1964 3795 curavimus,
1997 3729 2154 3784 Eon.
2188 3729 2364 3786 Pun.

3022 3928 3454 3945 ——-————_

344 4088 462 4170 ῌΧ
532 4088 606 4160 Ρ.
667 4086 1094 4163 LAMBECII
1157 4083 1905 4224 COMMEN'I‘AnggNgil

1828 4078 2575 4224 %§TS¥IBLIOTHECA
2639 4035 3037 4141 CxESAREA
3109 4071 3389 4137 VINDO-

1381 4314 1509 4377 (Lib.
1541 4329 1607 4373 ιιι,
1638 4321 1672 4362 t.
1699 4328 1748 4376 p.
1771 4314 1856 4376 lll,
1885 4329 1937 4378 p.
1958 4315 2042 4364 201
2074 4316 2155 4364 ed.
2179 4313 2390 4370 Kollar.)

1841 4475 1910 4486 ’4

311 4578 491 4636 Codex
529 4597 617 4645 ιν,
649 4581 894 4647 Graecus,
927 4585 1401 4650 membranaceus,
1434 4585 1853 4656 antiquissimus
1876 4624 1892 4649 ,
1930 4583 2149 4654 optimae
2196 4588 2361 4646 noue,
2391 4578 2645 4641 in-folio,
2680 4581 2999 4644 constatque
3030 4571 3175 4625 foliis
3202 4566 3309 4622 249
3349 4570 3404 4621 et
3431 4563 3501 4618 ab

237 4674 309 4734 Α.
349 4674 654 4732 Busbeckio
678 4679 808 4733 olim
838 4678 941 4733 fuit
968 4690 1318 4750 comparatus
1349 4681 1845 4750 Constantinopoli.
1883 4679 2252 4735 Continentur
2283 4691 2348 4731 eo
2376 4674 2489 4728 haec
2522 4692 2535 4725 :

310 4768 354 4822 Α
392 4769 485 4824 fol.
518 4771 775 4854 l,.usque
804 4772 870 4826 ad
903 4772 998 4828 fol.
1029 4773 1118 4828 61.
1151 4773 1368 4829 Eusebii
1395 4773 1659 4844 Pamphili
1690 4774 1954 4830 Caesareae
1981 4775 2036 4828 in
2071 4771 2362 4827 Palaestina
2397 4767 2640 4839 episcopi
2693 4763 2840 4818 Libri
2900 4771 3130 4833 quatuor
3181 4755 3499 4826 Eclogarum

241 4861 661 4929 propheticarum
686 4863 749 4917 de
773 4863 1003 4929 Christo,
1030 4865 1342 4921 Arianismo
1372 4865 1580 4930 infecti,
1616 4874 1670 4921 et
1703 4866 1970 4921 hactenus
2015 4864 2227 4919 inediti.

319 4951 384 5010 In
417 4973 567 5025 quem
608 4957 777 5011 locum
805 4969 1189 5014 commentatus
1214 4960 1409 5014 esthoc
1434 4960 1586 5014 modo
1619 4958 1897 5014 Kollarius
1929 4975 1948 5013 :

316 5047 391 5103 De
418 5047 639 5104 ineditis
668 5036 934 5105 hactenus
962 5058 1198 5119 quatuor
1227 5051 1378 5106 hisce
1405 5051 1621 5106 Eusebii
1649 5050 1918 5120 Pamphili
1953 5050 2118 5106 libris
2159 5048 2440 5119 copiosius
2469 5046 2596 5100 alibi
2629 5045 2739 5115 egit
2773 5039 3132 5103 Lambecius;
3167 5049 3288 5106 quae
3314 5029 3500 5087 omnia

240 5155 389 5196 nunc
420 5141 698 5212 colligere,
732 5150 786 5196 et
815 5156 1094 5196 sacrarum
1117 5143 1420 5197 litterarum
1449 5143 1620 5212 gratia
1652 5144 1708 5197 in
1737 5157 1964 5199 examen
1990 5157 2190 5198 vocare
2214 5149 2483 5212 satagam.
2518 5135 2632 5190 Sub
2667 5133 2824 5188 finem
2862 5131 2992 5184 tomi
3024 5126 3169 5185 tertii
3199 5128 3502 5196 Apparatus

240 5234 330 5290 sui
365 5236 507 5289 sacri
535 5236 850 5306 vulgaverat
878 5236 1006 5290 olim
1036 5235 1368 5292 Possevinus
1400 5237 1706 5308 catalogum
1753 5237 2116 5308 quorumdam
2162 5235 2663 5305 manuscriptorum
2717 5234 3052 5287 nostrorum,
3089 5224 3247 5292 cujus
3273 5225 3499 5276 exstan-

242 5330 384 5384 tiora
412 5336 591 5385 errata
619 5331 966 5387 emendatum
996 5330 1107 5386 ibat
1131 5329 1450 5386 Lambecius
1476 5331 1769 5387 Comment.
1809 5333 1904 5387 lib.
1940 5349 1980 5396 l,
2008 5349 2060 5402 p.
2089 5330 2217 5386 ΞΗ.
2269 5348 2286 5381 ι
2327 5328 2385 5383 1η
2411 5327 2599 5384 eodem
2633 5319 2916 5376 Possevini
2941 5317 3192 5386 catalogo
3221 5313 3398 5367 littera
3419 5308 3489 5375 ις,
3575 5383 3582 5391 ⁸

242 5423 388 5478 inter
426 5430 619 5478 caetera
651 5425 907 5495 leguntur
944 5422 1226 5494 sequentia
1261 5440 1274 5476 :
1319 5422 1533 5480 Grarcus
1582 5424 1744 5478 codex
1783 5423 2001 5480 mutilus
2031 5431 2171 5478 totus
2197 5421 2558 5476 enarrationes
2585 5416 2778 5469 habens
2809 5415 2863 5466 in
2888 5411 3088 5481 aliquot
3135 5406 3309 5475 capita
3338 5402 3503 5459 Gene-

243 5519 341 5571 sis.
385 5537 403 5570 ι
437 5516 570 5584 Quae
611 5516 935 5574 Lambecius
985 5519 1190 5590 virgula
1238 5519 1488 5575 censoria
1542 5517 1763 5581 feriens,
1796 5517 1986 5572 codice
2019 5516 2114 5571 illo
2141 5515 2365 5571 Eusebii
2408 5510 2676 5584 Pamphili
2727 5507 3052 5578 Eclogarum
3083 5500 3503 5571 propheticarum

242 5609 416 5668 libros
449 5611 715 5668 contineri
747 5611 972 5682 pulchre
1014 5613 1288 5669 ostendit:
1321 5614 1393 5668 ob
1420 5613 1562 5684 quod
1594 5612 1856 5668 indicium
1897 5611 2112 5667 laudem
2148 5610 2395 5682 profecto
2423 5608 2778 5663 commeritus
2817 5604 3019 5664 fuisset
3065 5613 3171 5653 non
3203 5595 3504 5664 vulgarem.

251 5709 322 5780 si,
353 5708 512 5786 gnavi
549 5717 602 5763 et
626 5706 821 5764 eruditi
854 5705 1029 5764 critici
1061 5723 1285 5764 munere
1325 5707 1568 5774 functus,
1605 5707 1823 5772 invicth
1858 5706 2193 5777 argumentis
2223 5709 2493 5769 assertum
2544 5716 2700 5757 suum
2740 5698 3092 5764 astruxisse‘
3117 5729 3130 5754 τ
3162 5685 3358 5758 ibim“
3397 5691 3521 5740 “‘3‘-
