3952 6198
574 319 711 375 1029
1240 313 1508 373 EUSEBII
1542 313 2025 371 CESABIENSIS
2060 313 2211 372 OPP.
2249 314 2433 371 PARS
2468 313 2559 371 lli.
2597 341 2666 354 --
2703 310 3113 369 EXEGETICA.
3589 320 3683 377 lilio

573 444 805 497 Itasime
828 458 964 511 opus
990 449 1093 504 est,
1125 455 1249 494 eum
1287 438 1356 494 de
1382 437 1768 509 anepigraphis
1799 436 2133 509 perditisque
2162 437 2440 508 operibus,
2469 436 2768 508 percelebri
2809 433 3022 491 cuidam
3057 436 3302 505 scriptori
3335 436 3686 509 tribuendis.agi-

569 541 679 589 tur.
724 531 920 587 Verum
961 534 1236 587 enimvero
1264 530 1586 586 Lambecius
1622 530 1789 584 libros
1820 529 1984 585 hosce
2026 528 2243 584 Eusebii
2274 526 2541 599 Pamphili
2570 544 2694 583 esse
2725 529 2801 583 ait
2831 529 2903 583 ob
2930 528 3131 599 stylum
3161 537 3213 581 et
3244 528 3513 582 methoduni
3541 534 3685 586 tnctati

570 626 873 697 argumenti
910 645 922 680 :
968 626 1253 688 familiare,
1283 633 1340 678 ut
1371 626 1602 687 videtur,
1626 622 1856 679 eruditis
1887 621 2175 677 saeculisui
2209 629 2613 691 argumentum,
2648 621 2793 691 quod
2828 629 3006 675 tamen
3035 620 3147 690 jam
3178 619 3370 690 pridem
3401 624 3691 681 recentioribus

568 720 772 774 nostris
803 720 973 790 (erepit
993 736 1114 775 esse
1142 726 1479 789 suspectum.
1505 735 1612 788 qua
1642 717 1720 773 de
1745 733 1802 772 re
1838 717 1935 783 legi
1973 724 2212 770 meretur
2238 714 2288 771 J.
2321 716 2381 769 C.
2433 713 2627 787 szlius
2664 715 2716 767 in
2751 713 3077 768 Bibliotheca
3100 730 3256 767 anon.
3277 722 3321 766 et
3352 712 3694 781 pseudou..parte

569 828 741 884 pruna
770 814 1207 884 sclrediasmatis,
1245 829 1298 882 p.
1336 812 1404 863 3t)
1426 822 1479 865 et
1508 812 1597 867 58.
1621 841 1691 851 —
1728 810 1834 864 Sed
1870 809 2175 879 argumenti
2209 809 2375 877 hujus
2401 808 2485 862 sui
2513 808 2881 860 infirmitatem
2917 806 3185 876 persensit
3209 806 3415 874 ipsemet
3443 803 3692 867 Lambecius.

565 881 727 976 quam
750 881 913 962 etiam
948 909 1016 960 ob
1046 881 1267 962 causam
1302 908 1355 959 in
1391 907 1621 976 append.
1652 905 1746 959 lib.
1779 920 1871 958 vin
1906 905 2357 966 additmuentum,
2387 903 2705 957 melioribus
2739 902 3041 955 rationibus
3073 900 3282 959 fultum,
3306 897 3448 966 hujus
3474 899 3554 951 luci
3578 901 3695 967 gratia

567 998 808 1067 scripsit.
841 996 895 1051 In
926 1000 1089 1053 hocce
1126 1000 1498 1053 additamento
1528 998 1741 1053 duabus
1784 998 1939 1053 novis
1979 998 2285 1051 rationibus
2330 996 2656 1051 sententiam
2687 1011 2839 1050 suam
2872 995 3231 1063 comprobare
3285 993 3477 1051 slttdrt.
3515 993 3696 1061 etprima

566 1090 785 1159 quidem
822 1091 895 1143 illi
929 1092 995 1145 ah
1023 1092 1252 1161 ipsumet
1282 1091 1516 1146 Eusebio
1547 1094 1768 1161 petitur,
1801 1092 1944 1163 quod
1982 1091 2237 1145 nimirum
2271 1092 2318 1146 is
2371 1092 2540 1145 libros
2572 1089 2889 1160 Eclagarum
2921 1088 3335 1157 prupltelicarum
3362 1089 3420 1140 de
3443 1086 3612 1140 Clirisw
3636 1101 3699 1153 pro

566 1196 730 1250 opere
764 1196 864 1235 suo
901 1183 1265 1254 designarent
1303 1182 1443 1237 Ilist.
1484 1183 1666 1238 eccles.
1701 1200 1740 1245 t,
1773 1201 1824 1239 c.
1866 1184 1923 1247 2,
1960 1184 2011 1237 in
2044 1199 2202 1253 quem
2252 1184 2429 1237 locum
2463 1183 2596 1236 satis
2627 1181 2855 1236 feliciter
2888 1180 3148 1234 incidisse
3191 1179 3498 1233 Lambeciutu
3521 1195 3589 1233 res
3624 1178 3701 1245 ipsa

569 1271 789 1332 fatetur.
814 1275 904 1343 qui
940 1282 1118 1328 tamen
1156 1276 1573 1345 haudquaquam
1599 1278 1834 1331 ericerat
1871 1276 2094 1346 Eclugzis
2134 1276 2352 1331 Eusebii
2381 1275 2708 1344 propheticus
2744 1274 2808 1329 de
2838 1273 3054 1329 Christo
3093 1276 3147 1327 in
3191 1273 3311 1335 hee,
3348 1272 3407 1325 de
3435 1287 3524 1339 quo
3548 1272 3698 1339 agitur,

566 1367 878 1423 Caesariano
914 1370 1100 1423 codice
1127 1368 1312 1424 haberi
1348 1389 1361 1425 :
1392 1388 1516 1425 eum
1554 1371 1785 1426 testibus
1812 1386 1956 1425 sevu
1986 1378 2040 1425 et
2074 1387 2245 1424 sum
2267 1372 2550 1425 codicibus
2584 1387 2691 1426 non
2724 1372 2898 1425 solum
2934 1369 3229 1424 Eusebium
3272 1366 3573 1432 Ἀποδείξεις
3597 1383 3699 1420 cran-

565 1458 760 1529 gelicas
786 1459 885 1513 hac
910 1460 1164 1514 methodo
1187 1462 1477 1531 scripsisse
1512 1470 1745 1515 constet.
1771 1461 1853 1514 Ad
1884 1462 2109 1513 alteram
2136 1463 2400 1515 rationem
2433 1462 2580 1533 quod
2613 1463 2838 1525 attinet,
2887 1476 2950 1514 ca
3000 1462 3243 1531 profecto
3271 1459 3423 1530 priori
3448 1460 3577 1513 etiam
3602 1460 3699 1513 iutir-

567 1552 707 1604 mior
739 1558 821 1602 cst
848 1567 862 1615 ;
893 1566 955 1605 ex
983 1552 1090 1607 illLs
1111 1552 1277 1618 enim,
1310 1568 1432 1622 qua:
1456 1553 1637 1623 eperis
1673 1553 1901 1622 hujusce
1930 1552 2181 1622 producit
2205 1554 2410 1617 verbis,
2444 1554 2746 1607 nihilaliud
2773 1554 3055 1623 conjicias,
3078 1568 3244 1623 quam
3264 1553 3699 1622 graveutquaiupiam

566 1643 812 1697 auctoris
839 1647 1264 1700 aevoexritatam
1297 1650 1755 1716 persecutionem.
1786 1662 2128 1716 nequaquam
2158 1662 2289 1701 vero
2322 1647 2466 1700 illam
2500 1663 2625 1717 quae
2656 1664 2746 1702 an.
2781 1646 2886 1702 502
2916 1647 3021 1701 sub
3054 1648 3225 1717 impp.
3259 1646 3547 1700 Diocletiano
3565 1654 3605 1697 et
3628 1643 3702 1698 lla-

575 1735 815 1789 ximiano
850 1734 1103 1790 Herculio
1135 1739 1187 1792 in
1221 1740 1566 1795 Christianos
1624 1741 1905 1804 detonuit,
1959 1739 2193 1795 Eusebio
2225 1754 2461 1794 emeram
2493 1757 2504 1792 :
2540 1755 2677 1810 quas
2703 1739 2864 1794 etiam
2915 1739 3161 1811 aliasque
3195 1739 3475 1809 persituiles
3494 1739 3548 1793 ob
3568 1752 3705 1793 causas

568 1846 676 1886 non
708 1831 997 1887 defuerunt
1030 1835 1127 1888 viri
1159 1836 1326 1897 docti,
1358 1838 1449 1906 qui
1496 1854 1634 1908 opus
1680 1838 1781 1893 hoc
1837 1848 2086 1894 nostrum
2141 1836 2378 1891 Eusebio
2418 1824 2804 1905 Pamphili'ob
2836 1835 3074 1890 nominis
3118 1834 3465 1889 celebritatem
3504 1829 3703 1884 sublitum

566 1924 1031 1998 substitutumque
1058 1944 1179 1985 esse
1210 1930 1473 1985 dicerent.
1500 1932 1751 1988 Oudinus
1785 1942 1933 1990 certe
1957 1933 2337 1989 Commentarii
2368 1931 2452 1986 sui
2488 1939 2525 1984 t.
2553 1930 2592 1994 Ι,
2624 1932 2727 1986 col.
2753 1931 2877 1994 3M,
2909 1930 3154 1986 scribere
3183 1942 3289 1982 non
3322 1924 3565 1980 dubitarit:
3593 1942 3607 1975 ι
3635 1921 3703 1983 At,

566 2018 764 2086 inquit,
796 2022 977 2073 nullus
1011 2021 1223 2081 dubito.
1256 2024 1385 2092 quin
1411 2040 1576 2093 opera
1609 2028 1711 2080 ista
1746 2026 1998 2090 Eusebio,
2025 2028 2095 2081 ob
2124 2025 2361 2080 nominis
2411 2025 2608 2079 famam
2658 2024 3038 2087 celeberrimo,
3078 2021 3371 2077 substituta
3404 2019 3522 2073 siut:
3559 2031 3701 2085 neque,

565 2107 614 2162 si
645 2125 766 2162 vera
820 2109 1070 2167 fuissent.
1105 2110 1427 2169 Lamia-eius
1456 2117 1525 2170 ab
1554 2117 1872 2187 erulgandis
1899 2118 2276 2177 abstinuisset.
2300 2121 2391 2187 qui
2426 2115 2653 2170 minoris
2693 2115 2847 2185 longe
2884 2114 3143 2175 momenti
3196 2112 3473 2183 ftjagtuenta
3505 2109 3591 2164 suis
3615 2122 3699 2161 ruri

565 2204 821 2272 scrupulo
848 2204 1098 2259 inseruit.
1143 2226 1160 2258 ι
1198 2205 1319 2261 lhec
1349 2210 1471 2263 ille:
1510 2210 1563 2263 in
1595 2214 1753 2279 eiijus
1774 2228 1959 2267 errore
1997 2229 2083 2269 me
2112 2227 2330 2285 quoque
2352 2209 2745 2280 complusculis
2769 2209 2931 2263 annis
2960 2207 3189 2264 haesisse
3218 2208 3435 2279 ingenue
3457 2204 3606 2259 fateor.
3630 2199 3701 2254 Sed

562 2295 709 2353 enim
740 2298 1021 2355 verissima
1055 2309 1139 2356 cst
1173 2301 1263 2355 illa
1291 2299 1641 2372 Xenophanis
1682 2309 1947 2360 sententia
1971 2346 1988 2369 ,

1435 2416 1516 2469 Οὔ
1548 2434 1633 2471 τοι
1665 2416 1764 2470 ἀπ’
1797 2416 1989 2487 ἀρχῆς
2016 2417 2213 2472 πάντα
2245 2416 2360 2472 θεοὶ
2388 2416 2627 2482 θνητοῖς
2662 2414 3019 2480 ἀπέδειξσνι

1456 2487 1644 2541 Ἀλλά
1672 2486 1867 2556 χρόνῳ
1899 2488 2212 2555 ζητοῦντες
2235 2488 2703 2557 ἐξευρίσκουσιν
2730 2486 2992 2555 ἆμεινον.

565 2592 695 2650 Nam
723 2611 844 2651 cum
874 2596 962 2654 die
998 2598 1231 2668 quadam
1267 2597 1511 2653 codicem
1547 2599 1692 2654 hunc
1721 2600 1882 2653 volvo
1910 2601 2102 2655 iterum
2136 2603 2486 2671 revolvoque,
2518 2617 2581 2655 ex
2610 2600 2700 2653 vili
2732 2600 2949 2671 palliolo
2974 2615 3232 2672 magnum
3264 2598 3439 2669 agnovi
3468 2582 3699 2651 Eusebium

564 2692 671 2772 ﬂes
705 2695 776 2747 ita
806 2694 1024 2747 accidit.
1058 2693 1235 2755 Codex
1266 2693 1332 2747 de
1372 2709 1479 2763 quo
1514 2709 1659 2748 nunc
1688 2694 1919 2763 agimus,
1945 2696 2100 2747 theca
2144 2696 2272 2749 olim
2304 2712 2521 2758 carens,
2561 2695 2704 2748 foliis
2752 2694 3007 2765 utrinque
3041 2698 3161 2751 suis
3204 2697 3478 2766 tegebatur.
3507 2691 3699 2751 Primum.

560 2786 633 2841 ab
664 2785 813 2837 edaci
847 2793 1087 2853 tempore
1112 2787 1388 2856 multoque
1414 2803 1512 2840 usu
1549 2788 1784 2841 lacerum
1818 2803 1881 2840 ac.
1918 2804 2053 2859 pene
2085 2789 2348 2851 deletum,
2380 2806 2479 2860 pro
2502 2790 2657 2843 theca
2689 2789 2894 2845 codicis
2926 2807 2953 2842 a
2989 2789 3283 2845 Lambecio
3307 2791 3399 2843 fuit
3428 2789 3644 2847 habitum.
3666 2793 3702 2839 et

562 2895 680 2932 eam
712 2877 875 2929 etiam
900 2878 969 2928 oh
997 2894 1215 2930 mulsam
1256 2879 1309 2932 in
1358 2880 1675 2934 recensione
1706 2881 1970 2933 omissqu
2004 2882 2458 2951 neglectumque:
2500 2881 2664 2950 igitur
2703 2894 2826 2934 cum
2888 2880 3189 2951 ἀμηχανῶν
3227 2880 3492 2938 Eusebium
3522 2880 3563 2934 in
3588 2877 3700 2932 Eusc-

560 2971 650 3025 bio
680 2983 885 3038 quan-ii.
915 2968 1322 3024 similitudinem
1355 2960 1709 3041 tttttltllS..(Itltl
1746 2973 1989 3042 reliquus
2025 2972 2196 3027 codex
2249 2975 2489 3044 scriptus
2532 2982 2649 3035 est,
2686 2972 2738 3025 in
2775 2974 2949 3043 primo
2979 2974 3074 3026 illo
3126 2975 3254 3028 folio
3282 2973 3625 3031 animadverto.
3648 2968 3702 3021 lu-

560 3060 816 3130 gieulium
856 3059 1158 3112 litterarqu
1196 3060 1421 3127 vestigia
1459 3061 1597 3130 lego,
1630 3077 1694 3116 ac
1729 3061 1962 3134 denique
1993 3064 2269 3135 comperio
2300 3067 2620 3135 protentium
2676 3063 2989 3134 Eclogurum
3024 3065 3282 3128 Eusebii,
3322 3065 3553 3138 principio
3574 3061 3700 3117 etline

562 3150 842 3210 mutilum.
883 3150 1071 3205 eodem
1107 3150 1234 3204 folio
1265 3151 1551 3205 contineri.
1582 3153 1671 3207 Sic
1706 3156 1849 3209 enim
1886 3157 1955 3210 ibi
1990 3157 2123 3212 inter

2151 3166 2342 3212 camera
2378 3159 2605 3228 ipsemet
2630 3155 2913 3220 Edseltius,
2950 3158 3148 3211 ’ἰστέον
3169 3158 3212 3211 δ’
3243 3159 3317 3223 ὠς
3359 3154 3694 3230 πρὸ-ἡγοῦμαι.

560 3246 710 3314 (Viri.
743 3245 896 3315 hujus
920 3243 1001 3299 ed.
1032 3245 1131 3298 col.
1160 3244 1319 3300 1"21.
1360 3246 1529 3317 Pergit
1567 3245 1845 3304 Kullarius
1870 3259 1923 3320 :)
1956 3248 2232 3306 Hactenus
2284 3251 2529 3322 prommii
2558 3252 2845 3325 pericope:
2880 3266 2945 3305 ex
2976 3253 3182 3321 quibus
3212 3269 3330 3307 cum
3364 3255 3483 3314 alia,
3526 3259 3611 3303 tutu
3647 3243 3701 3302 vel

560 3340 792 3395 Itasime
830 3340 938 3394 duo
974 3337 1227 3391 facillime
1256 3336 1601 3394 deducuntur
1630 3360 1642 3396 :
1682 3344 1974 3409 nimirum,
2006 3351 2059 3397 ct
2104 3343 2394 3398 Eusebium
2427 3342 2693 3413 Pamphili
2723 3354 3001 3397 auctorem
3041 3345 3272 3417 hujusce
3304 3345 3525 3417 penautiii
3552 3350 3703 3401 esset!

561 3430 786 3501 Lelegas
821 3430 887 3485 de
925 3429 1178 3493 Christo,
1222 3430 1467 3497 praesenti
1506 3432 1693 3489 codice
1728 3443 2032 3495 contentas,
2064 3435 2264 3490 nemini
2298 3434 2387 3489 alii
2425 3451 2585 3507 qttam
2616 3434 2788 3488 eidem
2822 3433 3081 3498 Eusebio,
3112 3454 3273 3507 posse
3298 3438 3469 3492 tribui.
3498 3434 3701 3491 Euiuu‘ct'o

557 3524 848 3579 Eusebium
882 3524 1125 3594 prooemii
1160 3534 1435 3579 auctorem
1458 3543 1610 3589 esse.
1653 3530 1799 3583 clare
1828 3530 2007 3583 elucet
2036 3544 2098 3584 ex
2136 3529 2242 3584 illis
2290 3568 2305 3592 ,
2340 3531 2541 3599 quibus
2572 3530 2796 3591 imlicat,
2829 3532 2978 3600 prius
3013 3547 3074 3586 se
3097 3572 3112 3595 ,
3161 3548 3320 3602 quam
3354 3532 3414 3585 ad
3443 3528 3697 3586 scribentium

555 3633 795 3688 praesens
828 3633 964 3687 opus
989 3617 1226 3670 animum
1261 3620 1504 3686 appulit,
1546 3620 1871 3688 Χρονικοὺς
1907 3622 2181 3687 Κανόνας
2213 3622 2536 3691 scripsisse,
2592 3629 2647 3675 et
2695 3637 2758 3677 ea
2793 3623 3012 3691 quidem
3046 3632 3267 3686 mente,
3311 3635 3367 3677 ut
3395 3622 3563 3694 Moysis
3599 3631 3701 3687 aqua

555 3720 720 3782 atque
750 3713 1004 3776 aliorum,
1035 3715 1125 3783 qtti
1160 3725 1281 3784 post
1315 3731 1438 3769 eum
1479 3714 1649 3775 fuere,
1688 3714 2071 3785 prophetarum
2102 3724 2424 3771 vetustatem
2452 3716 2776 3771 vindicaret.
2809 3716 3039 3782 Quinam
3072 3734 3201 3773 vero
3232 3720 3282 3772 hi
3312 3716 3548 3787 Χρονικοι
3576 3708 3702 3766 Κανόο

553 3821 659 3872 rae
686 3806 795 3860 sint
820 3847 834 3871 ,
887 3805 1043 3861 facile
1079 3808 1399 3877 intelligitur
1425 3826 1438 3859 :
1479 3806 1735 3859 nimirum
1771 3807 1843 3859 illi
1880 3807 2003 3877 ipsi,
2033 3823 2172 3876 quos
2211 3809 2458 3876 Scaliger
2488 3807 2542 3860 in
2571 3806 2838 3861 Thesauro
2868 3819 3158 3878 temporum
3187 3818 3331 3863 tonio
3354 3810 3508 3879 primo
3538 3800 3702 3873 rulgarii

556 3898 946 3952 Amstelodami
984 3914 1071 3952 an.
1117 3899 1249 3952 ίϋξξδ
1282 3918 1294 3953 :
1328 3901 1528 3969 quippe
1563 3899 1613 3951 in
1648 3898 1792 3953 illius
1820 3900 2000 3967 Operis
2045 3900 2310 3967 prooemio
2351 3899 2489 3953 idem
2527 3898 2629 3951 hoc
2669 3897 2885 3954 Eusebii
2940 3902 3281 3969 propositum
3316 3901 3517 3971 legitur;
3550 3912 3597 3951 cx
3629 3906 3700 3962 quo

558 3992 778 4045 lectoris
830 3991 1003 4061 gratia
1065 3993 1307 4061 pluscula
1366 3992 1471 4047 huc
1516 3992 1885 4045 transcribere
1932 3993 2141 4061 placet,
2204 3996 2295 4046 sed
2328 3990 2520 4045 Latine
2550 3999 2782 4054 tantum,
2817 3992 2945 4062 quia
3003 3990 3333 4065 Hieronymo
3363 3996 3702 4059 interprete:—

561 4102 581 4134 ι
616 4083 873 4155 Moysem,
908 4084 1103 4152 inquit,
1137 4088 1314 4153 gentis
1364 4083 1632 4146 ilebrtcaz,
1664 4085 1755 4152 qui
1795 4084 2005 4153 prinms
2051 4083 2293 4137 omnium
2341 4083 2726 4153 prophetarum
2776 4096 2900 4139 autc
2933 4084 3228 4139 adventum
3264 4084 3456 4139 Domini
3485 4076 3701 4137 Salvatoris

554 4178 767 4231 divinas
802 4178 942 4247 leges
979 4178 1174 4233 litteris
1204 4179 1513 4248 explicavit,
1542 4176 1720 4231 Inachi
1760 4177 1929 4233 fuisse
1960 4178 2294 4246 temporibus
2320 4179 2674 4234 eruditissimi
2700 4181 2799 4234 viri
2829 4181 3192 4243 tradiderunt,
3223 4197 3289 4235 ex
3321 4180 3503 4234 nostris
3522 4176 3701 4231 Clemens

552 4277 607 4322 et
640 4268 949 4326 Africanus.
980 4276 1033 4320 rt
1064 4267 1357 4330 Tatianus;
1390 4286 1452 4323 ex
1479 4266 1681 4323 Judzeis
1712 4266 1982 4337 Josrphus
2027 4279 2079 4322 ct
2113 4266 2323 4332 Justus,
2360 4272 2558 4326 veteris
2585 4273 2825 4328 historia:
2872 4284 3221 4330 monumenta
3254 4274 3559 4345 replicantes.
3584 4268 3700 4321 Ρυιτο

553 4361 786 4415 lnaclms
818 4362 1128 4431 quingentis
1166 4363 1324 4416 annis
1355 4361 1651 4430 Trojanum
1684 4361 1882 4417 bellum
1932 4362 2221 4417 anteced.t.
2264 4362 2341 4419 Es
2367 4365 2601 4421 ethnicis
2641 4384 2768 4424 vero
2797 4370 2997 4440 impius
3032 4372 3124 4426 ille
3155 4370 3471 4441 Porphyrius
3498 4369 3541 4421 in
3566 4369 3700 4435 quarto

552 4455 734 4522 operis
759 4454 840 4507 sui
874 4456 1028 4510 libro.
1054 4453 1197 4522 quod
1232 4456 1519 4509 adversum
1555 4471 1653 4509 nos
1690 4470 1849 4510 casso
1874 4455 2057 4510 labore
2090 4458 2389 4517 rontexuit,
2416 4468 2537 4527 post
2570 4459 2808 4532 Moysem
2839 4463 3185 4520 Semiramim
3213 4467 3371 4522 fuisse
3399 4466 3697 4525 allirtnatnlllie

552 4542 694 4611 apud
736 4544 991 4613 Assyrios
1022 4558 1085 4595 et.
1126 4552 1249 4597 ante
1283 4545 1542 4597 lnaclmm
1576 4547 1819 4615 regnavit
1848 4560 2043 4599 annos.
2076 4545 2266 4618 Itaque
2316 4549 2473 4618 juxta
2526 4566 2646 4605 eum
2681 4568 2808 4607 nece
2836 4571 2969 4625 pene
3001 4565 3055 4611 cl.
3091 4574 3121 4611 ι.
3179 4560 3335 4614 annis
3382 4556 3583 4624 Trojano
3605 4546 3696 4603 ὺεηο

552 4635 763 4707 Moyses
794 4636 978 4689 senior
1010 4636 1300 4691 invenitur.
1332 4636 1466 4692 Cum
1498 4639 1610 4692 hinc
1638 4639 1710 4691 ita
1738 4655 1797 4693 se
1824 4639 2078 4703 habeant,
2102 4644 2470 4697 necessarium
2495 4644 2623 4698 duxi
2660 4650 2945 4704 veritatem
2966 4652 3282 4723 diligentius
3306 4650 3560 4724 persequi:
3592 4639 3693 4699 etob

553 4727 683 4783 idin
712 4729 872 4798 priori
901 4729 1038 4781 libro
1062 4728 1215 4797 quasi
1238 4728 1524 4799 quamdam
1559 4731 1840 4785 materiam
1874 4731 2059 4786 futuro
2089 4736 2242 4803 operi
2273 4736 2516 4790 outuium
2552 4755 2735 4810 regum
2786 4743 2916 4795 tuihi
2955 4752 3200 4815 tempora
3255 4744 3520 4817 pra-notavi
3544 4780 3556 4803 ,
3586 4734 3695 4791 (311³1⁸

550 4824 812 4881 dzeorum,
843 4820 1213 4892 Assyriorum,
1249 4821 1549 4884 Medorum,
1588 4822 1902 4887 Persarum,
1936 4823 2233 4896 Lydorum,
2286 4828 2659 4896 Hebraeorum,
2699 4832 3103 4905 Aigyptiorum,
3129 4839 3493 4899 Macedonum,
3542 4832 3692 4888 Latino-

550 4930 694 4979 rum,
728 4914 818 4983 qui
847 4922 1031 4985 postea
1058 4912 1285 4967 lionmui
1308 4916 1612 4984 ‘nuncupati
1652 4926 1813 4982 sunt;
1846 4918 1897 4970 in
1923 4922 2174 4988 ptaesenti
2208 4931 2413 4985 autem,
2448 4925 2589 4993 stylo
2619 4926 2807 4981 eadem
2841 4937 3083 4999 tempora
3111 4941 3298 4986 contra
3329 4949 3382 4987 se
3424 4930 3610 4983 invicem
3629 4933 3695 4991 μοι

551 5023 709 5068 nens.
742 5017 795 5061 et
831 5007 1167 5076 singularum
1203 5007 1445 5078 gentium
1498 5022 1671 5062 annos
1715 5009 2095 5078 dinumerans,
2134 5021 2191 5067 ut
2220 5014 2349 5084 quid
2404 5025 2736 5072 comtaneum
2784 5022 2982 5091 cuique
3029 5024 3163 5090 fuit,
3225 5027 3295 5079 ita
3328 5024 3521 5079 curioso
3559 5013 3689 5069 οτιίίηο

549 5101 817 5171 coaptavi.
853 5098 1038 5170 Neque
1070 5116 1156 5156 me
1187 5101 1322 5170 fugit
1362 5102 1416 5155 in
1446 5100 1683 5157 liebraais
1709 5105 1993 5161 codicibus
2037 5108 2383 5164 dissonantes
2412 5121 2628 5166 aetatum
2663 5128 2837 5168 annos
2885 5115 3137 5179 inveniri,
3171 5119 3390 5188 plusque
3436 5114 3505 5168 vel
3542 5110 3688 5163 minus.

551 5204 709 5266 prout
744 5196 1131 5266 interpretLbus
1161 5197 1334 5251 visum
1380 5204 1483 5258 est.
1514 5198 1743 5253 lectitari
1772 5218 1785 5253 :
1822 5203 2271 5274 sequendumque
2320 5205 2449 5259 illud
2490 5210 2689 5276 potius,
2728 5212 2870 5280 quod
2901 5214 3349 5284 exemplariorum
3385 5202 3631 5265 multitudo
3654 5196 3687 5246 in

548 5289 706 5344 iidem
743 5290 927 5344 traxit.
966 5288 1165 5345 Verum
1197 5299 1474 5362 utcunque
1503 5294 1628 5362 quis
1661 5294 1803 5348 volet
1852 5305 2152 5366 computet,
2184 5306 2239 5353 et
2276 5302 2507 5370 reperiet
2542 5300 2726 5358 Inachi
2778 5307 3134 5375 temporibus,
3163 5322 3318 5377 quem
3354 5304 3555 5374 priuqu
3582 5288 3689 5356 Ατιῖε

547 5397 803 5452 regnasse
826 5383 998 5445 aiunt,
1030 5384 1393 5453 patriarcham
1426 5383 1774 5440 Hebraeorum
1805 5385 1974 5444 fuisse
2008 5387 2257 5453 Israelem
2290 5408 2305 5445 :
2341 5408 2376 5446 ιι
2398 5409 2507 5463 quo
2555 5394 2842 5451 duodecim
2885 5396 3197 5455 Iudaeorum
3238 5386 3687 5453 tribus‘lsraelisto'

546 5473 798 5526 cabulum
843 5476 1048 5529 sortitae
1075 5482 1244 5530 sunt:
1280 5474 1624 5531 Semiramim
1670 5486 1851 5534 autem
1889 5488 1942 5535 et
1986 5482 2256 5537 Abraham
2290 5489 2724 5556 contemporales
2775 5489 2940 5545 fuisse
2992 5493 3333 5547 manifestum
3371 5494 3464 5542 est.
3512 5481 3691 5541 Νιιηκιυθ

547 5562 779 5633 Moyses,
799 5564 983 5633 junior
1020 5566 1144 5622 licet
1176 5583 1339 5637 supra
1372 5567 1535 5624 dictis
1560 5570 1653 5632 sit,
1694 5570 1765 5626 ab
1795 5572 2050 5628 omnibus
2079 5581 2281 5638 tamen,
2314 5592 2455 5648 quos
2493 5577 2669 5634 Graeci
2695 5583 3108 5652 antiquissimos
3137 5590 3340 5654 putant,
3372 5576 3532 5633 senior
3550 5569 3688 5634 δίψη·

549 5654 803 5747 henditur
831 5674 851 5747 ι*
881 5654 1115 5713 Homero
1146 5659 1355 5716 scilicet
1411 5669 1466 5716 et
1500 5661 1736 5719 Hesiodo
1761 5705 1776 5729 ,
1822 5663 2169 5739 Trojanoque
2199 5669 2363 5733 bello,
2406 5686 2470 5727 ac
2517 5674 2690 5732 multo
2738 5676 2992 5747 superius
3027 5676 3271 5740 Hercule,
3307 5672 3485 5728 Musae
3507 5705 3519 5729 .
3561 5659 3683 5714 ιιίοον

544 5744 804 5813 ChirOne,
824 5744 1058 5819 Orpheo,
1093 5750 1341 5820 Castore,
1372 5752 1617 5826 Polluce,
1644 5755 1979 5830 IEsculapio,
2010 5758 2227 5831 Libero,
2263 5761 2554 5837 Mercurio,
2580 5744 2861 5838 Apolline,
2891 5770 3208 5841 exterisque
3237 5766 3339 5822 diis
3365 5758 3595 5837 gentium,
3617 5755 3685 5803 llr
