3936 6206
199 299 310 358 ιθΞΙ
1201 291 1498 383 Εςυπὶῶ
1534 283 2017 350 ῬΒσΡΗΕΤῙΟΕ.
2062 321 2128 332 -
2166 290 2296 347 LIB.
2338 282 2413 347 ι.’
3287 282 3427 344 ιοειε

198 416 392 481 erisque
426 410 511 464 rel
538 412 776 477 vatibus,
809 413 981 482 ipsius
1011 420 1230 481 quoque
1258 407 1409 463 Jovis
1438 407 1629 480 gestis,
1654 421 1816 477 quem
1850 405 2059 463 Graecia
2091 405 2145 460 in
2172 421 2300 462 arce
2324 404 2650 473 Idivinitatis
2674 404 2983 460 collocavit.
3013 401 3145 466 llos,
3177 400 3427 473 Inquam,

196 520 385 567 omnes,
422 518 561 574 quos
587 507 1051 571 enumeravimns,
1080 506 1241 559 etiam
1273 513 1397 575 post
1424 503 1718 573 Cecropem
1771 500 2059 574 Diphyem,
2090 502 2325 574 primum
2367 501 2561 555 Atticm
2584 516 2785 570 regem,
2816 500 2984 555 fuisse
3010 499 3426 555 convincimus;

195 598 470 666 Cecropem
498 607 680 651 autem
713 613 951 669 prmsens
980 596 1207 654 historia
1246 594 1413 665 Moysi
1456 603 1791 649 coaetaneum
1822 594 2072 649 ostendet
2095 633 2109 656 .
2149 601 2202 648 et
2226 591 2548 647 antecedere
2570 591 2868 661 Trojanum
2900 592 3098 646 bellum
3134 589 3292 644 annis
3314 595 3427 646 tre-

196 689 355 743 centis
385 687 799 756 quinquaginta.
828 686 981 754 Quod
1012 703 1080 743 ne
1108 686 1196 741 cui
1218 685 1443 739 dubium
1476 685 1740 745 videatur.
1768 684 2020 755 Frequens
2057 684 2195 738 ratio
2218 684 2297 738 sic
2330 684 2601 753 probabit,
2641 705 2659 736 ι
2686 692 2792 739 etc.
2825 682 3096 739 Ilactenus
3119 684 3420 751 Eusebius;

194 796 247 834 ex
275 780 469 847 quibus
500 779 850 834 manifestum
882 780 1082 842 evadit,
1112 778 1360 834 euutdem
1404 778 1553 831 illum
1585 787 1637 832 et
1672 778 1922 847 prommii
1966 778 2164 840 nostri,
2207 776 2416 846 lfclugis
2440 778 2751 846 propheticis
2788 778 3013 848 praeﬁxi,
3042 785 3094 832 et
3121 774 3423 846 Xparmur

195 876 461 928 Κανόνωγ
490 882 767 927 auctorem
807 888 967 929 esse:
1000 874 1141 944 quod
1167 872 1489 942 prommium
1519 886 1643 925 cum
1676 887 1774 941 pro
1803 870 2013 943 Erlogis
2040 914 2055 935 ,
2106 881 2158 926 et
2189 887 2294 925 una
2335 872 2635 942 eademque
2674 888 2859 934 ιιιιιιιτι,
2882 888 2986 941 qua
3018 872 3122 926 illa:
3154 873 3205 925 in
3232 871 3421 926 codice

192 971 437 1039 srriplttm
461 970 555 1031 sit,
582 985 689 1024 non
722 970 934 1033 dubito,
968 971 1099 1041 quin
1139 971 1371 1024 lectores
1406 969 1508 1022 mei
1541 982 1647 1022 una
1675 983 1888 1023 mecum
1919 984 2017 1039 pro
2046 982 2177 1022 vero
2206 972 2597 1036 compertoque
2646 966 2878 1020 habituri
2912 966 3042 1027 sint,
3074 965 3172 1020 has
3201 982 3420 1037 quoque

192 1063 396 1131 Eclogas
434 1069 650 1116 nostras
699 1062 940 1130 ejusdem
996 1062 1210 1124 Eusebii
1244 1061 1504 1130 Pamphili
1542 1063 1834 1132 genuinum
1885 1077 2025 1131 opus
2057 1076 2200 1115 esse.
2242 1058 2415 1114 Porro
2442 1072 2620 1113 autem
2652 1058 3041 1130 κριτικὼτατος
3075 1059 3316 1132 Scaliger
3362 1062 3416 1117 in

192 1153 437 1227 protentio
469 1153 534 1205 ad
568 1152 893 1207 Thesaurum
922 1168 1081 1208 suum
1110 1153 1249 1207 ridet
1276 1150 1872 1224 llieronynuun.quod,
1902 1153 2097 1223 inquit,
2130 1150 2318 1208 Gneca
2358 1151 2576 1207 Eusebii
2609 1167 2713 1205 nou
2745 1163 3029 1207 assecutus
3056 1195 3071 1214 .
3125 1152 3414 1209 Eusebium

190 1246 549 1302 Chronic-orum
584 1259 805 1300 suorum
850 1245 1116 1315 ἐπιτομήν
1149 1245 1548 1314 conscripsisse
1587 1245 1888 1299 arbitratus
1942 1246 2031 1299 sit.
2080 1243 2132 1299 ls
2169 1246 2318 1300 locus
2363 1245 2561 1315 legitur
2602 1246 2655 1298 in
2703 1246 2927 1316 prologo
2969 1244 3221 1301 llistoriw
3250 1250 3415 1304 cccle-

188 1343 398 1398 siastica:
431 1339 653 1396 Eos-nlui
683 1360 695 1394 :
732 1340 870 1411 Ἤδη
905 1340 1003 1411 μὲν
1034 1336 1126 1394 οὖν
1149 1340 1352 1394 τούτων
1386 1341 1479 1394 καὶ
1511 1343 1796 1414 πρότερον,
1827 1343 1884 1394 ἐν
1910 1337 1991 1403 οἷς
2016 1340 2427 1412 διετυπώσαμεν
2466 1340 2772 1409 Χρονικοῖς
2801 1343 3096 1407 Κανόσιν,
3151 1344 3416 1418 ἐπιτομὴν

188 1438 631 1509 κατεστησάμηνο
688 1435 1065 1507 πληρεστάτην
1115 1435 1159 1489 δ’
1206 1428 1305 1491 οὖν’
1335 1438 1483 1508 ὅμως
1530 1436 1711 1491 αὐτῶν
1763 1438 1854 1490 ἐπὶ
1914 1436 2008 1489 τοῦ
2062 1436 2324 1507 παρόντος
2378 1435 2641 1507 ὡρμήθην
2676 1437 2777 1507 τὴν
2808 1438 3084 1507 ἀφήγησιν
3123 1439 3414 1496 ποιεῖσθαι.

184 1539 293 1598 uiue
324 1529 557 1586 Ruﬁnus
584 1530 774 1586 Latine
804 1531 1072 1586 convertit
1098 1531 1178 1586 sic
1210 1550 1223 1586 :
1261 1531 1510 1598 Quamvis
1535 1531 1649 1600 jam
1674 1530 1736 1585 de
1766 1532 1846 1586 his
1880 1531 2007 1600 ipsis
2040 1530 2295 1583 nonnulla
2318 1530 2478 1584 etiam
2501 1530 2553 1582 in
2580 1529 2866 1583 Chronicis
2895 1530 2968 1597 (id
2997 1539 3072 1584 est
3100 1530 3152 1583 in
3180 1547 3239 1584 eo
3265 1547 3417 1601 apere

182 1624 300 1697 quod
330 1626 395 1681 de
425 1636 709 1693 temporum
762 1625 965 1679 ratione
988 1626 1432 1694 conscripsimus;
1465 1624 1684 1679 breviter
1726 1626 2085 1694 succincteque
2131 1623 2558 1692 perstrinxerim,
2607 1621 2810 1691 plenius
2856 1632 3027 1677 tamen
3071 1625 3122 1677 in
3166 1626 3415 1693 pra'senti

182 1734 313 1785 ipere
345 1718 667 1789 singulorum
702 1718 1058 1770 narrationem
1090 1718 1293 1786 aperire
1333 1716 1670 1771 tentabimus.
1700 1718 1779 1771 Ad
1809 1733 1930 1787 qua:
1966 1716 2210 1786 Scaliger
2239 1734 2250 1769 :
2290 1734 2308 1767 ι
2352 1714 2551 1779 Recte,
2589 1715 2787 1785 inquit,
2824 1714 3054 1771 Ruﬁnus
3088 1736 3099 1771 :
3136 1717 3239 1771 nisi
3265 1716 3411 1787 quod

182 1812 258 1862 ἐπὶ
289 1808 388 1864 τοῦ
429 1810 689 1880 παρόντος
723 1811 1038 1863 vertendum
1066 1818 1181 1863 erat
1208 1811 1709 1878 impra'sentiarum,
1749 1810 1830 1864 vel
1864 1825 2021 1863 nunc.
2062 1829 2079 1860 ι
2118 1807 2240 1862 Ilaec
2273 1807 2363 1862 ille
2390 1826 2402 1861 :
2437 1815 2491 1860 at
2512 1823 2629 1861 mea
2651 1808 2868 1874 quidem
2894 1809 3184 1871 sententia,
3208 1810 3410 1866 rectius

181 1899 342 1954 Gneca
380 1899 596 1955 Eusebii
635 1909 921 1955 assecutus
946 1911 1029 1957 est
1065 1901 1460 1975 Hieronymus,
1508 1918 1670 1973 quam
1728 1903 1823 1957 vel.
1859 1900 2120 1964 Ruﬁnus,
2166 1902 2249 1955 rel
2288 1903 2316 1955 ό
2357 1908 2496 1954 πάνυ
2540 1900 2822 1971 Scaliger:
2877 1918 3000 1957 nam
3040 1902 3090 1956 in
3147 1904 3411 1973 promiuio

182 2000 349 2047 nostro
378 1993 527 2048 clare
559 1993 873 2062 disertequc
906 1993 978 2046 ait
1011 1992 1278 2048 Eusebius
1303 2036 1317 2057 ,
1377 1992 1707 2063 Χρονικοὺς

1860 1992 2110 2058 τάξαντες
2148 1993 2418 2058 Κανόνας
2443 2033 2457 2055 ,
2500 1994 2766 2064 ἐπιτομήν
2803 2010 2862 2046 τε
2900 1995 3107 2059 τούτοις
3146 1994 3414 2050 παντοδι·

178 2083 266 2155 πῆς
293 2082 557 2155 ἱστορίας¹
584 2084 848 2156 Ἐλλήνων
882 2102 940 2137 τε
979 2085 1073 2138 καὶ
1120 2085 1409 2159 βαρϐάρων
1439 2086 1732 2159 ἁντιπαρα(

1851 2104 1919 2150 ες,
1965 2104 2019 2141 κ.
2060 2103 2109 2138 τ.
2142 2085 2217 2147 λ.,
2255 2102 2314 2140 se
2353 2084 2639 2141 C/tronicos
2668 2086 2909 2142 Canones
2938 2090 3262 2158 scripsisse,
3296 2093 3405 2148 eis-

176 2177 391 2249 demque.
419 2179 801 2249 compendium
854 2179 1016 2234 varia:
1075 2180 1317 2235 historia:
1366 2189 1474 2234 tam
1532 2179 1842 2235 Graecorum
1876 2196 2038 2252 quam
2085 2186 2137 2234 et
2170 2179 2400 2233 aliarum
2436 2180 2676 2248 gentium
2713 2196 2778 2234 ex
2813 2180 3040 2234 adverso
3096 2181 3345 2251 posuisse
3386 2201 3403 2238 :

176 2275 317 2324 trium
359 2272 504 2327 enim
542 2274 628 2327 hic
667 2272 1006 2326 diversorum
1046 2288 1272 2343 operum
1302 2289 1525 2328 suorum
1559 2274 1730 2329 Illelllll

1849 2273 2102 2329 Eusebius
2136 2292 2147 2327 :
2192 2271 2373 2343 primi,
2409 2272 2807 2340 Παντοδαπῆς
2839 2274 3106 2342 ἱστορίας
3129 2289 3143 2304 ο
3176 2276 3403 2333 alterius

174 2366 462 2436 Χρονικῶν
490 2370 773 2424 Κανόνων
796 2383 809 2397 ⁸
852 2370 1017 2427 tertii.
1066 2368 1382 2439 Ἐπιτομῆς
1403 2358 1728 2426 πανίτοδαπι

1864 2374 2106 2440 ντορίας.
2139 2372 2378 2429 Primum
2412 2373 2701 2444 separatim
2731 2371 2902 2426 edidit
2944 2371 3242 2433 Eusebius,
3292 2373 3405 2428 duo

175 2458 359 2528 reliqua
394 2458 752 2526 conjunction,
780 2466 838 2512 ut
865 2459 948 2515 vel
981 2458 1141 2514 hodie
1174 2461 1352 2515 solent
1386 2462 1594 2529 vulgari
1632 2481 1644 2515 :
1688 2478 1849 2532 quant
1885 2463 2046 2517 etiam
2078 2464 2149 2516 oh
2177 2480 2400 2522 causam
2436 2463 2791 2520 emendandae
2823 2464 2952 2516 mihi
2986 2465 3241 2518 videnlur
3284 2464 3417 2535 cpio.

172 2551 371 2618 graphtn
398 2564 427 2601 a
466 2548 742 2621 Scaligero
772 2550 952 2617 editae,
986 2566 1051 2605 ac
1090 2551 1321 2621 primum
1358 2551 1576 2621 quidem
1619 2551 1835 2608 Eusebii
1870 2571 2009 2623 opus
2035 2536 2274 2623 titulum,
2308 2566 2368 2611 ut
2404 2557 2635 2617 videtur,
2669 2554 2811 2610 ferre
2849 2556 3109 2623 deberet,
3169 2559 3399 2610 Παντοο

171 2640 348 2708 δοκῆς
387 2643 655 2710 ἱστορίας
692 2642 905 2714 (cujus,
970 2652 1063 2697 aut
1113 2644 1406 2714 persimilis
1452 2645 1777 2717 epigraphcs
1813 2646 2019 2703 Gellius
2064 2664 2281 2719 quoque
2328 2650 2567 2704 meminit
2620 2650 2671 2703 in
2723 2648 3038 2719 praefatione
3092 2651 3157 2704 ad
3203 2649 3397 2707 Noctes

172 2733 407 2801 Atticas.)
432 2743 546 2796 aut,
582 2743 639 2788 ut
673 2736 724 2789 in
778 2738 1074 2808 exelnplari
1111 2754 1211 2793 suo
1246 2739 1371 2805 legit
1415 2738 1722 2811 Ilterouymt

1845 2743 2140 2796 εὐσεόίου
2179 2741 2285 2797 τοῦ
2320 2743 2631 2813 Παμφίλου
2678 2742 3109 2812 Χρονογραςςία.
3151 2744 3338 2799 Altert:
3353 2758 3395 2798 τι

170 2841 307 2892 τρι-ο,
348 2827 620 2894 Χρονικοὶ
643 2830 907 2897 Κανόνες
943 2831 1067 2885 σὺν
1092 2831 1347 2902 ἐπιτομῇ
1374 2833 1724 2893 εταιτοδαπὶ

1840 2836 2095 2906 στορίας.
2140 2833 2246 2893 Sed
2287 2837 2403 2893 haec
2432 2837 2510 2892 illi
2536 2836 2878 2893 discutienda
2910 2838 3264 2910 relinquimus
3300 2836 3394 2911 qui

170 2929 224 2974 au
250 2916 456 2974 edenda
490 2918 708 2976 Eusebii
744 2937 909 2993 opera
942 2924 1185 2979 animum
1220 2926 1512 2997 appulerit.

178 3122 3373 3151 mm

926 3295 1096 3413 EC
1117 3294 1529 3413 LOG/E
1607 3292 2605 3411 PBOPHETIC/E.

1296 3534 1657 3625 LIBER
1730 3532 2217 3626 PRIMUS.

160 3848 3381 3918 00......0.9.Q‘Q.oAOooooooooooooo0000.000.....

160 3932 454 4004 (ν.1)λόγο·.›
482 3952 540 3989 τε
559 3935 653 3989 καὶ
676 3934 788 4006 βίου
812 3935 1197 4003 διεξοδευθείσα
1218 3936 1315 4002 τὰς
1335 3955 1399 3990 πε
1407 3939 1461 4009 pi.
1479 3937 1570 4004 τοῦ
1603 3937 1708 3991 Κυ-

1827 3935 2073 3991 Ξειισιιιοιιο
2120 3946 2175 3991 et
2204 3938 2312 3991 vita
2358 3949 2614 3995 accurate
2657 3939 2906 3997 discussa
2943 3940 3009 3996 de
3061 3941 3288 4001 Domino
3325 3952 3381 4003 et

162 4028 265 4098 ﬁcu
293 4028 378 4082 καὶ
412 4029 664 4101 Σωτῆρος
704 4030 863 4101 ήμῶν
909 4014 1079 4100 Ἰησοῦ
1114 4028 1349 4104 Χριστοῦ
1381 4029 1703 4103 μαρτυρίας,

1830 4031 1861 4086 5.
1885 4030 2091 4085 lvatore
2123 4041 2313 4086 nostro
2352 4028 2479 4087 Jesu
2513 4032 2731 4089 Christo
2767 4034 3104 4099 testimonia.
3149 4054 3242 4111 per
3276 4039 3384 4097 cla-

157 4117 217 4169 δι’
237 4120 471 4191 ἐναργῶν
495 4121 587 4173 καὶ
613 4121 835 4184 πιστῶν,
855 4121 946 4174 καὶ
962 4122 1172 4193 ἀληθῶν
1192 4120 1513 4187 ἀποδείξεών
1531 4139 1587 4175 τε
1613 4123 1706 4175 καὶ

1826 4139 1917 4184 'as,
1964 4123 2260 4192 ﬁdelesque
2305 4131 2359 4177 et
2397 4139 2553 4180 veras
2587 4125 3085 4183 demonstr.tioues
3114 4136 3168 4183 et
3212 4131 3380 4185 ratio-

160 4210 510 4283 συλλογισμῶν
545 4212 848 4276 ὲπιστοῦτο,
880 4213 1158 4285 βραχείαις
1203 4215 1395 4287 κομιδῇ
1440 4218 1559 4281 ταῖς
1599 4213 1706 4267 ἀπὸ

1824 4216 2112 4271 :inatioues
2152 4216 3178 4290 conﬁrmabatur,brevibusdiligeutcr
3233 4218 3378 4275 Scri-

157 4303 255 4355 re'w
278 4321 341 4357 ππ
351 4305 420 4377 pd
442 4322 499 4358 τε
515 4305 787 4369 Ἰουδαίοις
815 4306 906 4360 καὶ
932 4309 1059 4381 ἡμῖν
1082 4307 1525 4379 πεπιστευμένων
1548 4306 1705 4361 θείων

1824 4321 2085 4366 iturarum
2118 4311 2449 4376 divinarum,
2473 4328 2593 4383 qua:
2618 4312 2758 4383 apud
2789 4310 3007 4370 Judaros
3038 4325 3088 4369 et
3114 4312 3254 4384 apud
3279 4330 3378 4373 nos

158 4392 368 4464 Γραφῶν
408 4397 502 4450 ἐπὶ
535 4397 677 4451 τέλει
710 4398 1025 4471 χρησαμένη
1077 4400 1433 4471 μαρτυρίαις·
1471 4401 1591 4454 ἐπεὶ
1630 4400 1704 4473 μὴ

1824 4404 2125 4466 :rcduntur,
2176 4411 2450 4473 postremo
2503 4419 2601 4458 usa
2654 4404 3013 4472 testimoniis;
3078 4420 3201 4460 cum
3257 4408 3378 4479 qui-

234 4485 378 4554 ἄλλος
420 4490 540 4561 ᾕρει
575 4490 730 4559 λόγος
760 4492 871 4555 τοῖς
914 4491 993 4544 ἔτι
1019 4493 1195 4563 πάντη
1224 4496 1340 4557 ταῖς
1374 4492 1544 4557 θείαις
1577 4479 1705 4547 ἀπιέ

1825 4495 1926 4551 lem
1965 4512 2072 4550 non
2105 4496 2209 4550 alia
2265 4504 2411 4551 esset
2454 4496 2614 4557 ratio,
2676 4494 2984 4551 divinarum
3034 4498 3213 4556 adhuc
3262 4517 3379 4554 orn-

162 4575 355 4630 στοῦσιν
398 4580 437 4632 Γ
442 4583 640 4651 ραφαῖς
690 4580 930 4651 δαψιλεῖς
978 4581 1035 4650 ἐξ
1082 4582 1258 4657 αὐτῶν
1312 4584 1703 4657 παρατίθεσθαι

1826 4588 1938 4643 tino
1973 4586 2378 4658 Scripturarum
2422 4585 2719 4641 incredulis
2757 4588 2961 4658 largam
3008 4604 3071 4644 ex
3111 4592 3177 4648 iis
3209 4599 3378 4648 mate-

156 4666 243 4732 τὰς
294 4674 598 4735 συστάσεις.
646 4673 727 4726 Τά
769 4690 832 4742 γε
873 4675 978 4747 μὴν
1017 4676 1073 4726 ἐν
1112 4676 1295 4747 χερσὶν
1337 4679 1447 4741 τοῖς
1494 4679 1558 4730 ὲκ
1605 4677 1703 4747 τῆς

1823 4681 1942 4734 -ἰιιιιι
2000 4679 2336 4735 conferendi.
2395 4678 2526 4745 Qua:
2586 4680 2752 4750 igitur
2800 4680 2852 4733 iu
2887 4696 3049 4735 manu
3084 4694 3265 4747 cram.
3309 4684 3376 4740 iis

156 4759 360 4817 ἐκείνων
399 4764 725 4832 ἀποδείξεως
754 4759 842 4819 οἷα
872 4765 934 4838 δὴ
983 4765 1153 4831 θείαις
1183 4767 1282 4841 ήδη
1318 4769 1408 4821 καὶ
1446 4768 1701 4822 θεοπνεύ-

1821 4773 1896 4844 ιιιί
1958 4781 2179 4843 propter
2246 4772 2437 4826 horum
2505 4771 3024 4828 demonstrationem
3102 4776 3183 4828 vel
3237 4775 3375 4830 diri.

155 4868 287 4918 στοις
331 4857 605 4911 πιστεύειν
655 4857 928 4926 ὀφείλουσι
970 4860 1089 4933 ταῖς
1138 4859 1305 4931 ἱεραῖς
1356 4860 1595 4931 Γραφαῖς
1642 4862 1702 4915 τὸ

1818 4865 1913 4927 ais,
1970 4866 2056 4921 vel
2103 4865 2365 4920 divinitus
2419 4856 2615 4920 alllatis
2660 4864 2884 4921 credere
2927 4865 3122 4922 debent
3168 4868 3372 4924 sanctis

152 4939 317 4998 λεῖπον
338 4947 571 5010 ἐκείναις
592 4946 1006 5019 ἀποπληροῦντα
1028 4948 1349 5021 ἐπεπόνητο,
1374 4950 1701 5023 Συναγωγὴν

1819 4956 2129 5027 Scripturis,
2159 4972 2279 5026 qua:
2312 4956 2419 5011 illis
2464 4956 2664 5012 desunt
2703 4959 3054 5028 complentia,
3095 4959 3373 5017 elaborata

149 5035 454 5106 περιέχοντα
494 5035 792 5108 συλλήϐδην
867 5074 882 5092 .
962 5075 976 5090 .
1055 5075 1073 5093 .
1150 5075 1168 5094 .
1246 5077 1261 5093 .
1342 5079 1365 5113 τ.
1432 5034 1699 5113 περὶτοῦ

1814 5057 1978 5113 erant,
2007 5047 2348 5121 Synagogam
2382 5064 2490 5104 uno
2529 5050 2697 5104 rerbo
2742 5050 3252 5119 comprehendentia
3294 5094 3309 5109 .
3354 5096 3368 5111 .

148 5123 337 5198 Κυρίου
368 5130 461 5183 καὶ
502 5129 753 5201 Σωτῆρος
800 5130 953 5201 ήμῶν
992 5129 1164 5204 ἰησοῦ
1206 5130 1441 5203 Χριστοῦ
1487 5150 1700 5206 προφη-

1818 5181 1821 5193 .
1867 5157 1886 5213 ;⁴
1926 5180 1940 5194 .
1986 5181 2002 5197 .
2046 5182 2060 5196 .
2105 5183 2118 5195 .
2165 5180 2180 5194 .
2226 5180 2240 5193 .
2288 5183 2301 5206 ,
2346 5180 2361 5194 .
2405 5182 2419 5196 .
2460 5140 2527 5196 de
2555 5140 2785 5194 Domino
2809 5142 3372 5202 etSalvatorenostro

143 5215 393 5281 τεέαν,ἆς
422 5217 649 5272 ἁπὸπ.
730 5261 743 5274 .
821 5258 837 5275 .
916 5262 929 5274 .
1010 5262 1022 5275 .
1096 5238 1127 5274 τ
1204 5262 1217 5275 .
1296 5239 1328 5276 σ
1403 5262 1425 5295 ._
1495 5223 1697 5298 παλαιὰ

1813 5229 1928 5287 Iesu
1962 5230 2181 5289 Christo
2224 5232 2581 5303 prophetiam,
2626 5247 2765 5301 quas
2807 5247 2837 5286 a
2880 5275 2893 5288 .
2937 5276 2952 5289 .
2997 5273 3009 5287 .
3057 5276 3071 5290 .
3115 5276 3130 5292 .
3175 5278 3190 5292 .
3234 5279 3248 5292 .
3292 5275 3309 5292 .
3353 5277 3367 5295 .

145 5307 401 5381 Διαθήκης
430 5313 520 5382 ὑφ’
549 5312 606 5371 ἓν
641 5317 964 5384 συναγαγεῖν
992 5314 1165 5382 ἔδοξεν
1186 5334 1199 5348 ·
1226 5317 1256 5371 δ
1296 5357 1310 5371 .
1390 5358 1404 5373 .
1485 5362 1498 5376 .
1582 5361 1596 5375 .
1679 5362 1694 5377 .

1816 5363 1821 5378 .
1868 5365 1882 5378 .
1928 5367 1941 5381 .
1988 5368 2002 5381 .
2046 5310 2239 5382 vetera
2266 5325 2597 5385 Testamenti
2632 5325 2685 5379 in
2723 5341 2889 5380 unum
2932 5330 3257 5388 contrahere
3291 5330 3370 5388 ri-

141 5411 312 5468 τξρον·
344 5402 421 5474 πῆ
451 5403 508 5457 δὲ
540 5406 632 5475 και
654 5405 720 5477 δι’
754 5407 1014 5462 ὑπονοιῶν
1050 5410 1119 5463 τὰ
1147 5411 1273 5482 napi.
1304 5411 1467 5465 αὐτοῦ
1498 5430 1693 5487 προειρ

1809 5432 1917 5475 sum
1946 5428 2065 5485 est;
2110 5459 2123 5473 .
2168 5460 2186 5477 .
2230 5460 2244 5474 .
2290 5462 2303 5475 .
2350 5459 2365 5474 .
2411 5463 2425 5476 .
2472 5465 2485 5475 .
2529 5460 2544 5475 .
2589 5423 2877 5495 allegorice
2916 5423 2984 5480 de
3017 5426 3109 5480 illo
3135 5442 3242 5496 pra:
3283 5467 3299 5480 .
3347 5471 3363 5485 .

143 5525 156 5538 -
224 5532 239 5547 .
318 5535 333 5549 .
413 5535 429 5550 .
504 5514 561 5550 ον
586 5498 745 5571 αὑτὸν
778 5500 870 5553 καὶ
898 5500 995 5565 τὰς
1022 5503 1141 5555 κατ’
1170 5503 1333 5558 αὑτὸν
1361 5506 1690 5578 οἰκονομίας.

1818 5580 1821 5583 _
1858 5551 1871 5564 .
1915 5549 1931 5567 .
1974 5551 1988 5564 .
2035 5553 2049 5567 .
2092 5550 2108 5567 .
2154 5554 2175 5583 ,ν
2202 5554 2215 5569 .
2249 5529 2370 5568 eum
2397 5522 2558 5586 atque
2577 5532 2803 5586 porcum
2821 5518 3368 5591 dispositiones.t\'en

139 5580 261 5684 υξχὶ
297 5582 352 5638 δὲ
377 5587 471 5640 καὶ
514 5588 598 5640 εἰσ
674 5630 687 5643 .
766 5629 780 5645 .
862 5628 877 5644 .
955 5631 967 5644 .
1047 5592 1247 5666 μόζομε
1278 5595 1313 5651 ἃ
1340 5596 1514 5669 πέρας
1546 5597 1693 5671 είλτΓ

1797 5612 1975 5660 autem
1998 5612 2051 5665 et
2075 5605 2130 5660 in
2172 5647 2187 5662 .
2232 5645 2247 5661 .
2294 5644 2308 5659 .
2348 5648 2362 5662 .
2406 5646 2421 5662 .
2464 5649 2479 5664 .
2519 5624 2642 5679 qua:
2661 5580 2936 5681 accepisse
2956 5625 3338 5674 exuumosten

136 5676 264 5735 961a
284 5676 578 5735 δείκνυται.
623 5680 1055 5745 Τὰςδὲτοιαύτα
1107 5724 1121 5739 .
1201 5726 1215 5740 .
1296 5726 1347 5751 .,
1390 5731 1403 5744 .
1484 5729 1498 5743 .
1580 5729 1595 5744 .
1677 5731 1689 5744 .

1803 5696 2016 5755 duntur.
2042 5697 2195 5753 Talia
2225 5713 2355 5755 vero
2393 5736 2410 5753 .
2455 5741 2475 5769 .,
2514 5676 2593 5765 .-ε
2629 5738 2646 5756 .
2691 5742 2707 5759 .
2871 5744 2886 5759 .
2930 5746 2945 5760 .
2985 5745 2999 5757 .
3039 5704 3357 5780 dirigentes.

224 5804 238 5817 .
313 5768 619 5843 ἀρχούσας·
661 5773 753 5831 καὶ
784 5775 1059 5850 σποράδην
1096 5779 1156 5833 οὐ
1193 5779 1349 5851 μόνον
1389 5782 1699 5865 προφητεία

1799 5798 1960 5863 atque
1987 5790 2093 5849 huc
2136 5796 2190 5850 et
2230 5790 2359 5853 illuc
2401 5762 2511 5850 non
2544 5762 2750 5855 tantum
2780 5796 3064 5870 prophetia
3112 5834 3125 5859 ι
