3936 6206
600 289 741 347 1023
1235 290 1504 350 susssn
1543 277 2030 349 CESARIENSIS
2079 289 2154 354 )P

2257 288 2438 346 PARS
2473 288 2560 347 ut.
2599 320 2670 340 -ε
2708 290 3116 350 εχεοετιεΑ.
3618 307 3728 370 mil

599 449 621 470 .
664 451 681 468 .
723 451 739 467 .
783 454 796 467 .
843 453 858 468 .
901 453 914 466 .
954 430 1075 484 qua:
1105 412 1158 467 in
1195 413 1443 471 historiis
1481 413 1853 469 continentur.
1883 411 2001 468 Non
2036 429 2158 485 pau-

2223 420 2290 475 ι.
2371 453 2385 466 .
2463 452 2478 466 .
2557 453 2571 466 .
2635 430 2769 467 ουσα
2809 454 2824 467 .
2900 453 2916 468 .
2958 415 3217 487 ἱστορίαις
3249 415 3729 491 ἐναπωιειμίναςιοὺκ

599 505 682 561 cis
719 547 734 561 .
777 546 792 558 .
832 547 846 560 .
891 545 905 560 .
945 548 958 561 .
1003 546 1016 560 .
1059 547 1073 566 .
1114 515 1234 562 acta
1281 505 1397 562 fore
1446 505 1644 571 utiles;
1673 519 1797 560 cum
1842 521 1951 560 non
1989 503 2158 573 facile,

2272 504 2469 574 ὀλίγοις
2545 545 2558 559 .
2638 547 2652 561 .
2731 545 2746 559 .
2824 505 3047 578 αχθεϊσα
3077 505 3291 562 ἔσεσθαι
3333 512 3611 582 χρησίμουςο
3637 519 3728 574 ἐπὶ

597 596 694 654 sed
733 596 890 666 quasi
935 612 1002 652 ex
1045 635 1062 652 .
1105 637 1121 651 .
1164 635 1182 652 .
1225 641 1239 654 .
1285 640 1298 654 .
1345 639 1360 652 .
1406 638 1419 649 .
1467 639 1480 653 .
1526 595 1932 666 Scripturarum
1985 611 2158 651 coram

2274 596 2350 669 μὴ
2379 598 2558 670 ῥᾴδιον
2581 598 2695 651 ἀλλ’
2726 597 2802 662 ὡς
2825 600 2888 650 ἐκ
2916 597 3017 668 τῆς
3091 638 3106 652 .
3183 638 3198 652 .
3270 599 3423 672 τάδην
3443 603 3534 656 τῶν
3558 605 3730 678 Γραφῶν

596 687 852 743 omnibus
897 689 1238 744 recitationis
1281 705 1473 748 omnes
1521 689 1808 760 subiacere
1838 689 1895 746 in
1929 704 1991 745 os
2023 698 2080 745 et
2116 689 2170 745 iu

594 778 914 832 memoriam
944 777 1089 835 ferre
1117 781 1448 836 volentibus.

669 867 964 928 Sciendum
1011 881 1098 928 est
1143 889 1267 938 nos,
1306 874 1626 944 priusquam
1681 873 1786 930 hoc
1829 873 2170 946 propositum

595 962 1042 1033 aggrederemur,
1071 963 1359 1022 Chronico:
1383 965 1624 1022 Conone:
1641 967 1960 1038 scripsisse,
1979 966 2170 1044 eisque

597 1055 982 1124 compendium
1018 1056 1184 1112 variae
1225 1058 1473 1114 historiae
1502 1068 1612 1112 tam
1655 1055 1970 1114 Graecorum
2003 1073 2166 1128 quam

594 1155 650 1200 et
669 1146 902 1200 aliarum
933 1149 1180 1220 gentium
1207 1165 1274 1203 ex
1309 1150 1540 1207 adverso
1565 1150 1837 1221 posuisse,
1867 1149 1935 1204 ad
1967 1149 2168 1222 Moysis

597 1246 760 1308 atque
805 1239 1061 1303 aliorum,
1109 1240 1203 1312 qui
1234 1250 1358 1311 post
1403 1257 1527 1297 eum
1572 1241 1744 1312 fuere,
1778 1244 2166 1314 praplietarum

596 1339 920 1386 vetustatem
965 1332 1371 1389 vindicandam.
1405 1333 1502 1391 liis
1531 1337 1688 1406 quasi
1733 1336 2166 1406 supplementum

595 1439 716 1495 quae
745 1423 904 1480 nobis
937 1425 990 1480 in
1011 1441 1174 1480 manu
1199 1437 1358 1482 erant
1388 1429 1588 1499 passim
1621 1429 1959 1500 colligentes,
1985 1428 2168 1499 priore

596 1515 848 1570 absoluto
891 1515 958 1569 ad
1011 1531 1251 1586 praesens
1299 1533 1437 1588 opus
1481 1533 1663 1573 rerum
1705 1530 1900 1573 natura
1946 1517 2164 1573 adducti

595 1622 808 1662 sumus.
841 1605 996 1672 Quod
1040 1608 1165 1679 quis
1213 1610 1320 1665 cite
1362 1610 1624 1680 sapientis
1653 1611 1771 1681 apis
1803 1611 2037 1666 naturali
2076 1610 2164 1666 in-

593 1699 817 1754 dustriae
859 1701 1276 1770 comparaverit,
1323 1701 1390 1755 ad
1421 1717 1583 1772 quam
1632 1717 1734 1757 nos
1783 1701 2010 1762 remittit
2070 1718 2165 1758 sa-

2272 688 2722 760 συναναγνὼσεως
2742 689 2842 754 τάς
2861 690 3037 756 πάσας
3059 691 3375 744 ὑποπίπτειν
3393 698 3488 757 τοῖς
3505 697 3587 752 ἀνὰ
3602 700 3733 772 στόμα

2271 783 2364 837 καὶ
2395 782 2484 836 διὰ
2511 784 2730 854 μνήμης
2757 782 2942 855 φέρειν
2977 784 3146 850 αύτάς
3172 783 3506 857 βουλομένοις.

2353 873 2549 930 ’ἰστέον
2579 873 2627 926 δ’
2654 873 2730 938 ὡς
2763 874 2868 948 πρὸ
2901 875 2996 947 τῆς
3035 875 3311 948 παρούσης
3343 876 3600 943 ὑποθέσεως
3628 883 3734 950 Χρο-

2267 966 2477 1035 νικοὺς
2515 966 2870 1032 συντάξαντες
2908 968 3202 1036 Κανόνας,
3233 970 3475 1040 ἐπιτομήν
3498 987 3548 1023 τε
3579 972 3733 1036 eodem;

2269 1055 2610 1129 παντοδαπῆς
2638 1057 2876 1129 ἱστορίας
2919 1057 3185 1130 Ἑλλήνων
3214 1075 3272 1110 τε
3301 1059 3388 1113 καὶ
3415 1059 3650 1132 βαρϐάρων
3667 1062 3735 1118 dt-

2267 1145 2680 1218 τιπαραθέντες,
2709 1146 2810 1219 τὴν
2840 1146 3121 1210 Μωῦσέως
3149 1147 3242 1200 καὶ
3265 1146 3366 1201 τῶν
3395 1148 3445 1216 ἐξ
3481 1150 3615 1204 αὐτοῦ
3639 1168 3734 1224 sm-

2268 1238 2454 1310 φητῶν
2485 1239 2817 1312 ἀρχαιότητα
2844 1238 2908 1292 δι’
2939 1237 3120 1294 αὐτῶν
3146 1241 3557 1310 παρεστήσαμενο
3584 1238 3647 1306 οἷς
3664 1243 3733 1315 τὴν

2270 1328 2407 1401 μετά
2447 1331 2635 1402 χεῖρας
2679 1330 2953 1402 σποράδην
3003 1327 3296 1383 ἀκόλουθον
3338 1329 3732 1402 ὑπολαμϐάνοντες,

2267 1421 2492 1486 εἰκότως
2537 1423 2653 1493 μετ’
2680 1420 2893 1493 ἐκείνην
2925 1419 3018 1473 ἐπὶ
3056 1418 3156 1491 τὴν
3181 1419 3444 1490 παροῦσαν
3479 1421 3731 1492 ἐληλύθαμεν

2268 1513 2644 1586 πραγματείαν
2665 1531 2680 1546 ο
2709 1515 2774 1585 ἢν
2793 1514 2888 1569 καὶ
2909 1513 3211 1586 χαριέντως
3239 1515 3300 1570 ἄν
3326 1531 3403 1577 τις
3423 1514 3490 1585 τῷ
3509 1513 3582 1585 τῆς
3603 1513 3730 1584 σοφῆς

2270 1605 2521 1677 μελίττης
2547 1607 2894 1660 ἀπεικάσειεν
2933 1606 3147 1677 φυσικῷ
3181 1607 3537 1678 σπουδάσματι,
3560 1606 3661 1677 πρὸς
3681 1607 3730 1677 ἣν

2266 1699 2604 1770 ἀναπέμπων
2635 1699 2784 1769 ἡμᾶς
2824 1701 2853 1752 ὁ
2894 1700 2953 1752 ἐν
2981 1699 3310 1771 Παροιμίαις
3352 1699 3478 1772 ἱερὸς
3511 1698 3630 1769 λόγος
3654 1715 3731 1768 φηγ

591 1806 685 1846 cer
722 1806 904 1847 sermo
952 1791 1008 1845 in
1051 1791 1363 1849 Proverbiis
1409 1792 1598 1850 dicens
1627 1813 1640 1848 :
1669 1811 1690 1845 ι
1719 1792 1868 1850 Vade
1890 1794 1956 1848 ad
1978 1809 2158 1865 apem,

2223 1776 2238 1831 Ι
2269 1795 2372 1858 σειν,
2413 1811 2431 1844 ε
2476 1793 2546 1846 Ἦ
2570 1790 2864 1865 πορεύθητι
2892 1791 3025 1862 πρὸς
3058 1793 3159 1864 τὴν
3189 1791 3445 1864 μέλιτταν,
3471 1792 3544 1844 καὶ
3567 1790 3624 1844 ίδε
3647 1789 3733 1852 πῶς

590 1892 647 1938 et
669 1881 791 1938 vide
811 1899 974 1954 quam
1001 1899 1233 1954 operosa
1260 1885 1352 1948 sit,
1383 1900 1656 1956 quamque
1685 1888 1960 1958 egregium
1993 1887 2198 1968 conlig

591 1977 700 2030 ciat
723 1990 862 2047 opus
887 1995 902 2042 ;
931 1975 1052 2046 ejus
1080 1977 1320 2032 laborem
1357 1993 1512 2049 reges
1553 1989 1606 2034 et
1641 1979 1838 2050 privati
1866 1979 1932 2034 ad
1966 1980 2165 2034 sanita—

591 2079 697 2125 tem
730 2069 1058 2137 comedunt;
1089 2078 1243 2141 grata
1285 2078 1371 2126 est
1421 2072 1698 2139 omnibus,
1732 2080 1900 2144 atque
1932 2073 2162 2145 inclyta,

589 2161 694 2218 etsi
742 2161 955 2218 viribus
1005 2161 1240 2227 debilis,
1294 2163 1620 2235 sapientiam
1669 2164 1851 2221 colere
1900 2164 2165 2236 praedica-

484 2314 493 2324 ,
589 2263 680 2310 tur
704 2254 743 2310 ⁸.
775 2274 794 2304 ι
838 2255 1307 2324 Quemadmodum
1364 2255 1513 2312 enim
1557 2257 1673 2312 hinc
1717 2257 1903 2328 opifex
1938 2259 2164 2330 sapien-

585 2350 718 2406 tiam
771 2350 952 2406 colere
1023 2348 1218 2414 fertur,
1271 2348 1578 2406 ﬂorentium
1641 2350 1949 2422 germinum
2013 2351 2163 2406 colli-

585 2457 721 2514 gens
754 2441 931 2507 utilia,
964 2448 1019 2497 et
1051 2440 1138 2497 bis
1169 2441 1428 2498 omnibus
1455 2442 1702 2498 collectis
1727 2452 1888 2513 atque
1915 2442 2168 2497 elabora-

591 2533 686 2598 tis,
716 2533 938 2604 regibus
965 2539 1020 2588 et
1052 2531 1280 2603 privatis
1322 2531 1616 2597 salutares,
1643 2541 1703 2586 ut
1731 2533 1808 2586 ait
1857 2531 2162 2602 Scriptura,

586 2633 806 2696 praestat
838 2626 1050 2680 labores
1091 2639 1241 2686 suos,
1273 2622 1416 2679 idem
1451 2625 1614 2678 etiam
1662 2623 1798 2679 istas
1838 2623 1906 2678 de
1942 2621 2164 2676 Christo

585 2715 934 2786 propheticas
957 2716 1117 2770 nobis
1147 2715 1399 2784 Eclogas,
1439 2730 1560 2786 quae
1597 2722 1727 2770 sunt
1768 2713 2098 2784 llorilegium
2133 2731 2166 2770 e

586 2808 756 2878 pratis
780 2805 872 2862 Dei
893 2807 1250 2877 spiritalibus,
1285 2808 1782 2878 comprehcnsuras
1820 2821 1945 2862 esse
1975 2805 2165 2861 existi-

585 2912 696 2962 mo,
759 2899 958 2969 quippe
1003 2913 1142 2954 cera:
1191 2897 1492 2967 opiﬁcium,
1543 2897 1772 2968 pulchre
1823 2898 2163 2955 elaboratum

585 2989 814 3045 sinceris
880 2988 1058 3045 verbis
1107 2987 1384 3044 tradentes
1445 2989 1748 3045 sententias
1807 3001 1938 3046 vero
1981 2991 2038 3046 in
2094 2992 2165 3048 iis

584 3081 896 3146 reconditas
925 3083 1067 3139 sicut
1104 3081 1317 3138 dulcem
1360 3098 1424 3138 ac
1460 3082 1882 3138 saluberrimum
1922 3085 2043 3156 apis
2072 3101 2163 3141 sa-
2188 3120 2230 3175 ο

585 3177 786 3246 pientis
821 3175 1054 3230 fructum
1095 3175 1150 3228 in
1191 3182 1403 3230 secreto
1440 3174 1701 3231 interiore
1731 3175 1854 3231 loco
1890 3175 2155 3234 condens.

583 3267 720 3336 Quis
755 3269 897 3324 enim
944 3266 1180 3322 ﬁdelium
1219 3283 1329 3322 non
1356 3266 1618 3326 fateretur
1650 3268 1718 3323 ab
1743 3268 1892 3323 omni
1910 3270 2158 3341 corporis

582 3361 858 3432 voluptate
897 3369 951 3416 et
975 3359 1206 3416 utilitate
1240 3359 1651 3430 incomparabili
1691 3359 1908 3418 dill‘erre
1936 3362 2159 3432 pracela

584 3452 749 3507 lentia
779 3451 1046 3507 salutares
1069 3450 1137 3508 de
1165 3449 1348 3508 Verbo
1377 3451 1472 3507 Dei
1495 3451 1839 3518 collationes,
1865 3453 1932 3508 ad
1955 3454 2156 3510 intelli-

583 3545 819 3615 gentiam
845 3543 1179 3598 orthodoxize
1212 3542 1457 3609 idoneas,
1482 3543 1538 3598 in
1583 3544 1650 3600 iis
1672 3559 1794 3614 quae
1833 3560 1962 3602 vere
1999 3545 2154 3601 utilia

582 3643 636 3687 ct
673 3633 915 3688 salubria
961 3634 1124 3689 sunt!
1159 3631 1311 3688 Hanc
1359 3634 1612 3705 amplecti
1653 3649 1879 3691 necesse
1916 3644 2003 3692 est
2043 3651 2156 3694 non

583 3733 792 3780 tantum
863 3724 1128 3796 dignitate
1199 3725 1572 3797 pracellentes
1599 3766 1615 3792 ,
1682 3727 1778 3799 qui
1833 3743 1990 3800 reges
2053 3745 2154 3785 vo-

582 3822 798 3881 cantur,
851 3815 948 3870 sed
997 3822 1052 3870 et
1098 3816 1397 3888 subjectos,
1443 3824 1498 3873 et
1528 3817 1764 3888 primum
1790 3834 1938 3874 nunc
1967 3818 2153 3876 divino

581 3909 926 3970 attendentes
988 3907 1174 3966 verbo.
1228 3905 1438 3974 Quibus
1473 3909 1689 3967 diverse
1737 3911 1994 3968 idoneum
2037 3912 2154 3969 fore

579 4000 836 4056 existimo
881 3999 1079 4055 mentis
1115 3998 1400 4066 habitum,
1452 4007 1514 4054 ut
1561 3993 1886 4072 pernoscere
1941 4002 2154 4074 possint

579 4091 866 4146 veritatem
915 4103 1106 4144 eorum
1163 4089 1455 4144 verborum
1491 4127 1507 4155 ,
1569 4090 1637 4146 de
1702 4091 1902 4162 quibus
1951 4091 2151 4148 eruditi

578 4181 780 4246 sunt';
829 4187 960 4234 tunc
994 4177 1228 4234 maxime
1269 4179 1501 4248 simplici
1560 4181 1884 4253 sinceraque
1918 4181 2022 4238 ﬁde
2059 4182 2152 4237 ﬁr-

579 4286 724 4326 mam
783 4280 1152 4342 consequente
1203 4272 1499 4338 liduciam,
1543 4289 1669 4329 cum
1733 4275 2152 4333 ratiocinatione

579 4371 634 4418 et
671 4363 1136 4423 demonstratione
1171 4362 1529 4420 fundamenta
1557 4367 1804 4422 stabilita
1845 4369 1978 4434 sint,
2029 4385 2150 4425 cer-

580 4453 847 4510 tissimam
877 4469 1059 4510 rerum
1089 4455 1422 4512 creditarum
1449 4457 1862 4530 intelligentiam
1884 4467 1940 4514 et
1968 4459 2148 4516 scien-

579 4546 709 4602 tiam
769 4545 838 4602 ad
877 4585 892 4601 .
936 4585 952 4599 .
993 4584 1012 4605 .
1056 4587 1071 4602 .
1129 4587 1144 4602 .
1190 4590 1205 4603 .
1248 4585 1264 4602 .
1315 4587 1332 4604 .
1375 4587 1394 4606 .
1437 4592 1451 4606 .
1499 4591 1514 4605 .
1553 4549 1720 4622 igitur
1768 4565 1970 4619 causa,
2023 4549 2149 4609 dico

579 4640 762 4708 autem
801 4674 818 4692 .
857 4675 872 4691 .
915 4675 932 4689 .
979 4677 994 4691 .
1035 4676 1051 4692 .
1099 4679 1113 4692 .
1159 4678 1174 4694 .
1219 4679 1235 4694 .
1276 4678 1290 4691 .
1329 4654 1557 4697 necesse
1596 4656 1718 4698 esse
1749 4642 1973 4712 prodest
2009 4684 2024 4698 .
2069 4684 2086 4700 .
2129 4685 2145 4703 .

579 4744 597 4768 ιν
641 4766 658 4783 .
701 4768 716 4786 .
759 4767 774 4784 .
821 4769 836 4785 .
881 4770 897 4786 .
939 4768 956 4785 .
999 4769 1016 4786 .
1058 4772 1074 4787 .
1118 4738 1216 4800 ,ut
1251 4731 1306 4787 in
1341 4735 1594 4806 prommii
1625 4735 1788 4792 modo
1815 4736 2148 4809 interpreta-

579 4821 781 4876 tionem
809 4819 1021 4876 brevi-.
1065 4861 1080 4876 .
1118 4861 1136 4880 .
1181 4862 1200 4879 .
1241 4863 1254 4877 .
1298 4861 1316 4878 .
1364 4863 1379 4880 .
1423 4863 1440 4878 .
1481 4864 1500 4878 .
1539 4866 1556 4882 .
1601 4867 1618 4882 .
1658 4826 1896 4881 maxime
1933 4826 2148 4884 brevis-

577 4913 772 4970 simam
818 4929 1124 4985 proponere
1168 4915 1236 4971 de
1277 4953 1290 4970 .
1337 4956 1352 4971 .
1399 4957 1414 4972 .
1457 4958 1471 4971 .
1516 4955 1533 4969 .
1589 4917 1812 4988 quidem
1858 4933 2147 4992 argumen-

576 5013 694 5061 tum
721 5005 832 5062 illis
851 5007 942 5077 qui
969 5006 1193 5064 credere
1221 5006 1381 5079 quasi
1402 5006 1606 5064 divinis
1647 5047 1662 5064 .
1707 5049 1721 5064 .
1766 5051 1781 5065 .
1823 5052 1838 5066 .
1890 5048 1906 5065 .
1951 5051 1965 5066 .
2011 5054 2025 5067 .
2070 5056 2084 5069 .
2129 5052 2144 5068 .

577 5097 876 5168 praedicant
919 5097 1258 5171 Scripturis;
1301 5115 1412 5154 non
1443 5099 1613 5171 igitur
1653 5141 1668 5156 .
1714 5141 1726 5154 .
1773 5143 1786 5157 .
1835 5145 1849 5157 .
1893 5141 1909 5158 .
1950 5142 1964 5157 .
2007 5144 2022 5158 .
2067 5147 2083 5161 .
2129 5144 2143 5159 .

576 5189 761 5247 Iesum
793 5192 954 5262 quasi
984 5192 1163 5263 ipsum
1209 5207 1370 5263 quem
1410 5191 1895 5264 prophetaverunt.
1939 5193 2000 5250 In
2043 5196 2146 5251 du-

577 5284 667 5339 bio
825 5326 839 5340 .
886 5327 899 5340 .
942 5325 959 5341 .
1003 5323 1019 5338 .
1065 5327 1079 5340 .
1125 5327 1139 5342 .
1185 5325 1199 5340 .
1241 5301 1356 5355 eos,
1401 5287 1610 5343 scilicet
1654 5285 1892 5358 Iudaeos,
1930 5305 2143 5347 necnon

577 5377 779 5432 electos
821 5417 836 5432 .
879 5415 895 5431 .
938 5416 952 5431 .
995 5415 1011 5430 .
1053 5417 1070 5435 .
1115 5418 1130 5434 .
1175 5416 1190 5430 .
1233 5417 1250 5444 ,
1289 5385 1344 5433 et
1381 5377 1740 5436 refutationes
1785 5397 1976 5437 eorum
2023 5399 2144 5454 quae

578 5471 750 5538 magis
776 5470 938 5525 etiam
977 5471 1213 5540 mythica
1243 5481 1470 5540 possent
1497 5471 1701 5538 dicere,
1729 5475 2013 5533 exsolvere
2043 5491 2140 5534 co-

577 5558 688 5612 nati
714 5559 926 5616 divinas
956 5577 1139 5619 voces.
1169 5560 1288 5619 Erit
1317 5578 1536 5637 quoque
1572 5565 1754 5624 brevis
1780 5573 1834 5624 et
1862 5567 2140 5626 moderata

2249 5567 2642 5642 φητευόμενονο
2677 5563 3020 5637 ἐπαπόρησιν
3051 5579 3091 5616 π
3117 5601 3131 5616 .
3172 5601 3188 5617 .
3227 5598 3240 5612 .
3281 5595 3294 5612 .

651 5733 666 5772 ι
706 5733 866 5790 Prov.
901 5751 976 5804 vn,
1009 5739 1063 5794 8.
1141 5741 1161 5772 ²
1200 5737 1334 5798 Luc.
1372 5741 1435 5812 l,
1471 5741 1525 5802 ι.

2177 4503 2224 4558 D

2265 1885 2485 1957 ἐργάτις
2513 1884 2651 1950 ἐστὶ,
2680 1887 2780 1956 τήν
2810 1901 2868 1936 τε
2900 1884 3164 1956 ἐργασίαν
3191 1883 3266 1947 ὼς
3308 1882 3485 1953 σεμνὴν
3505 1877 3729 1954 ἐμπορεύε-

2262 1995 2350 2032 ται
2367 1995 2380 2008 σ
2405 1973 2473 2051 ἦς
2496 1978 2621 2042 τοὺς
2641 1977 2838 2042 πόνους
2866 1977 3105 2048 βασιλεῖς
3128 1976 3225 2030 καὶ
3261 1975 3447 2028 ἰδιῶται
3465 1974 3571 2044 πρὸς
3589 1971 3733 2040 ὑγείαν

2263 2070 2661 2142 προσφέρονται
2687 2085 2700 2098 ·
2738 2068 2957 2139 ποθεινή
2990 2085 3051 2120 τε
3079 2067 3227 2122 ἐστὶν
3251 2068 3406 2120 πᾶσιν
3436 2065 3511 2118 καὶ
3535 2060 3732 2126 ἐπίδοξος,

2264 2161 2463 2233 καίπερ
2489 2156 2622 2214 οὖσα
2647 2162 2712 2231 τῇ
2747 2159 2907 2234 ῥώμῃ
2929 2157 3186 2229 ἀσθενὴς,
3220 2158 3315 2228 τὴν
3339 2156 3506 2225 σοφίαν
3527 2155 3734 2224 τιμήσασα

2265 2255 2533 2330 προήχθη.
2573 2273 2592 2306 ι
2630 2255 2726 2308 Ὃν
2758 2252 2866 2323 γὰρ
2915 2255 2949 2324 ἡ
2986 2254 3215 2325 ἐργάτις
3261 2251 3432 2320 ἐκείνη
3471 2248 3633 2319 τρόπον
3666 2248 3732 2316 τὴν

2266 2348 2453 2418 σοφίαν
2483 2347 2712 2419 τιμῆσαι
2739 2344 3182 2418 μαρτυρουμένη,
3203 2342 3308 2396 τῶν
3329 2340 3539 2395 εύθαλῶν
3556 2337 3738 2410 βλαστὼν.

2262 2440 2634 2512 ἀναλεγομένη
2659 2438 2728 2493 τά
2767 2438 3072 2511 πρόσφορα,
3109 2438 3174 2490 ἐκ
3196 2435 3294 2506 τῆς
3329 2433 3553 2488 ἀπάντων
3574 2435 3731 2484 ἐπιωγ-

2263 2533 2486 2604 αγωγῆς
2543 2549 2603 2585 τε
2657 2530 2752 2585 καὶ
2795 2531 3057 2602 ἐργασίας
3123 2527 3391 2601 βασιλεῦσι
3440 2527 3522 2580 καὶ
3565 2523 3732 2582 ίδιὼτσις

2264 2625 2552 2694 ὑγιεινοὺς,
2644 2639 2810 2694 φησιν
2836 2623 2869 2693 ἡ
2895 2621 3112 2693 Γραφὴ,
3141 2619 3431 2692 παρέχεται
3460 2616 3565 2679 τοὺς
3593 2612 3732 2680 ἑαυτῆς

2266 2717 2478 2782 πόνους,
2507 2715 2700 2769 ταυτόν
2723 2732 2776 2768 τι
2800 2715 2893 2768 καὶ
2923 2714 3020 2775 τὰς
3051 2714 3185 2784 περὶ
3211 2711 3302 2766 τοῦ
3332 2707 3542 2782 Χριστοῦ
3561 2710 3730 2773 Προμη-

2262 2809 2430 2876 mag
2459 2809 2592 2880 ἡμῖν
2632 2807 2934 2878 Ἐκλοτὰς,
2979 2806 3301 2877 ἀπάνθισμα
3325 2803 3432 2857 τῶν
3455 2800 3536 2856 τοῦ
3557 2797 3658 2860 Θεοῦ
3674 2795 3731 2848 in-

2262 2899 2434 2969 γικῶν
2478 2882 2758 2971 λειμῦνων
2799 2896 3195 2968 τυγχανούσας,
3251 2893 3502 2968 περιέξειν
3542 2887 3729 2961 ἡγοῦμαι.

2261 2995 2362 3065 τὴν
2397 2992 2494 3065 μὲν
2516 2991 2624 3046 τῶν
2657 2989 2840 3064 κηρῶν
2867 2979 3172 3044 εὔπλαστον
3197 2986 3531 3060 δημιουργίαν
3547 2983 3593 3035 ἐν
3605 2977 3729 3049 ψιλαῖί

2263 3087 2380 3149 ταῖς
2406 3083 2611 3149 λέξεσιν
2642 3080 3050 3165 ἀπρσωζούσας,
3099 3079 3174 3134 τὰ
3215 3079 3258 3133 δ’
3301 3081 3357 3133 ἐν
3385 3075 3517 3148 αὐτῷ
3539 3073 3730 3134 τεθησαυ-

2263 3175 2498 3249 ρισμένα
2527 3176 2772 3246 νοήματα
2802 3171 3120 3243 καταλλήλῳ
3151 3170 3229 3243 τῷ
3254 3169 3434 3240 γλυκεῖ
3457 3169 3537 3222 καὶ
3569 3167 3728 3233 ὑγιεινοο

2260 3268 2407 3340 τάτῳ
2437 3267 2536 3339 τῆς
2568 3266 2737 3336 σοφῆς
2785 3267 2843 3318 ἐν
2876 3263 3087 3337 ἐκείνης
3117 3265 3411 3336 γεννήματι
3447 3261 3557 3314 εἵσω
3593 3271 3667 3310 πω
3687 3255 3726 3306 iv

2261 3359 2589 3430 ἀπορρήτοις
2628 3356 3037 3428 ταμιευόμενος.
3081 3353 3180 3417 Τίς
3219 3354 3322 3422 γὰρ
3367 3351 3430 3422 δὴ
3461 3350 3554 3402 τῶν
3584 3341 3725 3399 madv

2259 3450 2360 3503 οὐκ
2411 3449 2476 3504 ἂν
2508 3448 2834 3520 ὁμολογήσαι
2875 3447 3055 3518 πάσης
3099 3445 3192 3500 διὰ
3235 3444 3482 3516 σωμάτων
3515 3437 3660 3510 ἡδονῆς
3687 3448 3726 3486 τε

2261 3543 2355 3596 καὶ
2377 3541 2639 3613 ὠφελείας
2668 3540 2984 3613 ἀσυγκρίτῳ
3015 3539 3291 3610 διαφέρειν
3320 3536 3535 3608 ὑπεροχῇ
3559 3530 3634 3591 τὰς
3655 3543 3724 3578 σω-

2257 3632 2476 3706 τηρίους
2502 3633 2629 3705 περὶ
2661 3631 2754 3686 τοῦ
2789 3631 2962 3700 Λόγου
2995 3629 3088 3684 τοῦ
3119 3628 3259 3682 Θεοῦ
3300 3624 3600 3699 παραθέσεις,
3626 3613 3724 3706 (lC-9i

2259 3704 2592 3800 ἐπιτηδείους
2635 3725 2772 3796 πρὸς
2823 3723 3086 3794 ἀνάληψιν
3140 3718 3474 3795 ὑπαρχούσας
3521 3712 3600 3781 τῆς
3631 3704 3726 3800 atrii

2259 3797 2515 3892 ἀλήθειαν
2565 3817 2838 3889 ὠφελίμου
2883 3817 2978 3871 καὶ
3029 3815 3276 3886 ὑγιεινῆς
3329 3806 3617 3883 όρθοδοξίας;
3657 3797 3726 3892 ’ξὶν

2260 3889 2539 3984 περιέπειν
2569 3911 2864 3980 ἀναγκαῖον
2891 3909 2952 3962 ού
2990 3907 3185 3979 μόνους
3205 3907 3331 3986 τούς
3356 3903 3448 3974 τὴν
3475 3889 3724 3986 ἓξινπροϐε·

2259 3980 2494 4072 δηᾶιότας
2525 3998 2764 4071 βασιλεῖς
2787 3994 3238 4072 ὀνομαζομένορς,
3264 3980 3393 4047 ἆλλά
3417 3985 3616 4046 καὶτοὺς
3637 3980 3726 4072 tm

2259 4069 2557 4165 δεόηκότας
2580 4090 2674 4147 καὶ
2699 4090 2916 4163 πρῶτον
2933 4088 3056 4160 ἄρτι
3071 4069 3296 4158 τῷθείῳ
3313 4080 3593 4165 προσιόντας
3609 4069 3721 4165 λόγῳ·

2223 4187 2234 4200 ’
2256 4183 2337 4252 οἷς
2377 4158 2472 4240 καὶ
2502 4158 2858 4256 διαφερόντως
2891 4158 3203 4252 ἐπιτηδείαν
3230 4175 3435 4230 ἔσεσθαι
3477 4164 3637 4240 νομίζω
3658 4158 3723 4256 τὴν

2258 4278 2533 4341 ὑπόθεσιν,
2697 4275 2763 4330 ἂν
2811 4273 3068 4346 ἀκριϐοῦν
3109 4271 3170 4339 ἐξ
3213 4271 3377 4342 αὐτῆς
3423 4266 3623 4324 δύναιντο
3656 4252 3722 4346 τῇ*

2257 4371 2385 4443 περί
2421 4362 2496 4423 ὧν
2535 4342 2922 4438 κατηχήθησαν
2954 4363 3127 4432 λόγων
3160 4361 3474 4432 ἀσφάλειαν·
3504 4342 3720 4443 θεόῖεΔ

2256 4435 2346 4513 λον
2371 4461 2470 4530 τῆς
2497 4435 3080 4528 ἁπλῆςνκαιάκεραίου
3106 4452 3344 4514 πίστεως
3365 4449 3545 4515 πεῖσμα
3567 4435 3718 4530 ﬁt?”

2257 4525 2532 4622 ίσχούόης,
2571 4525 2788 4600 ὲτὲειδὰν
2827 4544 2907 4616 τῷ
2936 4525 3187 4616 λογισμῷ
3238 4543 3359 4605 τοὺς
3389 4539 3452 4592 δι’
3481 4525 3716 4591 ἀποδείξεως

2253 4636 2746 4716 προεγκαταΰαλών
2769 4655 2854 4702 τις
2871 4635 3148 4709 θεμελίους
3173 4635 3272 4706 τὴν
3293 4630 3478 4703 ἀκριϐῆ
3503 4623 3590 4716 τῶν
3609 4630 3714 4671 mtt-

2255 4715 2562 4803 στευμένων
2610 4727 2911 4800 κατάληψίν
2952 4744 3011 4781 τε
3063 4726 3157 4781 καὶ
3207 4724 3400 4795 γνῶσιν
3428 4718 3545 4790 πρὸς
3577 4715 3709 4770 tam

2257 4863 2271 4879 ο
2347 4863 2363 4878 .
2443 4863 2458 4880 .
2536 4862 2554 4876 .
2620 4862 2634 4875 .
2672 4838 2702 4876 ν
2725 4819 2855 4891 γοῦν
2885 4819 3069 4873 ἐνεκεν
3097 4818 3238 4890 φημὶ
3266 4817 3320 4871 δέ
3345 4815 3444 4868 τῶν
3470 4813 3522 4863 ἐτ
3553 4846 3567 4861 .
3597 4841 3610 4857 .
3636 4815 3708 4851 τον

2253 4916 2448 4990 χειώσε
2523 4957 2541 4971 .
2618 4956 2632 4970 .
2714 4953 2727 4967 .
2807 4953 2823 4969 .
2900 4951 2915 4966 .
2993 4949 3011 4966 .
3084 4912 3368 4980 ἀναγκαῖον
3392 4901 3512 4959 εἷναι
3537 4892 3706 4990 τηρέεξτθ

2257 4981 2395 5080 μετά
2435 5006 2534 5080 τὴν
2571 5005 2808 5078 ἑκάστης
2859 5021 2966 5077 προ
3036 5041 3053 5057 .
3130 5042 3144 5056 .
3221 5041 3235 5055 .
3315 5042 3329 5056 ,
3401 5013 3462 5062 ιν,
3487 4981 3706 5080 ὡςὲνείο·

2253 5069 2691 5175 ἀγωγῆςΙτρόπῳ
2715 5069 2965 5173 διηγησιν
2997 5098 3166 5171 βραχυ
3206 5136 3223 5152 .
3299 5136 3312 5147 .
3384 5132 3397 5145 .
3467 5129 3482 5142 ι
3544 5081 3606 5136 ενι

2251 5193 2406 5248 λιστα
2439 5191 2853 5265 συντομωτάτην
2880 5187 3215 5264 παραθέσθαι
3246 5185 3366 5258 περὶ
3403 5224 3416 5236 .
3483 5219 3495 5232 .
3560 5214 3572 5227 -

2255 5287 2351 5359 μὲν
2377 5287 2594 5358 ἔλεγχον
2616 5285 2724 5340 τῶν
2756 5283 3032 5338 πιστεύειν
3064 5283 3161 5355 μὲν
3190 5281 3264 5342 ὡς
3293 5276 3452 5337 θείαις
3484 5309 3498 5325 .
3561 5307 3571 5319 .
3629 5297 3641 5313 σ
3690 5291 3700 5304 ο

2254 5384 2370 5450 ραϊς
2389 5379 2698 5452 αὐχούντων
2718 5379 2958 5452 Γραφαῐς
2972 5395 2986 5407 υ
3015 5377 3088 5449 μὴ
3112 5374 3212 5448 μὴν
3232 5379 3500 5444 προσιεμεν
3519 5402 3532 5415 ,
3550 5397 3564 5452 ,
3579 5363 3676 5452 ora,
3688 5380 3700 5395 .

2250 5449 2266 5530 ζ
2348 5514 2364 5531 .
2538 5515 2552 5530 .
2628 5471 2704 5527 ῶν
2747 5449 2950 5541 ἰησοῦν
2981 5468 3054 5535 ὡς
3097 5469 3161 5524 ἂν
3201 5460 3486 5526 normam
3521 5449 3701 5541 τδγπρῖ

3332 5548 3519 5609 αὐτοὺς,
3543 5536 3650 5605 ui”
3663 5523 3701 5580 δδ
