3936 6206
271 259 421 318 ιῡεθ

1302 266 1604 336 ECLOGAE
1639 269 2121 329 PROPHETICAE.
2160 303 2229 314 —-
2267 273 2394 330 LIB.
2428 275 2469 330 1.

3375 280 3512 337 ιςδο

269 399 375 450 σας
413 385 663 459 Ἀϐραάμ
700 384 871 455 εἶπεν,
921 390 1010 462 Μὴ
1058 393 1421 467 συναπολέσῃς
1458 395 1662 452 δίκαιον
1706 415 1801 469 μετ

1904 422 1914 461 ι
1946 398 2068 469 pio?
2090 395 2435 464 Sitvejustus
2460 399 2772 469 utimpius?
2799 394 2855 454 Si
2885 397 3089 455 fuerint
3116 398 3509 470 quinquaginta

267 477 502 543 ἀσεϐοῦς
522 496 536 509 ·
570 480 663 533 καὶ
694 481 843 536 ἔσται
871 484 900 536 6
938 483 1142 549 δίκαιος
1172 485 1248 551 ὡς
1289 490 1318 541 6
1361 489 1586 561 ἀσεϐής·
1617 491 1712 544 ὲάν
1738 485 1841 545 ῶσι

269 572 608 641 πεντήκοντα
652 574 845 628 δίκαιοι
895 578 953 630 ὲν
990 581 1056 649 τῇ
1093 580 1264 643 πόλει,
1296 582 1581 646 ἀπολέσεις
1608 584 1836 648 αὑτούς;

272 662 389 715 Ούκ
418 663 635 734 ἀνήσεις
654 665 828 719 πάντα
857 666 946 719 τὸν
970 668 1133 723 τόπον
1164 672 1346 724 ἕνεκεν
1371 672 1478 724 τῶν
1506 674 1837 743 πεντήκοντα

267 753 510 817 δικαίων,
534 757 630 810 ἐὰν
659 752 791 811 ὦσιν
821 761 876 811 ἐν
905 762 1037 833 αὐτῇ
1061 779 1074 825 ;
1105 763 1382 833 Μηδαμῶς
1407 764 1469 816 σὺ
1502 766 1743 835 ποιήσεις
1763 764 1837 829 ῶς

264 848 328 900 τὶ
361 849 511 919 ῥῆμα
534 849 691 903 τοῦτο
711 851 804 904 τοῦ
837 853 1150 907 ἀποκτεῖναι
1175 854 1380 907 δίκαιον
1407 856 1542 925 μετά
1574 855 1828 920 ἀσεϐοῦς⁸

265 943 365 995 καὶ
397 943 543 996 ἔσται
576 946 604 997 6
636 944 838 1008 δίκαιος
870 945 943 1009 ὡς
979 948 1006 999 6
1044 948 1274 1018 ἀσεϐής
1310 946 1571 1019 μηδαμῶς
1593 965 1606 978 ·
1642 950 1669 1001 6
1714 949 1832 1019 κρί-

265 1049 375 1087 νων
397 1037 571 1088 πᾶσαν
604 1035 700 1105 τὴν
729 1036 831 1106 γῆν
862 1037 920 1088 ού
968 1038 1215 1107 ποιήσεις
1253 1038 1465 1109 κρίτινς
1510 1060 1526 1089 ι
1572 1038 1678 1091 Καὶ
1710 1037 1827 1108 μεθ’

262 1126 429 1197 ἕτερά
460 1142 622 1195 φησιν
671 1128 703 1197 ἦ
755 1128 978 1198 Γραφὴ·
1045 1150 1062 1180 ι
1106 1129 1366 1199 Ἀπῆλθεν
1408 1129 1461 1182 δὲ
1507 1130 1706 1200 Κύριος
1752 1130 1827 1193 ὼς

263 1216 539 1270 ἐπαύσατο
565 1216 740 1270 λαλῶν
764 1218 840 1288 τῷ
876 1218 1137 1290 Ἀϐραάμ.
1174 1220 1430 1291 Εἰσῆλθον
1458 1221 1512 1274 δὲ
1545 1222 1637 1274 καὶ
1665 1223 1711 1274 οἱ
1735 1220 1827 1273 δύο

1941 489 2074 558 justi
2102 490 2152 544 in
2171 490 2407 554 civitate,
2441 492 2908 561 peribuutsimul?
2959 492 3150 547 Nonne
3176 508 3366 561 parces
3387 493 3508 548 loco

1946 583 2021 635 illi
2064 593 2280 654 propter
2317 585 2707 656 quinquaginta
2747 586 2949 655 justos,
2995 587 3041 641 si
3089 587 3291 642 fuerint
3321 590 3374 642 in
3406 589 3507 643 eo?

1945 674 2105 728 Absit
2127 691 2154 726 a
2201 682 2255 729 te
2286 687 2342 729 ut
2373 693 2482 730 rem
2514 678 2656 731 banc
2688 678 2877 740 facias,
2929 686 2984 731 et
3024 680 3245 734 occidas
3287 680 3500 747 justum

1942 780 2063 819 cum
2098 767 2284 835 impio,
2319 767 2515 837 tiatqne
2541 769 2723 837 justus
2746 770 2887 824 sicut
2912 771 3258 840 iu:pius;uon
3290 775 3510 828 esthoc

1940 865 2112 919 tiunn,
2146 860 2237 927 qui
2258 859 2475 927 judicas
2503 876 2723 925 onmem
2761 873 2960 916 terram
2996 880 3010 928 ;
3045 880 3383 934 nequaquam
3417 866 3497 921 fn-

1935 951 2046 1002 cies
2070 950 2333 1018 judicium
2397 953 2497 1005 lioc
2537 954 2603 1007 ⁸⁷.
2636 974 2654 1004 ι
2691 951 2756 1006 Et
2804 964 2922 1024 post
2959 970 3127 1024 pauca
3174 958 3307 1010 dicit
3348 955 3497 1014 Scri-

1934 1047 2087 1107 ptura
2106 1042 2498 1095 :t;\Dlllal1lC||t
2520 1042 2796 1100 Dominus.
2809 1055 3089 1115 postquam
3106 1053 3334 1102 cessavit
3350 1051 3491 1120 loqui

1933 1131 1997 1181 ad
2015 1131 2283 1185 Abraham
2308 1134 2377 1194 '5;
2409 1145 2777 1204 veneruntque
2807 1137 2914 1189 duo
2937 1139 3109 1207 angeli
3130 1143 3180 1192 in
3202 1140 3490 1197 Smlouiaut

1933 1237 2175 1290 vespere.
2210 1233 2262 1277 it
2293 1226 2514 1280 sederle
2546 1225 2641 1281 Lot
2677 1230 2729 1281 in
2764 1227 2969 1284 foribus
2990 1230 3225 1285 civitatis
3253 1233 3314 1287 ".
3353 1252 3372 1285 ι

262 1310 477 1379 ἄγγελοι
499 1313 578 1373 εἰς
610 1311 814 1382 Σόδομα
845 1314 1111 1384 ἑσπέρας·
1150 1314 1269 1368 Λὼτ
1304 1316 1357 1369 δὲ
1398 1316 1632 1384 ἐκάθητο
1675 1316 1823 1386 παρὰ
1858 1316 1956 1387 τὴν
1990 1317 2162 1389 πύλην
2189 1320 2451 1390 Σοδόμων.
2484 1341 2502 1374 ι

342 1406 659 1477 Ἐπιστῆσαι
695 1407 841 1474 ἄξιον
889 1409 1115 1481 πότερον
1158 1411 1382 1480 ἄγγελος
1418 1414 1445 1466 6
1474 1411 1648 1483 τυχὼν
1686 1413 1825 1466 κατά

259 1499 383 1562 τοὺς
407 1500 603 1564 τόπους
636 1500 885 1570 δηλοῦται
920 1506 948 1557 6
974 1505 1099 1567 τοὺς
1132 1522 1232 1576 χρη
1243 1507 1543 1577 ματισμοὺς
1571 1507 1705 1578 πρὸς
1732 1506 1822 1561 τὸν

262 1586 520 1664 ’Δϐραάμ
549 1594 932 1665 πεποιημένος,
973 1596 1005 1667 ἢ
1035 1597 1194 1661 αύτὲς
1231 1599 1259 1649 6
1304 1598 1412 1650 τῶν
1441 1598 1575 1652 ὅλων
1600 1600 1752 1663 Θεὸς.
1784 1600 1816 1672 ἢ

246 1684 440 1754 τρίτος
472 1703 550 1749 τις
582 1686 730 1757 παρὰ
767 1687 986 1751 τούτους
1022 1691 1050 1742 6
1082 1689 1173 1741 τοῦ
1217 1688 1351 1742 Θεοῦ
1378 1692 1565 1759 Λόγος,
1591 1691 1648 1744 ὃν
1680 1691 1816 1762 μετά

250 1775 350 1829 τὸν
383 1777 632 1830 ἀνωτάτω
666 1778 881 1849 Πατέρα
909 1779 1001 1832 καὶ
1025 1778 1155 1832 Θεὸν
1194 1780 1299 1833 τῶν
1331 1781 1464 1834 ὅλων
1494 1781 1692 1853 Κύριον
1720 1784 1815 1836 καὶ

250 1865 386 1921 Θεὸν
420 1869 707 1931 ἀποκαλεῖν
732 1868 850 1934 ἔθος
874 1874 937 1941 τῇ
971 1872 1087 1943 ἱερᾷ
1116 1872 1299 1943 Γραφῇ
1319 1888 1331 1901 ·
1364 1872 1441 1926 ἔτι
1472 1890 1528 1925 τε
1562 1873 1810 1943 ζητῆσαι,

249 1959 337 2020 τίς
367 1953 436 2028 ἦν
472 1961 500 2011 6
532 1959 639 2013 τῶν
667 1961 832 2031 τριῶν
869 1962 975 2014 τῶν
1022 1963 1289 2032 ἀρθέντων
1323 1962 1400 2033 τῷ
1443 1963 1815 2035 Ἀϐραάμὰν·

251 2048 412 2121 δρῶν,
452 2052 586 2121 πρὸς
613 2052 670 2105 ὃν
700 2054 857 2117 αύτός
888 2072 944 2107 τε
970 2051 1139 2117 εἶπεν,
1176 2075 1193 2104 ι
1228 2056 1418 2129 Κύριε,
1443 2060 1490 2111 εἰ
1517 2055 1670 2124 εὖρον
1716 2060 1813 2131 χάο

251 2156 336 2211 ριν
368 2141 609 2194 ἐναντίον
641 2160 731 2195 σου
756 2160 769 2172 ·
815 2164 832 2194 ι
869 2146 960 2198 καὶ
989 2146 1168 2211 πάλιν,
1216 2166 1234 2197 t
1276 2148 1551 2219 Μηδαμῶς
1575 2168 1589 2180 ·
1626 2154 1653 2204 ὁ
1694 2150 1811 2221 κρί-

241 2249 352 2286 νων
398 2236 575 2287 πᾶσαν
614 2234 709 2306 τὴν
750 2235 853 2306 γῆν
886 2237 946 2290 οὐ
986 2240 1226 2309 ποιήσεις
1273 2242 1481 2313 κρίσιν’
1522 2262 1538 2292 ι
1577 2243 1703 2315 περὶ
1747 2236 1809 2297 οὗ

240 2325 390 2394 καὶὴ
423 2323 541 2377 θεία
575 2326 760 2398 Γραιρὴ
800 2329 861 2380 ού
896 2329 1052 2399 μόνον
1086 2330 1316 2401 πρῶτον,
1344 2332 1474 2385 ἀλλὰ
1502 2334 1593 2388 καὶ
1630 2334 1809 2388 δεύτε-

240 2429 338 2485 ρον
378 2414 474 2467 καὶ
521 2416 698 2481 τρίτον
748 2417 1029 2488 ἱστορικῶς
1073 2436 1254 2490 φησιν,
1290 2439 1308 2472 t
1348 2423 1519 2495 '11:;01;
1563 2423 1619 2477 δὲ
1663 2424 1807 2496 αύτῷ

236 2505 469 2577 Κύριος,
506 2528 524 2558 ι
571 2509 661 2560 ἐπὶ
692 2511 754 2580 τῇ
786 2509 847 2576 (f.
889 2510 943 2575 5)
982 2530 997 2561 ι
1036 2512 1235 2583 Κύριος
1268 2533 1286 2564 ι
1332 2516 1669 2587 προσηγορία
1711 2515 1802 2569 τοῦ

232 2598 623 2671 ἀνεκφωνήτου
658 2603 713 2655 ἐν
746 2602 825 2673 τῷ,
862 2602 1132 2674 Ἐϐραῖκῷ
1160 2607 1489 2675 τεταγμένου
1524 2608 1801 2679 ὀνόματος,

228 2689 375 2761 ϐαρ
403 2691 742 2746 οὐδεπώποτε
785 2695 877 2748 ἐπὶ
910 2695 1200 2767 ἀγγελικῆς
1230 2696 1506 2767 δυνάμεως
1546 2700 1806 2771 παρείλη-

229 2799 393 2837 πται.
432 2783 563 2839 Ὅτε
593 2784 723 2853 γοῦν
751 2787 779 2838 6
817 2785 939 2840 Λὼτ
962 2790 1071 2852 τοῖς
1114 2790 1191 2851 εὶς
1219 2788 1420 2860 Σόδομα
1450 2775 1691 2845 ἐλθοῦσιν
1716 2795 1804 2861 ἀγ·

226 2877 417 2945 γέλοις
450 2877 859 2949 ἀναγέγραπται
881 2878 1072 2945 λέγων,
1107 2898 1125 2930 t
1156 2881 1374 2949 Δέομαι,
1402 2881 1587 2953 Κύριε,
1616 2883 1800 2955 ἐπειδὴ

227 2965 397 3038 εὗρεν
429 2970 457 3020 6
487 2973 614 3033 παῖς
658 2988 748 3023 σου
774 2971 918 3034 ἔλεος
950 2971 1175 3025 ἐνώπιόν
1212 2991 1324 3034 σου,
1359 2994 1376 3024 ι
1411 2978 1582 3027 κεῖται
1613 2976 1709 3045 μὲν
1745 2978 1801 3028 ὲν

2000 1410 2157 1467 Scire
2186 1425 2267 1469 cst
2292 1431 2468 1484 opem:
2516 1417 2771 1487 pretium,
2825 1427 3006 1472 utrum
3046 1421 3117 1473 sit
3147 1421 3371 1491 angelus
3393 1422 3485 1492 qui

1928 1502 2012 1557 his
2064 1507 2116 1557 iu
2178 1503 2472 1575 Scriptura:
2520 1509 2656 1561 locis
2701 1509 3013 1563 Alirabamo
3052 1513 3370 1581 apparuisse
3403 1528 3487 1571 os-

1921 1597 2181 1656 tenditur.
2213 1613 2279 1650 an
2314 1598 2426 1667 ipse
2455 1600 2696 1652 omnium
2731 1599 2890 1663 Deus.
2928 1604 3007 1655 vel
3039 1604 3231 1656 tertius
3264 1603 3484 1672 aliquis,

1919 1684 2009 1738 Dei
2038 1685 2248 1740 scilicet
2270 1685 2519 1746 Verbum.
2547 1704 2705 1757 quem
2736 1697 2856 1758 post
2886 1691 3209 1745 altissimum
3234 1689 3473 1756 Patrem,

1916 1783 1968 1828 ct
2000 1774 2161 1829 Deum
2186 1791 2253 1830 (ιι
2280 1778 2424 1830 ιιίιιιιι
2447 1777 2752 1843 Dominum,
2778 1789 2829 1835 et
2854 1780 3016 1835 Deum
3041 1784 3300 1835 vocareiu
3323 1798 3479 1838 sacra

1920 1863 2202 1935 Scriptura
2281 1870 2487 1933 solent;
2538 1887 2750 1926 necnon
2817 1873 3091 1942 inquirere
3136 1873 3260 1944 quis
3333 1882 3481 1928 esset

1916 1957 2078 2009 triqu
2111 1960 2371 2025 virorum,
2403 1962 2494 2029 qui
2532 1963 2839 2016 Abrabamo
2887 1965 2986 2017 visi
3034 1977 3181 2020 sunt.
3217 1962 3283 2015 ad
3315 1977 3474 2032 quem

1913 2047 2273 2113 illeilixerit:
2312 2070 2331 2102 ι
2372 2050 2615 2115 Domine,
2652 2055 2696 2107 si
2747 2055 2924 2109 iuveni
2962 2056 3190 2126 gratiam
3218 2058 3269 2110 in
3300 2054 3480 2111 oculis

1911 2140 2019 2193 tuis
2047 2140 2130 2205 '°;
2171 2160 2189 2191 ι
2225 2152 2277 2195 et
2301 2158 2491 2198 rursus
2532 2164 2543 2198 :
2575 2164 2592 2195 ι
2633 2143 2748 2198 Non
2789 2157 2865 2199 est
2899 2148 2999 2199 boc
3032 2158 3183 2200 tuum
3219 2166 3231 2201 :
3266 2147 3475 2216 quiju-

1909 2230 2061 2285 dicas
2099 2247 2313 2285 omnem
2347 2243 2566 2289 terrain.
2599 2251 2938 2305 nequaquam
2996 2238 3163 2292 facies
3203 2238 3469 2305 judicium

1909 2318 2011 2372 liae
2041 2321 2107 2373 ".
2146 2340 2164 2372 ι
2212 2319 2285 2373 De
2315 2339 2423 2391 quo
2453 2334 2504 2378 et
2554 2323 2735 2378 divina
2795 2326 3070 2394 Scriptura
3119 2344 3222 2380 non
3256 2336 3468 2381 tantum

1908 2410 2095 2475 semel.
2127 2414 2219 2467 sed
2256 2429 2446 2469 rursus
2480 2427 2534 2469 et
2583 2418 2742 2470 tertio
2800 2432 2990 2485 reapse
3035 2417 3166 2471 dixit
3199 2434 3212 2471 :
3248 2436 3266 2467 ι
3307 2416 3467 2472 Visus

1906 2515 2083 2562 autem
2127 2508 2174 2562 ei
2225 2507 2486 2564 Dominus
2507 2513 2572 2570 ".
2618 2531 2635 2563 ι
2670 2513 2755 2567 tibi
2793 2530 2811 2560 ι
2851 2512 3111 2592 Dominus
3151 2534 3170 2563 ι
3211 2500 3465 2568 iueﬂabili

1905 2600 2265 2667 appellatione
2320 2604 2373 2655 in
2429 2602 2697 2657 llebraico
2752 2611 2900 2658 textu
2949 2604 3287 2674 ili-signatur.
3344 2621 3468 2677 qua:

1905 2690 2112 2745 scilicet
2154 2708 2421 2762 nusquam
2457 2696 2522 2748 de
2560 2696 2801 2759 angelica
2850 2706 3112 2765 potestate
3145 2707 3461 2767 usurpatur.

1902 2782 2038 2836 Cum
2073 2784 2235 2854 igitur
2278 2784 2375 2841 Lot
2423 2788 2762 2842 venientibus
2816 2790 2868 2843 in
2923 2788 3212 2843 Smlomaiu
3250 2790 3459 2859 angelis

1902 2874 2104 2928 dixisse
2135 2876 2338 2932 fertur:
2372 2898 2389 2929 ι
2425 2878 2640 2946 Quaeso,
2690 2880 2910 2936 Domine
2950 2883 3044 2941 iui,
3077 2884 3204 2951 quia
3248 2884 3453 2937 invenit

1903 2970 2501 3037 servustuus-gratiam
2535 2986 2718 3025 coram
2766 2981 2819 3027 te
2865 2973 2933 3036 ",
3000 2993 3018 3025 ι
3081 2975 3353 3029 invenitur
3403 2975 3459 3031 in

223 3059 309 3129 τῷ
338 3059 612 3130 Ἐϐραῖκῷ
646 3060 726 3123 τὸ,
755 3081 770 3110 ι
801 3060 989 3132 Κύριε,
1017 3086 1030 3111 ι
1058 3061 1170 3114 ἀλλ’
1200 3063 1258 3115 ού
1280 3062 1365 3115 διὰ
1389 3063 1492 3115 τῶν
1524 3066 1799 3136 τεσσάρων

1907 3054 2169 3112 llebraico
2198 3069 2367 3119 textu.
2399 3081 2416 3112 ι
2458 3062 2699 3124 Domine,
2734 3082 2753 3113 ι
2788 3065 2881 3118 sed
2919 3081 3022 3119 non
3057 3079 3288 3134 quatuor
3322 3069 3461 3121 litte-

225 3152 515 3222 στοιχείων
554 3150 659 3204 τῶν
693 3152 820 3222 παρ’
860 3153 1128 3223 Ἑϐραίοις
1157 3155 1248 3205 ἐπὶ
1288 3153 1380 3207 τοῦ
1414 3155 1648 3225 ἀρρήτου
1678 3156 1796 3219 ὀνό-

222 3261 405 3315 ματος
438 3242 533 3297 τοῦ
578 3243 712 3296 Θεοῦ
757 3243 1347 3314 παραλαμϐανομένων,
1387 3245 1454 3297 δι’
1494 3246 1696 3316 ἑτέρων
1739 3247 1795 3299 δὲ

221 3330 512 3389 συλλαϐῶν
541 3336 606 3389 δι’
636 3331 709 3388 ὗν
738 3338 829 3389 καὶ
855 3339 882 3388 6
908 3336 1037 3406 παρ’
1069 3335 1370 3407 ἀνθρώποις
1401 3337 1795 3407 ὀνομαζόμενος

216 3428 419 3498 κύριος
474 3426 581 3479 τῶν
614 3426 748 3498 πρός
770 3444 821 3480 τι
864 3428 1163 3497 τυγχάνων,
1192 3423 1300 3479 οῖον
1340 3429 1547 3481 οἰκέτου
1587 3428 1791 3500 κύριος,

216 3520 357 3590 παρ’
404 3519 674 3589 Ἑϐραίοις
708 3520 1101 3589 ἑγγέγραπται’
1138 3518 1249 3571 ἀλλ’
1296 3519 1446 3572 οὐδέν
1495 3537 1557 3588 γε
1584 3520 1792 3583 τούτοις

214 3609 344 3681 ἔχον
378 3611 755 3681 παραπλήσιον
794 3612 855 3663 τὸ
900 3614 991 3665 ἐπὶ
1036 3616 1134 3683 τῆς
1172 3611 1265 3664 τοῦ
1307 3609 1439 3663 Θεοῦ
1482 3610 1793 3673 αύθεντείας

212 3703 308 3757 διὰ
340 3703 453 3755 τῶν
495 3706 771 3775 τεσσάρων
815 3706 1086 3774 στοιχείων
1134 3704 1689 3775 παραλαμϐανόμενον
1733 3703 1790 3756 ἕν

212 3810 275 3845 τε
308 3796 433 3857 ταῖς
457 3794 966 3865 ἀναγεγραμμέναις
995 3794 1085 3847 τοῦ
1108 3795 1240 3847 Θεοῦ
1266 3795 1399 3866 πρὸς
1431 3795 1518 3848 τὸν
1546 3795 1790 3867 Ἀϐραάμ

214 3886 511 3949 ὀπτασίαις
566 3888 930 3958 ἐμφερόμενον
986 3888 1169 3955 σαρῶς
1219 3888 1542 3959 παρίστησιν
1575 3928 1589 3951 ,
1655 3888 1787 3957 μηδὲ

215 3979 475 4049 ἄγγελον,
549 3979 682 4050 μηδὲ
726 3980 887 4051 ὀλίγῳ
930 3979 1115 4033 τοῦτον
1162 3980 1629 4052 ἐπαναϐεϐηκυῐάν
1669 3998 1787 4034 τινα

213 4069 372 4123 θείαν
418 4070 645 4141 δύναμιν
674 4070 819 4140 αύτῷ
850 4072 1331 4142 κεχρηματικέναι,
1365 4072 1477 4124 ἀλλ’
1504 4072 1664 4124 αὐτὸν
1694 4071 1784 4124 τὸν

210 4161 373 4225 Θεὸν,
408 4157 469 4216 οὗ
498 4164 594 4233 τὴν
644 4164 876 4233 ἄρρητον
910 4163 1232 4233 ὲκφώνησιν,
1280 4163 1445 4231 αὐτὴν
1492 4164 1555 4235 δὴ
1582 4163 1784 4233 ταύτην

211 4255 359 4308 κατὰ
382 4255 509 4318 τοὺς
535 4255 731 4318 τόπους
761 4255 846 4307 διὰ
874 4254 978 4307 τῶν
1012 4257 1285 4327 τεσσάρων
1322 4255 1594 4324 στοιχείων
1618 4256 1784 4325 ἐμφε-

216 4347 480 4420 ρομένην,
507 4347 666 4416 μόνος
699 4347 725 4398 6
753 4346 1043 4416 ἀρχιερεὺς
1078 4347 1170 4399 ἐπὶ
1204 4346 1297 4399 τοῦ
1347 4346 1595 4416 μετώπου
1630 4362 1782 4417 περι-

1901 3148 1978 3202 ris
2010 3149 2329 3214 designatus
2382 3160 2502 3220 qua:
2553 3155 2697 3223 apud
2742 3154 2995 3212 ΙΙιιΙιιτιτοε
3047 3159 3313 3213 iueﬂ'alilc
3361 3159 3454 3214 Dei

1898 3256 2092 3294 nomen
2124 3246 2457 3311 exprimunt,
2517 3246 2609 3301 sed
2668 3249 2771 3300 alia
2831 3250 3289 3313 detiomiuatiotie,
3335 3267 3458 3322 qua:

1895 3335 2217 3402 vulgiiame
2254 3334 2503 3390 llcbrzeos
2536 3337 2603 3391 de
2629 3339 2861 3405 alicujus
2898 3341 3039 3396 inter
3075 3344 3316 3398 homian
3351 3342 3453 3398 do-

1894 3425 2065 3489 mino,
2098 3428 2260 3479 veluti
2288 3426 2355 3480 de
2386 3430 2526 3481 servi
2552 3429 2791 3491 domino,
2820 3444 3129 3501 usurpatur.
3156 3432 3296 3487 Niliil
3328 3449 3456 3489 vero

1894 3518 2000 3571 tale
2032 3518 2273 3571 inti-nias
2300 3519 2351 3571 in
2383 3518 2825 3573 deuomiuatioue
2855 3538 2974 3590 qua:
2998 3523 3063 3575 ad
3097 3523 3188 3578 Dei
3213 3527 3451 3579 auctori.

1892 3619 2053 3664 tatem
2086 3619 2316 3679 spectat,
2355 3612 2407 3665 in
2439 3602 2885 3681 tetragrauiuiato
2937 3613 3163 3671 scilicet.
3210 3617 3352 3684 quod
3395 3617 3449 3671 in

1891 3701 2076 3755 relatis
2123 3700 2214 3755 Dei
2245 3702 2310 3755 ad
2341 3703 2706 3754 Abraliamum
2752 3703 3185 3770 apparitimubus
3220 3721 3451 3775 usurpa-

1890 3801 1999 3847 tur.
2030 3792 2139 3847 lloc
2178 3795 2359 3863 itaque
2387 3809 2483 3849 nec
2516 3796 2761 3864 angelus,
2811 3809 2909 3847 uec
2941 3795 3131 3863 angelo
3167 3799 3327 3865 paulo
3355 3812 3449 3853 su-

1890 3888 2069 3955 perior
2093 3887 2275 3956 aliqua
2303 3887 2485 3940 divina
2516 3896 2756 3957 potestas
2791 3886 3133 3956 designatur,
3165 3891 3257 3942 sed
3307 3887 3447 3947 Deus

1887 3976 2022 4045 ipse,
2053 3979 2209 4045 cujus
2240 3977 2505 4031 inetl‘abile
2540 3993 2758 4040 nomen.
2816 3987 3000 4046 utpote
3027 3978 3283 4035 distincte
3311 3996 3448 4049 qua-

1885 4076 2008 4124 tuor
2058 4070 2254 4123 litteris
2294 4081 2595 4130 exaratum,
2650 4070 2799 4124 solus
2865 4085 3109 4124 summus
3178 4072 3442 4141 pontifex,

1884 4160 2061 4215 fronte
2119 4162 2364 4230 gestabat
2407 4161 2458 4214 in
2497 4162 2692 4213 lamina
2738 4177 2901 4216 aurea
2957 4178 3075 4231 qme
3133 4164 3443 4232 appellaba-

1883 4262 1970 4305 tur
2010 4270 2023 4305 :
2062 4270 2081 4302 ι
2141 4252 2398 4307 Czelatum
2447 4253 2706 4321 sigillum,
2748 4262 2993 4308 sanctum
3048 4252 3273 4309 Daunum
3310 4255 3375 4311 “.
3416 4273 3439 4310 ι

1883 4344 2226 4399 Manifestum
2259 4354 2341 4399 cst
2375 4353 2553 4398 autem
2584 4345 2822 4398 divinam
2845 4344 3182 4414 Scripturaui
3215 4362 3320 4401 nou
3358 4348 3441 4402 iu-

210 4439 398 4492 έκειτο
446 4440 624 4509 φέρων
667 4438 758 4490 ἐπὶ
787 4437 878 4489 τοῦ
907 4437 1107 4508 χρυσοῦ
1143 4438 1369 4491 πετάλου
1414 4438 1472 4490 τὸ
1497 4438 1782 4508 λεγόμενον

1904 4437 2302 4491 liscriuiinatim
2346 4437 2485 4490 banc
2524 4438 2730 4507 angelis
2771 4438 3087 4493 attrilmisse
3117 4440 3442 4494 denomina-

215 4548 234 4579 ι
260 4528 598 4598 Ἑκτύττωμα
633 4529 936 4600 σφραγίδος,
966 4527 1347 4599 ἁγιάσμαιτος]
1378 4530 1598 4599 Κυρίου.
1633 4550 1648 4579 ι
1677 4530 1785 4583 Καὶ

210 4620 297 4673 ὅτι
330 4636 397 4688 γε
423 4620 523 4673 ούκ
562 4620 847 4691 ἀδιάφορόν
885 4623 999 4673 ἐστι
1031 4624 1095 4692 τῇ
1122 4621 1239 4692 θείᾳ
1278 4621 1462 4692 Γραᾳῇ
1501 4623 1586 4675 ἐπ’
1623 4622 1785 4689 ἀγγέ-

210 4711 323 4764 λων
370 4710 602 4783 χρῆσθαι
646 4714 710 4782 τῇ
753 4712 974 4784 τοιαύτῃ
1020 4712 1377 4783 προσηγορίᾳ.
1410 4713 1671 4783 πρόδηλον
1719 4713 1782 4766 ἐκ

208 4803 310 4857 τοῦ
343 4803 547 4874 σφόδρα
589 4804 1119 4874 παρατετηρημένως
1167 4802 1293 4854 ποτὲ
1339 4804 1436 4873 μὲν
1481 4803 1641 4855 αὐτὸν
1690 4801 1779 4855 τὸν

210 4895 347 4949 Θεὸν
370 4894 404 4965 ἢ
433 4893 631 4947 τὸνδιὰ
656 4893 749 4947 τοῦ
777 4896 1196 4966 τετραγράμμου
1225 4893 1546 4965 δηλούμενον
1579 4894 1779 4965 Κύριον

211 4981 397 5058 ὦφθαί
421 5003 481 5041 τε
504 4989 595 5041 καὶ
617 4988 939 5060 κεχρηκέναι
970 4990 1079 5050 τοῖς
1103 4987 1329 5049 δικαίοις
1370 4988 1618 5057 ἱστορεῖν,
1649 4985 1777 5038 ποτὲ

209 5076 270 5130 δὲ
320 5076 583 5145 ἀγγέλους
630 5076 959 5147 ἀναγράφειν
1001 5076 1125 5138 τοὺς
1173 5076 1533 5147 ὲωραμένους.
1586 5075 1777 5149 Σαφῶς

206 5163 305 5222 οὖν
335 5168 366 5221 6
392 5169 459 5238 τῇ
488 5168 664 5239 ’Ἅγαρ
690 5167 944 5241 ἀλωμένη
975 5167 1259 5237 ἐπιφανεὶς
1291 5166 1518 5235 ἄγγελος
1548 5162 1614 5237 ἦν
1635 5182 1647 5195 ·
1683 5168 1775 5220 καὶ

204 5259 321 5331 γάρ
353 5259 519 5331 ἐχρῆν
548 5261 727 5332 ἐκείνῃ
762 5260 879 5331 μὲν,
913 5261 1006 5314 an:
1040 5260 1286 5312 πλεῖστον
1314 5260 1434 5312 ὅσον
1482 5257 1770 5311 ἀπολειπο-

206 5352 350 5425 μένῃ
383 5351 476 5405 τοῦ
526 5351 791 5423 Ἀϐραάμ.
842 5352 933 5405 καὶ
978 5351 1127 5405 οὐδέν
1162 5368 1214 5403 τι
1266 5349 1423 5403 πλέον
1475 5347 1769 5419 ἀγγελικῑκ

204 5444 475 5508 ὀπτασίας
507 5444 728 5514 θεωρεῖν
768 5443 1055 5515 δυναμένῃ,
1091 5442 1417 5515 κατάλληλον
1455 5441 1551 5513 τὴν
1600 5443 1769 5495 ὀπτα-

1883 4529 2103 4589 tionem,
2132 4531 2431 4597 prmscrtim
2462 4542 2585 4581 cum
2622 4530 3032 4583 aieuratissime
3067 4545 3210 4583 nunc
3261 4533 3438 4601 ipsum

1881 4619 2076 4682 Deum,
2111 4620 2191 4673 vel
2239 4628 2681 4688 tetragrauuuato
2712 4619 3118 4674 denominatuni
3154 4620 3436 4678 ι)οιιιίιιιι.η

1881 4711 2201 4781 apparuisse
2222 4721 2273 4765 et
2298 4726 2421 4764 eum
2441 4710 2608 4780 justis
2631 4721 3014 4766 conversatqu
3047 4714 3213 4766 fuisse
3246 4714 3429 4767 memi-

1878 4805 2043 4867 nerit,
2078 4819 2221 4858 nunc
2248 4818 2375 4857 vero
2419 4807 2642 4873 angelos
2695 4805 2843 4859 visos
2899 4803 3087 4858 fuisse.
3151 4802 3434 4858 Mauifeste

1878 4894 2046 4964 igitur
2075 4895 2298 4964 angelus
2329 4902 2466 4954 erat.
2507 4896 2599 4964 qui
2636 4896 2779 4963 Agar
2808 4893 3013 4948 erranti
3062 4893 3233 4947 visus.
3270 4892 3431 4948 Dece-

1875 4986 1970 5039 bat
1996 4986 2141 5039 enim
2175 4985 2301 5038 huic
2324 4983 2563 5053 quidem,
2596 4993 2756 5055 prout
2788 4985 2855 5038 ab
2876 4984 3186 5038 Abrabamo
3216 4985 3430 5053 penitus

1872 5073 2162 5135 derelictae.
2200 5087 2299 5126 nec
2327 5072 2601 5143 quidpiam
2642 5073 2885 5141 angelica
2913 5074 3315 5141 visionemjus
3346 5075 3429 5131 in-

1872 5167 2010 5222 tueri
2040 5165 2261 5227 valenti,
2300 5166 2513 5220 obviam
2548 5166 2659 5220 fieri
2693 5180 2789 5235 per
2829 5173 3143 5234 praesentem
3180 5168 3428 5235 angelum

1870 5259 2156 5320 visionem,
2190 5256 2316 5310 dum
2358 5256 2667 5310 Abraliamo
2698 5255 2921 5317 clarior,
2958 5253 3051 5308 Dei
3093 5256 3300 5310 scilicet
3346 5256 3427 5326 ip-

1873 5350 2008 5409 sius.
2060 5349 2426 5405 uianifesmtio
2482 5352 2653 5403 fieret.
2704 5344 2914 5415 Quippe
2964 5355 3158 5400 caetera
3204 5346 3320 5415 ipsa
3356 5344 3423 5399 ad

1872 5455 1996 5495 eum
2020 5438 2112 5495 Dei
2143 5442 2305 5497 verba
2335 5456 2523 5513 parum
2554 5454 2793 5510 congrua
2812 5448 3019 5502 essent,
3050 5440 3096 5492 si
3126 5440 3249 5508 quis
3270 5453 3333 5493 ea
3355 5440 3423 5493 ad

214 5560 871 5651 rn"‘(li‘en.it;iii,?2-25.
952 5564 1269 5651 :Zibid.53.
1363 5562 1763 5651 "Gen.xrx,l.
1841 5556 2277 5632 "Gen.x\iiit,5.
2356 5557 2655 5617 "ibid.9.5.
2729 5555 2996 5613 "ibid.t.
3073 5553 3422 5612 "Gemma.

203 5632 298 5697 l8.
318 5633 410 5689 19.
502 5635 545 5665 “
560 5633 727 5688 Exod.
747 5647 935 5696 xxvui,
951 5633 1039 5691 56.
