3936 6206
540 210 675 269 1031

1242 205 1509 262 EUSEBII
1545 202 2016 263 CESARIENSIS
2050 204 2201 262 OPP.
2241 204 2422 260 PARS
2457 204 2547 260 Ill.
2585 234 2656 248 -—-
2694 201 3097 261 EXEGETICA.

3544 219 3641 276 l033

539 332 765 401 angelos
792 328 997 386 referre
1043 331 1365 392 conaretur;
1414 326 1579 381 unius
1627 325 1775 381 enim
1830 324 1924 380 Dei
1982 334 2100 380 erat

2206 324 2324 379 σίαν
2354 324 2604 393 γενέσθαι
2632 322 2721 377 διὰ
2743 322 2841 393 τῆς
2875 322 2966 376 τοῦ
2997 323 3213 392 ἀγγέλου
3235 327 3505 397 παρουσίας,
3524 332 3578 401 τῷ
3599 335 3640 387 δε

542 424 661 481 hac
707 423 908 486 dicere,
941 416 1150 473 scilicet
1187 433 1202 469 :
1250 433 1269 466 ι
1314 413 1531 470 Faciam
1564 424 1617 470 te
1660 416 1716 469 in
1748 425 1962 485 gentem
1989 430 2103 469 ma-

540 528 727 587 gnam,
776 519 831 565 et
870 507 1190 564 benedicam
1231 505 1330 560 tibi
1348 506 1417 573 “,
1457 526 1477 559 ι
1523 514 1578 562 et
1607 507 1924 576 sequentia;
1963 508 2107 562 hac.

541 623 650 678 que
675 601 978 674 pmsertim
1002 619 1016 651 :
1047 618 1066 651 ι
1104 598 1218 670 Ego
1247 597 1510 654 Dominus
1530 598 1624 669 qui
1647 597 1809 653 eduxi
1834 605 1887 651 te
1904 605 2104 653 eterra

541 692 921 750 Chaldaeorum
962 690 1038 756 ";
1093 707 1111 739 ι
1142 696 1198 743 et
1226 688 1319 742 illa
1368 708 1383 744 :
1426 707 1445 741 ι
1485 687 1597 760 Ego
1628 704 1748 744 sum
1784 686 1927 744 Deus
1955 696 2104 751 tuus,

556 784 775 841 ambula
812 797 997 838 coram
1039 796 1125 837 me
1176 781 1255 847 ’τί
1320 800 1339 833 ο
1392 787 1446 835 et
1474 781 1705 850 reliqua.
1741 779 1933 835 Nullus
1961 780 2107 835 enim

542 890 655 934 tam
685 875 840 932 rudis
864 872 1065 944 ingenii
1106 880 1273 937 esset,
1306 872 1401 940 qui
1443 871 1557 926 hac
1599 871 1665 925 ab
1719 870 1912 942 angelo
1963 870 2109 924 dicta

541 970 838 1027 existimet.
889 966 1027 1022 Cum
1074 966 1242 1036 igitur
1286 964 1600 1019 Abrahamo
1660 962 1766 1019 sub
1794 962 1989 1018 arbore
2020 977 2109 1018 see

541 1063 692 1119 denti
720 1071 832 1118 tres
854 1060 957 1115 viri
977 1066 1372 1130 apparuerunt,
1397 1058 1491 1112 uni
1515 1056 1894 1111 tantummodo
1916 1071 2106 1111 eorum

541 1157 715 1212 dixit:
741 1175 762 1206 ι
792 1153 1041 1216 Domine,
1071 1153 1117 1208 si
1150 1151 1334 1206 inveni
1363 1150 1593 1221 gratiam
1613 1150 1668 1203 in
1684 1148 1859 1204 oculis
1882 1149 1989 1203 tuis
2004 1145 2102 1198 ⁸⁸.»

545 1249 612 1304 Et
641 1256 962 1304 cancrorum
1014 1245 1199 1301 nullus
1248 1259 1373 1298 cum
1429 1242 1741 1297 Abrahamo
1803 1241 2108 1296 collocutus

542 1341 837 1406 inducitur,
864 1338 1127 1407 siquidem
1161 1352 1267 1393 non
1293 1334 1539 1401 decebat,
1587 1333 1819 1388 famulos
1837 1333 2108 1403 appellare

538 1433 811 1498 dominos,
830 1430 929 1487 sed
957 1429 1049 1485 ille
1081 1429 1234 1485 solus
1260 1427 1523 1483 Dominus
1556 1434 1801 1489 vocatur,
1827 1425 1918 1495 qui
1943 1424 2106 1479 etiam

539 1524 671 1579 dicit
721 1539 737 1575 :
794 1540 815 1574 σ
871 1520 1012 1576 Num
1067 1519 1471 1590 celare'potero
1520 1516 1890 1573 Abrahamum
1938 1516 2107 1571 lilium

538 1631 721 1673 meum
741 1617 787 1649 ”
836 1634 856 1668 ι
907 1624 962 1671 et
1000 1622 1214 1669 caetera.
1251 1611 1455 1668 Deinde
1481 1613 1582 1668 viri
1611 1611 1898 1667 Dominum
1938 1610 2110 1666 comi-

2215 416 2464 487 ’Δϐραάμ
2502 415 2590 469 διά
2633 415 2731 486 τῆς
2768 416 3009 487 μείζονος
3052 414 3204 469 αὑτοῦ
3247 416 3331 470 τοῦ
3360 418 3474 472 Θεοῦ
3511 422 3644 493 tmen.

2203 506 2370 570 νείας.
2422 506 2534 561 Καὶ
2580 508 2630 559 οἱ
2668 506 2845 559 λοιποὶ
2888 505 2946 559 δὲ
2979 507 3125 559 αὐτοὶ
3150 506 3248 561 τῶν
3278 509 3396 578 πρὸς
3432 511 3556 564 αὐτὸν
3578 514 3641 567 τοῦ

2202 599 2339 653 Θεοῦ
2380 599 2551 669 λόγων
2601 598 2699 652 οὐκ
2742 599 2809 652 ἂν
2840 599 2937 669 μὲν
2974 599 3268 669 ἀρμόσειεν,
3296 601 3339 652 εἰ
3366 601 3441 652 ἐπὶ
3460 602 3652 671 ἀγγέλους

2202 708 2286 755 τις
2308 690 2502 754 αὐτοὺς
2532 688 2751 759 ἀνάγειν
2780 688 3035 761 πειρῷτο,
3070 688 3205 760 μόνῳ
3233 690 3285 742 δὲ
3316 690 3416 761 Θεῷ
3440 693 3588 763 πρέποι
3608 695 3655 748 ἀν

2206 784 2401 847 αὐτοὺς
2439 782 2640 852 λέγειν,
2685 776 2797 836 οἷον
2832 777 2914 847 τὸ,
2955 801 2973 833 ι
3009 781 3117 835 Καὶ
3162 781 3354 853 ποιήσω
3390 799 3437 835 σε
3464 786 3524 847 εἰς
3548 784 3657 848 ἔθνος

2208 870 2369 946 μέγα,
2391 872 2487 929 καὶ
2513 875 2788 947 εὐλογήσω
2814 892 2894 939 σε,
2919 894 2937 925 ι
2954 875 3045 928 καὶ
3067 872 3135 926 τά
3156 868 3346 937 τούτοις
3370 876 3654 947 παραπλήσια

2208 969 2440 1040 μάλιστα
2470 968 2528 1022 δὲ
2555 964 2637 1033 τὸ,
2664 976 2694 1021 ἰ
2745 968 2886 1036 Ἐγὼ
2912 966 3114 1039 Κύριος
3141 967 3169 1019 ὁ
3192 965 3436 1035 ἐξαγαγών
3460 984 3505 1019 σε
3527 969 3575 1020 ὲκ
3593 968 3662 1037 χὼ-

2206 1076 2307 1130 ρας
2339 1059 2618 1113 Χαλδαίων
2637 1076 2652 1090 ο
2692 1079 2710 1113 ι
2758 1061 2854 1113 καὶ
2877 1056 2959 1123 τὸ,
2996 1079 3014 1112 ι
3050 1052 3185 1125 Ἑγώ
3209 1059 3313 1128 ειμι
3335 1059 3359 1109 6
3382 1057 3501 1121 Θεὸς,
3522 1059 3662 1129 εὐαρέ-

2207 1166 2322 1203 στει
2350 1150 2590 1204 ἐναντίον
2618 1149 2775 1222 ἐμοῦ,
2813 1170 2831 1202 ι
2881 1150 2975 1204 καὶ
3001 1149 3071 1203 τά
3109 1148 3230 1219 ἑξῆς
3251 1158 3264 1177 ⁸
3292 1150 3373 1202 καὶ
3397 1150 3534 1213 οὐδεὶς
3564 1149 3665 1202 οὕτω

2205 1239 2397 1309 γένοιτ’
2446 1241 2510 1295 ἄν
2561 1244 2679 1295 ποτ’
2732 1242 2937 1313 ἠλίθιος
2974 1241 3049 1306 ὡς
3092 1240 3307 1309 ἀγγελον
3335 1240 3451 1293 αὑτά
3486 1238 3664 1293 ὑπονοεῖν

2209 1331 2510 1403 εἰρηκέναι.
2544 1333 2654 1387 Καὶ
2695 1332 2785 1385 ὅτε
2826 1332 2957 1401 γοῦν
3005 1330 3143 1403 πρὸς
3262 1330 3369 1401 δρυῒ
3403 1329 3665 1403 καθεζομένῳ

2206 1423 2283 1495 τῷ
2325 1424 2575 1498 Ἀϐραάμ
2620 1428 2672 1479 οἱ
2717 1428 2868 1497 τρεῖς
2911 1425 3106 1496 ἄνδρες
3152 1424 3445 1494 ἐπέστησαν,
3485 1426 3663 1495 πρόσεισι

2160 1490 2163 1491 ⁷
2209 1490 2307 1586 μεν
2340 1490 2572 1581 αὐτοῖς-ό
2609 1490 2881 1588 Ἀϐράάμ,
2929 1490 3045 1570 ἀλλ’
3098 1516 3157 1568 ού
3211 1490 3594 1586 τοις“τρισιν,’ένι
3621 1515 3663 1568 δι

2212 1606 2371 1678 μόνον
2415 1606 2495 1671 τὸ,
2536 1626 2554 1658 ι
2604 1608 2797 1680 Κύριε,
2828 1609 2877 1660 si
2921 1602 3081 1679 εὖρον
3127 1606 3277 1677 χάριν
3316 1606 3510 1658 ἐναντίον
3534 1622 3661 1658 seu.»

537 1715 738 1773 tantes,
758 1711 938 1778 'prout
977 1705 1152 1777 angeli
1192 1705 1421 1774 (scilicet
1466 1704 1665 1775 missi),
1692 1704 1977 1763 abeuntes.
2006 1701 2103 1757 soli

2211 1698 2320 1751 Καὶ
2347 1697 2455 1751 τῶν
2502 1698 2598 1769 μὲν
2635 1698 2809 1753 ἄλλων
2854 1698 2963 1751 οὐδ’
2996 1694 3080 1760 εἷς
3106 1697 3183 1767 τῷ
3222 1693 3445 1766 Ἀϐραὰμ
3465 1694 3668 1763 εἰσάγεται

537 1807 803 1855 venerunt
842 1798 897 1852 in
923 1796 1110 1852 urbem
1141 1795 1453 1862 Sodomam,
1475 1802 1529 1849 et
1561 1794 1820 1850 Dominus
1851 1809 1960 1849 non
1993 1792 2107 1864 jam

538 1905 663 1945 cum
714 1889 780 1945 iis
823 1903 1061 1961 praesens
1106 1895 1241 1943 erat.
1277 1886 1417 1958 (Quo
1466 1886 1608 1941 enim
1653 1885 1816 1941 modo
1845 1883 1960 1940 ﬁeri
2014 1897 2111 1953 po-

539 1984 735 2040 tuisset
776 1993 1116 2038 mansuetum
1186 1979 1704 2050 misericordemque
1763 1977 1930 2035 Deum
1965 1977 2108 2047 apud

540 2077 737 2147 impios
779 2075 1165 2143 commorari?)
1209 2072 1309 2129 Hic
1348 2090 1477 2129 vero
1517 2073 1573 2127 in
1603 2072 2018 2128 conversatione
2044 2086 2109 2125 ac

537 2170 811 2241 colloquio
839 2167 1078 2240 religiosi
1102 2166 1342 2237 justique
1370 2166 1473 2221 viri
1503 2180 1847 2237 permanens,
1879 2165 2110 2234 ejusque

537 2258 932 2316 consuetudine
949 2256 1164 2328 gaudet,
1188 2271 1250 2310 ac
1266 2256 1498 2326 benigne
1520 2254 1639 2325 ejus
1662 2254 2109 2309 humanissimain

538 2349 985 2421 supplicationem
1045 2347 1265 2416 accipit,
1297 2345 1353 2399 in
1385 2361 1493 2417 qua
1532 2360 1656 2399 cum
1691 2363 1711 2396 ‹
1744 2343 1846 2411 Qui
1895 2343 2111 2412 judicas

537 2453 752 2497 omnem
769 2448 992 2503 terram,
1012 2452 1355 2515 neqpaquam
1382 2437 1548 2493 facies
1573 2436 1838 2508 judicium
1862 2439 1964 2493 hoc
1994 2437 2059 2502 ⁸⁸,
2086 2456 2105 2489 ι

536 2529 880 2585 Abrahamus
912 2528 1138 2591 diceret,
1185 2527 1592 2583 evidentissime
1620 2528 1855 2584 ostendit
1870 2528 2108 2598 seipsum

539 2619 759 2689 pulchre
786 2634 949 2673 nosse
974 2618 1119 2688 quod
1154 2632 1254 2673 nec
1285 2620 1497 2688 angelo,
1522 2633 1623 2673 nec
1655 2619 1820 2674 alicui
1852 2620 2110 2688 subjecta

418 2754 423 2759 ,
535 2711 733 2765 divinae
761 2710 1037 2779 potestati,
1067 2708 1162 2763 sed
1192 2709 1295 2779 ipsi
1328 2710 1437 2764 Deo
1469 2709 1809 2779 loquebatur.
1840 2710 2107 2764 Caeterum

535 2803 685 2859 brevi
714 2817 949 2871 sequens
988 2816 1171 2857 rerum
1210 2802 1450 2857 narratio
1488 2801 1775 2872 perspicue
1802 2802 2022 2873 angelos
2052 2803 2107 2858 in

539 2891 829 2948 Sodomam
878 2893 1285 2963 proficiscentes
1323 2893 1697 2960 demonstrat,
1750 2894 2101 2965 subjiciens:

542 3005 564 3040 ι
598 2985 877 3043 Venerunt
905 2988 1015 3042 duo
1056 2986 1230 3057 angeli
1270 2987 1327 3042 in
1368 2985 1664 3041 Sodomam
1716 3003 1943 3058 vespere
1971 2990 2036 3045 ".
2081 3009 2099 3042 ι

537 3078 741 3134 Deinde
777 3093 953 3148 neque
1002 3078 1311 3141 Dominum,
1356 3075 1545 3148 neque’
1579 3076 1746 3134 Deum
1794 3079 1897 3135 Lot
1922 3082 2100 3138 visum
2129 3121 2171 3175 η

536 3175 632 3223 aut
689 3169 928 3223 locutum
973 3167 1166 3233 fuisse,
1210 3169 1306 3224 sed
1363 3170 1584 3241 angelos
1630 3170 1840 3227 scribit.
1889 3172 1966 3227 Ex
2016 3174 2100 3231 his

536 3257 705 3329 igitur
759 3258 1020 3312 omnibus
1068 3263 1317 3327 apertum
1371 3266 1459 3312 est
1530 3255 1817 3312 Dominum
1874 3273 1996 3314 esse
2036 3274 2102 3313 ac

535 3345 729 3412 Deum,
748 3363 856 3403 non
876 3363 1004 3404 vero
1030 3363 1356 3418 quemquam
1380 3349 1714 3419 angelorum,
1737 3365 1897 3420 quem
1933 3352 2102 3406 Abra-

536 3441 700 3495 hamo
728 3441 906 3495 visum
937 3441 1106 3497 fuisse
1144 3439 1427 3509 Scriptura
1458 3448 1711 3496 testatur.

2208 1788 2437 1859 όμιλῶνο
2466 1790 2589 1842 ἐπεὶ
2627 1789 2762 1860 μηδὲ
2792 1789 2913 1861 ᾔρει
2944 1788 3105 1858 λόγος
3134 1788 3256 1851 τοὺς
3303 1787 3483 1849 οἰκέτας
3507 1788 3575 1838 ἐπὶ
3600 1786 3667 1839 τοῦ

2209 1879 2414 1951 Κυρίου
2457 1878 2810 1949 φθέγγεσθαι,
2850 1878 3008 1950 μόνος
3043 1878 3101 1931 δὲ
3136 1878 3163 1929 6
3196 1875 3383 1946 Κύριος
3408 1873 3668 1946 χρηματίζει,

2206 1972 2266 2036 ὂς
2314 1970 2405 2025 καί
2440 1989 2622 2042 φησιν,
2660 1992 2678 2023 ι
2719 1971 2811 2043 Μὴ
2847 1971 3044 2044 κρύψω
3093 1971 3202 2036 ἐγὼ
3245 1972 3344 2026 ἀπὸ
3379 1969 3569 2041 Ἁϐραάμ
3602 1968 3671 2021 τοῦ

2214 2065 2402 2129 παιδός
2440 2083 2565 2136 μου,
2607 2085 2625 2117 ι
2660 2066 2753 2118 καὶ
2783 2064 2852 2117 τά
2882 2065 3067 2119 λοιπά.
3113 2062 3241 2118 Εἶτα
3266 2066 3312 2117 οἱ
3342 2064 3424 2135 μὲν
3454 2063 3536 2117 ἄνα
3558 2062 3674 2131 (ἅμα)

2209 2156 2287 2227 τῷ
2312 2157 2501 2228 Κυρίῳ
2534 2157 2747 2228 ἄνδρες,
2782 2154 2939 2227 δῆλον
2972 2157 3015 2210 δ’
3052 2159 3133 2211 ὃτι
3169 2160 3216 2210 οἱ
3244 2158 3456 2225 ἄγγελοι,
3481 2153 3676 2223 ἀποστρέ-

2213 2247 2433 2319 ψαντες,
2481 2247 2630 2319 μόνοι
2657 2248 2921 2318 κατῆλθον
2958 2249 3041 2311 εἰς
3070 2248 3293 2318 Σόδομα,
3319 2244 3404 2299 τοῦ
3440 2243 3598 2315 Κυρίου
3626 2241 3676 2311 μὴ

2216 2340 2592 2412 συμπαρόντος
2636 2342 2818 2405 αὐτοῖς
2838 2356 2850 2368 ⁸
2900 2339 3044 2410 (πῶς
3078 2341 3185 2412 γὰρ
3212 2341 3299 2393 καὶ
3335 2333 3434 2393 οἷόν
3457 2355 3504 2390 τε
3536 2332 3585 2407 ἦν
3604 2334 3677 2401 τὸν

2210 2429 2415 2502 εὐμενῆ
2449 2432 2542 2485 καὶ
2588 2430 2715 2484 ἵλεω
2744 2431 2877 2484 Θεὸν
2913 2432 3027 2494 τοῖς
3082 2430 3324 2485 ἀσεϐέσιν
3354 2427 3676 2498 ἐνεπιδημεῖνς)

2207 2524 2235 2575 6
2260 2522 2317 2575 δὲ
2343 2523 2617 2593 ἐπιμένων
2643 2526 2712 2593 τῇ
2743 2523 2879 2595 πρὸς
2905 2522 2996 2576 τὸν
3032 2520 3253 2593 θεοφιλῆ
3286 2523 3371 2576 καὶ
3402 2521 3570 2574 δίκαιον
3593 2534 3678 2569 συνο

2206 2613 2365 2686 ουσία
2395 2631 2454 2667 τε
2492 2615 2586 2668 καὶ
2612 2615 2885 2687 διατριϐῇ,
2914 2616 3099 2688 χαίρει
3141 2615 3239 2687 μὲν
3269 2614 3418 2668 αὐτοῦ
3453 2615 3510 2684 τῇ
3532 2608 3676 2681 ὁμιλίᾳ,

2207 2703 2636 2776 ύπερασπὶζεται
2679 2704 2737 2760 δὲ
2771 2709 2864 2761 καὶ
2906 2707 3004 2779 τὴν
3049 2706 3526 2781 φιλανθρωποτάτην
3550 2702 3677 2772 εὐχὴν.

2208 2794 2271 2864 (f.
2304 2796 2358 2866 6)
2394 2797 2453 2851 ὲν
2570 2798 2753 2852 καὶτὸ
2797 2820 2815 2851 ι
2851 2799 3130 2871 Μηδαμῶς
3159 2803 3186 2854 6
3225 2802 3412 2873 κρίνων
3444 2801 3585 2852 πᾶσαν
3614 2796 3679 2864 τὴν

2206 2888 2329 2959 γῆν,
2368 2909 2386 2939 ι
2423 2888 2662 2960 εἰρηκὼς
2690 2892 2719 2944 6
2759 2886 3008 2963 Ἀϐραάμ
3056 2892 3412 2965 ἐναργέστατα
3441 2890 3679 2961 παρίστησιν

2205 2978 2394 3035 ἑαυτὸν
2420 2978 2478 3036 εὗ
2510 2984 2605 3036 καὶ⁸
2632 2984 2872 3055 ἀκριϐῶς
2902 2985 3125 3050 εἰδέναι,
3154 2986 3235 3038 ὅτι
3278 2986 3347 3058 μὴ
3377 2982 3571 3054 ἀγγέλῳ,
3597 2978 3677 3050 μηδ’

2207 3071 2580 3146 ὑποϐεϐηκυία
2632 3075 2750 3146 θείᾳ
2799 3076 3049 3147 δυνάμει,
3108 3078 3219 3131 ἀλλ’
3262 3062 3405 3148 αὐτῷ’
3429 3076 3527 3145 Θεῷ
3558 3070 3680 3127 διαλέ-

2206 3155 2374 3236 γοιτο.
2400 3163 2514 3220 Εἶθ’
2537 3166 2663 3238 ἑξῆς
2698 3167 2941 3239 ἀκριϐῶς
2964 3169 3034 3222 τὰ
3059 3171 3352 3242 πράγματα
3378 3166 3561 3240 διαιρῶν
3580 3162 3680 3218 6'16-

2206 3276 2300 3329 γος
2343 3262 2469 3325 τοὺς
2501 3262 2594 3315 ἐπὶ
2644 3258 2855 3333 Σόδομα
2907 3262 3232 3329 ἀνελθόντας
3280 3262 3451 3333 σαφῶς
3492 3258 3681 3329 ἀγγέλους

2207 3354 2621 3426 προσαγορεύει,
2666 3355 2955 3423 ἐπιλέγων,
2998 3356 3083 3411 ὅτι
3127 3357 3191 3428 δὴ
3228 3376 3246 3408 ι
3280 3351 3427 3427 ἦλθον
3459 3352 3499 3407 οἱ
3525 3349 3679 3414 8:30:11-

2204 3445 2350 3514 γελοι
2390 3448 2469 3510 εἰς
2499 3447 2707 3517 Σόδομα
2750 3446 3022 3519 ἑσπέρας’
3066 3468 3084 3500 ι
3132 3450 3224 3503 καὶ
3254 3452 3307 3502 ὲν
3347 3450 3445 3511 τοῖς
3482 3444 3582 3513 ἑξῆς
3600 3438 3682 3494 οὔτε

533 3532 736 3603 Κύριον
768 3530 891 3585 οῦτε
936 3532 1068 3587 Θεὸν
1121 3531 1453 3605 ὀφθῆναιτῴ
1482 3532 1624 3593 Λὼτ.
1669 3534 1701 3605 ἢ
1748 3534 1856 3588 ’καὶ
1911 3534 2282 3607 λελαληκέναι,
2347 3538 2482 3594 ἀλλὰ
2518 3542 2644 3604 τοὺς
2686 3540 2949 3609 ἀγγέλους
2986 3542 3327 3614 ἀναγράφει·
3360 3539 3473 3592 ὥστ’
3508 3540 3557 3590 ὲκ
3588 3548 3681 3585 παν-

532 3622 625 3688 τὸς
666 3623 951 3696 πρόδηλον,
998 3625 1080 3677 ὅτι
1125 3624 1328 3698 Κύριος
1393 3620 1461 3696 ἦν
1505 3626 1598 3678 καὶ
1629 3625 1781 3692 Θεὸς,
1810 3626 1922 3679 ἀλλ’
1966 3627 2026 3681 ού
2093 3646 2177 3694 τις
2214 3630 2480 3701 ἀγγέλων,
2524 3634 2553 3685 6
2598 3632 2674 3704 τῷ
2710 3632 2959 3705 Ἀϐραάμ
3008 3628 3191 3705 ὦφθαι
3245 3634 3374 3704 πρὸς
3414 3633 3497 3701 τῆς
3526 3621 3682 3697 Γραφῆς

535 3715 994 3788 μαρτυρούμενος.

603 3811 806 3867 Onines
840 3812 1004 3883 igitur
1019 3811 1231 3869 Veteris
1261 3828 1386 3867 cum
1413 3812 1563 3869 Novo
1592 3812 1941 3871 Testamento
1960 3831 2094 3871 con-

533 3901 777 3957 cordiam
808 3902 1085 3958 discutere
1112 3903 1375 3968 volentes,
1429 3904 1534 3959 hoc
1570 3921 1666 3975 pro
1693 3906 1846 3962 lucro
1876 3907 2096 3971 habent,

534 3993 662 4048 dum
709 3992 1092 4049 demonstrare
1146 3996 1462 4050 existimant
1508 3996 1674 4050 alium
1724 4013 1847 4054 csse
1894 3998 2099 4054 Christi

532 4081 772 4147 Patrem,
829 4100 989 4154 quem
1051 4085 1436 4141 invisibilem"
1490 4090 1838 4159 evangelista:
1896 4091 2094 4161 praedi-

533 4183 681 4241 cant,
716 4176 879 4230 alium
913 4174 1078 4231 Mosis
1106 4183 1162 4230 et
1211 4178 1604 4249 prophetarum
1629 4179 1820 4246 Deum,
1874 4183 2088 4240 diverse

533 4269 735 4332 visum,
768 4283 913 4322 nunc
938 4267 1269 4334 Abrahamo,
1298 4286 1444 4324 nunc
1470 4269 1655 4327 lsaaco
1686 4274 1794 4341 (cui
1825 4281 1880 4328 et
1903 4273 2095 4329 eadem

534 4355 705 4411 ferme
728 4371 848 4427 quae
869 4356 1182 4413 Abrahamo
1203 4359 1502 4430 praedixit),
1522 4360 1768 4417 similiter
1795 4372 1850 4416 et
1868 4361 2093 4428 Jacobo,

533 4462 748 4505 necnon
825 4449 977 4505 Isaiae
1044 4450 1245 4505 dicenti
1300 4470 1313 4505 :

536 4531 701 4597 baoth
717 4542 785 4603 ³³.
828 4560 846 4593 ι
880 4541 1201 4613 ueterisque
1240 4544 1555 4615 prophetis;
1601 4560 1702 4600 nos
1758 4560 1907 4612 vero,
1957 4548 2103 4615 (cum

533 4640 590 4690 et
618 4633 673 4688 in
704 4633 839 4705 ipsis
864 4635 1139 4691 veteribus
1167 4634 1259 4691 Dei
1276 4637 1553 4707 prophetis
1576 4636 1853 4691 inducitur
1884 4637 2105 4707 aliquod

534 4726 779 4782 divinum
807 4726 1089 4781 oraculum
1147 4742 1178 4782 e
1236 4742 1467 4798 persona
1516 4726 1613 4783 Dei
1652 4728 1842 4783 dicens
1890 4744 1903 4780 :
1954 4727 2105 4799 «Ego

532 4818 681 4873 enim
733 4816 997 4874 Dominus
1050 4824 1107 4873 et
1155 4832 1266 4871 non
1312 4818 1589 4886 mutor“;
1621 4838 1639 4870 ι
1675 4826 1761 4873 et:
1807 4815 2103 4889 «Nunquid

535 4924 649 4966 non
699 4910 900 4965 cmlum
948 4917 1003 4964 et
1056 4916 1260 4965 terram
1312 4925 1413 4981 ego
1462 4910 1683 4981 impleo,
1734 4910 1868 4967 dicit
1919 4911 2102 4967 Domi-

535 5016 641 5065 nus
655 5000 769 5055 "li
811 5000 947 5056 Mosi
980 5001 1144 5055 etiam
1176 4999 1343 5055 dicit:
1400 4999 1555 5055 «Non
1589 5001 1734 5055 enim
1778 5000 1982 5081 videbit
2013 5017 2099 5057 me

538 5094 700 5150 homo
712 5101 767 5149 et
788 5095 927 5149 vivet
942 5093 986 5125 “
1005 5111 1020 5160 ;
1042 5092 1087 5163 ι)
1104 5092 1171 5147 ad
1188 5092 1473 5165 praadictos
1495 5091 1763 5159 homines,
1780 5094 1941 5150 simul
1956 5103 2010 5149 et
2030 5092 2097 5148 ad

534 5180 779 5246 Judteos,
804 5181 1045 5237 nondum
1069 5180 1361 5236 secundam
1390 5191 1584 5253 praeter
1610 5181 1906 5239 inc'reatam
1938 5194 2098 5238 natu-

2274 3811 2481 3874 Πάντες
2527 3811 2624 3881 μὲν
2666 3806 2759 3865 οὖν
2800 3812 2847 3863 οἱ
2879 3811 3193 3866 διακόπτειν
3241 3811 3489 3873 ἐθέλοντες
3520 3807 3593 3877 τὴν
3614 3801 3684 3872 τῆς

2206 3904 2448 3968 Παλαιᾶς
2482 3904 2617 3975 πρὸς
2643 3902 2739 3975 τὴν
2770 3903 2973 3975 Καινὴν
3008 3905 3284 3976 Διαθήκην
3317 3904 3583 3974 σύμπνοιαν,
3607 3894 3683 3947 ὦσ-

2206 4010 2310 4067 περ
2340 3995 2551 4066 ὲρμαίῳ
2586 3996 2695 4057 τοῖς
2723 3995 2909 4057 τόποις
2947 3995 3316 4059 ἐπιϐαίνοντες
3354 3991 3512 4062 casio;
3534 3991 3584 4041 ὲκ
3602 3982 3685 4040 τού·

2204 4104 2313 4140 των
2359 4086 2686 4158 παριστάναι
2726 4086 2972 4139 δοκοῦσιν
3015 4087 3201 4159 ἑτέρον
3252 4087 3492 4158 ὑπάρχειν
3526 4080 3593 4133 τὸν
3619 4075 3682 4129 τοῦ

2202 4177 2436 4249 Χριστοῦ
2462 4178 2700 4250 Πατέρα,
2727 4177 2785 4231 ὃν
2808 4178 2901 4231 καὶ
2930 4178 3161 4247 άὸρατον
3178 4180 3282 4234 ὑπὸ
3303 4180 3394 4251 τῆς
3412 4170 3685 4243 εὐαγγελικῆς

2204 4270 2385 4340 φωνῆς
2409 4268 2804 4340 ὁμολογεῖσθαι,
2824 4269 2975 4341 παρὰ
2992 4270 3083 4323 τὸν
3104 4271 3377 4334 Μωῦσέως
3400 4270 3480 4323 καὶ
3493 4265 3576 4318 τῶν
3588 4276 3684 4331 προ-

2205 4363 2387 4435 φητῶν
2414 4363 2546 4415 Θεὸν
2573 4362 2844 4435 διαφόρως
2872 4363 3127 4432 ὀφθέντα,
3145 4366 3266 4419 τοτὲ
3283 4366 3374 4436 μὲν
3395 4361 3463 4433 τῷ
3484 4353 3682 4430 Ἀϐραὰμ.

1377 4470 1397 4503 ‹
1438 4450 1567 4507 Vidi
1644 4452 1932 4509 Dominum
1997 4452 2099 4509 Sa-

2202 4454 2321 4506 τοτὲ
2340 4453 2402 4529 ⁷δὲ
2430 4451 2507 4524 τῷ
2549 4453 2735 4506 Ἰσαάκ
2768 4445 2845 4522 (ᾧ
2886 4454 2978 4506 καὶ
3010 4453 3160 4524 αὐτῷ
3198 4452 3516 4525 χρηματίζων
3539 4445 3595 4499 τὰ
3614 4456 3681 4495 m-

2207 4544 2477 4616 ραπλήσια
2503 4547 2613 4609 τοῖς
2629 4545 2720 4597 ἐπὶ
2744 4543 2836 4597 τοῦ
2879 4534 3130 4616 Ἀϐραὰμ
3158 4540 3524 4617 προθεσπίζει),
3542 4533 3681 4606 ὁμοίως

2200 4636 2257 4689 δὲ
2311 4636 2407 4689 καὶ
2463 4634 2540 4706 τῷ
2585 4634 2776 4689 Ἰακὼϐ
2797 4674 2812 4699 ,
2849 4635 2987 4706 τάχα
3032 4636 3091 4689 δὲ
3150 4638 3242 4690 καὶ
3275 4635 3456 4705 Ἡσαΐᾳ
3497 4630 3678 4700 φήσαντι.

2207 4746 2225 4779 ι
2262 4723 2413 4781 Εἶδον
2441 4725 2531 4780 τὸν
2565 4726 2767 4798 Κύριον
2801 4726 3048 4793 Σαϐαὼθ,
3083 4747 3102 4782 ι
3142 4730 3363 4793 καὶτοῖς
3392 4726 3564 4785 λοιποῖς
3588 4732 3678 4789 προ·

2202 4820 2401 4891 φήταις
2440 4819 2854 4891 παραπλησίως·
2889 4822 3049 4891 ἡμεῖς
3090 4820 3149 4874 δὲ
3179 4822 3319 4892 (ἐπεὶ
3354 4820 3438 4875 καὶ
3476 4820 3525 4870 ἐν
3555 4810 3679 4868 αὐτοῖς

2198 4915 2312 4976 τοῖς
2357 4911 2523 4966 πάλαι
2551 4910 2645 4964 τοῦ
2683 4911 2817 4965 Θεοῦ
2858 4914 3167 4983 προφήταις
3208 4908 3485 4984 ἐμφέρεται
3513 4923 3553 4961 τι
3585 4902 3678 4956 θείην

2200 5003 2377 5073 λόγιον
2405 5004 2468 5056 ὲκ
2496 5002 2799 5075 προσώπου,
2833 5003 2927 5057 τοῦ
2973 5003 3106 5057 Θεοῦ
3137 5004 3371 5074 φάσκον·
3424 5021 3443 5053 ι
3474 4999 3587 5052 Διότι
3609 4988 3679 5059 ἐγὼ

2199 5086 2403 5165 Κύριος
2428 5094 2457 5145 6
2480 5092 2610 5156 Θεὸς
2626 5092 2779 5164 ὑμῶν
2807 5093 2901 5146 καὶ
2931 5093 3031 5147 οὐκ
3048 5092 3369 5166 ἡλλοίωμαι.
3389 5111 3406 5144 ι
3435 5088 3552 5156 Καίς
3568 5077 3677 5149 «061‘-

2194 5184 2284 5237 τὸν
2315 5181 2538 5255 οὐρανὸν
2566 5183 2665 5236 καὶ
2691 5182 2787 5252 τὴν
2811 5181 2915 5252 γῆν
2940 5181 3046 5250 ἐγὼ
3063 5183 3280 5256 πληρῶ;
3314 5182 3448 5250 λέγει
3481 5177 3673 5256 Κύριοςξ

539 5288 653 5328 ram
680 5273 1062 5345 praeexsistere
1093 5252 1432 5328 divinitatem
1471 5272 1594 5328 Filii
1626 5274 2099 5345 comprehenden-

2198 5276 2290 5329 καὶ
2314 5252 2393 5346 τῷ
2417 5276 2640 5329 Μωῡσεῑ
2661 5274 2716 5328 δὲ
2737 5276 3084 5348 χρηματίζων
3113 5252 3274 5347 φτγσίν
3294 5291 3305 5303 ·
3330 5295 3349 5326 ε
3366 5272 3527 5334 Οὐδεὶς
3547 5252 3678 5335 ἀμπ’

536 5372 640 5430 tes,
660 5364 774 5419 haec
790 5364 1041 5435 ambigua
1063 5364 1513 5434 examinabimus,
1528 5380 1634 5436 qua
1652 5366 1861 5422 scilicet
1882 5366 2093 5423 ratione

2198 5384 2299 5438 μου
2325 5368 2383 5421 τὸ
2411 5369 2717 5439 πρόσωπον,
2747 5368 2839 5422 δια)⁵
2860 5365 3098 5441 ζήσεταυ
3121 5370 3255 5441 ›)ὠς
3282 5370 3409 5441 πρὸς
3434 5366 3538 5426 τοὺς
3551 5366 3679 5428 προεισ

612 5501 808 5577 "Gen.
850 5505 1036 5577 xu,_2.
1113 5506 1303 5564 "Gen.
1342 5526 1432 5574 xv,
1466 5509 1516 5565 7.
1592 5510 1639 5544 "
1674 5507 1811 5565 Gen.
1842 5525 1978 5575 xvii,
2017 5510 2069 5565 1.
2144 5511 2189 5543 ³³
2226 5509 2361 5565 Gen.
2396 5525 2560 5577 xvm,
2596 5512 2649 5567 5.
2726 5510 2771 5542 ¹⁹
2809 5512 2936 5568 ibid.
2980 5512 3061 5566 l7.
3139 5512 3184 5543 ³ο
3224 5511 3329 5567 ibid
3381 5509 3459 5566 25.
3492 5494 3674 5577 βεϐιη-

474 5586 479 5593 ·
536 5585 661 5632 χιι,
714 5573 767 5625 4.
875 5562 1115 5632 3".loan.
1155 5562 1605 5647 i,'l8;“'v't,‘46.
1686 5562 2103 5647 ἰῖίέέζὶῖιζδ

538 5654 731 5702 ιικειι,
761 5641 849 5695 20.

2236 5562 2560 5638 manu;
2589 5562 2682 5646 ιῖἱ,
2721 5580 2772 5635 6.
2811 5562 2936 5614 ’νεῖ
2961 5562 3067 5639 δἐἰ
3106 5562 3457 5647 nuit—etii
3485 5574 3523 5607 ³ο
3553 5562 3673 5624 Exod.
