3936 6206
205 265 229 317 l
244 263 360 317 053

1242 259 1538 316 ECLOGA:
1573 258 2049 315 PROPHETICZE.
2085 287 2156 298 -—-
2192 258 2319 313 LIB.
2360 261 2403 314 I.

3324 263 3461 323 ιοδι

206 376 488 455 ρημένους
518 376 655 446 όμοῦ
682 377 775 431 καὶ
806 378 927 440 τοὺς
953 378 1015 430 ἐκ
1046 380 1366 450 περιτομῆς,
1387 379 1465 432 ἔτι
1492 397 1551 433 τε
1577 381 1703 443 τοὺς
1722 380 1795 450 μὴ

1904 377 1999 446 qui
2045 376 2342 431 secundum
2385 376 2505 430 illas
2552 376 2868 446 prophetias
2910 376 3267 447 immutabilis
3286 388 3339 434 et
3380 381 3465 433 in-

206 469 609 541 προσιεμένους
622 470 876 542 δευτέραν
895 470 1030 542 μετά
1040 470 1135 540 τὴν
1150 472 1408 542 ἀγένητον
1420 472 1579 541 φύσιν
1595 478 1796 546 προῦπ-

210 562 407 640 ἀρχειν
435 560 665 633 θεότητα
690 563 780 615 τοῦ
819 563 968 624 Υίοῦ,
1000 564 1169 617 ταῦτα
1205 567 1645 638 ἐπαπορήσομεν,
1679 568 1794 630 πῶς

211 658 246 708 ὁ
300 662 389 707 και
430 652 639 724 (κατὰ)
687 653 887 717 ταύτας
920 653 1017 719 τὰς
1046 656 1380 726 προφητείας
1420 656 1791 721 ἀναλλοίωτος,

213 759 318 799 και
347 748 634 815 ἄτρεπτος,
660 747 753 798 καὶ
786 745 946 799 πάλιν
976 746 1066 800 τὸν
1087 748 1427 819 οὐρανὸνκαὶ
1455 750 1553 819 τὴν
1580 753 1681 821 γῆν
1711 750 1795 802 λέ-

211 856 331 912 γῳν
349 837 584 908 πληροῦν
619 838 779 907 μόνος
807 838 957 904 Θεὸς,
973 839 1157 910 σαφῶς
1178 858 1238 893 τε
1260 841 1353 893 καὶ
1380 844 1501 894 κατ’
1531 843 1688 896 αύτὸν
1705 843 1795 896 τὸν

211 931 387 1002 νόμον
412 929 593 1000 σχεδὸν
609 930 836 1001 ἀόρατος
857 926 996 984 εἶναι
1022 932 1367 1005 δηλούμενος,
1391 934 1530 987 κατά
1551 935 1633 989 τό·
1653 956 1670 987 ‹
1694 939 1795 990 Uti-

208 1022 335 1086 δεῖς
355 1021 540 1091 όψεταί
565 1038 665 1092 μου
703 1021 763 1074 τὸ
796 1022 1086 1093 πρόσωπον
1124 1025 1216 1077 καὶ
1245 1024 1523 1097 ζήσεται,»
1557 1027 1797 1081 ἀλλοιού-

215 1132 387 1184 μενος
432 1114 612 1177 πάλιν,
658 1116 750 1168 καὶ
789 1114 865 1179 ὡς
897 1116 1242 1187 περιτρέπων
1268 1116 1366 1189 τὴν
1399 1119 1559 1184 αὐτὸς
1601 1121 1793 1173 ἐαυτοῦ

210 1206 408 1258 οὐσίαν
446 1207 525 1270 είς
554 1205 655 1276 (ἐν)
688 1209 902 1277 μικροῖς
930 1225 1039 1260 τισι
1070 1207 1278 1280 μορίοις
1301 1211 1401 1280 τῆς
1426 1210 1531 1281 γῆς
1551 1211 1795 1282 χωρητὸς

212 1298 486 1366 ἐγίγνετο,
525 1298 620 1351 καὶ
652 1300 860 1370 ἑωρᾶτο
889 1300 1009 1353 τοτὲ
1040 1299 1139 1370 μὲν
1169 1300 1248 1372 τῷ
1288 1302 1557 1374 Ἀϐραὰμ,
1587 1305 1707 1357 τοτέ
1738 1305 1794 1359 δὲ

211 1394 334 1455 τοῖς
367 1391 545 1454 ἄλλοις
591 1393 934 1463 προφήταις;
983 1392 1152 1445 Ταυτὶ
1198 1393 1307 1466 γὰρ
1346 1397 1393 1448 εί
1433 1396 1525 1448 ἐπὶ
1564 1396 1653 1450 τὸν
1690 1397 1794 1451 τῶν

214 1484 358 1538 ὅλων
389 1484 708 1555 ἀναφέροιτο
728 1484 879 1549 Θεὸν,
917 1486 976 1538 οὐ
1005 1485 1163 1556 μόνον
1194 1489 1259 1558 τῇ
1290 1487 1615 1560 εὑαγγελικῇ
1644 1492 1792 1560 φωνῇ

212 1578 369 1644 δόξαι
392 1577 456 1630 ἀν
484 1576 787 1645 διαφωνεῖν,
817 1576 952 1630 ἀλλά
976 1580 1070 1631 καὶ
1096 1582 1215 1645 ταῖς
1247 1585 1624 1652 προφητικαῖς,
1652 1581 1794 1652 ἀχώ-
1822 1624 1833 1639 .

219 1688 390 1744 ρητον
421 1672 511 1725 καὶ
539 1670 892 1726 ἀναλλοίωτον
919 1673 1079 1727 αὑτὸν
1110 1674 1205 1727 καὶ
1228 1675 1453 1745 ἀόρατον
1488 1675 1794 1746 ἀνθρώποις

1908 468 2182 533 ﬂexibilis,
2212 470 2417 539 quique
2449 483 2642 523 rursus
2672 469 2870 523 coelum
2906 476 2959 523 et
3006 477 3208 525 terram
3264 472 3468 529 dicitur

1905 560 2129 632 implere
2159 562 2309 615 solus
2336 559 2499 625 Deus,
2528 560 2812 617 manifeste
2855 561 3073 631 quidem
3092 572 3146 618 et
3168 566 3471 623 secundum

1904 653 2073 723 legem
2092 654 2345 708 cominus
2373 653 2660 708 invisibilis
2676 652 3105 719 demonstratur,
3128 655 3213 711 his
3241 658 3424 713 verbis
3450 674 3463 707 τ

1901 744 2071 799 Nemo
2106 744 2298 800 faciem
2353 760 2528 799 meam
2573 745 2775 800 videbit
2830 752 2884 799 et
2916 745 3112 813 vivet,»
3161 762 3307 802 nunc
3333 765 3467 803 veru

1901 843 2144 889 mutatus
2205 842 2258 889 et
2323 836 2481 905 quasi
2550 834 2666 905 ipse
2709 850 2863 891 suam
2907 837 3182 891 invertens
3212 838 3471 894 substan-

1906 928 2058 993 tiam,
2113 927 2169 982 in
2216 928 2542 998 quibusdam
2576 928 2760 998 parvis
2809 935 2966 984 terra;
2997 930 3278 1000 particulis
3331 948 3459 988 con-

1902 1020 2063 1075 tineri
2116 1029 2349 1090 poterat,
2407 1019 2693 1089 fueratque
2736 1022 2889 1078 visus
2935 1037 3083 1078 nunc
3135 1023 3467 1090 Abrahamo,

1901 1129 2048 1167 nunc
2089 1113 2210 1168 aliis
2238 1113 2557 1183 prephetis?
2600 1112 2731 1179 Quae
2757 1114 2976 1185 quidem
3010 1114 3056 1171 si
3095 1117 3219 1187 quis
3246 1117 3313 1172 ad
3346 1118 3472 1174 uni-

1901 1222 2183 1261 versorum
2215 1204 2384 1260 Deum
2402 1205 2623 1269 referat,
2653 1222 2763 1261 non
2793 1213 3003 1261 tantum
3036 1207 3310 1280 Evangelii
3346 1225 3471 1265 ver-

1902 1298 1983 1351 bis
2032 1298 2278 1353 videatur
2333 1296 2638 1362 dissonare,
2696 1297 2792 1353 sed
2839 1306 2892 1353 et
2925 1299 3335 1369 prophetarum,
3370 1300 3472 1357 im-

1911 1405 2159 1446 mensum
2214 1390 2382 1455 hunc,
2433 1399 2484 1445 et
2536 1389 2952 1456 immutabilem,
2990 1405 3090 1445 nec
3155 1390 3470 1448 hominibus

1902 1480 2258 1552 conspicuum
2327 1480 2759 1551 prmdicantium.
2820 1481 2875 1536 Si
2924 1496 3053 1537 vero
3102 1497 3213 1536 non
3293 1484 3469 1538 visum

1904 1572 2074 1627 fuisse
2107 1572 2232 1643 quis
2256 1572 2401 1626 dicat
2448 1573 2625 1643 ipsum
2668 1572 2834 1627 Deum
2880 1574 2945 1629 iis
2998 1575 3091 1644 qui
3131 1574 3467 1642 referuntur,

1900 1680 2103 1734 eosque
2166 1664 2545 1719 tantummodo
2612 1664 2956 1722 existimasse
3035 1682 3093 1722 se
3153 1667 3337 1724 videre
3419 1679 3474 1724 et

215 1760 685 1832 ἀποφηναμέναιςο
722 1762 770 1814 εί
793 1763 867 1833 μὴ
899 1762 1005 1838 ἀρα
1042 1763 1173 1835 μηδὲ
1219 1764 1395 1833 ωφθαί
1425 1783 1508 1829 rs;
1535 1767 1675 1818 εἴποι
1697 1766 1792 1818 αύ-

1904 1756 2101 1817 audire,
2153 1755 2280 1810 dum
2332 1757 2510 1827 reipsa
2563 1757 2699 1811 nihil
2759 1774 2948 1813 eorum
2984 1773 3104 1830 quae
3132 1759 3315 1815 videre
3365 1776 3469 1830 pu-

212 1854 317 1906 τὸν
347 1853 436 1905 τὸν
466 1842 591 1906 Θεὸν
617 1856 728 1917 τοῖς
766 1855 1292 1927 ἀναγεγραμμένοις,
1334 1856 1705 1925 φαντασιῶσαι
1739 1858 1793 1911 δὲ

214 1945 418 2007 αὐτοὺς
452 1944 584 1998 αὐτὸ
618 1945 797 2014 μόνον,
832 1944 907 2008 ὡς
933 1946 1109 2000 δοκεῖν
1138 1947 1235 2017 μὲν
1257 1949 1388 2019 όρᾷν
1426 1949 1519 2002 καὶ
1551 1950 1789 2011 ἀκούειν,

216 2032 281 2084 ού
308 2030 413 2102 μὴν
430 2032 524 2085 καὶ
550 2031 763 2104 ἀληθῶς
777 2050 829 2085 τι
844 2034 952 2088 τῶν
980 2035 1350 2105 νομιζομένων
1371 2037 1652 2106 φαίνεσθαι
1670 2039 1796 2092 Θεω-

222 2126 355 2195 ρεῖν,
385 2123 507 2177 οὐδὲ
536 2122 642 2194 μὴν
683 2124 900 2178 ἀκούειν
931 2127 1051 2179 κατ’
1091 2126 1368 2198 ἀλήθειαν,
1404 2130 1795 2201 ἀπατωμένους

216 2215 277 2268 δὲ
310 2216 405 2268 καὶ
433 2218 492 2268 ὲν
520 2216 728 2280 τούτοις
750 2217 990 2288 νομίζειν
1013 2259 1027 2284 ,
1056 2219 1147 2272 καὶ
1174 2220 1349 2273 δοκεῖν
1373 2221 1589 2275 ἀκούειν
1607 2264 1622 2286 ,
1658 2223 1796 2295 ὅπερ

218 2307 485 2361 ἀνοίκειόν
499 2325 556 2360 τε
580 2310 673 2361 καὶ
698 2307 974 2380 ἀλλότριον
996 2312 1226 2383 ὑπάρχει
1251 2315 1349 2383 τῆς
1372 2311 1432 2382 (f.
1459 2314 1512 2381 7)
1535 2314 1797 2382 ἀψευδοῦς

220 2394 314 2448 καὶ
343 2396 618 2460 ἀπλανοῦς
649 2396 743 2450 τοῦ
766 2397 874 2451 τῶν
900 2400 1035 2453 ὅλων
1064 2400 1197 2453 Θεοῦ
1236 2401 1481 2470 φύσεως’
1515 2405 1596 2458 ἔτι
1622 2406 1678 2458 δὲ
1703 2407 1797 2459 καὶ

219 2487 524 2542 ἀσύστατον
547 2489 606 2542 ὃν
633 2490 904 2544 δείκνυται
937 2494 998 2545 ἐκ
1030 2491 1122 2545 τοῦ
1148 2493 1325 2563 λέγειν
1345 2496 1669 2569 ἱστορεῖσθαι
1698 2502 1794 2553 αύ-

217 2580 312 2635 τὸν
335 2582 428 2636 τὸν
459 2583 591 2638 Θεὸν
631 2585 758 2657 περὶ
799 2585 893 2638 τοῦ
928 2586 1175 2658 Ἀϐραὰμ
1207 2588 1286 2641 τό*
1310 2606 1329 2640 ι
1364 2589 1548 2661 ᾝδειν
1582 2590 1690 2663 γάρ
1717 2594 1797 2646 ὃτι

223 2675 476 2740 συντάξει
491 2678 603 2740 τοῖς
626 2679 762 2740 υίοῖς
783 2677 945 2731 αὑτοῦ
961 2680 1052 2732 καὶ
1077 2679 1153 2748 τῷ
1174 2679 1307 2751 οῐκῳ
1326 2682 1491 2735 αὑτοῦ
1507 2684 1624 2754 μετ’
1639 2682 1798 2738 αὑτὸν

217 2765 313 2818 καὶ
329 2765 654 2834 φυλάξουσιν
666 2765 763 2829 τάς
772 2766 923 2830 ὁδοὺς
936 2768 1141 2839 Κυρίου
1157 2770 1328 2820 ποιεῖν
1341 2768 1683 2840 δικαιοσύνην
1708 2772 1799 2824 καὶ

220 2856 425 2925 κρίσιν,
443 2858 591 2921 ὅπως
613 2858 678 2911 ἂν
707 2858 961 2930 ἐπαγάγῃ
990 2860 1193 2932 Κύριος
1220 2861 1311 2913 ἐπὶ
1345 2861 1591 2933 Ἀδραάμ
1609 2863 1645 2917 ἃ
1674 2864 1798 2917 ἐλά-

219 2949 349 3020 λησε
411 2949 547 3021 πρὸς
580 2952 759 3005 αὐτόν.
806 2970 823 3002 ι
875 2952 1312 3023 Ἀναμφιλέκτως
1348 2954 1479 3022 γοῦν
1522 2956 1693 3010 ταῦτα
1724 2958 1800 3021 ὠς

1900 1847 2109 1909 labant,
2156 1862 2283 1902 vere
2331 1847 2664 1918 aspicerent,
2695 1848 2833 1903 nihil
2876 1865 3004 1905 vere
3045 1851 3319 1915 audirent,
3370 1852 3471 1905 fal-

1899 1953 1959 1992 sa
2016 1938 2275 2008 opinione
2344 1938 2625 2009 deceptos,
2685 1939 2815 1994 dum
2874 1942 3064 1997 audire
3126 1943 3467 2009 viderentur,

1902 2029 2035 2100 quid
2079 2030 2466 2087 abhorrentius
2509 2032 2796 2103 magisque
2837 2034 3073 2089 alienum
3106 2036 3175 2091 ab
3224 2037 3467 2092 omnium

1898 2120 1993 2176 Dei
2014 2131 2233 2187 natura,
2255 2123 2525 2179 mendacii
2548 2138 2613 2178 ac
2641 2124 2847 2180 erro‘ris
2870 2125 3161 2181 admodum
3195 2127 3424 2182 immuni
3447 2128 3470 2181 2

1897 2209 2012 2265 Hoc
2041 2212 2206 2267 etiam
2236 2228 2302 2269 eo
2335 2214 2632 2271 absurdum
2684 2219 3112 2281 demonstratur,
3146 2219 3292 2288 quod
3329 2220 3467 2291 legi-

1898 2320 2021 2359 mus
2059 2304 2126 2360 de
2147 2305 2457 2361 Ahrahamo
2500 2307 2668 2363 Deum
2717 2311 2891 2379 ipsum
2931 2310 3190 2366 dicere“
3217 2310 3466 2367 Sciebam

1897 2396 2039 2451 enim
2072 2398 2216 2467 quod
2243 2410 2615 2470 praecepturus
2641 2401 2714 2457 sit
2741 2402 2868 2457 filiis
2901 2404 3017 2457 suis
3047 2411 3102 2457 et
3142 2403 3330 2457 domui
3355 2420 3466 2460 sua:

1899 2495 2022 2557 post
2049 2504 2108 2543 se
2139 2497 2198 2543 ut
2226 2490 2541 2544 custodiant
2585 2492 2726 2545 viam
2782 2491 2992 2546 Domini
3049 2500 3103 2546 et
3135 2492 3339 2547 faciant
3372 2494 3461 2565 ju-

1898 2579 2102 2633 dicium
2134 2588 2190 2635 et
2213 2572 2487 2650 justitiam
2517 2599 2532 2647 ;
2587 2589 2646 2635 ut
2686 2581 2924 2636 adducat
2950 2581 3214 2639 Dominus
3243 2592 3469 2654 propter

1899 2670 2175 2725 Abraham
2214 2672 2397 2727 omnia
2421 2688 2542 2743 quae
2574 2674 2788 2729 locutus
2819 2682 2903 2729 est
2931 2674 3005 2729 ad
3036 2690 3161 2730 eum
3186 2676 3287 2730 ³⁷.»
3331 2675 3466 2730 Pro-

1901 2763 1991 2816 cul
2016 2762 2189 2817 dubio
2236 2764 2350 2819 haec
2394 2767 2552 2834 quasi
2595 2766 2662 2820 de
2718 2766 2827 2820 alio
2877 2766 3108 2821 Domino
3136 2768 3252 2839 ipse
3286 2768 3471 2824 Domi-

1903 2870 2017 2911 nus
2052 2855 2348 2926 eloquitur.
2392 2856 2677 2923 Quomodo
2738 2859 2903 2929 igitur
2929 2860 3239 2914 existimari
3283 2869 3471 2932 potest

1904 2949 2149 3004 omnium
2202 2948 2368 3004 Deum
2426 2950 2538 3004 haec
2591 2949 2833 3005 dixisse?
2884 2949 2956 3005 De
3010 2966 3119 3023 quo
3168 2952 3313 3006 enim
3362 2954 3470 3008 alio

222 3040 351 3112 περὶ
375 3040 560 3112 ἐτέρου
598 3043 801 3113 Κυρίου
836 3045 997 3109 αὐτὸς
1028 3049 1055 3100 ὁ
1089 3047 1287 3118 Κύριος
1321 3048 1652 3117 διαλέγεται·
1684 3048 1798 3113 πῶς

1907 3050 2104 3112 praeter
2146 3057 2270 3096 eum
2310 3041 2537 3098 Domino
2581 3044 2862 3113 praecitata
2894 3044 3062 3099 verba
3095 3044 3241 3100 dicta
3293 3047 3466 3102 fuisse

219 3132 313 3188 οὖν
350 3138 468 3188 ἐστι
508 3132 620 3189 οἶόν
655 3156 714 3191 τε
744 3139 834 3191 τὸν
865 3140 971 3193 τῶν
1009 3142 1144 3195 ὅλων
1177 3145 1423 3197 ὑπονοεῖν
1458 3143 1589 3197 Θεὸν
1627 3144 1794 3198 ταῦτα

1904 3132 2170 3202 possunt?
2208 3131 2407 3186 Verum
2440 3132 2729 3189 manifeste
2768 3142 2916 3205 patet
2948 3151 3015 3190 ex
3056 3136 3124 3192 iis
3162 3137 3321 3192 verba
3358 3139 3472 3193 haec

222 3228 526 3296 εἰρηκέναι;
561 3228 695 3301 Περὶ
729 3230 881 3283 ποίου
902 3231 1009 3303 γὰρ
1043 3234 1228 3306 ἑτέρου
1263 3236 1391 3305 παρ’
1416 3235 1576 3289 αὑτὸν
1593 3237 1797 3308 Κυρίου

1904 3223 2145 3277 omnium
2207 3222 2377 3278 Deum
2431 3240 2542 3278 non
2602 3225 2818 3282 decere.
2900 3226 3338 3283 Demonstratum
3386 3237 3473 3286 est

220 3320 444 3373 δύναται
477 3319 725 3389 λέγεσθαι
766 3322 834 3376 τά
866 3325 1190 3395 ἐγκείμενας
1240 3328 1399 3381 Ἀλλά
1422 3329 1531 3401 γὰρ
1558 3330 1703 3401 σαφῆ
1736 3332 1799 3383 ἐκ

1911 3324 2090 3370 autem
2123 3329 2234 3369 non
2285 3317 2603 3388 angelorum
2657 3329 2865 3374 naturae
2910 3321 3224 3376 convenire.
3271 3321 3473 3393 Aperte

225 3413 431 3467 τούτων
462 3415 542 3467 ὅτι
579 3416 711 3486 μηδὲ
745 3416 821 3486 τῷ
855 3418 963 3470 τῶν
1002 3418 1138 3471 ὅλων
1167 3418 1287 3489 Θεῷ
1332 3422 1627 3491 προσήκειν
1658 3421 1799 3474 ἔοικε

1907 3404 2075 3467 enim,
2106 3411 2164 3457 ut
2194 3404 2326 3469 dixi,
2359 3406 2426 3460 de
2452 3406 2770 3475 angelorum
2802 3409 3244 3466 manifestatione
3274 3427 3472 3467 narra-

224 3503 294 3556 τὰ
324 3503 648 3575 δηλούμεναο
682 3506 943 3561 δέδεικται
959 3507 1014 3560 δὲ
1050 3508 1129 3561 ὅτι
1156 3509 1289 3579 μηδέ
1321 3512 1385 3581 τῇ
1415 3509 1525 3562 τῶν
1556 3511 1801 3580 ἀγγέλων

227 3594 407 3663 φύσει*
443 3591 551 3649 οἶδε
598 3598 747 3665 γοῦν,
783 3598 857 3663 ὡς
889 3599 1046 3668 ἔφην,
1082 3602 1110 3653 ό
1142 3600 1297 3669 λόγος
1320 3603 1679 3672 ἐπαληθεύειν
1709 3606 1801 3658 ἐπὶ

225 3694 289 3762 τῇ
327 3691 439 3745 τῶν
476 3692 722 3761 ἀγγέλων
752 3693 1059 3766 ἐπιφανείᾳ,
1099 3695 1284 3762 σαφῶς
1314 3698 1803 3770 ἐπισημαινόμενος

224 3783 321 3846 τὰς
345 3784 413 3837 δι’
449 3783 624 3837 αὐτῶν
650 3786 931 3850 ὀπτασίας.
964 3787 1026 3839 Et
1053 3785 1116 3858 δὴ
1142 3784 1234 3841 οὖν
1258 3790 1382 3859 μήτ’
1412 3790 1674 3861 ἀγγελικῇ
1705 3792 1803 3861 φύ-

227 3888 307 3925 σει
345 3873 485 3944 μήτε
506 3876 571 3944 τῇ
602 3875 860 3927 ἀνωτάτω
881 3877 973 3929 καὶ
1001 3876 1249 3948 ἀγενήτῳ
1273 3877 1367 3931 τοῦ
1389 3879 1496 3931 τῶν
1517 3880 1651 3932 ὅλων
1666 3880 1801 3933 Θεοῦ

224 3962 399 4016 ταῦτα
434 3964 606 4017 ἔοικεν
637 3965 947 4036 ἁρμόττειν,
970 3966 1195 4020 λείποιτ’
1219 3967 1285 4021 ἂν
1315 3968 1520 4022 τούτων
1544 3972 1643 4041 μία
1667 3972 1799 4042 μόνη

226 4055 399 4120 λύσις,
428 4057 478 4107 εί
513 4056 573 4107 τὸ
606 4056 703 4126 μὲν
736 4055 1089 4111 ἀναλλοίωτον
1110 4052 1203 4112 καὶ
1224 4060 1489 4131 ἄτρεπτον
1523 4062 1615 4114 καὶ
1641 4063 1803 4132 ἀόρα-

225 4166 315 4202 τον
345 4149 441 4203 ἐπί
466 4147 564 4219 τὴν
595 4148 854 4220 ἀγένητον
880 4148 1329 4222 διαφυλάττωμεν
1368 4155 1577 4215 ούσίαν,
1607 4157 1728 4219 τοὺς
1758 4157 1801 4209 δ’

227 4232 750 4312 ἀναγεγραμμένους
782 4242 857 4305 ὡς
880 4244 943 4295 ἐκ
970 4242 1105 4295 Θεοῦ
1138 4248 1555 4316 χρηματισμοὺς
1591 4247 1684 4300 ἐπὶ
1713 4248 1802 4300 τὸν

229 4334 317 4387 τοῦ
360 4334 497 4387 Θεοῦ
532 4335 700 4403 Λόγον
735 4335 1265 4407 μεταλαμϐάνοιμεν,
1298 4338 1359 4391 ὃν
1402 4339 1672 4411 διαφόρως
1712 4343 1802 4394 καὶ

1903 3499 1981 3553 t‘io
2012 3498 2313 3569 eloquitur,
2364 3515 2552 3554 eorum
2603 3502 3036 3571 apparitionibus
3092 3505 3328 3562 dilucide
3378 3506 3473 3560 de-

1903 3591 2143 3662 scriptis.
2197 3589 2254 3645 Si
2287 3593 2452 3663 igitur
2479 3609 2656 3662 neque
2687 3595 3028 3665 angelorum,
3085 3612 3262 3668 neque
3316 3599 3470 3653 altis—

1902 3687 2025 3740 simi
2057 3695 2109 3740 et
2138 3686 2365 3740 increati
2402 3686 2645 3740 omnium
2685 3685 2779 3742 Dei
2825 3695 3037 3743 naturae
3067 3689 3182 3743 haec
3215 3689 3472 3745 videntur

1904 3788 2295 3843 consentanea,
2332 3795 2439 3833 una
2470 3797 2660 3838 eorum
2702 3788 2951 3851 superest
2997 3782 3220 3842 sOlutio.
3256 3784 3301 3836 si
3347 3785 3470 3855 qni-

1904 3872 2028 3927 dem
2082 3873 2607 3937 immutabilitatem,
2661 3880 2715 3929 et
2763 3871 3239 3937 inflexibilitatem,
3281 3884 3336 3928 et
3386 3877 3472 3928 in-

1902 3964 2277 4019 visibilitatem
2356 3966 2610 4020 increata:
2704 3979 3045 4020 reservemus
3129 3965 3470 4030 substantiae,

1906 4061 2105 4111 relatas
2136 4073 2267 4112 vero
2298 4057 2390 4111 Dei
2424 4058 2893 4114 manifestationes
2927 4058 3019 4112 Dei
3055 4057 3233 4113 Verbo
3264 4059 3475 4114 tribua-

1905 4169 2049 4215 mus,
2098 4155 2240 4222 quod
2305 4152 2576 4207 interdum
2619 4160 2672 4206 et
2716 4160 2839 4206 ante
2889 4152 3321 4207 incarnationem
3375 4169 3473 4223 pro

1905 4242 2185 4296 hominum
2221 4244 2399 4297 salute
2445 4242 2622 4296 visum
2650 4257 2793 4303 esse,
2832 4242 3217 4313 descriptaque
3271 4244 3324 4297 in
3383 4258 3473 4299 sa-

1905 4335 2017 4389 cris
2061 4332 2361 4405 Scripturis
2417 4334 2602 4388 munia
2647 4344 2964 4388 exsecutum
2998 4333 3355 4389 credidimus.
3398 4332 3474 4389 De

231 4429 334 4499 πρὸ
384 4430 485 4498 τῆς
534 4429 996 4500 ἐνανθρωπήσεως
1031 4430 1170 4502 ὑπὲρ
1210 4434 1309 4502 τῆς
1349 4431 1455 4483 τῶν
1500 4432 1799 4504 ἀνθρώπων

1910 4428 2013 4483 hoc
2062 4428 2205 4482 enim
2256 4428 2374 4482 solo
2417 4435 2538 4499 post
2569 4426 2809 4480 omnium
2846 4425 3015 4482 Deum
3060 4433 3474 4498 tetragramma-

230 4519 505 4591 σωτηρίας
524 4519 753 4590 ὀφθῆναί
777 4537 834 4571 τε
870 4521 963 4573 καὶ
1001 4520 1098 4584 τάς
1127 4524 1184 4573 ἐν
1214 4525 1332 4585 ταῖς
1357 4521 1527 4585 Θείαις
1564 4523 1804 4593 Γραφαῖς

228 4610 610 4681 ἐμφερομένας
649 4610 955 4679 οἰκονομίας
999 4612 1275 4665 ἐκτελέσαι
1329 4613 1799 4684 πεπιστεύκαμεν·

228 4706 321 4758 ἐπὶ
350 4703 517 4774 μόνου
542 4703 598 4755 δὲ
633 4702 819 4756 τούτου
852 4704 990 4773 μετὰ
1021 4705 1109 4757 τὸν
1139 4706 1244 4759 τῶν
1277 4705 1413 4758 ὅλων
1433 4706 1562 4759 Θεὸν
1587 4707 1679 4761 κα)⁵
1706 4707 1802 4778 τὴν

226 4798 658 4870 τετράγραμμον
688 4798 1050 4871 προσηγορίαν
1094 4800 1349 4871 κειμένην
1394 4798 1659 4871 εῦρομεν,
1708 4801 1800 4853 ἆτε

227 4894 532 4961 Μονογενεῖ
553 4893 645 4945 καὶ
678 4892 994 4963 κληρονόμῳ
1037 4891 1130 4945 τοῦ
1165 4892 1377 4963 Πατρὸς
1427 4894 1804 4966 ἁρμοττούσης

228 4987 322 5039 καὶ
361 4984 567 5053 ταύτης
608 4988 707 5055 τῆς
749 4984 933 5056 θεῖκῆς
978 4985 1235 5049 ἐπινοίας.
1277 4983 1349 5040 Εὖ
1400 4986 1531 5055 γοῦν
1576 4987 1729 5052 εἰδὼς
1779 4990 1806 5040 ὁ

239 5074 520 5147 ’Δῦραάμ,
537 5076 631 5129 ac:
655 5076 816 5145 σοφὸς
836 5075 911 5130 ὢν
936 5077 1029 5130 καὶ
1050 5078 1186 5149 πρὸς
1211 5076 1375 5131 αὐτοῦ
1401 5077 1495 5131 τοῦ
1514 5078 1649 5131 Θεοῦ
1677 5096 1808 5149 προ-

229 5174 411 5239 φητης
447 5165 588 5222 εἶναι
625 5169 1085 5242 μαρτυρούμενος,
1108 5169 1184 5233 ὡς
1232 5171 1312 5223 ὅτι
1342 5172 1521 5225 πᾶσαν
1547 5172 1645 5243 τὴν
1688 5172 1807 5244 κρί-

232 5279 317 5313 σιν
349 5261 552 5315 ἔδωκεν
584 5261 661 5331 τῷ
693 5260 833 5330 Υίῷ,
869 5264 1165 5332 προσκυνεῖ
1200 5279 1258 5315 τε
1281 5263 1442 5316 αὐτὸν
1461 5305 1475 5326 ,
1520 5264 1614 5317 καὶ
1661 5265 1806 5335 μόνῳ

230 5352 385 5405 παοᾶ
411 5352 541 5414 τοὺς
563 5352 752 5416 ἀλλους
784 5352 946 5424 φησὶν
973 5354 1054 5405 τό’
1084 5372 1103 5405 ι
1119 5353 1397 5425 Μηδαμῶς
1424 5356 1452 5407 ὁ
1479 5356 1677 5427 κρίνων
1703 5358 1807 5409 πᾶ-

234 5460 335 5498 σαν
358 5447 460 5515 τὴν
486 5444 589 5514 γῆν
616 5444 677 5496 ού
706 5444 950 5513 ποιήσεις
986 5443 1186 5515 κρίσιν.
1220 5464 1237 5494 ι
1272 5445 1447 5516 Ὅπερ
1479 5445 1695 5515 ἀγγέλῳ
1718 5445 1807 5497 τὸν

235 5534 379 5588 θεῖον
407 5536 580 5605 Λόγον
610 5536 971 5605 ὐποδεὸηκότι
999 5535 1249 5604 λέγεσθαι
1271 5538 1508 5607 νομίζειν
1545 5522 1807 5591 ἀνοίκειόν

1912 4529 1993 4575 tor
2063 4519 2561 4575 denominationem
2619 4520 2948 4583 invenimus,
3001 4527 3059 4573 nt
3091 4518 3385 4591 Unigenito
3414 4529 3469 4574 et

1912 4613 2109 4669 ha:redi
2142 4611 2322 4667 Patris
2351 4610 2585 4665 maxime
2629 4617 3075 4665 consentaneam.
3131 4607 3344 4681 Optime
3373 4610 3475 4681 igi-

1910 4711 2001 4757 tur
2035 4711 2262 4757 noverat
2289 4701 2633 4755 Abrahamus
2667 4717 2789 4771 quae
2833 4703 3069 4773 sapiens,
3110 4710 3164 4755 et
3212 4700 3473 4771 propheta

1911 4795 1977 4851 de
2024 4795 2214 4851 eodem
2266 4794 2375 4850 Deo
2434 4803 2664 4849 testatus
2713 4804 2822 4860 est,
2875 4811 3036 4848 omne
3089 4794 3299 4847 scilicet
3324 4792 3470 4862 quod

1906 4891 2177 4961 judicium
2219 4889 2367 4945 dedit
2417 4889 2557 4943 Filio
2618 4890 2801 4951 suo",
2838 4888 3029 4943 adorat
3081 4903 3205 4941 eum
3260 4894 3314 4939 et
3370 4885 3470 4938 soli

1911 4992 2106 5055 praeter
2148 4982 2285 5038 alios
2329 4983 2462 5038 dicit
2494 5001 2507 5036 :
2544 5002 2563 5034 ι
2590 4983 2692 5049 Qui
2730 4981 2947 5052 juulicas
2999 4995 3212 5035 omnem
3247 4987 3471 5037 terram,

1910 5091 2251 5146 nequaquam
2292 5075 2461 5133 facies
2500 5076 2770 5144 judicium
2805 5074 2965 5128 hoc”
2992 5092 3037 5139 ς»
3077 5072 3222 5142 quod
3252 5069 3471 5140 quidem

1908 5170 1973 5223 ad
2000 5169 2248 5239 angelum
2281 5168 2468 5223 divino
2501 5166 2684 5223 Verbo
2730 5166 3037 5236 subjectum
3093 5163 3301 5218 dictum
3350 5175 3474 5216 esse

1908 5261 2118 5331 Opinari
2148 5259 2371 5316 minime
2397 5260 2607 5328 justum
2636 5268 2731 5314 aut
2761 5257 3089 5320 verisimile;
3116 5256 3279 5311 unius
3328 5254 3473 5310 enim

1908 5353 2074 5408 divini
2134 5350 2296 5407 Verbi
2351 5352 2588 5406 maxime
2644 5349 2925 5422 proprium
2958 5356 3096 5413 erat,
3144 5348 3287 5402 inter
3344 5343 3475 5412 alia,

1911 5443 2023 5497 haec
2053 5442 2275 5498 dicere:
2330 5441 2508 5497 «Num
2543 5442 2721 5497 celare
2773 5448 2959 5510 potero
2991 5438 3264 5495 Abraham
3302 5435 3473 5491 filium

1909 5550 2089 5590 meum
2133 5550 2254 5606 qua:
2298 5544 2553 5607 gesturus
2583 5533 2804 5590 sum“?
2830 5551 2848 5585 ι
2906 5540 3069 5603 atque
3097 5530 3263 5601 illud:
3307 5528 3477 5585 «Scio

276 5713 317 5747 ³⁷
356 5712 493 5771 Gen.
529 5729 698 5776 xvm,
734 5715 820 5769 l9.
896 5713 941 5746 ³⁸
975 5713 1133 5769 Joan.
1170 5731 1219 5779 v,
1254 5714 1343 5769 2'2.
1422 5716 1463 5747 ³³
1505 5714 1638 5770 Gen.
1674 5729 1799 5769 xvm

1904 5712 1963 5771 .5.
2036 5713 2084 5750 ⁸⁸
2121 5713 2249 5770 ibid.
2291 5714 2374 5769 l7.

518 5812 790 5872 Ριτιιοι..
821 5812 937 5874 Gn.
967 5809 1171 5873 XXII.

3152 5812 3230 5866 33
