3936 6206
517 280 658 338 1035

1254 269 1523 327 EUSEBll
1561 226 2039 327 CJESARIENSIS
2072 267 2222 327 OPP.
2264 267 2450 326 PARS
2486 267 3060 329 lll.—EXEGETICA.

3630 279 3751 334 5036

514 402 661 459 enim
707 396 851 469 quod
908 400 1279 466 praecepturus
1310 390 1381 447 sit
1426 389 1553 446 filiis
1599 388 1735 451 suis.
1789 396 1843 444 et
1888 389 2067 445 domui

2180 405 2242 442 τε
2269 390 2363 443 καί
2391 386 2825 455 ἀπιθανώτατον,
2861 388 3006 463 μόνῳ
3027 391 3083 445 δὲ
3112 391 3191 463 τῷ
3221 391 3353 465 θείῳ
3380 393 3545 465 Λόγῳ
3566 397 3748 451 οἱκειὼ

515 508 629 548 sua:
658 497 781 561 post
806 502 885 553 se,
922 493 982 541 ut
1011 483 1328 540 custodiant
1361 482 1504 538 viam
1532 480 1770 545 Domini,
1797 490 1852 536 et
1880 480 2082 538 faciant

510 581 779 655 judicium
833 587 889 632 et
931 575 1236 648 justitiam:
1291 582 1351 630 ut
1385 574 1621 630 adducat
1659 572 1921 630 Dominus
1948 589 2078 645 pro-

514 685 633 745 pter
663 670 937 728 Abraham
969 686 1090 740 qua:
1118 669 1331 725 locutus
1358 675 1442 723 est
1471 667 1539 722 ad
1568 681 1694 723 eum
1706 666 1774 723 “.
1801 685 1821 718 ι
1869 665 2080 738 Quippe

513 768 692 833 ipsum
726 763 842 819 haec
871 762 1101 817 decebat
1129 760 1336 827 dicere,
1371 759 1659 815 docentem
1699 757 1851 829 quod
1891 758 2077 814 omnia

512 860 580 912 ab
626 855 939 912 hominibus
976 853 1228 924 religiose
1276 851 1419 907 facta
1475 850 1544 906 ad
1596 851 1770 906 solam
1815 850 1871 904 in
1908 847 2078 906 Deum

508 948 835 1019 Patremque
882 946 1126 1002 omnium
1156 944 1361 1001 referre
1385 944 1595 1015 justum
1641 950 1760 999 erat
1797 944 2073 1015 pietatem,

510 1056 609 1112 per
664 1055 823 1110 quem
873 1037 929 1093 in
973 1045 1120 1093 terra
1161 1041 1593 1091 commorantem
1635 1032 1899 1104 quidquid
1946 1030 2077 1087 boni

511 1133 617 1203 piis
672 1133 727 1188 in
787 1132 1075 1187 utilitatem
1114 1137 1278 1200 atque
1311 1128 1543 1183 salutem
1609 1124 1872 1198 procedit.
1948 1122 2077 1179 Haec

512 1232 694 1280 autem
724 1221 973 1278 divinum
1011 1221 1253 1293 loquitur
1282 1217 1520 1276 Verbum
1546 1218 1695 1274 velut
1722 1217 1789 1272 de
1826 1216 1931 1271 alio
1960 1212 2075 1270 Do-

512 1314 679 1379 mino,
713 1312 886 1383 ipsius
927 1311 1135 1367 scilicet
1165 1308 1326 1365 Patre
1357 1309 1611 1364 edocens.
1660 1305 1833 1373 Quem
1867 1311 1922 1359 et
1959 1304 2077 1359 sui-

510 1410 620 1459 met
646 1402 938 1459 Dominum
972 1403 1137 1460 simul
1167 1410 1223 1457 et
1250 1400 1420 1456 Deum
1450 1398 1741 1471 discipulis
1791 1396 1911 1455 suis
1940 1413 2075 1453 con-

508 1500 712 1562 fitetur,
749 1496 979 1552 dicens:
1032 1494 1324 1550 «Ascendo
1384 1491 1453 1546 ad
1502 1491 1720 1547 Patrem
1766 1505 1972 1554 meum,
2019 1497 2074 1546 et

508 1588 723 1644 Patrem
738 1597 1000 1654 vestrum,
1024 1582 1193 1642 Deum
1217 1598 1418 1645 meum,
1436 1594 1489 1639 et
1505 1582 1673 1639 Deum
1691 1589 1935 1639 vestrum
1954 1581 2020 1634 δ’.
2047 1601 2066 1634 ι
2112 1590 2123 1603 ·

503 1677 672 1733 Plena
699 1686 783 1734 est
809 1685 990 1732 autem
1020 1677 1126 1744 lex,
1160 1675 1448 1746 omnisque
1495 1673 1788 1745 Scriptura
1839 1673 2071 1744 hujusce

2186 495 2345 533 τατον
2384 479 2451 534 ἂν
2471 477 2555 551 εἴη
2590 480 2730 552 μετὰ
2756 480 2865 534 τῶν
2897 480 3071 536 ἄλλων
3105 482 3335 553 φάσκειν
3364 484 3466 540 καὶ
3493 486 3558 540 τό
3578 505 3593 519 ·
3629 506 3646 539 ι
3668 489 3749 560 Μὴ

2186 570 2379 644 κρύψω
2399 570 2509 641 ἐγὼ
2532 571 2640 626 ἀπὸ
2667 571 2916 646 Ἀϐραὰμ
2939 571 3035 627 τοῦ
3064 574 3250 639 παιδός
3271 592 3378 647 μου
3396 574 3561 645 ἃὲγὼ
3578 579 3747 645 mum.

2184 665 2280 719 καὶ
2339 665 2401 719 τό
2427 680 2497 746 ’,ι
2536 665 2722 739 ᾝδειν
2765 665 2874 739 γάρ
2902 666 2985 719 ὅτι
3015 666 3261 734 συντάξει
3284 664 3403 732 τοῖς
3436 670 3572 733 υίοίς
3604 670 3752 725 αὐτοῦ

2185 757 2278 811 καὶ
2324 756 2403 829 τῷ
2443 757 2576 828 οίκῳ
2620 756 2786 811 αὐτοῦ
2831 756 2948 829 μετ’
2979 756 3161 823 αὐτὸν,
3208 758 3301 812 καὶ
3341 759 3635 830 φυλάξουσι
3664 760 3754 824 τάς

2183 847 2568 921 όδοὺςΚῡρίου
2595 851 2770 902 ποιεῖν
2796 847 3139 918 δικαιοσύνην
3161 850 3252 903 καὶ
3276 851 3484 923 κρίσιν,
3523 852 3664 916 ὅπως
3691 850 3753 905 ἂν

2184 939 2437 1013 ἐπαγάγῃ
2463 936 2784 1013 Κῦριοςοὲπὶ
2810 938 3062 1012 ’Δόραὰμ
3080 940 3116 995 ἃ
3140 940 3367 1013 ὲλάλησε
3394 943 3746 1014 πῴςαύτόνδ

2187 1034 2294 1094 Kal
2326 1034 2526 1107 πρέπει
2552 1053 2617 1106 γε
2648 1034 2796 1108 αὐτῷ
2817 1034 2991 1090 ταῦτα
3026 1035 3206 1106 λέγειν
3237 1036 3566 1102 παιδεύοντι,
3594 1038 3671 1092 ὅτι
3695 1038 3752 1110 δὴ

2183 1128 2359 1183 πάντα
2379 1127 2450 1182 τὰ
2474 1127 2533 1196 ἐξ
2559 1126 2860 1200 ἀνθρώπων
2885 1128 3047 1193 ὁσίως
3068 1128 3319 1203 δρώμενα
3343 1133 3425 1194 είς
3458 1131 3638 1203 μόνην
3665 1132 3753 1203 τὴν

2179 1218 2272 1273 τοῦ
2305 1218 2441 1274 Θεοῦ
2470 1221 2564 1274 καὶ
2588 1219 2801 1293 Πατρός
2819 1219 2928 1274 τῶν
2953 1220 3090 1274 ὅλων
3113 1219 3405 1292 ἀναφέρειν
3420 1220 3589 1293 θέμις
3610 1221 3752 1276 εὗσέ-

2181 1313 2355 1378 όειαν,
2390 1313 2519 1384 παρ’
2561 1306 2621 1367 οὗ
2651 1312 2745 1366 ἐπὶ
2775 1312 2879 1384 γῆς
2896 1311 3048 1375 ὄντος
3071 1310 3181 1365 τῶν
3209 1310 3434 1379 ἀγαθῶν
3463 1312 3540 1366 τὰ
3589 1312 3754 1367 πάντα

2177 1403 2291 1466 τοῖς
2313 1401 2588 1457 εὐσεϐέσιν
2610 1404 2691 1467 είς
2711 1400 2976 1473 ὠφέλειάν
2990 1419 3052 1455 τε
3086 1401 3180 1456 καὶ
3201 1402 3479 1474 σωτηρίαν
3509 1392 3751 1475 χορὴγεῖ-

2176 1509 2267 1547 ται
2292 1509 2306 1524 ·
2338 1492 2513 1547 ταῦτα
2529 1492 2587 1547 δὲ
2604 1495 2633 1547 6
2667 1493 2807 1558 θεῖός
2837 1510 2970 1566 φησι
2992 1493 3161 1563 Λόγος
3179 1492 3256 1557 ὡς
3272 1494 3406 1564 περὶ
3425 1493 3610 1563 ἑτέρου
3635 1496 3747 1549 Ku-

2180 1583 2296 1656 ρίου
2329 1582 2422 1638 τοῦ
2461 1583 2654 1639 ἑαυτοῦ
2687 1584 2900 1657 Πατρός
2921 1584 3208 1639 διδάσκων·
3237 1583 3334 1639 καὶ
3361 1584 3470 1658 γάρ
3496 1586 3591 1639 καὶ
3629 1588 3749 1641 ἑαυ-

2176 1675 2271 1730 τοῦ
2305 1674 2508 1749 Κύριόν
2548 1691 2611 1729 τε
2642 1675 2735 1730 καὶ
2777 1674 2911 1731 Θεὸν
2946 1675 3107 1730 αὐτὸν
3148 1674 3404 1747 ὁμολογεί
3438 1675 3578 1749 πρὸς
3632 1678 3754 1742 toil;

507 1767 721 1825 Domini
752 1785 772 1820 ι
799 1767 1187 1834 characteris,»
1224 1766 1467 1829 scilicet,
1491 1765 1662 1821 divini
1690 1764 1876 1833 Verbi,
1901 1766 2064 1834 quasi

2175 1767 2334 1831 ἰδίους
2373 1766 2643 1838 μαθητάς,
2665 1786 2685 1819 ι
2706 1765 3050 1840 Ἀνέρχομαι,
3081 1767 3325 1837 φάσκων,
3365 1770 3505 1843 πρὸς
3528 1770 3620 1826 τὸν
3643 1772 3753 1826 Πα-

506 1863 575 1918 de
611 1862 718 1917 alio
744 1860 978 1918 Domino
1000 1860 1298 1932 loquentis,
1321 1860 1416 1931 qui
1444 1858 1606 1915 Pater
1633 1857 1754 1930 ejus
1784 1856 2067 1914 manifeste

2176 1861 2309 1931 τέρα
2328 1876 2429 1930 μου
2467 1859 2560 1912 καὶ
2594 1857 2816 1930 Πατέρα
2843 1857 3017 1930 ὑμῶν,
3051 1860 3146 1914 καί
3173 1860 3308 1914 Θεόν
3339 1878 3441 1933 μου
3479 1864 3576 1917 καὶ
3603 1861 3735 1917 Θεὸν

503 1963 609 2012 est.
636 1954 770 2022 Quae
799 1953 1019 2026 quidem
1054 1968 1180 2009 cum
1208 1953 1377 2008 multa
1404 1958 1459 2008 et
1500 1950 1934 2023 profundissima
1962 1951 2073 2008 sint

503 2047 855 2105 meditatione
913 2045 1099 2119 digna,
1144 2046 1217 2102 ad
1258 2060 1500 2118 praesens
1544 2045 1886 2117 propositum
1936 2045 2073 2101 satis

503 2155 627 2196 esse
651 2139 867 2210 opinor.

2179 1953 2350 2024 ὑμῶν.
2386 1972 2405 2005 ι
2439 1952 2802 2025 Πεπλήρωται
2824 1952 2871 2006 δ’
2900 1953 2930 2007 ὃ
2961 1970 3019 2008 τε
3050 1952 3214 2025 νόμος
3244 1954 3340 2009 καὶ⁵
3374 1957 3522 2012 πᾶσα
3554 1956 3749 2030 Γραφὴ

2178 2047 2271 2100 τοῦ
2313 2046 2517 2101 τοιοῦδε
2559 2047 2904 2120 χαρακτῆρος
2930 2047 3024 2102 τοῦ
3058 2047 3287 2121 Κυρίου,
3312 2048 3456 2103 τοῦτ’
3480 2047 3630 2103 ἐστιν
3663 2048 3753 2102 τοῦ

2179 2136 2324 2192 Θείου
2356 2137 2550 2207 Λόγου,
2596 2137 2691 2219 ὡς-
2712 2138 2839 2210 περὶ
2873 2137 3060 2210 ἑτέρου
3100 2138 3304 2211 Κυρίου
3344 2138 3747 2211 διαλεγομένου,

503 2235 566 2309 (f.
599 2234 653 2308 8)
679 2200 837 2306 δῆλον
860 2236 906 2289 δ’
935 2234 1018 2288 ὅτι
1036 2232 1131 2287 τοῦ
1161 2232 1392 2305 Πατρός.
1418 2200 1623 2303 Πολλῆς
1651 2231 1706 2285 δὲ
1728 2230 1822 2285 καὶ
1839 2229 2143 2303 βαθυτάτης
2167 2200 2694 2306 δεομένωνῡθεωρίας
2756 2200 2864 2287 τίῦν
2884 2200 3026 2287 κατὰ
3085 2200 3205 2287 τὸν·
3232 2232 3420 2300 τότων,
3664 2200 3749 2291 καί

498 2327 673 2382 ταῦτα
706 2326 842 2400 πρὸς
867 2324 963 2399 τὴν
994 2322 1272 2396 παροῦσαν
1307 2323 1582 2377 ὑπόθεσιν.

1103 2436 1331 2493 CAPUT
1387 2437 1477 2494 IV.

578 2556 597 2590 ι
629 2536 695 2591 Et
725 2535 862 2608 fugit
914 2536 1061 2607 Agar
1092 2549 1123 2588 a
1160 2532 1303 2589 facie
1346 2534 1468 2603 ejus
1494 2534 1561 2597 ",
1600 2551 1620 2586 ι
1654 2532 1811 2588 Sarai
1843 2531 2074 2594 scilicet,

471 2636 562 2683 -ut
590 2626 940 2683 manifestum
991 2634 1097 2691 est,
1144 2640 1165 2675 ι
1201 2638 1436 2692 cumque
1467 2622 1769 2677 invenisset
1826 2635 1945 2676 eam
1974 2634 2075 2675 an-

469 2719 652 2789 .gelul
700 2716 911 2772 Domini
960 2716 1115 2785 juxta
1170 2716 1373 2770 fontem
1422 2728 1578 2782 aqua:
1600 2712 1667 2766 “.
1705 2732 1724 2764 ι
1760 2709 2104 2767 Secundum'

466 2808 730 2879 desimus
761 2809 818 2861 in
842 2808 912 2863 iis
934 2822 1056 2876 quae
1085 2813 1425 2877 sequuntur:
1462 2822 1481 2856 ι
1504 2803 1651 2858 Dixit
1677 2803 1743 2859 ad
1794 2803 1944 2858 illam
1975 2818 2073 2857 an-

2701 2434 3097 2488 ΚΕΦΔΛΑῘΟΝ
3147 2433 3222 2488 Δ’.

2252 2545 2272 2577 ι
2313 2527 2423 2580 Καὶ
2444 2526 2653 2598 ἀπέδρα
2680 2527 2858 2598 Ἅγαρ
2885 2527 2994 2580 ἀπὸ
3015 2525 3303 2600 προσώπου
3328 2528 3526 2600 αὐτῆς,
3556 2547 3577 2581 ι
3602 2527 3749 2601 δῆλον

2175 2616 2255 2669 ὅτι
2287 2617 2387 2688 τῆς
2416 2616 2660 2691 Σάρρας·
2707 2636 2726 2671 ι
2749 2611 2875 2692 εὗρε
2906 2619 2964 2673 δὲ
2984 2618 3154 2691 αὐτὴν
3176 2619 3407 2690 ἄγγελος
3427 2620 3638 2694 Κυρίου
3665 2620 3749 2674 ἐπὶ

2175 2708 2272 2779 τῆς
2305 2709 2628 2789 πηγῆςτοῦ
2664 2708 2888 2789 ὓδατος·
2924 2730 2944 2763 ι
2988 2711 3083 2767 καὶ
3112 2713 3171 2766 ἐν
3201 2716 3315 2777 τοῖς
3351 2712 3484 2784 ἑξῆς
3509 2712 3750 2786 δεύτερον

2174 2797 2411 2871 εἴρηται·
2445 2819 2465 2853 ι
2488 2796 2656 2856 Εἶπεν
2709 2801 2770 2856 δὲ
2796 2803 2934 2875 αὐτῇ
2973 2806 3003 2858 6
3043 2804 3272 2875 ἄγγελος
3316 2806 3553 2877 Κυρίου·
3582 2824 3605 2859 ι
3662 2807 3750 2860 καὶ

468 2900 655 2969 .gelus
682 2897 904 2953 Domini
934 2897 983 2930 “
1007 2916 1025 2964 ;
1065 2916 1084 2949 ι
1114 2905 1171 2952 et
1226 2897 1446 2952 tertium
1476 2914 1491 2950 :
1527 2912 1548 2947 ι
1574 2893 1721 2950 Dixit
1761 2894 1811 2950 ei
1843 2894 2067 2967 angelus

2171 2893 2354 2968 τρίτον
2378 2894 2456 2948 δέ·
2487 2891 2690 2950 (Εἶπεν
2722 2894 2858 2967 αὐτῇ
2883 2895 2913 2948 6
2943 2895 3172 2965 ἅγγελος
3191 2885 3422 2970 Κυρίου*
3455 2897 3744 2970 Πληθύνων

497 2991 757 3048 Domini:
788 2989 1156 3062 Multiplicans
1231 2987 1607 3059 multiplicabo
1644 3001 1831 3043 semen
1887 2994 2064 3053 tuum,

466 3093 552 3140 -et
579 3098 690 3140 non
716 3082 1095 3138 numerabitur
1144 3096 1257 3152 pra:
1285 3079 1636 3138 multitudine
1655 3078 1722 3137 ⁸⁸.
1766 3098 1788 3133 ι
1840 3077 1906 3134 Et
1938 3095 2067 3135 rur-

472 3186 621 3230 mum
650 3187 667 3225 :
698 3190 717 3224 ι
752 3169 897 3226 Dixit
922 3170 972 3226 ei
1002 3170 1229 3242 angelus
1286 3167 1502 3225 Domini
1533 3184 1548 3222 :
1576 3168 1715 3226 Ecce
1766 3168 2064 3240 concepisti

495 3273 550 3317 et
577 3261 755 3333 paries
782 3260 954 3315 lilium
988 3275 1003 3311 :
1035 3259 1365 3328 vocabisque
1388 3273 1583 3315 nomen
1604 3258 1726 3329 ejus
1753 3256 1966 3324 lsmael,
2000 3272 2066 3314 eo

494 3349 645 3422 quod
687 3348 920 3411 audierit
979 3347 1242 3404 Dominus
1304 3346 1654 3403 aﬂlictionem
1674 3355 1826 3403 tuam
1847 3347 1915 3403 δ’.
1943 3366 1963 3401 ι
2000 3347 2066 3403 Et

470 3456 747 3499 .sermone
787 3440 1037 3497 absoluto
1073 3440 1313 3496 dicitur:
1349 3459 1370 3491 ι
1401 3438 1624 3497 Vocavit
1660 3451 1843 3497 autem
1865 3455 2064 3496 nomen

484 3531 735 3597 Domini,
768 3531 865 3603 qui
900 3531 1224 3602 loquebatur
1274 3531 1341 3586 ad
1378 3545 1497 3587 eam
1523 3551 1536 3587 :
1563 3529 1647 3585 Tu
1676 3529 1821 3587 Deus
1857 3531 1953 3603 qui
1988 3531 2067 3588 vi-

478 3623 623 3680 disti
660 3637 748 3679 me
777 3623 843 3678 “.
876 3642 895 3675 ι
938 3622 1167 3679 Etiamsi
1226 3637 1328 3677 nec
1388 3621 1444 3676 in
1484 3629 1690 3678 sancta:
1732 3621 2062 3680 narrationis

486 3716 653 3771 initio
700 3714 961 3772 Dominus
1010 3716 1324 3773 nominatus
1368 3713 1566 3771 fuisset
1594 3714 1740 3789 Agar
1768 3714 1924 3771 visus
1974 3730 2063 3771 er-

493 3810 661 3874 ranti,
688 3827 708 3860 ι
740 3809 948 3866 vocavit
986 3817 1169 3864 autem
1200 3823 1396 3864 nomen
1426 3805 1640 3863 Domini
1678 3808 1775 3878 qui
1801 3807 2064 3878 loqueba-

492 3907 584 3961 tur
616 3899 682 3955 ad
703 3914 846 3966 eam,
878 3918 897 3951 ι
932 3898 1123 3969 siquis
1147 3898 1474 3954 contendere
1512 3899 1639 3953 velit
1684 3898 1755 3953 ab
1790 3898 1934 3970 Agar
1962 3912 2061 3952 an-

490 3994 671 4065 gelum
695 3990 833 4047 falso
852 3990 1019 4062 quasi
1043 3989 1213 4047 Deum
1245 3991 1485 4046 habitum
1514 4005 1669 4057 esse;
1706 4005 1851 4045 nunc
1878 3997 2061 4046 autem

492 4093 725 4140 testatur
789 4082 1075 4154 Scriptura
1138 4080 1427 4138 Dominum
1454 4098 1608 4148 esse,
1643 4083 1737 4153 qui
1783 4097 1880 4153 per
1921 4096 2062 4153 prae-

2169 2985 2424 3058 πληθυνῶ
2448 2985 2510 3040 τὸ
2538 2985 2761 3058 σπέρμα
2782 3002 2898 3052 σου,
2927 2986 3021 3040 καὶ
3043 2987 3144 3040 οὐκ
3180 2984 3621 3061 anomalam“
3636 2991 3744 3046 ἀπὸ

2165 3077 2260 3135 τοῦ
2289 3077 2542 3152 πλήθους·
2568 3097 2587 3132 ι
2619 3079 2713 3132 καὶ
2741 3074 2917 3145 αὖθις·
2950 3075 3145 3133 (Εἶπεν
3161 3080 3297 3152 αὐτῇ
3318 3083 3349 3135 ό
3372 3082 3609 3151 ἄγγελος
3632 3084 3744 3138 Ku-

2167 3172 2307 3245 ρίου·
2343 3171 2472 3227 Ἰδοὺ
2508 3172 2573 3225 σὺ
2601 3173 2659 3227 ὲν
2684 3172 2883 3243 γαστρὶ
2902 3172 3064 3239 ἕξεις,
3089 3172 3184 3226 καὶ
3215 3172 3347 3247 τέξῃ
3368 3174 3507 3241 υίὸν,
3539 3175 3638 3231 καὶ
3652 3193 3747 3231 κα-

2164 3262 2346 3328 λέσεις
2371 3262 2432 3321 τὸ
2455 3263 2624 3335 ὄνομα
2659 3262 2825 3317 αὑτοῦ
2857 3262 3099 3335 Ἰσμαήλ·
3119 3263 3201 3317 ὅτι
3232 3265 3508 3336 ἐπήκουσε
3539 3267 3739 3341 Κύριος

2163 3358 2234 3427 τῇ
2270 3353 2596 3410 ταπεινώσει
2627 3370 2743 3408 σου·
2778 3374 2796 3407 ι
2829 3353 2924 3409 καὶ
2961 3353 3097 3426 μετὰ
3129 3354 3337 3419 πάντας
3377 3357 3512 3421 τοὺς
3550 3357 3736 3427 λόγους

2163 3447 2398 3520 εἴρηται·
2436 3466 2454 3499 ι
2482 3448 2591 3501 Καὶ
2610 3448 2867 3502 ἐκάλεσεν
2891 3448 2954 3501 τὸ
2977 3447 3147 3518 ὄνομα
3172 3447 3376 3520 Κυρίου
3397 3448 3500 3502 τοῦ
3526 3449 3740 3506 λαλοῦν-

2160 3555 2254 3601 τος
2285 3537 2421 3611 πρὸς
2456 3539 2642 3612 αὑτήν·
2678 3538 2750 3592 Σὺ
2774 3537 2907 3602 Θεὸς
2948 3541 2977 3592 6
3024 3538 3221 3593 ἐπιδών
3261 3556 3347 3611 με.
3393 3558 3412 3591 ι
3435 3537 3503 3594 Εἰ
3540 3542 3617 3613 μὴ
3645 3543 3735 3595 καὶ

2162 3632 2272 3687 ἀπὸ
2316 3629 2611 3703 προσώπου
2649 3631 2748 3702 τῆς
2781 3632 2930 3702 ἱερᾶς
2973 3631 3194 3704 Γραφῆς
3218 3632 3423 3704 Κύριος
3461 3632 3751 3704 ὠνόμαστο

2166 3726 2232 3794 τῇ
2274 3721 2451 3793 Ἅγαρ
2477 3721 2763 3791 ἐπιφανεὶς
2790 3722 3044 3796 ἀλωμένη
3078 3726 3136 3777 ὲν
3170 3722 3268 3795 τῷ·
3306 3743 3325 3775 ι
3351 3724 3463 3777 Καὶ
3489 3725 3745 3779 ἐκάλεσεν

2160 3815 2222 3867 τὸ
2236 3813 2407 3885 ὄνομα
2421 3812 2623 3886 Κυρίου
2646 3812 2740 3867 τοῦ
2759 3812 3042 3878 λαλοῦντος
3065 3814 3201 3887 πρὸς
3220 3814 3411 3888 αὐτὴν,
3441 3835 3461 3868 ι
3510 3816 3615 3871 κᾶν
3637 3818 3749 3883 ὐπ-

2161 3903 2319 3958 ἑλαϐέ
2336 3922 2421 3969 τις
2442 3905 2540 3976 τὴν
2564 3903 2880 3977 ’ΔγαρΘεὸν
2902 3906 3251 3978 ὲσφαλμένως
3278 3906 3634 3981 ὑπειληφέναι
3650 3908 3749 3963 τὸν

2160 3995 2409 4064 ἄγγελον·
2443 3996 2561 4050 νυν)⁵
2586 3996 2644 4051 δὲ
2672 3998 2705 4068 ὴ
2741 3995 2930 4069 Γραφὴ
2967 4002 3254 4073 μαρτυρεῖ,
3277 4001 3361 4053 ότι
3378 4000 3588 4073 Κύριος
3614 3997 3685 4075 ἦν
3713 4003 3745 4055 ό

2158 4085 2245 4139 διὰ
2266 4084 2361 4139 τοῦ
2388 4088 2881 4160 προωνομασμένου
2914 4088 3267 4162 χρηματίζων
3300 4093 3566 4161 ἀγγέλου,
3585 4094 3656 4149 δι’
3680 4087 3743 4149 οὗ

491 4176 698 4233 dictum
720 4176 970 4247 angelum
1002 4174 1153 4231 visus
1203 4182 1342 4239 erat,
1370 4189 1478 4246 .per
1515 4189 1676 4245 quem
1707 4181 1768 4229 ut
1794 4172 2058 4229 Dominus

2170 4174 2255 4230 ἣτε
2287 4176 2491 4250 Κύριος
2520 4179 2616 4233 καὶ
2644 4178 2776 4243 Θεὸς
2810 4179 2886 4234 ὢν
2916 4182 3232 4254 πρεπόντως
3259 4183 3439 4256 ἑαυτῷ
3476 4185 3635 4257 ἔλεγε
3660 4186 3737 4241 τό·

489 4278 545 4324 et
594 4267 758 4333 Deus,
792 4277 852 4322 ut
904 4268 1083 4337 ipsum
1135 4266 1378 4332 decebat,
1421 4267 1598 4323 dixit;
1634 4286 1653 4316 ε
1688 4264 2058 4337 Πιιιιὶριὶοιιιιε

2170 4287 2184 4319 ι
2223 4249 2513 4340 mnsam
2562 4269 2817 4342 πληθυνῶ
2847 4272 2909 4326 τὸ
2944 4249 3167 4347 σπέρμα
3202 4291 3317 4329 σου·
3369 4249 3605 4332 »ἰτοῦτο
3636 4279 3742 4349 γάρ

488 4359 867 4429 multiplicabo
911 4374 1093 4414 semen
1140 4367 1315 4413 tuum.
1346 4377 1367 4410 ι
1423 4356 1538 4414 Hoc
1589 4357 1735 4414 enim
1768 4356 1862 4415 Dei
1894 4358 2058 4413 unius

491 4458 640 4506 esset
684 4450 890 4516 dicere,
931 4464 1042 4505 non
1084 4450 1197 4521 jam
1249 4452 1446 4523 angeli.
1493 4450 1613 4518 Qua
1647 4451 1869 4523 quidem
1922 4465 2057 4506 voce

410 4598 413 4601 λ
490 4540 687 4598 educta
715 4543 860 4615 Agar
903 4542 1007 4599 sibi
1061 4558 1187 4598 eum
1225 4541 1338 4600 Deo
1396 4544 1515 4600 solo
1561 4544 1668 4599 tale
1718 4542 2053 4614 colloquium

487 4647 631 4700 esse,
660 4652 679 4687 ι
716 4630 798 4690 Τιι
824 4633 989 4699 Deus,
1035 4636 1132 4700 ait,
1183 4635 1275 4707 qui
1291 4635 1481 4690 vidisti
1511 4649 1619 4690 me.
1656 4654 1677 4687 ι
1703 4632 1812 4690 Sed
1842 4642 1898 4690 et
1926 4649 2053 4690 rur-

489 4740 608 4790 sus.
632 4739 756 4781 cum
810 4723 951 4796 fugit
980 4739 1167 4781 secum
1205 4726 1412 4782 habens
1437 4724 1607 4781 ﬁlium
1632 4724 1897 4794 scriptum
1920 4731 2007 4779 est
2038 4743 2053 4776 :

494 4838 513 4871 ι
550 4816 879 4888 Vocavitque
910 4818 1136 4889 angelus
1179 4816 1276 4872 Dei
1305 4816 1448 4889 Agar
1481 4817 1550 4873 de
1571 4817 1712 4872 celo
1733 4815 1801 4882 δ’,
1839 4833 1858 4866 ι
1884 4813 2053 4869 dixit-

486 4928 594 4985 que
620 4914 670 4970 ei
697 4928 819 4986 qua:
838 4909 1170 4977 referuntur,
1197 4912 1252 4965 in
1270 4911 1468 4982 quibus
1495 4921 1549 4966 et
1573 4908 1705 4965 illud
1736 4925 1750 4960 :
1782 4928 1800 4960 ι
1837 4906 1898 4963 ιιι
1922 4923 2054 4979 gen-

488 5012 597 5058 tem
628 5018 881 5075 magnam
912 5003 1107 5059 faciam
1141 5018 1266 5059 eum
1301 5003 1387 5071 '°;
1421 5023 1440 5057 ι
1468 5011 1717 5075 apertum
1733 5011 1818 5057 est
1844 5002 1960 5056 haec
1985 5000 2052 5057 de

486 5110 658 5166 puero
681 5094 906 5164 dicere;
932 5095 1078 5167 quod
1106 5095 1177 5153 ab
1205 5095 1396 5166 angelo
1442 5093 1651 5150 dictum
1682 5093 1907 5149 minime
1934 5108 2054 5149 cre-

487 5186 745 5253 dendum,
774 5186 867 5244 Dei
889 5189 1033 5243 enim
1067 5186 1287 5258 propria
1342 5184 1685 5242 denuntiatio
1739 5193 1846 5241 est.
1878 5183 2051 5254 Cujus

485 5279 651 5350 igitur
678 5278 895 5338 Domini
916 5295 1115 5337 nomen
1146 5279 1362 5336 vocavit
1407 5278 1588 5350 Agar:
1622 5297 1643 5331 ι
1678 5277 1932 5335 TuDeus
1959 5276 2052 5347 qui

486 5367 671 5425 vidisti
697 5384 802 5437 me,
824 5390 844 5422 ι
863 5383 988 5424 cum
1015 5375 1070 5424 et
1091 5369 1165 5423 ibi
1188 5365 1536 5423 Hebraeorum
1566 5371 2053 5437 tetragrammaton

487 5457 768 5530 Scriptura
817 5459 1021 5519 referat
1062 5460 1295 5517 nomen?
1343 5457 1623 5515 Praedictis
1647 5459 1846 5532 quippe
1875 5456 2052 5513 mani-

2160 4358 2278 4431 Θεῷ
2304 4359 2448 4432 μόνῳ
2474 4360 2700 4433 ἁρμόζοι
2726 4361 2792 4416 ἂν
2819 4362 3014 4433 λέγειν,
3047 4365 3229 4419 οὐκέτι
3255 4366 3310 4420 δὲ
3349 4368 3447 4421 καὶ

2157 4449 2331 4523 τούτῳ
2354 4451 2401 4505 δ’
2429 4448 2498 4505 αὖ
2529 4451 2607 4523 τῷ
2636 4454 2842 4526 ῥήματι
2866 4455 2959 4509 καὶ
2985 4456 3085 4526 τὴν
3114 4453 3293 4530 Ἅγαρ
3334 4458 3487 4525 εἰκὸς
3517 4463 3734 4532 ἐπιστή-

2158 4561 2349 4609 σασαν,
2380 4547 2628 4601 συνεῖσάν
2646 4565 2705 4601 τε
2730 4549 2813 4602 ὃτι
2836 4549 2997 4620 μόνου
3013 4548 3147 4604 Θεοῦ
3169 4552 3365 4620 γένοιτ’
3382 4552 3452 4608 ἂν
3464 4556 3501 4626 ἡ
3516 4555 3729 4625 τοιαύτη

2155 4631 2325 4704 φωνὴ,
2362 4635 2658 4708 εἰρηκέναι·
2695 4638 2845 4692 «Ὅτι
2873 4639 2936 4692 σὺ
2968 4638 3100 4704 Θεὸς
3127 4643 3156 4694 6
3183 4642 3385 4699 ἐπιδών
3420 4662 3517 4715 με·
3554 4665 3575 4699 ι
3608 4643 3730 4700 ἀλλὰ

2153 4726 2247 4779 καὶ
2273 4724 2550 4799 δεύτερον,
2582 4729 2670 4782 ὅτε
2701 4730 3084 4802 ἀποδιδράσκει
3128 4732 3251 4804 μεθ’
3284 4736 3497 4807 ἑαυτῆς
3543 4738 3726 4810 ἔχουσα

2158 4814 2247 4869 τὸν
2281 4816 2412 4883 υἱὸν,
2440 4818 2768 4889 γέγραπται·
2792 4840 2811 4873 ι
2851 4822 3136 4877 Ἐκάλεσεν
3153 4824 3209 4878 δὲ
3228 4826 3463 4895 ἄγγελος
3480 4829 3580 4882 τοῦ
3600 4828 3722 4883 Θεοῦ

2156 4909 2254 4982 τὴν
2286 4912 2463 4986 Ἀγαρ
2489 4916 2553 4968 ὲκ
2580 4914 2672 4970 τοῦ
2704 4915 2957 4986 οὐρανοῦ,
2986 4936 3004 4968 ι
3047 4919 3142 4971 καὶ
3168 4912 3322 4973 εἶπεν
3348 4921 3494 4994 αὐτῇ
3516 4922 3587 4976 τά
3610 4922 3722 4975 clva-

2152 5005 2534 5080 γεγραμμένα,
2570 5007 2629 5061 ὲν
2671 5001 2752 5072 οἷς
2802 5010 2948 5062 ἐστιν
2986 5010 3080 5063 καὶ
3123 5010 3207 5064 τό·
3256 5031 3275 5065 ι
3322 5014 3421 5077 Εἰς
3446 5014 3560 5087 γὰρ
3584 5013 3716 5073 ἔθνος

2160 5096 2369 5167 ποιήσω
2397 5098 2549 5152 αὐτό·
2578 5118 2597 5151 ι
2635 5099 2793 5173 δῆλαι
2825 5101 2871 5156 δ’
2897 5102 2977 5157 ὅτι
3018 5103 3080 5156 τὸ
3110 5104 3342 5159 παιδίον·
3375 5107 3519 5180 ὅπερ
3548 5106 3713 5161 οὗκέτι

2157 5183 2248 5238 τὸν
2281 5184 2508 5256 ἄγγελον
2526 5188 2850 5257 ,ἀξιόπισττν
2879 5191 2945 5248 ἂν
2982 5192 3069 5263 εἴη
3094 5192 3302 5263 λέγειν,
3322 5195 3461 5250 Θεοῦ
3490 5197 3598 5269 γὰρ
3620 5195 3713 5248 πᾶν

2157 5277 2241 5330 λιν
2263 5281 2296 5350 ή
2318 5280 2636 5359 ἐπαγγελία.
2668 5284 2825 5349 Τίνος
2854 5281 2948 5345 οὖν
2976 5286 3180 5360 Κυρίου
3203 5286 3465 5344 ἐκάλεσεν
3488 5294 3521 5361 ή
3552 5292 3713 5357 ’Δγαρ

2156 5366 2411 5441 τοῦνομα·
2457 5391 2475 5423 ι
2513 5374 2584 5428 Σὺ
2611 5376 2640 5428 ό
2665 5374 2796 5439 Θεὸς
2839 5378 2869 5433 6
2912 5376 3110 5437 ἐπιδών
3132 5395 3223 5453 με,
3260 5400 3281 5433 ι
3324 5380 3597 5437 κάνταῦθα
3620 5377 3712 5447 τῇς

2157 5459 2198 5513 Γ
2202 5463 2381 5535 ραφῆς
2413 5464 2505 5517 ἐπὶ
2561 5466 2654 5520 τοῦ
2715 5469 2920 5542 Κυρίου
2978 5470 3039 5523 τὸ
3097 5474 3525 5545 τετράγραμμον
3588 5472 3711 5543 παρ’

550 5634 601 5711 ξξ
636 5634 955 5711 Gen._xvut_.
988 5634 1083 5711 19.
1156 5636 1201 5670 δ’
1238 5634 1396 5711 Joan.
1437 5652 1528 5711 κδ,
1563 5636 1673 5711 l7.
1724 5635 1940 5711 {"Gcn.
1971 5654 2080 5710 xw,
2104 5641 2159 5701 6.
2236 5642 2282 5676 “
2313 5642 2449 5699 ibid.
2483 5643 2534 5701 7.
2611 5645 2655 5678 "
2690 5644 2823 5706 ibid.
2857 5645 2913 5705 9.
2988 5647 3034 5684 “
3061 5647 3297 5711 ibidJO.
3375 5650 3421 5685 ⁸⁷
3461 5647 3583 5708 ibid.
3620 5645 3703 5700 “-

481 5702 526 5740 “
563 5704 697 5766 ibid.
733 5707 820 5762 15.
895 5706 941 5740 ⁴⁹
978 5705 1115 5764 Gen.
1154 5722 1278 5775 ut,
1314 5707 1400 5764 17.
1478 5708 1525 5741 ⁸ο
1565 5707 1697 5765 ibid.
1737 5706 1826 5765 18.
