3936 6206
377 281 516 340 ιοδπ

1404 273 1698 330 ECLOGIE
1743 269 2225 326 PROl’llETICAcL
2269 302 2336 308 -κ
2375 266 2504 320 LIB.
2548 267 2587 320 l.

3495 273 3626 328 1058

373 399 851 472 Ἐϐραιοὸξὸνσμα
903 395 1293 466 περιεχούσης;
1334 395 1366 465 ἢ
1401 394 1556 465 δῆλον
1596 396 1658 446 ὲκ
1683 392 1790 446 τῶν
1823 409 1950 464 προ-

2058 391 2257 447 festum
2282 399 2364 446 est
2397 391 2542 443 hunc
2577 403 2696 443 esse
2751 387 3015 455 Verbum,
3069 388 3122 442 in
3177 390 3446 460 principio
3483 392 3624 465 apud

362 491 794 561 αποδεδομένων,
823 491 904 542 ὅτι
928 489 991 559 δὴ
1015 487 1106 545 τοῦ
1141 489 1196 539 ὲν
1228 489 1366 558 ἀρχῇ
1398 487 1534 556 πρὸς
1554 486 1645 565 τὸν
1682 484 1812 538 Θεὸν
1843 485 1944 536 Λό-

363 600 486 651 γου,
520 581 578 644 ὃς
613 579 919 651 ἐπιπαρών,
935 580 1024 632 καὶ
1054 578 1122 630 τὰ
1154 579 1273 630 κατ’
1323 577 1641 648 ἀνθρώπους
1671 575 1728 639 ἐξ
1772 575 1947 646 ἀρχῆς

363 677 579 748 ἐφορῶν
599 692 660 727 τε
681 675 776 726 καὶ
793 671 1110 743 οἰκονομῶν,
1129 674 1239 733 τοῖς
1269 670 1368 741 μὲν
1392 666 1830 738 ὲπαναϐεϐηκόσι
1851 667 1946 718 καὶ

361 767 592 831 τελείοις
620 766 896 836 ἀνδράσιν,
933 762 1041 827 οἶος
1077 759 1145 834 ἦν
1182 764 1210 814 ὃ
1242 779 1302 814 τε
1346 759 1596 832 ’Λϐραὰμ
1623 759 1717 811 καὶ
1763 756 1946 810 Ἰσαὰκ

359 858 462 910 καὶ
493 855 708 918 Ἰακὼϐ,
740 854 902 918 αὑτὸς
924 854 990 906 δι’
1017 853 1211 908 ἑαυτοῦ
1230 853 1518 924 παρείχετο
1543 851 1639 913 τὰς
1663 851 1942 913 ὀπτασίας·

359 953 477 1013 τοῖς
501 949 551 1001 δὲ
579 949 680 1018 τῆς
709 947 912 1000 τούτων
942 947 1144 1018 ἀρετῆς
1168 946 1505 1008 ἀποδέουσιν,
1528 938 1640 1006 οἷος
1660 940 1733 1014 ,ἦν
1757 945 1784 996 ό
1801 941 1943 1006 Λὼτ,

364 1040 460 1094 καὶ
488 1040 537 1090 οἱ
567 1040 626 1090 ὲν
649 1041 760 1100 τοῖς
780 1039 1010 1106 Κριταῖς
1035 1035 1238 1090 Γεδεών
1262 1052 1322 1088 τε
1350 1036 1442 1088 καὶ
1463 1033 1682 1097 Μανωὲ,
1717 1032 1810 1085 καὶ
1833 1033 1946 1085 ὅσοι

361 1131 575 1193 τούτοις
598 1129 922 1200 ὲμφέρονται
956 1127 1348 1200 παραπλήσιοι,
1379 1127 1705 1196 λειτουργοῖς
1721 1127 1814 1178 καὶ
1835 1124 1949 1178 δια-

355 1221 545 1282 κόνοις
576 1223 686 1281 τοῖς
715 1218 804 1270 ὑπ’
831 1218 992 1272 αὑτὸν
1021 1216 1183 1280 θείοις
1205 1215 1456 1284 ἀγγέλοις
1476 1213 1753 1285 χρώμενος
1785 1213 1945 1266 πολυ-

357 1312 553 1384 μερῶς
587 1312 682 1365 καὶ
732 1310 1084 1381 πολυτρόπως
1143 1310 1436 1380 παρείχετο
1501 1307 1566 1360 δι’
1618 1307 1794 1361 αὑτῶν
1851 1306 1948 1370 τὰς

357 1404 718 1473 ἐπαγγελίας.
751 1402 936 1473 Ταύτῃ
968 1401 1098 1471 γοῦν
1136 1403 1230 1455 καὶ
1257 1405 1323 1472 τῇ
1366 1402 1547 1471 Ἀγαρ
1567 1442 1581 1462 ,
1612 1400 1706 1452 ἆτε
1755 1398 1828 1469 μὴ
1860 1397 1948 1468 οἵα

361 1513 426 1549 τε
451 1493 588 1567 οὑσῃ
625 1513 710 1546 πω
737 1492 835 1562 τὴν
862 1491 1024 1544 αὑτοῦ
1055 1491 1150 1544 τοῦ
1182 1492 1328 1544 θείου
1361 1491 1534 1558 Λόγου
1565 1493 1761 1560 χωρεῖν
1782 1491 1949 1542 ὀπτα-

363 1588 512 1650 σίαν,
546 1587 634 1639 διὰ
661 1586 756 1639 τοῦ
802 1585 1032 1654 ἀγγέλου
1072 1583 1138 1636 τὰ
1177 1583 1641 1654 ἀναγεγραμμένα
1672 1580 1944 1645 θεσπίζει·

363 1681 421 1732 εἰ
454 1677 574 1747 (ἔτι)
603 1677 660 1730 δὲ
705 1677 800 1730 καὶ
841 1675 920 1741 τῷ
955 1673 1148 1730 Ἰακὼϐ
1177 1674 1244 1727 δι’
1290 1674 1534 1742 ἀγγέλων
1573 1675 1942 1741 ἐπιφαίνεται·

360 1770 486 1825 ἀλλ’
513 1745 609 1842 ὅρα
637 1771 717 1822 ὅτι
746 1769 837 1822 καὶ
863 1768 1020 1821 τοῦτο
1045 1771 1162 1820 κατ’
1185 1767 1358 1839 ἀρχὰς
1389 1767 1488 1838 μὲν
1526 1766 1602 1830 ὡς
1635 1767 1700 1819 ἂν
1734 1765 1814 1818 ἔτι
1842 1768 1951 1819 είσ-
1983 1745 2024 1798 Β

363 1861 621 1932 αγομένῳ
647 1858 1284 1936 τοῦτονχρηματίζειπὸν
1310 1859 1530 1929 τρόπον,
1551 1857 1882 1929 προκόψαντι
1898 1857 1952 1908 δὲ

365 1957 466 2011 καὶ
499 1957 579 2018 είς
620 1953 935 2024 τελειότητα
970 1951 1205 2006 ἐπιδόντι
1239 1951 1452 2022 γυμνῆς
1483 1950 1576 2004 καὶ
1627 1949 1953 2003 ἀνεπικαλύ-

364 2064 503 2102 mou
525 2045 626 2116 τῆς
653 2045 788 2107 ίδίας
816 2043 1165 2114 μεταδίδωσιν
1189 2042 1424 2111 ὁμιλίας,
1443 2039 1624 2093 οὑκὲτι
1647 2039 1744 2110 μὲν
1764 2039 1830 2092 δι’
1857 2040 1952 2107 ἀγ-

364 2140 542 2210 γέλων
564 2140 659 2192 καὶ
686 2139 752 2191 δι’
786 2137 1090 2210 ἑρμηνέων,
1121 2136 1280 2198 αὑτὸς
1299 2134 1356 2189 δὲ
1383 2134 1446 2187 δι’
1475 2132 1668 2186 ἑαυτοῦ
1693 2135 1722 2186 ὁ
1750 2133 1954 2204 Κύριος

356 2232 466 2288 καὶ
483 2231 619 2294 Θεὸς
651 2231 845 2298 Λόγος,
875 2231 904 2282 ό
928 2229 996 2282 τὰ
1027 2228 1305 2300 δευτερεῖα
1320 2226 1419 2297 τῆς
1449 2226 1722 2297 πατρικῆς
1743 2224 1954 2294 ἐπέχων

365 2322 645 2393 θεότητος,
681 2320 780 2390 τῆς
819 2319 953 2383 ἰδίας
981 2319 1143 2371 αὑτὸν
1176 2315 1448 2381 καταξιῶν
1481 2314 1765 2377 ὀπτασίας.

812 2433 1212 2490 ΚΕΦᾹΛΛΙΟΝ
1247 2427 1307 2484 E'
1339 2429 1405 2501 (ι.
1437 2430 1514 2502 9).

445 2551 464 2584 ι
485 2532 545 2585 '0
559 2529 708 2601 ἥλιος
732 2528 950 2600 ἐξῆλθεν
979 2529 1071 2580 ἐπὶ
1098 2526 1195 2596 τὴν
1207 2528 1330 2595 γῆν,
1347 2526 1440 2576 καὶ
1464 2515 1582 2576 Λώτ
1611 2520 1854 2592 εἰσῆλθεν
1876 2523 1954 2582 είς

363 2623 585 2694 Σηγώρ.
614 2624 726 2676 Καὶ
752 2621 954 2692 Κύριος
980 2618 1196 2688 ἔϐρεξεν
1224 2617 1316 2669 ἐπὶ
1341 2616 1546 2686 Σόδομα
1586 2615 1678 2666 καὶ
1705 2613 1954 2683 Γόμορρα

365 2716 510 2769 θεῖον
553 2715 644 2768 καὶ
677 2713 788 2784 πῦρ
816 2711 967 2782 παρά
1007 2709 1211 2780 Κυρίου
1261 2709 1327 2760 ὲκ
1361 2706 1453 2760 τοῦ
1501 2703 1752 2776 ούρανοῦ.
1795 2724 1814 2756 ι
1843 2704 1955 2756 Οὑκ

357 2805 522 2878 οἶμαί
555 2824 676 2859 τινα
708 2805 815 2857 τῶν
850 2801 998 2866 ἅπαξ
1027 2799 1471 2855 πεπιστευκότων
1500 2798 1658 2871 ἱεράς
1705 2796 1799 2850 καὶ
1841 2795 1956 2848 θεο-

367 2897 670 2960 πνεύστους
711 2895 976 2966 ὑπάρχειν
1005 2893 1104 2956 τὰς
1137 2892 1298 2962 ἁγίας
1337 2891 1556 2962 Γραφὰς
1587 2890 1954 2962 εὑρεσιλογεῖν

369 3009 423 3044 τι
461 2993 540 3055 είς
561 2992 687 3053 τοὺς
722 2990 939 3050 τόπους,
974 2984 1274 3054 ἀντιλέγειν
1313 2982 1651 3055 πειρώμενον
1687 2985 1797 3044 τοῖς
1826 2982 1954 3052 περὶ

365 3084 467 3137 τοῦ
491 3083 663 3152 Λόγου
683 3081 776 3134 τοῦ
799 3079 934 3134 Θεοῦ
955 3079 1432 3152 παραδεδομένοις,
1450 3077 1533 3130 ὃτι
1559 3093 1618 3129 τε
1637 3076 1809 3147 προῆν
1831 3074 1954 3127 ὑπό-
1980 3097 2023 3152 c

369 3191 564 3229 στασιν
611 3173 742 3226 ἰδίαν
783 3172 1056 3242 ἕχων,κα“ι
1093 3173 1176 3224 ὅτι
1206 3171 1312 3242 πρὸ
1349 3168 1447 3238 τῆς
1487 3167 1950 3238 ὲνανθρωπήσεως

317 3321 320 3324 ,
364 3265 470 3329 τὰς
511 3267 592 3327 εἰς
624 3261 942 3334 ἀνθρώπους
975 3261 1285 3332 οἰκονομίας
1318 3258 1517 3310 ἐτέλει·
1561 3255 1652 3309 δύο
1686 3255 1795 3327 γὰρ
1837 3256 1948 3308 Κυ-

365 3354 521 3428 ρίους
549 3352 779 3408 ἐνταῦθα
804 3353 986 3421 σαφῶς
1009 3354 1044 3422 ὴ
1069 3350 1256 3421 Γραφὴ
1276 3348 1620 3419 παρίστησιν,
1652 3345 1706 3398 εί
1723 3362 1788 3413 γε
1811 3344 1952 3397 «Κύ-

371 3463 490 3518 ριος
514 3444 734 3517 ἔϐρεξεν
757 3445 904 3516 παρὰ
933 3442 1157 3514 Κυρίου.
1199 3461 1216 3492 ι
1243 3441 1314 3493 Τὸ
1341 3439 1383 3492 δ’
1410 3441 1592 3510 ὅμοιον
1607 3437 1750 3490 ἔστιν
1773 3438 1952 3507 εὑρεῖν

368 3536 529 3608 παρά
560 3536 637 3608 τῷ
681 3537 809 3606 ἱερῷ
841 3534 1146 3604 Ἀποστόλῳ
1186 3534 1451 3604 φήσαντι·
1485 3550 1504 3581 ι
1539 3529 1658 3601 Δῲη
1694 3532 1722 3582 ὁ
1751 3529 1953 3601 Κύριος

367 3632 519 3695 ἔλεος
546 3631 624 3702 τῷ
664 3627 1012 3699 Ὀνησιφόρου
1036 3626 1188 3696 οἴκῳ·
1219 3643 1237 3675 ι
1272 3624 1386 3677 καί*
1421 3621 1569 3693 «Δῴη
1603 3620 1750 3691 αὑτῷ
1774 3622 1951 3692 εὑρεῖν

359 3725 521 3788 ἕλεος
544 3722 692 3794 παρά
713 3721 914 3791 Κυρίου
939 3723 994 3773 ὲν
1030 3717 1210 3788 ἐκείνῃ
1241 3719 1308 3788 τῇ
1352 3715 1554 3787 ἡμέρᾳ.
1588 3733 1606 3766 ι
1654 3712 1810 3766 ’Λλλά
1843 3712 1951 3783 γὰρ

366 3821 430 3873 ὲν
456 3816 666 3880 τούτοις
698 3815 825 3886 περὶ
867 3814 1077 3882 [ἰατρὸς
1108 3812 1198 3865 καὶ
1243 3809 1374 3864 Υἱοῦ
1413 3807 1700 3880 διαρθροῦν
1739 3805 1949 3873 λόγους,

367 3910 450 3980 τῷ
483 3909 581 3981 μὲν
609 3909 855 3978 ἀγενήτῳ
883 3906 976 3959 καὶ
1005 3905 1178 3976 Ila-cpi
1205 3902 1312 3956 τῶν
1346 3902 1481 3955 ὅλων
1509 3901 1608 3972 τὴν
1639 3897 1779 3953 κατά
1815 3897 1952 3950 πάιν-

366 4015 481 4052 των
504 3999 598 4050 καὶ
619 4000 738 4049 κατ’
753 3997 916 4050 αὑτοῦ
945 3995 1037 4048 τοῦ
1065 3993 1196 4046 Υίοῦ
1225 3993 1416 4064 κυρίαν
1433 4009 1490 4044 τε
1519 3991 1612 4045 καὶ
1639 3990 1952 4043 αὑθεντείαν

367 4089 726 4152 ἀνατιθέντας
745 4131 759 4156 ,
789 4088 867 4158 τῷ
901 4088 958 4140 δὲ
987 4085 1064 4157 τῷ
1098 4086 1258 4155 Λόγῳ
1290 4085 1359 4137 τὰ
1386 4084 1662 4154 δευτερεῖα
1699 4081 1835 4152 μετὰ
1864 4081 1952 4133 τὸν

369 4181 595 4252 Πατέρα
621 4181 717 4250 τῆς
751 4180 890 4233 κατὰ
922 4180 1135 4232 πάντων
1157 4176 1266 4230 τῶν
1292 4175 1668 4245 γεγενημένων
1690 4175 1862 4245 ἀρχῆς
1892 4191 1951 4225 τε

370 4272 468 4325 καὶ
491 4270 807 4333 δεσποτείας
826 4271 1212 4341 ἀπονέμοντας.
1241 4270 1331 4330 Δὶς
1353 4265 1412 4320 δὲ
1434 4266 1668 4320 ἐνταῦθα
1700 4265 1954 4336 ὀνομαζο-

371 4363 537 4436 μένου
569 4361 664 4416 τοῦ
695 4361 919 4433 Κυρίου,
947 4361 1086 4414 κατά
1112 4362 1202 4414 τό’
1244 4359 1519 4428 Ἔϐρεξεν
1541 4359 1755 4426 Κύριος
1793 4358 1954 4425 παρὰ

2053 483 2242 547 Deum,
2277 485 2422 553 quod
2485 481 2799 546 adveniens,
2839 497 3036 552 resque
3091 481 3370 536 hominum
3412 500 3442 536 a
3489 488 3631 556 prin-

2050 578 2194 647 cipio
2229 577 2527 646 inspiciens
2589 584 2751 644 atque
2805 575 3138 645 gubernans,
3199 578 3629 646 praecellentibus

2052 669 2579 741 perfectioribusque
2621 668 2779 731 viris,
2824 668 3016 736 quales
3049 679 3211 722 erant
3264 667 3627 736 Abrahamus,

2049 761 2268 816 lsaacus
2298 769 2462 830 atque
2481 759 2743 824 Iacobus,
2793 776 2890 829 per
2931 760 3171 828 seipsum
3221 761 3628 817 manifestatum

2048 860 2155 907 est.
2187 851 2260 906 lis
2289 865 2420 904 vero
2437 850 2530 918 qui
2581 857 2742 902 tanta:
2778 849 2963 902 virtuti
3022 850 3258 917 impares
3280 861 3456 912 erant,
3489 853 3630 905 sicut

2048 951 2166 998 erat
2190 942 2313 1007 Lot,
2363 951 2418 997 et
2447 943 2502 996 in
2543 941 2838 996 Judicibus
2873 939 3091 995 Gedeon
3124 949 3178 995 et
3210 939 3420 1007 Maiioe,
3475 951 3632 996 caete-

2049 1036 2235 1104 risque
2255 1049 2442 1089 eorum
2483 1034 2774 1094 similibus,
2831 1032 3104 1086 ministris
3129 1033 3437 1102 legatisque
3470 1048 3629 1102 ange-

2051 1130 2118 1184 lis
2147 1128 2240 1198 qui
2274 1128 2378 1181 sibi
2413 1126 2642 1195 subjecti
2674 1131 2832 1179 erant
2894 1139 3048 1192 usus,
3078 1123 3312 1178 diversis
3345 1125 3629 1196 variisque
3719 1151 3722 1154 ι

2051 1221 2227 1275 modis
2251 1236 2345 1289 per
2372 1235 2466 1274 eos
2497 1218 2753 1272 mandata
2785 1231 2884 1270 sua
2916 1215 3296 1272 denuntiabat.
3333 1215 3470 1272 Huic
3529 1219 3628 1288 igi-

2051 1321 2141 1367 tur
2173 1313 2337 1383 Agar,
2368 1328 2492 1367 cum
2539 1312 2714 1382 ipsius
2759 1310 2929 1364 divini
2990 1308 3152 1365 Verbi
3201 1308 3462 1366 visionem
3491 1313 3631 1366 ferre

2050 1405 2324 1474 nequiret,
2353 1419 2448 1471 per
2499 1405 2751 1474 angelum
2808 1418 2929 1472 quae
2951 1404 3120 1457 relata
3169 1412 3297 1458 sunt
3331 1403 3623 1473 significat.

2049 1496 2256 1552 Jacobo
2309 1496 2474 1551 etiam
2525 1511 2623 1566 per
2677 1497 2900 1565 angelos
2960 1495 3375 1558 manifestatur;
3439 1479 3663 1550 verum"

2049 1589 2426 1644 animadverte
2453 1589 2598 1659 quod
2629 1589 2723 1643 tali
2777 1589 2938 1644 modo
2970 1589 3094 1642 huic
3142 1589 3293 1642 visus
3322 1596 3425 1652 est,
3455 1589 3632 1642 adhuc

2054 1682 2375 1736 infirmioris
2409 1681 2672 1748 virtutis;
2725 1696 2852 1734 eum
2899 1688 3078 1736 autem
3119 1681 3410 1751 profecerit
3456 1689 3511 1736 et
3562 1683 3629 1735 ad

2057 1775 2444 1844 perfectionem
2503 1774 2844 1842 pervenerit,
2904 1774 3047 1827 nuda
3098 1783 3152 1828 et
3206 1782 3392 1842 aperta
3433 1774 3634 1831 suimet

2057 1863 2476 1920 conversatione
2507 1862 2762 1934 dignatur
2793 1878 2940 1927 eum,
3001 1877 3100 1918 nec
3141 1863 3252 1932 jam
3287 1878 3383 1933 per
3409 1864 3631 1935 angelos

2059 1967 2222 2028 atque
2247 1958 2594 2026 interpretes,
2633 1956 2730 2011 sed
2771 1956 2888 2026 ipse
2941 1971 3037 2025 per
3075 1957 3320 2026 seipsum
3369 1955 3633 2012 Dominus
3695 1969 3706 1986 ·

2057 2059 2112 2105 et
2141 2048 2286 2105 Deus
2340 2048 2601 2114 Verbum,
2659 2049 2933 2104 secundas
2986 2049 3040 2103 in
3082 2057 3311 2120 paterna
3351 2050 3634 2106 divinitate

2058 2145 2242 2208 partes
2297 2137 2526 2202 habens,
2563 2139 2841 2208 prepriam
2883 2139 2954 2193 ad
3006 2155 3128 2194 eum
3163 2141 3426 2196 visionem
3458 2157 3633 2196 inam-

2056 2225 2236 2282 festat.

2669 2421 2898 2476 CAPUT
2929 2422 2992 2477 γ.

2140 2538 2158 2570 ι
2203 2517 2294 2572 Sol
2323 2533 2578 2589 egressus
2609 2527 2694 2574 est
2727 2534 2893 2590 super
2909 2527 3111 2574 terram
3139 2529 3199 2575 et
3229 2520 3329 2575 Lot
3350 2525 3634 2594 ingressus

2056 2620 2141 2666 est
2164 2611 2352 2682 Segor.
2380 2612 2552 2682 igitur
2581 2610 2842 2668 Dominus
2876 2612 3014 2682 pluit
3068 2629 3231 2682 super
3257 2613 3548 2672 Sodomam
3575 2627 3634 2673 et

2058 2702 2419 2758 Gomorrbam
2496 2703 2727 2774 sulphur
2791 2713 2848 2759 et
2916 2705 3094 2774 ignem
3163 2721 3195 2759 a
3261 2705 3496 2766 Domino
3561 2710 3630 2765 de

2057 2795 2198 2850 cmlo
2232 2795 2297 2849 ".
2334 2815 2352 2848 ι
2386 2792 2506 2848 Non
2553 2796 2751 2866 opinor
2781 2797 3017 2866 aliquem
3049 2812 3235 2852 eorum
3258 2841 3272 2866 ,
3339 2800 3434 2870 qui
3465 2802 3632 2856 semel

2057 2884 2409 2941 crediderunt
2435 2900 2622 2943 sacras
2652 2895 2705 2942 et
2738 2886 3002 2944 divinitus
3035 2889 3332 2959 inspiratas
3354 2907 3476 2949 esse
3502 2909 3635 2950 san-

2057 2987 2177 3032 ctas
2205 2975 2541 3049 Scripturas,
2567 2980 2749 3035 verbis
2771 2980 3026 3036 haesitare
3044 2981 3133 3037 his
3150 2983 3204 3036 in
3230 2984 3385 3050 locis,
3409 3001 3610 3056 respon
3633 3027 3636 3030 ι

2057 3069 2186 3124 dere
2223 3080 2553 3139 quaerentem
2587 3073 2653 3126 iis
2685 3089 2805 3143 qua:
2853 3074 2920 3128 de
2945 3071 3124 3130 Verbo
3155 3073 3262 3130 Den
3289 3089 3632 3145 asseruntur,

2056 3162 2200 3231 quod
2229 3165 2641 3233 przeexsistebat
2675 3167 3039 3222 substantiam
3072 3169 3344 3240 propriam
3401 3171 3630 3238 habens,

2054 3263 2108 3309 et
2140 3263 2266 3309 ante
2300 3255 2732 3311 incarnationem
2769 3260 2930 3315 rebus
2967 3262 3250 3315 hominum
3280 3261 3631 3320 moderandis

2053 3357 2304 3418 praeerat.
2335 3344 2435 3401 ilic
2455 3347 2601 3402 enim
2641 3347 2780 3404 duos
2817 3359 3006 3419 aperte
3057 3350 3317 3424 Do'minos
3351 3351 3632 3425 Scriptura

2054 3439 2342 3509 designat.-
2383 3458 2401 3490 ‹
2440 3439 2586 3494 Pluit
2615 3440 2943 3500 Dominus...
2977 3459 3008 3496 a
3057 3443 3305 3504 Domino.
3340 3473 3360 3504 ι
3424 3451 3632 3505 Similia

2055 3532 2292 3600 reperire
2342 3540 2428 3587 est
2460 3531 2603 3603 apud
2659 3541 2910 3588 sanctum
2963 3536 3288 3606 Apostolum
3320 3543 3624 3599 dicentem:

2060 3644 2077 3675 ι
2106 3623 2202 3679 Det
2230 3623 2492 3680 Dominus
2512 3625 2942 3680 misericordiam
2969 3626 3297 3700 Onesiphori
3319 3632 3502 3688 domui
3527 3635 3628 3702 ης»

2052 3725 2104 3770 et
2135 3733 2146 3769 :
2184 3733 2201 3764 ι
2239 3713 2335 3770 Det
2365 3715 2440 3768 illi
2461 3713 2721 3770 Dominus
2749 3715 2992 3770 invenire
3007 3717 3437 3775 misericordiam
3463 3736 3495 3776 a
3521 3719 3632 3780 Do-

2057 3806 2204 3860 mino
2229 3807 2282 3860 in
2309 3807 2403 3860 illa
2433 3807 2522 3862 die
2549 3805 2615 3858 ⁸³.
2649 3826 2667 3857 ι
2699 3805 2988 3862 Enimvero
3011 3807 3170 3863 facile
3197 3819 3279 3864 est
3300 3811 3355 3864 in
3385 3811 3495 3867 illis
3511 3829 3632 3884 qua:

2055 3899 2122 3954 ad
2143 3897 2380 3962 Patrem,
2407 3915 2528 3970 quae
2561 3898 2628 3954 ad
2645 3899 2839 3954 Filium
2862 3908 3130 3970 spectant,
3151 3903 3440 3972 perspicue
3458 3920 3634 3962 secer-

2055 4008 2182 4046 nere
2209 3992 2386 4056 verba,
2411 4008 2532 4063 qum
2553 3993 2795 4048 increato
2812 3991 3065 4064 Patrique
3093 3994 3330 4050 omnium
3358 3997 3414 4051 in
3441 4012 3632 4054 omnes

2055 4093 2217 4155 atque
2239 4087 2291 4139 in
2319 4087 2498 4156 ipsum
2550 4085 2746 4140 Filium
2799 4086 3228 4143 dominationem
3254 4098 3309 4144 et
3338 4091 3632 4148 auctorita-

2057 4187 2161 4232 tem
2219 4179 2488 4242 tribuunt,
2551 4177 2726 4234 Verbo
2781 4187 2958 4235 autem
3019 4181 3288 4237 secundas
3344 4192 3466 4254 post
3528 4183 3632 4238 Pa-

2053 4279 2192 4326 trem
2261 4279 2445 4341 partes
2504 4271 2788 4342 assignant
2843 4273 2898 4326 in
2953 4274 3194 4329 omnium
3253 4284 3629 4332 creaturarum

2060 4362 2367 4432 principatu
2403 4369 2565 4433 atque
2611 4364 2864 4432 imperio.
2894 4363 2994 4418 llic
3017 4374 3198 4419 autem
3230 4366 3316 4422 bis
3353 4367 3632 4422 nominato

369 4458 652 4527 Kvplov,»
674 4445 755 4519 δἰς
771 4456 910 4508 κατά
933 4456 991 4508 τὸ
1020 4454 1304 4525 Ἐϐραῖκὸν
1322 4454 1414 4504 καὶ
1441 4451 1500 4504 τὺ
1531 4449 1950 4521 τετράγραμμον

2064 4457 2311 4520 Domino,
2342 4457 2643 4512 secundum
2673 4458 2802 4513 illud
2835 4479 2846 4512 :
2882 4478 2898 4508 ι
2930 4458 3072 4514 Pluit
3124 4459 3456 4517 Dominus...
3484 4478 3514 4515 a
3538 4460 3633 4515 Do-

367 4549 693 4619 ὲμφέρεται,
726 4548 802 4610 ὼς
827 4548 1140 4616 σαφέστατα
1172 4541 1617 4616 ἀνομολογεῖσθαι
1643 4541 1704 4594 τὸ
1733 4540 1825 4592 ἐπὶ
1863 4539 1954 4591 δύο

367 4639 702 4716 προσώπων,
740 4640 898 4711 δῆλον
940 4639 984 4692 δ’
1020 4641 1100 4692 ὅτι
1139 4636 1232 4690 τοῦ
1279 4637 1413 4689 Θεοῦ
1457 4635 1550 4688 καὶ
1589 4633 1801 4706 Πατρὸς
1846 4632 1955 4686 τῶν

367 4735 514 4788 ὅλων
536 4735 629 4788 καὶ
658 4733 750 4786 τοῦ
785 4734 956 4800 Λόγου
992 4730 1182 4792 αὑτοῦ,
1211 4731 1310 4801 τὴν
1344 4728 1582 4800 ἄρρητον
1611 4726 1815 4797 ταύτην
1851 4742 1954 4778 πα-

374 4825 820 4898 ραλαμϐάνεσθαι
865 4824 1192 4894 σημείωσιν·
1257 4821 1331 4884 ὡς
1383 4820 1573 4891 μηκέτ’
1639 4817 1952 4890 ἀμφιϐόλως

367 4921 542 4991 ἔχειν,
573 4919 745 4972 εἵπου
774 4917 840 4971 ἂν
861 4917 1074 4986 φέροιτο
1091 4917 1124 4984 ἡ
1145 4913 1365 4984 τοιαύτη
1393 4913 1484 4965 ἐπὶ
1499 4911 1594 4965 τοῦ
1626 4910 1760 4964 Θεοῦ
1781 4927 1947 4982 προσ-

367 5008 593 5084 ηγορία,
637 5009 712 5080 μὴ
754 5007 911 5078 μόνον
957 5008 1049 5082 ἐπι
1086 5008 1185 5077 τῆς
1217 5005 1480 5073 ἀγενήτου
1533 5000 1745 5069 φύσεως
1778 4999 1947 5070 αὑτὴν

371 5095 921 5171 παραλαμϐάνεσθαι,
963 5095 1097 5150 ἁλλά
1137 5097 1229 5176 καὶ
1273 5095 1364 5149 ἐπὶ
1405 5091 1497 5145 τοῦ
1535 5093 1592 5144 ὲν
1631 5093 1770 5163 ἀρχῇ
1817 5090 1949 5163 πρὸς

368 5193 465 5246 τὸν
497 5192 628 5245 Θεὸν
659 5192 808 5254 ὄντος
828 5191 1021 5259 Λόγου.

904 5391 1299 5446 ΚΕΦΛΛΛῘΟΝ
1341 5392 1432 5456 (τ.

459 5486 547 5540 Ἐν
603 5489 667 5558 τῇ
713 5486 847 5558 πρὸς
892 5485 982 5538 τὸν
1027 5483 1218 5539 Ἰακὼϐ
1265 5481 1483 5551 εὐλογία
1513 5480 1541 5531 ό
1587 5478 1770 5533 Ἰσαάκ
1818 5494 1951 5547 φησι

362 5577 517 5653 μετά
542 5593 661 5630 τινα
687 5577 779 5630 καὶ
805 5575 975 5631 ταῦτα
993 5593 1006 5606 ·
1041 5595 1059 5627 ι
1088 5574 1198 5629 Καὶ
1221 5570 1657 5626 δουλευσάτωσάν
1684 5586 1765 5623 σοι
1791 5568 1918 5640 ἔθνη
1934 5586 1948 5598 ·

445 5737 489 5769 ³⁸
532 5736 666 5793 Gen.
705 5752 815 5803 xxx,
849 5723 935 5791 ‘23.
1012 5735 1056 5766 ⁸²
1098 5731 1141 5787 Il
1179 5731 1317 5787 Tim.
1355 5747 1402 5797 ι,
1440 5730 1523 5783 16.
1602 5728 1648 5760 ⁸³
1689 5724 1818 5782 ibid.
1861 5724 1947 5780 18.

2059 4548 2227 4613 mino,
2267 4569 2284 4599 ι
2319 4547 2404 4604 bis
2447 4548 2748 4604 secundum
2793 4549 3123 4606 Hebraicum
3150 4559 3634 4622 ettetragramma-

2058 4647 2151 4694 ton
2175 4639 2430 4706 refertur,
2465 4641 2531 4694 ad
2583 4657 2940 4711 personarum
2987 4643 3305 4701 dualitatem
3337 4645 3634 4702 evidentis-

2058 4733 2195 4786 sime
2219 4732 2692 4802 distinguendam;
2739 4734 3086 4788 manifestum
3130 4744 3214 4790 est
3248 4743 3428 4790 autem
3459 4734 3552 4790 Dei
3580 4745 3632 4789 et

2055 4823 2299 4878 omnium
2331 4823 2532 4886 Patris,
2573 4832 2736 4894 atque
2793 4825 2913 4894 ejus
2971 4824 3134 4880 Verbi
3175 4827 3472 4882 discrimen
3529 4828 3632 4882 hac

2057 4916 2316 4972 ineffabili
2343 4915 2785 4971 denominatione
2802 4919 3098 4989 designari,
3132 4927 3191 4972 ut
3211 4935 3280 4974 ne
3305 4919 3391 4974 cui
3423 4920 3494 4974 sit
3522 4936 3631 4974 am-

2057 5010 2302 5080 biguum,
2338 5009 2385 5064 si
2422 5007 2559 5064 forte
2593 5009 2704 5062 hﬂTC
2739 5011 2948 5078 uspiam
2981 5010 3048 5064 de
3073 5008 3181 5065 Deo
3213 5010 3503 5081 appellatio
3534 5009 3633 5063 ad-

2055 5103 2326 5165 hibeatur,
2387 5117 2493 5156 non
2537 5109 2745 5156 tantum
2799 5101 2864 5156 de
2911 5103 3151 5156 increata
3205 5111 3400 5156 natura
3437 5102 3631 5158 intelli-

2057 5196 2286 5266 gendam
2311 5209 2450 5256 esse,
2482 5193 2578 5249 sed
2611 5193 2772 5250 etiam
2799 5192 2866 5248 de
2917 5193 3096 5250 Verbo
3119 5194 3262 5265 quod
3293 5205 3376 5251 est
3399 5195 3454 5249 in
3485 5195 3630 5264 prin-

2057 5289 2200 5356 cipio
2223 5287 2365 5357 apud
2401 5286 2592 5344 Deum.
2685 5355 2692 5362 _

2665 5379 2892 5437 CAPUT
2931 5379 3038 5454 γι.⁵

2129 5471 2188 5526 1η
2215 5470 2404 5529 Jacobi
2432 5473 2810 5528 benedictione
2833 5471 2947 5526 haec
2981 5471 3122 5524 inter
3151 5468 3256 5524 alia
3285 5467 3508 5526 lsaacus
3538 5465 3628 5522 di-

2059 5569 2133 5625 cit
2171 5589 2182 5626 :
2225 5590 2244 5624 ι
2285 5568 2351 5626 Ει
2385 5571 2625 5629 serviant
2647 5569 2743 5627 tibi
2780 5569 2963 5641 populi
2985 5579 3040 5626 et
3074 5567 3304 5626 adorent
3334 5575 3388 5624 te
3411 5565 3626 5624 tribus:
