3936 6206
507 276 646 332 1059
1243 268 1518 326 EUSEBII
1560 267 2040 324 CESARIENSIS
2069 267 2219 325 OPP.
2262 267 2444 324 PARS
2476 268 2560 325 lli.
2602 301 2666 309 —
2702 268 3106 325 EXEGETICA.
3567 279 3671 340 um

493 403 615 449 €510
631 392 884 448 άοηιὶιιυε
905 390 1134 444 fratrum
1160 394 1402 450 tuorum,
1418 394 1471 440 Θῑ
1497 387 1855 442 incurventur
1879 398 2004 443 ante
2028 397 2046 441 Ι.

2117 406 2153 460 Α
2180 395 2274 449 καὶ
2307 390 2772 465 προσκυνήσουσιν
2817 406 2898 444 σοι
2940 391 3223 463 ἄρχοντεςο
3256 394 3345 446 καὶ
3379 393 3510 462 γίνου
3535 400 3671 472 κύριος

500 487 594 540 lilii
615 485 785 555 patris
810 483 888 536 tui
901 482 968 536 “.
991 500 1009 532 ι
1031 479 1153 534 Haec
1170 480 1329 550 quasi
1341 478 1408 534 ad
1422 477 1681 534 Jacohum
1698 478 1844 535 dicta
1862 480 2050 536 minim

2189 484 2280 538 τοῦ
2323 483 2550 555 ἀδελφοῦ
2587 501 2700 546 σου,
2750 485 2845 538 καὶ
2883 485 3334 555 προσκυνήσουσιν
3382 503 3455 541 σοι
3495 491 3580 543 υίοὶ
3603 491 3673 547 ἒοῦ

495 592 660 647 posse
675 575 928 630 videntur
947 573 1014 627 ad
1036 587 1159 627 eum
1173 570 1570 640 referri,neque
1587 571 1652 626 ad
1665 571 1921 642 populum
1939 588 2003 627 ex
2017 587 2047 626 e

2188 576 2393 648 πατρός
2427 593 2539 629 σου.
2583 595 2602 628 ι
2641 575 2724 628 Τὰ
2753 574 3018 645 λεγόμενα
3048 575 3120 638 ὠς
3159 574 3292 647 πρὸς
3333 577 3418 630 τὸν
3455 580 3612 634 Ἰακὼϐ
3634 587 3678 638 οὐ

494 680 680 723 natum
698 709 713 733 ,
735 666 989 737 populum
1023 664 1478 720 circumcisionis.
1493 665 1596 730 Qui
1612 664 1754 721 enim
1778 665 1962 735 populi
1988 681 2048 719 um

2189 669 2330 722 πάνυ
2355 684 2406 721 τι
2433 668 2679 736 φαίνεται
2711 663 2970 720 δύνασθαι
2998 667 3083 720 ἐπ’
3101 666 3266 738 ,αὐτὸν
3292 668 3571 738 ἀνάγεσθαι,
3589 676 3681 728 οὐδὲ

493 775 654 829 quam
670 759 719 814 ei
736 757 1042 813 servierunt
1065 757 1089 810 ?
1101 757 1205 810 Aut
1221 772 1342 826 quae
1360 756 1534 812 tribus
1545 771 1670 812 eum
1683 756 2046 812 adoraverunt

2189 760 2294 832 μὴν
2323 760 2416 813 ἐπὶ
2458 759 2549 814 τὸν
2593 758 2651 826 ἐξ
2697 757 2860 812 αὑτοῦ
2893 758 3176 830 γενόμενον
3211 759 3333 814 λαὸν
3372 761 3454 814 τὸν
3487 765 3539 817 ὲκ
3563 782 3680 837 περι·

491 868 654 923 quem
695 851 1042 906 adorahant?
1078 848 1297 922 quando
1325 863 1566 920 unquam
1591 849 1647 903 in
1677 848 1898 904 fratrem
1920 865 2045 905 sunt

2182 853 2356 922 τομῆς
2377 867 2391 881 ·
2427 853 2554 904 ποῖα
2584 848 2693 922 γάρ
2731 849 2856 920 ἔθνη
2909 850 3002 904 καὶ
3047 849 3176 903 πότε
3227 849 3509 906 ἐδούλευσεν
3541 857 3679 926 αὐτῷς

491 943 925 998 dominationem
959 942 1244 998 exercuit?
1268 941 1370 1008 Qui
1395 950 1578 996 autem
1601 941 1960 1013 patrisipsius
1983 941 2045 996 ﬁll

2181 941 2216 1014 ἢ
2254 943 2397 1006 τίνες
2442 942 2698 1013 ἄρχοντες
2753 940 2903 1012 αὐτῷ
2947 941 3384 1014 προσεκύνησαν,
3413 945 3479 1008 ὼς
3508 946 3607 1000 τίνα
3641 947 3681 1001 δὲ

490 1036 582 1104 qui
612 1050 735 1089 eum
768 1035 1049 1090 adoraturi
1073 1034 1377 1089 dicuntur?
1427 1033 1637 1104 Quippe
1682 1033 1851 1088 alium
1882 1048 2043 1104 quem

2181 1035 2276 1088 καὶ
2304 1035 2694 1106 προσεκύνουν;
2743 1034 2872 1088 πότε
2917 1035 2974 1088 δὲ
3015 1036 3109 1088 καὶ
3154 1036 3424 1108 ἐκυρίευσε
3450 1037 3530 1091 τοῦ
3565 1040 3682 1094 ἀδελ-

492 1129 616 1181 dam
649 1135 845 1198 przeter
886 1125 1154 1182 Jacohum
1186 1126 1355 1182 ﬁlium
1408 1126 1668 1181 habuisse
1721 1125 1941 1182 lsaacus
1966 1141 2046 1180 no:

2181 1127 2283 1198 φοῦ
2315 1127 2514 1192 αὐτοῦς
2546 1129 2580 1199 ἢ
2613 1127 2754 1192 τίνες
2781 1128 2831 1181 οἱ
2884 1126 2978 1180 τοῦ
3007 1129 3212 1201 πατρὸς
3254 1129 3406 1182 αὑτοῦ
3436 1132 3524 1184 υἱοὶ
3548 1134 3588 1184 oi
3614 1132 3682 1184 ite-

489 1221 809 1286 invenitur,
871 1222 978 1278 nisi
1027 1222 1249 1276 Esaum.
1299 1221 1582 1288 Quomodo
1634 1221 1800 1293 igitur
1850 1221 2043 1292 plurali

2180 1218 2396 1290 γόμενοι
2431 1218 2828 1289 προσκυνήσειν
2873 1216 3054 1288 αῦτῷ;
3093 1218 3204 1272 Καὶ
3243 1219 3344 1290 μὴν
3372 1219 3458 1289 οὐχ
3484 1221 3681 1291 εὑρίσκε-

488 1319 572 1364 ter
621 1311 860 1366 dicitur:
894 1329 913 1363 ι
952 1312 1311 1366 lncurventur
1337 1320 1462 1367 ante
1497 1320 1550 1368 te
1579 1311 1674 1366 lilii
1710 1313 1882 1384 patris
1905 1311 2026 1366 tui?

2177 1310 2268 1363 ταί
2297 1326 2361 1379 γε
2387 1311 2416 1362 6
2455 1308 2640 1363 Ἰσαὰκ
2669 1309 2854 1382 ἕτερόν
2879 1326 2999 1364 τινα
3043 1310 3198 1382 παρὰ
3240 1311 3327 1364 τὸν
3365 1311 3532 1364 Ἰακὼϐ
3558 1314 3681 1385 ἐσχη-

489 1402 615 1457 Haac
644 1411 827 1460 autem
885 1404 1197 1459 notavimus
1253 1410 1543 1475 propterea
1582 1403 1729 1473 quod
1761 1404 1965 1474 saapius
2015 1403 2043 1458 i1

2179 1399 2288 1465 κὼς
2314 1403 2347 1473 ἢ
2382 1402 2541 1473 μόνον
2564 1401 2656 1455 τὸν
2700 1401 2869 1457 Ἠσαῦ
2889 1416 2903 1431 ·
2937 1402 3054 1466 πῶς
3078 1399 3174 1457 οῦν
3205 1402 3542 1475 πληθυντικῶς
3563 1406 3677 1477 εἴρη-

489 1498 787 1568 prophetiis
811 1513 909 1568 per
926 1496 1190 1553 Jacohum
1217 1497 1467 1553 Christus
1485 1496 1843 1568 signiﬁcatur,
1868 1505 1926 1552 ut
1948 1513 2043 1568 pro

2175 1512 2266 1549 ται
2286 1495 2368 1560 τὸ,
2390 1514 2408 1547 ι
2435 1495 2872 1567 Προσκυνήσουσί
2902 1512 2983 1548 σοι
3007 1495 3057 1549 οί
3089 1494 3197 1548 υἱοὶ
3221 1495 3312 1549 τοῦ
3337 1497 3516 1568 πατρός
3535 1514 3630 1564 σου;
3655 1516 3670 1548 ι

491 1592 622 1660 priis
645 1592 961 1646 ostendetur
1001 1591 1158 1655 locis,
1197 1591 1546 1661 suspicantes
1580 1605 1766 1645 annon
1797 1589 1939 1646 forte
1964 1591 2045 1646 ist:

2178 1586 2361 1640 Ταῦτα
2394 1586 2438 1640 δ’
2474 1586 2928 1658 ὲσημειωσάμεθα
2959 1586 3048 1640 διὰ
3097 1587 3160 1640 τὸ
3214 1587 3456 1651 πολλάκις
3492 1589 3563 1643 καὶ
3595 1590 3673 1640 ‘la-

489 1681 544 1734 in
577 1681 697 1751 ejus
724 1682 1095 1737 testimonium
1132 1682 1382 1752 adaptari
1412 1689 1656 1751 possent.
1695 1680 1867 1737 Simili
1925 1682 2043 1738 enin

2176 1676 2293 1730 διὼό
2319 1677 2409 1731 τὸν
2453 1677 2685 1747 Χριστὸν
2717 1678 2775 1730 ὲν
2813 1679 2933 1740 ταῖς
2977 1676 3334 1747 προφητείαις
3373 1674 3673 1746 χρηματίζειν,

489 1773 699 1828 ratione
755 1788 854 1844 per
901 1772 1146 1828 lsaacum
1193 1772 1478 1828 Christum
1513 1781 1738 1830 sanctus
1787 1774 2043 1844 Apostolu

2123 1784 2154 1840 Β
2181 1770 2255 1834 ὡς
2296 1772 2354 1822 ὲν
2391 1772 2502 1833 τοῖς
2543 1769 2764 1833 οἰκείοις
2803 1767 3147 1840 δειχθήσεται
3172 1769 3372 1832 τόποις,
3400 1767 3677 1830 ὑπονοοῦντες

491 1862 694 1928 innuit,
713 1865 930 1920 dicens:
952 1884 970 1916 ι
1001 1865 1311 1920 Abrahamo
1347 1866 1505 1921 dictae
1527 1875 1655 1921 sunt
1677 1869 2045 1938 promissione;

2176 1863 2248 1933 μή
2278 1880 2353 1934 πη
2394 1861 2489 1916 καὶ
2531 1862 2703 1916 ταῦτα
2740 1861 2962 1930 δύναται
2996 1864 3117 1925 ταῖς
3167 1860 3297 1933 περὶ
3338 1861 3482 1914 αὐτοῦ
3514 1877 3673 1930 papa-

369 1949 376 1960 ’
487 1965 540 2010 et
557 1958 748 2012 semini
769 1957 1047 2028 ejus.Non
1071 1959 1204 2013 dicit
1221 1967 1274 2014 et
1291 1961 1612 2026 seminibus,
1641 1961 1797 2032 quasi
1823 1961 1880 2016 in
1918 1978 1923 2015 1

2177 1956 2317 2028 ρίαις
2347 1953 2626 2027 ἁρμόζειν.
2657 1955 2868 2026 Ὠσπερ
2890 1954 3021 2023 γοῦν
3056 1956 3154 2008 καὶ
3183 1955 3252 2007 τά
3279 1954 3410 2012 κατὰ
3432 1954 3502 2008 τὸν
3530 1952 3675 2006 Ἰσαάκ

485 2048 558 2103 tis
590 2049 723 2104 :sed
756 2052 913 2120 quasi
942 2051 998 2105 in
1029 2067 1138 2106 uno
1169 2071 1182 2106 :
1214 2060 1269 2108 et
1297 2053 1492 2109 semini
1524 2062 1642 2118 tuo,
1671 2054 1764 2125 qui
1798 2061 1882 2109 est
1916 2053 2039 2108 Chri

2173 2050 2252 2112 εἰς
2276 2049 2366 2101 τὸν
2398 2047 2630 2119 Χριστὸν
2672 2047 2993 2118 μετείληφεν
3034 2049 3064 2101 6
3118 2047 3263 2118 ἱερὸς
3293 2045 3562 2109 ’Δπόστολος
3594 2045 3676 2114 φή·

488 2149 608 2198 stus
629 2143 696 2198 -”.
721 2163 740 2196 ›
759 2142 894 2198 Vide
919 2145 1084 2216 igitur
1106 2146 1152 2201 si
1171 2146 1238 2200 ad
1265 2145 1515 2202 eumdem
1530 2146 1751 2202 modum
1773 2155 1826 2202 et
1849 2163 1971 2218 quae
1987 2148 2038 2202 hi

2177 2157 2295 2204 σας·
2331 2157 2351 2191 ι
2387 2139 2476 2210 Τῷ
2503 2139 2560 2192 δὲ
2600 2138 2851 2210 ’Δόραὰμ
2892 2139 3156 2212 ἐδόθησαν
3195 2143 3250 2196 αί
3293 2138 3573 2209 ἐπαγγελίαι
3607 2137 3677 2204 καὶ

487 2231 744 2288 dicuntur
766 2233 1054 2303 de_Jacobo
1082 2251 1190 2289 non
1216 2236 1411 2292 melius
1432 2236 1654 2291 Christo
1679 2239 2031 2291 convenirent

2173 2230 2251 2302 τῷ
2283 2231 2551 2304 σπέρματι
2575 2230 2738 2283 αὑτοῦ
2757 2245 2770 2259 ·
2796 2231 2856 2283 οὺ
2881 2231 3027 2299 λέγει
3056 2231 3154 2285 καὶ
3183 2234 3292 2295 τοῖς
3322 2231 3604 2302 σπέρμασιν,
3622 2227 3677 2290 ὡς

487 2339 609 2392 quae
640 2325 860 2396 quidem
895 2326 942 2381 si
977 2328 1050 2380 ita
1109 2326 1304 2381 habeat
1328 2329 1410 2382 vir
1457 2328 1758 2392 studiosus,
1789 2344 2041 2399 quamqui

2167 2324 2259 2376 ἐπὶ
2293 2322 2521 2387 πολλῶν,
2549 2322 2663 2375 ἀλλ’
2689 2321 2764 2386 ὼς
2796 2322 2881 2391 ἐφ’
2911 2321 3048 2386 ἐνὸς,
3086 2323 3183 2377 καὶ
3216 2322 3291 2395 τῷ
3329 2322 3567 2394 σπέρματί
3591 2337 3673 2384 σου,

487 2414 770 2472 lectionem
799 2417 1076 2488 allegoriae
1104 2418 1317 2488 legibus
1349 2419 1603 2475 conferre
1640 2421 1867 2476 noverit.

2160 2418 2218 2479 ὃς
2253 2417 2367 2468 ἐστι
2391 2415 2641 2486 Χριστός·
2676 2434 2695 2466 ι
2727 2415 2828 2486 ὅρα
2849 2416 2897 2468 εί
2925 2415 3000 2486 μὴ
3019 2416 3115 2470 τὸν
3147 2416 3307 2470 αὑτὸν
3332 2416 3509 2487 τρόπον
3534 2414 3605 2466 καὶ
3626 2412 3675 2464 τὲ

483 2507 716 2561 ινταῦθα
739 2507 815 2571 ὡς
840 2509 968 2579 περὶ
993 2507 1088 2562 τοῦ
1131 2508 1322 2563 Ἰακὼὸ
1351 2511 1612 2583 εἰρημένα
1639 2510 1838 2582 μᾶλλον
1869 2510 2094 2582 ἁρμόζοι
2132 2511 2196 2562 ἂν
2223 2507 2301 2577 τῷ
2369 2507 2429 2574 (f.
2461 2505 2547 2578 10)
2577 2506 2815 2578 Χριστῷ,
2857 2508 3000 2578 άπερ
3030 2510 3083 2561 εί
3117 2508 3288 2573 οὕτως
3319 2508 3422 2579 ἔχοι
3449 2507 3474 2560 6
3501 2506 3675 2580 φιλομα-

483 2599 580 2671 Θής
623 2601 856 2671 ἑκάστην
895 2599 1036 2664 λέξιν
1072 2601 1252 2672 νόμοις
1296 2602 1619 2673 ἀλληγορίας
1659 2603 1916 2668 ἐξετάσας
1951 2604 2170 2656 εἵσεται.

1081 2715 1310 2772 CAPUT
1343 2718 1453 2773 Vll.

2683 2719 3083 2775 ΚΕΦΑΛΑΙΟΝ
3137 2724 3209 2777 Z'.

561 2825 580 2860 ι
622 2807 820 2864 Mansit
869 2816 1050 2863 autem
1079 2807 1250 2864 Jacob
1281 2811 1432 2866 solus
1469 2831 1481 2865 :
1509 2821 1562 2867 et
1615 2827 1743 2868 ecce
1775 2814 1854 2868 vir
1886 2816 2056 2870 lucta-

2233 2831 2249 2862 ι
2283 2810 2612 2882 ’Υπελείφθη
2633 2811 2690 2864 δὲ
2715 2811 2907 2864 Ἰακὼϐ
2937 2811 3099 2882 μόνος
3114 2830 3128 2844 ο
3153 2814 3506 2868 καὶ·ὲπάλαιεν
3520 2813 3671 2886 ἄνθρω-

482 2902 646 2956 batur
670 2915 794 2955 cum
841 2915 906 2955 eo
963 2917 1138 2971 usque
1188 2917 1348 2958 mane
1378 2904 1445 2956 ".
1490 2923 1508 2956 ι
1547 2903 1684 2960 Dein
1727 2915 1852 2976 post
1883 2923 2036 2979 pauc:

2160 2919 2258 2966 πος
2293 2905 2407 2974 μετ’
2442 2902 2607 2956 αὐτοῦ
2653 2903 2758 2967 ἕως
2798 2904 2962 2975 πρωί.
3007 2923 3027 2956 ι
3068 2901 3205 2962 Εἶτα
3240 2908 3372 2978 μετὰ
3427 2906 3597 2978 βραχέα
3619 2906 3671 2957 ει-

484 2991 690 3045 .lacobo
719 2989 936 3045 dicente
965 3007 979 3044 :
1022 3009 1040 3042 ι
1076 2989 1194 3045 Non
1221 2991 1493 3047 dimittam
1520 3001 1575 3050 te
1608 2994 1717 3050 nisi
1767 2996 2038 3055 benedier

2159 2993 2349 3056 πόντος
2394 2991 2487 3044 τοῦ
2527 2992 2736 3056 Ἰακὼσ,
2778 3010 2797 3043 ι
2839 2995 2913 3046 Οὐ
2957 2995 3031 3066 μή
3083 3012 3144 3048 σε
3175 2997 3464 3051 ἀποστείλω
3500 2997 3580 3051 ἐὰν
3615 2996 3665 3065 μή

489 3084 568 3137 ris
603 3083 737 3137 mihi
761 3123 776 3149 ,
798 3082 935 3136 dixit
961 3082 1027 3137 ad
1055 3097 1180 3137 eum
1212 3102 1225 3137 :
1270 3082 1426 3150 Quod
1455 3100 1652 3141 nomen
1675 3095 1758 3143 est
1787 3088 1927 3144 tibi?
1952 3087 2043 3146 Re-

2163 3103 2228 3156 με
2255 3084 2556 3156 εὐλογήσῃς
2573 3125 2588 3149 ,
2614 3105 2633 3136 ι
2667 3086 2828 3156 φησὶν
2858 3088 2995 3160 πρὸς
3021 3091 3207 3145 αὐτόν’
3231 3111 3250 3145 ι
3279 3091 3342 3145 Τί
3365 3089 3668 3163 ὅνομάσοι;¹0

487 3174 710 3246 spondit
735 3192 748 3228 :
783 3172 972 3230 Iacob.
999 3174 1068 3229 At
1093 3175 1219 3230 ille:
1243 3173 1621 3247 Nequaquam,
1667 3179 1866 3251 inquit,
1889 3179 2041 3237 Jacol

2113 3170 2130 3231 Ξ
2158 3177 2214 3230 δὲ
2238 3172 2410 3240 εἶπεν,
2442 3177 2653 3230 Ἰακώσ.
2687 3174 2854 3234 Εἶπεν
2882 3181 2938 3234 δὲ
2969 3183 3141 3255 αὐτῷ’
3171 3184 3359 3238 Οὐκέτι
3389 3182 3554 3238 Ἰακὼϐ
3575 3183 3667 3250 κλη-

484 3264 850 3334 appellabitur
881 3278 1080 3318 nomen
1111 3272 1289 3333 tuum,
1321 3266 1418 3320 sed
1477 3265 1646 3323 Brael
1680 3289 1693 3323 :
1725 3271 1983 3341 quoniam
2017 3288 2038 3328 ε

2165 3267 2385 3339 θήσεται
2427 3269 2486 3320 τὸ
2518 3269 2688 3340 ὄνομά
2719 3287 2834 3335 σου,
2869 3272 2983 3325 ἀλλ’
3022 3275 3243 3348 Ἰσραὴλ
3278 3277 3419 3330 ἔσται
3466 3276 3518 3329 τὺ
3542 3272 3667 3342 ὄνομά

481 3359 677 3406 contra
697 3351 866 3408 Deum
894 3351 1054 3410 fortis
1088 3353 1262 3420 fuisti,
1288 3363 1496 3425 quanto
1538 3358 1713 3431 magis
1744 3368 1935 3414 contra
1964 3360 2035 3416 ho

2166 3375 2281 3422 σου,
2313 3360 2393 3412 ὅτι
2424 3360 2712 3430 ὲνίσχυσας
2741 3364 2877 3433 μετὰ
2922 3365 3091 3431 Θεοῦ,
3138 3370 3232 3422 καὶ
3263 3370 3394 3440 μετά
3431 3367 3663 3439 ἀνθρώπων

487 3445 665 3499 mines
687 3445 1095 3514 praevalehis"!
1144 3467 1161 3498 ι
1183 3446 1250 3500 Ει
1281 3457 1406 3518 post
1432 3464 1605 3518 pauca
1630 3469 1644 3505 :
1675 3469 1694 3502 ι
1724 3449 1946 3506 Vocavit
1971 3451 2041 3507 Ja‘

2163 3451 2397 3516 δυνατός.
2420 3473 2437 3504 ι
2465 3455 2574 3507 Καὶ
2605 3451 2760 3520 αὖθις
2789 3458 2905 3528 μετ’
2931 3458 3141 3527 ὀλίγα-ι
3165 3459 3604 3516 ἘκάλεσενΊακὼϐ
3623 3456 3663 3510 τὸ

485 3536 592 3590 coh
626 3551 823 3591 nomen
847 3537 952 3592 loci
1007 3538 1155 3594 illius
1185 3537 1428 3595 Phanuel
1463 3541 1638 3612 (visus
1678 3541 1797 3614 Dei)
1825 3543 2016 3601 dicens

2163 3544 2330 3615 δνομα
2354 3545 2447 3599 τοῦ
2485 3548 2650 3602 τόπου
2681 3549 2888 3603 ἐκείνου
2921 3547 3075 3617 Εἶδος
3103 3553 3238 3607 Θεοῦ
3260 3573 3274 3587 ·
3301 3551 3428 3608 είδον
3453 3553 3541 3624 γάρ
3569 3551 3661 3602 Θεὸν

439 3641 442 3646 ·
487 3623 610 3679 Vidi
643 3625 929 3682 Dominum
974 3628 1112 3684 facie
1154 3630 1220 3684 ad
1249 3630 1444 3686 faciem
1479 3640 1534 3686 et
1593 3633 1743 3688 salva
1795 3634 1936 3690 facta
1981 3653 1993 3690 ι

2164 3636 2450 3707 πρόσωπον
2485 3639 2617 3710 πρὸς
2653 3640 2958 3712 πρόσωπον,
2990 3643 3087 3697 καὶ
3116 3644 3292 3717 ἐσώθη
3321 3647 3351 3717 ἡ
3379 3645 3503 3715 ψυχή
3520 3623 3657 3712 μου.)

485 3718 664 3770 anima
694 3733 815 3773 mea
831 3719 897 3774 ⁵⁸.
933 3737 952 3771 ›
981 3719 1192 3785 Quibus
1217 3720 1368 3776 addit
1396 3720 1717 3794 Scriptura:
1743 3741 1762 3774 ι
1790 3722 2039 3795 Οιιυειιυι

2163 3723 2257 3791 Οἷς
2309 3729 2558 3801 ἐπιφέρει
2611 3732 2892 3799 φάσκουσα
2951 3737 2984 3806 ἡ
3039 3737 3264 3807 Γραφὴ,
3294 3756 3311 3788 ι
3358 3734 3576 3788 Ἀνέτειλε
3619 3730 3659 3782 δὲ

486 3815 572 3862 est
600 3808 650 3862 ei
685 3810 872 3864 statim
900 3811 1002 3875 sol,
1034 3819 1321 3882 postquam
1388 3820 1773 3885 transgressus
1802 3824 1888 3871 est
1922 3815 2040 3871 Pha

2161 3815 2308 3885 αὐτῷ
2341 3816 2490 3886 ἥλιος
2519 3819 2679 3889 ἡνίκα
2725 3823 2966 3894 παρῆλθε
2999 3825 3060 3878 τὸ
3091 3822 3232 3889 εἶδος
3260 3827 3349 3881 τοῦ
3389 3826 3522 3880 Θεοῦ.
3552 3843 3566 3875 ι
3595 3819 3658 3889 Τῷ

485 3901 614 3955 nuel
651 3900 823 3972 (visus
848 3900 967 3973 Dei)
997 3902 1064 3954 ⁸⁸.
1102 3921 1120 3954 ι
1177 3903 1492 3959 Ahrahamo
1553 3906 1771 3975 quidem
1828 3911 2039 3978 primun

2165 3906 2262 3976 μὲν
2308 3908 2554 3980 Ἀϐραάμ
2593 3912 2829 3982 ἀρχῆθεν
2868 3914 3016 3988 ῦπαρ
3063 3918 3092 3969 ὁ
3132 3920 3332 3990 Κύριος
3377 3912 3654 3990 χρηματίζει.

485 3993 699 4046 somnio
728 3990 994 4049 Dominus
1028 3995 1438 4064 manifestatur,
1463 4005 1516 4052 et
1546 3999 1744 4068 sapius
1798 4000 2034 4074 colloqui

2161 4000 2253 4052 καὶ
2275 4001 2532 4066 πολλάκις
2563 4004 2660 4074 μὲν
2682 4006 3004 4076 διαλέγεται,
3033 4012 3155 4081 τρὶς
3185 4012 3239 4064 δὲ
3261 4012 3402 4082 αὐτῷ
3424 4011 3502 4064 καὶ
3521 4007 3655 4076 ὀφθεὶς

485 4089 616 4148 tur;
650 4089 733 4137 ter
759 4081 884 4138 dein
919 4085 968 4139 ei
1002 4085 1156 4141 visus
1211 4086 1467 4154 refertur,
1515 4104 1625 4144 non
1657 4091 1713 4144 in
1744 4101 1922 4156 nocte,
1967 4081 2039 4148 sci

2161 4087 2589 4165 ἀναγέγραπται,
2621 4100 2713 4151 καὶ
2743 4099 2840 4152 οὐκ
2866 4101 2923 4152 ἐν
2950 4104 3124 4166 νυκτὶ,
3156 4104 3271 4158 ἀλλ’
3298 4107 3352 4158 ὲν
3378 4081 3536 4175 ἡμέρᾳ
3555 4099 3655 4170 μέσῃ

487 4189 587 4243 per
642 4174 925 4229 meridiem
984 4177 1173 4244 visus;
1219 4179 1276 4233 in
1310 4181 1472 4236 tertia
1518 4183 1664 4238 enim
1725 4187 2041 4256 apparitiom

2159 4184 2341 4253 ὀφθείς
2360 4203 2373 4216 ·
2404 4187 2465 4240 τὸ
2497 4189 2624 4256 γοῦν
2649 4191 2828 4262 τρίτον
2855 4193 2948 4246 καὶ
2978 4196 3036 4247 ὲν
3069 4196 3205 4267 αὐτῇ
3241 4174 3523 4267 μεσημβρίᾳ
3548 4187 3655 4256 αὗτῴ

485 4265 606 4358 ipso
627 4263 931 4319 meridiano
967 4272 1211 4337 tempore
1243 4269 1363 4340 ejus
1393 4271 1691 4343 hospitium
1719 4277 1936 4346 excipit.
1969 4276 2032 4331 Ja

2160 4276 2492 4343 ἐπιξενοῦται
2512 4296 2528 4312 ο
2573 4280 2651 4352 τῷ
2700 4282 2755 4335 δὲ
2813 4283 3004 4338 Ἰακὼϐ
3056 4263 3271 4358 πρῶτον
3451 4263 3655 4339 *δύναντος

482 4352 625 4407 cobo
656 4360 837 4408 autem
870 4355 1106 4424 primum
1161 4359 1380 4428 quidem
1446 4369 1569 4432 post
1617 4363 1750 4419 solis
1802 4381 2036 4422 occasun

2159 4367 2309 4439 ἡλίου
2343 4372 2400 4422 ὲν
2436 4371 2576 4444 μέσῃ
2611 4375 2765 4428 νυκτὶ
2807 4376 2928 4430 καθ’
2975 4352 3178 4443 ὕπνους
3231 4352 3457 4450 φαίνεται
3489 4372 3582 4428 κατ’
3619 4370 3655 4421 εί

484 4441 664 4517 media
689 4445 933 4499 noctein
957 4449 1189 4520 somniis
1213 4460 1459 4521 apparet,
1519 4455 1576 4509 in
1610 4454 2038 4527 Mesopotamian

2097 4518 2130 4541 η
2161 4459 2268 4531 γάρ
2298 4441 2579 4534 (κατιόντί)
2614 4468 2693 4530 εις
2725 4441 3174 4541 Μεσοποταμίαν,
3194 4441 3280 4526 ὅτε
3307 4473 3362 4524 ἐν
3389 4470 3457 4540 τῷ
3472 4466 3651 4536 ὁράματι

483 4532 860 4599 descendenti,
895 4550 1020 4590 cum
1043 4518 1046 4520 Ὺ
1072 4553 1167 4608 per
1199 4518 1451 4596 somnum
1507 4547 1722 4617 aspexit
1763 4518 2037 4606 caelesten

2095 4518 2130 4572 Β
2159 4551 2439 4626 θεωρήσας
2464 4558 2562 4630 τὴν
2594 4518 3055 4632 οὐρανοκλίμακαΓ
3069 4566 3163 4617 καὶ
3194 4566 3317 4627 τοὺς
3343 4523 3649 4617 άναῦαίνοντας

484 4625 712 4694 scalam,
761 4627 1091 4698 angelosque
1129 4632 1185 4684 in
1217 4633 1336 4703 ipsa
1364 4637 1723 4694 ascendentes
1751 4648 1805 4695 et
1830 4642 2038 4698 descent

2158 4648 2252 4700 καὶ
2288 4649 2412 4712 τοὺς
2455 4651 2877 4717 καταὸαίνοντας
2925 4656 2984 4706 ὲν
3030 4658 3168 4728 αὐτῇ
3210 4657 3470 4726 ἀγγέλους,
3505 4651 3578 4703 τὸν
3610 4645 3646 4697 δὲ

482 4713 696 4820 dentes,
734 4718 1051 4790 audivitque
1103 4721 1392 4781 Dominum
1449 4729 1700 4786 innixum
1747 4735 1909 4790 scala:
1950 4737 2035 4792 sib

2157 4740 2358 4810 Κύριον
2401 4713 2871 4816 ὲπεστηριγμένον⁷
2902 4750 2986 4801 ἐπ’
3017 4713 3218 4820 axitia},
3258 4713 3645 4812 dicoéet'iéram;

481 4806 752 4862 dicentem
784 4828 799 4864 :
838 4827 856 4861 ι
894 4810 1006 4882 Ego
1036 4829 1160 4869 sum
1189 4815 1452 4876 Dominus
1482 4819 1626 4878 Deus
1663 4822 1936 4880 Abraham
1959 4843 2028 4898 pa

2157 4806 2303 4904 αὐτῷ
2335 4835 2427 4888 τοῦ
2462 4806 2748 4908 Κυρίδυῗι
2795 4838 2932 4908 Ἐγὼ
2979 4806 3182 4914 Κύριος
3208 4806 3249 4895 ⁷ὁ
3293 4841 3416 4904 Θεὸς
3459 4806 3642 4904 Ἀδραᾶζι

480 4901 585 4956 tris
607 4903 688 4956 tui
713 4903 782 4966 “,
823 4923 842 4956 ι
878 4913 932 4959 et
958 4907 1191 4978 reliqua,
1237 4926 1357 4980 qua:
1381 4915 1740 4984 sequentibus
1770 4932 1868 4988 per
1892 4933 2034 4990 anget

2157 4923 2250 4976 τοῦ
2275 4901 2480 4996 πατρὸς
2515 4901 2628 4990 σου,
2668 4948 2686 4980 ›
2718 4931 2812 4983 καὶ
2835 4901 2901 4984 τά
2928 4901 3104 4996 λοιπά,
3204 4934 3294 4987 καὶ
3322 4901 3420 4986 ἁπδ
3443 4901 3641 4988 τῶν-ἑξῆἶ

481 4992 592 5046 lum
622 4994 672 5048 ei
700 4993 846 5048 dicta
879 4995 1049 5052 fuisse
1079 4997 1557 5072 demonstrantur;
1614 5008 1853 5062 secunda
1875 5010 2035 5064 mani-

2158 4992 2480 5086 παρίσταται
2504 5019 2570 5072 δι’
2601 5022 2828 5090 ἀγγέλου
2863 5024 3009 5092 αὐτῷ
3041 4992 3305 5094 είῂκώς·
3337 5023 3420 5076 καὶ
3453 5019 3639 5083 δεύτερον

480 5082 699 5139 testatio
725 5086 780 5141 in
819 5086 1204 5159 Mesopotamia
1253 5094 1394 5148 facta
1443 5104 1549 5161 est,
1597 5113 1723 5153 eum
1774 5101 1826 5156 ei
1876 5101 2034 5156 adfuit

2151 5106 2207 5168 δὲ
2229 5082 2285 5159 έν
2310 5111 2374 5179 τῇ
2410 5082 2821 5185 Μεσοποταμίᾳ,
2850 5117 2939 5170 ὅτε
2981 5082 3208 5182 επιστάς
3244 5082 3388 5180 αὖθις
3423 5117 3448 5167 6
3479 5111 3548 5163 διὰ
3573 5082 3635 5157 ξοδ

481 5175 727 5246 dixitque
781 5177 1068 5245 Dominus,
1107 5191 1166 5236 ut
1224 5191 1709 5257 tetragrammaton
1757 5191 2035 5247 ostendit:

2152 5175 2570 5271 τετραγράμμου
2592 5175 2915 5275 δηλούμενος
2941 5208 3139 5280 Κύριος
3164 5175 3308 5262 είπεν
3325 5175 3472 5275 αῦτιῖν
3492 5221 3508 5253 ι
3527 5200 3634 5251 Ἀπο-

486 5285 505 5317 ‹
539 5266 829 5326 Revertere
860 5271 916 5326 in
939 5282 1140 5328 terram
1174 5285 1390 5346 patrum
1434 5286 1678 5348 tuorum,
1709 5291 1763 5339 et
1791 5285 1858 5338 ad
1885 5300 2023 5356 gene

2153 5266 2382 5364 στρέφου
2531 5266 2768 5368 τὴν-γῆν.
2799 5266 2909 5353 τῶν
2941 5266 3190 5373 πατέριον
3238 5319 3325 5355 σου
3364 5266 3446 5353 καί
3479 5298 3542 5357 si;
3567 5287 3632 5357 τὴν

480 5359 747 5416 rationem
771 5371 941 5426 tuam,
971 5374 1024 5419 et
1045 5381 1140 5420 ero
1170 5375 1350 5422 tecum
1383 5371 1451 5424 σί.
1487 5391 1504 5424 ι
1541 5371 1598 5426 1η
1625 5377 1832 5431 somnis
1863 5378 1909 5432 ei
1935 5377 2034 5432 han

2150 5385 2342 5450 γενεάν
2373 5390 2593 5451 comm).
2619 5389 2808 5461 ἔσομαι
2842 5395 2978 5463 μετὰ
3013 5396 3120 5448 σοῦ.
3154 5414 3172 5445 ι
3201 5394 3330 5448 Καθ’
3361 5391 3502 5445 ῦπνον
3526 5377 3629 5446 αὑτᾷ

481 5454 534 5500 et
561 5465 656 5517 per
680 5454 931 5522 angelum
965 5455 1214 5513 elocutus
1247 5467 1352 5514 est.
1389 5460 1458 5514 Ut
1483 5469 1537 5516 et
1565 5463 1679 5533 ipse
1696 5465 1855 5522 docet
1884 5465 2035 5523 Jaco-

2150 5472 2322 5527 ταῦτα
2343 5476 2438 5528 καὶ
2460 5476 2525 5528 δι’
2551 5454 2779 5546 ἀγγέλου
2805 5454 3051 5554 είρηκεν·
3079 5486 3154 5549 ὡς
3192 5486 3245 5539 δὲ
3272 5483 3418 5540 αὐτὸς
3435 5483 3460 5532 ό
3490 5468 3627 5530 Ἰακὼϐ

552 5627 598 5657 ⁸⁸
636 5625 988 5716 ρῆρηὲιχνιι,
1026 5633 1115 5689 29.
1144 5637 1238 5716 __"
1277 5635 1453 5716 qalat.
1487 5655 1584 5701 nt,
1641 5641 1727 5695 16.
1762 5715 1774 5716 7
1836 5645 1881 5676 ⁸⁸
1920 5644 2052 5702 Gen.
2092 5662 2106 5701 ι

2092 5662 2264 5714 χχχιι,
2320 5649 2408 5704 at.
2523 5653 2566 5684 ετ
2611 5654 2737 5711 ibid.
2798 5657 2978 5716 '26-'28.
3081 5662 3124 5693 σε
3163 5662 3284 5716 ibid.
3331 5659 3407 5714 30.
3464 5647 3608 5707 “ibid

481 5696 570 5752 3i.
646 5699 690 5730 °°
731 5698 864 5755 Gen.
903 5720 1099 5768 xxvm,
1138 5706 1224 5761 15.
1300 5710 1341 5739 ⁶¹
1382 5708 1514 5766 Gen.
1561 5696 1723 5778 xm,
1760 5715 1810 5767 ’5.
