3936 6206
349 338 521 406 ιθιι

1372 344 1673 401 ECLOGA}
1713 344 2195 401 PROPIIETICIE.
2238 377 2302 385 ——
2340 344 2469 399 LIB.
2503 342 2542 399 I.

3463 340 3611 417 leta

340 471 589 525 διδάσκει
620 469 721 523 ἀνα
753 469 909 539 (ἅμα)
944 466 1071 537 γοῦν
1098 471 1162 539 τῇ
1192 469 1311 538 θείᾳ
1339 470 1488 538 φωνῇ
1518 467 1615 539 τὴν
1648 469 1812 522 Λείαν
1840 471 1926 521 καὶ

2038 468 2162 532 bus,
2197 466 2404 520 vocalis
2432 464 2539 518 Deo
2564 461 2790 532 jubente
2816 459 3017 513 Rachel
3047 466 3100 513 et
3153 456 3271 520 Lia,
3294 456 3482 526 eisque
3515 456 3600 510 in.

342 563 449 633 τὴν
491 560 690 632 Ῥαχὴλ
734 561 1100 625 ἀνακαλέσας,
1151 560 1267 631 μεθ’
1298 560 1463 632 ἕτερα
1500 561 1591 613 τὸν
1639 562 1932 632 γενόμενον

348 653 501 724 αὐτῷ
532 653 913 724 χρηματισμὸν
960 652 1265 705 ἀνατίθεται
1314 653 1500 715 αὐταῖς
1536 652 1731 720 λέγων,
1761 672 1779 704 ι
1822 654 1932 706 Καὶ

343 742 472 801 εἶπέ
502 761 593 816 μοι
636 747 664 798 6
698 744 928 813 ἄγγελος
956 743 1050 798 τοῦ
1079 744 1214 797 Θεοῦ
1262 744 1380 798 καθ’
1421 743 1606 809 ὕπνον,
1652 744 1866 804 Ἰακὼϐ,
1907 764 1926 796 ι

343 842 445 895 καὶ
493 840 563 894 τὰ
608 839 753 911 ἑξῆς,
807 841 867 894 ἐν
913 834 994 904 οἷς
1048 856 1230 911 φησιν’
1273 858 1292 890 ι
1336 839 1476 908 Ἐγώ
1508 842 1623 911 εἰμι
1669 840 1697 891 6
1742 840 1873 903 Θεὸς
1903 843 1933 893 6

342 930 535 1001 ὀφθείς
562 946 642 983 σοι
664 931 721 983 ἐν
746 929 897 1000 τόπῳ
915 930 1048 983 Θεοῦ
1066 947 1080 961 ο
1107 922 1167 983 οὕ
1193 929 1417 1001 ἤλειψάς
1447 947 1535 1000 μοι
1563 931 1680 984 ἐκεῖ
1707 931 1930 1002 στήλην,

346 1025 444 1077 καὶ
471 1021 620 1093 ηῦξω
646 1039 735 1093 μοι
762 1023 881 1076 ἐκεῖ
918 1022 1082 1093 εὐχήν
1101 1040 1118 1055 ο
1146 1022 1239 1078 νῦν
1281 1018 1373 1076 οῦν
1405 1022 1688 1093 ἀνάστηθι,
1724 1024 1817 1076 καὶ
1847 1023 1933 1090 ἐξ-

343 1114 468 1168 ελθε
493 1116 565 1168 ’ὲκ
589 1114 689 1185 τῆς
720 1114 826 1186 γῆς
857 1115 1081 1186 ταύτης,
1115 1117 1209 1170 καὶ
1238 1115 1437 1170 ἄπελθε
1465 1119 1544 1179 εἰς
1572 1117 1670 1187 τὴν
1704 1116 1805 1187 γῆν
1832 1117 1931 1187 τῆς

342 1205 611 1276 γενέσεώς
651 1224 763 1259 σου.
805 1225 824 1260 ι
856 1207 1008 1261 Μετὰ
1038 1207 1095 1260 δὲ
1143 1208 1313 1262 ταῦτα
1350 1209 1743 1278 ὑποστρέψαντι
1784 1207 1933 1278 αύτῷ

339 1300 451 1355 ἀπὸ
487 1301 589 1372 τῆς
618 1300 1041 1372 Μεσοποταμίας
1081 1303 1294 1373 πρῶτον
1325 1301 1423 1372 μὲν
1455 1301 1556 1373 ήδη
1593 1302 1803 1373 πρωῖας
1841 1297 1933 1352 οὕ-

344 1408 443 1463 σης
478 1393 817 1463 συνήντησαν
859 1392 908 1444 οί
958 1392 1175 1461 ἄγγελοι
1225 1391 1318 1446 τοῦ
1346 1393 1503 1458 Θεοῦ,
1538 1394 1666 1466 περὶ
1717 1386 1792 1447 ὧν
1836 1392 1933 1445 καὶ⁹

339 1479 483 1537 εἴπεο
515 1504 534 1535 ι
564 1483 893 1555 Παρεμϐολὴ
914 1482 1048 1537 Θεοῦ
1075 1484 1240 1555 αὕτη·
1275 1505 1292 1535 ι
1320 1487 1413 1538 καὶ
1443 1486 1588 1549 εἰκός
1614 1503 1675 1554 γε
1711 1485 1930 1549 τούτους

337 1576 587 1638 ἐκείνους
614 1570 776 1639 εἶναι,
805 1575 898 1640 οὕς
928 1576 1189 1647 πρότερον
1223 1579 1314 1629 ἐπὶ
1342 1578 1439 1647 τῆς
1466 1577 1728 1647 κλίμακος
1755 1578 1929 1649 έωρά-

341 1681 461 1716 κειο
506 1659 624 1717 εἶτα
660 1664 718 1717 δὲ
763 1666 859 1718 καὶ
905 1665 1181 1719 ἀνατέλλει
1224 1666 1369 1736 αὐτῴ
1411 1669 1439 1719 6
1480 1667 1737 1738 ἀνωτέρω
1769 1667 1930 1731 δύνας

340 1755 497 1825 ἣλιος
528 1756 663 1826 μετά
691 1755 789 1828 τὴν
831 1756 1249 1829 προεκτεθεῖσαν
1293 1760 1618 1832 περικοπὴν,
1649 1762 1706 1812 ἐν
1804 1760 1929 1829 φαί-

2038 568 2117 614 ter
2187 558 2291 611 alia
2354 555 2696 625 apparitione
2748 569 2869 623 qua:
2926 552 3032 607 sibi
3087 559 3344 613 evenerat
3409 548 3624 617 relata.,

2041 668 2059 699 ι
2099 648 2352 719 Dixitque
2384 648 2610 717 angelus
2642 644 2880 706 Domini,
2936 643 3133 713 inquit,
3157 642 3223 695 ad
3249 654 3335 694 me
3376 639 3429 692 in
3457 653 3607 693 som-

2033 744 2138 807 nis,
2167 742 2358 797 dicens
2391 740 2596 796 :Jacob
2625 740 2695 805 ⁶²;
2733 757 2752 790 ι
2785 745 2839 793 et
2888 744 3106 800 ca-tera,
3152 733 3206 787 in
3251 731 3450 802 quiqu
3482 731 3558 783 ait
3589 748 3609 782 :7

2039 854 2057 886 ‹
2095 834 2207 905 Ego
2238 850 2358 889 sum
2387 832 2530 888 Deus
2559 832 2712 886 visus
2738 830 2835 885 tibi
2877 829 2933 883 in
2964 831 3083 883 loco
3137 826 3252 891 Dei,
3280 822 3371 878 ubi
3399 822 3601 877 tinxisti

2032 928 2290 998 lapidem,
2322 936 2375 981 et
2399 936 2583 980 votum
2609 924 2804 979 vovisti
2836 922 2989 978 mihi.
3019 921 3175 976 Nunc
3199 936 3327 992 ergo
3357 935 3518 990 surge
3547 928 3601 975 et

2032 1018 2289 1089 egredere
2313 1018 2380 1073 de
2406 1025 2550 1073 terra
2584 1016 2718 1081 hac,
2751 1023 3020 1071 revertere
3056 1015 3111 1068 in
3146 1024 3342 1068 terram
3404 1013 3604 1067 nativi-

2033 1111 2163 1167 tatis
2196 1120 2302 1166 tuaa
2329 1111 2393 1164 ⁸³.
2434 1131 2453 1163 ι
2493 1109 2623 1165 Post
2653 1110 2770 1165 haec
2796 1125 2926 1169 vero
2961 1107 3255 1163 revertenti
3287 1123 3316 1162 e
3352 1106 3603 1176 Mesopo-

2033 1204 2199 1258 tamia
2227 1203 2403 1274 primo
2426 1218 2585 1257 mane
2605 1202 2820 1257 obviam
2849 1200 3069 1255 fuerunt
3099 1196 3511 1269 angeli'Domini
3538 1196 3605 1250 de

2034 1294 2233 1364 quibus
2259 1303 2313 1348 et
2342 1293 2481 1348 dixit
2515 1310 2529 1344 :
2567 1312 2586 1344 ι
2618 1292 2811 1347 Castra
2840 1290 2937 1346 Dei
2981 1282 3109 1346 Sunt
3137 1290 3252 1344 haec
3283 1289 3349 1343 “.
3388 1308 3407 1340 ι
3450 1286 3604 1342 Veri-

2034 1385 2213 1441 simile
2240 1394 2323 1441 est
2350 1385 2452 1441 hos
2475 1401 2619 1449 esse,
2651 1400 2790 1454 quos
2817 1385 2972 1454 prius
3026 1396 3190 1452 super
3223 1380 3425 1437 scalam
3455 1378 3603 1433 vide-

2033 1487 2138 1535 rat.
2166 1481 2369 1535 Deinde
2398 1480 2573 1534 oritur
2595 1478 2671 1532 illi
2698 1478 2779 1534 sol
2810 1494 2876 1531 ex
2916 1477 3025 1531 alto
3078 1483 3201 1546 post
3230 1473 3602 1544 supradictum

2035 1574 2237 1636 locum,
2266 1573 2321 1626 in
2357 1587 2464 1642 quo
2489 1570 2704 1627 videtur
2730 1584 2855 1626 cum
2878 1584 2943 1624 eo
2967 1569 3210 1623 luctatus
3240 1583 3335 1638 per
3353 1580 3603 1621 somnum

2032 1666 2125 1735 qui
2156 1664 2221 1719 ad
2253 1680 2375 1719 eum
2401 1663 2537 1717 dixit
2569 1679 2582 1714 :
2626 1680 2644 1713 ι
2680 1660 3032 1732 Nequaquam
3082 1657 3251 1714 Jacoh
3303 1656 3604 1729 appellabi-

2034 1764 2124 1809 tur
2164 1770 2364 1810 nomen
2399 1761 2576 1817 tuum,
2630 1752 2726 1808 sed
2775 1751 2965 1817 lsrael,
3021 1750 3279 1823 quoniam
3329 1750 3376 1804 si
3410 1756 3601 1803 contra

338 1862 493 1899 νεται
515 1845 756 1901 παλαίων
782 1847 931 1919 αὐτῷ
957 1848 1078 1901 καθ’
1106 1849 1305 1913 ὕπνους
1328 1852 1355 1903 ὁ
1382 1852 1556 1923 φήσας
1586 1852 1721 1921 πρὸς
1746 1853 1925 1906 αὐτόν’

2034 1848 2200 1904 Deum
2230 1847 2387 1903 fortis
2426 1846 2602 1910 fuisti,
2629 1851 2837 1916 quanto
2891 1843 3066 1914 magis
3121 1849 3308 1896 contra
3354 1840 3604 1895 homines

340 1955 362 1989 ι
395 1937 595 1991 Οὐκέτι
632 1938 961 2011 κληθήσεται
1001 1940 1061 1994 τὸ
1095 1939 1267 2013 ὄνομα
1304 1960 1395 1995 σου
1432 1942 1643 2009 Ἰακὼϐ,
1668 1944 1783 2000 ἀλλ’
1820 1946 1918 1998 Ἰσ-

336 2028 476 2099 ραὴλ
509 2028 661 2082 ἔσται
706 2030 767 2083 τὸ
806 2030 980 2103 ὄνομά
1020 2049 1134 2098 σου,
1177 2034 1259 2087 ὅτι
1291 2035 1576 2107 ὲνίσχυσας
1614 2036 1751 2107 μετά
1791 2036 1926 2092 Θεοῦ

334 2119 430 2173 καὶ
460 2118 605 2191 μετὰ
632 2118 932 2192 ἀνθρώπων
960 2122 1201 2187 δυνατός.
1237 2142 1255 2175 ι
1286 2122 1436 2177 Μετά
1462 2124 1592 2192 γοῦν
1623 2124 1721 2195 τὴν
1760 2126 1929 2179 ὀπτα-

334 2212 458 2264 σίαν
482 2211 755 2266 ἀνέτειλεν
792 2212 941 2284 αὐτῷ
973 2216 1001 2266 6
1027 2215 1207 2285 ἥλιοςο
1245 2216 1347 2287 ἤδη
1373 2216 1430 2269 δὲ
1466 2215 1796 2288 προκόψαντι
1835 2218 1926 2269 καὶ

332 2304 673 2359 τελειωθέντι
704 2305 895 2359 οὐκέτι
930 2305 1052 2360 καθ’
1086 2306 1306 2372 ὕπνους,
1340 2294 1608 2361 ἀλλ”ούδὲ
1648 2309 1706 2360 ὲν
1746 2308 1925 2373 νυκτὶ,

332 2398 454 2451 οὐδὲ
483 2398 551 2453 δι’
580 2399 834 2468 ἀγγέλου,
856 2400 975 2453 οὐδὲ
1015 2399 1121 2472 μὴν
1160 2400 1229 2453 δι’
1262 2400 1602 2472 ἀνθρωπίνου
1644 2399 1837 2465 εἴδους,
1866 2400 1924 2453 ὲν

335 2486 479 2558 μέσῃ
507 2487 565 2541 δὲ
598 2488 781 2561 ἡμέρᾳ
826 2490 919 2543 καὶ
965 2491 1104 2559 φωτὶ
1150 2491 1503 2562 χρηματίζων
1550 2490 1697 2562 αὐτῷ
1734 2493 1761 2544 6
1791 2491 1924 2555 Θεός

331 2590 523 2651 φησιν·
570 2597 588 2630 ι
640 2580 922 2647 Ἀναστὰς,
957 2580 1187 2653 ἀνάϐηθι
1237 2584 1316 2647 είς
1360 2584 1454 2636 τὸν
1490 2583 1657 2636 τόπον
1700 2582 1923 2664 Βαιθὴλ,

330 2672 426 2723 καὶ
459 2670 601 2725 οἴκει
630 2672 774 2726 ὲκεῖ“
813 2692 833 2726 ι
871 2674 962 2727 καὶ
997 2675 1089 2729 ἐπὶ
1120 2674 1331 2739 τούτοις
1376 2677 1509 2729 πᾶσι
1547 2675 1668 2729 τότε
1711 2674 1924 2746 πρῶτον

327 2767 362 2834 ἡ
396 2763 522 2817 θεία
549 2763 741 2838 Γραφὴ
788 2772 1059 2840 μαρτυρεῖ
1102 2770 1183 2821 ὅτι
1224 2767 1380 2839 ὤφθη
1426 2768 1575 2840 αὕτῷ
1620 2769 1647 2821 ό
1692 2767 1824 2831 Θεὸς
1866 2769 1926 2821 έν

328 2857 535 2923 Λουζᾶ,
566 2860 660 2913 καὶ
705 2857 996 2930 εὐλόγησεν
1039 2861 1200 2914 αὑτὸν
1243 2861 1417 2929 λέγων
1459 2860 1528 2913 τά
1571 2862 1925 2932 ἀναγεγραμ-

331 2949 500 3018 μένα.
537 2948 1036 3022 (1⁵.11)Ζητήσομεν
1055 2950 1097 3003 δ’
1120 2952 1210 3004 ἐπὶ
1232 2952 1421 3023 σχολῆς
1446 2952 1563 3015 πῶς
1591 2952 1726 3023 μετά
1752 2952 1925 3007 ταῦτα

330 3040 585 3110 μέλλοντι
614 3042 759 3112 αύτῷ
792 3042 1036 3096 κατιέναι
1081 3044 1159 3106 είς
1199 3043 1470 3111 Αἴγυπτον
1505 3043 1664 3096 πάλιν
1706 3045 1763 3096 ὲν
1792 3044 1924 3116 ὁρά-

332 3150 472 3204 ματι
501 3136 597 3187 καὶ
624 3132 708 3187 διά
737 3134 929 3197 νυκτὸς
964 3137 992 3188 ὁ
1029 3135 1162 3199 Θεὸς
1192 3131 1362 3187 εἶπεν·
1392 3154 1409 3186 ι
1441 3136 1532 3204 Μὴ
1567 3133 1731 3205 φοϐοῦ
1758 3152 1924 3188 κατα-

2033 1940 2458 2012 prmvalebis"!
2506 1959 2524 1989 ι
2579 1936 2711 1994 Post
2760 1937 2927 2009 igitur
2966 1935 3251 1994 visionem,
3302 1932 3487 1988 statim
3524 1931 3604 1986 sol

2033 2041 2187 2088 ortus
2226 2040 2311 2088 est
2358 2033 2430 2087 ei.
2493 2030 2791 2101 Postquam
2833 2036 3013 2084 autem
3068 2026 3380 2099 profecerit,
3424 2022 3603 2095 perfe-

2032 2132 2264 2195 ctusque
2289 2123 2475 2188 fuerit,
2507 2122 2620 2192 jam
2643 2136 2751 2177 non
2802 2122 2857 2175 in
2894 2120 3127 2183 somnis.
3192 2133 3368 2188 neque
3417 2124 3603 2179 noctu,

2031 2231 2208 2289 neque
2238 2231 2335 2286 per
2365 2216 2640 2286 angelum,
2671 2228 2849 2284 neque
2884 2212 2986 2268 sub
3003 2212 3187 2283 specie
3214 2211 3476 2274 humana,
3508 2207 3608 2265 sed

2032 2310 2099 2372 in
2120 2308 2300 2365 medio
2323 2308 2431 2375 die,
2462 2308 2583 2363 luce
2618 2307 2673 2361 in
2699 2306 2879 2361 media
2896 2344 2912 2370 ,
2941 2303 3086 2359 Deus
3133 2304 3252 2373 ipse
3275 2298 3601 2356 manifesta-

2032 2409 2121 2456 tur
2152 2401 2223 2465 ei,
2254 2402 2444 2456 dicens
2469 2417 2481 2452 :
2523 2418 2542 2452 ι
2579 2398 2774 2472 Surge,
2807 2405 2862 2454 et
2892 2395 3123 2453 ascende
3145 2392 3351 2457 Bethel,
3375 2400 3429 2447 et
3454 2391 3607 2445 habi-

2034 2507 2088 2551 ta
2124 2496 2199 2552 ibi
2228 2496 2293 2551 “.
2333 2515 2353 2549 ι
2391 2496 2569 2567 Atque
2599 2501 2724 2566 post
2778 2493 2895 2547 haec
2926 2491 3130 2555 omnia,
3182 2497 3312 2544 tunc
3369 2487 3605 2558 primum

2032 2588 2214 2642 divina
2239 2585 2521 2656 Scriptura
2552 2592 2786 2641 testatur
2814 2583 2918 2653 ipsi
2950 2581 3119 2636 Deum
3150 2579 3328 2634 visum
3358 2576 3527 2632 fuisse
3551 2575 3605 2629 in

2033 2680 2199 2745 Luna,
2230 2679 2323 2751 qui
2351 2686 2407 2734 et
2438 2677 2714 2733 benedixit
2743 2676 2843 2739 illi,
2863 2675 3106 2745 dixitque
3125 2688 3189 2728 ea
3212 2686 3333 2743 qua:
3355 2671 3605 2725 referun-

2033 2783 2142 2828 tur.
2201 2772 2521 2839 Quaeremus
2554 2779 2735 2827 autem
2793 2769 2968 2824 otiose
3022 2765 3297 2838 quomodo
3349 2764 3605 2833 deinceps

2032 2867 2103 2930 ei,
2141 2881 2267 2921 cum
2300 2863 2674 2935 iiingyptum
2724 2861 3055 2917 descendere
3112 2864 3352 2931 pararet,
3411 2870 3605 2910 rursus

2033 2959 2090 3013 in
2118 2958 2329 3013 visione
2350 2967 2620 3012 nocturna
2650 2954 2794 3010 Deus
2808 2952 3006 3009 dixerit
3036 2970 3090 3005 ει
3126 2951 3246 3007 Noli
3268 2950 3483 3013 timere,
3507 2949 3604 3004 de-

2034 3050 2235 3106 scende
2272 3050 2330 3104 in
2378 3048 2672 3121 Egyptum
2717 3048 2778 3103 ⁸⁷.
2839 3067 2857 3100 ι
2902 3045 3027 3102 Haec
3084 3045 3247 3100 nobis
3289 3042 3606 3099 necessario

2032 3140 2438 3212 perpendenda.
2468 3140 2775 3196 Ostendunt
2808 3139 2952 3195 enim
2977 3138 3121 3210 quod
3164 3152 3273 3193 non
3296 3135 3474 3200 facile,
3507 3150 3606 3190 nec

329 3225 501 3297 ϐῆναι
529 3228 609 3290 εἰς
638 3226 931 3295 Αἴγυπτον.
976 3246 994 3280 ι
1023 3226 1208 3281 Ταῦτα
1238 3228 1293 3281 δὲ
1322 3231 1451 3300 ἡμῖν
1482 3227 1792 3297 ἀναγκαίως
1824 3247 1926 3282 πα-

2031 3229 2207 3285 cuivis
2238 3229 2520 3284 hominum
2549 3230 2718 3285 Deum
2763 3231 2940 3285 visum
2979 3228 3152 3285 fuisse
3200 3227 3384 3283 divina
3417 3231 3604 3279 narrat

331 3316 677 3388 ρατέθειται·
714 3320 983 3373 δείκνυσιν
1008 3320 1115 3391 γὰρ
1143 3321 1223 3373 ὅτι
1278 3321 1351 3392 μὴ
1379 3320 1621 3392 εὐχερῶς
1679 3320 1799 3391 μηδ’
1835 3321 1930 3374 ἐπὶ

324 3410 445 3465 τῶν
474 3411 743 3481 τυχόντων
772 3411 981 3483 ἀνδρῶν
1012 3414 1044 3482 ή
1084 3411 1202 3465 θεία
1233 3412 1423 3483 Γραφὴ
1460 3410 1549 3465 τὸν
1578 3412 1711 3465 Θεὸν
1746 3408 1927 3481 ὦφθαι

332 3501 578 3574 ἱστορεῖ⁸
615 3501 726 3556 οὔτ’
759 3498 852 3556 οῦν
886 3489 979 3556 ἐπί
1016 3501 1109 3555 τοῦ
1149 3502 1339 3573 Ἀδὰμ,
1370 3502 1480 3557 οὔτ’
1509 3505 1601 3557 ἐπὶ
1640 3502 1735 3557 τοῦ
1766 3521 1930 3575 μετα-

328 3594 589 3658 τεθέντος
626 3593 813 3665 Ἐνὼχ,
852 3595 967 3649 ἀλλ’
994 3595 1101 3648 οὐδ’
1138 3596 1230 3648 ἐπὶ
1268 3595 1363 3649 τοῦ
1405 3594 1549 3661 Νῶε,
1580 3596 1687 3649 οὐδ’
1717 3598 1803 3649 ἐπ’
1833 3596 1930 3648 αὐ-

328 3685 433 3741 τοῦ
461 3686 740 3750 Μωῦσέως
764 3687 1057 3759 τετήρηται
1083 3688 1163 3739 ὅτι
1186 3685 1463 3759 ὣφθητινὶ
1478 3688 1684 3743 τούτων
1713 3691 1742 3741 6
1773 3690 1925 3754 Θεὸς,

331 3778 583 3847 καίτοιγε
630 3778 889 3842 πολλάκις
944 3780 1124 3843 αὐτοῖς
1165 3778 1453 3850 διειλέχθαι
1501 3782 1928 3853 ἀναγεγραμμέ-

332 3887 426 3935 νος
446 3887 461 3900 ·
495 3870 607 3923 ἀλλ’
634 3870 744 3925 οὐδ’
794 3872 887 3925 ἐπὶ
928 3872 1045 3936 ένός
1090 3888 1155 3941 γε
1194 3872 1352 3927 ἄλλου
1386 3876 1413 3927 6
1448 3875 1590 3938 θεῖος
1632 3876 1805 3944 Λόγος
1838 3860 1930 3929 τὸν

332 3962 474 4017 Θεὸν
513 3957 693 4033 ὦφθαι
746 3964 975 4033 εἰσάγει,
1009 3964 1162 4035 ἢὲπὶ
1212 3967 1371 4036 μόνου
1415 3966 1509 4020 τοῦ
1552 3967 1801 4039 ’Ᾱϐραάμ
1833 3966 1929 4020 καὶ

334 4053 433 4109 τοῦ
464 4055 650 4110 Ἰσαὰκ
676 4057 771 4111 καὶ
799 4057 892 4110 τοῦ
925 4056 1114 4110 Ἰακώϐ
1135 4073 1148 4086 ·
1181 4058 1275 4112 καὶ
1302 4057 1394 4111 ἐπὶ
1422 4059 1521 4130 μὲν
1551 4058 1645 4112 τοῦ
1679 4059 1929 4133 ’Δϐραάμ

332 4149 398 4202 οὐ
430 4147 575 4201 κατά
614 4148 706 4202 τὸν
748 4150 963 4222 πρῶτον
995 4150 1144 4222 αὕτῷ
1168 4154 1545 4225 χρηματισμὸν
1578 4153 1755 4226 ὤφθη,
1791 4155 1928 4212 ἀλλά

335 4241 485 4295 κατά
509 4238 601 4295 τὸν
627 4240 875 4315 δεύτερον
922 4245 1015 4297 καὶ
1044 4243 1186 4297 κατά
1217 4244 1308 4298 τὸν
1338 4245 1582 4316 πέμπτον
1613 4246 1707 4299 καὶ
1736 4247 1892 4301 ἕκτον
1909 4265 1922 4279 ο

338 4332 436 4387 ἐπὶ
473 4331 531 4386 δὲ
568 4332 662 4388 τοῦ
712 4333 904 4389 Ἰακὼϐ
936 4335 1074 4405 μετά
1108 4335 1176 4390 τά
1213 4337 1675 4410 ἀναγεγραμμένα
1715 4344 1920 4397 πάντα·

336 4424 418 4497 τῷ
456 4424 567 4495 γὰρ
602 4426 788 4481 Ἰσαὰκ
827 4426 907 4492 δὶς
959 4428 1117 4497 μόνος
1160 4431 1502 4501 χρηματίσας
1545 4433 1573 4485 ὁ
1614 4432 1817 4505 Κύριος
1863 4434 1925 4489 τὸ

336 4517 421 4581 δὶς
452 4510 633 4587 ὦφθαι
664 4518 815 4589 αὑτῷ
840 4520 1268 4592 ἀναγέγραπται,
1304 4524 1353 4575 εἰ
1385 4524 1479 4576 καὶ
1503 4523 1562 4576 τὸ
1587 4524 1834 4597 δεύτερον
1865 4528 1924 4581 έν

2033 3320 2338 3391 Scriptura.
2401 3319 2588 3390 Neque
2618 3321 2764 3376 enim
2794 3321 3023 3389 Adamo,
3064 3335 3239 3391 neque
3282 3318 3469 3373 Enoch
3500 3317 3599 3380 illi,

2028 3414 2123 3486 qui
2172 3414 2471 3471 translatus
2514 3422 2617 3479 est,
2678 3430 2854 3484 neque
2882 3413 3016 3477 Noe,
3060 3429 3236 3484 neque
3269 3412 3373 3483 ipsi
3428 3409 3601 3483 Moysi

2030 3507 2205 3564 fertur
2220 3507 2539 3578 apparuisse
2561 3505 2727 3571 Deus,
2756 3507 2860 3561 etsi
2880 3506 3079 3575 saepius
3101 3507 3183 3561 eis
3213 3507 3603 3561 locutumesse

2029 3606 2280 3655 narrant.
2313 3599 2389 3655 De
2428 3598 2578 3654 nullo
2612 3598 2755 3653 enim
2788 3598 3006 3652 divinus
3039 3613 3219 3653 sermo
3268 3597 3445 3653 visum
3482 3612 3604 3652 esse

2031 3691 2201 3747 Deum
2232 3690 2420 3755 refert,
2458 3690 2567 3746 nisi
2594 3688 2661 3744 de
2714 3689 2833 3744 solo
2853 3689 3186 3752 Abrahamo,
3220 3697 3275 3744 et
3307 3688 3515 3748 lsaaco,
3548 3696 3603 3742 et

2029 3780 2253 3836 Jacobo.
2284 3781 2595 3836 Abrahamo
2628 3780 2845 3850 quidem
2880 3797 2989 3835 non
3050 3780 3107 3834 in
3154 3784 3328 3851 prima
3371 3777 3603 3833 manife-

2033 3874 2272 3930 statione
2295 3875 2444 3929 visus
2473 3881 2579 3938 est,
2609 3872 2703 3929 sed
2738 3871 2995 3937 secunda,
3027 3872 3217 3943 quinta
3234 3879 3285 3926 et
3301 3877 3453 3927 sexta
3474 3889 3488 3936 ;
3510 3866 3605 3924 Ja-

2030 3967 2166 4022 cobo
2201 3976 2380 4021 autem
2412 3966 2466 4020 in
2514 3966 2768 4022 omnibus
2798 3980 2919 4036 quae
2974 3971 3378 4033 memorantur;
3411 3962 3601 4020 lsaaco

2029 4060 2115 4117 bis
2146 4068 2355 4114 tantum
2413 4058 2677 4115 Dominus
2729 4057 3138 4124 manifestatus,
3188 4057 3273 4113 bis
3315 4057 3470 4113 visus
3517 4056 3600 4112 di-

2030 4154 2193 4217 citur,
2245 4160 2298 4209 et
2330 4152 2629 4209 secundum
2664 4151 2881 4224 quidem
2913 4160 3100 4207 noctu.
3139 4148 3485 4206 Manifestum
3515 4157 3601 4202 est

2031 4247 2098 4301 iis
2120 4261 2242 4316 quae
2271 4246 2383 4316 jam
2414 4245 2481 4302 de
2509 4244 2820 4300 Abrahamo
2871 4244 3133 4309 diximus,
3184 4242 3330 4313 quod
3364 4258 3473 4297 non
3530 4240 3603 4295 ad

2028 4342 2259 4412 primam
2311 4355 2533 4397 causam
2583 4340 2824 4396 visiones
2854 4345 2985 4394 sunt
3028 4336 3351 4402 referendae,
3406 4334 3502 4391 sed
3531 4334 3602 4388 ad

2028 4435 2274 4491 divinum
2298 4433 2559 4502 Verbum,
2599 4435 2742 4505 quod
2766 4435 3015 4503 accipere
3059 4431 3300 4488 nondum
3344 4430 3602 4485 valebant

2028 4525 2173 4581 beati
2201 4524 2482 4595 divinique
2505 4524 2773 4579 homines.
2814 4522 2911 4579 His
2938 4522 3107 4594 igitur
3136 4522 3294 4593 ipsis,
3321 4521 3524 4593 quibus
3548 4529 3603 4575 et

337 4583 525 4662 vorti.
546 4583 816 4681 Πρόδηλον
837 4611 893 4664 δὲ
920 4583 1170 4666 (ivno-1&1
1205 4583 1346 4669 κατὰ
1375 4616 1465 4669 τὸν
1502 4583 1756 4688 Ἀϐραὰμ
1785 4636 1921 4691 προ-

2031 4616 2181 4673 visus
2237 4618 2411 4672 fuisse
2442 4616 2624 4673 dictus
2666 4623 2771 4682 est,
2820 4630 2932 4670 non
2962 4618 3087 4672 sine
3113 4616 3287 4669 multa
3325 4614 3595 4669 exercita-

338 4699 649 4772 ειρημένων
680 4702 828 4773 ἡμῖν,
852 4703 932 4755 ὅτι
963 4703 1036 4776 μὴ
1069 4705 1162 4759 ἐπὶ
1188 4705 1250 4759 τὸ
1285 4707 1498 4779 πρῶτον
1525 4710 1693 4763 αῐτιον
1720 4711 1922 4781 ἀναφέ-

341 4810 461 4863 ρειν
496 4792 600 4864 χρὴ
623 4792 720 4855 τὰς
745 4794 1026 4860 ὀπτασίας,
1069 4796 1185 4850 ἀλλ’
1215 4798 1308 4851 ἐπὶ
1350 4798 1439 4852 τὸν
1469 4799 1610 4853 θεῖον
1646 4802 1837 4872 Λόγον⁹
1862 4803 1921 4858 ὃν

338 4883 466 4937 οὐδὲ
498 4884 661 4937 αὐτόν
689 4884 884 4955 (αὐτοί)
920 4904 1006 4940 πω
1038 4892 1233 4960 χωρεῖν
1265 4884 1449 4944 οἷοίτε
1486 4887 1625 4962 ἦσαν
1660 4894 1707 4946 οἱ
1745 4896 1922 4965 μακά-

343 4992 451 5047 ριοι
487 4976 585 5028 καὶ
623 4975 754 5030 θεῖοι
788 4978 1003 5049 ἄνδρες⁸
1041 4980 1249 5045 τούτοις
1299 4981 1428 5050 γοῦν
1475 4984 1678 5049 αὐτοῖς,
1713 4980 1793 5050 οἷς
1826 4990 1919 5040 καὶ

342 5058 523 5135 ὦφθαι
585 5070 940 5141 προείρηται,
994 5073 1129 5142 μετὰ
1188 5074 1443 5141 πλείστας
1507 5079 1923 5150 προγυμνασίας

344 5159 574 5229 ἑωρᾶτο.
608 5159 703 5224 Τίς
738 5161 801 5234 δὴ
834 5162 941 5235 (ἂν)
985 5159 1075 5218 οῦν
1123 5164 1278 5230 ἄλλος
1308 5168 1392 5238 εἴη
1441 5170 1534 5223 καὶ
1577 5172 1605 5223 6
1646 5169 1789 5223 κατά
1826 5172 1925 5243 τὴν

344 5252 715 5324 προκειμένην
751 5254 1053 5326 περικοπὴν
1104 5258 1459 5327 συμπαλαίων
1503 5274 1596 5313 και
1631 5279 1927 5332 συναγωνι-

343 5342 573 5412 ζόμενος
616 5343 710 5396 καὶ
748 5344 983 5417 ὡσπερεὶ
1025 5350 1325 5419 συμμαχῶν
1356 5350 1434 5421 τῷ
1471 5351 1685 5417 Ἰακὼϐ,
1714 5353 1745 5423 ἢ
1772 5356 1799 5407 ὀ
1830 5374 1924 5408 πο-

343 5431 600 5505 λυμερῶς
647 5436 739 5488 καὶ
785 5437 1134 5509 πολυτρόπως
1177 5444 1290 5505 τοῖς
1338 5445 1572 5514 πατράσι
1621 5446 1855 5518 λαλήσας
1896 5449 1924 5500 6

344 5524 494 5596 ἱερὸς
524 5525 618 5579 τοῦ
650 5526 784 5581 Θεοῦ
822 5531 1012 5600 Λόγος,
1046 5534 1202 5603 μόνος
1242 5534 1379 5600 μετά
1418 5538 1508 5589 τὸν
1549 5537 1765 5610 Πατέρα
1808 5539 1922 5593 Κύ-

392 5704 467 5739 ”⁶¹
507 5705 642 5761 Gen.
670 5723 819 5771 uxr,
854 5710 911 5765 ll

346 5778 395 5810 ⁸³
439 5775 604 5834 llebr.
644 5793 694 5844 ι,
734 5778 784 5833 1.

2029 4712 2178 4765 tione
2227 4709 2617 4781 praeparatoria
2667 4708 3049 4764 manifestatus
3103 4717 3206 4765 est.
3242 4706 3377 4774 Quis
3434 4708 3602 4776 igitur

2029 4803 2170 4857 alius
2202 4818 2324 4859 esse
2354 4809 2560 4873 posset,
2591 4802 2687 4873 qui
2708 4802 2811 4857 hoc
2859 4801 2915 4856 iu
2942 4802 3061 4856 loco
3090 4801 3419 4855 colluctatur
3467 4814 3595 4852 cum

2026 4893 2232 4949 Iacobo
2260 4896 2418 4965 quasi
2452 4894 2655 4949 athleta
2682 4904 2738 4950 et
2788 4902 3076 4965 pugnator,
3106 4894 3212 4949 nisi
3245 4893 3337 4950 hic
3355 4894 3473 4965 ipse
3500 4894 3600 4965 qui

2029 4988 2308 5043 multoties
2330 4988 2616 5055 etLdivcrsa
2645 4989 2855 5043 ratione
2884 4988 3128 5057 patribus
3145 4988 3351 5043 nostris
3376 4988 3596 5043 locutus

2029 5088 2114 5137 est
2148 5080 2217 5146 ⁸⁸,
2282 5090 2533 5136 sanctum
2580 5080 2676 5137 Dei
2725 5080 2983 5146 Verbum,
3030 5082 3179 5137 solus
3214 5089 3337 5152 post
3382 5080 3597 5135 Patrem

2030 5174 2296 5231 Dominus
2326 5181 2379 5231 et
2420 5174 2585 5239 Deus,
2622 5176 2715 5244 qui
2737 5175 2890 5230 visus
2938 5182 2991 5229 et
3020 5172 3352 5229 benedicens
3393 5170 3598 5226 Jacobo

2028 5266 2196 5321 Israel
2214 5281 2337 5320 eum
2361 5266 2681 5329 nominavit,
2705 5265 2912 5320 addens
2939 5281 2952 5316 :
2989 5284 3007 5317 ι
3031 5264 3235 5320 Contra
3270 5262 3437 5318 Deum
3488 5262 3601 5317 for-

2029 5357 2101 5412 tis
2126 5357 2313 5411 fuisti?
2340 5375 2358 5409 ι
2392 5357 2470 5412 Eo
2500 5365 2681 5412 autem
2712 5356 2878 5411 modo
2906 5355 3164 5410 videbant
3212 5354 3384 5410 divini
3415 5355 3597 5409 nomi-

2028 5465 2127 5505 nes
2154 5448 2247 5504 Dei
2276 5448 2536 5515 Verbum,
2561 5466 2679 5519 quo
2721 5456 2774 5503 et
2803 5446 3111 5504 Salvatoris»
3133 5448 3309 5505 nostri
3338 5447 3594 5519 apostoli,

2028 5540 2309 5596 dicentes:
2354 5560 2373 5593 ι
2410 5540 2569 5607 Quod
2605 5540 2707 5596 fuit
2731 5540 2799 5595 ab
2834 5539 3013 5607 initio,
3063 5540 3212 5612 quod
3257 5540 3591 5605 audivimus,

1017 5711 1060 5745 ”
1101 5713 1229 5768 ibid.
1308 5714 1387 5770 15.
1467 5717 1682 5775 6‘ch.
1751 5734 1926 5785 xu“:

2106 5720 2150 5751 "
2188 5718 2318 5775 ibid.
2351 5720 2441 5775 28.
2520 5718 2562 5751 ⁸⁶
2602 5717 2737 5775 Gcn.
2768 5735 2932 5789 xxxv,
2974 5724 3022 5779 Ι.
3101 5724 3144 5756 ⁸⁷
3176 5712 3323 5779 ¹(Ξιξιι.
3352 5734 3499 5783 XLVI,
3532 5717 3593 5771 ὃ.
