3936 6206
457 285 597 360 ωδ

1151 300 1432 374 ξΕῦΞΕΒῑΙ
1471 301 1944 359 ΕΞΞᾹΒΙΕΝΞΙΞ

2087 307 2132 365 Ρ.
2175 304 2354 361 PARS
2395 300 2975 358 [IL—EXEGETICA.

3479 301 3578 358 ιοιι

453 422 598 491 quod
657 423 885 476 vidimus
933 421 1108 478 oculis
1159 424 1382 490 nostris,
1435 425 1578 494 quod
1609 427 1981 496 perspeximus

2116 443 2225 498 ριος
2253 426 2346 480 καί⁵
2370 425 2500 488 Θεὸς
2532 423 2904 496 χρηματίζων,
2929 421 2988 484 ὃς
3011 420 3100 474 καὶ
3130 416 3396 491 εὐλογήσας
3423 421 3495 474 τὸν
3512 425 3587 476 ’1ου

450 523 506 570 et
559 529 750 570 manus
807 523 1006 569 nostra:
1064 523 1540 572 contrectaverunt
1605 518 1672 571 de
1721 518 1886 572 verbo
1931 519 2012 572 vi-

450 613 520 660 ta
549 607 612 658 °’.
645 626 663 659 ι
721 605 870 672 Quod
903 606 1140 662 Verbum
1168 616 1221 663 et
1256 609 1426 663 vitam
1471 624 1594 663 cum
1637 609 2010 678 conspexisset

446 695 704 762 Jacobus,
732 701 904 754 dixit:
945 721 962 752 ‹
1004 699 1123 755 Vidi
1146 702 1290 755 enim
1324 701 1492 757 Deum
1525 701 1664 757 facie
1693 701 1759 755 ad
1793 700 2005 767 faciem,

447 798 499 844 et
528 791 732 844 salvata
763 800 848 846 est
877 792 1058 846 anima
1091 808 1206 849 mea
1233 795 1302 847 τυ.
1344 811 1362 844 ι

2113 517 2230 572 κὼϐ
2272 516 2484 589 Ἰσραὴλ
2530 516 2689 570 αὑτὸν
2721 515 3019 584 ὠνόμασεν,
3062 511 3314 572 ἐπειπὼν,
3361 513 3430 565 ὅτι
3453 529 3469 561 ι
3506 514 3592 566 Ἐν-

2119 610 2338 680 ίσχυσας
2369 607 2506 679 μετά
2532 607 2700 672 Θεοῦ;
2733 627 2750 657 ι
2778 605 2960 667 Οὕτως
2985 604 3041 656 δὲ
3065 602 3240 675 ἐώρων
3259 604 3306 655 oi.
3319 602 3430 656 θεῖοι
3449 604 3595 675 ἄνδρες

2111 702 2203 755 τὸν
2231 701 2324 754 τοῦ
2356 701 2499 756 Θεοῦ
2527 700 2718 768 Λόγον,
2749 699 2824 761 ὼς
2857 699 2948 752 καὶ
2976 697 3030 750 οἱ
3060 698 3311 765 φήσαντες
3345 695 3424 748 τοῦ
3449 693 3592 764 Σωτῆ-

2117 811 2206 862 ρος
2237 794 2400 864 ἡμῶν
2438 793 2747 846 ἀπόστολοι·
2781 810 2798 840 ι
2838 793 2902 842 Ὃ
2929 785 3005 859 ἦν
3030 789 3121 841 ἀπ’
3158 787 3336 858 ἀρχῆς,
3363 787 3388 839 ὃ
3413 789 3595 854 ἀκηκόα-

451 901 566 953 μιν,
593 885 620 937 ὃ
651 885 972 958 ἑωράκαμεν
1009 893 1120 950 τοῖς
1159 888 1451 959 ὀφθαλμοῖς
1483 888 1660 960 ἡμῶν,
1712 890 1803 941 καὶ
1831 887 2189 959 ἐθεασάμεθα,
2237 890 2328 942 καὶ
2366 891 2422 941 αἱ
2458 891 2634 959 χεῖρες
2674 886 2829 956 ἡμῶν
2865 884 3230 954 ἐψηλάφησαν,
3265 881 3376 953 περὶ
3414 879 3489 932 τοῦ
3522 879 3600 931 Λό-

445 991 541 1043 γου
583 978 679 1048 τῆς
723 979 896 1049 ζωῆς’
936 1000 954 1032 ι
988 981 1046 1034 ὃν
1095 983 1264 1050 Λόγον
1308 985 1400 1037 καὶ
1441 983 1582 1054 ζωὴν
1619 984 1946 1054 θεασάμενος
1984 987 2012 1036 ό
2060 983 2251 1038 Ἰακὼϐ
2289 985 2532 1055 ἐπιφέρει
2575 983 2775 1051 λέγων’·
2801 1000 2819 1031 ι
2860 978 3010 1034 Εἶδον
3061 978 3168 1052 γὰρ
3206 977 3327 1030 Θεὸν
3372 975 3600 1046 πρόσωπον

444 1070 577 1138 πρὸς
606 1072 918 1141 πρόσωπονο
952 1077 1041 1128 καὶ
1068 1076 1241 1146 ἐσώθη
1274 1095 1373 1147 μου
1403 1082 1434 1148 ἡ
1465 1077 1630 1149 ψυχή.
1666 1098 1686 1130 ι

1018 1207 1246 1264 CAPUT
1289 1210 1422 1266 VIII.

514 1315 534 1345 ς
566 1296 725 1361 Juda,
758 1309 808 1353 te
842 1300 1139 1356 laudabunt
1186 1303 1379 1359 fratres
1411 1306 1486 1358 tui

435 1571 728 1626 ascendisti
761 1591 773 1625 :
810 1576 1157 1644 requiescens
1181 1579 1484 1634 accubuisti
1521 1589 1580 1634 ut
1609 1582 1694 1636 leo
1714 1623 1728 1646 ,
1765 1591 1818 1638 et
1843 1589 1999 1656 quasi

432 1667 618 1720 leaena.
638 1666 771 1732 Quis
785 1668 1071 1723 suscitabit
1089 1686 1211 1725 eum
1231 1671 1254 1724 ?
1273 1670 1391 1726 Non
1411 1673 1690 1729 auferetur
1720 1689 1994 1747 sceptrum

1542 1325 1553 1359 :
1603 1321 1798 1363 manus
1829 1317 1919 1363 tua
1951 1310 2005 1363 in

437 1389 743 1444 cervicibus
788 1391 1132 1448 inimicorum
1186 1404 1426 1458 tuorum,
1477 1397 1782 1455 adorabunt
1827 1409 1878 1456 te
1910 1400 2004 1456 lilii

435 1481 603 1548 patris
626 1481 724 1535 tui.
786 1481 1012 1538 Catulus
1047 1485 1220 1541 leonis
1242 1485 1380 1541 Juda
1421 1503 1436 1538 ε
1468 1503 1499 1542 e
1530 1505 1760 1559 gemma,
1791 1491 1864 1546 fili
1904 1495 2005 1559 mi,

2637 1205 3030 1261 ΚΕΦΑΛΑΙΟΝ
3068 1205 3149 1257 H".

2183 1319 2202 1351 ι
2248 1298 2434 1365 Ἰούδα,
2471 1300 2530 1351 σὲ
2566 1300 2880 1351 αίνέσαισαν
2914 1298 2962 1349 οἱ
2998 1295 3216 1362 ἀδελφοί
3251 1310 3366 1346 σου·
3391 1296 3438 1347 αί
3465 1295 3603 1366 χεῖρές

2109 1409 2200 1445 σου
2227 1392 2321 1446 ἐπὶ
2369 1390 2536 1445 νώτου
2578 1391 2684 1444 τῶν
2718 1389 2924 1460 ἐχθρῶν
2952 1405 3045 1441 σου
3065 1404 3082 1420 ο
3126 1389 3509 1458 προσκυνήσούσί
3539 1404 3600 1440 σοι

2105 1485 2153 1535 oi
2181 1483 2286 1535 υἱοὶ
2311 1484 2405 1536 τοῦ
2447 1483 2650 1553 πατρός
2701 1499 2814 1534 σου.
2865 1480 3112 1550 Σκύμνος
3141 1479 3338 1542 λέοντος
3372 1479 3597 1537 Ἰούδασὲν

2105 1573 2356 1643 βλαστοῦ,
2383 1574 2465 1626 υἱέ
2513 1591 2633 1644 μου,
2662 1571 2861 1642 ἀνέϐης
2880 1588 2892 1600 ·
2941 1567 3226 1623 ἀναπεσὼν
3267 1568 3512 1638 ἐκοιμήθης
3541 1570 3598 1630 ὡς

2105 1664 2260 1728 λέων,
2287 1667 2381 1719 καὶ
2411 1665 2486 1728 ὼς
2521 1663 2756 1733 σκύμνος
2777 1679 2790 1692 ο
2821 1663 2904 1724 τίς
2929 1663 3112 1731 ἐγερεῖ
3146 1658 3324 1721 αὑτόν;
3357 1659 3453 1710 υύκ
3474 1656 3603 1708 ἐκλεί-

432 1759 498 1812 de
520 1755 679 1822 Juda,
699 1769 755 1814 et
771 1761 880 1814 dux
897 1761 963 1815 de
983 1761 1184 1818 femore
1197 1765 1527 1833 ejus,donec
1549 1768 1732 1822 veniat
1755 1739 1847 1840 qui
1873 1772 1981 1826 mit-

2101 1755 2193 1824 ψει
2223 1756 2402 1827 ἄρχων
2435 1755 2494 1820 ἐξ
2533 1739 2721 1817 Ἰούδα,
2757 1754 2876 1807 οὐδὲ
2904 1753 3206 1823 ἡγούμενος
3238 1749 3422 1840 ἐκγτῶν
3459 1748 3604 1840 μηρῷν

430 1847 627 1900 tendus
673 1856 780 1908 est.
805 1857 858 1903 et
905 1849 1021 1919 ips‘e
1041 1853 1498 1922 eritexspectatio
1517 1857 1758 1924 gentium
1791 1859 1858 1922 “,
1892 1879 1910 1912 ι
1947 1868 2001 1916 et

431 1937 657 2005 reliqua.
693 1935 859 2002 Quasi
899 1940 1071 1994 sancti
1106 1939 1345 2010 Spiritus
1408 1945 1632 2000 verbum
1667 1947 1998 2003 audiendum

427 2025 615 2082 Jacobi
661 2029 728 2084 de
776 2030 996 2086 Christo
1045 2034 1510 2103 prophetizantis,
1541 2049 1595 2093 et
1628 2041 1681 2092 in
1710 2055 1998 2109 personam

2106 1847 2293 1910 αὐτοῦ,
2322 1847 2426 1910 ἓως
2452 1846 2517 1900 ἂν
2547 1845 2671 1916 ἔλθῃ
2704 1844 2774 1896 τὰ
2818 1842 3158 1912 ἀποκείμενα
3187 1839 3354 1909 αὐτῷ’
3380 1839 3454 1891 καὶ
3480 1837 3602 1899 αὐτὸς

2104 1939 2393 2012 προσδοκία
2422 1937 2611 2000 ἐθνῶν,
2651 1957 2668 1988 ι
2709 1937 2800 1990 καὶ
2823 1935 2892 1988 τὰ
2921 1935 3065 2004 ἑξῆς.
3114 1935 3199 2028 Ὠς
3219 1933 3383 2028 Δἀγίου
3411 1927 3604 2028 Πνεύμαῐ

2099 2048 2190 2094 τος
2235 2031 2325 2083 τὸν
2364 2029 2518 2098 λόγον
2566 2028 2858 2082 ἀκουστέον
2911 2025 3004 2078 τοῦ
3043 2023 3240 2077 Ἰακὼϐ
3282 2022 3346 2076 τὰ
3392 2022 3493 2091 περὶ
3528 2022 3605 2070 τοῦ

426 2117 807 2174 transferentis
845 2121 965 2190 ejus
992 2123 1060 2177 ab
1091 2124 1159 2178 iis
1188 2145 1200 2178 :
1243 2145 1262 2177 ι
1283 2125 1421 2182 Juda
1444 2168 1458 2192 ,
1488 2138 1541 2185 te
1573 2131 1870 2186 laudabunt
1892 2131 1981 2188 fra«

2098 2119 2334 2192 Χριστοῦ
2375 2119 2827 2190 προθεσπίζοντος
2873 2117 2966 2170 καὶ
3010 2119 3088 2179 εἰς
3138 2113 3406 2186 πρόσωπον
3444 2111 3612 2179 ἀναφω-

427 2219 538 2264 lres
569 2211 670 2264 tui.
711 2232 730 2263 ›
765 2211 918 2277 Quod
944 2215 1088 2268 enim
1116 2232 1224 2271 non
1260 2218 1326 2271 ad
1359 2236 1530 2274 unum
1567 2221 1797 2276 filiorum
1837 2225 1996 2278 verba

425 2300 624 2354 faceret
648 2303 956 2370 patriarcha
1002 2314 1250 2374 apertum
1297 2319 1382 2366 est
1435 2309 1730 2380 Scriptura:
1782 2316 1993 2383 peritis,

421 2405 542 2460 quae
571 2391 651 2447 sic
682 2404 904 2448 narrat:
947 2415 964 2446 ι
999 2395 1222 2452 Vocavit
1248 2409 1428 2456 autem
1457 2401 1627 2459 Jacob
1661 2405 1800 2460 ﬁlios
1841 2422 1992 2471 suos,

421 2489 475 2536 et
496 2481 574 2534 ait
599 2483 679 2537 eis
728 2503 740 2537 :
789 2484 1209 2557 Congregamini
1261 2499 1320 2543 ut
1349 2493 1664 2547 annuntiem
1712 2511 1832 2565 quae
1860 2511 1992 2550 ven-

420 2580 543 2626 tura
573 2584 701 2629 sunt
722 2578 877 2632 vobis
911 2578 965 2631 in
995 2577 1190 2637 diebus
1237 2583 1554 2642 novissimis
1578 2589 1642 2640 7’.
1676 2608 1693 2639 ι
1731 2587 1900 2658 Igitur
1926 2591 1993 2645 dc

419 2664 618 2721 futuris
648 2683 706 2722 se
749 2669 828 2724 eis
874 2671 1378 2740 prophetizaturum
1431 2679 1664 2734 nuntiat.
1725 2677 1990 2736 Praeterea

419 2757 765 2826 perspicuum
806 2771 888 2814 est
927 2762 1073 2830 quod
1124 2779 1231 2818 non
1277 2766 1343 2819 ad
1397 2768 1761 2836 patriarcbam
1793 2770 1988 2827 ludam

418 2854 666 2913 spectant
712 2851 1008 2919 prophetiae
1045 2855 1228 2908 verba.
1294 2855 1531 2921 Quando
1565 2861 1707 2913 enim
1751 2862 1902 2916 illum
1935 2872 1991 2919 et

416 2953 576 3004 quam
611 2938 680 2992 ob
707 2955 820 2994 rem
865 2941 1229 3000 adoraverunt
1272 2946 1469 3004 fratres
1489 2951 1606 3016 sui,
1643 2960 1736 3006 aut
1769 2964 1990 3024 propter

414 3028 560 3097 quod
594 3029 804 3087 facinus
831 3050 954 3088 eum
979 3053 1219 3108 unquam
1257 3039 1654 3097 laudaverunt?
1700 3044 1986 3112 Quomodo

2096 2214 2310 2276 νοῦντος
2339 2211 2499 2266 αὐτοῦ
2523 2211 2591 2264 τά
2621 2209 2726 2264 ἀπὸ
2757 2208 2871 2272 τοῦ,
2907 2226 2926 2258 ι
2973 2206 3169 2262 Ἰούδα.
3199 2206 3256 2258 σὲ
3287 2203 3552 2256 αίνέσαισαν
3573 2198 3611 2250 οί

2096 2305 2311 2374 ἀδελφοί
2355 2320 2470 2356 σου·
2521 2322 2536 2352 ι
2566 2303 2646 2355 ὅτι
2687 2301 2795 2371 γὰρ
2831 2300 2890 2351 ού
2941 2298 3075 2368 πρὸς
3117 2298 3209 2349 τὸν
3247 2295 3336 2348 ἕνα
3375 2292 3468 2346 τῶν
3512 2290 3612 2343 υἱῶν

2094 2397 2220 2460 τοὺς
2269 2396 2458 2464 λόγους
2499 2396 2527 2446 ό
2574 2393 2916 2464 πατριάρχης
2965 2392 3204 2442 ἐποιεῖτο
3234 2387 3380 2458 δῆλον
3410 2387 3501 2447 τοῖς
3523 2384 3612 2435 im-

2096 2492 2325 2559 στήσασι
2354 2491 2417 2559 τῇ
2451 2489 2638 2558 Γραφῇ
2674 2482 3082 2556 διηγηματικῶς
3124 2478 3412 2551 φασκούσῃο
3443 2496 3458 2528 ι
3492 2473 3614 2528 Ἑκά-

2093 2580 2214 2634 λεσε
2243 2581 2298 2633 δὲ
2340 2579 2533 2633 Ἰακὼὸ
2575 2581 2700 2642 τοὺς
2746 2578 2894 2640 υἱοὺς
2946 2574 3137 2636 αὐτοῦ,
3174 2575 3265 2627 καὶ⁸
3317 2568 3481 2625 εἶπεν·
3515 2568 3615 2619 Συν-

2092 2674 2314 2746 άχθητε,
2339 2672 2425 2726 ἴνα
2453 2669 2753 2740 ἀναγγείλω
2799 2669 2925 2740 ύμῖν
2954 2668 3003 2720 τί
3035 2666 3400 2737 ἀπαντήσεται
3421 2663 3526 2732 ὑμῖν
3550 2662 3621 2712 ἐπ’

2091 2766 2319 2835 ἐσχάτου
2349 2763 2456 2817 τῶν
2481 2763 2723 2834 ἡμερῶν.
2762 2781 2780 2813 ι
2814 2759 3020 2814 Ούκοῦν
3053 2761 3188 2831 περὶ
3217 2757 3490 2830 μελλόντων
3515 2768 3624 2821 προ-γ

2091 2857 2377 2928 φητεύσειν
2417 2855 2599 2918 αὐτοῖς
2647 2851 3058 2922 ἐπαγγέλλεται.
3095 2852 3273 2921 Σαφὲς
3295 2849 3348 2902 δὲ
3376 2847 3459 2901 καὶ
3481 2843 3627 2905 ἄλλως

2087 2951 2167 3002 ὅτι
2211 2948 2285 3020 μὴ
2326 2948 2462 3018 πρὸς
2493 2947 2584 2999 τὸν
2619 2946 2960 3017 πατριάρχην
3002 2944 3208 2997 Ἰούδαν
3235 2946 3289 2996 αἱ
3317 2943 3410 3012 τῆς
3448 2953 3615 3009 προφη-

2088 3041 2236 3104 τείας
2278 3039 2339 3108 (f.
2387 3040 2477 3105 12)
2511 3040 2839 3110 ἀρμὸττουσι
2882 3038 3089 3105 φωναίο
3141 3038 3268 3090 πότε
3315 3034 3414 3107 γάρ
3456 3034 3616 3086 ἐκεῖνον

413 3120 575 3175 etiam
605 3124 866 3196 quidquid
893 3127 960 3182 de
987 3128 1087 3184 hac
1110 3131 1392 3204 prophetia
1419 3135 1468 3189 ei
1500 3135 1742 3206 adaptari
1776 3141 1981 3209 potest?

2087 3134 2115 3203 ἢ
2149 3135 2240 3186 καὶ
2263 3133 2349 3186 διά
2377 3150 2428 3185 τι
2464 3131 2873 3200 προσεκύνησαν
2898 3131 2946 3182 οί
2985 3129 3209 3197 ἀδελφοὶ
3237 3129 3411 3190 αὑτοῦ,
3437 3126 3513 3178 ἐπὶ
3536 3124 3616 3176 τίνι

414 3212 523 3268 Nec
547 3229 676 3270 vero
728 3218 792 3272 ad
836 3219 1038 3274 tribum
1083 3235 1148 3277 ea
1194 3232 1426 3292 possunt
1473 3225 1696 3295 referri;
1747 3246 1980 3300 namque

413 3319 520 3359 non
563 3314 774 3363 tantum
821 3326 851 3366 e
893 3313 1039 3367 tribu
1087 3312 1239 3368 Judte
1277 3315 1446 3372 duces
1473 3320 1658 3388 populi
1697 3323 1979 3376 constituti

409 3403 557 3450 sunt.
611 3397 832 3457 Judiccs
873 3404 1017 3458 enim
1050 3416 1174 3475 post
1211 3407 1450 3478 Moysem
1479 3428 1510 3468 e
1533 3413 1699 3469 variis
1728 3414 1980 3472 tribubus

408 3489 628 3544 circiter
660 3492 990 3564 quingentos
1037 3513 1211 3554 annos
1244 3498 1488 3558 Hebraeis
1536 3503 1777 3573 praafecti
1804 3514 1978 3568 sunt;

407 3581 534 3636 dein
587 3599 616 3638 e
674 3584 819 3640 tribu
850 3587 1128 3658 Beniamin
1187 3593 1396 3662 primus
1455 3598 1695 3651 omnium
1746 3613 1841 3652 rex
1880 3599 1980 3654 fuit

409 3672 569 3740 Saul;
620 3690 729 3745 quo
776 3689 993 3733 mortuo
1040 3695 1408 3751 regnaverunt
1451 3701 1482 3740 e
1515 3687 1658 3742 tribu
1691 3686 1842 3744 Juda:
1871 3707 1980 3744 non

406 3773 523 3818 toto
563 3768 984 3840 quingentorum
1013 3771 1279 3839 annorum
1312 3779 1520 3849 spatio;
1565 3780 1691 3834 dein
1726 3791 1848 3850 post
1882 3783 1981 3837 Ba-

407 3855 618 3926 bylonis
645 3860 1015 3930 captivitatem
1055 3865 1219 3923 rebus
1255 3867 1592 3936 prtefuerunt
1626 3886 1656 3924 e
1681 3871 1822 3926 tribu
1853 3871 1977 3926 Levi

407 3947 527 4013 plus
555 3962 716 4019 quam
747 3950 1076 4021 quingentos
1101 3970 1296 4020 annos,
1347 3975 1518 4030 usque
1554 3960 1621 4016 ad
1650 3961 1851 4018 Christi
1883 3963 1982 4016 ad-

406 4045 642 4093 ventum.
679 4039 819 4106 Quid
843 4042 1009 4112 igitur
1038 4047 1210 4116 magis
1239 4047 1306 4104 de
1333 4049 1479 4103 tribu
1505 4049 1657 4106 Juda:
1688 4071 1808 4123 quae
1843 4071 1980 4124 prm-

404 4128 548 4181 dicta
573 4137 701 4183 sunt
732 4129 898 4185 refert
921 4133 1228 4202 prophetia,
1281 4153 1444 4206 quam
1475 4141 1542 4196 de
1563 4145 1812 4199 caeteris?
1839 4144 1978 4216 Ergo

402 4236 510 4273 non
546 4221 614 4274 ad
659 4222 860 4276 tribum
907 4224 1101 4280 referri
1149 4238 1379 4296 possunt
1425 4249 1545 4302 quae
1591 4237 1972 4293 ostenduntur.

2084 3225 2138 3277 δὲ
2167 3223 2545 3294 κατορθώματι
2571 3225 2603 3293 ἢ
2637 3225 2728 3276 καὶ
2756 3223 2880 3276 πότε
2916 3223 3122 3302 ᾔνεσαν.
3164 3222 3348 3285 αύτόν;
3381 3218 3545 3282 [16);8'
3569 3214 3618 3268 ἂν

2081 3335 2162 3380 τις
2207 3318 2300 3369 καὶ
2327 3317 2393 3370 τὰ
2420 3316 2580 3368 λοιπά
2621 3315 2722 3384 τῆς
2769 3315 3107 3386 προφητείας
3139 3317 3224 3368 ἐπ’
3257 3317 3446 3367 ἐκεῖνον
3483 3309 3618 3381 ἁρμό-

2083 3409 2190 3472 ζων
2235 3409 2580 3480 διηγήσεται;
2623 3407 2759 3461 Ἀλλ’
2806 3407 2925 3459 οὐδὲ
2975 3408 3066 3459 ἐπὶ
3115 3409 3216 3479 τὴν
3253 3405 3413 3475 φυλὴν
3448 3399 3617 3467 εὐλογία

2083 3517 2222 3562 στως
2248 3517 2333 3564 τις
2373 3501 2511 3554 αὐτὰ
2552 3500 2831 3570 ἀναφέροι,
2858 3500 2938 3552 ὅτι
2971 3498 3047 3569 μὴ
3086 3499 3250 3569 μόνον
3287 3501 3349 3550 ἐκ
3369 3497 3458 3565 τῆς
3486 3491 3616 3546 Ἰούδα

2082 3592 2251 3663 φυλῆς
2273 3593 2530 3664 ἄρχοντες
2560 3593 2900 3662 κατέστησαν
2930 3589 3021 3644 τοῦ
3046 3590 3181 3643 λαοῦ
3205 3609 3216 3620 -
3245 3590 3300 3643 οῖ
3317 3607 3372 3642 τε
3396 3588 3490 3658 γάρ
3511 3583 3616 3654 μετά

2081 3685 2316 3738 Μωῦσὲα
2335 3686 2532 3757 Κριταὶ
2565 3687 2627 3738 ἐκ
2655 3685 2922 3754 διαφόρων
2952 3683 3235 3762 γενόμενοι
3256 3681 3426 3749 φυλῶν
3447 3679 3616 3747 διήρκε-

2081 3795 2180 3831 σαν
2219 3777 2508 3849 ἡγούμενοι
2554 3779 2646 3830 ἐπὶ
2691 3776 2866 3828 ἔτεσιν
2910 3775 3075 3843 ἐγγύς
3126 3793 3228 3828 που
3273 3769 3616 3831 πεντακοσίοις,

2084 3871 2202 3940 μεθ’
2236 3870 2328 3933 οὓς
2370 3871 2433 3923 ἐκ
2475 3871 2646 3941 φυλῆς
2685 3871 2940 3940 Βενιαμὶν
2971 3868 3191 3940 πρῶτος
3235 3868 3470 3920 ἁπάντων

2079 3961 2221 4014 λεύει
2275 3961 2466 4024 Σαοὺλ,
2517 3964 2608 4016 καὶ
2647 3964 2819 4027 οὕτως
2855 3961 2992 4034 μετά
3035 3961 3260 4022 τούτους
3303 3960 3350 4011 οἱ
3393 3959 3450 4008 ὲκ
3483 3959 3614 4022 gulf};

2091 4053 2257 4107 Ἰούδα
2316 4053 2685 4123 βασιλεύουσιν
2741 4055 2849 4108 οὐδ’
2888 4054 3030 4116 ὅλοις
3067 4052 3216 4105 ἔτεσι
3264 4045 3616 4104 πεντακοσίοις

2077 4141 2194 4198 εἶτα
2227 4146 2362 4216 μετά
2383 4145 2480 4217 τὴν
2511 4149 2588 4210 είς
2620 4147 2912 4200 Βαϐυλῶνα
2935 4145 3316 4216 αἰχμαλωσίαν
3335 4143 3380 4194 oi
3401 4141 3459 4192 ἐκ
3480 4133 3615 4200 φυλῆς

2079 4237 2207 4290 Λευῒ
2233 4238 2570 4310 προέστησαν
2609 4237 2718 4291 τῶν
2760 4239 3101 4310 πραγμάτων
3139 4237 3281 4304 ὑπὲρ
3309 4235 3374 4287 τά
3402 4223 3618 4310 πεντακό-

3817 741 3825 1181 τ

399 4307 504 4373 Qui
526 4310 668 4364 enim
723 4312 776 4365 in
809 4315 1124 4370 novissimis
1157 4317 1347 4375 diebus
1379 4325 1631 4392 apparuit
1659 4325 1851 4391 Judas,
1881 4344 1975 4382 rc-

2087 4345 2169 4381 σια
2200 4307 2292 4398 ἔτη
2323 4307 2481 4399 μέχρι
2523 4329 2621 4399 τῆς
2667 4327 2760 4381 τοῦ
2801 4307 3036 4400 Χριστοῦ
3093 4329 3413 4400 παρουσίας.
3457 4321 3509 4374 Τί
3540 4308 3614 4370 οὖν

398 4417 518 4456 rum
549 4405 799 4468 novimus
819 4422 940 4462 esse
973 4408 1309 4466 Salvatorem
1333 4425 1385 4468 et
1407 4415 1695 4473 Dominum
1725 4429 1972 4476 nostrum

2079 4418 2278 4488 μᾶλλον
2305 4420 2430 4490 περὶ
2453 4420 2554 4489 τῆς
2594 4421 2763 4474 Ἰούδα
2796 4421 2965 4491 φυλῆς
3005 4421 3076 4473 τά
3103 4419 3464 4494 προειρημένα
3486 4411 3616 4483 φησὶν

394 4493 605 4557 Jesum,
642 4493 918 4551 Christum
955 4499 1082 4564 Dei,
1115 4504 1204 4572 qui
1239 4513 1292 4560 et
1326 4506 1672 4577 dispensator
1712 4513 1832 4581 ejus
1879 4528 1974 4565 vo-

2087 4512 2108 4580 θ
2151 4512 2474 4582 προφητεία,
2503 4513 2620 4582 οὐχὶ
2645 4512 2700 4565 δὲ
2733 4514 2827 4566 καὶ
2859 4514 2986 4585 περὶ
3027 4513 3134 4565 τῶν
3161 4512 3389 4573 λοιπῶν;
3414 4507 3512 4560 Οὐκ
3531 4503 3616 4570 ἄρα

395 4584 622 4641 luntatis
655 4595 709 4640 et
743 4586 913 4644 ludas
945 4593 1274 4651 nominatur.
1305 4599 1384 4650 Ita
1423 4600 1566 4653 enim
1599 4616 1746 4656 nunc
1777 4603 1962 4668 Israel,

397 4691 542 4730 nunc
568 4675 829 4744 Jacobus,
861 4698 1009 4737 nunc
1037 4683 1227 4748 David,
1267 4703 1414 4744 nunc
1439 4691 1614 4747 aliter.
1685 4692 1837 4748 Hunc
1867 4711 1965 4750 au-

393 4778 501 4822 tem
519 4775 573 4821 et
608 4771 780 4824 sancti
806 4774 1035 4842 apostoli
1056 4785 1107 4830 ct
1125 4785 1391 4848 quotquot
1416 4777 1652 4850 Spiritus
1674 4783 1964 4852 adoptione

390 4860 594 4932 dignati
623 4875 771 4929 sunt,
808 4866 1166 4923 laudaverunt
1196 4879 1250 4924 et
1277 4872 1667 4928 adoraverunt.
1709 4893 1728 4924 ‹
1771 4874 1963 4932 Manus

391 4964 519 5018 tuae,
545 4973 566 5006 ι
607 4971 744 5026 quas
777 4959 1073 5028 symbolice
1103 4962 1242 5016 facta
1271 4963 1392 5034 ejus
1415 4980 1536 5021 esse
1561 4966 1972 5038 existimamus,

395 5065 413 5097 ι
449 5045 503 5100 in
532 5048 835 5104 cervicibus
863 5049 1209 5106 inimicorum
1237 5061 1452 5108 tuorum
1478 5097 1493 5120 ,
1533 5076 1550 5106 ι
1585 5057 1640 5112 id
1667 5065 1773 5123 est,
1811 5061 1964 5130 cogi-

391 5139 656 5194 tationum
683 5141 962 5197 hostilium
993 5160 1114 5213 quae
1143 5161 1265 5200 eum
1309 5145 1544 5217 fugiunt.
1601 5149 1697 5204 llic
1729 5157 1782 5205 ct
1805 5155 1960 5220 quasi

393 5248 410 5276 ι
457 5234 673 5288 catulus
725 5233 898 5289 leonis
936 5255 954 5287 ι
993 5235 1228 5300 dicitur,
1266 5239 1379 5293 sive
1413 5249 1629 5310 pr0pter
1659 5241 1958 5296 secundum

387 5337 606 5378 carnem
630 5327 967 5382 nativitatem
989 5344 1020 5383 e
1054 5329 1201 5384 tribu
1232 5331 1381 5402 regia
1416 5339 1469 5385 et
1503 5330 1720 5388 Davidis
1751 5334 1956 5396 radice,

391 5430 410 5457 ο
448 5420 501 5464 ct
547 5417 602 5466 in
652 5415 1063 5473 similitudinem
1113 5421 1297 5476 carnis
1339 5422 1547 5492 peccati
1599 5422 1796 5476 factam
1823 5425 1890 5488 ⁷³,
1937 5445 1954 5475 ι

389 5503 504 5556 sive
536 5514 756 5573 pr0pter
784 5509 1041 5566 deitatem
1061 5553 1076 5575 ,
1109 5529 1217 5582 qua
1252 5523 1412 5568 exuta
1447 5515 1611 5570 homo
1643 5515 1821 5572 factus
1851 5526 1955 5579 est,

387 5592 458 5646 ob
488 5605 734 5662 quamet
763 5615 873 5654 non
923 5602 1197 5658 immerito
1233 5624 1246 5658 :
1309 5623 1328 5656 ι
1353 5607 1400 5660 Ε
1438 5622 1678 5676 gemma,
1726 5607 1798 5660 fili
1845 5607 1917 5662 mi
1940 5648 1954 5670 ,

455 5755 498 5785 ⁶⁹
537 5754 555 5808 l
594 5752 741 5808 loan.
782 5773 830 5821 ι,
874 5759 920 5810 1.
999 5762 1044 5792 ⁷ο
1083 5761 1215 5817 Gen.
1255 5778 1432 5828 χχχιι,
1466 5765 1551 5820 30.

1631 5765 1670 5795 τ’
1713 5762 1846 5820 Cen.
1886 5781 2040 5831 XLIX,
2085 5765 2236 5821 8-10.
2313 5768 2357 5798 ⁷⁸
2398 5766 2527 5821 ibid.
2568 5767 2616 5821 l.

2073 4603 2193 4656 οὐδὲ
2217 4605 2308 4656 ἐπὶ
2332 4603 2429 4674 τὴν
2455 4603 2622 4674 φυλὴν
2649 4605 2878 4675 ἁρμόζοι
2905 4605 2970 4657 τὰ
2995 4604 3299 4674 δηλούμενα
3319 4621 3331 4632 ·
3360 4600 3440 4652 τὸν
3466 4595 3614 4667 μέντοι

2074 4711 2136 4763 γε
2164 4696 2250 4747 ἐπ’
2277 4697 2490 4768 ἐσχάτῳ
2514 4697 2620 4751 τῶν
2651 4697 2874 4768 ἡμερῶν
2919 4698 3257 4766 ἀναφανέντα
3295 4693 3477 4746 Ἰούδαν
3513 4685 3614 4784 ἀλη-

2075 4787 2217 4841 Θινὸν
2258 4787 2414 4858 ἴσμεν
2456 4790 2544 4842 τὸν
2584 4789 2810 4860 Σωτῆρα
2865 4790 2956 4842 καὶ
3011 4788 3212 4860 Κύριον
3255 4785 3406 4858 ἡμῶν
3444 4784 3610 4875 ἸησουΪ

2075 4878 2163 4930 τὸν
2207 4880 2440 4950 Χριστὸν
2477 4879 2568 4932 τοῦ
2613 4879 2770 4942 Θεοῦ,
2812 4881 2905 4933 καὶ
2945 4881 3142 4950 ταμίαν
3179 4879 3286 4931 τῶν
3325 4875 3443 4947 περὶ
3480 4873 3609 4926 αὐτου

2077 4972 2329 5023 ἐπινοιῶν
2376 4971 2469 5023 καὶ
2506 4969 2703 5023 Ἰούδαν
2750 4970 3141 5040 ὀνομασθέντα·
3188 4969 3374 5038 ὥσπερ
3417 4967 3473 5036 δὴ
3515 4956 3610 5013 καθ’

2073 5063 2261 5132 ἑτέραν
2301 5062 2534 5134 Ἰσραὴλ,
2584 5063 2676 5116 καὶ
2722 5063 2840 5115 κατ’
2870 5061 3034 5133 ἄλλην
3071 5060 3300 5122 Ἰακὼϐ,
3341 5059 3427 5111 καὶ
3458 5047 3606 5106 Δαυῖδ»

2071 5155 2162 5206 καὶ
2195 5154 2379 5208 ἄλλοτε
2411 5154 2582 5217 ἄλλως
2601 5169 2615 5182 ⁸
2642 5154 2829 5206 τοῦτον
2854 5154 2911 5207 δὲ
2938 5155 3029 5208 καὶ
3072 5154 3120 5206 οἱ
3165 5152 3300 5223 ἱεροὶ
3343 5143 3602 5203 ἀπόστολοι.

2068 5247 2162 5297 καὶ
2190 5245 2386 5307 πάντες
2423 5246 2534 5298 ὅσοι
2579 5245 2670 5298 τοῦ
2710 5246 3014 5316 πνεύματος
3047 5245 3146 5314 τῆς
3186 5241 3446 5300 υἱοθεσξας
3477 5231 3602 5302 ligni"

2068 5336 2257 5406 θησαν,
2287 5337 2485 5407 ᾔνεσάν
2518 5354 2576 5390 τε
2616 5339 2708 5392 καὶ
2735 5338 3138 5410 προσεκύνησαν
3159 5353 3172 5365 °
3221 5355 3237 5385 ‹
3273 5335 3333 5386 Αἱ
3373 5329 3532 5400 χεῖρές
3559 5337 3602 5374 τε

2067 5427 2251 5491 αὑτοῦ,
2284 5448 2300 5479 ι
2327 5427 2392 5491 ἂς
2424 5429 2762 5498 συμϐολικῶς
2794 5429 3073 5500 ἡγούμεθα
3097 5423 3236 5480 εἶναι
3265 5418 3594 5518 τὰς-πράξείςο

2071 5537 2088 5567 ι
2128 5518 2269 5572 κατὰ
2304 5519 2472 5574 νώτου
2517 5519 2622 5572 τῶν
2657 5519 2866 5592 ἐχθρῶν
2911 5520 3092 5584 αὐτοῦ,
3135 5541 3152 5570 ι
3186 5517 3326 5571 τοῦτ’
3359 5515 3490 5568 ἔστιν
3513 5515 3600 5560 τῶν

2065 5609 2267 5680 νοητῶν
2300 5611 2569 5682 πολεμίων
2615 5613 2918 5681 φευγόντων
2963 5613 3114 5665 αὐτὸν
3145 5611 3447 5678 γεγόνασιν·
3473 5596 3600 5658 οὗτος

2693 5769 2735 5799 ⁷³
2792 5767 2947 5822 Rom.
2991 5783 3115 5830 \lll,
3149 5765 3202 5820 5.
