3952 6198
312 203 452 260 ίθιό

1329 199 1624 256 ECLOGE
1668 200 2148 257 PROPHETICE.
2185 234 2250 242 --
2296 200 2424 257 LIB.
2470 202 2511 255 l.

3426 195 3564 250 1086

310 318 367 373 δὲ
403 319 497 373 καὶ
525 317 598 380 ὼς
633 338 649 368 ι
691 320 925 389 σκύμνος
963 319 1172 383 λέοντος
1205 338 1223 370 ι
1255 318 1489 389 εἴρηται,
1518 318 1625 370 εἴτε
1667 318 1755 371 διὰ
1792 319 1867 388 τὴε

1993 317 2317 383 ascendisti,
2361 338 2378 369 ι
2432 317 2501 371 ab
2546 313 2754 370 Jacobo
2796 312 3011 368 dicitur.
3083 308 3566 365 Verumenimvero

311 410 467 471 κατὰ,
483 409 659 481 σάρκα
684 410 894 479 γένεσιν
925 411 988 475 ἐκ
1016 410 1298 481 βασιλικῆς
1325 410 1513 480 φυλῆς,
1559 410 1652 463 καὶ
1676 410 1773 479 τῆς
1796 408 1892 462 τοῦ

309 502 468 555 Δαυῖδ
514 502 689 572 ῥίζης,
728 521 746 553 ι
783 503 873 555 καὶ¹
916 505 972 554 ἐν
1035 500 1337 573 ὁμοιώματι
1382 501 1580 572 σαρκὸς
1621 501 1891 571 ἁμαρτίας

308 592 711 665 γεγενημένηνο
747 612 763 644 ι
802 594 909 645 εἴτε
945 592 1033 646 διὰ
1066 593 1165 664 τὴν
1204 592 1451 661 θεότητα,
1480 586 1546 663 ἦς
1582 592 1770 644 ἑαυτὸν
1800 609 1891 644 κε-

309 682 934 756 νώσαςὲνηνθρώπισεν,
960 684 1025 736 δι’
1069 683 1133 754 ἢν
1167 681 1435 753 εὐκαίρως
1473 683 1565 735 καὶ
1604 682 1684 745 τὸ,
1731 700 1748 733 ι
1796 681 1891 735 Ἐκ

311 775 557 843 βλαστοῦ,
604 775 686 826 υἱέ
736 793 857 846 μου,
898 773 1116 845 ἁνέϐης,
1155 794 1173 825 ι
1202 774 1306 826 ὑπὸ
1328 773 1420 826 τοῦ
1462 771 1652 826 Ἰακὼό
1690 774 1892 827 ἀναπε-

310 863 568 934 φώνηται.
592 865 718 918 Ὅτε
761 866 859 935 μὲν
900 862 991 919 οῦν
1017 867 1115 937 τὴν
1156 868 1220 919 ὲκ
1247 864 1474 935 βλαστοῦ
1512 867 1605 918 καὶ
1631 867 1694 919 ὲκ
1735 865 1888 937 ῥίζης

308 955 467 1009 αὐτοῦ
499 956 708 1025 γένεσιν
738 957 923 1027 ἐδήλου
967 957 1062 1010 τοῦ
1101 955 1371 1029 Σωτῆρος,
1407 977 1426 1008 ‹
1468 957 1704 1028 σκύμνον
1738 957 1886 1011 λέον-

304 1064 391 1109 τος
439 1065 459 1098 ι
497 1045 658 1099 αὐτὸν
711 1046 990 1117 ὠνόμασεν
1010 1035 1039 1111 ,’
1067 1046 1235 1100 εἰπὼν
1260 1086 1276 1111 ,
1309 1065 1327 1098 ι
1376 1046 1619 1118 Σκύμνος
1677 1047 1886 1110 λέοντος

320 1136 510 1190 Ἰούδα⁶
554 1138 619 1189 ὲκ
673 1136 923 1208 βλαστοῦ,
962 1138 1045 1189 υἱέ
1097 1155 1218 1209 μου,
1246 1136 1473 1207 ὰνέόης·
1511 1157 1529 1189 ›
1559 1140 1645 1192 ὅτε
1685 1138 1740 1190 δὲ
1788 1137 1887 1209 τὴν

305 1226 597 1299 άνάϐλησιν
642 1228 735 1281 καὶ
776 1229 889 1299 τὴν¹
923 1229 1065 1282 κατὰ
1115 1229 1175 1282 τὸ
1214 1228 1384 1293 πάθος
1430 1230 1591 1282 αὐτοῦ
1632 1229 1885 1302 κοίμησιν

307 1318 651 1391 προφητεύει,
680 1320 963 1392 ἀμφότερα
992 1320 1154 1374 αὐτόν
1175 1337 1307 1392 φησι
1341 1321 1433 1374 καὶ
1457 1320 1532 1385 ὡς
1556 1320 1746 1375 λέοντα
1787 1323 1883 1376 καὶ

302 1410 372 1474 ὡς
404 1409 638 1481 σ”κύμνον
679 1412 739 1464 ὲν
774 1411 870 1482 τῷ,
904 1432 921 1463 ι
968 1411 1275 1465 Ἀναπεσὼν
1320 1413 1582 1485 ἐκοιμήθη
1623 1414 1698 1477 ὡς
1733 1413 1870 1468 λέων

304 1502 395 1555 καὶ
417 1502 491 1565 ὼς
518 1502 754 1573 σκύμνος
774 1520 788 1534 ·
823 1523 842 1555 ι
871 1503 990 1557 τότε
1025 1503 1129 1575 γὰρ
1158 1504 1217 1557 ού
1247 1503 1405 1573 μόνον
1447 1504 1522 1567 ὡς
1567 1506 1632 1557 ὲκ
1670 1503 1875 1574 βασιλι-

302 1592 395 1646 κοῦ
426 1594 706 1663 τυγχάνων
737 1594 942 1661 γένους,
986 1594 1121 1647 ἀλλὰ
1157 1595 1250 1647 καὶ
1294 1594 1369 1658 ῶς
1412 1595 1573 1659 αὐτὸς
1623 1594 1875 1665 βασιλεὺς

1999 424 2122 464 cum
2156 409 2374 479 quidem
2409 424 2438 463 e
2471 423 2681 479 gemma
2712 415 2765 462 et
2794 421 2825 460 e
2868 403 3051 458 radice
3073 400 3194 472 ejus
3228 402 3564 456 nativitatem

1997 497 2311 553 ostenderet
2344 496 2663 559 Salvatoris.
2708 516 2725 547 ‹
2764 495 3003 549 catulum
3051 492 3225 547 leonis
3262 511 3279 544 ι
3313 508 3435 546 eum
3470 510 3566 559 nu-

1998 590 2243 655 minavit,
2276 590 2463 644 dicens
2492 609 2503 644 :
2551 608 2569 640 ι
2604 588 2831 643 Catulus
2860 587 3033 642 leonis
3059 583 3197 639 Juda
3231 604 3243 639 :
3276 600 3306 638 e
3333 601 3565 656 gemma,

1997 682 2072 734 ﬁli
2117 681 2211 745 mi,
2262 680 2587 745 ascendisti;
2624 700 2641 732 ι
2674 693 2799 733 cum
2844 692 2973 731 vero
3003 683 3055 730 et
3096 675 3481 730 exaltationem
3516 684 3569 727 et

1995 772 2269 840 passionis
2302 787 2414 826 sua:
2442 771 2827 825 dormitionem
2851 767 3189 837 prophetizat
3212 808 3224 831 ,
3256 765 3417 819 simul
3443 780 3567 818 eum

1995 862 2125 915 dicit
2150 870 2204 917 et
2235 860 2391 932 quasi
2428 862 2636 915 leonem
2667 866 2720 912 et
2759 856 2917 928 quasi
2966 856 3203 909 catulum
3242 873 3298 908 ι(
3335 853 3569 923 Requie-

1995 968 2157 1007 scens
2188 950 2491 1007 accubuisti
2518 957 2575 1004 ut
2596 949 2681 1004 leo
2702 956 2755 1004 et
2786 956 2845 1002 ut
2876 948 3048 1003 leonis
3078 947 3292 1001 catulus
3329 965 3341 1001 :
3384 965 3401 997 ι
3438 953 3567 998 tunc

1992 1044 2174 1109 enim,
2226 1058 2336 1097 non
2371 1049 2579 1096 tantum
2624 1050 2683 1094 ut
2732 1040 2879 1110 regio
2922 1047 3077 1093 ortus
3110 1052 3341 1108 genere,
3378 1036 3472 1091 sed
3510 1042 3566 1089 ut

1993 1136 2110 1206 ipse
2142 1151 2242 1190 rex
2283 1136 2458 1189 elatus
2491 1141 2604 1199 est;
2658 1130 3082 1202 agnoscentibus
3115 1145 3237 1183 eum
3289 1127 3560 1198 gentibus,

1992 1228 2097 1283 etsi
2126 1227 2418 1282 noluerunt
2447 1223 2641 1288 Judaai,
2674 1224 2831 1294 quasi
2863 1223 2977 1292 ipse
3021 1238 3115 1277 rex
3148 1222 3339 1277 fuisset
3373 1220 3555 1274 Israel.

1990 1319 2255 1375 Caeterum
2284 1325 2337 1372 et
2358 1318 2540 1372 dicere
2562 1332 2846 1387 possemus
2869 1317 2940 1379 ei,
2964 1315 3403 1385 quandoquidem
3428 1329 3560 1366 eon~

1990 1415 2074 1461 tra
2118 1413 2414 1477 potestates
2447 1406 2704 1461 adversas
2750 1405 2949 1460 bellum
3001 1404 3249 1468 tulisset,
3304 1411 3358 1457 et
3408 1418 3560 1456 ever-

1990 1504 2105 1552 tere
2132 1506 2350 1569 pararet
2379 1498 2570 1553 mortis
2601 1497 2899 1569 potentiam
2931 1496 3221 1551 habentem
3243 1495 3311 1561 "",
3350 1495 3560 1550 scilicet

1988 1590 2289 1653 diabolum,
2322 1605 2549 1646 necesse
2603 1599 2719 1645 erat
2768 1589 2961 1645 adesse
2988 1604 3020 1644 e
3051 1588 3231 1644 radice
3250 1586 3439 1642 Jacobi
3473 1604 3561 1642 se-

298 1682 371 1735 ὣν
414 1683 662 1753 ἀνύψωτο
681 1701 694 1714 ο
732 1685 1131 1756 ὁμολογούντων
1166 1686 1327 1740 αὐτὸν
1352 1686 1458 1739 τῶν
1484 1686 1670 1753 ἐθνῶν,
1705 1689 1752 1740 εἰ
1783 1689 1867 1741 καὶ

1982 1682 2221 1737 cundum
2271 1698 2494 1737 carnem
2538 1692 2666 1737 nato
2701 1681 2865 1737 Verbi
2910 1679 3189 1736 deitatem.
3245 1679 3412 1734 Leoni
3443 1680 3560 1749 qui-

300 1773 373 1845 μὴ
396 1775 445 1827 οί
469 1776 534 1828 ὲκ
559 1776 856 1848 περιτομῆς
884 1777 1096 1848 ἤθελον,
1123 1778 1196 1842 ὡς
1222 1779 1330 1849 ἄρα
1360 1778 1520 1842 αὐτὸς
1545 1778 1629 1850 εῖη
1662 1782 1689 1833 0
1720 1779 1873 1850 βασι-

295 1863 417 1929 λεὺς
444 1866 537 1919 τοῦ
576 1868 819 1939 Ἰσραήλο
858 1870 950 1923 καὶ
1000 1869 1173 1934 ἄλλως
1222 1870 1279 1922 δὲ
1326 1870 1513 1942 ῥηθείη
1555 1871 1641 1935 ἂν,
1689 1851 1872 1943 ἐπειδὴ

296 1948 430 2027 πῶς
461 1958 838 2029 ἀντικειμένας
881 1960 1138 2031 δυνάμεις
1189 1962 1459 2032 αἰρομένῳ
1504 1961 1735 2032 πόλεμον
1775 1965 1869 2016 καὶ

293 2048 581 2104 καταλύειν
613 2051 857 2120 μέλλοντι
896 2053 987 2105 τὸν
1021 2052 1081 2106 τὸ
1119 2053 1537 2124 κράτος-έχοντα
1584 2053 1676 2106 τοῦ
1720 2053 1875 2107 θανά·

287 2158 415 2202 του,
433 2142 675 2197 τουτέστι
710 2144 797 2197 τὸν
820 2144 1083 2210 διάϐολον,
1126 2146 1233 2199 ἔδει
1268 2148 1523 2217 παρεῖναι
1550 2144 1628 2214 τῷ
1656 2146 1719 2197 ἐκ
1745 2144 1872 2214 βλα-

291 2230 419 2283 στοῦ
458 2232 650 2286 Ἰακὼό
698 2235 838 2288 κατὰ
880 2238 1057 2307 σάρκα
1102 2236 1450 2307 γεγενημένῳ
1496 2237 1594 2307 τὴν
1644 2236 1875 2304 θεότητα

284 2321 381 2374 τοῦ
409 2323 581 2391 Λόγου
602 2343 616 2355 ο
657 2326 880 2390 εἰκότως
907 2327 1076 2382 λέοντι
1111 2330 1208 2399 μὲν
1235 2330 1267 2399 ὴ
1311 2328 1501 2399 θεότης
1527 2326 1871 2398 παραϐέϐλη-

285 2430 373 2466 ται
409 2412 498 2467 διὰ
534 2415 593 2475 τὸ
636 2418 989 2487 κεχειρῶσθαι
1030 2420 1122 2472 καὶ
1166 2419 1505 2490 νενικηκέναι
1554 2418 1732 2480 πάσας
1773 2418 1872 2482 τὰς

286 2505 487 2573 ἀγρίας
516 2505 609 2558 καὶ⁵
635 2507 923 2573 ἀτιθάσους
966 2510 1220 2579 δυνάμεις
1239 2527 1253 2540 ο
1298 2509 1520 2579 σκύμνῳ
1544 2509 1599 2561 δὲ
1641 2508 1870 2575 λέοντος,

283 2594 311 2645 ὃ
343 2596 616 2667 ἀνειλήφει
649 2600 867 2670 σαρκίον
892 2603 957 2653 ἐκ
982 2601 1080 2671 τῆς
1103 2601 1195 2653 τοῦ
1233 2600 1402 2653 ’ἰούδα
1432 2600 1714 2670 βασιλικῆς
1738 2616 1870 2667 τυγ-

282 2684 463 2753 χάνων
490 2688 691 2760 φυλῆς·
729 2691 863 2745 ἀλλὰ
889 2693 982 2745 καὶ
1013 2692 1170 2764 εἴπερ
1213 2694 1241 2746 0
1285 2692 1553 2755 ἀντίδικος
1578 2691 1734 2762 ἡμῶν
1758 2690 1873 2743 διά-

282 2776 439 2842 ϐολος
478 2778 553 2843 ὡς
584 2780 720 2835 λέων
749 2784 893 2835 ἐστὶν
923 2782 991 2851 (f.
1026 2784 1112 2853 15)
1146 2785 1475 2856 ὠρυόμενος,
1503 2784 1605 2854 ὅρα
1642 2782 1717 2853 μὴ
1745 2781 1863 2835 τού-

281 2885 378 2922 του
410 2870 646 2942 σκύμνος
682 2877 786 2939 πᾶς
833 2876 897 2929 ἂν
923 2875 1135 2946 λεχθείη
1168 2875 1508 2947 ἁμαρτωλὸς,
1558 2875 1679 2927 ἐπεὶ
1711 2893 1728 2924 ι
1762 2875 1869 2937 πᾶς

276 2960 310 3015 6
348 2962 514 3015 ποιῶν
540 2963 637 3034 τὴν
663 2966 937 3038 ἁμαρτίαν
972 2970 1035 3020 ὲκ
1065 2967 1158 3019 τοῦ
1193 2968 1435 3020 διαϐόλου
1468 2966 1808 3037 γεγέννηται.
1844 2985 1863 3016 ι

1985 1773 2109 1827 dem
2138 1772 2333 1828 merito
2363 1772 2541 1827 deitas
2570 1772 2939 1836 assimilatur,
2984 1781 3042 1826 ut
3069 1773 3160 1843 qui
3193 1772 3338 1827 feras
3368 1787 3557 1825 omnes

1978 1862 2381 1934 indomitasque
2433 1872 2731 1934 potestates
2779 1864 3056 1933 superavit
3105 1872 3267 1934 atque
3314 1863 3552 1928 devicit;

1978 1953 2154 2009 leonis
2187 1961 2369 2009 autem
2396 1954 2576 2008 catulo
2596 1994 2609 2019 ,
2641 1961 2700 2008 ut
2730 1956 2820 2024 qui
2862 1969 3082 2010 carnem
3115 1956 3324 2024 accepit
3351 1971 3381 2010 e
3405 1956 3554 2023 regia

1975 2047 2129 2102 Judze
2156 2047 2307 2101 tribu
2342 2054 2522 2101 natus.
2585 2046 2655 2100 At
2681 2047 2725 2101 si
2753 2046 2969 2117 quidem
3004 2045 3349 2101 adversarius
3371 2056 3556 2100 noster

1977 2135 2228 2191 diabolus
2255 2143 2339 2191 est
2368 2137 2527 2207 quasi
2559 2136 2644 2191 leo
2668 2136 2948 2207 rugiens"
2966 2179 2981 2203 ,
3019 2137 3386 2193 animadverte
3408 2139 3550 2208 quod

1975 2228 2095 2297 ejus
2147 2228 2363 2284 catulus
2416 2228 2599 2283 onmis
2657 2228 2871 2283 dicatur
2942 2237 3235 2312 peccatore
3293 2232 3551 2300 quo‘niam

1983 2339 2001 2370 ‹
2034 2320 2212 2374 omnis
2261 2321 2354 2390 qui
2406 2320 2539 2374 facit
2585 2327 2868 2391 peceatum
2917 2335 2980 2374 ex
3026 2320 3243 2375 diabolo
3296 2328 3379 2376 est
3422 2322 3489 2373 ⁷⁸.
3530 2340 3546 2371 ι

1974 2408 2113 2464 Cum
2160 2409 2327 2480 igitur
2368 2419 2423 2465 et
2464 2409 2715 2465 Salvator
2778 2428 2794 2461 ι
2827 2410 2883 2463 in
2927 2409 3337 2465 similitudinem
3367 2409 3551 2465 carnis

1975 2502 2183 2573 peccati
2212 2503 2361 2556 venit
2389 2511 2442 2557 et
2468 2501 2645 2557 factus
2675 2510 2760 2558 est
2793 2518 2890 2573 pro
2919 2503 3077 2557 nobis
3106 2502 3379 2573 piaculum
3410 2504 3492 2569 1";
3525 2523 3546 2555 ι

1974 2598 2029 2645 et
2066 2609 2084 2642 ‹
2121 2606 2245 2646 eum
2294 2593 2387 2663 qui
2437 2608 2547 2647 non
2594 2602 2819 2649 noverat
2872 2602 3182 2664 peccatum,
3239 2609 3338 2665 pro
3390 2595 3551 2652 nobis

1973 2692 2256 2751 peccatum
2304 2682 2519 2749 fecit",
2557 2704 2575 2736 ι
2637 2686 2849 2741 attende
2912 2686 3059 2756 quod
3115 2702 3237 2742 eam
3280 2687 3348 2742 ob
3412 2703 3549 2742 cau-

1972 2788 2089 2828 sam
2150 2775 2450 2830 secundum
2500 2776 2770 2847 quoddam
2847 2778 3243 2847 signiﬁcantius
3314 2781 3543 2835 verbum

1972 2880 2080 2919 non
2116 2867 2326 2921 leonem
2368 2883 2545 2939 neque
2578 2870 2845 2934 catulum,
2901 2870 2995 2924 sed
3040 2870 3196 2939 quasi
3237 2870 3446 2925 leonem
3493 2883 3547 2926 et

1972 2960 2213 3012 catulum
2267 2974 2391 3013 eum
2442 2959 2644 3014 factum
2699 2975 2821 3015 esse
2871 2962 2925 3013 in
2977 2962 3249 3032 passionis
3302 2969 3547 3032 tempore

290 3050 446 3105 Ἐπεὶ
473 3052 565 3108 οὖν
593 3022 736 3110 auiti
761 3022 951 3131 έωτὴρ
983 3078 999 3109 ι
1033 3061 1087 3113 ἐν
1118 3058 1423 3130 ὁμοιώματι
1467 3022 1666 3127 ὲαρκὸς
1683 3022 1867 3129 ’ἀμαρ-

1975 3050 2257 3120 prophetia
2308 3051 2579 3118 declarat;
2632 3067 2755 3106 cum
2801 3059 2855 3106 et
2900 3052 3014 3122 ipse
3045 3054 3353 3123 passionem
3389 3069 3546 3109 suam

273 3140 403 3206 τίας
449 3144 691 3217 ἐλήλυθε,
725 3167 742 3199 ›
777 3149 885 3201 καί·
919 3168 935 3199 ι
971 3149 1192 3218 Γέγονεν
1232 3150 1372 3221 ὑπὲρ
1395 3149 1548 3219 ἡμῶν
1581 3148 1818 3220 κατάρα·
1844 3167 1862 3199 ι

272 3232 395 3286 καί·
425 3254 443 3287 ι
470 3238 559 3309 Μὴ
583 3240 776 3307 γνόντα
798 3241 957 3293 αὑτὸν
983 3242 1251 3313 ἁμαρτίαν
1269 3242 1404 3314 ὑπὲρ
1426 3240 1581 3311 ἡμῶν
1596 3239 1869 3310 ἁμαρτίαν

270 3326 566 3397 ἐποίησεν·
611 3351 628 3381 ι
655 3331 755 3401 ὅρα
801 3332 873 3403 μὴ
900 3332 1103 3386 τούτων
1137 3334 1321 3386 ἕνεκεν
1372 3332 1513 3385 κατά
1547 3348 1669 3384 τινα
1701 3329 1865 3401 βαθύ-

269 3432 437 3489 τερον
482 3419 638 3489 λόγον
688 3422 808 3475 οὔτε
872 3423 1058 3477 λέοντα
1110 3423 1232 3477 οὗτε
1295 3422 1571 3495 σκύμνον,
1624 3421 1737 3475 ἀλλ’
1787 3421 1862 3483 ὡς

269 3506 470 3563 λέοντα
516 3512 608 3565 καὶ
656 3514 895 3585 σκύμνον
934 3517 1209 3584 γεγονέναι
1252 3516 1408 3570 αὐτὸν
1457 3513 1606 3586 παρὰ
1639 3514 1729 3567 τὸν
1770 3514 1863 3566 τοῦ

266 3598 484 3665 πάθους
514 3605 701 3675 καιρὸν
730 3609 762 3678 ἡ
793 3608 1095 3679 προφητεία
1122 3607 1398 3672 θεσπίζει·
1432 3607 1553 3660 ἐπεὶ
1580 3607 1670 3659 καὶ
1704 3605 1862 3667 αὐτὸς

262 3692 339 3745 τὸ
381 3694 571 3748 ἑαυτοῦ
609 3697 777 3761 πάθος
814 3699 891 3770 τῷ
934 3699 1028 3752 τοῦ
1075 3699 1247 3769 ὄφεως
1294 3698 1627 3771 παραϐάλλει
1661 3696 1855 3766 λέγων’

1972 3142 2242 3213 serpentis
2268 3141 2537 3198 assimilat
2566 3144 2808 3213 passioni
2838 3144 3027 3200 dicens
3054 3164 3066 3198 :
3101 3163 3120 3196 ι
3145 3144 3209 3199 Et
3236 3146 3377 3200 sicut
3395 3144 3543 3217 Moy-

1972 3250 2061 3290 ses
2100 3234 2361 3289 exaltavit
2420 3242 2726 3305 serpentem
2782 3235 2839 3288 in
2889 3236 3127 3301 deserto,
3184 3237 3261 3292 ita
3313 3237 3543 3292 exaltari

1973 3333 2193 3397 oportet
2236 3324 2431 3380 Filium
2492 3326 2726 3381 hominis
2760 3327 2827 3382 ⁷⁹.
2866 3348 2885 3380 ι
2943 3328 3072 3383 Dein
3108 3330 3271 3385 tacite
3295 3344 3545 3385 resurre-

1974 3415 2172 3470 ctionis
2203 3414 2322 3485 ejus
2351 3417 2671 3488 mysterium
2716 3419 2912 3489 innuit,
2964 3421 3047 3478 his
3080 3422 3262 3479 verbis
3295 3442 3308 3477 :
3350 3441 3370 3474 ι
3408 3422 3542 3489 Quis

1972 3509 2258 3565 suscitabit
2278 3510 2436 3564 eum?
2472 3530 2491 3562 ι
2526 3510 2783 3582 Apertum
2817 3522 2900 3569 est
2932 3515 3088 3570 nobis
3130 3530 3159 3569 e
3185 3518 3539 3572 conclusione

1970 3604 2094 3674 quis
2129 3604 2359 3659 suscitet
2391 3603 2576 3661 JeSUm
2610 3604 2899 3661 Dominum
2931 3617 3179 3662 nostrum
3210 3624 3240 3662 a
3268 3610 3496 3665 mortuis
3522 3650 3535 3674 .

1967 3695 2111 3750 Deus
2142 3697 2347 3751 scilicet
2382 3704 2433 3751 et
2469 3697 2629 3753 Pater
2660 3698 2795 3767 ejus.

270 3803 293 3843 ι
335 3785 541 3857 Ὠσπερ
565 3789 800 3862 Μωύσῆς
849 3791 1027 3858 ὒψωσε
1058 3790 1147 3846 τὸν
1181 3790 1301 3860 ὅφιν
1327 3791 1384 3842 ὲν
1433 3793 1497 3862 τῇ
1528 3791 1737 3863 ἐρήμῳ,
1763 3788 1931 3853 οὕτως
1970 3788 2247 3859 ὑψωθῆναι
2275 3790 2353 3843 δεῖ
2384 3790 2472 3844 τὸν
2496 3791 2623 3845 Υἱὺν
2648 3793 2740 3845 τοῦ
2772 3792 3075 3866 ἀνθρώπου.
3115 3814 3133 3847 ι
3173 3796 3295 3850 Ἐπὶ
3328 3797 3537 3851 τούτοις
3562 3814 3565 3815 ⁷

266 3884 699 3953 σεσιωπημένως
738 3886 797 3937 τὸ
828 3885 966 3939 κατά
1026 3886 1123 3959 τὴν
1163 3888 1453 3941 ἀνάστασιν
1493 3886 1655 3940 αὑτοῦ
1703 3886 1996 3957 μυστήριον
2031 3885 2396 3940 ύπαινίττεται
2429 3884 2517 3940 διὰ
2551 3884 2665 3952 τοῦ,
2699 3904 2717 3938 ι
2749 3886 2844 3949 Τίς
2876 3886 3055 3959 ἐγερεῖ
3079 3888 3271 3955 αύτόν;
3307 3908 3324 3940 ι
3360 3890 3533 3958 Σαφὲς

262 3974 315 4025 δ’
342 3978 469 4046 ἡμῖν
497 3979 560 4031 ἐκ
585 3978 677 4031 τοῦ
740 3982 1201 4054 συμπεράσματος
1250 3984 1437 4061 γέγονε
1500 3982 1583 4047 τίς
1640 3983 1855 4054 ἤγειρεν
1906 3980 2110 4054 Ἰησοῦν
2157 3981 2248 4035 τὸν
2291 3982 2492 4054 Κύριον
2523 3982 2675 4054 ἡμῶν
2706 3986 2769 4036 ὲκ
2804 3983 3039 4061 νεκρῶν·
3068 3983 3221 4057 δῆλον
3253 3985 3357 4056 γὰρ
3396 3987 3476 4038 ὅτι
3500 3984 3551 4035 0:

259 4070 405 4134 Θεὸς
427 4071 519 4125 καὶ
552 4072 737 4144 Πατὴρ
763 4075 950 4129 αὑτοῦ.

358 4163 512 4235 Ἑξῆς
562 4165 617 4220 δὲ
667 4166 881 4235 λέγεται
946 4169 1015 4222 τὰ
1064 4170 1170 4223 ἀπὸ
1220 4172 1354 4225 τοῦ·
1396 4192 1415 4225 ι
1454 4172 1567 4226 Οὐκ
1615 4172 1850 4242 ἐκλείψει

259 4257 455 4327 ἄρχων
502 4258 562 4323 ἐξ
616 4258 805 4328 Ἰούδα,
856 4262 978 4315 οὐδὲ
1030 4262 1327 4333 ἡγούμενος
1378 4265 1441 4318 ἐκ
1494 4265 1601 4318 τῶν
1657 4267 1845 4337 μηρῶν

259 4347 470 4401 αὐτοῦ’
519 4368 538 4400 ι
588 4350 732 4423 άπερ
783 4354 833 4405 εἰ
884 4353 981 4424 μὲν
1028 4353 1087 4420 ἐξ
1142 4355 1333 4427 ἑτέρας
1383 4356 1846 4429 ἁναγινώσκοιμεν

258 4439 477 4508 ἀρχῆς,
518 4439 727 4510 λέγοιτο
778 4442 845 4495 ἂν
886 4443 962 4506 ὡς
1013 4445 1439 4516 περἰοάπάντων
1482 4447 1589 4501 τῶν
1636 4450 1700 4502 ἐκ
1751 4448 1843 4504 τοῦ

275 4533 550 4587 Ἰουδαίων
581 4537 769 4605 γένους
812 4538 1280 4611 καθηγησαμένων
1308 4541 1401 4595 τοῦ
1432 4541 1585 4605 λαοῦ,
1634 4544 1725 4598 καὶ
1757 4543 1839 4615 εἴη

2033 4164 2233 4221 Deinde
2283 4164 2485 4220 dicitur
2535 4184 2548 4219 :
2606 4185 2623 4217 ι
2654 4164 2771 4221 Non
2821 4166 3101 4223 auferetur
3147 4179 3422 4241 sceptrum
3464 4175 3545 4230 de.

1952 4258 2111 4320 Juda,
2148 4263 2201 4311 et
2234 4256 2343 4310 dux
2375 4256 2442 4311 de
2476 4255 2679 4311 femore
2712 4257 2853 4327 ejus.
2886 4278 2905 4311 ι
2948 4260 3077 4326 Quae
3128 4262 3345 4331 quidem
3386 4266 3433 4320 si
3462 4266 3530 4321 de

1954 4351 2061 4403 alio
2112 4350 2531 4419 interpretemur
2587 4358 2843 4419 sceptro,
2894 4350 3206 4408 dicerentur
3251 4357 3408 4426 quasi
3460 4358 3529 4413 de

1931 4443 2207 4522 nomnibns
2240 4443 2332 4513 qui
2375 4458 2438 4497 ex
2481 4442 2788 4497 Iudaeorum
2819 4460 3013 4515 genere
3040 4447 3297 4516 populum
3324 4451 3525 4519 guber-

1950 4542 2170 4601 narunt,
2204 4535 2438 4605 talisque
2494 4543 2640 4590 esset
2689 4537 2987 4592 secundum
3031 4538 3172 4593 hanc
3204 4539 3525 4610 interpreta-

255 4624 333 4679 ἂν
363 4626 482 4679 κατ’
503 4628 671 4698 αὐτὴν
701 4629 798 4701 τὴν
825 4630 1062 4683 διάνοιαν
1084 4634 1112 4685 0
1140 4632 1247 4685 τῶν
1268 4634 1642 4704 προκειμένων
1665 4634 1842 4706 ῥητῶν

1974 4625 2147 4680 ionem
2172 4626 2403 4695 hujusce
2432 4626 2533 4680 loci
2567 4642 2761 4682 sensus
2792 4645 2804 4680 :
2840 4628 2956 4682 Non
2989 4630 3141 4699 prius
3170 4633 3466 4687 cessabunt
3494 4649 3524 4687 ο

260 4708 398 4780 νοῦς
426 4718 631 4771 τοιόσδε
660 4736 740 4784 τις
762 4737 775 4749 ·
806 4721 865 4773 ού
902 4721 1163 4794 πρότερον
1196 4724 1493 4778 παύσονται
1538 4728 1585 4779 οἱ
1614 4724 1672 4790 ἐξ
1713 4727 1844 4779 Ἰου-

256 4809 434 4862 δαίων
454 4810 711 4882 ἄρχοντες
745 4815 836 4865 καὶ
863 4812 1154 4884 ἡγούμενοι
1178 4816 1268 4868 ἐπὶ
1294 4817 1384 4871 τὸν
1427 4817 1690 4872 Ἰουδαίων
1717 4818 1845 4873 λαὸν

256 4900 674 4973 καθιστάμενοι,
696 4904 798 4967 ἕως
817 4904 880 4957 ἂν
901 4905 1025 4976 ἔλθῃ
1051 4908 1079 4959 0
1098 4906 1195 4977 τῆς
1216 4908 1322 4961 τῶν
1339 4907 1506 4963 ἐθνῶν
1523 4910 1845 4981 προσδοκίας
1886 4956 1896 4966 .

252 4992 460 5056 αἴτιος,
478 4992 621 5046 τοῦτ’
647 4994 789 5047 ἐστιν
812 4996 839 5047 0
855 4996 1105 5066 Χριστὸς,
1125 4993 1185 5050 οὗ
1208 4998 1647 5070 παραγενομένου
1672 4999 1843 5052 ἐκλεί-

250 5078 388 5146 Ιιᾷειν
440 5080 651 5152 ἀνάγκη
683 5083 809 5145 τοὺς
855 5084 1303 5154 προειρημένους.
1347 5087 1561 5141 Τούτων
1602 5088 1645 5140 δ’
1672 5089 1842 5153 οὓτως

249 5171 517 5242 ἐχόντων,
541 5173 962 5245 ἐπισκεψώμεθα
994 5177 1118 5241 τοὺς
1152 5179 1269 5232 καθ’
1294 5182 1439 5251 ἡμᾶς
1461 5182 1701 5253 χρόνους,
1726 5183 1839 5251 εἴγε

246 5263 353 5316 νῦν
389 5264 625 5334 βασιλεῖς
653 5268 745 5319 καὶ
777 5267 1107 5338 ἡγουμένους
1129 5270 1273 5323 ἐστιν
1306 5272 1505 5343 εὑρεῖν.
1542 5273 1697 5327 Ἀλλά
1728 5275 1837 5348 γὰρ

247 5357 398 5408 πᾶσι
427 5356 684 5426 πρόδηλον
710 5358 785 5420 ὡς
814 5359 950 5429 μετά
972 5358 1079 5412 τῶν
1112 5359 1311 5415 λοιπῶν
1341 5364 1433 5416 καὶ
1461 5365 1523 5418 τὸ
1562 5364 1830 5419 Ἰουδαίων

1950 4714 2152 4771 Ιιιάιεὶε
2180 4718 2366 4781 duces,
2420 4718 2801 4789 principesque
2828 4735 2990 4789 super
3008 4719 3317 4776 Iudaeorum
3346 4738 3521 4793 popu—

1951 4813 2063 4867 lum
2091 4813 2371 4869 constituti
2394 4853 2409 4879 ,
2440 4830 2603 4884 quam
2631 4817 2811 4872 veniat
2831 4817 3068 4887 gentium
3098 4820 3521 4889 exspectationis

1949 4923 2135 4971 causa,
2171 4908 2224 4961 id
2260 4916 2341 4963 est
2364 4948 2378 4972 ,
2410 4907 2694 4971 Christus.
2735 4910 2891 4979 cujus
2921 4919 3043 4979 post
3084 4910 3374 4964 adventum
3425 4929 3520 4966 ue-

1949 5014 2102 5053 cesse
2130 5009 2214 5053 est
2248 5000 2633 5055 auctoritatem
2664 5001 2994 5070 relinquant.
3048 5001 3177 5067 Quae
3204 5019 3326 5056 cum
3353 5004 3424 5056 ita
3457 5020 3519 5058 se

1951 5089 2215 5153 habeant,
2248 5099 2493 5161 tempora
2534 5101 2723 5148 nostra
2753 5100 2956 5149 attente
2987 5096 3414 5165 perspiciamus,
3445 5114 3525 5151 an.

1948 5180 2115 5235 duces
2137 5197 2400 5255 regesque
2426 5200 2570 5239 nunc
2610 5184 2846 5255 reperire
2885 5186 2975 5241 sit.
3032 5185 3231 5241 Verum
3259 5189 3513 5246 omnibus

1944 5279 2179 5340 constat,
2226 5274 2365 5328 sicut
2410 5284 2636 5331 caeteras
2686 5284 2896 5347 gentes,
2944 5276 3252 5334 Judaaorum
3297 5297 3513 5351 quoque

1944 5366 2199 5436 populum
2239 5366 2496 5423 Romana:
2534 5368 2727 5423 ditioni
2775 5385 2897 5425 esse
2945 5373 3286 5443 subjectum,
3334 5392 3510 5443 neque

246 5441 413 5505 ἔθνος
466 5446 576 5507 τοῖς
622 5446 999 5518 κατεπαρχιῶν
1032 5446 1179 5519 (κατ’
1208 5452 1500 5525 ἐπαρχίας)
1548 5448 1855 5527 Ῥωμαίων⁴

1975 5474 2258 5528 uemquam
2273 5476 2456 5515 eorum
2468 5477 2691 5516 summae
2703 5464 3177 5524 auctoritatisesse
3187 5475 3513 5536 compotem.

344 5617 387 5644 ἰ
427 5603 588 5660 llehr.
628 5624 688 5663 ιι.
738 5611 819 5666 Η.
896 5615 943 5645 ⁷⁸
980 5612 1000 5667 l
1034 5612 1177 5670 Petr.
1218 5633 1264 5673 ν.
1301 5620 1349 5673 8.
1426 5620 1470 5649 ⁷⁶
1510 5622 1528 5673 l
1564 5618 1717 5675 Joau.
1755 5622 1867 5682 111,1

1990 5623 2205 5678 “Rom.
2228 5637 2343 5690 vui,
2516 5625 2557 5656 ⁷⁸
2588 5624 2627 5678 ll
2661 5625 2784 5680 Cor.
2815 5642 2862 5691 v,
2893 5626 2988 5689 ΞΗ,
3075 5630 3121 5659 7“
3144 5623 3297 5678 loan.
3319 5641 3407 5691 tu,
3437 5629 3528 5686 tt.
