  <div class='ocr_page' id='page_1' title='image "/cluster/home/n/w/nwhite01/storage/ocr_20150623/22/hvd.32044073501132/534.png"; bbox 0 0 3952 6198; ppageno 0'>
   <div class='ocr_carea' id='block_1_1' title="bbox 249 217 379 272">
    <p class='ocr_par' dir='ltr' id='par_1_1' title="bbox 249 217 379 272">
     <span class='ocr_line' id='line_1_1' title="bbox 249 217 379 272; baseline -0.008 0"><span class='ocrx_word' id='word_1_1' title='bbox 249 217 379 272; x_wconf 71' lang='grc'><strong>1049</strong></span> 
     </span>
    </p>
   </div>
   <div class='ocr_carea' id='block_1_2' title="bbox 1257 218 2421 285">
    <p class='ocr_par' dir='ltr' id='par_1_2' title="bbox 1257 218 2421 285">
     <span class='ocr_line' id='line_1_2' title="bbox 1257 218 2421 285; baseline 0.006 -10"><span class='ocrx_word' id='word_1_2' title='bbox 1257 220 1549 278; x_wconf 67' lang='grc' dir='ltr'><strong>ΕϐιΟϐᾹῦ</strong></span> <span class='ocrx_word' id='word_1_3' title='bbox 1592 218 2072 285; x_wconf 65' lang='lat' dir='ltr'><strong>PROPHETICIE.</strong></span> <span class='ocrx_word' id='word_1_4' title='bbox 2107 260 2174 269; x_wconf 93' lang='lat'><strong>—-</strong></span> <span class='ocrx_word' id='word_1_5' title='bbox 2212 228 2339 283; x_wconf 81' lang='lat' dir='ltr'><strong>LIB.</strong></span> <span class='ocrx_word' id='word_1_6' title='bbox 2384 228 2421 282; x_wconf 87' lang='lat' dir='ltr'><strong>l.</strong></span> 
     </span>
    </p>
   </div>
   <div class='ocr_carea' id='block_1_3' title="bbox 3330 244 3468 300">
    <p class='ocr_par' dir='ltr' id='par_1_3' title="bbox 3330 244 3468 300">
     <span class='ocr_line' id='line_1_3' title="bbox 3330 244 3468 300; baseline 0.051 -6"><span class='ocrx_word' id='word_1_7' title='bbox 3330 244 3468 300; x_wconf 73' lang='grc'><strong>1050</strong></span> 
     </span>
    </p>
   </div>
   <div class='ocr_carea' id='block_1_4' title="bbox 246 335 1793 417">
    <p class='ocr_par' dir='ltr' id='par_1_4' title="bbox 246 335 1788 413">
     <span class='ocr_line' id='line_1_4' title="bbox 246 335 1788 413; baseline 0.006 -26"><span class='ocrx_word' id='word_1_8' title='bbox 246 338 363 407; x_wconf 77' lang='grc' dir='ltr'>ἡμῖν</span> <span class='ocrx_word' id='word_1_9' title='bbox 395 335 765 404; x_wconf 74' lang='grc' dir='ltr'><strong>διαφυλάττων</strong></span> <span class='ocrx_word' id='word_1_10' title='bbox 798 340 923 401; x_wconf 71' lang='grc' dir='ltr'>τοὺς</span> <span class='ocrx_word' id='word_1_11' title='bbox 965 340 1098 410; x_wconf 81' lang='grc' dir='ltr'>πρὸς</span> <span class='ocrx_word' id='word_1_12' title='bbox 1147 339 1313 393; x_wconf 75' lang='grc' dir='ltr'>αὐτοῦ</span> <span class='ocrx_word' id='word_1_13' title='bbox 1353 342 1788 413; x_wconf 78' lang='grc' dir='ltr'><strong>φρουρουμένους</strong></span> 
     </span>
    </p>
   </div>
   <div class='ocr_carea' id='block_1_5' title="bbox 1899 335 3470 417">
    <p class='ocr_par' dir='ltr' id='par_1_5' title="bbox 1919 345 3470 417">
     <span class='ocr_line' id='line_1_5' title="bbox 1919 345 3470 417; baseline 0.012 -21"><span class='ocrx_word' id='word_1_14' title='bbox 1919 345 2078 400; x_wconf 89' lang='lat' dir='ltr'><strong>nobis</strong></span> <span class='ocrx_word' id='word_1_15' title='bbox 2114 362 2321 411; x_wconf 90' lang='lat' dir='ltr'><strong>semen,</strong></span> <span class='ocrx_word' id='word_1_16' title='bbox 2360 348 2499 402; x_wconf 87' lang='lat' dir='ltr'><strong>sicut</strong></span> <span class='ocrx_word' id='word_1_17' title='bbox 2535 348 2768 405; x_wconf 82' lang='lat' dir='ltr'><strong>Sodoma</strong></span> <span class='ocrx_word' id='word_1_18' title='bbox 2800 352 2921 406; x_wconf 71' lang='lat' dir='ltr'><strong>facti</strong></span> <span class='ocrx_word' id='word_1_19' title='bbox 2957 369 3218 417; x_wconf 76' lang='lat' dir='ltr'><strong>essemus,</strong></span> <span class='ocrx_word' id='word_1_20' title='bbox 3255 368 3306 409; x_wconf 67' lang='lat' dir='ltr'><strong>vt</strong></span> <span class='ocrx_word' id='word_1_21' title='bbox 3330 362 3470 414; x_wconf 78' lang='lat' dir='ltr'><strong>sicut</strong></span> 
     </span>
    </p>
   </div>
   <div class='ocr_carea' id='block_1_6' title="bbox 243 426 1806 506">
    <p class='ocr_par' dir='ltr' id='par_1_6' title="bbox 243 426 1806 506">
     <span class='ocr_line' id='line_1_6' title="bbox 243 426 1806 506; baseline 0.003 -23"><span class='ocrx_word' id='word_1_22' title='bbox 243 429 330 483; x_wconf 72' lang='lat' dir='ltr'><strong>xui.</strong></span> <span class='ocrx_word' id='word_1_23' title='bbox 355 428 491 500; x_wconf 88' lang='grc' dir='ltr'>πρὸς</span> <span class='ocrx_word' id='word_1_24' title='bbox 511 429 676 483; x_wconf 73' lang='grc' dir='ltr'>αὑτοῦ</span> <span class='ocrx_word' id='word_1_25' title='bbox 716 431 877 501; x_wconf 84' lang='grc' dir='ltr'>μόνου</span> <span class='ocrx_word' id='word_1_26' title='bbox 910 430 1337 503; x_wconf 78' lang='grc' dir='ltr'>θεωρουμένους,</span> <span class='ocrx_word' id='word_1_27' title='bbox 1373 436 1502 506; x_wconf 72' lang='grc' dir='ltr'>περὶ</span> <span class='ocrx_word' id='word_1_28' title='bbox 1529 426 1605 486; x_wconf 83' lang='grc' dir='ltr'>ὧν</span> <span class='ocrx_word' id='word_1_29' title='bbox 1635 434 1806 487; x_wconf 75' lang='grc' dir='ltr'>εἴποι-</span> 
     </span>
    </p>
   </div>
   <div class='ocr_carea' id='block_1_7' title="bbox 244 521 1804 595">
    <p class='ocr_par' dir='ltr' id='par_1_7' title="bbox 244 521 1804 595">
     <span class='ocr_line' id='line_1_7' title="bbox 244 521 1804 595; baseline 0.003 -20"><span class='ocrx_word' id='word_1_30' title='bbox 244 539 337 593; x_wconf 80' lang='grc' dir='ltr'><strong>μεν</strong></span> <span class='ocrx_word' id='word_1_31' title='bbox 363 521 431 575; x_wconf 79' lang='grc' dir='ltr'>ἂν</span> <span class='ocrx_word' id='word_1_32' title='bbox 463 523 557 574; x_wconf 79' lang='grc' dir='ltr'>καὶ</span> <span class='ocrx_word' id='word_1_33' title='bbox 586 523 739 575; x_wconf 81' lang='grc' dir='ltr'>αὐτοὶ</span> <span class='ocrx_word' id='word_1_34' title='bbox 763 523 844 587; x_wconf 87' lang='grc' dir='ltr'><strong>τὸ,</strong></span> <span class='ocrx_word' id='word_1_35' title='bbox 874 525 964 576; x_wconf 71' lang='lat' dir='ltr'><strong>(Et</strong></span> <span class='ocrx_word' id='word_1_36' title='bbox 1004 523 1077 594; x_wconf 83' lang='grc' dir='ltr'>μὴ</span> <span class='ocrx_word' id='word_1_37' title='bbox 1114 524 1316 595; x_wconf 78' lang='grc' dir='ltr'>Κύριος</span> <span class='ocrx_word' id='word_1_38' title='bbox 1343 524 1566 578; x_wconf 78' lang='grc' dir='ltr'>Σαϐαὼθ</span> <span class='ocrx_word' id='word_1_39' title='bbox 1609 528 1804 593; x_wconf 76' lang='grc' dir='ltr'>ἐγκατο</span> 
     </span>
    </p>
   </div>
   <div class='ocr_carea' id='block_1_8' title="bbox 241 611 1805 685">
    <p class='ocr_par' dir='ltr' id='par_1_8' title="bbox 241 611 1805 685">
     <span class='ocr_line' id='line_1_8' title="bbox 241 611 1805 685; baseline 0.002 -20"><span class='ocrx_word' id='word_1_40' title='bbox 241 611 417 665; x_wconf 81' lang='grc' dir='ltr'>έλιπεν</span> <span class='ocrx_word' id='word_1_41' title='bbox 437 614 570 681; x_wconf 79' lang='grc' dir='ltr'>ἡμῖν</span> <span class='ocrx_word' id='word_1_42' title='bbox 597 612 837 683; x_wconf 80' lang='grc' dir='ltr'>σπέρμα,</span> <span class='ocrx_word' id='word_1_43' title='bbox 868 613 943 676; x_wconf 84' lang='grc' dir='ltr'><strong>ὡς</strong></span> <span class='ocrx_word' id='word_1_44' title='bbox 973 614 1181 684; x_wconf 85' lang='grc' dir='ltr'>Σόδομα</span> <span class='ocrx_word' id='word_1_45' title='bbox 1226 614 1292 667; x_wconf 85' lang='grc' dir='ltr'>ἂν</span> <span class='ocrx_word' id='word_1_46' title='bbox 1329 615 1683 685; x_wconf 82' lang='grc' dir='ltr'>ἐγενήθημεν,</span> <span class='ocrx_word' id='word_1_47' title='bbox 1711 616 1805 668; x_wconf 71' lang='grc' dir='ltr'>καὶ</span> 
     </span>
    </p>
   </div>
   <div class='ocr_carea' id='block_1_9' title="bbox 239 701 1804 775">
    <p class='ocr_par' dir='ltr' id='par_1_9' title="bbox 239 701 1804 775">
     <span class='ocr_line' id='line_1_9' title="bbox 239 701 1804 775; baseline 0.004 -21"><span class='ocrx_word' id='word_1_48' title='bbox 239 701 309 765; x_wconf 76' lang='grc' dir='ltr'><strong>ὡς</strong></span> <span class='ocrx_word' id='word_1_49' title='bbox 351 702 390 753; x_wconf 82' lang='grc' dir='ltr'>Γ</span> <span class='ocrx_word' id='word_1_50' title='bbox 392 703 604 774; x_wconf 75' lang='grc' dir='ltr'>όμορρα</span> <span class='ocrx_word' id='word_1_51' title='bbox 673 704 739 756; x_wconf 83' lang='grc' dir='ltr'>ἂν</span> <span class='ocrx_word' id='word_1_52' title='bbox 782 703 1161 775; x_wconf 83' lang='grc' dir='ltr'>ὡμοιώθημεν.</span> <span class='ocrx_word' id='word_1_53' title='bbox 1204 725 1222 755; x_wconf 75' lang='grc' dir='ltr'><strong>ι</strong></span> <span class='ocrx_word' id='word_1_54' title='bbox 1273 705 1345 757; x_wconf 90' lang='grc' dir='ltr'>Τὸ</span> <span class='ocrx_word' id='word_1_55' title='bbox 1382 706 1571 775; x_wconf 87' lang='grc' dir='ltr'>γάρτοι</span> <span class='ocrx_word' id='word_1_56' title='bbox 1620 708 1699 771; x_wconf 86' lang='grc' dir='ltr'><strong>εἰς</strong></span> <span class='ocrx_word' id='word_1_57' title='bbox 1742 709 1804 760; x_wconf 91' lang='grc' dir='ltr'><strong>τὸ</strong></span> 
     </span>
    </p>
   </div>
   <div class='ocr_carea' id='block_1_10' title="bbox 242 794 1804 870">
    <p class='ocr_par' dir='ltr' id='par_1_10' title="bbox 242 794 1804 870">
     <span class='ocr_line' id='line_1_10' title="bbox 242 794 1804 870; baseline 0.003 -24"><span class='ocrx_word' id='word_1_58' title='bbox 242 795 495 858; x_wconf 83' lang='grc' dir='ltr'>παντελὲς</span> <span class='ocrx_word' id='word_1_59' title='bbox 523 794 891 848; x_wconf 65' lang='grc' dir='ltr'><strong>ἐκλελοιπέναι</strong></span> <span class='ocrx_word' id='word_1_60' title='bbox 931 795 1171 865; x_wconf 76' lang='grc' dir='ltr'>νομίζειν</span> <span class='ocrx_word' id='word_1_61' title='bbox 1209 798 1335 860; x_wconf 85' lang='grc' dir='ltr'>τοὺς</span> <span class='ocrx_word' id='word_1_62' title='bbox 1361 797 1452 849; x_wconf 86' lang='grc' dir='ltr'><strong>τοῦ</strong></span> <span class='ocrx_word' id='word_1_63' title='bbox 1488 797 1642 867; x_wconf 81' lang='grc' dir='ltr'>λόγου</span> <span class='ocrx_word' id='word_1_64' title='bbox 1671 815 1804 870; x_wconf 89' lang='grc' dir='ltr'>προ-</span> 
     </span>
    </p>
   </div>
   <div class='ocr_carea' id='block_1_11' title="bbox 242 884 1801 962">
    <p class='ocr_par' dir='ltr' id='par_1_11' title="bbox 242 884 1801 962">
     <span class='ocr_line' id='line_1_11' title="bbox 242 884 1801 962; baseline 0.003 -24"><span class='ocrx_word' id='word_1_65' title='bbox 242 884 499 948; x_wconf 77' lang='grc' dir='ltr'>εστῶτας,</span> <span class='ocrx_word' id='word_1_66' title='bbox 534 887 798 956; x_wconf 78' lang='grc' dir='ltr'>ἄρχοντας</span> <span class='ocrx_word' id='word_1_67' title='bbox 833 888 926 940; x_wconf 76' lang='grc' dir='ltr'><strong>καὶ</strong></span> <span class='ocrx_word' id='word_1_68' title='bbox 964 887 1296 958; x_wconf 80' lang='grc' dir='ltr'>ἡγουμένους</span> <span class='ocrx_word' id='word_1_69' title='bbox 1321 888 1426 940; x_wconf 86' lang='grc' dir='ltr'>ὑπὸ</span> <span class='ocrx_word' id='word_1_70' title='bbox 1456 888 1554 959; x_wconf 82' lang='grc' dir='ltr'>τῆς</span> <span class='ocrx_word' id='word_1_71' title='bbox 1589 907 1801 962; x_wconf 73' lang='grc' dir='ltr'>προφη-</span> 
     </span>
    </p>
   </div>
   <div class='ocr_carea' id='block_1_12' title="bbox 240 977 1797 1052">
    <p class='ocr_par' dir='ltr' id='par_1_12' title="bbox 240 977 1797 1052">
     <span class='ocr_line' id='line_1_12' title="bbox 240 977 1797 1052; baseline 0.004 -23"><span class='ocrx_word' id='word_1_72' title='bbox 240 977 380 1041; x_wconf 84' lang='grc' dir='ltr'>τείας</span> <span class='ocrx_word' id='word_1_73' title='bbox 406 977 849 1048; x_wconf 80' lang='grc' dir='ltr'>ὠνομασμένους,</span> <span class='ocrx_word' id='word_1_74' title='bbox 878 979 935 1030; x_wconf 82' lang='grc' dir='ltr'>ἓν</span> <span class='ocrx_word' id='word_1_75' title='bbox 958 995 1009 1031; x_wconf 91' lang='grc' dir='ltr'><strong>τι</strong></span> <span class='ocrx_word' id='word_1_76' title='bbox 1044 979 1150 1032; x_wconf 90' lang='grc' dir='ltr'><strong>τῶν</strong></span> <span class='ocrx_word' id='word_1_77' title='bbox 1189 981 1483 1050; x_wconf 82' lang='grc' dir='ltr'>ἀμηχάνων</span> <span class='ocrx_word' id='word_1_78' title='bbox 1521 982 1797 1052; x_wconf 79' lang='grc' dir='ltr'><strong>τυγχάνει,</strong></span> 
     </span>
    </p>
   </div>
   <div class='ocr_carea' id='block_1_13' title="bbox 240 1067 1798 1141">
    <p class='ocr_par' dir='ltr' id='par_1_13' title="bbox 240 1067 1798 1141">
     <span class='ocr_line' id='line_1_13' title="bbox 240 1067 1798 1141; baseline 0.004 -20"><span class='ocrx_word' id='word_1_79' title='bbox 240 1067 321 1122; x_wconf 70' lang='grc' dir='ltr'><strong>διὰ</strong></span> <span class='ocrx_word' id='word_1_80' title='bbox 344 1067 405 1120; x_wconf 88' lang='grc' dir='ltr'><strong>τὸ</strong></span> <span class='ocrx_word' id='word_1_81' title='bbox 441 1069 534 1121; x_wconf 86' lang='grc' dir='ltr'>καὶ</span> <span class='ocrx_word' id='word_1_82' title='bbox 571 1069 695 1140; x_wconf 82' lang='grc' dir='ltr'>ὅρον</span> <span class='ocrx_word' id='word_1_83' title='bbox 720 1068 992 1123; x_wconf 78' lang='grc' dir='ltr'><strong>τεθεῖσθαι</strong></span> <span class='ocrx_word' id='word_1_84' title='bbox 1017 1070 1112 1122; x_wconf 88' lang='grc' dir='ltr'><strong>τοῦ</strong></span> <span class='ocrx_word' id='word_1_85' title='bbox 1142 1090 1158 1121; x_wconf 74' lang='grc' dir='ltr'><strong>ι</strong></span> <span class='ocrx_word' id='word_1_86' title='bbox 1190 1072 1262 1141; x_wconf 89' lang='grc' dir='ltr'>μὴ</span> <span class='ocrx_word' id='word_1_87' title='bbox 1303 1072 1571 1141; x_wconf 73' lang='grc' dir='ltr'><strong>ἐκλείψειν</strong></span> <span class='ocrx_word' id='word_1_88' title='bbox 1602 1074 1705 1138; x_wconf 71' lang='grc' dir='ltr'>ἕως</span> <span class='ocrx_word' id='word_1_89' title='bbox 1733 1075 1798 1128; x_wconf 87' lang='grc' dir='ltr'>ἂν</span> 
     </span>
    </p>
   </div>
   <div class='ocr_carea' id='block_1_14' title="bbox 240 1158 1797 1232">
    <p class='ocr_par' dir='ltr' id='par_1_14' title="bbox 240 1158 1797 1232">
     <span class='ocr_line' id='line_1_14' title="bbox 240 1158 1797 1232; baseline 0.005 -21"><span class='ocrx_word' id='word_1_90' title='bbox 240 1158 357 1231; x_wconf 78' lang='grc' dir='ltr'>ἔλθη</span> <span class='ocrx_word' id='word_1_91' title='bbox 383 1158 455 1212; x_wconf 81' lang='grc' dir='ltr'><strong>τὰ</strong></span> <span class='ocrx_word' id='word_1_92' title='bbox 476 1160 813 1230; x_wconf 80' lang='grc' dir='ltr'>ἀποκείμενα</span> <span class='ocrx_word' id='word_1_93' title='bbox 855 1161 1031 1232; x_wconf 83' lang='grc' dir='ltr'>αὐτῷ·</span> <span class='ocrx_word' id='word_1_94' title='bbox 1065 1182 1082 1213; x_wconf 74' lang='grc' dir='ltr'><strong>ι</strong></span> <span class='ocrx_word' id='word_1_95' title='bbox 1122 1162 1267 1216; x_wconf 86' lang='grc' dir='ltr'>τοῦτ’</span> <span class='ocrx_word' id='word_1_96' title='bbox 1296 1163 1412 1216; x_wconf 83' lang='grc' dir='ltr'>ἔστι</span> <span class='ocrx_word' id='word_1_97' title='bbox 1459 1164 1528 1217; x_wconf 80' lang='grc' dir='ltr'><strong>τὰ</strong></span> <span class='ocrx_word' id='word_1_98' title='bbox 1555 1166 1659 1219; x_wconf 83' lang='grc' dir='ltr'>ὑπὸ</span> <span class='ocrx_word' id='word_1_99' title='bbox 1703 1166 1797 1219; x_wconf 89' lang='grc' dir='ltr'><strong>τοῦ</strong></span> 
     </span>
    </p>
   </div>
   <div class='ocr_carea' id='block_1_15' title="bbox 240 1251 1799 1329">
    <p class='ocr_par' dir='ltr' id='par_1_15' title="bbox 240 1251 1799 1329">
     <span class='ocr_line' id='line_1_15' title="bbox 240 1251 1799 1329; baseline 0.006 -26"><span class='ocrx_word' id='word_1_100' title='bbox 240 1251 440 1322; x_wconf 85' lang='grc' dir='ltr'>Πατρὸς</span> <span class='ocrx_word' id='word_1_101' title='bbox 473 1252 854 1324; x_wconf 66' lang='grc' dir='ltr'>ἐπηγγελμένα</span> <span class='ocrx_word' id='word_1_102' title='bbox 880 1253 957 1325; x_wconf 81' lang='grc' dir='ltr'>τῷ</span> <span class='ocrx_word' id='word_1_103' title='bbox 988 1255 1226 1326; x_wconf 83' lang='grc' dir='ltr'>Χριστῷ,</span> <span class='ocrx_word' id='word_1_104' title='bbox 1252 1256 1484 1327; x_wconf 77' lang='grc' dir='ltr'>φήσαντι</span> <span class='ocrx_word' id='word_1_105' title='bbox 1508 1257 1637 1329; x_wconf 89' lang='grc' dir='ltr'>(τος)</span> <span class='ocrx_word' id='word_1_106' title='bbox 1666 1260 1799 1329; x_wconf 85' lang='grc' dir='ltr'>πρὸς</span> 
     </span>
    </p>
   </div>
   <div class='ocr_carea' id='block_1_16' title="bbox 237 1343 1799 1418">
    <p class='ocr_par' dir='ltr' id='par_1_16' title="bbox 237 1343 1799 1418">
     <span class='ocr_line' id='line_1_16' title="bbox 237 1343 1799 1418; baseline 0.007 -23"><span class='ocrx_word' id='word_1_107' title='bbox 237 1343 426 1407; x_wconf 75' lang='grc' dir='ltr'>αὐτὸν,</span> <span class='ocrx_word' id='word_1_108' title='bbox 478 1344 706 1399; x_wconf 77' lang='grc' dir='ltr'>«Κάθου</span> <span class='ocrx_word' id='word_1_109' title='bbox 753 1348 816 1398; x_wconf 85' lang='grc' dir='ltr'><strong>ἐκ</strong></span> <span class='ocrx_word' id='word_1_110' title='bbox 859 1345 1049 1413; x_wconf 78' lang='grc' dir='ltr'>δεξιῶν</span> <span class='ocrx_word' id='word_1_111' title='bbox 1082 1364 1223 1418; x_wconf 82' lang='grc' dir='ltr'>μου,</span> <span class='ocrx_word' id='word_1_112' title='bbox 1274 1348 1378 1411; x_wconf 80' lang='grc' dir='ltr'>ἓως</span> <span class='ocrx_word' id='word_1_113' title='bbox 1428 1350 1495 1402; x_wconf 87' lang='grc' dir='ltr'>ἂν</span> <span class='ocrx_word' id='word_1_114' title='bbox 1545 1350 1622 1403; x_wconf 85' lang='grc' dir='ltr'><strong>θῶ</strong></span> <span class='ocrx_word' id='word_1_115' title='bbox 1672 1355 1799 1416; x_wconf 85' lang='grc' dir='ltr'>τοὺς</span> 
     </span>
    </p>
   </div>
   <div class='ocr_carea' id='block_1_17' title="bbox 235 1428 1792 1502">
    <p class='ocr_par' dir='ltr' id='par_1_17' title="bbox 235 1428 1792 1502">
     <span class='ocr_line' id='line_1_17' title="bbox 235 1428 1792 1502; baseline 0.008 -22"><span class='ocrx_word' id='word_1_116' title='bbox 235 1428 453 1502; x_wconf 83' lang='grc' dir='ltr'>ἐχθρούς</span> <span class='ocrx_word' id='word_1_117' title='bbox 485 1448 583 1483; x_wconf 85' lang='grc' dir='ltr'><strong>σου</strong></span> <span class='ocrx_word' id='word_1_118' title='bbox 624 1433 911 1488; x_wconf 81' lang='grc' dir='ltr'>ὑποπόδιον</span> <span class='ocrx_word' id='word_1_119' title='bbox 951 1435 1059 1489; x_wconf 88' lang='grc' dir='ltr'><strong>τῶν</strong></span> <span class='ocrx_word' id='word_1_120' title='bbox 1102 1437 1279 1490; x_wconf 84' lang='grc' dir='ltr'>ποδῶν</span> <span class='ocrx_word' id='word_1_121' title='bbox 1322 1454 1445 1492; x_wconf 85' lang='grc' dir='ltr'>σου·</span> <span class='ocrx_word' id='word_1_122' title='bbox 1484 1458 1502 1490; x_wconf 71' lang='grc' dir='ltr'><strong>ι</strong></span> <span class='ocrx_word' id='word_1_123' title='bbox 1533 1441 1621 1494; x_wconf 81' lang='grc' dir='ltr'>ὅτε</span> <span class='ocrx_word' id='word_1_124' title='bbox 1669 1442 1792 1496; x_wconf 85' lang='grc' dir='ltr'>καί·</span> 
     </span>
    </p>
   </div>
   <div class='ocr_carea' id='block_1_18' title="bbox 240 1523 1796 1600">
    <p class='ocr_par' dir='ltr' id='par_1_18' title="bbox 240 1523 1796 1600">
     <span class='ocr_line' id='line_1_18' title="bbox 240 1523 1796 1600; baseline 0.008 -25"><span class='ocrx_word' id='word_1_125' title='bbox 240 1541 260 1573; x_wconf 73' lang='grc' dir='ltr'><strong>ι</strong></span> <span class='ocrx_word' id='word_1_126' title='bbox 286 1523 395 1576; x_wconf 79' lang='grc' dir='ltr'><strong>Πᾶν</strong></span> <span class='ocrx_word' id='word_1_127' title='bbox 438 1524 567 1592; x_wconf 90' lang='grc' dir='ltr'>γόνυ</span> <span class='ocrx_word' id='word_1_128' title='bbox 617 1525 820 1596; x_wconf 67' lang='grc' dir='ltr'>κάμψει</span> <span class='ocrx_word' id='word_1_129' title='bbox 870 1528 1209 1599; x_wconf 78' lang='grc' dir='ltr'>ἐπουρανίων</span> <span class='ocrx_word' id='word_1_130' title='bbox 1253 1531 1345 1583; x_wconf 74' lang='grc' dir='ltr'>καὶ</span> <span class='ocrx_word' id='word_1_131' title='bbox 1396 1533 1654 1600; x_wconf 78' lang='grc' dir='ltr'>ἐπιγείων</span> <span class='ocrx_word' id='word_1_132' title='bbox 1704 1536 1796 1588; x_wconf 78' lang='grc' dir='ltr'>καὶ</span> 
     </span>
    </p>
   </div>
   <div class='ocr_carea' id='block_1_19' title="bbox 234 1616 1794 1693">
    <p class='ocr_par' dir='ltr' id='par_1_19' title="bbox 234 1616 1794 1693">
     <span class='ocr_line' id='line_1_19' title="bbox 234 1616 1794 1693; baseline 0.008 -26"><span class='ocrx_word' id='word_1_133' title='bbox 234 1616 623 1686; x_wconf 79' lang='grc' dir='ltr'>καταχθονίων,</span> <span class='ocrx_word' id='word_1_134' title='bbox 652 1619 745 1673; x_wconf 64' lang='grc' dir='ltr'><strong>καὶ⁴</strong></span> <span class='ocrx_word' id='word_1_135' title='bbox 783 1622 931 1672; x_wconf 79' lang='grc' dir='ltr'>πᾶσα</span> <span class='ocrx_word' id='word_1_136' title='bbox 966 1619 1184 1689; x_wconf 87' lang='grc' dir='ltr'>γλῶσσα</span> <span class='ocrx_word' id='word_1_137' title='bbox 1230 1621 1677 1693; x_wconf 79' lang='grc' dir='ltr'>ἐξομολογήσεται</span> <span class='ocrx_word' id='word_1_138' title='bbox 1714 1628 1794 1679; x_wconf 84' lang='grc' dir='ltr'>ὅτι</span> 
     </span>
    </p>
   </div>
   <div class='ocr_carea' id='block_1_20' title="bbox 235 1706 1793 1788">
    <p class='ocr_par' dir='ltr' id='par_1_20' title="bbox 235 1706 1793 1788">
     <span class='ocr_line' id='line_1_20' title="bbox 235 1706 1793 1788; baseline 0.008 -28"><span class='ocrx_word' id='word_1_139' title='bbox 235 1706 425 1779; x_wconf 75' lang='grc' dir='ltr'>Κύριος</span> <span class='ocrx_word' id='word_1_140' title='bbox 462 1710 667 1780; x_wconf 83' lang='grc' dir='ltr'>Ἰησοῦς</span> <span class='ocrx_word' id='word_1_141' title='bbox 693 1711 958 1782; x_wconf 79' lang='grc' dir='ltr'>Χριστός’</span> <span class='ocrx_word' id='word_1_142' title='bbox 994 1732 1012 1762; x_wconf 72' lang='grc' dir='ltr'><strong>ι</strong></span> <span class='ocrx_word' id='word_1_143' title='bbox 1060 1714 1357 1783; x_wconf 84' lang='grc' dir='ltr'>τηνικαῦτα</span> <span class='ocrx_word' id='word_1_144' title='bbox 1408 1715 1513 1788; x_wconf 82' lang='grc' dir='ltr'><strong>γάρ</strong></span> <span class='ocrx_word' id='word_1_145' title='bbox 1544 1717 1636 1770; x_wconf 77' lang='grc' dir='ltr'>καὶ</span> <span class='ocrx_word' id='word_1_146' title='bbox 1686 1720 1793 1771; x_wconf 88' lang='grc' dir='ltr'><strong>τῶν</strong></span> 
     </span>
    </p>
   </div>
   <div class='ocr_carea' id='block_1_21' title="bbox 230 1800 1793 1878">
    <p class='ocr_par' dir='ltr' id='par_1_21' title="bbox 230 1800 1793 1878">
     <span class='ocr_line' id='line_1_21' title="bbox 230 1800 1793 1878; baseline 0.007 -25"><span class='ocrx_word' id='word_1_147' title='bbox 230 1800 393 1854; x_wconf 87' lang='grc' dir='ltr'>ἐθνῶν</span> <span class='ocrx_word' id='word_1_148' title='bbox 442 1802 735 1872; x_wconf 78' lang='grc' dir='ltr'>προσδοκία</span> <span class='ocrx_word' id='word_1_149' title='bbox 783 1804 892 1857; x_wconf 90' lang='grc' dir='ltr'><strong>τῶν</strong></span> <span class='ocrx_word' id='word_1_150' title='bbox 942 1805 1035 1857; x_wconf 75' lang='grc' dir='ltr'><strong>ἐπὶ</strong></span> <span class='ocrx_word' id='word_1_151' title='bbox 1063 1803 1156 1857; x_wconf 90' lang='grc' dir='ltr'><strong>τοῦ</strong></span> <span class='ocrx_word' id='word_1_152' title='bbox 1202 1807 1464 1878; x_wconf 83' lang='grc' dir='ltr'>παρόντος</span> <span class='ocrx_word' id='word_1_153' title='bbox 1508 1811 1587 1873; x_wconf 86' lang='grc' dir='ltr'><strong>είς</strong></span> <span class='ocrx_word' id='word_1_154' title='bbox 1632 1812 1793 1864; x_wconf 85' lang='grc' dir='ltr'>αὐτὸν</span> 
     </span>
    </p>
   </div>
   <div class='ocr_carea' id='block_1_22' title="bbox 228 1894 1793 1973">
    <p class='ocr_par' dir='ltr' id='par_1_22' title="bbox 228 1894 1793 1973">
     <span class='ocr_line' id='line_1_22' title="bbox 228 1894 1793 1973; baseline 0.007 -27"><span class='ocrx_word' id='word_1_155' title='bbox 228 1894 663 1947; x_wconf 77' lang='grc' dir='ltr'>πεπιστευκότων</span> <span class='ocrx_word' id='word_1_156' title='bbox 734 1895 922 1965; x_wconf 86' lang='grc' dir='ltr'>καιρὸν</span> <span class='ocrx_word' id='word_1_157' title='bbox 995 1895 1106 1962; x_wconf 71' lang='grc' dir='ltr'>ἕξει</span> <span class='ocrx_word' id='word_1_158' title='bbox 1170 1896 1268 1959; x_wconf 79' lang='grc' dir='ltr'><strong>τὰς</strong></span> <span class='ocrx_word' id='word_1_159' title='bbox 1335 1899 1793 1973; x_wconf 86' lang='grc' dir='ltr'>προσδοκηθείσας</span> 
     </span>
    </p>
   </div>
   <div class='ocr_carea' id='block_1_23' title="bbox 223 1984 1793 2064">
    <p class='ocr_par' dir='ltr' id='par_1_23' title="bbox 223 1984 1793 2064">
     <span class='ocr_line' id='line_1_23' title="bbox 223 1984 1793 2064; baseline 0.007 -28"><span class='ocrx_word' id='word_1_160' title='bbox 223 1984 551 2054; x_wconf 78' lang='grc' dir='ltr'>ἐπαγγελίας</span> <span class='ocrx_word' id='word_1_161' title='bbox 601 1985 929 2056; x_wconf 85' lang='grc' dir='ltr'>κομίσασθαι</span> <span class='ocrx_word' id='word_1_162' title='bbox 976 1988 1034 2039; x_wconf 84' lang='grc' dir='ltr'><strong>ἐν</strong></span> <span class='ocrx_word' id='word_1_163' title='bbox 1076 1990 1141 2057; x_wconf 79' lang='grc' dir='ltr'><strong>τῇ</strong></span> <span class='ocrx_word' id='word_1_164' title='bbox 1209 1988 1628 2064; x_wconf 82' lang='grc' dir='ltr'>προσδοκωμένη</span> <span class='ocrx_word' id='word_1_165' title='bbox 1685 1994 1793 2047; x_wconf 88' lang='grc' dir='ltr'><strong>τῶν</strong></span> 
     </span>
    </p>
   </div>
   <div class='ocr_carea' id='block_1_24' title="bbox 221 2074 1792 2157">
    <p class='ocr_par' dir='ltr' id='par_1_24' title="bbox 221 2074 1792 2157">
     <span class='ocr_line' id='line_1_24' title="bbox 221 2074 1792 2157; baseline 0.006 -29"><span class='ocrx_word' id='word_1_166' title='bbox 221 2076 462 2147; x_wconf 77' lang='grc' dir='ltr'>οὐρανῶν</span> <span class='ocrx_word' id='word_1_167' title='bbox 494 2074 757 2148; x_wconf 75' lang='grc' dir='ltr'>βασιλείᾳ.</span> <span class='ocrx_word' id='word_1_168' title='bbox 788 2078 897 2132; x_wconf 75' lang='grc' dir='ltr'><strong>Καὶ</strong></span> <span class='ocrx_word' id='word_1_169' title='bbox 924 2078 1095 2134; x_wconf 89' lang='grc' dir='ltr'>ταῦτα</span> <span class='ocrx_word' id='word_1_170' title='bbox 1131 2082 1228 2151; x_wconf 88' lang='grc' dir='ltr'>μὲν</span> <span class='ocrx_word' id='word_1_171' title='bbox 1250 2082 1422 2156; x_wconf 79' lang='grc' dir='ltr'>ταύτῃ</span> <span class='ocrx_word' id='word_1_172' title='bbox 1442 2101 1455 2113; x_wconf 69' lang='grc' dir='ltr'><em>υ</em></span> <span class='ocrx_word' id='word_1_173' title='bbox 1493 2083 1561 2136; x_wconf 73' lang='grc' dir='ltr'><strong>τὰ</strong></span> <span class='ocrx_word' id='word_1_174' title='bbox 1588 2086 1632 2136; x_wconf 81' lang='grc' dir='ltr'>δ’</span> <span class='ocrx_word' id='word_1_175' title='bbox 1666 2086 1792 2157; x_wconf 79' lang='grc' dir='ltr'><strong>ἑξῆς</strong></span> 
     </span>
    </p>
   </div>
   <div class='ocr_carea' id='block_1_25' title="bbox 1907 435 3473 508">
    <p class='ocr_par' dir='ltr' id='par_1_25' title="bbox 1907 435 3473 508">
     <span class='ocr_line' id='line_1_25' title="bbox 1907 435 3473 508; baseline 0.012 -19"><span class='ocrx_word' id='word_1_176' title='bbox 1907 435 2208 491; x_wconf 87' lang='lat' dir='ltr'><strong>Gomorrha</strong></span> <span class='ocrx_word' id='word_1_177' title='bbox 2258 440 2464 497; x_wconf 86' lang='lat' dir='ltr'><strong>similes</strong></span> <span class='ocrx_word' id='word_1_178' title='bbox 2510 443 2800 499; x_wconf 76' lang='lat' dir='ltr'><strong>fuissemus</strong></span> <span class='ocrx_word' id='word_1_179' title='bbox 2833 445 2898 498; x_wconf 66' lang='grc'><strong>⁸⁵.</strong></span> <span class='ocrx_word' id='word_1_180' title='bbox 2935 466 2953 497; x_wconf 72' lang='grc' dir='ltr'><strong>ι</strong></span> <span class='ocrx_word' id='word_1_181' title='bbox 3006 446 3213 502; x_wconf 79' lang='lat' dir='ltr'><strong>Idcirco</strong></span> <span class='ocrx_word' id='word_1_182' title='bbox 3252 451 3473 508; x_wconf 76' lang='lat' dir='ltr'><strong>minime</strong></span> 
     </span>
    </p>
   </div>
   <div class='ocr_carea' id='block_1_26' title="bbox 1908 530 3471 610">
    <p class='ocr_par' dir='ltr' id='par_1_26' title="bbox 1908 530 3471 610">
     <span class='ocr_line' id='line_1_26' title="bbox 1908 530 3471 610; baseline 0.011 -29"><span class='ocrx_word' id='word_1_183' title='bbox 1908 530 2329 583; x_wconf 84' lang='lat' dir='ltr'><strong>existimandum</strong></span> <span class='ocrx_word' id='word_1_184' title='bbox 2356 542 2440 587; x_wconf 90' lang='lat' dir='ltr'><strong>est</strong></span> <span class='ocrx_word' id='word_1_185' title='bbox 2461 535 2612 587; x_wconf 81' lang='lat' dir='ltr'><strong>verbi</strong></span> <span class='ocrx_word' id='word_1_186' title='bbox 2647 537 2956 604; x_wconf 79' lang='lat' dir='ltr'><strong>magistros,</strong></span> <span class='ocrx_word' id='word_1_187' title='bbox 2986 538 3153 592; x_wconf 86' lang='lat' dir='ltr'><strong>duces</strong></span> <span class='ocrx_word' id='word_1_188' title='bbox 3174 540 3471 610; x_wconf 59' lang='lat' dir='ltr'><strong>principes-</strong></span> 
     </span>
    </p>
   </div>
   <div class='ocr_carea' id='block_1_27' title="bbox 1906 625 3474 699">
    <p class='ocr_par' dir='ltr' id='par_1_27' title="bbox 1906 625 3474 699">
     <span class='ocr_line' id='line_1_27' title="bbox 1906 625 3474 699; baseline 0.007 -24"><span class='ocrx_word' id='word_1_189' title='bbox 1906 638 2012 692; x_wconf 88' lang='lat' dir='ltr'><strong>que</strong></span> <span class='ocrx_word' id='word_1_190' title='bbox 2045 640 2073 676; x_wconf 89' lang='lat' dir='ltr'><strong>a</strong></span> <span class='ocrx_word' id='word_1_191' title='bbox 2103 625 2378 693; x_wconf 79' lang='lat' dir='ltr'><strong>prophetis</strong></span> <span class='ocrx_word' id='word_1_192' title='bbox 2413 636 2654 687; x_wconf 80' lang='lat' dir='ltr'><strong>vocatos,</strong></span> <span class='ocrx_word' id='word_1_193' title='bbox 2686 630 2899 697; x_wconf 77' lang='lat' dir='ltr'><strong>penitus</strong></span> <span class='ocrx_word' id='word_1_194' title='bbox 2932 629 3216 691; x_wconf 78' lang='lat' dir='ltr'><strong>defecisse.</strong></span> <span class='ocrx_word' id='word_1_195' title='bbox 3253 646 3474 699; x_wconf 62' lang='lat' dir='ltr'><strong>praeser-</strong></span> 
     </span>
    </p>
   </div>
   <div class='ocr_carea' id='block_1_28' title="bbox 1906 715 3473 786">
    <p class='ocr_par' dir='ltr' id='par_1_28' title="bbox 1906 715 3473 786">
     <span class='ocr_line' id='line_1_28' title="bbox 1906 715 3473 786; baseline 0.006 -19"><span class='ocrx_word' id='word_1_196' title='bbox 1906 715 2000 767; x_wconf 87' lang='lat' dir='ltr'><strong>tim</strong></span> <span class='ocrx_word' id='word_1_197' title='bbox 2031 732 2152 769; x_wconf 91' lang='lat' dir='ltr'><strong>cum</strong></span> <span class='ocrx_word' id='word_1_198' title='bbox 2190 716 2392 786; x_wconf 72' lang='lat' dir='ltr'><strong>przeflxi</strong></span> <span class='ocrx_word' id='word_1_199' title='bbox 2419 718 2528 772; x_wconf 92' lang='lat' dir='ltr'><strong>sint</strong></span> <span class='ocrx_word' id='word_1_200' title='bbox 2574 720 2810 782; x_wconf 90' lang='lat' dir='ltr'><strong>termini,</strong></span> <span class='ocrx_word' id='word_1_201' title='bbox 2848 739 2866 770; x_wconf 81' lang='grc' dir='ltr'><strong>ι</strong></span> <span class='ocrx_word' id='word_1_202' title='bbox 2900 735 3007 773; x_wconf 92' lang='lat' dir='ltr'><strong>non</strong></span> <span class='ocrx_word' id='word_1_203' title='bbox 3039 720 3354 775; x_wconf 89' lang='lat' dir='ltr'><strong>auferentur</strong></span> <span class='ocrx_word' id='word_1_204' title='bbox 3378 722 3473 776; x_wconf 87' lang='lat' dir='ltr'><strong>do-</strong></span> 
     </span>
    </p>
   </div>
   <div class='ocr_carea' id='block_1_29' title="bbox 1905 808 3489 881">
    <p class='ocr_par' dir='ltr' id='par_1_29' title="bbox 1905 808 3489 881">
     <span class='ocr_line' id='line_1_29' title="bbox 1905 808 3489 881; baseline 0.005 -24"><span class='ocrx_word' id='word_1_205' title='bbox 1905 821 2003 859; x_wconf 92' lang='lat' dir='ltr'><strong>nec</strong></span> <span class='ocrx_word' id='word_1_206' title='bbox 2035 808 2257 861; x_wconf 77' lang='lat' dir='ltr'><strong>veniant</strong></span> <span class='ocrx_word' id='word_1_207' title='bbox 2290 824 2410 877; x_wconf 75' lang='lat' dir='ltr'><strong>qua:</strong></span> <span class='ocrx_word' id='word_1_208' title='bbox 2441 808 2541 877; x_wconf 88' lang='lat' dir='ltr'><strong>ipsi</strong></span> <span class='ocrx_word' id='word_1_209' title='bbox 2576 808 2963 875; x_wconf 82' lang='lat' dir='ltr'><strong>derretasunt;</strong></span> <span class='ocrx_word' id='word_1_210' title='bbox 2996 832 3013 861; x_wconf 75' lang='grc' dir='ltr'><strong>ι</strong></span> <span class='ocrx_word' id='word_1_211' title='bbox 3057 813 3259 865; x_wconf 78' lang='lat' dir='ltr'><strong>scilicet</strong></span> <span class='ocrx_word' id='word_1_212' title='bbox 3295 828 3413 881; x_wconf 72' lang='lat' dir='ltr'><strong>qua:</strong></span> <span class='ocrx_word' id='word_1_213' title='bbox 3442 829 3489 878; x_wconf 32' lang='lat' dir='ltr'><strong>a.</strong></span> 
     </span>
    </p>
   </div>
   <div class='ocr_carea' id='block_1_30' title="bbox 1904 895 3472 963">
    <p class='ocr_par' dir='ltr' id='par_1_30' title="bbox 1904 895 3472 963">
     <span class='ocr_line' id='line_1_30' title="bbox 1904 895 3472 963; baseline 0.006 -15"><span class='ocrx_word' id='word_1_214' title='bbox 1904 895 2063 952; x_wconf 84' lang='lat' dir='ltr'><strong>Patre</strong></span> <span class='ocrx_word' id='word_1_215' title='bbox 2083 898 2303 953; x_wconf 85' lang='lat' dir='ltr'><strong>Christo</strong></span> <span class='ocrx_word' id='word_1_216' title='bbox 2328 903 2576 953; x_wconf 79' lang='lat' dir='ltr'><strong>nuntiata</strong></span> <span class='ocrx_word' id='word_1_217' title='bbox 2603 912 2751 963; x_wconf 91' lang='lat' dir='ltr'><strong>sunt,</strong></span> <span class='ocrx_word' id='word_1_218' title='bbox 2777 903 2841 956; x_wconf 93' lang='lat' dir='ltr'><strong>ad</strong></span> <span class='ocrx_word' id='word_1_219' title='bbox 2866 918 2987 957; x_wconf 72' lang='lat' dir='ltr'><strong>eun)</strong></span> <span class='ocrx_word' id='word_1_220' title='bbox 3007 903 3217 957; x_wconf 79' lang='lat' dir='ltr'><strong>dicente</strong></span> <span class='ocrx_word' id='word_1_221' title='bbox 3243 924 3254 956; x_wconf 91' lang='lat'>:</span> <span class='ocrx_word' id='word_1_222' title='bbox 3285 923 3301 953; x_wconf 82' lang='grc' dir='ltr'><strong>ι</strong></span> <span class='ocrx_word' id='word_1_223' title='bbox 3335 902 3472 957; x_wconf 84' lang='lat' dir='ltr'><strong>Sede</strong></span> 
     </span>
    </p>
   </div>
   <div class='ocr_carea' id='block_1_31' title="bbox 1902 990 3473 1063">
    <p class='ocr_par' dir='ltr' id='par_1_31' title="bbox 1902 990 3473 1063">
     <span class='ocr_line' id='line_1_31' title="bbox 1902 990 3473 1063; baseline 0.004 -22"><span class='ocrx_word' id='word_1_224' title='bbox 1902 1004 1932 1041; x_wconf 91' lang='lat' dir='ltr'><strong>a</strong></span> <span class='ocrx_word' id='word_1_225' title='bbox 1968 990 2173 1044; x_wconf 78' lang='lat' dir='ltr'><strong>dextris</strong></span> <span class='ocrx_word' id='word_1_226' title='bbox 2205 991 2361 1054; x_wconf 86' lang='lat' dir='ltr'><strong>meis,</strong></span> <span class='ocrx_word' id='word_1_227' title='bbox 2392 992 2564 1047; x_wconf 83' lang='lat' dir='ltr'><strong>donec</strong></span> <span class='ocrx_word' id='word_1_228' title='bbox 2601 1010 2796 1063; x_wconf 87' lang='lat' dir='ltr'><strong>ponam</strong></span> <span class='ocrx_word' id='word_1_229' title='bbox 2835 994 3089 1050; x_wconf 90' lang='lat' dir='ltr'><strong>inimicos</strong></span> <span class='ocrx_word' id='word_1_230' title='bbox 3116 1003 3240 1049; x_wconf 88' lang='lat' dir='ltr'><strong>tuos</strong></span> <span class='ocrx_word' id='word_1_231' title='bbox 3264 995 3473 1050; x_wconf 83' lang='lat' dir='ltr'><strong>scabel-</strong></span> 
     </span>
    </p>
   </div>
   <div class='ocr_carea' id='block_1_32' title="bbox 1903 1079 3467 1157">
    <p class='ocr_par' dir='ltr' id='par_1_32' title="bbox 1903 1079 3467 1157">
     <span class='ocr_line' id='line_1_32' title="bbox 1903 1079 3467 1157; baseline 0.006 -25"><span class='ocrx_word' id='word_1_232' title='bbox 1903 1079 2012 1133; x_wconf 90' lang='lat' dir='ltr'><strong>lum</strong></span> <span class='ocrx_word' id='word_1_233' title='bbox 2042 1082 2236 1150; x_wconf 88' lang='lat' dir='ltr'><strong>pedum</strong></span> <span class='ocrx_word' id='word_1_234' title='bbox 2267 1091 2485 1138; x_wconf 90' lang='lat' dir='ltr'><strong>tuorum</strong></span> <span class='ocrx_word' id='word_1_235' title='bbox 2510 1086 2587 1151; x_wconf 78' lang='lat'><strong>&quot;&#39;;</strong></span> <span class='ocrx_word' id='word_1_236' title='bbox 2616 1106 2633 1137; x_wconf 73' lang='grc' dir='ltr'><strong>ι</strong></span> <span class='ocrx_word' id='word_1_237' title='bbox 2665 1100 2762 1140; x_wconf 93' lang='lat' dir='ltr'><strong>nec</strong></span> <span class='ocrx_word' id='word_1_238' title='bbox 2784 1102 2891 1140; x_wconf 91' lang='lat' dir='ltr'><strong>non</strong></span> <span class='ocrx_word' id='word_1_239' title='bbox 2915 1086 3003 1140; x_wconf 91' lang='lat' dir='ltr'><strong>illa</strong></span> <span class='ocrx_word' id='word_1_240' title='bbox 3037 1105 3049 1141; x_wconf 93' lang='lat'>:</span> <span class='ocrx_word' id='word_1_241' title='bbox 3080 1106 3098 1137; x_wconf 76' lang='grc' dir='ltr'><strong>ι</strong></span> <span class='ocrx_word' id='word_1_242' title='bbox 3132 1086 3306 1155; x_wconf 90' lang='lat' dir='ltr'><strong>_Omne</strong></span> <span class='ocrx_word' id='word_1_243' title='bbox 3330 1104 3467 1157; x_wconf 77' lang='lat' dir='ltr'><strong>genu</strong></span> 
     </span>
    </p>
   </div>
   <div class='ocr_carea' id='block_1_33' title="bbox 1901 1170 3466 1247">
    <p class='ocr_par' dir='ltr' id='par_1_33' title="bbox 1901 1170 3466 1247">
     <span class='ocr_line' id='line_1_33' title="bbox 1901 1170 3466 1247; baseline 0.007 -23"><span class='ocrx_word' id='word_1_244' title='bbox 1901 1170 2151 1227; x_wconf 84' lang='lat' dir='ltr'><strong>ﬂectatur</strong></span> <span class='ocrx_word' id='word_1_245' title='bbox 2178 1176 2506 1239; x_wconf 64' lang='lat' dir='ltr'><strong>caelestium,</strong></span> <span class='ocrx_word' id='word_1_246' title='bbox 2541 1179 2877 1233; x_wconf 84' lang='lat' dir='ltr'><strong>terrestrium</strong></span> <span class='ocrx_word' id='word_1_247' title='bbox 2920 1188 2973 1234; x_wconf 90' lang='lat' dir='ltr'><strong>et</strong></span> <span class='ocrx_word' id='word_1_248' title='bbox 3006 1180 3342 1237; x_wconf 84' lang='lat' dir='ltr'><strong>infernarum</strong></span> <span class='ocrx_word' id='word_1_249' title='bbox 3368 1200 3382 1247; x_wconf 87' lang='lat'>;</span> <span class='ocrx_word' id='word_1_250' title='bbox 3413 1192 3466 1235; x_wconf 85' lang='lat' dir='ltr'><strong>et</strong></span> 
     </span>
    </p>
   </div>
   <div class='ocr_carea' id='block_1_34' title="bbox 1900 1266 3469 1339">
    <p class='ocr_par' dir='ltr' id='par_1_34' title="bbox 1900 1266 3469 1339">
     <span class='ocr_line' id='line_1_34' title="bbox 1900 1266 3469 1339; baseline 0.004 -21"><span class='ocrx_word' id='word_1_251' title='bbox 1900 1266 2079 1320; x_wconf 91' lang='lat' dir='ltr'><strong>omnis</strong></span> <span class='ocrx_word' id='word_1_252' title='bbox 2119 1268 2298 1337; x_wconf 80' lang='lat' dir='ltr'><strong>lingua</strong></span> <span class='ocrx_word' id='word_1_253' title='bbox 2334 1269 2657 1322; x_wconf 86' lang='lat' dir='ltr'><strong>confiteatur</strong></span> <span class='ocrx_word' id='word_1_254' title='bbox 2685 1270 2811 1339; x_wconf 85' lang='lat' dir='ltr'><strong>quia</strong></span> <span class='ocrx_word' id='word_1_255' title='bbox 2843 1269 3105 1327; x_wconf 88' lang='lat' dir='ltr'><strong>Dominus</strong></span> <span class='ocrx_word' id='word_1_256' title='bbox 3127 1271 3286 1326; x_wconf 80' lang='lat' dir='ltr'><strong>Jesus</strong></span> <span class='ocrx_word' id='word_1_257' title='bbox 3312 1271 3469 1327; x_wconf 85' lang='lat' dir='ltr'><strong>Chri-</strong></span> 
     </span>
    </p>
   </div>
   <div class='ocr_carea' id='block_1_35' title="bbox 1898 1357 3467 1432">
    <p class='ocr_par' dir='ltr' id='par_1_35' title="bbox 1898 1357 3467 1432">
     <span class='ocr_line' id='line_1_35' title="bbox 1898 1357 3467 1432; baseline 0.002 -22"><span class='ocrx_word' id='word_1_258' title='bbox 1898 1365 2016 1415; x_wconf 79' lang='lat' dir='ltr'><strong>stus</strong></span> <span class='ocrx_word' id='word_1_259' title='bbox 2040 1357 2107 1412; x_wconf 84' lang='grc'><strong>⁸⁸.</strong></span> <span class='ocrx_word' id='word_1_260' title='bbox 2142 1377 2161 1409; x_wconf 68' lang='grc' dir='ltr'><strong>ι</strong></span> <span class='ocrx_word' id='word_1_261' title='bbox 2193 1357 2345 1413; x_wconf 89' lang='lat' dir='ltr'><strong>Tunc</strong></span> <span class='ocrx_word' id='word_1_262' title='bbox 2374 1361 2517 1413; x_wconf 90' lang='lat' dir='ltr'><strong>enim</strong></span> <span class='ocrx_word' id='word_1_263' title='bbox 2541 1368 2593 1413; x_wconf 89' lang='lat' dir='ltr'><strong>et</strong></span> <span class='ocrx_word' id='word_1_264' title='bbox 2620 1362 2861 1430; x_wconf 84' lang='lat' dir='ltr'><strong>gentium</strong></span> <span class='ocrx_word' id='word_1_265' title='bbox 2891 1363 3225 1432; x_wconf 76' lang='lat' dir='ltr'><strong>exspectatio</strong></span> <span class='ocrx_word' id='word_1_266' title='bbox 3252 1378 3371 1431; x_wconf 83' lang='lat' dir='ltr'><strong>qua:</strong></span> <span class='ocrx_word' id='word_1_267' title='bbox 3401 1364 3467 1414; x_wconf 85' lang='lat' dir='ltr'><strong>ab</strong></span> 
     </span>
    </p>
   </div>
   <div class='ocr_carea' id='block_1_36' title="bbox 1898 1453 3464 1520">
    <p class='ocr_par' dir='ltr' id='par_1_36' title="bbox 1898 1453 3464 1520">
     <span class='ocr_line' id='line_1_36' title="bbox 1898 1453 3464 1520; baseline 0.003 -19"><span class='ocrx_word' id='word_1_268' title='bbox 1898 1462 1963 1502; x_wconf 83' lang='lat' dir='ltr'><strong>eo</strong></span> <span class='ocrx_word' id='word_1_269' title='bbox 1995 1455 2238 1519; x_wconf 82' lang='lat' dir='ltr'><strong>tempore</strong></span> <span class='ocrx_word' id='word_1_270' title='bbox 2290 1466 2462 1520; x_wconf 88' lang='lat' dir='ltr'><strong>usque</strong></span> <span class='ocrx_word' id='word_1_271' title='bbox 2527 1453 2595 1506; x_wconf 91' lang='lat' dir='ltr'><strong>ad</strong></span> <span class='ocrx_word' id='word_1_272' title='bbox 2654 1453 2785 1507; x_wconf 92' lang='lat' dir='ltr'><strong>illud</strong></span> <span class='ocrx_word' id='word_1_273' title='bbox 2840 1454 2893 1507; x_wconf 91' lang='lat' dir='ltr'><strong>in</strong></span> <span class='ocrx_word' id='word_1_274' title='bbox 2940 1468 3063 1508; x_wconf 91' lang='lat' dir='ltr'><strong>eum</strong></span> <span class='ocrx_word' id='word_1_275' title='bbox 3097 1455 3464 1518; x_wconf 81' lang='lat' dir='ltr'><strong>crediderunt,</strong></span> 
     </span>
    </p>
   </div>
   <div class='ocr_carea' id='block_1_37' title="bbox 1900 1541 3469 1617">
    <p class='ocr_par' dir='ltr' id='par_1_37' title="bbox 1900 1541 3469 1617">
     <span class='ocr_line' id='line_1_37' title="bbox 1900 1541 3469 1617; baseline 0.003 -22"><span class='ocrx_word' id='word_1_276' title='bbox 1900 1541 2321 1609; x_wconf 84' lang='lat' dir='ltr'><strong>promissionum</strong></span> <span class='ocrx_word' id='word_1_277' title='bbox 2346 1546 2871 1599; x_wconf 76' lang='lat' dir='ltr'><strong>consummationem</strong></span> <span class='ocrx_word' id='word_1_278' title='bbox 2894 1547 3119 1609; x_wconf 79' lang='lat' dir='ltr'><strong>videbit,</strong></span> <span class='ocrx_word' id='word_1_279' title='bbox 3142 1554 3469 1617; x_wconf 87' lang='lat' dir='ltr'><strong>speratoque</strong></span> 
     </span>
    </p>
   </div>
   <div class='ocr_carea' id='block_1_38' title="bbox 1897 1633 3468 1709">
    <p class='ocr_par' dir='ltr' id='par_1_38' title="bbox 1897 1633 3468 1709">
     <span class='ocr_line' id='line_1_38' title="bbox 1897 1633 3468 1709; baseline 0.004 -25"><span class='ocrx_word' id='word_1_280' title='bbox 1897 1633 2158 1687; x_wconf 85' lang='lat' dir='ltr'><strong>ccelorum</strong></span> <span class='ocrx_word' id='word_1_281' title='bbox 2183 1650 2357 1704; x_wconf 78' lang='lat' dir='ltr'><strong>regno</strong></span> <span class='ocrx_word' id='word_1_282' title='bbox 2379 1637 2635 1705; x_wconf 90' lang='lat' dir='ltr'><strong>potietur.</strong></span> <span class='ocrx_word' id='word_1_283' title='bbox 2668 1636 2792 1692; x_wconf 64' lang='lat' dir='ltr'><strong>Eme</strong></span> <span class='ocrx_word' id='word_1_284' title='bbox 2814 1638 3029 1709; x_wconf 87' lang='lat' dir='ltr'><strong>quidem</strong></span> <span class='ocrx_word' id='word_1_285' title='bbox 3062 1639 3166 1702; x_wconf 81' lang='lat' dir='ltr'><strong>ita;</strong></span> <span class='ocrx_word' id='word_1_286' title='bbox 3195 1654 3315 1708; x_wconf 65' lang='lat' dir='ltr'><strong>quae</strong></span> <span class='ocrx_word' id='word_1_287' title='bbox 3339 1654 3468 1694; x_wconf 82' lang='lat' dir='ltr'><strong>vero</strong></span> 
     </span>
    </p>
   </div>
   <div class='ocr_carea' id='block_1_39' title="bbox 1896 1726 3461 1798">
    <p class='ocr_par' dir='ltr' id='par_1_39' title="bbox 1896 1726 3461 1798">
     <span class='ocr_line' id='line_1_39' title="bbox 1896 1726 3461 1798; baseline 0.001 -20"><span class='ocrx_word' id='word_1_288' title='bbox 1896 1733 2203 1795; x_wconf 73' lang='lat' dir='ltr'><strong>sequuntur</strong></span> <span class='ocrx_word' id='word_1_289' title='bbox 2236 1745 2251 1781; x_wconf 91' lang='lat'><strong>:</strong></span> <span class='ocrx_word' id='word_1_290' title='bbox 2292 1740 2313 1776; x_wconf 64' lang='grc' dir='ltr'><em>ρ</em></span> <span class='ocrx_word' id='word_1_291' title='bbox 2367 1726 2565 1798; x_wconf 77' lang='lat' dir='ltr'><strong>Ligans</strong></span> <span class='ocrx_word' id='word_1_292' title='bbox 2613 1728 2683 1785; x_wconf 81' lang='lat' dir='ltr'><strong>ad</strong></span> <span class='ocrx_word' id='word_1_293' title='bbox 2725 1729 2934 1782; x_wconf 88' lang='lat' dir='ltr'><strong>vineam</strong></span> <span class='ocrx_word' id='word_1_294' title='bbox 2969 1729 3175 1798; x_wconf 92' lang='lat' dir='ltr'><strong>pullum</strong></span> <span class='ocrx_word' id='word_1_295' title='bbox 3209 1744 3365 1783; x_wconf 92' lang='lat' dir='ltr'><strong>suum</strong></span> <span class='ocrx_word' id='word_1_296' title='bbox 3392 1770 3407 1790; x_wconf 84' lang='grc'><strong>,</strong></span> <span class='ocrx_word' id='word_1_297' title='bbox 3444 1751 3461 1780; x_wconf 73' lang='grc' dir='ltr'><strong>ι</strong></span> 
     </span>
    </p>
   </div>
   <div class='ocr_carea' id='block_1_40' title="bbox 1896 1817 3465 1890">
    <p class='ocr_par' dir='ltr' id='par_1_40' title="bbox 1896 1817 3465 1890">
     <span class='ocr_line' id='line_1_40' title="bbox 1896 1817 3465 1890; baseline 0.004 -22"><span class='ocrx_word' id='word_1_298' title='bbox 1896 1817 2189 1886; x_wconf 77' lang='lat' dir='ltr'><strong>allegorice</strong></span> <span class='ocrx_word' id='word_1_299' title='bbox 2212 1817 2620 1888; x_wconf 78' lang='lat' dir='ltr'><strong>interpretanda</strong></span> <span class='ocrx_word' id='word_1_300' title='bbox 2644 1821 2905 1876; x_wconf 81' lang='lat' dir='ltr'><strong>studiosis</strong></span> <span class='ocrx_word' id='word_1_301' title='bbox 2925 1821 3057 1875; x_wconf 81' lang='lat' dir='ltr'><strong>viris</strong></span> <span class='ocrx_word' id='word_1_302' title='bbox 3079 1820 3465 1890; x_wconf 86' lang='lat' dir='ltr'><strong>relinquemus,</strong></span> 
     </span>
    </p>
   </div>
   <div class='ocr_carea' id='block_1_41' title="bbox 1896 1909 3469 1982">
    <p class='ocr_par' dir='ltr' id='par_1_41' title="bbox 1896 1909 3469 1982">
     <span class='ocr_line' id='line_1_41' title="bbox 1896 1909 3469 1982; baseline 0.001 -20"><span class='ocrx_word' id='word_1_303' title='bbox 1896 1909 2150 1978; x_wconf 88' lang='lat' dir='ltr'><strong>pluribus</strong></span> <span class='ocrx_word' id='word_1_304' title='bbox 2186 1910 2298 1979; x_wconf 87' lang='lat' dir='ltr'><strong>jam</strong></span> <span class='ocrx_word' id='word_1_305' title='bbox 2338 1912 2520 1978; x_wconf 71' lang='lat' dir='ltr'><strong>dictis,</strong></span> <span class='ocrx_word' id='word_1_306' title='bbox 2565 1927 2675 1966; x_wconf 89' lang='lat' dir='ltr'><strong>non</strong></span> <span class='ocrx_word' id='word_1_307' title='bbox 2711 1912 2857 1981; x_wconf 88' lang='lat' dir='ltr'><strong>quod</strong></span> <span class='ocrx_word' id='word_1_308' title='bbox 2898 1911 2964 1965; x_wconf 89' lang='lat' dir='ltr'><strong>ad</strong></span> <span class='ocrx_word' id='word_1_309' title='bbox 3001 1912 3337 1982; x_wconf 88' lang='lat' dir='ltr'><strong>propositum</strong></span> <span class='ocrx_word' id='word_1_310' title='bbox 3370 1927 3469 1965; x_wconf 88' lang='lat' dir='ltr'><strong>no-</strong></span> 
     </span>
    </p>
   </div>
   <div class='ocr_carea' id='block_1_42' title="bbox 1894 2003 3465 2075">
    <p class='ocr_par' dir='ltr' id='par_1_42' title="bbox 1894 2003 3465 2075">
     <span class='ocr_line' id='line_1_42' title="bbox 1894 2003 3465 2075; baseline 0 -20"><span class='ocrx_word' id='word_1_311' title='bbox 1894 2008 2100 2067; x_wconf 90' lang='lat' dir='ltr'><strong>strum;</strong></span> <span class='ocrx_word' id='word_1_312' title='bbox 2133 2005 2335 2074; x_wconf 79' lang='lat' dir='ltr'><strong>quippe</strong></span> <span class='ocrx_word' id='word_1_313' title='bbox 2364 2014 2484 2073; x_wconf 59' lang='lat' dir='ltr'><strong>qua)</strong></span> <span class='ocrx_word' id='word_1_314' title='bbox 2529 2004 2597 2057; x_wconf 85' lang='lat' dir='ltr'><strong>ad</strong></span> <span class='ocrx_word' id='word_1_315' title='bbox 2633 2003 2778 2057; x_wconf 87' lang='lat' dir='ltr'><strong>hunc</strong></span> <span class='ocrx_word' id='word_1_316' title='bbox 2818 2004 2991 2057; x_wconf 91' lang='lat' dir='ltr'><strong>locum</strong></span> <span class='ocrx_word' id='word_1_317' title='bbox 3029 2005 3310 2075; x_wconf 79' lang='lat' dir='ltr'><strong>perSpicue</strong></span> <span class='ocrx_word' id='word_1_318' title='bbox 3340 2004 3465 2057; x_wconf 81' lang='lat' dir='ltr'><strong>illu-</strong></span> 
     </span>
    </p>
   </div>
   <div class='ocr_carea' id='block_1_43' title="bbox 1894 2093 2647 2163">
    <p class='ocr_par' dir='ltr' id='par_1_43' title="bbox 1894 2093 2647 2163">
     <span class='ocr_line' id='line_1_43' title="bbox 1894 2093 2647 2163; baseline 0.007 -19"><span class='ocrx_word' id='word_1_319' title='bbox 1894 2093 2181 2146; x_wconf 75' lang='lat' dir='ltr'><strong>strandum</strong></span> <span class='ocrx_word' id='word_1_320' title='bbox 2220 2096 2647 2163; x_wconf 80' lang='lat' dir='ltr'><strong>requirerentur.</strong></span> 
     </span>
    </p>
   </div>
   <div class='ocr_carea' id='block_1_44' title="bbox 218 2166 3466 2265">
    <p class='ocr_par' dir='ltr' id='par_1_44' title="bbox 218 2166 3466 2265">
     <span class='ocr_line' id='line_1_44' title="bbox 218 2166 3466 2265; baseline 0.006 -45"><span class='ocrx_word' id='word_1_321' title='bbox 218 2166 458 2231; x_wconf 77' lang='grc' dir='ltr'>ἀπὸτοῦ,</span> <span class='ocrx_word' id='word_1_322' title='bbox 490 2187 507 2218; x_wconf 77' lang='grc' dir='ltr'><strong>ι</strong></span> <span class='ocrx_word' id='word_1_323' title='bbox 532 2168 817 2257; x_wconf 71' lang='grc' dir='ltr'>Δεσμεύων</span> <span class='ocrx_word' id='word_1_324' title='bbox 856 2170 989 2241; x_wconf 86' lang='grc' dir='ltr'>πρὸς</span> <span class='ocrx_word' id='word_1_325' title='bbox 1025 2171 1269 2241; x_wconf 76' lang='grc' dir='ltr'>ἄμπελον</span> <span class='ocrx_word' id='word_1_326' title='bbox 1306 2174 1396 2228; x_wconf 89' lang='grc' dir='ltr'><strong>τὸν</strong></span> <span class='ocrx_word' id='word_1_327' title='bbox 1422 2175 1598 2228; x_wconf 88' lang='grc' dir='ltr'>πῶλον</span> <span class='ocrx_word' id='word_1_328' title='bbox 1623 2177 1806 2241; x_wconf 80' lang='grc' dir='ltr'>αὐτοῦ,</span> <span class='ocrx_word' id='word_1_329' title='bbox 1852 2200 1871 2232; x_wconf 71' lang='grc' dir='ltr'><strong>ι</strong></span> <span class='ocrx_word' id='word_1_330' title='bbox 1912 2185 2010 2253; x_wconf 79' lang='grc' dir='ltr'>τῆς</span> <span class='ocrx_word' id='word_1_331' title='bbox 2039 2185 2104 2236; x_wconf 77' lang='grc' dir='ltr'>δι’</span> <span class='ocrx_word' id='word_1_332' title='bbox 2136 2185 2459 2257; x_wconf 74' lang='grc' dir='ltr'>ἀλληγορίας</span> <span class='ocrx_word' id='word_1_333' title='bbox 2492 2188 2744 2250; x_wconf 81' lang='grc' dir='ltr'>ὑπονοίας</span> <span class='ocrx_word' id='word_1_334' title='bbox 2782 2187 3061 2258; x_wconf 67' lang='grc' dir='ltr'>ἠρτημένα</span> <span class='ocrx_word' id='word_1_335' title='bbox 3100 2179 3207 2250; x_wconf 78' lang='grc' dir='ltr'>τοῖς</span> <span class='ocrx_word' id='word_1_336' title='bbox 3240 2187 3466 2265; x_wconf 71' lang='grc' dir='ltr'>φιλομα-</span> 
     </span>
    </p>
   </div>
   <div class='ocr_carea' id='block_1_45' title="bbox 221 2259 3463 2350">
    <p class='ocr_par' dir='ltr' id='par_1_45' title="bbox 221 2259 3463 2350">
     <span class='ocr_line' id='line_1_45' title="bbox 221 2259 3463 2350; baseline 0.008 -38"><span class='ocrx_word' id='word_1_337' title='bbox 221 2260 338 2312; x_wconf 84' lang='grc' dir='ltr'>θέσι</span> <span class='ocrx_word' id='word_1_338' title='bbox 395 2259 577 2333; x_wconf 79' lang='grc' dir='ltr'>ζητεῖν</span> <span class='ocrx_word' id='word_1_339' title='bbox 613 2260 1043 2332; x_wconf 72' lang='grc' dir='ltr'>καταλείψομεν,</span> <span class='ocrx_word' id='word_1_340' title='bbox 1108 2264 1495 2330; x_wconf 78' lang='grc' dir='ltr'>πλεονάσαντες</span> <span class='ocrx_word' id='word_1_341' title='bbox 1529 2269 1621 2320; x_wconf 79' lang='grc' dir='ltr'>καὶ</span> <span class='ocrx_word' id='word_1_342' title='bbox 1659 2270 1718 2321; x_wconf 82' lang='grc' dir='ltr'>ὲν</span> <span class='ocrx_word' id='word_1_343' title='bbox 1754 2275 1865 2336; x_wconf 86' lang='grc' dir='ltr'>τοῖς</span> <span class='ocrx_word' id='word_1_344' title='bbox 1901 2276 2241 2347; x_wconf 69' lang='grc' dir='ltr'>εἰρημένοις,</span> <span class='ocrx_word' id='word_1_345' title='bbox 2293 2281 2354 2331; x_wconf 76' lang='grc' dir='ltr'>οὐ</span> <span class='ocrx_word' id='word_1_346' title='bbox 2395 2280 2533 2333; x_wconf 84' lang='grc' dir='ltr'>κατὰ</span> <span class='ocrx_word' id='word_1_347' title='bbox 2581 2280 2672 2332; x_wconf 89' lang='grc' dir='ltr'><strong>τὸν</strong></span> <span class='ocrx_word' id='word_1_348' title='bbox 2718 2279 3045 2350; x_wconf 80' lang='grc' dir='ltr'>προτεθέντα</span> <span class='ocrx_word' id='word_1_349' title='bbox 3101 2280 3197 2350; x_wconf 83' lang='grc' dir='ltr'>μὲν</span> <span class='ocrx_word' id='word_1_350' title='bbox 3244 2259 3463 2339; x_wconf 61' lang='grc' dir='ltr'>σκοπὸῆ</span> 
     </span>
    </p>
   </div>
   <div class='ocr_carea' id='block_1_46' title="bbox 217 2352 2116 2431">
    <p class='ocr_par' dir='ltr' id='par_1_46' title="bbox 217 2352 2116 2431">
     <span class='ocr_line' id='line_1_46' title="bbox 217 2352 2116 2431; baseline 0.01 -27"><span class='ocrx_word' id='word_1_351' title='bbox 217 2360 365 2426; x_wconf 75' lang='grc' dir='ltr'>ὅμως</span> <span class='ocrx_word' id='word_1_352' title='bbox 384 2352 427 2406; x_wconf 74' lang='grc' dir='ltr'>δ’</span> <span class='ocrx_word' id='word_1_353' title='bbox 449 2353 508 2417; x_wconf 79' lang='grc' dir='ltr'>ἐξ</span> <span class='ocrx_word' id='word_1_354' title='bbox 529 2354 772 2426; x_wconf 81' lang='grc' dir='ltr'>ἀνάγκης</span> <span class='ocrx_word' id='word_1_355' title='bbox 800 2355 941 2427; x_wconf 85' lang='grc' dir='ltr'>ὑπὲρ</span> <span class='ocrx_word' id='word_1_356' title='bbox 964 2358 1164 2426; x_wconf 79' lang='grc' dir='ltr'>σαφοῦς</span> <span class='ocrx_word' id='word_1_357' title='bbox 1184 2359 1484 2431; x_wconf 80' lang='grc' dir='ltr'>διηγήσεως</span> <span class='ocrx_word' id='word_1_358' title='bbox 1508 2362 1614 2415; x_wconf 88' lang='grc' dir='ltr'><strong>τῶν</strong></span> <span class='ocrx_word' id='word_1_359' title='bbox 1642 2364 1781 2417; x_wconf 78' lang='grc' dir='ltr'>κατὰ</span> <span class='ocrx_word' id='word_1_360' title='bbox 1818 2367 1906 2419; x_wconf 83' lang='grc' dir='ltr'><strong>τὸν</strong></span> <span class='ocrx_word' id='word_1_361' title='bbox 1935 2370 2116 2423; x_wconf 89' lang='grc' dir='ltr'>τόπον.</span> 
     </span>
    </p>
   </div>
   <div class='ocr_carea' id='block_1_47' title="bbox 748 2449 1257 2503">
    <p class='ocr_par' dir='ltr' id='par_1_47' title="bbox 748 2449 1257 2503">
     <span class='ocr_line' id='line_1_47' title="bbox 748 2449 1257 2503; baseline 0.006 -4"><span class='ocrx_word' id='word_1_362' title='bbox 748 2449 1142 2502; x_wconf 76' lang='grc' dir='ltr'><strong>ΚΕΦΛΛΑΙΟΝ</strong></span> <span class='ocrx_word' id='word_1_363' title='bbox 1180 2450 1257 2503; x_wconf 73' lang='grc' dir='ltr'><strong>Θν.</strong></span> 
     </span>
    </p>
   </div>
   <div class='ocr_carea' id='block_1_48' title="bbox 720 2537 1297 2607">
    <p class='ocr_par' dir='ltr' id='par_1_48' title="bbox 720 2537 1297 2607">
     <span class='ocr_line' id='line_1_48' title="bbox 720 2537 1297 2607; baseline 0.012 -16"><span class='ocrx_word' id='word_1_364' title='bbox 720 2540 852 2592; x_wconf 79' lang='grc' dir='ltr'>Ἀπὸ</span> <span class='ocrx_word' id='word_1_365' title='bbox 888 2537 999 2607; x_wconf 82' lang='grc' dir='ltr'><strong>τῆς</strong></span> <span class='ocrx_word' id='word_1_366' title='bbox 1036 2540 1297 2605; x_wconf 82' lang='grc' dir='ltr'>Ὲξόδου.</span> 
     </span>
    </p>
   </div>
   <div class='ocr_carea' id='block_1_49' title="bbox 297 2626 1789 2708">
    <p class='ocr_par' dir='ltr' id='par_1_49' title="bbox 297 2626 1789 2708">
     <span class='ocr_line' id='line_1_49' title="bbox 297 2626 1789 2708; baseline 0.005 -26"><span class='ocrx_word' id='word_1_367' title='bbox 297 2649 316 2682; x_wconf 77' lang='grc' dir='ltr'><strong>ι</strong></span> <span class='ocrx_word' id='word_1_368' title='bbox 346 2630 453 2683; x_wconf 78' lang='grc' dir='ltr'><strong>Καὶ</strong></span> <span class='ocrx_word' id='word_1_369' title='bbox 480 2630 719 2700; x_wconf 80' lang='grc' dir='ltr'>Μωῦσῆς</span> <span class='ocrx_word' id='word_1_370' title='bbox 736 2626 804 2701; x_wconf 81' lang='grc' dir='ltr'>ἦν</span> <span class='ocrx_word' id='word_1_371' title='bbox 819 2632 1120 2701; x_wconf 87' lang='grc' dir='ltr'>ποιμαίνων</span> <span class='ocrx_word' id='word_1_372' title='bbox 1144 2632 1210 2685; x_wconf 75' lang='grc' dir='ltr'><strong>τά</strong></span> <span class='ocrx_word' id='word_1_373' title='bbox 1235 2634 1482 2704; x_wconf 78' lang='grc' dir='ltr'>πρόϐατα</span> <span class='ocrx_word' id='word_1_374' title='bbox 1508 2635 1671 2708; x_wconf 86' lang='grc' dir='ltr'>Ἰοθόρ</span> <span class='ocrx_word' id='word_1_375' title='bbox 1693 2637 1789 2690; x_wconf 85' lang='grc' dir='ltr'><strong>τοῦ</strong></span> 
     </span>
    </p>
   </div>
   <div class='ocr_carea' id='block_1_50' title="bbox 217 2722 1792 2799">
    <p class='ocr_par' dir='ltr' id='par_1_50' title="bbox 217 2722 1792 2799">
     <span class='ocr_line' id='line_1_50' title="bbox 217 2722 1792 2799; baseline 0.002 -21"><span class='ocrx_word' id='word_1_376' title='bbox 217 2725 282 2794; x_wconf 69' lang='grc' dir='ltr'><strong>(ί.</strong></span> <span class='ocrx_word' id='word_1_377' title='bbox 310 2723 364 2794; x_wconf 88' lang='grc'><strong>8)</strong></span> <span class='ocrx_word' id='word_1_378' title='bbox 390 2723 639 2795; x_wconf 78' lang='grc' dir='ltr'>γαμϐροῦ</span> <span class='ocrx_word' id='word_1_379' title='bbox 660 2722 853 2777; x_wconf 78' lang='grc' dir='ltr'>αὑτοῦ.</span> <span class='ocrx_word' id='word_1_380' title='bbox 882 2743 900 2774; x_wconf 86' lang='grc'><strong>›</strong></span> <span class='ocrx_word' id='word_1_381' title='bbox 930 2723 1038 2776; x_wconf 73' lang='grc' dir='ltr'><strong>Καὶ</strong></span> <span class='ocrx_word' id='word_1_382' title='bbox 1073 2725 1191 2794; x_wconf 89' lang='grc' dir='ltr'>μετ’</span> <span class='ocrx_word' id='word_1_383' title='bbox 1218 2725 1372 2794; x_wconf 81' lang='grc' dir='ltr'>ὀλίγα</span> <span class='ocrx_word' id='word_1_384' title='bbox 1396 2746 1407 2757; x_wconf 84' lang='grc'>·</span> <span class='ocrx_word' id='word_1_385' title='bbox 1441 2747 1460 2778; x_wconf 85' lang='grc'><strong><em>‹</em></strong></span> <span class='ocrx_word' id='word_1_386' title='bbox 1486 2729 1594 2782; x_wconf 80' lang='grc' dir='ltr'><strong>Καὶ</strong></span> <span class='ocrx_word' id='word_1_387' title='bbox 1631 2724 1792 2799; x_wconf 82' lang='grc' dir='ltr'>ἦλθον</span> 
     </span>
    </p>
   </div>
   <div class='ocr_carea' id='block_1_51' title="bbox 215 2802 1791 2892">
    <p class='ocr_par' dir='ltr' id='par_1_51' title="bbox 215 2802 1791 2892">
     <span class='ocr_line' id='line_1_51' title="bbox 215 2802 1791 2892; baseline 0.002 -22"><span class='ocrx_word' id='word_1_388' title='bbox 215 2822 298 2881; x_wconf 85' lang='grc' dir='ltr'><strong>είς</strong></span> <span class='ocrx_word' id='word_1_389' title='bbox 318 2817 377 2870; x_wconf 90' lang='grc' dir='ltr'><strong>τὸ</strong></span> <span class='ocrx_word' id='word_1_390' title='bbox 401 2817 523 2887; x_wconf 76' lang='grc' dir='ltr'>ὅρος</span> <span class='ocrx_word' id='word_1_391' title='bbox 547 2816 642 2869; x_wconf 89' lang='grc' dir='ltr'><strong>τοῦ</strong></span> <span class='ocrx_word' id='word_1_392' title='bbox 663 2815 797 2869; x_wconf 82' lang='grc' dir='ltr'>Θεοῦ</span> <span class='ocrx_word' id='word_1_393' title='bbox 820 2817 1023 2888; x_wconf 80' lang='grc' dir='ltr'>Χωρήὸ</span> <span class='ocrx_word' id='word_1_394' title='bbox 1043 2802 1237 2889; x_wconf 72' lang='grc' dir='ltr'>’ὤφθη</span> <span class='ocrx_word' id='word_1_395' title='bbox 1264 2820 1317 2872; x_wconf 87' lang='grc' dir='ltr'>δὲ</span> <span class='ocrx_word' id='word_1_396' title='bbox 1341 2820 1569 2888; x_wconf 81' lang='grc' dir='ltr'>ἄγγελος</span> <span class='ocrx_word' id='word_1_397' title='bbox 1586 2822 1791 2892; x_wconf 76' lang='grc' dir='ltr'>Κυρίου</span> 
     </span>
    </p>
   </div>
   <div class='ocr_carea' id='block_1_52' title="bbox 2494 2462 2866 2523">
    <p class='ocr_par' dir='ltr' id='par_1_52' title="bbox 2494 2462 2866 2523">
     <span class='ocr_line' id='line_1_52' title="bbox 2494 2462 2866 2523; baseline 0.011 -4"><span class='ocrx_word' id='word_1_398' title='bbox 2494 2465 2720 2521; x_wconf 84' lang='lat' dir='ltr'><strong>CAPUT</strong></span> <span class='ocrx_word' id='word_1_399' title='bbox 2775 2462 2866 2523; x_wconf 78' lang='lat' dir='ltr'><strong>IX.</strong></span> 
     </span>
    </p>
   </div>
   <div class='ocr_carea' id='block_1_53' title="bbox 2508 2560 2832 2614">
    <p class='ocr_par' dir='ltr' id='par_1_53' title="bbox 2508 2560 2832 2614">
     <span class='ocr_line' id='line_1_53' title="bbox 2508 2560 2832 2614; baseline 0.006 -2"><span class='ocrx_word' id='word_1_400' title='bbox 2508 2560 2589 2612; x_wconf 83' lang='lat' dir='ltr'><strong>Ab</strong></span> <span class='ocrx_word' id='word_1_401' title='bbox 2627 2560 2832 2614; x_wconf 73' lang='lat' dir='ltr'><strong>Exodo.</strong></span> 
     </span>
    </p>
   </div>
   <div class='ocr_carea' id='block_1_54' title="bbox 1975 2646 3463 2720">
    <p class='ocr_par' dir='ltr' id='par_1_54' title="bbox 1975 2646 3463 2720">
     <span class='ocr_line' id='line_1_54' title="bbox 1975 2646 3463 2720; baseline 0.008 -23"><span class='ocrx_word' id='word_1_402' title='bbox 1975 2663 1993 2697; x_wconf 78' lang='grc' dir='ltr'><strong>ι</strong></span> <span class='ocrx_word' id='word_1_403' title='bbox 2044 2646 2258 2719; x_wconf 77' lang='lat' dir='ltr'><strong>Moyses</strong></span> <span class='ocrx_word' id='word_1_404' title='bbox 2326 2658 2509 2705; x_wconf 77' lang='lat' dir='ltr'><strong>autem</strong></span> <span class='ocrx_word' id='word_1_405' title='bbox 2566 2654 2824 2720; x_wconf 84' lang='lat' dir='ltr'><strong>pascebat</strong></span> <span class='ocrx_word' id='word_1_406' title='bbox 2870 2668 2997 2708; x_wconf 75' lang='lat' dir='ltr'><strong>oves</strong></span> <span class='ocrx_word' id='word_1_407' title='bbox 3057 2652 3243 2708; x_wconf 84' lang='lat' dir='ltr'><strong>Jetbro</strong></span> <span class='ocrx_word' id='word_1_408' title='bbox 3290 2658 3463 2709; x_wconf 87' lang='lat' dir='ltr'><strong>soceri</strong></span> 
     </span>
    </p>
   </div>
   <div class='ocr_carea' id='block_1_55' title="bbox 1898 2738 3464 2814">
    <p class='ocr_par' dir='ltr' id='par_1_55' title="bbox 1898 2738 3464 2814">
     <span class='ocr_line' id='line_1_55' title="bbox 1898 2738 3464 2814; baseline 0.005 -21"><span class='ocrx_word' id='word_1_409' title='bbox 1898 2739 1983 2793; x_wconf 86' lang='lat' dir='ltr'><strong>sui</strong></span> <span class='ocrx_word' id='word_1_410' title='bbox 2014 2739 2083 2794; x_wconf 82' lang='grc'><strong>⁸⁷.</strong></span> <span class='ocrx_word' id='word_1_411' title='bbox 2118 2758 2141 2791; x_wconf 79' lang='lat' dir='ltr'><strong>r</strong></span> <span class='ocrx_word' id='word_1_412' title='bbox 2164 2738 2230 2793; x_wconf 83' lang='lat' dir='ltr'><strong>Et</strong></span> <span class='ocrx_word' id='word_1_413' title='bbox 2264 2750 2386 2811; x_wconf 86' lang='lat' dir='ltr'><strong>post</strong></span> <span class='ocrx_word' id='word_1_414' title='bbox 2417 2758 2629 2813; x_wconf 84' lang='lat' dir='ltr'><strong>pauca:</strong></span> <span class='ocrx_word' id='word_1_415' title='bbox 2661 2763 2679 2794; x_wconf 75' lang='grc' dir='ltr'><strong>ι</strong></span> <span class='ocrx_word' id='word_1_416' title='bbox 2714 2743 2981 2814; x_wconf 81' lang='lat' dir='ltr'><strong>Venitque</strong></span> <span class='ocrx_word' id='word_1_417' title='bbox 3018 2746 3079 2799; x_wconf 87' lang='lat' dir='ltr'><strong>ad</strong></span> <span class='ocrx_word' id='word_1_418' title='bbox 3109 2756 3341 2800; x_wconf 88' lang='lat' dir='ltr'><strong>montem</strong></span> <span class='ocrx_word' id='word_1_419' title='bbox 3372 2746 3464 2801; x_wconf 86' lang='lat' dir='ltr'><strong>Dei</strong></span> 
     </span>
    </p>
   </div>
   <div class='ocr_carea' id='block_1_56' title="bbox 1903 2819 3463 2905">
    <p class='ocr_par' dir='ltr' id='par_1_56' title="bbox 1903 2819 3463 2905">
     <span class='ocr_line' id='line_1_56' title="bbox 1903 2819 3463 2905; baseline 0.004 -23"><span class='ocrx_word' id='word_1_420' title='bbox 1903 2829 2111 2896; x_wconf 80' lang='lat' dir='ltr'><strong>lloreb;</strong></span> <span class='ocrx_word' id='word_1_421' title='bbox 2150 2834 2508 2902; x_wconf 83' lang='lat' dir='ltr'><strong>apparuitque</strong></span> <span class='ocrx_word' id='word_1_422' title='bbox 2539 2834 2589 2889; x_wconf 89' lang='lat' dir='ltr'><strong>ei</strong></span> <span class='ocrx_word' id='word_1_423' title='bbox 2635 2833 2847 2889; x_wconf 88' lang='lat' dir='ltr'><strong>Domini</strong></span> <span class='ocrx_word' id='word_1_424' title='bbox 2883 2836 3105 2905; x_wconf 77' lang='lat' dir='ltr'><strong>angelus</strong></span> <span class='ocrx_word' id='word_1_425' title='bbox 3152 2819 3207 2889; x_wconf 78' lang='lat' dir='ltr'><strong>in</strong></span> <span class='ocrx_word' id='word_1_426' title='bbox 3250 2838 3463 2891; x_wconf 78' lang='lat' dir='ltr'><strong>flamma</strong></span> 
     </span>
    </p>
   </div>
   <div class='ocr_carea' id='block_1_57' title="bbox 216 2907 1793 3001">
    <p class='ocr_par' dir='ltr' id='par_1_57' title="bbox 216 2907 1792 2981">
     <span class='ocr_line' id='line_1_57' title="bbox 216 2907 1792 2981; baseline 0.002 -19"><span class='ocrx_word' id='word_1_427' title='bbox 216 2907 367 2981; x_wconf 78' lang='grc' dir='ltr'>αὐτῷ</span> <span class='ocrx_word' id='word_1_428' title='bbox 407 2912 464 2962; x_wconf 84' lang='grc' dir='ltr'><strong>ἐν</strong></span> <span class='ocrx_word' id='word_1_429' title='bbox 509 2909 667 2979; x_wconf 77' lang='grc' dir='ltr'>φλογὶ</span> <span class='ocrx_word' id='word_1_430' title='bbox 706 2910 895 2980; x_wconf 88' lang='grc' dir='ltr'>πυρός.</span> <span class='ocrx_word' id='word_1_431' title='bbox 931 2929 948 2959; x_wconf 73' lang='grc' dir='ltr'><strong>ι</strong></span> <span class='ocrx_word' id='word_1_432' title='bbox 996 2909 1106 2962; x_wconf 77' lang='grc' dir='ltr'><strong>Καὶ</strong></span> <span class='ocrx_word' id='word_1_433' title='bbox 1159 2911 1279 2981; x_wconf 83' lang='grc' dir='ltr'>μέθ’</span> <span class='ocrx_word' id='word_1_434' title='bbox 1307 2912 1503 2980; x_wconf 70' lang='grc' dir='ltr'>ἕτεραο</span> <span class='ocrx_word' id='word_1_435' title='bbox 1542 2931 1560 2963; x_wconf 74' lang='grc' dir='ltr'><strong>ι</strong></span> <span class='ocrx_word' id='word_1_436' title='bbox 1610 2914 1698 2975; x_wconf 81' lang='grc' dir='ltr'>Ὠς</span> <span class='ocrx_word' id='word_1_437' title='bbox 1734 2912 1792 2965; x_wconf 80' lang='grc' dir='ltr'>δὲ</span> 
     </span>
    </p>
   </div>
   <div class='ocr_carea' id='block_1_58' title="bbox 1899 2907 3466 3001">
    <p class='ocr_par' dir='ltr' id='par_1_58' title="bbox 1901 2920 3466 2990">
     <span class='ocr_line' id='line_1_58' title="bbox 1901 2920 3466 2990; baseline 0.005 -17"><span class='ocrx_word' id='word_1_438' title='bbox 1901 2920 2042 2990; x_wconf 80' lang='lat' dir='ltr'><strong>ignis</strong></span> <span class='ocrx_word' id='word_1_439' title='bbox 2072 2922 2153 2988; x_wconf 82' lang='grc'><strong>⁸⁸;</strong></span> <span class='ocrx_word' id='word_1_440' title='bbox 2194 2942 2211 2972; x_wconf 73' lang='grc' dir='ltr'><strong>ι</strong></span> <span class='ocrx_word' id='word_1_441' title='bbox 2246 2938 2310 2976; x_wconf 89' lang='lat' dir='ltr'><strong>ac</strong></span> <span class='ocrx_word' id='word_1_442' title='bbox 2359 2924 2556 2979; x_wconf 84' lang='lat' dir='ltr'><strong>deinde</strong></span> <span class='ocrx_word' id='word_1_443' title='bbox 2592 2944 2603 2978; x_wconf 94' lang='lat'><strong>:</strong></span> <span class='ocrx_word' id='word_1_444' title='bbox 2640 2944 2659 2975; x_wconf 75' lang='grc' dir='ltr'><strong>ι</strong></span> <span class='ocrx_word' id='word_1_445' title='bbox 2691 2924 2934 2981; x_wconf 90' lang='lat' dir='ltr'><strong>Cernens</strong></span> <span class='ocrx_word' id='word_1_446' title='bbox 2973 2933 3150 2979; x_wconf 87' lang='lat' dir='ltr'><strong>autem</strong></span> <span class='ocrx_word' id='word_1_447' title='bbox 3203 2925 3466 2981; x_wconf 86' lang='lat' dir='ltr'><strong>Dominus</strong></span> 
     </span>
    </p>
   </div>
   <div class='ocr_carea' id='block_1_59' title="bbox 215 2997 1791 3073">
    <p class='ocr_par' dir='ltr' id='par_1_59' title="bbox 215 2997 1791 3073">
     <span class='ocr_line' id='line_1_59' title="bbox 215 2997 1791 3073; baseline 0.001 -18"><span class='ocrx_word' id='word_1_448' title='bbox 215 2997 357 3055; x_wconf 79' lang='grc' dir='ltr'>εἶδεν</span> <span class='ocrx_word' id='word_1_449' title='bbox 400 3000 599 3073; x_wconf 76' lang='grc' dir='ltr'>Κύριος</span> <span class='ocrx_word' id='word_1_450' title='bbox 628 3002 709 3053; x_wconf 85' lang='grc' dir='ltr'>ὅτι</span> <span class='ocrx_word' id='word_1_451' title='bbox 748 3000 1014 3071; x_wconf 82' lang='grc' dir='ltr'>προσάγει</span> <span class='ocrx_word' id='word_1_452' title='bbox 1052 3001 1199 3063; x_wconf 78' lang='grc' dir='ltr'>ἰδεῖν,</span> <span class='ocrx_word' id='word_1_453' title='bbox 1227 3001 1483 3054; x_wconf 79' lang='grc' dir='ltr'>ἐκάλεσεν</span> <span class='ocrx_word' id='word_1_454' title='bbox 1517 3002 1677 3056; x_wconf 76' lang='grc' dir='ltr'>αὑτὸν</span> <span class='ocrx_word' id='word_1_455' title='bbox 1727 3006 1791 3057; x_wconf 88' lang='grc' dir='ltr'><strong>ἐκ</strong></span> 
     </span>
    </p>
   </div>
   <div class='ocr_carea' id='block_1_60' title="bbox 217 3090 1789 3164">
    <p class='ocr_par' dir='ltr' id='par_1_60' title="bbox 217 3090 1789 3164">
     <span class='ocr_line' id='line_1_60' title="bbox 217 3090 1789 3164; baseline 0.003 -19"><span class='ocrx_word' id='word_1_456' title='bbox 217 3093 389 3164; x_wconf 87' lang='grc' dir='ltr'>μέσου</span> <span class='ocrx_word' id='word_1_457' title='bbox 442 3092 535 3145; x_wconf 89' lang='grc' dir='ltr'><strong>τοῦ</strong></span> <span class='ocrx_word' id='word_1_458' title='bbox 584 3092 743 3163; x_wconf 86' lang='grc' dir='ltr'>βάτου</span> <span class='ocrx_word' id='word_1_459' title='bbox 795 3092 986 3160; x_wconf 81' lang='grc' dir='ltr'>λέγων.</span> <span class='ocrx_word' id='word_1_460' title='bbox 1020 3114 1038 3144; x_wconf 71' lang='grc' dir='ltr'><strong>ι</strong></span> <span class='ocrx_word' id='word_1_461' title='bbox 1081 3094 1193 3146; x_wconf 69' lang='grc' dir='ltr'><strong>Καὶ</strong></span> <span class='ocrx_word' id='word_1_462' title='bbox 1236 3090 1423 3158; x_wconf 51' lang='grc' dir='ltr'>αὖθις</span> <span class='ocrx_word' id='word_1_463' title='bbox 1467 3115 1485 3147; x_wconf 80' lang='grc' dir='ltr'><strong>ι</strong></span> <span class='ocrx_word' id='word_1_464' title='bbox 1527 3093 1689 3149; x_wconf 81' lang='grc' dir='ltr'>Εἶπεν</span> <span class='ocrx_word' id='word_1_465' title='bbox 1732 3097 1789 3150; x_wconf 83' lang='grc' dir='ltr'>δὲ</span> 
     </span>
    </p>
   </div>
   <div class='ocr_carea' id='block_1_61' title="bbox 213 3180 1792 3256">
    <p class='ocr_par' dir='ltr' id='par_1_61' title="bbox 213 3180 1792 3256">
     <span class='ocr_line' id='line_1_61' title="bbox 213 3180 1792 3256; baseline 0.003 -21"><span class='ocrx_word' id='word_1_466' title='bbox 213 3183 420 3255; x_wconf 81' lang='grc' dir='ltr'>Κύριος</span> <span class='ocrx_word' id='word_1_467' title='bbox 475 3183 612 3254; x_wconf 83' lang='grc' dir='ltr'>πρὸς</span> <span class='ocrx_word' id='word_1_468' title='bbox 660 3183 840 3236; x_wconf 83' lang='grc' dir='ltr'>αὐτόν·</span> <span class='ocrx_word' id='word_1_469' title='bbox 885 3180 1019 3251; x_wconf 80' lang='grc' dir='ltr'>Ἐγό·</span> <span class='ocrx_word' id='word_1_470' title='bbox 1071 3185 1183 3254; x_wconf 86' lang='grc' dir='ltr'>είμι</span> <span class='ocrx_word' id='word_1_471' title='bbox 1233 3185 1260 3236; x_wconf 88' lang='lat'><strong>6</strong></span> <span class='ocrx_word' id='word_1_472' title='bbox 1303 3183 1395 3237; x_wconf 85' lang='grc' dir='ltr'>ῶν.</span> <span class='ocrx_word' id='word_1_473' title='bbox 1437 3204 1457 3235; x_wconf 72' lang='grc' dir='ltr'><em>υ</em></span> <span class='ocrx_word' id='word_1_474' title='bbox 1497 3186 1605 3238; x_wconf 70' lang='grc' dir='ltr'><strong>Καὶ</strong></span> <span class='ocrx_word' id='word_1_475' title='bbox 1654 3186 1792 3256; x_wconf 73' lang='grc' dir='ltr'>μετὰ</span> 
     </span>
    </p>
   </div>
   <div class='ocr_carea' id='block_1_62' title="bbox 212 3275 1787 3349">
    <p class='ocr_par' dir='ltr' id='par_1_62' title="bbox 212 3275 1787 3349">
     <span class='ocr_line' id='line_1_62' title="bbox 212 3275 1787 3349; baseline 0.001 -19"><span class='ocrx_word' id='word_1_476' title='bbox 212 3277 477 3330; x_wconf 73' lang='grc' dir='ltr'>πλεῖστα*</span> <span class='ocrx_word' id='word_1_477' title='bbox 514 3297 532 3328; x_wconf 68' lang='grc' dir='ltr'><strong>ι</strong></span> <span class='ocrx_word' id='word_1_478' title='bbox 569 3276 856 3347; x_wconf 82' lang='grc' dir='ltr'>Ἐλάλησεν</span> <span class='ocrx_word' id='word_1_479' title='bbox 892 3275 948 3328; x_wconf 82' lang='grc' dir='ltr'>δὲ</span> <span class='ocrx_word' id='word_1_480' title='bbox 976 3278 1004 3329; x_wconf 98' lang='lat'><strong>6</strong></span> <span class='ocrx_word' id='word_1_481' title='bbox 1038 3276 1169 3339; x_wconf 79' lang='grc' dir='ltr'>Θεὸς</span> <span class='ocrx_word' id='word_1_482' title='bbox 1218 3278 1353 3349; x_wconf 88' lang='grc' dir='ltr'>πρὸς</span> <span class='ocrx_word' id='word_1_483' title='bbox 1382 3278 1652 3348; x_wconf 67' lang='grc' dir='ltr'><strong>Μωῦςνῆν⁸</strong></span> <span class='ocrx_word' id='word_1_484' title='bbox 1693 3280 1787 3332; x_wconf 74' lang='grc' dir='ltr'><strong>καὶ</strong></span> 
     </span>
    </p>
   </div>
   <div class='ocr_carea' id='block_1_63' title="bbox 211 3365 1787 3441">
    <p class='ocr_par' dir='ltr' id='par_1_63' title="bbox 211 3365 1787 3441">
     <span class='ocr_line' id='line_1_63' title="bbox 211 3365 1787 3441; baseline 0.001 -19"><span class='ocrx_word' id='word_1_485' title='bbox 211 3366 372 3422; x_wconf 81' lang='grc' dir='ltr'>εἶπεν</span> <span class='ocrx_word' id='word_1_486' title='bbox 409 3368 544 3440; x_wconf 77' lang='grc' dir='ltr'>πρὸς</span> <span class='ocrx_word' id='word_1_487' title='bbox 587 3368 780 3422; x_wconf 70' lang='grc' dir='ltr'><strong>αὐτόν⁸</strong></span> <span class='ocrx_word' id='word_1_488' title='bbox 824 3365 965 3435; x_wconf 83' lang='grc' dir='ltr'><strong>Ἐγὼ</strong></span> <span class='ocrx_word' id='word_1_489' title='bbox 992 3366 1214 3439; x_wconf 80' lang='grc' dir='ltr'>Κύριος,</span> <span class='ocrx_word' id='word_1_490' title='bbox 1264 3370 1357 3421; x_wconf 75' lang='grc' dir='ltr'>καὶ</span> <span class='ocrx_word' id='word_1_491' title='bbox 1415 3368 1600 3441; x_wconf 72' lang='grc' dir='ltr'>ὤφθην</span> <span class='ocrx_word' id='word_1_492' title='bbox 1652 3371 1787 3441; x_wconf 85' lang='grc' dir='ltr'>πρὸς</span> 
     </span>
    </p>
   </div>
   <div class='ocr_carea' id='block_1_64' title="bbox 224 3458 1788 3531">
    <p class='ocr_par' dir='ltr' id='par_1_64' title="bbox 224 3458 1788 3531">
     <span class='ocr_line' id='line_1_64' title="bbox 224 3458 1788 3531; baseline 0.003 -17"><span class='ocrx_word' id='word_1_493' title='bbox 224 3459 478 3531; x_wconf 75' lang='grc' dir='ltr'>Ἀϐραὰμ</span> <span class='ocrx_word' id='word_1_494' title='bbox 502 3460 595 3512; x_wconf 70' lang='grc' dir='ltr'>καὶ</span> <span class='ocrx_word' id='word_1_495' title='bbox 636 3458 817 3513; x_wconf 79' lang='grc' dir='ltr'>Ἰσαὰκ</span> <span class='ocrx_word' id='word_1_496' title='bbox 840 3461 930 3512; x_wconf 67' lang='grc' dir='ltr'>καὶ</span> <span class='ocrx_word' id='word_1_497' title='bbox 963 3458 1175 3522; x_wconf 84' lang='grc' dir='ltr'>Ἰακὼ6,</span> <span class='ocrx_word' id='word_1_498' title='bbox 1206 3461 1337 3525; x_wconf 83' lang='grc' dir='ltr'>Θεὸς</span> <span class='ocrx_word' id='word_1_499' title='bbox 1364 3461 1437 3515; x_wconf 82' lang='grc' dir='ltr'>ὢν</span> <span class='ocrx_word' id='word_1_500' title='bbox 1463 3462 1663 3530; x_wconf 76' lang='grc' dir='ltr'>αὐτῶν,</span> <span class='ocrx_word' id='word_1_501' title='bbox 1692 3466 1788 3518; x_wconf 72' lang='grc' dir='ltr'>καὶ</span> 
     </span>
    </p>
   </div>
   <div class='ocr_carea' id='block_1_65' title="bbox 205 3552 1783 3624">
    <p class='ocr_par' dir='ltr' id='par_1_65' title="bbox 205 3552 1783 3624">
     <span class='ocr_line' id='line_1_65' title="bbox 205 3552 1783 3624; baseline 0.001 -16"><span class='ocrx_word' id='word_1_502' title='bbox 205 3555 274 3608; x_wconf 85' lang='grc' dir='ltr'><strong>τὸ</strong></span> <span class='ocrx_word' id='word_1_503' title='bbox 323 3552 493 3623; x_wconf 76' lang='grc' dir='ltr'>ὄνομά</span> <span class='ocrx_word' id='word_1_504' title='bbox 546 3569 648 3622; x_wconf 90' lang='grc' dir='ltr'><strong>μου</strong></span> <span class='ocrx_word' id='word_1_505' title='bbox 703 3553 905 3624; x_wconf 74' lang='grc' dir='ltr'>Κύριος</span> <span class='ocrx_word' id='word_1_506' title='bbox 962 3553 1061 3606; x_wconf 74' lang='grc' dir='ltr'>οὐκ</span> <span class='ocrx_word' id='word_1_507' title='bbox 1123 3554 1367 3623; x_wconf 78' lang='grc' dir='ltr'>ἐδήλωσα</span> <span class='ocrx_word' id='word_1_508' title='bbox 1427 3557 1641 3620; x_wconf 74' lang='grc' dir='ltr'>αὐτοῖς’</span> <span class='ocrx_word' id='word_1_509' title='bbox 1690 3557 1783 3609; x_wconf 76' lang='grc' dir='ltr'>καὶ</span> 
     </span>
    </p>
   </div>
   <div class='ocr_carea' id='block_1_66' title="bbox 206 3636 1789 3725">
    <p class='ocr_par' dir='ltr' id='par_1_66' title="bbox 206 3636 1789 3725">
     <span class='ocr_line' id='line_1_66' title="bbox 206 3636 1789 3725; baseline 0.001 -25"><span class='ocrx_word' id='word_1_510' title='bbox 206 3649 420 3718; x_wconf 77' lang='grc' dir='ltr'>ἐστησα</span> <span class='ocrx_word' id='word_1_511' title='bbox 442 3646 538 3717; x_wconf 85' lang='grc' dir='ltr'>τὴν</span> <span class='ocrx_word' id='word_1_512' title='bbox 564 3643 838 3716; x_wconf 84' lang='grc' dir='ltr'>Διαθήκην</span> <span class='ocrx_word' id='word_1_513' title='bbox 865 3663 963 3715; x_wconf 73' lang='grc' dir='ltr'><strong>μου</strong></span> <span class='ocrx_word' id='word_1_514' title='bbox 994 3646 1130 3718; x_wconf 83' lang='grc' dir='ltr'>πρὸς</span> <span class='ocrx_word' id='word_1_515' title='bbox 1150 3647 1366 3713; x_wconf 74' lang='grc' dir='ltr'>αὐτοὺς,</span> <span class='ocrx_word' id='word_1_516' title='bbox 1394 3668 1411 3698; x_wconf 71' lang='grc' dir='ltr'><strong>ι</strong></span> <span class='ocrx_word' id='word_1_517' title='bbox 1438 3636 1533 3702; x_wconf 60' lang='grc' dir='ltr'>καῖ</span> <span class='ocrx_word' id='word_1_518' title='bbox 1550 3649 1618 3725; x_wconf 82' lang='grc' dir='ltr'><strong>τὰ</strong></span> <span class='ocrx_word' id='word_1_519' title='bbox 1642 3648 1789 3720; x_wconf 79' lang='grc' dir='ltr'><strong>ἑξῆς.</strong></span> 
     </span>
    </p>
   </div>
   <div class='ocr_carea' id='block_1_67' title="bbox 210 3737 1793 3813">
    <p class='ocr_par' dir='ltr' id='par_1_67' title="bbox 210 3737 1793 3813">
     <span class='ocr_line' id='line_1_67' title="bbox 210 3737 1793 3813; baseline 0.001 -20"><span class='ocrx_word' id='word_1_520' title='bbox 210 3739 433 3809; x_wconf 80' lang='grc' dir='ltr'>Σφόδρα</span> <span class='ocrx_word' id='word_1_521' title='bbox 465 3737 1000 3809; x_wconf 82' lang='grc' dir='ltr'>παρατετηρημένως</span> <span class='ocrx_word' id='word_1_522' title='bbox 1046 3741 1103 3791; x_wconf 86' lang='grc' dir='ltr'><strong>ἐν</strong></span> <span class='ocrx_word' id='word_1_523' title='bbox 1136 3738 1342 3802; x_wconf 80' lang='grc' dir='ltr'>τούτοις</span> <span class='ocrx_word' id='word_1_524' title='bbox 1382 3741 1481 3811; x_wconf 83' lang='grc' dir='ltr'><strong>οὐχ</strong></span> <span class='ocrx_word' id='word_1_525' title='bbox 1522 3742 1551 3792; x_wconf 88' lang='lat'><strong>6</strong></span> <span class='ocrx_word' id='word_1_526' title='bbox 1588 3741 1793 3813; x_wconf 81' lang='grc' dir='ltr'>Κύριος</span> 
     </span>
    </p>
   </div>
   <div class='ocr_carea' id='block_1_68' title="bbox 204 3821 1793 3902">
    <p class='ocr_par' dir='ltr' id='par_1_68' title="bbox 204 3821 1793 3902">
     <span class='ocr_line' id='line_1_68' title="bbox 204 3821 1793 3902; baseline 0.001 -19"><span class='ocrx_word' id='word_1_527' title='bbox 204 3828 332 3883; x_wconf 82' lang='grc' dir='ltr'>ἀλλ’</span> <span class='ocrx_word' id='word_1_528' title='bbox 360 3831 389 3882; x_wconf 90' lang='lat'><strong>6</strong></span> <span class='ocrx_word' id='word_1_529' title='bbox 413 3826 639 3897; x_wconf 77' lang='grc' dir='ltr'>ἄγγελος</span> <span class='ocrx_word' id='word_1_530' title='bbox 658 3821 835 3895; x_wconf 78' lang='grc' dir='ltr'>ὦφθαι</span> <span class='ocrx_word' id='word_1_531' title='bbox 852 3826 929 3897; x_wconf 84' lang='grc' dir='ltr'>τῷ</span> <span class='ocrx_word' id='word_1_532' title='bbox 955 3827 1178 3880; x_wconf 77' lang='grc' dir='ltr'>Μωῦσεῖ</span> <span class='ocrx_word' id='word_1_533' title='bbox 1192 3828 1624 3902; x_wconf 74' lang='grc' dir='ltr'>ἀναγέγραπται,</span> <span class='ocrx_word' id='word_1_534' title='bbox 1640 3830 1707 3883; x_wconf 81' lang='grc' dir='ltr'><strong>δι’</strong></span> <span class='ocrx_word' id='word_1_535' title='bbox 1730 3826 1793 3886; x_wconf 76' lang='grc' dir='ltr'><strong>οὗ</strong></span> 
     </span>
    </p>
   </div>
   <div class='ocr_carea' id='block_1_69' title="bbox 206 3919 1789 3993">
    <p class='ocr_par' dir='ltr' id='par_1_69' title="bbox 206 3919 1789 3993">
     <span class='ocr_line' id='line_1_69' title="bbox 206 3919 1789 3993; baseline 0 -16"><span class='ocrx_word' id='word_1_536' title='bbox 206 3923 312 3977; x_wconf 79' lang='grc' dir='ltr'><strong>καί</strong></span> <span class='ocrx_word' id='word_1_537' title='bbox 347 3922 377 3973; x_wconf 92' lang='lat'><strong>6</strong></span> <span class='ocrx_word' id='word_1_538' title='bbox 412 3920 613 3991; x_wconf 81' lang='grc' dir='ltr'>Κύριος</span> <span class='ocrx_word' id='word_1_539' title='bbox 665 3919 855 3990; x_wconf 83' lang='grc' dir='ltr'>ὥσπερ</span> <span class='ocrx_word' id='word_1_540' title='bbox 887 3920 952 3973; x_wconf 79' lang='grc' dir='ltr'>δι’</span> <span class='ocrx_word' id='word_1_541' title='bbox 987 3920 1268 3991; x_wconf 80' lang='grc' dir='ltr'>ἑρμηνέως</span> <span class='ocrx_word' id='word_1_542' title='bbox 1315 3923 1660 3993; x_wconf 77' lang='grc' dir='ltr'>χρηματίζων</span> <span class='ocrx_word' id='word_1_543' title='bbox 1711 3923 1789 3977; x_wconf 85' lang='grc' dir='ltr'>δι-</span> 
     </span>
    </p>
   </div>
   <div class='ocr_carea' id='block_1_70' title="bbox 202 4010 1790 4087">
    <p class='ocr_par' dir='ltr' id='par_1_70' title="bbox 202 4010 1790 4087">
     <span class='ocr_line' id='line_1_70' title="bbox 202 4010 1790 4087; baseline -0.004 -17"><span class='ocrx_word' id='word_1_544' title='bbox 202 4017 425 4077; x_wconf 81' lang='grc' dir='ltr'>δάσκει,</span> <span class='ocrx_word' id='word_1_545' title='bbox 452 4015 533 4067; x_wconf 85' lang='grc' dir='ltr'>ὃτι</span> <span class='ocrx_word' id='word_1_546' title='bbox 577 4012 651 4084; x_wconf 83' lang='grc' dir='ltr'>μὴ</span> <span class='ocrx_word' id='word_1_547' title='bbox 682 4013 765 4083; x_wconf 72' lang='grc' dir='ltr'>εἴη</span> <span class='ocrx_word' id='word_1_548' title='bbox 808 4010 1181 4082; x_wconf 76' lang='grc' dir='ltr'>ὑποϐεϐηκυίά</span> <span class='ocrx_word' id='word_1_549' title='bbox 1217 4028 1299 4077; x_wconf 87' lang='grc' dir='ltr'><strong>τις</strong></span> <span class='ocrx_word' id='word_1_550' title='bbox 1334 4013 1561 4086; x_wconf 80' lang='grc' dir='ltr'>δύναμις</span> <span class='ocrx_word' id='word_1_551' title='bbox 1590 4017 1622 4087; x_wconf 87' lang='grc' dir='ltr'><strong>ή</strong></span> <span class='ocrx_word' id='word_1_552' title='bbox 1655 4033 1790 4087; x_wconf 84' lang='grc' dir='ltr'>χρη-</span> 
     </span>
    </p>
   </div>
   <div class='ocr_carea' id='block_1_71' title="bbox 206 4102 1791 4179">
    <p class='ocr_par' dir='ltr' id='par_1_71' title="bbox 206 4102 1791 4179">
     <span class='ocr_line' id='line_1_71' title="bbox 206 4102 1791 4179; baseline 0 -18"><span class='ocrx_word' id='word_1_553' title='bbox 206 4106 537 4179; x_wconf 77' lang='grc' dir='ltr'>ματίζουσα,</span> <span class='ocrx_word' id='word_1_554' title='bbox 560 4105 671 4158; x_wconf 77' lang='grc' dir='ltr'>ἀλλ’</span> <span class='ocrx_word' id='word_1_555' title='bbox 689 4105 847 4168; x_wconf 67' lang='grc' dir='ltr'>αὐτὸς</span> <span class='ocrx_word' id='word_1_556' title='bbox 871 4107 899 4157; x_wconf 91' lang='lat'><strong>6</strong></span> <span class='ocrx_word' id='word_1_557' title='bbox 918 4103 1010 4156; x_wconf 79' lang='grc' dir='ltr'><strong>ὢν.</strong></span> <span class='ocrx_word' id='word_1_558' title='bbox 1039 4105 1376 4177; x_wconf 76' lang='grc' dir='ltr'>Σαφέστερον</span> <span class='ocrx_word' id='word_1_559' title='bbox 1404 4102 1460 4159; x_wconf 83' lang='grc' dir='ltr'>δὲ</span> <span class='ocrx_word' id='word_1_560' title='bbox 1478 4106 1563 4169; x_wconf 84' lang='grc' dir='ltr'><strong>τίς</strong></span> <span class='ocrx_word' id='word_1_561' title='bbox 1585 4109 1733 4160; x_wconf 87' lang='grc' dir='ltr'>ἐστιν</span> <span class='ocrx_word' id='word_1_562' title='bbox 1763 4111 1791 4161; x_wconf 89' lang='grc' dir='ltr'>ὁ</span> 
     </span>
    </p>
   </div>
   <div class='ocr_carea' id='block_1_72' title="bbox 203 4196 1792 4273">
    <p class='ocr_par' dir='ltr' id='par_1_72' title="bbox 203 4196 1792 4273">
     <span class='ocr_line' id='line_1_72' title="bbox 203 4196 1792 4273; baseline 0 -20"><span class='ocrx_word' id='word_1_563' title='bbox 203 4201 291 4253; x_wconf 78' lang='grc' dir='ltr'>ὣν</span> <span class='ocrx_word' id='word_1_564' title='bbox 308 4202 544 4272; x_wconf 76' lang='grc' dir='ltr'>παριστᾷ</span> <span class='ocrx_word' id='word_1_565' title='bbox 564 4202 619 4253; x_wconf 89' lang='grc' dir='ltr'><strong>ἐν</strong></span> <span class='ocrx_word' id='word_1_566' title='bbox 638 4199 714 4269; x_wconf 79' lang='grc' dir='ltr'>τῷ</span> <span class='ocrx_word' id='word_1_567' title='bbox 732 4199 807 4266; x_wconf 85' lang='grc'><strong>(1)</strong></span> <span class='ocrx_word' id='word_1_568' title='bbox 826 4214 1008 4268; x_wconf 79' lang='grc' dir='ltr'>φησιν’</span> <span class='ocrx_word' id='word_1_569' title='bbox 1040 4218 1058 4249; x_wconf 78' lang='grc' dir='ltr'><strong>ι</strong></span> <span class='ocrx_word' id='word_1_570' title='bbox 1082 4196 1223 4265; x_wconf 83' lang='grc' dir='ltr'><strong>Ἐγὼ</strong></span> <span class='ocrx_word' id='word_1_571' title='bbox 1247 4197 1468 4269; x_wconf 76' lang='grc' dir='ltr'><strong>Κύριος⁸</strong></span> <span class='ocrx_word' id='word_1_572' title='bbox 1492 4201 1585 4252; x_wconf 75' lang='grc' dir='ltr'>καὶ</span> <span class='ocrx_word' id='word_1_573' title='bbox 1609 4200 1792 4273; x_wconf 70' lang='grc' dir='ltr'>ῶφθην</span> 
     </span>
    </p>
   </div>
   <div class='ocr_carea' id='block_1_73' title="bbox 1897 3014 3465 3083">
    <p class='ocr_par' dir='ltr' id='par_1_73' title="bbox 1897 3014 3465 3083">
     <span class='ocr_line' id='line_1_73' title="bbox 1897 3014 3465 3083; baseline 0.006 -18"><span class='ocrx_word' id='word_1_574' title='bbox 1897 3014 2042 3083; x_wconf 87' lang='lat' dir='ltr'><strong>quod</strong></span> <span class='ocrx_word' id='word_1_575' title='bbox 2076 3024 2325 3083; x_wconf 80' lang='lat' dir='ltr'><strong>pergeret</strong></span> <span class='ocrx_word' id='word_1_576' title='bbox 2351 3014 2417 3067; x_wconf 82' lang='lat' dir='ltr'><strong>ad</strong></span> <span class='ocrx_word' id='word_1_577' title='bbox 2455 3016 2766 3081; x_wconf 82' lang='lat' dir='ltr'><strong>videndum,</strong></span> <span class='ocrx_word' id='word_1_578' title='bbox 2798 3018 3010 3071; x_wconf 84' lang='lat' dir='ltr'><strong>vocavit</strong></span> <span class='ocrx_word' id='word_1_579' title='bbox 3044 3035 3165 3073; x_wconf 89' lang='lat' dir='ltr'><strong>eum</strong></span> <span class='ocrx_word' id='word_1_580' title='bbox 3190 3019 3254 3073; x_wconf 87' lang='lat' dir='ltr'><strong>de</strong></span> <span class='ocrx_word' id='word_1_581' title='bbox 3288 3019 3465 3079; x_wconf 89' lang='lat' dir='ltr'><strong>medio</strong></span> 
     </span>
    </p>
   </div>
   <div class='ocr_carea' id='block_1_74' title="bbox 1894 3102 3466 3165">
    <p class='ocr_par' dir='ltr' id='par_1_74' title="bbox 1894 3102 3466 3165">
     <span class='ocr_line' id='line_1_74' title="bbox 1894 3102 3466 3165; baseline 0.004 -11"><span class='ocrx_word' id='word_1_582' title='bbox 1894 3102 2015 3155; x_wconf 88' lang='lat' dir='ltr'><strong>rubi</strong></span> <span class='ocrx_word' id='word_1_583' title='bbox 2044 3109 2099 3155; x_wconf 86' lang='lat' dir='ltr'><strong>et</strong></span> <span class='ocrx_word' id='word_1_584' title='bbox 2130 3102 2205 3154; x_wconf 85' lang='lat' dir='ltr'><strong>ait</strong></span> <span class='ocrx_word' id='word_1_585' title='bbox 2240 3102 2319 3165; x_wconf 68' lang='lat'><strong>&#39;9;</strong></span> <span class='ocrx_word' id='word_1_586' title='bbox 2354 3121 2371 3152; x_wconf 72' lang='grc' dir='ltr'><strong>ι</strong></span> <span class='ocrx_word' id='word_1_587' title='bbox 2398 3110 2451 3156; x_wconf 90' lang='lat' dir='ltr'><strong>et</strong></span> <span class='ocrx_word' id='word_1_588' title='bbox 2485 3119 2717 3159; x_wconf 86' lang='lat' dir='ltr'><strong>rursus:</strong></span> <span class='ocrx_word' id='word_1_589' title='bbox 2754 3122 2771 3156; x_wconf 78' lang='grc' dir='ltr'><strong>ι</strong></span> <span class='ocrx_word' id='word_1_590' title='bbox 2807 3104 2954 3158; x_wconf 83' lang='lat' dir='ltr'><strong>Dixit</strong></span> <span class='ocrx_word' id='word_1_591' title='bbox 2986 3114 3161 3160; x_wconf 88' lang='lat' dir='ltr'><strong>autem</strong></span> <span class='ocrx_word' id='word_1_592' title='bbox 3203 3106 3466 3161; x_wconf 83' lang='lat' dir='ltr'><strong>Dominus</strong></span> 
     </span>
    </p>
   </div>
   <div class='ocr_carea' id='block_1_75' title="bbox 1894 3192 3466 3263">
    <p class='ocr_par' dir='ltr' id='par_1_75' title="bbox 1894 3192 3466 3263">
     <span class='ocr_line' id='line_1_75' title="bbox 1894 3192 3466 3263; baseline 0.003 -18"><span class='ocrx_word' id='word_1_593' title='bbox 1894 3193 1960 3246; x_wconf 91' lang='lat' dir='ltr'><strong>ad</strong></span> <span class='ocrx_word' id='word_1_594' title='bbox 1990 3207 2113 3247; x_wconf 86' lang='lat' dir='ltr'><strong>eum</strong></span> <span class='ocrx_word' id='word_1_595' title='bbox 2142 3213 2153 3247; x_wconf 91' lang='lat'>:</span> <span class='ocrx_word' id='word_1_596' title='bbox 2182 3192 2297 3263; x_wconf 73' lang='lat' dir='ltr'><strong>Ego</strong></span> <span class='ocrx_word' id='word_1_597' title='bbox 2326 3208 2445 3247; x_wconf 86' lang='lat' dir='ltr'><strong>sum</strong></span> <span class='ocrx_word' id='word_1_598' title='bbox 2476 3195 2569 3263; x_wconf 88' lang='lat' dir='ltr'><strong>qui</strong></span> <span class='ocrx_word' id='word_1_599' title='bbox 2600 3211 2719 3249; x_wconf 88' lang='lat' dir='ltr'><strong>sum</strong></span> <span class='ocrx_word' id='word_1_600' title='bbox 2754 3197 2820 3249; x_wconf 71' lang='grc' dir='ltr'><strong>νο.</strong></span> <span class='ocrx_word' id='word_1_601' title='bbox 2863 3216 2879 3247; x_wconf 73' lang='grc' dir='ltr'><strong>ι</strong></span> <span class='ocrx_word' id='word_1_602' title='bbox 2914 3196 2976 3251; x_wconf 86' lang='lat' dir='ltr'><strong>Et</strong></span> <span class='ocrx_word' id='word_1_603' title='bbox 3011 3199 3150 3252; x_wconf 90' lang='lat' dir='ltr'><strong>infra</strong></span> <span class='ocrx_word' id='word_1_604' title='bbox 3187 3217 3198 3253; x_wconf 91' lang='lat'>:</span> <span class='ocrx_word' id='word_1_605' title='bbox 3236 3217 3254 3249; x_wconf 79' lang='grc' dir='ltr'><strong>ι</strong></span> <span class='ocrx_word' id='word_1_606' title='bbox 3289 3198 3466 3251; x_wconf 81' lang='lat' dir='ltr'><strong>Locu-</strong></span> 
     </span>
    </p>
   </div>
   <div class='ocr_carea' id='block_1_76' title="bbox 1895 3281 3464 3361">
    <p class='ocr_par' dir='ltr' id='par_1_76' title="bbox 1895 3281 3464 3361">
     <span class='ocr_line' id='line_1_76' title="bbox 1895 3281 3464 3361; baseline 0.006 -27"><span class='ocrx_word' id='word_1_607' title='bbox 1895 3289 1983 3337; x_wconf 92' lang='lat' dir='ltr'><strong>tus</strong></span> <span class='ocrx_word' id='word_1_608' title='bbox 2013 3292 2097 3337; x_wconf 89' lang='lat' dir='ltr'><strong>est</strong></span> <span class='ocrx_word' id='word_1_609' title='bbox 2142 3281 2289 3337; x_wconf 85' lang='lat' dir='ltr'><strong>Deus</strong></span> <span class='ocrx_word' id='word_1_610' title='bbox 2330 3282 2397 3336; x_wconf 85' lang='lat' dir='ltr'><strong>ad</strong></span> <span class='ocrx_word' id='word_1_611' title='bbox 2439 3281 2701 3354; x_wconf 79' lang='lat' dir='ltr'><strong>Moysem,</strong></span> <span class='ocrx_word' id='word_1_612' title='bbox 2751 3285 2994 3358; x_wconf 75' lang='lat' dir='ltr'><strong>dixitque</strong></span> <span class='ocrx_word' id='word_1_613' title='bbox 3025 3290 3090 3343; x_wconf 84' lang='lat' dir='ltr'><strong>ad</strong></span> <span class='ocrx_word' id='word_1_614' title='bbox 3132 3305 3256 3344; x_wconf 89' lang='lat' dir='ltr'><strong>eum</strong></span> <span class='ocrx_word' id='word_1_615' title='bbox 3308 3310 3319 3344; x_wconf 90' lang='lat'>:</span> <span class='ocrx_word' id='word_1_616' title='bbox 3354 3289 3464 3361; x_wconf 77' lang='lat' dir='ltr'><strong>Ego</strong></span> 
     </span>
    </p>
   </div>
   <div class='ocr_carea' id='block_1_77' title="bbox 1894 3369 3461 3443">
    <p class='ocr_par' dir='ltr' id='par_1_77' title="bbox 1894 3369 3461 3443">
     <span class='ocr_line' id='line_1_77' title="bbox 1894 3369 3461 3443; baseline 0.007 -20"><span class='ocrx_word' id='word_1_617' title='bbox 1894 3369 2180 3435; x_wconf 84' lang='lat' dir='ltr'><strong>Dominus,</strong></span> <span class='ocrx_word' id='word_1_618' title='bbox 2235 3373 2328 3442; x_wconf 84' lang='lat' dir='ltr'><strong>qui</strong></span> <span class='ocrx_word' id='word_1_619' title='bbox 2381 3374 2605 3443; x_wconf 89' lang='lat' dir='ltr'><strong>apparui</strong></span> <span class='ocrx_word' id='word_1_620' title='bbox 2640 3375 2935 3440; x_wconf 81' lang='lat' dir='ltr'><strong>Abraham,</strong></span> <span class='ocrx_word' id='word_1_621' title='bbox 2983 3379 3127 3433; x_wconf 87' lang='lat' dir='ltr'><strong>Isaac</strong></span> <span class='ocrx_word' id='word_1_622' title='bbox 3177 3387 3230 3432; x_wconf 88' lang='lat' dir='ltr'><strong>et</strong></span> <span class='ocrx_word' id='word_1_623' title='bbox 3272 3371 3461 3443; x_wconf 83' lang='lat' dir='ltr'><strong>Jacob,</strong></span> 
     </span>
    </p>
   </div>
   <div class='ocr_carea' id='block_1_78' title="bbox 1896 3462 3465 3534">
    <p class='ocr_par' dir='ltr' id='par_1_78' title="bbox 1896 3462 3465 3534">
     <span class='ocr_line' id='line_1_78' title="bbox 1896 3462 3465 3534; baseline 0.006 -19"><span class='ocrx_word' id='word_1_624' title='bbox 1896 3476 2018 3515; x_wconf 91' lang='lat' dir='ltr'><strong>eum</strong></span> <span class='ocrx_word' id='word_1_625' title='bbox 2046 3477 2224 3517; x_wconf 78' lang='lat' dir='ltr'><strong>essem</strong></span> <span class='ocrx_word' id='word_1_626' title='bbox 2258 3462 2400 3519; x_wconf 85' lang='lat' dir='ltr'><strong>Deus</strong></span> <span class='ocrx_word' id='word_1_627' title='bbox 2422 3479 2632 3527; x_wconf 84' lang='lat' dir='ltr'><strong>eorum,</strong></span> <span class='ocrx_word' id='word_1_628' title='bbox 2660 3480 2964 3534; x_wconf 84' lang='lat' dir='ltr'><strong>nomenque</strong></span> <span class='ocrx_word' id='word_1_629' title='bbox 2996 3483 3172 3522; x_wconf 90' lang='lat' dir='ltr'><strong>meum</strong></span> <span class='ocrx_word' id='word_1_630' title='bbox 3204 3468 3465 3524; x_wconf 86' lang='lat' dir='ltr'><strong>Dominus</strong></span> 
     </span>
    </p>
   </div>
   <div class='ocr_carea' id='block_1_79' title="bbox 1893 3553 3460 3625">
    <p class='ocr_par' dir='ltr' id='par_1_79' title="bbox 1893 3553 3460 3625">
     <span class='ocr_line' id='line_1_79' title="bbox 1893 3553 3460 3625; baseline 0.003 -18"><span class='ocrx_word' id='word_1_631' title='bbox 1893 3569 2002 3609; x_wconf 86' lang='lat' dir='ltr'><strong>non</strong></span> <span class='ocrx_word' id='word_1_632' title='bbox 2053 3553 2291 3609; x_wconf 69' lang='lat' dir='ltr'><strong>indicari</strong></span> <span class='ocrx_word' id='word_1_633' title='bbox 2340 3554 2464 3622; x_wconf 85' lang='lat' dir='ltr'><strong>eis;</strong></span> <span class='ocrx_word' id='word_1_634' title='bbox 2516 3555 2805 3625; x_wconf 75' lang='lat' dir='ltr'><strong>pepigique</strong></span> <span class='ocrx_word' id='word_1_635' title='bbox 2854 3557 3032 3611; x_wconf 73' lang='lat' dir='ltr'><strong>feedus</strong></span> <span class='ocrx_word' id='word_1_636' title='bbox 3102 3574 3279 3612; x_wconf 87' lang='lat' dir='ltr'><strong>meum</strong></span> <span class='ocrx_word' id='word_1_637' title='bbox 3339 3576 3460 3612; x_wconf 88' lang='lat' dir='ltr'><strong>cum</strong></span> 
     </span>
    </p>
   </div>
   <div class='ocr_carea' id='block_1_80' title="bbox 1893 3645 3461 3717">
    <p class='ocr_par' dir='ltr' id='par_1_80' title="bbox 1893 3645 3461 3717">
     <span class='ocr_line' id='line_1_80' title="bbox 1893 3645 3461 3717; baseline 0.004 -18"><span class='ocrx_word' id='word_1_638' title='bbox 1893 3645 2056 3709; x_wconf 80' lang='lat' dir='ltr'><strong>eis”,</strong></span> <span class='ocrx_word' id='word_1_639' title='bbox 2098 3664 2118 3697; x_wconf 74' lang='grc' dir='ltr'><strong>ι</strong></span> <span class='ocrx_word' id='word_1_640' title='bbox 2151 3654 2205 3701; x_wconf 89' lang='lat' dir='ltr'><strong>et</strong></span> <span class='ocrx_word' id='word_1_641' title='bbox 2237 3647 2470 3717; x_wconf 85' lang='lat' dir='ltr'><strong>reliqua.</strong></span> <span class='ocrx_word' id='word_1_642' title='bbox 2494 3648 2923 3703; x_wconf 81' lang='lat' dir='ltr'><strong>Accuratissimc</strong></span> <span class='ocrx_word' id='word_1_643' title='bbox 2964 3649 3018 3703; x_wconf 90' lang='lat' dir='ltr'><strong>in</strong></span> <span class='ocrx_word' id='word_1_644' title='bbox 3062 3648 3183 3704; x_wconf 86' lang='lat' dir='ltr'><strong>istis</strong></span> <span class='ocrx_word' id='word_1_645' title='bbox 3212 3666 3320 3704; x_wconf 91' lang='lat' dir='ltr'><strong>non</strong></span> <span class='ocrx_word' id='word_1_646' title='bbox 3360 3650 3461 3705; x_wconf 87' lang='lat' dir='ltr'><strong>Do-</strong></span> 
     </span>
    </p>
   </div>
   <div class='ocr_carea' id='block_1_81' title="bbox 1895 3734 3461 3809">
    <p class='ocr_par' dir='ltr' id='par_1_81' title="bbox 1895 3734 3461 3809">
     <span class='ocr_line' id='line_1_81' title="bbox 1895 3734 3461 3809; baseline 0.005 -21"><span class='ocrx_word' id='word_1_647' title='bbox 1895 3734 2099 3797; x_wconf 89' lang='lat' dir='ltr'><strong>minus,</strong></span> <span class='ocrx_word' id='word_1_648' title='bbox 2136 3739 2231 3791; x_wconf 86' lang='lat' dir='ltr'><strong>sed</strong></span> <span class='ocrx_word' id='word_1_649' title='bbox 2260 3738 2486 3806; x_wconf 82' lang='lat' dir='ltr'><strong>angelus</strong></span> <span class='ocrx_word' id='word_1_650' title='bbox 2515 3738 2665 3792; x_wconf 84' lang='lat' dir='ltr'><strong>visus</strong></span> <span class='ocrx_word' id='word_1_651' title='bbox 2699 3736 2867 3793; x_wconf 86' lang='lat' dir='ltr'><strong>fuisse</strong></span> <span class='ocrx_word' id='word_1_652' title='bbox 2896 3738 3149 3801; x_wconf 87' lang='lat' dir='ltr'><strong>refertur,</strong></span> <span class='ocrx_word' id='word_1_653' title='bbox 3180 3755 3273 3809; x_wconf 90' lang='lat' dir='ltr'><strong>per</strong></span> <span class='ocrx_word' id='word_1_654' title='bbox 3301 3757 3461 3809; x_wconf 89' lang='lat' dir='ltr'><strong>quem</strong></span> 
     </span>
    </p>
   </div>
   <div class='ocr_carea' id='block_1_82' title="bbox 1897 3826 3465 3899">
    <p class='ocr_par' dir='ltr' id='par_1_82' title="bbox 1897 3826 3465 3899">
     <span class='ocr_line' id='line_1_82' title="bbox 1897 3826 3465 3899; baseline 0.005 -20"><span class='ocrx_word' id='word_1_655' title='bbox 1897 3826 2177 3892; x_wconf 86' lang='lat' dir='ltr'><strong>Dominus,</strong></span> <span class='ocrx_word' id='word_1_656' title='bbox 2208 3834 2366 3898; x_wconf 84' lang='lat' dir='ltr'><strong>quasi</strong></span> <span class='ocrx_word' id='word_1_657' title='bbox 2391 3845 2488 3899; x_wconf 80' lang='lat' dir='ltr'><strong>per</strong></span> <span class='ocrx_word' id='word_1_658' title='bbox 2518 3829 2870 3898; x_wconf 86' lang='lat' dir='ltr'><strong>interpretem</strong></span> <span class='ocrx_word' id='word_1_659' title='bbox 2905 3830 3304 3895; x_wconf 87' lang='lat' dir='ltr'><strong>manifestatus,</strong></span> <span class='ocrx_word' id='word_1_660' title='bbox 3335 3832 3465 3887; x_wconf 84' lang='lat' dir='ltr'><strong>edo-</strong></span> 
     </span>
    </p>
   </div>
   <div class='ocr_carea' id='block_1_83' title="bbox 1893 3917 3464 3992">
    <p class='ocr_par' dir='ltr' id='par_1_83' title="bbox 1893 3917 3464 3992">
     <span class='ocr_line' id='line_1_83' title="bbox 1893 3917 3464 3992; baseline 0.004 -21"><span class='ocrx_word' id='word_1_661' title='bbox 1893 3924 1980 3971; x_wconf 88' lang='lat' dir='ltr'><strong>cet</strong></span> <span class='ocrx_word' id='word_1_662' title='bbox 2016 3917 2257 3987; x_wconf 88' lang='lat' dir='ltr'><strong>seipsum</strong></span> <span class='ocrx_word' id='word_1_663' title='bbox 2299 3935 2406 3973; x_wconf 93' lang='lat' dir='ltr'><strong>non</strong></span> <span class='ocrx_word' id='word_1_664' title='bbox 2439 3921 2677 3990; x_wconf 80' lang='lat' dir='ltr'><strong>aliquam</strong></span> <span class='ocrx_word' id='word_1_665' title='bbox 2712 3935 2836 3976; x_wconf 90' lang='lat' dir='ltr'><strong>esse</strong></span> <span class='ocrx_word' id='word_1_666' title='bbox 2881 3922 3190 3977; x_wconf 84' lang='lat' dir='ltr'><strong>inferiorem</strong></span> <span class='ocrx_word' id='word_1_667' title='bbox 3222 3932 3464 3992; x_wconf 78' lang='lat' dir='ltr'><strong>potesta-</strong></span> 
     </span>
    </p>
   </div>
   <div class='ocr_carea' id='block_1_84' title="bbox 1894 4010 3461 4087">
    <p class='ocr_par' dir='ltr' id='par_1_84' title="bbox 1894 4010 3461 4087">
     <span class='ocr_line' id='line_1_84' title="bbox 1894 4010 3461 4087; baseline 0.004 -23"><span class='ocrx_word' id='word_1_668' title='bbox 1894 4016 2023 4074; x_wconf 82' lang='lat' dir='ltr'><strong>tem,</strong></span> <span class='ocrx_word' id='word_1_669' title='bbox 2067 4010 2162 4065; x_wconf 88' lang='lat' dir='ltr'><strong>sed</strong></span> <span class='ocrx_word' id='word_1_670' title='bbox 2205 4012 2347 4065; x_wconf 69' lang='lat' dir='ltr'><strong>[nunc</strong></span> <span class='ocrx_word' id='word_1_671' title='bbox 2392 4014 2567 4083; x_wconf 77' lang='lat' dir='ltr'><strong>ipsum</strong></span> <span class='ocrx_word' id='word_1_672' title='bbox 2602 4014 2696 4083; x_wconf 91' lang='lat' dir='ltr'><strong>qui</strong></span> <span class='ocrx_word' id='word_1_673' title='bbox 2740 4022 2843 4069; x_wconf 88' lang='lat' dir='ltr'><strong>est.</strong></span> <span class='ocrx_word' id='word_1_674' title='bbox 2888 4013 3022 4080; x_wconf 88' lang='lat' dir='ltr'><strong>Quis</strong></span> <span class='ocrx_word' id='word_1_675' title='bbox 3048 4015 3137 4070; x_wconf 91' lang='lat' dir='ltr'><strong>ille</strong></span> <span class='ocrx_word' id='word_1_676' title='bbox 3169 4016 3333 4086; x_wconf 82' lang='lat' dir='ltr'><strong>igitur</strong></span> <span class='ocrx_word' id='word_1_677' title='bbox 3366 4018 3461 4087; x_wconf 85' lang='lat' dir='ltr'><strong>qui</strong></span> 
     </span>
    </p>
   </div>
   <div class='ocr_carea' id='block_1_85' title="bbox 1894 4100 3466 4178">
    <p class='ocr_par' dir='ltr' id='par_1_85' title="bbox 1894 4100 3466 4178">
     <span class='ocr_line' id='line_1_85' title="bbox 1894 4100 3466 4178; baseline 0.001 -18"><span class='ocrx_word' id='word_1_678' title='bbox 1894 4112 1997 4169; x_wconf 87' lang='lat' dir='ltr'><strong>est,</strong></span> <span class='ocrx_word' id='word_1_679' title='bbox 2037 4105 2149 4171; x_wconf 66' lang='lat' dir='ltr'><strong>haec</strong></span> <span class='ocrx_word' id='word_1_680' title='bbox 2181 4105 2339 4159; x_wconf 82' lang='lat' dir='ltr'><strong>nobis</strong></span> <span class='ocrx_word' id='word_1_681' title='bbox 2373 4106 2586 4175; x_wconf 88' lang='lat' dir='ltr'><strong>plenius</strong></span> <span class='ocrx_word' id='word_1_682' title='bbox 2621 4106 3041 4162; x_wconf 84' lang='lat' dir='ltr'><strong>demonstrant:</strong></span> <span class='ocrx_word' id='word_1_683' title='bbox 3084 4126 3103 4158; x_wconf 85' lang='grc' dir='ltr'><strong>ι</strong></span> <span class='ocrx_word' id='word_1_684' title='bbox 3140 4107 3252 4178; x_wconf 80' lang='lat' dir='ltr'><strong>Ego</strong></span> <span class='ocrx_word' id='word_1_685' title='bbox 3288 4100 3466 4162; x_wconf 77' lang='lat' dir='ltr'><strong>Domi-</strong></span> 
     </span>
    </p>
   </div>
   <div class='ocr_carea' id='block_1_86' title="bbox 1894 4197 3463 4268">
    <p class='ocr_par' dir='ltr' id='par_1_86' title="bbox 1894 4197 3463 4268">
     <span class='ocr_line' id='line_1_86' title="bbox 1894 4197 3463 4268; baseline 0 -15"><span class='ocrx_word' id='word_1_686' title='bbox 1894 4214 2020 4262; x_wconf 83' lang='lat' dir='ltr'><strong>nus,</strong></span> <span class='ocrx_word' id='word_1_687' title='bbox 2053 4197 2146 4268; x_wconf 80' lang='lat' dir='ltr'><strong>qui</strong></span> <span class='ocrx_word' id='word_1_688' title='bbox 2195 4198 2420 4267; x_wconf 88' lang='lat' dir='ltr'><strong>apparui</strong></span> <span class='ocrx_word' id='word_1_689' title='bbox 2460 4198 2755 4263; x_wconf 84' lang='lat' dir='ltr'><strong>Abraham,</strong></span> <span class='ocrx_word' id='word_1_690' title='bbox 2806 4197 2953 4253; x_wconf 87' lang='lat' dir='ltr'><strong>Isaac</strong></span> <span class='ocrx_word' id='word_1_691' title='bbox 3002 4207 3056 4253; x_wconf 89' lang='lat' dir='ltr'><strong>et</strong></span> <span class='ocrx_word' id='word_1_692' title='bbox 3097 4198 3299 4265; x_wconf 84' lang='lat' dir='ltr'><strong>Jacob;</strong></span> <span class='ocrx_word' id='word_1_693' title='bbox 3337 4214 3463 4254; x_wconf 78' lang='lat' dir='ltr'><strong>cum</strong></span> 
     </span>
    </p>
   </div>
   <div class='ocr_carea' id='block_1_87' title="bbox 204 4286 1793 4366">
    <p class='ocr_par' dir='ltr' id='par_1_87' title="bbox 204 4290 1789 4366">
     <span class='ocr_line' id='line_1_87' title="bbox 204 4290 1789 4366; baseline -0.003 -18"><span class='ocrx_word' id='word_1_694' title='bbox 204 4293 355 4364; x_wconf 82' lang='grc' dir='ltr'>πρὸς</span> <span class='ocrx_word' id='word_1_695' title='bbox 412 4291 660 4366; x_wconf 78' lang='grc' dir='ltr'>Ἀϐραὰμ</span> <span class='ocrx_word' id='word_1_696' title='bbox 713 4292 806 4343; x_wconf 77' lang='grc' dir='ltr'>καὶ</span> <span class='ocrx_word' id='word_1_697' title='bbox 863 4290 1050 4343; x_wconf 77' lang='grc' dir='ltr'>Ἰσαὰκ</span> <span class='ocrx_word' id='word_1_698' title='bbox 1097 4292 1192 4343; x_wconf 66' lang='grc' dir='ltr'>καὶ</span> <span class='ocrx_word' id='word_1_699' title='bbox 1255 4290 1487 4353; x_wconf 79' lang='grc' dir='ltr'>Ἰακὼϐ,</span> <span class='ocrx_word' id='word_1_700' title='bbox 1540 4290 1668 4355; x_wconf 83' lang='grc' dir='ltr'>Θεὸς</span> <span class='ocrx_word' id='word_1_701' title='bbox 1714 4291 1789 4345; x_wconf 81' lang='grc' dir='ltr'>ὢν</span> 
     </span>
    </p>
   </div>
   <div class='ocr_carea' id='block_1_88' title="bbox 1899 4286 3463 4366">
    <p class='ocr_par' dir='ltr' id='par_1_88' title="bbox 1899 4288 3463 4360">
     <span class='ocr_line' id='line_1_88' title="bbox 1899 4288 3463 4360; baseline 0.001 -16"><span class='ocrx_word' id='word_1_702' title='bbox 1899 4304 2066 4344; x_wconf 82' lang='lat' dir='ltr'><strong>essem</strong></span> <span class='ocrx_word' id='word_1_703' title='bbox 2093 4288 2235 4344; x_wconf 87' lang='lat' dir='ltr'><strong>Deus</strong></span> <span class='ocrx_word' id='word_1_704' title='bbox 2262 4304 2475 4353; x_wconf 90' lang='lat' dir='ltr'><strong>eorum,</strong></span> <span class='ocrx_word' id='word_1_705' title='bbox 2504 4306 2812 4360; x_wconf 88' lang='lat' dir='ltr'><strong>nomenque</strong></span> <span class='ocrx_word' id='word_1_706' title='bbox 2846 4307 3025 4346; x_wconf 87' lang='lat' dir='ltr'><strong>meum</strong></span> <span class='ocrx_word' id='word_1_707' title='bbox 3060 4290 3321 4346; x_wconf 90' lang='lat' dir='ltr'><strong>Dominus</strong></span> <span class='ocrx_word' id='word_1_708' title='bbox 3350 4308 3463 4346; x_wconf 86' lang='lat' dir='ltr'><strong>non</strong></span> 
     </span>
    </p>
   </div>
   <div class='ocr_carea' id='block_1_89' title="bbox 202 4380 1788 4452">
    <p class='ocr_par' dir='ltr' id='par_1_89' title="bbox 202 4380 1788 4452">
     <span class='ocr_line' id='line_1_89' title="bbox 202 4380 1788 4452; baseline -0.004 -12"><span class='ocrx_word' id='word_1_709' title='bbox 202 4384 429 4440; x_wconf 73' lang='grc' dir='ltr'>αὐτῶν·</span> <span class='ocrx_word' id='word_1_710' title='bbox 458 4384 551 4437; x_wconf 74' lang='grc' dir='ltr'>καὶ</span> <span class='ocrx_word' id='word_1_711' title='bbox 586 4383 646 4436; x_wconf 89' lang='grc' dir='ltr'><strong>τὸ</strong></span> <span class='ocrx_word' id='word_1_712' title='bbox 686 4380 856 4451; x_wconf 78' lang='grc' dir='ltr'>ὄνομά</span> <span class='ocrx_word' id='word_1_713' title='bbox 886 4399 986 4452; x_wconf 85' lang='grc' dir='ltr'><strong>μου</strong></span> <span class='ocrx_word' id='word_1_714' title='bbox 1014 4380 1218 4450; x_wconf 84' lang='grc' dir='ltr'>Κύριος</span> <span class='ocrx_word' id='word_1_715' title='bbox 1262 4382 1362 4435; x_wconf 78' lang='grc' dir='ltr'>οὐκ</span> <span class='ocrx_word' id='word_1_716' title='bbox 1406 4381 1649 4452; x_wconf 79' lang='grc' dir='ltr'>ἐδήλωσα</span> <span class='ocrx_word' id='word_1_717' title='bbox 1689 4382 1788 4434; x_wconf 78' lang='grc' dir='ltr'><strong>αὺ-</strong></span> 
     </span>
    </p>
   </div>
   <div class='ocr_carea' id='block_1_90' title="bbox 202 4474 1792 4547">
    <p class='ocr_par' dir='ltr' id='par_1_90' title="bbox 202 4474 1792 4547">
     <span class='ocr_line' id='line_1_90' title="bbox 202 4474 1792 4547; baseline -0.003 -14"><span class='ocrx_word' id='word_1_718' title='bbox 202 4481 361 4542; x_wconf 77' lang='grc' dir='ltr'>τοῖς’</span> <span class='ocrx_word' id='word_1_719' title='bbox 397 4498 414 4529; x_wconf 71' lang='grc' dir='ltr'><strong>ι</strong></span> <span class='ocrx_word' id='word_1_720' title='bbox 451 4476 480 4530; x_wconf 85' lang='grc' dir='ltr'><strong><em>ὃ</em></strong></span> <span class='ocrx_word' id='word_1_721' title='bbox 511 4477 604 4532; x_wconf 74' lang='grc' dir='ltr'><strong>καὶ</strong></span> <span class='ocrx_word' id='word_1_722' title='bbox 628 4474 864 4529; x_wconf 86' lang='grc' dir='ltr'>τοιοῦτον</span> <span class='ocrx_word' id='word_1_723' title='bbox 899 4474 1046 4527; x_wconf 84' lang='grc' dir='ltr'>δοκεῖ</span> <span class='ocrx_word' id='word_1_724' title='bbox 1077 4491 1165 4544; x_wconf 90' lang='grc' dir='ltr'><strong>μοι</strong></span> <span class='ocrx_word' id='word_1_725' title='bbox 1198 4474 1323 4528; x_wconf 84' lang='grc' dir='ltr'>νοῦν</span> <span class='ocrx_word' id='word_1_726' title='bbox 1357 4476 1663 4547; x_wconf 84' lang='grc' dir='ltr'>περιέχειν·</span> <span class='ocrx_word' id='word_1_727' title='bbox 1703 4477 1792 4530; x_wconf 71' lang='grc' dir='ltr'><strong>Σοὶ</strong></span> 
     </span>
    </p>
   </div>
   <div class='ocr_carea' id='block_1_91' title="bbox 207 4565 1794 4644">
    <p class='ocr_par' dir='ltr' id='par_1_91' title="bbox 207 4565 1794 4644">
     <span class='ocr_line' id='line_1_91' title="bbox 207 4565 1794 4644; baseline -0.003 -18"><span class='ocrx_word' id='word_1_728' title='bbox 207 4572 319 4644; x_wconf 79' lang='grc' dir='ltr'>μὲν</span> <span class='ocrx_word' id='word_1_729' title='bbox 343 4570 405 4624; x_wconf 90' lang='grc' dir='ltr'><strong>τὸ</strong></span> <span class='ocrx_word' id='word_1_730' title='bbox 426 4568 597 4640; x_wconf 77' lang='grc' dir='ltr'>ὄνομά</span> <span class='ocrx_word' id='word_1_731' title='bbox 627 4586 727 4639; x_wconf 89' lang='grc' dir='ltr'><strong>μου</strong></span> <span class='ocrx_word' id='word_1_732' title='bbox 749 4566 886 4631; x_wconf 88' lang='grc' dir='ltr'>τέως</span> <span class='ocrx_word' id='word_1_733' title='bbox 909 4566 1039 4620; x_wconf 82' lang='grc' dir='ltr'>αὐτὸ</span> <span class='ocrx_word' id='word_1_734' title='bbox 1065 4566 1223 4636; x_wconf 85' lang='grc' dir='ltr'>μόνον</span> <span class='ocrx_word' id='word_1_735' title='bbox 1244 4565 1418 4637; x_wconf 88' lang='grc' dir='ltr'>δηλῶν</span> <span class='ocrx_word' id='word_1_736' title='bbox 1448 4585 1587 4639; x_wconf 82' lang='grc' dir='ltr'>φημι</span> <span class='ocrx_word' id='word_1_737' title='bbox 1613 4587 1623 4599; x_wconf 77' lang='grc'><em>’</em></span> <span class='ocrx_word' id='word_1_738' title='bbox 1654 4568 1794 4637; x_wconf 82' lang='grc' dir='ltr'><strong>Ἐγὼ</strong></span> 
     </span>
    </p>
   </div>
   <div class='ocr_carea' id='block_1_92' title="bbox 204 4659 1795 4735">
    <p class='ocr_par' dir='ltr' id='par_1_92' title="bbox 204 4659 1795 4735">
     <span class='ocr_line' id='line_1_92' title="bbox 204 4659 1795 4735; baseline -0.003 -17"><span class='ocrx_word' id='word_1_739' title='bbox 204 4664 453 4735; x_wconf 79' lang='grc' dir='ltr'>Κύριος·</span> <span class='ocrx_word' id='word_1_740' title='bbox 488 4662 601 4723; x_wconf 85' lang='grc' dir='ltr'>τοῖς</span> <span class='ocrx_word' id='word_1_741' title='bbox 632 4660 689 4713; x_wconf 85' lang='grc' dir='ltr'>δὲ</span> <span class='ocrx_word' id='word_1_742' title='bbox 716 4660 828 4723; x_wconf 84' lang='grc' dir='ltr'>σοῖς</span> <span class='ocrx_word' id='word_1_743' title='bbox 859 4659 1096 4729; x_wconf 83' lang='grc' dir='ltr'>πατράσι</span> <span class='ocrx_word' id='word_1_744' title='bbox 1144 4660 1205 4712; x_wconf 90' lang='grc' dir='ltr'><strong>τὸ</strong></span> <span class='ocrx_word' id='word_1_745' title='bbox 1235 4659 1333 4729; x_wconf 82' lang='grc' dir='ltr'>μὲν</span> <span class='ocrx_word' id='word_1_746' title='bbox 1370 4660 1540 4730; x_wconf 82' lang='grc' dir='ltr'>ὄνομά</span> <span class='ocrx_word' id='word_1_747' title='bbox 1570 4677 1669 4730; x_wconf 90' lang='grc' dir='ltr'><strong>μου</strong></span> <span class='ocrx_word' id='word_1_748' title='bbox 1695 4661 1795 4713; x_wconf 77' lang='grc' dir='ltr'>οὐκ</span> 
     </span>
    </p>
   </div>
   <div class='ocr_carea' id='block_1_93' title="bbox 201 4751 1788 4829">
    <p class='ocr_par' dir='ltr' id='par_1_93' title="bbox 201 4751 1788 4829">
     <span class='ocr_line' id='line_1_93' title="bbox 201 4751 1788 4829; baseline -0.004 -17"><span class='ocrx_word' id='word_1_749' title='bbox 201 4758 489 4829; x_wconf 78' lang='grc' dir='ltr'>ἐδήλωσα,</span> <span class='ocrx_word' id='word_1_750' title='bbox 519 4757 612 4810; x_wconf 74' lang='grc' dir='ltr'>καὶ</span> <span class='ocrx_word' id='word_1_751' title='bbox 647 4753 889 4826; x_wconf 77' lang='grc' dir='ltr'>μείζονος</span> <span class='ocrx_word' id='word_1_752' title='bbox 914 4751 1025 4825; x_wconf 83' lang='grc' dir='ltr'><strong>γάρ</strong></span> <span class='ocrx_word' id='word_1_753' title='bbox 1058 4752 1195 4818; x_wconf 80' lang='grc' dir='ltr'>ἄξιοι</span> <span class='ocrx_word' id='word_1_754' title='bbox 1229 4754 1326 4823; x_wconf 85' lang='grc' dir='ltr'>τῆς</span> <span class='ocrx_word' id='word_1_755' title='bbox 1358 4752 1616 4823; x_wconf 80' lang='grc' dir='ltr'>τοιαύτης</span> <span class='ocrx_word' id='word_1_756' title='bbox 1651 4753 1788 4821; x_wconf 82' lang='grc' dir='ltr'>γνώ-</span> 
     </span>
    </p>
   </div>
   <div class='ocr_carea' id='block_1_94' title="bbox 205 4843 1788 4920">
    <p class='ocr_par' dir='ltr' id='par_1_94' title="bbox 205 4843 1788 4920">
     <span class='ocr_line' id='line_1_94' title="bbox 205 4843 1788 4920; baseline -0.005 -15"><span class='ocrx_word' id='word_1_757' title='bbox 205 4869 360 4916; x_wconf 86' lang='grc' dir='ltr'>σεως</span> <span class='ocrx_word' id='word_1_758' title='bbox 405 4849 697 4920; x_wconf 75' lang='grc' dir='ltr'>ἐτύγχανον</span> <span class='ocrx_word' id='word_1_759' title='bbox 740 4846 917 4909; x_wconf 75' lang='grc' dir='ltr'>ὄντες·</span> <span class='ocrx_word' id='word_1_760' title='bbox 965 4845 1128 4909; x_wconf 77' lang='grc' dir='ltr'>αὐτὸς</span> <span class='ocrx_word' id='word_1_761' title='bbox 1164 4845 1220 4898; x_wconf 84' lang='grc' dir='ltr'>δὲ</span> <span class='ocrx_word' id='word_1_762' title='bbox 1264 4843 1451 4915; x_wconf 75' lang='grc' dir='ltr'>ὤφθην</span> <span class='ocrx_word' id='word_1_763' title='bbox 1472 4844 1654 4908; x_wconf 83' lang='grc' dir='ltr'>αὐτοῖς</span> <span class='ocrx_word' id='word_1_764' title='bbox 1695 4844 1788 4897; x_wconf 73' lang='grc' dir='ltr'>καὶ</span> 
     </span>
    </p>
   </div>
   <div class='ocr_carea' id='block_1_95' title="bbox 200 4937 1787 5012">
    <p class='ocr_par' dir='ltr' id='par_1_95' title="bbox 200 4937 1787 5012">
     <span class='ocr_line' id='line_1_95' title="bbox 200 4937 1787 5012; baseline -0.006 -14"><span class='ocrx_word' id='word_1_765' title='bbox 200 4945 281 4998; x_wconf 79' lang='grc' dir='ltr'>δι’</span> <span class='ocrx_word' id='word_1_766' title='bbox 313 4942 508 4997; x_wconf 88' lang='grc' dir='ltr'>ἐαυτοῦ</span> <span class='ocrx_word' id='word_1_767' title='bbox 534 4940 813 5012; x_wconf 85' lang='grc' dir='ltr'>(ἐμαυτοῦ)</span> <span class='ocrx_word' id='word_1_768' title='bbox 843 4939 941 5009; x_wconf 82' lang='grc' dir='ltr'><strong>τὴν</strong></span> <span class='ocrx_word' id='word_1_769' title='bbox 968 4937 1240 5009; x_wconf 76' lang='grc' dir='ltr'>Διαθήκην</span> <span class='ocrx_word' id='word_1_770' title='bbox 1293 4955 1394 5008; x_wconf 88' lang='grc' dir='ltr'><strong>μου</strong></span> <span class='ocrx_word' id='word_1_771' title='bbox 1426 4938 1562 5008; x_wconf 89' lang='grc' dir='ltr'>πρὸς</span> <span class='ocrx_word' id='word_1_772' title='bbox 1590 4938 1787 5000; x_wconf 72' lang='grc' dir='ltr'>αὐτοὺς</span> 
     </span>
    </p>
   </div>
   <div class='ocr_carea' id='block_1_96' title="bbox 201 5025 1788 5106">
    <p class='ocr_par' dir='ltr' id='par_1_96' title="bbox 201 5025 1788 5106">
     <span class='ocr_line' id='line_1_96' title="bbox 201 5025 1788 5106; baseline -0.005 -17"><span class='ocrx_word' id='word_1_773' title='bbox 201 5034 446 5106; x_wconf 76' lang='grc' dir='ltr'>ἕστησα.</span> <span class='ocrx_word' id='word_1_774' title='bbox 470 5028 740 5105; x_wconf 85' lang='grc' dir='ltr'>Πρόδηλον</span> <span class='ocrx_word' id='word_1_775' title='bbox 768 5030 823 5084; x_wconf 83' lang='grc' dir='ltr'>δὲ</span> <span class='ocrx_word' id='word_1_776' title='bbox 851 5033 914 5084; x_wconf 84' lang='grc' dir='ltr'><strong>ἐκ</strong></span> <span class='ocrx_word' id='word_1_777' title='bbox 944 5030 1053 5082; x_wconf 89' lang='grc' dir='ltr'><strong>τῶν</strong></span> <span class='ocrx_word' id='word_1_778' title='bbox 1080 5029 1587 5100; x_wconf 82' lang='grc' dir='ltr'>προαποδεδομένων</span> <span class='ocrx_word' id='word_1_779' title='bbox 1614 5029 1698 5093; x_wconf 84' lang='grc' dir='ltr'><strong>τίς</strong></span> <span class='ocrx_word' id='word_1_780' title='bbox 1720 5025 1788 5099; x_wconf 77' lang='grc' dir='ltr'>ἦν</span> 
     </span>
    </p>
   </div>
   <div class='ocr_carea' id='block_1_97' title="bbox 199 5108 1789 5197">
    <p class='ocr_par' dir='ltr' id='par_1_97' title="bbox 199 5108 1789 5197">
     <span class='ocr_line' id='line_1_97' title="bbox 199 5108 1789 5197; baseline -0.004 -17"><span class='ocrx_word' id='word_1_781' title='bbox 199 5130 235 5181; x_wconf 78' lang='grc' dir='ltr'>ὁ</span> <span class='ocrx_word' id='word_1_782' title='bbox 292 5128 413 5188; x_wconf 84' lang='grc' dir='ltr'>τοῖς</span> <span class='ocrx_word' id='word_1_783' title='bbox 451 5125 722 5197; x_wconf 88' lang='grc' dir='ltr'>πατράσιν</span> <span class='ocrx_word' id='word_1_784' title='bbox 766 5122 980 5193; x_wconf 70' lang='grc' dir='ltr'><strong>όςρθείς⁸</strong></span> <span class='ocrx_word' id='word_1_785' title='bbox 1015 5122 1203 5175; x_wconf 88' lang='grc' dir='ltr'>τοῦτον</span> <span class='ocrx_word' id='word_1_786' title='bbox 1234 5108 1359 5190; x_wconf 74' lang='grc' dir='ltr'>’γὰρ</span> <span class='ocrx_word' id='word_1_787' title='bbox 1406 5120 1789 5193; x_wconf 80' lang='grc' dir='ltr'>ἐξεταζόμενος</span> 
     </span>
    </p>
   </div>
   <div class='ocr_carea' id='block_1_98' title="bbox 199 5211 1785 5287">
    <p class='ocr_par' dir='ltr' id='par_1_98' title="bbox 199 5211 1785 5287">
     <span class='ocr_line' id='line_1_98' title="bbox 199 5211 1785 5287; baseline -0.004 -17"><span class='ocrx_word' id='word_1_788' title='bbox 199 5215 305 5270; x_wconf 86' lang='grc' dir='ltr'><strong>τὸν</strong></span> <span class='ocrx_word' id='word_1_789' title='bbox 342 5216 539 5287; x_wconf 86' lang='grc' dir='ltr'>τρόπον</span> <span class='ocrx_word' id='word_1_790' title='bbox 565 5216 593 5268; x_wconf 89' lang='lat'><strong>6</strong></span> <span class='ocrx_word' id='word_1_791' title='bbox 611 5213 764 5281; x_wconf 83' lang='grc' dir='ltr'>λόγος</span> <span class='ocrx_word' id='word_1_792' title='bbox 794 5212 929 5284; x_wconf 85' lang='grc' dir='ltr'>πρὸς</span> <span class='ocrx_word' id='word_1_793' title='bbox 957 5212 1047 5264; x_wconf 87' lang='grc' dir='ltr'><strong>τὸν</strong></span> <span class='ocrx_word' id='word_1_794' title='bbox 1076 5231 1093 5261; x_wconf 89' lang='grc'><em>‹</em></span> <span class='ocrx_word' id='word_1_795' title='bbox 1120 5212 1177 5262; x_wconf 85' lang='grc' dir='ltr'><strong>ἐν</strong></span> <span class='ocrx_word' id='word_1_796' title='bbox 1197 5212 1337 5282; x_wconf 78' lang='grc' dir='ltr'>ἀρχῇ</span> <span class='ocrx_word' id='word_1_797' title='bbox 1360 5211 1494 5281; x_wconf 83' lang='grc' dir='ltr'>πρὸς</span> <span class='ocrx_word' id='word_1_798' title='bbox 1514 5211 1606 5263; x_wconf 87' lang='grc' dir='ltr'><strong>τὸν</strong></span> <span class='ocrx_word' id='word_1_799' title='bbox 1634 5211 1785 5275; x_wconf 86' lang='grc' dir='ltr'>Θεὸν,</span> 
     </span>
    </p>
   </div>
   <div class='ocr_carea' id='block_1_99' title="bbox 197 5303 1787 5375">
    <p class='ocr_par' dir='ltr' id='par_1_99' title="bbox 197 5303 1787 5375">
     <span class='ocr_line' id='line_1_99' title="bbox 197 5303 1787 5375; baseline -0.004 -11"><span class='ocrx_word' id='word_1_800' title='bbox 197 5307 353 5364; x_wconf 76' lang='grc' dir='ltr'>Θεὸν</span> <span class='ocrx_word' id='word_1_801' title='bbox 374 5307 541 5375; x_wconf 82' lang='grc' dir='ltr'>Λόγον</span> <span class='ocrx_word' id='word_1_802' title='bbox 574 5325 591 5357; x_wconf 78' lang='grc' dir='ltr'><strong>ι</strong></span> <span class='ocrx_word' id='word_1_803' title='bbox 636 5306 898 5375; x_wconf 76' lang='grc' dir='ltr'>ὑπάρχειν</span> <span class='ocrx_word' id='word_1_804' title='bbox 931 5303 1294 5357; x_wconf 85' lang='grc' dir='ltr'>ἀπεδείκνυεν.</span> <span class='ocrx_word' id='word_1_805' title='bbox 1330 5304 1535 5358; x_wconf 83' lang='grc' dir='ltr'>Οὐκοῦν</span> <span class='ocrx_word' id='word_1_806' title='bbox 1562 5306 1590 5358; x_wconf 89' lang='lat'><strong>6</strong></span> <span class='ocrx_word' id='word_1_807' title='bbox 1628 5305 1787 5369; x_wconf 83' lang='grc' dir='ltr'>αὐτὸς</span> 
     </span>
    </p>
   </div>
   <div class='ocr_carea' id='block_1_100' title="bbox 201 5396 1776 5469">
    <p class='ocr_par' dir='ltr' id='par_1_100' title="bbox 201 5396 1776 5469">
     <span class='ocr_line' id='line_1_100' title="bbox 201 5396 1776 5469; baseline -0.004 -12"><span class='ocrx_word' id='word_1_808' title='bbox 201 5403 318 5457; x_wconf 73' lang='grc' dir='ltr'>καὶ</span> <span class='ocrx_word' id='word_1_809' title='bbox 362 5400 465 5454; x_wconf 79' lang='grc' dir='ltr'>νῦν·</span> <span class='ocrx_word' id='word_1_810' title='bbox 494 5398 833 5469; x_wconf 72' lang='grc' dir='ltr'>ἐπιφαίνεται</span> <span class='ocrx_word' id='word_1_811' title='bbox 862 5436 872 5460; x_wconf 86' lang='grc'><strong>,</strong></span> <span class='ocrx_word' id='word_1_812' title='bbox 895 5397 1010 5451; x_wconf 84' lang='grc' dir='ltr'>ἀλλ’</span> <span class='ocrx_word' id='word_1_813' title='bbox 1032 5398 1131 5466; x_wconf 73' lang='grc' dir='ltr'><strong>οὐχ</strong></span> <span class='ocrx_word' id='word_1_814' title='bbox 1147 5396 1345 5467; x_wconf 76' lang='grc' dir='ltr'>ὁμοίως</span> <span class='ocrx_word' id='word_1_815' title='bbox 1359 5412 1422 5464; x_wconf 89' lang='grc' dir='ltr'><strong>γε</strong></span> <span class='ocrx_word' id='word_1_816' title='bbox 1434 5400 1545 5460; x_wconf 86' lang='grc' dir='ltr'>τοῖς</span> <span class='ocrx_word' id='word_1_817' title='bbox 1562 5398 1776 5467; x_wconf 86' lang='grc' dir='ltr'>προπά-</span> 
     </span>
    </p>
   </div>
   <div class='ocr_carea' id='block_1_101' title="bbox 286 5512 1845 5579">
    <p class='ocr_par' dir='ltr' id='par_1_101' title="bbox 286 5512 1845 5579">
     <span class='ocr_line' id='line_1_101' title="bbox 286 5512 1845 5579; baseline 0.002 -12"><span class='ocrx_word' id='word_1_818' title='bbox 286 5517 342 5547; x_wconf 74' lang='grc'><em>³⁶</em></span> <span class='ocrx_word' id='word_1_819' title='bbox 383 5514 539 5569; x_wconf 82' lang='lat' dir='ltr'><strong>Rom.</strong></span> <span class='ocrx_word' id='word_1_820' title='bbox 575 5531 625 5568; x_wconf 79' lang='lat' dir='ltr'><strong>Ix</strong></span> <span class='ocrx_word' id='word_1_821' title='bbox 650 5555 663 5575; x_wconf 85' lang='lat'><strong>.</strong></span> <span class='ocrx_word' id='word_1_822' title='bbox 691 5514 816 5569; x_wconf 76' lang='lat'><strong>‘29.-</strong></span> <span class='ocrx_word' id='word_1_823' title='bbox 856 5515 901 5547; x_wconf 78' lang='grc'><strong>⁸³</strong></span> <span class='ocrx_word' id='word_1_824' title='bbox 939 5512 1083 5568; x_wconf 85' lang='lat' dir='ltr'><strong>Psal.</strong></span> <span class='ocrx_word' id='word_1_825' title='bbox 1118 5513 1344 5577; x_wconf 53' lang='lat' dir='ltr'><strong>cuni;</strong></span> <span class='ocrx_word' id='word_1_826' title='bbox 1384 5516 1501 5568; x_wconf 84' lang='lat' dir='ltr'><strong>Act.</strong></span> <span class='ocrx_word' id='word_1_827' title='bbox 1542 5529 1581 5579; x_wconf 83' lang='grc' dir='ltr'><strong>ι,</strong></span> <span class='ocrx_word' id='word_1_828' title='bbox 1630 5514 1722 5574; x_wconf 73' lang='grc'>54,</span> <span class='ocrx_word' id='word_1_829' title='bbox 1759 5515 1845 5571; x_wconf 78' lang='lat'><strong>&#39;55.</strong></span> 
     </span>
    </p>
   </div>
   <div class='ocr_carea' id='block_1_102' title="bbox 612 5581 2019 5651">
    <p class='ocr_par' dir='ltr' id='par_1_102' title="bbox 612 5581 2019 5651">
     <span class='ocr_line' id='line_1_102' title="bbox 612 5581 2019 5651; baseline 0.001 -12"><span class='ocrx_word' id='word_1_830' title='bbox 612 5588 657 5617; x_wconf 81' lang='lat'><strong>&#39;°</strong></span> <span class='ocrx_word' id='word_1_831' title='bbox 695 5584 824 5641; x_wconf 85' lang='lat' dir='ltr'><strong>ibid.</strong></span> <span class='ocrx_word' id='word_1_832' title='bbox 865 5585 947 5640; x_wconf 76' lang='grc' dir='ltr'><strong>Η.</strong></span> <span class='ocrx_word' id='word_1_833' title='bbox 1022 5583 1065 5614; x_wconf 80' lang='grc'><strong>⁹¹</strong></span> <span class='ocrx_word' id='word_1_834' title='bbox 1108 5581 1277 5638; x_wconf 83' lang='lat' dir='ltr'><strong>Exod.</strong></span> <span class='ocrx_word' id='word_1_835' title='bbox 1315 5599 1367 5639; x_wconf 79' lang='lat' dir='ltr'><strong>vr</strong></span> <span class='ocrx_word' id='word_1_836' title='bbox 1392 5623 1405 5650; x_wconf 88' lang='lat'><strong>,</strong></span> <span class='ocrx_word' id='word_1_837' title='bbox 1433 5584 1523 5638; x_wconf 66' lang='grc'><strong>2-4</strong></span> <span class='ocrx_word' id='word_1_838' title='bbox 1618 5586 1662 5616; x_wconf 78' lang='grc'><strong>⁰²</strong></span> <span class='ocrx_word' id='word_1_839' title='bbox 1700 5583 1858 5640; x_wconf 82' lang='lat' dir='ltr'><strong>Joan.</strong></span> <span class='ocrx_word' id='word_1_840' title='bbox 1895 5601 1933 5651; x_wconf 86' lang='lat' dir='ltr'><strong>t,</strong></span> <span class='ocrx_word' id='word_1_841' title='bbox 1970 5587 2019 5641; x_wconf 81' lang='lat' dir='ltr'><strong>l.</strong></span> 
     </span>
    </p>
   </div>
   <div class='ocr_carea' id='block_1_103' title="bbox 202 5585 539 5640">
    <p class='ocr_par' dir='ltr' id='par_1_103' title="bbox 202 5585 539 5640">
     <span class='ocr_line' id='line_1_103' title="bbox 202 5585 539 5640; baseline -0.009 0"><span class='ocrx_word' id='word_1_842' title='bbox 202 5585 259 5619; x_wconf 82' lang='lat'><strong>”</strong></span> <span class='ocrx_word' id='word_1_843' title='bbox 309 5585 443 5640; x_wconf 84' lang='lat' dir='ltr'><strong>ibid.</strong></span> <span class='ocrx_word' id='word_1_844' title='bbox 487 5585 539 5638; x_wconf 72' lang='grc'><strong>4.</strong></span> 
     </span>
    </p>
   </div>
   <div class='ocr_carea' id='block_1_104' title="bbox 293 5694 1267 5772">
    <p class='ocr_par' dir='ltr' id='par_1_104' title="bbox 293 5694 1267 5772">
     <span class='ocr_line' id='line_1_104' title="bbox 293 5694 1267 5772; baseline 0.003 -16"><span class='ocrx_word' id='word_1_845' title='bbox 293 5698 378 5772; x_wconf 84' lang='grc' dir='ltr'><strong>(ι)</strong></span> <span class='ocrx_word' id='word_1_846' title='bbox 426 5700 527 5768; x_wconf 55' lang='lat' dir='ltr'><strong>Tr}.</strong></span> <span class='ocrx_word' id='word_1_847' title='bbox 558 5702 719 5760; x_wconf 84' lang='lat' dir='ltr'><strong>Forte</strong></span> <span class='ocrx_word' id='word_1_848' title='bbox 749 5694 813 5771; x_wconf 81' lang='grc' dir='ltr'>ᾧ,</span> <span class='ocrx_word' id='word_1_849' title='bbox 853 5701 939 5760; x_wconf 80' lang='lat' dir='ltr'><strong>vel</strong></span> <span class='ocrx_word' id='word_1_850' title='bbox 964 5696 1062 5766; x_wconf 76' lang='grc' dir='ltr'>οἷς.</span> <span class='ocrx_word' id='word_1_851' title='bbox 1107 5698 1267 5759; x_wconf 73' lang='grc' dir='ltr'>Εοιτ.</span> 
     </span>
    </p>
   </div>
   <div class='ocr_carea' id='block_1_105' title="bbox 1888 4382 3461 4455">
    <p class='ocr_par' dir='ltr' id='par_1_105' title="bbox 1888 4382 3461 4455">
     <span class='ocr_line' id='line_1_105' title="bbox 1888 4382 3461 4455; baseline 0.003 -19"><span class='ocrx_word' id='word_1_852' title='bbox 1888 4382 2119 4436; x_wconf 86' lang='lat' dir='ltr'><strong>iudicavi</strong></span> <span class='ocrx_word' id='word_1_853' title='bbox 2154 4384 2254 4437; x_wconf 82' lang='lat' dir='ltr'><strong>eis.</strong></span> <span class='ocrx_word' id='word_1_854' title='bbox 2278 4403 2296 4435; x_wconf 86' lang='grc'><strong>›</strong></span> <span class='ocrx_word' id='word_1_855' title='bbox 2316 4383 2446 4449; x_wconf 70' lang='lat' dir='ltr'><strong>Qua:</strong></span> <span class='ocrx_word' id='word_1_856' title='bbox 2469 4384 2600 4437; x_wconf 90' lang='lat' dir='ltr'><strong>mihi</strong></span> <span class='ocrx_word' id='word_1_857' title='bbox 2624 4384 2878 4439; x_wconf 81' lang='lat' dir='ltr'><strong>videntur</strong></span> <span class='ocrx_word' id='word_1_858' title='bbox 2903 4386 2983 4440; x_wconf 90' lang='lat' dir='ltr'><strong>sic</strong></span> <span class='ocrx_word' id='word_1_859' title='bbox 3008 4385 3413 4455; x_wconf 84' lang='lat' dir='ltr'><strong>interpretanda</strong></span> <span class='ocrx_word' id='word_1_860' title='bbox 3445 4425 3461 4440; x_wconf 91' lang='lat'><strong>.</strong></span> 
     </span>
    </p>
   </div>
   <div class='ocr_carea' id='block_1_106' title="bbox 1887 4473 3459 4545">
    <p class='ocr_par' dir='ltr' id='par_1_106' title="bbox 1887 4473 3459 4545">
     <span class='ocr_line' id='line_1_106' title="bbox 1887 4473 3459 4545; baseline 0.003 -19"><span class='ocrx_word' id='word_1_861' title='bbox 1887 4473 2008 4527; x_wconf 86' lang='lat' dir='ltr'><strong>Tibi</strong></span> <span class='ocrx_word' id='word_1_862' title='bbox 2039 4489 2234 4528; x_wconf 89' lang='lat' dir='ltr'><strong>nomen</strong></span> <span class='ocrx_word' id='word_1_863' title='bbox 2266 4491 2443 4530; x_wconf 91' lang='lat' dir='ltr'><strong>meum</strong></span> <span class='ocrx_word' id='word_1_864' title='bbox 2476 4491 2649 4545; x_wconf 77' lang='lat' dir='ltr'><strong>usque</strong></span> <span class='ocrx_word' id='word_1_865' title='bbox 2681 4493 2824 4531; x_wconf 89' lang='lat' dir='ltr'><strong>mmc</strong></span> <span class='ocrx_word' id='word_1_866' title='bbox 2847 4478 2949 4531; x_wconf 91' lang='lat' dir='ltr'><strong>soli</strong></span> <span class='ocrx_word' id='word_1_867' title='bbox 2985 4478 3253 4541; x_wconf 84' lang='lat' dir='ltr'><strong>revelans,</strong></span> <span class='ocrx_word' id='word_1_868' title='bbox 3295 4477 3459 4531; x_wconf 65' lang='lat' dir='ltr'><strong>dico:</strong></span> 
     </span>
    </p>
   </div>
   <div class='ocr_carea' id='block_1_107' title="bbox 1889 4564 3462 4639">
    <p class='ocr_par' dir='ltr' id='par_1_107' title="bbox 1889 4564 3462 4639">
     <span class='ocr_line' id='line_1_107' title="bbox 1889 4564 3462 4639; baseline 0.001 -20"><span class='ocrx_word' id='word_1_869' title='bbox 1889 4564 2000 4639; x_wconf 84' lang='lat' dir='ltr'><strong>Ego</strong></span> <span class='ocrx_word' id='word_1_870' title='bbox 2031 4566 2327 4633; x_wconf 87' lang='lat' dir='ltr'><strong>Dominus;</strong></span> <span class='ocrx_word' id='word_1_871' title='bbox 2355 4569 2604 4637; x_wconf 87' lang='lat' dir='ltr'><strong>patribus</strong></span> <span class='ocrx_word' id='word_1_872' title='bbox 2634 4585 2763 4622; x_wconf 82' lang='lat' dir='ltr'><strong>vero</strong></span> <span class='ocrx_word' id='word_1_873' title='bbox 2788 4569 2897 4624; x_wconf 89' lang='lat' dir='ltr'><strong>tuis</strong></span> <span class='ocrx_word' id='word_1_874' title='bbox 2926 4584 3122 4622; x_wconf 91' lang='lat' dir='ltr'><strong>nomen</strong></span> <span class='ocrx_word' id='word_1_875' title='bbox 3150 4585 3325 4623; x_wconf 89' lang='lat' dir='ltr'><strong>meum</strong></span> <span class='ocrx_word' id='word_1_876' title='bbox 3353 4584 3462 4621; x_wconf 86' lang='lat' dir='ltr'><strong>non</strong></span> 
     </span>
    </p>
   </div>
   <div class='ocr_carea' id='block_1_108' title="bbox 1892 4659 3461 4731">
    <p class='ocr_par' dir='ltr' id='par_1_108' title="bbox 1892 4659 3461 4731">
     <span class='ocr_line' id='line_1_108' title="bbox 1892 4659 3461 4731; baseline 0 -19"><span class='ocrx_word' id='word_1_877' title='bbox 1892 4659 2149 4721; x_wconf 75' lang='lat' dir='ltr'><strong>indicari,</strong></span> <span class='ocrx_word' id='word_1_878' title='bbox 2182 4660 2380 4729; x_wconf 90' lang='lat' dir='ltr'><strong>quippe</strong></span> <span class='ocrx_word' id='word_1_879' title='bbox 2411 4660 2602 4729; x_wconf 84' lang='lat' dir='ltr'><strong>majori</strong></span> <span class='ocrx_word' id='word_1_880' title='bbox 2634 4661 2863 4715; x_wconf 86' lang='lat' dir='ltr'><strong>scientia</strong></span> <span class='ocrx_word' id='word_1_881' title='bbox 2900 4661 3100 4731; x_wconf 80' lang='lat' dir='ltr'><strong>dignis.</strong></span> <span class='ocrx_word' id='word_1_882' title='bbox 3136 4660 3254 4728; x_wconf 83' lang='lat' dir='ltr'><strong>Ipse</strong></span> <span class='ocrx_word' id='word_1_883' title='bbox 3283 4668 3461 4713; x_wconf 86' lang='lat' dir='ltr'><strong>autem</strong></span> 
     </span>
    </p>
   </div>
   <div class='ocr_carea' id='block_1_109' title="bbox 1895 4750 3460 4822">
    <p class='ocr_par' dir='ltr' id='par_1_109' title="bbox 1895 4750 3460 4822">
     <span class='ocr_line' id='line_1_109' title="bbox 1895 4750 3460 4822; baseline 0.001 -20"><span class='ocrx_word' id='word_1_884' title='bbox 1895 4751 2118 4819; x_wconf 88' lang='lat' dir='ltr'><strong>apparui</strong></span> <span class='ocrx_word' id='word_1_885' title='bbox 2150 4750 2251 4814; x_wconf 90' lang='lat' dir='ltr'><strong>eis,</strong></span> <span class='ocrx_word' id='word_1_886' title='bbox 2307 4759 2360 4805; x_wconf 89' lang='lat' dir='ltr'><strong>et</strong></span> <span class='ocrx_word' id='word_1_887' title='bbox 2394 4766 2492 4821; x_wconf 86' lang='lat' dir='ltr'><strong>per</strong></span> <span class='ocrx_word' id='word_1_888' title='bbox 2523 4753 2790 4822; x_wconf 89' lang='lat' dir='ltr'><strong>mcipsum</strong></span> <span class='ocrx_word' id='word_1_889' title='bbox 2823 4752 3231 4808; x_wconf 86' lang='lat' dir='ltr'><strong>Testamentum</strong></span> <span class='ocrx_word' id='word_1_890' title='bbox 3281 4767 3460 4804; x_wconf 88' lang='lat' dir='ltr'><strong>meum</strong></span> 
     </span>
    </p>
   </div>
   <div class='ocr_carea' id='block_1_110' title="bbox 1894 4843 3461 4916">
    <p class='ocr_par' dir='ltr' id='par_1_110' title="bbox 1894 4843 3461 4916">
     <span class='ocr_line' id='line_1_110' title="bbox 1894 4843 3461 4916; baseline 0 -19"><span class='ocrx_word' id='word_1_891' title='bbox 1894 4860 2015 4898; x_wconf 90' lang='lat' dir='ltr'><strong>cum</strong></span> <span class='ocrx_word' id='word_1_892' title='bbox 2055 4845 2135 4897; x_wconf 87' lang='lat' dir='ltr'><strong>eis</strong></span> <span class='ocrx_word' id='word_1_893' title='bbox 2177 4844 2373 4914; x_wconf 81' lang='lat' dir='ltr'><strong>pepigi.</strong></span> <span class='ocrx_word' id='word_1_894' title='bbox 2408 4844 2635 4901; x_wconf 85' lang='lat' dir='ltr'><strong>Constat</strong></span> <span class='ocrx_word' id='word_1_895' title='bbox 2681 4846 3011 4916; x_wconf 88' lang='lat' dir='ltr'><strong>supradictis</strong></span> <span class='ocrx_word' id='word_1_896' title='bbox 3062 4846 3186 4914; x_wconf 89' lang='lat' dir='ltr'><strong>quis</strong></span> <span class='ocrx_word' id='word_1_897' title='bbox 3216 4843 3461 4913; x_wconf 86' lang='lat' dir='ltr'><strong>patribus</strong></span> 
     </span>
    </p>
   </div>
   <div class='ocr_carea' id='block_1_111' title="bbox 1895 4937 3479 5009">
    <p class='ocr_par' dir='ltr' id='par_1_111' title="bbox 1895 4937 3479 5009">
     <span class='ocr_line' id='line_1_111' title="bbox 1895 4937 3479 5009; baseline 0.001 -21"><span class='ocrx_word' id='word_1_898' title='bbox 1895 4938 2224 5006; x_wconf 85' lang='lat' dir='ltr'><strong>apparuerit.</strong></span> <span class='ocrx_word' id='word_1_899' title='bbox 2254 4937 2427 5007; x_wconf 85' lang='lat' dir='ltr'><strong>Hujus</strong></span> <span class='ocrx_word' id='word_1_900' title='bbox 2459 4942 2600 4993; x_wconf 88' lang='lat' dir='ltr'><strong>enim</strong></span> <span class='ocrx_word' id='word_1_901' title='bbox 2647 4941 2751 4994; x_wconf 89' lang='lat' dir='ltr'><strong>loci</strong></span> <span class='ocrx_word' id='word_1_902' title='bbox 2783 4940 3091 5009; x_wconf 78' lang='lat' dir='ltr'><strong>explanatio</strong></span> <span class='ocrx_word' id='word_1_903' title='bbox 3121 4954 3241 4992; x_wconf 90' lang='lat' dir='ltr'><strong>eum</strong></span> <span class='ocrx_word' id='word_1_904' title='bbox 3276 4943 3479 4990; x_wconf 73' lang='lat' dir='ltr'><strong>osten-‘</strong></span> 
     </span>
    </p>
   </div>
   <div class='ocr_carea' id='block_1_112' title="bbox 1894 5028 3460 5102">
    <p class='ocr_par' dir='ltr' id='par_1_112' title="bbox 1894 5028 3460 5102">
     <span class='ocr_line' id='line_1_112' title="bbox 1894 5028 3460 5102; baseline -0.003 -19"><span class='ocrx_word' id='word_1_905' title='bbox 1894 5029 1973 5083; x_wconf 92' lang='lat' dir='ltr'><strong>dit</strong></span> <span class='ocrx_word' id='word_1_906' title='bbox 2019 5045 2141 5085; x_wconf 89' lang='lat' dir='ltr'><strong>esse</strong></span> <span class='ocrx_word' id='word_1_907' title='bbox 2198 5049 2216 5082; x_wconf 81' lang='grc' dir='ltr'><strong>ι</strong></span> <span class='ocrx_word' id='word_1_908' title='bbox 2269 5031 2321 5084; x_wconf 85' lang='lat' dir='ltr'><strong>in</strong></span> <span class='ocrx_word' id='word_1_909' title='bbox 2368 5032 2641 5102; x_wconf 89' lang='lat' dir='ltr'><strong>principio</strong></span> <span class='ocrx_word' id='word_1_910' title='bbox 2686 5033 2828 5102; x_wconf 88' lang='lat' dir='ltr'><strong>apud</strong></span> <span class='ocrx_word' id='word_1_911' title='bbox 2880 5031 3068 5091; x_wconf 87' lang='lat' dir='ltr'><strong>Deum,</strong></span> <span class='ocrx_word' id='word_1_912' title='bbox 3120 5029 3285 5085; x_wconf 89' lang='lat' dir='ltr'><strong>Deum</strong></span> <span class='ocrx_word' id='word_1_913' title='bbox 3332 5028 3460 5083; x_wconf 78' lang='lat' dir='ltr'><strong>Ver-</strong></span> 
     </span>
    </p>
   </div>
   <div class='ocr_carea' id='block_1_113' title="bbox 1897 5120 3458 5194">
    <p class='ocr_par' dir='ltr' id='par_1_113' title="bbox 1897 5120 3458 5194">
     <span class='ocr_line' id='line_1_113' title="bbox 1897 5120 3458 5194; baseline -0.003 -19"><span class='ocrx_word' id='word_1_914' title='bbox 1897 5121 2025 5175; x_wconf 87' lang='lat' dir='ltr'><strong>bum</strong></span> <span class='ocrx_word' id='word_1_915' title='bbox 2051 5125 2118 5177; x_wconf 71' lang='grc' dir='ltr'><strong>θ’.</strong></span> <span class='ocrx_word' id='word_1_916' title='bbox 2160 5142 2179 5173; x_wconf 68' lang='grc' dir='ltr'><strong>ι</strong></span> <span class='ocrx_word' id='word_1_917' title='bbox 2218 5120 2363 5177; x_wconf 84' lang='lat' dir='ltr'><strong>Idem</strong></span> <span class='ocrx_word' id='word_1_918' title='bbox 2405 5124 2569 5194; x_wconf 80' lang='lat' dir='ltr'><strong>igitur</strong></span> <span class='ocrx_word' id='word_1_919' title='bbox 2622 5142 2767 5179; x_wconf 89' lang='lat' dir='ltr'><strong>nunc</strong></span> <span class='ocrx_word' id='word_1_920' title='bbox 2805 5138 3019 5194; x_wconf 85' lang='lat' dir='ltr'><strong>quoque</strong></span> <span class='ocrx_word' id='word_1_921' title='bbox 3059 5122 3458 5182; x_wconf 86' lang='lat' dir='ltr'><strong>manifestatur,</strong></span> 
     </span>
    </p>
   </div>
   <div class='ocr_carea' id='block_1_114' title="bbox 1896 5212 3460 5285">
    <p class='ocr_par' dir='ltr' id='par_1_114' title="bbox 1896 5212 3460 5285">
     <span class='ocr_line' id='line_1_114' title="bbox 1896 5212 3460 5285; baseline -0.003 -16"><span class='ocrx_word' id='word_1_922' title='bbox 1896 5213 1990 5269; x_wconf 88' lang='lat' dir='ltr'><strong>sed</strong></span> <span class='ocrx_word' id='word_1_923' title='bbox 2037 5231 2146 5270; x_wconf 92' lang='lat' dir='ltr'><strong>non</strong></span> <span class='ocrx_word' id='word_1_924' title='bbox 2177 5215 2366 5271; x_wconf 89' lang='lat' dir='ltr'><strong>eodem</strong></span> <span class='ocrx_word' id='word_1_925' title='bbox 2420 5216 2581 5270; x_wconf 87' lang='lat' dir='ltr'><strong>modo</strong></span> <span class='ocrx_word' id='word_1_926' title='bbox 2610 5232 2717 5285; x_wconf 91' lang='lat' dir='ltr'><strong>quo</strong></span> <span class='ocrx_word' id='word_1_927' title='bbox 2770 5215 3034 5285; x_wconf 85' lang='lat' dir='ltr'><strong>patribus.</strong></span> <span class='ocrx_word' id='word_1_928' title='bbox 3087 5212 3180 5268; x_wconf 89' lang='lat' dir='ltr'><strong>His</strong></span> <span class='ocrx_word' id='word_1_929' title='bbox 3225 5213 3368 5265; x_wconf 82' lang='lat' dir='ltr'><strong>enim</strong></span> <span class='ocrx_word' id='word_1_930' title='bbox 3406 5223 3460 5265; x_wconf 88' lang='lat' dir='ltr'><strong>ut</strong></span> 
     </span>
    </p>
   </div>
   <div class='ocr_carea' id='block_1_115' title="bbox 1894 5305 3455 5379">
    <p class='ocr_par' dir='ltr' id='par_1_115' title="bbox 1894 5305 3455 5379">
     <span class='ocr_line' id='line_1_115' title="bbox 1894 5305 3455 5379; baseline -0.004 -18"><span class='ocrx_word' id='word_1_931' title='bbox 1894 5308 2193 5377; x_wconf 86' lang='lat' dir='ltr'><strong>majoribus</strong></span> <span class='ocrx_word' id='word_1_932' title='bbox 2225 5315 2279 5363; x_wconf 87' lang='lat' dir='ltr'><strong>et</strong></span> <span class='ocrx_word' id='word_1_933' title='bbox 2306 5308 2727 5379; x_wconf 86' lang='lat' dir='ltr'><strong>perfectioribus</strong></span> <span class='ocrx_word' id='word_1_934' title='bbox 2756 5308 2872 5377; x_wconf 90' lang='lat' dir='ltr'><strong>ipse</strong></span> <span class='ocrx_word' id='word_1_935' title='bbox 2900 5305 3053 5359; x_wconf 85' lang='lat' dir='ltr'><strong>visus</strong></span> <span class='ocrx_word' id='word_1_936' title='bbox 3074 5312 3157 5358; x_wconf 85' lang='lat' dir='ltr'><strong>est</strong></span> <span class='ocrx_word' id='word_1_937' title='bbox 3182 5314 3234 5357; x_wconf 90' lang='lat' dir='ltr'><strong>et</strong></span> <span class='ocrx_word' id='word_1_938' title='bbox 3265 5319 3356 5371; x_wconf 84' lang='lat' dir='ltr'><strong>per</strong></span> <span class='ocrx_word' id='word_1_939' title='bbox 3380 5319 3455 5355; x_wconf 77' lang='lat' dir='ltr'><strong>sc-</strong></span> 
     </span>
    </p>
   </div>
   <div class='ocr_carea' id='block_1_116' title="bbox 1893 5393 3459 5469">
    <p class='ocr_par' dir='ltr' id='par_1_116' title="bbox 1893 5393 3459 5469">
     <span class='ocr_line' id='line_1_116' title="bbox 1893 5393 3459 5469; baseline -0.004 -16"><span class='ocrx_word' id='word_1_940' title='bbox 1893 5399 2071 5469; x_wconf 90' lang='lat' dir='ltr'><strong>ipsum</strong></span> <span class='ocrx_word' id='word_1_941' title='bbox 2110 5399 2516 5457; x_wconf 85' lang='lat' dir='ltr'><strong>Testamentum</strong></span> <span class='ocrx_word' id='word_1_942' title='bbox 2548 5416 2707 5457; x_wconf 91' lang='lat' dir='ltr'><strong>suum</strong></span> <span class='ocrx_word' id='word_1_943' title='bbox 2746 5414 2868 5453; x_wconf 90' lang='lat' dir='ltr'><strong>cum</strong></span> <span class='ocrx_word' id='word_1_944' title='bbox 2916 5399 2984 5455; x_wconf 90' lang='lat' dir='ltr'><strong>iis</strong></span> <span class='ocrx_word' id='word_1_945' title='bbox 3027 5398 3246 5468; x_wconf 82' lang='lat' dir='ltr'><strong>pepigit.</strong></span> <span class='ocrx_word' id='word_1_946' title='bbox 3291 5393 3459 5465; x_wconf 76' lang='lat' dir='ltr'><strong>Moysi</strong></span> 
     </span>
    </p>
   </div>
   <div class='ocr_carea' id='block_1_117' title="bbox 1950 5510 3463 5588">
    <p class='ocr_par' dir='ltr' id='par_1_117' title="bbox 1950 5510 3463 5588">
     <span class='ocr_line' id='line_1_117' title="bbox 1950 5510 3463 5588; baseline -0.006 -17"><span class='ocrx_word' id='word_1_947' title='bbox 1950 5516 1995 5588; x_wconf 57' lang='lat' dir='ltr'><strong>‘f</strong></span> <span class='ocrx_word' id='word_1_948' title='bbox 2034 5515 2228 5588; x_wconf 85' lang='lat' dir='ltr'><strong>Philip.</strong></span> <span class='ocrx_word' id='word_1_949' title='bbox 2261 5534 2335 5585; x_wconf 81' lang='grc' dir='ltr'><strong>ιι,</strong></span> <span class='ocrx_word' id='word_1_950' title='bbox 2381 5519 2467 5572; x_wconf 78' lang='grc'><strong>10.</strong></span> <span class='ocrx_word' id='word_1_951' title='bbox 2568 5517 2611 5549; x_wconf 84' lang='grc'><strong>⁸⁷</strong></span> <span class='ocrx_word' id='word_1_952' title='bbox 2655 5516 2824 5571; x_wconf 83' lang='lat' dir='ltr'><strong>Exod.</strong></span> <span class='ocrx_word' id='word_1_953' title='bbox 2868 5532 2969 5574; x_wconf 83' lang='lat' dir='ltr'><strong>Ill.</strong></span> <span class='ocrx_word' id='word_1_954' title='bbox 3010 5521 3064 5576; x_wconf 77' lang='grc'><strong>1.</strong></span> <span class='ocrx_word' id='word_1_955' title='bbox 3164 5514 3208 5545; x_wconf 81' lang='grc'><strong>⁸⁸</strong></span> <span class='ocrx_word' id='word_1_956' title='bbox 3248 5510 3379 5566; x_wconf 78' lang='lat' dir='ltr'><strong>ibid.</strong></span> <span class='ocrx_word' id='word_1_957' title='bbox 3408 5510 3463 5563; x_wconf 74' lang='lat'><strong>‘2.</strong></span> 
     </span>
    </p>
   </div>
  </div>
