3936 6206
439 287 574 347 1051
1179 292 1447 348 EUSEDll
1479 293 1958 352 CAESABIENSIS
1997 294 2147 351 OPP.
2191 293 2371 350 PARS
2399 293 2981 351 [IL—EXEGETICA.
3553 295 3694 350 £059

439 420 572 462 vero
599 405 751 461 visus
783 412 867 461 est
898 419 1008 459 non
1061 403 1348 471 Dominus,
1384 408 1480 463 sed
1511 423 1767 480 angems;
1803 411 2017 464 vocavit

2133 424 2301 479 τορσιν
2327 425 2339 438 ·
2393 408 2621 471 ἐκείνοις
2675 407 2784 478 γὰρ
2825 407 2918 460 ἆτε
2962 407 3168 476 μείζοσι
3204 407 3298 460 καὶ
3343 407 3694 481 τελειοτέροις

439 514 564 552 eum
600 512 708 551 non
730 496 843 564 jam
876 497 1122 566 angelus,
1156 498 1250 552 sed
1286 497 1565 555 Dominus.
1601 501 1862 557 Dominus
1891 503 2012 572 qui-

441 591 563 645 dem
597 595 714 643 erat
742 588 1083 658 praecipiens,
1119 592 1343 661 angelus
1377 608 1506 646 vero
1535 593 1714 647 divina
1754 611 2016 665 exseque-

441 680 602 734 batur
634 677 909 733 mandata.
948 677 1075 734 lnde
1109 680 1381 736 interdum
1419 683 1594 751 legere
1622 691 1704 738 est
1740 685 1793 738 in
1825 693 2014 740 sancto

438 770 730 839 Apostolo:
757 788 774 820 ι
798 770 901 835 Qui
937 771 1088 826 solus
1118 773 1342 828 ordinas
1373 791 1469 843 per
1504 777 1725 845 angelos
1758 778 1812 830 in
1849 792 2011 830 manu

443 860 762 915 Medialoris
795 862 877 928 ’3;
916 882 933 913 ι
968 870 1020 916 et
1050 882 1064 917 :
1107 883 1124 915 ι
1163 863 1220 918 Si
1250 866 1393 918 enim
1429 861 1520 936 qui
1555 882 1648 936 per
1683 869 1906 937 angelos
1932 869 2014 922 di-

439 959 563 1005 ctus
605 958 689 1004 est
730 966 932 1014 sermo,
981 950 1159 1005 factus
1204 962 1289 1008 est
1333 954 1521 1010 firnms
1551 956 1617 1010 ".
1665 976 1686 1007 ι
1731 955 2015 1012 Manifeste

441 1043 609 1112 igitur
645 1042 871 1111 angelus
896 1043 1169 1110 apparuit,
1205 1051 1258 1098 et
1289 1043 1552 1101 Dominus
1573 1062 1669 1117 per
1693 1062 1816 1102 eum
1841 1048 2016 1101 mani-

442 1137 764 1193 festabatur.
803 1137 912 1190 Nec
944 1139 1108 1193 semel
1163 1140 1408 1197 invenias
1439 1143 1498 1196 in
1537 1145 1686 1198 omni
1719 1145 1836 1216 lege
1868 1145 2017 1199 Scri-

443 1236 660 1296 pturam
698 1227 1026 1280 indicantem
1066 1227 1235 1298 Moysi
1269 1231 1447 1285 visunt
1491 1231 1661 1288 fuisse
1717 1233 1885 1288 Deum
1932 1235 2017 1290 vel

445 1314 760 1378 Dominum,
787 1317 932 1386 quod
972 1315 1038 1369 de
1080 1320 1214 1373 solis
1243 1320 1420 1376 tribus
1449 1323 1780 1392 patriarcbis
1806 1324 2019 1380 videtur

446 1421 569 1461 esse
597 1406 824 1460 dictum.
849 1407 893 1460 E
925 1410 1123 1479 quibus
1166 1421 1409 1480 apertum
1455 1423 1539 1469 est
1591 1430 1806 1470 omnem
1843 1418 2016 1487 legem

449 1495 729 1552 Hebraiea:
761 1501 936 1569 gentis
969 1501 1303 1566 hominibus,
1330 1511 1390 1557 ut
1422 1512 1602 1560 mente
1626 1506 2020 1566 infirmioribus

447 1592 501 1639 ct
526 1587 627 1640 sub
658 1587 795 1643 duce
818 1593 1150 1657 constitutis,
1176 1594 1430 1648 traditam
1461 1599 1621 1666 quasi
1645 1613 1742 1668 per
1772 1601 2022 1672 padago-

449 1698 546 1750 gos
577 1691 740 1752 atque
789 1687 1161 1744 moderatores
1209 1689 1402 1757 fuisse,
1437 1709 1538 1748 nec
1585 1710 1692 1750 non
1730 1697 1910 1767 typice
1939 1701 2018 1756 eis

449 1783 503 1829 et
535 1778 831 1847 symbolice
863 1780 1046 1836 divina
1082 1785 1336 1840 mandata
1363 1789 1601 1844 revelata
1631 1790 1819 1859 fuisse,
1856 1803 2014 1863 prout

451 1867 700 1922 altiorem
749 1871 1160 1944 spiritalemque
1214 1876 1560 1949 disciplinam
1612 1884 1862 1954 accipere
1910 1901 2020 1940 non

449 1961 781 2026 valentibus,
828 1965 1154 2048 quippe-qui
1207 1969 1529 2042 (Egyptiaca
1582 1976 1810 2031 mollitie
1864 1980 2024 2048 pueri

451 2054 668 2108 educati
698 2065 873 2118 erant,
907 2066 960 2112 et
983 2043 1154 2115 multa
1181 2063 1361 2118 adhuc
1391 2067 1747 2124 conversione
1775 2043 2024 2140 indigen-
2073 2043 2081 2052 O

452 2146 788 2212 tcs;quibus
826 2148 964 2216 ignis
985 2164 1108 2204 esse
1145 2152 1285 2208 Deus
1312 2152 1516 2209 dicitur
1551 2175 1567 2211 :
1601 2175 1622 2207 ι
1665 2155 1811 2213 Deus
1839 2167 2027 2215 noster

454 2237 596 2306 ignis
623 2253 952 2297 consumens
992 2243 1059 2307 ",
1101 2262 1120 2295 ι
1149 2245 1294 2314 quod
1331 2249 1554 2305 minime
1584 2250 1650 2304 de
1698 2252 2024 2321 patriarchis

454 2328 680 2388 dicitur.
712 2332 911 2389 Verum
939 2352 1063 2390 cum
1093 2339 1216 2393 illos
1238 2340 1392 2410 jubet
1423 2357 1481 2396 se
1510 2343 1800 2412 purificare
1829 2352 1889 2399 ut
1911 2347 2027 2416 glo-

456 2423 590 2477 riam
628 2425 839 2481 Domini
877 2429 1115 2494 videant,
1147 2446 1255 2486 non
1299 2433 1440 2489 sicut
1490 2435 1557 2490 de
1605 2436 1937 2503 Abrahamo,
1973 2446 2028 2494 et

453 2514 665 2582 lsaaco,
691 2527 745 2572 et
770 2517 974 2573 Iacobo
1003 2523 1317 2592 simpliciter
1331 2524 1532 2579 dicitur
1553 2525 1720 2580 Deum
1738 2528 1818 2582 eis
1850 2529 2027 2584 visum

453 2623 598 2671 esse,
647 2610 742 2664 sed
785 2611 898 2666 haec
945 2613 1140 2668 eadem
1171 2617 1340 2670 multo
1389 2624 1444 2670 et
1487 2618 1726 2672 terrifico
1761 2629 2027 2690 apparatu

456 2709 848 2754 narranturzr
904 2702 1136 2773 Jamque
1193 2705 1485 2761 advenerat
1523 2710 1719 2764 tertius
1777 2709 1914 2774 dies,
1973 2720 2030 2768 et

459 2803 618 2841 mane
645 2789 977 2844 inclaruerat
1000 2811 1012 2845 :
1037 2801 1090 2847 et
1111 2809 1236 2849 ecce
1265 2805 1547 2865 cmperunt
1566 2797 1743 2852 audiri
1765 2800 2027 2866 tonitrua,

459 2894 523 2931 ac
571 2880 772 2935 micare
825 2880 1076 2952 fulgura,
1130 2891 1186 2939 et
1232 2886 1408 2942 nubes
1443 2887 1774 2944 densissima
1817 2893 2032 2960 operire

461 2979 724 3033 montem,
765 2973 1096 3046 clangorque
1128 2976 1372 3033 buccinae
1411 2979 1784 3038 vehementius
1819 2991 2028 3056 strepe-

461 3060 573 3114 bat.
606 3059 668 3114 Et
702 3062 883 3117 timuit
915 3067 1148 3134 populus
1181 3068 1274 3138 qui
1302 3077 1421 3124 erat
1455 3071 1508 3124 in
1543 3073 1762 3130 castris.
1785 3075 2032 3146 Cumque

461 3150 740 3207 eduxisset
754 3169 849 3209 eos
867 3153 1077 3226 Moyses
1095 3157 1148 3211 in
1163 3173 1452 3214 occursum
1473 3159 1566 3218 Dei
1589 3163 1656 3216 de
1678 3163 1800 3219 loco
1820 3175 2034 3223 castro-

465 3259 609 3308 rum,
668 3254 936 3302 steterunt
986 3249 1054 3303 ad
1108 3251 1323 3308 radices
1375 3256 1598 3312 montis.
1643 3255 1812 3314 Totus
1851 3270 2032 3317 autem

464 3352 621 3391 mons
658 3336 806 3393 Sinai
845 3340 1086 3395 fu-mabat
1122 3362 1135 3398 :
1167 3360 1232 3398 eo
1265 3346 1408 3426 quod
1442 3347 1815 3405 descendisset
1851 3352 2034 3407 Domi-

466 3443 568 3482 nus
595 3445 757 3499 super
783 3448 906 3485 eum
939 3432 991 3486 in
1025 3435 1167 3503 igne,
1200 3445 1253 3490 et
1284 3439 1603 3496 ascenderet
1653 3441 1840 3498 fumus
1877 3462 1943 3500 ex
1970 3462 2035 3501 eo

467 3521 624 3588 quasi
661 3523 728 3577 de
777 3523 994 3580 fornace
1031 3545 1044 3581 :
1077 3536 1132 3582 et
1169 3531 1350 3583 stabat
1387 3533 1567 3588 omnis
1609 3537 1842 3604 populus
1872 3539 2034 3594 vehe-

469 3620 680 3665 menter
719 3618 1073 3673 conterritus.
1129 3618 1194 3674 Et
1240 3623 1454 3678 sonitus
1499 3624 1744 3681 buccinae
1777 3630 2036 3698 paulatim

469 3706 749 3759 crescelat
778 3707 832 3762 in
861 3709 1042 3776 majus
1072 3719 1128 3765 et
1155 3713 1420 3780 prolixius
1448 3715 1789 3771 tendebatur.
1827 3718 2038 3789 Moyses

473 3794 796 3863 laquebatur
828 3809 882 3854 et
918 3799 1060 3856 Deus
1105 3805 1468 3874 respondebat
1515 3809 1584 3863 ei.
1644 3808 2040 3881 Descenditque

475 3884 738 3942 Dominus
765 3907 930 3961 super
965 3902 1202 3947 montem
1233 3894 1404 3962 Sinai,
1441 3897 1494 3950 in
1529 3898 1648 3967 ipso
1690 3902 1890 3955 montis
1921 3919 2043 3956 ver-

470 3977 599 4042 tice,
632 3987 684 4032 et
720 3983 932 4036 vocavit
967 3983 1204 4054 Moysem
1252 3987 1319 4051 ⁸⁵,
1359 4006 1377 4038 ι
1413 3996 1466 4041 et
1506 3990 1730 4058 reliqua.
1769 3989 1892 4045 Ηιῐξρ
1921 3992 2045 4062 qui-

476 4069 597 4124 dem
634 4071 986 4129 descendisse
1039 4074 1324 4130 Dominum
1357 4087 1645 4144 testantur,
1683 4083 1834 4138 visus
1860 4091 2044 4139 autem

475 4159 644 4216 ruisse
690 4165 912 4220 minime
975 4165 1170 4231 fertur,
1221 4171 1366 4238 quod
1418 4170 1485 4226 de
1538 4173 1670 4228 solis
1717 4164 2044 4243 patriarchis

471 4253 819 4309 observatum
851 4264 954 4312 cst.
988 4257 1203 4314 Domini
1267 4263 1432 4330 igitur
1485 4266 1769 4332 praesentia
1821 4267 2042 4338 quidem

475 4341 617 4395 facta
679 4353 785 4407 cst,
831 4362 938 4399 non
967 4356 1151 4403 autem
1188 4353 1324 4406 visio
1369 4355 1575 4424 ipsius;
1614 4355 1730 4417 sed,
1774 4363 1832 4408 ut
1870 4365 2036 4425 patet,

474 4432 770 4487 satellitum
818 4437 920 4490 sibi
972 4440 1544 4514 augelorum,~quibus
1599 4447 1805 4500 utiliter
1838 4451 2035 4517 populo
2075 4483 2116 4537 υ

477 4523 872 4580 formidandam
927 4544 991 4582 ac
1027 4532 1320 4587 terrificam
1353 4536 1614 4591 visionem
1665 4536 1864 4600 eifecit,
1912 4557 2044 4608 pru-

474 4614 662 4669 denter
679 4619 968 4676 consulcns
999 4629 1056 4675 ut
1077 4639 1266 4678 eorum
1296 4630 1560 4682 cautelam
1581 4631 1741 4683 simul
1765 4639 1818 4684 et
1837 4644 2044 4688 metum

458 4719 510 4764 ι-ι.
563 4708 618 4762 ἱιι
677 4727 734 4764 se
790 4711 947 4768 fidem
986 4718 1252 4774 stabiliret
1302 4722 1368 4773 ad
1397 4722 1704 4776 custodiam
1747 4723 2046 4780 observan-

461 4809 534 4862 tia
557 4822 718 4877 mque
752 4809 930 4880 legum
961 4828 1098 4882 quas
1139 4815 1219 4868 eis
1280 4824 1652 4885 praecepturus
1696 4826 1831 4870 erat.
1887 4818 2042 4884 Quod

461 4907 655 4952 autem
689 4899 873 4968 plures
901 4911 1056 4956 erant
1099 4902 1326 4958 Domino
1375 4906 1544 4976 legem
1583 4905 1820 4961 edicenti
1870 4906 2047 4963 famu-

461 4992 554 5046 lan
572 4999 652 5045 tes
682 4995 878 5062 angeli,
905 4995 1018 5064 ipse
1041 4996 1250 5068 Moyses
1279 4999 1329 5051 in
1357 4999 1827 5055 benedictionibus
1858 5010 2046 5056 osten-

460 5082 539 5136 dit
596 5083 825 5141 dicens:
859 5107 876 5138 ι
933 5087 1189 5146 Dominus
1223 5090 1290 5144 de
1342 5089 1471 5152 Sina
1514 5092 1680 5158 venit,
1728 5100 1782 5147 et
1819 5093 1886 5147 de
1926 5092 2048 5148 Seir

480 5186 634 5233 ortus
667 5187 752 5234 est
800 5181 956 5236 nobis
995 5201 1007 5235 :
1063 5183 1312 5252 apparuit
1360 5184 1427 5238 d'e
1471 5193 1654 5240 monte
1723 5183 1958 5248 Pharan,
1991 5194 2045 5240 et

482 5286 605 5324 eum
641 5282 1049 5326 eo-sanctorum
1097 5275 1285 5329 millia.
1335 5275 1394 5330 lu
1451 5276 1641 5331 dextra
1695 5277 1815 5347 ejus
1869 5279 2047 5347 angeli

483 5375 606 5415 cum
639 5379 703 5418 eo
725 5365 790 5418 ⁸⁷.
814 5387 831 5416 ι
863 5364 1095 5435 Ideoque
1119 5366 1427 5436 Stephanus
1455 5370 1506 5421 in
1536 5368 1784 5434 Actibus,
1803 5384 2051 5438 cum-po-

485 5454 669 5521 pulum
724 5457 1066 5514 vehementer
1114 5461 1446 5532 objurgaret,
1472 5461 1592 5516 ait:
1635 5481 1653 5512 ι
1689 5461 1789 5528 Qui
1833 5463 2045 5532 accepi-

2115 499 2277 562 αὐτὸς
2305 498 2481 568 ὤφθη,
2509 499 2600 552 καὶ
2631 498 2695 550 δι’
2729 497 2919 550 ἑαυτοῦ
2946 496 3040 566 τὴν
3060 495 3338 567 Διαθήκην
3367 496 3538 550 αὑτοῦ
3563 499 3696 570 πρὸς

2115 593 2311 654 αὐτοὺς
2339 590 2564 660 ἔστησεν
2585 607 2598 620 ο
2635 591 2727 643 ἐπὶ
2759 590 2816 642 δὲ
2838 589 2932 642 τοῦ
2961 589 3240 652 Μωῦσέως
3261 589 3418 658 ὤφθη
3469 592 3572 660 μὲν
3605 593 3700 661 οὐχ

2114 685 2142 736 6
2178 683 2400 753 Κύριος,
2430 682 2542 734 ἀλλ’
2571 685 2600 735 6
2649 682 2880 750 ἄγγελος
2904 699 2918 713 ·
2963 682 3185 735 ἐκάλεσε
3211 682 3268 734 δὲ
3315 679 3480 735 αὑτὸν
3515 683 3706 736 οὐκέτι

2115 776 2143 826 6
2176 773 2570 842 ἄγγελος,-ἀλλ’
2605 775 2634 825 6
2664 774 2866 842 Κύριος
2888 791 2900 802 ο
2931 772 3136 843 Κύριος
3170 774 3270 842 μὲν
3298 773 3408 843 γὰρ
3439 769 3506 844 ἦν
3529 777 3557 826 6
3583 774 3702 828 δια·-

2116 864 2441 934 ταττόμενος
2460 882 2473 895 ο
2510 863 2736 932 ἄγγελος
2779 863 2836 916 δὲ
2866 864 2895 914 6
2927 863 3056 926 τοὺς
3076 863 3252 926 θείους
3283 863 3482 932 λόγους
3519 865 3704 918 διακοο

2119 959 2371 1028 νούμενος
2395 975 2408 988 ο
2437 957 2558 1011 ὅθεν
2607 958 2655 1009 εί
2698 955 2793 1010 καί
2823 973 2876 1008 τι
2925 955 3052 1009 ἄλλο
3098 955 3415 1026 θαυμασίως
3447 958 3702 1026 ἐκπειεώ-

2116 1064 2274 1118 νηται
2299 1047 2376 1116 τῷ
2412 1046 2542 1119 ἱερῷ
2577 1045 2901 1116 Ἀποστόλῳ,
2943 1045 3034 1098 καὶ
3079 1045 3160 1110 τὸ,
3211 1065 3231 1096 ι
3267 1046 3325 1099 Ὀ
3369 1045 3534 1116 μόνος
3584 1047 3699 1099 δια-

2117 1142 2290 1208 ταγῆς
2319 1138 2456 1208 (γεὶς
2482 1139 2572 1209 δι’)
2601 1137 2848 1207 ἀγγέλων
2878 1139 2935 1190 ὲν
2960 1139 3105 1209 χειρὶ
3141 1138 3378 1208 μεσίτου·
3414 1157 3434 1189 ι
3469 1139 3570 1205 παὶ
3603 1139 3664 1190 τό
3682 1154 3698 1167 ·

2125 1248 2142 1280 ι
2168 1231 2230 1282 Et
2259 1229 2366 1302 γὰρ
2411 1231 2440 1282 6
2476 1231 2539 1283 δι’
2587 1229 2833 1299 ἀγγέλων
2866 1229 3117 1300 λαληθεὶς
3148 1229 3306 1298 λόγος
3353 1230 3577 1299 ἐγένετο
3616 1229 3700 1299 βέ-

2120 1322 2287 1385 ϐαιος.
2315 1343 2332 1373 ι
2367 1321 2559 1392 Σαφῶς
2586 1322 2715 1390 γοῦν
2755 1322 2981 1391 ἄγγελος
3017 1323 3265 1393 εἰσῆκται
3298 1324 3396 1376 καὶ
3434 1326 3465 1376 6
3499 1322 3706 1392 Κύριος

2119 1415 2185 1467 δι’
2237 1415 2404 1467 αὑτοῦ
2449 1411 2840 1485 χρηματίζων,
2887 1415 2984 1468 καὶ⁵
3030 1415 3152 1468 οὐδὲ
3203 1413 3356 1479 ἅπαξ
3403 1415 3473 1468 ἃν
3515 1414 3696 1486 εὕροις

2119 1505 2184 1559 δι’
2217 1506 2344 1576 ὅλης
2369 1509 2468 1577 τῆς
2488 1505 2806 1576 νομοθεσίας
2825 1507 2924 1577 τὴν
2947 1506 3164 1578 Γραφὴν
3193 1507 3592 1579 σημειουμένην
3615 1508 3696 1572 ὠς

2120 1597 2200 1649 ὅτι
2234 1596 2299 1668 δὴ
2328 1593 2480 1667 ὤφθη
2510 1599 2539 1650 6
2560 1595 2746 1666 Θεὸςῆ
2780 1598 2810 1649 6
2836 1596 3041 1668 Κύριος
3067 1598 3143 1667 τῷ
3175 1599 3415 1663 Μωῦσεῖ,
3444 1601 3579 1671 ὅπερ
3603 1601 3696 1652 ἐπὶ

2127 1685 2301 1754 μόνων
2328 1685 2434 1738 τῶν
2461 1685 2625 1756 τριῶν
2649 1687 3000 1758 πατριαρχῶν
3027 1689 3314 1760 εἰρημένον
3337 1691 3696 1760 ἐμφαίνεται·

2123 1774 2198 1838 ὡς
2247 1776 2312 1828 ὲκ
2343 1775 2546 1828 τούτων
2581 1776 2750 1845 σαφὲς
2781 1771 2953 1839 εἶναι,
2986 1777 3084 1846 τὴν
3147 1779 3328 1831 πᾶσαν
3380 1779 3702 1848 νομοθεσίαν

2124 1870 2233 1931 τοῖς
2264 1867 2404 1920 κατὰ
2430 1867 2520 1922 τὸν
2568 1869 2688 1921 τότε
2717 1868 2864 1932 λαὸν,
2895 1863 2984 1923 οἷα
3022 1868 3086 1939 δὴ
3119 1871 3336 1939 νηπίοις
3379 1870 3478 1934 τὰς
3520 1872 3701 1941 ψυχὰς

2125 1962 2217 2014 καὶ
2259 1961 2648 2032 εἰσαγομένοις,
2672 1959 2950 2032 διδομένην
2993 1960 3180 2032 ὥσπερ
3212 1961 3301 2014 διὰ
3333 1963 3706 2032 παιδαγωγῶν

2127 2053 2222 2107 καὶ
2249 2054 2544 2124 οἰκονόμων
2571 2052 2986 2124 παραδεδόσθαι,
3019 2054 3268 2117 τυπικῶς
3289 2072 3349 2107 τε
3389 2056 3582 2120 αὐτοῖς
3609 2057 3706 2109 καὶ

2127 2142 2405 2206 είκονικῶς
2426 2141 2493 2194 τὰ
2527 2141 2644 2194 θεῖα
2669 2141 2758 2194 διὰ.
2802 2140 3084 2210 συμϐόλων
3106 2140 3348 2211 ᾐνίχθαι,
3387 2141 3472 2212 τῷ
3505 2142 3582 2211 μὴ
3609 2143 3708 2212 τὴν

2132 2233 2538 2304 μυστικωτέραν
2571 2233 2667 2286 καὶ
2712 2235 3086 2304 πνευματικὴν
3120 2228 3232 2287 οἷόν
3257 2252 3318 2288 τε
3352 2236 3558 2299 αὐτοὺς
3595 2239 3710 2288 ἐπι-

2127 2325 2379 2388 δέξασθαι
2406 2325 2772 2389 διδασκαλίαν,
2802 2325 2896 2379 ἅτε
2927 2325 3055 2394 γοῦν
3090 2330 3245 2380 παισὶ
3282 2329 3513 2400 τρόποις
3547 2332 3710 2396 Αἰγυ-

2131 2418 2304 2482 πτίοις
2335 2417 2764 2489 ὲκδιῃτημένοις,
2801 2419 2894 2470 καὶ
2920 2417 3119 2488 πολλῆς
3137 2419 3218 2472 ἔτι
3255 2420 3556 2491 χρῄζουσιν
3584 2423 3711 2496 ὲπιτ

2132 2510 2437 2582 στρεφείας,
2488 2510 2597 2581 πῦρ
2639 2506 2774 2564 εἶναι
2808 2513 2836 2564 6
2889 2510 3038 2574 Θεὸς,
3091 2511 3228 2566 κατὰ
3259 2511 3354 2564 τόο
3412 2531 3432 2563 ι
3468 2513 3525 2565 '0
3580 2509 3712 2574 Θεὸς

2131 2601 2286 2671 ἡμῶν
2328 2600 2439 2672 πῦρ
2471 2600 2881 2664 καταναλίσκον,
2925 2622 2944 2654 ›
2988 2604 3124 2672 ὅπερ
3164 2603 3418 2672 οὐδαμῶς
3461 2604 3556 2656 ἐπὶ
3603 2602 3710 2656 τῶν

2132 2691 2485 2763 πατριαρχῶν
2546 2695 2777 2764 εἴρηται.
2852 2694 3010 2747 Ἀλλὰ
3072 2696 3164 2748 καὶ
3221 2697 3309 2748 ὅτε
3375 2697 3711 2767 προστάττει

2131 2783 2451 2851 ἁγνίσασθαι
2489 2785 2684 2848 αὐτοὺς
2726 2787 2873 2849 ὅπως
2909 2786 2976 2856 (f.
3003 2786 3036 2840 8
3069 2787 3160 2856 v°)
3207 2787 3356 2842 ἴδωσι
3399 2789 3504 2860 τήν
3557 2789 3734 2855 665m-

2133 2876 2361 2948 Κυρίου,
2397 2878 2494 2948 οὺχ
2514 2876 2702 2949 ὤσπερ
2737 2879 2830 2931 ἐπὶ
2856 2873 2950 2932 τοῦ
2987 2881 3236 2952 Ἀϐραὰμ
3267 2881 3363 2934 καὶ
3390 2881 3492 2934 τοῦ
3527 2883 3714 2936 Ἰσαὰκ

2134 2969 2228 3021 καὶ
2273 2968 2364 3022 τοῦ
2406 2969 2598 3023 Ἰακὼϐ
2641 2970 2825 3034 ἁπλῶς
2857 2971 3069 3042 εἴρηται
3113 2973 3194 3026 ὅτι
3249 2972 3404 3044 ὤφθη
3453 2975 3642 3038 αὐτοῖς
3684 2977 3715 3027 6

2137 3059 2300 3124 Θεὸς,
2331 3060 2470 3131 μετὰ
2502 3061 2702 3133 πολλῆς
2745 3063 2801 3116 δὲ
2843 3063 3228 3135 καταπλήξεως
3262 3064 3354 3117 καὶ
3409 3066 3715 3133 φαντασίας

2137 3148 2273 3202 αὐτὰ
2290 3149 2352 3220 δὴ
2372 3149 2541 3203 ταῦτα
2564 3151 2990 3221 ἀναγέγραπταιο
3024 3172 3041 3203 ι
3060 3143 3168 3207 Καὶ
3198 3153 3416 3221 ἐγένετο
3441 3158 3508 3226 τῇ
3530 3155 3718 3226 ἡμέρᾳ⁵

2136 3243 2204 3311 τῇ
2256 3241 2414 3313 τρίτῃ
2480 3240 2796 3312 γενηθέντος
2847 3241 2984 3312 πρὸς
3032 3242 3257 3316 ὄρθρον,
3321 3245 3416 3297 καὶ
3477 3246 3716 3314 ἐγίνοντο

2141 3337 2313 3404 φωναὶ
2341 3336 2432 3389 καὶ
2474 3337 2750 3407 ἀστραπαὶ
2793 3337 2886 3390 καὶ
2923 3338 3118 3408 νεφέλη
3160 3339 3442 3411 γνοφώδης
3491 3343 3587 3394 ἐπὶ
3625 3341 3732 3394 τεῦ-

2137 3425 2328 3498 ὅρους,
2374 3429 2468 3481 καὶ
2515 3429 2664 3497 φωνὴ
2713 3431 2812 3500 τῆς
2861 3428 3156 3498 σάλπιγγος
3201 3431 3322 3501 ἤχει
3376 3433 3564 3502 μέγα,
3625 3435 3719 3486 καὶ

2138 3521 2374 3592 ἐπτοήθη
2409 3524 2515 3584 πᾶς
2542 3523 2568 3574 6
2601 3520 2726 3594 λαὸς
2759 3523 2815 3574 ὲν
2844 3525 2911 3593 τῇ
2958 3522 3268 3593 παρεμϐολῇ
3289 3541 3303 3552 ’
3356 3526 3455 3577 καὶ
3480 3525 3718 3595 ἐξήγαγε

2139 3613 2380 3682 Μωῦσῆς
2406 3613 2496 3666 τὸν
2519 3613 2643 3667 λαὸν
2671 3617 2751 3679 είς
2781 3616 2880 3686 τὴν
2910 3616 3226 3686 συνάντησιν
3255 3615 3346 3670 τοῦ
3369 3617 3510 3670 Θεοῦ
3539 3621 3606 3671 ἐκ
3623 3623 3721 3689 τῆς

2141 3704 2510 3776 παρεμϐολῆς,
2545 3707 2640 3760 καὶ
2674 3708 3024 3779 παρέστησαν
3047 3709 3149 3762 ὑπὸ
3176 3710 3235 3762 τὸ
3266 3709 3390 3780 ὅρος
3443 3711 3632 3780 (Σινά·
3659 3713 3724 3764 τὸ

2139 3798 2305 3869 ὅρος)
2348 3797 2480 3851 Σινὰ
2526 3797 2842 3861 ὲκαπνίζετο
2885 3798 3002 3852 ὅλον
3041 3799 3130 3852 διὰ
3177 3800 3237 3852 τὸ
3282 3800 3722 3872 καταϐεϐηκέναι

2143 3891 2228 3942 ἐπ’
2257 3888 2420 3943 αὐτοῦ
2451 3888 2542 3942 τὸν
2570 3888 2702 3942 Θεὸν
2737 3891 2795 3942 ὲν
2830 3891 2994 3962 πυρί·
3027 3892 3122 3957 καὶ
3152 3891 3433 3944 ἀνέϐαινεν
3455 3895 3486 3944 ὁ
3514 3893 3720 3956 καπνὸς

2142 3981 2304 4042 αὑτοῦ
2336 3981 2468 4035 ὡσεὶ
2499 3983 2703 4046 καπνὸς
2737 3983 2964 4054 καμίνου
2983 4001 2997 4013 ο
3029 3983 3120 4036 καὶ
3159 3984 3349 4053 ἐξέστη
3389 3987 3502 4048 πᾶς
3531 3987 3561 4037 6
3603 3985 3724 4046 λαὸς

2146 4073 2380 4146 σφόδρα·
2424 4073 2663 4142 ἐγίνοντο
2709 4075 2765 4127 δὲ
2797 4077 2970 4143 φωναὶ
3015 4079 3113 4146 τῆς
3159 4076 3464 4143 σάλπιγγος
3491 4077 3721 4148 προϐαί-

2142 4183 2326 4220 νουσαι
2362 4165 2702 4237 ἰσχυρότεραι
2721 4167 2943 4237 σφόδρα.
2962 4167 3204 4237 Μωῦσῆς
3233 4167 3433 4232 ἐλάλει,
3455 4171 3486 4221 6
3512 4170 3570 4223 δὲ
3595 4171 3724 4233 Θεὸς

2144 4257 2474 4329 ἀπεκρίνατο
2521 4257 2669 4329 αὐτῷ
2721 4261 2891 4329 φωνῇ,
2936 4259 3140 4330 κατέϐη
3187 4258 3242 4312 δὲ
3276 4259 3484 4330 Κύριος
3536 4263 3636 4315 ἐπὶ
3669 4261 3724 4313 τὸ

2143 4346 2265 4418 ὅρος
2287 4334 2347 4400 τὸ
2373 4347 2502 4401 Σινὰ
2523 4348 2615 4401 ἐπὶ
2637 4348 2732 4418 τὴν
2756 4348 2994 4419 κορυφὴν
3023 4347 3117 4402 τοῦ
3146 4349 3303 4419 ὅρους
3319 4367 3332 4378 ·
3371 4351 3467 4402 καὶ
3497 4351 3720 4404 ἐκάλεσε

2145 4439 2348 4512 Κύριος
2374 4443 2636 4511 Μωῦσῆν,
2663 4460 2682 4491 ι
2716 4439 2810 4493 καὶ
2843 4440 2910 4493 τὰ
2931 4440 3076 4510 ἑξῆς.
3106 4441 3227 4492 Ὅτι
3263 4441 3362 4510 μὲν
3393 4436 3493 4496 οὖν
3522 4442 3715 4510 κατέϐη

2149 4534 2352 4606 Κύριος
2387 4534 2474 4587 διὰ
2501 4533 2703 4587 τούτων
2739 4532 3180 4605 μεμαρτύρηταισ
3209 4534 3292 4586 ὃτι
3326 4533 3384 4586 δὲ
3424 4536 3528 4588 καὶ
3573 4535 3712 4604 ὤφθη

2149 4626 2330 4679 οὐκέτι
2373 4624 2607 4696 εἴρηται,
2637 4625 2666 4677 ὂ
2709 4624 2800 4676 ἐπὶ
2832 4623 3008 4693 μόνων
3036 4623 3142 4676 τῶν
3178 4623 3544 4695 πατριαρχῶν
3570 4625 3712 4693 τετή-

2152 4735 2327 4789 ρηται.
2359 4717 2564 4770 Οὐκοῦν
2603 4715 2870 4787 παρουσία
2924 4715 3018 4785 μὲν
3062 4715 3299 4784 ἐγεγόνει
3331 4716 3426 4768 τοῦ
3481 4717 3708 4787 Κυρίου·

2149 4809 2381 4862 ὀπτασία
2417 4808 2473 4860 δὲ
2507 4809 2606 4862 οὐκ
2650 4807 2835 4872 αὑτοῦ,
2868 4807 3004 4861 ἀλλὰ
3031 4807 3187 4876 δῆλον
3213 4807 3294 4860 ὅτι
3318 4806 3432 4859 τῶν
3464 4808 3601 4878 ἀμφ’
3625 4808 3711 4858 αῦ-

2148 4903 2238 4955 τὸν
2270 4902 2582 4974 δορυφόρων
2613 4900 2856 4969 ἀγγέλων
2876 4941 2891 4965 ,
2927 4901 2993 4954 δι’
3037 4893 3111 4953 ὧν
3168 4897 3457 4969 χρησίμως
3505 4899 3582 4970 τῷ
3609 4897 3710 4967 λαῷ

2150 4995 2384 5066 φοϐερὰν
2404 4995 2496 5049 καὶ
2519 4993 2962 5065 καταπληκτικὴν
2989 4992 3283 5062 ἐποιήσατο
3306 4991 3408 5063 τὴν
3431 4992 3706 5050 ὀπτασίαν,

2151 5087 2432 5140 εὐλάϐειαν
2461 5087 2594 5158 ὁμοῦ
2631 5104 2723 5140 και
2770 5084 2930 5154 φόϐον
2963 5084 3057 5137 καὶ
3102 5083 3283 5136 πίστιν
3315 5081 3414 5154 τὴν
3445 5087 3530 5148 εἰς
3563 5081 3708 5137 αὑτὸν

2151 5180 2414 5251 κρατῦναι
2449 5183 2505 5232 ὲν
2544 5181 2724 5242 αῢτοτς
2747 5174 3300 5248 προμηθούμενος.εἰς
3346 5174 3590 5245 φυλακὴν
3624 5171 3716 5224 καὶ

2149 5275 2380 5346 τήρησιν
2413 5289 2520 5325 των
2551 5271 2848 5342 μελλόντων
2873 5269 3055 5332 αὐτοῖς
3096 5265 3486 5338 παραδίδοσθαι
3524 5266 3703 5334 νόμων.

2152 5368 2261 5419 Καὶ
2284 5367 2364 5419 ὅτι
2392 5382 2455 5434 γε
2483 5365 2696 5428 πλείους
2727 5365 3017 5434 ἑτυγχανον
3051 5363 3100 5414 οἱ
3124 5358 3201 5430 τῷ
3231 5359 3422 5429 Κυρίῳ
3455 5358 3586 5413 κατὰ
3616 5353 3710 5422 τὴν

2153 5459 2470 5530 νομοθεσίαν
2507 5457 2910 5529 διακονούμενοι
2935 5454 3176 5524 ἄγγελοι,
3205 5452 3366 5515 αὐτὸς
3393 5452 3622 5518 Μωῦτῆς
3653 5449 3707 5498 ἐν

560 5695 607 5730 ’⁸
669 5697 842 5753 Galat.
879 5717 965 5770 ιιι,
1005 5705 1090 5759 l9.
1165 5707 1209 5738 ’°
1252 5705 1412 5763 Hebr.
1449 5723 1520 5770 ιι,
1556 5704 1609 5760 ‘2.
1687 5707 1730 5738 ⁵³⁵
1773 5705 1926 5760 Deut.
1963 5721 2031 5765 Iv.

2133 5705 2165 5758 l.
2243 5704 2288 5734 ’⁸
2329 5701 2496 5756 Exod.
2533 5718 2643 5765 xix,
2673 5697 2848 5751 ιθσεὶο.
2925 5697 2967 5727 ²·⁷
3009 5695 3164 5749 Dent.
3203 5707 3394 5744 tum.
