3936 6206
128 282 265 340 1035

1152 220 1445 329 ΕΟΙιὈΟΕ
1488 269 1969 327 ΡΗΟΡΗΕΤΙΟΔΕ.
2010 301 2079 312 -—
2118 271 2247 328 LIB.
2284 264 2330 329 I.

3232 278 3371 334 1054

123 413 244 473 ταῖς
281 405 554 473 εὐλογίαις
594 401 884 473 παρίστησι
924 398 1123 466 λέγων·
1173 413 1192 445 ι
1224 394 1429 465 Κύριος
1464 393 1528 445 ὲκ
1570 389 1684 443 Σινό

1802 390 1903 473 stis
1946 392 2120 462 legem
2157 392 2213 447 in
2239 391 2601 464 dispositione
2620 394 2939 465 angelorum
2957 402 3011 450 et
3042 408 3150 449 non
3180 408 3339 454 eusto
3363 425 3373 437 ς

124 507 273 573 ἥκει,
309 502 401 554 καὶ
438 498 710 566 ἐπέφανεν
738 497 801 547 ὲκ
834 493 960 562 Σεὶρ
996 493 1159 563 ἡμῖν,
1190 488 1284 542 καὶ
1325 486 1693 541 κατέσπευσεν

1801 464 1962 538 di'sus
1989 484 2059 538 ει.
2098 503 2118 537 ι

129 598 186 663 ἐξ
209 596 371 667 ὅρους
393 589 575 661 Φαρὰν
600 589 694 641 σὺν
730 585 984 657 μυριάσιν
1013 581 1215 650 Κάδης,
1239 581 1303 631 ἐκ
1360 576 1547 641 δεξιῶν
1573 573 1739 629 αὐτοῦ
1776 575 1997 644 ἄγγελοι
2042 577 2158 646 μετ’
2194 575 2382 641 αὐτοῦ,
2434 596 2453 630 ι
2487 577 2673 631 καὶτὰ
2702 576 2859 650 ἑξῆςο
2893 577 2958 631 δι’
2992 578 3021 632 ὃ
3047 580 3140 631 καὶ
3179 582 3208 632 6
3241 580 3370 632 Στέ-

129 706 299 757 (pavo;
329 689 385 739 ἐν
414 687 533 747 ταῖς
562 681 829 753 Πράξεσιν
852 679 926 742 ώς
967 677 1102 748 πρὸς
1140 676 1228 729 τὸν
1267 674 1393 728 λαὸν
1425 672 1840 743 ἀποτεινόμενος
1861 686 2044 743 φησιν·
2073 691 2091 725 ι
2121 673 2332 737 Οίτινες
2368 672 2589 728 ἐλάϐετε
2642 675 2737 731 τὸν
2794 676 2957 746 νόμον
2992 677 3073 740 εἰς
3110 675 3368 744 διαταγὰς

126 777 395 848 ἀγγέλων,
422 774 516 828 καὶ
547 773 649 825 οὐκ
680 767 995 839 ἐφυλάξατε.
1034 784 1054 817 ι

668 877 1059 934 ΚΕΦΑΛΑΙΟΝ
1097 880 1155 930 ι’.

631 973 765 1029 Ἀπὸ
794 971 903 1040 τῆς
942 970 1201 1034 Ἐξόδου.

199 1092 220 1124 ι
260 1070 485 1142 Ἐξῆρεν
514 1067 569 1119 δὲ
596 1068 624 1119 6
647 1063 874 1132 ἄγγελος
902 1062 995 1115 τοῦ
1020 1062 1153 1115 Θεοῦ
1176 1062 1203 1112 6
1227 1056 1696 1131 προπορευόμενος

126 1164 234 1218 τῶν
270 1162 402 1215 υἱῶν
446 1156 658 1229 Ἰσραὴλ
684 1197 698 1219 ,
735 1155 828 1209 καὶ
884 1153 1150 1224 ἐπορεύθη
1201 1154 1265 1204 ὲκ
1319 1150 1428 1204 τῶν
1470 1148 1692 1201 ὄπισθεν

127 1253 335 1307 αὐτῶν·
381 1249 573 1319 ἐξῆρεν
618 1246 672 1298 δὲ
724 1245 815 1298 καὶ
861 1246 889 1297 6
924 1242 1111 1306 στῦλος
1164 1242 1261 1312 τῆς
1314 1240 1542 1311 νεφέλης
1588 1238 1692 1308 πρὸ

126 1342 419 1413 προσώπου
472 1338 678 1392 αὐτῶν·
727 1337 818 1390 καὶ
865 1335 1130 1407 ἐπορεύθη
1176 1334 1269 1388 καὶ
1318 1334 1442 1405 έστη
1480 1334 1543 1385 ἐκ
1586 1332 1692 1384 τῶν

126 1436 298 1488 ἐπίσω
336 1433 537 1489 αὐτῶν,
582 1430 672 1483 καὶ
702 1427 944 1499 εἰσῆλθεν
994 1428 1096 1481 ἀνὰ
1128 1428 1288 1497 μέσον
1336 1426 1433 1495 τῆς
1484 1441 1695 1495 παρεμ-

126 1528 288 1596 6ολῆς
321 1526 427 1578 τῶν
475 1523 785 1591 Αἰγυπτίων
835 1522 927 1574 καὶ
982 1519 1084 1573 ἀνὰ
1119 1520 1280 1589 μέσον
1330 1519 1427 1588 τῆς
1484 1534 1693 1587 παρεμ-

126 1616 291 1687 ϐολῆς
321 1616 427 1669 τῶν
459 1614 589 1667 υἱῶν
639 1612 868 1684 Ἰσραήλ.
899 1631 917 1661 ›
952 1607 1063 1664 Εἶτ’
1095 1612 1153 1663 ἐν
1196 1612 1304 1672 τοῖς
1339 1608 1463 1678 ἑξῆς
1496 1610 1528 1678 ἡ
1575 1608 1693 1659 θεία

2422 867 2650 923 CAPUT
2681 868 2749 925 Χ.

2421 962 2499 1014 Ab
2542 960 2747 1015 Exodo.

1874 1073 1893 1105 ι
1930 1053 2150 1109 Tollens
2180 1069 2239 1110 se
2270 1054 2500 1124 angelus
2526 1054 2765 1124 Domini,
2796 1059 2887 1125 qui
2913 1063 3252 1129 praecedebat
3275 1082 3371 1122 ca-

1798 1156 1912 1202 stra
1958 1146 2146 1212 Israel,
2180 1147 2312 1201 abiit
2364 1157 2485 1217 post
2523 1164 2617 1202 eos
2648 1169 2660 1202 :
2708 1156 2762 1203 et
2792 1166 2914 1205 eum
2949 1168 3015 1207 eo
3043 1157 3246 1224 pariter
3273 1176 3369 1216 co-

1798 1242 1984 1295 lumna
2016 1241 2199 1306 nubis,
2231 1241 2414 1309 priora
2440 1241 2744 1305 dimittens,
2778 1252 2902 1313 post
2952 1256 3162 1318 tergum
3191 1255 3363 1313 stetit.

1799 1333 1942 1386 inter
1999 1339 2181 1386 castra
2238 1330 2619 1402 Egyptiorum
2681 1342 2735 1387 et
2788 1344 2967 1391 castra
3026 1338 3287 1396 Israel”.
3342 1361 3364 1395 ι

1798 1421 2003 1476 Deinde
2030 1421 2084 1474 in
2107 1422 2173 1476 iis
2200 1439 2318 1491 qua:
2349 1432 2653 1492 sequuntur
2681 1425 2863 1480 divina
2895 1428 3054 1484 docet
3084 1430 3368 1502 Scriptura

1799 1531 1918 1585 qua:
1946 1525 2092 1571 esset
2127 1516 2241 1569 haec
2274 1517 2469 1579 nubes,
2506 1518 2733 1573 dicens:
2776 1538 2794 1570 ι
2831 1520 2921 1574 Ait
2955 1531 3135 1577 autem
3182 1523 3372 1579 Domi~

1798 1625 1903 1663 nus
1933 1609 2000 1663 ad
2034 1608 2273 1680 Moysem
2313 1630 2324 1664 :
2353 1609 2471 1663 Jam
2500 1628 2648 1666 nunc
2675 1614 2890 1668 veniam
2935 1616 3000 1669 ad
3036 1626 3085 1671 te
3132 1618 3187 1670 in
3233 1619 3371 1672 cali-

123 1708 368 1762 διδάσκει
413 1705 596 1776 Γραφὴ
624 1744 638 1767 ,
669 1703 719 1757 τί
772 1720 900 1754 ποτε
944 1697 1077 1771 ἦνὴ
1126 1699 1321 1768 νεφέλη
1375 1697 1684 1765 φάσκουσα·

1794 1702 1918 1771 gine
1939 1701 2123 1763 nubis.
2167 1711 2225 1755 ut
2258 1703 2444 1757 audiat
2479 1720 2564 1757 me
2589 1705 2825 1774 populus
2878 1706 3187 1776 loquentem
3219 1711 3284 1764 ad
3315 1720 3368 1763 te

130 1796 337 1852 «Εἶπεν
379 1798 437 1851 δὲ
481 1796 681 1868 Κύριος
705 1795 839 1865 πρὸς
884 1792 1153 1863 Μωῦσῆν·
1198 1791 1325 1843 Ἰδοὺ
1372 1788 1481 1858 ἐγὼ
1519 1806 1693 1859 παρα-

122 1893 342 1961 γίνομαι
394 1889 529 1961 πρὸς
580 1890 638 1941 σὲ
672 1889 727 1939 ὲν
778 1888 842 1939 ἐκ
874 1884 1111 1955 (στύλῳ)
1146 1884 1243 1953 τῆς
1294 1876 1552 1952 νεφέλης,
1608 1881 1692 1933 ἵνα

123 1984 331 2055 ἀκούσῃ
359 1984 387 2034 6
428 1982 555 2043 λαὸς
587 1978 873 2041 λαλοῦντός
906 1997 1005 2049 μου
1046 1979 1181 2049 πρὸς
1239 1977 1317 2042 σὲ,
1359 1976 1450 2029 καί
1484 1992 1564 2027 σοι
1606 1993 1694 2027 πι-

126 2077 424 2129 στεύσωσιν
446 2093 458 2104 ⁸
488 2095 504 2126 ι
536 2074 629 2126 καλ⁴
657 2072 850 2127 πάλιν’
884 2089 900 2121 ι
941 2073 999 2124 '0
1028 2071 1083 2124 δὲ
1115 2072 1246 2134 Θεὸς
1280 2072 1465 2141 ἡγεῖτο
1512 2067 1691 2121 αὐτῶν

120 2170 330 2239 ἡμέρας
378 2169 434 2220 ὲν
467 2165 640 2235 στύλῳ
677 2164 935 2233 νεφέλης,
969 2162 1135 2229 δεῖξαι
1180 2163 1361 2225 αὐτοῖς
1406 2160 1504 2231 τὴν
1536 2160 1652 2213 ὁδόν
1675 2178 1689 2190 ·

119 2262 215 2331 τὴν
242 2260 300 2312 δὲ
332 2258 524 2322 νύκτα,
567 2258 625 2309 ὲν
656 2255 829 2326 στόλῳ
858 2255 1027 2328 πυρὸς
1051 2254 1145 2306 τοῦ
1179 2254 1386 2323 φαίνειν
1419 2254 1600 2315 αὐτοῖς
1622 2270 1634 2281 ·
1667 2272 1685 2302 ι

121 2353 210 2404 καὶ
244 2348 422 2413 αὖθις·
454 2370 470 2399 ι
492 2351 599 2403 Καὶ
628 2348 831 2418 κατέϐη
859 2347 1061 2417 Κύριος
1097 2350 1153 2399 ἐν
1181 2345 1355 2416 στόλῳ
1389 2345 1632 2414 νεφέλης.
1667 2364 1685 2395 ι

120 2443 333 2497 Οὐκοῦν
372 2442 460 2496 διὰ
495 2442 697 2494 τούτων
730 2441 914 2511 ἕτερος
944 2436 1009 2510 ἦν
1041 2437 1227 2506 σαφῶς
1263 2437 1362 2506 τῆς
1404 2436 1630 2505 νεφέλης
1664 2437 1691 2487 6

119 2534 598 2606 προπορευόμενος
636 2532 743 2585 τῶν
783 2532 915 2584 υἱῶν
969 2530 1179 2602 Ἰσραὴλ
1217 2529 1477 2597 ἄγγελος,
1521 2530 1614 2581 καὶ
1657 2529 1689 2598 ή

114 2628 313 2697 νεφέλη
348 2627 404 2679 δὲ
432 2626 565 2695 ἄλλη
603 2625 698 2695 μέν
731 2642 813 2689 τις
846 2625 1138 2693 ἐτύγχανεν
1183 2622 1311 2693 παρ’
1342 2622 1501 2674 αὑτὸν
1528 2621 1693 2689 ἄγγε-

113 2716 224 2778 λον,
254 2714 352 2766 τοῦ
380 2715 436 2766 δὲ
474 2715 678 2784 Κυρίου
708 2713 870 2767 αὑτοῦ
902 2712 1209 2782 σωματικὸν
1246 2712 1433 2781 ῶσπερ
1462 2712 1691 2782 ὄργανον

108 2803 175 2875 ἦν
198 2822 211 2832 ’
248 2805 316 2858 δι’
352 2797 412 2856 οὗ
446 2804 506 2873 (Γ.
533 2804 609 2869 9),
642 2804 740 2874 τὴν
768 2804 926 2873 φύσιν
955 2803 1028 2856 ῶν
1060 2804 1221 2867 αὐτὸς
1258 2803 1564 2873 ἀσώματος,
1598 2803 1691 2855 καὶ

110 2898 298 2966 πάσης
356 2897 610 2949 ἐπέκεινα
661 2896 923 2967 αἰσθητῆς
971 2897 1064 2948 καὶ
1098 2896 1287 2964 ὑλικῆς
1337 2895 1555 2958 οὐσίας,
1623 2894 1689 2946 δι’

106 2988 386 3058 αἰσθητῆς
438 2988 617 3057 φωνῆς
653 2986 752 3056 τῆς
794 2985 925 3048 ἰδίας
950 2985 1100 3055 ἠξίου
1137 2985 1352 3055 ὁμιλίας
1394 2985 1487 3037 τὸν
1528 2983 1689 3055 θερά-

1796 1802 1848 1849 et
1887 1795 2072 1849 credat
2108 1796 2205 1849 tibi
2238 1796 2289 1848 in
2323 1805 2648 1865 perpetuum
2685 1798 2724 1852 ¹.
2757 1817 2775 1847 ›
2814 1797 2877 1851 Et
2895 1816 3127 1855 rursus:
3167 1825 3183 1851 ι
3221 1801 3367 1857 Deus

1796 1894 1975 1941 autem
2024 1887 2367 1957 praecedebat
2417 1904 2514 1963 eos
2548 1888 2621 1947 ad
2654 1890 3050 1946 ostendendam
3093 1895 3235 1947 viam
3270 1912 3370 1965 per

1794 1979 1937 2034 diem
1972 1980 2025 2033 in
2054 1980 2308 2034 columna
2333 1980 2518 2043 nubis,
2543 1989 2596 2034 et
2630 1996 2726 2050 per
2752 1991 2968 2038 noctem
3016 1985 3070 2038 in
3114 1988 3367 2041 columna

1794 2072 1936 2143 ignis
1966 2074 2007 2125 ³.
2052 2092 2070 2124 ι
2121 2072 2298 2142 Atque
2344 2072 2481 2126 alias
2536 2092 2548 2126 :
2597 2092 2617 2124 ι
2673 2074 2966 2130 Descendit
3008 2075 3275 2132 Dominus
3312 2081 3367 2132 in

1792 2165 2044 2219 columna
2068 2150 2233 2218 nubis
2265 2164 2305 2217 ³.
2350 2186 2368 2217 ι
2408 2163 2576 2233 Igitur
2613 2181 2678 2219 ex
2702 2166 2769 2220 iis
2798 2168 2939 2222 alius
2975 2177 3093 2223 erat
3131 2168 3367 2223 manife-

1792 2268 1872 2313 ste
1895 2257 2056 2311 nubis
2080 2258 2309 2327 angelus
2340 2258 2431 2327 qui
2483 2258 2821 2327 prmeedebat
2865 2259 3005 2313 ﬁlios
3040 2260 3227 2318 Israel.
3259 2262 3365 2313 alia

1790 2362 1844 2408 et
1871 2351 2043 2406 nubes
2068 2352 2215 2404 circa
2238 2366 2362 2405 eum
2399 2351 2673 2421 angelum,
2705 2366 2826 2420 qua:
2858 2352 3016 2420 quasi
3068 2352 3241 2420 ipsius
3267 2350 3366 2403 Du-

1789 2445 1921 2499 mini
1966 2459 2290 2514 corporeum
2329 2452 2447 2498 erat
2485 2443 2889 2497 indumentum.
2936 2443 3055 2509 Qua
3114 2444 3359 2513 quidem.

1790 2551 1914 2590 cum
1944 2544 2139 2589 natura
2166 2536 2524 2606 incorporeus
2544 2543 2711 2599 esset,
2740 2536 3033 2605 omnisque
3058 2553 3254 2591 sensus
3278 2538 3363 2591 vel

1791 2625 2095 2679 materialis
2125 2626 2448 2679 substantize
2476 2626 2756 2689 immunis,
2792 2641 2889 2695 per
2910 2627 3063 2680 vocis
3110 2628 3358 2680 auditum

1790 2717 2011 2787 prapria
2064 2717 2481 2771 conversatione
2536 2733 2753 2771 servum
2815 2733 2972 2771 suum
3008 2718 3358 2788 dignabatur.

1792 2805 1966 2875 Hujus
1994 2806 2371 2876 dispositionis
2403 2808 2518 2876 ipse
2550 2807 2814 2862 Dominus
2840 2808 3107 2862 rationem
3127 2809 3365 2864 reddens

1792 2898 1960 2969 Moysi
1985 2900 2116 2953 dicit
2142 2919 2153 2953 ε
2181 2919 2199 2948 ι
2237 2898 2307 2953 Ut
2329 2899 2516 2953 audiat
2543 2914 2627 2953 me
2652 2900 2886 2968 populus
2940 2900 3254 2967 loquentem
3294 2901 3362 2953 ad

1797 2996 1874 3051 te,
1903 2989 2160 3043 eteredat
2191 2989 2283 3041 tibi
2305 2990 2359 3041 in
2398 2999 2717 3058 perpetuum
2740 2991 2783 3046 ⁸.
2816 3009 2834 3040 ι
2872 2989 2975 3043 Sed
2995 3004 3117 3042 cum
3144 2991 3362 3058 populo,

105 3097 323 3132 ποντα·
382 3079 478 3131 καὶ
538 3079 636 3147 τῆς
681 3077 934 3145 τοιαύτης
989 3094 1045 3128 τε
1096 3077 1406 3145 οἰκονομίας
1454 3074 1616 3137 αὐτὸς
1659 3076 1684 3128 6

1790 3089 1848 3134 ut
1871 3081 2042 3151 magis
2074 3082 2366 3149 corporali,
2402 3083 2553 3136 vocis
2594 3081 2781 3135 auditu
2813 3089 3211 3145 conversatur;
3238 3098 3362 3135 cum

104 3173 321 3243 Κύριος
355 3172 444 3224 τὸν
475 3172 627 3239 λόγον
670 3170 949 3231 ἀποδιδοὺς
974 3170 1049 3238 τῷ
1080 3171 1300 3222 Μωῦσεῐ
1321 3183 1499 3239 φησιν’
1525 3187 1543 3218 ι
1573 3168 1688 3220 Ἵνα

106 3265 328 3340 ἀκούσῃ
372 3266 399 3316 6
430 3265 555 3325 λαὸς
599 3263 880 3326 λαλοῦντός
919 3280 1019 3332 μου
1054 3262 1189 3332 προς
1235 3263 1311 3325 σὲ,
1340 3260 1435 3315 καί
1480 3279 1560 3314 σοι
1596 3279 1687 3313 πι-

108 3355 452 3408 στεύσωσιν·
486 3376 504 3407 ι
550 3355 662 3408 ἀλλ’
697 3355 787 3407 ἐπὶ
818 3355 916 3424 μὲν
964 3354 1056 3407 τοῦ
1099 3354 1262 3417 λαοῦ,
1309 3348 1397 3406 οἷα
1447 3371 1685 3424 σωματι-

104 3447 359 3516 κωτέρου
407 3446 780 3516 τυγχάνοντος,
826 3447 892 3499 δι’
946 3445 1205 3516 αἰσθητῆς
1263 3445 1443 3514 φωνῆς
1490 3443 1684 3513 ὁμιλεῖ,

105 3541 203 3592 ἐπὶ
239 3540 298 3593 δὲ
333 3541 439 3601 τῶν
472 3540 843 3610 πατριαρχῶν,
879 3539 1002 3592 οὔτε
1050 3539 1277 3610 νεφέλης
1322 3538 1445 3591 οὔτε
1493 3538 1685 3591 στύλον

104 3632 287 3702 πυρὸς
322 3630 613 3701 δεομένων,
651 3632 836 3703 ἔτερος
887 3632 1130 3699 ἐγίγνετο
1175 3632 1273 3702 τῆς
1320 3647 1379 3682 τε
1423 3629 1685 3692 ὀπτασίας

106 3725 203 3775 καὶ
236 3724 339 3792 τῆς
378 3722 515 3793 πρὸς
551 3722 744 3785 αὐτοὺς
791 3722 1055 3791 ὁμιλίαςὸ
1095 3722 1311 3792 τρόπος.
1344 3721 1449 3773 Καὶ
1491 3721 1573 3772 ὅτι
1621 3737 1684 3788 γε

107 3816 210 3867 οὐκ
256 3810 329 3884 ἦν
367 3812 627 3884 ἀγγελικη
672 3830 756 3875 τις
809 3812 1033 3883 δύναμις
1086 3815 1118 3884 ἡ
1178 3813 1264 3865 διὰ
1316 3814 1413 3883 τῆς
1460 3812 1686 3883 νεφέλης

110 3904 547 3978 χρηματίζουσα,
579 3904 690 3957 ἀλλ’
720 3905 881 3966 αὐτὸς
912 3906 939 3956 6
966 3904 1117 3967 Θεὸς,
1148 3905 1283 3976 πρὸς
1312 3907 1421 3967 τοῖς
1447 3922 1686 3974 προαπο-

110 3998 474 4069 δεδειγμένοις
529 3997 779 4067 δηλοῦται
824 3999 917 4050 καὶ
967 3996 1054 4049 διὰ
1096 3998 1193 4068 τῆς
1243 3996 1415 4059 οὕτως
1455 3998 1684 4069 ἐχούσης

114 4092 358 4162 Γραπτῆςθ
391 4110 408 4140 ι
432 4088 597 4149 Εἶπεν
628 4088 682 4140 δὲ
700 4088 898 4160 Κύριος
931 4088 1064 4159 πρὸς
1085 4089 1339 4158 Μωῦσῆν⁶
1374 4089 1561 4153 Βάδιζε
1591 4091 1683 4141 καὶ

111 4184 377 4253 ὀδήγησον
407 4182 497 4233 τὸν
529 4179 654 4232 λαὸν
697 4182 774 4243 είς
802 4179 892 4231 τὸν
925 4179 1088 4231 τόπον
1110 4178 1166 4230 ὃν
1197 4178 1394 4249 εἴρηκά
1424 4196 1533 4231 σοι·
1576 4179 1681 4231 ἰδοὺ

111 4278 139 4325 6
167 4273 396 4342 ἄγγελός
429 4290 527 4342 μου
581 4270 1009 4342 προπορεύσεται
1048 4269 1153 4340 πρὸ
1183 4267 1473 4340 προσώπου
1510 4286 1622 4323 σου.
1657 4289 1677 4320 ι

114 4368 219 4419 Καὶ
246 4366 440 4419 πάλιν·
480 4384 498 4414 ι
534 4365 642 4417 Καὶ
669 4361 789 4417 εἷπε
826 4364 1028 4434 Κύριος
1072 4363 1209 4433 πρὸς
1248 4363 1520 4432 Μωῡσῆν·
1576 4363 1681 4414 Πο-

120 4458 271 4526 ρεὺου
300 4456 393 4509 καὶ
442 4454 668 4525 ἀνάϐηθι
701 4454 968 4516 ἐντεῦθεν,
999 4454 1061 4505 σὺ
1092 4454 1185 4505 καὶ
1211 4456 1239 4506 6
1266 4453 1409 4518 λαὸς,
1438 4473 1455 4505 ι
1489 4454 1582 4506 καὶ
1610 4454 1678 4506 τὰ
1714 4430 1756 4485 D

122 4547 262 4616 ἑξῆς·
300 4548 394 4600 καὶ
431 4545 805 4598 συναποστελῶ
830 4545 937 4625 πρὸ
967 4544 1255 4614 προσώπου
1286 4562 1378 4597 σου
1402 4546 1492 4597 τὸν
1515 4546 1679 4613 ἄγγε-

122 4639 202 4690 λόν
241 4657 361 4709 μου,
414 4638 596 4691 Ταῦτα
642 4636 748 4707 γὰρ
796 4636 1009 4706 ἀγγέλῳ
1049 4637 1148 4706 μὲν
1196 4636 1446 4707 οὐδαμῶς
1502 4635 1678 4706 λέγειν

120 4731 388 4799 ἁρμόττει,
413 4729 532 4799 Θεῷ
557 4729 610 4781 δὲ
644 4728 808 4799 μόνῳ,
842 4729 937 4781 καὶ
976 4729 1051 4799 τῷ
1084 4728 1203 4781 καθ’
1230 4728 1356 4799 ὃλην
1388 4728 1486 4799 τὴν
1540 4730 1679 4782 ἱστο-

123 4822 233 4889 ρίαν
269 4821 355 4874 διὰ
383 4821 477 4873 τοῦ
509 4821 933 4891 τετραγράμμου
968 4820 1278 4891 δηλουμένῳ
1307 4820 1516 4890 Κυρίῳ.
1546 4820 1671 4891 ⁷Αρ’

120 4909 205 4965 οἷον
226 4917 251 4967 6
282 4914 388 4967 τῶν
418 4914 554 4967 ὅλων
604 4912 832 4983 ποιητὴς
873 4913 965 4965 καὶ
995 4913 1123 4974 Θεὸς
1156 4912 1264 4964 τῶν
1313 4913 1566 4965 ἁπάντων
1595 4915 1674 4976 εἰς

119 5005 357 5058 τοσοῦτον
390 5007 600 5077 κατῄει,
631 5004 705 5066 ώς
747 5004 838 5055 ἐπὶ
878 5003 1187 5074 σωματικοῦ
1213 5003 1371 5074 ὅρους
1410 5003 1671 5073 ὀχεῖσθαι,

118 5097 206 5153 καὶ
236 5097 583 5165 παιδαγωγοῦ
626 5096 780 5166 δίκην
815 5095 1161 5166 συμϐαδίζειν
1200 5096 1504 5168 ἀνθρώποις
1530 5100 1558 5150 6
1582 5098 1672 5150 τὸν

115 5189 330 5260 οὐρανὸν
387 5190 480 5243 καὶ
523 5188 620 5260 τὴν
652 5188 756 5259 γῆν
813 5189 1067 5259 πληρῶνς
1114 5190 1146 5259 ἢ
1197 5189 1351 5242 τοῦτο
1405 5191 1504 5260 μὲν
1549 5189 1670 5243 οὔτε

114 5281 343 5347 δυνατὸν,
377 5282 488 5335 οὔθ’
525 5283 667 5334 ὂσιον
694 5284 912 5340 ἐννοεῖν.
930 5282 1320 5353 ἐὐσεϐέστερον
1343 5282 1397 5334 δὲ
1425 5282 1540 5352 ἅμα
1577 5283 1671 5335 καὶ

116 5374 324 5429 δυνατὸν
352 5376 443 5428 τὸν
466 5376 605 5427 θεῖον
634 5373 1032 5443 ὑπολαμϐάνειν
1061 5375 1248 5441 Λόγον,
1275 5376 1517 5427 διάκονον
1542 5376 1670 5428 ὄντα

122 5467 199 5521 τοῦ
216 5468 484 5540 πατρικοῦ
499 5470 855 5541 βουλήματος,
873 5468 1098 5523 ἐπείπερ
1116 5467 1279 5520 αὑτοῦ
1299 5470 1379 5543 Κλ.)
1389 5469 1501 5538 ρίου
1517 5468 1668 5531 ὄντος

176 5647 221 5677 ’⁸
257 5650 374 5705 Aet.
411 5668 516 5712 vu.
551 5653 639 5704 53.
715 5652 758 5681 ⁰⁰
803 5648 969 5703 Exod.
1003 5666 1110 5705 xiv.
1152 5649 1237 5708 l9.
1284 5648 1374 5701 ΞΗ.

124 5706 142 5737 ⁸
177 5717 341 5776 Exod.
381 5706 568 5785 xxxii,
605 5722 690 5775 7:4.
769 5721 786 5745 ⁸
828 5718 994 5774 Exod.
1036 5706 1241 5782 χχχιιι,
1284 5720 1328 5771 l.

1456 5650 1469 5677 ¹
1514 5650 1679 5702 Exod.
1723 5666 1845 5709 τις,
1887 5651 1938 5703 9.

1407 5720 1426 5751 ⁷
1470 5719 1623 5775 Deut.
1664 5737 1843 5785 xxx",
1880 5723 1911 5776 9

1791 3173 2139 3245 patriarcbis,
2169 3173 2370 3242 quibus
2392 3188 2569 3242 neque
2591 3173 2733 3227 nube
2764 3189 2941 3241 neque
2972 3173 3114 3242 ignis
3146 3173 3363 3225 colunt-

1790 3279 1858 3318 na
1889 3278 2027 3333 Opus
2053 3270 2192 3325 erat,
2216 3264 2357 3317 alius
2396 3262 2554 3317 fiebat
2586 3263 2814 3317 visionis
2840 3274 2891 3318 et
2919 3264 3363 3318 conversationis

1788 3353 2001 3407 modus.
2043 3351 2197 3417 Quod
2241 3368 2369 3406 vero
2398 3367 2506 3405 non
2548 3353 2788 3421 angelica
2836 3354 3084 3422 quadam
3120 3360 3361 3422 potestas

1789 3462 1906 3517 qua:
1932 3463 2025 3516 per
2048 3446 2243 3500 nubem
2273 3445 2742 3509 manifestabatur,
2767 3448 2861 3501 sed
2891 3447 3003 3515 ipse
3029 3447 3192 3507 Deus.
3223 3464 3362 3517 pra:-

1788 3545 1873 3592 ter
1896 3553 1957 3593 ea
1994 3554 2114 3608 qua:
2138 3538 2251 3607 jam
2286 3537 2656 3592 demonstrata
2689 3546 2816 3591 sunt
2843 3538 2946 3591 hoc
2979 3541 3142 3593 etiam
3175 3551 3362 3595 osten-

1788 3633 1936 3687 ditur
1967 3631 2265 3701 Scriptura:
2306 3631 2468 3686 loco:
2508 3647 2523 3680 ι
2570 3629 2717 3683 Dixit
2750 3640 2931 3684 autem
2986 3629 3249 3685 Dominus
3289 3632 3355 3685 ad

1788 3720 2022 3793 Moysen]
2060 3740 2072 3775 :
2108 3719 2256 3775 Vade
2280 3728 2333 3775 et
2368 3719 2473 3774 duc
2503 3719 2765 3789 populum
2792 3719 2956 3773 istum
2990 3734 3100 3786 quo
3131 3720 3350 3773 locutus

1787 3829 1906 3868 sum
1939 3813 2037 3867 tibi
2065 3813 2107 3867 ⁸.
2151 3812 2289 3866 Ecce
2320 3812 2542 3881 angelus
2574 3826 2729 3864 meus
2782 3809 3047 3878 praecedet
3107 3819 3178 3864 te.
3224 3829 3243 3860 ι
3289 3808 3357 3863 Et

1787 3921 1980 3961 rursus
2013 3924 2025 3959 :
2058 3923 2076 3955 ‹
2136 3903 2201 3957 Ει
2252 3904 2388 3958 dixit
2445 3902 2705 3957 Dominus
2760 3902 2825 3956 ad
2875 3901 3108 3971 Moysem
3144 3920 3156 3955 :
3187 3899 3356 3961 Vade.

1787 3998 2017 4053 ascende
2066 3997 2133 4051 dc
2177 3997 2297 4049 loco
2344 3996 2450 4050 isto
2503 4002 2582 4059 tu,
2631 4007 2683 4049 et
2722 3994 2954 4064 populus
2989 4004 3116 4047 tuus
3146 3994 3187 4055 ⁸,
3244 4013 3263 4044 ι
3303 4002 3358 4047 et

1786 4100 2009 4154 caetera;
2032 4109 2050 4141 ι
2080 4098 2133 4145 et
2148 4090 2356 4143 mittam
2377 4103 2769 4158 praecursorem
2795 4088 2869 4139 tui
2895 4087 3165 4155 angelum.
3190 4105 3209 4137 ι
3230 4084 3357 4140 Haec

1786 4183 1929 4237 enim
1957 4182 2207 4251 angelum
2242 4194 2583 4253 nequaquam
2615 4180 2797 4234 dicere
2818 4178 2991 4241 decet,
3024 4176 3191 4232 Deum
3215 4194 3347 4234 vero

1785 4275 1982 4335 solum,
2017 4271 2414 4342 Dominumque
2441 4272 2535 4341 qui
2582 4272 2635 4325 in
2670 4279 2784 4325 tota
2834 4270 3153 4325 narratione
3183 4278 3356 4326 tetra-

1785 4371 2091 4435 grammato
2121 4364 2459 4433 designatur.
2489 4361 2766 4432 Numquid
2792 4363 2958 4431 igitur
2971 4362 3354 4417 universarum

1783 4473 1964 4512 rerum
1996 4464 2208 4519 auctor,
2234 4453 2487 4523 Deusque
2520 4453 2763 4507 oinnium
2798 4455 2863 4509 ad
2895 4453 2947 4508 id
2979 4454 3262 4510 descendit
3297 4460 3356 4506 ut

1784 4566 1949 4619 super
2005 4548 2341 4604 materialem
2393 4546 2607 4601 veniret
2655 4553 2927 4610 montem,
2976 4555 3029 4602 et
3077 4547 3365 4616 padagogi,

1784 4644 1962 4698 instar
2017 4659 2140 4698 eum
2195 4641 2512 4696 hominibus
2547 4640 2877 4706 ambularet,
2909 4639 3003 4708 qui
3054 4640 3251 4693 caelum
3300 4648 3355 4693 et

1780 4745 1982 4792 terram
2017 4736 2240 4807 implet?
2268 4733 2458 4789 Nonne
2489 4733 2621 4788 illud
2676 4747 2855 4802 neque
2904 4731 3220 4794 verisimile,
3253 4745 3351 4785 ne-

1780 4846 1885 4899 que
1917 4837 2167 4885 sanetum
2200 4828 2534 4892 existimare,
2570 4826 2878 4896 religiosius
2918 4839 3049 4878 vero
3076 4831 3131 4876 et
3164 4824 3353 4891 proba.

1779 4920 1945 4975 bilius
2002 4920 2246 4989 cogitare
2296 4917 2569 4988 expletum
2603 4917 2704 4971 hoc
2734 4930 2938 4969 munus
2974 4930 3003 4966 a
3055 4911 3235 4967 Verbo
3267 4912 3351 4967 di-

1779 5010 1949 5075 vino,
2011 5018 2248 5079 paterna:
2305 5008 2600 5062 voluntatis
2664 5008 2957 5067 ministro,
3011 5004 3350 5074 Dominoque

1779 5103 1919 5173 ipso,
1954 5103 2045 5168 qui
2079 5109 2133 5156 et
2166 5120 2184 5152 ι
2227 5100 2405 5155 factus
2433 5109 2517 5155 est
2545 5115 2671 5169 pars
2703 5098 2895 5161 Jacob,
2927 5097 3204 5153 funiculus
3230 5098 3340 5151 lue-

1780 5194 2027 5249 reditatis
2074 5194 2193 5263 ejus
2229 5193 2477 5257 Israel";
2538 5212 2556 5243 ι
2612 5192 2779 5255 hunc,
2829 5174 3075 5260 inquam,
3126 5204 3187 5243 ea
3246 5204 3345 5259 pro

1779 5296 1931 5357 parte
1965 5296 2125 5355 atque
2150 5286 2461 5341 haereditate
2489 5283 2818 5353 suscepisse,
2853 5292 2905 5338 et
2939 5299 2999 5338 se
3034 5284 3212 5353 ipsum
3245 5298 3344 5335 ex-

1776 5378 2128 5439 inanientem,
2149 5374 2710 5443 consubstantialique
2740 5373 3115 5443 magnitudine
3149 5381 3336 5434 exuta.

1777 5469 2054 5524 hominum
2104 5472 2284 5537 saluti,
2335 5470 2497 5524 etiam
2530 5477 2657 5523 ante
2686 5467 3115 5523 incarnationem
3149 5473 3348 5522 contu-

2018 5654 2036 5682 ²
2079 5651 2245 5706 Exod.
2290 5668 2406 5716 xm,
2441 5651 2532 5705 21.
2608 5652 2627 5683 ³
2668 5650 2838 5708 Exod.
2877 5649 3067 5720 xrx,9.
3142 5649 3164 5681 ⁵
3199 5647 3335 5705 ibid.
