3936 6206
546 314 568 368 1
579 311 684 368 055

1281 307 1548 362 EUSEBH
1587 305 2062 364 C/ESARIENSIS
2099 303 2247 362 OPP.
2292 303 2472 360 PARS
2509 301 3083 359 Ill.—-EXEGETICA.

3647 302 3800 357 1056

546 423 756 482 luisse?
779 420 937 490 Quod
965 423 1014 477 si
1056 421 1345 492 diligenter
1368 423 1832 492 perspiceremus,
1871 423 2106 478 invenie-

2223 442 2236 472 ι
2269 421 2501 492 ἐγενήθη
2531 420 2688 492 μερὶς
2729 418 2920 472 Ἰακὼὸ
2963 420 3058 472 κα)⁵
3088 417 3384 489 σχοίνισμα
3434 415 3798 486 κληρονομίας

544 535 668 576 mus
700 531 825 572 eum
853 514 1129 570 interdum
1156 515 1377 586 propria
1402 516 1573 570 forma
1606 522 1875 585 praecepta
1902 515 2112 570 denun-

545 613 793 672 tiantem,
819 607 964 662 sicut
992 623 1115 662 cum
1148 606 1286 662 dixit
1314 625 1330 664 :
1358 627 1376 659 ι
1416 607 1535 662 Νοη
1567 608 1860 679 apparebis
1889 608 1945 663 in
1979 624 2113 663 con-

544 703 734 766 spectu
763 711 885 752 meo
927 711 1133 752 vacuus
1165 697 1208 751 ⁸.
1242 696 1427 752 Altare
1458 697 1524 752 de
1555 705 1702 753 terra
1739 695 1952 754 facietis
1977 699 2108 753 mihi

543 799 599 845 et
623 787 860 844 aﬂ‘eretis
887 804 1052 859 super
1083 804 1148 843 eo
1178 789 1568 844 holocausta...
1602 789 1830 845 Veniam
1863 791 1929 846 ad
1974 798 2029 846 te
2056 799 2111 846 et

545 881 873 937 benedicam
930 881 1118 946 tibi’;
1170 901 1187 932 ι
1247 881 1520 936 interdum
1575 883 1731 953 quasi
1765 881 1832 938 de
1867 883 1974 936 alio
2009 882 2114 938 Do-

540 974 713 1037 mino,
749 973 856 1028 Ι)εο
876 973 1087 1029 scilicet
1114 981 1169 1028 et
1196 971 1359 1027 Patre
1383 974 1522 1043 ejus,
1551 973 1933 1042 disserentem,
1970 974 2113 1030 sicut

540 1065 596 1121 in
621 1064 889 1136 Decalogo
939 1081 1064 1120 cum
1109 1065 1226 1120 ait:
1265 1083 1283 1115 ‹
1335 1063 1452 1119 Non
1488 1081 1737 1121 assumes
1769 1081 1970 1121 nomen
2005 1065 2114 1120 Do-

541 1157 677 1212 mini
709 1156 801 1213 Dei
834 1157 913 1212 tui
951 1158 1005 1212 in
1032 1173 1267 1225 vanum;
1317 1159 1550 1228 septimo
1581 1159 1669 1214 die
1696 1158 1984 1214 sabbatum
2021 1158 2112 1213 Dei

540 1249 618 1303 tui
645 1255 749 1304 est.
798 1246 908 1304 Sex
936 1250 1080 1305 enim
1113 1249 1306 1304 diebus
1358 1247 1484 1303 fecit
1525 1247 1788 1304 Dominus
1816 1249 2017 1304 cmlum
2054 1256 2110 1303 et

540 1351 768 1403 terram,
803 1348 854 1396 et
885 1356 1056 1406 mare,
1087 1349 1141 1397 et
1168 1343 1354 1396 omnia
1374 1356 1494 1412 qua:
1523 1341 1580 1395 in
1605 1340 1687 1397 eis
1726 1347 1889 1407 sunt;
1932 1347 1989 1394 et
2018 1340 2113 1394 be-

541 1433 754 1488 nedixit
793 1431 1058 1489 Dominus
1108 1433 1216 1488 diei
1279 1432 1596 1488 Sabbati“.
1659 1451 1679 1484 ι
1740 1431 1807 1487 Et
1866 1447 2110 1487 rursus:

547 1543 568 1576 ε
623 1524 840 1578 Honora
886 1534 1094 1594 patrem
1141 1532 1295 1579 tuum
1348 1532 1403 1579 et
1452 1531 1685 1580 matrem
1715 1530 1890 1589 tuam,
1925 1531 1984 1578 ut
2014 1524 2113 1578 tibi

540 1615 681 1670 bene
713 1615 785 1669 sit
812 1625 866 1670 et
898 1615 977 1670 sis
1004 1615 1280 1685 longaevus
1314 1630 1482 1685 super
1503 1621 1711 1670 terram
1731 1630 1897 1684 quam
1931 1615 2115 1670 Domi-

541 1721 649 1761 nus
681 1705 825 1761 Deus
856 1714 984 1761 tuus
1011 1706 1166 1761 dabit
1201 1705 1299 1760 tibi
1333 1707 1399 1760 ¹¹.
1443 1724 1462 1756 ι
1497 1703 1625 1760 Haec
1669 1704 1815 1760 enim
1856 1720 1967 1760 non
2017 1720 2116 1774 per

2219 513 2386 566 αὐτοῦ
2427 511 2664 584 Ἰσραὴλ,
2693 532 2712 563 ι
2743 505 2831 564 οἶα
2870 511 3009 583 ὑπὲρ
3045 510 3258 581 μερίδος
3305 509 3400 563 καὶ
3434 507 3801 580 κληρονομίας

2219 605 2556 679 φροντίζειν,
2609 603 2871 658 κενοῦντά
2903 617 2962 656 τε
2993 601 3179 655 ἑαυτὸν
3229 601 3327 654 καὶ⁵
3371 598 3470 653 τοῦ
3523 599 3803 668 συμφυοῦς

2223 699 2484 772 μεγέθους
2509 697 2874 769 σμικρύνοντα
2894 698 2960 766 τῇ
2986 694 3094 748 τῶν
3121 692 3430 765 ἀνθρώπων
3454 693 3546 744 καὶ
3569 691 3679 761 πρὸ
3708 691 3805 759 τῆς

2220 793 2682 864 ὲνανθρωπήσεως
2725 785 3229 860 συμπεριφέρεσθαι
3254 785 3533 855 σωτηρίας
3562 783 3625 835 Εἰ
3674 780 3806 849 γοῦν

2219 884 2574 956 εὐγνωμόνως
2599 883 3014 952 ὲπιστήσαιμεν,
3047 877 3300 948 εὕροιμεν
3339 875 3507 929 αὐτὸν
3541 875 3676 928 ποτε
3705 876 3804 944 μὲν

2219 979 2298 1042 είς
2328 977 2458 1030 ἴδιον
2491 975 2780 1047 πρόσωπον
2825 970 3164 1042 ἀναφέροντα
3193 967 3291 1030 τὰς
3345 965 3802 1038 παρακελεύσεις,

2218 1068 2293 1132 ὡς
2346 1069 2472 1120 ὅταν
2521 1065 2674 1136 λέγῃο
2710 1084 2729 1115 ‹
2766 1065 2881 1117 Οὐκ
2917 1061 3134 1134 ὁφθήσῃ
3176 1058 3403 1112 ἐνώπιόν
3457 1076 3563 1128 μου
3612 1056 3800 1119 κενός

2219 1159 2314 1212 καὶ
2347 1156 2728 1226 Θυσιαστήριον
2782 1155 2846 1206 ὲκ
2899 1155 3000 1224 γῇς
3043 1149 3326 1221 ποιήσεταί
3379 1166 3503 1219 μοι·
3565 1148 3664 1200 καὶ
3693 1145 3803 1216 ἥξω

2221 1249 2356 1318 πρὸς
2387 1247 2447 1300 σὲ
2485 1246 2582 1300 καὶ⁹
2608 1243 2886 1313 εὐλογήσω
2919 1259 2976 1295 σε
2996 1260 3008 1272 ι
3050 1261 3070 1294 ι
3108 1241 3237 1294 ποτὲ
3265 1241 3321 1294 δὲ
3348 1239 3423 1304 ὡς
3451 1240 3590 1311 περὶ
3619 1239 3802 1308 ἐτέρου

2220 1339 2425 1410 Κυρίου
2447 1377 2461 1401 ,
2508 1335 2603 1390 τοῦ
2643 1334 2777 1388 Θεοῦ
2803 1333 3004 1407 δηλαδὴ
3037 1334 3133 1386 καὶ
3161 1331 3373 1404 Πατρὸς
3401 1329 3596 1395 αὐτοῦ,
3631 1330 3804 1384 διαλε-

2217 1431 2468 1502 γόμενον,
2497 1428 2572 1492 ὡς
2600 1428 2693 1480 ἐπὶ
2723 1426 2827 1496 τῆς
2882 1425 3181 1493 Δεκαλόγου
3222 1425 3352 1478 ὅταν
3401 1423 3620 1494 φάσκῃ·
3671 1441 3692 1472 ι
3729 1423 3802 1476 Ov)

2219 1521 2362 1593 λήψῃ
2405 1520 2466 1574 τὸ
2515 1517 2684 1589 ὄνομα
2714 1516 2921 1588 Κυρίου
2969 1515 3064 1570 τοῦ
3112 1513 3247 1568 Θεοῦ
3279 1531 3374 1566 σου
3425 1514 3516 1566 ἐπὶ
3549 1514 3802 1583 ματαίῳ·

2221 1617 2316 1668 καὶ
2335 1617 2402 1689 τῇ
2424 1611 2606 1685 ἡμέρᾳ
2630 1614 2696 1682 τῇ
2722 1609 2924 1680 ἑϐδόμῃ
2953 1607 3196 1662 σάϐϐατα
3223 1607 3416 1679 Κυρίῳ
3436 1606 3513 1676 τῷ
3528 1604 3650 1676 Θεῷ
3674 1622 3768 1658 σου
3787 1622 3804 1638 ·

2223 1708 2314 1763 καὶ
2338 1707 2447 1780 γὰρ
2463 1709 2520 1760 ὲν
2533 1705 2592 1772 ἓξ
2614 1705 2848 1778 ἡμέραις
2873 1702 3126 1774 ἐποίησεν
3146 1702 3351 1776 Κύριος
3375 1702 3469 1755 τόν
3492 1720 3554 1755 τε
3581 1702 3808 1773 οὒρανὸν

541 1797 816 1866 angelum,
844 1797 939 1852 sed
973 1797 1090 1866 ipse
1123 1811 1220 1867 per
1269 1797 1510 1867 seipsum
1545 1794 1810 1852 Dominus
1860 1796 2107 1867 profecto

2223 1800 2304 1853 καὶ
2342 1798 2441 1869 τὴν
2465 1800 2590 1869 γῆν·
2635 1797 2729 1849 καὶ
2757 1793 3020 1866 εὐλόγησε
3058 1791 3263 1863 Κύριος
3313 1792 3412 1863 τὴν
3454 1792 3672 1864 ἡμέραν
3715 1791 3810 1860 τὴν

541 1891 597 1945 in
634 1889 900 1962 Deoalogo
921 1891 1086 1956 dixit;
1123 1905 1305 1946 nonne
1332 1891 1478 1946 enim
1507 1889 1818 1946 evidentius
1863 1897 1948 1946 est
1977 1905 2104 1946 eum

540 1985 618 2038 ita
644 1983 902 2054 populum
931 1999 1092 2038 suum
1111 1982 1179 2039 de
1214 1985 1412 2054 pietate
1445 1998 1577 2055 erga
1617 1981 1946 2038 altissimum
2010 1979 2113 2035 Pa-

540 2085 682 2134 trem
709 2078 904 2147 ipsius,
936 2077 1216 2150 Deumque
1245 2079 1489 2134 omnium
1513 2077 1840 2135 edocuisse?

2220 1892 2481 1962 ὲὸδόμηνσ
2520 1910 2538 1942 ι
2572 1889 2667 1944 καὶ
2708 1883 2893 1952 αὖθιςο
2940 1905 2961 1938 ι
2995 1885 3145 1958 Τίμα
3191 1885 3283 1939 τὸν
3325 1886 3535 1955 πατέρα
3583 1901 3684 1936 σου
3720 1884 3811 1937 καὶ

2219 1983 2318 2055 τὴν
2352 1981 2564 2053 μητέρα
2593 1997 2706 2045 σου,
2739 1979 2828 2032 ἴνα
2853 1970 2912 2032 εὖ
2945 1995 3026 2031 σοι
3053 1975 3306 2048 γένηται,
3340 1975 3432 2029 καὶ
3465 1976 3572 2048 ἔσῃ
3601 1991 3811 2046 μακρο-

2224 2075 2435 2148 χρόνιος
2469 2074 2564 2127 ὲπὶ
2589 2076 2687 2144 τῆς
2711 2072 2835 2143 γῆς,
2873 2066 2942 2142 ἧς
2974 2069 3178 2142 Κύριος
3210 2071 3240 2122 6
3285 2069 3418 2132 Θεός
3445 2085 3540 2121 σου
3597 2066 3810 2120 δίδωσίν

2229 2180 2328 2216 σοι.
2355 2183 2370 2214 ι
2393 2161 2577 2214 Ταῦτα
2605 2160 2712 2233 γὰρ
2735 2160 2794 2214 οὺ
2823 2159 2891 2212 δι’
2917 2159 3172 2228 ἀγγέλου,
3201 2158 3315 2211 ἀλλ’
3338 2157 3507 2222 αὐτὸς
3528 2156 3599 2210 δι’
3622 2155 3810 2210 ἑαυτοῦ

541 2261 570 2313 6
598 2259 800 2331 Κύριος
824 2261 1267 2332 πεπιστευμένως
1290 2262 1349 2315 ὲν
1367 2263 1478 2324 τοῖς
1501 2260 1815 2329 δεκαλόγοις
1841 2257 2120 2330 εἰρηκέναι
2158 2255 2274 2320 πῶς
2339 2257 2439 2310 οὐκ
2468 2256 2535 2310 ἂν
2559 2256 2770 2325 γένοιτο
2800 2252 3088 2328 πρόδηλος,
3122 2250 3392 2307 παιδεύων
3462 2250 3561 2304 τὸν
3594 2249 3724 2305 λαὸν
3748 2249 3811 2302 τὰ

542 2351 671 2414 περὶ
703 2351 804 2422 τῆς
843 2353 924 2416 εἰς
950 2352 1041 2406 τὸν
1066 2352 1327 2412 ἀνωτάτω
1365 2352 1584 2424 Πατέρα
1621 2351 1815 2406 ἑαυτοῦ
1858 2351 1953 2405 καὶ
1995 2348 2126 2402 Θεὸν
2163 2347 2269 2402 τῶν
2298 2347 2433 2402 ὅλων
2459 2347 2779 2414 εὐσεϐείαςς

1137 2446 1368 2504 CAPUT
1424 2446 1516 2503 XI.

617 2554 638 2587 ι
676 2535 816 2592 Ecce
856 2551 957 2608 ego
995 2537 1208 2590 mittam
1244 2538 1496 2608 angelum
1529 2551 1732 2601 meum,
1761 2535 1859 2607 qui
1908 2549 2113 2605 praece-

2733 2439 3131 2497 ΚΕΦΑΛΑΙΟΝ
3167 2443 3271 2496 IA’.

2290 2557 2307 2590 ι
2344 2537 2474 2592 Ἰδοὺ
2505 2535 2616 2606 ἐγὼ
2642 2535 2957 2590 ἀποστέλλω
2985 2536 3076 2589 τὸν
3107 2535 3337 2603 ἄγγελόν
3358 2553 3463 2606 μου
3497 2535 3612 2606 πρὸ
3645 2552 3808 2607 προσ-

542 2629 636 2684 dat
693 2635 768 2692 te,
818 2635 872 2682 et
921 2627 1200 2683 custodiat
1257 2628 1314 2682 in
1346 2628 1456 2692 via,
1509 2636 1564 2683 et
1607 2626 1923 2682 introducat
1952 2627 2006 2680 in
2035 2625 2116 2679 lo-

2223 2629 2366 2682 ώπου
2398 2646 2516 2692 σου,
2549 2629 2638 2682 ἵνα
2669 2628 2878 2700 φυλάξῃ
2920 2645 2980 2682 σε
3019 2627 3077 2681 ὲν
3110 2631 3177 2699 τῇ
3205 2627 3331 2695 ὁδῷ,
3359 2629 3516 2692 ὅπως
3543 2629 3807 2698 εἰσαγάγῃ

543 2733 668 2773 cum
706 2732 866 2786 quem
915 2719 1123 2786 paravi.
1160 2716 1406 2772 Observa
1453 2732 1578 2772 eum
1623 2727 1678 2772 et
1725 2717 1855 2772 audi
1917 2731 2106 2772 vocem

543 2809 686 2875 ejus,
721 2824 821 2862 nec
872 2809 1332 2900 contemnendum
1365 2815 1521 2879 putes
1553 2828 1567 2863 :
1603 2808 1731 2879 quia
1779 2825 1890 2864 non
1931 2808 2120 2864 dimit-

2220 2740 2280 2777 σε
2309 2725 2389 2786 είς
2421 2721 2518 2793 τὴν
2547 2722 2674 2792 γῆν,
2703 2722 2769 2792 ἣν
2795 2719 3069 2791 ήτοίμασά
3100 2737 3202 2774 σοι.
3234 2719 3483 2791 Πρόσεχε
3531 2720 3690 2791 αὐτῷ
3725 2723 3808 2774 καὶ

2225 2815 2476 2869 εἰσάκουε
2503 2813 2688 2879 αὐτοῦ,
2723 2813 2796 2885 μὴ
2823 2812 3037 2868 άπείθει
3065 2813 3122 2865 ὲν
3152 2812 3321 2883 αὐτῷ,
3351 2811 3414 2864 οὐ
3439 2813 3557 2885 γὰρ
3587 2813 3666 2884 μὴ
3690 2813 3806 2866 ὕπο-

545 2907 626 2954 tet
657 2913 781 2954 cum
811 2897 1146 2969 peccaveris,
1180 2905 1235 2952 et
1259 2904 1563 2953 estnomen
1586 2912 1766 2951 meum
1799 2897 1856 2951 in
1881 2897 1974 2952 illo
1996 2898 2060 2950 “.
2093 2916 2113 2948 ι

2227 2903 2498 2976 στείληταί
2532 2921 2592 2958 σε
2614 2918 2628 2933 ·
2663 2903 2724 2956 τὸ
2756 2902 2867 2973 γάρ
2897 2902 3069 2973 ὄνομά
3117 2919 3215 2972 μου
3259 2902 3409 2956 ἐστὶν
3460 2902 3552 2955 ἐπ’
3581 2901 3749 2972 αὐτῷ.
3784 2921 3799 2951 ι

547 2989 674 3046 Haec
709 3005 836 3045 cum
868 2991 992 3046 aliis
1023 2991 1310 3062 praeceptis
1356 2989 1620 3045 Dominus
1669 2991 1870 3060 populo
1891 2989 2116 3046 denun—

2225 2993 2408 3049 Ταῦτα
2457 2994 2595 3066 μετὰ
2637 2992 2746 3046 τῶν
2790 2992 2992 3046 λοιπῶν
3045 2991 3125 3063 (ί.
3154 2993 3188 3048 9
3223 2993 3312 3062 νο)
3365 2993 3806 3064 δικαιωμάτωνὸ

545 3083 665 3136 tiat.
702 3081 757 3136 Si
781 3082 998 3153 quidem
1023 3081 1187 3152 igitur
1215 3089 1336 3152 post
1369 3079 1570 3152 Moysis
1608 3079 1817 3135 obitum
1865 3095 1974 3134 non
2004 3080 2116 3149 ipse

2225 3086 2430 3158 Κύριος
2453 3086 2530 3158 τῷ
2555 3085 2669 3156 λαῷ
2696 3085 3086 3140 διαστέλλεται.
3129 3087 3191 3138 Ei
3245 3085 3345 3156 μὲν
3383 3081 3481 3139 οὖν
3526 3087 3668 3157 μετά
3716 3088 3804 3156 τὴν

547 3171 813 3229 Dominus
841 3175 934 3244 qui
966 3175 1021 3228 in
1045 3174 1263 3230 deserto
1291 3173 1745 3229 manifestabatur
1774 3171 1992 3229 adesset
2013 3187 2110 3242 po-

2223 3181 2492 3245 Μωῦσέως
2517 3179 2776 3251 τελευτὴν
2812 3178 2887 3250 μὴ
2912 3181 2940 3231 ὁ
2962 3179 3123 3242 αὐτὸς
3153 3177 3356 3248 Κύριος
3375 3179 3402 3230 6
3434 3179 3530 3230 ἐπὶ
3549 3179 3652 3249 τῆς
3683 3180 3803 3250 ὲρήο

547 3266 698 3336 pulo,
733 3266 827 3322 sed
871 3267 1191 3338 angelorum
1221 3267 1422 3336 aliquis
1451 3279 1548 3322 eos
1596 3265 1948 3336 praecederet,
1978 3265 2116 3320 nihil

2225 3292 2325 3345 μου
2358 3273 2712 3346 χρηματίζων
2761 3271 3060 3343 συμπαρῆν
3098 3269 3175 3341 τῷ
3211 3270 3358 3342 λαῷ,
3398 3271 3516 3324 ἀλλ’
3565 3271 3806 3340 ἀγγέλων

548 3358 654 3414 hoc
685 3358 742 3413 in
773 3359 908 3414 loco
928 3357 1315 3430 inquirendum
1351 3358 1512 3414 foret.
1548 3357 1685 3413 Cum
1707 3366 1889 3412 autem
1925 3373 2118 3412 narra-

546 3445 696 3504 tione
716 3459 930 3506 constet
956 3460 1012 3506 et
1045 3459 1170 3522 post
1204 3449 1407 3521 Moysis
1453 3449 1662 3504 obitum
1705 3448 1995 3503 Dominum
2032 3447 2118 3518 ip-

548 3555 674 3596 sum
697 3539 864 3597 Josue
890 3541 1299 3597 manifestatum
1326 3556 1471 3608 esse,
1505 3547 1558 3620 et
1594 3546 1781 3610 aperte
1812 3540 1872 3594 in
1903 3539 1972 3594 iis
1999 3553 2120 3609 quas

550 3631 620 3686 ad
651 3647 774 3686 eum
811 3632 1156 3702 loquebatur,
1192 3632 1396 3687 dixisse
1428 3649 1442 3686 ι
1480 3649 1500 3683 ι
1541 3628 1696 3685 Sicut
1721 3629 1799 3684 fui
1821 3644 1946 3684 cum
1969 3627 2121 3700 Moy-

557 3739 640 3787 se,
673 3723 749 3778 ita
777 3739 872 3778 ero
902 3730 1080 3778 tecum
1109 3741 1122 3778 :
1157 3738 1268 3779 non
1300 3723 1594 3789 dimittam,
1624 3737 1726 3778 nec
1741 3722 2117 3792 derelinquam

548 3823 620 3871 te.
674 3815 996 3872 Confortare
1040 3824 1095 3871 et
1132 3824 1252 3872 esto
1305 3817 1584 3872 robustus.
1645 3814 1728 3870 Tu
1766 3814 1910 3870 enim
1971 3821 2120 3870 sorte

547 3907 759 3964 divides
805 3909 1006 3981 populo
1054 3909 1186 3964 huic
1235 3917 1460 3974 terram,
1493 3924 1593 3979 pro
1613 3924 1721 3978 qua
1743 3907 1923 3978 juravi
1958 3907 2122 3977 patri-

549 3999 656 4056 bus
710 4000 844 4066 tuis,
895 4008 956 4056 ut
1007 3999 1280 4056 traderem
1323 4015 1444 4056 eam
1487 4000 1597 4054 illis
1627 4000 1690 4053 “.
1733 4019 1753 4052 ι
1790 3998 1856 4052 Ει
1884 3999 1940 4054 in
1973 3997 2121 4053 omni

550 4090 838 4162 Scriptura
873 4093 1098 4164 angelus
1139 4091 1360 4163 quidem
1392 4106 1741 4162 nequaquam
1773 4103 2013 4162 praesens
2039 4091 2123 4147 vel

551 4185 937 4242 manifestatns
969 4184 1135 4242 Josue
1171 4193 1526 4250 memoratur,
1557 4185 1652 4243 sed
1685 4186 1800 4255 ipse
1831 4184 2118 4252 Dominus,

550 4278 644 4348 qui
688 4277 832 4348 apud
861 4275 1101 4349 Moysem
1139 4284 1585 4348 tetragrammato
1617 4277 1946 4343 ostenditur,
1993 4277 2124 4346 qui-

549 4385 657 4440 que
688 4369 819 4424 mibi
847 4367 990 4424 idem
1030 4385 1152 4426 esse
1175 4369 1394 4425 videtur
1413 4383 1478 4424 ac
1507 4369 1600 4440 qui
1631 4369 1798 4426 semel
1825 4367 1992 4425 Josue
2018 4369 2120 4424 viri

551 4463 738 4517 habitu
801 4461 1052 4533 apparuit
1075 4463 1141 4518 “.
1190 4461 1660 4528 Quemadmodum
1735 4463 1884 4518 enim
1955 4478 2122 4534 appa-

2220 3384 2302 3430 τις
2337 3364 2516 3419 αὐτῶν
2545 3367 2840 3436 προηγεῖτο
2860 3403 2875 3428 ,
2915 3361 3066 3415 οὐδὲν
3095 3361 3160 3416 ἂν
3189 3363 3269 3426 είς
3301 3363 3434 3426 τοὺς
3467 3363 3670 3426 τόπους
3711 3364 3801 3435 ζη-

2221 3458 2480 3529 τούμενον
2511 3452 2611 3526 ἦν·
2648 3457 2770 3509 ἐπεὶ
2792 3455 2850 3508 δὲ
2884 3457 2949 3509 ὲκ
2988 3454 3089 3524 τῆς
3135 3453 3378 3525 ἱστορίας
3418 3456 3678 3525 φαίνεται
3717 3456 3806 3508 καὶ

2225 3550 2360 3621 μετὰ
2375 3549 2473 3620 τὴν
2488 3549 2764 3612 Μωῦσέως
2781 3547 3037 3618 τελευτὴν
3062 3547 3091 3599 6
3119 3545 3279 3608 αὐτὸς
3303 3544 3514 3617 Κύριος
3535 3547 3618 3617 τῷ
3633 3549 3707 3619 ’1η
3716 3548 3804 3600 τοῦ

2221 3641 2575 3714 χρηματίζων
2604 3642 2700 3694 καὶ
2729 3638 2917 3708 σαφῶς
2947 3641 3004 3691 ὲν
3031 3641 3145 3701 τοῖς
3175 3638 3309 3709 πρὸς
3337 3637 3502 3691 αὑτὸν
3537 3643 3804 3710 χρηεμῧες

2222 3735 2412 3802 λέγων’
2432 3751 2450 3784 ι
2471 3733 2591 3785 Ὀτι
2609 3730 2794 3802 ὥσπερ
2819 3731 2852 3800 ἡ
2861 3745 2966 3801 μην
2986 3729 3122 3799 μετὰ
3144 3729 3372 3798 Μωῦσῆ,
3403 3727 3587 3793 οὕτως
3610 3730 3802 3800 ἔσομαι

2227 3825 2362 3897 μετὰ
2393 3823 2508 3889 σοῦ,
2534 3824 2628 3877 καὶ
2649 3823 2752 3876 οὑκ
2777 3821 3156 3892 ἐγκαταλείψω
3189 3838 3248 3874 σε
3268 3860 3282 3884 ,
3314 3821 3421 3875 οὐδ’
3461 3823 3808 3894 {amp/4apr

2225 3935 2306 3972 σε.
2334 3919 2517 3988 Ἵσχυε
2561 3917 2655 3970 καὶ
2697 3912 2946 3987 άνδρίζου
2974 3933 2986 3944 ·
3026 3915 3089 3967 σὺ
3132 3913 3241 3984 γὰρ
3289 3913 3704 3977 ἁποδιαστελεῖς
3735 3915 3804 3983 τῷ

2222 4009 2337 4081 λαῷ
2365 4009 2540 4081 τούτῳ
2574 4008 2673 4080 τὴν
2712 4009 2836 4080 γῆν,
2870 4008 2936 4078 ἣν
2965 4007 3156 4078 ὤμοσα
3187 4009 3300 4070 τοῖς
3341 4007 3620 4078 πατράσιν
3654 4008 3802 4078 ὑμῶν

2220 4103 2402 4158 δοῦναι
2442 4105 2622 4167 αὐτοῖς
2645 4120 2658 4132 ο
2699 4122 2718 4155 ι
2752 4103 2846 4155 καὶ
2883 4101 2952 4154 δι’
2989 4100 3117 4171 ὅλης
3155 4100 3256 4170 τῆς
3303 4099 3531 4170 Γραφῆς
3577 4101 3801 4170 ἄγγελος

2229 4196 2328 4268 μὲν
2381 4195 2635 4266 οὐδαμῶς
2695 4191 2981 4264 ὲπιπαρὼν
3031 4192 3065 4264 ἢ
3119 4192 3474 4264 χρηματίζων
3524 4193 3608 4263 τῷ
3643 4193 3804 4263 Ἰησοῦ

2223 4286 2490 4356 φαίνεται,
2507 4285 2620 4338 ἀλλ’
2637 4286 2836 4348 αὑτὺςὸ
2868 4284 3070 4353 Κύριος
3094 4286 3122 4337 6
3148 4285 3243 4336 καὶ
3267 4284 3420 4355 παρὰ
3450 4285 3688 4338 Μωῦσεῖ
3726 4285 3797 4336 διὰ

2221 4378 2315 4432 τοῦ
2357 4376 2781 4450 τετραγράμμου
2825 4375 3150 4448 δηλούμενος
3170 4415 3185 4440 ,
3217 4376 3276 4437 ὃς
3315 4376 3411 4427 καὶ
3451 4375 3606 4429 δοκεῖ
3675 4395 3756 4448 3w.
3776 4377 3800 4426 ὁ

2225 4467 2385 4532 αὐτὸς
2405 4462 2542 4521 εἶναι
2568 4467 2646 4539 τῷ
2683 4468 2741 4520 ὲν
2767 4466 2956 4537 ἀνδρὸς
2983 4467 3220 4537 σχήματι
3241 4467 3320 4529 εἰς
3347 4465 3498 4532 ἅπαξ
3527 4468 3691 4537 μόνον
3713 4484 3792 4520 πα-

549 4556 727 4612 ruisse
755 4553 1066 4609 Abrahamo
1094 4561 1148 4610 et
1173 4553 1378 4610 Iacobo
1416 4563 1694 4620 narratur,
1727 4556 1803 4611 sic
1861 4565 1914 4611 et
1971 4572 2116 4612 nunc

2227 4561 2517 4634 ραφανέντι
2569 4560 2648 4632 τῷ
2699 4557 2895 4631 Ἰησοῦ.
2939 4560 3146 4631 Ὥσπερ
3216 4559 3323 4630 γὰρ
3391 4560 3686 4630 ἐπιφανεὶς
3731 4559 3792 4627 τις»

548 4649 618 4710 ad
651 4648 991 4706 edocendum
1025 4663 1244 4704 servum
1272 4663 1455 4716 suum,
1474 4662 1584 4703 non
1610 4648 1787 4719 ipsum
1809 4648 2116 4705 existimari

548 4727 894 4818 primumet
951 4741 1253 4800 increatum
1308 4755 1429 4798 esse
1477 4740 1670 4806 Deum,
1706 4741 1802 4797 sed
1847 4757 2122 4798 summum

547 4821 670 4909 ejus
693 4835 972 4893 exercitus
1002 4835 1197 4891 ducem
1227 4834 1581 4890 demonstrat.
1619 4832 1760 4905 Ergo
1798 4832 1844 4889 si
1879 4833 1935 4888 in
1970 4833 2124 4888 omni

550 4930 718 4999 Josue
757 4929 898 4985 libro
935 4929 1162 5000 angelus
1209 4926 1430 4998 quidem
1481 4927 1704 4982 minime
1747 4941 1991 4997 praesens
2030 4941 2118 4982 re-

553 5024 748 5089 fertur,
787 5010 882 5080 sed
912 5022 1053 5078 idem
1086 5022 1203 5092 ipse
1227 5021 1492 5077 Dominus
1520 5021 1613 5090 qui
1640 5019 1696 5074 in
1723 5019 1873 5076 omni
1922 5017 2120 5090 Moysis

552 5116 900 5193 legislatione
941 5114 1252 5171 ostenditur
1285 5133 1299 5169 :
1347 5119 1584 5169 testatur
1636 5111 1932 5167 manifeste
1964 5111 2116 5166 Scri-

551 5220 709 5281 ptura
743 5208 930 5264 dicens
962 5226 975 5262 :
1020 5225 1039 5258 ι
1081 5204 1206 5273 Fuit
1235 5221 1364 5276 ergo
1385 5203 1648 5262 Dominus
1670 5219 1794 5260 cum
1826 5202 1993 5260 Josue
2015 5205 2115 5268 ³⁵,ι

553 5297 620 5360 de
649 5313 759 5370 quo
790 5285 1114 5353 diceretur:
1177 5316 1197 5348 ι
1252 5295 1392 5352 Ecce
1445 5313 1546 5368 ego
1596 5297 1814 5352 mittam
1860 5297 2112 5367 angelum

553 5405 734 5446 meum
764 5391 855 5460 qui
885 5389 1154 5461 praecedat
1179 5399 1229 5446 te
1252 5397 1307 5446 et
1329 5389 1640 5444 introducat
1670 5390 1727 5444 in
1754 5389 1933 5444 locum
1957 5404 2120 5460 quem

551 5483 741 5550 paravi
767 5483 864 5536 tibi
899 5483 982 5536 “?
1018 5503 1042 5535 ι
1078 5481 1306 5538 Videtur
1333 5496 1464 5554 ergo
1493 5497 1602 5536 non
1631 5482 1798 5536 alium
1829 5497 1894 5537 ac
1940 5481 2118 5553 ipsum

553 5573 841 5629 ostendere
867 5573 1053 5631 Josue.
1094 5573 1213 5646 Ipse
1246 5574 1393 5630 enim
1422 5573 1576 5629 duxit
1604 5573 1864 5643 populum
1903 5573 1959 5630 in
1998 5588 2119 5644 pro-

2236 4654 2487 4726 Ἀϐραὰμ
2513 4653 2609 4707 καὶ
2637 4651 2714 4723 τῷ
2743 4652 2937 4707 Ἰακὼϐ
2967 4652 3405 4723 ἀναγέγραπται,
3429 4653 3581 4707 οὕτω
3606 4655 3694 4708 καὶ
3716 4653 3791 4704 νῦν

2221 4747 2315 4800 ἐπὶ
2339 4747 2416 4817 τῷ
2448 4745 2736 4800 παιδεῦσαι
2763 4746 2854 4798 τὸν
2880 4746 3188 4817 θεράποντα
3231 4744 3306 4816 μὴ
3345 4746 3515 4799 αὑτὸν
3566 4746 3790 4816 ἧγεῖςθιι

2220 4840 2312 4894 τὸν
2340 4840 2552 4913 πρῶτον
2583 4840 2678 4893 καὶ
2703 4837 2964 4909 ἀγένητον
2991 4833 3128 4892 εἶναι
3169 4839 3320 4904 Θεὸν,
3363 4839 3483 4893 ἀλλ’
3516 4839 3785 4912 ἀρχιστρὰ-

2221 4949 2388 5004 τηγον
2419 4915 2516 5002 τῆς
2550 4931 2760 4984 ἐκείνου
2793 4928 3072 4999 δυνάμεως
3116 4930 3506 4999 ἀποφαίνεται.
3551 4931 3688 5001 Εἰδῂ
3709 4926 3782 4982 οἷν

2220 5023 2308 5078 διὰ
2335 5022 2514 5094 πάσης
2558 5022 2654 5094 τῆς
2677 5021 2768 5075 τοῦ
2803 5019 2978 5092 Ἰησοῦ
3021 5022 3242 5093 γραφῆς
3289 5023 3528 5091 ἄγγελος
3574 5025 3664 5095 μὲν
3692 5021 3779 5075 065'

2221 5118 2357 5180 ὅλως
2391 5116 2579 5188 παρὼν
2603 5113 2949 5186 ὀνομάζεται,
2980 5113 3095 5168 ἀλλ’
3118 5113 3280 5178 αὐτὸς
3310 5117 3338 5168 6
3367 5115 3462 5170 διὰ
3494 5117 3671 5187 πάσης
3701 5113 3779 5181 τῆς

2222 5208 2375 5279 παρὰ
2403 5208 2628 5262 Μωῦσεῖ
2644 5205 2963 5276 νομοθεσίας
2983 5205 3307 5276 δηλούμενος
3330 5206 3542 5277 Κύριος
3557 5225 3572 5238 ·
3605 5222 3781 5277 μαρτυ-

2227 5303 2310 5373 ρεῖ
2343 5299 2472 5370 γοῦν
2500 5298 2686 5368 σαφῶς
2740 5301 2773 5370 ἡ
2805 5297 2994 5370 Γραφὴ
3040 5297 3293 5367 λέγουσαι
3329 5318 3350 5347 σ
3377 5295 3586 5371 Kal-71v
3605 5297 3780 5365 Κύριος

2226 5391 2363 5463 μετὰ
2397 5390 2569 5461 Ἰησοῦ
2589 5407 2602 5420 ³
2641 5410 2659 5441 ι
2695 5389 2837 5453 τίνος
2881 5388 2945 5444 ἂν
2977 5389 3217 5458 λέγοιτο·
3266 5407 3286 5442 ι
3308 5389 3442 5443 Ἰδοὺ
3490 5385 3780 5445 ἀποστέλλω

2221 5485 2314 5538 τὸν
2347 5482 2577 5554 ἄγγελον
2611 5499 2713 5551 μου
2749 5482 2852 5554 πρὸ
2878 5481 3170 5553 προσώπου
3206 5499 3320 5547 σου,
3350 5483 3503 5546 ὅπως
3531 5484 3702 5552 ἀγάγῃ
3731 5493 3776 5529 σε

2225 5575 2302 5638 εἰς
2336 5574 2434 5646 τὴν
2461 5551 2588 5643 γῆν,
2613 5574 2680 5644 ἢν
2709 5551 2982 5646 ἡτοίμασά
3005 5589 3086 5627 σοι
3108 5589 3122 5638 ;
3155 5592 3174 5624 ι
3207 5575 3423 5627 Ἔοικεν
3443 5572 3538 5629 οὖν
3559 5575 3640 5628 διὰ
3667 5551 3778 5624 τού-

625 5686 646 5716 ⁸
685 5685 854 5742 Exod.
891 5703 1056 5754 χχιιι,
1093 5687 1180 5744 15.
1255 5691 1277 5722 ⁸
1313 5688 1484 5745 Exod.
1513 5705 1604 5754 xx,
1639 5687 1730 5742 24.
1809 5689 1851 5719 ¹⁰
1891 5687 2022 5743 ibid.
2061 5688 2111 5752 7,

2265 5687 2350 5743 ll.
2429 5688 2469 5719 “
2511 5687 2642 5745 ibid.
2679 5686 2766 5744 l2.
2842 5689 2884 5721 “
2924 5685 3094 5742 Exod.
3120 5702 3277 5754 um,
3309 5685 3515 5752 20,21.
3591 5689 3629 5719 ⁸³
3663 5685 3776 5750 los.

559 5774 609 5822 ι,
646 5757 715 5822 5,
749 5756 804 5812 6.
883 5759 924 5790 “
961 5757 1074 5815 Jos.
1109 5760 1288 5834 ν,1ξ›.

1403 5761 1445 5792 ¹⁶
1478 5758 1592 5816 los.
1629 5776 1701 5826 v1,
1735 5758 1824 5814 27.
1907 5760 1950 5792 ⁸⁸
1988 5757 2157 5814 Exod.
2190 5775 2326 5814 xxni
2348 5799 2362 5826 ,
2393 5758 2484 5814 ιο.
