3952 6198
722 289 856 346 1059

1317 398 1544 454 CAPUT
1580 399 1692 455 XII.

791 516 806 546 ι
832 494 1471 564 Cumqueingrederetur
1507 493 1720 566 Moyses
1766 495 1821 549 in
1850 496 2281 556 tabernaculum.

717 582 1089 641 descendebat
1132 586 1385 646 columna
1420 585 1604 650 nubis,
1640 597 1697 639 et
1739 586 1917 639 stabat
1947 586 2012 640 ad
2058 588 2282 647 ostium,

710 675 1150 745 loquebaturque
1201 691 1326 730 cum
1378 675 1580 746 Moyse,
1617 678 1966 731 cernentibus
2015 677 2284 732 universis

705 767 853 836 quod
882 769 1136 822 columna
1173 768 1335 822 nubis
1370 776 1540 823 staret
1573 770 1637 824 ad
1672 769 1872 824 ostium
1925 770 2280 825 tabernaculi.

707 859 1050 930 Stabantque
1085 860 1188 930 ipsi
1235 872 1289 914 et
1317 861 1619 914 adorabant
1659 877 1753 931 per
1784 859 1930 916 fores
1957 861 2283 916 tabernacu-

707 953 886 1004 lorum
951 967 1198 1006 suorum.
1265 952 1612 1022 Loquebatur
1670 961 1846 1008 autem
1898 953 2160 1009 Dominus
2215 955 2282 1008 ad

707 1041 949 1112 Moysem
985 1042 1123 1098 facie
1158 1044 1222 1097 ad
1258 1043 1472 1107 faciem,
1505 1045 1648 1099 sieut
1674 1045 1811 1100 solet
1846 1046 1991 1114 loqui
2022 1046 2184 1099 homo
2214 1047 2281 1100 ad

705 1136 942 1189 amicum
980 1152 1162 1190 suum.
1195 1137 1441 1207 Cumque
1474 1139 1563 1212 ille
1600 1148 1961 1193 reverteretur
1989 1139 2043 1193 in
2076 1150 2278 1206 castra,

702 1227 955 1281 minister
990 1227 1110 1296 ejus
1133 1227 1300 1282 Josuc
1330 1229 1474 1284 (ilius
1501 1229 1640 1294 Non,
1676 1245 1827 1298 puer,
1860 1246 1966 1283 non
1995 1231 2281 1285 recedebat

655 1325 660 1330 ‘
705 1318 777 1372 de
805 1319 1184 1374 tabernaculo.
1226 1319 1370 1373 Dixit
1397 1329 1576 1373 autem
1605 1319 1817 1390 Moyses
1848 1322 1912 1375 ad
1947 1319 2233 1375 Dominum
2263 1341 2276 1376 :

701 1407 967 1478 Praecipis
1006 1417 1063 1462 ut
1093 1410 1318 1464 educam
1353 1411 1609 1480 populum
1641 1411 1792 1464 illum
1823 1430 1834 1464 :
1872 1421 1925 1466 et
1980 1427 2088 1465 non
2137 1413 2280 1466 indi-

699 1515 796 1556 cas
829 1501 958 1555 mihi
1018 1516 1178 1570 quem
1234 1501 1505 1554 missurus
1553 1516 1614 1556 es
1665 1517 1877 1556 mecum
1915 1541 1930 1569 ,
1975 1503 2277 1572 praasertim

631 1641 634 1644 .
703 1609 830 1646 cum
879 1593 1127 1647 dixeris:
1189 1591 1323 1646 Novi
1383 1599 1436 1647 te
1487 1608 1551 1647 ex
1618 1593 1857 1657 nomine,
1913 1603 1965 1648 et
2021 1593 2278 1648 invenisti

1433 284 1699 342 EUSEBH
1740 284 2219 343 C;ES.\RIENSIS
2255 285 2404 340 OPP.
2443 283 2628 339 PARS
2671 283 3246 340 lll.—EXEGETICA.

2316 405 2363 459 Α

3710 296 3805 349 ιθω

2901 396 3290 450 ΚΕΦΑΛΑΙΟΝ
3330 396 3424 449 ΙΒ.

2461 508 2478 538 ‹
2502 489 2691 543 Ἠνίκα
2712 489 2756 542 δ’
2782 488 2847 542 ἂν
2872 489 3082 560 εἰσῆλθε
3099 489 3336 558 Μωῦσῆς
3353 491 3426 550 είς
3442 491 3526 559 τὴν
3553 493 3806 561 animm-

2387 580 2597 634 έ6αινεν
2645 583 2673 634 ὁ
2726 580 2914 644 στῦλος
2951 581 3051 651 τῆς
3092 579 3338 648 νεφέλης,
3376 580 3461 631 καὶ
3493 581 3638 635 ἵστατο
3666 585 3807 639 ἐπὶτῶν

2384 674 2561 744 θυρῶν
2590 673 2689 743 τῆς
2723 675 2924 744 σκηνῆς
2942 715 2956 737 ν
2989 674 3084 727 καὶ
3109 673 3336 736 στάντες
3359 675 3386 724 ὁ
3410 673 3519 736 λαὸς
3537 712 3551 735 ,
3577 679 3805 745 προσεκύνη-

2385 783 2483 818 σαν
2529 767 2756 830 ἕκαστος
2799 767 2905 820 άπὸ
2951 765 3048 835 τῆς
3094 766 3314 834 σκηνῆς.
3353 765 3454 816 Καὶ
3487 765 3659 837 ἐλάληςε
3676 768 3808 840 Κύριος

2383 859 2517 928 πρὸς
2545 859 2781 928 Μωῡσῆν
2808 898 2822 922 ,
2858 856 3085 920 ἐνώπιος
3113 858 3329 927 ὲνωπίῳ
3351 898 3365 920 ,
3403 859 3471 921 ὡς
3505 862 3546 910 ει
3574 860 3734 930 itaita:
3759 883 3808 924 τις

2383 949 2518 1019 πρὸς
2549 948 2698 1017 φίλον
2733 947 2927 1000 ἑαυτοῦ
2948 965 2962 977 ·
2991 947 3083 1000 καὶ
3105 947 3471 1018 ἀπηλλάττετο
3493 951 3560 1011 εἰς
3576 951 3650 1020 τὴν
3671 969 3807 1022 παρεμ-

2381 1037 2541 1108 ϐολήν
2562 1052 2575 1066 ’
2609 1040 2637 1091 ὁ
2679 1038 2735 1090 δὲ
2776 1036 3026 1108 Θεράπων
3059 1037 3225 1090 αὑτοῦ
3269 1036 3462 1107 Ἰησοῦς
3489 1041 3580 1102 υἱὸς
3611 1042 3720 1110 Ναυῆ
3748 1046 3807 1094 οὐκ

2380 1129 2732 1201 ἐξεπορεύετο
2765 1130 2829 1181 ἐκ
2858 1129 2959 1199 τῆς
2989 1128 3217 1199 σκηνῆς.
3252 1129 3356 1182 Καὶ
3375 1125 3484 1183 εἷπε
3514 1133 3699 1201 Minori};
3727 1137 3807 1204 πρὸς

2379 1223 2603 1294 Κύριοψ
2635 1222 2786 1286 Ἰδοὺ,
2823 1222 2887 1274 σὺ
2918 1221 3091 1290 λέγεις
3127 1239 3240 1292 μοι·
3260 1222 3507 1291 Ἀνάγαγε
3528 1226 3600 1276 τὸν
3624 1227 3713 1279 λαὸν
3736 1232 3807 1280 τοῖ-

2375 1337 2488 1384 τον,
2521 1321 2585 1373 σὺ
2618 1318 2676 1371 δὲ
2702 1319 2801 1371 ούκ
2838 1317 3112 1389 ὲδήλωσάς
3152 1335 3242 1387 μοι
3262 1299 3287 1382 ,⁸
3308 1316 3363 1370 ὃν
3390 1319 3449 1370 σὺ
3479 1319 3721 1383 accersiti;
3738 1325 3806 1390 μετ’

2377 1411 2542 1482 ὲμοῦ’
2593 1412 2656 1464 σὺ
2700 1409 2756 1462 δέ
2791 1427 2881 1480 μοι
2924 1404 3084 1472 εἶπας
3108 1423 3123 1436 ·
3160 1404 3292 1463 Οἶδά
3325 1425 3380 1462 σε
3408 1411 3540 1480 παρὰ
3566 1412 3806 1474 πάντας,κ;ὶ

2377 1504 2520 1574 ἔχεις
2567 1503 2726 1574 χάριν
2763 1501 2894 1572 παρ’
2918 1501 3059 1572 ἐμοί.
3087 1503 3151 1554 Ei
3181 1497 3275 1555 οὖν
3303 1502 3495 1573 εὕρηκα
3517 1504 3641 1571 χάριν
3660 1505 3805 1556 ἐναντίον

2377 1615 2494 1658 σου,
2529 1595 2826 1667 ἐμφάνισον
2862 1613 2952 1666 μοι
2982 1595 3211 1648 σεαυτόν
3235 1613 3246 1624 ·
3273 1596 3510 1662 γνωστῶς
3536 1596 3616 1648 ἴδω.
3637 1613 3700 1657 σε,
3718 1598 3805 1658 ita;

699 1686 934 1752 gratiam
967 1699 1153 1737 coram
1189 1699 1294 1738 me.
1334 1682 1391 1736 Si
1421 1699 1551 1753 ergo
1585 1685 1763 1739 inveni
1798 1686 2028 1754 gratiam
2061 1686 2116 1739 in
2144 1702 2260 1741 con-

2243 1714 2276 1733 -
2301 1693 2338 1759 '_
2380 1689 2444 1743 ἂν
2476 1684 2519 1741 ὦ
2546 1687 2794 1759 εὑρηκὼς
2835 1686 2992 1758 χάριν
3020 1687 3263 1740 ἐναντίον
3299 1703 3418 1749 σου,
3455 1688 3535 1739 καὶ
3565 1689 3630 1739 ἵνα
3663 1688 3738 1754 Tu?)
3760 1691 3804 1739 Et:

699 1788 888 1845 spectu
917 1783 1032 1838 tuo,
1075 1777 1302 1831 ostende
1348 1777 1481 1830 mihi
1542 1776 1734 1831 faciem
1769 1787 1956 1842 tuam,
2015 1786 2072 1831 ut
2107 1780 2260 1832 scian

2244 1794 2278 1831 ι)
2309 1757 2350 1812 Β
2379 1781 2502 1844 λαός
2537 1757 2628 1833 σου
2661 1757 2722 1832 τὸ
2749 1757 2921 1843 ἔθνος
2941 1778 3117 1831 τοῦτο.
3175 1780 3286 1832 Καὶ
3329 1779 3485 1846 λέγει·
3524 1781 3652 1841 Αὐτὸς
3681 1797 3805 1849 προπερ

701 1888 773 1941 te,
807 1884 856 1931 el
885 1875 1157 1930 inveniam
1196 1877 1425 1946 gratiam
1473 1883 1598 1930 ante
1628 1875 1817 1931 oculos
1846 1883 1970 1930 tuos
2003 1893 2018 1929 :
2070 1876 2281 1946 respice

700 1970 963 2038 populum
1001 1978 1152 2022 tuum
1203 1977 1416 2038 gentem
1453 1968 1611 2024 hanc.
1668 1967 1922 2038 Dixitque
1976 1966 2276 2024 Dominus:

703 2060 894 2114 Facies
935 2076 1054 2116 mea
1090 2060 1357 2130 pi'zecedet
1403 2073 1474 2124 te,
1510 2071 1563 2116 et
1596 2061 1839 2131 requiem
1885 2061 2028 2116 dabo
2063 2063 2181 2116 tibi.
2214 2061 2279 2116 Et

699 2155 776 2206 ait
807 2151 1061 2225 Moyses:
1102 2153 1158 2207 Si
1211 2169 1318 2208 non
1351 2162 1406 2207 tu
1453 2155 1571 2224 ipse
1627 2154 1926 2224 praecedas,
1963 2170 2031 2209 ue
2077 2155 2279 2210 educas

700 2261 804 2301 nos
835 2246 902 2300 de
935 2247 1056 2300 loco
1086 2246 1211 2301 isto.
1249 2247 1305 2301 lu
1339 2261 1449 2317 quo
1503 2248 1645 2301 enim
1681 2249 1823 2302 scire
1854 2248 2150 2316 poterimus
2179 2263 2278 2318 ego

695 2346 752 2391 et
780 2340 1013 2409 populus
1040 2347 1166 2394 tuus
1197 2341 1474 2394 invenisse
1505 2355 1606 2394 nos
1639 2341 1866 2410 gratiam
1900 2341 1954 2394 in
1981 2348 2277 2411 conspectu

697 2443 814 2496 tuo,
847 2433 954 2487 nisi
980 2432 1346 2487 ambulaveris
1375 2434 1686 2495 nobiscum,
1725 2442 1783 2486 ut
1812 2429 2177 2504 glorificemur
2211 2433 2278 2487 ab

696 2525 952 2579 omnibus
987 2525 1202 2594 populis
1231 2526 1322 2595 qui
1364 2525 1610 2580 habitant
1649 2541 1812 2596 super
1861 2534 2086 2580 terram.
2134 2524 2278 2578 Dixit

698 2624 881 2670 autem
933 2616 1200 2671 Dominus
1253 2618 1318 2671 ad
1381 2616 1661 2687 Moysem:
1711 2617 1773 2670 Et
1824 2619 2047 2670 verbum
2106 2616 2273 2680 istud,

696 2708 843 2778 quod
875 2708 1092 2763 locutus
1121 2724 1204 2772 es,
1259 2708 1455 2763 faciam
1491 2728 1502 2762 :
1556 2710 1813 2763 invenisti
1854 2709 1998 2763 enim
2047 2711 2274 2778 gratiam

693 2824 883 2863 coram
927 2825 1034 2873 me,
1069 2817 1123 2863 et
1173 2810 1446 2880 te-ipsum
1481 2810 1604 2862 novi
1635 2827 1697 2864 ex
1740 2810 1980 2865 nomine.
2025 2809 2126 2876 Qui
2158 2813 2270 2866 ait:

694 2900 940 2957 Ostende
974 2902 1105 2955 mihi
1131 2902 1361 2971 gloriam
1389 2912 1559 2958 tuam.
1587 2901 1890 2972 RCSpondit
1918 2923 1931 2958 :
1960 2906 2071 2975 Ego
2099 2917 2278 2961 osten-

694 2995 820 3047 dam
861 3007 1022 3045 onme
1052 2991 1254 3046 bonum
1306 2993 1425 3055 tibi,
1461 3003 1516 3047 et
1548 2995 1755 3049 vocabo
1805 2995 1859 3048 in
1910 2997 2131 3052 nomine
2165 2997 2273 3053 Do-

2381 1875 2641 1946 ρεύσομαι
2676 1875 2766 1927 καὶ
2798 1872 3134 1928 καταπαύσω
3163 1889 3244 1925 σε.
3280 1874 3389 1926 Καὶ
3422 1872 3667 1941 λέγειπρὸς
3687 1874 3806 1924 αὐτόν·

2379 1970 2440 2022 Εἰ
2472 1969 2546 2039 μὴ
2573 1968 2730 2032 αὐτὸς
2763 1969 2826 2019 σὺ
2858 1967 3203 2039 συμπορεύῃ,
3244 1967 3317 2036 μή
3345 1983 3410 2035 με
3453 1967 3664 2036 ἀναγάγῃς
3692 1966 3807 2017 ἐντεῦ-

2379 2062 2489 2114 θεν.
2526 2061 2635 2113 Καὶ
2667 2059 2786 2122 πῶς
2809 2058 3045 2126 γνωστὸν
3072 2059 3228 2110 ἔσται
3255 2060 3334 2111 ὃτι
3361 2058 3546 2129 εὕρηκα
3579 2057 3695 2126 χάριν
3718 2059 3806 2128 ταρὰ

2380 2152 2462 2205 σοὶ
2489 2150 2598 2220 ἐγὼ
2631 2153 2726 2204 καὶ
2766 2153 2794 2203 ὁ
2822 2150 2948 2212 λαός
2979 2167 3070 2202 σου
3098 2193 3112 2216 ,
3141 2149 3257 2203 ἀλλ’
3289 2150 3321 2220 ἥ
3353 2149 3730 2221 συμπορευομένον
3753 2165 3803 2199 πυ

2381 2243 2495 2314 μεθ’
2526 2242 2714 2314 ἡμῶν;
2747 2243 2841 2295 καὶ
2873 2240 3377 2313 ὲνδοξασθησόμεθα
3401 2241 3499 2309 ἐγώ
3519 2257 3566 2293 τε
3596 2242 3700 2292 καὶό
3731 2239 3803 2300 λις

2380 2353 2471 2389 σου
2504 2334 2653 2407 παρὰ
2685 2335 2861 2388 πάντα
2891 2333 2960 2386 τὰ
2993 2333 3144 2402 ἔθνη,
3174 2334 3276 2387 ὅσα
3308 2335 3395 2386 ἐπὶ
3415 2335 3502 2404 τῆς
3523 2333 3717 2401 γῆςὲστι.
3743 2331 3802 2381 Καὶ

2378 2425 2528 2481 εἶπεν
2552 2430 2579 2480 ὁ
2607 2427 2808 2498 Κύριος
2836 2428 2972 2500 πρὸς
2991 2427 3261 2496 Μωῡσῆν·
3295 2429 3399 2480 Καὶ
3427 2426 3641 2492 τὸνλόγον
3663 2441 3716 2475 σοι
3736 2422 3801 2472 rei

2377 2537 2488 2584 τον,
2518 2519 2574 2572 ὃν
2601 2519 2848 2590 εἴρηκας,
2875 2520 3084 2588 ποιήσω
3106 2535 3118 2547 ⁸
3150 2519 3389 2589 εὕρηκας
3409 2517 3506 2587 γάρ
3525 2516 3646 2585 χάριν
3666 2511 3801 2565 Evt-32:61:

2381 2631 2502 2684 μου,
2540 2613 2632 2665 καὶ
2658 2607 2774 2665 οἶδά
2803 2628 2860 2663 σε
2890 2611 3041 2681 παρὰ
3075 2611 3307 2675 πάντας,
3334 2611 3422 2663 καὶ
3450 2611 3570 2678 ἔχεις
3603 2607 3714 2676 χάριν
3730 2603 3799 2670 παρ’

2377 2708 2519 2778 ἐμοί.
2549 2706 2656 2758 Καὶ
2684 2700 2833 2758 εἶπεν
2853 2720 2864 2730 ·
2898 2702 3080 2769 Δεῖξνεν
3114 2720 3206 2771 μοι
3231 2704 3329 2774 τὴν
3363 2699 3561 2755 σεαυτοῦ
3587 2698 3712 2764 θίξιν.
3743 2697 3799 2748 Καὶ

2377 2797 2547 2854 εἶπεν·
2584 2797 2723 2866 Ἐγὼ
2773 2797 3182 2870 παρελεύσομαι
3231 2796 3479 2868 πρότερος
3516 2797 3571 2864 τῇ
3610 2792 3698 2862 δόξῃ
3731 2806 3796 2858 μω,

2376 2892 2468 2946 καὶ
2517 2891 2729 2943 καλέσω
2776 2892 2830 2942 ἐν
2873 2888 3096 2958 ὀνόματι
3149 2888 3356 2958 Κυρίου
3399 2887 3602 2939 ἐναντίον
3636 2898 3720 2934 σοψ
3749 2879 3797 2930 ul

2375 2985 2602 3055 ὲλεήσω,
2631 2983 2689 3035 ὃν
2714 2982 2779 3035 ἂν
2809 2980 2961 3044 ἐλεῶ,
2997 2980 3091 3033 καὶ
3116 2982 3458 3051 οἰκτειρήσω,
3484 2979 3534 3033 ὃν
3560 2978 3611 3032 ἂν
3631 2973 3792 3041 οἰκτείρω

692 3086 828 3140 ιηίηἱ
855 3100 1041 3139 coram
1075 3095 1164 3139 te:
1203 3094 1259 3140 et
1298 3087 1602 3141 miserebor
1637 3089 1728 3142 cui
1763 3088 2007 3150 voluero,
2055 3099 2108 3144 et
2161 3092 2253 3146 cle'

2233 3108 2272 3146 ε-
2303 3099 2346 3156 C
2378 3079 2488 3130 Καὶ
2519 3072 2688 3129 εἶπεν⁸
2713 3075 2786 3128 Ού
2815 3073 3017 3144 δυνήσῃ
3051 3072 3178 3125 ἰδεῖν
3203 3073 3264 3124 τὸ
3289 3071 3552 3142 πρόσωπόν
3576 3085 3670 3140 μου·
3689 3067 3727 3119 οὗ
3741 3067 3794 3130 γὰρ

693 3196 850 3235 mens
880 3195 975 3234 ero
1007 3179 1063 3233 in
1085 3196 1247 3250 quem
1281 3180 1412 3234 mihi
1451 3182 1734 3250 placuerit.
1775 3181 2123 3254 Rursumque
2157 3185 2270 3239 ait:

691 3273 813 3329 Non
855 3274 1058 3345 poteris
1099 3272 1286 3328 videre
1319 3272 1510 3327 faciem
1541 3289 1717 3328 meam
1746 3290 1761 3328 :
1799 3292 1906 3330 non
1942 3277 2085 3330 enim
2125 3277 2276 3330 vide-

696 3365 778 3420 bit
811 3380 898 3420 me
925 3365 1111 3429 homo,
1145 3373 1199 3420 et
1235 3365 1400 3420 vivet.
1455 3363 1519 3417 Et
1571 3364 1766 3420 iterum
1799 3385 1813 3420 :
1862 3366 2023 3432 Ecce,
2077 3370 2272 3438 inquit,

691 3475 778 3521 est
841 3465 998 3522 locus
1030 3464 1175 3537 apud
1230 3482 1336 3531 me,
1369 3474 1423 3521 et
1454 3467 1629 3522 stabis
1694 3484 1857 3537 supra
1915 3479 2166 3540 petram;
2221 3480 2275 3527 et

691 3569 973 3633 protegam
1037 3559 1263 3614 dextera
1325 3575 1445 3614 mea
1477 3599 1492 3624 ,
1544 3559 1718 3614 donec
1782 3568 2098 3616 transeam:
2165 3565 2273 3618 tol-

661 3697 670 3714 .-
701 3665 922 3735 Iamque
948 3678 1171 3716 manum
1201 3677 1400 3726 meam,
1429 3671 1484 3717 et
1524 3663 1738 3719 videbis
1767 3667 2068 3734 posteriora
2111 3684 2230 3724 mea
2256 3691 2269 3724 :

691 3756 893 3812 faciem
931 3762 1116 3810 autem
1161 3770 1337 3810 meam
1389 3754 1576 3810 videre
1628 3771 1738 3810 non
1783 3760 1991 3828 poteris
2031 3761 2120 3827 ";
2161 3781 2179 3812 ›
2219 3770 2273 3814 et

689 3858 930 3928 reliqua.
987 3854 1198 3922 Quibus
1261 3854 1450 3910 addit:
1512 3873 1531 3907 ς
1602 3854 1848 3927 Cumque
1900 3858 2273 3918 descendisset

690 3949 958 4006 Dominus
985 3965 1082 4022 per
1112 3949 1335 4014 nubem,
1365 3949 1515 4004 stetit
1555 3947 1770 4021 Moyses
1813 3966 1939 4006 cum
1974 3968 2062 4016 eo,
2118 3956 2273 4011 invo-

691 4063 828 4103 cans
867 4061 1069 4101 nomen
1114 4031 1352 4100 Domini.
1406 4042 1528 4114 Quo
1577 4056 1897 4104 transeunte
1947 4064 2132 4104 coram
2183 4064 2269 4114 eo,

695 4141 818 4195 ait:
872 4139 1193 4194 Dominator
1245 4137 1475 4194 Domine
1525 4139 1689 4205 Deus,
1729 4141 2043 4198 misericors
2075 4153 2129 4196 et
2161 4143 2273 4198 cle-

691 4248 874 4297 mens,
908 4232 1124 4302 patiens
1151 4239 1206 4287 et
1236 4233 1421 4286 multa:
1445 4231 1835 4298 miserationis,
1866 4250 1930 4288 ac
1957 4251 2145 4300 verax,
2179 4237 2271 4306 qui

694 4324 947 4380 custodis
980 4323 1417 4380 misericordiam
1457 4325 1514 4384 in
1558 4325 1766 4381 millia:
1819 4327 1914 4396 qui
1947 4329 2130 4384 aufers
2169 4329 2272 4382 ini-

693 4417 984 4488 quitatem,
1015 4426 1070 4471 et
1089 4415 1322 4482 scelera,
1350 4424 1513 4488 atque
1540 4426 1784 4488 peccata,
1813 4420 2106 4491 nullusque
2128 4421 2271 4491 apud

691 4517 749 4565 te
780 4524 876 4578 per
915 4523 974 4564 se
1001 4507 1269 4565 innocens
1299 4517 1415 4577 est;
1448 4509 1544 4580 qui
1579 4510 1762 4566 reddis
1796 4512 2138 4583 iniquitatem
2171 4530 2268 4584 pa—

692 4608 842 4656 trum
902 4600 1030 4656 liliis
1080 4607 1144 4655 ac
1199 4601 1490 4672 nepotibus
1537 4604 1590 4656 in
1645 4604 1859 4658 tertiam
1910 4612 1966 4660 et
2016 4614 2266 4676 quartam

692 4697 1034 4769 progeniem.
1063 4696 1428 4770 Festinusque
1459 4700 1670 4774 Moyses
1710 4711 1972 4760 curvatus
2003 4714 2088 4761 est
2143 4723 2271 4776 pro-

692 4805 800 4846 nus
823 4791 877 4845 in
909 4798 1134 4854 terram,
1186 4800 1240 4846 et
1273 4793 1511 4849 adorans
1562 4796 1678 4851 ait:
1718 4795 1774 4851 Si
1816 4798 1998 4852 inveni
2037 4800 2268 4869 gratiam

695 4884 753 4939 in
799 4894 1102 4954 conspectu
1153 4894 1270 4950 tuo,
1325 4886 1572 4954 Domine,
1625 4891 1856 4947 obsecro
1904 4902 1962 4946 ut
2004 4893 2273 4963 gradiaris

691 4975 986 5034 nobiscum
1043 4975 1182 5031 facie
1235 4977 1302 5031 ad
1340 4978 1532 5033 faciem
1559 4980 1623 5034 ’³.
1663 5000 1682 5030 ι
1737 4980 1950 5054 Moyses
1994 4998 2119 5037 cum
2162 4985 2271 5039 Deo

692 5069 999 5124 collocutus
1057 5069 1333 5126 inducitur
1381 5089 1443 5127 ea
1498 5073 1694 5128 fiducia
1727 5082 1781 5130 et
1836 5076 2105 5140 libertate,
2165 5095 2271 5149 qua

695 5166 945 5215 uteretur
973 5161 1183 5216 amicus
1218 5178 1341 5216 cum
1383 5163 1561 5216 amico
1594 5165 1975 5223 confabulans.
2033 5170 2271 5239 Apparet

696 5262 878 5308 autem
907 5267 975 5307 ex
1005 5253 1129 5309 istis
1154 5270 1264 5308 non
1293 5253 1578 5325 Propheta:
1613 5272 1974 5328 progressus;
2005 5263 2099 5316 sed
2132 5274 2274 5333 post-

694 5369 859 5424 quam
892 5354 1216 5424 loquebatur
1241 5354 1292 5410 ei
1319 5354 1582 5411 Dominus
1622 5356 1762 5413 facie
1788 5359 1857 5414 ad
1911 5359 2128 5426 faciem,
2161 5380 2270 5420 non

694 5456 878 5502 tamen
913 5461 1154 5517 unquam
1200 5447 1353 5504 visus
1403 5457 1488 5503 est
1534 5450 1585 5504 ei
1633 5450 1780 5506 sicut
1827 5453 2160 5522 Abrahamo,
2217 5468 2271 5513 et

696 5546 886 5602 lsaaco
913 5557 968 5603 et
997 5545 1226 5604 Iacobo.
1260 5549 1432 5620 Cujus
1480 5549 1648 5619 igitur
1677 5551 1909 5622 gratiam
1945 5557 2150 5624 expetit
2184 5559 2268 5611 di-

693 5653 832 5719 cens
884 5658 898 5694 :
958 5658 976 5691 ι
1040 5640 1097 5694 Si
1158 5642 1340 5696 inveni
1400 5643 1632 5713 gratiam
1685 5643 1740 5698 in
1794 5655 2090 5716 conspectu
2153 5660 2266 5715 tuo,

687 5797 712 5834 δ
757 5755 816 5830 ,³³
854 5751 1026 5808 Exod.
1061 5757 1272 5826 xxxmj,
1307 5739 1462 5813 9—25.
1543 5758 1589 5791 ”
1629 5756 1799 5814 Exod-
1845 5775 2044 5822 XXXI".
2080 5762 2200 5818 5-9-

2379 3170 2449 3240 μὴ
2477 3168 2561 3241 ἴδῃ
2579 3168 2638 3220 τὸ
2654 3166 2943 3238 πρόσωπόν
2968 3181 3066 3235 μου
3086 3165 3372 3236 ἄνθρωπος
3407 3164 3470 3233 (f.
3496 3165 3550 3218 i0
3566 3157 3795 3229 νομαὶξῆεἳο

2373 3278 2479 3312 ται.
2533 3259 2641 3311 Καὶ
2681 3255 2800 3311 εἷπε
2847 3259 3070 3331 Κύριος·
3109 3259 3265 3323 Ἰδοὺ,
3294 3261 3449 3321 τόπος
3487 3255 3592 3327 παρ’
3617 3252 3718 3320 ἐμοὶ,
3747 3247 3793 3295 Ui

2377 3354 2545 3423 στήσῃ
2576 3352 2667 3404 ἐπὶ
2691 3353 2788 3422 τῆς
2820 3351 3042 3419 πέτρας·
3069 3353 3159 3405 καὶ
3184 3352 3436 3405 σκεπάσω
3456 3353 3514 3420 τῇ
3540 3346 3649 3417 χειρί
3671 3339 3794 3413 ponii:

2377 3441 2456 3504 σὲ,
2505 3442 2609 3505 ἕως
2640 3441 2706 3495 ἂν
2748 3441 3017 3513 παρέλθω.
3054 3444 3162 3497 Καὶ
3219 3443 3398 3514 ἀφελῶ
3444 3441 3529 3512 τὴν
3576 3436 3690 3508 χεῖρά
3720 3445 3793 3501 μω.

2374 3535 2469 3586 καὶ
2495 3533 2612 3586 τότε
2637 3533 2741 3604 ὄψῃ
2780 3535 2848 3586 τὰ
2877 3534 3050 3588 ὀπίσω
3081 3554 3184 3606 μου
3202 3555 3215 3566 ·
3237 3537 3299 3589 τὸ
3325 3536 3378 3589 δὲ
3409 3531 3648 3606 πρόσωπόν
3664 3541 3727 3596 μην
3741 3522 3793 3571 ei:

2373 3624 2668 3698 ὀφθήσεταί
2729 3643 2832 3690 σοι,
2870 3647 2888 3678 ι
2922 3628 3014 3680 καὶ
3057 3627 3125 3680 τά
3179 3629 3326 3700 ἑξῆς,
3359 3610 3793 3691 οἷςἜπιφέρειοιΚέι

2373 3718 2578 3789 κατέϐη
2625 3717 2828 3790 Κύριος
2855 3719 2912 3771 ἐν
2942 3720 3139 3792 νεφέλῃ
3159 3763 3175 3785 ,
3210 3723 3306 3774 καὶ
3335 3719 3556 3792 παρέστη
3579 3709 3685 3780 αὑτῷ
3707 3706 3790 3758 ἐκεῖ⁸

2375 3811 2466 3863 καὶ
2499 3811 2757 3864 ἐκάλεσεν
2788 3815 2845 3865 ὲν
2878 3812 3100 3882 ὀνόματι
3134 3813 3340 3885 Κυρίου
3360 3830 3372 3842 ·
3404 3812 3489 3864 καὶ
3514 3803 3713 3877 παρῆλθεν
3733 3795 3792 3848 Κέ-

2378 3919 2489 3973 ριος
2538 3903 2644 3974 πρὸ
2693 3903 2984 3973 προσώπου
3039 3905 3242 3971 αὐτοῦ,
3297 3907 3386 3959 καὶ
3432 3903 3642 3958 ἐκάλεσε⁶
3676 3891 3791 3959 Κέρεκ

2373 3991 2576 4063 Κύριος
2606 3994 2635 4045 ὁ
2663 3993 2796 4056 Θεὸς
2832 3993 3128 4066 οἰκτίρμων
3169 3998 3264 4048 καὶ
3304 3995 3544 4065 ἐλεήμων,
3571 3983 3788 4059 μικρέθυμτ

2373 4085 2467 4136 καὶ
2492 4084 2775 4148 πολυέλεος
2797 4087 2888 4139 x‘al.
2911 4086 3161 4157 ἀληθινὸς
3183 4090 3275 4140 καὶ
3296 4085 3599 4152 δικαιοσύνην
3612 4081 3785 4140 διατηρῶν

2373 4176 2542 4228 ποιῶν
2573 4176 2717 4240 ἕλεος
2747 4179 2827 4240 εἰς
2855 4178 3098 4248 χιλιάδας
3118 4221 3131 4242 ,
3174 4181 3419 4252 ἀφαιρῶν
3446 4175 3631 4246 ἀνομίας
3649 4169 3710 4221 καὶ
3729 4161 3786 4216 ἅδ’

2374 4269 2498 4330 acia;
2524 4269 2618 4322 καὶ
2666 4271 2938 4341 ἁμαρτίας
2963 4312 2976 4333 ,
3019 4274 3112 4326 καὶ
3152 4275 3244 4326 τὸν
3272 4274 3442 4343 ἔνοχον
3469 4271 3521 4323 οὐ
3548 4256 3782 4330 καθαριεῖ

2373 4363 2522 4430 άΥων
2551 4363 2778 4432 ἀνομίας
2799 4363 3052 4435 πατέρων
3075 4367 3165 4419 ἐπὶ
3193 4367 3378 4430 τέκνα,
3403 4363 3487 4416 καὶ
3511 4359 3585 4412 ἐπὶ
3606 4355 3720 4408 τέκνα
3739 4347 3778 4394 τέ·

2303 4473 2348 4530 υ
2375 4472 2537 4518 κνων,
2569 4456 2661 4508 ἐπὶ
2691 4457 2881 4528 τρίτην
2900 4459 2992 4510 καὶ
3015 4459 3108 4511 ἐπὶ
3135 4460 3397 4529 τετάρτην
3412 4435 3777 4530 nosam“!

2378 4559 2478 4607 σας
2505 4525 2744 4617 Μωῦσῆς
2773 4525 2951 4617 κύψας
2976 4549 3068 4602 ἐπὶ
3105 4549 3204 4620 τὴν
3234 4525 3335 4621 γῆν
3355 4525 3713 4620 προσεκύνησεν.
3733 4525 3776 4578 τέ

2377 4630 2530 4688 εἶπεν
2554 4654 2567 4668 ο
2596 4637 2658 4690 Εἰ
2686 4638 2749 4708 δὴ
2773 4637 2985 4710 εὕρηκα
3007 4641 3164 4712 χάριν
3191 4641 3410 4695 ἐνώπιόν
3439 4657 3536 4700 σου,
3560 4633 3693 4701 Κύριε.
3710 4637 3776 4714 πῖ

2377 4730 2671 4801 πορεύθητι
2697 4731 2812 4802 μεθ’
2844 4732 2999 4803 ἡμῶν
3022 4734 3252 4798 ὲνώπιος
3281 4734 3496 4802 ὲνωπίῳ.
3522 4749 3538 4781 ι
3569 4717 3773 4782 Malim-1“?

2377 4824 2497 4895 Θεῷ
2529 4825 2702 4880 λαλῶν
2729 4827 3146 4899 ἀναγέγραπται
3181 4828 3316 4900 μετὰ
3345 4828 3551 4896 θάρσους
3572 4815 3641 4872 καὶ

2378 4917 2500 4980 σίας
2526 4919 2812 4990 τοσαύτης,
2845 4898 3037 4976 ὁποίαν
3063 4898 3260 4990 ἀγάχοι
3288 4921 3352 4974 ἂν
3381 4918 3462 4972 καὶ
3491 4911 3612 4982 φίλος
3634 4918 3687 4963 τις
3705 4898 3769 4990 ἀφ

2345 5009 2574 5080 ⁴ὁμιλῶν
2602 4982 2807 5065 ἑαυτοῦγ
2829 5013 2988 5084 φίλῳ.
3021 4982 3365 5086 Ἑμίφάίνεται
3399 5011 3448 5064 δὲ
3485 5006 3557 5060 διὰ

2373 5102 2405 5170 ἡ
2436 5101 2672 5173 τυχοῦσα
2712 5103 2807 5157 τοῦ
2842 5081 3146 5178 Προφήτου
3170 5107 3440 5178 προκοπή·
3463 5098 3557 5154 ἀλλ’
3580 5081 3767 5188 mi

2378 5194 2475 5263 μὲν
2503 5195 2652 5266 αὐτῷ
2680 5198 2883 5268 Κύριος
2909 5198 3138 5263 ὲνώπιος
3162 5200 3385 5268 ὲνωπίῳ,
3413 5196 3465 5248 οὗ
3494 5189 3579 5262 μὴν
3603 5181 3670 5272 υἱέ

2379 5255 2465 5338 πω
2486 5255 2634 5358 αὑτῷ
2664 5255 2877 5359 ὁμοίως.
2889 5291 2966 5362 τῷ
2999 5255 3245 5364 Ἀϐραὰμ
3269 5255 3356 5346 καί
3375 5255 3633 5341 ’Ἰσαάκκώ
3650 5255 3756 5364 Ίιιξίί

2373 5378 2564 5433 τούτου
2591 5380 2654 5451 δὴ
2688 5383 2846 5453 χάριν
2891 5361 3034 5451 ἀξιοῖ
3075 5361 3264 5453 λέγων·
3301 5403 3318 5433 ι
3347 5382 3402 5434 El
3429 5378 3484 5447 δὴ
3516 5361 3769 5462 εὕρηκ’,χᾱέ

2375 5472 2615 5527 ἐναντίον
2641 5441 2776 5541 ,Ι
2812 5441 3107 5548 ἐμφάνισον
3147 5441 3238 5550 po:
3280 5441 3495 5534 σεαυτὸν.

2377 5580 2456 5618 σε.
2487 5585 2505 5618 ι
2543 5569 2620 5619 Δι’
2648 5563 2709 5622 οὗ
2735 5570 3060 5643 παρίστησιν
3089 5573 3171 5626 ὅτι
3205 5570 3276 5642 μὴ
3305 5566 3480 5638 ὁμοίως
3501 5559 3563 5628 τῷ
3581 5549 3767 5643 λαλεῖν

2374 5657 2448 5727 τῷ
2484 5659 2574 5713 καὶ
2615 5659 2712 5725 τὰς
2759 5664 2892 5734 πρὸς
2936 5666 3093 5718 αὑτὸν
3125 5664 3420 5737 ἐπιφανείας
3446 5661 3470 5710 ὁ
3495 5650 3594 5709 Θεδξ
3817 5639 3823 5702 Ὗ
