3952 6198
294 224 318 277 1
330 226 419 279 064

1340 236 1633 292 ΕΩΙιΟΟἉΕ
1678 237 2154 297 ΡΒΟΡΙΙΕΤΙΟΑΞ.
2199 276 2264 282 --
2303 244 2432 298 LIB.
2476 245 2516 299 l.

3405 245 3544 297 1062

296 348 355 400 Εί
383 348 511 421 γάρ,
542 350 616 414 ὡς
646 352 913 422 νομίσειεν
937 372 1039 417 τις,
1069 357 1261 408 ταυτόν
1290 361 1402 412 ἐστι
1431 361 1490 413 τὸ
1514 361 1853 431 λελαληκέναι

1965 363 2195 418 ostende
2229 366 2359 418 mihi
2414 366 2607 419 faciem
2646 376 2815 431 tuam,
2854 374 2913 419 ut
2948 367 3116 419 sciam
3159 373 3230 418 te.
3274 384 3290 415 ›
3332 365 3543 419 Exinde

294 438 439 510 αὐτῷ
464 441 553 495 τὸν
568 441 698 496 Θεὸν
722 464 739 494 ‹
759 443 986 498 ἐνώπιον
1015 448 1229 518 ἐνωπίῳ
1256 473 1273 499 ι
1413 444 1590 520 ὦφθαι
1608 453 1774 524 αὐτῷ,
1792 454 1866 516 ὡς

296 532 359 586 ἂν
388 533 527 586 εἴποι
555 551 657 597 τις,
680 538 997 607 «πρόσωπον
1027 538 1161 608 πρὸς
1180 540 1488 610 πρόσωπον,
1517 563 1533 593 ι
1554 544 1646 595 καὶ
1669 545 1795 597 ποία
1822 545 1866 598 δ’

292 622 355 676 ἂν
400 624 480 677 ἔτι
535 626 687 698 χώρα
731 627 965 681 λείποιτο
1010 633 1073 702 τῇ
1121 633 1407 707 φασκούσῃ
1449 634 1611 688 αὑτοῦ
1647 635 1866 702 ἀξιώσει

290 718 369 771 τόο
411 737 430 767 ί
464 719 523 771 Εἰ
573 719 637 790 δὴ
668 719 876 793 εὕρηκα
914 723 1072 794 χάριν
1127 725 1366 800 ἐναντίον
1412 744 1537 791 σου,
1571 729 1867 798 ὲμφάνισόν

293 825 377 878 μοι
418 810 658 872 σεαυτὸν,
688 811 941 877 γνωστῶς
972 812 1066 866 ἴδω
1094 831 1182 880 σε;
1228 835 1246 868 ι
1284 816 1400 881 πῶς
1429 819 1505 883 δὲ,
1538 820 1585 871 εί
1614 821 1705 873 καὶ
1730 821 1865 895 πρό-

290 918 442 973 τερον
483 902 631 972 αὐτῷ
679 904 966 975 πρόσωπον
1018 906 1154 977 πρὸς
1202 909 1491 979 πρόσωπον
1541 913 1616 976 ὡς
1656 913 1862 985 οἰηθείη

293 992 354 1045 ἄν
406 1010 507 1056 τις,
552 994 791 1066 ἑωρᾶτο,
845 998 1093 1069 ἐπιφέρει
1149 999 1319 1068 λέγων
1365 1003 1512 1073 αύτῷ
1558 1006 1585 1057 6
1632 1006 1861 1076 Κύριος⁸

296 1101 312 1131 ι
346 1083 419 1136 Οὐ
454 1083 659 1158 δυνήσῃ
695 1086 819 1139 ἰδεῖν
860 1088 920 1140 τὸ
960 1091 1249 1160 πρόσωπόν
1281 1110 1412 1163 μουο
1449 1096 1509 1147 ού
1532 1096 1641 1167 γὰρ
1672 1097 1747 1168 μὴ
1782 1098 1865 1172 ἴδῃ

289 1173 347 1225 τὸ
374 1176 663 1247 πρόσωπόν
693 1196 791 1249 μου
816 1179 1098 1253 ἄνθρωπος
1140 1185 1233 1236 καὶ
1266 1184 1522 1256 ζήσεται;
1552 1188 1678 1241 »Διὰ
1707 1191 1758 1242 τί
1783 1191 1860 1255 δὲ,

291 1265 489 1335 λεγέτω
511 1270 538 1320 6
565 1267 901 1340 βουλόμενος,
927 1274 1035 1326 οὐδ’
1074 1275 1216 1342 ama
1247 1278 1273 1329 6
1300 1276 1456 1345 λόγος
1482 1284 1748 1354 μαρτυρεῖ
1778 1282 1864 1335 λέ-

291 1374 419 1424 γων,
458 1360 539 1411 ὅτι
576 1358 727 1431 ὤφθη
754 1363 900 1433 αὐτῷ
923 1365 950 1416 6
983 1366 1203 1437 Κύριος,
1238 1367 1311 1431 ὡς
1335 1369 1426 1420 ἐπὶ
1463 1368 1569 1422 τῶν
1594 1386 1861 1443 πατριαρ-

289 1450 395 1519 χῶν
427 1451 660 1522 εἰρηκὼς
684 1455 996 1526 τετήρηται·
1036 1457 1170 1511 ἀλλὰ
1195 1458 1302 1531 γάρ
1326 1459 1412 1513 διὰ
1438 1461 1642 1515 τούτων
1671 1464 1865 1535 πρόδη-

289 1543 398 1604 λον,
417 1543 495 1597 ὅτι
521 1547 567 1596 εί
594 1546 687 1598 καὶ
710 1545 884 1600 ἐλάλει
906 1548 1053 1619 αύτῷ
1074 1550 1273 1620 Κύριος
1297 1571 1315 1602 ι
1338 1550 1567 1616 ἐνώπιος
1589 1554 1857 1625 ὲνωπίῳ,»

288 1638 434 1707 ὅμως
464 1638 551 1689 διὰ
588 1639 685 1709 τῆς
728 1641 951 1710 νεφέλης
983 1641 1158 1695 ἐλάλει
1198 1643 1343 1714 αύτῷ
1363 1660 1376 1673 ·
1413 1644 1567 1697 τοῦτο
1589 1646 1695 1718 γὰρ
1724 1664 1859 1718 προ-

1969 456 2029 507 fit
2072 452 2421 511 manifestum
2455 456 2599 526 quod
2629 472 2737 510 non
2775 456 2916 511 idem
2946 465 3082 521 eral,
3124 472 3247 509 cum
3298 446 3547 525 loquere~

1968 555 2060 601 tur
2089 548 2138 603 ei
2179 547 2460 615 Dominus,
2493 558 2690 605 etcum
2723 549 3077 604 manifestum
3107 548 3191 604 sui
3223 549 3400 605 visum
3432 548 3545 604 elli-

1967 650 2136 697 ceret.
2156 641 2212 695 Si
2231 643 2399 704 enim,
2424 651 2479 696 ut
2507 644 2753 697 nonnulli
2777 644 3091 697 existimare
3116 642 3544 711 possent,collo-

1967 742 2151 789 cntum
2172 735 2341 791 fuisse
2356 751 2477 791 cum
2498 751 2563 790 eo
2578 736 2745 790 Deum
2764 744 3061 806 conspectu
3080 738 3144 791 ad
3165 745 3540 806 conspectum,

1966 823 2106 879 idem
2126 832 2270 880 esset
2301 838 2363 879 ac
2398 828 2575 880 visum
2599 825 2769 881 fuisse
2791 828 2861 891 ei,
2892 835 2949 880 ιιι
2976 828 3082 881 dici
3113 836 3314 898 posset,
3357 847 3374 878 ι
3405 826 3544 883 facie

1966 915 2032 969 ad
2050 913 2265 980 faciem,
2280 918 2432 987 aquis
2454 919 2572 987 ejus
2603 919 2956 988 postulationi
2976 920 3372 989 relinqueretur
3389 921 3542 975 locus

1965 1005 2239 1063 dicentis:
2282 1025 2302 1059 ι
2355 1009 2414 1064 Si
2453 1011 2634 1065 inveni
2680 1011 2910 1080 gratiam
2963 1012 3017 1064 in
3075 1020 3371 1081 conspectu
3423 1023 3539 1073 tuo,

1964 1098 2191 1153 ostende
2228 1100 2361 1155 mihi
2410 1101 2602 1157 faciem
2647 1111 2816 1164 tuam,
2862 1110 2921 1155 ut
2972 1103 3139 1158 sciam
3194 1104 3304 1157 te?
3339 1124 3357 1154 ι
3395 1103 3542 1168 Quo-

1965 1187 2128 1243 modo
2155 1198 2358 1254 autem,
2387 1194 2431 1247 si
2459 1201 2510 1247 et
2543 1193 2695 1262 prius
2720 1196 2770 1261 ei
2799 1193 2937 1248 faeie
2963 1196 3029 1247 ad
3059 1195 3274 1257 faciem,
3311 1203 3370 1249 ut
3406 1211 3539 1249 non-

1967 1281 2104 1333 nulli
2134 1291 2411 1350 putarent,
2443 1284 2594 1339 visus
2628 1283 2845 1349 fuisset,
2877 1285 3096 1354 subjicit
3126 1285 3315 1341 dicens
3346 1287 3393 1340 ei
3438 1286 3545 1340 Do-

1967 1370 2189 1427 minus:
2236 1391 2255 1423 ‹
2294 1371 2412 1427 Non
2449 1374 2657 1441 poteris
2706 1376 2889 1429 videre
2932 1375 3127 1429 faciem
3163 1390 3375 1429 meam:
3432 1391 3541 1431 non

1963 1464 2109 1518 enim
2138 1463 2343 1517 videbit
2371 1480 2456 1519 me
2498 1464 2661 1518 homo
2693 1473 2747 1520 et
2796 1466 2974 1521 vivet?
3015 1486 3033 1520 ι
3077 1466 3350 1536 Quidquid
3377 1467 3542 1537 objici

1964 1557 2159 1625 possit,
2212 1572 2321 1610 non
2382 1559 2557 1612 semel
2617 1560 2865 1612 narratio
2919 1569 3311 1613 commemorat
3362 1559 3541 1613 visum

1966 1646 2136 1703 fuisse
2170 1649 2219 1704 ei
2252 1648 2568 1713 Dominum,
2602 1658 2659 1703 ut
2690 1651 2757 1704 de
2794 1650 3120 1720 patriarchis
3162 1666 3419 1721 expresse
3452 1666 3542 1706 re-

290 1728 613 1798 παρῖστησιν
646 1732 676 1799 ἡ
702 1730 889 1802 Γραφὴ
924 1731 1171 1801 λέγουσαο
1209 1754 1226 1785 ι
1256 1735 1586 1790 Κατέϐαινεν
1611 1741 1638 1791 6
1665 1715 1853 1803 στῦλος

1962 1739 2155 1795 fertur.
2192 1739 2486 1795 Enimvero
2517 1757 2579 1795 ex
2616 1742 2684 1796 iis
2715 1749 2949 1797 :constat
2995 1742 3161 1811 quod,
3201 1744 3246 1796 si
3289 1743 3539 1811 loquere-

287 1818 383 1890 τῆς
416 1820 643 1893 νεφέλης
675 1823 767 1875 καὶ
798 1824 980 1877 ἵστατο
1010 1826 1100 1878 ἐπὶ
1148 1826 1253 1879 τῶν
1303 1827 1479 1900 θυρῶν
1506 1830 1601 1901 τῆς
1632 1833 1854 1903 σκηνῆς’

288 1913 380 1965 καὶ
407 1913 581 1967 ἐλάλει
610 1914 687 1985 τῷ
709 1918 948 1970 Μωῦσεί.
971 1936 988 1968 ι
1014 1918 1219 1971 Οὐκοῦν
1247 1920 1335 1973 διὰ
1370 1922 1467 1993 τῆς
1491 1924 1716 1995 νεφέλης
1739 1924 1859 1979 ἐλά-

287 2006 387 2069 λει,
413 2009 472 2060 ού
511 2010 614 2079 μὴν
648 2010 739 2062 καὶ
782 2012 980 2080 ὁμοίως
1016 2011 1093 2082 τῷ
1128 2011 1375 2083 Ἀϐραάμ
1409 2015 1442 2086 ἢ
1484 2014 1561 2085 τῷ
1607 2017 1791 2071 Ἰσαὰκ
1822 2020 1855 2091 ἢ

284 2099 363 2169 τῷ
399 2100 591 2153 Ἰακὼό
621 2100 773 2173 ὤφθη
808 2102 957 2173 αύτῷ
977 2121 989 2132 ·
1028 2102 1254 2165 ἐκείνοις
1277 2103 1374 2174 μὲν
1398 2106 1505 2176 γὰρ
1526 2109 1745 2178 γυμνῶς
1766 2110 1858 2162 καί¹

281 2191 496 2263 τρανῶς
524 2193 649 2246 ἄνευ
681 2193 823 2256 τινὸς
848 2195 1019 2257 εἴδους
1052 2194 1235 2263 ὀφθεὶς
1275 2197 1705 2269 ἀναγέγραπται,
1738 2201 1858 2254 τού-

282 2303 361 2354 τῳ
392 2284 446 2337 δὲ
479 2285 566 2339 διὰ
596 2285 689 2338 τοῦ
714 2286 1109 2358 ὀνομαζομένου
1138 2288 1308 2353 εἴδους
1351 2290 1444 2342 καὶ
1472 2291 1571 2362 τῆς
1604 2292 1854 2362 νεφέλης,

281 2380 349 2450 ἢν
402 2381 495 2433 καὶ
556 2380 711 2445 δόξαν
760 2379 966 2451 Κυρίου
1021 2379 1274 2450 ὀνομάζει
1329 2382 1357 2434 6
1404 2381 1559 2450 λόγος
1612 2384 1853 2452 φάσκωνο

287 2474 518 2527 ιἮνίκα
577 2474 633 2526 δὲ
683 2474 861 2528 ἐλάλει
912 2474 1150 2545 Μωῡσῆς
1189 2475 1334 2545 πάσῃ
1389 2480 1678 2547 συναγωγῇ
1726 2477 1857 2530 υἱῶν

292 2564 527 2635 Ἰσραὴλ,
558 2566 651 2618 καὶ
679 2566 1097 2636 ἐπεστράφησαν
1125 2568 1203 2629 είς
1227 2568 1326 2637 τὴν
1359 2567 1584 2639 ἔρημον,
1616 2569 1709 2622 καὶ
1746 2570 1854 2623 ἰδοὺ

277 2662 310 2729 ἡ
348 2658 473 2723 δόξα
499 2658 701 2729 Κυρίου
734 2656 888 2728 ὤφθη
921 2660 978 2710 ἐν
1004 2658 1219 2731 νεφέλῃ,
1245 2661 1339 2713 καὶ
1370 2661 1627 2733 ἐλάλησεν
1654 2661 1855 2734 Κύριος

280 2752 417 2821 πρὸς
448 2750 709 2821 Μωῡσῆν.
732 2769 749 2802 ι
774 2750 884 2803 Kal
916 2750 1075 2803 πάλιν
1098 2768 1110 2778 θ
1150 2770 1167 2801 ί
1192 2752 1381 2824 Ἀνέϐη
1413 2754 1655 2825 Μωῡσῆς
1686 2757 1764 2819 είς
1794 2755 1855 2807 τὸ

276 2848 435 2916 ὖρος·
486 2845 579 2897 καὶ
626 2844 889 2913 ἐκάλυψεν
926 2846 958 2915 ἡ
988 2845 1180 2916 νεφέλη
1216 2845 1276 2897 τὸ
1307 2845 1448 2917 ὅρος.
1500 2849 1608 2901 Καὶ
1646 2848 1852 2919 κατέϐη

274 2940 310 3005 ἡ
343 2936 466 3001 δόξα
496 2936 698 3007 Κυρίου
731 2936 823 2988 ἐπὶ
856 2936 949 2988 τοῦ
985 2936 1141 3006 ὅρους
1172 2937 1263 2990 καὶ
1292 2937 1557 3008 ἐκάλυψεν
1590 2941 1750 2992 αὑτὸν
1780 2958 1855 2992 νεο

1960 1842 2050 1887 tur
2083 1834 2132 1889 ei
2170 1832 2435 1888 Dominus
2478 1833 2616 1888 facie
2646 1834 2711 1888 ad
2746 1834 2963 1897 faciem,
2998 1843 3175 1888 tamen
3208 1851 3303 1904 per
3336 1836 3537 1890 nubem

1959 1924 2295 1994 loquebatur
2342 1923 2413 1977 ei.
2471 1922 2584 1978 Hoc
2631 1923 2775 1977 enim
2835 1923 3174 1977 demonstrat
3226 1921 3536 1993 Scriptura,

1959 2031 2084 2070 cum
2117 2016 2287 2070 dicit:
2327 2034 2345 2066 ‹
2378 2014 2749 2070 Descendebat
2781 2015 3035 2068 columna
3069 2013 3230 2067 nubis
3269 2022 3321 2067 et
3357 2015 3538 2069 stabat

1959 2110 2026 2163 ad
2057 2110 2254 2164 ostium
2288 2096 2645 2172 tabernaculi,
2677 2115 2729 2161 et
2765 2107 3093 2177 loquebatur
3125 2106 3188 2160 ad
3219 2104 3489 2177 Moysen].
3513 2126 3531 2157 ι

1959 2197 2101 2269 Ergo
2139 2214 2237 2268 per
2268 2199 2467 2254 nubem
2521 2197 2871 2267 loquebatur,
2918 2212 3029 2250 non
3059 2211 3187 2251 vero
3220 2197 3425 2265 pariter
3452 2197 3535 2250 vi.

1960 2307 2054 2346 sus
2089 2299 2173 2346 est
2205 2290 2255 2345 ei
2305 2306 2369 2345 ac
2418 2289 2751 2353 Abrahamo,
2804 2288 2891 2343 vel
2927 2288 3136 2351 lsaaco,
3188 2287 3273 2341 vel
3310 2285 3535 2341 Jacobo.

1960 2382 2069 2436 Illis
2104 2382 2251 2435 enim
2284 2380 2431 2435 nude
2461 2388 2514 2435 et
2544 2379 2834 2433 manifeste
2868 2378 3017 2431 nulla
3050 2377 3152 2430 sub
3184 2375 3356 2434 forma
3386 2375 3540 2430 visus

1958 2481 2231 2536 narratur,
2253 2473 2381 2525 huic
2414 2488 2543 2527 vero
2570 2471 2674 2525 sub
2697 2468 2872 2523 forma
2899 2484 3061 2538 quam
3086 2469 3396 2533 retulimus,
3420 2467 3535 2521 for-

1957 2578 2156 2633 maque
2185 2565 2367 2630 nubis,
2399 2579 2561 2633 quam
2606 2563 2840 2633 gloriam
2876 2559 3089 2615 Domini
3125 2561 3406 2629 Scriptura
3441 2573 3538 2614 vo-

1959 2663 2069 2722 cat,
2100 2655 2334 2709 dicens:
2371 2674 2390 2707 ‹
2427 2655 2565 2714 Cum
2605 2663 2788 2709 autem
2840 2654 3156 2723 loqueretur
3205 2652 3419 2723 Moyses
3466 2652 3537 2707 ad

1954 2761 2173 2802 omnem
2202 2756 2401 2801 coetum
2436 2744 2670 2798 ﬁliorum
2714 2743 2903 2807 Israel,
2957 2750 3315 2811 respexerunt
3348 2743 3414 2796 ad
3447 2748 3536 2797 so-

1942 2832 2249 2892 ‘litudinem
2274 2857 2289 2891 :
2322 2847 2376 2892 et
2402 2852 2530 2891 ecce
2556 2836 2730 2907 gloria
2752 2834 2966 2887 Domini
2990 2832 3245 2903 apparuit
3269 2833 3323 2887 in
3350 2833 3494 2887 nube
3519 2850 3533 2888 :

1956 2930 2170 2985 locutus
2202 2938 2284 2985 est
2304 2937 2482 2984 autem
2514 2928 2776 2982 Dominus
2811 2926 2877 2979 ad
2906 2925 3169 2995 Moysem,
3192 2925 3381 2980 dicens
3400 2925 3475 2991 ¹¹’;
3511 2945 3529 2976 ι

276 3029 416 3099 φίλη
448 3028 507 3094 ἒξ
539 3029 780 3101 ἡμέρας·
832 3029 925 3081 καὶ
957 3027 1215 3097 ἐλάλησεν
1251 3027 1321 3098 (f.
1352 3029 1450 3100 Η)
1486 3030 1686 3101 Κύριος
1718 3032 1853 3102 πρὸς

1956 3030 2009 3077 et
2085 3037 2281 3076 rursus
2306 3036 2349 3075 υε
2412 3041 2430 3072 ε
2490 3020 2736 3090 Cumque
2798 3018 3138 3072 ascendisset
3213 3016 3426 3087 Moyses
3480 3017 3536 3071 in

272 3122 517 3191 Μωῦσῆν
550 3124 613 3191 τῇ
643 3120 826 3192 ἡμέρα
853 3124 917 3191 τῇ
950 3120 1150 3192 ἐϐδόμῃ
1178 3123 1241 3173 ἐκ
1275 3121 1440 3190 μέσου
1467 3121 1564 3191 τῆς
1601 3120 1848 3192 νεφέλης.

272 3211 353 3267 Ἰὸ
381 3214 436 3267 δὲ
468 3209 605 3276 εἶδος
633 3213 731 3282 τῆς
766 3213 922 3283 δόξης
966 3215 1192 3286 Κυρίου,
1221 3213 1349 3265 ὡσεὶ
1393 3212 1504 3283 πῦρ
1534 3212 1728 3281 φλέγον
1762 3212 1851 3264 ἐπὶ

269 3305 387 3374 τῆς
409 3303 654 3377 κορυφῆς
684 3302 778 3361 πού
820 3305 998 3374 ὅρους.
1030 3325 1047 3355 ι
1087 3304 1278 3374 Σαφῶς
1317 3298 1407 3357 οὖν
1441 3303 1529 3357 διὰ
1558 3302 1761 3355 τούτων
1792 3304 1853 3356 τὸ

272 3396 648 3469 θεωρούμενον
680 3395 757 3466 τῷ
788 3398 1009 3449 Μωῡσεί
1055 3395 1270 3464 λέγεται
1320 3390 1456 3449 εἶναι
1489 3394 1590 3448 ούκ
1632 3394 1799 3458 αὐτὸς
1824 3397 1852 3446 6

273 3490 503 3561 Κύριος,
534 3489 646 3542 ἀλλ’
690 3484 826 3551 εἶδος
861 3489 1085 3561 Κυρίου,
1123 3488 1216 3541 καὶ
1256 3488 1449 3559 νεφέλη
1504 3487 1597 3540 καὶ
1644 3487 1781 3559 πῦρ,
1816 3486 1851 3540 ἆ

272 3585 377 3637 καὶ
414 3583 566 3647 δόξαν
615 3584 819 3654 Κυρίου
869 3580 1121 3652 ὀνομάζει
1153 3582 1180 3632 6
1224 3578 1407 3648 λόγος·
1437 3579 1630 3633 οὐκοῦν
1657 3580 1717 3632 τὸ
1753 3579 1851 3649 μὲν

272 3675 417 3740 εἶδος
448 3675 592 3748 ἐώρα
624 3676 829 3746 Κυρίου
856 3675 948 3727 καὶ
975 3671 1072 3741 τὴν
1104 3671 1259 3737 δόξαν
1289 3670 1477 3735 αὑτοῦ,
1511 3669 1762 3741 οὐδαμῶς
1793 3670 1849 3723 δὲ

271 3771 437 3825 αὐτὸν
468 3769 558 3822 τὸν
590 3769 810 3840 Κύριον,
847 3766 936 3819 τόν
990 3783 1047 3819 τε
1099 3764 1420 3835 λαλούμενον
1471 3765 1642 3833 Λόγον
1687 3762 1848 3817 αὑτοῦ

271 3862 372 3917 τοῦ
419 3862 652 3930 Κυρίου·
686 3860 797 3915 ἀλλ’
829 3861 978 3930 ὅμως
1023 3857 1110 3911 διὰ
1154 3858 1251 3928 τῆς
1290 3856 1518 3929 νεφέλης
1565 3856 1851 3917 λαλοῦντος

270 3957 495 4027 ἥκομεν,
511 3955 591 4009 διὸ
616 3955 845 4025 εἴρηται·
876 3952 1015 4006 «Kal
1040 3951 1294 4022 ἐλάλησεν
1311 3950 1512 4021 Κύριος
1534 3949 1669 4021 πρὸς
1690 3951 1851 4003 Μωῦ-

273 4046 379 4116 σῆν
412 4046 637 4109 ἐνώπιος
666 4046 899 4114 ὲνωπίῳ.
929 4064 946 4095 ι
979 4045 1051 4096 Ού
1080 4042 1184 4113 μὴν
1216 4042 1309 4094 καὶ
1344 4041 1497 4111 ὤφθη
1531 4039 1680 4111 αύτῷ
1715 4039 1844 4093 ἐνώ-

271 4155 400 4200 πιος
426 4138 639 4208 ἐνωπίῳ
672 4139 991 4207 τετήρηται·
1022 4135 1177 4187 τοῦτο
1208 4134 1312 4204 γάρ
1346 4134 1420 4196 ὡς
1452 4132 1660 4185 οὐδέπω
1689 4146 1847 4199 γεγο-

269 4230 364 4293 νὸς
392 4229 531 4294 ἀξιοῖ
559 4229 751 4296 λέγων·
791 4247 809 4278 ι
832 4227 1155 4298 Ἐμφάνισόν
1193 4244 1281 4297 μοι
1321 4224 1565 4287 σεαυτὸν,
1592 4222 1849 4291 γνωστῶς

274 4320 372 4371 ἴδω
404 4336 483 4373 σε.
516 4340 534 4370 ι
566 4320 675 4371 Kal
723 4319 779 4370 ἐν
814 4317 983 4389 ἑτέρῳ
1028 4316 1083 4369 δὲ
1129 4316 1277 4385 τόπῳ
1321 4314 1561 4367 διδάσκει
1610 4315 1638 4365 6
1672 4312 1845 4381 λόγος,

1954 3121 2215 3177 montem,
2249 3113 2463 3182 operuit
2494 3112 2666 3166 nubes
2696 3118 2960 3164 montem.
2996 3108 3062 3161 Et
3090 3107 3370 3162 descendit
3420 3108 3535 3178 glo-

1954 3206 2033 3259 ria
2071 3200 2284 3258 Domini
2318 3218 2483 3272 super
2536 3211 2796 3264 montem,
2831 3209 3021 3269 tegens
3070 3200 3226 3253 illum
3258 3199 3402 3253 nube
3437 3214 3535 3253 sex

1953 3299 2167 3353 diebus.
2206 3296 2272 3350 Et
2297 3295 2621 3365 loquebatur
2642 3291 2909 3347 Dominus
2936 3293 3003 3347 ad
3034 3292 3273 3364 Moysem
3303 3293 3534 3361 septimo

1953 3393 2040 3447 die
2069 3391 2135 3447 de
2168 3388 2349 3444 medio
2390 3386 2663 3456 caliginis.
2700 3383 2827 3438 Erat
2868 3392 3048 3437 autem
3094 3386 3307 3455 species
3348 3384 3532 3455 gloria

1956 3484 2194 3547 Domini,
2227 3481 2383 3552 quasi
2419 3480 2562 3547 ignis
2614 3476 2815 3532 ardens
2852 3490 3018 3549 super
3068 3478 3328 3533 verticem
3376 3492 3533 3529 mon-

1954 3578 2023 3632 tis
2045 3578 2111 3630 ".
2156 3593 2174 3626 ι
2209 3575 2405 3643 Aperte
2434 3576 2583 3641 patet
2609 3584 2676 3622 ex
2709 3568 2777 3622 iis
2806 3569 2985 3623 visum
3022 3567 3190 3621 fuisse
3220 3567 3390 3636 Moysi
3422 3581 3531 3619 non

1952 3670 2129 3739 ipsum
2159 3665 2470 3726 Dominum,
2496 3663 2590 3717 sed
2622 3662 2859 3732 speciem
2884 3659 3117 3724 Domini,
3145 3658 3453 3727 nubemque
3477 3664 3531 3710 et

1956 3763 2159 3831 ignem,
2186 3774 2304 3829 quae
2333 3756 2547 3811 Domini
2573 3755 2799 3825 gloriam
2829 3768 2984 3809 sacer
3016 3765 3194 3805 sermo
3223 3758 3399 3802 vocat.
3431 3744 3529 3802 Vi-

1951 3836 2113 3909 debat
2142 3852 2308 3921 igitur
2336 3849 2571 3921 speciem
2603 3846 2841 3911 Domini,
2875 3845 3103 3915 ejusque
3136 3841 3385 3911 gloriam,
3419 3840 3525 3893 mi-

1950 3944 2099 3998 nime
2147 3949 2327 3996 autem
2379 3941 2560 4009 ipsum
2615 3935 2925 3998 Dominum,
2978 3933 3261 4005 ipsiusque
3312 3928 3531 3983 Domini

1952 4038 2213 4103 Verbum,
2260 4035 2362 4091 sibi
2398 4034 2750 4088 collocutum.
2782 4027 3170 4083 Verumtamen
3205 4038 3300 4094 per
3328 4021 3528 4077 nubem

1950 4149 2073 4188 eum
2124 4131 2435 4199 loquentem
2491 4122 2767 4185 audiebat,
2819 4121 3048 4189 ideoque
3095 4116 3337 4171 dicitur:
3388 4130 3410 4164 ι
3460 4110 3529 4165 Ει

1951 4228 2167 4280 locutus
2192 4228 2277 4276 est
2309 4219 2575 4273 Dominus
2621 4215 2689 4271 ad
2717 4214 2957 4285 Moysem
2984 4210 3122 4264 facie
3153 4208 3219 4262 ad
3249 4206 3463 4261 faciem.
3501 4223 3521 4255 ›

1950 4316 2069 4370 Νοη
2102 4321 2285 4368 autem
2312 4312 2360 4366 ei
2395 4307 2717 4379 apparuisse
2750 4304 2888 4359 facie
2914 4301 2981 4356 ad
3016 4300 3210 4355 faciem
3244 4295 3480 4351 refertur
3508 4310 3521 4322 '

268 4413 357 4463 ὅτι
389 4412 451 4482 δὴ
488 4411 661 4481 στόμα
698 4408 871 4463 ἐλάλει
906 4387 1053 4479 αὐτῷ
1094 4411 1121 4461 6
1152 4407 1304 4471 Θεὸς,
1332 4407 1391 4459 ού
1431 4406 1535 4477 μὴν
1574 4402 1847 4473 καταλλή-

1956 4407 2082 4464 illud
2142 4406 2284 4461 enim
2337 4401 2579 4456 nondum
2643 4397 2907 4452 accidisse
2964 4397 3228 4447 memorat
3291 4387 3520 4441 dicens:

269 4506 382 4567 λως
414 4504 506 4557 καὶ
533 4505 759 4573 ἑωρᾶτο,
788 4502 901 4556 ἀλλ’
931 4503 988 4555 ἐν
1021 4501 1149 4554 εἴδει
1177 4501 1270 4553 καὶ
1298 4499 1386 4552 διὰ
1415 4499 1514 4569 τῆς
1548 4497 1845 4570 προαποδε-

264 4599 503 4670 δομένης
536 4598 691 4669 δόξης
721 4595 881 4649 αὑτοῦ
905 4611 917 4625 ·
950 4595 1097 4662 λέγει
1130 4593 1185 4646 δὲ
1218 4592 1418 4656 οὕτως·
1456 4611 1473 4643 ι
1504 4592 1613 4645 Καὶ
1643 4589 1844 4659 κατέϐη

270 4691 478 4762 Κύριος
528 4693 584 4743 ὲν
634 4689 808 4760 στόλῳ
846 4687 1093 4757 νεφέλης,
1123 4685 1217 4740 καὶ
1261 4683 1387 4755 ἔστη
1420 4683 1511 4737 ἐπὶ
1544 4682 1642 4752 τῆς
1682 4680 1850 4762 θύρας

266 4785 372 4854 τῆς
419 4782 622 4853 σκηνῆς
668 4781 759 4834 τοῦ
783 4759 1096 4851 μαρτυρίου
1119 4795 1131 4809 ’
1165 4777 1259 4831 καὶ
1290 4775 1597 4847 ἐκλήθησαν
1636 4759 1846 4843 Ἀαρὼν

268 4878 366 4929 καὶ
398 4875 646 4946 Μαριὰμ,
684 4875 777 4926 καὶ
808 4872 1025 4943 ἐξῆλθον
1058 4871 1375 4941 ἀμφότεροι.
1408 4868 1516 4921 Καὶ
1544 4862 1689 4919 εἶπεν
1712 4866 1847 4938 πρὸς

265 4967 797 5032 αύτούςιἌκούσατε
840 4967 902 5036 δὴ
948 4966 1054 5018 τῶν
1100 4964 1271 5033 λόγων
1310 4979 1429 5034 μουο
1475 4960 1599 5013 Ἐὰν
1626 4960 1847 5029 γένηται

268 5064 559 5133 προφήτης
605 5060 755 5131 ὑμῶν
803 5059 878 5129 τῷ
918 5061 1123 5130 Κυρίῳ,
1159 5061 1216 5111 ἐν
1243 5059 1477 5127 ὁράματι
1522 5054 1669 5124 αύτῷ
1709 5070 1847 5121 γνω-

269 5156 564 5225 σθήσομαι,
599 5155 693 5208 καὶ
738 5155 793 5205 ὲν
840 5152 990 5223 ὕπνῳ
1019 5152 1235 5221 λαλήσω
1266 5148 1436 5219 αύτῷ.
1475 5149 1586 5217 Οὐχ
1617 5146 1787 5208 οὕτως
1816 5145 1844 5197 6

266 5248 525 5320 θεράπων
576 5264 674 5317 μου
714 5245 953 5314 Μωῢσῆς
982 5243 1168 5305 πιστός
1198 5244 1341 5295 ἐστιν
1378 5242 1434 5292 ἐν
1465 5239 1569 5310 ὅλῳ
1602 5238 1679 5309 τῷ
1712 5240 1844 5308 οἴκῳ

270 5360 395 5411 μου.
439 5340 620 5410 Στόμα
668 5338 810 5391 κατὰ
855 5337 1025 5408 στόμα
1053 5335 1271 5405 λαλήσω
1302 5333 1450 5403 αὐτῷ
1483 5334 1543 5385 ἐν
1567 5332 1717 5395 εἴδει,
1752 5332 1845 5384 καί

259 5434 328 5485 ού
367 5432 434 5485 δι’
466 5432 819 5502 αἰνιγμάτων,
854 5430 945 5483 καὶ
979 5429 1077 5499 τὴν
1122 5427 1277 5492 δόξαν
1310 5429 1513 5498 Κυρίου
1558 5423 1717 5491 εἶδεν,
1750 5426 1843 5479 καὶ

258 5526 356 5580 διὰ
373 5526 425 5579 τί
454 5526 555 5579 οὐκ
587 5523 887 5595 ἑφοϐήθρητε
911 5519 1276 5591 καταλαλῆσαι
1298 5518 1436 5572 κατὰ
1466 5518 1557 5572 τοῦ
1574 5518 1840 5591 θεράπον-

340 5681 392 5713 ¹⁶
430 5680 598 5737 Exod.
636 5695 755 5742 ut,
792 5679 880 5735 10.
958 5679 1002 5709 ’⁸
1045 5674 1213 5735 Exod.
1252 5692 1393 5740 xxxv,
1438 5675 1519 5728 15.

1953 4521 1971 4553 ι
2006 4498 2248 4555 Ostende
2278 4495 2411 4550 mihi
2442 4493 2637 4546 faciem
2664 4497 2836 4549 tuam,
2867 4493 2927 4539 ut
2952 4484 3123 4539 sciam
3160 4489 3231 4534 te.
3270 4497 3291 4531 ι
3333 4477 3394 4530 In
3417 4475 3527 4529 alio

1949 4598 2072 4652 loco
2098 4594 2258 4648 docet
2287 4589 2573 4658 Scriptura
2617 4582 2762 4655 quod
2808 4596 2902 4636 ore
2935 4577 3154 4649 quidem
3202 4571 3524 4641 loquebatur

1956 4689 2006 4743 ei
2064 4686 2229 4746 Deus,
2262 4697 2372 4737 non
2429 4687 2609 4732 tamen
2663 4674 2870 4746 pariter
2914 4669 3227 4727 videbatur,
3276 4661 3371 4717 sed
3418 4659 3524 4714 sub

1945 4779 2126 4850 specie
2144 4782 2217 4838 et,
2235 4780 2295 4827 ut
2312 4785 2475 4840 supra
2494 4768 2697 4821 dictum
2724 4771 2827 4826 est,
2842 4776 2939 4833 per
2964 4758 3136 4829 ipsius
3156 4754 3407 4825 gloriam.
3430 4746 3523 4801 Sic

1947 4847 2115 4942 igitur
2141 4866 2274 4923 dicit
2306 4884 2318 4918 :
2361 4881 2378 4913 ι
2414 4856 2704 4915 Descendit
2754 4854 3015 4908 Dominus
3048 4850 3102 4902 in
3136 4847 3391 4942 columna
3419 4857 3523 4895 nu-

1944 4938 2051 5025 bis,
2093 4972 2146 5016 et
2179 4958 2331 5015 stetit
2375 4956 2430 5009 in
2470 4951 2698 5007 introitu
2734 4942 3075 5002 tabernaculi
3105 4952 3307 4994 vocans
3336 4938 3522 5025 Aaron

1944 5065 1997 5112 et
2026 5024 2275 5108 Mariam.
2301 5048 2405 5117 Qui
2430 5061 2554 5101 cum
2586 5043 2871 5104 exiissem,
2904 5035 3040 5091 dixit
3072 5030 3139 5085 ad
3164 5046 3261 5085 eos
3286 5052 3299 5083 :
3320 5024 3522 5080 Audite

1948 5134 2231 5204 sermones
2277 5158 2428 5197 meos
2458 5160 2471 5194 :
2502 5137 2559 5193 Si
2600 5136 2723 5207 quis
2754 5129 2920 5185 fuerit
2951 5128 3093 5180 inter
3121 5138 3217 5177 vos
3255 5117 3518 5190 propheta

1946 5240 2183 5306 Domini,
2235 5237 2289 5291 in
2324 5237 2534 5290 visione
2579 5224 2853 5300 apparebo
2882 5221 2953 5285 ei,
2990 5217 3073 5271 vel
3120 5230 3213 5285 per
3244 5208 3517 5306 somnium

1948 5333 2141 5402 loquar
2170 5302 2238 5382 ad
2273 5327 2445 5380 illum.
2479 5322 2547 5375 At
2582 5334 2688 5373 non
2722 5314 2849 5368 talis
2868 5322 3066 5365 servus
3091 5319 3247 5360 meus
3277 5302 3512 5401 Moyses,

1946 5426 2037 5495 qui
2073 5425 2127 5476 in
2152 5419 2299 5475 omni
2329 5418 2491 5473 domo
2534 5427 2653 5467 mea
2697 5403 3046 5461 fidelissimus
3073 5407 3197 5453 est:
3232 5408 3340 5495 ore
3366 5405 3510 5495 enim

1945 5488 2010 5571 ad
2040 5532 2099 5571 os
2135 5515 2324 5582 loquor
2355 5510 2403 5565 ei
2433 5528 2444 5563 :
2482 5515 2532 5561 et
2565 5502 2764 5574 palam,
2796 5504 2849 5552 et
2883 5508 2991 5549 non
3021 5508 3116 5565 per
3144 5489 3431 5559 aenigmata
3459 5488 3514 5535 et
