3952 6198
618 239 760 297 106⁸5

1355 231 1631 303 EUSEBII‘
1663 230 2143 288 CESARIENSIS
2180 230 2329 288 OPP.
2371 230 2552 287 PARS
2585 229 3158 288 lll.—EXEGETICA.
3625 238 3715 292 ιιει

616 368 672 414 et
698 357 898 428 liguras
926 351 1215 408 Dominum
1237 350 1407 408 videt.
1430 350 1614 419 Quare
1635 367 1769 424 ergo
1788 366 1899 406 non
1927 351 2183 408 timuistis

2289 352 2382 417 τός
2410 369 2511 425 μου
2531 352 2805 416 Μωῦσέως
2826 370 2874 418 ςι
2887 354 3007 427 Ἆρ’
3025 350 3116 408 οὖν
3141 353 3237 424 τὴν
3248 348 3392 419 δόξαν
3412 354 3648 427 μὶνιίυρίευ
3665 354 3719 412 εἷο

616 441 903 508 detrahere
933 460 1095 502 servo
1123 459 1244 500 meo
1288 443 1462 517 Moysi
1480 444 1563 499 ἠ
1599 464 1619 497 ι
1643 443 1785 517 Ergo
1816 445 2048 516 gloriam
2067 445 2191 515 qui-

618 544 742 599 dem
775 536 990 593 Domini
1016 537 1172 601 vidit,
1200 545 1258 592 et
1290 536 1393 592 sub
1424 536 1605 609 specie
1652 551 1712 592 se
1743 535 1794 591 ei
1839 533 2192 593 manifestan-

615 645 748 699 tem,
777 640 833 689 et
862 648 959 689 ore
1009 632 1076 688 ad
1103 648 1167 688 os
1213 632 1526 702 loquentem
1571 630 1800 697 audivit,
1847 644 1960 685 non
2005 636 2189 685 tamen

616 727 796 795 ipsum
847 739 1091 794 unquam
1146 721 1461 789 Dominum,
1492 722 1636 778 sicut
1679 721 1930 793 patribus
1958 719 2191 777 manife-

615 823 797 886 stans
844 823 952 879 est,
994 812 1409 885 conspexit.-Et
1453 829 1563 868 non
1595 813 1793 869 mirum
1834 811 1981 884 quod
2017 811 2190 886 Moysi

616 923 713 964 ore
742 907 812 961 ad
841 922 906 963 os
934 907 1257 977 colloquens
1291 906 1573 961 inducitur
1598 903 1766 969 Deus,
1791 919 1916 961 cum
1946 912 2000 961 et
2040 904 2188 961 omni

618 998 818 1070 populo
861 997 1001 1053 facie
1048 997 1121 1052 ad
1171 997 1366 1052 faciem
1416 998 1596 1071 ipsum
1641 996 1884 1055 locutum
1934 997 2104 1055 fuisse
2131 995 2188 1051 in

614 1088 1040 1145 Deuteronomio
1064 1086 1225 1143 docet
1254 1086 1469 1159 Moyses
1496 1086 1686 1143 dicens
1712 1106 1726 1142 :
1767 1105 1786 1141 ι
1804 1085 1925 1147 Non
1946 1102 2074 1142 cum
2101 1101 2191 1158 pa-

620 1184 796 1240 tribus
820 1184 1026 1239 nostris
1051 1182 1175 1237 iniit
1202 1192 1420 1253 pactum
1449 1180 1733 1246 Dominus,
1757 1181 1854 1237 sed
1878 1181 2186 1242 nobiscum,

610 1275 713 1347 qui
747 1275 803 1330 in
835 1273 1252 1345 praesentiarum
1298 1287 1492 1329 sumus
1519 1282 1573 1329 et
1609 1273 1866 1328 vivimus.
1914 1270 2076 1335 Facie
2119 1270 2187 1326 ad

614 1366 813 1423 faciem
833 1367 1048 1421 locutus
1067 1371 1151 1421 est
1177 1364 1337 1420 nobis
1358 1364 1414 1419 in
1432 1371 1617 1421 monte
1635 1363 1704 1421 de
1720 1363 1898 1421 medio
1919 1364 2061 1440 ignis
2071 1365 2137 1418 ³⁷.
2162 1383 2180 1415 ι

620 1461 686 1516 At
710 1460 757 1515 si
786 1459 890 1514 hoc
920 1457 1084 1513 modo
1110 1455 1281 1528 Moysi
1312 1464 1367 1517 et
1395 1454 1548 1511 omni
1575 1454 1777 1527 populo
1806 1454 2188 1512 manifestatus

619 1559 727 1615 est,
764 1548 1135 1605 animadverte
1158 1548 1313 1611 illud,
1342 1547 1554 1603 scilicet
1577 1546 1724 1618 quod
1779 1547 1990 1605 locutus
2017 1544 2189 1603 fuisse

607 1642 698 1698 eis
717 1657 812 1698 ore
830 1641 898 1697 ad
923 1656 986 1696 os
1006 1648 1061 1696 et
1091 1639 1227 1695 facie
1243 1640 1311 1695 ad
1336 1639 1531 1696 faciem
1551 1637 1773 1711 dicitur,
1785 1654 1896 1695 non
1919 1645 2096 1695 tamen
2118 1638 2186 1694 iis

2290 443 2377 498 δεν
2403 444 2498 499 καὶ
2524 446 2584 499 ἐν
2610 444 2740 500 εἴδει
2778 446 2928 518 αύτῷ
2953 446 3385 519 χρηματίζοντος,
3408 446 3553 516 στόμα
3570 464 3614 500 τε
3630 452 3719 503 κατὰ

2291 535 2464 608 στόμα
2488 535 2776 602 λαλοῦντος
2803 538 3053 609 ἤκουσεν,
3080 538 3143 592 οὐ
3172 537 3277 610 μὴν
3305 537 3393 591 καὶ
3428 538 3558 592 αὐτόν
3588 556 3650 597 τι)
3667 540 3724 595 τὸν

2289 626 2493 700 Κύριον
2521 629 2722 702 ὁμοίως
2754 633 2867 695 τοῖς
2904 630 3172 703 πατράσιν
3208 630 3443 702 ἑωράκει.
3468 630 3555 685 Καὶ
3573 633 3617 685 οὐ
3640 631 3725 685 θαυ-

2292 720 2492 791 μαστόν
2523 737 2588 790 γε
2620 723 2671 776 εί
2709 721 2788 794 τῷ
2816 724 3039 781 Μωῦσεί
3060 722 3232 795 στόμα
3276 721 3410 776 κατὰ
3447 723 3583 794 στόμα
3611 724 3728 779 λαλῶν

2289 809 2704 884 ἀναγέγραπται
2730 814 2760 866 6
2776 807 2930 883 Θεὸς,
2956 814 3121 869 ὁπότε
3154 814 3247 868 καὶ
3266 812 3341 885 τῷ
3365 815 3505 868 παντὶ
3523 814 3608 886 λαῷ
3624 817 3730 887 κρόσ-

2288 915 2436 952 ωπον
2462 899 2599 971 πρὸς
2629 900 2918 973 πρόσωπον
2946 901 3297 974 λεὴληκέναι
3327 902 3470 956 αὐτὸν
3486 905 3537 957 ἐν
3556 905 3731 976 dampn-

2289 988 2465 1060 νομίφ
2486 989 2725 1045 διδάσκει
2752 991 2781 1044 6
2807 991 3047 1063 Μωῦσῆς
3068 991 3258 1060 λέγων’
3281 1010 3299 1043 ι
3329 992 3450 1063 Οὐχὶ
3477 995 3566 1057 τοῖς
3588 996 3730 1066 τετράς

2290 1095 2373 1132 σιν
2403 1078 2556 1150 ὑμῶν
2578 1079 2783 1135 διέθετο
2808 1080 3010 1155 Κύριος
3046 1083 3147 1154 τὴν
3171 1081 3427 1155 Διαθήκην
3449 1082 3622 1157 ταύτην.
3643 1084 3730 1138 ἀλλὰ

2289 1170 2425 1242 πρὸς
2435 1172 2596 1243 ,ὑμᾶς
2614 1189 2628 1202 ·
2664 1173 2820 1244 ὑμεῖς
2836 1174 2990 1228 αὐτοὶ⁸
3014 1167 3117 1228 ὧδε
3145 1176 3374 1247 σήμερον
3397 1173 3563 1239 πάντες
3584 1172 3727 1241 ζῶντες.

2290 1263 2584 1335 Πρόσωπον
2634 1264 2778 1320 κατά
2824 1266 3116 1340 πρόσωπον
3165 1265 3409 1339 ἐλάλησεν
3451 1267 3613 1339 Κύριος
3647 1269 3730 1339 πρὸς

2291 1355 2435 1427 ὑμᾶς
2465 1359 2522 1410 ὲν
2550 1355 2629 1428 τῷ
2656 1358 2774 1430 ὄρει
2807 1360 2873 1412 ἐκ
2904 1359 3067 1430 μέσου
3099 1357 3195 1413 τοῦ
3224 1359 3402 1431 πυρός.
3428 1378 3446 1410 ι
3486 1358 3601 1430 Πλὴν
3623 1361 3731 1413 siml.

2286 1448 2365 1521 τῷ
2388 1451 2611 1505 Μωῦσεῖ
2638 1452 2733 1506 καὶ
2756 1450 2832 1522 τῷ
2862 1451 3020 1507 παντὶ
3041 1450 3158 1522 λαῷ
3185 1451 3364 1505 τοῦτον
3384 1450 3731 1522 ὲχρημάτιζεντδν

2286 1540 2508 1613 τρόπον,
2535 1541 2649 1595 ἀλλ’
2684 1541 2788 1613 ὅρα
2815 1543 2899 1597 ὅτι
2926 1542 3278 1614 λελαλῃκέναι
3313 1541 3405 1613 μὲν
3443 1542 3591 1606 αὐτοῖς
3622 1543 3732 1614 στόμα

2288 1634 2430 1689 κατὰ
2473 1635 2646 1707 στόμα
2678 1635 2773 1690 καὶ
2802 1635 3094 1709 πρόσωπον
3134 1635 3269 1704 πρὸς
3298 1636 3548 1707 πρόσωπον
3578 1634 3732 1705 εἴρηται,

615 1736 769 1790 visus
786 1734 904 1789 sine
930 1733 1052 1805 igne
1076 1732 1161 1787 vel
1184 1733 1415 1797 nube,ut
1438 1730 1707 1804 patribus.
1725 1730 1879 1786 Nude
1890 1729 2039 1786 enim
2068 1729 2182 1784 illis

2288 1725 2350 1778 ού
2404 1723 2510 1796 μὴν
2557 1724 2650 1779 καὶ
2694 1725 2822 1780 ἄνευ
2863 1724 2957 1779 τοῦ
3000 1726 3177 1797 πυρὸς
3205 1724 3239 1797 ἢ
3269 1724 3365 1796 τῆς
3388 1724 3577 1795 νεφέλης
3602 1723 3735 1794 ὁμοίως

612 1833 671 1881 et
685 1826 803 1880 sine
818 1823 982 1881 nubis
1010 1823 1094 1878 vel
1111 1822 1251 1895 ignis
1265 1823 1501 1894 tegmine
1514 1821 1775 1879 Dominus
1791 1832 2046 1878 narratur
2065 1835 2188 1877 esse

616 1907 961 1964 visus.Dcum
984 1906 1149 1979 igitur
1171 1907 1356 1965 videre
1373 1905 1738 1978 perfecturum
1755 1914 1810 1963 et
1828 1914 2006 1965 mente
2022 1921 2185 1979 quam

617 1998 855 2054 maxime
891 1999 1276 2054 mundatorum
1306 1999 1586 2071 pr0prium
1611 2013 1733 2055 esse
1752 1997 1912 2055 docet
1939 1997 2189 2054 Salvator

610 2098 670 2147 et
695 2090 959 2147 Dominus
991 2098 1180 2147 noster
1211 2110 1226 2146 :
1269 2109 1288 2142 ι
1326 2090 1502 2157 Beati,
1532 2090 1732 2161 inquit,
1777 2089 1968 2147 mundi
1997 2091 2183 2156 corde,

614 2186 874 2255 quoniam
908 2183 1014 2255 ipsi
1063 2183 1233 2239 Deum
1286 2183 1547 2239 videbunt
1580 2183 1646 2240 ³⁸.
1683 2202 1701 2236 ι
1748 2181 1980 2257 Ideoque
2028 2184 2186 2255 quasi

618 2277 812 2332 horum
842 2274 1012 2331 Deum
1044 2291 1106 2333 se
1143 2274 1412 2331 Dominus
1466 2276 1692 2340 indicat,
1725 2275 1792 2329 ad
1834 2275 2075 2348 Moysem
2103 2275 2187 2333 di-

615 2383 797 2425 cens:
845 2387 864 2420 ι
915 2366 1043 2425 Haec
1083 2368 1236 2424 dices
1286 2368 1412 2424 filiis
1477 2368 1642 2425 Israel
1676 2386 1690 2424 :
1726 2367 1987 2427 Dominus
2045 2366 2186 2423 Deus

614 2468 830 2531 patrum
868 2469 1200 2525 vestrorum,
1234 2458 1379 2517 Deus
1428 2459 1725 2527 Abraham,
1756 2458 1898 2515 Deus
1943 2459 2095 2515 Isaac
2132 2465 2187 2515 et
2232 2520 2237 2526 _

614 2549 764 2608 Deus
793 2550 966 2608 Jacob
996 2551 1146 2608 misit
1179 2567 1264 2608 me
1293 2549 1362 2606 ad
1387 2567 1486 2607 vos
1513 2571 1526 2606 :
1557 2551 1662 2607 hoc
1693 2565 1892 2607 nomen
1929 2551 2062 2606 mihi
2100 2557 2185 2607 est

613 2643 671 2699 in
696 2650 982 2707 aeternum,
1018 2651 1073 2698 et
1098 2642 1200 2697 hoc
1223 2642 1537 2698 memoriale
1566 2657 1745 2701 meum
1782 2642 1840 2699 in
1876 2643 2184 2714 generatio-

614 2749 740 2790 nem
766 2740 820 2789 et
840 2733 1248 2804 generationem
1279 2736 1348 2791 ¹⁹.
1380 2753 1399 2789 ι
1430 2732 1741 2790 Ᾱίωιιιειυε
1763 2733 1927 2805 igitur
1950 2734 2184 2805 majores

613 2824 859 2895 gratias,
906 2823 1213 2894 similisque
1258 2826 1655 2898 cupidissimus
1702 2823 1908 2881 favoris
1970 2824 2183 2899 Moyses

584 2914 906 2971 .Dominum
939 2912 1028 2969 his
1060 2921 1316 2984 precatur
1344 2915 1529 2972 verbis
1560 2934 1577 2970 :
1615 2933 1634 2967 ι
1675 2913 1916 2972 Ostende
1942 2917 2075 2972 mibi
2104 2919 2184 2973 l'a-

610 3001 751 3058 ciem
785 3010 961 3069 tuam,
997 3010 1057 3057 ut
1094 3002 1264 3059 sciam
1304 3010 1377 3060 te.
1415 3023 1435 3057 ι
1475 3001 1592 3060 Sibi
1625 3004 1771 3061 enim
1803 3006 1984 3061 animo
2016 3005 2183 3079 finge-

610 3093 706 3149 bat
735 3092 1066 3149 manifestati
1098 3093 1192 3150 Dei
1226 3093 1391 3151 Verbi
1433 3096 1887 3168 magnitudinem,
1912 3104 1967 3153 et
2010 3098 2177 3155 subli-

609 3185 880 3251 mitatem,
911 3195 966 3242 et
1010 3185 1338 3243 inelfabilem
1372 3182 1822 3262 inaccessamqne
1868 3192 2182 3262 praecellen-

610 3277 768 3343 tiam,
797 3277 1128 3350 videbatque
1155 3278 1329 3350 ipsius
1377 3280 1443 3335 ad
1477 3295 1538 3337 se
1580 3280 2055 3340 manifestationes
2086 3299 2182 3355 per

609 3370 988 3429 ministrantes
1022 3371 1247 3443 angelos
1276 3371 1395 3429 ﬁeri
1430 3391 1444 3428 :
1473 3373 1598 3429 ideo
1624 3373 1936 3445 postulabat
1972 3382 2032 3430 ut
2062 3391 2180 3431 ma-

608 3460 873 3519 nifestius
899 3470 956 3519 et
984 3463 1330 3536 splendidius
1371 3465 1553 3541 ipsum
1581 3466 1689 3523 sibi
1725 3467 2075 3525 manifestum
2101 3467 2182 3525 ef-

607 3551 821 3619 ﬁceret,
843 3569 955 3609 non
979 3553 1092 3625 jam
1118 3554 1224 3612 sub
1249 3555 1596 3626 velamentis,
1614 3573 1717 3614 nec
1747 3558 2016 3615 ministris
2032 3558 2177 3622 aliis,

608 3644 755 3702 node
779 3652 962 3701 autem
988 3653 1043 3702 et
1074 3646 1283 3717 pariter
1313 3661 1379 3702 ac
1410 3645 1746 3714 Abrahamo,
1776 3650 1896 3706 sine
1924 3649 2067 3722 ignis
2093 3650 2180 3707 vel

608 3737 775 3794 nobis
805 3737 1010 3808 specie.
1071 3737 1229 3805 Quod
1266 3738 1435 3811 igitur
1484 3740 1699 3797 videtur
1748 3741 1882 3797 mihi
1940 3742 2183 3799 indicare

612 3827 901 3901 Scriptura
935 3832 1169 3888 dicens:
1209 3851 1229 3884 ι
1268 3830 1511 3890 Ostende
1534 3833 1668 3889 mihi
1703 3832 1899 3891 faciem
1928 3842 2099 3903 tuam,
2122 3845 2182 3891 ut

609 3927 781 3985 sciam
812 3937 867 3984 te
886 3927 953 3983 ⁸⁸.
977 3946 997 3982 ι
1035 3926 1173 3983 Cum
1205 3928 1509 3986 audivisset
1540 3927 1712 3985 Deum
1734 3930 1836 3985 sibi
1864 3929 2136 3986 dicentem
2163 3950 2176 3986 :

610 4036 635 4073 ι
692 4017 834 4077 Ecce
876 4020 1104 4090 angelus
1152 4034 1307 4079 meus
1355 4021 1627 4092 precedet
1682 4028 1736 4076 te.
1810 4028 1937 4077 ante
1986 4021 2180 4078 faciem

603 4116 760 4165 suam
788 4110 856 4176 “,
897 4128 917 4167 ρ
964 4110 1287 4181 ampliorem
1349 4112 1555 4183 expetit
1602 4112 1859 4183 gratiam,
1886 4113 2127 4184 dicitque
2163 4132 2177 4168 :

608 4219 635 4253 ιι
658 4199 720 4257 Si
757 4217 867 4258 non
886 4209 949 4257 tu
978 4203 1099 4273 ipse
1141 4202 1440 4275 pratcedas,
1476 4219 1547 4262 ne
1582 4203 1786 4261 educas
1821 4219 1924 4262 nos
1962 4204 2182 4262 deloco

606 4293 797 4351 isto".
813 4313 832 4347 ι
864 4295 1153 4355 Anuuente
1176 4295 1415 4375 Domino,
1436 4298 1813 4368 postulationi,
1844 4315 1910 4355 ac
1932 4299 2180 4360 dicente:

2289 1819 2401 1880 τοῖς
2446 1817 2714 1889 πατράσιν
2764 1811 2943 1886 ὦφθαι
2985 1818 3206 1884 αὐτοῖς’
3247 1815 3456 1888 γυμνῶς
3482 1815 3564 1887 γὰρ
3580 1815 3736 1877 ἐκείνοις

2289 1908 2383 1961 καὶ
2425 1907 2552 1962 ἄνευ
2591 1908 3039 1981 ὲπικαλύμματος
3068 1908 3165 1963 τοῦ
3198 1908 3287 1963 διὰ
3317 1908 3516 1980 νεφέλης
3535 1908 3560 1979 ἢ
3578 1906 3737 1980 τυρὸςὸ

2288 1998 2490 2071 Κύριος
2530 1998 2714 2070 ὀφθεὶς
2756 2001 3187 2073 ἀναγέγραπται.
3223 2000 3441 2059 Τελείων
3467 2000 3567 2069 γοῦν
3586 1998 3736 2070 καλιὴν

2286 2089 2522 2146 διάνοιαν
2562 2094 2643 2157 είς
2689 2093 2857 2165 ἄκρον
2902 2092 3326 2167 κεκαθαρμένων
3361 2094 3495 2148 καὶὸ
3518 2091 3737 2165 Inungui

2288 2183 2490 2255 Κύριος
2518 2186 2551 2255 ἡ
2560 2182 2677 2255 μῶν
2706 2184 2768 2238 τὸ
2795 2183 2887 2237 τὸν
2919 2183 3051 2238 Θεὸν
3083 2187 3219 2258 όρᾷν
3243 2181 3378 2240 εἶναι
3408 2185 3615 2240 διδάσκευ
3638 2184 3736 2237 clla-

2287 2274 2488 2345 κάριοι,
2510 2274 2705 2345 λέγων,
2731 2276 2778 2328 oi
2830 2274 3061 2348 καθαροὶ
3112 2277 3180 2347 τῇ
3223 2274 3431 2348 καρδίᾳ,
3459 2277 3527 2329 ὅτι
3550 2274 3660 2329 αὐτοὶ
3679 2273 3735 2326 τὸν

2286 2365 2416 2419 Θεὸν
2447 2364 2686 2436 ὄψονται.
2726 2386 2744 2418 ι
2781 2365 2872 2420 Διὸ
2914 2367 3008 2421 καὶ
3052 2365 3132 2430 ὡς
3170 2366 3416 2421 τοιούτων
3438 2367 3464 2419 6
3484 2364 3736 2438 Κύριοςθεὸν

2287 2457 2476 2511 ἑαυτὸν
2522 2457 2862 2531 ἀναγορεύει,
2906 2457 3080 2529 λέγων
3119 2457 3257 2527 πρὸς
3300 2459 3539 2531 Μωῦσῆν·
3581 2477 3597 2506 ι
3618 2455 3737 2517 οὕτως

2286 2549 2432 2620 ἐρεῖς
2457 2550 2570 2614 τοῖς
2600 2549 2736 2612 υἱοῖς
2775 2548 3009 2622 Ἰσραὴλ,
3044 2549 3253 2622 Κύριος
3277 2552 3305 2604 6
3327 2546 3448 2614 Θεὸς
3466 2549 3556 2602 τῶν
3572 2547 3736 2618 maias-1

2288 2638 2464 2710 ὑμῶν,
2498 2638 2630 2704 Θεὸς
2657 2639 2927 2713 Ἀϐραὰμ,
2958 2643 3051 2696 καὶ
3074 2641 3211 2708 Θεὸς
3238 2642 3431 2705 Ἰσαὰκ,
3460 2642 3537 2697 καὶ
3558 2640 3656 2702 Θεὸς
3672 2640 3736 2692 *ιιο

2285 2730 2422 2796 κὼὸ,
2455 2731 2762 2787 ἀπέσταλκε
2818 2750 2886 2804 με
2939 2734 3077 2806 πρὸς
3122 2736 3268 2807 ὑμᾶς
3287 2751 3300 2766 ο
3326 2733 3471 2788 τοῦτό
3495 2735 3612 2788 ἐστιν
3629 2729 3737 2799 fmus

2287 2843 2387 2899 μου
2422 2827 2660 2905 αἰώνιον,
2695 2828 2789 2882 καὶ
2825 2829 3172 2909 μνημόσυνον
3207 2829 3403 2900 γενεῶν
3427 2828 3615 2899 γενεαῖς.
3639 2843 3652 2875 ι
3672 2825 3734 2893 1r,-

2282 2916 2389 2972 λῶν
2415 2917 2480 2990 δὴ
2507 2914 2601 2973 οὖν
2632 2919 2701 2973 τὰ
2720 2916 3031 2993 χαρίσματα
3059 2920 3132 2976 τὰ
3163 2920 3396 2995 μείζονα,
3422 2919 3599 2990 καὶτῆς
3616 2915 3734 2986 ὁμοίας

2282 3010 2509 3075 ἐκείνοις
2536 3010 2858 3083 ὀρεγόμενος
2885 3014 2913 3066 6
2940 3013 3185 3085 Μωῦσῆς
3209 3008 3735 3087 προκοπῆςβεωῖῒέινι

2282 3100 2375 3154 τὸν
2406 3100 2632 3174 Κύριον⁸
2658 3121 2676 3155 ι
2700 3090 3024 3174 Ἑμφάνισόν
3057 3103 3213 3176 (fail
3241 3104 3317 3179 ν’)
3348 3121 3431 3176 μοι
3453 3100 3733 3167 σεαυτὸν.γνν

2284 3191 2424 3254 στῶς
2454 3190 2548 3244 ἴδω
2573 3208 2633 3245 σε
2650 3208 2665 3221 ·
2695 3212 2714 3245 ι
2732 3190 3062 3262 ὲφαντάζετο
3081 3195 3182 3265 μὲν
3196 3193 3303 3267 γὰρ
3320 3190 3667 3267 χρηματίζοντα
3680 3185 3733 3239 αὖ·

2282 3280 2361 3353 τῷ
2409 3281 2545 3336 Θεοῦ
2589 3281 2762 3352 Λόγου
2801 3283 2862 3337 τό
2906 3301 2967 3338 τε
3012 3286 3245 3357 μέγεθος
3271 3285 3449 3340 καὶτὸ
3474 3276 3733 3355 Motu“?

2281 3372 2488 3441 ἄφατον
2520 3372 2614 3427 καὶ
2641 3372 2928 3443 ἀνέφικτον
2959 3375 3256 3449 ὑπεροχὴν,
3290 3373 3428 3449 ἑώρα
3462 3374 3513 3428 δὲ
3542 3360 3603 3435 ὧς
3621 3365 3732 3423 ὕτιδι’

2284 3464 2631 3538 ὑπηρετικῶν
2675 3466 2923 3536 ἀγγέλων
2955 3467 3056 3532 τὰς
3082 3469 3220 3541 πρὸς
3250 3468 3403 3523 αὑτὸν
3435 3466 3625 3520 ἐποιεῖτο
3652 3458 3732 3512 θω-

2282 3554 2437 3629 ρίας·
2487 3553 2568 3609 διὸ
2610 3556 2920 3629 παρακαλεῖ
2962 3557 3285 3629 τρανότερον
3332 3555 3423 3612 καί
3464 3548 3733 3624 καθαρώπρσθ

2282 3646 2520 3718 ἐμφῆναι
2558 3647 2750 3701 ἑαυτὸν
2797 3648 2964 3721 αὐτῷ,
3001 3650 3199 3721 μηκέτι
3236 3649 3333 3721 μὲν
3372 3647 3432 3702 δι’
3460 3636 3734 3710 ἐπικαλυμράο

2281 3753 2410 3803 των,
2463 3737 2598 3811 μηδὲ
2628 3738 2733 3792 ὑπὸ
2755 3739 3013 3795 διακόνων
3040 3740 3266 3813 ἑτέρων,
3294 3737 3498 3811 γυμνῶς
3516 3734 3565 3789 δὲ
3584 3727 3733 3787 καὶτοῖς

2280 3829 2424 3902 ἀμφὶ
2449 3829 2542 3885 τὸν
2579 3828 2827 3903 Ἀϐραὰμ
2852 3830 3273 3905 παραπλησίως,
3299 3831 3420 3888 ἄνευ
3446 3826 3527 3884 τοῦ
3545 3824 3612 3879 διὰ
3627 3817 3732 3889 πυρὸς

2281 3920 2377 3975 καὶ
2399 3921 2629 3992 νεφέλης
2672 3922 2863 3988 εἴδους.
2891 3923 3062 3977 Τοῦτο
3112 3920 3245 3994 γοῦν
3281 3923 3420 3978 δοκεί
3442 3938 3518 3992 μοι
3543 3912 3731 3987 σημαίνω

2281 4014 2316 4086 ἠ
2351 4013 2632 4083 φάσκουσα
2675 4014 2841 4082 λέξις·
2879 4017 3249 4088 «Ἐμφάνισόν
3299 4032 3386 4087 μοι
3429 4009 3729 4072 statim.”

2284 4105 2424 4171 στῶς
2451 4106 2545 4160 ἴδω
2578 4124 2658 4162 σε.
2688 4126 2707 4159 ι
2751 4107 2937 4183 Ταύτῃ
2975 4108 3033 4163 δὲ
3076 4109 3173 4164 καὶ
3202 4106 3525 4181 προακούσας
3543 4094 3730 4173 εἰρηκότος

2282 4198 2431 4271 αὐτῷ
2469 4198 2563 4253 τοῦ
2594 4200 2797 4272 Κυρίου
2824 4182 2918 4255 τό(
2942 4219 2961 4253 ι
2984 4202 3118 4257 ’ἰδοὺ
3149 4201 3375 4271 ἄγγελός
3403 4215 3495 4272 μου

2284 4308 2435 4349 σεται
2460 4290 2566 4364 πρὸ
2595 4290 2888 4365 προσώπου
2925 4310 3038 4359 σου,
3073 4313 3092 4345 ι
3127 4292 3548 4366 ὑποπαραιτεῖται
3570 4280 3639 4338 τοῦ
3661 4272 3728 4348 μα’

606 4402 637 4437 «ι
673 4382 910 4443 Verbum
940 4385 1111 4451 istud,
1138 4387 1287 4458 quod
1332 4389 1549 4447 locutus
1593 4406 1653 4448 es
1686 4390 1887 4447 faciam
1915 4393 1983 4457 ³⁸,
2025 4412 2043 4445 ι
2080 4393 2172 4450 Dei

2281 4386 2431 4452 ξονος
2456 4376 2795 4459 δρε-Υὸμενος,
2826 4387 2918 4442 καί
2941 4405 3108 4461 φησιν
3126 4405 3142 4419 ·
3184 4408 3204 4440 ι
3231 4390 3293 4443 Et
3318 4388 3388 4461 μὴ
3417 4383 3556 4446 αὐτὸς
3576 4376 3625 4432 σὺ
3647 4387 3727 4439 σιμ·

606 4475 1070 4546 magniﬁcentiam
1099 4477 1333 4551 benigne
1364 4479 1682 4552 dispositam
1711 4482 2172 4546 animadvertens,

600 4584 733 4633 qua
795 4577 851 4627 et
901 4586 1100 4642 magna
1145 4572 1496 4644 cupientibus
1555 4575 1789 4636 favebat.
1835 4579 2087 4647 quamvis
2120 4595 2180 4637 se

611 4662 792 4733 ipsum
823 4662 1152 4729 exinaniret,
1188 4665 1597 4739 majoribusque
1640 4668 1924 4739 indignum
1978 4668 2179 4727 fatere-

610 4763 721 4817 tur,
748 4754 911 4811 aliam
956 4769 1079 4826 qua
1122 4755 1359 4826 priorem
1388 4758 1658 4829 compleat
1706 4759 2058 4832 perﬁciatque
2085 4777 2178 4833 es-

568 4843 748 4915 -petit
796 4845 1030 4917 gratiam
1080 4844 1270 4907 dicens
1329 4867 1344 4903 :
1398 4867 1421 4900 ι
1478 4846 1716 4906 Ostende
1749 4850 1884 4907 mihi
1943 4850 2174 4923 gloriam

608 4944 762 4995 tuam
788 4937 857 4995 “.
887 4956 909 4994 ι
956 4937 1104 4997 Deus
1160 4948 1340 4996 autem
1402 4941 1544 4997 votis
1585 4942 1707 5011 ejus
1755 4958 2004 5001 annuens
2056 4944 2174 4998 ait:

610 5026 782 5100 «Ego
817 5029 1122 5101 pmoedam
1152 5038 1210 5087 te
1250 5031 1423 5103 gloria
1468 5047 1612 5098 mea,
1639 5040 1695 5088 et
1746 5033 1953 5089 vocabo
1993 5035 2047 5089 in
2080 5050 2178 5089 no-

612 5120 763 5177 mine
816 5115 1032 5179 Domini
1085 5138 1272 5179 coram
1320 5131 1375 5179 te
1402 5124 1468 5187 ”,
1506 5144 1529 5177 θ
1564 5134 1620 5180 et
1649 5133 1868 5182 θᾶκοι-ε.
1920 5124 2179 5183 Ostendit

610 5213 783 5284 igitur
812 5213 1074 5285 majorem
1112 5229 1237 5271 esse
1256 5215 1441 5286 priore
1474 5230 1574 5273 sua
1601 5216 1651 5271 ei
1681 5216 2046 5287 apparitione,
2076 5215 2179 5270 Pa-

610 5305 727 5362 tris
742 5303 948 5377 Deique
969 5306 1214 5365 omnium
1254 5308 1562 5373 scientiam,
1594 5321 1756 5377 quam
1782 5322 1842 5365 se
1864 5306 1912 5363 ei
1943 5308 2177 5363 traditu-

614 5412 739 5451 rum
766 5411 892 5454 esse
918 5392 1226 5469 pollicetur,
1256 5398 1325 5454 de
1361 5414 1421 5455 se
1460 5399 1578 5469 ipso
1617 5399 1806 5457 dicens
1838 5419 1852 5455 :
1897 5418 1917 5451 ι
1962 5398 2175 5457 Praece-

2283 4478 2510 4552 πορεύῃ,
2546 4480 2619 4551 μή
2653 4497 2719 4551 με
2747 4481 3029 4555 ἀναγάγῃς
3055 4480 3321 4536 ἐντεῦθεν·
3354 4500 3372 4532 ι
3405 4476 3523 4550 πρὸς
3544 4462 3723 4542 aut?»

2279 4587 2363 4624 σιν
2395 4571 2775 4636 ἐπινεύσαντος
2796 4571 2887 4625 τοῦ
2916 4572 3122 4644 Κυρίου
3143 4574 3239 4629 καὶ
3255 4573 3520 4644 φήσαντος,
3547 4584 3565 4617 ι
3585 4555 3724 4616 Καὶτὲν

2275 4662 2431 4733 λόγον
2479 4679 2573 4716 σου
2612 4656 2828 4728 τοῦτον,
2853 4662 2912 4719 ὃν
2939 4664 3187 4735 είρηκας,
3222 4667 3440 4737 ποιήσω,
3462 4681 3480 4714 ι
3512 4659 3563 4713 τὸ
3593 4655 3723 4737 ἓτοιιιειξν

2284 4750 2507 4807 συνιδὼν
2531 4755 2630 4827 τῆς
2661 4752 2809 4819 θείας
2837 4754 3267 4827 μεγαλοδωρεᾶς,
3294 4736 3563 4826 φθανούσης
3590 4736 3715 4812 τῆςτῦ

2283 4847 2532 4919 εργεσίας
2557 4849 2682 4913 τοὺς
2715 4847 2964 4921 μεγάλων
2993 4850 3367 4924 ὀρεγομένους,
3392 4843 3498 4902 εἶτα
3522 4833 3721 4913 altth

2282 4939 2493 5003 ἑαυτὸν,
2524 4941 2617 4996 καὶ
2639 4941 2715 5005 ῶς
2745 4942 2819 5013 μὴ
2844 4942 2994 5010 ἄξιόν
3021 4962 3107 4998 πω
3136 4945 3246 4998 τῶν
3272 4941 3509 5016 μειζόνων
3529 4926 3721 5002 Martii?"

2281 5049 2392 5100 νος,
2416 5032 2609 5105 ἑτέραν
2635 5032 2711 5098 ὼς
2742 5035 2801 5087 ὲν
2831 5016 3112 5109 συγκρίσει
3138 5039 3239 5110 τῆς
3269 5034 3515 5111 προτέρας
3535 5025 3719 5082 iw
3818 5070 3819 5111 ξ

2281 5124 2503 5193 ἀξίωσιν
2526 5125 2800 5198 προτείνει
2821 5125 3015 5196 λέγων,
3044 5146 3064 5180 ι
3086 5129 3266 5195 Δεῖξόν
3289 5146 3372 5201 μοι
3386 5127 3475 5198 τὴν
3490 5120 3613 5187 δόξαν
3630 5123 3717 5166 σωο³

2285 5217 2508 5290 πληρῶν
2540 5218 2599 5273 δὲ
2626 5217 2791 5273 αύτοῦ
2828 5219 2919 5274 τὸν
2948 5219 3105 5290 λόγον
3132 5223 3162 5276 6
3191 5222 3415 5295 Κύριος,
3455 5235 3474 5270 ι
3504 5208 3614 5280 Ἐγῶ
3635 5214 3719 5295 παρ’

2280 5310 2570 5385 ελεύσομαι
2602 5312 2866 5386 πρότερός
2893 5330 2985 5368 σου
3009 5317 3076 5388 τῇ
3097 5314 3226 5388 δόξῃ
3255 5293 3379 5387 μου·
3408 5311 3490 5366 καὶ
3511 5293 3722 5388 καλέσω-ξ’

2275 5383 2502 5475 ὀνόματι
2529 5383 2735 5478 Κυρίου
2775 5383 3020 5460 ἐναντίον
3050 5383 3374 5471 -.σουλ-καὶ
3408 5405 3469 5460 τὰ
3493 5398 3614 5468 ἑξῆς·
3634 5383 3722 5444 διδέν

684 5575 731 5608 ⁸⁸
767 5573 928 5653 N_u_m.
964 5581 1222 5653 §il.,_5-8_.
1296 5583 1341 5614 "
1381 5548 1626 5646 De‘ut.v,
1659 5583 1711 5639 5.
1787 5584 1832 5616 ’⁸
1869 5584 2059 5641 Matth.
2098 5604 2150 5647 ν,

2315 5587 2362 5620 ’⁸
2402 5584 2576 5644 Exod.
2611 5605 2692 5653 ιιι,
2730 5590 2817 5645 l5.
2892 5591 2937 5624 ³⁰
2979 5590 3151 5648 Exod.
3188 5606 3371 5651 ιιιιιι,
3406 5587 3481 5643 13.
3542 5580 3575 5614 ”
3607 5566 3715 5629 EW-

620 5660 775 5712 xxm,
800 5647 887 5704 25.
970 5648 1014 5680 ³²
1052 5650 1226 5709 Exod.
1262 5666 1472 5720 χχχιιι,
1509 5652 1596 5709 15.
1673 5654 1719 5686 ³³
1757 5653 1887 5711 ibid.
1928 5655 2012 5711 Π.
2090 5657 2131 5691 ³⁵
2174 5658 2183 5712 l

2281 5656 2345 5712 vd.
2381 5673 2592 5728 χχχιιι,
2633 5647 2718 5715 l8.
2797 5662 2842 5694 ³⁸
2881 5661 3015 5722 ibid.
3054 5647 3140 5720 l9.
