3936 6206
262 342 402 399 1063

1316 341 1609 399 ECLOGA}
1649 341 2130 402 PROPIIETIC‘E.
2174 378 2238 387 —
2277 340 2407 404 LIB.
2441 347 2482 405 1.

3366 354 3503 413 1086

261 485 407 523 σκων
431 468 513 522 ὅτι
536 467 600 540 δὴ
636 468 812 539 πάσης
843 466 1043 540 μείζων
1089 469 1197 539 τῆς
1228 470 1492 541 πρότερον
1530 468 1676 538 αύτῷ
1702 468 1828 521 θεω-

1937 470 2061 523 dant
2095 484 2145 527 te
2163 474 2332 543 gloria
2355 489 2493 534 mea,
2523 494 2540 525 ι
2573 482 2627 529 et
2658 475 2725 531 de
2759 470 2935 529 Patris
2965 474 3049 529 sui
3081 474 3349 539 doctrina,
3382 496 3400 529 ι
3440 476 3504 533 Et

263 561 529 635 ρουμένης
561 560 821 624 ὀπτασίας
851 563 882 632 ή
918 561 1011 614 τοῦ
1038 562 1247 633 Πατρδς
1271 563 1364 615 καὶ
1398 561 1532 614 Θεοῦ
1561 561 1668 614 τῶν
1697 562 1833 615 ὅλων

261 659 514 728 τυγχάνει
541 657 761 727 γνῶσις,
788 660 853 729 ἣν
876 659 969 712 καὶ
996 657 1339 730 παραδώσειν
1374 657 1524 729 αὐτῷ
1556 658 1831 728 ὑπισχνεῖ-

265 766 373 813 ται,
406 750 532 822 περὶ
568 750 663 821 μὲν
692 751 882 804 ἑαυτοῦ
908 750 1099 819 λέγων,
1142 770 1160 802 ι
1189 748 1601 823 Παρελεύσομαι
1635 749 1831 821 πρότε-

265 844 354 915 ρός
390 861 479 897 σου
514 847 580 916 τῇ
616 844 743 918 δόξῃ
780 862 899 916 μου.
933 864 951 895 ι
986 845 1119 917 Περὶ
1145 844 1198 897 δὲ
1230 844 1329 915 τῆς
1356 844 1449 897 τοῦ
1480 842 1691 915 Πατρδς
1736 861 1833 913 μυ-

265 937 571 1006 σταγωγίας
589 937 669 1001 τὸ,
693 957 710 989 ι
734 938 827 990 καλ⁸
849 937 1059 991 καλέσω
1076 940 1131 990 ὲν
1157 935 1379 1008 ὀνόματι
1396 935 1619 1007 Κυρίου’
1636 957 1652 987 ι
1676 935 1830 988 ποίου

261 1028 370 1100 γὰρ
388 1031 611 1100 Κυρίου,
644 1028 803 1093 αὐτὸς
827 1029 900 1083 ὢν
917 1032 945 1083 6
962 1029 1047 1083 διὰ
1075 1028 1169 1082 τοῦ
1202 1028 1623 1101 τετραγράμμου
1645 1027 1832 1100 δηλούο

261 1136 419 1190 μενος
448 1120 671 1193 Κύριος,
706 1124 753 1175 εἰ
787 1122 860 1193 μὴ
890 1122 997 1193 ἄρα
1021 1122 1113 1175 τοῦ
1134 1122 1345 1191 Πατρδς
1374 1122 1622 1176 καλέσειν
1656 1123 1828 1189 ἑπαγ-

256 1210 538 1279 γέλλεται;
575 1212 683 1265 Καὶ
713 1211 927 1283 ἀληθῶς
950 1229 1011 1280 γε
1034 1214 1080 1265 εί
1107 1213 1179 1284 μὴ
1205 1212 1397 1265 διέλθοι
1423 1213 1544 1267 τινὰ
1569 1213 1830 1284 πρότερον

252 1302 284 1357 6
307 1303 399 1358 τοῦ
426 1304 561 1357 Θεοῦ
588 1304 777 1372 Λόγος,
805 1306 897 1357 καὶ
937 1304 984 1357 εί
1027 1305 1100 1376 μὴ
1133 1304 1292 1367 αὐτὸς
1325 1304 1712 1360 ἀνακαλέσοιτο
1739 1306 1831 1361 τὸν

254 1398 492 1471 Πατέρα,
528 1399 634 1452 οὐδ’
674 1398 845 1462 ἄλλως
894 1396 1115 1452 δυνατὸν
1162 1398 1261 1469 τὴν
1323 1395 1417 1451 τοῦ
1470 1397 1679 1472 Πατρδς
1724 1399 1829 1453 τῶν

252 1490 392 1544 ὅλων
420 1489 707 1543 ἀναλαϐεῖν
756 1490 987 1557 γνῶσιν·
1029 1508 1046 1541 ι
1096 1489 1215 1543 ἐπεὶ
1260 1489 1381 1559 μηδ’
1431 1486 1511 1555 εἷς
1554 1490 1694 1559 ἔγνω
1736 1490 1828 1544 τὸν

254 1580 473 1651 Πατέρα
506 1582 555 1633 εί
589 1580 662 1650 μὴ
691 1584 718 1634 6
749 1580 894 1644 Υἱὸς,
929 1581 1021 1633 καὶ
1046 1573 1089 1648 ᾧ
1117 1577 1181 1633 ἂν
1214 1583 1241 1633 6
1277 1581 1401 1643 Υἱὸς
1427 1580 1772 1653 ἀποκαλύψῃ.
1804 1599 1822 1631 ι

158 1722 185 1743 ν,
252 1670 425 1734 Αὐτὸς
449 1669 579 1738 γοῦν
612 1672 757 1723 ἐστιν
790 1672 822 1741 ἠ
853 1668 989 1741 θύρα
1009 1667 1102 1722 καὶ
1126 1671 1157 1739 ἠ
1185 1669 1302 1733 όδὸς
1332 1667 1397 1721 δι’
1418 1661 1477 1721 οὗ
1502 1668 1661 1740 μόνου
1683 1668 1828 1721 ἔστιν

256 1763 389 1816 ἰδεῖν
419 1762 507 1816 τὸν
533 1761 786 1815 ἐπέκεινα
815 1763 907 1815 καὶ
939 1761 1196 1815 ἀνωτάτω
1225 1760 1330 1813 τῶν
1362 1761 1497 1814 ὅλων
1520 1762 1710 1826 αἴτιον,
1732 1762 1828 1815 a6-

249 1856 342 1909 τὸν
372 1856 461 1908 τὸν
491 1855 706 1925 Πατέρα
726 1869 740 1884 ·
766 1855 815 1905 εί
837 1853 943 1923 γὰρ
976 1854 1069 1907 καὶ
1096 1852 1166 1906 τὰ
1190 1852 1419 1924 μάλιστα
1446 1847 1532 1908 οἷά
1557 1871 1639 1917 τις
1665 1817 1826 1906 αύτοῦ
1861 1817 1902 1872 Β

253 1949 559 2023 πρόδρομος
584 1946 945 2019 προεπιδημεῖ
975 1949 1094 2009 ταῖς
1125 1946 1232 1999 τῶν
1259 1946 1540 2018 μακαρίων
1572 1945 1769 2017 ψυχαῖς
1800 1946 1828 1997 6

252 2042 396 2105 θεῖος
429 2040 620 2109 Λόγος,
644 2040 740 2109 τῆς
773 2038 904 2101 ιδίας
931 2037 1087 2108 δόξης
1117 2037 1428 2108 μεταδιδοὺς
1475 2038 1684 2101 αὐταῖς,
1715 2036 1825 2091 ἀλλ’

249 2133 346 2203 οὐχ
378 2132 591 2185 ἵσταταί
617 2148 679 2200 γε
713 2132 792 2193 εἰς
819 2128 969 2192 τέλος
994 2128 1064 2181 τὰ
1085 2130 1185 2201 τῆς
1220 2129 1506 2195 αύθεντίας
1534 2131 1611 2195 είς
1641 2130 1830 2184 ἑαυτὸν

248 2223 670 2295 ἀναλαμῦἀνων,
707 2223 1237 2294 προπαρασκευάσας
1264 2224 1320 2276 δὲ
1347 2224 1441 2276 καὶ
1472 2223 1830 2294 προευτρεπίο

249 2330 351 2376 σας
395 2314 493 2383 τὴν
532 2312 717 2382 μονὴν,
752 2313 1027 2383 ὑποχωρεῖ
1066 2311 1157 2365 καὶ
1208 2311 1680 2384 μεταπαραδίδωσι
1728 2313 1829 2382 τὴν

248 2404 531 2475 βασιλείαν
560 2402 638 2474 τῷ
664 2402 781 2474 Θεῷ
802 2403 895 2456 καὶ
917 2403 1109 2475 Πατρί.
1128 2402 1297 2456 Τοῦτο
1318 2403 1373 2456 δὲ
1396 2404 1491 2455 καὶ
1517 2403 1677 2467 αὐτὸς
1697 2406 1828 2474 ὁμο·-

243 2498 403 2566 ὶογεῖ
436 2496 682 2565 φάσκων,
725 2515 741 2546 ι
764 2493 904 2564 Ἐγὼ
928 2495 1329 2567 παρελεύσομαι
1357 2494 1618 2566 πρότερός
1646 2512 1736 2549 σου
1761 2497 1827 2567 τῇ

242 2587 374 2659 δόξῃ
416 2604 539 2656 μου,
577 2587 668 2637 καὶ
698 2584 910 2639 καλέσω
947 2588 1004 2639 ὲν
1040 2583 1262 2656 ὀνόματι
1290 2582 1514 2657 Κυρίου.
1546 2605 1563 2637 ι
1593 2584 1703 2639 Νῦν
1733 2586 1830 2658 μὲν

243 2673 341 2732 οὖν
361 2677 507 2746 λόγῳ
530 2675 686 2730 τοῦτο
707 2676 934 2749 πράξειν
964 2675 1357 2747 ἐπαγγέλλεται
1376 2694 1388 2705 -
1422 2674 1547 2748 ἑξῆς
1574 2676 1632 2730 δὲ
1655 2676 1747 2730 καὶ
1770 2675 1831 2730 τὸ

246 2771 415 2843 ἔργον
451 2772 645 2840 ἐπάγει
678 2770 802 2824 ἔνθα
831 2770 1062 2843 εἴρηται,
1099 2791 1117 2823 ι
1143 2772 1251 2825 Καὶ⁸
1292 2770 1494 2842 κατέϐη
1528 2770 1729 2842 Κύριος
1774 2773 1831 2825 έν

243 2863 474 2937 νεφέλῃ,
505 2863 599 2916 καὶ¹
623 2863 867 2933 παρέστη
892 2861 1039 2932 αὐτῷ
1067 2862 1182 2914 ἐκεῖ
1200 2876 1213 2890 ’
1243 2860 1337 2914 καὶ
1361 2860 1617 2915 ἐκάλεσεν
1646 2862 1704 2914 ὲν
1725 2858 1835 2913 6V6-

245 2974 387 3028 ματι
422 2955 647 3028 Κυρίου.
684 2955 794 3008 Καὶ
840 2951 1112 3024 παρῆλθεν
1147 2951 1347 3023 Κύριος
1385 2950 1491 3024 πρὸ
1538 2949 1830 3021 προσώπου

242 3047 421 3103 αὑτοῦ
452 3049 545 3102 καὶ
574 3047 819 3110 ἐκάλεσε,
841 3043 1281 3117 Κύριος-,Κύριος
1309 3045 1337 3097 6
1358 3042 1489 3106 Θεὸς
1509 3042 1828 3112 οἰκτίρμων,

1934 566 2139 620 vocabo
2173 567 2226 620 in
2256 567 2474 621 nomine
2505 564 2717 621 Domini
2745 582 2927 621 coram
2971 576 3043 622 te.
3073 588 3091 619 ι
3120 566 3289 634 Quem
3320 578 3502 625 autem

1934 655 2245 722 Dominum,
2274 673 2404 711 cum
2465 658 2536 714 sit
2592 659 2708 731 ipse
2756 658 3018 714 Dominus
3057 656 3502 732 tetragrammato

1932 749 2273 820 designatus,
2306 749 2409 805 nisi
2444 749 2656 805 Patrem
2691 766 2849 804 suum
2894 763 3214 807 vocaturum
3242 768 3363 808 esse
3405 754 3500 811 deo

1934 840 2466 898 nuntiat?Profecto
2518 844 2623 899 nisi
2669 845 2926 914 praevium
2972 855 3059 899 eat
3092 844 3183 901 Dei
3235 844 3496 908 Verbum.

1934 936 2040 991 nisi
2072 936 2189 1006 ipse
2228 935 2445 991 Patrem
2480 937 2727 1003 advocet,
2763 938 3098 1009 impossibile
3131 947 3212 993 est
3251 941 3499 1009 quemvis

1932 1024 2175 1077 omnium
2207 1024 2384 1081 Patris
2414 1027 2696 1081 scientiam
2716 1027 2985 1096 excipere.
3020 1046 3038 1077 ι
3075 1027 3259 1098 Neque
3282 1028 3499 1086 Patrem

1932 1116 2056 1185 quis
2094 1117 2263 1175 novit.
2298 1119 2401 1173 nisi
2432 1117 2624 1183 Filius.
2649 1126 2701 1174 et
2733 1120 2818 1174 cui
2854 1117 3029 1175 Filius
3058 1123 3295 1177 voluerit
3346 1139 3499 1179 reve-

1932 1210 2045 1264 lare
2076 1212 2139 1265 ”.
2178 1231 2196 1264 ›
2235 1212 2355 1281 ipse
2389 1213 2553 1282 igitur
2583 1222 2666 1268 est
2702 1215 2871 1283 janua
2900 1216 3094 1284 viaque
3126 1230 3230 1284 qua
3263 1216 3377 1271 sola
3405 1230 3500 1275 ex-

1931 1303 2295 1358 celsissimam
2355 1304 2940 1376 immensissimamque
2996 1320 3177 1361 rerum
3255 1307 3498 1361 omnium

1931 1409 2173 1459 causam,
2203 1393 2418 1449 Patrem
2480 1396 2680 1466 ipsum,
2710 1397 3027 1467 conspicere
3074 1412 3384 1467 possumus.
3439 1396 3499 1453 Si

1930 1486 2073 1540 enim
2112 1502 2274 1556 quam
2304 1487 2561 1555 maxime,
2602 1489 2746 1543 velut
2786 1489 2983 1558 aliquis
3015 1488 3135 1558 ejus
3169 1504 3497 1559 praecursor,

1932 1577 2214 1633 beatorum
2268 1579 2480 1635 animas
2528 1580 2767 1634 divinum
2802 1578 3237 1650 praeitVerbum,
3272 1582 3499 1651 partici-

1933 1685 2026 1740 pes
2048 1686 2143 1725 eos
2172 1673 2404 1742 propriae
2443 1673 2627 1743 gloria:
2653 1672 2910 1736 eﬂiciens,
2938 1675 3032 1729 sed
3068 1691 3175 1729 non
3204 1675 3403 1730 desinit
3432 1673 3501 1729 ad

1932 1763 2090 1819 linem
2124 1767 2465 1821 auctoritatis
2490 1776 2670 1837 partes
2696 1768 2749 1822 in
2775 1784 2832 1824 se
2865 1770 3165 1839 suscipere,
3200 1777 3500 1840 praeparato

1933 1863 2110 1909 autem
2161 1871 2224 1909 ac
2247 1855 2513 1925 disposito
2538 1857 2872 1922 habitaculo,
2910 1859 3143 1914 discedit
3190 1870 3242 1914 et
3273 1875 3499 1929 regnum

1934 1944 2043 2002 Deo
2077 1954 2130 2001 et
2170 1945 2316 2001 Patri
2341 1947 2620 2002 transfert.
2657 1946 2811 2014 Quod
2851 1962 2903 2003 et
2938 1950 3053 2020 ipse
3084 1952 3375 2007 conﬁtetur
3417 1953 3500 2007 di-

1931 2056 2113 2095 cens:
2168 2058 2186 2091 ι
2232 2039 2342 2111 Ego
2372 2042 2670 2110 praecedam
2701 2050 2754 2096 te
2792 2042 2962 2112 gloria
3011 2059 3152 2106 mea,
3200 2052 3252 2098 et
3298 2046 3502 2100 vocabo

1933 2132 1987 2185 in
2020 2132 2240 2185 nomine
2271 2129 2504 2185 Domini.
2551 2152 2569 2184 ›
2604 2129 2759 2185 Nunc
2796 2134 3012 2203 quidem
3058 2134 3223 2188 verbo
3255 2136 3386 2191 illud
3421 2136 3502 2190 fa-

1932 2231 2147 2277 cturum
2206 2238 2327 2278 esse
2354 2224 2651 2293 promittit;
2679 2225 2820 2293 quod
2870 2240 2929 2279 re
2973 2228 3202 2296 peragit,
3228 2234 3286 2280 ut
3315 2235 3501 2283 osten-

1934 2314 2071 2370 dunt
2108 2332 2229 2387 quas
2253 2325 2557 2388 sequuntur
2590 2333 2602 2371 :
2641 2334 2659 2367 ι
2698 2317 2946 2388 Cumque
2987 2320 3361 2377 descendisset
3394 2321 3500 2375 Do-

1932 2408 2115 2461 minus
2154 2422 2252 2475 per
2282 2408 2502 2471 nubem,
2530 2408 2682 2462 stetit
2714 2408 2925 2480 Moyses
2956 2423 3079 2463 cum
3118 2424 3204 2477 eo,
3236 2411 3499 2468 invocans

1932 2512 2130 2553 nomen
2162 2496 2394 2553 Domini.
2438 2497 2502 2553 Et
2548 2499 2765 2554 transiit
2816 2497 3078 2554 Dominus
3129 2507 3254 2555 ante
3304 2499 3499 2557 facient

1931 2586 2071 2655 ejus,
2104 2590 2423 2658 vocavitque
2453 2605 2467 2643 :
2513 2587 2831 2643 Dominator
2863 2587 3093 2644 Domine
3134 2588 3296 2654 Deus,
3334 2592 3497 2646 mise-

1934 2679 2107 2733 ricors
2158 2688 2211 2734 et
2242 2680 2503 2746 clemens,
2539 2689 2592 2736 et
2627 2683 2859 2752 patiens,
2888 2689 2943 2736 et
2978 2681 3161 2736 multae
3194 2682 3499 2738 miseratim

1933 2771 2037 2835 nis,
2066 2785 2132 2825 ac
2167 2786 2350 2834 verax,
2380 2772 2474 2841 qui
2509 2773 2755 2829 custodis
2801 2773 3233 2829 misericordiam
3272 2774 3328 2828 in
3373 2774 3499 2827 mil~

1934 2864 2024 2931 lia,
2051 2864 2141 2935 qui
2178 2863 2361 2921 aufers
2395 2864 2737 2935 iniquitatem
2777 2873 2832 2921 et
2862 2866 3090 2928 scelera,
3123 2874 3286 2936 atque
3309 2880 3501 2937 pcccao

1934 2966 2009 3020 ta,
2050 2957 2342 3029 nullusque
2371 2956 2512 3029 apud
2550 2965 2601 3013 te
2632 2974 2731 3028 per
2760 2973 2818 3013 se
2842 2958 3106 3013 innocens
3127 2966 3230 3011 est.
3250 2955 3352 3024 Qui
3380 2956 3502 3011 red--

1932 3050 2017 3106 dis
2040 3051 2378 3122 iniquitatem
2423 3060 2638 3121 patrum
2684 3051 2830 3115 ﬁliis,
2860 3066 2923 3106 ac
2983 3050 3269 3121 nepotibus
3302 3051 3355 3104 in
3391 3057 3499 3106 ter-

240 3145 347 3197 καὶ
375 3141 641 3212 ἐλεήμων.
674 3139 733 3210 (f.
767 3137 854 3206 12)
890 3135 1256 3208 μακρόθυμος,
1294 3133 1388 3187 καὶ
1412 3132 1715 3196 πολυέλεος,
1737 3132 1828 3187 καὶ

1934 3146 2063 3198 tiam
2085 3151 2138 3198 et
2169 3152 2417 3213 quartam
2451 3144 2759 3214 progeniem
2790 3144 2879 3197 '5'.
2914 3163 2933 3195 ι
2967 3142 3092 3197 Hinc
3119 3144 3263 3197 enim
3290 3144 3404 3214 ipse
3425 3142 3503 3199 dl-

237 3232 523 3305 ἁληθινὸς,
554 3232 646 3285 καὶ
676 3229 1021 3301 δικαιοσύνην
1050 3227 1339 3300 διατηρῶν,
1372 3224 1539 3280 ποιῶν
1573 3225 1719 3287 ἔλεος
1751 3225 1830 3287 εις

238 3324 517 3398 χιλιάδας,
545 3322 795 3395 ἀφαιρῶν
835 3321 1085 3391 ἀνομίας,
1121 3320 1215 3372 καὶ
1252 3318 1484 3382 ἀδικίας,
1518 3316 1612 3371 καὶ
1647 3317 1828 3386 ἀμαρ-

235 3420 392 3481 τίας,
426 3414 521 3470 καὶ
564 3416 655 3471 τὸν
691 3415 871 3486 ἔνοχον
916 3414 977 3466 ού
1023 3410 1301 3483 καθαριεῖ·
1335 3410 1554 3479 ἐπάγων
1600 3408 1830 3479 ἀνομίας

239 3509 481 3581 πατρῶν
509 3510 600 3563 ἐπὶ
624 3508 811 3570 τέκνα,
839 3507 935 3560 καὶ
966 3505 1064 3558 ἐπὶ
1095 3503 1259 3557 τέκνα
1288 3501 1492 3555 τέκνων
1521 3500 1614 3554 ἐπὶ
1640 3498 1829 3572 τρίτην

236 3604 347 3657 καὶ
383 3602 649 3674 τετάρτην
675 3599 888 3670 γενεάν.
920 3616 939 3649 ι
970 3596 1152 3650 Ταῦτα
1179 3596 1287 3666 γὰρ
1308 3594 1469 3657 αὐτός
1500 3611 1632 3664 φησι
1660 3607 1830 3646 κατα-

244 3696 359 3759 ϐὰς
387 3696 444 3747 ἐν
474 3693 666 3765 νεφέλῃ
690 3693 784 3745 καὶ
801 3689 1084 3762 παραστὰς
1111 3689 1189 3759 τῷ
1204 3690 1427 3742 Μωῦσεῖ
1446 3687 1475 3738 ό
1501 3685 1589 3739 διὰ
1615 3683 1707 3738 τοῦ
1739 3700 1829 3736 τε·

248 3786 627 3859 τραγράμμου
667 3783 993 3856 δηλούμενος
1032 3781 1235 3853 Κύριος
1256 3794 1270 3810 ·
1300 3780 1358 3844 ὃς
1391 3778 1513 3832 καθ’
1540 3779 1606 3848 ἢν
1641 3776 1830 3829 πεποί-

244 3898 383 3950 ηται
420 3878 709 3949 ὑπόσχεσιν
749 3874 1031 3947 παρελθὼν
1066 3875 1170 3945 πρὸ
1202 3870 1486 3946 προσώπου
1523 3867 1707 3935 αὐτοῦ,
1737 3870 1828 3922 τὸν

241 3974 344 4026 καὶ
382 3970 574 4025 ἑαυτοῦ
609 3970 810 4042 Κύριον
832 3970 926 4023 καὶ
952 3968 1189 4037 Πατέρα,
1216 3964 1307 4018 τὸν
1336 3962 1549 4034 ἀληθῶς
1576 3962 1702 4015 ὄντα
1724 3960 1830 4014 Κύ·

245 4082 369 4139 ριαν
403 4063 625 4136 Κύριον,
647 4062 726 4126 δὶς
750 4062 836 4115 διὰ
873 4060 966 4114 τοῦ
998 4058 1422 4129 τετραγράμμου
1460 4054 1828 4126 ἐμφερόμενον

249 4156 604 4212 ἀνακαλεῖται
629 4152 802 4222 λέγων
821 4150 900 4216 τὸ,
931 4172 949 4202 ι
973 4151 1192 4223 Κύριος.
1214 4148 1414 4220 Κύριος
1433 4151 1461 4200 6
1476 4146 1606 4210 θεὸς
1627 4144 1827 4216 οἰκτίρ-

249 4266 374 4320 μων
410 4249 501 4301 καὶ
532 4247 795 4318 ἐλεήμων,
830 4265 848 4296 ι
881 4246 974 4297 καὶ
1019 4244 1087 4297 τὰ
1138 4242 1283 4311 ἑξῆς.
1318 4242 1379 4293 Ei
1424 4241 1479 4293 δὲ
1511 4236 1827 4309 βιαζόμενός

240 4358 333 4404 τις
359 4340 559 4408 φάσκοι
593 4338 665 4409 μὴ
691 4336 781 4390 τὸν
810 4335 1035 4407 Κύριον,
1067 4334 1200 4387 ἀλλά
1229 4332 1465 4400 Μωΰσῆν
1491 4329 1663 4384 ταῦτα
1680 4330 1827 4400 εἰρη-

243 4434 429 4496 κέναι,
467 4436 673 4502 πεῐσμα
706 4430 921 4500 βέϐαιον
955 4427 1276 4499 λαμϐανέτω
1301 4426 1357 4493 ἐξ
1387 4424 1565 4478 αὐτῶν
1595 4423 1700 4477 τῶν
1732 4420 1825 4475 τοῦ

1937 3233 2032 3298 cit,
2073 3248 2195 3286 cum
2224 3233 2507 3287 descendit
2539 3233 2595 3287 in
2630 3233 2775 3287 nube
2803 3240 2856 3287 et
2885 3249 3052 3304 prope
3072 3232 3309 3304 Moysem
3351 3232 3502 3290 stetit

1934 3329 2380 3394 tetragrammato
2420 3324 2737 3393 designatus
2780 3323 3062 3380 Dominus.
3095 3323 3248 3388 Dein,
3275 3324 3345 3379 ob
3374 3337 3503 3397 pro-

1935 3415 2250 3470 missionem
2298 3430 2462 3485 quam
2516 3416 2635 3487 ipse
2692 3414 2915 3480 fecerat,
2946 3416 3223 3472 transiens
3270 3423 3395 3471 ante
3424 3413 3503 3471 fa.

1934 3506 2073 3561 ciem
2102 3504 2242 3574 ejus,
2274 3506 2473 3561 suimet
2503 3505 2790 3561 Dominum
2813 3515 2868 3561 et
2895 3506 3130 3572 Patrem,
3160 3523 3287 3564 vere
3321 3505 3501 3561 Domi.

1934 3612 2087 3661 num,
2116 3594 2542 3661 Dominatorem,
2569 3598 2653 3653 bis
2688 3605 3127 3667 tetragrammato
3156 3597 3499 3668 designatum

1936 3689 2151 3745 invocat
2176 3689 2365 3746 dicens
2395 3707 2410 3743 :
2438 3707 2455 3741 ι
2495 3688 2812 3743 Dominator
2844 3687 3067 3743 Domine
3090 3687 3253 3751 Deus,
3290 3688 3503 3744 miseri.

1934 3799 2059 3838 cors
2072 3791 2125 3837 et
2152 3784 2414 3849 clemens,
2442 3802 2460 3835 ι
2480 3793 2533 3838 et
2557 3782 2785 3852 reliqua.
2811 3779 2868 3836 Si
2898 3782 3023 3853 quis
3055 3788 3237 3835 autem
3259 3780 3363 3834 loci
3381 3795 3501 3834 sen-

1934 3889 2055 3927 sum
2086 3871 2416 3943 detorquens
2446 3872 2669 3927 minime
2696 3888 2727 3925 a
2752 3871 2989 3931 Domino
3009 3871 3324 3934 contendat,
3346 3870 3444 3926 sed
3466 3886 3498 3926 ιι

1935 3964 2117 4037 Moyse
2146 3964 2262 4019 haec
2290 3979 2414 4019 esse
2445 3964 2587 4019 dicta
2606 4004 2622 4029 ,
2654 3964 2785 4019 illud
2830 3964 2989 4035 plane
3021 3972 3360 4033 compertum
3397 3960 3497 4017 ba-

1934 4056 2081 4111 bebit
2112 4055 2248 4124 ipsis
2268 4053 2470 4127 Moysis
2493 4054 2742 4122 vocibus,
2778 4054 2893 4110 haec
2929 4069 3053 4111 esse
3082 4053 3247 4109 verba
3279 4052 3493 4111 Domini

1932 4146 2284 4210 confitentis,
2331 4163 2455 4202 eum
2509 4148 2563 4202 in
2617 4146 2722 4201 alio
2773 4146 2894 4200 loco
2941 4154 3194 4215 precatur
3256 4144 3493 4202 dicens:

1936 4257 1956 4291 ι
1995 4238 2371 4310 Magniﬁcetur
2392 4255 2522 4311 ergo
2562 4238 2822 4294 fortitudo
2856 4237 3068 4293 Domini
3100 4237 3241 4293 sicut
3274 4236 3496 4307 jurasti.

1932 4331 2119 4388 dicens
2152 4351 2165 4387 :
2196 4331 2459 4389 Dominus
2495 4332 2709 4402 patiens
2753 4341 2807 4386 et
2857 4332 3039 4386 multae
3086 4328 3496 4396 misericordiae,

1936 4424 2189 4482 auferens
2242 4427 2587 4497 iniquitatem
2640 4437 2693 4482 et
2743 4427 2994 4489 scelera,
3043 4425 3362 4496 nullumque
3418 4425 3497 4480 in.

242 4524 532 4587 Μωῦσέως
562 4522 755 4592 φωνῶν
784 4518 1168 4592 ὁμολογοῦντος
1204 4518 1297 4571 τοῦ
1337 4516 1539 4588 Κυρίου
1569 4511 1705 4568 εἶναι
1734 4513 1828 4577 τὰς

1937 4520 2157 4574 noxium
2205 4520 2611 4590 derelinquens,
2665 4521 2756 4590 qui
2809 4520 2996 4575 visitas
3027 4528 3249 4590 peccata
3282 4525 3498 4589 patrum

248 4613 675 4685 προεκτεθείσας
713 4611 906 4677 λέξεις,
936 4611 1003 4665 δι’
1035 4604 1108 4663 ὧν
1138 4610 1425 4681 εὐχόμενος
1453 4611 1510 4661 ὲν
1537 4606 1707 4678 ἑτέρῳ
1736 4605 1827 4658 τό·

246 4722 342 4775 suo
375 4705 529 4775 φησὶ,
564 4724 582 4755 ι
602 4704 711 4759 Καὶ
737 4702 832 4757 νῦν
866 4702 1135 4773 ύψωθήτω
1169 4702 1202 4771 ἡ
1246 4699 1366 4772 χείρ
1395 4716 1509 4763 σου,
1533 4698 1705 4770 Κύριε
1728 4713 1743 4727 °
1768 4696 1827 4749 ὃν

244 4796 455 4868 τρόπον
486 4793 645 4860 εἶπας
675 4796 868 4864 λέγων,
898 4794 1101 4866 Κύριος
1134 4794 1500 4866 μακρόθυμος,
1538 4793 1631 4846 καὶ
1669 4791 1830 4844 πολυ-

250 4888 427 4952 έλεος,
465 4888 558 4942 καὶ
603 4887 873 4959 ἀληθινός
912 4887 1158 4959 ἀφαιρῶν
1213 4885 1440 4956 ἀνομίας
1470 4884 1563 4938 καὶ
1593 4884 1826 4951 ἀδικίας,

249 4982 352 5035 καὶ
369 4979 641 5051 ἁμαρτίας
656 4996 670 5010 ·
698 4980 789 5034 καὶ
810 4979 1134 5050 καθαρισμῷ
1157 4980 1217 5031 οὐ
1241 4979 1491 5050 καθαριεῖ
1516 4979 1606 5031 τὸν
1626 4979 1823 5049 ἔνοχον,

247 5071 540 5134 ἀπώιδοὺς
588 5070 860 5142 ἁμαρτίας
905 5069 1127 5141 πατρῶν
1178 5070 1269 5123 ἐπὶ
1309 5069 1477 5122 τέκνα
1507 5069 1609 5133 ἕως
1640 5068 1827 5139 τρίτης

248 5166 352 5219 καὶ
376 5164 638 5236 τετάρτης
662 5166 874 5233 γενεᾶς.
909 5183 927 5215 ι
948 5162 1348 5235 Ἐναργέστατα
1378 5162 1441 5234 δὴ
1474 5159 1565 5216 οὖν
1598 5162 1689 5215 καὶ
1725 5176 1824 5215 σα-

246 5256 501 5326 φέστατα
535 5255 622 5309 διὰ
645 5253 847 5308 τούτων
876 5255 1036 5318 αὐτὸς
1061 5256 1089 5308 ό
1131 5253 1331 5325 Κύριος
1359 5252 1456 5315 τὰς
1486 5250 1826 5323 προεκτεθεί-

248 5364 358 5411 σας
404 5345 642 5418 εἰρηκὼς
679 5349 917 5419 παριστᾷ
948 5362 1007 5399 τε
1034 5345 1432 5417 (παρίσταται)
1469 5344 1669 5413 φωνὰς,
1705 5343 1823 5416 μει-

246 5439 387 5504 ζονα
400 5438 602 5511 Κύριον
630 5440 720 5493 τὸν
747 5438 961 5511 ἀληθῶς
988 5437 1208 5511 Κύριον,
1230 5438 1387 5506 δῆλον
1414 5436 1458 5489 δ’
1485 5437 1565 5489 ὃτι
1597 5436 1687 5489 τὸν
1713 5436 1825 5489 Παο

241 5533 389 5605 τέρα
439 5530 652 5595 ἑαυτοῦ,
694 5530 1125 5601 ἀνακαλούμενος
1148 5546 1163 5561 '
1207 5528 1240 5601 ἢ
1284 5532 1330 5583 εἰ
1370 5529 1670 5593 δυσπειθῶς
1715 5528 1827 5598 ἔχοι

247 5622 393 5696 πρὸς
413 5622 605 5686 ταῦτα,
641 5622 841 5691 λεγέτω
868 5621 922 5674 εἰ
945 5639 1064 5674 τινα
1091 5620 1255 5690 ἀλλην
1291 5615 1399 5685 οἷός
1426 5621 1484 5673 τέ
1516 5622 1660 5676 ἐστιν
1685 5619 1825 5675 κατά

1931 4608 2002 4663 in'
2030 4609 2168 4665 filios
2203 4610 2259 4664 in
2292 4611 2507 4665 tertiam
2543 4616 2597 4663 et
2638 4618 2884 4678 quartam
2937 4608 3345 4678 generationem
3376 4606 3440 4661 ".
3473 4624 3493 4661 ι

1930 4700 2251 4757 Clarissime
2275 4700 2440 4770 igitur
2458 4709 2510 4755 et
2531 4697 2979 4755 manifestissime
3010 4706 3157 4768 patet
3176 4715 3239 4753 ex
3289 4698 3355 4752 iis
3381 4696 3498 4755 haec

1930 4810 2052 4865 qua:
2083 4795 2368 4851 retulimus
2408 4790 2697 4847 Dominum
2729 4792 2953 4854 dixisse,
2998 4791 3260 4859 majorem
3313 4787 3498 4854 Domi-

1931 4902 2063 4942 num
2096 4895 2150 4942 et
2184 4902 2307 4942 vere
2331 4885 2639 4949 Dominum,
2677 4885 2884 4940 scilicet
2913 4882 3129 4937 Patrem
3164 4881 3305 4951 ejus,
3339 4884 3496 4935 invo‘

1930 4986 2168 5033 cantem.
2204 4978 2304 5032 Cui
2340 4978 2387 5034 si
2419 4977 2550 5034 fides
2583 4977 2800 5033 diliicile
2830 4974 3174 5033 adhibeatur.
3206 4972 3389 5027 videre
3411 4981 3496 5028 est
3548 5014 3551 5019 .

1928 5087 1997 5126 an
2019 5071 2125 5123 alia
2156 5085 2278 5125 esse
2307 5070 2480 5140 possit
2511 5068 2790 5139 hujusloci
2807 5065 3135 5137 explanatio.
3150 5062 3361 5132 Quippe
3376 5064 3499 5117 ani-

1928 5160 2373 5217 madvertendum
2388 5169 2471 5214 est
2484 5174 2592 5213 non
2612 5159 2860 5229 angelum
2877 5154 3283 5211 manifestatum
3304 5152 3494 5217 fuisse,

1928 5255 2022 5310 sed
2038 5255 2214 5324 ipsum
2240 5259 2684 5322 tetragrammato
2705 5250 3045 5319 designatum
3066 5246 3380 5311 Dominum,
3400 5246 3494 5315 qui

1928 5356 1983 5401 et
2018 5344 2153 5401 facie
2183 5344 2249 5399 ad
2288 5344 2479 5400 faciem
2507 5358 2629 5399 cum
2648 5341 2829 5413 Moyse
2853 5338 3166 5411 perhibetur
3198 5335 3496 5392 fuissecol~

1927 5439 2167 5503 locutus,
2202 5453 2363 5509 quem
2393 5448 2448 5493 et
2475 5433 2685 5509 Moyses
2721 5435 2957 5500 invocat,
2998 5430 3494 5487 manifestationem

1928 5545 2025 5601 per
2051 5530 2271 5601 angelos
2300 5529 2624 5599 deprecatus
2648 5526 2733 5581 his
2762 5524 2978 5580 verbis:
3010 5542 3027 5574 ι
3068 5520 3123 5576 Si
3154 5536 3265 5577 non
3294 5531 3350 5577 tu
3379 5520 3495 5590 ipse

1930 5617 2300 5691 praecedasme
2316 5617 2517 5673 educas
2530 5630 2631 5669 nos
2643 5614 2710 5669 de
2725 5615 2845 5668 loco
2858 5612 3063 5668 isto‘“.
3079 5633 3096 5665 ι
3119 5610 3479 5669 Verumenim-

332 5779 377 5811 ³⁸
419 5779 608 5834 Matth.
648 5796 732 5842 ﬂ,
763 5779 850 5834 27.
928 5779 996 5810 ³⁸⁸
1036 5772 1205 5832 Exod.
1238 5792 1418 5843 xxxiv,
1455 5772 1574 5830 5-7.
1650 5774 1691 5807 ⁸⁷
1734 5768 1828 5829 Nu]

1932 5790 2038 5840 xiv,
2080 5772 2176 5840 l7,
2216 5770 2303 5827 l8.
2382 5768 2448 5802 ι’·
2489 5766 2661 5827 Exod.
2699 5784 2907 5835 xxxiii,
2945 5768 3032 5825 i5.

504 5879 773 5937 Pnaon.
823 5875 939 5935 Gn.
988 5874 1195 5935 XXII.

3062 5863 3139 5927 33b
