3952 6198
609 287 743 342 tom
1314 279 1582 337 susse"
1611 278 2090 338 cmsamsusns
2129 278 2275 336 ore.
2311 277 2490 336 PARS
2531 277 3126 336 lll.—EXEGETIC.\.
3641 291 3732 346 ιιι-ι

607 414 738 455 vero
759 413 864 452 non
885 403 1114 466 possunt
1131 395 1244 450 haec
1257 393 1323 451 de
1337 395 1444 450 alio
1463 395 1568 452 nisi
1584 396 1759 451 solum
1774 396 1840 452 de
1855 395 1964 451 Deo
1986 396 2168 452 Verbo.

2174 441 2181 464 ,
2213 403 2254 458 Α
2281 398 2410 462 τοὺς
2443 398 2636 460 τόπους
2665 396 2940 450 ἐπιϐαλεῖν
2961 396 3210 467 διήγησιν
3231 413 3242 425 ·
3275 396 3526 464 φυλάττων
3545 403 3590 454 τὸ
3609 406 3660 474 μὴ
3673 408 3735 474 ἀγ-

607 492 663 545 in
696 489 962 562 principio
988 489 1131 559 apud
1166 487 1356 553 Deum,
1394 488 1626 556 referri;
1658 491 1752 559 qui
1805 505 2000 560 magna
2038 507 2168 545 con-

2283 493 2438 561 γελον
2473 487 2611 544 εἶναι
2638 491 2730 543 τὸν
2759 489 3182 561 χρηματίζοντα,
3218 489 3329 541 ἀλλ’
3350 488 3494 544 αὑτὸν
3515 491 3589 544 τὸν
3607 494 3740 550 διᾶτώ

607 589 797 638 secuto
827 579 996 651 Moysi
1030 579 1297 650 majorum
1331 579 1572 636 ostendit
1611 581 1922 647 scientiam,
1971 582 2168 638 docens

2283 583 2706 656 τετραγράμμου
2753 580 3078 653 δηλούμενον
3127 581 3349 652 Κύριον,
3377 581 3430 646 ὃς
3473 583 3550 636 καὶ
3589 586 3744 653 ἐνώπιις

607 688 730 727 eum
785 680 843 726 ut
893 671 1070 726 solum
1124 686 1312 727 verum
1363 679 1656 743 cognoscat
1689 671 1880 734 Deum,
1927 681 1982 726 et
2013 687 2168 742 quem

2284 676 2498 748 ἐνωπίῳ
2519 675 2596 747 τῷ
2611 677 2745 730 Μωῦ
2753 678 2834 728 σεϊ
2855 674 3266 747 ἀναγέγραπται
3289 673 3614 745 λελαληκέναι,
3628 678 3670 730 ὃν
3685 682 3747 732 καὶ

609 764 757 818 misit
781 762 948 819 Deum
979 761 1243 824 Verbum.
1273 770 1326 818 et
1353 763 1531 834 ipsum
1565 771 1688 834 post
1721 761 1938 818 Patrem
1992 763 2170 818 Domi-

2283 767 2424 832 ἁξιοῖ
2469 767 2568 838 τὴν
2613 767 2681 820 δι’
2706 765 2952 835 ἀγγέλων
3009 763 3339 837 προστασίαν
3367 766 3747 836 παραιτούμενιςό

608 871 852 927 numque
906 855 1207 926 Deumque.
1239 854 1304 908 Et
1333 855 1563 926 primam
1599 855 1819 926 quidem
1869 855 1921 910 ei
1954 855 2096 911 hanc
2125 863 2169 912 el

2284 858 2526 928 Μωῦσῆς
2548 857 2744 926 λέγων,
2777 875 2795 908 ι
2823 857 2886 909 El
2922 854 2996 927 μὴ
3027 855 3190 919 αὐτὸς
3218 855 3280 908 σὺ
3315 855 3608 928 συμπορεύῃ,
3630 859 3682 926 μή
3704 876 3746 926 με

608 950 845 1005 maxime
878 949 1245 1005 necessariam
1271 951 1475 1020 praebet
1499 950 1811 1012 utilitatem,
1845 965 1913 1004 ne
1933 965 2169 1020 unquam

2285 951 2566 1022 ἀναγάγῃς
2596 948 2863 1006 ἐντεῦθεν.
2895 969 2912 1000 ι
2933 947 3092 1002 Ἀλλά
3113 947 3224 1018 γὰρ
3249 948 3343 1018 οὐχ
3365 940 3466 999 οἷόν
3485 964 3535 1000 τε
3555 947 3684 1002 ταῦτα
3697 951 3748 1017 ἐφ’

608 1043 677 1099 de
710 1042 954 1098 omnium
987 1040 1094 1096 Deo
1121 1041 1409 1111 Opiniones
1439 1042 1504 1096 ad
1531 1041 1941 1098 manifestatum
1964 1043 2013 1097 ei
2046 1040 2169 1097 Ver-

2284 1046 2470 1118 ἐτερον
2507 1045 2540 1116 ἢ
2573 1045 2664 1097 ἐπὶ
2705 1045 2861 1112 μόνον
2893 1043 2983 1097 τὸν
3012 1043 3069 1095 ἐν
3099 1043 3242 1112 ἀρχῇ
3275 1043 3405 1112 πρὸς
3432 1041 3509 1093 τὸν
3541 1041 3642 1093 Θεὸν
3663 1041 3751 1093 Θεὸν

611 1137 736 1190 bum
773 1151 866 1206 per
895 1135 1214 1190 immensam
1245 1149 1426 1188 rerum
1475 1133 1715 1188 visarum
1752 1135 1978 1204 gloriam
2030 1134 2172 1188 acci-

2283 1138 2457 1207 Λόγον
2509 1137 2798 1206 ἀναφέρειν
2819 1151 2831 1163 ·
2859 1134 2917 1198 ὃς
2949 1133 3199 1206 μεγάλων
3241 1133 3494 1204 ἐφιεμένῳ
3512 1131 3575 1202 τῷ
3599 1133 3753 1186 Marini

613 1229 746 1300 piat.
777 1227 940 1282 Docet
962 1227 1126 1298 igitur
1165 1226 1400 1296 seipsum
1464 1227 1698 1296 primum
1746 1227 2038 1297 solumque
2084 1242 2174 1282 ve-

2284 1229 2382 1299 τὴν
2428 1227 2522 1280 τοῦ
2555 1225 2797 1297 μείζονος
2836 1225 3090 1296 ἐμφαίνει
3123 1223 3345 1293 γνῶσιν,
3373 1222 3601 1275 παιδεύων
3627 1224 3752 1275 ἐαυτὸν

609 1336 731 1375 rum
767 1319 934 1375 Deum
962 1317 1288 1390 praecedere,
1321 1333 1482 1388 quem
1509 1319 1627 1388 ipse
1649 1317 1928 1374 invocabat
1954 1319 2170 1373 dicens:

2285 1321 2432 1384 ὅπως
2472 1318 2541 1374 ἂν
2587 1317 2826 1388 γινώσκῃ
2876 1317 2966 1370 τὸν
3013 1316 3172 1387 μόνον
3219 1315 3456 1385 ἀληθινὸν
3491 1313 3616 1377 Θεὸν,
3636 1314 3700 1367 καὶ
3717 1315 3754 1366 ὃν

614 1430 632 1461 ι
669 1409 986 1464 Dominator
1022 1409 1244 1464 Domine
1276 1408 1442 1471 Deus,
1479 1410 1795 1466 misericors
1827 1418 1883 1464 et
1910 1411 2174 1476 clemens,

2286 1412 2571 1466 ἀπέστειλε
2600 1411 2730 1464 Θεὸν
2755 1411 2946 1478 Λόγον,
3004 1409 3275 1481 δευτέρως
3303 1409 3391 1461 καὶ
3413 1408 3552 1461 αὐτὸν
3582 1407 3676 1460 bim
3695 1424 3753 1476 με·

609 1502 844 1572 patiens,
868 1509 920 1556 et
943 1502 1123 1556 multa:
1145 1501 1551 1567 misericordiae,
1571 1510 1624 1557 et
1653 1518 1832 1559 verus.
1872 1523 1890 1556 ι
1919 1501 2170 1560 Eamdem

2286 1503 2355 1556 τὰ
2383 1501 2474 1556 τὸν
2505 1502 2727 1573 Πατέρα
2753 1502 2846 1555 καὶ
2886 1499 3089 1573 Κύριον
3122 1500 3220 1554 καὶ
3245 1499 3372 1552 Θεόν
3391 1516 3403 1529 ’
3431 1499 3514 1553 καὶ
3531 1499 3697 1572 πρώτην
3714 1516 3753 1565 γε

609 1594 855 1666 profecto
879 1596 987 1649 vim
1009 1595 1172 1649 habet
1200 1615 1218 1645 ι
1244 1611 1428 1662 verus,
1450 1615 1467 1645 ι
1493 1595 1658 1649 acilla
1681 1613 1694 1650 :
1717 1614 1733 1646 ι
1760 1591 2170 1668 Utcognoscanl

2287 1593 2436 1665 αύτῷ
2476 1594 2680 1664 ταύτην
2717 1593 2812 1646 καὶ
2856 1591 3298 1664 ἀναγκαιοτάτην
3341 1592 3546 1664 παρέχει
3571 1591 3645 1662 τὴν
3662 1592 3753 1659 ὠρέ-

609 1693 662 1741 te
679 1686 854 1739 solum
879 1684 1045 1739 Deum
1069 1700 1253 1738 verum
1268 1685 1333 1748 "',
1361 1705 1379 1738 ι
1399 1685 1465 1740 ab
1487 1685 1606 1755 ipso
1621 1683 1901 1740 Salvatore
1935 1686 1988 1740 in
2012 1685 2170 1741 Evan.

2286 1687 2458 1749 λειαν,
2483 1685 2562 1750 ὡς
2587 1683 2654 1738 ἂν
2692 1686 2901 1756 μήποτε
2927 1684 3026 1748 τάξ
3064 1684 3196 1756 περὶ
3241 1682 3374 1736 Θεοῦ
3404 1683 3501 1737 τῶν
3536 1683 3642 1736 ὅλων
3668 1685 3755 1736 ὑπο-

609 1776 764 1847 geliis
785 1776 950 1830 dicta.
974 1774 1098 1829 Hzec
1117 1790 1222 1828 non
1242 1775 1600 1830 intellexisset
1622 1776 1800 1830 omnis
1827 1777 2080 1847 populus,
2111 1777 2170 1833 ad

2213 1786 2254 1841 Β
2281 1780 2430 1842 νοίας
2479 1777 2572 1831 ἐπὶ
2625 1776 2716 1830 τὸν
2760 1776 3169 1848 χρηματίζοντα
3213 1775 3362 1846 αὐτῷ
3406 1775 3558 1844 Λόγον
3595 1775 3658 1828 διὰ
3692 1775 3756 1844 τὴν

608 1883 792 1938 quem,
809 1867 996 1922 rudem
1020 1867 1220 1929 adhuc,
1247 1883 1276 1920 a
1293 1867 1676 1922 manifestante
1700 1883 1759 1922 se
1776 1866 2009 1922 Domino
2031 1868 2169 1924 dice-

2289 1867 2592 1940 ὑπερϐολὴν
2619 1867 2719 1936 τῆς
2743 1867 2901 1939 δόξης
2929 1867 3037 1923 τῶν
3071 1868 3457 1940 θεωρουμένων
3489 1866 3677 1920 ἐκλάεοιο
3697 1865 3755 1916 δι-

608 1961 769 2016 batur
794 1979 806 2014 :
836 1979 854 2010 ι
875 1959 986 2030 Ego
1007 1975 1150 2025 sum,
1167 1967 1221 2015 et
1255 1975 1361 2015 non
1387 1967 1471 2016 est
1485 1959 1624 2014 alius
1645 1968 1841 2030 praeter
1856 1975 1940 2015 me
1955 1959 2042 2015 "‘.
2071 1980 2090 2012 ι
2111 1957 2169 2014 Iis

2284 1961 2472 2014 δάσκει
2513 1959 2610 2033 [εί]
2649 1960 2693 2014 δ’
2719 1956 2811 2015 οῦν
2842 1960 3004 2014 αύτὸν
3035 1961 3254 2032 πρῶτον
3286 1961 3380 2015 καὶ
3409 1959 3548 2031 μόνον
3581 1957 3757 2029 ἀληθινὸν

608 2053 752 2108 enim
782 2067 918 2122 opus
930 2062 1046 2107 erat
1067 2052 1224 2122 quasi
1258 2052 1584 2107 rudimentis
1610 2053 1677 2106 ad
1704 2068 1927 2124 regnum
1946 2051 2065 2114 Dei.
2089 2055 2169 2123 qui

2284 2053 2417 2107 Θεὸν
2457 2052 2706 2125 ἡγεῖσθαι
2751 2051 2960 2117 τοῦτον,
2989 2053 3047 2106 δν
3099 2053 3265 2116 αὐτὸς
3310 2051 3589 2105 ἐπεκαλεῖτο
3622 2049 3757 2117 λέγων,

615 2145 860 2199 nondum
891 2143 1069 2199 Patris
1093 2154 1146 2199 et
1165 2143 1283 2198 Filii
1308 2145 1558 2216 dogmata
1578 2145 1869 2201 conciliare
1907 2153 2176 2216 poterant,

2289 2163 2310 2196 ‹
2347 2144 2569 2218 Κύριος,
2589 2144 2794 2218 Κύριος
2813 2147 2840 2198 6
2854 2144 2985 2209 Θεὸς
3004 2145 3311 2216 οίκτίρμων
3341 2145 3429 2198 καὶ
3447 2143 3659 2215 ἐλεήμων,
3691 2156 3757 2209 μα·

615 2237 999 2310 Egyptiorum
1043 2239 1352 2296 idololatria
1398 2240 1712 2311 nuperrime
1758 2239 1988 2310 abjecta.
2021 2259 2040 2292 ι
2069 2239 2176 2311 Ego

2284 2235 2576 2309 κρόθυμος,
2601 2237 2696 2292 καὶ
2713 2236 3014 2300 πολυέλεος,
3031 2235 3128 2290 καὶ
3149 2236 3418 2308 ἀληθινός.
3443 2256 3460 2288 ι
3485 2234 3676 2306 Πρόσχες
3689 2231 3758 2300 γὰρ

608 2345 752 2396 sum,
772 2337 825 2386 e‘t
847 2346 954 2386 non
979 2340 1063 2386 est
1084 2331 1226 2388 alius
1248 2339 1441 2403 praeter
1464 2347 1582 2396 me;
1609 2351 1627 2381 ›
1655 2347 1718 2386 ex
1744 2329 1836 2386 Dei
1868 2329 2030 2386 Verbi
2055 2347 2169 2402 per-

2285 2327 2558 2399 ἐπιμελῶς
2585 2327 2662 2399 τῷ
2696 2348 2714 2379 ι
2741 2329 2990 2401 ἀληθινὸς
3017 2349 3036 2380 ι
3061 2328 3458 2398 παραπλησίως
3481 2325 3692 2399 εἰρημένῳ

611 2438 748 2478 sona
773 2422 1048 2498 diceretur
1083 2423 1335 2478 similiter
1355 2437 1420 2477 ac
1462 2440 1477 2477 τ
1514 2440 1532 2473 ‹
1578 2421 1692 2492 Ego
1733 2408 1787 2478 et
1825 2422 1984 2477 Pater
2013 2437 2172 2476 unum

2291 2419 2439 2473 «Ἵνα
2462 2417 2807 2487 γιγνώσκωσι
2845 2435 2903 2472 σε
2933 2419 3023 2473 τὸν
3056 2419 3221 2492 μόνον
3257 2418 3494 2490 ἀληθινὸν
3514 2416 3634 2480 Θεὸν,
3660 2412 3758 2466 »ὑπὸ

611 2530 801 2569 sumus
823 2514 901 2578 ³⁹;
936 2532 953 2565 ι
975 2521 1028 2570 et
1048 2532 1061 2568 :
1088 2531 1106 2566 ι
1128 2513 1288 2570 Pater
1304 2514 1360 2569 in
1379 2528 1464 2568 me
1480 2521 1584 2577 est,
1605 2520 1659 2567 et
1678 2529 1777 2586 ego
1797 2513 1850 2569 in
1870 2513 2130 2569 Patre”'.
2158 2531 2172 2566 ι

2284 2508 2380 2564 τοῦ
2425 2509 2587 2565 αὑτοῦ
2633 2511 2884 2584 Σωτῆρος
2928 2511 2984 2564 ἐν
3014 2514 3130 2572 τοῖς
3162 2509 3500 2580 Εύαγγελίοις
3536 2507 3756 2580 εἰρημένῳ

612 2605 1080 2673 Quemadmodum
1113 2606 1208 2676 qui
1231 2606 1363 2661 vidit
1395 2621 1553 2671 eum,
1586 2605 1719 2660 vidit
1749 2605 1984 2668 Patrem,
2043 2605 2173 2660 sicut

2286 2602 2458 2657 ταῦτα
2485 2604 2529 2656 δ’
2560 2604 2661 2658 οὐκ
2689 2604 2752 2658 ἂν
2780 2603 3056 2677 ἐχώρησεν
3084 2607 3115 2659 6
3152 2607 3260 2670 πᾶς
3288 2605 3410 2668 λαὸς
3430 2603 3549 2675 πρὸς
3567 2602 3626 2665 ὂν,
3646 2593 3706 2652 οἷα
3719 2598 3759 2665 δὴ

613 2699 820 2754 dictum
841 2707 957 2754 est:
990 2717 1007 2750 ι
1045 2697 1149 2765 Qui
1193 2698 1340 2754 videt
1379 2714 1490 2761 me,
1523 2698 1671 2752 videt
1719 2704 1773 2754 et
1805 2696 2018 2751 Patrem
2039 2696 2120 2762 ⁵⁰;
2161 2716 2174 2749 ι

2291 2694 2668 2764 εἰσαγόμενον,
2697 2695 2802 2748 ὑπὸ
2835 2694 2929 2748 τοῦ
2958 2696 3392 2768 χρηματίζοντος
3419 2695 3619 2763 ἐλέγετο,
3641 2687 3759 2756 ιἘγὼ

611 2789 687 2844 ita
709 2790 801 2860 qui
823 2803 948 2844 eum
992 2787 1163 2854 audit,
1197 2789 1350 2844 audit
1391 2800 1441 2845 et
1483 2787 1700 2844 Patrem
1750 2787 1844 2858 qui
1889 2795 1974 2842 est
2014 2787 2067 2841 in
2098 2801 2172 2842 eo.

2293 2785 2406 2855 είμι
2435 2784 2526 2837 καὶ
2554 2785 2654 2838 οὐκ
2677 2784 2823 2838 ἐστιν
2851 2785 2929 2839 ἐτι
2952 2785 3094 2856 πλὴν
3117 2787 3285 2858 ἐμοῦ·
3320 2807 3338 2840 ι
3367 2786 3554 2840 ἐδέοντο
3571 2784 3653 2854 γὰρ
3667 2775 3759 2833 οὗτοι

613 2896 738 2944 cum
765 2880 898 2934 dicit
923 2899 936 2936 :
969 2899 987 2930 ι
1022 2879 1133 2950 Ego
1164 2896 1308 2945 sum,
1336 2889 1390 2937 et
1419 2896 1526 2936 non
1547 2888 1631 2936 est
1658 2880 1798 2934 alius
1817 2885 2010 2949 prater
2029 2893 2134 2932 me.
2167 2895 2174 2929 ι

2299 2875 2666 2946 στοιχειώδους
2691 2877 2998 2948 εἰσαγωγῆς
3024 2876 3106 2931 ἐτι
3129 2879 3231 2947 τῆς
3261 2879 3388 2950 περὶ
3409 2875 3528 2931 Θεοῦ
3551 2872 3760 2947 μοναρχίας

610 2975 710 3046 οὐχ
728 2967 829 3028 οἷοί
857 2973 918 3026 τέ
940 2991 1055 3037 πως
1073 2973 1222 3038 ὅντες
1254 2974 1321 3030 τὰ
1352 2973 1481 3046 περὶ
1499 2973 1710 3046 Πατρὸς
1731 2975 1824 3028 καὶ
1839 2972 1967 3026 Υίοῦ
1987 2971 2232 3042 δόγματα
2267 2967 2574 3041 διαρθροῦν,
2593 2970 2687 3023 ἅτε
2712 2968 2937 3040 ἔναγχος
2974 2970 3071 3041 τῆς
3111 2970 3421 3040 Αἰγυπτίων
3445 2967 3656 3025 πολυθέον
3673 2963 3759 3015 τλά-

611 3071 1128 3148 νηςάφεστηκότες.
1160 3070 1234 3122 Τὸ
1257 3070 1311 3124 δὲ
1345 3090 1362 3123 ι
1387 3069 1526 3139 Ἐγώ
1549 3072 1661 3142 είμι
1695 3069 1790 3124 καὶ
1825 3071 1927 3123 οὐκ
1985 3067 2131 3122 ἐστιν
2175 3066 2256 3120 ἐτι
2295 3065 2432 3138 πλὴν
2455 3064 2588 3135 ἐμοῦ
2618 3085 2636 3116 ι
2669 3065 2862 3135 λέγοιτ’
2890 3065 2955 3120 ἂν
2986 3068 3049 3120 ἐκ
3081 3067 3378 3139 προσώπου
3410 3065 3495 3121 τοῦ
3521 3064 3628 3118 Θεοῦ
3646 3061 3758 3127 Λέγω

610 3168 812 3240 ὁμοίως
841 3149 938 3239 τῷ,
977 3185 996 3218 ι
1021 3165 1161 3235 Ἐγὼ
1190 3167 1284 3221 καὶ
1311 3169 1340 3220 6
1373 3167 1434 3238 (f.
1470 3169 1536 3222 ιε
1565 3167 1651 3238 v°)
1686 3167 1874 3240 Πατὴρ
1902 3167 1959 3220 ἐν
1993 3166 2156 3238 ἐσμεν
2175 3182 2189 3194 ·
2231 3165 2325 3219 καὶ
2345 3161 2455 3232 ἐγὼ
2475 3165 2532 3217 ἐν
2551 3162 2628 3235 τῷ
2654 3163 2830 3236 Πατρὶ
2854 3165 2947 3218 καὶ⁵
2967 3165 2996 3218 6
3016 3165 3212 3238 Πατὴρ
3235 3167 3293 3220 ἐν
3315 3165 3450 3237 ἐμοί.
3480 3185 3496 3216 ι
3528 3164 3598 3224 Ὧς
3616 3155 3757 3230 γὀὗνὸ

613 3264 875 3338 ἑωρακὼς
895 3263 1056 3318 αὑτὸν
1077 3262 1288 3332 ἑώρακε
1325 3262 1417 3317 τὸν
1454 3262 1696 3336 Πατέρα,
1732 3264 1872 3318 κατά
1893 3263 2002 3326 τὸ’,ι
2024 3263 2082 3316 '0
2099 3259 2360 3332 ἑωρακὼς
2384 3259 2484 3330 ἐμὲ
2510 3258 2722 3330 ἑώρακε
2759 3259 2849 3312 τὸν
2890 3260 3115 3334 Πατέρα
3145 3261 3241 3315 τὸν
3267 3260 3538 3332 πέμψαντά
3569 3274 3676 3330 μεοι
3702 3253 3757 3306 τὸν

612 3359 989 3431 αὐτὸντρόπον
1008 3361 1037 3414 6
1054 3358 1218 3414 αὑτοῦ
1237 3358 1449 3414 ἀκούων
1465 3358 1560 3413 τοῦ
1599 3359 1656 3414 ἐν
1685 3359 1833 3430 αὑτῷ
1854 3358 2064 3431 Πατρὸς
2101 3358 2264 3428 ἤκουε
2300 3355 2546 3424 λέγοντος
2563 3355 2643 3420 τὸ,
2667 3373 2686 3407 ι
2711 3353 2849 3424 Ἐγώ
2876 3359 2992 3428 εἰμι
3021 3357 3114 3411 καὶ
3135 3359 3240 3412 οὐκ
3266 3359 3408 3412 ἐστιν
3423 3357 3493 3410 ἔτι
3509 3355 3622 3426 πλὴν
3635 3349 3755 3422 ἐμώ)

687 3456 814 3512 Haec
875 3455 1102 3513 eil'usius
1147 3456 1408 3523 diximus,
1455 3455 1834 3513 demonstrare
1882 3463 2186 3528 quaerentes
2215 3457 2248 3520 C

2215 3457 2260 3520 ο
2359 3451 2545 3506 Ταῦτα
2589 3452 2632 3505 δ’
2664 3455 2798 3524 ἡμῖν
2843 3452 2918 3518 ὡς
2952 3455 3009 3508 ἐν
3050 3454 3393 3526 τηλικούτοις
3431 3455 3612 3525 εἴρηται
3642 3462 3757 3516 ταρα-

612 3549 758 3622 quod
785 3550 976 3622 procul
1015 3549 1180 3605 dubio
1211 3565 1388 3620 neque
1413 3551 1658 3605 omnium
1687 3550 1859 3615 Deus,
1885 3565 2062 3621 neque
2085 3566 2173 3604 οη-

2289 3544 2482 3615 στῆσαι
2512 3543 2873 3615 βουλομένοις,
2896 3546 2979 3599 ὅτι
3007 3545 3070 3618 δὴ
3107 3547 3511 3619 ἀναμφιλέκτως
3534 3544 3630 3597 οὔτε
3653 3538 3756 3594 ὁτῶν

613 3643 787 3714 gelica
843 3641 1051 3714 quaevis
1107 3650 1377 3712 potestas,
1431 3641 1527 3697 sed
1577 3642 1755 3714 ipsum
1803 3642 1896 3698 Dei
1945 3641 2174 3698 Verbum

2285 3638 2420 3692 ὅλων
2451 3637 2602 3702 Θεὸς,
2632 3636 2756 3690 οὒτε
2793 3638 3056 3711 ἀγγελική
3101 3657 3186 3704 τις
3219 3639 3443 3711 δύναμις
3482 3634 3540 3708 ἦν
3565 3639 3590 3706 ἡ
3617 3645 3757 3704 χρημα-

617 3735 791 3808 Moysi
844 3735 1120 3806 apparuit,
1154 3734 1302 3806 quod
1365 3734 1596 3792 ﬁrmiter
1641 3737 2000 3803 credidimus,
2060 3743 2178 3807 post

2285 3729 2506 3794 τίζουσα
2537 3728 2616 3800 τῷ
2637 3730 2884 3794 Μωῦσεῖ,
2921 3731 3081 3796 αὐτὸς
3102 3731 3160 3786 δὲ
3194 3735 3223 3786 6
3251 3731 3392 3796 θεῖος
3421 3731 3584 3799 Λόγος,
3600 3726 3755 3791 ὃνὰκρι·

613 3829 858 3884 omnium
886 3827 1103 3884 Patrem
1136 3836 1191 3884 et
1223 3828 1533 3892 Dominum,
1558 3830 1858 3886 secundum
1891 3845 2013 3886 esse
2065 3845 2174 3884 om-

2287 3821 2397 3887 6ῶς
2427 3821 2872 3894 πεπιστεύκαμεν
2911 3824 3046 3894 μετὰ
3091 3823 3186 3878 τὸν
3215 3825 3322 3878 τῶν
3354 3824 3480 3878 ὅλων
3507 3817 3677 3887 Πατέρα
3698 3810 3757 3864 καὶ

613 3925 766 3980 nium
823 3922 1109 3979 Dominum
1139 3930 1193 3977 et
1236 3921 1446 3990 Deum;
1479 3923 1620 3978 sicut
1673 3921 1914 3978 Joannes
1950 3937 2174 3994 evange‘

2287 3919 2490 3990 Κύριον
2521 3917 2770 3990 δεύτερον
2808 3912 2946 3970 εἶναι
2978 3914 3087 3970 τῶν
3113 3917 3373 3971 ἁπάντων
3398 3916 3516 3970 Θεόν
3537 3930 3584 3966 τε
3611 3903 3756 3962 milii}-

608 4015 931 4072 ‘lista.nobis
960 4015 1307 4086 apertissime
1331 4014 1592 4080 ostendit,
1625 4015 1816 4071 dicens
1844 4034 1857 4070 :
1892 4033 1912 4066 ι
1950 4013 2005 4069 1η
2031 3993 2169 4086 prin-

2290 4027 2437 4082 ριονο
2463 4010 2654 4082 ὥσπερ
2705 4009 2769 4080 δὴ
2801 4008 2896 4062 καὶ
2927 4009 2956 4062 6
2985 4008 3378 4080 εύαγγελιστὴς
3417 4007 3628 4072 Ἰωάννης
3652 3993 3756 4062 σαφέ-

614 4108 762 4179 cipio
792 4116 910 4166 erat
929 4107 1192 4170 Verbum,
1228 4116 1282 4162 et
1308 4105 1548 4161 Verbum
1585 4114 1704 4162 erat
1732 4107 1876 4178 apud
1911 4107 2100 4170 Deum,
2129 4113 2175 4162 et

2290 4119 2476 4175 στερον
2506 4103 2657 4174 ἡμᾶς
2677 4100 2924 4155 παιδεύει
2944 4099 3138 4169 λέγων·
3171 4121 3190 4152 ε
3238 4101 3325 4154 Ἐν
3346 4101 3476 4172 ἀρχῇ
3501 4093 3602 4168 ἧνὸ
3629 4089 3753 4156 Λ⁶Υ⁰ἶ’

621 4198 767 4256 Deus
795 4208 912 4256 erat
937 4200 1174 4256 Verbum
1199 4199 1293 4254 η’.
1332 4217 1351 4251 ι
1387 4197 1578 4252 Nimiae
1606 4208 1788 4254 autem
1815 4214 1992 4270 opera:
2013 4213 2182 4269 neque

2287 4196 2382 4249 καὶ
2405 4197 2433 4248 6
2461 4194 2632 4264 Λόγος
2650 4189 2716 4266 ἦν
2739 4193 2875 4264 πρὸς
2898 4191 2988 4244 τὸν
3009 4191 3141 4244 Θεόν
3165 4209 3178 4222 ·
3207 4191 3303 4246 καὶ
3331 4191 3458 4254 Θεὸς
3473 4181 3574 4258 ἦνὸ
3595 4183 3751 4270 Myos"

617 4292 883 4361 propositi
941 4290 1115 4347 nostri
1169 4297 1316 4346 esset
1367 4291 1658 4361 exquirere
1701 4291 1825 4362 quis
1853 4291 2026 4355 locus,
2063 4306 2178 4361 qua:

2288 4285 2490 4356 πολλῆς
2521 4285 2564 4338 δ’
2597 4285 2662 4341 ἂν
2690 4285 2896 4354 γένοιτο
2929 4285 3022 4338 καὶ
3059 4283 3183 4354 οὐχὶ
3219 4283 3321 4355 τῆς
3345 4281 3592 4354 παρούσης
3625 4268 3752 4362 milia?

519 4389 524 4392 '
615 4354 769 4452 petra
799 4382 995 4450 forent,
1028 4383 1096 4438 de
1132 4383 1332 4453 quibus
1367 4354 1500 4438 dicit
1534 4354 1799 4440 Dominus
1829 4402 1846 4441 ι
1886 4404 1904 4436 ι
1939 4354 2080 4439 Ecce

2289 4354 2604 4452 σαφηνίζειν
2653 4378 2738 4443 τίς
2773 4377 2858 4450 ἄρ’
2883 4379 2967 4450 είη
3001 4379 3031 4431 6
3065 4378 3231 4442 τόπος
3264 4379 3356 4431 καὶ
3380 4378 3411 4447 ἡ
3439 4375 3584 4443 πέτρα
3601 4354 3752 4436 περὶῶν

615 4471 769 4526 locus
822 4471 962 4542 apud
1010 4486 1097 4525 me
1144 4479 1200 4526 et
1255 4473 1426 4528 stabis
1463 4489 1631 4544 super
1675 4483 1886 4544 petram
1913 4475 1981 4529 δι.
2023 4493 2040 4525 ι
2079 4473 2176 4528 Sed

2287 4465 2440 4522 εἷπεν
2470 4471 2499 4523 6
2530 4469 2752 4542 Κύριος,
2795 4487 2812 4520 ι
2855 4468 2985 4523 Ἰδοὺ
3017 4469 3181 4535 τόπος
3236 4471 3366 4540 παρ’
3393 4469 3504 4538 ἐμοὶ
3535 4464 3610 4518 καὶ
3647 4458 3749 4525 στήσῃ

612 4563 756 4618 hanc
789 4573 996 4633 petram
1050 4564 1344 4634 Apostolus
1380 4565 1640 4620 indicavit
1678 4566 1866 4621 dicens
1904 4586 1918 4620 :
1960 4583 1978 4617 ι
2015 4563 2173 4620 Petra

2287 4559 2378 4612 ἐπὶ⁵
2407 4560 2506 4631 τῆς
2536 4559 2740 4631 πέτρας
2759 4577 2772 4590 ⁸
2802 4579 2822 4612 ι
2861 4560 2973 4614 ἀλλ’
3007 4563 3036 4614 6
3056 4561 3157 4632 μὲν
3203 4558 3506 4619 Ἀπόστολος
3522 4555 3603 4624 τὴν
3623 4549 3749 4613 πέτραν

615 4663 796 4712 autem
826 4664 943 4712 erat
969 4655 1222 4718 Christus
1243 4656 1336 4708 δν.
1373 4677 1390 4708 ι
1419 4656 1579 4712 Petra
1617 4658 1879 4728 locusque
1908 4664 2065 4712 erant
2093 4672 2176 4711 ea-

2187 4689 2188 4695 η
2289 4651 2554 4724 ἐδήλωσεν
2583 4652 2771 4716 εἰπὼν,
2813 4671 2832 4703 ι
2876 4652 2940 4706 Ἦ
2969 4653 3144 4724 πέτρα
3171 4654 3230 4707 δέ
3270 4648 3337 4724 ἦν
3357 4655 3385 4706 6
3417 4648 3628 4722 Χριστός.
3647 4663 3661 4694 ι
3683 4638 3748 4692 Οὐκ

613 4747 760 4812 dem,
789 4748 1062 4818 suspicor,
1091 4762 1212 4816 quae
1235 4747 1394 4802 obvia
1432 4746 1650 4802 fuerunt
1670 4744 1876 4801 Iacobo
1896 4786 1911 4809 ,
1943 4761 2067 4800 cum
2102 4745 2174 4799 di.

2219 4810 2254 4818 ᾳ
2289 4744 2446 4799 ἀλλον
2473 4744 2530 4798 δέ
2557 4745 2655 4816 τῆς
2679 4746 2888 4816 πέτρας
2917 4745 3047 4800 ὄντα
3075 4747 3170 4800 καὶ
3204 4748 3296 4801 τὸν
3311 4746 3463 4800 τόπον
3486 4733 3748 4818 ὑπολαμόἁῴ

615 4810 805 4892 citur:
845 4810 1168 4924 «Egressus
1229 4836 1396 4907 igitur
1440 4833 1610 4894 Jacob
1671 4837 1740 4892 de
1804 4844 1968 4907 puteo
2027 4835 2176 4907 jura-

2219 4810 2264 4866 Β
2293 4837 2384 4892 τὸν
2415 4837 2575 4892 αὑτὸν
2612 4810 2966 4908 ’τυγχάνοντα
3018 4837 3096 4909 τῷ
3145 4839 3502 4910 ἀπαντήσαντι
3530 4829 3594 4900 τῷ
3629 4816 3746 4924 laid?

615 4930 827 4996 menti,
890 4919 1147 5001 pergebat
1201 4927 1442 4996 Harrab;
1481 4938 1534 4983 et
1577 4929 1796 4984 obvium
1849 4929 2042 4985 habuit
2102 4930 2176 4984 lo-

2184 4959 2188 4968 .
2295 4931 2422 4985 ενθα
2472 4930 2801 5004 γέγραπται,
2841 4950 2860 4984 ι
2925 4930 3176 5002 Ἐξῆλθεν
3221 4932 3280 4985 δὲ
3325 4932 3353 4984 ὁ
3396 4922 3564 4981 iam?"
3588 4919 3667 4976 άπδ
3692 4929 3745 5004 πθ

615 5021 830 5086 cum",
871 5040 890 5074 ι
931 5035 1016 5084 ac,
1053 5022 1144 5075 ubi
1183 5020 1239 5075 in
1269 5021 1478 5076 somnis
1505 5019 1697 5076 videns
1728 5021 1930 5077 scalam
1951 5061 1966 5085 ,
1999 5020 2176 5091 illique

2183 5043 2187 5072 ι
2296 5023 2530 5095 φρέατος
2577 5002 2671 5076 τοῦ
2699 5024 2883 5096 ὅρκου,
2933 5023 3026 5076 καὶ
3057 5022 3327 5095 ἐπορεύθη
3360 5023 3435 5086 είς
3460 5013 3655 5088 Χαρῤἀν·

617 5101 865 5168 i'nnixum
939 5113 1268 5174 Dominum,
1360 5125 1486 5166 cum
1561 5112 1924 5182 evigilasset,
1986 5111 2178 5168 dixit:

2182 5135 2184 5164 1
2294 5093 2573 5186 ἀπήντησε
2601 5093 2753 5186 τόπιρ
2787 5133 2805 5167 ι
2844 5114 2971 5168 ἔνθα
2997 5114 3094 5168 καὶ
3124 5093 3250 5170 ἰδὼν
3277 5093 3334 5169 ἐν
3351 5112 3560 5185 ὁράματι
3581 5105 3654 5171 τὴν
3675 5093 3743 5148 κλί·

572 5271 576 5276 λ
621 5222 640 5256 ι
679 5203 814 5259 Vere
835 5201 1099 5260 Dominus
1125 5211 1210 5258 est
1259 5203 1313 5257 in
1344 5203 1464 5258 loco
1503 5202 1612 5257 isto
1633 5203 1727 5266 δ”,
1767 5221 1786 5254 ι
1823 5218 1888 5258 ac
1939 5219 2133 5258 rursus

2182 5225 2184 5254 ῖ
2299 5224 2447 5277 μακα
2477 5209 2570 5261 καὶ¹
2585 5207 2676 5262 τὸν
2695 5208 2780 5260 ἐπ’
2810 5207 2978 5278 αὐτῆς
3007 5207 3392 5280 ἐστηριγμένον
3418 5194 3743 5273 Κύριοιδιυπνι·

620 5313 641 5348 ι
671 5294 847 5364 Quam
877 5297 1140 5351 terribilis
1168 5306 1252 5352 cst
1291 5297 1444 5352 locus
1473 5295 1612 5350 iste!
1648 5293 1769 5350 Non
1799 5303 1882 5350 est
1907 5295 1995 5350 hic
2033 5294 2181 5350 aliud

2179 5342 2181 5348 _
2295 5298 2441 5363 σθείς
2470 5317 2654 5372 φησιν,
2689 5318 2710 5351 ι
2741 5301 2863 5353 ’Ότι
2888 5298 3002 5352 ἔστι
3033 5297 3238 5372 Κύριος
3267 5302 3323 5354 ὲν
3345 5297 3417 5369 τῷ
3439 5296 3566 5361 τόπρ
3589 5282 3740 5372 τούτῳ

617 5389 724 5444 nisi
753 5378 952 5444 domus
984 5388 1077 5443 Dei
1129 5396 1183 5443 et
1229 5400 1384 5460 porta
1439 5389 1563 5443 caeli
1587 5387 1659 5442 ⁸³.
1697 5407 1715 5438 ι
1751 5387 2010 5453 Quaenam
2058 5403 2178 5444 vero

2182 5411 2187 5436 ι
2295 5391 2389 5444 καὶ
2445 5366 2608 5446 πάλιν
2652 5387 2822 5446 εἶπεν·
2854 5411 2873 5443 ι
2925 5393 3012 5456 Ὠς
3320 5393 3347 5446 ὁ
3541 5366 3743 5464 ﬁt”?!

617 5480 690 5533 sit
709 5481 875 5537 facies
903 5479 998 5538 Dei
1025 5480 1206 5546 Verbi,
1232 5457 1402 5554 quam
1421 5482 1608 5552 nequit
1636 5479 1869 5553 Moyses,
1893 5482 1946 5536 id
1969 5489 2054 5538 est
2081 5482 2178 5546 lex,

2179 5519 2188 5546 ,
2298 5483 2412 5538 ἐστι
2449 5483 2610 5539 τοῦτο
2655 5483 2769 5538 ἀλλ’
2799 5484 2832 5556 ἢ
2868 5479 3014 5548 οἶκος
3043 5457 3140 5537 τοῦ
3171 5457 3331 5537 Θεοῦ·
3361 5483 3446 5536 καὶ
3478 5473 3592 5542 αὐτὴ
3608 5469 3632 5537 ἡ
3651 5457 3740 5525 πύλη

685 5660 738 5730 εξ
767 5659 924 5716 Joan.
959 5678 1102 5728 xvu,
1137 5665 1189 5720 3.
1268 5664 1335 5696 ⁸⁸⁸
1377 5662 1534 5719 Deut.
1568 5679 1752 5725 xxxn.
1788 5663 1878 5720 '59.
1955 5663 1999 5698 "
2040 5664 2197 5722 Joan.
2239 5682 2246 5721 ε

2174 5709 2197 5722 μ,
2239 5682 2294 5724 x.
2329 5665 2420 5721 50.
2496 5665 2562 5698 ⁸⁹⁹
2591 5665 2722 5721 ibid.
2758 5666 2846 5721 58.
2925 5666 2970 5700 ⁸ο
2996 5666 3152 5722 Joan.
3191 5683 3296 5730 xiv,
3330 5664 3362 5719 9
3450 5636 3735 5709 “'Joandii'

608 5727 660 5770 θ’
702 5729 869 5789 Exod.
910 5727 1114 5800 χχχιιι,
1149 5737 1246 5795 21.
1321 5735 1388 5768 ιι·
1431 5735 1684 5822 ἰαθηι,
1717 5737 1772 5795 4.
1853 5735 1896 5768 δ’
1938 5733 2074 5794 Gen.
2112 5753 2169 5792 xx

1719 5737 1772 5795 4.
1853 5735 1896 5768 δ’
1938 5733 2074 5794 Gen.
2112 5753 2303 5804 xxvm,
2341 5737 2426 5794 l0.
2503 5736 2571 5770 “‘
2610 5736 2743 5793 ibid.
2781 5739 2868 5794 16.
2947 5739 2991 5771 ⁸⁸
3030 5737 3162 5794 ibid.
3199 5737 3280 5793 17.
