3952 6198
232 306 365 401 l069
1272 310 1567 381 ECLOGA?
1600 312 1786 372 PROPJ

1892 313 2072 371 nam.
2110 345 2180 354 —
2214 309 2341 369 LIB.
2384 308 2424 367 ι.
3319 302 3453 372 ιοτο

228 435 317 488 τοῦ
352 436 599 507 ούρανοῦ.
653 456 670 485 ι
718 430 875 490 Ἀλλὰ
906 434 1000 489 καὶ
1028 434 1078 488 τί
1125 434 1183 489 τὺ
1217 437 1505 509 πρόσωπον
1536 438 1626 490 τοῦ
1654 436 1786 491 Θεοῦ

1901 443 1957 487 ιιι
1984 434 2220 488 humana
2280 434 2444 489 nimis
2496 431 2919 504 corporalisque‘,
2953 431 3178 499 intueri;
3207 448 3452 503 quaenam

229 527 421 595 Λόγου,
438 526 466 578 ὃ
493 527 565 597 μὴ
581 526 800 580 δύναται
817 527 1053 599 Μωῦσῆς
1076 529 1104 579 ὁ
1130 529 1309 599 νόμος,
1342 529 1434 582 ἅτε
1461 529 1794 600 ἀνθρώπινος

229 606 319 669 καὶ
351 615 798 688 σωματικώτερος
816 616 911 681 ῶν,
943 617 1165 689 θεωρεῖν
1186 636 1197 648 ·
1232 620 1356 672 τίνα
1382 636 1439 672 τε
1473 620 1539 674 τὰ
1570 622 1792 675 ὀπίσθια

229 698 412 771 αὑτοῦ,
444 706 479 760 ἂ.
514 708 672 779 μόνον
703 711 898 779 χωρεῖν
926 705 1034 773 οἷός
1061 726 1120 762 τε
1158 706 1225 781 ἦν
1256 712 1283 763 ὁ
1312 712 1535 776 τυπικὸς
1565 714 1656 766 καὶ⁸
1686 713 1793 767 τῶν

228 798 430 870 νοητῶν
462 798 799 870 συμϐολικῶς
827 799 961 870 (κὸς)
991 801 1180 872 νόμος·
1224 802 1339 866 πῶς
1375 820 1432 856 τε
1471 803 1679 876 εἴρηται
1708 802 1787 870 τὸ,

235 907 251 940 ι
287 884 554 943 Σκεπὰσω
596 893 661 960 τῇ
699 891 838 962 χειρί
875 909 977 962 μου
1020 892 1111 946 ἐπὶ
1143 893 1221 957 σὲ,
1265 914 1283 945 ι
1318 892 1666 966 καλύμματος
1696 898 1790 952 καὶ

231 981 433 1053 σκέπης
486 982 855 1054 ἐπιτιθεμένου
902 983 978 1053 τῷ
1020 984 1195 1055 νόμῳ,
1257 983 1332 1049 ὡς
1386 986 1473 1040 διὰ
1531 986 1687 1042 τοῦτο
1732 986 1790 1041 τὸ

229 1072 486 1144 κάλυμμα
515 1073 583 1125 τὰ
617 1075 712 1144 μὲν
740 1074 911 1128 ὀπίσω
939 1074 1194 1130 δύνασθαι
1221 1076 1374 1149 όρᾷν,
1410 1079 1588 1133 οὐκέτι
1632 1082 1687 1135 δὲ
1724 1083 1792 1137 τὰ

230 1165 610 1239 προηγούμενα
650 1167 742 1220 καὶ
792 1163 1148 1240 διαφέροντα·
1184 1170 1292 1242 ἰδίᾳ
1336 1171 1475 1225 κατὰ
1509 1174 1716 1247 καιρδν,
1747 1168 1790 1246 ᾧ

232 1258 378 1330 μέλει
403 1259 499 1330 τῆς
514 1258 716 1313 τούτων
748 1256 994 1332 ἐρεύνης,
1028 1263 1326 1334 ἐπιστήσας
1354 1264 1578 1321 εἴσεται.

749 1372 1139 1427 ΚΕΦΑΛΑῙΟΝ
1174 1374 1270 1429 II".

241 1459 334 1515 Ἐκ
351 1458 469 1517 τῶν
509 1456 779 1531 Ἀριθμῶν
808 1462 917 1532 τῆς
936 1466 1103 1533 γ’τοῦ
1134 1466 1380 1537 Βαλαὰμ
1406 1471 1784 1539 προφητείαςι

304 1572 321 1603 ι
370 1550 731 1617 Ἐξελεύσεται
751 1555 1033 1628 ἄνθρωπος
1054 1559 1117 1610 ὲκ
1145 1558 1238 1612 τοῦ
1260 1560 1570 1632 σπέρματος
1602 1563 1787 1628 αὐτοῦ,

229 1644 320 1696 καὶ
349 1644 624 1716 κυριεύσει
660 1647 827 1701 ἐθνῶν
853 1647 1090 1703 πολλῶν·
1119 1651 1211 1704 καὶ
1245 1652 1584 1726 ὑψωθήσεται
1609 1657 1641 1727 ή
1670 1656 1789 1725 Γὼγ

1894 531 1946 577 et
1972 531 2121 595 terga
2165 523 2309 593 ejus,
2358 539 2478 594 quae
2517 532 2727 579 tantum
2760 524 3074 594 conspicere
3117 525 3328 578 valebat
3365 533 3453 597 ty-

1893 619 2015 690 pica
2046 627 2099 674 et
2126 617 2465 688 spiritalium
2496 618 2791 689 symbolica
2829 618 2948 681 lex;
2981 618 3251 687 quomodo
3303 616 3457 671 dica-

1891 717 2019 765 tur:
2052 729 2070 761 ι
2099 708 2385 780 Protegam
2434 716 2487 764 te
2534 709 2752 764 dextera
2791 723 2931 772 mea,
2964 727 2982 761 ›
3017 708 3173 779 quasi
3233 710 3352 763 velo
3400 718 3455 764 et

1894 802 2133 872 tegmine
2162 801 2261 871 legi
2294 800 2551 865 obducto,
2583 809 2641 855 ut
2665 816 2759 871 per
2782 801 2913 856 illud
2938 803 3113 856 velum
3145 802 3453 872 posteriora

1891 893 2066 963 possit
2103 894 2370 964 aSpicere,
2421 910 2531 949 non
2580 902 2759 950 autem
2807 896 3078 949 anteriora
3127 903 3180 951 et
3216 895 3446 965 potiora,

1894 987 2211 1058 singulatim
2247 987 2301 1041 in
2334 995 2577 1057 tempore
2610 999 2918 1057 opportuno
2960 988 3125 1058 hujus
3156 988 3454 1061 investigari

1888 1076 2055 1133 tionis
2089 1076 2351 1135 studiosis
2391 1078 2785 1167 explanabitur.

2469 1349 2696 1420 CAPUT
2730 1352 2867 1419 xui.

2046 1456 2128 1514 Ea:
2160 1458 2517 1515 Numerorum
2545 1456 2953 1516 tertia'Balaam
2986 1450 3270 1531 prophetia.

1967 1570 1986 1605 ι
2024 1549 2343 1624 Egredietur
2373 1554 2534 1609 homo
2560 1554 2626 1609 de
2650 1555 2856 1611 semine
2888 1556 3025 1624 ejus,
3069 1562 3122 1609 et
3146 1544 3449 1611 dominabio‘

1889 1652 1977 1701 nn-
2010 1648 2063 1700 in
2103 1648 2354 1717 gentibus
2389 1647 2600 1701 multis.
2632 1646 2875 1701 Tolletur
2924 1648 3071 1718 Agag
3098 1649 3191 1702 re'x
3222 1648 3365 1717 ejus,
3396 1644 3451 1704 et

230 1729 492 1838 βασιλεία,
540 1739 633 1791 καὶ⁵
673 1738 1033 1810 αὐξηθήσεται
1075 1742 1108 1813 ἡ
1161 1741 1402 1813 βασιλεία
1430 1746 1621 1800 αὐτοῦ’
1659 1747 1786 1812 Θεὸς

1892 1737 2169 1794 auferetur
2198 1754 2420 1808 regnum
2452 1740 2617 1793 illius.
2665 1736 2806 1794 Deus
2847 1737 3033 1793 eduxit
3066 1736 3215 1792 illum
3256 1735 3322 1793 de
3352 1732 3451 1793 IE-

227 1824 507 1897 ὼδήγησεν
542 1829 704 1882 αὑτὸν
728 1831 787 1896 ἐξ
810 1832 1101 1901 Αἰγύπτου,
1134 1835 1209 1899 ὠς
1239 1835 1395 1900 δόξαν
1421 1839 1788 1911 μονοκέρωτος

229 1917 376 1989 αὐτῷ
394 1936 406 1948 ’
436 1918 609 1974 ἔδεται
633 1921 756 1993 ἔθνη
785 1922 993 1995 ἐχθρῶν
1018 1924 1203 1989 αὑτοῦ,
1228 1926 1404 1980 καὶτὰ
1431 1927 1578 2000 πάχη
1612 1930 1789 1984 αὐτῶν

233 2012 525 2083 ἐκμυελιεί,
547 2016 639 2068 καὶ
654 2018 771 2079 ταῖς
789 2015 989 2085 βολίσιν
1005 2018 1166 2071 αὑτοῦ
1196 2020 1543 2085 κατατοξεύει
1574 2023 1785 2094 ἐχθρόν.

230 2102 591 2167 Κατακλιθεὶς
627 2103 967 2159 ἀνεπαύσατο
1001 2106 1075 2169 ὼς
1104 2106 1257 2173 λέων,
1289 2110 1382 2162 καὶ
1414 2109 1489 2174 ὡς
1516 2111 1753 2181 σκύμνος
1772 2129 1784 2141 ·

229 2198 309 2262 τίς
331 2201 619 2271 ἀναστήσει
651 2202 811 2255 αὐτόν
836 2219 849 2267 ;
883 2203 931 2255 οἰ
958 2198 1299 2272 εὐλογοῦντες
1334 2221 1413 2270 σε,
1444 2206 1785 2278 ηύλόγηνται⁹

229 2291 321 2343 καλ¹
374 2293 423 2343 οἰ
477 2292 850 2364 καταρώμενοί
907 2312 985 2361 σε,
1031 2297 1449 2367 κεκατήρανται.
1495 2318 1515 2351 ι
1560 2290 1791 2372 Χριστός

229 2382 374 2433 ἐστιν
404 2384 432 2433 ὁ
465 2385 528 2436 ὲκ
553 2384 862 2456 σπέρματος
905 2387 1117 2458 Ἰσραὴλ
1141 2388 1200 2440 τὸ
1221 2390 1359 2443 κατὰ
1394 2390 1571 2464 σάρκα
1600 2410 1790 2465 γεννη-

230 2472 358 2557 θεὶς,
394 2475 485 2527 καὶ
518 2476 807 2546 κυριεύσας
845 2478 1012 2533 ἐθνῶν
1032 2482 1238 2535 πολλῶν
1259 2499 1272 2512 ·
1307 2486 1454 2536 ποῖον
1485 2485 1591 2556 γὰρ
1620 2487 1792 2560 ὑπῆρ-

232 2563 317 2629 ξεν
345 2564 492 2629 ἔθνος
519 2567 790 2636 ἀγνοῆσαν
829 2570 927 2639 τὴν
962 2567 1049 2623 ὑπ’
1087 2573 1246 2625 αὐτὸν
1274 2573 1536 2639 δουλείαν,
1574 2580 1651 2641 εἰς
1688 2582 1791 2632 πᾶ-

235 2670 329 2706 σαν
350 2654 446 2725 τὴν
462 2656 564 2727 γῆν
580 2655 881 2722 ἐξελθόντος
901 2659 993 2713 τοῦ
1013 2660 1169 2730 λόγου
1196 2662 1303 2716 τῶν
1326 2664 1580 2736 μαθητῶν
1601 2669 1785 2734 αὑτοῦ,

232 2747 323 2800 καί⁵
346 2748 424 2811 εἰς
455 2748 523 2801 τὰ
551 2750 838 2821 σπέρματα
883 2754 979 2824 τῆς
1004 2740 1325 2829 οἰκουμένης
1375 2759 1484 2812 τῶν
1533 2760 1789 2833 ῥημάτων

231 2838 439 2927 αύτῶν;
475 2841 632 2912 Παρά
660 2846 709 2912 γ’
758 2836 851 2898 οὖν
892 2846 1159 2911 πλείστοις
1192 2849 1283 2903 καὶ
1313 2851 1489 2905 αὐτῶν
1519 2854 1627 2908 τῶν
1658 2856 1791 2927 βαρ-

230 2921 411 3017 βάρων
436 2932 659 2998 πολλοὺς
685 2934 828 2989 ἐστιν
870 2937 996 2990 ἰδεῖν
1020 2934 1107 2991 διὰ
1137 2933 1233 3012 τῆς
1272 2939 1351 3006 εἰς
1373 2944 1533 2998 αὐτὸν
1558 2921 1788 3013 πίστεως

230 3022 324 3106 ἐπὶ
356 3024 452 3094 τήν
477 3024 571 3077 τοῦ
595 3024 710 3090 ἐνὸς
734 3024 866 3080 Θεοῦ
896 3027 957 3099 (f.
982 3027 1068 3099 l5)
1098 3026 1297 3099 γνῶσιν
1330 3033 1669 3106 ἐληλυθότας,
1696 3042 1789 3093 καὶ

1890 1836 2076 1902 gypto,
2109 1828 2269 1898 cujus
2301 1824 2565 1882 fortitudo
2593 1827 2786 1882 similis
2818 1824 2900 1882 est
2934 1826 3313 1881 rhinocerOtis.
3347 1823 3451 1880 De—

1891 1919 2160 1975 vorabunt
2191 1928 2375 1989 gentes
2400 1913 2585 1973 hostes
2616 1906 2784 1982 illius,
2821 1922 3052 1987 oSsaque
3075 1933 3264 1973 eorum
3314 1929 3451 1971 con—

1891 2008 2129 2080 fringent
2154 2018 2208 2063 et
2237 2008 2590 2079 perforabunt
2620 2006 2855 2080 sagittis.
2886 2008 3175 2063 Accubans
3192 2006 3449 2062 dormivit

1891 2106 1951 2158 ut
1983 2100 2064 2159 leo
2092 2111 2145 2158 et
2187 2102 2342 2172 quasi
2370 2100 2541 2156 leonis
2575 2103 2808 2157 catulus.
2844 2101 2974 2166 Quis
3016 2108 3138 2155 eum
3181 2088 3451 2156 suscitare

1892 2194 2151 2251 audebit?
2177 2193 2278 2261 Qui
2312 2190 2684 2249 benedixerint
2713 2193 2833 2257 tibi,
2862 2198 3019 2247 erunt
3047 2188 3101 2247 et
3153 2190 3254 2262 ipsi
3287 2189 3450 2247 bene.

1890 2286 2043 2351 dicti;
2078 2286 2169 2357 qui
2194 2285 2591 2349 maledixerint,
2624 2284 2676 2339 in
2705 2285 3083 2339 maledictione
3113 2280 3449 2354 reputabun.

1890 2381 1979 2429 tur
1996 2370 2083 2429 “‘.
2107 2394 2125 2426 ι
2147 2368 2400 2431 Christus
2422 2384 2503 2430 est
2520 2375 2611 2444 qui
2637 2386 2701 2429 ex
2727 2374 2892 2429 Israel
2920 2374 3127 2429 semine
3149 2373 3449 2429 secundum

1891 2481 2109 2521 carnem
2163 2474 2325 2521 natus
2349 2506 2364 2530 ,
2401 2466 2694 2537 multisque
2723 2466 2973 2537 gentibus
3000 2467 3310 2521 duminatus
3343 2474 3447 2523 est.

1890 2548 2147 2624 Quaenam
2194 2557 2336 2613 enim
2374 2573 2506 2629 gens
2556 2572 2664 2612 non
2712 2558 2969 2612 ditionem
2996 2556 3114 2628 ejus
3145 2557 3445 2629 agnoverit,

1892 2648 1947 2702 in
1977 2664 2191 2703 omnem
2221 2656 2423 2704 terram
2452 2647 2649 2704 diﬂ'uso
2681 2649 3071 2720 discipulorum
3100 2648 3219 2720 ejus
3252 2649 3445 2713 verba,

1890 2737 2476 2811 prmdicationibusque
2528 2753 2715 2793 eorum
2744 2740 2898 2810 quasi
2923 2739 3219 2795 seminibus
3250 2740 3302 2792 in
3328 2742 3449 2795 unio

1890 2847 2049 2887 versa
2098 2839 2241 2887 terra
2284 2829 2719 2902 sparsis?lgitur
2746 2831 2890 2901 apud
2944 2832 3234 2903 plerosque
3282 2833 3445 2887 etiam

1890 2921 2245 2977 barbarorum
2280 2922 2480 2976 multos
2511 2918 2693 2975 videre
2725 2929 2810 2975 est
2860 2921 2954 2991 qui
2989 2935 3085 2977 sua
3115 2922 3169 2977 in
3194 2938 3315 2977 eum
3344 2921 3448 2980 (ide

1891 3015 1958 3069 ad
2001 3012 2095 3069 Dei
2145 3013 2308 3069 unius
2355 3013 2637 3069 scientiam
2696 3024 3090 3085 pervenerunt,
3143 3029 3349 3086 suaque
3390 3016 3447 3070 in

232 3104 370 3185 ὓπερ
412 3115 509 3187 τῆς
565 3119 644 3181 εἰς
684 3116 841 3171 αὑτὸν
884 3114 1163 3184 εὐσεϐείας
1198 3104 1454 3188 παντοίας
1493 3126 1651 3198 μέχρι
1695 3129 1786 3181 καὶ

1892 3106 2137 3162 eumdem
2161 3108 2359 3176 pietate
2389 3121 2551 3160 omne
2567 3113 2959 3162 tormentorum
2980 3122 3149 3177 genus
3198 3115 3449 3163 mortem!-

231 3198 455 3263 θανάτου
500 3208 745 3275 κολάσεις
787 3211 1201 3282 ὑπομείναντας.
1236 3216 1417 3288 Πέρας
1456 3217 1649 3289 ἔχουσα
1682 3221 1790 3273 τοί-

228 3305 322 3352 νυν
357 3298 451 3351 καὶ
482 3297 619 3369 αὕτη
650 3300 832 3368 σαφῶς
862 3296 895 3372 ή
925 3304 1227 3374 προφητεία
1260 3306 1352 3360 ἐπὶ
1390 3308 1482 3360 τοῦ
1524 3310 1787 3381 ἡμετέρου

229 3388 480 3461 Σωτῆρος
509 3388 918 3446 ἀποδείκνυταν
947 3393 979 3464 ἢ
1023 3397 1351 3468 παραστήτω
1374 3416 1457 3465 τις
1484 3399 1639 3465 ἄλλος
1667 3403 1789 3457 επι-

228 3480 440 3545 δεικνὺς
467 3479 559 3535 ἐπὶ
589 3482 708 3536 τίνα
758 3482 823 3537 ἂν
846 3483 1016 3538 ταῦτα
1042 3487 1392 3561 ἀναφέροιτοο
1426 3491 1546 3544 καθ’
1569 3493 1714 3564 ἡμᾶς
1735 3488 1789 3547 δὲ

228 3571 510 3644 πρόδηλον,
558 3571 633 3636 ὡς
685 3573 779 3627 καὶ
821 3572 1040 3638 αὔξεται
1082 3577 1351 3649 ὁσημέραι
1393 3579 1486 3631 τοῦ
1538 3577 1788 3651 Σωτῆρος

226 3658 381 3731 ήμῶν
416 3660 448 3733 ή
491 3663 651 3736 νοητή
683 3665 923 3735 βασιλεία
954 3684 1012 3719 τε
1040 3668 1133 3721 καὶ
1172 3669 1456 3725 δεσποτεία
1487 3671 1635 3744 παρὰ
1666 3676 1787 3737 ταῖς

226 3752 645 3825 ύποδεξαμέναις
692 3758 780 3811 τὸν
827 3758 978 3829 λόγον
1026 3760 1187 3815 αύτοῦ
1231 3762 1426 3833 ψυχαῖς
1446 3774 1460 3795 δ
1493 3755 1680 3835 ὑψώθη
1730 3764 1788 3819 δὲ

224 3845 369 3899 κατὰ
409 3847 507 3917 τὴν
544 3850 844 3919 παρουσίαν
887 3852 1049 3907 αὑτοῦ
1083 3852 1176 3908 καὶ
1209 3850 1242 3926 ὴ
1271 3853 1393 3924 Γὼγ
1426 3848 1686 3925 βασιλεία,
1718 3856 1786 3928 ἦν

225 3936 554 4008 ὑπειλήφασί
596 3958 738 4005 τινες
791 3938 927 3996 εἶναι
980 3939 1078 4016 τὴν
1132 3946 1415 4016 Ῥωμαίων
1455 3940 1781 4018 ἠγεμονίαν,

222 4028 369 4083 ἄλλοι
394 4030 450 4084 δὲ
475 4033 747 4102 τροπικῶς
800 4034 895 4105 τήν
935 4036 1074 4089 κατὰ
1100 4037 1160 4090 τὸ
1191 4037 1517 4106 Εύαγγέλιον
1550 4040 1786 4112 ἐπουρά-

220 4139 331 4175 νιον
374 4124 663 4185 πολιτείαν,
706 4126 799 4180 καὶ
845 4125 939 4198 τὴν
979 4124 1086 4182 τῶν
1115 4128 1317 4201 νοητῶν
1340 4129 1622 4200 δογμάτων
1654 4131 1786 4185 θεω-

222 4210 363 4282 ρίαν,
414 4212 501 4265 διά
553 4214 711 4267 τοῦτο
754 4210 897 4285 Γὼγ,
916 4217 1051 4289 ὅπερ
1099 4216 1455 4291 ἑρμηνεύεται
1499 4219 1781 4291 δόγματα,

220 4302 573 4373 σημαίνεσθαι
604 4305 948 4378 ὲξειλήφασιν
969 4316 983 4339 δ
1008 4309 1140 4363 ἀλλὰ
1167 4313 1261 4365 καὶ
1288 4313 1316 4367 ό
1341 4311 1472 4376 Θεὸς
1505 4310 1784 4385 ὡδήγησεν

217 4395 379 4448 αὐτὸν
427 4396 486 4461 ἐξ
542 4395 837 4465 Αἰγύπτου,
880 4398 1058 4471 ῥητῶς
1099 4398 1195 4471 μὲν
1224 4401 1311 4455 ὅτε
1339 4402 1729 4475 χρηματισθεὶς
1753 4407 1782 4458 ό

1890 3212 1995 3267 que
2054 3198 2227 3266 ipsam
2282 3197 2683 3253 sustinuerunt.
2753 3190 3111 3268 Apertissime
3168 3198 3332 3267 igitur
3377 3198 3446 3252 ad

1891 3290 2225 3345 Salvatorem
2266 3298 2514 3345 nostrum
2546 3289 2662 3345 haec
2692 3298 2903 3360 spectat
2933 3291 3235 3361 prophetia.
3269 3288 3326 3344 Si
3356 3290 3444 3346 cui

1888 3381 2111 3438 dubium
2153 3382 2419 3446 videatur,
2454 3382 2579 3443 alia,
2614 3383 2774 3446 libet,
2809 3392 3143 3453 proponatur
3180 3384 3449 3453 interpre-

1888 3473 2043 3528 tatio.
2075 3472 2239 3529 Nobis
2270 3480 2447 3527 autem
2464 3473 2808 3543 perspicuum
2839 3481 2924 3527 est
2953 3486 3199 3530 crescere
3226 3475 3278 3528 in
3302 3475 3444 3530 diem

1890 3566 2132 3637 spiritale
2164 3564 2467 3620 Salvatoris
2498 3565 2671 3619 nostri
2710 3579 2933 3634 regnum
2986 3565 3040 3619 in
3093 3565 3287 3621 animis
3319 3578 3442 3635 quae

1886 3660 2111 3716 verbum
2145 3658 2264 3728 ejus
2294 3663 2642 3728 acceperunt.
2668 3654 2876 3710 Elatum
2908 3663 2991 3711 est
3012 3656 3130 3725 ejus
3156 3658 3442 3727 praesentia

1886 3752 2035 3822 Agag
2081 3763 2325 3821 regnum,
2353 3749 2496 3819 quod
2543 3746 2761 3819 quidam
2801 3748 3101 3802 Romanum
3157 3748 3441 3819 imperium

1888 3844 2223 3915 interpretati
2250 3848 2395 3906 sunt,
2419 3841 2510 3896 alii
2528 3852 2655 3896 vero
2673 3840 2957 3913 allegorice
2978 3840 3251 3896 cmlestem
3268 3840 3445 3897 Evan~

1886 3936 2010 4009 gelii
2040 3934 2429 4006 rempublicam
2468 3943 2521 3989 et
2554 3934 2879 4004 spiritalium
2904 3934 3214 4004 dogmatum
3250 3947 3444 4002 specu-

1884 4028 2139 4082 lationem
2162 4066 2177 4092 ,
2220 4024 2334 4097 Gog
2366 4026 2517 4099 (site
2544 4025 2724 4096 Agag)
2768 4024 3014 4095 dogmata
3079 4022 3438 4094 signiﬁcath

1887 4119 1992 4174 Sed
2019 4126 2073 4173 et
2097 4117 2237 4174 Deus
2273 4118 2460 4173 eduxit
2489 4134 2610 4174 eum
2647 4116 2714 4172 de
2746 4101 3000 4188 Egypto,
3037 4116 3286 4171 videlicet
3314 4131 3439 4172 cum

1882 4210 2123 4281 Joseph,
2188 4210 2373 4265 divina
2432 4210 2771 4282 apparitione
2824 4208 3172 4274 admonitus,
3215 4207 3439 4264 Mariam

1883 4320 2005 4360 cum
2036 4319 2205 4374 puero
2235 4304 2450 4361 reduxit
2480 4305 2535 4359 in
2571 4312 2773 4359 terram
2803 4302 2991 4367 Israel,
3023 4307 3083 4355 ut
3125 4301 3239 4356 haec
3291 4315 3441 4357 com»

1884 4397 2123 4468 pleretnr
2165 4412 2379 4452 necnon
2437 4395 2594 4462 Osee,
2656 4393 2953 4449 secundum
3005 4391 3327 4448 Hebraicum
3387 4400 3439 4448 et

228 4491 425 4562 Ἰωσὴφ
480 4492 539 4557 ἐξ
581 4495 854 4563 Αἰγύπτου
884 4470 1213 4565 παραλαϐὼν
1254 4470 1617 4570 τὴν-Μαριὰμ
1661 4500 1777 4569 ἅμα

1892 4489 2087 4560 Aquilae
2131 4489 2665 4560 interpretationem,
2710 4485 2993 4557 prophetia
3027 4484 3215 4540 dicens
3249 4500 3262 4537 :
3303 4502 3322 4536 ι
3356 4485 3444 4539 Ab

213 4580 295 4651 τῷ
319 4584 468 4636 παιδὶ
510 4586 682 4656 Ἰησοῦ
717 4587 1049 4658 ὑπέστρεψεν
1071 4588 1149 4650 εἰς
1167 4589 1267 4658 γῆν
1304 4588 1518 4661 Ἰσραὴλ
1541 4591 1777 4662 πληρου-

216 4672 385 4741 μένης
418 4675 516 4744 τῆς
546 4690 606 4727 τε
633 4675 726 4729 νῦν
753 4676 845 4729 καὶ
877 4678 978 4748 τῆς
1012 4681 1071 4732 ὲν
1113 4679 1268 4754 Ὠσηὲ
1289 4680 1428 4733 κατὰ
1460 4680 1523 4733 τὸ
1564 4677 1777 4753 Ἑϐραῖ-

213 4763 315 4815 κὸν
343 4764 436 4817 καὶ
466 4766 563 4837 τήν
606 4766 826 4822 Ἀκύλου
853 4769 1143 4842 ἑρμηνείαν
1178 4772 1511 4843 προφητείας
1537 4775 1774 4843 φασκού-

213 4871 337 4925 σης,
379 4877 397 4909 ι
446 4858 534 4925 Ἐξ
580 4858 852 4927 Αἰγύπτου
888 4861 1118 4915 ἐκάλεσα
1156 4856 1246 4915 τὸν
1295 4852 1408 4916 υἰόν
1452 4880 1584 4934 μου’
1627 4884 1644 4915 ι
1683 4866 1777 4918 καὶ

209 4946 357 5001 κατὰ
389 4946 623 5002 διάνοιαν
655 4949 731 5015 δὲ,
782 4951 1014 5022 ὁπηνίκα
1054 4954 1117 5006 ἐκ
1153 4953 1253 5022 τῆς
1283 4954 1477 5025 νοητῆς
1502 4953 1776 5023 Αἰγύπτου

1882 4580 2117 4653 Ᾱίεγριο
2171 4580 2360 4635 vocavi
2410 4579 2579 4632 lilium
2629 4592 2807 4632 meum
2828 4576 2895 4645 “;
2932 4595 2949 4627 ι
2984 4582 3039 4629 at
3089 4591 3117 4630 e
3172 4577 3439 4632 sententia

1885 4682 2089 4738 ucstra,
2116 4688 2239 4728 cum
2274 4672 2343 4726 ab
2372 4669 2608 4742 Egypto
2638 4668 2870 4739 spiritali
2902 4676 2955 4723 ct
2984 4668 3121 4722 locis
3163 4667 3440 4723 terrestri-

1889 4768 1992 4822 bus
2024 4767 2093 4823 ad
2121 4767 2289 4821 caelos
2304 4763 2463 4819 Pater
2478 4777 2601 4818 eum
2615 4761 2819 4818 eduxit.
2852 4778 2872 4811 ι
2889 4758 3174 4815 Fortitudo
3198 4779 3217 4812 ι
3255 4769 3437 4814 autem

1887 4875 1908 4913 ι
1929 4859 2292 4915 rhinocerotis
2313 4877 2331 4910 ι
2354 4857 2407 4911 in
2437 4854 2720 4911 Salvatore
2746 4853 2923 4908 innuit
2941 4851 3194 4908 deitatem
3226 4851 3435 4922 paterni

1882 4954 2035 5025 regni
2061 4966 2181 5023 quae
2202 4961 2285 5006 est
2318 4950 2371 5004 in
2394 4961 2479 5005 ea.

210 5041 308 5093 καὶ
327 5039 433 5094 τῶν
468 5040 591 5115 τῇδε
644 5040 823 5097 τόπων
854 5042 947 5097 ἐπὶ
968 5045 1094 5108 τοὺς
1126 5047 1386 5118 οὐρανοὺς
1416 5047 1529 5117 ἅμα
1560 5048 1847 5120 λαμϐάνων
1878 5048 2036 5102 αὑτὸν
2057 5050 2086 5101 ό
2144 5045 2331 5119 Πατὴρ
2367 5044 2643 5116 ὡδήγησεν
2664 5060 2677 5076 ·
2714 5046 2747 5116 ἡ
2811 5043 2868 5096 δὲ
2902 5040 3163 5114 λεγομένη
3224 5057 3243 5091 ι
3309 5039 3435 5106 δόξα

210 5135 598 5209 μονοκερώτων
636 5157 654 5190 ι
692 5140 747 5191 ἐν
772 5139 849 5210 τῷ
871 5130 1077 5213 Σωτῆρι
1121 5142 1218 5212 τὴν
1256 5144 1312 5195 ὲν
1362 5142 1509 5214 αύτῷ
1541 5143 1767 5215 θεότητα
1802 5147 1901 5218 τῆς
1922 5143 2191 5215 πατρικῆς
2218 5142 2505 5197 αἰνίττεται
2536 5140 2849 5211 μοναρχίας.

284 5230 438 5283 Μετὰ
462 5227 631 5285 ταῦτα
659 5230 890 5302 εἴρηται,
911 5254 929 5283 ι
962 5233 1131 5287 ἔδεται
1160 5233 1282 5306 ἔθνη
1313 5235 1405 5306 ὲχθ
1415 5236 1520 5306 ρῶν
1544 5236 1705 5290 αὐτοῦ
1725 5246 1771 5291 δι

1944 5236 2078 5293 Post
2109 5237 2221 5291 hac
2242 5235 2465 5298 dicitur,
2501 5252 2520 5286 ι
2550 5233 2899 5289 Devorabunt
2920 5236 3109 5301 gentes
3151 5229 3340 5285 hostes
3371 5227 3436 5280 il.-

203 5322 310 5376 ὅσα
342 5322 448 5395 γὰρ
474 5324 578 5377 ὑπὸ
607 5323 703 5395 τὴν
734 5318 952 5397 διδαχὴν
986 5326 1147 5378 αὐτοῦ
1177 5324 1397 5395 γέγονεν
1429 5320 1575 5398 ἔθνη,
1606 5328 1776 5385 ταῦτα

1896 5330 2000 5387 ius.
2041 5350 2059 5382 ι
2095 5327 2443 5398 Quaecunque
2469 5327 2572 5383 sub
2600 5327 2720 5397 ejus
2747 5324 3033 5395 disciplina
3063 5322 3286 5379 fuerunt
3311 5335 3437 5391 geu-

203 5415 473 5485 ¹πρότερον
504 5417 660 5487 μερὶς
687 5417 1019 5486 τυγχάνοντα
1052 5417 1159 5471 τῶν
1182 5416 1392 5489 ἐχθρῶν
1425 5419 1607 5484 αὐτοῦ,
1639 5422 1775 5492 μετὰ

1896 5428 1975 5483 es,
2010 5437 2132 5475 cum
2164 5421 2321 5491 prius
2352 5419 2533 5490 praeda
2554 5418 2806 5475 hostibus
2838 5417 3032 5473 devota
3053 5423 3261 5476 essent,
3287 5426 3437 5468 nmo

202 5507 307 5577 τὴν
354 5510 433 5570 εἰς
483 5508 645 5561 αύτδν
698 5508 878 5562 πίστιν
933 5508 1207 5580 ἐπιτήδεια
1243 5508 1432 5583 ὥσπερ
1467 5516 1546 5577 εἰς
1573 5513 1773 5584 βρῶσιν

1892 5513 1975 5569 ide
1998 5513 2051 5567 in
2082 5530 2204 5569 eum
2236 5520 2481 5583 accepta.
2513 5511 2619 5581 ipsi
2651 5512 2808 5567 facta;
2833 5519 2962 5566 sunt
3004 5507 3161 5581 quasi
3190 5521 3313 5563 esca
3338 5519 3435 5576 pa-

202 5598 386 5669 ὲαυτῷ
427 5599 825 5655 κατεσκεύασε·
867 5600 936 5653 τὰ
981 5600 1076 5673 μὲν
1106 5602 1273 5673 πάχη,
1314 5603 1458 5657 τοῦτ’
1500 5604 1615 5660 ἔστι
1666 5607 1773 5663 πᾶν

1892 5614 2008 5662 ὀιο.
2041 5604 2178 5665 Ossa
2200 5621 2353 5672 vero,
2385 5604 2442 5659 id
2485 5612 2569 5659 est
2626 5603 3008 5679 quodcumque
3040 5600 3098 5657 in
3129 5600 3210 5656 eis
3240 5610 3428 5655 cernat

390 5756 552 5814 Num.
588 5773 735 5827 xxxv,
774 5757 888 5814 7-9.
963 5760 1008 5793 “
1045 5757 1169 5817 Ose.
1208 5776 1283 5826 ιι,
1318 5760 1369 5817 ι.
