3952 6198
570 243 706 303 1071

1281 244 1548 303 ausum
1583 245 2066 305 CAESARIENSlS
2100 247 2248 305 opp.
2289 247 2468 305 rans
2491 237 3064 307 tit—EXEGETICA.
3590 255 3680 310 tua

565 363 616 420 le
645 371 700 419 et
731 371 1013 430 terrestre,
1073 362 1399 420 imminuens
1425 371 1479 419 et
1529 365 1792 420 attentius
1819 367 2123 436 explorans,

2238 365 2589 437 συμπεφυκδς
2613 366 2794 429 αὐτοῖς
2825 365 3004 420 ὑλικὸν
3050 365 3140 419 καὶ
3170 365 3364 436 γήϊνον,
3389 363 3604 418 λεπτύνων
3620 370 3681 422 ul

560 460 873 518 esculentos
909 457 1126 530 propria
1157 459 1369 514 cultura
1419 458 1631 516 fructus
1663 461 1744 516 eis
1777 459 1975 516 effecit.
2008 460 2133 517 Haec

562 560 741 608 autem
797 551 1138 622 spiritalibus
1188 561 1244 606 et
1287 553 1704 608 rationabilibus
1729 562 2020 610 exsecutus
2051 563 2133 610 est

561 643 793 715 sagittis,
830 655 1062 701 veterem
1094 645 1338 716 gentium
1371 646 1588 710 ducem,
1621 648 1819 718 suique
1849 647 2131 702 inimicum

561 736 890 808 pcrfodiens,
922 737 1132 794 scilicet
1164 739 1463 798 diabolum.
1489 738 1643 807 Quod
1671 739 1760 803 ad,
1798 759 1816 791 ι
1845 740 2132 795 Accubans

561 829 819 885 dormivit
849 837 906 884 ut
937 830 1040 894 leo,
1074 849 1092 882 ι
1130 829 1235 885 hoc
1268 829 1377 886 fere
1432 830 1627 885 iisdem
1661 832 1842 887 verbis
1873 847 1902 884 a
1926 829 2132 886 Jacobo

562 921 616 976 in
642 921 758 978 suis
787 921 854 977 de
886 921 1025 977 Juda
1054 923 1352 992 prophetiis
1398 924 1605 978 dictum
1653 933 1775 992 est;
1821 924 1980 994 cujus
2006 940 2132 980 sen-

561 1027 680 1067 sum
713 1011 825 1081 jam
859 1013 913 1066 in
966 1027 1066 1067 suo
1100 1013 1219 1067 loco
1273 1015 1584 1085 expositum
1617 1030 1725 1070 non
1787 1015 2125 1072 iterabimus.

562 1097 907 1156 Manifestum
937 1110 1018 1155 est
1044 1109 1224 1156 autem
1253 1104 1404 1173 'quod
1437 1103 1658 1161 Christo
1684 1105 2129 1162 benedicentibus

561 1191 706 1248 Deus
729 1191 1028 1246 benedicet.
1051 1192 1128 1246 Ac
1159 1192 1205 1248 si
1236 1209 1336 1248 nos
1371 1203 1793 1251 exsecrarentur
1829 1206 1886 1250 ut
1910 1205 1962 1252 et
1986 1203 2130 1252 vete-

561 1299 675 1339 rem
711 1282 803 1338 Dei
836 1285 1092 1354 populum
1126 1284 1390 1357 IEgyptii,
1429 1286 1484 1342 in
1529 1289 1687 1344 nobis
1719 1297 1899 1343 tamen
1933 1289 2127 1358 imple-

560 1383 752 1432 rentur
807 1383 860 1431 et
917 1376 1008 1430 illa
1059 1395 1071 1432 :
1125 1395 1142 1428 ι
1181 1376 1508 1450 Quantoque
1554 1381 1937 1451 opprimebant
1986 1397 2082 1436 eos
2111 1421 2124 1444 ,

559 1475 711 1542 tanto
736 1469 907 1537 magis
936 1467 1441 1539 multiplicabantur
1469 1478 1523 1525 et
1551 1470 1872 1527 crescebant
1895 1471 1982 1529 “'.
2007 1490 2026 1523 ι
2065 1471 2130 1526 Et

560 1575 692 1616 sane
725 1559 958 1631 quodam
992 1561 1154 1616 modo
1195 1561 1638 1617 maledictionem
1675 1572 2006 1636 acceperunt
2036 1565 2128 1636 qui

559 1655 688 1710 olim
727 1654 776 1708 ei
827 1653 1248 1718 maledixerunt,
1309 1658 1683 1713 exclamantes
1718 1674 1732 1710 :
1774 1676 1793 1710 ι
1828 1657 2125 1730 Cruciﬁge,

2235 455 2542 528 ἐξιχνεύων,
2597 457 2842 528 καρποὺς
2885 456 2942 509 δὲ
2986 456 3276 529 τροφίμους
3312 454 3393 508 διὰ
3435 459 3517 526 τῆς
3557 458 3685 512 ἑαυτοῦ

2232 549 2504 621 γεωργίας
2539 548 2722 612 αὐτοῖς
2772 549 3032 620 ἐμποιῶν.
3069 548 3247 602 Ταῦτα
3279 548 3333 602 δὲ
3359 550 3596 620 εἰργάσατο
3618 557 3691 616 τοῖς

2232 643 2442 713 νοητοῖς
2463 642 2554 694 καὶ
2578 641 2814 710 λογικοῖς
2841 641 3036 712 βέλεσι,
3071 642 3160 694 τὸν
3185 641 3343 695 πάλαι
3363 643 3459 694 τῶν
3481 625 3606 695 ἐθνῶν
3628 644 3694 714 dp-

2231 750 2392 804 χοντα
2416 732 2605 805 ἐχθρὸν
2629 733 2758 786 ὄντα
2789 733 2980 786 ἑαυτοῦ
2999 732 3401 800 κατατοξεύσας,
3427 735 3616 788 τουτέστι
3633 737 3693 789 τὸν

2230 825 2492 880 διάϐολον.
2551 825 2632 879 Τὰ
2673 825 2717 877 δ’
2762 825 2866 878 ἀπὸ
2894 823 2986 877 τοῦ
3028 844 3045 874 ι
3078 823 3426 887 Κατακλιθεὶς
3445 826 3696 882 ἀνεπαύσατο

2229 917 2303 981 ὡς
2332 918 2486 983 λέων,
2518 937 2535 969 ι
2573 917 2756 988 σχεδὸν
2787 918 2968 982 αὐτοῖς
2990 918 3195 990 ῥήμασι
3224 917 3315 970 καὶ
3339 918 3433 970 ὑπὸ
3450 917 3526 970 τοῦ
3563 919 3697 972 Ἰακὸιὸ

2231 1013 2288 1065 ἐν
2312 1012 2432 1073 ταῖς
2463 1009 2588 1082 περὶ
2620 1009 2715 1062 τοῦ
2758 1009 2929 1064 ’ἰούδα
2974 1009 3331 1081 προφητείαις
3366 1009 3569 1080 εἴρηται·
3590 1011 3700 1063 ἅτινα

2229 1105 2411 1157 ὁποῖον
2435 1101 2547 1172 ἔχει
2577 1101 2699 1154 νοῦν
2726 1101 2864 1155 κατὰ
2901 1100 2970 1154 τὰ
3001 1101 3334 1154 ὑποπεσόντα
3361 1101 3475 1170 ἡμῖν
3495 1100 3700 1171 ἐπιθέμενοι

2228 1195 2289 1248 ού
2312 1194 2741 1266 παλιλογήσομεν
2760 1211 2773 1224 ο
2805 1193 2961 1266 δῆλον
2989 1194 3045 1246 δέ
3087 1194 3338 1263 τυγχάνει
3373 1195 3500 1255 ὅπως
3535 1195 3700 1263 ἡμεῖςοὶ

2227 1287 2319 1340 τὸν
2365 1287 2599 1358 Χριστὸν
2627 1285 2973 1356 εὐλογοῦντες
3011 1285 3106 1339 τοῦ
3137 1285 3268 1339 Θεοῦ
3285 1284 3609 1356 ηὐλογήμεθα·
3634 1284 3701 1338 κᾶν

2229 1377 2337 1448 γὰρ
2382 1377 2751 1448 βδελύσσοιντο
2789 1379 2934 1449 ἡμᾶς
2977 1377 3052 1440 ὡς
3081 1377 3175 1430 καὶ
3223 1379 3311 1429 τὸν
3348 1376 3495 1430 πάλαι
3522 1376 3594 1428 τοῦ
3610 1375 3699 1430 Θεςό

2227 1469 2354 1524 λαὸν
2383 1472 2430 1523 οἱ
2460 1470 2766 1539 Αἰγύπτιοι,
2815 1471 2964 1540 ὅμως
2993 1469 3292 1540 πληροῦταί
3320 1486 3380 1537 γε
3407 1471 3491 1522 καὶ
3521 1471 3586 1538 ἐφ’
3613 1470 3700 1539 ἡμῖν

2227 1561 2308 1624 τὸ,
2333 1581 2349 1611 ι
2374 1561 2494 1615 καθ’
2525 1563 2646 1616 ὅσον
2669 1561 2724 1615 δέ
2747 1561 3064 1616 ἐταπείνουν
3087 1563 3302 1625 αὐτοὺς,
3333 1563 3541 1631 τοσούτῳ
3553 1563 3702 1624 πλείους

2230 1652 2484 1722 ἐγίνοντο,
2505 1653 2598 1706 καὶ
2633 1652 2813 1723 ἴσχυον
2843 1652 3044 1724 σφόδρα
3069 1652 3270 1725 σφόδρα
3289 1669 3302 1681 ·
3332 1673 3347 1702 ι
3378 1653 3462 1705 καὶ
3484 1652 3613 1722 σαφὲς
3626 1651 3705 1705 τίνα

559 1744 816 1815 crucifige
843 1760 967 1800 eum
999 1739 1072 1798 ⁷⁵⁵.
1111 1765 1127 1798 ι
1164 1745 1473 1801 Maledictio
1503 1749 1649 1802 enim
1686 1763 1820 1803 crux
1844 1759 1982 1815 erat,
2015 1750 2123 1806 sic-

2228 1745 2428 1818 τρόπον
2477 1745 2574 1817 τὴν
2627 1743 2873 1814 κατάραν
2918 1745 3203 1816 εἰλήφασιν
3255 1746 3303 1798 οἱ
3351 1742 3555 1815 ἐξαρχῆς
3593 1744 3705 1796 αὑτὸν

559 1843 617 1888 ιιι
647 1836 850 1890 dictum
890 1843 974 1890 est
1009 1855 1020 1890 :
1055 1854 1072 1886 ι
1114 1835 1435 1894 Maledictus
1467 1840 1648 1894 omnis
1693 1841 1786 1910 qui
1839 1841 2036 1912 pendet
2069 1843 2125 1896 in

548 1928 708 2000 ligno
740 1928 828 1983 δ”.
871 1947 888 1980 ι
924 1928 1026 1995 Qui
1050 1941 1230 1984 autem
1261 1929 1475 1983 illorum
1507 1931 1759 2001 injuriam
1795 1947 1990 2002 passus
2021 1941 2124 2001 est,

559 2035 590 2076 ι
618 2019 774 2074 Patre
805 2021 1115 2087 extollitur;
1139 2021 1193 2075 hi
1214 2037 1359 2085 vero,
1385 2023 1524 2093 quia
1552 2021 1663 2078 Deo
1684 2023 1954 2079 maledicti
1976 2035 2124 2092 sunt,

562 2121 880 2183 perpetuum
917 2115 969 2167 in
999 2114 1195 2169 saecula
1231 2123 1562 2185 acceperunt
1609 2117 1956 2188 supplicium.
1991 2117 2126 2174 lllud

558 2204 704 2260 enim
735 2206 994 2262 attentius
1015 2207 1410 2272 consideranti,
1453 2207 1546 2265 Dei
1573 2213 1862 2280 potestatis
1893 2226 2127 2282 appare-

561 2299 639 2356 bit
665 2299 1003 2372 magnitudo,
1030 2317 1125 2358 eos
1155 2302 1356 2373 quibus
1381 2303 1548 2358 semel
1585 2304 1886 2370 maledixit,
1920 2305 1976 2359 in
2005 2320 2130 2376 per-

557 2399 779 2463 petuum
834 2396 1232 2464 persequentis.
1295 2393 1408 2450 Hoc
1443 2395 1754 2466 significant
1803 2411 1866 2452 ea
1919 2397 2123 2452 verba:

565 2503 582 2536 ι
619 2483 722 2552 Qui
757 2485 1136 2541 benedixerinl.
1170 2486 1294 2553 tibi,
1318 2497 1477 2541 erunt
1506 2495 1558 2542 et
1582 2487 1682 2558 ipsi
1703 2487 1972 2542 benedicti
1996 2505 2011 2556 ;
2034 2489 2128 2560 qui

560 2576 955 2646 maledixeriut,
985 2577 1038 2632 in
1067 2578 1446 2634 maledictione
1475 2580 1891 2650 reputabuntur.
1930 2600 1948 2633 ι

1140 2774 1370 2832 CAPUT
1397 2774 1538 2832 XLV.

908 2865 992 2922 Ex
1015 2877 1206 2938 quarta
1228 2867 1456 2922 Balaam
1485 2868 1772 2937 prophetia.

634 2978 653 3012 ι
689 2957 906 3016 Orietur
935 2961 1094 3016 stella
1141 2975 1207 3016 ex
1241 2958 1430 3028 Jacob,
1480 2968 1534 3017 et
1574 2969 1868 3032 consurget
1921 2962 2005 3018 vir
2060 2961 2128 3019 de

2225 1839 2656 1912 καταρασάμενοι
2682 1839 2767 1892 διὰ
2805 1838 2925 1902 τοῦ,
2949 1858 2968 1890 ι
2989 1839 3256 1912 Σταύρου,
3294 1837 3506 1909 σταύρου
3527 1837 3661 1890 αὐτόν’
3689 1853 3702 1884 ι

2225 1932 2464 2004 κατάρας
2491 1932 2598 2003 γὰρ
2627 1927 2694 2002 ἦν
2716 1934 2745 1986 ὁ
2777 1932 3024 2003 σταυρὸς,
3039 1932 3184 1985 κατὰ
3212 1930 3292 1994 τὸ,
3315 1949 3333 1981 ι
3377 1929 3708 1999 Ἐπικατάρατος

2225 2027 2332 2087 πᾶς
2355 2025 2383 2076 ό
2411 2024 2757 2095 κρεμάμενος
2785 2024 2875 2076 ἐπὶ
2897 2022 3072 2088 ξύλου.
3113 2042 3133 2074 ι
3178 2023 3318 2077 Ἀλλ’
3341 2023 3368 2075 ὁ
3390 2023 3476 2092 μὲν
3494 2021 3570 2090 τὴν
3585 2017 3710 2072 αὐτῶν

2225 2113 2518 2186 ὑπομείνας
2554 2113 2797 2184 κατάραν
2834 2114 2937 2166 ὑπὸ
2961 2115 3053 2167 τοῦ
3092 2113 3313 2186 Πατρὺς
3336 2111 3654 2186 ὑπερύψωταιο
3677 2107 3710 2160 ol

2225 2205 2280 2258 δὲ
2315 2205 2450 2276 πρὸς
2484 2204 2650 2259 αὐτοῦ
2703 2203 2798 2258 τοῦ
2831 2189 2965 2258 Θεοῦ
2995 2205 3394 2278 καταραθέντες
3422 2205 3628 2274 ἐπίμονον
3659 2202 3710 2262 εἰς

2226 2296 2397 2350 αἰῶνα
2434 2297 2714 2370 εἰλήφασιν
2755 2298 2972 2371 ὄλεθρον
2996 2316 3008 2330 ·
3038 2299 3096 2354 ὃν
3128 2301 3180 2353 εἰ
3221 2300 3308 2353 ἐπ’
3338 2298 3536 2371 ἀκριὸἐς
3562 2314 3622 2359 τις
3648 2296 3712 2346 ἐπ-

2227 2388 2381 2456 εξίοι,
2418 2390 2698 2462 δυνάμεως
2723 2390 2858 2445 Θεοῦ
2900 2393 3198 2464 κατόψεται
3234 2392 3467 2464 μέγεθος,
3492 2393 3556 2454 εἰς
3578 2390 3636 2442 ἔτι
3651 2387 3712 2442 νῦν

2230 2481 2517 2554 μετιούσης
2575 2484 2700 2547 τοὺς
2766 2482 2914 2549 ἅπαξ
2972 2484 3108 2557 πρὸς
3160 2485 3327 2540 αὐτοῦ
3374 2482 3711 2555 κατηραμὲνους.

2225 2573 2408 2626 Ταῦτα
2442 2572 2504 2642 (ι’.
2527 2573 2594 2628 15
2622 2579 2697 2643 νου)
2728 2575 2807 2638 εἰς
2833 2573 2896 2626 τὸ
2933 2591 2953 2626 ι
2990 2574 3098 2627 Καὶ
3121 2575 3173 2628 οἱ
3196 2572 3524 2642 εὐλογοῦντές
3546 2587 3592 2623 σε
3610 2567 3712 2621 εύλὸ-

2229 2682 2448 2736 γηνται,
2477 2667 2572 2720 κοιλ⁸
2591 2668 2643 2719 οἱ
2675 2665 3051 2738 καταρώμενοι
3083 2684 3144 2719 σε
3167 2668 3262 2720 καὶ
3283 2668 3594 2738 κατάρανται.
3626 2679 3641 2713 ι

2756 2763 3153 2834 ΚΕΦΑΛΑΙΟΝ
3179 2783 3275 2834 ιΔν.

2435 2876 2530 2930 Ἐκ
2547 2872 2658 2943 τῆς
2681 2873 2731 2928 δ’
2763 2873 2871 2929 τοῦ
2915 2872 3169 2942 Βαλαὰμ
3220 2871 3576 2943 προφητείας.

2306 2988 2323 3020 ι
2372 2967 2643 3022 ’Δνατελεῖ
2677 2968 2875 3039 ἄστρον
2935 2965 2994 3032 ἐξ
3037 2965 3258 3033 Ἰακὼϐ,
3299 2967 3390 3020 καὶ
3433 2962 3714 3033 ἀναστήσεται

560 3047 748 3113 Israel,
784 3058 839 3105 et
869 3049 1136 3122 percutiet
1156 3050 1324 3106 duces
1357 3050 1538 3117 Moab,
1567 3052 1912 3124 vastabitque
1938 3069 2123 3111 omnes

2230 3057 2511 3130 ἄνθρωπος
2538 3055 2598 3122 ἐξ
2631 3057 2865 3130 Ἰσραὴλ,
2897 3057 2992 3111 καὶ
3024 3055 3252 3129 θραύσει
3301 3055 3548 3128 ἡγεμόνας
3578 3046 3713 3109 MM.

559 3143 700 3198 filios
745 3139 873 3198 Seth
908 3141 973 3198 “.
1015 3161 1034 3195 ι
1095 3140 1188 3199 Dei
1210 3141 1470 3206 Verbum,
1508 3160 1527 3194 ι
1557 3158 1680 3198 cum
1715 3145 2014 3202 exinauivit
2045 3163 2123 3202 se-

2233 3154 2325 3208 καὶ
2351 3151 2708 3225 προνομεύσει
2769 3152 2978 3216 πάντας
3030 3152 3184 3216 υἱοὺς
3233 3149 3362 3223 Σήθ.
3397 3169 3414 3201 ι
3451 3149 3501 3201 '0
3529 3146 3604 3199 τοῦ
3625 3141 3712 3196 Θεοῦ

559 3234 870 3303 metipsum,
908 3229 1137 3288 formam
1187 3232 1330 3288 servi
1381 3233 1680 3304 accipiens,
1714 3242 1766 3288 et
1819 3235 2004 3290 habitu
2039 3236 2122 3291 in-

557 3336 752 3382 ventus
776 3335 860 3382 est
894 3332 953 3380 ut
984 3325 1143 3382 homo
1175 3326 1242 3392 ’⁷,
1281 3344 1301 3377 ι
1342 3325 1497 3380 stella
1529 3342 1636 3380 non
1662 3342 1828 3397 parva
1859 3329 2118 3396 surrexit,

558 3431 668 3472 non
693 3432 821 3472 vero
851 3415 1041 3480 Jacob,
1072 3419 1165 3474 sed
1199 3432 1268 3472 ex
1323 3415 1511 3472 Jacob.
1569 3417 1854 3488 Corporali
1889 3422 2121 3490 primum

557 3509 756 3580 populo
775 3510 1234 3572 eiremucisionis,
1260 3509 1456 3566 deinde
1473 3511 1688 3565 cunctis
1712 3512 1966 3582 gentibus
1997 3515 2121 3570 illu-

556 3602 656 3657 xit.
687 3599 976 3674 Digressus
1009 3602 1078 3656 ab
1110 3603 1201 3667 iis,
1252 3618 1360 3658 non
1418 3617 1583 3674 parva
1641 3603 1903 3659 sustinuit
1955 3606 2117 3671 bella,

555 3695 852 3767 puritlcans
887 3712 905 3748 ι
946 3694 1210 3751 adversus
1245 3702 1545 3765 potestates
1570 3703 1625 3752 et
1681 3696 1987 3767 spiritualia
2021 3714 2120 3753 ne-

557 3786 802 3855 quitiae“
819 3804 866 3854 ;›
885 3786 1084 3856 quibus
1104 3784 1353 3848 devictis,
1372 3784 1626 3855 pabulum
1649 3787 1857 3857 paravit
1875 3787 1930 3842 in
1954 3787 2123 3843 haere—

555 3878 776 3934 ditatem
805 3893 982 3942 suam,
1027 3886 1216 3948 gentes
1239 3877 1570 3948 suscipiens,
1603 3893 1942 3950 quzecunque
1969 3881 2120 3950 prius

555 3971 658 4026 sub
689 3985 878 4027 eorum
909 3969 1115 4026 ditione
1142 3979 1320 4026 erant.
1369 3969 1446 4026 De
1479 3971 1678 4040 quibus
1726 3969 1889 4027 Pater
1915 3973 1965 4028 ei
2021 3989 2119 4027 ex-

557 4077 744 4131 presse
801 4063 1074 4134 pollicitus
1119 4071 1205 4118 est
1251 4061 1438 4119 dicens
1472 4080 1484 4114 :
1519 4082 1536 4115 ι
1580 4063 1802 4121 Postula
1845 4081 1876 4119 a
1919 4081 2028 4132 me,
2066 4075 2120 4122 et

555 4152 698 4209 dabo
728 4153 827 4208 tibi
885 4161 1072 4224 gentes
1104 4153 1474 4210 haereditatem
1505 4161 1676 4220 tuam,
1704 4166 1758 4211 et
1809 4159 2119 4226 possessio-

555 4258 679 4298 nem
704 4251 852 4299 tuam
882 4243 1148 4299 terminos
1177 4253 1335 4302 terra:
1359 4247 1424 4301 ⁸⁸.
1465 4265 1483 4299 ι

1152 4442 1381 4500 CAPUT
1417 4445 1532 4500 XV.

794 4535 874 4589 Ea:
905 4535 1330 4593 Deuteronomio.
1367 4537 1572 4609 Moyses
1597 4547 1676 4593 est
1695 4537 1872 4595 dicam
1891 4554 1910 4593 :

629 4644 649 4679 ι
685 4625 1012 4699 Prophetam
1045 4627 1112 4684 de
1137 4627 1400 4694 fratribus
1441 4630 1574 4696 tuis,
1607 4629 1752 4686 sicut
1806 4645 1912 4696 me,
1942 4630 2121 4686 susci-

553 4722 691 4778 tabit
711 4719 972 4777 Dominus
1002 4719 1145 4777 Deus
1192 4729 1318 4777 tuus
1347 4739 1362 4775 :
1396 4723 1574 4794 ipsum
1605 4723 1816 4788 audies,
1849 4729 1908 4777 ut
1937 4723 2120 4794 petisti

553 4833 586 4872 ι
607 4815 836 4872 Domino
868 4813 979 4871 Deo
1011 4821 1107 4868 tuo
1136 4814 1192 4870 in
1221 4812 1421 4879 Horeb,
1447 4815 1668 4885 quando
1690 4816 1882 4872 concio
1897 4828 2120 4885 congre-

552 4915 676 4979 gata
707 4917 810 4970 est,
841 4915 1002 4976 atque
1030 4905 1216 4960 dixisti
1252 4921 1268 4957 :
1305 4903 1457 4960 Ultra
1513 4922 1626 4962 non
1674 4906 1890 4962 audiam
1925 4919 2116 4960 vocem

553 4999 767 5055 Domini
791 4998 886 5055 Dei
913 4998 1041 5063 mei,
1072 5005 1126 5053 et
1154 4998 1333 5068 ignem
1358 4999 1504 5054 hunc
1552 4999 1850 5053 maximum
1877 4997 2116 5068 amplius

553 5107 664 5148 non
695 5091 912 5158 videbo,
942 5106 1010 5147 ne
1044 5091 1272 5146 moriar.
1293 5090 1452 5146 Etait
1474 5089 1736 5146 Dominus
1762 5089 1895 5144 mihi
1928 5108 1940 5143 :
1973 5088 2115 5145 Bene

551 5185 736 5242 omnia
766 5192 895 5241 sunt
925 5184 1111 5240 locuti.
1142 5183 1470 5255 Prophetam
1487 5182 1769 5240 suscitabo
1797 5182 1878 5237 eis
1908 5181 1976 5237 de
2001 5197 2116 5236 me-

551 5277 646 5332 dio
674 5275 905 5332 fratrum
937 5291 1160 5333 suorum
1192 5276 1424 5333 similem
1453 5275 1533 5329 tui
1563 5293 1576 5329 :
1603 5282 1656 5330 et
1705 5288 1902 5347 ponam
1952 5272 2119 5330 verba

553 5376 676 5425 mea
707 5369 764 5425 in
784 5383 882 5426 ore
909 5370 1052 5437 ejus,
1114 5367 1475 5440 loqueturque
1521 5367 1590 5424 ad
1642 5381 1736 5424 eos
1768 5367 1949 5422 omnia
1998 5381 2118 5436 qua:

544 5473 860 5530 praecepero
887 5463 958 5518 ei.
982 5443 1300 5528 Qui'autem
1319 5461 1484 5518 verba
1535 5459 1679 5530 ejus,
1714 5474 1836 5530 qua:
1865 5458 2119 5529 loquetur

2227 3246 2399 3314 Λόγος
2425 3264 2443 3296 ι
2473 3243 2716 3308 κενώσας
2765 3243 2957 3300 ἐαυτὸν
3011 3243 3104 3297 καὶ
3139 3242 3355 3316 μορφὴν
3392 3240 3554 3294 δούλου
3577 3232 3714 3294 λαϐὼν

2229 3340 2322 3394 καὶ
2350 3341 2588 3410 σχήματι
2611 3336 2856 3409 εὑρεθεὶς
2893 3335 2969 3400 ὡς
2998 3334 3311 3406 ἄνθρωπος,
3351 3353 3368 3386 ι
3395 3335 3566 3404 ἄστρον
3589 3328 3634 3380 ού
3657 3342 3712 3394 μι-

2227 3431 2358 3503 κρὸν
2386 3430 2510 3501 οὐχὶ
2541 3427 2618 3498 τῷ
2665 3427 2857 3482 Ἰακὼὸ
2888 3427 3181 3491 ἀνέτειλεν,
3214 3426 3328 3482 ἀλλ’
3357 3427 3418 3479 ἐκ
3436 3422 3517 3478 τοῦ
3553 3413 3711 3474 Ἰακώϐ·

2228 3522 2336 3576 ἀπὸ
2361 3522 2470 3593 γὰρ
2489 3519 2582 3574 τοῦ
2631 3519 2943 3592 σωματικοῦ
2977 3519 3104 3572 λαοῦ
3139 3518 3252 3572 τῶν
3293 3519 3355 3571 ἐκ
3383 3516 3633 3588 περιτομῆς
3650 3511 3713 3578 ἁρ-

2227 3613 2474 3686 ξάμενος,
2534 3613 2699 3665 πᾶσιν
2743 3610 3021 3681 ἐπέλαμψε
3054 3613 3171 3673 τοῖς
3221 3609 3427 3662 ἔθνεσι·
3461 3597 3712 3678 μεταναστάς

2225 3724 2286 3760 τε
2343 3706 2436 3760 ἀπ’
2475 3704 2718 3765 ἐκείνων,
2765 3703 2826 3756 οὑ
2863 3702 3095 3774 μικροὺς
3136 3701 3405 3772 πολέμους
3424 3692 3712 3766 διεχειρίσατο.

2227 3798 2504 3869 καθαίρων
2533 3815 2552 3849 ι
2583 3795 2683 3860 τὰς
2703 3795 3080 3866 ἀντικειμένας
3109 3795 3390 3865 δυνάμεις,
3413 3791 3497 3844 καὶ
3528 3786 3582 3840 τὰ
3604 3797 3714 3835 πνεν-

2231 3890 2432 3964 ματικᾲ
2464 3892 2561 3962 τῆς
2597 3887 2880 3959 πονηρίας,
2918 3906 2936 3938 ι
2965 3885 3062 3950 οὓς
3108 3883 3590 3954 καταγωνισάμενος

2227 3961 2395 4055 νομὴν
2442 3981 2732 4052 ἐποιήσατο
2775 3980 2854 4042 εἰς
2899 3977 2992 4031 τὸν
3047 3977 3217 4031 αὑτοῦ
3265 3976 3475 4046 κλῆρον,
3501 3961 3712 4068 ἁττολαὸιὶιν

2226 4077 2326 4130 ὅσα
2353 4073 2615 4146 πρότερον
2645 4071 2737 4124 ὑπ’
2763 4069 3005 4133 ἐκείνους
3050 4068 3350 4140 ἐτύγχανεν
3384 4065 3528 4135 ἔθνη·
3547 4057 3643 4129 περὶ
3662 4057 3711 4105 ὢν

2225 4166 2254 4218 ὁ
2300 4165 2488 4237 Πατὴρ
2547 4161 2694 4234 αύτῷ
2749 4160 3224 4234 κατεπηγγείλατο
3271 4157 3464 4214 είπὼν·
3503 4149 3709 4217 «Alfth

2228 4257 2356 4329 παρ’
2383 4255 2539 4327 ἐμοῦ,
2572 4255 2665 4308 καὶ
2687 4252 2842 4308 δώσω
2871 4269 2952 4306 σοι
2989 4251 3116 4322 ἔθνη
3149 4250 3251 4322 τὴν
3281 4243 3603 4320 κληρονομίαν
3633 4251 3708 4290 πυ.

2227 4346 2321 4398 καὶ
2346 4344 2443 4415 τὴν
2474 4342 2798 4413 κατάσχεσίν
2821 4359 2914 4396 σου
2944 4339 3014 4394 τὰ
3048 4340 3267 4413 πέρατα
3296 4340 3392 4410 τῆς
3417 4339 3525 4406 γῆς.
3559 4352 3573 4384 ι

2543 4509 2546 4512 .
2745 4454 3143 4510 ΚΕΦΑΛΔΙΟΝ
3171 4454 3276 4508 1Ε’.

2239 4551 2332 4603 Ἐκ
2359 4549 2463 4604 τοῦ
2501 4549 2980 4617 Δευτερονομίου.
3021 4545 3288 4614 Μωῦσῆς
3324 4542 3530 4598 ἐστινό
3561 4533 3704 4601 λέτων

2302 4657 2319 4690 ι
2355 4640 2644 4712 Προφήτην
2666 4641 2730 4692 ἐκ
2758 4637 2866 4690 τῶν
2899 4635 3139 4706 ἀδελφῶν
3168 4653 3286 4699 σου,
3313 4634 3385 4697 ὡς
3419 4617 3706 4720 eussner

2227 4749 2308 4785 σει
2361 4748 2442 4785 σοι
2483 4731 2686 4805 Κύριος
2725 4731 2754 4783 ὁ
2799 4729 2930 4794 Θεός
2958 4744 3085 4783 σου·
3115 4728 3282 4782 αὐτοῦ
3315 4717 3580 4780 ἀκούσεσθε

2226 4826 2422 4888 πάντα,
2475 4825 2576 4878 ὅσα
2621 4825 2808 4896 ᾐτήσω
2852 4822 3000 4894 παρὰ
3045 4821 3254 4893 Κυρίου
3277 4818 3368 4872 τοῦ
3407 4811 3526 4869 Θεοῦ
3572 4822 3638 4860 σου
3669 4811 3704 4852 εν

2222 4915 2423 4988 Χωρὴδ
2470 4919 2539 4988 τῇ
2569 4915 2750 4988 ἡμέρᾳ
2773 4915 2872 4985 τῆς
2885 4913 3195 4983 ἐκκλησω,
3231 4911 3484 4980 λέγοντες,
3513 4901 3573 4992 Oti

2223 5008 2458 5078 θήσομεν
2505 5006 2736 5060 ἀκοῦσαι
2767 5005 2866 5076 τῆς
2897 5003 3082 5075 φωνῆς
3110 5001 3318 5073 Κυρίου
3339 4997 3427 5052 τοῦ
3453 4990 3701 5078 Θεοῦ

2221 5066 2316 5150 καὶ
2346 5066 2408 5152 τὸ
2438 5096 2547 5171 πῦρ
2573 5097 2632 5150 τὸ
2663 5096 2803 5168 μέγα
2824 5066 2998 5148 ἰτοῦτο
3039 5066 3139 5148 οῦκ
3167 5066 3404 5162 ἀξιόμεθα
3432 5086 3521 5148 ἔτι,

2219 5160 2575 5260 ἀμάρτωμέν.
2631 5160 2754 5240 Καὶ-
2791 5181 2942 5238 εἶπεν
2993 5160 3218 5255 Κύριος
3250 5160 3382 5252 πρὸς
3423 5177 3513 5247 μέ’

2225 5273 2422 5338 πάντα,
2443 5275 2542 5328 ὅσα
2573 5274 2866 5346 ἐλάλησανο
2902 5273 3186 5344 προφήτην
3216 5269 3489 5338 ἀναστήσω
3507 5260 3700 5346 σιὺιιοῐςεξι

2224 5366 2390 5438 μέσου
2410 5335 2528 5422 ’τῶν
2569 5335 2811 5437 ἀδελφῶν
2857 5335 3280 5434 αὐτῶν,”ὦσπερ
3302 5335 3497 5416 σὲίκαὶ

2220 5459 2372 5531 ῥῆμά
2397 5476 2497 5529 μου
2527 5460 2587 5514 ὲν
2622 5457 2702 5530 τῷ
2740 5458 2968 5530 στόματι
2999 5456 3184 5522 αὐτοῦ,
3214 5455 3309 5508 και
3347 5450 3544 5520 λαλήσει
3575 5438 3700 5492 αὐτοῖς

626 5613 882 5685 ξ’·Ειιοά.
908 5615 1053 5676 ι,12.
1130 5616 1598 5682 διιοίιιι.ι.ικ,15.
1674 5612 2098 5679 “'Gal.m,15.
2173 5612 2690 5683 “Num.xxw,l7.
2765 5613 3026 5685 "Philip.
3067 5627 3130 5680 ιι,
3165 5611 3214 5667 7.
3291 5583 3696 5678 “Ephes.u,l3.

549 5685 598 5717 “
635 5684 778 5740 Psal.
815 5703 880 5755 ιι,
917 5686 974 5739 8.
