3952 6198
239 206 376 263 1073

1256 197 1544 256 ECLOGA?
1586 194 2071 251 PROPIIETICJE.
2114 223 2185 238 --
2230 194 2356 252 LIB.
2393 194 2413 248 1

3317 180 3458 237 I076

236 321 354 374 καθ’
387 321 468 374 ὅτι
494 321 558 374 ἂν
595 319 915 392 ἐντείλωμαι
946 318 1108 391 αύτῷ.
1141 319 1250 373 Καὶ
1276 320 1303 372 6
1339 296 1622 389 ἄνθρωπος
1649 316 1706 379 ὃς
1734 314 1791 369 ἂν

1902 315 1954 368 in
1980 313 2196 369 nomine
2234 327 2376 375 meo,
2411 309 2603 366 audire
2657 307 2913 372 noluerit,
2970 321 3069 377 ego
3128 305 3271 358 ultor
3313 300 3458 355 exsi-

238 415 312 486 μὴ
340 411 546 485 ἀκούσῃ
572 412 748 466 πάντα
771 390 869 464 ὅσα
904 411 969 465 ἂν
1009 390 1212 483 λαλήσῃ
1241 410 1269 462 6
1309 410 1594 480 προφήτης
1614 409 1704 461 ἐπὶ
1723 406 1791 478 τῷ

1901 410 2042 456 stam
2069 400 2137 455 '°.
2170 420 2188 452 ι
2216 400 2387 467 Quem
2406 414 2533 454 vero
2565 398 2824 468 majorem
2848 412 2913 451 ex
2944 394 3132 453 Israel,
3166 398 3285 463 post
3315 390 3460 461 Moy-

232 504 453 576 ὁνόματί
480 502 723 576 μου,ὲγὼ
741 502 1009 575 ἐκδικήσω
1032 502 1089 567 ἐξ
1116 501 1312 556 αὐτῶν.
1348 523 1366 553 ι
1392 501 1501 553 Καὶ
1520 499 1571 552 τί
1602 499 1799 569 μᾶλλον

232 593 344 663 ἔχοι
367 611 451 657 τις
466 596 530 647 ὲκ
546 593 639 648 τοῦ
665 590 879 664 Ἰσραήλ
895 591 1034 646 κατά
1054 590 1290 646 Μωῦσέα
1322 589 1627 662 προφήτην,
1653 587 1795 641 τοῦτ’

233 685 348 737 ἔστι
398 684 714 756 νομοθέτην,
773 682 866 737 τοῦ
907 683 1014 737 τῶν
1059 682 1359 755 ἀνθρώπων
1393 682 1580 749 γένους
1603 678 1789 732 ἀναδε-

231 776 511 846 δειγμένον
537 775 818 843 ἐπιδεῖξαι,
844 776 877 848 ἢ
914 776 1071 847 μόνον
1117 774 1323 845 Ἰησοῦν
1347 773 1436 826 τὸν
1468 774 1690 842 Σωτῆρα
1704 768 1799 823 καὶ

232 866 434 939 Κύριον
464 866 638 939 ήμῶν,
674 866 732 931 δς
768 868 866 937 τῆς
909 867 1114 937 Καινῆς
1151 865 1423 936 Διαθήκης
1445 863 1538 917 τοῦ
1572 863 1710 916 κατά
1740 860 1798 914 16

231 959 561 1029 Εὐαγγέλιον
596 959 711 1030 βίου
738 959 1031 1031 νομοθέτης
1058 959 1258 1013 ἆπασιν
1289 958 1662 1027 ἀναπέφανται
1686 959 1798 1020 τοῖς

232 1052 445 1118 ἔθνεσι,
502 1054 641 1107 κατὰ
682 1053 779 1123 τὴν
820 1054 878 1106 ἐν
925 1051 1123 1124 ψαλμῷ
1169 1052 1415 1123 φήσασαν
1458 1048 1798 1121 προφητικήν

232 1144 427 1216 εὐχήν
474 1164 492 1196 ι
538 1144 915 1215 Κατάστησον,
977 1145 1169 1215 Κύριε,
1228 1142 1525 1215 νομοθέτην
1580 1142 1792 1205 αὐτοῖς·

228 1234 517 1304 γνώτωσαν
572 1235 698 1306 ἔθνη
726 1236 806 1289 ὅτι
846 1235 1119 1308 ἄνθρωποί
1156 1235 1329 1301 slew;
1370 1253 1389 1285 ι
1423 1228 1587 1297 Οὗτος
1613 1233 1669 1285 δὲ
1706 1233 1799 1285 καὶ

228 1323 569 1395 ὲλυτρῶσατο
616 1329 715 1397 τῆς
748 1328 942 1397 νοητῆς
989 1324 1285 1393 Αίγύπτου,
1327 1325 1421 1378 καὶ
1449 1324 1546 1395 τῆς
1577 1326 1633 1376 ὲν
1659 1324 1794 1394 αὐτῇ

230 1415 616 1481 πλινθοποιίας,
647 1418 747 1488 τῆς
794 1434 853 1469 τε
896 1418 1096 1487 πικρᾶς
1124 1416 1229 1469 ὑπὸ
1255 1415 1346 1479 16y
1378 1415 1561 1485 νοητὸν
1600 1413 1797 1485 Φαραῶ

225 1506 465 1571 δουλείας
519 1509 645 1572 τοὺς
690 1509 756 1561 δι’
814 1507 977 1562 αὐτοῦ
1021 1507 1532 1580 προ(σ)εληλυθότας
1579 1505 1656 1577 τῷ
1687 1505 1795 1558 τῶν

225 1598 361 1653 ὅλων
392 1600 509 1672 Θεῷ
528 1617 541 1630 ⁸
574 1600 667 1654 καὶ
712 1600 887 1654 πάντα
926 1599 982 1653 δὲ
1016 1598 1203 1663 ἁπλῶς
1232 1599 1302 1653 τὰ
1334 1598 1657 1670 σωματικῶς
1688 1597 1793 1650 ὑπὸ

224 1691 501 1756 Μωῦσέως
526 1693 803 1762 γεγονέναι
837 1692 1189 1765 ἱστορούμενα
1204 1691 1342 1746 κατά
1373 1692 1462 1744 τὸν
1490 1707 1787 1761 πνευματι-

223 1782 317 1836 κδν
359 1784 522 1855 νόμον
569 1786 598 1839 6
652 1785 838 1857 Σωτὴρ
871 1786 966 1839 καὶ
1017 1784 1218 1857 Κύριος
1255 1782 1412 1854 ήμῶν
1446 1782 1790 1855 διεπράξατο.

236 1873 519 1946 Ἐλήλυθεν
548 1876 653 1948 ἄρα
690 1878 785 1931 κσύ⁸
816 1878 845 1931 ό
883 1876 1161 1945 διαϐόητος
1186 1875 1265 1929 ἔτι
1309 1874 1402 1928 καὶ
1433 1874 1527 1928 νῦν
1560 1875 1710 1946 παρά
1733 1891 1793 1927 τε

222 1965 530 2038 Σαμαρεῦσι
554 1969 644 2021 καὶ
658 1969 948 2033 Ἰουδαίοις,
964 1969 1023 2022 ὃν
1050 1971 1143 2022 καὶ
1167 1968 1406 2038 Μωῦσῆς
1430 1966 1793 2038 προεθέσπισε

221 2060 525 2130 προφήτης,
556 2062 683 2132 περ).
735 2055 796 2114 06
849 2060 1351 2133 προδιεμαρτύρατο
1371 2062 1400 2113 6
1429 2059 1561 2124 Θεὸς
1591 2060 1785 2129 λέγων·

227 2166 245 2197 ι
279 2148 386 2202 Καὶ
421 2151 449 2202 6
476 2149 757 2222 ἄνθρωπος
782 2152 841 2215 ὃς
868 2150 962 2205 ἐὰν
994 2151 1066 2223 μὴ
1106 2150 1313 2224 ἀκούσῃ
1338 2149 1514 2204 πάντα
1569 2151 1668 2203 ὃσα
1702 2149 1794 2204 ἐὰν

217 2238 427 2311 λαλήσῃ
464 2240 493 2293 6
520 2245 802 2313 προφήτης
831 2246 887 2297 ὲν
914 2242 991 2313 τῷ
1027 2243 1250 2314 ὀνόματί
1282 2260 1404 2313 μου,
1438 2243 1706 2315 ἐκδικήσω
1736 2244 1794 2310 ἐξ

218 2332 403 2386 αὐτοῦ.
438 2351 457 2383 ι
499 2332 864 2404 Ἐκδεδίκηταί
896 2336 947 2404 γ’
1000 2330 1093 2389 οὖν
1138 2333 1200 2388 16
1240 2330 1380 2407 αἷμα
1423 2336 1636 2389 πάντων
1687 2336 1793 2389 τῶν

218 2425 327 2477 ἀπὸ
360 2423 523 2477 Ἀὄελ
545 2425 706 2497 μέχρι
746 2428 1014 2497 Ζαχαρίου
1066 2426 1159 2479 τοῦ
1209 2427 1557 2496 φονευθέντος
1592 2428 1791 2497 μεταξὺ

217 2516 311 2572 τοῦ
337 2516 464 2571 ναοῦ
504 2520 598 2573 καὶ
645 2520 737 2574 τοῦ
766 2520 829 2591 (f.
861 2519 946 2586 I6)
976 2519 1357 2592 θυσιαστηρίου
1383 2562 1397 2585 ,
1434 2522 1541 2575 ἀπὸ
1579 2522 1678 2591 τῆς
1703 2537 1793 2588 γε-

218 2610 343 2673 νεᾶς
376 2610 476 2680 τῆς
519 2613 658 2666 κατά
702 2611 952 2682 Σωτῆρος
998 2612 1383 2681 ὲπισυστάσης,
1434 2613 1527 2665 καὶ
1562 2612 1792 2681 μάλιστα

218 2700 325 2753 τῶν
354 2702 735 2774 τολμησάντων
770 2705 985 2771 ἀφεῖναι
1019 2704 1137 2755 κατ’
1171 2703 1335 2757 αὐτοῦ
1359 2704 1456 2774 τὴν
1478 2722 1495 2755 ι
1526 2703 1788 2775 Σταύρου,

221 2791 452 2863 σταύρου
482 2792 672 2845 αὑτὸν)
701 2795 902 2865 φωνὴν,
923 2811 941 2844 ι
964 2789 1095 2864 Αἶρε
1120 2792 1226 2847 ἀπὸ
1250 2794 1348 2864 τῆς
1368 2793 1473 2862 γῆς
1498 2793 1591 2846 τὸν
1612 2793 1788 2847 τοιοῦ-

219 2898 327 2936 τον·
354 2884 412 2937 16
436 2878 574 2954 αἷμα
597 2884 760 2939 αὑτοῦ
778 2885 861 2955 ἐφ’
884 2887 1029 2956 ἡμᾶς
1057 2887 1148 2940 καὶ
1165 2886 1256 2940 ἐπὶ
1280 2887 1347 2941 τά
1373 2888 1535 2940 τέκνα
1561 2887 1718 2959 ἡμῶν
1735 2905 1783 2938 ἰ

218 2975 353 3048 ὅπερ
378 2977 471 3029 καὶ
498 2977 811 3048 παραυτίκα
851 2977 1061 3045 γέγονε,
1097 2973 1191 3029 τοῦ
1217 2976 1372 3041 Θεοῦ,
1400 2976 1581 3043 καθὼς
1610 2980 1792 3050 προεῖ-

1901 509 2012 547 sem
2032 492 2370 563 prophetam,
2398 490 2451 545 id
2468 498 2552 546 est
2576 490 2963 560 legislatorem,
2991 485 3267 539 hominum
3299 498 3461 553 gene-

1901 600 1959 639 re
1988 595 2187 647 ortum,
2220 582 2435 639 ostendi
2464 592 2664 653 potest,
2697 581 2804 636 nisi
2827 580 3005 635 solum
3053 576 3237 631 Jesuiu
3272 574 3466 629 Salva-

1898 690 2066 733 torem
2102 678 2495 749 Dominamque
2524 685 2795 742 nostrum,
2828 676 2920 746 qui
2946 673 3080 728 Novi
3108 670 3459 733 Testamenti,

1898 771 2021 826 vita:
2069 770 2370 827 secundum
2429 768 2777 840 Evangelium
2807 806 2822 832 ,
2880 765 3159 836 Iegislator
3208 762 3462 818 omnibus

1898 862 2276 918 manifestatus
2302 871 2388 918 est
2412 861 2687 933 gentibus,
2726 859 3021 916 secundum
3076 858 3222 912 illam
3266 853 3462 927 psalmi

1896 957 2196 1011 orationem
2229 972 2240 1006 :
2279 974 2296 1005 ι
2329 954 2637 1017 Constitue,
2688 952 2938 1017 Domine,
2970 951 3332 1021 legislatorem
3362 960 3461 1001 su-

1897 1060 1992 1115 per
2008 1062 2100 1102 eos
2121 1062 2134 1098 :
2152 1056 2212 1101 ut
2240 1046 2415 1101 sciant
2439 1055 2628 1117 gentes
2659 1045 2914 1115 quoniam
2939 1042 3189 1097 homines
3213 1039 3456 1096 sunt'h

1897 1136 1994 1192 Hic
2025 1149 2203 1193 autem
2254 1138 2502 1193 liberavit
2561 1137 2794 1210 spiritali
2838 1134 3091 1206 Aﬂgypto,
3123 1134 3351 1203 ejusque
3378 1131 3462 1184 la-

1897 1232 2131 1295 terariis.
2157 1242 2211 1286 et
2240 1231 2435 1286 acerba
2466 1229 2571 1285 sub
2604 1229 2834 1300 spiritali
2891 1226 3174 1281 Pharaone
3197 1224 3463 1279 servitute

1894 1331 2161 1393 quotquot
2183 1322 2301 1393 ipso
2330 1323 2469 1377 duce
2501 1321 2568 1375 ad
2598 1322 2843 1376 omnium
2874 1319 3043 1373 Deum
3074 1324 3457 1389 pervenerunt.

1895 1413 1960 1468 Et
1976 1415 2158 1469 omnia
2191 1431 2312 1486 quae
2332 1415 2685 1485 corporaliter
2704 1429 2732 1466 a
2763 1413 2947 1484 Moyse
2978 1412 3119 1466 facta
3146 1417 3458 1473 narrantur,

1895 1507 2127 1577 spiritali
2191 1508 2307 1578 lege
2343 1505 2595 1560 Salvator
2634 1505 3005 1575 Dominusque
3060 1511 3247 1557 noster
3286 1501 3461 1571 perfe-

1894 1604 1987 1652 cit.
2026 1598 2185 1653 Venit
2214 1614 2344 1669 ergo
2371 1608 2425 1653 et
2455 1613 2603 1653 nunc
2632 1598 2811 1653 adhuc
2837 1596 3187 1667 pervulgatas
3209 1603 3292 1649 est
3319 1592 3460 1662 apud

1894 1689 2264 1745 Samaritanus
2294 1697 2346 1745 et
2369 1688 2605 1755 Judzeos,
2626 1705 2785 1760 quem
2814 1698 2867 1745 et
2888 1688 3100 1760 Moyses
3127 1687 3461 1757 praenuntia—

1892 1786 1970 1838 vit
2006 1785 2286 1855 pr0pheta,
2311 1786 2379 1841 de
2408 1800 2517 1855 quo
2573 1782 2717 1839 Deus
2774 1782 3147 1839 testimonium
3201 1779 3459 1841 reddidit.

1893 1876 2081 1931 dicens
2116 1892 2129 1927 :
2167 1894 2185 1926 ι
2227 1873 2331 1941 Qui
2376 1883 2554 1930 autem
2590 1874 2750 1930 verba
2805 1873 2946 1944 ejus,
2979 1887 3100 1943 quae
3124 1873 3373 1943 loquetur
3402 1870 3458 1923 in

1893 1971 2114 2024 nomine
2140 1983 2280 2031 meo,
2314 1968 2505 2022 audire
2532 1968 2792 2029 noluerit,
2820 1981 2920 2036 ego
2948 1966 3091 2019 ultor
3114 1964 3390 2019 exsistam.
3434 1980 3453 2012 ι

1894 2060 2051 2116 Ultus
2084 2069 2169 2117 est
2192 2076 2322 2131 ergo
2345 2060 2666 2131 sanguinem
2725 2058 2969 2113 omnium
3004 2057 3072 2111 ab
3101 2055 3266 2111 Abele
3288 2068 3461 2125 usque

1893 2153 1958 2206 ad
1979 2152 2297 2207 Zachariam
2315 2153 2456 2207 inter
2473 2152 2729 2221 templum
2752 2160 2803 2206 et
2824 2150 2994 2203 altare
3018 2147 3362 2203 interfectum
3378 2147 3455 2213 ";

1895 2246 2041 2299 ultus
2065 2251 2150 2299 est
2175 2242 2477 2299 Salvatoris
2539 2243 2847 2314 passionem
2891 2241 3194 2311 praesertim
3248 2240 3301 2293 in
3335 2239 3460 2294 illos

1893 2335 1986 2405 qui
2010 2376 2017 2387 .
2040 2334 2303 2391 adversus
2357 2350 2482 2390 eum
2516 2333 2823 2387 exclamare
2854 2330 3124 2386 audebant
3158 2345 3172 2380 :
3209 2348 3227 2381 ι
3267 2328 3461 2383 Cruci-

1894 2429 2016 2499 ﬁge,
2053 2427 2311 2498 cruciﬁge
2356 2442 2521 2493 eum;
2574 2424 2703 2482 tolle
2753 2439 2877 2479 eum
2934 2438 2965 2477 a
3018 2428 3163 2477 terra
3196 2418 3241 2452 ⁵³
3275 2439 3287 2473 :
3326 2433 3457 2474 san-

1891 2523 2013 2593 guis
2055 2530 2174 2592 ejus
2221 2537 2387 2592 super
2446 2535 2548 2576 nos
2582 2526 2637 2574 et
2690 2533 2855 2589 super
2890 2517 3029 2572 ﬁlios
3062 2521 3281 2570 nostros
3331 2511 3397 2566 “.
3432 2531 3453 2563 ι

1892 2612 2046 2678 Quod
2071 2622 2124 2666 et
2155 2614 2406 2683 protinus
2432 2613 2631 2676 evenit,
2655 2610 2985 2671 vindicante,
3029 2616 3089 2662 ut
3116 2606 3457 2677 praedixerat,

1894 2702 2006 2759 Deo
2037 2705 2359 2776 sanguinem
2388 2703 2591 2759 Christi
2628 2704 2682 2757 in
2724 2703 2846 2757 illos
2875 2701 3198 2770 illorumque
3235 2711 3453 2768 pueros.

1893 2793 1984 2850 Sic
2010 2796 2152 2849 cnim
2178 2810 2273 2851 eos
2302 2782 2609 2865 insequitur
2629 2806 2812 2864 poma,
2844 2799 2902 2845 ut
2952 2789 3151 2844 abhinc
3180 2800 3350 2857 usque
3388 2784 3455 2840 ad

1890 2895 2363 2959 praesenstempus
2395 2903 2527 2959 gens
2557 2886 2737 2942 omnis
2764 2892 2929 2955 caput
2947 2882 3205 2939 extollere
3232 2879 3457 2935 minimo

1893 2980 2154 3050 potuerit,
2193 2979 2414 3049 impleta
2447 2985 2501 3032 et
2535 2978 2642 3031 alia
2687 2978 2855 3032 Amos
2887 2974 3171 3046 prophetia
3199 2971 3451 3026 dicente:

221 3082 342 3131 πεν,
376 3067 758 3137 ἐκδικήσαντος
786 3067 847 3120 16
878 3061 1015 3139 αἷμα
1046 3068 1137 3122 τοῦ
1166 3069 1403 3140 Χριστοῦ
1430 3069 1492 3122 ἔκ
1522 3087 1583 3122 τε
1611 3069 1789 3124 αὐτῶν

1899 3091 1916 3123 ι
1948 3071 2152 3125 Domus
2201 3069 2367 3125 Israel
2416 3070 2636 3133 cecidit,
2673 3077 2727 3125 et
2771 3083 2879 3124 non
2911 3066 3128 3134 adjiciet
3157 3070 3215 3118 ut
3271 3077 3454 3117 resur-

220 3159 438 3212 ἐκείνων
470 3159 693 3213 καὶτῶν
716 3159 921 3214 τέκνων
956 3160 1153 3226 αὐτῶν,
1186 3161 1301 3230 ἅμα
1331 3178 1391 3214 τε
1428 3161 1791 3234 μετελθούσης

1896 3170 1983 3233 gat
2009 3162 2076 3216 ⁸³.
2115 3180 2133 3212 ι
2159 3160 2290 3227 Quae
2318 3171 2370 3217 et
2402 3162 2695 3231 Apostolus
2735 3161 2932 3231 spiritu
2965 3155 3287 3230 pmvideus,
3320 3166 3458 3224 pra:-

219 3250 413 3315 αύτοὺς
433 3251 533 3323 τῆς
564 3251 737 3323 δίκης,
770 3252 844 3315 ὡς
875 3252 932 3319 ἐξ
963 3253 1168 3307 ἐκείνου
1198 3256 1276 3317 είς
1300 3252 1459 3325 δεῦρο
1505 3255 1626 3326 μηδ’
1657 3255 1791 3320 ὅλως

1896 3254 2101 3309 dicavit
2130 3255 2215 3308 his
2257 3254 2480 3309 verbis:
2512 3272 2529 3304 ι
2567 3253 2819 3309 Pervenit
2858 3252 3006 3308 enim
3039 3251 3118 3305 ira
3149 3247 3242 3303 Dei
3294 3258 3457 3315 super

220 3335 347 3410 ἆραι
377 3341 616 3412 κεφαλὴν
650 3341 712 3394 16
739 3342 846 3394 πᾶν
889 3341 1039 3405 ἔθνος
1068 3341 1380 3413 δυνηθῆναι,
1414 3340 1791 3413 πληρωθείσης

1897 3345 2022 3400 illos
2055 3359 2229 3414 usque
2261 3346 2315 3398 in
2348 3345 2507 3399 ﬁnem
2538 3346 2605 3400 “.
2645 3363 2664 3395 ι

219 3432 313 3485 καὶ
362 3434 551 3505 ἑτέρας
595 3433 929 3506 προφητείας
970 3433 1153 3504 Ἀμῶς
1195 3434 1529 3506 φασκούσης,
1567 3453 1585 3485 ι
1621 3430 1782 3499 Οἶκος
1831 3436 2045 3509 Ἰσραὴλ
2069 3437 2370 3495 πέπτωκεν.
2396 3437 2578 3492 οὐκέτι
2627 3436 2922 3508 προσθήσει
2948 3434 3039 3489 τοῦ
3070 3433 3383 3505 ἀναστῆναι·
3432 3450 3452 3485 ι

218 3525 359 3598 ἅπερ
389 3530 482 3581 καὶ
516 3529 544 3581 6
580 3529 898 3593 Ἀπόστολος
939 3529 1017 3600 τῷ
1041 3528 1308 3601 πνεύματι
1353 3529 1608 3601 προϊδὼν,
1661 3530 2005 3607 ἀνεφώνησεν
2055 3533 2245 3597 εἰπὼν,
2293 3552 2311 3585 ι
2344 3533 2582 3603 Ἐφθασε
2636 3533 2690 3587 δὲ
2728 3535 2813 3585 ἐπ’
2880 3533 3075 3595 αὐτοὺς
3113 3534 3146 3603 ή
3180 3531 3316 3603 ὀργὴ
3378 3530 3458 3595 εἰς

218 3619 386 3684 τέλος.
429 3639 447 3672 ι

731 3736 1127 3789 ΚΕΦΑΛΑΙΟΝ
1165 3738 1281 3805 ις’.

823 3846 935 3916 Τῆς
984 3847 1176 3918 ’ῼδῆςο

296 3980 315 4013 ι
338 3960 713 4033 Εὐφράνθητε,
743 3962 980 4033 οὐρανοὶ,
1008 3964 1122 4032 ἅμα
1151 3961 1300 4033 αὐτῷ
1332 3965 1789 4036 προσκυνησάτω-

219 4070 319 4108 σαν
358 4052 504 4123 αὐτῷ
558 4052 756 4116 πάντες
803 4052 1021 4121 ἄγγελοι
1043 4051 1177 4105 Θεοῦ
1201 4069 1214 4084 ο
1248 4053 1603 4125 εὐφράνθητε,
1636 4053 1786 4125 ἔθνη,

222 4147 359 4218 μετά
390 4143 481 4199 τοῦ
521 4145 650 4198 λαοῦ
680 4144 866 4207 αὑτοῦ,
891 4146 983 4199 καὶ
1013 4145 1451 4217 ὲνισχυσάτωσαν
1480 4144 1629 4216 αύτῷ
1649 4146 1786 4200 πάν-

217 4255 308 4303 τες
340 4237 445 4291 υίοὶ
492 4235 648 4289 Θεοῦ.
691 4256 709 4287 ι
743 4238 851 4288 Kal
897 4236 1001 4290 τίνι
1046 4237 1189 4308 ἄλλῳ
1230 4239 1625 4308 προσκυνήσειν
1675 4240 1787 4301 τοῖς

2474 3733 2700 3791 CAPUT
2731 3734 2872 3791 XVI.

2514 3849 2562 3903 E
2590 3849 2830 3905 Cantica.

1966 3981 1984 4013 ι
2022 3960 2325 4026 Laztamini,
2359 3962 2506 4029 creti,
2541 3964 2704 4018 simul
2737 3971 2863 4018 ante
2889 3978 3011 4017 eum
3036 3970 3454 4033 prosternantur

1890 4054 2177 4110 adorantes
2200 4068 2389 4110 omnes
2422 4055 2597 4125 angeli
2629 4054 3057 4119 Dei;laatamini,
3089 4066 3298 4126 gentes,
3325 4072 3450 4111 cum

1895 4149 2095 4219 populo
2146 4147 2289 4218 ejus,
2350 4156 2405 4204 et
2462 4148 2858 4204 conﬁrmentur
2912 4149 2967 4203 in
3016 4166 3081 4205 eo
3126 4162 3317 4206 omnes
3363 4150 3457 4208 ﬁlii

1896 4238 2003 4295 Dei.
2021 4241 2088 4294 ".
2121 4259 2140 4291 ι
2181 4239 2349 4307 Quem
2381 4240 2545 4295 alium
2596 4240 2825 4296 adorare
2853 4241 3061 4311 angelis
3092 4242 3212 4313 ejus
3266 4244 3459 4313 praeci-

220 4330 469 4400 ἀγγέλοις
492 4328 655 4383 αὐτοῦ
691 4327 1015 4399 προστάττοι
1043 4328 1108 4381 ἂν
1137 4330 1196 4381 τὸ
1226 4329 1369 4382 θεῖον
1400 4329 1622 4401 Πνεῦμα
1652 4330 1683 4401 ἢ
1710 4329 1787 4400 τῷ

1896 4341 2043 4405 peret
2074 4333 2310 4405 Spiritus
2334 4334 2574 4398 divinus,
2612 4334 2719 4389 nisi
2751 4333 3053 4402 Christum,
3112 4334 3270 4404 cujus
3325 4350 3459 4391 sane

220 4418 459 4495 Χριστῷ,
486 4413 546 4472 οὗ
576 4417 761 4486 σαφῶς
797 4418 889 4470 ἐπὶ
921 4420 986 4489 τῇ
1023 4419 1294 4491 παρουσίᾳ
1332 4419 1619 4491 ηὐφράνθη
1656 4420 1795 4490 μετά

217 4513 313 4566 τοῦ
349 4510 475 4564 λαοῦ
500 4508 662 4563 αὑτοῦ
689 4508 755 4562 16
781 4508 906 4578 ἔθνη
935 4508 1028 4562 τοῦ
1062 4508 1166 4561 τῶν
1192 4509 1411 4563 δικαίων
1443 4513 1794 4584 πατριαρχῶν

219 4607 315 4660 καὶ
344 4604 636 4678 προφητῶν
668 4602 860 4675 χοροῦ·
910 4604 1037 4675 περὶ
1080 4598 1153 4656 ὦν
1185 4603 1353 4659 ἐθνῶν
1399 4601 1551 4668 αὖθις
1584 4606 1674 4658 ἐπὶ
1694 4609 1794 4676 τῆς

218 4700 391 4770 αὐτῆς
446 4699 588 4771 ᾠδῆς
639 4699 713 4762 ὡς
764 4699 898 4770 πρὸς
945 4699 1127 4770 ἕτερον
1165 4699 1290 4752 λαὸν
1325 4700 1736 4772 ἀποτεινόμενος
1764 4702 1793 4753 6

219 4792 353 4856 Θεός
406 4808 588 4863 φησιν,
626 4808 645 4841 ι
683 4790 845 4843 Αὐτοὶ
900 4790 1287 4863 παρεζήλωσάν
1346 4808 1412 4861 με
1445 4792 1530 4844 ἐπ’
1560 4792 1620 4844 06
1656 4790 1782 4861 θεῷ,

219 4884 578 4959 παρώργισάν
623 4902 688 4957 με
718 4887 775 4938 ὲν
801 4889 911 4949 τοῖς
929 4884 1163 4950 εἰδώλοις
1184 4885 1361 4940 αὐτῶν
1385 4904 1398 4918 ·
1429 4885 1582 4955 κάγὼ
1612 4904 1786 4958 παρα-

1893 4427 2182 4497 prazsentia
2217 4428 2409 4481 lanatae
2433 4434 2561 4482 sunt
2592 4440 2716 4480 cum
2761 4426 2963 4496 popqu
2990 4425 3111 4494 ejus
3132 4433 3340 4497 gentes,
3368 4423 3458 4497 ju-

1891 4529 2100 4575 storum
2161 4521 2412 4575 videlicet
2462 4519 2899 4588 patriarcharum
2958 4520 3458 4590 prophe‘tarumque

1890 4614 2112 4669 chorus.
2145 4612 2220 4668 De
2240 4613 2440 4683 quibus
2463 4611 2717 4683 gentibus
2747 4627 2966 4682 quoque
3026 4611 3079 4665 in
3112 4610 3301 4666 eodem
3328 4627 3456 4665 can-

1892 4709 2002 4763 tico
2040 4709 2199 4780 quasi
2244 4708 2408 4762 alium
2432 4707 2689 4777 populum
2740 4706 3052 4777 increpans,
3087 4703 3230 4761 Deus
3271 4706 3404 4760 dicit
3440 4720 3456 4756 ;

1900 4821 1917 4854 ι
1952 4802 2057 4872 Ipsi
2088 4816 2173 4856 me
2197 4806 2634 4871 provocaverunt
2681 4798 2734 4851 in
2763 4814 2828 4853 eo
2857 4799 2952 4869 qui
3004 4813 3109 4852 non
3141 4804 3257 4852 erat
3299 4798 3454 4862 deus,

1893 4902 1947 4948 et
1982 4894 2338 4948 irritaverunt
2372 4893 2425 4947 in
2459 4892 2793 4947 vanitatibus
2846 4891 2963 4946 suis
3005 4908 3018 4942 :
3058 4897 3112 4945 et
3132 4904 3231 4959 ego
3262 4905 3459 4959 provo-

221 4977 451 5049 ζηλὼσω
505 4978 699 5041 αὐτοὺς
730 4979 827 5032 ούκ
877 4981 961 5031 ἐπ’
1007 4978 1184 5041 ἔθνει,
1237 4980 1321 5031 ἐπ’
1362 4978 1502 5032 ἔθνει
1544 4979 1788 5050 ἀσυνέτῳ

1896 4986 2031 5040 cabo
2056 5001 2152 5039 eos
2208 4984 2262 5038 in
2293 5000 2357 5038 eo
2401 4985 2494 5055 qui
2528 5000 2637 5039 non
2668 4991 2751 5039 est
2808 4980 3063 5053 populus,
3106 4987 3160 5035 et
3211 4980 3266 5033 in
3300 4987 3460 5051 gente

220 5068 507 5142 παροργιῶ
552 5067 768 5133 αὐτούς.
814 5088 831 5121 ι
863 5070 971 5123 Καὶ
1006 5069 1268 5142 πρόδηλόν
1306 5086 1369 5139 γε
1404 5070 1485 5123 ὅτι
1529 5070 1665 5142 μετά
1693 5072 1791 5144 τὴν

1896 5077 2055 5130 stulta
2104 5076 2331 5130 irritabo
2375 5091 2469 5131 eos
2514 5077 2579 5130 ⁵⁸.
2634 5095 2651 5127 ι
2720 5074 2783 5129 Ει
2827 5073 3179 5129 manifestum
3241 5071 3458 5142 quidem

217 5161 445 5217 ἐκείνων
478 5159 745 5232 ἀποϐολὴν
780 5179 797 5212 ι
839 5160 907 5214 τὰ
932 5161 1089 5233 μωρά
1119 5160 1211 5213 τοῦ
1234 5162 1437 5231 κόσμου
1465 5160 1745 5227 ἐξελέξατο
1763 5164 1791 5215 6

1898 5165 2044 5236 quod
2075 5172 2196 5234 post
2248 5165 2464 5219 illorum
2510 5164 2884 5234 rejectionem,
2923 5181 2941 5215 ι
2980 5180 3100 5234 qua:
3130 5162 3295 5217 stulta
3335 5171 3463 5216 sunt

217 5252 373 5315 Θεὸς,
403 5252 488 5305 ἶνα
510 5249 842 5323 καταισχύνῃ
870 5252 994 5311 τοὺς
1021 5253 1149 5323 παρ’
1182 5251 1407 5316 ἐκείνοις
1443 5252 1636 5322 σοφούς
1658 5270 1670 5283 ·
1696 5253 1790 5305 καὶ

1898 5254 2085 5308 mundi
2108 5254 2268 5326 elegit
2298 5252 2462 5317 Deus,
2513 5261 2573 5308 ut
2602 5252 2900 5307 confundat
2947 5252 3258 5323 sapientes;
3291 5258 3347 5305 et
3382 5249 3463 5301 in-

215 5344 287 5396 τά
319 5343 517 5414 ἀσθενῆ
558 5341 652 5396 τοῦ
699 5343 901 5414 κόσμου
929 5341 1229 5410 ἐξελέξατο,
1263 5343 1357 5396 καὶ
1378 5343 1444 5397 τὰ
1471 5345 1660 5416 ἀγενῆ,
1694 5345 1789 5398 καὶ

1897 5345 2052 5400 ﬁrma
2088 5345 2275 5399 mundi
2328 5345 2491 5415 elegit
2529 5343 2692 5409 Deus,
2729 5354 2787 5397 ut
2831 5342 3132 5399 confundat
3162 5343 3320 5398 fortia
3356 5359 3371 5406 ;
3406 5354 3460 5395 et

215 5433 287 5493 τὰ
317 5432 730 5504 ἐξουθενημένα,
781 5435 873 5488 καὶ
921 5435 988 5488 τά
1018 5434 1090 5505 μὴ
1122 5434 1271 5499 ὄντα,
1314 5437 1402 5490 ἵνα
1428 5436 1497 5490 τά
1528 5437 1788 5509 πρότερον

1897 5436 2160 5508 ignobilia
2193 5437 2382 5492 mundi
2402 5445 2456 5491 et
2483 5436 2914 5507 contemptibilia
2938 5437 3098 5507 elegit
3128 5432 3289 5499 Deus,
3321 5441 3375 5490 et
3396 5449 3459 5489 ea

294 5588 342 5660 ’ἒ
381 5589 539 5643 Deut.
576 5606 741 5652 xviii.
778 5593 958 5647 l5-l9.
1036 5595 1075 5624 ⁸³
1119 5591 1262 5648 Psal.
1300 5609 1351 5646 ιιι
1376 5632 1388 5645 .
1421 5592 1510 5647 Si.
1588 5593 1633 5625 "
1678 5590 1863 5646 Matth.
1903 5608 2072 5653 nm.
2107 5591 2196 5646 35.
2271 5589 2320 5624 ³³
2356 5589 2514 5646 Joan.
2550 5606 2675 5659 nx,
2715 5589 2768 5648 6.
2844 5594 2891 5628 "°
2930 5593 3120 5651 Matth.
3164 5605 3333 5660 xxvn,
3366 5588 3459 5648 25.

215 5657 267 5692 "
301 5658 468 5716 Amos
502 5675 558 5728 ν,
597 5661 647 5719 I.
722 5665 768 5695 "
808 5662 827 5715 I
862 5661 1053 5721 Thess.
1093 5681 1163 5731 ιι,
1200 5662 1288 5721 16.
1364 5663 1408 5697 ³⁷
1450 5661 1606 5721 Deut.
1642 5679 1789 5719 xxxii

1896 5665 1942 5719 5.
2019 5665 2064 5696 ⁸⁸
2102 5661 2235 5719 ibid.
2267 5662 2359 5719 21.

755 5948 768 5993 ί
