3936 6206
511 196 652 258 1073
1212 195 1480 254 EUSEBII
1517 195 1993 260 CESARIENSIS
2024 196 2065 254 Ο

2087 195 2174 253 PP.
2203 194 2379 252 PARS
2408 194 2494 251 III.
2537 226 2609 246 -νο
2645 193 3062 252 ΕΧΕΕΕΤΙΕΑ.
3542 203 3641 266 I'i'li

505 327 630 386 qua
655 329 766 370 non
797 320 946 376 sunt,
972 318 1106 366 utea
1130 325 1252 381 quae
1271 321 1422 375 sunt,
1441 310 1750 368 destrueret
1769 314 1838 366 ”.
1867 333 1888 366 ι
1913 312 2059 369 Prius

2100 319 2143 376 Α
2172 313 2300 382 παρ’
2329 311 2554 375 ἐκείνοις
2581 311 2711 366 ὄντα
2732 313 3075 386 καταργήσῃ·
3115 332 3133 364 ι
3173 314 3250 370 ὄτι
3279 314 3341 388 δὴ
3367 319 3571 389 πρότερον
3596 326 3643 380 ὲκ

505 408 693 480 igitur,
728 407 783 460 in
818 404 1016 476 Moysis
1049 404 1222 474 ipsius
1251 403 1610 475 temporibus,
1642 404 1803 460 idolis
1835 407 2059 462 servien-

2171 402 2278 456 τῶν
2329 403 2493 456 αὑτοῦ
2519 403 2800 468 Μωῦσέως
2831 405 3033 476 χρόνων
3079 391 3330 470 εἰδώλοις
3354 406 3642 481 λατρεύοντες,

504 508 611 564 tes,
643 498 735 553 Dei
774 497 911 552 iram
947 495 1326 553 excitaverunt
1370 503 1425 552 et
1474 507 1928 567 provocaveruut,
1978 514 2058 554 ve-

2172 496 2266 550 καὶ
2305 495 2396 548 τὸν
2449 494 2580 549 Θεὸν
2626 494 3060 568 ¹*ιταροργίζοντες
3121 497 3213 550 καὶ
3262 499 3645 570 παραζηλοῦντες,

504 595 850 659 nientemque
879 587 1156 644 Christum
1192 590 1312 658 ejus
1353 604 1460 644 non
1490 599 1852 660 acceperunt;
1880 600 2058 661 gentes

2172 587 2393 642 ἐλθόντα
2450 587 2614 641 αὐτοῦ
2661 588 2752 640 τὸν
2791 588 3022 659 Χριστὸν
3062 589 3162 642 οὐκ
3192 590 3449 657 ἐδέξαντοο
3477 594 3582 648 ἀλλὰ
3604 600 3654 652 τὰ

505 693 683 738 autem
711 681 780 737 ab
807 695 873 736 eo
909 681 975 735 ad
1009 678 1186 734 Patris
1238 678 1439 750 Deique
1484 682 1727 736 omnium
1777 681 2059 738 scientiam

2173 679 2298 751 ἔθνη
2354 697 2416 750 γε
2457 681 2524 734 δι’
2564 681 2727 734 αὐτοῦ
2766 681 2856 736 τὸν
2901 681 3114 754 Πατέρα
3153 683 3244 735 καὶ
3283 683 3403 736 Θεὸν
3430 685 3518 738 τῶν
3553 688 3656 744 ὅλων

503 773 767 835 adductae,
817 773 1118 828 secundum
1171 782 1490 844 praesentem
1523 778 1886 846 prophetiam,
1941 794 2057 833 cum

2172 769 2456 836 ἐπιγνόντα
2512 769 2651 822 κατά
2687 769 2784 842 τὴν
2809 772 2866 823 ἐν
2890 773 3042 843 χερσὶ
3076 773 3394 842 προφητείαν
3417 775 3655 851 suppa/01g.

504 873 817 923 sanctorum
844 865 964 934 ejus
1023 868 1221 937 populo
1253 868 1614 935 Izetabuntur;
1645 870 1923 925 Christum
1967 886 2058 925 au-

2173 874 2321 911 σεται
2347 857 2485 929 μετὰ
2504 859 2598 912 τοῦ
2634 858 2741 913 τῶν
2775 859 2946 928 ἁγίων
2977 858 3105 913 λαοῦ
3153 859 3311 914 αὑτοῦ
3335 879 3347 891 ·
3376 862 3454 915 τὸν
3478 863 3655 935 Χριστὸν

505 965 610 1014 tem
644 958 998 1012 ﬁrmaverunt
1027 974 1218 1014 omnes
1245 960 1340 1014 ﬁlii
1393 959 1508 1025 Dei,
1541 972 1594 1017 et
1625 964 1716 1032 qui
1749 964 1878 1017 olim
1905 962 1971 1018 de
2000 978 2059 1019 eo

2166 947 2221 1004 δὲ
2258 949 2350 1003 καὶ
2373 949 2659 1019 ἐνίσχυσαν
2697 951 2894 1014 πάντες
2930 952 2976 1003 oi
3010 951 3116 1004 υἱοὶ
3143 949 3232 1005 τοῦ
3260 950 3404 1015 Θεοῦ,
3429 954 3475 1006 οἴ
3487 971 3535 1006 τε
3559 957 3655 1029 πρό-

501 1050 984 1121 prophetaveruut,
1009 1057 1063 1105 et
1085 1052 1178 1120 qui
1197 1060 1320 1122 post
1336 1052 1456 1122 ejus
1477 1054 1788 1116 adventum,
1820 1055 2055 1125 adoptio-

2165 1058 2320 1112 τερον
2351 1041 2419 1098 τά
2454 1043 2583 1115 περὶ
2623 1043 2785 1097 αὑτοῦ
2830 1043 3312 1114 προφητεύσαντες,
3344 1047 3425 1099 καὶ
3442 1047 3533 1101 ὅσοι
3554 1051 3657 1119 μετὰ

499 1140 587 1195 nis
619 1141 872 1210 spiritum
893 1142 1196 1203 consecuti,
1233 1157 1355 1196 eum
1398 1159 1496 1213 per
1529 1143 1837 1199 universam
1862 1154 2053 1200 terram

2163 1132 2261 1202 τὴν
2283 1132 2584 1204 παρουσίαν
2625 1133 2788 1186 αὑτοῦ
2814 1133 2874 1186 τὸ
2918 1133 3135 1205 πνεῦμα
3157 1132 3253 1205 τῆς
3272 1134 3505 1201 υἱοθεσίας
3521 1142 3659 1212 χωρη-

499 1233 912 1288 nuntiaverunt.
941 1225 1066 1288 Haec
1097 1234 1315 1304 quidem
1358 1233 1426 1289 de
1455 1232 1862 1303 Pentateucho;
1918 1251 2053 1290 nunc

2166 1239 2376 1288 σαντες,
2414 1225 2507 1278 ἐπὶ
2538 1227 2717 1280 πᾶσαν
2758 1226 2920 1280 αὑτὸν
2969 1225 3240 1298 ἐκήρυξαν
3271 1228 3359 1300 τὴν
3381 1232 3654 1302 οἰκουμένην.

500 1335 627 1385 vero
657 1330 949 1394 sequentes
979 1322 1464 1397 Scripturae'libros
1490 1325 1888 1400 aggrediamur.

2164 1317 2244 1370 Τά
2282 1316 2380 1387 μὲν
2409 1316 2474 1388 δὴ
2507 1317 2612 1372 ἀπὸ
2645 1317 2742 1393 τῆς
2764 1318 3132 1390 ιΙεντατεύχου
3165 1319 3386 1374 τοσαῦτα
3407 1338 3418 1350 ·
3447 1323 3657 1394 μετίωμεν

2163 1409 2220 1466 δὲ
2243 1411 2339 1475 καὶ
2363 1409 2456 1464 ἐπὶ
2487 1410 2585 1474 τὰς
2618 1410 2744 1482 ἑξῆς
2777 1411 3019 1484 Γραφάς.

1064 1525 1293 1583 CAPUT
1325 1525 1487 1583 XVII.

2689 1523 3084 1581 ΚΕΦΑΛΑΙΟΝ
3120 1525 3215 1577 IZ’.

1052 1611 1138 1672 Εέτ
1154 1617 1318 1673 Iosue
1339 1619 1494 1673 libro.
2091 1681 2122 1687 Α
2488 1615 2606 1670 Ἀπί

2091 1681 2122 1687 Α
2488 1615 2620 1670 Ἀπὸ
2652 1613 2764 1684 τῆς
2798 1616 2903 1670 τοῦ
2949 1616 3146 1684 Ἰησοῦ
3172 1617 3406 1687 γραφῆς.

571 1725 592 1758 ‹
625 1707 760 1762 Cum
789 1718 968 1764 autem
999 1720 1144 1765 esset
1176 1709 1343 1766 Josue
1374 1712 1429 1766 in
1457 1726 1590 1784 agro
1636 1712 1790 1768 urbis
1813 1711 2054 1776 Iericho,
2091 1681 2125 1739 ﬂ

2101 1681 2132 1739 Β
2239 1722 2257 1754 ι
2294 1705 2402 1758 Kal
2430 1705 2660 1777 ἐγενήθη
2691 1681 2766 1770 ῶς
2792 1701 2859 1778 ἦν
2900 1681 3106 1778 Ἰησοῦς
3139 1681 3215 1761 ἐν⁷
3239 1681 3446 1781 Ἰερίχὼ,
3465 1712 3538 1763 καὶ
3557 1713 3655 1765 ἀνα-

497 1797 693 1856 levavit
725 1802 934 1867 oculos,
978 1810 1032 1858 et
1065 1804 1200 1858 vidit
1243 1805 1423 1858 virum
1458 1812 1694 1860 stantem
1726 1816 1916 1860 contra
1974 1820 2051 1871 se,

2161 1794 2363 1865 ϐλέψας
2394 1798 2495 1868 όρᾷ
2523 1797 2808 1869 ἄνθρωπον
2837 1799 3109 1870 ἑστηκότα
3129 1801 3399 1855 κατέναντι
3419 1802 3564 1867 nam},
3586 1807 3655 1858 καὶ

493 1892 834 1961 evaginatum
872 1900 1138 1949 tenentem
1163 1893 1423 1966 gladium,
1462 1897 1806 1967 perrexitque
1835 1898 1900 1952 ad
1929 1913 2047 1953 eum

2157 1892 2189 1960 ἡ
2219 1893 2461 1962 ῥομφαία
2491 1891 2814 1962 ἐσπασμένη
2843 1893 2902 1945 ἐν
2932 1895 2998 1962 τῇ
3029 1892 3178 1966 χειρὶ
3206 1893 3382 1948 αὑτοῦ.
3413 1895 3498 1947 Καὶ
3523 1912 3651 1965 προσ-

491 1988 546 2035 et
573 1983 682 2035 ait:
710 1979 907 2038 Noster
935 1998 1018 2048 es,
1051 1999 1121 2038 an
1177 1984 1655 2042 adversariorum?
1684 1986 1789 2054 Qui
1825 2002 2045 2059 respou-

2158 1982 2326 2036 ελθὼν
2370 1983 2597 2054 Ἰησοῦς,
2637 1979 2812 2047 εἶπεν,
2854 1984 3154 2058 Ἦμέτερος
3195 1980 3264 2050 εἶ,
3297 1987 3329 2056 ἢ
3369 1987 3459 2040 τῶν
3477 1988 3655 2041 {iuvav-

491 2071 573 2127 dit
598 2089 612 2124 :
638 2072 992 2145 Nequaquam
1021 2095 1034 2132 :
1069 2076 1164 2133 sed
1199 2093 1320 2132 sum
1363 2078 1620 2151 princeps
1646 2082 1922 2137 exercitus
1948 2081 2045 2140 Do-

2155 2075 2321 2140 τίων;
2361 2076 2470 2129 Καὶ
2498 2071 2648 2138 εἶπεν
2697 2075 2866 2146 αὐτῷ,
2911 2075 3052 2145 Ἐγὼ
3107 2079 3507 2149 ἀρχιστράτηγος
3535 2079 3656 2132 δυνά-

491 2165 642 2233 mini,
678 2175 732 2222 et
765 2183 912 2223 nunc
935 2170 1117 2225 venio.
1149 2169 1360 2228 Cecidit
1399 2171 1566 2229 Iosue
1614 2189 1821 2245 pronus
1851 2175 1906 2231 iu
1948 2184 2045 2230 ter-

2159 2185 2304 2240 μεως
2337 2169 2543 2241 Κυρίου
2597 2169 2714 2225 νυνὶ
2761 2169 3135 2241 παραγέγονα.
3166 2171 3274 2225 Kal
3308 2173 3488 2241 Ἰησοῦς
3509 2173 3655 2225 ἔπεσεν

490 2271 628 2312 ram.
663 2257 728 2312 Et
756 2260 994 2317 adorans
1021 2262 1096 2316 ait
1127 2280 1140 2314 :
1167 2262 1308 2328 Quid
1346 2263 1601 2321 dominus
1626 2279 1782 2322 meus
1814 2267 2044 2337 loquitul

2156 2260 2248 2312 ἐπὶ
2271 2261 2559 2332 πρόσωπον
2583 2262 2674 2314 ἐπὶ
2704 2260 2802 2333 τὴν
2824 2263 2946 2332 γῆν,
2980 2263 3080 2317 καὶ
3101 2259 3251 2316 εἶπεν
3271 2264 3425 2334 αὐτῷ,
3450 2264 3654 2326 Δέσποτα,

487 2350 556 2404 ad
616 2367 832 2407 servum
885 2355 1087 2409 suum?
1139 2353 1321 2420 Solve,
1373 2356 1584 2426 inquit,
1630 2357 2041 2418 ealceamentum

2153 2353 2204 2407 τί
2230 2354 2589 2426 προστάσσεις
2617 2353 2696 2424 τῷ
2731 2354 2810 2424 σῷ
2830 2355 3052 2429 οἰκέτης
3078 2357 3185 2409 Καὶ
3207 2357 3348 2425 λέγει
3374 2359 3401 2411 6
3423 2355 3654 2426 ἀρχιστρά-

489 2448 639 2496 tuum
699 2444 766 2501 de
829 2445 1057 2514 pedibus
1127 2447 1237 2502 tuis
1289 2466 1303 2501 :
1371 2447 1523 2504 locus
1577 2447 1720 2502 enim
1754 2489 1770 2513 ,
1831 2447 1884 2502 in
1941 2464 2043 2518 quo

2153 2464 2320 2517 τηγος
2344 2447 2548 2516 Κυρίου
2579 2446 2716 2519 πρὸς
2749 2445 2974 2517 Ἰησοῦν,
2999 2447 3176 2502 Λύσαι
3202 2447 3263 2500 τὸ
3283 2448 3504 2518 ὑπόδημα
3531 2447 3579 2514 (ί.
3603 2446 3650 2499 Ν

488 2541 642 2598 stas,
692 2545 916 2593 sanctus
964 2546 1049 2594 est
1097 2539 1165 2594 “.
1215 2560 1234 2592 ι
1300 2540 1434 2607 Quis
1498 2543 1637 2599 alius
1687 2560 1809 2599 esse
1869 2554 2042 2616 possel

2152 2541 2228 2603 ν’)
2259 2536 2322 2593 ἐκ
2345 2535 2452 2588 τῶν
2486 2535 2656 2589 ποδῶν
2684 2553 2797 2601 σου,
2826 2538 2856 2590 6
2882 2535 2988 2607 γὰρ
3005 2536 3192 2601 τόπος,
3215 2539 3271 2589 ἐν
3300 2530 3342 2605 ᾧ
3367 2538 3424 2591 σὺ
3451 2538 3649 2606 ἕστηκας,

492 2624 741 2697 princeps
804 2631 1082 2700 copiarum
1138 2630 1401 2695 Domini,
1457 2635 1564 2689 nisi
1623 2635 1875 2690 Christus
1934 2635 2046 2698 Dei,

2149 2628 2312 2690 τόπος
2339 2628 2492 2696 ἅγιός
2519 2630 2656 2682 ἐστι.
2699 2648 2716 2680 ι
2752 2629 2859 2681 Kal
2888 2629 2972 2692 τίς
2992 2627 3059 2680 ἂν
3089 2629 3245 2692 ἄλλος
3268 2628 3350 2700 είη
3373 2630 3399 2680 6
3421 2627 3652 2708 ἀρχιστρά-

491 2719 727 2774 .miversi
776 2721 886 2775 dux
941 2724 1118 2778 sancti
1170 2725 1548 2797 spiritalisquo
1606 2725 1700 2782 Dei
1737 2728 2045 2783 exercitus!

2149 2733 2314 2786 τηγος
2367 2717 2647 2789 δυνάμεως
2699 2718 2923 2789 Κυρίου,
2958 2718 2990 2789 ἢ
3031 2721 3064 2772 6
3091 2719 3320 2791 Χριστὸς
3373 2718 3454 2772 τοῦ
3487 2717 3651 2780 θεοῦ,ό

489 2806 620 2863 I‘lud
669 2811 831 2865 etiam
879 2814 1116 2875 attende,
1172 2829 1354 2871 annon
1391 2817 1531 2871 idem
1561 2805 1683 2888 'qui
1735 2817 1904 2889 Moysi
1952 2834 2043 2889 per

2149 2805 2329 2876 πάσης
2357 2805 2539 2877 ἄρχων
2570 2807 2730 2876 ἁγίας
2755 2810 2848 2862 καὶ
2873 2811 3250 2880 πνευματικῆς
3270 2809 3358 2862 τοῦ
3387 2809 3502 2862 Θεοῦ
3531 2823 3649 2877 στρα-

491 2901 738 2970 angelum
793 2905 1174 2962 manifestatus
1224 2909 1280 2963 in
1324 2917 1508 2965 monte
1535 2926 1601 2966 ex
1661 2911 1795 2982 ipsis
1851 2914 1918 2968 ad
1951 2911 2045 2968 Jo-

2147 2897 2302 2960 ταῖς
2330 2896 2470 2968 Ὅρα
2490 2897 2546 2950 δὲ
2581 2899 2654 2972 μὴ
2684 2901 2732 2956 εί
2755 2899 2842 2952 καὶ
2869 2901 2896 2951 6
2923 2900 3088 2963 αὐτὸς
3110 2903 3138 2954 6
3168 2900 3259 2954 καὶ
3281 2901 3353 2973 τῷ
3379 2902 3566 2956 Μωῦσεί
3585 2897 3646 2950 διὰ

484 3005 582 3046 sue
624 2993 805 3050 verbis
849 2995 1271 3056 demonstratur.
1319 2999 1449 3068 Quae
1495 3003 1639 3056 enim
1696 3003 1823 3060 huic
1873 3021 2038 3072 nunc,

2091 3029 2114 3085 3
2149 2988 2240 3044 τοῦ
2301 2990 2531 3060 ἀγγέλου
2585 2994 2927 3065 χρηματίσας
2962 2997 3018 3047 ἐν
3055 2995 3136 3066 τῷ
3171 2997 3282 3067 ὄρει
3313 2997 3412 3050 ἀπὸ
3436 2995 3527 3047 τῶν

484 3081 598 3138 haec
621 3093 675 3140 et
697 3084 866 3159 Moysi
893 3088 1142 3146 similiter
1165 3092 1221 3146 in
1251 3093 1428 3162 prima
1451 3091 1520 3147 ad
1547 3109 1670 3149 eum
1695 3093 1908 3152 Domini
1929 3113 2038 3152 ma-

2090 3081 2113 3085 ⁷
2148 3083 2236 3138 τὸν
2295 3082 2502 3153 Ἰησοῦν
2553 3083 2724 3152 λόγων
2771 3087 3132 3156 ὑποφαίνεται
3158 3107 3171 3118 ·
3212 3089 3349 3161 ἅπερ
3386 3089 3480 3160 γὰρ
3517 3087 3644 3156 τούτῳ

479 3176 832 3237 nifestatione
858 3197 955 3253 per
987 3185 1237 3253 angelum
1267 3186 1413 3240 dicta
1467 3198 1617 3250 sunt,
1665 3206 1683 3238 ‹
1727 3187 1888 3246 Solve
1933 3193 2033 3247 cal-

2147 3171 2260 3236 νῦν,
2285 3175 2457 3230 ταῦτα
2488 3177 2580 3229 καὶ
2611 3178 3044 3249 Μωῦσείὁμοίως
3061 3182 3344 3253 ἀρχομένῳ
3368 3181 3454 3250 τῆς
3469 3180 3643 3249 Θεωρίας

479 3279 822 3326 oeamentum
852 3280 1004 3328 tuum
1021 3274 1088 3331 de
1117 3278 1343 3346 pedibus
1365 3280 1496 3345 tuis,
1523 3300 1541 3332 ι
1561 3289 1614 3336 et
1637 3291 1849 3338 caetera.
1876 3284 2033 3341 Multa

2147 3265 2280 3340 πρὸς
2311 3268 2402 3332 τοῦ
2448 3270 2650 3340 Κυρίου
2696 3271 2782 3326 διά
2824 3272 2916 3325 τοῦ
2952 3274 3185 3343 ἀγγέλου
3219 3276 3418 3347 εἴρηται
3449 3274 3562 3328 κατὰ
3582 3272 3639 3332 τὸ,

476 3371 605 3418 sunt
631 3363 851 3420 Christo
883 3365 974 3422 Dei
999 3370 1220 3424 nomina
1253 3387 1264 3422 :
1293 3388 1440 3428 nunc
1496 3376 1734 3445 seipsum
1772 3397 1790 3428 ι
1827 3377 2030 3434 Domini

2149 3378 2168 3411 ι
2196 3359 2369 3414 Λύσαι
2393 3360 2454 3414 τὸ
2471 3362 2720 3432 ὑπόδημα
2750 3364 2814 3416 ἐκ
2840 3362 2948 3416 τῶν
2965 3364 3144 3418 ποδῶν
3173 3383 3285 3430 σου,
3316 3384 3334 3417 ι
3354 3367 3438 3418 καὶ
3459 3365 3516 3416 τὰ
3533 3363 3635 3431 ἑξῆς.

473 3455 748 3512 exercitus
789 3457 1091 3529 principem
1123 3480 1141 3511 ι
1178 3461 1456 3532 declarat;
1518 3475 1682 3535 atque
1741 3468 1795 3521 in
1847 3469 1986 3523 Isaia
2021 3511 2027 3535 ,

2144 3452 2499 3525 Πολυώνυμος
2551 3453 2608 3508 δέ
2661 3473 2744 3520 τις
2775 3456 3032 3527 ὑπάρχων
3077 3461 3107 3512 6
3149 3459 3375 3530 Χριστὸς
3413 3457 3494 3512 τοῦ
3522 3455 3639 3516 Θεοῦ,

478 3554 509 3601 ι’
539 3546 717 3618 magni
750 3548 966 3610 consilii
1010 3550 1294 3620 Angelum,
1340 3572 1357 3606 ι
1407 3553 1511 3610 hoc
1550 3557 1607 3612 in
1649 3557 1770 3612 loco
1806 3577 1819 3612 :
1857 3577 1875 3610 ι
1909 3557 2032 3614 0m-

2143 3545 2234 3600 νῦν
2253 3566 2272 3598 ι
2302 3547 2756 3620 Ἀρχιστράτηγος
2782 3550 3063 3621 δυνάμεως
3081 3553 3283 3624 Κυρίου
3303 3573 3320 3604 ι
3349 3549 3636 3623 χρηματίζει·

435 3677 448 3690 .
469 3635 558 3700 uis
587 3638 821 3693 violenta
851 3640 1110 3710 praedatio
1150 3644 1252 3698 erit
1294 3646 1350 3700 in
1391 3647 1824 3704 combustionem
1853 3659 1907 3705 et
1961 3667 1987 3704 c

2137 3637 2214 3702 ὡς
2231 3639 2323 3692 καὶ
2349 3641 2404 3692 ὲν
2420 3640 2630 3712 Ἡσαΐᾳ..
2655 3662 2672 3691 ι
2689 3643 2927 3714 μεγάλης
2959 3643 3156 3714 βουλῆς
3175 3645 3421 3714 Ἀγγελος
3439 3663 3450 3674 ·
3475 3646 3548 3696 »ἐν
3566 3638 3634 3709 τῷ.

468 3729 577 3784 bus
617 3729 773 3800 ignis.
811 3729 1077 3789 Parvulus
1101 3736 1245 3792 enim
1280 3747 1441 3796 natus
1491 3749 1574 3794 est
1604 3741 1782 3805 nobis,
1811 3749 1864 3797 et
1894 3742 2022 3799 ﬁlius

2145 3747 2162 3778 ι
2187 3731 2295 3782 Καὶ
2327 3729 2638 3802 Θελήσουσιν
2659 3735 2705 3788 εί
2739 3733 2981 3802 ἐγένοντο
3013 3737 3384 3806 πυρίκαυστον..
3413 3736 3512 3787 Ὀτι
3541 3747 3632 3782 παι-

467 3821 629 3880 datus
657 3832 738 3878 est
761 3824 942 3896 nobis,
975 3833 1029 3880 et
1059 3826 1236 3898 lactus
1262 3838 1345 3885 est
1381 3832 1721 3904 principatus
1748 3849 1910 3904 super
1933 3835 2021 3893 htt-

2136 3819 2245 3874 δίον
2283 3821 2542 3892 ἐγεννήθη
2579 3825 2734 3892 ἡμῖν,
2759 3821 2872 3890 υίὸς
2910 3824 3002 3876 καὶ
3034 3825 3193 3900 ἐδόθη
3226 3829 3368 3898 ἡμῖν,
3399 3818 3451 3878 οὗ
3478 3824 3504 3893 ἡ
3528 3817 3629 3892 ἁρχὴ

467 3929 676 3976 merum
721 3916 841 3998 ejus
885 3935 898 3972 :
940 3928 994 3973 et
1037 3920 1318 3976 vocabitur
1365 3909 1560 3980 nomen
1604 3926 1793 3998 ejus...
1851 3929 2021 3998 magni

2137 3912 2230 3964 ἐπὶ
2259 3912 2352 3965 τοῦ
2403 3912 2552 3984 ὤμου
2602 3915 2786 3980 αὑτοῦ,
2823 3917 2914 3969 καὶ
2947 3918 3192 3972 καλεῖται
3215 3920 3272 3972 τὸ
3297 3919 3449 3988 ὄνομα
3488 3910 3626 3971 αὑτοῦ.

464 4009 678 4066 consilii
699 4009 936 4082 Angelus
954 4011 1092 4068 "°".
1108 4034 1126 4066 ι
1147 4013 1393 4084 Invenies
1410 4017 1536 4071 etin
1558 4017 1822 4074 Malachia
1852 4020 2018 4088 ipsum

2139 4002 2379 4074 μεγάλης
2413 4003 2608 4075 βουλῆς
2643 4005 2923 4074 Ἄγγελος.
2963 4028 2981 4060 ι
3010 4010 3207 4082 Εὓροις
3252 4009 3294 4062 δ’
3321 4008 3381 4062 ἂν
3413 4005 3492 4060 καὶ
3517 3999 3629 4069 ἐντῷ

470 4117 490 4149 ι
527 4097 792 4169 Angelum
824 4104 1130 4158 testamenti
1167 4104 1212 4135 ⁸³
1247 4123 1264 4156 ι
1315 4114 1590 4171 vocatum,
1631 4109 1723 4163 ubi
1785 4109 1981 4180 legitur
2011 4125 2024 4158 :

2134 4093 2388 4166 Μαλαχίᾳ
2415 4114 2433 4146 ι
2464 4096 2724 4164 Ἄγγελον
2749 4098 3010 4171 διαθήκης
3047 4121 3066 4150 ιι
3099 4102 3257 4154 αὑτὸν
3282 4097 3627 4180 ὀνομαζόμενον,

469 4205 492 4244 ο
527 4186 594 4243 Ει
639 4191 822 4245 statim
866 4193 1043 4247 veniet
1087 4193 1155 4248 ad
1197 4196 1457 4265 templum
1498 4213 1658 4253 suum
1688 4179 2023 4268 Domiuator,

2133 4184 2260 4238 ἔνθα
2283 4186 2517 4255 λέγεται,
2555 4205 2572 4237 ι
2611 4189 2719 4241 Kal
2747 4189 3003 4262 ἐξαίφνης
3021 4191 3144 4264 ἥξει
3163 4193 3241 4256 εἰς
3270 4193 3354 4245 τὸν
3375 4189 3483 4243 ναὸν
3505 4179 3626 4239 αὑτοῦ

455 4294 622 4352 quem
668 4299 766 4338 vos
799 4285 1063 4354 quaeritis.
1120 4295 1174 4353 et
1202 4287 1441 4360 Angelus
1488 4293 1821 4361 testamenti,
1863 4309 2009 4365 quen

2134 4277 2355 4349 Κύριος,
2399 4279 2457 4331 ὃν
2485 4279 2642 4350 ὑμεῖς
2678 4281 2910 4352 ζητεῖτε,
2938 4285 3032 4338 καὶ
3060 4287 3093 4338 6
3118 4285 3374 4354 Ἀγγελος
3389 4283 3472 4353 τῆς
3488 4276 3628 4345 5W“;-

460 4385 560 4429 vos
589 4374 754 4429 vultis
780 4375 846 4429 “.
885 4395 904 4430 ι
1299 4371 1302 4374 ’

1299 4371 1302 4374 ’
2056 4386 2101 4446 ι)
2133 4385 2255 4439 κης,
2281 4370 2339 4424 ὃν
2371 4371 2528 4443 ὑμεῖς
2560 4372 2760 4430 θέλετε.
2799 4391 2819 4425 ι

1021 4490 1251 4547 CAPUT
1276 4493 1458 4552 XVIII.

2638 4503 3027 4567 ΚΕΦΑΑΑιοΝ
3057 4513 3166 4569 Iﬂ‘.

513 4641 516 4645 λ
602 4573 650 4629 E
667 4578 838 4645 primo
862 4578 1055 4652 Regum
1084 4583 1238 4650 libro,
1274 4602 1340 4639 ea:
1364 4591 1531 4643 Anna:
1559 4593 1876 4658 precatione.

2177 4596 2270 4663 Ἐκ
2303 4593 2408 4665 τῆς
2438 4606 2489 4651 α’
2521 4597 2642 4653 τῶν
2673 4601 3024 4656 Βασιλειῶν.
3063 4603 3178 4673 Τῆς
3204 4601 3381 4674 εὐχῆς
3409 4603 3591 4661 Ἅννας.

533 4683 552 4716 ι
589 4664 852 4726 Dominus
892 4671 1140 4727 ascendit
1169 4673 1224 4729 in
1254 4676 1424 4732 ccelos
1459 4684 1512 4734 et
1555 4680 1751 4734 tonuit.
1786 4680 1906 4752 Ipse
1930 4683 2021 4754 jus

2202 4709 2220 4742 ι
2260 4691 2462 4763 Κύριος
2496 4693 2663 4765 ἀνέϐη
2713 4695 2793 4757 είς
2831 4664 3614 4766 οὐρανοὺςξ-καὶηέϐρὸντησεν·

454 4758 661 4816 dicabit
689 4760 823 4816 lines
863 4770 1039 4831 terrae,
1062 4771 1115 4820 et
1143 4764 1294 4821 dabit
1327 4767 1612 4839 imperium
1668 4772 1778 4842 regi
1811 4788 1931 4839 suo,
1966 4783 2008 4829 el

2127 4779 2290 4844 αὐτὸς
2319 4758 2496 4855 κρινεῖ
2520 4758 2664 4857 ἄκρα
2694 4785 2798 4857 γῆς
2824 4827 2838 4850 ,
2868 4758 2962 4842 καὶ
2998 4758 3158 4840 δώσει
3198 4788 3342 4860 ίσχὺν
3379 4758 3473 4847 τοῖς
3500 4758 3612 4852 βασι-

454 4852 769 4912 sublimahit
821 4870 990 4910 cornu
1036 4856 1239 4914 Christi
1285 4859 1369 4914 sui
1416 4861 1481 4917 ⁸³.
1525 4883 1541 4914 ι
1594 4861 1698 4931 Qui
1741 4863 1810 4920 de
1863 4865 2008 4922 cmlis

2124 4870 2308 4927 λεῦσιν
2349 4876 2526 4946 ἡμῶν,
2575 4878 2668 4932 καὶ
2698 4878 2904 4948 ὑψώσει
2949 4879 3115 4952 κέρας
3145 4878 3369 4952 Χριστοῦ
3419 4871 3606 4930 αὐτοῦ’

452 4943 812 5016 descenderat
839 4946 1104 5005 Dominus
1153 4950 1246 5007 Dei
1283 4950 1542 5020 Verbum,
1575 4955 1692 5025 ipse
1736 4971 1930 5012 rursus
1961 4958 2006 5022 in

2133 4964 2189 5018 Ὀ
2224 4943 2470 5044 καταϐὰς
2497 4972 2558 5033 ἐκ
2584 4971 2691 5026 τῶν
2725 4943 2968 5044 οὐρανῶν
3002 4943 3208 5044 Κύριος
3227 4976 3254 5027 6
3276 4971 3363 5025 τοῦ
3405 4967 3516 5024 Θεοῦ
3541 4962 3609 5016 Λό-

449 5039 620 5102 cmlns
640 5039 916 5114 ascendit;
941 5048 989 5098 et
1013 5056 1138 5098 cum
1158 5043 1514 5112 ascendisset,
1541 5045 1722 5100 dlvina
1746 5057 2003 5124 potestati

2120 5075 2235 5127 γος,
2268 5060 2430 5122 αὐτὸς
2455 5039 2620 5124 πάλιν
2647 5039 2985 5136 ἀναϐέϐηκεν
3007 5039 3356 5136 είς-οὐρανούς
3374 5079 3386 5092 ·
3417 5057 3605 5115 καὶάνα-

448 5145 547 5186 sua
594 5133 964 5202 evangelicum
1019 5135 1270 5190 nuntium
1316 5137 1516 5205 tonuit,
1570 5147 1627 5192 ut
1657 5140 1712 5201 in
1761 5143 2002 5198 universa

2123 5149 2222 5213 ϐὰς
2250 5150 2571 5223 ἐδρὸντησεν
2598 5157 2662 5227 τῇ
2682 5154 2823 5224 ,Θείῳ
2849 5133 3042 5210 ἑαυτοῦ
3063 5133 3281 5228 δυνάμει
3312 5154 3366 5207 τὸ
3386 5144 3603 5217 εὐαγγελι-

445 5230 594 5280 terra
623 5225 867 5280 auditum
903 5227 1052 5288 illum
1103 5227 1360 5284 alliceret.
1398 5228 1515 5299 Ipse
1542 5245 1720 5288 autem
1747 5234 1999 5303 judicabil

2123 5241 2216 5300 κὺν
2250 5243 2528 5316 κήρυγμα,
2563 5225 2982 5312 ὼςήέξάκουστον
3016 5248 3147 5306 αὐτὸ
3185 5225 3413 5315 γενέσθαι
3452 5242 3499 5292 ἐν
3529 5234 3600 5299 δλιζι

443 5314 581 5384 fines
615 5325 772 5374 terra:
801 5327 854 5374 et
897 5328 1164 5396 quotquot
1217 5322 1362 5376 intra
1414 5339 1508 5379 eos
1563 5325 1828 5392 habitant,
1861 5345 1997 5385 omn:

2121 5329 2198 5409 τῷ
2232 5314 2454 5407 κόσμῳ)
2485 5336 2644 5414 αὐτὸς
2672 5337 2728 5391 δὲ
2762 5344 2936 5412 κρινεῖ
2965 5341 3107 5418 ἄκρα
3137 5342 3236 5412 γῆς
3277 5335 3493 5395 καὶτοὺς
3528 5324 3598 5398 μέ⁶

439 5401 648 5474 judicio
697 5422 728 5461 a
774 5406 936 5474 Patre
985 5418 1228 5496 accepto.
1286 5409 1391 5466 Sed
1439 5411 1602 5467 etiam
1639 5414 1808 5478 robur
1857 5415 1993 5480 dedil

2118 5401 2206 5495 χρι
2238 5401 2440 5492 τούτῶν
2477 5411 2776 5496 οἰκοῦντας,
2802 5401 2888 5498 ’ὡς
2913 5401 3091 5488 πᾶσαν.
3117 5401 3339 5502 είληφὼς
3362 5427 3447 5497 τὴν
3466 5420 3597 5492 κρίσιν

437 5647 477 5690 υ
513 5560 620 5686 et“;
649 5562 774 5616 (Lor.
833 5566 993 5629 1,27.
1109 5570 1151 5600 ⁸⁰
1189 5565 1302 5624 JOS.
1355 5584 1407 5635 ν,
1462 5569 1644 5630 1546.
1751 5572 1867 5604 ⁶¹“⁶¹
1907 5572 2009 5630 Isa.
2069 5591 2154 5647 ιι,
2219 5582 2268 5640 5,
2379 5584 2420 5615 u
2460 5583 2686 5650 ualach.
2741 5603 2830 5652 nl,
2889 5588 2937 5643 ί.
3042 5589 3083 5622 μ
3137 5589 3259 5646 ibid.
3355 5587 3391 5614 ι,
3435 5582 3450 5636 1
3495 5575 3590 5642 “es.
