3952 6198
218 176 352 232 ΙθΠ

1227 169 1520 227 ΕϐῑιοϐιΕ
1566 163 2051 224 ΡΚΟΡΗΕΤΙΕᾹΞ.
2093 190 2140 205 -ο
2200 161 2310 217 LIB
2372 160 2416 215 ι.

3318 142 3450 199 1078

214 287 363 358 παρά
390 285 483 339 τοῦ
523 285 763 356 Πατρός·
789 283 924 338 ἀλλά
966 285 1059 338 καὶ⁸
1087 282 1283 338 ἔδωκεν
1318 286 1469 355 ἰσχὺν
1508 286 1621 347 τοῖς
1655 285 1779 336 ἐαυ-

1885 277 2164 348 discipulis
2184 274 2322 335 suis,
2353 268 2617 341 apostolis
2649 272 2704 320 et
2751 260 3052 333 prephetis,
3080 257 3178 329 qui
3210 273 3308 311 nos
3360 271 3450 308 re-

212 378 306 434 τοῦ
356 378 453 450 μὲν
511 376 797 448 μαθηταῖς,
833 376 1148 441 ἀποστόλοις
1205 394 1263 429 τε
1315 376 1411 430 καὶ
1458 376 1781 447 προφήταις,

214 470 373 543 ἡμῶν
402 463 786 539 δέ⁶βᾶσιλεῦσι,
818 470 913 521 καὶ
942 467 1123 539 ὕψωσε
1155 470 1216 522 τὸ
1236 470 1404 540 κέρας
1424 467 1519 521 τοῦ
1551 466 1783 540 Χριστοῦ

214 561 399 620 αὑτοῦ.
434 561 552 631 ῆτοι
599 558 694 613 τοῦ
726 558 881 623 λαοῦ,
938 562 1140 630 μετοχῇ
1182 559 1277 612 τοῦ
1333 556 1570 631 Χριστοῦ
1613 557 1785 621 οὕτως

214 651 635 724 ὀνομαζομένου,
683 651 716 722 ἢ
741 646 800 707 οὗ
833 650 1119 721 ἀνείληφεν
1144 649 1502 721 ἀνθρωπίνου,
1530 642 1591 702 οῦ
1617 649 1784 720 κέρας

214 741 281 815 ἦν
311 745 345 815 ὴ
371 744 559 814 θεότης
578 742 850 814 ὑψωθείσα
876 742 1018 796 κατὰ
1043 742 1135 795 τὸν
1164 742 1306 813 ἱερὸν
1322 741 1660 795 Ἀιιιόστολον⁸
1688 741 1783 794 καὶ

214 840 272 891 ἐν
299 836 638 907 ὀγδοηκοστῷ
668 835 725 889 δέ
754 834 923 905 ὀγδόῳ
955 834 1155 905 ψαλμῷ
1182 834 1367 903 σαφῶς
1392 833 1454 886 τὸ
1494 833 1779 904 παραπλή-

216 945 326 982 σιον
351 927 429 999 τῷ
461 928 644 982 ἐνθάδε
672 926 912 999 περὶτοῦ
939 926 1175 998 Χριστοῦ
1203 930 1231 981 ό
1250 927 1381 987 Θεός
1409 943 1592 997 φησιν,
1624 944 1643 977 ι
1672 926 1781 978 Καὶ

215 1021 273 1074 ἐν
299 1020 376 1092 τῷ
403 1020 623 1090 ὀνόματί
659 1036 758 1090 μου
784 1018 1126 1090 ὑψωθήσεται
1156 1018 1217 1071 τὸ
1242 1018 1410 1090 κέρας
1436 1019 1623 1075 αὑτοῦ.
1670 1040 1688 1072 ι

729 1109 1123 1162 ΚΕΦΑΛΔΙΟΝ
1161 1107 1259 1161 ΙΘ’.

286 1217 306 1249 ι
343 1197 453 1251 Καὶ
482 1193 642 1269 ἦλθεν
672 1199 954 1269 ἄνθρωπος
981 1197 1116 1251 θεοῦ
1148 1197 1280 1269 πρὸς
1308 1198 1474 1261 Ἠλεὶ,
1493 1199 1586 1251 καὶ
1604 1194 1777 1262 εἶπεν,

212 1291 351 1345 Τάδε
385 1291 531 1361 λέγει
562 1291 763 1362 Κύριος
783 1290 984 1359 Κύριος
1004 1306 1015 1317 ·
1049 1310 1067 1341 ι
1096 1292 1187 1343 καὶ
1209 1290 1268 1343 ἐν
1293 1293 1405 1353 τοῖς
1426 1290 1550 1361 ἑξῆς
1576 1309 1588 1320 ο
1627 1309 1645 1341 ι
1673 1291 1780 1343 Καὶ

209 1385 500 1455 ἀναστήσω
542 1383 763 1455 ἐμαυτῷ
801 1383 952 1454 ίερέα
990 1383 1196 1446 πιστὸν,
1231 1382 1290 1445 ὃς
1321 1382 1497 1435 πάντα
1530 1382 1596 1435 τά
1625 1385 1682 1435 ἐν
1710 1386 1776 1453 τῇ

211 1478 409 1550 καρδίᾳ
450 1496 549 1549 μου
570 1478 663 1530 καὶ
688 1478 755 1530 τὰ
789 1479 845 1529 ἐν
963 1474 1109 1545 ψυχῆ
1143 1492 1244 1545 μου
1283 1475 1534 1546 ποιήσει’
1571 1477 1664 1528 καὶ
1695 1477 1777 1528 oi-

211 1570 495 1641 κοδομήσω
523 1569 670 1640 αὑτῷ
708 1565 854 1622 οἶκον
890 1568 1098 1629 πιστὸν,
1146 1566 1238 1620 καὶ
1264 1565 1590 1620 διελεύσεται
1643 1568 1776 1621 ἐνὼ-

210 1680 335 1716 πιον
360 1662 593 1735 Χριστοῦ
619 1680 716 1735 μου
751 1662 929 1725 πάσας
957 1660 1054 1725 τὰς
1080 1660 1295 1732 ἡμέρας
1318 1676 1333 1689 °
1368 1660 1463 1714 καὶ⁹
1491 1660 1643 1714 ἕσται
1671 1663 1778 1724 πᾶς

206 1755 236 1807 ὀ
263 1753 603 1827 περισσεύων
633 1756 691 1807 ἐν
721 1753 853 1825 οἴκῳ
885 1753 1003 1824 ἥξει
1048 1750 1365 1824 προσκυνῶν
1411 1751 1557 1823 αὑτῷ
1591 1752 1777 1806 ὀϐολοῦ

207 1846 497 1919 ἀργυρίου,
533 1845 624 1899 καὶ
660 1847 716 1899 ἐν
742 1845 892 1917 ἄρτῳ
916 1844 1013 1907 ἐνὶ,
1042 1843 1235 1911 λέγων,
1257 1843 1572 1914 Παράριψόν
1599 1861 1664 1914 με
1688 1845 1779 1896 ἐπὶ

211 1937 344 2008 μίαν
371 1937 481 1990 τῶν
508 1936 785 2008 ἱερατείων
813 1952 904 1988 σου
931 1936 1124 2003 φαγεῖν
1146 1934 1329 2004 ἄρτον.
1368 1953 1385 1984 ι
1412 1934 1597 1997 Οὐδεὶς
1624 1934 1781 1999 ἀλλος

206 2029 241 2101 ἢ
278 2029 436 2099 μόνος
483 2031 511 2080 ό
573 2027 713 2081 κατά
742 2028 838 2098 τὴν
869 2025 1021 2090 τάξιν
1071 2025 1400 2096 Μελχισεδὲκ
1455 2027 1630 2097 ἱερεὺς
1685 2026 1779 2079 τοῦ

206 2119 347 2174 Θεοῦ
380 2120 472 2173 τοῦ
499 2120 722 2189 ὑψίστου
770 2118 976 2189 Ἰησοῦς
1007 2118 1236 2189 Χριστὸς
1278 2120 1307 2172 ό
1354 2116 1543 2189 Σωτὴρ
1585 2117 1778 2188 ἡμῶν,

203 2214 266 2266 ὃν
301 2232 320 2263 ι
342 2212 538 2282 ἔχομεν
561 2212 820 2283 ἀρχιερέα
852 2213 1042 2284 μέγαν,
1083 2233 1101 2263 ι
1133 2210 1274 2265 κατά
1309 2210 1401 2264 τὸν
1436 2211 1777 2275 Ἀπόστολον,

210 2324 228 2355 ι
271 2304 618 2375 διεληλυθότα
642 2304 764 2367 τοὺς
790 2305 1073 2376 οὐρανοὺς,
1115 2324 1132 2356 i
1171 2304 1345 2358 πάντα
1367 2303 1436 2357 τὰ
1466 2306 1523 2357 ἐν
1544 2306 1607 2375 τῇ
1647 2321 1780 2373 καρ-

202 2393 295 2464 δία
322 2393 419 2447 τοῦ
447 2394 658 2464 Πατρός
685 2393 984 2464 πεποίηκεν
1018 2411 1035 2443 ι
1071 2393 1308 2464 ὑπήκοος
1342 2391 1490 2462 αὑτῷ
1527 2392 1779 2461 γενέσθαι

206 2484 378 2555 μέχρι
422 2484 516 2537 καὶ
552 2483 818 2537 θανάτουο
851 2503 869 2535 ι
909 2483 1030 2536 ὃθεν
1068 2484 1161 2535 καὶ
1191 2483 1501 2553 ἀναστήσας
1536 2484 1697 2536 αὑτὸν
1751 2486 1780 2537 ό

203 2575 421 2647 Πατὴρ,
456 2576 806 2645 οἰκοδόμησεν
844 2574 990 2645 αὑτῷ
1022 2570 1167 2627 οἷκον
1196 2574 1405 2637 πιστὸν,
1429 2575 1527 2645 τὴν
1549 2577 1612 2627 ἐκ
1637 2576 1782 2643 λογι-

203 2667 316 2721 κῶν
343 2669 441 2723 καὶ
480 2667 696 2732 ζώντων
732 2669 825 2721 καὶ
851 2668 1055 2721 πιστῶν
1086 2668 1160 2732 ὡς
1198 2667 1410 2738 ἀληθῶς
1456 2665 1617 2719 λίθων
1654 2685 1780 2721 συν-

198 2763 452 2815 εστῶσαν
486 2763 805 2832 Ἐκκλησίαν
827 2780 839 2792 ·
868 2762 1040 2832 τούτῳ
1067 2762 1123 2815 δὲ
1155 2763 1248 2815 καὶ
1274 2761 1519 2832 ἔρχονται
1543 2777 1781 2833 προσκυ-

196 2855 309 2907 νεῖν
342 2850 400 2906 σε
441 2852 823 2916 πιστεύσαντες
863 2854 941 2916 είς
978 2853 1157 2917 αὑτὸν,
1190 2851 1375 2905 ὀϐολοῦ
1412 2852 1671 2923 ἀργυρίου
1706 2851 1780 2922 μὴ

196 2944 275 3016 (f.
306 2945 418 3015 15)
450 2945 928 3018 ἀποστρεφομένου
958 2944 1203 3015 (όμενοι)
1229 2984 1244 3009 ,
1281 2946 1417 3015 μήτε
1457 2944 1780 3015 σωματικῶς

192 3036 291 3108 τὴν
322 3036 426 3090 τὸν
459 3036 755 3107 κοδράντην
787 3037 867 3099 είς
895 3036 992 3107 τὴν
1020 3035 1125 3089 τῶν
1154 3034 1421 3105 δεομένων
1464 3036 1780 3108 ἐπικουρίαν

196 3126 668 3197 συνεισφέρουσαν
691 3127 887 3201 χῄραν,
920 3127 1056 3197 μήτε
1089 3125 1193 3197 μὴν
1232 3120 1372 3179 κατά
1420 3126 1654 3178 διάνοιαν
1685 3126 1782 3196 τὴν

198 3219 294 3271 ἐπὶ
321 3219 496 3289 μόνην
522 3218 619 3289 (η)
653 3221 718 3289 τῇ
754 3218 932 3280 πίστει
958 3219 1352 3289 ἐρηρεισμένην
1379 3217 1555 3287 ψυχὴν
1574 3258 1587 3280 ,
1613 3218 1645 3289 ἢ
1684 3217 1783 3289 τὴν

199 3310 345 3363 κατά
379 3308 608 3379 δύναμιν
633 3310 740 3363 τῶν
778 3309 981 3379 νοητῶν
1013 3310 1181 3379 αὑτῆς
1203 3310 1553 3381 ὑπαρχόντων
1574 3326 1782 3363 συνεισ-

198 3401 478 3470 φέρουσαν
510 3399 576 3453 τά
603 3402 683 3465 εἰς
735 3400 833 3470 τὴν
860 3401 967 3454 τῶν
995 3401 1195 3454 λοιπῶν
1243 3402 1528 3473 οἰκοδομήν
1573 3418 1633 3454 τε
1689 3402 1781 3454 καὶ

197 3492 475 3563 ὠφέλειαν
509 3492 921 3563 συμϐαλλόμενοι
945 3508 958 3521 °
999 3494 1069 3547 τά
1108 3493 1158 3563 γ’
1194 3490 1286 3548 οὖν
1323 3512 1340 3544 ι
1384 3493 1540 3565 μωρά
1556 3492 1649 3546 τοῦ
1690 3493 1784 3546 κό-

201 3600 343 3654 σμου
379 3581 664 3649 ἐξελέξατο
702 3602 719 3635 ι
753 3584 846 3637 καὶ
877 3584 942 3643 τὰ
974 3584 1173 3655 ἀσθενῆ
1200 3585 1293 3636 καὶ
1312 3583 1520 3653 πτωχὰ,
1545 3583 1639 3636 καὶ
1666 3601 1683 3634 ιι
1713 3582 1783 3636 τὰ

195 3678 618 3750 ἐξουθενημένα,
649 3679 741 3731 καὶ
760 3677 828 3731 τὰ
858 3678 931 3750 μὴ
952 3678 1079 3731 όντα
1114 3698 1131 3729 ι
1174 3676 1247 3749 μὴ
1269 3676 1641 3749 ὑπερφρονῶν,
1680 3695 1783 3747 μη·-

194 3768 253 3821 δὲ
302 3768 408 3831 τὰς
444 3767 653 3820 τοιάσδε
685 3767 859 3837 ψυχάς
883 3786 895 3798 ·
929 3768 1044 3821 ἀλλ’
1088 3762 1173 3821 οἷα
1217 3768 1592 3839 φιλάνθρωπος
1646 3767 1780 3820 Θεοῦ

195 3860 374 3929 Λόγος
398 3860 496 3913 καὶ
520 3860 721 3923 ταύτας
765 3859 1157 3931 ἀποδεχόμενος
1210 3861 1309 3932 τῆς
1352 3860 1676 3933 προθυμίας,
1716 3859 1781 3923 ἂς

195 3955 291 4007 καὶ
327 3952 515 4025 κρίσει
544 3952 662 4023 θείᾳ
694 3953 831 4007 κατά
872 3953 970 4022 τὴν
1002 3952 1157 4017 ἀξίαν
1207 3954 1265 4007 ἐν
1293 3954 1566 4025 διαφόροις
1598 3958 1781 4024 μοναῖς

194 4045 304 4099 τῶν
342 4044 630 4116 ἱερατείων
664 4043 827 4098 αὑτοῦ
875 4044 1237 4109 κατατάσσει,
1276 4046 1367 4099 τοῦ
1413 4048 1537 4116 παρ’
1587 4045 1780 4099 ἐαυτοῦ

190 4138 365 4210 ἄρτου
402 4136 506 4207 τῆς
536 4137 704 4191 ἀϊδίου
734 4137 876 4208 ζωῆς
907 4137 1177 4202 καταξιῶν
1203 4139 1390 4202 αὑτάς.
1425 4140 1497 4191 Τὸ
1525 4140 1580 4194 δέ
1620 4159 1637 4189 ι
1673 4140 1782 4191 Καὶ

188 4230 536 4284 διελεύσεται
559 4227 784 4283 ἐνώπιον
805 4229 1041 4303 Χριστοῦ
1071 4247 1169 4301 μου
1193 4230 1369 4293 πάσας
1391 4230 1489 4295 τὰς
1513 4231 1743 4303 ἡμέρας,
1758 4252 1775 4283 i

1885 346 2041 441 sunt,
2092 375 2146 424 et
2184 364 2501 422 sublimavit
2541 374 2715 414 cornu
2751 354 2953 409 Christi
2999 352 3104 413 sui,
3142 366 3236 404 seu
3269 346 3450 418 populi

1887 438 1995 527 sui,
2031 458 2235 515 Christi
2275 456 2346 512 ob
2385 450 2823 509 communionem
2886 444 2966 498 sic
2997 440 3280 519 nominati,
3338 438 3451 493 sive

1884 567 2047 622 quam
2078 549 2291 619 accepit
2321 541 2701 601 humanitatis,
2739 536 2899 604 cujus
2930 548 3100 587 cornu
3125 536 3241 585 erat
3276 527 3449 582 deitas

1886 620 2175 702 sublimata
2192 637 2492 697 secundum
2513 641 2762 689 sanctum
2786 626 3121 698 Apostolum.
3144 620 3211 674 Et
3232 624 3283 674 iii
3302 627 3449 673 octa-

1883 753 1951 791 vo
1976 744 2031 790 et
2057 732 2390 804 octogesimo
2413 726 2622 799 psalmo
2655 717 2943 775 manifeste
2974 716 3087 769 haec
3114 710 3303 767 eadem
3338 708 3449 804 lere

1881 826 1949 882 de
1974 798 2359 880 CbristovDeus
2385 798 2519 872 dicit
2556 834 2569 867 :
2609 830 2627 863 ι
2668 809 2733 864 Et
2755 808 2813 863 in
2854 806 3075 867 nomine
3102 817 3223 857 meo
3244 798 3449 855 exalta-

1882 918 2032 975 bitur
2054 931 2229 972 cornu
2258 912 2378 983 ejus
2403 911 2467 962 “.
2502 928 2521 961 ι

2459 1100 2686 1157 CAPUT
2718 1096 2861 1152 XIX.

1953 1238 1970 1271 ι
1996 1217 2156 1273 Venit
2180 1222 2358 1270 autem
2389 1214 2474 1266 vir
2502 1211 2597 1265 Dei
2626 1210 2693 1263 ad
2722 1207 2840 1263 Heli
2872 1212 2925 1260 et
2956 1204 3031 1257 ait
3052 1199 3116 1255 ad
3135 1215 3289 1255 eum:
3323 1196 3449 1252 llaec

1879 1312 2010 1368 dicit
2066 1309 2329 1364 Dominus
2373 1302 2784 1374 :Numquid"i
2824 1340 2837 1353 .
2885 1340 2899 1352 .
2944 1336 2958 1350 .
3007 1304 3061 1349 et
3114 1294 3168 1347 in
3215 1291 3284 1347 iis
3325 1306 3447 1360 qua:

1880 1406 2209 1471 sequuntur:
2262 1415 2279 1447 ι
2311 1395 2375 1449 Et
2420 1393 2703 1449 suscitabo
2747 1388 2880 1444 mihi
2922 1384 3264 1442 sacerdotem
3309 1382 3445 1437 ﬁde-

1879 1495 2004 1557 lem,
2045 1490 2136 1561 qui
2180 1489 2335 1559 juxta
2362 1503 2458 1543 cor
2487 1501 2664 1541 meum
2700 1493 2748 1539 et
2779 1481 3016 1536 animam
3049 1491 3223 1532 meam
3247 1473 3444 1527 faciet:

1878 1594 1930 1639 et
1950 1582 2229 1639 aediﬁcabo
2258 1581 2308 1635 ei
2338 1579 2558 1634 domum
2592 1576 2821 1640 ﬁdelem,
2845 1582 2898 1628 et
2937 1569 3237 1625 ambulabit
3260 1580 3446 1622 coram

1878 1677 2097 1731 Christo
2145 1688 2267 1728 meo
2310 1671 2526 1726 cunctis
2576 1669 2804 1723 diebus:
2844 1666 3086 1720 futurum
3125 1669 3209 1717 est
3241 1669 3443 1719 autem,

1880 1776 1938 1824 ut
1965 1767 2280 1837 quicunque
2328 1762 2657 1817 remanserit
2704 1761 2759 1813 in
2810 1758 2974 1813 domo
3020 1769 3141 1818 sua,
3185 1753 3362 1807 veniat
3392 1759 3450 1804 ut

1878 1867 2067 1914 oretur
2106 1871 2205 1927 pro
2250 1870 2337 1916 eo,
2369 1860 2422 1907 et
2474 1850 2669 1905 oﬁ‘erat
2712 1863 2993 1903 nummum
3029 1853 3365 1915 argenteum,
3395 1847 3449 1895 et

1877 1950 2079 2004 tortam
2128 1945 2307 2017 panis,
2334 1943 2624 2011 dicatque:
2680 1937 2901 1992 Dimitte
2940 1951 3047 1999 me,
3080 1934 3329 1996 obsecro,
3380 1930 3449 1984 ad

1879 2056 2044 2096 uuam
2073 2046 2284 2109 partem
2313 2032 2727 2096 sacerdotalem,
2761 2036 2818 2084 ut
2834 2027 3113 2084 comedam
3147 2023 3447 2079 buccellam

1879 2132 2153 2203 panis“.i
2188 2128 2359 2185 Nemo
2393 2127 2533 2180 alius
2564 2123 2671 2178 nisi
2708 2122 2857 2177 solus
2882 2117 3180 2175 secundum
3200 2115 3446 2171 ordinem

1882 2221 2282 2278 Melchisedech
2316 2216 2577 2274 sacerdos
2606 2213 2696 2268 Dei
2730 2209 2987 2266 altissimi
3016 2206 3176 2262 Jesus
3197 2205 3450 2260 Christus

1882 2312 2132 2369 Salvator
2160 2319 2371 2373 noster,
2411 2324 2571 2380 quem
2631 2323 2649 2353 σ
2674 2304 2937 2359 habemus
2978 2298 3294 2354 Pontiﬁcem
3340 2311 3449 2350 uia-

1881 2423 2103 2477 guum,»
2147 2402 2445 2460 secundum
2469 2398 2810 2469 Apostolum,
2850 2412 2869 2445 ι
2896 2392 2990 2463 qui
3015 2389 3315 2461 penetravit
3336 2402 3451 2442 cm-

1881 2497 1964 2551 los
1987 2497 2088 2560 “,i
2124 2495 2361 2563 fecitque
2389 2490 2572 2545 omnia
2603 2502 2724 2558 qua:
2765 2484 2913 2539 Patri
2949 2481 3103 2536 cordi
3128 2488 3304 2542 erant,
3332 2497 3350 2529 ι
3376 2477 3451 2533 l'a-

1882 2595 2005 2641 ctus
2057 2586 2319 2641 obcdiens
2350 2598 2523 2652 usque
2567 2579 2634 2633 ad
2684 2576 3051 2639 mortem"°;i
3088 2573 3231 2627 unde
3264 2570 3448 2631 Pater.

1881 2692 2007 2733 eum
2049 2691 2175 2730 cum
2210 2674 2495 2735 erexisset,
2526 2670 2815 2725 aediﬁcavit
2865 2667 2915 2722 ei
2963 2665 3181 2719 domum
3214 2661 3447 2729 ﬁdelem,

1883 2766 2234 2822 constitutam
2288 2761 2539 2817 videlicet
2605 2758 2971 2813 rationalibus
3024 2753 3449 2821 viventibusque

1882 2876 1946 2915 ac
2002 2876 2130 2916 vere
2179 2859 2430 2914 ﬁdelibus
2491 2856 2765 2925 lapidibus
2837 2852 3138 2907 Ecclesiam
3171 2851 3238 2903 '“.
3295 2849 3450 2901 llunc

1886 2954 2169 3007 adoratum
2199 2953 2417 3007 venient
2446 2949 2537 3019 qui
2571 2949 2625 3003 in
2659 2963 2784 3004 eum
2819 2945 3189 3009 crediderunt,
3226 2940 3436 2995 nummi

1886 3044 2130 3115 argentei
2177 3060 2283 3097 non
2342 3043 2721 3107 immemores;
2780 3055 2955 3109 neque
2994 3037 3143 3094 enim
3183 3048 3449 3105 corpora-

1883 3139 2008 3193 liter
2041 3137 2399 3207 quadrantem
2449 3136 2504 3189 iu
2559 3133 2996 3190 necessariorum
3023 3129 3287 3184 auxilium
3319 3143 3452 3180 con-

1870 3228 2151 3283 ferentem
2202 3226 2446 3289 viduam,
2469 3226 2536 3289 τ’,
2586 3239 2763 3294 neque
2808 3222 3130 3293 spiritaliter
3177 3218 3277 3274 soli
3328 3216 3450 3273 ﬁdei

1884 3319 2130 3372 innixam
2161 3318 2423 3381 animam,
2450 3315 2537 3369 vel
2569 3315 2872 3369 secundum
2904 3311 3230 3383 spiritalium
3275 3308 3449 3363 bono-

1883 3426 2004 3465 rum
2038 3410 2353 3465 facultatem
2383 3417 2708 3463 caaterorum
2744 3405 3092 3459 aediﬁcationi
3133 3413 3186 3459 et
3230 3403 3449 3457 utilitati

1882 3504 2287 3569 consulentem;
2342 3503 2549 3556 «stulta
2597 3518 2615 3550 ι
2664 3500 2847 3569 igitur,
2896 3515 2914 3547 ι
2973 3495 3162 3551 mundi
3201 3496 3363 3567 elegit
3396 3505 3452 3549 et

1883 3594 2098 3649 inﬁrma
2125 3614 2144 3644 ι
2173 3599 2227 3646 et
2257 3590 2460 3660 inopia,
2489 3595 2543 3644 et
2570 3588 2695 3642 vilia
2727 3605 2744 3637 ι
2773 3594 2827 3641 et
2856 3600 2976 3656 qua:
3024 3600 3131 3638 non
3160 3584 3398 3648 erant“,
3425 3604 3443 3633 ι

1883 3698 2227 3755 nequaquam
2258 3691 2640 3745 contemnens,
2676 3694 2854 3748 neque
2885 3678 3023 3732 tales
3061 3675 3305 3741 animas;
3354 3673 3449 3729 sed

1884 3783 1943 3831 ut
1980 3774 2438 3830 humanissimum
2487 3772 2577 3826 Dei
2625 3768 2864 3825 Verbum
2891 3771 2970 3824 eis
3006 3767 3307 3824 studiosam
3354 3780 3449 3819 vo-

1884 3868 2148 3922 luntatem
2176 3866 2499 3937 gratulans;
2528 3878 2666 3934 quas
2696 3874 2747 3918 et
2793 3861 2979 3915 divino
3021 3858 3231 3929 judicio
3283 3856 3447 3928 digne

1884 3962 1941 4017 in
1994 3961 2228 4017 diversis
2248 3958 2542 4015 sacerdotii
2600 3957 2683 4013 sui
2740 3955 2963 4010 sedibus
3004 3953 3256 4017 collocat,
3315 3966 3448 4005 suos

1881 4064 2100 4114 aiternaa
2143 4054 2269 4108 vita:
2303 4068 2470 4123 panes
2521 4050 2603 4106 cis
2657 4047 2996 4119 impertiens.
3069 4063 3088 4095 ι
3140 4042 3453 4098 Ambulabit

1884 4162 2071 4201 coram
2101 4144 2319 4198 Christo
2354 4158 2476 4196 meo
2504 4140 2717 4194 cunctis
2760 4136 3053 4199 diebus“;
3080 4154 3097 4187 ι
3141 4136 3208 4189 de
3242 4136 3447 4189 sanctis

1883 4236 2061 4307 quiin
2098 4234 2343 4289 Ecclesia
2382 4240 2530 4295 sunt,
2566 4231 2787 4293 dicitur,
2816 4228 3041 4284 cliristis
3077 4236 3130 4281 et
3178 4226 3311 4294 ipsis
3357 4241 3451 4279 eo—

194 4322 327 4393 περ)⁵
355 4319 472 4374 τῶν
504 4320 675 4388 ἀγίων
699 4318 806 4371 τῶν
836 4321 893 4372 ἐν
915 4322 981 4391 τῇ
1028 4320 1321 4392 Ἐκκλησία
1360 4321 1573 4393 εἴρηται
1592 4362 1607 4386 ,
1660 4340 1779 4398 χρι-

1886 4326 2237 4400 gnominatis,
2265 4325 2565 4380 secundum
2595 4322 2755 4376 illud:
2796 4339 2814 4371 ι
2838 4320 3014 4373 Nolite
3043 4326 3270 4388 tangere
3315 4315 3456 4369 chri-

198 4412 343 4465 στῶν
370 4411 468 4464 καὶ
494 4409 672 4463 αὑτῶν
702 4413 1253 4484 προσαγορευομένων
1279 4452 1292 4476 ,
1329 4412 1469 4466 κατά
1512 4413 1604 4477 τὸ,
1636 4432 1653 4464 ι
1688 4414 1777 4485 Μὴ

195 4503 417 4574 ἃψησθε
452 4502 559 4556 τῶν
607 4503 842 4573 χριστῶν
880 4503 978 4573 μοῦ
1005 4522 1017 4533 ο
1058 4523 1077 4555 ι
1118 4504 1326 4568 τούτοις
1361 4504 1468 4576 γάρ
1502 4504 1639 4576 πρὸς
1684 4505 1776 4557 τοῦ

193 4596 459 4667 Σωτῆρος
490 4594 705 4662 ἐλέγετο
731 4595 823 4648 καὶ
852 4597 908 4647 ἐν
938 4596 1014 4666 τῷ
1051 4597 1385 4668 Εὑαγγελίῳ,
1417 4617 1435 4649 ι
1483 4597 1633 4662 Ἰδοὺ,
1668 4596 1777 4666 ἐγὼ

196 4687 318 4756 μεθ’
343 4687 504 4757 ὑμῶν
538 4688 653 4758 είμι
682 4687 859 4752 πάσας
880 4687 976 4751 τὰς
1024 4689 1257 4760 ἡμέρας,
1289 4690 1394 4753 ἕως
1444 4689 1545 4760 τῆς
1592 4706 1777 4741 συντε-

190 4776 345 4840 λείας
366 4777 464 4831 τοῦ
486 4778 701 4840 αἰῶνος.
738 4797 755 4827 ι
792 4778 1037 4843 Πλείονος
1066 4780 1122 4833 δὲ
1176 4782 1473 4848 σαφηνείας
1512 4781 1778 4850 δεομένων

1887 4428 2001 4475 stos
2056 4433 2206 4472 meos
2236 4418 2335 4470 ⁷⁸.»
2400 4414 2496 4469 His
2534 4414 2678 4468 enim
2722 4427 2751 4465 a
2795 4409 3076 4466 Salvatore
3121 4410 3326 4463 dictum
3362 4419 3447 4463 est

1886 4510 1941 4563 in
1998 4506 2324 4577 Evangelio:
2364 4503 2546 4559 «Ecce
2593 4519 2692 4574 ego
2738 4501 3020 4557 vobiscum
3072 4515 3195 4556 sum
3237 4499 3453 4553 cunctis

1886 4602 2085 4656 diebus
2134 4615 2308 4669 usque
2342 4599 2397 4652 in
2426 4596 2955 4652 consummationem
2987 4594 3255 4650 saeculi".
3287 4613 3305 4644 ι
3358 4591 3454 4645 His

1887 4708 2015 4746 vero
2048 4692 2182 4747 locis
2227 4707 2351 4745 cum
2385 4690 2648 4760 ampliore
2691 4701 2829 4757 Opus
2858 4694 3003 4742 esset
3049 4685 3453 4760 explanatione,

1889 4784 2007 4837 hzec
2037 4794 2216 4837 tamen
2253 4798 2416 4850 quam
2441 4780 2764 4836 brevissime
2807 4777 2951 4832 dicta
2987 4777 3275 4834 sullicient.

189 4871 303 4923 τῶν
329 4869 538 4934 τόπων,
569 4868 775 4933 τούτοις
804 4868 877 4933 ὼς
910 4863 1019 4922 οἷόν
1056 4887 1117 4923 τε
1168 4866 1235 4941 ἦν
1264 4869 1352 4924 διὰ
1405 4871 1650 4943 βραχέων
1702 4874 2010 4946 εἰρημένοις
2041 4872 2507 4945 ἀρκεσθησόμεθα.

746 4987 1139 5042 ΚΕΦΔΛΑΙΟΝ
1169 4990 1250 5042 K'.

194 5074 629 5164 Βασιλειῶνβἶ
655 5075 955 5164 ’ρειςύριρς
974 5079 1070 5161 διέι
1089 5081 1292 5164 [γάθαν
1316 5081 1395 5147 τῷ
1423 5081 1602 5137 Δαυὶδ
1624 5066 1774 5153 μετά

585 5149 786 5203 πολλὰ
812 5149 908 5203 καὶ
948 5151 1133 5204 ταῦτά
1164 5168 1352 5223 φησιν
1371 5170 1383 5182 ’

268 5345 289 5378 ι
326 5323 446 5379 Καὶ
484 5323 635 5379 ἔσται
691 5326 787 5381 ἐὰν
824 5328 1185 5402 πληρωθῶσιν
1218 5334 1273 5387 αἱ
1303 5333 1505 5405 ἡμέραι
1536 5351 1650 5398 σου,
1686 5334 1779 5385 καὶ

262 5486 312 5559 '_‘
341 5481 507 5559 _Psal.
546 5501 824 5553 uxxviii,
858 5488 951 5542 ‘25.
1028 5488 1072 5520 "
1112 5487 1132 5542 l
1171 5487 1303 5559 Reg.

188 5555 232 5585 "
279 5555 298 5608 1
338 5552 494 5607 Petr.
534 5571 598 5619 Ii,
642 5559 695 5613 5.

198 5640 383 5681 xxvui
408 5663 424 5680 .
464 5623 553 5681 20.

1379 5506 1450 5550 ll,
1508 5487 1598 5543 ‘27.
1677 5488 1721 5520 "
1761 5486 1891 5541 ibid.
1935 5488 2032 5548 55.
2092 5486 2178 5541 36.

812 5563 856 5592 ⁷²
897 5559 1059 5615 Marc.
1110 5576 1217 5624 xu,
1252 5561 1339 5615 42.
1418 5562 1464 5592 ’³
1504 5559 1521 5612 l
1558 5560 1684 5614 Cor.
1720 5575 1773 5623 ι,
1807 5558 1896 5612 27.

2462 4983 2692 5041 CAPUT
2740 4981 2855 5037 XX.

1882 5080 1931 5139 Ε
1955 5081 2181 5137 secundo
2213 5079 2406 5152 Regum
2436 5078 2590 5132 libro.
2643 5075 2900 5128 Dominus
2946 5090 3037 5141 per
3081 5072 3301 5128 Nathau
3343 5073 3453 5128 Da~

2160 5172 2267 5228 vidi
2304 5182 2418 5239 post
2449 5171 2616 5225 multa
2646 5168 2754 5222 hac
2789 5182 2989 5236 quoque
3018 5164 3178 5220 dicit:

1960 5352 1978 5384 ‹
2010 5330 2259 5403 Cumque
2302 5327 2552 5401 completi
2588 5324 2789 5381 fuerint
2821 5321 2939 5377 dies
2990 5325 3090 5389 tui,
3122 5333 3176 5379 et
3209 5325 3450 5382 dormie-

2288 5486 2334 5516 θ’
2373 5483 2529 5540 Hebr.
2596 5500 2668 5545 iv,
2729 5485 2813 5540 14.
2923 5488 2970 5520 ⁷ο
3011 5482 3209 5553 Ρὶιὶὶίιλ
3268 5497 3338 5553 tl.
3393 5482 3450 5553 8,

2002 5542 2044 5587 τί
2087 5557 2103 5609 I
2138 5556 2268 5627 Reg.
2307 5572 2376 5620 ιι,
2411 5555 2498 5609 35.
2601 5542 2663 5587 η’
2688 5554 2832 5613 Psal.
2873 5576 2983 5626 CIV,
3018 5555 3105 5610 is.
3160 5542 3223 5587 ’τε
3262 5542 3454 5606 Malui.

3926 3342 3929 3543 l

3926 3342 3929 3543 l

3916 4878 3917 4959 ι
