  <div class='ocr_page' id='page_1' title='image "/cluster/home/n/w/nwhite01/storage/ocr_20150623/22/hvd.32044073501132/549.png"; bbox 0 0 3936 6206; ppageno 0'>
   <div class='ocr_carea' id='block_1_1' title="bbox 527 215 662 272">
    <p class='ocr_par' dir='ltr' id='par_1_1' title="bbox 527 215 662 272">
     <span class='ocr_line' id='line_1_1' title="bbox 527 215 662 272; baseline -0.03 0"><span class='ocrx_word' id='word_1_1' title='bbox 527 215 662 272; x_wconf 71' lang='grc'><strong>1079</strong></span> 
     </span>
    </p>
   </div>
   <div class='ocr_carea' id='block_1_2' title="bbox 1225 216 3072 292">
    <p class='ocr_par' dir='ltr' id='par_1_2' title="bbox 1225 216 3072 292">
     <span class='ocr_line' id='line_1_2' title="bbox 1225 216 3072 292; baseline 0.001 -21"><span class='ocrx_word' id='word_1_2' title='bbox 1225 216 1489 273; x_wconf 81' lang='lat' dir='ltr'><strong>EUSEBII</strong></span> <span class='ocrx_word' id='word_1_3' title='bbox 1527 216 2003 292; x_wconf 65' lang='lat' dir='ltr'><strong>CESARIENSIS</strong></span> <span class='ocrx_word' id='word_1_4' title='bbox 2042 217 2190 275; x_wconf 82' lang='lat' dir='ltr'><strong>UPP.</strong></span> <span class='ocrx_word' id='word_1_5' title='bbox 2230 219 2408 274; x_wconf 74' lang='lat' dir='ltr'><strong>PARS</strong></span> <span class='ocrx_word' id='word_1_6' title='bbox 2443 220 2613 276; x_wconf 73' lang='lat' dir='ltr'><strong>lll.-&#39;—</strong></span> <span class='ocrx_word' id='word_1_7' title='bbox 2653 218 3072 275; x_wconf 51' lang='lat' dir='ltr'><strong>EXEGETICAS</strong></span> 
     </span>
    </p>
   </div>
   <div class='ocr_carea' id='block_1_3' title="bbox 3533 229 3629 284">
    <p class='ocr_par' dir='ltr' id='par_1_3' title="bbox 3533 229 3629 284">
     <span class='ocr_line' id='line_1_3' title="bbox 3533 229 3629 284; baseline 0.031 -3"><span class='ocrx_word' id='word_1_8' title='bbox 3533 229 3629 284; x_wconf 66' lang='grc' dir='ltr'><strong>ιοκο</strong></span> 
     </span>
    </p>
   </div>
   <div class='ocr_carea' id='block_1_4' title="bbox 520 330 2057 404">
    <p class='ocr_par' dir='ltr' id='par_1_4' title="bbox 520 331 2057 404">
     <span class='ocr_line' id='line_1_4' title="bbox 520 331 2057 404; baseline -0.001 -16"><span class='ocrx_word' id='word_1_9' title='bbox 520 333 602 388; x_wconf 82' lang='lat' dir='ltr'><strong>ris</strong></span> <span class='ocrx_word' id='word_1_10' title='bbox 635 347 757 388; x_wconf 90' lang='lat' dir='ltr'><strong>cum</strong></span> <span class='ocrx_word' id='word_1_11' title='bbox 795 332 1039 404; x_wconf 85' lang='lat' dir='ltr'><strong>patribus</strong></span> <span class='ocrx_word' id='word_1_12' title='bbox 1073 333 1204 393; x_wconf 89' lang='lat' dir='ltr'><strong>tuis,</strong></span> <span class='ocrx_word' id='word_1_13' title='bbox 1249 331 1527 384; x_wconf 70' lang='lat' dir='ltr'><strong>suscitabo</strong></span> <span class='ocrx_word' id='word_1_14' title='bbox 1558 344 1740 386; x_wconf 89' lang='lat' dir='ltr'><strong>semen</strong></span> <span class='ocrx_word' id='word_1_15' title='bbox 1773 340 1924 386; x_wconf 89' lang='lat' dir='ltr'><strong>tuum</strong></span> <span class='ocrx_word' id='word_1_16' title='bbox 1956 345 2057 403; x_wconf 59' lang='lat' dir='ltr'><strong>posl</strong></span> 
     </span>
    </p>
   </div>
   <div class='ocr_carea' id='block_1_5' title="bbox 2156 330 3630 404">
    <p class='ocr_par' dir='ltr' id='par_1_5' title="bbox 2177 330 3630 402">
     <span class='ocr_line' id='line_1_5' title="bbox 2177 330 3630 402; baseline 0.001 -17"><span class='ocrx_word' id='word_1_17' title='bbox 2177 332 2482 402; x_wconf 76' lang='grc' dir='ltr'><strong>κοιμηθήσῃ</strong></span> <span class='ocrx_word' id='word_1_18' title='bbox 2514 330 2650 401; x_wconf 78' lang='grc' dir='ltr'><strong>μετὰ</strong></span> <span class='ocrx_word' id='word_1_19' title='bbox 2672 331 2778 384; x_wconf 88' lang='grc' dir='ltr'><strong>τῶν</strong></span> <span class='ocrx_word' id='word_1_20' title='bbox 2799 331 3044 401; x_wconf 79' lang='grc' dir='ltr'><strong>πατέρων</strong></span> <span class='ocrx_word' id='word_1_21' title='bbox 3071 347 3179 391; x_wconf 77' lang='grc' dir='ltr'><strong>σου,</strong></span> <span class='ocrx_word' id='word_1_22' title='bbox 3211 348 3298 384; x_wconf 89' lang='grc' dir='ltr'><strong>και</strong></span> <span class='ocrx_word' id='word_1_23' title='bbox 3332 333 3566 402; x_wconf 68' lang='grc' dir='ltr'><strong>ἀναστήσω</strong></span> <span class='ocrx_word' id='word_1_24' title='bbox 3583 342 3630 396; x_wconf 65' lang='grc' dir='ltr'><strong>τὸ</strong></span> 
     </span>
    </p>
   </div>
   <div class='ocr_carea' id='block_1_6' title="bbox 519 423 2076 496">
    <p class='ocr_par' dir='ltr' id='par_1_6' title="bbox 519 423 2076 496">
     <span class='ocr_line' id='line_1_6' title="bbox 519 423 2076 496; baseline -0.002 -15"><span class='ocrx_word' id='word_1_25' title='bbox 519 433 593 485; x_wconf 93' lang='lat' dir='ltr'><strong>te.</strong></span> <span class='ocrx_word' id='word_1_26' title='bbox 626 423 771 496; x_wconf 87' lang='lat' dir='ltr'><strong>quod</strong></span> <span class='ocrx_word' id='word_1_27' title='bbox 820 424 1126 493; x_wconf 74' lang='lat' dir='ltr'><strong>egredietur</strong></span> <span class='ocrx_word' id='word_1_28' title='bbox 1153 423 1220 477; x_wconf 90' lang='lat' dir='ltr'><strong>de</strong></span> <span class='ocrx_word' id='word_1_29' title='bbox 1252 433 1408 477; x_wconf 86' lang='lat' dir='ltr'><strong>utero</strong></span> <span class='ocrx_word' id='word_1_30' title='bbox 1449 431 1566 485; x_wconf 89' lang='lat' dir='ltr'><strong>tuo,</strong></span> <span class='ocrx_word' id='word_1_31' title='bbox 1605 434 1658 477; x_wconf 91' lang='lat' dir='ltr'><strong>et</strong></span> <span class='ocrx_word' id='word_1_32' title='bbox 1711 423 1936 478; x_wconf 88' lang='lat' dir='ltr'><strong>ﬁrmabo</strong></span> <span class='ocrx_word' id='word_1_33' title='bbox 1987 439 2076 478; x_wconf 81' lang='lat' dir='ltr'><strong>re-</strong></span> 
     </span>
    </p>
   </div>
   <div class='ocr_carea' id='block_1_7' title="bbox 517 511 2070 587">
    <p class='ocr_par' dir='ltr' id='par_1_7' title="bbox 517 511 2070 587">
     <span class='ocr_line' id='line_1_7' title="bbox 517 511 2070 587; baseline 0.001 -19"><span class='ocrx_word' id='word_1_34' title='bbox 517 529 685 587; x_wconf 81' lang='lat' dir='ltr'><strong>gnum</strong></span> <span class='ocrx_word' id='word_1_35' title='bbox 737 514 877 582; x_wconf 83' lang='lat' dir='ltr'><strong>ejus.</strong></span> <span class='ocrx_word' id='word_1_36' title='bbox 933 511 1051 584; x_wconf 91' lang='lat' dir='ltr'><strong>Ipse</strong></span> <span class='ocrx_word' id='word_1_37' title='bbox 1087 513 1375 569; x_wconf 69' lang='grc' dir='ltr'><strong>ιοὰἰίἱσείιίι</strong></span> <span class='ocrx_word' id='word_1_38' title='bbox 1403 514 1621 568; x_wconf 89' lang='lat' dir='ltr'><strong>domum</strong></span> <span class='ocrx_word' id='word_1_39' title='bbox 1667 515 1874 568; x_wconf 86' lang='lat' dir='ltr'><strong>nomini</strong></span> <span class='ocrx_word' id='word_1_40' title='bbox 1929 529 2070 579; x_wconf 87' lang='lat' dir='ltr'><strong>meo,</strong></span> 
     </span>
    </p>
   </div>
   <div class='ocr_carea' id='block_1_8' title="bbox 517 606 2072 677">
    <p class='ocr_par' dir='ltr' id='par_1_8' title="bbox 517 606 2072 677">
     <span class='ocr_line' id='line_1_8' title="bbox 517 606 2072 677; baseline -0.002 -14"><span class='ocrx_word' id='word_1_41' title='bbox 517 618 571 663; x_wconf 90' lang='lat' dir='ltr'><strong>et</strong></span> <span class='ocrx_word' id='word_1_42' title='bbox 602 606 870 662; x_wconf 86' lang='lat' dir='ltr'><strong>stabiliam</strong></span> <span class='ocrx_word' id='word_1_43' title='bbox 913 607 1166 660; x_wconf 81' lang='lat' dir='ltr'><strong>thronum</strong></span> <span class='ocrx_word' id='word_1_44' title='bbox 1209 608 1356 677; x_wconf 89' lang='lat' dir='ltr'><strong>regni</strong></span> <span class='ocrx_word' id='word_1_45' title='bbox 1391 607 1511 676; x_wconf 91' lang='lat' dir='ltr'><strong>ejus</strong></span> <span class='ocrx_word' id='word_1_46' title='bbox 1547 622 1718 677; x_wconf 86' lang='lat' dir='ltr'><strong>usque</strong></span> <span class='ocrx_word' id='word_1_47' title='bbox 1769 607 1822 660; x_wconf 93' lang='lat' dir='ltr'><strong>in</strong></span> <span class='ocrx_word' id='word_1_48' title='bbox 1874 607 2072 676; x_wconf 83' lang='lat' dir='ltr'><strong>sempi-</strong></span> 
     </span>
    </p>
   </div>
   <div class='ocr_carea' id='block_1_9' title="bbox 516 693 2072 768">
    <p class='ocr_par' dir='ltr' id='par_1_9' title="bbox 516 693 2072 768">
     <span class='ocr_line' id='line_1_9' title="bbox 516 693 2072 768; baseline 0.001 -18"><span class='ocrx_word' id='word_1_49' title='bbox 516 703 752 752; x_wconf 86' lang='lat' dir='ltr'><strong>ternum.</strong></span> <span class='ocrx_word' id='word_1_50' title='bbox 810 693 923 766; x_wconf 88' lang='lat' dir='ltr'><strong>Ego</strong></span> <span class='ocrx_word' id='word_1_51' title='bbox 967 711 1061 751; x_wconf 91' lang='lat' dir='ltr'><strong>ero</strong></span> <span class='ocrx_word' id='word_1_52' title='bbox 1101 698 1149 751; x_wconf 91' lang='lat' dir='ltr'><strong>ei</strong></span> <span class='ocrx_word' id='word_1_53' title='bbox 1185 695 1239 750; x_wconf 93' lang='lat' dir='ltr'><strong>in</strong></span> <span class='ocrx_word' id='word_1_54' title='bbox 1271 705 1499 766; x_wconf 80' lang='lat' dir='ltr'><strong>patrem,</strong></span> <span class='ocrx_word' id='word_1_55' title='bbox 1562 707 1616 752; x_wconf 90' lang='lat' dir='ltr'><strong>et</strong></span> <span class='ocrx_word' id='word_1_56' title='bbox 1647 699 1762 768; x_wconf 90' lang='lat' dir='ltr'><strong>ipse</strong></span> <span class='ocrx_word' id='word_1_57' title='bbox 1793 698 1897 752; x_wconf 90' lang='lat' dir='ltr'><strong>erit</strong></span> <span class='ocrx_word' id='word_1_58' title='bbox 1937 695 2072 752; x_wconf 87' lang='lat' dir='ltr'><strong>mihi</strong></span> 
     </span>
    </p>
   </div>
   <div class='ocr_carea' id='block_1_10' title="bbox 526 782 2070 857">
    <p class='ocr_par' dir='ltr' id='par_1_10' title="bbox 526 782 2070 857">
     <span class='ocr_line' id='line_1_10' title="bbox 526 782 2070 857; baseline 0.001 -20"><span class='ocrx_word' id='word_1_59' title='bbox 526 782 583 838; x_wconf 90' lang='lat' dir='ltr'><strong>lu</strong></span> <span class='ocrx_word' id='word_1_60' title='bbox 625 783 816 839; x_wconf 91' lang='lat' dir='ltr'><strong>ﬁlium.</strong></span> <span class='ocrx_word' id='word_1_61' title='bbox 877 784 978 852; x_wconf 85' lang='lat' dir='ltr'><strong>Qui</strong></span> <span class='ocrx_word' id='word_1_62' title='bbox 1013 786 1059 840; x_wconf 88' lang='lat' dir='ltr'><strong>si</strong></span> <span class='ocrx_word' id='word_1_63' title='bbox 1110 786 1295 856; x_wconf 90' lang='lat' dir='ltr'><strong>inique</strong></span> <span class='ocrx_word' id='word_1_64' title='bbox 1329 786 1530 855; x_wconf 83' lang='lat' dir='ltr'><strong>aliquid</strong></span> <span class='ocrx_word' id='word_1_65' title='bbox 1562 787 1812 857; x_wconf 89' lang='lat' dir='ltr'><strong>gesserit,</strong></span> <span class='ocrx_word' id='word_1_66' title='bbox 1845 799 2070 855; x_wconf 81' lang='lat' dir='ltr'><strong>arguam</strong></span> 
     </span>
    </p>
   </div>
   <div class='ocr_carea' id='block_1_11' title="bbox 517 872 2070 944">
    <p class='ocr_par' dir='ltr' id='par_1_11' title="bbox 517 872 2070 944">
     <span class='ocr_line' id='line_1_11' title="bbox 517 872 2070 944; baseline 0.001 -18"><span class='ocrx_word' id='word_1_67' title='bbox 517 887 642 928; x_wconf 90' lang='lat' dir='ltr'><strong>eum</strong></span> <span class='ocrx_word' id='word_1_68' title='bbox 675 872 727 927; x_wconf 91' lang='lat' dir='ltr'><strong>in</strong></span> <span class='ocrx_word' id='word_1_69' title='bbox 763 874 914 944; x_wconf 81' lang='lat' dir='ltr'><strong>virga</strong></span> <span class='ocrx_word' id='word_1_70' title='bbox 947 873 1210 938; x_wconf 89' lang='lat' dir='ltr'><strong>virorum,</strong></span> <span class='ocrx_word' id='word_1_71' title='bbox 1241 882 1293 926; x_wconf 91' lang='lat' dir='ltr'><strong>et</strong></span> <span class='ocrx_word' id='word_1_72' title='bbox 1317 874 1368 927; x_wconf 91' lang='lat' dir='ltr'><strong>in</strong></span> <span class='ocrx_word' id='word_1_73' title='bbox 1418 874 1589 944; x_wconf 78' lang='lat' dir='ltr'><strong>plagis</strong></span> <span class='ocrx_word' id='word_1_74' title='bbox 1631 874 1860 928; x_wconf 88' lang='lat' dir='ltr'><strong>ﬁliorum</strong></span> <span class='ocrx_word' id='word_1_75' title='bbox 1895 874 2070 928; x_wconf 81' lang='lat' dir='ltr'><strong>horni-</strong></span> 
     </span>
    </p>
   </div>
   <div class='ocr_carea' id='block_1_12' title="bbox 515 963 2070 1022">
    <p class='ocr_par' dir='ltr' id='par_1_12' title="bbox 515 963 2070 1022">
     <span class='ocr_line' id='line_1_12' title="bbox 515 963 2070 1022; baseline 0.001 -4"><span class='ocrx_word' id='word_1_76' title='bbox 515 981 663 1018; x_wconf 92' lang='lat' dir='ltr'><strong>num.</strong></span> <span class='ocrx_word' id='word_1_77' title='bbox 721 963 1143 1020; x_wconf 77' lang='lat' dir='ltr'><strong>Misericordiam</strong></span> <span class='ocrx_word' id='word_1_78' title='bbox 1191 974 1370 1019; x_wconf 88' lang='lat' dir='ltr'><strong>autem</strong></span> <span class='ocrx_word' id='word_1_79' title='bbox 1431 981 1604 1020; x_wconf 87' lang='lat' dir='ltr'><strong>meam</strong></span> <span class='ocrx_word' id='word_1_80' title='bbox 1667 982 1773 1020; x_wconf 90' lang='lat' dir='ltr'><strong>non</strong></span> <span class='ocrx_word' id='word_1_81' title='bbox 1828 966 2070 1022; x_wconf 79' lang='lat' dir='ltr'><strong>auferam</strong></span> 
     </span>
    </p>
   </div>
   <div class='ocr_carea' id='block_1_13' title="bbox 513 1056 2068 1127">
    <p class='ocr_par' dir='ltr' id='par_1_13' title="bbox 513 1056 2068 1127">
     <span class='ocr_line' id='line_1_13' title="bbox 513 1056 2068 1127; baseline 0.001 -17"><span class='ocrx_word' id='word_1_82' title='bbox 513 1056 581 1110; x_wconf 79' lang='lat' dir='ltr'><strong>ab</strong></span> <span class='ocrx_word' id='word_1_83' title='bbox 622 1056 724 1116; x_wconf 89' lang='lat' dir='ltr'><strong>eis.</strong></span> <span class='ocrx_word' id='word_1_84' title='bbox 750 1056 890 1110; x_wconf 80' lang='lat' dir='ltr'><strong>sicut</strong></span> <span class='ocrx_word' id='word_1_85' title='bbox 934 1057 1129 1111; x_wconf 80' lang='lat' dir='ltr'><strong>abstuli</strong></span> <span class='ocrx_word' id='word_1_86' title='bbox 1167 1072 1196 1110; x_wconf 92' lang='lat' dir='ltr'><strong>a</strong></span> <span class='ocrx_word' id='word_1_87' title='bbox 1226 1058 1379 1120; x_wconf 80' lang='lat' dir='ltr'><strong>Saul,</strong></span> <span class='ocrx_word' id='word_1_88' title='bbox 1439 1072 1595 1127; x_wconf 92' lang='lat' dir='ltr'><strong>quem</strong></span> <span class='ocrx_word' id='word_1_89' title='bbox 1643 1057 1818 1110; x_wconf 86' lang='lat' dir='ltr'><strong>amovi</strong></span> <span class='ocrx_word' id='word_1_90' title='bbox 1862 1073 1891 1110; x_wconf 90' lang='lat' dir='ltr'><strong>a</strong></span> <span class='ocrx_word' id='word_1_91' title='bbox 1931 1056 2068 1112; x_wconf 88' lang='lat' dir='ltr'><strong>facie</strong></span> 
     </span>
    </p>
   </div>
   <div class='ocr_carea' id='block_1_14' title="bbox 511 1144 2062 1218">
    <p class='ocr_par' dir='ltr' id='par_1_14' title="bbox 511 1144 2062 1218">
     <span class='ocr_line' id='line_1_14' title="bbox 511 1144 2062 1218; baseline 0.001 -18"><span class='ocrx_word' id='word_1_92' title='bbox 511 1160 652 1200; x_wconf 89' lang='lat' dir='ltr'><strong>mea.</strong></span> <span class='ocrx_word' id='word_1_93' title='bbox 707 1144 771 1200; x_wconf 83' lang='lat' dir='ltr'><strong>Et</strong></span> <span class='ocrx_word' id='word_1_94' title='bbox 812 1145 986 1202; x_wconf 90' lang='lat' dir='ltr'><strong>tidelis</strong></span> <span class='ocrx_word' id='word_1_95' title='bbox 1030 1148 1135 1202; x_wconf 90' lang='lat' dir='ltr'><strong>erit</strong></span> <span class='ocrx_word' id='word_1_96' title='bbox 1163 1148 1358 1204; x_wconf 93' lang='lat' dir='ltr'><strong>domus</strong></span> <span class='ocrx_word' id='word_1_97' title='bbox 1391 1164 1508 1212; x_wconf 88' lang='lat' dir='ltr'><strong>sua,</strong></span> <span class='ocrx_word' id='word_1_98' title='bbox 1540 1157 1594 1202; x_wconf 88' lang='lat' dir='ltr'><strong>et</strong></span> <span class='ocrx_word' id='word_1_99' title='bbox 1628 1164 1852 1218; x_wconf 83' lang='lat' dir='ltr'><strong>regnum</strong></span> <span class='ocrx_word' id='word_1_100' title='bbox 1904 1163 2062 1204; x_wconf 90' lang='lat' dir='ltr'><strong>suum</strong></span> 
     </span>
    </p>
   </div>
   <div class='ocr_carea' id='block_1_15' title="bbox 510 1235 2067 1305">
    <p class='ocr_par' dir='ltr' id='par_1_15' title="bbox 510 1235 2067 1305">
     <span class='ocr_line' id='line_1_15' title="bbox 510 1235 2067 1305; baseline 0.002 -14"><span class='ocrx_word' id='word_1_101' title='bbox 510 1243 686 1305; x_wconf 81' lang='lat' dir='ltr'><strong>usque</strong></span> <span class='ocrx_word' id='word_1_102' title='bbox 716 1235 769 1289; x_wconf 86' lang='lat' dir='ltr'><strong>in</strong></span> <span class='ocrx_word' id='word_1_103' title='bbox 797 1244 1056 1291; x_wconf 65' lang='lat' dir='ltr'><strong>aternum</strong></span> <span class='ocrx_word' id='word_1_104' title='bbox 1097 1247 1221 1292; x_wconf 91' lang='lat' dir='ltr'><strong>ante</strong></span> <span class='ocrx_word' id='word_1_105' title='bbox 1250 1237 1440 1293; x_wconf 82' lang='lat' dir='ltr'><strong>faciem</strong></span> <span class='ocrx_word' id='word_1_106' title='bbox 1489 1254 1680 1294; x_wconf 83' lang='lat' dir='ltr'><strong>meam.</strong></span> <span class='ocrx_word' id='word_1_107' title='bbox 1738 1237 1802 1291; x_wconf 87' lang='lat' dir='ltr'><strong>Et</strong></span> <span class='ocrx_word' id='word_1_108' title='bbox 1839 1239 2067 1294; x_wconf 85' lang='lat' dir='ltr'><strong>thronus</strong></span> 
     </span>
    </p>
   </div>
   <div class='ocr_carea' id='block_1_16' title="bbox 510 1327 2065 1400">
    <p class='ocr_par' dir='ltr' id='par_1_16' title="bbox 510 1327 2065 1400">
     <span class='ocr_line' id='line_1_16' title="bbox 510 1327 2065 1400; baseline 0.002 -17"><span class='ocrx_word' id='word_1_109' title='bbox 510 1343 644 1383; x_wconf 82' lang='lat' dir='ltr'><strong>suus</strong></span> <span class='ocrx_word' id='word_1_110' title='bbox 674 1327 778 1384; x_wconf 87' lang='lat' dir='ltr'><strong>erit</strong></span> <span class='ocrx_word' id='word_1_111' title='bbox 810 1328 998 1384; x_wconf 87' lang='lat' dir='ltr'><strong>ﬁrmus</strong></span> <span class='ocrx_word' id='word_1_112' title='bbox 1022 1328 1344 1400; x_wconf 72' lang='lat' dir='ltr'><strong>jugiter&quot;.i</strong></span> <span class='ocrx_word' id='word_1_113' title='bbox 1401 1331 1496 1385; x_wconf 91' lang='lat' dir='ltr'><strong>llis</strong></span> <span class='ocrx_word' id='word_1_114' title='bbox 1529 1330 1639 1386; x_wconf 77' lang='lat' dir='ltr'><strong>fere</strong></span> <span class='ocrx_word' id='word_1_115' title='bbox 1678 1331 1875 1386; x_wconf 88' lang='lat' dir='ltr'><strong>similia</strong></span> <span class='ocrx_word' id='word_1_116' title='bbox 1924 1341 1979 1386; x_wconf 89' lang='lat' dir='ltr'><strong>et</strong></span> <span class='ocrx_word' id='word_1_117' title='bbox 2011 1332 2065 1386; x_wconf 91' lang='lat' dir='ltr'><strong>in</strong></span> 
     </span>
    </p>
   </div>
   <div class='ocr_carea' id='block_1_17' title="bbox 508 1419 2067 1491">
    <p class='ocr_par' dir='ltr' id='par_1_17' title="bbox 508 1419 2067 1491">
     <span class='ocr_line' id='line_1_17' title="bbox 508 1419 2067 1491; baseline 0.001 -17"><span class='ocrx_word' id='word_1_118' title='bbox 508 1419 846 1489; x_wconf 85' lang='lat' dir='ltr'><strong>octogesimo</strong></span> <span class='ocrx_word' id='word_1_119' title='bbox 879 1427 1075 1474; x_wconf 83' lang='lat' dir='ltr'><strong>octavo</strong></span> <span class='ocrx_word' id='word_1_120' title='bbox 1125 1421 1382 1476; x_wconf 86' lang='lat' dir='ltr'><strong>dicuntur</strong></span> <span class='ocrx_word' id='word_1_121' title='bbox 1415 1422 1642 1491; x_wconf 86' lang='lat' dir='ltr'><strong>psalmo.</strong></span> <span class='ocrx_word' id='word_1_122' title='bbox 1699 1421 1855 1487; x_wconf 88' lang='lat' dir='ltr'><strong>Quod</strong></span> <span class='ocrx_word' id='word_1_123' title='bbox 1886 1423 1930 1477; x_wconf 90' lang='lat' dir='ltr'><strong>si</strong></span> <span class='ocrx_word' id='word_1_124' title='bbox 1967 1419 2067 1476; x_wconf 82' lang='lat' dir='ltr'><strong>Ju-</strong></span> 
     </span>
    </p>
   </div>
   <div class='ocr_carea' id='block_1_18' title="bbox 506 1509 2065 1584">
    <p class='ocr_par' dir='ltr' id='par_1_18' title="bbox 506 1509 2065 1584">
     <span class='ocr_line' id='line_1_18' title="bbox 506 1509 2065 1584; baseline 0.002 -19"><span class='ocrx_word' id='word_1_125' title='bbox 506 1509 639 1566; x_wconf 70' lang='lat' dir='ltr'><strong>daeis</strong></span> <span class='ocrx_word' id='word_1_126' title='bbox 686 1511 999 1581; x_wconf 89' lang='lat' dir='ltr'><strong>ambiguum</strong></span> <span class='ocrx_word' id='word_1_127' title='bbox 1034 1512 1251 1566; x_wconf 90' lang='lat' dir='ltr'><strong>videtur</strong></span> <span class='ocrx_word' id='word_1_128' title='bbox 1283 1513 1335 1566; x_wconf 90' lang='lat' dir='ltr'><strong>iu</strong></span> <span class='ocrx_word' id='word_1_129' title='bbox 1364 1513 1450 1567; x_wconf 92' lang='lat' dir='ltr'><strong>his</strong></span> <span class='ocrx_word' id='word_1_130' title='bbox 1477 1513 1634 1578; x_wconf 81' lang='lat' dir='ltr'><strong>locis,</strong></span> <span class='ocrx_word' id='word_1_131' title='bbox 1679 1515 1802 1584; x_wconf 87' lang='lat' dir='ltr'><strong>quis</strong></span> <span class='ocrx_word' id='word_1_132' title='bbox 1843 1515 1945 1570; x_wconf 87' lang='lat' dir='ltr'><strong>sibi</strong></span> <span class='ocrx_word' id='word_1_133' title='bbox 1982 1515 2065 1568; x_wconf 90' lang='lat' dir='ltr'><strong>iu-</strong></span> 
     </span>
    </p>
   </div>
   <div class='ocr_carea' id='block_1_19' title="bbox 509 1602 2064 1674">
    <p class='ocr_par' dir='ltr' id='par_1_19' title="bbox 509 1602 2064 1674">
     <span class='ocr_line' id='line_1_19' title="bbox 509 1602 2064 1674; baseline 0.003 -17"><span class='ocrx_word' id='word_1_134' title='bbox 509 1602 834 1673; x_wconf 88' lang='lat' dir='ltr'><strong>telligendus</strong></span> <span class='ocrx_word' id='word_1_135' title='bbox 883 1604 975 1669; x_wconf 86' lang='lat' dir='ltr'><strong>sit,</strong></span> <span class='ocrx_word' id='word_1_136' title='bbox 1014 1603 1226 1660; x_wconf 84' lang='lat' dir='ltr'><strong>Deusne</strong></span> <span class='ocrx_word' id='word_1_137' title='bbox 1278 1620 1346 1660; x_wconf 88' lang='lat' dir='ltr'><strong>an</strong></span> <span class='ocrx_word' id='word_1_138' title='bbox 1373 1605 1560 1671; x_wconf 82' lang='lat' dir='ltr'><strong>David,</strong></span> <span class='ocrx_word' id='word_1_139' title='bbox 1587 1607 1666 1660; x_wconf 90' lang='lat' dir='ltr'><strong>vel</strong></span> <span class='ocrx_word' id='word_1_140' title='bbox 1693 1607 1812 1674; x_wconf 87' lang='lat' dir='ltr'><strong>ejus</strong></span> <span class='ocrx_word' id='word_1_141' title='bbox 1845 1621 2064 1661; x_wconf 91' lang='lat' dir='ltr'><strong>succes-</strong></span> 
     </span>
    </p>
   </div>
   <div class='ocr_carea' id='block_1_20' title="bbox 2174 422 3632 496">
    <p class='ocr_par' dir='ltr' id='par_1_20' title="bbox 2174 422 3632 496">
     <span class='ocr_line' id='line_1_20' title="bbox 2174 422 3632 496; baseline 0.001 -19"><span class='ocrx_word' id='word_1_142' title='bbox 2174 425 2390 495; x_wconf 79' lang='grc' dir='ltr'><strong>σπέρμα</strong></span> <span class='ocrx_word' id='word_1_143' title='bbox 2424 441 2514 478; x_wconf 90' lang='grc' dir='ltr'><strong>σου</strong></span> <span class='ocrx_word' id='word_1_144' title='bbox 2551 423 2686 494; x_wconf 69' lang='grc' dir='ltr'><strong>μετὰ</strong></span> <span class='ocrx_word' id='word_1_145' title='bbox 2733 423 2820 487; x_wconf 82' lang='grc' dir='ltr'><strong>σὲ,</strong></span> <span class='ocrx_word' id='word_1_146' title='bbox 2854 423 2913 486; x_wconf 79' lang='grc' dir='ltr'><strong>ὃς</strong></span> <span class='ocrx_word' id='word_1_147' title='bbox 2959 422 3104 474; x_wconf 72' lang='grc' dir='ltr'><strong>ἔσται</strong></span> <span class='ocrx_word' id='word_1_148' title='bbox 3138 425 3201 475; x_wconf 84' lang='grc' dir='ltr'><strong>ὲκ</strong></span> <span class='ocrx_word' id='word_1_149' title='bbox 3223 424 3312 492; x_wconf 84' lang='grc' dir='ltr'><strong>τῆς</strong></span> <span class='ocrx_word' id='word_1_150' title='bbox 3353 425 3525 492; x_wconf 76' lang='grc' dir='ltr'><strong>κοιλίας</strong></span> <span class='ocrx_word' id='word_1_151' title='bbox 3550 448 3632 496; x_wconf 72' lang='grc' dir='ltr'><strong>σου,</strong></span> 
     </span>
    </p>
   </div>
   <div class='ocr_carea' id='block_1_21' title="bbox 2172 512 3640 590">
    <p class='ocr_par' dir='ltr' id='par_1_21' title="bbox 2172 512 3640 590">
     <span class='ocr_line' id='line_1_21' title="bbox 2172 512 3640 590; baseline 0.003 -22"><span class='ocrx_word' id='word_1_152' title='bbox 2172 515 2267 570; x_wconf 77' lang='grc' dir='ltr'><strong>καὶ</strong></span> <span class='ocrx_word' id='word_1_153' title='bbox 2295 516 2403 568; x_wconf 67' lang='grc' dir='ltr'><strong>ἕτοι</strong></span> <span class='ocrx_word' id='word_1_154' title='bbox 2410 515 2565 585; x_wconf 86' lang='grc' dir='ltr'><strong>μάσω</strong></span> <span class='ocrx_word' id='word_1_155' title='bbox 2591 514 2688 586; x_wconf 80' lang='grc' dir='ltr'><strong>τὴν</strong></span> <span class='ocrx_word' id='word_1_156' title='bbox 2707 513 2978 584; x_wconf 85' lang='grc' dir='ltr'><strong>βασιλείαν</strong></span> <span class='ocrx_word' id='word_1_157' title='bbox 2997 512 3177 566; x_wconf 80' lang='grc' dir='ltr'><strong>αὐτοῦ.</strong></span> <span class='ocrx_word' id='word_1_158' title='bbox 3198 514 3355 578; x_wconf 76' lang='grc' dir='ltr'><strong>Αὐτὸς</strong></span> <span class='ocrx_word' id='word_1_159' title='bbox 3372 517 3640 590; x_wconf 74' lang='grc' dir='ltr'><strong>οἰκοδομήσει</strong></span> 
     </span>
    </p>
   </div>
   <div class='ocr_carea' id='block_1_22' title="bbox 2175 603 3643 683">
    <p class='ocr_par' dir='ltr' id='par_1_22' title="bbox 2175 603 3643 683">
     <span class='ocr_line' id='line_1_22' title="bbox 2175 603 3643 683; baseline -0.001 -23"><span class='ocrx_word' id='word_1_160' title='bbox 2175 623 2262 678; x_wconf 86' lang='grc' dir='ltr'><strong>μοι</strong></span> <span class='ocrx_word' id='word_1_161' title='bbox 2290 603 2432 660; x_wconf 74' lang='grc' dir='ltr'><strong>οἷκον</strong></span> <span class='ocrx_word' id='word_1_162' title='bbox 2457 605 2534 676; x_wconf 81' lang='grc' dir='ltr'><strong>τῷ</strong></span> <span class='ocrx_word' id='word_1_163' title='bbox 2556 606 2776 677; x_wconf 82' lang='grc' dir='ltr'><strong>ὀνόματί</strong></span> <span class='ocrx_word' id='word_1_164' title='bbox 2818 622 2939 674; x_wconf 88' lang='grc' dir='ltr'><strong>μου,</strong></span> <span class='ocrx_word' id='word_1_165' title='bbox 2975 606 3066 658; x_wconf 84' lang='grc' dir='ltr'><strong>καί</strong></span> <span class='ocrx_word' id='word_1_166' title='bbox 3089 604 3365 677; x_wconf 79' lang='grc' dir='ltr'><strong>ἀνορθώσω</strong></span> <span class='ocrx_word' id='word_1_167' title='bbox 3389 607 3467 660; x_wconf 75' lang='grc' dir='ltr'><strong>τὸν</strong></span> <span class='ocrx_word' id='word_1_168' title='bbox 3500 608 3643 683; x_wconf 69' lang='grc' dir='ltr'><strong>θρόνον</strong></span> 
     </span>
    </p>
   </div>
   <div class='ocr_carea' id='block_1_23' title="bbox 2170 694 3642 768">
    <p class='ocr_par' dir='ltr' id='par_1_23' title="bbox 2170 694 3642 768">
     <span class='ocr_line' id='line_1_23' title="bbox 2170 694 3642 768; baseline -0.003 -18"><span class='ocrx_word' id='word_1_169' title='bbox 2170 696 2333 750; x_wconf 82' lang='grc' dir='ltr'><strong>αὑτοῦ</strong></span> <span class='ocrx_word' id='word_1_170' title='bbox 2358 697 2462 759; x_wconf 70' lang='grc' dir='ltr'><strong>ἕως</strong></span> <span class='ocrx_word' id='word_1_171' title='bbox 2493 699 2571 759; x_wconf 89' lang='grc' dir='ltr'><strong>είς</strong></span> <span class='ocrx_word' id='word_1_172' title='bbox 2600 696 2688 751; x_wconf 84' lang='grc' dir='ltr'><strong>τὸν</strong></span> <span class='ocrx_word' id='word_1_173' title='bbox 2719 696 2912 749; x_wconf 89' lang='grc' dir='ltr'><strong>αἰῶνα.</strong></span> <span class='ocrx_word' id='word_1_174' title='bbox 2956 694 3094 763; x_wconf 81' lang='grc' dir='ltr'><strong>Ἐγὼ</strong></span> <span class='ocrx_word' id='word_1_175' title='bbox 3115 695 3300 766; x_wconf 79' lang='grc' dir='ltr'><strong>ἔσομαι</strong></span> <span class='ocrx_word' id='word_1_176' title='bbox 3330 697 3458 768; x_wconf 77' lang='grc' dir='ltr'><strong>αὐτῷ</strong></span> <span class='ocrx_word' id='word_1_177' title='bbox 3477 701 3538 763; x_wconf 81' lang='grc' dir='ltr'><strong>είς</strong></span> <span class='ocrx_word' id='word_1_178' title='bbox 3563 719 3642 756; x_wconf 77' lang='grc' dir='ltr'><strong>πα.</strong></span> 
     </span>
    </p>
   </div>
   <div class='ocr_carea' id='block_1_24' title="bbox 2170 785 3643 862">
    <p class='ocr_par' dir='ltr' id='par_1_24' title="bbox 2170 785 3643 862">
     <span class='ocr_line' id='line_1_24' title="bbox 2170 785 3643 862; baseline 0 -22"><span class='ocrx_word' id='word_1_179' title='bbox 2170 787 2321 858; x_wconf 85' lang='grc' dir='ltr'><strong>τέρα,</strong></span> <span class='ocrx_word' id='word_1_180' title='bbox 2352 788 2444 838; x_wconf 77' lang='grc' dir='ltr'><strong>καὶ</strong></span> <span class='ocrx_word' id='word_1_181' title='bbox 2471 787 2632 850; x_wconf 82' lang='grc' dir='ltr'><strong>αὐτὸς</strong></span> <span class='ocrx_word' id='word_1_182' title='bbox 2660 786 2809 840; x_wconf 75' lang='grc' dir='ltr'><strong>ἔσται</strong></span> <span class='ocrx_word' id='word_1_183' title='bbox 2850 803 2938 856; x_wconf 86' lang='grc' dir='ltr'><strong>μοι</strong></span> <span class='ocrx_word' id='word_1_184' title='bbox 2959 787 3036 849; x_wconf 90' lang='grc' dir='ltr'><strong>εἰς</strong></span> <span class='ocrx_word' id='word_1_185' title='bbox 3074 785 3205 838; x_wconf 86' lang='grc' dir='ltr'><strong>υἱόν.</strong></span> <span class='ocrx_word' id='word_1_186' title='bbox 3235 785 3337 840; x_wconf 87' lang='lat' dir='ltr'><strong>Kal.</strong></span> <span class='ocrx_word' id='word_1_187' title='bbox 3361 785 3418 840; x_wconf 81' lang='grc' dir='ltr'><strong>ἂν</strong></span> <span class='ocrx_word' id='word_1_188' title='bbox 3439 788 3544 862; x_wconf 73' lang='grc' dir='ltr'><strong>ἔλθη</strong></span> <span class='ocrx_word' id='word_1_189' title='bbox 3557 793 3643 845; x_wconf 74' lang='grc' dir='ltr'><strong>ἁδι-</strong></span> 
     </span>
    </p>
   </div>
   <div class='ocr_carea' id='block_1_25' title="bbox 2170 873 3643 951">
    <p class='ocr_par' dir='ltr' id='par_1_25' title="bbox 2170 873 3643 951">
     <span class='ocr_line' id='line_1_25' title="bbox 2170 873 3643 951; baseline 0.004 -22"><span class='ocrx_word' id='word_1_190' title='bbox 2170 877 2262 930; x_wconf 87' lang='grc' dir='ltr'><strong>κία</strong></span> <span class='ocrx_word' id='word_1_191' title='bbox 2289 876 2475 940; x_wconf 83' lang='grc' dir='ltr'><strong>αὑτοῦ,</strong></span> <span class='ocrx_word' id='word_1_192' title='bbox 2503 879 2591 930; x_wconf 72' lang='grc' dir='ltr'><strong>καὶ</strong></span> <span class='ocrx_word' id='word_1_193' title='bbox 2629 876 2830 945; x_wconf 75' lang='grc' dir='ltr'><strong>ἐλέγξω</strong></span> <span class='ocrx_word' id='word_1_194' title='bbox 2862 873 3021 930; x_wconf 74' lang='grc' dir='ltr'><strong>αὐτὸν</strong></span> <span class='ocrx_word' id='word_1_195' title='bbox 3050 878 3105 928; x_wconf 83' lang='grc' dir='ltr'><strong>ὲν</strong></span> <span class='ocrx_word' id='word_1_196' title='bbox 3137 877 3308 948; x_wconf 72' lang='grc' dir='ltr'><strong>ῥάϐδῳ</strong></span> <span class='ocrx_word' id='word_1_197' title='bbox 3342 878 3542 951; x_wconf 81' lang='grc' dir='ltr'><strong>ἀνδρῶν,</strong></span> <span class='ocrx_word' id='word_1_198' title='bbox 3574 883 3643 935; x_wconf 78' lang='grc' dir='ltr'><strong>καί</strong></span> 
     </span>
    </p>
   </div>
   <div class='ocr_carea' id='block_1_26' title="bbox 2173 966 3645 1044">
    <p class='ocr_par' dir='ltr' id='par_1_26' title="bbox 2173 966 3645 1044">
     <span class='ocr_line' id='line_1_26' title="bbox 2173 966 3645 1044; baseline 0.001 -23"><span class='ocrx_word' id='word_1_199' title='bbox 2173 969 2230 1021; x_wconf 84' lang='grc' dir='ltr'><strong>ὲν</strong></span> <span class='ocrx_word' id='word_1_200' title='bbox 2264 969 2426 1035; x_wconf 81' lang='grc' dir='ltr'><strong>ἁφαῖς</strong></span> <span class='ocrx_word' id='word_1_201' title='bbox 2460 967 2588 1022; x_wconf 86' lang='grc' dir='ltr'><strong>υίῶν</strong></span> <span class='ocrx_word' id='word_1_202' title='bbox 2637 966 2936 1038; x_wconf 84' lang='grc' dir='ltr'><strong>ἀνθρώπων</strong></span> <span class='ocrx_word' id='word_1_203' title='bbox 2958 984 2972 998; x_wconf 76' lang='grc' dir='ltr'><strong>ο</strong></span> <span class='ocrx_word' id='word_1_204' title='bbox 3033 966 3092 1020; x_wconf 78' lang='grc' dir='ltr'><strong>τὸ</strong></span> <span class='ocrx_word' id='word_1_205' title='bbox 3139 967 3195 1020; x_wconf 80' lang='grc' dir='ltr'><strong>δὲ</strong></span> <span class='ocrx_word' id='word_1_206' title='bbox 3239 967 3373 1031; x_wconf 74' lang='grc' dir='ltr'><strong>ἔλεός</strong></span> <span class='ocrx_word' id='word_1_207' title='bbox 3414 986 3496 1038; x_wconf 84' lang='grc' dir='ltr'><strong>μου</strong></span> <span class='ocrx_word' id='word_1_208' title='bbox 3517 973 3566 1023; x_wconf 79' lang='grc' dir='ltr'><strong>οὐ</strong></span> <span class='ocrx_word' id='word_1_209' title='bbox 3589 972 3645 1044; x_wconf 74' lang='grc' dir='ltr'><strong>μὴ</strong></span> 
     </span>
    </p>
   </div>
   <div class='ocr_carea' id='block_1_27' title="bbox 2168 1052 3648 1127">
    <p class='ocr_par' dir='ltr' id='par_1_27' title="bbox 2168 1052 3648 1127">
     <span class='ocr_line' id='line_1_27' title="bbox 2168 1052 3648 1127; baseline 0.002 -17"><span class='ocrx_word' id='word_1_210' title='bbox 2168 1056 2459 1127; x_wconf 79' lang='grc' dir='ltr'><strong>άποστήσω</strong></span> <span class='ocrx_word' id='word_1_211' title='bbox 2493 1058 2586 1109; x_wconf 77' lang='grc' dir='ltr'><strong>ἀπ’</strong></span> <span class='ocrx_word' id='word_1_212' title='bbox 2613 1056 2809 1121; x_wconf 75' lang='grc' dir='ltr'><strong>αὐτῶν,</strong></span> <span class='ocrx_word' id='word_1_213' title='bbox 2857 1055 3038 1120; x_wconf 80' lang='grc' dir='ltr'><strong>καθὼς</strong></span> <span class='ocrx_word' id='word_1_214' title='bbox 3077 1056 3350 1126; x_wconf 77' lang='grc' dir='ltr'><strong>ἀπέστησα</strong></span> <span class='ocrx_word' id='word_1_215' title='bbox 3381 1060 3458 1127; x_wconf 77' lang='grc' dir='ltr'><strong>ἀφ’</strong></span> <span class='ocrx_word' id='word_1_216' title='bbox 3478 1052 3538 1110; x_wconf 81' lang='grc' dir='ltr'><strong>ὧν</strong></span> <span class='ocrx_word' id='word_1_217' title='bbox 3569 1063 3648 1113; x_wconf 75' lang='grc' dir='ltr'><strong>ὰπ-</strong></span> 
     </span>
    </p>
   </div>
   <div class='ocr_carea' id='block_1_28' title="bbox 2167 1145 3647 1220">
    <p class='ocr_par' dir='ltr' id='par_1_28' title="bbox 2167 1145 3647 1220">
     <span class='ocr_line' id='line_1_28' title="bbox 2167 1145 3647 1220; baseline 0.002 -19"><span class='ocrx_word' id='word_1_218' title='bbox 2167 1148 2368 1220; x_wconf 83' lang='grc' dir='ltr'><strong>έστησα</strong></span> <span class='ocrx_word' id='word_1_219' title='bbox 2393 1150 2456 1202; x_wconf 83' lang='grc' dir='ltr'><strong>ἐκ</strong></span> <span class='ocrx_word' id='word_1_220' title='bbox 2483 1147 2768 1220; x_wconf 82' lang='grc' dir='ltr'><strong>προσώπου</strong></span> <span class='ocrx_word' id='word_1_221' title='bbox 2800 1165 2918 1220; x_wconf 86' lang='grc' dir='ltr'><strong>μου.</strong></span> <span class='ocrx_word' id='word_1_222' title='bbox 2960 1151 3068 1202; x_wconf 81' lang='lat' dir='ltr'><strong>Ka‘t</strong></span> <span class='ocrx_word' id='word_1_223' title='bbox 3101 1147 3469 1219; x_wconf 74' lang='grc' dir='ltr'><strong>πιστωθήσεται</strong></span> <span class='ocrx_word' id='word_1_224' title='bbox 3491 1153 3515 1203; x_wconf 86' lang='grc' dir='ltr'><strong>ό</strong></span> <span class='ocrx_word' id='word_1_225' title='bbox 3535 1145 3647 1216; x_wconf 71' lang='grc' dir='ltr'><strong>οἶκος</strong></span> 
     </span>
    </p>
   </div>
   <div class='ocr_carea' id='block_1_29' title="bbox 2165 1237 3645 1310">
    <p class='ocr_par' dir='ltr' id='par_1_29' title="bbox 2165 1237 3645 1310">
     <span class='ocr_line' id='line_1_29' title="bbox 2165 1237 3645 1310; baseline 0.001 -19"><span class='ocrx_word' id='word_1_226' title='bbox 2165 1237 2351 1301; x_wconf 83' lang='grc' dir='ltr'><strong>αὑτοῦ,</strong></span> <span class='ocrx_word' id='word_1_227' title='bbox 2382 1241 2472 1293; x_wconf 89' lang='grc' dir='ltr'><strong>καί</strong></span> <span class='ocrx_word' id='word_1_228' title='bbox 2493 1241 2525 1310; x_wconf 84' lang='grc' dir='ltr'><strong>ή</strong></span> <span class='ocrx_word' id='word_1_229' title='bbox 2553 1239 2794 1310; x_wconf 86' lang='grc' dir='ltr'><strong>βασιλεία</strong></span> <span class='ocrx_word' id='word_1_230' title='bbox 2821 1239 2984 1294; x_wconf 77' lang='grc' dir='ltr'><strong>αὐτοῦ</strong></span> <span class='ocrx_word' id='word_1_231' title='bbox 3003 1240 3107 1304; x_wconf 72' lang='grc' dir='ltr'><strong>ἕως</strong></span> <span class='ocrx_word' id='word_1_232' title='bbox 3133 1239 3320 1302; x_wconf 87' lang='grc' dir='ltr'><strong>αἰῶνος</strong></span> <span class='ocrx_word' id='word_1_233' title='bbox 3341 1238 3534 1293; x_wconf 73' lang='grc' dir='ltr'><strong>ἐνώπιόν</strong></span> <span class='ocrx_word' id='word_1_234' title='bbox 3553 1260 3645 1308; x_wconf 84' lang='grc' dir='ltr'><strong>μου·</strong></span> 
     </span>
    </p>
   </div>
   <div class='ocr_carea' id='block_1_30' title="bbox 2166 1329 3648 1402">
    <p class='ocr_par' dir='ltr' id='par_1_30' title="bbox 2166 1329 3648 1402">
     <span class='ocr_line' id='line_1_30' title="bbox 2166 1329 3648 1402; baseline 0.001 -20"><span class='ocrx_word' id='word_1_235' title='bbox 2166 1330 2259 1383; x_wconf 76' lang='grc' dir='ltr'><strong>καὶ</strong></span> <span class='ocrx_word' id='word_1_236' title='bbox 2285 1331 2313 1382; x_wconf 87' lang='grc' dir='ltr'><strong>ό</strong></span> <span class='ocrx_word' id='word_1_237' title='bbox 2339 1329 2524 1401; x_wconf 81' lang='grc' dir='ltr'>θρόνος</span> <span class='ocrx_word' id='word_1_238' title='bbox 2556 1331 2716 1385; x_wconf 77' lang='grc' dir='ltr'><strong>αὐτοῦ</strong></span> <span class='ocrx_word' id='word_1_239' title='bbox 2741 1332 2889 1385; x_wconf 77' lang='grc' dir='ltr'><strong>ἔσται</strong></span> <span class='ocrx_word' id='word_1_240' title='bbox 2921 1330 3304 1402; x_wconf 85' lang='grc' dir='ltr'><strong>άνωρθωμένος</strong></span> <span class='ocrx_word' id='word_1_241' title='bbox 3351 1332 3421 1393; x_wconf 85' lang='grc' dir='ltr'><strong>εἰς</strong></span> <span class='ocrx_word' id='word_1_242' title='bbox 3457 1330 3531 1383; x_wconf 72' lang='grc' dir='ltr'><strong>τὸν</strong></span> <span class='ocrx_word' id='word_1_243' title='bbox 3549 1332 3648 1384; x_wconf 81' lang='grc' dir='ltr'><strong>αἰῶ-</strong></span> 
     </span>
    </p>
   </div>
   <div class='ocr_carea' id='block_1_31' title="bbox 2165 1419 3644 1492">
    <p class='ocr_par' dir='ltr' id='par_1_31' title="bbox 2165 1419 3644 1492">
     <span class='ocr_line' id='line_1_31' title="bbox 2165 1419 3644 1492; baseline 0 -19"><span class='ocrx_word' id='word_1_244' title='bbox 2165 1437 2250 1474; x_wconf 89' lang='grc' dir='ltr'><strong>να.</strong></span> <span class='ocrx_word' id='word_1_245' title='bbox 2303 1439 2320 1470; x_wconf 75' lang='grc'><strong>»</strong></span> <span class='ocrx_word' id='word_1_246' title='bbox 2356 1419 2573 1484; x_wconf 76' lang='grc' dir='ltr'><strong>Τούτοις</strong></span> <span class='ocrx_word' id='word_1_247' title='bbox 2631 1420 2700 1474; x_wconf 75' lang='grc' dir='ltr'><strong>τά</strong></span> <span class='ocrx_word' id='word_1_248' title='bbox 2749 1419 3104 1492; x_wconf 85' lang='grc' dir='ltr'><strong>παραπλήσια·</strong></span> <span class='ocrx_word' id='word_1_249' title='bbox 3149 1421 3239 1473; x_wconf 70' lang='grc' dir='ltr'><strong>καὶ</strong></span> <span class='ocrx_word' id='word_1_250' title='bbox 3278 1421 3332 1472; x_wconf 77' lang='grc' dir='ltr'><strong>ὲν</strong></span> <span class='ocrx_word' id='word_1_251' title='bbox 3378 1421 3644 1492; x_wconf 70' lang='grc' dir='ltr'><strong>ὀγδοηκοστῷ</strong></span> 
     </span>
    </p>
   </div>
   <div class='ocr_carea' id='block_1_32' title="bbox 2164 1507 3641 1583">
    <p class='ocr_par' dir='ltr' id='par_1_32' title="bbox 2164 1507 3641 1583">
     <span class='ocr_line' id='line_1_32' title="bbox 2164 1507 3641 1583; baseline 0.001 -19"><span class='ocrx_word' id='word_1_252' title='bbox 2164 1511 2330 1582; x_wconf 73' lang='grc' dir='ltr'><strong>ὀγδόῳ</strong></span> <span class='ocrx_word' id='word_1_253' title='bbox 2361 1512 2571 1583; x_wconf 78' lang='grc' dir='ltr'><strong>εἴρηται</strong></span> <span class='ocrx_word' id='word_1_254' title='bbox 2596 1511 2793 1583; x_wconf 80' lang='grc' dir='ltr'><strong>ψαλμῷ</strong></span> <span class='ocrx_word' id='word_1_255' title='bbox 2816 1529 2829 1541; x_wconf 88' lang='grc'><strong>·</strong></span> <span class='ocrx_word' id='word_1_256' title='bbox 2853 1507 2920 1583; x_wconf 81' lang='grc' dir='ltr'><strong>ἦν</strong></span> <span class='ocrx_word' id='word_1_257' title='bbox 2948 1511 2991 1563; x_wconf 83' lang='grc' dir='ltr'><strong>δ’</strong></span> <span class='ocrx_word' id='word_1_258' title='bbox 3027 1511 3092 1564; x_wconf 80' lang='grc' dir='ltr'><strong>ἂν</strong></span> <span class='ocrx_word' id='word_1_259' title='bbox 3131 1510 3392 1575; x_wconf 80' lang='grc' dir='ltr'><strong>Ἰουδαίοις</strong></span> <span class='ocrx_word' id='word_1_260' title='bbox 3409 1511 3524 1576; x_wconf 79' lang='grc' dir='ltr'><strong>ἄξιον</strong></span> <span class='ocrx_word' id='word_1_261' title='bbox 3539 1513 3641 1565; x_wconf 70' lang='grc' dir='ltr'><strong>ἁπο-</strong></span> 
     </span>
    </p>
   </div>
   <div class='ocr_carea' id='block_1_33' title="bbox 2168 1597 3644 1674">
    <p class='ocr_par' dir='ltr' id='par_1_33' title="bbox 2168 1597 3644 1674">
     <span class='ocr_line' id='line_1_33' title="bbox 2168 1597 3644 1674; baseline 0.001 -19"><span class='ocrx_word' id='word_1_262' title='bbox 2168 1602 2324 1674; x_wconf 82' lang='grc' dir='ltr'><strong>ρῆσαι</strong></span> <span class='ocrx_word' id='word_1_263' title='bbox 2349 1603 2487 1656; x_wconf 74' lang='grc' dir='ltr'><strong>κατὰ</strong></span> <span class='ocrx_word' id='word_1_264' title='bbox 2508 1604 2632 1666; x_wconf 88' lang='grc' dir='ltr'><strong>τοὺς</strong></span> <span class='ocrx_word' id='word_1_265' title='bbox 2658 1602 2872 1664; x_wconf 82' lang='grc' dir='ltr'><strong>τόπους,</strong></span> <span class='ocrx_word' id='word_1_266' title='bbox 2898 1601 2985 1656; x_wconf 68' lang='grc' dir='ltr'><strong>διὰ</strong></span> <span class='ocrx_word' id='word_1_267' title='bbox 3010 1601 3131 1654; x_wconf 88' lang='grc' dir='ltr'><strong>τίνα</strong></span> <span class='ocrx_word' id='word_1_268' title='bbox 3173 1597 3280 1672; x_wconf 78' lang='grc' dir='ltr'><strong>ἄρα</strong></span> <span class='ocrx_word' id='word_1_269' title='bbox 3303 1603 3462 1655; x_wconf 84' lang='grc' dir='ltr'><strong>αἰτίαν</strong></span> <span class='ocrx_word' id='word_1_270' title='bbox 3494 1603 3644 1672; x_wconf 61' lang='grc' dir='ltr'><strong>’.θήσου-</strong></span> 
     </span>
    </p>
   </div>
   <div class='ocr_carea' id='block_1_34' title="bbox 506 1682 2057 1764">
    <p class='ocr_par' dir='ltr' id='par_1_34' title="bbox 506 1690 2057 1762">
     <span class='ocr_line' id='line_1_34' title="bbox 506 1690 2057 1762; baseline 0.004 -16"><span class='ocrx_word' id='word_1_271' title='bbox 506 1707 599 1747; x_wconf 90' lang='lat' dir='ltr'><strong>sor</strong></span> <span class='ocrx_word' id='word_1_272' title='bbox 623 1690 916 1762; x_wconf 85' lang='lat' dir='ltr'><strong>Salomon;</strong></span> <span class='ocrx_word' id='word_1_273' title='bbox 945 1696 1010 1749; x_wconf 90' lang='lat' dir='ltr'><strong>ad</strong></span> <span class='ocrx_word' id='word_1_274' title='bbox 1041 1694 1232 1760; x_wconf 89' lang='lat' dir='ltr'><strong>Deum,</strong></span> <span class='ocrx_word' id='word_1_275' title='bbox 1265 1706 1322 1750; x_wconf 92' lang='lat' dir='ltr'><strong>ut</strong></span> <span class='ocrx_word' id='word_1_276' title='bbox 1350 1697 1641 1752; x_wconf 81' lang='lat' dir='ltr'><strong>verisimile</strong></span> <span class='ocrx_word' id='word_1_277' title='bbox 1679 1705 1784 1761; x_wconf 83' lang='lat' dir='ltr'><strong>est,</strong></span> <span class='ocrx_word' id='word_1_278' title='bbox 1819 1696 2057 1752; x_wconf 87' lang='lat' dir='ltr'><strong>fatebun-</strong></span> 
     </span>
    </p>
   </div>
   <div class='ocr_carea' id='block_1_35' title="bbox 2156 1682 3649 1764">
    <p class='ocr_par' dir='ltr' id='par_1_35' title="bbox 2167 1690 3649 1764">
     <span class='ocr_line' id='line_1_35' title="bbox 2167 1690 3649 1764; baseline -0.001 -18"><span class='ocrx_word' id='word_1_279' title='bbox 2167 1709 2248 1748; x_wconf 89' lang='grc' dir='ltr'><strong>σιν</strong></span> <span class='ocrx_word' id='word_1_280' title='bbox 2273 1692 2362 1746; x_wconf 84' lang='grc' dir='ltr'><strong>τὸν</strong></span> <span class='ocrx_word' id='word_1_281' title='bbox 2394 1693 2544 1756; x_wconf 82' lang='grc' dir='ltr'><strong>Θεὸν,</strong></span> <span class='ocrx_word' id='word_1_282' title='bbox 2575 1693 2692 1764; x_wconf 73' lang='grc' dir='ltr'><strong>ἢτοι</strong></span> <span class='ocrx_word' id='word_1_283' title='bbox 2728 1693 2817 1746; x_wconf 78' lang='grc' dir='ltr'><strong>τὸν</strong></span> <span class='ocrx_word' id='word_1_284' title='bbox 2850 1692 3029 1756; x_wconf 80' lang='grc' dir='ltr'><strong>Δαυίδ,</strong></span> <span class='ocrx_word' id='word_1_285' title='bbox 3072 1691 3107 1764; x_wconf 79' lang='grc' dir='ltr'>ἢ</span> <span class='ocrx_word' id='word_1_286' title='bbox 3149 1692 3238 1744; x_wconf 81' lang='grc' dir='ltr'><strong>τὸν</strong></span> <span class='ocrx_word' id='word_1_287' title='bbox 3278 1690 3335 1758; x_wconf 78' lang='grc' dir='ltr'>ἐξ</span> <span class='ocrx_word' id='word_1_288' title='bbox 3373 1692 3509 1744; x_wconf 79' lang='grc' dir='ltr'><strong>αὑτοῦ</strong></span> <span class='ocrx_word' id='word_1_289' title='bbox 3535 1692 3649 1762; x_wconf 78' lang='grc' dir='ltr'><strong>βασι-</strong></span> 
     </span>
    </p>
   </div>
   <div class='ocr_carea' id='block_1_36' title="bbox 506 1785 2062 1858">
    <p class='ocr_par' dir='ltr' id='par_1_36' title="bbox 506 1785 2062 1858">
     <span class='ocr_line' id='line_1_36' title="bbox 506 1785 2062 1858; baseline 0.003 -18"><span class='ocrx_word' id='word_1_290' title='bbox 506 1793 594 1840; x_wconf 90' lang='lat' dir='ltr'><strong>tur</strong></span> <span class='ocrx_word' id='word_1_291' title='bbox 623 1785 895 1856; x_wconf 86' lang='lat' dir='ltr'><strong>pertinere</strong></span> <span class='ocrx_word' id='word_1_292' title='bbox 937 1787 1274 1857; x_wconf 82' lang='lat' dir='ltr'><strong>prophetiam</strong></span> <span class='ocrx_word' id='word_1_293' title='bbox 1319 1803 1425 1858; x_wconf 87' lang='lat' dir='ltr'><strong>qua</strong></span> <span class='ocrx_word' id='word_1_294' title='bbox 1471 1788 1612 1844; x_wconf 88' lang='lat' dir='ltr'><strong>ﬁlius</strong></span> <span class='ocrx_word' id='word_1_295' title='bbox 1665 1790 2062 1858; x_wconf 83' lang='lat' dir='ltr'><strong>primogenitus</strong></span> 
     </span>
    </p>
   </div>
   <div class='ocr_carea' id='block_1_37' title="bbox 505 1878 2058 1951">
    <p class='ocr_par' dir='ltr' id='par_1_37' title="bbox 505 1878 2058 1951">
     <span class='ocr_line' id='line_1_37' title="bbox 505 1878 2058 1951; baseline 0.003 -19"><span class='ocrx_word' id='word_1_296' title='bbox 505 1878 832 1934; x_wconf 84' lang='lat' dir='ltr'><strong>statuendus</strong></span> <span class='ocrx_word' id='word_1_297' title='bbox 871 1879 1228 1948; x_wconf 87' lang='lat' dir='ltr'><strong>promittitur,</strong></span> <span class='ocrx_word' id='word_1_298' title='bbox 1257 1878 1343 1934; x_wconf 90' lang='lat' dir='ltr'><strong>his</strong></span> <span class='ocrx_word' id='word_1_299' title='bbox 1381 1881 1591 1935; x_wconf 81' lang='lat' dir='ltr'><strong>verbis:</strong></span> <span class='ocrx_word' id='word_1_300' title='bbox 1633 1899 1651 1930; x_wconf 73' lang='grc' dir='ltr'><strong>ι</strong></span> <span class='ocrx_word' id='word_1_301' title='bbox 1685 1878 1803 1951; x_wconf 88' lang='lat' dir='ltr'><strong>Ipse</strong></span> <span class='ocrx_word' id='word_1_302' title='bbox 1833 1882 2058 1936; x_wconf 86' lang='lat' dir='ltr'><strong>invoca-</strong></span> 
     </span>
    </p>
   </div>
   <div class='ocr_carea' id='block_1_38' title="bbox 504 1967 2060 2029">
    <p class='ocr_par' dir='ltr' id='par_1_38' title="bbox 504 1967 2060 2029">
     <span class='ocr_line' id='line_1_38' title="bbox 504 1967 2060 2029; baseline 0.002 -3"><span class='ocrx_word' id='word_1_303' title='bbox 504 1968 582 2026; x_wconf 86' lang='lat' dir='ltr'><strong>bit</strong></span> <span class='ocrx_word' id='word_1_304' title='bbox 613 1985 730 2027; x_wconf 87' lang='lat' dir='ltr'><strong>me:</strong></span> <span class='ocrx_word' id='word_1_305' title='bbox 761 1967 919 2025; x_wconf 87' lang='lat' dir='ltr'><strong>Pater</strong></span> <span class='ocrx_word' id='word_1_306' title='bbox 961 1985 1114 2025; x_wconf 85' lang='lat' dir='ltr'><strong>meus</strong></span> <span class='ocrx_word' id='word_1_307' title='bbox 1143 1985 1202 2026; x_wconf 90' lang='lat' dir='ltr'><strong>es</strong></span> <span class='ocrx_word' id='word_1_308' title='bbox 1227 1978 1314 2027; x_wconf 91' lang='lat' dir='ltr'><strong>tu:</strong></span> <span class='ocrx_word' id='word_1_309' title='bbox 1376 1969 1515 2028; x_wconf 90' lang='lat' dir='ltr'><strong>Deus</strong></span> <span class='ocrx_word' id='word_1_310' title='bbox 1564 1988 1715 2027; x_wconf 86' lang='lat' dir='ltr'><strong>meus</strong></span> <span class='ocrx_word' id='word_1_311' title='bbox 1775 1981 1829 2028; x_wconf 91' lang='lat' dir='ltr'><strong>et</strong></span> <span class='ocrx_word' id='word_1_312' title='bbox 1867 1989 2060 2029; x_wconf 86' lang='lat' dir='ltr'><strong>susce-</strong></span> 
     </span>
    </p>
   </div>
   <div class='ocr_carea' id='block_1_39' title="bbox 502 2056 2057 2133">
    <p class='ocr_par' dir='ltr' id='par_1_39' title="bbox 502 2056 2057 2133">
     <span class='ocr_line' id='line_1_39' title="bbox 502 2056 2057 2133; baseline 0.008 -25"><span class='ocrx_word' id='word_1_313' title='bbox 502 2061 626 2126; x_wconf 88' lang='lat' dir='ltr'><strong>ptor</strong></span> <span class='ocrx_word' id='word_1_314' title='bbox 657 2056 850 2111; x_wconf 89' lang='lat' dir='ltr'><strong>salutis</strong></span> <span class='ocrx_word' id='word_1_315' title='bbox 899 2072 1053 2112; x_wconf 62' lang='lat' dir='ltr'><strong>meae.</strong></span> <span class='ocrx_word' id='word_1_316' title='bbox 1111 2057 1178 2112; x_wconf 85' lang='lat' dir='ltr'><strong>Et</strong></span> <span class='ocrx_word' id='word_1_317' title='bbox 1223 2074 1324 2128; x_wconf 88' lang='lat' dir='ltr'><strong>ego</strong></span> <span class='ocrx_word' id='word_1_318' title='bbox 1373 2059 1792 2130; x_wconf 78' lang='lat' dir='ltr'><strong>primogenitum</strong></span> <span class='ocrx_word' id='word_1_319' title='bbox 1859 2078 2057 2133; x_wconf 88' lang='lat' dir='ltr'><strong>ponam</strong></span> 
     </span>
    </p>
   </div>
   <div class='ocr_carea' id='block_1_40' title="bbox 502 2143 2056 2222">
    <p class='ocr_par' dir='ltr' id='par_1_40' title="bbox 502 2143 2056 2222">
     <span class='ocr_line' id='line_1_40' title="bbox 502 2143 2056 2222; baseline 0.008 -22"><span class='ocrx_word' id='word_1_320' title='bbox 502 2143 653 2200; x_wconf 73' lang='lat' dir='ltr'><strong>illmu</strong></span> <span class='ocrx_word' id='word_1_321' title='bbox 701 2145 975 2200; x_wconf 84' lang='lat' dir='ltr'><strong>excelsum</strong></span> <span class='ocrx_word' id='word_1_322' title='bbox 1023 2162 1133 2217; x_wconf 72' lang='lat' dir='ltr'><strong>pra:</strong></span> <span class='ocrx_word' id='word_1_323' title='bbox 1166 2149 1385 2218; x_wconf 87' lang='lat' dir='ltr'><strong>regibus</strong></span> <span class='ocrx_word' id='word_1_324' title='bbox 1428 2153 1682 2218; x_wconf 68' lang='lat' dir='ltr'><strong>terrae&quot;;</strong></span> <span class='ocrx_word' id='word_1_325' title='bbox 1717 2172 1734 2204; x_wconf 77' lang='grc' dir='ltr'><strong>ι</strong></span> <span class='ocrx_word' id='word_1_326' title='bbox 1781 2161 1833 2208; x_wconf 92' lang='lat' dir='ltr'><strong>et</strong></span> <span class='ocrx_word' id='word_1_327' title='bbox 1866 2155 1918 2209; x_wconf 90' lang='lat' dir='ltr'><strong>in</strong></span> <span class='ocrx_word' id='word_1_328' title='bbox 1970 2170 2056 2222; x_wconf 90' lang='lat' dir='ltr'><strong>eo,</strong></span> 
     </span>
    </p>
   </div>
   <div class='ocr_carea' id='block_1_41' title="bbox 500 2235 2061 2318">
    <p class='ocr_par' dir='ltr' id='par_1_41' title="bbox 500 2235 2061 2318">
     <span class='ocr_line' id='line_1_41' title="bbox 500 2235 2061 2318; baseline 0.012 -32"><span class='ocrx_word' id='word_1_329' title='bbox 500 2235 588 2289; x_wconf 88' lang='lat' dir='ltr'><strong>cui</strong></span> <span class='ocrx_word' id='word_1_330' title='bbox 639 2250 784 2290; x_wconf 92' lang='lat' dir='ltr'><strong>nunc</strong></span> <span class='ocrx_word' id='word_1_331' title='bbox 828 2252 1049 2307; x_wconf 87' lang='lat' dir='ltr'><strong>operam</strong></span> <span class='ocrx_word' id='word_1_332' title='bbox 1081 2238 1296 2305; x_wconf 90' lang='lat' dir='ltr'><strong>damus,</strong></span> <span class='ocrx_word' id='word_1_333' title='bbox 1354 2242 1511 2297; x_wconf 90' lang='lat' dir='ltr'><strong>loco:</strong></span> <span class='ocrx_word' id='word_1_334' title='bbox 1576 2243 1725 2299; x_wconf 69' lang='lat' dir='ltr'><strong>«Ero</strong></span> <span class='ocrx_word' id='word_1_335' title='bbox 1773 2247 1820 2301; x_wconf 90' lang='lat' dir='ltr'><strong>ei</strong></span> <span class='ocrx_word' id='word_1_336' title='bbox 1881 2247 1934 2302; x_wconf 93' lang='lat' dir='ltr'><strong>in</strong></span> <span class='ocrx_word' id='word_1_337' title='bbox 1964 2263 2061 2318; x_wconf 87' lang='lat' dir='ltr'><strong>pa-</strong></span> 
     </span>
    </p>
   </div>
   <div class='ocr_carea' id='block_1_42' title="bbox 503 2327 2059 2396">
    <p class='ocr_par' dir='ltr' id='par_1_42' title="bbox 503 2327 2059 2396">
     <span class='ocr_line' id='line_1_42' title="bbox 503 2327 2059 2396; baseline 0.011 -20"><span class='ocrx_word' id='word_1_338' title='bbox 503 2332 663 2387; x_wconf 88' lang='lat' dir='ltr'><strong>trem,</strong></span> <span class='ocrx_word' id='word_1_339' title='bbox 696 2334 749 2380; x_wconf 92' lang='lat' dir='ltr'><strong>et</strong></span> <span class='ocrx_word' id='word_1_340' title='bbox 776 2327 890 2396; x_wconf 91' lang='lat' dir='ltr'><strong>ipse</strong></span> <span class='ocrx_word' id='word_1_341' title='bbox 923 2327 1026 2382; x_wconf 89' lang='lat' dir='ltr'><strong>erit</strong></span> <span class='ocrx_word' id='word_1_342' title='bbox 1061 2329 1192 2382; x_wconf 90' lang='lat' dir='ltr'><strong>mihi</strong></span> <span class='ocrx_word' id='word_1_343' title='bbox 1244 2331 1298 2386; x_wconf 87' lang='lat' dir='ltr'><strong>in</strong></span> <span class='ocrx_word' id='word_1_344' title='bbox 1348 2331 1572 2388; x_wconf 65' lang='lat' dir='ltr'><strong>ﬁlium.»</strong></span> <span class='ocrx_word' id='word_1_345' title='bbox 1630 2334 1882 2391; x_wconf 83' lang='lat' dir='ltr'><strong>Attamen</strong></span> <span class='ocrx_word' id='word_1_346' title='bbox 1922 2339 2059 2394; x_wconf 90' lang='lat' dir='ltr'><strong>nihil</strong></span> 
     </span>
    </p>
   </div>
   <div class='ocr_carea' id='block_1_43' title="bbox 500 2415 2056 2496">
    <p class='ocr_par' dir='ltr' id='par_1_43' title="bbox 500 2415 2056 2496">
     <span class='ocr_line' id='line_1_43' title="bbox 500 2415 2056 2496; baseline 0.01 -26"><span class='ocrx_word' id='word_1_347' title='bbox 500 2415 717 2472; x_wconf 76' lang='lat' dir='ltr'><strong>differre</strong></span> <span class='ocrx_word' id='word_1_348' title='bbox 749 2434 780 2473; x_wconf 90' lang='lat' dir='ltr'><strong>a</strong></span> <span class='ocrx_word' id='word_1_349' title='bbox 807 2421 1017 2476; x_wconf 63' lang='lat' dir='ltr'><strong>caeteris</strong></span> <span class='ocrx_word' id='word_1_350' title='bbox 1043 2422 1320 2491; x_wconf 88' lang='lat' dir='ltr'><strong>prophetis</strong></span> <span class='ocrx_word' id='word_1_351' title='bbox 1360 2424 1503 2480; x_wconf 85' lang='lat' dir='ltr'><strong>dicet</strong></span> <span class='ocrx_word' id='word_1_352' title='bbox 1548 2426 1746 2496; x_wconf 88' lang='lat' dir='ltr'><strong>aliquis</strong></span> <span class='ocrx_word' id='word_1_353' title='bbox 1783 2426 2056 2494; x_wconf 84' lang='lat' dir='ltr'><strong>Davidem,</strong></span> 
     </span>
    </p>
   </div>
   <div class='ocr_carea' id='block_1_44' title="bbox 500 2509 2054 2582">
    <p class='ocr_par' dir='ltr' id='par_1_44' title="bbox 500 2509 2054 2582">
     <span class='ocr_line' id='line_1_44' title="bbox 500 2509 2054 2582; baseline 0.01 -21"><span class='ocrx_word' id='word_1_354' title='bbox 500 2509 593 2578; x_wconf 83' lang='lat' dir='ltr'><strong>qui</strong></span> <span class='ocrx_word' id='word_1_355' title='bbox 624 2511 838 2579; x_wconf 90' lang='lat' dir='ltr'><strong>culpam</strong></span> <span class='ocrx_word' id='word_1_356' title='bbox 870 2509 936 2565; x_wconf 90' lang='lat' dir='ltr'><strong>de</strong></span> <span class='ocrx_word' id='word_1_357' title='bbox 967 2510 1111 2568; x_wconf 60' lang='lat' dir='ltr'><strong>Uria;</strong></span> <span class='ocrx_word' id='word_1_358' title='bbox 1139 2515 1364 2570; x_wconf 80' lang='lat' dir='ltr'><strong>muliere</strong></span> <span class='ocrx_word' id='word_1_359' title='bbox 1406 2516 1788 2582; x_wconf 87' lang='lat' dir='ltr'><strong>conﬁtebatur,</strong></span> <span class='ocrx_word' id='word_1_360' title='bbox 1828 2519 2054 2576; x_wconf 85' lang='lat' dir='ltr'><strong>dicens:</strong></span> 
     </span>
    </p>
   </div>
   <div class='ocr_carea' id='block_1_45' title="bbox 505 2594 2052 2676">
    <p class='ocr_par' dir='ltr' id='par_1_45' title="bbox 505 2594 2052 2676">
     <span class='ocr_line' id='line_1_45' title="bbox 505 2594 2052 2676; baseline 0.01 -29"><span class='ocrx_word' id='word_1_361' title='bbox 505 2614 524 2647; x_wconf 77' lang='grc' dir='ltr'><strong>ι</strong></span> <span class='ocrx_word' id='word_1_362' title='bbox 554 2594 672 2651; x_wconf 85' lang='lat' dir='ltr'><strong>Tibi</strong></span> <span class='ocrx_word' id='word_1_363' title='bbox 706 2598 805 2653; x_wconf 91' lang='lat' dir='ltr'><strong>soli</strong></span> <span class='ocrx_word' id='word_1_364' title='bbox 841 2601 1082 2668; x_wconf 89' lang='lat' dir='ltr'><strong>peccavi,</strong></span> <span class='ocrx_word' id='word_1_365' title='bbox 1118 2611 1173 2656; x_wconf 91' lang='lat' dir='ltr'><strong>et</strong></span> <span class='ocrx_word' id='word_1_366' title='bbox 1221 2606 1422 2658; x_wconf 91' lang='lat' dir='ltr'><strong>malum</strong></span> <span class='ocrx_word' id='word_1_367' title='bbox 1467 2621 1649 2662; x_wconf 87' lang='lat' dir='ltr'><strong>coram</strong></span> <span class='ocrx_word' id='word_1_368' title='bbox 1702 2617 1753 2662; x_wconf 91' lang='lat' dir='ltr'><strong>te</strong></span> <span class='ocrx_word' id='word_1_369' title='bbox 1807 2607 2007 2676; x_wconf 83' lang='lat' dir='ltr'><strong>feci&quot;;</strong></span> <span class='ocrx_word' id='word_1_370' title='bbox 2035 2629 2052 2662; x_wconf 75' lang='grc' dir='ltr'><strong>ι</strong></span> 
     </span>
    </p>
   </div>
   <div class='ocr_carea' id='block_1_46' title="bbox 499 2685 2057 2762">
    <p class='ocr_par' dir='ltr' id='par_1_46' title="bbox 499 2685 2057 2762">
     <span class='ocr_line' id='line_1_46' title="bbox 499 2685 2057 2762; baseline 0.012 -26"><span class='ocrx_word' id='word_1_371' title='bbox 499 2688 583 2742; x_wconf 88' lang='lat' dir='ltr'><strong>vel</strong></span> <span class='ocrx_word' id='word_1_372' title='bbox 615 2685 984 2756; x_wconf 87' lang='lat' dir='ltr'><strong>Salomonem,</strong></span> <span class='ocrx_word' id='word_1_373' title='bbox 1036 2708 1194 2762; x_wconf 90' lang='lat' dir='ltr'><strong>quem</strong></span> <span class='ocrx_word' id='word_1_374' title='bbox 1241 2709 1272 2747; x_wconf 90' lang='lat' dir='ltr'><strong>a</strong></span> <span class='ocrx_word' id='word_1_375' title='bbox 1309 2693 1417 2749; x_wconf 90' lang='lat' dir='ltr'><strong>Deo</strong></span> <span class='ocrx_word' id='word_1_376' title='bbox 1448 2698 1740 2754; x_wconf 86' lang='lat' dir='ltr'><strong>recessisse</strong></span> <span class='ocrx_word' id='word_1_377' title='bbox 1786 2707 1842 2753; x_wconf 90' lang='lat' dir='ltr'><strong>et</strong></span> <span class='ocrx_word' id='word_1_378' title='bbox 1898 2700 2057 2754; x_wconf 88' lang='lat' dir='ltr'><strong>idolis</strong></span> 
     </span>
    </p>
   </div>
   <div class='ocr_carea' id='block_1_47' title="bbox 501 2778 2059 2853">
    <p class='ocr_par' dir='ltr' id='par_1_47' title="bbox 501 2778 2059 2853">
     <span class='ocr_line' id='line_1_47' title="bbox 501 2778 2059 2853; baseline 0.01 -24"><span class='ocrx_word' id='word_1_379' title='bbox 501 2789 722 2851; x_wconf 69' lang='lat' dir='ltr'><strong>propter</strong></span> <span class='ocrx_word' id='word_1_380' title='bbox 751 2778 1073 2834; x_wconf 79' lang='lat' dir='ltr'><strong>feminarum</strong></span> <span class='ocrx_word' id='word_1_381' title='bbox 1108 2785 1606 2853; x_wconf 85' lang='lat' dir='ltr'><strong>concupiscentiam</strong></span> <span class='ocrx_word' id='word_1_382' title='bbox 1641 2789 1896 2844; x_wconf 82' lang='lat' dir='ltr'><strong>serviisse</strong></span> <span class='ocrx_word' id='word_1_383' title='bbox 1932 2789 2059 2844; x_wconf 82' lang='lat' dir='ltr'><strong>sim-</strong></span> 
     </span>
    </p>
   </div>
   <div class='ocr_carea' id='block_1_48' title="bbox 498 2867 2057 2946">
    <p class='ocr_par' dir='ltr' id='par_1_48' title="bbox 498 2867 2057 2946">
     <span class='ocr_line' id='line_1_48' title="bbox 498 2867 2057 2946; baseline 0.012 -29"><span class='ocrx_word' id='word_1_384' title='bbox 498 2867 617 2938; x_wconf 78' lang='lat' dir='ltr'><strong>plex</strong></span> <span class='ocrx_word' id='word_1_385' title='bbox 676 2869 834 2924; x_wconf 89' lang='lat' dir='ltr'><strong>docet</strong></span> <span class='ocrx_word' id='word_1_386' title='bbox 892 2869 1190 2941; x_wconf 70' lang='lat' dir='ltr'><strong>Scriptura:</strong></span> <span class='ocrx_word' id='word_1_387' title='bbox 1248 2873 1494 2928; x_wconf 87' lang='lat' dir='ltr'><strong>historia.</strong></span> <span class='ocrx_word' id='word_1_388' title='bbox 1556 2875 1838 2946; x_wconf 86' lang='lat' dir='ltr'><strong>Quomodo</strong></span> <span class='ocrx_word' id='word_1_389' title='bbox 1872 2886 2057 2934; x_wconf 90' lang='lat' dir='ltr'><strong>autem</strong></span> 
     </span>
    </p>
   </div>
   <div class='ocr_carea' id='block_1_49' title="bbox 500 2959 2054 3038">
    <p class='ocr_par' dir='ltr' id='par_1_49' title="bbox 500 2959 2054 3038">
     <span class='ocr_line' id='line_1_49' title="bbox 500 2959 2054 3038; baseline 0.005 -22"><span class='ocrx_word' id='word_1_390' title='bbox 500 2959 718 3016; x_wconf 78' lang='lat' dir='ltr'><strong>Davidis</strong></span> <span class='ocrx_word' id='word_1_391' title='bbox 771 2970 866 3016; x_wconf 89' lang='lat' dir='ltr'><strong>aut</strong></span> <span class='ocrx_word' id='word_1_392' title='bbox 902 2961 1208 3018; x_wconf 86' lang='lat' dir='ltr'><strong>Salomonis</strong></span> <span class='ocrx_word' id='word_1_393' title='bbox 1259 2980 1527 3035; x_wconf 69' lang='lat' dir='ltr'><strong>«regnum</strong></span> <span class='ocrx_word' id='word_1_394' title='bbox 1573 2985 1748 3038; x_wconf 89' lang='lat' dir='ltr'><strong>usque</strong></span> <span class='ocrx_word' id='word_1_395' title='bbox 1803 2971 1856 3024; x_wconf 92' lang='lat' dir='ltr'><strong>in</strong></span> <span class='ocrx_word' id='word_1_396' title='bbox 1889 2980 2054 3026; x_wconf 69' lang='lat' dir='ltr'><strong>aeter-</strong></span> 
     </span>
    </p>
   </div>
   <div class='ocr_carea' id='block_1_50' title="bbox 499 3055 2051 3127">
    <p class='ocr_par' dir='ltr' id='par_1_50' title="bbox 499 3055 2051 3127">
     <span class='ocr_line' id='line_1_50' title="bbox 499 3055 2051 3127; baseline 0.008 -19"><span class='ocrx_word' id='word_1_397' title='bbox 499 3066 672 3109; x_wconf 66' lang='lat' dir='ltr'><strong>num»</strong></span> <span class='ocrx_word' id='word_1_398' title='bbox 734 3055 900 3110; x_wconf 86' lang='lat' dir='ltr'><strong>stabit</strong></span> <span class='ocrx_word' id='word_1_399' title='bbox 961 3063 1128 3110; x_wconf 72' lang='lat' dir='ltr'><strong>«ante</strong></span> <span class='ocrx_word' id='word_1_400' title='bbox 1190 3055 1429 3112; x_wconf 66' lang='lat' dir='ltr'><strong>faciem:</strong></span> <span class='ocrx_word' id='word_1_401' title='bbox 1499 3058 1621 3127; x_wconf 86' lang='lat' dir='ltr'><strong>Dei,</strong></span> <span class='ocrx_word' id='word_1_402' title='bbox 1664 3070 1718 3116; x_wconf 90' lang='lat' dir='ltr'><strong>et</strong></span> <span class='ocrx_word' id='word_1_403' title='bbox 1783 3063 2051 3122; x_wconf 72' lang='lat' dir='ltr'><strong>«thronus</strong></span> 
     </span>
    </p>
   </div>
   <div class='ocr_carea' id='block_1_51' title="bbox 497 3139 2053 3223">
    <p class='ocr_par' dir='ltr' id='par_1_51' title="bbox 497 3139 2053 3223">
     <span class='ocr_line' id='line_1_51' title="bbox 497 3139 2053 3223; baseline 0.01 -27"><span class='ocrx_word' id='word_1_404' title='bbox 497 3140 601 3196; x_wconf 87' lang='lat' dir='ltr'><strong>erit</strong></span> <span class='ocrx_word' id='word_1_405' title='bbox 638 3139 824 3199; x_wconf 87' lang='lat' dir='ltr'><strong>ﬁrmus</strong></span> <span class='ocrx_word' id='word_1_406' title='bbox 887 3143 1144 3214; x_wconf 68' lang='lat' dir='ltr'><strong>jugiter,»</strong></span> <span class='ocrx_word' id='word_1_407' title='bbox 1207 3153 1264 3199; x_wconf 92' lang='lat' dir='ltr'><strong>ut</strong></span> <span class='ocrx_word' id='word_1_408' title='bbox 1318 3148 1562 3215; x_wconf 89' lang='lat' dir='ltr'><strong>subjecta</strong></span> <span class='ocrx_word' id='word_1_409' title='bbox 1620 3152 1694 3204; x_wconf 88' lang='lat' dir='ltr'><strong>ait</strong></span> <span class='ocrx_word' id='word_1_410' title='bbox 1747 3155 2053 3223; x_wconf 89' lang='lat' dir='ltr'><strong>prophetia,</strong></span> 
     </span>
    </p>
   </div>
   <div class='ocr_carea' id='block_1_52' title="bbox 498 3237 2054 3305">
    <p class='ocr_par' dir='ltr' id='par_1_52' title="bbox 498 3237 2054 3305">
     <span class='ocr_line' id='line_1_52' title="bbox 498 3237 2054 3305; baseline 0.01 -17"><span class='ocrx_word' id='word_1_411' title='bbox 498 3247 711 3290; x_wconf 88' lang='lat' dir='ltr'><strong>necnon</strong></span> <span class='ocrx_word' id='word_1_412' title='bbox 786 3237 982 3305; x_wconf 84' lang='lat' dir='ltr'><strong>psalmi</strong></span> <span class='ocrx_word' id='word_1_413' title='bbox 1050 3237 1165 3293; x_wconf 61' lang='lat' dir='ltr'><strong>hac</strong></span> <span class='ocrx_word' id='word_1_414' title='bbox 1221 3239 1327 3293; x_wconf 90' lang='lat' dir='ltr'><strong>alia</strong></span> <span class='ocrx_word' id='word_1_415' title='bbox 1383 3240 1493 3295; x_wconf 91' lang='lat' dir='ltr'><strong>fere</strong></span> <span class='ocrx_word' id='word_1_416' title='bbox 1544 3240 1776 3299; x_wconf 85' lang='lat' dir='ltr'><strong>similis:</strong></span> <span class='ocrx_word' id='word_1_417' title='bbox 1827 3245 2054 3303; x_wconf 70' lang='lat' dir='ltr'><strong>«Juravi</strong></span> 
     </span>
    </p>
   </div>
   <div class='ocr_carea' id='block_1_53' title="bbox 497 3322 2054 3408">
    <p class='ocr_par' dir='ltr' id='par_1_53' title="bbox 497 3322 2054 3408">
     <span class='ocr_line' id='line_1_53' title="bbox 497 3322 2054 3408; baseline 0.01 -31"><span class='ocrx_word' id='word_1_418' title='bbox 497 3322 667 3379; x_wconf 83' lang='lat' dir='ltr'><strong>David</strong></span> <span class='ocrx_word' id='word_1_419' title='bbox 731 3341 888 3382; x_wconf 86' lang='lat' dir='ltr'><strong>servo</strong></span> <span class='ocrx_word' id='word_1_420' title='bbox 939 3343 1086 3382; x_wconf 84' lang='lat' dir='ltr'><strong>meo:</strong></span> <span class='ocrx_word' id='word_1_421' title='bbox 1117 3329 1302 3399; x_wconf 87' lang='lat' dir='ltr'><strong>Usque</strong></span> <span class='ocrx_word' id='word_1_422' title='bbox 1344 3330 1398 3385; x_wconf 91' lang='lat' dir='ltr'><strong>in</strong></span> <span class='ocrx_word' id='word_1_423' title='bbox 1442 3339 1701 3386; x_wconf 73' lang='lat' dir='ltr'><strong>aeternum</strong></span> <span class='ocrx_word' id='word_1_424' title='bbox 1733 3337 2054 3408; x_wconf 69' lang='lat' dir='ltr'><strong>pneparabo</strong></span> 
     </span>
    </p>
   </div>
   <div class='ocr_carea' id='block_1_54' title="bbox 496 3421 2048 3502">
    <p class='ocr_par' dir='ltr' id='par_1_54' title="bbox 496 3421 2048 3502">
     <span class='ocr_line' id='line_1_54' title="bbox 496 3421 2048 3502; baseline 0.009 -29"><span class='ocrx_word' id='word_1_425' title='bbox 496 3432 679 3473; x_wconf 88' lang='lat' dir='ltr'><strong>semen</strong></span> <span class='ocrx_word' id='word_1_426' title='bbox 713 3426 887 3482; x_wconf 89' lang='lat' dir='ltr'><strong>tuum,</strong></span> <span class='ocrx_word' id='word_1_427' title='bbox 933 3427 987 3474; x_wconf 91' lang='lat' dir='ltr'><strong>et</strong></span> <span class='ocrx_word' id='word_1_428' title='bbox 1018 3421 1296 3478; x_wconf 64' lang='lat' dir='ltr'><strong>aediﬁcabo</strong></span> <span class='ocrx_word' id='word_1_429' title='bbox 1340 3425 1391 3478; x_wconf 93' lang='lat' dir='ltr'><strong>in</strong></span> <span class='ocrx_word' id='word_1_430' title='bbox 1423 3427 1828 3495; x_wconf 85' lang='lat' dir='ltr'><strong>generationem</strong></span> <span class='ocrx_word' id='word_1_431' title='bbox 1873 3441 1926 3485; x_wconf 89' lang='lat' dir='ltr'><strong>et</strong></span> <span class='ocrx_word' id='word_1_432' title='bbox 1953 3448 2048 3502; x_wconf 87' lang='lat' dir='ltr'><strong>ge-</strong></span> 
     </span>
    </p>
   </div>
   <div class='ocr_carea' id='block_1_55' title="bbox 497 3511 2050 3588">
    <p class='ocr_par' dir='ltr' id='par_1_55' title="bbox 497 3511 2050 3588">
     <span class='ocr_line' id='line_1_55' title="bbox 497 3511 2050 3588; baseline 0.006 -22"><span class='ocrx_word' id='word_1_433' title='bbox 497 3512 830 3566; x_wconf 87' lang='lat' dir='ltr'><strong>nerationem</strong></span> <span class='ocrx_word' id='word_1_434' title='bbox 861 3511 1041 3566; x_wconf 90' lang='lat' dir='ltr'><strong>sedem</strong></span> <span class='ocrx_word' id='word_1_435' title='bbox 1076 3521 1226 3566; x_wconf 89' lang='lat' dir='ltr'><strong>tuam</strong></span> <span class='ocrx_word' id='word_1_436' title='bbox 1245 3513 1313 3577; x_wconf 79' lang='grc' dir='ltr'><strong>⁸ο,</strong></span> <span class='ocrx_word' id='word_1_437' title='bbox 1342 3534 1359 3566; x_wconf 72' lang='grc' dir='ltr'><strong>ι</strong></span> <span class='ocrx_word' id='word_1_438' title='bbox 1413 3523 1468 3568; x_wconf 92' lang='lat' dir='ltr'><strong>et</strong></span> <span class='ocrx_word' id='word_1_439' title='bbox 1514 3518 1674 3586; x_wconf 88' lang='lat' dir='ltr'><strong>paulo</strong></span> <span class='ocrx_word' id='word_1_440' title='bbox 1709 3526 1827 3588; x_wconf 91' lang='lat' dir='ltr'><strong>post</strong></span> <span class='ocrx_word' id='word_1_441' title='bbox 1861 3519 2050 3576; x_wconf 86' lang='lat' dir='ltr'><strong>addit:</strong></span> 
     </span>
    </p>
   </div>
   <div class='ocr_carea' id='block_1_56' title="bbox 499 3600 2048 3672">
    <p class='ocr_par' dir='ltr' id='par_1_56' title="bbox 499 3600 2048 3672">
     <span class='ocr_line' id='line_1_56' title="bbox 499 3600 2048 3672; baseline 0.008 -18"><span class='ocrx_word' id='word_1_442' title='bbox 499 3621 518 3654; x_wconf 71' lang='lat' dir='ltr'><strong>c</strong></span> <span class='ocrx_word' id='word_1_443' title='bbox 542 3600 721 3658; x_wconf 88' lang='lat' dir='ltr'><strong>Semel</strong></span> <span class='ocrx_word' id='word_1_444' title='bbox 745 3603 926 3672; x_wconf 89' lang='lat' dir='ltr'><strong>juravi</strong></span> <span class='ocrx_word' id='word_1_445' title='bbox 967 3604 1023 3658; x_wconf 93' lang='lat' dir='ltr'><strong>in</strong></span> <span class='ocrx_word' id='word_1_446' title='bbox 1071 3614 1264 3660; x_wconf 87' lang='lat' dir='ltr'><strong>sancto</strong></span> <span class='ocrx_word' id='word_1_447' title='bbox 1301 3622 1441 3668; x_wconf 83' lang='lat' dir='ltr'><strong>meo,</strong></span> <span class='ocrx_word' id='word_1_448' title='bbox 1491 3609 1536 3662; x_wconf 87' lang='lat' dir='ltr'><strong>si</strong></span> <span class='ocrx_word' id='word_1_449' title='bbox 1592 3607 1760 3664; x_wconf 84' lang='lat' dir='ltr'><strong>David</strong></span> <span class='ocrx_word' id='word_1_450' title='bbox 1792 3612 2048 3666; x_wconf 89' lang='lat' dir='ltr'><strong>mentiar.</strong></span> 
     </span>
    </p>
   </div>
   <div class='ocr_carea' id='block_1_57' title="bbox 495 3693 2053 3774">
    <p class='ocr_par' dir='ltr' id='par_1_57' title="bbox 495 3693 2053 3774">
     <span class='ocr_line' id='line_1_57' title="bbox 495 3693 2053 3774; baseline 0.005 -24"><span class='ocrx_word' id='word_1_451' title='bbox 495 3693 690 3750; x_wconf 84' lang='lat' dir='ltr'><strong>Semen</strong></span> <span class='ocrx_word' id='word_1_452' title='bbox 736 3695 856 3765; x_wconf 86' lang='lat' dir='ltr'><strong>ejus</strong></span> <span class='ocrx_word' id='word_1_453' title='bbox 891 3697 944 3750; x_wconf 91' lang='lat' dir='ltr'><strong>in</strong></span> <span class='ocrx_word' id='word_1_454' title='bbox 976 3705 1244 3753; x_wconf 68' lang='lat' dir='ltr'><strong>aaternum</strong></span> <span class='ocrx_word' id='word_1_455' title='bbox 1297 3699 1559 3765; x_wconf 86' lang='lat' dir='ltr'><strong>manebit,</strong></span> <span class='ocrx_word' id='word_1_456' title='bbox 1592 3711 1646 3756; x_wconf 91' lang='lat' dir='ltr'><strong>et</strong></span> <span class='ocrx_word' id='word_1_457' title='bbox 1673 3701 1904 3760; x_wconf 90' lang='lat' dir='ltr'><strong>thronus</strong></span> <span class='ocrx_word' id='word_1_458' title='bbox 1933 3704 2053 3774; x_wconf 86' lang='lat' dir='ltr'><strong>ejus</strong></span> 
     </span>
    </p>
   </div>
   <div class='ocr_carea' id='block_1_58' title="bbox 492 3787 2054 3858">
    <p class='ocr_par' dir='ltr' id='par_1_58' title="bbox 492 3787 2054 3858">
     <span class='ocr_line' id='line_1_58' title="bbox 492 3787 2054 3858; baseline 0.006 -17"><span class='ocrx_word' id='word_1_459' title='bbox 492 3788 635 3841; x_wconf 86' lang='lat' dir='ltr'><strong>sicut</strong></span> <span class='ocrx_word' id='word_1_460' title='bbox 670 3787 751 3841; x_wconf 91' lang='lat' dir='ltr'><strong>sol</strong></span> <span class='ocrx_word' id='word_1_461' title='bbox 807 3789 861 3841; x_wconf 91' lang='lat' dir='ltr'><strong>in</strong></span> <span class='ocrx_word' id='word_1_462' title='bbox 894 3798 1194 3858; x_wconf 87' lang='lat' dir='ltr'><strong>conspectu</strong></span> <span class='ocrx_word' id='word_1_463' title='bbox 1251 3805 1372 3845; x_wconf 90' lang='lat' dir='ltr'><strong>meo</strong></span> <span class='ocrx_word' id='word_1_464' title='bbox 1393 3791 1493 3846; x_wconf 71' lang='lat' dir='ltr'><strong>“.i</strong></span> <span class='ocrx_word' id='word_1_465' title='bbox 1547 3791 1613 3846; x_wconf 84' lang='lat' dir='ltr'><strong>Et</strong></span> <span class='ocrx_word' id='word_1_466' title='bbox 1657 3809 1891 3850; x_wconf 83' lang='lat' dir='ltr'><strong>rursus:</strong></span> <span class='ocrx_word' id='word_1_467' title='bbox 1943 3815 1961 3847; x_wconf 83' lang='grc'><strong>‹</strong></span> <span class='ocrx_word' id='word_1_468' title='bbox 1989 3795 2054 3850; x_wconf 88' lang='lat' dir='ltr'><strong>Et</strong></span> 
     </span>
    </p>
   </div>
   <div class='ocr_carea' id='block_1_59' title="bbox 492 3881 2050 3953">
    <p class='ocr_par' dir='ltr' id='par_1_59' title="bbox 492 3881 2050 3953">
     <span class='ocr_line' id='line_1_59' title="bbox 492 3881 2050 3953; baseline 0.008 -22"><span class='ocrx_word' id='word_1_469' title='bbox 492 3893 690 3948; x_wconf 89' lang='lat' dir='ltr'><strong>ponam</strong></span> <span class='ocrx_word' id='word_1_470' title='bbox 723 3881 778 3932; x_wconf 92' lang='lat' dir='ltr'><strong>in</strong></span> <span class='ocrx_word' id='word_1_471' title='bbox 812 3882 1069 3935; x_wconf 68' lang='lat' dir='ltr'><strong>saeculum</strong></span> <span class='ocrx_word' id='word_1_472' title='bbox 1106 3883 1289 3938; x_wconf 65' lang='lat' dir='ltr'><strong>saeculi</strong></span> <span class='ocrx_word' id='word_1_473' title='bbox 1321 3899 1506 3940; x_wconf 90' lang='lat' dir='ltr'><strong>semen</strong></span> <span class='ocrx_word' id='word_1_474' title='bbox 1541 3885 1678 3953; x_wconf 91' lang='lat' dir='ltr'><strong>ejus.</strong></span> <span class='ocrx_word' id='word_1_475' title='bbox 1711 3897 1763 3942; x_wconf 90' lang='lat' dir='ltr'><strong>et</strong></span> <span class='ocrx_word' id='word_1_476' title='bbox 1793 3888 2050 3943; x_wconf 89' lang='lat' dir='ltr'><strong>thronum</strong></span> 
     </span>
    </p>
   </div>
   <div class='ocr_carea' id='block_1_60' title="bbox 489 3969 2049 4038">
    <p class='ocr_par' dir='ltr' id='par_1_60' title="bbox 489 3969 2049 4038">
     <span class='ocr_line' id='line_1_60' title="bbox 489 3969 2049 4038; baseline 0.007 -15"><span class='ocrx_word' id='word_1_477' title='bbox 489 3969 610 4038; x_wconf 81' lang='lat' dir='ltr'><strong>ejus</strong></span> <span class='ocrx_word' id='word_1_478' title='bbox 662 3970 806 4027; x_wconf 84' lang='lat' dir='ltr'><strong>sicut</strong></span> <span class='ocrx_word' id='word_1_479' title='bbox 834 3972 951 4027; x_wconf 91' lang='lat' dir='ltr'><strong>dies</strong></span> <span class='ocrx_word' id='word_1_480' title='bbox 983 3975 1223 4028; x_wconf 57' lang='lat' dir='ltr'><strong>cmli&#39;h</strong></span> <span class='ocrx_word' id='word_1_481' title='bbox 1275 3973 1408 4030; x_wconf 90' lang='lat' dir='ltr'><strong>Fere</strong></span> <span class='ocrx_word' id='word_1_482' title='bbox 1469 3975 1667 4032; x_wconf 88' lang='lat' dir='ltr'><strong>similia</strong></span> <span class='ocrx_word' id='word_1_483' title='bbox 1700 3978 1950 4036; x_wconf 87' lang='lat' dir='ltr'><strong>invenias</strong></span> <span class='ocrx_word' id='word_1_484' title='bbox 1992 3981 2049 4034; x_wconf 92' lang='lat' dir='ltr'><strong>in</strong></span> 
     </span>
    </p>
   </div>
   <div class='ocr_carea' id='block_1_61' title="bbox 487 4058 2044 4132">
    <p class='ocr_par' dir='ltr' id='par_1_61' title="bbox 487 4058 2044 4132">
     <span class='ocr_line' id='line_1_61' title="bbox 487 4058 2044 4132; baseline 0.004 -14"><span class='ocrx_word' id='word_1_485' title='bbox 487 4058 742 4124; x_wconf 68' lang='lat' dir='ltr'><strong>Ieremia,</strong></span> <span class='ocrx_word' id='word_1_486' title='bbox 780 4061 871 4116; x_wconf 88' lang='lat' dir='ltr'><strong>ubi</strong></span> <span class='ocrx_word' id='word_1_487' title='bbox 905 4063 1125 4129; x_wconf 84' lang='lat' dir='ltr'><strong>dicitur,</strong></span> <span class='ocrx_word' id='word_1_488' title='bbox 1174 4084 1192 4115; x_wconf 84' lang='grc'><strong><em>‹</em></strong></span> <span class='ocrx_word' id='word_1_489' title='bbox 1226 4063 1365 4132; x_wconf 90' lang='lat' dir='ltr'><strong>Quia</strong></span> <span class='ocrx_word' id='word_1_490' title='bbox 1407 4066 1520 4120; x_wconf 73' lang='lat' dir='ltr'><strong>haec</strong></span> <span class='ocrx_word' id='word_1_491' title='bbox 1569 4068 1708 4123; x_wconf 89' lang='lat' dir='ltr'><strong>dicit</strong></span> <span class='ocrx_word' id='word_1_492' title='bbox 1741 4066 2002 4122; x_wconf 91' lang='lat' dir='ltr'><strong>Dominus</strong></span> <span class='ocrx_word' id='word_1_493' title='bbox 2031 4087 2044 4124; x_wconf 89' lang='lat'><strong>:</strong></span> 
     </span>
    </p>
   </div>
   <div class='ocr_carea' id='block_1_62' title="bbox 489 4151 2051 4232">
    <p class='ocr_par' dir='ltr' id='par_1_62' title="bbox 489 4151 2051 4232">
     <span class='ocr_line' id='line_1_62' title="bbox 489 4151 2051 4232; baseline 0.008 -27"><span class='ocrx_word' id='word_1_494' title='bbox 489 4152 608 4206; x_wconf 85' lang='lat' dir='ltr'><strong>Non</strong></span> <span class='ocrx_word' id='word_1_495' title='bbox 659 4151 903 4208; x_wconf 77' lang='lat' dir='ltr'><strong>interibit</strong></span> <span class='ocrx_word' id='word_1_496' title='bbox 933 4153 999 4210; x_wconf 92' lang='lat' dir='ltr'><strong>de</strong></span> <span class='ocrx_word' id='word_1_497' title='bbox 1054 4155 1222 4212; x_wconf 88' lang='lat' dir='ltr'><strong>David</strong></span> <span class='ocrx_word' id='word_1_498' title='bbox 1258 4158 1342 4213; x_wconf 93' lang='lat' dir='ltr'><strong>vir</strong></span> <span class='ocrx_word' id='word_1_499' title='bbox 1370 4160 1462 4229; x_wconf 88' lang='lat' dir='ltr'><strong>qui</strong></span> <span class='ocrx_word' id='word_1_500' title='bbox 1488 4159 1671 4215; x_wconf 88' lang='lat' dir='ltr'><strong>sedeat</strong></span> <span class='ocrx_word' id='word_1_501' title='bbox 1703 4177 1869 4232; x_wconf 88' lang='lat' dir='ltr'><strong>super</strong></span> <span class='ocrx_word' id='word_1_502' title='bbox 1899 4161 2051 4217; x_wconf 89' lang='lat' dir='ltr'><strong>thro-</strong></span> 
     </span>
    </p>
   </div>
   <div class='ocr_carea' id='block_1_63' title="bbox 487 4243 2048 4310">
    <p class='ocr_par' dir='ltr' id='par_1_63' title="bbox 487 4243 2048 4310">
     <span class='ocr_line' id='line_1_63' title="bbox 487 4243 2048 4310; baseline 0.006 -9"><span class='ocrx_word' id='word_1_503' title='bbox 487 4259 614 4301; x_wconf 83' lang='lat' dir='ltr'><strong>num</strong></span> <span class='ocrx_word' id='word_1_504' title='bbox 643 4243 840 4300; x_wconf 89' lang='lat' dir='ltr'><strong>domus</strong></span> <span class='ocrx_word' id='word_1_505' title='bbox 873 4244 1054 4301; x_wconf 88' lang='lat' dir='ltr'><strong>Israel.</strong></span> <span class='ocrx_word' id='word_1_506' title='bbox 1085 4247 1150 4302; x_wconf 87' lang='lat' dir='ltr'><strong>Et</strong></span> <span class='ocrx_word' id='word_1_507' title='bbox 1177 4250 1244 4305; x_wconf 92' lang='lat' dir='ltr'><strong>de</strong></span> <span class='ocrx_word' id='word_1_508' title='bbox 1270 4252 1643 4308; x_wconf 82' lang='lat' dir='ltr'><strong>sacerdotibus</strong></span> <span class='ocrx_word' id='word_1_509' title='bbox 1668 4262 1720 4307; x_wconf 90' lang='lat' dir='ltr'><strong>et</strong></span> <span class='ocrx_word' id='word_1_510' title='bbox 1753 4253 1820 4309; x_wconf 91' lang='lat' dir='ltr'><strong>de</strong></span> <span class='ocrx_word' id='word_1_511' title='bbox 1841 4251 2048 4310; x_wconf 85' lang='lat' dir='ltr'><strong>Levitis</strong></span> 
     </span>
    </p>
   </div>
   <div class='ocr_carea' id='block_1_64' title="bbox 489 4335 2120 4432">
    <p class='ocr_par' dir='ltr' id='par_1_64' title="bbox 489 4335 2120 4432">
     <span class='ocr_line' id='line_1_64' title="bbox 489 4335 2120 4432; baseline 0.007 -44"><span class='ocrx_word' id='word_1_512' title='bbox 489 4349 594 4389; x_wconf 86' lang='lat' dir='ltr'><strong>non</strong></span> <span class='ocrx_word' id='word_1_513' title='bbox 624 4335 868 4390; x_wconf 87' lang='lat' dir='ltr'><strong>interibit</strong></span> <span class='ocrx_word' id='word_1_514' title='bbox 904 4337 988 4390; x_wconf 91' lang='lat' dir='ltr'><strong>vir</strong></span> <span class='ocrx_word' id='word_1_515' title='bbox 1017 4353 1048 4391; x_wconf 89' lang='lat' dir='ltr'><strong>a</strong></span> <span class='ocrx_word' id='word_1_516' title='bbox 1077 4338 1216 4394; x_wconf 83' lang='lat' dir='ltr'><strong>facie</strong></span> <span class='ocrx_word' id='word_1_517' title='bbox 1257 4357 1396 4406; x_wconf 85' lang='lat' dir='ltr'><strong>mea,</strong></span> <span class='ocrx_word' id='word_1_518' title='bbox 1429 4343 1518 4414; x_wconf 91' lang='lat' dir='ltr'><strong>qui</strong></span> <span class='ocrx_word' id='word_1_519' title='bbox 1559 4343 1747 4399; x_wconf 76' lang='lat' dir='ltr'><strong>offerat</strong></span> <span class='ocrx_word' id='word_1_520' title='bbox 1782 4344 2046 4400; x_wconf 85' lang='lat' dir='ltr'><strong>holocau-</strong></span> <span class='ocrx_word' id='word_1_521' title='bbox 2075 4377 2120 4432; x_wconf 69' lang='grc' dir='ltr'><strong>Ι)</strong></span> 
     </span>
    </p>
   </div>
   <div class='ocr_carea' id='block_1_65' title="bbox 487 4426 2042 4496">
    <p class='ocr_par' dir='ltr' id='par_1_65' title="bbox 487 4426 2042 4496">
     <span class='ocr_line' id='line_1_65' title="bbox 487 4426 2042 4496; baseline 0.006 -15"><span class='ocrx_word' id='word_1_522' title='bbox 487 4432 711 4490; x_wconf 86' lang='lat' dir='ltr'><strong>tomata,</strong></span> <span class='ocrx_word' id='word_1_523' title='bbox 744 4434 798 4481; x_wconf 92' lang='lat' dir='ltr'><strong>et</strong></span> <span class='ocrx_word' id='word_1_524' title='bbox 827 4426 1080 4484; x_wconf 87' lang='lat' dir='ltr'><strong>incendat</strong></span> <span class='ocrx_word' id='word_1_525' title='bbox 1112 4431 1460 4496; x_wconf 90' lang='lat' dir='ltr'><strong>sacriﬁcium,</strong></span> <span class='ocrx_word' id='word_1_526' title='bbox 1499 4440 1552 4488; x_wconf 90' lang='lat' dir='ltr'><strong>et</strong></span> <span class='ocrx_word' id='word_1_527' title='bbox 1581 4435 1754 4488; x_wconf 67' lang='lat' dir='ltr'><strong>caedat</strong></span> <span class='ocrx_word' id='word_1_528' title='bbox 1786 4435 2042 4492; x_wconf 86' lang='lat' dir='ltr'><strong>victimas</strong></span> 
     </span>
    </p>
   </div>
   <div class='ocr_carea' id='block_1_66' title="bbox 486 4515 2076 4593">
    <p class='ocr_par' dir='ltr' id='par_1_66' title="bbox 486 4515 2076 4593">
     <span class='ocr_line' id='line_1_66' title="bbox 486 4515 2076 4593; baseline 0.008 -26"><span class='ocrx_word' id='word_1_529' title='bbox 486 4515 742 4570; x_wconf 87' lang='lat' dir='ltr'><strong>omnibus</strong></span> <span class='ocrx_word' id='word_1_530' title='bbox 794 4516 1098 4574; x_wconf 69' lang='lat' dir='ltr'><strong>diebus“.i</strong></span> <span class='ocrx_word' id='word_1_531' title='bbox 1176 4519 1306 4587; x_wconf 66' lang='lat' dir='ltr'><strong>Quae</strong></span> <span class='ocrx_word' id='word_1_532' title='bbox 1364 4523 1409 4578; x_wconf 90' lang='lat' dir='ltr'><strong>si</strong></span> <span class='ocrx_word' id='word_1_533' title='bbox 1458 4523 1583 4593; x_wconf 90' lang='lat' dir='ltr'><strong>quis</strong></span> <span class='ocrx_word' id='word_1_534' title='bbox 1635 4522 1878 4578; x_wconf 79' lang='lat' dir='ltr'><strong>conferat</strong></span> <span class='ocrx_word' id='word_1_535' title='bbox 1919 4525 2076 4578; x_wconf 84' lang='lat' dir='ltr'><strong>cum&#39;</strong></span> 
     </span>
    </p>
   </div>
   <div class='ocr_carea' id='block_1_67' title="bbox 485 4607 2046 4684">
    <p class='ocr_par' dir='ltr' id='par_1_67' title="bbox 485 4607 2046 4684">
     <span class='ocr_line' id='line_1_67' title="bbox 485 4607 2046 4684; baseline 0.009 -26"><span class='ocrx_word' id='word_1_536' title='bbox 485 4618 751 4676; x_wconf 67' lang='lat' dir='ltr'><strong>praesente</strong></span> <span class='ocrx_word' id='word_1_537' title='bbox 778 4607 1088 4667; x_wconf 66' lang='lat' dir='ltr'><strong>Iudaeorum</strong></span> <span class='ocrx_word' id='word_1_538' title='bbox 1134 4614 1312 4677; x_wconf 88' lang='lat' dir='ltr'><strong>ruina,</strong></span> <span class='ocrx_word' id='word_1_539' title='bbox 1348 4629 1644 4684; x_wconf 89' lang='lat' dir='ltr'><strong>eorumque</strong></span> <span class='ocrx_word' id='word_1_540' title='bbox 1693 4615 1936 4672; x_wconf 88' lang='lat' dir='ltr'><strong>historiis</strong></span> <span class='ocrx_word' id='word_1_541' title='bbox 1977 4617 2046 4672; x_wconf 91' lang='lat' dir='ltr'><strong>ab</strong></span> 
     </span>
    </p>
   </div>
   <div class='ocr_carea' id='block_1_68' title="bbox 487 4696 2042 4778">
    <p class='ocr_par' dir='ltr' id='par_1_68' title="bbox 487 4696 2042 4778">
     <span class='ocr_line' id='line_1_68' title="bbox 487 4696 2042 4778; baseline 0.005 -24"><span class='ocrx_word' id='word_1_542' title='bbox 487 4696 715 4754; x_wconf 84' lang='lat' dir='ltr'><strong>Ezecbia</strong></span> <span class='ocrx_word' id='word_1_543' title='bbox 743 4708 797 4758; x_wconf 89' lang='lat' dir='ltr'><strong>et</strong></span> <span class='ocrx_word' id='word_1_544' title='bbox 824 4699 1087 4758; x_wconf 85' lang='lat' dir='ltr'><strong>Jechonia</strong></span> <span class='ocrx_word' id='word_1_545' title='bbox 1129 4705 1373 4774; x_wconf 88' lang='lat' dir='ltr'><strong>regibus,</strong></span> <span class='ocrx_word' id='word_1_546' title='bbox 1404 4721 1634 4776; x_wconf 87' lang='lat' dir='ltr'><strong>quorum</strong></span> <span class='ocrx_word' id='word_1_547' title='bbox 1669 4706 1773 4762; x_wconf 87' lang='lat' dir='ltr'><strong>sub</strong></span> <span class='ocrx_word' id='word_1_548' title='bbox 1814 4707 2042 4778; x_wconf 87' lang='lat' dir='ltr'><strong>imperio</strong></span> 
     </span>
    </p>
   </div>
   <div class='ocr_carea' id='block_1_69' title="bbox 488 4790 2040 4869">
    <p class='ocr_par' dir='ltr' id='par_1_69' title="bbox 488 4790 2040 4869">
     <span class='ocr_line' id='line_1_69' title="bbox 488 4790 2040 4869; baseline 0.006 -24"><span class='ocrx_word' id='word_1_549' title='bbox 488 4791 664 4846; x_wconf 88' lang='lat' dir='ltr'><strong>deleta</strong></span> <span class='ocrx_word' id='word_1_550' title='bbox 695 4801 777 4848; x_wconf 86' lang='lat' dir='ltr'><strong>est</strong></span> <span class='ocrx_word' id='word_1_551' title='bbox 802 4790 1112 4852; x_wconf 63' lang='lat' dir='ltr'><strong>Iudaeorum</strong></span> <span class='ocrx_word' id='word_1_552' title='bbox 1156 4795 1324 4866; x_wconf 87' lang='lat' dir='ltr'><strong>regia,</strong></span> <span class='ocrx_word' id='word_1_553' title='bbox 1369 4796 1436 4851; x_wconf 91' lang='lat' dir='ltr'><strong>de</strong></span> <span class='ocrx_word' id='word_1_554' title='bbox 1472 4795 1672 4852; x_wconf 89' lang='lat' dir='ltr'><strong>Davide</strong></span> <span class='ocrx_word' id='word_1_555' title='bbox 1705 4805 1847 4863; x_wconf 90' lang='lat' dir='ltr'><strong>orta,</strong></span> <span class='ocrx_word' id='word_1_556' title='bbox 1883 4806 2040 4869; x_wconf 86' lang='lat' dir='ltr'><strong>pote-</strong></span> 
     </span>
    </p>
   </div>
   <div class='ocr_carea' id='block_1_70' title="bbox 430 4884 2040 4961">
    <p class='ocr_par' dir='ltr' id='par_1_70' title="bbox 430 4884 2040 4961">
     <span class='ocr_line' id='line_1_70' title="bbox 430 4884 2040 4961; baseline 0.005 -24"><span class='ocrx_word' id='word_1_557' title='bbox 430 4897 438 4906; x_wconf 85' lang='lat'><strong>&#39;</strong></span> <span class='ocrx_word' id='word_1_558' title='bbox 483 4893 616 4946; x_wconf 85' lang='lat' dir='ltr'><strong>stas,</strong></span> <span class='ocrx_word' id='word_1_559' title='bbox 639 4885 691 4940; x_wconf 90' lang='lat' dir='ltr'><strong>in</strong></span> <span class='ocrx_word' id='word_1_560' title='bbox 717 4884 1040 4958; x_wconf 86' lang='lat' dir='ltr'><strong>Babylonem</strong></span> <span class='ocrx_word' id='word_1_561' title='bbox 1071 4887 1400 4957; x_wconf 88' lang='lat' dir='ltr'><strong>captivitatis</strong></span> <span class='ocrx_word' id='word_1_562' title='bbox 1425 4900 1686 4961; x_wconf 85' lang='lat' dir='ltr'><strong>tempore,</strong></span> <span class='ocrx_word' id='word_1_563' title='bbox 1710 4905 1773 4945; x_wconf 83' lang='lat' dir='ltr'><strong>ex</strong></span> <span class='ocrx_word' id='word_1_564' title='bbox 1799 4906 1909 4961; x_wconf 89' lang='lat' dir='ltr'><strong>quo</strong></span> <span class='ocrx_word' id='word_1_565' title='bbox 1931 4905 2040 4945; x_wconf 91' lang='lat' dir='ltr'><strong>non</strong></span> 
     </span>
    </p>
   </div>
   <div class='ocr_carea' id='block_1_71' title="bbox 475 4975 2039 5051">
    <p class='ocr_par' dir='ltr' id='par_1_71' title="bbox 475 4975 2039 5051">
     <span class='ocr_line' id='line_1_71' title="bbox 475 4975 2039 5051; baseline 0.004 -21"><span class='ocrx_word' id='word_1_566' title='bbox 475 4976 589 5046; x_wconf 87' lang='lat' dir='ltr'><strong>jam</strong></span> <span class='ocrx_word' id='word_1_567' title='bbox 617 4975 1022 5046; x_wconf 85' lang='lat' dir='ltr'><strong>imperaverunt</strong></span> <span class='ocrx_word' id='word_1_568' title='bbox 1063 4985 1156 5032; x_wconf 88' lang='lat' dir='ltr'><strong>aut</strong></span> <span class='ocrx_word' id='word_1_569' title='bbox 1185 4987 1546 5049; x_wconf 84' lang='lat' dir='ltr'><strong>regnaverunt</strong></span> <span class='ocrx_word' id='word_1_570' title='bbox 1584 4979 1802 5037; x_wconf 86' lang='lat' dir='ltr'><strong>Davidis</strong></span> <span class='ocrx_word' id='word_1_571' title='bbox 1839 4983 2039 5051; x_wconf 88' lang='lat' dir='ltr'><strong>posteri</strong></span> 
     </span>
    </p>
   </div>
   <div class='ocr_carea' id='block_1_72' title="bbox 482 5068 2044 5138">
    <p class='ocr_par' dir='ltr' id='par_1_72' title="bbox 482 5068 2044 5138">
     <span class='ocr_line' id='line_1_72' title="bbox 482 5068 2044 5138; baseline 0.003 -14"><span class='ocrx_word' id='word_1_572' title='bbox 482 5080 630 5124; x_wconf 88' lang='lat' dir='ltr'><strong>nunc</strong></span> <span class='ocrx_word' id='word_1_573' title='bbox 670 5083 879 5137; x_wconf 89' lang='lat' dir='ltr'><strong>usque;</strong></span> <span class='ocrx_word' id='word_1_574' title='bbox 927 5068 1193 5138; x_wconf 88' lang='lat' dir='ltr'><strong>intelliget</strong></span> <span class='ocrx_word' id='word_1_575' title='bbox 1225 5085 1288 5123; x_wconf 87' lang='lat' dir='ltr'><strong>ea</strong></span> <span class='ocrx_word' id='word_1_576' title='bbox 1326 5070 1473 5125; x_wconf 89' lang='lat' dir='ltr'><strong>dicta</strong></span> <span class='ocrx_word' id='word_1_577' title='bbox 1516 5071 1739 5128; x_wconf 91' lang='lat' dir='ltr'><strong>minime</strong></span> <span class='ocrx_word' id='word_1_578' title='bbox 1777 5071 1842 5126; x_wconf 93' lang='lat' dir='ltr'><strong>ad</strong></span> <span class='ocrx_word' id='word_1_579' title='bbox 1886 5072 2044 5129; x_wconf 85' lang='lat' dir='ltr'><strong>Davi-</strong></span> 
     </span>
    </p>
   </div>
   <div class='ocr_carea' id='block_1_73' title="bbox 481 5157 2042 5236">
    <p class='ocr_par' dir='ltr' id='par_1_73' title="bbox 481 5157 2042 5236">
     <span class='ocr_line' id='line_1_73' title="bbox 481 5157 2042 5236; baseline 0.006 -24"><span class='ocrx_word' id='word_1_580' title='bbox 481 5159 628 5220; x_wconf 85' lang='lat' dir='ltr'><strong>dem,</strong></span> <span class='ocrx_word' id='word_1_581' title='bbox 660 5174 837 5230; x_wconf 87' lang='lat' dir='ltr'><strong>neque</strong></span> <span class='ocrx_word' id='word_1_582' title='bbox 883 5159 948 5215; x_wconf 87' lang='lat' dir='ltr'><strong>ad</strong></span> <span class='ocrx_word' id='word_1_583' title='bbox 993 5157 1341 5216; x_wconf 90' lang='lat' dir='ltr'><strong>Salomonem</strong></span> <span class='ocrx_word' id='word_1_584' title='bbox 1395 5161 1590 5217; x_wconf 88' lang='lat' dir='ltr'><strong>referri</strong></span> <span class='ocrx_word' id='word_1_585' title='bbox 1636 5179 1816 5236; x_wconf 91' lang='lat' dir='ltr'><strong>posse.</strong></span> <span class='ocrx_word' id='word_1_586' title='bbox 1879 5166 2042 5236; x_wconf 84' lang='lat' dir='ltr'><strong>Atqui</strong></span> 
     </span>
    </p>
   </div>
   <div class='ocr_carea' id='block_1_74' title="bbox 483 5249 2040 5328">
    <p class='ocr_par' dir='ltr' id='par_1_74' title="bbox 483 5249 2040 5328">
     <span class='ocr_line' id='line_1_74' title="bbox 483 5249 2040 5328; baseline 0.004 -25"><span class='ocrx_word' id='word_1_587' title='bbox 483 5249 638 5305; x_wconf 87' lang='lat' dir='ltr'><strong>nefas</strong></span> <span class='ocrx_word' id='word_1_588' title='bbox 665 5258 751 5306; x_wconf 89' lang='lat' dir='ltr'><strong>est</strong></span> <span class='ocrx_word' id='word_1_589' title='bbox 783 5249 872 5305; x_wconf 93' lang='lat' dir='ltr'><strong>Dei</strong></span> <span class='ocrx_word' id='word_1_590' title='bbox 894 5250 1296 5320; x_wconf 72' lang='lat' dir='ltr'><strong>pmdictionem</strong></span> <span class='ocrx_word' id='word_1_591' title='bbox 1316 5253 1674 5323; x_wconf 87' lang='lat' dir='ltr'><strong>jurejurando</strong></span> <span class='ocrx_word' id='word_1_592' title='bbox 1702 5256 2040 5328; x_wconf 89' lang='lat' dir='ltr'><strong>obsignatam</strong></span> 
     </span>
    </p>
   </div>
   <div class='ocr_carea' id='block_1_75' title="bbox 483 5341 2044 5416">
    <p class='ocr_par' dir='ltr' id='par_1_75' title="bbox 483 5341 2044 5416">
     <span class='ocr_line' id='line_1_75' title="bbox 483 5341 2044 5416; baseline 0.003 -20"><span class='ocrx_word' id='word_1_593' title='bbox 483 5341 768 5398; x_wconf 88' lang='lat' dir='ltr'><strong>mendacio</strong></span> <span class='ocrx_word' id='word_1_594' title='bbox 821 5357 1072 5416; x_wconf 81' lang='lat' dir='ltr'><strong>arguere.</strong></span> <span class='ocrx_word' id='word_1_595' title='bbox 1138 5341 1196 5397; x_wconf 87' lang='lat' dir='ltr'><strong>Si</strong></span> <span class='ocrx_word' id='word_1_596' title='bbox 1245 5351 1425 5401; x_wconf 85' lang='lat' dir='ltr'><strong>autem</strong></span> <span class='ocrx_word' id='word_1_597' title='bbox 1465 5359 1649 5400; x_wconf 85' lang='lat' dir='ltr'><strong>semen</strong></span> <span class='ocrx_word' id='word_1_598' title='bbox 1699 5343 1940 5410; x_wconf 90' lang='lat' dir='ltr'><strong>Davidis,</strong></span> <span class='ocrx_word' id='word_1_599' title='bbox 1975 5344 2044 5400; x_wconf 90' lang='lat' dir='ltr'><strong>de</strong></span> 
     </span>
    </p>
   </div>
   <div class='ocr_carea' id='block_1_76' title="bbox 2162 1777 3646 1856">
    <p class='ocr_par' dir='ltr' id='par_1_76' title="bbox 2162 1777 3646 1856">
     <span class='ocr_line' id='line_1_76' title="bbox 2162 1777 3646 1856; baseline -0.001 -18"><span class='ocrx_word' id='word_1_600' title='bbox 2162 1785 2421 1838; x_wconf 84' lang='grc' dir='ltr'><strong>λεύσαντα</strong></span> <span class='ocrx_word' id='word_1_601' title='bbox 2451 1784 2755 1854; x_wconf 69' lang='grc' dir='ltr'><strong>Σολομῶνω</strong></span> <span class='ocrx_word' id='word_1_602' title='bbox 2792 1785 2918 1856; x_wconf 83' lang='grc' dir='ltr'><strong>περὶ</strong></span> <span class='ocrx_word' id='word_1_603' title='bbox 2948 1777 3030 1848; x_wconf 74' lang='grc' dir='ltr'><strong>οὗ,</strong></span> <span class='ocrx_word' id='word_1_604' title='bbox 3063 1784 3141 1849; x_wconf 84' lang='grc' dir='ltr'><strong>ὡς</strong></span> <span class='ocrx_word' id='word_1_605' title='bbox 3169 1783 3330 1850; x_wconf 81' lang='grc' dir='ltr'><strong>εἰκὸς,</strong></span> <span class='ocrx_word' id='word_1_606' title='bbox 3356 1783 3646 1854; x_wconf 76' lang='grc' dir='ltr'><strong>ὑπολήψονται</strong></span> 
     </span>
    </p>
   </div>
   <div class='ocr_carea' id='block_1_77' title="bbox 2161 1871 3646 1942">
    <p class='ocr_par' dir='ltr' id='par_1_77' title="bbox 2161 1871 3646 1942">
     <span class='ocr_line' id='line_1_77' title="bbox 2161 1871 3646 1942; baseline 0 -18"><span class='ocrx_word' id='word_1_607' title='bbox 2161 1871 2335 1939; x_wconf 80' lang='grc' dir='ltr'><strong>λέγειν</strong></span> <span class='ocrx_word' id='word_1_608' title='bbox 2356 1871 2449 1942; x_wconf 76' lang='grc' dir='ltr'><strong>τὴν</strong></span> <span class='ocrx_word' id='word_1_609' title='bbox 2478 1872 2806 1942; x_wconf 78' lang='grc' dir='ltr'>προφητείαν</span> <span class='ocrx_word' id='word_1_610' title='bbox 2835 1872 2944 1925; x_wconf 83' lang='grc' dir='ltr'><strong>υίδν</strong></span> <span class='ocrx_word' id='word_1_611' title='bbox 2974 1871 3312 1942; x_wconf 80' lang='grc' dir='ltr'><strong>πρωτότοκον</strong></span> <span class='ocrx_word' id='word_1_612' title='bbox 3336 1871 3493 1942; x_wconf 73' lang='grc' dir='ltr'><strong>θήσειν</strong></span> <span class='ocrx_word' id='word_1_613' title='bbox 3516 1875 3646 1940; x_wconf 72' lang='grc' dir='ltr'><strong>ἐπαγ-</strong></span> 
     </span>
    </p>
   </div>
   <div class='ocr_carea' id='block_1_78' title="bbox 2161 1961 3650 2034">
    <p class='ocr_par' dir='ltr' id='par_1_78' title="bbox 2161 1961 3650 2034">
     <span class='ocr_line' id='line_1_78' title="bbox 2161 1961 3650 2034; baseline -0.003 -16"><span class='ocrx_word' id='word_1_614' title='bbox 2161 1962 2461 2032; x_wconf 78' lang='grc' dir='ltr'><strong>γέλλεσθαι,</strong></span> <span class='ocrx_word' id='word_1_615' title='bbox 2495 1964 2552 2016; x_wconf 77' lang='grc' dir='ltr'><strong>ὲν</strong></span> <span class='ocrx_word' id='word_1_616' title='bbox 2592 1962 2689 2034; x_wconf 84' lang='grc' dir='ltr'><strong>μὲν</strong></span> <span class='ocrx_word' id='word_1_617' title='bbox 2711 1962 2786 2032; x_wconf 81' lang='grc' dir='ltr'><strong>τῷ</strong></span> <span class='ocrx_word' id='word_1_618' title='bbox 2811 1961 3010 2034; x_wconf 77' lang='grc' dir='ltr'><strong>ψαλμῷ</strong></span> <span class='ocrx_word' id='word_1_619' title='bbox 3046 1961 3323 2034; x_wconf 78' lang='grc' dir='ltr'><strong>εἰρηκότα,</strong></span> <span class='ocrx_word' id='word_1_620' title='bbox 3355 1981 3370 2012; x_wconf 82' lang='grc' dir='ltr'><strong>ι</strong></span> <span class='ocrx_word' id='word_1_621' title='bbox 3401 1963 3536 2024; x_wconf 46' lang='grc' dir='ltr'><strong>Αὐτὴ</strong></span> <span class='ocrx_word' id='word_1_622' title='bbox 3556 1966 3650 2014; x_wconf 75' lang='grc' dir='ltr'><strong>επι-</strong></span> 
     </span>
    </p>
   </div>
   <div class='ocr_carea' id='block_1_79' title="bbox 2161 2051 3646 2127">
    <p class='ocr_par' dir='ltr' id='par_1_79' title="bbox 2161 2051 3646 2127">
     <span class='ocr_line' id='line_1_79' title="bbox 2161 2051 3646 2127; baseline -0.003 -17"><span class='ocrx_word' id='word_1_623' title='bbox 2161 2055 2441 2112; x_wconf 85' lang='grc' dir='ltr'><strong>καλέσεταί</strong></span> <span class='ocrx_word' id='word_1_624' title='bbox 2474 2073 2561 2125; x_wconf 87' lang='grc' dir='ltr'><strong>με,</strong></span> <span class='ocrx_word' id='word_1_625' title='bbox 2598 2055 2782 2127; x_wconf 81' lang='grc' dir='ltr'><strong>Πατήρ</strong></span> <span class='ocrx_word' id='word_1_626' title='bbox 2811 2071 2910 2126; x_wconf 87' lang='grc' dir='ltr'><strong>μου</strong></span> <span class='ocrx_word' id='word_1_627' title='bbox 2935 2051 2986 2108; x_wconf 73' lang='grc' dir='ltr'><strong>εἰ</strong></span> <span class='ocrx_word' id='word_1_628' title='bbox 3009 2055 3096 2118; x_wconf 82' lang='grc' dir='ltr'><strong>σὺ,</strong></span> <span class='ocrx_word' id='word_1_629' title='bbox 3133 2054 3265 2118; x_wconf 87' lang='grc' dir='ltr'><strong>Θεός</strong></span> <span class='ocrx_word' id='word_1_630' title='bbox 3310 2072 3404 2125; x_wconf 87' lang='grc' dir='ltr'><strong>μου</strong></span> <span class='ocrx_word' id='word_1_631' title='bbox 3437 2055 3513 2106; x_wconf 78' lang='grc' dir='ltr'><strong>καί</strong></span> <span class='ocrx_word' id='word_1_632' title='bbox 3536 2055 3646 2106; x_wconf 79' lang='grc' dir='ltr'><strong>ἀντι-</strong></span> 
     </span>
    </p>
   </div>
   <div class='ocr_carea' id='block_1_80' title="bbox 2158 2144 3655 2220">
    <p class='ocr_par' dir='ltr' id='par_1_80' title="bbox 2158 2144 3655 2220">
     <span class='ocr_line' id='line_1_80' title="bbox 2158 2144 3655 2220; baseline -0.003 -19"><span class='ocrx_word' id='word_1_633' title='bbox 2158 2147 2380 2220; x_wconf 79' lang='grc' dir='ltr'><strong>λήπτωρ</strong></span> <span class='ocrx_word' id='word_1_634' title='bbox 2405 2148 2503 2217; x_wconf 84' lang='grc' dir='ltr'><strong>τῆς</strong></span> <span class='ocrx_word' id='word_1_635' title='bbox 2530 2147 2797 2219; x_wconf 79' lang='grc' dir='ltr'><strong>σωτηρίας</strong></span> <span class='ocrx_word' id='word_1_636' title='bbox 2828 2161 2948 2217; x_wconf 88' lang='grc' dir='ltr'><strong>μου.</strong></span> <span class='ocrx_word' id='word_1_637' title='bbox 2990 2144 3163 2214; x_wconf 81' lang='grc' dir='ltr'><strong>Κάγὼ</strong></span> <span class='ocrx_word' id='word_1_638' title='bbox 3197 2145 3505 2217; x_wconf 81' lang='grc' dir='ltr'><strong>πρωτότοκον</strong></span> <span class='ocrx_word' id='word_1_639' title='bbox 3531 2144 3655 2214; x_wconf 76' lang='grc' dir='ltr'><strong>θήσο-</strong></span> 
     </span>
    </p>
   </div>
   <div class='ocr_carea' id='block_1_81' title="bbox 2161 2235 3656 2310">
    <p class='ocr_par' dir='ltr' id='par_1_81' title="bbox 2161 2235 3656 2310">
     <span class='ocr_line' id='line_1_81' title="bbox 2161 2235 3656 2310; baseline -0.003 -18"><span class='ocrx_word' id='word_1_640' title='bbox 2161 2257 2259 2310; x_wconf 88' lang='grc' dir='ltr'><strong>μαι</strong></span> <span class='ocrx_word' id='word_1_641' title='bbox 2290 2239 2470 2300; x_wconf 80' lang='grc' dir='ltr'><strong>αύτὺν,</strong></span> <span class='ocrx_word' id='word_1_642' title='bbox 2489 2237 2686 2308; x_wconf 75' lang='grc' dir='ltr'><strong>ὑψηλὸν</strong></span> <span class='ocrx_word' id='word_1_643' title='bbox 2725 2236 2873 2308; x_wconf 81' lang='grc' dir='ltr'><strong>παρὰ</strong></span> <span class='ocrx_word' id='word_1_644' title='bbox 2891 2239 3002 2300; x_wconf 85' lang='grc' dir='ltr'><strong>τοῖς</strong></span> <span class='ocrx_word' id='word_1_645' title='bbox 3031 2235 3306 2306; x_wconf 83' lang='grc' dir='ltr'><strong>βασιλεῦσι</strong></span> <span class='ocrx_word' id='word_1_646' title='bbox 3328 2236 3420 2305; x_wconf 81' lang='grc' dir='ltr'><strong>τῆς</strong></span> <span class='ocrx_word' id='word_1_647' title='bbox 3447 2237 3548 2305; x_wconf 68' lang='grc' dir='ltr'><strong>γῆς·</strong></span> <span class='ocrx_word' id='word_1_648' title='bbox 3572 2255 3585 2286; x_wconf 82' lang='lat' dir='ltr'><strong>i</strong></span> <span class='ocrx_word' id='word_1_649' title='bbox 3613 2237 3656 2288; x_wconf 80' lang='grc' dir='ltr'><strong>ὲν</strong></span> 
     </span>
    </p>
   </div>
   <div class='ocr_carea' id='block_1_82' title="bbox 2156 2327 3658 2402">
    <p class='ocr_par' dir='ltr' id='par_1_82' title="bbox 2156 2327 3658 2402">
     <span class='ocr_line' id='line_1_82' title="bbox 2156 2327 3658 2402; baseline -0.003 -18"><span class='ocrx_word' id='word_1_650' title='bbox 2156 2331 2214 2384; x_wconf 85' lang='grc' dir='ltr'><strong>δὲ</strong></span> <span class='ocrx_word' id='word_1_651' title='bbox 2246 2330 2323 2402; x_wconf 84' lang='grc' dir='ltr'><strong>τῷ</strong></span> <span class='ocrx_word' id='word_1_652' title='bbox 2350 2329 2484 2400; x_wconf 79' lang='grc' dir='ltr'><strong>μετὰ</strong></span> <span class='ocrx_word' id='word_1_653' title='bbox 2511 2332 2692 2402; x_wconf 85' lang='grc' dir='ltr'><strong>χεῖρας</strong></span> <span class='ocrx_word' id='word_1_654' title='bbox 2725 2328 3021 2400; x_wconf 78' lang='grc' dir='ltr'><strong>κεφαλαίῳ,</strong></span> <span class='ocrx_word' id='word_1_655' title='bbox 3043 2350 3061 2381; x_wconf 74' lang='lat' dir='ltr'><strong>t</strong></span> <span class='ocrx_word' id='word_1_656' title='bbox 3084 2328 3228 2398; x_wconf 83' lang='grc' dir='ltr'><strong>Ἐγὼ</strong></span> <span class='ocrx_word' id='word_1_657' title='bbox 3252 2329 3429 2400; x_wconf 79' lang='grc' dir='ltr'><strong>ἔσομαι</strong></span> <span class='ocrx_word' id='word_1_658' title='bbox 3455 2327 3575 2398; x_wconf 80' lang='grc' dir='ltr'><strong>αὐτῷ</strong></span> <span class='ocrx_word' id='word_1_659' title='bbox 3598 2329 3658 2391; x_wconf 82' lang='grc' dir='ltr'><strong>είς</strong></span> 
     </span>
    </p>
   </div>
   <div class='ocr_carea' id='block_1_83' title="bbox 2157 2418 3650 2493">
    <p class='ocr_par' dir='ltr' id='par_1_83' title="bbox 2157 2418 3650 2493">
     <span class='ocr_line' id='line_1_83' title="bbox 2157 2418 3650 2493; baseline -0.003 -18"><span class='ocrx_word' id='word_1_660' title='bbox 2157 2422 2388 2493; x_wconf 83' lang='grc' dir='ltr'><strong>πατέρα,</strong></span> <span class='ocrx_word' id='word_1_661' title='bbox 2415 2423 2508 2476; x_wconf 75' lang='grc' dir='ltr'><strong>καὶ</strong></span> <span class='ocrx_word' id='word_1_662' title='bbox 2526 2421 2686 2485; x_wconf 75' lang='grc' dir='ltr'><strong>αὐτὸς</strong></span> <span class='ocrx_word' id='word_1_663' title='bbox 2718 2421 2866 2475; x_wconf 74' lang='grc' dir='ltr'><strong>ἔσται</strong></span> <span class='ocrx_word' id='word_1_664' title='bbox 2892 2437 2982 2491; x_wconf 89' lang='grc' dir='ltr'><strong>μοι</strong></span> <span class='ocrx_word' id='word_1_665' title='bbox 3010 2422 3087 2486; x_wconf 88' lang='grc' dir='ltr'><strong>εἰς</strong></span> <span class='ocrx_word' id='word_1_666' title='bbox 3115 2422 3245 2476; x_wconf 87' lang='grc' dir='ltr'><strong>υἱόν.</strong></span> <span class='ocrx_word' id='word_1_667' title='bbox 3276 2442 3294 2474; x_wconf 74' lang='grc' dir='ltr'><strong>ι</strong></span> <span class='ocrx_word' id='word_1_668' title='bbox 3321 2422 3422 2476; x_wconf 77' lang='lat' dir='ltr'><strong>Kal</strong></span> <span class='ocrx_word' id='word_1_669' title='bbox 3446 2423 3535 2491; x_wconf 80' lang='grc' dir='ltr'><strong>μὴν</strong></span> <span class='ocrx_word' id='word_1_670' title='bbox 3558 2418 3650 2472; x_wconf 78' lang='grc' dir='ltr'><strong>κατ’</strong></span> 
     </span>
    </p>
   </div>
   <div class='ocr_carea' id='block_1_84' title="bbox 2157 2512 3655 2586">
    <p class='ocr_par' dir='ltr' id='par_1_84' title="bbox 2157 2512 3655 2586">
     <span class='ocr_line' id='line_1_84' title="bbox 2157 2512 3655 2586; baseline -0.005 -18"><span class='ocrx_word' id='word_1_671' title='bbox 2157 2515 2308 2569; x_wconf 81' lang='grc' dir='ltr'><strong>οὐδὲν</strong></span> <span class='ocrx_word' id='word_1_672' title='bbox 2335 2514 2694 2585; x_wconf 81' lang='grc' dir='ltr'><strong>διενηνοχέναι</strong></span> <span class='ocrx_word' id='word_1_673' title='bbox 2717 2515 2822 2566; x_wconf 89' lang='grc' dir='ltr'><strong>τῶν</strong></span> <span class='ocrx_word' id='word_1_674' title='bbox 2848 2514 3047 2568; x_wconf 83' lang='grc' dir='ltr'><strong>λοιπῶν</strong></span> <span class='ocrx_word' id='word_1_675' title='bbox 3079 2513 3368 2586; x_wconf 82' lang='grc' dir='ltr'><strong>προφητῶν</strong></span> <span class='ocrx_word' id='word_1_676' title='bbox 3400 2512 3559 2581; x_wconf 72' lang='grc' dir='ltr'><strong>φήσειέ</strong></span> <span class='ocrx_word' id='word_1_677' title='bbox 3593 2527 3655 2573; x_wconf 87' lang='grc' dir='ltr'><strong>τις</strong></span> 
     </span>
    </p>
   </div>
   <div class='ocr_carea' id='block_1_85' title="bbox 2157 2589 3655 2676">
    <p class='ocr_par' dir='ltr' id='par_1_85' title="bbox 2157 2589 3655 2676">
     <span class='ocr_line' id='line_1_85' title="bbox 2157 2589 3655 2676; baseline -0.004 -18"><span class='ocrx_word' id='word_1_678' title='bbox 2157 2605 2246 2658; x_wconf 81' lang='grc' dir='ltr'><strong>τὸν</strong></span> <span class='ocrx_word' id='word_1_679' title='bbox 2271 2605 2450 2670; x_wconf 72' lang='grc' dir='ltr'><strong>Δαυὶδ,</strong></span> <span class='ocrx_word' id='word_1_680' title='bbox 2486 2607 2543 2668; x_wconf 82' lang='grc' dir='ltr'><strong>ὃς</strong></span> <span class='ocrx_word' id='word_1_681' title='bbox 2572 2606 2666 2660; x_wconf 75' lang='grc' dir='ltr'><strong>καὶ</strong></span> <span class='ocrx_word' id='word_1_682' title='bbox 2694 2589 3128 2676; x_wconf 66' lang='grc' dir='ltr'><strong>ὲξομολογείσθαῖ</strong></span> <span class='ocrx_word' id='word_1_683' title='bbox 3159 2605 3247 2659; x_wconf 84' lang='grc' dir='ltr'><strong>διὰ</strong></span> <span class='ocrx_word' id='word_1_684' title='bbox 3271 2605 3363 2676; x_wconf 84' lang='grc' dir='ltr'><strong>τὴν</strong></span> <span class='ocrx_word' id='word_1_685' title='bbox 3390 2604 3474 2657; x_wconf 83' lang='grc' dir='ltr'><strong>τοῦ</strong></span> <span class='ocrx_word' id='word_1_686' title='bbox 3500 2602 3655 2673; x_wconf 80' lang='grc' dir='ltr'><strong>οὐρίου</strong></span> 
     </span>
    </p>
   </div>
   <div class='ocr_carea' id='block_1_86' title="bbox 2157 2691 3656 2772">
    <p class='ocr_par' dir='ltr' id='par_1_86' title="bbox 2157 2691 3656 2772">
     <span class='ocr_line' id='line_1_86' title="bbox 2157 2691 3656 2772; baseline -0.003 -24"><span class='ocrx_word' id='word_1_687' title='bbox 2157 2696 2326 2749; x_wconf 77' lang='grc' dir='ltr'><strong>ἐδεῖτο</strong></span> <span class='ocrx_word' id='word_1_688' title='bbox 2365 2696 2534 2765; x_wconf 85' lang='grc' dir='ltr'><strong>λέγων</strong></span> <span class='ocrx_word' id='word_1_689' title='bbox 2557 2736 2572 2760; x_wconf 91' lang='grc'><strong>,</strong></span> <span class='ocrx_word' id='word_1_690' title='bbox 2614 2716 2632 2748; x_wconf 77' lang='lat' dir='ltr'><strong>t</strong></span> <span class='ocrx_word' id='word_1_691' title='bbox 2671 2698 2759 2750; x_wconf 77' lang='grc' dir='ltr'><strong>Σοὶ</strong></span> <span class='ocrx_word' id='word_1_692' title='bbox 2788 2696 2931 2767; x_wconf 84' lang='grc' dir='ltr'><strong>μόνῳ</strong></span> <span class='ocrx_word' id='word_1_693' title='bbox 2957 2698 3204 2772; x_wconf 71' lang='grc' dir='ltr'><strong>ἥμαρτον</strong></span> <span class='ocrx_word' id='word_1_694' title='bbox 3250 2696 3341 2750; x_wconf 74' lang='grc' dir='ltr'><strong>καὶ</strong></span> <span class='ocrx_word' id='word_1_695' title='bbox 3379 2695 3436 2748; x_wconf 81' lang='grc' dir='ltr'><strong>τὸ</strong></span> <span class='ocrx_word' id='word_1_696' title='bbox 3472 2691 3656 2762; x_wconf 77' lang='grc' dir='ltr'><strong>πονηρὸν</strong></span> 
     </span>
    </p>
   </div>
   <div class='ocr_carea' id='block_1_87' title="bbox 2157 2785 3656 2861">
    <p class='ocr_par' dir='ltr' id='par_1_87' title="bbox 2157 2785 3656 2861">
     <span class='ocr_line' id='line_1_87' title="bbox 2157 2785 3656 2861; baseline -0.003 -21"><span class='ocrx_word' id='word_1_697' title='bbox 2157 2785 2386 2840; x_wconf 76' lang='grc' dir='ltr'><strong>ἐνώπιόν</strong></span> <span class='ocrx_word' id='word_1_698' title='bbox 2413 2805 2504 2841; x_wconf 89' lang='grc' dir='ltr'><strong>σου</strong></span> <span class='ocrx_word' id='word_1_699' title='bbox 2530 2789 2757 2861; x_wconf 78' lang='grc' dir='ltr'><strong>ἐποίησα</strong></span> <span class='ocrx_word' id='word_1_700' title='bbox 2776 2808 2788 2820; x_wconf 89' lang='grc'><strong>·</strong></span> <span class='ocrx_word' id='word_1_701' title='bbox 2826 2810 2843 2842; x_wconf 73' lang='grc' dir='ltr'><strong>ι</strong></span> <span class='ocrx_word' id='word_1_702' title='bbox 2874 2791 2906 2861; x_wconf 77' lang='grc' dir='ltr'>ἢ</span> <span class='ocrx_word' id='word_1_703' title='bbox 2930 2790 3020 2843; x_wconf 84' lang='grc' dir='ltr'><strong>τὸν</strong></span> <span class='ocrx_word' id='word_1_704' title='bbox 3049 2789 3357 2860; x_wconf 87' lang='grc' dir='ltr'><strong>Σολομῶνα,</strong></span> <span class='ocrx_word' id='word_1_705' title='bbox 3388 2789 3440 2840; x_wconf 81' lang='grc' dir='ltr'><strong>ὃν</strong></span> <span class='ocrx_word' id='word_1_706' title='bbox 3478 2786 3556 2838; x_wconf 80' lang='grc' dir='ltr'><strong>καὶ</strong></span> <span class='ocrx_word' id='word_1_707' title='bbox 3589 2787 3656 2836; x_wconf 81' lang='grc' dir='ltr'><strong>ὲκ·</strong></span> 
     </span>
    </p>
   </div>
   <div class='ocr_carea' id='block_1_88' title="bbox 2158 2867 3657 2947">
    <p class='ocr_par' dir='ltr' id='par_1_88' title="bbox 2158 2867 3657 2947">
     <span class='ocr_line' id='line_1_88' title="bbox 2158 2867 3657 2947; baseline -0.003 -18"><span class='ocrx_word' id='word_1_708' title='bbox 2158 2873 2330 2929; x_wconf 82' lang='grc' dir='ltr'><strong>κλῖναι</strong></span> <span class='ocrx_word' id='word_1_709' title='bbox 2353 2874 2460 2927; x_wconf 82' lang='grc' dir='ltr'><strong>άπὸ</strong></span> <span class='ocrx_word' id='word_1_710' title='bbox 2481 2875 2574 2928; x_wconf 80' lang='grc' dir='ltr'><strong>τοῦ</strong></span> <span class='ocrx_word' id='word_1_711' title='bbox 2602 2876 2735 2928; x_wconf 82' lang='grc' dir='ltr'><strong>Θεοῦ</strong></span> <span class='ocrx_word' id='word_1_712' title='bbox 2752 2877 2841 2930; x_wconf 72' lang='grc' dir='ltr'><strong>καὶ</strong></span> <span class='ocrx_word' id='word_1_713' title='bbox 2866 2867 3101 2943; x_wconf 77' lang='grc' dir='ltr'><strong>εἰδώλοις</strong></span> <span class='ocrx_word' id='word_1_714' title='bbox 3133 2877 3222 2934; x_wconf 88' lang='grc' dir='ltr'><strong>διὰ</strong></span> <span class='ocrx_word' id='word_1_715' title='bbox 3242 2874 3492 2947; x_wconf 86' lang='grc' dir='ltr'><strong>γυναικῶν</strong></span> <span class='ocrx_word' id='word_1_716' title='bbox 3515 2873 3657 2926; x_wconf 79' lang='grc' dir='ltr'><strong>ἐπιθυ-</strong></span> 
     </span>
    </p>
   </div>
   <div class='ocr_carea' id='block_1_89' title="bbox 2161 2964 3656 3040">
    <p class='ocr_par' dir='ltr' id='par_1_89' title="bbox 2161 2964 3656 3040">
     <span class='ocr_line' id='line_1_89' title="bbox 2161 2964 3656 3040; baseline 0.005 -23"><span class='ocrx_word' id='word_1_717' title='bbox 2161 2965 2288 3036; x_wconf 85' lang='grc' dir='ltr'><strong>μίας</strong></span> <span class='ocrx_word' id='word_1_718' title='bbox 2329 2967 2804 3038; x_wconf 84' lang='grc' dir='ltr'><strong>προσκεκινηκέναι</strong></span> <span class='ocrx_word' id='word_1_719' title='bbox 2841 2971 2874 3039; x_wconf 80' lang='grc' dir='ltr'><strong>ἡ</strong></span> <span class='ocrx_word' id='word_1_720' title='bbox 2907 2969 3035 3040; x_wconf 77' lang='grc' dir='ltr'><strong>ψιλὴ</strong></span> <span class='ocrx_word' id='word_1_721' title='bbox 3071 2969 3313 3025; x_wconf 77' lang='grc' dir='ltr'><strong>διδάσκει</strong></span> <span class='ocrx_word' id='word_1_722' title='bbox 3360 2969 3449 3038; x_wconf 82' lang='grc' dir='ltr'><strong>τῆς</strong></span> <span class='ocrx_word' id='word_1_723' title='bbox 3485 2964 3656 3036; x_wconf 68' lang='grc' dir='ltr'><strong>Γραφῆς</strong></span> 
     </span>
    </p>
   </div>
   <div class='ocr_carea' id='block_1_90' title="bbox 2165 3055 3657 3131">
    <p class='ocr_par' dir='ltr' id='par_1_90' title="bbox 2165 3055 3657 3131">
     <span class='ocr_line' id='line_1_90' title="bbox 2165 3055 3657 3131; baseline -0.001 -24"><span class='ocrx_word' id='word_1_724' title='bbox 2165 3055 2398 3127; x_wconf 83' lang='grc' dir='ltr'><strong>ίστορία·</strong></span> <span class='ocrx_word' id='word_1_725' title='bbox 2430 3055 2544 3120; x_wconf 88' lang='grc' dir='ltr'><strong>πῶς</strong></span> <span class='ocrx_word' id='word_1_726' title='bbox 2579 3057 2634 3112; x_wconf 83' lang='grc' dir='ltr'><strong>δὲ</strong></span> <span class='ocrx_word' id='word_1_727' title='bbox 2664 3057 2755 3111; x_wconf 85' lang='grc' dir='ltr'><strong>τοῦ</strong></span> <span class='ocrx_word' id='word_1_728' title='bbox 2784 3059 2948 3112; x_wconf 76' lang='grc' dir='ltr'><strong>Δαυὶδ</strong></span> <span class='ocrx_word' id='word_1_729' title='bbox 2983 3059 3015 3131; x_wconf 74' lang='grc' dir='ltr'><strong>ἡ</strong></span> <span class='ocrx_word' id='word_1_730' title='bbox 3039 3059 3136 3113; x_wconf 79' lang='grc' dir='ltr'><strong>τοῦ</strong></span> <span class='ocrx_word' id='word_1_731' title='bbox 3159 3058 3454 3130; x_wconf 88' lang='grc' dir='ltr'><strong>Σολομῶνος</strong></span> <span class='ocrx_word' id='word_1_732' title='bbox 3480 3058 3508 3127; x_wconf 83' lang='grc' dir='ltr'>ἡ</span> <span class='ocrx_word' id='word_1_733' title='bbox 3542 3055 3657 3125; x_wconf 82' lang='grc' dir='ltr'><strong>βασι-</strong></span> 
     </span>
    </p>
   </div>
   <div class='ocr_carea' id='block_1_91' title="bbox 2158 3143 3656 3221">
    <p class='ocr_par' dir='ltr' id='par_1_91' title="bbox 2158 3143 3656 3221">
     <span class='ocr_line' id='line_1_91' title="bbox 2158 3143 3656 3221; baseline -0.001 -23"><span class='ocrx_word' id='word_1_734' title='bbox 2158 3145 2274 3200; x_wconf 86' lang='grc' dir='ltr'><strong>λεία</strong></span> <span class='ocrx_word' id='word_1_735' title='bbox 2299 3147 2400 3211; x_wconf 82' lang='grc' dir='ltr'><strong>ἓως</strong></span> <span class='ocrx_word' id='word_1_736' title='bbox 2426 3147 2616 3211; x_wconf 87' lang='grc' dir='ltr'><strong>αἰῶνος</strong></span> <span class='ocrx_word' id='word_1_737' title='bbox 2641 3165 2660 3198; x_wconf 83' lang='lat' dir='ltr'><strong>t</strong></span> <span class='ocrx_word' id='word_1_738' title='bbox 2701 3147 2926 3202; x_wconf 73' lang='grc' dir='ltr'><strong>ὲνὼπιον</strong></span> <span class='ocrx_word' id='word_1_739' title='bbox 2949 3151 3077 3221; x_wconf 69' lang='grc' dir='ltr'><strong>ἔστη</strong></span> <span class='ocrx_word' id='word_1_740' title='bbox 3115 3149 3210 3202; x_wconf 85' lang='grc' dir='ltr'><strong>τοῦ</strong></span> <span class='ocrx_word' id='word_1_741' title='bbox 3242 3147 3392 3211; x_wconf 81' lang='grc' dir='ltr'><strong>Θεοῦ,</strong></span> <span class='ocrx_word' id='word_1_742' title='bbox 3420 3149 3501 3200; x_wconf 79' lang='grc' dir='ltr'><strong>καὶ</strong></span> <span class='ocrx_word' id='word_1_743' title='bbox 3520 3147 3543 3197; x_wconf 88' lang='grc' dir='ltr'><strong>ό</strong></span> <span class='ocrx_word' id='word_1_744' title='bbox 3560 3143 3656 3214; x_wconf 81' lang='grc' dir='ltr'><strong>Θρό-</strong></span> 
     </span>
    </p>
   </div>
   <div class='ocr_carea' id='block_1_92' title="bbox 2156 3238 3654 3311">
    <p class='ocr_par' dir='ltr' id='par_1_92' title="bbox 2156 3238 3654 3311">
     <span class='ocr_line' id='line_1_92' title="bbox 2156 3238 3654 3311; baseline -0.001 -20"><span class='ocrx_word' id='word_1_745' title='bbox 2156 3254 2244 3300; x_wconf 90' lang='grc' dir='ltr'><strong>νος</strong></span> <span class='ocrx_word' id='word_1_746' title='bbox 2276 3238 2664 3308; x_wconf 81' lang='grc' dir='ltr'><strong>ἀνωρθωμένος</strong></span> <span class='ocrx_word' id='word_1_747' title='bbox 2701 3242 2778 3306; x_wconf 86' lang='grc' dir='ltr'><strong>εἰς</strong></span> <span class='ocrx_word' id='word_1_748' title='bbox 2807 3241 2896 3294; x_wconf 83' lang='grc' dir='ltr'><strong>τὸν</strong></span> <span class='ocrx_word' id='word_1_749' title='bbox 2927 3241 3119 3306; x_wconf 83' lang='grc' dir='ltr'><strong>αἰῶνα,</strong></span> <span class='ocrx_word' id='word_1_750' title='bbox 3153 3262 3170 3294; x_wconf 76' lang='grc' dir='ltr'><strong>ι</strong></span> <span class='ocrx_word' id='word_1_751' title='bbox 3205 3240 3342 3298; x_wconf 75' lang='grc' dir='ltr'><strong>κατὰ</strong></span> <span class='ocrx_word' id='word_1_752' title='bbox 3362 3239 3449 3311; x_wconf 76' lang='grc' dir='ltr'><strong>τὴν</strong></span> <span class='ocrx_word' id='word_1_753' title='bbox 3468 3238 3654 3307; x_wconf 75' lang='grc' dir='ltr'><strong>φάσκον·</strong></span> 
     </span>
    </p>
   </div>
   <div class='ocr_carea' id='block_1_93' title="bbox 2157 3328 3654 3404">
    <p class='ocr_par' dir='ltr' id='par_1_93' title="bbox 2157 3328 3654 3404">
     <span class='ocr_line' id='line_1_93' title="bbox 2157 3328 3654 3404; baseline -0.003 -22"><span class='ocrx_word' id='word_1_754' title='bbox 2157 3345 2255 3383; x_wconf 90' lang='grc' dir='ltr'><strong>σαν</strong></span> <span class='ocrx_word' id='word_1_755' title='bbox 2281 3329 2299 3399; x_wconf 93' lang='grc'>(</span> <span class='ocrx_word' id='word_1_756' title='bbox 2321 3329 2358 3383; x_wconf 87' lang='lat' dir='ltr'><strong>f.</strong></span> <span class='ocrx_word' id='word_1_757' title='bbox 2393 3328 2458 3383; x_wconf 76' lang='grc'><strong>15</strong></span> <span class='ocrx_word' id='word_1_758' title='bbox 2483 3345 2536 3380; x_wconf 74' lang='grc' dir='ltr'><strong>νο</strong></span> <span class='ocrx_word' id='word_1_759' title='bbox 2555 3331 2574 3399; x_wconf 91' lang='grc'>)</span> <span class='ocrx_word' id='word_1_760' title='bbox 2595 3331 2824 3387; x_wconf 81' lang='grc' dir='ltr'><strong>ἐνταῦθα</strong></span> <span class='ocrx_word' id='word_1_761' title='bbox 2851 3335 3205 3404; x_wconf 81' lang='grc' dir='ltr'><strong>προφητείαν,</strong></span> <span class='ocrx_word' id='word_1_762' title='bbox 3233 3333 3324 3386; x_wconf 79' lang='grc' dir='ltr'><strong>καὶ</strong></span> <span class='ocrx_word' id='word_1_763' title='bbox 3361 3331 3486 3386; x_wconf 75' lang='grc' dir='ltr'><strong>κατὰ</strong></span> <span class='ocrx_word' id='word_1_764' title='bbox 3501 3329 3581 3399; x_wconf 82' lang='grc' dir='ltr'><strong>τὴν</strong></span> <span class='ocrx_word' id='word_1_765' title='bbox 3613 3329 3654 3379; x_wconf 71' lang='grc' dir='ltr'><strong>ὲν</strong></span> 
     </span>
    </p>
   </div>
   <div class='ocr_carea' id='block_1_94' title="bbox 2153 3411 3652 3494">
    <p class='ocr_par' dir='ltr' id='par_1_94' title="bbox 2153 3411 3652 3494">
     <span class='ocr_line' id='line_1_94' title="bbox 2153 3411 3652 3494; baseline -0.001 -23"><span class='ocrx_word' id='word_1_766' title='bbox 2153 3416 2230 3488; x_wconf 83' lang='grc' dir='ltr'><strong>τῷ</strong></span> <span class='ocrx_word' id='word_1_767' title='bbox 2258 3417 2454 3490; x_wconf 75' lang='grc' dir='ltr'><strong>ψαλμῷ</strong></span> <span class='ocrx_word' id='word_1_768' title='bbox 2474 3411 2575 3472; x_wconf 79' lang='grc' dir='ltr'><strong>ὧδέ</strong></span> <span class='ocrx_word' id='word_1_769' title='bbox 2602 3438 2716 3484; x_wconf 89' lang='grc' dir='ltr'><strong>πως</strong></span> <span class='ocrx_word' id='word_1_770' title='bbox 2753 3425 3128 3494; x_wconf 82' lang='grc' dir='ltr'><strong>περιέχουσαν,</strong></span> <span class='ocrx_word' id='word_1_771' title='bbox 3169 3441 3188 3474; x_wconf 76' lang='grc' dir='ltr'><strong>σ</strong></span> <span class='ocrx_word' id='word_1_772' title='bbox 3222 3424 3423 3492; x_wconf 83' lang='grc' dir='ltr'><strong>Ὥμοσα</strong></span> <span class='ocrx_word' id='word_1_773' title='bbox 3445 3417 3582 3472; x_wconf 76' lang='grc' dir='ltr'><strong>Δαυὶδ</strong></span> <span class='ocrx_word' id='word_1_774' title='bbox 3596 3414 3652 3486; x_wconf 81' lang='grc' dir='ltr'><strong>τῷ</strong></span> 
     </span>
    </p>
   </div>
   <div class='ocr_carea' id='block_1_95' title="bbox 2153 3508 3652 3584">
    <p class='ocr_par' dir='ltr' id='par_1_95' title="bbox 2153 3508 3652 3584">
     <span class='ocr_line' id='line_1_95' title="bbox 2153 3508 3652 3584; baseline 0.003 -21"><span class='ocrx_word' id='word_1_775' title='bbox 2153 3508 2322 3580; x_wconf 87' lang='grc' dir='ltr'><strong>δούλῳ</strong></span> <span class='ocrx_word' id='word_1_776' title='bbox 2345 3528 2465 3581; x_wconf 89' lang='grc' dir='ltr'><strong>μου.</strong></span> <span class='ocrx_word' id='word_1_777' title='bbox 2493 3511 2636 3574; x_wconf 83' lang='grc' dir='ltr'><strong>Ἕως</strong></span> <span class='ocrx_word' id='word_1_778' title='bbox 2653 3511 2744 3565; x_wconf 82' lang='grc' dir='ltr'><strong>τοῦ</strong></span> <span class='ocrx_word' id='word_1_779' title='bbox 2766 3514 2956 3576; x_wconf 87' lang='grc' dir='ltr'><strong>αἰῶνος</strong></span> <span class='ocrx_word' id='word_1_780' title='bbox 2977 3514 3255 3584; x_wconf 79' lang='grc' dir='ltr'><strong>ἑτοιμάσω</strong></span> <span class='ocrx_word' id='word_1_781' title='bbox 3275 3514 3333 3566; x_wconf 72' lang='grc' dir='ltr'><strong>τὸ</strong></span> <span class='ocrx_word' id='word_1_782' title='bbox 3356 3511 3548 3582; x_wconf 76' lang='grc' dir='ltr'><strong>σπέρμα</strong></span> <span class='ocrx_word' id='word_1_783' title='bbox 3565 3524 3652 3567; x_wconf 69' lang='grc' dir='ltr'><strong>σου,</strong></span> 
     </span>
    </p>
   </div>
   <div class='ocr_carea' id='block_1_96' title="bbox 2153 3601 3648 3674">
    <p class='ocr_par' dir='ltr' id='par_1_96' title="bbox 2153 3601 3648 3674">
     <span class='ocr_line' id='line_1_96' title="bbox 2153 3601 3648 3674; baseline -0.005 -19"><span class='ocrx_word' id='word_1_784' title='bbox 2153 3602 2246 3655; x_wconf 78' lang='grc' dir='ltr'><strong>καὶ</strong></span> <span class='ocrx_word' id='word_1_785' title='bbox 2260 3601 2591 3673; x_wconf 79' lang='grc' dir='ltr'><strong>οἰκοδομήσω</strong></span> <span class='ocrx_word' id='word_1_786' title='bbox 2607 3603 2683 3666; x_wconf 87' lang='grc' dir='ltr'><strong>εἰς</strong></span> <span class='ocrx_word' id='word_1_787' title='bbox 2703 3601 2891 3671; x_wconf 83' lang='grc' dir='ltr'><strong>γενεὰν</strong></span> <span class='ocrx_word' id='word_1_788' title='bbox 2912 3603 3003 3655; x_wconf 68' lang='grc' dir='ltr'><strong>καὶ</strong></span> <span class='ocrx_word' id='word_1_789' title='bbox 3022 3603 3218 3671; x_wconf 79' lang='grc' dir='ltr'><strong>γενεάν</strong></span> <span class='ocrx_word' id='word_1_790' title='bbox 3242 3603 3329 3657; x_wconf 78' lang='grc' dir='ltr'><strong>τὸν</strong></span> <span class='ocrx_word' id='word_1_791' title='bbox 3351 3601 3519 3674; x_wconf 84' lang='grc' dir='ltr'><strong>θρόνον</strong></span> <span class='ocrx_word' id='word_1_792' title='bbox 3538 3611 3648 3650; x_wconf 76' lang='grc' dir='ltr'><strong>σου-ι</strong></span> 
     </span>
    </p>
   </div>
   <div class='ocr_carea' id='block_1_97' title="bbox 2153 3686 3653 3766">
    <p class='ocr_par' dir='ltr' id='par_1_97' title="bbox 2153 3686 3653 3766">
     <span class='ocr_line' id='line_1_97' title="bbox 2153 3686 3653 3766; baseline -0.002 -23"><span class='ocrx_word' id='word_1_793' title='bbox 2153 3691 2247 3744; x_wconf 79' lang='grc' dir='ltr'><strong>καὶ</strong></span> <span class='ocrx_word' id='word_1_794' title='bbox 2279 3692 2394 3761; x_wconf 75' lang='grc' dir='ltr'><strong>μεθ’</strong></span> <span class='ocrx_word' id='word_1_795' title='bbox 2419 3693 2578 3766; x_wconf 76' lang='grc' dir='ltr'><strong>ἕτερα</strong></span> <span class='ocrx_word' id='word_1_796' title='bbox 2601 3691 2805 3762; x_wconf 81' lang='grc' dir='ltr'><strong>φάσκον</strong></span> <span class='ocrx_word' id='word_1_797' title='bbox 2815 3709 2930 3758; x_wconf 88' lang='grc' dir='ltr'><strong>σαν,</strong></span> <span class='ocrx_word' id='word_1_798' title='bbox 2949 3713 2967 3744; x_wconf 80' lang='lat' dir='ltr'><strong>t</strong></span> <span class='ocrx_word' id='word_1_799' title='bbox 2981 3693 3166 3758; x_wconf 75' lang='grc' dir='ltr'><strong>Ἀπαξ</strong></span> <span class='ocrx_word' id='word_1_800' title='bbox 3189 3692 3373 3764; x_wconf 79' lang='grc' dir='ltr'><strong>ὤμοσα</strong></span> <span class='ocrx_word' id='word_1_801' title='bbox 3394 3694 3445 3744; x_wconf 79' lang='grc' dir='ltr'><strong>ἐν</strong></span> <span class='ocrx_word' id='word_1_802' title='bbox 3462 3687 3527 3761; x_wconf 79' lang='grc' dir='ltr'><strong>τῷ</strong></span> <span class='ocrx_word' id='word_1_803' title='bbox 3549 3686 3653 3754; x_wconf 76' lang='grc' dir='ltr'>ἁγίῳ</span> 
     </span>
    </p>
   </div>
   <div class='ocr_carea' id='block_1_98' title="bbox 2158 3777 3654 3858">
    <p class='ocr_par' dir='ltr' id='par_1_98' title="bbox 2158 3777 3654 3858">
     <span class='ocr_line' id='line_1_98' title="bbox 2158 3777 3654 3858; baseline -0.009 -17"><span class='ocrx_word' id='word_1_804' title='bbox 2158 3799 2280 3853; x_wconf 87' lang='grc' dir='ltr'><strong>μου,</strong></span> <span class='ocrx_word' id='word_1_805' title='bbox 2315 3785 2364 3838; x_wconf 81' lang='grc' dir='ltr'><strong>εἰ</strong></span> <span class='ocrx_word' id='word_1_806' title='bbox 2389 3783 2466 3855; x_wconf 83' lang='grc' dir='ltr'><strong>τῷ</strong></span> <span class='ocrx_word' id='word_1_807' title='bbox 2487 3784 2647 3840; x_wconf 79' lang='grc' dir='ltr'><strong>Δαυίδ</strong></span> <span class='ocrx_word' id='word_1_808' title='bbox 2670 3784 2956 3856; x_wconf 76' lang='grc' dir='ltr'><strong>ψεύσομαι.</strong></span> <span class='ocrx_word' id='word_1_809' title='bbox 2977 3784 3049 3837; x_wconf 82' lang='grc' dir='ltr'><strong>Τὸ</strong></span> <span class='ocrx_word' id='word_1_810' title='bbox 3073 3785 3296 3858; x_wconf 86' lang='grc' dir='ltr'><strong>σπέρμα</strong></span> <span class='ocrx_word' id='word_1_811' title='bbox 3323 3781 3472 3838; x_wconf 85' lang='grc' dir='ltr'><strong>αὐτοῦ</strong></span> <span class='ocrx_word' id='word_1_812' title='bbox 3501 3782 3564 3842; x_wconf 89' lang='grc' dir='ltr'><strong>είς</strong></span> <span class='ocrx_word' id='word_1_813' title='bbox 3585 3777 3654 3829; x_wconf 78' lang='grc' dir='ltr'><strong>τὸν</strong></span> 
     </span>
    </p>
   </div>
   <div class='ocr_carea' id='block_1_99' title="bbox 2153 3867 3654 3949">
    <p class='ocr_par' dir='ltr' id='par_1_99' title="bbox 2153 3867 3654 3949">
     <span class='ocr_line' id='line_1_99' title="bbox 2153 3867 3654 3949; baseline -0.003 -23"><span class='ocrx_word' id='word_1_814' title='bbox 2153 3873 2322 3928; x_wconf 85' lang='grc' dir='ltr'><strong>αἰῶνα</strong></span> <span class='ocrx_word' id='word_1_815' title='bbox 2352 3878 2518 3945; x_wconf 86' lang='grc' dir='ltr'><strong>μενεῖ,</strong></span> <span class='ocrx_word' id='word_1_816' title='bbox 2554 3877 2646 3930; x_wconf 76' lang='grc' dir='ltr'><strong>καί</strong></span> <span class='ocrx_word' id='word_1_817' title='bbox 2669 3876 2698 3929; x_wconf 91' lang='grc' dir='ltr'><strong>ό</strong></span> <span class='ocrx_word' id='word_1_818' title='bbox 2721 3876 2904 3949; x_wconf 86' lang='grc' dir='ltr'><strong>θρόνος</strong></span> <span class='ocrx_word' id='word_1_819' title='bbox 2930 3875 3091 3930; x_wconf 77' lang='grc' dir='ltr'><strong>αὐτοῦ</strong></span> <span class='ocrx_word' id='word_1_820' title='bbox 3123 3877 3200 3940; x_wconf 84' lang='grc' dir='ltr'><strong>ὼς</strong></span> <span class='ocrx_word' id='word_1_821' title='bbox 3225 3878 3254 3932; x_wconf 85' lang='grc' dir='ltr'>ὁ</span> <span class='ocrx_word' id='word_1_822' title='bbox 3286 3876 3426 3946; x_wconf 78' lang='grc' dir='ltr'><strong>ἥλιος</strong></span> <span class='ocrx_word' id='word_1_823' title='bbox 3465 3867 3654 3925; x_wconf 74' lang='grc' dir='ltr'><strong>ἐναντίον</strong></span> 
     </span>
    </p>
   </div>
   <div class='ocr_carea' id='block_1_100' title="bbox 2155 3955 3651 4038">
    <p class='ocr_par' dir='ltr' id='par_1_100' title="bbox 2155 3955 3651 4038">
     <span class='ocr_line' id='line_1_100' title="bbox 2155 3955 3651 4038; baseline -0.007 -20"><span class='ocrx_word' id='word_1_824' title='bbox 2155 3983 2275 4037; x_wconf 88' lang='grc' dir='ltr'><strong>μου.</strong></span> <span class='ocrx_word' id='word_1_825' title='bbox 2320 3987 2338 4018; x_wconf 75' lang='grc' dir='ltr'><strong>ι</strong></span> <span class='ocrx_word' id='word_1_826' title='bbox 2371 3967 2478 4020; x_wconf 75' lang='lat' dir='ltr'><strong>Kal.</strong></span> <span class='ocrx_word' id='word_1_827' title='bbox 2503 3966 2662 4022; x_wconf 82' lang='grc' dir='ltr'><strong>πάλιν</strong></span> <span class='ocrx_word' id='word_1_828' title='bbox 2683 3983 2696 3997; x_wconf 88' lang='grc'><strong>·</strong></span> <span class='ocrx_word' id='word_1_829' title='bbox 2731 3985 2748 4018; x_wconf 83' lang='lat' dir='ltr'><strong>t</strong></span> <span class='ocrx_word' id='word_1_830' title='bbox 2785 3968 2895 4020; x_wconf 69' lang='lat' dir='ltr'><strong>Kal</strong></span> <span class='ocrx_word' id='word_1_831' title='bbox 2924 3967 3162 4038; x_wconf 85' lang='grc' dir='ltr'><strong>θήσομαι</strong></span> <span class='ocrx_word' id='word_1_832' title='bbox 3186 3970 3264 4031; x_wconf 88' lang='grc' dir='ltr'><strong>εἰς</strong></span> <span class='ocrx_word' id='word_1_833' title='bbox 3294 3967 3379 4019; x_wconf 82' lang='grc' dir='ltr'><strong>τὸν</strong></span> <span class='ocrx_word' id='word_1_834' title='bbox 3413 3964 3557 4018; x_wconf 87' lang='grc' dir='ltr'><strong>αἰῶνα</strong></span> <span class='ocrx_word' id='word_1_835' title='bbox 3581 3955 3651 4011; x_wconf 81' lang='grc' dir='ltr'><strong>τοῦ</strong></span> 
     </span>
    </p>
   </div>
   <div class='ocr_carea' id='block_1_101' title="bbox 2150 4053 3652 4132">
    <p class='ocr_par' dir='ltr' id='par_1_101' title="bbox 2150 4053 3652 4132">
     <span class='ocr_line' id='line_1_101' title="bbox 2150 4053 3652 4132; baseline -0.002 -17"><span class='ocrx_word' id='word_1_836' title='bbox 2150 4059 2342 4124; x_wconf 83' lang='grc' dir='ltr'><strong>αἰῶνος</strong></span> <span class='ocrx_word' id='word_1_837' title='bbox 2363 4059 2423 4113; x_wconf 84' lang='grc' dir='ltr'><strong>τὸ</strong></span> <span class='ocrx_word' id='word_1_838' title='bbox 2449 4061 2667 4132; x_wconf 84' lang='grc' dir='ltr'><strong>σπέρμα</strong></span> <span class='ocrx_word' id='word_1_839' title='bbox 2690 4059 2874 4124; x_wconf 79' lang='grc' dir='ltr'><strong>αὐτοῦ,</strong></span> <span class='ocrx_word' id='word_1_840' title='bbox 2902 4060 3100 4114; x_wconf 73' lang='grc' dir='ltr'><strong>καὶτὸν</strong></span> <span class='ocrx_word' id='word_1_841' title='bbox 3124 4061 3312 4132; x_wconf 82' lang='grc' dir='ltr'><strong>θρόνον</strong></span> <span class='ocrx_word' id='word_1_842' title='bbox 3336 4058 3482 4113; x_wconf 74' lang='grc' dir='ltr'><strong>αὑτοῦ</strong></span> <span class='ocrx_word' id='word_1_843' title='bbox 3503 4057 3563 4117; x_wconf 82' lang='grc' dir='ltr'><strong>ὡς</strong></span> <span class='ocrx_word' id='word_1_844' title='bbox 3579 4053 3652 4112; x_wconf 77' lang='grc' dir='ltr'><strong>τὰς</strong></span> 
     </span>
    </p>
   </div>
   <div class='ocr_carea' id='block_1_102' title="bbox 2151 4144 3653 4224">
    <p class='ocr_par' dir='ltr' id='par_1_102' title="bbox 2151 4144 3653 4224">
     <span class='ocr_line' id='line_1_102' title="bbox 2151 4144 3653 4224; baseline -0.001 -20"><span class='ocrx_word' id='word_1_845' title='bbox 2151 4151 2360 4223; x_wconf 78' lang='grc' dir='ltr'><strong>ἡμέρας</strong></span> <span class='ocrx_word' id='word_1_846' title='bbox 2390 4151 2482 4206; x_wconf 82' lang='grc' dir='ltr'><strong>τοῦ</strong></span> <span class='ocrx_word' id='word_1_847' title='bbox 2508 4151 2752 4224; x_wconf 80' lang='grc' dir='ltr'><strong>οὐρανοῦ.</strong></span> <span class='ocrx_word' id='word_1_848' title='bbox 2791 4170 2809 4204; x_wconf 74' lang='grc' dir='ltr'><strong>ι</strong></span> <span class='ocrx_word' id='word_1_849' title='bbox 2844 4153 2923 4206; x_wconf 81' lang='grc' dir='ltr'><strong>Τὰ</strong></span> <span class='ocrx_word' id='word_1_850' title='bbox 2963 4152 3317 4224; x_wconf 80' lang='grc' dir='ltr'><strong>παραπλήσια</strong></span> <span class='ocrx_word' id='word_1_851' title='bbox 3347 4150 3386 4205; x_wconf 86' lang='grc' dir='ltr'><strong>δ’</strong></span> <span class='ocrx_word' id='word_1_852' title='bbox 3413 4148 3470 4202; x_wconf 83' lang='grc' dir='ltr'><strong>ἂν</strong></span> <span class='ocrx_word' id='word_1_853' title='bbox 3514 4144 3653 4214; x_wconf 74' lang='grc' dir='ltr'><strong>εὕροις</strong></span> 
     </span>
    </p>
   </div>
   <div class='ocr_carea' id='block_1_103' title="bbox 2151 4235 3654 4313">
    <p class='ocr_par' dir='ltr' id='par_1_103' title="bbox 2151 4235 3654 4313">
     <span class='ocr_line' id='line_1_103' title="bbox 2151 4235 3654 4313; baseline -0.001 -21"><span class='ocrx_word' id='word_1_854' title='bbox 2151 4237 2244 4292; x_wconf 76' lang='grc' dir='ltr'><strong>καὶ</strong></span> <span class='ocrx_word' id='word_1_855' title='bbox 2265 4239 2324 4292; x_wconf 84' lang='grc' dir='ltr'><strong>ὲν</strong></span> <span class='ocrx_word' id='word_1_856' title='bbox 2351 4238 2426 4309; x_wconf 86' lang='grc' dir='ltr'><strong>τῷ</strong></span> <span class='ocrx_word' id='word_1_857' title='bbox 2466 4239 2720 4312; x_wconf 77' lang='grc' dir='ltr'><strong>Ἱερεμίᾳ,</strong></span> <span class='ocrx_word' id='word_1_858' title='bbox 2757 4240 2882 4294; x_wconf 77' lang='grc' dir='ltr'><strong>ἔνθα</strong></span> <span class='ocrx_word' id='word_1_859' title='bbox 2907 4240 3120 4313; x_wconf 76' lang='grc' dir='ltr'><strong>εἴρηται</strong></span> <span class='ocrx_word' id='word_1_860' title='bbox 3144 4282 3159 4305; x_wconf 93' lang='grc'><strong>,</strong></span> <span class='ocrx_word' id='word_1_861' title='bbox 3205 4261 3224 4292; x_wconf 75' lang='grc' dir='ltr'><strong>ι</strong></span> <span class='ocrx_word' id='word_1_862' title='bbox 3263 4242 3379 4294; x_wconf 87' lang='grc' dir='ltr'><strong>Ὅτι</strong></span> <span class='ocrx_word' id='word_1_863' title='bbox 3411 4235 3520 4291; x_wconf 86' lang='grc' dir='ltr'><strong>τάδε</strong></span> <span class='ocrx_word' id='word_1_864' title='bbox 3541 4235 3654 4300; x_wconf 78' lang='grc' dir='ltr'><strong>λέγει</strong></span> 
     </span>
    </p>
   </div>
   <div class='ocr_carea' id='block_1_104' title="bbox 2153 4322 3654 4405">
    <p class='ocr_par' dir='ltr' id='par_1_104' title="bbox 2153 4322 3654 4405">
     <span class='ocr_line' id='line_1_104' title="bbox 2153 4322 3654 4405; baseline -0.006 -20"><span class='ocrx_word' id='word_1_865' title='bbox 2153 4330 2355 4404; x_wconf 83' lang='grc' dir='ltr'><strong>Κύριος</strong></span> <span class='ocrx_word' id='word_1_866' title='bbox 2377 4347 2390 4362; x_wconf 62' lang='grc' dir='ltr'>θ</span> <span class='ocrx_word' id='word_1_867' title='bbox 2427 4331 2538 4384; x_wconf 84' lang='grc' dir='ltr'><strong>Ούκ</strong></span> <span class='ocrx_word' id='word_1_868' title='bbox 2558 4331 3056 4405; x_wconf 80' lang='grc' dir='ltr'><strong>ὲξολοθρευθήσεται</strong></span> <span class='ocrx_word' id='word_1_869' title='bbox 3074 4331 3153 4404; x_wconf 86' lang='grc' dir='ltr'><strong>τῷ</strong></span> <span class='ocrx_word' id='word_1_870' title='bbox 3185 4332 3347 4386; x_wconf 73' lang='grc' dir='ltr'><strong>Δαυίδ</strong></span> <span class='ocrx_word' id='word_1_871' title='bbox 3375 4328 3498 4400; x_wconf 81' lang='grc' dir='ltr'><strong>ἀνὴρ</strong></span> <span class='ocrx_word' id='word_1_872' title='bbox 3530 4322 3654 4392; x_wconf 69' lang='grc' dir='ltr'><strong>καθή-</strong></span> 
     </span>
    </p>
   </div>
   <div class='ocr_carea' id='block_1_105' title="bbox 2157 4417 3652 4498">
    <p class='ocr_par' dir='ltr' id='par_1_105' title="bbox 2157 4417 3652 4498">
     <span class='ocr_line' id='line_1_105' title="bbox 2157 4417 3652 4498; baseline -0.007 -20"><span class='ocrx_word' id='word_1_873' title='bbox 2157 4440 2314 4492; x_wconf 85' lang='grc' dir='ltr'><strong>μενος</strong></span> <span class='ocrx_word' id='word_1_874' title='bbox 2335 4426 2426 4477; x_wconf 74' lang='grc' dir='ltr'><strong>ἐπὶ</strong></span> <span class='ocrx_word' id='word_1_875' title='bbox 2447 4423 2636 4495; x_wconf 87' lang='grc' dir='ltr'><strong>θρόνου</strong></span> <span class='ocrx_word' id='word_1_876' title='bbox 2666 4426 2810 4479; x_wconf 81' lang='grc' dir='ltr'><strong>οἴκου</strong></span> <span class='ocrx_word' id='word_1_877' title='bbox 2842 4425 3056 4498; x_wconf 84' lang='grc' dir='ltr'><strong>Ἰσραήλ</strong></span> <span class='ocrx_word' id='word_1_878' title='bbox 3075 4443 3088 4456; x_wconf 87' lang='grc'><strong>·</strong></span> <span class='ocrx_word' id='word_1_879' title='bbox 3117 4427 3212 4481; x_wconf 75' lang='grc' dir='ltr'><strong>καὶ</strong></span> <span class='ocrx_word' id='word_1_880' title='bbox 3235 4429 3343 4488; x_wconf 85' lang='grc' dir='ltr'><strong>τοῖς</strong></span> <span class='ocrx_word' id='word_1_881' title='bbox 3379 4420 3557 4495; x_wconf 83' lang='grc' dir='ltr'><strong>ἰερεῦσι</strong></span> <span class='ocrx_word' id='word_1_882' title='bbox 3580 4417 3652 4468; x_wconf 75' lang='grc' dir='ltr'><strong>καὶ</strong></span> 
     </span>
    </p>
   </div>
   <div class='ocr_carea' id='block_1_106' title="bbox 2150 4510 3651 4592">
    <p class='ocr_par' dir='ltr' id='par_1_106' title="bbox 2150 4510 3651 4592">
     <span class='ocr_line' id='line_1_106' title="bbox 2150 4510 3651 4592; baseline -0.006 -20"><span class='ocrx_word' id='word_1_883' title='bbox 2150 4520 2260 4584; x_wconf 79' lang='grc' dir='ltr'><strong>τοῖς</strong></span> <span class='ocrx_word' id='word_1_884' title='bbox 2282 4521 2530 4585; x_wconf 85' lang='grc' dir='ltr'><strong>Λευίταις</strong></span> <span class='ocrx_word' id='word_1_885' title='bbox 2546 4520 2643 4575; x_wconf 81' lang='grc' dir='ltr'><strong>οὐκ</strong></span> <span class='ocrx_word' id='word_1_886' title='bbox 2663 4519 2841 4586; x_wconf 82' lang='grc' dir='ltr'><strong>ὲξολοθ</strong></span> <span class='ocrx_word' id='word_1_887' title='bbox 2851 4519 3165 4592; x_wconf 83' lang='grc' dir='ltr'><strong>ρευθήσεται</strong></span> <span class='ocrx_word' id='word_1_888' title='bbox 3185 4521 3322 4591; x_wconf 80' lang='grc' dir='ltr'><strong>ἀνὴρ</strong></span> <span class='ocrx_word' id='word_1_889' title='bbox 3335 4521 3396 4572; x_wconf 84' lang='grc' dir='ltr'><strong>ὲκ</strong></span> <span class='ocrx_word' id='word_1_890' title='bbox 3414 4510 3651 4586; x_wconf 70' lang='grc' dir='ltr'><strong>προσώπου</strong></span> 
     </span>
    </p>
   </div>
   <div class='ocr_carea' id='block_1_107' title="bbox 2153 4599 3650 4682">
    <p class='ocr_par' dir='ltr' id='par_1_107' title="bbox 2153 4599 3650 4682">
     <span class='ocr_line' id='line_1_107' title="bbox 2153 4599 3650 4682; baseline -0.006 -20"><span class='ocrx_word' id='word_1_891' title='bbox 2153 4625 2280 4679; x_wconf 87' lang='grc' dir='ltr'><strong>μου,</strong></span> <span class='ocrx_word' id='word_1_892' title='bbox 2317 4609 3070 4682; x_wconf 32' lang='grc' dir='ltr'><strong>ἅναφέρωναόλοκαυτώματα,</strong></span> <span class='ocrx_word' id='word_1_893' title='bbox 3094 4613 3191 4667; x_wconf 75' lang='grc' dir='ltr'><strong>καὶ</strong></span> <span class='ocrx_word' id='word_1_894' title='bbox 3219 4612 3357 4666; x_wconf 87' lang='grc' dir='ltr'><strong>θύων</strong></span> <span class='ocrx_word' id='word_1_895' title='bbox 3385 4606 3550 4663; x_wconf 82' lang='grc' dir='ltr'><strong>θυσίαν</strong></span> <span class='ocrx_word' id='word_1_896' title='bbox 3581 4599 3650 4654; x_wconf 77' lang='grc' dir='ltr'><strong>καὶ</strong></span> 
     </span>
    </p>
   </div>
   <div class='ocr_carea' id='block_1_108' title="bbox 2151 4690 3650 4774">
    <p class='ocr_par' dir='ltr' id='par_1_108' title="bbox 2151 4690 3650 4774">
     <span class='ocr_line' id='line_1_108' title="bbox 2151 4690 3650 4774; baseline 0.011 -22"><span class='ocrx_word' id='word_1_897' title='bbox 2151 4700 2319 4753; x_wconf 86' lang='grc' dir='ltr'><strong>ποιῶν</strong></span> <span class='ocrx_word' id='word_1_898' title='bbox 2354 4700 2600 4773; x_wconf 82' lang='grc' dir='ltr'><strong>θυμίαμα</strong></span> <span class='ocrx_word' id='word_1_899' title='bbox 2648 4703 2825 4766; x_wconf 87' lang='grc' dir='ltr'><strong>πάσας</strong></span> <span class='ocrx_word' id='word_1_900' title='bbox 2861 4701 2957 4766; x_wconf 83' lang='grc' dir='ltr'><strong>τάς</strong></span> <span class='ocrx_word' id='word_1_901' title='bbox 2981 4702 3213 4774; x_wconf 85' lang='grc' dir='ltr'><strong>ἡμέρας.</strong></span> <span class='ocrx_word' id='word_1_902' title='bbox 3249 4723 3267 4754; x_wconf 73' lang='grc' dir='ltr'><strong>ι</strong></span> <span class='ocrx_word' id='word_1_903' title='bbox 3296 4699 3468 4756; x_wconf 82' lang='grc' dir='ltr'><strong>Ταῦτα</strong></span> <span class='ocrx_word' id='word_1_904' title='bbox 3499 4695 3587 4765; x_wconf 69' lang='grc' dir='ltr'><strong>γὰρ</strong></span> <span class='ocrx_word' id='word_1_905' title='bbox 3615 4690 3650 4744; x_wconf 69' lang='grc' dir='ltr'><strong>εί</strong></span> 
     </span>
    </p>
   </div>
   <div class='ocr_carea' id='block_1_109' title="bbox 2152 4793 3646 4868">
    <p class='ocr_par' dir='ltr' id='par_1_109' title="bbox 2152 4793 3646 4868">
     <span class='ocr_line' id='line_1_109' title="bbox 2152 4793 3646 4868; baseline -0.003 -21"><span class='ocrx_word' id='word_1_906' title='bbox 2152 4793 2487 4860; x_wconf 78' lang='grc' dir='ltr'><strong>συνεξετάζοι</strong></span> <span class='ocrx_word' id='word_1_907' title='bbox 2515 4813 2596 4860; x_wconf 89' lang='grc' dir='ltr'><strong>τις</strong></span> <span class='ocrx_word' id='word_1_908' title='bbox 2632 4799 2780 4868; x_wconf 62' lang='lat' dir='ltr'><strong>sifts</strong></span> <span class='ocrx_word' id='word_1_909' title='bbox 2813 4796 3057 4868; x_wconf 71' lang='grc' dir='ltr'><strong>παρούσῃ</strong></span> <span class='ocrx_word' id='word_1_910' title='bbox 3083 4797 3191 4850; x_wconf 89' lang='grc' dir='ltr'><strong>τῶν</strong></span> <span class='ocrx_word' id='word_1_911' title='bbox 3235 4794 3484 4850; x_wconf 85' lang='grc' dir='ltr'><strong>Ἰουδαίων</strong></span> <span class='ocrx_word' id='word_1_912' title='bbox 3518 4802 3646 4842; x_wconf 57' lang='lat' dir='ltr'><strong>xath</strong></span> 
     </span>
    </p>
   </div>
   <div class='ocr_carea' id='block_1_110' title="bbox 2151 4877 3648 4959">
    <p class='ocr_par' dir='ltr' id='par_1_110' title="bbox 2151 4877 3648 4959">
     <span class='ocr_line' id='line_1_110' title="bbox 2151 4877 3648 4959; baseline 0.002 -20"><span class='ocrx_word' id='word_1_913' title='bbox 2151 4887 2335 4941; x_wconf 83' lang='grc' dir='ltr'><strong>στάσει</strong></span> <span class='ocrx_word' id='word_1_914' title='bbox 2358 4889 2450 4940; x_wconf 80' lang='grc' dir='ltr'><strong>καί</strong></span> <span class='ocrx_word' id='word_1_915' title='bbox 2473 4891 2591 4951; x_wconf 85' lang='grc' dir='ltr'><strong>ταῖς</strong></span> <span class='ocrx_word' id='word_1_916' title='bbox 2614 4890 2731 4942; x_wconf 85' lang='grc' dir='ltr'><strong>κατ’</strong></span> <span class='ocrx_word' id='word_1_917' title='bbox 2765 4889 2959 4953; x_wconf 80' lang='grc' dir='ltr'><strong>αὐτοὺς</strong></span> <span class='ocrx_word' id='word_1_918' title='bbox 2997 4887 3256 4959; x_wconf 79' lang='grc' dir='ltr'><strong>ἱστορίαις</strong></span> <span class='ocrx_word' id='word_1_919' title='bbox 3278 4887 3380 4942; x_wconf 76' lang='grc' dir='ltr'><strong>ἀπὸ</strong></span> <span class='ocrx_word' id='word_1_920' title='bbox 3402 4885 3493 4952; x_wconf 70' lang='grc' dir='ltr'><strong>τῆς</strong></span> <span class='ocrx_word' id='word_1_921' title='bbox 3535 4877 3648 4942; x_wconf 73' lang='grc' dir='ltr'><strong>Ἦξι·</strong></span> 
     </span>
    </p>
   </div>
   <div class='ocr_carea' id='block_1_111' title="bbox 2150 4969 3647 5049">
    <p class='ocr_par' dir='ltr' id='par_1_111' title="bbox 2150 4969 3647 5049">
     <span class='ocr_line' id='line_1_111' title="bbox 2150 4969 3647 5049; baseline -0.005 -17"><span class='ocrx_word' id='word_1_922' title='bbox 2150 4978 2268 5032; x_wconf 86' lang='grc' dir='ltr'><strong>κίου</strong></span> <span class='ocrx_word' id='word_1_923' title='bbox 2289 4979 2382 5032; x_wconf 74' lang='grc' dir='ltr'><strong>καὶ</strong></span> <span class='ocrx_word' id='word_1_924' title='bbox 2414 4979 2658 5049; x_wconf 85' lang='grc' dir='ltr'><strong>Ἰεχονίου</strong></span> <span class='ocrx_word' id='word_1_925' title='bbox 2688 4978 2978 5048; x_wconf 83' lang='grc' dir='ltr'><strong>βασιλείας,</strong></span> <span class='ocrx_word' id='word_1_926' title='bbox 3014 4979 3132 5032; x_wconf 80' lang='grc' dir='ltr'><strong>καθ’</strong></span> <span class='ocrx_word' id='word_1_927' title='bbox 3163 4977 3256 5042; x_wconf 79' lang='grc' dir='ltr'><strong>οὒς</strong></span> <span class='ocrx_word' id='word_1_928' title='bbox 3278 4979 3310 5048; x_wconf 79' lang='grc' dir='ltr'>ἡ</span> <span class='ocrx_word' id='word_1_929' title='bbox 3334 4978 3394 5029; x_wconf 81' lang='grc' dir='ltr'><strong>ὲκ</strong></span> <span class='ocrx_word' id='word_1_930' title='bbox 3418 4969 3557 5029; x_wconf 86' lang='grc' dir='ltr'><strong>Δαυίδ</strong></span> <span class='ocrx_word' id='word_1_931' title='bbox 3581 4983 3647 5018; x_wconf 71' lang='grc' dir='ltr'><strong>πεο</strong></span> 
     </span>
    </p>
   </div>
   <div class='ocr_carea' id='block_1_112' title="bbox 2153 5053 3646 5142">
    <p class='ocr_par' dir='ltr' id='par_1_112' title="bbox 2153 5053 3646 5142">
     <span class='ocr_line' id='line_1_112' title="bbox 2153 5053 3646 5142; baseline -0.007 -15"><span class='ocrx_word' id='word_1_932' title='bbox 2153 5072 2417 5142; x_wconf 83' lang='grc' dir='ltr'><strong>ριεγράφη</strong></span> <span class='ocrx_word' id='word_1_933' title='bbox 2442 5071 2549 5124; x_wconf 90' lang='grc' dir='ltr'><strong>τῶν</strong></span> <span class='ocrx_word' id='word_1_934' title='bbox 2582 5072 2845 5126; x_wconf 85' lang='grc' dir='ltr'><strong>Ἰουδαίων</strong></span> <span class='ocrx_word' id='word_1_935' title='bbox 2872 5071 3110 5140; x_wconf 83' lang='grc' dir='ltr'><strong>βασιλεία</strong></span> <span class='ocrx_word' id='word_1_936' title='bbox 3141 5073 3197 5124; x_wconf 80' lang='grc' dir='ltr'><strong>ὲν</strong></span> <span class='ocrx_word' id='word_1_937' title='bbox 3217 5069 3293 5139; x_wconf 86' lang='grc' dir='ltr'><strong>τῷ</strong></span> <span class='ocrx_word' id='word_1_938' title='bbox 3311 5070 3401 5137; x_wconf 83' lang='grc' dir='ltr'><strong>τῆς</strong></span> <span class='ocrx_word' id='word_1_939' title='bbox 3421 5068 3491 5127; x_wconf 88' lang='grc' dir='ltr'><strong>εἰς</strong></span> <span class='ocrx_word' id='word_1_940' title='bbox 3517 5053 3646 5112; x_wconf 75' lang='grc' dir='ltr'><strong>Βαὸυ·</strong></span> 
     </span>
    </p>
   </div>
   <div class='ocr_carea' id='block_1_113' title="bbox 2147 5149 3642 5234">
    <p class='ocr_par' dir='ltr' id='par_1_113' title="bbox 2147 5149 3642 5234">
     <span class='ocr_line' id='line_1_113' title="bbox 2147 5149 3642 5234; baseline 0.003 -17"><span class='ocrx_word' id='word_1_941' title='bbox 2147 5163 2290 5217; x_wconf 87' lang='grc' dir='ltr'><strong>λῶνα</strong></span> <span class='ocrx_word' id='word_1_942' title='bbox 2315 5163 2685 5234; x_wconf 86' lang='grc' dir='ltr'><strong>αἰχμαλωσίας</strong></span> <span class='ocrx_word' id='word_1_943' title='bbox 2711 5165 2907 5234; x_wconf 83' lang='grc' dir='ltr'><strong>καιρῷ,</strong></span> <span class='ocrx_word' id='word_1_944' title='bbox 2955 5161 3070 5234; x_wconf 80' lang='grc' dir='ltr'><strong>μεθ’</strong></span> <span class='ocrx_word' id='word_1_945' title='bbox 3102 5163 3159 5216; x_wconf 87' lang='grc' dir='ltr'><strong>δν</strong></span> <span class='ocrx_word' id='word_1_946' title='bbox 3207 5159 3441 5232; x_wconf 73' lang='grc' dir='ltr'><strong>οὐδαμῶς</strong></span> <span class='ocrx_word' id='word_1_947' title='bbox 3480 5149 3642 5224; x_wconf 72' lang='grc' dir='ltr'><strong>ῆρκθη·</strong></span> 
     </span>
    </p>
   </div>
   <div class='ocr_carea' id='block_1_114' title="bbox 2151 5245 3643 5326">
    <p class='ocr_par' dir='ltr' id='par_1_114' title="bbox 2151 5245 3643 5326">
     <span class='ocr_line' id='line_1_114' title="bbox 2151 5245 3643 5326; baseline -0.007 -19"><span class='ocrx_word' id='word_1_948' title='bbox 2151 5271 2248 5307; x_wconf 90' lang='grc' dir='ltr'><strong>σαν</strong></span> <span class='ocrx_word' id='word_1_949' title='bbox 2275 5253 2308 5324; x_wconf 80' lang='grc' dir='ltr'>ἢ</span> <span class='ocrx_word' id='word_1_950' title='bbox 2339 5253 2758 5326; x_wconf 76' lang='grc' dir='ltr'><strong>ἐϐασιλεύθησαν</strong></span> <span class='ocrx_word' id='word_1_951' title='bbox 2781 5253 2884 5307; x_wconf 83' lang='grc' dir='ltr'><strong>ὑπὸ</strong></span> <span class='ocrx_word' id='word_1_952' title='bbox 2907 5253 3016 5306; x_wconf 87' lang='grc' dir='ltr'><strong>τῶν</strong></span> <span class='ocrx_word' id='word_1_953' title='bbox 3039 5255 3104 5307; x_wconf 81' lang='grc' dir='ltr'><strong>ἐκ</strong></span> <span class='ocrx_word' id='word_1_954' title='bbox 3151 5253 3311 5306; x_wconf 78' lang='grc' dir='ltr'><strong>Δαυὶδ</strong></span> <span class='ocrx_word' id='word_1_955' title='bbox 3353 5245 3643 5326; x_wconf 50' lang='grc' dir='ltr'><strong>καταγόντων</strong></span> 
     </span>
    </p>
   </div>
   <div class='ocr_carea' id='block_1_115' title="bbox 2146 5325 3642 5416">
    <p class='ocr_par' dir='ltr' id='par_1_115' title="bbox 2146 5325 3642 5416">
     <span class='ocr_line' id='line_1_115' title="bbox 2146 5325 3642 5416; baseline -0.021 -3"><span class='ocrx_word' id='word_1_956' title='bbox 2146 5346 2206 5399; x_wconf 82' lang='grc' dir='ltr'><strong>τδ</strong></span> <span class='ocrx_word' id='word_1_957' title='bbox 2234 5346 2391 5416; x_wconf 83' lang='grc' dir='ltr'><strong>γένος</strong></span> <span class='ocrx_word' id='word_1_958' title='bbox 2415 5348 2492 5410; x_wconf 78' lang='grc' dir='ltr'><strong>εἰς</strong></span> <span class='ocrx_word' id='word_1_959' title='bbox 2515 5345 2616 5408; x_wconf 65' lang='grc' dir='ltr'><strong>ἔτι,</strong></span> <span class='ocrx_word' id='word_1_960' title='bbox 2648 5325 2728 5400; x_wconf 77' lang='grc' dir='ltr'><strong>ὅτι</strong></span> <span class='ocrx_word' id='word_1_961' title='bbox 2757 5344 3020 5416; x_wconf 81' lang='grc' dir='ltr'><strong>μηδαμῶς</strong></span> <span class='ocrx_word' id='word_1_962' title='bbox 3039 5345 3261 5416; x_wconf 72' lang='grc' dir='ltr'><strong>ἁρμόζει</strong></span> <span class='ocrx_word' id='word_1_963' title='bbox 3287 5343 3397 5413; x_wconf 69' lang='grc' dir='ltr'><strong>ἦτοι</strong></span> <span class='ocrx_word' id='word_1_964' title='bbox 3423 5337 3493 5407; x_wconf 83' lang='grc' dir='ltr'><strong>τῷ</strong></span> <span class='ocrx_word' id='word_1_965' title='bbox 3518 5325 3642 5386; x_wconf 57' lang='lat' dir='ltr'><strong>Attuli</strong></span> 
     </span>
    </p>
   </div>
   <div class='ocr_carea' id='block_1_116' title="bbox 549 5501 3636 5590">
    <p class='ocr_par' dir='ltr' id='par_1_116' title="bbox 549 5501 3636 5590">
     <span class='ocr_line' id='line_1_116' title="bbox 549 5501 3636 5590; baseline -0.001 -18"><span class='ocrx_word' id='word_1_966' title='bbox 549 5520 593 5551; x_wconf 90' lang='lat'>&quot;</span> <span class='ocrx_word' id='word_1_967' title='bbox 637 5520 675 5574; x_wconf 93' lang='lat' dir='ltr'><strong>Il</strong></span> <span class='ocrx_word' id='word_1_968' title='bbox 722 5519 851 5590; x_wconf 80' lang='lat' dir='ltr'><strong>Reg.</strong></span> <span class='ocrx_word' id='word_1_969' title='bbox 891 5536 996 5584; x_wconf 83' lang='lat' dir='ltr'><strong>vn,</strong></span> <span class='ocrx_word' id='word_1_970' title='bbox 1060 5519 1243 5576; x_wconf 77' lang='grc'><strong>12-16.</strong></span> <span class='ocrx_word' id='word_1_971' title='bbox 1319 5520 1364 5552; x_wconf 77' lang='grc'>’⁸</span> <span class='ocrx_word' id='word_1_972' title='bbox 1402 5517 1544 5574; x_wconf 87' lang='lat' dir='ltr'><strong>Psal.</strong></span> <span class='ocrx_word' id='word_1_973' title='bbox 1589 5536 1860 5588; x_wconf 77' lang='lat' dir='ltr'><strong>umei,</strong></span> <span class='ocrx_word' id='word_1_974' title='bbox 1917 5521 2007 5589; x_wconf 70' lang='lat' dir='ltr'><strong>i7,</strong></span> <span class='ocrx_word' id='word_1_975' title='bbox 2045 5522 2138 5578; x_wconf 75' lang='lat'><strong>28.</strong></span> <span class='ocrx_word' id='word_1_976' title='bbox 2211 5522 2256 5553; x_wconf 76' lang='grc' dir='ltr'><strong>τ’</strong></span> <span class='ocrx_word' id='word_1_977' title='bbox 2295 5518 2438 5576; x_wconf 88' lang='lat' dir='ltr'><strong>Psal.</strong></span> <span class='ocrx_word' id='word_1_978' title='bbox 2481 5535 2545 5584; x_wconf 84' lang='lat' dir='ltr'><strong>L,</strong></span> <span class='ocrx_word' id='word_1_979' title='bbox 2581 5520 2630 5575; x_wconf 87' lang='grc'><strong>6.</strong></span> <span class='ocrx_word' id='word_1_980' title='bbox 2707 5521 2756 5551; x_wconf 78' lang='grc'><strong>⁸⁸</strong></span> <span class='ocrx_word' id='word_1_981' title='bbox 2795 5519 2932 5575; x_wconf 87' lang='lat' dir='ltr'><strong>Psal.</strong></span> <span class='ocrx_word' id='word_1_982' title='bbox 3001 5532 3278 5584; x_wconf 76' lang='lat' dir='ltr'><strong>Lxxxvm,</strong></span> <span class='ocrx_word' id='word_1_983' title='bbox 3340 5515 3390 5570; x_wconf 80' lang='grc'><strong>5.</strong></span> <span class='ocrx_word' id='word_1_984' title='bbox 3459 5511 3496 5542; x_wconf 88' lang='grc'><strong>⁸¹</strong></span> <span class='ocrx_word' id='word_1_985' title='bbox 3533 5501 3636 5560; x_wconf 67' lang='lat' dir='ltr'><strong>ibid-</strong></span> 
     </span>
    </p>
   </div>
   <div class='ocr_carea' id='block_1_117' title="bbox 481 5587 1584 5652">
    <p class='ocr_par' dir='ltr' id='par_1_117' title="bbox 481 5587 1584 5652">
     <span class='ocr_line' id='line_1_117' title="bbox 481 5587 1584 5652; baseline 0.004 -10"><span class='ocrx_word' id='word_1_986' title='bbox 481 5587 571 5644; x_wconf 70' lang='lat'><strong>56.</strong></span> <span class='ocrx_word' id='word_1_987' title='bbox 647 5592 691 5624; x_wconf 83' lang='lat'><strong>&quot;</strong></span> <span class='ocrx_word' id='word_1_988' title='bbox 732 5587 863 5646; x_wconf 75' lang='lat' dir='ltr'><strong>ibid.</strong></span> <span class='ocrx_word' id='word_1_989' title='bbox 900 5593 992 5648; x_wconf 75' lang='lat'><strong>30.</strong></span> <span class='ocrx_word' id='word_1_990' title='bbox 1070 5591 1115 5622; x_wconf 86' lang='grc'><strong>⁸³</strong></span> <span class='ocrx_word' id='word_1_991' title='bbox 1141 5590 1462 5652; x_wconf 62' lang='lat' dir='ltr'><strong>lentum.</strong></span> <span class='ocrx_word' id='word_1_992' title='bbox 1501 5590 1584 5646; x_wconf 81' lang='lat' dir='ltr'><strong>l7.</strong></span> 
     </span>
    </p>
   </div>
   <div class='ocr_carea' id='block_1_118' title="bbox 3829 475 3834 510">
    <p class='ocr_par' dir='ltr' id='par_1_118' title="bbox 3829 475 3834 510">
     <span class='ocr_line' id='line_1_118' title="bbox 3829 475 3834 510; baseline 0 0"><span class='ocrx_word' id='word_1_993' title='bbox 3829 475 3834 510; x_wconf 84' lang='grc' dir='ltr'><strong>Ι</strong></span> 
     </span>
    </p>
   </div>
   <div class='ocr_carea' id='block_1_119' title="bbox 3829 533 3844 952">
    <p class='ocr_par' dir='ltr' id='par_1_119' title="bbox 3831 703 3844 952">
     <span class='ocr_line' id='line_1_119' title="bbox 3831 703 3844 952; baseline 0 -202"><span class='ocrx_word' id='word_1_994' title='bbox 3831 779 3844 952; x_wconf 39' lang='grc' dir='ltr'><strong><em>ἶ</em></strong></span> 
     </span>
    </p>
   </div>
  </div>
