3952 6198
310 202 440 258 1081

1324 196 1618 256 ΕΟΙῺΕΕ
1655 194 2131 253 ΡΒΟΡΗΕΤΙΟΕ.
2172 228 2242 239 -—
2278 196 2407 252 LIB.
2447 195 2489 251 1.

3407 195 3543 249 105ῐὲ

303 322 339 394 ἢ
367 320 460 383 uti
493 317 573 389 τῷ
612 317 880 389 ὣλομῶνι
919 316 985 371 τὰ
1013 316 1332 386 λελεγμένα,
1362 317 1436 381 ὡς
1454 316 1512 383 ἐξ
1551 316 1792 386 ἀνάγκης
1836 343 1838 358 ι

1943 329 2085 382 .quo
2116 313 2203 367 hic
2244 314 2449 367 mentio
2486 312 2739 376 habetur,
2792 310 2859 365 ad
2921 309 3197 367 Christum
3237 312 3538 367 secundum

305 412 380 484 μὴ
433 412 587 483 θέμις
628 410 797 480 ψευδῆ
834 408 1201 480 διελέγχεσθαι
1244 407 1559 478 συμϐαίνειν
1604 406 1703 475 τὴν
1746 404 1864 476 μεθ’

299 505 476 578 ὅρκων
504 502 596 557 τοῦ
632 502 766 556 Θεοῦ
792 503 1124 576 πρόρρησιν
1163 502 1217 553 εί
1248 517 1311 569 γε
1357 500 1464 571 μὴν
1503 496 1866 569 ἀναφέρωμεν

298 595 359 649 τὸ
406 595 694 667 λεγόμενον
733 593 827 647 τοῦ
862 594 1025 647 Δαυὶδ
1062 594 1277 663 σπέρμα
1312 592 1404 644 ἐπὶ
1451 590 1542 643 τὸν
1602 589 1659 656 ἐξ
1702 587 1863 642 αὐτοῦ

300 688 438 742 κατά
468 688 644 759 σάρκα
674 686 962 757 γενόμενον
999 684 1250 757 Χριστὸν,
1300 684 1465 754 σαφὲς
1495 684 1610 747 πῶς
1636 686 1716 748 είς
1773 681 1864 736 τὸν

297 780 467 834 αἰῶνα
490 778 647 832 τοῦτο
676 778 736 832 τὸ
769 777 1009 851 σπέρμα,
1034 777 1175 831 τοῦτ’
1217 776 1360 829 ἔστιν
1387 777 1415 828 6
1448 774 1677 847 Χριστὸς
1696 818 1709 839 ,
1748 772 1864 827 δια-

296 876 469 945 μενεῖ,
508 874 600 926 καὶ
623 871 738 935 πῶς
773 874 801 925 6
822 871 1009 943 θρόνος
1031 869 1194 925 αὑτοῦ
1218 870 1309 923 καὶ
1338 872 1369 941 ή
1400 868 1739 941 πνευματικὴ
1768 867 1864 938 βα-

295 965 466 1019 σιλεία
493 965 595 1028 ἕως
614 964 805 1026 αἰῶνος
825 961 1052 1017 ἐνώπιον
1076 962 1306 1033 ὑπάρχει
1330 960 1424 1013 τοῦ
1454 958 1686 1032 Πατρὸς,
1712 960 1862 1031 ἀνορ-

292 1057 548 1129 θούμενος
579 1054 850 1110 ὑπἀὐτοῦ
883 1056 977 1109 καὶ
1022 1052 1534 1124 ἀνοικοδομούμενος
1583 1051 1721 1105 κατὰ
1765 1068 1858 1120 γε-

290 1147 417 1202 νεὰν
441 1150 532 1202 καὶ
554 1147 745 1216 γενεὰν
781 1149 838 1199 ἐν
865 1150 983 1209 ταῖς
1028 1145 1136 1199 τῶν
1188 1144 1548 1197 πιστευόντων
1583 1143 1667 1195 ἐπ’
1697 1142 1857 1196 αὑτὸν

289 1245 507 1315 ψυχαῖς.
533 1244 733 1296 Τούτου
765 1240 819 1292 δὲ
842 1240 931 1293 τοῦ
962 1238 1353 1308 ἀποδεδομένον
1380 1239 1509 1309 ἡμῖν
1546 1237 1857 1308 σπέρματος

287 1337 452 1393 Δαυὶδ
471 1337 714 1407 διαμενεῖ
751 1336 778 1387 6
807 1333 1010 1405 θρόνος,
1046 1331 1121 1394 ὡς
1152 1333 1180 1384 6
1204 1331 1303 1401 τῆς
1341 1328 1684 1399 δικαιοσύνης
1708 1328 1856 1399 ἥλιος

287 1431 526 1484 ἐναντίον
549 1428 642 1484 τοῦ
676 1427 906 1498 Πατρὸς,
939 1426 1030 1479 καὶ
1050 1423 1124 1487 ὼς
1146 1425 1200 1476 αἳ
1228 1426 1432 1493 ἡμέραι
1466 1422 1556 1475 τοῦ
1588 1421 1815 1494 ούρανοῦ
1841 1439 1853 1451 ·

283 1522 365 1575 διὸ
387 1522 521 1593 πρὸς
558 1521 719 1575 αὑτὸν
745 1519 849 1572 ὑπὸ
876 1519 968 1572 τοῦ
1015 1518 1171 1585 ἁγίου
1205 1516 1522 1588 Πνεύματος
1574 1518 1630 1569 έν
1680 1516 1850 1587 ἑτέρῳ

281 1614 480 1686 ψαλμῷ
500 1614 772 1669 λέλεκται·
804 1632 820 1663 ι
846 1613 902 1665 '0
923 1611 1110 1685 θρόνος
1128 1628 1239 1675 σου,
1259 1613 1286 1664 6
1309 1610 1460 1673 Θεὸς,
1480 1611 1557 1673 εἰς
1575 1609 1664 1662 τὸν
1681 1609 1849 1663 αίῶνα

279 1704 376 1758 τοῦ
423 1703 615 1769 αἰῶνος
640 1746 654 1770 ,
684 1703 875 1774 ρἀδος
905 1702 1195 1773 εὐθύτητος
1250 1704 1283 1773 ἡ
1342 1700 1535 1773 ῥάϐδος
1564 1700 1661 1771 τῆς
1701 1700 1851 1771 βασι-

278 1798 428 1861 λείας
483 1815 597 1851 σου.
664 1797 985 1865 Ἠγάπησας
1044 1794 1385 1865 δικαιοσύνην
1432 1793 1525 1847 καὶ
1582 1794 1848 1865 ἐμίσησας

275 1889 529 1960 ἀνομίαν,
547 1889 633 1944 διὰ
654 1888 810 1941 τοῦτο
833 1886 1017 1961 ἔχρισέ
1053 1904 1109 1940 σε
1131 1889 1158 1940 ὁ
1179 1887 1308 1950 Θεὸς
1328 1889 1356 1941 6
1387 1886 1518 1949 Θεὸς
1542 1903 1632 1939 σου
1673 1886 1847 1939 ἔλαιον

276 1981 650 2050 ἀγαλλιάσεως
694 1979 845 2052 παρά
905 1982 1029 2044 τοὺς
1085 1980 1341 2051 μετόχους
1383 1997 1494 2034 σου.
1558 2000 1575 2031 ι
1622 1980 1678 2033 '0
1715 1981 1847 2051 Χρι·

273 2070 401 2133 στὸς
428 2071 483 2124 δὲ
506 2073 598 2126 καὶ
630 2070 776 2125 οίκον
804 2072 901 2141 τὴν
942 2070 1263 2141 Ἐκκλησίαν
1292 2070 1609 2140 οίκοδόμησε
1630 2071 1707 2143 τῷ
1732 2073 1845 2124 Πα-

268 2159 365 2230 τρὶ
390 2161 452 2212 ἐκ
478 2158 636 2212 λίθων
660 2159 874 2225 ζώντων
907 2161 999 2214 καὶ
1019 2164 1238 2232 νοερῶν,
1266 2162 1435 2230 ἁγίων
1459 2162 1553 2215 καὶ
1574 2162 1845 2233 ὲναρέτων

267 2251 482 2321 ψυχῶν,
515 2253 639 2307 ναὸν
673 2256 890 2327 ἐγείρας
919 2256 1053 2311 πολὺ
1086 2257 1369 2329 κρείττονα
1403 2258 1497 2310 καὶ
1522 2255 1845 2325 διαφέροντα

268 2344 370 2413 τῆς
393 2345 497 2397 ὑπὸ
524 2346 830 2417 Σολομῶνος
860 2350 1193 2422 προσκαίρου
1217 2352 1310 2403 καὶ
1342 2348 1533 2419 μηκέθ’
1570 2345 1843 2420 ὑπαρχού-

272 2438 692 2509 σηςοίκοδομῆς.
719 2440 903 2512 Τούτῳ
936 2443 993 2496 δὲ
1034 2445 1125 2496 καὶ
1150 2443 1178 2495 6
1219 2442 1537 2506 Ἀπόστολος
1579 2442 1843 2513 μαρτυρεῖ

270 2531 566 2602 προσήκειν
600 2532 715 2603 τὴν,
750 2553 768 2585 ι
812 2536 952 2604 Ἐγὼ
983 2536 1175 2607 ἔσομαι
1210 2535 1356 2605 αὐτῷ
1386 2539 1463 2599 εἰς
1500 2535 1709 2606 πατέρα
1748 2538 1841 2589 καὶ

268 2622 429 2685 αὐτὸς
459 2622 608 2677 ἔσται
638 2642 726 2695 μοι
747 2627 827 2689 είς
852 2628 984 2692 υἱὸν,
1013 2647 1031 2679 ι
1061 2628 1262 2699 φωνὴν,
1289 2627 1535 2680 ἐντεῦθεν
1562 2626 1729 2697 αὐτὴν
1760 2629 1839 2680 εί-

266 2711 450 2785 ληφὼς
477 2716 533 2767 ἐν
557 2719 620 2787 τῇ
664 2717 798 2788 πρὸς
838 2718 1115 2788 Ἑϐραίους
1151 2719 1418 2786 συντάξει,
1464 2718 1591 2774 ἔνθα
1635 2720 1795 2790 φησίν
1820 2734 1834 2750 ⁸

271 2825 293 2858 ι
334 2806 449 2860 Τίνι
484 2808 592 2880 γὰρ
626 2806 774 2864 εἶπέν
823 2828 951 2864 ποτε
992 2811 1100 2865 τῶν
1145 2813 1424 2882 ἀγγέλων,
1460 2813 1589 2877 Υἱός
1637 2832 1736 2886 μου
1787 2810 1840 2867 εἴ

266 2901 355 2962 σὺ,
391 2899 500 2968 ἐγὼ
528 2904 764 2973 σήμερον
792 2903 1094 2976 γεγέννηκά
1121 2922 1179 2957 σε
1204 2923 1217 2935 θ
1262 2925 1279 2957 ι
1312 2907 1405 2959 καὶ
1428 2906 1607 2971 πάλιν,
1640 2926 1658 2958 ι
1695 2905 1834 2976 Ἐγὼ

1972 420 2192 461 carnem
2248 422 2315 461 ex
2363 421 2430 462 eo
2480 414 2667 460 natum
2738 403 3111 467 attribuimus,
3152 412 3335 474 aperte
3392 413 3539 475 patet

1972 500 2247 571 quomodo
2281 483 2354 557 ἰιῖ
2390 503 2590 559 saecula
2623 516 2807 556 semen
2851 499 3008 566 illud,
3045 500 3099 555 id
3133 509 3215 555 est
3260 499 3535 567 Christus,

1972 601 2309 663 permaneat,
2365 603 2420 650 et
2474 595 2746 665 quomodo
2780 595 3015 649 thronus
3052 593 3172 663 ejus
3199 608 3262 647 ac
3294 594 3537 663 spiritale

1971 700 2197 757 regnum
2231 698 2335 742 stet
2366 702 2542 757 usque
2573 688 2625 741 in
2655 695 2923 741 mlernum
2959 693 3085 740 ante
3118 685 3310 741 faciem
3334 682 3533 752 Patris,

1964 778 2035 833 ab
2081 794 2146 834 eo
2196 777 2466 833 firmatum
2526 778 2964 849 azdificatumque
3012 780 3067 833 in
3131 778 3533 849 generationem

1965 878 2018 924 et
2044 871 2451 941 generationem
2490 872 2543 925 in
2590 888 2776 927 eorum
2830 874 3029 928 animis
3068 874 3161 943 qui
3212 874 3440 927 credunt
3477 872 3531 925 iu

1961 978 2107 1017 eum.
2153 962 2290 1018 Dato
2346 964 2491 1019 enim
2528 964 2687 1021 nobis
2722 964 2824 1020 hoc
2862 965 3083 1021 Davidis
3132 966 3358 1027 semine,
3408 982 3533 1037 per-

1962 1062 2143 1108 manet
2179 1054 2432 1118 thronus,
2468 1062 2527 1108 ut
2550 1055 2787 1125 justitia:
2832 1058 2917 1113 sol
2955 1067 3079 1112 ante
3114 1056 3303 1112 faciem
3327 1057 3527 1123 Patris,

1960 1152 2013 1199 et
2049 1152 2107 1199 ut
2154 1146 2274 1201 cmli
2326 1147 2464 1201 dies.
2518 1126 2643 1201 Ideo
2703 1147 2771 1201 ad
2810 1163 2934 1203 eum
2984 1164 3013 1202 a
3076 1157 3268 1203 sancto
3321 1148 3529 1220 Spiritu

1958 1237 2010 1290 in
2041 1238 2147 1291 alio
2189 1239 2398 1308 psalmo
2433 1239 2639 1292 dictum
2683 1248 2803 1295 est:
2862 1238 3072 1296 «Sedes
3114 1248 3230 1303 tua,
3276 1240 3439 1306 Deus,
3472 1243 3529 1298 in

1964 1330 2221 1384 saeculum
2252 1331 2433 1385 saaculi
2461 1349 2472 1385 :
2502 1332 2654 1400 virga
2687 1332 3032 1397 directionis,
3067 1334 3216 1404 virga
3245 1336 3393 1405 regni
3426 1337 3524 1393 tui.

1958 1420 2203 1477 Dilexisti
2223 1420 2518 1490 justitiam,
2548 1432 2601 1476 et
2635 1422 2798 1477 odisti
2827 1424 3198 1494 iniquitatem:
3242 1436 3527 1496 propterea

1956 1516 2111 1568 unxit
2156 1522 2209 1569 te
2249 1514 2417 1582 Detts,
2468 1514 2612 1571 Deus
2654 1524 2804 1582 tuus,
2851 1518 2972 1572 oleo
3012 1518 3211 1573 laetitia:
3252 1535 3363 1589 pra:
3394 1534 3527 1575 con-

1960 1608 2202 1661 sortibus
2234 1609 2342 1663 tuis
2361 1608 2461 1661 “.i
2514 1606 2769 1664 Christus
2816 1624 2942 1664 vero
2973 1610 3192 1664 domum
3221 1610 3520 1668 Eeclesiam

1954 1699 2241 1754 aediﬁcavit
2266 1698 2416 1754 Patri
2465 1701 2739 1770 lapidibus
2794 1703 3106 1759 viventibus
3164 1705 3525 1775 spiritalibus.

1951 1807 2078 1862 que,
2113 1793 2321 1849 sanctis
2351 1792 2676 1864 eximiisque
2707 1796 2928 1861 animis,
2976 1805 3161 1851 erecto
3209 1798 3381 1850 multo
3424 1813 3522 1867 po-

1951 1885 2468 1956 tiore,multumque
2500 1901 2531 1940 a
2563 1887 2772 1942 caduco
2794 1904 3050 1959 nuncque
3085 1889 3303 1959 penitus
3330 1905 3522 1957 everso

1951 1975 2258 2033 Salomonis
2302 1980 2556 2035 dissimili
2587 1981 2808 2051 templo.
2850 1982 2929 2037 Ad
2964 1998 3123 2052 quem
3157 1999 3219 2037 ea
3272 1991 3521 2053 spectare

1948 2072 2150 2125 verba:
2209 2087 2227 2120 ι
2252 2069 2364 2141 Ego
2406 2087 2500 2126 ero
2531 2071 2606 2124 illi
2649 2072 2702 2125 in
2744 2084 2977 2140 patrem,
3010 2083 3063 2128 et
3104 2075 3219 2143 ipse
3245 2075 3350 2128 erit
3380 2074 3517 2128 mihi

1947 2163 2001 2217 in
2040 2164 2228 2227 lilium,
2260 2183 2277 2217 ι
2326 2172 2558 2219 testatur
2606 2174 2661 2219 et
2715 2164 3013 2236 Apostolus
3054 2168 3108 2221 in
3157 2184 3256 2222 sua
3301 2167 3367 2222 ad
3414 2167 3519 2223 He-

1947 2258 2123 2312 braeos
2157 2258 2571 2313 admonitione:
2624 2276 2641 2309 ι
2673 2258 2775 2314 Cui
2826 2262 2972 2315 enim
3023 2261 3162 2315 dixit
3214 2261 3508 2331 aliquando

1944 2351 2292 2420 angelorum:
2318 2350 2489 2406 Filius
2520 2368 2673 2407 meus
2694 2370 2753 2408 es
2775 2364 2853 2419 tu,
2881 2370 2981 2424 ego
3009 2352 3170 2409 hodie
3197 2355 3354 2424 genui
3378 2362 3453 2411 te.
3488 2372 3511 2408 ι

1947 2441 2009 2494 Et
2043 2456 2300 2496 rursum:
2372 2460 2389 2492 ι
2424 2441 2537 2512 Ego
2568 2458 2664 2497 ero
2692 2444 2765 2497 illi
2818 2445 2873 2498 in
2921 2452 3153 2514 patrem,
3185 2452 3238 2500 et
3266 2446 3381 2516 ipse
3410 2445 3517 2500 erit

1943 2531 2074 2584 mihi
2110 2533 2163 2585 in
2216 2531 2515 2586 filium”?i
2574 2533 2705 2600 Qua:
2760 2542 2941 2589 autem
2974 2535 3214 2590 abillis:
3267 2536 3416 2602 «Qui
3466 2537 3515 2592 si

1944 2619 2129 2690 inique
2183 2623 2388 2692 aliquid
2438 2624 2690 2693 gesserit,
2725 2640 2952 2695 arguam
2992 2641 3117 2678 eum
3153 2627 3207 2679 in
3246 2626 3396 2696 virga
3431 2626 3515 2680 vi-

1940 2726 2126 2765 rorum
2157 2731 2176 2764 ι
2210 2712 2276 2766 de
2300 2715 2499 2783 populo
2526 2715 2579 2768 in
2602 2714 2878 2770 Christum
2904 2717 3161 2771 credente
3182 2718 3329 2771 dicta
3351 2728 3512 2788 sunt;

1939 2820 2138 2875 corpus
2172 2806 2313 2860 enim
2340 2806 2544 2861 Christi
2569 2806 2812 2862 Ecclesia
2854 2819 2937 2863 est
2958 2809 3026 2874 ⁸³,
3050 2810 3349 2865 secundum
3375 2810 3513 2880 Apo-

1938 2898 2157 2953 stolum.
2199 2897 2355 2965 Quod
2380 2908 2559 2954 autem
2582 2900 2650 2956 ad
2679 2900 2964 2955 credentes
2996 2902 3047 2955 in
3074 2917 3196 2956 eum
3228 2918 3291 2956 ea
3323 2903 3508 2967 verba,

265 2992 457 3063 ἔσομαι
499 2995 646 3064 αὐτῷ
678 2998 757 3059 εἰς
812 2996 1041 3069 πατέρα,
1084 2999 1176 3052 καὶ
1212 3000 1370 3062 αὐτὸς
1418 2999 1570 3052 ἕσται
1630 3018 1719 3070 μοι
1753 3003 1832 3064 είς

1943 2993 2007 3047 de
2058 2994 2257 3063 quibus
2312 2994 2733 3064 investigamus,
2795 3003 3071 3064 spectant,
3137 2994 3511 3049 animadverte

263 3085 396 3138 ui6v.
442 3104 458 3135 ι
498 3085 579 3139 Τὰ
608 3087 650 3139 δ’
691 3088 798 3139 ἀπὸ
829 3088 944 3152 τοῦ,
985 3108 1003 3139 ι
1042 3091 1133 3142 καὶ
1165 3089 1230 3143 ἂν
1263 3089 1391 3165 ἔλθῃ
1423 3090 1602 3145 ἀδικία
1643 3091 1829 3156 αὑτοῦ,

265 3180 360 3232 καὶ
392 3177 593 3248 ἐλέγξω
622 3180 783 3233 αὐτὸν
823 3184 880 3235 ὲν
904 3182 1083 3253 ῥάϐδῳ
1137 3182 1364 3254 ἀνδρῶν,
1403 3204 1421 3236 ι
1456 3184 1584 3255 περὶ
1630 3185 1722 3238 τοῦ
1757 3187 1837 3249 είς

263 3271 496 3342 Χριστὸν
528 3272 912 3338 πιστεύσαντος
936 3274 1065 3329 λαοῦ
1099 3276 1342 3347 εἴρηται·
1377 3277 1499 3329 ἐπεὶ
1539 3278 1634 3331 καὶ
1679 3278 1837 3348 σῶμα

261 3362 498 3433 Χριστοῦ
559 3364 919 3437 ήἝκκλησία
972 3367 1134 3421 αὐτοῦ
1179 3368 1525 3438 χρηματίζει,
1561 3370 1698 3424 κατά
1745 3370 1837 3425 τὸν

259 3452 599 3508 ’Δπόστολον.
636 3458 757 3510 Ὅτι
788 3457 844 3511 δὲ
876 3457 1132 3529 περὶτῶν
1164 3460 1604 3515 πεπιστευκότων
1627 3463 1706 3525 είς
1736 3463 1833 3515 αύ-

257 3548 350 3599 τὸν
388 3547 456 3600 τὰ
482 3549 580 3619 τῆς
621 3550 923 3620 ἐπισκοπῆς
968 3552 1200 3622 εἴρηται,
1234 3552 1524 3625 ἐπίστησον
1559 3555 1831 3626 ἐπιμελῶς

256 3637 567 3711 λελεγμένῳ
608 3639 986 3710 πληθυντικῶς
1016 3641 1111 3712 τῷ,
1150 3661 1167 3693 ι
1193 3644 1266 3696 Τὸ
1294 3644 1350 3698 δὲ
1401 3644 1549 3709 ἔλεός
1580 3664 1682 3717 μου
1728 3647 1831 3700 οὐκ

256 3730 549 3802 ἀποστήσω
579 3734 673 3785 ἀπ’
701 3734 907 3787 αὐτῶν·
941 3755 959 3786 ι
1000 3734 1183 3803 σαφῶς
1216 3736 1307 3789 καὶ
1339 3739 1395 3790 ὲν
1428 3737 1503 3808 τῷ
1533 3737 1731 3809 ψαλμῷ
1763 3739 1832 3791 τὰ

257 3823 611 3894 παραπλήσια
636 3828 747 3888 τοὶς
765 3826 826 3897 (ί.
848 3826 935 3896 16)
954 3827 1136 3882 ἐνθάδε
1164 3830 1292 3901 περὶ
1318 3830 1424 3884 τῶν
1448 3830 1576 3883 υἱῶν
1616 3831 1828 3903 εἴρηται

253 3913 349 3967 τοῦ
380 3915 874 3986 προφητεύομένου,
895 3918 950 3969 ἐν
966 3916 1043 3987 τῷ
1069 3936 1085 3968 ι
1112 3920 1219 3971 Καὶ
1247 3918 1341 3971 ἐὰν
1365 3920 1828 3988 ὲγκαταλείπωσιν

251 4009 301 4061 οἱ
328 4008 434 4061 υἱοὶ
460 4009 621 4062 αὐτοῦ
655 4009 744 4063 τὸν
770 4011 931 4081 νόμον
955 4029 1076 4082 μου,
1107 4014 1200 4066 καὶ
1226 4015 1336 4076 τοῖς
1359 4014 1587 4084 κρίμασί
1617 4032 1716 4085 μου
1752 4014 1827 4087 μὴ

252 4101 608 4172 πορευθῶσιν,
636 4102 730 4157 ἐὰν
754 4104 821 4158 τὰ
840 4104 1184 4176 δικαιώματά
1220 4124 1319 4178 μου
1346 4106 1714 4178 βεϐηλώσωσι,
1734 4110 1826 4162 καὶ

248 4193 350 4256 τάς
368 4194 585 4259 ἐντολάς
607 4213 707 4267 μου
737 4197 810 4269 μὴ
831 4198 1155 4267 φυλάξωσιν,
1178 4201 1541 4272 ἐπισκέψομαι
1563 4204 1621 4254 ἐν
1648 4202 1826 4273 ράδδῳ

247 4282 349 4347 τὰς
392 4284 617 4355 ἀνομίας
652 4286 847 4351 αὐτῶν,
882 4290 975 4341 καὶ
1014 4292 1071 4343 ἐν
1115 4290 1331 4360 μάστιξι
1364 4290 1460 4355 τὰς
1486 4291 1697 4356 ἀδικίας
1724 4294 1821 4348 αύ-

248 4374 357 4428 τῶν
376 4393 388 4405 ·
418 4377 480 4427 τὸ
511 4376 565 4429 δὲ
591 4376 738 4441 ἔλεός
773 4396 873 4449 μου
895 4380 953 4432 ού
1000 4380 1074 4452 μὴ
1102 4381 1436 4435 διασκεδάσω
1462 4384 1557 4436 ἀπ’
1584 4385 1813 4438 αὐτῶν.»
1852 4359 1896 4414 D

248 4466 390 4537 Ὅρα
428 4467 484 4520 δὲ
511 4468 627 4533 πῶς
657 4470 883 4540 ράὅδους
919 4471 1124 4543 ἀνδρῶν
1155 4474 1248 4527 καὶ
1282 4474 1423 4543 ἁφὰς
1452 4475 1580 4529 υίῶν
1608 4476 1819 4549 ἀνθρώ-

247 4575 366 4611 πων
399 4558 522 4622 τοῦς
566 4560 707 4613 κατὰ
756 4560 942 4632 καιρὸν
964 4562 1240 4633 ὠνόμασεν
1268 4567 1296 4617 6
1330 4563 1485 4633 λόγος
1517 4566 1815 4638 διωγμούς·

246 4648 385 4721 πλὴν
413 4650 600 4704 πολλαὶ
627 4652 720 4705 τοῦ
748 4653 880 4706 Θεοῦ
906 4655 962 4706 αἱ
985 4655 1374 4728 παρακλήσεις,
1402 4661 1493 4712 καὶ
1525 4661 1578 4713 αί
1604 4659 1692 4714 διὰ
1712 4661 1819 4713 τῶν

245 4740 285 4791 Γ
292 4740 477 4808 ραφῶν
507 4744 872 4814 παραμυθίαι,
902 4745 974 4816 μὴ
998 4746 1241 4819 ἀπαυδᾷν
1266 4751 1398 4819 ἡμῖν
1426 4750 1817 4821 ἐπιτρέπουσαι

244 4834 338 4885 ἐπὶ
356 4836 466 4897 τοῖς
500 4835 620 4888 καθ’
648 4836 801 4907 ἡμῶν
831 4839 1241 4911 ὲνεργουμένοις
1266 4843 1406 4896 κατὰ
1447 4847 1667 4917 καιροὺς
1691 4846 1816 4900 διω-

241 4928 401 4996 γμοῖς
419 4943 431 4956 ·
462 4927 535 4991 ὡς
563 4927 671 4998 γὰρ
700 4931 1086 5001 ἐπισκέψεσθαι
1111 4933 1198 4987 διὰ
1230 4935 1423 5007 ῥάϐδου
1452 4937 1543 4991 τὸν
1570 4938 1662 4992 τοῦ
1688 4941 1730 4992 Χ
1741 4958 1815 5012 ριο

242 5017 370 5072 στοῦ
416 5023 644 5091 προεῖπε
670 5021 795 5076 λαὸν
823 5024 1156 5096 ἁμαρτόντα,
1185 5028 1326 5082 οὕτω
1357 5031 1449 5083 καὶ
1477 5031 1537 5084 τὸ
1570 5032 1642 5102 μὴ
1672 5034 1810 5086 ἀπο·

241 5116 460 5185 στήσειν
481 5116 644 5171 αὐτοῦ
668 5117 728 5172 τὸ
756 5118 903 5184 ἔλεος
935 5124 1347 5194 προῦπέσχηται
1380 5126 1567 5191 εἰπὼν,
1601 5146 1619 5178 ‹
1659 5129 1729 5181 Τὸ
1753 5129 1810 5183 δὲ

237 5209 386 5273 ἔλεός
433 5227 532 5281 μου
571 5212 630 5264 ού
674 5212 747 5283 μὴ
776 5212 1066 5284 ἀποστήσω
1104 5217 1196 5268 ἀπ’
1242 5218 1441 5282 αὐτῶν,
1482 5219 1662 5284 καθὼς
1704 5224 1809 5275 ἀπ-

1940 3085 2130 3141 sedulo
2181 3088 2385 3142 dictum
2447 3103 2569 3142 esse
2617 3088 2942 3158 pluraliter:
3031 3107 3047 3138 ι
3080 3086 3507 3143 Miscricordiam

1941 3186 2123 3232 autem
2155 3193 2332 3232 meam
2380 3194 2489 3232 non
2547 3178 2794 3232 auferam
2828 3180 2895 3232 ab
2927 3180 3048 3234 iis.»
3106 3178 3391 3234 Manifeste
3449 3185 3505 3234 et

1938 3270 1994 3323 in
2037 3269 2253 3339 psalmo
2296 3285 2405 3323 nou
2464 3269 2740 3324 absimilia
2796 3270 2864 3325 iis
2914 3272 2981 3325 de
3040 3273 3167 3327 filiis
3210 3271 3358 3350 illius
3413 3272 3507 3341 qui

1939 3361 2292 3432 prophetatus
2331 3368 2437 3426 est,
2474 3362 2767 3417 dicuntur:
2830 3382 2847 3413 ι
2881 3363 2936 3418 Si
2986 3375 3167 3421 autem
3199 3364 3508 3435 derelique-

1936 3453 2047 3508 rint
2086 3452 2179 3507 filii
2220 3453 2339 3523 ejus
2398 3454 2568 3525 legem
2632 3470 2832 3518 meam,
2886 3463 2941 3509 et
2994 3457 3047 3510 in
3100 3457 3325 3526 judiciis
3370 3457 3506 3511 meis

1933 3561 2042 3600 non
2067 3545 2495 3611 ambulaverint;
2530 3545 2576 3600 si
2607 3545 2853 3615 justitias
2905 3562 3054 3602 meas
3096 3546 3507 3617 profanaverint

1931 3646 1987 3693 et
2016 3636 2271 3691 mandata
2297 3652 2415 3691 mea
2445 3653 2553 3691 non
2579 3638 2970 3693 custodiet-int:
3023 3637 3260 3692 visitabo
3300 3639 3356 3692 in
3387 3638 3501 3691 vir-

1931 3744 1995 3799 ga
2026 3729 2341 3798 iniquitates
2366 3743 2578 3794 eorum,
2625 3739 2677 3783 et
2714 3729 2767 3783 in
2802 3728 3126 3783 verberibus
3161 3739 3383 3798 peccata
3410 3746 3494 3785 eo-

1930 3836 2074 3874 rum.
2132 3819 2567 3876 Misericordiam
2596 3830 2778 3876 autem
2819 3837 2994 3877 meam
3034 3837 3142 3875 non
3185 3820 3503 3893 dispergam

1930 3914 1999 3968 ah
2052 3914 2132 3968 eis
2156 3913 2259 3969 ⁸⁷.»
2322 3913 2558 3969 Attende
2609 3915 2884 3985 quomodo
2937 3935 2953 3965 ι
2986 3915 3167 3985 virgas
3215 3915 3498 3969 hominum

1927 4016 1981 4062 et
2013 4008 2199 4078 plagas
2230 4008 2464 4062 filiorum
2512 4008 2819 4072 hominum,
2847 4028 2864 4059 ι
2908 4008 3272 4079 temporarias
3314 4023 3501 4079 perse-

1930 4100 2178 4155 cutiones
2213 4114 2370 4154 sacra
2419 4108 2578 4154 vocat
2603 4099 2853 4155 historia.
2898 4098 3282 4154 Verumtamen
3315 4100 3500 4155 multa:

1927 4200 2055 4247 sunt
2094 4191 2189 4247 Dei
2220 4192 2629 4255 advocationes,
2663 4200 2717 4247 et
2768 4208 2863 4262 per
2894 4191 3209 4262 Scripturas
3235 4192 3494 4247 exhorta-

1928 4286 2126 4351 tiones,
2162 4301 2284 4355 quaa
2316 4300 2417 4339 nos
2452 4284 2749 4339 admonent
2779 4300 2845 4338 ne
2900 4285 3184 4339 suscitatis
3229 4283 3493 4340 adversus

1927 4394 2025 4432 nos
2080 4377 2555 4447 persecutionibus
2607 4376 2964 4445 temporariis
3029 4377 3366 4431 cederemus.
3428 4375 3496 4431 Ut

1926 4472 2069 4525 enim
2101 4471 2251 4542 virga
2283 4485 2341 4525 se
2374 4470 2771 4540 castigaturum
2808 4484 2930 4524 esse
2956 4470 3205 4539 praedixit
3231 4470 3493 4541 populum

1928 4563 2021 4617 Dei
2056 4570 2398 4633 peccantem,
2433 4562 2513 4617 sic
2555 4569 2610 4616 et
2639 4578 2747 4616 non
2782 4564 2850 4617 ab
2891 4580 2957 4617 eo
2991 4562 3324 4617 defecturam
3369 4578 3491 4618 esse

1922 4656 2199 4727 pollicitus
2226 4665 2310 4711 est
2357 4655 2821 4731 misericordiam,
2872 4655 3092 4711 dicens:
3147 4654 3493 4711 «Misericor-

1921 4747 2066 4802 diam
2094 4755 2275 4802 autem
2307 4762 2480 4801 meam
2508 4761 2618 4800 non
2668 4746 2913 4801 auferam
2945 4745 3013 4799 ab
3045 4745 3130 4808 iis,
3179 4745 3320 4798 sicut
3365 4740 3493 4797 abs-

1919 4841 2016 4895 tuli
2046 4842 2114 4895 ab
2172 4841 2258 4906 iis,
2292 4856 2433 4910 quos
2473 4839 2652 4895 amovi
2687 4855 2718 4893 a
2748 4838 2893 4893 facie
2926 4854 3099 4893 mea.»
3144 4837 3358 4903 Quaeret
3393 4850 3491 4889 auc

1919 4947 2028 4995 tem
2066 4938 2206 5009 apud
2251 4953 2389 5008 quos
2441 4944 2589 4993 esset
2636 4944 2763 4992 ante
2824 4937 3064 5007 gentium
3103 4934 3361 5005 populum
3393 4931 3488 4987 Dei

1919 5031 2319 5095 misericordia,
2352 5045 2515 5101 quam
2545 5029 2770 5085 omnino
2802 5028 2872 5083 ab
2923 5029 3005 5084 eis
3038 5026 3374 5081 abstulerat:
3411 5025 3488 5080 si-

1917 5125 2116 5180 militer
2144 5124 2291 5179 enim
2329 5140 2388 5181 se
2421 5124 2694 5179 facturum
2721 5137 2845 5179 esse
2892 5120 3171 5194 promittit
3195 5120 3253 5175 in
3279 5117 3485 5173 Christi

1919 5221 2198 5295 populum.

236 5306 442 5375 έστησα
472 5304 564 5373 ἀφ’
597 5299 673 5360 ὦν
715 5307 1021 5380 ἀπέστησα·
1064 5332 1081 5363 ι
1118 5311 1341 5383 ζητήσει
1382 5314 1427 5367 δ’
1454 5316 1546 5369 ἐπὶ
1582 5317 1731 5384 τίνας
1767 5317 1835 5390 ἦν
1873 5322 1980 5393 πρὸ
2035 5321 2128 5375 τοῦ
2160 5318 2220 5384 ἐξ
2259 5317 2429 5373 ἐθνῶν
2453 5316 2581 5371 λαοῦ
2608 5316 2668 5370 τὸ
2703 5314 2796 5368 τοῦ
2825 5314 2959 5369 Θεοῦ
2988 5314 3153 5381 ἔλεος,
3188 5314 3323 5386 ὅπερ
3349 5328 3483 5385 πανιτ

232 5400 406 5464 τελῶς
438 5401 530 5454 ἀπ’
557 5400 734 5457 αὐτῶν
768 5404 1112 5477 ἀπέστησας·
1149 5405 1210 5463 οῦ
1238 5409 1299 5462 τὸ
1325 5410 1520 5481 ιόμοιον
1550 5416 1792 5485 ποιήσειν
1832 5419 2168 5489 ὑπισχνεῖται
2198 5417 2336 5470 κατά
2366 5416 2455 5469 τὸν
2480 5413 2571 5467 τοῦ
2601 5411 2835 5485 Χριστοῦ
2876 5412 3017 5467 λαόν.

303 5651 348 5683 ⁸*
386 5648 529 5707 Psal.
565 5666 720 5717 xmv,
756 5650 815 5717 7,
851 5649 903 5707 8.
983 5653 1028 5686 "
1068 5653 1231 5712 Hebr.
1274 5671 1328 5725 ι,
1363 5657 1413 5715 5.
1491 5658 1536 5692 ⁸⁸
1573 5657 1784 5717 Coloss.
1822 5677 1837 5717 ι

1944 5662 1995 5717 4.
2072 5663 2115 5695 ⁸⁷
2156 5660 2301 5719 Psal.
2332 5676 2605 5730 Luxvut,
2643 5661 2733 5719 31.
