3936 6206
494 221 635 278 1083
1217 211 1484 270 EUSEBII
1521 209 1996 267 CxESARlENSlS
2034 213 2048 265 1

2063 208 2182 266 lPP.
2222 209 2404 267 PARS
2433 208 2608 266 ιιι-α
2643 209 3049 266 EXEGETICA.
3516 223 3617 278 {ou

1071 357 1300 412 CAPUT
1339 355 1482 411 xxu.
2081 366 2126 421 Α

2081 366 2126 421 Α
2655 353 3041 407 ΚΕΦΔΛΑΙΟΝ
3080 355 3207 410 KA'.

569 495 587 527 ι
619 475 857 530 Locutus
898 481 981 528 est
1025 480 1205 527 autem
1237 470 1402 525 David
1433 471 1662 526 Domino
1691 470 1855 524 verba
1885 469 2049 537 hujus

2229 488 2246 518 ι
2290 467 2399 520 Kal
2447 465 2670 538 ἐλάλησε
2712 464 2872 518 Δαυὶδ
2905 464 2982 535 τῷ
3011 465 3196 536 Κυρξῳ
3233 468 3348 530 τοὺς
3385 467 3534 536 λόγους
3555 473 3624 542 τῇς

491 566 754 621 carminis
778 606 792 629 ,
827 563 880 618 in
915 563 1002 618 die
1032 578 1139 634 qua
1183 562 1433 617 liberavit
1470 577 1594 617 eum
1637 560 1898 616 Dominus
1927 561 1993 616 ⁸⁸.
2028 581 2045 612 ι

2151 561 2291 632 ᾠδῆς
2339 561 2558 628 ταύτης.
2631 577 2650 610 ι
2709 554 2843 611 Εἶτα
2880 559 2937 610 ὲν
2992 561 3100 622 τοῖς
3132 557 3275 629 ἑξῆς*
3316 577 3332 609 ι
3369 561 3462 614 Kal
3481 562 3632 618 ἔκλινεν

494 657 626 712 Dein
657 656 710 710 in
741 654 1097 726 sequentibus
1127 673 1140 709 :
1172 671 1190 705 ‹
1227 653 1508 708 lnclinavit
1543 653 1715 707 cmlos
1745 660 1799 707 et
1827 652 2048 730 descen-

2160 652 2422 724 οὐρανοὺς
2454 651 2546 704 καὶ
2567 649 2794 720 κατέϐη,
2815 651 2905 701 καὶ
2927 649 3120 718 γνόφος
3145 650 3384 704 ὑποκάτω
3405 652 3490 705 τῶν
3507 657 3637 711 ποδῶν

493 746 573 800 dit
599 764 611 798 :
642 754 694 800 et
721 745 896 814 caligo
923 744 1026 798 sub
1051 741 1280 814 pedibus
1311 742 1433 810 ejus
1459 742 1525 797 ".
1547 743 1578 793 ἰ
1609 741 1674 795 Et
1705 757 1898 796 rursus
1931 748 2047 811 post

2153 745 2334 799 αὐτοῦ.
2362 765 2380 796 ι
2402 743 2510 796 Kal
2541 741 2696 795 πάλιν
2721 741 2854 812 μετὰ
2878 740 3065 806 ταῦτα,
3099 761 3119 792 ‹
3143 741 3301 812 Ῥύσῃ
3333 759 3391 812 με
3418 743 3468 808 ἐξ
3493 747 3639 803 ἀντιλο-

495 838 610 892 haec
653 853 666 890 :
717 853 736 884 ‹
777 832 1024 889 Salvabis
1074 849 1159 888 me
1210 848 1239 886 a
1292 831 1818 886 contradictionibus
1870 830 2049 900 populi

2154 835 2286 905 γιῶν
2318 834 2467 898 λαοῦ,
2496 834 2851 904 καταστήσεις
2883 850 2950 904 με
2991 835 3070 896 εις
3095 833 3327 903 κεφαλὴν
3358 833 3523 887 ἐθνῶν.
3547 837 3638 902 λεδ(

496 926 632 981 mei:
658 926 933 981 custodies
961 941 1045 978 me
1064 924 1118 977 in
1147 932 1310 993 caput
1338 922 1598 992 gentium.
1626 920 1866 992 Populus
1895 937 2050 990 quem

2154 930 2212 984 ὃν
2248 928 2347 981 οὐκ
2385 926 2553 995 ἔγνων
2603 925 2880 978 ἐδούλευσε
2925 941 3047 995 μοι’
3078 926 3158 986 εἰς
3202 923 3358 994 ἀκοὴν
3395 926 3526 979 ὠτίου
3566 930 3639 981 ὺπ-

496 1019 688 1087 ignoro
734 1017 934 1071 serviet
977 1015 1130 1068 mihi.
1157 1013 1278 1068 Filii
1306 1014 1466 1067 alieni
1488 1013 1745 1068 resistent
1770 1013 1933 1077 mihi,
1961 1027 2050 1066 au-

2159 1019 2355 1090 ήκουσέ
2394 1035 2523 1090 μου·
2555 1021 2603 1072 οἱ
2628 1019 2731 1070 υἱοὶ
2769 1017 3032 1088 ἀλλότριοι
3067 1016 3353 1086 ἐψεύσαντὸ
3377 1035 3477 1088 μοι’
3502 1022 3540 1072 οἱ
3566 1023 3642 1075 υἱοὶ

496 1109 613 1163 ditu
649 1107 800 1162 auris
831 1107 1082 1160 obedient
1115 1105 1243 1158 mihi
1271 1123 1284 1158 :
1311 1104 1404 1157 filii
1440 1103 1600 1158 alieni
1642 1101 1981 1157 defluxerunt
2007 1109 2050 1156 el

2159 1109 2420 1181 ἀλλότριοι
2474 1111 2970 1181 ἀπορῤιφήσονται·
3017 1109 3110 1162 καλ⁵
3169 1108 3436 1177 σφαλοῦσιν
3480 1111 3532 1174 ἐκ
3568 1113 3644 1163 τῶν

497 1200 891 1256 contrahentur
921 1200 974 1252 in
1036 1198 1305 1269 angustiis
1339 1196 1454 1251 suis
1483 1195 1550 1251 “.
1580 1217 1598 1248 ι
1652 1195 1776 1250 Ηωε
1804 1196 2051 1250 dicuntur

2163 1201 2534 1272 ωγκλεισμῶν
2581 1202 2779 1254 αὐτῶν.
2820 1221 2837 1251 ι
2870 1199 3054 1252 Ταῦτα
3100 1200 3308 1271 εἴρηται
3337 1202 3492 1272 σχεδὸν
3514 1205 3646 1267 αὐτοῖς

501 1293 611 1348 fere
638 1292 840 1347 eisdem
874 1291 1054 1346 verbis
1084 1291 1138 1343 in
1169 1289 1381 1345 decimo
1409 1289 1638 1358 septimo
1669 1287 1880 1359 psalmo
1909 1305 1923 1352 ;
1957 1302 2055 1356 op-

2166 1296 2372 1366 ρήμασι
2423 1294 2516 1348 καὶ
2573 1297 2629 1348 ὲν
2675 1293 3116 1364 ἑπτακαιδεκάτῳ
3163 1293 3371 1364 ψαλμῷ,
3412 1294 3649 1364 εὐκαιρότε-

500 1386 788 1456 portunius
828 1384 1266 1454 explicabuntur.
1297 1396 1420 1435 cum
1460 1379 1802 1435 Psalmorum
1843 1379 2054 1450 eclogas

2170 1403 2261 1458 ρον
2292 1386 2334 1438 δ’
2367 1385 2434 1439 ἂν
2468 1384 2797 1450 ἐξετάζοιτο,
2821 1383 3039 1437 ἐπειδὰν
3086 1384 3193 1436 ἀπὸ
3232 1383 3333 1436 τῶν
3356 1383 3552 1454 Ψαλμῶν
3577 1386 3645 1447 τὰς

500 1477 831 1533 notabimus.
878 1473 1033 1528 Nunc
1085 1489 1213 1528 vero
1263 1473 1365 1526 hoc
1408 1479 1618 1525 tantum
1659 1470 2054 1526 animadverte-

2164 1478 2395 1548 ἐκλογὰς
2440 1477 2852 1548 ἀναλεγὼμεθα’
2893 1475 2988 1530 νῦν
3037 1477 3279 1546 μέντοιγε
3323 1476 3642 1546 παρατηρειοὺ-

501 1581 662 1628 mus,
713 1564 858 1635 quod
908 1563 1070 1618 verba
1119 1564 1274 1617 haec:
1314 1583 1332 1612 ι
1364 1561 1649 1616 lnclinavit
1691 1562 1862 1616 cmlos
1890 1571 1943 1616 et
1971 1562 2055 1616 de-

2169 1569 2307 1640 μεθα
2339 1569 2468 1623 αὐτὸ
2499 1569 2676 1640 μόνον,
2702 1568 2776 1631 ὼς
2800 1569 2878 1620 ὅτι
2906 1567 2965 1620 τὸ
2998 1566 3117 1637 μὲν,
3147 1585 3164 1616 ι
3203 1566 3305 1618 Kal
3344 1565 3510 1618 ἔκλινεν
3528 1565 3645 1636 οὐρα-

501 1656 713 1718 scendit
743 1674 762 1706 ι
788 1654 853 1710 de
895 1654 1100 1710 Christi
1132 1670 1162 1708 e
1205 1653 1359 1709 caelis
1410 1653 1674 1708 descensu
1718 1652 2055 1722 intelligenda

2101 1707 2139 1731 η
2165 1664 2289 1725 νοῦς
2340 1661 2436 1714 καὶ
2481 1661 2684 1731 κατέϐη
2729 1680 2747 1710 ι
2784 1659 2937 1712 νοοῖτ’
2985 1659 3051 1712 ἂν
3105 1659 3234 1730 περὶ⁸
3269 1659 3362 1727 τῆς
3391 1658 3440 1724 ἐξ
3471 1660 3649 1729 οὗρανιῖιν

502 1756 661 1813 sunt;
695 1749 807 1802 haec
833 1756 1011 1801 autem
1035 1765 1048 1800 :
1070 1765 1088 1796 ι
1110 1745 1357 1800 Salvabis
1380 1759 1464 1798 me
1489 1759 1517 1797 a
1541 1743 2056 1799 contradictionibus

2101 1743 2140 1761 υ
2166 1753 2514 1816 καταϐάσεως
2539 1751 2630 1804 τοῦ
2653 1749 2906 1822 Χριστοῦ·
2937 1749 2997 1803 τὸ
3021 1749 3101 1812 δὲ,
3126 1767 3144 1800 ι
3169 1747 3330 1821 Ῥύσῃ
3353 1766 3412 1819 με
3439 1748 3486 1813 ἐξ
3503 1750 3652 1802 ἀντιλο-

503 1842 722 1913 populi,
758 1859 776 1893 ι
801 1839 867 1894 de
893 1839 1236 1894 circumcisis
1265 1838 1542 1898 dicuntur,
1577 1838 1669 1906 qui
1701 1852 1809 1890 non
1853 1836 1908 1890 in
1939 1851 2057 1891 eum

2174 1845 2298 1914 γίας
2331 1843 2480 1910 λαοῦ,
2515 1863 2532 1894 ι
2567 1844 2630 1896 ἐκ
2667 1840 2956 1914 προσώπου
2987 1839 3152 1894 αὑτοῦ
3192 1840 3422 1894 λέλεκται
3456 1843 3552 1912 mpl
3573 1841 3651 1893 ὠν

502 1930 884 1993 crediderunt,
919 1929 986 1983 de
1011 1929 1208 1998 quibus
1236 1942 1451 1998 quoque
1475 1926 1528 1979 in
1557 1925 1696 1979 lsaia
1719 1926 1883 1980 dicit:
1911 1943 1928 1975 ι
1961 1925 2056 1979 Ex-

2166 1939 2230 1990 ὲκ
2279 1937 2578 2009 περιτομῆς
2627 1936 2700 2007 μὴ
2729 1934 3168 1987 πεπιστευκότων
3201 1933 3279 1996 εις
3303 1934 3462 1996 αὑτὸν,
3480 1933 3574 2004 περὶ
3597 1925 3653 1985 ὧν

506 2021 668 2092 pandi
704 2035 900 2074 manus
926 2035 1074 2074 meas
1102 2028 1211 2074 tota
1237 2019 1326 2075 die
1348 2021 1414 2074 ad
1441 2020 1698 2091 populum
1723 2019 2060 2074 incredulum

2167 2032 2259 2084 καὶ
2290 2033 2348 2083 ὲν
2387 2029 2584 2099 Ἡσαΐᾳ.
2614 2027 2796 2099 φησὶν,
2827 2047 2844 2078 ι
2876 2026 3040 2097 Ὅλην
3072 2025 3170 2097 τὴν
3206 2027 3404 2097 ἡμέραν
3431 2025 3657 2089 ἐξεπέτασα

504 2123 558 2168 et
579 2113 1039 2168 contradicentem
1069 2111 1146 2177 ";
1171 2130 1188 2163 ι
1217 2119 1271 2166 et
1312 2113 1456 2181 quod
1476 2153 1491 2177 ,
1526 2129 1544 2162 ι
1573 2110 1862 2166 Custodies
1893 2126 1978 2166 me
2008 2111 2058 2164 in

2165 2123 2264 2186 τὰς
2310 2124 2499 2194 χεῖράς
2561 2137 2661 2191 μου
2701 2121 2837 2192 πρὸς
2881 2119 3008 2173 λαὸν
3038 2119 3359 2173 ἀπειθοῦντα
3401 2117 3480 2171 καὶ
3506 2117 3658 2170 ἀντιλέ-

504 2214 670 2276 caput
726 2205 968 2274 gentium
991 2244 1004 2264 .
1036 2223 1056 2255 ι
1084 2212 1246 2274 atque
1270 2243 1284 2263 .
1316 2221 1334 2253 ι
1367 2202 1606 2273 Populus
1651 2218 1810 2272 quem
1871 2204 2058 2273 ignoro

2169 2232 2350 2284 γοντα.
2385 2235 2402 2266 ι
2441 2214 2548 2267 Kal
2573 2214 2654 2266 ὅτι
2679 2211 2738 2266 τὸ
2776 2213 2895 2284 μὲν,
2923 2232 2941 2263 ι
2971 2214 3345 2283 Καταστήσεις
3378 2227 3436 2282 με
3458 2212 3522 2272 εἰς
3538 2226 3659 2277 κεφ-

507 2295 705 2351 serviet
720 2294 873 2359 mihi,
889 2294 1075 2348 auditu
1092 2293 1241 2348 auris
1252 2294 1504 2348 obedient
1522 2293 1650 2347 mihi
1669 2313 1687 2344 ι
1706 2294 1770 2347 de
1787 2295 2061 2364 gentilium

2171 2305 2269 2375 λὴν
2285 2303 2472 2366 ἐθνῶν,
2501 2324 2519 2356 ι
2540 2304 2632 2357 καὶ
2647 2304 2726 2371 τὸ,
2748 2321 2766 2355 ‹
2788 2304 2928 2367 Λαὸς
2945 2304 3002 2356 ὃν
3021 2305 3124 2358 οὐκ
3147 2303 3311 2374 ἔγνων
3331 2301 3564 2356 ἐδούλευσέ
3583 2317 3659 2371 μοι·

506 2388 748 2444 Ecclesia
777 2387 1091 2459 praedicitur
1109 2405 1124 2453 ;
1145 2387 1274 2442 illud
1293 2402 1443 2450 vero,
1466 2406 1484 2437 ι
1501 2385 1622 2440 Filii
1637 2387 1796 2441 alieni
1815 2389 2060 2443 resistent

2174 2397 2252 2459 εἰς
2279 2396 2445 2468 ἀκοὴν
2471 2397 2628 2450 ὠτίου
2658 2396 2932 2468 ὑπήκουσέ
2977 2413 3101 2467 μου,
3144 2415 3162 2448 ι
3204 2399 3326 2466 περὶ
3357 2398 3443 2465 τῆς
3470 2394 3519 2458 ὲξ
3542 2393 3662 2445 ἐθνῶν

506 2481 664 2546 ιιιίιί,
687 2500 706 2532 ι
731 2481 1016 2552 impiarum
1038 2481 1310 2536 haereseon
1326 2496 1539 2535 errores
1555 2481 1623 2537 de
1653 2482 1931 2536 Salvatore
1954 2496 2060 2534 om-

2191 2489 2243 2541 Ἐ
2253 2487 2510 2556 κκλησίας
2525 2489 2944 2560 προφητεύεταιο
2966 2491 3025 2543 τὸ
3041 2491 3121 2554 δὲ,
3143 2508 3161 2540 ι
3180 2489 3297 2541 Υἱοὶ
3311 2486 3539 2556 ἀλλότριοι
3551 2483 3663 2554 ἐψεύ-

508 2575 563 2629 ni
588 2588 767 2642 umque
797 2573 903 2629 Deo
937 2573 1159 2635 indicat,
1191 2587 1327 2642 quos
1348 2572 1635 2628 defluxisse
1661 2571 1762 2627 fert
1794 2571 2062 2640 Scriptura

2182 2580 2340 2632 σαντό
2403 2598 2512 2650 μοι,
2553 2601 2571 2633 ι
2615 2581 2741 2652 περὶ
2788 2581 2896 2634 τῶν
2946 2581 3126 2635 ἀθέων
3171 2581 3420 2652 αἱρέσεων
3457 2578 3515 2630 τὰ
3541 2573 3664 2643 ψευδῆ

513 2683 532 2715 α
552 2671 860 2718 contractos
874 2663 927 2716 in
948 2663 1213 2732 angustiis
1231 2663 1364 2727 suis,
1394 2681 1410 2713 ι
1434 2663 1638 2717 scilicet
1660 2662 1714 2716 in
1727 2677 1968 2717 errorem
1989 2661 2067 2716 in-

2179 2685 2247 2720 πε
2257 2669 2308 2740 pl
2330 2669 2493 2722 αὑτοῦ
2521 2669 2613 2723 τοῦ
2648 2671 2897 2744 Σωτῆρος
2923 2673 3016 2724 καὶ
3035 2671 3130 2726 τοῦ
3158 2671 3287 2724 Θεοῦ
3315 2670 3414 2722 τῶν
3439 2668 3551 2721 ὅλων
3573 2666 3665 2718 ἀνα-

509 2755 706 2809 ductos
735 2754 1017 2808 fallacibus
1033 2769 1220 2808 eorum
1238 2753 1677 2823 absconditisque
1703 2753 2063 2823 opinionibus.

2180 2757 2552 2824 πεπλακότων,
2603 2759 2696 2824 οὓς
2743 2763 2834 2814 καὶ
2870 2780 2888 2813 ι
2944 2761 3404 2833 ἀπορριφήσεσθαὶ
3448 2780 3464 2810 ι
3492 2755 3665 2827 φησινό

509 2848 665 2916 λόγος
701 2866 719 2898 ι
763 2847 1174 2914 ἁποσφαλέντας
1209 2847 1318 2899 τῶν
1370 2847 1745 2918 συγκλεισμῶν
1801 2847 2026 2915 ἑαυτῶν,
2071 2869 2092 2903 ι
2133 2853 2407 2907 τουτέστιν
2451 2856 2910 2921 ἀποπεπτωκότας
2951 2856 3058 2910 τῶν
3103 2857 3342 2911 ὑπούλων
3397 2855 3480 2910 καὶ
3523 2855 3666 2906 ἀποκε-

511 2938 840 3011 κρυμμένων
881 2939 1058 2992 αὐτῶν
1096 2938 1644 3009 ψευ(δο)δοξημάτων.

1070 3073 1302 3129 CAPUT
1342 3073 1506 3130 χχιι.
2105 3063 2149 3122 C
2547 3149 2550 3152 ,

2105 3063 2149 3122 C
2547 3149 2550 3152 δ
2686 3081 3079 3135 ΚΕΦΑΛΑῘΟΝ
3121 3079 3249 3135 KB’.

954 3185 1001 3239 E
1039 3187 1191 3240 tertio
1232 3185 1424 3256 Regum
1468 3187 1630 3242 libro.

2548 3196 2634 3247 Εκ
2667 3193 2778 3261 τῆς
2806 3200 2853 3263 γ’
2895 3192 3015 3246 τῶν
3048 3192 3392 3248 Βασιλειῶν.

591 3319 612 3353 ι
642 3302 706 3354 Et
737 3313 912 3360 nunc,
942 3297 1172 3354 Domine
1202 3298 1343 3354 Deus
1372 3299 1535 3354 Israel
1558 3343 1571 3362 ,
1605 3300 1887 3355 firmentur
1914 3303 2077 3356 verba

2253 3323 2271 3355 ι
2293 3303 2403 3357 Kal
2418 3303 2531 3366 νῦν,
2551 3303 2722 3374 Κύριε
2737 3306 2764 3356 ὁ
2778 3303 2906 3366 Θεὸς
2920 3303 3162 3375 Ἰσραὴλ.
3176 3303 3476 3373 πιστωθήτω
3487 3297 3667 3371 smpi-

516 3401 641 3456 tua,
687 3409 806 3464 qum
837 3395 1048 3449 locutus
1088 3409 1148 3448 es
1198 3410 1358 3449 servo
1403 3403 1498 3449 tuo
1541 3395 1707 3450 David
1752 3395 1891 3466 patri
1935 3409 2070 3449 meo.

2183 3396 2259 3466 μά
2286 3413 2400 3456 σου,
2429 3396 2456 3448 ὃ
2485 3395 2750 3466 ἐλάλησας
2784 3395 2859 3465 τῷ
2888 3395 3036 3448 παιδί
3067 3412 3161 3448 σου
3189 3395 3265 3466 τῷ
3293 3395 3440 3448 Δαυὶδ
3462 3393 3526 3463 τῷ
3550 3389 3663 3462 πατρὶ

518 3485 732 3556 Ergone
758 3485 1054 3556 putandum
1082 3491 1166 3539 est
1190 3485 1336 3555 quod
1366 3502 1488 3541 vere
1514 3485 1654 3541 Deus
1682 3485 1885 3540 habitet
1914 3500 2072 3555 super

2182 3504 2281 3556 μου
2303 3503 2315 3515 ·
2340 3487 2420 3538 ὅτι
2454 3487 2503 3538 εἰ
2529 3485 2741 3556 ἀληθῶς
2767 3488 3124 3557 κατοικήσειὸ
3143 3487 3273 3550 Θεὸς
3293 3487 3418 3558 μετὰ
3438 3482 3663 3554 ἀνθρώπων

518 3587 740 3642 terram,
794 3578 839 3632 si
871 3577 1015 3632 enim
1043 3578 1239 3631 coelum
1269 3585 1324 3633 et
1351 3579 1474 3631 coeli
1503 3579 1765 3632 caalorum
1804 3587 1857 3632 te
1883 3593 2072 3647 capere

2179 3579 2378 3648 ὲπὶτῆς
2393 3580 2513 3648 γῆς,
2527 3580 2573 3630 εἱ
2592 3581 2619 3631 ὁ
2633 3578 2856 3648 οὐρανὸς
2870 3576 2963 3630 τοῦ
2983 3577 3214 3647 οὐρανοῦ
3231 3579 3325 3630 οὐκ
3340 3577 3532 3648 ἀρκέσει
3545 3587 3628 3634 σοις
3647 3587 3661 3620 ι

519 3684 628 3723 non
654 3678 881 3737 possunt
907 3668 990 3721 "1'
1020 3689 1037 3720 ι
1069 3666 1203 3723 Fere
1232 3669 1299 3723 iis
1328 3669 1527 3723 similia
1558 3669 1613 3722 in
1645 3669 1886 3724 secundo
1913 3668 2073 3722 Para-

2180 3673 2259 3726 Τὰ
2300 3673 2654 3744 παραπλήσια
2690 3672 2897 3734 τούτοις
2917 3671 3009 3724 καὶ
3031 3674 3090 3725 ὲν
3114 3675 3182 3743 τῇ
3209 3671 3422 3741 δευτέρᾳ
3439 3668 3527 3720 τῶν
3541 3667 3667 3733 Παρία

517 3760 827 3829 lipomenon
858 3759 1000 3812 libro
1031 3773 1060 3812 a
1094 3757 1387 3814 Salomone
1417 3759 1562 3813 dicta
1592 3767 1719 3814 sunt
1767 3760 1821 3812 in
1865 3775 1964 3814 sua
2011 3759 2071 3814 ad

2179 3765 2504 3835 λειπομένων
2532 3765 2634 3817 ὑπὸ
2654 3764 2747 3816 τοῦ
2767 3763 3072 3834 Σολομῶνος
3092 3764 3301 3834 εἴρηται
3325 3765 3378 3814 ὲν
3397 3763 3452 3830 τῇ
3474 3757 3580 3829 πρὸς
3602 3753 3665 3805 τὸν

520 3848 687 3904 Deum
718 3849 964 3905 oratione
989 3849 1058 3904 ".
1092 3849 1372 3905 Manifeste
1404 3850 1565 3921 Igitur
1591 3850 1679 3904 hic
1704 3865 1919 3920 quoque
1941 3866 2074 3920 pra:-

2183 3857 2244 3928 (f.
2279 3857 2344 3912 i6
2376 3861 2449 3927 ν’)
2491 3857 2620 3909 Θεὸν
2671 3857 2824 3927 εὐχῇ.
2852 3855 3041 3924 Σαφῶς
3069 3853 3164 3910 οὖν
3201 3855 3291 3909 καλ⁵
3321 3853 3484 3907 ἐνθάδε
3510 3861 3663 3919 προφη-

521 3938 655 3993 dicit
687 3937 829 3995 Deus
859 3955 917 3995 se
948 3955 1072 3993 cum
1103 3940 1413 3994 hominibus
1463 3955 1627 4009 super
1673 3947 1873 3995 terram
1924 3940 2075 3994 habi-

2180 3949 2390 4003 τεύεται
2429 3951 2456 4002 ὁ
2500 3948 2630 4011 Θεὸς
2660 3949 3004 4017 κατοικήσειν
3039 3948 3178 4017 μετὰ
3208 3943 3482 4017 ἀνθρώπων
3505 3939 3577 3993 ἐπὶ
3596 3937 3663 4004 τῆς

519 4037 762 4085 taturum
819 4048 960 4086 esse.
1005 4030 1161 4097 Quod
1217 4033 1432 4102 quidem
1477 4031 1636 4086 nobis
1676 4033 1946 4102 expletqu
1995 4040 2073 4086 est

2181 4041 2315 4111 γῆς·
2359 4041 2389 4092 ὃ
2440 4042 2533 4094 καὶ
2564 4041 2694 4094 αὐτὸ
2744 4041 2917 4112 πέρας
2963 4040 3154 4112 εἴληφε
3211 4039 3329 4092 καθ’
3365 4037 3494 4107 ἡμᾶς
3521 4031 3591 4084 ἐπὶ
3617 4030 3661 4096 τῇ

518 4119 724 4178 Christi
753 4123 985 4178 adventu
1003 4161 1018 4186 ,
1041 4138 1151 4193 quo
1175 4121 1318 4178 Deus
1339 4121 1573 4176 Verbum
1607 4123 1926 4178 incarnatus
1953 4136 2072 4176 cum

2180 4131 2414 4205 Χριστοῦ
2449 4133 2710 4204 γενομένῃ
2751 4133 3041 4203 παρουσίᾳ,
3083 4132 3205 4185 καθ’
3238 4133 3302 4200 ἢν
3341 4131 3368 4182 ό
3409 4128 3520 4187 Θεὸς
3543 4123 3664 4187 Λόγος

521 4211 801 4269 hominum
831 4228 1028 4283 εεηθτθ
1057 4222 1430 4268 εοῐηῐηοτθίυε
1461 4221 1565 4267 θει-
2183 4225 2605 4296 ὲνανθρωπήσας
2638 4224 2972 4296 συνδιέτριψε
2999 4223 3075 4294 τῷ
3108 4225 3254 4293 γένει
3282 4222 3382 4275 τῶν
3419 4214 3663 4289 ἀνθρώπων

1069 4342 1296 4398 CAPUT
1335 4342 1527 4398 xxm.
1981 4403 1994 4418 ,

1981 4403 1994 4418 ,
2690 4360 3084 4413 ΚΕΦΑΛΑΙΟΝ
3120 4359 3243 4412 ΚΓ.

523 4456 573 4514 Ε
591 4457 761 4526 primo
786 4456 1226 4524 Paralipomenon
1255 4457 1408 4511 libro.
1465 4457 1684 4512 Nathan
1724 4457 1792 4511 ad
1833 4456 2077 4512 Davidem

2119 4443 2160 4496 ι)
2196 4451 2309 4526 ἘκΔ
2332 4449 2452 4526 ,τῆς
2486 4457 2536 4504 α’
2565 4447 2684 4526 τῶν
2716 4449 3267 4526 ῌαρᾳλειπομένςωνὶ
3307 4448 3365 4500 '0
3390 4433 3661 4526 Κύριοςέξίξ

969 4515 1083 4597 post
1116 4528 1226 4580 alia
1252 4538 1300 4582 et
1330 4528 1439 4582 lucc
1470 4528 1623 4582 dicit.
2258 4515 2460 4574 Νάθαν
2498 4537 2523 4573 a

2261 4591 2441 4659 λέγει.

2258 4515 2460 4644 ﬁgam-
2498 4520 2646 4590 πρὸς
2688 4515 2816 4574 τόγ’
2839 4519 3019 4575 Δαυὶδ
3050 4515 3185 4588 μεθ’
3235 4519 3394 4588 ἔτερα
3431 4515 3662 4567 καὶταῦτα

2333 4608 2441 4659 γει.

599 4723 619 4755 ι
645 4703 892 4773 Cumque
923 4701 1229 4772 impleveris
1257 4702 1375 4760 dies
1415 4713 1538 4759 tuos
1561 4745 1574 4768 ,
1609 4711 1666 4758 ut
1694 4704 1860 4759 vadas
1889 4703 1956 4758 ad
1989 4720 2082 4774 pa-

2265 4722 2283 4754 ι
2319 4703 2427 4756 Kal
2475 4702 2626 4757 ἔσται
2649 4704 2775 4756 ὅταν
2806 4700 3162 4773 πληρωθῶσιν
3200 4703 3255 4755 αἱ
3281 4698 3466 4771 ἡμέραι
3493 4711 3582 4752 σου,
3599 4686 3659 4741 καὶ

522 4806 636 4852 tres
666 4805 818 4858 tuos,
849 4794 1129 4848 suscitabo
1156 4809 1342 4850 semen
1370 4791 1520 4848 tuum
1546 4802 1670 4864 post
1700 4803 1781 4860 te,
1809 4793 1954 4863 quod
1981 4793 2076 4848 eril

2188 4791 2496 4865 κοιμηθήσῃ
2531 4792 2665 4862 μετὰ
2693 4791 2802 4844 τῶν
2833 4793 3082 4862 πατέρων
3112 4809 3226 4855 σου,
3256 4792 3344 4843 καὶ⁵
3369 4786 3600 4854 ἀναστήσω
3619 4777 3657 4828 τδ

523 4887 592 4941 de
621 4885 748 4940 filiis
778 4886 890 4942 tuis
915 4904 930 4940 :
972 4894 1025 4940 et
1055 4885 1328 4940 stabiliam
1357 4901 1585 4956 regnum
1612 4886 1732 4955 ejus
1758 4903 1773 4951 ;
1808 4885 1924 4956 ipse
1952 4885 2077 4940 mdi-

2193 4884 2415 4954 σπέρμα
2460 4900 2553 4936 σου
2607 4883 2741 4954 μετὰ
2776 4881 2857 4944 σὲ,
2884 4882 2943 4946 ὃς
2969 4881 3119 4936 ἔσται
3160 4885 3223 4935 ὲκ
3259 4883 3350 4951 τῆς
3376 4876 3546 4936 κοιλίας
3571 4883 3654 4923 σου·

527 4978 706 5032 ﬁcabit
737 4977 869 5032 mihi
899 4977 1118 5031 domum
1143 5017 1160 5042 ,
1195 4985 1250 5032 et
1279 4976 1506 5031 ﬁrmabo
1535 4979 1731 5032 solium
1758 4977 1879 5046 ejus
1911 4993 2081 5048 usque

2190 4977 2282 5028 καὶ
2329 4975 2598 5046 ἑτοιμάσω
2624 4976 2722 5047 τὴν
2756 4973 3027 5044 βασιλείαν
3064 4991 3191 5026 σου·
3225 4973 3374 5036 αὐτὸς
3395 4965 3656 5034 οἰκοδομήπῑ

525 5069 580 5124 in
607 5077 890 5125 aetermtm.
918 5068 1026 5140 Ego
1052 5084 1147 5124 ero
1175 5068 1251 5123 illi
1275 5069 1329 5122 in
1356 5079 1585 5140 patrem,
1614 5077 1667 5125 et
1693 5070 1806 5140 ipse
1831 5071 1936 5124 erit
1960 5069 2079 5123 mihi

2195 5086 2284 5139 μοι
2331 5063 2476 5122 οἷκον
2495 5083 2509 5097 ·
2547 5069 2639 5122 xal
2685 5065 2977 5139 ἀνορθώσω
3029 5065 3118 5119 τὸν
3161 5065 3339 5137 θρόνον
3377 5059 3518 5116 αὑτοῦ
3537 5075 3548 5086 ·
3582 5049 3657 5118 ἐγὼ

526 5161 582 5218 in
616 5162 784 5216 tilium
813 5178 828 5225 ;
859 5169 913 5215 et
955 5159 1385 5216 misericordiam
1412 5176 1580 5215 meam
1613 5176 1721 5215 non
1754 5160 1991 5215 auferam
2021 5160 2080 5213 ab

2193 5161 2385 5230 ἔσομαι
2404 5159 2550 5230 αὑτῷ
2573 5162 2650 5223 εἰς
2666 5159 2895 5230 πατέρα,
2918 5159 3012 5212 καὶ
3033 5160 3191 5222 αὐτὸς
3214 5157 3355 5212 ἔσται
3377 5172 3455 5226 μοι
3478 5154 3542 5212 εἰς
3555 5145 3653 5199 υἶάν

524 5266 592 5309 eo
613 5291 628 5314 .
664 5253 809 5306 sicut
835 5251 1035 5306 abstuli
1068 5251 1136 5305 ab
1158 5267 1223 5307 eo
1245 5252 1338 5321 qui
1367 5263 1489 5307 ante
1519 5260 1571 5306 te
1602 5252 1723 5306 fuit.
1761 5252 1823 5306 Et
1853 5259 2078 5306 statuam

2195 5249 2287 5302 κοιλ⁸
2317 5249 2377 5302 τὸ
2407 5248 2550 5313 ἔλεός
2587 5265 2687 5318 μου
2719 5248 2816 5300 οὐκ
2847 5249 3138 5319 ἀποστήσω
3179 5248 3270 5300 ἀπ’
3296 5243 3462 5304 αὑτοῦ,
3494 5240 3554 5300 ὡς
3583 5236 3653 5286 ἀπ’

527 5359 650 5400 eum
681 5346 736 5400 in
769 5345 937 5399 domo
962 5359 1080 5400 mea
1101 5384 1116 5410 ,
1148 5351 1202 5400 et
1229 5344 1283 5398 in
1323 5359 1492 5416 regno
1519 5359 1640 5399 meo
1665 5357 1841 5414 usque
1867 5344 1924 5398 in
1953 5359 2081 5399 sem-

2196 5341 2398 5411 έστησα
2427 5341 2534 5393 ἀπὸ
2564 5339 2671 5393 τῶν
2693 5340 3000 5413 ἔμπροσθέν
3030 5357 3121 5393 σου
3139 5357 3153 5371 ο
3181 5341 3268 5395 καὶ
3299 5334 3519 5390 πιστώσω
3540 5322 3653 5382 αὑτὸν

597 5517 643 5549 ⁸⁸
681 5518 723 5573 ll
760 5519 892 5592 Reg.
929 5538 1073 5587 un,
1111 5524 1160 5578 1.
1236 5524 1281 5557 ⁸’
1339 5521 1469 5579 ibid.
1511 5524 1596 5580 ιο.
1671 5523 1716 5556 ’θ
1756 5523 1888 5580 ibid.
1954 5523 2081 5578 ιιοι

529 5587 714 5644 Paral.
753 5607 838 5654 vl,
877 5592 962 5646 l7.

2095 5523 2137 5579 Β.
2216 5524 2256 5554 ⁹¹
2301 5521 2403 5580 lsa.
2463 5539 2585 5590 va,
2625 5525 2676 5578 2.
2754 5524 2798 5555 ⁹²
2837 5521 2902 5579 ΙΙΙ
2935 5521 3068 5595 Reg.
3105 5539 3230 5590 vm,
3292 5520 3380 5586 ἰδ’,
3426 5517 3501 5572 27.
3560 5497 3649 5555 ’⁸η
