3952 6198
275 254 411 308 1089

1280 250 1573 306 ΕΟΜΟΛΕ
1613 251 2094 309 ΡΚΟΡΗΕΤΙΕΕ.
2139 253 2351 310 ..1.18.
2400 255 2465 312 ll.

3360 262 3495 316 1090

268 372 368 450 κθ¹ἶ
384 370 676 450 ’Περὶτῶν
700 369 1289 450 κατᾲ-τύλπάθος-τοῦ
1302 371 1575 439 Χριστοῦ,
1603 371 1697 424 καὶ
1726 370 1828 439 τῆς

1943 372 2019 429 29.
2062 372 2386 443 Depassione
2403 373 2623 440 Christi,
2649 375 2713 430 de
2732 375 3043 432 Judteorum
3070 379 3249 447 populi
3278 380 3493 450 rejectu.

337 440 642 510 ἀποϐολῆς
671 441 775 496 τοῦ
816 441 1114 496 Ἰουδαίων
1138 440 1312 494 λαοῦ.

264 528 328 584 λ’.
359 530 495 600 Περὶ
518 530 625 600 τοῦ
651 529 881 600 πάθους
904 530 1005 600 καὶ,
1026 529 1136 597 τῆς
1164 529 1549 600 ἀναστάσεως
1574 530 1678 584 τοῦ
1702 533 1831 600 Χρι-

336 597 506 665 στοῦ,
533 598 626 653 καὶ
654 600 784 667 περὶ
810 597 918 667 τῆς
942 599 1211 666 ὴξούσης
1237 599 1463 667 γενεᾶς.

265 693 368 747 λα’.
397 691 533 760 Περὶ
560 692 662 744 τοῦ
688 689 943 759 Χριστοῦ
968 691 1044 756 ὡς
1071 690 1201 760 περὶ
1227 691 1549 756 βασιλέως,
1577 692 1675 744 καὶ
1701 691 1831 759 περὶ

336 760 446 829 τῆς
481 763 551 825 ἐξ
588 760 802 826 αιῶνος
845 761 943 813 καὶ
986 763 1072 826 εις
1111 760 1354 829 ἄπειρον
1371 763 1690 828 ,ϐασιλείας
1729 766 1834 816 αὑ-

339 833 465 895 τοῦ,
496 832 591 885 καὶ
615 830 725 898 τῆς
751 829 867 883 τῶν
889 829 1077 883 ἐθνῶν
1111 831 1434 901 ὑποταγῆς.

267 922 368 995 λβ’.
423 923 559 995 Περὶ
600 923 703 977 τοῦ
747 922 1005 992 Χριστοῦ
1052 923 1130 988 ὡς
1153 924 1285 992 περὶ
1312 924 1529 994 ἀνδρὸς
1566 924 1663 978 καὶ
1700 926 1832 980 υιοῦ

340 993 672 1065 ἀνθρώπου.

270 1084 371 1152 λγ’.
410 1083 547 1152 Περὶ
587 1082 697 1151 τῆς
734 1082 1082 1153 ἐπιφανείας
1118 1082 1220 1137 τοῦ
1255 1085 1527 1152 Χριστοῦ.

269 1174 361 1228 λδ’.
389 1174 527 1243 Περὶ
544 1175 655 1246 Δτοῦ
680 1176 918 1229 αἰωνίου
958 1177 1171 1244 θρόνου
1199 1178 1303 1230 τοῦ
1329 1178 1601 1245 Χριστοῦ,
1636 1177 1730 1231 καὶ
1756 1178 1835 1246 ὠς

340 1247 408 1299 ἐκ
436 1243 771 1324 σπιέρσιιατος
801 1243 998 1324 ,ἔσται
1021 1245 1224 1324 etauio:
1264 1243 1521 1324 καὶπερὶ
1546 1246 1664 1301 τῶν
1688 1243 1835 1303 κατὰ

339 1316 580 1383 καιροὺς
603 1314 873 1384 διωγμῶν
900 1314 1009 1383 τῆς
1046 1317 1427 1385 Ἐκκλησίας.

268 1407 362 1460 λε’.
391 1406 527 1487 Περὶ
571 1404 681 1474 τῆς
723 1405 842 1460 τῶν
873 1404 1066 1461 ἐθνῶν
1094 1410 1365 1475 κλήσεως
1414 1408 1512 1462 καὶ
1549 1408 1654 1462 τοῦ
1704 1410 1836 1477 Χριο

340 1492 510 1531 στου.

268 1564 379 1631 λς’.
414 1564 557 1642 ῌερὲ
575 1563 776 1642 τῆςρξ
1101 1566 1211 1642 τοῦ
1237 1567 1428 1642 Λόγου
1453 1566 1832 1642 ᾀποστολῆςρ

342 1635 438 1689 καὶ
485 1634 594 1706 τῆς
638 1634 756 1687 τῶν
786 1634 979 1706 ,ἐθνῶν
1001 1635 1291 1703 κλήσεως,
1320 1634 1411 1689 καὶ
1455 1638 1699 1706 ἐρημίας
1731 1638 1835 1692 τοῦ

341 1704 629 1773 προτέρου
656 1705 830 1759 λαοῦ.

269 1793 367 1861 λζ’.
396 1796 533 1863 Περὶ
559 1796 662 1866 τοῦ
688 1794 999 1864 προδότου,
1022 1794 1118 1851 καὶ
1144 1794 1252 1864 τῆς
1278 1795 1424 1850 κατὰ
1447 1796 1553 1850 τοῦ
1581 1798 1836 1866 Χριστοῦ

338 1865 684 1932 ἐπιϐουλῆς.

270 1953 337 2027 λη
359 1956 541 2027 ..Περὶ
578 1955 691 2027 δύο
715 1955 957 2027 -Κυρίων
988 1956 1218 2027 Πατρός
1242 1954 1336 2007 καί
1358 1955 1532 2027 ᾲΥίοῦ,
1561 1956 1659 2009 καὶ
1708 1959 1840 2026 περὶ

341 2024 448 2091 τῆς
484 2024 595 2092 πρὸ
640 2023 851 2091 αἰῶνος
895 2026 1232 2091 οὐσιώσεως
1280 2025 1381 2078 τοῦ
1434 2027 1709 2093 Χριστοῦ,
1741 2023 1839 2083 καὶ

345 2094 451 2164 τῆς
462 2095 654 2149 ἀϊδίου
682 2096 1125 2163 ἀρχιερωσύνης
1148 2094 1332 2148 αὑτοῦ
1350 2096 1445 2148 καὶ
1463 2095 1565 2150 τοῦ
1589 2095 1836 2166 πάθους.

271 2183 369 2240 λθ’.
396 2184 533 2253 Περὶ
564 2184 670 2238 τοῦ
695 2184 947 2253 Χριστοῦ
972 2184 1050 2250 ὡς
1080 2183 1209 2252 περὶ
1243 2182 1474 2250 ἀνδρός.

275 2275 514 2400 ﬁngam
538 2274 642 2354 τοῦ
668 2275 924 2344 Χριστοῦ
946 2277 1025 2343 ὡς
1045 2276 1174 2346 περὶ
1204 2277 1376 2330 λίθου
1394 2290 1408 2307 ’
1446 2275 1540 2328 καὶ
1565 2275 1696 2345 περὶ
1735 2276 1841 2331 τοῦ

422 2361 636 2398 σαννα.

422 2361 636 2398 σαννα.

276 2435 385 2505 μα’.
426 2436 563 2502 Περὶ
608 2435 719 2503 τῆς
760 2435 1018 2505 Χριστοῦ
1056 2434 1399 2501 βασιλείας,
1426 2434 1521 2487 καὶ
1563 2434 1643 2501 ὡς
1673 2435 1841 2488 ἔσται

342 2506 459 2560 ἀπὸ
493 2506 697 2560 Δαυίδ.

277 2598 382 2669 μβ’.
406 2599 543 2667 Περὶ
568 2598 675 2652 τοῦ
696 2597 922 2663 πάθους
954 2596 1050 2650 καὶ
1088 2595 1198 2663 τῆς
1222 2594 1631 2661 ἀναστάσεως.

277 2690 385 2760 pf.
413 2690 551 2761 Περὶ
580 2690 689 2757 τῆς
721 2688 784 2754 ἐξ
828 2687 1098 2756 οὐρανῶν
1134 2687 1388 2741 καθόδου
1413 2686 1518 2740 τοῦ
1547 2686 1825 2754 Χριστοῦ.

276 2782 376 2853 μδ.
422 2781 560 2851 Περὶ
588 2778 697 2849 τῆς
739 2778 808 2843 ἐξ
854 2776 1123 2848 οὐρανῶν
1165 2776 1513 2845 ἀποστολῆς
1558 2775 1663 2829 τοῦ
1691 2775 1839 2829 Θεοῦ

276 2854 627 3016 μεῖῗῗὲῗυδιὰ
654 2940 758 2995 τοῦ
799 2939 947 2993 Θεοῦ
1003 2940 1194 3009 Λόγου
1223 2941 1295 2991 τὰ
1320 2938 1641 3007 σύμπαντα
1663 2934 1836 3003 δεδη-

343 3016 703 3086 μιούργηται.

770 3235 1132 3320 ΛΟΓΟΣ
1198 3237 1303 3322 B'.

343 3483 405 3553 (f.
453 3483 537 3555 18)
583 3483 1026 3554 Περιγρὰψαντες
1091 3483 1187 3547 τὰς
1234 3484 1341 3536 ἀπὸ
1393 3481 1501 3537 τῶν
1548 3482 1836 3555 ἱστορικῶν

270 3575 501 3646 Γραφῶν
549 3574 674 3646 περὶ
714 3574 805 3627 τοῦ
833 3575 1077 3647 Σωτῆρος
1123 3574 1279 3646 ήμῶν
1330 3576 1662 3647 μαρτυρίας,
1710 3575 1837 3647 ἑξῆς

274 3667 507 3732 ἐκείναις
553 3666 650 3731 τὰς
695 3667 801 3720 ἀπὸ
842 3667 946 3721 τῶν
993 3668 1260 3739 στιχηρῶν
1301 3671 1358 3721 ὲν
1389 3668 1617 3739 δευτέρᾳ
1664 3668 1837 3742 ταύτῃ

273 3759 520 3825 συντάξει
551 3760 657 3814 τῶν
682 3759 947 3829 Ἐκλογῶν
977 3758 1403 3830 ἀπανθισάμενοι
1435 3759 1833 3830 προσθήσομεν·

270 3853 352 3905 ὅτι
386 3852 449 3922 δὴ
492 3850 661 3904 ταῦτα
704 3854 814 3916 τοῖς
845 3852 1055 3923 χρόνοις
1108 3850 1213 3905 τῶν
1252 3850 1454 3906 λοιπῶν
1492 3854 1837 3925 προφητειὼν

271 3945 505 4013 ἡγεῖται.
543 3942 647 3996 Καὶ
692 3941 755 4013 δὴ
802 3942 1021 4012 πρώτας
1072 3942 1168 4007 τὰς
1220 3944 1326 3996 ἀπὸ
1375 3944 1474 4014 τῆς
1508 3943 1689 4013 βίϐλου
1728 3943 1836 3997 τῶν

273 4034 517 4106 Ψαλμῶν
561 4033 1000 4105 ἐπισκεψώμεθα.

790 4146 1182 4199 ΚΕΦΑΛΑΙΟΝ
1239 4148 1318 4203 A'.

877 4262 1123 4332 Ψαλμοῦ
1162 4268 1233 4315 α’.

349 4392 368 4423 ι
411 4371 696 4443 Μακάριος
754 4371 892 4442 ἀνὴρ
945 4370 1003 4434 ὃς
1066 4370 1165 4423 οὐκ
1223 4370 1489 4441 ἐπορεύθη
1551 4371 1609 4423 ὲν
1670 4368 1830 4441 βουλῇ

272 4464 505 4528 ὰσεδῶν,
539 4466 630 4518 καὶ
664 4466 721 4517 ὲν
753 4463 857 4533 ὁδῷ
885 4462 1218 4535 ἁμαρτωλῶν
1265 4464 1365 4515 οὐκ
1407 4462 1535 4534 ἔστη
1557 4502 1571 4526 ,
1602 4464 1695 4515 καὶ⁵
1742 4463 1833 4516 ἐπὶ

274 4556 538 4627 καθέδραν
577 4555 779 4625 λοιμῶν
807 4557 907 4610 οὐκ
940 4555 1215 4609 ὲκάθισεν’
1266 4556 1379 4609 ἀλλ’
1412 4554 1444 4625 ἢ
1492 4558 1548 4608 ἐν
1576 4554 1653 4625 τῷ
1683 4555 1834 4626 νόμῳ

274 4648 479 4719 Κυρίου
521 4648 581 4701 τὸ
626 4648 834 4720 θέλημα
883 4649 1066 4715 αὐτοῦ,
1117 4651 1207 4704 καὶ
1253 4653 1310 4704 ἐν
1355 4648 1432 4719 τῷ
1477 4648 1626 4718 νόμῳ
1670 4647 1831 4701 αὑτοῦ

278 4740 560 4813 μελετήσει
607 4741 817 4813 ἡμέρας
869 4743 962 4796 καὶ
1014 4743 1223 4805 νυκτός.
1256 4762 1274 4794 ι
1332 4741 1439 4794 Καὶ
1483 4740 1600 4794 τίνα
1650 4739 1715 4793 ἄν
1752 4756 1834 4803 τις

277 4832 389 4904 ἔχοι
433 4832 806 4886 ἀποδεικνύναι
855 4835 934 4897 εἰς
984 4832 1249 4903 τοσαύτην
1297 4832 1465 4899 ὲξέσω
1520 4829 1832 4899 (ὲξαῑσιονῖ)

275 4925 475 4996 ἀρετὴν
529 4924 826 4995 ὲληλακότα
867 4925 941 4987 ὡς
993 4927 1049 4978 ὲν
1098 4926 1283 4996 μηδενὶ
1307 4925 1491 4995 τρόπῳ
1536 4920 1602 4995 ἧς
1640 4925 1835 4994 δηποτ-

275 5016 371 5069 οὖν
418 5020 728 5083 περιπεσεῖν
773 5016 1060 5088 ἁμαρτίας,
1089 5018 1225 5086 ὅπερ
1256 5017 1539 5087 σημαίνειν
1572 5032 1658 5085 μοι
1686 5016 1833 5069 δοκεῖ

276 5107 359 5171 τὸ,
397 5128 414 5160 ι
439 5110 549 5161 Οὐκ
576 5111 843 5182 ἐπορεύθη
876 5114 933 5165 ὲν
958 5112 1117 5184 βουλῇ
1141 5114 1371 5176 ἀσεῦῶν,
1400 5134 1417 5165 ι
1441 5114 1535 5167 καὶ
1564 5114 1644 5175 τὸ,
1673 5132 1691 5164 ι
1720 5114 1832 5166 Οὐκ

277 5200 408 5269 ἔστη
423 5201 479 5251 ὲν
608 5202 964 5274 ἁμαρτωλῶν,
986 5223 1004 5255 ι
1020 5204 1080 5257 τό
1094 5221 1150 5257 τε
1168 5224 1185 5256 ι
1211 5206 1330 5259 Ἐπὶ
1348 5204 1614 5272 καθέδραν
1632 5202 1832 5273 λοιμῶν

276 5291 379 5344 οὐκ
422 5291 669 5347 ἐκάθισε·
704 5315 723 5347 ι
774 5294 837 5348 δι’
867 5290 942 5349 ὧν
988 5296 1274 5367 δηλοῦσθαι
1310 5297 1514 5368 νομίζω
1543 5297 1602 5349 τὸ
1651 5296 1827 5367 πάντη

275 5383 535 5453 ἄγευστον
584 5387 851 5459 ἁμαρτίας
891 5387 983 5442 τοῦ
1025 5388 1483 5460 μακαριζομένουο
1524 5388 1584 5441 τὸ
1614 5387 1721 5458 γὰρ
1754 5388 1828 5460 μὴ

280 5476 438 5546 μόνον
475 5476 530 5528 ὲν
557 5480 665 5541 τοῖς
686 5478 909 5531 τοιοῖσδε
957 5479 1030 5549 μὴ
1069 5479 1415 5550 πορευθῆναι,
1447 5479 1567 5550 μηδ’
1590 5479 1830 5549 ὡσπερεὶ

278 5563 566 5638 βαδίσαντα
608 5567 874 5638 προκάψαι
901 5610 915 5634 ,
961 5568 1095 5622 ἀλλὰ
1148 5569 1253 5640 γὰρ
1303 5569 1433 5642 μηδὲ
1478 5570 1827 5644 καθεσθῆναι,

350 5722 395 5754 ’⁸
433 5720 572 5777 Psal.
608 5737 654 5787 i,
693 5723 744 5785 Ι,
778 5720 834 5774 2.

1864 3310 1913 3374 C

1931 530 2129 612 50..De
2158 530 2401 669 passione
2432 538 2481 584 et
2512 531 2887 585 resurrectione
2926 529 3139 591 Christi,
3176 528 3240 584 de
3277 546 3495 601 genera-

2011 612 2145 655 tione
2192 612 2369 654 utura.

2011 612 2145 655 tione
2170 612 2369 655 tutura.

1931 694 2024 749 51.
2068 692 2144 747 De
2179 691 2385 745 Christo
2412 693 2565 762 quasi
2594 710 2728 763 rege,
2760 692 2824 746 de
2856 704 3048 747 wterno
3072 693 3376 763 inﬁnitaque
3408 709 3491 747 re-

2003 781 2101 834 gno
2126 764 2261 833 ejus,
2299 763 2363 817 de
2394 764 2621 833 gentium
2658 763 3109 819 subordinatione.

1933 930 2022 985 52.
2056 930 2135 986 De
2166 930 2375 986 Christo
2400 933 2555 1003 quasi
2584 934 2693 987 viro
2714 934 2926 1004 ﬁlioque
2946 933 3192 990 hominis.

1934 1090 2019 1144 55.
2047 1089 2122 1142 De
2152 1089 2351 1145 Christi
2384 1093 2824 1162 manifestatione.

1932 1183 2041 1255 5ιᾷ
2060 1182 2133 1236 De
2163 1195 2354 1255 merito
2384 1183 2581 1239 Christi
2602 1186 2755 1245 solio,
2778 1197 2825 1240 et
2848 1188 3105 1255 quomodo
3132 1189 3200 1242 sit
3235 1204 3262 1241 e
3296 1188 3489 1245 semine

2004 1251 2251 1317 Davidis;
2277 1254 2337 1309 de
2375 1257 2701 1324 temporariis
2736 1251 2985 1311 Ecclesia:
3017 1258 3481 1327 persecutionibus.

1934 1409 2022 1463 55.
2058 1408 2136 1462 De
2167 1410 2395 1479 gentium
2426 1413 2693 1465 vocatione
2716 1421 2764 1466 et
2785 1417 2848 1466 de
2872 1412 3103 1470 Christo.

1936 1565 2132 1641 56.‘De
2177 1566 2372 1641 caelesti
2430 1567 2583 1622 Verbi
2630 1568 2911 1641 missione;
2955 1568 3019 1623 de
3065 1570 3296 1641 gentium
3344 1587 3497 1627 poca-

2008 1637 2146 1692 tione
2177 1632 2460 1708 veterisque
2482 1640 2661 1708 populi
2686 1640 3038 1695 derelictione.

1940 1791 2028 1845 57.
2066 1791 2142 1846 De
2176 1794 2444 1862 proditore
2463 1804 2513 1849 et
2545 1795 2608 1849 de
2631 1794 2876 1849 adversus
2908 1793 3175 1850 Christum
3197 1796 3425 1851 insidiis.

1940 1946 2028 2001 58.
2062 1946 2135 2000 De
2177 1947 2379 2003 duobus
2422 1949 2652 2005 dominis
2701 1951 2861 2006 Patre
2891 1963 2941 2007 et
2986 1951 3149 2015 Filio,
3180 1953 3243 2007 de
3296 1951 3497 2009 Christi

2014 2028 2133 2070 ante
2164 2019 2411 2090 statutum
2442 2022 2770 2085 exsistentia,
2800 2024 2864 2077 de
2892 2034 3085 2078 (eterna
3111 2024 3222 2090 eius
3252 2025 3496 2078 sacerdo-

2013 2090 2085 2141 tio
2115 2103 2161 2141 et
2194 2089 2256 2142 de
2288 2092 2556 2158 passione.

1940 2180 2029 2235 59.
2072 2179 2143 2233 De
2170 2177 2381 2235 Christo
2399 2182 2551 2251 quasi
2576 2183 2707 2235 viro.

1941 2274 2032 2329 40.
2063 2273 2139 2326 De
2160 2270 2369 2327 Christo
2388 2274 2540 2343 quasi
2560 2271 2760 2342 lapide,
2784 2270 2847 2327 de
2880 2271 3190 2329 llosannah.

1942 2430 2032 2483 41.
2066 2428 2141 2484 De
2164 2427 2361 2485 Christi
2398 2445 2574 2500 regno,
2603 2438 2653 2484 et
2690 2428 2947 2500 quomodo
2969 2431 3038 2484 sit
3066 2447 3098 2483 a
3132 2428 3355 2484 Doride.

1941 2592 2030 2646 l2.
2073 2591 2149 2645 De
2180 2594 2422 2660 passione
2448 2602 2496 2647 et
2529 2594 2927 2648 resurrectione.

1938 2683 2029 2737 45.
2060 2683 2130 2737 De
2151 2683 2349 2738 Christi
2375 2701 2407 2737 a
2436 2684 2579 2737 caelis
2602 2683 2870 2738 descensu.

1937 2774 2029 2829 M.
2067 2770 2140 2827 De
2178 2773 2275 2827 Dei
2314 2773 2465 2827 Verbi
2494 2790 2527 2827 a
2556 2774 2699 2827 cretis
2731 2774 2998 2828 missione.

1939 2930 2032 2986 ιε.
2060 2927 2328 2997 Quomodo
2354 2943 2445 2999 per
2466 2927 2561 2983 Dei
2591 2927 2810 2984 Verbum
2834 2927 3009 2984 omnia
3032 2934 3206 2982 creata
3239 2932 3381 2982 sunt.

1860 3136 1930 3151 ἀ

2438 3229 2791 3316 LIBER
2870 3230 3003 3317 Il.

2009 3491 2145 3546 Cum
2176 3486 2664 3558 conscripserimus
2699 3501 2765 3540 ex
2797 3484 3073 3541 historicis
3108 3482 3405 3555 Scripturis
3434 3483 3498 3541 de

1943 3583 2224 3638 Salvatore
2254 3586 2442 3633 nostro
2472 3577 2804 3639 testimonia,
2838 3590 2900 3630 ea
2929 3591 3047 3644 qua:
3081 3576 3136 3628 in
3184 3576 3409 3645 poeticis
3439 3576 3494 3629 li-

1944 3674 2059 3729 bris
2084 3672 2433 3727 inveniuntur
2456 3669 2853 3740 recolligentes,
2900 3668 3025 3721 huic
3056 3665 3316 3721 addemus
3348 3665 3496 3720 Eclo.

1944 3782 2134 3839 garum
2162 3763 2486 3829 collectioni,
2516 3776 2580 3816 eo
2610 3759 2754 3830 quod
2786 3758 3083 3814 secundum
3116 3757 3374 3827 temporis
3408 3773 3495 3813 cr-

1945 3860 2126 3913 dinem
2175 3856 2386 3910 exteris
2433 3860 2688 3908 anteeunt
2719 3850 3037 3922 prophetiis.
3089 3848 3268 3903 Primo
3313 3850 3496 3918 igitur,

1942 3964 2062 4022 qua:
2111 3949 2166 4003 in
2198 3947 2538 4002 Psalmorum
2589 3942 2729 3997 libro
2774 3942 3138 4005 continentur,
3187 3940 3497 4010 explanabi-

1940 4060 2081 4099 mus.

2560 4145 2790 4204 CAPUT
2828 4145 2869 4201 l.

2532 4261 2581 4316 E
2607 4260 2812 4332 psalmo
2855 4256 2902 4312 1.

2016 4402 2033 4435 ι
2070 4381 2268 4437 Beatus
2298 4380 2380 4434 vir
2400 4380 2491 4450 qui
2528 4394 2635 4433 non
2670 4377 2801 4430 abiit
2832 4374 2886 4428 in
2909 4370 3143 4427 concilio
3186 4367 3494 4438 impiorum.

1937 4484 1991 4531 et
2024 4475 2080 4529 in
2106 4476 2190 4527 via
2217 4481 2559 4543 peccatorum
2596 4484 2705 4522 non
2740 4468 2923 4529 stetit,
2957 4473 3012 4519 et
3037 4466 3090 4517 in
3122 4461 3374 4518 cathedra
3405 4474 3484 4530 pc-

1939 4567 2191 4623 stilentize
2240 4579 2350 4619 non
2403 4562 2560 4617 sedit.
2621 4558 2725 4614 Sed
2768 4560 2820 4612 in
2848 4558 2962 4626 lege
2997 4554 3206 4607 Domini
3248 4554 3493 4607 voluntas

1938 4658 2079 4727 ejus,
2116 4665 2171 4709 et
2202 4654 2255 4708 in
2284 4654 2399 4723 lege
2426 4651 2547 4719 ejus
2578 4648 2925 4705 meditabitur
2953 4643 3042 4698 die
3075 4658 3140 4697 ac
3180 4649 3339 4696 nocte
3367 4640 3433 4694 ".
3470 4658 3490 4691 ι

1938 4748 2072 4814 Quis
2099 4745 2328 4801 inveniri
2369 4751 2545 4813 potest
2589 4740 2656 4793 ad
2691 4739 2741 4792 ἰιΙ
2775 4737 3021 4809 perfecta:
3054 4733 3273 4789 virtutis
3306 4745 3485 4800 prove-

1937 4852 2093 4902 ctus,
2123 4838 2217 4907 qui
2241 4851 2309 4891 ne
2337 4834 2612 4888 minimam
2641 4832 2856 4901 quidem
2888 4828 3137 4883 admittat
3160 4824 3372 4894 culpam
3392 4860 3408 4887 ,
3438 4829 3495 4874 ut

1938 4932 2180 4986 indicare
2232 4928 2362 4982 mibi
2410 4924 2663 4980 videntur
2706 4937 2770 4977 ea
2819 4920 3004 4986 verba,
3056 4937 3075 4968 ι
3107 4916 3222 4971 Non
3258 4914 3391 4968 abiit
3440 4912 3495 4967 in

1938 5022 2169 5078 concilio
2199 5019 2486 5090 impiorum
2507 5056 2523 5081 ,
2569 5017 2623 5070 in
2672 5014 2758 5068 via
2786 5017 3131 5082 peccatorum
3184 5021 3292 5060 non
3322 5003 3491 5064 stetit,

1938 5116 1993 5169 in
2024 5113 2280 5169 cathedra
2315 5108 2636 5181 pestilentiae
2675 5120 2782 5160 non
2825 5102 2997 5166 sedit;
3028 5120 3049 5154 ι
3082 5098 3282 5170 quibus
3309 5103 3494 5151 osten-

1936 5206 1989 5259 di
2033 5207 2228 5275 opinor
2264 5202 2487 5257 omniuo
2536 5196 2744 5268 peccati
2783 5193 3072 5247 immunem
3116 5188 3207 5258 qui
3249 5187 3337 5240 hic
3367 5186 3493 5238 bea-

1937 5306 2025 5353 tus
2052 5299 2394 5366 pmdicatur.
2432 5291 2640 5365 Etenim
2671 5301 2778 5341 non
2816 5291 3026 5337 tantum
3060 5281 3114 5334 in
3142 5278 3337 5334 talibus
3362 5290 3492 5330 con-

1934 5390 2072 5443 ciliis
2096 5402 2203 5443 non
2230 5387 2450 5451 abiisse,
2498 5390 2571 5440 et.
2606 5380 2650 5433 si
2683 5374 3071 5437 ambulaverit,
3118 5386 3226 5425 non
3273 5383 3493 5439 proces-

1935 5477 2093 5540 sisse,
2134 5476 2229 5531 sed
2268 5476 2412 5531 enim
2457 5488 2631 5541 neque
2661 5468 2890 5531 sedisse,
2936 5479 3110 5535 neque
3142 5475 3380 5532 unquam
3405 5460 3492 5514 in-

1932 5569 2187 5630 cessisse.
2219 5583 2393 5639 neque
2428 5565 2645 5623 stetisse
2676 5564 2731 5618 in
2763 5561 2842 5618 eis
2864 5599 2880 5626 ,
2936 5573 3115 5616 nonne
3142 5555 3269 5612 illud
3293 5555 3492 5609 mirum
