3952 6198
613 321 742 377 1091

1325 315 1594 372 EUSEBII
1634 306 2116 372 CESABIENSIS
2153 307 2302 369 OPP.
2345 311 2524 370 PARS
2564 307 2648 368 III.
2690 343 2757 352 —
2787 305 3172 369 EXEGETICA

3639 325 3732 380 1092

611 433 688 515 sit
713 441 766 488 et
797 427 1176 486 rarissimum?
1221 427 1400 508 Mente
1444 428 1610 484 etiam
1658 425 2172 498 amplificatur-laus

2171 440 2184 480 ς
2213 432 2257 486 Α
2290 422 2424 494 μηδὲ
2461 423 2566 494 μὴν
2597 423 2732 486 δλως
2763 423 3016 494 ἐπιϐῆναι
3051 423 3148 494 τὴν
3177 426 3367 496 ἀρχὴν,
3407 426 3523 499 μηδὲ
3543 429 3676 504 στῆ-,ιι
3695 443 3732 494 εν

614 501 718 579 viri
744 524 810 578 de
835 537 944 593 quo
977 521 1066 576 hic
1089 519 1294 576 mentio
1325 501 1576 576 habetur.
1625 517 1810 588 Neque
1853 519 1997 573 enim
2034 517 2187 582 abiit,

615 620 711 680 ait,
742 629 919 686 neque
949 615 1122 678 stetit,
1157 612 1334 682 neque
1375 611 1515 668 sedit
1557 611 1612 666 in
1645 610 1842 666 talibus
1874 609 2188 682 improbita-

611 707 683 761 tis
713 703 1000 775 speciebus
1029 722 1042 758 :
1070 718 1241 774 quare
1257 701 1418 757 nobis
1437 702 1658 757 videtur
1681 701 1767 756 hic
1790 707 1990 756 aeterne
2026 707 2189 770 atque

609 798 666 852 in
695 796 951 852 omnibus
981 795 1298 866 praecellens
1326 794 1422 848 illo
1453 793 1612 849 beato
1644 793 1942 864 designari.
1989 793 2186 849 Multos

607 887 828 960 quidem
885 886 1072 942 videre
1123 895 1208 940 est
1259 884 1544 956 diligentia
1599 893 1761 954 atque
1798 882 2186 938 exercitatione

607 980 955 1050 conspicuos.
1003 977 1098 1034 sed
1143 975 1454 1034 istiusmodi
1499 975 1774 1030 neminem
1807 975 2049 1043 psalmus
2091 973 2184 1028 de-

609 1075 822 1130 scribit.
905 1072 961 1127 Si
1007 1073 1132 1144 quis
1181 1073 1326 1126 enim
1388 1070 1630 1126 attendat
1691 1077 1957 1139 quantum
2009 1067 2081 1122 sit
2128 1068 2182 1120 in

609 1164 864 1220 omnibus
893 1179 1155 1234 prospere
1199 1163 1414 1227 cedere,
1455 1169 1605 1217 recte
1645 1176 1829 1216 coram
1859 1158 1966 1215 Deo
1993 1156 2184 1212 ambu-

607 1257 743 1322 lare,
787 1256 843 1309 in
871 1255 1016 1309 nulla
1051 1270 1109 1310 re
1138 1267 1345 1318 errare,
1382 1268 1558 1324 neque
1587 1268 1618 1308 a
1661 1252 1878 1308 virtutis
1903 1249 2183 1321 proposito

607 1347 904 1410 declinare,
945 1346 1091 1402 sicut
1134 1345 1187 1399 in
1237 1345 1340 1399 hoc
1389 1345 1602 1414 psalmo
1644 1343 1886 1399 dicitur:
1930 1363 1949 1395 ι
1987 1341 2180 1398 Omnia

609 1453 946 1509 quaecunque
973 1436 1155 1500 faciet,
1186 1438 1659 1507 prosperabuntur
1681 1439 1762 1496 ’9;
1803 1456 1822 1490 ι
1862 1437 1909 1492 si
1933 1435 2057 1507 quis
2087 1449 2181 1490 re-

609 1537 761 1599 putet
785 1529 943 1599 quale
966 1528 1058 1592 sit,
1083 1529 1533 1599 praadicariquasi
1551 1528 1604 1582 in
1627 1528 1880 1583 omnibus
1903 1527 2178 1598 propriam

606 1623 936 1676 voluntatem
970 1637 1091 1676 cum
1120 1621 1332 1676 Domini
1363 1622 1480 1692 lege
1519 1628 1942 1678 consentaneam
1976 1621 2178 1674 haben.

605 1721 737 1780 tem,
755 1723 918 1786 atque
941 1729 1160 1785 operam
1188 1715 1499 1786 impendere
1526 1715 1670 1770 illius
1698 1713 2039 1770 meditationi
2069 1729 2176 1768 non

2289 516 2504 578 αὐτοῖς,
2563 515 2678 580 πῶς
2723 517 2783 568 οὐ
2817 516 3127 588 θαυμαστόν
3171 535 3222 571 τι
3262 520 3440 590 χρῆμα
3479 525 3557 575 καὶ
3590 529 3736 582 σπάνιον

2286 609 2580 678 τυγχάνει;
2629 609 2963 680 Παρίσταται
2999 609 3054 662 δὲ
3086 610 3284 680 μᾶλλον
3326 614 3389 683 τῇ
3429 613 3600 688 διανοίᾳ
3624 637 3754 692 παρα..

2286 699 2522 763 τατικῶς
2560 700 2824 772 εἰρημένα
2858 701 2926 753 τὰ
2960 700 3053 754 τοῦ
3085 701 3408 772 δηλουμένου
3447 707 3602 778 ἀνδρὸς
3625 711 3743 778 ἐγώ»

2288 808 2386 861 μια
2406 808 2418 820 ·
2455 789 2577 844 οὔτε
2606 791 2712 863 γὰρ
2743 791 3031 864 ἐπορεύθη,
3061 795 3246 865 φησὶν,
3273 794 3382 848 οὒτ’
3405 796 3537 869 ἔστη,
3557 800 3741 858 οΰτὲκά-

2285 883 2432 936 θισεν
2486 885 2543 937 ἐν
2593 887 2706 948 τοῖς
2767 886 2992 940 τοιοῖσδε
3041 887 3141 959 τῆς
3187 886 3384 951 κακίας
3440 889 3592 958 εἴδεσι,
3635 890 3744 948 δι’ὧν

2283 972 2608 1044 ἐμφαίνεται
2634 976 2668 1045 ἡ
2697 975 2760 1027 ἐκ
2787 975 2880 1028 τοῦ
2912 976 2999 1029 ἀεὶ
3029 977 3122 1030 καὶ
3144 977 3231 1030 διὰ
3259 978 3452 1043 παντὸς
3476 981 3669 1056 ἐνάρετος
3684 987 3744 1040 ari

2285 1064 2723 1138 μακαριζομένον
2774 1067 3120 1132 κατάστασις.
3180 1070 3412 1134 Πολλοὺς
3463 1073 3544 1143 μὲν
3571 1071 3641 1128 οὖν
3664 1081 3745 1140 τοὺς

2280 1157 2346 1210 ἐκ
2371 1158 2643 1230 προσοχῆς
2662 1157 2756 1211 καὶ
2775 1159 3060 1230 ἀσκήσεως
3084 1161 3504 1234 κατωρθωκότας
3523 1165 3601 1218 ίδοι
3617 1167 3666 1221 ἄν
3679 1185 3744 1231 τις,

2279 1247 2468 1301 οὐδένα
2497 1265 2560 1329 γε
2592 1249 2696 1321 μὴν
2729 1248 2967 1304 τοιοῦτον
3009 1251 3192 1306 ὁποῖον
3222 1253 3252 1305 ὁ
3280 1253 3482 1326 ψαλμδς
3513 1254 3742 1327 διαγράφω

2281 1343 2329 1394 εί
2360 1341 2752 1413 δὲθεωρησειέ
2793 1360 2877 1406 τις
2916 1337 3174 1414 ὁπηλίκον
3217 1346 3365 1399 ἐστὶν
3401 1346 3458 1398 τὸ
3496 1346 3606 1418 πρὸς
3628 1331 3744 1402 nam

2279 1433 2487 1504 εὐροεῖν
2521 1433 2616 1486 καὶ
2646 1433 2790 1487 κατὰ
2813 1434 2944 1488 Θεὸν
2973 1436 3286 1491 εὐοδοῦσθαι
3320 1440 3376 1492 ἐν
3407 1439 3572 1509 μηδενὶ
3592 1441 3743 1508 σφαλλό-

2281 1543 2440 1594 μενον
2459 1567 2474 1593 ,
2521 1527 2643 1598 μηδ’
2670 1527 3046 1582 ἁποπίπτοντα
3098 1529 3193 1582 τοῦ
3239 1533 3360 1583 κατ’
3389 1530 3566 1603 ἀρετὴν
3591 1532 3738 1596 σκοποῦ,

2277 1617 2354 1681 ὡς
2391 1617 2532 1672 κατὰ
2574 1618 2732 1671 τοῦτο
2778 1616 3028 1688 λέγεσθαι
3079 1622 3138 1673 ὲν
3181 1620 3261 1693 τῷ
3315 1621 3503 1694 ψαλμῷ
3543 1624 3605 1684 τὸ,
3637 1626 3742 1678 ilio}:

2278 1709 2456 1762 πάντα
2497 1711 2596 1763 ὅσα
2637 1710 2704 1765 ἂν
2740 1712 2889 1782 ποιῇ,
2934 1711 3465 1785 κατευοδωθήσεταιο
3498 1736 3515 1766 ι
3565 1715 3625 1768 ἐτι
3656 1716 3746 1768 δὲεί

609 1815 818 1862 tantum
843 1815 955 1862 tota
978 1807 1085 1872 die,
1113 1807 1207 1864 sed
1233 1816 1287 1864 et
1313 1817 1496 1870 nocte,
1527 1808 1785 1878 vigilibus
1820 1808 2017 1862 mentis
2045 1821 2170 1861 ocu-

2206 1815 2248 1870 Β
2278 1801 2663 1872 κατανοήσειεν
2727 1802 2910 1854 ὁποῖόν
2961 1803 3076 1856 ἐστι
3139 1803 3204 1856 τὸ
3267 1805 3632 1876 ἀνακεκρᾶσθαι
3667 1808 3745 1858 τινὰ

608 1900 676 1954 lis
706 1915 919 1971 semper
947 1901 1002 1954 in
1027 1915 1144 1955 eam
1177 1902 1477 1964 conversis,
1513 1909 1566 1956 et
1593 1916 1700 1954 non
1731 1907 1938 1955 tantum
1966 1899 2175 1954 diurnis

605 1993 862 2062 operibus
890 1994 973 2050 vel
1006 1993 1374 2058 sermonibus,
1425 1993 1520 2049 sed
1548 2003 1602 2049 et
1630 2010 1726 2065 per
1761 2009 2009 2050 somnum
2034 1993 2178 2063 cogi-

605 2085 904 2140 tationibus
951 2095 1113 2157 atque
1156 2086 1633 2157 imaginationibus
1687 2087 1741 2140 in
1786 2086 1891 2141 hac
1943 2083 2174 2141 medita-

605 2179 751 2234 tione
797 2187 1094 2244 versatum,
1144 2186 1478 2250 compertam
1507 2177 1730 2233 habebit
1783 2177 2173 2234 sublimitatem

606 2272 752 2327 illius
795 2287 954 2342 quem
1005 2272 1140 2326 adeo
1171 2269 1473 2340 perfectum
1518 2269 1612 2326 Dei
1649 2267 1889 2341 Spiritus
1922 2277 2171 2324 testatur.

604 2363 674 2416 At
716 2363 760 2418 si
807 2363 1050 2416 omnium
1098 2377 1372 2418 consensu
1412 2362 1529 2416 haec
1565 2361 1856 2415 humanam
1918 2368 2176 2430 superant

606 2464 882 2518 naturam,
907 2454 1000 2508 uni
1025 2453 1190 2523 igitur
1220 2454 1334 2508 viro
1365 2466 1606 2520 congrua
1632 2467 1755 2508 esse
1778 2458 2028 2521 possunt,
2047 2459 2175 2504 nato

604 2547 852 2601 videlicet
881 2561 910 2601 e
941 2543 1160 2598 Davidis
1206 2545 1413 2599 semine
1457 2545 1756 2599 secundum
1795 2559 2015 2598 carnem
2043 2543 2173 2598 Jesu

603 2635 842 2702 Christo,
879 2635 1108 2689 Domino
1133 2646 1185 2689 et
1207 2632 1475 2690 Salvatori
1506 2640 1718 2698 nostro,
1744 2632 1810 2687 de
1837 2647 1946 2703 quo
1967 2632 2086 2688 solo
2117 2631 2172 2685 in

603 2723 741 2780 Isaia
769 2742 799 2778 a
831 2723 1034 2794 Spiritu
1064 2723 1249 2779 divino
1281 2731 1648 2788 memoratur,
1689 2742 1710 2774 ‹
1739 2724 1883 2794 quod
1915 2724 2174 2794 iniquita-

606 2821 712 2867 tem
743 2827 849 2866 non
878 2811 1086 2877 fecerit,
1117 2829 1294 2884 neque
1323 2813 1483 2866 dolus
1525 2812 1689 2868 fuerit
1712 2815 1768 2868 in
1795 2829 1890 2868 ore
1919 2815 2039 2884 ejus
2069 2817 2108 2869 ⁸.
2147 2836 2166 2868 ι

603 2909 739 2960 Cum
771 2919 832 2959 ea
865 2904 1312 2975 interpretatione
1337 2905 1496 2974 plane
1526 2906 1778 2974 congruit
1803 2905 2067 2961 Hebraica
2097 2908 2173 2962 le-

601 2997 734 3061 ctio,
761 2997 988 3052 articulo
1016 3012 1271 3068 expresse
1297 2996 1541 3050 adhibito
1574 3015 1588 3052 :
1624 3017 1642 3049 ι
1682 2997 1880 3054 Beatus
1909 3000 1997 3056 ille
2028 3000 2165 3057 vir.»

595 3071 838 3172 iDecebat
867 3089 1085 3160 quidem
1117 3097 1323 3160 patrem
1348 3089 1646 3144 secundum
1674 3105 1893 3146 carnem
1924 3090 2172 3147 Salvato-

2277 1891 2562 1963 όμοδοξοῦν
2623 1893 2814 1964 ἔχοντα
2863 1893 2926 1946 τὸ
2989 1893 3116 1947 ἴδιον
3163 1895 3332 1949 αὐτοῦ
3395 1895 3581 1966 θέλημα
3613 1897 3655 1948 τὸ
3684 1896 3744 1947 τώ

2277 1985 2480 2057 Κυρίου
2529 1985 2716 2058 νόμῳ,
2759 1987 2822 2040 τό
2863 2003 2921 2039 τε
2979 1986 3208 2060 μελετᾷν
3260 1989 3320 2042 ἐν
3365 1989 3504 2060 αὑτῷ
3544 1991 3604 2059 μὴ
3644 1989 3746 2059 μόνον

2274 2076 2340 2129 δι’
2367 2076 2492 2148 ὅλης
2521 2077 2734 2148 ἡμέρας
2773 2078 2907 2133 ἀλλὰ
2936 2082 3027 2133 καὶ
3057 2080 3144 2134 διὰ
3171 2079 3274 2151 τῆς
3300 2081 3482 2146 νυκτὸς
3515 2080 3747 2151 ἐγρηγορότι

2274 2169 2386 2234 τοῖς
2430 2171 2529 2240 τῆς
2573 2171 2810 2236 διανοίας
2857 2172 3154 2244 ὀφθαλμοῖς
3211 2177 3293 2239 είς
3347 2174 3497 2229 αὐτὸν
3540 2173 3744 2246 ἐνορῶντα,

2275 2263 2369 2314 καὶ
2410 2265 2530 2315 κατ’
2567 2264 2727 2317 αὑτὸν
2769 2263 2828 2317 οὐ
2878 2265 3034 2336 μόνον
3083 2267 3194 2330 τοῖς
3241 2266 3361 2338 μεθ’
3403 2263 3587 2337 ἡμέραν
3630 2265 3746 2335 ἔργοις

2273 2371 2332 2408 τε
2367 2357 2458 2408 καὶ
2497 2353 2694 2426 λόγοις,
2719 2357 2852 2412 ἀλλὰ
2888 2357 2980 2411 καὶ
3020 2356 3140 2423 ταῖς
3183 2357 3324 2413 κατὰ
3365 2359 3450 2412 τὸν
3477 2359 3613 2411 ὕπνον
3645 2357 3745 2410 ivi-.-

2279 2448 2472 2518 μήσεσι
2522 2449 2614 2502 καὶ
2656 2449 2976 2518 φαντασίαις
3017 2451 3361 2520 ἐνεργοῦντα,
3394 2453 3572 2504 εἵσεται
3608 2448 3654 2502 τὸ
3683 2448 3746 2517 μέι

2274 2538 2431 2608 γεθος
2489 2540 2584 2593 τοῦ
2632 2541 2802 2594 ταῦτα
2869 2543 3291 2615 κατωρθωκέναι
3357 2541 3484 2614 πρὸς
3532 2540 3608 2596 τοῦ
3651 2539 3744 2591 θείου

2274 2630 2592 2701 Πνεύματος
2655 2633 3122 2704 μαρτυρουμένου.
3204 2633 3342 2686 Ἀλλ’
3400 2635 3447 2686 εί
3502 2632 3581 2685 καὶ
3628 2631 3746 2682 πᾶσαν

2271 2720 2714 2793 ὁμολογουμένως
2745 2724 2842 2796 τὴν
2865 2724 3207 2795 ἀνθρωπείαν
3241 2722 3616 2797 ὑπερακοντίζει
3640 2721 3746 2790 φύσιν

2271 2812 2340 2865 τὰ
2373 2812 2689 2886 λελεγμένα,
2734 2816 2814 2869 ἐνί
2849 2815 2891 2868 δ’
2921 2813 3013 2870 οὖν
3055 2817 3213 2888 ἀνδρὶ
3258 2817 3404 2888 μόνῳ
3441 2814 3680 2887 ἐφαρμόξοι
3703 2810 3744 2862 ἂν

2271 2907 2350 2978 τῷ
2391 2911 2663 2980 γενομένῳ
2705 2913 2768 2962 ἐκ
2809 2910 3120 2982 σπέρματος
3165 2911 3332 2965 Δαυὶδ
3374 2911 3432 2964 τὸ
3469 2908 3586 2962 κατὰ
3625 2905 3743 2976 σάρκα

2284 3000 2456 3070 Ἰησοῦ
2483 3003 2702 3074 Χριστῷ
2727 3003 2805 3074 τῷ
2837 3003 3024 3076 Κυρίῳ
3055 3005 3150 3058 καὶ⁹
3175 3004 3384 3076 Σωτῆρι
3411 3001 3566 3076 ἡμῶν,
3595 2993 3630 3067 ᾧ
3652 2998 3744 3070 μᾶηι

2271 3100 2408 3172 πρὸς
2437 3099 2531 3154 τοῦ
2563 3103 2620 3154 ἐν
2646 3083 2842 3174 Ἠσαίᾳ
2873 3102 3018 3157 θείου
3046 3103 3363 3176 Πνεύματος
3396 3098 3739 3175 μεμαρτύρηται,

602 3182 682 3238 ris
714 3181 886 3238 nostri
926 3181 1180 3237 Davidem
1202 3223 1218 3248 ,
1246 3181 1332 3236 cui
1361 3183 1688 3251 promissum
1712 3182 1890 3239 fuerat
1926 3185 2163 3241 nascitu-

2195 3160 2238 3218 α
2278 3160 2411 3244 ι’δτι
2464 3191 2538 3264 μὴ
2581 3160 2853 3265 ἁμαρτίαν
2922 3160 3209 3264 ἐποίησε,.
3245 3160 3592 3267 μηδξεόρέθη

594 3253 723 3355 :rum
754 3273 824 3328 ab
851 3273 1024 3344 ipsius
1053 3271 1570 3340 semineChristum,
1593 3273 1698 3329 hoc
1727 3275 2028 3346 prophetiis
2053 3278 2168 3334 suis

601 3365 880 3435 imponere
919 3367 1262 3434 prooemium.
1324 3365 1420 3422 Cui
1453 3374 1632 3422 autem
1662 3384 1773 3424 non
1797 3369 2067 3440 ingratum
2089 3371 2169 3424 vi-

602 3457 821 3512 debitur
845 3474 907 3512 ea
935 3475 1058 3530 quae
1082 3459 1148 3514 de
1171 3457 1452 3515 Salvatore
1479 3460 1535 3515 in
1564 3460 1772 3531 psalmo
1796 3471 2168 3518 memorantur

599 3549 889 3605 manifeste
918 3551 1244 3621 perspicere,
1291 3552 1344 3606 in
1392 3567 1516 3606 eum
1557 3551 1977 3608 commentarios
2000 3545 2165 3610 altius

601 3645 932 3712 perscrutari
962 3644 1108 3698 libet.

2271 3283 2331 3337 ἐν
2374 3282 2453 3355 τῷ
2501 3283 2728 3356 στόματι
2782 3285 2968 3341 αὑτοῦ.
3001 3305 3019 3338 ι
3078 3278 3152 3339 Τὸ
3201 3287 3247 3340 δ’
3284 3283 3645 3355 ἐπιδεδεγμένον
3678 3276 3741 3343 τῆς

2272 3373 2498 3445 ἐκδοχῆς
2541 3376 2867 3448 παρίστησιν
2905 3379 2938 3448 ἡ
2982 3378 3122 3432 κατὰ
3173 3377 3236 3430 τὸ
3269 3374 3538 3448 Ἐὗραῖκὺν
3577 3366 3740 3430 ἔντευξις

2271 3465 2489 3538 ἐπιτετη
2499 3483 2562 3539 ρη
2572 3467 2745 3538 μένως
2775 3468 2948 3532 οὕτως
2977 3469 3173 3540 ἔχουσα
3191 3486 3205 3501 ο
3231 3489 3250 3522 ι
3273 3469 3535 3540 Μακάριος
3561 3460 3737 3531 ὀάνὴριι

2274 3557 2411 3626 μετά
2455 3554 2553 3628 τῆς
2579 3557 2780 3630 ἄρθρου
2832 3558 3146 3631 προσθήκης
3166 3575 3181 3590 ’
3237 3559 3331 3612 καὶ
3361 3553 3574 3628 ἑπρεπέν
3607 3567 3654 3620 γε
3682 3548 3738 3599 τὸν

2269 3648 2410 3702 κατὰ
2462 3651 2640 3722 σάρκα
2678 3651 2772 3706 τοῦ
2819 3652 3068 3725 Σωτῆρος
3109 3651 3268 3723 ἡμῶν
3325 3650 3470 3721 (1218
3499 3647 3565 3718 νυ)
3591 3657 3738 3716 χρημα-

601 3733 822 3790 τίσαντα
867 3735 1076 3806 πατέρα
1113 3736 1306 3800 Δαυὶδ,
1354 3735 1683 3804 ἐπαγγελίαν
1723 3733 1978 3805 εἰληφότα
2026 3735 2154 3808 περὶ
2189 3738 2282 3793 τοῦ
2332 3742 2396 3795 ἐκ
2468 3743 2778 3815 σπέρματος
2819 3744 2982 3797 αὐτοῦ
3030 3744 3387 3817 τεχθήσεσθαι
3450 3743 3530 3795 τὸν
3562 3732 3736 3808 Χριστὸν.

599 3825 771 3898 τούτῳ
819 3828 916 3900 τὴν
956 3827 1204 3899 ἀπαρχὴν
1280 3826 1380 3897 τῆς
1424 3827 1617 3880 ἑαυτοῦ
1667 3829 2000 3898 προφητείας
2057 3830 2351 3885 ἀναθεῖναι.
2409 3833 2556 3905 Ὅτῳ
2612 3835 2667 3888 δὲ
2749 3835 2902 3905 φίλον
2979 3833 3270 3904 διαγνῶναι
3331 3829 3392 3888 τὸ
3435 3827 3623 3902 ἀκριϐὲς
3673 3820 3736 3888 τῆς

601 3926 695 3981 ἐπὶ
755 3923 845 3976 τὸν
900 3921 1124 3996 Σωτῆρα
1174 3923 1281 3976 τῶν
1341 3925 1398 3976 ὲν
1455 3922 1532 3994 τῷ
1587 3922 1788 3997 ψαλμῷ
1849 3923 2153 4008 λεγομένων
2190 3929 2501 4000 ἀναφορᾶς,
2545 3933 2657 3995 τοῖς
2695 3933 2775 3996 είς
2813 3931 2972 3985 αὐτὸν
3021 3920 3596 4004 ὑπομνηματισαμένοις
3635 3920 3735 3971 ἑντδ·

601 4017 710 4092 χὼν
738 4017 958 4074 εἴσεται.

1203 4137 1431 4194 CAPUT
1489 4136 1554 4194 ll.

1087 4227 1134 4283 E
1176 4231 1380 4301 psalmo
1423 4232 1668 4288 secundo.

676 4339 696 4374 ι
727 4321 905 4390 Quare
950 4322 1285 4380 fremuerunt
1333 4331 1541 4396 gentes,
1587 4334 1642 4380 et
1689 4327 1872 4398 populi
1915 4329 2162 4385 meditati

599 4424 726 4468 sunt
767 4413 985 4467 inania?
1044 4415 1346 4470 Astiterunt
1395 4431 1552 4487 reges
1581 4425 1772 4483 terra),
1807 4428 1862 4474 et
1884 4421 2160 4492 principes

597 4513 968 4559 convenerunt
993 4505 1044 4559 in
1073 4522 1238 4562 unum
1271 4509 1531 4564 adversus
1575 4508 1860 4566 Dominum
1890 4522 1944 4567 et
1967 4514 2160 4570 adver-

2792 4141 3188 4198 ΚΕΦΑΛΔΙΟΝ
3234 4145 3309 4198 B'.

2758 4237 3008 4306 Ψαλμοῦ
3046 4230 3347 4307 δευτέρου.

2341 4347 2360 4381 ι
2383 4328 2542 4384 Ἰνατί
2570 4327 2844 4400 ἐφρύαξαν
2878 4328 3025 4401 ἔθνη,
3055 4330 3149 4382 καὶ⁵
3177 4329 3296 4383 λαοὶ
3321 4325 3611 4400 ἐμελέτησαν
3629 4312 3730 4374 κενάς

2265 4423 2623 4494 Παρέστησαν
2670 4422 2719 4475 οἱ
2763 4421 3002 4492 βασιλεῖς
3041 4423 3139 4493 τῆς
3173 4423 3305 4494 γῆς,
3349 4419 3438 4474 καὶ
3480 4417 3523 4470 oi
3550 4415 3730 4484 ἄρχοντες

2267 4518 2606 4589 συνήχθησαν
2638 4516 2729 4568 ἐπὶ
2771 4514 2830 4567 τὸ
2857 4513 2990 4567 αὐτὸ
3024 4514 3167 4567 κατὰ
3195 4514 3289 4567 τοῦ
3313 4512 3518 4583 Κυρίου,
3548 4505 3622 4559 καὶ
3640 4496 3728 4589 κτιτᾶ

597 4611 693 4652 sus
715 4595 990 4652 Christum
1026 4599 1143 4668 ejus
1165 4601 1237 4653 ³.»
1272 4599 1327 4654 In
1359 4603 1726 4670 apostolorum
1756 4605 1986 4661 Actibus
2019 4607 2158 4662 hanc

2187 4577 2238 4638 υ
2261 4609 2355 4664 τοῦ
2378 4577 2610 4682 ῐριστοῦ
2645 4607 2830 4662 αὑτοῦ.
2864 4628 2883 4660 ι
2931 4609 3018 4662 Ἐν
3046 4610 3164 4670 ταῖς
3195 4607 3302 4661 τῶν
3333 4577 3727 4686 ἀποστόλωνληράς

598 4689 872 4761 impletam
897 4691 1064 4746 fuisse
1087 4693 1421 4762 prophetiam
1453 4696 1633 4752 testati
1665 4703 1793 4751 sunt
1815 4699 1907 4768 qui
1936 4697 2158 4756 Petrum

595 4790 650 4836 et
670 4780 930 4838 Joannem
967 4782 1237 4838 mirabilia
1272 4799 1392 4854 qua:
1435 4785 1538 4856 ipsi
1586 4785 1832 4842 viderant
1873 4798 2158 4846 narrantes

596 4877 870 4932 audivere.
899 4876 1248 4931 Gratulantes
1279 4877 1446 4948 igitur
1478 4878 1622 4954 quod
1649 4887 1730 4934 tot
1760 4880 2023 4934 miracula
2052 4882 2158 4937 sibi

599 4967 936 5032 acciderant,
970 4969 1056 5024 his
1084 4978 1438 5040 perrexerunt
1471 4971 1652 5026 verbis
1680 4990 1692 5026 :
1725 4990 1744 5024 ι
1775 4971 2159 5030 Convenerunt

595 5062 738 5116 enim
766 5077 893 5117 vere
915 5062 970 5116 in
995 5061 1216 5116 civitate
1242 5061 1344 5117 ista
1372 5061 1634 5118 adversus
1658 5074 1904 5118 sanctum
1929 5081 2156 5136 puerum

596 5162 746 5209 tuum
768 5152 976 5218 Iesum,
1010 5167 1170 5225 quem
1204 5155 1430 5216 unxisti,
1464 5153 1702 5212 Herodes
1727 5167 1781 5212 et
1808 5155 2036 5213 Pontius
2067 5157 2158 5212 Pi-

596 5252 755 5310 latus,
799 5262 924 5302 cum
949 5248 1198 5320 gentibus
1240 5257 1293 5304 et
1331 5249 1544 5318 populis
1571 5247 1738 5305 lsrael
1767 5250 1811 5306 ³.
1842 5270 1861 5302 ›
1903 5249 2021 5306 Non
2055 5251 2154 5313 soli

595 5341 735 5396 enim
785 5342 878 5410 qui
923 5340 1026 5396 hoc
1065 5348 1308 5412 tempore
1354 5340 1619 5396 Salvatori
1669 5350 1864 5398 nostro
1912 5343 2155 5400 insidiati

596 5441 742 5497 sunt,
777 5432 1036 5488 adversus
1065 5448 1189 5490 eum
1219 5441 1610 5496 convenerunt,
1665 5434 1761 5488 sed
1807 5443 1861 5490 et
1897 5435 2155 5507 deinceps

597 5539 738 5578 nunc
774 5540 946 5595 usque
979 5541 1135 5598 reges
1175 5534 1230 5582 et
1261 5525 1569 5598 principes,
1617 5527 1993 5599 universaque
2023 5544 2156 5600 gens

595 5625 677 5672 tes
705 5625 759 5673 et
791 5619 1009 5688 populi,
1055 5620 1150 5690 qui
1191 5619 1708 5691 blasphemaverunt
1750 5635 1876 5676 eum
1927 5621 2158 5693 ejusque

2266 4699 2379 4764 ξεσι
2423 4700 2517 4752 καὶ
2559 4699 2763 4770 ταύτην
2825 4698 3216 4771 πεπληρῶσθαι
3264 4697 3360 4768 τὴν
3399 4683 3673 4764 προφητείαν
3690 4683 3724 4771 ξι

2261 4792 2355 4846 τοῦ
2385 4793 2590 4864 Πέτρου
2634 4793 2728 4846 καὶ
2779 4791 3024 4846 Ἰωάννου
3062 4790 3130 4844 τὰ
3161 4789 3279 4843 κατ’
3309 4787 3489 4848 αὐτοὺς
3532 4767 3724 4849 παράδοξα

2263 4885 2629 4960 διηγουμένων
2666 4885 2995 4948 ἀκούσαντες
3036 4884 3429 4957 ἐμαρτύρησαν.
3475 4864 3722 4960 Εὐχαριστῇ·

2263 4995 2451 5042 σαντες
2499 4975 2609 5048 γὰρ
2663 4979 2776 5039 τοῖς
2818 4973 2902 5046 ἐφ’
2953 4970 3034 5040 οἷς
3086 4975 3310 5046 ἤκουον·
3339 4966 3614 5041 θαυμασίοις
3651 4967 3722 5048 τῷὲ

2262 5070 2634 5144 προεκτεθεϊσι
2670 5071 2854 5143 ῥητοῖς
2883 5069 3164 5140 ἐπήγαγον
3189 5069 3456 5138 λέγοντες·
3486 5078 3504 5111 ί
3531 5047 3720 5144 Συνήχίηι

2264 5140 2362 5218 σαν
2409 5163 2519 5235 γὰρ
2563 5140 2958 5234 ἐπ’νάληθείας
3013 5164 3106 5215 ἐπὶ
3153 5163 3216 5214 τὸ
3265 5159 3388 5215 αὐτὸ
3435 5157 3486 5208 ὲν
3529 5152 3581 5219 τῇ

2259 5256 2429 5328 ταύτῃ
2457 5233 2547 5309 ἐπὶ
2574 5255 2665 5309 τὸν
2695 5233 2847 5325 ἆγιον
2869 5253 3035 5308 παῖδά
3063 5270 3178 5320 σου,
3218 5255 3277 5308 ὃν
3306 5253 3518 5324 ἔχρισας,
3549 5233 3716 5328 Ἡρὼδξξ

2258 5365 2318 5400 τε
2369 5323 2461 5401 κᾶι
2511 5323 2752 5411 Πόντιος
2795 5347 3060 5414 Πιλᾶτος,
3131 5348 3227 5401 σὺν
3291 5323 3452 5399 ἔθνεσι
3511 5334 3587 5389 καὶ

2272 5439 2511 5511 Ἰσραήλ.
2552 5458 2571 5490 ι
2605 5438 2679 5492 Οὐ
2728 5437 2876 5510 μόνοι
2907 5438 2964 5492 δὲ
3002 5438 3111 5510 ἄρα
3148 5439 3196 5492 oi
3233 5436 3348 5491 κατ’
3385 5433 3537 5486 ἐκεῖνο
3580 5429 3713 5516 καεβξ

2260 5529 2745 5595 ἐπιῆουλεύσαντες
2782 5529 2862 5602 τῷ
2896 5532 3108 5604 Σωτῆρι
3146 5530 3299 5603 ἡμῶν
3323 5518 3700 5608 συνήχθησαν,

2261 5621 2450 5686 αὐτοῦ,
2493 5623 2633 5678 ἀλλὰ
2679 5624 2773 5680 καὶ
2814 5625 2864 5678 oi
2909 5602 3143 5696 καθεξῆς
3168 5602 3242 5694 ἐξ
3275 5619 3460 5677 ἐκείνου
3497 5609 3571 5665 καὶ
3599 5602 3711 5670 δεῦρο

659 5773 703 5804 ⁹⁹
739 5770 880 5832 Psal.
906 5793 946 5841 ι,
981 5772 1038 5828 3.
1113 5775 1126 5806 ¹
1169 5776 1281 5834 lsa.
1318 5790 1447 5845 LIII,
1478 5776 1532 5833 9.
1607 5779 1628 5810 ’
1675 5777 1820 5836 Psal.
1857 5792 1928 5845 ιι,
1965 5776 2014 5847 Ι,
2043 5775 2098 5832 2.
2175 5778 2196 5812 ³

1022 5807 1038 5828 .
1113 5775 1126 5806 ¹
1169 5776 1281 5834 lsa.
1318 5790 1447 5845 LIII,
1478 5776 1532 5833 9.
1607 5779 1628 5810 ’
1675 5777 1820 5836 Psal.
1857 5792 1928 5845 ιι,
1965 5776 2014 5847 Ι,
2043 5775 2098 5832 2.
2175 5778 2196 5812 ³
2229 5779 2352 5836 Act.
2383 5793 2458 5845 tv,
2491 5777 2581 5835 27.
