3936 6206
245 328 272 384 Ι
286 329 395 384 093

1274 323 1566 380 ECLOGIE
1599 324 2086 381 PROPIIETICE.
2114 359 2181 368 —
2208 326 2338 383 LIB.
2382 327 2445 382 ll.

3369 326 3503 382 1096

244 451 485 522 βασιλεῖς
516 449 608 502 καὶ
638 449 914 519 ἄρχοντες,
955 448 1052 503 ὅλα
1073 464 1131 501 τε
1164 447 1291 520 έθνη
1325 450 1421 502 καῒ
1452 449 1588 514 λαοὶ,
1615 447 1705 502 διὰ
1729 448 1810 502 τοῐ

1928 448 2190 503 doctrina
2237 447 2479 502 insidiati
2529 454 2677 503 sunt.
2732 446 3056 502 Persuasum
3092 452 3269 500 autem
3303 444 3504 501 habere

246 543 590 613 βλασφημεῖν
642 541 804 594 αὐτὸν
850 542 942 596 καὶ
991 542 1361 595 ἐπιϐουλεύειν
1411 540 1577 595 αὐτοῦ
1622 544 1687 612 τῇ
1739 542 1819 595 δι-

243 634 533 705 δασκαλίᾳ.
568 632 868 687 Πεπείσθαι
914 634 971 687 δὲ
1011 635 1116 707 χρὴ
1153 636 1226 706 μὴ
1264 636 1422 706 μόνον
1465 636 1591 699 τοὺς
1629 635 1688 687 ἐν
1724 635 1819 687 ἀν-

246 728 487 801 θρώποις
543 727 773 797 όρατοὺς
815 725 1049 796 βασιλεῖς
1092 729 1185 781 καὶ
1219 728 1486 799 ἄρχοντας
1532 726 1819 781 ἐπιϐεϐου-

243 821 498 875 λευκέναι
541 818 718 889 αὐτῷ,
759 818 892 872 πολὺ
935 819 991 872 δὲ
1039 819 1237 890 μᾶλλον
1285 822 1411 883 τοὺς
1456 820 1679 891 νοητοὺς
1724 821 1820 874 καὶ

242 914 514 984 ἀοράτους
550 912 815 982 ἄρχοντας
858 911 951 964 τοῦ
984 911 1177 975 αἰῶνος
1207 910 1429 977 τούτου,
1474 912 1522 967 οἳ
1565 914 1660 965 καὶ
1695 914 1816 966 τότε

242 1006 557 1076 ἐνήργησαν
599 1004 690 1056 καὶ
743 1004 824 1067 είς
871 1002 949 1057 έτι
994 1002 1086 1056 νῦν
1132 1001 1445 1075 ἐνεργοῦσι,
1489 1003 1559 1057 τά
1598 1021 1657 1057 τε
1690 1004 1818 1075 ἔθνη

242 1101 345 1153 καὶ
380 1100 505 1162 τοὺς
552 1098 685 1151 κενὰ
729 1098 823 1151 καὶ
873 1100 954 1162 είς
994 1098 1167 1169 μάτην
1210 1096 1301 1150 τὸν
1344 1096 1437 1150 τοῦ
1476 1096 1611 1150 Θεοῦ
1656 1096 1820 1167 νόμον

245 1188 649 1259 μελετήσαντας
695 1187 859 1251 λαοὺς
912 1188 1038 1250 τοὺς
1078 1189 1141 1239 ἐκ
1188 1188 1505 1260 περιτομῆς,
1549 1188 1610 1240 οὐ
1663 1188 1819 1258 μόνον

241 1274 385 1334 κατὰ
422 1279 515 1333 τοῦ
541 1279 778 1350 Χριστοῦ
820 1279 912 1332 τοῦ
957 1278 1091 1331 Θεοῦ
1146 1278 1636 1351 βουλευσαμένους,
1684 1280 1819 1334 ἀλλὰ

238 1372 309 1425 δι’
345 1370 508 1424 αὑτοῦ
560 1371 652 1424 καὶ
696 1372 838 1424 κατὰ
885 1370 980 1423 τοῦ
1016 1371 1329 1442 πέμψαντος
1377 1372 1538 1425 αὑτὸν
1582 1373 1815 1444 Πατρός·

241 1465 375 1534 περὶ
419 1458 494 1516 ὧν
538 1464 792 1517 ἁπάντων
824 1465 881 1516 ἐν
904 1463 983 1533 τῷ
1009 1463 1207 1534 ψαλμῷ
1240 1464 1555 1536 ἐπιφέρεται
1597 1464 1678 1527 τὸ,
1720 1483 1737 1515 ι
1758 1463 1820 1517 '0

240 1555 516 1609 κατοικῶν
543 1557 601 1608 ἐν
626 1556 870 1629 οὐρανοῖς
904 1554 1258 1623 ἐκγελάσεται
1293 1556 1509 1619 αὐτοὺς,
1535 1557 1629 1608 καὶ⁵
1655 1556 1683 1606 ό
1706 1554 1819 1607 Κύ-

244 1665 364 1718 ριος
390 1648 748 1718 ὲκμυκτηριεῖ
786 1645 999 1709 αύτούς.
1039 1645 1170 1700 Τότε
1201 1646 1421 1717 λαλήσει
1456 1646 1591 1717 πρὸς
1623 1644 1818 1709 αὐτοὺς

239 1738 305 1791 ἐν
340 1738 473 1810 ὀργῇ
502 1736 687 1799 αὑτοῦ,
727 1735 820 1789 καὶ
852 1737 911 1788 ἐν
938 1735 1017 1807 τῷ
1050 1734 1207 1807 θυμῷ
1247 1734 1411 1789 αὐτοῦ
1460 1735 1685 1807 ταράξει
1717 1736 1816 1790 αὐ-

1922 546 2134 609 oportet
2184 552 2293 592 non
2340 545 2551 592 tantum
2597 537 2843 592 visibiles
2892 537 2946 590 in
2981 535 3297 590 hominibus
3349 551 3504 606 reges

1920 630 2303 700 principesque
2349 628 2399 683 ei
2444 627 2619 685 fuisse
2648 628 2933 684 insidiatos
2955 669 2971 691 ,
3000 628 3094 683 sed
3124 628 3295 681 multo
3328 611 3503 699 magis

1926 722 2204 792 spiritales
2235 721 2650 791 invisibilesqne
2683 720 2845 789 hujus
2880 721 3062 776 saeculi
3092 719 3385 790 principes,
3410 720 3503 789 qui

1925 822 2055 868 tunc
2086 814 2521 883 exagitaverunt,
2540 814 2685 868 sicut
2717 821 2770 868 et
2795 828 2942 867 nunc
2964 814 3261 882 exagitant,
3287 821 3506 882 gentes-

1920 920 2025 975 que
2078 912 2131 961 et
2179 906 2619 960 circumcisionis
2665 905 2895 975 populos
2946 903 3151 959 frustra
3181 912 3235 958 et
3267 903 3501 973 nequid-

1918 1013 2080 1068 quam
2112 998 2310 1053 divinae
2343 998 2446 1068 legi
2482 998 2789 1063 studentes,
2838 1012 2947 1051 non
2978 1004 3187 1050 tantum
3236 995 3503 1052 adversus

1918 1089 2197 1145 Christum
2233 1089 2460 1155 Dei,sed
2489 1104 2584 1160 per
2614 1103 2761 1153 eum,
2796 1095 2849 1142 et
2881 1086 3142 1142 adversus
3170 1085 3383 1141 Patrem
3406 1086 3502 1158 qui

1920 1181 2071 1236 misit
2120 1182 2294 1246 illum,
2346 1181 2656 1236 insidiatos.
2736 1179 2811 1234 De
2863 1179 2951 1235 his
2983 1178 3242 1234 omnibus
3296 1179 3399 1233 hoc
3445 1180 3502 1234 in

1919 1273 2131 1342 psalmo
2176 1273 2395 1328 additur
2433 1291 2448 1327 :
2488 1290 2506 1323 ι
2544 1272 2646 1336 Qui
2696 1270 2904 1324 habitat
2952 1269 3005 1324 in
3048 1270 3205 1325 caalis
3254 1268 3513 1324 irridebit

1919 1379 2037 1429 eos,
2063 1372 2116 1418 et
2142 1364 2405 1420 Dominus
2428 1363 2789 1419 subsannabit
2818 1378 2934 1418 eos.
2963 1360 3118 1416 Tunc
3148 1362 3398 1431 loquetur
3432 1360 3501 1415 ad

1926 1471 2023 1511 eos
2053 1456 2107 1510 in
2136 1457 2214 1509 ira
2247 1472 2365 1520 sua,
2397 1466 2449 1511 et
2480 1457 2532 1510 in
2567 1455 2752 1512 furore
2784 1470 2885 1511 suo
2918 1454 3266 1509 conturbabit
3292 1469 3386 1507 eos
3420 1453 3495 1506 ⁸.»

1918 1544 2129 1611 Quibus
2160 1544 2354 1601 deinde
2400 1546 2655 1600 Christus
2689 1544 2807 1614 ipse
2849 1544 3017 1607 dicit,
3071 1542 3500 1597 dominationem

1921 1653 2076 1694 suam
2127 1648 2251 1709 post
2301 1639 2611 1707 passionem
2655 1638 3010 1694 constitutam
3058 1652 3158 1693 nos
3209 1637 3445 1691 edocens
3483 1654 3497 1691 :

1926 1747 1945 1779 ‹
1976 1727 2089 1799 Ego
2115 1736 2297 1783 autem
2330 1730 2667 1785 constitutus
2709 1745 2831 1785 sum
2863 1744 2955 1783 rex
2984 1729 3052 1783 ab
3084 1743 3148 1783 eo
3179 1744 3341 1797 super
3366 1725 3501 1781 Sion

237 1830 395 1894 τούς.
430 1850 447 1881 ι
503 1823 597 1893 Οἷς
650 1828 778 1898 ἐξῆς
835 1828 999 1892 αὐτὸς
1052 1830 1080 1882 ὁ
1127 1828 1360 1899 Χριστὸς
1413 1827 1511 1899 τὴν
1571 1826 1707 1898 μετὰ
1755 1828 1810 1879 τὸ

1917 1822 2154 1869 montem
2189 1826 2437 1870 sanctum
2473 1816 2615 1886 ejus,
2667 1816 2973 1887 prmdicans
3034 1826 3360 1886 praeceptum
3389 1816 3498 1871 Do-

240 1904 421 1985 πάθος
455 1921 824 1992 γεγενημένην
852 1922 979 1993 περὶ
1015 1921 1175 1975 αὐτὸν
1208 1921 1516 1992 οἰκονομίαν
1551 1919 1818 1974 παιδεύων

242 2013 397 2084 ἡμᾶς
443 2030 642 2083 φησιν,
698 2030 716 2063 ι
750 2009 891 2079 Ἐγὼ
939 2010 995 2064 δέ
1048 2010 1387 2082 κατεστάθην
1431 2009 1679 2081 βασιλεὺς
1727 2010 1816 2064 ὑπ’

240 2106 409 2160 αὐτοῦ
461 2105 554 2159 ἐπὶ
590 2104 725 2157 Σιὼν
764 2105 887 2174 ὅρος
933 2104 994 2157 τὸ
1044 2103 1197 2172 ἅγιον
1240 2102 1403 2157 αὐτοῦ
1426 2143 1441 2167 ,
1491 2102 1816 2172 διαγγέλλων

241 2201 305 2253 τὸ
335 2200 658 2272 πρόσταγμα
690 2197 914 2270 Κυρίου.
960 2216 977 2249 ι
1004 2197 1076 2250 Οὐ
1109 2196 1213 2268 χρὴ
1262 2196 1506 2267 μέντοιγε
1546 2195 1685 2250 κατὰ
1715 2196 1815 2260 τὰς

252 2293 528 2347 Ἰουδαίων
574 2294 930 2363 χαμαιπετεῖς
982 2290 1275 2361 ὑπολήψεις
1315 2289 1413 2362 τὴν
1458 2282 1552 2342 τοῦ
1578 2287 1813 2359 Χριστοῦ

244 2374 529 2457 βασιλείαν(
548 2385 737 2456 ὁμοίαν
761 2387 880 2448 ταῖς
906 2383 1015 2437 τῶν
1046 2381 1347 2455 ἀνθρώπων
1374 2382 1622 2454 ἡγεῖσθαι
1644 2383 1735 2435 ἐπί
1755 2380 1816 2434 τὸ

241 2478 384 2532 Σιὼν
404 2479 527 2549 ὅρος
552 2475 863 2548 σωματικὸν
893 2474 1323 2546 συστησομένην·
1359 2474 1494 2545 πρός
1526 2475 1577 2543 γ’
1603 2470 1696 2527 οὖν
1722 2472 1814 2525 τὸν

242 2570 593 2643 ἐρωτήσαντα
622 2569 783 2623 αὑτὸν
816 2570 862 2621 εί
894 2567 1143 2639 βασιλεὺς
1177 2566 1454 2636 τυγχάνει,
1485 2566 1814 2637 ἀπεκρίνατο

240 2665 438 2734 λέγων,
476 2686 494 2717 ι
514 2665 577 2717 Ἦ
610 2663 853 2735 βασιλεία
886 2665 919 2734 ή
955 2660 1061 2733 ἐμὴ
1090 2661 1191 2714 οὐκ
1218 2660 1361 2712 ἐστιν
1393 2661 1457 2712 ἐκ
1485 2657 1578 2711 τοῦ
1608 2657 1811 2727 κόσμου

240 2759 433 2813 τούτου
453 2776 466 2789 ·
506 2780 522 2809 ι
565 2757 685 2812 ὅθεν
716 2757 780 2828 δὴ
810 2756 903 2809 καὶ
936 2753 1209 2824 βασιλείαν
1235 2750 1479 2823 οὐρανῶν
1512 2751 1814 2821 ἐπήγγελτο

237 2855 354 2917 τοῖς
397 2851 813 2905 πεπιστευκόσιν
856 2850 933 2912 είς
971 2846 1152 2910 αὐτὸν,
1199 2844 1293 2898 καὶ
1336 2844 1397 2898 τὸ
1430 2843 1566 2897 Σιὼν
1596 2842 1652 2896 δέ
1691 2843 1813 2914 ὅρος

240 2948 561 3017 ἐπουράνιον
588 2944 849 3014 ὑπάρχειν
872 2940 1106 3004 ἐδίδαξεν
1140 2940 1200 2992 οὐ
1232 2937 1391 3010 μόνος
1416 2939 1444 2991 ό
1471 2936 1810 3000 Ἀπόστολος,

241 3039 375 3091 ἀλλὰ
416 3038 507 3090 καὶ
548 3037 795 3089 πλεῖσται
834 3032 988 3087 ἄλλαι
1026 3031 1371 3101 προφητεῖαι.
1421 3028 1477 3081 ’0
1509 3029 1559 3097 γ’
1592 3022 1683 3081 οῦν
1710 3028 1814 3080 Μι-

242 3131 402 3202 χαίας
442 3126 717 3200 προειπὼν
756 3126 831 3189 ὼς
860 3126 968 3195 ἄρα
1005 3124 1092 3177 διὰ
1119 3122 1217 3185 τὰς
1262 3120 1516 3183 ἀσεϐείας
1543 3118 1638 3173 τοῦ
1677 3135 1812 3189 προ-

241 3220 399 3291 τέρου
433 3216 585 3281 λαοῦ,
623 3237 640 3268 ι
676 3215 815 3269 Σιὼν
861 3215 936 3279 ὡς
985 3214 1151 3284 ἀγρὸς
1202 3209 1687 3283 ἀροτριαθήσεται,
1718 3209 1812 3265 καὶ

248 3310 605 3386 Ἰερουσαλὴμ
623 3309 699 3372 ὡς
722 3305 1161 3378 ὀπωροφυλάκιον
1178 3302 1350 3367 ἔσται,
1371 3303 1465 3356 καὶ
1493 3300 1555 3355 τὸ
1574 3300 1698 3372 ὅρος
1716 3297 1809 3352 τοῦ

239 3405 387 3457 οῖκου
436 3403 517 3465 εἰς
558 3400 720 3463 ἄλσος
763 3394 1003 3468 δρυμοῦ,
1040 3413 1058 3444 ι
1102 3392 1226 3461 ἐξῆς
1265 3392 1392 3461 περὶ
1429 3390 1619 3460 ἐτέρας
1672 3386 1810 3440 Σιὼν

240 3498 336 3552 καὶ
394 3493 746 3567 Ἰερουσαλὴμ
796 3489 997 3561 ὁμοίως
1046 3485 1332 3556 ἐπιφέρει,
1385 3484 1588 3553 λέγων·
1655 3500 1673 3532 ι
1702 3481 1811 3534 Καὶ

239 3590 390 3643 [ct-tat
417 3590 474 3641 ἐν
499 3590 617 3649 ταῖς
638 3584 891 3655 ἐσχάταις
918 3582 1150 3655 ἡμέραις
1174 3578 1413 3649 ἐμφανὲς
1450 3577 1510 3629 τὸ
1538 3576 1660 3645 ὅρος
1696 3576 1809 3627 Κυ-

243 3681 391 3753 ρίου,
434 3681 527 3732 καὶ
565 3678 784 3748 ἥξουσιν
829 3676 913 3726 ἐπ’
944 3670 1090 3743 αὐτῷ
1121 3670 1272 3732 λαοὶ,
1323 3669 1417 3721 καὶ
1456 3665 1810 3740 πορεύσονται

240 3772 367 3840 ἔθνη
402 3769 590 3832 πολλὰ,
611 3770 693 3821 ὅτι
727 3770 790 3820 ἐκ
816 3765 951 3819 Σιὼν
976 3761 1312 3827 ἐξελεύσεται
1339 3759 1500 3829 νόμος
1531 3756 1624 3810 καὶ
1654 3756 1810 3823 λόγος

242 3864 450 3935 Κυρίου
483 3862 539 3927 ἐξ
577 3859 949 3931 Ἰερουσαλήμ.
982 3876 999 3908 ι
1044 3856 1179 3926 Περὶ
1224 3852 1411 3906 τούτου
1446 3851 1552 3922 ἄρα
1594 3849 1808 3921 εἴρηται

243 3958 335 4011 καὶ
363 3954 548 4009 ἐνθάδε
577 3954 681 4006 ὑπὸ
708 3951 769 4023 (τ.
800 3950 883 4019 19)
913 3943 1003 4001 τοῦ
1034 3947 1191 4018 ὅρους
1214 3944 1306 3998 τοῦ
1331 3941 1587 4015 Χριστοῦ,
1625 3961 1643 3992 ι
1667 3940 1808 4009 Ἐγὼ

237 4049 294 4103 δὲ
334 4045 670 4115 κατεστάθην
724 4042 972 4114 βασιλεὺς
1027 4039 1117 4092 ὑπ’
1161 4035 1324 4091 αὐτοῦ
1372 4035 1464 4089 ἐπὶ
1505 4033 1643 4088 Σιὼν
1684 4035 1808 4105 ὅρος

238 4143 299 4196 τὺ
333 4141 487 4209 ἅγιον
526 4135 719 4191 αὐτοῦ’
756 4154 773 4186 ι
831 4133 937 4186 ὑπὸ
977 4132 1123 4194 τίνος
1166 4130 1223 4183 δέ
1258 4127 1603 4197 κατεστάθη;
1650 4128 1806 4199 δῆλον

236 4234 320 4289 ὅτι
345 4234 453 4288 ὑπὸ
476 4231 569 4285 τοῦ
609 4232 877 4299 φήσαντος
916 4225 1050 4298 πρὸς
1081 4223 1238 4277 αὐτὸν
1272 4222 1482 4293 Πατρδς
1522 4222 1611 4275 τό’
1650 4223 1805 4287 ιΥίός

240 4345 342 4401 μου
388 4323 439 4380 εἴ
484 4326 570 4389 σὺ,
598 4322 707 4392 ἐγὼ
733 4322 970 4392 σήμερον
1018 4315 1321 4388 γεγέννηκά
1368 4332 1457 4368 σε’
1492 4334 1513 4367 ι
1565 4314 1659 4368 καὶ
1706 4314 1796 4366 τό·

242 4420 503 4490 «Ait-quat
542 4416 671 4487 παρ’
709 4411 865 4484 ἐμοῦ,
904 4412 996 4465 καὶ
1019 4408 1173 4463 δώσω
1204 4426 1283 4461 σοι
1318 4407 1446 4478 ἔθνη
1483 4406 1579 4478 τὴν
1611 4405 1804 4476 κληρο-

234 4515 431 4585 νομίαν
474 4528 590 4568 σου.
621 4508 715 4561 καὶ
756 4506 854 4576 τὴν
884 4501 1210 4573 κατάσχεσιν
1250 4517 1343 4553 σου
1371 4501 1440 4554 τὰ
1471 4499 1682 4570 πέρατα
1708 4499 1806 4569 τῆς
1838 4520 1879 4574 ο
1908 4499 2050 4536 διθτθ
2080 4499 2422 4585 ιωΡξιαέξηιεΓ
2451 4499 2738 4579 “uuam”:
2763 4499 2851 4578 ξἰιι
2883 4499 3106 4577 δυυυιιηξ

1049 4566 1095 4663 ή
1112 4592 1416 4665 προφητεία
1443 4566 1801 4659 καὶ-ἀψευδής

1913 4574 2023 4629 ιιιεο
2054 4572 2338 4643 prophetia
2361 4612 2376 4637 ,
2412 4577 2656 4625 nostram
2692 4569 2738 4622 si
2770 4567 3273 4636 interpretationem
3306 4566 3479 4619 detre-

233 4605 358 4675 γῆς.
395 4623 414 4653 ι
446 4603 556 4656 Καὶ
587 4601 667 4653 ὅτι
705 4614 768 4667 γε
802 4595 1007 4667 ἀληθὴς

232 4697 268 4769 ἠ
305 4697 625 4766 ὑπόσχεσις,
673 4692 902 4761 πάρεστι
951 4686 1241 4755 διαγνῶναι
1290 4685 1396 4737 ἀπὸ
1430 4683 1538 4737 τῶν
1572 4684 1628 4735 ὲν
1661 4680 1801 4735 οὕτω

235 4787 430 4858 βραχεῖ
458 4783 634 4855 χρόνῳ
678 4776 1148 4851 προσεληλυθότων
1183 4777 1246 4827 ἐκ
1272 4773 1470 4836 παντὸς
1516 4772 1699 4833 ἔθνους
1731 4774 1799 4842 τῇ

231 4878 325 4932 διὰ
364 4877 458 4930 τοῦ
489 4875 736 4946 Σωτῆρος
772 4870 933 4942 ήμῶν
974 4866 1284 4938 θεοσεϐείᾳ’
1334 4866 1365 4937 ἢ
1405 4865 1710 4934 λεγέτωσαν
1751 4864 1799 4915 οἱ

232 4970 373 5043 πρὸς
403 4970 501 5039 τὴν
530 4966 806 5038 ἐνέργειαν
833 4960 1171 5016 ἀντιϐλέπειν
1200 4956 1430 5021 ἀναιδῶς
1460 4955 1797 5027 τολμῶντες,

230 5064 341 5117 τίνι
384 5063 450 5117 ἂν
494 5060 663 5131 ἔχοιεν
697 5052 1026 5128 ἐφαρμόζειν
1075 5052 1149 5123 μὴ
1189 5050 1613 5123 παραδεχόμενοι
1644 5045 1796 5100 ταῦθ’

232 5155 410 5218 οὕτως
457 5153 598 5223 ἔχειν
639 5150 736 5220 τὴν
779 5144 1113 5218 προφητείαν
1133 5160 1153 5218 _;
1210 5142 1371 5196 Δαυὶδ
1426 5142 1522 5212 μὲν
1560 5139 1667 5211 γὰρ
1709 5138 1798 5191 τὸν

234 5242 478 5316 βασιλέα,
508 5241 634 5311 περὶ
666 5230 726 5291 οὗ
753 5235 926 5289 ταῦτά
950 5249 1095 5296 τινες
1116 5231 1371 5303 ᾠήθησαν
1398 5227 1669 5297 λέγεσθαι,
1701 5227 1797 5295 οὐχ

228 5333 335 5391 οἷοί
368 5351 427 5387 τε
457 5331 522 5385 ἂν
553 5326 661 5383 εἷεν
703 5325 1050 5400 παραστῆσαι
1089 5321 1265 5376 τοιάδε
1306 5320 1428 5373 τινὰ
1465 5317 1797 5378 πεπονθότα,

230 5430 308 5491 ὡς
343 5425 618 5496 ἀρχόντων
646 5422 740 5476 καὶ
773 5419 1057 5491 βασιλέων,
1084 5417 1254 5471 ἐθνῶν
1282 5431 1342 5468 τε
1369 5413 1464 5467 καὶ
1501 5409 1646 5465 λαῶν
1675 5411 1797 5462 ἐπι-

230 5516 665 5573 ϐεϐουλευκότων
712 5513 890 5584 αὐτῷ·
926 5512 1054 5565 πότε
1100 5509 1156 5562 δὲ
1189 5507 1221 5579 ἢ
1263 5506 1359 5561 καὶ
1412 5503 1504 5557 ἐπὶ
1546 5500 1797 5573 πηλίκοις

228 5609 681 5684 ἀνδραγαθήμασι
715 5602 866 5660 εἶπεν
901 5605 932 5658 ό
956 5603 1160 5674 Κύριος
1187 5597 1265 5670 τῷ
1288 5595 1470 5660 Δαυὶδ,
1502 5593 1659 5656 «Υἱός
1694 5608 1796 5663 μου

300 5736 322 5767 δ
352 5731 507 5857 ἔδει.
543 5746 617 5795 ιι,
651 5729 716 5793 4,
746 5730 798 5783 5.
907 5726 928 5758 '
968 5724 1099 5781 ibid.
1134 5724 1185 5777 6.
1296 5723 1317 5753 ⁸
1351 5718 1508 5775 Joan.
1540 5732 1672 5773 ινιιι
1695 5760 1709 5784 ,
1745 5716 1836 5772 56.

233 5808 290 5873 ι,
352 5808 408 5857 8.

1920 1905 2076 1961 mini.
2108 1907 2149 1960 ⁵.
2184 1926 2203 1959 ι
2229 1906 2381 1963 Haud
2436 1925 2565 1964 vero
2595 1909 2891 1963 secundum
2936 1917 3244 1964 terrestrem
3281 1906 3499 1963 Iudaeo—

1919 2012 2040 2052 rum
2075 2000 2577 2069 interpretationem
2624 2000 3033 2071 intelligendum
3068 2009 3153 2056 est
3177 1999 3380 2058 Christi
3416 2018 3500 2057 re-

1915 2104 2082 2160 gnum
2103 2130 2117 2154 ,
2160 2092 2308 2145 velut
2342 2091 2620 2145 hominum
2656 2107 2858 2162 regna,
2897 2107 3062 2162 super
3094 2099 3332 2147 montem
3365 2092 3498 2148 Sion

1916 2182 2277 2251 corporaliter
2310 2184 2712 2248 constitutum;
2748 2184 3103 2254 interroganti
3135 2184 3281 2238 enim
3331 2200 3499 2240 reme

1914 2282 2097 2338 esset,
2142 2275 2425 2345 respondit
2452 2275 2641 2330 dicens
2677 2294 2689 2329 :
2728 2294 2745 2325 ι
2780 2273 3023 2345 Regnum
3059 2291 3239 2330 meum
3272 2292 3380 2331 non
3413 2285 3499 2333 est

1914 2364 1983 2421 de
2020 2365 2123 2420 hoc
2151 2367 2354 2422 mundo
2379 2369 2422 2422 ⁸.
2456 2387 2475 2419 ι
2530 2366 2739 2421 Exinde
2788 2382 3012 2436 regnum
3059 2368 3321 2423 caelorum
3370 2384 3499 2438 pro-

1915 2458 2063 2513 misit
2092 2458 2172 2514 eis
2204 2459 2295 2528 qui
2328 2458 2679 2514 crediderunt
2704 2459 2758 2512 in
2787 2474 2933 2523 eum,
2973 2468 3324 2527 montemque
3361 2459 3496 2516 Sion

1913 2562 2034 2603 esse
2066 2548 2345 2603 cmlestem
2370 2548 2557 2605 docuit
2591 2563 2699 2601 non
2734 2557 2943 2601 tantum
2975 2547 3291 2618 Apostolus,
3313 2548 3406 2603 sed
3442 2556 3497 2604 et

1914 2638 2185 2710 pleraeque
2236 2639 2355 2695 alite
2399 2640 2715 2710 prophetiae.
2760 2639 3017 2696 Michteas
3048 2640 3212 2710 igitur
3238 2640 3497 2711 prmfatus

1914 2729 2059 2800 quod
2084 2740 2306 2801 propter
2334 2731 2547 2801 priores
2571 2731 2753 2801 populi
2779 2731 3120 2801 iniquitates,
3148 2729 3309 2785 «Sion
3334 2732 3495 2802 quasi

1914 2836 2043 2893 ager
2076 2822 2343 2887 arabitur,
2374 2830 2429 2877 et
2458 2820 2759 2877 Jerusalem
2791 2821 2947 2892 quasi
2982 2836 3210 2876 acervus
3254 2822 3494 2892 lapidum

1913 2914 2048 2978 erit,
2080 2921 2135 2968 et
2166 2929 2323 2968 mons
2360 2914 2545 2984 templi
2577 2914 2631 2967 in
2665 2915 2886 2968 excelsa
2922 2914 3184 2969 silvarum
3212 2914 3230 2943 "
3254 2952 3270 2977 ,
3311 2932 3328 2965 ι
3368 2914 3496 2969 dein

1913 3004 1979 3059 de
2008 3004 2114 3058 alia
2141 3001 2273 3059 Sion
2300 3013 2354 3060 et
2379 3003 2680 3060 Jerusalem
2728 3004 2977 3059 similiter
3001 3012 3187 3058 narrat
3210 3046 3225 3070 ,
3253 3004 3446 3061 dicens
3476 3023 3491 3061 ε

1919 3114 1938 3147 ι
1976 3094 2040 3149 Et
2070 3097 2175 3150 erit
2210 3097 2263 3150 in
2296 3097 2599 3153 novissimo
2622 3097 2836 3152 dierum
2870 3112 3030 3153 mons
3061 3099 3254 3153 domus
3277 3097 3495 3153 Domini

1839 3178 1881 3235 C
1914 3197 2252 3258 praeparatus
2276 3188 2330 3242 in
2356 3189 2565 3243 vertice
2588 3192 2809 3253 montis,
2836 3228 2849 3243 .
2879 3228 2892 3240 .
2922 3230 2935 3242 .
2956 3227 2971 3241 .
3000 3196 3055 3244 et
3078 3188 3245 3243 ﬂuent
3275 3188 3341 3243 ad
3367 3205 3493 3245 eum

1914 3280 2117 3350 populi,
2153 3287 2205 3334 et
2236 3280 2605 3350 properahunt
2628 3289 2815 3350 gentes
2848 3280 3031 3335 multae
3056 3320 3069 3334 .
3099 3322 3113 3337 .
3143 3321 3158 3337 .
3183 3320 3199 3336 .
3225 3323 3241 3348 ,
3263 3281 3392 3351 quia
3424 3280 3494 3336 de

1915 3369 2045 3425 Sion
2092 3369 2403 3441 egredietur
2434 3370 2542 3431 lex,
2574 3377 2627 3423 et
2662 3371 2887 3441 verbum
2921 3370 3135 3426 Domini
3175 3371 3241 3427 de
3269 3370 3494 3428 Jerusa-

1912 3470 2016 3524 lem
2047 3470 2090 3525 ⁸.
2130 3489 2148 3522 ι
2200 3468 2300 3523 Hic
2332 3483 2491 3523 mons
2522 3466 2725 3522 Christi
2773 3484 2991 3538 quoque
3024 3468 3126 3523 hoc
3160 3468 3215 3522 in
3250 3468 3370 3523 loco
3406 3468 3493 3522 in-

1912 3562 2100 3616 nuitur
2128 3580 2141 3616 :
2186 3582 2203 3613 ι
2240 3561 2351 3632 Ego
2376 3570 2554 3617 autem
2591 3577 2683 3615 rex
2710 3560 3043 3616 constitutus
3070 3576 3189 3615 sum
3219 3552 3287 3615 ab
3308 3576 3374 3616 eo
3396 3576 3492 3615 su-

1910 3668 2006 3722 per
2055 3649 2186 3706 Sion
2232 3660 2472 3706 montem
2527 3647 2775 3705 sanct’um
2830 3650 2970 3718 ejus.
3011 3668 3030 3700 ι
3097 3650 3277 3718 Aquo
3308 3658 3490 3703 autem

1910 3744 2243 3799 constitutus
2289 3749 2394 3808 est,
2442 3742 2549 3798 nisi
2590 3742 2877 3798 manifeste
2922 3741 2992 3795 ab
3048 3740 3141 3793 illo
3199 3738 3359 3794 Patre
3392 3741 3489 3810 qui

1910 3838 1977 3892 ad
2011 3853 2134 3893 eum
2170 3837 2301 3892 dicit
2337 3854 2351 3890 :
2391 3832 2594 3890 «Filius
2625 3849 2779 3890 meus
2801 3848 2862 3889 es
2895 3842 2976 3899 tu,
3002 3838 3056 3886 et
3079 3846 3179 3902 ego
3211 3829 3372 3883 hodie
3404 3846 3490 3900 ge-

1907 3928 2003 3984 nui
2043 3938 2129 3996 te;
2166 3927 2381 3998 postula
2418 3943 2447 3981 a
2472 3942 2582 3992 me,
2618 3933 2671 3981 et
2696 3925 2836 3981 dabo
2872 3924 2969 3979 tibi
2990 3930 3177 3992 gentes
3202 3920 3489 3976 lueredita-

1907 4032 2013 4078 tem
2040 4030 2210 4085 tuam,
2242 4030 2295 4076 et
2324 4020 2728 4091 possessionem
2760 4026 2907 4072 tuam
2933 4015 3194 4071 terminos
3228 4013 3482 4069 terra?»

1907 4114 2060 4182 Quod
2094 4113 2313 4184 quidem
2340 4126 2469 4166 vera
2496 4112 2567 4166 sit
2606 4110 2912 4183 prophetia,
2933 4124 3034 4164 nec
3062 4107 3224 4161 fallax
3253 4108 3487 4179 promis-

1906 4207 2010 4270 sio,
2061 4206 2375 4261 noverimus
2426 4204 2493 4260 iis
2546 4204 2638 4273 qui
2686 4205 2740 4257 in
2776 4211 2884 4257 tam
2939 4202 3088 4257 brevi
3130 4210 3373 4271 tempore
3418 4214 3484 4255 ex

1904 4296 2053 4351 omni
2098 4303 2259 4367 gente
2302 4293 2370 4348 ad
2409 4309 2590 4348 veram
2625 4290 2718 4346 Dei
2752 4292 3066 4363 religionem
3111 4306 3208 4361 per
3238 4287 3485 4343 Salvato-

1902 4403 2020 4442 rem
2070 4396 2321 4442 nostrum
2372 4392 2757 4456 pervenerunt.
2808 4379 3001 4438 Dicant
3034 4383 3321 4438 evidentia:
3348 4382 3484 4436 resi~

1908 4490 2050 4536 stere
2080 4480 2422 4550 impudenter
2451 4478 2738 4540 audentes,
2763 4481 2851 4530 cui
2883 4474 3284 4529 accommodari
3311 4474 3483 4544 possit

1910 4672 2080 4721 ctant.
2147 4663 2404 4718 Davidem
2434 4661 2578 4717 enim
2615 4674 2817 4729 regem,
2847 4657 2915 4713 de
2944 4672 3053 4728 quo
3079 4654 3194 4711 haec
3227 4655 3333 4709 dici
3361 4654 3482 4723 opi-

1907 4766 2130 4820 nantur,
2186 4754 2460 4826 quomodo
2510 4753 2638 4807 talia
2686 4766 2908 4822 passum
2956 4736 3125 4803 fuisse
3170 4745 3477 4807 ostendent,

1904 4848 1994 4901 cui
2023 4847 2157 4901 nulli
2190 4845 2465 4915 principes
2515 4857 2737 4913 regesve
2767 4853 3005 4909 unquam
3038 4835 3278 4891 insidiati
3311 4833 3481 4887 sunt?

1904 4938 2131 5007 Quando
2161 4945 2340 4992 autem
2374 4943 2427 4989 et
2456 4949 2576 5005 quae
2600 4933 2671 4987 ob
2700 4931 2930 4988 viriliter
2963 4935 3111 4999 gesta
3138 4924 3275 4979 dixit
3304 4921 3481 4977 Domi-

1904 5049 2008 5089 nus
2042 5031 2225 5087 Davidi
2264 5049 2276 5084 :
2314 5027 2522 5084 «Filius
2567 5042 2721 5082 meus
2767 5041 2828 5079 es
2876 5034 2951 5087 tu,
2994 5034 3095 5091 ego
3126 5017 3284 5072 hodie
3315 5016 3476 5087 genui

1904 5123 2001 5177 te?
2028 5140 2047 5173 ι
2081 5118 2365 5187 Quomodo
2394 5125 2449 5173 et
2482 5118 2594 5181 illa,
2635 5136 2653 5169 ι
2680 5113 2900 5170 Postula
2926 5126 2956 5165 a
2987 5126 3093 5173 me,
3127 5114 3181 5163 et
3209 5106 3347 5161 dabo
3376 5105 3475 5159 tibi

1900 5222 2088 5286 gentes
2138 5211 2503 5266 baereditatem
2547 5217 2719 5272 tuam,
2774 5214 2829 5261 et
2874 5200 3272 5275 possessionem
3325 5210 3473 5251 tuam

1899 5307 2163 5362 terminos
2198 5312 2375 5368 terrae,
2415 5323 2433 5355 ι
2461 5303 2511 5359 ei
2542 5302 2873 5363 dicerentur,
2907 5296 2995 5351 cui
3025 5291 3309 5348 manifeste
3339 5286 3473 5343 solis

1899 5403 2067 5459 Israel
2114 5409 2168 5456 et
2211 5398 2363 5454 Judze
2410 5395 2658 5451 terminis
2712 5406 2939 5463 regnum
2994 5383 3473 5451 circumscriptum

1899 5496 2049 5551 erat?
2107 5492 2297 5549 Dicant
2325 5504 2540 5561 quoque
2565 5502 2665 5541 cur
2693 5501 2804 5540 non
2830 5483 3043 5539 venisse
3065 5476 3342 5532 Christum
3371 5470 3473 5526 ad-

1900 5589 2138 5644 mittant.
2191 5584 2411 5648 Annon,
2462 5596 2585 5637 cum
2617 5594 2813 5651 passus
2859 5583 2962 5639 est,
2991 5572 3155 5626 alium
3187 5569 3350 5640 igitur
3374 5579 3475 5621 ex-

1952 5715 1971 5745 ⁷
2017 5710 2179 5768 Mich.
2248 5725 2347 5772 ιιι,
2383 5707 2470 5763 12.
2546 5707 2568 5736 ³
2614 5703 2774 5760 Mich.
2811 5717 2884 5768 tv,
2923 5696 3035 5753 1-2.
3147 5697 3167 5727 ⁹
3207 5690 3353 5748 Psal.
3388 5701 3474 5756 tt,
