3952 6198
589 271 612 325 Ι
621 270 726 326 095

1284 264 1556 322 EUSEBII
1594 262 2071 321 CESARIENSIS
2110 263 2260 323 OPP.
2300 263 2478 321 PARS
2515 263 2603 323 Ill.
2643 296 2713 310 -
2742 263 3153 322 EXEGETICA.

587 395 832 457 spectare
861 399 955 439 eos
995 397 1223 438 necesse
1262 389 1346 437 est
1370 381 1505 436 nihil
1533 382 1660 445 tale,
1693 381 1852 451 quale
1879 382 1987 444 hic,
2025 397 2148 452 pas-

2130 411 2152 422 -
2186 400 2227 452 Α
2255 378 2306 436 εἷ
2331 383 2419 445 σὺ,
2447 381 2558 450 ἐγὼ
2595 383 2831 453 σήμερον
2875 381 3176 452 γεγέννηκά
3211 397 3300 445 σε;
3327 399 3346 433 ι
3367 380 3478 445 Πῶς
3498 380 3541 434 δέ
3562 385 3691 444 καὶτὸ.

589 477 813 533 surum?
858 475 924 529 Et
953 475 1226 544 quomodo
1273 475 1625 544 implerentur
1665 476 1958 544 prophetiae
1989 477 2156 530 multa

586 585 707 642 quae
735 582 997 638 passurus
1023 576 1138 622 erat
1165 565 1255 622 Dei
1274 566 1525 622 Christus
1546 609 1561 632 ,
1585 575 1639 624 et
1658 567 1713 623 in
1742 567 1990 638 pluribus
2013 568 2154 632 aliis,

584 677 692 715 non
742 663 920 714 minus
966 673 1128 730 quam
1180 658 1234 712 in
1277 659 1380 713 hoc
1413 659 1643 728 psalmo,
1696 660 2157 730 praenuntiantes?

584 752 855 821 Numquid
897 749 1316 806 existimandum
1361 760 1444 805 est
1491 751 1626 805 adeo
1663 765 1760 821 per
1807 751 1989 806 orbem
2037 751 2156 808 sine

585 843 679 898 Dei
709 844 910 897 auxilio
945 842 1309 912 pervulgatam
1346 841 1512 896 fuisse
1554 842 1621 896 de
1650 843 1889 897 omnium
1917 841 2026 898 Deo
2058 843 2155 897 do-

584 936 851 1000 ctrinam;
888 934 1271 1003 hominumque
1301 933 1406 986 vim
1429 973 1443 996 ,
1494 931 1752 988 adversus
1797 949 1976 987 rerum
2008 935 2155 990 vices

582 1030 694 1078 tam
751 1025 1032 1086 inermem,
1088 1023 1223 1078 adeo
1285 1023 1579 1078 iuvaluisse
1637 1031 1692 1078 et
1745 1025 2152 1078 corroboratam

585 1115 754 1172 fuisse
799 1123 858 1168 ut
895 1114 1112 1185 propria
1153 1113 1528 1168 tantummodo
1558 1113 1843 1180 doctrina,
1883 1115 1998 1170 sine
2041 1114 2153 1168 ullo

583 1205 798 1262 deitatis
815 1207 1033 1268 auxilio,
1059 1207 1112 1259 in
1131 1205 1382 1260 omnibus
1399 1205 1710 1275 regionibus
1745 1206 1814 1259 ita
1843 1206 2150 1259 auditorum

583 1298 792 1352 animas
839 1295 1168 1360 instituerit,
1213 1294 1415 1364 Deique
1453 1297 1692 1349 omnium
1724 1297 1950 1350 scientia
2000 1295 2152 1364 prius

583 1388 708 1441 olim
735 1388 1004 1451 imbuerit,
1032 1397 1085 1442 et
1116 1402 1288 1457 usque
1314 1402 1457 1440 nunc
1487 1387 1553 1440 iis
1584 1388 1932 1457 persuaserit,
1970 1395 2027 1440 ut
2057 1401 2152 1455 pa-

581 1480 740 1532 triam
773 1488 1006 1550 gentem,
1062 1481 1336 1548 vitamque
1364 1479 1641 1548 injustam,
1677 1479 1845 1535 feram
1883 1495 1945 1534 ac
1973 1479 2152 1535 disso-

581 1573 750 1626 lutam
779 1572 1091 1641 abjicerent,
1136 1571 1337 1642 Deique
1360 1572 1546 1642 pietati
1573 1572 1914 1626 solummodo
1960 1572 2150 1627 stude-

580 1671 724 1728 rent,
759 1663 1009 1731 illamque
1049 1677 1156 1716 non
1217 1663 1392 1716 solum
1437 1661 1654 1731 opibus,
1687 1660 1780 1716 sed
1807 1668 1860 1715 et
1895 1661 1996 1731 ipsi
2027 1662 2150 1715 vita:

580 1754 716 1808 adeo
758 1754 1011 1808 omnibus
1057 1751 1269 1807 dilectae
1311 1753 1737 1822 anteponerent?
1789 1750 1987 1808 Verum
2037 1769 2144 1807 non
2177 1785 2218 1840 Β

579 1845 772 1915 Opinor
830 1859 1151 1914 quemquam
1215 1859 1436 1907 eorum,
1490 1845 1582 1914 qui
1643 1853 1789 1900 recte
1847 1845 1914 1900 de
1985 1846 2147 1901 rebus

580 1936 782 1992 sentire
847 1937 1053 1999 volunt,
1124 1946 1442 2007 negaturum
1513 1951 1635 1992 esse
1679 1938 1793 1991 haec
1835 1945 1982 1991 tanta
2049 1936 2141 1993 Dei

579 2042 681 2098 cpe
711 2036 764 2082 et
802 2027 939 2082 ultra
973 2028 1251 2082 hominum
1307 2026 1615 2084 facultatem
1665 2043 1760 2098 per
1807 2027 2143 2084 Salvatorem

578 2128 822 2176 nostrum
863 2120 1129 2176 evenisse.
1187 2119 1396 2186 Quibus
1438 2121 1597 2177 simul
1631 2120 1932 2175 ostenditur
1965 2119 2145 2174 incar-

578 2210 690 2264 nati
721 2209 931 2264 Domini
965 2210 1240 2275 divinitas,
1264 2209 1424 2265 simul
1451 2217 1504 2264 et
1534 2217 1717 2279 aperte
1741 2209 2140 2263 demonstratur

576 2317 698 2357 eum
723 2303 997 2372 accepisse
1021 2316 1052 2355 a
1082 2301 1239 2356 Patre
1277 2310 1494 2372 «gentes
1518 2301 1905 2364 limreditatem,
1931 2307 1983 2354 et
2013 2313 2142 2368 pos-

577 2394 876 2449 sessionem
900 2393 1018 2462 ejus
1063 2393 1326 2448 terminos
1367 2399 1546 2458 terrae,
1577 2411 1596 2444 ι
1624 2398 1982 2461 congruenter
2013 2406 2136 2445 cum

577 2491 854 2555 praecitata
908 2484 1208 2556 prophetia.
1274 2483 1640 2554 Quaecumque
1685 2483 1752 2538 de
1798 2483 1901 2538 hoc
1931 2484 2139 2553 psalmo

575 2575 802 2631 dicenda
847 2583 976 2630 sunt
1006 2575 1284 2629 absolvere
1327 2582 1539 2644 tempus
1581 2583 1756 2638 vetat,
1793 2588 1917 2628 cum
1941 2573 2052 2643 jam
2083 2583 2139 2627 et

575 2665 824 2721 diﬂusius
853 2665 927 2720 de
947 2666 1037 2720 illo
1063 2665 1440 2720 disseruimus.

2263 493 2282 524 ι
2308 474 2532 545 Αἴτησαι
2577 475 2704 544 παρ’
2743 472 2899 543 ἐμοῦ,
2938 473 3033 525 καὶ
3057 471 3209 524 δώσω
3251 488 3330 524 σοι
3367 471 3479 541 ἐθνη
3508 472 3582 542 τὴν
3613 475 3697 544 an.

2259 566 2513 638 ρονομίαν
2556 583 2668 628 σου,
2711 565 2805 618 καὶ
2848 567 2946 637 τὴν
2987 563 3306 634 κατάσχεσίν
3349 581 3434 617 σου
3474 565 3530 618 τὰ
3560 566 3704 638 πέρατι

2255 656 2353 728 τῆς
2375 657 2506 726 ’γῆς,
2545 676 2562 709 ι
2602 657 2795 725 λέγοιτ’
2830 657 2894 711 ἂν
2943 656 3016 720 ὡς
3054 655 3186 726 πρὸς
3233 656 3386 709 αὑτὸν
3424 656 3574 724 σαφῶς
3602 675 3707 727 περι.

2255 747 2560 821 ορισθείσης
2585 748 2746 802 αὐτοῦ
2769 749 2866 820 τῆς
2893 747 3162 818 βασιλείας
3190 749 3281 802 ἐπὶ
3309 747 3458 813 μόνον
3479 747 3708 820 τογ’ίσραὴλ

2257 840 2350 894 καὶ
2395 841 2520 904 τοὺς
2558 840 2659 908 τῆς
2705 840 2960 904 Ἰουδαίας
3007 839 3197 910 ὃρους;
3255 839 3350 892 Διά
3394 840 3442 892 τί
3485 840 3531 892 δέ
3569 843 3636 893 καὶ
3665 844 3705 893 ὠ

2256 932 2566 1001 προσίενται
2595 932 2684 986 τὸν
2716 929 3004 1002 ἐληλυθότα
3019 931 3274 996 Χριστὸν,
3307 931 3706 1000 ἀτωκρινέσθωσαν·

2254 1017 2364 1096 ἆρά
2403 1041 2464 1094 γε
2513 1023 2696 1096 ἐπειδὴ
2749 1023 3032 1088 πέπονθεν,
3061 1024 3245 1092 ἕτερον
3290 1024 3456 1076 τοίνυν
3493 1023 3709 1094 προσδοκᾷν

2253 1118 2448 1180 αὐτοὺς
2485 1117 2694 1187 ἀνάγκη
2739 1116 2901 1188 μηδὲν
2943 1115 3177 1170 τοιοῦτον
3215 1117 3392 1169 ὁποῖον
3432 1108 3558 1178 οὗτος
3588 1118 3711 1168 πειθό-

2255 1225 2453 1280 μενον;
2518 1209 2628 1263 Καὶ
2683 1209 2798 1273 πῶς
2858 1208 2922 1262 ἂν
2978 1208 3310 1279 πληρωθεῖεν
3367 1209 3420 1260 αί
3474 1211 3710 1278 προφητεῖαι

2251 1297 2476 1351 πλεῖστα
2521 1298 2624 1352 ὅσα
2673 1297 2864 1352 παθεῖν
2888 1296 2978 1350 τὸν
3009 1295 3246 1368 Χριστὸν
3277 1294 3368 1348 τοῦ
3417 1293 3553 1358 Θεοῦ,
3589 1295 3654 1346 καὶ
3674 1296 3710 1346 ὲν

2250 1389 2452 1461 ἑτέροις
2481 1389 2578 1461 μὲν
2611 1389 2870 1453 πλείοσιν,
2902 1390 2998 1460 οὐχ
3023 1389 3223 1459 ἥκιστα
3255 1387 3311 1440 δὲ
3345 1386 3430 1440 καὶ
3465 1388 3514 1438 ὲν
3543 1385 3601 1455 τῷ
3620 1386 3709 1455 μετᾶ

2250 1483 2436 1552 χεῖρας
2481 1479 2841 1552 προλέγουσαι
2879 1476 3110 1549 ψαλμῷς
3143 1475 3289 1550 τΑρα
3325 1478 3380 1530 δὲ
3418 1478 3512 1546 χρὴ
3547 1475 3708 1544 νομίζειν

2249 1571 2399 1626 ἀθεεὶ
2447 1573 2545 1643 τὴν
2594 1571 2720 1645 περὶ
2776 1569 2869 1624 τοῦ
2934 1571 3042 1624 τῶν
3101 1569 3240 1624 ὅλων
3285 1569 3412 1624 Θεοῦ
3459 1568 3708 1620 διδασκαλίαν

2247 1664 2636 1736 ἐνεσπαρκέναι
2687 1662 2874 1716 τοῦτον
2917 1664 2984 1734 τῇ
3040 1661 3364 1732 οἰκουμένῃ·
3429 1660 3528 1713 ἐστι
3569 1659 3611 1712 δὲ
3646 1657 3710 1709 κᾶν

2249 1754 2526 1825 ἐπινοῆσαι
2555 1753 2898 1826 ἀνθρωπίνην
2927 1752 3101 1826 ὁρμὴν
3130 1752 3226 1806 καὶ
3251 1751 3405 1823 ψιλὴν
3432 1749 3514 1804 τοῦ
3539 1750 3712 1819 τυχόντος

2251 1843 2503 1916 ἐπιὸολὴν
2535 1844 2784 1898 τοσοῦτον
2825 1843 3035 1914 ίσχῦσαί
3064 1861 3124 1896 τε
3157 1846 3254 1897 καὶ
3295 1841 3574 1914 δυνηθῆναι,

2253 1938 2417 2008 μόνης
2451 1937 2548 2009 τῆς
2587 1935 2750 1992 αὑτοῦ
2792 1935 3133 1999 διδασκαλίας
3166 1935 3296 1989 ἀνευ
3339 1933 3562 2004 θεότητος
3589 1947 3714 2000 συνερ-

2245 2026 2447 2098 γούσης
2491 2027 2834 2091 παντοδαπὰς
2874 2027 3154 2098 ἀκροατῶν
3183 2024 3440 2080 διαθεῖναι
3463 2022 3607 2092 ψυχὰς
3631 2021 3714 2090 περὶ

2244 2115 2334 2169 τὸν
2375 2115 2480 2168 τῶν
2530 2115 2667 2168 ὅλων
2697 2115 2826 2169 Θεὸν
2863 2114 3033 2169 ταῦτα
3077 2118 3264 2168 πεῖσαι
3313 2114 3466 2167 πάλαι
3509 2111 3712 2182 πρότερον,

2244 2210 2336 2263 καὶ
2368 2207 2534 2264 είσέτι
2565 2209 2659 2263 νῦν
2708 2209 2912 2263 πείθειν
2959 2207 3278 2261 καταλιπεῖν
3315 2206 3408 2277 μὲν
3439 2204 3522 2274 ἔθη
3559 2202 3712 2270 πάτρια,

2244 2299 2357 2371 βίον
2393 2319 2452 2354 τε
2481 2300 2734 2372 ἄθεσμον,
2769 2300 2862 2354 καὶ
2895 2300 3191 2372 ἀνήμερον,
3225 2301 3318 2353 καὶ
3343 2298 3616 2361 ἀκόλαστον,
3636 2294 3712 2346 θεο-

2244 2390 2428 2462 σεϐείᾳ
2461 2390 2518 2444 δὲ
2562 2390 2694 2461 μόνῃ
2728 2389 3028 2461 προσέχειν,
3068 2391 3164 2444 καὶ
3205 2389 3402 2460 ταύτην
3427 2389 3480 2441 ού
3509 2387 3632 2457 μόνον
3651 2383 3713 2451 τῆς

2242 2481 2588 2554 ὑπαρχούσης
2627 2481 2846 2546 ούσίας,
2890 2481 3026 2536 ἀλλά
3070 2481 3166 2535 καὶ
3202 2483 3270 2536 δι’
3326 2478 3478 2536 αὑτοῦ
3519 2477 3593 2531 τοῦ
3627 2477 3713 2529 πᾶσι

2243 2572 2608 2644 περιποθήτου
2649 2571 2746 2644 ζῇν
2787 2576 3091 2646 προτιμᾷν;
3141 2573 3285 2627 Ἀλλ’
3321 2575 3417 2626 οὐκ
3459 2569 3607 2641 οἴομαί
3633 2583 3712 2618 τινα

2239 2663 2348 2718 τῶν
2390 2662 2492 2718 κᾶν
2538 2663 2770 2736 μετρίως
2821 2665 3185 2736 εὐγνωμονεῖν
3234 2664 3510 2718 ἐθελόντων
3547 2660 3604 2731 μὴ
3633 2654 3714 2724 οὐχὶ

579 2759 951 2828 συνομολογεῖν
981 2757 1049 2810 τὰ
1111 2757 1410 2826 τηλικαῦτα
1479 2759 1616 2830 μετά
1651 2759 2015 2830 συνεργούσης
2059 2757 2208 2824 θείας
2246 2759 2338 2816 καὶ
2391 2759 2530 2832 ὑπὲρ
2580 2759 2881 2833 ἀνθρώπων
2936 2761 3218 2832 δυνάμεως
3268 2760 3354 2814 διὰ
3406 2757 3492 2812 τοῦ
3533 2753 3711 2822 Σωτῆρκ

575 2853 732 2926 ἡμῶν
777 2853 1087 2922 ΥεὙονέ-ναι⁶
1141 2854 1201 2918 ἐξ
1244 2847 1318 2907 ὧν
1372 2853 1505 2924 ὁμοῦ
1562 2855 1659 2924 μὲν
1716 2855 1808 2906 καὶ
1862 2855 1894 2922 ἡ
1939 2853 2126 2924 θεότης
2161 2855 2546 2909 ἀποδείκνυται
2597 2853 2690 2908 τοῦ
2739 2854 3261 2926 ἐνανθρωπήσαντος
3301 2852 3512 2926 Κυρίου,
3543 2845 3644 2920 ὁμοῦ
3676 2843 3711 2895 ἃ

575 2947 668 3002 καὶ
706 2947 774 3001 τά
813 2948 1081 3018 τεκμήρια
1120 2947 1306 3017 σαφῶς
1343 2947 1669 3020 παρίσταται
1711 2946 1807 3000 τοῦ
1857 2947 2132 3018 εἰληφέναι
2170 2948 2330 3002 αὑτὸν
2363 2947 2469 3002 ὑπὸ
2503 2947 2596 3002 τοῦ
2659 2947 2868 3020 [ἰατρὸς
2917 2967 2935 2999 ι
2967 2947 3034 3001 τὰ
3085 2948 3217 3018 ἐθνη
3266 2943 3608 3018 κληρονομίαν,
3651 2933 3709 2987 καὶ

574 3039 675 3112 τὴν
709 3039 1032 3108 κατάσχεσιν
1072 3037 1236 3092 αὐτοῦ
1287 3039 1355 3092 τὰ
1397 3041 1617 3111 πέρατα
1653 3040 1752 3110 τῆς
1793 3041 1916 3112 γῆς,
1986 3060 2004 3092 ι
2051 3040 2358 3105 ἀκολούθως
2421 3044 2486 3114 τῇ
2525 3041 2664 3114 μετά
2697 3044 2882 3114 χεῖρας
2922 3041 3250 3113 προφητείᾳ.
3283 3039 3416 3094 Ὀλα
3440 3037 3491 3090 δὲ
3519 3033 3576 3089 τὰ
3617 3027 3708 3082 κατὰ

571 3129 665 3183 τὸν
737 3129 948 3201 ψαλμὸν
997 3128 1294 3209 διηγεῖσθαι
1337 3130 1399 3184 ού
1463 3131 1558 3184 τοῦ
1611 3130 1877 3202 παρόντος
1931 3133 2186 3204 τυγχάνει
2237 3132 2461 3205 καιροῦ,
2535 3133 2766 3204 μάλιστα
2809 3135 2898 3187 ὅτε
2958 3133 3338 3205 πληρεστάτης
3388 3131 3480 3203 ἢδη
3520 3124 3706 3194 τετύχηκε

571 3221 891 3297 διηγήσεως.

1175 3342 1402 3398 CAPUT
1437 3342 1524 3400 Ill.

1098 3433 1144 3487 E
1173 3436 1374 3504 psalmo
1415 3437 1587 3492 tertio.

644 3521 885 3580 Tertium
932 3541 1148 3596 quoque
1196 3529 1461 3597 psalmum
1513 3528 1668 3584 facile
1705 3536 1789 3584 est
1816 3528 1884 3584 de
1915 3527 2132 3584 Christo

573 3616 952 3688 interpretari,
1001 3628 1364 3688 congruenter
1405 3635 1526 3672 cum
1577 3620 1788 3675 insidiis
1841 3635 1960 3689 qua:
2008 3629 2132 3674 ante

572 3723 694 3763 eum
722 3708 957 3774 luerunt,
989 3709 1217 3764 insidias
1240 3709 1501 3766 adversus
1525 3727 1647 3766 eum
1668 3719 1886 3782 paratas
1910 3712 2133 3768 demon-

571 3808 752 3856 strans
776 3799 876 3855 hoc
903 3799 1060 3854 modo
1089 3819 1102 3854 :
1143 3821 1160 3852 ι
1197 3799 1443 3863 Domine,
1470 3802 1598 3872 quid
1628 3804 1968 3874 multiplicati
2003 3812 2131 3860 sunt

568 3891 662 3962 qui
693 3891 953 3945 tribulant
983 3908 1068 3947 me
1095 3893 1176 3946 ‘°?
1204 3913 1222 3945 ι
1289 3893 1352 3947 Et
1384 3910 1505 3964 quae
1534 3895 1982 3950 resurrectionem
2011 3898 2128 3966 ejus

568 3979 820 4046 innuunt,
871 3980 955 4036 his
1004 3981 1180 4038 verbis
1214 4002 1226 4036 :
1265 4002 1283 4034 ι
1325 3983 1433 4052 Ego
1463 3985 1714 4052 dormivi,
1759 3995 1813 4042 et
1842 3999 2128 4057 soporatus

568 4086 721 4138 sum;
755 4080 809 4125 et
841 4074 1144 4139 exsurrexi,
1177 4074 1300 4143 quia
1329 4074 1587 4133 Dominus
1612 4079 1849 4147 suscepit
1882 4095 1967 4134 me
2001 4079 2062 4131 ".
2103 4097 2119 4130 ι

565 4159 890 4216 Conveniret
916 4162 1132 4218 Christo
1161 4172 1213 4218 et
1245 4166 1475 4236 quisque
1506 4167 1666 4236 hujus
1700 4168 1892 4236 psalmi
1912 4183 2122 4231 versus,

565 4253 657 4320 qui
688 4251 845 4305 nobis
879 4254 1312 4323 interpretandus
1357 4263 1458 4310 est.
1518 4255 1636 4312 Non
1676 4259 1984 4314 inconsulto
2011 4267 2122 4314 ter-

563 4343 674 4397 tius
716 4342 804 4396 ille
834 4344 1076 4413 psalmus
1115 4345 1319 4402 Christi
1367 4350 1818 4406 resurrectionem
1866 4367 2122 4422 praenun-

563 4433 686 4500 tiat,
734 4446 1094 4504 congruenter
1138 4455 1260 4492 cum
1303 4443 1596 4511 pmcitatis
1628 4445 1945 4515 prophetiis.
2007 4443 2124 4498 Pri-

560 4540 683 4581 mus
709 4526 874 4589 enim,
921 4528 1063 4584 sicut
1090 4531 1394 4596 retulimus,
1442 4533 1845 4604 integerrimam
1889 4537 2008 4607 ejus
2042 4539 2117 4593 vi-

557 4621 712 4682 tam,
766 4617 1177 4691 iniquitatisque
1231 4621 1524 4679 immunem
1579 4625 1789 4681 vivendi
1853 4629 2117 4684 rationem

2751 3344 3147 3398 ΚΕΦΑΛΔῙΟΝ
3188 3344 3267 3399 Γ’.

2838 3433 3086 3504 Ψαλμοῦ
3123 3442 3194 3504 τι.

2299 3528 2410 3581 Καὶ
2429 3525 2521 3581 τὸν
2555 3527 2736 3599 τρίτον
2767 3525 2978 3598 ψαλμὸν
3029 3525 3121 3578 ἐπὶ
3169 3526 3263 3580 τὸν
3317 3524 3530 3596 Χριστὸν
3564 3519 3704 3586 eam

2231 3617 2356 3673 σάνε
2365 3635 2411 3672 ιν
2437 3619 2559 3689 εύχε
2568 3619 2675 3690 ρὲς,
2699 3617 3004 3680 ἀκολούθως
3031 3621 3146 3681 τοῖς
3169 3617 3278 3688 πρὸ
3296 3615 3454 3670 αὑτοῦ
3473 3613 3704 3667 διδάσκοντι

2227 3709 2298 3763 τὰ
2327 3710 2574 3782 περὶτῆς
2596 3709 2714 3764 κατ’
2737 3708 2900 3763 αὐτοῦ
2931 3708 3222 3779 ἐπιϐουλῆς
3281 3708 3368 3763 διά
3393 3706 3498 3767 τοῦ,
3523 3723 3539 3756 ι
3568 3701 3700 3770 Κόρη.

2226 3801 2278 3853 τί
2307 3799 2718 3872 ἐπληθύνθησαν
2740 3801 2790 3853 oi.
2814 3799 3082 3862 θλίϐοντὲς
3110 3818 3214 3872 με;
3273 3820 3293 3853 ι
3335 3801 3424 3854 καί
3448 3798 3508 3852 τὰ
3527 3791 3701 3865 περὶτῆς

2225 3893 2568 3957 ἀναστάσεως
2634 3892 2696 3963 (l'.
2734 3894 2799 3948 19
2824 3897 2900 3962 νθ)
2941 3892 3126 3954 αὐτοῦ.
3159 3894 3197 3949 ἃ
3261 3895 3354 3949 καὶ
3403 3889 3614 3962 δηλοῦται
3643 3883 3699 3937 διὰ

2223 3980 2338 4044 τοῦ,
2372 4000 2389 4031 ι
2413 3981 2554 4050 Ἐγὼ
2581 3981 2878 4052 ὲκοιμήθην
2935 3981 3028 4034 καὶ
3061 3981 3310 4046 ὓπνωσα,
3356 3977 3626 4051 ἐξηγέρθην.
3646 3973 3698 4024 ὅτι

2223 4072 2425 4144 Κύριος
2462 4073 2806 4145 ἀντιλήψεταί
2837 4089 2988 4143 μου.»
3029 4074 3314 4145 Ἀρμόσειε
3369 4074 3411 4128 δ’
3443 4073 3500 4127 ἀν
3520 4069 3582 4140 τῷ
3608 4065 3679 4133 XF!

2225 4160 2334 4231 στῷ
2363 4163 2456 4214 καὶ
2486 4160 2714 4226 ἕκαστος
2733 4161 2826 4216 τοῦ
2841 4162 3053 4232 ψαλμοῦ
3078 4165 3262 4234 στίχος
3285 4165 3382 4234 τῆς
3405 4155 3698 4233 προσηκούσης

2221 4250 2397 4322 τυχὼν
2443 4251 2769 4324 ἐξηγήσεωςο
2806 4253 2915 4324 ἔχει
2949 4254 3006 4307 δὲ
3035 4253 3192 4323 λόγον
3233 4255 3406 4310 καὶτὸ
3423 4253 3574 4326 τρίτον
3589 4244 3697 4300 nisi?

2220 4343 2546 4413 τεταγμένον
2599 4344 2668 4398 τά
2721 4345 2848 4417 περὶ
2893 4347 2992 4418 τῆς
3043 4347 3389 4410 ἀναστάσεως
3425 4342 3508 4398 τοῦ
3553 4336 3695 4406 Κυρίου

2222 4433 2497 4498 θεσπίζειν
2523 4435 2829 4500 ἀκολούθως
2855 4441 2974 4500 ταῖς
3000 4439 3107 4510 πρὸ
3161 4438 3323 4493 αὐτοῦ
3355 4427 3694 4510 προφητείαις·ὀ

2224 4525 2321 4596 μὲν
2348 4526 2456 4598 γὰρ
2485 4526 2716 4598 πρῶτος,
2751 4527 2932 4592 καθὼς
2959 4530 3401 4602 ἀποδεδώκαμεν,
3429 4529 3507 4581 τὸν
3526 4525 3693 4592 illam"

2222 4618 2332 4690 βίον
2351 4621 2446 4673 καὶ⁹
2477 4621 2576 4692 τὴν
2602 4619 2727 4674 ἀνευ
2748 4622 3022 4693 ἀμαρτίας
3043 4623 3208 4676 αὐτοῦ
3226 4621 3480 4676 πολιτείαν
3503 4614 3691 4670 Sidam?

559 4709 824 4777 ostendit;
860 4712 1240 4784 secundusque
1281 4715 1625 4784 passionem;
1656 4726 1778 4788 apte
1804 4719 1970 4789 igitur
2013 4728 2120 4776 ter-

2153 4753 2195 4807 υ
2217 4712 2247 4764 ὁ
2271 4709 2518 4783 δεύτερος
2539 4712 2604 4766 τὰ
2637 4713 2777 4766 κατά
2807 4713 2867 4766 τὸ
2914 4713 3102 4777 πάθος·
3137 4714 3342 4777 τούτοις
3372 4697 3690 4807 τοιγαροῦναιί

557 4799 668 4856 tius
694 4803 1142 4860 resurrectionem
1172 4805 1292 4874 ejus
1315 4807 1657 4876 praenuntiat.

1158 4977 1386 5035 CAPUT
1426 4978 1516 5037 IV.

1068 5067 1117 5122 E
1141 5069 1343 5137 psalmo
1383 5081 1583 5126 octavo.

621 5158 809 5216 Octavi
843 5161 1037 5231 psalmi
1079 5161 1252 5230 prima
1289 5163 1454 5217 verba
1485 5182 1498 5218 :
1527 5181 1545 5215 ι
1576 5162 1802 5220 Domine
1836 5165 1975 5224 Deus
2019 5184 2112 5224 no-

553 5263 682 5317 ster,
708 5267 868 5322 quam
899 5253 1216 5308 admirabile
1257 5263 1340 5310 est
1386 5269 1578 5310 nomen
1611 5263 1762 5312 tuum
1795 5257 1849 5313 in
1897 5261 2108 5316 univer-

553 5355 612 5395 sa
646 5348 789 5396 terra
823 5340 898 5394 “l
940 5361 958 5394 ι
1002 5341 1069 5396 de
1112 5343 1347 5412 gentium
1390 5345 1676 5400 vocatione
1730 5347 2110 5418 prophetizare

553 5430 766 5485 videtur
801 5448 1008 5502 :quare
1057 5433 1416 5490 inscribitur:
1453 5454 1470 5488 ι
1519 5451 1616 5505 pro
1663 5440 2050 5498 torcularibus.
2084 5460 2102 5493 ι

551 5517 651 5575 Hic
681 5532 1014 5591 usurpantur
1039 5527 1332 5582 toreularia
1381 5542 1481 5599 pro
1517 5526 1777 5584 Ecclesiis
1816 5545 1938 5600 quas
1978 5539 2110 5587 sunt

619 5679 662 5709 "
695 5676 837 5736 Psal.
872 5692 970 5741 ιιι.
999 5677 1056 5736 8.
1129 5682 1174 5718 “
1212 5681 1342 5738 ibid.
1374 5682 1426 5740 6.
1505 5684 1544 5717 "
1584 5681 1728 5739 Psal.
1763 5699 1895 5751 vtu,
1932 5683 1984 5741 1.

2221 4805 2250 4856 ὁ
2297 4802 2476 4874 τρίτος
2530 4803 2657 4875 ἐξῆς
2721 4805 2790 4860 τὰ
2845 4807 2974 4878 περὶ
3049 4807 3147 4878 τῆς
3207 4803 3531 4864 ἀναστάσεως
3579 4787 3689 4849 αὗτΰῧ

2217 4890 2476 4958 θεσπίζει.

2737 4985 3132 5040 ΚΕΦΑΛΔΙΟΝ
3176 4989 3250 5042 Δθ.

2812 5077 3061 5148 Ψαλμοῦ
3099 5086 3152 5147 η’
3168 5122 3172 5131 .
3402 5112 3408 5119 -

2284 5163 2390 5217 Τοῦ
2416 5163 2598 5234 ὀγδόου
2625 5164 2836 5237 ψαλμοῦ
2874 5165 2944 5219 τά
2971 5168 3068 5238 μὲν
3097 5167 3286 5238 πρῶτα
3308 5165 3409 5220 ἀπὸ
3431 5152 3683 5227 romani?“

2209 5253 2238 5307 ὁ
2263 5253 2465 5327 Κύριος
2497 5255 2670 5328 ήμῶν,
2697 5255 2773 5320 ὡς
2809 5255 3114 5326 θαυμαστὸν
3140 5260 3200 5314 τὸ
3225 5257 3388 5329 δνομά
3419 5271 3500 5310 σου
3523 5253 3568 5303 ἐν
3583 5245 3681 5308 πάεΐι

2211 5352 2278 5421 τῇ
2306 5353 2432 5420 mn
2470 5352 2595 5422 περὶ
2625 5352 2723 5423 τῆς
2754 5352 2811 5419 ἐξ
2848 5353 3014 5409 ἐθνῶν
3069 5354 3308 5428 κλήσεως
3357 5353 3484 5407 ἔοικε
3532 5355 3680 5418 προφη-

2211 5440 2482 5496 τεύεσθαι·
2506 5441 2588 5496 διὸ
2617 5443 2712 5498 καὶ
2737 5443 3138 5518 ἐπιγέγραπται
3184 5466 3204 5499 ι
3223 5447 3356 5518 ὑπὲρ
3398 5443 3494 5498 τῶν
3511 5433 3674 5508 ληνῶνί

2213 5529 2387 5602 ληνῶν
2419 5534 2718 5591 νοουμένων
2743 5535 2850 5590 τῶν
2881 5537 2984 5592 ἀνά
3032 5538 3129 5612 τὴν
3181 5537 3480 5609 οἰκουμένην
3517 5522 3679 5591 Ἐκκλη⁸
