3936 6206
265 221 406 277 1097

1279 221 1578 302 ECLOGA!)
1621 218 2098 277 PROPIIETICA'I.
2140 247 2212 257 —
2251 214 2381 270 LIB.
2421 211 2489 269 ll.

3382 215 3404 268 i
3415 213 3520 268 098

265 354 420 396 σ.ων,
457 338 514 390 ἐν
543 332 631 398 αἷς
664 337 761 407 τῆς
801 336 1055 408 ἀληθινῆς
1081 337 1324 407 ἀμπέλου
1347 337 1441 391 τοῦ
1468 335 1727 409 Χριστοῦ,
1752 338 1846 389 καὶ

1963 347 2110 401 super
2142 340 2365 391 terram,
2400 328 2456 382 in
2490 328 2691 398 quibus
2713 341 2854 382 verte
2879 326 3004 381 vitis
3026 325 3254 388 Christi,
3284 333 3336 381 et
3362 323 3517 396 quasi

263 426 372 479 τῶν
405 425 646 496 ὡσπερεὶ
679 425 969 497 κλημάτων
996 427 1160 480 αὐτοῦ
1187 427 1294 480 τῶν
1328 428 1488 499 ἱερῶν
1513 427 1842 490 ἀποστόλων,

245 509 316 572 ‘oi
341 517 545 586 λογικοὶ
576 517 798 588 βότρυες
830 517 1137 588 πιεζόμενοι
1166 519 1256 572 τὸν
1290 519 1398 573 ἀπὸ
1444 520 1552 572 τῶν
1587 519 1844 590 μαθημάα

270 626 374 662 των
401 605 580 661 αὑτῶν
612 608 795 680 νοερὸν
829 609 920 661 καὶ
945 610 1124 679 πάσης
1174 609 1510 680 εὐφροσύνης
1567 609 1846 679 ποιητικὸν

268 702 408 755 οἶνον
433 700 780 772 παρέχουσιν·
818 701 991 765 ἄλλως
1023 703 1131 773 γὰρ
1171 704 1231 756 ού
1252 704 1475 757 δυνατὸν
1510 706 1845 774 σωματικαῖς

267 792 446 864 ληνοῖς
483 793 792 864 ἐφαρμόσαι
820 792 888 846 τὰ
919 795 976 846 ἐν
1037 795 1114 866 τῷ
1141 795 1340 866 ψαλμῷ
1382 796 1669 866 λεγόμενα*
1727 797 1846 848 ἐπεὶ

271 888 394 958 μηδ’
419 887 553 950 ὅλως
575 887 650 948 ὡς
691 888 746 939 ἐν
769 887 973 958 ἑτέροις
1011 889 1128 959 ἧτοι
1185 892 1312 961 περὶ
1355 891 1601 962 ἀμπέλου
1643 908 1844 962 μεταρ--

268 978 452 1048 θείσης
477 979 536 1043 ἐξ
567 977 862 1046 Αἰγύπτου,
898 978 928 1048 ἦ
962 980 1089 1050 περὶ
1125 980 1447 1051 ἀμπελῶνος
1505 983 1710 1052 Κυρίου
1744 981 1846 1032 Σα-

268 1069 443 1133 ϐαὼθ,
476 1071 510 1141 ἦ
537 1089 696 1123 τινων
721 1068 994 1134 τοιούτων,
1015 1070 1250 1124 διάνοιάν
1279 1089 1399 1124 τινα
1430 1073 1500 1126 τὰ
1534 1073 1629 1142 τῆς
1651 1071 1848 1137 λέξεως

269 1160 536 1232 περιέχει.
567 1160 647 1213 Τὰ
680 1160 724 1213 δ’
753 1159 860 1212 ἀπὸ
895 1159 1012 1224 τοῦ,
1071 1179 1086 1210 ι
1121 1162 1184 1213 Τί
1217 1163 1363 1214 ἐστιν
1415 1160 1716 1232 ἅνθρωπος,
1766 1161 1847 1212 δτι

270 1253 554 1322 μιμνήσκῃ
585 1250 768 1315 αὐτοῦ,
825 1250 1006 1321 ἥυὶὸς
1061 1251 1368 1324 ἀνθρώπου,
1426 1255 1505 1306 ὅτι
1546 1253 1846 1324 ἐπισκέπτῃ

265 1341 471 1406 αὑτόνς
517 1341 858 1404 Ἠλάττωσας
888 1343 1049 1395 αὑτὸν
1082 1343 1255 1414 βραχύ
1287 1361 1339 1396 τι
1399 1346 1526 1416 παρ’
1562 1344 1846 1413 ἀγγέλους,

263 1433 398 1507 δόξῃ
426 1433 520 1486 καὶ
545 1437 674 1504 τιμῇ
705 1435 1089 1503 ἐστεφάνωσας
1111 1437 1327 1498 αύτὸν,ι
1363 1436 1458 1490 καὶ
1487 1437 1554 1489 τὰ
1584 1436 1731 1506 ἑξῆς,
1758 1435 1850 1487 ἐπὶ

264 1525 364 1579 τὸν
397 1526 624 1597 Σωτῆρα
653 1527 746 1579 καὶ
795 1527 1000 1599 Κύριον
1053 1527 1213 1599 ἡμῶν
1265 1527 1472 1598 Ἰησοῦν
1506 1529 1563 1580 ἐν
1611 1530 1676 1599 τῇ
1716 1528 1850 1600 πρὸς

277 1617 566 1690 Ἐὁραίους
609 1620 860 1691 ἐπιστολῇ
898 1620 1271 1691 μετείληπται,
1309 1620 1435 1674 ἔνθα
1463 1617 1558 1690 τῷ·
1601 1639 1618 1672 ι
1668 1620 1851 1672 Πάντα

269 1708 544 1775 ὑπέταξας
575 1711 830 1764 ὑποκάτω
881 1709 985 1763 τῶν
1031 1709 1206 1763 ποδῶν
1234 1710 1421 1775 αὐτοῦ,
1465 1729 1483 1762 ι
1535 1709 1851 1781 ἐπιφέρεται

265 1803 356 1855 τόο
390 1822 408 1854 ι
439 1803 547 1856 Νῦν
580 1804 636 1858 δὲ
681 1802 892 1856 οὐδέπω
931 1801 1146 1874 ὁρῶμεν
1173 1801 1320 1873 αὐτῷ
1345 1801 1414 1855 τὰ
1461 1803 1638 1856 πάντα
1665 1805 1855 1856 ὑποτε-

264 1897 537 1967 ταγμένα.
565 1897 668 1949 Τὸν
696 1896 752 1949 δέ
788 1895 958 1968 βραχύ
1007 1914 1060 1950 τι
1117 1897 1247 1967 παρ’
1289 1895 1554 1964 ἀγγέλους
1609 1896 1852 1964 ⁴ἢλαττω-

271 1990 436 2060 μένον
459 1989 724 2061 βλέπομεν
757 1989 986 2061 Ἰησοῦν,
1013 1989 1098 2043 διὰ
1126 1989 1185 2042 τὸ
1216 1989 1360 2059 πάθη
1372 2005 1446 2058 μα
1478 1987 1571 2040 τοῦ
1600 1986 1851 2051 Θανάτου,

265 2081 399 2155 δόξῃ
435 2081 527 2134 καὶ
557 2084 689 2153 τιμῇ
721 2081 1218 2150 ἐστεφανωμένον.»
1258 2079 1416 2132 Εἴποι
1457 2079 1501 2132 δ’
1547 2080 1611 2132 ἄν
1654 2097 1735 2141 τις
1781 2078 1853 2149 μὴ

271 2172 438 2242 μόνον
461 2170 548 2223 διὰ
578 2171 638 2222 τὸ
668 2170 896 2241 πάθημα
919 2170 1009 2223 τοῦ
1035 2170 1290 2228 θανάτου.
1319 2169 1452 2223 ἀλλά
1479 2170 1572 2223 καὶ
1604 2170 1670 2222 δι’
1688 2169 1854 2240 αὐτὴν

267 2262 374 2333 τὴν
403 2261 813 2334 ἐνανθρώπησιν
842 2263 1007 2316 αὐτοῦ
1047 2261 1389 2332 ἡλαττῶσθαι
1412 2263 1575 2314 αὐτὸν
1603 2261 1773 2331 βραχύ
1803 2279 1854 2314 τι

271 2357 406 2428 παρ’
435 2355 716 2424 ἀγγέλους·
777 2357 971 2420 «Ὅτε,
1010 2357 1067 2408 ἐν
1130 2359 1306 2427 μορφῇ
1358 2354 1492 2408 Θεοῦ
1563 2355 1852 2425 ὑπάρχων,

265 2447 374 2516 οὐχ
403 2447 692 2517 ἁρπαγμὸν
726 2448 1069 2518 ἡγησάμενος
1091 2447 1149 2500 τὸ
1191 2449 1280 2500 ἴσα
1305 2445 1423 2516 Θεῷ
1474 2441 1630 2508 εἶναι,
1663 2446 1858 2499 ἐκένω-

271 2555 370 2591 σεν
399 2539 591 2592 ἐαυτὸν
617 2540 831 2612 μορφὴν
860 2539 1044 2591 δούλου
1082 2536 1281 2601 λαϐὼν,
1325 2556 1341 2589 ι
1398 2539 1492 2592 καὶ
1544 2538 1637 2590 ἐπὶ
1667 2536 1854 2591 τοσοῦ-

267 2648 368 2685 τον
389 2631 821 2700 ὴλάττωσεν,ὠς
869 2631 987 2685 ἀντὶ
1043 2631 1138 2701 τῆς
1191 2632 1246 2682 ἐν
1303 2633 1480 2701 μορφῇ
1517 2629 1650 2682 Θεοῦ
1703 2629 1859 2700 δόξης

269 2722 534 2794 λεχθῆναι
565 2723 694 2794 περὶ
726 2722 888 2775 αὑτοῦ
940 2724 1018 2776 τόο
1064 2742 1081 2773 ι
1126 2722 1351 2793 Είδομεν
1392 2722 1574 2786 αὑτὸν,
1629 2722 1721 2775 καὶ
1761 2723 1860 2775 ούκ

270 2811 422 2887 εῖχεν
444 2811 581 2878 εἶδος
613 2815 734 2867 οὐδὲ
765 2814 976 2878 κάλλος,
1021 2815 1133 2868 ἀλλ’
1155 2811 1222 2885 ἦν
1275 2815 1335 2868 τὸ
1374 2811 1511 2878 εἶδος
1552 2815 1714 2868 αὐτοῦ
1745 2815 1861 2869 ἄτι-

276 2928 404 2979 μον,
439 2909 533 2962 καλ⁵
555 2908 801 2962 ἐκλεῖπον
831 2909 980 2980 παρά
1025 2910 1150 2972 τοὺς
1181 2910 1330 2971 υἱοὺς
1365 2908 1472 2961 τῶν
1502 2907 1856 2980 ἀνθρώπων-ι

277 2998 395 3052 ἀνθ’
417 2991 504 3051 ’ὧν
527 2998 884 3070 ἀμειϐόμενος
912 3001 939 3050 ὁ
973 2998 1182 3070 Πατὴρ,
1223 3019 1240 3050 ι
1270 2998 1396 3069 δόξῃ
1429 3000 1522 3052 καὶ
1549 3003 1678 3070 τιμῇ
1715 3002 1863 3053 ἐστε-

282 3090 532 3162 φάνωσεν
558 3091 739 3143 αὐτόν·
775 3090 1137 3162 ύπερυψώσας
1167 3092 1260 3144 καὶ
1321 3091 1684 3162 χαρισάμενος
1714 3092 1862 3162 αύτῷ

281 3184 341 3237 τὸ
365 3183 538 3253 ὄνομα
569 3182 628 3236 τὸ
657 3183 793 3255 ὺπέρ
825 3185 931 3236 πᾶν
953 3183 1140 3252 ὄνομα·
1194 3183 1260 3237 ἵν’
1291 3185 1349 3238 ἐν
1378 3181 1454 3254 τῷ
1491 3183 1713 3253 ὀνόματι
1761 3184 1862 3254 ’1η-

283 3275 378 3328 σοῦ
412 3278 520 3328 πᾶν
544 3275 672 3344 γόνυ
703 3275 896 3346 κάμψῃ
942 3275 1302 3346 ἐπουρανίων,
1329 3278 1422 3329 καὶ
1457 3277 1732 3344 ἐπιγείων,
1769 3277 1862 3329 καὶ

282 3368 671 3438 καταχθονίων,
714 3370 806 3422 καὶ
833 3371 980 3422 πᾶσα
1020 3369 1240 3437 γλῶσσα
1287 3369 1743 3442 ἐξομολογήσηται
1781 3372 1861 3424 ὅτι

283 3463 487 3532 Κύριος
519 3461 721 3532 Ἰησοῦς
748 3462 978 3534 Χριστὸς
997 3465 1074 3526 είς
1102 3461 1258 3527 δόξαν
1275 3462 1416 3518 Θεοῦ
1445 3463 1672 3536 Πατρός.
1691 3485 1707 3515 ι
1731 3463 1858 3518 Καί·

290 3575 309 3605 ι
341 3554 660 3625 Κατέστησε
711 3554 758 3607 δ’
807 3548 968 3608 αὐτὸν
1000 3555 1091 3607 ἐπὶ
1133 3554 1201 3608 τὰ
1228 3554 1365 3627 ἔργα
1404 3556 1511 3608 τῶν
1540 3555 1738 3627 χειρῶν
1770 3557 1864 3610 αύ-

286 3649 432 3702 τοῦἰ
468 3648 605 3718 ὅπερ
656 3648 748 3701 καὶ
797 3647 929 3700 αὐτὸ
956 3647 1034 3718 τῷ
1069 3648 1164 3718 μὲν
1197 3647 1290 3701 τοῦ
1313 3649 1564 3719 Σωτῆρος
1585 3649 1742 3720 ἡμῶν
1773 3651 1865 3720 ἁρ-

289 3741 522 3809 μόζοντα
551 3739 736 3810 (ζοιτο)
771 3739 1046 3810 προσώπῳ
1077 3738 1167 3792 διὰ
1198 3740 1289 3793 τὸν
1320 3742 1377 3793 ἐν
1421 3740 1568 3811 αὐτῷ
1610 3741 1699 3794 τὸν
1733 3740 1864 3794 Θεὸν

287 3831 477 3899 Λόγον,
510 3830 690 3883 οὐκέτι
729 3829 784 3882 δέ
823 3831 916 3882 καὶ
965 3828 1040 3899 τῷ
1073 3831 1306 3901 τυχόντι,
1337 3830 1391 3883 εἴ
1444 3849 1507 3900 γε
1537 3835 1594 3886 ἐν
1635 3835 1745 3896 τοῖς
1771 3833 1862 3886 τοῦ

286 3923 422 3977 Θεοῦ
452 3923 633 3992 ἔργοις
667 3923 904 3985 καὶτοὺς
930 3923 1189 3992 οὐρανοὺς
1222 3924 1577 3994 καταριθμεῖν
1609 3923 1726 3988 ἔθος
1756 3929 1864 3990 τοῖς

201 4043 204 4045 -
291 4017 455 4085 ἱεροῖς
484 4012 685 4082 λόγοις,
714 4014 855 4067 κατὰ
886 4015 964 4078 τὸ,
1008 4032 1025 4063 ι
1049 4014 1160 4067 Καὶ
1214 4014 1349 4086 ἔργα
1385 4015 1490 4068 τῶν
1520 4016 1716 4088 χειρῶν
1773 4035 1863 4070 σου

289 4105 428 4159 εἰσὶν
447 4108 496 4158 οἱ
526 4106 796 4176 οὐρανοί.»
830 4106 972 4176 Πρὸς
997 4105 1227 4170 τούτοιςο
1265 4125 1282 4155 ι
1319 4107 1428 4159 Καὶ
1459 4108 1632 4161 πάντα
1664 4108 1864 4161 ὑπέτα-

290 4197 379 4261 ξεν
412 4197 518 4250 ὑπὸ
551 4199 676 4262 τοὺς
703 4197 864 4260 πόδας
887 4197 1072 4260 αὐτοῦ,
1121 4197 1367 4269 πρόϐατα
1411 4199 1505 4252 καὶ
1542 4198 1669 4269 βόας
1723 4201 1864 4254 ἀπάο

295 4307 411 4353 σας,
451 4290 532 4342 ἑτι
553 4289 609 4342 δέ
641 4291 734 4343 καὶ
764 4289 831 4344 τά
881 4291 1050 4359 κτήνη
1081 4289 1175 4342 τοῦ
1210 4289 1410 4352 πεδίου,
1451 4291 1519 4344 τὰ
1564 4290 1624 4360 (f.
1652 4291 1739 4360 20)
1772 4307 1865 4344 πε-

290 4383 446 4435 τεινὰ
476 4381 570 4434 τοῦ
605 4382 856 4452 ούρανοῦ,
887 4383 978 4434 καὶ
1004 4383 1127 4444 τοὺς
1161 4381 1347 4451 ἰχθύας
1379 4384 1476 4452 τῆς
1506 4381 1800 4455 θαλάσσηςι
1842 4402 1860 4434 ι

1946 438 2280 495 gemmarum
2316 422 2437 491 ejus
2466 421 2780 476 sanctorum
2821 419 3219 490 apostolorum,
3246 419 3521 488 spiritales

1947 516 2146 572 raccmi
2197 515 2372 586 pressi
2415 513 2684 568 doctrinis
2744 513 2859 568 suis
2905 513 3146 584 spiritale
3177 517 3523 582 ‘omnemque

1947 609 2271 665 suavitatem
2324 606 2562 662 eiliciens
2604 607 2788 659 vinum
2839 605 3102 676 praebent.
3149 602 3324 659 Aliter
3377 607 3520 659 enim

1947 700 2288 772 impossibile
2324 706 2472 754 esset
2495 699 2874 768 corporalibus
2908 697 3279 751 torcularibus
3316 712 3528 752 accom-

1947 793 2168 847 modare
2196 807 2316 862 quae
2347 793 2401 845 in
2430 791 2533 844 hoc
2559 792 2769 861 psalmo
2791 789 3086 856 dicuntur;
3121 805 3244 843 cum
3276 790 3519 851 minime.

1947 893 2007 939 ut
2049 885 2102 938 in
2150 884 2386 947 czeteris,
2436 884 2552 939 sive
2594 883 2662 938 de
2693 883 2804 938 vite
2845 897 2964 952 quae
3011 898 3076 938 es
3123 880 3356 954 Egypto
3400 897 3524 938 sur-

1945 979 2107 1041 rexit,
2150 979 2265 1032 sive
2305 977 2372 1032 de
2407 975 2617 1031 Domini
2666 973 2902 1029 Sabaoth
2932 975 3064 1055 vite,
3110 975 3224 1030 sive
3267 976 3334 1030 de
3378 975 3528 1046 ejus-

1948 1072 2095 1126 modi
2132 1072 2254 1127 aliis
2291 1071 2454 1125 verba
2493 1071 2660 1139 hujus
2706 1069 2811 1124 loci
2861 1085 3028 1124 sensu
3072 1070 3266 1140 quovis
3297 1069 3527 1140 intelligi

1949 1165 2187 1235 possint.
2227 1163 2358 1231 Quae
2391 1179 2516 1218 vero
2557 1163 2625 1217 ab
2661 1163 2766 1217 iis:
2802 1181 2820 1212 ι
2850 1162 2992 1228 Quid
3041 1170 3125 1217 est
3153 1147 3347 1228 homo,
3381 1163 3525 1233 quod

1949 1271 2158 1312 memor
2184 1273 2242 1311 es
2283 1255 2440 1324 ejus?
2469 1264 2562 1308 aut
2586 1252 2732 1309 ﬁlius
2763 1253 3023 1314 hominis,
3043 1253 3301 1323 quoniam
3333 1253 3527 1307 visitas

1949 1349 2108 1402 eum?
2145 1348 2389 1402 Minuisti
2423 1363 2546 1403 eum
2583 1347 2749 1417 paulo
2784 1346 2967 1401 minus
2997 1346 3064 1400 ab
3090 1346 3320 1416 angelis,
3356 1339 3528 1415 gloria

1950 1448 2003 1496 et
2030 1441 2240 1495 honore
2279 1438 2700 1493 coronastieum
2731 1437 2796 1504 ",
2833 1457 2850 1489 ι
2889 1448 2942 1492 et
2974 1437 3201 1506 reliqua,
3234 1436 3299 1490 ad
3342 1435 3530 1490 Salva-

1951 1539 2122 1587 torem
2153 1539 2207 1586 et
2251 1530 2537 1586 Dominum
2584 1537 2832 1586 nostrum
2859 1527 3042 1584 Jesum
3089 1530 3143 1582 in
3178 1527 3420 1598 Epistola
3463 1527 3528 1582 ad

1951 1623 2209 1680 Hebrmos
2247 1622 2582 1688 referuntur,
2629 1623 2720 1678 ubi
2749 1633 2874 1693 post
2903 1624 3017 1686 illa,
3049 1641 3066 1672 ι
3101 1623 3296 1677 Omnia
3345 1622 3530 1693 subje-

1955 1717 2076 1772 cisti
2112 1717 2215 1771 sub
2251 1716 2480 1786 pedibus
2511 1715 2632 1784 ejus
2663 1714 2727 1778 “,
2764 1734 2782 1767 ι
2821 1715 3153 1784 adjiciuntur
3182 1731 3244 1768 ea
3276 1734 3288 1769 :
3327 1735 3342 1766 ι
3372 1713 3528 1769 Nunc

1956 1817 2135 1863 autem
2183 1809 2413 1863 necdum
2457 1810 2704 1864 videmus
2758 1809 2940 1864 omnia
2986 1808 3231 1877 subjecta
3279 1808 3348 1863 ei.
3387 1807 3528 1863 Eum

1955 1909 2158 1967 autem,
2186 1901 2279 1970 qui
2309 1901 2524 1954 modico
2552 1915 2714 1970 quam
2757 1900 2935 1970 angeli
2973 1901 3277 1954 minoratus
3313 1909 3418 1963 est,
3450 1900 3531 1956 vi-

1955 1992 2146 2047 demus
2171 1989 2378 2053 Jesum,
2419 1999 2640 2061 prepter
2675 1991 2985 2061 passionem
3024 1991 3238 2052 mortis,
3274 1990 3446 2060 gloria
3479 1997 3532 2045 et

1955 2085 2164 2139 honore
2194 2095 2514 2139 coronatum
2541 2086 2604 2138 ιδ.
2642 2103 2660 2136 ι
2699 2083 2814 2136 Dici
2843 2082 3040 2151 poterit
3077 2097 3184 2136 non
3219 2090 3428 2136 tantum
3461 2084 3532 2138 ob

1956 2175 2151 2230 mortis
2204 2177 2560 2245 passionem,
2608 2173 2703 2230 sed
2758 2177 2920 2228 etiam
2975 2173 3045 2226 ob
3095 2173 3528 2228 incarnationem

1957 2282 2110 2321 suam
2137 2283 2258 2322 eum
2299 2266 2829 2322 minoratum‘fuisse
2860 2265 3022 2336 paulo
3060 2265 3239 2320 minus
3269 2266 3337 2320 ab
3369 2281 3532 2336 ange-

1957 2362 2060 2416 lis:
2103 2380 2122 2413 ι
2153 2361 2286 2414 Cum
2318 2361 2370 2415 in
2406 2359 2577 2415 forma
2611 2358 2704 2415 Dei
2747 2367 2911 2425 esset,
2962 2373 3068 2413 non
3105 2358 3348 2436 rapinam
3383 2357 3533 2413 arbi-

1958 2461 2133 2509 tratus
2175 2461 2258 2509 est
2287 2469 2410 2509 esse
2460 2469 2519 2509 se
2558 2454 2818 2524 aequalem
2853 2453 2982 2516 Deo,
3030 2453 3123 2508 sed
3177 2451 3527 2522 semetipsum

1959 2546 2258 2600 exinanivit
2304 2545 2530 2600 formam
2563 2546 2704 2601 servi
2743 2546 3018 2615 accipiens
3043 2546 3106 2607 ¹⁶,
3142 2565 3158 2596 ι
3194 2552 3356 2614 atque
3395 2544 3530 2600 adeo

1960 2637 2233 2692 imminuit
2268 2652 2348 2700 se,
2389 2645 2450 2691 ut
2477 2637 2716 2705 nonjam
2755 2638 2812 2691 in
2858 2638 3029 2691 forma
3071 2637 3162 2691 Dei
3194 2638 3378 2707 gloriae
3408 2653 3531 2692 esse

1961 2726 2258 2791 diceretur,
2305 2728 2399 2783 sed
2429 2747 2441 2781 :
2476 2747 2492 2778 ι
2527 2726 2778 2783 Vidimus
2809 2743 2957 2791 eum,
2991 2735 3045 2782 et
3071 2742 3179 2780 non
3215 2733 3332 2780 erat
3373 2741 3531 2796 aspe-

1963 2830 2087 2877 ctus
2139 2837 2317 2891 neque
2360 2822 2546 2886 decor,
2583 2829 2636 2877 et
2678 2821 3110 2876 desideravimus
3148 2834 3294 2883 eum,
3342 2818 3536 2890 despc—

1963 2919 2134 2974 ctum,
2177 2920 2231 2966 et
2289 2912 2650 2966 novissimum
2703 2911 2944 2965 virorum
2974 2911 3036 2965 ".
3072 2929 3090 2961 ›
3125 2909 3326 2964 Contra
3358 2919 3537 2964 autem

1966 3004 2302 3074 respondens
2351 3003 2555 3070 Pater,
2613 3022 2631 3055 ι
2664 3004 2834 3074 gloria
2890 3011 2944 3058 et
2991 3004 3200 3058 honore
3256 3003 3540 3058 coronavit

1889 3116 1930 3171 ο
1964 3111 2086 3149 cum
2114 3095 2178 3157 ⁸⁸,
2213 3095 2471 3149 exaltavit
2506 3096 2657 3148 illum
2691 3101 2744 3150 ct
2773 3093 2995 3149 donavit
3021 3093 3098 3146 illi
3128 3108 3348 3157 nomen,
3393 3092 3536 3162 quod

1969 3193 2051 3241 est
2084 3201 2248 3255 super
2301 3201 2461 3240 omne
2501 3201 2724 3250 nomen,
2756 3196 2817 3240 ut
2864 3186 2917 3239 in
2964 3185 3182 3239 nomine
3205 3181 3334 3238 Jesu
3377 3199 3538 3238 omne

1969 3294 2110 3349 genu
2145 3277 2398 3332 ﬂectatur
2425 3278 2758 3342 caelestium,
2785 3277 3151 3342 terrestrium,
3201 3287 3250 3332 et
3294 3276 3537 3333 inferno-

1970 3386 2130 3439 rum;
2173 3380 2227 3426 et
2273 3370 2455 3425 omnis
2494 3370 2676 3440 lingua
2725 3371 3071 3433 conﬁteatur,
3117 3371 3244 3441 quia
3273 3369 3538 3426 Dominus

1969 3461 2129 3519 Jesus
2175 3462 2428 3518 Christus
2468 3463 2523 3516 in
2569 3461 2741 3531 gloria
2787 3469 2873 3516 est
2923 3462 3018 3515 Dei
3063 3461 3247 3516 Patris
3275 3463 3336 3516 ".
3375 3482 3392 3514 ι
3427 3459 3539 3516 Et:

1975 3571 1997 3604 ι
2025 3553 2326 3608 Constituit
2351 3568 2476 3607 eum
2498 3565 2662 3622 super
2687 3567 2852 3622 Opera
2877 3568 3136 3607 manuum
3175 3568 3396 3607 suarum
3418 3553 3484 3606 “.
3515 3571 3535 3605 ι

1972 3647 2102 3712 Qua:
2143 3645 2362 3715 quidem
2419 3645 2719 3700 Salvatoris
2758 3646 2942 3699 nostri
2993 3659 3240 3714 persona:
3279 3651 3424 3712 apta,
3471 3643 3542 3697 ob

1976 3737 2141 3794 Deum
2173 3736 2413 3793 Verbum
2447 3737 2592 3808 quod
2624 3739 2766 3793 inest
2795 3738 2848 3792 in
2881 3751 2965 3800 ea,
2999 3752 3108 3791 non
3147 3743 3326 3791 autem
3358 3735 3544 3790 huma-

1973 3849 2055 3886 na:
2086 3845 2355 3902 personae,
2407 3831 2452 3885 si
2489 3829 2708 3900 quidem
2755 3830 2810 3884 in
2847 3828 2940 3884 Dei
2986 3829 3242 3898 operibus
3285 3843 3542 3883 annume-

1973 3933 2165 3976 rantur
2201 3921 2349 3986 cmli,
2382 3929 2443 3974 ut
2487 3921 2542 3976 in
2594 3920 2766 3977 sacris
2819 3918 3120 3990 Scripturis
3161 3920 3319 3982 solet,
3353 3934 3544 3974 secun-

1973 4015 2101 4072 dum
2145 4017 2278 4070 illud
2315 4037 2327 4070 :
2366 4035 2384 4068 ι
2409 4015 2584 4086 Opera
2635 4030 2895 4069 manuum
2937 4013 3058 4081 ejus
3093 4022 3221 4067 sunt
3270 4012 3482 4067 creti“.
3517 4032 3535 4064 ι

1961 4109 2103 4164 Post
2149 4108 2264 4162 inec
2299 4107 2524 4177 adjicit:
2563 4126 2580 4158 ι
2611 4104 2804 4160 Omnia
2857 4104 3138 4174 subjecisti
3186 4103 3288 4158 sub
3315 4100 3544 4174 pedibus

1973 4200 2114 4270 ejus,
2160 4215 2289 4253 oves
2335 4207 2389 4252 et
2439 4199 2608 4252 boves
2644 4195 2950 4258 universas,
2995 4193 3220 4262 insuper
3262 4199 3316 4246 et
3348 4205 3544 4261 pecora

1973 4291 2184 4360 campi;
2217 4291 2466 4345 volucres
2501 4288 2624 4344 (εωιί
2655 4298 2707 4343 et
2738 4287 2918 4358 pisces
2952 4288 3141 4348 maris,
3191 4285 3284 4356 qui
3327 4300 3545 4356 peram-

1973 4383 2167 4438 bulant
2203 4382 2430 4436 semitas
2461 4381 2629 4436 maris
2652 4381 2718 4435 ".
2752 4399 2770 4432 ι
2804 4379 2902 4435 His
2929 4377 3184 4433 videntur
3215 4379 3390 4448 magis
3419 4378 3547 4432 alle-

290 4475 358 4528 δι’
386 4467 461 4526 ὧν
490 4473 662 4525 ἔοικεν
697 4471 1197 4544 ἀλληγορικώτερον
1251 4472 1538 4542 δηλοῦσθαι
1588 4473 1697 4528 τῶν
1757 4476 1857 4529 ἀλο-

1975 4477 2158 4549 gorice
2211 4475 2422 4531 ostendi
2469 4474 2663 4528 anima!
2705 4473 2906 4536 stultae,
2963 4479 3016 4526 et
3039 4471 3440 4542 quodammodo
3463 4488 3547 4542 pe-

293 4566 554 4637 γωτὲρων
577 4565 670 4617 καὶ
689 4568 778 4616 τὸν
809 4565 1005 4636 τρόπον
1037 4563 1248 4635 κτηνῶν
1270 4565 1535 4637 δευτέρων
1585 4565 1790 4638 ψυχῶν,
1836 4566 1870 4638 ἢ

296 4657 392 4711 καὶ
421 4657 704 4728 δυνάμεων
735 4657 1142 4727 ἀντικειμένων,
1168 4657 1200 4724 ἡ
1226 4658 1330 4712 ὑπὸ
1350 4657 1439 4711 τὸν
1464 4658 1626 4727 ζυγὸν
1656 4659 1748 4712 καὶ
1776 4657 1872 4730 τὴν

294 4749 391 4802 τοῦ
421 4749 580 4802 λόγου
608 4748 848 4802 δουλείαν
868 4751 1134 4822 ύποταγή.

830 4861 1222 4914 ΚΕΦΛΛΛΙΟΝ
1265 4863 1340 4918 Ε’.

915 4977 1163 5046 Ψαλμοῦ
1193 4980 1237 5031 θ
1245 5019 1259 5032 .

383 5067 450 5121 Ἦ
482 5067 576 5122 τοῦ
607 5069 795 5122 ἐνάτου
817 5069 1030 5139 ψαλμοῦ
1053 5069 1332 5140 ἐπιγραφὴ
1351 5067 1572 5138 τοιαύτη
1597 5067 1680 5131 τίς
1701 5069 1866 5120 ἐστιν·

306 5182 326 5213 ‹
357 5161 452 5224 Εἰς
472 5159 533 5213 τὺ
554 5159 704 5224 τέλος
721 5160 858 5232 ὑπὲρ
887 5160 990 5213 τῶν
1013 5161 1275 5232 κρυφίων.
1293 5151 1521 5231 Ψαλμὸς
1537 5159 1613 5230 τῷ
1655 5158 1833 5212 Δαυῖδ.
1849 5178 1866 5208 ι

315 5255 457 5309 Ἀνθ’
491 5248 565 5307 ὧν
593 5253 622 5305 ὁ
648 5251 938 5323 Σύμμαχος
995 5252 1307 5317 ἐκδέδωκεν,
1349 5269 1366 5301 ι
1403 5251 1697 5305 Ἑπινίκιον
1747 5252 1874 5321 περὶ

300 5347 398 5402 τοῦ
427 5347 656 5401 θανάτου
683 5347 776 5400 τοῦ
806 5347 947 5400 υἱοῦ.
983 5341 1171 5416 τᾼσμα
1204 5345 1295 5398 τοῦ
1327 5345 1538 5398 Δαυΐδ.»
1587 5343 1800 5413 ’Ὠσπερ
1829 5341 1872 5394 δ’

301 5435 398 5493 οὖν
425 5438 751 5509 καὶμᾶλλον
799 5438 971 5492 ἔοικεν
1025 5437 1166 5508 ἔχειν
1226 5437 1287 5491 τὸ
1348 5427 1630 5509 Ἐὅραῖκδν
1689 5433 1876 5487 τοῦτον

373 5623 420 5689 ιο
458 5621 818 5683 ρελιινημθ,
856 5623 911 5675 7,
989 5623 1030 5654 ιδ
1070 5622 1201 5676 ibid.
1236 5623 1288 5677 8.
1370 5622 1594 5679 "ilohr.
1634 5622 1770 5689 n.8,
1802 5621 1856 5676 9.

307 5697 353 5727 "
391 5686 628 5764 Philipp.
663 5709 732 5758 ιι,
769 5693 922 5748 9-H.
1031 5694 1075 5724 ὀ
1116 5693 1277 5749 ll-ebr.
1316 5709 1386 5756 ιι,
1426 5693 1476 5748 ’1.

589 5787 859 5849 ΡΑτιιοι..
894 5789 1009 5851 Gn.
1055 5789 1257 5850 XXII.

1936 5619 1978 5650 ¹⁶
2004 5617 2215 5687 Philipp

1555 5695 1609 5764 f'
1653 5691 1797 5749 Psal.
1835 5706 1909 5756 cr,
1943 5689 2031 5744 26.

1977 4569 2198 4625 coribus
2228 4567 2458 4633 similes,
2491 4565 2574 4620 vel
2604 4565 2846 4620 adversae
2876 4570 3194 4634 potestates,
3225 4563 3328 4618 sub
3354 4561 3545 4632 jogum

1976 4662 2060 4716 vel
2093 4661 2322 4715 rationis
2350 4659 2611 4714 ditionem
2643 4657 2896 4712 redactae.

2591 4855 2822 4914 CAPUT
2864 4855 2930 4912 ν.

2527 4971 2572 5026 Ε
2601 4974 2804 5040 psalmo
2841 4987 3000 5024 nono.

2053 5062 2180 5118 llaec
2210 5072 2294 5118 est
2323 5063 2452 5117 noni
2489 5065 2684 5134 psalmi
2735 5062 3062 5132 inscriptio:
3098 5080 3115 5112 ι
3157 5061 3216 5115 Ιιι
3248 5060 3410 5114 ﬁnem
3451 5077 3550 5130 pro

1982 5152 2229 5207 occultis.
2258 5150 2511 5208 Psalmus
2547 5152 2717 5208 David
2736 5154 2801 5206 ".
2841 5173 2859 5204 ι
2901 5151 3264 5223 Symmachus
3292 5167 3422 5206 vero
3470 5154 3551 5207 sic

1981 5245 2148 5298 edidit
2175 5264 2188 5299 :
2223 5253 2244 5296 ι
2277 5244 2533 5300 Victoria:
2565 5261 2782 5300 carmen
2808 5246 2876 5300 de
2910 5252 3085 5299 morte
3114 5244 3229 5298 filii.
3259 5243 3546 5300 Canticum

1984 5337 2174 5393 David.
2208 5359 2226 5390 ι
2255 5338 2422 5394 Nobis
2467 5341 2645 5408 potior
2684 5339 2899 5393 videtur
2939 5336 3202 5392 llebraica
3247 5338 3410 5393 lectio
3449 5339 3554 5391 hoc

1983 5432 2177 5486 modo:
2213 5431 2550 5504 Λαμανασσὴ
2579 5431 2818 5503 Ἀλμαὺθ
2867 5432 2957 5502 βὲν
3001 5431 3276 5503 μασμωρά
3300 5431 3480 5487 Δαυτδ.

2223 5658 2234 5671 .
2276 5618 2409 5682 ιι.θ,
2447 5618 2495 5672 7.
2577 5618 2618 5648 ¹⁷
2654 5619 2759 5674 lsa.
2797 5633 2925 5681 ιιιι,
2959 5617 3091 5684 2,5.

2135 5691 2180 5722 ²²
2219 5689 2342 5744 Psal
2401 5704 2493 5742 vut
2551 5688 2583 5744 8
2632 5688 2685 5744 9.

3174 5617 3398 5676 “Hebr.
3418 5633 3478 5684 ιι,
3503 5618 3553 5672 7.

2763 5690 2806 5721 ³³
2844 5687 2988 5744 Psal.
3029 5705 3105 5754 Ix,
3146 5689 3196 5744 1.

3163 5785 3242 5846 33
