3952 6198
603 260 623 314 l
634 258 737 318 099

1301 261 1572 319 EUSEBH
1611 260 2090 320 CASSARIENSIS
2123 259 2272 318 OPP.
2309 257 2489 314 PARS
2526 256 2614 314 lli.
2653 288 2725 298 —
2764 255 3181 315 EXEGETICA.

3643 268 3732 323 H00

599 381 666 437 Et
693 378 980 452 pulchrum
1012 378 1332 452 Judaeisqui
1359 381 1465 436 hoc
1507 389 1739 438 utuntur
1775 390 1952 451 textu,
2004 383 2152 438 incer

2281 377 2604 450 περιέχοντα
2654 376 2746 431 τὸν
2795 375 3015 448 τρόπον*
3079 373 3436 448 «Λαμανασσή
3483 376 3647 449 illiciti
3675 381 3734 452 μιν

599 482 712 528 tum
743 473 940 527 habere
965 471 1034 528 de
1062 488 1168 542 qua
1205 481 1380 530 morte
1416 483 1510 528 aut
1543 475 1612 530 de
1645 491 1756 548 quo
1787 476 1898 531 ﬁlio
1929 476 2173 546 psalmus

597 566 777 620 dictus
812 566 882 619 sit
915 564 1126 620 Davidi.
1174 565 1347 624 Nobis
1377 570 1598 638 quidem
1633 570 1922 642 perspicue
1949 578 2173 639 apparet

596 657 664 712 de
693 655 996 713 Salvatoris
1034 660 1290 728 passione
1333 662 1736 732 prophetizarc.
1780 661 1894 717 Hoc
1943 671 1998 717 et
2025 676 2174 716 arca-

597 764 725 803 nutn
759 749 1050 804 obscurius
1098 749 1373 822 designari
1418 751 1771 826 Septuaginta
1815 760 2165 824 putaverunt.

593 839 713 914 Ipse
744 840 962 911 quidem
1009 841 1205 913 Aquila
1235 844 1624 901 demonstrans
1657 861 1912 918 magnum
1962 846 2168 918 aliquid

596 934 807 990 fortiter
833 943 1068 1006 gestum,
1121 936 1189 991 ad
1217 939 1527 1008 passionem
1574 938 1876 994 Salvatoris
1916 939 2169 994 attribuit

591 1023 784 1080 dicens
823 1042 836 1080 :
893 1044 910 1076 ι
940 1025 1165 1080 Auctori
1214 1027 1459 1083 victoria:
1505 1028 1620 1082 lilii.
1693 1028 1862 1084 Melos
1917 1027 2112 1088 David.
2141 1046 2160 1079 ι

576 1116 788 1173 ποιηηίο
820 1127 999 1174 autem
1024 1121 1218 1190 psalmi
1253 1120 1422 1184 dicta,
1448 1123 1494 1177 si
1526 1103 1649 1194 quis
1679 1130 1882 1178 attente
1909 1137 2168 1194 perscru-

577 1219 755 1277 tetur,
793 1222 919 1282 apta
947 1220 1076 1268 sunt
1103 1211 1328 1268 Christo
1359 1230 1373 1280 ;
1407 1213 1739 1285 indigentem
1768 1221 1822 1269 et
1853 1213 2163 1269 mendicum

581 1313 713 1353 eum
753 1307 913 1352 vocat
945 1305 998 1351 et
1033 1296 1100 1352 de
1127 1297 1248 1366 ejus
1271 1300 1682 1354 resurrectione
1713 1314 1742 1352 a
1776 1299 2011 1354 mortuis
2036 1313 2166 1369 pro-

582 1387 828 1458 .phetizat
859 1389 944 1444 his
975 1388 1157 1442 verbis
1184 1406 1195 1441 :
1226 1407 1244 1439 ι
1274 1387 1535 1444 Miserere
1569 1391 1697 1453 mei,
1750 1389 1997 1455 Domine,
2041 1390 2164 1446 vide

577 1479 951 1536 humilitatem
993 1495 1168 1536 meam
1210 1479 1278 1534 de
1311 1480 1551 1537 inimicis
1604 1482 1774 1547 meis;
1819 1483 1914 1552 qui
1950 1482 2162 1539 exaltas

583 1588 671 1629 me
701 1573 770 1628 d'e
800 1575 973 1645 portis
1005 1575 1218 1637 mortis,
1271 1583 1330 1630 ut
1371 1576 1690 1630 annuntiem
1729 1591 1922 1631 omnes
1973 1576 2163 1631 lauda-

573 1665 761 1720 tiones
780 1673 900 1720 tuas
923 1666 976 1720 in
1007 1667 1178 1736 portis
1207 1666 1329 1721 ﬁliae
1352 1664 1482 1722 Sion
1512 1667 1579 1722 “.
1614 1687 1630 1718 ι
1657 1665 1830 1737 Cujus
1846 1683 1977 1724 vero
2000 1665 2155 1732 Sion,

2281 468 2556 542 μασμωρὰ
2583 468 2762 524 Δαυῖδ.
2779 487 2798 520 ι
2836 470 2947 524 Καὶ
3001 467 3164 522 καλόν
3216 484 3278 536 γε
3306 471 3410 532 τοῖς
3437 469 3495 522 ἐκ
3528 475 3738 544 περιτομῆς

2274 561 2424 632 αὐτῷ
2455 562 2754 633 χρωμένοις
2795 561 3070 633 ἀπορῆσαι
3133 560 3257 631 περὶ
3311 559 3455 613 ποίου
3497 560 3688 630 θανάτου,
3722 566 3745 636 ἢ

2275 654 2402 726 περὶ
2418 653 2513 707 τοῦ
2543 654 2688 718 τίνος
2718 653 2834 707 υἱοῦ
2869 653 3126 724 ὁψαλμὲις
3157 653 3367 725 εἴρηται
3398 654 3466 724 τῷ
3484 656 3625 708 Δαιῖδε
3657 660 3748 727 ἡμῖν

2275 745 2373 815 μὲν
2406 745 2515 818 γάρ
2541 746 2725 814 σαφῶς
2752 747 3001 816 φαίνεται
3035 746 3163 816 περὶ
3189 745 3281 798 τοῦ
3310 745 3498 808 πάθους
3516 747 3592 798 τοῦ
3625 748 3748 816 Σωτῆ-

2272 855 2363 910 ρος
2391 839 2847 911 προφητεύεσθαι·
2884 839 3041 893 τοῦτο
3068 839 3124 891 δὲ
3154 840 3246 892 καὶ
3282 840 3403 900 τοὺς
3437 841 3488 892 0’
3515 840 3747 908 νενοηκὸτας

2269 930 2705 1002 ἀποῤῥητότερον
2732 929 2966 1002 ᾐνίχθαι’
2999 933 3028 984 ὸ
3057 930 3239 999 μέντοι
3268 946 3332 997 γε
3371 928 3573 993 Ἀκύλας
3595 932 3749 984 καὶαύ-

2266 1021 2357 1085 τὺς
2382 1021 2659 1093 ἐμφαίνων
2686 1023 2828 1094 μέγα
2875 1040 2928 1075 τι
2977 1023 3370 1095 ἀνδραγάθημα
3399 1023 3524 1076 κατὰ
3567 1023 3612 1075 τὸ
3631 1024 3751 1088 milia;

2267 1113 2488 1184 γεγονὸς
2543 1113 2637 1168 τοῦ
2695 1115 2944 1187 Σωτῆρος
3011 1114 3274 1179 ἐξέδωκεν
3326 1113 3504 1180 εἰπὼν,
3549 1136 3566 1165 ι
3597 1116 3667 1186 Τῷ
3700 1136 3752 1171 νιο

2268 1206 2470 1278 κοποιῴ
2509 1207 2851 1278 νεανιότητος
2876 1207 2970 1260 τοῦ
2997 1207 3137 1261 υἱοῦ.
3167 1208 3470 1280 Μελώδημα
3495 1208 3574 1262 τοῦ
3597 1211 3748 1263 Amici.»

2265 1299 2376 1352 Καὶ
2401 1299 2496 1352 ὅλα
2529 1300 2585 1353 δέ
2617 1298 2686 1352 τά
2707 1299 2846 1371 ῥητά
2864 1298 2958 1352 τοῦ
2983 1298 3199 1369 ψαλμοῦ
3220 1316 3303 1362 τις
3328 1301 3626 1371 ἐπιτηρήσας
3643 1303 3753 1371 ἐφαρ-

2266 1389 2482 1461 μόσειεν
2511 1392 2576 1445 ἂν
2598 1391 2676 1462 τῷ
2705 1391 2944 1463 Χριστῷ,
2990 1392 3199 1464 πένητα
3250 1394 3344 1446 καὶ
3404 1393 3593 1462 πτωχὸν
3624 1394 3750 1447 Exuth

2262 1484 2639 1555 ὀνομάζοντος,
2692 1484 2785 1537 καὶ
2840 1484 3092 1556 περὶτῆς
3145 1486 3210 1538 ἐκ
3261 1486 3463 1556 νεκρῶν
3490 1486 3750 1547 ἀναστάσεως

2261 1575 2424 1628 αὑτοῦ
2457 1577 2910 1648 προςητεύοντος,
2965 1578 3024 1630 ἐν
3048 1576 3149 1647 τῷ,
3181 1597 3198 1628 ι
3245 1577 3489 1647 Ἐλέησον
3525 1595 3599 1647 με,
3621 1578 3748 1648 Κύριε,

2265 1669 2338 1722 [δε
2367 1668 2465 1741 τὴν
2492 1667 2822 1722 ταπείνωσίν
2871 1685 2972 1739 μου
2999 1669 3060 1722 ἐκ
3088 1669 3195 1720 τῶν
3224 1667 3432 1738 ἐχθρῶν
3479 1685 3587 1738 μου·
3615 1668 3753 1736 ὁὺᾲῶν

582 1755 725 1810 infra
757 1757 916 1812 nobis
938 1756 1268 1812 ostenditur.
1302 1757 1367 1811 Et
1390 1757 1457 1813 de
1479 1759 1735 1830 gentibus
1762 1759 1832 1815 ab
1855 1774 1920 1814 eo
1943 1759 2152 1814 salvam

2263 1779 2329 1832 με
2350 1763 2416 1814 ἐκ
2442 1761 2549 1815 τῶν
2579 1761 2763 1815 πυλῶν
2795 1761 2886 1815 τοῦ
2935 1761 3187 1826 θανάτου,
3239 1761 3385 1824 ὅπως
3427 1761 3489 1813 ἂν
3536 1760 3755 1828 ἐξαγγεῖω

581 1847 688 1908 dis,
721 1850 882 1919 quasi
913 1848 980 1902 de
1009 1849 1280 1905 mendicis
1307 1858 1361 1905 et
1393 1849 1686 1921 egentibus
1729 1849 1978 1920 quaedam
2018 1865 2160 1922 prm-

577 1941 822 2005 nuntiat,
865 1940 1008 1995 inter
1042 1957 1164 2012 quze
1209 1949 1264 1996 et
1314 1941 1449 1996 illa:
1489 1959 1507 1992 ι
1538 1942 1850 2006 Constitue,
1905 1939 2156 2006 Domine,

579 2034 945 2105 legislatorem
987 2049 1154 2104 super
1185 2050 1302 2099 eos,
1347 2042 1406 2088 ut
1451 2034 1632 2090 sciant
1675 2044 1864 2104 gentes
1897 2034 2158 2105 quoniam

579 2129 829 2193 homines
862 2137 990 2183 sunt
1012 2130 1079 2180 ".
1120 2147 1138 2180 ι
1178 2127 1276 2182 Hic
1299 2135 1353 2183 et
1387 2128 1678 2183 ostendere
1709 2143 1889 2198 opera:
1921 2128 2158 2199 pretium

573 2231 686 2291 est,
719 2223 995 2294 quomodo
1032 2237 1139 2277 non
1173 2222 1286 2276 sint
1311 2229 1499 2294 gentes
1523 2220 1730 2292 Moysis
1767 2221 1870 2291 legi
1905 2220 2155 2276 subditae.

576 2315 710 2371 Illud
739 2315 1126 2387 proferendum
1172 2323 1256 2369 est
1288 2314 1496 2369 dictum
1543 2314 1890 2370 circumcisis
1927 2315 2156 2385 gentiles

575 2408 1002 2466 criminantibus
1049 2409 1197 2478 quod
1231 2407 1538 2463 secundum
1591 2406 1794 2479 Moysis
1832 2405 2004 2477 legem
2045 2421 2154 2462 non

573 2505 792 2570 vivunt,
824 2505 1022 2574 eisque
1043 2504 1544 2558 demonstrandum
1575 2501 1722 2573 quod
1754 2501 2000 2556 futurum
2033 2517 2156 2558 esse

575 2596 744 2651 alium
795 2611 823 2650 a
860 2594 1070 2666 Moyse
1118 2596 1489 2665 legislatorem
1545 2593 1791 2664 gentium
1837 2594 2153 2663 prophetica

575 2687 818 2744 ostendit
853 2684 1168 2757 Scriptura;
1199 2703 1325 2740 eum
1359 2686 1493 2740 dicit
1531 2686 1586 2739 in
1637 2686 1927 2740 oratione:
1957 2703 1975 2735 ι
2009 2685 2156 2739 Con-

574 2782 765 2847 stitue,
801 2778 1050 2844 Domine,
1096 2779 1466 2850 Iegislatorem
1497 2793 1665 2847 super
1705 2792 1830 2842 eos,
1865 2796 1884 2830 ι
1933 2777 2156 2832 manife-

570 2882 655 2928 ste
711 2883 900 2944 gentes
949 2871 1278 2926 innuuntur.
1328 2869 1535 2939 Adjicit
1568 2871 1774 2942 igitur:
1807 2889 1825 2922 ι
1859 2869 1929 2926 Ut
1973 2871 2152 2928 sciant

569 2972 760 3036 gentes
793 2964 1049 3034 quoniam
1085 2963 1336 3018 homines
1367 2969 1533 3028 sunt;
1569 2981 1586 3013 ι
1615 2962 1777 3033 quasi
1803 2962 2032 3027 diceret,
2066 2978 2152 3017 ac-

570 3057 779 3130 cipiant
829 3055 1360 3127 gentes-notionem
1419 3061 1474 3109 et
1536 3055 1821 3110 scientiam
1883 3056 2148 3125 spiritalis

2265 1855 2444 1919 πάσας
2463 1854 2564 1918 τάς
2591 1855 2827 1918 αἱνέσεις
2858 1873 2949 1908 σου
2975 1857 3031 1908 ἐν
3077 1858 3197 1918 ταῖς
3225 1855 3418 1918 πύλαις
3455 1854 3542 1922 τῆς
3562 1853 3752 1921 θυγατρὸς

2263 1945 2452 2000 Σιώνί
2491 1946 2649 2010 ’ποίας
2677 1947 2732 2000 δέ
2765 1946 2925 2012 Σιὼν,
2959 1947 3140 2019 μικρῷ
3177 1946 3412 2017 πρόσθεν
3436 1948 3553 2016 ἡμῖν
3597 1943 3756 2015 δεδήὶω-

2259 2056 2368 2092 ταιο
2407 2039 2502 2093 καὶ
2549 2041 2676 2110 περὶ
2707 2039 2816 2094 τῶν
2847 2040 3017 2092 ἐθνῶν
3050 2039 3109 2092 δὲ
3145 2039 3256 2092 τῶν
3304 2039 3372 2092 δι’
3397 2037 3548 2092 αὑτοῦ
3586 2037 3757 2105 σωθησο-

2264 2130 2460 2202 μένων,
2492 2132 2568 2196 ῶς
2593 2132 2721 2203 περὶ
2747 2131 2976 2203 πτωχῶν
3025 2133 3121 2186 καὶ
3160 2131 3408 2201 πενήτων
3441 2131 3494 2182 ἐν
3521 2127 3643 2198 αύτῷ
3677 2144 3757 2180 τινα

2262 2223 2684 2297 προφητεύεται,
2737 2226 2796 2277 ἐν
2845 2221 2926 2288 οἷς
2978 2225 3220 2278 ἐστικαὶ
3279 2223 3361 2288 τὸ,
3407 2242 3424 2273 ι
3459 2222 3755 2288 Κατάστησονς

2259 2317 2452 2387 Κύριε,
2480 2315 2778 2388 νομοθέτην
2803 2316 3004 2379 αὐτοῖς’
3034 2313 3332 2386 γνώτωσαν
3355 2313 3478 2385 ἔθνη
3522 2313 3594 2366 ὅτι
3617 2311 3758 2380 ἂνθρω

2261 2409 2350 2462 ποί
2385 2410 2575 2464 είσιν.ι
2619 2408 2788 2462 Ἔνθα
2814 2410 2907 2462 καὶ
2934 2410 3226 2480 ἐπιστῆσαι
3253 2408 3421 2472 ἄξιον,
3459 2407 3527 2468 ὡς
3561 2405 3641 2474 ούχ
3669 2402 3757 2454 ὑπό-

2259 2519 2471 2556 κεινται
2499 2502 2566 2556 τά
2598 2501 2725 2573 ἔθνη
2755 2501 2832 2573 τῷ
2853 2502 3134 2564 Μωῦσέως
3162 2500 3335 2572 νόμῳο
3391 2500 3482 2552 καὶ
3504 2491 3757 2570 προσακτέον

2257 2611 2320 2664 γε
2349 2598 2459 2656 τοῖς
2492 2595 2558 2648 ἐκ
2587 2595 2888 2666 περιτομῆς
2935 2593 2996 2646 τὸ
3047 2592 3214 2665 ῥητὸν
3268 2591 3546 2660 ἐγκαλοῦσι
3592 2591 3680 2648 τοῖς
3719 2584 3756 2647 ἐξ

2256 2687 2425 2741 ἐθνῶν
2449 2687 2536 2742 διὰ
2568 2687 2627 2740 τὸ
2681 2687 2756 2759 μὴ
2812 2685 2961 2758 βιοῦν
3009 2684 3152 2740 κατὰ
3210 2685 3306 2739 τὸν
3335 2683 3592 2746 Μωῦσέως
3627 2680 3756 2748 νόμον.

2255 2779 2494 2853 δεικτέον
2520 2797 2577 2832 τε
2605 2779 2680 2844 ὼς
2709 2779 2818 2852 ἄρα
2876 2779 3064 2850 ἕτερόν
3090 2795 3211 2832 τινα
3239 2775 3394 2849 παρὰ
3422 2773 3756 2840 Μωῡσέανομο-

2256 2871 2416 2944 θέτην
2448 2871 2665 2925 ἔσεσθαι
2728 2870 2837 2924 τῶν
2869 2869 3037 2923 ἐθνῶν
3094 2871 3123 2922 ὁ
3168 2867 3503 2940 προφητικὸς
3543 2864 3756 2918 ἐπίσταται

2254 2963 2430 3034 λόγος,
2453 2964 2529 3028 ὡς
2552 2964 2609 3016 ἐν
2635 2964 2767 3036 εὐχῇ
2803 2963 3028 3032 φάσκων
3054 2961 3134 3028 τὸ,
3167 2981 3184 3013 ι
3222 2964 3587 3031 Κατάστησον,
3621 2957 3754 3024 Κύρεεν

2253 3056 2547 3127 νομοθέτην
2568 3057 2804 3122 asceis,»
2833 3057 2991 3126 δῆλον
3018 3057 3064 3110 δ’
3080 3057 3159 3110 ὅτι
3187 3059 3304 3119 τοῖς
3336 3055 3551 3108 ἔθνεσιν·
3575 3047 3754 3118 ἐπιφέρει

563 3150 888 3207 substantia:
909 3163 1042 3214 suae,
1070 3163 1167 3220 per
1197 3147 1566 3218 legislatorcm
1587 3147 1682 3217 qui
1708 3161 1874 3218 super
1888 3162 1984 3203 eos
2010 3162 2145 3203 con-

2252 3150 2299 3218 γ’
2323 3145 2416 3202 οὖν
2438 3148 2609 3219 τούτῳ
2639 3148 2718 3212 τὸ,
2774 3167 2792 3199 ι
2819 3148 3116 3202 Γνώτωσαν
3145 3147 3274 3220 ἔθνη
3329 3147 3411 3201 ὅτι
3452 3141 3684 3216 ἄνθρωποί
3704 3139 3754 3191 εἰ·

567 3242 882 3301 stituendns
911 3247 1018 3297 est.
1050 3239 1152 3295 Hic
1182 3249 1363 3296 autem
1395 3249 1543 3295 esset
1579 3239 1855 3303 Christus,
1887 3240 1980 3310 qui
2004 3255 2146 3294 com-

562 3349 737 3388 mune
780 3333 940 3388 nobis
990 3339 1381 3387 testamentum
1432 3329 1605 3384 edixit
1664 3329 1897 3384 dicens:
1939 3347 1958 3381 ι
1990 3327 2145 3383 Dicta

566 3434 697 3480 sunt
717 3423 963 3494 antiquis
987 3423 1101 3478 hmc
1133 3430 1188 3477 et
1210 3422 1301 3476 illa
1323 3440 1336 3488 ;
1362 3437 1465 3492 ego
1487 3429 1668 3476 autem
1691 3421 1816 3476 dico
1837 3421 1994 3477 vobis
2023 3423 2100 3490 ²⁶;
2123 3441 2139 3473 ι

566 3514 661 3586 qui
693 3514 878 3569 divina
911 3523 963 3568 et
993 3529 1194 3568 arcana
1233 3520 1502 3582 potestate
1545 3511 1808 3567 stabilivit
1838 3512 1985 3583 leges
2013 3526 2144 3568 suas

565 3622 678 3662 non
709 3608 764 3661 in
803 3605 1025 3661 una>vel
1057 3605 1227 3660 altera
1265 3612 1446 3674 gente,
1479 3619 1586 3658 non
1613 3604 1666 3657 in
1702 3603 1938 3674 quadam
1973 3607 2144 3661 totius

563 3699 717 3757 orbis
755 3705 928 3770 parte.
963 3714 1072 3752 non
1099 3698 1338 3752 breviter
1363 3698 1732 3761 obsoleturas,
1759 3696 1855 3754 sed
1881 3707 1938 3751 ut
1959 3713 2146 3769 exspe-

563 3792 824 3848 ctandum
866 3798 951 3846 est
997 3791 1066 3845 de
1109 3789 1293 3845 divina
1338 3791 1538 3844 virtute
1585 3805 1682 3845 sua
1716 3790 1770 3844 in
1821 3798 2166 3862 perpetuum.

564 3896 728 3956 atque
754 3885 896 3956 apud
931 3885 1218 3940 universas
1250 3891 1462 3955 gentes.
1498 3881 1630 3949 Quae
1654 3881 1728 3936 ita
1760 3899 1820 3940 se
1865 3883 2067 3940 habere
2094 3885 2142 3940 si

564 3979 692 4049 quis
718 3993 826 4034 non
857 3977 1132 4042 admittat,
1167 3974 1420 4032 ostendat
1457 3976 1706 4045 quemvis
1732 3976 1923 4041 alium,
1948 3985 2144 4046 printer

557 4071 907 4126 .Salvatoretn
939 4069 1339 4139 Dominumque
1361 4075 1610 4124 nostrum
1629 4065 1816 4124 Jesum
1838 4068 2139 4134 Christum,

562 4175 930 4236 congruenter
992 4177 1117 4216 cum
1164 4161 1266 4216 hac
1315 4162 1602 4232 prophetia
1651 4162 2020 4232 legislatorem
2073 4162 2142 4216 ab

563 4255 807 4309 omnium
836 4254 947 4309 Deo
975 4254 1337 4309 constitutum
1371 4255 1645 4323 gentibus,
1689 4253 1892 4310 factum
1924 4256 2141 4312 cunctis

561 4346 876 4404 hominibus
905 4347 1124 4418 pietatis
1157 4348 1479 4419 magistrum
1521 4362 1648 4418 erga
1682 4361 1865 4402 rerum
1893 4347 2138 4402 omnium

559 4441 897 4496 Creatorem.

2252 3257 2390 3304 σιν,›
2417 3240 2549 3295 ὡσεὶ
2605 3240 2812 3310 ἔλεγεν,
2847 3239 3279 3312 ἁναλαμϐανέτω
3333 3237 3404 3292 τά
3451 3237 3566 3307 ἔθνη
3616 3232 3756 3302 γνῶσιν

2250 3335 2344 3387 καὶ
2365 3334 2674 3404 ἐπιστήμην
2700 3333 2799 3403 τῆς
2828 3333 3049 3404 λογικῆς
3074 3331 3257 3387 αὐτῶν
3282 3332 3465 3394 οὐσίας
3485 3329 3562 3383 διὰ
3584 3323 3755 3396 τοῦ

2248 3425 2429 3489 λοντος
2455 3427 2640 3489 αὐτοῖς
2663 3425 3021 3480 καθίστασθαι
3052 3423 3368 3495 νομοθέτου·
3405 3419 3548 3486 οὗτος
3570 3421 3607 3473 δ’
3627 3420 3677 3473 ἂν
3699 3416 3753 3481 εἴη

2246 3520 2275 3572 ὀ
2307 3518 2562 3590 Χριστὸς,
2595 3521 2624 3572 ὁ
2653 3519 2751 3589 τὴν
2779 3517 2961 3590 κοινὴν
2987 3517 3358 3590 νομοθετήσας
3413 3518 3537 3587 ἡμῖν
3564 3511 3753 3581 διαθήκην

2246 3609 2325 3681 τῷ
2347 3609 2526 3681 λέγειν
2548 3628 2561 3641 ο
2595 3631 2612 3662 ι
2655 3610 2885 3682 Ἐρρέθη
2933 3614 3046 3676 τοῖς
3090 3611 3340 3682 ἀρχαίοις
3374 3609 3494 3664 τάδε
3540 3605 3653 3666 τινὰ,
3679 3598 3753 3668 έτὼ

2245 3704 2466 3774 δὲλέγω
2486 3703 2667 3758 τάδε’»
2696 3703 2754 3767 ὃς
2779 3704 2874 3758 καὶ
2907 3702 3026 3774 θεία
3056 3703 3150 3756 καὶ
3187 3703 3416 3776 ἀρρήτῳ
3443 3698 3638 3768 δυνάμει
3664 3707 3755 3764 xpe-

2244 3796 2399 3851 τῦναι
2448 3800 2573 3862 τοὺς
2635 3795 2828 3850 ἐαυτοῦ
2891 3796 3089 3868 νόμους
3143 3795 3248 3849 οὐκ
3287 3795 3380 3847 ἐπὶ
3418 3794 3474 3847 ἓν
3511 3808 3559 3844 τι
3593 3780 3751 3850 ἔθνοςῆ

2244 3889 2513 3961 δεύτερον,
2545 3888 2653 3942 οὐδ’
2675 3889 2770 3942 ἐπὶ
2799 3888 2962 3962 μέρος
2986 3906 3039 3942 τι
3071 3887 3169 3959 τῆς
3197 3887 3331 3958 ὅλης
3356 3873 3751 3955 οἰκουμένηςβΰῖ

2244 3982 2363 4036 οὐδέ
2392 3984 2477 4035 ἐπ’
2494 3981 2673 4050 ὀλίγον
2695 3981 2817 4035 τινὰ
2852 3979 3136 4051 δεδύνηται
3181 3979 3398 4051 χρόνον,
3426 3977 3532 4032 ἀλλ’
3561 3976 3622 4036 ὡς
3653 3972 3751 4023 ἐστιν

2243 4075 2303 4139 ἐξ
2325 4075 2491 4144 αὐτῆς
2517 4074 2849 4147 παραλαϐεῖν
2901 4073 3002 4143 τῆς
3053 4074 3337 4145 ἐνεργείας
3368 4073 3447 4136 εἰς
3485 4071 3540 4123 τὸ
3573 4059 3750 4136 διηνεκὲς

2244 4168 2338 4220 καὶ
2359 4166 2450 4223 ἐπὶ
2483 4167 2662 4221 πάντα
2686 4165 2755 4220 τὰ
2781 4165 2931 4240 ἔθνη.
2959 4167 3018 4220 EE
3047 4165 3104 4218 δὲ
3136 4164 3210 4238 μὴ
3260 4162 3531 4238 προσίοιτό
3555 4175 3624 4222 τις
3643 4149 3748 4207 ταῦθ’

2242 4257 2414 4323 οὕτως
2441 4258 2602 4331 ἔχειν,
2633 4259 2892 4314 δεικνύτω
2922 4259 3044 4313 τίνα
3067 4258 3132 4312 ἂν
3153 4258 3314 4313 ἄλλον
3347 4259 3458 4330 ἔχοι
3485 4255 3635 4323 λέγειν
3647 4241 3750 4315 περὶ

2241 4350 2333 4405 τὸν
2363 4352 2593 4425 Σωτῆρα
2614 4354 2708 4407 καὶ
2741 4352 2944 4425 Κύριον
2971 4351 3128 4424 ἡμῶν
3167 4351 3380 4424 Ἰησοῦν
3409 4345 3636 4421 Χριστὸν,
3663 4341 3747 4434 ἄκος

2241 4443 2444 4510 λούθως
2467 4448 2533 4518 τῇ
2568 4445 2708 4518 μετὰ
2737 4449 2926 4519 χεῖρας
2954 4445 3263 4518 προφητείᾳ
3291 4443 3575 4514 νομοθέτην
3591 4434 3745 4491 ὑπὺτω

557 4533 666 4588 τῶν
695 4533 830 4588 ὃλων
855 4535 990 4589 Θεοῦ
1027 4536 1430 4592 κατασταθέντα
1454 4537 1781 4602 τοῖςὲθνεσι,
1819 4534 2138 4590 διδάσκαλον
2175 4540 2539 4611 γεγενημένον
2575 4541 2779 4596 ἅπασιν
2799 4539 3110 4612 ἀνθρώποις
3166 4540 3268 4611 τῆς
3331 4541 3410 4603 είς
3433 4537 3516 4591 τὸν
3544 4532 3632 4586 τῶν
3655 4524 3744 4578 ὅλων

556 4629 896 4701 Δημιουργὺν
935 4630 1232 4695 εὐσεϐείας.

1171 4747 1402 4806 CAPUT
1441 4748 1529 4803 Vl.

1032 4841 1080 4895 E
1111 4843 1318 4908 psalmo
1371 4843 1666 4898 undecimo.

625 4931 687 4989 In
721 4933 1012 4990 undecimo
1061 4934 1272 5004 psalmo
1323 4933 1584 4989 Dominus
1622 4933 1756 4989 dicit
1789 4953 1801 4988 :
1845 4952 1863 4985 ι
1908 4932 2136 5004 Propter
2165 4929 2212 4984 ι)

555 5026 835 5082 miseriam
869 5025 1114 5095 inopum,
1138 5033 1202 5078 et
1229 5020 1486 5094 gemitum
1515 5040 1836 5095 pauperum,
1862 5039 2010 5078 nunc
2027 5039 2135 5079 ex-

555 5133 800 5190 surgam,
824 5116 958 5173 dicit
987 5117 1274 5174 Dominus.
1305 5116 1509 5172 Ponam
1543 5118 1594 5170 in
1623 5117 1876 5182 salutari,
1912 5115 2135 5170 ﬁducia-

555 5211 676 5266 liter
708 5225 866 5284 agam
897 5211 956 5266 in
995 5226 1061 5266 eo
1097 5211 1162 5264 ³⁷.
1197 5229 1215 5263 ι
1278 5209 1644 5280 Exquiramus
1697 5225 1879 5265 annon
1927 5207 2130 5263 Christi

551 5319 802 5373 persona:
826 5318 982 5358 suam
1011 5318 1041 5357 a
1085 5303 1316 5359 mortuis
1360 5301 1820 5359 resurrectionem
1869 5316 2126 5372 praenun-

551 5397 709 5450 tianti
741 5397 858 5451 haec
879 5397 1259 5461 convenirent,
1282 5411 1515 5467 quorum
1565 5395 1651 5449 hic
1701 5409 1898 5450 sensus
1945 5402 2129 5449 esset:

551 5502 770 5561 propter
801 5499 998 5561 gentes
1031 5493 1084 5546 in
1117 5490 1424 5560 iniquitatis
1444 5488 1664 5544 miseria
1696 5495 1878 5549 natas,
1912 5486 2124 5554 inopes.

549 5599 657 5658 que
697 5585 964 5654 probrose
990 5594 1234 5648 vocatas,
1261 5599 1326 5639 eo
1357 5583 1500 5654 quod
1541 5580 1634 5636 Dei
1663 5580 1880 5636 divitiis
1905 5581 2130 5651 privata:

619 5739 662 5773 "
702 5737 826 5797 Psal
881 5756 958 5806 ix,
998 5738 1091 5808 ³14,
1131 5740 1226 5800 15.
1303 5741 1346 5771 ’⁸
1386 5740 1517 5795 ibid.
1551 5739 1640 5795 2i.

2781 4742 3178 4798 ΚΕΦΑΛΑΙΟΝ
3207 4744 3300 4809 cr.

2837 4836 3085 4906 Wmlpoﬁ
3123 4842 3214 4888 ta'.

2329 4930 2484 4984 Ἐπεὶ
2516 4930 2574 4982 ἐν
2622 4927 2702 5000 τῷ
2761 4927 3032 4998 ἑνδεκάτῳ
3080 4925 3282 4998 ψαλμῷ
3316 4927 3345 4978 ὁ
3387 4921 3574 4994 Κύριός
3601 4924 3736 5009 913m:

2247 5045 2264 5076 ι
2299 5025 2522 5078 Ἕνεκεν
2553 5023 2654 5093 τῆς
2697 5020 3075 5094 ταλαιπωρίας
3131 5020 3240 5072 τῶν
3273 5016 3522 5088 πτωχῶν,
3569 5010 3644 5064 καὶ
3679 5018 3737 5055 του

2243 5113 2543 5186 στεναγμοῦ
2579 5113 2640 5184 (1⁵.
2655 5112 2727 5167 20
2750 5113 2822 5183 τ’)
2851 5111 2960 5165 τῶν
2986 5113 3235 5182 πενήτων
3276 5109 3372 5162 νῦν
3419 5102 3734 5169 ἀναστήσομαιν

2238 5205 2383 5274 λέγει
2441 5203 2663 5276 Κύριος
2698 5203 2932 5274 θήσομαι
2970 5205 3026 5256 ὲν
3062 5200 3336 5271 σωτηρίῳ»
3369 5188 3736 5276 παρρηπάσομέι

2240 5271 2545 5370 ὲν-αύτῷιι-
2566 5271 2887 5367 ἐξετάζομεν
2912 5294 2984 5366 μὴ
3015 5293 3141 5364 περὶ
3177 5289 3414 5364 Χριστοῦ
3442 5282 3674 5359 προσώπῳ
3694 5271 3735 5322 τά

2241 5392 2496 5463 περὶτῆς
2550 5389 2853 5461 ἐκ-νεκρῶν
2887 5386 3232 5448 ἀναστάσεως
3294 5380 3456 5436 αὑτοῦ
3506 5374 3733 5430 ῐ›”ιδάσιιωι“τι

2239 5487 2332 5539 καὶ
2350 5485 2524 5540 ταῦτα
2548 5485 2613 5538 ἂν
2640 5481 2888 5556 ἁρμόζοι,
2914 5480 3117 5535 τοιάνδε
3144 5479 3381 5533 διάνοιαν
3417 5475 3604 5543 ἔχοντα·
3622 5463 3736 5516 ἔνεπει

2237 5575 2346 5628 τῶν
2387 5578 2445 5628 ἐν
2474 5573 2818 5646 ταλαιπωρία
2843 5571 3038 5636 κακίας
3075 5569 3373 5641 γεγονότων
3421 5560 3590 5623 ἐθνῶν,
3632 5563 3735 5606 πῖν’

1718 5741 1762 5772 ¹⁶
1804 5737 1984 5792 Matth.
2023 5751 2078 5802 v,
2108 5732 2297 5791 2L“.
2375 5734 2419 5766 ’⁷
2458 5733 2603 5791 Psal.
2642 5749 2732 5801 χι,
2767 5732 2819 5787 6.
