3936 6206
324 277 457 333 1101

1341 276 1631 334 ECLOGA?
1674 276 2148 335 PROPHETICA'Z.
2183 309 2254 319 —
2292 278 2419 333 LIB.
2460 279 2524 334 ll.

3430 284 3563 339 1102

322 398 437 471 χῶν
472 395 886 466 ὀνομαζομένων
930 396 1145 467 ψεκτῶς
1191 396 1280 450 διὰ
1334 398 1394 451 τὸ
1450 398 1773 470 ἐστερῆσθαι
1803 398 1890 453 τοῦ

2002 407 2148 463 sunt,
2183 396 2507 453 exinaniens
2545 398 2919 468 semetipsum,
2949 400 3248 454 certamine
3270 415 3443 471 usque
3494 405 3563 458 ad

321 490 467 551 κατὰ
490 489 625 543 Θεὸν
649 488 898 554 πλούτου,
958 490 1200 551 κενώσας
1246 490 1467 553 ἐαυτὸν,
1506 488 1895 559 ἀναδεξάμενός

320 595 384 634 τε
421 580 582 652 μέχρι
622 581 717 633 καὶ
753 578 983 633 θανάτου
1035 579 1126 632 τὸν
1173 580 1313 652 ὑπὲρ
1339 580 1515 633 αὐτῶν
1565 580 1771 647 άγῶνα,
1801 578 1893 633 νῦν

320 673 718 743 ἁναστήσομαι,
756 672 850 726 καὶ⁸
874 672 936 743 δὴ
966 671 1142 725 λαϐὼν
1180 673 1277 744 τὴν
1307 673 1446 726 κατὰ
1506 672 1722 725 πάντων
1746 671 1892 738 ἐξου-

322 766 445 818 σίαν
472 764 624 835 παρὰ
660 764 753 818 τοῦ
787 764 1015 835 Πατρὸς,
1043 766 1247 829 πάντας
1279 767 1405 828 τοὺς
1450 767 1528 826 εἰς
1561 766 1658 835 ἐμὲ
1681 763 1892 817 πιστεύ-

323 876 523 921 σαντας
561 858 795 929 θήσομαι
844 860 924 922 είς
974 858 1264 930 σωτηρίαν,
1313 860 1406 911 καὶ
1447 858 1892 929 παρρησιάσομαι

323 950 385 1002 ἐν
414 949 580 1019 αὐτῷ,
603 950 721 1020 ἦτοι
746 948 823 1020 τῷ
854 950 1046 1021 Πατρὶ,
1080 949 1111 1019 ἢ
1146 949 1221 1020 τῷ
1265 950 1636 1022 πεπραγμένῳ
1671 965 1760 1019 μοι
1803 949 1896 1000 ἐπὶ

324 1042 570 1113 σωτηρίᾳ⁵
592 1041 701 1095 τῶν
733 1042 998 1096 τοσούτων
1033 1042 1552 1112 ἀνδραγαθημάτων.
1594 1043 1758 1113 Καλή
1799 1044 1893 1111 μὲν

318 1132 418 1187 τοῦ
453 1132 616 1204 ῥητοῦ
646 1134 865 1205 τοιαύτη
899 1151 984 1197 τις
1014 1132 1079 1186 ἂν
1110 1135 1192 1203 εἴη
1223 1132 1447 1186 διάνοια·
1491 1134 1558 1185 τά
1601 1130 1778 1202 μέντοι
1833 1150 1894 1201 γε

272 1254 283 1263 -
322 1223 520 1295 πρῶτα
534 1222 625 1276 τοῦ
652 1224 887 1295 ψαλμοῦ,
924 1244 939 1274 ι
970 1223 1147 1276 Σῶσόν
1178 1240 1267 1294 με,
1305 1224 1334 1274 6
1361 1221 1513 1284 Θεὸς,
1538 1241 1555 1273 ι
1580 1222 1897 1292 περιέχοντα

325 1335 349 1367 ι
381 1318 463 1370 ὅτι
484 1316 789 1369 ἐκλέλοιπεν
814 1317 979 1378 ὅσιος,
995 1336 1011 1365 ι
1034 1315 1127 1369 καὶ
1140 1315 1207 1368 τά
1223 1315 1369 1386 ἑξῆς,
1395 1315 1484 1369 τὸν
1500 1315 1686 1386 καιρὸν
1703 1314 1821 1368 καθ’
1840 1313 1897 1368 δν

317 1409 588 1464 πέπονθεν
619 1408 797 1470 ὁποῖός
823 1425 906 1472 τις
936 1407 1149 1479 ὑπῆρχε
1186 1408 1351 1479 δηλοῖ·
1387 1426 1405 1458 ι
1430 1407 1757 1461 Ἐκλελοίπει
1786 1407 1896 1478 γάρ

313 1501 467 1563 ὅσιος
508 1520 528 1553 ι
563 1499 815 1565 τότε,κα“ι
855 1519 873 1550 ι
916 1498 1275 1570 Ὠλιγώθησαν
1306 1501 1358 1551 αἱ
1387 1498 1632 1569 ἁλήθειαι
1655 1498 1762 1551 ἀπὸ
1794 1497 1900 1550 τῶν

2003 499 2230 545 mortem
2275 505 2373 558 pro
2404 490 2511 545 illis
2563 497 2818 559 suscepto
2851 489 2917 554 ",
2951 504 3096 544 nunc
3128 505 3419 562 exsurgam
3472 510 3566 551 ac-

2002 583 2319 652 cipiensque
2349 597 2378 635 a
2410 580 2571 636 Patre
2603 582 2658 635 in
2682 582 2937 636 omnibus
2968 582 3417 647 dominationem,
3446 600 3566 640 om-

2000 691 2097 730 nes
2132 676 2223 745 qui
2256 677 2310 730 in
2335 691 2420 730 me
2451 676 2691 737 credent,
2715 694 2733 726 ι
2762 690 2956 744 ponam
2991 676 3044 731 in
3066 678 3315 743 salutari,
3340 686 3394 733 et
3427 677 3565 735 ﬁdu-

1998 766 2209 820 cialiter
2242 780 2394 835 agam
2431 766 2484 820 in
2507 781 2594 830 eo,
2629 786 2648 818 ι
2672 767 2785 822 sive
2814 767 2867 820 in
2905 765 3086 830 Patre,
3112 768 3227 821 sive
3250 769 3301 822 in
3333 784 3398 823 eo
3418 770 3563 839 quod

2001 858 2101 911 feci
2134 857 2451 926 prteclarum
2489 855 2545 909 in
2584 871 2772 910 eorum
2807 857 3058 911 salutem.
3092 856 3190 912 llic
3219 858 3382 928 igitur
3406 860 3565 915 nobis

1998 947 2214 1002 videtur
2250 947 2441 1018 psalmi
2481 963 2693 1003 sensus.
2740 947 2916 1001 Prima
2946 957 3125 1004 autem
3160 950 3323 1019 hujus
3354 951 3518 1005 verba
3548 971 3559 1004 :

2007 1056 2025 1088 ι
2069 1038 2285 1093 Salvum
2339 1054 2424 1093 me
2469 1038 2575 1104 fac,
2606 1039 2853 1103 Domine,
2884 1042 3140 1110 quoniam
3188 1043 3387 1098 defecit
3437 1058 3565 1098 san-

2002 1137 2124 1186 ctus
2153 1131 2220 1194 ”,
2252 1150 2269 1181 ι
2295 1138 2347 1185 et
2380 1131 2606 1201 reliqua,
2630 1146 2738 1201 quo
2776 1141 3018 1201 tempore
3055 1149 3252 1203 passus
3281 1135 3352 1190 sit
3382 1144 3565 1191 osten-

2003 1221 2158 1279 dunt.
2206 1222 2357 1277 Tunc
2399 1223 2542 1278 enim
2583 1241 2597 1277 :
2637 1241 2656 1274 ι
2690 1222 2894 1279 Deiecit
2952 1234 3196 1291 sanctus,
3232 1236 3287 1284 et
3326 1230 3564 1286 diminu-

2006 1323 2073 1369 taa
2097 1324 2223 1370 sunt
2250 1315 2504 1370 veritates
2527 1331 2557 1369 a
2576 1315 2703 1371 [iliis
2726 1316 3004 1372 hominum
3029 1335 3042 1384 ;
3078 1335 3217 1374 vana
3239 1321 3403 1377 locuti
3436 1336 3563 1382 sunt

2006 1409 2380 1477 unusquisque
2423 1408 2488 1462 ad
2530 1408 2832 1478 proximum
2890 1425 3048 1466 suum
3077 1413 3144 1467 ³⁰.
3188 1433 3207 1467 ι
3254 1414 3381 1471 Haec
3417 1419 3561 1473 enim

2006 1498 2209 1560 omnia.
2234 1506 2285 1552 et
2307 1512 2425 1568 qua:
2448 1507 2772 1567 sequuntur,
2793 1500 2884 1555 illo
2908 1510 3149 1573 tempore
3176 1503 3393 1575 impleta
3415 1516 3560 1563 sunt.

315 1594 451 1647 υἱῶν
477 1593 584 1673 τῶν
612 1592 931 1665 ἀνθρώπωψ
961 1594 1163 1664 μάταια
1196 1593 1450 1666 ἐλάλησεν
1480 1594 1707 1656 ἕκαστος
1731 1584 1737 1593 ’
1760 1592 1895 1664 πρὸς
1931 1592 2020 1647 τὸν
2046 1593 2267 1664 πλησίον
2330 1592 2513 1646 αὐτοῦ’
2564 1613 2582 1647 ι
2618 1596 2711 1647 καὶ
2746 1596 2813 1650 τά
2836 1597 3042 1663 τούτοις
3078 1599 3134 1653 δὲ
3182 1583 3307 1673 ἑξῆς
3350 1602 3563 1658 ἅπαντα

319 1687 443 1741 κατ’
466 1670 667 1742 ἐκεῖνον
689 1687 1011 1759 πεπλήρωτο
1039 1685 1129 1739 τὸν
1163 1687 1371 1757 χρόνον.

848 1806 1240 1858 ΚΕΦΑΛΑΙΟΝ
1288 1806 1361 1857 Z'.

921 1893 1171 1962 Ψαλμοῦ
1222 1900 1305 1948 ιε’.

395 2005 417 2039 ι
452 1985 804 2059 Προωρώμην
833 1987 921 2041 τὸν
954 1987 1157 2057 Κύριον
1184 1987 1413 2041 ἐνώπιόν
1442 2005 1539 2057 μου
1581 1988 1891 2053 διαπαντὸς,

312 2081 404 2136 ὅτι
435 2080 501 2133 ἐκ
526 2078 714 2145 δεξιῶν
751 2098 850 2150 μου
874 2080 1029 2135 ἐστὶν
1077 2082 1160 2134 ἵνα
1212 2080 1284 2152 μὴ
1325 2081 1583 2135 σαλευθῶ.
1612 2081 1709 2134 Διὰ
1739 2080 1895 2133 τοῦτο

317 2170 607 2244 ηὐφράνθη
633 2174 664 2242 ἡ
697 2172 893 2241 καρδία
928 2190 1051 2242 μου,
1081 2173 1174 2225 καὶ
1198 2172 1565 2241 ἠγαλλιάσατο
1597 2175 1630 2242 ἡ
1675 2172 1895 2240 γλῶσσά

322 2279 453 2332 μου,
488 2261 569 2315 ἔτι
596 2261 651 2315 δὲ
680 2261 772 2314 καλ⁵
798 2263 831 2331 ἡ
870 2262 1004 2333 σάρξ
1037 2279 1136 2333 μου
1165 2261 1571 2334 κατασκηνώσει
1601 2262 1890 2315 ἐπ’ὲλπίδι.

320 2356 450 2410 Ὀτι
482 2357 583 2410 ούκ
616 2357 1023 2426 ἐγκαταλείψεις
1049 2357 1145 2428 τὴν
1166 2358 1341 2428 ψυχήν
1373 2375 1472 2428 μου
1505 2360 1584 2419 εἰς
1607 2356 1755 2427 ᾅδην,
1774 2356 1893 2409 οὐδὲ

317 2446 513 2510 δώσεις
545 2448 634 2501 τὸν
658 2447 803 2501 ὅσιόν
829 2465 919 2501 σου
948 2448 1072 2502 ἰδεῖν
1098 2449 1412 2520 διαφθοράν.
1450 2447 1778 2519 Ἐγνώρισάς
1805 2464 1893 2517 μοι

317 2538 474 2601 ὁδοὺς
533 2539 699 2608 ζωῆς,
758 2538 1063 2610 πληρώσεις
1112 2558 1177 2609 με
1205 2541 1542 2611 εὐφροσύνης
1607 2540 1744 2610 μετὰ
1798 2539 1891 2594 τοῦ

322 2629 616 2703 προσώπου
642 2647 754 2683 σου.
783 2649 801 2680 ι
825 2631 948 2683 Ὅτι
974 2631 1031 2684 δὲ
1053 2632 1328 2685 καὶταῦτα
1348 2635 1427 2696 είς
1459 2634 1747 2705 πρόσωπον
1762 2634 1893 2687 ἀνα-

322 2723 554 2791 φέρεται
603 2723 837 2791 Χριστοῦ
876 2726 1145 2793 μαρτυρεῖ
1189 2726 1218 2776 ὁ
1276 2726 1483 2797 Πέτρος
1528 2728 1584 2779 ἐν
1613 2728 1731 2789 ταῖς
1785 2725 1893 2779 τῶν

318 2813 632 2868 ἀποστόλων
681 2812 938 2883 Πράξεσι,
973 2815 1036 2867 δι’
1062 2809 1135 2867 ὧν
1175 2814 1345 2868 ταῦτά
1390 2832 1571 2885 φησιν·
1612 2833 1631 2866 ι
1689 2814 1894 2887 Ἰησοῦν

318 2905 412 2957 τὸν
440 2904 776 2976 Ναζωραῖον,
800 2904 967 2977 ἄνδρα
1017 2906 1465 2976 ἀποδεδειγμένον
1499 2907 1579 2968 είς
1598 2907 1742 2977 ὑμᾶς
1784 2907 1893 2960 ἀπὸ

319 2993 457 3047 Θεοῦ
479 2994 737 3065 δυνάμεσι
762 2995 856 3047 καὶ
888 2995 1075 3065 τέρασι
1112 2996 1204 3048 καὶ
1234 2996 1496 3068 σημείοις,
1526 2992 1608 3059 οἷς
1672 2997 1891 3067 ἐποίησε

318 3086 387 3139 δι’
420 3085 584 3139 αὐτοῦ
610 3089 638 3139 6
668 3085 799 3150 Θεὸς
826 3088 884 3140 ἐν
920 3086 1069 3157 μέσῳ
1102 3087 1275 3158 ὑμῶν,
1304 3087 1482 3151 καθὼς
1510 3089 1663 3141 αὐτοὶ
1695 3088 1889 3152 οἴδατε,

2584 1795 2810 1851 CAPUT
2864 1797 2976 1855 VII.

2411 1885 2459 1942 Ε
2485 1890 2689 1956 psalmo
2724 1891 2906 1960 quinto
2940 1893 3163 1951 decimo.

2073 1995 2090 2027 ι
2128 1977 2485 2031 Providebam
2526 1978 2814 2035 Dominum
2862 1983 2915 2037 in
2942 1996 3240 2055 conspectu
3273 2004 3560 2048 meosem-

1996 2085 2124 2140 per;
2157 2070 2413 2139 quoniam
2465 2087 2495 2125 a
2543 2071 2750 2127 dextris
2779 2083 2860 2129 est
2892 2076 3044 2141 mihi,
3082 2093 3150 2132 ne
3194 2094 3554 2143 commovear.

1994 2161 2221 2232 Propter
2251 2161 2354 2217 hoc
2382 2162 2617 2215 laetatum
2651 2173 2735 2219 est
2756 2178 2851 2217 cor
2868 2180 3045 2220 meum
3062 2176 3115 2221 et
3138 2171 3433 2228 exsultavit
3456 2175 3558 2230 lin-

1995 2269 2100 2325 gua
2130 2269 2247 2308 mea
2276 2270 2288 2304 :
2328 2253 2553 2323 insuper
2584 2261 2637 2308 et
2683 2268 2813 2309 caro
2863 2272 2982 2311 mea
3014 2261 3319 2329 requiescet
3358 2264 3414 2319 in
3438 2281 3555 2336 spe.
3662 2282 3674 2293 '

1995 2345 2262 2411 Quoniam
2308 2359 2416 2397 non
2449 2343 2794 2415 derelinquas
2823 2347 3058 2401 animam
3094 2363 3267 2406 meam
3298 2352 3354 2407 in
3390 2354 3558 2412 infer-

1995 2452 2086 2502 no,
2114 2452 2213 2492 nec
2245 2432 2402 2490 dabis
2438 2445 2690 2491 sanctum
2728 2443 2881 2491 tuum
2912 2437 3094 2494 videre
3127 2445 3554 2514 corruptionem.

1994 2527 2162 2584 Notas
2195 2528 2327 2583 mihi
2376 2529 2551 2584 fecisti
2600 2529 2716 2584 vias
2745 2528 2890 2593 vita,
2913 2530 3236 2601 adimplebis
3264 2553 3350 2593 me
3370 2539 3556 2597 latitia

1996 2633 2117 2672 cum
2148 2620 2300 2673 vultu
2341 2626 2438 2674 tuo
2465 2618 2533 2686 ",
2572 2637 2592 2671 ι
2621 2617 2745 2674 Παιο
2771 2635 2988 2690 quoque
3021 2622 3089 2677 ad
3127 2622 3331 2682 Christi
3372 2645 3561 2699 perso-

1997 2724 2121 2763 nam
2156 2718 2402 2779 spectare
2438 2718 2674 2766 testatur
2712 2710 2907 2769 Petrus
2937 2713 2991 2767 in
3022 2713 3251 2774 Actibus
3280 2724 3556 2790 apostolo-

1996 2816 2139 2864 rum,
2171 2801 2255 2856 his
2286 2802 2469 2859 verbis
2502 2822 2516 2857 :
2566 2821 2582 2853 ι
2621 2802 2806 2858 Jesum
2840 2804 3188 2863 Nazarenum
3210 2848 3226 2873 ,
3258 2813 3433 2867 virum
3462 2831 3558 2885 ap~

1995 2894 2280 2963 probatum
2310 2908 2340 2947 a
2379 2893 2491 2950 Deo
2524 2896 2580 2950 in
2614 2895 2791 2960 vobis,
2827 2897 3145 2966 virtutibus.
3177 2911 3230 2956 et
3273 2906 3556 2977 prodigiis,

1995 2994 2049 3040 et
2096 2985 2287 3055 signis,
2323 3003 2444 3057 quae.
2491 2987 2619 3043 fecit
2676 2987 2815 3045 Deus
2842 3005 2938 3060 per
2971 2992 3123 3047 illum
3169 2995 3221 3049 in
3255 2998 3434 3054 medio
3463 3018 3557 3055 ve-

1997 3078 2118 3142 stri,
2146 3078 2290 3131 sicut
2320 3089 2366 3135 et
2403 3095 2499 3136 vos
2531 3081 2686 3137 scitis
2717 3101 2732 3138 :
2768 3084 2914 3139 hunc
2945 3084 3169 3141 deﬁnito
3218 3091 3468 3157 consilio,
3504 3102 3558 3147 et

317 3177 507 3232 τοῦτον
545 3182 611 3250 τῇ
633 3180 912 3251 ὡρισμένῃ
946 3179 1108 3251 βουλῇ
1137 3181 1230 3234 καὶ
1260 3180 1562 3251 προγνώσει
1614 3181 1707 3234 τοῦ
1755 3181 1888 3235 Θεοῦ

1999 3166 2336 3236 ρηεεοὶειιιία
2362 3169 2456 3225 Dei
2514 3173 2797 3238 traditum,
2853 3190 2950 3245 per
3012 3192 3206 3234 manus
3242 3181 3556 3252 iniquorum

319 3268 534 3322 ξκδοτον
564 3268 834 3332 λαϐόντες,
879 3270 966 3323 διὰ
1017 3269 1197 3339 χειρὸς
1232 3269 1446 3338 ἀνόμων
1479 3267 1889 3339 προσπήξαντες

317 3363 585 3418 ἀνείλατε·
621 3363 679 3415 ὃν
710 3364 737 3416 6
766 3362 898 3426 Θεὸς
952 3363 1235 3433 ἀνέστησε,
1258 3361 1425 3424 λύσας
1447 3362 1546 3424 τὰς
1573 3361 1765 3424 ώδῖνας
1793 3359 1886 3413 τοῦ

320 3454 572 3519 Θανάτου,
614 3454 732 3507 καθ’
764 3455 968 3508 ὅτιούκ
1008 3448 1075 3524 ἦν
1114 3452 1332 3507 δυνατὸν
1363 3451 1674 3525 κρατεῖσθαι
1730 3452 1889 3505 αὑτὸν

318 3547 412 3599 ὑπ’
439 3545 625 3599 αὐτοῦ.
656 3545 815 3599 Δαυῖδ
864 3545 971 3617 γάρ
994 3545 1163 3614 λέγει,
1200 3544 1552 3617 Προωρώμην
1579 3544 1668 3597 τὸν
1688 3543 1889 3613 Κύριον

314 3636 549 3692 ἐνιὶιπιόν
584 3656 685 3709 μου
739 3639 1050 3702 διαπαντός.
1095 3657 1114 3690 ι
1170 3635 1302 3691 Εἶτά
1322 3655 1440 3692 τινα
1474 3634 1677 3707 μεταξὺ
1699 3634 1885 3698 εἰπὼν,

317 3730 574 3801 ἐπιφέρει
599 3730 771 3783 ταῦτα
808 3730 946 3784 κατὰ
991 3730 1154 3796 λέξινο
1198 3749 1215 3779 ι
1263 3728 1487 3800 ’Ἄνδρες
1516 3727 1748 3795 ἀδελφοὶ,
1773 3725 1890 3791 ἐξὸν

314 3825 495 3877 εἶπεῖν
556 3823 693 3893 μετὰ
750 3823 1060 3896 παρρησίας
1095 3822 1231 3895 πρὸς
1281 3823 1426 3891 ὑμᾶς
1488 3822 1615 3892 περὶ
1656 3820 1749 3873 τοῦ
1783 3838 1888 3873 πα-

314 3918 580 3990 τριάρχου
600 3916 781 3979 Δαυῒδ,
822 3919 904 3970 ὅτι
938 3917 1031 3970 καὶ
1054 3914 1371 3985 ἐτελεύτησε
1424 3914 1518 3967 καὶ
1562 3915 1756 3984 ἐτάφη,
1797 3914 1890 3967 καὶ

315 4011 378 4064 τὸ
418 4013 608 4081 μνῆμα
627 4010 789 4063 αὑτοῦ
819 4012 964 4063 ἐστιν
988 4010 1045 4061 ὲν
1076 4005 1207 4079 ἡμῖν
1236 4007 1340 4071 ’ἑως
1377 4008 1475 4078 τῆς
1515 4007 1726 4079 ἡμέρας
1757 4005 1889 4059 ταύ-

316 4120 436 4175 της·
460 4104 748 4175 προφήτης
797 4098 889 4156 οῦν
921 4103 1200 4173 ὑπάρχων,
1260 4101 1356 4155 καὶ
1411 4099 1567 4163 εἰδὼς
1609 4101 1691 4153 ὅτι
1742 4101 1889 4171 ὅρκῳ

314 4192 530 4265 ὤμοσεν
554 4193 701 4265 αὐτῷ
734 4196 762 4247 6
788 4193 939 4258 Θεὸς,
972 4196 1036 4247 ἐκ
1088 4192 1301 4264 καρποῦ
1344 4193 1443 4262 τῆς
1475 4190 1672 4261 ὀσφύος
1727 4191 1886 4244 αὑτοῦ

315 4287 538 4340 καθίσαι
562 4286 655 4339 ἐπὶ
679 4286 768 4339 τὸν
792 4286 978 4357 θρόνον
1004 4284 1190 4348 αὐτοῦ,
1239 4282 1473 4356 προϊδὼν
1503 4282 1730 4353 ἐλάλησε
1764 4283 1889 4353 περὶ

314 4378 789 4449 ῆςοάναστάσεως
821 4377 913 4429 τοῦ
937 4376 1195 4448 Χριστοῦ,
1227 4378 1306 4431 δτι
1333 4375 1455 4429 οὒτε
1495 4373 1885 4445 ἐγκατελείφθη

313 4468 396 4531 είς
432 4466 587 4538 ᾅδην,
619 4466 739 4520 οὔτε
766 4469 798 4537 ὴ
827 4466 963 4538 σάρξ
1006 4467 1170 4521 αὑτοῦ
1229 4467 1302 4519 ἴδε
1364 4465 1679 4538 διαφθοράν.
1721 4484 1740 4515 ι
1775 4464 1882 4517 Τοῦ

1991 3261 2269 3333 aliigentes
2297 3264 2648 3320 interemistis
2678 3284 2691 3320 :
2715 3266 3037 3337 quem'Deus
3058 3272 3341 3328 suscitavit
3362 3274 3557 3332 solutis

1991 3354 2273 3409 doloribus
2322 3353 2541 3420 inferni,
2573 3359 2729 3424 juxta
2778 3358 2925 3427 quod
2959 3360 3293 3431 impossibile
3325 3371 3443 3419 erat
3477 3372 3557 3421 te-

1991 3447 2108 3502 neri
2139 3446 2292 3501 illum
2337 3445 2405 3500 ab
2438 3462 2523 3501 eo.
2562 3446 2730 3503 David
2758 3450 2903 3504 enim
2926 3451 3057 3507 dicit
3087 3454 3142 3508 in
3164 3469 3288 3510 eum
3318 3474 3330 3510 :
3368 3454 3558 3512 Provio

1993 3539 2187 3595 debam
2248 3538 2535 3595 Dominum
2586 3540 2643 3594 in
2688 3553 2984 3613 conspectu
3030 3561 3151 3601 meo
3193 3563 3408 3616 semper
3431 3548 3494 3604 ³³.
3533 3566 3551 3600 ι

1994 3628 2212 3699 Aliquot
2238 3646 2366 3685 vero
2411 3630 2772 3700 interpositis,
2799 3632 2915 3692 haec
2956 3634 3180 3703 subjicit
3220 3636 3501 3707 Scriptura
3539 3658 3550 3691 :

1998 3742 2015 3773 ι
2069 3720 2178 3775 Viri
2228 3720 2447 3784 fratres,
2480 3722 2641 3775 liceat
2693 3722 2958 3777 audenter
3008 3724 3190 3778 dicere
3246 3724 3311 3778 ad
3348 3741 3442 3779 vos
3488 3726 3556 3780 de

1992 3814 2299 3884 patriarcha
2333 3813 2521 3879 David,
2552 3816 2839 3886 quoniam}
2863 3814 3151 3870 defunctus
3180 3824 3264 3871 est
3291 3824 3343 3871 et
3374 3817 3550 3886 sepul-

1994 3914 2119 3961 tus:
2145 3914 2199 3961 et
2238 3907 2547 3976 sepulcrum
2586 3905 2707 3976 ejus
2732 3913 2818 3962 est
2851 3907 2993 3977 apud
3034 3922 3134 3961 nos
3165 3922 3337 3976 usque
3367 3907 3422 3961 in
3458 3908 3556 3961 ho-

1990 3997 2236 4052 diernum
2276 3998 2440 4053 diem.
2473 3997 2740 4068 Propheta
2775 3998 2939 4070 igitur
2966 4012 3089 4052 cum
3121 4005 3359 4061 csset,ct
3388 4000 3553 4055 sciret

1992 4093 2116 4159 quia
2151 4090 2511 4159 jurejurando
2534 4091 2779 4160 jurassct
2807 4090 2883 4144 illi
2910 4088 3055 4146 Deus
3081 4090 3147 4144 de
3178 4090 3358 4144 fructu
3384 4091 3552 4144 lumbi

1990 4184 2110 4254 ejus
2156 4184 2349 4239 sedere
2388 4200 2551 4255 super
2592 4182 2772 4239 sedem
2803 4184 2966 4253 ejus;
2996 4183 3285 4254 providens
3341 4185 3554 4240 locutus

1990 4278 2163 4333 estde
2190 4278 2595 4333 resurrectione
2622 4276 2847 4340 Christi,
2881 4277 3011 4347 quia
3047 4292 3220 4347 neque
3262 4277 3555 4333 derelictus

1989 4380 2075 4425 est
2127 4370 2182 4423 in
2238 4370 2475 4433 inferno,
2524 4385 2703 4439 neque
2739 4384 2870 4424 caro
2915 4368 3036 4439 ejus
3080 4370 3211 4423 vidit
3243 4370 3553 4440 corruptio~

1988 4474 2112 4513 nem
2141 4458 2205 4514 ³³.
2242 4477 2261 4510 ι
2300 4457 2462 4514 Petro
2487 4460 2649 4530 igitur
2679 4460 2816 4513 hanc
2861 4458 2930 4515 de
2968 4458 3187 4514 Christo
3216 4461 3553 4530 prophetiam

313 4559 378 4630 δὴ
408 4530 617 4631 Ιίέτρου
643 4530 821 4613 τοίνυν
872 4530 1271 4622 αποδεδωκότος
1301 4564 1380 4623 εἰς
1406 4530 1496 4614 τὸν
1527 4530 1755 4631 Σωτῆρα
1784 4559 1882 4629 τὴν

1999 4562 2106 4618 ipso
2129 4547 2542 4617 interpretante,
2567 4547 2831 4616 reliquum
2856 4556 2939 4603 est
2969 4562 3424 4618 supervacaneam
3457 4549 3554 4602 ho-

311 4649 417 4719 ιξῆς
466 4651 796 4720 προφητείας
824 4651 1139 4723 ἑρμηνείαν,
1182 4652 1445 4723 παρέσται
1471 4651 1549 4723 τῷ
1582 4653 1654 4723 μὴ
1678 4651 1884 4722 πάρερ-

311 4761 411 4813 γον
435 4744 532 4814 τὴν
554 4743 755 4798 τούτων
803 4744 1026 4815 ἔρευναν
1068 4745 1392 4816 ποιουμένῳ,
1445 4746 1563 4817 ἢτοι
1614 4747 1700 4799 ἐπ’
1738 4744 1886 4815 αὐτῷ

312 4838 497 4890 πᾶσαν
522 4836 621 4907 τὴν
668 4837 726 4889 ἐν
758 4836 834 4907 τῷ
873 4835 1071 4906 ψαλμῷ
1117 4836 1261 4900 λέξιν
1301 4836 1608 4900 ἀκολούθως
1655 4836 1895 4908 ἐφαρμό-

310 4930 427 4994 ζειν
456 4923 537 4993 οἷς
567 4930 662 4982 καὶ
694 4931 722 4982 6
777 4928 978 5000 Πέτρος
1022 4928 1320 4999 ἐξείληφεν,
1348 4928 1379 4999 ἢ
1426 4932 1537 4992 τοῖς
1577 4931 1665 4997 ὑφ’
1693 4930 1891 5000 ἐτέρων

308 5021 395 5084 εἰς
436 5017 530 5073 τὸν
584 5018 795 5090 ψαλμὸν
844 5017 1403 5089 ύπομνηματισθεῖσιν
1447 5021 1708 5088 ἐντυχεῖν·
1762 5019 1891 5087 ἡμῖν

307 5111 424 5183 γὰρ
455 5113 484 5165 6
526 5112 722 5174 σκοπὸς
742 5111 891 5165 οὐδὲν
917 5110 1096 5164 πλεῖον
1124 5109 1232 5161 τῶν
1262 5111 1565 5180 εἰρημένων
1603 5109 1781 5176 λέγειν
1813 5110 1890 5170 εἰς

302 5207 439 5271 τοὺς
464 5205 661 5268 τόπους
693 5206 999 5276 ἐπιτρέπει.

838 5296 1233 5352 ΚΕΦΛΑΔΙΟΝ
1276 5294 1357 5348 H'.

900 5388 1146 5456 Ψαλμοῦ
1186 5386 1285 5451 ις’.

375 5480 491 5534 Καὶ
520 5480 582 5535 τὸ
612 5481 902 5553 λεγόμενον
936 5483 993 5535 ἐν
1028 5481 1401 5551 ἑκκαιδεκάτῳ
1426 5476 1642 5550 ψαλμῷ,
1682 5495 1700 5528 ι
1736 5475 1882 5529 Ἐδοο

302 5571 550 5643 κίμασας
578 5574 675 5646 τὴν
701 5574 927 5647 καρδίαν
957 5593 1079 5646 μου,
1106 5574 1387 5645 ἐπισκέψω
1430 5571 1644 5635 νυκτὸς,
1672 5568 1884 5640 ὲπύρω-

1990 4656 2113 4696 rum
2134 4640 2535 4710 indagationem
2565 4654 2673 4692 non
2701 4638 2941 4704 facienti,
2966 4640 3050 4694 vel
3079 4639 3126 4693 ei
3158 4654 3371 4693 omnem
3407 4641 3553 4709 psal-

1993 4734 2071 4788 mi
2107 4740 2420 4788 contextum
2469 4737 2838 4801 congruenter
2879 4729 3292 4785 accommodare
3318 4746 3441 4783 cum
3487 4731 3555 4783 iis

1995 4841 2117 4898 quae
2154 4825 2347 4881 Petrus
2385 4823 2623 4886 censuit,
2648 4822 2731 4877 vel
2767 4822 2997 4892 prolatis
3034 4823 3087 4874 in
3114 4821 3258 4874 hunc
3285 4821 3553 4890 psalmum

1994 4916 2402 4972 commentariis
2446 4915 2568 4971 aliis
2614 4913 2952 4969 incumbere.
2986 4910 3152 4966 Nobis
3180 4912 3323 4965 enim
3357 4927 3556 4982 prepo-

1995 5010 2157 5063 situm
2190 5009 2299 5077 jam
2339 5008 2406 5062 de
2449 5008 2551 5061 hac
2583 5008 2808 5062 materia
2857 5002 3023 5058 dictis
3068 5000 3366 5075 quidquam
3415 5013 3560 5058 vetat

1994 5099 2244 5169 adjicere.

2581 5282 2808 5339 CAPUT
2846 5283 2975 5341 Vlll.

2412 5373 2462 5427 Ε
2489 5375 2696 5445 psalmo
2725 5379 2924 5432 decimo
2969 5387 3134 5432 sexto.

2061 5466 2257 5525 ilocin
2281 5469 2497 5528 decimo
2536 5483 2690 5529 sexto
2712 5472 2921 5543 psalmo
2953 5469 3158 5524 dictum
3193 5487 3207 5524 :
3256 5486 3274 5518 ι
3313 5466 3563 5525 Probasti

1990 5580 2088 5620 cor
2127 5579 2309 5619 meum
2349 5572 2407 5623 et
2437 5566 2669 5623 visitasti
2708 5574 2904 5620 nocte:
2939 5562 3065 5633 igne
3095 5576 3182 5616 me
3208 5561 3564 5627 examinasti,

377 5689 697 5767 ".Philipp-
736 5712 797 5765 ιι,
836 5695 887 5764 7,
920 5697 972 5754 8.
1049 5697 1093 5729 η
1134 5696 1279 5756 Psal.
1318 5695 1491 5763 me.
1569 5693 1612 5727 ³ο
1653 5693 1786 5749 ibid.
1849 5690 1884 5746 ι

1999 5729 2003 5740 ,
2081 5687 2121 5719 ³³
2162 5684 2313 5747 Psal.
2374 5706 2463 5756 xv,
2497 5689 2650 5745 8-H.
2730 5690 2771 5721 ³²
2810 5689 2930 5743 Act.
2970 5701 3044 5754 ιι,
3079 5682 3269 5739 22-25.
3345 5681 3393 5713 ”
3431 5682 3560 5736 ibid.

304 5760 469 5817 39-31
480 5802 496 5817 .
