3952 6198
515 205 654 289 tios

1214 225 1479 283 EUSEBH
1515 224 1993 282 CESABIENSlS
2028 225 2178 283 OPP.
2219 225 2400 282 PARS
2441 226 2528 282 Ill.
2573 257 2646 269 --
2679 226 3087 284 EXEGETICA.

3575 237 3670 295 HN

499 357 580 404 et
591 363 708 403 non
729 354 813 402 est
841 348 1058 400 inventa
1077 345 1130 400 in
1148 359 1234 402 me
1249 345 1510 416 iniquitas
1532 345 1597 411 ",
1640 363 1660 396 ι
1693 343 1852 416 quasi
1881 344 2082 400 Christi

2193 343 2291 408 σάς
2324 361 2390 414 με
2423 341 2488 414 (ί.
2518 344 2631 415 Si),
2672 344 2765 399 καὶ
2797 345 2895 415 οὐχ
2922 344 3120 418 εὑρέθη
3149 345 3203 396 ἐν
3231 343 3353 414 ἐμοὶ
3385 344 3560 411 ἀδικία,
3588 350 3674 414 is;

489 453 648 496 ’ποτε
674 439 938 509 prolatum
969 435 1472 501 animadvertimus,
1507 451 1631 492 cum
1659 451 1769 491 non
1800 437 1958 491 aliter
1979 437 2080 490 hu-

492 544 688 586 mana:
713 537 920 582 natura:
942 527 1045 582 hoc
1073 528 1256 583 dicere
1275 529 1552 599 proprium
1583 537 1746 584 esset.
1773 527 2083 600 Omnesque

515 621 678 692 hujus
731 620 922 689 psalmi
980 621 1264 676 sententia:
1297 637 1392 676 eas
1422 630 1679 676 accurate
1727 621 2081 692 perpendenti

513 719 766 784 spectare
793 711 859 765 ad
889 709 1226 767 Salvatorem
1253 712 1528 768 videmur.

1107 845 1335 901 CAPUT
1386 845 1478 900 1X.

898 982 944 1036 E
970 984 1174 1051 psalmo
1202 985 1402 1038 decimo
1443 986 1684 1055 septimo.

580 1115 716 1170 Cum
749 1117 1038 1188 septimum
1075 1127 1127 1175 et
1160 1118 1431 1175 decimum
1469 1121 1734 1192 psalmum
1771 1137 1876 1176 non
1913 1125 2077 1178 alium

512 1209 756 1278 quemvis
792 1210 1078 1281 designare
1130 1211 1440 1266 circumcisi
1478 1221 1704 1281 putant,
1764 1215 1870 1268 nisi
1909 1213 2080 1268 Davi-

512 1299 631 1355 dem
651 1343 664 1366 ,
695 1317 760 1356 eo
793 1301 936 1372 quod
973 1302 1024 1356 id
1073 1301 1356 1371 inscriptio
1387 1302 1630 1358 indicare
1653 1303 1868 1358 videtur
1890 1345 1904 1367 ,
1950 1321 2081 1360 con-

513 1391 800 1447 fundemus
869 1409 962 1448 eos
1026 1395 1170 1450 hunc
1236 1396 1412 1450 locum
1488 1396 1626 1450 tueri
1687 1408 2077 1468 nequeuntes:

517 1504 535 1538 ι
574 1485 784 1557 Eripies
827 1502 910 1541 me
960 1487 1025 1543 de
1062 1491 1586 1544 contradictionibus
1621 1491 1843 1562 populi:
1875 1492 2078 1547 consti-

512 1587 630 1634 tues
662 1596 746 1634 me
788 1581 842 1635 in
891 1590 1052 1650 caput
1105 1583 1367 1652 gentium.
1411 1581 1684 1652 Populus,
1745 1600 1907 1655 quem
1969 1600 2076 1639 non

511 1670 776 1740 cognovi,
828 1673 1050 1725 servivit
1098 1672 1266 1725 mihi:
1307 1672 1360 1725 in
1417 1674 1604 1726 auditu
1655 1675 1804 1730 auris
1838 1673 2077 1728 obedivit

2184 436 2291 490 ἀπὸ
2316 435 2555 506 Χριστοῦ
2593 435 2777 506 φωνῆς
2803 435 3070 506 τυγχάνον
3107 436 3564 506 ἐσημειωσάμεθα,
3594 440 3679 492 ini

2187 529 2260 602 μὴ
2291 529 2464 594 ἄλλως
2502 529 2816 602 ἀνθρωπεία
2839 531 2999 601 φύσει
3027 529 3188 584 τοῦτο
3214 532 3440 600 φάσκειν
3465 532 3681 602 ἁρμόττει·

2183 624 2276 674 καὶ
2303 622 2501 686 πάντες
2519 622 2575 675 δὲ
2593 623 2643 676 οἱ
2665 623 2723 675 ἐν
2743 623 2820 693 τῷ
2840 623 3036 694 ψαλμῷ
3063 623 3208 692 λόγοι
3227 622 3306 693 τῷ
3322 623 3547 697 ἐνορῶντι
3573 627 3686 697 expi-

2187 712 2296 768 ϐῶξ
2324 714 2519 777 αὐτοὺς
2551 715 2639 766 ἐπὶ
2667 714 2758 767 τὸν
2784 716 3010 787 Σωτῆρα
3038 714 3410 787 ἀναφέρεσθαι
3440 714 3657 770 δύνανται.

2702 851 3098 906 ΚΕΦΑΛΑῘΟΝ
3137 853 3215 907 Θ’.

2780 985 3029 1055 Ψαλμοῦ
3066 983 3155 1045 ιζ’.

2266 1117 2417 1169 Ἐπεὶ
2449 1115 2543 1168 καὶ
2593 1117 2685 1168 τὸν
2732 1117 3190 1172 ἑπτακαιδέκατον
3229 1119 3440 1192 ψαλμὸν
3465 1123 3548 1176 οὐκ
3561 1123 3608 1189 ἐξ
3629 1127 3686 1180 51-

2183 1207 2274 1260 λου
2307 1207 2452 1272 τινὸς
2488 1207 2744 1277 λέγεσθαι
2772 1209 3047 1279 νομιοῦσιν
3077 1212 3126 1262 οἱ
3164 1212 3227 1264 ἐκ
3261 1214 3594 1284 περιτομῆςῆ
3628 1217 3692 1268 τοῦ

2182 1300 2364 1364 Δαυῖδ,
2397 1300 2483 1353 διὰ
2516 1300 2576 1353 τὸ
2606 1303 2698 1354 καὶ
2730 1300 2826 1371 τὴν
2854 1302 3167 1374 ἐπιγραφὴν
3198 1304 3364 1356 αὑτοῦ
3397 1305 3542 1358 τοῦτο
3568 1307 3695 1360 δοκεῖν

2182 1393 2481 1464 ἐμφαίνειν,
2509 1392 2764 1464 θλίψομεν
2795 1394 2986 1459 αὐτοὺς
3008 1395 3066 1448 οὐ
3088 1395 3420 1467 δυναμένους
3449 1398 3610 1462 σώζειν
3631 1403 3694 1452 ἐπ’

2181 1486 2346 1540 αὐτοῦ
2374 1486 2452 1548 τὸ,
2501 1503 2518 1536 ι
2570 1485 2734 1557 Ῥύσῃ
2768 1503 2834 1557 με
2864 1487 2922 1552 ἐξ
2952 1487 3259 1557 ἀντιλογίας
3289 1489 3417 1543 λαοῦ
3441 1532 3454 1554 ,
3484 1495 3690 1563 καταστή-

2184 1594 2296 1641 σεις
2320 1596 2385 1648 με
2415 1580 2495 1643 είς
2533 1578 2774 1649 κεφαλὴν
2807 1578 2994 1633 ἐθνῶν·
3021 1580 3166 1644 λαὸς,
3192 1581 3252 1633 ὂν
3277 1583 3377 1634 οὐκ
3406 1582 3692 1650 ἔγνων,

2181 1667 2338 1722 λευσέ
2361 1687 2482 1741 μοι.
2536 1672 2614 1734 είς
2642 1671 2810 1742 ἀκοὴν
2845 1670 3006 1724 ὠτίου
3054 1673 3338 1743 ὑπήκουσὲ
3372 1692 3477 1744 μοι’
3519 1677 3605 1728 uici
3633 1677 3696 1729 ἀλ-
3761 1679 3766 1686 ’

512 1763 661 1818 mihi.
699 1762 820 1818 Filii
858 1764 1018 1819 alieni
1049 1765 1258 1820 mentiti
1294 1773 1422 1820 sunt
1463 1767 1618 1830 mi'..i,
1666 1767 1758 1821 ﬁlii
1795 1768 1953 1822 alieni
1997 1769 2082 1822 in-

2185 1762 2382 1834 λοτριοι
2400 1763 2694 1832 ἐψεύσαντο
2716 1782 2826 1834 μοι,
2857 1765 2963 1818 υἱοὶ
2988 1765 3260 1837 ἀλλότριοι
3288 1767 3691 1839 ἐπαλαιώθησαν.»

512 1857 732 1911 veterati
761 1865 888 1912 sunt
917 1859 982 1912 ³⁵.
1018 1878 1035 1910 ι
1094 1858 1336 1925 Quarum
1386 1860 1529 1913 cnim
1561 1864 1799 1931 gentium
1836 1862 1887 1914 in
1923 1869 2086 1932 caput

514 1946 768 2004 Davidem
803 1951 1159 2006 constitutum
1213 1952 1500 2007 ostendere
1543 1953 1762 2017 valent,
1821 1962 1914 2007 aut
1961 1955 2086 2025 quis

512 2041 614 2097 iste
646 2043 878 2114 populus
899 2084 912 2107 ,
948 2059 1106 2114 quem
1142 2059 1248 2098 non
1277 2053 1604 2115 cognoverat
1635 2047 1788 2116 prius
1815 2088 1829 2108 .
1886 2049 2086 2118 quique

511 2147 688 2191 tamen
718 2137 764 2192 ei
795 2137 1012 2200 serviit.
1054 2138 1107 2191 in
1150 2138 1336 2191 auditu
1371 2139 1518 2194 auris
1549 2139 1810 2194 obediens
1847 2141 1928 2195 ei!
1982 2141 2084 2205 Qui

510 2237 562 2283 et
595 2231 805 2285 mentlti
847 2232 892 2284 ci
936 2230 1028 2284 ﬁlii
1060 2233 1221 2286 alieni
1251 2231 1528 2294 dicuntur,
1571 2243 1624 2287 et
1663 2235 1976 2296 inveterati,
2033 2244 2087 2290 et

510 2322 878 2378 claudicantes
909 2340 937 2378 a
970 2324 1179 2378 semitis
1203 2324 1357 2379 suis?
1385 2326 1452 2377 At
1483 2325 1638 2380 nobis
1672 2328 1804 2380 nihil
1842 2328 1999 2397 plane
2021 2344 2080 2381 ex

510 2414 577 2469 iis
601 2429 720 2485 qua:
752 2416 806 2469 in
839 2415 942 2469 hoc
988 2415 1199 2486 psalmo
1237 2415 1569 2478 referuntur,
1597 2433 1626 2470 a
1671 2434 1900 2489 persona
1931 2420 2088 2474 Chri-

511 2508 579 2561 sti
615 2495 1008 2563 detrahendum
1035 2549 1049 2569 ,
1107 2509 1196 2578 qui
1253 2511 1306 2563 in
1344 2511 1588 2580 gentium
1630 2510 1885 2567 Ecclesia:
1923 2520 2086 2582 caput

510 2601 842 2655 constitutus
872 2612 994 2667 est;
1036 2601 1288 2671 hancque
1343 2602 1683 2672 prophetiam
1709 2646 1724 2666 ,
1761 2605 1903 2658 sicut
1943 2605 2088 2658 acci—

512 2696 724 2766 pimus,
778 2694 934 2763 plane
980 2693 1254 2763 impletum
1301 2695 1566 2749 videmus.
1621 2695 1849 2749 Eramus
1905 2696 2083 2758 enim,

511 2799 730 2837 eramus
782 2798 905 2838 vere
950 2801 967 2832 ι
1016 2783 1232 2837 alienati
1288 2799 1316 2836 a
1370 2779 1728 2838 conversiOne
1781 2781 1978 2849 Israel,
2034 2793 2088 2839 et

512 2878 756 2948 hospites
775 2883 1222 2932 testamentorum
1250 2875 1626 2945 promissionis
1657 2875 1722 2940 ³⁸,
1749 2895 1768 2926 ι
1803 2883 1856 2929 et
1886 2875 2088 2931 idcirco

514 2969 671 3026 Verbi
720 2969 812 3024 Dei
861 2969 1169 3040 cognitione
1215 2968 1466 3038 indigni;
1511 2969 1604 3022 sed
1645 2986 1662 3018 ι
1709 2983 1855 3022 nunc
1883 2983 2085 3040 cogno-

512 3070 728 3121 scentes
753 3060 943 3124 Deum,
973 3061 1082 3115 imo
1116 3076 1144 3114 a
1171 3059 1280 3115 Deo
1309 3059 1509 3130 cogniti
1549 3059 1591 3090 ³⁷
1617 3077 1632 3128 ;
1667 3060 1758 3130 qui
1797 3059 2088 3130 aliquando

2186 1855 2360 1908 Ποίων
2393 1856 2501 1928 γὰρ
2524 1856 2692 1910 ἐθνῶν
2721 1859 2799 1921 είς
2840 1858 3078 1928 κεφαλὴν
3109 1861 3454 1913 καταστάντα
3478 1861 3557 1913 τὸν
3583 1860 3699 1914 Δαυῖδ

2183 1946 2357 2016 ἔχοιεν
2386 1949 2755 2019 παραστῆσαι,
2794 1949 2826 2019 ἦ
2861 1953 3011 2013 ποῖος
3045 1947 3199 2014 οὗτος
3222 1951 3373 2015 λαὸς,
3397 1953 3452 2005 ὃν
3471 1953 3556 2007 οὐκ

2185 2053 2269 2090 κει
2305 2039 2400 2107 μὲν
2431 2038 2591 2102 αὐτὸς
2620 2039 2901 2112 πρότερον,
2940 2042 3089 2112 ὅμως
3108 2041 3161 2094 δὲ
3193 2043 3502 2098 ἐδούλευσεν
3518 2045 3700 2115 αὐτῷείς

2184 2127 2386 2196 ἀκουὴν
2420 2129 2578 2180 ὠτίου
2615 2129 2931 2194 ὑπακούσας
2971 2131 3137 2201 αὐτῷ·
3172 2133 3320 2197 τίνες
3348 2135 3404 2188 δὲ
3436 2136 3578 2188 καὶοὶ
3607 2136 3697 2204 ψευ-

2185 2219 2408 2290 σάμενοι
2435 2219 2583 2290 αὐτῷ
2605 2221 2710 2274 υἱοὶ
2733 2222 2996 2293 ἀλλότριοι
3017 2222 3325 2292 λεγόμενοι,
3349 2226 3440 2278 καὶ
3457 2227 3501 2278 οἱ
3520 2226 3694 2278 minus

2185 2307 2366 2371 θέντες
2396 2309 2489 2362 καὶ
2519 2309 2857 2378 χωλάναντες
2881 2313 2988 2365 ἀπὸ
3006 2311 3115 2366 τῶν
3139 2314 3351 2385 τρίϐων
3384 2316 3573 2379 uoti-1v;

2185 2404 2314 2473 ἡμῖν
2346 2403 2455 2456 οὐδ’
2480 2404 2616 2468 ὅλως
2638 2422 2690 2458 τι
2712 2406 2820 2459 τῶν
2845 2409 2902 2460 ὲν
2935 2408 3012 2479 τῷ
3038 2408 3239 2480 ψαλμῷ
3263 2411 3552 2482 λεγομένων
3579 2428 3700 2481 προσο

2185 2495 2338 2564 κόψει
2364 2498 2427 2550 ἐκ
2461 2497 2752 2568 προσώπου
2784 2500 2878 2553 τοῦ
2904 2502 3162 2572 Χριστοῦ,
3202 2504 3302 2558 τοῦ
3343 2505 3701 2565 κατασταθέντος

2185 2589 2263 2650 εἰς
2289 2588 2528 2660 κεφαλὴν
2554 2591 2652 2660 τῆς
2677 2590 2735 2655 ἐξ
2766 2591 2932 2647 ἐθνῶν
2971 2592 3321 2666 Ἐκκλησίας,
3341 2598 3614 2666 καὶταύτην
3638 2598 3702 2648 ὲκ-

2185 2677 2518 2748 λαμϐάνουσι
2548 2681 2645 2752 τὴν
2677 2684 3008 2755 προφητείαν
3025 2685 3296 2758 θεωροῦσί
3326 2705 3384 2742 τε
3415 2688 3564 2760 αὐτὴν
3592 2692 3701 2760 ὲναρ

2186 2769 2298 2838 γῶς
2331 2771 2786 2844 πεπληρωμένηνο
2823 2771 2964 2846 ἦμεν
2989 2776 3119 2846 γὰρ,
3142 2775 3288 2850 ἦμεν
3321 2781 3524 2853 ἀληθῶς
3551 2782 3700 2850 «ἀπηλ-

2185 2859 2538 2932 λοτριωμένοι
2564 2865 2663 2935 τῆς
2695 2865 2968 2930 πολιτείας
2993 2867 3086 2921 τοῦ
3121 2869 3365 2943 Ἰσραὴλ,
3390 2875 3476 2926 καὶ
3493 2874 3608 2940 ξένοι
3628 2873 3700 2925 τῶν

2186 2951 2457 3024 διαθηκῶν
2484 2959 2582 3027 τῆς
2614 2958 2964 3027 ἐπαγγελίας,
3001 2979 3018 3012 ι
3070 2964 3161 3015 καὶ
3195 2964 3285 3016 διὰ
3331 2965 3484 3019 τοῦτο
3504 2967 3568 3038 μὴ
3601 2967 3698 3031 ἄξιοι

2187 3044 2288 3114 τῆς
2307 3045 2402 3100 τοῦ
2430 3046 2589 3117 λόγου
2613 3049 2706 3103 τοῦ
2734 3050 2868 3105 Θεοῦ
2903 3052 3175 3120 γνώσεως·
3215 3056 3354 3110 ἀλλὰ
3386 3077 3402 3108 ι
3425 3058 3513 3112 νῦν
3539 3057 3697 3126 γνόντες

511 3169 730 3213 eramus
783 3155 974 3225 longe,
1014 3151 1140 3207 facti
1182 3167 1372 3206 sumus
1427 3165 1592 3222 prope
1623 3152 1688 3216 ³⁸,
1727 3171 1760 3224 ι,
1781 3159 1834 3206 et
1862 3152 2082 3206 servivi-

2188 3137 2340 3202 Θεὸν,
2367 3139 2564 3210 μᾶλλον
2579 3141 2636 3193 δὲ
2657 3118 2989 3210 γνωσθέντες
3021 3147 3111 3200 ὑπ’
3133 3148 3325 3212 αὑτοῦ,
3353 3169 3371 3201 ι
3394 3118 3592 3221 ήμεῖςοί

512 3264 636 3304 mus
674 3263 774 3304 nos
820 3247 948 3302 olim
983 3261 1089 3300 non
1131 3245 1504 3316 cognoscenti,
1535 3253 1588 3300 et
1625 3245 1678 3300 in
1710 3246 1896 3299 auditu
1937 3244 2086 3299 auris

510 3341 850 3398 obedivimus
880 3341 950 3404 ei,
979 3347 1202 3410 accepto
1242 3339 1364 3394 novi
1387 3338 1718 3396 Testamenti
1747 3338 1868 3408 ejus
1897 3338 2082 3401 verbo,

511 3434 656 3506 quod
687 3435 739 3488 in
766 3450 868 3490 nos
899 3432 1116 3488 infudit.
1151 3431 1282 3488 Mire
1311 3439 1489 3488 autem
1522 3439 1645 3504 post
1673 3430 1826 3496 illud,
1859 3449 1876 3482 ι
1915 3447 2086 3502 popu-

511 3525 598 3581 lus
630 3540 789 3597 quem
818 3541 924 3581 non
960 3525 1208 3596 cognovi,
1244 3526 1467 3581 servivit
1501 3527 1654 3594 mihi,
1693 3546 1710 3578 ι
1746 3535 1800 3582 et
1832 3537 1953 3598 post
1991 3544 2086 3582 vo-

511 3620 778 3674 cationem
809 3626 1084 3682 nostram,
1123 3624 1355 3674 veterem
1399 3617 1736 3690 Synagogam
1785 3619 1962 3674 innuit
1998 3619 2085 3675 his

511 3715 734 3770 verbis:
774 3732 790 3763 ι
841 3712 960 3767 Filii
1021 3713 1180 3766 alieni
1242 3711 1450 3766 mentiti
1513 3719 1640 3766 sunt
1699 3711 1851 3775 mihi,
1905 3731 1922 3763 ι
1967 3729 2086 3782 qua:

512 3808 652 3863 idem
684 3816 881 3861 sonant
911 3821 991 3869 ac,
1037 3824 1054 3855 ι
1104 3804 1270 3860 Filios
1308 3804 1541 3858 cnutrivi
1575 3811 1628 3858 et
1667 3804 1897 3858 exaltavi
1925 3846 1940 3870 ,
1984 3807 2083 3877 ipsi

511 3909 691 3955 autem
745 3905 1064 3970 spreverunt
1105 3912 1188 3951 me
1237 3897 1302 3951 δ’.
1357 3915 1374 3948 ι
1437 3895 1530 3951 Isti
1583 3903 1762 3950 autem
1804 3897 2081 3954 inveterati

511 4008 639 4050 sunt
664 3993 1036 4048 claudicantes
1079 3991 1132 4045 in
1165 3990 1376 4045 semitis
1411 3991 1546 4054 suis,
1581 3997 1633 4045 et
1667 3989 1761 4044 Dei
1805 3990 2082 4045 Christum

511 4103 619 4142 non
655 4086 1021 4156 accipientes:
1073 4084 1163 4153 qui
1213 4083 1280 4137 ab
1320 4083 1400 4139 eis
1448 4083 1714 4152 rejectus,
1749 4090 2082 4139 constitutus

510 4189 592 4235 est
625 4196 654 4234 a
675 4179 838 4236 Patre
876 4179 930 4233 in
954 4187 1115 4248 caput
1141 4176 1514 4238 servientium,
1545 4185 1598 4231 et
1626 4176 1680 4230 in
1705 4176 1892 4230 auditu
1931 4179 2081 4231 auris

509 4271 876 4327 obedientium
928 4271 974 4324 ei
1035 4269 1275 4339 gentium
1309 4308 1323 4333 ,
1388 4267 1688 4323 secundum
1739 4269 2079 4339 prophetiam

510 4366 645 4419 alias
673 4365 993 4418 dicentem:
1057 4381 1075 4412 ι
1133 4360 1388 4431 Lapidem
1440 4376 1598 4431 quem
1653 4362 2080 4431 reprobaverunt

507 4455 858 4518 aediﬁcantes,
878 4456 966 4508 hic
980 4455 1155 4510 factus
1171 4463 1253 4510 est
1271 4454 1323 4508 in
1339 4463 1499 4524 caput
1513 4454 1693 4524 anguli
1709 4453 1771 4506 ⁵ο.
1788 4473 1805 4504 ι
1825 4452 1962 4507 Ριιιο
1977 4469 2044 4507 au
2057 4484 2076 4493 -
2109 4470 2156 4527 ο

509 4554 617 4600 tein
649 4543 988 4597 divinitatem
1028 4540 1339 4612 Christique
1366 4542 1430 4596 ad
1473 4543 1718 4598 homines
1751 4543 2076 4598 descensum

509 4638 700 4710 primis
755 4636 948 4706 psalmi
999 4635 1280 4689 versiculis
1321 4636 1574 4702 ostendi;
1625 4651 1744 4706 qua:
1793 4621 2079 4707 mysterio-

510 4731 627 4786 sius
657 4729 801 4784 dicta
845 4744 952 4782 non
996 4727 1346 4782 adventitiain
1403 4736 1456 4782 et
1489 4728 1791 4782 breviorem
1827 4728 2079 4798 explana-

509 4825 711 4880 tionem
743 4823 1136 4883 desiderareut.
1186 4823 1484 4893 prtesertim
1523 4823 1575 4875 in
1610 4823 1709 4876 hoc
1741 4823 1896 4875 loco:
1936 4841 1953 4870 ‹
1992 4819 2076 4874 ln-

507 4915 732 4970 clinavit
758 4916 925 4970 cmlos
964 4923 1015 4968 et
1044 4913 1364 4976 descendit,
1411 4922 1464 4965 et
1506 4913 1680 4983 caligo
1719 4913 1820 4967 sub
1851 4913 2078 4982 pedibus

507 5006 650 5073 ejus.
677 5013 730 5059 et
771 5005 1016 5059 ascendit
1050 5021 1213 5074 super
1233 5003 1528 5058 Cberubim
1567 5011 1619 5057 et
1649 5003 1847 5056 volavit
1877 5021 1890 5057 :
1931 5004 2080 5056 vola-

510 5096 588 5148 vit
621 5111 785 5165 super
813 5109 1019 5162 pennas
1046 5103 1330 5147 ventorum
1366 5093 1429 5144 “.
1465 5113 1481 5143 ι
1519 5091 1648 5158 Qum
1673 5101 1976 5163 sequuntur
2011 5093 2076 5146 ad

509 5188 604 5244 Dei
640 5189 871 5244 Verbum
899 5196 1164 5257 spectant.

580 5602 626 5634 “
660 5599 805 5654 Psal.
872 5619 994 5664 xw,
1058 5605 1110 5657 5.
1188 5605 1230 5634 ⁸⁸
1268 5602 1412 5657 Psal.
1466 5617 1608 5664 xv".
1644 5603 1835 5659 45-46.

510 5675 552 5707 υ
583 5672 685 5727 lsa.
720 5685 756 5734 ι,
794 5669 842 5724 2.
923 5674 974 5706 ιο
1010 5672 1453 5738 Psal.cxvu,22.

1943 5605 1986 5635 ³⁸
2023 5603 2224 5676 Ephes.
2288 5625 2325 5662 Il
2353 5648 2366 5674 ,
2405 5608 2489 5664 12.

1533 5673 1573 5704 ⁶¹
1616 5673 1759 5732 Psal.
1795 5691 1928 5735 xvii,
1968 5673 2175 5734 £0.7H.

2185 3229 2338 3294 ὄντες
2359 3232 2576 3303 μακρὰν
2606 3233 2944 3305 ἐγενήθημεν
2972 3238 3155 3305 ἐγγὺς,
3201 3259 3219 3291 ι
3253 3240 3348 3292 καὶ
3379 3239 3698 3308 ἐδουλεύσαρεν

2185 3320 2263 3391 τῷ
2299 3321 2464 3376 πάλαι
2494 3323 2568 3395 μὴ
2596 3324 2776 3393 γνόντι
2803 3327 2969 3396 μᾶς,
3003 3330 3098 3382 καὶ
3123 3331 3203 3393 είς
3228 3331 3397 3402 ἀκοὴν
3426 3331 3570 3383 ὠτίου

2187 3411 2460 3483 κούσαμεν
2485 3414 2650 3486 αὐτῷ,
2681 3417 3111 3488 παραδεξάμενοι
3146 3421 3238 3474 τὸν
3279 3423 3379 3493 τῆς
3417 3423 3584 3490 καινῆς
3607 3424 3693 3472 Δια·

2185 3503 2358 3576 θήκης
2388 3506 2552 3560 αὐτοῦ
2579 3507 2753 3576 λόγον,
2786 3510 2842 3561 ὃν
2861 3509 3225 3583 διέθετοπρὸς
3250 3517 3415 3585 ἡμᾶς.
3437 3513 3693 3582 Θαυμασίοις

2184 3593 2241 3646 δὲ
2277 3597 2415 3664 μετὰ
2446 3597 2524 3663 τὸ,
2562 3617 2579 3648 ι
2618 3597 2764 3663 λαὸς.
2809 3600 2867 3653 ὃν
2895 3601 2994 3654 οὑκ
3015 3602 3184 3670 ἔγνων
3209 3648 3224 3670 ,
3276 3605 3540 3658 ἐδούλευσέ
3577 3619 3690 3674 pot,»

2185 3689 2279 3741 καὶ
2306 3688 2401 3758 τὴν
2418 3691 2545 3761 περὶ
2567 3691 2722 3762 ἡμῶν
2757 3693 2946 3764 κλῆσιν
2976 3695 3042 3748 τὰ
3068 3696 3200 3767 περὶ
3223 3697 3326 3768 τῆς
3347 3699 3587 3769 προτέρας
3603 3695 3691 3747 Συν-

2184 3781 2404 3850 αγωγῆς
2443 3783 2711 3836 ἐκτίθεται
2751 3785 2838 3839 διὰ
2886 3785 3002 3849 τοῦ,
3062 3805 3080 3838 ι
3136 3788 3253 3841 Υἱοὶ
3304 3789 3549 3860 ἀλλότριοι
3583 3784 3692 3854 etsi:-

2187 3871 2344 3924 σαντό
2374 3889 2483 3942 μοι,
2525 3894 2542 3924 ι
2593 3876 2948 3947 ἰσοδυναμοῦν
2973 3878 3052 3948 τῷ
3072 3919 3085 3942 ,
3127 3898 3146 3930 ι
3180 3881 3344 3945 Υίοὺς
3380 3883 3608 3951 ἐγέννησα
3627 3877 3691 3930 καὶ

2186 3962 2394 4032 ὓψωσα,
2416 3966 2568 4019 αὐτοὶ
2602 3967 2656 4020 δέ
2685 3985 2750 4038 με
2766 3968 3054 4043 ἠθέτησαν·
3077 3991 3096 4022 ι
3118 3967 3262 4026 οὗτοι
3287 3974 3345 4027 δὲ
3373 3976 3459 4027 καί
3486 3966 3687 4024 ἐπαλαιὼ·

2185 4055 2352 4125 θησαν
2383 4058 2721 4127 χωλάναντες
2747 4061 2854 4115 ἀπὸ
2883 4046 2990 4116 τῶν
3006 4065 3208 4135 τρίϐων
3232 4067 3427 4128 αὐτῶν,
3444 4067 3525 4118 καὶ
3623 4078 3687 4113 πι-

2186 4145 2534 4218 ραδεξάμενοι
2564 4150 2656 4203 τὸν
2681 4152 2912 4223 Χριστὸν
2940 4154 3035 4208 τοῦ
3058 4155 3291 4221 Θεοῦ,δς
3311 4151 3687 4224 ἀποδοκιμασθεξ

2183 4239 2274 4291 ὑπ’
2303 4239 2479 4294 αὐτῶν
2526 4243 2826 4315 κατεστάθη
2869 4245 2972 4299 ὑπὸ
3009 4247 3104 4300 τοῦ
3151 4249 3364 4320 nam;
3403 4252 3475 4312 είς
3508 4242 3686 4314 κεφαλὴν

2181 4330 2288 4384 τῶν
2315 4331 2714 4388 δουλευσάντων
2733 4377 2747 4399 ,
2796 4339 2889 4391 καὶ
2914 4340 2992 4402 εἰς
3032 4340 3199 4411 ἀκοὴν
3229 4342 3388 4395 ὠτίου
3423 4335 3686 4393 ὑπακουσάν-

2181 4439 2288 4476 των
2325 4424 2471 4495 αὐτῷ
2512 4426 2710 4491 ἐθνῶν,
2736 4429 2874 4482 κατὰ
2908 4431 3004 4500 τὴν
3031 4431 3256 4503 ἑτέρωθι
3288 4433 3568 4504 φάσκουσαν
3595 4442 3683 4494 πρ)-

2183 4515 2429 4582 φητείαν,
2460 4534 2478 4566 ι
2509 4515 2688 4579 Λίθον,
2729 4518 2787 4571 ὃν
2821 4521 3232 4592 ἀπεδοκίμασαν
3253 4528 3301 4578 oi
3332 4520 3682 4591 οἰκοδομοῦντες.

2180 4601 2333 4671 οὗτος
2363 4609 2588 4682 ἐγενήθη
2625 4613 2704 4674 είς
2733 4613 2971 4686 κεφαλὴν
2996 4616 3218 4682 γωνίας.
3251 4637 3270 4668 ι
3301 4613 3454 4688 Οἶμαι
3483 4615 3529 4667 δὲ
3549 4612 3620 4665 καὶ
3638 4607 3680 4658 τὰ

2183 4699 2309 4768 περὶ
2340 4699 2439 4769 τῆς
2468 4701 2714 4774 θεότητος
2736 4706 2830 4758 καί
2857 4706 2955 4776 τῆς
2973 4710 3053 4772 εἰς
3068 4709 3386 4782 ἀνθρώπους
3408 4705 3679 4762 καταϐάσεως

2183 4792 2346 4846 αὑτοῦ
2376 4795 2432 4846 ἐν
2462 4798 2570 4858 τοῖς
2611 4796 2846 4868 πρώτοις
2870 4799 3160 4871 δηλοῦσθαι
3187 4803 3282 4857 τοό
3323 4800 3520 4874 ψαλμοῦ
3544 4815 3554 4827 ·
3581 4795 3678 4860 ἄτερ

2181 4883 2242 4934 οὐ
2264 4883 2363 4952 τῆς
2405 4886 2462 4936 ἐν
2496 4887 2758 4959 παρέργῳ
2797 4891 2890 4942 καὶ
2931 4890 3252 4966 παραδρομῇ
3283 4895 3434 4948 δέοιτ’
3462 4892 3519 4945 ἂν
3543 4883 3676 4955 ἐξηγή-

2184 4990 2320 5036 σεως
2339 4975 2480 5047 ἁποῤ
2487 4977 2675 5046 ῥητότε
2683 4994 2772 5048 ρον
2789 4981 2834 5031 εἰ
2843 4997 2908 5052 ρη
2918 4981 3070 5051 μέναο
3087 4977 3174 5036 οἷά
3189 4986 3331 5037 ἐστιν
3349 4983 3449 5038 ἀπὸ
3461 4980 3558 5039 τοῦ,
3581 4971 3674 5027 (καῖ

2182 5058 2388 5116 ἔκλινεν
2418 5067 2677 5136 οὐρανοὺς
2722 5071 2811 5122 καὶ
2843 5071 3046 5145 κατέϐη
3069 5115 3082 5137 ,
3119 5075 3212 5127 καὶ
3261 5077 3445 5145 γνὸσος
3475 5071 3563 5125 ὑπὸ
3589 5067 3672 5123 τοὺς

2184 5155 2346 5219 πόδας
2372 5157 2558 5212 αὑτοῦ·
2594 5162 2685 5212 καὶ
2713 5162 2879 5234 ἐπέϐη
2909 5165 2999 5217 ἐπὶ
3026 5167 3286 5238 Χερουϐὶν
3319 5169 3409 5221 καὶ
3435 5157 3670 5224 imiimi

2186 5247 2457 5318 ἐπετὰσθη
2501 5250 2593 5302 ἐπὶ
2625 5253 2909 5322 πτερύγων
2959 5256 3194 5326 ἀνέμων·
3234 5279 3252 5309 ι
3289 5256 3488 5311 καὶΰσα
3519 5249 3668 5303 τούτοις

2188 5341 2578 5411 παωπὶ-ησίως
2607 5347 2696 5397 ἐπὶ
2722 5347 2813 5398 τὸν
2833 5347 2925 5401 τοῦ
2955 5348 3090 5402 Θεοῦ
3115 5351 3281 5420 Λόγον
3302 5348 3604 5416 ἀναφέρεται.

2603 5610 2644 5643 ⁸⁷
2687 5609 2866 5669 Galat.
2929 5614 3093 5680 IV,'9.
3170 5617 3216 5649 ³⁸
3255 5615 3438 5688 Ephes.
3487 5623 3552 5676 tt.
3603 5601 3659 5659 εδ·
