3936 6206
272 574 280 654 ἓ

313 319 461 378 1105

871 439 1264 496 ΚΕΦΑΛΑΙΟΝ
1306 444 1361 500 1’.

915 553 1160 623 Ψαλμοῦ
1205 555 1298 623 ιη’.

393 681 414 717 t
445 665 562 718 Οὔκ
587 667 693 718 sisi.
719 666 899 722 λαλιαλ¹
922 669 1042 722 οὐδὲ
1075 671 1244 739 λόγοι,
1275 664 1348 726 ὧν
1372 675 1493 744 ούχὶ
1522 676 1806 731 ἀκούονται
1841 679 1896 731 αί

317 759 493 828 φωναὶ
524 759 726 813 αὐτῶν.
755 761 848 824 Εἰς
878 763 1055 815 πᾶσαν
1078 763 1173 834 τὴν
1205 764 1307 835 γῆν
1343 766 1562 836 ἐξῆλθεν
1597 771 1625 823 6
1664 769 1895 840 φθόγγος

317 849 515 915 αὐτῶν,
552 851 646 904 καί⁵
673 854 754 916 είς
786 853 852 906 τὰ
885 854 1096 924 πέρατα
1124 856 1222 925 τῆς
1244 859 1568 932 οἰκουμένης
1597 861 1664 914 τὰ
1681 865 1896 934 ῥήματα

320 942 516 996 αὐτῶν.
567 963 585 993 ι
620 943 897 1014 Ζητοῦμεν
925 946 1084 999 τίνων
1111 950 1191 1012 είς
1217 951 1392 1003 πᾶσαν
1417 951 1512 1023 τὴν
1545 953 1646 1023 γῆν
1677 955 1894 1025 ἐξῆλθεν

311 1035 346 1086 6
378 1032 631 1103 φθόγγος,
663 1034 757 1086 καὶ
787 1035 853 1088 τά
884 1037 1103 1108 ῥήματα
1139 1038 1243 1103 ἕως
1275 1040 1383 1094 τῶν
1416 1044 1666 1115 περάτων
1697 1047 1889 1116 τῆςείῖ.

323 1125 417 1190 2|,
437 1125 511 1197 v°)
537 1127 878 1200 οἰκουμένης,
904 1128 978 1194 ὡς
1006 1131 1079 1203 μὴ
1105 1134 1723 1206 καταλελεῖφθαιλόγους
1746 1143 1894 1212 παρὰ

310 1233 426 1269 τισι
452 1218 544 1270 καὶ
571 1217 761 1282 λαλιὰς
791 1220 920 1290 παρ’
950 1215 1030 1286 οἷς
1063 1225 1162 1277 οὐκ
1197 1225 1545 1298 ἡκούσθησαν
1567 1229 1660 1282 καὶ
1689 1232 1745 1283 αἱ
1774 1232 1893 1284 τού-

310 1324 426 1360 των
455 1309 644 1376 φωναί·
697 1309 809 1362 ἀλλ’
856 1312 956 1364 οὐκ
1006 1313 1072 1367 ἂν
1111 1313 1222 1384 ἔχοι
1262 1319 1343 1379 τις
1375 1319 1593 1390 ἑτέρους
1631 1323 1891 1388 ἐπιδεῖξαι

310 1399 424 1453 τῶν
453 1401 610 1472 ἱερῶν
632 1403 960 1472 ἀποστόλων,
993 1407 1072 1470 είς
1093 1406 1190 1471 οὓς
1214 1409 1245 1479 ἡ
1273 1412 1575 1481 προφητεία
1604 1416 1893 1488 πεπλήρω-

309 1507 403 1544 ται
430 1491 712 1563 διαὸοήτου
741 1495 840 1565 τῆς
869 1497 996 1567 περὶ
1029 1497 1122 1549 τοῦ
1158 1499 1392 1568 Χριστοῦ
1422 1501 1766 1568 διδασκαλίας
1793 1507 1890 1559 αύ-

311 1585 422 1638 τῶν
457 1587 536 1648 είς
570 1587 747 1640 πᾶσαν
771 1587 866 1658 τὴν
897 1590 986 1642 ὑπ’
1011 1590 1236 1662 οὐρανὸν
1256 1594 1571 1666 γενομένης,
1599 1597 1686 1650 ὅτε
1713 1601 1891 1652 ἐνεπι-

308 1678 609 1749 δημοῦντες
632 1680 710 1751 τῷ
734 1681 832 1752 βίῳ
857 1683 992 1753 μετὰ
1012 1684 1112 1754 τῆς
1137 1683 1503 1760 συνεργούσης
1523 1691 1705 1756 αὐτοῖς
1729 1693 1889 1748 δυνά-

1353 331 1434 389 EC
1452 334 1656 393 LOGE
1699 337 2182 399 PROPHETICIE.
2225 374 2292 383 —
2329 343 2459 401 LIB.
2497 344 2578 413 [LI

1929 473 1976 527 Α

3441 351 3574 407 H06

2638 454 2868 516 CAPUT
2906 459 2948 512 Χ

2415 571 2464 626 Ε
2496 575 2702 643 psalmo
2740 587 2920 631 octavo
2953 571 3172 632 dicitur).

2076 704 2093 734 ι
2135 685 2246 740 Non
2273 697 2396 741 sunt
2422 688 2683 758 loquelze,
2737 707 2910 760 neque
2959 707 3236 747 sermones
3263 731 3278 754 ,
3337 709 3568 764 quorum

2001 794 2106 832 non
2168 780 2463 834 audiantur
2511 798 2668 837 voces
2718 799 2924 840 eorum.
2981 787 3041 839 ln
3102 801 3316 840 omnem
3368 793 3567 842 terram

1997 871 2162 925 exivit
2194 888 2364 927 sonus
2413 888 2623 936 eorum.
2650 883 2704 930 et
2754 876 2808 930 in
2841 877 2972 932 lines
3016 877 3165 932 orbis
3193 885 3348 933 terra:
3403 879 3566 933 verba

1995 977 2183 1017 eorum
2220 963 2284 1015 δ’.
2325 985 2341 1015 ι
2373 964 2677 1030 Quini-imus
2717 983 2946 1038 quorum
2999 970 3052 1023 in
3095 985 3308 1024 omnem
3363 978 3564 1025 terram

1995 1055 2160 1109 exivit
2187 1071 2376 1120 sonus,
2406 1059 2678 1128 verbaque
2717 1060 2770 1114 in
2804 1060 2936 1116 lines
2982 1061 3130 1117 orbis
3157 1070 3313 1118 terra:
3337 1103 3351 1124 ,
3385 1079 3453 1118 ne
3483 1080 3563 1119 re-

1997 1146 2312 1216 linquantur
2343 1150 2670 1220 quihusdam
2727 1154 2952 1222 loquelae
2984 1161 3036 1209 et
3077 1171 3356 1211 sermones
3384 1197 3399 1221 ,
3443 1156 3536 1226 qui
3625 1199 3636 1216 .

1997 1240 2100 1295 bus
2145 1257 2252 1296 non
2295 1230 2492 1298 audita:
2548 1246 2658 1298 sint
2706 1247 2936 1302 istorum
2981 1264 3160 1302 voces.
3209 1248 3388 1320 Neque
3423 1250 3562 1304 ullos

1996 1331 2129 1387 alios
2161 1333 2467 1390 invenimus
2517 1352 2579 1390 ac
2613 1345 2832 1393 sanctos
2877 1341 3186 1409 apostolos,
3228 1341 3424 1411 quibus
3463 1342 3560 1395 im-

1994 1421 2172 1492 pletur
2227 1425 2507 1495 prophetia
2542 1467 2556 1491 ,
2624 1429 2936 1499 pervulgata
3000 1431 3055 1483 in
3101 1445 3315 1485 omnem
3360 1439 3562 1486 terram

1993 1529 2178 1569 eorum
2215 1516 2282 1571 de
2317 1516 2538 1572 Christe
2565 1519 2846 1582 doctrina,
2895 1537 3018 1576 cum
3049 1525 3197 1577 omni
3226 1525 3335 1577 vita
3386 1540 3542 1594 perer

1994 1616 2198 1674 rantes,
2223 1609 2513 1680 adjuvante
2541 1627 2634 1668 eos
2689 1623 2953 1682 potestate
2993 1615 3198 1679 divina,
3230 1631 3326 1687 per
3348 1616 3563 1672 univer-

1992 1717 2112 1756 sum
2136 1703 2321 1758 orbem
2353 1712 2621 1760 terrarum
2651 1705 2806 1762 ﬁdem
2841 1709 2895 1762 in
2931 1707 3207 1764 Christum
3248 1707 3341 1764 Dei
3371 1709 3563 1780 praedi-

317 1787 464 1840 μεως
490 1770 638 1835 Θείας
671 1772 776 1826 ἀνὰ
803 1776 980 1828 πᾶσαν
1009 1775 1105 1846 τὴν
1127 1778 1447 1852 οἰκουμένην
1477 1783 1778 1854 ἐκήρυσσον
1793 1785 1877 1857 τὴπ.

1991 1804 2272 1851 caverunt.
2325 1795 2398 1852 De
2433 1815 2542 1868 quo
2594 1809 2716 1869 post
2769 1801 3144 1871 pra-visionem
3195 1803 3563 1872 apostolorum

307 1864 393 1926 είς
422 1864 511 1916 τὸν
543 1863 772 1936 Χριστὸν
817 1865 910 1920 τοῦ
949 1867 1083 1922 Θεοῦ
1118 1870 1350 1924 πίστινν
1377 1875 1504 1945 περὶ
1535 1867 1595 1926 οὗ
1631 1876 1766 1946 μετὰ
1790 1879 1890 1950 τὴν

309 1956 616 2028 πρόρρησιν
660 1959 754 2013 τοῦ
799 1960 906 2014 τῶν
961 1963 1270 2017 ἀποστόλων
1324 1967 1485 2019 αὐτοῦ
1537 1968 1888 2041 κηρύγματος

304 2047 437 2119 ἑξῆς
470 2052 499 2102 6
531 2050 684 2118 λόγος
716 2051 975 2117 διδάσκει,
1001 2055 1074 2119 ὼς
1103 2057 1212 2128 ἄρα
1246 2076 1264 2108 ι
1300 2059 1358 2110 ὲν
1383 2057 1460 2128 τῷ
1485 2059 1618 2131 ἡλίῳ
1647 2063 1798 2117 ἔθετο
1827 2065 1888 2118 τὸ

309 2145 575 2212 σκήνωμα
609 2143 776 2196 αὑτοῦ
799 2161 810 2172 ·
853 2163 869 2196 ι
905 2146 1056 2217 ἡλίου
1081 2149 1367 2218 νοουμένου
1393 2150 1491 2220 τῆς
1513 2151 1784 2224 θεότητος,
1808 2157 1888 2220 είς

307 2233 376 2302 ἠν
403 2233 502 2305 τὴν
533 2235 723 2288 ἑαυτοῦ
761 2237 926 2308 μονὴν
967 2238 1062 2291 καὶ
1117 2239 1216 2310 τὴν
1263 2241 1423 2294 οἱονεὶ
1473 2245 1885 2315 κατασκήνωσιν

307 2318 480 2385 ἔθετο,
531 2323 562 2392 ἢ
598 2324 694 2376 καὶ
738 2325 875 2397 ὅπερ
922 2327 986 2380 ἐκ
1027 2327 1128 2397 τῆς
1173 2329 1451 2402 Παρθένου
1500 2331 1655 2386 ἔλαϐε
1707 2334 1884 2406 σῶμα,

307 2412 449 2484 ὅπερ
473 2409 541 2484 ἦν
572 2415 812 2488 ὡσπερεὶ
843 2419 1108 2490 σκήνωμα
1137 2421 1236 2492 τῆς
1281 2422 1340 2474 ἐν
1369 2423 1519 2496 αύτῷ
1551 2427 1885 2496 καταμενού-

307 2520 411 2575 σης
433 2504 581 2570 Θείας
603 2506 902 2580 δυνάμεως
936 2503 1087 2574 οὗτος
1111 2511 1168 2564 δὲ
1199 2514 1291 2566 καὶ
1318 2514 1533 2586 «ὥσπερ
1547 2517 1778 2587 νυμφίος
1801 2521 1886 2573 ἐκ-

305 2599 666 2670 πορευόμενος
688 2603 751 2655 ἐκ
775 2603 977 2657 παστοῦ
1013 2605 1200 2670 αὐτοῦ,
1238 2606 1597 2676 ἠγαλλιάσατο
1619 2609 1692 2673 ὡς
1723 2610 1882 2680 γίγας

302 2691 532 2764 δραμεῖν
553 2696 692 2749 ὁδόν·
720 2691 953 2771 ιοῖαγάρ
975 2717 1056 2764 τις
1083 2702 1315 2772 νυμφίος
1335 2702 1422 2756 διὰ
1445 2705 1542 2776 τὴν
1569 2706 1730 2760 αὑτοῦ
1747 2707 1881 2778 νύμ-

306 2803 415 2856 φην
447 2787 546 2856 τὴν
585 2790 908 2861 Ἐκκλησίαν
937 2791 1123 2847 ἐκτῶν
1149 2795 1428 2866 πατρικῶν
1443 2799 1732 2863 διαναστὰς
1761 2800 1882 2853 κόλ-

305 2894 443 2942 πων,
479 2880 572 2935 καὶ
611 2885 768 2937 όποῖά
813 2901 896 2948 τις
939 2885 1100 2954 γίγας
1133 2886 1372 2956 ἀνδρεῖος
1409 2889 1502 2942 καὶ
1549 2890 1763 2961 ίσχυρός
1789 2891 1880 2944 τόν

304 2973 491 3041 ἀγῶνα
513 2975 605 3029 τόν
635 2978 987 3048 προκείμενον
1027 2979 1174 3050 αὐτῷ
1219 2980 1539 3053 διαθλήσας,
1569 2987 1793 3056 νικήσας
1819 3003 1877 3038 τε

305 3066 400 3119 καὶ
422 3071 934 3141 καταγωνισάμενος
974 3073 1097 3134 τοὺς
1130 3067 1454 3138 ἀντιπάλους
1473 3116 1486 3138 ,
1515 3077 1878 3146 ἠγαλλιάσατο

1991 1886 2111 1954 ejus
2144 1887 2562 1954 praedicationis,
2593 1892 2857 1946 continuo
2891 1892 3174 1962 Scriptura
3221 1893 3399 1958 docet,
3419 1894 3564 1964 quod

1995 1997 2013 2030 ι
2055 1978 2108 2032 in
2141 1980 2254 2034 sole
2293 1982 2475 2052 posuit
2513 1983 2926 2044 tabernaculum
2959 2000 3116 2040 suum
3145 1985 3229 2053 ⁸³;
3269 2005 3288 2038 ι
3321 1987 3404 2041 sol
3450 1985 3564 2041 dei-

1987 2079 2150 2126 tatem
2183 2073 2380 2136 innuit,
2408 2075 2463 2128 in
2490 2090 2595 2144 qua
2627 2075 2808 2131 sedem
2840 2091 3001 2132 suam
3038 2085 3092 2132 et
3117 2079 3276 2149 quasi
3313 2080 3564 2135 taberna-

1987 2163 2170 2218 culum
2203 2166 2404 2234 posuit,
2435 2167 2520 2222 vel
2548 2167 2694 2237 quod
2723 2183 2787 2224 ex
2820 2168 3044 2240 Virgine
3069 2173 3304 2240 sumpsit
3343 2188 3560 2243 corpus.

1985 2257 2128 2326 quod
2165 2260 2320 2327 quasi
2353 2259 2764 2315 tabernaculum
2795 2269 2912 2318 erat
2957 2262 3157 2319 divina:
3190 2268 3475 2334 potestatis
3507 2266 3562 2320 in

1984 2362 2049 2402 eo
2085 2354 2473 2418 permanentis.
2520 2349 2622 2407 Hic
2653 2359 2706 2408 et
2743 2371 2762 2404 ι
2801 2362 3056 2424 tauquam
3087 2371 3323 2426 sponsus
3372 2371 3554 2426 proce-

1983 2438 2120 2496 dens
2147 2441 2214 2496 de
2244 2443 2484 2498 thalamo
2533 2459 2667 2512 suo;
2707 2447 2999 2502 exsultavit
3045 2459 3104 2502 ut
3139 2449 3290 2520 gigas
3334 2449 3401 2504 ad
3433 2464 3562 2504 cur-

1983 2533 2208 2588 rendam
2234 2534 2374 2590 viam
2406 2535 2471 2590 “.
2510 2556 2528 2588 ›
2569 2537 2640 2593 Ut
2685 2538 2831 2594 enim
2886 2555 3124 2611 sponsus
3177 2541 3248 2595 ob
3298 2556 3558 2612 sponsam

1983 2625 2155 2696 ipsius
2187 2625 2482 2684 Ecelesiam
2514 2644 2544 2684 e
2570 2631 2749 2700 patrio
2771 2646 3075 2702 exsurgens
3109 2633 3231 2687 sinu
3256 2672 3271 2695 ,
3315 2642 3370 2688 et
3400 2634 3557 2703 quasi

1982 2719 2158 2774 virilis
2193 2721 2560 2792 robustusque
2593 2723 2744 2794 gigas
2785 2731 3063 2780 certamen
3091 2726 3192 2781 sibi
3221 2727 3558 2796 propositum

1981 2813 2252 2876 certavit,
2285 2815 2600 2886 victorque,
2653 2825 2708 2872 et
2740 2820 3032 2888 prostratis
3066 2820 3422 2882 adversariis.
3462 2837 3559 2876 ex-

1980 2904 2204 2958 sultavit
2245 2907 2349 2960 tori
2386 2908 2590 2963 sociam
2636 2925 3002 2981 sponsamque
3047 2911 3343 2981 excipiens.
3395 2910 3558 2967 Facn

1979 3006 2062 3052 est
2091 3006 2270 3054 autem
2303 3019 2321 3052 ι
2372 3017 2401 3054 a
2435 3019 2652 3059 summo
2679 3007 2820 3062 cmlo
2861 3008 3106 3078 egressio
3147 3006 3266 3076 ejus
3309 3006 3391 3069 “;
3450 3025 3468 3058 ι
3505 3014 3558 3062 et

1978 3103 2212 3146 rursus:
2250 3111 2268 3143 ι
2332 3091 2398 3146 Et
2439 3110 2704 3153 occursus
2759 3099 2878 3169 ejus
2933 3114 3104 3169 usque
3157 3100 3222 3154 ad
3284 3113 3554 3152 summum

301 3155 400 3226 τὴν
425 3157 590 3210 αὐτοῦ
632 3159 862 3228 σύζυγον
900 3179 957 3214 τε
994 3163 1086 3215 καὶ
1118 3162 1334 3234 νύμφην
1371 3165 1676 3222 ἀπολαϐών*
1716 3173 1872 3240 γεγέ-

1987 3181 2091 3250 ejus
2121 3181 2206 3249 Ι’⁶;
2248 3204 2267 3235 ι
2299 3193 2353 3239 et
2392 3206 2403 3239 :
2441 3206 2458 3238 ι
2487 3187 2655 3244 Nemo
2681 3192 2821 3246 alius
2855 3193 3098 3247 ascendit
3126 3192 3177 3244 in
3209 3191 3426 3255 ctelum,
3448 3189 3554 3244 nisi

303 3267 462 3320 νηται
480 3252 537 3305 δὲ
555 3253 720 3308 αὐτοῦ
747 3257 839 3308 καὶ
869 3275 886 3306 ι
909 3259 940 3329 ὴ
964 3256 1138 3324 ἔξοδος
1159 3261 1253 3312 ἀπ’
1269 3261 1435 3331 ἄκρον
1462 3261 1556 3314 τοῦ
1580 3263 1862 3336 οὐρανοῦί

301 3345 396 3397 καὶ
410 3346 589 3400 πάλιν·
627 3347 730 3400 «Τὸ
754 3349 990 3421 κατάντη
999 3369 1074 3421 μα
1101 3351 1263 3406 αὐτοῦ
1295 3353 1398 3417 ἕως
1423 3353 1591 3427 ἄκρου
1621 3359 1784 3413 αὐτοῦ
1804 3377 1818 3392 ’
1845 3380 1863 3412 ι

299 3436 422 3488 ἐπεὶ
461 3456 478 3488 ι
515 3439 590 3507 μὴ
620 3438 664 3490 δ’
695 3433 774 3504 εἷς
796 3440 949 3505 ἄλλος
975 3443 1308 3515 ἀναϐέϐηκεν
1334 3448 1413 3510 είς
1444 3448 1533 3502 τὸν
1554 3449 1802 3522 οὐρανόν,
1822 3456 1869 3508 εί

303 3528 378 3598 μὴ
409 3529 438 3581 ό
458 3531 520 3583 ὲκ
547 3530 638 3584 τοῦ
662 3533 888 3602 ούρανοῦ
921 3535 1183 3602 καταϐὰς,
1200 3539 1228 3590 6
1259 3537 1386 3602 Υἱὸς
1408 3539 1500 3593 τοῦ
1523 3541 1830 3615 ἀνθρώπου·
1846 3566 1864 3598 ι

299 3621 394 3675 καὶ
413 3621 596 3675 πάλιν·
619 3643 637 3674 ι
660 3625 717 3678 '0
739 3626 1001 3692 καταϐὰς,
1015 3628 1175 3692 αὐτός
1196 3632 1418 3685 ἐστικαὶ
1438 3635 1466 3686 6
1487 3634 1690 3701 ἀναϐὰς
1707 3639 1873 3712 ὑπερ-

297 3714 412 3767 άνω
445 3714 657 3768 πάντων
676 3717 783 3770 τῶν
830 3719 1129 3790 ούρανῶν,ι
1152 3722 1292 3776 κατὰ
1321 3724 1410 3778 τὸν
1434 3726 1574 3797 ἱερὸν
1617 3729 1870 3784 Ἀπόστο-

297 3805 404 3858 λον·
446 3806 579 3860 ἀλλὰ
607 3827 624 3857 ι
647 3809 754 3862 Καὶ
776 3811 874 3864 οὐκ
905 3811 1048 3865 ἐστιν
1069 3813 1128 3876 ὂς
1160 3815 1599 3887 ἀποκρυϐήσεται
1629 3820 1724 3889 τὴν
1747 3821 1869 3894 θέρ-

299 3913 408 3966 μην
443 3896 629 3950 αύτοῦ·
657 3917 676 3948 ι
721 3901 848 3971 περὶ
871 3896 937 3974 ἧς
970 3903 1065 3954 καὶ
1095 3904 1256 3968 αὐτὸς
1283 3901 1434 3958 εἶπεν
1466 3908 1546 3972 τὸ,
1593 3910 1752 3983 «Πῦρ
1774 3909 1870 3981 ἦλ-

1976 3273 2070 3344 qui
2101 3273 2384 3330 descendit
2423 3280 2500 3334 de
2521 3282 2694 3346 coelo,
2728 3281 2898 3339 Filius
2939 3283 3174 3338 hominis
3205 3283 3280 3350 ‘7;
3321 3301 3339 3334 ι
3391 3289 3554 3350 atque

1977 3365 2172 3421 iterum
2203 3386 2214 3421 :
2259 3388 2276 3419 ι
2327 3367 2429 3436 Qui
2465 3373 2749 3428 descendit
2775 3415 2788 3437 ,
2838 3377 2953 3446 ipse
2988 3384 3068 3430 est
3097 3385 3151 3430 et
3174 3376 3264 3445 qui
3305 3371 3553 3428 ascendit

1977 3472 2142 3528 super
2167 3473 2354 3516 omnes
2376 3464 2568 3530 carlos,
2599 3473 2657 3518 ut
2685 3467 2930 3536 impleret
2969 3468 3174 3530 omnia,
3208 3488 3227 3520 ι
3255 3465 3550 3523 secundum

1977 3558 2228 3606 sanctum
2276 3551 2597 3624 Apostolum
2630 3558 2694 3611 ⁸⁸.
2734 3557 2840 3612 Sed
2875 3569 2927 3614 et
2981 3579 2999 3610 ι
3051 3558 3168 3613 Νοη
3218 3569 3302 3613 est
3349 3559 3442 3630 qui
3492 3574 3551 3614 se

1976 3643 2278 3700 abscondat
2309 3663 2338 3702 a
2375 3651 2556 3705 calore
2594 3650 2714 3720 ejus
2744 3651 2818 3718 “;
2857 3671 2875 3703 ι
2911 3651 2978 3706 de
3000 3665 3108 3721 quo
3144 3659 3197 3706 et
3229 3653 3346 3722 ipse
3373 3652 3508 3705 dixit
3541 3667 3546 3672 ‘

1978 3753 1996 3785 ι
2037 3735 2215 3807 Ignem
2245 3743 2366 3796 veni
2399 3744 2616 3799 mittere
2650 3745 2703 3798 in
2741 3753 2960 3809 terram,
2995 3753 3050 3800 et
3083 3745 3210 3813 quid
3255 3745 3395 3809 volo,
3441 3744 3545 3802 nisi

1974 3836 2031 3882 ut
2065 3833 2396 3890 accendatur
2423 3836 2515 3889 "‘3
2544 3858 2560 3890 ι
2601 3836 2781 3892 Facile
2811 3837 2985 3892 cuivis
3016 3839 3115 3892 erit
3143 3835 3348 3905 reliqua
3385 3835 3546 3904 hujus

1973 3925 2166 3993 psalmi
2193 3927 2257 3981 ad
2289 3929 2566 3984 Christum
2598 3930 2848 3986 similiter
2878 3929 3100 3984 referre.

295 3989 388 4044 Θον
419 3990 600 4098 βαλεῖν
623 3995 714 4098 επὶ
743 3996 839 4066 τὴν
868 3997 988 4068 γῆν,
1012 4000 1104 4052 καὶ
1131 4001 1182 4052 τί
1237 3999 1376 4054 Θέλω
1405 4005 1451 4056 εί
1479 4004 1578 4075 ἤδη
1597 4006 1858 4082 ἀνήφθης
1909 4033 1926 4068 ι
1971 3989 2226 4095 Εὐχερῶς
2262 4025 2306 4078 δ’
2332 4027 2396 4081 ἄν
2418 4044 2500 4092 τις
2515 4026 2690 4098 ἐαυτῷ
2719 4026 2925 4090 τούτοις
2957 4019 3230 4095 ἀναλόγως
3259 4022 3545 4098 ἐξεργάσε-

294 4103 384 4141 ται
417 4087 487 4140 τὰ
517 4087 658 4142 κατὰ
689 4091 780 4143 τὸν
794 4092 975 4148 τόπον.

821 4203 1216 4263 ΚΕΦΑΛΛΙΟΝ
1235 4209 1334 4261 lA'.

892 4321 1142 4390 Ψαλμοῦ
1175 4323 1264 4378 ιϐ’.

358 4426 434 4479 Τὸ
461 4427 518 4479 ὲν
547 4428 623 4499 τῷ
651 4431 1108 4488 ὲννεακαιδεκάτω
1139 4434 1338 4509 ψαλμῷ
1367 4438 1676 4511 λεγόμενον,
1711 4464 1728 4496 ι
1751 4446 1865 4501 Νῦν

2585 4227 2809 4285 CAPUT
2850 4226 2939 4284 XI.

2393 4343 2442 4396 Ε
2477 4346 2681 4414 psalmo
2725 4345 2924 4398 decimo
2964 4361 3121 4400 nono.

2041 4431 2170 4497 Quae
2199 4433 2252 4488 in
2284 4434 2496 4491 decimo
2536 4451 2682 4490 nono
2733 4436 2944 4506 psalmo
2981 4436 3276 4493 dicuntur:
3318 4458 3336 4490 ι
3389 4438 3542 4496 Nunc

286 4519 462 4588 ἔγνων
482 4521 564 4575 ὅτι
600 4523 768 4582 ἔσωσε
791 4524 992 4596 Κύριος
1022 4529 1112 4580 τὸν
1139 4529 1372 4600 Χριστὸν
1400 4533 1586 4598 αὐτοῦ,
1607 4556 1625 4588 ι
1665 4537 1865 4608 ἐμφαί-

1987 4526 2195 4594 :oguovi
2229 4527 2484 4595 quoniam
2530 4528 2736 4583 salvum
2792 4531 2921 4586 fecit
2960 4530 3222 4587 Dominus
3266 4531 3545 4590 Christum

283 4618 510 4675 νει“πως
535 4613 626 4667 τοῦ
651 4615 896 4688 Σωτῆρος
920 4618 1073 4690 ἡμῶν
1110 4620 1284 4692 Ἰησοῦ
1301 4624 1537 4696 Χριστοῦ
1561 4627 1657 4699 τὴν
1683 4631 1747 4682 ἐκ
1768 4629 1862 4684 τοῦ

285 4704 522 4759 Θανάτου
554 4709 842 4779 σωτηρίαν*
878 4711 1023 4782 αὑτῷ
1052 4712 1158 4786 γὰρ
1175 4714 1386 4788 εἴρηται
1411 4719 1602 4782 καὶτὸ,
1632 4740 1648 4770 ι
1674 4722 1864 4790 Ἀγαλ-

280 4797 600 4870 λιασώμεθα
629 4801 686 4853 ἐν
715 4801 790 4872 τῷ
825 4804 1072 4876 σωτηρίῳ
1106 4823 1218 4860 σου·
1253 4829 1271 4862 ι
1303 4811 1394 4863 καὶ
1415 4811 1509 4864 ὅλα
1541 4812 1596 4865 δὲ
1627 4813 1693 4867 τὰ
1727 4816 1862 4868 κατὰ

278 4889 374 4942 τὸν
405 4891 568 4944 τόπον
596 4892 962 4966 ἐφαρμοσθείη
990 4895 1053 4949 ἂν
1081 4897 1226 4970 αύτῷ
1249 4901 1347 4970 τῆς
1373 4903 1748 4975 προσηκούσης
1772 4922 1862 4957 τυ-

280 4979 450 5051 χόντα
485 4981 814 5053 ἐξηγήσεως.

817 5097 1206 5152 ΚΕΦΑΛΑΙῡΝ
1232 5101 1330 5157 IB'.

893 5213 1142 5280 Ψαλμοῡ
1169 5215 1240 5268 κ’.

349 5300 425 5354 Τὸ
459 5302 585 5370 μέν’
619 5321 638 5354 ι
665 5303 856 5374 Κύριε.
880 5304 936 5356 ὲν
956 5307 1021 5376 τῇ
1049 5306 1275 5378 δυνάμει
1307 5325 1399 5362 σου
1423 5309 1854 5382 εὐφρανθήσεται

273 5393 308 5443 6
344 5390 616 5462 βασιλεὺς,
644 5412 663 5443 ι
691 5395 784 5447 καὶ
803 5394 871 5447 τὰ
899 5395 1042 5467 ἑξῆς,
1078 5396 1219 5451 εἴποι
1249 5399 1312 5452 ἄν
1335 5416 1420 5463 τις
1449 5400 1540 5452 ἐπὶ
1569 5400 1660 5454 τὸν
1691 5401 1855 5454 Δαυῖδ

274 5486 938 5557 ἀναφέρεσθαιδύνασθαι·
967 5491 1027 5543 τό
1053 5506 1116 5558 γε
1145 5490 1264 5559 μὲν,
1289 5509 1308 5542 ι
1332 5485 1485 5563 Ζωὴν
1505 5493 1742 5564 ᾑτὴσατό
1772 5509 1850 5556 σε,

266 5578 369 5631 καὶ
407 5578 615 5642 ἔδωκας
644 5580 792 5652 αὐτῷ
840 5583 1154 5654 μακρότητα
1187 5581 1405 5656 ἡμερῶν
1431 5585 1508 5648 είς
1537 5585 1708 5639 αἰῶνα
1755 5585 1852 5637 καὶ

1970 4625 2127 4663 suum
2162 4611 2229 4676 εί,
2267 4632 2286 4664 ι
2323 4616 2617 4670 ostendunt
2657 4620 2929 4688 quomodo
2965 4619 3216 4675 Salvator
3244 4630 3429 4678 noster
3453 4622 3542 4680 ὂψ

1969 4715 2064 4754 sus
2127 4699 2377 4760 Christus
2439 4722 2468 4761 a
2531 4719 2706 4765 morte
2759 4712 2832 4767 sit
2888 4726 3159 4770 servatus.
3211 4713 3346 4770 lluic
3395 4718 3542 4773 enim

1971 4792 2231 4849 dicuntur
2260 4806 2313 4852 et
2349 4799 2474 4854 illa:
2516 4818 2534 4851 ι
2573 4797 2902 4859 Laitabimur
2932 4808 2986 4862 in
3021 4810 3245 4865 salutari
3274 4818 3368 4864 tuo
3393 4809 3471 4876 “;
3515 4830 3536 4860 ι

1972 4891 2260 4961 ΩὲΡίθΓίίιυθ
2281 4891 2442 4960 hujus
2475 4896 2669 4962 psalmi
2696 4899 2950 4954 versiculi
2986 4916 3110 4955 cum
3138 4902 3240 4956 hac
3271 4902 3537 4970 interpre-

1966 4983 2169 5039 tatione
2198 4986 2400 5056 optime
2435 4999 2767 5060 congruunt.

2560 5101 2790 5157 CAPUT
2824 5103 2934 5158 XII.

2462 5215 2506 5268 E
2532 5217 2736 5284 psalmo
2775 5217 3038 5272 vicesimo.

2034 5303 2167 5360 Illud
2193 5305 2410 5375 quidem
2440 5327 2452 5361 :
2490 5326 2508 5358 ε
2545 5305 2791 5370 Domine,
2831 5309 2883 5362 in
2911 5310 3114 5363 virtute
3149 5313 3240 5361 tua
3267 5307 3535 5362 laetabitur

1964 5413 2056 5452 rex
2087 5397 2156 5462 ⁸³,
2196 5417 2215 5451 ι
2248 5408 2302 5453 et
2323 5407 2517 5454 caetera
2539 5439 2552 5464 ,
2603 5409 2849 5470 spectare
2879 5400 2948 5454 ad
2984 5399 3236 5456 Davidem
3263 5407 3530 5470 possunt;

1965 5490 2078 5545 haec
2109 5507 2277 5546 vero:
2324 5511 2343 5542 ι
2385 5490 2558 5546 Vitam
2590 5491 2742 5562 petiit
2774 5507 2804 5546 a
2849 5501 2922 5558 te,
2960 5501 3014 5547 et
3049 5493 3287 5548 tribuisti
3317 5491 3366 5548 ei
3417 5492 3535 5547 Ion-

1959 5582 2255 5652 gitudinem
2283 5584 2492 5638 dierum
2520 5584 2574 5638 in
2603 5584 2884 5649 steculum,
2909 5592 2960 5640 et
3013 5585 3068 5639 in
3119 5585 3379 5641 saeculum
3429 5599 3531 5640 ste-

349 5755 400 5836 :
437 5751 582 5836 P_sal.
611 5771 779 5836 XVIII:
837 5758 918 5836 4,
1069 5757 1116 5790 ’⁵³
1153 5758 1371 5836 ibidtp.
1433 5759 1664 5836 ³’ξἰξὶιίιί.
1740 5763 1784 5794 ⁵⁸
1821 5763 1877 5836 ιι),

2006 5764 2057 5836 7.
2134 5764 2180 5836 ξε
2219 5763 2348 5820 ilid.
2374 5835 2386 5836 η
2427 5763 2478 5836 δζ
2509 5760 2666 5818 Joan.
2705 5779 2801 5836 m_,
2842 5765 2922 5820 i5.
2999 5764 3042 5796 “
3081 5763 3280 5836 Ephes.
3315 5780 3386 5830 tv,
3440 5762 3526 5820 l0.

271 5824 322 5856 δ’
361 5823 506 5878 Psal.
545 5840 710 5883 xvut.
747 5827 796 5880 7.
870 5829 919 5859 "
960 5827 1085 5885 [υς.
1123 5845 1228 5894 xu,
1265 5829 1352 5885 49.
1431 5831 1477 5863 ⁸⁸
1515 5829 1658 5889 Psal.
1697 5850 1818 5897 nx,
1868 5835 1877 5886 τ

1995 5835 2037 5866 ⁸²
2079 5835 2204 5891 ibid.
2242 5837 2292 5889 ti.
2370 5835 2414 5866 ⁸³
2449 5833 2592 5890 Psal.
2629 5853 2726 5904 xx,
2761 5823 2817 5890 ξε.
