3936 6206
493 327 628 382 “0'1

1191 322 1461 378 EUSEBII
1500 316 1980 377 CIESARIENSIS
2017 316 2168 374 OPP.
2203 314 2382 370 PARS
2419 313 2507 368 III.
2537 343 2606 353 —-
2629 308 3036 366 EXEGETICA.

3553 310 3649 359 ιιυδ

488 443 596 496 σιεῘί
625 440 693 506 ³⁵,
729 459 749 492 ι
791 455 896 494 non
927 439 1038 508 jam
1074 436 1263 492 Davidi
1311 438 1676 501 conveniunt,
1727 437 1886 506 cujus
1916 451 2063 490 mors

2168 432 2246 494 είς
2274 431 2441 483 αἰῶνα
2483 428 2703 492 αἰῶνος,
2733 447 2751 478 ι
2788 426 2966 479 οὐκέτι
3001 422 3076 494 τῷ
3103 421 3259 476 Δαυῒδ
3288 419 3490 492 ἁρμόζει
3522 422 3588 476 διὰ
3612 425 3654 479 τὸ

487 541 764 604 ezunperta
792 541 894 593 est,
930 532 1159 601 vita‘que
1189 538 1404 601 tempus
1434 547 1541 586 non
1596 530 1767 583 multo
1795 545 2062 584 annorum

490 641 715 681 numero
761 624 1260 693 circumscriptum.
1320 623 1462 694 Ergo
1496 623 1677 694 agitur
1709 622 1776 676 de.
1809 620 2060 685 Christo,

486 715 576 785 qui
610 730 700 768 rex
757 731 784 766 a
837 713 996 768 Patre
1051 715 1117 768 ad
1179 715 1509 784 regnandum
1563 730 1727 784 super
1784 714 2061 768 cmlestem

488 815 723 862 montem
751 806 881 860 Sion
907 809 1240 864 constitutus
1269 814 1381 872 est;
1413 806 1506 876 qui
1555 816 1608 861 et
1634 807 1799 859 vitam
1830 805 1983 875 petiit
2030 820 2061 858 a

485 898 644 952 Patre
671 939 685 962 ,
720 914 828 951 non
880 898 1098 952 sibimet
1129 898 1252 968 ipsi,
1284 899 1400 967 ipse
1445 898 1590 953 enim
1623 898 1730 951 vita
1759 907 1915 962 erat,
1965 897 2059 952 sed

484 991 740 1045 omnibus
772 992 825 1044 i-n
865 1007 988 1044 eum
1033 991 1382 1046 credentibus
1406 991 1486 1058 ⁵⁵;
1517 992 1776 1062 deditque
1805 992 1854 1047 ei
1900 1008 2062 1063 posse

484 1100 675 1140 omnes
726 1085 779 1138 in
830 1101 887 1140 se
917 1085 1202 1140 credentes
1232 1086 1466 1141 educere
1507 1101 1539 1140 e
1594 1093 1770 1142 morte
1804 1086 1859 1140 in
1893 1086 2061 1140 vitam

483 1187 739 1233 :eternam
770 1180 836 1242 ",
867 1188 920 1233 et
954 1179 1006 1232 in
1033 1179 1424 1248 longitudinem
1455 1178 1598 1249 apud
1623 1177 1791 1234 Deum
1823 1179 2059 1244 dierum,

483 1290 604 1344 qua:
634 1281 762 1328 sunt
784 1273 836 1326 in
867 1272 1124 1327 smeulum
1154 1280 1207 1327 et
1235 1273 1288 1326 in
1331 1273 1589 1328 smculum
1620 1273 1824 1327 saeculi.
1853 1271 2058 1327 Caetera

485 1381 612 1420 vero
639 1366 800 1434 hujus
836 1365 1028 1434 psalmi
1059 1365 1215 1435 quasi
1249 1365 1316 1420 de
1355 1381 1478 1437 rege
1511 1366 1696 1436 gloriae
1716 1365 1892 1430 dicta,
1935 1381 2059 1420 cum

487 1472 657 1525 pauca
682 1472 787 1510 non
823 1457 933 1512 sint
959 1498 972 1521 ,
1013 1457 1208 1512 melius
1230 1457 1472 1520 Christo,
1497 1457 1543 1512 si
1579 1455 1874 1528 prudenter
1897 1456 2060 1510 intel-

486 1551 748 1621 liguntur,
778 1565 941 1620 quam
974 1547 1162 1603 Davidi
1186 1551 1562 1606 convenirent.

1065 1831 1298 1889 CAPUT
1341 1831 1480 1889 XIII.

873 1943 921 1998 Ε
954 1945 1160 2015 psalmo
1197 1947 1438 2000 vicesimo
1475 1946 1666 2018 primo.

560 2035 816 2095 Omnium
847 2054 1118 2096 consensu
1149 2039 1378 2096 lideliter
1404 2039 1459 2094 in
1501 2039 1783 2094 Christum
1825 2035 2056 2093 creden-

490 2132 626 2188 tium
657 2139 872 2187 constat
900 2131 1129 2201 bujusce
1163 2132 1355 2202 psalmi
1403 2131 1580 2196 initia,
1611 2131 1668 2186 in
1698 2129 1902 2201 quibus
1941 2129 2056 2184 haec

485 2233 647 2280 sunt:
679 2243 697 2276 ι
739 2224 898 2287 Deus,
925 2223 1064 2279 Deus
1089 2240 1262 2281 meus.
1294 2224 1503 2294 respice
1527 2224 1580 2278 in
1605 2239 1729 2293 me;
1762 2240 1933 2296 quare
1973 2239 2060 2278 me

486 2317 826 2387 dereliquisti
881 2316 961 2369 '7?
1001 2336 1018 2367 ι
1079 2316 1146 2369 ab
1205 2332 1270 2371 eo
1300 2315 1572 2386 passionis
1628 2324 1871 2387 tempore
1912 2315 2058 2369 dicta

484 2410 672 2466 fuisse.
729 2407 843 2464 Hoc
897 2409 1041 2464 enim
1095 2409 1334 2464 ostendit
1377 2418 1432 2463 et
1485 2409 1540 2462 in
1591 2424 1754 2464 cruce
1807 2409 2054 2463 clamor:

488 2522 508 2556 ι
551 2503 690 2566 Eloi,
729 2501 866 2566 Eloi,
899 2503 1039 2556 lama
1091 2502 1448 2558 sabacbthani
1480 2504 1570 2556 '3?
1605 2521 1623 2554 ι
1669 2501 1868 2557 Verum
1902 2511 2057 2557 ante--

488 2610 650 2666 quam
671 2595 860 2666 psalmi
878 2595 1214 2665 prophetiam
1227 2595 1294 2651 de
1307 2612 1373 2651 eo
1387 2598 1823 2666 interpretemur,
1844 2594 1872 2650 J
1881 2595 2060 2650 udaeos

489 2689 807 2758 rogabimus
822 2689 946 2757 quis
971 2687 1134 2754 hujus
1159 2688 1349 2758 psalmi
1368 2688 1531 2742 verba
1546 2687 1762 2742 dixerit.
1779 2685 1896 2740 Non
1914 2685 2058 2740 enim

486 2782 714 2850 quilibet
753 2790 970 2844 canora,
1001 2789 1164 2850 atque
1208 2781 1322 2834 luec
1346 2780 1549 2835 dixisse
1582 2781 1827 2834 videtur:
1859 2798 1877 2830 ι
1909 2777 2058 2844 Quo-

487 2874 629 2927 niam
652 2879 710 2926 tu
727 2889 808 2935 es,
835 2874 924 2940 qui
954 2872 1236 2928 extraxisti
1255 2887 1340 2926 me
1365 2871 1432 2924 de
1458 2879 1675 2926 ventre:
1702 2887 1826 2942 spes
1849 2885 1966 2926 mea
1992 2869 2061 2924 ab

491 2963 750 3021 uberibus
777 2965 970 3020 matris
1004 2980 1155 3019 mere.
1181 2961 1238 3016 In
1260 2971 1312 3018 te
1334 2963 1613 3035 projectus
1645 2979 1764 3019 sum
1795 2979 1859 3018 ex
1883 2971 2058 3028 utero,

487 3061 554 3113 de
578 3067 765 3113 ventre
797 3058 990 3112 matris
1023 3072 1158 3111 mea:
1189 3056 1454 3112 Dominus
1487 3054 1630 3112 Deus
1655 3072 1810 3111 meus
1835 3073 1895 3112 es
1930 3066 2058 3112 tu...

2170 525 2266 578 καὶ
2294 524 2392 604 τὴν
2423 521 2676 593 τελευτὴν
2709 519 2872 575 αὑτοῦ
2907 516 3261 589 ἐμφαίνεσθαι
3302 516 3390 569 καί
3414 516 3492 568 τὸν
3517 518 3661 588 χρόνον

2166 615 2264 684 τῆς
2291 615 2436 685 ζωῆς
2459 612 2644 677 αὑτοῦ,
2708 607 2777 684 ἦς
2807 612 2868 664 οὐ
2901 609 3065 663 πολὺν
3094 608 3278 680 χρόνον
3313 606 3435 660 ὲτῶν
3461 611 3666 680 περιωρί-

2167 708 2311 762 σθαι.
2339 709 2436 778 Εἴη
2455 707 2518 760 ἂν
2546 704 2637 760 οὖν
2664 708 2692 759 6
2718 704 2947 777 Χριστὸς
2970 704 2998 754 ὁ
3028 701 3276 772 βασιλεὺς
3289 699 3387 752 ὑπὸ
3410 699 3489 752 τοῦ
3503 701 3668 770 Πατρός

2167 800 2468 870 βασιλεύειν
2495 801 2586 852 ἐπὶ
2634 797 2769 850 Σιὼν
2801 796 2926 867 ὅρος
2965 794 3024 847 τὸ
3059 793 3374 862 ἐπουράνιον
3413 791 3666 855 καταστάς·

2163 896 2221 960 ὃς
2245 897 2338 949 καὶ
2355 895 2498 964 ζωὴν
2530 895 2768 966 ᾐτήσατο
2803 891 2895 944 τὸν
2925 889 3143 959 Πατέρα
3171 886 3291 956 οὐχὶ
3333 886 3513 956 ἐαυτῷ,
3545 884 3671 949 αὐτὸς

2164 989 2272 1062 γὰρ
2303 985 2370 1060 ἦν
2401 991 2433 1058 ἡ
2470 986 2601 1058 ζωὴ,
2636 983 2768 1038 ἀλλὰ
2801 985 2932 1037 πᾶσι
2971 985 3080 1044 τοῖς
3119 983 3201 1043 εἰς
3236 979 3388 1034 αὑτὸν
3419 977 3674 1032 πιστεύσου-

2165 1097 2235 1132 σι·
2269 1080 2364 1132 καὶ
2403 1077 2602 1130 ἔδωκεν
2643 1072 2790 1143 αὐτῷ
2853 1073 2929 1135 ὡς
2972 1070 3180 1131 πάντας
3220 1066 3459 1120 δύνασθαι
3482 1067 3585 1128 τοὺς
3611 1067 3672 1127 εἰς

2164 1171 2323 1226 αὐτὸν
2363 1170 2760 1231 πιστεύσαντας
2797 1165 3143 1238 μεταϐαίνειν
3175 1164 3238 1215 ἐκ
3279 1160 3368 1214 τοῦ
3395 1159 3584 1213 θανάτου
3613 1159 3674 1222 εἰς

2161 1264 2260 1335 τὴν
2295 1262 2440 1334 ζωὴν
2471 1261 2569 1332 τὴν
2599 1259 2832 1324 αἰώνιον,
2862 1258 2956 1310 καὶ
2984 1259 3063 1320 εἰς
3101 1255 3412 1327 μακρότητα
3436 1253 3527 1304 τῶν
3554 1252 3674 1320 παρὰ

2161 1357 2279 1427 Θεῷ
2303 1355 2364 1424 (f.
2395 1354 2484 1424 29.)
2511 1353 2750 1425 ἡμερῶν,
2782 1351 2846 1404 αἴ
2868 1352 3006 1403 εἰσιν
3027 1351 3106 1412 είς
3131 1347 3304 1401 αἰῶνα
3331 1344 3420 1398 καὶ
3448 1346 3517 1407 εἰς
3541 1343 3673 1396 αἰῶνα

2162 1450 2374 1513 αἰῶνος·
2401 1449 2493 1502 καὶ
2524 1447 2592 1500 τὰ
2620 1445 2781 1499 λοιπὰ
2805 1445 2861 1498 δὲ
2887 1443 2954 1496 τὰ
2984 1445 3041 1495 ἐν
3065 1440 3145 1512 τῷ
3165 1437 3361 1510 ψαλμῷ
3385 1438 3453 1500 ὡς
3476 1434 3671 1507 περὶτῆς

2158 1539 2253 1594 τοῦ
2293 1538 2560 1610 βασιλέως
2587 1536 2746 1608 δόξης
2794 1534 3060 1604 λεγόμενα
3081 1572 3096 1594 ,
3137 1532 3198 1584 ού
3250 1528 3415 1601 μικρὰ
3440 1527 3568 1590 ὅντα,
3594 1526 3668 1596 ἁρ-

2167 1634 2352 1704 μόττοι
2384 1631 2448 1685 ἂν
2472 1629 2548 1700 τῷ
2581 1627 2801 1700 Χριστῷ
2842 1625 3042 1698 μᾶλλον
3070 1625 3105 1693 ἢ
3140 1623 3217 1693 τῷ
3246 1620 3422 1684 Δαυῖδ,
3453 1622 3534 1690 τῆς
3554 1617 3671 1680 ἀξίας

2163 1724 2390 1795 τυχόντα
2417 1722 2733 1792 σαφηνείας.

2691 1836 3086 1890 ΚΕΦΔΛΑΙΟΝ
3117 1835 3228 1888 II".

2641 2019 2650 2026 η
2756 1951 3005 2021 Tenum?)
3043 1950 3156 2006 xa'.

2234 2043 2427 2115 Σαφῶς
2473 2043 2888 2115 ἀνωμολόγηται
2934 2043 3089 2114 παρὰ
3126 2043 3264 2094 πᾶσι
3293 2041 3401 2102 τοῖς
3446 2037 3587 2106 om;
3621 2037 3682 2099 είς

2165 2137 2393 2211 Χριστὸν
2419 2135 2858 2200 πεπιστευκόσιν,
2889 2135 3019 2204 ὼςή
3047 2131 3297 2203 καταρχὴ
3337 2129 3428 2183 τοῦ
3463 2127 3576 2200 μετὰ
3599 2129 3684 2198 χεῖ·

2167 2247 2265 2302 ρας
2295 2227 2508 2300 ψαλμοῦ
2535 2226 2722 2281 τοῦτον
2739 2225 2936 2297 ἔχουσα
2959 2225 3051 2278 τὸν
3079 2226 3304 2297 τρόπον,
3333 2241 3352 2274 ι
3389 2223 3442 2274 '0
3464 2219 3574 2283 Θεός
3589 2235 3683 2289 μου,

2164 2324 2192 2375 6
2221 2321 2352 2382 Θεὸς
2376 2338 2497 2392 μου,
2523 2320 2757 2393 πρόσχες
2785 2335 2894 2389 μοι,
2920 2319 3008 2371 ἵνα
3027 2316 3080 2370 τί
3105 2314 3454 2385 ἐγκατέλιπές
3473 2329 3556 2384 ps;
3584 2308 3683 2364 »εὖτ’

2166 2415 2330 2471 αὐτοῦ
2351 2417 2492 2470 κατὰ
2520 2416 2610 2468 τὸν
2641 2413 2828 2485 καιρὸν
2849 2413 2942 2466 τοῦ
2966 2411 3176 2475 πάθους
3205 2409 3431 2481 εἴρηται·
3451 2405 3586 2460 τοῦτο
3602 2403 3685 2474 γὰρ

2165 2510 2353 2581 ἐδήλου
2381 2509 2474 2562 καὶ
2490 2512 2522 2580 ἠ
2540 2509 2632 2562 ἐπὶ
2657 2507 2749 2562 τοῦ
2767 2505 2998 2578 σταυροῦ
3023 2504 3175 2575 φωνὴ
3192 2507 3248 2575 ὴ,
3269 2523 3287 2553 ι
3312 2501 3500 2563 Ἐλωεὶ,
3525 2497 3684 2556 Ἔλωεῖ,

2165 2601 2314 2670 λαμὰ
2339 2600 2683 2672 σαϐαχθανεῇ
2721 2619 2739 2650 ι
2779 2598 2940 2651 Ἀλλὰ
2974 2599 3084 2669 γὰρ
3113 2597 3248 2668 πρὶν
3275 2592 3546 2666 ἀρξώμεθα
3565 2592 3611 2642 ὲν
3626 2587 3686 2658 τῷ

2165 2693 2363 2765 ψαλμῷ
2387 2693 2720 2764 προφητείαν
2736 2692 2811 2755 ὡς
2837 2693 2922 2744 ἐπ’
2949 2690 3110 2743 αὐτὸν
3140 2686 3686 2760 μεταλαμὸἁνειν,πν-

2169 2785 2371 2855 σόμεθα
2410 2785 2519 2838 τῶν
2551 2784 2651 2856 τὴν
2689 2783 2985 2855 περιτομὴν
3017 2781 3329 2852 αύχούντων
3351 2822 3364 2842 ,
3399 2779 3476 2842 τίς
3497 2775 3559 2850 ,ἂν
3582 2773 3685 2850 είηὸ

2170 2877 2391 2947 φάσκων
2428 2876 2495 2928 τὰ
2530 2876 2587 2927 ὲν
2620 2874 2701 2945 τῷ
2723 2872 2941 2944 ψαλμιῖν
2970 2873 3069 2942 οὐχ
3105 2874 3133 2925 6
3165 2871 3343 2941 τυχὼν
3369 2869 3468 2941 γάρ
3489 2882 3561 2929 τις
3581 2859 3684 2916 εἶναι

2170 2969 2512 3040 φαίνεταιτά
2550 2986 2608 3022 τε
2639 2967 2772 3021 ἀλλὰ
2803 2967 2896 3019 καὶ
2926 2964 3098 3018 ταῦτα
3138 2963 3313 3032 λέγων
3332 3005 3346 3028 ,
3385 2980 3402 3012 ι
3435 2961 3542 3012 Ὅτι
3567 2956 3616 3008 σὺ
3648 2948 3684 3004 εἷ

2167 3068 2196 3118 6
2227 3063 2506 3126 ὲκσπὰσας
2548 3079 2613 3132 με
2638 3062 2701 3114 ὲκ
2727 3059 2980 3129 γαστρός·
3011 3059 3044 3128 ἡ
3075 3055 3232 3120 ἐλπίς
3264 3072 3361 3126 μου
3394 3052 3493 3106 ἀπὸ
3515 3044 3683 3121 μαστῶν

489 3149 735 3208 Narrabo
763 3166 963 3205 nomen
997 3158 1150 3204 tuum
1186 3149 1449 3204 fratribus
1479 3150 1636 3211 meis,
1672 3149 1726 3202 in
1758 3149 1936 3204 medio
1960 3147 2061 3204 Ec-

2168 3157 2259 3228 τῆς
2292 3155 2495 3227 μητρός
2539 3169 2660 3222 μου’
2697 3151 2788 3204 ἐπὶ
2819 3151 2877 3202 σὲ
2925 3149 3232 3220 ὲπερῤίφην
3284 3149 3348 3198 ὲκ
3393 3145 3606 3215 μήτρας·
3633 3138 3684 3188 ὲκ

488 3244 672 3298 elesiae
702 3241 935 3297 laudabo
956 3249 1011 3297 te
1031 3241 1096 3296 “.
1139 3261 1158 3292 ι
1202 3239 1268 3294 Ει
1293 3256 1485 3295 rursus
1520 3258 1534 3294 :
1571 3258 1591 3290 ι
1619 3238 1730 3296 Nec
1750 3240 1947 3295 avertit
1976 3239 2057 3293 ia-

489 3336 626 3389 ciem
654 3349 808 3389 suam
827 3348 857 3386 a
886 3350 990 3395 me,
1012 3338 1200 3388 etcum
1216 3332 1513 3388 clamarem
1528 3332 1596 3386 ad
1619 3348 1766 3398 eum,
1784 3332 2060 3388 exaudivit

492 3443 597 3481 me.
631 3426 784 3494 Apud
833 3434 886 3480 te
924 3426 1044 3481 laus
1083 3440 1232 3491 mea;
1273 3414 1571 3480 conﬁtebor
1607 3425 1704 3480 tibi
1735 3427 1789 3480 in
1815 3424 2061 3481 Ecclesia

491 3533 684 3588 magna
731 3536 744 3570 :
781 3526 906 3571 vota
943 3531 1062 3572 mea
1092 3516 1313 3575 reddam
1342 3517 1397 3571 in
1429 3524 1727 3587 conspectu
1755 3517 2058 3572 timentium

490 3626 613 3666 cum
632 3611 696 3666 ⁸⁸.
722 3630 740 3662 ι
759 3608 888 3665 Post
916 3609 1051 3674 lucc,
1069 3621 1370 3680 caateraque
1391 3611 1554 3679 hujus
1579 3609 1791 3680 psalmi,
1810 3609 1995 3664 dicant
2015 3610 2060 3664 si

490 3703 740 3774 quemvis
763 3713 1073 3759 sanctorum
1092 3705 1335 3760 virorum
1359 3704 1594 3759 habeant
1611 3703 1698 3757 cui
1715 3704 1827 3758 haec
1847 3718 2064 3758 accom-

493 3794 734 3848 modent.
751 3792 885 3859 Quis
900 3794 1044 3850 enim
1063 3793 1186 3848 talis
1203 3794 1307 3849 erit
1318 3793 1530 3864 qualem
1549 3791 1835 3863 Scriptura
1850 3793 2062 3848 descri-

491 3886 609 3940 bit:
645 3905 663 3938 ι
703 3884 906 3942 Omnes
929 3886 1177 3943 videntes
1202 3902 1287 3942 me
1310 3931 1323 3952 ,
1357 3887 1668 3941 deriserunt
1696 3901 1782 3942 me
1805 3887 1883 3952 “;
1917 3905 1936 3937 ι
1980 3885 2067 3940 vel

491 3979 558 4032 de
586 3994 716 4048 quo,
755 3996 774 4030 σ
805 3976 994 4034 Locuti
1044 3986 1171 4034 sunt
1223 3977 1404 4043 labiis,
1433 3985 1488 4031 et
1539 3984 1826 4031 moverunt
1879 3983 2064 4046 caput,

490 4069 758 4131 dicentes,
789 4069 1037 4138 Speravit
1060 4069 1114 4122 in
1151 4068 1398 4131 Domino,
1429 4067 1626 4138 eripiat
1665 4083 1812 4131 eum,
1855 4067 2064 4123 salvum

495 4162 658 4216 faciat
707 4177 856 4225 eum,
917 4161 1172 4230 quoniam
1231 4162 1345 4216 vult
1385 4162 1653 4215 eum“?o
1713 4159 1884 4227 Quem
1938 4177 2069 4217 vero

498 4276 517 4305 ο
557 4254 709 4309 vituli
740 4253 914 4316 mulli,
962 4275 980 4306 ι
1027 4262 1081 4309 et
1105 4253 1264 4324 cujus
1300 4264 1530 4320 naturae,
1567 4274 1584 4306 ι
1615 4270 1779 4311 canes
1821 4264 1876 4310 et
1924 4255 2068 4310 tauri

496 4347 727 4418 pingues
753 4346 1263 4414 circumdederunt;
1289 4356 1620 4417 aperuerunt
1653 4365 1818 4418 super
1852 4365 1976 4404 eum
2006 4365 2068 4405 os

495 4451 678 4498 suum,
695 4436 836 4491 sicut
866 4437 949 4491 leo
979 4438 1193 4507 rapiens
1215 4453 1267 4492 et
1295 4439 1514 4509 rugiens
1538 4439 1619 4492 “?
1645 4461 1664 4492 ι
1687 4443 1763 4494 Ac
1786 4452 2065 4511 praeterea,

2160 3249 2366 3311 κοιλίας
2394 3246 2600 3318 μητρός
2623 3262 2723 3317 μου
2747 3242 2880 3306 Θεός
2909 3259 3009 3312 μου
3027 3235 3079 3294 εἷ
3107 3241 3197 3294 σύ·
3224 3241 3317 3294 καὶ
3338 3236 3583 3306 ἐπιφέρων
3600 3230 3684 3298 διη-

2160 3345 2398 3414 γήσομαι
2425 3341 2484 3393 τὸ
2510 3339 2678 3408 ὄνομά
2697 3355 2790 3390 σου
2815 3339 2927 3399 τοῖς
2960 3334 3209 3402 ἀδελιροῖς
3237 3349 3356 3402 μου,
3384 3332 3435 3381 ὲν
3465 3322 3685 3414 μέσῳῈκί

2162 3410 2389 3506 κλησίας
2418 3433 2640 3503 ὑμνήσω
2659 3429 2738 3482 σέ·
2775 3449 2795 3481 ι
2828 3429 2922 3482 καὶ
2942 3427 3125 3481 πάλιν·
3166 3445 3186 3477 ι
3219 3426 3330 3479 οὐκ
3365 3410 3685 3489 ἀπέστρεψετδ

2163 3526 2447 3598 πρόσωπον
2477 3523 2639 3578 αὑτοῦ
2671 3521 2762 3574 ἀπ’
2797 3519 2930 3590 ἐμοῦ
2953 3559 2968 3585 ,
3001 3519 3093 3570 καὶ
3120 3519 3178 3569 ὲν
3209 3515 3286 3586 τῷ
3319 3510 3610 3582 κεκραγέναι
3635 3517 3681 3572 με

2163 3617 2300 3689 πρὸς
2331 3616 2492 3670 αὑτὸν
2524 3611 2809 3684 εἰσήκουσέ
2843 3626 2966 3682 μου⁵
2997 3607 3149 3678 παρὰ
3179 3607 3274 3660 σοῦ
3302 3607 3330 3658 6
3357 3599 3553 3662 ἔπαινός

2164 3687 2222 3763 ὲν
2249 3708 2515 3779 ἐκκλησίᾳ
2551 3704 2762 3777 μεγάλῃ
2799 3698 3271 3773 ἐξομολογησομαί
3306 3715 3383 3750 σοι
3403 3713 3416 3726 ·
3446 3693 3532 3755 τὰς
3560 3687 3682 3779 εὐχάς

2169 3821 2269 3875 μου
2296 3799 2559 3854 ἀποδώσω
2583 3796 2811 3850 ἐνώπιον
2842 3795 2951 3849 τῶν
2968 3793 3131 3865 φοὸου
3140 3791 3320 3863 μένων
3343 3787 3508 3842 αὐτόν.
3543 3803 3558 3834 ι
3593 3776 3683 3832 Ἐπὶ

2164 3892 2375 3954 τούτοις
2395 3890 2452 3944 δὲ
2482 3890 2576 3942 καὶ
2606 3887 2676 3941 τὰ
2707 3886 2840 3942 ἄλλα
2876 3883 2947 3938 τὰ
2974 3885 3031 3938 ὲν
3069 3881 3147 3954 τῷ
3179 3880 3378 3953 ψαλμῴ
3416 3876 3680 3945 λεγέτωσανν

2168 3986 2216 4037 εἰ
2240 3982 2413 4054 ἒχοιὲν
2444 3999 2547 4034 τινι
2576 3979 2683 4032 τῶν
2703 3977 2870 4047 ἁγίων
2894 3976 3101 4047 ἀνδρῶν
3128 3971 3468 4045 ἐφαρμόζειν·
3493 3959 3682 4054 rivali?

2166 4074 2412 4129 τοιοῦτον
2437 4069 2730 4141 γενόμενον
2755 4063 2864 4120 οἷον
2890 4064 3292 4137 προδιέγραψεν
3318 4065 3346 4115 6
3368 4059 3527 4127 λόγος,
3555 4049 3682 4104 «Πάν-

2169 4186 2258 4232 τες
2283 4170 2329 4220 οἱ
2363 4164 2693 4235 θεωροῦντες
2721 4181 2786 4234 με
2813 4163 3284 4231 ἐξεμυκτήρισανς
3314 4176 3330 4209 ι
3364 4155 3396 4227 ἦ
3421 4153 3532 4223 περὶ
3556 4145 3679 4204 τίνος

2176 4281 2194 4314 ι
2216 4260 2513 4330 Ἐλάλησαν
2541 4259 2598 4311 ὲν
2622 4255 2872 4327 χείλεσιν,
2891 4253 3147 4323 ἐκίνησαν
3181 4249 3436 4322 κεφαλὴν,
3469 4243 3681 4330 λέγοπξςν

2173 4353 2434 4406 Ἥλπισεν
2469 4350 2562 4403 ἐπὶ
2589 4347 2812 4418 Κύριον,
2838 4344 3089 4415 ῥυσάσθω
3118 4345 3301 4403 αὐτὸν.
3330 4337 3532 4394 σωσάτω
3543 4328 3681 4386 αὺτδνν

2175 4449 2256 4501 ὅτι
2285 4445 2426 4499 θέλει
2450 4443 2646 4506 ads-6v;
2684 4461 2703 4494 ι
2731 4441 2851 4494 τίνα
2879 4435 2934 4492 δὲ
2964 4439 3152 4510 μόσχοι
3189 4435 3370 4490 πολλοὶ
3395 4429 3478 4485 καὶ
3503 4418 3679 4479 ποταποὶ

501 4543 663 4597 quem
701 4546 717 4576 ι
754 4529 1047 4582 concilium
1085 4530 1495 4600 malignantium
1527 4532 1762 4597 obsedit,
1787 4509 1868 4587 ita
1897 4542 1955 4587 ut
1995 4533 2063 4588 fo-

2175 4539 2273 4610 τὴν
2308 4537 2490 4606 φύσιν,
2525 4555 2542 4585 ι
2574 4535 2749 4595 Κύνες
2770 4549 2827 4584 τε
2860 4530 2954 4585 καὶ
2977 4529 3169 4600 ταῦροι
3191 4527 3368 4589 πίονες
3385 4513 3678 4610 περιεκύκλω·

495 4619 689 4672 (Ιριδοτιι
741 4633 934 4674 manus
991 4628 1045 4674 et
1103 4621 1266 4691 pedes
1325 4621 1485 4692 ejus,
1538 4631 1592 4679 et
1663 4624 2073 4684 dinumerarent

493 4711 678 4766 ornuia
711 4726 837 4766 ossa
879 4711 1035 4782 ejus;
1067 4714 1371 4770 diviserunt
1419 4717 1529 4780 sibi,
1569 4718 1895 4772 vestimenta
1927 4719 2069 4788 ejus,

497 4813 552 4861 ct
581 4821 750 4878 super
779 4814 984 4862 vestem
1023 4803 1144 4877 ejus
1191 4808 1458 4863 miserunt
1512 4822 1712 4866 sortem
1741 4811 1834 4864 “1'
1865 4831 1883 4864 ›
1919 4811 2072 4872 Talia

498 4899 644 4954 enim
691 4897 838 4952 fatur
887 4901 932 4955 is
977 4916 1135 4969 quem
1187 4902 1432 4972 psalmus
1463 4902 1694 4968 inducit,
1727 4913 1911 4976 totque
1957 4923 2076 4976 per—

499 4994 698 5062 pessis,
743 4992 930 5060 adjicit
959 4994 1123 5047 eliam
1155 5013 1166 5048 :
1201 5015 1216 5044 ι
1245 4994 1494 5050 Narrabo
1523 5013 1722 5053 nomen
1768 5007 1920 5054 tuum
1965 5001 2073 5056 fra-

500 5087 677 5141 tribus
733 5087 892 5144 meis.
947 5085 1001 5140 in
1049 5086 1228 5142 medio
1285 5087 1550 5145 Ecclesiae
1599 5091 1832 5147 laudabo
1869 5103 1920 5149 te
1942 5095 2007 5146 ⁵⁸.
2048 5115 2066 5146 ι

498 5178 936 5248 Interpretentur
984 5185 1165 5232 autem
1223 5179 1335 5234 haec
1383 5182 1474 5236 isti
1527 5184 1692 5238 simul
1745 5193 1800 5239 et
1860 5186 2070 5256 reliqua

499 5274 716 5343 psalmi,
749 5272 1051 5341 praesertim
1080 5273 1148 5327 ab
1174 5273 1274 5328 hoc
1297 5275 1418 5329 loco
1454 5296 1466 5331 :
1504 5296 1522 5328 ι
1551 5276 1992 5334 Reminiscentur
2017 5289 2072 5335 et

497 5375 886 5422 convertentur
919 5365 988 5419 ad
1017 5364 1307 5421 Dominum
1348 5369 1591 5425 universi
1641 5371 1777 5427 lines
1811 5382 1994 5436 terrae,
2020 5383 2077 5428 et

502 5459 807 5511 adorabunt
842 5458 896 5511 in
922 5465 1221 5530 conspectu
1245 5458 1366 5528 ejus
1396 5460 1666 5517 universa:
1697 5462 1913 5517 familia:
1939 5479 2074 5534 gen-

499 5555 638 5601 tium
660 5549 725 5610 “,
767 5568 784 5600 ι
844 5565 1019 5619 usque
1067 5549 1134 5604 ad
1189 5551 1386 5607 illum:
1428 5575 1447 5605 ι
1497 5554 1928 5611 Annuntiabitur
1971 5555 2077 5612 Do-

575 5663 617 5695 “
647 5662 1058 5742 Δῐξειιξ-ιικηξὶη⁸
1085 5669 1134 5742 ff
1173 5669 1330 5729 Joan.
1367 5674 1555 5738 xl,25.
1633 5675 1678 5707 “
1714 5674 1871 5732 Joan.
1906 5693 1959 5742 ν,
1995 5676 2085 5730 24.

2179 4649 2294 4686 σανο
2333 4630 2550 4702 ἤνοιξαν
2580 4644 2640 4680 τε
2681 4626 2852 4696 στόμα
2896 4624 2983 4676 ἐπ’
3015 4622 3198 4684 αὐτὸν,
3228 4622 3302 4684 ὡς
3327 4618 3454 4672 λέων
3480 4606 3677 4704 ἁρπάξωςθ

2176 4726 2270 4779 καὶ
2294 4723 2603 4793 ὼρυόμενος
2625 4738 2638 4784 ;
2666 4737 2684 4769 ι
2719 4719 2813 4771 καὶ
2833 4719 2926 4769 ἐπὶ
2955 4715 3188 4778 τούτοις·
3219 4732 3238 4765 ι
3258 4711 3429 4779 Τίναή
3454 4709 3676 4793 συναγωτη

2176 4818 2284 4872 τῶν
2311 4813 2754 4885 πονηρευομένων
2786 4807 3100 4879 περιέσχεν·
3127 4807 3222 4859 καὶ
3255 4801 3517 4875 περιέσχεν
3531 4791 3673 4885 οὖῖωςν

2176 4913 2253 4975 ὡς
2289 4911 2382 4964 καὶ
2408 4883 2597 4979 ὀρύξαι
2641 4902 2807 4959 αὑτοῦ
2840 4905 3025 4974 χεῖρας
3069 4901 3162 4954 καὶ
3193 4898 3374 4959 πόδας,
3422 4891 3504 4945 καὶ
3547 4883 3672 4979 πόντιε

2181 5003 2345 5060 αὐτοῦ
2417 4998 2773 5072 ἐξαριθμῆσαι
2840 4995 2908 5047 τὰ
2982 4993 3155 5055 ὀστᾶ,
3219 4975 3593 5059 ὣαμερίσασθαι
3633 4983 3670 5072 ξι

2182 5099 2392 5158 ἑαυτοῖς
2419 5061 2582 5146 αύτόῦ
2609 5061 2691 5146 ’τά
2721 5091 2930 5162 ἱμάτια,
2968 5086 3254 5158 βάλλοντας
3286 5079 3470 5151 κλῆρον

2182 5187 2470 5262 ἱματισμὸν
2511 5183 2704 5249 αύτοῦ;
2726 5203 2744 5233 ι
2787 5179 3022 5234 Τοιαῦτα
3061 5177 3167 5250 γάρ
3197 5174 3314 5228 τινά
3342 5187 3460 5242 φησι
3486 5165 3536 5262 ’ξδ
3555 5165 3664 5262 ένὶτη

2179 5256 2384 5351 φαλμῷ
2403 5276 2688 5347 πρόσωπον
2708 5313 2721 5337 ,
2751 5272 2778 5324 ὃ
2806 5271 2900 5325 καὶ
2925 5269 3060 5341 μετὰ
3086 5270 3146 5322 τὸ
3173 5265 3396 5321 τοσαῦτα
3419 5256 3580 5351 παθεῖν
3596 5256 3660 5350 ita:

2183 5342 2338 5445 ιρέρει
2351 5342 2534 5437 ’λέγων
2553 5407 2568 5430 ,
2598 5386 2617 5417 ι
2645 5365 2981 5435 Διηγήσομαι
3001 5363 3061 5416 τὸ
3082 5360 3249 5432 ὗνομά
3270 5374 3356 5411 σου
3373 5355 3472 5452 ῖοῖξ

2304 5505 2318 5528 ,
2355 5466 2412 5516 ὲν
2441 5460 2588 5530 μέσῳ
2627 5455 2949 5526 Ἐκκλησίας
2979 5455 3206 5525 ὑμνήσω
3230 5466 3316 5502 σε’
3343 5467 3359 5497 ι
3389 5441 3660 5532 λυέτωσανξθ

2184 5535 2337 5612 ταῦθ’
2369 5555 2483 5624 ἅμα
2504 5551 2595 5604 καὶ
2624 5550 2692 5605 τὰ
2719 5547 2880 5601 λοιπὰ
2899 5546 2991 5600 τοῦ
3013 5543 3224 5617 ψαλμοῦ
3247 5537 3549 5612 διηγούμενοι
3564 5565 3576 5586 .
3595 5535 3659 5592 μα’

2159 5678 2203 5707 ³⁷
2242 5675 2386 5731 Psal.
2425 5688 2514 5727 xxi
2537 5711 2550 5732 ,
2580 5669 2637 5725 9..
2711 5668 2756 5701 ³⁸
2794 5666 2983 5731 Matth.
3019 5660 3296 5732 nuntii1
3353 5647 3658 5732 ”__I’§P!-,

661 5703 804 5719 ην..
959 5703 1011 5720 υ.
1367 5703 1443 5738 υ,
1469 5703 1555 5730 ω.
1714 5703 1871 5732 ουκ...
1909 5703 1959 5742 ν,
1998 5703 2063 5730 ες

510 5733 862 5816 ιρι-ηερε.
942 5736 985 5765 ³ο
1025 5739 1153 5801 ibid.
1189 5743 1290 5808 es,
1321 5743 1412 5799 26.
1491 5747 1530 5776 σι
1578 5746 1708 5802 ibid.
1746 5747 1797 5803 8.
1876 5749 1919 5777 τι
1961 5748 2063 5802 una

2168 5703 2386 5816 Fame
2427 5703 2691 5804 331.113,
2735 5703 3322 5794 1.:f'“‘s'€'3b353'1’7‘.19.
3393 5703 3571 5774 ιίίιιίά.
3599 5703 3659 5760 95'

503 5810 552 5862 ’ἲ
593 5805 724 5863 ibid;
762 5805 852 5863 ‘28.
