3952 6198
252 200 386 258 1109

1272 200 1570 257 ECLOGA)
1611 200 2096 257 PROPHETICE.
2137 229 2205 241 ——
2242 198 2372 255 LIB.
2415 197 2481 255 11.

3377 194 3514 250 1110

246 318 402 373 λιστα
431 317 539 371 ἀπὸ
565 315 660 371 τοῦ
677 357 691 381 ,
727 337 745 371 ι
768 318 1183 390 Μνησθήσονται
1208 321 1301 373 καὶ
1326 321 1801 393 ἐπιστραφήσοντα

1928 319 2079 374 mino
2144 318 2425 392 generatio
2506 323 2735 372 ventura
2767 334 2779 372 :
2816 324 2870 372 et
2918 313 3324 370 annuntiabunt
3378 311 3506 365 coeli

244 410 381 483 πρὸς
404 410 606 482 Κύριον
630 411 806 464 πάντα
831 411 898 464 τά
934 412 1145 485 πέρατα
1180 413 1276 483 τῆς
1303 413 1431 482 γῆς·
1464 414 1557 467 καὶ
1592 431 1829 486 προσκυ-

242 505 493 577 νήσουσιν
514 506 742 560 ἐνώπιον
768 508 929 561 αὑτοῦ
954 510 1123 561 πᾶσαι
1146 511 1201 562 αἱ
1230 509 1454 580 πατριαὶ
1474 508 1581 563 τῶν
1602 510 1789 575 ἐθνῶν,
1804 531 1821 563 ι

244 598 409 671 μέχρι
434 599 548 663 τοῦ,
590 620 607 651 ι
634 600 1085 671 Ἀναγγελήσεται
1108 600 1187 671 τῷ
1217 604 1406 674 Κυρίῳ
1427 603 1588 672 γενεὰ
1617 606 1649 674 ἡ
1675 606 1830 675 ἐρχο-

244 690 379 763 μένη
397 733 413 757 ,
436 694 529 745 καὶ
548 693 907 761 άναγγελοῦσι
934 695 1031 765 τὴν
1054 694 1399 766 δικαιοσύνην
1424 697 1587 749 αὑτοῦ
1612 695 1725 766 λαῷ
1749 699 1828 769 τῷ

240 781 649 855 τεχθησομένῳ,
680 783 737 836 ὃν
771 784 1023 854 ἐποίησεν
1054 787 1082 837 ό
1114 786 1336 857 Κύριος.
1362 807 1379 838 ι
1402 788 1827 859 Παριστάτωσαν

238 874 349 944 γὰρ
384 873 480 945 τὴν
513 875 633 927 τότε
669 876 765 946 μὲν
801 874 877 946 μὴ
914 876 1262 948 ὑπάρχουσάν
1299 898 1383 932 πω
1416 879 1608 947 γενεάν
1630 920 1644 944 ,
1676 880 1826 952 ἥξειν

237 962 297 1018 δὲ
319 965 399 1027 είς
428 964 687 1035 μέλλοντα
719 967 909 1037 χρόνον
935 969 1446 1041 προφητευομένην·
1474 971 1568 1025 καὶ
1590 972 1681 1025 τὸν
1704 972 1827 1044 πρό-

237 1074 391 1129 τερον
430 1058 527 1128 μὲν
561 1058 785 1130 μηδέπω
817 1058 945 1112 ὄντα
975 1059 1124 1124 λαὸν,
1155 1061 1513 1133 τεχθήσεσθαι
1545 1063 1601 1116 δὲ
1630 1066 1686 1117 ἐν
1711 1067 1825 1129 τοῖς

240 1150 531 1221 μετέπειτα
566 1152 778 1221 χρόνοις
804 1150 1184 1224 προορώμενον
1202 1169 1217 1185 ·
1255 1153 1563 1223 λεγέτωσαν
1589 1173 1647 1209 τε
1675 1158 1727 1210 τί
1759 1157 1824 1211 ἂν

236 1240 440 1294 είποιεν
457 1242 695 1313 περὶτῆς
714 1242 803 1295 διὰ
851 1242 1007 1315 Ιησοῦ
1026 1242 1260 1314 Χριστοῦ
1282 1244 1377 1297 τοῦ
1396 1246 1546 1317 Σωτῆ
1557 1263 1645 1317 ρος
1667 1249 1699 1318 ἡ
1708 1247 1823 1318 μῶν

236 1333 512 1403 συστάσης
536 1337 599 1386 ἐκ
625 1335 843 1389 πάντων
862 1334 969 1387 τῶν
993 1335 1161 1388 ἐθνῶν
1196 1335 1549 1407 Ἐκκλησίας·
1579 1334 1687 1411 ἆρα
1714 1340 1823 1410 γὰρ

233 1427 329 1481 ἐπὶ
360 1430 472 1492 τοῖς
509 1430 785 1491 τοσούτοις
821 1427 1049 1498 πλήθεσι
1080 1428 1188 1482 τῶν
1221 1429 1306 1483 διὰ
1339 1429 1429 1483 τοῦ
1464 1431 1701 1501 Χριστοῦ
1732 1432 1822 1486 τὸν

231 1520 340 1576 τῶν
363 1521 499 1575 ὅλων
528 1520 659 1574 Θεὸν
688 1520 1078 1586 ἐπεγνωκότων
1105 1520 1168 1589 (Γ.
1199 1521 1270 1575 22
1294 1538 1321 1574 v
1339 1522 1382 1592 °)
1411 1523 1511 1576 οὐκ
1539 1523 1604 1577 ἂν
1628 1524 1821 1595 ὁμολο-

231 1612 459 1682 γήσαιεν
492 1611 881 1682 πεπληρῶσθαι
916 1612 1009 1678 τὸ,
1066 1633 1081 1663 ι
1107 1612 1523 1685 Μνησθήσονται
1567 1616 1658 1669 καὶ
1698 1619 1820 1670 ἐπι-

1929 411 2201 484 justitiam
2232 411 2353 480 ejus
2384 410 2584 482 populo
2615 410 2711 481 qui
2740 417 3022 474 nascetur,
3054 420 3217 477 quem
3244 403 3370 460 fecit
3402 400 3513 458 Do-

1931 505 2114 559 minus
2134 505 2200 558 '7.
2235 522 2252 556 ι
2308 501 2617 559 Ostendant
2671 502 2817 557 enim
2887 501 3332 572 generationem,
3387 512 3511 568 qua:

1932 598 2175 653 nondum
2227 598 2538 661 exstiterat,
2594 596 2755 667 quasi
2821 601 3107 649 venturam
3159 594 3217 646 in
3266 591 3509 645 futurum
3550 662 3553 663 ν

1932 692 2317 763 prophetizari,
2336 700 2682 761 veteremque
2705 690 2797 761 qui
2823 689 3063 743 nondum
3087 692 3205 742 erat
3225 684 3507 755 populum,

1929 786 2274 840 nasciturum
2303 785 2357 839 in
2388 784 2793 855 posterioribus
2815 784 2946 837 aevis
2983 778 3291 851 pmvidcri.
3318 776 3512 830 Dicant

1928 878 2059 949 quid
2078 876 2274 933 afferre
2299 879 2515 947 possint
2540 877 2607 931 de
2635 875 2882 930 Ecclesia
2903 889 3000 944 per
3020 872 3205 928 Jesum
3229 870 3509 926 Christum

1931 968 2270 1024 Salvatorem
2323 976 2574 1024 nostrum
2616 967 2874 1023 omnibus
2940 965 3196 1036 gentibus
3251 959 3506 1017 conﬂata.

1928 1058 2180 1114 Profecto
2216 1059 2359 1114 enim
2387 1060 2441 1113 in
2473 1066 2623 1113 tanta
2663 1074 2854 1114 eorum
2879 1056 3234 1112 multitudine
3262 1055 3377 1124 qui,
3413 1067 3509 1122 per

1925 1146 2226 1212 Christum,
2266 1157 2545 1204 auctorem
2599 1149 2845 1203 omnium
2896 1148 3066 1203 Deum
3111 1152 3503 1217 cognoverunt,
3588 1130 3593 1143 ’

1926 1257 2035 1296 non
2088 1251 2314 1313 possent
2351 1258 2459 1297 non
2511 1242 2760 1297 conﬁteri
2805 1242 2937 1296 illud
2990 1240 3271 1311 impletum
3317 1238 3505 1303 fuisse,

1926 1333 2154 1397 scilicet,
2197 1351 2215 1383 ι
2242 1330 2691 1388 Reminiscentur
2719 1340 2774 1385 et
2807 1335 3203 1384 convertentur
3231 1325 3298 1380 ad
3324 1324 3508 1379 Domi-

1924 1441 2056 1480 num
2096 1440 2288 1481 omnes
2324 1425 2459 1479 ﬁnes
2484 1432 2681 1490 terrae;
2723 1442 2742 1475 ι
2805 1438 2906 1477 nec
2957 1437 3090 1485 non,
3131 1438 3150 1471 ι
3183 1417 3507 1493 Adorabunt

1924 1517 1977 1571 in
2010 1526 2310 1588 conspectu
2340 1516 2460 1586 ejus
2492 1516 2763 1571 universae
2804 1502 3025 1569 familiae
3055 1512 3320 1583 gentium.
3358 1529 3376 1561 ι
3412 1508 3508 1564 Vc-

1929 1602 2330 1664 rumenimvero
2387 1609 2521 1665 hora
2584 1616 2667 1663 est
2714 1608 2803 1669 iis,
2831 1608 2924 1677 qui
2958 1617 3106 1661 recte
3161 1619 3355 1675 sapere
3412 1617 3507 1657 vo-

230 1703 633 1774 στραςςήσονται
655 1702 791 1774 πρὸς
809 1703 1010 1774 Κύριον
1027 1703 1202 1756 πάντα
1220 1703 1286 1757 τά
1310 1705 1519 1775 πέρατα
1540 1706 1636 1777 τῆς
1657 1710 1807 1779 γῆς·ι

1923 1703 2062 1768 lunt,
2108 1701 2450 1772 prOphetiam
2518 1700 2676 1755 fateri
2728 1701 2795 1754 ab
2847 1700 2955 1753 alio
3003 1698 3155 1752 nullo
3201 1696 3502 1766 inpletam,

229 1791 326 1846 καὶ
376 1792 468 1855 τὸ,
511 1792 1027 1863 «Προσκυνήσουσιν
1074 1792 1305 1847 ἐνώπιον
1348 1795 1512 1849 αὑτοῦ
1556 1799 1727 1851 πᾶσαι
1760 1802 1816 1853 αἱ

229 1885 458 1958 πατριαὶ
489 1885 597 1939 τῶν
632 1885 818 1940 ἐθνῶν.
843 1905 861 1937 ι
911 1886 1069 1941 Ἀλλὰ
1108 1888 1216 1961 γὰρ
1243 1888 1361 1961 ῶρα
1398 1894 1508 1954 τοῖς
1539 1892 1817 1963 εὐγνωμο-

227 1978 342 2030 νεῖν
373 1976 645 2032 εθέλουσιν
665 2019 680 2042 ,
722 1980 821 2032 οὐκ
855 1980 941 2032 ἐπ’
976 1980 1134 2035 ἄλλου
1166 1982 1309 2046 τινὸς
1338 1983 1369 2053 ἦ
1405 1984 1498 2035 ἐπὶ
1532 1986 1692 2054 μόνου
1723 1984 1816 2039 τοῦ

222 2070 433 2141 Κυρίου
466 2064 837 2143 καιΣωτῆρος
866 2072 1021 2144 ἡμῶν
1059 2074 1233 2145 Ἰησοῦ
1266 2076 1501 2147 Χριστοῦ
1534 2078 1817 2148 ὁμολογεῖν

220 2161 620 2232 πεπληρῶσθαι
673 2164 771 2235 τὴν
807 2165 1170 2236 προφητείαν,
1219 2160 1281 2220 οὗ
1312 2167 1450 2222 κατά
1480 2168 1579 2239 τὴν
1613 2185 1818 2240 παρου-

220 2253 348 2305 σίαν
380 2253 543 2307 αὐτοῦ
573 2254 716 2326 καὶὴ
746 2255 854 2309 τῶν
880 2256 1049 2310 ἐθνῶν
1078 2259 1380 2330 ἐπιστροφὴ
1407 2259 1689 2328 γίγνεσθαι
1719 2262 1817 2333 ἦρ-

217 2343 351 2409 ξατο
368 2385 380 2403 .
406 2348 854 2419 παραγενομένης
873 2348 971 2419 τῆς
991 2349 1462 2422 προφητευθείσης
1482 2353 1695 2420 γενεᾶς,
1721 2353 1814 2406 καὶ

214 2437 312 2489 τοῦ
347 2436 479 2491 λαοῦ
518 2439 611 2492 τοῦ
658 2441 1013 2511 τεχθήσεσθαι
1048 2443 1107 2494 οὐ
1148 2444 1306 2513 μόνον
1342 2442 1575 2496 ἐνταῦθα
1610 2446 1811 2516 προδη-

217 2527 483 2598 λουμένον
503 2570 518 2595 ,
545 2529 680 2583 ἀλλὰ
713 2532 804 2583 καὶ
831 2533 888 2583 ὲν
920 2532 1194 2603 ἐκατόστῳ
1228 2532 1427 2604 πρώτῳ
1460 2534 1661 2604 ψαλμῷ
1681 2576 1695 2599 ,
1724 2535 1812 2589 διὰ

215 2617 310 2672 τοῦ
330 2658 345 2681 ,
386 2638 405 2670 ι
437 2620 706 2691 Γραφητω
738 2621 875 2694 αὕτη
907 2623 984 2685 είς
1015 2623 1208 2691 γενεάν
1247 2625 1462 2695 ἑτέραν·
1507 2626 1600 2678 καὶ
1630 2626 1756 2689 λαὸς
1784 2628 1812 2677 ὁ

214 2711 537 2781 κτιζόμενος
554 2713 754 2765 αἰνέσει
783 2713 874 2766 τὸν
905 2714 1125 2785 Κύριον.
1144 2734 1159 2764 ι
1194 2708 1362 2777 Οὗτος
1386 2716 1443 2768 δέ
1472 2718 1586 2770 ἐστι
1603 2719 1731 2788 περὶ
1749 2710 1810 2770 οὗ

212 2805 305 2856 καὶ
330 2805 389 2857 ἐν
427 2803 499 2869 ιζ’
523 2804 708 2876 εἴρητο
728 2846 741 2868 ,
774 2824 791 2855 ι
819 2805 959 2869 Aab;
983 2806 1042 2859 ὃν
1067 2807 1166 2859 ούκ
1184 2807 1352 2875 ἔγνων
1376 2808 1655 2862 ἐδούλευσέ
1685 2826 1807 2881 μοι·

210 2898 291 2959 εἰς
320 2895 502 2967 ἀκοὴν
528 2897 689 2950 ὠτίου
720 2898 997 2969 ὑπήκουσέ
1029 2916 1148 2968 μου.
1179 2918 1196 2949 ι
1228 2899 1425 2953 Τοῦτον
1451 2896 1543 2954 οὖν
1571 2900 1661 2954 τὸν
1696 2902 1808 2954 Σω-

202 2990 348 3062 τῆρα
380 2995 484 3044 καὶ
510 2992 711 3064 Κύριον
735 2992 911 3062 ἡμῶν,
933 2994 1109 3063 σάρκα
1137 2993 1473 3049 ἀναλαϐόντα
1503 2995 1597 3048 καὶ
1618 2995 1685 3049 δι’
1708 2997 1804 3048 αύ-

202 3082 302 3155 τὴν
353 3102 370 3134 ι
402 3082 673 3154 σκώληκα
694 3102 713 3135 ι
772 3083 1217 3154 χρηματίσαντα,
1262 3106 1277 3137 ι
1308 3087 1548 3150 ὐνειδός
1613 3104 1671 3139 τε
1706 3089 1801 3142 ἀν⁴

197 3175 451 3249 θρώπων
493 3176 780 3247 γενόμενον
823 3176 916 3229 καὶ
955 3176 1293 3249 ἐξουδένωμα
1320 3176 1451 3231 λαοῦ
1473 3219 1487 3242 ,
1523 3179 1724 3243 πάντες
1755 3179 1805 3232 οἱ

192 3268 547 3341 θεωροῦηδτές
585 3285 651 3339 με
694 3267 1159 3340 ὲξεμυκτήρισαν,
1183 3291 1201 3324 ι
1262 3272 1493 3343 μάλιστα
1545 3272 1684 3326 κατὰ
1713 3271 1804 3325 τὸν

197 3362 391 3434 καιρὸν
435 3358 531 3414 τοῦ
566 3360 803 3426 πάθους,
838 3362 925 3415 ὅτε
972 3363 1080 3416 τῶν
1120 3364 1178 3417 ἐν
1216 3367 1281 3435 τῇ
1316 3362 1620 3436 προφητεία
1653 3364 1805 3429 τέλος

205 3453 472 3524 ἰσχόντων
500 3455 546 3505 οἱ
581 3454 1084 3526 παραπορευόμενοι
1106 3454 1492 3526 ἐϐλασφήμουν
1522 3456 1683 3509 αὑτὸν
1710 3458 1805 3509 καὶ

201 3545 581 3619 ἐμυκτήριζον
600 3546 846 3615 λέγοντες
870 3586 885 3610 ,
914 3567 931 3598 ι
948 3546 1172 3610 ’Ἄλλους
1197 3546 1387 3613 ἔσωσε,
1427 3548 1656 3601 σωσάτω
1676 3550 1802 3602 ἐαυ-

199 3640 291 3693 τόν
307 3658 319 3669 ·
348 3659 367 3691 ι
401 3641 531 3693 τότε
553 3640 608 3692 δὲ
635 3640 730 3693 καὶ
755 3659 773 3691 ‹
799 3640 1095 3712 Ἑλάλησαν
1120 3643 1176 3694 ἐν
1202 3642 1403 3712 χείλεσι
1429 3645 1523 3697 καὶ
1545 3643 1802 3714 ἐκίνησαν

200 3731 450 3804 κεφαλὴν
477 3751 497 3781 ι
532 3732 739 3785 ἑαυτῶν
768 3734 887 3788 κατ’
916 3732 1110 3786 αὑτοῦ·
1143 3734 1326 3797 αὐτοῖς
1360 3736 1596 3808 ῥήμασιν
1624 3739 1802 3792 εἰπόν⁴

197 3840 288 3888 τες
308 3824 393 3885 τὸ,
435 3842 454 3874 ι
488 3823 754 3876 Ἥλπισεν
772 3825 863 3877 ἐπὶ
886 3824 1110 3898 Κύριον,
1140 3826 1393 3896 ῥυσάσθω
1417 3829 1599 3892 αὑτὸν,
1628 3830 1803 3884 σωσά-

194 3931 273 3968 τω
301 3916 498 3983 αὑτὸν,
530 3915 771 3970 ὅτιθέλει
800 3916 992 3970 αὐτόν·
1018 3937 1035 3968 ι
1069 3917 1209 3970 αὐτὰ
1238 3918 1345 3989 γάρ
1372 3919 1435 3991 δὴ
1464 3921 1637 3974 ταῦτα
1659 3920 1801 3975 κατὰ

194 4008 253 4061 τὸ
281 4008 462 4071 πάθος
495 4007 743 4079 εἰρῆσθαι
772 4010 859 4061 ἐπ’
878 4008 1027 4079 αὐτῷ
1060 4010 1118 4063 ἐν
1144 4012 1257 4073 τοῖς
1292 4010 1643 4081 Εὐαγγελίοις
1670 4016 1802 4067 ἀνα-

193 4098 537 4172 γέγραπται.
602 4099 787 4169 Τούτῳ
820 4096 913 4153 οὖν
952 4100 1046 4153 καὶ
1094 4099 1239 4170 μόνῳ
1282 4101 1417 4171 πρὸς
1459 4103 1551 4155 τὸν
1582 4104 1800 4175 Πατέρα

195 4191 381 4261 λέγειν
404 4191 641 4265 ἁρμόζει
670 4212 687 4242 ι
704 4193 823 4245 Ὅτι
851 4192 915 4245 σὺ
939 4189 986 4244 εἴ
1002 4194 1030 4244 ὁ
1052 4192 1333 4258 ἐκσπάσας
1364 4211 1429 4265 με
1448 4196 1509 4248 ἐκ
1530 4198 1763 4268 γαστρός
1780 4216 1792 4228 ·

193 4286 226 4355 ἡ
251 4285 413 4350 ἐλπίς
438 4303 544 4356 μου
564 4285 671 4338 ἀπὸ
696 4285 914 4356 μαστῶν
935 4285 1034 4356 τῆς
1063 4287 1267 4358 μητρός
1285 4303 1384 4357 μου
1406 4304 1419 4317 ·
1442 4289 1534 4340 ἐπὶ
1558 4288 1615 4341 σὲ
1640 4291 1804 4361 ἐπερο

195 4377 365 4449 ρίφην
410 4378 480 4431 ἐκ
530 4380 772 4449 μήτρας·
813 4379 876 4430 ἐκ
908 4377 1113 4441 κοιλίας
1150 4379 1354 4451 μητρός
1388 4396 1488 4449 μου
1522 4379 1654 4445 Θεός
1689 4400 1792 4453 μου

1923 1795 2028 1850 nisi
2060 1810 2089 1847 a
2122 1795 2240 1851 solo
2275 1793 2505 1849 Domino
2539 1800 2592 1849 et
2621 1791 2907 1847 Salvatore
2951 1799 3143 1846 nostro
3174 1786 3304 1844 Jesu
3340 1786 3503 1842 Chri--

1920 1895 2031 1950 sto,
2061 1888 2220 1958 cujus
2247 1902 2345 1956 per
2371 1887 2806 1965 incarnationem
2842 1883 3048 1954 incepit
3095 1882 3337 1953 gentium
3368 1895 3504 1935 con-

1922 1980 2121 2045 versio,
2192 1980 2616 2050 superveniente
2677 1978 3043 2049 praenuntiata
3110 1975 3500 2047 generatione.

1918 2088 2021 2127 nec
2073 2088 2182 2127 non
2250 2073 2452 2143 p0pulo
2507 2073 2600 2143 qui
2654 2072 2970 2127 nasciturus
3016 2084 3126 2122 non
3169 2069 3345 2122 solum
3411 2067 3502 2122 hic

1919 2166 2217 2238 praedictus
2244 2174 2350 2227 est,
2386 2165 2482 2221 sed
2518 2172 2572 2219 et
2619 2164 2674 2217 in
2705 2162 3007 2217 centesimo
3051 2162 3226 2231 primo
3265 2161 3497 2230 psalmo,

1919 2260 2005 2315 his
2026 2258 2207 2314 verbis
2239 2275 2254 2313 :
2293 2276 2311 2310 ι
2351 2256 2681 2313 Scribantur
2701 2256 2815 2309 haec
2844 2255 2897 2307 in
2926 2253 3280 2324 generatione
3301 2254 3495 2317 altera,

1915 2358 1969 2407 et
2001 2351 2255 2421 populus,
2289 2350 2383 2421 qui
2418 2350 2720 2409 creabitur,
2768 2345 3014 2400 laudabit
3053 2344 3341 2401 Dominum
3363 2346 3427 2401 ⁸⁸.
3471 2364 3491 2399 ι

1916 2442 2017 2497 llic
2078 2451 2164 2499 est
2218 2442 2286 2497 de
2348 2458 2460 2512 quo
2505 2450 2561 2497 et
2604 2443 2659 2497 in
2700 2443 2913 2499 decimo
2962 2441 3195 2510 septimo
3245 2438 3492 2494 dicitur:
3568 2448 3577 2459 ‘

1921 2553 1939 2586 ι
1980 2533 2247 2605 Populus,
2279 2550 2444 2605 quem
2498 2551 2608 2588 non
2641 2536 2872 2607 cognovi
2901 2575 2915 2599 ,
2966 2534 3192 2589 servivit
3224 2532 3354 2587 mihi
3392 2551 3404 2587 :
3437 2533 3493 2585 in

1914 2626 2106 2681 auditu
2150 2627 2301 2681 auris
2353 2627 2595 2682 obcdivit
2646 2629 2778 2682 mihi
2802 2630 2867 2683 ‘9.
2902 2648 2920 2678 ι
2969 2626 3126 2682 Hunc
3179 2626 3343 2696 igitur
3376 2623 3498 2679 Sal-

1913 2729 2151 2774 vatorem
2170 2725 2225 2774 et
2254 2718 2541 2772 Dominum
2573 2730 2846 2782 nostrum,
2865 2735 3030 2774 carne
3047 2725 3324 2787 suscepta,
3352 2716 3495 2772 ideo-

1912 2829 2019 2883 que
2050 2830 2275 2868 vermem
2312 2813 2983 2884 vocatum,copprobrium
3010 2811 3293 2867 hominum
3324 2820 3378 2866 et
3406 2811 3496 2864 ab-

1906 2907 2202 2976 jectionem
2234 2905 2409 2975 plebis
2443 2925 2454 2959 :
2488 2919 2681 2960 omnes
2734 2905 2983 2960 videntes
3024 2920 3132 2967 me,
3184 2903 3495 2959 deriserunt

1912 3016 1997 3055 me
2018 3000 2086 3063 το,
2124 3020 2143 3051 ι
2179 2998 2487 3068 praesertim
2533 2997 2586 3051 in
2619 2998 2896 3067 passionis
2940 3006 3202 3066 tempore,
3228 3012 3353 3051 cum
3378 2996 3490 3055 isti.

1910 3092 2003 3161 qui
2032 3091 2170 3144 hanc
2194 3092 2553 3161 impleverunt
2577 3093 2940 3162 prophetiam,
2968 3097 3316 3144 transeuntes
3342 3089 3488 3144 blas-

1916 3181 2245 3252 phemabant
2297 3195 2421 3236 eum
2465 3192 2519 3236 et
2573 3181 2893 3236 deridebant
2937 3180 3224 3235 dicentes:
3277 3196 3294 3227 ι
3341 3178 3491 3233 Alios

1909 3276 2089 3331 salvos
2124 3274 2269 3338 fecit,
2317 3290 2374 3330 se
2420 3274 2632 3329 salvum
2666 3273 2914 3337 faciat“,
2952 3292 2970 3325 ›
3019 3282 3148 3327 tunc
3182 3279 3237 3326 et
3269 3290 3286 3323 ι
3322 3271 3488 3327 locuti

1910 3378 2037 3422 sunt
2062 3367 2223 3422 labiis
2259 3375 2312 3421 et
2360 3371 2653 3420 moverunt
2687 3366 2921 3433 caput"
2957 3384 2975 3416 ι
3013 3380 3174 3420 suum
3225 3365 3489 3419 adversus

1906 3476 2070 3526 eum;
2105 3460 2286 3516 verbis
2348 3458 2541 3513 iisdem
2582 3457 2829 3512 dicentes
2858 3477 2869 3511 :
2898 3475 2916 3507 ι
2955 3456 3205 3527 Speravit
3263 3457 3316 3510 in
3381 3456 3488 3509 Do-

1909 3554 2079 3617 mino,
2116 3552 2458 3623 eripiateum
2491 3570 2503 3605 :
2536 3552 2747 3605 salvum
2805 3549 2970 3603 faciat
3020 3565 3145 3604 eum
3173 3589 3187 3612 ,
3226 3548 3484 3618 quoniam

1905 3645 2019 3697 vult
2051 3643 2260 3698 eum”.
2301 3660 2318 3692 ι
2357 3639 2493 3694 Huic
2543 3639 2710 3710 igitur
2778 3641 2878 3695 soli
2927 3639 2992 3693 ad
3048 3638 3263 3692 Patrem
3304 3640 3486 3693 dicere

1906 3736 2184 3798 convenit,
2220 3754 2237 3785 ι
2274 3733 2543 3801 Quoniam
2576 3742 2631 3787 tu
2661 3749 2757 3796 es,
2786 3734 2878 3803 qui
2919 3730 3210 3788 extraxisti
3277 3747 3362 3785 me
3418 3730 3487 3785 de

1903 3837 2132 3882 ventre:
2171 3842 2295 3897 spes
2325 3843 2443 3882 mea
2493 3827 2561 3880 ab
2607 3825 2873 3880 uberibus
2917 3824 3109 3879 matris
3149 3838 3300 3877 meae.
3340 3822 3398 3876 ln
3430 3829 3484 3877 to

1905 3920 2180 3988 projectus
2203 3934 2324 3974 sum
2346 3934 2412 3973 ex
2436 3925 2592 3972 utero
2617 3937 2631 3973 :
2655 3917 2723 3973 de
2745 3924 2934 3973 ventre
2964 3916 3153 3971 matris
3184 3931 3316 3971 mea:
3342 3915 3484 3971 Dens

1903 4025 2058 4065 meus
2097 4025 2157 4065 es
2189 4009 2330 4064 tu“.
2373 4029 2392 4062 ι
2435 4008 2707 4065 Praeterea
2733 4009 2892 4065 docet
2936 4024 3037 4063 nos
3067 4007 3312 4077 psalmus
3336 4006 3481 4077 quod

1901 4103 2149 4173 quaedam
2200 4103 2552 4173 nequissima:
2578 4112 2632 4158 et
2662 4102 2788 4157 fera:
2816 4110 3113 4173 potestates
3153 4099 3381 4156 insidias
3430 4101 3481 4157 ei

1901 4204 2241 4260 struxerunt,
2267 4196 2334 4252 de
2364 4197 2566 4267 quibus
2595 4196 2730 4252 dicit
2760 4216 2772 4251 :
2809 4214 2827 4247 ι
2857 4194 3351 4250 Circumdcderunt
3394 4210 3482 4248 me

1901 4288 2053 4341 vituli
2089 4288 2268 4353 multi,
2298 4289 2443 4342 tauri
2479 4291 2710 4359 pingues
2755 4287 3091 4344 obsederunt
3114 4302 3199 4340 me
3221 4287 3297 4351 7';
3343 4304 3361 4337 ι
3396 4283 3483 4340 di-

1900 4381 1974 4436 cit
2034 4380 2198 4435 etiam
2250 4379 2318 4437 de
2362 4381 2815 4435 circumcisorum
2878 4376 3163 4449 Synagoga
3217 4376 3481 4433 adversus

192 4466 243 4524 εῖ
268 4472 358 4525 σύ.
392 4492 410 4523 ι
450 4469 598 4540 Πλὴν
629 4471 720 4522 ἐπὶ
751 4469 960 4532 τούτοις
987 4472 1016 4523 ὁ
1047 4470 1203 4538 λόγος
1231 4472 1377 4542 ἡμᾶς
1411 4472 1678 4537 παιδεύει,
1713 4474 1789 4538 ὡς

1913 4491 2020 4530 :um
2046 4475 2321 4528 concitata
2353 4489 2364 4524 :
2398 4493 2416 4524 ι
2455 4471 2948 4528 Circumdederunt
2970 4488 3056 4527 me
3080 4487 3246 4526 caues
3271 4469 3429 4525 multi
3462 4488 3476 4523 :

191 4560 300 4629 ἄρα
332 4561 432 4614 καὶ
477 4560 736 4630 δυνάμεις
766 4561 998 4632 πονηραί
1024 4576 1168 4625 τινες
1196 4563 1289 4615 καὶ
1315 4561 1598 4636 θηριώδεις
1627 4565 1790 4636 ἐνήρ-

194 4672 370 4725 γησαν
394 4654 504 4724 τὴν
543 4656 661 4707 κατ’
688 4653 851 4706 αὑτοῦ
886 4653 1208 4726 ἐπιϐουλὴν,
1252 4656 1318 4709 δι’
1344 4655 1409 4719 ἃς
1436 4658 1530 4710 καὶ
1558 4657 1785 4726 ἔφασκε,

194 4746 707 4819 «Περιεκύκλωσάν
749 4765 814 4818 με
864 4748 1050 4819 μόσχοι
1099 4750 1321 4804 πολλοί·
1366 4749 1557 4821 ταῦροι
1603 4751 1788 4814 πίονες

189 4841 493 4912 περιέσχον
547 4856 643 4909 με·
670 4859 688 4890 ι
742 4841 835 4893 καὶ
870 4844 995 4913 περὶ
1031 4842 1129 4912 τῆς
1172 4841 1540 4913 ἐπισυστάσης
1574 4842 1630 4895 δὲ
1666 4843 1785 4896 κατ’

187 4934 356 4988 αὐτοῦ
382 4937 449 4988 ἐκ
472 4935 774 5006 περιτομῆς
793 4935 1127 5005 Συναγωγῆς
1148 4953 1311 5007 φησιν
1332 4975 1345 4998 ,
1373 4936 1450 4989 ὅτι
1480 4956 1498 4986 ι
1522 4936 1788 4989 Ἐκύκλω-

187 5027 288 5081 σάν
323 5045 395 5098 με
426 5026 594 5089 κύνες
626 5027 840 5080 πολλοί·
879 5027 1169 5100 συναγωγὴ
1202 5028 1652 5099 πονηρευομένων
1686 5044 1785 5080 πε-

186 5118 409 5190 ριέσχον
455 5133 548 5188 με·
577 5114 722 5173 οὗτοι
748 5119 804 5172 δὲ
822 5122 914 5173 καὶ
942 5119 1156 5191 ῶρυξαν
1183 5120 1243 5172 ού
1276 5119 1462 5191 μόνον(
1484 5118 1581 5182 τὰς
1598 5123 1784 5190 χεῖρας

186 5210 376 5274 αὐτοῦ,
400 5209 556 5281 ,ἀλλὰ
606 5212 850 5273 καὶτοὺς
881 5212 1064 5276 πόδας·
1104 5232 1122 5265 ι
1153 5213 1209 5284 ἢ,
1250 5213 1390 5267 κατὰ
1405 5213 1495 5265 τὸν
1530 5213 1780 5276 Ἀκύλαν,

189 5322 207 5354 ι
227 5304 482 5375 ᾔσχυναν
503 5342 518 5366 ,
549 5322 565 5352 ι
598 5305 843 5373 φήσαντα
863 5344 878 5367 ,
916 5324 934 5356 ι
959 5306 1197 5376 ᾔσχυναν
1222 5308 1408 5378 χεῖράς
1440 5324 1540 5378 μου
1566 5308 1659 5359 καὶ
1687 5307 1783 5359 πό-

186 5395 280 5461 δας
313 5414 423 5467 μου
442 5412 453 5424 ·
487 5414 506 5445 ι
541 5394 569 5445 ὃ
592 5397 684 5448 καὶ
722 5397 938 5468 ἀληθῶς
960 5398 1215 5469 ἐτελέσθη
1241 5438 1255 5463 ,
1293 5400 1382 5452 ὅτε
1409 5399 1783 5470 κρεμάσαντες

837 5581 880 5612 ⁸⁸
923 5579 1065 5637 Psal.
1102 5596 1186 5641 cr,
1226 5579 1311 5635 19.

255 5580 301 5611 ⁸⁷
347 5579 502 5634 Psal.
527 5594 643 5645 xxi,
670 5581 757 5635 52.

878 5652 921 5683 τί
963 5651 1096 5707 ibid.
1136 5652 1234 5710 10.
1278 5649 1364 5706 11.

185 5664 311 5717 xxi,
349 5652 406 5707 8.
490 5648 539 5680 ⁷³
584 5641 715 5707 ibid.
746 5652 797 5707 9.
878 5652 921 5683 τί
963 5651 1096 5707 ibid.
1136 5652 1234 5710 10.
1278 5649 1364 5706 11.
1442 5648 1497 5715 ⁷⁸,
1529 5641 1666 5702 ibid.
1705 5645 1792 5701 15.

1389 5578 1433 5608 ⁸⁵⁸
1471 5573 1594 5628 Psal
1654 5590 1786 5639 xvn,
1822 5576 1912 5633 «15.
1990 5579 2034 5609 ⁷⁸
2075 5577 2197 5634 Psal

1442 5648 1489 5681 ⁷⁸
1529 5641 1666 5702 ibid.
1705 5645 1792 5701 15.
1870 5649 1916 5682 ⁷⁸
1955 5649 2088 5706 ibid.
2132 5650 2197 5706 18

1897 4567 2191 4621 concilium
2247 4565 2662 4637 malignantium
2719 4564 2936 4633 obsedit
2980 4579 3107 4619 me:
3148 4562 3403 4619 foderunt
3456 4583 3474 4614 ι

1898 4676 2007 4715 non
2072 4667 2286 4714 tantum
2344 4677 2361 4711 ι
2420 4674 2617 4714 manus
2687 4674 2878 4721 meas,
2916 4676 2935 4708 ι
2990 4657 3083 4712 sed
3138 4675 3156 4707 ι
3195 4663 3249 4711 et
3313 4656 3480 4726 pedes

1897 4770 2047 4809 meos
2068 4754 2141 4820 7‘;
2179 4772 2197 4804 ο
2234 4753 2339 4815 vel,
2387 4752 2687 4807 secundum
2716 4752 2966 4822 Aquilam
2996 4789 3010 4811 ,
3053 4768 3070 4800 ε
3113 4747 3479 4803 dedecorave-

1895 4853 2043 4907 runt,
2079 4865 2096 4897 ι
2135 4845 2232 4907 ait,
2279 4865 2297 4895 ‹
2329 4845 2798 4900 dedecoraverunt
2848 4857 3044 4897 manus
3060 4857 3210 4896 meas
3233 4848 3287 4896 et
3310 4838 3477 4910 pedes

1894 4955 2085 4995 meos:
2119 4959 2139 4994 ι
2180 4936 2326 5009 quod
2353 4946 2408 4992 et
2438 4953 2565 4992 vere
2595 4935 2848 4991 elTectum
2883 4942 2990 4998 est,
3029 4948 3155 4987 cum
3190 4932 3338 5003 ligno
3369 4929 3477 4985 alli-

1892 5040 2084 5103 gontes
2107 5047 2229 5087 eum
2276 5031 2445 5085 clavis
2475 5031 2596 5100 ejus
2628 5042 2933 5097 manusque
2973 5026 3249 5095 pedesque
3297 5024 3475 5095 perfo-

1893 5132 2173 5190 raverunt,
2225 5132 2278 5179 et
2315 5124 2602 5193 pulchrum
2642 5119 2889 5191 quidem,
2932 5116 2979 5171 si
3019 5117 3145 5186 quis
3192 5122 3473 5185 expeteret

1892 5223 1952 5270 ut
1984 5214 2266 5285 Scriptura
2311 5215 2637 5283 probaretur
2675 5207 2821 5280 quod
2857 5206 3111 5261 Christus
3154 5208 3306 5260 cruci
3339 5221 3471 5276 sup-

1894 5308 2113 5379 plicium
2164 5322 2431 5377 passurus
2480 5303 2774 5374 praedictus
2810 5307 2918 5368 est,
2961 5301 3105 5355 inter
3149 5298 3255 5352 alia
3301 5292 3486 5354 docu?

1891 5406 2071 5453 mcnta
2094 5408 2148 5453 et
2176 5397 2307 5452 illud
2332 5395 2525 5451 afferre
2552 5416 2565 5451 :
2600 5415 2617 5447 ι
2659 5393 3105 5456 Perforaverunt,
3141 5411 3158 5443 ι
3187 5396 3242 5446 et
3265 5392 3467 5461 potius.

1990 5579 2034 5609 ⁷⁸
2075 5577 2218 5634 Psal.
2257 5596 2345 5636 xx:
2370 5619 2383 5646 ,
2423 5579 2472 5643 7,
2505 5578 2556 5634 8.
2634 5579 2676 5610 ⁷¹
2720 5574 2854 5637 Luc.
2894 5592 3071 5640 xxiii,
3108 5570 3179 5629 33
3221 5610 3235 5627 .
3272 5568 3472 5627 "Psal.

3477 5264 3491 5289 ι
3538 5260 3545 5269 .
