3952 6198
203 255 342 311 Ill?)

729 379 1118 434 ΚΕΦΑΛΑΙΟΝ
1161 381 1260 434 ιε’.

775 492 1026 560 Ψαλμοῦ
1052 489 1210 561 ρμα⁹.

273 580 383 633 Καὶ
415 580 476 634 τὸ
510 580 696 635 ἐνθάδε
745 582 1036 653 λεγόμενον
1059 623 1074 644 ,
1108 603 1124 634 ι
1176 585 1304 654 Ἐμέ
1345 585 1669 655 ὑπομενοῦσι
1719 586 1786 639 δί-

207 671 478 742 καιοιγέως
517 669 578 727 οὗ
619 674 931 759 ἁνταποδῷς
963 692 1072 744 μοι,
1117 694 1133 724 ι
1171 675 1345 728 ἔοικεν
1385 677 1448 727 ἐκ
1493 674 1782 744 προσώπου
1807 686 1824 698 ⁶

207 762 454 829 λέγεσθαι
493 763 588 817 τοῦ
620 764 886 835 Σωτῆρος·
936 764 1056 816 τίνα
1107 764 1215 835 γὰρ
1253 764 1409 818 ἄλλον
1459 766 1784 836 ὑπομενοῦσι

203 856 400 908 δίκαιοι
445 857 548 919 ἓως
597 849 656 908 οῦ
699 855 978 925 άνταποδῷ
1025 855 1171 926 αὐτῷ
1216 857 1244 907 ὁ
1288 856 1437 920 Θεὸς,
1475 857 1506 926 ἢ
1559 858 1782 924 τοῦτον;

215 943 370 999 Ἐπεὶ
403 946 583 1010 καθὼς
615 943 831 1020 εἴρηταί
883 965 984 1000 που
1025 948 1151 1018 περὶ
1193 948 1300 1000 τῶν
1334 948 1499 1001 πάλαι
1538 949 1782 1014 δικαίων,

205 1039 281 1102 ὡς
312 1041 418 1110 ἄρα
455 1059 472 1090 t
515 1039 966 1111 Μαρτυρηθέντες
997 1041 1097 1093 οὐκ
1139 1041 1462 1112 ἐκομίσαντο
1490 1043 1586 1104 τὰς
1617 1046 1786 1112 ἑπαγ-

212 1131 412 1200 γελίας,
439 1129 532 1184 τοῦ
560 1129 694 1184 Θεοῦ
728 1131 974 1202 κρεῖττόν
993 1148 1045 1183 τι
1082 1132 1207 1202 περὶ
1233 1131 1390 1202 ἡμῶν
1415 1131 1788 1204 προϐλεψαμέ-

207 1240 296 1276 νου
324 1223 408 1275 ἵνα
446 1223 518 1292 μὴ
561 1223 728 1292 χωρὶς
767 1220 922 1292 ἡμῶν
965 1222 1342 1276 τελειωθῶσιν.
1387 1244 1405 1274 ι
1434 1225 1602 1294 Δῆλον
1633 1225 1675 1278 δ’
1703 1227 1784 1278 ὅτι

207 1315 369 1367 αὑτὸν
395 1315 495 1384 ὁρᾷ
533 1314 592 1367 τὸ
637 1314 796 1386 ῥητὸν
823 1314 930 1368 ἀπὸ
956 1313 1048 1368 τοῦ
1095 1316 1187 1368 καὶ
1227 1315 1296 1368 τὰ
1330 1316 1470 1368 κατὰ
1512 1317 1573 1369 τὸ
1617 1295 1785 1380 πάθος

206 1405 370 1458 αὑτοῦ
407 1408 462 1458 ἐν
499 1404 575 1476 τῷ
603 1405 804 1476 ψαλμῷ
857 1405 1166 1470 ἀκολούθως
1190 1409 1307 1469 ταῖς
1353 1405 1541 1470 ἄλλαις
1572 1424 1783 1478 προφη-

205 1499 376 1561 τείαις
428 1499 927 1571 προσημαίνεσθαι·
992 1501 1298 1570 γέγραπται
1323 1498 1475 1567 γοῦν,
1514 1518 1532 1549 r
1585 1502 1785 1571 Ἐκχεῶ

206 1590 436 1645 ἐνώπιον
477 1590 638 1645 αὐτοῦ
672 1590 769 1663 τὴν
821 1591 1001 1663 δέησίν
1038 1609 1158 1663 μου,
1195 1591 1292 1662 τὴν
1331 1590 1507 1661 θλίψιν
1553 1609 1651 1662 μου
1703 1595 1784 1645 ἐν-

205 1682 377 1736 ώπιον
403 1682 565 1735 αὑτοῦ
588 1683 901 1751 ἀπαγγελῶ.
937 1684 1022 1736 Ἐν
1049 1682 1126 1754 τῷ
1153 1682 1421 1736 ἐκλείπειν
1466 1681 1523 1747 ἐξ
1563 1683 1696 1754 ἐμοῦ
1721 1685 1782 1736 τὸ

206 1775 426 1846 πνεῦμά
461 1793 581 1846 μου,
615 1776 708 1828 καὶ
749 1775 811 1828 σὺ
844 1775 1014 1843 ἔγνως
1045 1777 1142 1840 τάς
1175 1775 1391 1847 τρίϐους
1427 1794 1525 1846 μου
1547 1793 1558 1805 ·
1587 1779 1641 1829 ἐν
1683 1776 1785 1847 όδῴ

214 1865 403 1938 ταύτῃ,
527 1867 888 1938 ἐπορευόμην,
937 1866 1178 1937 ἔκρυψαν
1226 1866 1426 1935 παγίδα
1479 1883 1601 1936 μοι·
1636 1889 1652 1919 ι
1694 1869 1785 1920 καὶ

213 1963 390 2027 πάλιν,
415 1984 431 2014 ι
464 1964 650 2018 Ῥῦσαί
672 1983 735 2036 με
755 1967 818 2018 ἐκ
838 1965 944 2018 τῶν
965 1965 1404 2018 καταδιιοικόντων
1428 1983 1515 2035 με.
1537 1971 1550 2028 (
1562 1966 1594 2019 f.
1621 1968 1692 2020 ‘25
1711 1973 1783 2036 νο)

207 2059 290 2111 ὅτι
342 2057 788 2129 ἐκραταιώθησαν
843 2058 981 2130 ὑπὲρ
1039 2059 1158 2129 ἐμέ.
1204 2079 1221 2109 ι
1256 2059 1476 2122 Τούτοις
1523 2062 1648 2131 ἑξῆς
1693 2061 1786 2114 καὶ

207 2145 338 2221 περὶ
380 2149 478 2218 τῆς
530 2151 593 2202 ἐκ
636 2151 842 2222 νεκρῶν
889 2152 1234 2216 ἀναστάσεως
1286 2153 1448 2205 αὑτοῦ
1499 2155 1788 2224 εὐχόμενός

207 2257 393 2310 φησιν·
426 2258 443 2290 ι
490 2240 750 2309 Ἐξάγαγε
783 2243 844 2293 ἐκ
889 2241 1132 2312 φυλακῆς
1183 2241 1280 2311 τὴν
1314 2240 1491 2312 ψυχήν
1539 2260 1658 2311 μου,
1694 2241 1785 2294 τοῦ

208 2331 702 2402 ἐξομολογήσασθαι
733 2332 809 2402 τῷ
838 2333 1059 2402 όνὸματί
1095 2349 1186 2384 σου
1214 2349 1225 2359 ·
1269 2352 1286 2383 ι
1325 2327 1404 2394 οἷς
1438 2332 1784 2404 ἐπιςέρειτὸ,

217 2440 238 2475 ι
285 2421 417 2492 Ἐμὲ
476 2422 804 2492 ὑπομένουσι
847 2422 1039 2475 δίκαιοι
1087 2421 1190 2484 ἕως
1245 2421 1556 2491 ἁνταποδῷς
1617 2439 1724 2492 μοι.
1763 2441 1780 2471 ι

225 2514 550 2584 ’Υπέμειναν
601 2509 693 2565 οὖν
726 2514 816 2565 τὸν
861 2513 1090 2582 Χριστὸν
1142 2513 1338 2576 πάντες
1384 2515 1578 2566 ἐκεῖνοι
1616 2516 1662 2566 οἱ
1707 2513 1782 2566 δίο

213 2624 355 2660 καιοι
417 2606 521 2669 ἓως
573 2598 634 2658 οῦ
687 2604 966 2674 ἀνταποδῷ
1027 2605 1175 2674 αὑτῴ
1217 2606 1245 2656 ὁ
1293 2605 1511 2676 Πατὴρ,
1556 2605 1669 2658 ἀνθ’
1714 2598 1787 2657 ὧν

221 2720 238 2750 ι
270 2701 532 2753 ἐκένωσεν
581 2699 792 2760 ἑαυτὸν,
823 2699 1061 2768 ὑπήκοος
1104 2697 1250 2767 αύτῷ
1297 2699 1584 2768 γενόμενος
1629 2700 1787 2769 μέχρι

215 2793 461 2846 θανάτου.
508 2812 526 2844 ι
553 2793 684 2844 Τίνα
717 2791 771 2842 δὲ
794 2790 1073 2860 ἀνταποδῴ
1106 2788 1312 2860 αύτῷἢ
1353 2809 1370 2841 ι
1403 2793 1469 2843 τὰ
1501 2790 1627 2861 ἐθνη
1662 2791 1788 2860 κλη-

219 2883 486 2954 ρονομίαν,
531 2883 620 2936 καὶ
652 2883 750 2952 τὴν
783 2882 1106 2952 κατάσχεσιν
1139 2880 1302 2934 αὐτοῦ
1347 2881 1414 2934 τὰ
1443 2881 1654 2952 πέρατα
1688 2885 1788 2953 τῆς

216 2978 341 3046 γῆς·
386 2993 403 3025 ι
435 2975 501 3028 ἵν’
531 2977 656 3029 ὅταν
685 2975 744 3028 τὸ
771 2974 1042 3044 πλήρωμα
1069 2973 1176 3026 τῶν
1205 2973 1373 3026 ἐθνῶν
1396 2971 1632 3047 εἰσέλθῃ,
1666 2974 1786 3026 τότε

1219 254 1510 313 ECLOGE
1552 255 2034 314 PROPHETICIE.
2079 292 2149 301 —-
2186 259 2316 316 LIB.
2355 261 2421 316 ll.

3318 263 3456 314 HM

2481 377 2710 434 CAPUT
2741 377 2854 433 XV.

2051 495 2096 548 E
2128 495 2334 565 psalmo
2365 494 2645 548 centesimo
2675 491 3082 563 quadragesimo
3111 489 3302 557 primo.

1957 586 2088 653 Quae
2123 588 2210 640 hic
2239 587 2497 640 dicttlttur
2529 601 2542 637 :
2583 603 2601 636 ι
2641 583 2724 638 Me
2756 589 3074 652 exspectant
3099 580 3256 650 justi,
3286 580 3457 634 donec

1886 679 2160 733 retribuas
2195 665 2326 730 mihi
2346 677 2428 730 ’δε
2467 697 2483 727 ι
2521 677 2586 730 de
2621 674 2922 729 Salvatoris
2970 687 3203 743 persona
3243 671 3349 724 dici
3377 671 3459 725 vi-

1887 771 2100 824 dentur.
2135 768 2306 834 Quem
2342 770 2485 822 enim
2530 769 2696 821 alium
2733 766 3129 837 exspectabunt
3172 763 3332 833 justi,
3362 761 3459 816 do-

1884 880 1985 920 nec
2016 863 2159 918 Deus
2188 863 2454 917 retribuat
2482 862 2554 925 ei,
2585 861 2690 915 nisi
2718 861 2862 914 hunc
2901 857 3118 928 ipsum?
3147 855 3297 910 Sicut
3315 855 3458 910 enim

1885 957 2091 1010 dictum
2124 965 2208 1009 est
2237 955 2304 1009 de
2339 953 2616 1022 prioribus
2663 952 2856 1022 justis,
2897 968 2915 1000 ι
2957 947 3022 1001 Ει
3055 948 3109 1002 1ιί
3144 962 3332 1004 omnes
3381 953 3461 999 te-

1886 1050 2144 1105 stimonio
2174 1048 2295 1102 ﬁdei
2320 1046 2554 1116 probati,
2590 1060 2698 1098 non
2724 1051 3054 1112 acceperunt
3074 1037 3461 1110 repromissio-

1886 1159 2033 1205 ncm,
2077 1141 2186 1196 Deo
2217 1155 2314 1211 pro
2360 1140 2518 1195 nobis
2553 1138 2747 1192 melius
2779 1135 2982 1205 aliquid
3032 1134 3368 1203 providente,
3401 1138 3460 1183 ut

1886 1253 1996 1291 non
2035 1237 2153 1290 sine
2196 1233 2356 1288 nobis
2407 1237 2928 1286 consutnmarentur
2949 1231 3017 1291 ⁸⁵,
3067 1247 3086 1280 ι
3122 1233 3268 1297 patet
3313 1225 3458 1294 quod

1883 1343 2010 1383 eum
2045 1327 2250 1380 indicat
2283 1325 2529 1394 psalmus
2560 1338 2654 1392 per
2683 1321 2955 1392 passionis
2983 1327 3202 1388 tempus
3221 1326 3274 1373 et
3300 1317 3367 1371 ab
3395 1332 3460 1371 co

1886 1429 2128 1489 tempore
2173 1418 2394 1473 ostendi
2451 1417 2705 1471 similiter
2763 1430 2825 1467 ac
2878 1414 2929 1466 in
2982 1412 3103 1464 aliis
3138 1409 3457 1480 prophetiis‘.

1889 1510 2167 1580 Scriptum
2215 1515 2300 1564 est
2331 1507 2539 1578 igitur:
2581 1523 2599 1554 ι
2637 1502 2870 1556 ΕΠιιιιιιο
2907 1501 2962 1553 in
3010 1503 3306 1567 conspectu
3343 1496 3462 1564 ejus

1887 1603 2192 1658 orationem
2241 1614 2442 1661 meam,
2476 1605 2524 1651 et
2561 1596 2966 1650 tribulationem
3014 1595 3188 1643 meam‘
3234 1595 3360 1641 ante
3389 1587 3462 1657 ip-

1887 1714 2007 1752 sum
2066 1694 2385 1766 pronuntio.
2453 1692 2510 1745 In
2569 1688 2872 1743 deliciendo
2929 1701 2994 1739 ex
3059 1699 3147 1737 me
3208 1681 3460 1752 spiritum

1891 1804 2093 1856 meum,
2129 1796 2182 1842 et
2215 1797 2269 1841 tu
2323 1784 2628 1855 cognovisti
2673 1781 2895 1835 semitas
2944 1791 3111 1831 meas.
3149 1774 3204 1829 ιιι
3237 1775 3321 1828 via
3364 1773 3463 1826 hac

1889 1899 1994 1952 qua
2023 1880 2394 1940 ambulabant,
2441 1875 2850 1930 abscondcrunt
2887 1871 3139 1939 laqueum
3184 1865 3406 1932 mihi”;
3438 1885 3458 1917 ι

1888 1983 1941 2029 et
1989 1989 2182 2027 rursus
2227 1993 2237 2025 :
2296 1989 2314 2020 ε
2359 1969 2553 2022 Libera
2603 1981 2688 2020 tne
2739 1980 2767 2018 a
2813 1959 3268 2032 persequentibus
3313 1971 3400 2012 me
3445 1971 3458 2009 :

1888 2065 2014 2134 quia
2046 2060 2338 2116 confer-tati
2373 2065 2500 2112 sunt
2531 2071 2698 2126 super
2729 2071 2814 2108 me
2830 2053 2895 2106 ⁸⁷.
2935 2073 2951 2104 ι
2978 2051 3108 2105 Post
3138 2051 3252 2104 haec
3284 2048 3462 2104 conti-

1892 2172 2000 2210 uuo
2038 2154 2106 2208 de
2146 2169 2243 2207 sua
2275 2169 2303 2204 a
2354 2150 2584 2204 mortuis
2634 2144 3040 2200 resurrectione
3077 2157 3242 2197 orans
3272 2141 3404 2195 dicit
3445 2160 3458 2196 :

1895 2271 1913 2302 ι
1961 2248 2110 2302 Educ
2142 2247 2208 2302 de
2238 2244 2487 2301 custodia
2523 2243 2758 2296 animam
2786 2254 2960 2293 meam
2993 2238 3059 2290 ad
3091 2237 3461 2291 conﬁtendum

1889 2340 2099 2393 nomini
2130 2347 2225 2391 tuo
2259 2352 2272 2388 :
2301 2350 2385 2389 me
2433 2337 2755 2402 exspectant
2785 2329 2942 2397 justi,
2977 2327 3152 2381 donec
3187 2327 3463 2381 retribuas

1890 2427 2105 2483 mihi“.
2134 2449 2152 2479 ι
2191 2427 2661 2498 Erspectaverunt
2692 2421 2858 2492 igitur
2885 2435 3077 2475 omnes
3118 2419 3171 2472 hi
3198 2419 3335 2487 justi
3363 2415 3464 2472 ‘do-

1890 2535 1991 2574 nec
2018 2519 2067 2574 ei
2093 2520 2359 2574 retribuat
2387 2518 2566 2582 Pater,
2599 2532 2664 2571 eo
2684 2513 2829 2584 quod
2853 2531 2872 2564 ‹
2912 2511 3232 2568 exinaniens
3267 2520 3458 2565 semet-

1891 2613 2090 2682 ipsum,
2162 2613 2423 2666 ohediens
2487 2611 2534 2665 ei
2596 2609 2773 2664 factus
2828 2616 2910 2663 est
2970 2619 3144 2675 usque
3189 2603 3258 2657 ad
3314 2618 3464 2656 mor-

1891 2713 1998 2759 tem
2014 2705 2082 2762 ”.
2123 2725 2141 2756 ι
2173 2704 2306 2771 Qum
2355 2721 2488 2760 vero
2528 2705 2791 2758 retribuet
2831 2701 2900 2766 ci,
2947 2700 3056 2754 nisi
3090 2717 3107 2749 ι
3140 2704 3332 2768 gentes
3356 2698 3463 2752 hze-

1890 2798 2197 2862 rcditatem,
2229 2807 2282 2852 et
2308 2797 2690 2868 pOSSessiones
2723 2795 2843 2863 ejus
2869 2792 3135 2847 terminos
3166 2788 3407 2856 terrae”;
3442 2808 3459 2840 ι

1893 2897 1970 2955 ut,
2004 2904 2128 2944 cum
2159 2890 2558 2945 consummatio
2592 2886 2832 2959 gentium
2863 2885 3095 2948 eveniet,
3119 2889 3250 2936 tunc
3276 2889 3329 2936 et
3352 2896 3464 2934 om-

1891 2979 1977 3032 nis
2006 2980 2169 3034 Israel
2199 2981 2459 3041 salvetur,
2497 2980 2790 3050 omniaque
2821 2993 2942 3052 quae
2973 2977 3024 3029 in
3081 2976 3287 3045 psalmo
3319 2972 3462 3026 dicta

216 3071 305 3124 καὶ
334 3073 362 3124 ό
386 3072 493 3131 πᾶς
532 3067 742 3140 Ἰσραὴλ
778 3067 942 3137 σωθῇ,
975 3067 1067 3119 καὶ
1097 3067 1192 3119 ὅλα
1217 3066 1272 3118 δὲ
1308 3067 1373 3118 τά
1404 3067 1460 3117 ὲν
1492 3066 1569 3133 τῷ
1591 3064 1788 3134 ψαλμῷ

1895 3077 2042 3134 sunt,
2076 3069 2144 3124 ad
2177 3071 2298 3140 ejus
2343 3071 2776 3126 incarnationem
2809 3070 2862 3122 in
2908 3084 3015 3140 qua
3061 3065 3298 3122 insidiati
3338 3069 3464 3118 sunt

214 3163 518 3236 ἐφαρμόσαι
549 3162 613 3215 ἂν
652 3160 727 3231 τῷ
765 3158 1003 3232 Χριστῷ,
1039 3157 1106 3209 τὰ
1136 3156 1275 3210 κατὰ
1307 3157 1402 3228 τὴν
1444 3154 1790 3227 ἐνανθρὼπη-

214 3271 298 3308 σιν
331 3252 514 3316 αὐτοῦ,
550 3252 667 3305 καθ’
704 3251 769 3322 ἣν
799 3249 1184 3318 ἐπεϐουλεύθη,
1221 3251 1558 3319 περιέχοντα.

730 3365 1122 3420 mansum
1167 3365 1244 3431 ιε,-
1263 3363 1298 3415 ’.

793 3455 1040 3524 Ψαλμοῦ
1059 3462 1209 3524 pm’.

296 3552 384 3604 Ἐν
420 3553 517 3621 μὲν
549 3550 626 3620 τῷ
659 3549 796 3621 μετὰ
829 3551 1015 3619 χεῖρας
1049 3547 1250 3618 ψαλμῷ
1281 3547 1517 3615 λέγεται,
1548 3565 1563 3597 ι
1593 3546 1790 3616 Κύριε,

215 3646 388 3700 κλῖνον
419 3645 679 3714 οὐρανοὺς
718 3643 810 3696 καὶ
831 3640 1117 3711 κατάϐηθι,
1156 3660 1173 3691 ι
1218 3639 1349 3692 ἐνδέ
1382 3638 1460 3709 τῷ
1495 3637 1578 3701 ιζ’,
1619 3658 1636 3688 ι
1683 3639 1794 3692 Καὶ

214 3736 418 3790 έκλινεν
438 3737 699 3808 οὐρανοὺς
728 3735 821 3788 καὶ
848 3733 1072 3802 κατέϐη.
1107 3752 1124 3784 ι
1168 3731 1655 3802 Ἐσημειωσάμεθα
1685 3731 1785 3801 μὲν

216 3824 307 3882 οὖν
337 3830 494 3882 κάκεῖ
526 3830 619 3881 καὶ
645 3827 705 3880 τὸ
742 3825 923 3898 ῥητὸν,
959 3825 1051 3878 καὶ
1083 3824 1315 3878 ἐνταῦθα
1347 3825 1404 3878 δὲ
1437 3825 1628 3878 ταυτὸν
1672 3842 1791 3877 ποι-

215 3916 398 3980 οῦντες
420 3918 544 3989 περὶ
568 3916 660 3970 τοῦ
689 3917 862 3984 Λόγου
897 3914 992 3967 τοῦ
1021 3912 1156 3967 Θεοῦ
1179 3913 1349 3968 ταῦτα
1371 3914 1622 3984 λέγεσθαι
1650 3916 1794 3967 ὑπει-

216 4011 482 4080 λήφαμεν.
531 4009 727 4073 Κλίνας
765 4009 872 4079 γὰρ
923 4008 1183 4080 οὐρανοὺς
1215 4006 1294 4078 τῷ
1331 4008 1564 4061 κενῶσαι
1602 4009 1793 4061 ἐαυτὸν

217 4104 313 4173 τῆς
343 4104 658 4174 ἐπουρανίου
692 4105 784 4156 καὶ
817 4105 872 4156 ἐν
901 4103 1080 4173 μορφῇ
1105 4100 1240 4154 Θεοῦ
1273 4100 1452 4172 δόξης,
1487 4103 1565 4164 είς
1589 4101 1657 4152 τὰ
1694 4118 1792 4153 κα-

219 4193 425 4266 τώτερα
461 4195 559 4265 τῆς
610 4194 712 4263 γῆς
749 4192 1077 4264 κατελήλυθε
1119 4191 1183 4244 δι’
1215 4193 1283 4261 ἣν
1325 4192 1608 4256 ἀνεδέξατο
1651 4193 1792 4263 ὑπὲρ

217 4284 312 4355 τῆς
346 4283 644 4355 ἀνθρώπων
687 4284 956 4356 σωτηρίας
1003 4283 1338 4352 οἰκονομίαν.
1380 4282 1502 4334 ὅθεν
1549 4282 1654 4352 πρὸ
1698 4281 1792 4334 τοῦ

218 4377 523 4440 ἐκτεθέντος
563 4377 724 4447 ῥητοῦ
759 4374 1152 4446 ἀποθαυμάσας
1187 4376 1215 4426 ό
1241 4373 1394 4442 λόγος
1429 4374 1558 4443 φησί
1585 4391 1596 4402 ·
1633 4391 1650 4422 ι
1682 4373 1794 4426 Κύ-

217 4489 323 4544 ριε,
364 4472 413 4524 τί
450 4472 594 4523 ἐστιν
625 4469 906 4539 ἄνθρωπος
949 4469 1030 4521 ὅτι
1073 4464 1350 4536 ἐγνώσθης
1400 4464 1567 4532 αὐτῷ,
1610 4465 1642 4535 ἢ
1682 4466 1795 4527 υἱὸς

216 4562 500 4634 ἀνθρώπου
527 4562 606 4615 ὅτι
635 4560 824 4632 λογίζῃ
865 4557 1058 4625 αὐτόν;
1094 4576 1112 4608 ι
1145 4557 1237 4620 Εἰς
1274 4556 1428 4608 τοῦτο
1459 4556 1568 4626 γάρ
1611 4554 1792 4618 κλίνας

197 4653 341 4718 ’τοὺς
374 4653 696 4722 λεγομένους
745 4652 1004 4722 οὐρανοὺς
1040 4648 1402 4719 κατελήλυθεν
1447 4649 1476 4699 ὁ
1521 4646 1612 4698 τοῦ
1655 4645 1790 4698 Θεοῦ

220 4749 409 4816 Λόγος,
432 4746 506 4810 ὡς
535 4746 599 4800 ἂν
626 4743 892 4814 γνωσθείη
924 4741 1345 4817 ἐνανθριιιπησας
1364 4741 1440 4810 τῷ
1461 4740 1568 4792 τῶν
1589 4737 1686 4791 ἀνθ
1697 4737 1792 4810 ρώ-

221 4856 336 4891 πων
365 4839 510 4907 γένει
546 4837 803 4908 πρότερον
841 4835 1200 4905 ἀγνοούμενος
1222 4831 1404 4903 αὐτῷ·
1443 4833 1536 4886 καὶ
1551 4833 1610 4884 οὐ
1635 4848 1791 4902 περι-

218 4933 512 5002 εφρόνησεν
561 4931 686 5000 παρ’
745 4927 896 4981 οὐδὲν
961 4927 1302 4997 ἡγησάμενος
1357 4925 1445 4977 τὸν
1505 4925 1792 4994 γενόμενον

217 5023 334 5075 υἱὸν
374 5019 680 5090 ἀνθρώπου,
726 5016 869 5071 τοῦτ’
899 5017 1011 5069 ἐστι
1063 5018 1240 5068 πᾶσαν
1279 5015 1376 5085 τὴν
1425 5013 1648 5085 λογικὴν
1701 5015 1794 5066 καὶ

219 5113 338 5166 κατ’
375 5111 557 5164 εἰκόνα
592 5108 724 5161 Θεοῦ
758 5109 1053 5178 γενομένην
1085 5106 1280 5176 ψυχήν·
1321 5105 1414 5158 καὶ
1448 5105 1517 5158 τὰ
1551 5105 1709 5158 λοιπὰ
1738 5105 1794 5157 δὲ

218 5203 314 5257 τοῦ
347 5202 560 5272 ψαλμοῦ
596 5200 977 5271 πνευματικῶς
999 5200 1353 5269 ἐκλαμϐάνων
1379 5199 1650 5268 νοήσειας.

741 5314 1134 5368 ΚΕΦΑΛΑΙΟΝ
1175 5314 1268 5365 IZ'.

802 5406 1048 5474 Ψαλμοῦ
1070 5404 1212 5474 ρμζ¹.

292 5507 399 5558 Καὶ
427 5504 504 5570 τὸ,
536 5523 552 5556 ς
606 5505 662 5557 ὐ
704 5501 1044 5555 ἀποστέλλων
1077 5500 1136 5552 τὸ
1178 5499 1354 5566 λόγιον
1393 5495 1555 5551 αὑτοῦ
1602 5500 1667 5568 τῇ
1700 5500 1792 5567 γῇ,

299 5661 344 5694 ⁸³
374 5662 516 5718 Psal.
552 5678 697 5725 cm,
734 5663 787 5718 8.

219 5735 266 5768 ‘°
306 5733 450 5790 Psal.
491 5751 560 5789 ιι.
593 5734 644 5789 8.
707 5734 764 5763 ’θ’
805 5730 948 5790 Psal.
980 5746 1175 5789 cum,
1215 5729 1264 5783 5.

863 5661 908 5691 ⁸⁸
948 5657 1110 5714 llebr.
1150 5674 1225 5716 ιι.
1262 5658 1350 5720 '59,
1382 5657 1469 5711 40.

1545 5656 1590 5687 ⁸⁸
1626 5653 1770 5709 Psal.
1804 5669 1948 5710 cru.
1986 5655 2037 5714 5,
2073 5653 2124 5705 4.

1341 5731 1384 5760 ³³
1427 5727 1568 5782 Psal.
1608 5741 1754 5790 xvn,
1797 5725 1881 5780 10.

1893 3161 1965 3227 ei,
2005 3151 2334 3216 referantur.

2488 3356 2714 3412 CAPUT
2753 3356 2890 3410 XVI.

2069 3452 2118 3506 E
2145 3452 2349 3521 psalmo
2374 3452 2654 3504 centesimo
2680 3449 3087 3519 quadragesimo
3121 3445 3292 3500 tertio.

1966 3545 2023 3600 In
2061 3546 2162 3600 hoc
2190 3545 2399 3614 psalmo
2429 3542 2630 3596 dicitur
2659 3560 2670 3594 :
2713 3559 2730 3590 ι
2773 3540 3018 3606 Domine,
3048 3537 3257 3592 inclina
3296 3534 3464 3590 caelos

1896 3649 2020 3695 tuos
2058 3648 2113 3693 et
2146 3637 2518 3702 descende“;
2562 3655 2579 3687 ι
2614 3645 2663 3690 et
2704 3636 2757 3688 in
2789 3634 3000 3689 decimo
3030 3632 3266 3701 sepzimo
3295 3643 3308 3680 :
3343 3645 3361 3677 ι
3386 3626 3448 3681 ιιι

1892 3735 2116 3791 clinavit
2146 3735 2317 3788 caalos
2343 3740 2398 3786 et
2427 3730 2795 3786 descendit“.
2828 3747 2845 3778 ι
2875 3725 3228 3782 Ostendimus
3257 3721 3391 3791 jam,
3414 3727 3461 3774 et

1892 3845 2041 3883 nunc
2085 3828 2280 3881 iterum
2321 3825 2434 3878 haec
2468 3823 2533 3877 de
2561 3820 2736 3876 Verbo
2770 3818 2863 3873 Dei
2922 3812 3338 3872 commemorari
3369 3809 3462 3865 de-

1895 3926 2284 3974 tnonstramus.
2311 3913 2586 3969 lnclinans
2609 3912 2754 3968 enim
2787 3911 2977 3971 cmlos,
3011 3922 3135 3962 cum
3167 3904 3464 3960 caelestem.

1892 4021 1948 4068 et
1983 4012 2076 4066 Dei
2113 4010 2298 4082 gloria:
2345 4008 2576 4062 formam
2624 4012 2867 4066 exueret,
2909 4004 2963 4056 in
3025 3996 3455 4070 profundissima

1895 4113 2054 4158 terra:
2086 4100 2372 4156 descendit
2417 4114 2481 4153 ea
2515 4096 2695 4166 specie
2735 4109 2898 4164 quam
2941 4107 3040 4162 pro
3068 4088 3348 4143 hominum
3381 4099 3461 4138 sa-

1896 4197 2007 4250 lute
2036 4194 2264 4262 accepit.
2296 4189 2448 4246 Unde
2474 4201 2598 4242 ante
2629 4188 2743 4241 han:
2799 4198 2920 4255 qua:
2966 4181 3255 4236 retulimus
3282 4176 3463 4232 verba.

1897 4289 2145 4360 psalmus
2177 4286 2454 4340 admirans
2485 4282 2617 4336 dicit
2648 4299 2660 4333 :
2706 4297 2722 4328 ι
2765 4277 3010 4337 Domine,
3037 4271 3167 4344 quid
3195 4278 3278 4327 est
3309 4270 3464 4323 homo

1899 4381 2027 4452 quia
2061 4379 2348 4434 innotuisti
2389 4376 2461 4438 ei,
2495 4383 2589 4429 aut
2615 4373 2760 4428 ﬁlius
2801 4369 3057 4433 hominis,
3086 4368 3214 4438 quia
3248 4371 3463 4434 reputas

1898 4492 2022 4530 eum
2041 4473 2086 4507 ”
2115 4474 2138 4527 ’ί
2175 4493 2193 4525 ι
2221 4471 2501 4525 inclinatis
2529 4483 2680 4538 ergo,
2708 4467 2850 4521 sicut
2875 4464 3137 4524 diximus,
3165 4459 3338 4523 cmlis,
3361 4457 3455 4511 de—

1900 4566 2119 4622 scendit
2157 4563 2250 4618 Dei
2294 4562 2555 4623 Verbum,
2601 4567 2658 4613 ut
2701 4557 2950 4627 cognitus
2979 4554 3128 4608 ﬁeret
3154 4552 3464 4605 incarnatus

1900 4658 2179 4711 hominum
2222 4654 2430 4726 generi,
2452 4650 2598 4722 quod
2627 4651 2778 4717 prius
2800 4646 3087 4720 ignorabat
3113 4658 3264 4708 eum;
3295 4653 3463 4710 neque

1895 4750 2223 4820 contempsit
2267 4747 2528 4818 parvique
2593 4745 2748 4799 duxit
2779 4743 2944 4796 lilium
2989 4736 3259 4796 hominis,
3296 4733 3348 4786 id
3387 4741 3464 4786 est

1899 4857 2114 4896 omnem
2155 4839 2452 4909 spiritalem
2485 4844 2539 4890 et
2568 4839 2630 4890 ad
2665 4834 2954 4904 imaginem
2991 4827 3083 4883 Dei
3126 4827 3321 4880 factam
3349 4823 3460 4876 ani-

1902 4949 2065 4986 mam.
2098 4931 2326 5000 Reliqua
2365 4944 2495 4983 vero
2531 4927 2725 4998 psalmi
2769 4921 3086 4994 spiritaliter
3120 4913 3458 4985 intelligenti-

1903 5027 2004 5082 bus
2030 5025 2316 5096 perspicua
2340 5031 2521 5078 erunt.

2465 5308 2694 5365 CAPUT
2725 5306 2888 5361 XV”.

2036 5403 2080 5457 Ε
2115 5403 2317 5472 psalmo
2349 5402 2629 5456 centesimo
2657 5397 3065 5474 quadragesimo
3099 5394 3338 5464 septimo.

1981 5514 1998 5546 ι
2040 5495 2143 5561 Qui
2191 5495 2389 5550 emittit
2443 5493 2718 5563 eloquium
2762 5506 2921 5545 suum
2977 5498 3161 5551 terra;
3213 5483 3462 5539 velociter

2201 5653 2243 5683 '"
2265 5651 2395 5705 ibid.
2435 5651 2487 5704 7.

1957 5724 2001 5755 "
2042 5721 2184 5778 Psal.
2221 5737 2386 5776 cum
2411 5763 2424 5784 ,
2459 5722 2510 5775 ’5.

2565 5651 2607 5681 aa
2645 5648 2756 5706 ibid
2813 5651 2865 5704 8.
2899 5667 2910 5684 κ
2948 5650 2993 5683 δ’
3023 5643 3260 5714 Philipp.
3319 5654 3386 5702 ιι,
3417 5638 3466 5691 3-
