3936 6206
190 310 314 368 1117

574 426 706 480 Ἀπὸ
733 427 838 482 τοῦ
867 428 1363 496 Ἐκιιλησιαστοῦ.

192 518 315 588 Περὶ
356 519 462 594 τοῦ
501 519 760 594 Χριστοῦ
791 521 871 585 ὠς
909 521 1039 594 περὶ
1087 523 1347 591 πένητος
1384 525 1606 594 σοφοῦ·
1654 522 1750 577 καὶ

259 590 383 659 περὶ
424 590 531 643 τοῦ
572 588 855 645 διαϐόλου
899 588 997 646 καὶ
1035 594 1142 648 τοῦ
1180 588 1605 665 Ἀντιγρίστου.

192 682 316 750 Περὶ
362 681 752 755 τοῦᾲΧριστοῦ
791 684 870 747 ὼς
919 684 1051 755 περὶ
1089 684 1349 753 πένητος
1380 687 1576 755 σοφοῦ
1600 702 1614 715 σ
1653 684 1751 740 καὶ

252 754 376 823 περί
401 752 506 806 τοῦ
535 752 836 818 διαϐόλου,
867 754 963 809 καί
992 752 1123 823 περὶ
1149 755 1259 825 τῆς
1301 752 1677 824 Ἐκκλησίας.

652 866 785 921 Ἀπὸ
818 867 922 922 τοῦ
956 870 1275 939 ’ᾼσματοᾳ

190 959 317 1032 Περί
338 958 442 1032 τοῦ
477 958 736 1032 Χριστοῦ
758 959 855 1032 γὼς
880 961 1012 1029 περὶ
1045 963 1329 1032 νυμφίου,
1370 962 1600 1028 καὶτῆς
1632 960 1753 1032 τῶν

252 1031 439 1101 ἁγίων,
474 1031 838 1096 Ἐκκλησίας
886 1032 965 1097 ὡς
1004 1030 1261 1101 νύμφης,
1310 1034 1406 1086 καὶ
1452 1033 1584 1101 περὶ
1633 1030 1753 1086 τῶν

252 1100 319 1154 ἐν
347 1099 470 1166 τοῖς
491 1102 695 1164 τόποις
739 1099 1257 1172 έπικεκρυμμένων
1275 1099 1641 1173 μυστηρίων.

735 1209 869 1263 Ἀπὸ
899 1210 1006 1264 τοῦ
1052 1209 1188 1265 Ἰὼϐ.

186 1301 320 1371 Περὶ
353 1301 457 1356 τοῦ
483 1300 735 1369 Χριστοῦ
763 1301 843 1365 ὡς
866 1301 1384 1371 περιπατήσαντος
1412 1302 1511 1355 ἐπὶ
1537 1300 1753 1357 θαλάτ-

250 1370 380 1441 της,
411 1372 506 1425 καὶ
539 1372 599 1424 τὸ
637 1370 785 1440 μέγα
815 1371 998 1440 κῆτος
1019 1373 1481 1442 χειρωσαμένου.

189 1463 316 1532 Περί
360 1460 471 1528 τῆς
512 1464 597 1525 εἰς
634 1459 743 1514 τὸν
795 1461 988 1531 ’ᾼδην
1023 1464 1129 1517 τοῦ
1167 1464 1424 1531 Χριστοῦ
1470 1465 1747 1519 καθόδου.

188 1554 264 1627 (F.
282 1555 441 1681 γ’)
462 1554 599 1622 Περί
625 1553 737 1623 τῆς
758 1555 864 1609 τοῦ
887 1555 1167 1610 διαϐόλου
1196 1556 1345 1625 πρὸς
1371 1558 1477 1612 τὸν
1496 1557 1754 1627 Χριστὸν

252 1640 296 1679 π
377 1644 469 1694 ης.

712 1739 845 1793 Ἀπὸ
876 1738 982 1792 τοῦ
1022 1739 1214 1807 Ὠσηέ.

356 1832 489 1901 Περί
525 1831 632 1885 τοῦ
666 1832 921 1901 Χριστοῦ
955 1832 1035 1896 ὡς
1070 1832 1202 1900 περὶ
1246 1832 1571 1902 πανθῆρος.

188 1923 315 1992 Περὶ
347 1922 458 1991 τῆς
481 1923 589 1977 τοῦ
632 1922 869 1996 νζσραῂλ
895 1922 1220 1996 ἀποϐολῆς,
1247 1925 1343 1996 καὶ
1369 1924 1480 1993 τῆς
1509 1924 1615 1978 τοῦ
1638 1926 1752 1989 βα-

249 1996 493 2065 σιλείου
515 1994 714 2047 αὐτῶν
745 1994 1195 2065 καταπαύσεως,
1227 1994 1338 2063 τῆς
1377 2012 1440 2049 τε
1483 1996 1589 2050 τοῦ
1620 1999 1753 2065 Χρι-

250 2065 399 2119 στοῦ
436 2063 506 2129 ἐξ
539 2066 840 2135 Αἰγύπτου
862 2064 1309 2133 μετακλήσεως.

197 2158 287 2224 Ὠς
327 2161 360 2212 ὀ
402 2157 545 2222 Θεὸς
587 2158 777 2229 Λόγος
833 2157 977 2229 Θεὸς
1034 2157 1480 2228 ὀνομαζόμενος,
1537 2160 1754 2229 Κύριον

259 2230 541 2298 ὁμολογεῖ
564 2227 671 2282 τὸν
693 2228 943 2298 Πατέρα.

715 2343 846 2396 Ἀπὸ
882 2344 986 2398 τοῦ
1024 2342 1219 2414 Ἀμῶς.

196 2433 290 2498 Ὠς
320 2435 352 2485 ό
377 2432 543 2504 ,Θεὸς
589 2435 778 2504 Λόγος
821 2435 1037 2503 Κύριος
1079 2432 1507 2503 ὀνομαζόμενος
1549 2434 1754 2504 ἕτερον

252 2503 388 2573 παρ’
418 2504 636 2557 ἑαυτὸν
674 2500 826 2558 εἶναι
852 2500 959 2557 τὸν
987 2500 1218 2573 Πατέρα
1247 2500 1540 2561 διδάσκει.

184 2593 319 2664 Περὶ
345 2592 456 2661 τῆς
491 2596 578 2659 εἰς
606 2592 956 2663 ἀνθρώπους
981 2594 1297 2663 ἐπιδημίας
1324 2594 1432 2648 τοῦ
1470 2593 1750 2662 Χριστοῦ.

675 2710 808 2764 Ἀπὸ
842 2710 951 2764 τοῦ
986 2709 1260 2764 Ἀϐδειοῦ.

192 2801 286 2866 Ὠς
312 2804 345 2855 ὁ
380 2800 522 2865 Θεὸς
553 2801 742 2867 Λόγος
778 2801 993 2867 Κύριος
1020 2799 1115 2854 καὶ
1158 2798 1302 2865 Θεὸς
1330 2796 1758 2868 ὀνομαζόμενος

247 2871 568 2939 ἀκηκοέναι
598 2872 729 2924 τινὰ
768 2870 927 2939 παρὰ
972 2871 1189 2940 Κυρίου
1244 2869 1540 2940 ὁμολογεῖ.

721 2986 853 3039 Ἀπὸ
901 2986 1007 3040 τοῦ
1048 2984 1227 3040 Ἰωνᾶ.

1194 313 1487 373 ECLOGA]
1524 313 2005 374 ΡΒΟΡΗΕΤΙΟΕ.
2042 348 2113 357 —
2142 316 2273 372 LIB.
2312 317 2398 377 Ill.

1781 440 1828 497 Δ

3282 316 3419 375 HIS

2381 430 2467 486 Ex
2493 430 2887 487 Ecclesiastico.

1854 521 2167 649 Det
2195 524 2351 596 quasi
2381 525 2527 592 inopi
2554 525 2787 594 sapiente
2829 541 2849 578 :
2880 522 2946 577 de
2978 521 3192 577 diabolo
3215 530 3270 578 et
3304 522 3422 577 An-

2033 612 2105 648 ris
2132 611 2184 649 ο.

2033 611 2184 650 ηειο.

1853 684 1930 740 De
1954 684 2174 811 (Christo
2194 686 2348 756 quasi
2373 687 2513 755 inopi
2551 687 2786 757 sapiente
2817 703 2835 742 :
2864 685 2928 740 de
2972 684 3183 740 diabolo
3210 692 3261 739 et
3317 682 3421 737 Ec-

1924 774 1950 810 c
1974 774 2105 811 esia.

1924 774 2105 812 Cleﬂa.

2480 869 2525 923 E
2550 869 2790 926 Cantico.

1853 958 1930 1014 De
1960 960 2172 1016 Christo
2201 962 2354 1030 quasi
2397 978 2607 1030 sponso,
2638 972 2687 1016 et
2736 960 2798 1015 de
2839 971 3142 1015 sanctorum
3180 957 3418 1013 Ecclesia

1922 1034 2075 1113 quasi
2122 1048 2336 1101 sponsa,
2368 1033 2431 1087 de
2459 1032 2782 1087 absconditis
2812 1033 2867 1086 in
2897 1033 2994 1087 hoc
3050 1030 3185 1085 libro
3226 1039 3419 1102 myste-

1923 1117 2041 1155 rus.

2525 1213 2605 1267 Ex
2658 1212 2779 1269 Job.

1855 1302 1931 1358 De
1956 1302 2166 1359 Christo
2205 1306 2358 1375 quasi
2386 1321 2541 1374 super
2568 1322 2714 1360 mare
2738 1304 3041 1360 ambulante
3083 1311 3134 1358 et
3173 1317 3417 1374 magnum

1923 1386 2029 1429 cete
2061 1375 2376 1431 devincente.

1853 1466 1931 1520 De
1967 1464 2168 1520 Christi
2192 1468 2244 1519 in
2275 1466 2537 1535 infernum
2566 1464 2835 1523 descensu.

1853 1557 1929 1611 De
1956 1556 2160 1611 diaboli
2196 1558 2253 1611 in
2286 1556 2557 1613 Christum
2586 1560 2889 1615 certamine.

2497 1740 2583 1794 Ex
2622 1740 2773 1797 Osee.

1854 1834 1932 1889 De
1960 1835 2171 1889 Christo
2195 1836 2349 1906 quasi
2371 1836 2647 1904 panthera.

1854 1926 1931 1980 De
1975 1925 2148 1981 Israel
2192 1928 2431 1996 repudio.
2464 1926 2531 1980 de
2550 1927 2697 1996 regni
2735 1943 2914 1981 eorum
2958 1928 3241 1992 eversione,
3272 1934 3324 1982 et
3360 1925 3427 1983 de

1923 1996 2126 2052 Christi
2149 2013 2215 2052 ex.
2245 1996 2477 2069 A'ngpto
2508 1998 2857 2052 revocatione.

1855 2155 2130 2222 Quomodo
2166 2154 2301 2209 Deus
2357 2153 2584 2209 Verbum
2616 2154 2753 2210 Deus
2783 2156 3089 2210 nominatus
3137 2154 3426 2209 Dominum

1924 2237 2070 2283 vocat
2099 2226 2330 2281 Patrem.

2487 2340 2572 2395 Ex
2602 2342 2786 2396 Amos.

1856 2433 2130 2501 Quomodo
2159 2433 2299 2489 Deus
2342 2433 2568 2489 Verbum
2596 2434 2857 2489 Dominus
2907 2434 3211 2489 nominatus
3256 2432 3424 2491 alium

1923 2522 1985 2559 ac
2015 2522 2068 2559 se
2093 2523 2205 2559 esse
2241 2508 2453 2559 Patrem
2485 2509 2651 2560 docet.

1855 2597 1933 2652 De
1959 2596 2158 2653 Christi
2191 2597 2333 2668 apud
2364 2597 2598 2651 homines
2623 2597 3051 2651 commoratione.

2490 2711 2574 2765 Ex
2608 2712 2802 2767 Abdia.

1860 2805 2135 2874 Quomodo
2173 2803 2308 2858 Deus
2345 2802 2570 2857 Verbum
2610 2803 2862 2874 Doniinns
2904 2811 2951 2855 et
3005 2800 3143 2855 Deus
3181 2801 3428 2874 nomina-

1908 2883 2034 2944 tus,
2058 2875 2244 2930 audita
2272 2875 2436 2943 fuisse
2461 2874 2704 2942 quwdam
2734 2892 2765 2927 a
2799 2872 3026 2926 Domino
3059 2872 3358 2942 conﬁtetur.

2528 2986 2576 3041 E
2598 2986 2759 3042 Jona.

192 3080 286 3144 Ὠς
324 3078 363 3145 ὴ
399 3077 528 3151 περί
574 3078 681 3151 τὸν
721 3077 919 3151 Ἰωνιῑν
960 3079 1281 3151 οἰκονομία
1304 3076 1369 3151 τὸ
1417 3074 1607 3143 πάθος
1647 3077 1755 3132 τοῦ

1884 3082 2136 3151 Zuomodo
2164 3081 2318 3137 Jome
2344 3082 2570 3135 historia
2602 3080 2804 3135 Christi
2825 3081 3121 3148 passionem
3153 3078 3369 3150 ejusque
3396 3096 3430 3132 ιι

249 3141 530 3219 Χριστοῦ,
577 3148 676 3202 καὶ
716 3148 829 3217 τὴν
866 3150 935 3202 ἐκ
979 3141 1207 3217 νεκρῶν
1253 3141 1596 3205 ἀνάστασιν
1644 3164 1757 3217 ση-

1884 3141 1902 3151 ’
1931 3156 2151 3207 mortuis
2181 3154 2614 3208 resurrectionem
2646 3141 2865 3205 indicat.

243 3220 468 3291 μαίνει.

700 3328 834 3383 Ἀπὸ
864 3330 970 3384 τοῦ
1002 3332 1061 3383 M
1064 3348 1081 3382 ι
1086 3329 1246 3399 χαία.

176 3420 319 3489 Περὶ
361 3420 474 3487 τῆς
512 3419 795 3490 δευτέρας
831 3422 937 3476 τοῦ
978 3422 1233 3490 Χριστοῦ
1275 3422 1631 3492 παρουσίας,
1678 3422 1762 3488 ὡς

246 3492 385 3561 περὶ
415 3493 654 3559 Κυρίου.

176 3584 317 3652 Περὶ
346 3582 459 3651 τῆς
484 3583 597 3654 τοῦ
622 3583 907 3653 προτέρου
935 3585 1089 3639 λαοῦ
1118 3584 1214 3638 καὶ
1247 3584 1358 3654 τῆς
1393 3583 1626 3654 Ἰσραὴλ
1660 3584 1759 3638 καὶ

246 3654 361 3708 τοῦ
403 3652 554 3711 Σιὼν
581 3652 756 3723 ὅρους
788 3652 1051 3723 ἐρημίας,
1085 3656 1183 3708 καὶ
1224 3652 1356 3723 περὶ
1398 3652 1509 3723 τῆς
1551 3657 1761 3724 ἐπιφα-

249 3725 421 3795 νείας
450 3725 556 3795 τοῦ
587 3725 843 3792 Χριστοῦ
871 3728 951 3790 ὡς
979 3726 1111 3794 περί
1144 3726 1340 3795 ὅρους,
1372 3727 1467 3779 καὶ
1493 3726 1625 3794 περὶ
1652 3726 1761 3795 τῆς

246 3793 373 3849 τῶν
398 3794 587 3866 ἐθνῶν
612 3794 1006 3866 προσαγωγῆς
1023 3813 1035 3826 ·
1052 3793 1184 3849 καῖ
1198 3797 1305 3851 τοῦ
1337 3797 1548 3851 καινοῦ
1566 3793 1760 3866 νόμον

246 3866 359 3920 τοῦ
395 3865 546 3919 κατὰ
582 3865 698 3933 τὴν
722 3864 939 3933 καινὴν
967 3867 1285 3935 Διαθήκην.

171 3956 321 4045 Περί
372 3956 644 4045 ρηθλεὲμ
684 3957 794 4045 καί
847 3956 988 4045 τῆς,
1013 3958 1101 4036 ἐν,
1131 3956 1286 4045 αὐτῆ
1344 3960 1473 4045 τοῦ.
1503 3960 1761 4045 Χριστοῦ

244 4028 578 4095 γενέσεως·
627 4027 724 4081 καὶ
762 4028 843 4094 ὠς
882 4029 995 4096 πρὸ
1029 4027 1147 4082 τῶν
1185 4027 1414 4083 αἰώνων
1440 4033 1473 4084 ὀ
1508 4027 1764 4099 Χριστὸς

246 4096 548 4167 ὑπῆρχεν.
724 4120 729 4129 ι

655 4208 791 4263 Ἀπὸ
834 4209 940 4263 τοῦ
985 4210 1237 4278 Σοφονίο
1248 4229 1301 4265 ι’.

166 4300 321 4370 Περί
345 4298 459 4366 τῆς
495 4298 887 4370 ἀναστάσεως
918 4298 1023 4351 τοῦ
1056 4299 1338 4367 Χριστοῦ,
1370 4298 1466 4353 καὶ
1504 4298 1633 4368 περὶ
1655 4296 1767 4367 τῆς

246 4367 377 4423 τῶν
407 4367 599 4425 ἐθνῶν
643 4369 935 4435 κλήσεως.

690 4479 822 4534 Ἀπὸ
858 4479 961 4533 τοῦ
987 4480 1271 4549 Ζαχαρία.

174 4573 283 4641 Ὡς
314 4574 351 4629 ὀ
380 4572 523 4637 Θεὸς
559 4571 1019 4646 ΛόγοςΚύριος,
1035 4570 1458 4646 παντοκράτωρ
1479 4570 1764 4646 ὀνομαζό-

237 4640 438 4715 μενος
468 4642 588 4715 υπὸ
622 4644 845 4715 Κυρίου
890 4640 1368 4712 παντοκράτορος
1399 4641 1507 4696 τοῦ
1536 4640 1766 4711 [ἰατρὸς

240 4712 629 4770 ἀπεστάλθαι
658 4713 841 4783 λέγει.

170 4810 281 4875 Ὠς
309 4810 346 4861 ό
376 4805 520 4871 Θεὸς
553 4808 743 4876 Λόγος
766 4807 979 4875 Κύριος
1004 4804 1433 4876 ὀνομαζόμενος
1468 4806 1640 4873 ἥξειν
1668 4804 1766 4859 ἐπὶ

244 4878 375 4946 τὴν
417 4878 801 4946 Ἰερουσαλὴμ
836 4877 1110 4946 προλέγει
1150 4877 1223 4930 τὰ
1257 4877 1402 4942 ἔθνη
1443 4878 1537 4930 ἐπ’
1580 4876 1768 4930 αὐτὸν

241 4948 731 5017 καταφεύξεσθαι
757 4948 1216 5018 ἀπεσταλμένον
1239 4946 1358 5001 ὑπὸ
1369 4947 1591 5016 Κυρίου
1620 4963 1769 4999 παν-

243 5019 635 5088 τοκράτορος.

156 5114 323 5184 Περὶ
361 5112 467 5185 τοῦ
500 5112 757 5185 Χριστοῦ
797 5113 877 5185 ᾡς
923 5111 1054 5185 περὶ
1091 5110 1285 5185 Ἰησοῦ
1318 5112 1424 5165 τοῦ
1464 5110 1761 5185 Ἰωσεδέκς

246 5180 361 5239 καὶ
405 5183 493 5237 ὅτι
526 5180 708 5249 ἁὺτὸς
735 5183 891 5251 ἀνὴρ
936 5181 1214 5249 Ἀνατολὴ
1244 5182 1430 5252 ὄνομα
1461 5180 1639 5246 αὐτῷ,
1669 5182 1763 5234 καὶ

246 5254 395 5325 περὶ
432 5256 543 5326 τῆς
572 5253 891 5323 οἰκοδομῆς
918 5252 1030 5320 τῆς
1075 5254 1452 5322 Ἐκκλησίας.

128 5351 324 5421 -Περὶ
357 5351 464 5406 τοῦ
489 5349 744 5421 Χριστοῦ
767 5348 850 5421 ᾡς
883 5347 1022 5421 περὶ,
1048 5346 1354 5421 Βασιλέως
1387 5346 1642 5421 ἥξοντος
1669 5345 1765 5421 ἐπὶ

134 5422 139 5465 ἶ
246 5415 555 5491 ὗποζυγίῴ
578 5420 675 5475 καὶ
700 5418 896 5484 πώλῳ,
931 5418 1029 5471 καὶ
1060 5418 1544 5491 ὀλοθρεύσοντος-
1562 5417 1629 5471 τὸ
1659 5415 1768 5470 πά-

240 5497 363 5547 λαι
397 5485 605 5546 οἰκοῦν
630 5493 700 5546 έν
742 5488 1132 5557 Ἰερουσαλὴμ
1179 5485 1294 5542 τῶν
1346 5488 1631 5542 Ιουδαίων
1671 5492 1765 5557 ἱπ-

243 5563 443 5617 πικόν
502 5580 564 5615 τε
612 5562 708 5615 καὶ
760 5556 1107 5614 όπλιτικόνί
1165 5560 1259 5613 καὶ
1310 5558 1441 5626 περὶ
1484 5557 1593 5627 τῆς
1651 5556 1768 5611 τῶν

242 5632 455 5687 ἐθνῶν
490 5632 751 5707 εἰρήνης.

165 5726 285 5790 Ὦς
324 5728 363 5778 ό
412 5723 557 5790 Θεὸς
587 5724 776 5793 Λόγος
814 5723 1025 5791 Κύριος
1058 5719 1504 5791 ὀνομαζόμενος,
1547 5720 1768 5788 Κυρίου

247 5793 371 5852 τσῦ
419 5795 647 5862 Πατρὸς
683 5793 991 5862 μέμνηται.

2485 3328 2533 3382 Ε
2561 3327 2811 3384 Michtea.

1858 3422 1936 3477 De
1963 3420 2188 3477 secundo
2213 3422 2412 3477 Christi
2436 3421 2680 3482 adventu.
2711 3422 2868 3491 quasi
2904 3419 3146 3476 Domino.

1860 3587 1939 3642 De
1976 3594 2140 3641 vetere
2168 3584 2380 3654 populo.
2421 3584 2484 3637 de
2530 3581 2737 3654 Israel.
2756 3581 3049 3651 montisque
3082 3580 3210 3654 Sion
3243 3578 3434 3654 solitu-

1931 3659 2073 3717 dine.
2106 3651 2178 3710 de
2212 3651 2643 3724 manifestatione
2700 3653 2901 3724 Christi
2936 3653 3103 3724 quasi
3134 3651 3349 3724 montis,
3378 3657 3429 3702 et

1931 3729 1995 3782 de
2023 3727 2254 3799 gentium
2283 3720 2653 3789 institutione;
2688 3723 2752 3778 de
2792 3740 2925 3777 nova
2962 3720 3075 3792 lege
3105 3730 3154 3775 et
3192 3720 3259 3775 de
3299 3734 3431 3773 nouo

1936 3800 2290 3855 Testamento.

1866 3951 1943 4009 De
1974 3954 2273 4010 Bethlehem
2290 3965 2341 4009 et
2375 3959 2439 4008 de
2460 3953 2661 4010 Christi
2691 3954 2744 4006 in
2769 3969 2831 4006 ea
2864 3950 3179 4015 nativitate;
3222 3957 3272 4002 et
3297 3961 3433 4018 quo-

1935 4026 2092 4080 modo
2121 4037 2243 4081 ante
2271 4026 2469 4082 saecula
2500 4024 2744 4081 Christus
2771 4023 3080 4078 exsistebat.

2477 4201 2525 4255 E
2553 4198 2845 4271 Sophonia.

1874 4297 1951 4352 De
1980 4296 2181 4353 Christi
2208 4296 2588 4351 resurrectione
2617 4304 2664 4347 et
2686 4292 2750 4346 de
2780 4291 3013 4362 gentium
3037 4288 3329 4343 vocatione.

2474 4471 2517 4525 E
2542 4470 2831 4526 Zacharia.

1870 4567 2143 4636 Quomodo
2166 4569 2331 4622 Deum
2366 4568 2586 4623 Verbum
2612 4567 2893 4619 Dominum
2921 4565 3321 4636 amnipotentem
3346 4579 3437 4616 noo

1939 4644 2220 4699 minatum,
2260 4658 2293 4694 a
2328 4641 2552 4694 Domino
2606 4638 2955 4705 omnipotente
3008 4635 3173 4690 Patre
3220 4634 3438 4690 missum

1933 4713 2098 4780 fuisse
2126 4712 2273 4766 dicit.

1869 4803 2147 4870 Quomodo
2180 4804 2316 4858 Deus
2356 4804 2577 4857 Verbum
2605 4802 2861 4857 Dominus
2888 4802 3216 4870 nominatus_
3259 4805 3436 4870 uentu.

1940 4892 2055 4928 rum
2079 4892 2192 4929 esse
2221 4877 2288 4928 ad
2317 4873 2615 4929 Jerusalem
2647 4874 2906 4944 praedicit,
2933 4881 3106 4944 gentes
3147 4867 3216 4923 ad
3262 4869 3436 4937 ipsum

1940 4963 1994 5000 se
2019 4963 2355 5000 concessuros
2392 4951 2612 4999 missum
2646 4942 2677 4999 ιι
2716 4944 2935 4997 Domino
2966 4942 3335 5009 omnipotente.

1871 5105 1946 5159 De
1976 5106 2185 5162 Christo
2215 5108 2368 5177 quasi
2395 5106 2525 5160 Jesu
2556 5103 2944 5177 ﬁliolosedec;
2974 5099 3182 5177 etquod
3210 5101 3319 5167 ipse
3360 5098 3435 5154 vir

1942 5177 2131 5234 Oriens
2158 5172 2340 5232 nomen
2369 5179 2437 5242 ei,
2463 5177 2597 5230 etde
2628 5175 2879 5228 Ecclesia:
2908 5172 3277 5241 aediﬁcatione.

1870 5343 1947 5398 De
1973 5343 2186 5399 Christo
2232 5342 2387 5412 quasi
2415 5340 2549 5411 Rege
2600 5348 2811 5393 venturo
2861 5338 2928 5412 ἰιιΔ
2947 5353 3009 5412 ea
3043 5351 3161 5406 qua:
3192 5332 3287 5388 sub
3313 5334 3437 5412 jugc

1938 5426 2016 5470 est
2047 5426 2097 5469 et
2129 5416 2180 5468 in
2210 5406 2355 5480 pullo
2383 5406 2519 5482 ejus,
2555 5423 2604 5465 et
2629 5426 2870 5482 eversum
2898 5406 3437 5482 Iudaeorumequite‘t

1938 5498 1986 5541 et
2016 5474 2252 5540 armatos
2280 5486 2366 5553 qui
2396 5474 2522 5537 olim
2569 5480 2879 5535 habitabant
2922 5481 2976 5532 in
3009 5476 3351 5542 Jerusalem;
3380 5474 3435 5530 de

1938 5574 2065 5626 pace
2086 5557 2339 5628 gentium.

1873 5715 2146 5785 Quomodo
2173 5714 2313 5769 Deus
2364 5712 2586 5769 Verbum
2618 5711 2873 5769 Dominus
2908 5710 3235 5777 nominatus,
3261 5705 3431 5762 Domi.

1944 5805 2067 5844 num
2100 5787 2318 5843 Patrem
2344 5785 2599 5843 meminit.
