3936 6206
1125 291 1452 352 ‘ECLOGIE'
1485 295 1964 354 PROPHETICIE.
2006 329 2074 340 --
2113 299 2238 355 ΕΒ.
2279 299 2368 358 ΙΙΙ.

3295 302 3433 356 Hi!

217 408 305 462 τῶν
338 402 591 460 ἀνέκαθεν
624 407 918 476 προφητῶν
961 406 1057 471 τὰς
1102 409 1231 481 περὶ
1256 410 1422 464 αὐτοῦ
1457 415 1752 484 πιστουμέ-

1865 415 1984 471 lude
2005 431 2113 470 non
2143 417 2416 470 immerito
2442 415 2868 485 exprobraretur
2898 413 3122 478 Judaais.
3149 416 3244 487 qui
3276 417 3434 473 Chri-

219 516 307 554 νων
347 493 658 558 ἀποδείξεις.
708 495 868 548 Ὅθεν
919 498 1140 562 εἰκότως
1169 501 1234 554 ἄν
1266 519 1349 564 τις
1398 502 1670 569 Ἰουδαίοις
1702 523 1761 560 τε

220 587 286 658 μὴ
311 585 388 639 τὸν
419 583 646 654 Χριστὸν
669 584 1150 656 παραδεξαμένοις,
1174 591 1267 643 καὶ
1289 593 1401 654 τοῖς
1424 593 1522 656 τὰς
1551 611 1763 666 προφη-

219 682 346 741 τείας
388 674 634 730 ἀθετοῦσι
663 675 1009 748 αἱρεσιὼταις
1036 681 1449 752 καταμέμψοιτο
1495 687 1574 748 εἰς
1628 686 1760 739 ἀσύ-

221 787 365 826 στατα
393 768 867 840 περιτρεπομένοις
887 787 900 800 °
925 773 974 824 οί
1007 773 1102 841 μὲν
1122 771 1230 843 γὰρ
1248 773 1322 836 ὡς
1343 774 1477 828 Θεοῦ
1501 777 1600 840 τὰς
1631 794 1762 848 προ-

217 861 416 933 φητείας
445 860 848 932 ἀποδεχόμενοι,
878 862 1076 928 ταύτας
1114 865 1329 934 ψευδεῖς
1371 868 1762 938 ἀπελέγχουσιν

215 953 402 1014 ἀτελεῖς
426 950 587 1014 αὐτὰς
611 951 1047 1017 καταλείποντες.
1076 955 1156 1008 ὅτι
1189 955 1261 1026 μὴ
1286 955 1385 1019 τὰς
1415 960 1494 1020 είς
1520 959 1608 1011 τὸν
1631 960 1674 1010 Χ
1682 975 1763 1030 ρι-

216 1045 324 1098 στὸν
348 1042 827 1114 ἀποπληρωθείσας
849 1045 957 1098 τῶν
989 1047 1328 1118 προφητειῶν
1375 1049 1630 1113 ἐκϐάσεις
1659 1045 1761 1104 οἷοί

213 1137 268 1189 τὲ
293 1137 388 1188 εἰσι
416 1133 812 1206 παραδέξασθαι
833 1153 846 1165 ·
882 1140 930 1189 οί
961 1139 1019 1191 δέ
1043 1140 1132 1191 τὸν
1156 1141 1388 1211 Χριστὸν
1435 1141 1758 1213 ὁμολογοῦν-

212 1245 292 1292 τες
322 1227 608 1281 ἀσύστατον
639 1229 732 1281 καὶ
762 1229 1144 1285 ἀναπόδεικτον
1167 1235 1264 1304 τὴν
1285 1237 1362 1298 εἰς
1395 1236 1556 1290 αὐτὸν
1583 1237 1760 1291 πίστιν

212 1322 528 1394 περιέπουσι,
564 1322 637 1394 μὴ
669 1325 780 1386 τοῖς
813 1323 1136 1395 θαυμασίοις
1168 1328 1260 1380 τοῦ
1291 1327 1424 1380 Θεοῦ
1458 1331 1760 1400 προφήταις

209 1413 270 1467 τὰ
289 1415 408 1485 περὶ
428 1413 585 1467 αὐτοῦ
615 1419 1150 1489 προμαρτυρομένοις
1173 1419 1544 1492 συγχρώμενοι
1569 1439 1581 1451 ·
1601 1425 1758 1494 ἡμεῖς

211 1506 266 1573 γέ
285 1521 378 1558 τοι·
408 1505 502 1568 τὰς
545 1505 724 1575 μέντοι
755 1509 1088 1578 προφητείας
1127 1510 1213 1564 διὰ
1247 1512 1344 1581 τῆς
1379 1513 1472 1566 τοῦ
1525 1515 1759 1586 Χριστοῦ

209 1597 506 1669 παρουσίας,
543 1597 750 1669 ταύτην
765 1599 822 1652 δέ
848 1600 936 1654 διὰ
967 1601 1076 1655 τῶν
1101 1604 1438 1674 προφητειῶν
1469 1608 1763 1678 πιστούμε-

209 1707 300 1756 νοι,
337 1690 392 1742 τὺ
418 1689 582 1757 φανὸν
630 1691 722 1743 καὶ
757 1693 980 1764 στερρὸν
1030 1693 1129 1763 τῆς
1176 1695 1430 1767 ἀληθείας
1480 1699 1761 1772 ἀνεξελέγ-

206 1799 344 1846 κτοις
396 1783 695 1846 ἀποδείξεσι
750 1786 1122 1857 παριστῶμεν.
1183 1787 1366 1843 Ταῦτα
1421 1791 1518 1862 μὲν
1563 1793 1644 1856 ὡς
1697 1797 1755 1850 ἐν

207 1875 453 1946 προοιμίῳ
471 1893 484 1904 ·
519 1876 688 1945 ῖωμεν
711 1876 764 1930 δὲ
791 1878 882 1930 ἐπὶ
909 1879 968 1930 τὸ
999 1881 1378 1952 προκείμενον.

711 1991 1109 2046 ΚΕΦΑΛΑΙΟΝ
1162 1995 1242 2048 Α⁹.

655 2106 786 2160 Ἀπὸ
821 2106 940 2160 τῶν
964 2109 1315 2179 Παροιμιῶν.

261 2219 406 2272 Πᾶσα
451 2220 554 2290 μὲν
588 2222 619 2290 ἡ
656 2219 834 2290 βίϐλος
865 2219 972 2273 τῶν
1009 2223 1324 2293 Παροιμιῶν
1358 2226 1420 2277 ἐκ
1471 2225 1758 2297 προσώπου

199 2309 429 2378 λέγεσθαι
452 2312 559 2382 τῆς
591 2311 789 2381 Σοφίας
812 2312 974 2379 ἔοικε,
1001 2315 1075 2384 πῆ
1108 2315 1206 2385 μὲν
1240 2317 1331 2369 τὸν
1367 2317 1551 2386 ἠθικὸν
1579 2319 1763 2372 ύποτι-

199 2403 410 2474 θεμένης
462 2403 604 2474 βίον,
651 2406 728 2474 πῆ
760 2406 816 2459 δέ
857 2408 1378 2480 προσωποποιούσης
1429 2412 1630 2482 ἐτέρων
1676 2412 1762 2465 λό-

197 2513 342 2563 γους·
377 2496 467 2550 καὶ
503 2497 641 2550 ποτε
677 2498 774 2566 μὲν
807 2498 1100 2568 αἰνίγματα
1135 2499 1595 2572 προϐαλλομένης,
1631 2504 1761 2556 ποτε

195 2589 235 2643 δ’
264 2585 323 2643 αὖ
357 2591 488 2662 περὶ
518 2592 692 2662 αὐτῆς
722 2607 842 2644 τινα
873 2590 1246 2661 διδασκούσης,
1277 2595 1370 2650 καὶ
1412 2595 1479 2648 τὰ
1515 2613 1576 2648 πε
1589 2597 1640 2667 pi.
1668 2596 1761 2649 τοῦ

195 2681 373 2752 ἑαυτῆς
424 2681 618 2736 ἐνθέου
670 2681 979 2754 ἀξιώματος
1041 2683 1417 2754 παιδευούσης.
1475 2687 1692 2740 Τούτων
1717 2687 1761 2741 δ’

191 2774 556 2846 ωαλεξὸμεθα
587 2775 650 2828 δι’
684 2768 758 2828 ῶν
817 2774 1156 2847 μανθάνομεν
1204 2777 1284 2829 ὅτι
1341 2777 1403 2849 δὴ
1454 2776 1587 2842 ζῶον
1621 2779 1762 2835 θεῖον

192 2868 274 2920 καὶ
300 2869 468 2939 πάντη
501 2869 612 2940 τὴν
643 2869 802 2937 φύσιν
837 2868 1090 2940 ἐνάρετον
1135 2870 1168 2940 ἡ
1202 2870 1370 2938 Σοφία
1419 2873 1696 2941 τυγχάνει,
1727 2877 1760 2945 ἡ

189 2961 308 3032 αὑτὴ
346 2959 480 3015 οὖσα
549 2961 627 3032 τῷ
658 2961 793 3032 μετὰ
841 2961 930 3014 τὸν
961 2960 1174 3033 πρῶτον
1225 2961 1357 3014 Θεὸν
1389 2961 1624 3034 δευτέρῳ
1655 2964 1763 3017 τῶν

185 3052 306 3106 ὅλων
359 3053 520 3124 αἰτίῳ
557 3092 571 3116 ,
620 3053 699 3124 τῷ
747 3070 807 3106 τε
843 3072 862 3104 ‹
901 3055 959 3107 ἐν
992 3055 1134 3124 ἀρχῇ
1163 3053 1300 3124 πρὸς
1339 3053 1429 3106 τὸν
1465 3054 1597 3108 Θεὸν
1645 3055 1762 3126 Θεῷ

182 3145 341 3216 Λόγῳ,
376 3165 395 3197 ›
429 3147 532 3200 καὶ
565 3148 631 3216 τῇ
658 3144 934 3216 διοικούσῃ
977 3145 1071 3198 καὶ
1121 3145 1478 3217 οἰκονομούσῃ
1509 3146 1575 3198 τὰ
1625 3145 1761 3217 σύμ-

183 3243 363 3301 παντά,
395 3237 490 3290 καὶ
526 3237 699 3308 μέχρι
724 3236 830 3289 τῶν
859 3237 950 3290 ἐπὶ
972 3237 1075 3307 γῆς
1117 3236 1456 3306 πραγμάτων
1489 3236 1760 3310 φθανούσῃ
1791 3249 1830 3305 (ζ

178 3329 390 3401 προνοίᾳ
415 3329 514 3384 τοῦ
571 3329 727 3395 Θεοῦ,
762 3331 796 3400 ἢ
846 3330 940 3383 καὶ
969 3330 1076 3401 πρὸ
1105 3330 1286 3399 πάσης
1317 3329 1505 3394 οὐσίας
1560 3347 1619 3385 τε
1668 3334 1761 3386 καὶ

178 3421 516 3486 ὑποστάσεως
560 3422 827 3488 ἔκτισται,
859 3421 998 3493 ἀρχὴ
1039 3421 1174 3476 ὁδῶν
1202 3418 1334 3476 οὖσα
1369 3423 1467 3493 τῆς
1499 3423 1625 3494 ὅλης
1665 3424 1760 3496 δη-

176 3515 476 3585 μιουργίας.
517 3513 614 3566 Τά
637 3513 694 3566 δὲ
731 3513 869 3585 ῥητὰ
895 3513 970 3576 ὡς
1001 3511 1060 3576 ἐξ
1085 3512 1253 3582 αὐτῆς
1276 3511 1376 3582 τῆς
1411 3513 1610 3582 Σοφίας
1639 3513 1762 3566 τοῦ-

172 3623 252 3660 τον
274 3594 528 3661 λέλεκται
585 3606 677 3660 τὸν
706 3606 902 3678 τρόπον
925 3620 938 3633 ⁸
979 3623 997 3656 ι
1034 3604 1174 3673 Ἐγὼ
1222 3605 1450 3677 ήΣοφία
1492 3607 1760 3677 κατεσκή-

169 3699 561 3770 νωσα-βουλὴυ
595 3698 690 3750 καὶ
717 3695 936 3765 γνῶσιν,
975 3694 1068 3750 καὶ
1097 3695 1302 3748 ἔννοιαν
1342 3694 1453 3764 ἐγὼ
1507 3697 1763 3750 ἐπεκαλε-

176 3790 367 3862 σάμην.
423 3790 610 3855 Φόϐος
664 3789 867 3860 Κυρίου
921 3790 1069 3860 μισεῖ
1112 3789 1326 3854 κακίαν,
1382 3788 1538 3860 ὓϐριν
1571 3807 1628 3843 τε
1667 3791 1761 3845 καὶ

176 3883 558 3956 ὑπερηφανίαν
599 3882 694 3935 καὶ
744 3882 894 3946 ὀδοὺς
932 3882 1214 3953 πονηρῶν,
1274 3881 1512 3952 ἐμίσησα
1554 3882 1609 3935 δὲ
1651 3883 1760 3953 ἐγὼ

173 3972 618 4048 διεστραμμένας
653 3973 804 4036 ὁδοὺς
833 3973 1038 4027 κακῶν.
1072 3974 1208 4044 Ἐμὴ
1248 3971 1407 4043 βουλὴ
1450 3975 1544 4026 καὶ
1583 3976 1759 4044 ἀσφά-

171 4066 310 4122 λεια·
347 4069 466 4139 ἐγὼ
501 4069 757 4131 σύνεσις,
799 4067 904 4138 ἐμὴ
939 4068 994 4121 δὲ
1023 4068 1191 4137 ἰσχύς.
1234 4069 1311 4120 Δι’
1346 4067 1480 4137 ἐμοῦ
1523 4068 1758 4138 βασιλεῖς

174 4159 559 4228 βασιλεύουσι,
637 4161 730 4213 καὶ
802 4162 848 4213 οἱ
899 4161 1154 4213 δυνάσται
1223 4161 1492 4232 γράφουσι
1552 4163 1757 4216 δικαιο-

171 4255 351 4327 σύνην.
377 4257 460 4309 Δι’
505 4253 675 4324 ἐμοῦ⁶
698 4255 1018 4324 μεγιστᾶνες
1077 4253 1487 4322 μεγαλύνονται,
1535 4255 1627 4306 κα¹ι
1664 4254 1757 4307 τύ-

173 4364 342 4416 ραννοι
385 4349 458 4402 δι’
520 4347 662 4418 ἐμοῦ
701 4345 962 4416 κρατοῦσι
993 4345 1110 4416 γῆς·
1159 4346 1297 4418 Ἐγὼ
1345 4349 1469 4410 τοὺς
1514 4349 1612 4416 ἐμὲ
1674 4365 1759 4418 φι-

165 4437 384 4504 λοῦντας
467 4437 701 4507 ἀγαπῶ,
754 4438 802 4490 οἱ
846 4436 901 4490 δὲ
951 4437 1049 4504 ἐμὲ
1111 4436 1404 4507 ζητοῦντες
1470 4438 1756 4508 εὑρήσουσι

164 4537 334 4604 χάριν.
370 4534 629 4593 Πλοῦτος
658 4533 749 4584 καὶ
798 4531 922 4596 δόξα
969 4531 1091 4600 ἐμοὶ
1145 4531 1409 4602 ὑπάρχει,
1444 4531 1537 4583 καὶ
1567 4533 1756 4602 κτῆσις

163 4625 368 4680 πολλῶν
426 4627 532 4680 καὶ
575 4623 912 4693 δικαιοσύνη.
964 4623 1181 4677 Βέλτιον
1241 4625 1340 4693 ἐμὲ
1394 4624 1756 4694 καρπίζεσθαι

162 4719 296 4790 ὑπὲρ
331 4719 579 4791 χρυσίον
639 4717 733 4770 καὶ
790 4715 934 4769 λίθον
991 4715 1168 4786 τίμιον
1200 4717 1399 4770 πολύν·
1430 4717 1498 4770 τὰ
1547 4718 1600 4770 δὲ
1650 4718 1757 4787 ἐμὰ

159 4814 480 4885 γεννήματα
517 4810 763 4882 κρείσσω
791 4809 1050 4880 ἀργυοίου
1079 4809 1356 4863 ἐκλεκτοῦ.
1428 4811 1514 4862 Ἐν
1540 4809 1620 4879 (F.
1652 4811 1756 4880 ‘26)

156 4904 288 4968 ὁδοῖς
341 4902 713 4972 δικαιοσύνης
769 4902 1080 4973 περιπατῶ,
1117 4903 1209 4955 καὶ
1235 4902 1505 4974 ἀναμέσον
1556 4904 1756 4974 τρίϐων

155 4993 540 5066 δικαιώματος
611 4993 1051 5064 ἀναστρέφομαι’
1105 4993 1191 5045 ἵνα
1246 4994 1457 5063 μερίσω
1498 4997 1610 5056 τοῖς
1657 4993 1756 5064 ἐμὲ

154 5087 450 5154 ἀγαπῶσιν
490 5084 756 5156 ὓπαρξιν,
790 5085 1033 5147 καὶτοὺς
1074 5083 1378 5156 θησαυροὺς
1425 5084 1604 5136 αὐτῶν
1654 5087 1754 5156 ἐμο

156 5179 348 5254 πλήσω
381 5178 627 5249 ἀγαθῶν
644 5193 674 5250 ⁸,
693 5176 786 5229 ἐὰν
816 5176 1120 5245 ἀναγγείλω
1144 5179 1268 5247 ὑμῖν
1296 5177 1364 5230 τὰ
1393 5177 1514 5230 καθ’
1541 5179 1752 5250 ἡμέραν

151 5274 442 5345 γινόμενα,
475 5273 846 5344 μνημονεύσω
867 5272 932 5324 τὰ
976 5272 1034 5338 ἐξ
1061 5271 1254 5333 αἰῶνος
1289 5268 1608 5340 ἀριθμῆσαι.
1649 5268 1754 5322 Κύ-

153 5382 261 5436 ριος
285 5365 484 5420 ἔκτισέ
514 5381 592 5435 με
611 5364 783 5435 ἀρχὴν
808 5362 940 5416 ὁδῶν
971 5363 1132 5416 αὑτοῦ
1165 5365 1243 5425 είς
1269 5361 1405 5432 ἔργα
1437 5361 1623 5425 αὑτοῦ,
1650 5361 1754 5434 πρὸ

147 5457 235 5509 τοῦ
261 5460 473 5521 αἰῶνος
497 5455 835 5526 ἐθεμελίωσέ
863 5472 948 5525 με,
976 5458 1032 5507 ἐν
1062 5456 1199 5525 ἀρχῇ
1249 5455 1354 5524 πρὸ
1390 5453 1483 5506 τοῦ
1524 5453 1620 5522 τὴν
1653 5455 1754 5524 γῆν

147 5551 395 5622 ποιῆσαι,
426 5549 536 5602 καὶ
575 5547 684 5620 πρὸ
707 5547 800 5600 τοῦ
829 5547 926 5610 τὰς
947 5546 1214 5610 ἀϐύσσους
1246 5547 1489 5617 ποιῆσαι,
1526 5546 1630 5616 πρὸ
1659 5543 1750 5596 τοῦ

142 5643 317 5696 ἐλθεῖν
351 5645 462 5708 τὰς
501 5643 700 5711 πηγὰς
747 5641 852 5695 τῶν
905 5641 1140 5716 ὑδάτων·
1186 5641 1290 5710 πρὸ
1334 5639 1427 5692 τοῦ
1462 5639 1560 5710 ὅρη
1591 5639 1751 5709 ἐδρα-

141 5732 357 5806 σθῆναι,
416 5732 536 5806 πρὸ
565 5730 634 5786 δὲ
686 5733 899 5786 πάντων
935 5731 1156 5802 βουνῶν,
1187 5732 1351 5802 γεννᾷ
1415 5747 1499 5801 με.
1548 5728 1750 5800 Κύριος

202 5855 248 5887 ’ν
285 5852 457 5908 Joan.
503 5865 566 5903 ι.
625 5851 676 5907 l.

1869 516 2013 564 stum
2043 524 2151 562 non
2183 508 2498 573 admittunt,
2530 523 2630 562 nec
2657 523 2767 562 non
2815 508 3086 572 haereticis
3123 510 3436 580 prophetias

1869 601 2266 669 rejicientibus,
2317 601 2461 672 quod
2520 601 2574 656 in
2623 601 3112 657 contradictionem
3162 603 3433 658 incidunt.

1868 695 1946 748 Illi
1969 695 2112 748 enim
2142 695 2290 750 velut
2321 709 2350 748 a
2379 693 2489 748 Deo
2514 693 2831 764 prophetias
2875 694 3174 764 accipiunt,
3208 695 3434 750 menda-

1867 787 1936 841 cii
1960 798 2136 842 autem
2161 804 2254 843 eas
2275 797 2532 857 arguunt,
2561 789 2688 842 dum
2713 787 3057 857 imperfectas
3080 803 3203 843 esse
3225 789 3431 852 sinunt,

1868 878 1921 932 in
1943 879 2164 934 Christo
2187 889 2622 934 consummatum
2655 878 2825 934 fuisse
2846 879 3248 949 prophetiarum
3265 895 3431 934 even-

1868 977 1981 1023 tum
2029 985 2324 1041 agnoscere
2350 981 2715 1039 nequeuntes;
2745 971 2800 1024 hi
2849 987 2997 1034 vero,
3027 971 3120 1041 qui
3155 971 3432 1026 Christum

1867 1061 2215 1127 conﬁtentur,
2246 1063 2538 1118 absurdam
2566 1071 2746 1117 tamen
2783 1079 2958 1133 neque
2989 1066 3152 1119 certis
3189 1063 3430 1117 l'ulcitam

1867 1153 2213 1218 documentis
2255 1155 2412 1212 ﬁdem
2451 1157 2573 1226 ejus
2628 1157 2990 1218 contendunt,
3039 1156 3432 1210 admirabiliter

1867 1245 1960 1302 Dei
1996 1248 2311 1318 prophetas,
2345 1251 2439 1319 qui
2473 1251 2848 1305 testimonium
2896 1250 3023 1304 olim
3073 1249 3140 1303 de
3190 1264 3256 1303 eo
3306 1246 3434 1302 red-

1866 1340 2144 1408 diderunt,
2166 1357 2276 1396 nun
2305 1352 2684 1412 agnoscentes.
2715 1342 2856 1409 Quid
2885 1357 3014 1397 vero
3043 1341 3177 1395 nos?
3203 1339 3432 1409 Propheo

1867 1433 1972 1487 tias
2007 1434 2227 1503 quidem
2266 1443 2486 1506 propter
2540 1437 2744 1492 tlhristi
2799 1435 3112 1497 adventum,
3145 1434 3290 1486 hunc
3336 1448 3430 1486 au-

1865 1531 1975 1580 tem
2011 1539 2231 1599 propter
2275 1530 2587 1599 prophetias
2636 1529 2929 1593 credimus,
2971 1545 3038 1583 ac
3103 1514 3431 1584 evidentiam

1873 1624 2160 1694 roburque
2185 1626 2428 1681 veritatis
2463 1625 2790 1680 arctissimis
2823 1624 3174 1680 ostendemus
3209 1621 3432 1677 demon-

1868 1716 2249 1771 strationibus.
2276 1716 2381 1772 S‘ed
2413 1717 2545 1774 satis
2571 1717 2638 1772 de
2666 1715 2961 1787 prooemio;
2982 1714 3094 1784 jam
3135 1713 3216 1768 ad.
3238 1727 3433 1783 prapo-

1862 1807 2024 1863 situm
2066 1816 2426 1874 transeamus.

2497 2013 2725 2069 CAPUT
2762 2013 2803 2068 1.

2443 2107 2506 2179 Ἐ
2533 2125 2854 2182 Prorerbiis.

1934 2238 2104 2294 Totus
2127 2237 2544 2296 Proverbiorum
2568 2242 2705 2297 liber
2728 2240 2793 2297 de
2816 2240 3118 2314 Sapientia,
3142 2243 3186 2298 si
3209 2243 3274 2297 ad
3299 2243 3434 2298 titu-

1864 2331 1974 2386 lum
2025 2333 2312 2404 respicias,
2340 2341 2580 2388 tractare
2621 2333 2864 2397 videtur;
2899 2351 3043 2389 nunc
3077 2335 3323 2390 moribus
3354 2337 3433 2388 vi—

1861 2432 1971 2479 tam
2006 2426 2249 2491 instruit,
2295 2442 2438 2480 nunc
2480 2427 2617 2480 alios
2661 2427 2944 2496 loquentes
2993 2427 3244 2480 inducit:
3290 2443 3432 2480 non-

1863 2533 2140 2588 nunquam
2176 2518 2430 2587 proponit
2477 2520 2797 2589 aenigmata;
2834 2518 3006 2588 ipsam
3059 2519 3333 2574 interdum
3366 2518 3434 2573 de

1864 2640 1923 2679 se
1952 2625 2196 2695 quadam
2224 2624 2564 2687 edocentem,
2594 2625 2871 2694 multaque
2895 2623 2962 2678 de
2993 2624 3175 2678 divina
3209 2625 3431 2679 suimet-

1865 2716 2039 2788 ipsius
2096 2716 2364 2786 dignitate
2412 2717 2809 2771 ostendentem.
2861 2716 3102 2782 Quorum
3155 2731 3218 2770 ea
3281 2719 3435 2786 prius

1864 2807 2181 2876 colligemus
2207 2805 2406 2876 quibus
2438 2817 2773 2875 compertum
2817 2807 3082 2862 habemus
3113 2808 3318 2878 aliquid
3351 2808 3435 2862 di-

1863 2900 2047 2954 vinum
2076 2914 2198 2953 esse
2223 2897 2543 2968 sapientiam
2571 2908 2623 2954 et
2650 2909 2842 2954 natura
2863 2901 3086 2954 omnino
3117 2902 3434 2971 praecellen-

1864 2999 1996 3053 tem,
2031 2991 2314 3060 ipsamque
2344 2991 2663 3056 secundam,
2701 3000 2824 3062 post
2855 2993 3092 3063 priorem
3126 2993 3317 3057 Deum,
3351 3011 3436 3050 re-

1864 3113 1984 3150 rum
2041 3097 2421 3153 universarum
2476 3098 2722 3166 causam,
2756 3094 2874 3170 quae
2919 3102 3136 3170 quidem
3185 3119 3306 3157 cum
3364 3105 3436 3158 sit

1872 3209 1890 3242 ι
1929 3191 1982 3245 in
2022 3193 2294 3262 principio
2318 3197 2458 3265 apud
2484 3195 2650 3249 Deum
2686 3195 2828 3251 Deus
2851 3194 3174 3259 Verbum",
3199 3216 3218 3249 ι
3254 3197 3432 3251 omnia

1867 3299 2062 3354 regens
2107 3291 2270 3355 atque
2297 3287 2582 3350 ordinans,
2613 3296 2666 3341 et
2689 3287 2781 3342 Dei
2813 3289 3153 3358 providentia
3179 3289 3434 3343 omnibus

1864 3391 1983 3445 quae
2033 3384 2161 3430 sunt
2216 3392 2382 3447 super
2421 3386 2621 3433 terram
2670 3381 2984 3440 consulens.
3034 3389 3160 3435 ante
3219 3395 3432 3434 omnem

1863 3469 2156 3522 essentiam
2222 3478 2274 3522 et
2330 3468 2695 3523 substantiam
2768 3483 3081 3541 procreata,
3145 3473 3436 3543 omnisque

1864 3561 2158 3614 creatiouis
2181 3560 2393 3614 viarum
2421 3561 2770 3632 principium.
2799 3561 2922 3617 [hec
2961 3580 3089 3618 vero
3123 3580 3245 3633 qua;
3277 3564 3432 3634 quasi

1863 3667 1928 3719 (lc
1960 3681 2018 3720 se
2051 3665 2166 3734 ipsa
2194 3664 2470 3736 Sapientia
2500 3667 2632 3722 dicit
2665 3684 2677 3719 :
2717 3686 2733 3717 ι
2777 3666 2889 3738 Ego
2934 3665 3211 3737 Sapientia
3248 3668 3434 3723 habito

1863 3759 1917 3812 in
1974 3759 2228 3822 consilio,
2266 3767 2321 3813 et
2376 3759 2608 3816 eruditis
2671 3761 2931 3815 intersum
2984 3760 3427 3830 cogitationibus.

1862 3850 2048 3906 Timor
2072 3852 2280 3907 Domini
2306 3854 2420 3908 odit
2453 3855 2654 3909 malum
2687 3873 2700 3906 :
2734 3853 3125 3922 arrogantiam,
3158 3861 3210 3908 et
3242 3868 3428 3922 super-

1861 3943 2027 4008 biam,
2074 3953 2128 3998 et
2182 3947 2325 3999 viam
2373 3962 2619 4016 pravam.
2667 3957 2714 4001 et
2763 3962 2826 4000 os
2871 3947 3110 4017 bilingue
3166 3947 3424 4000 detestor.

1863 4036 2037 4092 Meum
2072 4045 2156 4093 est
2184 4039 2495 4102 consilium,
2527 4046 2580 4092 et
2610 4038 2878 4108 aequitas;
2914 4054 3030 4093 mea
3081 4049 3163 4092 est
3191 4036 3428 4106 pruden-

1861 4131 1976 4195 tia;
2015 4145 2131 4184 tuea
2165 4138 2250 4184 est
2292 4129 2571 4183 fortitudo.
2606 4127 2710 4182 Per
2749 4146 2834 4183 me
2886 4145 3042 4204 rcges
3092 4135 3340 4200 regnant,
3372 4134 3426 4181 et

1861 4223 2040 4292 legum
2087 4221 2398 4276 conditores
2441 4219 2591 4288 justa
2649 4219 2983 4284 decernunt;
3027 4235 3122 4288 per
3156 4236 3242 4273 me
3271 4217 3422 4286 prin-

1861 4315 2009 4383 cipes
2081 4314 2370 4384 imperant.
2436 4322 2490 4368 et
2551 4313 2763 4384 tyranni
2832 4320 2987 4368 terra:
3046 4313 3420 4367 dominantur.

1861 4405 1973 4477 Ego
1994 4407 2282 4475 diligentes
2320 4423 2405 4461 me
2443 4407 2610 4478 diligo
2670 4425 2682 4460 :
2719 4415 2772 4460 et
2799 4405 2890 4476 qui
2922 4419 3080 4459 mane
3105 4405 3330 4476 vigilant
3357 4405 3422 4459 ad

1861 4526 1966 4572 me,
2002 4511 2278 4565 invenient
2307 4527 2422 4566 me.
2458 4511 2663 4566 Merum
2718 4518 2845 4564 sunt
2887 4509 3107 4568 divitiae.
3135 4517 3188 4562 et
3234 4507 3423 4578 gloria,

1791 4609 1832 4661 ῐ)
1861 4619 1993 4673 opes
2031 4604 2298 4673 superbae.
2331 4613 2384 4660 et
2423 4605 2658 4674 justitia.
2689 4603 2879 4658 Melior
2911 4611 2995 4657 est
3026 4603 3169 4656 enim
3217 4600 3426 4654 fructus

1863 4713 2016 4752 meus
2067 4713 2222 4760 auro,
2259 4704 2313 4750 ct
2363 4695 2542 4766 lapide
2584 4697 2842 4767 pretioso,
2875 4702 2928 4750 et
2987 4693 3258 4764 genimina
3307 4706 3424 4747 mea

1860 4797 2088 4858 argento
2127 4789 2320 4844 electo.
2376 4789 2428 4842 lu
2486 4790 2589 4845 viis
2631 4789 2858 4859 iustitia:
2883 4786 3123 4847 ambulo,
3165 4785 3217 4838 in
3247 4783 3424 4836 medio

1860 4884 2176 4937 scmitarum
2206 4881 2420 4952 jutlicii,
2466 4889 2522 4934 ut
2559 4881 2725 4936 ditem
2760 4881 3046 4949 diligentes
3087 4892 3192 4938 me,
3227 4883 3280 4928 et
3309 4874 3425 4927 the-

1861 4989 2052 5028 saurus
2103 4990 2289 5027 eorum
2350 4975 2606 5046 repleam.
2645 4973 2908 5026 Dominus
2955 4967 3195 5039 possedit
3237 4981 3321 5020 me
3367 4967 3421 5020 in

1859 5067 2016 5122 initio
2046 5068 2254 5121 viarum
2297 5084 2542 5142 suarum,
2579 5075 2866 5135 antequam
2899 5061 3192 5132 quidquam
3224 5058 3424 5112 faceret

1860 5188 1891 5228 a
1916 5173 2203 5244 principio.
2258 5174 2341 5229 Ab
2371 5185 2575 5229 :etcruo
2606 5172 2853 5225 ordinata
2895 5184 3013 5224 sum
3037 5207 3050 5229 ,
3085 5174 3138 5221 et
3180 5181 3246 5219 ex
3282 5163 3424 5216 auti-

1859 5266 1983 5335 quis
2013 5275 2302 5337 antequam
2343 5278 2485 5322 terra
2513 5267 2681 5319 ﬁeret.
2729 5261 2978 5316 Nondum
3029 5265 3183 5312 erant
3219 5255 3419 5326 abyssi,

1859 5371 1914 5418 et
1936 5378 2035 5432 ego
2063 5341 2174 5430 jam
2227 5373 2487 5432 concepta
2534 5375 2718 5423 eram;
2763 5355 2991 5410 necdum
3045 5352 3223 5404 fontes
3255 5364 3424 5418 aqua—

1860 5470 1980 5509 rum
2013 5463 2336 5524 eruperant;
2382 5453 2610 5509 necdum
2659 5457 2872 5504 montes
2905 5445 3051 5516 gravi
3127 5442 3265 5495 mole
3293 5455 3424 5493 con-

1863 5548 2113 5619 stiterant
2143 5563 2154 5597 :
2183 5555 2308 5600 ante
2334 5547 2500 5601 colles
2551 5559 2651 5614 ego
2703 5540 3063 5613 parturiehar.
3097 5534 3287 5588 Adhuc
3315 5539 3424 5585 ter-

1859 5655 1977 5693 ram
2029 5655 2137 5693 non
2198 5638 2422 5704 fecerat,
2461 5647 2514 5692 et
2576 5636 2821 5696 ﬂumina,
2867 5639 2921 5686 et
2969 5628 3220 5684 cardines
3275 5623 3424 5678 orbis

1859 5738 2038 5786 terrae.
2073 5731 2304 5797 Quando
2333 5729 2670 5802 praeparabat
2699 5727 2890 5791 caalos,
2924 5722 3174 5788 aderam;
3205 5716 3436 5790 quando.
