3936 6206
581 291 720 348 1125
1260 286 1528 343 EUSEBII
1565 281 2040 343 C£SARIENS'S
2075 280 2135 338 Ol

2305 279 2448 336 ans
2485 279 2576 337 Ill.
2615 309 2686 320 —
2723 277 3130 336 EXEGETICA.
3581 292 3689 346 net
3855 249 3859 334 ί

574 423 725 468 certa
756 410 892 479 lege,
922 415 977 463 et
1005 420 1135 480 gyro
1164 406 1396 461 vallabat
1425 406 1672 479 abyssos,
1699 404 1917 475 quando
1941 404 2128 459 aethera

2136 447 2139 455 _
2170 421 2214 476 Δ
2241 400 2460 470 ἐποίησε
2490 399 2672 471 χώρας
2723 401 2816 452 καὶ
2857 400 3157 471 ἀοικήτους.
3201 402 3294 454 καὶ
3323 403 3448 472 ἂκρα
3477 406 3690 478 οἰκούμενα

577 503 834 560 ﬁrmabat
895 515 1140 561 sursum.
1191 506 1246 554 et
1307 500 1539 554 librabat
1598 498 1777 553 fontes
1841 513 2131 569 aquarum;

2297 508 2338 561 ις
2371 489 2462 544 ὑπ’
2490 491 2735 562 οὐρανόν.
2773 491 2964 545 Ἦνίκα
2989 490 3246 562 ἡτοίμαζε
3266 492 3352 545 τὸν
3377 496 3578 565 οὐρανὸν,
3595 516 3694 570 συμ-
3847 525 3851 564 5

578 595 798 668 quando
821 592 1196 648 circumdabat
1227 592 1362 647 mari
1393 593 1683 647 terminum
1709 607 1865 645 suum
1885 599 1938 645 et
1967 591 2132 660 legem

2295 583 2500 652 ιρὴμην
2522 582 2688 653 αὐτῷ,
2712 582 2876 653 ἡνίκα
2903 583 3142 654 άφώριζε
3167 582 3257 636 τὸν
3281 585 3452 638 ἐαυτοῦ
3476 587 3619 659 θρόνον
3637 594 3695 646 ἐπ’
3845 579 3849 640 ἑ

576 690 814 759 ponebat
854 687 1032 755 aquis,
1083 703 1151 741 ne
1207 688 1504 742 transirent
1553 685 1685 740 ﬁnes
1711 700 1880 741 suos:
1918 684 2130 754 quando

2297 673 2470 742 νέμων.
2513 672 2704 726 Ἢνίκα
2727 672 2921 744 ἰσχυρά
2946 674 3116 725 ἐποίει
3137 674 3205 726 τὰ
3232 675 3339 728 ἄνω
3379 675 3491 747 νέφη
3512 721 3524 742 ,
3557 680 3629 732 καὶ
3648 680 3702 744 ὡς

577 780 916 850 appendeliat
964 779 1316 834 fundamenta
1364 787 1558 845 terrae;
1588 795 1709 833 cum
1741 795 1806 833 eo
1826 793 1974 832 eram
2003 792 2131 830 cun-

2299 763 2500 832 πφαλεῖς
2525 765 2688 817 ἐτίθει
2731 765 2911 834 πηγάς
2943 764 3041 833 τῆς
3066 765 3155 818 ὑπ’
3194 766 3424 838 οὐρανὸν,
3455 770 3502 820 ἐν
3522 770 3583 839 τῷ
3600 770 3704 826 τιθέ-

2311 854 2475 874 κροκι
2547 856 2915 874 μςῆδρκκβι
2981 856 3121 874 κρηκ
3174 856 3189 874 \
3321 859 3333 874 9
3403 857 3425 868 σ
3548 861 3628 874 ι..

576 880 663 926 cta
706 886 1039 940 componens
1073 889 1085 925 :
1122 877 1176 923 et
1215 871 1526 925 delectabar
1579 886 1674 939 per
1727 870 1975 939 singulos
1996 869 2130 932 dies,

2297 873 2324 907 ιι
2353 854 2514 909 αὑτὸν
2541 859 2606 926 τῇ
2631 856 2869 932 θαλάσσῃ
2892 856 3230 927 άκριϐασμδν
3278 857 3428 910 αὐτοῦ
3448 899 3461 918 .
3491 863 3566 912 καὶ
3583 861 3706 917 ὕδατα
3849 854 3851 882 ⁵

575 963 770 1018 ludens
813 977 999 1016 coram
1054 977 1120 1015 eo
1167 962 1313 1015 omni
1361 971 1634 1031 tempore;
1684 960 1876 1015 ludens
1919 961 1973 1013 in
2007 960 2129 1015 orbe

2235 947 2296 1000 οὑ
2323 946 2743 1019 παρελεύσονται
2770 948 2945 1018 στόμα
2973 949 3135 1001 αὑτοῦ
3158 963 3173 978 °
3205 949 3360 1018 ἡνίκα
3385 951 3548 1020 ἰσχυρὰ
3580 955 3705 1008 ἐποίει

574 1061 843 1108 terrarum
875 1070 888 1107 :
921 1059 975 1106 et
1023 1052 1232 1106 deliciae
1277 1067 1429 1114 meaa,
1463 1067 1586 1105 esse
1626 1066 1749 1106 cum
1793 1052 1917 1105 [iliis
1963 1051 2128 1104 homi-

2234 1037 2303 1090 τὰ
2336 1039 2558 1110 θεμέλια
2600 1039 2699 1109 τῆς
2736 1041 2838 1110 γῆς
2861 1081 2874 1103 ,
2910 1041 3059 1111 ήμην
3099 1041 3232 1112 παρ’
3261 1040 3396 1110 αὐτῷ
3435 1044 3701 1112 ἁρμόζουσα·

575 1105 770 1201 num‘.
809 1163 829 1196 ι
862 1105 987 1198 Θέο
1012 1143 1228 1213 quidem
1279 1142 1345 1197 de
1379 1105 1437 1198 se
1483 1144 1597 1212 ipsa
1629 1142 1906 1213 Sapientia
1940 1157 1952 1191 :
1988 1156 2129 1210 quae-

2301 1128 2345 1182 ὼ
2380 1105 2556 1201 ἡμην,
2657 1105 2992 1203 ’προσέχαιρε
3014 1105 3148 1184 ’καθ’
3171 1105 3393 1202 ἡμέραν,
3422 1105 3707 1208 eae-pandum
3845 1105 3853 1212 ξ

573 1254 698 1294 nam
726 1250 856 1292 vero
880 1235 995 1306 ipsa
1045 1236 1136 1298 sit,
1179 1241 1403 1289 sanctus
1428 1232 1722 1304 Apostolus
1765 1232 2005 1287 ostendit
2051 1231 2127 1285 di-

2318 1223 2375 1274 ἐν
2399 1220 2671 1292 προσώπῳ
2699 1221 2863 1275 αὐτοῦ
2900 1225 2956 1274 ἐν
2997 1223 3162 1274 παντὶ
3201 1222 3404 1293 καιρῷο
3441 1225 3515 1277 ὅτε
3539 1227 3707 1298 503m!-
3845 1225 3849 1308 ί

579 1343 713 1384 cens
743 1346 757 1381 :
795 1345 814 1378 ι
843 1325 1098 1381 Christus
1129 1324 1222 1380 Dei
1251 1326 1426 1398 virtus
1454 1332 1508 1379 et
1539 1323 1629 1378 Dei
1661 1323 1990 1394 Sapientia”;
2022 1343 2040 1375 ι
2078 1330 2133 1377 et

2293 1330 2352 1366 το
2372 1313 2468 1384 τὴν
2500 1313 2824 1385 οἰκουμένην
2850 1315 3192 1378 συντελέσας,
3241 1315 3331 1367 καὶ
3377 1316 3634 1386 εὐφραίνετο
3665 1322 3707 1374 ἐν
3843 1309 3847 1384 Ι

573 1435 766 1476 rursus
795 1439 812 1475 :
851 1438 869 1470 ι
903 1418 1006 1485 Qui
1040 1420 1216 1474 factus
1244 1425 1327 1472 est
1366 1417 1524 1471 nobis
1549 1415 1826 1486 Sapientia
1858 1431 1886 1468 ιι
1913 1415 2020 1469 Deo
2040 1415 2080 1468 ³.
2106 1433 2126 1467 ι

2293 1409 2368 1468 οἶς
2389 1406 2495 1458 τῶν
2526 1404 2844 1476 ἀνθρώπων.
2875 1424 2893 1456 ι
2932 1405 3114 1458 Ταῦτα
3144 1406 3242 1476 μὲν
3271 1401 3359 1460 οὖν
3397 1407 3587 1462 διδάσκει
3613 1415 3706 1483 περὶ

571 1509 717 1582 Ergo
733 1493 987 1566 Christus
1007 1519 1092 1564 est
1119 1511 1210 1579 qui
1239 1508 1462 1579 praefata
1486 1509 1734 1563 elocutus
1760 1516 1878 1573 est;
1904 1507 2125 1578 Sapien-

2303 1499 2428 1568 υτῆς
2459 1499 2491 1568 ἡ
2519 1496 2684 1566 Σοφία
2706 1514 2720 1528 ο
2750 1497 2834 1560 τίς
2857 1496 2912 1550 δέ
2942 1498 3087 1551 ἐστιν
3117 1497 3278 1568 αὕτη,
3303 1501 3328 1550 ὁ
3361 1500 3484 1569 ἱερὸς
3518 1502 3705 1556 Ἀπόπο-
3843 1493 3857 1582 lg

572 1602 646 1656 tia
680 1611 734 1657 et
767 1599 1003 1657 Verbum
1043 1609 1128 1655 est
1183 1600 1295 1664 Dei,
1322 1614 1352 1652 a
1402 1613 1511 1668 quo
1557 1600 1739 1652 omnia
1787 1598 1929 1652 facta
1979 1605 2126 1652 sunt.

2231 1588 2319 1654 λος
2349 1589 2590 1642 παιδεύει
2613 1588 2804 1657 λέγων,
2834 1608 2852 1640 ι
2877 1589 3108 1660 Χριστὸς
3135 1589 3272 1643 Θεοῦ
3300 1589 3504 1660 δύναμις
3518 1595 3588 1646 καί
3605 1595 3702 1648 Θεοῦ

575 1712 596 1744 ι
637 1693 695 1748 In
726 1695 994 1764 principio
1037 1704 1154 1749 erat
1196 1693 1458 1757 Verbum,
1489 1701 1542 1748 et
1572 1691 1807 1748 Verbum
1840 1698 1956 1747 erat
1985 1690 2126 1761 apud

2162 1760 2195 1764 __
2232 1681 2392 1749 σοφία
2415 1697 2429 1711 ·
2466 1700 2485 1732 ι
2519 1681 2611 1734 καὶ
2645 1680 2804 1734 πάλιν
2825 1721 2840 1745 ,
2896 1699 2913 1731 ι
2954 1682 3048 1743 ⁸·ος
3071 1681 3299 1753 ἐγενήθη
3331 1683 3482 1750 Σοφία
3515 1685 3612 1753 ἡμῖν
3633 1687 3708 1739 ἀπὺ

569 1760 760 1850 Deum,
796 1794 849 1840 et
883 1760 1024 1841 Deus
1079 1793 1199 1841 erat
1258 1783 1518 1841 Verbum.
1559 1783 1753 1839 Omnia
1804 1799 1900 1853 per
1952 1760 2123 1852 ipsum

2162 1760 2202 1813 Β
2231 1771 2386 1828 Θεοῦ.
2426 1791 2444 1823 ι
2479 1772 2710 1844 Χριστὸς
2735 1769 2826 1825 οὗν
2855 1773 3000 1825 ἐστιν
3018 1775 3047 1825 ό
3071 1772 3139 1824 τὰ
3161 1774 3512 1843 προειρημένα
3527 1775 3704 1844 φάσκων·

571 1877 712 1931 facta
741 1886 869 1931 sunt
892 1878 956 1944 ³’;
997 1896 1016 1929 ›
1047 1886 1100 1929 et
1128 1893 1141 1928 :
1180 1896 1196 1928 ι
1232 1877 1287 1930 ln
1315 1879 1433 1947 ipso
1455 1878 1671 1931 condita
1697 1884 1824 1930 sunt
1858 1876 2125 1940 universa,

2230 1865 2264 1932 ἡ
2291 1863 2460 1932 Σοφία
2489 1863 2582 1916 καὶ
2613 1863 2782 1931 Λόγος
2812 1864 2928 1916 ἐστὶ
2951 1863 3086 1916 Θεοῦ
3107 1904 3122 1928 ,
3151 1863 3218 1916 δι’
3251 1859 3310 1917 οὗ
3335 1864 3398 1917 τά
3431 1867 3572 1919 πάντα
3596 1869 3709 1935 γεγέ-

567 1967 658 2022 inc
676 1969 798 2024 telis
826 1977 880 2023 et
909 1969 960 2022 in
990 1977 1155 2033 terra,
1175 1968 1789 2036 visibiliafetinvisibilia
1811 1966 1853 2028 ⁸,
1883 1986 1902 2017 ›
1939 1982 2121 2021 secun-

2230 1972 2416 2026 νηταιο
2452 1973 2470 2005 ι
2525 1956 2612 2008 Ἐν
2641 1957 2779 2027 ἀρχῇ
2816 1956 2925 2027 γάρ
2955 1953 3022 2027 ἦν
3044 1959 3073 2010 ό
3102 1957 3276 2026 Λόγος
3295 2000 3310 2023 ,
3344 1960 3431 2011 καὶ
3457 1963 3483 2012 ὁ
3505 1962 3632 2028 Λόγος
3662 1957 3710 2031 ἦν

567 2060 695 2114 dum
746 2061 1088 2130 Apostolum.
1141 2059 1311 2125 Quem
1375 2063 1518 2115 enim
1575 2060 1639 2113 ad
1705 2058 1923 2111 modum
1992 2071 2121 2126 quo-

2341 2064 2367 2109 ς
2391 2047 2484 2100 τὸν
2503 2048 2654 2113 Θεὸν,
2685 2051 2779 2102 καὶ⁵
2811 2049 2942 2112 Θεὸς
2961 2045 3028 2124 ἦν
3045 2052 3073 2087 ὅ
3105 2050 3296 2118 Λόγος.
3328 2051 3497 2104 Πάντα
3521 2051 3571 2103 δι’
3593 2050 3711 2104 απῦ
3890 2084 3895 2113 τ

565 2148 687 2204 dam
702 2167 864 2205 sensu
880 2149 1114 2205 Verbum
1138 2149 1229 2204 Dei
1255 2149 1512 2218 loquitur,
1531 2148 1637 2200 alio
1654 2153 1829 2199 autem
1857 2164 1874 2195 ι
1899 2145 2006 2197 vita
2024 2143 2088 2206 δ’,
2103 2161 2119 2194 ι

2344 2155 2447 2190 iero
2466 2155 2479 2168 ο
2521 2158 2540 2190 ι
2579 2141 2690 2203 καὶ,
2723 2159 2738 2189 ι
2778 2141 2866 2194 Ἑν
2890 2141 3038 2211 αὐτῷ
3061 2142 3287 2211 ἐκτίσθη
3311 2142 3376 2195 τὰ
3405 2144 3573 2204 πάντα,
3603 2143 3654 2194 τὰ
3672 2142 3712 2194 ἐν
3849 2159 3852 2196 f
3893 2164 3898 2207 θ

564 2249 618 2295 et
635 2257 847 2303 rursus,
859 2260 877 2292 ι
904 2239 1126 2296 veritas"
1140 2260 1158 2292 ›
1176 2247 1228 2294 et
1245 2258 1262 2288 ι
1287 2240 1377 2294 lux
1392 2252 1513 2293 vera
1528 2238 1594 2301 ν,
1609 2257 1624 2287 ι
1636 2244 1687 2290 et
1710 2236 1913 2305 reliqua
1929 2233 2118 2303 qui-bus

2233 2232 2343 2292 τοῖς
2373 2230 2618 2301 οὐρανοῖς
2666 2232 2759 2284 καὶ
2793 2231 2862 2284 τά
2893 2233 2984 2284 ἐπὶ
3009 2233 3107 2303 τῆς
3135 2234 3238 2303 γῆς
3257 2275 3271 2297 ,
3307 2235 3410 2286 εἴτε
3437 2233 3597 2304 ὁρατὰ,
3637 2234 3713 2285 εἴτε

565 2348 687 2386 eum
713 2334 1120 2388 vocantdivina:
1150 2332 1467 2402 Scriptura,
1497 2329 1578 2385 sic
1602 2343 1821 2399 quoque
1847 2326 2119 2397 Sapientia

2232 2321 2486 2392 άόρατα,›
2514 2323 2652 2376 κατὰ
2677 2323 2765 2376 τὸν
2801 2324 3118 2378 Ἀπόστολον
3137 2344 3151 2358 ο
3182 2326 3345 2398 ὅνπερ
3370 2326 3423 2378 δέ
3443 2325 3605 2395 τρόπον
3617 2325 3713 2378 κατά

565 2423 732 2487 fatur,
763 2423 908 2478 Patri
940 2424 1364 2480 subministratis
1393 2422 1448 2476 in
1476 2421 1716 2476 omnium
1739 2433 1918 2474 rerum
1951 2417 2119 2487 provi-

2230 2430 2349 2465 τινα
2375 2413 2617 2467 ἐπίνοιαν
2646 2413 2816 2482 Λόγος
2838 2416 2971 2469 Θεοῦ
3003 2417 3361 2488 χρηματίζει,
3402 2417 3487 2470 καὶ
3513 2415 3611 2468 καθ’
3635 2415 3712 2468 ἑτέ-

563 2511 749 2566 dentia
775 2521 828 2567 et
860 2513 1355 2567 administratione.

2235 2521 2334 2576 ραν
2365 2523 2382 2554 ι
2425 2505 2556 2576 ζωὴ,
2596 2524 2614 2556 ι
2641 2508 2735 2560 καὶ
2766 2507 2946 2572 πάλιν,
2987 2528 3005 2558 ι
3033 2509 3260 2580 ἀλήθεια
3293 2528 3312 2560 ι
3350 2512 3437 2562 καὶ
3471 2509 3604 2570 «φῶς
3624 2506 3713 2575 άλη-

563 2604 728 2671 θινὸν,
779 2622 800 2657 ι
842 2605 935 2658 καὶ
990 2606 1053 2658 τὰ
1083 2603 1245 2657 λοιπά
1291 2603 1464 2656 ὁπόσα
1527 2604 1691 2669 φασιν
1722 2600 1881 2654 αὑτὸν
1918 2600 1976 2653 αἱ
2019 2598 2160 2651 θεῖαι
2195 2597 2426 2669 Γραφαὶ,
2474 2599 2564 2652 τὸν
2598 2597 2758 2653 αὑτὸν
2788 2600 2850 2672 δὴ
2870 2602 3066 2672 τρόπον
3097 2605 3193 2657 καὶ
3242 2603 3402 2672 Σοφία
3429 2603 3713 2674 προσηγόρειΓ

560 2711 671 2762 ται,
698 2697 976 2768 ὑπηρέτης
1020 2703 1360 2766 τυγχάνουσα
1389 2695 1482 2748 τοῦ
1513 2693 1725 2765 [ἰατρὸς
1752 2694 1830 2756 είς
1864 2692 1962 2760 τὴν
1990 2689 2126 2742 ὅλων
2165 2687 2420 2759 πρόνοιάν
2445 2707 2501 2742 τε
2524 2693 2615 2744 καὶ
2641 2693 2967 2762 οἰκονομίαν.

1169 2809 1400 2868 CAPUT
1441 2809 1509 2868 ll.

2750 2808 3146 2864 ΚΕΦΑΛΑῘΟΝ
3201 2813 3273 2865 B'.

1139 2922 1188 2977 E
1227 2923 1544 2979 Proverbiis.

2761 2918 2880 2973 Τῶν
2923 2921 3273 2991 Παροιμιῶν.

636 3055 657 3089 ι
691 3035 752 3091 ln
803 3036 925 3092 luce
967 3035 1061 3090 lilii
1108 3037 1250 3107 regis
1271 3036 1394 3090 vitae
1431 3054 1444 3090 :
1481 3034 1775 3090 familiares
1826 3041 2006 3088 autem
2076 3031 2126 3088 ei
2155 3043 2190 3104 ς

2158 3043 2200 3104 c
2307 3050 2326 3082 ι
2395 3033 2466 3086 Εν
2501 3032 2637 3102 φωτὶ
2679 3033 2796 3086 υἱοῦ
2839 3032 3095 3104 βασιλέως
3124 3036 3237 3107 ζωή
3261 3053 3274 3066 ο
3301 3038 3350 3089 οἱ
3382 3037 3434 3089 δέ
3475 3034 3712 3108 προσδεῑτοὶ

559 3129 716 3200 quasi
740 3127 912 3182 imber
951 3126 1222 3182 serotinus
1241 3126 1284 3183 ⁸.
1317 3144 1336 3177 ι
1371 3125 1542 3193 Cujus
1590 3125 1731 3179 alius
1766 3125 1907 3194 regis
1951 3121 2044 3178 ﬁlii
2069 3123 2113 3177 in

2229 3124 2376 3195 αὑτῷ
2411 3125 2600 3196 ὥσπερ
2631 3125 2789 3195 νέφος
2820 3126 3035 3197 ὄψιμον.
3078 3146 3096 3179 ι
3134 3129 3248 3181 Καὶ
3287 3130 3424 3192 τίνος
3453 3128 3588 3182 ἄλλον
3611 3127 3712 3197 βασι-

559 3220 681 3277 luce
704 3221 811 3275 vita
841 3227 946 3285 est,
981 3219 1085 3274 nisi
1112 3220 1165 3273 in
1199 3217 1292 3273 Dei
1327 3216 1526 3285 Verbo,
1561 3219 1652 3287 qui
1692 3216 1853 3288 Regis
1882 3216 2113 3271 omnium

2226 3215 2360 3279 λέως
2388 3214 2505 3268 υἱοῦ
2554 3218 2612 3268 ἐν
2648 3217 2787 3286 φωτὶ
2832 3217 2944 3289 ζωὴ
2975 3219 3256 3288 τυγχάνει,
3292 3221 3323 3291 ἢ
3356 3224 3411 3274 ἐν
3429 3220 3498 3291 τῷ
3528 3219 3604 3272 τοῦ
3622 3215 3711 3271 Θεοῦ

559 3312 653 3368 Dei
687 3311 856 3368 Filius
883 3311 1005 3367 est?
1029 3310 1150 3382 Ipse
1191 3311 1334 3366 enim
1363 3318 1447 3365 est
1499 3329 1518 3361 ι
1557 3309 1672 3364 Lux
1702 3325 1828 3364 vera
1857 3324 1977 3379 qua:
2003 3309 2113 3362 illu'

2227 3308 2405 3378 Λόγῳ,
2430 3305 2546 3360 υἱοῦ
2584 3309 2943 3378 τυγχάνοντος
2967 3308 3059 3362 τοῦ
3089 3310 3309 3366 πάντων
3334 3311 3573 3374 Βασιλέως
3593 3307 3709 3362 Θεοῦ·

559 3406 736 3458 minat
780 3419 995 3458 omnem
1046 3403 1320 3456 hominem
1368 3402 1674 3456 venientem
1711 3401 1765 3455 in
1794 3401 1937 3455 hunc
1967 3417 2113 3454 mun-

2227 3399 2388 3462 αὐτὸς
2407 3399 2513 3471 γάρ
2531 3401 2678 3452 ἐστιν
2698 3399 2759 3452 τὸ
2781 3418 2798 3450 ι
2825 3398 2944 3460 Φῶς
2963 3400 3024 3452 τὸ
3049 3401 3302 3472 ἀληθινὸν
3327 3403 3354 3455 ό
3379 3401 3571 3472 φωτίζει
3592 3399 3712 3451 πάντα

561 3496 690 3556 dum
714 3497 768 3561 ';
801 3515 820 3548 ι
853 3495 904 3549 in
937 3512 1045 3565 quo
1075 3495 1279 3550 lumine
1325 3495 1437 3549 vita
1499 3503 1602 3560 est,
1638 3495 1938 3550 secundum
1991 3493 2115 3548 illud

2226 3492 2509 3562 ἄνθρωπον
2531 3491 2822 3562 ἐρχόμενον
2845 3493 2925 3556 εἰς
2950 3493 3040 3546 τὸν
3069 3495 3276 3565 κόσμον
3296 3511 3310 3523 ·
3343 3515 3359 3546 ι
3385 3498 3438 3547 ἐν
3456 3489 3496 3560 ᾧ
3511 3493 3621 3562 φωτὶ
3638 3489 3712 3556 ζωὴ

559 3588 838 3658 Evangelii
871 3589 1095 3644 verbum
1131 3607 1145 3644 :
1179 3607 1198 3640 ι
1232 3590 1289 3643 1η
1328 3589 1446 3660 ipso
1477 3590 1585 3642 vita
1623 3597 1761 3651 erat,
1788 3598 1842 3642 et
1871 3587 1979 3641 vita
2009 3596 2113 3641 erat

2225 3585 2481 3654 τυγχάνει
2530 3583 2670 3637 κατὰ
2704 3584 2794 3637 τὸν
2839 3586 3088 3656 φήσαντα
3123 3587 3220 3640 τοῦ
3260 3588 3562 3656 Εὐαγγελίου
3589 3583 3709 3648 λόγον.

557 3680 652 3736 lux
685 3680 970 3734 hominum
994 3681 1037 3736 '.
1080 3700 1098 3733 ι
1137 3679 1312 3750 llnjus
1338 3695 1468 3735 vero
1508 3677 1823 3743 familiares,
1848 3695 1987 3748 quos
2014 3679 2111 3733 exit

2233 3695 2251 3727 ι
2289 3677 2376 3729 Ἐν
2393 3676 2540 3746 αὑτῷ
2561 3676 2674 3749 ζωὴ
2705 3672 2909 3748 imitat
2943 3681 2975 3749 ἡ
3013 3679 3123 3751 ζωὴ
3158 3675 3227 3750 ἦν
3250 3681 3308 3732 τὸ
3342 3681 3448 3748 φῶς
3462 3671 3712 3744 alivd-I096»-

558 3768 848 3824 stimamus
887 3783 1013 3824 esse
1061 3769 1183 3838 ejus
1235 3769 1515 3838 apostolos
1547 3775 1601 3822 et
1634 3767 1957 3838 discipulos,
1995 3766 2112 3820 facti

2227 3784 2373 3821 πωνο
2413 3788 2431 3820 ι
2469 3768 2660 3822 τούτου
2692 3769 2749 3823 δὲ
2794 3771 2889 3824 καὶ
2926 3773 2976 3824 οἱ
3017 3773 3358 3843 προσδεκτοὶ,
3383 3771 3468 3833 οὓς
3505 3764 3713 3836 ἡγούμεθα

557 3867 687 3915 sunt
712 3877 730 3910 ι
750 3860 907 3930 quasi
926 3859 1099 3914 imber
1131 3860 1406 3915 serotinus
1432 3877 1451 3911 ι
1489 3860 1543 3914 in
1563 3858 1874 3914 novissimis
1891 3857 2111 3922 dierum,

2225 3856 2510 3924 εἶναιτοὺς
2536 3861 2867 3925 ἀποστόλους
2896 3861 3060 3915 αὑτοῦ
3089 3863 3184 3916 καὶ
3219 3863 3472 3933 μαθητάς,
3501 3859 3710 3928 γεγόνασιν

555 3952 690 4008 etin
719 3951 1194 4008 consummatione
1227 3951 1433 4014 saeculi,
1461 3952 1732 4006 desertam
1767 3950 1896 4005 olim
1929 3949 2109 4006 sitien-

2225 3950 2414 4023 ὥσπερ
2451 3971 2470 4004 ι
2502 3953 2662 4022 νέφος
2688 3953 2882 4023 ὕψιμον
2917 3973 2934 4004 ι
2960 3954 3046 4007 ἐπ’
3069 3955 3302 4025 ἐσχάτου
3330 3955 3431 4008 τῶν
3453 3950 3629 4023 ἡμερῶν
3649 3943 3709 3998 καὶ

556 4054 776 4116 temque
821 4057 1044 4110 terram,
1078 4045 1130 4099 id
1181 4052 1267 4100 est
1315 4046 1556 4115 gentium
1612 4043 1933 4108 Ecclesiam,
1962 4042 2110 4113 spiri-

2227 4043 2322 4096 ἐπὶ
2350 4044 2628 4116 συντελείᾳ
2659 4044 2754 4100 τοῦ
2786 4047 3000 4111 αἰῶνος.
3040 4047 3139 4118 τὴν
3173 4048 3376 4120 ἔρημόν
3415 4062 3526 4098 ποτε
3551 4043 3630 4111 γῆν
3648 4037 3709 4089 καὶ

554 4137 650 4192 tali
679 4139 780 4211 pia
805 4136 1068 4193 doctrina:
1097 4153 1219 4193 rore
1254 4141 1560 4209 irrigantes.

2227 4137 2474 4209 ἄνυδρον,
2503 4137 2748 4192 τουτέστι
2774 4139 2873 4208 τὴν
2901 4139 3007 4192 τῶν
3040 4139 3209 4192 ἐθνῶν
3243 4137 3554 4208 Ἐκκλησίαν,
3574 4127 3709 4202 ἀρᾱύο

2229 4246 2420 4293 σαντες
2472 4228 2551 4299 τῷ
2600 4230 2954 4302 πνευματικῷ
3009 4231 3109 4301 τῆς
3150 4230 3404 4294 εὐσεϐοῦς
3446 4221 3710 4282 διδασκαλίας

2227 4321 2375 4392 αὑτῷ
2400 4320 2558 4392 ὑετῷ.

1165 4420 1394 4478 CAPUT
1427 4420 1516 4478 ΠΙ.
2156 4437 2202 4493 ι)

2156 4437 2202 4493 D
2755 4437 3147 4490 ΚΕΦΔΛΑΙΟΝ
3193 4439 3246 4490 Γ¹
3255 4481 3265 4492 .

1139 4541 1186 4596 E
1222 4541 1538 4596 Proverbiis.

2767 4549 2887 4606 Τῶν
2918 4551 3271 4622 Παροιμιῶν.

631 4651 651 4686 ι
687 4630 815 4689 ηερ
846 4633 980 4689 dicit
1009 4633 1094 4688 vir
1115 4635 1170 4689 in
1203 4634 1369 4689 Deum
1395 4633 1768 4699 credentibus,
1792 4643 1845 4687 et
1873 4632 2119 4702 quiesco.

2308 4661 2326 4695 ‹
2367 4643 2502 4698 Τάδε
2532 4641 2680 4711 λέγει
2703 4642 2841 4716 ἀνὴρ
2871 4647 2982 4706 τοῖς
3013 4643 3322 4697 πιστεύουσι
3348 4640 3474 4712 Θεῷ,
3491 4639 3566 4692 καὶ
3591 4629 3700 4686 παύο-

559 4727 932 4784 Stultissimus
965 4729 1110 4783 enim
1163 4744 1282 4783 sum
1342 4729 1606 4791 virorum,
1638 4736 1692 4780 et
1724 4726 1993 4797 sapientia
2025 4726 2113 4781 ho-

2231 4752 2348 4806 μαι.
2401 4733 2822 4805 Ἀφρονέστατος
2849 4734 2956 4805 γάρ
2978 4736 3089 4804 είμι
3118 4735 3330 4790 πάντων
3353 4729 3621 4803 ἀνθρώπων,
3643 4718 3699 4774 καὶ

557 4822 767 4876 minum
796 4836 904 4875 non
935 4828 1019 4875 est
1053 4835 1285 4874 mecum.
1309 4817 1450 4874 Deus
1479 4826 1660 4872 autem
1684 4819 1871 4874 docuit
1903 4834 1992 4875 me
2031 4833 2111 4872 sa-

2341 4843 2493 4898 νησις
2524 4826 2826 4898 ἀνθρώπων
2851 4826 2951 4878 οὐκ
2983 4825 3129 4878 ἔστιν
3167 4829 3224 4879 ἐν
3250 4825 3385 4898 ἐμοί.
3432 4821 3544 4882 Θεὸς
3578 4818 3610 4870 δ’
3629 4812 3698 4865 ἐδῖο
3847 4853 3895 4898 ια,

559 4915 820 4984 pientiam
845 4953 860 4978 ,
899 4920 954 4969 et
985 4913 1268 4968 scientiam
1321 4923 1636 4969 sanctorum
1689 4927 1792 4982 ego
1815 4912 1962 4967 novi.
1994 4910 2113 4977 Qui:

2232 4918 2388 4983 δαξέν
2435 4936 2501 4989 με
2536 4918 2749 4986 σοφίαν,
2802 4918 2897 4970 καὶ
2947 4915 3147 4984 γνῶσιν
3200 4919 3364 4986 ἁγίων
3400 4913 3498 4981 ἐγὼ
3535 4908 3695 4976 ἔγνωκας

557 5004 806 5062 ascendit
830 5005 885 5060 in
917 5006 1116 5060 caelum
1145 5013 1308 5075 atque
1331 5005 1656 5060 descendit?
1689 5003 1824 5070 Quis
1857 5002 2111 5058 continui!

2234 5011 2330 5076 Τίς
2352 5011 2514 5083 ἀνέϐη
2549 5014 2627 5075 εἱς
2651 5012 2742 5066 τὸν
2761 5013 2987 5083 οὐρανὸν
3010 5012 3027 5082 (
3052 5009 3090 5064 f.
3126 5010 3195 5064 26
3224 5011 3303 5079 v")
3340 5009 3424 5061 καὶ
3446 4992 3695 5068 κατέὁηςτίς

558 5108 750 5154 ventos
773 5097 827 5152 in
859 5097 1023 5162 sinu?
1048 5096 1184 5163 Quis
1233 5098 1509 5168 colligavit
1553 5112 1724 5167 aquas
1752 5097 1909 5167 quasi
1943 5099 1996 5150 in
2031 5112 2112 5151 ve-

2235 5104 2536 5172 συνήγαγεν
2566 5103 2797 5173 ἀνέμους
2821 5105 2878 5156 ἐν
2910 5095 3126 5173 κόλπῳ
3155 5102 3234 5166 τίς
3265 5097 3578 5169 συνέστρεψεν

557 5192 863 5246 stimento?
899 5190 1034 5258 Quis
1065 5193 1349 5248 suscitavit
1409 5209 1600 5248 omnes
1642 5193 1902 5248 terminos
1931 5194 2111 5248 terrae?

2235 5193 2293 5245 ἐν
2322 5192 2550 5264 ἱματίῳ;
2584 5172 2676 5258 τίς
2699 5196 2965 5267 ἐκράτησε
2998 5172 3106 5251 τῶν
3157 5196 3335 5267 ἄκρων
3388 5193 3475 5262 τῆς
3513 5187 3623 5255 γῆςὲ
3661 5172 3691 5267 ῗί

557 5281 711 5348 Quod
747 5297 944 5338 nomen
969 5291 1052 5338 est
1079 5284 1236 5354 ejus?
1262 5283 1474 5355 etquod
1503 5300 1700 5339 nomen
1735 5284 1858 5342 ﬁliis
1885 5285 2006 5354 ejus
2029 5285 2111 5338 ’?i

2233 5285 2401 5356 ὄνομα
2435 5283 2617 5356 αὑτῷς
2655 5287 2687 5360 ἡ
2737 5266 2789 5339 τί
2821 5286 2990 5359 ὄνομα
3024 5291 3136 5352 τοῖς
3174 5266 3374 5349 τέκνοις
3411 5280 3568 5340 αὑτοῦ;
3590 5266 3693 5324 ’Καὶ

557 5374 694 5440 Quis
716 5374 859 5431 alius
876 5375 959 5430 vir
984 5375 1097 5432 haec
1126 5376 1347 5439 diceret,
1373 5377 1480 5432 nisi
1511 5377 1829 5432 incarnatus
1862 5376 2111 5433 Dominus

2231 5377 2314 5440 τίς
2341 5377 2406 5431 ἂν
2428 5376 2513 5449 εἴη
2544 5377 2700 5443 ἄλλος
2727 5380 2865 5451 ἀνὴρ
2885 5383 2914 5433 ό
2941 5380 3113 5435 ταῦτα
3141 5381 3373 5450 φάσκων,
3401 5377 3428 5446 ἡ
3460 5377 3483 5427 ὁ
3509 5363 3689 5432 ἐνανθρυ

559 5474 767 5534 noster,
804 5468 920 5524 sive
976 5478 1199 5542 pr0pter
1246 5471 1539 5526 amentiam
1566 5479 1835 5537 nostram,
1862 5487 2025 5542 quam
2065 5470 2113 5524 in

2231 5473 2409 5542 πήσας
2449 5470 2653 5544 Κύριος
2685 5473 2863 5544 ἡμῶν,
2893 5474 3009 5545 ἡτοι
3037 5474 3125 5528 διὰ
3157 5475 3250 5538 τὰς
3277 5472 3419 5545 ἡμῶν
3446 5459 3688 5536 dsperii“:

634 5652 652 5685 ¹
689 5650 852 5709 Prov.
886 5670 1014 5718 vm,
1050 5655 1232 5711 12-51.
1305 5659 1328 5689 ³
1366 5655 1383 5716 l
1414 5655 1542 5711 Cor.
1581 5672 1627 5720 ι,
1661 5654 1750 5709 ει.
1830 5654 1851 5686 ³
1887 5653 2018 5723 ibid.
2058 5651 2146 5707 50.
2185 5722 2188 5723 ν

2341 5671 2462 5710 oan.
2501 5671 2552 5715 ι.
2589 5656 2650 5723 1,
2685 5655 2740 5711 2.
2817 5655 2839 5688 ⁸
2875 5653 3084 5712 Coloss.
3123 5674 3160 5722 ι,
3196 5656 3276 5711 16,
3349 5650 3526 5706 δἐιοοη.
3557 5631 3686 5701 XIV."
3797 5607 3818 5723 Ι
3856 5607 3894 5723 qs

557 5724 583 5758 ⁸
611 5723 742 5782 ibid.
815 5723 1036 5779 "Joan.
1068 5740 1107 5792 t,
1134 5725 1186 5779 9.
1265 5728 1286 5758 ⁸
1322 5725 1485 5783 Prov.
1521 5743 1631 5795 ινι,
1669 5726 1756 5782 15.
1833 5724 1855 5758 ⁷
1888 5722 2046 5780 Joan.
2084 5740 2099 5777 ι

2172 5722 2222 5777 9.
2299 5726 2320 5756 ⁸
2355 5725 2487 5780 ibid.
2524 5726 2578 5781 4.
2639 5722 2676 5760 ⁷⁸
2715 5727 2874 5783 Prov.
2912 5743 3049 5788 xxx,
3079 5728 3200 5784 LI.
3721 5745 3726 5755 '
