3936 6206
263 285 414 342 “2'5

1319 287 1641 381 ECLOGIE.r
1656 290 2137 387 i’ROPHETICE.
2161 323 2229 336 —
2242 292 2371 350 LIB.
2412 293 2501 355 111.

3399 305 3536 359 H26

265 403 338 468 ἃς
383 404 467 468 είς
509 404 700 458 ἑαυτὸν
751 405 1055 474 ἀνεδέξατο,
1106 409 1138 481 ἢ
1182 408 1271 463 διὰ
1301 410 1401 480 τὴν
1441 429 1460 462 ι
1502 412 1716 483 μωρίαν
1766 412 1859 465 τοῦ

1966 412 2147 485 seipso
2178 416 2432 487 sumpsit,
2464 415 2580 472 sive
2626 424 2849 489 propter
2889 436 2910 470 ι
2945 417 3231 475 stultitiam
3267 423 3537 494 ιιι-καὶαι-

266 498 649 573 κηρύγματος,
679 518 698 553 »
722 503 1035 575 σοφωτέραν
1068 504 1161 557 καὶ
1191 504 1545 576 ἰσχυροτέραν
1575 501 1739 559 οὖσαν
1758 506 1859 576 τῆς

267 592 384 646 τῶν
408 591 713 664 ἀνθρώπων
742 595 963 665 σοφίας;
999 595 1185 650 ἐνθάδε
1213 598 1312 667 μὲν
1346 597 1592 666 φάσκων,
1634 617 1651 649 ι
1687 600 1857 670 ἀφρο-

268 684 526 748 νέστατος
573 685 682 756 γάρ
731 688 846 759 είμι
898 690 1114 742 πάντων
1163 689 1498 762 ἀνθρώπων*
1540 709 1558 741 ι
1594 693 1651 743 ὲν
1690 690 1746 743 δὲ
1780 690 1858 761 ξη⁹

267 773 491 847 ψαλμῷ,
529 793 548 826 ι
588 776 659 829 Σὺ
694 775 863 845 ἔγνως
899 779 997 849 τὴν
1027 778 1336 849 ἀφροσύνην
1381 796 1501 849 μου·
1548 798 1564 830 ι
1604 778 1767 849 φησὶν
1802 778 1859 830 δὲ

267 867 378 931 ὅτι,
417 886 435 918 ι
469 867 579 920 Καὶ
610 867 871 939 φρόνησις
895 867 1195 942 ἀνθρώπων
1232 870 1331 924 οὐκ
1372 870 1518 923 ἔστιν
1550 872 1606 922 ὲν
1652 871 1796 942 ἐμοὶ,
1831 890 1849 922 ι

267 958 463 1031 ῶσπερ
508 961 594 1013 ἐπ’
635 960 1088 1032 ἀνδραγαθήματι
1127 962 1591 1035 λαμπρυνάμενος
1636 964 1730 1018 ἐπὶ
1780 965 1858 1036 τῷ

271 1052 547 1123 μηδεμίαν
568 1053 855 1123 ἐσχηκέναι
881 1054 1141 1125 φρόνησιν
1157 1055 1264 1109 τῶν
1288 1055 1859 1127 παρασυμϐληθέντων

262 1147 387 1209 τοῖς
426 1146 643 1216 κτήνεσι
687 1148 799 1209 τοῖς
826 1147 1094 1220 ἀνοήτοις,
1141 1149 1234 1202 καὶ
1267 1148 1642 1220 ὁμοιωθέντων
1675 1150 1857 1215 αὐτοῖς

264 1237 595 1311 ἀνθρώπων·
625 1239 657 1309 ἢ
693 1232 768 1292 ὧν
799 1240 897 1311 τὴν
927 1241 1116 1310 σοφίαν
1158 1240 1439 1312 ἐμώρανεν
1469 1242 1497 1294 ὁ
1522 1242 1653 1306 Θεὸς
1691 1242 1858 1314 μηδὲν

265 1331 440 1385 πλέον
464 1331 798 1404 φρονούντων
821 1332 888 1385 τά
928 1334 1019 1387 ἐπὶ
1052 1334 1150 1405 τῆς
1171 1335 1294 1405 γῆς,
1335 1335 1437 1389 ὅσα
1483 1334 1692 1404 πέφυκε
1726 1352 1858 1407 σαρ-

263 1424 385 1477 κῶν
408 1442 465 1476 τε
504 1425 596 1478 καὶ
633 1424 764 1494 ὕλης
802 1427 1006 1479 οίκεῖαο
1045 1425 1166 1480 ὅθεν
1198 1427 1261 1499 δὴ
1285 1429 1379 1482 καὶ
1408 1428 1857 1500 μεμαρτύρηνται

266 1518 329 1571 ὲν
354 1521 418 1588 τῇ
448 1519 610 1589 γενεᾷ
655 1518 835 1571 αὐτῶν
883 1521 1133 1592 φρόνιμοι
1179 1517 1339 1587 εἶναι,
1363 1522 1567 1593 τὸ(τῷ)
1602 1524 1737 1594 μόνα
1787 1522 1855 1576 τὰ

263 1607 364 1660 ἐπὶ
392 1608 491 1678 γῆς
519 1606 701 1677 ζητεῖν
739 1611 834 1663 καὶ
869 1610 1197 1664 διανοεῖσθαι
1230 1613 1295 1665 ἐκ
1322 1612 1571 1684 νεότητος
1602 1614 1692 1667 ἐπὶ
1729 1613 1853 1684 (ἔτι)

259 1699 340 1753 τά
367 1702 596 1773 πονηρά·
620 1701 932 1774 ἀνθρωπεία
969 1704 1065 1773 μὲν
1096 1704 1348 1776 οὐδαμῶς
1375 1702 1443 1776 ἦν
1472 1708 1529 1758 ἐν
1560 1705 1638 1777 τῷ
1670 1724 1855 1780 προει-

262 1792 493 1863 ρημένῳ
533 1793 685 1865 ἀνδρὶ
720 1796 1000 1867 φρόνησις,
1034 1796 1192 1867 δῆλον
1222 1774 1266 1850 δ’
1309 1774 1511 1852 angat
1539 1774 1657 1853 θεία
1686 1774 1856 1871 ὑπερ-
1888 1774 1927 1827 Β

258 1883 581 1956 ἅνθρωπος·
618 1886 684 1938 δι’
719 1886 747 1939 ὂ
787 1888 881 1941 καὶ
920 1887 1170 1959 ἐπιφέρει
1210 1888 1402 1957 λέγων,
1442 1909 1460 1940 ι
1487 1890 1618 1954 Θεὸς
1663 1890 1706 1943 δ’
1744 1890 1852 1943 ὲδί-

256 1977 391 2044 δαξέ
432 1995 499 2047 με
542 1979 757 2048 σοφίαν,
799 1981 892 2032 καὶ
921 1980 1123 2049 γνῶσιν
1159 1982 1332 2050 ἁγίων
1374 1980 1485 2049 ἐγὼ
1532 1982 1775 2050 ἐγνωκαο
1831 2002 1849 2034 ι

254 2066 383 2124 εἶτα
405 2072 833 2142 ἐρωτηματικῶς
888 2090 1042 2144 φησι,
1079 2093 1097 2125 ι
1137 2073 1230 2135 Τίς
1264 2073 1428 2144 ἀνέϐη
1464 2076 1542 2137 εἰς
1572 2074 1665 2127 τὸν
1691 2075 1856 2146 οὐρα-

254 2162 355 2217 νὸν
391 2163 485 2216 καὶ
511 2164 748 2235 κατέϐη;
781 2184 797 2215 ι
832 2166 995 2218 οἱονεὶ
1025 2165 1305 2236 διεγείρων
1329 2167 1476 2236 ἡμᾶς
1503 2166 1596 2218 ἐπὶ
1622 2165 1853 2237 ζήτησιν

255 2255 356 2309 τοῦ
385 2256 455 2309 τά
481 2257 783 2326 τηλικαῦτα
830 2258 954 2330 περὶ
991 2258 1183 2312 ἑαυτοῦ
1232 2258 1595 2323 διδάσκοντος,
1624 2261 1751 2331 περὶ
1792 2254 1853 2314 οὗ

256 2349 359 2402 καὶ
405 2348 474 2401 τά
521 2348 649 2419 ἑξῆς
692 2348 908 2420 εἴρηται
946 2350 1082 2413 ἰδίας
1130 2350 1358 2421 δεόμενα
1408 2352 1620 2423 σχολῆς.
1661 2352 1719 2405 ὐ
1756 2352 1853 2423 μὲν

252 2435 508 2505 οὖνῑθείος
524 2441 848 2505 Ἀπόστολος
869 2458 934 2493 πε
943 2442 996 2513 ρὶ
1021 2442 1183 2494 αὐτοῦ
1211 2442 1475 2496 διδάσκων
1498 2444 1642 2514 ἡμᾶς
1668 2460 1851 2513 φησιν,

261 2553 284 2585 ι
337 2534 394 2585 '0
424 2533 668 2597 καταϐάς
697 2535 775 2597 είς
804 2533 873 2587 τὰ
914 2534 1198 2607 κατώτερα
1232 2535 1373 2607 μέρη
1411 2536 1508 2604 τῆς
1534 2537 1656 2607 γῆς,
1691 2536 1854 2601 αὐτός

255 2627 410 2681 ἔστιν
437 2625 530 2679 καὶ
555 2627 582 2678 ὁ
607 2625 812 2690 ἀναϐὰς
848 2628 1103 2699 ὑπεράνω
1137 2626 1246 2680 τῶν
1273 2628 1517 2700 οὐρανῶν
1535 2647 1547 2658 ·
1590 2649 1607 2680 ι
1654 2631 1855 2700 προτά-

257 2715 358 2781 ξας
378 2717 441 2769 τὸ
481 2716 899 2787 κατεληλυθέναι
918 2717 1098 2781 αὐτὸν,
1124 2713 1220 2770 εἴτ’
1256 2718 1621 2786 ἐπαναγαγὼν
1652 2719 1713 2771 τὸ
1760 2720 1853 2772 ἁν-

258 2806 580 2879 εληλυθέναι
601 2809 782 2880 φησὶν,
804 2808 989 2862 ἔπειτα
1010 2810 1450 2882 κατεληλυθέναι’
1468 2810 1698 2882 ἐπείπερ
1719 2810 1854 2880 μετά

253 2900 357 2972 τὴν
391 2904 456 2954 ἐκ
500 2901 709 2973 νεκρῶν
752 2902 1049 2957 ἀνάστασιν
1096 2904 1268 2957 εἰπὼν
1314 2907 1380 2975 τῇ
1419 2904 1671 2975 Μαριὰμ,
1704 2924 1723 2956 ί
1759 2906 1849 2976 Μή

258 3010 363 3064 μου
408 2992 600 3055 ἅπτου,
642 2994 796 3047 οὔπω
828 2994 937 3066 γὰρ
966 2994 1281 3067 ἀναϐέϐηκα
1320 2995 1456 3067 πρὸς
1497 2995 1589 3048 τὸν
1622 2995 1846 3067 Πατέρα

258 3101 394 3158 μου·
437 3105 454 3137 ι
492 3085 631 3156 μετά
653 3086 825 3140 ταῦτα
855 3086 1009 3159 ὤφθη
1045 3091 1153 3151 τοῖς
1190 3087 1457 3159 μαθηταῖς
1490 3087 1581 3140 ἐπὶ
1610 3086 1844 3159 ἡμέραις
1877 3120 1918 3176 c

252 3178 666 3249 τεσσαράκοντα
686 3179 1137 3251 συναυλιζόμενος
1156 3181 1338 3244 αὐτοῖς
1355 3198 1369 3211 ο
1398 3177 1738 3250 ἀνεληλυθώς
1760 3179 1852 3251 δη-

247 3269 388 3342 non
419 3269 556 3342 πρὸς
585 3274 676 3323 τὸν
696 3271 933 3342 Πατέρα,
969 3272 1062 3323 καὶ
1083 3266 1240 3334 αὖθις
1267 3270 1332 3323 δι’
1354 3270 1419 3341 ῆν
1449 3268 1688 3321 ἐπετέλει
1714 3270 1852 3323 οἰκο-

246 3360 450 3432 νομίαν
473 3360 872 3430 κατεληλυθώς.
924 3362 1013 3415 Διὸ
1042 3362 1137 3415 καί¹
1162 3360 1375 3433 εἴρηται
1404 3378 1417 3391 ·
1447 3380 1465 3411 ι
1513 3359 1743 3424 ’Λναϐἁς
1770 3361 1850 3424 εἰς

252 3452 390 3524 ὕψος
440 3453 859 3526 ᾐχμαλώτευσεν
894 3455 1291 3526 αἰχμαλωσίαν,
1340 3454 1507 3509 ἔδωκε
1550 3454 1760 3524 δόματα
1790 3456 1848 3507 ἐν

250 3544 585 3617 ἀνθρώποις.
620 3563 638 3595 ι
675 3545 808 3597 Τίνα
840 3544 895 3597 δὲ
919 3544 1092 3598 ταῦτα
1123 3544 1154 3615 ἦ
1177 3544 1244 3597 τὰ
1264 3544 1351 3597 διὰ
1372 3544 1464 3597 τοῦ
1501 3543 1654 3612 ἁγίου
1681 3543 1849 3596 ῐΙνεύ-

253 3652 427 3705 ματος
470 3635 803 3706 χαρίσματα,
836 3636 979 3705 ειπερ
1023 3634 1083 3700 ἐξ
1112 3635 1343 3706 οὐρανοῦ
1367 3634 1727 3699 κατεϐίϐασε;
1759 3634 1848 3687 Διὸ

251 3727 348 3780 καὶ
377 3726 613 3779 ἐνταῦθα
642 3726 793 3798 παρά
844 3726 921 3795 τῷ
960 3726 1161 3797 ’Λκύλα
1202 3726 1435 3797 εἴρηται·
1478 3744 1497 3776 ι
1557 3725 1653 3788 Τίς
1681 3725 1846 3796 ἀνέϐη

248 3823 330 3883 είς
357 3820 451 3873 τὸν
478 3820 703 3889 οὐρανὸν
733 3821 826 3873 καὶ
853 3819 1207 3872 κατεϐίϐασεν
1233 3836 1245 3884 ;
1270 3819 1439 3874 Αὐτὸς
1469 3818 1525 3871 δὲ
1561 3818 1653 3871 καὶ
1680 3817 1847 3889 ἐκράο

247 3930 386 3983 τησε
429 3911 538 3964 τῶν
568 3912 751 3983 ἄκρων
783 3912 884 3981 τῆς
924 3912 1048 3981 γῆς,
1082 3911 1222 3964 ὥστε
1272 3913 1352 3973 είς
1387 3914 1568 3965 πᾶσαν
1600 3911 1699 3984 τὴν
1740 3911 1845 3981 γῆν

247 4003 487 4072 ἐξελθεῖν
529 4004 619 4056 τὸν
649 4003 803 4072 λόγον
832 4003 1018 4067 αὐτοῦ,
1066 4003 1157 4055 καὶ
1199 4004 1280 4067 εἰς
1306 4003 1373 4057 τὰ
1406 4003 1616 4075 πέρατα
1639 4002 1739 4073 τῆς
1766 4005 1844 4056 oi-

247 4098 527 4169 κουμένης
574 4090 642 4151 τὰ
696 4099 916 4169 ῥήματα
965 4096 1150 4151 αὐτοῦ.
1187 4116 1205 4148 ι
1244 4090 1312 4167 ᾯ
1352 4096 1408 4149 δὲ
1442 4096 1646 4149 δέδοται
1690 4095 1845 4165 λόγος

246 4190 527 4259 γνώσεως,
560 4184 713 4253 οὗτος
749 4191 951 4244 εἵσεται
972 4192 1120 4254 ὅπως
1141 4190 1206 4244 ἂν
1230 4189 1449 4261 νοηθείη
1479 4188 1658 4241 καὶτὰ
1680 4187 1844 4242 λοιπά

244 4283 359 4338 τῶν
398 4282 541 4339 κατά
584 4284 673 4336 τὸν
715 4284 908 4337 τόπον·
949 4283 1247 4354 προτρέπει
1274 4282 1329 4335 δὲ
1368 4282 1515 4351 ἡμᾶς
1541 4280 1632 4333 ἐπὶ
1662 4280 1721 4331 τὸ
1747 4279 1843 4351 ζη-

243 4379 415 4449 τῆσαι
440 4378 492 4431 τί
514 4378 683 4449 ὄνομα
709 4377 858 4449 αὐτῷ
891 4395 949 4430 τε
982 4378 1074 4431 καὶ
1103 4379 1216 4440 τοῖς
1253 4375 1463 4438 τέκνοις
1495 4374 1680 4428 αὑτοῦ·
1706 4374 1841 4446 πρὸς

1963 501 2130 557 tionis
2163 502 2240 567 ‘°,
2285 522 2303 556 ι
2355 504 2743 575 sapientiorem
2803 505 3198 579 fortioremque
3250 510 3533 566 hominum

1964 594 2272 663 sapientia?
2305 594 2405 651 Hic
2434 596 2579 651 enim
2599 598 2810 663 dicens,
2839 618 2857 650 ‹
2884 601 3242 657 stultissimus
3267 618 3387 657 sum
3420 619 3539 657 om-

1962 687 2116 741 nium
2146 687 2411 753 virorum,
2456 708 2475 739 ι
2528 699 2581 745 et
2611 691 2665 745 in
2707 695 3049 763 sexagesimo
3081 706 3273 751 octavo
3301 697 3534 768 psalmo,

1968 799 1986 829 ι
2016 779 2096 833 Tu
2120 780 2231 835 scis
2260 780 2627 852 insipientiam
2660 800 2831 839 meam
2854 786 2918 850 ",
2945 806 2963 838 ι
3000 790 3155 857 quasi
3177 790 3247 843 ob
3278 806 3538 861 generose

1962 870 2166 927 factum
2217 874 2555 943 gloriﬁcatur
2601 878 2745 947 quod
2798 879 3001 932 nullam
3031 896 3258 950 prorsus
3302 882 3526 953 pruden-

1960 967 2091 1020 tiam
2121 967 2318 1021 habeat
2344 983 2532 1023 eorum
2598 972 2689 1041 qui
2744 975 3038 1041 pecoribus
3067 983 3123 1030 et
3150 956 3536 1046 insipientibus

1960 1059 2282 1129 zequiparati
2314 1068 2464 1124 sunt,
2498 1062 2577 1117 vel
2606 1064 2919 1121 istiusmodi
2984 1067 3287 1133 hominum,
3317 1071 3535 1139 etquod

1960 1148 2222 1203 insanivit
2280 1152 2583 1206 secundum
2640 1154 2965 1223 sapientiam
3023 1172 3213 1211 eorum
3264 1156 3356 1227 qui
3398 1156 3536 1212 nihil

1960 1243 2070 1298 nisi
2097 1246 2400 1309 terrestria,
2435 1247 2673 1300 carnalia
2699 1255 2753 1301 et
2785 1248 3087 1303 materialia
3122 1250 3363 1320 sapiunt.
3403 1247 3535 1305 Inde

1960 1336 2546 1407 prudentiaeindicium
2573 1348 2657 1395 est
2705 1340 2760 1394 in
2791 1342 3139 1410 generatione
3164 1358 3285 1406 sua,
3326 1342 3373 1398 si
3410 1351 3534 1397 tan-

1959 1430 2243 1485 tummodo
2273 1447 2394 1501 qua:
2422 1440 2549 1487 sunt
2595 1448 2758 1494 super
2789 1442 2989 1487 terram
3014 1435 3317 1505 requirant.
3346 1442 3399 1489 et
3417 1450 3536 1506 qua

1958 1536 2127 1591 prava
2158 1531 2287 1578 sunt
2314 1524 2545 1592 juvenili
2581 1522 2793 1591 sapiant
2826 1522 3116 1594 imperitia.
3139 1524 3387 1579 Humana
3417 1525 3510 1595 qui

1959 1612 2081 1666 dem
2115 1614 2491 1668 cumminime
2535 1613 2589 1667 in
2639 1613 2919 1682 prrecitato
2969 1615 3193 1670 homine
3226 1616 3536 1670 inveniatur

1958 1705 2272 1775 prudentia,
2303 1705 2523 1761 divinus
2563 1707 2635 1761 sit
2665 1717 2718 1761 et
2747 1706 2963 1761 homine
2992 1709 3166 1777 major
3190 1725 3415 1766 necesse
3430 1717 3536 1766 est.

1958 1797 2140 1865 Quare
2174 1799 2365 1869 adjicit
2399 1799 2718 1870 Scriptura:
2756 1819 2774 1851 ι
2809 1799 2950 1856 Deus
2982 1802 3169 1857 docuit
3191 1819 3277 1858 me
3319 1804 3536 1874 sapien-

1957 1892 2092 1944 tiam
2125 1930 2140 1954 ,
2183 1898 2237 1946 et
2297 1892 2583 1947 scientiam
2635 1901 2949 1948 sanctorum
3015 1910 3114 1964 ego
3160 1896 3308 1950 novi.
3349 1916 3367 1947 ι
3402 1894 3536 1950 Dein

1958 1982 2381 2053 interrogatoric
2409 1984 2571 2038 dicit:
2600 2003 2618 2034 ι
2644 1984 2783 2050 Quis
2805 1986 3051 2041 ascendit
3070 1988 3121 2040 in
3154 1988 3351 2041 cmlum
3375 1998 3537 2058 atque

1959 2070 2297 2126 descendit?
2334 2091 2352 2123 ι
2408 2072 2519 2128 Nos
2572 2074 2821 2129 videlicet
2883 2076 3208 2133 adhortatus
3258 2078 3325 2132 ad
3388 2078 3541 2133 illius

1957 2160 2433 2232 investigationem
2488 2165 2580 2234 qui
2627 2166 2754 2218 talia
2787 2163 2855 2219 de
2889 2182 2947 2220 se
3000 2168 3121 2236 ipso
3172 2169 3351 2226 docet.
3408 2170 3538 2238 Quae

1956 2266 2291 2323 sequuntur,
2350 2256 2625 2326 peculiare
2682 2263 3137 2313 commentarium
3199 2260 3534 2319 desiderant.

1956 2346 2185 2401 Divintts
2210 2349 2373 2418 igitur
2389 2349 2684 2420 Apostolus
2710 2349 2777 2405 de
2800 2365 2863 2405 eo
2895 2367 2994 2407 nos
3030 2352 3235 2408 docens
3269 2359 3405 2412 aitzc
3433 2356 3536 2423 Qui

1958 2435 2264 2499 descendit,
2294 2437 2411 2507 ipse
2443 2445 2599 2493 estet
2625 2439 2717 2509 qui
2744 2440 2989 2495 ascendit
3017 2458 3183 2511 super
3210 2459 3402 2499 omnes
3424 2460 3535 2500 cm.

1955 2527 2037 2583 los
2067 2530 2129 2583 “.
2163 2547 2181 2578 ι
2216 2527 2371 2583 Hunc
2406 2530 2550 2583 enim
2586 2530 2827 2586 vicissim
2874 2531 3227 2590 descendisse
3255 2544 3309 2591 ct
3336 2553 3535 2593 ascen-

1954 2618 2106 2674 disse
2131 2634 2434 2689 rursusque
2460 2620 2848 2688 descendisse;
2875 2626 3215 2681 etenimcum
3248 2642 3276 2679 a
3308 2632 3536 2686 mortuis

1955 2707 2308 2771 surrexisset,
2344 2708 2528 2764 Maria:
2556 2711 2725 2766 dixit:
2748 2712 2905 2767 «Noli
2937 2730 3022 2769 me
3037 2727 3274 2786 tangere.
3295 2720 3535 2776 nondum

1955 2801 2101 2856 enim
2152 2802 2378 2857 ascendi
2412 2803 2476 2858 ad
2508 2802 2719 2859 Patrem
2755 2822 2937 2861 meum
2974 2807 3039 2862 ".
3078 2828 3097 2860 ι
3129 2807 3328 2866 Postea
3368 2813 3529 2869 disci-

1954 2891 2100 2962 pulis
2133 2892 2249 2948 suis
2283 2893 2435 2949 visus
2461 2903 2544 2948 est
2575 2911 2671 2966 per
2703 2896 2819 2951 dies
2867 2898 3251 2971 quadraginta,
3306 2903 3361 2959 in
3420 2922 3536 2961 me-

1953 2984 2046 3039 dio
2096 3000 2283 3041 eorum
2340 2990 2754 3057 congressus“.
2796 2988 3047 3046 Profecto
3084 2992 3151 3045 ad
3178 2992 3393 3049 Patrem
3423 2996 3535 3067 jam

1955 3092 2231 3142 reversus,
2265 3079 2464 3133 iterum
2498 3081 2566 3135 ad
2598 3096 2693 3136 eos
2742 3082 3109 3140 instituendos
3144 3086 3536 3149 descendebat.

1956 3165 2112 3222 Unde
2143 3177 2197 3221 et
2228 3167 2436 3221 dictum
2469 3176 2553 3223 est
2591 3188 2604 3223 :
2648 3188 2665 3219 ι
2704 3169 3021 3226 Ascendens
3045 3172 3097 3226 in
3124 3173 3291 3226 altum
3313 3214 3329 3238 ,
3362 3178 3535 3246 capti-

1950 3275 2071 3313 vam
2103 3258 2258 3314 duxit
2288 3260 2658 3330 captivitatem
2698 3281 2710 3317 :
2744 3263 2893 3318 dedit
2913 3263 3052 3318 dona
3080 3265 3394 3324 hominibus
3429 3270 3529 3323 η.»

1952 3350 2082 3418 Qua:
2110 3360 2313 3414 autem,
2340 3352 2446 3406 nisi
2472 3350 2708 3422 Spiritus
2741 3355 2919 3408 sancti
2950 3370 3198 3420 munera,
3228 3372 3349 3427 qua:
3372 3374 3534 3415 ecae-

1951 3445 2019 3499 lis
2044 3444 2264 3499 demisit
2287 3443 2453 3499 ?ldeo
2509 3453 2563 3499 et
2608 3446 2751 3514 apud
2785 3447 3038 3517 Aquilam
3072 3449 3316 3506 dicitur:
3348 3469 3366 3501 ι
3398 3450 3533 3518 Quis

1950 3532 2195 3589 ascendit
2217 3534 2272 3589 in
2304 3535 2505 3591 cmlum
2539 3542 2591 3590 et
2622 3535 2892 3591 demisit?
2940 3536 3083 3593 idem
3118 3541 3210 3611 qui
3261 3543 3531 3599 altissima

1948 3632 2109 3680 terra:
2154 3627 2454 3697 superavit,
2497 3627 2571 3681 ita
2617 3637 2677 3681 ut
2728 3629 2784 3682 in
2824 3643 3039 3684 omnem
3100 3638 3303 3686 terram
3360 3636 3532 3691 exiret

1950 3735 2120 3775 sonus
2164 3720 2306 3789 ejus,
2331 3728 2386 3774 et
2432 3720 2486 3774 in
2522 3719 2658 3776 ﬁnes
2683 3721 2833 3776 orbis
2879 3729 3037 3776 terrae.
3062 3723 3222 3777 verba
3255 3724 3377 3794 ejus
3408 3726 3471 3781 “.
3504 3746 3524 3780 ι

1948 3812 2047 3867 Cui
2080 3828 2209 3867 vero
2238 3813 2425 3867 datum
2494 3822 2578 3869 est
2614 3814 2842 3868 verbum
2894 3815 3160 3879 scientiae.
3204 3817 3294 3871 hic
3317 3820 3529 3873 noverit

1947 3906 2224 3975 quomodo
2264 3906 2613 3977 intelligenda
2658 3907 2767 3962 sint
2824 3915 3020 3963 caetera
3047 3909 3211 3979 hujus
3235 3910 3360 3966 loci.
3412 3911 3526 3969 Nos

1946 3997 2110 4067 igitur
2144 3997 2406 4054 admonet
2427 4009 2484 4053 ut
2518 4014 2829 4070 quazramus
2860 4000 3009 4070 quod
3051 4002 3123 4055 sit
3173 4002 3244 4067 ei,
3296 4001 3524 4072 ejusque

1948 4091 2071 4147 filiis
2120 4107 2338 4147 nomen.
2394 4091 2508 4147 llac
2538 4092 2683 4147 enim
2716 4092 3137 4163 investigatione
3180 4093 3340 4149 nobis
3372 4110 3522 4150 com-

1944 4196 2157 4259 pertum
2192 4187 2303 4251 ﬁet,
2335 4187 2465 4242 huic
2494 4203 2688 4243 nomen
2715 4203 2838 4243 esse
2854 4186 3067 4254 Iesum,
3091 4188 3235 4258 quod
3254 4188 3351 4243 Dei
3372 4190 3520 4244 salus

1946 4280 2357 4350 interpretatur,
2424 4280 2570 4351 quod
2606 4288 2659 4335 et
2689 4287 2947 4350 parentes
2976 4280 3117 4348 ejus,
3174 4295 3205 4334 a
3264 4282 3518 4338 tiabriele

1944 4374 2231 4437 admoniti,
2261 4375 2643 4443 imposuerunt
2703 4373 2774 4440 ei,
2818 4373 2980 4429 istius
3009 4390 3231 4429 causam
3275 4377 3525 4431 denomi-

244 4470 408 4525 τοῦτο
432 4471 476 4524 δ’
509 4469 926 4541 ὑπακουσόμεθα
967 4472 1031 4522 ἐκ
1062 4470 1157 4540 τῆς
1184 4468 1463 4541 ἐνεργείας
1508 4468 1841 4537 παρειληφό-
1872 4475 1876 4526 1:

1954 4465 2188 4520 nationis
2220 4466 2413 4536 angelo
2452 4466 2573 4535 ipso
2616 4466 2979 4535 signiﬁcante.
3016 4485 3035 4516 ι
3061 4467 3180 4537 lpse
3213 4468 3381 4531 enim,
3439 4469 3525 4523 in~

242 4581 362 4627 τες,
407 4564 555 4634 αὑτῷ
592 4564 688 4634 μὲν
727 4564 991 4633 ὑπάρχειν
1020 4562 1188 4631 ὄνομα
1237 4560 1463 4632 Ἰησοῦς,
1490 4562 1627 4633 ὅπερ
1665 4562 1837 4632 ἑρμη-

180 4676 183 4679 λ
243 4656 468 4710 νεύεται
505 4656 651 4710 Θεοῦ
680 4656 960 4724 σωτηριά’
990 4654 1018 4707 ὃ
1044 4654 1135 4707 καὶ
1167 4654 1215 4706 oi
1251 4652 1391 4705 κατά
1430 4653 1608 4725 σάρκα
1665 4667 1835 4722 προσ-

242 4756 476 4820 ήκοντες
512 4748 653 4802 κατά
678 4748 768 4800 τὸν
802 4748 894 4800 τοῦ
933 4745 1170 4819 Γαϐριὴλ
1221 4745 1603 4816 χρηματισμὸν
1654 4744 1835 4796 ἐπιτε-

242 4842 495 4895 θείκασιν
524 4840 691 4911 αὐτῷ,
720 4839 1053 4910 ὑποθεμένου
1084 4840 1177 4892 καὶ
1209 4839 1304 4909 τὴν
1335 4838 1512 4891 αἰτίαν
1547 4837 1640 4891 τοῦ
1671 4836 1836 4906 ἀγγέ-

237 4935 339 4989 λου
378 4934 482 5005 τῆς
517 4932 768 5003 τοιαύτης
803 4931 1191 5003 προσηγορίας,
1233 4950 1250 4980 ι
1293 4929 1462 4994 Αὐτὸς
1505 4931 1614 5003 γάρ
1648 4930 1829 4993 σώσει,

240 5028 406 5100 φησὶ,
440 5026 531 5079 τὸν
566 5025 692 5078 λαὸν
746 5024 908 5077 αὑτοῦ
946 5025 1053 5076 ἀπὸ
1087 5023 1195 5077 τῶν
1246 5023 1534 5095 ἁμαρτιῶν
1568 5023 1767 5077 αὐτῶν.
1809 5043 1825 5073 ι

1945 4559 2085 4629 quit,
2141 4560 2354 4613 salvum
2407 4558 2569 4613 faciet
2595 4558 2855 4628 populum
2888 4575 3049 4614 suum
3100 4574 3129 4612 a
3160 4562 3403 4631 peccatis
3430 4577 3522 4617 eo-

1943 4666 2064 4705 rum
2104 4652 2167 4705 ¹⁷.
2211 4671 2229 4703 ι
2286 4648 2492 4704 Nomen
2547 4665 2675 4704 vero
2737 4648 2972 4705 tiliorum
3014 4665 3261 4715 suorum,
3322 4654 3523 4721 quibus

1944 4743 2083 4797 dixit
2111 4761 2123 4795 :
2151 4760 2170 4792 ι
2196 4740 2401 4805 Filioli,
2429 4740 2609 4796 adhuc
2644 4740 2919 4795 modicum
2956 4742 3237 4796 vobiscum
3280 4757 3400 4797 sum
3420 4743 3516 4804 ⁸⁸.»

1943 4850 2245 4906 eorumque
2298 4834 2389 4904 qui
2422 4840 2544 4902 post
2572 4848 2667 4889 eos
2700 4834 2755 4887 in
2788 4833 3045 4889 omnibus
3101 4832 3363 4889 Ecclesiis
3417 4850 3519 4889 na-

1944 4937 2165 4981 scentur
2189 4925 2449 4989 filiorum,
2477 4933 2530 4978 et
2556 4934 2913 4996 pronepotum
2931 4940 3122 4980 eorum
3147 4965 3160 4989 ,
3197 4926 3342 4995 quod
3371 4927 3516 4981 aliud

1938 5030 2105 5083 esset,
2137 5020 2244 5075 nisi
2280 5018 2627 5074 benedictum
2658 5017 2787 5071 illud
2814 5019 3172 5072 christianum
3210 5018 3449 5073 nomen?

236 5124 320 5179 Τὸ
351 5124 411 5177 δὲ
442 5124 549 5177 τῶν
597 5124 798 5177 τέκνων
857 5121 1021 5175 αὑτοῦ
1059 5120 1247 5192 ὄνομα,
1282 5115 1361 5185 οἷς
1397 5120 1570 5188 ἔλεγε,
1604 5139 1622 5170 ι
1658 5116 1886 5182 Τεκνία,
1912 5117 1990 5170 ἔτι
2028 5117 2222 5189 μικρὸν
2257 5114 2318 5184 (1⁵.
2361 5114 2452 5187 27)
2481 5114 2672 5187 χρόνον
2716 5113 2833 5184 μεθ’
2864 5112 3016 5183 ὑμῶν
3046 5115 3181 5184 εἰμι,
3222 5131 3242 5164 ι
3270 5114 3364 5167 καὶ
3410 5113 3515 5168 τῶν

237 5223 367 5295 μετ’
396 5220 637 5283 ἐκείνους
661 5222 719 5273 ἐν
739 5219 975 5283 ἀπάσαις
1002 5221 1115 5282 ταῖς
1156 5218 1500 5289 Ἐκκλησίαις
1537 5216 1668 5270 υἱῶν
1710 5233 1768 5269 τε
1821 5213 1984 5268 αὐτοῦ
2026 5214 2121 5267 καὶ
2162 5211 2370 5265 υἱωνῶν
2412 5213 2507 5265 καὶ
2546 5209 2857 5278 ἀπογόνων,
2895 5209 2949 5261 τί
2985 5207 3050 5261 ἂν
3082 5207 3209 5262 ἄλλο
3258 5207 3342 5279 εῑη
3380 5207 3517 5278 ῆ.τὸ

234 5315 442 5386 εὐλογη
451 5314 608 5386 μένον
631 5315 942 5387 χριστιανδν
970 5314 1175 5385 δνομα;

791 5408 1185 5461 ΚΕΦΑΔΑΙΟΝ
1223 5407 1295 5462 Δ’.

625 5500 769 5554 Ἀπὸ
798 5499 902 5553 τοῦ
952 5500 1048 5552 Ἐκ
1057 5497 1451 5565 κλησιυστοῦ.

391 5591 617 5662 Ἀγαθὸς
666 5595 796 5655 παῖς
846 5592 1014 5663 πένης
1062 5591 1154 5645 καὶ
1198 5591 1358 5660 σοφὸς
1407 5589 1547 5660 ὑπὲρ
1605 5588 1827 5659 βασιλέα

316 5728 364 5760 ¹⁹
401 5728 417 5780 1
452 5728 578 5783 Cor.
615 5726 787 5791 1,.21.

233 5814 330 5864 tv,
380 5797 434 5853 8.
534 5799 582 5831 ³⁸
620 5796 764 5854 Psal.
802 5812 965 5863 xvm,
1001 5796 1052 5852 4.

865 5726 903 5757 ¹¹
946 5722 1089 5781 Psal.
1124 5741 1327 5785 vam.
1366 5723 1417 5778 6.

1151 5797 1191 5829 "
1234 5795 1421 5851 Matth.
1470 5813 1520 5860 ι,
1557 5796 1647 5850 2|.

1500 5725 1544 5755 "
1584 5722 1781 5785 Eplies.
1818 5738 1905 5785 tv,
1946 5720 2031 5775 10.
2112 5718 2155 5751 ⁸³
2188 5717 2349 5773 Joan.
2386 5733 2486 5784 xz,
2517 5716 2644 5772 ⁵17.
2724 5715 2768 5747 ¹⁸
2804 5714 2924 5771 Act.
2990 5730 3042 5781 ι,
3076 5714 3129 5770 5.

1631 5740 1781 5794 pnes.
1818 5740 1905 5785 tv,
1946 5740 2031 5775 w.
2113 5740 2155 5751 ·-
2188 5740 2349 5773 δοξιη.
2387 5740 2486 5784 xx,
2518 5740 2529 5791 -_

1634 5836 1647 5849 .
1765 5795 1807 5828 “
1839 5792 1995 5848 Joan.
2032 5806 2131 5848 xm
2154 5830 2167 5852 .
2204 5790 2290 5844 ‘55.

2545 5393 2775 5451 CAPUT
2808 5392 2895 5446 IV.

2491 5487 2573 5541 Eat
2614 5487 2953 5541 Ecclesiaste.

2010 5603 2029 5634 ‹
2068 5583 2254 5638 Melior
2304 5589 2387 5638 cst
2419 5597 2551 5652 puer
2582 5596 2789 5652 pauper
2814 5590 2865 5635 et
2889 5579 3111 5649 sapiens
3144 5594 3270 5650 rege
3306 5596 3438 5637 sene
3456 5589 3514 5637 et

3225 5715 3269 5750 ¹⁸
3306 5713 3505 5787 Ephes.
