3936 6206
502 254 639 315 ιιετ
1216 250 1485 308 EUSEBII
1522 252 1998 311 CESARIENSIS
2032 252 2084 311 0]

2176 296 2183 309 .
2223 251 2404 315 PARS
2430 251 2630 343 1112-
2661 248 3071 306 EXEGETICA.
3530 254 3636 310 ll?!

500 369 688 433 stulto,
725 368 818 441 qui
855 367 1033 424 nescit
1058 368 1358 439 praevidere
1406 370 1461 425 in
1490 377 1791 441 posterum.
1820 370 2067 439 Quodde

2176 369 2540 443 πρεσϐύτερον
2569 370 2663 423 καὶ
2691 369 2920 440 ἄφρονα,
2949 366 3008 431 ὃς
3028 363 3133 420 ὀὐκ
3169 364 3304 433 ἔγνω
3324 365 3405 420 τοῦ
3430 369 3636 441 προσέχειι

500 474 721 515 carcere
774 460 1090 529 catenisque
1138 459 1412 515 interdum
1458 462 1585 533 quis
1638 462 1952 533 egrediatur
1998 463 2067 519 ad

2176 461 2269 517 ἑτι.
2308 462 2428 515 ’Ὁτι
2462 461 2520 528 ἐξ
2544 459 2694 514 οἴκου
2725 456 2957 530 δεσμίων
2992 456 3320 523 ἐξελεύσεται
3351 457 3432 510 τοῦ
3460 458 3628 529 βασιλεῦ-

501 566 727 621 rcgnnm
757 568 770 605 :
797 558 852 605 et
885 550 1025 607 alius
1056 557 1219 606 natus
1250 550 1305 605 in
1335 566 1528 622 regno,
1560 553 1744 624 inopia
1776 569 2070 609 consuma-

2176 570 2280 616 σαι,
2310 553 2395 606 ὅτι
2427 551 2520 607 καί
2561 568 2626 621 γε
2667 552 2725 604 ὲν
2768 549 3014 622 βασιλείᾳ
3055 548 3218 603 αὐτοῦ
3265 548 3468 621 ἐγενήθη
3510 550 3649 625 πένης.

2170 641 2321 699 Εἶδον
2358 644 2674 716 σύμπαντας
2714 642 2839 706 τοὺς
2888 640 3095 707 ζῶντας
3139 641 3264 704 τοὺς
3310 643 3656 711 περιπατοῦντας

2170 735 2275 789 ὑπὸ
2300 734 2392 789 τὸν
2420 734 2569 805 ἧλιον
2612 731 2750 804 μετὰ
2794 730 2889 785 τοῦ
2932 731 3211 785 νεανίσκου
3244 729 3331 784 τοῦ
3374 716 3595 803 δευτέρου,
3614 732 3659 795 ὃς

2171 828 2534 898 ἀναστήσεται
2553 827 2671 880 ἀντ’
2694 824 2880 879 αὑτοῦ.
2906 825 3020 879 Οὐκ
3046 823 3159 877 ἔστι
3184 825 3439 897 περασμδς
3460 825 3523 895 τῷ
3541 830 3657 881 παντὶ

2172 920 2287 991 λαῷ
2316 923 2427 985 τοῖς
2460 921 2645 983 πᾶσιν,
2679 920 2793 974 ὅσοι
2815 919 3064 995 ἐγένοντο
3091 917 3386 989 ἔμπροσθεν
3408 919 3570 971 αὐτῶν
3594 923 3661 975 καί

2172 1030 2237 1083 γε
2261 1015 2310 1067 οἱ
2345 1012 2560 1084 ἔσχατοι
2598 1011 2700 1066 οὐκ
2744 1009 3212 1082 εὐφρανθήσονται
3246 1011 3301 1063 ὲν
3329 1010 3473 1081 αὐτῷ,
3500 1013 3567 1065 ὅτι
3597 1014 3662 1066 καί

501 654 607 699 tur.
647 640 771 697 Vidi
798 651 1029 699 cunctos
1064 644 1329 704 viventes.
1370 644 1465 714 qui
1496 646 1777 701 ambulant
1823 647 1926 702 sub
1955 647 2071 704 sole

501 750 625 790 cum
670 734 1019 792 adolescente
1069 738 1335 803 secundo,
1366 739 1460 810 qui
1499 747 1795 811 consurget
1836 756 1937 811 pro
1981 757 2070 798 eo.

500 827 751 883 lnliuitus
781 843 1043 884 numerus
1087 836 1171 885 est
1199 830 1386 901 populi
1415 830 1658 885 omnium
1682 871 1699 896 ,
1722 832 1814 904 qui
1852 832 2072 889 fuerunt

502 927 631 975 ante
666 932 791 975 eum
825 938 841 975 :
873 922 1036 991 etqui
1076 928 1265 993 postea
1295 921 1463 976 futuri
1495 931 1645 988 sunt,
1671 939 1781 979 non
1808 924 2073 979 laetabun-

504 1016 592 1062 tur
644 1008 699 1063 in
759 1024 844 1063 eo.
892 1008 998 1063 Sed
1055 1010 1110 1064 in
1161 1010 1285 1076 hoc,
1317 1011 1533 1068 vanitas
1576 1019 1632 1068 et
1660 1012 2074 1097 aﬂlictio\spiri-

503 1108 594 1155 tus
622 1101 686 1155 ¹⁹.
729 1099 902 1156 iCum
932 1098 1205 1166 Christus,
1236 1103 1328 1171 qui
1366 1121 1385 1154 ι
1422 1104 1689 1177 sapientia
1717 1104 1812 1160 Dei
1844 1104 1888 1137 "
1922 1125 1942 1159 ι
1967 1113 2072 1174 est,

2176 1124 2239 1176 γε
2292 1106 2451 1160 τοῦτο
2506 1104 2809 1177 ματαιότης
2847 1104 2942 1157 καὶ
2993 1103 3309 1183 προαίρεσις
3353 1103 3615 1173 πνεύματος.
3646 1125 3662 1157 i

504 1205 604 1261 pro
634 1190 790 1246 nobis
824 1189 1178 1255 mendicavit,
1209 1190 1363 1267 diycs
1411 1193 1559 1258 licet,
1588 1195 1722 1250 mibi
1755 1196 1970 1251 videtur
2007 1197 2076 1253 de

2187 1198 2337 1252 Ἐπεὶ
2364 1197 2597 1270 Χριστὸς
2626 1215 2645 1248 ι
2679 1196 2840 1266 σοφία
2864 1194 2998 1249 Θεοῦ
3029 1214 3048 1248 ι
3066 1193 3166 1259 ὣν,
3184 1193 3251 1248 δι’
3276 1196 3408 1266 ἡμᾶς
3426 1194 3664 1266 instillatis:

505 1297 571 1338 eo
593 1282 700 1337 dici
729 1302 742 1337 :
786 1300 805 1334 ι
851 1281 1041 1337 Melior
1079 1292 1164 1339 est
1200 1299 1335 1354 puer
1368 1300 1575 1355 pauper
1610 1296 1664 1340 et
1701 1288 1920 1357 sapiens
1950 1303 2078 1361 rege

2178 1291 2431 1355 πλούσιος
2458 1288 2555 1355 ὢν,
2584 1285 2737 1361 οἶμαι
2770 1288 2897 1360 περὶ
2925 1287 3089 1343 αὐτοῦ
3120 1287 3370 1357 λέγεσθαι
3394 1288 3464 1351 τὸ,
3495 1306 3509 1335 ι
3548 1288 3663 1356 “Ara-

509 1390 639 1431 sene
676 1384 728 1429 et
778 1377 970 1439 stulto,
1006 1395 1024 1427 ι
1059 1391 1220 1447 quem
1254 1391 1454 1433 censeo
1484 1377 1926 1449 antiquissimum
1965 1395 2080 1435 ma-

2177 1382 2269 1447 θὸς
2293 1385 2421 1447 παῖς
2454 1382 2623 1453 πένης
2654 1381 2750 1435 καὶ
2773 1380 2935 1452 σοφὸς
2952 1380 3094 1452 ὑπὲρ
3134 1379 3349 1450 βασιλέα
3378 1379 3664 1452 πρεσϐύτερον

507 1464 683 1520 lorum
713 1464 924 1519 dierum
954 1481 1075 1521 esse
1091 1465 1388 1522 diabolum.
1418 1464 1517 1520 Hic
1538 1483 1731 1538 nempe
1754 1469 1821 1535 iis
1848 1484 1941 1524 rex
1969 1477 2075 1533 est,

2178 1475 2273 1529 καὶ
2319 1474 2547 1547 ἄφρονα·
2595 1492 2615 1525 ι
2650 1470 2709 1527 ὃν
2741 1472 2944 1545 νομίζω
2989 1466 3131 1526 εἶναι
3182 1471 3272 1525 τὸν
3308 1471 3662 1542 πεπαλαιιιιμένον

507 1558 602 1630 qui
630 1566 855 1629 peccato
882 1572 980 1629 per
1000 1573 1124 1614 eum
1156 1558 1212 1613 in
1234 1559 1366 1614 orbe
1398 1559 1598 1615 dimiso
1630 1570 1917 1631 reguntur;
1948 1564 2081 1621 stul-

2179 1565 2399 1639 ημερῶν
2430 1564 2613 1619 κακῶν
2653 1564 2896 1621 διάϐολον
2916 1581 2932 1596 ’
2963 1564 3022 1628 ὃς
3056 1563 3305 1636 βασιλεὺς
3347 1563 3435 1635 μέν
3469 1565 3559 1618 ἐστι
3587 1564 3663 1618 τῶν

506 1658 599 1707 tus
634 1644 764 1705 vero
791 1689 807 1714 ,
848 1659 907 1703 ut
937 1650 1029 1720 qui
1062 1651 1268 1720 optima
1298 1656 1600 1706 secundum
1642 1650 1812 1709 Deum
1842 1657 2082 1726 pruden—

2183 1657 2611 1729 βασιλευομένων
2625 1657 2729 1711 ὑπὸ
2749 1657 2851 1727 τῆς
2867 1656 3267 1727 ἐνεργουμένης
3290 1656 3376 1708 ὑπ’
3392 1654 3530 1709 αὐτοῦ
3544 1656 3668 1727 ἁμαρ

507 1744 583 1798 tia
631 1751 834 1799 careat.
876 1740 969 1798 Ille
1008 1751 1188 1798 autem
1223 1743 1538 1813 praecitatus
1574 1762 1594 1795 ι
1640 1740 1776 1816 puer
1801 1762 2006 1818 pauper
2026 1756 2081 1805 et

2179 1750 2319 1816 τίας,
2346 1751 2534 1823 ἄφρων
2567 1768 2631 1821 γε
2664 1750 2769 1823 μὴν
2801 1749 2889 1804 διὰ
2924 1750 2986 1804 τὸ
3012 1748 3336 1822 ἐστερῆσθαι
3362 1748 3450 1818 τῆς
3479 1747 3668 1819 ἐναρέτου

507 1837 728 1909 sapiens
753 1835 820 1891 de
848 1850 1090 1900 carcere,
1124 1855 1142 1887 ι
1171 1837 1289 1891 sive
1319 1836 1386 1893 de
1412 1838 1515 1894 hoc
1547 1840 1800 1894 terrestri
1827 1840 1972 1904 loco,
2003 1840 2080 1897 si-

2180 1844 2273 1898 καὶ
2304 1842 2446 1898 κατὰ
2471 1843 2604 1898 Θεὸν
2635 1845 2969 1917 φρονήσεως·
3003 1845 3033 1897 ὁ
3062 1842 3123 1896 δὲ
3144 1841 3540 1915 προειρημένος(
3568 1841 3671 1908 ἀγα·

507 1945 573 1985 ve
596 1929 663 1984 de
684 1928 918 1997 inferno,
949 1943 979 1982 a
1007 1930 1239 1986 mortuis
1260 1946 1549 2001 resurgens
1577 1946 1832 2002 egressus
1858 1940 1942 1988 est
1964 1930 2077 1989 Rex

2182 1934 2272 2000 es;
2315 1935 2410 1990 καὶ¹
2457 1936 2617 2005 σοφὸς
2654 1939 2800 2001 παῖς,
2845 1935 2903 2004 ἐξ
2946 1935 3094 1990 οίκου
3149 1934 3401 2007 δεσμίων,
3433 1952 3449 1986 ι
3477 1934 3568 2004 ἦτοι
3601 1931 3671 1986 τοῦ

508 2036 541 2077 a
562 2020 724 2077 Patre
752 2036 919 2093 super
951 2023 1229 2079 emlestem
1254 2022 1386 2078 Sion
1413 2032 1651 2081 montem
1686 2023 1783 2080 Dei
1811 2026 2083 2082 constitu-

2183 2028 2458 2102 περιγείου
2487 2031 2673 2096 τόπου,
2700 2031 2818 2102 ἦτοι
2836 2028 2946 2084 τῶν
2992 2031 3049 2083 ὲν
3075 2029 3218 2109 ’ᾼδῃ
3246 2027 3459 2099 χωρίων,
3477 2024 3589 2079 κατὰ
3602 2025 3673 2095 τὴν

510 2115 689 2179 tus“,
729 2123 783 2171 et
834 2116 891 2170 in
942 2116 1061 2186 ipso
1119 2132 1288 2186 regno
1330 2118 1453 2188 ejus
1492 2117 1672 2175 lactus
1717 2127 1803 2175 est
1852 2134 2077 2190 pauper,

2181 2124 2247 2177 ἐκ
2273 2121 2481 2195 νεκρῶν
2499 2124 2792 2177 ἀνάστασιν
2818 2120 3097 2194 προελθὼν
3122 2119 3375 2182 Βασιλεὺς
3399 2118 3490 2172 ὑπὸ
3509 2114 3582 2171 τοῦ
3598 2117 3671 2169 llas

516 2227 537 2263 ι
578 2224 686 2265 non
708 2208 952 2278 rapinam
983 2208 1283 2267 arbitratus
1302 2226 1425 2266 esse
1461 2226 1521 2267 se
1544 2211 1808 2282 aequalem
1836 2210 2029 2275 Deo“,
2055 2231 2074 2264 ι

2180 2213 2309 2286 τρὸς
2333 2214 2426 2267 ἐπὶ
2451 2212 2590 2269 Σιὼν
2616 2213 2677 2267 τὸ
2704 2213 3026 2286 ἐπουράνιον
3051 2213 3181 2285 ὅρος
3217 2212 3310 2265 τοῦ
3336 2208 3457 2264 Θεοῦ
3478 2209 3673 2276 κατέστη,

510 2300 607 2356 sed
634 2300 876 2371 seipsum
912 2300 1235 2367 liumilians,
1267 2311 1323 2358 et
1351 2302 1420 2358 de
1448 2304 1716 2359 altissima
1744 2302 2083 2361 descendens

2183 2307 2277 2362 καὶ
2302 2309 2359 2361 ὲν
2384 2307 2521 2379 αὐτῇ
2541 2309 2607 2378 τῇ
2650 2306 2897 2377 βασιλεία
2929 2304 3094 2360 αὐτοῦ
3128 2303 3355 2376 ἐγενήθη
3380 2302 3542 2371 πένης,
3565 2319 3580 2350 ί
3608 2299 3675 2368 οὐκ

510 2390 706 2463 gloria,
738 2401 959 2464 propter
1002 2406 1099 2447 eos
1132 2393 1226 2464 qui
1277 2393 1561 2465 sapientiae
1603 2395 1725 2464 ejus
1766 2396 2078 2451 divitiarum

2184 2399 2475 2471 ἁρπαγμὸν
2499 2398 2801 2469 ἡγούμενος
2826 2400 2888 2452 τὸ
2921 2393 3056 2451 εἶναι
3090 2396 3183 2451 ι’σα
3210 2395 3346 2467 Θεῷ,
3374 2416 3391 2448 ι
3423 2394 3518 2448 ἀλλ’
3539 2391 3675 2447 ἑαυτὴν

510 2484 807 2555 participes
830 2500 940 2540 non
967 2492 1144 2541 erant.
1165 2483 1269 2553 Qui
1301 2494 1482 2541 autem
1513 2485 1779 2541 adversus
1800 2503 1925 2542 eum
1957 2503 2083 2544 sur-

2181 2490 2450 2546 ταπεινῶν
2478 2491 2573 2543 καὶ
2592 2490 2693 2559 τῆς
2720 2490 2978 2550 ἀνωτάτω
3003 2489 3167 2561 δόξης
3211 2483 3676 2542 ὑποκαταϐαίνοηῶ

511 2577 721 2634 rexisse
760 2576 961 2632 dicitur
1011 2579 1287 2635 secundus
1327 2578 1667 2642 adolescens,
1708 2579 2081 2635 Antichristus

2181 2583 2308 2647 τοὺς
2334 2582 2408 2655 μὴ
2430 2580 2736 2655 χωροῦντας
2764 2573 2928 2636 αὐτοῦ
2953 2584 3044 2636 τὸν
3071 2581 3175 2653 τῆς
3198 2580 3382 2651 σοφίας
3400 2578 3598 2633 πλοῦτον·
3616 2575 3677 2628 τὸν

512 2683 635 2729 esse
676 2670 806 2724 mihi
852 2669 1091 2736 videtur,
1122 2686 1360 2741 quocum
1393 2686 1585 2725 omnes
1611 2671 1715 2726 sub
1755 2672 1869 2726 sole
1895 2672 2083 2727 viven-

2182 2674 2226 2728 δ’
2258 2675 2379 2727 ἀντὶ
2407 2673 2595 2729 τούτου
2622 2674 2910 2746 λεγόμενον
2944 2673 3341 2746 ἀναστήσεσθαι
3371 2671 3675 2743 δεύτεροννεαο

515 2768 601 2815 tes
624 2767 679 2814 et
709 2759 1052 2816 ambulantes
1098 2760 1305 2815 vidisse
1335 2760 1471 2815 dicit
1510 2759 1815 2830 Scriptura.
1848 2759 2080 2827 Quinam

2182 2764 2384 2829 νίσκον,
2418 2765 2509 2843 τὸν
2547 2766 2909 2839 Ἀντίχριστον
2951 2762 3095 2821 εἶναι
3135 2765 3497 2838 ὑπολαμϐάνω,
3522 2760 3611 2834 μεθ’
3636 2752 3676 2810 αὖ

512 2854 646 2906 vero
674 2850 765 2907 isti
792 2857 944 2914 sunt,
971 2849 1079 2905 nisi
1107 2858 1481 2921 quotcunque,
1530 2866 1652 2920 qua:
1684 2852 1789 2908 sub
1819 2851 1933 2907 sole
1960 2867 2083 2908 esse

2186 2855 2509 2927 σύμπαντας
2556 2859 2682 2924 τοὺς
2709 2858 2814 2913 ὑπὸ
2851 2859 2942 2912 τὸν
2972 2858 3125 2930 ἥλιον
3158 2859 3363 2925 ζῶντας
3403 2856 3486 2911 καὶ
3510 2867 3675 2925 περιπα-

515 2933 740 3001 dicitur,
776 2955 795 2988 ι
834 2935 1136 2991 vanitatem
1172 2936 1476 2990 vanitatum
1500 2954 1519 2987 ι
1555 2937 1789 3008 amplexi
1816 2938 1991 2994 sunt?

2183 2949 2407 3014 τοῦντας
2430 2951 2731 3020 ἑωρακέναι
2759 2951 2923 3023 φησιν
2944 2953 2973 3007 ό
2999 2951 3180 3021 λόγος·
3209 2953 3353 3016 τίνες
3376 2951 3418 3006 δ’
3439 2950 3495 3005 ἂν
3518 2945 3599 3002 εἶεν
3617 2941 3675 3001 οὖν

2114 3043 2157 3101 C
2190 3058 2290 3105 τοι,
2314 3042 2348 3113 ἢ
2376 3040 2575 3106 πάντες
2600 3041 2651 3095 οἱ
2677 3042 3030 3114 περιέποντες
3055 3042 3157 3115 τὴν
3186 3044 3292 3098 ὑπὸ
3316 3043 3401 3097 τὸν
3432 3042 3556 3114 ἥλιον
3577 3039 3674 3107 λεγο

2190 3132 2357 3205 μένην
2394 3154 2412 3185 ‹
2453 3134 2804 3206 Ματαιότητα
2838 3136 3247 3207 ματαιοτήτων;
3296 3156 3314 3187 ι

2712 3229 3108 3284 ΚΕΦΛΛΑΙΟΝ
3160 3229 3239 3283 Ε’.

2580 3322 2683 3376 Ἐκ
2726 3321 2831 3377 τοῦ
2877 3321 3379 3389 Ἐκκλησιαστοῦ.

2263 3431 2282 3464 ι
2330 3412 2439 3466 Καί
2482 3429 2547 3482 γε
2592 3412 2750 3466 τοῦτο
2779 3407 2919 3467 εἶδον
2962 3413 3157 3482 σοφίαν
3190 3413 3295 3467 ὑπὸ
3338 3411 3421 3466 τὸν
3452 3411 3587 3483 ἥλιον,
3614 3406 3674 3461 καὶ

2191 3502 2398 3576 μεγάλη
2454 3504 2571 3557 ἐστὶ
2609 3504 2748 3576 πρὸς
2798 3503 2885 3576 μέ.
2918 3505 3078 3570 Πόλις
3131 3507 3305 3578 μικρὰ
3354 3506 3442 3561 καὶ
3473 3502 3674 3575 ἅνδρεςιτ

2188 3596 2325 3667 αὐτῇ
2354 3595 2547 3665 ὀλίγοι,
2582 3598 2675 3649 καὶ
2708 3595 2838 3670 ἔλθῃ
2862 3598 2942 3661 είς
2970 3597 3140 3668 αὐτὴν
3166 3598 3407 3668 βασιλεὺς
3431 3595 3587 3667 μέγας,
3614 3590 3673 3645 nl

2190 3686 2459 3743 κυκλώσει
2486 3689 2678 3759 αὐτὴν,
2713 3689 2809 3742 καλ⁸
2841 3688 3186 3761 οἰκοδομήσει
3211 3690 3297 3744 ἐπ’
3334 3688 3483 3759 αὐτὴν
3501 3688 3674 3758 χάρακας

2193 3783 2464 3855 μεγάλους
2485 3799 2499 3813 ο
2538 3783 2635 3836 καὶ
2670 3782 2807 3854 εὕρῃ
2841 3783 2899 3835 ὲν
2926 3783 3066 3853 αὐτῇ
3099 3783 3273 3854 ἄνδρα
3313 3781 3497 3853 πένητα
3529 3776 3599 3833 καὶ
3619 3789 3674 3828 α-

2190 3877 2310 3946 φδν,
2339 3878 2433 3930 καὶ
2472 3875 2727 3941 διασώσει
2760 3875 2925 3939 αὐτὸς
2964 3875 3071 3947 τὴν
3091 3876 3247 3930 πόλιν
3285 3878 3339 3930 ἐν
3363 3878 3423 3947 τῇ
3455 3870 3583 3942 σοφίᾳ
3611 3868 3673 3920 αὖ·

2189 3966 2306 4031 τοῦ,
2347 3967 2442 4020 καὶ
2465 3965 2752 4039 ἄνθρωπος
2792 3966 2893 4019 οὐκ
2912 3966 3159 4038 ἐμνήσθη
3200 3965 3295 4021 τοῦ
3322 3965 3491 4038 ἀνδρὸς
3513 3960 3585 4015 τοῦ
3611 3955 3672 4011 πί·

2190 4075 2349 4130 νητος
2390 4059 2623 4112 ἐκείνου.
2674 4057 2783 4112 Καὶ
2813 4054 2943 4111 εἶπα
2981 4057 3113 4127 ἐγὼ,
3173 4058 3370 4129 Ἀγαθὴ
3410 4055 3544 4125 σοφία
3580 4049 3670 4117 ὑπὲρ

584 3244 609 3281 ,
1142 3208 1370 3291 caput
1414 3210 1478 3268 v.

1080 3303 1165 3359 Ea:
1185 3304 1524 3363 Ecclesiaste.
1944 3368 1951 3375 ε

593 3416 616 3454 ι
647 3397 798 3454 Hanc
825 3413 1043 3469 quoque
1082 3398 1185 3453 sub
1225 3398 1340 3452 sole
1363 3397 1478 3453 vidi
1506 3397 1852 3469 sapientiam,
1879 3406 1935 3456 et
1961 3415 2090 3470 pro-

518 3491 644 3549 bavi
670 3490 983 3547 maximam.
1019 3488 1230 3544 Civitas
1254 3504 1441 3561 parva,
1470 3497 1525 3544 et
1561 3493 1720 3559 pauci
1749 3491 1806 3545 in
1837 3506 1902 3546 ea
1940 3492 2043 3549 viri
2071 3510 2084 3545 :

519 3582 671 3639 venit
699 3588 891 3637 contra
922 3595 1043 3636 eam
1087 3596 1179 3636 rex
1216 3595 1469 3652 magnus,
1499 3589 1554 3636 et
1582 3582 1803 3637 vallavit
1823 3599 1965 3648 eam,
1991 3601 2090 3640 ex»

520 3674 830 3745 struxitque
879 3674 1215 3729 munitiones
1258 3689 1354 3745 per
1400 3689 1615 3746 pyrum,
1642 3683 1694 3731 et
1741 3674 1980 3746 perfecta
2007 3684 2090 3733 est

519 3770 754 3826 obsidio.
779 3767 1146 3838 Inventusque
1162 3779 1245 3824 est
1271 3767 1324 3822 in
1343 3783 1405 3823 ea
1429 3768 1512 3822 vir
1532 3783 1738 3840 pauper
1764 3776 1818 3824 et
1843 3783 1901 3825 sa
1908 3770 2086 3840 piens,

519 3870 575 3918 et
603 3862 853 3917 liberavit
896 3860 1086 3915 urbem
1118 3874 1216 3930 per
1243 3860 1566 3930 sapientiam
1598 3874 1776 3925 suam,
1811 3871 1866 3916 et
1909 3863 2090 3921 nullus

521 3953 781 4023 deinceps
807 3951 1130 4008 recordatus
1154 3958 1241 4005 est
1284 3950 1521 4007 hominis
1551 3951 1700 4006 illius
1721 3954 1997 4024 pauperis.
2027 3955 2092 4009 Et

521 4032 767 4102 dicebam
796 4060 899 4115 ego
924 4028 1203 4099 meliorem
1232 4058 1353 4099 esse
1378 4044 1698 4114 sapientiam
1732 4044 2047 4103 fortitudine
2074 4068 2087 4103 :

524 4138 799 4209 quomodo
821 4154 953 4210 ergo
978 4138 1248 4209 sapientia
1282 4140 1540 4210 pauperis
1577 4147 1890 4212 contempta
1910 4151 2016 4207 est,
2037 4152 2084 4199 et

2189 4150 2437 4222 δύναμινο
2470 4151 2564 4205 καὶ
2606 4149 2769 4219 σοφία
2807 4149 2903 4203 τοῦ
2953 4151 3183 4219 πένητος
3222 4147 3587 4220 ὲξουδενωμένη,
3613 4139 3671 4193 καὶ

524 4235 689 4290 verba
718 4233 839 4303 ejus
869 4248 975 4287 non
996 4241 1126 4288 sunt
1156 4231 1341 4286 audita
1364 4234 1434 4286 “‘I
1470 4252 1487 4283 ι
1522 4230 1625 4299 Qui
1655 4233 1741 4288 hic
1772 4234 1910 4289 bella
1931 4236 2084 4304 gerit.

2191 4242 2336 4311 λόγοι
2382 4240 2546 4295 αὐτοῦ
2591 4242 2691 4296 οὐκ
2733 4241 2872 4295 εἰσὶν
2898 4242 3239 4314 ἀκουόμενοι.
3279 4263 3297 4295 ι
3341 4241 3473 4296 Ἐπεὶ
3508 4236 3581 4291 καὶ
3616 4235 3670 4284 ὲν-

524 4341 621 4381 rex
650 4323 887 4393 dicitur;
913 4332 967 4378 et
985 4324 1078 4393 qui
1100 4324 1172 4378 ab
1215 4339 1282 4379 eo
1317 4336 1678 4395 expugnatam
1719 4324 1922 4380 salvam
1965 4324 2084 4380 fecit

2193 4331 2365 4386 ταῦθα
2402 4334 2431 4385 ὁ
2463 4331 2560 4403 μὲν
2585 4332 2655 4386 τὰ
2679 4332 2774 4385 τοῦ
2808 4332 3044 4404 πολέμου
3078 4332 3315 4405 ἐνεργῶν
3347 4330 3557 4403 βασιλεὺς
3577 4318 3669 4376 εἶναι

498 4415 738 4481 ὐτὺειη,
762 4416 846 4470 vir
873 4391 1080 4488 pauper
1116 4424 1171 4471 et
1198 4391 1448 4486 sapiens;
1467 4391 1530 4470 in
1553 4415 1879 4485 praecedenti
1911 4424 2084 4471 autem

2195 4427 2430 4496 λέγεται,
2512 4426 2568 4479 δὲ
2612 4425 2887 4490 διασώζων
2919 4391 3019 4495 τὴν
3062 4391 3187 4481 ὑπό⁸
3215 4391 3395 4480 τούτου
3438 4420 3667 4488 πολιορκον

526 4505 706 4577 capite
732 4523 778 4560 ιι
803 4505 988 4561 Μειὶοτ
1010 4514 1094 4561 est
1111 4522 1248 4577 puer
1274 4522 1480 4579 pauper
1501 4514 1555 4562 et
1579 4507 1797 4578 sapiens
1812 4523 1937 4579 rege
1965 4525 2084 4565 sene

2201 4519 2367 4590 μένην
2392 4518 2545 4572 πόλιν
2572 4517 2713 4589 ἀνὴρ
2736 4518 2904 4590 πένης
2940 4519 3035 4572 καὶ
3064 4519 3245 4590 σοφός·
3278 4514 3531 4587 λεγομένου
3553 4502 3667 4563 δὲκαὶ

531 4607 586 4655 ει
607 4599 799 4664 stulto,
831 4617 851 4651 ›
891 4598 1038 4669 quod
1059 4598 1405 4670 interpretati
1429 4614 1620 4656 sumus
1646 4600 1872 4655 stultum
1912 4615 2084 4672 regem

2198 4612 2256 4663 ὲν
2289 4609 2369 4679 τῷ
2398 4609 2505 4681 πρὸ
2533 4608 2720 4663 τούτου
2752 4607 3032 4680 κεφαλαίῳ
3066 4609 3183 4673 τοῦ,
3227 4607 3434 4678 Ἀγαθὸς
3457 4603 3587 4671 πένης
3608 4591 3664 4649 καὶ

527 4708 652 4750 esse
689 4691 984 4755 diabolum,
1010 4705 1302 4763 pauperem
1351 4706 1503 4757 vero,
1552 4692 1964 4763 sapientemque
2009 4711 2084 4777 ξε.

2200 4700 2359 4769 σοφὸς
2370 4700 2513 4773 ὑπὲρ
2525 4699 2745 4771 βασιλέα
2772 4698 3140 4772 πρεσϐύτερον
3164 4702 3255 4755 καὶ
3275 4700 3479 4771 ἄφρονα,
3495 4691 3589 4745 »τὸν

528 4787 711 4858 ipsum
768 4785 1089 4865 exinaniens
1123 4784 1539 4856 mendicumque
1597 4795 1817 4856 propter
1877 4801 1980 4843 nos
2009 4774 2084 4841 la-

2198 4793 2408 4865 ἄφρονα
2459 4791 2683 4864 βασιλέα
2723 4792 2812 4846 τὸν
2849 4792 3095 4847 διάϐολον
3144 4793 3493 4864 ὲξειλήφαμεν,
3531 4782 3597 4836 τὸν
3627 4774 3661 4828 δὲ

528 4894 681 4939 ctum
732 4881 826 4938 Dei
868 4862 1130 4938 Verbum.
1181 4878 1393 4935 Idcirco
1443 4879 1610 4950 priori
1662 4879 2084 4952 interpretationi

2200 4862 2404 4955 πένητα
2434 4862 2527 4939 καὶ
2561 4884 2720 4953 σοφὸν
2746 4885 2836 4939 τὸν
2859 4886 2925 4940 δι’
2948 4887 3093 4957 ἡμᾶς
3122 4862 3311 4939 ἑαυτὸν
3333 4879 3588 4937 κενώσαντα
3604 4865 3661 4924 ῖηδ

532 4983 734 5033 nostra:
758 4982 1147 5046 congruenter,
1173 4989 1283 5028 non
1322 4971 1486 5026 alium
1512 4987 1635 5026 esse
1657 4970 1947 5041 opinamur
1977 4970 2084 5026 bel-

2201 4975 2592 5049 πτωχεύσαντα
2636 4977 2729 5031 τοῦ
2763 4977 2897 5032 Θεοῦ
2942 4980 3141 5048 Λόγον·
3171 4978 3355 5032 τούτου
3375 4974 3431 5044 δὴ
3456 4971 3579 5044 χάριν
3601 4958 3658 5016 καὶ

534 5068 699 5121 licum
739 5066 832 5134 qui
884 5063 972 5119 hic
997 5061 1329 5121 describitur
1359 5076 1562 5134 regem,
1592 5076 1657 5116 ac
1712 5062 1863 5116 illum
1917 5077 2084 5133 regeri

2200 5069 2269 5124 τὰ
2303 5070 2637 5142 προκείμενα
2675 5068 3150 5143 ὲσημειωσάμεθα,
3180 5070 3278 5123 ούκ
3312 5064 3453 5122 ἄλλον
3486 5056 3657 5113 εἶναινῦν

534 5159 785 5213 stultum.
839 5154 1101 5212 Similiter
1128 5155 1223 5226 qui
1267 5155 1484 5226 prapria
1516 5154 1781 5223 sapientia
1816 5169 2084 5225 expugna-

2204 5160 2448 5231 μίζοντες
2480 5160 2569 5213 τὸν
2606 5159 2791 5217 ἐνθάδε
2823 5160 3247 5232 διαγραφόμενον
3295 5150 3541 5227 πολεμικὸν
3562 5145 3654 5215 βίην

519 5261 641 5305 tam
668 5258 854 5306 servat
875 5249 1088 5311 urbem,
1104 5248 1245 5303 idem
1262 5258 1344 5303 est
1368 5262 1431 5301 ac
1451 5247 1541 5302 ille
1558 5262 1764 5317 pauper
1784 5254 1838 5303 et
1854 5251 2084 5317 sapiens,

2202 5252 2297 5306 λέα
2329 5253 2389 5323 (f.
2422 5253 2490 5307 27
2524 5254 2600 5323 νο)
2633 5253 2726 5307 τοῦ
2758 5254 2874 5306 ἐκεῖ
2899 5253 3186 5325 λεγομένου
3214 5249 3452 5324 βασιλέως
3482 5243 3653 5325 ἄφρονος

531 5357 695 5412 quem
727 5340 966 5396 diximus
1012 5356 1134 5397 esse
1189 5338 1493 5395 Christum.
1537 5337 1641 5405 Qui
1686 5342 1830 5393 enim
1874 5354 2084 5410 part-au:

2200 5342 2459 5408 ὡσαύτως
2480 5343 2538 5397 δὲ
2567 5343 2656 5397 τὸν
2687 5343 2919 5399 ἐνταῦθα
2947 5343 3269 5409 διασώζοντα
3295 5343 3354 5412 τῇ
3381 5331 3537 5392 ἑαυτοῦ
3551 5319 3652 5393 παῖίὲ

2202 5434 2299 5506 τὴν
2327 5434 2791 5509 πολιορκουμένην
2820 5436 2974 5491 πόλιν
3004 5437 3097 5491 τοῦ
3131 5439 3243 5491 ἐκεῖ
3274 5434 3474 5502 πένητος
3502 5421 3570 5478 καὶ

2203 5498 2327 5595 φοῦ,
2355 5523 2414 5579 ὃν
2443 5498 2699 5597 ἓλέγομεν
2743 5498 2880 5581 εἶναι
2922 5528 3014 5581 τὸν
3050 5526 3298 5605 Χριστόν·
3327 5498 3485 5592 ὅςτὴν
3519 5498 3653 5586 μικράν

2944 5684 2989 5717 ’³
3018 5680 3192 5741 Eccle.
3223 5696 3292 5738 ix.
3319 5673 3475 5737 l3—l6.

535 5436 750 5503 urbem,
783 5435 1161 5494 huncscilicet
1191 5440 1508 5488 terrestrem
1538 5432 1742 5497 locum,
1780 5432 1826 5487 si
1851 5447 1975 5486 cum
2007 5447 2099 5486 or-

535 5524 603 5581 be
627 5525 883 5582 universo
911 5526 1188 5593 conferas,
1207 5524 1615 5591 brevissimum,
1645 5538 1948 5595 omnesque
1976 5538 2094 5579 eam
