3952 6198
213 189 352 243 “29
1224 190 1520 247 ECLOGIE
1561 191 2042 253 PROPHETICE.
2084 222 2152 233 —-
2189 191 2317 247 LIB.
2360 190 2448 246 Ill.
3318 198 3453 252 i230

212 304 386 367 πόλιν,
434 302 677 357 τουτέστι
717 301 806 356 τὸν
846 303 1116 374 περίγειον
1158 305 1320 358 τόπον
1374 305 1654 376 συγκρίσει
1693 306 1773 358 toi

1892 303 2215 366 incolentes,
2265 319 2375 373 pra:
2418 303 2662 359 omnium
2698 305 3053 360 animantium
3086 308 3430 364 multitudine

211 394 413 457 παντὸς
456 395 660 465 κόσμου
698 396 1027 469 βραχύτατον
1068 397 1214 457 ὄντα,
1246 399 1338 451 καὶ
1379 400 1505 461 τοὺς
1541 400 1598 450 ὲν
1629 399 1765 469 αὐτῇ

1892 410 2194 464 perpaucos
2225 404 2391 467 atque
2415 397 2558 451 inter
2592 411 2784 452 omnes
2811 408 2998 467 gentes
3023 401 3178 468 quasi
3210 410 3361 472 gutta
3385 404 3451 456 in

210 486 289 549 ὡς
312 488 369 542 ὲν
418 489 716 558 παραθέσει
746 491 845 560 τῆς
876 490 982 543 τῶν
1013 490 1244 558 λογικῶν
1272 489 1525 543 ἁπάντων
1552 489 1771 559 πληθύος

1896 502 2086 557 magna
2119 488 2403 558 amphora,
2427 499 2767 560 expugnatas
2800 489 3049 544 liberavit
3091 505 3121 543 a
3150 491 3349 546 diaboli
3373 494 3457 548 dl-

210 578 428 646 ὁλίγους
466 576 625 643 ὄντας
657 581 749 634 ἐπὶ
786 582 962 635 πάντα
994 582 1061 635 τὰ
1098 582 1245 652 ἔθνη,
1276 583 1349 645 ὡς
1392 581 1604 650 σταγών
1644 585 1771 635 ὲστιε

1895 577 2059 642 tione,
2085 579 2177 648 qui
2212 580 2356 633 hunc
2385 588 2699 635 terrestrem
2743 581 2923 635 locum
2974 581 3202 651 ejusque
3252 582 3456 637 incolas

210 670 321 723 ἀπὸ
350 671 532 733 κάδου,
558 671 900 744 ἑλυτρὼσατο
926 674 1408 745 πολιορκουμένους
1436 675 1542 727 ἀπὸ
1575 678 1674 745 τῆς
1695 675 1771 728 τοί

1895 671 2037 724 οηιηί
2086 686 2153 726 ex
2205 679 2357 741 parte
2404 672 2723 736 vallaverat,
2757 673 3200 743 munitionesque
3236 690 3456 745 magnas

210 760 457 814 διαϐόλου
482 762 775 832 βασιλείας,
805 764 1065 818 πάντοθεν
1086 764 1177 816 τὸν
1202 765 1475 835 περίγειον
1498 765 1672 836 χῶρον
1697 766 1771 818 κα

1896 777 1987 832 per
2028 778 2219 833 gyrum
2264 771 2632 825 exstruxerat,
2674 783 2692 814 ι
2730 764 3006 834 principes
3049 783 3067 815 ι
3111 766 3320 820 scilicet
3346 786 3364 818 ι
3406 777 3457 822 et

209 852 340 915 τοὺς
372 854 428 905 ἐν
461 851 608 923 αύτῷ
631 852 976 918 κυκλοῦντος,
998 853 1401 924 οἰκοδομοῦντος
1432 870 1489 904 τε
1522 852 1607 906 ἐπ’
1628 853 1770 905 αὐτὸι

1898 862 2209 923 potestates,
2242 853 2430 908 mundi
2486 865 2728 910 rectores
2774 857 3125 910 tenebrarum
3156 856 3371 921 harum,
3405 869 3459 913 et

210 942 461 1014 χάρακας
488 944 772 1014 μεγάλους,
799 963 817 993 ι
836 944 932 1008 τὰς
952 945 1148 1016 ἀρχὰς,
1167 944 1261 998 καὶ
1281 944 1381 1008 τὰς
1409 944 1673 1011 ἐξουσίας,
1693 947 1771 999 κα¹

1898 947 2198 1017 spiritualia
2216 947 2473 1017 nequitia:
2503 949 2568 1004 ἰ.
2608 967 2626 999 ι
2664 948 2820 1002 Hunc
2855 948 3019 1014 igitur
3045 964 3150 1004 non
3173 951 3311 1005 alius
3339 952 3459 1021 qui—

208 1037 337 1097 τοὺς
359 1035 801 1107 κοσμοκράτορας
826 1035 917 1089 τοῦ
946 1037 1167 1099 σκύτους
1190 1035 1400 1093 τούτου.
1428 1038 1519 1090 καὶ
1538 1037 1605 1091 τά
1629 1056 1769 1090 πνευη

1897 1037 1971 1090 vis
2006 1037 2112 1092 nisi
2170 1038 2321 1091 solus
2353 1038 2577 1092 sustulit
2610 1053 2813 1108 pauper
2840 1045 2894 1092 et
2944 1040 3160 1108 sapiens
3200 1039 3305 1101 vir,
3340 1039 3458 1095 Sab-

216 1125 419 1195 ματικά
444 1128 542 1196 τῆς
574 1125 856 1197 πονηρίας.
898 1144 916 1176 ι
950 1124 1149 1178 Τοῦτον
1192 1120 1283 1178 οῦν
1312 1126 1411 1178 οὐκ
1450 1124 1606 1188 ἄλλος
1642 1141 1723 1187 τις
1754 1124 1777 1191 ἱ

1895 1133 2064 1188 vatnr,
2106 1124 2472 1195 Dominusque
2501 1137 2707 1192 noster,
2731 1129 3052 1184 exinaniens
3082 1130 3456 1200 semetipsum.

216 1217 375 1288 μόνος
400 1217 646 1270 καθεῖλεν
670 1219 697 1270 6
732 1216 897 1286 πένης
925 1217 1019 1270 xai
1048 1216 1209 1285 σορὸς
1240 1216 1339 1287 ἁνὴ
1349 1235 1399 1287 ρ,
1426 1218 1454 1268 6
1477 1214 1667 1286 Σωτὴρ
1697 1216 1777 1268 καί

1898 1226 1944 1271 et
1986 1225 2208 1285 propter
2235 1232 2338 1272 nos
2373 1218 2533 1287 inops
2579 1217 2757 1274 factus
2805 1219 2857 1273 in
2914 1220 3304 1277 misericordiae
3348 1236 3459 1277 sua:

213 1307 415 1379 Κύριος
440 1309 615 1378 ἡμῶν,
647 1307 889 1371 κενώσας
921 1307 1112 1361 ἑαυτὸν
1144 1308 1235 1361 καὶ
1266 1309 1332 1361 δι’
1362 1310 1510 1378 ἡμᾶς
1540 1308 1774 1377 πτωχεύ·

1899 1308 2118 1371 divitiis,
2154 1316 2209 1362 et
2252 1310 2345 1362 illo
2381 1309 2617 1372 sublato,
2657 1311 2920 1381 sapientia
2956 1328 3051 1367 sua
3076 1328 3296 1383 parvam
3326 1315 3460 1369 civi-

215 1416 313 1463 σας
345 1402 402 1453 ἐν
433 1399 511 1470 τῷ
555 1400 771 1470 πλούτῳ
813 1398 907 1452 τοῦ
953 1398 1144 1451 ἑαυτοῦ
1186 1397 1386 1461 ἐλέους,
1424 1399 1519 1451 καὶ
1547 1395 1776 1450 καθελὼν

1897 1408 2052 1453 tatem
2090 1398 2295 1453 salvam
2334 1397 2484 1466 fecit,
2510 1400 2626 1455 sive
2663 1400 2960 1455 Ecclesiam
2996 1401 3102 1454 alia
3134 1402 3458 1473 interpreta.

210 1490 465 1545 διέσωσεν
508 1494 565 1545 ὲν
612 1494 677 1562 τῇ
731 1492 891 1563 σοφία
920 1490 1081 1545 αὑτοῦ
1117 1490 1213 1560 τὴν
1264 1488 1464 1560 μικρὰν
1498 1489 1669 1551 πόλιν,
1713 1488 1771 1551 ὡς

1897 1492 2061 1553 tione,
2097 1505 2412 1560 paucosque
2443 1492 2534 1561 qui
2560 1499 2687 1545 sunt
2735 1493 2788 1547 in
2824 1508 2905 1546 ea.
2939 1492 3147 1546 Etenim
3179 1511 3197 1543 ι
3230 1503 3458 1564 angusta

213 1583 361 1647 εἰκὸς
388 1583 485 1655 τὴν
528 1584 849 1652 Ἐκκλησίαν
880 1583 1000 1636 καθ’
1037 1582 1227 1653 ἑτέραν
1264 1580 1509 1652 ἐκδοχὴν,
1541 1581 1634 1634 καὶ
1665 1580 1774 1643 τοὺς

1900 1589 2049 1649 porta
2076 1587 2130 1634 et
2162 1590 2311 1634 arcta
2345 1581 2429 1634 via
2457 1590 2540 1636 est
2577 1599 2698 1652 qua:
2724 1582 2874 1636 ducit
2909 1583 2973 1637 ad
3025 1584 3214 1650 vitam,
3246 1592 3299 1639 et
3328 1602 3461 1654 pauo

213 1675 272 1727 ὲν
291 1675 426 1746 αὐτῇ
457 1676 667 1744 ὀλίγους
684 1675 841 1738 ὄντας
859 1693 872 1705 ·
900 1674 1084 1747 ἐπειδὴ
1108 1695 1125 1726 ι
1163 1676 1318 1746 στενὴ
1343 1677 1433 1728 καὶ
1454 1675 1774 1746 τεθλιμμέντ

1898 1674 1939 1727 ci
1997 1682 2143 1735 sunt,
2174 1675 2264 1744 qui
2318 1676 2605 1729 inveniunt
2638 1691 2752 1730 eam
2782 1676 2848 1730 ".
2886 1696 2904 1728 ›
2962 1675 3084 1731 Haec
3137 1678 3459 1733 mirabiliter

209 1766 246 1833 ἡ
275 1765 391 1830 ὁδὸς
438 1768 471 1837 ἡ
501 1767 786 1835 ἀπάγουσα
817 1769 896 1830 είς
923 1767 1021 1837 τὴν
1045 1765 1209 1838 ζωὴν,
1237 1767 1329 1819 καὶ
1362 1766 1529 1834 ὀλίγοι
1575 1769 1712 1819 εἰσὶν
1736 1774 1770 1820 ο

1897 1765 2031 1821 facta
2079 1767 2323 1822 videntes
2359 1768 2666 1821 exclamant
2702 1786 2714 1822 :
2756 1786 2774 1819 ι
2826 1767 3015 1822 Melior
3059 1775 3143 1823 est
3196 1770 3458 1838 sapientia

211 1857 435 1921 διιόντες
465 1860 652 1930 αὑτήν.
692 1878 710 1911 ι
732 1860 867 1911 Φασὶ
898 1858 941 1911 δ’
976 1861 1022 1911 οί
1062 1859 1162 1929 τὴν
1202 1858 1530 1930 τηλικαύτην
1556 1859 1772 1931 ὁρῶντες

1898 1856 2235 1921 fortitudine,
2276 1878 2293 1909 ι
2333 1857 2652 1913 fortitudine
2704 1859 2915 1916 scilicet
2967 1859 3223 1914 hostium.
3266 1855 3371 1914 Sed
3407 1869 3459 1914 et

213 1951 524 2021 οἰκονομίαν
540 1951 620 2014 τὸ,
646 1971 662 2001 ι
687 1951 887 2021 Ἀγαθὴ
924 1950 1084 2018 σοφία
1101 1951 1239 2020 ὑπὲρ
1253 1950 1499 2021 δύναμιν·
1522 1971 1539 2002 ι
1562 1952 1774 2021 δύναμιν

1901 1969 1914 2001 ι
1945 1951 2152 2014 nullus,
2185 1952 2281 2015 ait,
2320 1952 2639 2007 recordatus
2688 1960 2771 2008 est
2819 1951 3057 2006 hominis
3092 1954 3237 2007 illius
3262 1969 3462 2023 paupe-

208 2040 268 2093 δὲ
285 2040 441 2110 δῆλον
465 2041 545 2093 ὅτι
566 2041 662 2113 τὴν
679 2039 784 2093 τῶν
811 2040 1083 2109 πολεμίων
1098 2056 1111 2069 ο
1130 2038 1265 2092 ἀλλά
1279 2040 1392 2095 καὶ.
1416 2058 1433 2089 ι
1450 2039 1764 2109 Ἀνθρωπος

1901 2043 1991 2096 ris.
2032 2062 2051 2093 ι
2088 2040 2232 2098 Deus
2261 2043 2405 2097 enim
2435 2050 2553 2096 erat
2582 2043 2674 2113 qui
2716 2044 2801 2099 sui
2828 2059 2923 2113 per
2951 2044 3241 2114 prephetas
3273 2044 3462 2097 admo—

214 2133 395 2203 φησὶν,
422 2134 520 2185 οὐκ
550 2131 791 2204 ἐμνήσθη
810 2130 902 2185 τοῦ
920 2132 1108 2203 ἀνδρὸς
1136 2131 1227 2184 τοῦ
1253 2130 1477 2200 πένητος
1500 2131 1705 2183 ἐκείνου
1724 2149 1737 2162 ·
1764 2150 1775 2181 ι

1901 2132 2078 2195 nebat,
2116 2146 2385 2200 suumque
2421 2131 2562 2185 inter
2609 2132 2857 2186 homines
2887 2130 3176 2185 adventum
3208 2131 3462 2200 praedica.

213 2223 345 2288 Θεὸς
386 2225 484 2295 μὲν
524 2225 630 2296 γὰρ
659 2225 725 2296 ἦν
764 2226 794 2277 ὁ
834 2223 920 2278 διά
949 2224 1057 2277 τῶν
1096 2222 1390 2297 προφητῶν
1438 2222 1774 2293 μνημονεύωη

1900 2224 2005 2276 bat.
2033 2223 2127 2277 isti
2158 2239 2309 2287 vero,
2340 2224 2504 2294 hujus
2528 2223 2712 2278 szeculi
2740 2223 3048 2293 principum
3089 2223 3353 2293 sapientia
3382 2222 3461 2275 af-

217 2316 401 2380 αὐτοῦ,
435 2317 529 2370 καί
553 2316 946 2389 προκηρύττων
971 2315 1037 2369 τὰ
1072 2317 1199 2387 περὶ
1234 2314 1335 2386 τῆς
1365 2317 1442 2377 είς
1471 2313 1778 2386 ἀνθρώπους

1894 2315 2024 2379 llati,
2054 2332 2398 2388 nequaquam
2446 2316 2566 2385 ejus
2605 2316 2872 2370 recordati
2928 2324 3078 2379 sunt,
3111 2316 3201 2385 qui
3255 2325 3455 2385 myste-

214 2407 505 2477 ἐπιδημίας
535 2408 722 2462 αὑτοῦ·
749 2408 857 2460 τῶν
888 2408 932 2460 δ’
967 2406 1071 2460 ὑπὸ
1098 2408 1195 2477 τῆς
1227 2405 1417 2474 σοφίας
1458 2404 1566 2459 τῶν
1591 2406 1775 2477 ἀρχόν-

1901 2410 2033 2462 rium
2066 2419 2189 2463 ante
2220 2410 2414 2464 szecula
2451 2409 2834 2464 absconditum
2883 2406 2976 2462 Dei
3011 2406 3170 2461 Verbi
3217 2407 3462 2460 incarna-

216 2516 321 2553 των
341 2499 529 2551 τούτου
553 2499 645 2552 τοῦ
671 2499 865 2562 αἰῶνος
893 2500 976 2552 ὲνε
987 2498 1293 2569 ργηθέντων
1325 2497 1443 2551 οὐδὲ
1467 2493 1547 2560 εἷς
1570 2498 1777 2550 πώποτε

1898 2500 2059 2554 tionis
2093 2499 2314 2554 minime
2343 2500 2651 2569 perspicere
2684 2499 2955 2553 valebant.
2984 2497 3059 2552 Dc
3096 2499 3296 2566 quibus
3324 2497 3459 2552 dici-

216 2591 480 2663 ἐμνήσθη,
512 2592 633 2645 ἐπεὶ
665 2591 784 2662 μηδ’
804 2586 907 2644 οἷοί
946 2607 1004 2644 τε
1027 2587 1167 2661 ἦσαν
1189 2590 1386 2643 εἰδέναι
1410 2590 1469 2642 τὸ
1491 2591 1777 2661 μυστήριον

1895 2598 2032 2645 tur:
2090 2609 2108 2641 ι
2153 2590 2430 2661 Sapientia
2492 2592 2746 2661 pauperis
2784 2596 3114 2654 contempta.
3178 2609 3197 2641 ι
3248 2588 3456 2643 Etenim

212 2680 273 2735 τὸ
303 2682 788 2753 ἀποκεκρυμμένον
816 2681 923 2749 πρὸ
965 2681 1074 2734 τῶν
1122 2680 1330 2734 αἰώνων
1381 2682 1478 2751 τῆς
1519 2679 1661 2733 κατά
1690 2680 1773 2751 τὴη

1899 2702 1914 2732 ι
1960 2682 2067 2737 Deo
2092 2684 2296 2753 placuit
2331 2682 2737 2754 praedicationis
2776 2682 3005 2737 stultitia
3035 2680 3320 2734 credentes
3352 2683 3460 2735 sal-

215 2773 620 2845 ὲνανθρώπησιν
664 2774 970 2844 οἰκονομίας
1005 2773 1099 2826 τοῦ
1128 2774 1301 2842 Λόγου
1332 2773 1425 2826 τοῦ
1460 2772 1613 2825 Θεοῦ.
1646 2772 1776 2843 Πρὸς

1900 2789 1989 2830 vos
2024 2774 2205 2829 facere
2239 2776 2307 2806 ’δ’
2333 2794 2347 2836 ;
2388 2795 2406 2826 ι
2437 2775 2529 2828 sed
2557 2794 2574 2824 ι
2610 2775 2771 2828 verba
2800 2772 2942 2842 ejus,
2966 2773 3061 2835 ait,
3089 2788 3195 2826 non
3224 2780 3340 2826 sunt
3371 2786 3461 2825 au-

213 2866 419 2931 τούτοις
440 2866 657 2935 λέγεται
686 2866 766 2920 ὅτι
799 2885 817 2916 ι
857 2866 952 2919 καὶ
995 2867 1153 2934 σοφία
1195 2866 1289 2918 τοῦ
1322 2865 1549 2935 πένητος
1576 2866 1774 2929 ἐξουδε-

1900 2867 2020 2921 dita.
2067 2887 2085 2919 ι
2123 2866 2230 2921 Nec
2253 2867 2397 2920 enim
2430 2867 2671 2921 omnium
2712 2875 2795 2921 cst
2829 2864 3128 2918 Salvatoris
3162 2865 3327 2918 verba
3364 2879 3461 2916 au-

210 2956 449 3028 νωμένηο
489 2975 508 3008 ι
544 2956 637 3010 καὶ
679 2956 785 3028 γάρ
821 2956 1107 3026 εὐδόκησεν
1132 2959 1161 3009 6
1203 2956 1333 3018 Θεὸς
1372 2974 1389 3006 ι
1427 2956 1513 3007 διὰ
1545 2955 1645 3025 τῆς
1677 2974 1771 3026 μω

1899 2958 2031 3019 dire,
2068 2959 2174 3013 nisi
2202 2958 2547 3013 solummodo
2573 2973 2760 3013 eorum
2788 2956 2881 3027 qui
2904 2972 3064 3011 aures
3090 2955 3344 3010 audiendi
3371 2955 3460 3008 hx»

214 3012 334 3121 ρίας
359 3012 453 3100 τοῦ
482 3012 835 3120 κηρύγματος
860 3012 1029 3100 σῶσαί
1054 3048 1176 3109 τοὺς
1198 3046 1567 3109 πιστεύοντας·
1652 3012 1775 3100 ἀλλὰ

1897 3051 2039 3104 hcnt.
2064 3049 2307 3120 Namque
2336 3049 2538 3104 Christi
2568 3048 2917 3118 Evangelium
2945 3047 3324 3103 absconditum
3351 3057 3458 3111 est,

218 3154 237 3188 ι
274 3138 365 3191 καὶ
384 3140 431 3191 οἱ
461 3138 607 3207 λόγοι
636 3138 821 3201 αὑτοῦ,
855 3139 1038 3209 φησὶν,
1073 3138 1171 3191 ούκ
1215 3137 1351 3189 εἰσὶν
1383 3138 1720 3207 ἀκουόμενοι’
1762 3157 1779 3189 ι

1896 3141 1963 3195 iis
1994 3142 2204 3196 scilicet
2235 3142 2326 3211 qui
2357 3157 2465 3195 non
2500 3150 2628 3195 sunt
2660 3140 2779 3209 ejus
2807 3139 3094 3209 discipuli;
3127 3159 3144 3189 ι
3174 3140 3227 3193 in
3268 3140 3336 3194 iis
3369 3141 3457 3210 qui

211 3234 269 3287 οὐ
309 3233 525 3286 πάντων
561 3233 668 3304 γάρ
702 3236 846 3286 ἐστιν
883 3232 1113 3285 ἀκοῦσαι
1147 3230 1253 3283 τῶν
1283 3229 1375 3283 τοῦ
1420 3231 1668 3302 Σωτῆρος
1699 3230 1772 3282 λό-

1091 3249 1113 3283 ηι
1147 3230 1253 3283 τῶν
1283 3229 1375 3283 τοῦ
1420 3231 1668 3302 Σωτῆρος
1699 3230 1786 3282 λό-
1893 3241 2122 3300 pereunt
2155 3239 2240 3285 est
2268 3241 2515 3299 opertum
2538 3232 2603 3285 ’⁸.
2634 3251 2652 3281 ι

209 3346 343 3397 γων,
390 3330 438 3381 εί
469 3329 542 3400 μὴ
575 3330 733 3399 μόνον
772 3328 878 3381 τῶν
918 3328 1146 3398 ἐχόντων
1178 3321 1292 3380 ὦτα
1330 3328 1410 3390 είς
1454 3326 1515 3378 τὸ
1571 3327 1805 3378 ἀκούειν’
1861 3326 1953 3378 καὶ
2012 3325 2119 3397 γὰρ
2167 3325 2228 3377 τὸ
2272 3324 2596 3393 Εὑαγγέλιον
2634 3325 2727 3377 τοῦ
2772 3321 3008 3395 Χριστοῦ
3055 3321 3459 3394 κεκαλυμμένον

210 3427 378 3492 ἐστὶν,
406 3425 542 3496 πλὴν
570 3426 629 3477 ού
650 3428 762 3488 τοῖς
792 3424 954 3478 αὐτοῦ
982 3424 1265 3495 μαθηταῖς,
1302 3441 1320 3473 ι
1349 3424 1458 3485 τοῖς
1481 3422 1588 3493 γὰρ
1614 3421 2009 3493 ἀπολλυμένοις
2038 3422 2185 3473 ἐστὶν
2215 3419 2644 3490 κεκαλυμμένον.
2684 3439 2701 3471 ι

736 3545 1128 3599 ΚΕΦΑΛΑΙΟΝ
1173 3547 1261 3611 τῖ’.

2498 3537 2726 3597 CAPUT
2756 3538 2842 3593 Vl.

534 3640 642 3693 Τοῦ
676 3641 977 3709 ’ᾼσματος
1013 3638 1131 3693 τῶν
1164 3639 1464 3708 ᾀσμάτων.

1438 3658 1464 3692 ·.
2326 3633 2374 3688 Ε
2400 3632 2622 3689 Cantica
2655 3633 2999 3687 canticorum.

282 3731 441 3789 Ὀλον
466 3735 526 3786 τὸ
557 3733 754 3804 βιϐλίον
782 3733 1034 3786 ὑπόθεσιν
1063 3732 1173 3802 ἔχει
1206 3732 1421 3803 νύμφης
1444 3733 1620 3804 ἔρωτα
1653 3732 1788 3803 πρὸς

1963 3727 2267 3798 Exponitur
2323 3727 2378 3780 in
2430 3733 2547 3780 toto
2591 3725 2732 3779 libro
2762 3738 2975 3794 sponsa:
3022 3735 3150 3793 erga
3194 3737 3456 3791 sponsum

206 3830 461 3900 νυμφίον,
478 3828 842 3900 ὁμολογούσης
873 3827 1174 3898 τετρῶσθαι
1206 3830 1270 3899 τῇ
1301 3828 1436 3898 πρὸς
1450 3829 1612 3882 αὑτὸν
1650 3828 1767 3895 ἀγάι

1896 3838 2065 3885 amor,
2098 3836 2218 3891 qua:
2246 3822 2595 3889 semetipsam
2637 3832 2821 3873 amore
2864 3817 3009 3871 illius
3057 3814 3296 3869 sauciam
3327 3813 3457 3868 fate-

208 3938 310 3995 πῃ,
343 3923 438 3977 καὶ
465 3921 628 3977 αὐτοῦ
653 3922 813 3976 πάλιν
842 3920 1228 3992 ὁμολογοῦντος
1270 3920 1438 3990 αὐτὴν
1484 3921 1651 3991 μόνην
1678 3922 1769 3973 ἀπὶ

1896 3926 2003 3980 tur,
2044 3916 2172 3970 dum
2222 3914 2313 3969 ille
2367 3912 2608 3967 vicissim
2655 3925 2774 3965 eam
2815 3924 2846 3963 e
2898 3908 3085 3963 multis
3118 3910 3289 3963 solam
3336 3921 3457 3962 esse

216 4016 476 4069 πλειόνων
512 4015 776 4085 ὑπάρχειν
824 4011 971 4082 αύτῷ
1009 4012 1218 4065 τελείαν
1270 4013 1596 4084 περιστερὰν
1641 4013 1777 4084 παρὲ

1895 4007 1999 4063 sibi
2045 4004 2338 4076 perfectam
2379 4002 2685 4056 columbam
2734 4001 2803 4064 ’⁷,
2854 3999 2997 4053 inter
3048 3999 3281 4069 reginas,
3320 4012 3456 4052 conv

206 4108 309 4170 τάς
330 4106 623 4177 λεγομένας
647 4104 920 4175 βασιλίδας
936 4106 1028 4157 καὶ
1050 4104 1379 4168 παλλακίδας
1404 4107 1495 4157 καὶ
1521 4105 1766 4166 νεάνιδας

1897 4100 2124 4155 cubinas
2155 4105 2209 4151 et
2258 4094 2693 4149 adolescentulas
2718 4092 2764 4123 "
2810 4092 3086 4162 praedicat.
3134 4090 3303 4147 Judaei
3335 4092 3458 4160 qui-

208 4203 277 4254 Οί
311 4202 406 4270 μὲν
434 4195 528 4253 οὗν
562 4200 624 4251 ὲκ
673 4197 973 4269 περιτομῆς
1006 4197 1131 4267 μίαν
1160 4194 1297 4271 εἶναι
1342 4196 1449 4249 τῶν
1498 4214 1769 4250 πεπιστευη

1893 4193 2014 4248 dem
2038 4205 2201 4245 unam
2234 4202 2357 4243 esse
2385 4202 2452 4241 ex
2481 4184 2696 4239 duabus
2724 4190 2780 4238 et
2809 4183 2999 4254 viginti
3032 4197 3170 4252 quas
3197 4180 3454 4236 divinitus

215 4292 394 4362 μένων
425 4290 553 4360 παρ’
589 4288 770 4352 αὐτοῖς
798 4287 892 4341 δύο
919 4286 1012 4341 καὶ
1044 4286 1215 4340 εἴκοσι
1256 4285 1624 4339 θεοπνεύστων
1652 4303 1776 4358 γρα-

1889 4286 2183 4355 inspiratas
2241 4280 2509 4342 credunt,
2559 4278 2700 4332 hanc
2750 4277 3091 4346 Scripturam
3156 4284 3450 4346 reputant:

213 4380 331 4449 φῶν
361 4380 712 4451 πεπεισμένοι
745 4378 839 4431 καὶ
865 4375 1065 4447 ταύτην
1099 4375 1194 4447 τὴν
1221 4374 1461 4448 Γραφὴν,
1492 4376 1590 4428 οὐκ
1617 4369 1709 4427 οἷδ’
1737 4377 1774 4426 εἰ

1892 4377 2077 4431 nescio
2141 4390 2210 4427 an
2261 4370 2559 4442 quidquam
2629 4368 2683 4422 in
2738 4366 2819 4422 eis
2868 4366 3050 4420 divina
3100 4366 3453 4435 inspiratione

210 4474 382 4544 ἔχοιεν
418 4472 564 4539 ἄξιόν
608 4489 661 4525 τι
690 4470 838 4533 θείας
883 4466 1166 4531 ἐπιπνοίας
1208 4466 1496 4537 λεγόμενον
1547 4468 1602 4519 ὲν
1646 4467 1771 4537 αὐτῇ

1892 4467 2113 4537 dignum
2159 4462 2446 4520 ostendere
2489 4468 2711 4530 queant,
2746 4458 2793 4513 si
2842 4457 2978 4512 nihil
3026 4457 3246 4513 litterali
3294 4472 3453 4511 acce-

209 4565 577 4638 παραστῆσαι,
602 4563 675 4635 μὴ
705 4562 863 4615 πλέον
890 4579 943 4615 τι
960 4562 1055 4631 τῆς
1085 4560 1375 4631 προχείρου
1399 4559 1622 4630 ἐκδοχῆς
1641 4562 1770 4613 κατὸ

1892 4559 2076 4630 ptione
2101 4555 2280 4625 majus
2312 4553 2402 4607 hic
2434 4551 2761 4620 excogitent.
2795 4548 2897 4615 Qui
2947 4558 3127 4603 autem
3159 4548 3453 4603 obductum

208 4660 334 4722 τοὺς
380 4658 574 4720 τύπους
629 4654 1046 4725 φανταζόμενον
1090 4654 1119 4706 6
1154 4652 1210 4706 δὲ
1251 4652 1470 4715 δυνατὸς
1515 4649 1577 4721 (f.
1603 4651 1693 4719 28)
1723 4652 1769 4704 τί

1894 4652 2030 4706 valet
2073 4649 2202 4704 huic
2252 4646 2551 4715 Scriptura:
2599 4643 2776 4700 velum
2822 4648 3086 4712 relegere,
3140 4650 3455 4698 convertere

214 4752 315 4823 μὲν
348 4749 690 4821 ἐπικείμενον
734 4748 826 4802 καὶ
860 4747 1034 4820 ταύτῃ
1060 4750 1125 4817 τῇ
1159 4747 1349 4816 Γραφῇ
1391 4744 1651 4813 κάλυμμα
1683 4762 1775 4796 πε-

1893 4742 1956 4797 ad
2009 4741 2299 4796 Dominum
2356 4740 2498 4812 quod
2538 4750 2621 4795 est
2672 4739 2919 4809 spiritus,
2959 4746 3014 4792 et
3070 4749 3257 4809 aperto
3303 4740 3454 4792 vultu

212 4843 429 4915 ριελεῖν,
480 4841 801 4913 ἐπιστρέψαι
855 4841 911 4893 δὲ
954 4841 1088 4912 πρὸς
1132 4838 1335 4909 Κύριον
1383 4838 1518 4908 ὅπερ
1567 4837 1680 4889 ἐστὶ
1723 4836 1773 4888 τὶ

1893 4833 2109 4891 Domini
2160 4835 2386 4905 gloriam
2426 4834 2527 4888 sub
2573 4832 2660 4887 his
2702 4831 2887 4902 figuris
2936 4831 3189 4886 latentem
3243 4831 3453 4902 perspi-

208 4936 449 5007 πνεῦμα,
492 4937 584 4989 καὶ
619 4932 1116 5003 ἀνακεκαλυμμένῳ
1162 4930 1437 5003 προσώπῳ
1468 4930 1566 4999 τὴν
1601 4930 1694 4982 καὶ
1725 4929 1769 4982 ἐκ

1891 4941 2038 4991 cere,
2070 4925 2357 4980 manifeste
2387 4924 2639 4993 dispiciet
2673 4925 2727 4976 in
2760 4938 2822 4976 ea
2853 4922 3057 4975 Christi
3089 4920 3383 4977 Ecclesiam
3424 4937 3450 4975 a

207 5029 418 5092 τούτοις
445 5029 600 5093 δόξαν
643 5027 735 5081 τοῦ
766 5026 968 5099 Κυρίου
997 5022 1468 5095 κατοπτρίζεσθαι,
1515 5022 1768 5094 θεωρήσει

1891 5018 2161 5087 spirituali
2217 5030 2415 5084 sponsa
2451 5016 2680 5086 mystice
2729 5011 3028 5082 designari,
3058 5020 3115 5066 et
3148 5028 3266 5081 qua:
3309 5013 3452 5065 dicta

208 5125 269 5174 ὲν
300 5121 438 5193 αὐτῇ
468 5119 540 5174 τὰ
570 5118 709 5174 κατά
731 5117 827 5188 τὴν
868 5114 1239 5184 πνευματικὴν
1278 5115 1515 5183 νύμφην,
1550 5112 1703 5183 δῆλον
1732 5111 1769 5163 δ’

1891 5118 2017 5165 sunt
2053 5110 2119 5165 de
2158 5110 2398 5180 perfecto
2438 5109 2560 5163 talis
2608 5121 2823 5176 sponsa:
2856 5119 3080 5176 Sponso,
3119 5113 3173 5159 et
3220 5104 3287 5159 de
3311 5119 3452 5175 reg:-

208 5214 292 5266 ὅτι
332 5213 431 5283 τὴν
469 5209 790 5280 Ἐκκλησίαν
833 5207 927 5261 τοῦ
962 5206 1217 5279 Χριστοῦ.
1268 5206 1557 5276 μυστήρια,
1593 5204 1685 5257 καὶ
1712 5201 1769 5254 τὲ

1888 5218 2082 5259 narum
2140 5204 2279 5271 ejus,
2334 5200 2764 5257 concubinarum
2822 5204 2877 5252 et
2929 5196 3449 5251 adolescentularum

208 5305 477 5374 λεγόμενα
505 5303 633 5372 περὶ
671 5302 763 5354 τοῦ
804 5300 1006 5354 τελείου
1032 5300 1127 5369 τῆς
1154 5297 1359 5351 τοιασδὶ
1397 5296 1611 5366 νύμφης
1644 5312 1769 5365 νυμ-

1889 5294 2223 5358 discrimine,
2252 5310 2354 5349 nec
2402 5310 2509 5349 non
2539 5306 2875 5361 qumunque
2913 5304 3109 5345 arcana
3146 5289 3197 5343 in
3232 5290 3337 5343 hoc
3384 5290 3450 5341 li-

208 5398 336 5466 φίου
391 5394 483 5447 xui
531 5393 633 5463 τῆς
682 5390 790 5444 τῶν
844 5390 1123 5461 βασιλίδων
1163 5388 1322 5442 αὐτοῦ
1386 5389 1478 5441 καὶ
1518 5386 1769 5440 παλλακίς

1888 5386 1989 5441 bro
2032 5386 2348 5442 abscondita
2388 5392 2517 5441 sunt
2569 5384 2914 5447 documenta,
2955 5389 3100 5437 recte
3146 5381 3449 5451 intelliget;

280 5559 327 5590 ³⁷⁵
369 5557 566 5627 Ephes.
628 5571 711 5613 vt.
752 5554 833 5608 12.
913 5553 958 5585 “
986 5552 1172 5607 Matth.
1210 5569 1316 5618 vn,
1357 5552 1442 5611 Η.
1522 5550 1625 5604 ﬂ"l
1668 5550 1773 5606 Cor

212 5629 259 5663 ”
298 5628 457 5683 Cant.
495 5645 580 5683 vi.
618 5627 671 5683 ’1.
703 5627 735 5680 8

1909 5549 1997 5608 21.
2077 5552 2121 5585 ’⁸
2166 5548 2206 5605 ll
2233 5550 2361 5607 Cor.
2398 5564 2472 5615 tv,
2510 5548 2564 5602 3.
2641 5547 2683 5578 ’τ
2725 5544 2883 5600 Cant.
2923 5560 2999 5610 ιι,
3046 5544 3138 5608 l0,
3178 5544 3362 5613 ΗΠ,
3395 5542 3451 5607 2,

347 5638 457 5682 ant.
495 5645 545 5683 vi
567 5670 580 5695 ,
619 5638 671 5689 ’1.

652 5748 919 5807 Parnm.
963 5745 1077 5807 Gn.
1128 5743 1181 5802 Χ
1196 5741 1331 5803 ΧΠ.

3018 5726 3190 5789 .36
