3936 6206
194 270 330 323 1135

1202 266 1496 321 ECLOGE
1535 265 2007 322 PROPHETICIE.
2051 299 2119 306 —
2142 266 2269 322 LIB.
2306 266 2391 322 111.

3281 271 3422 327 HM

193 390 354 452 αὑτός
387 391 532 441 ἐστιν
560 390 589 440 ὁ
617 388 707 441 καὶ
740 389 820 451 είς
844 387 909 442 τὰ
935 388 1211 461 κατώτερα
1237 389 1336 460 τῆς
1360 390 1460 459 γῆς
1496 389 1752 453 καταϐὰς,

1860 386 2069 451 cordia,
2096 402 2218 456 qua:
2243 388 2412 443 maris
2443 386 2712 458 profunda
2737 388 2869 443 mihi
2902 388 3211 459 significare
3239 388 3427 443 viden-

192 491 287 537 καὶ
334 484 413 544 εἰς
458 482 555 551 τὴν
586 480 879 550 λεγομένην
928 481 1151 552 καρδίαν
1200 482 1387 551 αὐτῆς,
1423 483 1611 551 ἥντινα
1659 482 1753 535 νῦν

194 570 556 641 ὑπολαμϐάνω
584 569 762 640 πηγὴν
800 569 1073 640 Θαλάσσης
1100 571 1440 641 ὠνομάσθαιο
1475 572 1554 624 ἔτι
1584 572 1640 625 δὲ
1663 574 1755 625 καὶ

192 668 222 720 ὁ
265 670 319 719 ἐν
350 665 548 735 ἴχνεσιν
596 663 868 734 θαλάσσης
916 665 1309 735 περιπατήσας,
1441 665 1585 735 μόνῳ
1618 666 1757 735 μετὰ

194 757 354 826 φόϐου
375 756 723 827 ἠνεῴχθησαν
748 757 800 808 αἱ
826 754 917 807 τοῦ
941 754 1169 809 θανάτου
1204 756 1386 819 πύλαι,
1415 757 1535 810 καθ’
1562 758 1641 809 ὅτι
1660 758 1756 809 οὐκ

192 845 260 918 ἦν
279 848 496 902 δυνατὸν
527 845 842 917 κρατεῖσθαι
867 845 1025 898 αὑτὸν
1052 847 1142 899 ὑπ’
1170 847 1353 909 αὑτοῦ,
1377 847 1434 899 ὃν
1459 849 1552 900 καὶ
1584 849 1632 899 οἱ
1656 866 1756 899 πυ-

190 941 353 1011 λωροὶ
392 939 481 993 τοῦ
527 939 687 1009 ’ᾍδου
731 937 925 1001 ἰδόντες
956 937 1212 1007 ἔπτηξαν,
1245 938 1477 1009 ὁρῶντες
1520 940 1579 992 τὸ
1610 943 1755 1002 νῖκος

191 1031 287 1084 καὶ
316 1029 373 1081 τὸ
396 1031 636 1099 κέντρον,
662 1030 753 1080 καὶ
777 1027 875 1090 τὰς
903 1028 1095 1091 ὠδῖνας
1119 1028 1211 1081 τοῦ
1240 1028 1467 1082 Θανάτου
1488 1030 1553 1081 δι’
1592 1031 1754 1083 αὑτοῦ

190 1119 643 1191 καθαιρουμένας·
677 1118 814 1188 τάχα
860 1118 915 1171 δὲ
945 1120 1153 1182 τούτοις
1192 1122 1299 1182 τοῖς
1347 1120 1613 1192 πυλωροῖς
1649 1122 1756 1174 τῶν

187 1212 372 1265 ἐνθάδε
397 1211 699 1281 λεγομένων
722 1210 901 1263 πολῶν
925 1210 1016 1263 τοῦ
1035 1210 1263 1265 Θανάτου
1287 1212 1392 1265 ὑπό
1412 1230 1571 1266 τινων
1595 1214 1753 1268 θείων

183 1305 466 1375 δυνάμεων
503 1303 717 1371 ἐλέγετο
755 1303 897 1356 κατὰ
935 1304 1026 1357 τὸν
1072 1304 1260 1374 καιρὸν
1299 1304 1392 1356 τοῦ
1427 1305 1628 1368 πάθους
1665 1307 1755 1360 καὶ

184 1396 285 1466 τῆς
317 1398 397 1458 είς
439 1395 528 1447 τὸν
577 1394 744 1465 ᾍδην
783 1392 874 1447 τοῦ
910 1395 1159 1465 Σωτῆρος
1198 1394 1354 1466 ἡμῶν
1406 1396 1755 1460 καταϐάσεως

184 1486 263 1549 τὸ,
304 1504 323 1535 ι
367 1486 565 1554 ’Λρατε
620 1482 809 1548 πύλας,
850 1486 898 1536 οἱ
940 1484 1215 1555 ἄρχοντες,
1247 1484 1398 1555 ὑμῶν
1443 1487 1533 1538 καὶ
1582 1486 1751 1556 ἐπάρ-

186 1574 333 1645 θητε,
369 1575 532 1628 πύλαι
564 1574 789 1640 αἰώνιοι,
821 1575 914 1627 καὶ
939 1574 1295 1628 εἰσελεύσεται
1320 1578 1348 1628 ὀ
1383 1576 1632 1645 βασιλεὺς
1659 1578 1752 1648 τῆς

183 1668 368 1737 δόξης·
412 1688 429 1720 ι
465 1666 669 1720 αίώνιοι
689 1667 745 1720 δὲ
765 1667 1007 1740 εἴρηνται
1039 1668 1220 1732 πύλαι,
1252 1669 1325 1732 ὡς
1367 1656 1749 1739 ὑπολαμϐάνω,

1863 491 1972 544 tur,
2017 480 2341 550 penetravit.
2388 479 2446 534 1n
2477 481 2794 537 novissimis
2832 498 3048 552 quoque
3104 482 3284 552 abyssi
3333 482 3428 536 de-

1863 572 2180 635 ambulavit,
2228 572 2315 626 cui
2372 572 2475 626 soli
2527 584 2724 644 aperta
2786 582 2916 629 sunt
2963 582 3133 644 porta:
3188 574 3425 639 mortis;

1863 662 2017 718 nefas
2043 665 2242 734 quippe
2278 670 2395 718 erat
2430 679 2551 717 eum
2592 680 2622 717 a
2670 662 2845 720 morte
2880 665 3116 729 devinci,
3146 680 3306 735 quem
3344 668 3428 719 in~

1864 755 2002 810 ferni
2035 755 2247 809 ostiarii
2273 756 2521 810 videntes
2556 758 2970 825 pertimuerunt,
3005 756 3287 809 victoriam
3321 756 3429 810 sci-

1864 848 2009 911 licet,
2041 856 2093 901 et
2126 848 2429 911 stimulum,
2465 855 2519 901 et
2554 849 2770 902 vincula
2802 849 2995 903 mortis
3029 850 3097 903 ab
3123 864 3188 904 co
3218 849 3426 903 sublata

1862 955 1988 993 cum
2021 939 2458 1009 conspexissent.
2494 939 2589 995 His
2619 952 2797 996 autem
2836 942 3078 996 ostiariis
3108 940 3305 995 inferni
3340 940 3423 1009 ja—

1864 1045 2093 1083 nuarum
2123 1045 2153 1082 a
2202 1031 2526 1099 quibusdam
2572 1032 2772 1087 divinis
2814 1033 3172 1103 potestatibus
3223 1032 3428 1086 dictum

1862 1131 1947 1175 est
1980 1130 2223 1191 tempore
2255 1124 2527 1193 passionis
2557 1132 2611 1179 et
2640 1125 2946 1179 Salvatoris
2979 1125 3151 1179 nostri
3194 1123 3260 1177 ad
3291 1122 3429 1177 infe-

1865 1227 1955 1266 ros
1984 1213 2310 1268 descensus:
2342 1233 2359 1265 ι
2392 1213 2638 1270 Attollite
2662 1222 2870 1285 portas.
2895 1215 3193 1287 principes,
3219 1220 3429 1269 vestras

1861 1313 1913 1358 et
1940 1304 2247 1368 elevamini,
2287 1312 2455 1374 porta:
2482 1307 2787 1374 arternales,
2816 1314 2869 1361 et
2898 1306 3143 1361 introibit
3171 1307 3284 1360 Rex
3313 1306 3429 1375 glo-

1863 1398 1956 1450 ria:
1979 1397 2075 1452 θ’.»
2109 1396 2418 1453 Ᾱῐῑειιιιιιιθε
2445 1409 2613 1468 porta:
2648 1398 2925 1463 dicuntur,
2961 1407 3017 1452 ut
3047 1397 3261 1467 Opinor,
3298 1411 3429 1463 quo-

1862 1491 2005 1543 niam
2049 1490 2118 1544 ab
2145 1498 2349 1544 :eterno
2378 1491 2514 1543 nulli
2548 1506 2781 1561 unquam
2820 1498 3045 1559 patuere
3071 1489 3175 1542 nisi
3230 1487 3304 1540 illi
3336 1487 3427 1557 qui

1864 1592 2035 1636 morte
2064 1584 2337 1652 quondam
2376 1584 2622 1638 sublatos
2654 1583 2905 1637 liberavit
2944 1589 2997 1635 et
3030 1580 3096 1634 ad
3140 1580 3304 1633 vitam
3339 1595 3428 1633 re-

1862 1673 2113 1738 vocavit;
2167 1673 2232 1728 de
2265 1690 2373 1743 quo
2422 1675 2507 1728 hic
2557 1673 2799 1727 dicitur:
2847 1692 2864 1723 ‹
2906 1672 3115 1740 Aperta
3162 1678 3289 1726 sunt
3332 1670 3425 1725 tibi

182 1761 269 1814 διά
300 1760 360 1813 τὸ
388 1760 443 1827 ἐξ
462 1759 655 1824 αἰῶνος
691 1760 879 1831 μηδενὶ
917 1760 1058 1831 ἄλλῳ
1092 1759 1260 1823 αὑτὰς
1294 1761 1536 1815 ἀνεῖσθαι
1570 1763 1602 1834 ἦ
1640 1763 1752 1814 τού-

1863 1780 1985 1818 cum
2016 1765 2211 1829 timore
2238 1773 2406 1834 porta:
2432 1768 2643 1829 mortis,
2678 1773 2731 1820 et
2764 1764 2963 1819 inferni
3002 1763 3209 1818 ostiarii
3237 1762 3425 1816 viden-

179 1869 257 1921 τῳ
286 1852 431 1921 μόνῳ
461 1850 539 1921 τῷ
568 1852 661 1903 καὶ
688 1850 813 1913 τοὺς
846 1851 1011 1904 πάλαι
1053 1852 1181 1904 ποτὲ
1218 1851 1623 1915 καταποθέν-τας
1653 1852 1756 1904 ὑπὸ

180 1943 270 1996 τοῦ
313 1943 542 1996 θανάτου
584 1942 872 2014 ῥυσαμένῳ
905 1944 997 1996 καὶ
1050 1942 1471 2014 ζωοποιησαντι·
1520 1945 1649 2015 ’περὶ⁴
1697 1938 1756 1996 οῦ

181 2035 362 2090 ἐνθάδε
394 2036 490 2106 μὲν
519 2037 730 2107 εἴρηται
764 2036 842 2097 τὸ,
866 2054 883 2086 ι
927 2036 1252 2104 Ἀνοίγονται
1284 2035 1339 2089 δέ
1377 2054 1456 2091 σοι
1484 2036 1631 2106 φόϐῳ
1660 2037 1758 2089 πύ-

179 2126 261 2179 λαι
297 2127 548 2191 θανάτου,
573 2127 810 2199 πυλωροὶ
834 2126 889 2181 δὲ
923 2126 1083 2197 ᾍδου
1142 2127 1337 2190 ἰδόντες
1361 2144 1418 2179 σε
1446 2127 1699 2198 ἔπτηξανο
1735 2149 1751 2178 ι

178 2223 232 2273 ἐν
260 2220 320 2274 δὲ
348 2219 423 2290 τῷ
456 2218 545 2290 pg’
567 2218 765 2290 ψαλμῷ
786 2219 864 2283 τὸ,
902 2238 919 2267 ι
962 2219 1085 2271 ’Ὀτι
1108 2219 1389 2290 συνέτριψε
1426 2219 1597 2283 πύλας
1627 2221 1754 2289 χαλ-

177 2313 298 2375 κᾶς,
346 2332 364 2364 ι
399 2312 497 2364 οὐκ
522 2311 686 2374 ἄλλας
726 2311 910 2375 οὔσας,
952 2314 1033 2377 ὡς
1058 2310 1229 2383 οἶμαι,
1274 2314 1306 2385 ἢ
1343 2313 1440 2377 τὰς
1469 2333 1487 2364 ‹
1526 2315 1618 2367 τοῦ
1657 2314 1754 2368 θα-

176 2407 361 2468 νάτου,
389 2405 485 2457 καὶ
535 2404 761 2474 μοχλοὺς
796 2405 1045 2476 σιδηροῦς
1082 2405 1416 2477 συνέτριψεν,
1464 2427 1481 2457 ι
1512 2408 1667 2478 δῆλον
1709 2409 1753 2461 δ’

174 2499 251 2550 ὅτι
290 2498 421 2561 τοῦς
463 2496 570 2549 τῶν
600 2498 1010 2569 προειρημένων
1052 2498 1253 2551 πυλῶν.
1297 2500 1481 2553 Ταῦτα
1522 2501 1619 2570 μὲν
1660 2496 1752 2554 οῦν

177 2592 303 2660 ἡμῖν
336 2591 411 2651 ὡς
438 2589 503 2642 ἂν
531 2589 715 2661 μηδενὶ
742 2590 912 2659 ἑτέρῳ
942 2589 1071 2660 ἦτῷ
1099 2591 1316 2662 Χριστῷ
1347 2591 1651 2662 ἁρμόζοντα
1675 2595 1751 2658 είς

174 2682 338 2735 αὐτὸν
364 2680 673 2751 ἐξείληπται
698 2698 711 2711 ο
737 2681 897 2744 αὐτὸς
921 2681 1028 2751 γάρ
1060 2682 1204 2734 ἐστιν
1240 2676 1283 2747 ᾧ
1313 2685 1487 2736 πᾶσαν
1515 2682 1611 2753 τὴν
1633 2685 1753 2754 κρί-

176 2790 252 2826 σιν
303 2772 505 2825 ἔδωκεν
534 2774 560 2824 ὁ
594 2772 801 2843 Πατὴρ,
838 2771 975 2825 ὥστε
1010 2773 1169 2825 αὐτὸν
1214 2776 1464 2845 ἀφαιρεῖν
1508 2775 1605 2845 μὲν
1647 2776 1753 2828 ἀπὸ

173 2865 386 2918 ἀσεϐῶν
419 2866 479 2917 τὸ
525 2863 657 2933 φῶς,
702 2863 990 2935 βραχίονας
1026 2864 1082 2916 δὲ
1126 2866 1484 2936 ὑπερηφάνων
1535 2868 1749 2938 συντρί-

174 2958 284 3010 ϐειν
307 2975 322 2987 ·
351 2959 398 3009 εἰ
426 2956 482 3009 δέ
513 2973 595 3019 τις
624 2956 749 3024 περὶ
774 2952 870 3007 τοῦ
892 2954 998 3007 τῶν
1025 2955 1160 3007 ὅλων
1186 2953 1319 3006 Θεοῦ
1350 2954 1553 3026 οἰηθείη
1578 2955 1747 3009 ταῦτα

172 3048 448 3115 λέγεσθαι,
470 3044 816 3115 ἐπιστησάτω
835 3046 881 3096 εί
910 3043 1128 3105 εὐσεϐές
1152 3044 1298 3096 ἐστιν
1328 3044 1417 3095 τὸν
1452 3045 1745 3111 φάσκοντα,

1863 1867 1942 1912 tes
1975 1864 2028 1912 te
2056 1859 2474 1929 pertimuerunt.
2524 1878 2543 1910 ι
2572 1857 2636 1912 Et
2678 1857 2732 1911 in
2766 1858 3066 1913 centesimo
3096 1864 3251 1911 sexto
3285 1857 3433 1925 psal-

1861 1964 1985 2003 mo:
2028 1969 2046 1999 ι
2087 1949 2360 2004 Contrivit
2394 1957 2578 2019 portas
2624 1964 2793 2005 aereas
2820 1950 2886 2011 ³⁸,
2926 1968 2943 1999 ι
2977 1948 3168 2002 mortis
3202 1946 3430 2007 scilicet.

1860 2048 1919 2093 ut
1944 2041 2074 2094 milii
2110 2041 2343 2103 videtur,
2376 2060 2393 2091 ‹
2423 2050 2475 2096 et
2510 2049 2689 2096 vectes
2726 2040 2930 2095 ferreos
2966 2037 3251 2108 confregit,
3288 2056 3307 2089 ι
3336 2037 3432 2091 lia-

1860 2146 1978 2184 rum
2019 2148 2213 2201 nempe
2239 2140 2539 2202 portarum.
2577 2132 2708 2197 Quae
2740 2131 2958 2202 quidem
2995 2131 3153 2185 nobis
3181 2130 3248 2185 de
3281 2130 3433 2183 null)

1858 2220 1985 2285 alio,
2033 2220 2137 2273 nisi
2198 2221 2262 2275 de
2322 2220 2543 2276 Christo
2573 2221 2921 2291 intelligenda
2982 2221 3257 2275 videntur.
3314 2217 3433 2289 Ipse

1856 2312 1998 2365 enim
2035 2319 2138 2377 est,
2170 2313 2258 2365 cui
2302 2327 2464 2367 omne
2493 2311 2763 2380 judicium
2803 2310 2952 2366 dedit
2975 2310 3161 2373 Pater,
3204 2310 3272 2363 ad
3328 2326 3429 2364 au.-

1858 2401 2134 2456 ferendam
2170 2404 2238 2457 ab
2270 2404 2451 2473 impiis
2485 2404 2680 2467 lucem,
2711 2413 2764 2456 et
2814 2403 3041 2457 brachia
3088 2402 3428 2458 excelsorum

1857 2496 2272 2565 confringenda.
2310 2496 2440 2562 Quae
2470 2498 2514 2552 si
2554 2496 2676 2567 quis
2715 2496 3053 2551 existimaret
3080 2494 3147 2549 de
3187 2496 3427 2549 omnium

1858 2588 1968 2642 Deo
1996 2587 2127 2654 dici,
2156 2596 2370 2658 reputet
2406 2604 2473 2643 an
2500 2591 2646 2659 pium
2677 2596 2822 2644 esset
2852 2588 3004 2652 illud,
3048 2606 3066 2637 ι
3090 2574 3206 2642 Non
3228 2588 3424 2641 coelum

1856 2690 1910 2733 et
1962 2688 2165 2733 terram
2216 2695 2315 2749 ego
2370 2681 2577 2752 replco,
2639 2680 2771 2734 dicit
2824 2679 3086 2736 Dominus
3114 2679 3180 2746 ³⁹,
3213 2698 3230 2730 ι
3268 2679 3427 2746 cujus

1862 2790 1880 2822 ι
1910 2776 2106 2827 emtum
2147 2773 2398 2835 thronus,
2436 2782 2687 2843 terraque
2702 2774 2995 2828 scabellum
3026 2772 3277 2842 pedum"°
3307 2791 3325 2823 ι
3361 2772 3428 2823 ab

1857 2865 1950 2917 illo
1983 2864 2090 2920 Deo
2136 2863 2243 2920 dici
2293 2866 2385 2935 qui
2423 2865 2606 2920 omnia
2652 2865 3047 2933 complectitur,
3084 2865 3168 2919 vel
3210 2865 3425 2937 opinari

1855 2971 1978 3009 eum
2027 2971 2191 3025 super
2237 2971 2386 3012 mare
2437 2957 2827 3013 ambulavisse.
2876 2955 3085 3023 Quidve
3136 2956 3335 3009 mirum
3371 2965 3428 3015 ei

1859 3047 2101 3101 increata
2161 3055 2357 3101 natura
2412 3048 2669 3118 dignum,
2720 3048 2876 3119 quasi
2930 3048 3160 3103 sublime
3210 3046 3427 3105 facinus

178 3160 194 3190 ε
218 3141 359 3210 Οὐχὶ
380 3138 467 3191 τὸν
483 3137 707 3206 οὐρανὸν
736 3138 830 3189 καὶ
850 3136 943 3205 τὴν
975 3136 1075 3209 γῆν
1106 3134 1215 3201 ἐγὼ
1240 3133 1456 3204 πληρῶ,
1477 3134 1623 3201 λέγει
1643 3134 1752 3185 Κύ-

1862 3139 2044 3192 dicere
2069 3139 2310 3207 patuisse
2338 3141 2385 3194 ei
2418 3141 2609 3195 mortis
2651 3142 2883 3209 portas?
2923 3139 3178 3211 Nunquid
3208 3141 3428 3196 deceret

175 3249 307 3304 ριος,
351 3250 367 3281 ›
399 3225 459 3284 οῦ
494 3250 510 3279 ι
547 3232 574 3281 ὁ
598 3228 824 3299 οὐρανὸς
848 3226 1051 3298 θρόνος,
1088 3227 1120 3295 ἡ
1154 3224 1209 3277 δὲ
1240 3224 1310 3293 γῆ
1334 3223 1619 3283 ὑποπόδιον
1641 3224 1747 3276 τῶν

173 3324 372 3387 ποδῶν,
418 3341 436 3374 ι
467 3323 554 3375 τὸν
600 3320 992 3392 ἐμπεριέχοντα
1040 3317 1107 3375 τὰ
1157 3318 1330 3370 πάντα
1381 3316 1514 3368 Θεὸν
1566 3316 1750 3371 τοῦτον

171 3418 427 3486 φάσκειν,
457 3416 488 3486 ἢ
521 3415 623 3468 κᾶν
647 3416 843 3467 ἐννοεῖν
867 3414 923 3463 ὲν
954 3410 1120 3479 ἴχνεσι
1150 3408 1423 3479 θαλάσσης
1449 3425 1752 3479 περιπεπα-

167 3511 434 3583 τηκέναιο
467 3509 518 3560 τί
563 3509 619 3561 δὲ
651 3508 743 3560 καὶ
786 3504 1113 3575 θαυμαστὸν,
1148 3502 1181 3573 ἢ
1231 3501 1377 3566 ἄξιον
1408 3501 1507 3571 τῆς
1558 3501 1752 3570 ἀγενή-

168 3622 257 3657 του
298 3602 536 3673 φύσεως,
572 3601 758 3670 ὥσπερ
796 3598 936 3668 μέγα
969 3615 1020 3648 τι
1051 3595 1278 3665 φάσκειν
1300 3593 1580 3664 ἡνεῴχθαι
1609 3592 1754 3663 αὐτῷ

166 3696 263 3759 τὰς
294 3694 396 3747 τοῦ
442 3694 669 3746 θανάτου
712 3690 915 3753 πύλας;
960 3684 1067 3759 ἆρα
1100 3686 1156 3739 δὲ
1200 3685 1399 3757 πρέποι
1445 3685 1511 3737 ἂν
1536 3684 1611 3754 τῷ
1644 3683 1752 3736 τῶν

169 3787 304 3839 ὅλων
339 3784 458 3853 Θεῷ
484 3784 557 3845 ὠς
591 3782 734 3853 μέγα
761 3800 810 3834 τι
838 3780 931 3833 καὶ
967 3777 1265 3849 παράδοξον
1299 3777 1425 3841 περὶ
1458 3776 1647 3834 ἑαυτοῦ
1671 3776 1749 3827 δι-

170 3875 492 3948 εξέρχεσθαι
518 3875 578 3926 τὸ
594 3874 719 3936 τοὺς
747 3872 1029 3943 πυλωροὺς
1050 3871 1141 3925 τοῦ
1162 3871 1326 3923 ’Ἄδου
1359 3870 1562 3930 ἰδόντας
1589 3867 1747 3919 αὑτὸν

1858 3230 2102 3283 omnium
2138 3229 2329 3293 Deum,
2362 3232 2520 3299 quasi
2553 3247 2807 3302 magnum
2840 3232 3111 3302 quoddam
3142 3239 3304 3302 atque
3335 3232 3425 3286 vix

1859 3318 2190 3374 credendum
2232 3320 2299 3374 de
2338 3336 2397 3374 se
2432 3320 2551 3389 ipso
2590 3322 2886 3390 praedicare
2939 3321 3137 3377 inferni
3171 3321 3425 3377 ostiarios

1860 3411 1978 3481 ipso
2011 3412 2127 3466 viso
2166 3412 2567 3466 contremuisse
2596 3413 2618 3464 ?
2648 3412 2908 3482 Equidem
2940 3430 3049 3467 non
3087 3413 3283 3484 opinor
3313 3413 3425 3467 haec

1860 3501 1927 3555 de
1959 3517 2025 3556 eo
2054 3502 2183 3566 dici,
2219 3502 2312 3557 sed
2344 3503 2431 3571 pie
2458 3516 2521 3555 ac
2546 3502 2599 3555 vi
2630 3504 2777 3556 nulla
2799 3504 3047 3573 adoptari
3070 3514 3300 3575 possunt
3330 3504 3424 3561 Dei

1866 3588 2062 3657 Verbo,
2100 3590 2367 3646 Salvatori
2400 3589 2741 3660 Dominoque
2788 3600 2978 3645 nostro
3018 3591 3147 3647 Jesu
3185 3592 3423 3658 Christo,

1860 3683 1952 3751 qui
1987 3683 2148 3736 homo
2196 3683 2370 3737 factus
2416 3694 2519 3749 est,
2556 3691 2786 3736 mortem
2835 3683 2976 3746 tulit,
3018 3684 3366 3753 surrexitque
3397 3700 3424 3739 a

1859 3777 2088 3830 mortuis
2150 3774 2329 3828 divina
2401 3782 2669 3845 potestate
2702 3814 2718 3838 ,
2781 3784 3112 3845 acceptaque
3176 3790 3204 3827 a
3268 3774 3426 3829 Patre

1856 3869 2079 3923 virtute.

170 3966 507 4038 ὲπτφιέναις
548 3965 683 4017 Ἀλλ’
718 3964 856 4033 (οὐκ)
886 3960 1037 4034 οἶμαι
1094 3962 1262 4015 ταῦτα
1292 3962 1421 4032 περὶ
1454 3960 1619 4017 αὑτοῦ
1680 3960 1955 4028 λέγεσθαι,
1987 3962 2206 4014 δύναταὶ
2238 3979 2300 4029 γε
2374 3961 2480 4032 μὴν
2516 3961 2844 4032 ἐφαρμόζειν
2878 3960 3111 4023 εὐσεϐῶς
3136 3960 3227 4013 καὶ
3265 3958 3423 4013 ἀδιά-

171 4076 312 4123 στως
341 4058 433 4109 ἐστὶ
459 4057 550 4109 τὸν
595 4055 689 4109 τοῦ
719 4056 853 4110 Θεοῦ
887 4056 1077 4121 Λόγον,
1112 4055 1200 4108 τὸν
1242 4055 1468 4124 Σωτῆρα
1516 4053 1608 4104 καὶ
1641 4053 1841 4123 Κύριον
1863 4053 2020 4124 ήμῶν
2056 4052 2261 4123 Ἰησοῦν
2323 4052 2574 4125 Χριστὸν,
2627 4053 2717 4105 τὸν
2765 4052 3278 4124 ἐνανθρωπήσαντα,
3333 4053 3425 4105 καὶ

171 4153 404 4207 θάνατον
442 4152 826 4222 ὑπομείναντα,
859 4150 1164 4204 ἀναστάντα
1197 4167 1253 4203 τε
1289 4150 1350 4207 ἐκ
1384 4148 1588 4218 νεκρῶν
1617 4147 1751 4219 μετὰ
1793 4148 1940 4213 θείας
1967 4149 2245 4221 δυνάμεως
2274 4150 2366 4203 καὶ
2408 4148 2507 4220 τῆς
2535 4147 2778 4217 δοθείσης
2807 4146 2953 4219 αὐτῷ
2995 4143 3143 4223 παρὰ
3179 4144 3270 4197 τοῦ
3321 4143 3426 4203 Πα-

168 4246 295 4317 τρδς
333 4243 596 4309 ἐξουσίας.

719 4360 1108 4413 ΚΕΦᾹΛΑΙΟΝ
1137 4358 1210 4409 9’.

820 4474 929 4529 Τοῦ
973 4474 1116 4528 Ἰώό.

241 4588 418 4642 Πάλιν
452 4591 479 4641 ὁ
511 4587 713 4659 Κύριος
744 4590 798 4640 ὲν
838 4586 914 4657 τῷ
949 4587 1084 4657 πρὸς
1111 4586 1202 4638 τὸν
1242 4583 1357 4639 Ἰὼϐ
1388 4584 1755 4654 χρηματισμῷ

171 4681 231 4747 (l'.
254 4680 356 4749 29)
393 4680 519 4751 περὶ
554 4678 647 4733 τοῦ
679 4680 966 4751 δράκοντος
1013 4679 1388 4748 διαλεγόμενός
1416 4692 1596 4745 φησιν,
1628 4694 1644 4724 ι
1681 4676 1753 4728 Οὐ

172 4773 445 4835 δέδοικας,
475 4774 555 4825 δτι
594 4772 913 4843 ἡτοίμασται
950 4789 1071 4843 μοι;
1111 4792 1128 4823 ι
1164 4772 1324 4840 φησιν
1366 4770 1445 4822 ὅτι
1482 4771 1510 4822 ὁ
1544 4768 1757 4839 δράκων

170 4864 271 4915 οῦκ
302 4862 462 4925 ἄλλος
498 4863 572 4916 ὣν
596 4863 687 4915 τοῦ
721 4863 985 4916 διαϐόλου.
1004 4864 1145 4933 Ὅρα
1158 4859 1249 4914 οὖν
1275 4863 1322 4913 εί
1340 4860 1485 4926 ἄξιον
1509 4861 1753 4929 ὑπολαμ-

174 4957 364 5010 ϐάνειν
389 4956 477 5009 τὸν
493 4957 600 5009 τῶν
624 4957 759 5009 ὅλων
784 4957 915 5009 Θεὸν
935 4957 1088 5009 τοῦτο
1115 4957 1362 5025 φάσκειν·
1380 4954 1663 5027 ἁρμόζοιδ⁹
1688 4953 1750 5006 ἂν

176 5049 384 5118 μᾶλλον
421 5049 496 5119 τῷ
530 5049 717 5120 Κυρίῳ
753 5049 845 5100 καὶ
877 5049 1084 5118 Σωτῆρι
1130 5047 1305 5117 ἡμῶν,
1339 5041 1383 5114 ᾧ
1429 5048 1571 5116 μόνῳ
1611 5046 1752 5116 ἡτοί-

178 5142 440 5210 μασταιὸ
470 5141 572 5194 ὑπὸ
603 5140 827 5210 μηδενὸς
860 5141 1041 5211 ἐτέρου
1064 5139 1321 5209 νικηθεὶς,
1349 5139 1529 5210 σχεδὸν
1554 5137 1610 5190 δὲ
1642 5137 1750 5190 τῶν

176 5234 397 5286 πάντων
450 5230 816 5303 ὑπερισχύσας
853 5230 1110 5293 διάϐολος,
1154 5231 1335 5283 ὅντινα
1389 5229 1547 5299 μόνος
1592 5228 1752 5289 αὐτὸς

176 5328 205 5377 ὁ
236 5326 456 5378 πάντων
515 5324 854 5394 ἰσχυρότερος
895 5321 986 5374 τοῦ
1022 5322 1152 5374 Θεοῦ
1207 5322 1375 5389 Λόγος
1423 5318 1753 5389 ἐχειρώσατο

178 5418 322 5470 κατὰ
356 5417 436 5479 τὸ,
472 5435 488 5464 ι
538 5418 594 5469 Ὀ
630 5416 834 5486 μέλλων
862 5415 921 5466 τὸ
958 5415 1096 5484 μέγα
1130 5413 1291 5482 κῆτος
1317 5408 1702 5481 χειριῖ›σασθαι’
1731 5428 1747 5458 ι

178 5509 206 5560 ὃ
242 5511 336 5561 καὶ
373 5509 771 5580 χειρωσάμενος
828 5506 1045 5577 θαρσεῖν
1092 5509 1201 5567 τοῖς
1243 5502 1435 5557 ἑαυτοῦ
1488 5501 1753 5572 μαθηταῖς

342 5665 459 5719 Ρςηιὶ
521 5685 648 5720 “tu
675 5708 687 5729 ,
725 5669 774 5720 7.
881 5667 919 5693 δη
959 5664 1102 5717 Psal.
1139 5679 1260 5727 CVI,
1302 5663 1381 5717 16.

184 5749 246 5791 ιιι
272 5778 286 5798 ,
322 5738 370 5789 8.

1496 5662 1535 5689 ³³
1577 5657 1686 5711 Jer.
1725 5669 1894 5720 χχιιι,
1924 5652 2014 5706 21.

2476 4348 2702 4404 CAPUT
2748 4348 2832 4403 IX.

2537 4462 2586 4516 E
2626 4461 2749 4517 Job.

1926 4580 2161 4635 Rursum
2190 4578 2451 4633 Dominus
2498 4578 2552 4631 in
2585 4592 2682 4633 sua
2724 4575 2791 4629 ad
2834 4574 2936 4629 Job
2978 4576 3315 4645 apparitione
3357 4577 3423 4631 de

1855 4675 2089 4728 dracone
2129 4672 2431 4726 collocutus
2462 4670 2599 4725 dixit
2634 4685 2647 4720 :
2687 4686 2705 4719 ‹
2741 4666 2931 4722 Nonne
2963 4668 3121 4721 times
3152 4669 3293 4737 quod
3326 4684 3415 4737 pa-

1856 4774 2035 4819 ratum
2056 4773 2137 4821 est
2160 4763 2290 4817 mihi
2312 4762 2354 4793 “
2379 4763 2403 4814 ?
2434 4780 2453 4813 ι
2479 4760 2773 4816 ostendens
2797 4760 3087 4814 draconem
3109 4775 3216 4812 non
3256 4760 3418 4811 alium

1851 4876 1973 4915 esse
2002 4875 2063 4913 ac
2090 4859 2387 4914 diabolum.
2423 4855 2558 4911 Vide
2589 4856 2752 4926 igitur
2780 4871 2849 4909 an
2882 4855 3101 4925 dignum
3128 4860 3273 4907 esset
3304 4852 3420 4905 exi-

1852 4953 2075 5006 stimare
2129 4951 2371 5003 omnium
2406 4948 2575 5004 Deum
2608 4950 2711 5003 hoc
2743 4947 2957 5010 dicere;
2988 4944 3183 4999 melius
3217 4957 3416 4997 conve—

1850 5044 1995 5099 niret
2025 5042 2156 5096 illud
2191 5040 2421 5095 Domino
2448 5050 2501 5096 et
2534 5039 2799 5094 Salvatori
2832 5046 3039 5098 nostro,
3070 5036 3156 5089 cui
3185 5034 3285 5089 soli
3318 5050 3415 5104 pa-

1850 5141 2002 5188 ratus
2031 5139 2115 5187 est
2140 5131 2229 5185 ille
2272 5145 2432 5200 quem
2484 5143 2643 5184 nemo
2686 5140 2923 5195 unquam
2954 5124 3179 5185 vicerat,
3219 5120 3420 5190 quique

1853 5224 2096 5279 omnium
2123 5224 2233 5277 fere
2262 5221 2545 5275 exstiterat
2566 5220 2758 5279 victor,
2787 5217 3054 5279 diabolus,
3082 5231 3240 5282 quem
3268 5216 3419 5269 solus

1854 5317 1980 5387 ipse
2004 5317 2243 5370 omnium
2278 5313 2629 5377 fortissimus,
2667 5310 2758 5365 Dei
2794 5308 3026 5364 Verbum
3073 5308 3293 5370 devicit,
3332 5322 3417 5361 sec

1855 5412 2086 5461 cundum
2128 5406 2259 5461 illud
2310 5423 2322 5459 ε
2393 5422 2413 5454 ‹
2467 5402 2569 5469 Qui
2617 5414 2873 5472 magnum
2934 5408 3051 5456 cete
3104 5401 3416 5456 devicturus

1856 5505 1939 5551 est
1968 5496 2031 5550 δ’.
2076 5516 2091 5547 ι
2122 5494 2240 5560 Quo
2278 5494 2419 5547 enim
2464 5494 2758 5551 substrato,
2802 5491 3098 5559 discipulos
3129 5505 3257 5545 suos
3287 5507 3415 5546 cnn-

2719 5645 2760 5677 "
2804 5643 2903 5700 .lob
2939 5660 3045 5709 xu,
3089 5646 3135 5698 l.
3234 5647 3275 5676 δ’
3311 5643 3413 5699 Job

2128 5652 2171 5683 ⁸ο
2211 5650 2313 5705 lsa.
2353 5663 2474 5703 L.\'\'l
2503 5690 2516 5716 ,
2554 5647 2602 5700 l.
