3936 6206
242 362 379 417 “37

1257 360 1555 418 ECLOGE
1595 360 2077 418 ΡΒΟΡΗΕἸἸΕᾸΞ.
2113 394 2180 405 --
2219 360 2348 418 LIB.
2389 360 2477 417 III.

3330 362 3483 418 “38'

240 479 369 530 λεσα
396 476 484 529 τὸν
514 476 625 528 υἱόν
654 493 773 546 μου·
814 495 831 528 ι
873 478 1055 547 σαφῶς
1076 478 1183 549 γὰρ
1215 479 1467 549 δηλοῦται
1505 482 1537 551 ἡ
1572 480 1810 554 ἀποϐολὴ

1922 481 2006 548 iit;
2031 482 2101 535 ita
2126 489 2182 535 ut
2203 480 2474 535 diceretur
2497 498 2509 532 :
2536 497 2553 531 ι
2582 478 2734 534 Mane
2770 480 3083 549 pertransiit
3110 496 3200 537 rex
3232 479 3418 537 Israel.
3442 500 3464 534 ο

242 566 341 635 τῆς
365 563 461 617 τοῦ
509 564 723 636 Ἰσραὴλ
754 565 1045 636 βασιλείας,
1080 569 1201 639 ἥτις
1234 569 1394 641 μέχρι
1437 572 1534 640 τῆς
1568 570 1664 623 τού
1696 572 1808 623 Σω-

242 657 404 727 τῆρος
429 655 588 727 ἡμῶν
618 658 936 726 ἐπιφανείας
965 662 1204 713 συστᾶσα
1234 662 1291 728 ἐξ
1322 663 1488 732 αὐτῆς
1507 665 1808 734 ἀπερρίφη,

244 749 335 801 καὶ
360 747 764 819 κατεσιωπήθη·
794 749 868 813 ὡς
892 749 981 802 διὰ
1011 751 1168 804 τοῦτο
1191 753 1436 824 εἰρῆσθαι
1457 753 1535 816 τὸ,
1563 774 1579 804 ι
1604 756 1691 806 Ἐν
1719 754 1810 826 ὅρ-

244 840 356 911 θρῳ
381 840 764 911 κατεσιωπήθη
793 841 1040 911 βασιλεὺς
1066 845 1298 916 Ἰσραήλ·
1325 867 1341 897 ι
1366 845 1558 917 ὄρθρον
1580 847 1676 916 τὴν
1692 849 1812 899 ἐπι-

247 934 467 1001 φάνειαν
497 933 590 984 καὶ
620 934 719 1003 τὴν
747 934 866 987 τότε
897 935 1118 1008 πρώτην
1145 940 1224 1001 είς
1262 939 1467 1002 πάντας
1497 938 1813 1010 ἀνθρώπους

244 1024 501 1096 ἀνατολὴν
528 1024 621 1077 τοῦ
652 1025 794 1078 θείου
819 1028 990 1094 Λόγου
1022 1030 1121 1099 τῆς
1161 1031 1494 1100 προφητείας
1522 1030 1814 1100 δνομαζούο

246 1132 346 1185 σης
398 1133 416 1165 ι
458 1117 515 1167 ὲν
555 1115 755 1187 ὄρθρῳ·
807 1135 824 1167 ι
883 1117 1100 1171 δύναται
1155 1120 1247 1171 καὶ
1294 1120 1422 1189 περὶ
1474 1118 1569 1171 τοῦ
1638 1118 1813 1190 ’11ρώ-

238 1204 331 1258 δου
389 1204 843 1276 προθεσπίζεσθαι
896 1207 986 1271 τὸ,
1041 1225 1058 1258 ‹
1120 1208 1505 1278 κατεσιωπήθη
1561 1207 1813 1277 βασιλεὺς

255 1296 494 1367 Ἰσραήλ·
533 1315 550 1348 ι
594 1295 667 1359 ὡς
710 1295 795 1350 διὰ
836 1298 928 1351 τὸν
977 1298 1407 1370 παραλογισμὸν,
1449 1299 1507 1351 ὃν
1547 1298 1812 1353 πέπονθεν

242 1388 353 1443 ὕπὸ
384 1388 489 1442 τῶν
519 1388 703 1460 μάγων
729 1390 819 1443 ἐπὶ
845 1394 910 1461 τῇ
940 1390 1032 1444 τοῦ
1061 1392 1311 1463 Σωτῆρος
1341 1392 1496 1462 ἡμῶν
1525 1391 1754 1459 γενέσει,
1777 1391 1812 1445 ἃ

241 1481 337 1533 καὶ
367 1480 710 1551 συμϐέϐηκεν
750 1482 837 1535 διὰ
875 1483 973 1553 τὴν
1004 1483 1098 1536 τοῦ
1141 1484 1354 1555 Πατρὸς
1391 1483 1519 1555 περὶ
1555 1484 1645 1535 τὸν
1684 1482 1812 1537 ἴδιον

242 1572 408 1625 παῖδα
426 1572 517 1625 τὸν
542 1571 745 1642 Κύριον
779 1573 933 1644 ἡμῶν
973 1573 1174 1645 Ἰησοῦν
1205 1575 1435 1647 Χριστὸν
1465 1575 1707 1646 ἀγάπην,
1738 1575 1812 1638 ὼς

241 1666 338 1719 καὶ
365 1668 419 1719 ἐν
440 1665 624 1727 ἄλλαις
640 1665 998 1736 προφητείαις
1027 1668 1241 1738 Ἰσραὴλ
1267 1669 1359 1721 καὶ
1386 1666 1622 1722 ἐνταῦθα
1646 1685 1814 1739 προσ-

242 1756 653 1828 αγορευόμενον’
699 1758 759 1811 ὃν
798 1758 938 1811 κατὰ
964 1757 1150 1829 καιρὸν
1180 1759 1275 1829 μὲν
1302 1758 1690 1829 ᾠκονομήσατο
1718 1758 1810 1809 ὲ-πὶ

1919 573 2071 628 Mane
2100 571 2590 626 manifestationem
2623 570 2912 641 signiticat,
2946 572 3282 642 primamque
3302 574 3472 629 divini

1917 662 2079 716 Verbi
2108 662 2173 714 ad
2205 661 2455 717 homines
2511 660 2919 716 revelationem.‘
2948 659 3247 716 Possumus
3297 673 3351 717 et
3404 664 3473 718 de

1915 752 2126 806 Herode
2156 751 2268 804 hzec
2294 750 2638 819 interpretari
2662 769 2675 803 :
2703 768 2720 801 ι
2750 747 3071 804 Pertransiit
3105 765 3195 805 rex
3233 750 3424 815 Israel;
3448 769 3466 801 ι

1913 842 2069 911 quasi
2107 849 2324 911 propter
2353 852 2593 895 errorem
2626 855 2784 909 quem
2818 854 3011 910 passus
3042 848 3124 895 est
3157 855 3187 893 a
3217 841 3387 909 magis
3416 840 3471 893 in

1922 930 2218 986 Salvatoris
2268 930 2439 985 nostri
2490 931 2795 995 nativitate;
2852 930 2995 1000 quod
3043 932 3238 987 accidit
3294 932 3472 986 Patris

1914 1040 2098 1078 amore
2128 1024 2179 1077 in
2215 1024 2490 1095 proprium
2516 1039 2743 1093 puerum
2783 1022 3068 1078 Dominum
3115 1033 3359 1080 nostrum
3390 1025 3475 1081 ιε.

1914 1133 2031 1172 sum
2062 1116 2361 1179 Christum,
2391 1116 2532 1171 sicut
2563 1115 2616 1168 in
2641 1114 2762 1170 aliis
2792 1115 3086 1184 prophetiis
3109 1114 3272 1172 Israel
3304 1126 3353 1173 et
3384 1106 3471 1175 hic

1915 1208 2251 1261 nominatum
2280 1226 2292 1274 ;
2328 1222 2436 1277 quo
2464 1205 2680 1276 quidem
2712 1214 2954 1276 tempore
2980 1205 3120 1276 jussi
3152 1219 3277 1263 sunt
3308 1208 3475 1264 simul

1915 1297 2115 1370 Ioseph
2140 1312 2192 1353 et
2215 1310 2383 1354 mater
2405 1300 2458 1353 in
2481 1296 2772 1369 Egyptum
2796 1299 3090 1369 proﬁcisci,
3127 1315 3249 1355 cum
3280 1315 3472 1356 neces-

1916 1392 2048 1446 sitas
2080 1393 2398 1461 requireret,
2428 1390 2741 1446 insidiatum
2781 1392 2828 1445 ei
2862 1406 3064 1462 regem.
3098 1389 3363 1447 Herodem
3393 1393 3474 1447 vi.

1915 1481 2129 1548 delicet,
2155 1491 2363 1536 constat
2388 1482 2812 1551 prictermissum
2843 1481 3039 1537 fuisse.
3064 1480 3275 1537 Rursus
3297 1482 3474 1553 ipsum

1916 1572 2128 1628 Herode
2160 1581 2374 1627 mortuo
2428 1580 2643 1628 revocat
2695 1582 3057 1643 congruenter
3105 1590 3227 1628 cum
3256 1589 3320 1629 ea
3356 1588 3478 1644 qua:

1914 1669 2073 1724 nobis
2109 1669 2160 1722 in
2195 1668 2443 1721 manibus
2470 1675 2555 1721 est
2584 1666 2882 1737 prophetia.
2923 1665 2978 1721 Si
3009 1667 3132 1737 quis
3161 1667 3227 1722 ad
3260 1665 3474 1722 Iudaeo-

1914 1774 2032 1813 rum
2064 1760 2320 1828 populum
2354 1757 2467 1810 haec
2496 1757 2694 1811 referat
2724 1755 2912 1811 dicens
2944 1756 3011 1811 de
3060 1757 3258 1827 populo
3287 1757 3479 1822 Israel,

240 1848 342 1918 τὴν
374 1850 641 1916 Αἴγυπτον
673 1850 788 1920 ἅμα
817 1848 894 1920 τῷ
941 1850 1134 1921 Ἰωσὴφ
1160 1850 1252 1903 καὶ
1283 1852 1348 1920 τῇ
1388 1851 1555 1921 μητρὶ
1582 1850 1812 1920 ἀπᾶραι,

1922 1854 2120 1923 pepulo
2173 1851 2609 1905 circumcisionis
2646 1849 2763 1904 haec
2813 1850 3043 1912 narrari,
3094 1849 3334 1904 attendat
3368 1865 3478 1905 ser-

238 1942 327 1993 ὅτε
349 1943 441 1993 καὶ
463 1942 618 2012 χρεία
641 1942 824 1995 ἐκάλει
846 1942 937 1995 τὸν
963 1942 1379 1995 ἐπιϐουλεύοντα
1399 1943 1546 2014 αύτῷ
1569 1943 1809 2012 βασιλέα,

238 2033 397 2104 δῆλον
437 2034 519 2086 ὅτι
562 2034 653 2087 τὸν
711 2033 979 2106 Ἡρώδην,
1033 2035 1530 2105 κατασιωπηθῆναι·
1578 2032 1732 2099 αὖθις
1769 2036 1812 2089 δ’

241 2124 404 2176 αὑτὸν
449 2123 640 2177 τούτου
674 2124 1096 2196 τελευτήσαντος
1128 2127 1476 2180 ἀνακαλεῖται
1511 2127 1814 2190 ἀκολούθως

243 2218 314 2286 τῇ
348 2217 486 2286 μετὰ
533 2219 720 2287 χεῖρας
762 2217 1088 2289 προφητείᾳ.
1127 2218 1190 2270 Εἰ
1225 2218 1270 2271 δ’
1300 2219 1391 2271 ἐπὶ
1425 2218 1517 2270 τὸν
1554 2217 1814 2271 Ἰουδαίων

238 2308 369 2362 λαὸν
421 2307 596 2361 ταῦτά
644 2326 728 2373 τις
779 2309 1039 2382 ἀναφέροι
1094 2309 1315 2379 φάσκων
1364 2311 1489 2380 περὶ
1540 2310 1631 2362 τοῦ
1685 2308 1813 2362 λαοῦ

258 2401 474 2473 Ἰσραὴλ
500 2401 593 2453 τοῦ
638 2402 701 2453 ἐκ
745 2403 1044 2472 περιτομῆς
1084 2401 1256 2455 ταῦτα
1293 2402 1561 2473 εἰρῆσθαι,
1595 2404 1816 2472 ἐπιστη-

245 2494 398 2547 σάτω
428 2497 496 2564 τῇ
523 2493 618 2546 τοῦ
645 2493 803 2561 λόγου
837 2492 1143 2564 ἀκολουθίᾳ·
1168 2493 1339 2546 ταῦτα
1365 2492 1474 2565 γὰρ
1506 2493 1650 2561 λέγει
1680 2511 1813 2566 προ-

240 2584 437 2648 ειπὼν,
457 2585 533 2648 ὡς
561 2584 653 2637 καὶ
679 2582 814 2656 πρὸς
850 2583 1017 2654 αὐτὴν
1038 2582 1135 2654 τὴν
1170 2583 1518 2655 Ἰερουσαλὴμ
1552 2584 1629 2648 τὸ,
1660 2602 1678 2635 ι
1710 2584 1817 2636 Καὶ

241 2678 669 2747 ἑξαναστήσεται
697 2674 939 2729 ἀπώλεια
963 2677 1020 2727 ἐν
1044 2674 1122 2744 τῷ
1142 2674 1255 2745 λαῷ
1287 2691 1400 2728 σου’
1437 2676 1531 2729 καὶ
1554 2676 1728 2729 πάντα
1749 2676 1817 2729 τὰ

242 2767 757 2843 περιτετειχισμένα
805 2783 896 2819 σου
937 2767 1235 2836 οἰχήσεται*
1279 2786 1297 2818 ι
1349 2768 1440 2819 καὶ
1483 2767 1624 2838 ἆπερ
1656 2768 1816 2837 φησὶν

236 2863 275 2915 ὁ
304 2860 507 2914 τοιόσδε
537 2859 720 2930 ἄρχων
750 2856 986 2911 πέπονθε
1031 2857 1175 2911 κατὰ
1218 2858 1311 2911 τὸν
1344 2858 1639 2913 ἐπελθόντα
1669 2859 1819 2930 αύτῷ

156 2940 165 2945 ’
242 2956 506 3027 πόλεμον,
547 2956 602 3007 ἐν
630 2947 674 3021 ᾧ
710 2953 918 3024 μητέρα
954 2953 1045 3005 ἐπὶ
1073 2954 1283 3017 τέκνοις
1309 2952 1594 3021 ἡδάφισαν,
1622 2953 1691 3004 τὰ
1711 2969 1816 3004 πα-

247 3049 526 3122 ραπλησια
569 3047 662 3099 καὶ
706 3047 832 3115 ὑμῖν
876 3044 1061 3108 αὐτοῖς
1111 3046 1319 3116 ποιήσω
1360 3046 1449 3098 διὰ
1495 3043 1593 3108 τὰς
1626 3043 1818 3107 κακίας

242 3142 423 3214 ὑμῶν,
459 3135 503 3194 ὧ
536 3135 681 3203 οἶκος
711 3138 803 3191 τοῦ
843 3136 1076 3209 Ἰσραὴλ,
1107 3137 1155 3190 οἳ
1183 3137 1276 3190 καὶ
1308 3137 1685 3208 ἀπερρίφησαν
1724 3137 1818 3190 σὺν

1915 1946 2093 2001 monis
2126 1944 2547 1998 concordantiae.
2582 1942 2705 1997 Ilaec
2740 1943 2883 1998 enim
2921 1943 3054 1997 dicit
3083 1942 3476 2011 praenuntiam,

1914 2038 2069 2108 quasi
2106 2037 2171 2091 ad
2200 2038 2374 2106 ipsam
2402 2050 2618 2106 quoque
2644 2034 2946 2090 Jerusalem
2975 2052 2989 2088 :
3018 2053 3037 2085 ι
3069 2032 3373 2105 Consurget
3397 2040 3483 2090 tu-

1915 2130 2118 2184 multus
2160 2127 2214 2182 in
2243 2127 2442 2199 p0pulo
2471 2136 2585 2193 tuo,
2614 2135 2667 2183 et
2693 2142 2882 2182 omnes
2901 2126 3235 2182 munitiones
3259 2135 3365 2181 tua:
3380 2142 3477 2181 va-

1916 2222 2223 2275 stabuntur.
2267 2241 2284 2272 ι
2316 2219 2448 2285 Quae
2475 2219 2691 2287 quidem
2725 2218 2878 2283 dicit,
2927 2219 3181 2288 princeps
3233 2220 3324 2274 ille
3362 2234 3477 2287 per-

1915 2327 2108 2382 pessus
2160 2318 2243 2366 est
2297 2311 2353 2365 in
2400 2311 2539 2365 bello
2587 2312 2851 2366 adversus
2898 2326 3020 2365 eum
3052 2311 3336 2375 suscitato,
3370 2327 3477 2380 quo

1914 2411 2140 2457 matrem
2173 2418 2335 2473 super
2363 2401 2501 2457 ﬁlios
2534 2403 2835 2467 alliserunt,
2868 2411 2921 2457 et
2948 2402 3143 2457 similia
3162 2404 3315 2456 vobis
3345 2404 3478 2472 ipsis

1915 2494 2107 2549 faciam
2137 2502 2355 2564 propter
2377 2494 2644 2564 nequitias
2658 2502 2888 2555 vestras,
2906 2510 2939 2549 0
2964 2494 3355 2561 domuslsrael,
3385 2497 3478 2565 qui

1914 2595 1967 2642 et
1996 2586 2181 2656 rejecti
2207 2594 2335 2642 sunt
2361 2602 2485 2642 cum
2517 2602 2644 2656 rege
2678 2602 2798 2652 suo,
2837 2595 2890 2641 et
2944 2588 3056 2643 haec
3106 2590 3287 2643 omnia
3331 2590 3479 2657 passi

1917 2686 2081 2735 sunt:
2118 2700 2135 2732 ι
2176 2680 2313 2747 Quia
2353 2697 2507 2751 puer,
2562 2682 2758 2753 inquit,
2818 2682 3002 2746 Israel,
3071 2691 3123 2739 et
3163 2699 3264 2754 ego
3313 2683 3479 2740 dilexi

1916 2787 2061 2835 eum,
2095 2780 2148 2826 et
2175 2787 2241 2827 ex
2270 2772 2504 2845 Aigypto
2526 2775 2716 2829 vocavi
2745 2774 2938 2830 Filium
2966 2791 3168 2831 meum.
3203 2796 3222 2827 ι
3256 2776 3478 2841 Qualem

1918 2864 2062 2917 enim
2103 2864 2301 2921 habeat
2329 2866 2775 2922 concordantiam
2815 2883 3015 2931 sermo,
3047 2869 3225 2939 quivis
3256 2870 3475 2922 demon-

1917 2956 2131 3010 strabit.
2179 2957 2285 3013 Sed
2322 2959 2464 3013 sicut
2515 2959 2570 3013 in
2610 2960 2884 3014 sexcentis
2920 2959 3040 3014 aliis
3073 2958 3373 3029 prophetiis
3399 2956 3483 3011 Ja-

1917 3046 2021 3101 cob
2055 3054 2109 3102 et
2160 3049 2328 3103 Israel
2374 3051 2627 3106 Christus
2663 3052 2997 3115 nominatur,
3036 3051 3200 3105 simili
3242 3058 3295 3104 et
3337 3065 3482 3103 nunc

1920 3137 2149 3192 ratione.
2185 3138 2321 3193 Cum
2357 3139 2545 3210 igitur,
2582 3142 2679 3205 ait,
2713 3142 2803 3195 ille
2835 3142 2965 3195 mihi
2999 3140 3259 3195 obediens
3307 3139 3481 3195 factus

244 3236 344 3289 καὶ
369 3233 449 3305 τῷ
478 3232 685 3303 βασιλεῖ
711 3230 908 3295 αὐτῶν,
949 3229 1043 3284 καὶ
1082 3228 1254 3283 ταῦτά
1292 3246 1354 3297 γε
1401 3230 1577 3283 πάντα
1619 3228 1816 3280 πεπόν-

1922 3226 2143 3281 formam
2176 3231 2319 3284 servi
2358 3234 2587 3302 accepit,
2617 3240 2671 3287 et
2706 3248 2840 3303 puer
2868 3232 3045 3288 factus
3082 3241 3166 3288 est
3196 3232 3327 3286 mihi
3353 3231 3485 3286 dile-

242 3327 391 3381 θασι·
418 3344 437 3377 ί
468 3325 609 3377 Διότι
639 3326 789 3388 παῖς,
822 3323 1006 3395 φησὶν,
1052 3322 1269 3394 Ἰσραὴλ
1297 3322 1388 3375 καὶ
1415 3320 1523 3389 ἐγὼ
1552 3322 1814 3391 ἠγάπησα.

244 3418 428 3473 αὑτόν·
480 3417 571 3470 καὶ
616 3418 711 3470 ἀπ’
751 3415 1026 3485 Αίγύπτου
1070 3415 1304 3469 ἐκάλεσα
1345 3415 1435 3469 τὸν
1473 3414 1600 3467 Υἱόν
1630 3431 1752 3485 μου.
1793 3432 1811 3464 ι

240 3509 414 3565 Ποίαν
453 3508 562 3580 γὰρ
592 3506 703 3578 ἔχει
734 3505 1051 3560 ἀκολουθίαν
1080 3508 1114 3577 ἡ
1146 3505 1290 3570 λέξις
1314 3509 1342 3559 ὁ
1373 3504 1690 3575 βουλόμενος
1716 3522 1818 3557 πα-

245 3600 596 3676 ραστησάτω·
641 3596 754 3651 ἀλλ’
777 3595 965 3668 ὥσπερ
997 3596 1138 3648 κατὰ
1171 3596 1367 3667 μυρίας
1406 3594 1565 3657 ἄλλας
1605 3611 1817 3665 προφη-

237 3694 398 3756 τείας
432 3689 625 3743 Ἰακὼδ
658 3688 751 3741 καὶ
786 3686 1039 3757 Ἰσραὴλὸ
1069 3686 1300 3756 Χριστὸς
1335 3684 1816 3756 προσαγορεύεται,

244 3786 343 3837 τὸν
379 3782 541 3836 αὑτὸν
573 3780 637 3852 δὴ
666 3780 863 3853 τρόπον
905 3778 999 3831 καὶ
1034 3776 1146 3830 νῦν·
1186 3778 1305 3829 ἐπεὶ
1323 3772 1434 3841 οὖν,
1461 3777 1640 3847 φησὶν,
1667 3768 1819 3839 οὗτος

248 3876 491 3950 suam;
521 3892 610 3946 μοι
645 3871 1005 3943 γεγενημένος
1039 3869 1251 3942 μορφὴν
1278 3867 1461 3921 δούλου
1487 3868 1703 3938 εἴληφεν
1727 3867 1821 3921 καὶ

242 3972 475 4040 γέγονεν
525 3967 735 4021 παιδίον
790 3962 1073 4033 ἀγαπητὸν
1127 3960 1270 4031 ἐμοὶ,
1323 3959 1499 4012 πᾶσαν
1545 3958 1639 4028 τὴν
1685 3958 1821 4029 ἐμὴν

245 4061 540 4125 ἐκτελέσας
574 4059 787 4131 βουλὴν,
820 4056 909 4111 διὰ
937 4052 1095 4107 τοῦτο
1120 4052 1280 4106 αὐτὸν
1320 4052 1417 4122 μὲν
1443 4050 1552 4103 ἀπὸ
1580 4051 1675 4121 τῆς
1701 4066 1822 4119 νοη-

236 4157 347 4226 τῆς
397 4153 694 4223 Αἰγύπτου,
740 4153 819 4214 είς
863 4150 929 4221 ἣν
978 4145 1400 4217 ὲνανθρωπήσας
1443 4141 1819 4213 κατελήλυθεν,

1920 3328 2060 3386 ctus,
2089 3335 2304 3375 omnem
2330 3323 2663 3379 voluntatem
2684 3340 2856 3378 meam
2888 3325 3194 3395 perliciens,
3219 3324 3338 3380 ideo
3359 3339 3483 3380 eum

1919 3408 2136 3476 quidem
2169 3410 2235 3464 ab
2259 3409 2495 3483 Egypto
2525 3413 2818 3484 spirituali,
2845 3416 2893 3467 δη
2919 3431 3079 3485 quam
3105 3415 3284 3472 factus
3322 3416 3484 3471 homo

1919 3499 2219 3561 descendit,
2250 3508 2308 3554 ut
2338 3500 2524 3556 verum
2566 3503 2931 3574 dilectumque
2962 3505 3157 3560 Filium
3212 3509 3482 3575 revocavi,

1920 3605 2017 3644 vos
2052 3604 2252 3655 auram,
2280 3592 2346 3646 ad
2378 3609 2515 3663 quos
2544 3610 2723 3650 sermo
2758 3604 2986 3665 spectat,
3019 3611 3141 3650 cum
3190 3614 3355 3668 regno
3391 3614 3486 3653 ve-

1925 3690 2039 3735 stro
2062 3686 2231 3736 ruime
2248 3692 2299 3739 et
2321 3686 2531 3741 excidio
2548 3685 2774 3742 tradam.
2798 3687 2920 3741 Ilaec
2944 3688 3157 3757 quidem
3182 3689 3483 3759 preplietia.

1927 3774 2273 3830 Manifestum
2302 3787 2387 3833 est
2417 3787 2595 3833 autem
2626 3779 2769 3848 quod
2802 3779 2934 3848 ipsis
2968 3779 3265 3834 Salvatoris
3312 3782 3485 3836 nostri

1927 3870 2284 3938 temporibus,
2315 3869 2614 3926 Jerusalem
2640 3880 2946 3942 oppugnata
2980 3880 3033 3928 et
3059 3880 3215 3941 capta
3251 3871 3367 3935 fuit,
3404 3883 3486 3926 at-

1929 3976 2034 4029 que
2067 3962 2284 4029 penitus
2315 3963 2575 4025 deletum,
2607 3964 2751 4034 quod
2780 3980 2951 4034 usque
2995 3966 3059 4018 ad
3095 3964 3197 4019 hoc
3231 3966 3488 4034 temporis

1930 4057 2152 4106 steterat
2198 4050 2506 4107 Iudaeorum
2543 4069 2793 4124 regnum,
2834 4062 2894 4107 ut
2945 4056 3146 4125 pariter
3188 4071 3251 4110 ac
3289 4057 3408 4111 aliae
3435 4062 3488 4112 et

1928 4142 2019 4196 illa
2055 4145 2372 4215 impleretur
2396 4147 2698 4216 prophetia.

242 4242 339 4299 οἷα
367 4248 585 4317 γνήσιον
624 4244 718 4297 καὶ
741 4240 1021 4311 ἀγαπητὸν
1052 4238 1176 4291 Υἱὸν
1210 4235 1643 4305 ἀνεκαλεσάμην,
1675 4234 1817 4306 ὑμᾶς
1847 4236 1915 4317 δὲγ
1936 4238 2061 4301 τοὺς
2092 4239 2226 4309 πρὸς
2251 4239 2343 4303 οὓς
2379 4241 2407 4291 δ
2443 4240 2596 4309 λόγος
2637 4242 2731 4295 σὺν
2797 4242 2889 4295 καὶ
2949 4245 3013 4313 τῇ
3053 4242 3300 4315 βασιλείᾳ.
3336 4242 3490 4313 ὑμῶν

242 4340 457 4412 ὀλέθρῳ
485 4340 578 4393 καὶ
608 4336 850 4406 ἀπωλείᾳ
891 4331 1217 4406 παραδώσω.
1258 4329 1444 4384 Ταῦτα
1483 4329 1645 4400 μὲνὴ
1687 4330 2005 4401 προφητεία·
2036 4332 2295 4403 πρόδηλον
2334 4333 2377 4386 δ’
2408 4333 2556 4396 ὅπως
2580 4333 2686 4386 ἀπὸ
2723 4333 2829 4386 τῶν
2887 4334 2978 4388 τοῦ
3036 4336 3285 4408 Σωτῆρος
3339 4335 3493 4407 ἡμῶν

246 4435 459 4507 χρόνων
485 4430 933 4503 πολιορκηθείσης
969 4429 1064 4500 τῆς
1111 4424 1460 4498 Ἰερουσαλὴμ
1489 4422 1764 4495 καθῃρέθη
1803 4441 1864 4478 τε
1903 4428 1997 4479 καὶ
2021 4430 2101 4490 εἰς
2145 4427 2206 4480 τὸ
2246 4428 2502 4493 παντελὲς
2541 4430 2875 4500 ἀπερρίφηη
2916 4430 3073 4501 μέχρι
3092 4431 3212 4486 τότε
3257 4434 3495 4486 συστᾶσα

250 4531 364 4585 τῶν
406 4529 672 4584 Ἰουδαίων
697 4526 959 4597 βασιλεία,
991 4524 1065 4587 ὡς
1093 4522 1230 4595 μετὰ
1251 4521 1359 4575 τῶν
1384 4521 1559 4577 ἄλλων
1591 4522 1684 4574 καὶ
1705 4520 1905 4594 ταύτην
1939 4522 2327 4595 πεπληρῶσθαι
2355 4523 2449 4594 τὴν
2482 4524 2837 4595 προφητείαν.

795 4643 1194 4700 ΚΕΦΑΛΑΙΟΝ
1226 4643 1328 4698 ΙΒ⁹.

2526 4640 2754 4698 CAPUT
2784 4641 2898 4696 XII.

566 4760 628 4833 (ι.
663 4760 751 4831 50)
794 4757 928 4814 Ἀπὸ
962 4756 1067 4810 τοῦ
1098 4755 1283 4810 αὑτοῦ
1323 4754 1515 4821 Ὠσηέ.

330 4894 352 4927 ι
404 4874 477 4927 Οὐ
539 4873 612 4945 μὴ
679 4870 1054 4942 ὲγκαταλείπω
1119 4865 1214 4921 τοῦ
1285 4865 1664 4935 ἐξαλειφθῆναι
1736 4865 1826 4918 τὸν

269 4971 541 5042 Ἐφραῒμ·
584 4969 719 5022 διότι
759 4966 889 5030 Θεὸς
932 4964 1040 5034 ἐγώ
1083 4965 1217 5034 είμι,
1258 4963 1351 5016 καὶ
1392 4962 1491 5015 οὐκ
1522 4960 1823 5031 ἄνθρωπος,

254 5064 316 5127 ὲν
353 5063 436 5115 σοὶ
463 5061 633 5131 ἅγιος,
658 5060 750 5113 καὶ
772 5061 872 5113 οὐκ
902 5056 1276 5125 εἰσελεύσομαι
1301 5056 1378 5117 είς
1406 5054 1576 5105 πόλιν.
1624 5052 1827 5105 Ὀπίσω

253 5152 469 5225 Κυρίου
512 5152 867 5223 πορεύσομαι.
897 5169 916 5201 ι
960 5149 1019 5202 Ὀ
1046 5149 1207 5210 αὐτὸς
1236 5144 1422 5209 εἰπὼν,
1470 5163 1489 5195 ‹
1520 5144 1661 5197 Διὸτε
1691 5144 1822 5206 Θεὸς

254 5244 375 5316 ἐγώ
402 5246 537 5316 εἰμι,
570 5265 588 5296 ι
622 5242 871 5314 ἐπιφέρει
898 5241 1091 5310 λέγων,
1123 5258 1153 5290 ι.
1187 5238 1386 5292 Ὀπίσω
1406 5237 1609 5307 Κυρίου
1633 5234 1826 5307 πορεύ-

256 5354 451 5408 σομαι.
482 5355 502 5389 ι
532 5336 629 5399 Τίς
656 5335 699 5387 δ’
728 5334 793 5388 ἂν
821 5332 979 5396 ἄλλος
1018 5330 1101 5402 εἴη
1128 5330 1259 5391 Θεὸς
1281 5329 1456 5382 ὀπίσω
1487 5328 1689 5398 Κυρίου
1727 5344 1826 5379 πο-

257 5427 575 5498 ρευόμενος,
602 5425 636 5495 ἢ
658 5427 686 5479 ὁ
711 5424 805 5478 τοῦ
827 5424 961 5478 Θεοῦ
983 5421 1150 5489 Λόγος
1180 5420 1258 5491 τῷ
1277 5419 1371 5473 τοῦ
1397 5419 1607 5490 Πατρὸς
1630 5417 1827 5488 ἑπόμε-

253 5536 351 5583 νος
382 5516 711 5589 βουλήματι;
748 5518 842 5581 Ὃς
874 5517 968 5570 καὶ
993 5515 1231 5569 διδάσκει
1255 5509 1333 5584 ’μὴ
1360 5511 1535 5566 δοκεῖν
1563 5511 1719 5565 αὐτὸν
1740 5510 1827 5564 διὰ

252 5611 361 5681 τὴν
400 5608 811 5680 ἑνανθριῖνπησιν
846 5608 997 5678 ψιλόν
1038 5625 1156 5665 τινα
1194 5607 1361 5675 ἄνδρα
1404 5604 1508 5659 τῶν
1548 5605 1709 5657 πάλαι
1754 5604 1828 5657 δι-

336 5794 384 5825 “
423 5793 549 5848 Ose.
585 5809 669 5859 xu,
700 5796 751 5848 9.

2476 4754 2560 4809 Ea:
2579 4756 2759 4811 eodem
2793 4757 2940 4811 Osee.

2008 4889 2026 4921 ι
2055 4868 2170 4924 Non
2201 4874 2493 4923 convertar
2541 4877 2598 4923 ut
2644 4867 2867 4938 perdam
2900 4865 3204 4937 Ephraimg
3234 4862 3491 4934 quoniam

1930 4961 2073 5016 Deus
2119 4977 2218 5031 ego
2245 4967 2299 5015 et
2349 4976 2456 5014 non
2490 4959 2652 5015 homo
2690 4977 2702 5011 :
2748 4960 2800 5013 in
2832 4959 3010 5013 medio
3048 4958 3125 5011 tui
3157 4964 3399 5022 Sanctus,
3439 4965 3493 5009 et

1930 5069 2038 5109 non
2091 5054 2363 5123 ingrediar
2419 5054 2719 5107 civitatem.
2780 5049 2911 5105 Post
2973 5050 3257 5105 Dominum
3303 5049 3495 5103 ambu-

1928 5146 2052 5200 labo
2083 5144 2151 5199 ⁸⁸.
2211 5163 2229 5195 ι
2294 5142 2437 5198 Idem
2490 5160 2612 5198 cum
2662 5142 2941 5195 dixisset:
2981 5160 2999 5193 ι
3052 5140 3315 5205 Quoniam
3350 5139 3493 5194 Deus

1928 5251 2091 5308 ego,»
2147 5236 2355 5305 adjicit,
2410 5256 2430 5287 ς
2467 5245 2590 5306 post
2630 5234 2911 5290 Dominum
2948 5234 3255 5287 ambulabo.
3295 5253 3313 5286 ι
3362 5232 3494 5298 Quis

1932 5338 2112 5384 autem
2144 5329 2285 5384 alius
2314 5336 2460 5383 esset
2522 5328 2666 5384 Deus
2720 5335 2843 5397 post
2866 5325 3153 5380 Dominum
3188 5326 3493 5389 ambulans,

1933 5438 1996 5476 ac
2027 5420 2121 5477 Dei
2147 5419 2401 5487 Verbum,
2439 5422 2616 5476 Patris
2665 5421 2995 5476 voluntatem
3038 5419 3366 5477 obsecutus?
3392 5420 3493 5487 Qui

1932 5521 1985 5566 et
2036 5512 2198 5567 docet
2240 5530 2353 5567 non
2400 5513 2573 5569 videri
2595 5529 2717 5568 eum
2784 5520 3016 5583 propter
3065 5512 3495 5569 incarnationem

1938 5603 2241 5674 simplicem
2264 5604 2551 5674 quemdam
2593 5603 2767 5657 virum
2818 5603 3245 5673 antiquisjustis
3263 5604 3495 5663 sanctis-
