3936 6206
235 307 350 361 ΠΗ

1236 305 1528 360 ECLOGA:
1571 304 2279 360 PIIOPHETIC:E.-——'LIB.
2323 305 2409 359 Ill.
2459 317 2464 321 ‘

3328 309 3459 361 11-ίὲ

233 425 316 476 θεν
344 422 523 484 αὑτοῦ,
560 423 653 477 καὶ
686 425 739 477 αἱ
767 425 1004 488 κοιλάδες
1028 426 1353 496 τακήσονται
1386 428 1460 490 ὼς
1487 432 1654 501 κηρὸς
1686 432 1782 484 ὰπέ

1896 431 2038 485 sicut
2082 446 2207 484 cera
2239 447 2266 483 a
2303 430 2442 483 facie
2497 429 2639 498 ignis
2671 431 2735 484 ³⁵.
2772 450 2789 479 ι
2847 427 2920 482 De
2965 428 3205 483 secunda
3257 429 3457 483 Christi

235 516 506 587 προσώπου
548 519 737 586 πυρός.
777 537 793 568 ι
832 519 966 588 Περὶ
998 519 1094 587 τῆς
1139 518 1394 590 δευτέρας
1437 521 1525 574 τοῦ
1560 523 1791 594 Χριστοῦ

238 608 514 678 παρουσίας
551 607 720 661 ταῦτα
747 607 996 676 λέγεσθαι
1025 608 1418 680 ὑπειλήφαμεν.

733 721 1125 775 ΚΕΦΔΛΑΙΟΝ
1171 724 1279 777 IH'.

829 835 936 889 Τοῦ
972 838 1178 891 αὑτοῦ.

301 971 315 1002 i
358 950 647 1004 Ἀκούσατε
675 950 738 1022 δὴ
767 951 958 1017 ταῦτα,
981 954 1031 1006 οἱ
1060 954 1370 1024 ἡγούμενοι,
1392 957 1538 1008 οἴκου
1575 956 1788 1017 Ἰακὼϐ,

231 1045 316 1098 καὶ
351 1047 396 1097 οἱ
438 1043 754 1098 κατάλοιποι
795 1044 943 1098 οἴκου
997 1046 1241 1118 Ἰσραὴλ,
1283 1049 1331 1099 οἱ
1381 1047 1789 1118 βδελυσσόμενοι

229 1140 410 1208 κρῖμα,
443 1136 536 1188 καὶ
572 1137 751 1190 πάντα
777 1137 845 1190 τὰ
884 1137 1018 1209 ὀρθὰ
1045 1137 1477 1210 διαστρέφοντες,
1509 1141 1556 1192 οί
1592 1141 1790 1193 οἰκοδο-

228 1228 447 1297 μοῦντες
466 1227 600 1280 Σιὼν
623 1230 680 1280 ὲν
696 1228 941 1300 αἶμασιν,
960 1230 1048 1282 καὶ
1082 1230 1500 1302 ’ῐερουσαλὴμέν
1530 1233 1784 1298 ἀδικίαις,

231 1323 278 1375 οἱ
295 1319 573 1392 ἡγούμενοι
607 1321 774 1390 αὑτῆς
810 1321 946 1392 μετὰ
974 1321 1158 1394 δώρων
1177 1320 1404 1393 ἔκρινον,
1426 1326 1591 1392 καὶ,οί
1627 1327 1787 1396 ἱερεῖς

221 1413 385 1483 αὐτῆς
424 1413 560 1483 μετά
617 1413 808 1484 μισθοῦ
864 1415 1239 1484 ἀπεκρίνοντο,
1279 1418 1370 1469 καὶ
1421 1417 1467 1467 οἱ
1517 1420 1787 1488 προφῆται

220 1506 381 1576 αὑτῆς
409 1504 550 1576 μετὰ
579 1506 841 1577 ἀργυρίου
867 1507 1247 1576 ἐμαντεύοντο,
1286 1511 1380 1561 καὶ
1424 1510 1514 1562 ἐπὶ
1554 1511 1641 1562 τὸν
1676 1511 1788 1564 Κύ-

221 1615 330 1670 ριον
368 1597 789 1665 ἐπανεπαύοντο,
833 1598 1097 1667 λέγοντεςο
1143 1599 1274 1669 υὺχὶ
1323 1600 1526 1670 Κύριος
1563 1603 1620 1654 ἐν
1655 1603 1785 1672 ἡμῖν

219 1691 391 1756 tat-tv;
434 1691 493 1743 οὐ
541 1692 616 1762 μὴ
662 1689 864 1763 ἐπέλθῃ
906 1691 992 1760 ἐφ’
1038 1693 1183 1771 ἡμᾶς
1227 1692 1388 1745 κακά·
1425 1692 1507 1745 διὰ
1541 1692 1696 1746 τοῦτο
1718 1694 1783 1746 δι’

1901 521 2343 576 manilestatione
2369 523 2482 575 haec
2526 520 2631 574 dici
2663 520 3108 575 existimavimus.

2445 720 2672 776 CAPUT
2723 721 2910 776 XVIII.

2523 831 2605 886 Ex
2637 840 2840 889 eodem.

1969 968 1985 999 (
2012 949 2206 1003 Audite
2242 948 2367 1011 hoc,
2402 948 2672 1018 priuetpes
2720 947 2914 1002 domus
2941 946 3139 1010 Jacob,
3171 959 3223 1001 et
3248 946 3460 1015 judices

1891 1041 2084 1094 domus
2137 1038 2322 1100 Israel,
2355 1041 2447 1108 qui
2498 1040 2882 1098 abominamini
2908 1039 3261 1107 judicium,et
3280 1040 3458 1092 omnia

1891 1142 2039 1187 recta
2083 1133 2419 1202 pervertitis.
2450 1131 2553 1198 Qui
2586 1116 2866 1186 ardilieatis
2923 1130 3052 1185 Sion
3094 1132 3148 1184 in
3182 1131 3460 1200 sanguini-

1890 1228 2014 1289 bus,
2055 1234 2107 1279 et
2130 1224 2431 1280 Jerusalem
2491 1227 2543 1279 in
2600 1226 2908 1296 iniquitate.
2948 1225 3229 1295 Principes
3258 1226 3376 1295 ejus
3403 1225 3456 1280 in

1891 1317 2574 1388 muneribusjudicabant,
2625 1328 2679 1374 et
2726 1318 3038 1374 sacerdotes
3071 1321 3190 1389 ejus
3229 1319 3280 1373 in
3316 1336 3455 1374 mer-

1889 1409 2021 1464 cede
2049 1409 2337 1473 docebant,
2363 1419 2415 1465 et
2444 1412 2720 1480 propheta:
2743 1411 2862 1480 ejus
2895 1413 2946 1465 in
2983 1412 3214 1481 pecunia
3244 1411 3456 1466 divina-

1889 1503 2021 1556 bant
2054 1521 2068 1557 :
2097 1510 2149 1556 et
2180 1519 2346 1572 super
2377 1503 2666 1559 Dominum
2718 1505 3154 1573 requiescebant,
3186 1505 3453 1559 dicentes:

1887 1591 2141 1662 Nunquid
2168 1609 2277 1647 non
2305 1592 2569 1648 Dominus
2605 1591 2660 1646 in
2685 1593 2864 1648 medio
2905 1593 3191 1647 nostrum?
3222 1591 3339 1647 Non
3368 1607 3457 1646 ve-

1886 1683 2038 1737 nient
2089 1699 2254 1753 super
2303 1699 2404 1737 nos
2437 1685 2597 1737 mala.
2635 1683 2865 1754 PrOpter
2909 1685 3033 1747 hoc,
3066 1699 3231 1739 causa
3267 1685 3453 1747 vestri,

216 1782 359 1852 ὑμᾶς
393 1780 527 1835 Σιὼν
563 1783 639 1845 ὡς
678 1781 844 1854 ἀγρὸς
874 1783 1350 1855 ἀροτριαθὴσεται,
1385 1784 1478 1837 καὶ
1509 1785 1782 1857 Ἰερουσα-

1887 1774 2018 1832 Sion
2036 1778 2191 1846 quasi
2223 1793 2352 1848 ager
2379 1778 2639 1846 arabitur,
2656 1786 2708 1832 et
2732 1777 3030 1834 Jerusalem
3049 1779 3204 1848 quasi
3228 1793 3458 1832 acervus

215 1874 323 1945 λὴμ
354 1875 428 1938 ὡς
454 1874 904 1946 ὀπωροφυλάκιον
934 1874 1108 1940 ἔσται,
1141 1876 1234 1930 καὶ
1267 1875 1326 1928 τὸ
1356 1876 1478 1946 ὅρος
1512 1875 1604 1928 τοῦ
1639 1879 1783 1931 οἴκου

215 1970 292 2031 εἰς
315 1968 469 2032 ἄλσος
492 1968 718 2039 δρυμοῦ.
747 1969 854 2021 Καὶ
882 1968 1031 2022 ἔσται
1063 1971 1148 2022 ἐπ’
1177 1970 1404 2040 ἐσχάτου
1435 1970 1542 2023 τῶν
1569 1972 1786 2041 ἡμερῶν

213 2062 445 2131 ἐμφανὲς
483 2063 542 2115 τὸ
573 2063 697 2133 ὅρος
745 2062 972 2132 Κυρίου.
1016 2062 1230 2133 ἕτοιμον
1270 2064 1361 2115 ias-.1
1404 2063 1502 2126 τὰς
1542 2065 1783 2134 κορυφὰς

213 2152 315 2203 τῶν
347 2153 537 2224 ὀρέων,
571 2155 662 2206 καὶ
695 2151 1198 2223 μετεωρισθήσεται
1229 2154 1482 2225 ὑπεράνω
1520 2154 1625 2207 τῶν
1664 2156 1785 2224 βου-

210 2243 332 2296 νῶν·
361 2245 453 2297 καὶ
483 2244 701 2314 ἥξουσιν
729 2247 814 2297 ἐπ’
847 2245 979 2299 αὑτὸ
1012 2246 1149 2310 λαοὶ,
1182 2247 1276 2298 καὶ
1309 2246 1662 2318 πορεύσονται
1698 2248 1781 2299 ἐπ’

210 2335 337 2387 αὑτὸ
363 2333 488 2404 ἔθνη
513 2335 679 2388 πολλὰ
710 2337 801 2389 καὶ
832 2334 1070 2406 ἐροῦσινε
1107 2335 1270 2388 Δεῦτε
1298 2336 1589 2407 ἀναϐὦμεν
1621 2339 1700 2400 εἰς
1723 2336 1784 2390 τὸ

209 2423 330 2495 ὅρος
367 2426 592 2495 Κυρίου,
629 2425 720 2478 καὶ
758 2427 837 2488 εἰς
875 2425 964 2478 τὸν
988 2419 1133 2477 οἶκον
1155 2425 1247 2477 τοῦ
1271 2425 1403 2478 Θεοῦ
1446 2425 1655 2478 Ἰακώϐ·
1691 2427 1781 2479 καὶ

210 2515 470 2582 δείξουσιν
501 2519 629 2588 ἡμῖν
672 2517 771 2589 τὴν
803 2517 922 2571 ὁδὸν
953 2515 1140 2580 αὑτοῦ,
1188 2517 1281 2570 καὶ
1323 2517 1698 2589 πορευσόμεθα
1725 2521 1781 2570 ἐν

209 2610 321 2671 ταῖς
359 2607 565 2678 τρίϐοις
607 2610 789 2663 αὑτοῦ·
826 2613 905 2664 ὃτι
950 2614 1013 2666 ἐκ
1047 2612 1184 2666 Σιὼν
1218 2614 1555 2681 ἐξελεύσεται
1597 2615 1778 2685 νόμος,

208 2701 298 2752 καὶ
332 2699 486 2768 λόγος
522 2703 727 2771 Κυρίου
764 2704 820 2770 ἐξ
863 2707 1236 2777 Ἰερουσαλὴμ,
1273 2706 1365 2760 καὶ¹
1388 2711 1563 2780 κρινεῖ
1582 2708 1782 2778 ἀναμέ-

209 2810 296 2846 σον
327 2791 472 2848 λαῶν
511 2794 739 2859 πολλῶν,
787 2797 879 2849 καὶ
911 2798 1118 2867 ἐλέγξει
1159 2800 1285 2852 λαὸν
1322 2802 1536 2871 ἰσχυρὸν
1565 2802 1669 2866 ἕως
1703 2803 1782 2866 είς

205 2885 442 2956 μακράν·
481 2887 570 2939 καὶ
613 2887 1010 2956 κατακόψουσιν
1043 2891 1141 2953 τὰς
1183 2893 1456 2964 μαχαίρας
1487 2891 1666 2946 αὐτῶν
1701 2894 1781 2956 εἰς

202 2977 428 3048 ἄροτρα,
477 2977 571 3030 καὶ
610 2978 706 3043 τὰς
758 2978 977 3044 (tam;
1024 2982 1202 3035 αὑτῶν
1237 2985 1316 3046 είς
1363 2983 1637 3055 δρέπανα·
1687 2983 1782 3037 καὶ

202 3068 385 3121 οὐκέτι
418 3069 527 3142 ἄρῃ
559 3069 708 3134 ἔθνος
741 3072 825 3123 ἐπ’
854 3072 1006 3137 ἔθνος
1040 3075 1333 3146 μάχαιραν,
1367 3076 1460 3128 καὶ
1489 3076 1672 3128 οὐκέτι
1703 3078 1778 3148 μὴ

1886 1868 2125 1937 lapidum
2156 1870 2281 1936 erit,
2315 1878 2370 1924 et
2394 1886 2551 1924 mons
2583 1871 2768 1940 templi
2823 1872 2877 1925 in
2925 1873 3141 1926 excelsa
3173 1871 3452 1925 silvarum.

1888 1959 1952 2014 Et
1979 1960 2124 2015 erit:
2167 1963 2226 2013 In
2293 1960 2591 2016 novissimo
2638 1961 2848 2016 dierum
2903 1963 3006 2016 erit
3056 1978 3216 2017 mons
3262 1961 3454 2015 domus.

1887 2049 2098 2104 Domini
2152 2059 2487 2119 praeparatus
2533 2051 2589 2104 in
2625 2052 2825 2106 vertice
2881 2052 3170 2116 montium,
3200 2062 3252 2106 et
3285 2052 3456 2106 subli-

1886 2143 1989 2197 mis
2021 2157 2184 2212 super
2206 2144 2374 2197 colles
2401 2159 2412 2193 :
2443 2154 2497 2198 et
2525 2142 2690 2197 ﬂuent
2731 2143 2797 2197 a1
2831 2159 2952 2197 eum
2978 2145 3184 2214 pepuli.
3211 2143 3276 2196 Et
3326 2160 3450 2213 pro-

1886 2237 2153 2308 perabunt
2181 2244 2370 2305 gentes
2396 2237 2598 2297 multm,
2640 2243 2694 2290 et
2739 2235 2921 2290 dicent
2955 2252 2969 2288 :
3023 2236 3235 2300 Venite,
3267 2251 3456 2292 ascen-

1885 2329 2080 2382 damus
2111 2327 2177 2380 ad
2209 2333 2448 2381 montem
2481 2326 2694 2381 Domini
2725 2367 2739 2391 ,
2773 2337 2822 2381 et
2853 2329 2917 2381 ad
2948 2327 3167 2381 domum
3224 2327 3314 2382 Dei
3363 2327 3454 2381 Ja—

1885 2421 2026 2488 cob;
2060 2428 2114 2475 et
2143 2421 2358 2476 docebit
2410 2435 2511 2474 nos
2563 2420 2629 2474 de
2665 2421 2770 2475 viis
2799 2422 2933 2484 suis,
2969 2430 3021 2475 et
3053 2421 3252 2476 ibimus
3286 2421 3338 2473 in
3367 2438 3455 2476 se-

1893 2514 2042 2569 mitis
2068 2513 2209 2582 ejus,
2240 2513 2368 2583 quia
2396 2513 2462 2568 de
2487 2511 2617 2567 Sion
2662 2513 2974 2584 egredietur
2997 2515 3103 2578 lex,
3141 2523 3195 2569 et
3227 2516 3452 2570 verbum

1887 2609 2098 2664 Domini
2138 2608 2205 2663 de
2256 2607 2582 2666 Jerusalem.
2642 2607 2706 2662 Et
2755 2608 3021 2677 judicabit
3057 2610 3196 2664 inter
3223 2612 3453 2680 populos

1885 2701 2106 2765 multos,
2131 2707 2185 2754 et
2226 2700 2486 2768 corripiet
2522 2709 2710 2771 gentes
2765 2698 2934 2756 fortes
2969 2719 3141 2772 usque
3164 2704 3216 2757 in
3249 2704 3456 2774 longin-

1884 2808 2050 2862 quum
2085 2811 2097 2845 :
2133 2798 2188 2845 et
2219 2791 2509 2846 concident
2567 2792 2776 2862 gladios
2826 2809 2956 2847 suos
2991 2794 3045 2846 in
3076 2809 3345 2858 vomeres,
3400 2806 3453 2848 et

1886 2882 2076 2938 hastas
2137 2898 2268 2938 suas
2301 2883 2354 2936 in
2405 2883 2616 2953 ligones
2645 2903 2656 2936 :
2692 2900 2802 2938 non
2833 2894 3012 2938 sumet
3036 2900 3167 2954 gens
3193 2886 3454 2939 adversus

1882 2983 2095 3046 gentem
2115 2975 2355 3046 gladium
2379 2993 2393 3026 :
2418 2984 2470 3029 et
2489 2992 2598 3030 non
2614 2976 2827 3030 discent
2851 2977 2990 3030 ultra
3013 2977 3333 3047 belligerare
3350 2978 3413 3030 “.
3430 2998 3447 3029 ν

1881 3064 2176 3136 Postquam
2205 3083 2359 3122 sacer
2382 3082 2562 3122 sermo
2590 3068 2722 3122 dixit
2743 3068 2887 3137 quod
2910 3077 3131 3138 propter
3145 3067 3172 3121 J
3181 3069 3450 3122 udzeorimi

203 3158 416 3229 μάθωσι
451 3160 724 3230 πολεμεῖν.
763 3182 780 3212 ι
834 3163 1016 3216 Εἰπὼν
1061 3167 1089 3218 ὁ
1130 3165 1284 3234 λόγος
1318 3167 1393 3230 ὡς
1427 3167 1534 3237 ἄρα
1565 3167 1650 3220 διὰ
1683 3168 1780 3232 τὰς

1887 3157 2067 3228 populi
2095 3157 2415 3228 iniquitates
2454 3178 2472 3210 ι
2504 3175 2661 3214 mons
2687 3158 2817 3214 Sion
2846 3161 3003 3230 quasi
3031 3176 3157 3231 ager
3185 3161 3450 3225 arabitur,

198 3253 513 3317 δυσσεϐείας
538 3254 630 3306 τοῦ
674 3255 940 3309 Ἰουδαίων
965 3256 1091 3311 λαοῦ
1125 3258 1184 3311 τὸ
1220 3239 1318 3330 μὲν
1347 3278 1364 3310 ι
1398 3258 1536 3312 Σιὼν
1557 3259 1680 3330 ὄρος
1706 3259 1780 3322 ὼς

195 3346 370 3414 ἀγρὸς
413 3346 888 3418 ἀροτριαθήσεται,
935 3369 953 3401 ι
979 3353 1012 3422 ἡ
1041 3350 1097 3404 δὲ
1130 3352 1392 3424 πρότερον
1419 3350 1780 3421 νενομισμένη

198 3438 357 3502 πόλις
383 3439 512 3508 ἁγία
541 3458 558 3491 ι
605 3441 961 3513 Ἰερουσαλὴμ
990 3442 1065 3506 ὡς
1087 3444 1530 3515 ὀπωροφυλάκιον
1554 3444 1726 3509 ἔσται,
1757 3463 1774 3495 ι

195 3531 328 3602 ἑξῆς
360 3533 692 3604 προφητεύει
717 3536 845 3606 περὶ
872 3535 1060 3608 ἑτέρου
1085 3537 1246 3608 ὅρους
1274 3538 1498 3608 Κυρίου,
1528 3538 1664 3608 ὅπερ
1690 3537 1781 3590 ἐπὶ

193 3625 294 3678 τοῦ
329 3627 426 3697 τῆς
468 3627 800 3698 προφητείας
832 3628 1022 3700 καιροῦ
1064 3630 1380 3700 ὑφειστήκει
1425 3633 1542 3702 μὲν,
1581 3634 1642 3686 οὑ
1677 3633 1780 3704 μὴν

194 3721 292 3773 καὶ
321 3720 564 3791 ἐμφανὲς
589 3723 700 3785 τοῖς
739 3720 987 3790 τυχοῦσιν
1028 3722 1294 3794 ὑπῆρχεν,
1335 3725 1411 3788 ὡς
1448 3727 1534 3778 ἐπ’
1569 3727 1780 3796 ἐσχάτῳ

193 3811 308 3864 τῶν
349 3813 575 3884 ἡμερῶν
622 3814 1104 3885 ἀναφανησομένου
1147 3816 1400 3888 ὑπεράνω
1430 3835 1488 3869 τε
1517 3817 1626 3871 τῶν
1662 3817 1782 3887 βου-

192 3903 308 3956 νῶν
343 3905 438 3957 καὶ
463 3905 570 3956 τῶν
599 3905 770 3976 ὀρέων
802 3905 1396 3977 μετεωρισθησομένουο
1423 3910 1512 3961 ἐπὶ
1542 3909 1700 3962 τοῦτο
1723 3910 1779 3962 δὲ

189 3995 257 4048 τὸ
284 3997 474 4049 καινὸν
494 3997 618 4067 ὄρος
651 3997 802 4068 ἥξειν
835 3999 864 4050 ὁ
892 3997 1046 4066 λόγος
1075 4000 1455 4070 προαγορεύει,
1484 4001 1663 4068 οὐκέτι
1689 4003 1780 4054 τὸν

204 4089 431 4159 Ἰσραὴλ
459 4091 684 4153 ἐκεῖνον,
715 4089 876 4152 λαοὺς
903 4090 958 4142 δέ
992 4091 1085 4144 καὶ
1120 4090 1244 4161 ἔθνη
1280 4092 1450 4145 πολλὰ
1483 4093 1777 4161 φάσκοντα,

194 4195 214 4228 ι
251 4178 421 4230 Δεῦτε
459 4179 552 4232 καὶ
591 4179 879 4251 ἁναὸὦμεν
911 4182 990 4243 εἰς
1026 4181 1086 4233 τὸ
1114 4181 1236 4252 ὅρος
1277 4183 1501 4254 Κυρίου·
1546 4205 1562 4234 ι
1599 4186 1690 4237 καὶ
1718 4186 1778 4236 οὑ

191 4270 364 4341 μόνον
395 4273 474 4334 είς
505 4271 565 4324 τὸ
589 4271 711 4342 ὅρος
738 4274 963 4344 Κυρίου,
995 4273 1129 4327 ἀλλὰ
1165 4277 1256 4326 καὶ
1291 4277 1369 4338 εἰς
1398 4277 1488 4328 τὸν
1513 4273 1658 4330 οἷκον
1686 4278 1777 4330 τοῦ

1882 3257 1936 3304 et
1995 3248 2324 3312 Jerusalem,
2360 3269 2378 3301 ι
2439 3250 2634 3306 civitas
2693 3259 2884 3306 sancta
2936 3252 3086 3321 prius
3138 3251 3449 3322 prazdicata,

1887 3360 1905 3391 ‹
1938 3341 2090 3410 quasi
2131 3355 2364 3396 acervus
2400 3341 2640 3412 lapidum
2667 3344 2792 3408 erit,
2828 3363 2845 3395 ι
2882 3346 3142 3400 continuo
3173 3347 3440 3416 propheti-

1883 3440 1969 3487 zat
1994 3433 2060 3488 de
2093 3433 2201 3487 alio
2234 3432 2451 3488 Domini
2479 3443 2682 3500 monte,
2721 3436 2866 3505 quod
2897 3437 3118 3506 quidem
3156 3437 3454 3508 prophetia

1882 3523 2224 3592 temporibus
2254 3524 2525 3586 exstabat,
2563 3525 2804 3579 nondum
2835 3542 2964 3581 vero
2986 3529 3279 3596 praeclarus
3308 3530 3456 3583 vide-

1882 3616 2062 3680 batur,
2094 3617 2241 3672 velut
2270 3617 2361 3688 qui
2388 3617 2442 3671 in
2492 3619 2790 3673 novissimo
2834 3620 3043 3673 dierum
3093 3637 3255 3689 super
3286 3623 3453 3676 colles

1882 3709 2306 3780 conSpiciendus
2336 3717 2504 3776 esset,
2547 3720 2602 3767 et
2623 3711 2873 3767 sublimis
2909 3728 3074 3782 super
3103 3721 3336 3768 montes.
3370 3716 3447 3769 Ad

1880 3801 2028 3856 hunc
2056 3811 2292 3858 montem
2319 3818 2542 3868 novum,
2599 3818 2708 3857 non
2757 3803 2866 3872 jam
2899 3803 2966 3857 ad
3015 3813 3252 3858 montem
3286 3805 3449 3860 Israel

1881 3903 2143 3951 venturos
2168 3912 2290 3952 esse
2315 3896 2601 3967 Scriptura
2621 3898 2836 3950 nuntiat
2863 3898 3093 3966 populos
3145 3899 3452 3968 multasque

1881 3995 2089 4058 gentes,
2120 3989 2399 4044 dicentes:
2444 4008 2462 4039 ι
2502 3987 2715 4053 Venite,
2742 3989 3102 4045 ascendamus
3125 3991 3189 4044 ad
3213 4003 3449 4046 montem

1880 4079 2095 4134 Domini
2123 4099 2170 4147 ;»
2205 4090 2258 4136 et
2292 4098 2398 4135 non
2431 4082 2604 4136 solum
2639 4082 2705 4135 ad
2739 4091 2975 4137 montem
3005 4083 3239 4148 Domini,
3265 4084 3357 4138 sed
3383 4083 3450 4137 ad

1881 4172 2102 4226 domum
2129 4172 2220 4228 Dei
2246 4172 2436 4236 Jacob,
2462 4190 2582 4244 quae
2611 4175 2714 4228 alia
2747 4175 3032 4231 manifeste
3055 4185 3138 4231 est
3165 4193 3229 4232 ac
3253 4178 3450 4234 domus

1881 4265 1936 4318 in
1964 4263 2290 4323 Jerusalem.
2331 4266 2490 4322 Modo
2522 4268 2665 4321 enim
2693 4284 2813 4322 eam
2843 4276 2902 4322 ut
2930 4276 3144 4323 antrum
3177 4271 3449 4326 desertam

186 4363 335 4417 θεοῦ
386 4363 594 4430 Ἰακὼϐ,
624 4364 808 4437 ἕτερον
831 4367 962 4421 ὄντα
996 4368 1151 4438 δῆλον
1181 4368 1259 4419 ὅτι
1293 4367 1442 4438 παρὰ
1475 4369 1563 4422 τὸν
1598 4371 1653 4422 ἐν
1685 4370 1779 4423 Ἰε-

1887 4357 1998 4410 fore
2025 4357 2296 4427 pradixit.
2330 4357 2448 4413 Non
2475 4361 2784 4414 inconsulto
2817 4359 3020 4415 dicitur
3047 4360 3178 4416 Sion
3209 4372 3448 4419 montem

187 4456 502 4529 ρουσαλήμο
536 4457 740 4528 ταύτην
773 4458 880 4530 γὰρ
913 4459 1288 4530 ἐρημωθεῖσαν
1322 4460 1396 4522 ὡς
1427 4460 1778 4531 ὀπωροφυλὰε-

1887 4460 1933 4506 et
1959 4449 2260 4507 Jerusalem
2297 4452 2584 4518 vastanda,
2613 4453 2716 4507 alia
2744 4461 2924 4509 autem
2979 4471 3076 4525 pro
3103 4457 3170 4511 iis
3215 4473 3451 4512 consur-

182 4518 316 4602 κιον
347 4518 568 4602 ἔσέσθαι
606 4518 795 4622 μικρῷ.
829 4518 1066 4623 πρόσθεν
1110 4553 1340 4624 εἰρήκει-
1378 4518 1685 4616 ακολούθως
1722 4553 1777 4605 δέ

1887 4553 2120 4608 rectura,
2158 4553 2212 4599 et
2236 4546 2405 4616 legem
2434 4546 2619 4610 aliam,
2660 4555 2858 4617 praeter
2879 4518 3024 4602 illam
3057 4566 3178 4619 quae
3201 4549 3370 4622 Moysi
3395 4553 3448 4606 in

178 4640 272 4712 τῷ
306 4641 371 4694 τὸ
400 4641 537 4695 Σιὼν
573 4643 698 4713 ὅρος
740 4643 834 4696 καὶ
872 4641 971 4714 τὴν
1033 4638 1384 4714 Ἰερουσαλὴμ
1422 4644 1779 4716 ἐρημωθήσε-

1887 4635 2063 4691 Iloreb
2088 4636 2212 4691 data
2268 4645 2372 4701 est,
2409 4651 2439 4691 e
2480 4652 2622 4691 novo
2672 4649 2854 4696 monte
2904 4640 3264 4710 proditurum,
3319 4643 3451 4696 Sion

180 4735 344 4801 σθαι,
395 4735 558 4808 ἔτερα
603 4735 807 4788 δ’μάντὶ
846 4736 1049 4788 τούτων
1093 4735 1446 4806 ὀφθήσεσθαι,
1491 4737 1582 4791 καὶ
1618 4737 1782 4807 νόμος

1887 4744 2096 4800 quoque
2126 4730 2266 4784 sicut
2302 4730 2486 4800 priore
2515 4733 2817 4786 nominato.
2861 4730 3095 4787 Verbum
3118 4749 3332 4804 quoque
3353 4733 3453 4788 Do-

175 4827 280 4881 ἒτε
290 4845 384 4899 ρος
405 4828 552 4900 παρὰ
581 4827 672 4880 τοῦ
700 4827 975 4890 Μωῦσέως
995 4827 1052 4893 ἐξ
1081 4827 1239 4898 δρους
1273 4829 1472 4900 Χωρὴὸ
1503 4828 1780 4900 δεδομένος

1887 4824 2013 4877 mini
2035 4838 2159 4877 cum
2186 4839 2324 4876 nova
2357 4823 2472 4893 lege
2493 4823 2696 4878 dicitur
2717 4841 2747 4879 e
2779 4839 2914 4878 nova
2936 4824 3259 4890 Jerusalem,
3286 4841 3449 4895 quam

173 4917 578 4983 ἐξελεύσεσθαι
629 4920 694 4972 ἐκ
741 4917 836 4972 τοῦ
883 4919 1069 4972 καινοῦ
1119 4920 1298 4990 ὅρους,
1348 4920 1652 4991 ὁμωνύμως
1703 4922 1779 4992 τῷ

1887 4916 2098 4970 domum
2148 4916 2241 4970 Dei
2270 4913 2440 4969 Jacob
2494 4933 2658 4987 supra
2717 4918 3027 4987 appellavit,
3083 4917 3449 4988 proditurum.

173 5011 453 5083 προτέρῳ
487 5009 624 5064 Σιὼν
655 5011 748 5064 καὶ
778 5011 944 5064 αὑτοῦ
979 5011 1402 5082 ὀνομαζομένου,
1439 5011 1672 5080 λέγεται·
1703 5014 1780 5066 ἔτι

1887 5009 2118 5065 Verbum
2153 5011 2315 5080 igitur
2344 5011 2410 5064 ad
2438 5028 2628 5066 omnes
2665 5022 2852 5081 gentes
2883 5012 3143 5081 prodiens
3169 5012 3451 5082 judicatu-

168 5105 240 5158 δὲ
283 5104 382 5158 καὶ
408 5104 563 5172 λόγος
595 5103 798 5174 Κυρίου
837 5103 971 5173 μετὰ
1004 5103 1096 5155 τοῦ
1141 5102 1325 5157 καινοῦ
1365 5103 1529 5174 νόμου
1565 5106 1779 5178 εἴρηται

1887 5119 1999 5156 rum
2032 5103 2174 5156 inter
2205 5103 2408 5158 multos
2433 5105 2662 5174 populos
2686 5111 2740 5158 c'.
2762 5113 2950 5174 gentes
2974 5103 3143 5159 fortes
3169 5112 3452 5175 correptu-

169 5200 251 5251 ἐκ
285 5199 394 5268 τῆς
427 5197 554 5261 νέας
597 5197 969 5268 Ἰερουσαλὴμ,
997 5197 1082 5266 ἢν
1116 5195 1177 5265 (f.
1213 5197 1300 5264 51)
1338 5193 1483 5250 οἷκον
1515 5198 1608 5250 τοῦ
1643 5198 1776 5250 Θεοῦ

1887 5212 1998 5250 rum
2049 5197 2373 5264 nuntiatur,
2439 5207 2760 5267 tantumque
2821 5198 3166 5268 profuturum
3237 5201 3452 5267 proprio

183 5289 405 5343 Ἰακὼϐ
439 5289 695 5360 ἀνωτέρω
730 5290 1044 5360 προσεῖπεν,
1087 5287 1526 5358 προελεύσεσθαι·
1561 5291 1588 5341 ὁ
1620 5290 1776 5358 λόγος

1887 5288 2081 5357 iudicio
2115 5299 2168 5343 et
2214 5290 2560 5360 correptione
2593 5290 2658 5344 iis
2702 5291 2792 5360 qui
2824 5291 3154 5360 corripiendi
3218 5302 3364 5354 sunt,
3397 5299 3452 5342 ut

160 5385 280 5438 ἐπὶ
316 5383 496 5436 πάντα
523 5382 589 5436 τά
621 5382 746 5451 ἔθνη
779 5379 1054 5452 προελθὼν
1085 5385 1288 5452 κρινεῖν
1317 5382 1417 5435 ἀνά
1447 5383 1609 5452 μέσον
1631 5383 1774 5437 λαῶν

1887 5380 2119 5451 priorem
2154 5384 2508 5437 immutantes
2533 5391 2785 5436 sanctum
2818 5394 2870 5438 ct
2918 5384 3170 5438 hostilem
3204 5383 3450 5437 habitum

157 5477 410 5531 πολλῶν
462 5476 554 5529 καὶ
601 5473 839 5541 ἐλέγξειν
890 5473 1018 5525 λαὸν
1076 5474 1290 5544 ἰσχυρὸν
1352 5474 1768 5545 προηγόρευται,

1887 5480 2172 5529 mansueto
2201 5483 2254 5529 et
2307 5474 2650 5544 pacilieo.....
2697 5473 2824 5530 Haec
2875 5475 3094 5546 quidem
3145 5475 3448 5548 prophetia.

155 5569 449 5623 τοσοῦτόν
484 5584 541 5619 τε
574 5566 874 5636 ὠῳελήσειν
901 5564 986 5618 διὰ
1013 5566 1107 5636 τῆς
1141 5566 1271 5628 ἰδίας
1299 5567 1526 5637 κρίσεως
1562 5569 1652 5621 καὶ
1681 5568 1770 5620 τοῦ

1887 5565 2034 5620 Nunc
2073 5582 2200 5621 vero
2235 5566 2626 5637 speculandum
2680 5584 2864 5624 an.....
2919 5568 3219 5626 Salvatoris
3280 5572 3449 5625 nostri

247 5748 300 5779 ³⁸
355 5746 515 5802 IIICI].
551 5760 590 5810 Ι,
631 5745 682 5799 5.
761 5747 802 5776 ⁸⁵
847 5744 1006 5799 Mittit.
1044 5760 1136 5808 tll,
1172 5745 1337 5810 9—H};
1380 5762 1450 5810 ιγ,
1491 5746 1605 5800 1-5.
