3936 6206
529 282 667 343 Ηᾲδ
1165 277 1434 338 EL'SEBII
1482 281 1962 338 CJESABIENSIS
1995 281 2144 339 OPP.
2188 283 2366 340 PARS
2401 285 2484 341 ill.
2527 315 2594 330 -α
2637 273 3050 340 EXEGETlCA.
3552 294 3642 352 im

527 403 872 475 praesentiam
930 408 1150 470 propter
1206 398 1656 456 :edilicantes.....
1729 402 2087 472 sanguinibus

2201 403 2409 472 ἐλέγχου
2438 404 2562 466 τοὺς
2593 401 3101 473 ἐλεγχθήσομένους,
3127 401 3200 464 ὡς
3219 399 3314 471 τῆς
3343 404 3552 476 προάρας
3580 431 3646 479 με.

529 495 912 566 prophetarum
940 491 1218 561 ipsiusque
1244 489 1445 546 Christi
1478 503 1531 546 et
1592 533 1605 546 .
1629 536 1642 548 .
1675 533 1685 545 .
1720 535 1734 550 .
1767 535 1782 549 .
1824 495 2086 549 stolorum

2201 494 2518 556 ιαδαλόντας
2560 493 2718 562 ἁγίας
2762 494 2854 545 καὶ
2899 490 3194 562 πολεμικῆς
3237 494 3559 560 καταστάσεως
3595 502 3652 553 τὴν

528 589 680 656 ejus;
707 600 844 655 quos
867 585 921 638 in
951 581 1382 653 ipsa§Jerusalem
1426 582 1736 639 Judaeorum
1768 586 1989 640 sustulit

2201 586 2395 656 ήρεμον
2425 585 2515 638 καὶ
2543 584 2812 655 εἰρηνικὸν
2838 587 2944 636 ἐπ.
2991 622 3005 635 .
3050 623 3064 634 .
3106 622 3120 635 .
3165 622 3181 636 .
3227 622 3240 634 .
3283 621 3297 635 .
3337 623 3350 636 .
3388 622 3402 638 .
3431 585 3660 658 Ταῦταμέν

529 677 811 748 (populus)
936 687 1156 746 propter
1171 691 1266 730 eos
1298 678 1389 746 qui
1409 692 1746 746 quaecunque
1781 678 1833 731 in
1858 678 2092 748 prophe-

2201 681 2222 749 ἡ
2257 677 2558 749 προφητεία
2578 694 2590 706 ⁸
2622 680 2842 730 σκοπεῖν
2867 677 2925 730 δὲ
2962 674 3220 746 πάρεστιν
3253 677 3356 745 είμ..
3379 715 3391 728 .
3416 719 3428 732 .
3452 720 3463 731 .
3490 718 3502 730 .
3526 722 3535 731 .
3563 720 3574 731 .
3593 682 3661 733 τοῦ

531 770 603 822 tia
622 767 916 824 sustul.....
944 775 1202 823 curantes
1229 766 1359 823 Sion
1381 781 1617 824 montem
1641 771 1789 823 velut
1821 784 2089 840 nusquam

2201 770 2443 840 Σωτῆρος
2462 769 2616 839 ἡμῶν
2640 769 2936 839 παρουσίαν
2949 769 3037 824 διὰ
3051 772 3175 834 τοὺς
3190 769 3662 840 οίκοδομήσαντας....-.

529 860 664 914 alias
842 855 1142 913 Jerusalem
1201 870 1506 930 expugnata
1553 871 1656 916 est.
1691 860 1933 927 Quorum
1968 870 2093 931 post

2201 864 2303 919 τοῖς
2340 860 2531 932 αἵμασι
2567 860 2675 914 τῶν
2700 849 2778 912 τε
2796 860 3083 933 προφητῶν
3101 861 3196 914 καὶ
3221 859 3371 913 αὐτοῦ
3393 861 3472 913 τοῦ
3492 863 3668 931 Χριστοῦ

531 949 964 1020 reprobationem
1134 960 1187 1005 et
1217 949 1347 1005 Sion
1376 968 1534 1008 mons
1555 955 1792 1010 caelestis
1815 953 1929 1010 Dei.
1956 954 2097 1021 Quoo

2201 955 2290 1007 καὶ
2310 971 2407 1009 τω.
2428 994 2442 1008 .
2477 996 2489 1007 .
2535 994 2549 1008 .
2584 991 2598 1006 .
2639 953 2743 1006 λων
2789 953 2972 1007 αὐτοῦ·
3008 952 3103 1017 οὓς
3137 956 3194 1007 ἐν
3225 953 3350 1024 αὐτῇ
3379 955 3435 1023 τῇ
3467 953 3669 1024 Ἰερουσα-

530 1057 650 1096 rum
677 1042 1014 1098 exsistebant
1209 1045 1402 1098 umbra
1445 1053 1499 1100 et
1531 1047 1642 1116 typi
1680 1055 1734 1101 et
1763 1047 2092 1116 exemplaria

2201 1046 2310 1116 λὴμ
2336 1049 2365 1099 ὁ
2402 1046 2668 1099 Ἰουδαίων
2693 1046 2870 1099 ἀνεῖλε
2901 1043 2930 1096 λ
2957 1085 2971 1096 .
3017 1085 3031 1100 .
3076 1085 3092 1098 .
3136 1085 3153 1101 .
3196 1086 3212 1099 .
3241 1043 3324 1097 διὰ
3344 1046 3449 1108 τοὺς
3472 1045 3526 1097 τὰ
3549 1044 3672 1098 λοιπὰ

529 1133 784 1189 omnibus
816 1134 882 1187 iis
908 1134 1000 1203 qui
1218 1133 1386 1190 Deum
1431 1153 1528 1208 per
1577 1137 1856 1193 Christum
1902 1153 2096 1211 perve-

2201 1139 2298 1190 ὃσα
2328 1137 2391 1209 δὴ
2428 1140 2484 1190 ἐν
2518 1140 2585 1208 τῇ
2629 1138 2933 1210 προφητείᾳ
2960 1137 3178 1192 κατεῖλε
3221 1175 3236 1190 .
3280 1177 3292 1188 .
3333 1176 3344 1189 .

530 1225 681 1280 nisse
713 1217 1000 1281 manifeste
1031 1226 1131 1280 visi
1159 1233 1303 1283 sunt.

2205 1230 2539 1301 μελήσαντας
2562 1231 2621 1282 τὺ
2650 1229 2786 1283 Σιὼν
2812 1230 2936 1301 ὅρος
2955 1230 3030 1294 ὡς
3050 1228 3384 1283 οὐδεπώποτε
3401 1227 3582 1280 ἄλλοτε.
3603 1267 3613 1278 .
3632 1268 3642 1281 .
3661 1265 3673 1280 .

545 1319 895 1391 Ἰερουσαλὴμ
922 1321 1370 1393 πεπολιόρκηται·
1413 1317 1489 1378 ὧν
1527 1325 1663 1395 μετὰ
1700 1326 1798 1395 τὴν
1851 1326 2125 1397 ἐρήμωσιν
2163 1327 2196 1395 ἡ
2227 1328 2299 1379 ἐπ
2338 1365 2352 1379 .
2397 1366 2410 1379 .
2455 1367 2469 1380 ,
2515 1367 2525 1377 .
2570 1366 2584 1379 .
2631 1367 2644 1379 .
2681 1325 2774 1378 καὶ
2803 1327 2864 1377 τὸ
2896 1323 3033 1377 Σιὼν
3061 1324 3188 1395 δρος
3210 1324 3271 1376 τὸ
3296 1323 3566 1395 ἐπουράνιον
3608 1319 3675 1374 τοῦ

532 1407 684 1462 Θεοῦ·
746 1404 822 1463 ῶν
854 1411 1146 1480 ἐτύγχανον
1207 1429 1240 1466 τ
1282 1453 1295 1465 .
1342 1453 1354 1465 .

532 1502 770 1574 Χριστοῦ
799 1505 1222 1576 προσεληλυθόσι
1252 1508 1652 1577 πεφανέρωται.

1105 1633 1336 1689 CAPUT
1371 1633 1512 1690 XIX.

1155 1745 1241 1798 Ea:
1268 1748 1469 1803 eodem.

1398 1454 1413 1470 .
1457 1450 1472 1466 .
1506 1414 1632 1468 σκιὰ
1681 1415 1773 1468 καὶ
1800 1415 1960 1468 τύποι
2001 1415 2095 1468 καὶ
2123 1415 2536 1485 παραδείγματα
2569 1415 2700 1466 πᾶσι
2725 1415 2834 1476 τοῖς
2868 1412 2947 1475 είς
2977 1411 3069 1465 τὸν
3114 1454 3128 1466 .
3173 1449 3188 1464 .
3234 1449 3248 1464 .
3289 1451 3304 1465 .
3346 1452 3358 1465 .
3400 1450 3412 1462 .
3451 1450 3463 1462 .
3493 1409 3590 1462 Θεὸν
3608 1407 3674 1460 διὰ

2713 1629 3105 1685 ΚΕΦΔΛΑΙΟΝ
3157 1630 3259 1684 18'.

2720 1743 2859 1798 Ἀπὸ
2899 1743 3004 1797 τοῦ
3035 1743 3244 1798 αὑτοῦ.

609 1879 628 1912 ι
667 1859 734 1913 Et
761 1867 820 1914 tu
843 1859 1176 1924 Bethlehem,
1208 1861 1404 1916 domus
1436 1861 1706 1933 Ephratag,
1744 1864 2008 1934 parvulus
2037 1881 2096 1920 es

2276 1903 2293 1934 ι
2313 1883 2422 1937 Καὶ
2444 1883 2530 1945 σὺ,
2565 1880 2760 1951 Βηθλεέ
2768 1899 2827 1951 μ,
2848 1875 2992 1943 οἶκος
3025 1879 3117 1933 τοῦ
3135 1880 3392 1952 Ἐφραθὰ,
3419 1880 3634 1950 ὀλιγοστὸς
3649 1877 3686 1936 εί

536 1953 590 2006 in
637 1953 876 2009 millibus
915 1951 1098 2018 Juda;
1146 1969 1211 2008 ex
1261 1963 1315 2010 te
1347 1955 1480 2009 mihi
1543 1955 1852 2025 egredietur
1901 1959 1994 2027 qui
2029 1959 2100 2013 sit

537 2042 854 2098 Dominator
883 2045 938 2098 in
965 2042 1152 2109 lsrael,
1187 2054 1241 2100 et
1272 2060 1528 2117 egressus
1578 2047 1698 2116 ejus
1727 2047 1795 2101 ab
1852 2049 2038 2112 initio,
2068 2063 2100 2101 a

533 2135 726 2190 diebus
771 2137 1094 2191 aeternitatis
1138 2137 1208 2168 ⁸⁸·
1244 2156 1263 2189 ι
1483 2137 1581 2193 His
1626 2140 1981 2195 stabiliuntur
2033 2141 2100 2196 de

534 2226 753 2282 Christo
775 2226 1117 2281 documenta.
1145 2225 1324 2282 Unum
1369 2244 1499 2284 vero
1534 2229 1848 2294 Marcionis,
1884 2241 2101 2286 caetero-

537 2325 764 2387 rumqne
786 2317 1164 2373 haereticorum
1194 2317 1402 2374 erroris
1592 2321 1821 2375 alterum
1853 2321 2101 2376 Artemo-

537 2412 622 2465 nis
651 2417 703 2464 ct
731 2409 1084 2467 Samosatens
1278 2411 1657 2468 Ehionaeorum
1690 2424 1958 2484 quotquot
1990 2431 2097 2469 non

2200 1972 2292 2027 τοῦ
2330 1971 2468 2026 εἶναι
2509 1971 2589 2042 ἐ(ν
2662 1971 2919 2041 χιλι)ἁσιν
2967 1969 3158 2023 Ἰούδα·
3190 1969 3250 2034 ἐξ
3279 1962 3337 2022 οὗ
3371 1989 3450 2040 μοι
3478 1970 3686 2034 ἐξελεύσε-

2196 2084 2284 2119 ται
2318 2065 2481 2133 Ἦγού
2491 2081 2648 2135 μενος
2683 2062 2776 2115 τοῦ
2800 2057 2937 2114 εἶναι
2963 2063 3042 2124 είς
3065 2059 3343 2132 ἄρχο(ντα)
3362 2063 3412 2114 ἐν
3431 2061 3498 2131 τῷ
3511 2061 3686 2131 Ἰσραήλο

2197 2158 2290 2210 καὶ
2329 2157 2382 2209 αἱ
2407 2155 2571 2222 ἔξοδοι
2600 2153 2764 2208 αὑτοῦ
2790 2155 2884 2206 ἀπ’
2909 2153 3081 2224 ἀρχῆς
3099 2153 3160 2219 ἐξ
3188 2151 3402 2222 ἡμερῶν
3425 2151 3686 2204 αίὼνων....ι

2200 2248 2300 2301 Διὰ
2325 2248 2529 2300 τούτων
2560 2247 2822 2316 δείγματα
2863 2246 2990 2314 περί
3027 2243 3120 2297 τοῦ
3154 2243 3382 2316 Χριστοῦ
3415 2243 3688 2314 παρίσταται·

2198 2339 2255 2391 ἒν
2290 2340 2392 2409 μὲν
2417 2339 2516 2409 τῆς
2550 2338 2732 2408 (κα)τὰ
2765 2336 3066 2408 Μαρκίωνα
3100 2336 3198 2390 καὶ
3236 2337 3358 2399 τοὺς
3377 2335 3566 2400 λοιποὺς
3582 2339 3690 2405 αἱρε-

2201 2431 2400 2495 σιὼτας
2430 2431 2633 2502 πλάνης
2668 2433 2692 2483 ἐ
2734 2470 2747 2484 .
2794 2471 2807 2484 .
2851 2471 2863 2482 .
2909 2469 2922 2482 .
2967 2470 2981 2482 .
3029 2472 3041 2484 ,
3088 2471 3101 2484 .
3146 2469 3160 2481 .
3207 2471 3222 2484 .
3270 2470 3284 2482 .
3315 2429 3519 2499 Θάτερον
3547 2429 3591 2482 δὲ
3620 2427 3692 2497 τῆς

537 2503 914 2570 praeessistere
953 2504 1346 2560 incarnationis
1553 2517 1933 2576 susceperunt.
1990 2506 2101 2564 Hos

2201 2522 2338 2577 κατὰ
2366 2522 2678 2595 Ἀρτέμωνα
2708 2523 2800 2575 καὶ
2821 2521 3230 2590 τδνΣαμοσατέ.
3278 2563 3292 2576 .
3323 2560 3339 2575 .
3370 2561 3383 2573 .
3421 2561 3433 2574 .
3460 2561 3472 2573 .
3503 2562 3516 2576 .
3550 2518 3692 2572 Ὲὸιω-

536 2595 679 2649 enim
715 2597 807 2665 qui
855 2611 964 2650 non
1009 2595 1340 2651 conﬁtentur
1380 2613 1504 2652 eum
1698 2596 1866 2652 Deum
1917 2605 2100 2668 aperte

2201 2614 2363 2667 ναίων
2394 2631 2454 2666 τε
2492 2614 2604 2666 ὅσοι
2629 2612 2704 2682 μὴ
2728 2615 2970 2683 προεῖναι
3001 2611 3102 2681 τῆς
3124 2610 3565 2681 ὲνανθρωπήσεως
3597 2650 3608 2662 .
3640 2646 3652 2660 .
3680 2646 3692 2659 .

536 2686 884 2757 propheticus
931 2687 1180 2742 confutat
1232 2703 1412 2743 sermo
1583 2690 1741 2759 quasi
1801 2707 1818 2739 ι
1847 2705 2102 2756 egressus

2201 2742 2217 2756 .
2261 2741 2273 2753 .
2317 2739 2332 2754 .
2377 2741 2390 2754 .
2433 2701 2793 2773 ὑπειλήφασιν
2816 2718 2829 2730 ·
2874 2703 3000 2764 τοὺς
3047 2700 3145 2770 μὲν
3195 2699 3302 2772 γὰρ
3340 2699 3409 2771 μὴ
3443 2696 3696 2768 ὁμολογοῦν-

535 2775 657 2845 ejus
687 2778 757 2830 ab
783 2777 962 2841 initio,
989 2793 1019 2832 a
1050 2778 1240 2832 diebus
1261 2777 1579 2833 aeternitatis
1617 2797 1636 2829 ι
1807 2777 2101 2837 Marcionis

2201 2808 2295 2855 τας
2328 2791 2504 2845 αὑτὸν.
2549 2830 2564 2844 .
2609 2833 2621 2845 .
2666 2830 2681 2844 .
2725 2830 2738 2843 .
2782 2831 2798 2846 .
2843 2834 2855 2848 .
2900 2831 2914 2844 .
2958 2833 2971 2845 .
3015 2832 3030 2846 .
3065 2792 3201 2846 Θεὸν
3236 2791 3413 2860 σαφῶς
3443 2792 3468 2842 ὁ
3496 2804 3697 2860 προφητι-

537 2877 719 2924 autem
748 2877 803 2924 et
832 2879 1056 2925 caeteras
1239 2869 1294 2923 in
1318 2883 1504 2923 errore
1526 2869 1758 2924 versatis
1786 2877 1950 2940 atque
1990 2887 2099 2926 non

2202 2883 2296 2945 κὸς
2323 2881 2585 2953 διελέγχει
2613 2883 2770 2951 λόγος
2801 2901 2859 2936 τε
2904 2922 2918 2936 .
2963 2923 2978 2937 .
3023 2923 3038 2939 .
3082 2924 3095 2936 .
3141 2924 3156 2937 .
3204 2925 3218 2936 .
3264 2923 3277 2936 .
3321 2925 3334 2937 .
3377 2921 3392 2935 .
3434 2924 3447 2936 .
3487 2922 3498 2934 .

537 2962 956 3031 agnoscentibus
1027 2977 1150 3017 eum
1205 3001 1218 3016 .
1254 3000 1311 3014 ..
1343 3001 1356 3014 .
1398 3000 1413 3014 .
1477 2975 1586 3015 non
1661 2963 1806 3032 quod
1882 2964 2100 3034 agnitus

2206 2994 2224 3026 ι
2251 2977 2307 3029 αἱ
2337 2975 2503 3040 ἔξοδοι
2532 2977 2696 3030 αὐτοῦ
2727 2980 2822 3031 ἀπ’
2850 2978 3023 3048 dig-ﬁ];
3065 2997 3084 3028 ι
3115 2979 3213 3031 καὶ
3250 2997 3270 3028 ι
3305 2977 3359 3042 ἐξ
3389 2975 3578 3046 ἡμερῶν
3596 2991 3692 3025 α...»

535 3063 705 3108 erata
749 3055 950 3124 populo
1144 3052 1539 3109 ostendendum
1588 3054 1734 3124 quod
1782 3056 2098 3126 praadictum

2206 3106 2218 3120 .
2263 3110 2278 3124 .
2325 3109 2338 3122 .
2382 3108 2396 3120 .
2443 3110 2455 3122 .
2501 3110 2513 3122 .
2558 3107 2573 3122 .
2613 3087 2783 3123 νουσι·
2810 3074 2922 3134 τοίς
2956 3071 3013 3123 δέ
3045 3069 3186 3124 κατὰ
3218 3070 3502 3142 Μαρκίωνα
3531 3064 3696 3126 καὶτὰς

536 3152 621 3201 est
649 3145 715 3201 de
739 3146 1089 3217 generatione
1259 3146 1350 3199 lux
1373 3160 1546 3215 usque
1570 3161 1718 3201 nunc
1751 3147 1819 3202 ab
1843 3146 1978 3218 ipsis
2011 3150 2098 3204 in-

2204 3159 2394 3223 λοιπὰς
2435 3198 2448 3212 .
2493 3201 2507 3212 .
2554 3200 2566 3212 .
2613 3201 2627 3215 .
2668 3202 2683 3216 .
2728 3201 2754 3236 ,η
2790 3205 2800 3216 .
2845 3203 2860 3216 .
2904 3202 2918 3215 .
2965 3205 2979 3218 .
3025 3204 3038 3218 .
3078 3180 3192 3226 σεις
3220 3163 3614 3234 πεπλανημένοις
3634 3159 3699 3212 καὶ

536 3237 672 3294 colis
833 3237 1000 3304 Quasi
1020 3253 1087 3292 ex
1123 3237 1417 3293 traditione
1449 3237 1503 3291 in
1531 3236 1843 3295 Bethlehem
1876 3241 1980 3295 loci
2009 3241 2100 3296 ubi

2209 3252 2283 3323 μὴ
2319 3252 2665 3324 ὁμολογοῦσιν
2698 3255 2817 3308 αὐτ.
2863 3295 2876 3308 .
2920 3294 2934 3309 .
2979 3297 2994 3310 .
3039 3299 3052 3312 .
3096 3297 3110 3310 .
3154 3298 3170 3312 .
3214 3295 3229 3311 .
3273 3297 3288 3310 .
3329 3295 3342 3308 .
3383 3262 3424 3328 ρ’
3459 3253 3697 3322 καγένεσινι

693 3329 909 3400 genitus
936 3337 1056 3397 est;
1107 3337 1272 3400 atque
1302 3331 1372 3385 ab
1425 3331 1559 3400 ipsis
1591 3331 1796 3386 sanctis
1832 3333 2101 3404 evangeli-

2209 3343 2328 3415 μηδ’
2356 3345 2438 3397 ὃτι
2494 3344 2730 3414 ἔγνωστο
2756 3347 2861 3400 ὑπὸ
2891 3346 3000 3400 τῶν
3034 3348 3127 3401 τοῦ
3167 3348 3360 3418 δημιου
3398 3385 3411 3398 .
3451 3386 3464 3399 .
3503 3389 3514 3401 .
3551 3387 3562 3398 .
3597 3383 3609 3397 .
3641 3379 3651 3394 .
3679 3355 3700 3391 ν

537 3421 639 3476 stis
809 3419 868 3472 Et
892 3419 1095 3477 ludatis
1127 3421 1524 3478 ostendendum
1557 3424 1703 3493 quod
1752 3424 1958 3478 dictum
2017 3434 2100 3478 est

2205 3435 2539 3507 παραοετέον
2565 3437 2656 3491 τδν
2691 3440 3168 3510 προφητευόμενον
3202 3439 3301 3509 τῆς
3335 3438 3572 3507 γενέσεως
3602 3475 3613 3488 .
3645 3475 3656 3486 .
3685 3469 3696 3484 .

676 3512 986 3582 quicunque
1017 3528 1253 3584 unquam
1278 3522 1425 3570 esset
1464 3514 1794 3570 contendere
1820 3516 2099 3586 propheti—

2208 3563 2222 3581 .
2266 3565 2280 3580 .
2325 3569 2337 3579 .
2383 3567 2396 3580 .
2441 3570 2454 3582 .
2499 3570 2511 3582 .
2557 3569 2570 3582 .
2613 3546 2681 3583 σα
2711 3530 2825 3600 φῶς
2860 3533 2938 3595 εἰς
2967 3530 3126 3604 δεῦρο
3163 3533 3257 3586 καὶ
3293 3531 3424 3600 πρὸς
3450 3528 3600 3582 αὐτῶν
3623 3524 3702 3598 τῶι

537 3611 715 3658 satum
748 3603 890 3660 sicut
939 3605 1312 3675 imperfectum
1506 3608 1804 3663 secundum
1836 3623 1952 3664 eos.
1987 3607 2101 3663 Ma-

2205 3619 2512 3691 ὲπιχωρίων
2542 3620 2744 3690 μολάγο
2770 3663 2784 3675 .
2831 3661 2843 3674 .
2887 3660 2910 3684 .,
2945 3658 2961 3674 .
3004 3661 3020 3674 .
3061 3603 3112 3673 υ·
3139 3621 3216 3685 ὼς
3247 3620 3314 3674 ἂν
3335 3620 3400 3672 ἐκ
3424 3613 3699 3688 παραδόσεως

537 3693 793 3750 nifestum
824 3705 1005 3751 autem
1034 3697 1180 3768 quod
1209 3703 1264 3753 et
1289 3699 1559 3754 mendacii
1603 3715 1832 3770 arguere
1857 3699 2098 3756 divinam

2203 3709 2295 3762 τοῦ
2323 3711 2380 3770 ὲν
2408 3710 2651 3782 Βηθλεέμ
2676 3711 2838 3766 τόπου
2863 3712 2989 3766 ἔνθα
3031 3754 3045 3767 .
3087 3751 3100 3764 .
3145 3751 3160 3766 .
3206 3751 3221 3766 .
3263 3752 3276 3765 .
3318 3749 3335 3766 .
3377 3753 3390 3766 .
3426 3707 3697 3778 γεγέννηται·

677 3787 1070 3856 ριάξνίεἱοιιθηι.
1106 3787 1263 3854 Quod
1293 3789 1511 3860 quidem
1559 3791 1820 3846 salutaris
1847 3798 1902 3846 et
1934 3807 2100 3846 evan-

2206 3804 2298 3856 καὶ
2328 3804 2462 3874 πρὸς
2498 3805 2675 3859 αὐτῶν
2711 3805 2768 3858 δὲ
2810 3805 2917 3857 τῶν
2953 3805 3113 3876 ίερῶν
3143 3801 3522 3875 εὐαγγελιστῶν
3554 3837 3567 3852 .
3601 3835 3613 3848 .
3645 3835 3655 3846 .
3685 3829 3696 3841 ο

536 3876 742 3947 gelicus
766 3877 970 3935 Christi
999 3895 1180 3935 sermo
1207 3880 1460 3951 princeps
1483 3882 1815 3942 constitutus
1830 3891 1914 3939 est
1937 3884 2100 3954 spiri-

2203 3896 2553 3967 τυρουμένου·
2597 3898 2691 3950 καὶ⁸
2745 3897 3014 3961 Ἰουδαίοις
3050 3897 3106 3951 δέ
3141 3895 3466 3970 προσακτέον
3496 3891 3545 3944 τὲ
3580 3884 3699 3958 ῥητὸν

534 3969 661 4023 talis
691 3967 878 4035 lsrael,
903 3972 1120 4042 preprie
1145 3971 1452 4028 absconditi
1483 3972 1653 4029 Judaei
1691 3983 1746 4032 et
1763 3977 1942 4032 omnis
1963 3992 2100 4047 prae-

2207 4022 2224 4039 .
2267 4023 2281 4036 .
2325 4023 2340 4038 .
2382 4026 2398 4037 .
2442 4024 2454 4037 .
2500 4026 2514 4040 .
2560 4027 2573 4040 .
2619 4026 2633 4039 .
2674 4004 2794 4040 υσιν
2832 3989 2892 4052 ὃς
2923 3988 3006 4051 τίς
3041 3989 3160 4042 ποτ’
3189 3989 3274 4059 εἴη
3308 3973 3700 4057 παραστῆσαιτδν

536 4061 782 4118 cellentis
815 4069 870 4118 et
902 4063 1235 4134 perspicacis
1275 4065 1470 4120 animae
1512 4066 1677 4122 Israel
1910 4071 2101 4126 existi-

2207 4077 2678 4147 προφητευόμενον
2703 4079 2778 4141 ὡς
2800 4077 2962 4155 ἀτελῆ
3003 4118 3018 4134 .
3062 4118 3078 4134 .
3121 4117 3138 4132 .
3178 4121 3192 4135 .
3235 4079 3352 4133 κατ’
3373 4071 3563 4136 αὐτούς·
3583 4066 3701 4140 δῇλο*

537 4160 714 4210 malae.

2206 4168 2250 4220 δ’
2279 4169 2358 4222 ὃτι
2387 4170 2478 4222 καὶ
2505 4171 2674 4242 ψευδῆ
2703 4171 3069 4243 διελέγχεσθαι
3089 4172 3185 4244 τὴν
3216 4171 3364 4226 θείαν
3400 4213 3414 4226 .
3453 4208 3467 4223 .
3504 4206 3518 4222 .
3553 4208 3565 4220 .
3597 4201 3610 4216 ο
3640 4197 3654 4214 ο
3683 4191 3702 4214 ο

535 4249 853 4322 πρόρρησιν·
903 4253 933 4306 ὃ
972 4269 1037 4322 γε
1081 4252 1186 4324 μὴν
1229 4255 1492 4326 σωτήριος
1528 4256 1622 4310 καὶ
1653 4257 2004 4328 εὐαγγελικὸς
2037 4263 2132 4316 τοῦ
2169 4267 2404 4337 Χριστοῦ
2448 4266 2604 4337 λόγος
2641 4269 2821 4340 ἄρχων
2859 4269 3090 4340 κατέστη
3134 4269 3229 4323 τοῦ
3283 4264 3462 4337 νοητοῧ
3516 4253 3699 4329 Ἰσραῆλν

537 4343 739 4413 κυρίως
761 4344 855 4398 τοῦ
878 4347 937 4399 ἐν
964 4347 1192 4419 κρυπτῷ
1237 4349 1490 4403 Ἰουδαίου
1523 4352 1616 4405 καὶ
1649 4354 1832 4426 πάσης
1855 4356 1955 4426 τῆς
1986 4358 2240 4431 ἐναρέτου
2270 4363 2364 4416 καὶ
2389 4363 2699 4437 διοραιικῆς
2729 4365 2905 4436 ψυχῆς
2939 4365 3156 4437 Ἰσραὴλ
3195 4402 3210 4419 .
3255 4405 3269 4417 .
3312 4405 3325 4418 .
3366 4403 3378 4416 .
3422 4401 3435 4415 .
3473 4401 3487 4417 .

535 4437 848 4508 νοουμένης.

601 4568 667 4633 (E
691 4568 903 4628 Nahnm
942 4574 1078 4629 nihil
1127 4577 1264 4633 satis
1299 4590 1660 4653 compertum,
1705 4600 1806 4640 nec
1830 4601 1936 4642 non
1961 4603 2031 4644 ext
2135 4599 2179 4655 υ

1164 4668 1464 4744 Habacuc.)

1129 4805 1360 4864 CAPUT
1382 4808 1500 4865 XX.

1123 4917 1170 4972 Ε
1215 4918 1504 4990 Sophonia.

608 5046 630 5080 ‹
666 5027 1007 5100 Quapropter
1038 5040 1292 5101 exspecta
1325 5050 1432 5097 me,
1466 5032 1598 5088 dicit
1623 5033 1905 5103 DOmintls,
1937 5039 1991 5093 in
2013 5039 2100 5094 die

532 5122 960 5177 resurrectionis
1015 5138 1148 5177 mea:
1194 5124 1251 5179 in
1308 5124 1551 5182 futurum
1593 5144 1608 5193 ;
1660 5131 1787 5200 quia
1829 5132 2094 5200 judicium

533 5229 736 5278 meum,
764 5223 1164 5284 utcongregem
1188 5225 1377 5286 gentes
1405 5225 1460 5272 et-
1503 5221 1754 5291 colligam
1788 5238 1952 5294 rcgna
1975 5225 2041 5280 ³⁷.
2076 5244 2094 5277 ›

533 5301 598 5355 Et
623 5317 719 5372 per
763 5305 868 5360 ista
891 5305 1087 5376 opinor
1117 5307 1413 5377 significari
1443 5323 1471 5362 α
1519 5313 1752 5367 mortuis
1777 5313 1979 5370 Christi
2013 5331 2100 5370 re-

535 5394 964 5462 surrectionem;
1023 5413 1130 5466 qua
1185 5400 1498 5464 evenientc,
1567 5395 1804 5472 undique
1855 5405 2094 5473 gentium

533 5477 789 5540 Ecclesiae
816 5490 1266 5560 congregationes
1293 5493 1685 5550 constituenda:
1720 5497 2092 5565 prtenuntian-

607 5661 670 5696 ⁸⁸⁸
695 5664 852 5718 Mich.
888 5682 940 5728 γ,
970 5664 1030 5720 ‘2.
1102 5666 1144 5698 ⁵⁷
1188 5667 1352 5734 Soph.
1393 5687 1450 5724 ill
1475 5711 1487 5734 ,
1521 5675 1570 5728 8.

3525 4353 3700 4412 ..ἐπι-

2293 4583 2420 4654 (Τοῦ
2460 4583 2655 4654 Ναοὶιμ
2688 4583 2852 4652 σαφὲς
2883 4582 3057 4648 οὐδὲν,
3089 4583 3182 4636 καὶ
3209 4581 3305 4636 τοῦ
3345 4570 3682 4651 ’Δμῦακούμ.)-

2729 4802 3124 4864 ΚΕΦΔΛΛΙΟΝ
3159 4810 3243 4863 κν.
3289 4775 3296 4786 ’
3337 4803 3343 4808 ‘

2677 4923 2809 4978 Ἀπὸ
2845 4924 2952 4978 τοῦ
2990 4924 3301 4994 Σοφονίου.

2283 5061 2304 5093 ι
2341 5041 2438 5094 Διὰ
2461 5032 2618 5093 τοῦτο
2651 5039 2938 5110 ὑπόμεινὸν
2969 5057 3058 5109 με,
3091 5038 3237 5108 λέγει
3268 5041 3474 5107 Κύριος,
3504 5033 3570 5094 εἰς
3593 5023 3691 5097 iliii"

2209 5149 2308 5203 ραν
2348 5130 2693 5194 ἁναστάσεώς
2738 5148 2836 5201 μου
2871 5133 2950 5194 εἰς
2994 5129 3301 5204 μαρτύριονο
3334 5127 3452 5180 διότι
3489 5123 3538 5176 τὸ
3562 5114 3689 5189 κρῖμά

2212 5240 2310 5292 μου
2337 5225 2416 5284 εἰς
2452 5221 2512 5291 (Υ.
2548 5223 2609 5276 3i
2644 5222 2720 5292 νο)
2763 5221 3080 5290 συναγωγὰς
3109 5220 3274 5274 ἐθνῶν
3304 5217 3390 5272 τοῦ
3419 5205 3687 5276 εἰσδέξαεθαι

2208 5314 2460 5384 βασιλεῖς.
2498 5335 2514 5365 ›
2559 5314 2668 5368 Καὶ
2703 5313 2787 5367 διὰ
2825 5313 3027 5366 τούτων
3069 5308 3220 5382 οἶμαι
3249 5305 3509 5402 δηλοῦσθαι
3536 5300 3616 5370 τήν

2203 5408 2410 5479 νεκρῶν
2449 5409 2742 5462 ἀνάστασιν
2781 5405 2873 5459 τοῦ
2926 5404 3180 5476 Χριστοῦ·
3214 5399 3279 5475 ἧς
3324 5396 3581 5470 γενομένης
3616 5395 3684 5487 if;

2202 5498 2472 5568 πανταχοῦ
2495 5498 2808 5567 συναγωγὰς
2832 5496 2928 5567 τῆς
2955 5495 3010 5562 ἐξ
3038 5494 3206 5549 ἐθνῶν
3219 5491 3401 5561 Ἐκκλη
3412 5487 3512 5549 σίας
3539 5491 3688 5565 σπη’
