3950 6218
270 220 405 276 ιιιδ

263 340 448 391 σεσθαι
475 336 893 409 προφητεύεται’
933 339 1062 402 ἴσως
1090 338 1133 394 δ’
1156 338 1221 393 ἂν
1252 342 1344 394 καὶ
1372 359 1464 395 τετ
1508 382 1520 395 .
1565 382 1577 395 .

260 429 516 501 δευτέρας
553 430 716 483 αὐτοῦ
763 431 1083 501 παρουσίαςο
1130 434 1223 485 καὶ
1271 434 1369 502 τῆς
1412 434 1641 487 καθόλου
1686 433 1823 488 πάν-

262 540 368 578 των
406 562 420 575 .
465 562 478 575 .
524 561 536 575 .
580 562 593 575 .
638 560 651 574 .
696 562 709 575 .
751 560 765 573 .
809 560 822 573 .
864 521 1128 594 κληφθείη
1155 522 1223 575 τὰ
1252 523 1391 577 κατὰ
1419 525 1508 577 τὸν
1539 525 1721 578 τόπον.

644 636 771 706 (Τοῦ
800 635 1051 704 Ἀγγαίου
1085 636 1252 705 σαφὲς
1279 636 1475 704 οὐδέν.)

760 748 1151 801 ΚΕΦΑΛΑΙΟΝ
1195 749 1322 801 ΚΑ’.

749 863 880 916 Ἀπὸ
919 864 1024 918 τοῦ
1063 865 1344 933 Ζαχαρία.

337 1016 355 1047 ι
406 1036 419 1048 .
464 1038 477 1050 .
522 1038 536 1050 .
582 1036 597 1051 .
642 1038 655 1050 .
700 1037 714 1051 .
758 998 1173 1071 παντοκράτωρ,
1238 1000 1443 1055 ὐπίσω
1503 1000 1660 1072 δόξης
1719 1005 1827 1057 ἀπ-

258 1086 483 1140 έσταλκε
515 1104 581 1156 με
616 1087 708 1139 ἐπὶ
731 1086 800 1140 τά
839 1126 852 1139 .
896 1125 910 1140 .
953 1128 967 1141 .
1012 1129 1026 1141 .
1068 1130 1081 1142 .
1128 1130 1140 1142 .
1185 1129 1200 1145 .
1241 1089 1473 1145 εύσαντα
1500 1093 1660 1163 ὑμᾶς’
1685 1113 1703 1146 ι
1731 1090 1827 1146 εἶτ’

259 1177 509 1246 ἐπιφέρει
542 1177 679 1248 μετὰ
717 1177 920 1249 βραχέα
951 1178 1144 1247 λέγων,
1187 1198 1205 1232 ι
1240 1181 1577 1252 (γνώσε)σθε,
1607 1186 1688 1238 ὅτι
1718 1186 1829 1239 Κύ-

259 1284 371 1339 ριος
397 1269 789 1343 παντοκράτωρ
809 1272 1115 1328 ἀπέσταλκέ
1140 1293 1224 1345 με.
1243 1296 1261 1328 ι
1282 1278 1339 1331 '0
1363 1277 1537 1346 λέγων
1558 1278 1594 1331 ά
1622 1321 1634 1333 .
1665 1318 1678 1332 .
1712 1318 1726 1333 .
1762 1322 1774 1334 .
1810 1321 1823 1334 .

261 1374 328 1426 με
379 1356 581 1429 Κύριός
627 1362 741 1412 ἐστι
794 1364 1211 1435 παντοκράτωρο
1267 1366 1525 1431 ὡσαύτως
1570 1369 1628 1423 δὲ
1678 1371 1769 1423 καὶ
1800 1372 1829 1424 6

257 1451 365 1503 ἀπο
389 1490 403 1505 .
448 1490 465 1505 .
508 1493 521 1507 .
566 1492 580 1507 .
626 1493 641 1507 .
686 1492 711 1513 .,
732 1454 887 1525 θερος
914 1455 989 1510 ὢν
1018 1456 1110 1509 τοῦ
1135 1458 1597 1531 άποστελλομὲνου
1624 1462 1827 1531 Κύριος

254 1537 569 1613 ὠνόμασται
611 1563 714 1599 παν
756 1587 769 1600 .
813 1586 827 1599 .
871 1587 886 1601 .
931 1587 944 1600 .
988 1588 1003 1603 .
1048 1589 1061 1602 .
1106 1591 1120 1604 .
1164 1591 1179 1604 .
1218 1550 1442 1614 εἰκότως
1477 1548 1568 1606 οὖν
1609 1555 1738 1624 ἡμῖν
1770 1557 1826 1608 ὲν

253 1637 368 1698 τοῖς
400 1638 526 1708 περὶ
554 1639 766 1710 Πατρὶς
788 1642 880 1693 καὶ
912 1641 1040 1694 Υἱοῦ
1084 1680 1097 1695 .
1141 1682 1155 1697 .
1199 1683 1214 1699 .
1260 1686 1274 1698 .
1319 1684 1332 1698 .
1378 1685 1391 1699 ,
1435 1684 1449 1698 .
1496 1686 1510 1700 .
1550 1647 1609 1700 τὸ
1640 1648 1820 1719 ῥητὸν,

252 1723 333 1777 ὃτι
362 1726 455 1779 καὶ
490 1727 691 1799 Κύριος
724 1732 1113 1803 παντοκράτωρ
1145 1733 1173 1785 6
1208 1733 1299 1787 τοῦ
1335 1734 1469 1789 Θεοῦ
1512 1776 1524 1788 .
1569 1779 1584 1791 .
1629 1777 1643 1791 .
1686 1778 1702 1794 .
1746 1782 1760 1795 .
1802 1779 1819 1795 .

252 1815 438 1888 ῶσπερ
466 1821 559 1874 καὶ
586 1822 716 1884 Θεὸς
737 1822 823 1875 διά
849 1824 957 1877 τῶν
984 1827 1275 1896 προφητῶν
1305 1830 1689 1901 ἐχρημάτισεν.

760 1998 1156 2055 ΚΕΦΑΛΛΙυΝ
1194 2006 1320 2059 ΚΒ’.

864 2092 973 2146 Τοῦ
1026 2095 1233 2148 αὑτοῦ.

252 2234 266 2249 .
344 2234 358 2247 .
438 2238 453 2253 .
500 2218 518 2251 ι
548 2202 641 2255 καὶ
664 2203 973 2274 εὐφραίνου,
1003 2206 1239 2282 θύγατερ
1263 2211 1419 2277 Σιὼν,
1446 2214 1527 2268 ὅτι
1553 2216 1680 2281 ἰδοὺ,
1710 2218 1821 2288 ἐγὼ

249 2285 499 2379 ξρχομαι,
526 2293 619 2346 καὶ
695 2333 710 2347 .
788 2335 801 2348 .
881 2337 894 2350 .
972 2300 1235 2371 σκηνώσω
1265 2305 1322 2357 ἐν
1348 2305 1497 2377 μέσῳ
1525 2325 1640 2374 σου,
1672 2285 1819 2379 λέγει

246 2376 468 2448 Κύριος.
505 2382 613 2434 Καὶ
657 2387 1082 2455 καταφεύξονται
1158 2432 1171 2445 .
1256 2442 1265 2449 ,
1349 2424 1381 2449 ,λ
1440 2376 1567 2452 ολλά
1608 2401 1701 2455 ἐπὶ
1727 2376 1821 2457 τὸν

247 2469 449 2541 Κύριον
477 2473 527 2526 ὲν
571 2478 633 2546 τῇ
662 2477 841 2548 ἡμέρᾳ
872 2479 1075 2553 ἐκείνῃ,
1106 2485 1201 2537 καὶ⁸
1228 2484 1438 2541 ἔσονται
1468 2490 1535 2542 αὑ
1612 2534 1626 2547 .
1702 2532 1719 2547 .
1799 2536 1814 2550 .

247 2558 391 2625 λαὸν,
431 2564 525 2617 καὶ
562 2570 1074 2640 κατασκηνὼσουσιν
1101 2576 1161 2627 ἐν
1209 2577 1359 2649 μέσῳ
1387 2598 1501 2646 σου,
1537 2584 1631 2637 καὶ
1705 2625 1719 2639 .
1798 2627 1813 2641 .

246 2652 449 2725 γνώσῃ,
528 2695 543 2710 .
620 2697 634 2710 .
714 2698 727 2713 .
808 2699 822 2713 .
901 2702 914 2715 .
990 2668 1390 2742 παντοκράτωρ
1418 2672 1817 2748 άπέσταλκέμε

245 2745 383 2836 πρὸς
420 2748 497 2801 σέ.
534 2768 552 2801 ι
600 2751 708 2804 Καὶ
742 2753 825 2817 τίς
899 2794 912 2808 .
991 2796 1009 2812 .
1089 2800 1103 2813 .
1179 2764 1208 2814 6
1239 2763 1411 2818 ταῦτα
1454 2767 1677 2836 φάσκων
1720 2745 1815 2826 καὶ

243 2835 517 2906 ὁμολογῶν
564 2842 896 2899 ἀπεστάλθαι
945 2849 1048 2902 ὑπὸ
1083 2835 1545 2929 Παντοκράτορος,
1582 2860 1614 2932 ἢ
1651 2864 1678 2916 ὁ
1720 2864 1814 2918 τοῦ

1283 225 1574 282 ΕΕΙΑΟΟΑΕ
1614 225 2090 286 ΡΒΟΡἩΕἸΊΟΑΞ.
2126 265 2193 274 -
2232 234 2356 290 LIB.
2391 236 2477 293 III.

3364 242 3496 299 Ηιϐ

1624 381 1635 393 .
1680 382 1692 395 .
1735 341 1831 411 τῆς
1860 345 1905 403 Α
1937 349 2059 410 tur;
2095 344 2277 401 forsan
2333 357 2525 403 et
2561 350 2799 405 secundo
2848 352 2968 420 ejus
3016 353 3269 410 adventu.
3321 362 3500 429 Atque

1932 436 2307 493 universorum
2486 442 2860 512 subriperelur
2893 443 2959 499 de
2992 445 3095 499 hoc
3131 447 3271 501 loco.

2178 643 2274 713 (Ex
2310 648 2502 715 Aggazo
2543 646 2678 699 nihil
2721 648 2856 701 satis
2890 650 3277 719 compertum.)

2392 799 2399 803 .
2507 756 2736 813 CAPUT
2778 760 2914 816 XXI.

2528 870 2576 924 E
2602 869 2888 925 lac/uaria.

2003 998 2022 1031 ‹
2065 980 2223 1051 (Quia
2263 980 2379 1038 haac
2429 984 2562 1038 dicit
2614 984 2895 1044 Dominus)
2945 989 3290 1058 omnipotens
3321 1008 3336 1045 :
3364 990 3494 1049 Post

1929 1073 2155 1145 gloriam
2214 1076 2364 1131 misit
2414 1092 2500 1131 me
2544 1077 2608 1131 ad
2659 1076 2873 1148 (gentes
2917 1094 3038 1148 qua:
3097 1082 3493 1154 spolia)verunt

1928 1181 2025 1220 vos
2054 1166 2122 1220 ⁸⁸.
2172 1185 2190 1218 ι
2230 1164 2361 1220 Dein
2394 1182 2501 1221 non
2533 1168 2705 1223 multo
2743 1178 2867 1239 post
2920 1171 3109 1241 adjicit
3142 1191 3155 1227 :
3195 1193 3213 1224 ι
3250 1172 3315 1227 Ει
3352 1176 3497 1233 scies

1928 1258 2056 1327 quia
2093 1256 2358 1314 Dominus
2405 1260 2748 1330 omnipotens
2787 1264 2938 1317 misit
2995 1280 3079 1319 me
3133 1266 3201 1320 ad
3251 1274 3304 1321 te
3337 1267 3406 1321 ⁸³.
3466 1287 3488 1322 ι

1928 1351 2207 1415 Quidicit.
2249 1391 2263 1406 .
2308 1390 2321 1403 .
2369 1394 2382 1406 .
2428 1394 2443 1407 .
2490 1391 2503 1405 .
2547 1393 2563 1406 .
2607 1394 2619 1405 .
2664 1394 2679 1408 .
2713 1353 2978 1411 Dominus
3013 1366 3095 1412 est
3124 1361 3490 1429 omnipotens.

1933 1441 2197 1498 Similiter
2224 1451 2278 1498 et
2307 1444 2422 1513 qui.
2466 1485 2479 1499 .
2528 1487 2542 1501 .
2584 1485 2599 1499 .
2643 1484 2659 1500 .
2698 1486 2714 1503 .
2760 1486 2774 1501 .
2816 1449 2965 1504 illius
2996 1450 3089 1519 qui
3125 1451 3357 1505 mittitur
3387 1451 3494 1508 Do-

1926 1536 2110 1590 minus
2138 1537 2443 1606 appellatur
2468 1539 2637 1593 omni.
2667 1578 2683 1594 .
2730 1582 2743 1595 .
2791 1582 2805 1596 .
2851 1581 2866 1595 .
2914 1583 2926 1595 .
2972 1562 2986 1597 .
3033 1581 3047 1595 .
3076 1540 3193 1597 Non
3222 1544 3493 1601 immerito

1931 1626 2275 1697 igiturnobis
2307 1630 2363 1684 in
2418 1630 2486 1686 iis
2524 1647 2644 1701 quae
2673 1631 2742 1687 de
2772 1631 2933 1688 Patre
2959 1641 3013 1688 et
3036 1631 3192 1688 Filio.
3238 1676 3253 1690 .
3299 1679 3311 1690 .
3357 1678 3369 1692 .
3415 1677 3429 1691 .
3474 1678 3489 1692 .

1852 1703 1895 1758 Β
1923 1719 2067 1792 quod
2121 1722 2329 1777 dictum
2383 1730 2486 1790 est,
2540 1724 2668 1794 quia
2708 1724 2975 1781 Dominus
3022 1732 3365 1800 omnipotens
3395 1730 3491 1786 Del

1933 1853 1947 1868 .
1992 1853 2006 1866 .
2054 1855 2067 1869 .
2114 1854 2129 1869 .
2176 1856 2189 1869 .
2234 1856 2246 1869 .
2293 1854 2307 1869 .
2347 1852 2361 1867 .
2430 1816 2574 1872 sicut
2618 1815 2762 1872 Deus
2806 1832 2903 1887 per
2931 1821 3223 1890 prophetas
3260 1821 3490 1877 manife-

1924 1906 2108 1961 stavit.

2479 2003 2709 2059 CAPUT
2760 2004 2925 2062 XXII.

2552 2095 2637 2150 Ea:
2659 2097 2861 2153 eodem.

1997 2228 2016 2262 ι
2049 2207 2279 2281 (Lauda)
2300 2218 2354 2268 et
2385 2212 2588 2278 laetare,
2623 2213 2729 2268 filia
2760 2212 2914 2277 Sion,
2945 2214 3072 2284 quia
3110 2230 3239 2269 ecce
3267 2230 3368 2286 ego
3395 2230 3491 2271 ve-

1921 2302 2035 2365 nio,
2066 2314 2119 2358 et
2147 2304 2405 2359 habitabo
2438 2306 2493 2359 in
2523 2305 2702 2361 medio
2727 2305 2831 2370 tui,
2868 2307 2943 2359 ait
2992 2305 3275 2363 Dominus.
3302 2307 3368 2360 Et
3397 2322 3493 2377 ap-

1920 2392 2269 2461 plicabuntur
2301 2393 2509 2464 (gentes
2534 2396 2741 2464 multa
2774 2396 2841 2451 ad
2871 2394 3231 2451 Dominumiu
3262 2397 3349 2452 die
3373 2398 3487 2462 illa,

1918 2489 1973 2536 et
2003 2490 2162 2537 erunt
2190 2484 2343 2555 (mihi
2366 2484 2441 2553 in)
2474 2487 2754 2556 populum,
2791 2495 2845 2543 et
2874 2487 3196 2541 habitabant
3230 2489 3283 2542 in
3311 2486 3491 2544 medio

1921 2574 2021 2636 tui,
2046 2582 2099 2628 et
2124 2576 2265 2631 scies
2290 2578 2437 2647 (quia
2464 2576 2750 2649 Dominus)
2772 2580 3117 2651 omnipotens
3142 2580 3293 2635 misit
3315 2596 3401 2635 me
3419 2581 3487 2636 ad

1919 2674 1972 2719 te
1997 2666 2066 2719 °°.
2104 2685 2121 2717 ι
2157 2667 2312 2734 Quis.
2359 2711 2371 2724 .
2418 2711 2432 2724 .
2478 2710 2493 2724 .
2538 2711 2551 2725 .
2597 2711 2612 2725 .
2654 2713 2667 2725 .
2712 2672 2828 2726 haec
2853 2672 3063 2739 dicens,
3092 2672 3491 2743 confessusque

1920 2769 1978 2810 se
1998 2757 2228 2812 missum
2262 2757 2434 2815 fuisse
2467 2761 2536 2815 ab
2564 2759 2969 2833 Omnipotente,
2998 2764 3103 2818 nisi
3125 2763 3215 2818 Dei
3249 2761 3487 2818 Verbum

1920 2861 1950 2901 a
1983 2847 2143 2905 Patre
2175 2850 2229 2905 in
2270 2851 2551 2908 hominum
2603 2855 2819 2926 generis
2853 2856 3080 2911 salutem
3113 2856 3355 2912 missus?
3382 2853 3489 2922 Qui

242 2925 376 3022 ρεοῦ
401 2930 570 2999 Λόγος
590 2934 694 2988 ὑπὸ
722 2937 814 2989 τοῦ
840 2940 1052 3011 Πατρός
1078 2943 1170 2995 ἐπὶ
1206 2925 1346 3016 σωτη
1358 2925 1446 3019 ρίᾴ
1484 2949 1561 3022 (I)
1586 2925 1698 3009 τῶν
1722 2958 1813 3011 ἀν-

1923 2949 1981 2995 ut
2018 2941 2223 2996 dictum
2272 2953 2375 2999 est.
2421 2985 2435 2999 .
2481 2988 2493 3001 .
2540 2988 2555 3003 .
2600 2925 2622 3001 ,ί
2658 2990 2672 3004 .
2719 2990 2733 3003 .
2775 2948 3052 3003 ctrlestem
3105 2946 3272 3015 Sion;
3328 2949 3487 3017 cujus

244 3014 476 3089 θρὼπων
505 3023 692 3091 γένους
733 3028 1056 3095 ἀποσταλείς
1081 3050 1093 3062 ·
1124 3034 1182 3098 ὃς
1210 3037 1278 3091 τὰ
1306 3014 1638 3114 προκείμενα
1682 3086 1696 3101 .
1747 3089 1762 3104 .
1803 3087 1813 3106 .

1929 3030 2313 3087 documentum
2344 3052 2500 3092 mons
2525 3054 2691 3108 super
2722 3047 2946 3094 terram.
2992 3082 3005 3094 .
3052 3079 3066 3093 .
3112 3079 3124 3093 .
3172 3081 3186 3094 .
3230 3078 3244 3094 .
3291 3080 3304 3093 .
3337 3046 3391 3093 et
3418 3037 3485 3092 ad

244 3109 564 3212 επρυράνιον
607 3118 778 3172 Σιών
813 3114 880 3193 ἦς
923 3126 1271 3199 παράδειγμα
1311 3109 1370 3185 τό
1413 3109 1515 3185 ἐπὶ-
1543 3136 1647 3208 γῆς
1690 3138 1813 3212 ὄρος

1928 3126 2172 3195 gentium
2204 3125 2505 3183 Ecclesium
2539 3131 2875 3187 extenditur.
2924 3130 3050 3187 Pro.
3095 3170 3109 3184 .
3154 3172 3171 3187 .
3212 3171 3225 3184 .
3273 3168 3289 3183 .
3332 3169 3347 3185 .
3389 3144 3487 3184 vo-

242 3202 373 3297 ἐτύγ
414 3245 428 3259 .
473 3248 487 3261 .
532 3247 546 3261 .
586 3210 682 3261 καὶ
715 3210 850 3284 πρὸς
890 3213 987 3285 τὴν
1012 3214 1071 3280 ἐξ
1101 3218 1268 3274 ἐθνῶν
1313 3202 1640 3297 Ἐκκλησίαν
1676 3202 1813 3284 ἀποξ-

1922 3216 2190 3271 cationem
2223 3231 2413 3272 eorum
2442 3221 2536 3290 qui
2570 3222 2638 3277 ab
2659 3237 2725 3278 eo
2755 3224 3021 3279 salvandi.
3065 3263 3079 3276 .
3122 3263 3134 3275 .
3175 3261 3188 3274 .
3236 3263 3250 3277 .
3296 3262 3311 3279 .
3356 3260 3372 3275 .
3415 3221 3484 3276 ab

238 3294 508 3350 τείνεται·
540 3317 647 3372 προ
688 3341 702 3355 .
784 3343 799 3357 .
876 3343 891 3358 .
946 3323 1063 3372 ενος
1094 3309 1229 3383 αὐτῇ
1264 3314 1363 3383 τὴν
1396 3316 1587 3387 κλῆσιν
1613 3319 1721 3373 τῶν
1745 3321 1815 3375 δι’

238 3388 402 3441 αὑτοῦ
434 3391 717 3465 σωθησομέ
794 3436 807 3450 .
887 3437 904 3452 .
980 3438 995 3452 .
1076 3441 1091 3455 .
1169 3442 1183 3455 .
1244 3406 1336 3459 ὑπ’
1366 3408 1528 3463 αὑτοῦ
1558 3410 1811 3482 βασιλευ-

239 3476 550 3553 θησομένων
582 3486 641 3537 ὲν
665 3486 822 3559 αὐτῇ.

741 3580 1136 3637 ΚΕΦΑΛΑΙΟΝ
1173 3587 1300 3641 ΚΓ⁹.

774 3671 905 3726 Ἀπὸ
939 3675 1042 3729 τοῦ
1073 3678 1279 3733 αὑτοῦ.

315 3780 475 3878 «Καὶ
549 3820 601 3878 ,Δ
641 3823 655 3838 .
692 3824 749 3878 Δ.
827 3826 843 3841 .
922 3830 936 3843 .
1013 3831 1027 3846 .
1106 3833 1121 3847 .
1195 3796 1286 3850 τὸν
1321 3798 1811 3878 Ἰησοῦντὺνίερέα

241 3868 556 3965 τὸν-μέγαν,
583 3875 792 3931 ἑστῶτα
825 3880 930 3951 πρὸ
966 3900 1152 3954 προσω
1194 3925 1208 3939 .
1261 3927 1275 3942 .
1315 3868 1408 3943 τοῦ
1454 3893 1680 3965 Κυρίου,
1711 3868 1809 3953 καὶ

241 3958 482 4025 διάϐολος
515 3962 732 4035 ἑστήκει
760 3969 823 4020 ὲκ
849 3969 1036 4036 δεξιῶν
1075 3975 1259 4041 αὑτοῦ,
1297 3978 1392 4032 τοῦ
1425 3958 1632 4038 ἀντικει
1666 3958 1687 4039 ⁷.
1730 4026 1746 4042 .
1788 4027 1804 4042 .

239 4048 405 4119 αύτῷ.
436 4070 455 4102 ι
489 4054 583 4106 καὶ
617 4055 732 4123 μετ’
754 4055 907 4127 ὀλίγα
926 4075 941 4089 ο
977 4079 995 4111 ι
1026 4064 1134 4117 Καὶ
1161 4061 1314 4120 εἶπεν
1341 4069 1476 4141 πρὸς
1497 4075 1622 4137 τοὺς
1650 4075 1811 4150 ἔστην

236 4140 398 4205 κότας
431 4144 535 4213 πρὸ
566 4145 666 4215 τῆς
705 4188 720 4201 .
762 4189 776 4203 .
820 4190 835 4205 .
873 4151 967 4203 τοῦ
1009 4155 1193 4220 αὑτοῦ,
1223 4140 1428 4227 λέγων’
1464 4163 1711 4232 ’Δφέλετε
1739 4140 1808 4223 τά

236 4233 425 4303 ἱμάτια
457 4236 525 4290 τά
550 4240 766 4310 ῥυπαρά
789 4242 883 4294 ἀπ’
911 4244 1074 4298 αὐτοῦ
1098 4262 1111 4275 ⁸
1140 4249 1231 4300 καὶ
1255 4246 1407 4304 εἶπεν
1432 4268 1446 4282 ·
1482 4253 1629 4320 Ἰδοὺ,
1662 4258 1803 4330 ἀφῄ-

237 4338 379 4395 ρηκα
409 4326 509 4389 τὰς
534 4329 761 4399 ἀνομίας
793 4350 908 4397 σου,
965 4337 1058 4389 καὶ
1088 4338 1361 4396 ἐνδύσατε.
1406 4383 1421 4397 .
1464 4383 1480 4398 .
1522 4385 1535 4398 .
1586 4386 1601 4401 .
1639 4326 1798 4421 δήρῆν

1912 3323 1977 3364 eo
1995 3318 2252 3380 regentur
2271 3311 2327 3366 in
2349 3313 2488 3384 ipsa.

2466 3580 2695 3636 CAPUT
2733 3582 2924 3639 XXIII.

2548 3672 2633 3727 Ea:
2653 3674 2853 3731 eodem.

1990 3799 2009 3832 ι
2056 3780 2122 3835 Ει
2156 3782 2415 3856 (ostendit
2444 3786 2577 3842 mihi
2607 3786 2892 3860 Dominus)
2923 3790 3110 3855 Iesum
3140 3794 3481 3851 sacerdotem

1913 3886 2172 3944 magnum
2207 3883 2441 3933 stantem
2467 3893 2655 3935 coram
2690 3884 2925 3953 (angelo)
2954 3882 3167 3939 Domini
3196 3904 3210 3941 :
3236 3894 3289 3940 et
3311 3884 3479 3942 Sata'i

1912 3966 2089 4022 stabat
2115 3984 2146 4022 a
2175 3970 2384 4027 dextris
2435 3972 2556 4043 ejus
2594 3982 2654 4031 ut
2713 3976 3140 4050 advers(aretur)
3169 3980 3219 4035 ei
3250 3981 3319 4037 ⁶¹.
3358 3999 3377 4033 ι
3413 3980 3479 4034 Et

1910 4069 2034 4133 post
2064 4078 2237 4133 pauca
2270 4084 2284 4120 :
2327 4085 2344 4118 ι
2393 4066 2459 4123 Ει
2498 4071 2575 4123 ait
2608 4071 2673 4125 ad
2695 4085 2790 4126 eos
2822 4072 2916 4141 qui
2948 4072 3166 4128 stabant
3186 4089 3369 4127 coram
3397 4088 3483 4137 se.

1909 4156 2103 4210 dicens
2134 4175 2147 4210 :
2180 4157 2407 4213 Auferte
2436 4160 2762 4216 vestimenta
2789 4163 3008 4218 sordida
3036 4164 3103 4218 ab
3130 4179 3215 4219 eo.
3251 4165 3316 4218 Et
3342 4164 3482 4219 dixit

1918 4246 1981 4301 ad
2013 4262 2137 4302 eum
2163 4267 2177 4302 :
2202 4247 2352 4304 Ecce
2375 4250 2574 4305 abstuli
2604 4266 2635 4304 a
2676 4260 2730 4307 te
2758 4252 3101 4323 iniquitatem
3136 4263 3285 4333 tuam
3315 4264 3368 4312 ct
3397 4257 3481 4311 in-

1908 4344 2002 4398 dui
2036 4344 2453 4416 (temutatoriis
2486 4366 2499 4401 :
2531 4357 2584 4402 et
2608 4347 2767 4422 dixit)
2806 4367 2820 4403 :
2852 4348 3044 4405 Ponite
3061 4350 3291 4406 cidarim
3320 4368 3479 4406 mun-

236 4417 330 4514 καὶ.
371 4418 584 4487 ἐπίθετε
628 4422 838 4494 κίδαριν
880 4426 1121 4499 καθαρὰν
1162 4433 1253 4489 ἐπὶ
1282 4435 1382 4506 τὴν
1432 4438 1669 4511 κεφαλὴν
1690 4403 1803 4495 ’ᾆὺῗ

1922 4403 2233 4507 lam‘super
2262 4445 2426 4508 caput
2462 4438 2582 4508 ejus
2606 4440 2672 4494 θ’.
2714 4403 2850 4495 »Ἐι
2898 4457 3092 4497 rursus
3139 4443 3301 4513 paulo
3352 4448 3479 4514 post

233 4503 350 4558 τοῦ.
390 4523 409 4557 ι
445 4508 554 4561 Καὶ
601 4511 763 4566 πάλιν
804 4518 922 4585 μετ’
953 4517 1106 4587 ὀλίγα
1136 4503 1383 4578 λέλεκται
1425 4503 1561 4599 προς
1602 4503 1802 4585 αὐτόν’

239 4613 259 4645 ι
300 4597 497 4694 Ἄκουε
626 4642 640 4655 .
684 4643 698 4656 .
742 4644 756 4657 .
800 4646 814 4659 .
856 4609 982 4679 ρεὺς
1012 4612 1041 4663 6
1067 4610 1257 4682 μέγας,
1288 4619 1351 4671 σὺ
1382 4597 1478 4671 καί
1504 4623 1550 4674 οἱ
1579 4622 1806 4694 πλησίον

1902 4529 2105 4585 dicitur
2127 4530 2192 4584 ad
2218 4546 2342 4586 eum
2380 4550 2392 4585 :
2421 4550 2439 4583 ι
2462 4531 2603 4586 Audi
2628 4531 2776 4603 (Jesu
2808 4535 3087 4608 sacer)dos
3106 4552 3319 4608 magne,
3344 4545 3402 4590 tu
3425 4544 3480 4591 et

1907 4622 2066 4676 amici
2095 4622 2175 4678 tui
2206 4623 2299 4693 qui
2328 4623 2589 4680 habitant
2614 4641 2800 4680 coram
2836 4635 2908 4692 te,
2953 4628 3080 4699 quia
3123 4629 3233 4683 viri
3255 4636 3478 4699 porten-

235 4702 330 4739 σου
361 4691 409 4741 οἱ
456 4693 753 4765 καθήμενοι
795 4700 903 4769 πρὸ
933 4704 1223 4774 προσώπου
1273 4725 1400 4763 σουο
1444 4713 1576 4767 διότι
1617 4691 1809 4788 ἄνδρες

1922 4712 2096 4769 lentes
2125 4725 2275 4779 sunt,
2309 4729 2438 4770 ecce
2465 4715 2609 4769 enim
2637 4731 2735 4787 ego
2752 4717 3015 4773 adducam
3044 4734 3264 4773 servum
3294 4733 3486 4772 meum-

232 4781 623 4871 τερατοσκόποι
657 4788 785 4853 εἰσὶ,
818 4790 972 4857 διότι,
1020 4795 1149 4861 ίδοὺ,
1185 4798 1297 4867 ἐγὼ
1337 4801 1455 4871 ἄγω
1492 4804 1583 4858 τὸν
1615 4781 1813 4863 δοῦλόν

238 4884 341 4936 μου
380 4870 683 4970 ἶΑινατολήν.
718 4898 737 4931 ι
774 4881 884 4935 Καὶ
908 4882 1064 4951 αὖθις
1104 4889 1223 4959 μεθ’
1256 4892 1450 4965 ἕτερα·
1497 4916 1516 4949 ι
1543 4899 1653 4953 Καὶ
1681 4901 1802 4970 ἐγὲο

233 4972 356 5064 vero
387 4958 542 5064 λόγος
566 4966 772 5039 Κυρίου
814 4974 951 5043 πρὸς
983 4977 1071 5046 μὲ,
1105 4958 1296 5049 λέγων’
1330 4958 1475 5039 Ᾰάϐε
1517 4988 1584 5043 τά
1616 4991 1680 5045 ἐκ
1705 4958 1803 5064 τῆς

233 5049 620 5155 αίχμαλω-σίιιιςιςΔ
646 5065 795 5131 παρὰ
827 5064 935 5118 τῶν
967 5069 1261 5140 ἀρχόντων.
1292 5093 1311 5127 ›
1350 5078 1460 5130 Καὶ
1495 5082 1634 5150 μετὰ
1665 5049 1801 5155 βράί

234 5141 371 5245 χέάῖ
407 5163 425 5197 ι
453 5148 565 5245 Καὶ
607 5150 751 5225 λήψῃ
778 5155 1037 5230 ἀργύριον
1081 5165 1175 5217 καὶ
1206 5170 1450 5240 ποιήσεις
1482 5141 1797 5245 στεφάνόυς,

232 5235 329 5330 καὶ.
354 5236 633 5330 επιθήσεις
664 5246 757 5298 ἐπὶ
787 5249 885 5319 τὴν
913 5254 1151 5327 κεφαλὴν
1195 5235 1367 5330 Ἰησόῦ
1402 5264 1518 5317 υίοῦ
1561 5235 1802 5324 Itast-25%;

229 5321 327 5377 τοῦ
363 5325 552 5397 ἱερέως
574 5332 952 5409 τοῦμεγὰλου,
980 5346 1071 5399 καὶ
1107 5321 1266 5418 ἐρεῖς.
1283 5352 1420 5424 πρὸς
1449 5356 1628 5412 αὐτόν·

1908 4802 2185 4860 Orientem
2220 4807 2285 4860 ⁸³.
2344 4825 2364 4858 ›
2406 4822 2425 4857 ι
2457 4803 2636 4876 Atque
2665 4808 2863 4865 iterum
2896 4815 3021 4879 post
3059 4809 3203 4862 alia:
3240 4826 3258 4859 ι
3298 4807 3365 4862 Et
3394 4807 3479 4863 fa-

1907 4908 2057 4952 ctum
2079 4905 2164 4954 est
2186 4897 2425 4955 Verbum
2469 4899 2689 4956 Domini
2738 4899 2806 4954 ad
2860 4916 2947 4957 me
2973 4899 3163 4955 dicens
3197 4918 3210 4954 :
3247 4898 3413 4956 Sume
3444 4916 3479 4954 a

1906 4992 2386 5064 transmigratione
2415 5008 2447 5048 a
2468 4994 2704 5050 ducibus
2726 4992 2808 5062 “;
2841 5013 2859 5047 ι
2885 5002 2939 5049 et
2966 4995 3131 5065 paulo
3162 5001 3287 5064 post
3314 5013 3326 5049 :
3358 5012 3377 5046 ι
3407 4992 3476 5048 Et

1910 5098 2094 5140 sumes
2130 5101 2324 5140 aurum
2377 5095 2431 5143 et
2462 5096 2746 5159 argentum
2786 5098 2880 5142 :et
2916 5086 3087 5143 facies
3131 5101 3389 5152 coronas,
3420 5092 3479 5141 et

1908 5193 2077 5247 pones
2097 5178 2152 5233 in
2176 5179 2351 5250 capite
2375 5178 2533 5248 Jesu,‘
2552 5180 2648 5234 filii
2677 5177 2907 5236 Josedec
2934 5180 3233 5236 sacerdotis
3263 5180 3473 5252 magni,

1907 5278 1961 5326 et
1990 5272 2228 5343 loqueris
2255 5274 2322 5329 ad
2346 5289 2470 5329 cum
2501 5274 2691 5330 dicens
2715 5292 2729 5328 :
2756 5273 2880 5330 Haec
2908 5275 2985 5329 ait
3006 5273 3267 5333 Dominus
3295 5278 3479 5332 omni-

1906 5374 2137 5435 potens:
2177 5367 2318 5425 Ecce
2346 5369 2426 5424 vir
2449 5368 2645 5427 Oriens
2672 5384 2873 5424 nomen
2925 5368 3049 5441 ejus
3105 5387 3120 5425 :
3169 5376 3226 5427 et
3281 5372 3475 5429 subter

304 5484 628 5595 33:991..
654 5506 730 5595 ιιό
751 5491 926 5595 itm”
966 5499 1097 5559 ibid.
1136 5504 1218 5561 ιι.
1299 5507 1343 5540 ιο
1383 5508 1610 5572 Zachar.
1643 5531 1713 5581 η,
1752 5518 1813 5575 ιο

1926 5522 1976 5579 l.
2054 5525 2095 5558 εί
2139 5522 2367 5583 Zachar.
2402 5541 2499 5595 ιιι,
2534 5523 2585 5582 1.
2662 5528 2705 5561 ⁸⁸
2745 5525 2875 5584 ibid.
2937 5526 2991 5595 Ι,
3040 5523 3094 5583 5.
3169 5525 3214 5560 “
3250 5524 3384 5584 ibid.
3414 5526 3472 5583 8.

233 5548 279 5585 “‘
318 5554 545 5621 Zachar.
577 5574 628 5614 vr
651 5601 665 5623 ,
697 5562 730 5614 9
751 5603 765 5628 ,
799 5566 887 5621 1ον

304 5672 380 5741 (l)
409 5675 567 5731 Deest
594 5676 701 5731 τοῦ,
728 5678 885 5736 Em.
