3950 6218
552 315 689 372 1147

1254 304 1520 362 EUSEBll
1558 304 2038 366 CESAHIENSIS
2073 309 2101 367 ί

2173 310 2221 365 Ρ.
2260 305 2440 364 PARS
2467 304 2554 361 111.
2580 334 2649 346 -
2669 299 3077 358 ΕΧΕΟΕΤΙΟΑ.

3558 304 3648 359 ut:

549 436 675 482 eum
712 423 938 488 orietur,
974 422 1037 480 ’(4
1089 421 1385 480 aediﬁcabit
1431 424 1692 495 templum
1745 423 1990 481 Domino.
2051 425 2101 479 EI

2173 425 2363 493 ιλέγει
2415 422 2617 493 Κύριος
2667 416 3076 489 παντοκράτωρο
3120 411 3273 476 Ἰδοὺ,
3315 410 3455 483 ἀνὴρ,
3489 413 3659 487 ’Δνετιὶὴ

552 519 671 590 ipse
721 516 955 587 portabit
986 516 1236 586 gicriam,
1276 524 1331 573 et
1363 516 1596 582 sedebit,
1641 523 1697 572 et
1743 515 2113 572 dominabitur

550 624 717 680 super
747 607 885 663 solio
912 623 1035 672 suo,
1066 614 1124 663 et
1155 609 1259 663 erit
1292 608 1552 664 sacerdos
1582 623 1614 663 a
1643 608 1849 664 dextris
1876 608 2018 679 ejus,
2057 616 2112 665 et

546 699 839 756 consilium
888 698 1040 769 pacis
1073 699 1179 755 erit
1233 700 1379 754 inter
1424 700 1550 754 illos
1595 699 1754 755 duos.
1796 697 1864 755 Et
1895 715 2109 756 coronae

545 799 708 848 erunt
741 791 1190 862 exspectantibus
1218 791 1287 846 ⁶.³.
1326 810 1346 845 ι
1381 790 1518 848 Cum
1551 788 1886 846 Salvatorem
1926 799 1979 847 et
2006 791 2110 847 Do-

544 883 754 937 minum
782 890 1032 937 nostrum
1052 881 1239 937 Jesum
1260 880 1536 937 Christum
1563 882 1800 954 inclytus
1818 883 2111 954 Apostolus

548 993 572 1028 ι
606 973 953 1030 Sacerdotem
991 974 1243 1045 Magnum
1272 972 1636 1046 n(ominavit),
1672 975 1766 1045 qui
1808 977 2111 1046 penetravit

544 1067 715 1121 cmlos
749 1065 815 1129 “,
858 1084 878 1117 ι
905 1065 975 1120 ad
1008 1079 1134 1120 eum
1170 1079 1283 1119 non
1316 1065 1591 1120 immerito
1622 1065 1926 1122 referenda.
1972 1109 1987 1123 .
2032 1108 2044 1120 .
2091 1112 2105 1125 .

542 1165 598 1214 et
629 1157 721 1228 qui
750 1155 1053 1213 secundum
1079 1157 1423 1228 prophetiam
1461 1157 1652 1213 eodem
1685 1159 2008 1229 cognomine
2044 1175 2108 1215 ac

542 1249 750 1304 honore
786 1250 1098 1304 decoratus.
1129 1247 1252 1303 Haec
1282 1249 1492 1304 eadem.
1537 1290 1553 1305 .
1597 1290 1613 1305 .
1657 1291 1673 1305 .
1715 1290 1732 1305 .
1775 1290 1790 1305 .
1822 1249 1978 1306 Hunc
2006 1251 2108 1322 igi-

541 1349 633 1396 tur
668 1339 935 1396 Dominus
965 1339 1207 1396 ostendit
1229 1341 1524 1412 prophette.
1570 1383 1584 1397 .
1629 1384 1645 1398 .
1689 1381 1705 1396 .
1750 1384 1766 1396 .
1811 1383 1826 1397 .
1869 1383 1883 1396 .
1926 1381 1942 1396 .
1986 1341 2109 1397 Sai-

540 1432 749 1487 vatoris
797 1432 975 1487 nostri
1016 1431 1083 1486 ad
1111 1439 1359 1487 nostram
1387 1433 1758 1502 captivitatem
1793 1434 2105 1490 solvendam

541 1525 864 1580 descensum
898 1523 1241 1593 signiﬁcans,
1274 1540 1405 1595 quo.
1449 1564 1465 1580 .
1507 1565 1523 1579 .
1567 1564 1585 1577 .
1634 1564 1651 1580 .
1698 1570 1716 1585 .
1768 1526 2107 1583 nuntiavisse

540 1614 772 1686 captivis
828 1615 1277 1685 redemptionem,
1309 1615 1457 1670 velut
1491 1625 1714 1671 nostras
1748 1616 1804 1671 in
1865 1617 2104 1688 seipsum

539 1707 849 1776 suscipiens
895 1706 1217 1775 iniquitates
1258 1704 1497 1761 sordidis
1527 1706 1672 1777 apud
1704 1722 1807 1763 nos
1838 1722 1973 1765 usus
2018 1718 2104 1766 est

2210 516 2379 587 ὄνομα
2409 513 2577 584 αὐτῷ,
2607 513 2704 567 καὶ
2730 507 3079 564 ὑποκάτωθεν
3105 503 3271 559 αὐτοῦ
3296 503 3353 573 (ί.
3379 504 3456 572 32)
3478 505 3663 572 me,

2188 609 2304 662 ’καὶ
2328 606 2668 677 οἰκοδομήσει
2694 603 2785 656 τὸν
2813 596 2958 654 οἷκον
2984 597 3214 669 Κυρίου,
3247 595 3336 649 καὶ
3355 594 3488 654 αὐτὸς
3509 594 3668 666 λήψεται

2210 699 2429 771 ἀρετὴν.
2460 696 2553 751 καὶ
2581 693 2866 757 καθιεῖται,
2901 691 2993 745 καί
3032 688 3189 760 ἄρξει
3212 687 3305 740 ἐπὶ
3340 685 3422 740 τοῦ
3442 686 3669 757 θρὸνιυαύ-

2208 788 2323 854 τοῦ,
2350 789 2442 842 καὶ
2480 786 2632 839 ἔσται
2660 786 2689 837 6
2715 783 2890 854 ἱερεὺς
2915 783 2980 835 ὲκ
3020 777 3213 843 δεξιῶν
3252 776 3422 841 αὑτοῦ,
3456 776 3532 830 καὶ
3561 774 3668 852 (inii;

2208 877 2459 950 εἰρηνικὴ
2492 875 2641 929 ἔσται
2665 873 2933 944 ἀναμέσον
2966 869 3310 942 ἀμφοτέρων.
3348 868 3400 921 '0
3423 869 3671 939 δὲστέφανος

2208 970 2357 1024 ἔσται
2388 972 2499 1033 τοίς
2532 964 2911 1038 ὑπομενοῦσιν.
2939 980 2958 1014 ι
2994 960 3151 1015 Ἐπεὶ
3172 959 3264 1013 τὸν
3294 958 3493 1031 Σωτῆρα
3513 960 3584 1012 καὶ
3603 960 3673 1012 Κύ-

2213 1079 2323 1134 ριον
2358 1060 2518 1132 ἡμῶν
2555 1057 2760 1131 Ἰησοῦν
2793 1053 3028 1131 Χριστὸν
3062 1055 3094 1106 6
3123 1051 3411 1121 θαυμάσιος
3443 1051 3673 1115 ’Δπόοτολος

2220 1151 2508 1226 Ἀρχιερέα
2536 1150 2723 1220 Μέγαν
2760 1145 3055 1221 ὠ(νόμασε)
3096 1143 3432 1215 διεληλυθότα
3450 1144 3546 1206 τοὺς
3563 1143 3679 1215 οὐρα-

2207 1245 2352 1311 νοὺς,
2381 1241 2693 1315 ἀναφέροιτ⁹
2717 1240 2784 1294 ἂν
2818 1239 2902 1293 ἐπ’
2932 1237 3096 1292 αὑτὸν
3130 1234 3350 1299 εἰκότως
3384 1274 3400 1289 .
3438 1273 3452 1288 .
3486 1272 3501 1289 .
3532 1274 3545 1286 .
3575 1275 3584 1287 .
3612 1233 3676 1289 καὶ

2205 1339 2235 1391 6
2260 1337 2399 1391 κατὰ
2425 1337 2523 1408 τὴν
2552 1334 2890 1407 προφητείαν
2922 1334 2989 1402 τῇ
3017 1347 3085 1383 τε
3123 1329 3261 1399 αὐτῇ
3291 1325 3590 1398 προσωνυμίᾳ
3615 1326 3677 1379 καὶ

2205 1429 2285 1502 τῷ
2331 1428 2481 1500 αύτῷ
2508 1426 2776 1497 ἀξιώματι
2799 1421 3197 1495 τετιμημένος⁸
3228 1418 3389 1489 ταύτη
3418 1435 3471 1470 τε
3503 1457 3515 1469 .
3546 1459 3558 1471 .
3583 1460 3594 1470 .
3620 1456 3630 1468 .
3658 1455 3671 1467 .

2209 1562 2222 1576 .
2261 1562 2279 1575 .
2318 1556 2334 1577 .
2376 1560 2390 1573 .
2433 1519 2739 1591 ρηματίσας
2762 1534 2777 1547 ·
2827 1513 3015 1569 τοῦτον
3050 1512 3117 1584 δὴ
3154 1507 3248 1566 οὖν
3277 1513 3307 1564 6
3350 1507 3672 1580 Κύρωςὲδειξεν

2204 1612 2283 1683 τῷ
2316 1612 2576 1684 προφήτω
2616 1649 2630 1663 .
2675 1649 2689 1662 .
2737 1650 2750 1663 .
2795 1647 2810 1662 .
2849 1603 3137 1676 τιρυπώση
3182 1597 3672 1674 περιϐεϐλημένσδ,τὴν

2204 1706 2299 1759 τοῦ
2331 1705 2579 1776 Σωτῆρος
2608 1700 2765 1774 ἡμῶν
2793 1700 2887 1761 ἐπὶ
2923 1699 3028 1792 τὴν
3068 1695 3194 1792 καθ’
3236 1696 3377 1766 ἡμᾶς
3398 1689 3685 1792 αἰχμαλωσίαν

538 1799 904 1855 vestimentis.
935 1795 1061 1852 Herc
1084 1796 1249 1853 Pater
1285 1807 1573 1853 ementem
1616 1799 1771 1869 jubet
1799 1799 2101 1857 divinitatis

2173 1796 2569 1866 ἰαίνιττόμενος
2617 1792 2865 1857 κάθοδον,
2910 1789 3032 1844 καθ’
3061 1788 3132 1859 ἢν
3173 1824 3191 1841 .
3234 1828 3248 1841 .
3295 1828 3309 1841 .
3348 1825 3365 1842 .
3408 1825 3423 1839 .
3459 1822 3472 1837 .
3508 1824 3520 1836 .
3553 1821 3564 1835 .
3594 1788 3683 1833 ,ὢν

538 1905 821 1946 assumere
862 1889 1060 1945 divinae
1088 1897 1142 1946 et
1181 1890 1379 1945 decora
1408 1890 1608 1946 summi
1640 1891 1696 1945 in
1733 1892 1890 1948 caelis
1919 1908 2105 1949 sacer-

537 1980 675 2038 dotil
695 1982 946 2052 insignia.
978 1979 1180 2036 Horum
1213 1988 1390 2036 autem
1414 1998 1482 2036 ex
1516 1982 1745 2037 historia
1775 1984 1861 2039 de.
1906 2025 1922 2039 .
1964 2024 1983 2040 .
2024 2027 2039 2040 .
2082 2026 2102 2042 .

535 2072 723 2129 Iesum
757 2074 936 2145 typice
967 2081 1026 2128 ut
1046 2072 1344 2129 verisimile
1370 2082 1454 2127 est
1493 2073 1637 2129 natis
1667 2074 1736 2129 ab
1766 2075 1875 2129 alio
1898 2076 2103 2146 princi-

536 2165 627 2236 pio
660 2166 885 2221 verbum
909 2165 977 2220 ad
1010 2165 1189 2236 ipsum
1214 2165 1391 2219 virum
1419 2162 1605 2221 Jesum
1630 2174 1685 2221 et
1718 2165 1843 2222 illos
1864 2167 1957 2237 qui
1977 2182 2103 2222 cum

537 2273 622 2314 eo.
666 2296 683 2313 .
727 2297 743 2313 .
788 2299 802 2314 .
846 2296 863 2312 .
905 2299 919 2314 .
961 2299 977 2316 .
1031 2256 1285 2327 dignatos
1335 2258 1633 2322 nominari,
1685 2259 1761 2313 ait
1817 2278 1831 2315 :
1891 2280 1909 2311 ι
1962 2259 2104 2315 Ecce

535 2365 638 2421 ego
668 2349 931 2406 adducam
963 2349 1204 2422 (servum
1226 2348 1428 2421 meum)
1455 2348 1731 2406 Orientem
1755 2351 1819 2406 ".
1860 2370 1879 2406 ι
1909 2352 1975 2406 Et
1994 2367 2103 2407 non

536 2444 708 2498 multo
740 2452 866 2514 post
899 2463 913 2498 :
963 2460 982 2496 ι
1014 2442 1262 2499 Coronas
1316 2443 1373 2497 in
1412 2443 1587 2513 ipsius
1618 2442 1750 2500 Jesu
1797 2443 1978 2515 capite
2000 2460 2102 2517 po-

534 2549 633 2590 nes
663 2534 730 2597 “,
775 2554 794 2587 ι
849 2534 1115 2603 subjicit:
1164 2552 1185 2586 r
1238 2532 1366 2589 Haec
1420 2535 1497 2589 ait
1549 2534 1813 2592 Dominus
1853 2538 2105 2606 omnipo-

536 2629 657 2676 tens
688 2619 865 2677 :Ecce
888 2622 974 2676 vir
1002 2621 1197 2678 Oriens
1222 2637 1424 2678 nomen
1451 2624 1571 2692 ejus
1599 2623 1666 2681 ".
1708 2643 1727 2677 ι
1760 2623 1825 2678 Et
1852 2636 1997 2696 post.
2032 2666 2046 2680 .
2083 2667 2099 2683 .

536 2714 584 2783 (ι
609 2712 797 2767 subter
827 2716 974 2782 eum)
1001 2714 1207 2768 orietur
1226 2722 1281 2769 et
1312 2713 1601 2769 aediﬁcabit
1629 2715 1887 2785 templum
1918 2715 2102 2771 Domi-

533 2817 606 2857 no
626 2803 695 2868 '°,
718 2824 737 2856 ι
762 2810 884 2860 et...
901 2804 968 2859 ad
983 2802 1259 2860 Christum
1281 2805 1567 2861 referenda
1581 2815 1797 2862 sunt....
1816 2807 1981 2878 hujus
1996 2808 2102 2865 loci

533 2893 834 2961 sequentia.
850 2889 1231 2948 Verumtamen
1260 2891 1482 2952 Iudaeis.
1528 2936 1543 2951 .
1579 2937 1594 2951 .
1624 2938 1639 2951 .
1675 2934 1690 2951 .
1734 2938 1750 2953 .
1781 2900 2099 2967 ostendere;

532 2996 658 3036 cum
690 2981 907 3052 quidem
937 2984 1155 3039 minime
1187 2985 1503 3056 prophetam
1530 3001 1582 3042 a.
1615 3029 1628 3043 .
1665 3027 1682 3043 .
1726 3029 1740 3044 .
1784 3006 2006 3061 .regno.
2036 2991 2102 3047 Et

531 3072 827 3144 prophetiae
871 3075 1227 3147 temporibus.
1271 3115 1287 3132 .
1329 3116 1344 3131 .
1389 3119 1403 3132 .
1449 3118 1464 3131 .
1505 3119 1519 3132 .
1565 3119 1580 3133 .
1625 3123 1639 3135 .
1686 3123 1700 3136 .
1743 3123 1757 3137 .
1808 3083 2101 3139 excitatum

532 3165 795 3220 haberent
819 3166 1127 3241 ostendere,
1171 3168 1277 3224 nisi
1302 3167 1569 3255 Joannem
1600 3178 1654 3228 et
1682 3171 1971 3229 Dominum
2000 3191 2099 3230 no-

2198 3164 2326 3237 τολὴ
2362 3163 2572 3235 ὄνομαο
2603 3162 2743 3217 »καὶ
2772 3162 3013 3227 ύποκάτ.
3061 3203 3077 3216 .
3125 3200 3140 3215 .
3185 3200 3199 3213 .
3242 3199 3262 3214 .
3301 3199 3314 3215 .

534 3262 709 3311 strum
733 3253 919 3312 Jesum
949 3255 1247 3314 Christum.
1293 3253 1429 3325 Quis
1478 3261 1643 3332 igitur
1696 3265 2104 3335 prophetizatus

535 3356 746 3416 tempus
770 3355 853 3403 est
878 3346 1089 3403 dicere.
1111 3386 1125 3400 .
1146 3389 1159 3403 .
1182 3390 1197 3405 .
1220 3390 1235 3404 .
1259 3390 1274 3405 .
1317 3348 1375 3406 Si
1415 3365 1548 3406 vero
1592 3351 1857 3421 dicerent,
1881 3354 1997 3411 haec
2034 3356 2104 3410 ad

530 3435 714 3494 Jesum
744 3436 912 3493 [ilium
928 3437 1154 3496 Josedec
1182 3450 1459 3512 spectant,
1484 3443 1882 3500 ostendendum
1913 3453 1997 3501 est
2023 3447 2103 3503 eis

531 3526 757 3582 minime
783 3526 862 3582 illi
891 3544 1013 3600 qua:
1040 3529 1186 3585 dicta
1217 3538 1344 3586 sunt
1367 3533 1676 3590 convenire.
1700 3533 1929 3609 Quando
1957 3538 2101 3591 enim

530 3630 781 3675 vocatum
809 3626 895 3676 est
932 3635 1131 3676 nomen
1159 3621 1280 3693 ejus
1309 3619 1548 3679 Oriens?
1575 3621 1747 3689 Quam
1784 3623 1856 3680 ob
1879 3639 2102 3682 causam

532 3710 635 3765 hac
660 3709 1101 3767 denominatione
1141 3712 1437 3783 dignatur?
1468 3714 1752 3780 Quomodo
1791 3731 1916 3770 eum
1943 3716 2104 3772 dece-

529 3810 633 3868 ret,
661 3821 681 3855 r
708 3799 774 3857 Et
791 3804 997 3861 sedebit
1014 3812 1068 3860 et
1096 3803 1463 3860 dominabitur
1484 3822 1649 3877 super
1677 3808 1814 3865 solio
1835 3809 1967 3865 tuo?
1993 3829 2012 3863 ›
2037 3826 2109 3865 ac-

527 3895 831 3972 praesertim
868 3894 1023 3959 illud,
1052 3919 1072 3947 ι
1110 3902 1164 3952 et
1196 3897 1299 3951 erit
1325 3897 1581 3953 sacerdos
1610 3912 1641 3952 a
1669 3898 1875 3956 dextris
1906 3901 2093 3972 ejus?»

531 3982 590 4040 Si
617 3970 764 4042 enim
792 3986 910 4057 ipse
947 3995 1093 4043 esset
1130 3989 1387 4045 sacerdos
1414 4004 1671 4060 magnus,
1711 3992 1836 4062 quis
1864 3970 2004 4049 foret
2033 3993 2102 4048 ad

527 4077 806 4133 dexteram
832 4078 954 4148 ejus
1007 4078 1149 4134 alius
1196 4094 1261 4134 ac
1302 4079 1418 4151 ipse
1464 4080 1755 4136 sacerdos?
1815 4082 2103 4139 Manifeste

529 4180 709 4227 autem
739 4172 905 4226 alium
932 4186 995 4226 ac
1027 4172 1178 4226 illum
1214 4187 1337 4228 esse
1364 4171 1525 4227 docet
1554 4172 1829 4229 Orientem
1852 4175 2101 4230 nomina-

526 4270 664 4318 tum.
698 4261 910 4319 Etenim
936 4263 1000 4317 ad
1028 4264 1204 4334 ipsum
1237 4262 1521 4319 Dominum
1547 4270 1602 4320 et
1640 4265 1708 4320 ad
1740 4252 2103 4324 circumstan-

526 4363 612 4411 tes
675 4370 797 4410 eum
850 4356 928 4409 ait
967 4353 1290 4436 Scriptura:
1339 4374 1359 4408 ι
1404 4346 1585 4423 Audi,
1629 4356 1796 4425 Jesu,
1844 4361 2100 4418 sacerdos

527 4461 751 4518 magne,
786 4455 848 4502 tu
876 4455 931 4503 et
967 4447 1127 4501 amici
1162 4447 1283 4503 tui:
1315 4464 1445 4507 ecce
1488 4450 1631 4505 enim
1677 4467 1779 4522 ego
1831 4451 2096 4508 adducam

2210 1888 2441 1961 κηρύξαι
2476 1884 2838 1959 αἰχμαλώτοις
2881 1885 3097 1953 ἄφεσιν,
3129 1875 3219 1933 οἶα
3262 1878 3326 1949 δὴ
3361 1872 3680 1945 τὰςήμετέρας

2209 1984 2290 2046 είς
2331 1979 2519 2034 ἑαυτὸν
2567 1975 2849 2032 ἀναλαϐὼν
2883 1973 3161 2045 ἁμαρτίας
3209 1971 3455 2043 ῥυπαροῖς
3495 1968 3681 2036 κέχρηται

2210 2073 2349 2144 παρ’,
2383 2069 2539 2142 ἡμῶν
2582 2068 2871 2139 ἐνδύμασι·
2904 2064 3080 2119 ταῦτα
3125 2064 3171 2117 δ’
3209 2066 3239 2117 6
3283 2061 3456 2131 Πατὴρ
3493 2056 3683 2112 ἀποδύντα

2209 2160 2417 2217 κελεύει
2461 2160 2529 2214 τά
2572 2160 2670 2230 τῆς
2714 2157 2964 2229 θεότητος
3006 2154 3300 2211 ἀναλαϐεῖν
3342 2153 3450 2207 θεῖα
3489 2150 3562 2205 καὶ
3584 2147 3682 2212 ἀξιο-

2210 2256 2397 2330 πρεπῆ
2442 2256 2540 2326 τῆς
2581 2252 2699 2307 κατ’
2752 2251 2980 2324 οὐρανὸν
3031 2247 3433 2322 ἀρχιερωσύνης
3473 2243 3681 2313 ἐνδύματα.

2208 2349 2407 2403 Τούτωπ
2461 2346 2517 2400 δὲ
2561 2347 2652 2399 καὶ
2693 2342 2834 2398 κατὰ
2860 2343 2961 2414 τὴν
2991 2340 3234 2414 ἱστορίαν
3267 2338 3386 2410 περὶ
3409 2354 3437 2390 τ
3471 2375 3484 2390 .
3519 2376 3530 2388 .
3564 2374 3576 2387 .
3606 2349 3683 2386 τοτε

2220 2437 2424 2510 Ἰησοῦν
2462 2436 2707 2500 τυπικῶς
2742 2435 2817 2499 ὡς
2860 2434 3006 2498 εἰκὸς
3042 2431 3422 2503 γεγενημένων
3447 2429 3524 2496 ἀφ’
3550 2425 3683 2495 ἑτέρας

2206 2531 2379 2601 ἀρχῆς
2407 2530 2435 2580 ὁ
2459 2528 2614 2597 λόγος
2657 2527 2793 2600 πρός
2814 2543 2874 2579 τε
2903 2524 3066 2580 αὐτὸν
3097 2524 3191 2577 τὸν
3230 2522 3392 2593 ἄνδρα
3429 2515 3594 2589 Ἰησοῦν
3622 2514 3683 2566 καὶ

2205 2621 2332 2685 τοὺς
2396 2620 2493 2673 σὺν
2542 2618 2692 2690 αύτῷ
2733 2657 2748 2672 .
2793 2658 2810 2671 .
2854 2657 2870 2671 .
2911 2613 3402 2688 (τε)ρατοσκόπους,
3443 2605 3625 2679 ἡγοῦμαι
3653 2603 3682 2653 δ’

2206 2710 2378 2776 οὕτως
2404 2712 2529 2777 τοὺς
2554 2713 2653 2782 τῆς
2682 2708 3055 2781 πνευματικῆς
3102 2747 3117 2762 .
3163 2748 3178 2761 .
3218 2744 3235 2760 .
3279 2745 3294 2759 .
3340 2744 3354 2757 .
3393 2743 3406 2755 .
3439 2696 3685 2771 ἠξιωμένως

2205 2802 2534 2874 ὠνομάσθαι,
2565 2802 2748 2874 φησίν,
2785 2820 2804 2854 ι
2841 2800 2972 2855 Ἰδοὺ
3005 2798 3122 2868 ἐγὼ
3153 2798 3271 2867 ἄγω
3296 2796 3380 2848 τὸν
3403 2833 3419 2847 .
3454 2833 3468 2847 .
3504 2831 3515 2845 .
3548 2828 3563 2844 .
3592 2826 3605 2841 .
3632 2825 3645 2841 .
3670 2821 3683 2837 .

2219 2890 2522 2961 ’Δνατολήν.
2559 2911 2578 2943 ι
2610 2892 2719 2945 Καὶ
2746 2889 3101 2952 ὑποκαταϐὰς
3129 2884 3292 2942 αὑτοῦ
3324 2882 3411 2936 τοῦ
3440 2875 3581 2951 Ἰησοῦ
3602 2874 3683 2934 τοὺς

2209 2978 2546 3051 στε(φάνους)
2591 2981 2658 3051 τῇ
2708 2978 2917 3050 κεφαλῇ
2967 2977 3217 3041 ἐπιθεὶς,
3266 2972 3493 3043 ἐπιφέρει
3534 2966 3677 3035 λέγων·

2213 3088 2233 3121 ι
2261 3071 2401 3125 Τάδε
2429 3071 2576 3140 λέγει
2605 3068 2809 3142 Κύριος
2832 3070 3231 3140 παντοκράτωρ
3252 3085 3267 3097 ·
3300 3065 3403 3120 ίδοὺ
3433 3063 3549 3133 ἀνὴρ
3582 3060 3682 3110 Ἀνα-

3354 3175 3374 3209 ‹
3406 3152 3604 3210 ἀνατελεί
3619 3149 3680 3201 καὶ

2205 3255 2545 3327 οἰκοδομήσει
2576 3255 2667 3309 τὸν
2711 3250 2859 3308 οἶκον
2901 3252 3107 3325 Κυρίου
3140 3272 3163 3333 ρ
3201 3250 3408 3313 καὶτὰς
3440 3289 3455 3302 ο
3493 3287 3507 3300 ο
3538 3285 3550 3299 ·
3584 3282 3595 3296 ·

2204 3346 2275 3401 τὰ
2317 3347 2410 3400 ἐπὶ
2453 3346 2544 3402 τὸν
2590 3345 2826 3418 Χριστὸν
2870 3328 3181 3417 ἀναφέροιέ
3210 3342 3297 3407 ἂν,
3326 3339 3420 3413 τῆς
3456 3327 3680 3409 προπηκῡύ-

2206 3458 2306 3513 ml“
2334 3422 2360 3497 -'
2405 3479 2424 3496 ο
2465 3439 2735 3513 (τυ)Χ⁶ντα
2780 3424 3086 3510 διηγήσεως
3112 3454 3127 3467 ⁸
3161 3434 3298 3507 πλὴν
3324 3431 3530 3490 καὶτοῖς
3552 3429 3680 3513 ὲκ

2205 3512 2432 3604 ριτομῇς
2462 3512 2559 3584 καὶν
2597 3568 2610 3582 .
2656 3569 2669 3582 .
2715 3570 2732 3587 .
2776 3568 2791 3582 .
2836 3567 2850 3583 .
2897 3569 2910 3583 .
2955 3526 3139 3603 ,ἀλδν
3185 3566 3199 3579 .
3244 3565 3257 3578 .
3301 3565 3315 3578 .
3357 3563 3370 3577 .
3407 3512 3677 3589 παραθέσθαι

2202 3622 2325 3676 ἐπεὶ
2357 3621 2477 3693 μηδ’
2505 3620 2641 3684 ὅλως
2668 3620 2952 3691 προφήτην
3001 3617 3112 3671 ἀπὸ
3142 3616 3241 3687 τῆς
3279 3656 3294 3671 ,
3334 3651 3347 3667 ,
3387 3650 3402 3667 .
3441 3649 3453 3663 .
3491 3648 3504 3663 .
3538 3616 3677 3674 mpm

2204 3712 2507 3784 βασιλείας·
2538 3712 2632 3765 καὶ
2659 3710 2767 3765 τῶν
2791 3711 2891 3782 τῆς
2920 3708 3260 3782 προφητείας
3281 3704 3469 3778 χρόνων
3500 3741 3510 3751 .
3546 3737 3557 3749 .
3589 3735 3600 3748 .
3629 3732 3640 3746 σ
3664 3732 3676 3744 ο

2205 3846 2222 3863 .
2265 3847 2282 3864 .
2323 3846 2339 3860 .
2378 3803 2745 3876 ἐγηγερμένον
2770 3802 2942 3874 ἔχοιεν
2968 3799 3257 3867 ἐπιδεῖξαι,
3294 3797 3364 3869 μὴ
3388 3797 3537 3860 ὅτιγε
3559 3786 3676 3841 Ἰωάν-

2200 3916 2298 3972 νην
2332 3899 2425 3953 καὶ
2453 3898 2544 3951 τὸν
2606 3896 2809 3968 Κύριον
2865 3895 3022 3968 ήμῶν
3070 3893 3277 3967 Ἰησοῦν
3303 3887 3526 3962 Χριστόν.
3552 3876 3677 3945 Τίςδῆ

2199 3988 2291 4047 οὖν
2316 3994 2345 4046 6
2375 3988 2847 4063 προφητευόμενος
2890 3988 3009 4060 ῶρα
3049 3989 3228 4058 λέγειν
3272 4028 3281 4039 .
3321 4026 3339 4042 .
3375 3981 3491 4036 εἰδὲ
3516 3977 3673 4042 λέγοιεν,

2198 4083 2373 4138 ταῦτα
2404 4084 2484 4146 εἰς
2512 4083 2602 4136 τὸν
2642 4080 2847 4153 Ἰησοῦν
2870 4080 2961 4135 τόν
3003 4080 3097 4135 τοῦ
3136 4078 3372 4134 Ἰωσεδὲκ
3411 4068 3671 4141 ἀναφέρεταλ

2197 4174 2434 4229 δεικτέον
2457 4175 2660 4240 αὐτοῖς,
2687 4175 2769 4228 ὅτι
2788 4172 3049 4247 μηδαμῶς
3080 4174 3272 4243 ἐκείνῳ
3291 4170 3355 4224 τὰ
3380 4167 3593 4236 λεγόμενα
3610 4159 3674 4226 ἀρ’

2204 4265 2356 4337 μόζει
2375 4283 2389 4297 ·
2422 4266 2551 4319 πότε
2584 4266 2692 4337 γὰρ
2737 4264 2937 4337 ἐκλήθη
2963 4265 3023 4319 τὸ
3053 4265 3225 4336 ὄνομα
3263 4258 3418 4317 αὑτοῦ
3459 4248 3671 4347 ’Δνατολιξὶ

2143 4396 2165 4409 .
2198 4357 2287 4412 διὰ
2310 4358 2362 4411 τί
2393 4358 2450 4412 δὲ
2479 4358 2571 4412 καὶ
2599 4357 2803 4428 ταύτης
2833 4355 3077 4421 ἀξιοῦται
3111 4357 3211 4428 τῆς
3234 4347 3671 4428 προσηγορίαςὶπὸ

2201 4450 2259 4503 δὲ
2291 4450 2518 4521 ἁρμόσει
2557 4448 2707 4521 αὐτῷ
2731 4426 2812 4515 τό,
2852 4466 2872 4501 ι
2916 4448 3024 4502 Καὶ
3055 4426 3321 4502 καθιείται
3360 4442 3443 4496 καὶ
3472 4434 3592 4508 ἄρξει
3611 4426 3670 4480 ἐπὶ

526 4554 744 4596 servum
791 4552 974 4594 meum
999 4537 1298 4595 Orientem.
1335 4560 1355 4593 ι
1391 4540 1451 4601 Si
1489 4541 1655 4612 igitur
1678 4543 1728 4598 ei
1759 4543 1874 4598 haec
1906 4543 2101 4600 dicun-

2173 4571 2178 4603 ι
2202 4543 2296 4597 τοῦ
2324 4543 2513 4615 θρόνου
2537 4542 2733 4611 αὑτοῦ;
2769 4561 2788 4595 ι
2827 4541 3057 4614 μάλιστα
3070 4541 3128 4594 δὲ
3154 4541 3234 4605 τὸ,
3267 4560 3285 4591 ι
3314 4536 3415 4591 Καὶ
3438 4525 3595 4586 ἔσταιό

527 4641 653 4697 tur,
721 4632 994 4703 quomodo
1055 4631 1360 4687 existimari
1413 4641 1592 4704 potest
1652 4634 1721 4691 de
1776 4636 1896 4706 ipso
1942 4636 2094 4694 dici:

532 4743 552 4778 ι
588 4723 726 4779 Ecce
750 4724 833 4779 vir
863 4720 1058 4779 Oriens
1085 4722 1326 4795 (nomen)
1358 4724 1517 4794 ejus?
1555 4744 1576 4778 ι
1619 4725 1820 4798 Aperte
1856 4727 1942 4782 his
1976 4743 2096 4783 ver-

524 4818 611 4874 bis
635 4816 757 4872 duaz
778 4816 1134 4887 designantur
1154 4830 1436 4885 personae;
1469 4817 1638 4873 altera
1668 4818 1910 4890 quidem,
1928 4833 2094 4890 quam

525 4908 822 4980 alloquitur
843 4907 1123 4975 divinitas,
1155 4907 1328 4963 altera
1355 4907 1424 4963 de
1451 4923 1559 4979 qua
1599 4910 1959 4981 praphetizat.
1992 4912 2093 4967 Cui

523 5006 580 5054 et
607 4999 727 5055 sine
764 4998 1139 5054 controversia
1168 4997 1522 5054 induceretur
1547 4999 1617 5054 ad
1639 5000 1938 5068 Christum,
1967 5017 2095 5057 vere

525 5092 717 5147 lilium.
759 5129 778 5147 .
814 5130 832 5146 .
875 5128 891 5145 .
932 5132 950 5148 .
1027 5132 1043 5147 .
1096 5131 1112 5147 .
1155 5132 1173 5149 .
1217 5133 1233 5148 .
1276 5134 1291 5147 .
1345 5091 1666 5163 intelligitur
1717 5092 1950 5162 justitia.
1993 5092 2095 5150 Hic

522 5191 669 5240 esset
698 5182 878 5240 Pater.
922 5225 937 5240 .
986 5226 1000 5240 .
1044 5225 1059 5240 .
1103 5226 1119 5241 .
1164 5223 1179 5240 .
1214 5185 1458 5241 victoriae
1486 5185 1705 5243 coronis
1730 5185 1950 5243 Christo
1990 5187 2093 5241 im-

523 5276 718 5346 positis
759 5317 775 5332 .
817 5318 834 5333 .
879 5317 894 5332 .
939 5319 953 5332 .
995 5315 1012 5332 .
1056 5317 1071 5334 .
1117 5318 1131 5333 .
1176 5316 1191 5332 .
1252 5284 1433 5333 vocat.
1494 5274 1725 5348 Pr0ptcr
1787 5278 2092 5334 doctrinam

522 5364 666 5421 inter
694 5366 963 5423 homines.
1013 5410 1027 5424 .
1065 5408 1082 5424 .
1123 5406 1139 5423 .
1183 5410 1197 5423 .
1240 5408 1258 5425 .
1301 5409 1316 5425 .
1359 5409 1375 5426 .
1418 5409 1434 5424 .
1477 5368 1826 5439 Primumque
1873 5380 1928 5425 et
1977 5384 2092 5424 ma-

525 5469 693 5526 gnum
725 5454 916 5511 Pontif
952 5494 969 5513 .
1012 5499 1027 5513 .
1071 5499 1088 5514 .
1131 5499 1146 5513 .
1185 5457 1604 5530 primogenitum
1652 5455 1772 5527 ejus
1829 5455 2087 5513 Verbum.

523 5545 668 5605 Deus
697 5547 917 5617 quidem
941 5564 1067 5606 cum
1104 5549 1175 5606 sit
1201 5555 1254 5607 et
1285 5549 1570 5606 Dominus.
1618 5591 1629 5603 .
1675 5588 1687 5600 .
1736 5592 1750 5606 .
1794 5586 1808 5601 .
1852 5586 1869 5603 .
1909 5563 2091 5604 sacer-

2206 4636 2330 4707 ρεὺς
2357 4608 2422 4689 ἐκ
2451 4634 2634 4702 δεξιῶν
2667 4608 2868 4701 adradi;
2911 4653 2930 4686 ι
2972 4636 3021 4687 εί
3046 4633 3156 4705 γὰρ
3186 4631 3340 4693 αὐτὸς
3376 4608 3669 4708 ἐτύγχανενᾷ

2202 4726 2232 4778 6
2262 4726 2436 4797 ἱερεὺς
2469 4728 2497 4779 6
2544 4725 2735 4796 μέγας,
2784 4724 2868 4788 τίς
2908 4723 2953 4777 δ’
2985 4724 3050 4778 ἂν
3089 4724 3175 4796 εἴη
3205 4726 3233 4777 6
3262 4722 3323 4775 ἐκ
3350 4713 3510 4783 δεξιῶν
3537 4707 3666 4808 αὐῖουζ

2201 4818 2389 4889 ἔτερος
2414 4816 2488 4871 ὢν
2517 4820 2645 4890 παρ’
2676 4818 2836 4872 αὑτὸν
2870 4817 3048 4889 ἱερεύς
3071 4833 3086 4883 ;
3126 4816 3303 4886 σαφῶς
3325 4811 3376 4864 δὲ
3401 4810 3553 4876 ἕτερον

2202 4885 2407 4961 ἐκείνον
2464 4885 2614 4960 εἶναι
2655 4907 2894 4961 διδάσκει
2922 4885 3040 4960 *τὸν
3095 4885 3373 4975 λεγόμενον
3426 4885 3660 4988 Ἀκιατῆλίΐξ⁸

2202 4997 2337 5069 πρὸς
2362 4997 2469 5069 γὰρ
2509 4998 2601 5050 τὸν
2637 4998 2799 5051 αὐτὸν
2830 4996 3035 5069 Κύριον
3060 4998 3158 5050 καὶ
3182 4994 3342 5065 το(ὺς)
3384 5030 3396 5043 .
3435 5029 3448 5041 .
3480 4978 3664 5053 ἀμφάίσ

2198 5068 2397 5161 τοῦ(ὸν)
2442 5068 2609 5162 φησὶν
2639 5092 2668 5143 6
2698 5090 2884 5159 λόγος·
2982 5090 3182 5144 Ἄκουε
3209 5089 3270 5160 δὴ
3311 5080 3463 5154 Ἰησοῦ
3494 5068 3661 5162 “spe

2199 5177 2228 5229 ὁ
2259 5156 2470 5248 μέγᾶςζ
2609 5178 2703 5232 καὶ
2736 5156 2785 5232 oi
2817 5177 3040 5249 πλησίον
3070 5196 3163 5232 σου
3184 5195 3197 5209 ·
3226 5156 3329 5230 ἰδοὺ
3371 5170 3467 5239 ἐγὼ
3488 5166 3580 5232 ἄγω
3602 5156 3661 5209 τὸν

2198 5267 2381 5323 δοῦλόν
2412 5286 2512 5339 μου
2549 5269 2864 5340 ’Λνατολήψ
2909 5289 2928 5321 ι
2960 5270 3008 5323 εἰ
3040 5269 3105 5341 δὴ
3133 5265 3221 5323 οὖν
3244 5264 3380 5336 αὐτῷ
3401 5259 3544 5314 ταῦτα
3559 5250 3655 5320 εῖρτγ

2195 5377 2306 5425 ται,
2339 5360 2454 5424 πῶς
2498 5360 2564 5414 ἂν
2596 5348 2675 5414 ἔτι
2712 5361 2893 5433 χώραν
2926 5363 3135 5433 ἔχει(οῆ
3171 5361 3229 5415 τὸ
3262 5357 3380 5429 περὶ
3405 5341 3656 5442 αὺτοῦ-λςῇ·

2198 5452 2321 5507 σθαι
2345 5453 2582 5524 νομίζειν
2608 5453 2719 5519 τὸ,‹
2743 5455 2872 5509 Ἰδοὺ
2904 5456 3041 5526 ἀνὴρ
3067 5451 3317 5522 ἀνατολὴν
3353 5487 3367 5501 .
3405 5485 3417 5498 .
3453 5481 3468 5497 .
3499 5437 3649 5531 αὖτῳὶ’

2197 5547 2389 5618 Σαφῶς
2418 5548 2480 5621 δὴ
2510 5547 2597 5602 διὰ
2638 5548 2837 5604 τούτων
2882 5548 2974 5603 δύο
3017 5549 3331 5619 παρίσταται
3355 5534 3651 5608 πρόσωπαέν

595 5702 640 5735 ⁸⁸
678 5700 905 5758 Zachar.
939 5717 1013 5766 vr,
1040 5700 1095 5756 Η
1119 5730 1146 5741 ~
1170 5701 1261 5762 ﬂ.
1340 5703 1383 5735 “
1422 5701 1567 5762 Hehz
1617 5722 1689 5769 .r,
1725 5702 1811 5761 14.
1886 5704 1927 5736 ⁶⁷
1969 5702 2101 5759 Zach

2173 5719 2197 5758 -.
2234 5706 2417 5768 m,8.
2496 5703 2538 5734 θ’
2584 5702 2807 5758 Zachar.
2853 5721 2923 5770 γι,
2962 5704 3045 5760 ιι.
3124 5704 3164 5735 σε
3201 5698 3321 5757 ibid.
3360 5693 3428 5748 ιι.
3491 5671 3644 5734 "ibid-

1738 5987 1759 6017 θ
