3936 6206
352 282 379 327 't
398 273 492 329 H9
1395 272 1684 329 ECLOGA}
1716 270 1905 328 PROP]

2006 270 2399 329 “CIR—LIB.
2442 272 2503 328 Ill
3465 283 3601 337 1150

354 397 452 465 μὲν
572 392 630 446 τὸ
658 394 797 447 θεῖον
824 392 885 464 (f.
911 392 999 462 ‘52
1031 393 1104 465 v°)
1137 393 1462 461 διαλέγεται,
1489 394 1674 465 ἕτερον
1696 393 1769 459 ιδὲ
1798 396 1905 466 περ

2026 394 2125 449 dos
2156 395 2342 464 primm
2370 402 2423 449 et
2474 394 2727 449 increataa
2771 384 3007 451 deitatis.
3053 435 3066 450 .
3111 436 3125 451 .
3170 439 3183 453 .
3228 438 3242 452 .
3286 438 3300 453 .
3347 442 3359 455 .
3406 439 3419 453 .
3479 419 3603 460 esse

347 478 411 539 οὗ
438 484 767 555 προφητεύει
788 502 799 514 ’
835 478 879 552 ᾧ
912 486 1004 538 κα)¹
1033 484 1416 555 ἀναμφιλόγως
1460 486 1697 554 ἀνάγοιτ’
1727 488 1793 541 ἂν
1830 488 1905 540 ἐπ¹

2024 503 2149 541 cum
2196 487 2329 542 dicit
2359 502 2390 540 a
2422 502 2532 558 quo
2584 488 2797 558 excepit
2854 488 3070 545 homine
3096 530 3110 555 ,
3158 493 3443 549 sacerdote
3486 512 3602 549 ma-

348 578 439 630 τὸν
459 578 694 648 Χριστὸν
732 576 822 629 τὸν
861 576 1074 649 ἀληθῶς
1104 576 1218 631 υίὺν
1256 576 1349 630 τοῦ
1393 617 1406 629 .
1452 617 1465 630 .
1511 619 1523 631 .
1571 618 1585 632 .
1629 621 1643 633 .
1688 620 1701 633 .
1743 580 1905 652 ἑρμη-

2021 594 2146 650 gno.
2186 619 2201 635 .
2238 620 2253 635 .
2289 619 2303 632 .
2340 620 2355 634 .
2390 618 2402 631 .
2437 620 2450 633 .
2484 620 2499 635 .
2540 578 2659 650 ipso
2689 579 3035 636 manifestato
3060 598 3154 652 per
3185 586 3443 641 unitatem
3475 603 3601 644 cum

346 669 557 722 νεύεται
583 668 684 723 ίαὼ
704 668 1012 739 δικαιοσύνη
1029 684 1041 698 ·
1069 660 1222 731 οὗτος
1249 668 1294 720 δ’
1322 668 1386 722 ἂν
1411 667 1495 739 εἴη
1520 672 1548 722 ό
1572 670 1759 743 Πατὴρ
1785 710 1799 725 .
1844 711 1857 725 .
1904 716 1905 719 η

2023 670 2115 727 Dei
2146 670 2453 743 Unigenito.
2485 673 2691 739 Quibus
2723 688 2853 728 vero
2886 691 3011 729 eum
3062 674 3268 732 fusiore
3298 693 3435 748 opus
3456 691 3604 737 esset

344 762 471 824 τοὺς
496 760 606 813 τῶν
640 760 967 834 νικητηρίων
1009 760 1308 832 περιτιθεὶς
1350 760 1430 830 τῷ
1458 762 1675 833 Χριστῷ
1722 764 1905 834 στεφά.

2023 765 2425 834 explanatione,
2458 765 2573 819 haec
2620 766 2867 822 suiIicere
2924 768 3207 838 proposito
3257 780 3443 824 nostro
3498 787 3601 841 pu-

344 871 471 917 νους
512 894 523 905 .
571 894 583 906 .
629 893 643 906 .
688 893 700 905 .
744 895 818 924 .,.
862 893 875 905 .
921 894 934 906 .
980 894 994 908 .
1041 892 1054 904 .
1099 891 1113 905 .
1159 894 1171 906 .
1217 892 1230 903 .
1276 892 1291 905 .
1336 895 1349 907 .
1392 852 1905 927 καλεῖοδιὰτὴνείς

2024 866 2224 912 tamus.

342 944 665 1016 ἀνθρώπους
707 945 1058 999 ἀνατείλασαν
1084 946 1151 999 αὑ
1190 987 1204 1000 .
1250 988 1263 999 .
1308 987 1324 1000 .
1366 988 1379 999 .
1437 988 1451 1000 .
1497 989 1510 1001 .
1559 991 1572 1003 .
1612 988 1625 1001 .
1664 950 2006 1003 διδασκαλίαν
2028 952 2119 1004 καὶ
2146 952 2236 1005 τὸν
2280 953 2495 1024 πρῶτον
2531 955 2624 1007 καὶ
2661 954 2830 1024 μέγαν
2868 958 2996 1026 ἀρχι
3025 997 3037 1009 .
3084 999 3097 1011 .
3172 1000 3184 1012 .
3230 998 3245 1012 .
3287 997 3301 1011 .
3349 1000 3361 1012 .
3407 998 3419 1011 .
3465 997 3479 1011 .
3525 997 3540 1011 .

343 1038 688 1108 πρωτότοκον
724 1038 885 1090 αὑτοῦ
915 1038 1114 1107 Λόγον·
1146 1039 1276 1093 Θεὸν
1302 1040 1398 1111 μὲν
1424 1041 1553 1096 ὄντα
1584 1043 1679 1095 καὶ
1712 1043 1915 1114 Κύριον
1952 1044 2060 1096 τῶν
2103 1084 2114 1096 .
2161 1083 2177 1099 .
2223 1088 2236 1099 .
2402 1088 2418 1103 .
2463 1089 2476 1102 .
2518 1088 2531 1101 .
2574 1021 2827 1120 ωνῄίερέα
2870 1021 3074 1121 δέμτῆς
3108 1048 3329 1122 πρώτης
3357 1050 3450 1104 καὶ
3475 1021 3600 1118 ἁγεί

342 1132 509 1201 νήτου
537 1131 815 1203 θεότητος·
862 1173 872 1184 .
916 1170 930 1185 .
978 1173 991 1187 .
1035 1174 1047 1187 .
1095 1175 1108 1188 .
1149 1151 1229 1205 ωρ
1250 1134 1305 1187 δὲ
1335 1130 1473 1188 εἶναι
1502 1135 1662 1189 αὐτόν
1695 1154 1855 1206 φησιν
1880 1131 1939 1190 οὗ
1978 1137 2263 1208 ἀνείληφεν
2303 1139 2607 1211 ἀνθρώπου,
2650 1141 2839 1212 ἱερέως
2871 1142 3105 1212 μεγάλου
3148 1184 3160 1196 .
3205 1184 3219 1196 .
3262 1184 3277 1198 .
3321 1184 3335 1197 .
3380 1182 3392 1195 .
3434 1143 3598 1197 αὑτοῦ

341 1223 772 1296 χρηματίζοντος
801 1225 888 1278 διὰ
927 1225 1023 1296 τήν
1056 1226 1247 1279 ἐνωσιν
1289 1227 1387 1295 τὴν
1434 1230 1569 1299 πρὸς
1614 1228 1702 1281 τὸν
1747 1230 2021 1300 Μονογενῆ
2085 1229 2178 1282 τοῦ
2209 1230 2365 1286 Θεοῦ.
2395 1232 2601 1303 Πολλῆς
2649 1233 2707 1285 δὲ
2760 1233 2867 1287 τῶν
2900 1234 3040 1289 κατὰ
3091 1234 3182 1289 τὸν
3220 1235 3379 1290 τόπον
3416 1235 3596 1306 δεομέ-

343 1336 450 1372 νων
483 1319 832 1389 ἐξ(ηγήσεως)
872 1318 1028 1371 ἱκανὰ
1062 1320 1153 1371 καὶ
1195 1318 1367 1373 ταῦτα
1395 1318 1470 1384 ώς
1505 1320 1637 1392 πρὸς
1666 1319 1763 1391 τήν
1811 1322 2093 1392 παροῦσαν
2120 1322 2394 1378 ὑπόθεσιν.

856 1461 1248 1515 ΚΕΦΑΛΑΙΟΝ
1287 1464 1413 1517 ΚΔ’.

939 1574 1048 1628 Τοῦ
1072 1575 1280 1629 αὐτοῦ.

2585 1461 2813 1516 CAPUT
2854 1462 3043 1517 XXlV.

2609 1575 2693 1629 Ea:
2735 1577 2934 1631 eodem.

420 1707 438 1739 ι
472 1689 639 1759 Χαῖρε
662 1728 675 1741 .
714 1728 726 1740 .
773 1730 785 1742 .
829 1726 844 1740 .
888 1728 901 1741 .
938 1688 1175 1761 θύγατερ
1204 1687 1359 1755 Σιὼν,
1390 1692 1649 1762 κήρυσσε,
1683 1693 1905 1765 θύγατερ

2099 1708 2116 1741 ‹
2154 1689 2378 1744 Exsulta
2409 1688 2609 1761 (satis),
2640 1689 2750 1744 tilia
2793 1688 2947 1752 Sion.
2985 1691 3189 1760 jubila,
3225 1693 3330 1747 tilia
3367 1692 3594 1751 Jerusa-

352 1780 740 1851 Ἰερουσαλήμ*
800 1780 937 1844 ἰδοὺ,
981 1782 1009 1832 ό
1049 1780 1116 1850 βα
1158 1820 1171 1832 .
1216 1818 1232 1833 .
1275 1820 1289 1833 .
1334 1819 1348 1833 .
1394 1822 1407 1836 .
1448 1781 1663 1852 ἔρχεταί
1710 1800 1790 1835 σοι
1836 1784 1905 1836 δὶ-

2018 1785 2142 1839 lem.
2173 1783 2309 1837 Ecce
2340 1781 2449 1838 Rex
2477 1784 2649 1854 (tuus)
2676 1784 2852 1837 veniet
2872 1784 2968 1837 tibi
2994 1784 3177 1853 justus
3230 1794 3282 1839 et
3307 1784 3585 1840 Salvator:

340 1888 493 1937 καιος
522 1874 617 1926 καὶ
650 1870 837 1936 σώζων
879 1872 1041 1935 αὐτὸς
1073 1872 1251 1943 πραῢς
1284 1874 1376 1926 καὶ
1408 1874 1500 1926 ἐπι
1544 1914 1555 1925 .
1602 1916 1615 1928 .
1660 1914 1673 1927 .
1717 1914 1730 1928 .
1775 1915 1789 1928 .
1836 1916 1848 1928 .
1893 1915 1905 1927 .

2014 1880 2129 1947 ipse
2159 1893 2366 1948 pauper
2416 1875 2742 1949 (ascendens
2788 1885 2981 1948 super)
3028 1878 3237 1935 asinam
3266 1919 3279 1943 ,
3335 1886 3389 1933 et
3429 1896 3593 1949 super

338 1966 631 2034 ὑποζύγιον
662 1966 755 2020 καὶ
789 1964 966 2019 πῶλον
994 1966 1131 2019 νέον.
1161 1967 1270 2019 Καὶ
1298 1965 1661 2038 ἐξολοθρεύσει
1694 1968 1912 2039 ἅρματα

336 2058 397 2125 ἐξ
435 2057 692 2129 Ἐφραῒμ,
738 2057 832 2112 καὶ
874 2058 1038 2110 ἵππον
1080 2056 1139 2122 ἐξ
1185 2058 1554 2129 Ἰερουσαλὴμ,
1600 2060 1691 2112 καὶ
1733 2060 1910 2125 ἐξολο-

337 2149 626 2220 θρεύσεται
668 2149 817 2216 τόξον
857 2150 1168 2220 πολεμικὸν,
1215 2151 1309 2204 καὶ¹
1355 2150 1556 2222 πλῆθος
1590 2152 1683 2205 καὶ
1722 2154 1909 2224 εἰρήνη

336 2242 400 2307 ἐξ
433 2243 623 2308 ἐθνῶν,
655 2245 749 2297 καὶ
779 2243 1037 2313 κατάρξει
1062 2244 1169 2296 ἀπὸ
1199 2243 1493 2315 θαλάσσης,
1523 2244 1616 2297 καὶ
1650 2246 1909 2315 ποταμῶν

333 2338 405 2390 δι’
432 2336 658 2395 ἐκϐολὰς
684 2336 803 2406 γῆς.
851 2356 868 2387 ι
899 2336 1155 2408 Θυγάτηρ
1186 2334 1345 2398 Σιὼν,
1372 2354 1405 2409 ῃ
1442 2337 1772 2407 προστάσσει
1801 2338 1913 2408 χαί-

337 2446 455 2500 ρειν
485 2430 513 2481 ό
557 2428 746 2496 Λόγος,
791 2427 939 2480 πᾶσα
983 2429 1015 2498 ή
1061 2427 1160 2497 τῆς
1206 2430 1402 2498 νοητῆς
1450 2430 1542 2481 καὶ
1590 2430 1909 2500 ἐπουρανίου

335 2519 476 2574 Σιὼν
498 2522 546 2573 οἱ
574 2536 969 2590 κατατυγχανει
1015 2518 1131 2589 (sic)
1165 2518 1307 2590 ψυχή
1331 2537 1344 2549 ο
1374 2519 1406 2590 ἢ
1453 2520 1529 2591 (ἡ)
1561 2521 1654 2573 καὶ
1684 2522 1774 2573 ἐπὶ
1809 2521 1912 2591 γῆς

299 2620 313 2635 ⁸
334 2610 427 2664 διὰ
449 2608 681 2682 Χριστοῦ
712 2610 951 2662 συστᾶσα
985 2606 1044 2672 ἐξ
1082 2607 1249 2661 ἐθνῶν
1286 2608 1561 2679 ἢκκλησία
1712 2606 1911 2678 ὁμοίως

332 2706 380 2759 δ’
416 2700 482 2757 αὖ
519 2703 677 2756 πάλιν
715 2703 960 2773 θυγάτηρ
999 2701 1369 2772 Ἰερουσαλὴμ,
1396 2705 1429 2772 ἡ
1462 2702 1777 2770 συγγένειαν
1815 2702 1911 2771 φέ-

337 2815 510 2870 ρουσα
550 2797 649 2866 τῆς
703 2795 1024 2867 ἐπουρανίου
1073 2794 1451 2866 Ἰερουσαλήμ·
1489 2790 1575 2849 οἷὰ
1621 2813 1707 2858 τις
1756 2791 1823 2865 ἦν
1876 2798 1909 2867 ἡ

333 2891 551 2945 Παύλου
587 2890 853 2958 λέγοντος,
892 2907 912 2941 t
955 2889 1018 2940 'H
1046 2887 1102 2941 δὲ
1126 2888 1237 2942 ἄνω
1278 2889 1628 2959 Ἰερουσαλὴμ
1652 2888 1911 2959 ἐλευθέρα

331 2985 505 3047 ἐστὶν,
540 2983 661 3053 ἥτις
687 2981 835 3035 ἐστὶν
872 2981 1052 3050 μήτηρ
1073 2979 1251 3050 ήμῶν.
1292 2998 1310 3030 ι
1339 2980 1469 3043 Ταῖς
1504 2979 1565 3049 δὴ
1594 2974 1687 3031 οὖν
1724 2978 1910 3031 τοιαύ-

2013 1967 2219 2037 pullum
2256 1967 2422 2020 tilium
2455 1966 2641 2020 asinae.
2692 1965 2758 2020 Et
2814 1968 3125 2036 disperdam
3174 1969 3490 2039 quadrigam
3526 1986 3591 2024 ex

2013 2062 2290 2129 Ephraim,
2325 2067 2378 2113 et.
2403 2076 2601 2129 equum
2632 2061 2699 2114 de
2735 2058 3072 2124 Jerusalem,
3128 2072 3180 2115 et
3233 2060 3591 2130 dissipabitur
3646 2124 3649 2127 ς

2013 2166 2173 2205 arcus
2211 2150 2339 2205 belli
2369 2169 2381 2203 :
2419 2158 2471 2204 et
2496 2151 2747 2219 loquetur
2768 2165 2953 2220 pacem
2979 2151 3254 2220 gentilem,
3275 2162 3328 2205 et
3351 2162 3591 2221 potestas

2012 2241 2131 2309 ejus
2156 2255 2185 2292 a
2214 2240 2349 2292 mari
2375 2255 2548 2309 usque
2580 2240 2644 2292 ad
2683 2256 2858 2301 mare.
2914 2249 2965 2293 et
3000 2256 3028 2293 a
3072 2240 3383 2297 ﬂuminibus
3419 2260 3591 2312 usque

2013 2330 2077 2383 ad
2127 2329 2260 2383 lines
2294 2337 2452 2383 terra:
2484 2330 2549 2381 τί.
2589 2348 2607 2380 ι
2652 2328 2794 2382 Filia
2829 2329 2991 2394 Sion,
3025 2324 3195 2401 quam
3242 2332 3391 2401 jubet
3421 2334 3589 2387 ltetari

2014 2420 2338 2491 Scriptura,
2391 2422 2569 2476 omnis
2620 2428 2701 2475 est
2752 2422 3015 2492 spiritalis
3072 2424 3419 2492 ccelestisque
3457 2422 3589 2478 Sion

2013 2514 2223 2576 anima,
2276 2512 2358 2567 vel
2394 2513 2448 2566 in
2498 2520 2643 2567 terra
2678 2530 2772 2582 per
2820 2513 3095 2569 Christum
3145 2523 3297 2569 stans
3347 2516 3588 2585 gentium

2013 2605 2276 2659 Ecclesia.
2312 2602 2574 2658 Similiter
2604 2621 2797 2661 rursus
2830 2605 2936 2660 tilia
2970 2605 3271 2661 Jerusalem
3294 2647 3307 2671 ,
3352 2622 3472 2675 quas
3508 2606 3589 2660 af-

2015 2698 2136 2752 ﬁnis
2165 2706 2248 2751 est
2283 2697 2492 2751 cmlesti
2522 2695 2858 2764 Jerusalem;
2915 2699 2982 2753 de
3019 2716 3122 2769 qua
3177 2698 3320 2770 apud
3361 2698 3588 2754 Paulum

2012 2798 2344 2844 memoratur
2372 2791 2672 2846 dicentem:
2719 2810 2737 2843 ‹
2776 2790 2870 2845 Illa
2900 2801 3080 2846 autem
3112 2808 3231 2862 quze
3258 2810 3474 2849 sursum
3503 2801 3588 2849 est

2008 2881 2330 2945 Jerusalem,
2360 2883 2528 2938 libera
2573 2892 2690 2948 est,
2724 2900 2845 2954 qua:
2876 2893 2960 2939 est
3011 2895 3182 2939 mater
3230 2894 3413 2940 nostra
3456 2887 3520 2941 τ’.
3562 2907 3580 2939 ι

2012 2972 2235 3029 Talibus
2267 2975 2431 3044 igitur
2466 2976 2663 3031 animis
2706 2974 2990 3045 Scriptura
3056 2977 3370 3031 adfuturum
3429 2977 3585 3033 Chri-

330 3093 457 3138 ταις
481 3072 678 3145 ψυχαῖς
704 3076 732 3127 ό
769 3072 939 3140 Λόγος
970 3071 1369 3141 (ἐπι)δημήσέιν
1408 3071 1498 3123 τὸν
1548 3070 1781 3139 Χριστὸν
1812 3068 1905 3122 τοῦ

2012 3075 2154 3119 stum
2186 3065 2277 3120 Dei
2331 3068 2699 3136 praenuntiat,
2744 3068 3022 3124 sedentem
3058 3086 3221 3140 super
3260 3072 3471 3126 asinam
3531 3082 3585 3128 et

329 3135 998 3240 Θεού’προανακηρύττει
1056 3135 1420 3237 ἐπιθεέηκότα
1478 3135 1754 3238 ύποξυγίῳ
1815 3168 1905 3221 καὶ

2012 3175 2174 3230 super
2220 3160 2425 3229 pullum
2480 3159 2646 3213 liliqu
2678 3159 2881 3226 asinae;
2931 3162 3011 3213 sic
3046 3161 3191 3214 enim
3225 3161 3585 3230 interpretan-

331 3262 501 3333 πώλῳ
527 3262 630 3333 νέῳ
650 3279 663 3293 ·
689 3260 831 3313 οὕτω
857 3260 956 3330 τῆς
985 3258 1325 3330 ἀνθρωπείας
1366 3258 1597 3328 φύσεως,
1625 3259 1690 3329 ἥν
1725 3260 1911 3331 ἐπιδη-

334 3357 517 3426 μήσας
545 3352 893 3424 (ἀνεί)ληφεν,
948 3350 1238 3420 νοουμένης
1260 3367 1272 3380 ·
1315 3348 1430 3419 μεθ’
1456 3346 1524 3423 ἦς
1551 3349 1908 3421 ἐξωλὸθρευσε

329 3449 515 3500 πᾶσαν
542 3443 838 3516 πολεμικὴν
870 3443 1097 3513 δύναμιν
1124 3441 1229 3495 ἀπὸ
1254 3442 1431 3512 πάσης
1453 3442 1910 3513 ὲκκλησιαστικῆς

330 3542 429 3595 καὶ
474 3540 659 3610 φέρειν
707 3538 951 3610 καρποὺς
995 3536 1181 3606 ἁγίους
1235 3534 1531 3606 δυναμένης
1573 3535 1771 3605 ψυχῆς,
1814 3536 1907 3589 τοῦ

344 3631 586 3705 Ἐφραῒμ
633 3633 712 3696 είς
769 3630 1141 3703 καρποφορίαν
1196 3627 1764 3699 μεταλαμϐανομένου,
1816 3628 1908 3681 καὶ

328 3725 412 3787 είς
458 3724 648 3795 ὅρασιν
686 3723 908 3794 εἰρήνης
951 3718 1093 3774 κατὰ
1136 3718 1235 3790 τὴν
1274 3718 1497 3773 Ἐλλάδα
1538 3718 1781 3787 γλῶτταν
1809 3720 1908 3788 τῆς

341 3814 697 3886 Ἰερουσαλήμ
713 3830 725 3843 ⁸
753 3814 846 3866 καὶ
874 3812 938 3881 δὴ
960 3810 1341 3881 ἐξολοθρεύσας
1366 3811 1491 3872 τοὺς
1520 3809 1783 3880 πρότερον
1807 3808 1907 3879 τῆς

329 3907 747 3980 ἁνθρωπὸτητος
772 3905 1169 3976 ἐπικρατούσας
1191 3902 1308 3971 (sic)
1332 3902 1587 3971 δαίμονας
1616 3901 1903 3971 πονηροὺς,

330 4001 391 4067 ἐξ
448 3999 703 4053 ἁπάντων
749 3997 856 4051 τῶν
910 3997 1077 4051 πάλαι
1119 3995 1331 4058 τούτοις
1372 3994 1698 4064 ὑποχειρίων
1738 3992 1906 4046 ἐθνῶν

333 4092 565 4164 μυρίους
612 4092 768 4153 ὅσους
806 4088 911 4142 ὑπὸ
939 4088 1027 4141 τὸν
1058 4086 1253 4158 εὐσεϐῆ
1285 4090 1384 4158 τῆς
1422 4084 1766 4148 διδασκαλίας
1812 4086 1906 4138 αύ-

325 4182 423 4236 τοῦ
450 4182 610 4251 ζυγὸν
644 4182 976 4251 ὑπηγάγετο.
1008 4179 1191 4234 Ταῦτα
1216 4180 1312 4249 μὲν
1343 4178 1485 4232 κατὰ
1512 4178 1746 4231 διάνοιαν
1769 4195 1791 4247 Ἀ
1814 4177 1905 4230 καὶ

329 4273 510 4345 ῥητῶς
554 4274 608 4327 δὲ
638 4276 666 4327 ό
712 4273 943 4341 Χριστὸς
984 4271 1409 4343 ἐνανθρωπήσας
1440 4272 1533 4324 καὶ
1579 4268 1905 4340 σωματικῶς

325 4366 429 4429 τὰς
455 4367 585 4435 περί
607 4364 771 4418 αὑτοῦ
814 4363 1145 4435 προφητείας
1173 4362 1452 4425 ἐπιτελῶν,
1487 4362 1580 4416 καὶ
1606 4362 1779 4433 ταύτῃ
1806 4359 1904 4413 πέ-

328 4475 432 4530 ρας
474 4456 822 4521 ἐπιτέθεικεν,
860 4456 948 4509 ὃτε
991 4455 1130 4507 κατὰ
1174 4454 1263 4507 τὸν
1311 4455 1700 4526 εύαγγελιστὴν
1750 4450 1903 4507 εἶπεν

324 4555 442 4615 τοῖς
486 4549 677 4604 ἑαυτοῦ
715 4549 999 4620 μαθηταῖς,
1042 4566 1061 4599 ι
1108 4548 1466 4619 Πορευθέντες
1494 4550 1573 4611 εἰς
1616 4548 1715 4618 τὴν
1758 4547 1900 4601 ἁπέ-

326 4660 481 4697 ναντι
530 4642 744 4711 κώμην,
787 4642 1043 4712 εὑρήσετε
1077 4640 1195 4695 ὄνον
1240 4641 1335 4693 καὶ
1365 4641 1543 4695 πῶλον
1578 4642 1864 4714 δεδεμένην
1884 4661 1901 4674 ο

326 4736 591 4798 λύσαντες
622 4729 712 4787 οὖν
750 4733 917 4803 αὐτὴν
950 4733 1185 4802 ἀγάγετε
1203 4751 1215 4764 ’
1252 4735 1344 4787 καὶ
1374 4734 1470 4788 ἐάν
1499 4753 1581 4799 τις
1615 4736 1742 4805 ὑμῖν
1773 4737 1901 4808 εἴπῃ

326 4827 380 4880 τί
407 4829 632 4889 ποιεῖτε,
659 4827 853 4897 ἐρεῖτε,
880 4826 908 4877 ό
933 4824 1134 4896 Κύριος
1160 4826 1267 4878 ἀπο
1290 4825 1511 4898 (αὐτῶν)
1539 4826 1723 4897 χρείαν
1752 4827 1862 4898 ἔχει
1882 4846 1896 4858 ·

327 4917 423 4970 καὶ
466 4915 792 4978 ἀπελθόντες
824 4916 1016 4969 ἐκεῖνοι
1064 4915 1322 4986 ἐποίησαν
1349 4915 1529 4981 καθὼς
1570 4918 1897 4989 προσέταξεν

327 5008 534 5074 αὐτοῖς.
572 5024 591 5056 ι
625 5005 839 5057 Τούτων
864 5004 910 5057 δ’
961 5002 1133 5067 οὕτως
1174 5005 1426 5074 ἐχόντων,
1470 5005 1802 5075 παραθετέον
1830 5005 1900 5059 τὰ

332 5097 471 5171 ρητὰ
496 5100 609 5162 τοῖς
635 5097 809 5169 μόνως
836 5097 1160 5168 σωματικῶς
1192 5099 1285 5151 καὶ
1316 5097 1617 5162 Ἰουδαϊκῶς
1659 5097 1729 5151 τὰ
1773 5116 1902 5170 προ-

332 5185 559 5256 κείμενα
604 5185 694 5237 ἐπὶ
738 5188 805 5256 τῇ
838 5184 932 5237 τοῦ
979 5185 1213 5256 Χριστοῦ
1258 5187 1526 5259 παρουσίᾳ
1575 5188 1900 5259 γενήσεσθαι

329 5277 755 5348 φανταζομένοις
777 5295 791 5310 ο
821 5278 1056 5331 δεικτέον
1081 5295 1140 5331 τε
1169 5279 1299 5333 αὐτο
1320 5280 1377 5332 δὲ
1403 5279 1519 5351 (sic)
1543 5280 1690 5345 ὅπως
1714 5282 1807 5334 ἐπὶ
1834 5284 1898 5353 τῇ

327 5366 423 5421 τοῦ
468 5370 718 5442 Σωτῆρος
761 5369 917 5441 ἡμῶν
966 5372 1235 5443 παρουσίᾳ
1281 5372 1373 5425 καὶ
1422 5372 1744 5443 σωματικῶς
1794 5391 1899 5444 περ

326 5477 433 5512 αυτ
471 5500 485 5511 .
530 5501 542 5512 .
587 5500 600 5514 .
644 5479 741 5530 φεν
774 5461 911 5531 μετὰ
933 5462 1040 5515 τῶν
1061 5462 1232 5516 ἄλλων
1263 5464 1413 5535 καὶὴ
1448 5464 1726 5533 φάσκουσα
1762 5483 1896 5535 προ·-

331 5551 550 5617 tentata,
596 5570 612 5603 ι
644 5553 752 5605 Καὶ
795 5552 1159 5624 ἐξολοθρεύσει
1186 5553 1404 5625 ἅρματα
1434 5557 1490 5621 ἐξ
1537 5555 1774 5627 Ἐςςραῖμ
1805 5558 1895 5611 καὶ

404 5731 443 5759 ⁷¹
488 5726 715 5784 Zachar.
750 5746 798 5784 ix
825 5770 837 5794 ,
873 5731 923 5797 9,
1002 5733 1081 5789 ll).
1161 5736 1203 5764 "
1245 5734 1414 5788 Galat.
1452 5750 1521 5801 tv,
1558 5733 1645 5790 26.

1982 3259 2098 3307 .tur
2154 3262 2402 3305 naturam
2450 3252 2764 3315 humanam,
2820 3253 2873 3305 in
2924 3267 3031 3321 qua
3067 3260 3433 3308 commoratus
3478 3261 3581 3308 est.

2008 3342 2210 3398 Deinde
2236 3343 2604 3412 pessumdedit
2637 3358 2854 3397 omnem
2882 3343 3135 3399 hostilem
3170 3354 3487 3415 potestatem
3516 3363 3582 3402 ex

2006 3437 2152 3490 omni
2186 3436 2577 3500 ecclesiastica,
2601 3443 2657 3490 et
2698 3445 2918 3491 sanctos
2950 3435 3090 3491 ferre
3140 3438 3350 3493 fructus
3375 3440 3584 3494 valente

2006 3530 2224 3593 anima,
2279 3528 2534 3599 Ephraim
2593 3528 2870 3584 fructuum
2904 3531 3114 3600 c0piam
3176 3530 3584 3603 Jerusalcmque

2005 3622 2187 3692 lingua
2217 3621 2402 3677 Graeca
2454 3621 2721 3676 visionem
2774 3622 2926 3692 pacis
2968 3622 3329 3692 significante.
3387 3624 3583 3679 Deletis

2004 3730 2134 3783 ergo
2159 3715 2250 3784 qui
2276 3715 2427 3784 prius
2455 3714 2738 3768 hominum
2786 3730 2958 3785 genus
2986 3724 3375 3785 oppresserunt
3402 3716 3583 3785 pravis

2004 3804 2359 3871 dzemonibus,
2391 3823 2456 3861 ex
2493 3805 2748 3863 omnibus
2783 3806 3187 3885 qui'quondam
3224 3807 3450 3860 istorum
3480 3808 3582 3863 sub

2005 3898 2209 3953 ditione
2233 3905 2390 3953 erant
2418 3898 2586 3952 millia
2632 3899 2801 3952 multa
2851 3899 2953 3953 sub
2996 3900 3141 3968 pium
3173 3897 3433 3953 doctrina:
3471 3915 3583 3955 sua:

2000 3992 2188 4061 jugum
2222 3991 2467 4046 deduxit.
2505 3990 2628 4047 Haec
2657 3992 2874 4062 quidem
2921 3991 2987 4046 de
3005 3991 3582 4063 hujusjlocisigniﬁca-

2004 4086 2170 4140 tione.
2207 4086 2270 4138 Et
2294 4086 2510 4155 proprie
2540 4083 2795 4141 Christus
2826 4084 3004 4140 factus
3039 4086 3203 4139 homo
3243 4094 3293 4140 et
3325 4102 3582 4156 corpora-

2004 4178 2130 4232 liter
2158 4178 2226 4233 dc
2250 4194 2309 4234 se
2336 4178 2455 4248 ipso
2487 4177 2786 4248 prophetiis
2818 4178 3085 4247 impletis,
3118 4179 3243 4233 huic
3286 4179 3443 4234 tinem
3474 4181 3578 4233 im-

2004 4270 2208 4342 posuit,
2234 4286 2360 4325 cum
2390 4271 2691 4326 secundum
2723 4271 3115 4340 evangelistam
3156 4272 3437 4342 discipulis
3465 4274 3579 4329 suis

2004 4363 2179 4419 dixit:
2222 4383 2241 4415 ί
2277 4362 2353 4419 Ite
2390 4364 2443 4418 in
2478 4364 2765 4426 castellum
2812 4363 2958 4433 quod
2983 4372 3175 4419 contra
3213 4381 3310 4420 vos
3342 4374 3466 4431 est,
3526 4375 3581 4422 et

1934 4484 1978 4538 Β
2008 4455 2186 4510 statim
2208 4455 2496 4511 invenietis
2520 4455 2731 4511 asinam
2763 4455 3035 4526 alligatam
3058 4496 3072 4520 ,
3117 4465 3170 4512 et
3202 4459 3410 4527 pullum
3454 4474 3579 4513 cum

2006 4561 2106 4611 ea;
2141 4546 2333 4601 solvite
2363 4554 2417 4601 et
2467 4546 2720 4601 adducite
2763 4546 2917 4599 mihi.
2953 4544 3024 4599 Et
3062 4548 3108 4602 si
3138 4548 3261 4618 quis
3299 4549 3452 4602 vobis
3482 4549 3580 4601 ali-

2005 4638 2136 4709 quid
2172 4639 2390 4703 direrit,
2419 4632 2586 4694 dicite
2616 4642 2745 4709 quia
2770 4639 3033 4696 Dominus
3057 4656 3195 4711 opus
3241 4641 3328 4695 his
3378 4640 3575 4703 habet;

2005 4739 2059 4787 et
2094 4731 2378 4787 confestim
2414 4731 2649 4786 dimittet
2674 4747 2787 4788 eos.
2833 4732 2900 4786 Et
2932 4734 3191 4787 abeuntes
3230 4732 3306 4784 illi
3335 4730 3578 4785 fecerunt

2005 4827 2145 4881 sicut
2173 4834 2502 4896 prazceperat
2535 4825 2616 4880 eis
2639 4826 2706 4879 ⁷³.
2742 4846 2760 4877 ι
2799 4824 2925 4879 Haec
2956 4825 3030 4877 ita
3072 4838 3194 4877 cum
3227 4839 3285 4877 se
3312 4822 3574 4885 habeant,

2005 4918 2321 4984 exponenda
2366 4926 2493 4973 sunt
2535 4918 2650 4973 haec
2697 4918 2858 4972 verba
2912 4916 3019 4971 illis
3066 4914 3157 4985 qui
3204 4914 3576 4969 tantummodo

2004 5009 2296 5063 carnaliter
2321 5015 2374 5063 et
2396 5007 2622 5064 Judaice
2650 5023 2713 5063 ea
2747 5007 2815 5062 de
2841 5006 3045 5061 Christi
3073 5005 3307 5060 adventu
3333 5006 3447 5061 ﬁeri
3466 5008 3577 5076 opi-

2005 5106 2237 5160 nantur;
2266 5098 2749 5155 demonstrandum
2802 5106 2887 5154 est
2934 5099 3015 5154 eis
3048 5097 3321 5167 quomodo
3353 5096 3420 5153 de
3456 5096 3575 5151 Sal-

2005 5192 2212 5247 vatoris
2227 5192 2400 5247 nostri
2421 5192 2880 5255 manifestatione,
2903 5192 2987 5247 vel
3012 5191 3325 5249 carnaliter.
3361 5231 3376 5246 .
3413 5232 3426 5244 .
3459 5230 3473 5244 .
3506 5234 3518 5244 .
3557 5234 3570 5246 .

2008 5300 2131 5339 cum
2157 5284 2280 5339 aliis
2302 5291 2356 5339 et
2388 5283 2669 5355 prophetia
2700 5283 2887 5339 dicens
2919 5302 2933 5337 :
2982 5302 3000 5334 ι
3037 5281 3321 5353 Disperdet
3353 5281 3574 5351 quadri-

2008 5389 2103 5444 gas
2150 5389 2217 5429 ex
2244 5374 2500 5445 Ephraim
2539 5381 2594 5429 et
2622 5389 2821 5444 equum
2852 5373 2919 5429 de
2948 5370 3267 5427 Jerusalem.
3312 5391 3331 5425 ι
3381 5370 3573 5427 Divina

2005 5465 2169 5535 igitur
2208 5467 2556 5537 cmlestisque
2601 5465 2805 5522 Christi
2854 5465 3104 5536 potentiae
3160 5463 3416 5519 inetlabili
3465 5465 3572 5517 vir-

2006 5565 2117 5612 tute
2158 5567 2299 5627 post.
2340 5602 2353 5615 .
2396 5602 2408 5615 .
2451 5602 2459 5611 .
2499 5603 2511 5615 .
2546 5600 2559 5613 .
2598 5600 2609 5613 .
2662 5559 2824 5631 hujus
2854 5559 3143 5633 “insidias;
3181 5559 3459 5631 ipsamque
3485 5556 3570 5613 Jc-t

1726 5736 1769 5768 ⁷³
1813 5734 1996 5792 Matth.
2033 5752 2157 5803 xxi,
2188 5736 2360 5805 2,5,6.
