3936 6206
513 309 646 366 nm
1215 305 1486 361 EUSEBII
1525 306 2007 366 cmsammsns
2043 308 2190 365 OPP.
2231 308 2410 364 rans
2437 309 2531 364 ιιι.
2570 340 2635 349 -
2677 288 3081 365 EXEGETICA.
3549 321 3652 378 usa

511 422 748 476 rusalcm
784 433 928 472 cum.
960 458 974 472 .
1014 457 1028 471 .
1062 454 1078 470 .
1111 451 1128 472 .
1161 456 1177 472 .
1212 457 1227 472 .
1269 418 1325 471 in
1363 417 1565 499 quibus
1595 418 1781 474 hostili
1815 428 2065 490 potestati

2110 428 2158 486 Α
2185 423 2348 476 ἵππον
2397 420 2458 492 (f.
2498 420 2597 491 3'5)
2638 420 2698 486 ἐξ
2743 421 3110 494 Ἰερουσαλήμ.
3144 440 3162 474 ι
3216 421 3279 476 Ἦ
3319 423 3434 492 γοῦν
3463 428 3537 482 τοῦ
3567 433 3657 503 Χρι-

511 511 906 584 pessumdcdit.
965 509 1138 565 Tunc.
1187 552 1202 565 .
1245 551 1259 564 .
1297 551 1311 565 .
1346 551 1360 564 .
1396 550 1411 564 .
1445 550 1459 563 .
1497 551 1510 564 .
1549 551 1563 567 .
1597 556 1610 568 .
1643 551 1660 566 .
1710 513 1969 584 populum
2020 514 2065 570 in

2187 514 2312 569 στοῦ
2348 513 2467 568 Θεία
2498 515 2594 569 καὶ
2637 514 2885 586 οὐράνιος
2927 513 3152 585 δύναμις
3181 515 3452 587 ἀπορρήτῳ
3477 521 3664 595 ἐνεργείᾳ

507 603 625 675 ipsa
661 601 913 672 Ephraim
945 601 1142 680 sacpius
1160 601 1517 656 nominatum.
1555 642 1568 655 .
1602 641 1618 655 .
1650 643 1668 660 .
1703 644 1718 660 .
1753 645 1767 658 .
1802 643 1819 661 .
1855 644 1872 660 .
1907 645 1923 659 .
1959 645 1975 659 .
2012 643 2026 658 .

2187 606 2323 677 μετὰ
2360 604 2457 676 τὴν
2500 643 2516 658 .
2561 647 2574 660 .
2620 644 2633 657 .
2678 644 2691 657 .
2732 603 2918 657 τούτου
2966 603 3281 676 ἐπιϐουλήν
3325 606 3474 679 αὑτήν
3504 627 3554 662 τε
3593 613 3666 684 τὴν

509 703 882 767 praeceptum;
927 693 1264 764 frequentem
1323 709 1525 764 equum
1563 695 1619 750 in
1671 693 1972 753 Jerusalem
2019 707 2063 752 el

2194 695 2550 767 Ἰερουσαλὴμ
2579 693 2676 748 σὺν
2706 695 2800 748 καὶ
2838 698 2904 766 τῇ
2937 711 3078 765 προγ
3120 737 3134 750 .
3178 734 3192 748 .
3237 736 3250 749 .
3293 735 3308 748 .
3348 736 3361 750 .
3400 735 3414 749 .
3448 695 3586 764 ὲναίς
3615 708 3665 773 τῇ

506 788 845 859 quadrigam.
873 827 891 846 .
919 828 934 842 .
964 825 980 842 .
1009 825 1046 841 ..
1091 826 1105 840 .
1139 803 1234 860 per
1259 788 1523 844 bellorum
1557 789 1722 845 acies.
1755 831 1769 846 .
1809 831 1824 845 .
1859 831 1875 846 .
1907 829 1922 846 .
1957 830 1971 845 .
2007 829 2022 845 .
2058 833 2060 840 ι

2181 801 2524 859 τυγχανουσῃ
2557 785 2826 857 πολεμικῇ
2852 785 3075 856 δυνάμει
3105 785 3475 859 ἐξωλόθρευσε·
3509 789 3580 843 τὰς
3611 833 3622 845 .
3653 833 3664 845 .

507 881 678 935 factos
696 895 890 951 equos,
910 880 1198 950 pecoribus
1214 881 1598 952 insipientibus
1619 883 1903 938 assimilat.
1927 924 1940 937 .
1963 925 1975 938 .
2016 924 2030 938 .
2060 929 2061 932 η

2184 920 2198 934 .
2242 917 2255 929 .
2301 919 2313 932 .
2355 877 2480 930 λαὸν
2503 875 2593 928 τὸν
2629 878 2687 929 ὲν
2716 877 2855 950 αὐτῇ
2891 874 3127 947 Ἐφραίμ
3150 875 3392 940 πολλάκις
3415 878 3671 950 ὠνομασμέ-

504 986 643 1042 quos
677 972 892 1042 penitus
917 986 1106 1027 omnes
1127 971 1390 1028 adventus
1423 972 1720 1028 Salvatoris
1749 973 1923 1028 nostri
1953 988 2058 1036 pes-

2179 969 3669 1044 νον................ὲντολήϊπληθύ-

503 1063 795 1119 sumdedit.
841 1104 855 1119 .
900 1105 915 1120 .
959 1104 974 1120 .
1021 1105 1035 1118 .
1083 1105 1096 1118 .
1141 1103 1157 1120 .
1199 1065 1490 1118 salutarem
1520 1063 1858 1134 praesentiam
1895 1062 2057 1134 perdi‘

2179 1079 2339 1116 νοντα
2363 1064 2526 1115 ἵππον
2559 1063 2616 1116 ὲν
2648 1063 2715 1133 τῇ
2734 1061 3086 1133 Ἰερουσαλὴμ
3117 1061 3209 1116 καὶ
3236 1064 3402 1133 άρματ
3425 1102 3438 1116 .
3473 1103 3486 1118 .
3521 1106 3532 1119 .
3567 1105 3582 1121 .
3614 1104 3626 1119 .
3658 1105 3669 1121 .

503 1153 574 1207 tis
607 1152 734 1208 illis.
775 1193 789 1207 .
839 1195 852 1208 .
896 1193 912 1208 .
954 1193 969 1208 .
1015 1194 1028 1208 .
1075 1193 1090 1208 .
1137 1195 1148 1206 .
1193 1154 1346 1207 multi
1390 1170 1456 1208 ex
1514 1154 1769 1209 omnibus
1819 1155 2057 1224 gentibus

2178 1151 2343 1214 τικῶς
2365 1150 2452 1204 διὰ
2480 1150 2578 1214 τὰς
2607 1151 2664 1203 ὲν
2701 1152 2813 1213 τοῖς
2843 1150 3099 1221 πολέμοις
3125 1153 3438 1224 παρατάξεις
3464 1171 3490 1206 τ
3523 1193 3534 1206 .
3569 1194 3581 1208 .
3615 1197 3626 1210 .
3658 1195 3669 1212 .

500 1243 556 1298 in
619 1244 838 1302 animis.
884 1284 899 1300 .
939 1283 956 1300 .
1001 1286 1015 1299 .
1060 1284 1074 1298 .
1120 1282 1135 1298 .
1175 1252 1525 1315 acceperunt.
1590 1245 1698 1301 Deo
1752 1253 1970 1315 regente
2018 1263 2048 1300 e

2179 1261 2282 1298 κατ
2320 1285 2331 1297 .
2379 1283 2393 1296 .
2436 1283 2450 1296 .
2495 1285 2509 1298 .
2553 1282 2567 1296 .
2614 1283 2628 1296 .
2673 1282 2687 1296 .
2729 1243 3054 1315 γενομένους
3085 1244 3314 1308 ἵππους·
3357 1249 3570 1317 κτήνεσιν
3589 1251 3671 1312 τοῖς

499 1335 820 1405 imperante.
865 1378 879 1393 .
925 1377 939 1392 .
985 1378 1001 1394 .
1048 1379 1060 1390 .
1105 1378 1117 1391 .
1158 1377 1171 1390 .
1215 1337 1443 1407 angelici
1487 1337 1640 1392 verbi
1686 1338 1866 1393 omnis
1915 1345 2053 1392 terra

2177 1339 2422 1408 ἀνοήτοις
2445 1334 2756 1408 παρ’ὁμοια
2787 1377 2801 1391 .
2836 1374 2850 1387 .
2879 1374 2895 1389 .
2938 1378 2952 1390 .
2997 1376 3010 1388 .
3055 1373 3072 1389 .
3116 1377 3132 1392 .
3175 1377 3191 1391 .
3237 1377 3250 1390 .
3291 1375 3306 1390 .
3349 1337 3458 1400 ,οὓς
3484 1339 3670 1410 ἐναργῶς

499 1427 822 1484 secundum.
865 1468 883 1486 .
925 1467 942 1484 .
988 1471 1001 1485 .
1047 1473 1061 1484 .
1102 1470 1117 1486 .
1167 1472 1180 1485 .
1221 1429 1392 1484 divini
1427 1430 1577 1485 verbi
1601 1430 1960 1500 prophetiam.

2179 1431 2388 1493 πάντας
2421 1431 2454 1502 ή
2495 1429 2765 1502 παρουσία
2801 1426 2896 1481 τοῦ
2930 1427 3186 1500 Σωτῆρος
3221 1429 3371 1499 ἡμῶν
3409 1430 3666 1502 ἐξωλόθρευσ

499 1559 516 1574 .
560 1561 574 1575 .
616 1563 632 1578 .
675 1565 692 1580 .
729 1525 860 1594 γοῦν
893 1525 989 1597 τὴν
1017 1527 1283 1597 σωτήριον
1327 1526 1627 1596 παρουσίαν
1669 1523 2155 1596 ὲξολοθρευθέντων
2187 1527 2409 1580 ἐκείνων
2451 1566 2463 1577 .
2508 1565 2522 1580 .
2566 1563 2580 1578 .
2625 1563 2640 1578 .
2685 1563 2699 1576 .
2738 1523 2901 1593 τυχὸν
2942 1522 3151 1592 πλῆθος
3208 1523 3268 1588 ἐξ
3327 1523 3536 1577 ἁπάντων
3581 1523 3665 1578 τῶν

495 1614 664 1671 ιθνῶν
690 1617 788 1688 τὴν
818 1619 875 1671 ὲν
901 1622 1019 1682 ταῖς
1044 1619 1242 1689 ψυχαῖς
1281 1657 1297 1672 .
1342 1660 1354 1672 .
1399 1655 1414 1670 .
1459 1659 1474 1673 .
1517 1659 1527 1670 .
1581 1656 1595 1670 .
1640 1656 1654 1669 .
1695 1616 2047 1680 κατεδέξαντο
2075 1635 2087 1648 ’
2128 1617 2220 1671 τοῦ
2274 1616 2407 1670 Θεοῦ
2444 1615 2816 1687 κατάρξαντος
2863 1601 3436 1689 καικατακρατήσεως
3471 1655 3483 1669 .
3518 1659 3528 1670 .
3561 1655 3572 1668 .
3605 1656 3617 1668 .
3651 1655 3664 1669 .

494 1705 784 1775 άγγολικοῦ
816 1706 982 1778 ῥητοῦ
1027 1707 1128 1778 τῆς
1163 1706 1488 1776 οἰκουμένης
1531 1705 1749 1778 ἁπάσης
1795 1706 1933 1760 κατὰ
1977 1708 2075 1779 τὴν
2117 1750 2128 1761 .
2177 1748 2190 1760 .
2233 1748 2247 1762 .
2291 1748 2306 1761 .
2350 1747 2365 1763 .
2411 1749 2424 1762 .
2463 1723 2532 1778 ην
2564 1704 2659 1759 τοῦ
2694 1704 2838 1758 θείου
2864 1707 3036 1775 Λόγου
3069 1706 3413 1778 προφητείαν.

1085 1818 1315 1876 CAPUT
1357 1816 1530 1878 xxv.
2101 1830 2148 1889 υ

2101 1830 2148 1889 υ
2669 1823 3067 1878 ΚΕΦΑΛΑῙΟΝ
3123 1823 3254 1878 KE'.

976 1932 1061 1987 Ea:
1093 1931 1273 1988 eodem
1310 1929 1354 1985 Ζ
1358 1931 1596 1987 acharia.
1769 1962 1772 1966 -

1769 1962 1772 1966 ’
2635 1935 2747 1991 Τοῦ
2778 1936 2966 1991 αὑτοῦ
3005 1939 3289 2008 Ζαχαρία.

566 2060 584 2097 ι
621 2043 688 2098 Et
730 2041 1052 2100 confortabo
1085 2056 1181 2096 eos
1233 2040 1286 2094 in
1337 2038 1568 2095 Domino
1595 2081 1610 2106 ,
1665 2049 1720 2094 et
1768 2041 1823 2093 in
1855 2039 2073 2094 nomine

2249 2065 2269 2098 ι
2312 2049 2424 2102 Καὶ
2461 2050 2776 2122 κατισχύσω
2828 2053 3021 2115 αὐτοὺς
3067 2054 3126 2105 ἐν
3166 2053 3353 2124 Κυρίῳ
3391 2053 3494 2122 Θεῷ
3520 2053 3672 2117 (1?.an,

490 2137 653 2210 (ejus)
684 2136 1078 2198 ambulabunt,
1114 2133 1247 2188 dicit
1279 2131 1542 2187 Dominus
1566 2135 1632 2189 ⁷³.
1668 2153 1687 2185 ι
1726 2129 1940 2187 Rursus
1969 2131 2044 2186 Do

2172 2140 2264 2192 καὶ
2296 2143 2352 2193 ὲν
2404 2141 2482 2214 τῷ
2509 2141 2733 2214 ὀνόματι
2773 2184 2787 2196 .
2831 2183 2846 2198 .
2891 2186 2904 2198 .
2951 2185 2964 2198 .
3007 2185 3022 2199 .
3069 2185 3082 2198 .
3130 2186 3145 2200 .
3186 2146 3539 2216 καυχήσονται,
3563 2146 3673 2214 λέγει

489 2234 668 2287 minus
689 2230 779 2286 Dei
799 2229 1035 2284 Verbum
1057 2243 1115 2282 sc
1135 2225 1566 2280 confortaturuin
1590 2225 1874 2296 pollicetur
1891 2226 2040 2295 justo

2171 2230 2392 2303 Κύριος.
2435 2253 2455 2286 ι
2495 2233 2663 2287 Πάλιν
2696 2234 2899 2308 Κύριος
2932 2239 2961 2291 ό
2995 2237 3092 2290 τοῦ
3123 2237 3260 2290 Θεοῦ
3294 2238 3452 2305 Λόγος
3477 2237 3673 2306 κατισχύ-

485 2325 541 2379 in
577 2322 807 2377 Domino
865 2320 974 2374 Deo
1035 2334 1262 2383 eorum,
1321 2316 1491 2372 Deum
1525 2325 1579 2374 et
1638 2316 1852 2373 Patrem
1909 2333 2039 2373 suun

2171 2325 2306 2396 (σειν
2335 2327 2691 2399 ὑπι)σχνεῖται
2719 2330 2846 2393 τοὺς
2873 2329 3054 2393 ἀξίους
3084 2331 3143 2383 ὲν
3173 2331 3358 2402 Κυρίῳ
3383 2330 3488 2401 Θεῷ
3521 2330 3673 2394 αὐτῶν,

484 2417 797 2472 ostendens.
826 2413 950 2469 ldeo
980 2414 1034 2467 in
1070 2414 1398 2470 testimoniis
1437 2413 1503 2468 de
1533 2411 1694 2466 Patre
1726 2417 1781 2467 et
1807 2408 1944 2465 Filio
1966 2409 2036 2466 ho

2167 2418 2258 2470 τὸν
2290 2418 2422 2473 Θεὸν
2447 2420 2539 2474 καὶ
2567 2420 2787 2494 Πατέρα
2813 2423 3005 2477 ἑαυτοῦ
3035 2422 3235 2495 δηλῶν.
3265 2423 3351 2476 ait
3379 2427 3430 2477 ὲν
3455 2426 3551 2486 τοῖς
3579 2421 3675 2494 περὶ

489 2523 706 2580 quoque
731 2507 934 2570 (Πειυιιι
959 2507 1403 2562 ωειιιονὲινὶιιὶιιεο
2167 2511 2378 2585 Πατρὺς
2403 2513 2497 2567 καὶ
2526 2512 2654 2567 Υἱοῦ
2681 2513 2955 2568 καὶτοῦτο
2987 2514 3378 2586 σεσημειὼσθω
3399 2514 3453 2569 τὸ
3474 2515 3618 2587 ῥητόν.

1043 2617 1270 2674 CAPUT
1303 2617 1496 2673 XXVI.

2673 2605 3072 2683 ΚΕψΑΑΑιοΝ
3109 2630 3252 2697 ιιςν.

1118 2731 1203 2785 Ex
1239 2731 1439 2786 eadem.

2764 2740 2874 2795 Τοῦ
2928 2741 3141 2796 αὑτοῦ.

561 2869 580 2901 ι
621 2847 686 2902 Ει
719 2856 1054 2916 cognoscent
1085 2843 1381 2899 Chananzei
1439 2857 1638 2912 pecora
1699 2842 1832 2896 mihi
1881 2850 2066 2897 custo-

2239 2869 2258 2904 ι
2304 2853 2413 2911 Καὶ
2438 2853 2734 2924 γνώσονται
2763 2855 2812 2908 οἱ
2841 2855 3138 2910 Χαναναῖοι
3169 2856 3240 2911 τὰ
3269 2857 3498 2928 πρόϐατα
3519 2854 3576 2908 τὰ
3600 2872 3670 2924 po-

476 2941 694 3003 dienda,
729 2939 856 3009 quia
899 2937 1126 2992 verbum
1158 2934 1368 2991 Domini
1399 2942 1502 2990 est.
1535 2933 1601 2988 Et
1625 2934 1799 2990 dicam
1830 2935 1896 2989 ad
1927 2949 2022 2990 eos

2162 2944 2473 3016 λασσόμενά
2504 2963 2614 3018 μοι,
2649 2946 2783 3000 διότι
2825 2946 2982 3015 λόγος
3025 2950 3235 3021 Κυρίου
3281 2950 3439 3003 ἐστίν.
3475 2950 3567 3002 Καὶ
3591 2946 3668 3018 ἐρῶ

479 3033 539 3091 Si
569 3033 770 3088 bonum
800 3038 885 3086 est
933 3030 988 3084 in
1019 3029 1195 3084 oculis
1230 3028 1427 3082 vestris
1453 3066 1469 3088 .
1511 3025 1699 3081 all‘erle
1752 3027 2033 3084 mercedem

2163 3037 2298 3108 πρὸς
2323 3037 2536 3103 αὐτούς’
2571 3040 2634 3092 Ei
2661 3039 2822 3093 καλὸν
2853 3041 3083 3095 ἐνώπιον
3117 3041 3272 3112 ὑμῶν
3295 3045 3452 3106 ἐστιν,
3483 3042 3581 3095 δότε
3602 3039 3665 3093 τὸν

475 3141 690 3192 meant;
721 3131 775 3180 et
822 3123 869 3177 si
931 3137 1060 3185 non,
1088 3119 1377 3191 quiescite.
1415 3118 1479 3172 Et
1508 3118 1886 3190 appenderunt
1918 3134 2029 3174 mer

2165 3128 2351 3200 μισθόν
2385 3146 2507 3201 μου,
2543 3131 2574 3202 ἢ
2611 3126 2944 3186 ἀπείπασθε·
2993 3133 3088 3187 καὶ
3137 3134 3368 3205 ἔστησαν
3410 3135 3491 3188 τὸν
3528 3132 3667 3204 μισθόν

476 3219 663 3276 cedem
699 3232 872 3271 meam
900 3215 1122 3286 triginta
1156 3219 1467 3284 argenteos.
1523 3209 1590 3264 Et
1621 3212 1822 3282 projeci
1854 3212 1974 3267 illos
2003 3211 2030 3266 i1

2113 3224 2128 3280 ζ
2166 3235 2264 3290 μου
2292 3219 2583 3290 τριάκοντα
2621 3221 2949 3294 ἀργυρίους·
3003 3223 3100 3276 καὶ
3143 3223 3388 3277 ἐνέϐαλον
3426 3223 3590 3284 αὐτοὺς
3613 3221 3667 3282 είς

476 3313 698 3370 domum
747 3309 958 3365 Domini
997 3307 1066 3362 ad
1105 3306 1451 3362 statuarium.
1500 3306 1566 3360 Et
1601 3304 1821 3375 praecidi
1854 3306 2030 3377 virgam

2160 3313 2251 3366 τὸν
2291 3307 2438 3367 οἷκον
2467 3314 2670 3386 Κυρίου
2696 3316 2775 3379 εἰς
2799 3315 2860 3368 τὸ
2892 3317 3279 3388 χωνευτήριον.
3324 3317 3427 3370 Καὶ
3449 3313 3666 3386 άπέῥριιὶα

475 3421 651 3462 meam
685 3403 1005 3459 secundam.
1051 3414 1070 3454 .'
1106 3441 1120 3455 .
1167 3438 1181 3453 .
1228 3439 1242 3454 .
1286 3439 1299 3452 .
1345 3439 1360 3454 .
1405 3436 1418 3450 .
1461 3405 1520 3452 ut
1554 3397 1904 3454 dissolverem
1932 3414 2026 3470 ger

2159 3399 2256 3470 τὴν
2289 3400 2482 3472 ράδδον
2525 3401 2622 3472 τὴν
2657 3402 2917 3475 δευτέραν
2958 3444 2973 3458 .
3018 3445 3032 3458 .
3081 3449 3095 3463 .
3141 3444 3155 3460 .
3202 3449 3214 3460 .
3258 3445 3273 3460 .
3316 3445 3330 3458 .
3373 3446 3386 3460 .
3423 3447 3436 3461 .
3470 3403 3550 3458 τοῦ
3581 3403 3664 3454 δια-

474 3501 792 3554 manitatem
837 3497 978 3552 inter
1010 3494 1203 3549 Iudam
1237 3501 1292 3547 et
1327 3493 1492 3548 Israel
1523 3492 1589 3544 ⁷³.
1651 3511 1668 3544 ι
1721 3492 1861 3558 Quid
1912 3493 2028 3548 enin

2162 3490 2415 3544 σκεδάσαι
2442 3491 2541 3563 τὴν
2565 3492 2829 3564 διαθήκην
2853 3494 3126 3566 άναμέσον
3171 3496 3360 3560 Ἰούδα,
3398 3497 3483 3550 καὶ
3505 3491 3661 3561 ἀναμέ-

469 3596 582 3648 non
609 3591 677 3647 de
711 3589 940 3644 Domino
984 3597 1038 3644 et
1071 3587 1352 3642 Salvatore
1385 3593 1574 3639 nostro
1596 3583 1725 3640 Iesu
1754 3585 1991 3640 Christo.

2160 3597 2251 3633 σον
2296 3581 2532 3653 Ἰσραήλ.
2571 3603 2590 3635 ι
2621 3585 2730 3638 Καὶ
2762 3585 2814 3638 τί
2845 3585 2954 3657 γὰρ
2984 3587 3106 3661 οὐχὶ
3145 3587 3254 3641 τῶν
3280 3588 3369 3640 ἐπὶ
3396 3585 3480 3640 τοῦ
3505 3582 3660 3656 Κυρίου

477 3725 490 3740 .
537 3725 550 3739 .
597 3725 612 3740 .
653 3721 669 3738 .
715 3724 730 3739 .
808 3683 1098 3754 praevisum
1165 3686 1327 3750 atque
1395 3677 1714 3748 prmdietuni
1796 3677 1961 3732 fuerit
2026 3695 2031 3730 :

2157 3672 2252 3724 καὶ
2297 3670 2547 3743 Σωτῆρος
2593 3673 2749 3745 ἡμῶν
2807 3675 2980 3746 Ἰησοῦ
3031 3675 3271 3748 Χριστοῦ
3319 3693 3409 3729 συν
3444 3717 3456 3728 .
3494 3713 3506 3727 .
3543 3711 3554 3726 .
3583 3687 3662 3724 των

473 3777 680 3836 sanctis
713 3775 805 3832 Dei
839 3774 1141 3846 prophetis.
1191 3813 1202 3824 .
1250 3813 1262 3825 .
1309 3811 1320 3824 .
1364 3810 1376 3823 .
1425 3809 1439 3822 .
1487 3810 1500 3824 .
1543 3770 1688 3825 enim
1751 3785 1782 3825 e
1832 3768 2020 3840 Virgin

2157 3761 2502 3832 προέγνωστό
2541 3779 2598 3815 τε
2645 3765 2739 3817 καὶ
2776 3765 3071 3838 προείρητο
3112 3770 3226 3830 τοῖς
3267 3770 3421 3838 ἱεροῖς
3444 3763 3524 3818 τοῦ
3561 3757 3661 3814 Θεοῦ

471 3870 730 3924 nativitas
753 3869 874 3937 ejus
895 3875 949 3922 ct
981 3865 1301 3920 nativitatis.
1342 3905 1356 3920 .
1400 3905 1414 3920 .
1469 3905 1481 3917 .
1529 3904 1543 3916 .
1589 3901 1602 3915 .
1650 3902 1666 3917 .
1706 3869 1761 3917 et
1795 3860 1953 3916 radix
1983 3877 2025 3916 e:

2158 3854 2461 3925 προφήταις
2509 3895 2520 3907 .
2568 3896 2581 3920 .
2627 3895 2640 3908 .
2685 3899 2698 3910 .
2741 3895 2757 3910 .
2804 3897 2818 3911 .
2863 3899 2877 3912 .
2918 3859 3026 3928 γὰρ
3081 3859 3147 3911 ὲκ
3200 3858 3456 3932 παρθένου
3499 3855 3659 3926 γένεσις

471 3978 577 4034 qua
616 3961 917 4017 secundum
949 3958 1172 4014 carnem
1216 3956 1437 4028 genitus
1465 3963 1570 4012 est.
1617 3997 1632 4011 .
1677 3994 1691 4010 .
1739 3994 1753 4008 .
1797 3994 1812 4008 .
1859 3993 1873 4008 .
1914 3995 1927 4008 .
1970 3992 1985 4008 .

2155 3943 2320 3997 αὑτοῦ
2364 3945 2516 3998 καὶὸ
2559 3946 2657 4016 τῆς
2704 3947 2970 4014 γενέσεως
3011 3988 3024 4002 .
3070 3989 3084 4003 .
3123 3986 3140 4002 .
3186 3989 3200 4003 .
3245 3988 3258 4002 .
3304 3989 3316 4006 .
3358 3987 3372 4000 .
3412 3989 3424 4002 .
3464 3985 3477 3998 .
3511 3982 3571 4006 ...
3603 3978 3615 3992 ι
3646 3973 3658 3991 α

476 4054 617 4109 Huic
656 4055 943 4108 incarnato
979 4052 1066 4106 vix
1112 4049 1382 4105 credenda
1412 4063 1508 4120 per
1535 4048 1846 4119 prophetas.
1886 4089 1900 4103 .
1934 4087 1950 4104 .
1984 4089 1996 4101 .

2154 4034 2219 4106 λῆ
2255 4036 2350 4088 καὶ
2393 4037 2427 4107 ἡ
2469 4034 2595 4107 ῥίζα
2620 4036 2680 4101 ἐξ
2707 4033 2776 4110 ἦς
2803 4037 2865 4090 τὸ
2907 4039 3046 4092 κατὰ
3076 4039 3252 4110 σάρκα
3280 4036 3586 4107 γεγέννηταιο
3611 4027 3658 4120 τά

473 4143 773 4214 Scriptura:
816 4158 847 4196 a
887 4152 1077 4197 sancto
1123 4139 1330 4211 Spiritu
1387 4119 1642 4211 dignatus
1675 4147 1778 4194 est.
1829 4137 1887 4193 In
1935 4154 2023 4194 om

2153 4144 2213 4180 τε
2254 4169 2268 4181 .
2313 4168 2326 4180 .
2366 4167 2380 4180 .
2424 4167 2438 4182 .
2483 4167 2497 4182 .
2541 4168 2554 4182 .
2599 4168 2614 4184 .
2655 4169 2668 4182 .
2711 4169 2725 4182 .
2771 4169 2784 4183 .
2825 4129 2972 4201 αύτῷ
3014 4130 3403 4203 ἐπιδημήσαντι
3443 4119 3656 4196 παρᾶὃοξα

471 4237 634 4292 nibus
667 4243 720 4289 et
749 4243 999 4298 mortem,
1034 4242 1085 4287 et
1120 4231 1311 4286 mortis
1348 4230 1636 4300 imaginem
1668 4229 2025 4284 ostenderunt

2151 4220 2248 4294 διὰ,
2287 4219 2396 4274 τῶν
2449 4221 2712 4276 ἀνέκαθεν
2761 4225 3054 4296 προφητῶν
3097 4265 3111 4279 .
3155 4265 3170 4278 .
3215 4264 3229 4279 .
3273 4263 3288 4278 .
3325 4223 3418 4293 τῆς
3461 4218 3548 4273 ὑπὸ
3586 4211 3653 4266 τοῦ

472 4341 581 4382 non
637 4324 974 4379 omittentes.
1017 4363 1034 4378 .
1080 4364 1093 4377 .
1139 4361 1154 4376 .
1199 4363 1214 4376 .
1256 4335 1434 4390 neque
1493 4334 1612 4390 qua:
1679 4320 1898 4388 pertulit
1951 4317 2026 4373 lla.

2117 4383 2122 4388 ι
2153 4312 2298 4367 θείου
2341 4315 2659 4386 Πνεύματος
2702 4315 2908 4387 ἠξιώθη
2959 4317 2998 4368 Γ
3005 4317 3182 4388 ραφῆς
3201 4333 3213 4346 ·
3261 4317 3348 4369 ἐπὶ
3375 4316 3489 4367 πᾶσι
3521 4305 3655 4363 δὲκαὶ

459 4415 626 4486 sella,
661 4411 1232 4485 οιεριιιιι,1“ιιειοειιυο
1281 4419 1334 4464 et
1373 4409 1690 4480 opprobria.
1746 4408 1851 4466 Sed
1903 4410 2013 4464 hun

2150 4403 2240 4458 τδν
2289 4405 2515 4460 θάνατον
2562 4407 2655 4459 καὶ
2695 4407 2757 4458 τὸ
2800 4406 2990 4460 τούτου
3037 4404 3175 4470 εἶδος
3218 4405 3576 4478 προεδήλωσαν,
3609 4395 3652 4450 οὗ

462 4506 562 4578 qui
589 4504 815 4560 tradidit
843 4519 967 4559 eum
1015 4501 1402 4557 insidiantibus
1433 4501 1824 4573 discipulorum
1880 4521 2016 4559 unut:

2152 4499 2516 4570 παραλιπόντε
2556 4537 2572 4553 .
2613 4537 2627 4552 .
2675 4541 2688 4556 .
2732 4537 2746 4552 .
2790 4538 2806 4554 .
2847 4540 2861 4554 .
2900 4500 3008 4554 οὐδ’
3054 4500 3121 4565 ἃς
3151 4487 3401 4572 ὑπέμεινε
3444 4498 3651 4568 μάστιγας

469 4597 794 4653 indicantes.
842 4593 1170 4649 Nominatim
1210 4595 1375 4666 igitur
1403 4611 1527 4649 eum
1589 4605 1908 4653 exsecratus
1963 4613 2023 4653 es

2095 4591 2122 4644 D
2148 4593 2241 4648 καὶ
2268 4595 2622 4664 ἐμπτυσμοὺς
2659 4594 2978 4668 ῥαπίσματά
3018 4613 3078 4649 τε
3107 4597 3202 4651 καὶ
3229 4596 3429 4668 ὕϐρεις·
3585 4585 3649 4638 τὸν

469 4707 565 4763 per
623 4687 911 4745 Jeremiam
975 4687 1212 4760 Spiritus
1273 4669 1497 4742 sanctus
1542 4687 1781 4744 dicens:
1850 4708 1869 4739 ι
1911 4688 2017 4746 Pec

2155 4687 2505 4760 προδώσαντα
2531 4689 2690 4742 αὑτὸν
2717 4693 2828 4752 τοῖς
2851 4689 3284 4744 ὲπιὸουλεύουσιν
3312 4692 3366 4742 ὲν
3394 4684 3545 4741 αὐτῶν
3565 4678 3647 4749 (ἕνα

465 4788 648 4834 catum
711 4777 852 4834 Juda
919 4780 1180 4849 scriptum
1220 4787 1304 4833 est
1355 4777 1495 4848 stylo
1545 4777 1720 4833 ferreo
1771 4778 1827 4834 in
1864 4795 2019 4850 ungui

2148 4781 2278 4850 τῶν)
2338 4779 2593 4853 μαθητῶν
2641 4782 2976 4853 μηνύσαντες
3003 4802 3016 4815 ·
3071 4783 3324 4854 ὀνομαστὶ
3375 4778 3489 4850 γοῦν
3526 4771 3645 4828 αὑτὸν

466 4870 819 4926 adamantino
877 4871 944 4926 ⁷⁸.
1011 4891 1035 4923 ν
1110 4868 1236 4924 Haec
1311 4869 1368 4922 in
1438 4867 1706 4924 Hebraico
1774 4876 1828 4924 et
1899 4885 2020 4942 aput

2149 4877 2490 4948 ὲστηλίτευσε
2535 4877 2622 4932 διὰ
2661 4879 2923 4950 Ἰερεμίου
2970 4879 3030 4933 τὸ
3081 4879 3217 4933 θεῖον
3263 4876 3464 4946 Πνεῦμα
3493 4871 3641 4940 φῆσανν

469 4963 606 5019 LXX
653 4965 979 5036 lnterpretes
1043 4963 1321 5028 invenies;
1377 4971 1540 5032 atque
1593 4963 1650 5018 in
1688 4963 1857 5020 variis
1888 4966 2023 5035 psal-

2152 4990 2171 5023 ι
2221 4971 2486 5044 Ἀμαρτία
2524 4972 2694 5026 Ἰούδα
2725 4973 3030 5043 γέγραπται
3059 4975 3116 5026 ὲν
3137 4972 3372 5042 γραφείῳ
3400 4961 3583 5036 σιδηρῷν
3601 4959 3641 5009 ἐν

459 5059 571 5114 mis
635 5074 754 5131 quae
821 5061 889 5115 de
967 5057 1059 5113 illo
1130 5057 1381 5114 feruntur
1439 5057 1640 5112 disces.
1709 5056 1866 5112 Nunc
1942 5075 2012 5114 au

2147 5061 2296 5134 ὄνυχι
2329 5063 2688 5136 ἁδαμαντίνῳ.
2720 5084 2738 5116 ι
2779 5065 2963 5119 Ταῦτα
2985 5065 3028 5117 δ’
3069 5067 3125 5118 ἐν
3153 5061 3296 5134 αῦτῷ
3317 5061 3386 5130 τῷ
3427 5045 3637 5126 Ἐϐραῖκῶ

459 5163 572 5209 tem
609 5153 889 5224 prazcitato
951 5162 1098 5210 textu
1141 5167 1398 5225 expresse
1445 5150 1793 5206 denariorum
1847 5167 2010 5208 nume

2147 5156 2241 5210 καὶ
2263 5160 2374 5221 τοῖς
2402 5157 2604 5222 λοιποῖς
2628 5157 2808 5230 εῦροις
2824 5157 2888 5212 ἂν
2912 5158 3061 5230 παρὰ
3079 5158 3200 5220 τοὺς
3222 5161 3274 5210 0’
3309 5143 3631 5227 Ἑρμηνευτάς⁶

460 5262 616 5310 rum,
651 5249 851 5318 quibus
903 5250 1142 5320 acceptis
1189 5249 1360 5308 Judas
1407 5253 1727 5323 magistrum
1773 5253 2012 5309 insidiau

2148 5249 2241 5301 καὶ
2277 5251 2333 5300 ὲν
2377 5248 2609 5320 ψαλμοῖς
2634 5249 2690 5302 δὲ
2730 5249 3003 5320 διαφόροις
3037 5247 3225 5319 μάθοις
3251 5247 3312 5300 ἂν
3337 5245 3402 5298 τὰ
3442 5240 3540 5294 κατ’
3563 5234 3630 5287 αὖ·

457 5338 611 5394 tibus
639 5339 884 5406 tradidit,
922 5341 1106 5397 divina
1151 5344 1479 5414 praenuntiat
1525 5342 1822 5414 Scriptura.
1863 5343 2007 5400 Caate

2145 5341 2234 5394 τὸν
2261 5340 2562 5413 δηλούμενα
2581 5359 2594 5373 ·
2629 5345 2723 5396 καὶ
2769 5342 2863 5396 νῦν
2891 5343 2936 5396 δ’
2965 5342 3116 5395 οὐδὲν
3141 5336 3294 5413 ἦττον
3318 5336 3400 5391 διὰ
3423 5333 3508 5402 τῆς
3536 5341 3626 5397 προ-

462 5445 587 5484 rum
618 5431 725 5487 dici
751 5443 984 5503 possunt
1005 5449 1126 5504 qua:
1149 5436 1437 5492 retulimus
1460 5437 1527 5492 de
1555 5435 1757 5491 Christi
1785 5451 2016 5506 persona

2143 5434 2403 5506 κειμένης
2431 5435 2626 5502 λέξεως
2675 5437 2857 5506 σαφῶς
2906 5438 2997 5490 καὶ
3037 5436 3125 5489 τὸν
3163 5432 3378 5506 ἀριθμὸν
3399 5426 3480 5481 τοῦ
3501 5425 3625 5492 ἀρτν⁴

461 5521 672 5576 scilicet
691 5523 964 5591 quomodo
1006 5525 1330 5582 insidiantes
1358 5526 1432 5590 ei,
1465 5542 1602 5598 quos
1635 5525 1769 5582 alias
1796 5526 2014 5598 quidem

2147 5527 2278 5597 ρίου,
2312 5529 2449 5599 ὅπερ
2494 5527 2673 5581 λαϐὼν
2710 5531 2740 5582 ό
2791 5530 2985 5594 Ἰούδας
3027 5529 3295 5602 προῦδωκε
3332 5526 3428 5585 τοῖς
3452 5511 3621 5602 ἑπισφ-

467 5632 488 5663 ‹
531 5611 804 5682 principes
835 5615 1195 5674 Sodomorum
1216 5627 1270 5673 et
1305 5619 1563 5689 populum
1593 5617 1979 5689 Gomorrhae",
2012 5638 2021 5671 ι

2140 5618 2354 5673 λεύουσι
2379 5620 2472 5675 τὸν
2492 5620 2826 5688 διδάσκαλον,
2859 5625 2892 5693 ή
2923 5621 3042 5678 θεία
3071 5601 3436 5696 προθε(σπὶζει)
3457 5601 3617 5680 Γριφή·

534 5764 764 5821 "Zach.
803 5781 855 5834 ι,
893 5767 1009 5835 12.,
1053 5769 1097 5801 τ’
1126 5768 1396 5838 Zaeli.x1,
1435 5773 1620 5832 ll-H.
1692 5772 1870 5832 "Jcr.
1905 5790 2050 5841 χιιι,

1126 5768 1396 5838 Zaeli.x1,
1435 5773 1620 5832 ll-H.
1692 5772 1870 5832 "Jcr.
1905 5790 2050 5841 xvii,
2115 5775 2165 5831 l.
2233 5777 2283 5848 ,⁷⁷
2327 5775 2427 5832 Isa.
2487 5794 2524 5844 ι,
2582 5779 2663 5833 ιο.
