3936 6206
255 261 393 317 “53

1268 254 1561 311 access:
1604 230 2165 311 Ριιοιδιιετιειιιεζ-
2189 253 2317 309 LIB.
2358 252 2445 309 ιιι.

3366 259 3500 313 ιιδι

253 378 478 445 Λέγοιτο
502 374 546 427 δ’
576 374 641 427 ἂν
669 373 738 425 τά
770 374 1103 444 προκείμενα
1133 374 1196 426 ἐκ
1231 370 1522 444 προσώπου
1564 372 1656 424 τοῦ
1691 370 1824 443 Χρι-

1937 358 2276 440 propheticus
2306 377 2464 423 vocat
2512 383 2725 431 sermo.
2788 377 2919 422 tunc
2971 369 3231 438 temporis
3289 369 3504 425 Chana-

256 466 400 530 στοῦ,
438 465 625 535 ὥσπερ
662 466 785 528 τοὺς
830 463 1317 527 ἐπιϐουλεύσαντας
1354 462 1536 533 αύτῷ,
1583 462 1676 525 οὓς
1712 462 1827 515 ἐτέ-

259 558 386 629 ρωθι
418 556 516 627 μὲν
550 554 618 625 (ι’.
651 556 720 608 55
746 555 820 626 νο)
854 572 871 604 ι
901 556 1169 627 ἄρχοντας
1196 553 1445 625 Σοδόμων
1469 554 1560 607 καὶ
1581 553 1706 607 λαὸν
1732 553 1828 605 Γο-

260 649 464 720 μόρρας
494 667 512 699 ι
545 648 573 697 ὁ
604 649 701 717 τῆς
730 647 1066 718 προφητείας
1106 646 1372 699 ἀποκαλεῖ
1397 645 1574 714 λόγος,
1608 645 1700 697 ἐπὶ
1730 641 1824 696 τοῦ

258 742 519 813 παρόντος
560 739 619 793 δὲ
670 739 1005 801 Χαναναίους
1044 738 1132 791 διὰ
1168 738 1267 809 τὴν
1310 737 1446 811 πρὸς
1486 739 1611 801 τοὺς
1643 737 1824 789 Χανα-

257 836 435 897 ναίους
472 833 789 903 ἐξομοίωσιν
817 831 1010 895 αὐτοὺς
1039 830 1312 902 ὀνομάζει.
1347 831 1567 901 Φήσασα
1612 829 1742 898 γοῦν
1792 830 1825 899 ἡ

257 926 560 1001 προφητεία
587 926 667 989 τὸ,
707 943 726 975 ‹
762 925 869 977 Καὶ
892 923 1189 992 γνώσονται
1223 926 1269 977 oi
1303 924 1615 986 Χαναναῖοι.
1652 943 1670 975 ι
1706 923 1826 975 ἐπι-

258 1021 432 1093 φέρει,
475 1019 799 1072 διδάσκουσα
838 1018 985 1087 ἡμᾶς
1025 1016 1177 1079 τίνας
1223 1015 1470 1087 βούλεται
1519 1016 1823 1086 σημαίνειν,

255 1110 350 1164 καί
373 1126 556 1179 φησιν,
591 1126 609 1157 ι
643 1106 712 1159 τά
736 1106 979 1178 πρόϐατα
999 1105 1066 1157 τὰ
1094 1105 1475 1176 φυλασσόμενά
1506 1122 1613 1176 μοι.
1650 1125 1667 1156 ι
1695 1105 1827 1158 Τίνα

253 1198 314 1256 δὲ
356 1198 424 1273 ἦν
475 1200 648 1255 ταῦτα
680 1199 746 1252 τὰ
781 1199 1053 1270 πρόϐατα,
1102 1198 1169 1252 τά
1218 1199 1483 1270 πρότερον
1533 1198 1610 1269 τῷ
1641 1197 1827 1271 Κυρίῳ

255 1294 660 1364 φυλασσόμενα,
699 1291 732 1362 ἢ
761 1294 789 1345 ὁ
815 1294 879 1344 ἐκ
926 1290 1229 1363 περιτομῆς
1260 1290 1424 1355 λαός;
1467 1289 1557 1354 οὒς
1595 1289 1689 1343 νῦν
1722 1293 1831 1343 Χα-

252 1387 506 1448 ναναίους
527 1384 792 1455 ὀνομάσας
816 1385 843 1436 ὁ
862 1384 1050 1452 Λόγος,
1082 1385 1157 1447 ὼς
1179 1386 1242 1436 ἐκ
1270 1380 1559 1455 προσώπου
1581 1383 1674 1435 τοῦ
1703 1385 1831 1453 Χρι-

257 1479 382 1533 στοῦ
411 1479 606 1546 ἐπάγει
635 1477 828 1546 λέγων,
864 1495 883 1526 ι
917 1476 1010 1529 καὶ
1038 1474 1149 1548 ἐρῶ
1173 1475 1309 1548 πρὸς
1336 1476 1533 1539 αὐτοὺς
1569 1496 1588 1527 ι
1619 1476 1685 1528 τά
1710 1476 1831 1528 ἀνα-

252 1571 634 1643 γεγραμμένα,
668 1570 703 1623 ά
751 1570 844 1623 καὶ
880 1568 1027 1637 λέγοι
1072 1568 1138 1622 ἂν
1184 1568 1318 1640 πρὸς
1361 1569 1487 1631 τοὺς
1515 1568 1827 1621 ἐπιϐουλεύ-

257 1678 456 1722 σαντας
482 1659 651 1729 αὐτῷ,
681 1659 819 1728 ὑπὲρ
859 1651 934 1710 ὧν
979 1659 1176 1721 αὐτοὺς
1218 1657 1547 1727 εὐεργέτησε
1587 1659 1713 1720 τοὺς
1746 1675 1830 1727 μι-

1931 478 2077 518 natos
2106 471 2326 535 propter
2347 475 2532 516 eorum
2569 476 2691 515 cum
2716 459 3037 516 Chananmis
3067 461 3501 527 similitudinem,

1928 563 2108 611 vocat.
2136 554 2430 625 Postquam
2458 554 2623 623 igitur
2658 554 2942 624 praphetia
2965 552 3125 620 dixit,
3155 573 3173 604 ‹
3206 551 3272 606 Ει
3302 567 3509 623 cogno-

1928 654 2081 705 scent
2109 646 2418 713 Chananazi,
2449 665 2463 698 I
2503 645 2708 715 adjicit,
2732 661 2833 700 nos
2860 646 3064 700 docens
3093 660 3232 715 quos
3261 644 3508 699 indicare

1926 742 2076 805 velit,
2108 740 2366 810 dicitque,
2394 757 2413 791 ι
2455 755 2644 809 greges
2694 753 2813 809 quae
2864 738 3252 793 custodiuntur
3293 737 3446 793 mihi.
3481 756 3501 790 ι

1929 834 2059 902 Qum
2090 842 2267 888 autem
2290 838 2445 887 erant
2479 833 2584 886 illze
2629 846 2839 903 greges,
2869 831 3023 901 prius
3053 829 3283 884 Domino
3316 828 3505 884 custo-

1929 927 2074 990 ditze,
2102 925 2207 979 nisi
2231 924 2668 979 circumcisionis
2714 922 2984 993 pepulus?
3012 937 3150 991 quos
3192 935 3338 974 nunc
3363 919 3505 975 Cha-

1930 1032 2149 1072 nanzeos
2184 1030 2385 1071 vocans
2416 1013 2720 1084 Scriptura,
2747 1014 2903 1084 quasi
2939 1013 3006 1067 de
3031 1012 3235 1068 Christi
3269 1025 3502 1082 persona

1930 1109 2101 1174 addit,
2134 1127 2153 1159 ι
2196 1116 2250 1162 et
2277 1108 2454 1162 dicam
2498 1107 2563 1161 ad
2594 1123 2689 1162 eos
2726 1127 2743 1159 ›
2773 1123 2893 1178 qua:
2924 1109 3123 1177 scripta
3184 1114 3340 1169 sunt,
3386 1121 3506 1177 qua:

1929 1208 1981 1256 et
2011 1200 2191 1255 dicere
2217 1206 2393 1268 potest
2418 1199 2812 1254 insidiantibus
2844 1199 2968 1264 sibi,
2993 1198 3152 1269 quasi
3210 1201 3277 1252 ab
3321 1198 3390 1253 iis
3419 1213 3505 1253 re-

1932 1302 2120 1364 petens
2154 1308 2377 1359 suorum
2412 1293 2467 1346 in
2521 1308 2617 1348 eos
2656 1292 3043 1349 beneﬁciorum
3074 1292 3379 1348 mercedem
3400 1331 3416 1356 ,
3447 1291 3509 1345 li-

1930 1385 2052 1440 dem
2090 1387 2299 1441 scilicet
2332 1386 2387 1439 in
2424 1400 2484 1441 se
2509 1425 2523 1450 ,
2573 1395 3105 1456 consentaneamque
3140 1385 3262 1439 Iidei
3310 1386 3506 1453 vitam;

1932 1477 2012 1531 sic
2037 1477 2182 1532 enim
2224 1477 2486 1548 intelligo,
2518 1496 2535 1528 ι
2577 1477 2766 1533 afferte
2812 1478 3116 1533 mercedem
3159 1493 3356 1534 meam.
3392 1497 3412 1530 ›
3445 1477 3511 1533 iii

1932 1586 2082 1635 vero,
2113 1571 2413 1626 secundum
2455 1586 2516 1625 ea
2542 1586 2663 1641 qua:
2694 1571 2831 1626 alias
2859 1570 2927 1625 de
2971 1570 3107 1641 ipsis
3153 1571 3223 1625 ab
3254 1586 3319 1626 eo
3366 1570 3511 1626 dicta

1935 1671 2081 1729 sunt,
2119 1684 2137 1716 ι
2176 1664 2282 1720 Pro
2304 1680 2369 1720 eo
2400 1675 2460 1720 ut
2487 1681 2571 1720 me
2594 1664 2901 1735 diligerent,
2931 1664 3288 1719 detrahebant
3332 1665 3462 1718 mihi
3493 1683 3508 1719 :

258 1753 417 1815 σθοὺς
446 1751 633 1822 ὥσπερ
664 1750 828 1804 αἰτῶν
862 1751 1078 1814 αὐτοὺς,
1113 1749 1256 1802 τοῦτ’
1296 1749 1410 1803 ἐστι
1437 1750 1533 1821 τὴν
1559 1752 1635 1813 είς
1667 1750 1830 1803 αὑτὸν

1937 1772 2032 1827 ego
2061 1764 2241 1811 autem
2271 1756 2517 1812 orabant.
2550 1756 2616 1810 Et
2647 1764 2946 1827 posuerunt
2969 1756 3257 1812 adversum
3285 1772 3370 1812 me
3396 1772 3510 1811 ma-

255 1847 439 1900 πίστιν
468 1846 561 1898 καὶ
604 1843 696 1896 τὸν
732 1844 902 1916 ταύτῃ
949 1841 1281 1912 κατάλληλον
1323 1840 1461 1911 βίον*
1509 1840 1681 1904 οὕτως
1720 1840 1826 1913 γὰρ

254 1939 438 1993 ἀκούω
470 1938 586 2000 τοῦ,
631 1957 648 1987 ι
682 1937 799 1990 δότε
830 1937 919 1990 τὸν
962 1935 1151 2007 μισθόν
1192 1952 1321 2006 μου’
1361 1956 1379 1987 ι
1407 1936 1455 1988 oi
1490 1934 1566 1995 δὲ,
1596 1935 1737 1988 κατᾶ
1773 1936 1831 1988 τὸ

252 2029 481 2101 ἑτέρωθι
526 2030 652 2099 τπρὶ
692 2026 871 2081 αὐτῶν
911 2026 1198 2097 εἰρημένον
1245 2027 1335 2079 ὑπ’
1384 2025 1571 2087 αὐτοῦ,
1619 2044 1635 2075 ι
1687 2026 1830 2077 Ἀντὶ

250 2124 346 2177 τοῦ
392 2124 615 2191 ἀγαπᾷν
659 2138 746 2192 με,
780 2120 1112 2174 ἐνδιέϐαλλὸν
1146 2136 1234 2189 με,
1281 2117 1391 2186 ἐγὼ
1424 2118 1479 2171 δὲ
1523 2119 1828 2190 προσηυχό-

254 2232 391 2287 μην“
430 2215 526 2267 καὶ
565 2213 747 2266 ἐθεντο
790 2212 910 2265 κατ’
951 2209 1086 2281 ἐμοῦ
1129 2209 1276 2263 κακὰ
1310 2210 1430 2262 ἀντὶ
1460 2208 1703 2276 ἀγαθῶν,
1740 2211 1831 2261 καὶ

252 2311 413 2379 μῖσος
440 2308 560 2361 ἀντὶ
588 2306 685 2377 τῆς
714 2300 1043 2375 ἀγαπήσεως
1090 2318 1220 2372 μου’
1265 2320 1283 2353 ι
1331 2300 1624 2373 τριάκοντα
1664 2301 1832 2372 ἀργυ-

253 2400 406 2472 ρίους
448 2399 740 2468 στήσαντες
772 2395 1044 2466 παρέσχον
1074 2392 1150 2464 τῷ
1202 2393 1455 2467 προδότῃ,
1487 2393 1727 2463 ὡσπερεὶ
1752 2409 1834 2445 το-

252 2493 446 2547 σούτου
488 2491 650 2545 αὐτὸν
681 2492 747 2561 τῇ
788 2489 1125 2561 ἀσεϐεστάτῃ
1153 2486 1334 2541 αὐτῶν
1375 2486 1552 2557 κρίσει
1590 2484 1833 2556 τιμώμε-

248 2601 356 2637 νοι.
404 2582 541 2635 Ἀλλ’
570 2582 691 2633 ἐπεὶ
722 2581 781 2633 τὸ
813 2579 1041 2632 ἑκάστου
1075 2579 1234 2652 ἔργον
1274 2577 1454 2631 ὁποῖόν
1485 2579 1600 2629 ἐστι
1632 2576 1691 2627 τὸ
1722 2574 1832 2646 πῦρ

247 2673 561 2743 δοκιμάσει,
604 2669 794 2723 τούτου
832 2670 989 2741 χάριν
1038 2669 1284 2722 καθεῖναι
1338 2668 1554 2729 αὐτοὺς,
1595 2685 1613 2715 ι
1653 2666 1729 2728 εἰς
1774 2665 1834 2716 τὸ

248 2767 639 2837 χωνευτήριον,
679 2782 697 2814 ι
734 2760 877 2813 τοῦτ’
908 2759 1051 2814 ἐστιν
1076 2762 1156 2824 είς
1183 2759 1243 2813 τὸ
1269 2758 1367 2829 τῆς
1397 2758 1625 2829 κρίσεως
1656 2757 1749 2808 καὶ
1775 2755 1835 2807 τὸ

248 2860 353 2931 τῆς
384 2858 658 2920 κολάσεως
706 2856 836 2927 πῦρ,
873 2857 901 2908 ὁ
951 2854 1153 2924 Κύριος
1189 2852 1554 2924 προστάσσειο
1591 2849 1740 2911 τίνας
1779 2848 1834 2900 δὲ

251 2954 457 3015 αὐτοὺς
488 2952 523 3023 ἦ
560 2952 686 3013 τοὺς
729 2948 1217 3008 ἐπιϐουλεύσαντας
1252 2943 1434 3014 αύτῷς
1482 2944 1590 2996 Καὶ
1641 2942 1836 3011 σκέψαι

248 3050 332 3112 δὲ,
370 3047 552 3118 φησιν,
582 3047 630 3098 εἰ
671 3042 890 3113 δόκιμόν
918 3043 1083 3105 ἐστιν,
1113 3038 1269 3110 δῆλον
1311 3037 1356 3090 δ’
1390 3037 1472 3089 ὃτι
1498 3035 1557 3090 τὸ
1586 3035 1712 3087 κατ’
1740 3036 1838 3087 αύ-

247 3141 349 3195 τοῦ
379 3138 605 3212 δρασθὲν
646 3137 827 3197 αὐτοῖς
846 3151 858 3164 ·
891 3133 1036 3201 λέγει
1078 3130 1136 3184 δέ
1168 3129 1362 3192 αὐτοὺς
1396 3128 1453 3180 ἐν
1484 3126 1561 3196 τῷ
1588 3130 1718 3196 πυρὶ
1750 3126 1833 3178 δο-

249 3229 717 3306 κιμασθήσεσθαι,
748 3227 806 3280 ὃν
858 3225 1056 3298 τρόπον
1100 3222 1195 3276 καὶ
1236 3219 1397 3283 αὐτὸς
1439 3221 1468 3272 ὁ
1511 3218 1713 3289 Κύριος
1744 3217 1833 3269 διὰ

248 3327 359 3396 τῆς
387 3325 466 3386 εἰς
493 3323 670 3393 σάρκα
701 3317 992 3389 ἐπιδημίας
1020 3316 1113 3369 καὶ
1146 3311 1238 3367 τοῦ
1268 3310 1471 3373 πάθους
1503 3308 1832 3379 ἐδοκιμάσθη

249 3418 404 3489 ὑπὲρ
452 3415 657 3470 αὐτῶν*
706 3412 799 3466 καὶ
840 3410 947 3481 γάρ
988 3409 1052 3479 δὴ
1098 3404 1518 3476 προηγουμένως
1560 3400 1831 3473 ἐνηνθρώ-

250 3530 332 3582 πη
344 3528 427 3574 σε,
460 3509 551 3563 καὶ
583 3505 848 3561 πέπονθεν
874 3504 1014 3574 ὑπὲρ
1046 3499 1317 3570 σωτηρίας
1348 3496 1455 3551 τῶν
1481 3494 1834 3549 ἀπολωλότων

254 3604 553 3676 προϐάτων
570 3603 716 3655 οἴκου
733 3598 973 3669 Ἰσραήλ.
1001 3594 1223 3656 Τούτοις
1239 3591 1366 3661 ἑξῆς
1390 3590 1483 3644 καὶ
1499 3589 1595 3661 τὴν
1617 3587 1754 3658 μετά
1774 3586 1832 3640 τὸ

254 3696 438 3760 πάθος
467 3696 557 3748 τοῦ
577 3694 825 3767 Σωτῆρος
853 3690 1009 3762 ἡμῶν
1037 3686 1309 3757 ἀποϐολὴν
1338 3683 1516 3738 αὐτῶν
1555 3682 1836 3753 σημαίνων

252 3789 476 3858 όΛόγος
505 3787 656 3857 φησὶ,
691 3805 707 3835 ι
740 3784 833 3838 καλ⁸
854 3779 1133 3856 ἀπέρριψα
1151 3778 1247 3849 τὴν
1280 3776 1471 3848 ῥάϐδον
1512 3774 1609 3845 τὴν
1650 3773 1835 3826 δευτέ-

1934 1851 1981 1903 la
2017 1865 2116 1919 pro
2148 1849 2327 1914 bonis,
2347 1856 2401 1905 et
2429 1851 2611 1905 odium
2645 1866 2744 1921 pro
2771 1849 3061 1905 dilectione
3090 1863 3209 1903 mea
3240 1850 3306 1903 ⁷⁸.
3338 1868 3357 1902 ι
3386 1848 3513 1902 Tri-

1930 1939 2079 2010 ginta
2110 1955 2365 1995 nummos
2421 1947 2654 1994 statutos
2710 1940 2977 2010 proditori
3024 1939 3324 2002 dederunt,
3377 1940 3512 1994 tanti

1930 2028 2411 2101 eum‘impiissima
2470 2031 2828 2086 aestimatione
2881 2031 3165 2087 facientes.
3227 2031 3333 2086 Sed
3382 2047 3512 2086 cum

1929 2124 2193 2195 cujusque
2219 2141 2358 2195 epus
2391 2126 2551 2195 quale
2584 2124 2657 2179 sit
2689 2125 2812 2194 igne
2836 2134 2921 2181 est
2955 2126 3298 2198 probandum
3321 2165 3336 2189 ,
3388 2124 3511 2179 ideo

1930 2218 2197 2288 projicere
2232 2233 2328 2273 eos
2367 2217 2433 2272 ad
2480 2213 2828 2282 st'atuarium,
2856 2218 2907 2273 id
2965 2230 3049 2274 est
3098 2219 3154 2272 in
3206 2218 3401 2288 judicii
3461 2226 3516 2275 et

1930 2310 2181 2380 supplicii
2213 2310 2420 2379 ignem,
2452 2309 2716 2364 Dominus
2751 2310 2924 2379 jubet.
2958 2309 3189 2376 Quinam
3224 2325 3356 2364 vero
3386 2321 3516 2365 sunt

1929 2402 2006 2467 ii,
2040 2403 2144 2458 nisi
2176 2403 2394 2457 sibimet
2438 2403 2540 2474 ipsi
2574 2391 2933 2457 insidiantes?
2962 2403 3286 2473 Apprctiare
3335 2402 3512 2470 jubet,

1931 2491 2137 2547 scilicet
2161 2492 2217 2545 in
2238 2491 2305 2545 iis
2332 2507 2453 2560 quae
2485 2492 2747 2547 adversus
2771 2507 2829 2546 se
2852 2491 3211 2547 admiserunt.
3252 2491 3393 2547 Dicit
3419 2508 3515 2548 eos

1932 2586 1989 2638 in
2018 2585 2139 2652 igne
2161 2582 2473 2653 probandos
2501 2599 2645 2647 csse,
2676 2582 3133 2654 quemadmodum
3180 2590 3234 2637 et
3262 2583 3378 2652 ipse
3413 2582 3515 2638 Do-

1933 2676 2115 2731 minus
2142 2677 2197 2729 in
2221 2675 2618 2731 incarnationis
2653 2684 2707 2731 et
2738 2677 3010 2747 passionis
3062 2683 3305 2745 tempore
3335 2676 3404 2731 ab
3436 2675 3517 2732 eis

1937 2770 2195 2839 probatus
2230 2780 2333 2825 est.
2367 2769 2582 2826 Etenim
2613 2772 2850 2841 primum
2882 2772 3045 2826 homo
3091 2771 3272 2825 Iactus
3302 2779 3358 2826 et
3391 2788 3519 2842 pasv

1935 2874 2033 2916 sus
2054 2871 2138 2916 est
2165 2876 2262 2931 pro
2299 2861 2634 2931 perditarum
2669 2863 2851 2915 ovium
2891 2862 3087 2916 dmnus
3116 2859 3281 2916 Israel
3321 2864 3515 2919 salute.

1935 2950 2033 3008 Bis
2062 2952 2257 3008 deinde
2284 2962 2407 3024 post
2440 2954 2740 3009 Salvatoris
2766 2954 2942 3009 nostri
2985 2956 3290 3024 passionem
3334 2970 3519 3023 repro-

1937 3043 2209 3098 bationem
2246 3060 2435 3099 eorum
2470 3046 2720 3100 indicans
2744 3043 3025 3115 Scriptura
3053 3045 3204 3109 dicit,
3261 3064 3280 3097 ι
3309 3052 3362 3100 et
3386 3058 3522 3113 prab-

1939 3135 2047 3190 cidi
2074 3137 2282 3206 virgam
2334 3151 2509 3191 meam
2546 3138 2863 3192 secundam.
2894 3157 2916 3190 ι
2950 3136 3081 3204 Quae
3114 3139 3186 3192 sit
3221 3138 3332 3192 hinc
3366 3137 3520 3207 virga

1934 3226 2138 3280 docens
2170 3225 2358 3294 adjicit
2415 3244 2433 3276 ι
2475 3225 2799 3293 funiculum,
2836 3247 2855 3279 ι
2895 3230 2963 3285 de
2989 3245 3098 3301 quo
3129 3229 3391 3291 dicitur,¢
3432 3227 3523 3283 [ιι-

1933 3318 2174 3372 niculum
2207 3317 2540 3374 llaareditalis
2565 3320 2686 3388 ejus
2716 3320 2902 3376 Israel.
2926 3322 3003 3373 ⁷³»
3048 3321 3389 3377 Manifestius
3414 3321 3518 3393 igi.

1934 3418 2023 3465 tur
2046 3410 2177 3465 illud
2204 3410 2465 3476 ostendit,
2490 3412 2812 3481 subjiciens,
2847 3432 2865 3464 ‹
2899 3422 2958 3467 ut
2980 3415 3335 3471 dissolverem
3367 3417 3522 3486 prius

1933 3508 2318 3556 testamentum
2347 3501 2466 3567 Dei,
2498 3502 2637 3557 inter
2658 3500 2853 3557 Judam
2881 3513 2936 3560 et
2970 3505 3157 3560 Israel.
3190 3528 3207 3559 ι
3247 3506 3313 3560 Ει
3338 3516 3523 3576 aperte

1937 3602 2084 3663 patet
2134 3594 2253 3663 ipso
2319 3592 2618 3649 Salvatoris
2682 3595 2857 3649 nostri
2934 3602 3179 3666 tempore
3247 3600 3523 3653 corruisse

1937 3698 2128 3739 omnes
2151 3684 2339 3753 legalis
2371 3685 2552 3740 cultus
2582 3685 2981 3751 observantias,
3009 3702 3077 3742 ex
3120 3702 3228 3757 quo
3258 3703 3405 3742 nunc
3431 3705 3525 3745 us»

1942 3790 2050 3844 que
2083 3776 2300 3844 penitus
2338 3776 2527 3832 deleta:
2552 3787 2698 3832 sunt.

258 3900 421 3956 ραν.»
455 3882 549 3944 Τίς
581 3880 637 3933 δέ
670 3880 817 3931 ἐστιν
848 3874 986 3946 αῦτη
1037 3873 1304 3927 διδάσκων
1374 3869 1623 3940 ἐπιφέρει
1658 3867 1719 3920 τὸ
1762 3886 1778 3917 ι
1820 3867 2123 3940 σχοίνισμα,
2162 3889 2180 3921 ι
2220 3870 2347 3941 περὶ
2388 3865 2447 3924 06
2510 3870 2742 3941 εἴρηται,
2785 3891 2802 3923 ι
2851 3871 3131 3943 σχοίνισμα
3167 3871 3526 3943 κληρονομίας

256 3976 432 4031 αὐτοῦ
477 3973 707 4047 Ἰσραήλ.
748 3994 766 4024 ι
805 3971 1144 4041 Σαφέστερον
1186 3964 1316 4035 γοῦν
1363 3963 1518 4018 τοῦτο
1569 3962 1896 4033 παρίστησιν
1935 3963 2219 4033 ἐπιλέγων,
2250 3982 2269 4015 ‹
2317 3964 2411 4018 τοῦ
2445 3964 2790 4019 διασκεδάσαι
2819 3967 2916 4038 τὴν
2966 3966 3230 4037 προτέραν
3260 3965 3526 4039 διαθήκην

253 4070 360 4124 τοῦ
392 4068 548 4131 Θεοῦ,
586 4068 682 4138 τὴν
716 4064 987 4136 ἀναμέσον
1028 4060 1197 4114 Ἰούδα
1232 4058 1326 4113 καὶ
1362 4057 1632 4128 ἀναμέσον
1670 4057 1913 4128 Ἰσραήλ’
1964 4078 1983 4110 ι
2036 4059 2127 4112 καὶ
2165 4058 2352 4128 σαφῶς
2382 4059 2656 4113 δείκνυται
2684 4061 2792 4113 ἀπὸ
2824 4060 2934 4113 τῶν
2953 4077 3048 4113 του
3088 4061 3337 4131 Σωτῆρος
3368 4060 3527 4131 ἡμῶν

255 4161 473 4232 χρόνων
521 4157 899 4230 περιῃρημένα
950 4155 1047 4225 τῆς
1084 4151 1336 4223 λατρείας
1393 4149 1607 4218 ἁπάσης
1668 4149 1753 4220 τῆς
1787 4149 1926 4203 κατὰ
1976 4150 2066 4205 τὸν
2105 4152 2266 4223 νόμον
2312 4151 2370 4220 ἐξ
2407 4152 2615 4206 ἐκείνου
2655 4154 2748 4206 καὶ
2783 4155 2863 4217 είς
2901 4152 3060 4224 δεῦρο
3090 4152 3529 4224 καθαιρεθείσης,

775 4267 1169 4325 ΚΕΦΑΛΑΙΟΝ
1225 4267 1345 4320 KZ'.

728 4365 838 4420 Τοῦ
874 4361 1058 4418 αὑτοῦ
1101 4359 1382 4428 Ζαχαρία.

342 4485 364 4517 ι
421 4460 711 4533 Ῥομφαία,
753 4454 1069 4527 ἐξεγέρθητι
1095 4452 1187 4505 ἐπὶ⁹
1212 4450 1303 4504 τὸν
1336 4448 1568 4521 ποιμένα
1599 4466 1721 4517 μου,
1752 4448 1845 4502 καὶ
1880 4429 1921 4482 Ῑ)

262 4558 367 4612 ἐπὶ
400 4556 567 4627 ἄνδρα
610 4552 831 4622 πολίτην
862 4546 1048 4611 αὑτοῦ,
1097 4544 1244 4613 λέγει
1291 4542 1491 4614 Κύριος
1540 4541 1844 4611 παντοκρά-

257 4666 403 4720 τωρ,
435 4644 673 4709 πάταξον
719 4642 808 4696 τὺν
838 4637 1093 4710 ποιμένα,
1129 4636 1223 4690 καὶ
1261 4633 1842 4705 διασκορπισθήτωσαν

259 4745 339 4799 τὰ
373 4740 646 4813 πρόϐατα·
680 4738 775 4790 καὶ
801 4731 1112 4804 ἐπιστρέψω
1138 4730 1237 4801 τὴν
1269 4730 1426 4800 χεῖρά
1460 4745 1561 4798 μου
1595 4727 1686 4778 ἐπὶ
1718 4727 1843 4789 τοὺς

261 4837 555 4909 ποιμένας.
592 4854 610 4885 ι
657 4830 914 4898 Ἐπείπερ
941 4828 969 4879 ὁ
998 4822 1385 4892 εύαγγελιστὴς
1413 4822 1496 4883 τὸ,
1541 4839 1558 4870 ι
1600 4819 1842 4884 Πάταξον

261 4933 363 4984 τὸν
389 4926 641 4997 ποιμένα,
678 4922 771 4976 καὶ
797 4915 1344 4989 διασκορπισθήσεται
1373 4913 1441 4967 τὰ
1466 4911 1712 4983 πρόϐατα
1742 4910 1842 4979 τῆς

268 5019 526 5089 ποίμνης,
566 5036 584 5068 ι
618 5012 865 5068 ἐντεῦθεν
907 5008 1084 5064 λαϐὼν
1140 5007 1282 5061 κατά
1323 5004 1413 5058 τὸν
1457 5004 1531 5074 (2)
1577 5002 1843 5073 σωτηρίου

268 5113 477 5174 πάθους
519 5109 708 5179 καιρὸν
754 5106 927 5175 πέρας
959 5100 1236 5173 εἰληφέναι
1265 5096 1521 5162 ἐδίδαξεν,
1560 5096 1645 5148 ὅτε
1679 5111 1840 5147 κατα-

270 5204 556 5274 λείψαντες
594 5199 756 5253 αὑτὸν
798 5199 845 5250 οἱ
893 5193 1130 5266 μαθηταὶ
1159 5188 1648 5260 διεσκορπίσθησαν
1672 5203 1683 5215 ⁸
1721 5185 1844 5238 106-

270 5316 367 5352 του
394 5296 461 5365 δὴ
490 5294 647 5365 χάριν
677 5292 770 5346 καὶ
815 5291 972 5360 ἡμεῖς
1006 5280 1465 5355 ἐσημειωσάμεθα
1496 5279 1557 5331 τὸ
1604 5278 1785 5349 ῥητὸν,
1820 5277 1848 5329 ὃ

272 5393 369 5445 καὶ
398 5390 598 5459 πολλῆς
629 5387 876 5456 δεόμενον
904 5381 1198 5445 ἐξετάσεως
1230 5378 1308 5438 είς
1334 5373 1635 5443 ἐπιτήδειον
1659 5369 1851 5440 ἀναθη-

276 5484 486 5555 σόμεθα
515 5481 725 5552 καιρόν.

2496 4266 2726 4323 CAPUT
2764 4265 2979 4321 XXVII.

2442 4360 2526 4415 Ex
2552 4359 2731 4415 eodem
2771 4358 2815 4413 Ζ
2819 4359 3055 4413 acltaria.

2026 4472 2045 4505 ι
2077 4452 2327 4520 Framea,
2353 4454 2645 4517 suscitare,
2690 4467 2854 4521 super
2886 4458 3160 4521 pastorem
3211 4466 3388 4507 meum
3411 4493 3426 4517 ,
3475 4461 3531 4509 et

1952 4561 2118 4616 super
2142 4546 2321 4601 virum
2351 4546 2710 4601 cohaerentem
2739 4543 2895 4608 mihi,
2921 4543 3054 4597 dicit
3106 4542 3367 4600 Dominus
3412 4560 3532 4598 om-

1951 4638 2004 4691 ni
2014 4646 2237 4708 potens;
2266 4649 2488 4709 percute
2513 4645 2879 4708 pastorem,et
2900 4636 3280 4705 dispergentur
3300 4650 3448 4698 oves,
3474 4643 3528 4691 et

1950 4741 2262 4787 convertam
2285 4747 2506 4786 manum
2537 4747 2710 4786 meam
2743 4730 2810 4784 ad
2843 4740 3088 4801 pastores
3118 4730 3185 4783 ⁸⁸.
3232 4748 3251 4781 ι
3288 4727 3530 4799 Evange—

1948 4823 2073 4879 lista
2103 4839 2337 4895 quoque,
2372 4843 2391 4875 ι
2426 4823 2731 4879 Percutiam
2762 4831 3126 4894 pastorem,et
3152 4821 3530 4890 dispergentur

1951 4931 2081 4971 oves
2118 4916 2298 4987 gregis
2340 4916 2408 4980 ⁸⁸,
2440 4934 2458 4968 ι
2495 4915 2705 4977 dicens,
2737 4916 2852 4970 haec
2908 4916 2963 4969 in
3019 4911 3317 4966 Salvatoris
3348 4910 3523 4965 nostri

1951 5010 2225 5081 passionis
2258 5020 2499 5079 tempore
2530 5009 2749 5079 impleta
2790 5008 2959 5062 fuisse
2980 5005 3357 5067 demonstrat,
3396 5017 3524 5056 cum

1952 5102 2226 5171 discipuli,
2258 5116 2323 5157 eo
2368 5102 2580 5165 relicto,
2611 5102 2882 5171 fugerunt.
2928 5099 3136 5154 Idcirco
3172 5113 3271 5153 nos
3308 5112 3526 5167 quoque

1956 5195 2099 5248 hunc
2126 5195 2435 5249 notavimus
2468 5196 2674 5258 locum,
2718 5201 2771 5246 et
2823 5191 3026 5246 Iusiore
3056 5188 3434 5260 explanatione
3458 5186 3527 5246 ιι-

1954 5288 2296 5344 lustrandum
2326 5298 2633 5359 opportuno
2661 5295 2904 5357 tempore
2938 5283 3312 5340 tractabimus.

350 5599 396 5631 "
431 5599 574 5655 Psal.
611 5612 760 5658 cvm,
790 5595 842 5651 4.
878 5595 925 5647 5.
1004 5590 1049 5621 "
1100 5588 1251 5645 Deut.
1296 5602 1465 5654 snit,
1503 5584 1554 5638 9.
1632 5583 1677 5614 '°
1706 5579 1835 5634 ἰοί-ι

1944 5594 2021 5646 ιιι,
2055 5579 2104 5635 7.
2182 5579 2222 5611 ⁸¹
2261 5578 2448 5635 Matth.
2482 5594 2627 5641 sxw,
2663 5576 2755 5634 '51.

357 5714 429 5786 (ε)
467 5712 813 5768 Desideratur
839 5708 951 5763 τοῦ.
993 5706 1144 5759 Eutr.
