  <div class='ocr_page' id='page_1' title='image "/cluster/home/n/w/nwhite01/storage/ocr_20150623/22/hvd.32044073501132/587.png"; bbox 0 0 3936 6206; ppageno 0'>
   <div class='ocr_carea' id='block_1_1' title="bbox 492 216 634 272">
    <p class='ocr_par' dir='ltr' id='par_1_1' title="bbox 492 216 634 272">
     <span class='ocr_line' id='line_1_1' title="bbox 492 216 634 272; baseline 0 0"><span class='ocrx_word' id='word_1_1' title='bbox 492 216 634 272; x_wconf 75' lang='lat' dir='ltr'><strong>H55</strong></span> 
     </span>
    </p>
   </div>
   <div class='ocr_carea' id='block_1_2' title="bbox 1024 323 1530 381">
    <p class='ocr_par' dir='ltr' id='par_1_2' title="bbox 1024 323 1530 381">
     <span class='ocr_line' id='line_1_2' title="bbox 1024 323 1530 381; baseline 0 0"><span class='ocrx_word' id='word_1_2' title='bbox 1024 325 1254 381; x_wconf 65' lang='lat' dir='ltr'><strong>CAPUT</strong></span> <span class='ocrx_word' id='word_1_3' title='bbox 1294 323 1530 381; x_wconf 73' lang='lat' dir='ltr'><strong>XXVIII.</strong></span> 
     </span>
    </p>
   </div>
   <div class='ocr_carea' id='block_1_3' title="bbox 1109 416 1448 472">
    <p class='ocr_par' dir='ltr' id='par_1_3' title="bbox 1109 416 1448 472">
     <span class='ocr_line' id='line_1_3' title="bbox 1109 416 1448 472; baseline -0.003 0"><span class='ocrx_word' id='word_1_4' title='bbox 1109 417 1193 472; x_wconf 77' lang='lat' dir='ltr'><strong>Ea:</strong></span> <span class='ocrx_word' id='word_1_5' title='bbox 1246 416 1448 472; x_wconf 80' lang='lat' dir='ltr'><strong>eodem.</strong></span> 
     </span>
    </p>
   </div>
   <div class='ocr_carea' id='block_1_4' title="bbox 566 529 2069 602">
    <p class='ocr_par' dir='ltr' id='par_1_4' title="bbox 566 529 2069 602">
     <span class='ocr_line' id='line_1_4' title="bbox 566 529 2069 602; baseline -0.001 -16"><span class='ocrx_word' id='word_1_6' title='bbox 566 551 589 586; x_wconf 74' lang='grc' dir='ltr'><strong>ι</strong></span> <span class='ocrx_word' id='word_1_7' title='bbox 633 531 700 586; x_wconf 75' lang='lat' dir='ltr'><strong>Et</strong></span> <span class='ocrx_word' id='word_1_8' title='bbox 728 529 1035 602; x_wconf 72' lang='lat' dir='ltr'><strong>egredietur</strong></span> <span class='ocrx_word' id='word_1_9' title='bbox 1077 529 1341 587; x_wconf 77' lang='lat' dir='ltr'><strong>Dominus</strong></span> <span class='ocrx_word' id='word_1_10' title='bbox 1384 537 1439 587; x_wconf 82' lang='lat' dir='ltr'><strong>et</strong></span> <span class='ocrx_word' id='word_1_11' title='bbox 1503 529 1837 601; x_wconf 63' lang='lat' dir='ltr'><strong>praaliubitur</strong></span> <span class='ocrx_word' id='word_1_12' title='bbox 1878 538 2069 586; x_wconf 87' lang='lat' dir='ltr'><strong>contra</strong></span> 
     </span>
    </p>
   </div>
   <div class='ocr_carea' id='block_1_5' title="bbox 494 622 2071 698">
    <p class='ocr_par' dir='ltr' id='par_1_5' title="bbox 494 622 2071 698">
     <span class='ocr_line' id='line_1_5' title="bbox 494 622 2071 698; baseline -0.003 -17"><span class='ocrx_word' id='word_1_13' title='bbox 494 632 681 698; x_wconf 85' lang='lat' dir='ltr'><strong>gentes</strong></span> <span class='ocrx_word' id='word_1_14' title='bbox 714 622 836 680; x_wconf 88' lang='lat' dir='ltr'><strong>illas</strong></span> <span class='ocrx_word' id='word_1_15' title='bbox 864 662 879 688; x_wconf 92' lang='lat'><strong>,</strong></span> <span class='ocrx_word' id='word_1_16' title='bbox 929 630 1072 679; x_wconf 74' lang='lat' dir='ltr'><strong>sicut</strong></span> <span class='ocrx_word' id='word_1_17' title='bbox 1121 623 1398 694; x_wconf 81' lang='lat' dir='ltr'><strong>praeliatus</strong></span> <span class='ocrx_word' id='word_1_18' title='bbox 1427 632 1514 679; x_wconf 89' lang='lat' dir='ltr'><strong>est</strong></span> <span class='ocrx_word' id='word_1_19' title='bbox 1571 623 1628 678; x_wconf 92' lang='lat' dir='ltr'><strong>in</strong></span> <span class='ocrx_word' id='word_1_20' title='bbox 1682 623 1772 679; x_wconf 88' lang='lat' dir='ltr'><strong>die</strong></span> <span class='ocrx_word' id='word_1_21' title='bbox 1815 623 2071 679; x_wconf 84' lang='lat' dir='ltr'><strong>certami-</strong></span> 
     </span>
    </p>
   </div>
   <div class='ocr_carea' id='block_1_6' title="bbox 496 712 2070 779">
    <p class='ocr_par' dir='ltr' id='par_1_6' title="bbox 496 712 2070 779">
     <span class='ocr_line' id='line_1_6' title="bbox 496 712 2070 779; baseline -0.001 -9"><span class='ocrx_word' id='word_1_22' title='bbox 496 719 601 770; x_wconf 83' lang='lat' dir='ltr'><strong>nis.</strong></span> <span class='ocrx_word' id='word_1_23' title='bbox 632 757 646 770; x_wconf 96' lang='lat'><strong>.</strong></span> <span class='ocrx_word' id='word_1_24' title='bbox 710 753 728 771; x_wconf 93' lang='lat'><strong>.</strong></span> <span class='ocrx_word' id='word_1_25' title='bbox 767 753 787 768; x_wconf 82' lang='lat'><strong>.</strong></span> <span class='ocrx_word' id='word_1_26' title='bbox 815 754 830 770; x_wconf 91' lang='lat'><strong>.</strong></span> <span class='ocrx_word' id='word_1_27' title='bbox 872 712 936 768; x_wconf 86' lang='lat' dir='ltr'><strong>Et</strong></span> <span class='ocrx_word' id='word_1_28' title='bbox 968 713 1147 768; x_wconf 78' lang='lat' dir='ltr'><strong>veniet</strong></span> <span class='ocrx_word' id='word_1_29' title='bbox 1176 712 1439 769; x_wconf 75' lang='lat' dir='ltr'><strong>Dominus</strong></span> <span class='ocrx_word' id='word_1_30' title='bbox 1478 712 1618 769; x_wconf 86' lang='lat' dir='ltr'><strong>Deus</strong></span> <span class='ocrx_word' id='word_1_31' title='bbox 1647 728 1820 779; x_wconf 88' lang='lat' dir='ltr'><strong>meus,</strong></span> <span class='ocrx_word' id='word_1_32' title='bbox 1848 728 2070 769; x_wconf 86' lang='lat' dir='ltr'><strong>omnes-</strong></span> 
     </span>
    </p>
   </div>
   <div class='ocr_carea' id='block_1_7' title="bbox 494 805 2064 878">
    <p class='ocr_par' dir='ltr' id='par_1_7' title="bbox 494 805 2064 878">
     <span class='ocr_line' id='line_1_7' title="bbox 494 805 2064 878; baseline 0 -15"><span class='ocrx_word' id='word_1_33' title='bbox 494 824 597 878; x_wconf 87' lang='lat' dir='ltr'><strong>que</strong></span> <span class='ocrx_word' id='word_1_34' title='bbox 624 805 797 863; x_wconf 88' lang='lat' dir='ltr'><strong>sancti</strong></span> <span class='ocrx_word' id='word_1_35' title='bbox 820 821 942 861; x_wconf 88' lang='lat' dir='ltr'><strong>cum</strong></span> <span class='ocrx_word' id='word_1_36' title='bbox 971 820 1037 861; x_wconf 86' lang='lat' dir='ltr'><strong>eo</strong></span> <span class='ocrx_word' id='word_1_37' title='bbox 1065 806 1131 860; x_wconf 80' lang='grc'><strong>⁸³.</strong></span> <span class='ocrx_word' id='word_1_38' title='bbox 1157 825 1177 859; x_wconf 76' lang='grc' dir='ltr'><strong>ι</strong></span> <span class='ocrx_word' id='word_1_39' title='bbox 1206 805 1272 860; x_wconf 88' lang='lat' dir='ltr'><strong>Et</strong></span> <span class='ocrx_word' id='word_1_40' title='bbox 1296 807 1409 861; x_wconf 69' lang='lat' dir='ltr'><strong>haec</strong></span> <span class='ocrx_word' id='word_1_41' title='bbox 1442 807 1545 861; x_wconf 90' lang='lat' dir='ltr'><strong>rati</strong></span> <span class='ocrx_word' id='word_1_42' title='bbox 1569 805 1638 863; x_wconf 89' lang='lat' dir='ltr'><strong>de</strong></span> <span class='ocrx_word' id='word_1_43' title='bbox 1658 806 1903 863; x_wconf 88' lang='lat' dir='ltr'><strong>secundo</strong></span> <span class='ocrx_word' id='word_1_44' title='bbox 1955 806 2064 863; x_wconf 89' lang='lat' dir='ltr'><strong>dici</strong></span> 
     </span>
    </p>
   </div>
   <div class='ocr_carea' id='block_1_8' title="bbox 637 897 1471 955">
    <p class='ocr_par' dir='ltr' id='par_1_8' title="bbox 637 897 1471 955">
     <span class='ocr_line' id='line_1_8' title="bbox 637 897 1471 955; baseline -0.001 0"><span class='ocrx_word' id='word_1_45' title='bbox 637 899 844 955; x_wconf 82' lang='lat' dir='ltr'><strong>Christi</strong></span> <span class='ocrx_word' id='word_1_46' title='bbox 872 898 1108 955; x_wconf 85' lang='lat' dir='ltr'><strong>adventu</strong></span> <span class='ocrx_word' id='word_1_47' title='bbox 1142 897 1471 954; x_wconf 73' lang='lat' dir='ltr'><strong>notavimus.</strong></span> 
     </span>
    </p>
   </div>
   <div class='ocr_carea' id='block_1_9' title="bbox 1052 1074 1515 1132">
    <p class='ocr_par' dir='ltr' id='par_1_9' title="bbox 1052 1074 1515 1132">
     <span class='ocr_line' id='line_1_9' title="bbox 1052 1074 1515 1132; baseline -0.002 0"><span class='ocrx_word' id='word_1_48' title='bbox 1052 1074 1282 1132; x_wconf 83' lang='lat' dir='ltr'><strong>CAPUT</strong></span> <span class='ocrx_word' id='word_1_49' title='bbox 1323 1074 1515 1131; x_wconf 77' lang='lat' dir='ltr'><strong>XXIX.</strong></span> 
     </span>
    </p>
   </div>
   <div class='ocr_carea' id='block_1_10' title="bbox 1020 1171 1467 1229">
    <p class='ocr_par' dir='ltr' id='par_1_10' title="bbox 1020 1171 1467 1229">
     <span class='ocr_line' id='line_1_10' title="bbox 1020 1171 1467 1229; baseline 0.004 -3"><span class='ocrx_word' id='word_1_50' title='bbox 1020 1192 1028 1200; x_wconf 95' lang='grc'><strong>·</strong></span> <span class='ocrx_word' id='word_1_51' title='bbox 1093 1171 1143 1226; x_wconf 83' lang='grc' dir='ltr'><strong><em>Ε</em></strong></span> <span class='ocrx_word' id='word_1_52' title='bbox 1173 1171 1467 1229; x_wconf 68' lang='lat' dir='ltr'><strong>Halat-Ilia.</strong></span> 
     </span>
    </p>
   </div>
   <div class='ocr_carea' id='block_1_11' title="bbox 570 1284 2060 1355">
    <p class='ocr_par' dir='ltr' id='par_1_11' title="bbox 570 1284 2060 1355">
     <span class='ocr_line' id='line_1_11' title="bbox 570 1284 2060 1355; baseline 0.004 -15"><span class='ocrx_word' id='word_1_53' title='bbox 570 1309 590 1340; x_wconf 73' lang='grc' dir='ltr'><strong>ι</strong></span> <span class='ocrx_word' id='word_1_54' title='bbox 626 1287 747 1343; x_wconf 83' lang='lat' dir='ltr'><strong>Non</strong></span> <span class='ocrx_word' id='word_1_55' title='bbox 773 1295 859 1343; x_wconf 88' lang='lat' dir='ltr'><strong>est</strong></span> <span class='ocrx_word' id='word_1_56' title='bbox 883 1287 1020 1342; x_wconf 87' lang='lat' dir='ltr'><strong>mibi</strong></span> <span class='ocrx_word' id='word_1_57' title='bbox 1051 1288 1304 1345; x_wconf 82' lang='lat' dir='ltr'><strong>voluntas</strong></span> <span class='ocrx_word' id='word_1_58' title='bbox 1338 1288 1395 1343; x_wconf 91' lang='lat' dir='ltr'><strong>in</strong></span> <span class='ocrx_word' id='word_1_59' title='bbox 1419 1287 1597 1355; x_wconf 81' lang='lat' dir='ltr'><strong>vobis,</strong></span> <span class='ocrx_word' id='word_1_60' title='bbox 1620 1288 1756 1345; x_wconf 88' lang='lat' dir='ltr'><strong>dicit</strong></span> <span class='ocrx_word' id='word_1_61' title='bbox 1790 1284 2060 1355; x_wconf 67' lang='lat' dir='ltr'><strong>Dominus</strong></span> 
     </span>
    </p>
   </div>
   <div class='ocr_carea' id='block_1_12' title="bbox 494 1382 2061 1455">
    <p class='ocr_par' dir='ltr' id='par_1_12' title="bbox 494 1382 2061 1455">
     <span class='ocr_line' id='line_1_12' title="bbox 494 1382 2061 1455; baseline 0.001 -17"><span class='ocrx_word' id='word_1_62' title='bbox 494 1382 842 1454; x_wconf 88' lang='lat' dir='ltr'><strong>omnipotens</strong></span> <span class='ocrx_word' id='word_1_63' title='bbox 872 1401 884 1436; x_wconf 92' lang='lat'><strong>:</strong></span> <span class='ocrx_word' id='word_1_64' title='bbox 913 1391 969 1437; x_wconf 91' lang='lat' dir='ltr'><strong>et</strong></span> <span class='ocrx_word' id='word_1_65' title='bbox 1026 1397 1227 1438; x_wconf 89' lang='lat' dir='ltr'><strong>munus</strong></span> <span class='ocrx_word' id='word_1_66' title='bbox 1270 1396 1382 1437; x_wconf 93' lang='lat' dir='ltr'><strong>non</strong></span> <span class='ocrx_word' id='word_1_67' title='bbox 1437 1383 1739 1455; x_wconf 81' lang='lat' dir='ltr'><strong>suscipiam</strong></span> <span class='ocrx_word' id='word_1_68' title='bbox 1786 1383 1852 1440; x_wconf 91' lang='lat' dir='ltr'><strong>de</strong></span> <span class='ocrx_word' id='word_1_69' title='bbox 1898 1399 2061 1439; x_wconf 91' lang='lat' dir='ltr'><strong>manu</strong></span> 
     </span>
    </p>
   </div>
   <div class='ocr_carea' id='block_1_13' title="bbox 492 1476 2062 1548">
    <p class='ocr_par' dir='ltr' id='par_1_13' title="bbox 492 1476 2062 1548">
     <span class='ocr_line' id='line_1_13' title="bbox 492 1476 2062 1548; baseline 0.001 -17"><span class='ocrx_word' id='word_1_70' title='bbox 492 1483 694 1534; x_wconf 85' lang='lat' dir='ltr'><strong>vestra.</strong></span> <span class='ocrx_word' id='word_1_71' title='bbox 725 1476 807 1531; x_wconf 90' lang='lat' dir='ltr'><strong>Ab</strong></span> <span class='ocrx_word' id='word_1_72' title='bbox 834 1483 958 1531; x_wconf 89' lang='lat' dir='ltr'><strong>ortu</strong></span> <span class='ocrx_word' id='word_1_73' title='bbox 982 1476 1129 1531; x_wconf 83' lang='lat' dir='ltr'><strong>enim</strong></span> <span class='ocrx_word' id='word_1_74' title='bbox 1162 1477 1296 1532; x_wconf 92' lang='lat' dir='ltr'><strong>solis</strong></span> <span class='ocrx_word' id='word_1_75' title='bbox 1326 1492 1503 1548; x_wconf 89' lang='lat' dir='ltr'><strong>usque</strong></span> <span class='ocrx_word' id='word_1_76' title='bbox 1529 1479 1597 1533; x_wconf 87' lang='lat' dir='ltr'><strong>ad</strong></span> <span class='ocrx_word' id='word_1_77' title='bbox 1627 1493 1905 1544; x_wconf 84' lang='lat' dir='ltr'><strong>occasum,</strong></span> <span class='ocrx_word' id='word_1_78' title='bbox 1942 1494 2062 1533; x_wconf 85' lang='lat' dir='ltr'><strong>ma-</strong></span> 
     </span>
    </p>
   </div>
   <div class='ocr_carea' id='block_1_14' title="bbox 490 1566 2062 1639">
    <p class='ocr_par' dir='ltr' id='par_1_14' title="bbox 490 1566 2062 1639">
     <span class='ocr_line' id='line_1_14' title="bbox 490 1566 2062 1639; baseline -0.001 -17"><span class='ocrx_word' id='word_1_79' title='bbox 490 1583 657 1639; x_wconf 83' lang='lat' dir='ltr'><strong>gnum</strong></span> <span class='ocrx_word' id='word_1_80' title='bbox 718 1573 801 1622; x_wconf 87' lang='lat' dir='ltr'><strong>est</strong></span> <span class='ocrx_word' id='word_1_81' title='bbox 858 1580 1059 1623; x_wconf 83' lang='lat' dir='ltr'><strong>nomen</strong></span> <span class='ocrx_word' id='word_1_82' title='bbox 1106 1581 1286 1622; x_wconf 88' lang='lat' dir='ltr'><strong>meum</strong></span> <span class='ocrx_word' id='word_1_83' title='bbox 1326 1567 1383 1621; x_wconf 93' lang='lat' dir='ltr'><strong>in</strong></span> <span class='ocrx_word' id='word_1_84' title='bbox 1414 1566 1670 1637; x_wconf 82' lang='lat' dir='ltr'><strong>gentibus</strong></span> <span class='ocrx_word' id='word_1_85' title='bbox 1704 1573 1801 1622; x_wconf 88' lang='lat' dir='ltr'><strong>:et</strong></span> <span class='ocrx_word' id='word_1_86' title='bbox 1832 1568 1888 1621; x_wconf 92' lang='lat' dir='ltr'><strong>in</strong></span> <span class='ocrx_word' id='word_1_87' title='bbox 1915 1566 2062 1621; x_wconf 91' lang='lat' dir='ltr'><strong>omni</strong></span> 
     </span>
    </p>
   </div>
   <div class='ocr_carea' id='block_1_15' title="bbox 490 1658 2135 1740">
    <p class='ocr_par' dir='ltr' id='par_1_15' title="bbox 490 1658 2135 1740">
     <span class='ocr_line' id='line_1_15' title="bbox 490 1658 2135 1740; baseline -0.001 -23"><span class='ocrx_word' id='word_1_88' title='bbox 490 1662 611 1717; x_wconf 91' lang='lat' dir='ltr'><strong>loco</strong></span> <span class='ocrx_word' id='word_1_89' title='bbox 661 1658 1018 1723; x_wconf 71' lang='lat' dir='ltr'><strong>sacriﬁcatur,</strong></span> <span class='ocrx_word' id='word_1_90' title='bbox 1064 1666 1121 1714; x_wconf 90' lang='lat' dir='ltr'><strong>et</strong></span> <span class='ocrx_word' id='word_1_91' title='bbox 1170 1659 1400 1714; x_wconf 71' lang='lat' dir='ltr'><strong>olfertur</strong></span> <span class='ocrx_word' id='word_1_92' title='bbox 1430 1659 1638 1714; x_wconf 90' lang='lat' dir='ltr'><strong>nomini</strong></span> <span class='ocrx_word' id='word_1_93' title='bbox 1695 1674 1818 1715; x_wconf 85' lang='lat' dir='ltr'><strong>meo</strong></span> <span class='ocrx_word' id='word_1_94' title='bbox 1858 1659 2062 1715; x_wconf 89' lang='lat' dir='ltr'><strong>oblatio</strong></span> <span class='ocrx_word' id='word_1_95' title='bbox 2092 1685 2135 1740; x_wconf 77' lang='grc' dir='ltr'><strong>Β</strong></span> 
     </span>
    </p>
   </div>
   <div class='ocr_carea' id='block_1_16' title="bbox 490 1750 2056 1823">
    <p class='ocr_par' dir='ltr' id='par_1_16' title="bbox 490 1750 2056 1823">
     <span class='ocr_line' id='line_1_16' title="bbox 490 1750 2056 1823; baseline -0.002 -15"><span class='ocrx_word' id='word_1_96' title='bbox 490 1754 693 1809; x_wconf 82' lang='lat' dir='ltr'><strong>munda</strong></span> <span class='ocrx_word' id='word_1_97' title='bbox 714 1773 726 1807; x_wconf 91' lang='lat'>:</span> <span class='ocrx_word' id='word_1_98' title='bbox 747 1753 875 1823; x_wconf 83' lang='lat' dir='ltr'><strong>quia</strong></span> <span class='ocrx_word' id='word_1_99' title='bbox 899 1767 1156 1822; x_wconf 87' lang='lat' dir='ltr'><strong>magnum</strong></span> <span class='ocrx_word' id='word_1_100' title='bbox 1173 1758 1259 1807; x_wconf 89' lang='lat' dir='ltr'><strong>est</strong></span> <span class='ocrx_word' id='word_1_101' title='bbox 1279 1766 1474 1806; x_wconf 76' lang='lat' dir='ltr'><strong>nomen</strong></span> <span class='ocrx_word' id='word_1_102' title='bbox 1494 1766 1675 1807; x_wconf 90' lang='lat' dir='ltr'><strong>meum</strong></span> <span class='ocrx_word' id='word_1_103' title='bbox 1697 1750 1752 1806; x_wconf 90' lang='lat' dir='ltr'><strong>in</strong></span> <span class='ocrx_word' id='word_1_104' title='bbox 1783 1751 2056 1822; x_wconf 76' lang='lat' dir='ltr'><strong>gentibus,</strong></span> 
     </span>
    </p>
   </div>
   <div class='ocr_carea' id='block_1_17' title="bbox 498 1844 2054 1919">
    <p class='ocr_par' dir='ltr' id='par_1_17' title="bbox 498 1844 2054 1919">
     <span class='ocr_line' id='line_1_17' title="bbox 498 1844 2054 1919; baseline -0.003 -18"><span class='ocrx_word' id='word_1_105' title='bbox 498 1844 907 1902; x_wconf 78' lang='lat' dir='ltr'><strong>dicitDominus</strong></span> <span class='ocrx_word' id='word_1_106' title='bbox 926 1844 1271 1914; x_wconf 89' lang='lat' dir='ltr'><strong>omnipotens</strong></span> <span class='ocrx_word' id='word_1_107' title='bbox 1290 1863 1303 1898; x_wconf 87' lang='lat'><strong>:</strong></span> <span class='ocrx_word' id='word_1_108' title='bbox 1327 1851 1382 1899; x_wconf 88' lang='lat' dir='ltr'><strong>et</strong></span> <span class='ocrx_word' id='word_1_109' title='bbox 1397 1859 1495 1919; x_wconf 83' lang='lat' dir='ltr'><strong>vos</strong></span> <span class='ocrx_word' id='word_1_110' title='bbox 1512 1844 1784 1914; x_wconf 87' lang='lat' dir='ltr'><strong>polluistis</strong></span> <span class='ocrx_word' id='word_1_111' title='bbox 1804 1844 1934 1898; x_wconf 89' lang='lat' dir='ltr'><strong>illud</strong></span> <span class='ocrx_word' id='word_1_112' title='bbox 1946 1844 2012 1897; x_wconf 82' lang='grc'><strong>⁸³.</strong></span> <span class='ocrx_word' id='word_1_113' title='bbox 2036 1863 2054 1896; x_wconf 72' lang='grc' dir='ltr'><strong>ι</strong></span> 
     </span>
    </p>
   </div>
   <div class='ocr_carea' id='block_1_18' title="bbox 491 1936 2061 2002">
    <p class='ocr_par' dir='ltr' id='par_1_18' title="bbox 491 1936 2061 2002">
     <span class='ocr_line' id='line_1_18' title="bbox 491 1936 2061 2002; baseline -0.003 -8"><span class='ocrx_word' id='word_1_114' title='bbox 491 1939 648 1994; x_wconf 87' lang='lat' dir='ltr'><strong>Sicut</strong></span> <span class='ocrx_word' id='word_1_115' title='bbox 674 1953 892 2001; x_wconf 90' lang='lat' dir='ltr'><strong>manus,</strong></span> <span class='ocrx_word' id='word_1_116' title='bbox 936 1945 991 1992; x_wconf 91' lang='lat' dir='ltr'><strong>et</strong></span> <span class='ocrx_word' id='word_1_117' title='bbox 1048 1940 1303 2002; x_wconf 79' lang='lat' dir='ltr'><strong>dextera,</strong></span> <span class='ocrx_word' id='word_1_118' title='bbox 1333 1945 1387 1993; x_wconf 90' lang='lat' dir='ltr'><strong>ct</strong></span> <span class='ocrx_word' id='word_1_119' title='bbox 1442 1936 1729 1992; x_wconf 80' lang='lat' dir='ltr'><strong>brachium</strong></span> <span class='ocrx_word' id='word_1_120' title='bbox 1781 1944 1836 1992; x_wconf 90' lang='lat' dir='ltr'><strong>et</strong></span> <span class='ocrx_word' id='word_1_121' title='bbox 1883 1938 2061 1991; x_wconf 89' lang='lat' dir='ltr'><strong>virtus</strong></span> 
     </span>
    </p>
   </div>
   <div class='ocr_carea' id='block_1_19' title="bbox 488 2028 2062 2111">
    <p class='ocr_par' dir='ltr' id='par_1_19' title="bbox 488 2028 2062 2111">
     <span class='ocr_line' id='line_1_19' title="bbox 488 2028 2062 2111; baseline -0.001 -25"><span class='ocrx_word' id='word_1_122' title='bbox 488 2029 585 2111; x_wconf 73' lang='lat' dir='ltr'><strong>Dei</strong></span> <span class='ocrx_word' id='word_1_123' title='bbox 628 2030 874 2085; x_wconf 89' lang='lat' dir='ltr'><strong>omnium</strong></span> <span class='ocrx_word' id='word_1_124' title='bbox 934 2028 1171 2086; x_wconf 79' lang='lat' dir='ltr'><strong>Verbum</strong></span> <span class='ocrx_word' id='word_1_125' title='bbox 1221 2030 1342 2101; x_wconf 89' lang='lat' dir='ltr'><strong>ejus</strong></span> <span class='ocrx_word' id='word_1_126' title='bbox 1395 2030 1451 2085; x_wconf 90' lang='lat' dir='ltr'><strong>in</strong></span> <span class='ocrx_word' id='word_1_127' title='bbox 1501 2029 1702 2085; x_wconf 81' lang='lat' dir='ltr'><strong>divinis</strong></span> <span class='ocrx_word' id='word_1_128' title='bbox 1746 2030 2062 2085; x_wconf 83' lang='lat' dir='ltr'><strong>nominatur</strong></span> 
     </span>
    </p>
   </div>
   <div class='ocr_carea' id='block_1_20' title="bbox 488 2120 2059 2194">
    <p class='ocr_par' dir='ltr' id='par_1_20' title="bbox 488 2120 2059 2194">
     <span class='ocr_line' id='line_1_20' title="bbox 488 2120 2059 2194; baseline -0.001 -15"><span class='ocrx_word' id='word_1_129' title='bbox 488 2122 814 2194; x_wconf 85' lang='lat' dir='ltr'><strong>Scripturis,</strong></span> <span class='ocrx_word' id='word_1_130' title='bbox 838 2122 914 2177; x_wconf 88' lang='lat' dir='ltr'><strong>ita</strong></span> <span class='ocrx_word' id='word_1_131' title='bbox 977 2130 1030 2178; x_wconf 91' lang='lat' dir='ltr'><strong>et</strong></span> <span class='ocrx_word' id='word_1_132' title='bbox 1059 2138 1183 2178; x_wconf 89' lang='lat' dir='ltr'><strong>eum</strong></span> <span class='ocrx_word' id='word_1_133' title='bbox 1234 2122 1488 2193; x_wconf 77' lang='lat' dir='ltr'><strong>designat</strong></span> <span class='ocrx_word' id='word_1_134' title='bbox 1540 2137 1739 2178; x_wconf 88' lang='lat' dir='ltr'><strong>nomen</strong></span> <span class='ocrx_word' id='word_1_135' title='bbox 1792 2120 1907 2177; x_wconf 88' lang='lat' dir='ltr'><strong>Dei.</strong></span> <span class='ocrx_word' id='word_1_136' title='bbox 1944 2120 2059 2178; x_wconf 81' lang='lat' dir='ltr'><strong>Hoc</strong></span> 
     </span>
    </p>
   </div>
   <div class='ocr_carea' id='block_1_21' title="bbox 485 2215 2085 2289">
    <p class='ocr_par' dir='ltr' id='par_1_21' title="bbox 485 2215 2085 2289">
     <span class='ocr_line' id='line_1_21' title="bbox 485 2215 2085 2289; baseline -0.001 -17"><span class='ocrx_word' id='word_1_137' title='bbox 485 2217 653 2289; x_wconf 81' lang='lat' dir='ltr'><strong>igitur</strong></span> <span class='ocrx_word' id='word_1_138' title='bbox 680 2216 924 2272; x_wconf 86' lang='lat' dir='ltr'><strong>divinum</strong></span> <span class='ocrx_word' id='word_1_139' title='bbox 969 2230 1167 2271; x_wconf 85' lang='lat' dir='ltr'><strong>nomen</strong></span> <span class='ocrx_word' id='word_1_140' title='bbox 1201 2218 1360 2286; x_wconf 86' lang='lat' dir='ltr'><strong>quasi</strong></span> <span class='ocrx_word' id='word_1_141' title='bbox 1399 2235 1418 2268; x_wconf 76' lang='grc' dir='ltr'><strong>ι</strong></span> <span class='ocrx_word' id='word_1_142' title='bbox 1453 2215 1523 2271; x_wconf 92' lang='lat' dir='ltr'><strong>ab</strong></span> <span class='ocrx_word' id='word_1_143' title='bbox 1567 2222 1691 2271; x_wconf 87' lang='lat' dir='ltr'><strong>ortu</strong></span> <span class='ocrx_word' id='word_1_144' title='bbox 1726 2216 1859 2272; x_wconf 88' lang='lat' dir='ltr'><strong>solis</strong></span> <span class='ocrx_word' id='word_1_145' title='bbox 1889 2230 2085 2286; x_wconf 66' lang='lat' dir='ltr'><strong>usque</strong></span> 
     </span>
    </p>
   </div>
   <div class='ocr_carea' id='block_1_22' title="bbox 487 2308 2063 2380">
    <p class='ocr_par' dir='ltr' id='par_1_22' title="bbox 487 2308 2063 2380">
     <span class='ocr_line' id='line_1_22' title="bbox 487 2308 2063 2380; baseline -0.001 -17"><span class='ocrx_word' id='word_1_146' title='bbox 487 2310 555 2365; x_wconf 89' lang='lat' dir='ltr'><strong>ad</strong></span> <span class='ocrx_word' id='word_1_147' title='bbox 582 2325 839 2367; x_wconf 84' lang='lat' dir='ltr'><strong>occasum</strong></span> <span class='ocrx_word' id='word_1_148' title='bbox 871 2308 1287 2380; x_wconf 83' lang='lat' dir='ltr'><strong>gloriﬁcaturin</strong></span> <span class='ocrx_word' id='word_1_149' title='bbox 1322 2309 1601 2380; x_wconf 82' lang='lat' dir='ltr'><strong>gentibus,</strong></span> <span class='ocrx_word' id='word_1_150' title='bbox 1634 2326 1656 2360; x_wconf 76' lang='grc' dir='ltr'><strong>ι</strong></span> <span class='ocrx_word' id='word_1_151' title='bbox 1688 2308 1864 2363; x_wconf 85' lang='lat' dir='ltr'><strong>cuivis</strong></span> <span class='ocrx_word' id='word_1_152' title='bbox 1886 2308 2063 2362; x_wconf 85' lang='lat' dir='ltr'><strong>mani-</strong></span> 
     </span>
    </p>
   </div>
   <div class='ocr_carea' id='block_1_23' title="bbox 485 2398 2063 2473">
    <p class='ocr_par' dir='ltr' id='par_1_23' title="bbox 485 2398 2063 2473">
     <span class='ocr_line' id='line_1_23' title="bbox 485 2398 2063 2473; baseline -0.002 -16"><span class='ocrx_word' id='word_1_153' title='bbox 485 2401 686 2459; x_wconf 80' lang='lat' dir='ltr'><strong>festum</strong></span> <span class='ocrx_word' id='word_1_154' title='bbox 715 2417 811 2473; x_wconf 90' lang='lat' dir='ltr'><strong>per</strong></span> <span class='ocrx_word' id='word_1_155' title='bbox 848 2400 1265 2472; x_wconf 69' lang='lat' dir='ltr'><strong>praedicationes</strong></span> <span class='ocrx_word' id='word_1_156' title='bbox 1316 2417 1438 2472; x_wconf 63' lang='lat' dir='ltr'><strong>qua;</strong></span> <span class='ocrx_word' id='word_1_157' title='bbox 1479 2401 1535 2456; x_wconf 87' lang='lat' dir='ltr'><strong>in</strong></span> <span class='ocrx_word' id='word_1_158' title='bbox 1592 2398 1797 2456; x_wconf 85' lang='lat' dir='ltr'><strong>Christi</strong></span> <span class='ocrx_word' id='word_1_159' title='bbox 1842 2401 2063 2455; x_wconf 90' lang='lat' dir='ltr'><strong>nomine</strong></span> 
     </span>
    </p>
   </div>
   <div class='ocr_carea' id='block_1_24' title="bbox 490 2489 2063 2564">
    <p class='ocr_par' dir='ltr' id='par_1_24' title="bbox 490 2489 2063 2564">
     <span class='ocr_line' id='line_1_24' title="bbox 490 2489 2063 2564; baseline -0.002 -17"><span class='ocrx_word' id='word_1_160' title='bbox 490 2493 693 2564; x_wconf 87' lang='lat' dir='ltr'><strong>ubique</strong></span> <span class='ocrx_word' id='word_1_161' title='bbox 725 2490 884 2545; x_wconf 88' lang='lat' dir='ltr'><strong>ﬁunt.</strong></span> <span class='ocrx_word' id='word_1_162' title='bbox 918 2489 1131 2559; x_wconf 82' lang='lat' dir='ltr'><strong>Quippe</strong></span> <span class='ocrx_word' id='word_1_163' title='bbox 1153 2490 1210 2544; x_wconf 91' lang='lat' dir='ltr'><strong>in</strong></span> <span class='ocrx_word' id='word_1_164' title='bbox 1240 2491 1391 2544; x_wconf 89' lang='lat' dir='ltr'><strong>omni</strong></span> <span class='ocrx_word' id='word_1_165' title='bbox 1430 2490 1551 2545; x_wconf 87' lang='lat' dir='ltr'><strong>loco</strong></span> <span class='ocrx_word' id='word_1_166' title='bbox 1603 2489 1846 2560; x_wconf 86' lang='lat' dir='ltr'><strong>spiritale</strong></span> <span class='ocrx_word' id='word_1_167' title='bbox 1875 2489 2063 2544; x_wconf 83' lang='lat' dir='ltr'><strong>incen—</strong></span> 
     </span>
    </p>
   </div>
   <div class='ocr_carea' id='block_1_25' title="bbox 485 2581 2059 2653">
    <p class='ocr_par' dir='ltr' id='par_1_25' title="bbox 485 2581 2059 2653">
     <span class='ocr_line' id='line_1_25' title="bbox 485 2581 2059 2653; baseline -0.001 -15"><span class='ocrx_word' id='word_1_168' title='bbox 485 2598 609 2640; x_wconf 90' lang='lat' dir='ltr'><strong>sum</strong></span> <span class='ocrx_word' id='word_1_169' title='bbox 639 2591 694 2639; x_wconf 91' lang='lat' dir='ltr'><strong>et</strong></span> <span class='ocrx_word' id='word_1_170' title='bbox 726 2581 983 2653; x_wconf 84' lang='lat' dir='ltr'><strong>precibus</strong></span> <span class='ocrx_word' id='word_1_171' title='bbox 1008 2596 1203 2653; x_wconf 90' lang='lat' dir='ltr'><strong>purum</strong></span> <span class='ocrx_word' id='word_1_172' title='bbox 1259 2582 1718 2652; x_wconf 86' lang='lat' dir='ltr'><strong>incruentumque</strong></span> <span class='ocrx_word' id='word_1_173' title='bbox 1767 2596 1832 2635; x_wconf 91' lang='lat' dir='ltr'><strong>ac</strong></span> <span class='ocrx_word' id='word_1_174' title='bbox 1887 2582 2059 2636; x_wconf 89' lang='lat' dir='ltr'><strong>ratio-</strong></span> 
     </span>
    </p>
   </div>
   <div class='ocr_carea' id='block_1_26' title="bbox 483 2672 2059 2744">
    <p class='ocr_par' dir='ltr' id='par_1_26' title="bbox 483 2672 2059 2744">
     <span class='ocr_line' id='line_1_26' title="bbox 483 2672 2059 2744; baseline -0.003 -14"><span class='ocrx_word' id='word_1_175' title='bbox 483 2675 611 2731; x_wconf 85' lang='lat' dir='ltr'><strong>nale</strong></span> <span class='ocrx_word' id='word_1_176' title='bbox 650 2674 984 2730; x_wconf 83' lang='lat' dir='ltr'><strong>sacriﬁcium</strong></span> <span class='ocrx_word' id='word_1_177' title='bbox 1024 2688 1122 2744; x_wconf 90' lang='lat' dir='ltr'><strong>per</strong></span> <span class='ocrx_word' id='word_1_178' title='bbox 1149 2688 1339 2729; x_wconf 88' lang='lat' dir='ltr'><strong>verum</strong></span> <span class='ocrx_word' id='word_1_179' title='bbox 1397 2688 1781 2743; x_wconf 88' lang='lat' dir='ltr'><strong>summumque</strong></span> <span class='ocrx_word' id='word_1_180' title='bbox 1837 2672 2059 2742; x_wconf 83' lang='lat' dir='ltr'><strong>pontiﬁ-</strong></span> 
     </span>
    </p>
   </div>
   <div class='ocr_carea' id='block_1_27' title="bbox 485 2763 2060 2830">
    <p class='ocr_par' dir='ltr' id='par_1_27' title="bbox 485 2763 2060 2830">
     <span class='ocr_line' id='line_1_27' title="bbox 485 2763 2060 2830; baseline -0.001 -10"><span class='ocrx_word' id='word_1_181' title='bbox 485 2782 605 2822; x_wconf 82' lang='lat' dir='ltr'><strong>cem</strong></span> <span class='ocrx_word' id='word_1_182' title='bbox 640 2763 751 2820; x_wconf 87' lang='lat' dir='ltr'><strong>Deo</strong></span> <span class='ocrx_word' id='word_1_183' title='bbox 779 2764 1038 2820; x_wconf 72' lang='lat' dir='ltr'><strong>offerunt.</strong></span> <span class='ocrx_word' id='word_1_184' title='bbox 1065 2763 1278 2830; x_wconf 85' lang='lat' dir='ltr'><strong>Quibus</strong></span> <span class='ocrx_word' id='word_1_185' title='bbox 1314 2780 1445 2820; x_wconf 87' lang='lat' dir='ltr'><strong>vero</strong></span> <span class='ocrx_word' id='word_1_186' title='bbox 1470 2765 1573 2820; x_wconf 79' lang='lat' dir='ltr'><strong>lioc</strong></span> <span class='ocrx_word' id='word_1_187' title='bbox 1616 2764 1780 2819; x_wconf 90' lang='lat' dir='ltr'><strong>modo</strong></span> <span class='ocrx_word' id='word_1_188' title='bbox 1828 2765 2060 2819; x_wconf 82' lang='lat' dir='ltr'><strong>adoran-</strong></span> 
     </span>
    </p>
   </div>
   <div class='ocr_carea' id='block_1_28' title="bbox 486 2856 2059 2929">
    <p class='ocr_par' dir='ltr' id='par_1_28' title="bbox 486 2856 2059 2929">
     <span class='ocr_line' id='line_1_28' title="bbox 486 2856 2059 2929; baseline 0.001 -18"><span class='ocrx_word' id='word_1_189' title='bbox 486 2858 656 2919; x_wconf 85' lang='lat' dir='ltr'><strong>tibus,</strong></span> <span class='ocrx_word' id='word_1_190' title='bbox 686 2857 990 2927; x_wconf 86' lang='lat' dir='ltr'><strong>corporalia</strong></span> <span class='ocrx_word' id='word_1_191' title='bbox 1017 2856 1220 2927; x_wconf 85' lang='lat' dir='ltr'><strong>prioris</strong></span> <span class='ocrx_word' id='word_1_192' title='bbox 1255 2856 1440 2929; x_wconf 91' lang='lat' dir='ltr'><strong>populi</strong></span> <span class='ocrx_word' id='word_1_193' title='bbox 1475 2856 1743 2912; x_wconf 89' lang='lat' dir='ltr'><strong>sacriﬁcia</strong></span> <span class='ocrx_word' id='word_1_194' title='bbox 1773 2872 2059 2912; x_wconf 81' lang='lat' dir='ltr'><strong>recessura</strong></span> 
     </span>
    </p>
   </div>
   <div class='ocr_carea' id='block_1_29' title="bbox 484 2948 2058 3021">
    <p class='ocr_par' dir='ltr' id='par_1_29' title="bbox 484 2948 2058 3021">
     <span class='ocr_line' id='line_1_29' title="bbox 484 2948 2058 3021; baseline -0.001 -15"><span class='ocrx_word' id='word_1_195' title='bbox 484 2950 618 3006; x_wconf 83' lang='lat' dir='ltr'><strong>dicit</strong></span> <span class='ocrx_word' id='word_1_196' title='bbox 639 2948 803 3007; x_wconf 87' lang='lat' dir='ltr'><strong>Deus.</strong></span> <span class='ocrx_word' id='word_1_197' title='bbox 840 2948 1187 3006; x_wconf 77' lang='lat' dir='ltr'><strong>Manifestum</strong></span> <span class='ocrx_word' id='word_1_198' title='bbox 1235 2950 1403 3021; x_wconf 87' lang='lat' dir='ltr'><strong>igitur</strong></span> <span class='ocrx_word' id='word_1_199' title='bbox 1448 2950 1722 3019; x_wconf 89' lang='lat' dir='ltr'><strong>quomodo</strong></span> <span class='ocrx_word' id='word_1_200' title='bbox 1749 2956 1871 3020; x_wconf 90' lang='lat' dir='ltr'><strong>post</strong></span> <span class='ocrx_word' id='word_1_201' title='bbox 1896 2949 2058 3005; x_wconf 82' lang='lat' dir='ltr'><strong>Chri-</strong></span> 
     </span>
    </p>
   </div>
   <div class='ocr_carea' id='block_1_30' title="bbox 484 3033 2128 3114">
    <p class='ocr_par' dir='ltr' id='par_1_30' title="bbox 484 3033 2128 3114">
     <span class='ocr_line' id='line_1_30' title="bbox 484 3033 2128 3114; baseline 0 -14"><span class='ocrx_word' id='word_1_202' title='bbox 484 3045 556 3101; x_wconf 80' lang='lat' dir='ltr'><strong>sti</strong></span> <span class='ocrx_word' id='word_1_203' title='bbox 581 3044 1014 3100; x_wconf 83' lang='lat' dir='ltr'><strong>incarnationem</strong></span> <span class='ocrx_word' id='word_1_204' title='bbox 1056 3042 1314 3113; x_wconf 90' lang='lat' dir='ltr'><strong>utrinque</strong></span> <span class='ocrx_word' id='word_1_205' title='bbox 1370 3042 1531 3098; x_wconf 88' lang='lat' dir='ltr'><strong>ﬁnem</strong></span> <span class='ocrx_word' id='word_1_206' title='bbox 1588 3044 1871 3114; x_wconf 85' lang='lat' dir='ltr'><strong>prophetia</strong></span> <span class='ocrx_word' id='word_1_207' title='bbox 1901 3058 2059 3100; x_wconf 56' lang='lat' dir='ltr'><strong>acce~</strong></span> <span class='ocrx_word' id='word_1_208' title='bbox 2083 3033 2128 3090; x_wconf 65' lang='grc' dir='ltr'><strong>(ἓ</strong></span> 
     </span>
    </p>
   </div>
   <div class='ocr_carea' id='block_1_31' title="bbox 483 3135 2056 3210">
    <p class='ocr_par' dir='ltr' id='par_1_31' title="bbox 483 3135 2056 3210">
     <span class='ocr_line' id='line_1_31' title="bbox 483 3135 2056 3210; baseline -0.002 -19"><span class='ocrx_word' id='word_1_209' title='bbox 483 3137 658 3210; x_wconf 86' lang='lat' dir='ltr'><strong>perit;</strong></span> <span class='ocrx_word' id='word_1_210' title='bbox 729 3136 931 3192; x_wconf 81' lang='lat' dir='ltr'><strong>ctenim</strong></span> <span class='ocrx_word' id='word_1_211' title='bbox 991 3135 1191 3207; x_wconf 89' lang='lat' dir='ltr'><strong>prioris</strong></span> <span class='ocrx_word' id='word_1_212' title='bbox 1236 3135 1418 3207; x_wconf 88' lang='lat' dir='ltr'><strong>populi</strong></span> <span class='ocrx_word' id='word_1_213' title='bbox 1468 3135 1850 3206; x_wconf 85' lang='lat' dir='ltr'><strong>reprobatione</strong></span> <span class='ocrx_word' id='word_1_214' title='bbox 1893 3135 2056 3190; x_wconf 88' lang='lat' dir='ltr'><strong>simul</strong></span> 
     </span>
    </p>
   </div>
   <div class='ocr_carea' id='block_1_32' title="bbox 482 3227 2057 3284">
    <p class='ocr_par' dir='ltr' id='par_1_32' title="bbox 482 3227 2057 3284">
     <span class='ocr_line' id='line_1_32' title="bbox 482 3227 2057 3284; baseline -0.001 0"><span class='ocrx_word' id='word_1_215' title='bbox 482 3228 737 3284; x_wconf 85' lang='lat' dir='ltr'><strong>submota</strong></span> <span class='ocrx_word' id='word_1_216' title='bbox 791 3236 922 3284; x_wconf 91' lang='lat' dir='ltr'><strong>sunt</strong></span> <span class='ocrx_word' id='word_1_217' title='bbox 954 3227 1025 3283; x_wconf 90' lang='lat' dir='ltr'><strong>ab</strong></span> <span class='ocrx_word' id='word_1_218' title='bbox 1046 3228 1127 3283; x_wconf 90' lang='lat' dir='ltr'><strong>eis</strong></span> <span class='ocrx_word' id='word_1_219' title='bbox 1152 3227 1451 3284; x_wconf 88' lang='lat' dir='ltr'><strong>secundum</strong></span> <span class='ocrx_word' id='word_1_220' title='bbox 1478 3227 1665 3284; x_wconf 87' lang='lat' dir='ltr'><strong>Daniel</strong></span> <span class='ocrx_word' id='word_1_221' title='bbox 1705 3227 1974 3283; x_wconf 89' lang='lat' dir='ltr'><strong>sacriﬁcia</strong></span> <span class='ocrx_word' id='word_1_222' title='bbox 2003 3236 2057 3284; x_wconf 90' lang='lat' dir='ltr'><strong>et</strong></span> 
     </span>
    </p>
   </div>
   <div class='ocr_carea' id='block_1_33' title="bbox 482 3319 2053 3392">
    <p class='ocr_par' dir='ltr' id='par_1_33' title="bbox 482 3319 2053 3392">
     <span class='ocr_line' id='line_1_33' title="bbox 482 3319 2053 3392; baseline -0.001 -17"><span class='ocrx_word' id='word_1_223' title='bbox 482 3321 800 3385; x_wconf 83' lang='lat' dir='ltr'><strong>libamenta,</strong></span> <span class='ocrx_word' id='word_1_224' title='bbox 851 3336 954 3377; x_wconf 90' lang='lat' dir='ltr'><strong>nec</strong></span> <span class='ocrx_word' id='word_1_225' title='bbox 1003 3336 1114 3375; x_wconf 92' lang='lat' dir='ltr'><strong>non</strong></span> <span class='ocrx_word' id='word_1_226' title='bbox 1141 3328 1196 3376; x_wconf 91' lang='lat' dir='ltr'><strong>et</strong></span> <span class='ocrx_word' id='word_1_227' title='bbox 1245 3321 1487 3392; x_wconf 89' lang='lat' dir='ltr'><strong>gentium</strong></span> <span class='ocrx_word' id='word_1_228' title='bbox 1514 3321 1581 3375; x_wconf 89' lang='lat' dir='ltr'><strong>ad</strong></span> <span class='ocrx_word' id='word_1_229' title='bbox 1616 3320 1861 3377; x_wconf 89' lang='lat' dir='ltr'><strong>omnium</strong></span> <span class='ocrx_word' id='word_1_230' title='bbox 1884 3319 2053 3376; x_wconf 89' lang='lat' dir='ltr'><strong>Deum</strong></span> 
     </span>
    </p>
   </div>
   <div class='ocr_carea' id='block_1_34' title="bbox 480 3414 1217 3470">
    <p class='ocr_par' dir='ltr' id='par_1_34' title="bbox 480 3414 1217 3470">
     <span class='ocr_line' id='line_1_34' title="bbox 480 3414 1217 3470; baseline -0.004 -1"><span class='ocrx_word' id='word_1_231' title='bbox 480 3414 768 3469; x_wconf 77' lang='lat' dir='ltr'><strong>conversio</strong></span> <span class='ocrx_word' id='word_1_232' title='bbox 798 3415 1091 3470; x_wconf 87' lang='lat' dir='ltr'><strong>subsecuta</strong></span> <span class='ocrx_word' id='word_1_233' title='bbox 1111 3419 1217 3470; x_wconf 86' lang='lat' dir='ltr'><strong>est.</strong></span> 
     </span>
    </p>
   </div>
   <div class='ocr_carea' id='block_1_35' title="bbox 1045 3613 1486 3686">
    <p class='ocr_par' dir='ltr' id='par_1_35' title="bbox 1045 3613 1486 3686">
     <span class='ocr_line' id='line_1_35' title="bbox 1045 3613 1486 3686; baseline -0.007 -16"><span class='ocrx_word' id='word_1_234' title='bbox 1045 3613 1486 3686; x_wconf 32' lang='lat' dir='ltr'><strong>cspurgxxx.</strong></span> 
     </span>
    </p>
   </div>
   <div class='ocr_carea' id='block_1_36' title="bbox 1114 3706 1425 3762">
    <p class='ocr_par' dir='ltr' id='par_1_36' title="bbox 1114 3706 1425 3762">
     <span class='ocr_line' id='line_1_36' title="bbox 1114 3706 1425 3762; baseline -0.003 -1"><span class='ocrx_word' id='word_1_235' title='bbox 1114 3706 1200 3761; x_wconf 78' lang='lat' dir='ltr'><strong>Ea:</strong></span> <span class='ocrx_word' id='word_1_236' title='bbox 1222 3707 1425 3762; x_wconf 79' lang='lat' dir='ltr'><strong>eodem.</strong></span> 
     </span>
    </p>
   </div>
   <div class='ocr_carea' id='block_1_37' title="bbox 558 3820 2053 3894">
    <p class='ocr_par' dir='ltr' id='par_1_37' title="bbox 558 3820 2053 3894">
     <span class='ocr_line' id='line_1_37' title="bbox 558 3820 2053 3894; baseline -0.001 -18"><span class='ocrx_word' id='word_1_237' title='bbox 558 3841 579 3876; x_wconf 78' lang='grc' dir='ltr'><strong>ι</strong></span> <span class='ocrx_word' id='word_1_238' title='bbox 622 3822 848 3878; x_wconf 88' lang='lat' dir='ltr'><strong>Pactum</strong></span> <span class='ocrx_word' id='word_1_239' title='bbox 876 3837 1055 3879; x_wconf 88' lang='lat' dir='ltr'><strong>meum</strong></span> <span class='ocrx_word' id='word_1_240' title='bbox 1098 3820 1201 3876; x_wconf 82' lang='lat' dir='ltr'><strong>fuit</strong></span> <span class='ocrx_word' id='word_1_241' title='bbox 1237 3836 1361 3876; x_wconf 92' lang='lat' dir='ltr'><strong>cum</strong></span> <span class='ocrx_word' id='word_1_242' title='bbox 1393 3836 1459 3877; x_wconf 90' lang='lat' dir='ltr'><strong>eo</strong></span> <span class='ocrx_word' id='word_1_243' title='bbox 1503 3821 1628 3877; x_wconf 61' lang='lat' dir='ltr'><strong>vita</strong></span> <span class='ocrx_word' id='word_1_244' title='bbox 1674 3829 1729 3876; x_wconf 87' lang='lat' dir='ltr'><strong>et</strong></span> <span class='ocrx_word' id='word_1_245' title='bbox 1766 3821 1918 3894; x_wconf 89' lang='lat' dir='ltr'><strong>pacis</strong></span> <span class='ocrx_word' id='word_1_246' title='bbox 1950 3837 1965 3874; x_wconf 90' lang='lat'><strong>:</strong></span> <span class='ocrx_word' id='word_1_247' title='bbox 1999 3828 2053 3878; x_wconf 87' lang='lat' dir='ltr'><strong>et</strong></span> 
     </span>
    </p>
   </div>
   <div class='ocr_carea' id='block_1_38' title="bbox 476 3913 2054 3985">
    <p class='ocr_par' dir='ltr' id='par_1_38' title="bbox 476 3913 2054 3985">
     <span class='ocr_line' id='line_1_38' title="bbox 476 3913 2054 3985; baseline -0.003 -12"><span class='ocrx_word' id='word_1_248' title='bbox 476 3915 605 3973; x_wconf 86' lang='lat' dir='ltr'><strong>dedi</strong></span> <span class='ocrx_word' id='word_1_249' title='bbox 652 3917 702 3972; x_wconf 90' lang='lat' dir='ltr'><strong>ei</strong></span> <span class='ocrx_word' id='word_1_250' title='bbox 762 3915 1333 3985; x_wconf 87' lang='lat' dir='ltr'><strong>timorem,et_timuit</strong></span> <span class='ocrx_word' id='word_1_251' title='bbox 1363 3930 1470 3980; x_wconf 92' lang='lat' dir='ltr'><strong>me,</strong></span> <span class='ocrx_word' id='word_1_252' title='bbox 1524 3922 1579 3970; x_wconf 89' lang='lat' dir='ltr'><strong>et</strong></span> <span class='ocrx_word' id='word_1_253' title='bbox 1630 3929 1661 3971; x_wconf 86' lang='lat' dir='ltr'><strong>a</strong></span> <span class='ocrx_word' id='word_1_254' title='bbox 1704 3913 1844 3970; x_wconf 78' lang='lat' dir='ltr'><strong>facie</strong></span> <span class='ocrx_word' id='word_1_255' title='bbox 1876 3914 2054 3969; x_wconf 83' lang='lat' dir='ltr'><strong>uomi-</strong></span> 
     </span>
    </p>
   </div>
   <div class='ocr_carea' id='block_1_39' title="bbox 482 4003 2052 4079">
    <p class='ocr_par' dir='ltr' id='par_1_39' title="bbox 482 4003 2052 4079">
     <span class='ocr_line' id='line_1_39' title="bbox 482 4003 2052 4079; baseline -0.003 -15"><span class='ocrx_word' id='word_1_256' title='bbox 482 4011 573 4065; x_wconf 90' lang='lat' dir='ltr'><strong>nis</strong></span> <span class='ocrx_word' id='word_1_257' title='bbox 609 4007 717 4064; x_wconf 90' lang='lat' dir='ltr'><strong>mei</strong></span> <span class='ocrx_word' id='word_1_258' title='bbox 740 4008 989 4079; x_wconf 91' lang='lat' dir='ltr'><strong>pavebat.</strong></span> <span class='ocrx_word' id='word_1_259' title='bbox 1026 4008 1137 4065; x_wconf 81' lang='lat' dir='ltr'><strong>Lex</strong></span> <span class='ocrx_word' id='word_1_260' title='bbox 1170 4007 1418 4064; x_wconf 89' lang='lat' dir='ltr'><strong>veritatis</strong></span> <span class='ocrx_word' id='word_1_261' title='bbox 1456 4003 1564 4061; x_wconf 74' lang='lat' dir='ltr'><strong>luit</strong></span> <span class='ocrx_word' id='word_1_262' title='bbox 1611 4005 1665 4061; x_wconf 92' lang='lat' dir='ltr'><strong>in</strong></span> <span class='ocrx_word' id='word_1_263' title='bbox 1707 4021 1805 4061; x_wconf 89' lang='lat' dir='ltr'><strong>ore</strong></span> <span class='ocrx_word' id='word_1_264' title='bbox 1835 4005 1977 4076; x_wconf 88' lang='lat' dir='ltr'><strong>ejus,</strong></span> <span class='ocrx_word' id='word_1_265' title='bbox 1998 4014 2052 4063; x_wconf 90' lang='lat' dir='ltr'><strong>et</strong></span> 
     </span>
    </p>
   </div>
   <div class='ocr_carea' id='block_1_40' title="bbox 480 4100 2049 4174">
    <p class='ocr_par' dir='ltr' id='par_1_40' title="bbox 480 4100 2049 4174">
     <span class='ocr_line' id='line_1_40' title="bbox 480 4100 2049 4174; baseline -0.002 -16"><span class='ocrx_word' id='word_1_266' title='bbox 480 4102 746 4174; x_wconf 85' lang='lat' dir='ltr'><strong>iniquitas</strong></span> <span class='ocrx_word' id='word_1_267' title='bbox 794 4117 905 4157; x_wconf 91' lang='lat' dir='ltr'><strong>non</strong></span> <span class='ocrx_word' id='word_1_268' title='bbox 957 4111 1042 4157; x_wconf 91' lang='lat' dir='ltr'><strong>est</strong></span> <span class='ocrx_word' id='word_1_269' title='bbox 1088 4101 1308 4157; x_wconf 90' lang='lat' dir='ltr'><strong>inventa</strong></span> <span class='ocrx_word' id='word_1_270' title='bbox 1356 4101 1412 4157; x_wconf 92' lang='lat' dir='ltr'><strong>in</strong></span> <span class='ocrx_word' id='word_1_271' title='bbox 1447 4100 1608 4156; x_wconf 90' lang='lat' dir='ltr'><strong>labiis</strong></span> <span class='ocrx_word' id='word_1_272' title='bbox 1631 4100 1795 4171; x_wconf 87' lang='lat' dir='ltr'><strong>ejus:</strong></span> <span class='ocrx_word' id='word_1_273' title='bbox 1835 4100 1889 4155; x_wconf 93' lang='lat' dir='ltr'><strong>in</strong></span> <span class='ocrx_word' id='word_1_274' title='bbox 1914 4115 2049 4171; x_wconf 89' lang='lat' dir='ltr'><strong>pace</strong></span> 
     </span>
    </p>
   </div>
   <div class='ocr_carea' id='block_1_41' title="bbox 477 4193 2052 4266">
    <p class='ocr_par' dir='ltr' id='par_1_41' title="bbox 477 4193 2052 4266">
     <span class='ocr_line' id='line_1_41' title="bbox 477 4193 2052 4266; baseline -0.003 -15"><span class='ocrx_word' id='word_1_275' title='bbox 477 4206 536 4251; x_wconf 89' lang='lat' dir='ltr'><strong>et</strong></span> <span class='ocrx_word' id='word_1_276' title='bbox 564 4198 618 4250; x_wconf 93' lang='lat' dir='ltr'><strong>in</strong></span> <span class='ocrx_word' id='word_1_277' title='bbox 642 4194 898 4266; x_wconf 61' lang='lat' dir='ltr'><strong>mquitate</strong></span> <span class='ocrx_word' id='word_1_278' title='bbox 933 4194 1232 4249; x_wconf 89' lang='lat' dir='ltr'><strong>ambulavit</strong></span> <span class='ocrx_word' id='word_1_279' title='bbox 1260 4208 1498 4258; x_wconf 87' lang='lat' dir='ltr'><strong>mecum,</strong></span> <span class='ocrx_word' id='word_1_280' title='bbox 1534 4200 1589 4248; x_wconf 91' lang='lat' dir='ltr'><strong>et</strong></span> <span class='ocrx_word' id='word_1_281' title='bbox 1618 4193 1821 4250; x_wconf 85' lang='lat' dir='ltr'><strong>multos</strong></span> <span class='ocrx_word' id='word_1_282' title='bbox 1856 4193 2052 4248; x_wconf 82' lang='lat' dir='ltr'><strong>avertit</strong></span> 
     </span>
    </p>
   </div>
   <div class='ocr_carea' id='block_1_42' title="bbox 478 4281 2051 4353">
    <p class='ocr_par' dir='ltr' id='par_1_42' title="bbox 478 4281 2051 4353">
     <span class='ocr_line' id='line_1_42' title="bbox 478 4281 2051 4353; baseline 0 -16"><span class='ocrx_word' id='word_1_283' title='bbox 478 4282 550 4337; x_wconf 83' lang='lat' dir='ltr'><strong>ab</strong></span> <span class='ocrx_word' id='word_1_284' title='bbox 582 4282 890 4353; x_wconf 81' lang='lat' dir='ltr'><strong>iniquitate.</strong></span> <span class='ocrx_word' id='word_1_285' title='bbox 941 4281 1112 4338; x_wconf 88' lang='lat' dir='ltr'><strong>Labia</strong></span> <span class='ocrx_word' id='word_1_286' title='bbox 1174 4282 1321 4338; x_wconf 89' lang='lat' dir='ltr'><strong>enim</strong></span> <span class='ocrx_word' id='word_1_287' title='bbox 1381 4284 1687 4340; x_wconf 88' lang='lat' dir='ltr'><strong>sacerdotis</strong></span> <span class='ocrx_word' id='word_1_288' title='bbox 1737 4283 2051 4339; x_wconf 89' lang='lat' dir='ltr'><strong>custodient</strong></span> 
     </span>
    </p>
   </div>
   <div class='ocr_carea' id='block_1_43' title="bbox 478 4371 2125 4447">
    <p class='ocr_par' dir='ltr' id='par_1_43' title="bbox 478 4371 2125 4447">
     <span class='ocr_line' id='line_1_43' title="bbox 478 4371 2125 4447; baseline 0.001 -17"><span class='ocrx_word' id='word_1_289' title='bbox 478 4371 789 4438; x_wconf 84' lang='lat' dir='ltr'><strong>scientiam,</strong></span> <span class='ocrx_word' id='word_1_290' title='bbox 822 4383 876 4430; x_wconf 92' lang='lat' dir='ltr'><strong>et</strong></span> <span class='ocrx_word' id='word_1_291' title='bbox 898 4374 1068 4446; x_wconf 83' lang='lat' dir='ltr'><strong>legem</strong></span> <span class='ocrx_word' id='word_1_292' title='bbox 1117 4376 1396 4446; x_wconf 90' lang='lat' dir='ltr'><strong>requirent</strong></span> <span class='ocrx_word' id='word_1_293' title='bbox 1445 4390 1511 4431; x_wconf 83' lang='lat' dir='ltr'><strong>ex</strong></span> <span class='ocrx_word' id='word_1_294' title='bbox 1572 4390 1669 4432; x_wconf 90' lang='lat' dir='ltr'><strong>ore</strong></span> <span class='ocrx_word' id='word_1_295' title='bbox 1709 4376 1833 4446; x_wconf 89' lang='lat' dir='ltr'><strong>ejus</strong></span> <span class='ocrx_word' id='word_1_296' title='bbox 1868 4391 1881 4427; x_wconf 93' lang='lat'><strong>:</strong></span> <span class='ocrx_word' id='word_1_297' title='bbox 1918 4377 2044 4447; x_wconf 87' lang='lat' dir='ltr'><strong>quia</strong></span> <span class='ocrx_word' id='word_1_298' title='bbox 2077 4387 2125 4444; x_wconf 80' lang='grc' dir='ltr'>ι)</span> 
     </span>
    </p>
   </div>
   <div class='ocr_carea' id='block_1_44' title="bbox 476 4465 2046 4540">
    <p class='ocr_par' dir='ltr' id='par_1_44' title="bbox 476 4465 2046 4540">
     <span class='ocr_line' id='line_1_44' title="bbox 476 4465 2046 4540; baseline 0.002 -19"><span class='ocrx_word' id='word_1_299' title='bbox 476 4467 703 4537; x_wconf 86' lang='lat' dir='ltr'><strong>angelus</strong></span> <span class='ocrx_word' id='word_1_300' title='bbox 734 4465 951 4522; x_wconf 92' lang='lat' dir='ltr'><strong>Domini</strong></span> <span class='ocrx_word' id='word_1_301' title='bbox 976 4468 1366 4540; x_wconf 88' lang='lat' dir='ltr'><strong>omnipotentis</strong></span> <span class='ocrx_word' id='word_1_302' title='bbox 1410 4478 1494 4525; x_wconf 90' lang='lat' dir='ltr'><strong>est</strong></span> <span class='ocrx_word' id='word_1_303' title='bbox 1513 4469 1581 4523; x_wconf 76' lang='lat'><strong>“.</strong></span> <span class='ocrx_word' id='word_1_304' title='bbox 1617 4488 1636 4522; x_wconf 75' lang='grc' dir='ltr'><strong>ι</strong></span> <span class='ocrx_word' id='word_1_305' title='bbox 1673 4467 1799 4524; x_wconf 66' lang='lat' dir='ltr'><strong>Haec</strong></span> <span class='ocrx_word' id='word_1_306' title='bbox 1827 4484 2046 4540; x_wconf 89' lang='lat' dir='ltr'><strong>quoque</strong></span> 
     </span>
    </p>
   </div>
   <div class='ocr_carea' id='block_1_45' title="bbox 476 4558 2044 4634">
    <p class='ocr_par' dir='ltr' id='par_1_45' title="bbox 476 4558 2044 4634">
     <span class='ocr_line' id='line_1_45' title="bbox 476 4558 2044 4634; baseline 0.004 -21"><span class='ocrx_word' id='word_1_307' title='bbox 476 4573 603 4613; x_wconf 86' lang='lat' dir='ltr'><strong>cum</strong></span> <span class='ocrx_word' id='word_1_308' title='bbox 630 4558 960 4616; x_wconf 85' lang='lat' dir='ltr'><strong>testimoniis</strong></span> <span class='ocrx_word' id='word_1_309' title='bbox 989 4560 1058 4617; x_wconf 90' lang='lat' dir='ltr'><strong>de</strong></span> <span class='ocrx_word' id='word_1_310' title='bbox 1083 4559 1304 4617; x_wconf 85' lang='lat' dir='ltr'><strong>Christo</strong></span> <span class='ocrx_word' id='word_1_311' title='bbox 1329 4576 1570 4634; x_wconf 88' lang='lat' dir='ltr'><strong>congrua</strong></span> <span class='ocrx_word' id='word_1_312' title='bbox 1603 4569 1919 4632; x_wconf 89' lang='lat' dir='ltr'><strong>reputantes</strong></span> <span class='ocrx_word' id='word_1_313' title='bbox 1953 4579 2044 4619; x_wconf 88' lang='lat' dir='ltr'><strong>re-</strong></span> 
     </span>
    </p>
   </div>
   <div class='ocr_carea' id='block_1_46' title="bbox 474 4649 2039 4725">
    <p class='ocr_par' dir='ltr' id='par_1_46' title="bbox 474 4649 2039 4725">
     <span class='ocr_line' id='line_1_46' title="bbox 474 4649 2039 4725; baseline 0.001 -21"><span class='ocrx_word' id='word_1_314' title='bbox 474 4650 722 4707; x_wconf 87' lang='lat' dir='ltr'><strong>tulimus.</strong></span> <span class='ocrx_word' id='word_1_315' title='bbox 758 4649 984 4706; x_wconf 88' lang='lat' dir='ltr'><strong>Pactum</strong></span> <span class='ocrx_word' id='word_1_316' title='bbox 1025 4651 1172 4708; x_wconf 91' lang='lat' dir='ltr'><strong>enim</strong></span> <span class='ocrx_word' id='word_1_317' title='bbox 1209 4653 1333 4708; x_wconf 68' lang='lat' dir='ltr'><strong>vita:</strong></span> <span class='ocrx_word' id='word_1_318' title='bbox 1361 4661 1415 4709; x_wconf 90' lang='lat' dir='ltr'><strong>et</strong></span> <span class='ocrx_word' id='word_1_319' title='bbox 1448 4653 1600 4725; x_wconf 89' lang='lat' dir='ltr'><strong>pacis</strong></span> <span class='ocrx_word' id='word_1_320' title='bbox 1641 4667 1767 4708; x_wconf 91' lang='lat' dir='ltr'><strong>cum</strong></span> <span class='ocrx_word' id='word_1_321' title='bbox 1797 4668 1862 4709; x_wconf 89' lang='lat' dir='ltr'><strong>eo</strong></span> <span class='ocrx_word' id='word_1_322' title='bbox 1886 4661 2039 4720; x_wconf 88' lang='lat' dir='ltr'><strong>erat;</strong></span> 
     </span>
    </p>
   </div>
   <div class='ocr_carea' id='block_1_47' title="bbox 474 4742 2043 4816">
    <p class='ocr_par' dir='ltr' id='par_1_47' title="bbox 474 4742 2043 4816">
     <span class='ocr_line' id='line_1_47' title="bbox 474 4742 2043 4816; baseline -0.001 -17"><span class='ocrx_word' id='word_1_323' title='bbox 474 4743 691 4799; x_wconf 88' lang='lat' dir='ltr'><strong>timoris</strong></span> <span class='ocrx_word' id='word_1_324' title='bbox 720 4758 851 4799; x_wconf 89' lang='lat' dir='ltr'><strong>vero</strong></span> <span class='ocrx_word' id='word_1_325' title='bbox 880 4742 1109 4815; x_wconf 91' lang='lat' dir='ltr'><strong>spiritus</strong></span> <span class='ocrx_word' id='word_1_326' title='bbox 1142 4757 1269 4800; x_wconf 90' lang='lat' dir='ltr'><strong>cum</strong></span> <span class='ocrx_word' id='word_1_327' title='bbox 1312 4745 1528 4799; x_wconf 64' lang='lat' dir='ltr'><strong>caeteris</strong></span> <span class='ocrx_word' id='word_1_328' title='bbox 1584 4758 1750 4816; x_wconf 90' lang='lat' dir='ltr'><strong>super</strong></span> <span class='ocrx_word' id='word_1_329' title='bbox 1794 4759 1919 4799; x_wconf 91' lang='lat' dir='ltr'><strong>eum</strong></span> <span class='ocrx_word' id='word_1_330' title='bbox 1954 4758 2043 4798; x_wconf 88' lang='lat' dir='ltr'><strong>re-</strong></span> 
     </span>
    </p>
   </div>
   <div class='ocr_carea' id='block_1_48' title="bbox 474 4833 2038 4910">
    <p class='ocr_par' dir='ltr' id='par_1_48' title="bbox 474 4833 2038 4910">
     <span class='ocr_line' id='line_1_48' title="bbox 474 4833 2038 4910; baseline -0.003 -17"><span class='ocrx_word' id='word_1_331' title='bbox 474 4838 703 4910; x_wconf 76' lang='lat' dir='ltr'><strong>quievit,</strong></span> <span class='ocrx_word' id='word_1_332' title='bbox 724 4836 881 4907; x_wconf 81' lang='lat' dir='ltr'><strong>juxta</strong></span> <span class='ocrx_word' id='word_1_333' title='bbox 918 4836 1037 4891; x_wconf 79' lang='lat' dir='ltr'><strong>baec</strong></span> <span class='ocrx_word' id='word_1_334' title='bbox 1076 4833 1233 4892; x_wconf 70' lang='lat' dir='ltr'><strong>Isaiae</strong></span> <span class='ocrx_word' id='word_1_335' title='bbox 1257 4835 1465 4892; x_wconf 89' lang='lat' dir='ltr'><strong>verba:</strong></span> <span class='ocrx_word' id='word_1_336' title='bbox 1501 4854 1520 4887; x_wconf 78' lang='grc' dir='ltr'><strong>ι</strong></span> <span class='ocrx_word' id='word_1_337' title='bbox 1556 4834 1626 4891; x_wconf 90' lang='grc' dir='ltr'>Ει</span> <span class='ocrx_word' id='word_1_338' title='bbox 1659 4835 1887 4906; x_wconf 89' lang='lat' dir='ltr'><strong>replebit</strong></span> <span class='ocrx_word' id='word_1_339' title='bbox 1910 4851 2038 4890; x_wconf 91' lang='lat' dir='ltr'><strong>eum</strong></span> 
     </span>
    </p>
   </div>
   <div class='ocr_carea' id='block_1_49' title="bbox 473 4927 2041 5003">
    <p class='ocr_par' dir='ltr' id='par_1_49' title="bbox 473 4927 2041 5003">
     <span class='ocr_line' id='line_1_49' title="bbox 473 4927 2041 5003; baseline -0.003 -16"><span class='ocrx_word' id='word_1_340' title='bbox 473 4932 703 5003; x_wconf 86' lang='lat' dir='ltr'><strong>spiritus</strong></span> <span class='ocrx_word' id='word_1_341' title='bbox 739 4929 951 4987; x_wconf 89' lang='lat' dir='ltr'><strong>timoris</strong></span> <span class='ocrx_word' id='word_1_342' title='bbox 982 4928 1199 4986; x_wconf 92' lang='lat' dir='ltr'><strong>Domini</strong></span> <span class='ocrx_word' id='word_1_343' title='bbox 1217 4927 1286 4984; x_wconf 86' lang='grc'><strong>⁸⁸.</strong></span> <span class='ocrx_word' id='word_1_344' title='bbox 1329 4949 1349 4983; x_wconf 72' lang='grc' dir='ltr'><strong>ι</strong></span> <span class='ocrx_word' id='word_1_345' title='bbox 1385 4927 1648 4986; x_wconf 78' lang='lat' dir='ltr'><strong>Veritatis</strong></span> <span class='ocrx_word' id='word_1_346' title='bbox 1681 4943 1900 5001; x_wconf 88' lang='lat' dir='ltr'><strong>quoque</strong></span> <span class='ocrx_word' id='word_1_347' title='bbox 1930 4928 2041 4995; x_wconf 80' lang='lat' dir='ltr'><strong>lex,</strong></span> 
     </span>
    </p>
   </div>
   <div class='ocr_carea' id='block_1_50' title="bbox 473 5021 2041 5096">
    <p class='ocr_par' dir='ltr' id='par_1_50' title="bbox 473 5021 2041 5096">
     <span class='ocr_line' id='line_1_50' title="bbox 473 5021 2041 5096; baseline -0.002 -17"><span class='ocrx_word' id='word_1_348' title='bbox 473 5040 581 5080; x_wconf 88' lang='lat' dir='ltr'><strong>non</strong></span> <span class='ocrx_word' id='word_1_349' title='bbox 613 5032 793 5080; x_wconf 90' lang='lat' dir='ltr'><strong>autem</strong></span> <span class='ocrx_word' id='word_1_350' title='bbox 820 5025 1003 5096; x_wconf 86' lang='lat' dir='ltr'><strong>typica</strong></span> <span class='ocrx_word' id='word_1_351' title='bbox 1030 5023 1088 5079; x_wconf 92' lang='lat' dir='ltr'><strong>in</strong></span> <span class='ocrx_word' id='word_1_352' title='bbox 1127 5036 1225 5080; x_wconf 90' lang='lat' dir='ltr'><strong>ore</strong></span> <span class='ocrx_word' id='word_1_353' title='bbox 1251 5022 1371 5093; x_wconf 87' lang='lat' dir='ltr'><strong>ejus</strong></span> <span class='ocrx_word' id='word_1_354' title='bbox 1396 5030 1536 5088; x_wconf 85' lang='lat' dir='ltr'><strong>erat,</strong></span> <span class='ocrx_word' id='word_1_355' title='bbox 1570 5029 1625 5078; x_wconf 90' lang='lat' dir='ltr'><strong>et</strong></span> <span class='ocrx_word' id='word_1_356' title='bbox 1668 5036 1781 5077; x_wconf 92' lang='lat' dir='ltr'><strong>non</strong></span> <span class='ocrx_word' id='word_1_357' title='bbox 1823 5021 2041 5077; x_wconf 89' lang='lat' dir='ltr'><strong>inventa</strong></span> 
     </span>
    </p>
   </div>
   <div class='ocr_carea' id='block_1_51' title="bbox 468 5113 2040 5187">
    <p class='ocr_par' dir='ltr' id='par_1_51' title="bbox 468 5113 2040 5187">
     <span class='ocr_line' id='line_1_51' title="bbox 468 5113 2040 5187; baseline -0.004 -13"><span class='ocrx_word' id='word_1_358' title='bbox 468 5126 556 5174; x_wconf 84' lang='lat' dir='ltr'><strong>est</strong></span> <span class='ocrx_word' id='word_1_359' title='bbox 580 5116 841 5187; x_wconf 87' lang='lat' dir='ltr'><strong>iniquitas</strong></span> <span class='ocrx_word' id='word_1_360' title='bbox 883 5117 940 5171; x_wconf 91' lang='lat' dir='ltr'><strong>in</strong></span> <span class='ocrx_word' id='word_1_361' title='bbox 982 5115 1145 5173; x_wconf 88' lang='lat' dir='ltr'><strong>labiis</strong></span> <span class='ocrx_word' id='word_1_362' title='bbox 1209 5115 1351 5187; x_wconf 88' lang='lat' dir='ltr'><strong>ejus.</strong></span> <span class='ocrx_word' id='word_1_363' title='bbox 1380 5113 1545 5170; x_wconf 78' lang='lat' dir='ltr'><strong>Juxta</strong></span> <span class='ocrx_word' id='word_1_364' title='bbox 1591 5113 1739 5170; x_wconf 88' lang='lat' dir='ltr'><strong>enim</strong></span> <span class='ocrx_word' id='word_1_365' title='bbox 1788 5113 2040 5169; x_wconf 86' lang='lat' dir='ltr'><strong>eumdem</strong></span> 
     </span>
    </p>
   </div>
   <div class='ocr_carea' id='block_1_52' title="bbox 472 5205 2046 5277">
    <p class='ocr_par' dir='ltr' id='par_1_52' title="bbox 472 5205 2046 5277">
     <span class='ocr_line' id='line_1_52' title="bbox 472 5205 2046 5277; baseline -0.003 -14"><span class='ocrx_word' id='word_1_366' title='bbox 472 5207 689 5271; x_wconf 79' lang='lat' dir='ltr'><strong>lsaiam,</strong></span> <span class='ocrx_word' id='word_1_367' title='bbox 742 5206 1088 5277; x_wconf 87' lang='lat' dir='ltr'><strong>iniquitatem</strong></span> <span class='ocrx_word' id='word_1_368' title='bbox 1132 5221 1245 5263; x_wconf 92' lang='lat' dir='ltr'><strong>non</strong></span> <span class='ocrx_word' id='word_1_369' title='bbox 1302 5205 1451 5271; x_wconf 81' lang='lat' dir='ltr'><strong>fecit,</strong></span> <span class='ocrx_word' id='word_1_370' title='bbox 1495 5219 1599 5261; x_wconf 91' lang='lat' dir='ltr'><strong>nec</strong></span> <span class='ocrx_word' id='word_1_371' title='bbox 1659 5205 1913 5262; x_wconf 86' lang='lat' dir='ltr'><strong>iuventus</strong></span> <span class='ocrx_word' id='word_1_372' title='bbox 1960 5212 2046 5261; x_wconf 88' lang='lat' dir='ltr'><strong>est</strong></span> 
     </span>
    </p>
   </div>
   <div class='ocr_carea' id='block_1_53' title="bbox 471 5299 2042 5372">
    <p class='ocr_par' dir='ltr' id='par_1_53' title="bbox 471 5299 2042 5372">
     <span class='ocr_line' id='line_1_53' title="bbox 471 5299 2042 5372; baseline -0.001 -19"><span class='ocrx_word' id='word_1_373' title='bbox 471 5299 638 5356; x_wconf 84' lang='lat' dir='ltr'><strong>dolus</strong></span> <span class='ocrx_word' id='word_1_374' title='bbox 661 5302 714 5356; x_wconf 92' lang='lat' dir='ltr'><strong>in</strong></span> <span class='ocrx_word' id='word_1_375' title='bbox 746 5300 902 5356; x_wconf 79' lang='lat' dir='ltr'><strong>labiis</strong></span> <span class='ocrx_word' id='word_1_376' title='bbox 946 5302 1088 5372; x_wconf 88' lang='lat' dir='ltr'><strong>ejus.</strong></span> <span class='ocrx_word' id='word_1_377' title='bbox 1120 5299 1290 5368; x_wconf 83' lang='lat' dir='ltr'><strong>Quasi</strong></span> <span class='ocrx_word' id='word_1_378' title='bbox 1324 5300 1667 5357; x_wconf 81' lang='lat' dir='ltr'><strong>coexsistens</strong></span> <span class='ocrx_word' id='word_1_379' title='bbox 1714 5301 1894 5371; x_wconf 84' lang='lat' dir='ltr'><strong>patria</strong></span> <span class='ocrx_word' id='word_1_380' title='bbox 1928 5301 2042 5353; x_wconf 85' lang='lat' dir='ltr'><strong>vir-</strong></span> 
     </span>
    </p>
   </div>
   <div class='ocr_carea' id='block_1_54' title="bbox 472 5393 2039 5467">
    <p class='ocr_par' dir='ltr' id='par_1_54' title="bbox 472 5393 2039 5467">
     <span class='ocr_line' id='line_1_54' title="bbox 472 5393 2039 5467; baseline 0.001 -22"><span class='ocrx_word' id='word_1_381' title='bbox 472 5397 589 5446; x_wconf 85' lang='lat' dir='ltr'><strong>tute</strong></span> <span class='ocrx_word' id='word_1_382' title='bbox 619 5412 638 5445; x_wconf 75' lang='grc' dir='ltr'><strong>ι</strong></span> <span class='ocrx_word' id='word_1_383' title='bbox 679 5394 733 5448; x_wconf 82' lang='lat' dir='ltr'><strong>in</strong></span> <span class='ocrx_word' id='word_1_384' title='bbox 766 5409 899 5466; x_wconf 88' lang='lat' dir='ltr'><strong>pace</strong></span> <span class='ocrx_word' id='word_1_385' title='bbox 934 5402 989 5450; x_wconf 88' lang='lat' dir='ltr'><strong>et</strong></span> <span class='ocrx_word' id='word_1_386' title='bbox 1030 5394 1085 5449; x_wconf 90' lang='lat' dir='ltr'><strong>in</strong></span> <span class='ocrx_word' id='word_1_387' title='bbox 1119 5396 1374 5467; x_wconf 68' lang='lat' dir='ltr'><strong>aequitate</strong></span> <span class='ocrx_word' id='word_1_388' title='bbox 1408 5414 1428 5447; x_wconf 71' lang='grc' dir='ltr'><strong>ι</strong></span> <span class='ocrx_word' id='word_1_389' title='bbox 1459 5393 1759 5450; x_wconf 87' lang='lat' dir='ltr'><strong>ambulavit</strong></span> <span class='ocrx_word' id='word_1_390' title='bbox 1798 5408 1922 5446; x_wconf 89' lang='lat' dir='ltr'><strong>cum</strong></span> <span class='ocrx_word' id='word_1_391' title='bbox 1952 5408 2039 5457; x_wconf 90' lang='lat' dir='ltr'><strong>eo,</strong></span> 
     </span>
    </p>
   </div>
   <div class='ocr_carea' id='block_1_55' title="bbox 1179 202 2154 268">
    <p class='ocr_par' dir='ltr' id='par_1_55' title="bbox 1179 202 2154 268">
     <span class='ocr_line' id='line_1_55' title="bbox 1179 202 2154 268; baseline -0.007 0"><span class='ocrx_word' id='word_1_392' title='bbox 1179 208 1451 268; x_wconf 84' lang='lat' dir='ltr'><strong>EUSEBII</strong></span> <span class='ocrx_word' id='word_1_393' title='bbox 1491 202 1971 265; x_wconf 61' lang='lat' dir='ltr'><strong>CAESARIENSIS</strong></span> <span class='ocrx_word' id='word_1_394' title='bbox 2004 209 2154 262; x_wconf 76' lang='lat' dir='ltr'><strong>OPP.</strong></span> 
     </span>
    </p>
   </div>
   <div class='ocr_carea' id='block_1_56' title="bbox 2090 326 2138 382">
    <p class='ocr_par' dir='ltr' id='par_1_56' title="bbox 2090 326 2138 382">
     <span class='ocr_line' id='line_1_56' title="bbox 2090 326 2138 382; baseline 0 0"><span class='ocrx_word' id='word_1_395' title='bbox 2090 326 2138 382; x_wconf 77' lang='grc' dir='ltr'><strong>Α</strong></span> 
     </span>
    </p>
   </div>
   <div class='ocr_carea' id='block_1_57' title="bbox 2198 209 3058 274">
    <p class='ocr_par' dir='ltr' id='par_1_57' title="bbox 2198 209 3058 274">
     <span class='ocr_line' id='line_1_57' title="bbox 2198 209 3058 274; baseline 0.013 -12"><span class='ocrx_word' id='word_1_396' title='bbox 2198 209 2376 267; x_wconf 73' lang='lat' dir='ltr'><strong>PARS</strong></span> <span class='ocrx_word' id='word_1_397' title='bbox 2414 211 2502 268; x_wconf 87' lang='lat' dir='ltr'><strong>Ill.</strong></span> <span class='ocrx_word' id='word_1_398' title='bbox 2538 247 2608 256; x_wconf 89' lang='lat'><strong><em>—</em></strong></span> <span class='ocrx_word' id='word_1_399' title='bbox 2644 215 3058 274; x_wconf 77' lang='lat' dir='ltr'><strong>EXEGETICA.</strong></span> 
     </span>
    </p>
   </div>
   <div class='ocr_carea' id='block_1_58' title="bbox 2664 335 3203 391">
    <p class='ocr_par' dir='ltr' id='par_1_58' title="bbox 2664 335 3203 391">
     <span class='ocr_line' id='line_1_58' title="bbox 2664 335 3203 391; baseline 0.002 -4"><span class='ocrx_word' id='word_1_400' title='bbox 2664 335 3054 391; x_wconf 74' lang='grc' dir='ltr'><strong>ΚΕΦᾹΛΔΙΟΝ</strong></span> <span class='ocrx_word' id='word_1_401' title='bbox 3094 336 3203 389; x_wconf 75' lang='grc' dir='ltr'><strong>ΚΗ¹</strong></span> 
     </span>
    </p>
   </div>
   <div class='ocr_carea' id='block_1_59' title="bbox 2784 424 3123 479">
    <p class='ocr_par' dir='ltr' id='par_1_59' title="bbox 2784 424 3123 479">
     <span class='ocr_line' id='line_1_59' title="bbox 2784 424 3123 479; baseline -0.003 -1"><span class='ocrx_word' id='word_1_402' title='bbox 2784 424 2894 479; x_wconf 82' lang='grc' dir='ltr'><strong>Τοῦ</strong></span> <span class='ocrx_word' id='word_1_403' title='bbox 2919 424 3123 478; x_wconf 80' lang='grc' dir='ltr'>αὐτοῦ.</span> 
     </span>
    </p>
   </div>
   <div class='ocr_carea' id='block_1_60' title="bbox 3536 231 3634 288">
    <p class='ocr_par' dir='ltr' id='par_1_60' title="bbox 3536 231 3634 288">
     <span class='ocr_line' id='line_1_60' title="bbox 3536 231 3634 288; baseline 0.061 -6"><span class='ocrx_word' id='word_1_404' title='bbox 3536 231 3634 288; x_wconf 71' lang='grc'><strong>1158</strong></span> 
     </span>
    </p>
   </div>
   <div class='ocr_carea' id='block_1_61' title="bbox 2246 532 3647 608">
    <p class='ocr_par' dir='ltr' id='par_1_61' title="bbox 2246 532 3647 608">
     <span class='ocr_line' id='line_1_61' title="bbox 2246 532 3647 608; baseline 0.006 -24"><span class='ocrx_word' id='word_1_405' title='bbox 2246 552 2265 584; x_wconf 77' lang='grc' dir='ltr'><strong>ι</strong></span> <span class='ocrx_word' id='word_1_406' title='bbox 2310 532 2372 603; x_wconf 77' lang='grc' dir='ltr'><strong>(Γ.</strong></span> <span class='ocrx_word' id='word_1_407' title='bbox 2397 533 2487 605; x_wconf 67' lang='grc'><strong>54)</strong></span> <span class='ocrx_word' id='word_1_408' title='bbox 2526 536 2636 589; x_wconf 78' lang='grc' dir='ltr'><strong>Καὶ</strong></span> <span class='ocrx_word' id='word_1_409' title='bbox 2666 535 3002 603; x_wconf 74' lang='grc' dir='ltr'>ἐξελεύσεται</span> <span class='ocrx_word' id='word_1_410' title='bbox 3030 536 3253 608; x_wconf 80' lang='grc' dir='ltr'>Κύριος,</span> <span class='ocrx_word' id='word_1_411' title='bbox 3290 539 3378 591; x_wconf 76' lang='grc' dir='ltr'><strong>καὶ</strong></span> <span class='ocrx_word' id='word_1_412' title='bbox 3412 540 3647 607; x_wconf 67' lang='grc' dir='ltr'>παρατάξει</span> 
     </span>
    </p>
   </div>
   <div class='ocr_carea' id='block_1_62' title="bbox 2168 626 3648 703">
    <p class='ocr_par' dir='ltr' id='par_1_62' title="bbox 2168 626 3648 703">
     <span class='ocr_line' id='line_1_62' title="bbox 2168 626 3648 703; baseline 0.003 -22"><span class='ocrx_word' id='word_1_413' title='bbox 2168 644 2257 681; x_wconf 88' lang='grc' dir='ltr'><strong>ται</strong></span> <span class='ocrx_word' id='word_1_414' title='bbox 2288 627 2346 680; x_wconf 78' lang='grc' dir='ltr'>ὲν</span> <span class='ocrx_word' id='word_1_415' title='bbox 2374 630 2485 690; x_wconf 85' lang='grc' dir='ltr'>τοῖς</span> <span class='ocrx_word' id='word_1_416' title='bbox 2518 626 2725 682; x_wconf 76' lang='grc' dir='ltr'><strong>ἔθνεσιν</strong></span> <span class='ocrx_word' id='word_1_417' title='bbox 2748 628 2994 692; x_wconf 75' lang='grc' dir='ltr'>ἐκείνοις,</span> <span class='ocrx_word' id='word_1_418' title='bbox 3025 626 3206 693; x_wconf 80' lang='grc' dir='ltr'>καθὼς</span> <span class='ocrx_word' id='word_1_419' title='bbox 3231 628 3402 700; x_wconf 73' lang='grc' dir='ltr'>ἡμέρα</span> <span class='ocrx_word' id='word_1_420' title='bbox 3432 630 3648 703; x_wconf 79' lang='grc' dir='ltr'>πολέμου·</span> 
     </span>
    </p>
   </div>
   <div class='ocr_carea' id='block_1_63' title="bbox 2167 716 3651 793">
    <p class='ocr_par' dir='ltr' id='par_1_63' title="bbox 2167 716 3651 793">
     <span class='ocr_line' id='line_1_63' title="bbox 2167 716 3651 793; baseline 0.003 -22"><span class='ocrx_word' id='word_1_421' title='bbox 2167 717 2261 771; x_wconf 79' lang='grc' dir='ltr'>καὶ</span> <span class='ocrx_word' id='word_1_422' title='bbox 2310 716 2577 788; x_wconf 82' lang='grc' dir='ltr'>παρέσται</span> <span class='ocrx_word' id='word_1_423' title='bbox 2624 718 2826 793; x_wconf 82' lang='grc' dir='ltr'>Κύριος</span> <span class='ocrx_word' id='word_1_424' title='bbox 2855 720 2885 771; x_wconf 93' lang='grc' dir='ltr'><strong>ό</strong></span> <span class='ocrx_word' id='word_1_425' title='bbox 2928 718 3061 781; x_wconf 86' lang='grc' dir='ltr'>Θεός</span> <span class='ocrx_word' id='word_1_426' title='bbox 3112 735 3236 789; x_wconf 87' lang='grc' dir='ltr'>μου,</span> <span class='ocrx_word' id='word_1_427' title='bbox 3282 718 3371 772; x_wconf 79' lang='grc' dir='ltr'><strong>καὶ</strong></span> <span class='ocrx_word' id='word_1_428' title='bbox 3418 721 3579 785; x_wconf 75' lang='grc' dir='ltr'>πάντες</span> <span class='ocrx_word' id='word_1_429' title='bbox 3615 727 3651 777; x_wconf 84' lang='lat' dir='ltr'><strong>ol</strong></span> 
     </span>
    </p>
   </div>
   <div class='ocr_carea' id='block_1_64' title="bbox 2166 808 3655 888">
    <p class='ocr_par' dir='ltr' id='par_1_64' title="bbox 2166 808 3655 888">
     <span class='ocr_line' id='line_1_64' title="bbox 2166 808 3655 888; baseline 0.003 -24"><span class='ocrx_word' id='word_1_430' title='bbox 2166 809 2309 878; x_wconf 74' lang='grc' dir='ltr'>ἅγιοι</span> <span class='ocrx_word' id='word_1_431' title='bbox 2358 811 2478 879; x_wconf 83' lang='grc' dir='ltr'>μετ’</span> <span class='ocrx_word' id='word_1_432' title='bbox 2529 809 2715 866; x_wconf 78' lang='grc' dir='ltr'>αὐτοῦ.</span> <span class='ocrx_word' id='word_1_433' title='bbox 2745 808 2781 862; x_wconf 78' lang='grc' dir='ltr'><strong>ἰ</strong></span> <span class='ocrx_word' id='word_1_434' title='bbox 2830 811 2940 864; x_wconf 77' lang='grc' dir='ltr'><strong>Καὶ</strong></span> <span class='ocrx_word' id='word_1_435' title='bbox 2986 810 3159 865; x_wconf 80' lang='grc' dir='ltr'>ταῦτα</span> <span class='ocrx_word' id='word_1_436' title='bbox 3202 810 3519 878; x_wconf 77' lang='grc' dir='ltr'><strong>ὑπονοοῦντες</strong></span> <span class='ocrx_word' id='word_1_437' title='bbox 3558 818 3655 888; x_wconf 69' lang='grc' dir='ltr'>περὶ</span> 
     </span>
    </p>
   </div>
   <div class='ocr_carea' id='block_1_65' title="bbox 2164 899 3657 980">
    <p class='ocr_par' dir='ltr' id='par_1_65' title="bbox 2164 899 3657 980">
     <span class='ocr_line' id='line_1_65' title="bbox 2164 899 3657 980; baseline 0.004 -28"><span class='ocrx_word' id='word_1_438' title='bbox 2164 900 2262 971; x_wconf 86' lang='grc' dir='ltr'><strong>τῆς</strong></span> <span class='ocrx_word' id='word_1_439' title='bbox 2298 899 2557 971; x_wconf 79' lang='grc' dir='ltr'><strong>δευτέρας</strong></span> <span class='ocrx_word' id='word_1_440' title='bbox 2586 901 2838 966; x_wconf 80' lang='grc' dir='ltr'>λέγεσθαι</span> <span class='ocrx_word' id='word_1_441' title='bbox 2871 901 2962 956; x_wconf 82' lang='grc' dir='ltr'><strong>τοῦ</strong></span> <span class='ocrx_word' id='word_1_442' title='bbox 2994 901 3231 973; x_wconf 78' lang='grc' dir='ltr'><strong>Χριστοῦ</strong></span> <span class='ocrx_word' id='word_1_443' title='bbox 3274 905 3537 975; x_wconf 80' lang='grc' dir='ltr'>παρουσίας</span> <span class='ocrx_word' id='word_1_444' title='bbox 3562 907 3657 980; x_wconf 52' lang='lat' dir='ltr'><strong>{si}.</strong></span> 
     </span>
    </p>
   </div>
   <div class='ocr_carea' id='block_1_66' title="bbox 2167 991 2540 1064">
    <p class='ocr_par' dir='ltr' id='par_1_66' title="bbox 2167 991 2540 1064">
     <span class='ocr_line' id='line_1_66' title="bbox 2167 991 2540 1064; baseline 0.011 -20"><span class='ocrx_word' id='word_1_445' title='bbox 2167 991 2540 1064; x_wconf 82' lang='grc' dir='ltr'>μειωσάμεθα.</span> 
     </span>
    </p>
   </div>
   <div class='ocr_carea' id='block_1_67' title="bbox 2667 1083 3228 1141">
    <p class='ocr_par' dir='ltr' id='par_1_67' title="bbox 2667 1083 3228 1141">
     <span class='ocr_line' id='line_1_67' title="bbox 2667 1083 3228 1141; baseline 0 -2"><span class='ocrx_word' id='word_1_446' title='bbox 2667 1084 3059 1141; x_wconf 73' lang='grc' dir='ltr'><strong>ΚΕΦΑΛἉῙΟΝ</strong></span> <span class='ocrx_word' id='word_1_447' title='bbox 3097 1083 3228 1139; x_wconf 66' lang='lat' dir='ltr'><strong>KQ’.</strong></span> 
     </span>
    </p>
   </div>
   <div class='ocr_carea' id='block_1_68' title="bbox 2730 1176 3155 1248">
    <p class='ocr_par' dir='ltr' id='par_1_68' title="bbox 2730 1176 3155 1248">
     <span class='ocr_line' id='line_1_68' title="bbox 2730 1176 3155 1248; baseline 0.002 -17"><span class='ocrx_word' id='word_1_448' title='bbox 2730 1177 2843 1231; x_wconf 81' lang='grc' dir='ltr'><strong>Τοῦ</strong></span> <span class='ocrx_word' id='word_1_449' title='bbox 2874 1176 3155 1248; x_wconf 69' lang='grc' dir='ltr'><strong>ἀγγέλους</strong></span> 
     </span>
    </p>
   </div>
   <div class='ocr_carea' id='block_1_69' title="bbox 2242 1286 3663 1361">
    <p class='ocr_par' dir='ltr' id='par_1_69' title="bbox 2242 1286 3663 1361">
     <span class='ocr_line' id='line_1_69' title="bbox 2242 1286 3663 1361; baseline 0.004 -21"><span class='ocrx_word' id='word_1_450' title='bbox 2242 1306 2262 1339; x_wconf 78' lang='grc' dir='ltr'><strong>ι</strong></span> <span class='ocrx_word' id='word_1_451' title='bbox 2308 1286 2421 1341; x_wconf 80' lang='grc' dir='ltr'><strong>Οὐκ</strong></span> <span class='ocrx_word' id='word_1_452' title='bbox 2471 1287 2585 1342; x_wconf 74' lang='grc' dir='ltr'>ἔστι</span> <span class='ocrx_word' id='word_1_453' title='bbox 2635 1305 2735 1360; x_wconf 86' lang='grc' dir='ltr'><strong>μου</strong></span> <span class='ocrx_word' id='word_1_454' title='bbox 2783 1287 2996 1360; x_wconf 82' lang='grc' dir='ltr'>θέλημα</span> <span class='ocrx_word' id='word_1_455' title='bbox 3040 1290 3098 1342; x_wconf 80' lang='grc' dir='ltr'>ὲν</span> <span class='ocrx_word' id='word_1_456' title='bbox 3145 1291 3294 1361; x_wconf 78' lang='grc' dir='ltr'>ὑμῖν,</span> <span class='ocrx_word' id='word_1_457' title='bbox 3333 1290 3467 1359; x_wconf 80' lang='grc' dir='ltr'>λέγει</span> <span class='ocrx_word' id='word_1_458' title='bbox 3503 1290 3663 1361; x_wconf 78' lang='grc' dir='ltr'>Κύριος</span> 
     </span>
    </p>
   </div>
   <div class='ocr_carea' id='block_1_70' title="bbox 2164 1378 3658 1453">
    <p class='ocr_par' dir='ltr' id='par_1_70' title="bbox 2164 1378 3658 1453">
     <span class='ocr_line' id='line_1_70' title="bbox 2164 1378 3658 1453; baseline 0.003 -21"><span class='ocrx_word' id='word_1_459' title='bbox 2164 1378 2575 1452; x_wconf 79' lang='grc' dir='ltr'><strong>παντοκράτωρ,</strong></span> <span class='ocrx_word' id='word_1_460' title='bbox 2623 1381 2717 1434; x_wconf 79' lang='grc' dir='ltr'>καὶ</span> <span class='ocrx_word' id='word_1_461' title='bbox 2766 1379 2955 1434; x_wconf 82' lang='grc' dir='ltr'><strong>θυσίαν</strong></span> <span class='ocrx_word' id='word_1_462' title='bbox 2996 1381 3058 1434; x_wconf 81' lang='grc' dir='ltr'><strong>οὐ</strong></span> <span class='ocrx_word' id='word_1_463' title='bbox 3112 1380 3460 1453; x_wconf 75' lang='grc' dir='ltr'>προσδεξομαι</span> <span class='ocrx_word' id='word_1_464' title='bbox 3488 1383 3540 1436; x_wconf 77' lang='grc' dir='ltr'>ἐκ</span> <span class='ocrx_word' id='word_1_465' title='bbox 3574 1383 3658 1437; x_wconf 81' lang='grc' dir='ltr'>τῶν</span> 
     </span>
    </p>
   </div>
   <div class='ocr_carea' id='block_1_71' title="bbox 2163 1471 3655 1545">
    <p class='ocr_par' dir='ltr' id='par_1_71' title="bbox 2163 1471 3655 1545">
     <span class='ocr_line' id='line_1_71' title="bbox 2163 1471 3655 1545; baseline 0.001 -21"><span class='ocrx_word' id='word_1_466' title='bbox 2163 1472 2363 1543; x_wconf 84' lang='grc' dir='ltr'>χειρῶν</span> <span class='ocrx_word' id='word_1_467' title='bbox 2406 1472 2579 1545; x_wconf 83' lang='grc' dir='ltr'>ὑμῶν.</span> <span class='ocrx_word' id='word_1_468' title='bbox 2631 1473 2775 1526; x_wconf 85' lang='grc' dir='ltr'>Διότι</span> <span class='ocrx_word' id='word_1_469' title='bbox 2826 1471 2935 1527; x_wconf 77' lang='grc' dir='ltr'><strong>ἀπὸ</strong></span> <span class='ocrx_word' id='word_1_470' title='bbox 2975 1472 3250 1527; x_wconf 84' lang='grc' dir='ltr'>ἀνατολῶν</span> <span class='ocrx_word' id='word_1_471' title='bbox 3295 1473 3435 1545; x_wconf 77' lang='grc' dir='ltr'>ἡλίου</span> <span class='ocrx_word' id='word_1_472' title='bbox 3472 1474 3543 1528; x_wconf 80' lang='grc' dir='ltr'>καὶ</span> <span class='ocrx_word' id='word_1_473' title='bbox 3575 1476 3655 1537; x_wconf 76' lang='grc' dir='ltr'>ἕως</span> 
     </span>
    </p>
   </div>
   <div class='ocr_carea' id='block_1_72' title="bbox 2162 1563 3655 1638">
    <p class='ocr_par' dir='ltr' id='par_1_72' title="bbox 2162 1563 3655 1638">
     <span class='ocr_line' id='line_1_72' title="bbox 2162 1563 3655 1638; baseline 0.005 -21"><span class='ocrx_word' id='word_1_474' title='bbox 2162 1563 2381 1636; x_wconf 82' lang='grc' dir='ltr'>δυσμῶν</span> <span class='ocrx_word' id='word_1_475' title='bbox 2417 1564 2478 1618; x_wconf 80' lang='grc' dir='ltr'>τὸ</span> <span class='ocrx_word' id='word_1_476' title='bbox 2506 1564 2678 1637; x_wconf 81' lang='grc' dir='ltr'>όνομά</span> <span class='ocrx_word' id='word_1_477' title='bbox 2708 1583 2808 1638; x_wconf 86' lang='grc' dir='ltr'><strong>μου</strong></span> <span class='ocrx_word' id='word_1_478' title='bbox 2833 1565 3145 1633; x_wconf 78' lang='grc' dir='ltr'><strong>δεδόξασται</strong></span> <span class='ocrx_word' id='word_1_479' title='bbox 3173 1568 3231 1620; x_wconf 80' lang='grc' dir='ltr'>ὲν</span> <span class='ocrx_word' id='word_1_480' title='bbox 3272 1569 3381 1632; x_wconf 77' lang='grc' dir='ltr'>τοῖς</span> <span class='ocrx_word' id='word_1_481' title='bbox 3407 1567 3563 1637; x_wconf 76' lang='grc' dir='ltr'>ἔθνεσι,</span> <span class='ocrx_word' id='word_1_482' title='bbox 3582 1572 3655 1625; x_wconf 80' lang='grc' dir='ltr'>καὶ</span> 
     </span>
    </p>
   </div>
   <div class='ocr_carea' id='block_1_73' title="bbox 2162 1658 3660 1733">
    <p class='ocr_par' dir='ltr' id='par_1_73' title="bbox 2162 1658 3660 1733">
     <span class='ocr_line' id='line_1_73' title="bbox 2162 1658 3660 1733; baseline 0.003 -23"><span class='ocrx_word' id='word_1_483' title='bbox 2162 1659 2221 1711; x_wconf 75' lang='grc' dir='ltr'>ὲν</span> <span class='ocrx_word' id='word_1_484' title='bbox 2267 1658 2432 1713; x_wconf 82' lang='grc' dir='ltr'>παντὶ</span> <span class='ocrx_word' id='word_1_485' title='bbox 2477 1660 2626 1731; x_wconf 82' lang='grc' dir='ltr'>τόπῳ</span> <span class='ocrx_word' id='word_1_486' title='bbox 2673 1659 2923 1732; x_wconf 86' lang='grc' dir='ltr'>θυμίαμα</span> <span class='ocrx_word' id='word_1_487' title='bbox 2966 1661 3334 1733; x_wconf 81' lang='grc' dir='ltr'><strong>προσφέρεται</strong></span> <span class='ocrx_word' id='word_1_488' title='bbox 3380 1659 3451 1732; x_wconf 81' lang='grc' dir='ltr'><strong>τῷ</strong></span> <span class='ocrx_word' id='word_1_489' title='bbox 3490 1661 3660 1733; x_wconf 78' lang='grc' dir='ltr'>ὀνόματί</span> 
     </span>
    </p>
   </div>
   <div class='ocr_carea' id='block_1_74' title="bbox 2165 1746 3663 1821">
    <p class='ocr_par' dir='ltr' id='par_1_74' title="bbox 2165 1746 3663 1821">
     <span class='ocr_line' id='line_1_74' title="bbox 2165 1746 3663 1821; baseline 0 -20"><span class='ocrx_word' id='word_1_490' title='bbox 2165 1765 2287 1817; x_wconf 87' lang='grc' dir='ltr'>μου,</span> <span class='ocrx_word' id='word_1_491' title='bbox 2324 1747 2419 1801; x_wconf 81' lang='grc' dir='ltr'>καὶ</span> <span class='ocrx_word' id='word_1_492' title='bbox 2445 1746 2604 1802; x_wconf 87' lang='grc' dir='ltr'>θυσία</span> <span class='ocrx_word' id='word_1_493' title='bbox 2629 1748 2877 1821; x_wconf 83' lang='grc' dir='ltr'>καθαρά·</span> <span class='ocrx_word' id='word_1_494' title='bbox 2910 1748 3043 1803; x_wconf 83' lang='grc' dir='ltr'>διότι</span> <span class='ocrx_word' id='word_1_495' title='bbox 3077 1748 3225 1820; x_wconf 81' lang='grc' dir='ltr'>μέγα</span> <span class='ocrx_word' id='word_1_496' title='bbox 3254 1749 3315 1803; x_wconf 82' lang='grc' dir='ltr'>τὸ</span> <span class='ocrx_word' id='word_1_497' title='bbox 3340 1749 3493 1820; x_wconf 81' lang='grc' dir='ltr'>όνομά</span> <span class='ocrx_word' id='word_1_498' title='bbox 3523 1765 3602 1821; x_wconf 82' lang='grc' dir='ltr'><strong>μου</strong></span> <span class='ocrx_word' id='word_1_499' title='bbox 3619 1750 3663 1802; x_wconf 69' lang='grc' dir='ltr'>ἐν</span> 
     </span>
    </p>
   </div>
   <div class='ocr_carea' id='block_1_75' title="bbox 2160 1839 3665 1914">
    <p class='ocr_par' dir='ltr' id='par_1_75' title="bbox 2160 1839 3665 1914">
     <span class='ocr_line' id='line_1_75' title="bbox 2160 1839 3665 1914; baseline 0 -22"><span class='ocrx_word' id='word_1_500' title='bbox 2160 1843 2274 1904; x_wconf 87' lang='grc' dir='ltr'>τοῖς</span> <span class='ocrx_word' id='word_1_501' title='bbox 2316 1839 2511 1903; x_wconf 74' lang='grc' dir='ltr'>ἔθνεσι,</span> <span class='ocrx_word' id='word_1_502' title='bbox 2555 1839 2703 1909; x_wconf 80' lang='grc' dir='ltr'>λέγει</span> <span class='ocrx_word' id='word_1_503' title='bbox 2749 1840 2955 1912; x_wconf 81' lang='grc' dir='ltr'>Κύριος</span> <span class='ocrx_word' id='word_1_504' title='bbox 3004 1842 3423 1914; x_wconf 56' lang='grc' dir='ltr'><strong>πειντοιιράτιλορ⁶</strong></span> <span class='ocrx_word' id='word_1_505' title='bbox 3466 1841 3592 1911; x_wconf 72' lang='grc' dir='ltr'>ὑμεῖς</span> <span class='ocrx_word' id='word_1_506' title='bbox 3619 1839 3665 1892; x_wconf 68' lang='grc' dir='ltr'>ἃ</span> 
     </span>
    </p>
   </div>
   <div class='ocr_carea' id='block_1_76' title="bbox 2164 1932 3665 2007">
    <p class='ocr_par' dir='ltr' id='par_1_76' title="bbox 2164 1932 3665 2007">
     <span class='ocr_line' id='line_1_76' title="bbox 2164 1932 3665 2007; baseline 0 -20"><span class='ocrx_word' id='word_1_507' title='bbox 2164 1933 2453 2007; x_wconf 72' lang='grc' dir='ltr'>βεϐηλοῖνιε</span> <span class='ocrx_word' id='word_1_508' title='bbox 2498 1934 2651 1988; x_wconf 82' lang='grc' dir='ltr'>αὐτό.</span> <span class='ocrx_word' id='word_1_509' title='bbox 2688 1954 2708 1987; x_wconf 73' lang='grc' dir='ltr'><strong>ι</strong></span> <span class='ocrx_word' id='word_1_510' title='bbox 2753 1934 2967 2007; x_wconf 78' lang='grc' dir='ltr'>Ὠσπερ</span> <span class='ocrx_word' id='word_1_511' title='bbox 3007 1935 3133 2007; x_wconf 74' lang='grc' dir='ltr'>χεὶρ</span> <span class='ocrx_word' id='word_1_512' title='bbox 3162 1935 3259 1988; x_wconf 81' lang='grc' dir='ltr'>καὶ</span> <span class='ocrx_word' id='word_1_513' title='bbox 3292 1932 3431 2000; x_wconf 80' lang='grc' dir='ltr'>δεξιὰ</span> <span class='ocrx_word' id='word_1_514' title='bbox 3462 1934 3541 1988; x_wconf 73' lang='grc' dir='ltr'><strong>καὶ</strong></span> <span class='ocrx_word' id='word_1_515' title='bbox 3563 1932 3665 2005; x_wconf 76' lang='grc' dir='ltr'>βραο</span> 
     </span>
    </p>
   </div>
   <div class='ocr_carea' id='block_1_77' title="bbox 2162 2020 3666 2098">
    <p class='ocr_par' dir='ltr' id='par_1_77' title="bbox 2162 2020 3666 2098">
     <span class='ocr_line' id='line_1_77' title="bbox 2162 2020 3666 2098; baseline -0.004 -17"><span class='ocrx_word' id='word_1_516' title='bbox 2162 2027 2295 2098; x_wconf 76' lang='grc' dir='ltr'>κίων</span> <span class='ocrx_word' id='word_1_517' title='bbox 2331 2027 2427 2081; x_wconf 73' lang='grc' dir='ltr'>καὶ</span> <span class='ocrx_word' id='word_1_518' title='bbox 2452 2027 2678 2098; x_wconf 82' lang='grc' dir='ltr'>δύναμις</span> <span class='ocrx_word' id='word_1_519' title='bbox 2705 2025 2802 2080; x_wconf 79' lang='grc' dir='ltr'>τοῦ</span> <span class='ocrx_word' id='word_1_520' title='bbox 2829 2026 2966 2080; x_wconf 81' lang='grc' dir='ltr'>Θεοῦ</span> <span class='ocrx_word' id='word_1_521' title='bbox 3004 2025 3115 2079; x_wconf 84' lang='grc' dir='ltr'><strong>τῶν</strong></span> <span class='ocrx_word' id='word_1_522' title='bbox 3142 2024 3279 2079; x_wconf 76' lang='grc' dir='ltr'>ὅλων</span> <span class='ocrx_word' id='word_1_523' title='bbox 3306 2028 3334 2078; x_wconf 90' lang='grc' dir='ltr'><strong>ό</strong></span> <span class='ocrx_word' id='word_1_524' title='bbox 3368 2025 3518 2091; x_wconf 86' lang='grc' dir='ltr'>Λόγος</span> <span class='ocrx_word' id='word_1_525' title='bbox 3540 2020 3666 2075; x_wconf 79' lang='grc' dir='ltr'>αὑτοῦ</span> 
     </span>
    </p>
   </div>
   <div class='ocr_carea' id='block_1_78' title="bbox 2164 2112 3669 2188">
    <p class='ocr_par' dir='ltr' id='par_1_78' title="bbox 2164 2112 3669 2188">
     <span class='ocr_line' id='line_1_78' title="bbox 2164 2112 3669 2188; baseline -0.004 -16"><span class='ocrx_word' id='word_1_526' title='bbox 2164 2120 2224 2172; x_wconf 81' lang='grc' dir='ltr'>ὲν</span> <span class='ocrx_word' id='word_1_527' title='bbox 2256 2119 2377 2182; x_wconf 77' lang='grc' dir='ltr'>ταῖς</span> <span class='ocrx_word' id='word_1_528' title='bbox 2421 2117 2594 2182; x_wconf 79' lang='grc' dir='ltr'>θείαις</span> <span class='ocrx_word' id='word_1_529' title='bbox 2633 2116 2949 2188; x_wconf 83' lang='grc' dir='ltr'>ὠνόμασται</span> <span class='ocrx_word' id='word_1_530' title='bbox 2985 2116 3260 2188; x_wconf 73' lang='grc' dir='ltr'>Τραφαῖς,</span> <span class='ocrx_word' id='word_1_531' title='bbox 3302 2112 3462 2179; x_wconf 79' lang='grc' dir='ltr'>οὕτως</span> <span class='ocrx_word' id='word_1_532' title='bbox 3485 2115 3512 2166; x_wconf 87' lang='grc' dir='ltr'><strong>ό</strong></span> <span class='ocrx_word' id='word_1_533' title='bbox 3546 2112 3669 2174; x_wconf 74' lang='grc' dir='ltr'>αὐτὸς</span> 
     </span>
    </p>
   </div>
   <div class='ocr_carea' id='block_1_79' title="bbox 2165 2200 3669 2283">
    <p class='ocr_par' dir='ltr' id='par_1_79' title="bbox 2165 2200 3669 2283">
     <span class='ocr_line' id='line_1_79' title="bbox 2165 2200 3669 2283; baseline -0.005 -19"><span class='ocrx_word' id='word_1_534' title='bbox 2165 2210 2259 2265; x_wconf 79' lang='grc' dir='ltr'>καὶ</span> <span class='ocrx_word' id='word_1_535' title='bbox 2294 2211 2463 2283; x_wconf 71' lang='grc' dir='ltr'>ὄνομα</span> <span class='ocrx_word' id='word_1_536' title='bbox 2504 2208 2827 2282; x_wconf 80' lang='grc' dir='ltr'>χρηματίζει</span> <span class='ocrx_word' id='word_1_537' title='bbox 2865 2208 2957 2262; x_wconf 79' lang='grc' dir='ltr'>τοῦ</span> <span class='ocrx_word' id='word_1_538' title='bbox 2987 2207 3146 2262; x_wconf 79' lang='grc' dir='ltr'>Θεοῦ.</span> <span class='ocrx_word' id='word_1_539' title='bbox 3193 2200 3359 2262; x_wconf 77' lang='grc' dir='ltr'>Τοῦτο</span> <span class='ocrx_word' id='word_1_540' title='bbox 3382 2202 3467 2260; x_wconf 77' lang='grc' dir='ltr'>οὖν</span> <span class='ocrx_word' id='word_1_541' title='bbox 3489 2205 3542 2260; x_wconf 68' lang='grc' dir='ltr'>τί»</span> <span class='ocrx_word' id='word_1_542' title='bbox 3562 2204 3669 2258; x_wconf 73' lang='grc' dir='ltr'>θεῖον</span> 
     </span>
    </p>
   </div>
   <div class='ocr_carea' id='block_1_80' title="bbox 2165 2296 3670 2376">
    <p class='ocr_par' dir='ltr' id='par_1_80' title="bbox 2165 2296 3670 2376">
     <span class='ocr_line' id='line_1_80' title="bbox 2165 2296 3670 2376; baseline -0.003 -19"><span class='ocrx_word' id='word_1_543' title='bbox 2165 2303 2334 2376; x_wconf 77' lang='grc' dir='ltr'>ὄνομα</span> <span class='ocrx_word' id='word_1_544' title='bbox 2366 2303 2441 2368; x_wconf 86' lang='grc' dir='ltr'><strong>ὡς</strong></span> <span class='ocrx_word' id='word_1_545' title='bbox 2470 2321 2488 2353; x_wconf 81' lang='grc' dir='ltr'><strong>ι</strong></span> <span class='ocrx_word' id='word_1_546' title='bbox 2523 2302 2617 2356; x_wconf 80' lang='grc' dir='ltr'><strong>ἀπ’</strong></span> <span class='ocrx_word' id='word_1_547' title='bbox 2658 2299 2930 2357; x_wconf 82' lang='grc' dir='ltr'>ἀνατολῶν</span> <span class='ocrx_word' id='word_1_548' title='bbox 2968 2301 3120 2372; x_wconf 74' lang='grc' dir='ltr'>ἡλίου</span> <span class='ocrx_word' id='word_1_549' title='bbox 3157 2302 3252 2355; x_wconf 76' lang='grc' dir='ltr'>καὶ</span> <span class='ocrx_word' id='word_1_550' title='bbox 3275 2298 3479 2371; x_wconf 83' lang='grc' dir='ltr'>δυσμῶν</span> <span class='ocrx_word' id='word_1_551' title='bbox 3507 2296 3670 2363; x_wconf 75' lang='grc' dir='ltr'>δεδόξα-</span> 
     </span>
    </p>
   </div>
   <div class='ocr_carea' id='block_1_81' title="bbox 2169 2385 3670 2465">
    <p class='ocr_par' dir='ltr' id='par_1_81' title="bbox 2169 2385 3670 2465">
     <span class='ocr_line' id='line_1_81' title="bbox 2169 2385 3670 2465; baseline -0.007 -14"><span class='ocrx_word' id='word_1_552' title='bbox 2169 2414 2288 2451; x_wconf 92' lang='grc' dir='ltr'>σται</span> <span class='ocrx_word' id='word_1_553' title='bbox 2326 2398 2386 2450; x_wconf 70' lang='grc' dir='ltr'>ιν</span> <span class='ocrx_word' id='word_1_554' title='bbox 2414 2399 2525 2460; x_wconf 85' lang='grc' dir='ltr'>τοῖς</span> <span class='ocrx_word' id='word_1_555' title='bbox 2552 2394 2779 2459; x_wconf 73' lang='grc' dir='ltr'>ἔθνεσιν,</span> <span class='ocrx_word' id='word_1_556' title='bbox 2811 2413 2831 2446; x_wconf 75' lang='grc' dir='ltr'><strong>ι</strong></span> <span class='ocrx_word' id='word_1_557' title='bbox 2873 2393 3035 2447; x_wconf 86' lang='grc' dir='ltr'>παντί</span> <span class='ocrx_word' id='word_1_558' title='bbox 3075 2410 3156 2463; x_wconf 84' lang='grc' dir='ltr'><strong>τῳ</strong></span> <span class='ocrx_word' id='word_1_559' title='bbox 3199 2391 3451 2465; x_wconf 76' lang='grc' dir='ltr'>πρόδηλον</span> <span class='ocrx_word' id='word_1_560' title='bbox 3474 2387 3565 2444; x_wconf 76' lang='grc' dir='ltr'>ἀπὸ</span> <span class='ocrx_word' id='word_1_561' title='bbox 3588 2385 3670 2441; x_wconf 74' lang='grc' dir='ltr'><strong>τῶν</strong></span> 
     </span>
    </p>
   </div>
   <div class='ocr_carea' id='block_1_82' title="bbox 2163 2478 3668 2560">
    <p class='ocr_par' dir='ltr' id='par_1_82' title="bbox 2163 2478 3668 2560">
     <span class='ocr_line' id='line_1_82' title="bbox 2163 2478 3668 2560; baseline -0.007 -17"><span class='ocrx_word' id='word_1_562' title='bbox 2163 2488 2468 2560; x_wconf 85' lang='grc' dir='ltr'>πανταχόσε</span> <span class='ocrx_word' id='word_1_563' title='bbox 2526 2487 2971 2559; x_wconf 80' lang='grc' dir='ltr'>χρηματιζόντων</span> <span class='ocrx_word' id='word_1_564' title='bbox 3020 2485 3169 2541; x_wconf 81' lang='grc' dir='ltr'>κατὰ</span> <span class='ocrx_word' id='word_1_565' title='bbox 3210 2486 3308 2557; x_wconf 77' lang='grc' dir='ltr'>τὴν</span> <span class='ocrx_word' id='word_1_566' title='bbox 3356 2484 3443 2537; x_wconf 82' lang='grc' dir='ltr'>τοῦ</span> <span class='ocrx_word' id='word_1_567' title='bbox 3484 2478 3668 2553; x_wconf 83' lang='grc' dir='ltr'>Χριστοῦ</span> 
     </span>
    </p>
   </div>
   <div class='ocr_carea' id='block_1_83' title="bbox 2162 2570 3670 2652">
    <p class='ocr_par' dir='ltr' id='par_1_83' title="bbox 2162 2570 3670 2652">
     <span class='ocr_line' id='line_1_83' title="bbox 2162 2570 3670 2652; baseline -0.007 -19"><span class='ocrx_word' id='word_1_568' title='bbox 2162 2580 2533 2652; x_wconf 82' lang='grc' dir='ltr'>προσηγορίαν</span> <span class='ocrx_word' id='word_1_569' title='bbox 2551 2597 2563 2610; x_wconf 88' lang='grc'><strong>·</strong></span> <span class='ocrx_word' id='word_1_570' title='bbox 2596 2580 2645 2634; x_wconf 76' lang='grc' dir='ltr'><strong>οἳ</strong></span> <span class='ocrx_word' id='word_1_571' title='bbox 2673 2580 2766 2632; x_wconf 78' lang='grc' dir='ltr'>καὶ</span> <span class='ocrx_word' id='word_1_572' title='bbox 2786 2579 2844 2632; x_wconf 83' lang='grc' dir='ltr'>ὲν</span> <span class='ocrx_word' id='word_1_573' title='bbox 2871 2578 3035 2632; x_wconf 74' lang='grc' dir='ltr'>παντὶ</span> <span class='ocrx_word' id='word_1_574' title='bbox 3063 2578 3218 2648; x_wconf 84' lang='grc' dir='ltr'>τόπῳ</span> <span class='ocrx_word' id='word_1_575' title='bbox 3244 2573 3578 2646; x_wconf 76' lang='grc' dir='ltr'>πνευματικὸν</span> <span class='ocrx_word' id='word_1_576' title='bbox 3600 2570 3670 2623; x_wconf 83' lang='grc' dir='ltr'>θν-</span> 
     </span>
    </p>
   </div>
   <div class='ocr_carea' id='block_1_84' title="bbox 2165 2665 3670 2748">
    <p class='ocr_par' dir='ltr' id='par_1_84' title="bbox 2165 2665 3670 2748">
     <span class='ocr_line' id='line_1_84' title="bbox 2165 2665 3670 2748; baseline -0.007 -19"><span class='ocrx_word' id='word_1_577' title='bbox 2165 2676 2345 2747; x_wconf 84' lang='grc' dir='ltr'>μίαμα</span> <span class='ocrx_word' id='word_1_578' title='bbox 2377 2675 2471 2729; x_wconf 73' lang='grc' dir='ltr'>καὶ</span> <span class='ocrx_word' id='word_1_579' title='bbox 2514 2674 2611 2748; x_wconf 74' lang='grc' dir='ltr'>τὴν</span> <span class='ocrx_word' id='word_1_580' title='bbox 2653 2673 2720 2727; x_wconf 80' lang='grc' dir='ltr'><strong>δι’</strong></span> <span class='ocrx_word' id='word_1_581' title='bbox 2755 2672 2930 2744; x_wconf 77' lang='grc' dir='ltr'>εὐχῶν</span> <span class='ocrx_word' id='word_1_582' title='bbox 2971 2670 3219 2742; x_wconf 75' lang='grc' dir='ltr'>καθαρὰν</span> <span class='ocrx_word' id='word_1_583' title='bbox 3259 2668 3351 2724; x_wconf 72' lang='grc' dir='ltr'>καὶ</span> <span class='ocrx_word' id='word_1_584' title='bbox 3396 2665 3670 2738; x_wconf 77' lang='grc' dir='ltr'>ἀναίμακτον</span> 
     </span>
    </p>
   </div>
   <div class='ocr_carea' id='block_1_85' title="bbox 2162 2756 3668 2838">
    <p class='ocr_par' dir='ltr' id='par_1_85' title="bbox 2162 2756 3668 2838">
     <span class='ocr_line' id='line_1_85' title="bbox 2162 2756 3668 2838; baseline -0.01 -13"><span class='ocrx_word' id='word_1_585' title='bbox 2162 2772 2256 2826; x_wconf 77' lang='grc' dir='ltr'>καὶ</span> <span class='ocrx_word' id='word_1_586' title='bbox 2282 2767 2505 2838; x_wconf 77' lang='grc' dir='ltr'>λογικὴν</span> <span class='ocrx_word' id='word_1_587' title='bbox 2532 2766 2721 2820; x_wconf 83' lang='grc' dir='ltr'>θυσίαν</span> <span class='ocrx_word' id='word_1_588' title='bbox 2746 2764 2835 2818; x_wconf 82' lang='grc' dir='ltr'>διὰ</span> <span class='ocrx_word' id='word_1_589' title='bbox 2858 2761 2952 2817; x_wconf 78' lang='grc' dir='ltr'><strong>τοῦ</strong></span> <span class='ocrx_word' id='word_1_590' title='bbox 2976 2762 3099 2817; x_wconf 71' lang='grc' dir='ltr'>κατ’</span> <span class='ocrx_word' id='word_1_591' title='bbox 3134 2760 3390 2833; x_wconf 83' lang='grc' dir='ltr'>ἀλήθειαν</span> <span class='ocrx_word' id='word_1_592' title='bbox 3427 2756 3668 2830; x_wconf 78' lang='grc' dir='ltr'>ἀρχιερέως</span> 
     </span>
    </p>
   </div>
   <div class='ocr_carea' id='block_1_86' title="bbox 2161 2848 3669 2935">
    <p class='ocr_par' dir='ltr' id='par_1_86' title="bbox 2161 2848 3669 2935">
     <span class='ocr_line' id='line_1_86' title="bbox 2161 2848 3669 2935; baseline -0.01 -19"><span class='ocrx_word' id='word_1_593' title='bbox 2161 2863 2495 2935; x_wconf 84' lang='grc' dir='ltr'>προσάγουσι</span> <span class='ocrx_word' id='word_1_594' title='bbox 2519 2858 2597 2930; x_wconf 82' lang='grc' dir='ltr'>τῷ</span> <span class='ocrx_word' id='word_1_595' title='bbox 2624 2856 2768 2929; x_wconf 77' lang='grc' dir='ltr'><strong>Θεῷο</strong></span> <span class='ocrx_word' id='word_1_596' title='bbox 2798 2857 3002 2911; x_wconf 86' lang='grc' dir='ltr'>τούτων</span> <span class='ocrx_word' id='word_1_597' title='bbox 3030 2854 3089 2909; x_wconf 77' lang='grc' dir='ltr'>δὲ</span> <span class='ocrx_word' id='word_1_598' title='bbox 3135 2853 3323 2908; x_wconf 80' lang='grc' dir='ltr'>τοῦτον</span> <span class='ocrx_word' id='word_1_599' title='bbox 3364 2848 3669 2924; x_wconf 77' lang='grc' dir='ltr'>λατρευόντων</span> 
     </span>
    </p>
   </div>
   <div class='ocr_carea' id='block_1_87' title="bbox 2159 2940 3665 3027">
    <p class='ocr_par' dir='ltr' id='par_1_87' title="bbox 2159 2940 3665 3027">
     <span class='ocr_line' id='line_1_87' title="bbox 2159 2940 3665 3027; baseline -0.011 -18"><span class='ocrx_word' id='word_1_600' title='bbox 2159 2955 2252 3010; x_wconf 77' lang='grc' dir='ltr'><strong>τὸν</strong></span> <span class='ocrx_word' id='word_1_601' title='bbox 2281 2954 2501 3027; x_wconf 88' lang='grc' dir='ltr'>τρόπον,</span> <span class='ocrx_word' id='word_1_602' title='bbox 2535 2952 2635 3015; x_wconf 79' lang='grc' dir='ltr'>τὰς</span> <span class='ocrx_word' id='word_1_603' title='bbox 2670 2948 2990 3020; x_wconf 78' lang='grc' dir='ltr'>σωματικὰς</span> <span class='ocrx_word' id='word_1_604' title='bbox 3028 2946 3124 3002; x_wconf 78' lang='grc' dir='ltr'>τοῦ</span> <span class='ocrx_word' id='word_1_605' title='bbox 3167 2945 3426 3019; x_wconf 79' lang='grc' dir='ltr'>προτέρου</span> <span class='ocrx_word' id='word_1_606' title='bbox 3465 2941 3572 2996; x_wconf 74' lang='grc' dir='ltr'>λαοῦ</span> <span class='ocrx_word' id='word_1_607' title='bbox 3600 2940 3665 2993; x_wconf 84' lang='grc' dir='ltr'>θν-</span> 
     </span>
    </p>
   </div>
   <div class='ocr_carea' id='block_1_88' title="bbox 2163 3029 3667 3114">
    <p class='ocr_par' dir='ltr' id='par_1_88' title="bbox 2163 3029 3667 3114">
     <span class='ocr_line' id='line_1_88' title="bbox 2163 3029 3667 3114; baseline -0.01 -13"><span class='ocrx_word' id='word_1_608' title='bbox 2163 3047 2283 3112; x_wconf 88' lang='grc' dir='ltr'>σίας</span> <span class='ocrx_word' id='word_1_609' title='bbox 2314 3041 2832 3114; x_wconf 79' lang='grc' dir='ltr'>ἀποστραφήσεσθαί</span> <span class='ocrx_word' id='word_1_610' title='bbox 2866 3056 3029 3112; x_wconf 86' lang='grc' dir='ltr'>φησιν</span> <span class='ocrx_word' id='word_1_611' title='bbox 3071 3040 3101 3092; x_wconf 87' lang='grc' dir='ltr'><strong>ό</strong></span> <span class='ocrx_word' id='word_1_612' title='bbox 3129 3038 3296 3103; x_wconf 83' lang='grc' dir='ltr'>Θεός·</span> <span class='ocrx_word' id='word_1_613' title='bbox 3328 3034 3418 3091; x_wconf 82' lang='grc' dir='ltr'>καὶ</span> <span class='ocrx_word' id='word_1_614' title='bbox 3448 3034 3506 3105; x_wconf 82' lang='grc' dir='ltr'>δὴ</span> <span class='ocrx_word' id='word_1_615' title='bbox 3541 3029 3667 3099; x_wconf 56' lang='lat' dir='ltr'><strong>mai:</strong></span> 
     </span>
    </p>
   </div>
   <div class='ocr_carea' id='block_1_89' title="bbox 2159 3121 3667 3206">
    <p class='ocr_par' dir='ltr' id='par_1_89' title="bbox 2159 3121 3667 3206">
     <span class='ocr_line' id='line_1_89' title="bbox 2159 3121 3667 3206; baseline -0.013 -16"><span class='ocrx_word' id='word_1_616' title='bbox 2159 3135 2275 3199; x_wconf 84' lang='grc' dir='ltr'>πῶς</span> <span class='ocrx_word' id='word_1_617' title='bbox 2309 3133 2448 3206; x_wconf 80' lang='grc' dir='ltr'>μετὰ</span> <span class='ocrx_word' id='word_1_618' title='bbox 2470 3133 2569 3205; x_wconf 81' lang='grc' dir='ltr'>τὴν</span> <span class='ocrx_word' id='word_1_619' title='bbox 2598 3131 2691 3185; x_wconf 79' lang='grc' dir='ltr'>τοῦ</span> <span class='ocrx_word' id='word_1_620' title='bbox 2713 3128 2948 3202; x_wconf 82' lang='grc' dir='ltr'>Χριστοῦ</span> <span class='ocrx_word' id='word_1_621' title='bbox 2977 3126 3280 3200; x_wconf 85' lang='grc' dir='ltr'>παρουσίαν</span> <span class='ocrx_word' id='word_1_622' title='bbox 3304 3125 3418 3179; x_wconf 78' lang='grc' dir='ltr'>κατ’</span> <span class='ocrx_word' id='word_1_623' title='bbox 3441 3121 3667 3193; x_wconf 68' lang='grc' dir='ltr'>ἀμφότερα</span> 
     </span>
    </p>
   </div>
   <div class='ocr_carea' id='block_1_90' title="bbox 2157 3209 3666 3297">
    <p class='ocr_par' dir='ltr' id='par_1_90' title="bbox 2157 3209 3666 3297">
     <span class='ocr_line' id='line_1_90' title="bbox 2157 3209 3666 3297; baseline -0.009 -18"><span class='ocrx_word' id='word_1_624' title='bbox 2157 3225 2331 3297; x_wconf 79' lang='grc' dir='ltr'>πέρας</span> <span class='ocrx_word' id='word_1_625' title='bbox 2344 3222 2563 3294; x_wconf 77' lang='grc' dir='ltr'>εἴληφεν</span> <span class='ocrx_word' id='word_1_626' title='bbox 2593 3224 2626 3293; x_wconf 83' lang='grc' dir='ltr'>ἡ</span> <span class='ocrx_word' id='word_1_627' title='bbox 2651 3220 2981 3293; x_wconf 66' lang='grc' dir='ltr'><strong>προφητεία⁸</strong></span> <span class='ocrx_word' id='word_1_628' title='bbox 3006 3219 3148 3274; x_wconf 84' lang='grc' dir='ltr'>κατά</span> <span class='ocrx_word' id='word_1_629' title='bbox 3163 3235 3225 3272; x_wconf 84' lang='grc' dir='ltr'><strong>τε</strong></span> <span class='ocrx_word' id='word_1_630' title='bbox 3244 3216 3342 3289; x_wconf 82' lang='grc' dir='ltr'>τὴν</span> <span class='ocrx_word' id='word_1_631' title='bbox 3359 3216 3430 3288; x_wconf 73' lang='lat'><strong>(3)</strong></span> <span class='ocrx_word' id='word_1_632' title='bbox 3457 3209 3666 3286; x_wconf 76' lang='grc' dir='ltr'>προτέρω</span> 
     </span>
    </p>
   </div>
   <div class='ocr_carea' id='block_1_91' title="bbox 2155 3303 3667 3386">
    <p class='ocr_par' dir='ltr' id='par_1_91' title="bbox 2155 3303 3667 3386">
     <span class='ocr_line' id='line_1_91' title="bbox 2155 3303 3667 3386; baseline -0.009 -16"><span class='ocrx_word' id='word_1_633' title='bbox 2155 3315 2285 3370; x_wconf 79' lang='grc' dir='ltr'>λαοῦ</span> <span class='ocrx_word' id='word_1_634' title='bbox 2315 3314 2603 3386; x_wconf 75' lang='grc' dir='ltr'>ἀποϐολὴν,</span> <span class='ocrx_word' id='word_1_635' title='bbox 2639 3313 2754 3384; x_wconf 69' lang='grc' dir='ltr'>ἅμα</span> <span class='ocrx_word' id='word_1_636' title='bbox 2783 3330 2843 3366; x_wconf 90' lang='grc' dir='ltr'><strong>τε</strong></span> <span class='ocrx_word' id='word_1_637' title='bbox 2882 3311 3140 3383; x_wconf 83' lang='grc' dir='ltr'>ἀρθείσης</span> <span class='ocrx_word' id='word_1_638' title='bbox 3167 3309 3229 3376; x_wconf 68' lang='lat' dir='ltr'><strong>se</strong></span> <span class='ocrx_word' id='word_1_639' title='bbox 3254 3309 3427 3365; x_wconf 84' lang='grc' dir='ltr'>αὐτῶν</span> <span class='ocrx_word' id='word_1_640' title='bbox 3459 3305 3581 3363; x_wconf 80' lang='grc' dir='ltr'>κατὰ</span> <span class='ocrx_word' id='word_1_641' title='bbox 3599 3303 3667 3357; x_wconf 79' lang='grc' dir='ltr'>τὸν</span> 
     </span>
    </p>
   </div>
   <div class='ocr_carea' id='block_1_92' title="bbox 2155 3394 3667 3478">
    <p class='ocr_par' dir='ltr' id='par_1_92' title="bbox 2155 3394 3667 3478">
     <span class='ocr_line' id='line_1_92' title="bbox 2155 3394 3667 3478; baseline -0.007 -18"><span class='ocrx_word' id='word_1_642' title='bbox 2155 3406 2354 3478; x_wconf 76' lang='grc' dir='ltr'>Δανιὴλ</span> <span class='ocrx_word' id='word_1_643' title='bbox 2383 3405 2574 3469; x_wconf 88' lang='grc' dir='ltr'>θυσίας</span> <span class='ocrx_word' id='word_1_644' title='bbox 2602 3405 2696 3459; x_wconf 73' lang='grc' dir='ltr'><strong>καὶ</strong></span> <span class='ocrx_word' id='word_1_645' title='bbox 2734 3402 2986 3473; x_wconf 81' lang='grc' dir='ltr'>σπονδῆς,</span> <span class='ocrx_word' id='word_1_646' title='bbox 3017 3402 3113 3457; x_wconf 77' lang='grc' dir='ltr'>καὶ</span> <span class='ocrx_word' id='word_1_647' title='bbox 3137 3400 3281 3457; x_wconf 82' lang='grc' dir='ltr'>κατὰ</span> <span class='ocrx_word' id='word_1_648' title='bbox 3304 3399 3399 3472; x_wconf 76' lang='grc' dir='ltr'>τὴν</span> <span class='ocrx_word' id='word_1_649' title='bbox 3426 3398 3524 3453; x_wconf 83' lang='grc' dir='ltr'><strong>τῶν</strong></span> <span class='ocrx_word' id='word_1_650' title='bbox 3541 3394 3667 3451; x_wconf 73' lang='grc' dir='ltr'>ἐθνῶν</span> 
     </span>
    </p>
   </div>
   <div class='ocr_carea' id='block_1_93' title="bbox 2157 3494 3210 3566">
    <p class='ocr_par' dir='ltr' id='par_1_93' title="bbox 2157 3494 3210 3566">
     <span class='ocr_line' id='line_1_93' title="bbox 2157 3494 3210 3566; baseline -0.006 -13"><span class='ocrx_word' id='word_1_651' title='bbox 2157 3500 2249 3554; x_wconf 71' lang='grc' dir='ltr'><strong>ἐπὶ</strong></span> <span class='ocrx_word' id='word_1_652' title='bbox 2271 3499 2360 3552; x_wconf 76' lang='grc' dir='ltr'>τὸν</span> <span class='ocrx_word' id='word_1_653' title='bbox 2387 3497 2496 3551; x_wconf 84' lang='grc' dir='ltr'>τῶν</span> <span class='ocrx_word' id='word_1_654' title='bbox 2527 3495 2663 3550; x_wconf 83' lang='grc' dir='ltr'>ὅλων</span> <span class='ocrx_word' id='word_1_655' title='bbox 2691 3495 2822 3549; x_wconf 80' lang='grc' dir='ltr'>Θεὸν</span> <span class='ocrx_word' id='word_1_656' title='bbox 2851 3494 3210 3566; x_wconf 73' lang='grc' dir='ltr'>ἐπιστροφήν.</span> 
     </span>
    </p>
   </div>
   <div class='ocr_carea' id='block_1_94' title="bbox 2680 3602 3189 3658">
    <p class='ocr_par' dir='ltr' id='par_1_94' title="bbox 2680 3602 3189 3658">
     <span class='ocr_line' id='line_1_94' title="bbox 2680 3602 3189 3658; baseline 0 0"><span class='ocrx_word' id='word_1_657' title='bbox 2680 3602 3075 3658; x_wconf 79' lang='grc' dir='ltr'><strong>ΚΕΦΑΛΑΙΟΝ</strong></span> <span class='ocrx_word' id='word_1_658' title='bbox 3106 3603 3189 3658; x_wconf 87' lang='grc' dir='ltr'><strong>Λ’.</strong></span> 
     </span>
    </p>
   </div>
   <div class='ocr_carea' id='block_1_95' title="bbox 2772 3695 3108 3753">
    <p class='ocr_par' dir='ltr' id='par_1_95' title="bbox 2772 3695 3108 3753">
     <span class='ocr_line' id='line_1_95' title="bbox 2772 3695 3108 3753; baseline -0.009 0"><span class='ocrx_word' id='word_1_659' title='bbox 2772 3698 2882 3753; x_wconf 84' lang='grc' dir='ltr'><strong>Τοῦ</strong></span> <span class='ocrx_word' id='word_1_660' title='bbox 2902 3695 3108 3752; x_wconf 80' lang='grc' dir='ltr'>αὐτοῦ.</span> 
     </span>
    </p>
   </div>
   <div class='ocr_carea' id='block_1_96' title="bbox 2229 3796 3666 3888">
    <p class='ocr_par' dir='ltr' id='par_1_96' title="bbox 2229 3796 3666 3888">
     <span class='ocr_line' id='line_1_96' title="bbox 2229 3796 3666 3888; baseline -0.011 -18"><span class='ocrx_word' id='word_1_661' title='bbox 2229 3838 2248 3870; x_wconf 75' lang='grc' dir='ltr'><strong>ι</strong></span> <span class='ocrx_word' id='word_1_662' title='bbox 2301 3818 2366 3872; x_wconf 82' lang='grc' dir='ltr'><strong>Ἦ</strong></span> <span class='ocrx_word' id='word_1_663' title='bbox 2396 3814 2625 3888; x_wconf 84' lang='grc' dir='ltr'>διαθήκη</span> <span class='ocrx_word' id='word_1_664' title='bbox 2659 3809 2725 3885; x_wconf 79' lang='grc' dir='ltr'>ἦν</span> <span class='ocrx_word' id='word_1_665' title='bbox 2779 3813 2897 3884; x_wconf 82' lang='grc' dir='ltr'>μετ’</span> <span class='ocrx_word' id='word_1_666' title='bbox 2941 3808 3106 3864; x_wconf 78' lang='grc' dir='ltr'>αὐτοῦ</span> <span class='ocrx_word' id='word_1_667' title='bbox 3162 3808 3265 3879; x_wconf 75' lang='grc' dir='ltr'><strong>τῆς</strong></span> <span class='ocrx_word' id='word_1_668' title='bbox 3309 3805 3448 3878; x_wconf 80' lang='grc' dir='ltr'>ζωῆς</span> <span class='ocrx_word' id='word_1_669' title='bbox 3473 3802 3553 3857; x_wconf 78' lang='grc' dir='ltr'><strong>καὶ</strong></span> <span class='ocrx_word' id='word_1_670' title='bbox 3591 3796 3666 3861; x_wconf 65' lang='lat' dir='ltr'><strong>si;</strong></span> 
     </span>
    </p>
   </div>
   <div class='ocr_carea' id='block_1_97' title="bbox 2153 3889 3664 3985">
    <p class='ocr_par' dir='ltr' id='par_1_97' title="bbox 2153 3889 3664 3985">
     <span class='ocr_line' id='line_1_97' title="bbox 2153 3889 3664 3985; baseline -0.019 -18"><span class='ocrx_word' id='word_1_671' title='bbox 2153 3913 2397 3985; x_wconf 77' lang='grc' dir='ltr'>εἰρήνης,</span> <span class='ocrx_word' id='word_1_672' title='bbox 2445 3909 2541 3964; x_wconf 82' lang='grc' dir='ltr'>καὶ</span> <span class='ocrx_word' id='word_1_673' title='bbox 2594 3907 2768 3960; x_wconf 75' lang='grc' dir='ltr'>ἔδωκα</span> <span class='ocrx_word' id='word_1_674' title='bbox 2799 3903 2948 3975; x_wconf 77' lang='grc' dir='ltr'><strong>αὑτῷ</strong></span> <span class='ocrx_word' id='word_1_675' title='bbox 2995 3902 3145 3974; x_wconf 77' lang='grc' dir='ltr'>φόϐῳ</span> <span class='ocrx_word' id='word_1_676' title='bbox 3178 3897 3450 3974; x_wconf 71' lang='grc' dir='ltr'>φοϐεῖσθαί</span> <span class='ocrx_word' id='word_1_677' title='bbox 3490 3911 3563 3968; x_wconf 78' lang='grc' dir='ltr'><strong>με,</strong></span> 
     </span>
    </p>
   </div>
   <div class='ocr_carea' id='block_1_98' title="bbox 2153 3980 3663 4078">
    <p class='ocr_par' dir='ltr' id='par_1_98' title="bbox 2153 3980 3663 4078">
     <span class='ocr_line' id='line_1_98' title="bbox 2153 3980 3663 4078; baseline -0.014 -18"><span class='ocrx_word' id='word_1_678' title='bbox 2153 3980 2274 4061; x_wconf 28' lang='grc' dir='ltr'><strong>ἀπὸ*</strong></span> <span class='ocrx_word' id='word_1_679' title='bbox 2292 3980 2582 4078; x_wconf 80' lang='grc' dir='ltr'>προσώπου</span> <span class='ocrx_word' id='word_1_680' title='bbox 2612 3998 2873 4072; x_wconf 83' lang='grc' dir='ltr'>ὀνόματός</span> <span class='ocrx_word' id='word_1_681' title='bbox 2922 4012 3022 4068; x_wconf 87' lang='grc' dir='ltr'><strong>μου</strong></span> <span class='ocrx_word' id='word_1_682' title='bbox 3058 3993 3373 4049; x_wconf 83' lang='grc' dir='ltr'>στέλλεσθαι</span> <span class='ocrx_word' id='word_1_683' title='bbox 3402 3986 3561 4045; x_wconf 77' lang='grc' dir='ltr'>αὐτόν.</span> 
     </span>
    </p>
   </div>
   <div class='ocr_carea' id='block_1_99' title="bbox 2155 4073 3663 4170">
    <p class='ocr_par' dir='ltr' id='par_1_99' title="bbox 2155 4073 3663 4170">
     <span class='ocr_line' id='line_1_99' title="bbox 2155 4073 3663 4170; baseline -0.014 -18"><span class='ocrx_word' id='word_1_684' title='bbox 2155 4115 2254 4170; x_wconf 85' lang='grc' dir='ltr'><strong>μος</strong></span> <span class='ocrx_word' id='word_1_685' title='bbox 2278 4073 2532 4167; x_wconf 52' lang='grc' dir='ltr'>ἀληθείας</span> <span class='ocrx_word' id='word_1_686' title='bbox 2556 4089 2624 4167; x_wconf 76' lang='grc' dir='ltr'>ἦν</span> <span class='ocrx_word' id='word_1_687' title='bbox 2654 4093 2712 4145; x_wconf 82' lang='grc' dir='ltr'>ὲν</span> <span class='ocrx_word' id='word_1_688' title='bbox 2739 4090 2816 4162; x_wconf 84' lang='grc' dir='ltr'>τῷ</span> <span class='ocrx_word' id='word_1_689' title='bbox 2842 4089 3067 4160; x_wconf 82' lang='grc' dir='ltr'>στόματι</span> <span class='ocrx_word' id='word_1_690' title='bbox 3096 4084 3285 4153; x_wconf 79' lang='grc' dir='ltr'>αὑτοῦ,</span> <span class='ocrx_word' id='word_1_691' title='bbox 3312 4084 3403 4141; x_wconf 80' lang='grc' dir='ltr'>καὶ</span> <span class='ocrx_word' id='word_1_692' title='bbox 3422 4077 3581 4170; x_wconf 76' lang='grc' dir='ltr'>ἀδικία</span> <span class='ocrx_word' id='word_1_693' title='bbox 3590 4073 3663 4142; x_wconf 73' lang='grc' dir='ltr'>οὐχ</span> 
     </span>
    </p>
   </div>
   <div class='ocr_carea' id='block_1_100' title="bbox 2152 4168 3664 4260">
    <p class='ocr_par' dir='ltr' id='par_1_100' title="bbox 2152 4168 3664 4260">
     <span class='ocr_line' id='line_1_100' title="bbox 2152 4168 3664 4260; baseline -0.014 -18"><span class='ocrx_word' id='word_1_694' title='bbox 2152 4168 2348 4260; x_wconf 78' lang='grc' dir='ltr'>εὑρέθη</span> <span class='ocrx_word' id='word_1_695' title='bbox 2379 4189 2436 4240; x_wconf 79' lang='grc' dir='ltr'>ὲν</span> <span class='ocrx_word' id='word_1_696' title='bbox 2459 4183 2693 4256; x_wconf 86' lang='grc' dir='ltr'>χείλεσιν</span> <span class='ocrx_word' id='word_1_697' title='bbox 2716 4178 2903 4234; x_wconf 78' lang='grc' dir='ltr'>αὑτοῦ·</span> <span class='ocrx_word' id='word_1_698' title='bbox 2927 4180 2985 4232; x_wconf 82' lang='grc' dir='ltr'>ὲν</span> <span class='ocrx_word' id='word_1_699' title='bbox 3011 4178 3203 4250; x_wconf 76' lang='grc' dir='ltr'>εἰρήνῃ</span> <span class='ocrx_word' id='word_1_700' title='bbox 3234 4168 3664 4260; x_wconf 81' lang='grc' dir='ltr'>κατευθύνων</span> 
     </span>
    </p>
   </div>
   <div class='ocr_carea' id='block_1_101' title="bbox 2154 4254 3660 4352">
    <p class='ocr_par' dir='ltr' id='par_1_101' title="bbox 2154 4254 3660 4352">
     <span class='ocr_line' id='line_1_101' title="bbox 2154 4254 3660 4352; baseline -0.014 -19"><span class='ocrx_word' id='word_1_701' title='bbox 2154 4254 2347 4352; x_wconf 54' lang='grc' dir='ltr'>ρεόθη</span> <span class='ocrx_word' id='word_1_702' title='bbox 2365 4254 2492 4347; x_wconf 45' lang='lat' dir='ltr'><strong>ne?</strong></span> <span class='ocrx_word' id='word_1_703' title='bbox 2520 4272 2679 4346; x_wconf 71' lang='grc' dir='ltr'>ἐμοῦ,</span> <span class='ocrx_word' id='word_1_704' title='bbox 2711 4273 2804 4327; x_wconf 78' lang='grc' dir='ltr'>καὶ</span> <span class='ocrx_word' id='word_1_705' title='bbox 2844 4269 3071 4334; x_wconf 78' lang='grc' dir='ltr'>πολλοὺς</span> <span class='ocrx_word' id='word_1_706' title='bbox 3098 4265 3427 4340; x_wconf 72' lang='grc' dir='ltr'>ἐπέστρεψεν</span> <span class='ocrx_word' id='word_1_707' title='bbox 3452 4259 3544 4316; x_wconf 78' lang='grc' dir='ltr'><strong>ἀπὸ</strong></span> <span class='ocrx_word' id='word_1_708' title='bbox 3573 4254 3660 4352; x_wconf 46' lang='lat' dir='ltr'><strong>ﬁt-</strong></span> 
     </span>
    </p>
   </div>
   <div class='ocr_carea' id='block_1_102' title="bbox 2152 4348 3661 4439">
    <p class='ocr_par' dir='ltr' id='par_1_102' title="bbox 2152 4348 3661 4439">
     <span class='ocr_line' id='line_1_102' title="bbox 2152 4348 3661 4439; baseline -0.015 -14"><span class='ocrx_word' id='word_1_709' title='bbox 2152 4348 2294 4435; x_wconf 74' lang='grc' dir='ltr'>κίας.</span> <span class='ocrx_word' id='word_1_710' title='bbox 2314 4348 2446 4423; x_wconf 11' lang='grc' dir='ltr'>*Ὅτι</span> <span class='ocrx_word' id='word_1_711' title='bbox 2483 4367 2635 4439; x_wconf 80' lang='grc' dir='ltr'>χείλη</span> <span class='ocrx_word' id='word_1_712' title='bbox 2662 4365 2855 4439; x_wconf 72' lang='grc' dir='ltr'>ἱερέως</span> <span class='ocrx_word' id='word_1_713' title='bbox 2878 4360 3172 4433; x_wconf 81' lang='grc' dir='ltr'>φυλάξεται</span> <span class='ocrx_word' id='word_1_714' title='bbox 3199 4359 3414 4430; x_wconf 84' lang='grc' dir='ltr'>γνῶσιν,</span> <span class='ocrx_word' id='word_1_715' title='bbox 3434 4352 3515 4408; x_wconf 73' lang='grc' dir='ltr'><strong>καὶ</strong></span> <span class='ocrx_word' id='word_1_716' title='bbox 3536 4348 3661 4418; x_wconf 77' lang='grc' dir='ltr'>νόμον</span> 
     </span>
    </p>
   </div>
   <div class='ocr_carea' id='block_1_103' title="bbox 2150 4440 3657 4532">
    <p class='ocr_par' dir='ltr' id='par_1_103' title="bbox 2150 4440 3657 4532">
     <span class='ocr_line' id='line_1_103' title="bbox 2150 4440 3657 4532; baseline -0.005 -16"><span class='ocrx_word' id='word_1_717' title='bbox 2150 4462 2539 4532; x_wconf 76' lang='grc' dir='ltr'>ὲκζητήσουσιν</span> <span class='ocrx_word' id='word_1_718' title='bbox 2564 4460 2629 4512; x_wconf 72' lang='grc' dir='ltr'>ὲκ</span> <span class='ocrx_word' id='word_1_719' title='bbox 2649 4457 2917 4529; x_wconf 88' lang='grc' dir='ltr'>στόματος</span> <span class='ocrx_word' id='word_1_720' title='bbox 2943 4453 3130 4515; x_wconf 80' lang='grc' dir='ltr'>αὐτοῦ,</span> <span class='ocrx_word' id='word_1_721' title='bbox 3160 4454 3243 4508; x_wconf 80' lang='grc' dir='ltr'>ὅτι</span> <span class='ocrx_word' id='word_1_722' title='bbox 3269 4448 3481 4520; x_wconf 73' lang='grc' dir='ltr'>ἄγγελος</span> <span class='ocrx_word' id='word_1_723' title='bbox 3498 4440 3657 4513; x_wconf 76' lang='grc' dir='ltr'><strong>Κυρίου</strong></span> 
     </span>
    </p>
   </div>
   <div class='ocr_carea' id='block_1_104' title="bbox 2150 4533 3658 4625">
    <p class='ocr_par' dir='ltr' id='par_1_104' title="bbox 2150 4533 3658 4625">
     <span class='ocr_line' id='line_1_104' title="bbox 2150 4533 3658 4625; baseline -0.015 -16"><span class='ocrx_word' id='word_1_724' title='bbox 2150 4551 2585 4625; x_wconf 81' lang='grc' dir='ltr'>παντοκράτορός</span> <span class='ocrx_word' id='word_1_725' title='bbox 2612 4552 2781 4604; x_wconf 77' lang='grc' dir='ltr'>ἐστιν.</span> <span class='ocrx_word' id='word_1_726' title='bbox 2815 4569 2833 4602; x_wconf 77' lang='grc' dir='ltr'><strong>ι</strong></span> <span class='ocrx_word' id='word_1_727' title='bbox 2864 4547 2975 4602; x_wconf 70' lang='grc' dir='ltr'><strong>Καὶ</strong></span> <span class='ocrx_word' id='word_1_728' title='bbox 3002 4545 3156 4600; x_wconf 77' lang='grc' dir='ltr'><strong>ταῦθ’</strong></span> <span class='ocrx_word' id='word_1_729' title='bbox 3182 4542 3435 4617; x_wconf 74' lang='grc' dir='ltr'>ἁρμόζειν</span> <span class='ocrx_word' id='word_1_730' title='bbox 3464 4533 3658 4625; x_wconf 57' lang='lat' dir='ltr'><strong>(amittit-</strong></span> 
     </span>
    </p>
   </div>
   <div class='ocr_carea' id='block_1_105' title="bbox 2148 4622 3653 4728">
    <p class='ocr_par' dir='ltr' id='par_1_105' title="bbox 2148 4622 3653 4728">
     <span class='ocr_line' id='line_1_105' title="bbox 2148 4622 3653 4728; baseline 0.011 -23"><span class='ocrx_word' id='word_1_731' title='bbox 2148 4622 2400 4714; x_wconf 78' lang='grc' dir='ltr'>δάνοντες</span> <span class='ocrx_word' id='word_1_732' title='bbox 2421 4622 2542 4712; x_wconf 69' lang='grc' dir='ltr'>ταίς</span> <span class='ocrx_word' id='word_1_733' title='bbox 2567 4647 2694 4720; x_wconf 80' lang='grc' dir='ltr'>περὶ</span> <span class='ocrx_word' id='word_1_734' title='bbox 2723 4641 2960 4717; x_wconf 83' lang='grc' dir='ltr'>Χριστοῦ</span> <span class='ocrx_word' id='word_1_735' title='bbox 2993 4638 3316 4713; x_wconf 64' lang='grc' dir='ltr'><strong>μαρτυρίαις</strong></span> <span class='ocrx_word' id='word_1_736' title='bbox 3344 4622 3653 4728; x_wconf 51' lang='grc' dir='ltr'><strong>ἐκτεθείμεθαξ</strong></span> 
     </span>
    </p>
   </div>
   <div class='ocr_carea' id='block_1_106' title="bbox 2146 4715 3642 4816">
    <p class='ocr_par' dir='ltr' id='par_1_106' title="bbox 2146 4715 3642 4816">
     <span class='ocr_line' id='line_1_106' title="bbox 2146 4715 3642 4816; baseline -0.021 -16"><span class='ocrx_word' id='word_1_737' title='bbox 2146 4745 2180 4816; x_wconf 78' lang='grc' dir='ltr'>ἦ</span> <span class='ocrx_word' id='word_1_738' title='bbox 2209 4760 2271 4797; x_wconf 90' lang='grc' dir='ltr'><strong>τε</strong></span> <span class='ocrx_word' id='word_1_739' title='bbox 2298 4741 2406 4814; x_wconf 82' lang='grc' dir='ltr'><strong>γὰρ</strong></span> <span class='ocrx_word' id='word_1_740' title='bbox 2436 4715 2666 4812; x_wconf 79' lang='grc' dir='ltr'>διαθήκη</span> <span class='ocrx_word' id='word_1_741' title='bbox 2825 4734 2971 4806; x_wconf 78' lang='grc' dir='ltr'>ζωῆς</span> <span class='ocrx_word' id='word_1_742' title='bbox 3004 4732 3098 4786; x_wconf 74' lang='grc' dir='ltr'>καὶ</span> <span class='ocrx_word' id='word_1_743' title='bbox 3128 4730 3227 4801; x_wconf 83' lang='grc' dir='ltr'>τῆς</span> <span class='ocrx_word' id='word_1_744' title='bbox 3246 4727 3455 4816; x_wconf 73' lang='grc' dir='ltr'>εἰρήνης</span> <span class='ocrx_word' id='word_1_745' title='bbox 3484 4715 3542 4816; x_wconf 56' lang='grc' dir='ltr'><strong>ην</strong></span> 
     </span>
    </p>
   </div>
   <div class='ocr_carea' id='block_1_107' title="bbox 2149 4805 3652 4899">
    <p class='ocr_par' dir='ltr' id='par_1_107' title="bbox 2149 4805 3652 4899">
     <span class='ocr_line' id='line_1_107' title="bbox 2149 4805 3652 4899; baseline -0.019 -9"><span class='ocrx_word' id='word_1_746' title='bbox 2149 4805 2337 4899; x_wconf 39' lang='grc' dir='ltr'>αὐτοῦ’,</span> <span class='ocrx_word' id='word_1_747' title='bbox 2361 4805 2433 4886; x_wconf 75' lang='grc' dir='ltr'>’τό</span> <span class='ocrx_word' id='word_1_748' title='bbox 2475 4847 2536 4884; x_wconf 90' lang='grc' dir='ltr'><strong>τε</strong></span> <span class='ocrx_word' id='word_1_749' title='bbox 2571 4805 2664 4883; x_wconf 65' lang='grc' dir='ltr'><strong>τοθ</strong></span> <span class='ocrx_word' id='word_1_750' title='bbox 2712 4805 2877 4897; x_wconf 80' lang='grc' dir='ltr'>φόϐου</span> <span class='ocrx_word' id='word_1_751' title='bbox 2911 4820 3131 4893; x_wconf 80' lang='grc' dir='ltr'>πνεῦμα</span> <span class='ocrx_word' id='word_1_752' title='bbox 3166 4817 3303 4892; x_wconf 84' lang='grc' dir='ltr'>μετὰ</span> <span class='ocrx_word' id='word_1_753' title='bbox 3338 4810 3542 4870; x_wconf 78' lang='grc' dir='ltr'>καὶτῶν</span> 
     </span>
    </p>
   </div>
   <div class='ocr_carea' id='block_1_108' title="bbox 2150 4897 3650 4981">
    <p class='ocr_par' dir='ltr' id='par_1_108' title="bbox 2150 4897 3650 4981">
     <span class='ocr_line' id='line_1_108' title="bbox 2150 4897 3650 4981; baseline -0.021 2"><span class='ocrx_word' id='word_1_754' title='bbox 2150 4926 2269 4981; x_wconf 88' lang='grc' dir='ltr'><strong>πῶν</strong></span> <span class='ocrx_word' id='word_1_755' title='bbox 2301 4897 2388 4979; x_wconf 74' lang='grc' dir='ltr'><strong>ἐπ’</strong></span> <span class='ocrx_word' id='word_1_756' title='bbox 2420 4923 2583 4978; x_wconf 81' lang='grc' dir='ltr'>αὐτὸν</span> <span class='ocrx_word' id='word_1_757' title='bbox 2614 4917 2957 4976; x_wconf 81' lang='grc' dir='ltr'>ἀνεπαύσατο</span> <span class='ocrx_word' id='word_1_758' title='bbox 2987 4913 3127 4969; x_wconf 79' lang='grc' dir='ltr'>κατά</span> <span class='ocrx_word' id='word_1_759' title='bbox 3151 4912 3230 4976; x_wconf 78' lang='grc' dir='ltr'>τὸ,</span> <span class='ocrx_word' id='word_1_760' title='bbox 3261 4929 3281 4962; x_wconf 80' lang='grc' dir='ltr'><strong>ι</strong></span> <span class='ocrx_word' id='word_1_761' title='bbox 3306 4907 3410 4962; x_wconf 67' lang='grc' dir='ltr'><strong>Καὶ</strong></span> <span class='ocrx_word' id='word_1_762' title='bbox 3436 4897 3650 4973; x_wconf 72' lang='grc' dir='ltr'>ἐμπλήσει</span> 
     </span>
    </p>
   </div>
   <div class='ocr_carea' id='block_1_109' title="bbox 2118 4989 3645 5088">
    <p class='ocr_par' dir='ltr' id='par_1_109' title="bbox 2118 4989 3645 5088">
     <span class='ocr_line' id='line_1_109' title="bbox 2118 4989 3645 5088; baseline -0.018 -13"><span class='ocrx_word' id='word_1_763' title='bbox 2118 5005 2310 5074; x_wconf 66' lang='grc' dir='ltr'>ἀὑτὸν</span> <span class='ocrx_word' id='word_1_764' title='bbox 2342 5014 2560 5088; x_wconf 83' lang='grc' dir='ltr'>πνεῦμα</span> <span class='ocrx_word' id='word_1_765' title='bbox 2608 5012 2772 5082; x_wconf 77' lang='grc' dir='ltr'>φόϐου</span> <span class='ocrx_word' id='word_1_766' title='bbox 2809 5007 2967 5069; x_wconf 82' lang='grc' dir='ltr'>Θεοῦ,</span> <span class='ocrx_word' id='word_1_767' title='bbox 3006 5027 3025 5061; x_wconf 69' lang='grc' dir='ltr'><strong>ο</strong></span> <span class='ocrx_word' id='word_1_768' title='bbox 3056 5005 3343 5076; x_wconf 82' lang='grc' dir='ltr'>λεγόμενον</span> <span class='ocrx_word' id='word_1_769' title='bbox 3378 5000 3431 5051; x_wconf 75' lang='grc' dir='ltr'>ἐν</span> <span class='ocrx_word' id='word_1_770' title='bbox 3471 4989 3645 5088; x_wconf 37' lang='grc' dir='ltr'><strong>’Παῖς</strong></span> 
     </span>
    </p>
   </div>
   <div class='ocr_carea' id='block_1_110' title="bbox 2147 5075 3647 5177">
    <p class='ocr_par' dir='ltr' id='par_1_110' title="bbox 2147 5075 3647 5177">
     <span class='ocr_line' id='line_1_110' title="bbox 2147 5075 3647 5177; baseline -0.021 -10"><span class='ocrx_word' id='word_1_771' title='bbox 2147 5111 2306 5166; x_wconf 79' lang='grc' dir='ltr'>τοῦτο</span> <span class='ocrx_word' id='word_1_772' title='bbox 2336 5110 2393 5164; x_wconf 80' lang='grc' dir='ltr'>δὲ</span> <span class='ocrx_word' id='word_1_773' title='bbox 2420 5075 2516 5163; x_wconf 61' lang='lat' dir='ltr'><strong>xuii</strong></span> <span class='ocrx_word' id='word_1_774' title='bbox 2544 5109 2573 5161; x_wconf 72' lang='grc' dir='ltr'>δ</span> <span class='ocrx_word' id='word_1_775' title='bbox 2598 5075 2697 5177; x_wconf 77' lang='grc' dir='ltr'>τῆς</span> <span class='ocrx_word' id='word_1_776' title='bbox 2726 5102 2980 5175; x_wconf 78' lang='grc' dir='ltr'><strong>ἀληθείας</strong></span> <span class='ocrx_word' id='word_1_777' title='bbox 3010 5100 3192 5171; x_wconf 82' lang='grc' dir='ltr'>νόμος,</span> <span class='ocrx_word' id='word_1_778' title='bbox 3217 5096 3335 5166; x_wconf 72' lang='grc' dir='ltr'>οὐχὶ</span> <span class='ocrx_word' id='word_1_779' title='bbox 3358 5092 3410 5146; x_wconf 75' lang='grc' dir='ltr'>δὲ</span> <span class='ocrx_word' id='word_1_780' title='bbox 3427 5091 3454 5143; x_wconf 89' lang='grc' dir='ltr'><strong>ό</strong></span> <span class='ocrx_word' id='word_1_781' title='bbox 3473 5075 3647 5177; x_wconf 57' lang='lat' dir='ltr'><strong>mea:</strong></span> 
     </span>
    </p>
   </div>
   <div class='ocr_carea' id='block_1_111' title="bbox 2143 5175 3645 5275">
    <p class='ocr_par' dir='ltr' id='par_1_111' title="bbox 2143 5175 3645 5275">
     <span class='ocr_line' id='line_1_111' title="bbox 2143 5175 3645 5275; baseline 0.002 -25"><span class='ocrx_word' id='word_1_782' title='bbox 2143 5206 2201 5259; x_wconf 75' lang='grc' dir='ltr'>ὲν</span> <span class='ocrx_word' id='word_1_783' title='bbox 2229 5203 2308 5275; x_wconf 80' lang='grc' dir='ltr'>τῷ</span> <span class='ocrx_word' id='word_1_784' title='bbox 2342 5202 2568 5273; x_wconf 83' lang='grc' dir='ltr'>στόματι</span> <span class='ocrx_word' id='word_1_785' title='bbox 2722 5198 2817 5251; x_wconf 77' lang='grc' dir='ltr'>καὶ</span> <span class='ocrx_word' id='word_1_786' title='bbox 2840 5195 3019 5249; x_wconf 83' lang='grc' dir='ltr'>ἀδικία</span> <span class='ocrx_word' id='word_1_787' title='bbox 3049 5194 3148 5263; x_wconf 82' lang='grc' dir='ltr'>οὐχ</span> <span class='ocrx_word' id='word_1_788' title='bbox 3179 5187 3369 5263; x_wconf 79' lang='grc' dir='ltr'>εὑρέθη</span> <span class='ocrx_word' id='word_1_789' title='bbox 3392 5186 3445 5275; x_wconf 54' lang='grc' dir='ltr'>εγ</span> <span class='ocrx_word' id='word_1_790' title='bbox 3465 5175 3645 5275; x_wconf 64' lang='grc' dir='ltr'>χξίλεξίν</span> 
     </span>
    </p>
   </div>
   <div class='ocr_carea' id='block_1_112' title="bbox 2142 5259 3642 5359">
    <p class='ocr_par' dir='ltr' id='par_1_112' title="bbox 2142 5259 3642 5359">
     <span class='ocr_line' id='line_1_112' title="bbox 2142 5259 3642 5359; baseline -0.015 -10"><span class='ocrx_word' id='word_1_791' title='bbox 2142 5259 2325 5349; x_wconf 55' lang='grc' dir='ltr'>αὑτοίῖο</span> <span class='ocrx_word' id='word_1_792' title='bbox 2359 5259 2501 5345; x_wconf 72' lang='grc' dir='ltr'>κατὰ</span> <span class='ocrx_word' id='word_1_793' title='bbox 2538 5259 2645 5359; x_wconf 73' lang='grc' dir='ltr'><strong>γὰρ</strong></span> <span class='ocrx_word' id='word_1_794' title='bbox 2675 5259 2778 5338; x_wconf 68' lang='grc' dir='ltr'><strong>⁷τὸν</strong></span> <span class='ocrx_word' id='word_1_795' title='bbox 2817 5284 3045 5337; x_wconf 74' lang='grc' dir='ltr'>Ἡσαΐαν</span> <span class='ocrx_word' id='word_1_796' title='bbox 3074 5259 3339 5352; x_wconf 73' lang='grc' dir='ltr'>ἁμαρτίαν</span> <span class='ocrx_word' id='word_1_797' title='bbox 3378 5272 3467 5359; x_wconf 41' lang='lat' dir='ltr'><strong>aiax</strong></span> <span class='ocrx_word' id='word_1_798' title='bbox 3499 5259 3642 5326; x_wconf 65' lang='grc' dir='ltr'><strong>ἐποιη-</strong></span> 
     </span>
    </p>
   </div>
   <div class='ocr_carea' id='block_1_113' title="bbox 2145 5357 3640 5453">
    <p class='ocr_par' dir='ltr' id='par_1_113' title="bbox 2145 5357 3640 5453">
     <span class='ocr_line' id='line_1_113' title="bbox 2145 5357 3640 5453; baseline -0.019 -13"><span class='ocrx_word' id='word_1_799' title='bbox 2145 5403 2256 5450; x_wconf 83' lang='grc' dir='ltr'>σεν,</span> <span class='ocrx_word' id='word_1_800' title='bbox 2282 5384 2402 5437; x_wconf 71' lang='grc' dir='ltr'>οὐδὲ</span> <span class='ocrx_word' id='word_1_801' title='bbox 2429 5379 2625 5453; x_wconf 79' lang='grc' dir='ltr'>εὑρέθη</span> <span class='ocrx_word' id='word_1_802' title='bbox 2646 5377 2794 5440; x_wconf 77' lang='grc' dir='ltr'>δόλος</span> <span class='ocrx_word' id='word_1_803' title='bbox 2822 5376 2878 5429; x_wconf 77' lang='grc' dir='ltr'>ἐν</span> <span class='ocrx_word' id='word_1_804' title='bbox 2908 5374 3139 5445; x_wconf 74' lang='grc' dir='ltr'>χείλεσιν</span> <span class='ocrx_word' id='word_1_805' title='bbox 3170 5367 3347 5425; x_wconf 79' lang='grc' dir='ltr'>αὐτοῦ·</span> <span class='ocrx_word' id='word_1_806' title='bbox 3374 5357 3453 5418; x_wconf 80' lang='grc' dir='ltr'><strong>οἶα</strong></span> <span class='ocrx_word' id='word_1_807' title='bbox 3477 5358 3526 5414; x_wconf 81' lang='grc' dir='ltr'>δὲ</span> <span class='ocrx_word' id='word_1_808' title='bbox 3552 5364 3640 5405; x_wconf 70' lang='grc' dir='ltr'>τυν-</span> 
     </span>
    </p>
   </div>
   <div class='ocr_carea' id='block_1_114' title="bbox 542 5536 2055 5621">
    <p class='ocr_par' dir='ltr' id='par_1_114' title="bbox 542 5550 2055 5621">
     <span class='ocr_line' id='line_1_114' title="bbox 542 5550 2055 5621; baseline 0 -17"><span class='ocrx_word' id='word_1_809' title='bbox 542 5552 589 5585; x_wconf 82' lang='lat'>&quot;</span> <span class='ocrx_word' id='word_1_810' title='bbox 620 5552 787 5607; x_wconf 86' lang='lat' dir='ltr'><strong>Zach.</strong></span> <span class='ocrx_word' id='word_1_811' title='bbox 819 5569 929 5620; x_wconf 77' lang='lat' dir='ltr'><strong>xw,</strong></span> <span class='ocrx_word' id='word_1_812' title='bbox 956 5553 989 5607; x_wconf 76' lang='grc'>5</span> <span class='ocrx_word' id='word_1_813' title='bbox 1014 5593 1030 5617; x_wconf 93' lang='grc'><strong>,</strong></span> <span class='ocrx_word' id='word_1_814' title='bbox 1080 5554 1131 5607; x_wconf 66' lang='lat' dir='ltr'><strong>Ei.</strong></span> <span class='ocrx_word' id='word_1_815' title='bbox 1207 5552 1252 5584; x_wconf 80' lang='lat'>”</span> <span class='ocrx_word' id='word_1_816' title='bbox 1286 5553 1516 5610; x_wconf 79' lang='lat' dir='ltr'><strong>Malach.</strong></span> <span class='ocrx_word' id='word_1_817' title='bbox 1560 5569 1610 5621; x_wconf 88' lang='lat'><strong>1,</strong></span> <span class='ocrx_word' id='word_1_818' title='bbox 1663 5552 1852 5608; x_wconf 70' lang='lat' dir='ltr'><strong>Ill—12.</strong></span> <span class='ocrx_word' id='word_1_819' title='bbox 1929 5552 1973 5585; x_wconf 75' lang='lat'><strong>“</strong></span> <span class='ocrx_word' id='word_1_820' title='bbox 2007 5550 2055 5605; x_wconf 76' lang='grc' dir='ltr'>Μ</span> 
     </span>
    </p>
   </div>
   <div class='ocr_carea' id='block_1_115' title="bbox 2156 5536 2907 5621">
    <p class='ocr_par' dir='ltr' id='par_1_115' title="bbox 2156 5536 2907 5612">
     <span class='ocr_line' id='line_1_115' title="bbox 2156 5536 2907 5612; baseline -0.015 -11"><span class='ocrx_word' id='word_1_821' title='bbox 2156 5547 2301 5612; x_wconf 72' lang='lat'><strong>1:11.11,</strong></span> <span class='ocrx_word' id='word_1_822' title='bbox 2334 5544 2447 5599; x_wconf 65' lang='grc' dir='ltr'>δεῖ.</span> <span class='ocrx_word' id='word_1_823' title='bbox 2523 5541 2568 5574; x_wconf 81' lang='grc'><strong>⁸⁵</strong></span> <span class='ocrx_word' id='word_1_824' title='bbox 2601 5538 2705 5594; x_wconf 83' lang='lat' dir='ltr'><strong>lsa.</strong></span> <span class='ocrx_word' id='word_1_825' title='bbox 2741 5553 2812 5604; x_wconf 70' lang='grc' dir='ltr'><strong>ιι,</strong></span> <span class='ocrx_word' id='word_1_826' title='bbox 2855 5536 2907 5591; x_wconf 80' lang='grc'><strong>5.</strong></span> 
     </span>
    </p>
   </div>
   <div class='ocr_carea' id='block_1_116' title="bbox 544 5647 1343 5722">
    <p class='ocr_par' dir='ltr' id='par_1_116' title="bbox 544 5647 1343 5722">
     <span class='ocr_line' id='line_1_116' title="bbox 544 5647 1343 5722; baseline 0.001 -19"><span class='ocrx_word' id='word_1_827' title='bbox 544 5650 621 5722; x_wconf 60' lang='grc' dir='ltr'><strong>(ὃ)</strong></span> <span class='ocrx_word' id='word_1_828' title='bbox 664 5647 1009 5703; x_wconf 84' lang='lat' dir='ltr'><strong>Dcsideratur</strong></span> <span class='ocrx_word' id='word_1_829' title='bbox 1045 5649 1156 5703; x_wconf 79' lang='grc' dir='ltr'><strong>τοῦ.</strong></span> <span class='ocrx_word' id='word_1_830' title='bbox 1188 5648 1343 5705; x_wconf 73' lang='lat' dir='ltr'><strong>Enn.</strong></span> 
     </span>
    </p>
   </div>
  </div>
