3936 6206
283 231 402 285 1157

1263 226 1559 282 ECLOGA}
1602 225 2074 284 PROPIIE'IICXE.
2114 260 2178 268 —
2225 228 2354 283 LIB.
2397 229 2489 285 Ill.

3371 232 3510 287 "-38

283 351 345 402 ὼν
377 351 448 422 τῇ,
493 348 728 417 πατρικῇ
777 345 1002 417 δυνάμει
1041 364 1058 395 ι
1099 347 1155 399 ἐν
1197 349 1387 421 εἰρήνῃ
1433 349 1774 402 κατευθύνων
1815 369 1832 400 ι

1952 350 2128 404 multis
2156 365 2345 404 eorum
2371 351 2462 420 qui
2491 350 2644 419 prius
2689 349 2856 404 Deum
2897 347 3223 418 ignorabant
3261 346 3328 401 ad
3378 363 3510 401 con-

283 440 554 514 ὲπορεύετο
594 439 709 510 μετ’
740 438 926 502 αὑτοῦ,
961 439 1187 502 πολλοὺς
1225 440 1333 493 τῶν
1379 441 1543 494 πάλαι
1575 442 1666 495 τὸν
1708 442 1839 494 Θεὸν

286 534 347 604 μὴ
373 533 588 585 εἰδότων
626 533 706 594 εἰς
740 530 1072 601 ἐπιστροφὴν
1098 531 1264 599 ἄγων·
1291 535 1422 604 παρ’
1448 533 1610 587 αὑτοῦ
1633 534 1710 598 δὲ,
1743 534 1838 588 ἅτε

284 627 563 696 ἀρχιερέως
587 623 737 686 ὄντος
761 623 854 675 καὶ
873 623 971 694 τὴν
1007 624 1128 694 περὶ
1160 625 1374 678 πάντων
1402 625 1461 690 (f.
1489 626 1557 680 54
1586 628 1660 697 v°)
1697 627 1838 696 γνῶ-

284 736 354 769 σιν
388 717 855 785 διαφυλάττοντος,
899 716 988 769 τὸν
1024 716 1164 770 θεῖον
1211 719 1371 789 νόμον
1417 717 1748 791 ἐξεζήτησαν
1780 737 1837 772 τε

280 813 360 863 καὶ
391 810 801 880 ὲκζητήσουσιν.
826 804 905 872 οἷς
927 809 1108 880 μέλλει
1140 811 1240 879 τῆς
1273 811 1391 863 κατ’
1423 811 1582 865 αὑτὸν
1617 801 1841 883 ἐπιστή-

281 919 402 974 μηςο
433 904 596 967 αὐτὸς
625 904 733 972 γὰρ
775 906 921 957 ἐστιν
958 921 977 953 ι
1017 903 1164 972 ὁτῆς
1202 904 1442 975 μεγάλης
1487 903 1679 974 βουλῆς
1710 907 1842 974 Ἀγ.

277 993 434 1062 γελος,
475 1014 493 1046 ›
531 993 792 1046 διακονῶν
836 994 928 1046 καὶ
949 992 1275 1062 διαγγέλλων
1322 994 1482 1047 παντὶ
1529 995 1740 1066 γενητῷ
1780 994 1841 1047 τὺ

276 1083 360 1137 τοῦ
389 1087 499 1137 Ila:
510 1085 598 1154 ρὸς
623 1083 886 1154 βούλημα.

775 1199 1168 1251 ΚΕΦΛΛΛΙΟΝ
1200 1197 1324 1252 ΛΑ⁸.

880 1310 990 1364 Τοῦ
1024 1312 1229 1365 αὑτοῦ.

345 1443 362 1474 ι
417 1423 540 1476 Ἰδοὺ
570 1423 942 1489 ἐξαποστέλλω
968 1424 1057 1476 τὸν
1084 1423 1311 1494 ἄγγελόν
1344 1443 1464 1495 μου,
1501 1426 1594 1478 καὶ
1627 1424 1839 1478 ἐπιϐλέ-

275 1516 421 1584 ψεται
445 1517 560 1568 ὁδὸν
585 1517 691 1586 πρὸ
719 1515 1010 1586 προσώπου
1045 1534 1172 1587 μου,
1199 1517 1291 1572 καὶ
1325 1517 1588 1588 ἐξαίφνης
1614 1518 1733 1588 ἥξει
1765 1521 1842 1580 είς

275 1613 356 1664 τὸν
382 1613 507 1664 ναὸν
539 1611 733 1664 ἑαυτοῦ
762 1612 981 1684 Κύριος,
1013 1613 1071 1665 ὃν
1111 1615 1268 1684 ὑμεῖς
1303 1615 1534 1686 ζητεῖτε,
1575 1617 1667 1668 καὶ
1692 1599 1722 1668 6
1747 1617 1843 1684 ἄγ-

1943 443 2245 496 vcrsionem
2284 443 2556 512 impulsis.
2589 442 2747 512 Apud
2799 456 2946 504 eum,
2983 448 3038 493 ιιι
3087 454 3364 495 summum
3422 454 3509 494 sa-

1942 533 2239 598 cerdotem,
2269 542 2323 588 et
2356 533 2423 587 de
2465 531 2722 586 omnibus
2771 531 3060 585 scientiam
3085 529 3509 587 custodientem.

1942 625 2178 676 divinam
2213 625 2384 695 legem
2447 623 2849 693 requisiverunt
2904 631 2959 676 et
3001 622 3282 691 requirent
3330 620 3509 689 ipsius

1943 715 2186 770 seienlia:
2229 716 2479 772 studiosi.
2537 714 2657 784 Ipse
2700 724 2784 768 est
2805 713 2952 769 enim
3005 731 3022 763 ι
3059 712 3240 784 magni
3293 711 3511 767 consilii

1941 807 2178 878 Angelus
2206 807 2274 869 ⁸⁸,
2307 827 2324 858 ι
2361 815 2413 862 et
2445 806 2625 862 Patris
2668 806 3002 862 voluntatem
3053 803 3200 860 omni
3247 810 3513 858 creaturae

1941 901 2294 956 annuntians.

2489 1200 2722 1256 CAPUT
2762 1199 2935 1254 XXXI

2553 1315 2635 1368 Ea:
2673 1318 2871 1370 eodem.

2020 1451 2038 1484 ι
2081 1431 2223 1487 Ecce
2267 1445 2368 1500 ego
2402 1430 2561 1484 mitto
2607 1430 2858 1500 angelum
2917 1442 3118 1494 meum,
3151 1434 3204 1482 et
3239 1440 3512 1496 prmpara-

1949 1527 2027 1582 bit
2056 1526 2197 1581 viam
2265 1532 2390 1579 ante
2448 1523 2639 1578 faciem
2671 1537 2867 1577 meam.
2908 1519 2974 1573 Et
3001 1520 3183 1575 statim
3237 1519 3416 1574 veniet
3447 1518 3514 1572 ad

1946 1636 2104 1676 suum
2135 1618 2397 1688 templum
2429 1615 2769 1678 Dominator,
2801 1629 2962 1684 quem
3003 1629 3102 1668 vos
3139 1611 3384 1682 qureritis
3415 1626 3427 1662 :
3461 1617 3514 1665 et

276 1707 418 1773 γελος
446 1705 545 1788 τῆς
571 1705 856 1776 διαθήκης,
887 1705 944 1758 ὂν
982 1708 1138 1777 ὑμεῖς
1174 1706 1354 1760 Θέλετε
1375 1726 1386 1738 ’
1427 1708 1556 1772 ἰδοὺ,
1599 1709 1839 1780 ἔρχεται,

1952 1713 2169 1782 angelus
2219 1708 2553 1772 testamenti,
2612 1722 2774 1777 quem
2815 1721 2913 1760 vos
2940 1705 3126 1758 vultis.
3160 1702 3298 1757 Ecce
3341 1701 3512 1764 venit,

275 1795 410 1864 λέγει
435 1796 636 1866 Κύριος
660 1798 1071 1869 παντοκράτωρ.
1099 1799 1209 1851 Καὶ
1239 1799 1321 1862 τίς
1349 1800 1609 1870 ὑπομενεῖ
1631 1801 1839 1872 ἡμέραν

273 1889 466 1941 ςίσόδου
493 1889 692 1954 αύτοῦ;
728 1891 760 1960 ἣ
794 1891 876 1954 τίς
903 1891 1269 1963 ύποστήσεται
1304 1893 1362 1946 ὲν
1386 1895 1450 1964 τῇ
1485 1893 1726 1966 ὀπτασίᾳ
1747 1897 1841 1948 αύ-

271 1981 387 2045 τ.·ῦ;
416 1982 546 2034 διότι
579 1983 740 2045 αὐτὸς
778 1984 1154 2054 εἰσπορεύεται
1192 1985 1268 2048 ὡς
1302 1986 1412 2056 πῦρ
1452 1988 1838 2058 χωνευτηρίου,

271 2075 360 2156 κα)ἶ
383 2075 456 2137 ὡς
479 2075 608 2128 ποιὰ
631 2075 951 2128 πλυνόντων·
975 2078 1068 2129 καὶ
1088 2075 1354 2129 καθιείται
1381 2078 1734 2147 ἁναχωνεύων
1749 2080 1843 2132 καὶ

269 2165 572 2236 καθαρίζων
598 2167 672 2230 ὡς
699 2168 758 2220 τὸ
787 2167 1045 2239 ἀργύριον
1075 2169 1167 2222 καὶ
1191 2170 1252 2222 τὸ
1280 2169 1519 2242 χρυσίον.
1555 2191 1572 2222 ι
1612 2171 1690 2223 Τὰ
1716 2173 1843 2242 περὶ

265 2258 361 2325 τῆς
379 2258 633 2330 δευτέρας
661 2259 754 2312 τοῦ
787 2260 1018 2330 Χριστοῦ
1061 2262 1362 2332 παρουσίας
1405 2262 1499 2314 καὶ
1528 2261 1614 2315 διὰ
1640 2261 1842 2315 τούτων

267 2351 685 2420 προφητεύεται,
715 2351 950 2422 ὁπηνίκα
993 2392 1004 2404 .
1051 2393 1064 2406 .
1109 2393 1122 2404 .
1165 2369 1193 2415 ς
1219 2352 1312 2405 τοῦ
1335 2352 1468 2406 Θεοῦ
1507 2355 1600 2407 καὶ
1631 2355 1843 2426 Πατρὸς

265 2441 372 2494 τῶν
403 2443 538 2496 ὅλων
579 2444 961 2508 ἐξαποσταλεὶς
999 2445 1160 2508 αὐτὸς
1190 2447 1218 2498 6
1250 2446 1483 2516 Χριστὸς
1513 2446 1607 2499 τοῦ
1654 2446 1786 2500 Θεοῦ
1815 2448 1843 2498 ὁ

267 2533 403 2604 ν(ῦν)
427 2533 714 2604 λεγόμενος
749 2554 766 2586 ι
798 2537 895 2606 τῆς
935 2535 1198 2607 διαθήκης
1232 2536 1459 2604 ἄγγελος
1495 2537 1842 2607 ὲπιϐλέψεται

268 2628 382 2680 ὁδὸν
421 2628 527 2698 πρὸ
552 2626 842 2697 προσώπου
864 2627 957 2681 τοῦ
995 2629 1226 2700 Πατρὸς,
1271 2650 1288 2682 ι
1317 2629 1458 2683 τοῦτ’
1487 2629 1601 2682 ἔστι
1645 2647 1842 2700 προευ-

262 2719 507 2790 τρεπίσει
541 2721 634 2773 καὶ
679 2719 1194 2790 προπαρασκευάσει
1245 2719 1344 2783 τὰς
1391 2719 1496 2772 τῶν
1543 2718 1843 2790 ἀνθρώπων

264 2810 442 2879 ψυχὰς
473 2814 537 2882 τῇ
575 2810 667 2863 τοῦ
711 2812 924 2882 Πατρὸς
953 2811 1198 2882 βασιλείᾳ
1217 2827 1230 2840 ⁸
1260 2812 1347 2864 ὅτε
1383 2812 1446 2864 ὲκ
1475 2811 1707 2879 λογικῶν
1752 2811 1843 2863 καὶ

264 2901 522 2972 ἐμψύχων
558 2901 719 2954 λίθων
739 2902 828 2954 τὸν
853 2901 1217 2971 πνευματικὸν
1237 2901 1382 2962 ναὸν,
1408 2901 1551 2954 τοῦτ’
1583 2901 1696 2954 ἔστι
1749 2901 1844 2972 τὴν

277 2995 616 3065 Ἐκκλησίαν,
671 2993 1126 3056 ὲπισκευάσαντος
1173 2993 1370 3054 αὐτοῦ,
1423 2993 1542 3062 ἥξει
1603 2994 1764 3056 αὐτὸς
1817 2996 1845 3046 ό

1943 1802 2073 1855 dicit
2110 1799 2368 1854 Dominus
2393 1798 2760 1866 omnipotens.
2798 1793 2863 1846 Et
2893 1793 3018 1863 quis
3047 1791 3245 1862 poterit
3275 1789 3515 1859 cogitare

1947 1894 2090 1948 diem
2123 1893 2393 1946 adventus
2447 1890 2588 1958 ejus,
2637 1895 2690 1942 et
2739 1887 2865 1956 quis
2907 1885 3072 1940 stabit
3121 1883 3186 1936 ad
3218 1880 3517 1936 videndum

1943 1983 2106 2040 eum?
2131 1981 2248 2052 Ipse
2281 1981 2423 2036 enim
2468 1981 2624 2048 quasi
2659 1979 2798 2050 ignis
2826 1975 3092 2039 conﬂans,
3129 1980 3182 2028 et
3211 1970 3518 2028 eiuundans

1945 2083 2251 2146 argentum,
2279 2083 2329 2128 et
2358 2073 2634 2143 purgabit,
2675 2079 2730 2124 et
2773 2068 2975 2123 celabit
3001 2081 3096 2121 eos
3129 2065 3289 2136 quasi
3321 2079 3518 2118 aurum

1944 2175 1997 2224 et
2029 2168 2193 2238 quasi-
2216 2173 2498 2236 argentum
2551 2165 2616 2217 ⁸⁷.
2653 2183 2670 2214 ι
2711 2161 2835 2216 Haec
2887 2159 2954 2214 de
3015 2157 3259 2214 secundo
3311 2155 3518 2211 Christi

1945 2263 2180 2318 adventu
2223 2260 2589 2331 prophetizatj,
2644 2256 2884 2328 quando.
2930 2295 2943 2307 .
2981 2296 2994 2310 .
3061 2253 3155 2308 Dei
3214 2259 3268 2308 et
3333 2249 3518 2304 Patris

1945 2354 2186 2408 omnium
2208 2353 2410 2406 missus
2440 2351 2557 2420 ipse
2580 2349 2852 2411 Christus,
2881 2345 2948 2402 de
2965 2359 3075 2415 quo
3099 2359 3242 2396 nunc
3270 2341 3472 2395 dicitur
3496 2352 3511 2388 :

1951 2465 1969 2495 ι
2009 2443 2319 2498 testamenti
2373 2442 2613 2513 Angelus
2638 2437 2962 2509 praeparabit
2993 2437 3132 2488 viam
3158 2439 3282 2486 ante
3322 2430 3516 2485 faciem

1945 2534 2144 2597 Patris,
2185 2553 2204 2586 ι
2244 2533 2296 2587 id
2355 2540 2439 2588 est
2489 2531 2767 2584 hominum
2833 2527 3045 2581 animas
3100 2523 3280 2577 Patris
3343 2535 3513 2590 regno

1945 2627 2171 2682 idoneas
2226 2636 2386 2696 atque
2439 2633 2664 2695 paratas
2716 2621 2944 2685 etliciet;
2981 2631 3107 2670 cum
3153 2613 3515 2669 rationalibus
3571 2668 3576 2675 ,

1948 2717 2434 2788 spiritualibusque
2503 2715 2777 2786 lapidibus
2850 2713 3134 2783 spirituale
3204 2710 3509 2779 templum,

1949 2809 2158 2864 scilicet
2179 2807 2501 2869 Ecclesium,
2527 2808 2646 2875 ipso
2667 2813 3028 2874 prmparante,
3061 2803 3243 2858 veniet
3272 2803 3386 2871 ipse
3411 2799 3517 2854 Do-

1957 2903 2139 2958 minus
2193 2901 2444 2971 Deusqu’e
2473 2899 2712 2954 Verbum
2738 2899 2900 2952 simul
2925 2913 3047 2952 cum
3074 2897 3193 2966 ipso
3212 2893 3520 2950 testamenti

1950 2996 2157 3066 Angelo
2216 2996 2273 3049 in
2323 2993 2584 3064 templum
2616 2991 2762 3062 quod
2820 2998 3179 3045 memoratum
3235 2995 3352 3052 est;
3395 2986 3521 3041 dein

263 3087 467 3156 Κύριος
491 3089 585 3140 καὶ
631 3087 763 3150 Θεὸς
794 3088 965 3154 Λόγος
999 3087 1114 3157 ἅμα
1152 3085 1300 3157 αὑτῴ
1340 3086 1415 3156 τῷ
1446 3085 1548 3155 τῆς
1585 3086 1843 3157 διαθήκης

1953 3103 2076 3141 cum
2102 3084 2402 3141 secundum
2427 3084 2545 3153 ejus
2567 3082 2854 3136 adventum
2876 3079 3267 3150 praenuntians,
3284 3074 3520 3130 Verbum

277 3179 515 3250 Ἀγγέλῳ
535 3181 614 3242 είς
639 3180 729 3232 τὸν
757 3178 1120 3250 δεδηλωμένον
1145 3180 1271 3232 ναόν
1288 3197 1299 3208 ·
1333 3173 1470 3243 εἶτα,
1504 3172 1591 3230 οἷα
1621 3177 1847 3250 τὴνδευ-

259 3271 428 3342 τέραν
469 3271 630 3325 αὑτοῦ
681 3271 980 3342 παρουσίαν
1024 3270 1428 3342 προαγγέλλωνν
1475 3273 1503 3324 ὁ
1555 3270 1724 3338 Λόγος
1773 3270 1847 3333 ὡς

261 3363 402 3434 πρὸς
433 3365 557 3428 τοὺς
585 3363 939 3435 ἁμαρτωλούς
974 3380 1156 3433 φησιν,
1187 3381 1206 3413 ι
1255 3363 1383 3417 Ἰδοὺ
1406 3363 1620 3434 ἔρχεται
1645 3363 1848 3435 Κύριος

260 3455 690 3528 παντοκράτωρο
726 3457 820 3509 κοιλ⁴
863 3455 946 3517 τίς
981 3455 1238 3525 ὑπομενεῖ
1268 3453 1480 3525 ἡμέραν
1506 3453 1708 3506 εἰσόδου
1755 3454 1850 3506 αὐ-

256 3549 397 3614 τοῦς
427 3551 460 3621 ἦ
494 3551 575 3614 τίς
606 3551 964 3620 ὑποστήσεται
1004 3551 1060 3601 ἐν
1089 3551 1153 3620 τῇ
1189 3547 1425 3619 ὀπτασίᾳ
1459 3549 1658 3611 αύτοῦ;
1705 3569 1722 3601 ι
1757 3551 1849 3602 καὶ

256 3644 331 3696 τὰ
385 3642 542 3714 ἑξῆς·
584 3639 664 3706 οἷς
704 3642 975 3713 ἐπιμελῶς
1035 3642 1362 3714 προσεκτέον
1396 3642 1486 3693 ὑπ’
1549 3640 1713 3694 αὐτοῦ
1754 3640 1847 3693 τοῦ

259 3735 704 3806 παντοκράτορος
745 3734 949 3806 Κυρίου
983 3732 1057 3796 ὡς
1098 3734 1225 3803 περὶ
1269 3732 1456 3803 ἑτέρου
1506 3731 1844 3803 λεγομένοις·

257 3825 359 3877 καὶ
404 3825 664 3877 πευστέον
702 3842 760 3877 τε
804 3825 912 3878 τῶν
945 3827 1008 3878 ἐκ
1059 3824 1379 3896 περιτομῆς,
1419 3823 1474 3876 εί
1515 3841 1638 3876 τινα
1678 3823 1850 3893 ἔχοιεν

256 3917 444 3985 λέγειν
476 3917 567 3970 τὸν
616 3917 848 3970 ἐνταῦθα
887 3917 1213 3988 δηλούμενον
1257 3915 1460 3986 Κύριον
1500 3917 1594 3970 καὶ
1630 3915 1718 3968 τὸν
1755 3917 1848 3969 σὺν

255 4009 417 4080 αὐτῷ
451 4009 712 4078 ¹Ἄγγελον
741 4010 838 4078 τῆς
875 4010 1158 4080 διαθήκης,
1200 4009 1326 4079 περὶ
1347 4003 1407 4061 οὗ
1430 4009 1632 4080 Κύριος
1661 4010 1689 4060 6
1717 4024 1850 4060 παν-

257 4104 551 4174 τοκράτωρ
573 4103 770 4172 φάσκει
803 4103 882 4165 τὸ,
919 4121 935 4153 ι
982 4102 1112 4155 Ἰδοὺ
1139 4100 1376 4173 ἔρχεται,
1405 4120 1422 4152 ι
1451 4100 1544 4153 καὶ
1569 4099 1637 4152 τὰ
1664 4099 1846 4152 λοιπά’

254 4196 328 4248 δι’
357 4189 435 4251 ὧν
468 4195 588 4248 καθ’
627 4197 770 4266 ἡμᾶς
806 4196 838 4265 ἠ
882 4195 1109 4264 δευτέρα
1151 4193 1246 4246 τοῦ
1278 4192 1513 4264 Χριστοῦ
1548 4191 1849 4260 καταγγέλ-

254 4289 418 4340 λεται
461 4286 758 4358 παρουσία*
794 4286 852 4351 ὃς
886 4286 1054 4354 Λόγος
1103 4284 1238 4338 Θεοῦ
1285 4284 1562 4354 τυγχάνων
1603 4301 1847 4355 παραγε-

252 4379 491 4450 νόμενος
537 4378 944 4450 είσπορεύσεται
987 4381 1066 4442 εἰς
1097 4378 1196 4450 τὴν
1224 4377 1452 4430 ἑκάστου
1481 4376 1678 4446 ψυχὴν,
1729 4376 1849 4445 κρί-

1950 3178 2108 3247 quasi
2155 3176 2222 3229 ad
2272 3182 2590 3244 peccatores
2625 3172 2796 3226 dicit:
2837 3189 2854 3220 ι
2891 3170 3030 3225 Ecce
3073 3168 3220 3224 venit
3256 3166 3519 3218 Dominus

1951 3271 2294 3338 omnipotens
2327 3283 2339 3317 :
2371 3274 2425 3321 et
2456 3265 2579 3335 quis
2619 3263 2819 3333 poterit
2851 3263 3092 3331 cogitare
3125 3260 3266 3314 diem
3313 3257 3520 3311 adven-

1951 3373 2037 3416 tus
2085 3361 2226 3430 ejus,
2259 3367 2312 3414 et
2369 3359 2492 3428 quis
2546 3358 2715 3413 stabit
2758 3358 2824 3410 ad
2871 3354 3166 3409 videndum
3207 3349 3372 3406 eum?
3401 3368 3420 3400 ι
3455 3345 3522 3400 Et

1951 3453 2160 3522 reliqua
2187 3466 2309 3522 qua
2341 3450 2628 3520 diligenter
2689 3447 3039 3512 attendenda,
3069 3453 3128 3500 ut
3181 3445 3248 3498 ab
3272 3443 3520 3510 omnipo-

1950 3547 2114 3600 tentis
2148 3544 2266 3612 Dei,
2303 3545 2457 3614 quasi
2487 3543 2746 3605 alterius,
2798 3557 2893 3594 ore
2954 3540 3189 3612 prolata;
3243 3543 3297 3590 et
3350 3534 3522 3589 abiis

1951 3639 2041 3709 qui
2075 3654 2140 3692 ex
2173 3636 2594 3692 circumcisione
2631 3643 2758 3690 sunt
2803 3631 3196 3689 sciscitantium
3229 3643 3296 3682 an
3341 3625 3521 3680 Domi-

1951 3749 2082 3787 num
2123 3732 2394 3803 quemvis,
2428 3731 2516 3785 cui
2573 3731 2690 3784 inec
2723 3728 2868 3783 dicta
2919 3721 3272 3784 conveniant,
3300 3726 3356 3773 et
3394 3731 3520 3771 cum

1951 3825 2297 3894 ecAngelum
2351 3822 2648 3876 testimonii
2687 3821 2948 3875 inducere
3008 3812 3240 3883 possint,
3301 3808 3369 3863 de
3413 3821 3523 3876 quo

1951 3916 2301 3985 omnipotens
2348 3913 2488 3969 Deus
2539 3913 2656 3967 haec
2690 3911 2875 3966 dicat:
2912 3925 2930 3957 ‹
2969 3905 3108 3959 Ecce
3147 3900 3321 3965 venit,
3351 3917 3371 3950 ι
3411 3902 3519 3951 etc.

1953 4008 2048 4064 Ilis
2077 4009 2262 4079 igitur,
2295 4015 2356 4060 ut
2385 4006 2544 4060 nobis
2571 4004 2806 4067 videtur,
2839 3995 3112 4056 secundus
3159 3989 3522 4046 annuntiatur

1949 4099 2157 4155 Christi
2208 4099 2495 4153 adventus.
2542 4096 2680 4161 Qui,
2729 4108 2853 4147 cum
2922 4087 3161 4143 Verbum
3210 4082 3304 4136 Dei
3351 4087 3518 4142 esset,

1949 4183 2340 4262 superveniens
2391 4191 2445 4244 in
2519 4187 2785 4258 cujusque
2853 4182 3093 4236 animam
3158 4173 3518 4246 ingredietur,

1949 4301 2222 4356 quemque
2253 4283 2563 4354 dijudieans
2594 4297 2658 4334 ex
2704 4294 2823 4348 ejus
2858 4277 2979 4330 vita:
3009 4270 3290 4342 operibus,
3322 4278 3517 4336 expur-

1952 4393 2090 4450 gans
2145 4387 2199 4433 et
2252 4375 2412 4447 quasi
2479 4388 2673 4428 aurum
2739 4372 2862 4442 igne
2920 4367 3147 4428 colans,
3201 4367 3524 4427 mentesque

253 4488 372 4522 νων
403 4470 636 4524 ἕκαστον
678 4470 805 4542 περὶ
838 4469 946 4522 τῶν
991 4469 1136 4539 αὐτῷ
1172 4467 1312 4521 κατὰ
1343 4468 1432 4521 τὸν
1462 4467 1574 4538 βίον
1635 4483 1843 4538 πεπρα-

1955 4447 2200 4524 omnium
2232 4465 2558 4522 emundans.
2597 4462 2770 4518 Omne
2827 4460 2994 4532 igitur
3043 4452 3313 4526 judicium
3359 4447 3520 4502 Pater

249 4580 289 4632 γ
299 4564 506 4634 μένων,
531 4562 808 4618 ὲκπλύνων
835 4578 892 4615 τε
921 4561 1014 4614 καὶ.
1039 4561 1124 4615 διὰ
1154 4560 1319 4632 πυρὸς
1351 4559 1552 4632 χρυσοῦ
1576 4559 1728 4630 δίκην
1745 4575 1843 4628 χω-

1953 4561 2102 4616 dedit
2164 4559 2304 4614 Filio
2361 4573 2461 4614 suo
2493 4558 2646 4627 juxta
2697 4554 2844 4610 hunc
2904 4555 2958 4606 in
3017 4546 3252 4603 Psalmis
3300 4544 3522 4597 locum:

249 4657 460 4722 νεύων,
495 4658 594 4711 καὶ
623 4656 930 4728 καθαρίζων
967 4656 1037 4710 τὰ
1065 4657 1279 4710 πάντων
1307 4653 1627 4726 ἡγεμονικά.
1661 4653 1843 4705 Πᾶσαν

1959 4671 1976 4702 ι
2015 4651 2180 4712 Deus,
2207 4649 2474 4719 judicium
2503 4658 2654 4702 tuum
2691 4645 2805 4718 regi
2851 4645 2940 4706 da,
2967 4650 3020 4696 et
3046 4639 3318 4710 justitiam
3366 4643 3514 4688 tuam

248 4745 398 4818 γοῦν
457 4751 556 4821 τὴν
603 4750 777 4820 κρίσιν
805 4751 832 4802 ὁ
859 4750 1048 4822 Πατὴρ
1079 4749 1309 4804 δέδωκεν
1334 4747 1412 4818 τῷ
1444 4747 1558 4818 Υἱῷ
1590 4745 1731 4798 κατὰ
1759 4745 1843 4798 τὸν

1957 4743 2070 4798 filio
2102 4743 2246 4813 regis
2282 4739 2571 4810 :judicare
2617 4740 2877 4810 populum
2927 4745 3080 4790 tuum
3116 4733 3169 4785 in
3199 4727 3432 4799 justitia,
3470 4731 3524 4776 et

247 4815 548 4912 ιράσκοντα
573 4815 667 4895 καλ
688 4845 744 4894 ἐν
773 4815 1028 4912 Ψαλμοῖς,
1048 4842 1223 4909 λόγον,
1261 4859 1280 4890 ι
1319 4815 1556 4902 Ὀᾑθεὸς,
1579 4826 1648 4890 ττὺ
1675 4835 1843 4909 κρῖμά

1955 4850 2222 4906 pauperes
2279 4841 2405 4888 tuos
2455 4833 2512 4886 in
2562 4831 2773 4900 judicio
2819 4830 2864 4860 ⁸⁸
2917 4847 2936 4878 ι
2975 4825 3104 4880 Inde
3152 4821 3262 4876 Rea:
3305 4815 3522 4887 quidem

246 4951 361 4987 σου
392 4934 474 5005 τῷ
503 4933 711 5002 βασιλεῖ
740 4933 846 5000 δὸς,
887 4933 981 4987 καὶ
1021 4933 1116 5004 τὴν
1145 4929 1488 5003 δικαιοσύνην
1526 4946 1620 4982 σου
1645 4928 1722 4999 τῷ
1746 4927 1843 4998 υἱῷ

1953 4927 2212 4980 divinitas
2251 4933 2305 4980 et
2354 4925 2470 4996 ipse
2519 4923 2664 4978 Deus
2704 4921 2940 4976 Verbum
2976 4916 3281 4987 appellatur
3313 4927 3324 4962 :
3360 4919 3521 4977 Quem

246 5024 356 5077 τοῦ
411 5026 704 5094 βασιλέως·
743 5027 946 5098 κρίνειν
986 5026 1076 5079 τὸν
1115 5023 1240 5077 λαόν
1292 5040 1384 5075 σου
1428 5022 1486 5074 ἐν
1513 5018 1843 5092 δικαιοσύνῃ,

1955 5029 2135 5072 autem
2171 5017 2412 5086 suscepit
2444 5016 2742 5082 hominem,
2771 5033 2787 5064 ι
2823 5013 2964 5066 (ilius
2998 5011 3161 5079 regis.

245 5118 360 5169 καὶ
387 5089 518 5181 τοὺς
546 5089 795 5188 πτωχούς
819 5136 912 5171 σου
937 5130 994 5172 εν
1026 5119 1203 5190 κρίσει
1225 5135 1237 5146 ·
1278 5137 1294 5169 ι
1325 5116 1452 5170 ἔνθα
1469 5113 1773 5180 ,ϐασιλεὺς
1797 5089 1894 5184 μὲν
1930 5115 1962 5184 ἡ
1998 5112 2184 5182 θεότης
2224 5111 2318 5166 καὶ
2343 5111 2505 5174 αὐτὸς
2530 5113 2558 5164 6
2588 5110 2719 5173 Θεὸς
2757 5108 2927 5175 Λόγος
2958 5103 3344 5174 ἁνηγόρευται’
3381 5093 3444 5145 ὃν
3467 5089 3520 5142 δὲ

243 5211 559 5283 ἀνείληφεν
593 5212 895 5284 ἄνθρωπον,
932 5232 950 5263 ι
990 5212 1102 5275 υἱὸς
1141 5210 1233 5263 τοῦ
1267 5208 1546 5280 βασιλέως.
1592 5227 1609 5258 ›

784 5326 1177 5384 ΚΕΦΑΛΛΙΟΝ
1211 5325 1332 5378 ΛΒ’.

749 5421 860 5476 Τοῦ
891 5419 1076 5474 αὐτοῦ
1111 5415 1368 5487 ἀγγέλου

340 5540 364 5570 ε
398 5521 513 5572 Καὶ
540 5516 784 5572 ἀνατελεῖ
802 5517 914 5578 τοῖς
935 5512 1099 5583 φοϐου
1108 5511 1284 5583 μένοις
1312 5511 1372 5562 τὸ
1389 5509 1556 5578 ὄνομα
1581 5523 1677 5575 μου
1700 5506 1850 5568 ἥλιος

374 5675 429 5707 ⁸⁸
461 5674 561 5730 lsa.
599 5690 673 5737 Ix,
706 5671 757 5726 6.

839 5671 880 5703 ⁵⁷
923 5667 1148 5723 Malach.
1186 5683 1266 5730 ιιι,
1304 5665 1415 5719 1-5.
1494 5665 1535 5696 ⁸⁸
1568 5662 1712 5721 Psal.
1746 5678 1889 5730 uxr,

2524 5311 2753 5372 CAPUT
2794 5304 3002 5364 XXXII.

2415 5409 2498 5463 Ea:
2525 5405 2705 5462 eodem
2739 5403 2787 5456 Μ
2798 5399 3030 5454 alachia.

2035 5526 2051 5556 ι
2099 5505 2162 5559 Iit
2187 5505 2393 5559 orietur
2430 5499 2582 5558 vobis
2619 5493 2936 5552 timentibus
2984 5501 3180 5542 nomen
3229 5495 3408 5540 meum
3438 5487 3524 5539 so!

1933 5661 1964 5693 ι)
