3950 6218
517 125 654 182 H59
1216 122 1480 178 EUSEBII
1511 119 1991 177 CESARIENSIS
2027 118 2179 174 OPP.
2211 117 2391 173 PARS
2432 115 2520 172 Ill.
2563 148 2630 157 —
2659 114 3072 171 EXEGETICA.
3533 124 3624 180 “60

511 242 757 310 justitia‘,
785 247 839 296 et
864 241 1069 295 sanitas
1099 240 1152 292 in
1181 239 1375 308 pennis
1407 255 1529 308 ejus
1548 240 1614 294 ".
1658 260 1676 290 ι
1709 238 1800 293 Sol
1847 238 2071 308 justitiae

2063 255 2074 292 ι
2102 256 2144 309 Α
2173 235 2539 306 δικαιοσύνης,
2591 234 2684 286 καὶ
2731 231 2875 295 ῐασις
2924 233 2982 284 ἐν
3029 234 3152 293 ταῖς
3197 230 3423 302 πτέρυξιν
3461 236 3582 290 αὑτῶ.
3608 260 3623 290 ι

517 349 536 383 ι
574 333 666 386 lux
703 340 786 388 est
837 347 964 384 vera
1025 344 1146 398 quae
1205 329 1476 383 illuminat
1526 344 1741 383 omnem
1796 331 2068 385 hominem

2173 327 2358 390 Ἥλιος
2384 325 2727 396 δικαιοσύνης
2748 324 2806 378 τδ
2837 345 2855 375 ι
2889 324 3001 393 φῶς
3023 326 3176 376 ἐστιν
3196 323 3256 375 τὺ
3277 322 3486 394 ἀληθινὸν
3505 327 3547 380 τὸ
3563 348 3633 399 ᾳ,-

508 423 814 480 venientem
854 423 910 475 in
953 421 1097 474 hunc
1141 419 1507 486 mundum";
1548 440 1566 473 ι
1603 422 1696 490 qui
1745 422 1879 477 solis
1936 423 2068 477 oriri

2169 419 2315 484 τίζον
2348 422 2522 474 πάντα
2555 419 2840 490 ἄνθρωπον
2878 417 3174 488 ἐρχόμενον
3218 418 3295 479 είς
3332 418 3411 470 τὸν
3437 420 3636 488 χάσμα-νε

508 511 712 565 dicitur
729 511 1046 566 timentibus
1076 525 1272 565 nomen
1306 509 1488 566 Patris
1515 513 1668 581 ejus;
1721 514 1880 583 cujus
1917 529 2068 568 occa-

2169 511 2226 574 ὃς
2272 511 2451 581 μόνοις
2509 510 2818 564 ἀνατέλλειν
2869 508 3082 579 εἴρηται
3125 510 3238 570 τοῖς
3265 507 3572 578 ,φοϐουμένοις
3605 513 3645 565 τὺ

509 614 631 655 sum
668 601 773 664 his,
808 601 901 669 qui
939 616 1047 654 non
1073 601 1208 654 tales
1239 607 1420 663 erunt,
1450 602 1688 656 minatur
1715 602 1800 658 his
1842 603 2024 658 verbis
2053 619 2066 654 :

2168 605 2334 675 ὄνομα
2363 603 2454 657 τοῦ
2491 603 2700 673 Πατρδς
2743 600 2905 656 αὐτοῦ
2926 618 2939 630 ’
2972 603 3086 662 τοῖς
3127 598 3314 669 γάρτοι
3372 600 3436 668 μὴ
3461 601 3645 664 τοιούτοις

513 709 534 744 ι
564 693 860 746 Occumbet
882 693 963 745 sol
989 709 1153 762 super
1182 693 1473 762 preplietas
1513 694 1773 764 p0pulum
1811 701 1989 749 meum
2015 696 2069 749 in

2168 691 2420 744 δύσεσθαι
2463 692 2696 755 ἀπειλεῖ,
2736 691 2878 744 κατά
2909 688 2990 743 τὸο
3019 688 3083 758 (Γ.
3119 689 3211 753 '55)
3244 707 3262 736 ‹
3296 689 3394 740 Καὶ
3436 688 3598 742 δύσεται
3626 693 3646 743 ό

505 799 751 839 errorem
781 783 1105 838 inducentes
1126 785 1193 837 °‘.
1227 804 1247 836 ι

2168 784 2320 854 ἥλιος
2354 785 2447 836 ἐπὶ
2489 787 2613 846 τοὺς
2649 784 2928 855 προφήτας
2972 782 3100 841 τοὺς
3151 778 3442 840 πλανῶντας
3463 779 3534 831 τὸν
3562 780 3645 833 λαόν

2173 893 2295 944 μου,
2338 895 2356 926 ι
2382 874 2438 928 ἐν
2471 892 2574 928 τινι
2598 875 2704 928 τῶν
2735 872 3025 944 προφητῶν
3066 869 3368 941 εἰρημένον.

575 960 702 1015 Haec
730 961 948 1030 quidem
976 976 1006 1016 e
1033 961 1322 1016 duodecim
1369 963 1649 1034 prophetis
1677 978 1689 1013 :
1720 978 1843 1017 cum
1875 967 2066 1018 autem

2239 963 2423 1018 Ταῦτα
2469 966 2565 1034 μὲν
2599 965 2665 1018 τά
2711 964 2816 1017 ἀπὸ
2861 962 2970 1016 τῶν
3009 961 3223 1014 δώδεκα
3268 959 3538 1028 προπτιῖηο

505 1052 659 1108 Isaize
707 1053 1044 1118 testimonia,
1095 1069 1327 1126 quorum
1387 1072 1618 1125 magnus
1639 1066 1725 1110 est
1782 1072 2065 1122 numerus,

2169 1055 2290 1108 ἐπεὶ
2326 1056 2393 1108 τά
2442 1057 2506 1108 ἐκ
2536 1055 2627 1108 τοῦ
2670 1055 2891 1108 Ἡσαΐου
2919 1053 3004 1106 διὰ
3041 1053 3106 1106 τὸ
3137 1051 3333 1120 πλῆθος
3375 1051 3425 1101 ὲν
3454 1050 3541 1119 ἰδίῳ
3563 1067 3651 1115 συγ-

507 1146 770 1218 peculiari
791 1145 927 1199 libro
953 1153 1185 1200 tractare
1209 1146 1364 1201 nobis
1390 1149 1728 1217 propositum
1768 1155 1873 1213 est,
1908 1149 2066 1202 nobis

2169 1147 2453 1216 γράμματι
2507 1145 2814 1218 περιλαϐεῖν
2862 1147 2992 1216 ἡμῖν
3044 1144 3348 1215 πρόκειται,
3395 1143 3503 1213 φέρε
3541 1161 3651 1210 μετα-

506 1239 868 1294 ]iceatordine
897 1239 1114 1292 inverso
1143 1246 1462 1293 cmterorum
1487 1255 1809 1312 magnorum
1832 1242 2066 1312 prophe-

2169 1236 2360 1300 ϐάντες
2393 1237 2458 1291 τὰ
2491 1238 2600 1290 ἀπὸ
2629 1238 2736 1290 τῶν
2778 1236 2981 1291 λοιπῶν
3015 1235 3272 1306 μεγάλων
3299 1233 3543 1306 προφητῶν
3569 1236 3649 1287 ἔτι·

507 1341 682 1385 tarum
721 1328 1042 1382 documenta
1081 1328 1362 1399 indagare.

954 1336 1042 1381 nta
1081 1328 1362 1399 indagare.
2170 1329 2514 1401 σκεψώμεθα.

1024 1439 1254 1495 CAPUT
1302 1439 1536 1496 XXXIII.
2309 1489 2321 1500 .

2309 1489 2321 1500 .
2673 1443 3070 1496 ΚΕΦΑΛΔῙΟΝ
3099 1443 3218 1495 AI".

1115 1549 1164 1604 E
1191 1549 1444 1605 Ieremia.
2664 1557 2675 1606 Τ

2664 1556 2757 1609 Ἐκ
2796 1554 2904 1608 τοῦ
2948 1555 3258 1624 Ἰερεμίου.

578 1683 597 1716 ι
628 1663 708 1718 Tu
733 1671 912 1719 autem
937 1703 952 1726 ,
990 1661 1236 1727 Domine,
1271 1663 1656 1719 demonstrasti
1684 1664 1839 1729 mihi,
1878 1672 1933 1720 et
1971 1681 2056 1720 co-
2101 1641 2138 1694 Β

2101 1641 2141 1694 Β
2241 1694 2260 1726 ι
2302 1673 2496 1746 Κύριε,
2531 1667 2796 1739 γνώρισον
2823 1682 2934 1736 μοι,
2974 1665 3072 1718 καὶ
3099 1662 3405 1734 γνώσομαι’
3442 1662 3536 1715 τότε
3557 1657 3652 1716 εἶδον

501 1757 660 1828 gnovi
694 1775 707 1810 :
749 1764 882 1809 tunc
919 1755 1207 1810 ostendisti
1236 1754 1368 1808 mihi
1396 1755 1576 1809 studia
1613 1771 1822 1811 eorum.
1857 1756 1924 1810 Et
1965 1773 2061 1829 ego

2164 1766 2232 1820 τά
2252 1761 2656 1834 ἐπιτηδεύματα.
2683 1757 2882 1811 αὐτῶν.
2919 1754 3062 1824 Ἐγὼ
3084 1756 3161 1817 ώς
3187 1755 3362 1825 ἀρνίον
3386 1754 3552 1806 ἄκακον
3569 1755 3651 1820 ἀγό-

500 1847 658 1919 quasi
687 1862 859 1918 agnus
890 1853 1230 1910 mansuetus,
1255 1846 1346 1916 qui
1380 1856 1631 1916 portatur
1659 1848 1726 1902 ad
1747 1849 2021 1904 victimam
2047 1869 2060 1904 :

2169 1876 2327 1928 μενον
2349 1855 2442 1909 τοῦ
2465 1851 2688 1906 θύεσθαι
2717 1851 2818 1903 οὐκ
2847 1849 3016 1917 ἔγνων
3038 1865 3052 1878 ⁸
3084 1848 3174 1900 ἐπ’
3208 1848 3307 1917 ἐμὲ
3327 1847 3579 1915 ἐλογίσαντο

500 1945 554 1992 et
588 1953 696 1992 non
722 1938 951 2004 cognovi
979 1937 1106 2007 quia
1127 1937 1503 2007 cogitaverunt
1534 1953 1698 2009 super
1744 1955 1828 1995 me
1875 1943 2060 1996 consi-

2163 1963 2371 2017 γοντες·
2413 1943 2577 1998 Δεῦτε
2606 1943 2700 1996 καὶ
2731 1940 3058 2010 ἐμϐάλωμεν
3083 1938 3242 2005 ξύλον
3265 1939 3339 2002 εἰς
3365 1937 3501 2008 ἄρτον
3523 1934 3651 1996 αὑτοῦ,

499 2029 572 2083 lia
599 2029 841 2083 dicentes
875 2047 887 2081 :
918 2025 1194 2084 Mittamus
1245 2030 1451 2100 lignum
1497 2029 1552 2083 in
1603 2033 1966 2102 panem_ejus
2010 2043 2059 2088 et

2165 2041 2260 2094 καὶ
2292 2036 2634 2109 ἐκτρίψωμεν
2669 2033 2830 2087 αὑτὸν
2857 2033 2962 2085 ἀπὸ
2985 2034 3092 2102 γῆς
3115 2031 3348 2096 ζώντων,
3373 2034 3455 2083 καὶ
3475 2031 3524 2083 τὸ
3541 2031 3653 2099 {me

497 2122 791 2177 erodamus
819 2137 941 2176 cum
972 2121 1038 2176 de
1067 2129 1213 2176 terra
1243 2123 1564 2186 viventium,
1603 2132 1656 2178 et
1705 2139 1905 2179 nomen
1945 2125 2057 2194 ejus

2164 2129 2324 2184 αὑτοῦ
2356 2128 2416 2182 οὐ
2473 2127 2548 2196 μὴ
2593 2123 2804 2194 μνησθῇ
2853 2123 2953 2176 ἔτι,
3018 2142 3037 2175 ι
3078 2123 3137 2175 '0
3171 2122 3354 2192 Σωτὴρ
3393 2122 3473 2173 καὶ
3514 2121 3651 2191 Κύριος

497 2228 608 2268 non
644 2224 974 2268 memoretur
1001 2213 1318 2284 amplius".
1364 2233 1383 2267 ι
1424 2212 1686 2269 Dominus
1709 2214 2057 2287 Salvatorque

2164 2220 2318 2291 ἡμῶν
2353 2217 2556 2289 Ἰησοῦς
2587 2215 2819 2287 Χριστὸς
2847 2211 3036 2284 (κα)τά
3065 2213 3167 2283 τὴν
3196 2213 3250 2264 ὲν
3280 2212 3353 2280 τῷ
3385 2210 3546 2280 Ἡσαΐᾳ
3565 2226 3651 2279 προ-

495 2314 684 2359 noster
731 2301 892 2360 Jesus
950 2303 1226 2370 Christus,
1270 2305 1426 2374 juxta
1477 2305 1630 2362 Isaia:
1681 2309 2055 2377 prophetiam,

2164 2312 2409 2384 φητείαν,
2445 2329 2464 2362 ι
2495 2310 2570 2374 ώς
2624 2308 2892 2380 πρόϐατον
2934 2306 3029 2358 ἐπὶ
3080 2305 3294 2376 σφαγὴν
3337 2304 3479 2375 ἤχθη,
3509 2304 3579 2356 καί
3605 2302 3651 2362 ὡς

504 2414 522 2448 ι
562 2393 718 2450 Sicut
758 2397 877 2450 ovis
929 2395 998 2450 ad
1043 2397 1376 2452 occisionem
1423 2397 1624 2453 ductus
1663 2408 1770 2462 est,
1810 2408 1864 2454 et
1902 2400 2059 2469 quasi

2163 2405 2331 2476 ἀμνὸς
2363 2403 2600 2457 ἐναντίον
2638 2401 2730 2455 τοῦ
2767 2400 3053 2471 κείραντος
3080 2400 3246 2452 αὑτὸν
3282 2398 3489 2469 ἄφωνος.
3523 2417 3539 2448 ι
3559 2395 3653 2448 κατὰ

495 2503 669 2558 agnus
711 2502 895 2542 coram
945 2486 1204 2543 tondente
1252 2504 1311 2544 se
1355 2489 1724 2557 obmutuit”;
1763 2510 1782 2542 ι
1818 2499 1872 2546 et
1905 2491 2055 2560 juxta

2161 2498 2343 2566 δὲτὴν
2392 2495 2527 2567 μετὰ
2574 2497 2777 2566 χεῖρας,
2819 2511 2837 2543 ι
2876 2493 2950 2557 ὡς
2999 2493 3190 2564 ἀρνίον
3235 2490 3424 2544 ἄκακον
3462 2489 3649 2556 ἀγόμενον

495 2579 642 2632 illam
678 2594 798 2649 quas
838 2579 993 2633 nobis
1026 2580 1081 2633 in
1115 2595 1279 2633 manu
1309 2589 1414 2644 est,
1449 2599 1467 2632 ‹
1499 2585 1657 2652 quasi
1703 2598 1878 2653 agnus
1910 2599 2055 2638 man-

2161 2589 2254 2644 τοῦ
2280 2588 2501 2642 θυέσθαι
2537 2589 2636 2641 οὐκ
2669 2586 2838 2655 ἔγνων
2865 2604 2876 2614 ·
2915 2605 2934 2636 ι
2965 2586 3060 2638 καὶ
3101 2585 3163 2637 τὸ
3207 2583 3342 2637 κατά
3369 2583 3448 2634 τὸν
3490 2578 3651 2648 σταυρὸν

495 2677 686 2726 suetus
715 2671 807 2740 qui
832 2678 1082 2740 portatur
1114 2669 1183 2724 ad
1219 2671 1496 2726 victimam
1525 2676 1768 2728 nescius.
1802 2694 1820 2726 ι
1869 2673 2055 2730 Passio

2159 2680 2216 2733 δέ
2229 2679 2397 2742 πάθος
2422 2678 2586 2733 αὑτοῦ
2617 2678 2836 2732 δύναται
2858 2676 3153 2747 δηλοῦσθαι
3185 2675 3272 2728 διὰ
3294 2673 3400 2728 τοῦ*
3423 2670 3648 2726 οΔεῦτεκαὶ

493 2767 549 2816 et
576 2776 708 2816 crux
725 2762 844 2832 ejus
868 2762 1096 2816 indicari
1128 2770 1355 2831 possunt
1377 2763 1461 2818 his
1487 2765 1665 2819 verbis
1691 2785 1704 2818 :
1730 2781 1749 2815 ‹
1785 2763 2053 2821 Mittamus

2162 2769 2485 2840 ἐμϐάλωμεν
2535 2766 2687 2832 ξύλον
2729 2769 2808 2830 είς
2841 2766 3001 2836 ἄρτον
3046 2765 3214 2818 αὐτοῦ
3263 2764 3352 2818 καὶ
3395 2760 3648 2829 ἑκτρίψωμεν

493 2854 700 2925 lignum
747 2854 800 2909 in
845 2870 1036 2925 panem
1068 2857 1188 2925 ejus
1217 2855 1589 2912 eterodamus
1635 2873 1760 2912 eum
1801 2858 1869 2913 de
1917 2866 2053 2914 terra

2186 2861 2322 2914 ιὺτὸν
2355 2861 2461 2914 ἀπὸ
2490 2861 2593 2930 γῆς
2639 2859 2852 2924 ζώντων
2876 2875 2889 2887 ·
2927 2859 3018 2911 καὶ
3053 2858 3116 2910 τὸ
3161 2857 3328 2927 ὄνομα
3369 2853 3507 2908 αὑτοῦ
3531 2853 3576 2904 οὗ
3599 2852 3646 2918 μὴ
3743 2875 3746 2882 -

493 2946 834 3013 viventium;
869 2953 923 3001 et
975 2964 1170 3003 nomen
1217 2947 1337 3017 cjus
1392 2963 1502 3002 non
1549 2957 1884 3005 memoretur
1940 2967 2053 3006 am-

2089 2991 2131 3051 C
2167 2955 2374 3028 μνησθῇ
2421 2955 2519 3008 ἔτιο
2563 2975 2581 3006 ι
2619 2955 2760 3026 ειπερ
2787 2956 2851 3007 ἐκ
2872 2951 3168 3023 προσώπου
3208 2951 3439 3004 λέλεκται
3460 2945 3544 2998 τῶν
3569 2947 3645 2995 trn-

493 3041 657 3114 plius.
698 3063 718 3096 ι
751 3039 881 3108 Quae
910 3043 1127 3112 quidem
1158 3059 1224 3097 ex
1258 3057 1492 3112 persona
1541 3043 1687 3098 dicta
1735 3053 1864 3099 sunt
1913 3045 2052 3100 insi.-

2092 3036 2131 3051 “
2163 3045 2564 3100 ϐουλευσάντων
2593 3043 2760 3115 αὐτῷ.
2795 3046 2857 3097 Εἰ
2885 3043 2995 3115 γὰρ
3017 3043 3083 3114 δὴ
3107 3043 3168 3095 τὸ
3204 3041 3354 3112 σῶμα
3378 3036 3514 3092 αὐτοῦ
3539 3036 3643 3103 ἄρτος

493 3135 758 3190 diantium
789 3137 861 3190 ei.
897 3135 1110 3190 Etenim
1139 3137 1183 3192 si
1215 3151 1414 3208 corpus
1435 3136 1555 3206 ejus
1595 3137 1753 3206 panis
1793 3137 1914 3200 fuit,
1946 3138 2053 3194 sic-

2160 3133 2248 3209 ἦν,
2275 3139 2351 3201 ὡς
2398 3137 2558 3201 αὐτὸς
2596 3136 2836 3190 διδάσκει
2894 3134 3032 3206 πρὸς
3077 3136 3204 3197 τοὺς
3252 3131 3474 3202 μαθητὰς
3513 3128 3643 3193 Κείων.

493 3237 554 3282 ut
610 3229 728 3298 ipse
776 3229 1073 3298 discipulos
1098 3244 1228 3284 suos
1277 3229 1458 3292 docet,
1489 3228 1722 3285 dicens:
1763 3249 1781 3281 ι
1817 3230 2053 3301 Accipite

2167 3250 2184 3282 ι
2219 3230 2446 3293 Λάϐετε,
2485 3230 2708 3299 φάγετε,
2734 3227 2892 3281 τοῦτὸ
2930 3229 3052 3280 ἐστι
3085 3227 3148 3279 τὸ
3184 3226 3335 3296 σῶμά
3365 3241 3472 3295 μου,
3504 3241 3519 3272 ι
3541 3217 3643 3271 wh

491 3326 548 3374 et
577 3320 862 3383 comedite,
901 3321 1002 3374 hoc
1030 3329 1114 3376 est
1146 3336 1348 3392 corpus
1372 3337 1554 3377 meum
1576 3323 1642 3388 νδ,
1686 3343 1704 3374 ι
1750 3324 1896 3394 ligno
1929 3340 2051 3379 vere

2158 3324 2202 3377 δ’
2231 3320 2299 3395 ἦν
2328 3323 2388 3376 τδ
2419 3322 2557 3394 πρὸς
2596 3322 2676 3393 τῷ
2703 3319 2842 3391 ξύλῳ
2874 3319 3017 3373 κατὰ
3050 3319 3141 3373 τὸν
3187 3318 3408 3388 σταυρὸν
3445 3315 3642 3395 δειγματιξ

491 3409 819 3478 applicatum
849 3418 933 3466 est
960 3426 1056 3481 per
1093 3426 1334 3474 crucem,
1359 3412 1502 3467 unde
1532 3427 1639 3466 non
1670 3393 1942 3468 immerito
1974 3415 2051 3468 di-

2161 3393 2304 3478 σθὲν,
2335 3393 2653 3484 περὶαύτοῦ
2687 3411 2881 3478 λέγοιτ’
2923 3408 2988 3461 ἂν
3024 3407 3251 3470 εἰκότως
3275 3405 3353 3466 τὸ,
3382 3422 3398 3453 ι
3435 3398 3561 3454 Δεῦτε
3581 3393 3639 3448 καὶ

490 3499 654 3562 citur,
689 3519 708 3552 ι
742 3499 1016 3556 Mittamus
1043 3502 1246 3572 lignum
1280 3503 1334 3557 in
1371 3519 1565 3573 panem
1587 3504 1726 3572 ejus.
1775 3523 1793 3554 ι
1844 3507 1973 3571 Quae
2002 3507 2050 3560 in

2159 3505 2483 3576 ἐμϐάλωμεν
2512 3502 2664 3566 ξύλον
2693 3505 2771 3564 εἰς
2806 3501 2968 3572 ἄρτον
2998 3498 3168 3554 αὑτοῦ
3187 3515 3201 3528 ·
3241 3518 3258 3548 ι
3289 3498 3333 3549 εί
3362 3497 3411 3548 δὲ
3437 3492 3512 3544 καὶ
3533 3485 3639 3576 {hov-

489 3590 636 3646 hunc
665 3592 843 3648 locum
875 3592 1113 3648 diximus
1145 3593 1280 3648 nulli
1315 3572 1443 3650 sunt
1494 3595 1881 3665 impedimento
1921 3597 2049 3672 quin

2155 3572 2319 3667 τέρας
2343 3572 2518 3666 ἔχοιτο
2549 3591 2779 3665 θεωρίας
2807 3593 2875 3644 τὰ
2912 3590 3054 3644 κατά
3084 3589 3176 3643 τὸν
3211 3589 3384 3650 τόπον,
3404 3582 3528 3638 οὐδὲν

483 3685 799 3740 accuratius
827 3687 1248 3755 contempletur.

2157 3689 2331 3741 ἐκεῖνο
2359 3687 2518 3739 λυπεῖ
2549 3685 2642 3737 καὶ
2662 3685 2728 3737 τὰ
2757 3683 3038 3755 εἰρημένα.

1011 3798 1240 3854 CAPUT
1266 3799 1504 3855 XXXIV.

2680 3795 3075 3850 ΚΕΦΑΛΑΙΟΝ
3110 3797 3227 3848 ΛΔ’.

1116 3908 1200 3962 Ex
1222 3909 1421 3963 eodem.

2771 3909 2886 3963 Τοῦ
2913 3910 3121 3963 αὑτοῦ.

561 4042 582 4076 ι
618 4022 832 4094 Reliqui
883 4023 1107 4080 domum
1162 4041 1336 4079 meam
1366 4065 1382 4089 ,
1435 4024 1616 4080 dimisi
1681 4026 2050 4083 hereditatem

2230 4046 2248 4077 ‹
2299 4024 2758 4095 Ἐγκαταλέλοιπα
2787 4023 2876 4076 τὸν
2907 4018 3052 4076 οἶκόν
3093 4037 3214 4092 μου,
3245 4019 3418 4088 ἀφῆκα
3450 4012 3525 4082 τὴν
3546 4008 3629 4072 γλι-

484 4130 661 4171 meam
700 4135 714 4170 :
749 4115 871 4170 dedi
896 4117 1149 4171 dilectam
1180 4118 1416 4171 animam
1447 4133 1621 4172 meum
1667 4117 1720 4173 in
1760 4135 1920 4174 manu
1949 4121 2044 4174 ini-

2156 4120 2408 4190 ρονομίαν
2437 4135 2559 4188 μου,
2595 4116 2769 4170 ἔδωκα
2802 4115 2899 4186 τὴν
2927 4112 3289 4184 ἠγαπημένην
3306 4107 3464 4179 ψυχήν
3488 4120 3561 4174 μου

483 4208 746 4262 micorum
775 4207 914 4276 ejus.
957 4207 1122 4264 Facta
1150 4218 1234 4264 est
1259 4209 1390 4263 mihi
1417 4209 1705 4266 hereditas
1741 4227 1860 4266 mea
1891 4213 2043 4284 quasi

2152 4214 2339 4285 χεῖρας
2362 4209 2570 4281 ἐχθρῶν
2586 4207 2776 4277 αὐτῆς.
2811 4205 3070 4276 Ἑγενήθη
3096 4215 3130 4275 η
3150 4201 3454 4275 κληρονομία
3465 4189 3631 4285 pavit“?

483 4297 570 4352 leo
594 4298 646 4352 in
677 4297 812 4351 silva
851 4319 863 4352 :
897 4299 1046 4353 dedit
1091 4311 1283 4354 contra
1317 4315 1401 4356 me
1447 4317 1669 4368 vocem,
1727 4303 1849 4359 ideo
1903 4279 2043 4360 odivi

2082 4342 2126 4396 υ
2153 4279 2472 4364 *λέων
2495 4299 2704 4371 δρυμῷ,
2732 4297 2927 4351 ἔδωκεν
2955 4299 3042 4350 ἐπ’
3070 4297 3170 4369 ἐμὲ
3205 4295 3376 4366 φωνὴν

479 4404 624 4442 cam.
661 4387 914 4458 Nunquid
950 4391 1065 4445 avis
1122 4389 1360 4446 discolor
1385 4392 1671 4450 haereditas
1714 4411 1832 4451 mea
1878 4397 2039 4451 mihi!

2085 4383 2123 4396 ν
2153 4394 2308 4448 τοῦτο
2337 4393 2572 4464 ἐμίσησα
2603 4392 2790 4462 αὑτήν.
2833 4390 2923 4460 Μὴ
2956 4390 3220 4460 σπήλαιον
3249 4387 3419 4455 ὑαίνης
3443 4383 3469 4450 ἠ
3492 4385 3628 4446 κληρο-

480 4481 730 4550 nunquid
776 4483 892 4536 avis
923 4482 1093 4536 tincta
1125 4499 1220 4554 per
1244 4485 1462 4539 totum?
1495 4485 1685 4543 Venite
1707 4528 1721 4551 ,
1751 4503 2040 4561 congrega-

2153 4488 2312 4558 νομία
2347 4502 2448 4556 μου
2483 4484 2623 4554 ἐμοὶ,
2645 4484 2679 4554 ἢ
2713 4482 2976 4553 σπήλαιον
3008 4480 3192 4552 κύκλῳ
3217 4480 3371 4548 αὐτῆς
3391 4493 3402 4538 ;
3423 4470 3626 4561 Βαὸίσατε.

478 4571 611 4625 mini
655 4586 846 4626 omnes
884 4573 1073 4626 bestiae
1119 4581 1300 4634 terrm,
1338 4585 1623 4646 properate
1664 4577 1735 4631 ad
1775 4558 2038 4634 devoran-

2153 4579 2485 4648 συναγάγετε
2515 4576 2688 4630 πάντα
2720 4575 2788 4629 τὰ
2833 4573 2995 4647 θηρία
3020 4573 3116 4626 τοῦ
3148 4571 3328 4644 ἀγροῦ,
3358 4567 3438 4621 καὶ
3465 4558 3624 4615 ἐλθέτω·

472 4663 629 4720 dum.
662 4663 914 4720 Pastores
943 4665 1100 4718 multi
1133 4665 1372 4721 demoliti
1410 4675 1539 4722 sunt
1569 4669 1779 4724 vineam
1829 4686 2032 4735 meam,

2153 4688 2251 4724 σαν
2285 4669 2380 4724 τοῦ
2406 4671 2617 4738 ,φαγεῖν
2661 4666 2852 4736 αὑτήν.
2888 4665 3154 4735 Ποιμὲνες
3191 4661 3361 4716 πολλοὶ
3399 4653 3623 4723 διέφθειραν

475 4753 938 4809 conculcaverunt
985 4762 1193 4823 partem
1252 4770 1425 4810 meam
1462 4774 1475 4809 :
1519 4755 1788 4812 dederunt
1835 4759 2035 4828 portio-

2150 4761 2239 4815 τὸν
2267 4759 2564 4832 ἀμπελῶνά
2586 4775 2708 4830 μου,
2735 4756 3000 4827 ἐμόλυναν
3029 4756 3127 4828 τὴν
3158 4754 3338 4827 μερίδα
3357 4767 3460 4821 μου,
3478 4743 3622 4832 ἔδωκαν

477 4857 601 4898 nem
636 4858 810 4897 meam
844 4843 1254 4898 desiderabilem
1302 4845 1356 4898 in
1395 4845 1668 4901 desertum
1705 4848 2036 4905 solitudinis.

2148 4828 2338 4923 μερίδά
2377 4828 2722 4922 ἐπιθυμήτὴν
2753 4850 2832 4911 εἰς
2863 4848 3070 4919 ἔρημον
3111 4847 3320 4908 ἄϐατον,
3357 4834 3549 4923 ἐγενήθην
3571 4828 3619 4923 εἰς

477 4933 782 5020 Posuerunt
807 4949 924 4988 eam
950 4935 1002 4988 in
1024 4936 1455 5005 dissipationem,
1475 4938 1718 5009 luxitque
1746 4956 1910 5010 super
1931 4958 2035 4997 me.

2143 4916 2445 5015 ἀφανισμὸν
2490 4916 2796 5003 ἀπωλείας·
2841 4916 2909 4992 δέ
2952 4916 3052 5012 ἐμὲ
3105 4932 3380 5008 ἀφανισμῷ
3421 4916 3615 5020 nea:ny

475 5014 819 5084 Desolatione
847 5022 1086 5082 desolata
1121 5037 1204 5083 est
1249 5030 1428 5085 omnis
1459 5038 1624 5095 terra,
1676 5033 1803 5102 quia
1853 5035 2035 5090 nullus

2143 5037 2291 5088 πάσα
2316 5014 2356 5105 ἡν
2371 5035 2462 5104 γῆ,
2484 5035 2566 5088 ὃτι
2597 5033 2693 5085 οὐκ
2720 5031 2866 5084 ἐστιν
2901 5031 3039 5101 ἀνὴρ
3059 5029 3327 5100 τιθέμενος
3348 5028 3399 5078 ὲν
3422 5014 3611 5105 καρδίξσξ

475 5127 559 5174 est
604 5119 696 5189 qui
743 5119 1005 5189 recogitet
1057 5120 1222 5176 corde
1249 5123 1316 5174 ⁸⁸.
1357 5141 1377 5174 ι
1413 5120 1642 5178 Videtur
1697 5126 1874 5179 audiri
1933 5125 2035 5180 Do-

2145 5103 2446 5182 'EOIXE-TO;
2475 5126 2679 5197 Κυρίου
2702 5125 2796 5178 καὶ
2817 5124 3068 5196 Σωτῆρος
3097 5122 3247 5194 ἡμῶν
3273 5116 3394 5172 εἶναι
3420 5108 3539 5182 φωνὴ
3556 5103 3613 5197 ξεῖ

475 5211 605 5263 mini
639 5208 1047 5280 Salvatorisque
1074 5213 1244 5268 nostri
1271 5229 1394 5279 vox,
1419 5213 1486 5269 de
1510 5217 1710 5285 templo
1733 5215 2034 5273 Jerusalem

2143 5222 2176 5291 ἡ
2210 5221 2491 5289 φάσκουσα
2543 5195 2670 5290 περὶ
2717 5218 2814 5288 μὲν
2858 5216 2954 5270 τοῦ
2984 5195 3054 5269 ἐν
3093 5209 3414 5286 Ἰερουσαλὴμ
3437 5200 3520 5256 νεὼ
3550 5195 3608 5253 τὸυ

474 5301 701 5356 dicens:
739 5321 757 5353 ι
798 5300 1009 5375 Reliqui
1059 5305 1280 5361 domum
1345 5323 1541 5364 meam.
1581 5328 1599 5361 ι
1636 5308 1700 5363 Ει
1750 5311 1818 5366 de
1855 5313 2034 5382 priore

2149 5331 2168 5364 ι
2207 5311 2635 5381 ἐγκαταλέλοιπα
2677 5311 2768 5364 τὸν
2801 5305 2948 5363 οῖκόν
2985 5325 3108 5380 μου,
3143 5327 3159 5359 ι
3197 5305 3314 5376 περὶ
3339 5302 3387 5358 δὲ
3422 5297 3500 5365 τῆς
3523 5301 3608 5358 προ·

543 5477 587 5505 ⁸⁹
623 5477 854 5562 Hilari};
880 5498 952 5562 if"
988 5481 1042 5536 9.
1157 5485 1400 5562 j°_.loan.
1441 5508 1481 5559 ι,
1517 5492 1569 5549 9.
1687 5494 1729 5526 "
1762 5493 1922 5550 Micli.
1963 5511 2042 5561 In,
2072 5495 2123 5551 6.
2239 5496 2283 5526 "
2311 5493 2509 5551 Jcrem.
2543 5509 2620 5562 ιι,
2659 5493 2742 5562 l8,
2768 5493 2854 5548 l9.
2930 5491 2975 5528 "
3004 5489 3104 5546 lsa.
3136 5503 3247 5552 Llll,
3294 5485 3338 5538 7.
3407 5479 3444 5511 ”
3469 5462 3600 5526 "aut

471 5565 617 5612 xxvr,
649 5551 733 5601 ευ.
813 5552 855 5581 ³⁵
888 5551 997 5606 Jcr.
1027 5571 1126 5624 xu,
1157 5558 1308 5612 7-H.
