4008 6208
265 348 395 403 1161

1287 338 1581 396 ΕειοαΑῖ
1622 329 2103 394 PROPHETICE.
2134 366 2203 375 —
2236 330 2365 390 LIB.
2403 334 2444 389 1.

3370 333 3507 389 1162

257 470 418 551 τέρας
464 459 814 537 Συναγωγῆς,
853 464 887 536 ἧ
935 464 1029 518 καὶ
1066 462 1219 535 μερίς
1261 477 1389 513 ποτε
1433 458 1526 512 καὶ
1561 458 1622 529 (Γ,
1653 457 1722 513 35
1756 458 1829 529 νο)

1956 453 2246 527 Synagoga,
2274 473 2396 528 qua:
2431 472 2672 529 unquam
2701 473 2828 530 pars
2860 465 2913 514 et
2966 458 3243 514 funiculus
3272 458 3509 514 haeredi-

261 550 540 635 σχοίνισμα
584 556 948 629 κληρονομίας
988 554 1150 608 αὑτοῦ
1181 554 1422 622 γέγονεν,
1458 552 1536 614 τὸ,
1578 571 1595 601 ι
1620 550 1835 620 Ἀφῆκα

1943 550 2074 605 tatis
2101 549 2221 619 ejus
2245 549 2385 605 facta
2413 557 2518 614 est,
2550 567 2568 601 ι
2612 548 2799 605 Dimisi
2834 551 3201 606 hazreditatem
3234 565 3435 615 meam,
3486 570 3505 604 ι

260 652 354 723 τὴν
386 649 748 723 κληρονομίαν
781 666 903 718 μου,
940 667 957 699 ι
991 645 1132 700 κατά
1157 645 1235 710 τὸ,
1274 663 1291 694 ι
1323 644 1559 706 Ποσάκις
1593 640 1834 713 ἠθέλησα

1956 642 2095 705 iuxta
2125 642 2254 696 illud
2289 660 2301 696 :
2342 661 2361 694 ι
2400 642 2624 709 Quoties
2663 643 2807 696 volui
2832 657 3165 714 congregare
3195 642 3334 698 filios
3361 650 3508 705 tuos,

264 745 679 811 ἐπισυναγαγεῖν
698 740 764 794 τά
795 740 960 793 τέκνα
994 755 1106 801 σου,
1136 737 1194 790 ὃν
1222 737 1422 807 τρόπον
1454 734 1600 807 ὅρνις
1625 736 1838 786 ἐπισυν-

263 836 379 903 ἀγει
425 834 493 886 τὰ
533 831 721 885 νοσσία
760 830 925 900 αὐτῆς
976 828 1081 881 ὑπὸ
1129 828 1228 890 τὰς
1279 827 1574 897 πτέρυγας,
1614 824 1707 878 καὶ
1737 824 1837 878 οὐκ

260 926 555 997 ἠθελήσατε
575 942 587 955 ·
627 923 755 976 Ἰδοὺ
777 921 992 991 ἀφίεται
1018 921 1143 991 ὑμῖν
1168 920 1195 971 ό
1215 915 1362 982 οἶκος
1390 918 1540 989 ὑμῶν
1565 917 1784 989 ἔρημος.
1812 935 1831 967 ι

260 1017 426 1080 Αὐτὸς
454 1017 497 1069 δ’
525 1017 553 1067 ὁ
602 1013 770 1068 εἰπὼν
811 1032 829 1063 ι
867 1012 1055 1075 Οὐδεὶς
1091 1011 1232 1082 αἴρει
1259 1010 1355 1079 τὴν
1402 1009 1579 1080 ψυχήν
1618 1025 1715 1079 μου
1743 1006 1837 1061 ἀπ’

260 1109 410 1183 ἐμοῦ·
456 1108 702 1175 ἐξουσίαν
750 1104 859 1175 ἔχω
903 1104 1071 1157 θεῖναι
1124 1104 1312 1174 αὐτὴν,
1358 1122 1375 1154 ι
1417 1103 1580 1171 φησὶν
1613 1101 1703 1154 καὶ
1755 1101 1835 1165 τὸ,

264 1222 284 1256 ι
297 1202 509 1256 Ἔδωκα
523 1201 617 1272 τὴν
636 1198 993 1269 ἠγαπημένην
1010 1197 1184 1268 ψυχήν
1204 1215 1303 1267 μου
1327 1198 1406 1259 εἰς
1422 1198 1608 1266 χεῖρας
1632 1193 1839 1265 ἐχθρῶν

259 1296 449 1367 αὐτῆς.
487 1315 505 1347 ι
534 1293 719 1363 Τούτῳ
748 1291 803 1345 δὲ
844 1290 935 1344 καὶ
979 1289 1209 1361 ἐγενήθη
1243 1290 1276 1359 ὴ
1311 1288 1550 1359 προτέρα
1580 1286 1839 1357 κληρονο-

261 1390 361 1461 μία
386 1389 461 1452 ὼς
487 1388 620 1440 λέων
646 1388 701 1440 ὲν
729 1384 921 1457 δρυμῷ
942 1397 955 1413 ·
987 1381 1185 1435 Ξδωκέν
1216 1397 1275 1433 τε
1298 1380 1382 1433 ἐπ’
1415 1378 1576 1431 αὐτὸν
1608 1379 1706 1448 τὴν
1732 1394 1841 1446 φω-

257 1483 355 1554 νὴν
396 1480 587 1551 αὐτῆς,
636 1478 872 1549 ὁπηνίκα
930 1474 1261 1546 παραδόντες
1305 1471 1467 1525 αὐτὸν
1508 1469 1584 1542 τῷ
1627 1470 1842 1542 Πιλάτῳ

261 1573 581 1643 ἑστήκεισαν
601 1566 1033 1639 κατηγοροῦντες
1057 1563 1221 1618 αὑτοῦ
1253 1563 1347 1618 καὶ
1372 1562 1649 1633 μονονουχὶ
1679 1560 1844 1631 βοῶν-

258 1680 371 1727 τες,
411 1680 429 1713 ι
462 1657 612 1730 Αἶρε,
636 1656 777 1732 clpe,
818 1656 1049 1729 σταύρου
1081 1655 1243 1710 αὐτόν
1264 1672 1277 1687 ν
1316 1674 1334 1708 ι
1368 1652 1456 1707 διά
1479 1652 1636 1705 τοῦτο
1663 1651 1720 1705 δέ
1742 1668 1845 1722 φη-

262 1769 368 1817 σιν,
424 1749 734 1821 (Ἐμίσησα
766 1746 957 1819 αὐτὴν.
1001 1765 1018 1797 ι
1057 1745 1145 1798 διὰ
1189 1744 1256 1797 τὰ
1301 1742 1489 1814 μίσους
1517 1741 1641 1808 ἄξια
1668 1739 1837 1810 αὐτῆς

1943 736 2398 805 quemadmodum
2457 737 2572 791 avis
2619 734 2806 789 nidum
2849 751 3007 790 suum
3055 735 3157 790 sub
3206 736 3418 804 pennis,
3459 745 3512 789 et

1942 828 2206 883 noluisti!
2244 828 2385 882 Ecce
2413 827 2752 897 relinquetur
2783 827 2937 882 vobis
2967 828 3161 881 dcmus
3203 835 3384 881 vestra
3418 825 3513 881 de-

1946 918 2169 974 serta".
2208 939 2225 970 ι
2268 917 2387 989 Ipse
2411 926 2591 974 autem
2621 920 2757 973 dixit
2791 938 2804 974 :
2839 939 2857 971 ι
2890 919 3057 975 Nemo
3085 920 3226 974 tollit
3272 921 3509 974 animam

1946 1025 2155 1077 meam;
2189 1018 2511 1080 potestatem
2565 1010 2737 1065 habeo
2783 1026 2985 1081 ponere
3035 1009 3255 1077 eam";
3293 1032 3311 1064 ι
3348 1019 3514 1082 atque

1946 1100 2119 1155 illud:
2167 1121 2184 1152 ι
2227 1100 2355 1156 Dedi
2396 1102 2646 1156 dilectam
2679 1102 2914 1157 animam
2947 1119 3119 1157 meam
3169 1104 3222 1157 in
3260 1103 3513 1159 manibus

1949 1193 2291 1248 inimicorum
2315 1195 2457 1261 ejus.
2484 1213 2502 1246 ι
2540 1194 2676 1249 Huic
2700 1211 2829 1250 vero
2858 1196 2996 1250 facta
3025 1204 3107 1251 est
3123 1198 3268 1267 prior
3283 1196 3513 1252 haeredi-

1950 1293 2034 1340 tas
2063 1286 2219 1357 quasi
2247 1287 2333 1340 leo
2362 1288 2414 1341 in
2441 1287 2597 1343 silva.
2628 1287 2779 1342 Dedit
2803 1298 2991 1343 contra
3011 1305 3135 1343 eum
3154 1305 3339 1344 vocem
3369 1290 3511 1359 ejus,

1948 1390 2073 1429 cum
2123 1378 2403 1432 tradentes
2432 1394 2554 1432 eum
2582 1377 2757 1433 Pilato
2791 1378 3155 1444 adduxerunt,
3190 1388 3513 1436 accusantes

1947 1468 2422 1541 vociferantesque
2451 1472 2826 1527 tantummodo
2863 1493 2875 1529 :
2910 1493 2928 1525 ‹
2959 1471 3135 1537 Tolle,
3159 1474 3309 1540 tolle,
3336 1474 3517 1529 cruci-

1952 1564 2052 1633 fige
2079 1578 2203 1618 eum
2221 1563 2301 1631 ⁹⁶;
2336 1583 2354 1616 ι
2382 1575 2715 1637 quapropter
2736 1567 2844 1622 ait:
2872 1588 2888 1619 ι
2915 1566 3070 1623 Odivi
3091 1584 3233 1635 eam,
3265 1588 3283 1622 ι
3310 1569 3379 1624 ob
3393 1570 3516 1639 ejus

1950 1669 2115 1724 opera
2143 1654 2268 1709 odio
2298 1656 2486 1727 digna,
2521 1667 2575 1713 et
2600 1660 2743 1727 quod
2780 1659 2916 1714 nihil
2951 1660 3002 1714 in
3044 1675 3166 1714 eum
3211 1676 3397 1716 amore
3433 1661 3517 1716 di-

1952 1761 2116 1816 gnum
2168 1747 2539 1804 ostenderant.
2586 1752 2717 1816 Quae
2751 1767 2877 1806 vero
2929 1759 3251 1822 sequuntur,
3297 1760 3350 1807 et
3399 1753 3515 1807 haec

260 1843 420 1913 ἔργα,
455 1842 546 1894 καὶ
577 1840 664 1893 διὰ
705 1838 764 1892 τὸ
800 1838 964 1910 μηδὲν
992 1838 1070 1900 εἰς
1111 1835 1271 1889 αὐτὸν
1298 1834 1517 1905 ἀγάπης
1549 1830 1697 1897 ἀξιον
1729 1834 1851 1885 km-

1956 1839 2255 1907 praesertim
2290 1859 2302 1894 :
2342 1859 2359 1890 ι
2402 1840 2631 1912 Propter
2672 1859 2757 1898 me
2795 1844 3131 1899 desolatione
3161 1844 3400 1899 desolata
3431 1853 3517 1900 est

262 1930 567 1997 δείξασθαι’
594 1930 655 1982 τὸ
680 1929 723 1981 δ’
754 1927 898 1998 ἑξῆς,
925 1926 1016 1979 καὶ
1048 1924 1283 1996 μάλιστα
1306 1923 1388 1989 τὸ,
1418 1942 1437 1975 ι
1468 1923 1545 1975 Δι’
1576 1922 1676 1992 ἐμὲ
1701 1922 1842 1990 ἀφα-

263 2020 439 2092 νισμῷ
480 2020 751 2091 ἠφανίσθη
786 2020 934 2072 πᾶσα
966 2018 1115 2088 ήγῆ,
1156 2035 1174 2068 ι
1206 2015 1381 2069 ἔοικεν
1403 2013 1598 2087 δηλοῦν
1625 2013 1724 2085 τὴν
1759 2012 1846 2066 διά

262 2115 349 2168 τὸν
390 2114 615 2184 Σωτῆρα
646 2111 781 2183 μετά
812 2111 871 2164 τὸ
900 2111 1067 2174 πάθος
1098 2108 1261 2162 αὑτοῦ
1307 2108 1517 2162 τελείαν
1550 2106 1847 2178 γενομένην

263 2205 466 2259 ἅλωσιν
494 2204 591 2257 καὶ
620 2202 996 2273 αἰχμαλωσίαν
1026 2200 1120 2254 τοῦ
1154 2199 1422 2272 προτέρου
1447 2197 1603 2265 λαοῦ,
1629 2200 1724 2253 καὶ
1749 2199 1849 2270 τὴν

261 2299 340 2362 είς
375 2296 603 2368 ἔσχατον
625 2296 722 2367 τῆς
754 2292 1106 2365 Ἰερουσαλὴμ
1136 2294 1434 2363 ἐρήμωσιν.

777 2407 1175 2463 ΚΕΦΑΛΑῘΟΝ
1215 2408 1339 2461 ΛΕ’.

887 2503 995 2557 Τοῦ
1021 2502 1228 2557 αὐτοῦ.

338 2621 361 2656 ι
400 2602 593 2672 Κύριε,
624 2600 774 2671 ἰσχύς
804 2617 901 2670 μου
926 2598 1019 2651 καὶ
1044 2597 1264 2669 βοηθεία
1294 2614 1416 2667 μου,
1444 2594 1539 2650 καὶ
1562 2594 1848 2666 καταφυγή

265 2709 370 2762 μου
402 2694 457 2744 ὲν
482 2692 664 2762 ἡμέρᾳ
690 2687 895 2743 κακῶν.
932 2688 1073 2759 Πρὸς
1092 2687 1150 2740 σὲ
1176 2685 1303 2757 ἔθνη
1322 2686 1545 2757 ἥξουσιν
1575 2687 1669 2740 ἀπ’
1698 2686 1853 2757 ἐσχά-

260 2802 355 2839 του
398 2784 496 2855 τῆς
542 2784 664 2854 γῆς,
714 2783 807 2835 καὶ
848 2780 1085 2852 ἐροῦσιν,
1128 2780 1216 2843 Ὧς
1253 2770 1426 2850 ψευδῆ
1465 2780 1764 2850 ἐκτήσαντο
1803 2780 1852 2832 oi

264 2876 505 2946 πατέρες
531 2874 687 2945 ἡμῶν
727 2872 939 2935 εἴδωλα,
976 2873 1069 2926 καὶ
1112 2873 1211 2927 οὐκ
1238 2872 1382 2926 ἐστιν
1415 2873 1472 2925 ὲν
1502 2872 1682 2935 αὐτοῖς
1713 2870 1855 2940 ώφέ·

262 2966 441 3037 λημα.
486 2966 545 3018 Et
585 2966 797 3036 ποιήσει
826 2961 1005 3033 ἐαυτῷ
1049 2962 1330 3036 ἄνθρωπος
1369 2962 1542 3025 θεοὺς,
1573 2962 1667 3014 καὶ
1703 2961 1856 3014 αὐτοὶ

263 3061 365 3113 οὐκ
388 3059 497 3111 eisi
526 3056 635 3110 θεοί
655 3075 669 3123 ;
691 3056 788 3109 Διά
815 3055 991 3119 τοῦτο,
1030 3055 1161 3120 ἰδοὺ,
1197 3053 1307 3123 ἐγὼ
1334 3053 1555 3125 δηλώσω
1592 3055 1773 3116 αὐτοῖς
1796 3053 1853 3106 ἐν

263 3154 340 3224 τῷ
379 3152 557 3224 καιρῷ
594 3151 764 3220 τούτῳ
795 3151 891 3222 τὴν
922 3150 1080 3222 χεῖρά
1116 3166 1239 3219 μου,
1270 3149 1363 3202 καὶ
1407 3147 1623 3221 γνωριῶ
1669 3148 1853 3212 αὐτοῖς
1881 3176 1923 3233 c

262 3247 366 3317 τὴν
404 3244 629 3314 δύναμίν
664 3260 785 3313 μου,
824 3242 916 3295 καὶ
948 3240 1245 3310 γνώσονται
1280 3243 1359 3295 ὃτι
1392 3239 1503 3309 ἐγώ
1532 3240 1753 3312 Κύριος.
1786 3243 1852 3309 χ

273 3334 554 3406 ’Δμαρτία
591 3331 757 3385 Ἰούδα
805 3334 1112 3401 γέγραπται
1160 3332 1216 3382 ὲν
1248 3330 1494 3400 γραφείῳ
1540 3328 1765 3401 σιδηρῷ,
1797 3331 1856 3383 ὲν

262 3429 425 3497 ὄνυχι
469 3423 810 3495 ἀδαμαντίνῳ
852 3422 1302 3492 ὲκκεκολαμμένη
1349 3423 1441 3475 ἐπὶ
1488 3422 1580 3475 τοῦ
1630 3421 1856 3494 στήθους

263 3520 368 3590 τῆς
407 3516 630 3587 καρδίας
662 3514 858 3569 αὐτῶν.
898 3535 915 3565 ι
953 3515 1085 3585 Περὶ
1116 3514 1222 3567 τῶν
1256 3514 1344 3567 διὰ
1370 3513 1605 3585 Χριστοῦ
1634 3514 1723 3568 τὸν
1748 3515 1856 3567 τῶν

263 3609 412 3662 ὅλων
450 3606 833 3675 ὲπεγνωκότων
867 3604 996 3658 Θεὸν
1039 3604 1418 3676 προφητεύσας
1456 3606 1485 3658 ό
1520 3605 1694 3675 λόγος,
1730 3606 1857 3676 ἑξῆς

263 3701 475 3768 ἐπάγει
522 3698 773 3770 περὶτῆς
816 3697 953 3751 κατὰ
997 3697 1089 3750 τοῦ
1140 3698 1389 3770 Σωτῆρος
1430 3696 1525 3751 τοῦ
1594 3698 1857 3752 Ἰουδαίων

266 3791 408 3846 λαοῦ
452 3790 743 3861 ἁμαρτίας,
776 3789 1153 3853 ἀνεξάλειπτον
1199 3790 1367 3861 αὐτὴν
1406 3788 1621 3842 ἔσεσθαι
1658 3784 1856 3860 σημαί-

267 3901 381 3938 νων
412 3881 551 3936 κατά
576 3883 673 3946 τὰς
709 3880 1105 3953 παρατεθείσας
1133 3882 1270 3952 μετά
1297 3882 1633 3953 ἀστερίσκων
1660 3880 1853 3949 λέξειςο

266 3975 333 4038 ἃς
355 3971 583 4025 δύναταί
611 3988 694 4033 τις
732 3973 825 4026 καὶ
865 3972 957 4024 ἐπὶ
989 3969 1079 4025 τοῦ
1111 3968 1370 4042 προδότου
1412 3970 1579 4025 Ἰούδα
1614 3972 1857 4043 ἐφαρμό-

272 4065 413 4129 ζειν,
440 4065 515 4128 ώς
539 4065 632 4117 καὶ
652 4065 909 4134 ὀνομαστὶ
930 4063 1006 4134 τῷ
1032 4062 1159 4134 θείῳ
1182 4062 1460 4133 Πνεύματι
1486 4062 1860 4134 προεγνωσμέ-

270 4175 367 4211 νου
406 4172 463 4208 τε
491 4156 585 4208 καὶ
613 4171 1044 4227 προαναπεφωνη
1055 4155 1238 4225 μένου.

776 4269 1167 4322 ΚΕΦΑΛΑΙΟΝ
1221 4269 1362 4335 AG".

901 4361 1009 4414 Τοῦ
1041 4360 1251 4416 αὐτοῦ.

359 4456 520 4519 Ἰδοὺ,
556 4455 757 4527 ήμὲραι
806 4453 1076 4525 ἔρχονται,
1125 4451 1273 4520 λέγει
1315 4446 1540 4523 Κύριος,
1582 4446 1676 4504 καὶ
1723 4452 1855 4505 ἀνα-

1946 1940 2114 1995 terra,
2151 1951 2169 1983 ι
2206 1934 2498 1989 ostendere
2521 1935 2777 1990 videntur
2804 1936 3011 2007 antiqui
3044 1936 3230 2007 populi
3258 1950 3519 1991 consum-

1947 2033 2147 2077 matam
2203 2034 2327 2094 post
2373 2024 2676 2082 Salvatoris
2726 2028 3064 2097 passionem,
3094 2029 3308 2083 ruinam
3356 2035 3519 2098 atque

1946 2115 2335 2185 captivitatem,
2359 2114 2771 2191 Jerusalemque
2802 2119 2859 2174 in
2909 2128 3228 2192 perpetuum
3269 2118 3519 2175 solitudi-

1947 2224 2090 2264 nem.

2491 2407 2719 2466 CAPUT
2750 2408 2964 2466 XXXV.

2578 2502 2662 2557 Ea:
2690 2503 2891 2558 eodem.

2027 2612 2046 2646 ι
2082 2591 2326 2659 Domine,
2364 2592 2627 2649 fortitudo
2660 2610 2777 2649 mea
2806 2602 2860 2649 et
2890 2593 3057 2648 robur
3091 2608 3290 2659 meum,
3336 2600 3391 2651 et
3432 2607 3519 2651 re-

1955 2683 2161 2756 fugium
2214 2703 2395 2742 meum
2450 2688 2505 2741 in
2548 2687 2635 2743 die
2683 2687 3074 2742 tribulationis.
3118 2687 3200 2741 Ad
3244 2696 3297 2743 te
3330 2698 3520 2760 gentes

1954 2778 2173 2833 venient
2202 2779 2270 2832 ab
2297 2780 2554 2834 extremis
2580 2789 2759 2841 terrai.
2787 2788 2841 2834 et
2867 2779 3048 2834 dicent
3078 2797 3090 2833 :
3129 2778 3265 2835 Vere
3295 2780 3521 2835 menda-

1955 2870 2100 2924 cium
2131 2869 2491 2941 possederunt
2520 2882 2701 2942 patres
2731 2872 2927 2935 nostri,
2956 2871 3273 2933 vanitatem.
3301 2887 3421 2942 qua:
3439 2872 3523 2929 eis

1956 2978 2064 3017 non
2091 2962 2318 3034 profuit.
2348 2964 2604 3035 Nunquid
2636 2964 2798 3019 faciet
2821 2964 2927 3019 sibi
2958 2965 3122 3021 homo
3150 2965 3302 3032 deos,
3334 2974 3388 3020 et
3418 2965 3521 3036 ipsi

1959 3070 2065 3110 non
2115 3065 2243 3110 sunt
2272 3056 2389 3110 dii?
2421 3054 2631 3112 idcirco
2658 3073 2785 3113 ecce
2828 3072 2929 3128 ego
2976 3058 3256 3114 ostendam
3298 3058 3377 3113 eis
3428 3072 3526 3127 per

1957 3146 2129 3200 vicem
2162 3146 2324 3213 hanc,
2354 3147 2638 3203 ostendam
2668 3150 2749 3203 eis
2773 3163 2992 3203 manum
3033 3164 3206 3204 meam
3253 3156 3310 3203 et
3352 3148 3527 3201 virtu-

1960 3247 2066 3293 tem
2097 3252 2295 3301 meam,
2327 3249 2379 3292 et
2404 3241 2578 3295 scient
2604 3239 2730 3309 quia
2761 3255 2958 3297 nomen
2992 3242 3122 3295 mihi
3158 3239 3525 3309 Dominusx

1958 3330 2244 3387 Peccatum
2280 3328 2418 3385 Juda
2463 3333 2725 3402 scriptum
2757 3341 2842 3388 est
2872 3336 3011 3404 stylo
3046 3333 3222 3398 ferreo
3259 3334 3312 3389 in
3344 3349 3528 3409 ungue

1959 3426 2310 3481 adamantino
2344 3465 2359 3489 ,
2408 3434 2687 3480 exaratum
2737 3435 2900 3496 Super
2944 3426 3286 3481 latitudinem
3345 3425 3529 3483 cordis

1956 3518 2225 3573 eorum”.
2269 3537 2287 3571 ι
2323 3516 2397 3573 De
2428 3518 2494 3572 iis
2515 3516 2607 3587 qui
2639 3531 2734 3587 per
2754 3515 3035 3573 Christum
3060 3520 3301 3573 omnium
3334 3536 3531 3591 cogno-

1958 3621 2151 3666 verunt
2195 3609 2364 3665 Deum
2428 3608 2712 3680 Scriptura
2760 3609 3121 3680 prophetizat,
3160 3618 3216 3665 et
3265 3613 3529 3669 continuo

1957 3700 2269 3757 Judaaorum
2319 3701 2503 3773 populi
2531 3701 2791 3757 adversus
2825 3699 3161 3756 Salvatorem
3213 3701 3529 3771 iniquitates

1959 3796 2233 3860 indicans,
2267 3794 2586 3851 indelebiles
2615 3809 2709 3850 eas
2739 3794 2854 3849 fore
2884 3792 3125 3849 ostendit
3166 3801 3356 3848 notato
3386 3803 3529 3852 aste-

1959 3888 2121 3943 riscis
2149 3886 2290 3941 loco.
2324 3884 2456 3952 Qum
2488 3885 2705 3955 quidem
2728 3896 2785 3940 et
2810 3884 3058 3939 tradituri
3088 3883 3242 3939 Judaa
3284 3884 3528 3956 adaptari

1960 3987 2212 4052 possunt,
2250 3994 2281 4033 a
2321 3977 2528 4051 Spiritu
2559 3985 2749 4033 sancto
2791 3977 3109 4034 nominatim
3152 3988 3276 4034 ante
3316 3987 3528 4050 tempus

1958 4075 2178 4144 cognito
2211 4078 2373 4143 atque
2402 4072 2699 4126 nominato.

2490 4244 2720 4301 CAPUT
2756 4241 2997 4300 XXXVI.

2590 4336 2672 4391 Ea:
2698 4336 2894 4392 eodem.

2039 4449 2057 4482 ι
2090 4428 2231 4485 Ecce
2260 4429 2378 4484 dies
2407 4429 2655 4493 veniunt,
2687 4427 2825 4481 dicit
2848 4426 3111 4482 Dominus
3136 4446 3148 4480 :
3172 4436 3228 4481 et
3252 4425 3532 4482 suscitabo

274 4550 470 4619 στήσω
512 4546 591 4615 τῷ
632 4544 794 4597 Δαυῒδ
842 4542 1103 4613 ἀνατολὴν
1145 4543 1378 4607 δικαίαν,
1422 4544 1515 4596 καὶ
1561 4540 1852 4612 βασιλεύσει

1964 4523 2136 4578 David
2168 4536 2388 4594 germen
2414 4523 2622 4591 justum
2654 4539 2667 4575 :
2703 4527 2756 4574 et
2786 4519 3035 4590 regnabit
3064 4534 3159 4573 rex
3188 4559 3202 4583 ,
3236 4527 3289 4574 et
3317 4520 3532 4589 sapiens

277 4635 556 4709 βασιλεὺς,
585 4633 680 4687 καὶ
704 4633 942 4703 συνήσει,
977 4630 1070 4683 καὶ
1098 4632 1313 4701 ποιήσει
1340 4630 1514 4701 κρίμα
1541 4628 1634 4680 καὶ
1655 4627 1861 4680 δικαιο-

277 4727 455 4797 σύνην
476 4726 569 4779 ἐπὶ
595 4726 691 4795 τῆς
720 4727 843 4796 γῆς.
894 4723 980 4776 Ἐν
1009 4726 1128 4787 ταῖς
1153 4721 1386 4793 ἡμέραις
1414 4718 1579 4773 αὑτοῦ
1616 4718 1861 4789 σωθήσε-

275 4839 373 4874 ται
395 4821 488 4873 καὶ
521 4819 744 4881 Ἰούδας,
768 4817 861 4871 καὶ
894 4816 1109 4888 Ἰσραὴλ
1132 4814 1545 4884 κατασκηνώσει
1569 4811 1861 4877 πεποιθὼς,

277 4916 381 4967 καὶ
410 4910 572 4965 τοῦτο
601 4912 661 4963 τὸ
693 4910 886 4980 ὄνομα,
927 4908 955 4961 ὃ
990 4909 1207 4961 καλεσει
1240 4909 1435 4971 αὐτοὺς
1475 4905 1697 4976 Κύριος,
1750 4904 1864 4957 Ἰω-

280 5007 446 5060 σεδὲκ
474 5006 531 5057 ὲν
559 5006 668 5067 τοῖς
694 5004 1018 5074 προφήταις.
1058 5002 1144 5053 Ἐν
1169 5003 1235 5072 τῇ
1264 4998 1443 5069 ἡμέρᾳ
1474 4998 1678 5069 ἐκείνῃ,
1714 4992 1865 5050 εἶπεν

278 5096 514 5167 Κύριος,
564 5093 836 5164 συντρίψω
889 5092 1047 5161 ζυγὸν
1079 5091 1185 5145 ἀπὸ
1221 5092 1488 5162 τραχήλου
1522 5088 1723 5153 αὐτῶν,
1773 5089 1867 5142 καὶ

276 5191 413 5252 τοὺς
440 5187 672 5257 δεσμοὺς
705 5185 880 5240 αὐτῶν
910 5184 1205 5256 διαρῤήξω,
1238 5183 1333 5237 καὶ
1365 5184 1462 5236 οὐκ
1486 5181 1753 5252 ὲργῶνται
1780 5182 1868 5234 αύο

276 5281 370 5333 τοὶ
398 5280 479 5332 ἔτι
508 5278 823 5351 ἀλλοτρίοις,
857 5278 950 5330 καὶ
981 5276 1248 5348 ὲργῶνται
1282 5266 1359 5345 τῷ
1398 5275 1586 5346 Κυρίῳ
1617 5272 1736 5344 Θεῷ
1764 5274 1863 5326 αύ-

276 5370 417 5433 τῶν,
443 5372 537 5424 καὶ
562 5371 650 5423 τὸν
675 5367 837 5422 Δαυῖδ
865 5367 1085 5438 βασιλέα
1106 5366 1282 5420 αὐτῶν
1310 5367 1594 5437 ἀναστήσω
1621 5366 1820 5428 αύτοῖςέ
1836 5384 1855 5417 ι

276 5462 511 5526 Τούτοις
535 5461 603 5515 τά
625 5461 977 5533 παραπλήσια
1009 5460 1101 5513 καὶ
1131 5462 1189 5512 ὲν
1219 5457 1391 5531 ἑτέρῳ
1416 5458 1508 5513 τοῦ
1542 5454 1705 5511 αὑτοῦ
1730 5474 1862 5527 προ-

277 5555 459 5623 φήτου
501 5553 651 5623 τόπῳ
693 5552 907 5624 εἴρηται
946 5552 1005 5603 ὲν
1044 5548 1270 5613 τούτοιςσ
1303 5572 1322 5601 ι
1372 5548 1498 5602 Ἰδοὺ
1534 5547 1735 5620 ἡμέραι
1775 5546 1865 5619 ἐρ-

1966 4619 2112 4674 erit:
2162 4625 2215 4672 et
2266 4614 2433 4671 faciet
2468 4613 2736 4683 judicium
2774 4622 2828 4669 et
2865 4613 3137 4683 justitiam
3176 4614 3229 4667 in
3272 4620 3437 4667 terra.
3472 4610 3533 4665 ln

1968 4709 2162 4764 diebus
2184 4707 2290 4763 illis
2318 4707 2618 4762 salvabitur
2642 4704 2779 4761 Juda
2798 4746 2813 4771 ,
2845 4713 2900 4761 et
2922 4704 3089 4760 Israel
3117 4702 3379 4758 habitabit
3402 4717 3535 4756 con-

1970 4799 2236 4856 fidenter:
2287 4806 2342 4853 et
2382 4797 2485 4852 hoc
2526 4805 2611 4851 est
2650 4812 2849 4852 nomen
2892 4793 3038 4865 quod
3082 4792 3355 4847 vocabunt
3383 4804 3529 4853 eum,

1972 4890 2238 4947 Dominus
2262 4933 2276 4958 ,
2308 4887 2537 4945 Joscdec
2567 4889 2620 4943 in
2655 4888 2937 4960 prophetis
2961 4888 2999 4939 ¹.
3021 4928 3034 4940 .
3058 4924 3071 4939 .
3096 4882 3153 4938 1η
3184 4883 3271 4938 die
3300 4883 3390 4936 illa
3410 4921 3426 4946 ,
3456 4882 3535 4935 ait

1967 4985 2234 5040 Dominus
2260 5024 2274 5048 ,
2301 4992 2580 5039 conteram
2605 4982 2795 5054 jugum
2824 4981 2891 5036 de
2918 4980 3058 5034 collo
3085 4992 3272 5033 eorum
3292 5016 3305 5040 ,
3337 4982 3393 5030 et
3420 4974 3536 5029 vin-

1968 5079 2091 5134 cula
2120 5092 2308 5133 eorum
2335 5076 2673 5145 disrumpam
2698 5116 2712 5140 ,
2742 5082 2794 5129 et
2837 5087 2947 5127 non
2987 5058 3417 5125 dominabuntur
3452 5067 3534 5123 eis

1968 5170 2202 5239 amplius
2242 5169 2443 5232 alieni,
2489 5168 2585 5224 sed
2627 5167 2865 5224 servient
2906 5164 3141 5219 Domino
3173 5160 3281 5217 Deo
3311 5175 3443 5224 suo,
3480 5169 3534 5215 et

1967 5260 2136 5315 David
2176 5259 2287 5331 regi
2348 5275 2448 5314 suo
2476 5273 2636 5331 quem
2661 5257 2939 5313 suscitabo
2966 5255 3047 5311 eis
3075 5254 3118 5309 ¹.
3144 5273 3163 5305 ι
3190 5252 3289 5308 His
3321 5252 3431 5306 fere
3462 5251 3537 5306 si-

1968 5356 2117 5409 milia
2149 5355 2202 5409 in
2234 5354 2341 5407 alio
2374 5353 2621 5422 ejusdem
2656 5350 2935 5422 prophetae
2978 5349 3100 5403 loco
3144 5343 3535 5402 dicuntur.his

1966 5447 2145 5503 verbis
2173 5465 2185 5501 :
2211 5464 2230 5497 ι
2257 5444 2395 5499 Ecce
2423 5443 2540 5499 dies
2564 5443 2821 5507 veniunt,
2845 5440 2980 5496 dicit
3006 5437 3271 5493 Dominus
3292 5477 3307 5502 ,
3338 5444 3392 5492 et
3417 5452 3540 5492 sus-

1967 5543 2146 5600 citabo
2194 5540 2420 5598 verbum
2474 5539 2674 5593 bonum
2718 5534 2863 5606 quod
2908 5534 3126 5589 locutus
3173 5544 3297 5586 sum
3343 5529 3409 5584 ad
3438 5528 3540 5583 do-

358 5706 407 5737 ”
443 5706 573 5764 Luc.
603 5706 832 5770 suum,
865 5707 952 5761 55.
1026 5706 1070 5739 ⁸⁷
1101 5703 1257 5761 Joan.
1293 5720 1349 5771 χ,
1389 5705 1474 5762 18.
1549 5704 1596 5739 ⁸⁸
1618 5702 1777 5760 Joan.
1815 5720 1845 5758 κ

1956 5701 2040 5758 15.
2118 5698 2162 5735 ’θ
2192 5697 2301 5756 Jer.
2332 5710 2445 5763 xvt,
2484 5691 2675 5761 lii-2|;
2730 5708 2861 5760 xvu,
2891 5689 2944 5746 1.
3019 5689 3037 5722 ³
3071 5685 3183 5742 Jcr.
3213 5700 3373 5754 χχιιι,
3404 5680 3533 5751 5,6.

281 5779 305 5809 ⁸
339 5774 449 5831 Jcr.
484 5795 611 5844 xxx,
643 5777 697 5839 8,
724 5777 778 5832 9.

610 5874 875 5935 Ρλτιιοι..
924 5871 1042 5934 Gtt.
1076 5869 1281 5933 XX".

3117 5859 3193 5919 37
