3950 6218
642 223 781 280 H65

1337 225 1607 283 EUSEBII
1644 228 2125 288 CESARIENSE
2161 230 2313 290 OPP.
2358 229 2545 287 PARS
2581 230 2669 285 ll'l.
2710 262 2781 274 —-
2818 230 3223 290 EXEGETICA.

3635 247 3722 303 llil

639 358 787 398 munt
817 339 982 398 Israel
1008 350 1063 398 et
1090 343 1159 398 ad
1189 342 1412 413 domum
1434 343 1598 403 Juda.
1625 345 1686 402 ln
1715 347 1914 404 diebus
1944 349 2053 405 illis
2078 356 2134 404 et
2160 349 2185 403 i1

2246 357 2286 413 Α
2316 364 2524 420 χονται,
2558 346 2707 416 λέγει
2734 346 2955 419 Κύριος,
2991 348 3084 401 καὶ
3109 347 3433 422 ἐξαναστήσω
3457 367 3521 404 ml
3540 352 3723 429 7%!in

638 443 883 504 tempore
909 434 1006 489 illo
1027 474 1042 498 ,
1074 435 1388 508 germinare
1421 436 1619 494 faciam
1670 438 1841 496 David
1881 457 2105 513 germen
2132 442 2218 513 j‘u-

636 528 802 583 stitia:
830 526 872 583 ³.
904 545 925 578 ι
950 525 1164 594 Quibus
1216 531 1482 588 continuo
1536 532 1761 603 subjicit
1790 554 1803 589 :
1867 555 1885 586 ι
1910 535 2048 602 Quia
2100 536 2214 592 haec

635 620 768 674 dicit
814 617 1124 675 Dominus:
1173 619 1292 677 Non
1345 622 1595 678 interibit
1637 623 1706 679 de
1748 623 1919 680 David
1967 627 2070 691 vir,
2116 626 2212 698 qui

633 710 820 767 sedeat
863 728 1030 783 super
1060 713 1320 769 thronum
1370 714 1570 770 domus
1601 715 1769 773 lsrael
1798 736 1811 772 :
1848 726 1903 773 et
1936 717 2004 773 de
2031 733 2215 774 sacer-

629 801 852 859 dotibus
880 805 1030 861 etde
1065 804 1271 862 Levitis
1301 822 1412 862 non
1448 807 1696 864 interibit
1730 810 1814 864 vir
1844 825 1875 865 a
1913 811 2052 867 facie
2090 826 2213 868 mea

628 893 722 962 qui
747 892 939 950 ollerat
966 894 1407 951 bolocautomata
1424 937 1441 963 ,
1468 906 1523 954 et
1550 899 1809 955 incendat
1841 900 2207 967 sacriﬁcium,

625 995 680 1045 et
718 987 890 1043 caedat
925 988 1180 1046 victimas
1208 990 1467 1046 omnibus
1497 991 1694 1049 diebus
1728 992 1771 1047 ⁸.
1810 1012 1830 1046 ι
1860 992 1925 1048 Et
1970 1009 2203 1050 rursus:

631 1099 650 1132 ι
675 1079 801 1136 llaec
827 1080 963 1137 dicit
992 1080 1303 1139 Dominus:
1339 1084 1397 1139 Si
1443 1085 1662 1142 irritum
1707 1095 1890 1159 potest
1940 1088 2057 1145 ﬁeri
2108 1104 2207 1160 pa-

623 1182 776 1229 ctum
805 1188 985 1229 meum
1014 1187 1139 1228 cum
1170 1174 1260 1231 die
1285 1215 1300 1241 ,
1330 1183 1386 1231 et
1415 1184 1636 1247 pactum
1656 1194 1838 1235 meum
1869 1194 1996 1236 cum
2020 1189 2201 1249 nocte,

622 1273 685 1319 ut
716 1282 823 1321 non
862 1266 935 1322 sit
976 1265 1096 1323 dies
1131 1274 1186 1322 et
1224 1282 1337 1323 nox
1365 1269 1422 1324 in
1451 1278 1696 1341 tempore
1724 1287 1859 1340 suo;
1891 1281 1947 1329 et
1981 1283 2200 1344 pactum

622 1374 801 1414 meum
833 1358 1045 1415 irritum
1075 1374 1200 1415 esse
1226 1362 1430 1431 poterit
1459 1378 1583 1419 cum
1627 1363 1798 1420 David
1837 1380 1996 1421 servo
2039 1382 2196 1435 meo,

621 1460 682 1503 ut
712 1465 820 1505 non
848 1451 920 1507 sit
947 1467 1011 1507 ex
1043 1466 1108 1506 eo
1137 1451 1281 1508 ﬁlius
1310 1453 1403 1524 qui
1434 1462 1623 1526 regnet
1654 1454 1708 1511 in
1739 1455 1938 1512 throno
1963 1457 2114 1527 ejus,
2142 1468 2200 1517 et

620 1539 822 1599 Levita:
847 1551 903 1598 et
932 1543 1248 1601 sacerdotes
1279 1547 1519 1602 ministri
1552 1549 1677 1602 mei.
1701 1547 1858 1604 Sicut
1884 1553 2194 1607 enumerari

618 1650 728 1690 non
752 1644 982 1706 possunt
1008 1637 1184 1693 stellae
1207 1638 1331 1693 coeli
1351 1677 1366 1701 ,
1395 1650 1450 1694 et
1475 1641 1657 1695 metiri
1685 1655 1854 1696 arena
1885 1642 2083 1707 maris,
2112 1644 2193 1700 sic

2318 438 2474 508 λόγον
2510 455 2612 507 μου
2642 438 2733 493 τὸν
2758 437 2984 507 ἀγαθὸν,
3021 438 3081 491 δν
3109 438 3340 511 ἐλάλησα
3366 441 3446 494 ἐπὶ
3466 442 3537 495 τὸν
3553 438 3651 499 οἷκον
3669 448 3728 503 Ίι.

2320 527 2554 600 ρουσαλὴ
2562 545 2602 599 μ
2647 527 2740 582 καὶ
2782 529 2877 582 ἐπὶ
2902 529 2995 582 τὸν
3015 522 3162 585 οἷκον
3197 528 3374 583 Ἰούδα·
3406 531 3456 583 ἐν
3480 536 3570 598 ταῖς
3588 536 3734 611 ἡμέρας

2315 622 2552 685 ὲκείναις
2589 621 2684 675 καὶ
2720 623 2777 675 ὲν
2805 620 2885 694 τῷ
2914 621 3093 695 καιρῷ
3129 622 3319 695 ἐκείνῳ
3343 625 3617 699 ἁνατελῶτῷ
3636 634 3740 686 Auli

2313 712 2579 786 ἀνατολὴν
2622 713 2859 769 δικαίαν.
2902 736 2922 768 ι
2958 709 3054 779 Οἷς
3096 713 3222 786 ἑξῆς
3260 715 3499 789 ἐπιφέρει,
3533 720 3739 777 bella:

2311 803 2456 874 λέγει
2490 804 2712 876 Κύριοςο
2757 804 2872 858 Ούκ
2916 803 3413 879 ὲξολοθρευθήσεται
3433 806 3499 879 τῷ
3525 809 3642 864 Δαυῖδ
3657 813 3741 885 ἀνὴρ

2310 896 2620 969 καθήμενος
2651 898 2744 951 ἐπὶ
2769 897 2962 970 θρόνου
2985 897 3134 952 οίκου
3171 899 3395 971 Ἰσραήλ·
3418 902 3497 954 καὶ
3512 902 3743 974 τάςίερεῦσι

2306 994 2421 1056 τοῖς
2460 992 2733 1054 Λευῖταις·
2763 991 2862 1044 οὐκ
2899 988 3398 1065 ὲξολοθρευθήσεται
3434 992 3546 1064 ἀνὴρ
3567 995 3615 1047 ἐκ
3637 1012 3743 1066 τρω-

2305 1083 2457 1139 ώπου
2488 1101 2591 1156 μου
2624 1084 2909 1156 ἀναφέρων
2940 1082 3362 1155 ὁλοκαυτώματα
3384 1084 3467 1138 καὶ
3487 1084 3742 1151 θύωνθυσίσν,

2304 1176 2399 1230 καὶ
2438 1175 2607 1231 ποιῶν
2649 1174 2798 1248 θῦμα
2846 1174 3028 1238 πάσας
3074 1174 3174 1240 τὰς
3216 1175 3436 1248 ἡμέρας.
3466 1195 3483 1228 ι
3516 1176 3600 1230 Καὶ
3626 1177 3742 1232 πάλιν*

2308 1287 2327 1319 ι
2364 1268 2502 1323 Τάδε
2534 1266 2679 1337 λέγει
2710 1266 2933 1339 Κύριος·
2970 1268 3035 1320 El
3071 1266 3437 1321 διασκεδάσετε
3468 1267 3548 1339 τὴν
3571 1268 3744 1340 διαθήκην

2303 1376 2405 1430 μου
2445 1357 2543 1432 τὴν
2587 1358 2822 1431 ἡμέραν,
2867 1357 2964 1412 καὶ
3000 1357 3098 1428 τὴν
3127 1357 3385 1431 διαθήκην
3415 1375 3502 1430 μου
3527 1357 3601 1431 τὴν
3621 1359 3741 1423 νύκτα,

2296 1455 2392 1513 τοῦ
2422 1454 2499 1528 μὴ
2529 1450 2669 1510 εἶναι
2702 1454 2916 1527 ἡμέραν
2950 1453 3045 1508 καλ⁵
3077 1452 3250 1508 νύκτα
3278 1455 3335 1508 ὲν
3365 1454 3437 1526 τῷ
3457 1455 3595 1526 καιρῷ
3612 1454 3739 1508 αὐτῶν

2296 1549 2392 1605 καί
2422 1565 2487 1620 γε
2517 1548 2551 1620 ή
2579 1547 2824 1621 Διαθήκη
2860 1564 2961 1619 μου
2996 1547 3499 1618 διασκεδασϐήσεται
3524 1545 3742 1617 peruasit

2295 1639 2391 1695 τοῦ
2418 1639 2608 1696 δούλου
2639 1656 2762 1711 μου,
2799 1638 2893 1692 τοῦ
2928 1637 3003 1711 μὴ
3038 1633 3179 1694 εἶναι
3212 1637 3358 1709 αύτῷ
3379 1637 3481 1691 υἰδν
3509 1636 3744 1708 βασιλεύοντι

617 1729 989 1800 multiplicabo
1036 1745 1222 1786 semen
1270 1729 1444 1788 David
1491 1732 1634 1788 servi
1688 1733 1819 1798 mei,
1870 1742 1927 1791 et
1975 1733 2185 1792 Levitas

2245 1751 2266 1805 ῃ
2294 1734 2387 1787 ἐπὶ
2424 1730 2517 1787 τοῦ
2549 1730 2740 1804 θρόνου
2770 1729 2957 1795 αὐτοῦ,
2996 1731 3093 1786 καὶ
3134 1732 3262 1795 τοὺς
3284 1730 3496 1794 Λευίτας
3527 1730 3623 1793 τοὺς
3644 1729 3747 1800 lapsi;

614 1822 898 1878 ministros
933 1838 1083 1879 meos
1115 1824 1159 1877 ³.
1187 1842 1209 1877 ι
1238 1824 1418 1895 Atque
1449 1824 1649 1881 iterum
1680 1834 1808 1897 post
1849 1842 2025 1899 pauca
2067 1830 2144 1884 ait
2171 1849 2186 1885 :

617 1934 637 1964 o
671 1913 797 1969 Haec
824 1915 957 1971 dicit
985 1913 1290 1973 Dominus:
1322 1916 1381 1972 Si
1412 1925 1633 1988 pactum
1664 1933 1844 1974 meum
1872 1919 2018 1975 inter
2043 1918 2190 1976 diem

611 2014 666 2061 et
695 2013 942 2071 noctem,
971 2012 1027 2062 et
1052 2007 1202 2079 leges
1230 2008 1373 2064 coelo
1397 2016 1452 2064 et
1486 2018 1647 2066 terra:
1674 2025 1783 2066 non
1808 2011 2006 2082 posui;
2032 2011 2189 2083 equi-

612 2096 734 2153 dem
761 2107 816 2153 et
842 2113 1026 2155 semen
1058 2097 1229 2154 Jacub
1254 2106 1309 2155 et
1339 2099 1508 2156 David
1544 2102 1687 2158 servi
1722 2102 1827 2158 mei
1859 2104 2144 2175 projiciam
2166 2144 2185 2171 ,

610 2196 671 2245 ut
697 2206 806 2246 non
837 2206 1112 2248 assumam
1140 2192 1207 2248 de
1237 2193 1448 2250 semine
1479 2193 1601 2263 ejus
1646 2195 1927 2266 principes
1956 2197 2187 2253 seminis

607 2279 881 2336 Abraham
901 2320 917 2346 ,
952 2279 1105 2337 Isaac
1136 2288 1191 2337 et
1221 2279 1392 2337 Jacob
1420 2282 1462 2338 °.
1496 2302 1514 2335 ι
1543 2280 1832 2349 Quodnam
1883 2283 2029 2338 enim
2060 2298 2181 2355 ger-

607 2389 732 2428 men
780 2371 1046 2429 Dominus
1102 2371 1295 2428 Davidi
1347 2373 1720 2430 suscitaturus
1749 2374 1883 2430 est?
1930 2373 2182 2429 Divinum

611 2465 870 2532 Verbum,
899 2466 968 2523 de
1015 2482 1125 2538 quo
1169 2467 1305 2523 alias
1352 2466 1595 2521 dicitur:
1629 2485 1648 2517 ι
1678 2465 1821 2521 Ecce
1848 2466 1954 2529 vir.
1984 2463 2182 2523 Oriens

606 2575 805 2616 nomen
846 2559 967 2629 ejus
1000 2560 1062 2628 ⁷;
1095 2579 1114 2610 ι
1144 2559 1238 2630 qui
1284 2568 1338 2614 et
1384 2566 1715 2629 regnaturus
1759 2558 2178 2630 praenuntiatur,

604 2666 670 2707 ac
706 2670 725 2703 ι
752 2651 976 2723 sapiens
1004 2651 1110 2706 erit
1142 2658 1197 2705 et
1235 2648 1397 2704 l‘aciet
1424 2648 1693 2719 judicium
1725 2656 1780 2704 et
1817 2647 2091 2718 justitiam
2124 2647 2179 2701 in

603 2750 772 2800 terra.
803 2763 822 2796 ι
844 2742 945 2798 llic
969 2751 1020 2799 et
1051 2742 1106 2798 in
1140 2742 1383 2798 tenebris
1413 2740 1735 2798 sedentibus
1765 2739 1964 2794 animis
1993 2750 2180 2811 surget

603 2837 693 2891 lux
724 2836 779 2892 in
814 2836 1027 2892 caelesti
1058 2851 1230 2907 regno
1270 2851 1410 2902 suo;
1474 2836 1706 2906 quique.
1747 2833 1904 2904 juxta
1944 2833 2178 2905 Aposto-

601 2930 833 2993 stolum,
872 2950 891 2983 (
919 2930 1201 3002 plenitudo
1243 2929 1487 3001 gentium
1521 2927 1748 3003 intrabit
1778 2928 1822 2992 ⁸,
1856 2949 1873 2980 ι
1906 2935 1961 2982 et
1995 2925 2175 2983 omnis

602 3038 763 3080 verus
790 3022 955 3079 Israel
983 3039 1108 3080 cum
1133 3021 1402 3093 spirituali
1429 3019 1588 3077 Juda.
1616 3018 2011 3086 Salvabuntur,
2034 3035 2173 3091 quos

598 3125 655 3173 et
681 3118 898 3174 vocabit
943 3116 1096 3188 ipsos
1140 3115 1407 3171 Dominus
1446 3114 1772 3170 nominatim
1796 3153 1811 3179 ,
1844 3128 1985 3184 quos
2020 3112 2174 3184 ipsos

598 3209 797 3280 dignos
830 3207 1105 3279 iudicabit
1148 3208 1204 3263 in
1245 3207 1507 3272 Josedec,
1551 3205 1697 3278 quod
1744 3207 2173 3279 interpretantur

596 3300 913 3371 Deijustos.
949 3299 1008 3355 In
1034 3299 1122 3357 die
1152 3308 1333 3357 autem
1363 3299 1456 3354 illa
1476 3338 1492 3363 ,
1523 3314 1649 3355 cum
1681 3299 1997 3355 liberaverit
2027 3297 2171 3355 Deus

595 3407 690 3448 eos
719 3405 750 3445 a
781 3390 984 3446 diaboli
1017 3390 1317 3455 servitute,
1347 3389 1484 3445 adeo
1516 3396 1576 3444 ut
1615 3404 1726 3445 non
1765 3387 1879 3461 jam
1919 3388 2035 3454 illi,
2065 3387 2167 3443 soli

593 3466 996 3540 vero’Domino
1026 3479 1142 3537 Deo
1171 3480 1448 3545 serviant,
1480 3480 1754 3536 oriturum
1782 3479 1866 3536 eis
1892 3479 2035 3534 Deus
2063 3478 2170 3534 Da-

593 3576 770 3635 videm
800 3592 983 3649 regem
1012 3575 1323 3648 pollicetur,
1377 3573 1591 3631 scilicet
1635 3579 1823 3627 natum
1871 3587 1902 3627 e
1943 3570 2167 3630 Davidis

591 3668 801 3725 semine
853 3665 1187 3724 Salvatorem
1245 3672 1495 3721 nostrum
1527 3705 1545 3731 ,
1598 3679 1758 3735 quem
1816 3664 2166 3735 peculiariter

591 3760 893 3831 Scriptura:
922 3760 1028 3816 hoc
1053 3757 1482 3830 designaverunt
1511 3756 1751 3813 nomine.
1778 3753 1840 3810 In
1871 3756 1975 3812 hac
1999 3757 2166 3829 igitur

589 3857 877 3931 prophetia
933 3856 1107 3913 David
1165 3855 1470 3913 secundum
1527 3852 1865 3909 Salvatorem
1912 3860 2163 3909 nostrum

587 3951 939 4009 existimatus
967 3949 1132 4005 homo
1160 3949 1384 4005 dicitur.
1432 3945 1669 4003 Germen
1714 3955 1897 4001 autem
1933 3945 2165 4016 justitia:

584 4044 759 4101 deitas
787 4051 872 4100 est
900 4058 1021 4114 quae
1047 4042 1102 4098 in
1134 4042 1254 4113 ipso
1279 4043 1441 4115 viget,
1467 4058 1486 4094 ι
1512 4040 1923 4111 εοΙῙιιειίιίωυ»
1958 4039 2014 4094 in
2042 4039 2163 4095 aliis

585 4136 893 4208 appellata;
926 4149 1052 4190 cum
1102 4134 1326 4209 quidem
1353 4151 1373 4185 ι
1403 4133 1496 4188 lux
1528 4148 1689 4198 vera,
1719 4147 1843 4205 qua:
1876 4133 2157 4188 illuminat

583 4243 802 4283 omnem
849 4228 1123 4284 hominem
1152 4227 1460 4283 venientem
1489 4225 1545 4280 in
1578 4225 1725 4281 hunc
1764 4225 2027 4281 mundum
2060 4226 2104 4280 ⁸.
2135 4243 2154 4277 ι

584 4319 696 4375 Deo
746 4319 913 4391 igitur
955 4318 1125 4382 dicit,
1174 4318 1321 4390 quod
1366 4333 1477 4373 non
1524 4317 1774 4372 interibit
1814 4316 1900 4373 vir
1944 4317 2055 4372 dux
2103 4313 2198 4372 et‘

2291 1827 2417 1889 τοὺς
2445 1823 2895 1896 λειτουργοῦντας
2929 1841 3040 1895 μοι’
3068 1822 3148 1889 ὡς
3186 1825 3286 1879 ούκ
3319 1822 3747 1896 ὲξαριθμηθήσεταιή

2288 1917 2517 1990 δύναμις
2541 1916 2637 1972 τοῦ
2664 1916 2918 1990 ούρανοῦ,
2956 1917 3078 1972 οὐδὲ
3118 1916 3560 1990 ὲκμετρηθήσεται
3583 1914 3747 1986 ﬁlum

2287 2009 2388 2080 τῆς
2416 2009 2714 2083 θαλάσσης,
2748 2009 2922 2074 οὕτως
2956 2008 3216 2081 πληθυνῶ
3246 2009 3307 2063 τὸ
3334 2009 3531 2081 σπέρμα
3555 2005 3671 2060 Δαυῖδ
3690 2004 3748 2057 τοῦ

2285 2102 2472 2157 δούλου
2516 2122 2622 2176 μου
2670 2104 2767 2158 καὶ
2808 2104 2936 2167 τοὺς
2980 2103 3216 2167 Λευῖτας
3259 2100 3381 2166 τοὺς
3418 2094 3749 2171 λειτουργῶν-ιὰ

2289 2213 2400 2268 μοι.
2435 2215 2452 2248 ι
2477 2197 2589 2252 Καὶ
2623 2191 2779 2261 αὖθις
2814 2195 2953 2269 μετὰ
2982 2195 3194 2268 βραχέα
3220 2193 3444 2266 εἴρηταιο
3478 2212 3495 2244 ι
3528 2191 3637 2246 Τάδε
3657 2189 3748 2257 λέγει

2284 2287 2508 2359 Κύριος·
2551 2288 2614 2340 El
2662 2285 2738 2358 μὴ
2783 2284 3090 2358 διαθήκηίν)
3140 2302 3243 2355 μου
3275 2283 3476 2357 ἡμέρας
3504 2282 3584 2336 καὶ
3611 2278 3747 2341 νυκτὸς,

2284 2377 2673 2452 ἀκριϐἁσματα
2705 2376 2937 2450 ούρανοῦ
2966 2377 3062 2431 καὶ
3090 2379 3197 2448 γῆς
3231 2376 3331 2430 οὐκ
3371 2374 3534 2440 ἔταξα,
3560 2371 3630 2426 καί
3653 2372 3750 2439 γετί

2285 2469 2507 2543 σπέρμα
2543 2467 2737 2524 Ἰακὼϐ
2761 2468 2856 2523 καὶ
2882 2467 3046 2522 Δαυῒδ
3065 2468 3163 2522 τὸν
3184 2467 3370 2522 δοῦλόν
3400 2483 3493 2539 μου
3509 2460 3747 2532 ἀποδοκιμῶι

2281 2561 2374 2616 τοῦ
2418 2561 2494 2633 μὴ
2532 2560 2717 2616 λαϐεῖν
2759 2563 2824 2615 ἐκ
2863 2558 2956 2614 τοῦ
3005 2561 3324 2632 σπέρματος
3352 2557 3503 2613 αύτοῦ
3530 2556 3746 2628 ἄρχονται

2280 2654 2391 2707 Καὶ
2426 2653 2511 2717 τίς
2538 2652 2605 2707 ἂν
2647 2652 2732 2723 εἴη
2785 2651 2890 2705 ὑπὸ
2927 2649 3021 2704 τοῦ
3072 2651 3284 2724 Κυρίου
3328 2646 3673 2720 ἁναστησομένη
3702 2638 3749 2711 τῷ

2279 2744 2441 2799 Δαυῒδ
2469 2744 2736 2816 ἀνατολή;
2780 2743 2839 2797 '0
2878 2742 3021 2805 θεῖος
3048 2743 3248 2812 Λόγος,
3282 2742 3405 2815 περὶ
3428 2735 3485 2795 οὗ
3517 2739 3595 2793 καὶ
3618 2735 3750 2790 hiri-

2281 2856 2394 2911 ροις
2420 2838 2654 2910 εἴρηται,
2689 2855 2707 2888 ι
2730 2835 2860 2890 Ἰδοὺ
2892 2832 3049 2908 ἀνὴρ,
3092 2832 3355 2905 ’Δνατολὴ
3382 2831 3534 2909 όνομα
3554 2823 3748 2898 circini:

2276 2932 2371 2985 καὶ
2425 2929 2762 3002 βασιλεύσειν
2815 2927 3224 3001 προφητεύεται
3266 2926 3361 2981 καὶ
3394 2945 3413 2979 ι
3461 2924 3660 2995 συνήσειν
3690 2916 3747 2970 καὶ

2276 3023 2522 3096 ποιήσειν
2544 3022 2719 3095 κρίμα
2745 3021 2838 3076 καὶ
2867 3019 3218 3093 δικαιοσύνην
3245 3020 3338 3074 ἐπὶ
3364 3021 3456 3091 τῆς
3478 3018 3582 3088 γῆς.
3605 3032 3620 3066 ι
3643 3004 3746 3070 uiroc

2202 3097 2244 3154 ε
2275 3114 2332 3170 δὲ
2359 3116 2453 3170 καὶ
2476 3117 2599 3180 ταῖς
2634 3117 2691 3168 ὲν
2726 3113 2906 3167 σκότει
2941 3110 3287 3185 καθημέναις
3315 3110 3501 3183 ψυχαῖς
3534 3100 3748 3171 ὲξανατεὶεῐ

2273 3207 2388 3279 φῶς
2408 3207 2549 3261 κατὰ
2576 3208 2673 3278 τὴν
2694 3206 2975 3278 βασιλείαν
3000 3204 3168 3259 αὑτοῦ
3193 3203 3293 3276 τὴν
3320 3201 3622 3274 ἐπουράνιονο
3661 3191 3746 3247 ἐὰν

2269 3301 2325 3355 δὲ
2373 3300 2514 3356 κατὰ
2562 3300 2652 3354 τὸν
2711 3298 3033 3353 ’Δπόστολον
3084 3318 3105 3349 ι
3138 3299 3202 3353 rb
3244 3298 3501 3372 πλήρωμα
3525 3292 3613 3346 τῶν
3640 3282 3745 3342 ENV

2269 3392 2506 3465 είσελθῇ,
2548 3412 2568 3444 ι
2615 3391 2713 3446 καὶ
2760 3392 2870 3456 πᾶς
2913 3392 2943 3445 ὁ
2990 3389 3248 3461 ἀληθινὸς
3310 3386 3513 3460 Ἰσραὴλ
3553 3382 3656 3455 μετὰ
3687 3372 3745 3430 τοῦ

2270 3482 2638 3555 πνευματικοῦ
2675 3476 2847 3537 Ἰούδα
2888 3481 3217 3555 σωθήσεται,
3254 3482 3349 3547 οὒς
3390 3482 3479 3536 καὶ
3500 3469 3743 3532 καλέπιαῦο

2267 3576 2392 3640 τοὺς
2410 3578 2450 3629 ὁ
2478 3574 2685 3648 Κύριος
2721 3574 3001 3646 ὀνομαστὶ,
3030 3573 3126 3640 οὓς
3155 3575 3342 3641 ἀξίους
3371 3571 3550 3634 αὐτοὺς
3566 3561 3743 3637 κρινεῖὲν

2265 3666 2344 3737 τῷ
2387 3668 2707 3733 Ἱωσεδεκὶν,
2759 3668 2896 3742 ὅπερ
2944 3666 3316 3740 ἑρμηνεύεται
3354 3667 3405 3720 οι
3441 3660 3538 3717 τοῦ
3559 3655 3669 3714 θεοῦ
3687 3651 3742 3705 δί-

2265 3775 2440 3814 καιοι.
2492 3760 2581 3813 Ἐν
2601 3759 2786 3833 ἐκείνῃ
2821 3759 2879 3813 δὲ
2915 3760 2981 3831 τῇ
3011 3757 3202 3831 ἡμέρᾳ
3236 3756 3373 3830 μετὰ
3395 3755 3452 3809 τὸ
3474 3743 3741 3833 ὲλευθερῶᾷι

2262 3851 2357 3907 τὸν
2372 3851 2504 3906 Θεὸν
2526 3853 2651 3917 τοὺς
2677 3850 3114 3924 προειρημένους
3151 3849 3262 3904 ἀπὸ
3293 3849 3389 3921 τῆς
3418 3845 3513 3901 ὑπὸ
3535 3843 3608 3897 τὸν
3629 3832 3743 3924 Baiis:

2262 3944 2354 4001 λον
2394 3922 2790 4017 αἰχμαλωσίας,
2957 3942 3158 4016 μηκέτι
3207 3943 3307 4014 μὲν
3354 3939 3551 4009 ἐκείνῳ,

2262 4013 2557 4109 Κυρίῳ⁷
2581 4035 2700 4107 Θεῷ
2724 4033 2905 4089 αὐτῶν
2922 4013 3232 4106 λατρεύειν,
3260 4031 3565 4102 ἀναστήσειν
3587 4013 3742 4081 air-0W

2260 4127 2394 4193 Θεὸς
2435 4129 2773 4200 ὑπισχνεῖται
2806 4125 3029 4199 βασιλέα
3063 4125 3158 4180 τὸν
3184 4124 3367 4189 Δαυῖδ,
3392 4123 3485 4179 οὐκ
3516 4117 3641 4174 ἄλλον

2259 4219 2354 4275 τοῦ
2383 4222 2447 4275 ὲκ
2475 4198 2789 4292 σπέρματος
2810 4198 2977 4271 νΔαυῒδ
3015 4219 3317 4290 γενομένου
3362 4214 3586 4285 Σωτῆρος
3618 4198 3739 4277 ἡμῶν·

2258 4315 2317 4368 ὃν
2341 4313 2609 4386 διαφόρως
2644 4316 2701 4367 αἱ
2733 4314 2946 4387 Γραφαὶ
2975 4314 3069 4368 καὶ
3095 4314 3276 4386 τούτῳ
3297 4313 3573 4385 προσεῖπαν
3593 4296 3739 4387 τῷδέ

581 4386 838 4484 princeps
878 4411 1139 4469 Ecclesia:
1178 4386 1323 4483 ejus.
1371 4411 1912 4483 spiritualisscilicet
1955 4410 2155 4466 domus

2262 4424 2413 4478 ματι.
2447 4406 2507 4461 '0
2541 4405 2640 4478 μὲν
2675 4386 2860 4460 οὖνέν
2888 4409 2953 4478 τῇ
2991 4406 3305 4480 προφητείᾳ
3340 4402 3494 4459 Δαυῖδ
3517 4386 3739 4508 ὁκαῗὰιτδν

580 4506 748 4562 lsrael
777 4522 793 4573 ;
821 4520 921 4560 nec
952 4504 1272 4576 spirituales
1302 4502 1399 4559 Dei
1428 4503 1746 4559 sacerdotes
1782 4516 2024 4573 unquam
2056 4501 2153 4558 de-
2184 4498 2185 4503 “

2256 4499 2482 4571 Σωτῆρα
2503 4501 2537 4571 ἡ
2545 4497 2660 4570 μῶν
2681 4498 2801 4553 νοού
2810 4516 2967 4569 μενος
2991 4497 3283 4571 ἄνθρωπος
3304 4498 3526 4567 λέγεται*
3548 4493 3576 4563 ἡ
3595 4487 3639 4542 δὲ

578 4598 826 4655 lecturos
874 4574 1000 4654 esse
1043 4596 1331 4668 Scriptura
1373 4597 1754 4668 prophetizat.
1808 4595 1940 4651 thus
1986 4593 2153 4665 spiri-

2253 4590 2380 4663 τολὴ
2402 4592 2436 4663 ὴ
2463 4591 2669 4656 δικαία,
2696 4591 2872 4662 ήκατ’
2895 4591 3055 4646 αὐτὸν
3077 4589 3382 4664 ὲνεργοῦσα
3401 4588 3588 4656 θεότης,
3609 4598 3625 4630 ι
3644 4574 3737 4668 limi

576 4690 724 4747 tuale
754 4688 1011 4753 ferentes,
1043 4660 1393 4758 suav-emque-
1406 4660 1676 4742 bonorum
1703 4698 1929 4756 operum
1973 4660 2153 4739 dicto-

2248 4660 2590 4755 δικαιοσύνης
2619 4703 2638 4736 ι
2674 4660 2733 4737 ὲν
2777 4682 2957 4748 ἄλλοις
2985 4660 3387 4757 ὀνομαζομένη⁸
3432 4677 3542 4734 ἐπεὶ
3573 4671 3645 4727 καὶ
3666 4684 3681 4717 ί
3700 4660 3736 4714 ’ὦ

576 4798 768 4839 rumve
795 4782 1054 4843 odorem,
1086 4793 1301 4834 necnon
1356 4778 1702 4834 incruentam
1734 4792 2039 4850 puramque
2067 4778 2150 4833 vi-

2253 4775 2371 4847 φῶς
2402 4777 2463 4831 rb
2489 4775 2739 4849 ἀληθινὸν
2766 4775 2796 4830 ὃ
2830 4775 3053 4847 φωτίζει
3085 4776 3269 4831 πάντα
3290 4774 3553 4848 ἄνθρωπον
3579 4758 3733 4835 ἐρχ⁶Ρ⁵³

575 4876 822 4931 ctimam.
866 4871 1000 4938 Quae
1039 4871 1186 4926 enim
1228 4871 1287 4926 ni
1316 4870 1391 4925 ita
1424 4871 1802 4942 acceperimus
1824 4909 1839 4934 ,
1871 4870 2148 4927 mendacii

2251 4886 2341 4925 νον
2370 4870 2449 4933 εἰς
2477 4868 2567 4923 τὸν
2597 4867 2799 4940 κόσμον
2830 4888 2849 4921 ι
2892 4869 2993 4922 ούκ
3035 4866 3173 4939 ἄλλη
3220 4885 3307 4932 τις
3343 4863 3497 4921 αὐτοῦ
3535 4852 3732 4942 ﬂuit“-

573 4965 893 5037 prophctias
921 4970 1196 5035 arguunt,
1228 4978 1356 5018 cum
1397 4939 1681 5019 terrestris
1718 4961 1945 5018 Davidis
1988 4962 2145 5017 thro-

2256 4959 2346 5032 Τῷ
2378 4958 2498 5031 Θεῷ
2533 4939 2713 5014 τοίνυν
2749 4959 2914 5032 φησίν
2947 4960 3049 5014 οὐκ
3084 4939 3733 5037 ῖεξολοθΡευθῆσεσθαιἆὶῖδρι

573 5034 694 5114 nus
724 5034 1078 5128 typicumque
1105 5053 1492 5116 sacerdotium.
1523 5070 1631 5111 non
1674 5057 1789 5125 jam
1818 5053 2142 5110 subsistant.

2251 5052 2551 5125 ἡγούμενον
2579 5052 2671 5107 καὶ
2700 5051 3015 5124 προεστῶτα
3035 5052 3133 5124 τῆς
3157 5046 3474 5119 Ἐκκλησίας
3496 5034 3732 5133 circini?“

572 5150 797 5205 Davidis
836 5148 1058 5219 quidem
1089 5163 1122 5204 e
1153 5146 1365 5204 semine
1396 5161 1554 5217 reges
1580 5145 1694 5217 jam
1724 5145 1979 5201 Jeremize
2005 5155 2145 5200 tem-

2248 5144 2397 5198 ἐστὶν
2425 5147 2454 5198 ὁ
2495 5143 2862 5214 πνευματικὸς
2902 5139 3051 5207 οἶκος
3105 5140 3343 5216 Ἰσραήλ·
3388 5137 3496 5193 ἀλλ’
3529 5129 3627 5187 οὐδὲ
3651 5129 3730 5179 τοὺς

571 5241 801 5312 poribus
841 5238 1054 5296 detrusi
1091 5245 1286 5306 erant;
1331 5238 1583 5295 leviticus
1620 5252 1751 5293 vero
1774 5278 1790 5303 ,
1833 5237 2146 5295 sacerdota-

2245 5236 2387 5292 κατὰ
2413 5237 2650 5292 διάνοιαν
2677 5238 2843 5310 ἱερεῖς
2861 5234 2956 5291 τοῦ
2981 5235 3118 5290 Θεοῦ
3141 5221 3430 5306 διαλείψειν
3451 5232 3480 5285 ὁ
3495 5227 3626 5295 λόγος
3643 5229 3729 5312 πρῖ

570 5300 746 5406 lisque
775 5332 957 5389 cultus
997 5346 1107 5388 non
1150 5300 1326 5386 multo
1374 5338 1500 5403 post
1532 5300 1837 5401 Salvatoris
1882 5330 2142 5386 incarna-

2245 5327 2488 5401 φητεύει,
2517 5329 2579 5384 rb
2608 5300 2979 5400 πνευματικὸν
3015 5300 3387 5400 ἀναφέροντας
3415 5319 3642 5406 θυμίαμα.

568 5427 776 5482 tionem
803 5439 1031 5482 eversus
1061 5431 1150 5481 est
1175 5442 1195 5497 ;
1223 5439 1291 5479 ex
1316 5438 1426 5496 quo
1468 5437 1617 5481 nunc
1646 5436 1822 5495 usque
1860 5436 1973 5479 non
2017 5421 2145 5479 licet

2245 5390 2343 5495 ἑήν
2375 5420 2443 5476 δι’
2471 5390 2649 5495 ιργων
2670 5390 2891 5493 ἀγαθῶν
2925 5421 3018 5476 και
3044 5390 3222 5493 λδέωςι
3247 5417 3310 5491 (ι.
3332 5415 3401 5472 ss
3426 5390 3498 5485 νο)
3516 5403 3651 5472 εὐώδη
3666 5390 3730 5451 ιιι

637 5612 659 5643 ³
679 5606 791 5666 Jer.
820 5622 1018 5673 xxxi",
1053 5607 1247 5677 ",15.
1321 5606 1344 5639 ‘
1374 5605 1507 5662 ibid.
1542 5605 1630 5674 Π,
1661 5604 1745 5666 18.
1821 5603 1994 5664 “ibid.
2022 5601 2185 5661 20.29

2287 5603 2328 5636 ιο
2353 5601 2582 5662 Malach.
2604 5620 2677 5665 IV.
2703 5602 2759 5658 ε.
2839 5602 2861 5634 ο
2890 5599 3127 5675 uides.
3155 5599 3247 5673 εδ.
3322 5598 3343 5633 τ
3369 5591 3569 5651 Zachar.
3592 5564 3727 5647 για

563 5681 767 5744 Ellam.
796 5680 987 5750 31,25.
1032 5680 1084 5765 θ’
1128 5681 1289 5741 Joan.
1322 5693 1373 5745 ι,
1411 5680 1446 5735 9
