4008 6208
294 297 431 355 I165

1343 289 1643 346 ECLOGA}
1683 283 2162 343 PROPIIETICIE.
2206 317 2276 326 —
2312 285 2442 341 LIB.
2483 285 2526 344 I.
2582 310 2584 312 ·

3413 286 3550 339 “CG

291 417 632 488 ἀναίμακτον
674 411 770 467 καὶ
807 411 1054 482 καθαρὰν
1095 409 1307 463 θυσίαν.
1349 408 1413 460 Εἰ
1449 408 1556 480 γὰρ
1607 408 1680 480 μὴ
1724 407 1849 462 ταῦε

1952 419 2078 466 ,οοε
2111 402 2266 458 adire
2296 400 2626 457 Jerusalem.
2658 400 2810 467 Quod
2857 400 2902 456 si
2945 400 3211 471 objicient
3247 400 3420 457 Judaei
3456 419 3552 474 per

291 509 464 572 οὕτως
491 506 839 577 ἐκλὰΰοιμεν,
870 504 988 575 ῶρα
1013 502 1228 572 ψευδεῖς
1261 500 1584 570 ἀπελέγχειν
1621 501 1720 564 τὰς
1749 517 1875 572 προ-

294 600 543 672 φητείας,
567 597 646 668 τῷ
679 598 814 668 μήτε
840 594 930 649 τὸν
956 594 1142 666 θρόνον
1166 592 1326 646 Δαυῒδ
1357 592 1703 662 σωματικῶς,
1736 595 1871 664 μήτε

292 692 391 761 τὴν
437 687 722 760 ἱερατικὴν
762 683 1135 755 λειτουργείαν
1174 682 1268 753 τὴν
1299 684 1534 752 τυπικὴν
1573 682 1740 734 εἰσέτι
1777 680 1872 735 νῦν

293 778 638 832 συνεστάναι·
672 776 781 830 τῶν
821 776 920 847 μὲν
959 777 1023 827 ἐκ
1060 774 1374 846 σπέρματος
1411 771 1574 828 Δαυῒδ
1608 771 1871 842 βασιλέων

289 869 350 936 ἐξ
368 871 546 924 αὐτῶν
567 870 679 924 τῶν
719 867 979 938 Ἱερεμίου
1009 867 1215 936 χρόνων
1240 866 1669 928 διαλελοιπότων,
1699 869 1798 936 τῆς
1817 866 1874 920 δὲ

287 963 564 1033 λευῑτικῆς
609 961 704 1014 καὶ
747 961 1025 1030 ἱερατικῆς
1071 957 1412 1030 λειτουργίας
1459 959 1575 1028 μετ’
1631 959 1691 1011 οὐ
1737 959 1869 1012 πολὺ

287 1058 390 1125 τῆς
408 1055 502 1107 τοῦ
523 1055 776 1124 Σωτῆρος
799 1051 954 1122 ήμῶν
982 1051 1299 1121 παρουσίας·
1327 1049 1385 1113 ἐξ
1410 1045 1476 1121 ἧς
1499 1049 1590 1102 καὶ
1617 1051 1696 1113 εἰς
1714 1049 1872 1121 δεῦρο

283 1147 410 1200 οὐδὲ
440 1145 740 1198 ἐπιὸαίνειν
763 1145 944 1206 αὐτοῖς
982 1142 1081 1211 τῆς
1123 1141 1723 1214 ’1ερουσαλὴμὲξεστιν.
1761 1143 1871 1195 Καὶ

286 1238 338 1288 εἰ
373 1235 632 1306 φάσκοιέν
665 1251 729 1302 γε
761 1237 808 1288 οἰ
841 1237 906 1288 ἐκ
939 1235 1238 1305 περιτομῆς
1265 1234 1331 1286 δι’
1363 1234 1422 1286 ὄν
1445 1250 1574 1296 φασι
1605 1234 1871 1305 πατριάρ-

286 1347 394 1399 χην
421 1330 495 1401 μὴ
521 1327 888 1381 ἐκλελοιπέναι
908 1327 968 1379 τὸ
995 1327 1214 1398 σπέρμα
1236 1325 1414 1388 Δαυῒδ,
1447 1325 1561 1378 ἀλλ’
1583 1324 1866 1394 ἐλεγκτέον

1980 509 2144 566 quem
2193 493 2386 548 dicunt
2430 494 2800 566 patriarcham
2851 509 2961 548 non
3013 494 3282 550 defecisse
3330 495 3552 553 Davidis

1981 604 2164 645 semen
2186 628 2202 651 ,
2238 588 2680 657 respondendum
2713 604 2821 642 non
2853 603 3015 658 posse
3044 605 3139 644 eos
3187 591 3332 644 hunc
3361 599 3552 647 osten—

1979 682 2110 738 dere
2153 683 2209 736 in
2260 681 2484 736 Davidis
2533 681 2672 736 solio
2717 681 3033 748 sedentem,
3086 683 3140 736 in
3185 683 3385 737 throno
3430 683 3552 753 ejus

1983 783 2328 844 regnantem,
2361 781 2526 845 atque
2555 773 2721 830 Israel
2773 775 3169 831 dominantem.
3229 774 3354 829 Ilaec
3402 779 3546 831 enim

1976 863 2261 933 prophetia
2291 863 2425 918 dicit
2456 880 2736 934 nunquam
2767 880 2892 920 esse
2931 855 3211 919 defectura
3237 907 3251 928 ,
3298 883 3419 937 qua:
3459 873 3546 920 ta-

1974 973 2098 1011 men
2128 973 2157 1009 a
2199 957 2532 1027 captivitatis
2569 966 2814 1028 tempore
2863 958 3151 1013 manifeste
3187 957 3544 1021 defecerunt,

1973 1064 2040 1103 ex
2069 1066 2178 1120 quo
2203 1051 2386 1105 nullus
2413 1065 2656 1120 unquam
2685 1051 2908 1105 Davidis
2936 1067 2966 1105 e
2999 1053 3208 1106 semine
3247 1066 3344 1106 rex
3375 1051 3546 1106 Israel

1975 1147 2268 1201 invenitur.
2322 1145 2464 1213 Quid
2511 1155 2565 1202 et
2606 1146 2674 1201 de
2720 1147 3029 1202 sacerdotio
3069 1147 3350 1211 dicereut,
3398 1161 3547 1201 nunc

1975 1235 2193 1305 penitus
2231 1234 2447 1299 deleto,
2497 1235 2644 1306 quod
2687 1245 2868 1292 tamen
2913 1252 3194 1306 nunquam
3240 1239 3545 1307 periturum

1973 1328 2259 1398 prophetia
2291 1329 2666 1398 praenuntiat?

283 1438 344 1473 τε
379 1419 485 1492 (γε)
518 1421 711 1483 αὐτοὺς
751 1419 826 1492 μὴ
858 1419 1188 1490 δυναμένους
1229 1417 1505 1483 ἀποδεῖξαι
1549 1416 1856 1488 καθήμενον
1895 1417 2055 1472 αὐτὸν
2081 1419 2173 1471 ἐπὶ
2196 1419 2386 1490 θρόνου
2416 1421 2602 1486 Δαυῖδ,
2633 1423 2726 1474 καὶ
2754 1421 3104 1491 βασιλεύοντα
3125 1423 3218 1474 ἐπὶ
3273 1421 3368 1474 τοῦ
3429 1421 3545 1493 θρό-

285 1532 376 1568 νου
410 1513 594 1578 αὐτοῦ,
640 1514 734 1566 καὶ
775 1511 1010 1582 ἄρχοντα
1053 1512 1145 1564 τοῦ
1199 1511 1434 1582 Ἰσραήλ·
1474 1509 1644 1563 ταῦτα
1686 1511 1796 1580 γὰρ
1823 1513 1856 1581 ή
1894 1511 2198 1582 προφητεία
2228 1513 2362 1584 φησί
2392 1511 2749 1584 μηδεπώποτε
2778 1514 3088 1584 διαλείψειν,
3145 1515 3297 1569 ἃκαὶ
3357 1517 3545 1586 σαφῶς

287 1609 617 1678 παρίσταται
650 1605 757 1660 ἀπὸ
781 1606 889 1659 τῶν
917 1607 1018 1678 τῆς
1075 1605 1452 1676 αἰχμαλωσίας
1483 1605 1690 1676 χρόνων
1722 1603 2114 1668 διαλελοιπότα,
2171 1605 2229 1672 ἐξ
2261 1602 2322 1660 οὗ
2371 1607 2506 1679 μηδέ
2539 1601 2619 1670 εἷς
2689 1605 3012 1676 βασιλεύσας
3074 1607 3168 1660 τοῦ
3210 1607 3424 1680 Ἰσραὴλ
3479 1609 3545 1661 ἐκ

287 1703 383 1756 τοῦ
417 1704 725 1776 σπέρματος
762 1701 923 1755 Δαυῖδ
953 1701 1353 1754 ἀποδείκνυται·
1383 1698 1436 1752 τί
1471 1699 1515 1751 δ’
1545 1699 1610 1752 ἂν
1638 1700 1866 1770 φήσαιεν
1905 1699 2000 1753 καὶ
2028 1698 2156 1771 περὶ
2192 1700 2290 1771 τῆς
2321 1700 2563 1772 ἐναργῶς
2604 1699 2746 1752 κατὰ
2777 1700 2867 1752 τὸν
2899 1700 3142 1770 παρόντα
3171 1701 3360 1772 καιρὸν
3406 1700 3544 1762 καθῇ·

285 1794 563 1869 ῃρημένης
606 1794 894 1866 ἱερατείας,
946 1795 1010 1864 ἦν
1040 1792 1398 1864 μηδεπώποτε
1438 1791 1983 1864 ἐξολοθρευθήσεσθαι
2011 1795 2044 1862 ὴ
2072 1795 2376 1866 προφητεία
2403 1793 2799 1866 προαγορεύει;

787 1909 1182 1962 ΚΕΦΑΛΛΙΟΝ
1231 1908 1351 1962 ΛΖ’.

894 2028 937 2078 Τ
935 2024 1006 2077 οὗ
1046 2025 1257 2080 αὑτοῦ.

355 2156 379 2192 ‹
419 2135 552 2192 Ἰδοὺ
581 2137 786 2209 ἡμέραι
823 2135 1096 2208 ἔρχονται,
1131 2139 1264 2209 φησί
1295 2138 1519 2210 Κύριος,
1553 2138 1645 2193 καὶ
1675 2140 1862 2211 διαθή-

279 2248 448 2302 σομαι
481 2231 558 2302 τῷ
582 2231 716 2300 οἴκῳ
758 2230 972 2302 Ἰσραὴλ
1008 2232 1102 2283 καὶ
1126 2231 1204 2302 τῷ
1228 2232 1361 2302 οἴκῳ
1407 2231 1574 2284 Ἰούδα
1601 2231 1861 2304 διαθήκην

274 2327 492 2396 καινήν·
533 2324 594 2377 ού
631 2322 773 2376 κατὰ
799 2322 898 2393 τὴν
931 2323 1195 2394 διαθήκην
1232 2324 1297 2392 ἦν
1326 2322 1580 2395 διεθέμην
1612 2326 1722 2388 τοῖς
1757 2341 1861 2376 πα-

271 2417 472 2488 τράσιν
503 2414 682 2468 αὐτῶν
712 2417 768 2468 ἐν
807 2414 988 2486 ήμέρᾳ
1013 2413 1400 2485 ἐπιλαϐομένου
1431 2432 1532 2484 μου
1561 2415 1662 2485 τῆς
1680 2413 1859 2485 χειρὸς

276 2508 461 2562 αὐτῶν
496 2509 787 2576 ἐξαγαγεῖν
821 2508 1016 2569 αὐτοὺς
1051 2507 1114 2559 ἐκ
1141 2509 1243 2577 γῆς
1268 2507 1561 2574 Αἰγύπτου·
1596 2507 1674 2558 ὅτι
1705 2507 1858 2559 αὐτοὶ

272 2603 376 2654 οὐκ
403 2601 684 2672 ἐνέμειναν
726 2603 780 2652 ἐν
815 2603 880 2671 τῇ
917 2597 1149 2670 διαθήκῃ
1189 2617 1311 2670 μου,
1346 2600 1440 2653 καὶ
1474 2599 1582 2667 ἐγὼ
1607 2597 1856 2669 ἠμέλησα

270 2693 474 2755 αὐτῶν,
506 2694 640 2764 φησί
658 2691 882 2762 Κύριος,
913 2695 994 2746 ὅτι
1027 2691 1162 2763 αὕτη
1189 2691 1495 2763 ήδιαθήκη,
1522 2691 1587 2762 ἦν
1610 2690 1857 2760 διαθήσο-

275 2801 376 2854 μαι
409 2781 486 2852 τῷ
508 2781 642 2852 οἴκῳ
676 2781 911 2854 Ἰσραήλ·
941 2781 1077 2852 μετά
1099 2782 1193 2843 τὰς
1221 2780 1433 2852 ἡμέρας
1463 2779 1696 2842 ὲκείνας,
1722 2779 1855 2848 φησί

269 2875 500 2949 Κύριος,
535 2875 710 2939 διδοὺς
751 2876 946 2946 νόμους
992 2892 1090 2945 μου
1129 2875 1208 2937 είς
1242 2875 1340 2945 τὴν
1380 2873 1616 2927 διάνοιαν
1653 2873 1851 2936 αὐτῶν,

268 2969 367 3022 καὶ
414 2969 505 3021 ἐπὶ
551 2968 778 3040 καρδίας
817 2967 1000 3020 αὐτῶν
1031 2966 1231 3036 γράψω
1264 2967 1480 3029 αὐτοὺς,
1524 2967 1619 3019 καὶ⁹
1662 2965 1852 3036 ἔσομαι

267 3063 456 3125 αὐτοῖς
491 3062 570 3125 είς
599 3061 752 3122 Θεὸν,
785 3061 879 3113 καὶ
917 3059 1076 3112 αὐτοί
1115 3059 1324 3112 ἔσονταί
1361 3074 1450 3129 μοι
1481 3059 1560 3121 είς
1589 3043 1733 3112 λαόν·
1761 3058 1853 3112 καὶ

265 3153 328 3205 οὐ
359 3153 432 3222 μὴ
457 3151 736 3216 διδάξωσιν
760 3150 988 3214 ἕκαστος
1013 3150 1104 3203 τὸν
1137 3149 1362 3220 πλησίον
1387 3148 1574 3211 αὐτοῦ,
1604 3149 1698 3202 καὶ
1719 3149 1849 3202 ’ἐκα-

2479 1907 2710 1962 CAPUT
2753 1908 3013 1962 XXXVII.

2605 2023 2687 2078 Ex
2721 2025 2920 2079 eodem.

2040 2161 2062 2196 σ
2107 2143 2248 2199 Ecce
2287 2143 2405 2199 dies
2451 2143 2714 2209 venient,
2745 2143 2878 2198 dicit
2919 2142 3220 2199 Dominus:
3257 2156 3310 2198 et
3348 2139 3537 2200 feriam

1961 2235 2148 2290 domui
2197 2235 2364 2292 Israel
2409 2245 2463 2291 et
2491 2235 2676 2292 domui
2726 2235 2864 2290 Juda
2916 2235 3094 2291 fmdus
3143 2251 3344 2291 novum
3379 2255 3394 2304 ;
3427 2255 3536 2292 non

1961 2326 2259 2382 secundum
2295 2335 2535 2397 pactum,
2587 2326 2734 2396 quod
2785 2327 2963 2398 pepigi
2999 2342 3123 2402 cum
3167 2329 3418 2398 patribus
3445 2344 3540 2383 eo-

1958 2435 2102 2483 rum,
2159 2420 2212 2473 in
2261 2419 2349 2474 die
2394 2436 2502 2490 qua
2552 2418 2884 2489 apprehendi
2935 2434 3156 2473 manum
3206 2435 3418 2484 eorum,
3478 2427 3538 2472 ut

1957 2506 2244 2564 educerem
2270 2525 2367 2566 eos
2419 2510 2487 2564 de
2535 2517 2684 2562 terra
2735 2507 2950 2578 Egypti
2983 2524 2997 2573 ;
3028 2515 3245 2577 pactum
3279 2509 3423 2578 quod
3458 2509 3537 2562 ir-

1956 2602 2120 2656 ritum
2156 2602 2422 2666 fecerunt,
2453 2610 2506 2657 et
2531 2617 2630 2674 ego
2659 2602 2974 2657 dominatus
3004 2617 3124 2657 sum
3159 2617 3370 2665 eorum,
3399 2602 3536 2656 dicit

1956 2692 2239 2748 Dominus.
2279 2695 2382 2749 Sed
2418 2695 2523 2749 hoc
2569 2693 2674 2749 erit
2719 2705 2958 2764 pactum,
2988 2693 3135 2762 quod
3175 2692 3363 2747 feriam
3407 2709 3533 2747 cum

1953 2785 2119 2842 domo
2155 2785 2321 2842 Israel
2351 2803 2364 2840 :
2401 2785 2534 2841 Post
2561 2786 2678 2839 dies
2721 2786 2865 2848 illos,
2903 2785 3036 2838 dicit
3069 2784 3352 2848 Dominus,
3389 2784 3534 2840 dabo

1956 2879 2124 2949 legem
2173 2893 2349 2934 meam
2387 2879 2442 2933 in
2481 2878 2796 2932 visceribus
2825 2891 3038 2938 eorum,
3068 2885 3122 2930 et
3159 2876 3214 2929 in
3247 2875 3410 2931 corde
3439 2891 3536 2932 eo.

1953 2987 2074 3025 rum
2106 2971 2341 3026 scribam
2357 2985 2510 3025 eam:
2539 2976 2592 3024 et
2624 2984 2720 3024 ero
2745 2969 2826 3024 eis
2856 2969 2909 3022 in
2937 2967 3124 3031 Deum,
3155 2977 3209 3022 et
3237 2967 3339 3036 ipsi
3373 2974 3536 3022 erunt

1953 3064 2084 3118 mihi
2121 3065 2174 3116 in
2209 3063 2490 3133 populum.
2524 3061 2588 3115 Et
2619 3077 2729 3117 non
2773 3061 2992 3116 docebit
3045 3062 3185 3114 ultra
3234 3061 3318 3115 vir
3347 3063 3534 3131 prosi-

1953 3171 2098 3210 mum
2126 3171 2306 3220 suum,
2338 3163 2394 3209 et
2430 3156 2515 3209 vir
2549 3153 2770 3210 fratrem
2820 3170 3002 3218 suum,
3047 3154 3236 3208 dicens
3265 3176 3276 3208 :
3312 3153 3532 3224 Cogno-

267 3261 395 3307 στος
432 3243 522 3296 τὸν
557 3243 785 3311 ἀδελφὸν
821 3241 986 3295 αὐτοῦ
1033 3241 1226 3310 λέγων,
1279 3240 1450 3294 Γνῶθι
1492 3240 1581 3295 τὸν
1624 3241 1843 3312 Κύριον·

1952 3263 2043 3304 sce
2089 3245 2378 3302 Dominum
2409 3266 2420 3300 :
2451 3262 2642 3302 omnes
2669 3247 2814 3302 enim
2847 3257 3178 3319 cognoscent
3205 3263 3309 3312 me,
3354 3262 3385 3301 a
3427 3248 3530 3301 mi-

262 3336 349 3388 δτι
380 3337 578 3399 πάντες
612 3335 886 3406 εἰδήσουσί
919 3352 983 3405 με
1025 3335 1134 3388 ἀπὸ
1175 3333 1371 3406 μικροῦ
1415 3333 1593 3387 αὐτῶν
1625 3333 1728 3397 ’ἐως
1754 3351 1849 3404 με-

263 3427 434 3496 γάλου
484 3425 682 3487 αὐτῶν,
730 3424 865 3494 φησί
911 3424 1135 3496 Κύριος·
1183 3425 1265 3477 ὅτι
1311 3423 1451 3487 ἵλεος
1489 3423 1684 3494 ἔσομαι
1727 3425 1847 3486 ταῖς

263 3519 505 3583 ἀδικίαις
546 3518 755 3580 αὐτῶν,
800 3518 895 3571 καὶ
939 3516 1048 3569 τῶν
1101 3515 1385 3588 ἁμαρτιῶν
1433 3515 1613 3569 αὐτῶν
1661 3515 1722 3567 οὐ
1772 3515 1846 3586 μὴ

266 3611 495 3682 μνησθῶ
517 3610 617 3664 ἔτι.
653 3629 672 3660 ι
707 3609 902 3679 Σαφῶς
937 3611 995 3661 ὲν
1019 3611 1141 3672 ταῖς
1167 3607 1449 3670 ἐπιούσαις
1478 3606 1714 3678 ἡμέραις
1735 3624 1850 3660 και-

263 3702 364 3774 νὴν
387 3703 646 3774 διαθήκην
670 3705 698 3754 ὁ
719 3701 920 3774 Κύριος
945 3699 1296 3771 διαθήσεσθαι
1327 3696 1697 3769 προθεσπίζει·
1726 3716 1846 3750 και-

264 3797 364 3867 νὴν
413 3797 472 3850 δέ
518 3796 597 3867 τῷ
634 3796 802 3867 μηδὲν
857 3795 1002 3866 ἐχειν
1049 3797 1234 3866 ὅμοιον
1275 3798 1342 3866 τῇ
1391 3794 1615 3866 παλαιᾷ,
1663 3795 1728 3865 ἢν
1759 3793 1846 3848 διά

262 3887 543 3950 Μωῦσὲως
597 3888 656 3939 ἐν
699 3891 765 3958 τῇ
799 3888 989 3958 ἐρήμῳ
1025 3887 1267 3940 δοθεῖσαν
1317 3885 1841 3958 προμεμαθήκαμεν.

263 3976 330 4029 Τί
359 3976 400 4028 δ’
429 3978 494 4029 ἂν
528 3976 664 4046 πρὸς
697 3976 871 4030 ταῦτα
899 3979 1054 4045 φαῖεν
1081 3978 1127 4028 οἱ
1157 3977 1219 4028 ἐκ
1249 3978 1570 4047 περιτομῆς,
1600 3974 1844 4046 ἐναργῶς

261 4067 592 4122 ἀποϐλέπειν
616 4067 1017 4140 ἐπιχειροῦντες
1040 4071 1159 4132 ταῖς
1187 4068 1565 4138 προφητείαις,
1596 4067 1688 4120 καὶ
1716 4067 1844 4138 μᾶλ-

260 4157 354 4212 λον
385 4157 698 4229 αἱρούμενοι
736 4158 944 4222 ἀτελεῖς
986 4159 1154 4223 αὐτὰς
1185 4159 1549 4212 ἐπιδεικνύναι
1585 4159 1619 4230 ἢ
1656 4159 1839 4212 πείθε-

263 4250 486 4320 σθαιτῇ
533 4250 778 4323 ἀληθείᾳ,
815 4251 903 4304 διὰ
945 4251 1036 4304 τοῦ
1084 4251 1480 4322 παραδέχεσθαι
1510 4251 1606 4324 τὴν
1650 4251 1838 4322 καινὴν

261 4339 369 4392 τῶν
413 4340 761 4408 Εὑαγγελιῶν
806 4341 900 4394 τοῦ
955 4341 1204 4414 Σωτῆρος
1248 4341 1404 4412 ήμῶν
1445 4341 1729 4413 διαθήκην,
1771 4338 1837 4414 ἧς

260 4432 712 4502 παραγενομένης
745 4431 1118 4485 πεπαλαίωται
1149 4435 1181 4503 ή
1218 4432 1430 4503 πρώτη,
1467 4433 1638 4505 πέρας
1669 4436 1837 4506 ἴσχειν

258 4521 543 4592 ἀρξαμένη
567 4522 626 4586 ἐξ
645 4525 766 4576 ὅτου
793 4524 1235 4594 παραγενόμενος
1255 4527 1283 4577 ό
1302 4525 1532 4598 Χριστὸς
1553 4526 1835 4598 ἐπλήρωσε

1953 3342 2104 3397 nimo
2147 3357 2339 3396 eorum
2393 3356 2566 3411 usque
2616 3342 2684 3395 ad
2733 3343 3051 3408 maximum,
3103 3342 3180 3397 ait
3227 3341 3526 3404 Dominus.

1953 3431 2079 3502 quia
2111 3431 2449 3502 propitiabor
2479 3431 2754 3501 iniquitati
2784 3441 3066 3494 corum,et
3097 3433 3309 3503 peccati
3337 3449 3525 3489 eorum

1952 3540 2060 3578 non
2090 3524 2434 3578 memorabor
2461 3509 2696 3594 amplius
2722 3522 2783 3574 ‘°.
2823 3542 2840 3574 ι
2880 3522 3166 3580 Manifeste
3197 3525 3249 3578 in
3290 3541 3526 3596 sequen-

1951 3616 2098 3672 tibus
2141 3616 2335 3672 diebus
2390 3631 2592 3670 novum
2647 3621 3033 3670 testamentum
3085 3614 3349 3670 Dominus
3397 3632 3427 3670 a
3467 3633 3527 3672 se

1953 3708 2252 3764 feriendum
2297 3707 2652 3778 pronuntiat;
2699 3723 2922 3770 novum,
2965 3705 3167 3776 quippe
3211 3707 3354 3776 quod
3388 3707 3526 3762 nihil

1949 3800 2115 3855 veteri
2135 3801 2670 3871 simile‘haberet,per
2685 3799 2904 3872 Moysen
2925 3801 2982 3855 in
3003 3799 3221 3855 deserto
3238 3799 3525 3870 pervulga-

1951 3902 2084 3949 tum.
2116 3893 2254 3961 Quid
2297 3896 2364 3950 ad
2421 3895 2534 3950 hare
2589 3896 2982 3966 responderent
3022 3893 3216 3961 Judaei,
3247 3894 3440 3949 oculos
3493 3908 3522 3946 a

1949 3985 2248 4056 prophetiis
2312 3994 2556 4042 avertere
2603 3996 2864 4042 conantes
2893 4025 2909 4050 ,
2963 4001 3164 4054 easque
3225 3985 3522 4054 inexpletas

1947 4092 2110 4146 quam
2141 4092 2299 4133 veras
2331 4077 2559 4131 inveniri
2599 4077 2887 4141 malentes,
2923 4083 3147 4146 accepto
3197 4073 3519 4146 Evangelia-

1947 4183 2067 4222 rum
2122 4167 2423 4224 Salvatoris
2464 4169 2635 4223 nostri
2695 4175 3046 4230 testamento,
3098 4182 3210 4237 quo
3255 4181 3519 4236 superve-

1945 4262 2128 4318 niente
2172 4263 2325 4333 prius
2367 4264 2725 4318 inveteratum
2759 4271 2884 4327 est;
2920 4261 3062 4334 quod
3098 4261 3315 4330 quidem
3367 4261 3518 4317 desi-

1945 4372 2074 4411 nere
2123 4356 2290 4426 caapit
2337 4371 2401 4411 ex
2445 4371 2555 4426 quo
2604 4355 2996 4425 superveniens
3040 4353 3294 4409 Christus
3344 4354 3516 4426 legem

1943 4453 2106 4514 atque
2161 4445 2228 4500 de
2281 4459 2340 4500 se
2390 4445 2509 4516 ipso
2559 4445 2872 4514 prophetias
2922 4445 3184 4514 implevit.
3241 4443 3516 4500 Venturos

1943 4538 2107 4607 igitur
2133 4537 2266 4592 dicit
2295 4537 2432 4604 dies,
2482 4537 2682 4608 quibus
2730 4537 2885 4593 feriet
2929 4536 3192 4594 Dominus
3221 4545 3518 4594 testamen-

257 4613 349 4666 τὸν
379 4614 549 4685 ιὸμον,
574 4615 667 4667 καὶ
690 4616 788 4677 τὰς
808 4615 932 4686 περὶ
956 4616 1120 4669 αὑτοῦ
1147 4617 1499 4688 προφητείας.
1527 4617 1712 4693 ⁹ξῐίξειν
1737 4619 1836 4690 μὲν

1952 4639 2053 4685 tum
2086 4630 2460 4701 novum,quod
2492 4630 2547 4684 in
2577 4630 2907 4701 evangelicis
2928 4631 3195 4702 scriptum
3227 4641 3312 4687 est
3338 4634 3512 4688 libris.

254 4701 352 4758 οὖν
390 4705 602 4776 ἡμέρας
647 4707 704 4759 ἐν
741 4703 827 4770 αἷς
869 4707 1218 4778 διαθήσεσθαί
1248 4727 1410 4780 φησιν
1443 4713 1471 4764 ὀ
1503 4710 1704 4782 Κύριος
1736 4712 1835 4782 τὴν

257 4796 452 4866 καινὴν
495 4796 790 4869 διαθήκην·
825 4797 970 4852 τοῦτ’
1012 4800 1124 4862 ἔστι
1164 4801 1262 4872 τὴν
1318 4801 1590 4874 ἔγγραφον
1632 4805 1689 4857 ἐν
1725 4808 1834 4868 τοῖς

255 4886 453 4958 (ἐντὸς)
481 4888 589 4940 τῶν
623 4889 996 4957 εὐαγγελικῶν
1025 4890 1265 4960 βιϐλίων.
1309 4893 1466 4964 Ἑξῆς
1503 4893 1548 4946 δ’
1585 4897 1834 4968 ἐπιφέρει

253 4979 430 5048 λέγων
455 4982 483 5033 ὁ
517 4981 677 5045 αὐτὸς
705 4978 930 5054 Κύριος,
962 4982 1037 5047 ὡς
1073 4983 1212 5054 μετά
1233 4985 1331 5050 τὰς
1357 4987 1571 5058 ἡμέρας
1595 4989 1828 5056 ἐκείνας,

253 5071 314 5124 ἐν
354 5072 545 5136 αὑταῖς
579 5073 639 5142 (f.
677 5074 764 5144 '57)
801 5077 919 5139 ταῖς
951 5075 1212 5140 διανοίαις
1243 5077 1348 5130 τῶν
1381 5079 1831 5151 παραδεξομένων

250 5159 353 5230 τὴν
395 5162 586 5232 καινὴν
616 5161 882 5234 διαθήκην
923 5164 1212 5236 ἐγγράφων
1257 5168 1382 5231 τοὺς
1423 5169 1583 5232 ἰδίους
1609 5170 1826 5242 νόμους,

250 5250 394 5306 ὥστε
421 5253 616 5316 αὐτοὺς
643 5250 781 5307 εἶναι
806 5259 884 5320 εἰς
912 5255 1037 5309 λαὸν
1067 5255 1142 5328 τῷ
1173 5257 1312 5329 Θεῷ,
1342 5260 1433 5312 καὶ
1458 5261 1618 5314 αὐτὸν
1647 5263 1828 5326 αὐτοῖς

248 5345 336 5406 εἰς
369 5343 522 5406 Θεὸν,
573 5345 821 5417 οὐδαμῶς
865 5347 955 5400 ὑπ’
983 5347 1326 5422 ἀνθρωπίνης
1355 5351 1699 5416 διδασκαλίας
1733 5354 1825 5406 ἐπὶ

245 5434 311 5489 τὸ
335 5435 623 5504 γινώσκειν
643 5438 733 5490 τὸν
758 5439 959 5510 Κύριον
985 5442 1470 5513 παραγινομένους,
1496 5445 1823 5518 αὑτομαθεῖς

245 5525 295 5578 δ’
323 5526 533 5600 ῶσπερ,
580 5530 778 5600 μᾶλλον
816 5533 874 5586 δέ
915 5533 1286 5600 θεοδιδάκτους
1327 5537 1644 5609 ἐσομένους,
1678 5540 1706 5594 ὃ
1735 5543 1828 5595 καὶ

246 5619 384 5673 αὐτὸ
430 5621 733 5695 καταμάθοι
775 5624 840 5678 ἄν
895 5644 979 5691 τις
1024 5627 1165 5683 κατὰ
1211 5631 1301 5686 τὸν
1354 5632 1592 5705 παρόντα
1637 5635 1827 5708 καιρὸν

328 5777 372 5809 ⁸⁵
415 5777 527 5835 Jer.
562 5796 710 5846 xxxi,
745 5782 929 5838 51-34.

1935 4724 2069 4778 Dein
2105 4725 2330 4794 subjicit
2376 4723 2565 4778 dicens
2596 4723 2712 4794 ipse
2748 4723 3033 4786 Dominus,
3065 4725 3209 4788 quod
3248 4734 3370 4793 post
3396 4724 3514 4780 dies

1933 4817 2056 4894 illos
2095 4817 2164 4871 'in
2214 4816 2523 4872 visceribus
2556 4832 2745 4871 eorum
2799 4803 2912 4888 qui.
2947 4833 3145 4870 novum
3198 4817 3514 4884 acceperint

1931 4917 2338 4975 testamentum,
2371 4911 2516 4980 leges
2539 4926 2666 4965 suas
2713 4911 2936 4973 scribet,
2971 4917 3031 4964 ut
3058 4910 3167 4964 sint
3191 4909 3265 4961 illi
3310 4907 3420 4964 Deo
3455 4909 3509 4963 in

1930 5003 2213 5073 populum,
2245 5003 2467 5073 ipseque
2508 5003 2616 5058 illis
2660 5005 2710 5058 in
2769 5003 2962 5063 Deum.
3016 5002 3238 5056 minime
3270 5001 3508 5055 humana

1932 5093 2178 5150 doctrina
2207 5095 2273 5149 ad
2301 5095 2515 5150 Domini
2537 5095 2818 5151 scientiam
2849 5094 3089 5157 adducti,
3123 5094 3217 5148 sed
3243 5094 3311 5147 ab
3341 5093 3508 5165 ipsis-

1933 5187 2182 5256 metipsis
2209 5187 2291 5241 vel
2333 5187 2517 5257 potius
2549 5204 2574 5238 a
2606 5186 2719 5241 Deo
2757 5186 2956 5245 edocti.
2999 5201 3119 5256 quae
3157 5186 3372 5255 quidem
3407 5202 3506 5240 no-

1934 5287 2048 5331 stro
2080 5284 2328 5347 tempore
2357 5278 2578 5348 impleta
2605 5277 2785 5348 quivis
2819 5277 2976 5331 facile
3010 5277 3291 5346 percipiet.
3334 5276 3507 5347 Quip-

1931 5377 1998 5432 pe
2031 5363 2214 5420 videre
2244 5373 2329 5420 est
2361 5367 2633 5436 quomodo
2669 5366 2722 5419 in
2758 5366 2968 5421 viscera
3018 5375 3072 5421 et
3103 5367 3270 5421 corda
3312 5382 3504 5422 eorum

1929 5459 2025 5528 qui
2055 5473 2152 5528 per
2177 5457 2454 5515 Christum
2490 5461 2542 5514 in
2591 5459 2758 5515 Deum
2799 5459 3050 5524 credunt,
3100 5475 3303 5513 novum
3333 5466 3506 5515 testa-

1935 5556 2175 5602 mentum
2204 5547 2524 5619 Dominiq-ue
2558 5550 2710 5620 leges
2734 5549 2937 5619 scripta
2981 5549 3110 5613 sint,
3135 5550 3502 5620 ,perspicienti

1935 5637 2077 5693 inter
2119 5653 2221 5692 nos
2258 5639 2661 5696 multitudinem
2693 5641 3026 5709 privatorum
3067 5641 3349 5697 hominum
3399 5641 3502 5698 hac
