3950 6218
224 207 362 266 “69

1283 219 1577 277 ECLOGE
1618 219 2099 278 ΡΙὶΟΡίΙΕΤΙΕΑΕ.
2141 254 2210 263 —-
2247 223 2376 280 LIB.
2412 224 2455 281 1.

3289 233 3474 306 ,ιιτο

217 329 326 384 τῶν
363 329 660 402 ὲπικτητνήν
679 331 779 402 τὴν
814 331 906 386 τοῦ
963 332 1096 388 Θεοῦ
1155 336 1525 408 προσηγορίαν
1577 337 1794 407 ἐσχηκό-

1906 337 1962 391 in
1999 339 2165 396 terris
2203 341 2356 398 visus
2405 347 2530 407 est;
2569 359 2588 394 ι
2643 342 2871 408 scilicet,
2924 352 2982 398 ut
3035 355 3270 413 constat,
3325 362 3473 420 post-

218 437 346 473 των.
375 439 392 469 ι
426 418 577 473 Μετὰ
603 419 759 473 τοῦτο
799 421 906 486 δὲ,,
937 423 1118 492 φησὶν,
1162 424 1253 476 ἐπὶ
1294 424 1392 494 τῆς
1443 424 1547 495 γῆς
1580 423 1756 494 ὦφθηο
1779 445 1797 476 ι

218 512 374 582 δῆλον
405 513 486 564 ὅτι
527 511 664 582 μετὰ
692 513 752 566 τὺ
778 513 868 567 διά
907 515 1070 585 νόμου
1106 517 1198 568 καὶ
1238 517 1532 589 προφητῶν
1564 517 1661 590 τὴν
1697 521 1804 572 πᾶ-

221 620 320 658 σαν
365 604 479 658 ὁδὸν
523 605 622 675 τῆς
655 605 980 674 ἐπαγγελίας
1009 606 1315 662 δεδωκέναι·
1363 629 1380 660 ι
1405 609 1622 681 ἐξεῦρεν
1655 610 1761 681 γὰρ
1785 650 1801 673 ,

219 696 372 765 φησὶ,
442 698 621 750 πᾶσαν
684 697 803 751 ὁδὸν
866 702 1196 770 ἐπιστήμης,
1239 701 1333 754 καὶ
1359 701 1550 754 ἔδωκε»
1633 703 1802 774 αὐτὴν

230 786 531 857 Ἰακὼὸτῷ
569 787 717 842 παιδὶ
754 789 942 854 αὑτοῦ,
983 791 1078 843 καὶ
1119 792 1332 864 Ἰσραὴλ
1363 790 1440 862 τῷ
1460 793 1802 863 ἠγαπημένῳ

221 875 311 929 ὑπ’
336 876 520 930 αὑτοῦ·
557 873 676 931 εῐτα
715 897 735 930 ι
781 879 918 949 μετά
958 879 1118 936 τοῦτο
1143 881 1236 934 ἐπὶ
1259 881 1357 952 τῆς
1385 881 1490 950 γῆς
1504 879 1680 953 ὤφθη,
1709 883 1804 936 καὶ

217 970 333 1031 τοῖς
365 967 669 1039 ἀνθρώποις
701 973 1133 1044 συνανεστράφη.
1170 991 1189 1024 ι

738 1063 1134 1118 ΚΕΦᾹΛΑΙΟΝ
1189 1065 1280 1119 Μ’.

706 1155 847 1209 Ἀπὸ
869 1156 975 1210 τοῦ
1013 1155 1313 1224 Ἰεζεκιήλ.

300 1263 321 1296 ι
361 1245 505 1298 Ἀντὶ
523 1245 712 1300 τούτου
729 1247 853 1301 τάδε
870 1248 1014 1316 λέγει
1040 1249 1242 1320 Κύριος
1263 1267 1276 1280 ·
1315 1251 1467 1316 Ἰδοὺ,
1497 1251 1608 1321 ἐγὼ
1635 1254 1800 1325 κρίνω

217 1333 490 1404 ἀναμέσον
522 1336 794 1407 προϐάτου
840 1338 1060 1410 ἰσχυροῦ
1094 1342 1188 1393 καὶ
1209 1343 1492 1412 -ἀναμέσον
1527 1345 1799 1414 προϐάτου

218 1427 501 1492 ἀσθενοῦς.
540 1429 663 1482 Ἐπὶ
689 1432 808 1493 ταῖς
838 1431 1094 1502 πλευραῖς
1122 1433 1216 1486 καὶ
1249 1437 1360 1498 τοῖς
1393 1434 1561 1506 ὤμοις
1589 1437 1799 1490 διωθεῖ-

219 1515 336 1580 σθε,
356 1519 450 1570 καὶ
480 1521 591 1582 τοῖς
609 1519 832 1589 κέρασιν
852 1521 1003 1592 ὑμῶν
1025 1525 1388 1595 ἐκερατίζετεο
1412 1528 1519 1579 πᾶν
1546 1528 1606 1580 τὸ
1631 1528 1801 1582 ἐκλεῖ-

219 1625 320 1664 πον
353 1610 688 1681 ὲξεθλίψατε.
715 1613 824 1667 Καὶ
838 1611 996 1666 σώσω
1010 1614 1076 1668 τά
1101 1615 1349 1687 πρόϐατά
1373 1635 1494 1688 μου,
1521 1621 1614 1672 καὶ
1634 1621 1692 1672 οὐ
1725 1619 1797 1692 μὴ

1905 445 2069 500 quam
2109 432 2284 488 omnis
2315 433 2592 505 Evangelii
2635 435 2721 490 via
2752 451 2848 506 per
2879 436 3048 508 legem
3079 447 3132 493 et
3181 443 3473 510 prophetas

1899 528 2090 589 aperta
2121 527 2225 577 est.
2263 541 2282 574 ι
2320 523 2614 577 Adinvenit
2671 526 2848 588 enim,
2901 525 2998 590 ait,
3052 541 3265 582 onmem
3330 531 3471 587 viam

1904 612 2227 684 disciplina},
2279 622 2335 669 et
2385 615 2610 670 tradidit
2668 617 2813 670 illam
2863 615 3032 672 Jacob
3061 634 3230 689 puero
3258 637 3380 687 suo,
3419 631 3473 679 et

1905 701 2071 758 Israel
2116 704 2317 760 dilecto
2366 721 2506 773 suo;
2545 725 2562 758 ›
2618 706 2765 772 dein,
2805 726 2822 758 ι
2881 716 3004 779 post
3062 710 3176 765 haec
3213 711 3267 766 in
3315 717 3476 769 terris

1905 794 2055 850 visus
2087 803 2196 861 est,
2219 804 2274 852 et
2301 812 2423 852 cum
2454 796 2764 854 hominibus
2795 809 3148 859 conversatus
3182 811 3286 860 est.
3327 822 3346 857 ι

2495 1062 2722 1118 CAPUT
2761 1063 2874 1120 XL.

2455 1152 2538 1205 Ea:
2604 1152 2892 1208 Ezechiele.

1978 1261 1996 1294 ι
2039 1241 2167 1298 llaec
2208 1251 2403 1298 contra
2437 1243 2571 1298 dicit
2615 1243 2921 1300 Dominus:
2967 1245 3106 1300 Ecce
3158 1261 3258 1316 ego
3286 1246 3475 1316 judico

1901 1334 2044 1393 inter
2096 1351 2264 1405 pecus
2313 1339 2511 1407 pingue
2540 1346 2594 1392 et
2628 1353 2792 1407 pecus
2847 1339 3192 1392 macilentum
3229 1358 3242 1393 :
3276 1355 3374 1410 pro
3407 1355 3474 1396 eo

1899 1425 2044 1496 quod
2073 1425 2336 1480 lateribus
2361 1436 2414 1480 et
2441 1426 2684 1482 humeris
2718 1426 3117 1496 impingebatis,
3139 1437 3192 1482 et
3215 1428 3474 1484 cornibus

1900 1517 2102 1573 vestris
2127 1518 2474 1573 ventilabatis
2499 1519 2682 1572 omnia
2716 1518 2928 1573 infirma
2953 1533 3170 1591 pecora,
3204 1520 3377 1575 donec
3400 1521 3477 1576 di-

1899 1618 2284 1681 spergerentur
2307 1610 2488 1666 foras:
2532 1611 2752 1666 salvabo
2791 1625 3006 1682 gregem
3050 1627 3251 1677 meum,
3282 1621 3335 1668 et
3366 1629 3474 1673 non

215 1693 353 1755 ὦσιν
384 1703 463 1756 ἔτι
517 1706 596 1767 εἰς
639 1706 947 1782 προνομὴν,
985 1708 1078 1760 καὶ
1119 1708 1291 1779 κρινῶ
1335 1709 1602 1780 ἀναμέσον
1645 1712 1798 1783 κριοῦ

1904 1701 2008 1757 erit
2037 1701 2176 1755 ultra
2209 1701 2264 1755 in
2293 1702 2564 1772 rapinam,
2590 1701 2922 1772 etjudicabo
2944 1702 3084 1756 inter
3116 1717 3282 1772 pecus
3307 1711 3360 1757 et
3383 1718 3476 1772 pe-

217 1793 357 1864 πρὸς
396 1795 572 1864 κριόν·
617 1797 710 1850 καὶ
754 1797 1060 1869 ἀναστήσω·
1084 1801 1265 1864 αὐτοῖς
1319 1801 1546 1872 ποιμένα
1587 1803 1798 1874 ἕτερον·

218 1884 315 1938 καὶ
347 1886 677 1959 ποιμανεί[ς]
718 1888 944 1952 αὐτοὺς,
993 1889 1084 1943 τὸν
1129 1889 1314 1944 δοῦλόν
1355 1909 1456 1962 μου
1499 1893 1678 1956 Δαυῖδ,
1709 1896 1802 1948 καὶ

215 1977 371 2029 ἔσται
404 1978 582 2031 αὐτῶν
603 1979 826 2050 ποιμὴν.
860 1981 954 2033 καὶ
987 1980 1179 2052 ἔσομαι
1208 1984 1391 2047 αὐτοῖς
1411 1985 1490 2048 είς
1518 1984 1668 2050 Θεὸν,
1706 1989 1802 2042 καὶ

215 2066 383 2120 Δαυῖδ
411 2069 594 2140 ἄρχων
626 2072 684 2124 ἐν
715 2071 865 2142 μέσῳ
903 2072 1102 2125 αὐτῶνθ
1135 2072 1246 2142 ἐγὼ
1276 2074 1481 2146 Κύριος
1503 2075 1798 2149 λελάληκα.

215 2159 330 2211 Καὶ¹
371 2159 692 2233 διαθήσομαι
733 2161 810 2233 τῷ
853 2163 1012 2216 Δαυῒδ
1059 2164 1324 2238 διαθήκην
1356 2169 1570 2240 καινὴν,
1614 2169 1800 2240 διαθή-

214 2266 322 2320 κην
351 2252 591 2322 εἰρήνης.
620 2273 638 2304 ι
685 2254 836 2306 Ἐπεὶ
875 2257 968 2308 καὶ
1021 2256 1078 2308 ὲν
1114 2256 1290 2321 ἄλλοις
1336 2259 1424 2312 τὸν
1471 2261 1804 2331 προφητευό-

214 2357 381 2408 μενον
405 2341 563 2395 dat/EB
589 2345 687 2397 οὐκ
724 2344 880 2398 ἄλλον
915 2346 1230 2418 ἀποδίδομεν
1261 2349 1356 2402 τοῦ
1397 2350 1460 2402 ὲκ
1495 2351 1804 2422 σπέρματος

207 2431 380 2484 Δαυῖδ
413 2433 774 2504 γεγενημένου
821 2434 1072 2504 Σωτῆρος
1100 2437 1275 2506 ήμῶν,
1320 2438 1509 2491 τούτου
1546 2439 1610 2510 δὴ
1643 2439 1802 2510 χάριν

207 2521 312 2572 καὶ
337 2519 523 2572 ἐνθάδε
553 2521 648 2592 τὴν
665 2522 970 2592 περικοπὴν
997 2525 1478 2596 ὲπεσημψάμεθω
1499 2528 1582 2590 τίς
1605 2528 1712 2598 γάρ
1734 2527 1800 2582 ἂν

201 2607 374 2672 ἄλλος
400 2611 453 2662 εί
457 2629 482 2680 η
505 2611 532 2662 6
560 2611 865 2685 ποιμαίνειν
897 2611 1104 2682 μέλλων
1134 2614 1205 2668 τὰ
1223 2616 1313 2668 τοῦ
1333 2618 1535 2688 Κυρίου
1555 2618 1803 2689 πρόϐατα

206 2702 360 2772 μετὰ
393 2702 454 2755 τὺ
487 2703 739 2774 κριθῆναι
774 2708 913 2762 αὐτὰ
947 2710 1037 2762 ὑπ’
1079 2709 1244 2763 αὑτοῦ
1267 2750 1280 2774 ,
1316 2711 1348 2781 ἢ
1379 2714 1408 2765 6
1453 2712 1609 2782 μόνος
1637 2714 1800 2778 καλὸς

205 2793 443 2866 ποιμὴν,
469 2797 498 2848 6
540 2796 616 2867 μὴ
661 2798 930 2869 ὑπεριδὼν
968 2800 1302 2873 διωθούμενα
1344 2803 1437 2856 κα)⁵
1481 2803 1801 2875 διολλύμενα

209 2884 322 2937 ὑπὸ
357 2885 467 2938 τῶν
499 2887 886 2958 ἀντικειμένων
914 2889 1194 2961 δυνάμεων
1216 2891 1284 2945 τὰ
1310 2892 1502 2960 λογικὰ
1533 2894 1634 2962 τῆς
1664 2895 1799 2960 ιδίας

1905 1808 2022 1847 cus.
2064 1791 2124 1846 Et
2159 1793 2438 1848 suscitabo
2483 1809 2649 1863 super
2701 1808 2796 1848 eos
2853 1801 3127 1864 pastorem
3161 1810 3348 1861 unum,
3381 1795 3474 1865 qui

1905 1891 2223 1955 pascateos,
2257 1900 2472 1941 servum
2504 1899 2684 1939 meum
2719 1883 2924 1940 David:
2961 1885 3075 1956 ipse
3123 1894 3310 1956 pascet
3355 1902 3472 1951 eos,

1903 1985 1958 2033 et
2005 1977 2123 2048 ipse
2151 1977 2256 2032 erit
2296 1977 2377 2032 eis
2411 1977 2464 2030 in
2506 1983 2802 2049 pastorem.
2833 1976 2948 2049 Ego
2994 1986 3172 2032 autem
3215 1978 3475 2035 Dominus

1902 2085 1998 2126 ero
2030 2071 2112 2126 eis
2151 2069 2204 2124 in
2258 2068 2470 2136 Deum:
2504 2075 2558 2123 et
2585 2083 2776 2125 servus
2811 2085 2964 2124 meus
3005 2070 3172 2125 David
3221 2072 3476 2143 princeps

1903 2164 1958 2218 in
1983 2160 2164 2217 medio
2187 2177 2376 2217 eorum
2409 2175 2546 2233 :ego
2580 2161 2842 2217 Dominus
2875 2161 3090 2218 locutus
3116 2178 3256 2220 sum.
3293 2163 3354 2216 Et
3392 2165 3474 2218 fa-

1902 2254 2041 2309 ciam
2071 2268 2194 2307 cum
2230 2251 2397 2308 David
2432 2259 2648 2323 pactum
2679 2268 2902 2318 novum,
2934 2263 3150 2324 pactum
3175 2255 3324 2324 pacis
3345 2257 3407 2310 ιδ.
3450 2275 3470 2308 ι

1899 2340 2020 2396 Jam
2059 2343 2186 2396 alibi
2247 2343 2555 2397 nuntiatum
2584 2343 2882 2413 prophetiis
2931 2343 3098 2398 David
3141 2360 3251 2398 non
3306 2345 3474 2398 alium

1902 2447 2024 2487 esse
2053 2432 2395 2487 ostendimus
2429 2448 2492 2487 ac
2523 2449 2554 2487 e
2584 2434 2789 2488 semine
2819 2431 2986 2486 David
3017 2439 3197 2487 ortum
3229 2432 3477 2488 Salvato-

1902 2539 2014 2578 rem
2047 2531 2332 2590 nostrum;
2369 2523 2457 2578 hic
2486 2539 2706 2594 quoque
2735 2524 2802 2580 de
2839 2525 3028 2580 eodem
3072 2524 3216 2579 hunc
3269 2526 3474 2596 accipi-

1902 2629 2024 2670 mus
2055 2614 2254 2669 locum.
2293 2615 2428 2680 Quis
2471 2617 2616 2670 enim
2649 2617 2790 2672 alius
2831 2625 2975 2672 esset
3019 2615 3233 2672 Domini
3281 2633 3476 2688 pecora

1893 2704 2239 2775 judicaturus
2285 2715 2668 2778 pasturusque,
2703 2708 2810 2763 nisi
2867 2710 3019 2764 solus
3047 2709 3224 2764 bonus
3255 2709 3472 2777 Pastor,

1901 2795 1992 2866 qui
2020 2811 2127 2850 non
2160 2798 2491 2867 contempsit
2524 2799 2773 2868 dispersa
2796 2807 2851 2854 et
2880 2800 3092 2870 perdita
3116 2801 3185 2856 ab
3219 2801 3477 2858 adversa-

1899 2886 1999 2941 riis
2031 2889 2391 2957 potestatibus
2423 2889 2730 2960 spiritualia
2756 2891 2965 2961 proprii
3000 2892 3172 2963 ipsius
3199 2893 3358 2947 ovilis
3384 2910 3477 2961 pe-

207 2976 386 3030 αὐτοῦ
421 2977 652 3049 ποίμνης
680 2980 947 3050 πρόϐατα,
978 2983 1113 3037 ἀλλὰ
1144 2984 1254 3048 θεὶς
1279 2984 1375 3055 τὴν
1409 2987 1599 3038 ἑαυτοῦ
1621 2986 1797 3059 ψυχὴν

1904 2989 2050 3050 (gora,
2081 2975 2175 3030 sed
2210 2978 2444 3032 animam
2487 2995 2642 3034 suam
2685 2995 2784 3050 pro
2822 2997 3010 3036 eorum
3047 2983 3221 3038 salute
3254 2986 3474 3053 posuit;

206 3068 362 3138 ὑπὲρ
388 3072 486 3140 τῆς
519 3070 698 3125 αὐτῶν
741 3074 1036 3144 σωτηρίας,
1077 3068 1152 3128 ὧν
1196 3077 1429 3148 ἄρχοντα
1461 3079 1489 3130 6
1526 3077 1658 3139 Θεὸς
1703 3080 1798 3133 καὶ

1904 3080 2174 3136 quemque
2208 3065 2351 3124 Deus
2383 3075 2438 3124 et
2479 3067 2639 3125 Pater
2662 3070 2782 3141 ejus
2814 3071 3114 3142 principem
3143 3087 3332 3128 eorum
3352 3083 3476 3143 post

203 3159 412 3231 Πατὴρ
455 3161 619 3216 αὐτοῦ
669 3167 1034 3236 καταστήσειν
1084 3166 1474 3234 ἐπαγγέλλεται
1521 3168 1658 3239 μετὰ
1711 3169 1798 3224 τὸν

1904 3157 2093 3228 iudicii
2120 3167 2334 3230 tempus
2369 3162 2684 3224 constituet,
2735 3163 2973 3218 initurus
3023 3179 3146 3218 cum
3207 3179 3272 3219 eo
3327 3166 3476 3234 pacis

202 3251 455 3324 λρίσεως
472 3254 681 3326 καιρὸν.
704 3255 1092 3328 διαθησόμενος
1110 3258 1258 3330 αὐτῷ
1279 3259 1544 3332 διαθήκην
1559 3262 1799 3332 εἰρήνης,

199 3342 319 3404 ὅτε,
352 3342 732 3410 ὑποταγέντων
769 3344 916 3416 αὐτῷ
949 3347 1058 3400 τῶν
1088 3348 1180 3419 έχθ
1190 3349 1318 3420 ρῶν,
1341 3350 1564 3421 ἔσχατος
1586 3352 1802 3406 πάντων

202 3435 304 3488 καὶ
344 3434 510 3498 αὐτὸς
531 3436 559 3487 6
592 3436 686 3489 νῦν
719 3438 1094 3508 ἀντικείμενος
1123 3440 1199 3511 τῷ
1235 3441 1378 3512 λόγῳ
1420 3444 1513 3496 καὶ
1543 3447 1609 3517 τῇ
1644 3443 1804 3516 σοφίᾳ

199 3525 300 3579 καὶ
337 3529 410 3596 τῇ
449 3525 560 3598 ζωῇ
592 3528 822 3594 θάνατος
855 3531 1366 3602 καταργηθήσεται;

724 3638 1123 3691 ΚΕΦΑΛΑΙΟΝ
1163 3637 1298 3692 ΜΑ’.

841 3729 951 3783 Τοῦ
978 3729 1186 3784 αὑτοῦ.

279 3837 302 3871 ι
345 3817 490 3870 Τάδε
527 3817 673 3886 λέγει
706 3818 941 3891 Κύριος,
983 3821 1111 3874 Ἰδοὺ
1133 3859 1148 3884 ,
1182 3819 1293 3889 ἐγὼ
1336 3821 1594 3892 λαμϐάνω
1625 3822 1801 3877 πάντα

190 3906 367 3966 οἷκον
428 3909 641 3980 Ἰσραὴλ
671 3912 735 3962 ὲκ
779 3911 944 3982 μέσου
998 3911 1106 3966 τῶν
1138 3911 1325 3977 ἐθνῶν,
1377 3907 1438 3967 οὗ
1485 3913 1800 3986 είσήλθοσαν

187 4005 352 4066 ἐκεῖ,
390 4003 482 4055 καὶ
513 4001 728 4069 συνάξω
766 4003 965 4066 αὐτοὺς
1011 4005 1090 4067 είς
1124 4003 1224 4073 τὴν
1264 4003 1367 4073 γῆν
1397 4003 1488 4058 τοῦ
1539 4005 1754 4077 Ἰσραὴλ
1781 4045 1797 4070 ,

187 4095 295 4150 καὶ
329 4090 500 4146 δώσω
527 4093 722 4157 αὐτοὺς
742 4096 823 4158 είς
859 4093 984 4166 ἔθνη
1027 4097 1085 4148 ὲν
1126 4097 1191 4165 τῇ
1225 4097 1295 4165 γῇ
1326 4113 1449 4165 μου,
1483 4097 1576 4150 καὶ¹
1603 4099 1661 4150 ἐν
1689 4099 1800 4161 τοῖς

191 4189 399 4260 ὄρεσιν
435 4187 664 4257 Ἰσραήλ·
695 4189 788 4240 καὶ
825 4187 1008 4258 ἄρχων
1050 4182 1130 4251 εἷς
1164 4187 1314 4240 ἔσται
1348 4188 1547 4252 αὐτῶν,
1580 4190 1673 4242 καὶ
1701 4191 1800 4245 οὒκ

193 4279 431 4333 ἔσονται
463 4278 646 4331 οὐκέτι
676 4281 755 4342 εἰς
796 4278 890 4332 δύο
923 4279 1072 4351 ἔθνη⁸
1108 4279 1218 4332 οὐδ’
1254 4281 1316 4333 οὐ
1351 4281 1423 4352 μὴ
1456 4281 1800 4352 διαιρεθῶσιν

193 4373 285 4436 είς
317 4372 420 4424 δύο
447 4369 744 4439 βασιλείας,
769 4371 856 4425 ἴνα
884 4373 956 4442 μὴ
986 4372 1298 4443 μιαίνωνται
1316 4373 1395 4426 ἔτι
1421 4375 1478 4426 ὲν
1502 4377 1612 4438 τοῖς
1644 4375 1798 4429 εἰδώ-

1905 3259 2147 3320 pactum,
2173 3266 2296 3305 cum
2343 3253 2580 3310 subditis
2613 3255 2717 3325 ipsi
2747 3256 2986 3311 inimicis
3019 3257 3159 3324 suis,
3200 3265 3474 3328 postrema

1903 3341 2145 3395 omnium
2170 3349 2332 3412 atque
2373 3344 2594 3411 rationi,
2625 3354 2678 3400 et
2722 3347 3023 3417 sapientiae,
3047 3358 3100 3403 et
3133 3349 3255 3405 vita
3283 3349 3475 3406 adver-

1902 3445 1963 3487 sa
1995 3447 2145 3488 mors
2174 3431 2480 3490 delebitur?

2518 3631 2746 3688 CAPUT
2771 3632 2906 3690 XLI.

2535 3724 2619 3779 E1:
2641 3727 2840 3782 eodem.

1978 3833 1996 3866 ι
2042 3814 2166 3871 llaec
2197 3815 2332 3872 dicit
2387 3817 2651 3875 Dominus
2679 3838 2692 3874 :
2724 3819 2864 3874 Ecce
2896 3833 2996 3890 ego
3026 3833 3300 3875 assumam
3356 3834 3475 3875 om-

1901 3925 2022 3966 nem
2069 3911 2290 3966 domum
2335 3909 2503 3968 Israel
2548 3911 2617 3968 de
2662 3913 2841 3967 medio
2891 3913 3198 3976 nationum,
3229 3911 3296 3967 ad
3337 3928 3474 3982 quas

1901 4004 2187 4060 abierunt:
2238 4012 2295 4060 et
2331 4006 2674 4077 congregabo
2728 4021 2824 4062 eos
2863 4007 3102 4076 undique
3154 4005 3210 4060 in
3271 4016 3472 4060 terram

1900 4093 2088 4162 lsrael,
2114 4103 2168 4152 et
2199 4095 2392 4150 faciam
2424 4111 2520 4154 eos
2574 4097 2628 4151 in
2672 4106 2888 4168 gentem
2923 4112 3083 4151 uuam
3114 4096 3167 4151 in
3190 4105 3333 4152 terra
3356 4111 3474 4150 mea

1901 4196 1954 4243 et
1983 4188 2036 4241 in
2067 4189 2344 4244 montibus
2367 4189 2556 4254 Israel,
2593 4199 2647 4247 et
2674 4209 2767 4246 rex
2789 4208 2932 4248 unus
2960 4192 3066 4247 erit
3095 4191 3350 4246 omnibus
3375 4191 3475 4244 im-

1901 4295 2100 4350 peraus
2137 4301 2149 4336 :
2186 4289 2240 4336 et
2268 4298 2378 4337 non
2422 4292 2583 4338 erunt
2624 4286 2765 4338 ultra
2819 4284 2939 4340 duae
2989 4293 3200 4355 gentes,
3252 4299 3353 4338 nec
3391 4282 3476 4336 di-

1904 4374 2158 4428 videntur
2216 4375 2450 4445 amplius
2497 4376 2552 4430 in
2602 4376 2713 4431 duo
2759 4393 2947 4446 regna.
2986 4375 3172 4447 Neque
3229 4375 3476 4445 polluen-

189 4464 318 4528 λοις
339 4463 546 4517 αὐτῶν·
577 4464 670 4516 καὶ
705 4463 938 4536 ῥύσομαι
961 4466 1156 4528 αὐτοὺς
1186 4466 1294 4518 άπὸ
1330 4464 1517 4519 πασῶν
1543 4467 1652 4522 τῶν
1676 4469 1798 4522 ἀνο-

1904 4471 1990 4516 tur
2021 4465 2164 4516 ultra
2211 4464 2266 4517 in
2311 4464 2472 4519 idolis
2509 4466 2664 4520 suis:
2705 4472 2758 4520 et
2793 4445 2975 4521 salvos
3022 4445 3117 4521 eos
3177 4463 3373 4520 faciam
3409 4464 3477 4518 de

192 4555 354 4628 μιῶν
381 4548 676 4618 αὑτῶν,ὧν
699 4556 944 4626 ἥμαρτον
969 4555 1028 4626 (1³.
1065 4556 1153 4624 58)
1186 4558 1242 4609 ἐν
1267 4557 1476 4620 αὐταῖς,
1507 4559 1601 4612 καὶ
1631 4559 1798 4612 καθα-

192 4647 312 4720 ριῶ
356 4645 556 4710 αὐτοὺς
611 4647 722 4700 ἀπὸ
763 4647 952 4702 πασῶν
997 4648 1104 4702 τῶν
1152 4649 1433 4722 ἁμαρτιῶν
1479 4650 1679 4718 αὐτῶν,
1720 4646 1797 4706 ὧν

185 4743 460 4812 ἥμαρτον
492 4740 550 4792 ὲν
584 4741 804 4807 αὑταῖς,
839 4742 932 4796 καὶ
964 4742 1208 4812 καθαριῶ
1253 4744 1470 4807 αὐτοὺς,
1515 4745 1608 4797 καὶ
1644 4744 1794 4798 ἔσον-

183 4833 290 4887 ταί
324 4849 424 4903 μοι
453 4833 532 4894 εἰς
563 4831 710 4898 λαὸν,
757 4834 852 4887 καὶ
884 4832 994 4902 ἐγὼ
1029 4833 1231 4905 Κύριος
1261 4833 1458 4906 ἔσομαι
1491 4837 1671 4900 αὐτοῖς
1714 4839 1793 4902 είς

183 4925 361 4981 Θεόν.
404 4925 512 4977 Καὶ
542 4927 570 4978 6
588 4924 770 4989 δοῦλός
807 4943 908 4996 μου
937 4925 1099 4980 Δαυῗδ
1131 4927 1314 4998 ἄρχων
1343 4930 1401 4981 ὲν
1430 4929 1579 5000 μέσῳ
1614 4930 1792 4984 αὐτῶν

1903 4552 2178 4608 universis
2202 4553 2444 4620 sedibus,
2466 4554 2520 4609 in
2555 4555 2756 4625 quibus
2795 4565 3180 4624 peccaverunt,
3199 4563 3254 4610 et
3283 4570 3477 4610 emun-

1902 4643 2044 4697 dabo
2073 4659 2169 4698 eos
2207 4662 2218 4697 :
2255 4651 2309 4698 et
2355 4651 2519 4698 erunt
2571 4645 2704 4699 mihi
2758 4647 3014 4716 populus,
3050 4654 3103 4699 et
3140 4661 3241 4716 ego
3270 4659 3364 4698 ero
3393 4643 3476 4697 eis

1903 4734 2065 4792 Deus.
2090 4735 2155 4792 Et
2183 4753 2376 4792 servus
2399 4753 2555 4793 meus
2579 4737 2743 4792 David
2765 4754 2857 4793 rex
2887 4753 3051 4808 super
3071 4753 3187 4801 eos,
3205 4744 3258 4792 et
3288 4743 3477 4804 pastor

1904 4846 2044 4884 unus
2088 4831 2192 4885 erit
2220 4831 2464 4886 omnium
2495 4847 2684 4886 eorum
2719 4849 2733 4886 :
2770 4833 2824 4886 in
2860 4831 3082 4901 judiciis
3109 4829 3246 4885 meis
3281 4827 3476 4882 ambu-

1901 4924 2112 4984 labunt.
2144 4930 2198 4977 et
2231 4923 2485 4976 mandata
2521 4939 2640 4977 mea
2683 4923 3012 4991 custodienl,
3049 4930 3104 4978 et
3140 4922 3346 4978 facient
3386 4939 3474 4979 ea.

1900 5015 1966 5069 Et
1995 5016 2320 5070 habitabunt
2352 5031 2517 5086 super
2548 5025 2776 5080 terram,
2825 5031 2987 5086 quam
3013 5015 3138 5072 dedi
3163 5031 3324 5072 servo
3354 5032 3477 5071 meo

1897 5105 2087 5174 Jacob,
2117 5110 2171 5162 in
2196 5125 2300 5179 qua
2333 5110 2712 5165 habitaverunt
2745 5119 2926 5181 patres
2953 5109 3116 5164 vestri
3143 5127 3157 5164 :
3183 5119 3236 5166 ct
3258 5109 3475 5165 habita—

1901 5202 2036 5257 bunt
2065 5218 2227 5274 super
2255 5219 2374 5258 eam
2405 5203 2531 5274 ipsi,
2557 5212 2607 5259 et
2655 5204 2746 5258 lilii
2770 5219 2981 5268 eorum,
3023 5211 3078 5260 et
3111 5204 3204 5258 lilii
3235 5203 3472 5259 ﬁliorqu

1896 5308 2109 5357 eorum,
2150 5309 2320 5364 usque
2358 5295 2412 5349 in
2460 5299 2848 5365 sempiternum
2907 5315 2919 5350 :
2969 5305 3023 5351 et
3063 5295 3231 5350 David
3283 5312 3475 5352 servus

1898 5399 2053 5439 meus
2091 5385 2345 5454 princeps
2374 5400 2562 5440 eorum
2597 5385 2650 5437 in
2698 5393 3041 5456 perpetuum.
3073 5383 3140 5437 Et
3171 5385 3471 5456 percutiam

1898 5476 2006 5531 illis
2060 5477 2240 5535 foedus
2292 5480 2468 5551 pacis,
2501 5486 2719 5549 pactum
2763 5481 3164 5552 sempiternum
3196 5479 3298 5536 erit
3329 5482 3409 5536 eis
3454 5500 3467 5536 :

1897 5579 1950 5628 ct
1984 5571 2221 5629 fundabo
2243 5589 2358 5644 eos,
2383 5580 2435 5628 et
2465 5574 2862 5644 multiplicabo,
2892 5583 2944 5630 ct
2987 5573 3129 5630 dabo
3163 5575 3443 5631 sanctiﬁca

179 5018 362 5074 ἔσται
399 5017 602 5087 ποιμὴν
652 5011 733 5081 εἷς
781 5019 994 5073 πάντων
1019 5060 1034 5083 ,
1067 5020 1147 5074 ὅτι
1179 5023 1235 5074 ἐν
1270 5023 1384 5083 τοῖς
1410 5021 1791 5092 προστάγμασι

183 5129 304 5182 μου
339 5107 722 5177 πορεύσονται,
754 5110 847 5164 καὶ⁹
869 5111 934 5164 τὰ
961 5113 1205 5183 κρίματα
1228 5131 1329 5184 μου
1352 5113 1675 5183 φυλάξουσιν
1697 5117 1791 5170 καὶ

178 5201 530 5271 ποιήσουσιν
557 5201 718 5264 αὐτὰ,
751 5203 844 5256 καὶ
872 5207 1283 5275 κατοικήσουσιν
1313 5207 1404 5259 ἐπὶ
1431 5207 1528 5277 τῆς
1553 5207 1656 5278 γῆς
1679 5249 1691 5269 ν
1723 5208 1788 5277 ἢν

174 5294 310 5366 ἐγὼ
338 5290 557 5346 δέδωκα
583 5293 660 5364 τῷ
676 5295 846 5366 δούλῳ
871 5313 972 5368 μου
1009 5296 1219 5362 Ἰακὼϐ,
1251 5294 1310 5352 οὗ
1336 5298 1660 5369 κατῴκησαν
1676 5298 1792 5351 ἐκεῖ

173 5392 232 5445 οἱ
275 5383 532 5456 πατέρες
565 5387 766 5452 αὐτῶν,
813 5391 908 5442 καὶ
941 5392 1354 5462 κατοικήσουσιν
1381 5394 1468 5446 ἐπ’
1501 5393 1669 5464 αὐτῆς
1693 5392 1787 5446 αύ-

171 5481 267 5535 τοί
300 5495 317 5510 ⁸
379 5477 478 5529 καὶ
519 5477 680 5532 Δαυῖδ
727 5482 754 5533 6
795 5480 978 5544 δοῦλός
1013 5473 1112 5551 μου
1155 5481 1337 5554 ἅρχων
1373 5481 1551 5536 αὐτῶν
1583 5477 1664 5545 εἰς
1699 5483 1788 5534 τὸν

171 5571 397 5628 αἰῶνα.
433 5570 543 5623 Καὶ
573 5569 898 5643 διαθήσομαι
920 5573 1103 5638 αὐτοῖς
1125 5574 1387 5648 διαθήκην
1413 5575 1657 5648 εἰρήνης,
1697 5575 1788 5627 καί

255 5685 304 5718 ⁸⁵
337 5679 545 5739 Ezecli.
574 5700 759 5754 xxxnv,
791 5685 976 5742 20-25.
