  <div class='ocr_page' id='page_1' title='image "/cluster/home/n/w/nwhite01/storage/ocr_20150623/22/hvd.32044073501132/596.png"; bbox 0 0 3950 6218; ppageno 0'>
   <div class='ocr_carea' id='block_1_1' title="bbox 211 265 348 320">
    <p class='ocr_par' dir='ltr' id='par_1_1' title="bbox 211 265 348 320">
     <span class='ocr_line' id='line_1_1' title="bbox 211 265 348 320; baseline 0 0"><span class='ocrx_word' id='word_1_1' title='bbox 211 265 266 320; x_wconf 77' lang='grc' dir='ltr'>Η</span> <span class='ocrx_word' id='word_1_2' title='bbox 281 265 348 320; x_wconf 73' lang='grc'><strong>73</strong></span> 
     </span>
    </p>
   </div>
   <div class='ocr_carea' id='block_1_2' title="bbox 1265 261 2450 326">
    <p class='ocr_par' dir='ltr' id='par_1_2' title="bbox 1265 261 2450 326">
     <span class='ocr_line' id='line_1_2' title="bbox 1265 261 2450 326; baseline 0.005 -8"><span class='ocrx_word' id='word_1_3' title='bbox 1265 261 1560 320; x_wconf 64' lang='lat' dir='ltr'><strong>ECLOGA‘J</strong></span> <span class='ocrx_word' id='word_1_4' title='bbox 1599 261 2090 324; x_wconf 65' lang='grc' dir='ltr'><strong>ΡΒΟΡΗΕΤΙΟΔΕ.</strong></span> <span class='ocrx_word' id='word_1_5' title='bbox 2129 301 2200 312; x_wconf 89' lang='lat'><strong>-—</strong></span> <span class='ocrx_word' id='word_1_6' title='bbox 2235 267 2362 326; x_wconf 65' lang='grc' dir='ltr'><strong>[ΑΒ.</strong></span> <span class='ocrx_word' id='word_1_7' title='bbox 2407 269 2450 324; x_wconf 87' lang='grc' dir='ltr'>Ι.</span> 
     </span>
    </p>
   </div>
   <div class='ocr_carea' id='block_1_3' title="bbox 3339 277 3486 332">
    <p class='ocr_par' dir='ltr' id='par_1_3' title="bbox 3339 277 3486 332">
     <span class='ocr_line' id='line_1_3' title="bbox 3339 277 3486 332; baseline 0 0"><span class='ocrx_word' id='word_1_8' title='bbox 3339 277 3486 332; x_wconf 55' lang='grc'><strong>1174</strong></span> 
     </span>
    </p>
   </div>
   <div class='ocr_carea' id='block_1_4' title="bbox 210 377 1780 464">
    <p class='ocr_par' dir='ltr' id='par_1_4' title="bbox 210 377 1780 452">
     <span class='ocr_line' id='line_1_4' title="bbox 210 377 1780 452; baseline -0.001 -18"><span class='ocrx_word' id='word_1_9' title='bbox 210 379 476 451; x_wconf 85' lang='grc' dir='ltr'>βασιλέων</span> <span class='ocrx_word' id='word_1_10' title='bbox 529 379 824 452; x_wconf 83' lang='grc' dir='ltr'><strong>ἀναστήσει</strong></span> <span class='ocrx_word' id='word_1_11' title='bbox 859 381 890 434; x_wconf 89' lang='lat'><strong>6</strong></span> <span class='ocrx_word' id='word_1_12' title='bbox 929 379 1064 444; x_wconf 79' lang='grc' dir='ltr'>Θεὸς</span> <span class='ocrx_word' id='word_1_13' title='bbox 1104 379 1198 432; x_wconf 80' lang='grc' dir='ltr'>τοῦ</span> <span class='ocrx_word' id='word_1_14' title='bbox 1231 379 1461 452; x_wconf 75' lang='grc' dir='ltr'>οὖρανοῦ</span> <span class='ocrx_word' id='word_1_15' title='bbox 1517 377 1780 450; x_wconf 65' lang='grc' dir='ltr'>βασιλείαι</span> 
     </span>
    </p>
   </div>
   <div class='ocr_carea' id='block_1_5' title="bbox 1887 377 3490 464">
    <p class='ocr_par' dir='ltr' id='par_1_5' title="bbox 1899 381 3490 464">
     <span class='ocr_line' id='line_1_5' title="bbox 1899 381 3490 464; baseline 0.006 -28"><span class='ocrx_word' id='word_1_16' title='bbox 1899 381 2118 438; x_wconf 90' lang='lat' dir='ltr'><strong>illorum</strong></span> <span class='ocrx_word' id='word_1_17' title='bbox 2157 385 2447 442; x_wconf 85' lang='lat' dir='ltr'><strong>suscitabit</strong></span> <span class='ocrx_word' id='word_1_18' title='bbox 2479 385 2626 442; x_wconf 85' lang='lat' dir='ltr'><strong>Deus</strong></span> <span class='ocrx_word' id='word_1_19' title='bbox 2647 387 2770 442; x_wconf 70' lang='lat' dir='ltr'><strong>coeli</strong></span> <span class='ocrx_word' id='word_1_20' title='bbox 2802 389 3032 444; x_wconf 86' lang='lat' dir='ltr'><strong>alterum</strong></span> <span class='ocrx_word' id='word_1_21' title='bbox 3071 407 3320 462; x_wconf 83' lang='lat' dir='ltr'><strong>regnum,</strong></span> <span class='ocrx_word' id='word_1_22' title='bbox 3345 395 3490 464; x_wconf 76' lang='lat' dir='ltr'><strong>quod</strong></span> 
     </span>
    </p>
   </div>
   <div class='ocr_carea' id='block_1_6' title="bbox 207 473 1794 544">
    <p class='ocr_par' dir='ltr' id='par_1_6' title="bbox 207 473 1794 544">
     <span class='ocr_line' id='line_1_6' title="bbox 207 473 1794 544; baseline -0.003 -14"><span class='ocrx_word' id='word_1_23' title='bbox 207 473 396 544; x_wconf 73' lang='grc' dir='ltr'>ἄλλην,</span> <span class='ocrx_word' id='word_1_24' title='bbox 421 473 648 544; x_wconf 80' lang='grc' dir='ltr'>ἦτις⁹είς</span> <span class='ocrx_word' id='word_1_25' title='bbox 679 475 806 538; x_wconf 76' lang='grc' dir='ltr'>τοὺς</span> <span class='ocrx_word' id='word_1_26' title='bbox 821 473 1022 538; x_wconf 81' lang='grc' dir='ltr'><strong>αἰῶνας</strong></span> <span class='ocrx_word' id='word_1_27' title='bbox 1045 473 1196 527; x_wconf 73' lang='grc' dir='ltr'>ἔσται</span> <span class='ocrx_word' id='word_1_28' title='bbox 1225 475 1320 528; x_wconf 83' lang='grc' dir='ltr'><strong>καί</strong></span> <span class='ocrx_word' id='word_1_29' title='bbox 1345 475 1406 526; x_wconf 81' lang='grc' dir='ltr'><strong>οὐ</strong></span> <span class='ocrx_word' id='word_1_30' title='bbox 1431 473 1794 544; x_wconf 86' lang='grc' dir='ltr'>φθαρήσεται,</span> 
     </span>
    </p>
   </div>
   <div class='ocr_carea' id='block_1_7' title="bbox 209 551 1798 638">
    <p class='ocr_par' dir='ltr' id='par_1_7' title="bbox 209 551 1798 638">
     <span class='ocr_line' id='line_1_7' title="bbox 209 551 1798 638; baseline 0 -20"><span class='ocrx_word' id='word_1_31' title='bbox 209 565 304 618; x_wconf 73' lang='grc' dir='ltr'><strong>καὶ</strong></span> <span class='ocrx_word' id='word_1_32' title='bbox 341 564 482 638; x_wconf 75' lang='grc' dir='ltr'>αὕτη</span> <span class='ocrx_word' id='word_1_33' title='bbox 513 567 548 638; x_wconf 85' lang='grc' dir='ltr'><strong>ή</strong></span> <span class='ocrx_word' id='word_1_34' title='bbox 575 565 820 636; x_wconf 85' lang='grc' dir='ltr'>βασιλεία</span> <span class='ocrx_word' id='word_1_35' title='bbox 836 567 962 622; x_wconf 80' lang='grc' dir='ltr'>ἄλλο</span> <span class='ocrx_word' id='word_1_36' title='bbox 992 565 1142 630; x_wconf 77' lang='grc' dir='ltr'>ἔθνος</span> <span class='ocrx_word' id='word_1_37' title='bbox 1177 567 1237 619; x_wconf 78' lang='grc' dir='ltr'><strong>οὐ</strong></span> <span class='ocrx_word' id='word_1_38' title='bbox 1277 565 1352 636; x_wconf 84' lang='grc' dir='ltr'><strong>μὴ</strong></span> <span class='ocrx_word' id='word_1_39' title='bbox 1381 567 1540 638; x_wconf 79' lang='grc' dir='ltr'>ἐάσῃ,</span> <span class='ocrx_word' id='word_1_40' title='bbox 1565 551 1798 630; x_wconf 77' lang='grc' dir='ltr'>πατάξει</span> 
     </span>
    </p>
   </div>
   <div class='ocr_carea' id='block_1_8' title="bbox 205 655 1802 730">
    <p class='ocr_par' dir='ltr' id='par_1_8' title="bbox 205 655 1802 730">
     <span class='ocr_line' id='line_1_8' title="bbox 205 655 1802 730; baseline 0 -20"><span class='ocrx_word' id='word_1_41' title='bbox 205 657 264 710; x_wconf 85' lang='grc' dir='ltr'><strong>δὲ</strong></span> <span class='ocrx_word' id='word_1_42' title='bbox 297 655 390 710; x_wconf 77' lang='grc' dir='ltr'>καὶ</span> <span class='ocrx_word' id='word_1_43' title='bbox 421 657 672 728; x_wconf 85' lang='grc' dir='ltr'>ἀφανίσει</span> <span class='ocrx_word' id='word_1_44' title='bbox 701 657 798 722; x_wconf 83' lang='grc' dir='ltr'>τὰς</span> <span class='ocrx_word' id='word_1_45' title='bbox 823 657 1116 730; x_wconf 79' lang='grc' dir='ltr'>βασιλείας,</span> <span class='ocrx_word' id='word_1_46' title='bbox 1151 659 1246 710; x_wconf 77' lang='grc' dir='ltr'><strong>καὶ</strong></span> <span class='ocrx_word' id='word_1_47' title='bbox 1273 655 1410 728; x_wconf 83' lang='grc' dir='ltr'>αὑτὴ</span> <span class='ocrx_word' id='word_1_48' title='bbox 1447 657 1702 728; x_wconf 88' lang='grc' dir='ltr'>στήσεται</span> <span class='ocrx_word' id='word_1_49' title='bbox 1720 659 1802 720; x_wconf 80' lang='grc' dir='ltr'>εἰς</span> 
     </span>
    </p>
   </div>
   <div class='ocr_carea' id='block_1_9' title="bbox 205 745 1802 822">
    <p class='ocr_par' dir='ltr' id='par_1_9' title="bbox 205 745 1802 822">
     <span class='ocr_line' id='line_1_9' title="bbox 205 745 1802 822; baseline 0.001 -22"><span class='ocrx_word' id='word_1_50' title='bbox 205 745 296 801; x_wconf 81' lang='grc' dir='ltr'><strong>τὸν</strong></span> <span class='ocrx_word' id='word_1_51' title='bbox 322 747 514 812; x_wconf 82' lang='grc' dir='ltr'>αἰῶνα,</span> <span class='ocrx_word' id='word_1_52' title='bbox 539 747 790 821; x_wconf 84' lang='grc' dir='ltr'>καθάπερ</span> <span class='ocrx_word' id='word_1_53' title='bbox 817 749 1066 820; x_wconf 77' lang='grc' dir='ltr'>ἑώρακας</span> <span class='ocrx_word' id='word_1_54' title='bbox 1086 749 1146 814; x_wconf 80' lang='grc' dir='ltr'>ἐξ</span> <span class='ocrx_word' id='word_1_55' title='bbox 1173 749 1332 822; x_wconf 80' lang='grc' dir='ltr'>ὅρους</span> <span class='ocrx_word' id='word_1_56' title='bbox 1351 749 1628 820; x_wconf 81' lang='grc' dir='ltr'><strong>τμηθέντα</strong></span> <span class='ocrx_word' id='word_1_57' title='bbox 1654 747 1802 802; x_wconf 86' lang='grc' dir='ltr'>λίθον</span> 
     </span>
    </p>
   </div>
   <div class='ocr_carea' id='block_1_10' title="bbox 205 841 1790 914">
    <p class='ocr_par' dir='ltr' id='par_1_10' title="bbox 205 841 1790 914">
     <span class='ocr_line' id='line_1_10' title="bbox 205 841 1790 914; baseline -0.001 -20"><span class='ocrx_word' id='word_1_58' title='bbox 205 841 334 896; x_wconf 76' lang='grc' dir='ltr'>ἄνευ</span> <span class='ocrx_word' id='word_1_59' title='bbox 352 841 570 912; x_wconf 79' lang='grc' dir='ltr'>χειρῶν,</span> <span class='ocrx_word' id='word_1_60' title='bbox 599 843 692 896; x_wconf 80' lang='grc' dir='ltr'><strong>καὶ</strong></span> <span class='ocrx_word' id='word_1_61' title='bbox 721 842 1014 914; x_wconf 88' lang='grc' dir='ltr'>συνηλόησε</span> <span class='ocrx_word' id='word_1_62' title='bbox 1041 843 1102 894; x_wconf 80' lang='grc' dir='ltr'><strong>τὸ</strong></span> <span class='ocrx_word' id='word_1_63' title='bbox 1123 843 1408 914; x_wconf 79' lang='grc' dir='ltr'>ὄστρακον,</span> <span class='ocrx_word' id='word_1_64' title='bbox 1435 841 1524 894; x_wconf 84' lang='grc' dir='ltr'><strong>τὸν</strong></span> <span class='ocrx_word' id='word_1_65' title='bbox 1549 841 1790 912; x_wconf 85' lang='grc' dir='ltr'>σίδηρον,</span> 
     </span>
    </p>
   </div>
   <div class='ocr_carea' id='block_1_11' title="bbox 209 933 1796 1006">
    <p class='ocr_par' dir='ltr' id='par_1_11' title="bbox 209 933 1796 1006">
     <span class='ocr_line' id='line_1_11' title="bbox 209 933 1796 1006; baseline -0.003 -18"><span class='ocrx_word' id='word_1_66' title='bbox 209 934 300 988; x_wconf 80' lang='grc' dir='ltr'><strong>καὶ</strong></span> <span class='ocrx_word' id='word_1_67' title='bbox 331 933 422 988; x_wconf 76' lang='grc' dir='ltr'><strong>τὸν</strong></span> <span class='ocrx_word' id='word_1_68' title='bbox 455 933 684 1006; x_wconf 74' lang='grc' dir='ltr'>χαλκὸν,</span> <span class='ocrx_word' id='word_1_69' title='bbox 715 933 926 988; x_wconf 73' lang='grc' dir='ltr'>καὶτὸν</span> <span class='ocrx_word' id='word_1_70' title='bbox 954 935 1214 1006; x_wconf 78' lang='grc' dir='ltr'>ἄργυρον,</span> <span class='ocrx_word' id='word_1_71' title='bbox 1251 933 1346 988; x_wconf 76' lang='grc' dir='ltr'><strong>καὶ</strong></span> <span class='ocrx_word' id='word_1_72' title='bbox 1381 935 1470 988; x_wconf 77' lang='grc' dir='ltr'><strong>τὸν</strong></span> <span class='ocrx_word' id='word_1_73' title='bbox 1509 933 1732 1004; x_wconf 78' lang='grc' dir='ltr'>χρυσόν.</span> <span class='ocrx_word' id='word_1_74' title='bbox 1777 951 1796 983; x_wconf 75' lang='grc' dir='ltr'><strong>ι</strong></span> 
     </span>
    </p>
   </div>
   <div class='ocr_carea' id='block_1_12' title="bbox 209 1025 1802 1100">
    <p class='ocr_par' dir='ltr' id='par_1_12' title="bbox 209 1025 1802 1100">
     <span class='ocr_line' id='line_1_12' title="bbox 209 1025 1802 1100; baseline 0 -18"><span class='ocrx_word' id='word_1_75' title='bbox 209 1027 322 1082; x_wconf 68' lang='grc' dir='ltr'><strong>Καὶ</strong></span> <span class='ocrx_word' id='word_1_76' title='bbox 339 1027 512 1084; x_wconf 78' lang='grc' dir='ltr'>ταῦτα</span> <span class='ocrx_word' id='word_1_77' title='bbox 535 1029 662 1100; x_wconf 82' lang='grc' dir='ltr'><strong>περὶ</strong></span> <span class='ocrx_word' id='word_1_78' title='bbox 695 1027 796 1098; x_wconf 81' lang='grc' dir='ltr'>τῆς</span> <span class='ocrx_word' id='word_1_79' title='bbox 834 1027 926 1080; x_wconf 77' lang='grc' dir='ltr'><strong>ἐπὶ</strong></span> <span class='ocrx_word' id='word_1_80' title='bbox 959 1027 1240 1098; x_wconf 69' lang='grc' dir='ltr'>συντελείᾳ,</span> <span class='ocrx_word' id='word_1_81' title='bbox 1271 1027 1380 1081; x_wconf 85' lang='grc' dir='ltr'><strong>τῶν</strong></span> <span class='ocrx_word' id='word_1_82' title='bbox 1401 1025 1612 1094; x_wconf 74' lang='grc' dir='ltr'>αίὼνων</span> <span class='ocrx_word' id='word_1_83' title='bbox 1643 1045 1802 1100; x_wconf 85' lang='grc' dir='ltr'>γενη-</span> 
     </span>
    </p>
   </div>
   <div class='ocr_carea' id='block_1_13' title="bbox 211 1119 1800 1192">
    <p class='ocr_par' dir='ltr' id='par_1_13' title="bbox 211 1119 1800 1192">
     <span class='ocr_line' id='line_1_13' title="bbox 211 1119 1800 1192; baseline -0.001 -20"><span class='ocrx_word' id='word_1_84' title='bbox 211 1121 446 1192; x_wconf 89' lang='grc' dir='ltr'>σομένης</span> <span class='ocrx_word' id='word_1_85' title='bbox 475 1119 570 1174; x_wconf 82' lang='grc' dir='ltr'>τοῦ</span> <span class='ocrx_word' id='word_1_86' title='bbox 603 1119 842 1192; x_wconf 81' lang='grc' dir='ltr'><strong>Χριστοῦ</strong></span> <span class='ocrx_word' id='word_1_87' title='bbox 887 1119 1166 1192; x_wconf 76' lang='grc' dir='ltr'><strong>βασιλείας</strong></span> <span class='ocrx_word' id='word_1_88' title='bbox 1206 1119 1480 1192; x_wconf 71' lang='grc' dir='ltr'>δηλοῦταιο</span> <span class='ocrx_word' id='word_1_89' title='bbox 1515 1121 1544 1172; x_wconf 97' lang='lat'><strong>6</strong></span> <span class='ocrx_word' id='word_1_90' title='bbox 1577 1119 1688 1191; x_wconf 83' lang='grc' dir='ltr'><strong>γάρ</strong></span> <span class='ocrx_word' id='word_1_91' title='bbox 1715 1135 1800 1174; x_wconf 88' lang='grc' dir='ltr'><strong>τοι</strong></span> 
     </span>
    </p>
   </div>
   <div class='ocr_carea' id='block_1_14' title="bbox 211 1210 1790 1286">
    <p class='ocr_par' dir='ltr' id='par_1_14' title="bbox 211 1210 1790 1286">
     <span class='ocr_line' id='line_1_14' title="bbox 211 1210 1790 1286; baseline 0 -22"><span class='ocrx_word' id='word_1_92' title='bbox 211 1211 376 1276; x_wconf 78' lang='grc' dir='ltr'>λίθος,</span> <span class='ocrx_word' id='word_1_93' title='bbox 407 1215 436 1266; x_wconf 91' lang='lat'><strong>6</strong></span> <span class='ocrx_word' id='word_1_94' title='bbox 459 1211 518 1280; x_wconf 80' lang='grc' dir='ltr'>ἐξ</span> <span class='ocrx_word' id='word_1_95' title='bbox 555 1213 714 1286; x_wconf 78' lang='grc' dir='ltr'>ὅρους</span> <span class='ocrx_word' id='word_1_96' title='bbox 737 1211 968 1284; x_wconf 78' lang='grc' dir='ltr'><strong>τμηθεὶς</strong></span> <span class='ocrx_word' id='word_1_97' title='bbox 1003 1213 1132 1268; x_wconf 80' lang='grc' dir='ltr'>ἄνευ</span> <span class='ocrx_word' id='word_1_98' title='bbox 1167 1211 1388 1284; x_wconf 81' lang='grc' dir='ltr'>χειρῶν,</span> <span class='ocrx_word' id='word_1_99' title='bbox 1419 1211 1688 1282; x_wconf 77' lang='grc' dir='ltr'>σύμϐολον</span> <span class='ocrx_word' id='word_1_100' title='bbox 1721 1210 1790 1266; x_wconf 81' lang='grc' dir='ltr'><strong>ἂν</strong></span> 
     </span>
    </p>
   </div>
   <div class='ocr_carea' id='block_1_15' title="bbox 209 1301 1798 1375">
    <p class='ocr_par' dir='ltr' id='par_1_15' title="bbox 209 1301 1798 1375">
     <span class='ocr_line' id='line_1_15' title="bbox 209 1301 1798 1375; baseline -0.002 -18"><span class='ocrx_word' id='word_1_101' title='bbox 209 1305 294 1375; x_wconf 65' lang='grc' dir='ltr'>εἵη</span> <span class='ocrx_word' id='word_1_102' title='bbox 327 1303 420 1358; x_wconf 77' lang='grc' dir='ltr'>τοῦ</span> <span class='ocrx_word' id='word_1_103' title='bbox 447 1304 622 1373; x_wconf 86' lang='grc' dir='ltr'>Λόγου</span> <span class='ocrx_word' id='word_1_104' title='bbox 653 1303 748 1358; x_wconf 78' lang='grc' dir='ltr'>τοῦ</span> <span class='ocrx_word' id='word_1_105' title='bbox 787 1303 924 1358; x_wconf 76' lang='grc' dir='ltr'>Θεοῦ</span> <span class='ocrx_word' id='word_1_106' title='bbox 947 1343 962 1369; x_wconf 93' lang='grc'><strong>,</strong></span> <span class='ocrx_word' id='word_1_107' title='bbox 993 1305 1088 1358; x_wconf 75' lang='grc' dir='ltr'><strong>καὶ</strong></span> <span class='ocrx_word' id='word_1_108' title='bbox 1111 1307 1170 1356; x_wconf 84' lang='grc' dir='ltr'><strong>ὲν</strong></span> <span class='ocrx_word' id='word_1_109' title='bbox 1207 1303 1394 1366; x_wconf 81' lang='grc' dir='ltr'>ἄλλαις</span> <span class='ocrx_word' id='word_1_110' title='bbox 1437 1301 1798 1374; x_wconf 69' lang='grc' dir='ltr'><strong>προφητείαις</strong></span> 
     </span>
    </p>
   </div>
   <div class='ocr_carea' id='block_1_16' title="bbox 207 1393 1800 1468">
    <p class='ocr_par' dir='ltr' id='par_1_16' title="bbox 207 1393 1800 1468">
     <span class='ocr_line' id='line_1_16' title="bbox 207 1393 1800 1468; baseline -0.003 -18"><span class='ocrx_word' id='word_1_111' title='bbox 207 1395 358 1450; x_wconf 80' lang='grc' dir='ltr'>λίθου</span> <span class='ocrx_word' id='word_1_112' title='bbox 391 1397 956 1468; x_wconf 75' lang='grc' dir='ltr'>προσαγορευθέντος,</span> <span class='ocrx_word' id='word_1_113' title='bbox 995 1397 1070 1460; x_wconf 84' lang='grc' dir='ltr'>ὼς</span> <span class='ocrx_word' id='word_1_114' title='bbox 1103 1397 1196 1450; x_wconf 81' lang='grc' dir='ltr'><strong>ἐπὶ</strong></span> <span class='ocrx_word' id='word_1_115' title='bbox 1227 1393 1346 1458; x_wconf 77' lang='grc' dir='ltr'>τοῦ,</span> <span class='ocrx_word' id='word_1_116' title='bbox 1381 1415 1400 1446; x_wconf 73' lang='grc' dir='ltr'><strong>ι</strong></span> <span class='ocrx_word' id='word_1_117' title='bbox 1443 1393 1573 1448; x_wconf 77' lang='grc' dir='ltr'>Ἰδοὺ</span> <span class='ocrx_word' id='word_1_118' title='bbox 1605 1393 1800 1464; x_wconf 86' lang='grc' dir='ltr'>τίθημι</span> 
     </span>
    </p>
   </div>
   <div class='ocr_carea' id='block_1_17' title="bbox 206 1485 1798 1562">
    <p class='ocr_par' dir='ltr' id='par_1_17' title="bbox 206 1485 1798 1562">
     <span class='ocr_line' id='line_1_17' title="bbox 206 1485 1798 1562; baseline -0.004 -18"><span class='ocrx_word' id='word_1_119' title='bbox 206 1491 266 1544; x_wconf 85' lang='grc' dir='ltr'><strong>ἐν</strong></span> <span class='ocrx_word' id='word_1_120' title='bbox 299 1489 438 1544; x_wconf 86' lang='grc' dir='ltr'>Σιὼν</span> <span class='ocrx_word' id='word_1_121' title='bbox 467 1489 612 1544; x_wconf 80' lang='grc' dir='ltr'>λίθον</span> <span class='ocrx_word' id='word_1_122' title='bbox 643 1491 1034 1562; x_wconf 78' lang='grc' dir='ltr'>ἀκρογωνιαίου</span> <span class='ocrx_word' id='word_1_123' title='bbox 1071 1489 1326 1544; x_wconf 77' lang='grc' dir='ltr'>ἐκλεκτὸν</span> <span class='ocrx_word' id='word_1_124' title='bbox 1361 1487 1598 1558; x_wconf 72' lang='grc' dir='ltr'>ἔντιμονο</span> <span class='ocrx_word' id='word_1_125' title='bbox 1635 1507 1652 1538; x_wconf 72' lang='grc' dir='ltr'><strong>ι</strong></span> <span class='ocrx_word' id='word_1_126' title='bbox 1683 1485 1798 1550; x_wconf 78' lang='grc' dir='ltr'>καὶ,</span> 
     </span>
    </p>
   </div>
   <div class='ocr_carea' id='block_1_18' title="bbox 209 1574 1800 1654">
    <p class='ocr_par' dir='ltr' id='par_1_18' title="bbox 209 1574 1800 1654">
     <span class='ocr_line' id='line_1_18' title="bbox 209 1574 1800 1654; baseline -0.002 -20"><span class='ocrx_word' id='word_1_127' title='bbox 209 1603 230 1634; x_wconf 69' lang='grc' dir='ltr'><strong>ε</strong></span> <span class='ocrx_word' id='word_1_128' title='bbox 263 1583 422 1638; x_wconf 83' lang='grc' dir='ltr'>Λίθον</span> <span class='ocrx_word' id='word_1_129' title='bbox 441 1583 500 1636; x_wconf 78' lang='grc' dir='ltr'>ὃν</span> <span class='ocrx_word' id='word_1_130' title='bbox 523 1583 934 1654; x_wconf 77' lang='grc' dir='ltr'>ἀπεδοκίμασαν</span> <span class='ocrx_word' id='word_1_131' title='bbox 965 1585 1016 1636; x_wconf 88' lang='grc' dir='ltr'>οἱ</span> <span class='ocrx_word' id='word_1_132' title='bbox 1045 1581 1476 1654; x_wconf 81' lang='grc' dir='ltr'>οἰκοδομοῦντες,</span> <span class='ocrx_word' id='word_1_133' title='bbox 1495 1574 1648 1644; x_wconf 73' lang='grc' dir='ltr'>οὗτος</span> <span class='ocrx_word' id='word_1_134' title='bbox 1675 1581 1800 1648; x_wconf 80' lang='grc' dir='ltr'>ἐγε-</span> 
     </span>
    </p>
   </div>
   <div class='ocr_carea' id='block_1_19' title="bbox 203 1670 1800 1744">
    <p class='ocr_par' dir='ltr' id='par_1_19' title="bbox 203 1670 1800 1744">
     <span class='ocr_line' id='line_1_19' title="bbox 203 1670 1800 1744; baseline 0.001 -20"><span class='ocrx_word' id='word_1_135' title='bbox 203 1670 338 1742; x_wconf 86' lang='grc' dir='ltr'>νήθη</span> <span class='ocrx_word' id='word_1_136' title='bbox 365 1673 446 1736; x_wconf 82' lang='grc' dir='ltr'><strong>είς</strong></span> <span class='ocrx_word' id='word_1_137' title='bbox 477 1671 718 1744; x_wconf 79' lang='grc' dir='ltr'>κεφαλὴν</span> <span class='ocrx_word' id='word_1_138' title='bbox 749 1673 972 1742; x_wconf 86' lang='grc' dir='ltr'>γωνίας.</span> <span class='ocrx_word' id='word_1_139' title='bbox 1005 1693 1026 1726; x_wconf 72' lang='grc' dir='ltr'><strong>ι</strong></span> <span class='ocrx_word' id='word_1_140' title='bbox 1051 1673 1252 1728; x_wconf 82' lang='grc' dir='ltr'>Τοῦτον</span> <span class='ocrx_word' id='word_1_141' title='bbox 1281 1671 1374 1727; x_wconf 75' lang='grc' dir='ltr'>οὖν</span> <span class='ocrx_word' id='word_1_142' title='bbox 1397 1691 1562 1744; x_wconf 89' lang='grc' dir='ltr'>φησιν</span> <span class='ocrx_word' id='word_1_143' title='bbox 1593 1675 1624 1726; x_wconf 93' lang='lat'><strong>6</strong></span> <span class='ocrx_word' id='word_1_144' title='bbox 1657 1689 1800 1744; x_wconf 87' lang='grc' dir='ltr'>παρ-</span> 
     </span>
    </p>
   </div>
   <div class='ocr_carea' id='block_1_20' title="bbox 1905 471 3494 556">
    <p class='ocr_par' dir='ltr' id='par_1_20' title="bbox 1905 471 3494 556">
     <span class='ocr_line' id='line_1_20' title="bbox 1905 471 3494 556; baseline 0.01 -32"><span class='ocrx_word' id='word_1_145' title='bbox 1905 471 1960 524; x_wconf 92' lang='lat' dir='ltr'><strong>in</strong></span> <span class='ocrx_word' id='word_1_146' title='bbox 2009 481 2273 528; x_wconf 65' lang='lat' dir='ltr'><strong>aeternum</strong></span> <span class='ocrx_word' id='word_1_147' title='bbox 2323 475 2428 530; x_wconf 87' lang='lat' dir='ltr'><strong>erit</strong></span> <span class='ocrx_word' id='word_1_148' title='bbox 2479 483 2534 531; x_wconf 88' lang='lat' dir='ltr'><strong>et</strong></span> <span class='ocrx_word' id='word_1_149' title='bbox 2579 491 2690 532; x_wconf 87' lang='lat' dir='ltr'><strong>non</strong></span> <span class='ocrx_word' id='word_1_150' title='bbox 2733 477 3112 550; x_wconf 78' lang='lat' dir='ltr'><strong>dissipabitur,</strong></span> <span class='ocrx_word' id='word_1_151' title='bbox 3159 493 3214 538; x_wconf 92' lang='lat' dir='ltr'><strong>ct</strong></span> <span class='ocrx_word' id='word_1_152' title='bbox 3263 499 3494 556; x_wconf 78' lang='lat' dir='ltr'><strong>regnum</strong></span> 
     </span>
    </p>
   </div>
   <div class='ocr_carea' id='block_1_21' title="bbox 1901 563 3491 638">
    <p class='ocr_par' dir='ltr' id='par_1_21' title="bbox 1901 563 3491 638">
     <span class='ocr_line' id='line_1_21' title="bbox 1901 563 3491 638; baseline 0.008 -18"><span class='ocrx_word' id='word_1_153' title='bbox 1901 563 2024 626; x_wconf 87' lang='lat' dir='ltr'><strong>eius</strong></span> <span class='ocrx_word' id='word_1_154' title='bbox 2055 565 2209 621; x_wconf 80' lang='lat' dir='ltr'><strong>alteri</strong></span> <span class='ocrx_word' id='word_1_155' title='bbox 2237 568 2442 638; x_wconf 88' lang='lat' dir='ltr'><strong>populo</strong></span> <span class='ocrx_word' id='word_1_156' title='bbox 2483 583 2590 622; x_wconf 87' lang='lat' dir='ltr'><strong>non</strong></span> <span class='ocrx_word' id='word_1_157' title='bbox 2619 569 2867 626; x_wconf 81' lang='lat' dir='ltr'><strong>trudetur</strong></span> <span class='ocrx_word' id='word_1_158' title='bbox 2893 591 2904 626; x_wconf 93' lang='lat'><strong>:</strong></span> <span class='ocrx_word' id='word_1_159' title='bbox 2935 573 3270 631; x_wconf 87' lang='lat' dir='ltr'><strong>comminuet</strong></span> <span class='ocrx_word' id='word_1_160' title='bbox 3310 588 3491 634; x_wconf 83' lang='lat' dir='ltr'><strong>autem</strong></span> 
     </span>
    </p>
   </div>
   <div class='ocr_carea' id='block_1_22' title="bbox 1903 659 3491 738">
    <p class='ocr_par' dir='ltr' id='par_1_22' title="bbox 1903 659 3491 738">
     <span class='ocr_line' id='line_1_22' title="bbox 1903 659 3491 738; baseline 0.008 -26"><span class='ocrx_word' id='word_1_161' title='bbox 1903 667 1958 712; x_wconf 90' lang='lat' dir='ltr'><strong>et</strong></span> <span class='ocrx_word' id='word_1_162' title='bbox 2005 669 2295 714; x_wconf 77' lang='lat' dir='ltr'><strong>consumet</strong></span> <span class='ocrx_word' id='word_1_163' title='bbox 2333 659 2588 716; x_wconf 82' lang='lat' dir='ltr'><strong>universa</strong></span> <span class='ocrx_word' id='word_1_164' title='bbox 2631 678 2797 734; x_wconf 88' lang='lat' dir='ltr'><strong>regna</strong></span> <span class='ocrx_word' id='word_1_165' title='bbox 2847 664 2962 720; x_wconf 77' lang='lat' dir='ltr'><strong>haec</strong></span> <span class='ocrx_word' id='word_1_166' title='bbox 2999 685 3012 720; x_wconf 89' lang='lat'>:</span> <span class='ocrx_word' id='word_1_167' title='bbox 3045 673 3099 722; x_wconf 93' lang='lat' dir='ltr'><strong>et</strong></span> <span class='ocrx_word' id='word_1_168' title='bbox 3147 667 3326 738; x_wconf 78' lang='lat' dir='ltr'><strong>ipsum</strong></span> <span class='ocrx_word' id='word_1_169' title='bbox 3373 679 3491 726; x_wconf 82' lang='lat' dir='ltr'><strong>sta-</strong></span> 
     </span>
    </p>
   </div>
   <div class='ocr_carea' id='block_1_23' title="bbox 1903 749 3491 830">
    <p class='ocr_par' dir='ltr' id='par_1_23' title="bbox 1903 749 3491 830">
     <span class='ocr_line' id='line_1_23' title="bbox 1903 749 3491 830; baseline 0.01 -26"><span class='ocrx_word' id='word_1_170' title='bbox 1903 749 1981 805; x_wconf 89' lang='lat' dir='ltr'><strong>bit</strong></span> <span class='ocrx_word' id='word_1_171' title='bbox 2031 749 2086 804; x_wconf 88' lang='lat' dir='ltr'><strong>in</strong></span> <span class='ocrx_word' id='word_1_172' title='bbox 2130 759 2394 806; x_wconf 71' lang='lat' dir='ltr'><strong>aeternum</strong></span> <span class='ocrx_word' id='word_1_173' title='bbox 2434 771 2446 806; x_wconf 90' lang='lat'><strong>:</strong></span> <span class='ocrx_word' id='word_1_174' title='bbox 2485 755 2784 808; x_wconf 86' lang='lat' dir='ltr'><strong>secundum</strong></span> <span class='ocrx_word' id='word_1_175' title='bbox 2816 755 2962 826; x_wconf 90' lang='lat' dir='ltr'><strong>quod</strong></span> <span class='ocrx_word' id='word_1_176' title='bbox 2993 757 3199 824; x_wconf 78' lang='lat' dir='ltr'><strong>vidisti,</strong></span> <span class='ocrx_word' id='word_1_177' title='bbox 3233 761 3378 830; x_wconf 87' lang='lat' dir='ltr'><strong>quod</strong></span> <span class='ocrx_word' id='word_1_178' title='bbox 3421 765 3491 820; x_wconf 83' lang='lat' dir='ltr'><strong>de</strong></span> 
     </span>
    </p>
   </div>
   <div class='ocr_carea' id='block_1_24' title="bbox 1903 845 3492 918">
    <p class='ocr_par' dir='ltr' id='par_1_24' title="bbox 1903 845 3492 918">
     <span class='ocr_line' id='line_1_24' title="bbox 1903 845 3492 918; baseline 0.01 -23"><span class='ocrx_word' id='word_1_179' title='bbox 1903 851 2088 898; x_wconf 88' lang='lat' dir='ltr'><strong>monte</strong></span> <span class='ocrx_word' id='word_1_180' title='bbox 2141 845 2420 900; x_wconf 86' lang='lat' dir='ltr'><strong>abscissus</strong></span> <span class='ocrx_word' id='word_1_181' title='bbox 2455 851 2538 900; x_wconf 88' lang='lat' dir='ltr'><strong>est</strong></span> <span class='ocrx_word' id='word_1_182' title='bbox 2589 846 2726 917; x_wconf 86' lang='lat' dir='ltr'><strong>lapis</strong></span> <span class='ocrx_word' id='word_1_183' title='bbox 2775 849 2894 904; x_wconf 85' lang='lat' dir='ltr'><strong>sine</strong></span> <span class='ocrx_word' id='word_1_184' title='bbox 2945 849 3226 918; x_wconf 88' lang='lat' dir='ltr'><strong>manibus,</strong></span> <span class='ocrx_word' id='word_1_185' title='bbox 3259 862 3314 908; x_wconf 90' lang='lat' dir='ltr'><strong>et</strong></span> <span class='ocrx_word' id='word_1_186' title='bbox 3342 871 3492 910; x_wconf 86' lang='lat' dir='ltr'><strong>com-</strong></span> 
     </span>
    </p>
   </div>
   <div class='ocr_carea' id='block_1_25' title="bbox 1902 934 3490 1016">
    <p class='ocr_par' dir='ltr' id='par_1_25' title="bbox 1902 934 3490 1016">
     <span class='ocr_line' id='line_1_25' title="bbox 1902 934 3490 1016; baseline 0.008 -28"><span class='ocrx_word' id='word_1_187' title='bbox 1902 934 2102 988; x_wconf 89' lang='lat' dir='ltr'><strong>minuit</strong></span> <span class='ocrx_word' id='word_1_188' title='bbox 2151 941 2370 999; x_wconf 86' lang='lat' dir='ltr'><strong>testam,</strong></span> <span class='ocrx_word' id='word_1_189' title='bbox 2407 947 2460 992; x_wconf 91' lang='lat' dir='ltr'><strong>et</strong></span> <span class='ocrx_word' id='word_1_190' title='bbox 2497 937 2722 1004; x_wconf 87' lang='lat' dir='ltr'><strong>ferrum,</strong></span> <span class='ocrx_word' id='word_1_191' title='bbox 2755 949 2808 994; x_wconf 91' lang='lat' dir='ltr'><strong>et</strong></span> <span class='ocrx_word' id='word_1_192' title='bbox 2855 955 2954 1006; x_wconf 66' lang='lat' dir='ltr'><strong>res,</strong></span> <span class='ocrx_word' id='word_1_193' title='bbox 2981 947 3036 996; x_wconf 90' lang='lat' dir='ltr'><strong>et</strong></span> <span class='ocrx_word' id='word_1_194' title='bbox 3085 951 3396 1016; x_wconf 75' lang='lat' dir='ltr'><strong>argentum,</strong></span> <span class='ocrx_word' id='word_1_195' title='bbox 3436 955 3490 1002; x_wconf 85' lang='lat' dir='ltr'><strong>et</strong></span> 
     </span>
    </p>
   </div>
   <div class='ocr_carea' id='block_1_26' title="bbox 1903 1019 3490 1094">
    <p class='ocr_par' dir='ltr' id='par_1_26' title="bbox 1903 1019 3490 1094">
     <span class='ocr_line' id='line_1_26' title="bbox 1903 1019 3490 1094; baseline 0.009 -17"><span class='ocrx_word' id='word_1_196' title='bbox 1903 1019 2102 1078; x_wconf 86' lang='lat' dir='ltr'><strong>aurum</strong></span> <span class='ocrx_word' id='word_1_197' title='bbox 2133 1025 2198 1078; x_wconf 74' lang='grc'>³⁸.</span> <span class='ocrx_word' id='word_1_198' title='bbox 2227 1046 2246 1078; x_wconf 75' lang='grc' dir='ltr'><strong>ι</strong></span> <span class='ocrx_word' id='word_1_199' title='bbox 2281 1025 2348 1080; x_wconf 80' lang='lat' dir='ltr'><strong>Et</strong></span> <span class='ocrx_word' id='word_1_200' title='bbox 2387 1027 2500 1082; x_wconf 73' lang='lat' dir='ltr'><strong>haec</strong></span> <span class='ocrx_word' id='word_1_201' title='bbox 2533 1029 2602 1085; x_wconf 92' lang='lat' dir='ltr'><strong>de</strong></span> <span class='ocrx_word' id='word_1_202' title='bbox 2625 1029 2830 1086; x_wconf 85' lang='lat' dir='ltr'><strong>Christi</strong></span> <span class='ocrx_word' id='word_1_203' title='bbox 2865 1031 2920 1086; x_wconf 93' lang='lat' dir='ltr'><strong>in</strong></span> <span class='ocrx_word' id='word_1_204' title='bbox 2957 1037 3490 1094; x_wconf 83' lang='lat' dir='ltr'><strong>consummationem</strong></span> 
     </span>
    </p>
   </div>
   <div class='ocr_carea' id='block_1_27' title="bbox 1903 1119 3488 1194">
    <p class='ocr_par' dir='ltr' id='par_1_27' title="bbox 1903 1119 3488 1194">
     <span class='ocr_line' id='line_1_27' title="bbox 1903 1119 3488 1194; baseline 0.009 -20"><span class='ocrx_word' id='word_1_205' title='bbox 1903 1119 2088 1174; x_wconf 53' lang='lat' dir='ltr'><strong>axiculi</strong></span> <span class='ocrx_word' id='word_1_206' title='bbox 2119 1135 2286 1190; x_wconf 83' lang='lat' dir='ltr'><strong>regno</strong></span> <span class='ocrx_word' id='word_1_207' title='bbox 2323 1121 2654 1178; x_wconf 88' lang='lat' dir='ltr'><strong>referuntur.</strong></span> <span class='ocrx_word' id='word_1_208' title='bbox 2687 1121 2854 1194; x_wconf 87' lang='lat' dir='ltr'><strong>Lapis</strong></span> <span class='ocrx_word' id='word_1_209' title='bbox 2875 1127 3020 1180; x_wconf 89' lang='lat' dir='ltr'><strong>enim</strong></span> <span class='ocrx_word' id='word_1_210' title='bbox 3045 1127 3114 1184; x_wconf 91' lang='lat' dir='ltr'><strong>de</strong></span> <span class='ocrx_word' id='word_1_211' title='bbox 3143 1139 3330 1186; x_wconf 89' lang='lat' dir='ltr'><strong>monte</strong></span> <span class='ocrx_word' id='word_1_212' title='bbox 3367 1131 3488 1188; x_wconf 81' lang='lat' dir='ltr'><strong>sine</strong></span> 
     </span>
    </p>
   </div>
   <div class='ocr_carea' id='block_1_28' title="bbox 1902 1211 3488 1286">
    <p class='ocr_par' dir='ltr' id='par_1_28' title="bbox 1902 1211 3488 1286">
     <span class='ocr_line' id='line_1_28' title="bbox 1902 1211 3488 1286; baseline 0.006 -20"><span class='ocrx_word' id='word_1_213' title='bbox 1902 1211 2158 1266; x_wconf 85' lang='lat' dir='ltr'><strong>manibus</strong></span> <span class='ocrx_word' id='word_1_214' title='bbox 2201 1213 2506 1280; x_wconf 87' lang='lat' dir='ltr'><strong>abscissus,</strong></span> <span class='ocrx_word' id='word_1_215' title='bbox 2541 1215 2850 1286; x_wconf 87' lang='lat' dir='ltr'><strong>symbolum</strong></span> <span class='ocrx_word' id='word_1_216' title='bbox 2885 1227 3032 1272; x_wconf 85' lang='lat' dir='ltr'><strong>esset</strong></span> <span class='ocrx_word' id='word_1_217' title='bbox 3073 1217 3232 1276; x_wconf 81' lang='lat' dir='ltr'><strong>Verbi</strong></span> <span class='ocrx_word' id='word_1_218' title='bbox 3269 1221 3384 1284; x_wconf 89' lang='lat' dir='ltr'><strong>Dei,</strong></span> <span class='ocrx_word' id='word_1_219' title='bbox 3427 1229 3488 1276; x_wconf 93' lang='lat' dir='ltr'><strong>ut</strong></span> 
     </span>
    </p>
   </div>
   <div class='ocr_carea' id='block_1_29' title="bbox 1903 1303 3486 1376">
    <p class='ocr_par' dir='ltr' id='par_1_29' title="bbox 1903 1303 3486 1376">
     <span class='ocr_line' id='line_1_29' title="bbox 1903 1303 3486 1376; baseline 0.008 -20"><span class='ocrx_word' id='word_1_220' title='bbox 1903 1303 1960 1356; x_wconf 86' lang='lat' dir='ltr'><strong>in</strong></span> <span class='ocrx_word' id='word_1_221' title='bbox 2009 1303 2132 1358; x_wconf 83' lang='lat' dir='ltr'><strong>aliis</strong></span> <span class='ocrx_word' id='word_1_222' title='bbox 2171 1303 2480 1358; x_wconf 82' lang='lat' dir='ltr'><strong>ostenditur</strong></span> <span class='ocrx_word' id='word_1_223' title='bbox 2528 1305 2832 1376; x_wconf 76' lang='lat' dir='ltr'><strong>proplictiis</strong></span> <span class='ocrx_word' id='word_1_224' title='bbox 2875 1307 2964 1362; x_wconf 83' lang='lat' dir='ltr'><strong>bis</strong></span> <span class='ocrx_word' id='word_1_225' title='bbox 3017 1309 3198 1368; x_wconf 84' lang='lat' dir='ltr'><strong>verbis</strong></span> <span class='ocrx_word' id='word_1_226' title='bbox 3233 1331 3246 1366; x_wconf 88' lang='lat'><strong>:</strong></span> <span class='ocrx_word' id='word_1_227' title='bbox 3281 1329 3300 1362; x_wconf 75' lang='grc' dir='ltr'><strong>ι</strong></span> <span class='ocrx_word' id='word_1_228' title='bbox 3347 1311 3486 1368; x_wconf 87' lang='lat' dir='ltr'><strong>Ecce</strong></span> 
     </span>
    </p>
   </div>
   <div class='ocr_carea' id='block_1_30' title="bbox 1901 1395 3486 1472">
    <p class='ocr_par' dir='ltr' id='par_1_30' title="bbox 1901 1395 3486 1472">
     <span class='ocr_line' id='line_1_30' title="bbox 1901 1395 3486 1472; baseline 0.006 -22"><span class='ocrx_word' id='word_1_229' title='bbox 1901 1409 2002 1467; x_wconf 85' lang='lat' dir='ltr'><strong>ego</strong></span> <span class='ocrx_word' id='word_1_230' title='bbox 2031 1397 2244 1450; x_wconf 83' lang='lat' dir='ltr'><strong>mittam</strong></span> <span class='ocrx_word' id='word_1_231' title='bbox 2299 1395 2355 1450; x_wconf 91' lang='lat' dir='ltr'><strong>in</strong></span> <span class='ocrx_word' id='word_1_232' title='bbox 2399 1397 2772 1454; x_wconf 84' lang='lat' dir='ltr'><strong>fundamentis</strong></span> <span class='ocrx_word' id='word_1_233' title='bbox 2829 1397 2960 1454; x_wconf 88' lang='lat' dir='ltr'><strong>Sion</strong></span> <span class='ocrx_word' id='word_1_234' title='bbox 3009 1401 3240 1472; x_wconf 85' lang='lat' dir='ltr'><strong>lapidem</strong></span> <span class='ocrx_word' id='word_1_235' title='bbox 3281 1403 3486 1472; x_wconf 83' lang='lat' dir='ltr'><strong>proba-</strong></span> 
     </span>
    </p>
   </div>
   <div class='ocr_carea' id='block_1_31' title="bbox 1901 1489 3484 1568">
    <p class='ocr_par' dir='ltr' id='par_1_31' title="bbox 1901 1489 3484 1568">
     <span class='ocr_line' id='line_1_31' title="bbox 1901 1489 3484 1568; baseline 0.006 -26"><span class='ocrx_word' id='word_1_236' title='bbox 1901 1493 2058 1552; x_wconf 90' lang='lat' dir='ltr'><strong>tum,</strong></span> <span class='ocrx_word' id='word_1_237' title='bbox 2117 1489 2430 1560; x_wconf 81' lang='lat' dir='ltr'><strong>angularem</strong></span> <span class='ocrx_word' id='word_1_238' title='bbox 2473 1491 2550 1558; x_wconf 64' lang='grc' dir='ltr'>ἰς</span> <span class='ocrx_word' id='word_1_239' title='bbox 2595 1509 2612 1542; x_wconf 78' lang='grc' dir='ltr'><strong>ι</strong></span> <span class='ocrx_word' id='word_1_240' title='bbox 2665 1501 2830 1562; x_wconf 88' lang='lat' dir='ltr'><strong>atque</strong></span> <span class='ocrx_word' id='word_1_241' title='bbox 2877 1511 2892 1548; x_wconf 90' lang='lat'><strong>:</strong></span> <span class='ocrx_word' id='word_1_242' title='bbox 2947 1513 2964 1546; x_wconf 77' lang='grc' dir='ltr'><strong>ι</strong></span> <span class='ocrx_word' id='word_1_243' title='bbox 3011 1493 3266 1566; x_wconf 82' lang='lat' dir='ltr'><strong>Lapidem</strong></span> <span class='ocrx_word' id='word_1_244' title='bbox 3321 1513 3484 1568; x_wconf 84' lang='lat' dir='ltr'><strong>quem</strong></span> 
     </span>
    </p>
   </div>
   <div class='ocr_carea' id='block_1_32' title="bbox 1902 1579 3484 1662">
    <p class='ocr_par' dir='ltr' id='par_1_32' title="bbox 1902 1579 3484 1662">
     <span class='ocr_line' id='line_1_32' title="bbox 1902 1579 3484 1662; baseline 0.006 -28"><span class='ocrx_word' id='word_1_245' title='bbox 1902 1579 2334 1650; x_wconf 86' lang='lat' dir='ltr'><strong>reprobaverunt</strong></span> <span class='ocrx_word' id='word_1_246' title='bbox 2379 1581 2734 1652; x_wconf 69' lang='lat' dir='ltr'><strong>aadilicantcs,</strong></span> <span class='ocrx_word' id='word_1_247' title='bbox 2767 1585 2858 1642; x_wconf 87' lang='lat' dir='ltr'><strong>hic</strong></span> <span class='ocrx_word' id='word_1_248' title='bbox 2907 1585 3082 1642; x_wconf 86' lang='lat' dir='ltr'><strong>factus</strong></span> <span class='ocrx_word' id='word_1_249' title='bbox 3113 1595 3198 1646; x_wconf 89' lang='lat' dir='ltr'><strong>est</strong></span> <span class='ocrx_word' id='word_1_250' title='bbox 3233 1587 3288 1643; x_wconf 91' lang='lat' dir='ltr'><strong>in</strong></span> <span class='ocrx_word' id='word_1_251' title='bbox 3317 1599 3484 1662; x_wconf 87' lang='lat' dir='ltr'><strong>caput</strong></span> 
     </span>
    </p>
   </div>
   <div class='ocr_carea' id='block_1_33' title="bbox 1905 1673 3482 1754">
    <p class='ocr_par' dir='ltr' id='par_1_33' title="bbox 1905 1673 3482 1754">
     <span class='ocr_line' id='line_1_33' title="bbox 1905 1673 3482 1754; baseline 0.006 -26"><span class='ocrx_word' id='word_1_252' title='bbox 1905 1673 2090 1746; x_wconf 77' lang='lat' dir='ltr'><strong>anguli</strong></span> <span class='ocrx_word' id='word_1_253' title='bbox 2125 1675 2190 1728; x_wconf 76' lang='grc'>’⁸.</span> <span class='ocrx_word' id='word_1_254' title='bbox 2231 1693 2250 1726; x_wconf 75' lang='grc' dir='ltr'><strong>ι</strong></span> <span class='ocrx_word' id='word_1_255' title='bbox 2303 1673 2460 1732; x_wconf 84' lang='lat' dir='ltr'><strong>Hunc</strong></span> <span class='ocrx_word' id='word_1_256' title='bbox 2499 1677 2644 1732; x_wconf 88' lang='lat' dir='ltr'><strong>enim</strong></span> <span class='ocrx_word' id='word_1_257' title='bbox 2697 1677 2774 1732; x_wconf 86' lang='lat' dir='ltr'><strong>ait</strong></span> <span class='ocrx_word' id='word_1_258' title='bbox 2824 1693 3064 1748; x_wconf 61' lang='lat' dir='ltr'><strong>prasens</strong></span> <span class='ocrx_word' id='word_1_259' title='bbox 3109 1681 3264 1738; x_wconf 88' lang='lat' dir='ltr'><strong>locus</strong></span> <span class='ocrx_word' id='word_1_260' title='bbox 3315 1699 3482 1754; x_wconf 87' lang='lat' dir='ltr'><strong>regna</strong></span> 
     </span>
    </p>
   </div>
   <div class='ocr_carea' id='block_1_34' title="bbox 203 1753 1780 1840">
    <p class='ocr_par' dir='ltr' id='par_1_34' title="bbox 203 1759 1780 1836">
     <span class='ocr_line' id='line_1_34' title="bbox 203 1759 1780 1836; baseline 0.001 -20"><span class='ocrx_word' id='word_1_261' title='bbox 203 1759 282 1816; x_wconf 82' lang='grc' dir='ltr'>ὼν</span> <span class='ocrx_word' id='word_1_262' title='bbox 313 1763 468 1832; x_wconf 80' lang='grc' dir='ltr'>λόγος</span> <span class='ocrx_word' id='word_1_263' title='bbox 525 1763 626 1827; x_wconf 80' lang='grc' dir='ltr'>τὰς</span> <span class='ocrx_word' id='word_1_264' title='bbox 685 1763 960 1834; x_wconf 84' lang='grc' dir='ltr'>βασιλείας</span> <span class='ocrx_word' id='word_1_265' title='bbox 999 1765 1094 1818; x_wconf 73' lang='grc' dir='ltr'><strong>τοῦ</strong></span> <span class='ocrx_word' id='word_1_266' title='bbox 1121 1765 1330 1836; x_wconf 84' lang='grc' dir='ltr'>κόσμου</span> <span class='ocrx_word' id='word_1_267' title='bbox 1359 1765 1454 1818; x_wconf 66' lang='grc' dir='ltr'><strong>καί¹</strong></span> <span class='ocrx_word' id='word_1_268' title='bbox 1484 1765 1584 1830; x_wconf 75' lang='grc' dir='ltr'>τὰς</span> <span class='ocrx_word' id='word_1_269' title='bbox 1619 1763 1780 1836; x_wconf 80' lang='grc' dir='ltr'><strong>ἀρχὰς</strong></span> 
     </span>
    </p>
   </div>
   <div class='ocr_carea' id='block_1_35' title="bbox 1887 1753 3480 1840">
    <p class='ocr_par' dir='ltr' id='par_1_35' title="bbox 1897 1753 3480 1840">
     <span class='ocr_line' id='line_1_35' title="bbox 1897 1753 3480 1840; baseline 0.005 -18"><span class='ocrx_word' id='word_1_270' title='bbox 1897 1767 2110 1836; x_wconf 87' lang='lat' dir='ltr'><strong>mtmdi,</strong></span> <span class='ocrx_word' id='word_1_271' title='bbox 2157 1767 2524 1840; x_wconf 84' lang='lat' dir='ltr'><strong>principatus,</strong></span> <span class='ocrx_word' id='word_1_272' title='bbox 2569 1777 2868 1840; x_wconf 86' lang='lat' dir='ltr'><strong>potestates</strong></span> <span class='ocrx_word' id='word_1_273' title='bbox 2907 1779 2962 1826; x_wconf 87' lang='lat' dir='ltr'><strong>et</strong></span> <span class='ocrx_word' id='word_1_274' title='bbox 3005 1773 3194 1828; x_wconf 87' lang='lat' dir='ltr'><strong>mundi</strong></span> <span class='ocrx_word' id='word_1_275' title='bbox 3239 1753 3480 1830; x_wconf 87' lang='lat' dir='ltr'><strong>rectores</strong></span> 
     </span>
    </p>
   </div>
   <div class='ocr_carea' id='block_1_36' title="bbox 203 1855 1786 1932">
    <p class='ocr_par' dir='ltr' id='par_1_36' title="bbox 203 1855 1786 1932">
     <span class='ocr_line' id='line_1_36' title="bbox 203 1855 1786 1932; baseline 0.001 -22"><span class='ocrx_word' id='word_1_276' title='bbox 203 1857 298 1910; x_wconf 74' lang='grc' dir='ltr'>καὶ</span> <span class='ocrx_word' id='word_1_277' title='bbox 321 1857 420 1922; x_wconf 86' lang='grc' dir='ltr'>τὰς</span> <span class='ocrx_word' id='word_1_278' title='bbox 441 1855 688 1924; x_wconf 80' lang='grc' dir='ltr'>ἐξουσίας</span> <span class='ocrx_word' id='word_1_279' title='bbox 715 1857 810 1914; x_wconf 81' lang='grc' dir='ltr'>καὶ</span> <span class='ocrx_word' id='word_1_280' title='bbox 857 1859 986 1923; x_wconf 83' lang='grc' dir='ltr'>τοὺς</span> <span class='ocrx_word' id='word_1_281' title='bbox 1013 1859 1462 1932; x_wconf 85' lang='grc' dir='ltr'>κοσμοκράτορας</span> <span class='ocrx_word' id='word_1_282' title='bbox 1489 1859 1786 1912; x_wconf 83' lang='grc' dir='ltr'>καθελόντα</span> 
     </span>
    </p>
   </div>
   <div class='ocr_carea' id='block_1_37' title="bbox 205 1949 1786 2024">
    <p class='ocr_par' dir='ltr' id='par_1_37' title="bbox 205 1949 1786 2024">
     <span class='ocr_line' id='line_1_37' title="bbox 205 1949 1786 2024; baseline -0.001 -20"><span class='ocrx_word' id='word_1_283' title='bbox 205 1951 298 2004; x_wconf 79' lang='grc' dir='ltr'><strong>καὶ</strong></span> <span class='ocrx_word' id='word_1_284' title='bbox 327 1951 682 2024; x_wconf 81' lang='grc' dir='ltr'>συντρίψοντα</span> <span class='ocrx_word' id='word_1_285' title='bbox 717 1951 966 2018; x_wconf 76' lang='grc' dir='ltr'>καθέξειν</span> <span class='ocrx_word' id='word_1_286' title='bbox 1009 1952 1108 2024; x_wconf 77' lang='grc' dir='ltr'>τὴν</span> <span class='ocrx_word' id='word_1_287' title='bbox 1141 1951 1250 2006; x_wconf 79' lang='grc' dir='ltr'>τῶν</span> <span class='ocrx_word' id='word_1_288' title='bbox 1293 1952 1468 2020; x_wconf 85' lang='grc' dir='ltr'>ἁγίων</span> <span class='ocrx_word' id='word_1_289' title='bbox 1509 1949 1786 2023; x_wconf 85' lang='grc' dir='ltr'>βασιλείαν</span> 
     </span>
    </p>
   </div>
   <div class='ocr_carea' id='block_1_38' title="bbox 203 2043 628 2108">
    <p class='ocr_par' dir='ltr' id='par_1_38' title="bbox 203 2043 628 2108">
     <span class='ocr_line' id='line_1_38' title="bbox 203 2043 628 2108; baseline 0.014 -12"><span class='ocrx_word' id='word_1_290' title='bbox 203 2045 286 2108; x_wconf 73' lang='grc' dir='ltr'><strong>είς</strong></span> <span class='ocrx_word' id='word_1_291' title='bbox 321 2043 412 2100; x_wconf 78' lang='grc' dir='ltr'><strong>τὸν</strong></span> <span class='ocrx_word' id='word_1_292' title='bbox 435 2045 628 2102; x_wconf 75' lang='grc' dir='ltr'>αἰῶνα.</span> 
     </span>
    </p>
   </div>
   <div class='ocr_carea' id='block_1_39' title="bbox 710 2157 1280 2214">
    <p class='ocr_par' dir='ltr' id='par_1_39' title="bbox 710 2157 1280 2214">
     <span class='ocr_line' id='line_1_39' title="bbox 710 2157 1280 2214; baseline -0.002 -2"><span class='ocrx_word' id='word_1_293' title='bbox 710 2157 1106 2213; x_wconf 72' lang='grc' dir='ltr'><strong>ΚΕΦΑΛΑΙΟΝ</strong></span> <span class='ocrx_word' id='word_1_294' title='bbox 1145 2159 1280 2214; x_wconf 77' lang='lat' dir='ltr'><strong>Ml&quot;.</strong></span> 
     </span>
    </p>
   </div>
   <div class='ocr_carea' id='block_1_40' title="bbox 823 2271 1168 2326">
    <p class='ocr_par' dir='ltr' id='par_1_40' title="bbox 823 2271 1168 2326">
     <span class='ocr_line' id='line_1_40' title="bbox 823 2271 1168 2326; baseline 0.003 -1"><span class='ocrx_word' id='word_1_295' title='bbox 823 2271 932 2326; x_wconf 84' lang='grc' dir='ltr'><strong>Τοῦ</strong></span> <span class='ocrx_word' id='word_1_296' title='bbox 959 2271 1168 2326; x_wconf 85' lang='grc' dir='ltr'>αὐτοῦ.</span> 
     </span>
    </p>
   </div>
   <div class='ocr_carea' id='block_1_41' title="bbox 275 2377 1784 2452">
    <p class='ocr_par' dir='ltr' id='par_1_41' title="bbox 275 2377 1784 2452">
     <span class='ocr_line' id='line_1_41' title="bbox 275 2377 1784 2452; baseline 0.001 -20"><span class='ocrx_word' id='word_1_297' title='bbox 275 2377 738 2452; x_wconf 79' lang='grc' dir='ltr'>Ναϐουχοδονόσορ</span> <span class='ocrx_word' id='word_1_298' title='bbox 765 2381 792 2434; x_wconf 91' lang='lat'><strong>6</strong></span> <span class='ocrx_word' id='word_1_299' title='bbox 814 2381 1064 2452; x_wconf 78' lang='grc' dir='ltr'>βασιλεὺς</span> <span class='ocrx_word' id='word_1_300' title='bbox 1093 2381 1220 2444; x_wconf 83' lang='grc' dir='ltr'>τοὺς</span> <span class='ocrx_word' id='word_1_301' title='bbox 1253 2379 1382 2452; x_wconf 77' lang='grc' dir='ltr'>περὶ</span> <span class='ocrx_word' id='word_1_302' title='bbox 1409 2381 1500 2434; x_wconf 75' lang='grc' dir='ltr'>τὸν</span> <span class='ocrx_word' id='word_1_303' title='bbox 1537 2379 1784 2434; x_wconf 82' lang='grc' dir='ltr'>Ἀνανίαν</span> 
     </span>
    </p>
   </div>
   <div class='ocr_carea' id='block_1_42' title="bbox 197 2467 1782 2544">
    <p class='ocr_par' dir='ltr' id='par_1_42' title="bbox 197 2467 1782 2544">
     <span class='ocr_line' id='line_1_42' title="bbox 197 2467 1782 2544; baseline 0.003 -24"><span class='ocrx_word' id='word_1_304' title='bbox 197 2467 282 2530; x_wconf 86' lang='grc' dir='ltr'><strong>είς</strong></span> <span class='ocrx_word' id='word_1_305' title='bbox 307 2467 404 2540; x_wconf 79' lang='grc' dir='ltr'>τὴν</span> <span class='ocrx_word' id='word_1_306' title='bbox 435 2469 662 2538; x_wconf 78' lang='grc' dir='ltr'>κάμινον</span> <span class='ocrx_word' id='word_1_307' title='bbox 698 2469 792 2524; x_wconf 75' lang='grc' dir='ltr'>τοῦ</span> <span class='ocrx_word' id='word_1_308' title='bbox 827 2471 998 2542; x_wconf 74' lang='grc' dir='ltr'>πυρὸς</span> <span class='ocrx_word' id='word_1_309' title='bbox 1025 2469 1282 2542; x_wconf 76' lang='grc' dir='ltr'>ἐμϐαλὼν</span> <span class='ocrx_word' id='word_1_310' title='bbox 1303 2510 1316 2536; x_wconf 95' lang='grc'><strong>,</strong></span> <span class='ocrx_word' id='word_1_311' title='bbox 1340 2469 1415 2534; x_wconf 79' lang='grc' dir='ltr'>ὡς</span> <span class='ocrx_word' id='word_1_312' title='bbox 1439 2469 1580 2539; x_wconf 79' lang='grc' dir='ltr'>ἔγνω</span> <span class='ocrx_word' id='word_1_313' title='bbox 1617 2471 1782 2544; x_wconf 76' lang='grc' dir='ltr'>μηδὲν</span> 
     </span>
    </p>
   </div>
   <div class='ocr_carea' id='block_1_43' title="bbox 193 2559 1780 2634">
    <p class='ocr_par' dir='ltr' id='par_1_43' title="bbox 193 2559 1780 2634">
     <span class='ocr_line' id='line_1_43' title="bbox 193 2559 1780 2634; baseline 0.003 -22"><span class='ocrx_word' id='word_1_314' title='bbox 193 2559 400 2624; x_wconf 81' lang='grc' dir='ltr'>αὐτοὺς</span> <span class='ocrx_word' id='word_1_315' title='bbox 437 2561 540 2614; x_wconf 76' lang='grc' dir='ltr'><strong>ὑπὸ</strong></span> <span class='ocrx_word' id='word_1_316' title='bbox 585 2561 678 2614; x_wconf 80' lang='grc' dir='ltr'>τοῦ</span> <span class='ocrx_word' id='word_1_317' title='bbox 725 2564 896 2633; x_wconf 80' lang='grc' dir='ltr'>πυρὸς</span> <span class='ocrx_word' id='word_1_318' title='bbox 935 2563 1324 2634; x_wconf 70' lang='grc' dir='ltr'>ἠδικημένους,</span> <span class='ocrx_word' id='word_1_319' title='bbox 1373 2563 1650 2634; x_wconf 79' lang='grc' dir='ltr'>αὐτόπτης</span> <span class='ocrx_word' id='word_1_320' title='bbox 1685 2563 1780 2618; x_wconf 73' lang='grc' dir='ltr'>τοῦ</span> 
     </span>
    </p>
   </div>
   <div class='ocr_carea' id='block_1_44' title="bbox 189 2653 1782 2728">
    <p class='ocr_par' dir='ltr' id='par_1_44' title="bbox 189 2653 1782 2728">
     <span class='ocr_line' id='line_1_44' title="bbox 189 2653 1782 2728; baseline 0.002 -22"><span class='ocrx_word' id='word_1_321' title='bbox 189 2653 504 2724; x_wconf 66' lang='grc' dir='ltr'>παραδόξου</span> <span class='ocrx_word' id='word_1_322' title='bbox 541 2655 850 2728; x_wconf 84' lang='grc' dir='ltr'>γενόμενος,</span> <span class='ocrx_word' id='word_1_323' title='bbox 901 2659 1014 2720; x_wconf 84' lang='grc' dir='ltr'>τοῖς</span> <span class='ocrx_word' id='word_1_324' title='bbox 1065 2655 1258 2710; x_wconf 79' lang='grc' dir='ltr'>ἑαυτοῦ</span> <span class='ocrx_word' id='word_1_325' title='bbox 1305 2655 1480 2724; x_wconf 80' lang='grc' dir='ltr'>φίλοις</span> <span class='ocrx_word' id='word_1_326' title='bbox 1543 2654 1782 2728; x_wconf 79' lang='grc' dir='ltr'>εἰρηκὼς</span> 
     </span>
    </p>
   </div>
   <div class='ocr_carea' id='block_1_45' title="bbox 185 2745 1780 2822">
    <p class='ocr_par' dir='ltr' id='par_1_45' title="bbox 185 2745 1780 2822">
     <span class='ocr_line' id='line_1_45' title="bbox 185 2745 1780 2822; baseline 0.001 -24"><span class='ocrx_word' id='word_1_327' title='bbox 185 2745 628 2818; x_wconf 67' lang='grc' dir='ltr'>ἀναγέγραπταιυ</span> <span class='ocrx_word' id='word_1_328' title='bbox 669 2767 686 2800; x_wconf 76' lang='grc' dir='ltr'><strong>ι</strong></span> <span class='ocrx_word' id='word_1_329' title='bbox 717 2749 850 2820; x_wconf 75' lang='grc' dir='ltr'><strong>Οὐχὶ</strong></span> <span class='ocrx_word' id='word_1_330' title='bbox 875 2751 1020 2822; x_wconf 84' lang='grc' dir='ltr'>τρεῖς</span> <span class='ocrx_word' id='word_1_331' title='bbox 1039 2748 1236 2820; x_wconf 74' lang='grc' dir='ltr'>ἄνδρας</span> <span class='ocrx_word' id='word_1_332' title='bbox 1259 2747 1524 2819; x_wconf 79' lang='grc' dir='ltr'>ἐϐάλομεν</span> <span class='ocrx_word' id='word_1_333' title='bbox 1549 2749 1604 2802; x_wconf 82' lang='grc' dir='ltr'><strong>ἐν</strong></span> <span class='ocrx_word' id='word_1_334' title='bbox 1629 2747 1780 2820; x_wconf 82' lang='grc' dir='ltr'>μέσῳ</span> 
     </span>
    </p>
   </div>
   <div class='ocr_carea' id='block_1_46' title="bbox 187 2835 1778 2910">
    <p class='ocr_par' dir='ltr' id='par_1_46' title="bbox 187 2835 1778 2910">
     <span class='ocr_line' id='line_1_46' title="bbox 187 2835 1778 2910; baseline -0.001 -19"><span class='ocrx_word' id='word_1_335' title='bbox 187 2837 288 2892; x_wconf 79' lang='grc' dir='ltr'>τοῦ</span> <span class='ocrx_word' id='word_1_336' title='bbox 315 2839 518 2910; x_wconf 78' lang='grc' dir='ltr'>πυρόςς</span> <span class='ocrx_word' id='word_1_337' title='bbox 553 2859 572 2893; x_wconf 76' lang='grc' dir='ltr'><strong>ι</strong></span> <span class='ocrx_word' id='word_1_338' title='bbox 623 2841 1022 2910; x_wconf 72' lang='grc' dir='ltr'>συμφησάντων</span> <span class='ocrx_word' id='word_1_339' title='bbox 1055 2839 1112 2892; x_wconf 76' lang='grc' dir='ltr'><strong>δὲ</strong></span> <span class='ocrx_word' id='word_1_340' title='bbox 1158 2835 1358 2904; x_wconf 71' lang='grc' dir='ltr'>αὐτῶν,</span> <span class='ocrx_word' id='word_1_341' title='bbox 1399 2858 1416 2891; x_wconf 80' lang='grc' dir='ltr'><strong>ι</strong></span> <span class='ocrx_word' id='word_1_342' title='bbox 1469 2838 1598 2892; x_wconf 77' lang='grc' dir='ltr'>Ἰδοὺ</span> <span class='ocrx_word' id='word_1_343' title='bbox 1649 2835 1778 2908; x_wconf 80' lang='grc' dir='ltr'>ἐγὼ,</span> 
     </span>
    </p>
   </div>
   <div class='ocr_carea' id='block_1_47' title="bbox 193 2929 1778 3004">
    <p class='ocr_par' dir='ltr' id='par_1_47' title="bbox 193 2929 1778 3004">
     <span class='ocr_line' id='line_1_47' title="bbox 193 2929 1778 3004; baseline -0.002 -20"><span class='ocrx_word' id='word_1_344' title='bbox 193 2932 385 3002; x_wconf 78' lang='grc' dir='ltr'>φησὶν,</span> <span class='ocrx_word' id='word_1_345' title='bbox 443 2931 552 3004; x_wconf 82' lang='grc' dir='ltr'><strong>ὁρῶ</strong></span> <span class='ocrx_word' id='word_1_346' title='bbox 603 2933 800 3004; x_wconf 82' lang='grc' dir='ltr'>ἄνδρας</span> <span class='ocrx_word' id='word_1_347' title='bbox 815 2933 1088 3002; x_wconf 79' lang='grc' dir='ltr'>τέσσαρας</span> <span class='ocrx_word' id='word_1_348' title='bbox 1121 2930 1464 3002; x_wconf 82' lang='grc' dir='ltr'>λελυμένους,</span> <span class='ocrx_word' id='word_1_349' title='bbox 1501 2929 1594 2984; x_wconf 71' lang='grc' dir='ltr'>καὶ</span> <span class='ocrx_word' id='word_1_350' title='bbox 1623 2947 1778 3002; x_wconf 81' lang='grc' dir='ltr'>περι-</span> 
     </span>
    </p>
   </div>
   <div class='ocr_carea' id='block_1_48' title="bbox 191 3021 1778 3096">
    <p class='ocr_par' dir='ltr' id='par_1_48' title="bbox 191 3021 1778 3096">
     <span class='ocr_line' id='line_1_48' title="bbox 191 3021 1778 3096; baseline -0.001 -20"><span class='ocrx_word' id='word_1_351' title='bbox 191 3023 506 3088; x_wconf 73' lang='grc' dir='ltr'>πατοῦντας</span> <span class='ocrx_word' id='word_1_352' title='bbox 539 3027 594 3078; x_wconf 87' lang='grc' dir='ltr'><strong>ἐν</strong></span> <span class='ocrx_word' id='word_1_353' title='bbox 619 3023 697 3092; x_wconf 84' lang='grc' dir='ltr'>τῷ</span> <span class='ocrx_word' id='word_1_354' title='bbox 726 3025 892 3096; x_wconf 57' lang='grc' dir='ltr'>πρρὶ,</span> <span class='ocrx_word' id='word_1_355' title='bbox 923 3023 1018 3078; x_wconf 76' lang='grc' dir='ltr'><strong>καὶ</strong></span> <span class='ocrx_word' id='word_1_356' title='bbox 1051 3021 1228 3094; x_wconf 84' lang='grc' dir='ltr'>φθορὰ</span> <span class='ocrx_word' id='word_1_357' title='bbox 1265 3022 1490 3092; x_wconf 75' lang='grc' dir='ltr'>οὐδεμία</span> <span class='ocrx_word' id='word_1_358' title='bbox 1531 3023 1679 3074; x_wconf 73' lang='grc' dir='ltr'>ἐστὶν</span> <span class='ocrx_word' id='word_1_359' title='bbox 1721 3023 1778 3074; x_wconf 89' lang='grc' dir='ltr'><strong>ἐν</strong></span> 
     </span>
    </p>
   </div>
   <div class='ocr_carea' id='block_1_49' title="bbox 1893 1861 3482 1940">
    <p class='ocr_par' dir='ltr' id='par_1_49' title="bbox 1893 1861 3482 1940">
     <span class='ocr_line' id='line_1_49' title="bbox 1893 1861 3482 1940; baseline 0.005 -24"><span class='ocrx_word' id='word_1_360' title='bbox 1893 1867 2225 1918; x_wconf 88' lang='lat' dir='ltr'><strong>evertentem</strong></span> <span class='ocrx_word' id='word_1_361' title='bbox 2257 1869 2312 1918; x_wconf 90' lang='lat' dir='ltr'><strong>et</strong></span> <span class='ocrx_word' id='word_1_362' title='bbox 2345 1861 2640 1928; x_wconf 87' lang='lat' dir='ltr'><strong>delentem,</strong></span> <span class='ocrx_word' id='word_1_363' title='bbox 2673 1871 2990 1920; x_wconf 87' lang='lat' dir='ltr'><strong>sanctorum</strong></span> <span class='ocrx_word' id='word_1_364' title='bbox 3014 1881 3242 1938; x_wconf 80' lang='lat' dir='ltr'><strong>regnum</strong></span> <span class='ocrx_word' id='word_1_365' title='bbox 3273 1867 3328 1922; x_wconf 90' lang='lat' dir='ltr'><strong>in</strong></span> <span class='ocrx_word' id='word_1_366' title='bbox 3359 1883 3482 1940; x_wconf 84' lang='lat' dir='ltr'><strong>per-</strong></span> 
     </span>
    </p>
   </div>
   <div class='ocr_carea' id='block_1_50' title="bbox 1893 1960 2734 2024">
    <p class='ocr_par' dir='ltr' id='par_1_50' title="bbox 1893 1960 2734 2024">
     <span class='ocr_line' id='line_1_50' title="bbox 1893 1960 2734 2024; baseline 0.002 -16"><span class='ocrx_word' id='word_1_367' title='bbox 1893 1960 2120 2024; x_wconf 86' lang='lat' dir='ltr'><strong>petuum</strong></span> <span class='ocrx_word' id='word_1_368' title='bbox 2155 1965 2554 2024; x_wconf 87' lang='lat' dir='ltr'><strong>occupaturum</strong></span> <span class='ocrx_word' id='word_1_369' title='bbox 2585 1969 2734 2012; x_wconf 88' lang='lat' dir='ltr'><strong>esse.</strong></span> 
     </span>
    </p>
   </div>
   <div class='ocr_carea' id='block_1_51' title="bbox 2463 2131 2930 2192">
    <p class='ocr_par' dir='ltr' id='par_1_51' title="bbox 2463 2131 2930 2192">
     <span class='ocr_line' id='line_1_51' title="bbox 2463 2131 2930 2192; baseline 0.002 -4"><span class='ocrx_word' id='word_1_370' title='bbox 2463 2131 2694 2188; x_wconf 83' lang='lat' dir='ltr'><strong>CAPUT</strong></span> <span class='ocrx_word' id='word_1_371' title='bbox 2747 2131 2930 2192; x_wconf 78' lang='lat' dir='ltr'><strong>XLIII.</strong></span> 
     </span>
    </p>
   </div>
   <div class='ocr_carea' id='block_1_52' title="bbox 2519 2243 2838 2302">
    <p class='ocr_par' dir='ltr' id='par_1_52' title="bbox 2519 2243 2838 2302">
     <span class='ocr_line' id='line_1_52' title="bbox 2519 2243 2838 2302; baseline 0.013 -4"><span class='ocrx_word' id='word_1_372' title='bbox 2519 2243 2606 2298; x_wconf 77' lang='lat' dir='ltr'><strong>Ea:</strong></span> <span class='ocrx_word' id='word_1_373' title='bbox 2637 2246 2838 2302; x_wconf 84' lang='lat' dir='ltr'><strong>eodem.</strong></span> 
     </span>
    </p>
   </div>
   <div class='ocr_carea' id='block_1_53' title="bbox 1907 2357 3478 2436">
    <p class='ocr_par' dir='ltr' id='par_1_53' title="bbox 1907 2357 3478 2436">
     <span class='ocr_line' id='line_1_53' title="bbox 1907 2357 3478 2436; baseline 0.006 -24"><span class='ocrx_word' id='word_1_374' title='bbox 1907 2375 1922 2388; x_wconf 84' lang='grc'>·</span> <span class='ocrx_word' id='word_1_375' title='bbox 1961 2357 2469 2414; x_wconf 82' lang='lat' dir='ltr'><strong>Nabuchodonosor</strong></span> <span class='ocrx_word' id='word_1_376' title='bbox 2503 2373 2618 2424; x_wconf 77' lang='lat' dir='ltr'><strong>rex,</strong></span> <span class='ocrx_word' id='word_1_377' title='bbox 2649 2359 2914 2428; x_wconf 84' lang='lat' dir='ltr'><strong>conjectis</strong></span> <span class='ocrx_word' id='word_1_378' title='bbox 2939 2361 2994 2414; x_wconf 90' lang='lat' dir='ltr'><strong>in</strong></span> <span class='ocrx_word' id='word_1_379' title='bbox 3021 2359 3298 2418; x_wconf 82' lang='lat' dir='ltr'><strong>fornacem</strong></span> <span class='ocrx_word' id='word_1_380' title='bbox 3335 2365 3478 2436; x_wconf 82' lang='lat' dir='ltr'><strong>ignis</strong></span> 
     </span>
    </p>
   </div>
   <div class='ocr_carea' id='block_1_54' title="bbox 1889 2453 3478 2530">
    <p class='ocr_par' dir='ltr' id='par_1_54' title="bbox 1889 2453 3478 2530">
     <span class='ocr_line' id='line_1_54' title="bbox 1889 2453 3478 2530; baseline 0.005 -24"><span class='ocrx_word' id='word_1_381' title='bbox 1889 2453 2102 2508; x_wconf 79' lang='lat' dir='ltr'><strong>Anania</strong></span> <span class='ocrx_word' id='word_1_382' title='bbox 2140 2453 2370 2525; x_wconf 87' lang='lat' dir='ltr'><strong>ejusque</strong></span> <span class='ocrx_word' id='word_1_383' title='bbox 2413 2453 2604 2515; x_wconf 80' lang='lat' dir='ltr'><strong>Sociis,</strong></span> <span class='ocrx_word' id='word_1_384' title='bbox 2638 2469 2764 2508; x_wconf 87' lang='lat' dir='ltr'><strong>cum</strong></span> <span class='ocrx_word' id='word_1_385' title='bbox 2803 2457 3164 2526; x_wconf 80' lang='lat' dir='ltr'><strong>comperisset</strong></span> <span class='ocrx_word' id='word_1_386' title='bbox 3217 2473 3312 2513; x_wconf 90' lang='lat' dir='ltr'><strong>eos</strong></span> <span class='ocrx_word' id='word_1_387' title='bbox 3355 2459 3478 2530; x_wconf 90' lang='lat' dir='ltr'><strong>igne</strong></span> 
     </span>
    </p>
   </div>
   <div class='ocr_carea' id='block_1_55' title="bbox 1889 2536 3478 2616">
    <p class='ocr_par' dir='ltr' id='par_1_55' title="bbox 1889 2536 3478 2616">
     <span class='ocr_line' id='line_1_55' title="bbox 1889 2536 3478 2616; baseline 0.004 -18"><span class='ocrx_word' id='word_1_388' title='bbox 1889 2541 2114 2608; x_wconf 75' lang='lat' dir='ltr'><strong>illaesos,</strong></span> <span class='ocrx_word' id='word_1_389' title='bbox 2149 2545 2374 2616; x_wconf 88' lang='lat' dir='ltr'><strong>ipseque</strong></span> <span class='ocrx_word' id='word_1_390' title='bbox 2405 2545 2656 2600; x_wconf 88' lang='lat' dir='ltr'><strong>miraculi</strong></span> <span class='ocrx_word' id='word_1_391' title='bbox 2683 2536 2842 2602; x_wconf 78' lang='lat' dir='ltr'><strong>testis</strong></span> <span class='ocrx_word' id='word_1_392' title='bbox 2869 2561 2992 2602; x_wconf 88' lang='lat' dir='ltr'><strong>esse</strong></span> <span class='ocrx_word' id='word_1_393' title='bbox 3015 2547 3304 2616; x_wconf 88' lang='lat' dir='ltr'><strong>voluisset,</strong></span> <span class='ocrx_word' id='word_1_394' title='bbox 3340 2549 3478 2604; x_wconf 86' lang='lat' dir='ltr'><strong>ami-</strong></span> 
     </span>
    </p>
   </div>
   <div class='ocr_carea' id='block_1_56' title="bbox 1889 2635 3478 2698">
    <p class='ocr_par' dir='ltr' id='par_1_56' title="bbox 1889 2635 3478 2698">
     <span class='ocr_line' id='line_1_56' title="bbox 1889 2635 3478 2698; baseline 0.004 -6"><span class='ocrx_word' id='word_1_395' title='bbox 1889 2637 1972 2692; x_wconf 90' lang='lat' dir='ltr'><strong>cis</strong></span> <span class='ocrx_word' id='word_1_396' title='bbox 2020 2635 2138 2692; x_wconf 90' lang='lat' dir='ltr'><strong>suis</strong></span> <span class='ocrx_word' id='word_1_397' title='bbox 2193 2635 2402 2692; x_wconf 80' lang='lat' dir='ltr'><strong>dixisse</strong></span> <span class='ocrx_word' id='word_1_398' title='bbox 2449 2639 2626 2692; x_wconf 87' lang='lat' dir='ltr'><strong>t&#39;ertur</strong></span> <span class='ocrx_word' id='word_1_399' title='bbox 2661 2657 2676 2694; x_wconf 84' lang='lat'><strong>;</strong></span> <span class='ocrx_word' id='word_1_400' title='bbox 2715 2659 2732 2690; x_wconf 78' lang='grc' dir='ltr'><strong>ι</strong></span> <span class='ocrx_word' id='word_1_401' title='bbox 2769 2637 2960 2692; x_wconf 85' lang='lat' dir='ltr'><strong>Nonne</strong></span> <span class='ocrx_word' id='word_1_402' title='bbox 3015 2649 3128 2696; x_wconf 85' lang='lat' dir='ltr'><strong>tres</strong></span> <span class='ocrx_word' id='word_1_403' title='bbox 3181 2641 3330 2696; x_wconf 83' lang='lat' dir='ltr'><strong>viros</strong></span> <span class='ocrx_word' id='word_1_404' title='bbox 3377 2645 3478 2698; x_wconf 82' lang='lat' dir='ltr'><strong>mi-</strong></span> 
     </span>
    </p>
   </div>
   <div class='ocr_carea' id='block_1_57' title="bbox 1889 2729 3474 2802">
    <p class='ocr_par' dir='ltr' id='par_1_57' title="bbox 1889 2729 3474 2802">
     <span class='ocr_line' id='line_1_57' title="bbox 1889 2729 3474 2802; baseline 0.004 -18"><span class='ocrx_word' id='word_1_405' title='bbox 1889 2729 2062 2784; x_wconf 90' lang='lat' dir='ltr'><strong>simus</strong></span> <span class='ocrx_word' id='word_1_406' title='bbox 2109 2729 2164 2784; x_wconf 87' lang='lat' dir='ltr'><strong>in</strong></span> <span class='ocrx_word' id='word_1_407' title='bbox 2201 2729 2438 2784; x_wconf 91' lang='lat' dir='ltr'><strong>medium</strong></span> <span class='ocrx_word' id='word_1_408' title='bbox 2481 2729 2626 2802; x_wconf 81' lang='lat' dir='ltr'><strong>ignis</strong></span> <span class='ocrx_word' id='word_1_409' title='bbox 2659 2731 2998 2802; x_wconf 87' lang='lat' dir='ltr'><strong>compeditos</strong></span> <span class='ocrx_word' id='word_1_410' title='bbox 3031 2733 3118 2786; x_wconf 59' lang='lat'><strong>’5?</strong></span> <span class='ocrx_word' id='word_1_411' title='bbox 3155 2753 3174 2786; x_wconf 73' lang='grc' dir='ltr'><strong>ι</strong></span> <span class='ocrx_word' id='word_1_412' title='bbox 3213 2733 3312 2788; x_wconf 75' lang='lat' dir='ltr'><strong>Cui</strong></span> <span class='ocrx_word' id='word_1_413' title='bbox 3349 2751 3474 2792; x_wconf 88' lang='lat' dir='ltr'><strong>cum</strong></span> 
     </span>
    </p>
   </div>
   <div class='ocr_carea' id='block_1_58' title="bbox 1887 2820 3472 2898">
    <p class='ocr_par' dir='ltr' id='par_1_58' title="bbox 1887 2820 3472 2898">
     <span class='ocr_line' id='line_1_58' title="bbox 1887 2820 3472 2898; baseline 0.006 -24"><span class='ocrx_word' id='word_1_414' title='bbox 1887 2820 1980 2876; x_wconf 86' lang='lat' dir='ltr'><strong>isti</strong></span> <span class='ocrx_word' id='word_1_415' title='bbox 2023 2821 2452 2892; x_wconf 81' lang='lat' dir='ltr'><strong>respondissent,</strong></span> <span class='ocrx_word' id='word_1_416' title='bbox 2503 2839 2630 2878; x_wconf 84' lang='lat' dir='ltr'><strong>vere</strong></span> <span class='ocrx_word' id='word_1_417' title='bbox 2653 2825 2754 2879; x_wconf 89' lang='lat' dir='ltr'><strong>hoc</strong></span> <span class='ocrx_word' id='word_1_418' title='bbox 2787 2839 2944 2892; x_wconf 80' lang='lat' dir='ltr'><strong>esse,</strong></span> <span class='ocrx_word' id='word_1_419' title='bbox 2981 2843 3000 2874; x_wconf 70' lang='grc' dir='ltr'><strong>ί</strong></span> <span class='ocrx_word' id='word_1_420' title='bbox 3027 2823 3164 2880; x_wconf 86' lang='lat' dir='ltr'><strong>Ecce</strong></span> <span class='ocrx_word' id='word_1_421' title='bbox 3193 2841 3316 2898; x_wconf 88' lang='lat' dir='ltr'><strong>ego,</strong></span> <span class='ocrx_word' id='word_1_422' title='bbox 3376 2831 3472 2894; x_wconf 86' lang='lat' dir='ltr'><strong>ait,</strong></span> 
     </span>
    </p>
   </div>
   <div class='ocr_carea' id='block_1_59' title="bbox 1895 2915 3474 2994">
    <p class='ocr_par' dir='ltr' id='par_1_59' title="bbox 1895 2915 3474 2994">
     <span class='ocr_line' id='line_1_59' title="bbox 1895 2915 3474 2994; baseline 0.005 -24"><span class='ocrx_word' id='word_1_423' title='bbox 1895 2915 2054 2970; x_wconf 86' lang='lat' dir='ltr'><strong>video</strong></span> <span class='ocrx_word' id='word_1_424' title='bbox 2077 2923 2314 2985; x_wconf 87' lang='lat' dir='ltr'><strong>quatuor</strong></span> <span class='ocrx_word' id='word_1_425' title='bbox 2345 2915 2496 2972; x_wconf 83' lang='lat' dir='ltr'><strong>viros</strong></span> <span class='ocrx_word' id='word_1_426' title='bbox 2525 2917 2732 2994; x_wconf 87' lang='lat' dir='ltr'><strong>solutos</strong></span> <span class='ocrx_word' id='word_1_427' title='bbox 2757 2924 2812 2970; x_wconf 85' lang='lat' dir='ltr'><strong>et</strong></span> <span class='ocrx_word' id='word_1_428' title='bbox 2833 2917 3176 2974; x_wconf 84' lang='lat' dir='ltr'><strong>ambulantes</strong></span> <span class='ocrx_word' id='word_1_429' title='bbox 3205 2919 3259 2974; x_wconf 89' lang='lat' dir='ltr'><strong>in</strong></span> <span class='ocrx_word' id='word_1_430' title='bbox 3297 2921 3474 2978; x_wconf 85' lang='lat' dir='ltr'><strong>medio</strong></span> 
     </span>
    </p>
   </div>
   <div class='ocr_carea' id='block_1_60' title="bbox 1887 3007 3470 3084">
    <p class='ocr_par' dir='ltr' id='par_1_60' title="bbox 1887 3007 3470 3084">
     <span class='ocr_line' id='line_1_60' title="bbox 1887 3007 3470 3084; baseline 0.005 -22"><span class='ocrx_word' id='word_1_431' title='bbox 1887 3007 2050 3079; x_wconf 86' lang='lat' dir='ltr'><strong>ignis,</strong></span> <span class='ocrx_word' id='word_1_432' title='bbox 2071 3019 2124 3064; x_wconf 89' lang='lat' dir='ltr'><strong>et</strong></span> <span class='ocrx_word' id='word_1_433' title='bbox 2153 3009 2288 3062; x_wconf 85' lang='lat' dir='ltr'><strong>nihil</strong></span> <span class='ocrx_word' id='word_1_434' title='bbox 2313 3009 2683 3081; x_wconf 85' lang='lat' dir='ltr'><strong>corruptionis</strong></span> <span class='ocrx_word' id='word_1_435' title='bbox 2701 3009 2758 3064; x_wconf 90' lang='lat' dir='ltr'><strong>in</strong></span> <span class='ocrx_word' id='word_1_436' title='bbox 2771 3011 2852 3066; x_wconf 89' lang='lat' dir='ltr'><strong>eis</strong></span> <span class='ocrx_word' id='word_1_437' title='bbox 2867 3021 2974 3078; x_wconf 89' lang='lat' dir='ltr'><strong>est,</strong></span> <span class='ocrx_word' id='word_1_438' title='bbox 2988 3021 3042 3068; x_wconf 88' lang='lat' dir='ltr'><strong>et</strong></span> <span class='ocrx_word' id='word_1_439' title='bbox 3059 3013 3270 3084; x_wconf 88' lang='lat' dir='ltr'><strong>species</strong></span> <span class='ocrx_word' id='word_1_440' title='bbox 3291 3017 3470 3084; x_wconf 78' lang='lat' dir='ltr'><strong>quarti</strong></span> 
     </span>
    </p>
   </div>
   <div class='ocr_carea' id='block_1_61' title="bbox 189 3099 1780 3190">
    <p class='ocr_par' dir='ltr' id='par_1_61' title="bbox 189 3113 1774 3190">
     <span class='ocr_line' id='line_1_61' title="bbox 189 3113 1774 3190; baseline -0.003 -20"><span class='ocrx_word' id='word_1_441' title='bbox 189 3119 400 3182; x_wconf 78' lang='grc' dir='ltr'>αὐτοῖς,</span> <span class='ocrx_word' id='word_1_442' title='bbox 423 3119 566 3188; x_wconf 74' lang='grc' dir='ltr'>καὶὴ</span> <span class='ocrx_word' id='word_1_443' title='bbox 589 3119 776 3190; x_wconf 77' lang='grc' dir='ltr'>ὅρασις</span> <span class='ocrx_word' id='word_1_444' title='bbox 793 3117 884 3170; x_wconf 72' lang='grc' dir='ltr'>τοῦ</span> <span class='ocrx_word' id='word_1_445' title='bbox 909 3117 1170 3188; x_wconf 78' lang='grc' dir='ltr'>τετάρτου</span> <span class='ocrx_word' id='word_1_446' title='bbox 1189 3115 1442 3188; x_wconf 81' lang='grc' dir='ltr'>ὁμοίωμα</span> <span class='ocrx_word' id='word_1_447' title='bbox 1455 3115 1570 3166; x_wconf 76' lang='grc' dir='ltr'>υἱοῦ</span> <span class='ocrx_word' id='word_1_448' title='bbox 1585 3113 1740 3167; x_wconf 75' lang='grc' dir='ltr'>Θεοῦ·</span> <span class='ocrx_word' id='word_1_449' title='bbox 1757 3133 1774 3164; x_wconf 77' lang='grc' dir='ltr'><strong>ι</strong></span> 
     </span>
    </p>
   </div>
   <div class='ocr_carea' id='block_1_62' title="bbox 1887 3099 3472 3190">
    <p class='ocr_par' dir='ltr' id='par_1_62' title="bbox 1889 3099 3472 3164">
     <span class='ocr_line' id='line_1_62' title="bbox 1889 3099 3472 3164; baseline 0.004 -8"><span class='ocrx_word' id='word_1_450' title='bbox 1889 3101 2086 3156; x_wconf 90' lang='lat' dir='ltr'><strong>similis</strong></span> <span class='ocrx_word' id='word_1_451' title='bbox 2115 3099 2254 3156; x_wconf 89' lang='lat' dir='ltr'><strong>Filio</strong></span> <span class='ocrx_word' id='word_1_452' title='bbox 2280 3099 2374 3156; x_wconf 89' lang='lat' dir='ltr'><strong>Dei</strong></span> <span class='ocrx_word' id='word_1_453' title='bbox 2405 3103 2474 3156; x_wconf 66' lang='grc'><strong>³⁷.</strong></span> <span class='ocrx_word' id='word_1_454' title='bbox 2505 3123 2524 3154; x_wconf 72' lang='grc' dir='ltr'><strong>ι</strong></span> <span class='ocrx_word' id='word_1_455' title='bbox 2563 3101 2866 3160; x_wconf 83' lang='lat' dir='ltr'><strong>Hebraicus</strong></span> <span class='ocrx_word' id='word_1_456' title='bbox 2894 3111 3076 3161; x_wconf 87' lang='lat' dir='ltr'><strong>textus</strong></span> <span class='ocrx_word' id='word_1_457' title='bbox 3105 3125 3124 3158; x_wconf 78' lang='grc' dir='ltr'><strong>ι</strong></span> <span class='ocrx_word' id='word_1_458' title='bbox 3157 3107 3472 3164; x_wconf 85' lang='lat' dir='ltr'><strong>similitudi-</strong></span> 
     </span>
    </p>
   </div>
   <div class='ocr_carea' id='block_1_63' title="bbox 187 3203 1782 3280">
    <p class='ocr_par' dir='ltr' id='par_1_63' title="bbox 187 3203 1782 3280">
     <span class='ocr_line' id='line_1_63' title="bbox 187 3203 1782 3280; baseline -0.003 -20"><span class='ocrx_word' id='word_1_459' title='bbox 187 3209 452 3274; x_wconf 79' lang='grc' dir='ltr'>ὡσαύτως</span> <span class='ocrx_word' id='word_1_460' title='bbox 476 3209 534 3264; x_wconf 77' lang='grc' dir='ltr'>δὲ</span> <span class='ocrx_word' id='word_1_461' title='bbox 565 3211 658 3264; x_wconf 73' lang='grc' dir='ltr'><strong>καὶ</strong></span> <span class='ocrx_word' id='word_1_462' title='bbox 689 3211 750 3264; x_wconf 88' lang='grc' dir='ltr'><strong>τὸ</strong></span> <span class='ocrx_word' id='word_1_463' title='bbox 783 3207 1066 3280; x_wconf 78' lang='grc' dir='ltr'>Ἐϐραῖκὺν</span> <span class='ocrx_word' id='word_1_464' title='bbox 1095 3227 1112 3258; x_wconf 79' lang='grc' dir='ltr'><strong>ι</strong></span> <span class='ocrx_word' id='word_1_465' title='bbox 1137 3207 1386 3278; x_wconf 83' lang='grc' dir='ltr'>ὁμοίωμα</span> <span class='ocrx_word' id='word_1_466' title='bbox 1425 3205 1570 3260; x_wconf 84' lang='grc' dir='ltr'><strong>’Υίοῦ</strong></span> <span class='ocrx_word' id='word_1_467' title='bbox 1597 3203 1731 3258; x_wconf 82' lang='grc' dir='ltr'>Θεοῦ</span> <span class='ocrx_word' id='word_1_468' title='bbox 1763 3225 1782 3256; x_wconf 71' lang='grc' dir='ltr'><strong>ι</strong></span> 
     </span>
    </p>
   </div>
   <div class='ocr_carea' id='block_1_64' title="bbox 193 3299 1790 3376">
    <p class='ocr_par' dir='ltr' id='par_1_64' title="bbox 193 3299 1790 3376">
     <span class='ocr_line' id='line_1_64' title="bbox 193 3299 1790 3376; baseline -0.004 -20"><span class='ocrx_word' id='word_1_469' title='bbox 193 3301 478 3376; x_wconf 74' lang='grc' dir='ltr'>περιέχει,</span> <span class='ocrx_word' id='word_1_470' title='bbox 531 3304 624 3356; x_wconf 75' lang='grc' dir='ltr'><strong>καὶ</strong></span> <span class='ocrx_word' id='word_1_471' title='bbox 663 3305 712 3356; x_wconf 87' lang='lat' dir='ltr'><strong>0i</strong></span> <span class='ocrx_word' id='word_1_472' title='bbox 747 3301 924 3356; x_wconf 78' lang='grc' dir='ltr'>λοιποὶ</span> <span class='ocrx_word' id='word_1_473' title='bbox 965 3302 1020 3356; x_wconf 79' lang='grc' dir='ltr'><strong>δὲ</strong></span> <span class='ocrx_word' id='word_1_474' title='bbox 1059 3301 1262 3372; x_wconf 81' lang='grc' dir='ltr'>ὁμοίως</span> <span class='ocrx_word' id='word_1_475' title='bbox 1293 3299 1652 3354; x_wconf 81' lang='grc' dir='ltr'>ἐκδεδώκασιν</span> <span class='ocrx_word' id='word_1_476' title='bbox 1697 3299 1790 3368; x_wconf 88' lang='grc' dir='ltr'>έρ-</span> 
     </span>
    </p>
   </div>
   <div class='ocr_carea' id='block_1_65' title="bbox 192 3389 1788 3466">
    <p class='ocr_par' dir='ltr' id='par_1_65' title="bbox 192 3389 1788 3466">
     <span class='ocr_line' id='line_1_65' title="bbox 192 3389 1788 3466; baseline -0.002 -20"><span class='ocrx_word' id='word_1_477' title='bbox 192 3395 482 3466; x_wconf 80' lang='grc' dir='ltr'>μηνευταί’</span> <span class='ocrx_word' id='word_1_478' title='bbox 503 3393 692 3448; x_wconf 82' lang='grc' dir='ltr'>τούτου</span> <span class='ocrx_word' id='word_1_479' title='bbox 717 3393 780 3464; x_wconf 75' lang='grc' dir='ltr'><strong>δὴ</strong></span> <span class='ocrx_word' id='word_1_480' title='bbox 803 3389 894 3448; x_wconf 78' lang='grc' dir='ltr'><strong>οὖν</strong></span> <span class='ocrx_word' id='word_1_481' title='bbox 925 3389 1552 3465; x_wconf 61' lang='grc' dir='ltr'>ἓνεκαξέσημειωσάμεθα</span> <span class='ocrx_word' id='word_1_482' title='bbox 1583 3389 1672 3445; x_wconf 75' lang='grc' dir='ltr'><strong>τὸν</strong></span> <span class='ocrx_word' id='word_1_483' title='bbox 1703 3389 1788 3444; x_wconf 85' lang='grc' dir='ltr'>τό-</span> 
     </span>
    </p>
   </div>
   <div class='ocr_carea' id='block_1_66' title="bbox 189 3483 1780 3560">
    <p class='ocr_par' dir='ltr' id='par_1_66' title="bbox 189 3483 1780 3560">
     <span class='ocr_line' id='line_1_66' title="bbox 189 3483 1780 3560; baseline -0.001 -20"><span class='ocrx_word' id='word_1_484' title='bbox 189 3503 316 3552; x_wconf 82' lang='grc' dir='ltr'>πον,</span> <span class='ocrx_word' id='word_1_485' title='bbox 349 3487 424 3550; x_wconf 85' lang='grc' dir='ltr'>ὡς</span> <span class='ocrx_word' id='word_1_486' title='bbox 449 3489 542 3540; x_wconf 77' lang='grc' dir='ltr'><strong>καὶ</strong></span> <span class='ocrx_word' id='word_1_487' title='bbox 571 3486 819 3541; x_wconf 80' lang='grc' dir='ltr'>ἐντεῦθεν</span> <span class='ocrx_word' id='word_1_488' title='bbox 843 3487 1248 3560; x_wconf 80' lang='grc' dir='ltr'>σημαινομένης</span> <span class='ocrx_word' id='word_1_489' title='bbox 1276 3487 1378 3560; x_wconf 77' lang='grc' dir='ltr'>τῆς</span> <span class='ocrx_word' id='word_1_490' title='bbox 1409 3485 1502 3540; x_wconf 71' lang='grc' dir='ltr'>τοῦ</span> <span class='ocrx_word' id='word_1_491' title='bbox 1529 3485 1662 3540; x_wconf 77' lang='grc' dir='ltr'>Υἰοῦ</span> <span class='ocrx_word' id='word_1_492' title='bbox 1685 3483 1780 3539; x_wconf 75' lang='grc' dir='ltr'>τοῦ</span> 
     </span>
    </p>
   </div>
   <div class='ocr_carea' id='block_1_67' title="bbox 185 3579 748 3652">
    <p class='ocr_par' dir='ltr' id='par_1_67' title="bbox 185 3579 748 3652">
     <span class='ocr_line' id='line_1_67' title="bbox 185 3579 748 3652; baseline 0.004 -20"><span class='ocrx_word' id='word_1_493' title='bbox 185 3579 330 3636; x_wconf 78' lang='grc' dir='ltr'>θεοῦ</span> <span class='ocrx_word' id='word_1_494' title='bbox 357 3581 748 3652; x_wconf 79' lang='grc' dir='ltr'>προσηγορίας.</span> 
     </span>
    </p>
   </div>
   <div class='ocr_carea' id='block_1_68' title="bbox 692 3697 1262 3752">
    <p class='ocr_par' dir='ltr' id='par_1_68' title="bbox 692 3697 1262 3752">
     <span class='ocr_line' id='line_1_68' title="bbox 692 3697 1262 3752; baseline -0.004 0"><span class='ocrx_word' id='word_1_495' title='bbox 692 3697 1090 3752; x_wconf 77' lang='grc' dir='ltr'><strong>ΚΕΦΑΛΑΙΟΝ</strong></span> <span class='ocrx_word' id='word_1_496' title='bbox 1132 3699 1262 3752; x_wconf 80' lang='grc' dir='ltr'><strong>ΜΔ’.</strong></span> 
     </span>
    </p>
   </div>
   <div class='ocr_carea' id='block_1_69' title="bbox 831 3811 1178 3869">
    <p class='ocr_par' dir='ltr' id='par_1_69' title="bbox 831 3811 1178 3869">
     <span class='ocr_line' id='line_1_69' title="bbox 831 3811 1178 3869; baseline -0.006 -1"><span class='ocrx_word' id='word_1_497' title='bbox 831 3813 942 3868; x_wconf 86' lang='grc' dir='ltr'><strong>Τοῦ</strong></span> <span class='ocrx_word' id='word_1_498' title='bbox 967 3811 1178 3869; x_wconf 83' lang='grc' dir='ltr'>αὐτοῦ.</span> 
     </span>
    </p>
   </div>
   <div class='ocr_carea' id='block_1_70' title="bbox 263 3927 1780 4002">
    <p class='ocr_par' dir='ltr' id='par_1_70' title="bbox 263 3927 1780 4002">
     <span class='ocr_line' id='line_1_70' title="bbox 263 3927 1780 4002; baseline -0.003 -18"><span class='ocrx_word' id='word_1_499' title='bbox 263 3931 362 3984; x_wconf 74' lang='grc' dir='ltr'><strong>Ἐσν</strong></span> <span class='ocrx_word' id='word_1_500' title='bbox 393 3933 504 3994; x_wconf 80' lang='grc' dir='ltr'>τοῖς</span> <span class='ocrx_word' id='word_1_501' title='bbox 529 3929 798 4002; x_wconf 83' lang='grc' dir='ltr'>ὀράμασιν</span> <span class='ocrx_word' id='word_1_502' title='bbox 823 3931 852 3982; x_wconf 86' lang='lat'><strong>6</strong></span> <span class='ocrx_word' id='word_1_503' title='bbox 873 3929 1070 4002; x_wconf 77' lang='grc' dir='ltr'>Δανιὴλ</span> <span class='ocrx_word' id='word_1_504' title='bbox 1103 3946 1286 4000; x_wconf 84' lang='grc' dir='ltr'><strong>φησιν⁸</strong></span> <span class='ocrx_word' id='word_1_505' title='bbox 1323 3947 1342 3980; x_wconf 77' lang='grc' dir='ltr'><strong>ι</strong></span> <span class='ocrx_word' id='word_1_506' title='bbox 1393 3927 1692 4000; x_wconf 82' lang='grc' dir='ltr'>Ἐθεώρουν</span> <span class='ocrx_word' id='word_1_507' title='bbox 1721 3927 1780 3980; x_wconf 83' lang='grc' dir='ltr'><strong>ἐν</strong></span> 
     </span>
    </p>
   </div>
   <div class='ocr_carea' id='block_1_71' title="bbox 178 4019 1778 4096">
    <p class='ocr_par' dir='ltr' id='par_1_71' title="bbox 178 4019 1778 4096">
     <span class='ocr_line' id='line_1_71' title="bbox 178 4019 1778 4096; baseline -0.003 -20"><span class='ocrx_word' id='word_1_508' title='bbox 178 4023 538 4096; x_wconf 72' lang='grc' dir='ltr'>ὁράματι-,τῆς</span> <span class='ocrx_word' id='word_1_509' title='bbox 565 4022 778 4088; x_wconf 79' lang='grc' dir='ltr'>νυκτὸς,</span> <span class='ocrx_word' id='word_1_510' title='bbox 805 4023 898 4076; x_wconf 74' lang='grc' dir='ltr'>καὶ</span> <span class='ocrx_word' id='word_1_511' title='bbox 921 4021 1052 4086; x_wconf 79' lang='grc' dir='ltr'>ἰδοὺ,</span> <span class='ocrx_word' id='word_1_512' title='bbox 1081 4023 1172 4074; x_wconf 73' lang='grc' dir='ltr'>ἐπὶ</span> <span class='ocrx_word' id='word_1_513' title='bbox 1195 4021 1302 4074; x_wconf 85' lang='grc' dir='ltr'><strong>τῶν</strong></span> <span class='ocrx_word' id='word_1_514' title='bbox 1327 4019 1564 4090; x_wconf 84' lang='grc' dir='ltr'>νεφελῶν</span> <span class='ocrx_word' id='word_1_515' title='bbox 1581 4019 1672 4073; x_wconf 81' lang='grc' dir='ltr'>τοῦ</span> <span class='ocrx_word' id='word_1_516' title='bbox 1689 4021 1778 4072; x_wconf 78' lang='grc' dir='ltr'>οὐ·</span> 
     </span>
    </p>
   </div>
   <div class='ocr_carea' id='block_1_72' title="bbox 181 4111 1778 4188">
    <p class='ocr_par' dir='ltr' id='par_1_72' title="bbox 181 4111 1778 4188">
     <span class='ocr_line' id='line_1_72' title="bbox 181 4111 1778 4188; baseline -0.004 -17"><span class='ocrx_word' id='word_1_517' title='bbox 181 4115 352 4188; x_wconf 79' lang='grc' dir='ltr'>ρανοῦ</span> <span class='ocrx_word' id='word_1_518' title='bbox 383 4115 458 4180; x_wconf 77' lang='grc' dir='ltr'>ὡς</span> <span class='ocrx_word' id='word_1_519' title='bbox 483 4117 610 4180; x_wconf 75' lang='grc' dir='ltr'>Υἱὸς</span> <span class='ocrx_word' id='word_1_520' title='bbox 644 4115 930 4188; x_wconf 83' lang='grc' dir='ltr'>ἀνθρώπου</span> <span class='ocrx_word' id='word_1_521' title='bbox 961 4115 1252 4188; x_wconf 79' lang='grc' dir='ltr'>ἐρχόμενος</span> <span class='ocrx_word' id='word_1_522' title='bbox 1283 4115 1378 4167; x_wconf 76' lang='grc' dir='ltr'><strong>καὶ</strong></span> <span class='ocrx_word' id='word_1_523' title='bbox 1409 4113 1514 4178; x_wconf 78' lang='grc' dir='ltr'>ἓως</span> <span class='ocrx_word' id='word_1_524' title='bbox 1542 4111 1636 4166; x_wconf 82' lang='grc' dir='ltr'>τοῦ</span> <span class='ocrx_word' id='word_1_525' title='bbox 1663 4113 1778 4164; x_wconf 88' lang='grc' dir='ltr'><strong>Πα-</strong></span> 
     </span>
    </p>
   </div>
   <div class='ocr_carea' id='block_1_73' title="bbox 179 4201 1770 4278">
    <p class='ocr_par' dir='ltr' id='par_1_73' title="bbox 179 4201 1770 4278">
     <span class='ocr_line' id='line_1_73' title="bbox 179 4201 1770 4278; baseline -0.003 -18"><span class='ocrx_word' id='word_1_526' title='bbox 179 4205 336 4262; x_wconf 86' lang='grc' dir='ltr'>λαιοῦ</span> <span class='ocrx_word' id='word_1_527' title='bbox 371 4207 480 4259; x_wconf 84' lang='grc' dir='ltr'><strong>τῶν</strong></span> <span class='ocrx_word' id='word_1_528' title='bbox 510 4205 730 4278; x_wconf 81' lang='grc' dir='ltr'>ἡμερῶν</span> <span class='ocrx_word' id='word_1_529' title='bbox 767 4205 966 4274; x_wconf 78' lang='grc' dir='ltr'>ἔφθασε</span> <span class='ocrx_word' id='word_1_530' title='bbox 993 4246 1006 4270; x_wconf 92' lang='grc'><strong>,</strong></span> <span class='ocrx_word' id='word_1_531' title='bbox 1053 4205 1149 4258; x_wconf 75' lang='grc' dir='ltr'><strong>καὶ</strong></span> <span class='ocrx_word' id='word_1_532' title='bbox 1191 4203 1538 4276; x_wconf 83' lang='grc' dir='ltr'>προσηνέχθη</span> <span class='ocrx_word' id='word_1_533' title='bbox 1579 4201 1728 4273; x_wconf 82' lang='grc' dir='ltr'>αὐτῷ</span> <span class='ocrx_word' id='word_1_534' title='bbox 1755 4243 1770 4266; x_wconf 93' lang='grc'><strong>,</strong></span> 
     </span>
    </p>
   </div>
   <div class='ocr_carea' id='block_1_74' title="bbox 184 4293 1764 4370">
    <p class='ocr_par' dir='ltr' id='par_1_74' title="bbox 184 4293 1764 4370">
     <span class='ocr_line' id='line_1_74' title="bbox 184 4293 1764 4370; baseline -0.003 -18"><span class='ocrx_word' id='word_1_535' title='bbox 184 4301 277 4354; x_wconf 66' lang='grc' dir='ltr'><strong>καὶ</strong></span> <span class='ocrx_word' id='word_1_536' title='bbox 304 4299 462 4370; x_wconf 82' lang='grc' dir='ltr'>ἐδόθη</span> <span class='ocrx_word' id='word_1_537' title='bbox 493 4297 640 4370; x_wconf 79' lang='grc' dir='ltr'>αὐτῷ</span> <span class='ocrx_word' id='word_1_538' title='bbox 667 4299 700 4370; x_wconf 76' lang='grc' dir='ltr'><strong>ἡ</strong></span> <span class='ocrx_word' id='word_1_539' title='bbox 723 4297 942 4362; x_wconf 80' lang='grc' dir='ltr'>ἐξουσία</span> <span class='ocrx_word' id='word_1_540' title='bbox 975 4297 1118 4368; x_wconf 75' lang='grc' dir='ltr'>καὶὴ</span> <span class='ocrx_word' id='word_1_541' title='bbox 1141 4296 1274 4368; x_wconf 83' lang='grc' dir='ltr'>τιμὴ</span> <span class='ocrx_word' id='word_1_542' title='bbox 1307 4297 1403 4348; x_wconf 74' lang='grc' dir='ltr'>καὶ</span> <span class='ocrx_word' id='word_1_543' title='bbox 1429 4297 1460 4366; x_wconf 85' lang='grc' dir='ltr'><strong>ἠ</strong></span> <span class='ocrx_word' id='word_1_544' title='bbox 1498 4293 1764 4365; x_wconf 87' lang='grc' dir='ltr'>βασιλεία·</span> 
     </span>
    </p>
   </div>
   <div class='ocr_carea' id='block_1_75' title="bbox 181 4389 1768 4462">
    <p class='ocr_par' dir='ltr' id='par_1_75' title="bbox 181 4389 1768 4462">
     <span class='ocr_line' id='line_1_75' title="bbox 181 4389 1768 4462; baseline -0.001 -16"><span class='ocrx_word' id='word_1_545' title='bbox 181 4394 277 4448; x_wconf 72' lang='grc' dir='ltr'><strong>καὶ</strong></span> <span class='ocrx_word' id='word_1_546' title='bbox 319 4392 522 4456; x_wconf 83' lang='grc' dir='ltr'>πάντες</span> <span class='ocrx_word' id='word_1_547' title='bbox 569 4395 620 4446; x_wconf 87' lang='grc' dir='ltr'><strong>οί</strong></span> <span class='ocrx_word' id='word_1_548' title='bbox 667 4393 788 4446; x_wconf 75' lang='grc' dir='ltr'>λαοὶ</span> <span class='ocrx_word' id='word_1_549' title='bbox 809 4433 824 4458; x_wconf 93' lang='grc'><strong>,</strong></span> <span class='ocrx_word' id='word_1_550' title='bbox 857 4391 1020 4462; x_wconf 73' lang='grc' dir='ltr'>φυλαὶ</span> <span class='ocrx_word' id='word_1_551' title='bbox 1043 4433 1058 4456; x_wconf 92' lang='grc'><strong>,</strong></span> <span class='ocrx_word' id='word_1_552' title='bbox 1111 4391 1354 4461; x_wconf 84' lang='grc' dir='ltr'>γλῶσσαι</span> <span class='ocrx_word' id='word_1_553' title='bbox 1393 4389 1768 4444; x_wconf 86' lang='grc' dir='ltr'>δουλεύσουσιν</span> 
     </span>
    </p>
   </div>
   <div class='ocr_carea' id='block_1_76' title="bbox 1891 3191 3470 3266">
    <p class='ocr_par' dir='ltr' id='par_1_76' title="bbox 1891 3191 3470 3266">
     <span class='ocr_line' id='line_1_76' title="bbox 1891 3191 3470 3266; baseline 0.008 -19"><span class='ocrx_word' id='word_1_554' title='bbox 1891 3205 2014 3248; x_wconf 88' lang='lat' dir='ltr'><strong>nem</strong></span> <span class='ocrx_word' id='word_1_555' title='bbox 2039 3191 2162 3248; x_wconf 89' lang='lat' dir='ltr'><strong>Filii</strong></span> <span class='ocrx_word' id='word_1_556' title='bbox 2193 3191 2288 3248; x_wconf 82' lang='lat' dir='ltr'><strong>Dei</strong></span> <span class='ocrx_word' id='word_1_557' title='bbox 2313 3215 2330 3246; x_wconf 75' lang='grc' dir='ltr'><strong>ι</strong></span> <span class='ocrx_word' id='word_1_558' title='bbox 2351 3193 2474 3260; x_wconf 82' lang='lat' dir='ltr'><strong>fert,</strong></span> <span class='ocrx_word' id='word_1_559' title='bbox 2501 3193 2700 3266; x_wconf 84' lang='lat' dir='ltr'><strong>aliique</strong></span> <span class='ocrx_word' id='word_1_560' title='bbox 2725 3197 2977 3254; x_wconf 87' lang='lat' dir='ltr'><strong>similiter</strong></span> <span class='ocrx_word' id='word_1_561' title='bbox 2995 3199 3282 3256; x_wconf 88' lang='lat' dir='ltr'><strong>ediderunt</strong></span> <span class='ocrx_word' id='word_1_562' title='bbox 3303 3202 3470 3259; x_wconf 82' lang='lat' dir='ltr'><strong>inter-</strong></span> 
     </span>
    </p>
   </div>
   <div class='ocr_carea' id='block_1_77' title="bbox 1891 3285 3469 3366">
    <p class='ocr_par' dir='ltr' id='par_1_77' title="bbox 1891 3285 3469 3366">
     <span class='ocr_line' id='line_1_77' title="bbox 1891 3285 3469 3366; baseline 0.009 -28"><span class='ocrx_word' id='word_1_563' title='bbox 1891 3292 2088 3356; x_wconf 89' lang='lat' dir='ltr'><strong>pretes.</strong></span> <span class='ocrx_word' id='word_1_564' title='bbox 2126 3285 2336 3340; x_wconf 83' lang='lat' dir='ltr'><strong>Idcirco</strong></span> <span class='ocrx_word' id='word_1_565' title='bbox 2389 3286 2534 3342; x_wconf 85' lang='lat' dir='ltr'><strong>hunc</strong></span> <span class='ocrx_word' id='word_1_566' title='bbox 2567 3289 2878 3348; x_wconf 80' lang='lat' dir='ltr'><strong>notavimus</strong></span> <span class='ocrx_word' id='word_1_567' title='bbox 2909 3291 3111 3360; x_wconf 91' lang='lat' dir='ltr'><strong>locum,</strong></span> <span class='ocrx_word' id='word_1_568' title='bbox 3145 3303 3334 3366; x_wconf 83' lang='lat' dir='ltr'><strong>utpote</strong></span> <span class='ocrx_word' id='word_1_569' title='bbox 3379 3297 3469 3354; x_wconf 89' lang='lat' dir='ltr'><strong>hic</strong></span> 
     </span>
    </p>
   </div>
   <div class='ocr_carea' id='block_1_78' title="bbox 1890 3375 2970 3450">
    <p class='ocr_par' dir='ltr' id='par_1_78' title="bbox 1890 3375 2970 3450">
     <span class='ocr_line' id='line_1_78' title="bbox 1890 3375 2970 3450; baseline 0.006 -18"><span class='ocrx_word' id='word_1_570' title='bbox 1890 3375 2174 3450; x_wconf 86' lang='lat' dir='ltr'><strong>designata</strong></span> <span class='ocrx_word' id='word_1_571' title='bbox 2215 3377 2338 3433; x_wconf 86' lang='lat' dir='ltr'><strong>Filii</strong></span> <span class='ocrx_word' id='word_1_572' title='bbox 2377 3377 2474 3434; x_wconf 85' lang='lat' dir='ltr'><strong>Dei</strong></span> <span class='ocrx_word' id='word_1_573' title='bbox 2507 3379 2970 3440; x_wconf 79' lang='lat' dir='ltr'><strong>deuominatione.</strong></span> 
     </span>
    </p>
   </div>
   <div class='ocr_carea' id='block_1_79' title="bbox 2439 3687 2894 3748">
    <p class='ocr_par' dir='ltr' id='par_1_79' title="bbox 2439 3687 2894 3748">
     <span class='ocr_line' id='line_1_79' title="bbox 2439 3687 2894 3748; baseline 0.007 -4"><span class='ocrx_word' id='word_1_574' title='bbox 2439 3687 2668 3744; x_wconf 64' lang='lat' dir='ltr'><strong>CAPUT</strong></span> <span class='ocrx_word' id='word_1_575' title='bbox 2709 3689 2822 3744; x_wconf 77' lang='lat' dir='ltr'><strong>XLI</strong></span> <span class='ocrx_word' id='word_1_576' title='bbox 2835 3689 2894 3748; x_wconf 62' lang='grc' dir='ltr'>Υ.</span> 
     </span>
    </p>
   </div>
   <div class='ocr_carea' id='block_1_80' title="bbox 2479 3803 2796 3860">
    <p class='ocr_par' dir='ltr' id='par_1_80' title="bbox 2479 3803 2796 3860">
     <span class='ocr_line' id='line_1_80' title="bbox 2479 3803 2796 3860; baseline 0.006 -4"><span class='ocrx_word' id='word_1_577' title='bbox 2479 3803 2566 3858; x_wconf 81' lang='lat' dir='ltr'><strong>Ea:</strong></span> <span class='ocrx_word' id='word_1_578' title='bbox 2595 3803 2796 3860; x_wconf 84' lang='lat' dir='ltr'><strong>eodem.</strong></span> 
     </span>
    </p>
   </div>
   <div class='ocr_carea' id='block_1_81' title="bbox 1949 3917 3462 3994">
    <p class='ocr_par' dir='ltr' id='par_1_81' title="bbox 1949 3917 3462 3994">
     <span class='ocr_line' id='line_1_81' title="bbox 1949 3917 3462 3994; baseline 0.007 -22"><span class='ocrx_word' id='word_1_579' title='bbox 1949 3917 2008 3974; x_wconf 92' lang='lat' dir='ltr'><strong>ln</strong></span> <span class='ocrx_word' id='word_1_580' title='bbox 2051 3917 2356 3976; x_wconf 82' lang='lat' dir='ltr'><strong>visionibus</strong></span> <span class='ocrx_word' id='word_1_581' title='bbox 2411 3919 2598 3974; x_wconf 83' lang='lat' dir='ltr'><strong>Daniel</strong></span> <span class='ocrx_word' id='word_1_582' title='bbox 2657 3919 2790 3976; x_wconf 87' lang='lat' dir='ltr'><strong>dicit</strong></span> <span class='ocrx_word' id='word_1_583' title='bbox 2847 3940 2862 3977; x_wconf 89' lang='lat'><strong>:</strong></span> <span class='ocrx_word' id='word_1_584' title='bbox 2929 3939 2950 3971; x_wconf 86' lang='grc'><em>‹</em></span> <span class='ocrx_word' id='word_1_585' title='bbox 2991 3921 3337 3994; x_wconf 82' lang='lat' dir='ltr'><strong>Aspiciebam</strong></span> <span class='ocrx_word' id='word_1_586' title='bbox 3405 3927 3462 3984; x_wconf 88' lang='lat' dir='ltr'><strong>in</strong></span> 
     </span>
    </p>
   </div>
   <div class='ocr_carea' id='block_1_82' title="bbox 1877 4011 3458 4088">
    <p class='ocr_par' dir='ltr' id='par_1_82' title="bbox 1877 4011 3458 4088">
     <span class='ocr_line' id='line_1_82' title="bbox 1877 4011 3458 4088; baseline 0.005 -22"><span class='ocrx_word' id='word_1_587' title='bbox 1877 4011 2090 4068; x_wconf 79' lang='lat' dir='ltr'><strong>visione</strong></span> <span class='ocrx_word' id='word_1_588' title='bbox 2127 4011 2344 4078; x_wconf 87' lang='lat' dir='ltr'><strong>noctis,</strong></span> <span class='ocrx_word' id='word_1_589' title='bbox 2383 4019 2436 4066; x_wconf 89' lang='lat' dir='ltr'><strong>et</strong></span> <span class='ocrx_word' id='word_1_590' title='bbox 2491 4027 2622 4067; x_wconf 86' lang='lat' dir='ltr'><strong>ecce</strong></span> <span class='ocrx_word' id='word_1_591' title='bbox 2663 4027 2786 4068; x_wconf 90' lang='lat' dir='ltr'><strong>cum</strong></span> <span class='ocrx_word' id='word_1_592' title='bbox 2851 4013 3090 4070; x_wconf 89' lang='lat' dir='ltr'><strong>nubibus</strong></span> <span class='ocrx_word' id='word_1_593' title='bbox 3127 4015 3250 4071; x_wconf 73' lang='lat' dir='ltr'><strong>cmli</strong></span> <span class='ocrx_word' id='word_1_594' title='bbox 3297 4019 3458 4088; x_wconf 86' lang='lat' dir='ltr'><strong>quasi</strong></span> 
     </span>
    </p>
   </div>
   <div class='ocr_carea' id='block_1_83' title="bbox 1875 4101 3464 4178">
    <p class='ocr_par' dir='ltr' id='par_1_83' title="bbox 1875 4101 3464 4178">
     <span class='ocr_line' id='line_1_83' title="bbox 1875 4101 3464 4178; baseline 0.006 -22"><span class='ocrx_word' id='word_1_595' title='bbox 1875 4101 2046 4158; x_wconf 88' lang='lat' dir='ltr'><strong>Filius</strong></span> <span class='ocrx_word' id='word_1_596' title='bbox 2079 4103 2314 4160; x_wconf 87' lang='lat' dir='ltr'><strong>hominis</strong></span> <span class='ocrx_word' id='word_1_597' title='bbox 2339 4103 2612 4170; x_wconf 87' lang='lat' dir='ltr'><strong>veniebat,</strong></span> <span class='ocrx_word' id='word_1_598' title='bbox 2639 4113 2692 4160; x_wconf 88' lang='lat' dir='ltr'><strong>et</strong></span> <span class='ocrx_word' id='word_1_599' title='bbox 2715 4119 2890 4176; x_wconf 87' lang='lat' dir='ltr'><strong>usque</strong></span> <span class='ocrx_word' id='word_1_600' title='bbox 2921 4107 2988 4162; x_wconf 88' lang='lat' dir='ltr'><strong>ad</strong></span> <span class='ocrx_word' id='word_1_601' title='bbox 3017 4105 3316 4178; x_wconf 82' lang='lat' dir='ltr'><strong>Antiquum</strong></span> <span class='ocrx_word' id='word_1_602' title='bbox 3343 4109 3464 4166; x_wconf 86' lang='lat' dir='ltr'><strong>die-</strong></span> 
     </span>
    </p>
   </div>
   <div class='ocr_carea' id='block_1_84' title="bbox 1873 4197 3458 4269">
    <p class='ocr_par' dir='ltr' id='par_1_84' title="bbox 1873 4197 3458 4269">
     <span class='ocr_line' id='line_1_84' title="bbox 1873 4197 3458 4269; baseline 0.004 -19"><span class='ocrx_word' id='word_1_603' title='bbox 1873 4209 1994 4250; x_wconf 86' lang='lat' dir='ltr'><strong>rum</strong></span> <span class='ocrx_word' id='word_1_604' title='bbox 2039 4197 2286 4266; x_wconf 85' lang='lat' dir='ltr'><strong>pervenit</strong></span> <span class='ocrx_word' id='word_1_605' title='bbox 2349 4215 2362 4250; x_wconf 92' lang='lat'><strong>:</strong></span> <span class='ocrx_word' id='word_1_606' title='bbox 2415 4205 2470 4252; x_wconf 91' lang='lat' dir='ltr'><strong>et</strong></span> <span class='ocrx_word' id='word_1_607' title='bbox 2517 4197 2570 4251; x_wconf 91' lang='lat' dir='ltr'><strong>in</strong></span> <span class='ocrx_word' id='word_1_608' title='bbox 2621 4205 2920 4269; x_wconf 75' lang='lat' dir='ltr'><strong>conSpectu</strong></span> <span class='ocrx_word' id='word_1_609' title='bbox 2971 4201 3094 4268; x_wconf 81' lang='lat' dir='ltr'><strong>ejus</strong></span> <span class='ocrx_word' id='word_1_610' title='bbox 3139 4199 3458 4258; x_wconf 86' lang='lat' dir='ltr'><strong>obtulerunt</strong></span> 
     </span>
    </p>
   </div>
   <div class='ocr_carea' id='block_1_85' title="bbox 1869 4289 3454 4364">
    <p class='ocr_par' dir='ltr' id='par_1_85' title="bbox 1869 4289 3454 4364">
     <span class='ocr_line' id='line_1_85' title="bbox 1869 4289 3454 4364; baseline 0.002 -19"><span class='ocrx_word' id='word_1_611' title='bbox 1869 4305 2015 4346; x_wconf 89' lang='lat' dir='ltr'><strong>eum.</strong></span> <span class='ocrx_word' id='word_1_612' title='bbox 2037 4289 2102 4342; x_wconf 88' lang='lat' dir='ltr'><strong>Et</strong></span> <span class='ocrx_word' id='word_1_613' title='bbox 2123 4289 2270 4344; x_wconf 90' lang='lat' dir='ltr'><strong>dedit</strong></span> <span class='ocrx_word' id='word_1_614' title='bbox 2291 4289 2338 4342; x_wconf 86' lang='lat' dir='ltr'><strong>ei</strong></span> <span class='ocrx_word' id='word_1_615' title='bbox 2365 4297 2710 4360; x_wconf 87' lang='lat' dir='ltr'><strong>potestatem,</strong></span> <span class='ocrx_word' id='word_1_616' title='bbox 2734 4303 2786 4346; x_wconf 89' lang='lat' dir='ltr'><strong>et</strong></span> <span class='ocrx_word' id='word_1_617' title='bbox 2809 4291 3098 4355; x_wconf 85' lang='lat' dir='ltr'><strong>honorem,</strong></span> <span class='ocrx_word' id='word_1_618' title='bbox 3117 4299 3170 4350; x_wconf 89' lang='lat' dir='ltr'><strong>et</strong></span> <span class='ocrx_word' id='word_1_619' title='bbox 3191 4307 3454 4364; x_wconf 86' lang='lat' dir='ltr'><strong>regnum:</strong></span> 
     </span>
    </p>
   </div>
   <div class='ocr_carea' id='block_1_86' title="bbox 1868 4384 3450 4456">
    <p class='ocr_par' dir='ltr' id='par_1_86' title="bbox 1868 4384 3450 4456">
     <span class='ocr_line' id='line_1_86' title="bbox 1868 4384 3450 4456; baseline 0.003 -18"><span class='ocrx_word' id='word_1_620' title='bbox 1868 4390 1922 4438; x_wconf 90' lang='lat' dir='ltr'><strong>et</strong></span> <span class='ocrx_word' id='word_1_621' title='bbox 1951 4399 2142 4438; x_wconf 90' lang='lat' dir='ltr'><strong>omnes</strong></span> <span class='ocrx_word' id='word_1_622' title='bbox 2173 4384 2378 4452; x_wconf 89' lang='lat' dir='ltr'><strong>populi,</strong></span> <span class='ocrx_word' id='word_1_623' title='bbox 2432 4385 2630 4446; x_wconf 85' lang='lat' dir='ltr'><strong>tribus,</strong></span> <span class='ocrx_word' id='word_1_624' title='bbox 2675 4391 2728 4438; x_wconf 87' lang='lat' dir='ltr'><strong>et</strong></span> <span class='ocrx_word' id='word_1_625' title='bbox 2776 4385 2974 4456; x_wconf 64' lang='lat' dir='ltr'><strong>linguai</strong></span> <span class='ocrx_word' id='word_1_626' title='bbox 3009 4387 3110 4456; x_wconf 89' lang='lat' dir='ltr'><strong>ipsi</strong></span> <span class='ocrx_word' id='word_1_627' title='bbox 3163 4388 3405 4442; x_wconf 82' lang='lat' dir='ltr'><strong>servient</strong></span> <span class='ocrx_word' id='word_1_628' title='bbox 3437 4407 3450 4442; x_wconf 88' lang='lat'><strong>:</strong></span> 
     </span>
    </p>
   </div>
   <div class='ocr_carea' id='block_1_87' title="bbox 181 4473 1780 4558">
    <p class='ocr_par' dir='ltr' id='par_1_87' title="bbox 181 4483 1768 4558">
     <span class='ocr_line' id='line_1_87' title="bbox 181 4483 1768 4558; baseline -0.003 -18"><span class='ocrx_word' id='word_1_629' title='bbox 181 4487 400 4558; x_wconf 70' lang='grc' dir='ltr'>αὐτῷοή</span> <span class='ocrx_word' id='word_1_630' title='bbox 433 4483 650 4551; x_wconf 78' lang='grc' dir='ltr'>ἐξουσία</span> <span class='ocrx_word' id='word_1_631' title='bbox 671 4485 860 4550; x_wconf 74' lang='grc' dir='ltr'>αὑτοῦ,</span> <span class='ocrx_word' id='word_1_632' title='bbox 881 4485 1100 4552; x_wconf 78' lang='grc' dir='ltr'>ἐξουσία</span> <span class='ocrx_word' id='word_1_633' title='bbox 1123 4483 1360 4547; x_wconf 80' lang='grc' dir='ltr'>αἰώνιος,</span> <span class='ocrx_word' id='word_1_634' title='bbox 1383 4483 1506 4554; x_wconf 74' lang='grc' dir='ltr'>ἥτις</span> <span class='ocrx_word' id='word_1_635' title='bbox 1531 4483 1592 4536; x_wconf 79' lang='grc' dir='ltr'><strong>οὐ</strong></span> <span class='ocrx_word' id='word_1_636' title='bbox 1623 4499 1768 4554; x_wconf 85' lang='grc' dir='ltr'>παρ-</span> 
     </span>
    </p>
   </div>
   <div class='ocr_carea' id='block_1_88' title="bbox 1887 4473 3450 4558">
    <p class='ocr_par' dir='ltr' id='par_1_88' title="bbox 1887 4473 3450 4548">
     <span class='ocr_line' id='line_1_88' title="bbox 1887 4473 3450 4548; baseline 0.002 -19"><span class='ocrx_word' id='word_1_637' title='bbox 1887 4483 2118 4544; x_wconf 77' lang='lat' dir='ltr'><strong>potestas</strong></span> <span class='ocrx_word' id='word_1_638' title='bbox 2141 4473 2284 4544; x_wconf 86' lang='lat' dir='ltr'><strong>ejus,</strong></span> <span class='ocrx_word' id='word_1_639' title='bbox 2321 4483 2564 4544; x_wconf 82' lang='lat' dir='ltr'><strong>potestas</strong></span> <span class='ocrx_word' id='word_1_640' title='bbox 2589 4483 2816 4542; x_wconf 71' lang='lat' dir='ltr'><strong>aeterna,</strong></span> <span class='ocrx_word' id='word_1_641' title='bbox 2841 4491 2964 4546; x_wconf 67' lang='lat' dir='ltr'><strong>quae</strong></span> <span class='ocrx_word' id='word_1_642' title='bbox 2989 4493 3096 4532; x_wconf 89' lang='lat' dir='ltr'><strong>non</strong></span> <span class='ocrx_word' id='word_1_643' title='bbox 3127 4477 3406 4548; x_wconf 76' lang='lat' dir='ltr'><strong>auferetur</strong></span> <span class='ocrx_word' id='word_1_644' title='bbox 3435 4497 3450 4532; x_wconf 90' lang='lat'><strong>:</strong></span> 
     </span>
    </p>
   </div>
   <div class='ocr_carea' id='block_1_89' title="bbox 181 4577 1758 4652">
    <p class='ocr_par' dir='ltr' id='par_1_89' title="bbox 181 4577 1758 4652">
     <span class='ocr_line' id='line_1_89' title="bbox 181 4577 1758 4652; baseline -0.003 -20"><span class='ocrx_word' id='word_1_645' title='bbox 181 4579 494 4634; x_wconf 81' lang='grc' dir='ltr'>ελεύσεται·</span> <span class='ocrx_word' id='word_1_646' title='bbox 527 4581 620 4633; x_wconf 78' lang='grc' dir='ltr'><strong>καὶ</strong></span> <span class='ocrx_word' id='word_1_647' title='bbox 649 4581 682 4652; x_wconf 84' lang='grc' dir='ltr'><strong>ἡ</strong></span> <span class='ocrx_word' id='word_1_648' title='bbox 725 4579 970 4650; x_wconf 80' lang='grc' dir='ltr'>βασιλεία</span> <span class='ocrx_word' id='word_1_649' title='bbox 997 4577 1160 4632; x_wconf 74' lang='grc' dir='ltr'>αὐτοῦ</span> <span class='ocrx_word' id='word_1_650' title='bbox 1189 4579 1248 4632; x_wconf 81' lang='grc' dir='ltr'><strong>οὐ</strong></span> <span class='ocrx_word' id='word_1_651' title='bbox 1271 4577 1758 4650; x_wconf 74' lang='grc' dir='ltr'>διαφθαρήσεται.ι</span> 
     </span>
    </p>
   </div>
   <div class='ocr_carea' id='block_1_90' title="bbox 181 4669 1764 4744">
    <p class='ocr_par' dir='ltr' id='par_1_90' title="bbox 181 4669 1764 4744">
     <span class='ocr_line' id='line_1_90' title="bbox 181 4669 1764 4744; baseline -0.001 -20"><span class='ocrx_word' id='word_1_652' title='bbox 181 4671 404 4744; x_wconf 80' lang='grc' dir='ltr'>Συνᾴδει</span> <span class='ocrx_word' id='word_1_653' title='bbox 437 4669 609 4725; x_wconf 74' lang='grc' dir='ltr'>ταῦτα</span> <span class='ocrx_word' id='word_1_654' title='bbox 637 4673 702 4742; x_wconf 79' lang='grc' dir='ltr'>τῇ</span> <span class='ocrx_word' id='word_1_655' title='bbox 737 4671 830 4725; x_wconf 76' lang='grc' dir='ltr'>τοῦ</span> <span class='ocrx_word' id='word_1_656' title='bbox 867 4669 1030 4726; x_wconf 78' lang='grc' dir='ltr'>αὑτοῦ</span> <span class='ocrx_word' id='word_1_657' title='bbox 1056 4671 1246 4740; x_wconf 77' lang='grc' dir='ltr'>Δανιὴλ</span> <span class='ocrx_word' id='word_1_658' title='bbox 1285 4669 1592 4742; x_wconf 67' lang='grc' dir='ltr'>προφητείᾳ</span> <span class='ocrx_word' id='word_1_659' title='bbox 1631 4685 1764 4740; x_wconf 82' lang='grc' dir='ltr'>προ-</span> 
     </span>
    </p>
   </div>
   <div class='ocr_carea' id='block_1_91' title="bbox 181 4759 1760 4836">
    <p class='ocr_par' dir='ltr' id='par_1_91' title="bbox 181 4759 1760 4836">
     <span class='ocr_line' id='line_1_91' title="bbox 181 4759 1760 4836; baseline 0 -22"><span class='ocrx_word' id='word_1_660' title='bbox 181 4760 512 4836; x_wconf 76' lang='grc' dir='ltr'>θεσπιζούσῃ</span> <span class='ocrx_word' id='word_1_661' title='bbox 539 4763 666 4834; x_wconf 75' lang='grc' dir='ltr'>περὶ</span> <span class='ocrx_word' id='word_1_662' title='bbox 689 4762 788 4833; x_wconf 87' lang='grc' dir='ltr'>τῆς</span> <span class='ocrx_word' id='word_1_663' title='bbox 809 4761 902 4816; x_wconf 76' lang='grc' dir='ltr'>τοῦ</span> <span class='ocrx_word' id='word_1_664' title='bbox 924 4761 1160 4832; x_wconf 79' lang='grc' dir='ltr'>Χριστοῦ</span> <span class='ocrx_word' id='word_1_665' title='bbox 1193 4761 1468 4832; x_wconf 86' lang='grc' dir='ltr'>βασιλείας</span> <span class='ocrx_word' id='word_1_666' title='bbox 1499 4761 1642 4814; x_wconf 74' lang='grc' dir='ltr'>κατὰ</span> <span class='ocrx_word' id='word_1_667' title='bbox 1669 4759 1760 4814; x_wconf 73' lang='grc' dir='ltr'>τὸν</span> 
     </span>
    </p>
   </div>
   <div class='ocr_carea' id='block_1_92' title="bbox 179 4854 1760 4928">
    <p class='ocr_par' dir='ltr' id='par_1_92' title="bbox 179 4854 1760 4928">
     <span class='ocr_line' id='line_1_92' title="bbox 179 4854 1760 4928; baseline -0.001 -20"><span class='ocrx_word' id='word_1_668' title='bbox 179 4854 326 4910; x_wconf 84' lang='grc' dir='ltr'>λίθον</span> <span class='ocrx_word' id='word_1_669' title='bbox 353 4855 444 4908; x_wconf 84' lang='grc' dir='ltr'><strong>τὸν</strong></span> <span class='ocrx_word' id='word_1_670' title='bbox 465 4855 854 4926; x_wconf 82' lang='grc' dir='ltr'>ἁποτμηθέντα</span> <span class='ocrx_word' id='word_1_671' title='bbox 879 4855 940 4920; x_wconf 80' lang='grc' dir='ltr'>ἐξ</span> <span class='ocrx_word' id='word_1_672' title='bbox 963 4855 1124 4926; x_wconf 72' lang='grc' dir='ltr'>ὅρους</span> <span class='ocrx_word' id='word_1_673' title='bbox 1147 4857 1276 4912; x_wconf 84' lang='grc' dir='ltr'>ἄνευ</span> <span class='ocrx_word' id='word_1_674' title='bbox 1305 4855 1522 4928; x_wconf 84' lang='grc' dir='ltr'>χειρῶν·</span> <span class='ocrx_word' id='word_1_675' title='bbox 1542 4857 1626 4918; x_wconf 84' lang='grc' dir='ltr'><strong>τίς</strong></span> <span class='ocrx_word' id='word_1_676' title='bbox 1651 4855 1760 4926; x_wconf 72' lang='grc' dir='ltr'>γὰρ</span> 
     </span>
    </p>
   </div>
   <div class='ocr_carea' id='block_1_93' title="bbox 179 4945 1794 5020">
    <p class='ocr_par' dir='ltr' id='par_1_93' title="bbox 179 4945 1794 5020">
     <span class='ocr_line' id='line_1_93' title="bbox 179 4945 1794 5020; baseline 0 -20"><span class='ocrx_word' id='word_1_677' title='bbox 179 4947 248 5002; x_wconf 81' lang='grc' dir='ltr'>ἂν</span> <span class='ocrx_word' id='word_1_678' title='bbox 278 4947 471 5016; x_wconf 76' lang='grc' dir='ltr'>ἄλλος,</span> <span class='ocrx_word' id='word_1_679' title='bbox 512 4951 542 5002; x_wconf 91' lang='lat'><strong>6</strong></span> <span class='ocrx_word' id='word_1_680' title='bbox 589 4947 664 5010; x_wconf 81' lang='grc' dir='ltr'>ὡς</span> <span class='ocrx_word' id='word_1_681' title='bbox 699 4949 826 5012; x_wconf 69' lang='lat' dir='ltr'><strong>Tib;</strong></span> <span class='ocrx_word' id='word_1_682' title='bbox 867 4947 1154 5018; x_wconf 82' lang='grc' dir='ltr'>ἀνθρώπου</span> <span class='ocrx_word' id='word_1_683' title='bbox 1191 4949 1486 5020; x_wconf 84' lang='grc' dir='ltr'>ἐρχόμενος</span> <span class='ocrx_word' id='word_1_684' title='bbox 1527 4945 1620 5001; x_wconf 72' lang='grc' dir='ltr'><strong>ἐπὶ</strong></span> <span class='ocrx_word' id='word_1_685' title='bbox 1651 4947 1794 5000; x_wconf 81' lang='grc' dir='ltr'>τῶν·</span> 
     </span>
    </p>
   </div>
   <div class='ocr_carea' id='block_1_94' title="bbox 177 5039 1754 5116">
    <p class='ocr_par' dir='ltr' id='par_1_94' title="bbox 177 5039 1754 5116">
     <span class='ocr_line' id='line_1_94' title="bbox 177 5039 1754 5116; baseline 0.001 -24"><span class='ocrx_word' id='word_1_686' title='bbox 177 5041 438 5110; x_wconf 79' lang='grc' dir='ltr'>νεφελῶν,</span> <span class='ocrx_word' id='word_1_687' title='bbox 461 5041 558 5094; x_wconf 72' lang='grc' dir='ltr'>καὶ</span> <span class='ocrx_word' id='word_1_688' title='bbox 588 5042 692 5106; x_wconf 78' lang='grc' dir='ltr'><strong>ἕως</strong></span> <span class='ocrx_word' id='word_1_689' title='bbox 728 5041 822 5095; x_wconf 72' lang='grc' dir='ltr'>τοῦ</span> <span class='ocrx_word' id='word_1_690' title='bbox 855 5041 1094 5096; x_wconf 78' lang='grc' dir='ltr'>Παλαιοῦ</span> <span class='ocrx_word' id='word_1_691' title='bbox 1132 5041 1240 5096; x_wconf 83' lang='grc' dir='ltr'>τῶν</span> <span class='ocrx_word' id='word_1_692' title='bbox 1266 5041 1490 5112; x_wconf 83' lang='grc' dir='ltr'>ἡμερῶν</span> <span class='ocrx_word' id='word_1_693' title='bbox 1519 5039 1754 5116; x_wconf 77' lang='grc' dir='ltr'>φθάνων,</span> 
     </span>
    </p>
   </div>
   <div class='ocr_carea' id='block_1_95' title="bbox 175 5127 1760 5201">
    <p class='ocr_par' dir='ltr' id='par_1_95' title="bbox 175 5127 1760 5201">
     <span class='ocr_line' id='line_1_95' title="bbox 175 5127 1760 5201; baseline -0.001 -20"><span class='ocrx_word' id='word_1_694' title='bbox 175 5129 260 5198; x_wconf 78' lang='grc' dir='ltr'>εἴη</span> <span class='ocrx_word' id='word_1_695' title='bbox 315 5127 350 5198; x_wconf 79' lang='grc' dir='ltr'>ἢ</span> <span class='ocrx_word' id='word_1_696' title='bbox 399 5131 428 5182; x_wconf 85' lang='lat'><strong>6</strong></span> <span class='ocrx_word' id='word_1_697' title='bbox 483 5129 652 5184; x_wconf 75' lang='grc' dir='ltr'>εἰπὼν</span> <span class='ocrx_word' id='word_1_698' title='bbox 705 5129 910 5201; x_wconf 79' lang='grc' dir='ltr'>Κύριος</span> <span class='ocrx_word' id='word_1_699' title='bbox 973 5129 1130 5200; x_wconf 82' lang='grc' dir='ltr'>ἡμῶν</span> <span class='ocrx_word' id='word_1_700' title='bbox 1175 5129 1382 5200; x_wconf 76' lang='grc' dir='ltr'>Ἰησοῦς</span> <span class='ocrx_word' id='word_1_701' title='bbox 1429 5127 1684 5200; x_wconf 79' lang='grc' dir='ltr'>Χριστὸς,</span> <span class='ocrx_word' id='word_1_702' title='bbox 1727 5129 1760 5180; x_wconf 86' lang='grc' dir='ltr'><strong>ὀ</strong></span> 
     </span>
    </p>
   </div>
   <div class='ocr_carea' id='block_1_96' title="bbox 172 5217 1750 5292">
    <p class='ocr_par' dir='ltr' id='par_1_96' title="bbox 172 5217 1750 5292">
     <span class='ocr_line' id='line_1_96' title="bbox 172 5217 1750 5292; baseline -0.001 -20"><span class='ocrx_word' id='word_1_703' title='bbox 172 5219 240 5272; x_wconf 78' lang='grc' dir='ltr'><strong>δι’</strong></span> <span class='ocrx_word' id='word_1_704' title='bbox 269 5219 423 5289; x_wconf 79' lang='grc' dir='ltr'>ἡμᾶς</span> <span class='ocrx_word' id='word_1_705' title='bbox 463 5221 676 5292; x_wconf 83' lang='grc' dir='ltr'>μορφὴν</span> <span class='ocrx_word' id='word_1_706' title='bbox 705 5219 892 5273; x_wconf 78' lang='grc' dir='ltr'>δούλου</span> <span class='ocrx_word' id='word_1_707' title='bbox 931 5219 1111 5272; x_wconf 75' lang='grc' dir='ltr'>λαϐὼν</span> <span class='ocrx_word' id='word_1_708' title='bbox 1131 5261 1146 5284; x_wconf 87' lang='grc'><strong>,</strong></span> <span class='ocrx_word' id='word_1_709' title='bbox 1187 5221 1282 5273; x_wconf 73' lang='grc' dir='ltr'><strong>καὶ</strong></span> <span class='ocrx_word' id='word_1_710' title='bbox 1313 5219 1428 5282; x_wconf 76' lang='grc' dir='ltr'>υἱὸς</span> <span class='ocrx_word' id='word_1_711' title='bbox 1465 5217 1750 5290; x_wconf 83' lang='grc' dir='ltr'>ἀνθρώπου</span> 
     </span>
    </p>
   </div>
   <div class='ocr_carea' id='block_1_97' title="bbox 171 5309 1752 5382">
    <p class='ocr_par' dir='ltr' id='par_1_97' title="bbox 171 5309 1752 5382">
     <span class='ocr_line' id='line_1_97' title="bbox 171 5309 1752 5382; baseline 0 -20"><span class='ocrx_word' id='word_1_712' title='bbox 171 5309 486 5379; x_wconf 69' lang='grc' dir='ltr'>γενόμενος,</span> <span class='ocrx_word' id='word_1_713' title='bbox 525 5329 544 5362; x_wconf 80' lang='lat'><strong>¢</strong></span> <span class='ocrx_word' id='word_1_714' title='bbox 595 5311 690 5364; x_wconf 86' lang='grc' dir='ltr'>Ἐκ</span> <span class='ocrx_word' id='word_1_715' title='bbox 723 5309 816 5364; x_wconf 76' lang='grc' dir='ltr'>τοῦ</span> <span class='ocrx_word' id='word_1_716' title='bbox 851 5309 1062 5382; x_wconf 68' lang='lat' dir='ltr'><strong>lla—.96;</strong></span> <span class='ocrx_word' id='word_1_717' title='bbox 1091 5309 1332 5382; x_wconf 79' lang='grc' dir='ltr'>ἐξῆλθον,</span> <span class='ocrx_word' id='word_1_718' title='bbox 1371 5309 1464 5362; x_wconf 80' lang='grc' dir='ltr'>καὶ</span> <span class='ocrx_word' id='word_1_719' title='bbox 1495 5311 1630 5382; x_wconf 82' lang='grc' dir='ltr'>πρὸς</span> <span class='ocrx_word' id='word_1_720' title='bbox 1659 5311 1752 5362; x_wconf 83' lang='grc' dir='ltr'><strong>τὸν</strong></span> 
     </span>
    </p>
   </div>
   <div class='ocr_carea' id='block_1_98' title="bbox 165 5401 1748 5475">
    <p class='ocr_par' dir='ltr' id='par_1_98' title="bbox 165 5401 1748 5475">
     <span class='ocr_line' id='line_1_98' title="bbox 165 5401 1748 5475; baseline 0 -19"><span class='ocrx_word' id='word_1_721' title='bbox 165 5401 298 5456; x_wconf 80' lang='grc' dir='ltr'>Θεὸν</span> <span class='ocrx_word' id='word_1_722' title='bbox 350 5403 574 5470; x_wconf 81' lang='grc' dir='ltr'>ὑπάγω;</span> <span class='ocrx_word' id='word_1_723' title='bbox 607 5423 624 5456; x_wconf 76' lang='grc' dir='ltr'><strong>ι</strong></span> <span class='ocrx_word' id='word_1_724' title='bbox 662 5401 722 5468; x_wconf 83' lang='grc' dir='ltr'>ὃς</span> <span class='ocrx_word' id='word_1_725' title='bbox 755 5403 850 5457; x_wconf 69' lang='grc' dir='ltr'><strong>καὶ</strong></span> <span class='ocrx_word' id='word_1_726' title='bbox 888 5405 1166 5475; x_wconf 81' lang='grc' dir='ltr'>παρόντων</span> <span class='ocrx_word' id='word_1_727' title='bbox 1199 5403 1306 5458; x_wconf 81' lang='grc' dir='ltr'><strong>τῶν</strong></span> <span class='ocrx_word' id='word_1_728' title='bbox 1339 5401 1530 5456; x_wconf 77' lang='grc' dir='ltr'>ἐαυτοῦ</span> <span class='ocrx_word' id='word_1_729' title='bbox 1570 5401 1748 5474; x_wconf 78' lang='grc' dir='ltr'>μαθη-</span> 
     </span>
    </p>
   </div>
   <div class='ocr_carea' id='block_1_99' title="bbox 163 5493 1750 5568">
    <p class='ocr_par' dir='ltr' id='par_1_99' title="bbox 163 5493 1750 5568">
     <span class='ocr_line' id='line_1_99' title="bbox 163 5493 1750 5568; baseline -0.001 -18"><span class='ocrx_word' id='word_1_730' title='bbox 163 5493 294 5560; x_wconf 81' lang='grc' dir='ltr'>τῶν,</span> <span class='ocrx_word' id='word_1_731' title='bbox 333 5515 358 5546; x_wconf 65' lang='grc' dir='ltr'>τι</span> <span class='ocrx_word' id='word_1_732' title='bbox 381 5495 684 5566; x_wconf 84' lang='grc' dir='ltr'>βλεπόντων</span> <span class='ocrx_word' id='word_1_733' title='bbox 709 5497 910 5560; x_wconf 75' lang='grc' dir='ltr'>αὐτῶν,</span> <span class='ocrx_word' id='word_1_734' title='bbox 941 5496 1176 5568; x_wconf 79' lang='grc' dir='ltr'>ἐπήρθη,</span> <span class='ocrx_word' id='word_1_735' title='bbox 1215 5495 1306 5548; x_wconf 75' lang='grc' dir='ltr'><strong>καὶ</strong></span> <span class='ocrx_word' id='word_1_736' title='bbox 1329 5495 1524 5566; x_wconf 82' lang='grc' dir='ltr'>νεφέλη</span> <span class='ocrx_word' id='word_1_737' title='bbox 1549 5495 1750 5548; x_wconf 83' lang='grc' dir='ltr'>ὑπέλα-</span> 
     </span>
    </p>
   </div>
   <div class='ocr_carea' id='block_1_100' title="bbox 243 5649 1476 5714">
    <p class='ocr_par' dir='ltr' id='par_1_100' title="bbox 243 5649 1476 5714">
     <span class='ocr_line' id='line_1_100' title="bbox 243 5649 1476 5714; baseline -0.002 -8"><span class='ocrx_word' id='word_1_738' title='bbox 243 5653 290 5686; x_wconf 77' lang='grc'><strong>¹³</strong></span> <span class='ocrx_word' id='word_1_739' title='bbox 323 5651 463 5710; x_wconf 84' lang='lat' dir='ltr'><strong>Dan.</strong></span> <span class='ocrx_word' id='word_1_740' title='bbox 503 5669 565 5714; x_wconf 84' lang='lat' dir='ltr'><strong>ll,</strong></span> <span class='ocrx_word' id='word_1_741' title='bbox 603 5651 694 5714; x_wconf 71' lang='grc' dir='ltr'>Η,</span> <span class='ocrx_word' id='word_1_742' title='bbox 725 5653 816 5706; x_wconf 74' lang='grc'><strong>45.</strong></span> <span class='ocrx_word' id='word_1_743' title='bbox 929 5651 976 5682; x_wconf 62' lang='grc'><strong>’⁵</strong></span> <span class='ocrx_word' id='word_1_744' title='bbox 1017 5649 1122 5705; x_wconf 87' lang='lat' dir='ltr'><strong>lsa.</strong></span> <span class='ocrx_word' id='word_1_745' title='bbox 1157 5665 1350 5712; x_wconf 76' lang='lat' dir='ltr'><strong>xxvm,</strong></span> <span class='ocrx_word' id='word_1_746' title='bbox 1391 5649 1476 5704; x_wconf 86' lang='lat' dir='ltr'><strong>l6.</strong></span> 
     </span>
    </p>
   </div>
   <div class='ocr_carea' id='block_1_101' title="bbox 171 5721 1548 5792">
    <p class='ocr_par' dir='ltr' id='par_1_101' title="bbox 171 5721 1548 5792">
     <span class='ocr_line' id='line_1_101' title="bbox 171 5721 1548 5792; baseline -0.001 -14"><span class='ocrx_word' id='word_1_747' title='bbox 171 5739 286 5790; x_wconf 87' lang='lat' dir='ltr'><strong>vn,</strong></span> <span class='ocrx_word' id='word_1_748' title='bbox 339 5725 434 5792; x_wconf 79' lang='grc'><strong>15,</strong></span> <span class='ocrx_word' id='word_1_749' title='bbox 487 5725 574 5780; x_wconf 78' lang='lat' dir='ltr'><strong>M.</strong></span> <span class='ocrx_word' id='word_1_750' title='bbox 651 5725 694 5756; x_wconf 75' lang='grc'><strong>³⁸</strong></span> <span class='ocrx_word' id='word_1_751' title='bbox 735 5721 892 5778; x_wconf 76' lang='lat' dir='ltr'><strong>Joan.</strong></span> <span class='ocrx_word' id='word_1_752' title='bbox 921 5737 1042 5790; x_wconf 82' lang='lat' dir='ltr'><strong>xm,</strong></span> <span class='ocrx_word' id='word_1_753' title='bbox 1067 5721 1120 5777; x_wconf 75' lang='grc' dir='ltr'>ὅ.</span> <span class='ocrx_word' id='word_1_754' title='bbox 1197 5723 1242 5754; x_wconf 70' lang='grc' dir='ltr'><strong>’ν</strong></span> <span class='ocrx_word' id='word_1_755' title='bbox 1269 5721 1390 5780; x_wconf 88' lang='lat' dir='ltr'><strong>Act.</strong></span> <span class='ocrx_word' id='word_1_756' title='bbox 1427 5737 1464 5790; x_wconf 83' lang='grc' dir='ltr'><strong>ι,</strong></span> <span class='ocrx_word' id='word_1_757' title='bbox 1499 5725 1548 5778; x_wconf 78' lang='lat'><strong>9.</strong></span> 
     </span>
    </p>
   </div>
   <div class='ocr_carea' id='block_1_102' title="bbox 1587 5647 2122 5718">
    <p class='ocr_par' dir='ltr' id='par_1_102' title="bbox 1587 5647 2122 5718">
     <span class='ocr_line' id='line_1_102' title="bbox 1587 5647 2122 5718; baseline -0.007 -14"><span class='ocrx_word' id='word_1_758' title='bbox 1587 5650 1632 5682; x_wconf 73' lang='grc'><strong>’⁸</strong></span> <span class='ocrx_word' id='word_1_759' title='bbox 1665 5647 1804 5706; x_wconf 80' lang='lat' dir='ltr'><strong>Psal.</strong></span> <span class='ocrx_word' id='word_1_760' title='bbox 1841 5663 2008 5718; x_wconf 67' lang='lat' dir='ltr'><strong>exvit.</strong></span> <span class='ocrx_word' id='word_1_761' title='bbox 2031 5647 2122 5702; x_wconf 69' lang='lat'><strong>9.2.</strong></span> 
     </span>
    </p>
   </div>
   <div class='ocr_carea' id='block_1_103' title="bbox 1871 4565 3456 4640">
    <p class='ocr_par' dir='ltr' id='par_1_103' title="bbox 1871 4565 3456 4640">
     <span class='ocr_line' id='line_1_103' title="bbox 1871 4565 3456 4640; baseline 0.003 -20"><span class='ocrx_word' id='word_1_762' title='bbox 1871 4575 1924 4620; x_wconf 88' lang='lat' dir='ltr'><strong>et</strong></span> <span class='ocrx_word' id='word_1_763' title='bbox 1959 4581 2186 4637; x_wconf 81' lang='lat' dir='ltr'><strong>regnum</strong></span> <span class='ocrx_word' id='word_1_764' title='bbox 2225 4565 2346 4635; x_wconf 87' lang='lat' dir='ltr'><strong>ejus</strong></span> <span class='ocrx_word' id='word_1_765' title='bbox 2375 4567 2519 4636; x_wconf 91' lang='lat' dir='ltr'><strong>quod</strong></span> <span class='ocrx_word' id='word_1_766' title='bbox 2565 4581 2674 4621; x_wconf 87' lang='lat' dir='ltr'><strong>non</strong></span> <span class='ocrx_word' id='word_1_767' title='bbox 2709 4577 3094 4640; x_wconf 87' lang='lat' dir='ltr'><strong>corrumpetur</strong></span> <span class='ocrx_word' id='word_1_768' title='bbox 3125 4571 3218 4624; x_wconf 71' lang='lat'><strong>’7‘.</strong></span> <span class='ocrx_word' id='word_1_769' title='bbox 3252 4589 3272 4622; x_wconf 75' lang='grc' dir='ltr'><strong>ι</strong></span> <span class='ocrx_word' id='word_1_770' title='bbox 3309 4569 3456 4626; x_wconf 85' lang='lat' dir='ltr'><strong>Con-</strong></span> 
     </span>
    </p>
   </div>
   <div class='ocr_carea' id='block_1_104' title="bbox 1871 4657 3454 4730">
    <p class='ocr_par' dir='ltr' id='par_1_104' title="bbox 1871 4657 3454 4730">
     <span class='ocr_line' id='line_1_104' title="bbox 1871 4657 3454 4730; baseline 0.001 -16"><span class='ocrx_word' id='word_1_771' title='bbox 1871 4659 2114 4714; x_wconf 88' lang='lat' dir='ltr'><strong>sentiunt</strong></span> <span class='ocrx_word' id='word_1_772' title='bbox 2155 4657 2270 4712; x_wconf 69' lang='lat' dir='ltr'><strong>haec</strong></span> <span class='ocrx_word' id='word_1_773' title='bbox 2299 4671 2424 4712; x_wconf 89' lang='lat' dir='ltr'><strong>cum</strong></span> <span class='ocrx_word' id='word_1_774' title='bbox 2459 4657 2706 4728; x_wconf 86' lang='lat' dir='ltr'><strong>ejusdem</strong></span> <span class='ocrx_word' id='word_1_775' title='bbox 2757 4657 2998 4715; x_wconf 87' lang='lat' dir='ltr'><strong>Danielis</strong></span> <span class='ocrx_word' id='word_1_776' title='bbox 3049 4659 3334 4730; x_wconf 85' lang='lat' dir='ltr'><strong>prophetia</strong></span> <span class='ocrx_word' id='word_1_777' title='bbox 3385 4659 3454 4715; x_wconf 88' lang='lat' dir='ltr'><strong>de</strong></span> 
     </span>
    </p>
   </div>
   <div class='ocr_carea' id='block_1_105' title="bbox 1868 4751 3460 4823">
    <p class='ocr_par' dir='ltr' id='par_1_105' title="bbox 1868 4751 3460 4823">
     <span class='ocr_line' id='line_1_105' title="bbox 1868 4751 3460 4823; baseline -0.001 -17"><span class='ocrx_word' id='word_1_778' title='bbox 1868 4751 2070 4806; x_wconf 86' lang='lat' dir='ltr'><strong>Christi</strong></span> <span class='ocrx_word' id='word_1_779' title='bbox 2103 4765 2272 4820; x_wconf 87' lang='lat' dir='ltr'><strong>regno</strong></span> <span class='ocrx_word' id='word_1_780' title='bbox 2299 4751 2702 4821; x_wconf 70' lang='lat' dir='ltr'><strong>prmuuntiante</strong></span> <span class='ocrx_word' id='word_1_781' title='bbox 2739 4769 2834 4823; x_wconf 89' lang='lat' dir='ltr'><strong>per</strong></span> <span class='ocrx_word' id='word_1_782' title='bbox 2875 4751 3110 4820; x_wconf 83' lang='lat' dir='ltr'><strong>lapidem</strong></span> <span class='ocrx_word' id='word_1_783' title='bbox 3151 4751 3220 4806; x_wconf 87' lang='lat' dir='ltr'><strong>de</strong></span> <span class='ocrx_word' id='word_1_784' title='bbox 3265 4757 3460 4805; x_wconf 83' lang='lat' dir='ltr'><strong>monte-</strong></span> 
     </span>
    </p>
   </div>
   <div class='ocr_carea' id='block_1_106' title="bbox 1867 4841 3446 4912">
    <p class='ocr_par' dir='ltr' id='par_1_106' title="bbox 1867 4841 3446 4912">
     <span class='ocr_line' id='line_1_106' title="bbox 1867 4841 3446 4912; baseline -0.001 -15"><span class='ocrx_word' id='word_1_785' title='bbox 1867 4843 1986 4900; x_wconf 88' lang='lat' dir='ltr'><strong>sine</strong></span> <span class='ocrx_word' id='word_1_786' title='bbox 2041 4845 2296 4898; x_wconf 86' lang='lat' dir='ltr'><strong>manibus</strong></span> <span class='ocrx_word' id='word_1_787' title='bbox 2351 4841 2682 4899; x_wconf 87' lang='lat' dir='ltr'><strong>abscissum.</strong></span> <span class='ocrx_word' id='word_1_788' title='bbox 2721 4843 2856 4910; x_wconf 86' lang='lat' dir='ltr'><strong>Quis</strong></span> <span class='ocrx_word' id='word_1_789' title='bbox 2899 4843 3044 4898; x_wconf 91' lang='lat' dir='ltr'><strong>enim</strong></span> <span class='ocrx_word' id='word_1_790' title='bbox 3095 4841 3260 4908; x_wconf 85' lang='lat' dir='ltr'><strong>alius,</strong></span> <span class='ocrx_word' id='word_1_791' title='bbox 3291 4841 3446 4912; x_wconf 87' lang='lat' dir='ltr'><strong>quasi</strong></span> 
     </span>
    </p>
   </div>
   <div class='ocr_carea' id='block_1_107' title="bbox 1867 4917 3448 5002">
    <p class='ocr_par' dir='ltr' id='par_1_107' title="bbox 1867 4917 3448 5002">
     <span class='ocr_line' id='line_1_107' title="bbox 1867 4917 3448 5002; baseline -0.003 -12"><span class='ocrx_word' id='word_1_792' title='bbox 1867 4935 2036 4990; x_wconf 84' lang='lat' dir='ltr'><strong>Filius</strong></span> <span class='ocrx_word' id='word_1_793' title='bbox 2067 4935 2310 4991; x_wconf 86' lang='lat' dir='ltr'><strong>hominis</strong></span> <span class='ocrx_word' id='word_1_794' title='bbox 2333 4949 2456 4988; x_wconf 90' lang='lat' dir='ltr'><strong>cum</strong></span> <span class='ocrx_word' id='word_1_795' title='bbox 2487 4935 2728 4990; x_wconf 88' lang='lat' dir='ltr'><strong>nubibus</strong></span> <span class='ocrx_word' id='word_1_796' title='bbox 2757 4933 2880 4989; x_wconf 64' lang='lat' dir='ltr'><strong>caeli</strong></span> <span class='ocrx_word' id='word_1_797' title='bbox 2913 4917 3244 4995; x_wconf 26' lang='lat' dir='ltr'><strong>veniens,-et</strong></span> <span class='ocrx_word' id='word_1_798' title='bbox 3273 4945 3448 5002; x_wconf 84' lang='lat' dir='ltr'><strong>usque</strong></span> 
     </span>
    </p>
   </div>
   <div class='ocr_carea' id='block_1_108' title="bbox 1865 5022 3452 5099">
    <p class='ocr_par' dir='ltr' id='par_1_108' title="bbox 1865 5022 3452 5099">
     <span class='ocr_line' id='line_1_108' title="bbox 1865 5022 3452 5099; baseline -0.004 -15"><span class='ocrx_word' id='word_1_799' title='bbox 1865 5029 1932 5084; x_wconf 89' lang='lat' dir='ltr'><strong>ad</strong></span> <span class='ocrx_word' id='word_1_800' title='bbox 1951 5029 2246 5099; x_wconf 73' lang='lat' dir='ltr'><strong>Antiquum</strong></span> <span class='ocrx_word' id='word_1_801' title='bbox 2267 5027 2478 5082; x_wconf 87' lang='lat' dir='ltr'><strong>dierum</strong></span> <span class='ocrx_word' id='word_1_802' title='bbox 2507 5027 2836 5098; x_wconf 85' lang='lat' dir='ltr'><strong>perveniens</strong></span> <span class='ocrx_word' id='word_1_803' title='bbox 2857 5035 3024 5086; x_wconf 88' lang='lat' dir='ltr'><strong>esset,</strong></span> <span class='ocrx_word' id='word_1_804' title='bbox 3049 5023 3157 5080; x_wconf 88' lang='lat' dir='ltr'><strong>nisi</strong></span> <span class='ocrx_word' id='word_1_805' title='bbox 3181 5022 3452 5092; x_wconf 73' lang='lat' dir='ltr'><strong>Dominus</strong></span> 
     </span>
    </p>
   </div>
   <div class='ocr_carea' id='block_1_109' title="bbox 1865 5117 3442 5193">
    <p class='ocr_par' dir='ltr' id='par_1_109' title="bbox 1865 5117 3442 5193">
     <span class='ocr_line' id='line_1_109' title="bbox 1865 5117 3442 5193; baseline -0.007 -13"><span class='ocrx_word' id='word_1_806' title='bbox 1865 5133 2052 5180; x_wconf 88' lang='lat' dir='ltr'><strong>noster</strong></span> <span class='ocrx_word' id='word_1_807' title='bbox 2081 5123 2242 5180; x_wconf 85' lang='lat' dir='ltr'><strong>Jesus</strong></span> <span class='ocrx_word' id='word_1_808' title='bbox 2275 5121 2552 5186; x_wconf 86' lang='lat' dir='ltr'><strong>Christus,</strong></span> <span class='ocrx_word' id='word_1_809' title='bbox 2607 5133 2828 5193; x_wconf 87' lang='lat' dir='ltr'><strong>propter</strong></span> <span class='ocrx_word' id='word_1_810' title='bbox 2859 5135 2960 5176; x_wconf 90' lang='lat' dir='ltr'><strong>nos</strong></span> <span class='ocrx_word' id='word_1_811' title='bbox 3021 5119 3248 5174; x_wconf 87' lang='lat' dir='ltr'><strong>formam</strong></span> <span class='ocrx_word' id='word_1_812' title='bbox 3301 5117 3442 5174; x_wconf 75' lang='lat' dir='ltr'><strong>servi</strong></span> 
     </span>
    </p>
   </div>
   <div class='ocr_carea' id='block_1_110' title="bbox 1861 5211 3444 5288">
    <p class='ocr_par' dir='ltr' id='par_1_110' title="bbox 1861 5211 3444 5288">
     <span class='ocr_line' id='line_1_110' title="bbox 1861 5211 3444 5288; baseline -0.007 -15"><span class='ocrx_word' id='word_1_813' title='bbox 1861 5217 2155 5288; x_wconf 84' lang='lat' dir='ltr'><strong>accipiens,</strong></span> <span class='ocrx_word' id='word_1_814' title='bbox 2191 5225 2246 5272; x_wconf 91' lang='lat' dir='ltr'><strong>et</strong></span> <span class='ocrx_word' id='word_1_815' title='bbox 2287 5217 2432 5271; x_wconf 78' lang='lat' dir='ltr'><strong>filius</strong></span> <span class='ocrx_word' id='word_1_816' title='bbox 2481 5215 2718 5269; x_wconf 87' lang='lat' dir='ltr'><strong>hominis</strong></span> <span class='ocrx_word' id='word_1_817' title='bbox 2753 5213 2932 5268; x_wconf 87' lang='lat' dir='ltr'><strong>factus</strong></span> <span class='ocrx_word' id='word_1_818' title='bbox 2967 5212 3266 5282; x_wconf 85' lang='lat' dir='ltr'><strong>dicensque</strong></span> <span class='ocrx_word' id='word_1_819' title='bbox 3296 5229 3308 5264; x_wconf 89' lang='lat'><strong>:</strong></span> <span class='ocrx_word' id='word_1_820' title='bbox 3349 5227 3368 5260; x_wconf 79' lang='grc' dir='ltr'><strong>ι</strong></span> <span class='ocrx_word' id='word_1_821' title='bbox 3400 5211 3444 5262; x_wconf 73' lang='grc' dir='ltr'><strong>Α</strong></span> 
     </span>
    </p>
   </div>
   <div class='ocr_carea' id='block_1_111' title="bbox 1859 5303 3442 5370">
    <p class='ocr_par' dir='ltr' id='par_1_111' title="bbox 1859 5303 3442 5370">
     <span class='ocr_line' id='line_1_111' title="bbox 1859 5303 3442 5370; baseline -0.006 -6"><span class='ocrx_word' id='word_1_822' title='bbox 1859 5309 1972 5366; x_wconf 83' lang='grc' dir='ltr'><strong>1)εο</strong></span> <span class='ocrx_word' id='word_1_823' title='bbox 2024 5309 2168 5364; x_wconf 76' lang='lat' dir='ltr'><strong>exivi</strong></span> <span class='ocrx_word' id='word_1_824' title='bbox 2212 5315 2266 5364; x_wconf 86' lang='lat' dir='ltr'><strong>et</strong></span> <span class='ocrx_word' id='word_1_825' title='bbox 2303 5307 2368 5362; x_wconf 83' lang='lat' dir='ltr'><strong>ad</strong></span> <span class='ocrx_word' id='word_1_826' title='bbox 2421 5307 2590 5360; x_wconf 88' lang='lat' dir='ltr'><strong>Deum</strong></span> <span class='ocrx_word' id='word_1_827' title='bbox 2638 5305 2778 5360; x_wconf 80' lang='lat' dir='ltr'><strong>vado</strong></span> <span class='ocrx_word' id='word_1_828' title='bbox 2809 5305 2942 5358; x_wconf 62' lang='grc' dir='ltr'><strong>ἐῖν</strong></span> <span class='ocrx_word' id='word_1_829' title='bbox 2988 5303 3092 5370; x_wconf 80' lang='lat' dir='ltr'><strong>Qui</strong></span> <span class='ocrx_word' id='word_1_830' title='bbox 3149 5311 3204 5358; x_wconf 82' lang='lat' dir='ltr'><strong>et</strong></span> <span class='ocrx_word' id='word_1_831' title='bbox 3257 5317 3442 5356; x_wconf 80' lang='lat' dir='ltr'><strong>coram</strong></span> 
     </span>
    </p>
   </div>
   <div class='ocr_carea' id='block_1_112' title="bbox 1857 5395 3444 5472">
    <p class='ocr_par' dir='ltr' id='par_1_112' title="bbox 1857 5395 3444 5472">
     <span class='ocr_line' id='line_1_112' title="bbox 1857 5395 3444 5472; baseline -0.008 -16"><span class='ocrx_word' id='word_1_832' title='bbox 1857 5400 2142 5472; x_wconf 87' lang='lat' dir='ltr'><strong>discipulis</strong></span> <span class='ocrx_word' id='word_1_833' title='bbox 2181 5401 2296 5456; x_wconf 87' lang='lat' dir='ltr'><strong>suis</strong></span> <span class='ocrx_word' id='word_1_834' title='bbox 2335 5417 2348 5452; x_wconf 88' lang='lat'>:</span> <span class='ocrx_word' id='word_1_835' title='bbox 2391 5417 2408 5448; x_wconf 76' lang='grc' dir='ltr'><strong>ι</strong></span> <span class='ocrx_word' id='word_1_836' title='bbox 2451 5397 2780 5452; x_wconf 71' lang='lat' dir='ltr'><strong>Videntibus</strong></span> <span class='ocrx_word' id='word_1_837' title='bbox 2815 5395 2946 5460; x_wconf 91' lang='lat' dir='ltr'><strong>illis,</strong></span> <span class='ocrx_word' id='word_1_838' title='bbox 2978 5397 3224 5450; x_wconf 82' lang='lat' dir='ltr'><strong>elevatus</strong></span> <span class='ocrx_word' id='word_1_839' title='bbox 3259 5403 3361 5454; x_wconf 86' lang='lat' dir='ltr'><strong>est,</strong></span> <span class='ocrx_word' id='word_1_840' title='bbox 3390 5401 3444 5446; x_wconf 83' lang='lat' dir='ltr'><strong>et</strong></span> 
     </span>
    </p>
   </div>
   <div class='ocr_carea' id='block_1_113' title="bbox 1855 5485 3445 5562">
    <p class='ocr_par' dir='ltr' id='par_1_113' title="bbox 1855 5485 3445 5562">
     <span class='ocr_line' id='line_1_113' title="bbox 1855 5485 3445 5562; baseline -0.004 -14"><span class='ocrx_word' id='word_1_841' title='bbox 1855 5493 2030 5548; x_wconf 88' lang='lat' dir='ltr'><strong>nubes</strong></span> <span class='ocrx_word' id='word_1_842' title='bbox 2082 5491 2324 5562; x_wconf 89' lang='lat' dir='ltr'><strong>suscepit</strong></span> <span class='ocrx_word' id='word_1_843' title='bbox 2368 5505 2492 5544; x_wconf 89' lang='lat' dir='ltr'><strong>eum</strong></span> <span class='ocrx_word' id='word_1_844' title='bbox 2525 5489 2592 5544; x_wconf 74' lang='grc'><strong>’³.</strong></span> <span class='ocrx_word' id='word_1_845' title='bbox 2640 5487 2951 5560; x_wconf 36' lang='lat' dir='ltr'><strong>illumque</strong></span> <span class='ocrx_word' id='word_1_846' title='bbox 3003 5489 3348 5542; x_wconf 82' lang='lat' dir='ltr'><strong>intuerentur</strong></span> <span class='ocrx_word' id='word_1_847' title='bbox 3387 5485 3445 5541; x_wconf 90' lang='lat' dir='ltr'><strong>in</strong></span> 
     </span>
    </p>
   </div>
   <div class='ocr_carea' id='block_1_114' title="bbox 2235 5639 3444 5710">
    <p class='ocr_par' dir='ltr' id='par_1_114' title="bbox 2235 5639 3444 5710">
     <span class='ocr_line' id='line_1_114' title="bbox 2235 5639 3444 5710; baseline -0.002 -12"><span class='ocrx_word' id='word_1_848' title='bbox 2235 5647 2280 5678; x_wconf 72' lang='grc'><strong>³⁵</strong></span> <span class='ocrx_word' id='word_1_849' title='bbox 2309 5643 2444 5702; x_wconf 86' lang='lat' dir='ltr'><strong>Dan.</strong></span> <span class='ocrx_word' id='word_1_850' title='bbox 2483 5657 2568 5710; x_wconf 84' lang='lat' dir='ltr'><strong>In,</strong></span> <span class='ocrx_word' id='word_1_851' title='bbox 2597 5641 2688 5698; x_wconf 76' lang='lat'><strong>9!.</strong></span> <span class='ocrx_word' id='word_1_852' title='bbox 2767 5643 2810 5674; x_wconf 80' lang='grc'><strong>’⁷</strong></span> <span class='ocrx_word' id='word_1_853' title='bbox 2845 5642 2976 5700; x_wconf 82' lang='lat' dir='ltr'><strong>ibid.</strong></span> <span class='ocrx_word' id='word_1_854' title='bbox 3030 5641 3120 5698; x_wconf 64' lang='lat'><strong>92.</strong></span> <span class='ocrx_word' id='word_1_855' title='bbox 3197 5643 3264 5676; x_wconf 66' lang='grc' dir='ltr'><strong>’τ’</strong></span> <span class='ocrx_word' id='word_1_856' title='bbox 3305 5639 3444 5698; x_wconf 77' lang='lat' dir='ltr'><strong>Dan.</strong></span> 
     </span>
    </p>
   </div>
  </div>
