3950 6218
93 4912 96 5075 l

94 5417 98 5565 ἱ

577 183 720 244 “75
1286 180 1551 238 EUSEBII
1590 180 2069 240 CIESARIENSIS
2105 181 2256 240 OPP.
2291 181 2470 238 PARS
2509 181 2683 236 ll|.—
2711 179 3121 236 EXEGETICA.
3617 190 3704 248 “76

573 303 795 365 coelum,
828 315 958 359 ecce
973 301 1089 359 .viri
1121 301 1229 356 duo
1268 299 1322 356 in
1349 302 1597 358 vestibus
1621 303 1760 358 albis
1791 303 1917 366 visi,
1955 318 2050 359 eos
2082 303 2138 359 de

2251 301 2343 355 ϐεν
2366 301 2545 363 αὑτὸν,
2582 319 2600 344 ι
2634 301 2720 354 ὅτε
2768 301 2862 354 καὶ
2911 299 3264 364 ἀτενιζόντων
3303 301 3376 362 είς
3426 301 3504 353 τδν
3540 303 3703 374 eam.

573 390 812 448 secunda
871 391 992 460 ejus
1051 389 1490 446 manifestatione
1541 393 1806 447 certiores
1862 393 2144 459 fecerunt,

572 484 822 539 eumdem
869 498 1063 537 rursus
1122 484 1174 537 in
1226 481 1370 538 nube
1417 491 1705 539 venturum
1765 485 2144 556 prmdicenles.

571 575 792 632 Christo
826 573 990 645 igitur
1021 575 1121 630 soli
1157 591 1186 629 a
1219 573 1381 632 Patre
1412 576 1536 630 data
1559 585 1643 632 est
1673 585 1938 647 potestas,
1963 585 2015 632 et
2050 578 2147 630 ho-

571 681 674 724 nor
722 674 775 722 et
822 683 1070 739 regnum,
1125 677 1184 722 ut
1240 683 1433 723 omnes
1486 684 1610 724 eum
1665 669 1895 724 adorent
1932 677 2142 739 gentes,

577 779 596 811 ι
634 759 921 830 omnisque
949 760 1133 832 lingua
1164 761 1488 815 conﬁteatur
1520 761 1650 828 quia
1692 759 1957 826 Dominus
1985 760 2145 817 Jesus

571 850 823 910 Christus
854 853 909 907 in
941 853 1113 924 gloria
1142 860 1225 909 est
1259 851 1352 908 Dei
1383 852 1562 910 Patris
1589 854 1654 908 ”.
1690 873 1710 906 ι

1130 1093 1358 1150 CAPUT
1400 1092 1562 1148 XLV.

1199 1185 1278 1240 Ea:
1307 1185 1507 1244 eodem.

640 1279 890 1334 Precanti
923 1279 1132 1335 Danieli
1169 1280 1223 1334 in
1260 1282 1443 1335 omnis
1471 1281 1656 1351 populi
1697 1282 2012 1352 captivitate
2042 1281 2142 1335 Ba-

569 1371 783 1443 bylonis
828 1378 991 1440 atque
1025 1371 1077 1425 in
1108 1369 1411 1426 Jerusalem
1449 1372 1763 1438 solitudine,
1803 1373 2020 1429 Gabriel
2060 1375 2142 1428 vi-

570 1478 666 1518 sus
695 1471 779 1518 est
812 1461 1170 1533 archangelus
1210 1462 1483 1532 simulque
1514 1463 1754 1518 ostendit
1795 1467 2138 1536 septuaginta

569 1569 837 1609 annorum
881 1552 1218 1624 captivitatis
1273 1555 1456 1618 tinem,
1493 1563 1546 1610 et
1577 1554 1878 1612 Jerusalem
1926 1569 2140 1613 restau-

2252 394 2359 447 ίδοῦ
2393 392 2484 446 δύο
2522 392 2712 464 ἄνδρες
2747 393 2803 445 ἐν
2839 392 3095 462 ἐσθήσεσι
3128 391 3403 462 λαμπραῖς
3435 392 3711 460 ὀφθέντες,τῂ

2249 485 2376 558 περὶ
2398 485 2499 556 τῆς
2513 485 2769 556 δευτέρας
2790 483 2953 538 αὑτοῦ
2974 482 3274 556 παρουσίας
3300 484 3479 548 αὐτοὺς
3503 486 3714 555 ἐδίδασκον,

2248 574 2402 642 αὖθις
2435 579 2491 630 ἐν
2518 575 2712 647 νεφέλῃ
2748 574 3224 647 παραγενήσεσθαι
3254 575 3409 627 αὑτὸν
3439 578 3719 646 προλέγοντες.

2247 672 2335 744 Τῷ
2359 667 2452 726 οὖν
2484 670 2704 744 Χριστῷ
2748 671 2893 741 μόνῳ
2937 669 3042 722 ὑπὸ
3083 668 3178 721 τοῦ
3214 670 3420 741 [ἰατρὸς
3449 671 3574 740 ἐίκοῃ
3607 677 3671 727 καὶ
3698 680 3721 748 ἡ

2245 765 2378 835 τιμὴ
2402 765 2546 835 καὶὴ
2575 762 2817 834 βασιλεία
2835 802 2849 824 ,
2882 761 3022 814 ὥστε
3065 762 3245 815 πάντα
3280 761 3346 814 τά
3381 762 3493 834 ἔθνη
3520 764 3722 836 Romani

2244 856 2413 928 αὐτῷ,
2443 858 2537 910 καὶ
2578 875 2595 906 ι
2629 857 2806 908 πᾶσαν
2833 853 3084 922 γλῶσσαν
3111 853 3546 922 ἐξομολογεῖσθαι,
3569 857 3631 909 ὅτι
3648 858 3726 912 Kli-

2245 965 2360 1020 ριος
2405 946 2611 1019 Ἰησοῦς
2636 947 2867 1018 Χριστὸς
2897 948 2976 1009 εἰς
3007 943 3162 1010 δόξαν
3200 945 3335 999 Θεοῦ
3369 948 3558 1019 πατρὸς.
3583 968 3598 999 ι

2751 1081 3152 1135 ΚΕΦΑΛΑΙΟΝ
3186 1080 3322 1134 ΜΕ’.

2856 1173 2969 1228 Τοῦ
2993 1172 3205 1228 αὐτοῦ.

2312 1266 2608 1338 Εὑξαμένῳ
2666 1265 2746 1337 τῷ
2805 1267 3004 1340 Δανιὴλ
3050 1267 3179 1338 περὶ
3251 1266 3353 1336 τῆς
3406 1269 3480 1330 είς
3516 1249 3728 1324 Βαϐυλῶνα

2241 1357 2615 1428 αἰχμαλωσίας
2647 1356 2741 1410 τοῦ
2771 1358 2971 1422 παντὸς
3014 1357 3166 1421 λαοῦ,
3202 1359 3332 1429 περί
3374 1375 3431 1411 τε
3460 1359 3545 1428 τῆς
3574 1362 3726 1430 ἐρημώ-

2243 1468 2380 1514 σεως
2398 1451 2495 1522 τῆς
2523 1449 2896 1522 Ἰερουσαλὴμ,
2919 1450 3161 1521 Γαϐριὴλ
3188 1451 3463 1517 ἐπιφανεὶς
3483 1451 3725 1519 ἀρχάγγελος

2241 1542 2376 1614 ὁμοῦ
2410 1559 2468 1595 τε
2508 1541 2659 1612 αὐτῴ
2706 1541 2958 1612 σημαίνει
3001 1541 3063 1594 τὸ
3113 1541 3481 1612 συμπέρασμα
3517 1541 3590 1610 τῆς
3623 1541 3724 1594 £560-

567 1645 862 1713 rationem,
918 1653 1241 1716 tempusque
1281 1646 1350 1702 ab
1394 1646 1483 1700 illa
1536 1649 1934 1703 restauratione
1974 1665 2138 1720 usque

2251 1634 2650 1706 μηκονταετοῦς
2692 1633 3064 1704 αἰχμαλωσίας
3083 1673 3098 1694 ,
3139 1635 3236 1687 καὶ
3267 1634 3367 1705 τὴν
3394 1633 3636 1686 ἀνανέωσιν
3661 1633 3730 1702 τῆς

567 1736 637 1792 ad
680 1736 970 1793 adventum
1019 1737 1246 1800 Christi,
1286 1753 1350 1791 ac
1397 1739 1698 1793 secundum
1750 1749 1938 1810 postea
1991 1741 2141 1796 urbis

564 1829 862 1893 excidium,
910 1829 1186 1898 totiusque
1232 1829 1408 1900 gentis
1459 1830 1800 1894 servitutem,
1854 1846 1976 1900 quae
2020 1838 2144 1902 post

563 1922 768 1978 Christi
801 1923 1236 1979 incarnationem
1281 1933 1661 1979 consummata
1692 1925 1816 1979 erit.
1850 1923 1976 1979 Haec
2007 1933 2143 1981 sunt

565 2015 729 2086 igitur
759 2015 991 2084 hujusce
1030 2015 1137 2070 loci
1171 2016 1372 2071 verba:
1410 2034 1428 2067 ι
1464 2014 1672 2082 Daniel,
1711 2031 1857 2072 nunc
1888 2032 2142 2088 egressus

565 2123 686 2163 sum
714 2114 774 2161 ut
799 2107 1050 2162 docerem
1083 2114 1156 2174 te,
1184 2115 1237 2162 et
1263 2108 1621 2178 intelligeres.
1657 2107 1740 2163 Ab
1767 2109 1992 2164 exordio
2019 2125 2144 2178 pre-

565 2213 692 2255 cum
730 2207 944 2254 tuarum
972 2214 1230 2270 egressus
1273 2207 1356 2256 est
1403 2216 1585 2256 sermo
1622 2217 1766 2272 :ego
1805 2209 1986 2256 autem
2020 2201 2141 2257 veni

567 2298 630 2347 ut
681 2289 979 2347 indicarem
1033 2291 1153 2355 tibi,
1195 2294 1324 2362 quia
1379 2292 1464 2348 vir
1511 2293 1912 2349 desideriorum
1951 2310 2012 2349 es
2041 2313 2054 2349 :
2083 2303 2140 2348 tu

567 2400 701 2455 ergo
733 2383 1106 2440 animadverte
1136 2399 1468 2447 sermonem.
1502 2396 1556 2441 et
1580 2387 1823 2457 intellige
1853 2387 2140 2444 visionem.

571 2471 924 2544 Septuaginta
948 2473 1315 2529 hebdomades
1345 2475 1678 2532 abbreviata:
1700 2487 1829 2532 sunt
1850 2493 2014 2548 super
2041 2494 2140 2548 po-

568 2565 755 2636 pulum
803 2572 978 2630 tuum,
1033 2573 1087 2620 et
1137 2581 1303 2636 super
1335 2566 1522 2620 urbem
1570 2579 1815 2622 sanetam
1871 2577 2041 2634 tuam,
2083 2577 2143 2623 ut

567 2665 980 2713 consummetur
1020 2657 1420 2726 praevaricatio.
1455 2665 1508 2712 et
1559 2657 1720 2712 linem
1754 2659 1986 2728 accipiat
2015 2673 2143 2728 pec.

567 2758 773 2814 catum,
804 2757 858 2804 et
898 2747 1144 2803 deleatur
1177 2749 1462 2818 iniquitas,
1514 2756 1567 2804 et
1599 2750 1904 2804 adducatur
1925 2751 2141 2820 justitia

567 2840 920 2908 sempiterna,
955 2845 1009 2892 et
1042 2838 1332 2908 impleatur
1363 2838 1521 2900 Visio,
1548 2845 1602 2893 et
1625 2839 1930 2909 prophetia,
1956 2847 2011 2894 et
2041 2857 2144 2895 un-

567 2938 726 3002 gatur
773 2929 1009 2986 Sanctus
1053 2939 1390 2985 sanctorum.
1437 2928 1586 2985 Scito
1626 2945 1755 3001 ergo
1794 2941 1848 2986 et
1889 2932 2140 2986 animad-

2259 1725 2642 1797 Ἰερουσαλὴμ,
2687 1727 2777 1780 τόν
2804 1742 2862 1778 τε
2910 1727 3018 1779 ἀπὸ
3048 1727 3147 1796 τῆς
3186 1723 3520 1788 ἀνανεώσεως
3561 1726 3629 1777 ἐπὶ
3665 1725 3731 1794 τὴν

2246 1817 2338 1871 τοῦ
2376 1817 2610 1890 Χριστοῦ
2637 1819 2940 1891 παρουσίαν
2969 1819 3186 1889 χρόνον,
3221 1817 3317 1870 καὶ
3345 1817 3436 1887 τὴν
3479 1817 3592 1886 μετὰ
3614 1814 3732 1867 ταῦτα

2245 1911 2632 1982 γενησομένην
2655 1909 2909 1982 δευτέραν
2956 1911 3156 1964 ἅλωσιν
3188 1913 3290 1981 τῆς
3325 1909 3543 1972 πόλεως,
3581 1909 3649 1961 καὶ
3671 1908 3732 1960 τὴν

2244 2004 2336 2056 ἐπὶ
2375 2005 2540 2057 πᾶσιν
2599 2001 3032 2074 ἀνδραποδισμὸν
3088 2001 3185 2055 τοῦ
3233 2002 3430 2063 παντὸς
3458 2001 3641 2062 ἔθνους,
3673 1999 3734 2050 τὸν

2247 2095 2385 2167 μετά
2432 2095 2529 2168 τὴν
2577 2094 2672 2150 τοῦ
2729 2095 2966 2167 Χριστοῦ
3023 2094 3333 2164 παρουσίαν
3393 2091 3731 2147 ἐπιτελεσθέντα.

2247 2187 2469 2256 Ἔχουσι
2505 2185 2561 2238 δὲ
2597 2185 2761 2240 αὑτοῦ
2785 2187 2968 2240 τοῦτον
2993 2185 3082 2238 τὸν
3115 2187 3321 2257 τρόπον
3355 2187 3408 2238 αἱ
3436 2184 3606 2249 λέξεις·
3636 2185 3734 2233 «Δία

2242 2278 2391 2348 νιὴλ,
2423 2277 2517 2330 νῦν
2564 2277 2786 2348 ἐξῆλθον
2815 2277 3148 2347 συμϐιϐάσαι
3186 2293 3247 2330 σε
3293 2276 3525 2329 σύνεσιν⁸
3555 2275 3601 2325 ἐν
3638 2273 3731 2344 ἀρχῇ

2243 2370 2342 2440 τῆς
2365 2368 2599 2440 δεήσεὼς
2631 2387 2724 2423 σου
2770 2368 2992 2440 ἐξῆλθεν
3042 2369 3222 2438 λόγος.
3260 2369 3354 2422 καὶ
3385 2366 3487 2434 ἐγὼ
3522 2361 3649 2435 ἦλθαν
3672 2362 3734 2413 τοῦ

2242 2461 2557 2532 ἀναγγεῖλαί
2588 2478 2691 2525 σοι,
2725 2462 2808 2515 ὅτι
2836 2462 2977 2533 ἀνὴρ
2999 2459 3310 2532 ἐπιθυμιῶν
3340 2461 3402 2512 σὺ
3427 2453 3491 2522 εἷ,
3515 2457 3590 2509 καὶ
3610 2455 3734 2520 ἐννοή-

2243 2555 2364 2626 θητι
2398 2557 2456 2608 ἐν
2489 2554 2566 2625 τῷ
2598 2555 2822 2626 ῥήματι.
2852 2553 2947 2607 καὶ
2977 2552 3133 2615 σύνες
3169 2555 3229 2605 ἐν
3257 2554 3322 2622 τῇ
3357 2549 3582 2619 ὀπτασίᾳ.
3607 2544 3734 2598 Ἕϐδο-

2246 2651 2487 2720 μήκοντα
2527 2646 2818 2718 ἐϐδομάδες
2859 2646 3279 2717 συνετμήθησαν
3312 2644 3402 2697 ἐπὶ
3430 2643 3510 2694 τὸν
3538 2639 3638 2692 λαόν
3657 2653 3732 2700 σου,

2243 2741 2334 2794 καὶ
2387 2742 2479 2794 ἐπὶ
2525 2741 2624 2813 τὴν
2665 2740 2816 2794 πόλιν
2849 2739 2948 2812 τὴν
3002 2739 3163 2807 ἁγίαν
3190 2777 3205 2802 ,
3265 2737 3357 2790 τοῦ
3407 2731 3732 2799 συντελεσθῆναι

2242 2834 2516 2905 ἁμαρτίαν
2536 2875 2552 2897 ,
2577 2835 2670 2889 καὶ
2703 2833 2796 2886 τοῦ
2853 2835 3151 2904 σφραγῖσαι
3209 2827 3504 2900 ἀρίαρτίας,
3537 2825 3613 2877 καὶ
3644 2823 3733 2874 ἁπο-

2242 2926 2419 2996 λεῖψαι
2470 2925 2568 2990 τάς
2599 2925 2861 2999 ἀνομίας,
2918 2925 3011 2979 καὶ
3043 2923 3138 2976 τοῦ
3173 2919 3511 2991 ἐξιλάσασθαι
3554 2913 3729 2973 ἀδικίας,

566 3031 718 3081 verte
749 3043 762 3080 :
789 3025 858 3080 ab
883 3025 1030 3080 exitu
1060 3023 1353 3089 sermonis,
1391 3032 1450 3078 ut
1480 3023 1678 3078 iterum
1713 3024 2015 3080 aediﬁcetur
2045 3025 2134 3082 Je-

2241 3021 2329 3074 καὶ
2359 3021 2586 3090 ἀγαγεῖν
2617 3019 2966 3091 δικαιοσύνην
2995 3016 3236 3080 αἰώνιον,
3273 3016 3365 3071 καὶ
3392 3013 3479 3066 τοῦ
3513 3011 3730 3082 σςραγίςιι

566 3118 828 3183 rusalem,
870 3133 1041 3189 usque
1087 3117 1153 3172 ad
1187 3115 1467 3172 Christum
1499 3116 1717 3178 ducem.
1768 3117 2136 3174 hebdomades

567 3219 800 3282 septem,
853 3219 906 3266 et
944 3208 1310 3264 hebdomades
1359 3208 1641 3280 sexaginta
1692 3209 1815 3263 dum
1852 3221 2054 3265 erunt:
2083 3218 2138 3264 et

565 3316 762 3356 rursus
811 3299 1168 3354 aediﬁcabitur
1208 3300 1405 3370 platea,
1445 3307 1500 3354 et
1547 3299 1727 3363 muri,
1779 3299 1833 3354 in
1887 3302 2136 3372 angustia

565 3400 893 3462 temporum.
926 3392 991 3446 Et
1030 3400 1152 3462 post
1173 3391 1544 3448 hebdomades
1575 3391 1855 3461 sexaginta
1883 3393 2021 3449 duas
2051 3409 2139 3450 oc-

462 3502 476 3508 ·
565 3483 780 3539 cidetur
837 3483 1094 3539 Christus
1132 3492 1224 3539 :et
1269 3498 1378 3538 non
1433 3484 1537 3538 erit
1581 3483 1700 3553 ejus
1742 3486 1998 3554 populus,
2043 3486 2137 3556 qui

564 3591 689 3632 eum
724 3583 1020 3646 negaturus
1052 3585 1153 3632 est.
1210 3574 1273 3629 Et
1320 3576 1617 3639 civitatem,
1673 3585 1727 3633 et
1759 3577 2132 3632 sanctuarium

566 3667 854 3737 dissipabit
879 3666 1111 3738 populus
1140 3683 1261 3722 cum
1300 3668 1437 3722 duce
1467 3681 1694 3723 venturo
1731 3677 1822 3724 :et
1853 3669 1978 3724 linis
2015 3669 2135 3739 ejus

566 3759 816 3822 vastitas,
846 3765 900 3812 et
930 3767 1055 3829 post
1085 3759 1243 3812 tinem
1282 3759 1406 3812 belli
1441 3766 1644 3814 statuta
1679 3760 1966 3815 desolatio.
1989 3761 2134 3815 Con-

567 3851 804 3912 ﬁrmabit
839 3860 1018 3908 autem
1058 3857 1276 3921 pactum
1307 3850 1494 3904 multis
1527 3851 1868 3906 hebdomada
1902 3868 2008 3906 una
2038 3870 2051 3910 :
2080 3861 2135 3908 et

567 3945 624 4001 in
665 3942 892 4000 dimidio
948 3941 1301 3999 hebdomadis
1340 3941 1556 3998 deﬁciet
1607 3943 1784 3998 hostia
1827 3955 1879 4000 et
1923 3945 2134 4001 sacriﬁ-

567 4036 754 4094 cium:
787 4043 841 4092 et
887 4035 993 4091 erit
1035 4035 1088 4092 in
1127 4035 1329 4104 templo
1374 4033 1707 4090 abominatio
1735 4035 2129 4095 desolationis:

567 4137 621 4186 et
651 4143 828 4197 usque
858 4125 924 4180 ad
954 4125 1480 4180 consummationem
1511 4131 1564 4179 et
1604 4123 2129 4208 ﬁniamupersevera-

567 4221 647 4278 bit
672 4221 935 4276 desolatio
961 4219 1026 4272 ³¹.
1061 4237 1078 4270 ι

2237 3115 2426 3185 ὅρασιν
2445 3115 2548 3186 -καὶ
2581 3114 2899 3186 προφήτην,
2935 3113 3029 3167 καὶ
3067 3111 3164 3165 τοῦ
3200 3115 3384 3182 χρῖσαι
3436 3109 3570 3176 ἅγιον
3597 3104 3727 3170 ἁγίων.

2239 3205 2348 3258 Καὶ
2371 3204 2554 3278 γνώσῃ
2588 3205 2682 3258 καὶ
2711 3209 2959 3276 συνήσεις
2979 3222 2991 3234 ⁸
3029 3205 3135 3258 ἀπὸ
3173 3204 3356 3271 ἐξόδου
3385 3202 3540 3269 λόγων
3562 3197 3644 3268 (ου)
3669 3191 3728 3245 τοῦ

2241 3296 2602 3367 ἀποκριθῆναι
2651 3296 2745 3350 καὶ
2791 3296 2886 3348 τοῦ
2916 3296 3270 3366 οἰκοδομῆσαι
3309 3291 3623 3365 Ἰερουσαλὴμ
3661 3287 3729 3345 ἕως

2240 3389 2475 3458 Χριστοῦ
2505 3389 2809 3460 ἡγουμένου
2842 3387 3132 3459 ἑϐδομάδες
3161 3387 3227 3452 ζ’,
3261 3389 3352 3440 καὶ
3385 3381 3637 3454 ἑϐδομάδες
3657 3374 3727 3444 ξβ”

2241 3482 2333 3534 καὶ
2370 3480 2713 3554 ἐπιστρέψει,
2759 3479 2854 3534 καὶ
2899 3479 3380 3550 οίκώομηθὴσεται
3412 3473 3633 3533 πλατεῖα,
3669 3467 3730 3520 καὶ

2239 3577 2438 3644 τεῖχος,
2471 3573 2567 3625 καὶ¹
2603 3572 3001 3644 κενωθήσονται
3051 3574 3100 3626 οἱ
3149 3571 3352 3642 καιροί.
3390 3569 3491 3622 Καὶ
3520 3561 3630 3636 μετὰ
3663 3558 3730 3618 τάξ

2243 3665 2544 3737 ἑϐδομάδας
2587 3664 2688 3730 τὰς
2757 3664 2832 3736 ξβ¹
2880 3663 3387 3737 ἐξολοθρευθήσεται
3431 3660 3634 3730 χρίσμα,
3666 3649 3729 3703 ui

2241 3761 2414 3834 κρίμα
2434 3762 2535 3816 οὐκ
2563 3760 2708 3815 ἐστιν
2738 3762 2795 3813 ἐν
2815 3757 2964 3833 αὐτῷ
2981 3777 2994 3791 ·
3022 3761 3115 3814 καὶ
3134 3758 3236 3830 τὴν
3263 3757 3433 3818 πόλιν,
3453 3754 3536 3806 καὶ
3550 3750 3601 3802 τὸ
3623 3747 3726 3812 ἅγιον

2240 3852 2518 3925 διαφθερεῖ
2543 3853 2640 3907 σὺν
2669 3851 2748 3923 τῷ
2773 3851 3061 3924 ἡγουμένῳ
3089 3849 3166 3921 τῷ
3199 3847 3488 3924 ἐρχομένῳ,
3512 3842 3590 3895 καὶ
3608 3836 3726 3903 κοπή·

2241 3960 2422 4000 σονται
2451 3945 2508 3997 ἐν
2537 3941 2926 4014 κατακλυσμῷ,
2944 3942 3038 3997 καὶ
3069 3941 3172 4004 ἕως
3203 3940 3391 4002 τέλους
3424 3934 3621 4003 πολέμου
3644 3942 3726 3978 σνν-

2235 4037 2576 4109 τετμημένου
2629 4039 2970 4107 ἀφανισμοῖς.
3029 4036 3137 4088 Καὶ
3195 4030 3491 4103 δυναμὼσει
3534 4021 3726 4109 διαθήκην

2238 4108 2451 4193 πολλοῖς
2485 4129 2716 4201 ἑϐδομὰς
2765 4129 2895 4201 μία·
2941 4127 3033 4182 καὶ
3082 4129 3138 4181 ἐν
3189 4125 3270 4199 τῷ
3304 4125 3480 4195 ἡμίσει
3517 4117 3596 4186 τῆς
3625 4108 3726 4201 έθδοξ

2243 4222 2407 4293 μάδος
2460 4222 2756 4294 ἀρθήσεται
2815 4221 2976 4274 θυσία
3035 4221 3129 4273 καὶ
3190 4217 3422 4287 σπονδὴ,
3461 4212 3542 4267 καὶ
3587 4205 3654 4260 ἐπὶ
3684 4198 3725 4250 τὸ

571 4314 712 4388 ἱερὸν
747 4314 1017 4387 βδέλυγμα
1064 4310 1172 4364 τῶν
1223 4309 1576 4382 ἐρημώσεων,
1612 4312 1707 4366 καὶ
1744 4313 1848 4378 ἕως
1884 4314 2193 4379 συντελείας
2247 4316 2438 4387 καιροῦ
2500 4317 2777 4370 συντέλεια
2833 4315 3115 4385 δοθήσεται
3168 4314 3264 4368 ἐπὶ
3319 4311 3412 4381 τὴν
3460 4307 3721 4377 ἐρήμωσεν·’

639 4429 838 4483 Eorum
865 4427 955 4498 qui
981 4425 1290 4499 princitatas
1314 4425 1681 4481 hebdomades
1710 4429 1948 4482 scrutati
1982 4437 2129 4491 sunt,

2307 4431 2429 4484 Τῶν
2479 4434 2559 4496 εἰς
2589 4431 2687 4495 τὰς
2719 4431 3081 4502 προκειμένας
3117 4427 3416 4499 ἑϐδομάδας
3447 4409 3723 4479 ἐπιϐεϐληκά

568 4525 738 4577 unum
765 4518 1016 4573 novimus
1043 4515 1359 4572 Africanum
1399 4517 1491 4588 qui
1524 4533 1620 4572 eas
1657 4520 1971 4573 accuratius
2015 4519 2134 4572 feli-

569 4614 797 4681 ciusque
843 4609 1252 4665 examinaverit.
1299 4606 1533 4664 Necesse
1568 4609 1694 4663 ideo
1741 4609 1960 4666 videtur
2000 4610 2132 4664 mihi

569 4705 690 4774 ejus
731 4702 788 4756 in
821 4701 969 4756 hunc
1001 4701 1177 4756 locum
1208 4699 1627 4756 elucidationem
1677 4700 1733 4754 in
1767 4699 2004 4756 medium
2051 4699 2136 4754 af-

569 4797 731 4861 ferre,
764 4792 890 4847 dein
931 4792 1200 4863 speculari
1252 4795 1298 4847 si
1332 4791 1462 4861 quid
1514 4800 1568 4846 et
1599 4791 1703 4862 ipsi
1733 4806 1798 4846 ex
1855 4805 1921 4846 eo
1964 4792 2139 4859 possi-

569 4903 691 4942 mus
730 4887 1008 4942 inducere.
1055 4883 1259 4938 Scribit
1289 4884 1454 4954 igitur
1486 4883 1542 4938 in
1570 4883 1763 4957 quinto
1798 4881 2135 4955 Chronograo

569 4979 814 5049 phiarum
848 4978 988 5034 libro
1017 4978 1103 5034 his
1137 4977 1320 5034 verbis
1349 4977 1424 5048 (4)
1454 4996 1468 5032 :

1118 5220 1345 5278 CAPUT
1395 5220 1577 5278 XLVI.

1149 5314 1234 5369 Ea:
1270 5315 1544 5385 Africano.

645 5427 668 5464 ι
698 5407 799 5465 Hic
829 5407 1128 5482 prophetia:
1155 5408 1309 5464 locus
1340 5408 1508 5462 multa
1525 5407 1675 5462 etvix
1702 5405 1973 5462 credenda
1990 5421 2132 5461 nun-

589 5637 592 5640 .
639 5564 686 5600 ³ο
714 5563 949 5636 Philipp.
975 5583 1034 5629 ιι,
1069 5566 1153 5620 ll.
1231 5565 1270 5597 ⁸¹
1309 5564 1440 5618 Dan.
1487 5560 1776 5626 “322-27.

2236 4541 2344 4578 των
2381 4524 2537 4595 μόνον
2562 4522 2717 4593 ἴσμεν
2745 4521 3066 4593 Ἀφρικανὸν
3091 4520 3456 4592 ἀκριϐέστατα
3482 4513 3562 4566 καὶ

2238 4591 2393 4691 παρά
2410 4619 2534 4682 τοὺς
2552 4591 2771 4679 λοιποὺς
2795 4591 3266 4686 ἐπιτετευγμένως
3290 4603 3644 4696 τεθεωρηκὸτα⁶
3662 4591 3720 4696 te!

2237 4713 2300 4783 δή
2335 4729 2425 4783 μοι
2452 4711 2598 4765 δοκεῖ
2627 4711 2922 4779 ἀναγκαῖον
2955 4706 3094 4761 εἶναι
3146 4706 3360 4779 πρῶτον
3392 4695 3539 4754 αὑτοῦ
3576 4693 3650 4761 τὴν

2241 4805 2314 4879 (ί.
2343 4805 2411 4862 59
2434 4806 2520 4876 v°)
2551 4807 2676 4868 τοὺς
2713 4805 2912 4866 τόπους
2948 4802 3199 4873 διήγησιν
3243 4801 3321 4862 είς
3365 4796 3511 4866 μέσον
3538 4780 3716 4879 ﬁni-iv,

2239 4896 2336 4954 εἷθ’
2377 4898 2548 4962 οὕτως
2589 4895 3020 4967 ἐπισκέψασθαι,
3059 4894 3110 4946 εἴ
3158 4910 3213 4946 τι
3260 4892 3364 4963 ἄρα
3395 4886 3479 4941 καὶ
3503 4878 3630 4982 alito:

2239 4991 2469 5063 ναίμεθα
2515 4963 2882 5060 συμϐαλέσθαι
2927 4987 3004 5059 τῷ
3051 4986 3215 5056 λόγῳ.
3265 4982 3456 5053 Γράφει
3505 4971 3558 5042 δὴ
3585 4963 3715 5022 οὖνέν

2241 5083 2473 5155 πέμπτῳ
2507 5081 2614 5135 τῶν
2641 5077 3095 5150 Χρονογεραφιῶν
3125 5076 3266 5131 κατά
3295 5074 3429 5139 λέξιν
3453 5067 3618 5125 οὕτως’

2728 5213 3115 5272 ΚΕΦΑΛΔΙΟΝ
3161 5216 3309 5282 Μετ’.

2846 5307 3210 5378 Ἀφρικανοῦ.

2314 5421 2332 5454 ι
2373 5403 2435 5455 Ἦ
2465 5401 2562 5472 μὲν
2592 5395 2686 5454 οὖν
2717 5398 2990 5474 περικοπή
3014 5397 3155 5468 οὕτω
3187 5413 3303 5459 πως
3330 5370 3707 5462 ἒξχουσαιιτολλάτ⁸

635 5703 711 5775 (4)
752 5698 950 5756 Confer
972 5701 1173 5765 Euseb.
1203 5701 1476 5760 Dentomt.
1513 5713 1626 5764 vm,
1655 5714 1705 5769 p.
1731 5697 1864 5765 589;
1897 5696 2115 5750 Hieron.
2159 5691 2209 5743 in
2244 5688 2379 5744 Dan.
2413 5696 2452 5743 t.
2491 5685 2554 5756 V,
2579 5701 2636 5759 p.
2665 5685 2784 5742 682.
