3950 6218
198 237 334 293 ΗΠ

1152 235 1446 294 Εοιοϐιε
1500 230 1979 290 ΡΒΟΡΗΕΤΙΟΑΞ.
2013 260 2090 308 _—
2125 229 2253 285 LIB.
2297 229 2384 286 Ill.

3295 228 3448 284 “78'

196 355 289 407 καὶ
319 351 594 426 παράδοξα
627 351 909 423 σημαίνει·
939 351 1034 406 νῦν
1058 350 1102 405 δ’
1118 345 1203 405 ὧν
1229 353 1386 424 χρεία
1414 351 1540 425 περί
1561 369 1618 404 τε
1645 350 1766 413 τοὺς

1873 347 1988 402 tial.
2025 345 2180 402 Nunc
2221 348 2386 418 igitur
2413 343 2482 400 de
2525 345 2883 414 temporibus,
2915 345 3188 417 rebusque
3215 361 3338 418 qua:
3363 344 3438 402 ad

194 443 415 515 χρόνους
449 445 542 497 καὶ
574 443 641 496 τὰ
672 443 880 506 τούτοις
912 443 1250 496 συντείνοντα
1280 443 1372 496 τὸν
1410 443 1566 509 λόγον
1609 460 1766 513 ποιη-

196 533 420 605 σόμεθα.
451 534 572 588 Ὅτι
609 534 706 604 μὲν
741 530 833 587 οὖν
871 535 1122 604 περὶτῆς
1153 532 1245 587 τοῦ
1281 534 1516 604 Χριστοῦ
1562 551 1770 606 παρου-

198 628 318 689 σίας
346 625 558 695 λέγεται
583 625 755 679 ταῦτα
787 625 922 696 μετὰ
947 625 1245 696 ἑϐδομάδας
1275 633 1314 677 ο⁸
1339 627 1618 698 μέλλοντος
1643 628 1766 680 ἐπι-

198 719 500 788 φαίνεσθαι,
527 718 709 790 δῆλον·
739 720 830 771 ἐπὶ
858 717 966 790 γὰρ
987 717 1080 770 τοῦ
1112 719 1359 789 Σωτῆρος
1382 719 1414 790 ἢ
1449 721 1556 774 ἀπὸ
1575 720 1765 774 τούτου

196 811 262 862 τὰ
296 807 711 878 παραπτώματα
749 807 1090 870 παλαιοῦται,
1137 809 1230 861 καὶ
1261 809 1316 861 αἱ
1345 809 1611 880 ἁμαρτίαι
1643 827 1766 863 συν-

195 899 472 954 τελοῦνται
508 899 594 953 διὰ
626 901 723 972 τὴν
761 902 984 969 ἄφεσιν,
1019 900 1080 952 αἴ
1124 917 1184 952 τε
1227 901 1445 971 ἀνομίαι
1493 902 1766 974 ἐξιλασμῷ

197 991 334 1061 μετὰ
352 990 459 1044 τῶν
479 991 702 1044 ἀδικιῶν
722 991 1129 1060 ὰπαλείφονται,
1144 993 1452 1064 δικαιοσύνη
1475 1011 1534 1047 τε
1552 993 1766 1059 αἰώνιος

195 1082 616 1151 καταγγέλλεται
645 1083 836 1155 (παρὰ)
867 1084 962 1154 τὴν
1003 1085 1066 1136 ὲκ
1105 1084 1291 1154 νόμου,
1327 1084 1546 1154 ὁράσεις
1576 1103 1634 1138 τε
1671 1088 1766 1140 καὶ

202 1179 516 1246 προφητεῖαι
552 1178 743 1247 μέχρις
791 1175 1066 1229 Ἰωάννουο
1100 1175 1311 1246 χρίεται
1341 1177 1528 1244 ’Ἄγιος
1564 1177 1762 1245 άγίωνο

200 1264 299 1336 πρὸ
325 1264 431 1336 γάρ
456 1265 554 1336 τῆς
583 1265 674 1318 τοῦ
701 1263 950 1334 Σωτῆρος
985 1265 1284 1335 παρουσίας
1305 1265 1404 1319 οὐκ
1436 1266 1562 1319 ὄντα
1594 1268 1768 1321 ταῦτα

199 1356 555 1427 προσεδοκᾶτο
620 1357 794 1428 μόνον.
848 1356 1149 1426 Ἀρξασθαι
1201 1357 1266 1428 δὴ
1321 1357 1428 1411 τῶν
1483 1359 1763 1430 ἀριθμῶν,

201 1446 334 1502 τοῦτ’
377 1447 492 1500 ἐστι
537 1448 645 1502 τῶν
697 1455 738 1500 o'
803 1447 1143 1518 ἑϐδομάδων,
1195 1447 1231 1501 ἆ
1263 1450 1409 1502 ἐστιν
1458 1451 1551 1520 ἔτη
1596 1456 1701 1517 UL],
1736 1452 1765 1505 ὁ

196 1540 419 1610 Ξγγελος
463 1541 774 1596 ὑποτίθεται
805 1559 822 1591 ι
849 1542 954 1594 ἀπὸ
997 1541 1176 1608 ἐξόδου
1219 1540 1375 1610 λόγου
1413 1543 1506 1596 τοῦ
1536 1546 1766 1616 ἀποκριο

195 1632 348 1704 θῆναι
379 1632 472 1684 καὶ
502 1632 596 1685 τοῦ
626 1632 974 1703 οἰκοδομῆσαι
1013 1619 1396 1705 Ἰερουσαλήμέ
1424 1655 1443 1686 ι
1480 1636 1676 1706 συνέϐη
1709 1635 1764 1690 δὲ

200 1722 361 1775 ταῦτα
381 1724 470 1775 ἐπὶ
506 1709 858 1794 Ἀρταξέρξου
881 1722 1106 1794 Περσῶν
1129 1723 1501 1794 βασιλεύοντος
1530 1728 1760 1799 εἰκοστῷ
1795 1701 1836 1756 Β

193 1829 320 1866 ετει.
350 1814 588 1886 Νεεμίας
619 1814 728 1886 γάρ
760 1817 788 1868 ὁ
819 1815 1004 1868 τούτου
1037 1815 1270 1886 οἰνοχόος
1297 1815 1505 1888 δεηθεὶς
1534 1818 1762 1891 ἀποκρί-

193 1903 330 1969 σεώς
362 1923 419 1958 τε
439 1905 624 1976 ἔτυχεν
647 1905 1065 1978 οἰκοδομηθῆναι
1095 1908 1400 1979 Ἰερουσαλὴ
1409 1926 1466 1979 μ,
1488 1909 1581 1962 καὶ
1606 1909 1763 1978 λόγος

194 1996 410 2068 ἐξῆλθεν
443 1997 676 2058 κελεύων
703 1999 904 2052 ταῦτα·
944 2000 1103 2071 μέχρι
1136 2001 1244 2072 γὰρ
1269 2001 1474 2053 ἐκείνου
1507 2001 1598 2054 τοῦ
1630 2002 1760 2072 χρό-

194 2106 286 2142 νου
314 2091 346 2159 ή
381 2090 533 2154 πόλις
571 2091 848 2164 ἠρήμωτο.
887 2090 1070 2161 Κύρου
1101 2092 1206 2166 γὰρ
1243 2092 1379 2162 μετὰ
1406 2093 1501 2164 τὴν
1532 2093 1764 2165 ἑϐδομη-

193 2180 506 2233 κονταετίαν
527 2180 627 2250 τῆς
647 2181 1020 2253 αἰχμαλωσίας
1043 2183 1148 2236 τῶν
1174 2182 1509 2254 βουλομένων
1535 2186 1761 2239 ἕκαστον

191 2269 501 2326 ἐκουσιαστί
533 2274 1023 2344 καταπέμψαντος,
1051 2277 1099 2328 οί
1137 2277 1274 2345 μετὰ
1316 2276 1486 2349 Ἰησοῦ
1536 2278 1621 2330 τοῦ
1663 2297 1761 2350 με-

192 2362 357 2432 γάλου
390 2365 576 2437 ἱερέως
603 2368 695 2421 καί⁹
720 2367 1023 2438 Ζοροϐάϐελ
1061 2368 1432 2432 κατελθόντες.
1475 2372 1566 2424 καὶ
1591 2373 1639 2424 οἰ
1670 2373 1764 2426 ἐπὶ

187 2455 397 2520 τούτοις
417 2457 534 2528 ἅμα
559 2458 751 2530 Ἐζρᾳ,
777 2460 868 2512 τὸν
892 2458 1028 2512 νεὼν
1050 2460 1346 2530 οἰκοδομεῖν
1374 2461 1670 2516 ἐκωλύοντο
1694 2463 1764 2517 τὰ

186 2547 404 2618 πρῶτα,
433 2550 526 2603 καὶ
552 2553 727 2620 τεῖχος
755 2552 820 2621 τῇ
851 2550 1001 2604 πόλει
1031 2551 1364 2623 περιϐαλεῖν,
1396 2553 1470 2616 ώς
1495 2554 1566 2632 ,ού
1601 2571 1761 2607 κεκε-

184 2641 483 2710 λευσμένου
534 2640 746 2694 τούτου.
787 2641 1038 2712 Ἔμεινεν
1087 2639 1180 2695 οὖν
1225 2645 1330 2707 ἕως
1383 2645 1618 2716 Νεεμίου
1670 2648 1762 2700 καὶ

183 2732 468 2803 βασιλείας
510 2733 863 2806 Ἀρταξέρξου
885 2734 1246 2799 εἰκοσαετοῦς,
1275 2735 1501 2808 Περσῶν
1533 2736 1589 2792 δὲ
1633 2738 1761 2809 ἠγε-

181 2822 382 2892 μονίας
430 2822 892 2894 πεντεκαιδεκάτῳ
938 2825 1030 2876 καὶ
1083 2822 1508 2893 ὲκατοστῴ,ἀπὺ
1557 2825 1614 2878 δὲ
1663 2826 1761 2894 τῆς

176 2912 442 2976 ἁλώσεως
481 2912 830 2986 Ἰερουσαλὴμ
880 2911 996 2986 ρπε¹
1041 2913 1168 2985 ἔτη·
1203 2917 1298 2968 καὶ
1337 2916 1456 2969 τότε
1511 2915 1760 2986 βασιλεὺς

1866 455 1930 495 ea
1963 440 2233 510 pertinent
2259 450 2526 509 tempora,
2557 437 2718 494 nobis
2744 438 3123 494 disserendum
3147 449 3252 495 est.
3275 438 3438 506 Quod

1867 533 2087 603 quidem
2118 533 2185 587 de
2213 529 2418 586 Christi
2451 531 2834 586 adventu'brec
2861 531 3119 585 dicuntur
3152 539 3274 601 post
3306 532 3440 588 heb-

1867 625 2129 682 domades
2159 640 2260 678 Lxx
2291 623 2528 688 venturi,
2564 633 2811 694 apertum
2844 636 2968 679 est;
2991 623 3200 679 Etenim
3243 639 3274 678 a
3317 623 3440 680 Sal-

1868 719 2072 773 vatoris
2111 725 2357 788 tempore
2405 719 2810 772 inveterascunt
2845 717 3340 786 praevaricationes,
3375 717 3438 772 ﬁ-

1866 824 1988 864 nem
2030 809 2304 878 accipiunt
2336 824 2431 878 per
2455 809 2881 876 redemptionem
2918 819 3159 876 peccata,
3185 807 3436 862 delentur

1865 899 2270 970 propitiationis
2321 900 2592 955 sacrilicio
2643 899 2959 968 iniquitates
3004 914 3130 952 cum
3181 899 3438 968 prevari-

1866 991 2196 1054 cationibus,
2229 1000 2282 1044 et
2311 1005 2410 1060 pro
2450 990 2586 1060 legis
2610 989 2824 1058 justitia
2859 992 3188 1058 sempiterna
3222 1004 3438 1044 annun-

1866 1082 2032 1136 tiatur
2054 1083 2290 1152 justitia,
2335 1083 2572 1137 visiones
2596 1082 2806 1136 scilicet
2835 1089 2890 1136 et
2923 1083 3220 1151 prOphctiae
3262 1099 3437 1152 usque

1866 1174 1934 1227 ad
1983 1172 2282 1240 Joannem;
2331 1173 2553 1244 ungitur
2606 1171 2840 1226 Sanctus
2897 1181 3233 1228 sanctorum.
3297 1175 3440 1232 Ante

1863 1267 2007 1320 enim
2037 1264 2338 1319 Salvatoris
2372 1265 2804 1319 incarnationem
2835 1264 2946 1318 haec
2977 1264 3216 1320 nondum
3255 1275 3436 1333 erant,

1867 1351 2243 1404 tantummodo
2271 1350 2752 1420 exspectabantur.
2783 1349 3061 1403 Annorum
3097 1353 3442 1421 supputatio-

1865 1459 2009 1509 nem,
2040 1459 2144 1499 Lxx
2181 1444 2388 1499 scilicet
2428 1442 2812 1508 hebdomades,
2842 1458 2936 1498 seu
2975 1457 3110 1496 cuxc
3142 1459 3338 1508 annos,
3362 1445 3442 1500 in-

1865 1537 1999 1607 cipit
2029 1537 2254 1607 angelus
2283 1556 2301 1588 ‹
2334 1537 2404 1591 ab
2435 1537 2582 1592 exitu
2625 1535 2919 1598 sermonis,
2953 1543 3010 1589 ut
3041 1535 3238 1590 iterum
3268 1535 3440 1592 adiﬁ-

1867 1639 2021 1684 cetur
2047 1628 2369 1684 Jerusalem.
2406 1648 2424 1680 ι
2459 1627 2774 1683 Evenerunt
2803 1627 2917 1683 haac
2959 1628 3278 1684 Artaxerxis
3307 1629 3440 1686 Per-

1865 1736 2048 1784 sarum
2089 1720 2230 1792 regis
2274 1735 2418 1775 anno
2456 1720 2738 1774 vicesimo.
2788 1718 3078 1776 Nehemias
3122 1723 3289 1785 enim,
3318 1724 3438 1794 ejus

1863 1815 2146 1884 pincerna,
2174 1822 2430 1884 precatus
2454 1828 2779 1882 responsum
2810 1816 3020 1885 accepit
3055 1823 3111 1869 ut
3139 1817 3440 1874 aediﬁcare-

1863 1915 1952 1961 tur
1997 1905 2322 1972 Jerusalem,
2376 1915 2430 1961 et
2470 1893 2638 1961 exivit
2687 1921 2869 1961 sermo
2906 1906 3019 1961 haec
3077 1909 3438 1977 praecipiens;

1862 2001 2063 2056 etenim
2096 2015 2271 2071 usque
2298 2000 2363 2053 ad
2400 2000 2504 2054 hoc
2538 2001 2799 2070 temporis
2827 2001 2960 2056 urbs
2993 2002 3209 2056 deserta
3237 2002 3435 2059 fuerat.

1863 2092 2005 2164 Cyro
2033 2101 2154 2164 post
2195 2093 2538 2163 septuaginta
2585 2093 2914 2162 captivitatis
2957 2109 3134 2149 annos
3161 2097 3439 2165 quoslibet

1863 2194 2059 2256 sponte
2091 2186 2426 2248 remittente,
2463 2185 2552 2238 alii
2585 2201 2709 2238 cum
2743 2183 2872 2240 Jcsu
2906 2201 3121 2240 summo
3151 2189 3440 2243 sacerdote

1863 2285 1916 2332 et
1941 2276 2239 2332 Zorobabel
2271 2276 2524 2346 profecti,
2555 2277 2644 2329 alii
2673 2275 2870 2332 deinde
2907 2293 3030 2330 eum
3070 2277 3263 2344 Esdra,
3301 2286 3438 2333 tem-

1864 2371 2010 2441 plum
2063 2371 2358 2441 quominus
2406 2367 2760 2432 :ediﬁcarent,
2809 2369 3193 2439 mmnibusque
3248 2370 3438 2424 urbem

1862 2464 2165 2534 cingerent,
2221 2463 2397 2532 primo
2449 2461 2912 2532 impediebantur,
2965 2462 3122 2532 quasi
3179 2461 3285 2517 hoc
3329 2478 3436 2517 non

1863 2556 2149 2624 intperato.
2187 2553 2575 2624 Exspectatum
2631 2564 2715 2608 est
2752 2553 2916 2624 igitur
2946 2569 3118 2623 usque
3147 2554 3215 2606 ad
3263 2552 3440 2609 Nelte-

1862 2646 2048 2708 miam,
2070 2644 2494 2714 Artaxerxisque
2522 2644 2669 2713 regni
2707 2643 3023 2697 vicesimum
3055 2659 3284 2707 annum,
3311 2643 3443 2698 Per-

1861 2751 2044 2791 sarum
2067 2745 2249 2791 autem
2280 2736 2486 2806 imperii
2519 2736 2768 2806 quintum
2807 2735 3078 2788 decimum
3119 2742 3172 2789 et
3202 2736 3438 2791 centesi-

1861 2843 2033 2891 mum,
2062 2843 2272 2882 CLxxxv
2300 2828 2368 2881 ab
2396 2835 2705 2898 oppugnata
2735 2825 3036 2881 Jerusalem
3077 2827 3257 2882 annis.
3285 2826 3439 2882 Tunc

1864 2933 1956 2972 rex
1976 2917 2304 2972 Artaxerxes
2329 2918 2514 2973 urbem
2537 2917 2790 2972 atdilicari
2804 2917 2991 2986 jussit,
3012 2919 3323 2990 missusque
3344 2918 3444 2975 Ne-

193 3003 561 3077 Ἀρταξέρξης
616 3005 895 3058 ἐκέλευσεν
943 3005 1360 3079 οἰκοδομηθῆναι
1422 3007 1520 3076 τὴν
1569 3008 1759 3067 πόλιν.

1867 3009 2071 3064 hemias
2109 3011 2201 3080 qui
2249 3010 2398 3080 operi
2431 3019 2725 3081 praeesset;
2761 3010 2885 3065 ideo
2911 3011 3174 3066 azdilicala
3209 3022 3293 3067 est
3320 3013 3441 3082 pla-

187 3093 432 3167 Νεεμίας
460 3113 519 3150 τε
559 3097 966 3167 καταπεμφθεὶς
1004 3097 1096 3151 τοῦ
1131 3099 1289 3167 ἔργου
1334 3099 1602 3170 προέστη,
1642 3102 1672 3171 ἡ
1704 3100 1761 3152 δὲ
1790 3085 1832 3104 “

186 3188 446 3261 οίκώομὴ
478 3189 705 3242 πλατεία
739 3189 832 3241 καὶ
862 3189 988 3260 περὶ
1023 3191 1218 3259 τεῖχος,
1246 3189 1320 3252 ὡς
1349 3189 1726 3261 προεφητεύθη
1746 3208 1759 3223 ·

189 3281 447 3338 κάκεῖθεν
475 3280 794 3352 ἀριθμοῦσιν
823 3283 952 3352 ἡμῖν
986 3287 1029 3334 o’
1067 3279 1360 3352 ὲϐδομάδες
1385 3281 1464 3344 εἰς
1493 3281 1586 3334 τὸν
1632 3283 1765 3354 Χρι-

190 3373 314 3428 στὸν
345 3373 740 3428 συντελοῦνται.

259 3489 322 3542 Εἰ
352 3487 463 3560 γὰρ
487 3487 703 3544 ἄλλοθέν
734 3487 896 3542 ποθεν
929 3488 1181 3561 ἀριθμεῖν
1209 3489 1515 3562 ἀρξαίμεθα
1551 3492 1645 3544 καὶ
1668 3491 1766 3546 οὐκ

187 3580 461 3639 ἐντεῦθεν.
498 3579 620 3634 οὔτε
671 3579 700 3631 ὸ
740 3581 930 3652 χρόνος
977 3581 1378 3652 συνδραμεῖται,
1414 3583 1508 3635 καὶ
1542 3583 1766 3636 πλεῖστα

187 3668 368 3723 ἄτοπα
409 3669 709 3740 ἀπαντήσει
732 3687 747 3701 ·
791 3669 886 3724 ὲάν
919 3686 977 3723 τε
1023 3671 1130 3743 γάρ
1177 3672 1286 3724 ἀπὸ
1319 3670 1500 3743 Κύρου
1537 3673 1633 3726 καὶ
1667 3673 1768 3743 τῆς

187 3757 419 3829 πρώτης
473 3759 841 3831 καταπομπῆς
893 3761 992 3834 τὴν
1043 3761 1215 3834 ἀρχὴν
1271 3761 1622 3833 ποιησώμεθα
1669 3765 1767 3835 τῆς

185 3847 542 3922 ἁριθμήσεως
588 3851 695 3905 τῶν
730 3859 770 3906 ο¹
817 3851 1123 3924 ἑϐδομάδων
1147 3893 1161 3918 ,
1205 3853 1299 3925 ἔτη
1338 3861 1382 3927 ρ’
1418 3857 1510 3909 καὶ
1544 3857 1766 3928 προσέτι

189 3943 529 4013 περισσεύει,
561 3944 758 3998 πλείων
785 3945 842 3998 δὲ
875 3947 1086 4017 χρόνος,
1122 3950 1170 4001 εί
1204 3950 1296 4018 ἀφ’
1332 3945 1399 4020 ἦς
1431 3949 1646 4020 ἡμέρας
1688 3950 1766 4021 τῷ

190 4034 392 4106 Δανιὴλ
417 4038 445 4089 ὁ
479 4035 702 4105 ἄγγελος
724 4040 1145 4109 προεφήτευσεν,
1173 4038 1350 4110 πολλῴ
1373 4040 1429 4092 δὲ
1463 4039 1683 4105 πλείων,
1717 4043 1766 4094 εἰ

191 4121 288 4175 ἀπ’
328 4125 504 4197 ἀρχῆς
555 4126 653 4197 τῆς
700 4128 1101 4198 αἰχμαλωσίας·
1137 4129 1460 4201 εὑρίσκομεν
1515 4130 1620 4203 γὰρ
1668 4131 1766 4202 τὴν

192 4213 419 4287 Περσῶν
448 4219 720 4288 βασιλείαν
741 4221 913 4273 ἐτεσιν
946 4219 1019 4274 σλ¹
1055 4222 1556 4295 περι-γραφομένην,
1585 4224 1685 4292 τήν
1705 4238 1764 4274 τε

193 4305 518 4362 Μακεδόνων
543 4311 623 4372 εἰς
659 4309 752 4380 ἔτη
784 4307 826 4362 τ’
855 4310 1277 4381 παρατείνασαν,
1308 4311 1559 4365 κάκεῖθεν
1586 4313 1677 4365 ἐπὶ
1704 4311 1764 4365 τὺ

1864 3111 1969 3164 tea,
2005 3103 2314 3171 moeniaque
2342 3104 2548 3155 circum
2596 3100 2791 3156 educta
2825 3112 2974 3166 sunt,
3004 3101 3160 3171 juxta
3202 3103 3436 3173 propine-

1866 3185 1994 3237 tiam
2025 3203 2038 3240 :
2069 3202 2134 3239 ex
2177 3202 2287 3256 quo
2325 3187 2484 3242 nobis
2526 3186 2593 3242 ad
2622 3185 2900 3242 Christum
2942 3204 3045 3244 Lxx
3075 3189 3440 3270 bebdontades

1866 3286 1994 3330 sunt
2027 3276 2397 3332 numeranda.
2499 3341 2504 3346 _

1940 3473 1999 3531 Si
2027 3477 2170 3531 enim
2204 3477 2359 3532 aliter
2407 3495 2697 3535 numerare
2740 3482 3128 3552 inceperimus,
3160 3499 3263 3540 nec
3296 3493 3438 3541 tem-

1868 3585 1970 3640 pus
2023 3569 2306 3640 congruit,
2368 3571 2632 3640 pluraque
2680 3573 3060 3642 intempestive
3115 3585 3436 3632 occurrunt.

1867 3659 2000 3714 Nam
2031 3665 2132 3716 sia
2162 3661 2304 3732 Cyro
2331 3662 2612 3731 primaque
2647 3661 2968 3718 dimissione
3009 3679 3117 3718 Lxx
3148 3665 3440 3720 hebdoma-

1867 3754 1998 3808 dum
2058 3769 2344 3807 numerum
2410 3761 2710 3823 supputare
2749 3753 3159 3823 inciperemus;
3215 3767 3436 3812 centum

1867 3844 1999 3899 anni
2043 3851 2361 3914 supersunt,
2407 3844 2703 3915 pluresque
2752 3846 2798 3901 si
2830 3845 2898 3900 ab
2929 3847 3021 3900 illa
3059 3847 3145 3902 die
3181 3863 3286 3918 qua
3329 3847 3439 3904 Da-

1868 3936 1996 3992 nieli
2024 3937 2253 4007 angelus
2295 3938 2712 4008 prophetizavit,
2765 3947 2820 3994 et
2851 3939 3024 3995 multo
3053 3941 3240 4010 plures
3270 3941 3437 3997 etiam

1869 4031 1913 4086 si
1965 4047 1994 4083 a
2029 4031 2364 4100 captivitatis
2394 4031 2569 4086 initio.
2603 4033 2918 4088 Invenimus
2966 4034 3109 4088 enim
3142 4032 3439 4089 Persarum

1867 4138 2094 4193 regnum
2143 4137 2318 4178 ccxxx
2373 4138 2642 4178 annorum
2697 4125 2874 4194 spatio
2921 4125 3436 4195 circumscriptum,

1868 4203 2227 4268 Macedonum
2254 4231 2381 4270 vero
2414 4232 2529 4279 ccc,
2560 4231 2626 4272 ex
2675 4232 2784 4287 quo
2833 4217 2900 4272 ad
2948 4217 3151 4272 Tiberii
3202 4217 3439 4276 Caesaris

1869 4321 2070 4360 annum
2105 4316 2318 4361 sextum
2355 4308 2624 4362 decimum
2678 4309 2956 4378 sexaginta
2988 4310 3116 4364 anni
3157 4309 3435 4367 emuxerc.

195 4395 447 4471 Τιϐερίου
471 4401 742 4473 Καίσαρος
779 4403 894 4466 έτος
917 4404 1298 4458 ἑκκαιδέκατον
1326 4405 1403 4467 είς
1432 4403 1524 4476 ἔτη
1549 4403 1590 4470 ξ’
1611 4419 1625 4434 ·
1659 4401 1766 4456 ἀπὺ

1872 4397 1978 4452 Sed
2038 4399 2107 4452 ab
2173 4398 2476 4454 Artaxerxe
2529 4415 2629 4453 Lxx
2683 4399 3050 4456 bebdomades
3112 4401 3179 4456 ad
3232 4401 3436 4458 Christi

190 4485 250 4538 δὲ
285 4489 642 4564 Ἀρταξέρξου
664 4500 702 4546 o'
730 4494 1016 4566 ὲϐδομάδες
1040 4498 1119 4558 εἰς
1140 4497 1230 4549 τὸν
1261 4497 1354 4550 ἐπὶ
1380 4494 1613 4566 Χριστοῦ
1643 4512 1766 4548 συν-

194 4579 472 4638 τελοῦνται
501 4585 687 4656 χρόνον
721 4587 863 4640 κατὰ
905 4588 1030 4651 τοὺς
1047 4588 1308 4642 Ἰουδαίων
1327 4587 1610 4659 ἀριθμούς.
1629 4587 1762 4642 Ἀπὸ

191 4669 302 4742 γὰρ
335 4673 594 4745 Νεεμίου,
623 4675 680 4739 ὃς
733 4676 836 4728 ὑπὸ
881 4677 1236 4748 Ἀρταξέρξου
1275 4677 1372 4747 τὴν
1414 4677 1766 4750 Ἰερουσαλὴμ

192 4760 484 4821 ἁνοικίσων
513 4768 762 4839 ἐπέμφθη
783 4809 797 4829 ,
833 4767 942 4822 ἔτει
995 4767 1461 4839 πεντεκαιδεκάτῳ
1497 4769 1591 4822 καὶ
1640 4772 1786 4850 ἑκά-ν

195 4854 404 4926 ποστῷ
435 4857 536 4927 τῆς
562 4858 786 4926 Περσῶν
816 4857 1104 4928 βασιλείας,
1133 4858 1296 4911 αὑτοῦ
1317 4876 1374 4911 τε
1412 4857 1764 4930 Ἀρταξέρξου

194 4936 477 5010 βασιλείας
531 4947 759 5019 εἰκοστῷ
807 4947 916 5000 ἔτει
973 4948 1068 5002 καὶ
1136 4947 1493 5019 Ὀλυμπιάδος
1555 4947 1764 5018 (1240)

191 5031 556 5110 ὀγδοηκοστῆς
597 5039 785 5111 τρίτης
821 5039 928 5092 ἔτει
978 5040 1254 5111 τετάρτῳ,
1308 5042 1400 5093 ἐπὶ
1441 5039 1630 5093 τοῦτον
1675 5039 1766 5093 τὸν

166 5123 419 5190 ¹χρόνον,
452 5129 512 5192 ὃς
559 5125 627 5200 ἦν
683 5131 1036 5202 Ὀλυμπιάδος
1089 5132 1464 5200 διακοσιοστῆς
1507 5132 1767 5200 δευτέρας

190 5210 312 5276 ἔτος
337 5215 608 5291 δεύτερον,
639 5223 889 5294 Τιϐερίου
913 5224 970 5276 δὲ
1008 5223 1288 5294 Καίσαρος
1317 5224 1611 5296 ἡγεμονίας
1645 5223 1767 5289 ἔτος

190 5301 617 5379 ἑκκαιδέκατον,
669 5314 761 5386 ἐτη
809 5315 1098 5383 συνάγεται
1144 5313 1269 5379 υοε⁹,
1308 5316 1450 5388 ἆπερ
1505 5317 1766 5388 Ἑϐραϊκὰ

188 5402 516 5470 τετρακόσια
563 5410 881 5479 ἐνενήκοντα
913 5409 1006 5480 ἔτη
1049 5409 1255 5478 γίνεται
1287 5413 1427 5464 κατὰ
1471 5411 1560 5464 τὸν
1612 5411 1768 5481 σελη-

190 5491 338 5542 ναῖον
374 5495 520 5565 μῆνα
551 5500 676 5562 τοὺς
706 5502 982 5564 ἐνιαυτοὺς
1016 5502 1235 5555 ἐκείνων
1261 5502 1763 5574 ὲξαριθμουμένων,

189 5577 249 5640 ὅς
289 5584 462 5654 ἐστιν,
492 5592 567 5654 ὡς
603 5593 890 5665 πρόχειρον
920 5596 1112 5652 εἰπεῖν.
1139 5595 1356 5666 ἡμερῶν
1401 5595 1570 5648 εἰκόσι
1613 5594 1768 5647 ἐννέα

192 5667 358 5738 ἥμισυ
380 5694 392 5706 ’
412 5681 585 5748 οὕτως
609 5685 700 5738 τοῦ
724 5685 919 5740 κύκλου
947 5687 1281 5753 ύπάοχοντος
1308 5689 1528 5754 ’ἡμερῶν
1561 5688 1661 5754 τξε⁹
1680 5706 1769 5741 τε-

1869 4498 2084 4559 tempus
2141 4490 2297 4559 juxta
2353 4488 2664 4544 Judaeorum
2724 4507 2981 4548 numeros
3045 4508 3436 4549 consumman-

1869 4587 1975 4632 tur.
2012 4579 2223 4632 Etenim
2266 4593 2296 4630 a
2339 4577 2615 4641 Neltemia,
2663 4597 2824 4650 quem
2859 4583 3187 4640 Artaxerxes
3235 4587 3300 4640 ad
3331 4588 3434 4640 'in-

1867 4672 2218 4728 staurandam
2235 4668 2538 4725 Jerusalem
2567 4670 2895 4737 misit,anno
2921 4676 3113 4744 quinto
3146 4677 3359 4732 decimo
3381 4687 3434 4733 et

1867 4766 2168 4821 centesimo
2213 4763 2503 4819 Persarum
2560 4767 2731 4834 regni,
2783 4765 3067 4836 ipsiusque
3116 4768 3434 4825 Artaxerxis

1867 4857 2019 4928 regni
2055 4857 2316 4912 vicesimo
2355 4869 2521 4918 anno,
2553 4855 2878 4926 olympiadis
2926 4873 3057 4912 vero
3092 4863 3444 4930 octogesimm

1869 4951 2040 5004 terti-.e
2089 4964 2234 5002 anno
2265 4959 2481 5018 quarto,
2522 4963 2695 5018 usque
2747 4949 2814 5003 ad
2845 4949 2951 5004 hoc
2980 4959 3213 5020 tempus,
3259 4953 3436 5022 olym-
3475 4949 3480 4956 ’

1868 5045 2044 5116 piadis
2108 5044 2319 5099 scilicet
2377 5044 2768 5099 ducentesima:
2828 5045 3080 5102 secunda:
3133 5061 3335 5100 annum
3371 5063 3433 5111 ιι,

1869 5137 2078 5208 imperii
2124 5152 2252 5192 vero
2288 5135 2493 5191 Tiberii
2527 5135 2760 5192 Caesaris
2816 5152 3019 5192 annum
3050 5146 3262 5192 sextum
3288 5137 3436 5194 deci-

1868 5245 2038 5292 mum,
2087 5229 2214 5282 anni
2279 5227 2448 5299 elapsi
2492 5236 2621 5282 sunt
2672 5243 2904 5292 anxxv,
2955 5229 3038 5284 vel
3097 5244 3234 5283 cnxc
3276 5229 3434 5298 juxta

1868 5319 2126 5376 Hebrams
2159 5321 2439 5376 mensibus
2469 5336 2669 5376 annum
2719 5320 3004 5376 lunaribus
3062 5331 3432 5388 numerantes,

1867 5413 1958 5482 qui
1992 5421 2120 5468 sunt
2143 5412 2354 5468 dierum
2386 5428 2514 5464 xxix
2546 5419 2599 5466 et
2619 5410 2829 5466 dimidii
2853 5429 2868 5478 ;
2895 5427 3016 5466 cum
3048 5413 3215 5484 igitur
3235 5429 3434 5469 ccccxx

1868 5504 2079 5560 dierum
2111 5513 2166 5560 et
2197 5503 2518 5574 quaalrantis
2557 5503 2628 5557 sit
2659 5503 2785 5556 anni
2819 5504 3028 5575 cyclus,
3063 5505 3305 5560 lunarem
3337 5521 3438 5559 an-

1869 5614 1999 5652 num
2019 5595 2270 5651 undecim
2302 5594 2514 5650 excedit
2541 5594 2754 5660 diebus,
2773 5605 2826 5650 ct
2847 5596 3170 5665 quadrante.
3188 5597 3438 5669 Quapro-

1873 5696 1988 5746 nter
2018 5687 2191 5742 Grzeci
2221 5693 2275 5740 et
2306 5685 2477 5740 Judaei
2511 5685 2880 5744 etnbolimzeos
2911 5696 3023 5746 tres
3056 5704 3274 5745 menses
3312 5695 3440 5745 octo
