4008 6208
541 270 681 328 1179
1203 266 1477 327 EUSEBII
1515 265 1994 347 ΒΕερΙίΜὸιὸ
2042 265 2194 323 OPP.
2233 265 2434 323 PARS.
2473 264 2561 322 Ill.
2600 296 2672 309 --
2706 263 3116 322 EXBGETICA.
3600 273 3707 333 uso

538 389 702 445 annis
731 385 1137 458 superaddunt;
1168 400 1407 459 namque
1421 384 1595 442 octies
1625 385 1881 441 undecim
1895 393 1951 441 et
1980 401 2115 456 qua-

2142 393 2190 449 Δ
2215 387 2412 461 τάρτου
2441 385 2540 459 τήν
2567 385 2710 441 κατὰ
2731 385 2958 458 σελήνην
2982 382 3360 457 δωδεκάμηνον
3386 384 3709 457 nam,

536 482 711 538 drans
753 492 866 536 tres
910 478 1147 535 cilicium
1198 493 1438 535 menses.
1502 477 1645 534 Anni
1700 478 1867 550 igitur
1904 494 2118 533 couxv

2217 480 2456 553 ήμέραις
2486 479 2678 534 ἑνδέκα
2708 480 2805 534 καὶ
2823 478 3091 550 τετάρτῳ.
3116 478 3215 531 Διὰ.
3237 476 3396 532 τοῦτο
3417 481 3503 534 καὶ
3518 482 3714 554 Ἕλληνες

537 574 709 630 octies
760 586 850 627 ιιι
893 570 1196 638 continent,
1256 578 1313 626 et
1362 579 1477 626 tres
1510 586 1726 626 menses
1792 570 2115 629 embolimaai

2219 576 2316 630 καὶ
2354 575 2592 630 Ἰουδαῖοι
2621 579 2772 650 τρεῖς
2829 575 3003 647 μῆνας
3045 574 3375 647 ἐμϐολίμους
3417 576 3571 633 ἔτεσιν
3610 579 3720 635 ὀκτὼ

536 667 737 735 cuique
765 671 959 718 octavo
984 678 1131 719 anno
1154 663 1347 729 additi,
1374 664 1546 720 ferme
1575 662 1888 734 quindecim
1912 679 2109 729 annos,

2218 666 2690 738 παρεμϐάλλουσιν
2709 684 2724 699 ο
2745 668 2934 722 δκτάκι
2956 667 3065 738 γάρ
3093 668 3162 722 τὰ
3186 666 3379 721 ἕνδεκα
3407 670 3496 723 καὶ
3520 670 3723 741 τέταρτον

537 755 889 828 paucissimis
933 756 1176 827 exceptis
1217 755 1435 819 diebus,
1486 756 1784 827 complent.
1824 754 1917 811 Sic
1947 755 2117 829 igitur

2219 761 2363 812 ποιεί
2407 759 2691 830 τρίμηνον.
2759 758 2841 814 Τά
2890 759 3069 814 τοίνυν
3117 766 3228 813 υοε¹
3273 759 3367 831 ἔτη
3411 759 3723 833 ὀκταετηρίδες

535 862 747 902 ωιιιν
774 847 937 901 annis
966 862 1074 902 ux
1099 853 1355 903 constant
1394 846 1782 903 hebdomades.

2218 848 2459 919 γίνονται
2503 849 2601 915 νθ’,
2651 851 2745 904 xal
2792 851 2959 923 μῆνες
2991 848 3062 920 γ’,
3108 850 3184 915 ώς
3228 851 3481 922 τριμήνου
3521 851 3571 904 δὲ
3602 852 3726 922 ἐμϐο-

536 943 694 1015 λίμου
720 945 787 1015 τῇ
813 943 1092 1015 δκταετίᾳ,
1118 942 1358 1012 γίνονται
1391 942 1486 1014 ἐτη
1509 941 1902 997 πεντεκαίδεκα
1927 941 2124 1013 ὀλίγων
2155 943 2378 1017 ἡμερῶν
2408 944 2705 999 ἀποδέοντα
2732 945 2971 1015 γίνεταιο
3001 944 3251 999 ταῦταδὲ
3279 946 3412 1017 πρὸς
3465 950 3563 1012 τοῖς
3614 947 3728 1019 (υ)οε⁴

536 1040 714 1096 ἔτεσιν
736 1041 792 1094 αἱ
819 1044 861 1094 d
887 1039 1182 1112 ἑϐδομάδες
1206 1037 1603 1094 συντελοῦνται.

608 1157 736 1214 limo
769 1155 989 1235 quidem
1021 1158 1077 1211 in
1106 1156 1253 1213 hunc
1284 1155 1465 1212 locum
1496 1155 1791 1211 Africanus
1827 1154 2110 1211 disseruit.

2284 1150 2471 1208 Ταῦτα
2514 1152 2611 1224 μὲν
2643 1153 2672 1206 6
2702 1150 3070 1225 προδηλωθεὶς
3114 1149 3259 1224 ἀνὴρ
3309 1152 3390 1216 είς
3428 1153 3536 1218 τοὺς
3568 1154 3729 1222 τόπους

536 1246 834 1306 Videamus
863 1256 918 1305 et
949 1264 1072 1315 nos,
1117 1257 1241 1320 post
1282 1249 1423 1305 hanc
1466 1248 1995 1317 interpretationem,
2041 1263 2113 1303 an

2217 1246 2604 1317 ἐπιϐέϐληκεν
2637 1246 2768 1318 φέρε
2795 1246 2860 1317 δὴ
2895 1245 2990 1300 καὶ
3019 1247 3183 1316 ἡμεῖς
3212 1245 3352 1317 μετὰ
3381 1245 3472 1317 τήν
3506 1247 3729 1303 ἀποδοθεί-

538 1342 698 1398 aliter
730 1342 1030 1413 intelligere
1075 1341 1372 1413 possimus,
1423 1356 1492 1397 ne
1548 1339 1848 1407 videamur,
1891 1341 2116 1398 omissis

2220 1357 2320 1394 σαν
2347 1339 2640 1413 ἑρμηνείαν
2673 1339 2893 1411 ῐδωμεν,
2913 1339 2962 1392 εί
2992 1332 3105 1393 οἷόν
3136 1355 3197 1392 τε
3226 1339 3323 1392 καὶ
3354 1339 3537 1411 ἑτέρως
3555 1341 3727 1404 τοίςτό-

538 1449 570 1489 a
604 1432 749 1505 Cyro
776 1434 842 1488 ad
868 1433 1221 1489 Artaxerxem
1253 1433 1613 1505 temporibus.
1644 1433 1789 1488 haud
1819 1433 2110 1503 ingenuam

2219 1450 2342 1498 ποις
2386 1431 2682 1497 ἐπιϐαλεῖν,
2714 1433 2790 1497 ώς
2832 1431 2897 1488 ἂν
2934 1432 3009 1505 μὴ
3038 1433 3297 1504 δοκοῖμεν
3326 1434 3449 1496 τοὺς
3470 1433 3558 1486 ἀπὸ
3578 1434 3723 1505 Κύρου

538 1527 1044 1597 interpretationem
1066 1526 1329 1597 praebere,
1355 1541 1457 1581 nec
1488 1527 1751 1581 rationem
1778 1525 1971 1583 afferre
1994 1527 2112 1583 dis-

2216 1524 2312 1579 xal
2343 1525 2435 1578 ἐπὶ
2467 1522 2829 1597 Ἀρταξέρξην
2859 1523 3295 1588 ύποκλέπτοντες
3323 1524 3527 1595 χρόνους
3546 1524 3722 1596 βιαιοτὲ·

538 1619 788 1676 criminis
841 1619 988 1690 quod
1034 1626 1118 1674 est
1169 1617 1312 1673 inter
1372 1624 1580 1687 septem
1632 1614 2003 1672 hebdomades
2062 1626 2116 1672 et

2216 1635 2314 1691 ραν
2346 1617 2615 1672 ποιεῖσθαι
2642 1616 2740 1689 τήν
2774 1615 3050 1680 ἀπόδοσιν,
3079 1616 3177 1670 καὶ
3209 1614 3390 1680 ἄλλως
3412 1618 3480 1688 μὴ
3498 1616 3637 1687 δὶτήν
3658 1619 3725 1670 αι-

539 1713 821 1782 sexaginta
840 1711 1000 1775 duas,
1030 1711 1175 1767 sicut
1196 1709 1380 1764 divina
1402 1708 1641 1765 ostendit
1668 1708 1976 1780 Scriptura,
2005 1724 2114 1764 non

2212 1710 2332 1765 τίαν
2360 1711 2690 1781 παριστάναι
2722 1707 2897 1762 δοκεῖν
2928 1710 3027 1778 τῆς
3055 1707 3166 1762 τῶν
3197 1707 3342 1761 ἑπτά
3372 1707 3640 1779 ἑϐδομάδων
3654 1709 3731 1763 καὶ

539 1804 659 1861 sine
683 1804 973 1859 verissimo
1002 1818 1066 1857 ac
1098 1800 1535 1872 profundissimo
1580 1802 1838 1865 consilio,
1875 1801 1964 1858 his
1994 1814 2119 1857 ver-

2213 1802 2323 1856 τῶν
2371 1801 2448 1874 ξβ¹
2474 1801 2814 1875 διαιρέσεως,
2845 1800 2912 1872 ἦν
2961 1801 2992 1853 6
3038 1800 3184 1864 θεῖος
3216 1801 3393 1870 Λόγος
3436 1801 3623 1864 πάντως
3652 1816 3727 1854 ma

538 1894 623 1950 bis
655 1912 670 1948 :
703 1913 720 1944 ι
746 1891 898 1948 Scito
927 1907 1058 1964 ergo
1098 1899 1154 1948 et
1181 1892 1553 1948 animadverte
1579 1912 1593 1949 :
1629 1894 1698 1949 ab
1728 1893 1878 1950 exitu
1909 1908 2113 1948 sermo-

2147 1884 2185 1940 Β
2215 1893 2353 1965 μετά
2380 1910 2523 1957 τινος
2551 1891 2772 1962 εὐλόγου
2803 1890 3043 1960 διανοίας
3071 1892 3168 1946 καὶ
3194 1891 3499 1963 βαθυτάτης
3521 1891 3730 1954 συνέσεως

538 1989 647 2053 nis,
677 1997 735 2042 ut
763 1985 959 2042 iterum
987 1985 1287 2040 aediﬁcetur
1307 1984 1635 2050 Jerusalem,
1660 2002 1838 2057 usque
1862 1985 1932 2041 ad
1953 1986 2115 2042 Chri-

2214 1984 2508 2057 πεποίηται
2530 1987 2707 2056 φήσας
2732 2002 2746 2016 ·
2781 2004 2800 2036 ι
2828 1984 2939 2039 Kal
2969 1983 3158 2059 γνώσῃ
3190 1986 3288 2039 καὶ
3314 1986 3549 2056 συνήσεις
3567 1984 3652 2038 ἀπὸ
3667 1983 3732 2051 εξ.

538 2089 684 2135 stum
716 2077 932 2144 ducem,
973 2076 1345 2132 hebdomadas
1380 2084 1609 2146 septem,
1650 2088 1705 2132 et
1744 2076 2116 2134 hebdomades

2211 2076 2330 2134 ὁδου
2359 2079 2519 2149 λόγου
2534 2079 2629 2133 τοῦ
2663 2077 3026 2152 ἀποκριθῆναι
3059 2079 3155 2132 καὶ
3181 2078 3283 2131 τοῦ
3309 2078 3629 2149 οίκοδομῆσαι
3657 2078 3733 2130 Ἰε-

536 2171 821 2242 sexaginta
849 2170 971 2226 duae
1000 2177 1162 2226 erunt
1190 2189 1202 2224 :
1232 2177 1287 2225 et
1314 2184 1506 2225 rursus
1527 2168 1890 2226 tediiicahitur
1914 2172 2113 2241 platea,

2216 2171 2497 2244 ρουσαλὴμ
2537 2172 2641 2236 ἕως
2679 2168 2914 2243 Χριστοῦ
2946 2171 3256 2241 ἡγουμένου
3291 2170 3566 2240 ἑϐδομάδες
3589 2168 3643 2235 ζ’,
3665 2169 3735 2221 καὶ

536 2274 591 2321 et
620 2264 786 2319 muri.
813 2283 833 2316 ι
869 2262 1134 2319 Attendas
1168 2261 1315 2319 enim
1357 2277 1427 2317 an
1474 2261 1525 2317 vi
1560 2261 1723 2317 ducta
1754 2263 1908 2317 ﬂeret
1944 2262 2117 2317 inter-

2213 2264 2504 2337 ἑϐδομάδες
2556 2262 2631 2335 ξβ⁹
2662 2265 2756 2318 καὶ
2803 2261 3121 2334 ἐπιστρέψει
3173 2263 3273 2317 καὶ
3313 2261 3734 2334 οἰκοδομηθήσεται

536 2358 795 2432 pretatio,
830 2364 1079 2428 tempora
1127 2354 1543 2411 numerantihus
1589 2354 1659 2410 ab
1698 2355 1820 2427 ipso
1849 2353 2015 2427 Cyro,
2047 2353 2117 2409 de

2212 2356 2443 2412 πλατεία
2474 2358 2567 2410 καὶ
2590 2360 2786 2428 τεῖχος.
2819 2376 2837 2409 ι
2873 2358 3013 2429 Ὅρα
3040 2353 3105 2429 δὴ
3137 2357 3185 2409 εί
3214 2356 3294 2428 μὴ
3324 2355 3567 2419 ἀϐίαστος
3585 2354 3736 2423 γένοιτ’

535 2467 648 2525 quo
671 2449 859 2505 Daniel
882 2450 1248 2521 pr0phetizat.
1272 2447 1375 2503 Hic
1416 2463 1612 2519 nempe
1643 2448 1853 2519 primus
1887 2463 2117 2519 respon-

2212 2450 2279 2505 ἂν
2312 2452 2343 2523 ή
2352 2452 2442 2522 μίν
2473 2450 2506 2522 ἡ
2529 2449 2777 2521 διήγησις
2799 2446 2858 2514 ἐξ
2886 2448 3049 2527 αὑτοῦ
3070 2446 3284 2520 Κύρου,
3311 2446 3433 2502 καθ’
3459 2446 3513 2501 δν
3536 2449 3562 2500 6
3584 2444 3737 2515 Δανιὴλ

538 2558 659 2599 sum
689 2541 757 2597 de
786 2540 1088 2597 Jerusalem
1118 2539 1521 2596 instauratione
1553 2538 1742 2602 edixit,
1771 2548 1909 2595 teste
1941 2539 2114 2595 Esdra

2211 2543 2566 2617 προφητεύει,
2596 2545 2723 2607 τοὺς
2774 2542 2997 2615 χρόνους
3049 2542 3561 2615 άπαριθμουμένοις.
3606 2534 3734 2602 Οὗτος

537 2633 626 2690 his
660 2634 872 2690 verbis:
905 2653 924 2685 ι
959 2634 1017 2687 ln
1069 2647 1215 2686 anno
1243 2632 1420 2703 primo
1453 2631 1580 2704 Cyri
1617 2633 1761 2703 regis
1795 2631 2111 2697 Persarum,

2209 2637 2319 2708 γάρ
2344 2632 2437 2691 οῦν
2465 2636 2680 2709 πρῶτος
2715 2634 2812 2708 τὴν
2844 2636 2973 2708 περὶ
3006 2634 3099 2689 τοῦ
3141 2636 3426 2705 ἀνεγεῖραι
3468 2634 3557 2706 τὴν
3584 2634 3736 2706 Ἰερου-

535 2736 598 2783 ut
652 2726 1018 2796 compleretur
1066 2724 1293 2779 verbum
1342 2722 1556 2778 Domini
1607 2739 1672 2778 ex
1714 2738 1810 2778 ore
1840 2722 2109 2790 Jeremia,

2212 2727 2390 2800 σαλὴμ
2431 2729 2721 2801 ἀπόκρισιν
2762 2728 3040 2799 ἐξενήνοχε
3085 2727 3229 2781 κατὰ
3272 2728 3371 2800 τὴν
3417 2728 3472 2783 ὲν
3509 2727 3578 2798 τῷ
3601 2726 3736 2797 Ἔζρᾳ

535 2818 822 2875 suscitavit
880 2815 1145 2870 Dominus
1198 2815 1453 2885 spiritum
1512 2814 1663 2887 Cyri,
1722 2814 1868 2883 regis
1914 2813 2114 2872 Persa-

2209 2820 2446 2893 γραφήν,
2473 2818 2662 2877 τοῦτον
2712 2817 2939 2890 ἔχουσαν
2992 2817 3082 2871 τὸν
3133 2819 3370 2889 τρόπον·
3408 2835 3429 2870 ι
3462 2817 3563 2872 Καὶ
3599 2818 3646 2869 ἐν
3679 2815 3736 2885 τῷ

534 2923 658 2964 rum
689 2915 783 2962 :et
812 2903 1054 2961 traduxit
1084 2922 1273 2959 vocem
1304 2905 1359 2958 in
1398 2905 1547 2959 omni
1583 2919 1751 2975 regno
1784 2921 1908 2971 suo,
1943 2906 2108 2961 etiam

2211 2913 2410 2988 πρώτῳ
2446 2913 2554 2967 ἔτει
2598 2913 2781 2986 Κύρου
2826 2911 3091 2984 βασιλέως
3134 2911 3387 2984 Περσῶν,
3421 2911 3509 2966 τοῦ
3535 2906 3733 2978 τελεσθῇ-

534 3011 634 3069 per
654 2996 992 3067 Scripturam
1025 2996 1215 3051 dicens
1258 3014 1271 3050 :
1306 2993 1431 3049 llaec
1483 2994 1616 3049 dicit
1635 2995 1813 3068 Cyrus
1849 3013 1944 3053 rex
1983 2997 2112 3053 Per-

2209 3023 2295 3060 ναι
2323 3004 2479 3075 λόγον
2517 3006 2723 3077 Κυρίου
2762 3003 2869 3058 ἀπὸ
2917 3003 3183 3074 στόματος
3228 3002 3512 3076 Ἱερεμίου,
3536 3001 3731 3071 ἐξήγειρε

535 3105 772 3148 sarum:
811 3086 1004 3145 Omnia
1051 3103 1219 3158 regna
1254 3095 1415 3142 terrm.
1465 3086 1615 3143 dedit
1662 3089 1795 3143 mihi
1846 3089 2110 3148 Dominus

2208 3096 2413 3170 Κύριος
2447 3097 2506 3152 τὸ
2533 3096 2748 3167 πνεῦμα
2774 3096 2958 3169 Κύρου
2991 3095 3255 3167 βασιλέως
3282 3093 3608 3169 Περσῶν,καὶ
3633 3108 3731 3162 παρ

533 3182 683 3241 Deus
713 3184 860 3246 cteli.
898 3192 951 3237 et
981 3182 1099 3253 ipse
1138 3184 1399 3254 praecepit
1435 3183 1565 3237 mihi
1598 3190 1659 3237 ut
1699 3183 2028 3240 :ediﬁcarem
2056 3185 2109 3241 ei

2149 3253 2177 3262 _
2209 3189 2429 3262 ήγγειλε
2460 3189 2642 3260 φωνὴν
2665 3190 2723 3243 ὲν
2757 3188 2906 3262 πάσῃ
2941 3187 3188 3261 βασιλείᾳ
3214 3187 3407 3251 αὑτοῦ,
3438 3186 3526 3241 καί
3577 3201 3631 3255 γε
3665 3185 3732 3249 ἐτ’

532 3278 756 3334 domum
797 3277 852 3331 iu
882 3275 1208 3341 Jerusalem,
1243 3292 1364 3347 quae
1399 3285 1484 3333 est
1514 3276 1568 3331 in
1604 3276 1813 3334 Judaea.
1839 3278 1975 3346 Quis
2023 3289 2111 3336 est

2150 3253 2178 3310 [Ξ
2214 3253 2490 3356 ἐράπτως,
2518 3253 2709 3352 λέγωνο
2733 3253 2921 3346 Οῦτώς
2939 3253 3090 3337 εἶπεν
3116 3253 3303 3355 Κύρος
3326 3285 3355 3336 ὁ
3386 3253 3616 3352 βασιλεὺς
3628 3277 3733 3347 Περ.

532 3369 591 3425 ἰη
619 3369 779 3426 vobis
815 3368 883 3425 de
926 3370 1185 3426 universo
1223 3370 1424 3441 populo
1464 3370 1618 3440 ejus?
1657 3370 1740 3426 Sit
1791 3370 1934 3428 Deus
1960 3372 2109 3427 illius

2213 3375 2349 3430 σῶν’
2384 3375 2573 3439 Πάσας
2615 3376 2716 3439 τὰς
2767 3373 3043 3446 βασιλείας
3078 3375 3179 3447 τ’ῆς
3220 3375 3332 3446 γῆς
3373 3369 3631 3445 παρέδωκέ
3664 3384 3731 3438 μοι

532 3476 661 3516 cum
691 3463 828 3532 ipso.
858 3462 1129 3517 Ascendat
1170 3463 1224 3518 in
1255 3463 1559 3520 Jerusalem
1596 3464 1669 3541 ἰζ
1690 3482 1706 3533 ;
1741 3485 1760 3518 ι
1789 3474 1844 3520 et
1874 3465 2105 3538 reliqua.

2208 3468 2411 3541 Κύριος
2440 3472 2470 3523 6
2511 3468 2643 3533 Θεὸς
2685 3468 2779 3523 τοῦ
2823 3468 3075 3540 ούρανοῦ,
3106 3467 3200 3523 καὶ
3248 3467 3413 3532 αὐτὸς
3451 3462 3731 3533 ἐπεσκέψατο

533 3550 746 3622 Quibus
783 3554 973 3610 addit:
1010 3574 1030 3607 ι
1058 3554 1172 3611 Rex
1218 3572 1436 3627 quoque
1484 3555 1663 3630 Cyrus
1709 3558 1937 3628 protulit
1978 3573 2109 3613 vasa

2208 3562 2295 3615 ἐπ’
2328 3561 2429 3633 ἐμὲ
2472 3561 2565 3615 τοῦ
2591 3561 2938 3633 οἰκοδομῆσαι
2972 3561 3119 3633 αὐτῷ
3146 3556 3298 3616 οἷκον
3337 3562 3395 3615 ἐν
3436 3554 3730 3631 Ἰερουσαλὴμ

531 3648 720 3719 templi
749 3647 986 3713 Domini,
1019 3664 1139 3721 quae
1160 3650 1359 3705 tulerat
1387 3648 1894 3705 Nabuchodonosor
1922 3650 1988 3706 de
2012 3648 2107 3707 Je-

2206 3656 2273 3726 τῇ
2312 3654 2371 3707 ὲν
2411 3652 2660 3725 Ἰουδαίᾳ.
2697 3651 2793 3717 Τίς
2814 3654 2874 3707 ὲν
2894 3654 3023 3725 ὑμῖν
3057 3652 3166 3707 άπὸ
3190 3652 3396 3717 παντὸς
3419 3649 3507 3705 τοῦ
3530 3646 3640 3704 λαοῦ
3657 3644 3729 3699 αὖ·

530 3741 799 3806 rusalem,
837 3748 892 3798 et
922 3749 1185 3814 posuerat
1216 3758 1279 3798 ea
1311 3742 1365 3798 in
1398 3744 1604 3814 templo
1645 3744 1731 3800 dei
1761 3744 1869 3800 sui.
1908 3742 2108 3799 Protu—

2206 3746 2329 3813 τοῦ;
2358 3747 2469 3801 Καὶ
2498 3746 2647 3823 ἔσται
2680 3748 2708 3799 ὁ
2741 3744 2873 3812 Θεὸς
2899 3744 3061 3799 αὐτοῦ
3087 3746 3205 3818 μετ’
3235 3743 3425 3810 αὑτοῦ,
3457 3742 3543 3796 καὶ
3568 3735 3727 3805 ἀναϐή-

531 3831 596 3887 lit
644 3842 825 3888 autem
873 3847 937 3889 ea
984 3831 1183 3905 Cyrus,
1238 3849 1332 3888 rex
1376 3831 1694 3899 Persarum,
1738 3850 1834 3904 per
1882 3849 2105 3888 manum

2208 3856 2357 3894 σεται
2376 3840 2455 3903 εἰς
2489 3838 2840 3911 Ἰερουσαλήμ
2857 3857 2870 3869 ·
2895 3860 2916 3890 ι
2938 3838 3032 3892 καὶ
3058 3838 3126 3891 τὰ
3144 3836 3295 3909 ἑξῆς.
3320 3832 3414 3901 Οἷς
3434 3832 3723 3903 ὲπιφέρεταυ

531 3922 863 3982 Mithridatis
896 3965 912 3989 ,
999 3932 1052 3980 et
1142 3927 1521 3981 annumeravit
1594 3942 1658 3982 ea
1743 3923 2105 3981 Samanassar

2212 3951 2230 3984 ι
2258 3933 2366 3986 Καὶ
2407 3935 2437 3987 ό
2491 3931 2743 4003 βασιλεὺς
2772 3930 2953 4003 Κύρος
2992 3928 3255 4002 ἐξήνεγκε
3306 3928 3377 3983 τὰ
3423 3924 3576 3996 σκεύη
3611 3920 3724 3975 οἴκου

531 4018 764 4090 principi
804 4017 943 4074 Jnda
967 4019 1032 4075 ".
1066 4037 1083 4070 ι
1130 4018 1336 4075 Deinde
1384 4027 1574 4073 narrat
1634 4017 1916 4090 Scriptura
1968 4034 2105 4089 quo-

2205 4026 2431 4097 Κυρίου,
2456 4023 2492 4079 ὃ.
2542 4023 2730 4077 ἔλαϐεν
2771 4022 3239 4095 Ναϐουχοδονόσορ
3265 4021 3375 4075 ἀπὸ
3413 4010 3723 4091 Ἰερουσαλὴμ,

529 4109 695 4163 modo
749 4111 906 4180 primi
959 4108 1252 4165 redeuntes
1304 4111 1487 4180 templi
1549 4109 1905 4165 fundamenta
1953 4110 2105 4182 jece-

2205 4122 2298 4176 καὶ
2322 4120 2520 4175 ἔδωκεν
2549 4119 2689 4174 αὐτὰ
2715 4121 2772 4173 ὲν
2804 4117 2938 4190 οἴκῳ
2977 4117 3100 4172 θεοῦ
3131 4116 3323 4171 αὐτοῦ.
3353 4114 3461 4169 Καὶ
3488 4111 3725 4181 ἐξήνεγκεν

528 4200 661 4268 rint,
695 4202 971 4272 quomodo
1004 4201 1058 4255 in
1092 4200 1373 4256 laboribus
1409 4199 1653 4270 impediti
1684 4201 1798 4257 sint
1836 4201 1941 4256 hoc
1972 4208 2106 4255 tem-

2203 4211 2343 4268 αὐτὰ
2370 4212 2574 4284 Κύρος,
2595 4213 2623 4265 ὁ
2657 4211 2911 4283 βασιλεὺς
2937 4209 3185 4281 Περσῶν,
3217 4210 3315 4263 ἐπὶ
3341 4210 3491 4281 χεῖρα
3518 4199 3724 4275 Μιθριδά-

527 4294 681 4365 poris
709 4294 1017 4356 intervallo,
1051 4309 1229 4363 usque
1255 4292 1324 4348 ad
1353 4292 1640 4362 septimam
1662 4308 1935 4348 annorum
1967 4293 2101 4350 heb-

2201 4324 2295 4362 του
2325 4309 2418 4362 καὶ
2444 4306 2749 4381 ἠρίθμησεν
2773 4306 2911 4361 αὑτά
2939 4304 3016 4377 τῷ
3045 4302 3429 4377 Σαμανασσάρ,
3442 4302 3633 4373 ἄρχοντι
3651 4290 3722 4346 τοῦ

526 4382 835 4441 domadem.
868 4384 1241 4455 Quadraginta
1278 4384 1443 4455 igitur
1464 4392 1518 4439 et
1550 4401 1645 4441 sex
1677 4401 1944 4440 annorum
1977 4401 2101 4457 spa-

2215 4398 2403 4454 Ἱούδα.
2429 4418 2447 4450 ι
2467 4399 2589 4452 Ἑπί
2615 4398 2823 4461 τούτοις
2849 4399 3052 4470 ἱστορεῖ
3075 4398 3110 4469 ή
3140 4395 3334 4468 Γραφὴ
3366 4394 3440 4458 ὡς
3466 4386 3722 4447 ἀνελθόντες

525 4475 663 4529 tium
698 4489 729 4527 a
758 4472 903 4545 Cyro
932 4473 999 4527 ad
1030 4480 1242 4529 sextum
1270 4472 1414 4528 Darii
1439 4489 1644 4529 annum
1667 4476 1901 4531 elabitur
1927 4476 2101 4532 donec

2201 4494 2251 4546 οἱ
2296 4494 2503 4566 πρῶτοι
2552 4491 2978 4546 καταϐάλλονται
3020 4491 3144 4555 τοὺς
3168 4490 3262 4545 τοῦ
3297 4488 3439 4561 ἱεροῦ
3470 4480 3719 4557 θεμελίους.

525 4565 714 4637 templi
742 4567 1081 4637 compleatur
1114 4565 1425 4622 aediﬁcatio.
1469 4566 1596 4623 ldeo
1631 4568 1700 4623 ab
1735 4568 1859 4624 aliis
1888 4568 2099 4640 primas

2136 4601 2177 4656 ι)
2201 4587 2296 4642 καὶ
2331 4565 2407 4650 ὡς
2439 4583 2713 4658 εἴργονταί
2744 4600 2807 4653 γε
2837 4585 2896 4639 ὲν
2924 4581 3002 4654 τῷ
3038 4581 3240 4654 μεταξὺ
3270 4582 3446 4656 χρόνῳ
3473 4577 3564 4648 τῆς
3591 4587 3719 4627 cm-

524 4665 735 4729 septem
778 4657 1145 4714 hebdomades
1190 4657 1478 4731 Scriptura
1529 4659 1791 4730 sejunxit,
1837 4661 2098 4716 interval-

2203 4681 2320 4753 δῆς,
2347 4680 2453 4744 ἕως
2493 4678 2584 4731 επὶ
2614 4675 2847 4747 ἑϐδόμην
2881 4675 3017 4729 ὲτῶν
3046 4674 3338 4746 ἑϐδομάδα.
3356 4666 3716 4741 Tascan

523 4752 640 4807 lum
708 4751 1027 4822 signiﬁcans
1091 4750 1234 4806 inter
1291 4752 1528 4821 primum
1589 4752 1841 4823 conjecta
1911 4752 2097 4824 templi

2203 4750 2266 4847 (ιζ
2295 4773 2366 4828 ιο
2396 4773 2469 4847 νο)
2495 4773 2624 4843 γοῦν
2647 4773 2741 4827 καὶ
2769 4770 2829 4836 εξ
2854 4769 2947 4842 ιτη
2981 4769 3088 4825 ἀπὸ
3123 4769 3305 4841 Κύρου
3340 4767 3433 4823 καὶ
3465 4758 3620 4818 ama
3641 4758 3716 4847 m7

523 4844 919 4909 fundamenta,
1000 4843 1406 4916 perfectamque
1485 4845 1654 4902 totius
1714 4844 1932 4900 aediﬁcii
1996 4861 2096 4902 ex-

2204 4843 2347 4941 ρείου
2379 4843 2536 4920 ἕκτον
2558 4864 2676 4928 ἔτος
2699 4864 3118 4936 περιγράφεται,
3154 4863 3212 4915 ὲν
3244 4854 3288 4930 ᾦ
3320 4860 3485 4932 πέρας
3524 4852 3642 4941 ίσχει
3662 4843 3713 4899 τὰ

519 4942 899 4994 structionem.
966 4937 1142 5009 Cyrus
1198 4938 1344 4994 enim
1375 4977 1390 5002 ,
1452 4953 1627 4995 annos
1676 4954 1846 4994 unum
1887 4945 1944 4995 et
2001 4937 2100 4992 tri-

2199 4937 2299 5031 ἕτῆς
2328 4957 2421 5013 τοῦ
2454 4956 2583 5012 ναοῦ
2609 4955 2897 5028 οἰκοδομῆς
2916 4973 2930 4987 σ
2960 4954 3081 5010 ὅθεν
3109 4954 3332 5017 εἰκότως
3358 4950 3462 5006 ἀπὸ
3502 4945 3597 4999 τῶν
3629 4939 3711 5031 λᾲιο

520 5030 673 5100 ginta
728 5043 855 5084 cum
918 5028 1292 5100 regnavisset.
1339 5028 1593 5100 Cauihysi
1639 5029 1748 5087 ﬁlio
1805 5030 2095 5101 imperium

2205 5028 2321 5107 πών
2343 5051 2642 5124 ἑϐδομάδας
2668 5049 2711 5116 ζ’
2733 5049 2832 5113 τὰς
2856 5048 3120 5120 πρώταςὸ
3148 5047 3303 5115 λόγος
3321 5030 3707 5124 demptus-:63?!

519 5122 783 5189 tradidit;
850 5123 960 5186 cui,
1025 5130 1149 5193 post
1221 5138 1415 5179 novem
1483 5138 1754 5179 annorum
1821 5139 2048 5196 regnum
2076 5165 2094 5189 ,

2205 5144 2407 5219 μεταξὺ
2438 5144 2627 5216 χρόνον
2660 5143 2761 5214 τῆς
2792 5142 3017 5215 πρώτης
3045 5142 3347 5211 καταϐολῆς
3380 5137 3482 5192 τών
3511 5131 3591 5186 τοῦ
3613 5122 3705 5183 ναοῦ

517 5212 719 5271 Darius
790 5216 1092 5280 successit,
1173 5215 1521 5285 iterumque,
1601 5216 1746 5271 sicut
1816 5217 2094 5288 quondam

2203 5212 2588 5308 θεμελίωνήκαὶ
2612 5212 2815 5305 τῆςείς
2834 5212 3002 5306 δικρον
3029 5232 3194 5287 αὑτοῦ
3220 5226 3620 5301 ἀναπληρώσεως
3635 5220 3705 5308 ἐμέ

515 5306 711 5379 Cyrus.
733 5305 1035 5364 Jerusalem
1064 5307 1437 5363 aediﬁcandam
1469 5307 1650 5363 edicto
1672 5308 1861 5378 jussit.
1915 5311 2095 5382 Atque

2201 5305 2366 5401 ‘Pﬁ‘va‘
2401 5327 2718 5400 βουλόμενος
2726 5369 2738 5382 -
2762 5327 2944 5401 Κύρος
2975 5326 3071 5398 μὲν
3098 5325 3205 5399 γὰρ
3239 5325 3330 5395 ἔτη
3354 5320 3615 5395 τριάκοντα
3637 5306 3704 5361 καὶ

517 5406 672 5457 sexto
700 5399 821 5469 ejus
846 5398 1057 5470 imperii
1089 5411 1254 5461 anno,
1278 5397 1371 5468 qui
1418 5398 1869 5470 quadragesimus
1905 5408 2095 5457 sextus

2200 5397 2274 5475 ἐν
2301 5397 2646 5492 βασιλεύσας,
2676 5397 2950 5493 Καμϐύσῃ
2978 5397 3077 5492 τῷ
3127 5397 3275 5474 παιδὶ
3309 5412 3608 5488 παραδίδωσι
3627 5402 3698 5493 τὴν

520 5505 550 5545 a
593 5488 738 5561 Cyro
756 5504 896 5556 erat,
917 5489 1204 5547 aediﬁcatio
1237 5488 1538 5562 perﬁcitur.
1568 5490 1726 5548 Unde
1759 5491 1815 5547 in
1847 5490 2093 5549 Salvato-

2200 5480 2399 5586 ἀρχήν·
2430 5506 2491 5568 οῦ
2526 5480 2802 5569 ὲπίῖεννέα
2825 5480 3204 5584 διαγενομένου
3231 5480 3608 5577 ἕτεσιξΔαρεῖος
3626 5489 3698 5565 ’δεῖν

588 5668 657 5700 ιι·
692 5664 713 5720 ι
745 5666 905 5723 Esdr.
933 5685 972 5738 ι,
1012 5671 1125 5726 1-5.
1201 5673 1245 5705 η
1284 5670 1416 5728 ibid.
1449 5672 1502 5738 7.
1530 5671 1593 5728 ϐ.
