3950 6218
233 229 360 288 1181
1209 231 1516 291 Εοιοοκε·
1539 229 1785 288 PROPR]

1888 229 2023 287 ΒΔΕ.
2042 227 2158 272 ἰ-’
2172 227 2302 286 LlB.
2341 225 2433 283 111.
3346 220 3480 274 1182

232 347 508 420 βασιλείαν
561 351 914 423 παραλαϐὼν,
965 347 1116 414 αὖθις
1178 351 1317 421 μετὰ
1371 352 1555 423 Κύρον
1596 349 1785 404 διὰτοὶ

1910 363 2024 404 rem
2078 356 2326 402 nostrum
2376 342 2575 400 invecti
2628 341 2919 397 dicebant:
2953 358 2974 392 ι
3019 336 3388 408 Quadraginta
3425 343 3480 390 et

230 442 661 513 προγράμματος
693 444 791 516 τὴν
819 443 1169 515 Ἰερουσαλὴμ
1191 443 1604 515 οἰκοδομηθῆναι
1637 459 1808 515 προσ-

226 534 430 586 τάττει.
460 535 568 586 Kal
599 535 664 606 δὴ
698 535 838 589 κατά
865 537 926 589 τὸ
964 536 1120 589 ἕκτον
1145 535 1309 588 αὐτοῦ
1346 535 1444 603 τῆς
1466 535 1641 606 ἀρχῆς
1663 534 1804 600 ἔτος,
1825 531 1838 544 ’

229 627 366 696 ὅπερ
393 621 460 697 ἦν
486 626 592 680 ἀπὸ
616 627 798 696 Κύρου
821 628 1257 698 τεσσαρακοστὸν
1286 627 1380 680 καὶ
1411 628 1586 692 ¹ἑκτον,
1610 628 1678 680 τὰ
1707 627 1808 698 τῆς

227 721 516 793 οἰκοδομῆς
548 720 986 794 ἀποπληροῢται·
1019 721 1140 775 ὅθεν
1160 720 1468 791 ὁρμώμενοι
1496 719 1572 790 τῷ
1596 720 1804 792 Σωτῆρι

227 814 382 884 ἡμῶν
426 814 609 882 ἔλεγον
631 829 643 841 ·
679 831 696 864 ι
739 815 809 867 Μ’
843 815 934 867 καὶ
971 813 1028 878 ἒξ
1061 812 1236 866 ἔτεσιν
1266 811 1590 884 ᾠκοδομήθη
1623 814 1651 864 ὁ
1677 811 1804 874 ναὸς

223 899 400 974 οὗτος,
434 908 530 962 καὶ
583 910 646 962 σὺ
690 910 747 960 ὲν
795 909 970 979 τρισὶν
1014 907 1248 978 ἡμέραις
1295 907 1506 976 ἐγερεῖς
1553 903 1746 967 αὑτόν;
1777 917 1797 956 t

226 999 380 1052 Κατὰ
404 999 459 1052 δὲ
491 999 583 1052 τὸν
621 999 882 1071 Ἰώσηπον
927 1007 968 1052 o'
1002 999 1087 1071 (θ’)
1120 999 1215 1052 καὶ
1251 1004 1301 1068 μ’
1329 997 1420 1068 ἔτη
1449 995 1690 1068 ἀκριϐῶς
1734 993 1803 1048 τὰ

224 1093 330 1146 ἀπὸ
358 1091 539 1166 Κύρου
571 1096 663 1148 ἐπὶ
692 1094 752 1148 τὸ
785 1094 1010 1166 Δαρείου
1045 1093 1230 1145 ἔνατον
1261 1091 1378 1154 έτος
1405 1090 1714 1158 συνάγεται,
1743 1090 1801 1141 ἐν

220 1177 266 1252 ᾧ
303 1185 454 1250 τέλος
492 1187 756 1240 ἐπιθεῖναι
799 1189 865 1258 τῇ
901 1185 993 1239 τοῦ
1024 1183 1154 1239 ναοῦ
1185 1183 1438 1254 οἰκοδομῇ
1467 1185 1524 1236 ὲν
1555 1181 1631 1253 τῷ
1655 1181 1802 1235 ἐνδε-

221 1276 371 1348 κάτῳ
397 1277 498 1347 τῆς
530 1279 977 1348 Ἀρχαιολογίας
995 1278 1158 1348 φησὶν
1175 1277 1445 1344 αὑτολεξεὶ
1461 1275 1633 1347 δηλῶν
1658 1276 1801 1328 οἰκο-

218 1369 624 1443 δομηθήσεσθαι
671 1372 762 1426 τὸν
815 1371 941 1425 ναὸν
976 1371 1018 1437 ζ’
1051 1372 1176 1441 (sic)
1217 1371 1344 1443 μηνὶ
1365 1370 1458 1424 τοῦ
1489 1371 1675 1423 ἐνάτου
1701 1369 1798 1440 τῆς

218 1460 310 1513 ἐπὶ
339 1462 561 1534 Δαρείου
592 1461 866 1532 βασιλείας
889 1461 1070 1525 ἐτους”
1107 1455 1188 1524 οἷς
1209 1461 1302 1512 καὶ
1330 1457 1574 1529 ἐπιφέρει
1595 1457 1793 1525 λέγων·

223 1569 240 1601 ι
272 1549 599 1621 Κατῴκισαν
639 1552 695 1605 δὲ
729 1553 784 1604 ὲν
817 1554 928 1614 τοῖς
961 1550 1348 1622 Ἰεροσολύμοις
1381 1547 1622 1618 πολιτείᾳ
1649 1546 1794 1619 χρώ-

219 1657 370 1710 μενοι
414 1642 953 1716 ἀριστοκρατίορ]ικῇ
1005 1643 1144 1715 μετά
1187 1641 1532 1713 ὀλιγαρχίας·
1583 1641 1630 1692 οἱ
1684 1638 1794 1710 γὰρ

1909 455 2004 496 sex
2049 440 2207 495 annis
2255 436 2580 493 aedificatum
2630 444 2716 490 est
2747 432 3006 502 templum
3057 431 3200 493 hoc,
3251 440 3306 484 et
3336 429 3478 484 tuin

1907 531 2084 584 tribus
2106 530 2298 584 diebus
2318 527 2585 583 excitabis
2623 526 2751 579 illud
2783 524 2884 578 “"2
2922 544 2940 576 ›
2967 521 3128 576 Juxta
3161 528 3340 575 autem
3381 516 3479 576 Jo-

1915 620 2143 690 sephum
2170 635 2364 674 novem
2389 625 2444 672 et
2476 617 2834 686 quadraginta
2866 613 2994 668 anni
3023 619 3151 668 sunt
3183 626 3214 664 a
3245 611 3388 681 Cyro
3406 610 3476 664 ad

1905 723 2108 767 nonum
2145 711 2292 766 Darii
2349 725 2574 774 annum,
2608 724 2734 778 μιυο
2789 707 3084 777 perfectam
3150 703 3285 758 dicit
3338 709 3477 756 tem-

1907 805 1977 874 pli
2000 803 2447 864 aedificationem,
2505 803 2559 856 in
2596 801 2900 856 undecimo.
2930 796 3305 866 Archazologia:
3335 794 3476 848 libro

1904 897 2088 966 templi
2122 895 2571 950 instaurationem
2599 908 2831 946 narrans
2864 891 3096 960 septimo
3137 888 3279 942 Darii
3324 887 3476 957 regni

1902 987 2030 1040 noui
2057 986 2186 1039 anni
2215 999 2400 1038 mense
2441 983 2764 1038 absolutam.
2812 981 3122 1050 Additque:
3167 999 3185 1032 (
3238 977 3476 1046 Eratque

1902 1085 2032 1130 tunc
2059 1075 2567 1146 Hierosolymitanis
2595 1073 2938 1128 aristocratia
2971 1070 3264 1140 oligarchia
3289 1069 3470 1134 mista;

1899 1168 2366 1224 sacerdotesenim
2387 1169 2550 1222 rebus
2581 1167 2936 1235 pra-fuerunt,
2967 1165 3140 1217 donec
3164 1159 3472 1217 Asamonaei

1898 1263 2101 1334 posteri
2133 1263 2463 1317 sortirentur
2494 1275 2718 1329 regnum
2753 1259 2850 1326 tl).
2890 1277 2908 1309 ι
2943 1256 3036 1311 Ha:
3065 1256 3228 1326 igitur
3260 1256 3312 1308 in
3343 1269 3470 1324 pro-

1898 1355 2079 1425 phetia
2103 1355 2283 1409 relatae
2318 1363 2524 1423 septem
2556 1350 2941 1412 hebdomades,
2985 1363 3106 1419 qua:
3155 1348 3222 1401 ad
3265 1361 3468 1401 nouum

1898 1448 2042 1502 Darii
2075 1463 2279 1501 annum
2313 1447 2595 1510 desinunt,
2634 1445 2791 1499 istam
2826 1445 2898 1498 ob
2928 1457 3148 1497 causam
3181 1457 3212 1495 a
3255 1440 3472 1495 caeteris

1895 1540 2284 1595 discriminata:
2313 1545 2461 1594 sunt.
2493 1534 2790 1591 Videamus
2823 1551 2969 1589 nunc
3015 1535 3082 1588 ad
3133 1548 3253 1602 qua:
3301 1532 3470 1602 pertil-

1894 1641 2060 1687 neant
2093 1639 2338 1701 tempora
2368 1631 2586 1699 reliqua:
2615 1627 2982 1683 hebdomades
3015 1627 3296 1696 sexaginta
3325 1624 3466 1680 duae.

216 1735 384 1804 ἱερεῖς
434 1737 841 1806 προεστήκεσαν
891 1735 996 1789 τῶν
1034 1736 1394 1807 πραγμάτων,
1421 1733 1545 1804 ἄχρι
1579 1727 1638 1786 οὗ
1665 1734 1785 1796 τοὺς

1894 1721 2081 1776 Nonus
2109 1719 2256 1774 Darii
2289 1734 2467 1774 annus
2505 1719 2659 1788 juxta
2696 1717 3006 1772 Graecorum
3043 1715 3284 1770 historia:
3306 1714 3469 1768 chro-

225 1825 597 1896 Ἀσαμωναίου
629 1829 822 1900 συνέϐη
857 1827 1155 1898 βασιλεύειν
1185 1827 1459 1897 ἐγγόνους.
1487 1845 1504 1877 ι
1531 1825 1653 1877 Αἵδε
1692 1824 1790 1894 μὲν

210 1931 305 1968 ουν
334 1918 388 1968 αξ
423 1919 479 1970 ὲν
501 1920 566 1988 τῇ
592 1918 894 1989 προφητείᾳ
926 1918 1219 1990 φερόμεναι
1248 1919 1292 1982 ζ’
1319 1916 1608 1987 έϐδομάδες
1631 1916 1710 1978 είς
1729 1914 1790 1966 τὸ

213 2005 690 2078 προδεδηλωμένον
742 2008 858 2072 ἔτος
907 2009 1132 2080 Δαρείου
1166 2007 1624 2080 περιοριζόμεναι,
1659 2006 1792 2077 πρό-

209 2095 368 2166 δηλον
396 2115 486 2151 ουν
507 2099 574 2151 δι’
595 2099 661 2169 ἣν
687 2100 864 2153 αἰτίαν
895 2101 1001 2153 τῶν
1024 2100 1155 2168 (τὸν)
1185 2101 1290 2153 ἀπὸ
1310 2099 1414 2153 τῶν
1436 2098 1636 2152 λοιπῶν
1661 2100 1792 2166 ἀφο-

212 2185 406 2256 ρισμδν
446 2187 992 2260 είλήφασιν.Ἴδωμεν
1019 2189 1074 2242 δὲ
1105 2190 1198 2242 καὶ
1235 2188 1334 2252 τὰς
1366 2189 1560 2250 λοιπὰς
1592 2188 1667 2258 ξβ⁹
1698 2189 1790 2240 ἐπὶ

210 2276 399 2341 ποίους
431 2279 828 2351 περιορίζονται
875 2281 1118 2350 χρόνους.
1146 2282 1218 2333 Τὸ
1248 2282 1346 2353 μὲν
1375 2280 1438 2352 δὴ
1465 2281 1646 2334 ἔνατον
1674 2280 1790 2345 ἔτος

207 2370 434 2440 Δαρείου
459 2372 596 2424 κατὰ
622 2373 718 2443 τὴν
746 2373 980 2444 ἑϐδόμην
1009 2373 1101 2426 καὶ
1124 2373 1418 2444 ἑξηκοστὴν
1453 2372 1789 2441 Ὀλυμπιάδα

209 2461 274 2513 ὲκ
308 2461 408 2531 τῆς
444 2461 552 2514 τῶν
601 2465 730 2533 παρ’
768 2465 993 2534 Ἕλλησι
1038 2466 1426 2536 χρονογράφων
1458 2465 1787 2534 παρίσταται

211 2550 477 2622 ἱστορίας·
505 2554 611 2605 ἀπὸ
651 2554 713 2624 δὴ
751 2551 842 2606 οὖν
877 2554 1081 2625 ταύτης
1109 2557 1200 2609 ἐπὶ
1233 2557 1333 2626 τὴν
1366 2558 1663 2629 ἑκατοστὴν
1697 2560 1789 2610 ὲκ-

207 2645 536 2716 καιδεκάτην
580 2647 937 2717 Ὀλυμπιάδα,
973 2648 1186 2717 καθ’ἥν
1231 2647 1491 2711 Σέλευκος
1529 2650 1662 2718 μετὰ
1689 2649 1788 2718 τὴν

217 2736 566 2809 Ἀλεξάνδρου
591 2739 845 2810 τελευτὴν
871 2740 1069 2811 Συρίας
1093 2741 1310 2809 ἀπάσης
1329 2741 1422 2794 καὶ
1443 2741 1786 2806 Βαϐυλωνίας

204 2827 529 2901 ἐκράτησεν,
567 2830 658 2901 ἔτη
685 2832 892 2899 γίνεται
921 2839 964 2884 σθ
981 2849 994 2862 ⁸
1025 2833 1274 2884 ἐντεῦθεν
1296 2833 1338 2884 δ’
1365 2833 1454 2886 επὶ
1479 2833 1576 2904 τὴν
1602 2832 1783 2885 τελευ-

201 2921 298 2993 τὴν
322 2923 567 2992 Σίμωνος
587 2963 601 2984 ,
638 2923 903 2976 Ἰουδαίων
939 2924 1237 2995 ἀρχιερέως
1255 2965 1269 2986 ,
1293 2924 1394 2993 τῆς
1423 2925 1563 2977 κατὰ
1587 2925 1786 2995 Συρίαν

201 3007 377 3084 ἀρχῆς
413 3011 457 3075 ξ’
485 3014 578 3065 καὶ
607 3019 648 3066 ο⁹
682 3016 776 3066 καὶ
814 3020 858 3084 ρ’
881 3013 1219 3082 διαγενέσθαι
1252 3016 1284 3084 ἡ
1317 3013 1507 3085 πρώτη
1547 3014 1660 3068 τῶν
1687 2999 1786 3068 κά-

1892 1815 2164 1884 nologiam
2189 1813 2430 1883 septimae
2459 1819 2510 1865 et
2533 1811 2882 1880 sexagesima:
2905 1808 3206 1880 Olympiadi
3241 1823 3468 1876 respou-

1890 1908 2007 1973 det;
2027 1907 2094 1960 ab
2117 1905 2220 1958 hac
2235 1904 2300 1957 ad
2319 1904 2668 1957 centesimam
2688 1909 2894 1956 sextam
2913 1902 3177 1954 decimam
3192 1898 3472 1969 Olympia-

1890 2000 2036 2064 dem,
2067 2015 2171 2068 qua
2213 1998 2494 2062 Seleucus,
2527 1993 2839 2048 Alexandro
2887 2002 3126 2054 mortuo,
3163 1993 3318 2062 Syria
3351 1999 3465 2044 tota

1891 2107 1954 2146 ac
1991 2091 2285 2161 Babylonia
2319 2090 2524 2160 potitus
2562 2094 2678 2149 est,
2730 2085 2857 2138 anni
2890 2092 3019 2139 sunt
3047 2083 3300 2149 ducenti;
3339 2083 3466 2135 hinc

1890 2184 1957 2237 ad
1992 2192 2218 2238 mortem
2255 2181 2518 2244 Simonis,
2547 2177 2861 2233 Judaaorum
2895 2177 3092 2232 summi
3137 2176 3461 2238 sacerdotis,

1889 2275 1992 2330 sub
2023 2275 2302 2346 Syriarum
2329 2274 2536 2328 ditione
2565 2281 2768 2342 septem
2797 2280 2850 2325 et
2887 2271 3226 2340 septuaginta
3258 2277 3312 2324 et
3335 2285 3465 2323 cen-

1889 2376 2002 2422 tum
2033 2367 2305 2422 cllluxisse
2339 2383 2515 2421 annos
2560 2366 2770 2436 primus
2800 2363 3234 2438 Machabasorum
3287 2364 3424 2417 liber
3447 2403 3461 2428 ,

1889 2462 1979 2533 qui
2009 2463 2293 2517 historiam
2346 2463 2414 2517 ad
2465 2461 2738 2514 Simonem
2779 2476 2955 2530 usque
2994 2469 3218 2523 narrat,
3274 2460 3464 2512 memi-

1887 2558 1968 2610 nit
2012 2557 2076 2608 ³³.
2111 2555 2321 2612 Rursus
2355 2555 2550 2610 exinde
2605 2554 2948 2610 sacerdotum
3001 2555 3195 2608 seriem
3238 2569 3466 2608 accura-

1887 2649 2097 2703 tissime
2126 2650 2367 2705 referens
2387 2649 2657 2720 JUSephus
2689 2649 2786 2720 (9),
2812 2661 2932 2718 post
2966 2647 3241 2702 Simonem
3279 2656 3464 2702 narrat

1887 2739 2171 2810 prmfuisse
2198 2743 2394 2811 populo
2434 2740 2696 2796 Joannem
2727 2750 2780 2795 et
2821 2741 3129 2812 Hyrcanum
3157 2735 3329 2796 annos
3367 2758 3464 2794 no-

1888 2847 2003 2886 vem
2055 2837 2110 2885 et.
2179 2831 2413 2900 viginti;
2462 2832 2588 2885 huic
2653 2845 3029 2887 successorem
3089 2831 3460 2888 Aristobulum

1887 2939 2053 3002 unum
2091 2924 2404 2994 regnavisse
2434 2939 2670 2992 annum;
2712 2940 2821 2994 quo
2853 2936 3064 2978 mortuo
3093 2925 3461 2981 Alexandrum

1887 3021 2091 3084 septem
2136 3027 2188 3069 et
2217 3016 2406 3084 viginti
2455 3033 2667 3080 annos,
2724 3025 2776 3072 et
2829 3028 2954 3088 post
3001 3033 3124 3070 eum
3173 3017 3459 3088 conjugem

199 3103 482 3176 λουμένων
515 3105 924 3158 Μακκαϐαῖκῶν
956 3107 1208 3178 σημαίνει
1239 3105 1444 3178 γραφὴ,
1483 3108 1639 3178 μέχρι
1663 3107 1783 3160 τού-

1888 3106 2270 3172 Alexandram,
2303 3109 2367 3162 ad
2408 3125 2569 3178 quam
2619 3125 2808 3164 omnes
2846 3110 2913 3163 ab
2947 3124 3090 3162 anno
3123 3107 3267 3162 Darii
3316 3126 3460 3163 nono

198 3211 290 3250 του
339 3199 758 3268 περιγράφουσα
800 3198 900 3267 τὴν
953 3198 1211 3269 ἱστορίαν.
1265 3198 1430 3250 Πάλιν
1461 3199 1506 3251 δ’
1535 3197 1782 3252 ἐντεῦθεν

197 3287 296 3352 τὰς
327 3288 440 3342 τῶν
469 3289 661 3360 ἱερέων
691 3289 939 3359 διαδοχὰς
965 3289 1332 3360 ἀκριϐέστατα
1363 3293 1784 3363 ὲπισημαινόμευ

196 3397 286 3444 νος
333 3383 360 3434 ὁ
409 3379 670 3450 Ἰώσηπος
728 3381 864 3452 μετὰ
911 3382 1128 3452 Σίμωνα
1176 3383 1266 3434 τὸν
1311 3383 1782 3455 προδεδηλωμένον

195 3473 328 3544 φησι
357 3473 778 3546 καθηγήσασθαι
815 3475 910 3530 τοῦ
954 3475 1084 3529 λαοῦ
1120 3477 1369 3548 Ἰωάννην
1399 3477 1488 3530 τὸν
1520 3479 1613 3532 καὶ
1653 3479 1778 3550 ’Υρ-

197 3564 360 3616 κανὸν
393 3563 574 3616 ἐτεσιν
621 3563 662 3616 θ’
697 3564 791 3616 καὶ
834 3571 882 3617 κ’
904 3582 916 3595 ·
951 3565 1138 3618 τοῦτον
1169 3565 1225 3619 δὲ
1257 3567 1594 3632 διαδέξασθαι
1637 3567 1782 3638 Ἀρι-

194 3654 509 3719 στόϐουλον,
540 3654 598 3708 δν
622 3659 715 3708 καὶ
748 3656 1056 3726 βασιλεῦσαι
1093 3660 1337 3713 ἐνιαυτόν
1357 3677 1369 3690 ο
1407 3661 1543 3732 μετὰ
1577 3659 1631 3714 δὲ
1659 3659 1782 3712 τοῦ-

191 3761 281 3800 τον
316 3746 673 3818 Ἀλέξανδρος
700 3748 844 3802 ἔτεσι
873 3750 974 3815 κζ’,
1009 3750 1126 3821 μεθ’
1151 3750 1208 3803 ὃν
1237 3751 1334 3823 τὴν
1359 3755 1589 3821 γυναῖκα
1629 3751 1780 3804 Ἀλε-

190 3835 450 3910 ξάνδραιν,
487 3841 570 3908 ἐφ’
595 3840 661 3911 ἠν
699 3841 766 3895 τά
814 3843 988 3896 πάντα
1017 3845 1122 3897 ἀπὸ
1154 3845 1342 3898 ἐνάτου
1367 3844 1520 3908 ἔτους
1552 3848 1777 3917 Δαρείου

192 3929 284 4002 ἐτη
321 3930 620 4000 συνάγεται
648 3933 774 3998 υλδ⁹,
811 3936 983 3989 ὁπόσα
1027 3937 1070 3990 δ’
1099 3937 1163 3990 ἂν
1208 3937 1418 4006 γένοιτο
1465 3940 1528 3991 ὲκ
1569 3940 1676 3992 τῶν
1701 3938 1778 4009 ξβ⁹

194 4023 506 4093 ἑϐδομάδων
547 4027 602 4078 ἐν
650 4021 736 4089 αἷς
767 4029 814 4080 οἱ
849 4030 1078 4097 χριστοὶ
1118 4029 1426 4100 ἡγούμενοι,
1461 4026 1603 4084 οὗτοι
1636 4031 1679 4084 δ’
1711 4031 1778 4085 ἂν

196 4109 305 4166 εἷεν
326 4117 374 4168 οἱ
396 4117 691 4188 ἀρχιερεῖς,
706 4119 998 4191 ἀρξάμενοι
1023 4122 1128 4174 άπὸ
1150 4121 1329 4192 Κύρου
1357 4111 1465 4175 τῶν
1479 4121 1572 4176 τοῦ
1595 4122 1778 4187 ἔθνους

198 4206 543 4276 προέστησαν
587 4212 942 4280 πραγμάτων.
976 4212 1253 4284 Πρόδηλον
1293 4214 1404 4284 γὰρ
1447 4215 1554 4268 ἀπό
1593 4233 1649 4268 τε
1676 4216 1777 4286 τῆς

199 4298 348 4370 ἱερᾶς
377 4301 621 4373 Γραφῆς,
654 4305 714 4355 ού
754 4305 852 4372 μὲν
889 4304 1041 4377 (μὴν.)
1073 4306 1206 4359 ἀλλά
1242 4307 1334 4359 καὶ
1361 4306 1466 4359 άπὸ
1494 4307 1602 4360 τῶν
1647 4325 1777 4380 προ-

195 4390 452 4445 τεθεισῶν
477 4393 568 4445 τοῦ
611 4396 871 4465 Ἰωσήπου
903 4397 1114 4466 φωνῶν,
1139 4398 1212 4461 ὡς
1239 4399 1320 4452 ὅτι
1369 4399 1505 4470 μετὰ
1535 4399 1632 4470 τὴν
1667 4401 1774 4454 ἀπὸ

198 4481 514 4547 Βαϐυλῶνος
546 4485 823 4552 ἐπάνοδον,
877 4488 936 4553 ἐξ
985 4489 1148 4542 αὑτοῦ
1211 4490 1381 4560 Ἰησοῦ
1437 4491 1530 4544 τοῦ
1581 4493 1768 4563 ἱερέως

194 4570 286 4622 τοῦ
347 4574 582 4643 μεγάλου
640 4577 869 4647 ἡγεμόσι
918 4579 1011 4632 καὶ
1056 4580 1280 4650 ἄρχουσι
1317 4583 1426 4644 τοῖς
1465 4580 1605 4634 κατὰ
1651 4581 1768 4634 δια-

195 4659 351 4731 δοχὴν
364 4663 622 4733 ἐχρῶντο,
645 4667 802 4737 μέχρι
818 4663 891 4721 ὧν
908 4670 936 4722 ὁ
959 4669 1109 4742 Ἰώση
1118 4688 1214 4734 πος
1229 4672 1481 4741 ὀνομάζει
1511 4673 1566 4724 Ἀ
1579 4689 1644 4725 σα
1652 4691 1766 4744 μω-

194 4751 342 4804 ναέου
376 4754 598 4821 παίδων,
617 4756 707 4820 οὓς
725 4761 755 4829 ἡ
775 4760 813 4811 Γ
818 4760 960 4830 ραφὴ
977 4761 1365 4827 Μακκαϐαίους
1384 4765 1400 4831 (
1409 4763 1444 4817 f.
1459 4765 1546 4834 41)
1565 4766 1772 4836 ὠνόμα-

196 4857 307 4907 σεν,
336 4836 640 4916 ὧνπρῶτος
673 4849 1093 4920 ἀρχιεράτευσεν
1135 4854 1331 4917 Ἰούδας
1352 4856 1380 4908 ὁ
1409 4856 1768 4920 Μακκαϐαῖος

191 4932 528 5005 ὲ’¹τ²³“⁶λ”¹ἱθιεἰςο
546 4938 604 5001 ὃς
624 4940 717 4992 καὶ
734 4941 1083 5014 καθηγήσατο
1097 4946 1188 4998 τοῦ
1205 4947 1334 5000 λαοῦ
1358 4947 1482 5010 τοὺς
1498 4949 1766 5018 Ἀντιόχου

190 5031 618 5100 τροπωσάμενος
667 5037 1022 5106 στρατηγούς.
1059 5039 1196 5094 Μεθ’
1221 5039 1279 5092 ὃν
1320 5040 1571 5112 Ἰωνάθης
1612 5040 1764 5093 ἀδελ-

190 5115 289 5181 φὺς
320 5117 488 5174 αὐτοῦ
515 5121 648 5191 ὁμοῦ
677 5123 773 5192 τὴν
798 5126 1207 5200 ἀρχιερωσύνην
1254 5131 1345 5183 καὶ
1392 5131 1486 5202 τὴν
1513 5129 1609 5184 τοῦ
1634 5130 1762 5184 λαοῦ

184 5206 544 5278 διαλαμϐάνει
589 5217 922 5284 προστασίαν
943 5235 956 5248 ·
1002 5221 1093 5271 καὶ
1126 5218 1280 5285 αὖθις
1318 5222 1508 5276 τούτου
1541 5222 1766 5292 ἀδελφὸς

183 5300 366 5371 Σίμων
392 5303 712 5377 ἀρχιερεὺς,
743 5309 860 5379 μεθ’
891 5309 949 5364 ὃν
991 5313 1271 5384 Ὑρκανὸς,
1309 5315 1427 5388 μεθ’
1453 5315 1512 5371 ὃν
1542 5317 1761 5386 Ἰούδας,

249 5456 312 5490 η’
357 5456 528 5519 Joan.
561 5479 622 5531 tt,
651 5463 735 5517 9.0.
817 5465 863 5496 ³³
901 5465 919 5518 l
955 5465 1199 5524 Machab.
1225 5489 1259 5526 ι.

258 5614 336 5688 (l)
365 5615 587 5692 Ioseph.
617 5623 774 5681 Arch.
804 5643 880 5691 xl,
911 5627 965 5690 4,
997 5627 1049 5683 8.

1885 3199 2012 3251 anni
2043 3209 2275 3267 quatuor
2299 3206 2352 3252 et
2385 3201 2602 3268 triginta
2641 3208 2694 3253 et
2743 3200 3123 3268 quadringenti
3167 3199 3419 3253 effluxere
3441 3240 3456 3262 ,

1885 3290 1978 3360 qui
2019 3297 2146 3344 sunt
2177 3290 2460 3360 sexaginta
2493 3291 2615 3343 duae
2646 3290 3045 3353 hebdomades,
3092 3292 3290 3360 quibus
3323 3305 3458 3360 pra:-

1885 3382 2105 3437 fuerunt
2149 3382 2368 3443 Christi,
2423 3385 2621 3436 summi
2679 3385 2884 3438 scilicet
2922 3385 3254 3447 sacerdotes,
3290 3385 3381 3454 qui
3425 3399 3456 3438 a

1882 3471 2022 3545 Cyro
2042 3474 2224 3542 p0puli
2243 3473 2404 3527 rebus
2422 3474 2769 3543 praefuerunt.
2800 3473 3182 3530 Constatenim
3216 3491 3281 3530 ex
3300 3491 3456 3530 sacra

1885 3563 2188 3636 Scriptura,
2246 3580 2458 3620 necnon
2503 3581 2533 3619 e
2585 3565 2770 3620 citatis
2815 3564 3037 3635 Josephi
3094 3567 3263 3628 lucis,
3311 3568 3457 3638 quod

1882 3665 2005 3728 post
2043 3657 2277 3712 reditum
2313 3655 2672 3728 eBabylone,
2718 3658 2785 3712 ab
2833 3658 2950 3727 ipso
2997 3658 3124 3714 .Iesu
3176 3660 3456 3715 sacerdote

1881 3763 2078 3819 magno
2109 3748 2340 3802 ducibus
2369 3756 2422 3802 et
2457 3749 2798 3819 principibus
2825 3752 3085 3804 continua
3120 3752 3258 3805 serie
3282 3750 3454 3806 Judaei

1881 3842 1967 3895 usi
1999 3849 2148 3906 sunt,
2169 3858 2340 3911 usque
2362 3841 2427 3896 ad
2449 3842 2570 3896 illos
2597 3858 2734 3911 quos
2760 3840 3030 3911 Josephus
3064 3845 3366 3897 Asamomei
3393 3847 3456 3896 li-

1881 3934 1982 3988 lios
2013 3942 2191 3998 vocat,
2226 3933 2508 4003 Scriptura
2557 3950 2685 3989 vero
2734 3934 3070 3990 Machabaaos
3117 3936 3452 3998 nominavit,

1880 4041 2110 4096 quorum
2143 4027 2352 4095 primus
2393 4042 2664 4080 summum
2701 4027 2932 4080 obtinuit
2966 4027 3336 4096 pontificatum
3363 4028 3449 4082 Ju-

1879 4116 1978 4170 das
2019 4115 2360 4170 Machameus
2418 4119 2740 4186 cognomine
2765 4159 2778 4182 ,
2843 4119 3145 4188 fugatisque
3183 4121 3453 4176 oAntiochi

1878 4205 2111 4260 ducibus
2143 4207 2342 4277 pupulo
2363 4207 2594 4275 praefuit.
2627 4207 2761 4264 Post
2783 4226 2906 4262 eum
2937 4211 3102 4263 frater
3140 4211 3259 4280 ejus
3287 4211 3453 4267 Jona-

1880 4297 2002 4352 thas
2031 4313 2304 4351 summum
2357 4298 2521 4352 simul
2567 4302 2938 4369 pontificatum
2972 4311 3025 4354 et
3057 4305 3242 4372 populi
3283 4305 3452 4375 impe-

1882 4392 2019 4443 rium
2059 4391 2302 4459 accepit;
2353 4406 2678 4461 rursumque
2711 4393 2829 4461 ejus
2862 4393 3028 4448 frater
3063 4377 3258 4451 Simon,
3301 4414 3451 4452 sum-

1880 4496 2000 4534 mus
2034 4479 2133 4534 fuit
2163 4481 2439 4544 sacerdos,
2477 4490 2598 4550 post
2623 4498 2782 4551 quem
2813 4481 3118 4553 Hyrcanus,
3146 4493 3268 4554 post
3291 4501 3448 4554 quem

1874 4570 2064 4636 Judas,
2104 4575 2196 4641 qui
2228 4582 2281 4627 et
2309 4574 2658 4628 Aristobulus
2689 4575 2888 4639 dictus,
2921 4587 3305 4632 successerunt
3327 4577 3450 4647 :qui

1878 4665 2088 4734 primus
2135 4680 2348 4719 summo
2379 4667 2686 4720 sacerdotio
2715 4683 2988 4738 regnoque
3019 4669 3267 4723 diadema
3303 4670 3452 4738 adje-

1877 4758 1972 4810 cit.
2003 4755 2134 4813 Post
2165 4773 2287 4812 eum
2317 4773 2532 4812 summo
2559 4758 2866 4813 sacerdotio
2896 4760 3056 4814 simul
3089 4768 3142 4814 et
3172 4759 3316 4830 regia
3353 4775 3446 4828 po-

1877 4856 2072 4903 testate
2123 4858 2365 4920 accepta.
2407 4849 2732 4913 Alexander,
2763 4852 3085 4906 succedente
3109 4853 3157 4905 ei
3192 4853 3444 4920 conjuge,

1877 4951 2126 4996 mortuus
2153 4951 2258 4997 est.
2290 4941 2444 4997 Tunc
2469 4944 2752 5013 completis
2793 4959 2911 5013 qua:
2939 4943 3141 4998 Danieli
3176 4943 3448 5014 praedicta:

1876 5033 2094 5089 fuerunt
2128 5033 2578 5100 hebdomadibus,
2606 5035 2872 5104 imperare
2894 5035 3148 5090 desinunt
3173 5034 3448 5104 principes

1874 5144 1905 5182 c
1953 5128 2329 5184 sacerdotibus
2367 5129 2736 5200 cognominati
2793 5129 3014 5194 christi;
3078 5135 3135 5182 ut
3193 5126 3448 5182 ostende-

1873 5235 2023 5278 retur
2049 5225 2161 5279 haec
2189 5226 2353 5280 verba
2380 5243 2399 5276 ι
2425 5241 2596 5295 usque
2623 5224 2688 5278 ad
2705 5223 2973 5278 chi-istum
2995 5223 3219 5278 ducem»
3241 5221 3304 5276 ad
3324 5221 3445 5276 illas

1873 5316 2244 5374 hebdomades
2272 5325 2553 5387 spectare;
2581 5315 2740 5387 quasi
2771 5314 3114 5372 manifestius
3135 5314 3440 5370 diceretur:

1957 5631 2031 5704 (‘2)
2067 5629 2286 5702 Joseph.
2319 5631 2497 5703 Antiq.
2535 5648 2628 5699 xx,
2663 5635 2745 5700 l0,
2775 5635 2829 5688 5.
