3950 6218
553 223 692 281 1183

1240 219 1509 277 EUSEBII
1543 219 2021 276 CAESARIENSIS
2055 219 2206 276 OPP.
2247 219 2445 278 PARS.
2485 221 2574 280 Ill.
2612 253 2683 262 —
2719 219 3121 275 EXEGETICA.
3584 229 3676 283 ll8l

549 337 754 392 Novem
801 343 856 392 et
895 335 1172 406 sexaginta
1217 335 1434 392 etllucnt
1464 335 1862 402 bebdomades,
1921 337 2128 392 scilicet

2229 341 2256 391 6
2289 338 2381 391 καὶ
2426 337 2848 409 Ἀριστόϐουλος,
2882 335 3215 406 διαδέχεται·
3245 335 3336 388 καὶ
3360 335 3538 405 πρῶτος
3555 339 3618 391 ἐπὶ

551 431 715 484 trium
757 435 811 482 et
857 427 1133 496 octoginta
1171 433 1226 480 et
1280 425 1800 497 quadringentorum
1855 442 2121 482 annorum

551 523 822 591 spatium,
881 518 934 572 in
989 534 1104 588 quo
1153 518 1394 574 ebristus
1444 534 1801 589 summusque
1868 517 2126 574 sacerdos

550 615 669 666 vice
715 609 975 664 continua
1035 609 1142 663 dux
1203 609 1390 679 populi
1441 610 1602 664 rebus
1651 611 1886 680 praeerit.
1949 609 2126 678 Atque

551 702 717 772 igitur
745 701 968 756 cuilibet
997 699 1346 756 manifestum
1373 701 1588 756 videtur
1623 701 1691 757 iis
1740 717 1862 771 qua:
1899 701 2126 755 demon-

550 793 843 850 stravimus
873 801 951 846 tot
976 793 1193 862 elapsos
1225 791 1396 848 fuisse
1423 809 1596 848 annos
1623 809 1652 846 a
1699 793 1842 864 Cyro
1887 793 1953 848 ad
1994 793 2125 848 Ale-

550 883 742 939 xandri
779 891 1030 946 mortem,
1067 883 1242 936 ultimi
1263 899 1294 938 e
1315 883 1546 938 summis
1570 885 1949 939 sacerdotibus
1977 883 2129 954 prin-

552 977 709 1048 cipis.
744 977 862 1030 Hoc
894 975 1039 1030 enim
1071 985 1286 1029 mortuo
1315 976 1432 1030 sola
1455 977 1694 1029 omnium
1736 991 1908 1046 usque
1935 977 2002 1029 ad
2024 977 2127 1031 hoc

551 1068 816 1139 temporis
864 1067 1058 1121 mulier
1104 1067 1282 1137 gentis
1335 1067 1570 1121 obtinuit
1612 1083 1860 1136 regnum.
1909 1067 1981 1120 Ex
2018 1081 2128 1137 quo

551 1160 861 1215 Judaeorum
895 1157 1233 1228 principatus
1263 1158 1426 1212 simul
1469 1167 1521 1212 et
1567 1173 1839 1212 summum
1873 1159 2129 1214 sacerdo-

552 1253 721 1314 tium,
767 1249 916 1320 prius
966 1249 1259 1317 c0pulata,
1309 1256 1651 1317 separantur.
1701 1250 1938 1319 Accepto
1981 1249 2126 1304 enim

551 1343 858 1398 Alexandra
917 1341 1173 1410 imperio,
1231 1357 1504 1396 summum
1563 1343 1672 1396 [ilio
1727 1358 1828 1397 suo
1875 1341 2128 1412 Hyrcano

554 1431 918 1486 sacerdotium
971 1428 1238 1492 tradidit,
1294 1438 1350 1484 et
1411 1440 1534 1500 post
1601 1447 1792 1486 novem
1853 1448 2122 1486 annorum

553 1539 781 1594 regnum
825 1523 976 1577 obiit.
1014 1521 1219 1578 Deinde
1262 1522 1641 1587 Aristobulus,
1679 1526 1818 1580 alius
1854 1526 1969 1595 ipse
2015 1526 2128 1595 ple-

552 1628 785 1682 rumque
813 1627 935 1666 cum
970 1612 1136 1668 fratre
1161 1613 1400 1684 litigans,
1436 1614 1587 1670 illum
1627 1631 1840 1670 summo
1872 1616 2128 1670 sacerdo-

2225 428 2596 501 ἀρχιερωσύνῃ
2643 431 2736 482 καὶ
2772 427 3014 498 βασιλείᾳ
3059 425 3339 497 περιέθετο
3372 426 3581 496 διάδημα.
3599 432 3687 483 Μεθ’

2193 520 2282 572 ’δν
2315 521 2411 592 τὴν
2437 520 2846 594 ἀρχιερωσύνην
2875 519 3010 589 ὁμοῦ
3045 520 3140 572 καὶ
3175 517 3278 588 τὴν
3313 517 3546 586 βασιλείαν
3573 537 3695 594 παρα-

2225 613 2402 667 λαϐὼν
2440 614 2782 685 Ἀλέξανδρος
2809 614 2900 666 ἐπὶ
2924 611 3153 682 διαδόχῳ
3186 611 3400 678 γυναικὶ
3431 612 3629 682 τελευτᾷ·
3659 618 3699 666 ὲν

2224 698 2268 772 ᾧ
2299 705 2407 758 τῶν
2449 707 2505 758 ὲν
2547 705 2624 776 τῷ
2663 706 2860 776 Δανιὴλ
2889 701 3376 775 συμπερασθεισῶν
3409 703 3648 773 ἑϐδομαδονδ
3665 707 3701 758 οἱ

2226 797 2285 862 ὲξ
2310 797 2496 868 ἱερέων
2525 797 2780 868 ἄρχοντες
2809 795 3018 867 χριστοὶ
3053 793 3548 865 προσαγορευόμενοι
3568 795 3702 847 διαλεί-

2227 907 2419 942 πουσιν
2439 905 2452 918 ·
2482 887 2622 942 ὥστε
2643 887 2834 957 δηλοῦν
2861 886 2920 939 τὸ
2951 887 3163 954 φάσκον
3191 883 3387 951 λόγιον,
3409 903 3426 932 ‹
3446 885 3529 948 ἓως
3548 888 3703 957 χριστοῦ

2229 981 2553 1053 ἡγουμένου,
2587 999 2604 1031 ι
2641 979 2864 1033 τοσάσδε
2910 975 3128 1030 ἔσεσθαι
3178 975 3487 1044 ἑϐδομάδας
3512 977 3612 1030 ὡσεὶ
3643 997 3706 1032 az-

2230 1075 2488 1144 φέστερον
2537 1073 2774 1143 είρήκει;
2800 1070 2844 1126 θ’
2870 1069 2963 1122 καὶ
2999 1068 3040 1134 ξ’
3068 1065 3432 1120 διελεύσεσθαι
3467 1067 3571 1119 ἐτῶν
3604 1070 3706 1122 ἑϐδο-

2231 1165 2423 1236 μάδας,
2453 1164 2598 1217 τοῦτ’
2624 1163 2738 1215 ἔστι
2771 1158 3083 1232 χρόνωνίον)
3107 1166 3158 1228 γ’
3179 1158 3274 1212 καὶ
3302 1165 3353 1210 π’
3382 1160 3464 1210 καὶ
3483 1165 3519 1210 ν’
3541 1162 3707 1225 ἑτῶν,ὲν

2227 1251 2271 1326 ᾧ
2297 1257 2518 1328 χριστός
2551 1273 2632 1319 τις
2665 1254 2758 1306 καὶ
2781 1254 3070 1324 ἀρχιερεὺς
3116 1249 3264 1304 κατὰ
3295 1248 3518 1318 διαδοχὴν
3544 1252 3709 1320 ἡγούμεο

2227 1368 2315 1414 νος
2355 1347 2462 1402 τῶν
2499 1347 2592 1400 τοῦ
2622 1345 2752 1400 λαοῦ
2795 1347 3160 1417 προστήσεται
3211 1342 3540 1412 πραγμάτων.
3565 1343 3702 1413 Καίὶὴ

2229 1440 2390 1493 παντί
2437 1456 2514 1510 τῳ
2559 1438 2724 1507 σαφὲς
2754 1435 2943 1489 ἐκτῶν
2978 1451 3164 1505 προπα
3177 1432 3493 1504 ρατεθέντων
3517 1433 3619 1500 ἡμῖν,
3649 1433 3702 1494 ὡς

2227 1529 2480 1592 τοσοῦτος
2517 1527 2652 1581 ὲτῶν
2693 1527 2922 1599 ἀριθμὸς
2959 1525 3068 1578 τῶν
3099 1524 3212 1577 ἀπὸ
3246 1522 3424 1593 Κύρου
3451 1524 3526 1575 καὶ
3554 1525 3702 1593 {ship

2227 1621 2480 1692 τελευτὴν
2527 1617 2870 1689 Ἀλεξάνδρου
2905 1615 3000 1668 τοῦ
3039 1614 3279 1667 ὑστάτου
3319 1612 3486 1666 αὐτῶν
3519 1613 3708 1682 immiti?

554 1704 632 1760 tio
662 1705 881 1774 spoliat,
909 1715 962 1759 et
989 1706 1106 1774 ipse
1135 1714 1260 1774 post
1296 1714 1406 1760 tres
1437 1721 1610 1761 annos
1650 1723 1819 1777 regno
1859 1707 2128 1778 dejicitur.

2233 1730 2324 1766 νου
2351 1710 2653 1783 ἀρχιερέως
2679 1709 3031 1780 παρίσταται.
3057 1705 3195 1760 Μεθ’
3219 1705 3278 1758 ὃν
3305 1704 3434 1775 μόνη
3456 1702 3543 1756 τῶν
3561 1703 3709 1756 πώποτε

553 1794 827 1850 Continuo
858 1795 1222 1850 Romanorum
1255 1795 1364 1850 dux
1399 1795 1686 1868 Pompeius
1717 1799 2126 1868 superveniens.

557 1885 860 1942 Jerusalem
885 1887 936 1940 vi
970 1895 1270 1958 Oppugnat,
1302 1896 1602 1958 sanctaque
1629 1891 1839 1960 polluit,
1871 1907 2042 1961 usque
2063 1891 2130 1946 ad

557 1976 718 2047 adyta
777 1978 960 2047 templi
999 1994 1358 2047 progressus,
1405 1981 1787 2050 captivumque
1840 1997 1962 2036 cum
2006 1981 2132 2036 (iliis

556 2069 930 2124 Aristobulum
976 2069 1204 2124 Romam
1250 2071 1492 2124 abducit.
1543 2070 1676 2126 Dein
1729 2080 1782 2126 et
1821 2071 2068 2143 Hyrcano
2101 2088 2132 2127 a

557 2159 774 2217 Parthis
814 2161 868 2216 in
901 2163 1268 2232 captivitatem
1326 2163 1524 2226 ducto,
1553 2162 1866 2226 Juilagorum
1907 2179 2130 2234 regnum

558 2256 769 2325 primus
815 2269 845 2308 e
883 2255 1134 2324 gentibus
1166 2253 1406 2310 Herodes
1455 2271 1484 2308 a
1522 2253 1893 2310 Romanorum
1942 2267 2131 2311 senatu

559 2344 788 2412 accepit.
832 2342 901 2398 Ut
930 2343 1098 2399 rel‘ert
1123 2343 1392 2415 Iosephus
1424 2345 1500 2416 (ι)
1525 2385 1539 2409 ,
1600 2345 1868 2404 lduniazus
1910 2359 2134 2418 paterno

557 2445 675 2492 erat
703 2449 931 2505 genere,
971 2436 1145 2491 Arabs
1181 2453 1309 2491 vero
1340 2447 1604 2492 materno.
1639 2439 1714 2507 (2)
1755 2439 1950 2494 Narrat
1987 2441 2135 2494 Alri-

559 2543 731 2584 canus
754 2543 863 2582 non
905 2530 1074 2584 multo
1105 2543 1261 2600 post:
1312 2550 1330 2580 ι
1371 2529 1611 2595 Ferunt,
1658 2531 1750 2601 qui
1801 2533 1922 2601 ejus
1967 2533 2134 2603 origi-

559 2637 683 2676 nem
709 2632 962 2676 accurate
994 2623 1429 2690 inquisiverunt,
1465 2623 1806 2693 Antipatrem
1832 2624 1945 2694 (qui
1983 2632 2136 2694 pater

559 2714 678 2783 ejus
697 2713 864 2768 fuisse
883 2714 1236 2784 perhibetur),
1257 2715 1539 2784 cujusdam
1563 2715 1789 2771 llerodis
1816 2717 2137 2770 Ascalonita:

563 2806 755 2872 lilium,
787 2806 952 2861 unius
977 2821 1041 2860 ex
1079 2806 1346 2876 Apollinis
1369 2807 1554 2876 templi
1575 2807 1799 2863 servis.»
1829 2806 1950 2872 Quo
1973 2807 2135 2877 igitur

559 2897 868 2953 Judreorum
900 2913 1123 2968 regnum
1168 2906 1460 2954 consecuto
1485 2939 1500 2964 ,
1533 2897 1750 2968 impleta
1777 2907 1862 2953 est
1888 2905 2000 2953 tum
2031 2914 2138 2954 cae-

561 2999 799 3045 terorum
863 2990 1281 3060 pr0pbelarum,
1341 2999 1452 3043 tum
1506 2990 1777 3060 praecipue
1827 2989 1943 3045 haec
1991 2990 2136 3060 apud

2229 1805 2290 1858 τὸ
2321 1802 2618 1873 τηνικαῦτα
2641 1801 2776 1872 γυνὴ
2814 1801 2912 1870 τὴν
2937 1797 3030 1851 τοῦ
3059 1797 3248 1860 ἔθνους
3283 1794 3530 1866 βασιλείαν
3553 1794 3712 1864 διαλαμ-

2232 1897 2400 1960 ϐάνει,
2431 1895 2488 1961 ἐξ
2513 1891 2581 1967 ἧς
2604 1892 2738 1964 ὁμοῦ
2770 1893 2841 1946 τά
2871 1909 2928 1944 τε
2952 1891 3052 1960 τῆς
3079 1889 3352 1943 Ἰουδαίων
3379 1887 3634 1957 ἡγεμονίας,
3651 1887 3713 1938 καὶ

2231 1988 2301 2042 τὰ
2322 1991 2420 2058 τῆς
2450 1988 2513 2039 ὲκ
2542 1985 2821 2057 προγόνων
2857 1981 3134 2045 εὐσταθῶς
3164 1980 3452 2051 προϊούσης
3471 1977 3714 2047 ἀρχιεμυτᾷ-

2231 2098 2329 2152 νης
2386 2082 2680 2148 συγχεῖται.
2717 2074 3057 2129 Διαλαϐοῦσα
3099 2073 3236 2143 γοῦν
3290 2073 3322 2145 ἡ
3366 2070 3712 2141 προδεδηλωμένη

2231 2172 2328 2244 τὴν
2359 2170 2552 2242 ἀρχὴν.
2583 2170 2682 2241 τὴν
2710 2169 2806 2240 μὲν
2837 2167 3254 2241 ἀρχιερωσύνην
3279 2162 3508 2236 Ὑρκανῷ
3535 2161 3594 2232 τῷ
3617 2160 3715 2212 mil

2231 2263 2464 2328 δίδωσιν,
2496 2263 2632 2332 αὑτὴ
2663 2261 2720 2314 δὲ
2748 2260 2843 2330 τὴν
2868 2259 3144 2330 βασιλείαν
3173 2259 3268 2329 ἔτη
3298 2258 3339 2311 θ’
3363 2255 3648 2324 κατασχοῦσα

2232 2352 2413 2424 λευτᾷ.
2449 2351 2583 2405 Μεθ’
2611 2352 2675 2420 ἥν
2719 2347 3144 2422 Ἀριστόϐουλος,
3178 2349 3362 2420 ἕτερος
3391 2346 3532 2408 αὐτὸς
3559 2342 3714 2394 πλεῖστα

2236 2445 2530 2508 στασιάσας
2569 2444 2704 2514 πρὸς
2729 2443 2816 2496 τὸν
2847 2442 3093 2510 ἀδελφὸν,
3129 2444 3336 2494 ἐκεῖνον
3369 2439 3458 2508 μὲν
3481 2437 3562 2506 τὴν
3592 2437 3715 2503 ἀρχιε-

2238 2537 2480 2609 ρωσύνην
2530 2537 2864 2607 ἀφαιρεῖται,
2891 2533 3051 2596 αὐτὸς
3097 2532 3156 2585 δὲ
3205 2533 3340 2604 πρὸς
3380 2529 3530 2600 ταύτῃ
3555 2525 3712 2592 καὶτῆς

2237 2629 2514 2700 βασιλείας
2580 2627 2720 2699 μετὰ,
2774 2627 2952 2698 τρίτον
2995 2625 3112 2687 ἔτος
3161 2623 3469 2678 ἀποπίπτει.
3511 2615 3714 2687 Ῥωμαίων

2234 2716 2342 2787 γὰρ
2383 2715 2577 2768 αὐτίκα
2629 2715 2931 2786 στρατηγὸς
2967 2715 3252 2786 Πομπήϊος
3300 2710 3526 2773 ἐπιστὰς,
3549 2707 3621 2776 τὴν
3650 2705 3712 2775 μὲν

2247 2805 2598 2878 Ἰερουσαλὴμ
2629 2807 2770 2859 κατὰ
2823 2805 3020 2877 κράτος
3074 2805 3371 2876 πολιορκεῖ,
3399 2800 3571 2871 μιαίνει
3599 2813 3640 2848 τε
3670 2793 3712 2845 τὰ

2237 2896 2366 2965 ἅγια
2414 2897 2574 2968 μέχρι
2605 2895 2713 2948 τῶν
2741 2895 2949 2949 ἀδύτων
2985 2895 3078 2948 τοῦ
3125 2895 3274 2967 ἱεροῦ
3305 2889 3567 2965 προελθὼν,
3593 2884 3709 2939 ebrii

2249 2988 2650 3061 Ἀριστόϐουλον
2681 2989 2898 3059 δέσμιον
2925 2989 3016 3041 ἐπὶ
3060 2987 3282 3059 Ῥώμης
3302 2987 3414 3056 ἅμα
3430 2984 3604 3042 τέκνοις
3630 2980 3712 3032 ἀνι·

563 3081 798 3154 Moysem
821 3081 1006 3146 Jacobi
1032 3081 1342 3151 praedictio:
1373 3100 1390 3132 ι
1421 3079 1538 3134 Νοη
1561 3081 1838 3136 auferetur
1859 3089 2130 3152 sceptrum

2237 3083 2442 3154 πέμπει
2457 3099 2470 3112 ·
2499 3081 2615 3153 μεθ’
2631 3081 2690 3134 ὃν
2720 3080 2919 3134 καὶτοῦ
2947 3080 3216 3151 Ὑρκανοῦ
3235 3079 3336 3132 ὑπὸ
3355 3074 3555 3148 Πάρθων
3576 3073 3707 3138 αἰχμα-

563 3173 632 3229 de
661 3171 820 3236 Juda,
852 3181 906 3228 et
955 3173 1059 3228 dux
1095 3173 1164 3228 de
1211 3172 1414 3228 femore
1447 3173 1588 3241 ejus,
1619 3171 1792 3229 donec
1828 3175 2010 3229 veniat
2041 3173 2134 3242 qui

564 3264 861 3320 mittendus
887 3272 1004 3332 est;
1035 3274 1086 3319 et
1116 3265 1232 3336 ipse
1247 3265 1349 3320 erit
1366 3265 1702 3334 exspectatio
1725 3266 1964 3336 gentium
1997 3265 2062 3320 “.
2111 3285 2130 3318 ι

565 3354 726 3424 Atqui
757 3356 1102 3410 manifestum
1146 3365 1228 3412 est
1277 3357 1392 3412 sive
1422 3357 1701 3424 historiis,
1747 3357 1862 3413 sive
1909 3357 1976 3412 iis
2017 3372 2137 3426 qna:

565 3446 873 3510 retulimus,
897 3463 1070 3516 usque
1104 3447 1171 3500 ad
1201 3446 1487 3510 Herodem,
1520 3463 1630 3518 quo
1676 3458 1934 3519 regnante
1974 3457 2136 3504 natus

566 3545 652 3592 est
699 3537 987 3602 Christus,
1019 3538 1186 3594 totius
1220 3538 1398 3608 gentis
1431 3549 1704 3609 sceptrum
1746 3554 1853 3592 non
1896 3540 2136 3594 ablatum

569 3627 740 3684 fuisse
766 3629 832 3684 de
857 3628 1114 3685 Hebraais.
1143 3628 1324 3684 Primo
1355 3629 1520 3699 igitur
1550 3643 1616 3684 ex
1643 3629 1816 3684 aliena
1847 3638 2006 3703 gente
2051 3647 2137 3687 re-

569 3729 769 3792 gnante
796 3719 1026 3784 Herode,
1061 3721 1318 3776 continuo
1347 3717 1551 3775 Christi
1584 3720 1888 3774 incarnatio
1917 3721 2138 3790 impleta

567 3818 672 3875 est,
717 3810 1064 3881 gentiumque
1112 3809 1469 3880 praenuntiata
1513 3811 1886 3880 exepectatio,
1943 3811 2139 3866 ditl‘usa

569 3917 666 3972 per
715 3916 931 3957 omnem
997 3908 1210 3971 gentem
1267 3899 1566 3956 Salvatoris
1617 3901 1789 3956 nostri
1858 3901 2138 3970 doctrina,

570 4007 759 4048 revera
791 3995 1158 4048 consummari
1191 3996 1372 4064 cmpit.
1425 3993 1577 4048 Tunc
1606 4003 1659 4048 et
1712 3991 1972 4053 Danielis.
2017 4000 2140 4062 post

573 4085 936 4141 hebdomades
969 4085 1035 4140 de
1059 4086 1259 4156 quibus
1290 4087 1676 4151 disseruimus,
1723 4087 1927 4140 exitum
1952 4085 2142 4142 habuit

571 4176 874 4248 praedictio,
904 4176 1092 4233 dicens
1117 4197 1130 4231 :
1173 4195 1190 4228 ι
1219 4178 1285 4232 Et
1318 4184 1439 4248 post
1471 4177 1835 4231 hebdomades
1861 4178 2139 4246 sexaginta

569 4271 710 4324 duas
737 4269 1014 4323 occidetur
1042 4269 1316 4332 Christus,
1343 4276 1396 4323 et
1417 4267 1683 4337 judicium
1715 4283 1821 4321 non
1851 4277 1934 4323 est
1965 4268 2018 4322 in
2050 4283 2136 4336 eo.

572 4359 639 4412 Et
667 4359 938 4414 civitatein
967 4369 1016 4414 et
1045 4360 1414 4413 sanctuarium
1441 4359 1727 4429 dissipabit
1756 4360 1987 4429 pepulus
2017 4375 2138 4413 cum

2237 3171 2405 3226 λώτου
2435 3171 2710 3243 ἀχθέντος,
2737 3171 2832 3242 τὴν
2867 3170 3007 3224 κατὰ
3056 3169 3321 3224 Ἰουδαίων
3357 3154 3592 3237 βασιλείαν

2234 3279 2326 3327 τος
2355 3261 2414 3326 ἐξ
2444 3261 2608 3314 ἐθνῶν
2637 3259 2880 3332 Ἡρώδης
2910 3259 3060 3331 παρά
3078 3259 3180 3329 τῆς
3207 3255 3488 3326 συγκλήτου
3511 3247 3708 3318 Ῥωμαίων

2237 3353 2597 3424 ἐγχειρίζεται
2619 3371 2630 3383 ·
2667 3353 2741 3417 ώς
2779 3353 2874 3424 μὲν
2903 3354 2931 3405 ὁ
2967 3351 3230 3424 Ἰώσηπος
3259 3340 3709 3420 παραδίδωσιν,’1δον-

2241 3449 2398 3517 μαῖος
2446 3445 2587 3498 κατὰ
2639 3445 2850 3516 πατέρα
2891 3443 2952 3496 τὸ
2993 3445 3148 3512 γένος
3199 3439 3533 3512 ὣν.Ἀρά6ιος
3556 3428 3707 3485 δὲκατά

2241 3537 2469 3608 μητέρα·
2489 3537 2564 3600 ὼς
2592 3535 2635 3588 δ’
2658 3538 2687 3588 ὁ
2715 3535 3056 3606 Ἀφρικανὸς,
3079 3530 3138 3588 οὗ
3176 3531 3352 3605 μικρῷ
3380 3527 3576 3600 πρόσθεν
3600 3517 3707 3588 ἐμνή-

2240 3629 2465 3700 σθημεψ
2509 3648 2526 3679 ι
2557 3627 2723 3680 Φασὶν
2767 3627 2816 3679 οἱ
2848 3625 2916 3678 τὰ
2967 3627 3086 3678 κατ’
3115 3627 3278 3679 αὐτὸν
3313 3609 3707 3700 ἀκριϐοῦντες

2236 3719 2497 3791 τίπατρον
2543 3718 2761 3790 (τοῦτον
2808 3718 2854 3771 δ’
2887 3713 3024 3771 εἶναι
3070 3717 3218 3789 αὑτῷ
3263 3709 3485 3783 πατέρα)
3539 3698 3704 3772 Ἦρώδσδ

2237 3812 2380 3875 τινὸς
2417 3809 2806 3863 Ἀσκαλωνίτου
2834 3809 2942 3862 τῶν
2978 3811 3104 3882 περὶ
3133 3810 3223 3864 τὸν
3253 3808 3382 3861 νεὼν
3411 3802 3492 3856 τοῦ
3523 3792 3707 3850 ’Δπῶιλωι

2238 3920 2328 3966 νος
2355 3902 2666 3975 ἱεροδούλων
2693 3902 2996 3972 γεγονέναι.
3029 3922 3047 3952 ι
3094 3903 3189 3966 Εἰς
3231 3901 3292 3972 δὴ
3331 3894 3416 3952 οῦν
3439 3895 3516 3946 τὸν
3541 3883 3704 3980 τοιοῦτον

2240 3994 2338 4066 τῆς
2381 3994 2646 4047 Ἰουδαίων
2671 3993 3057 4065 περιελθούσης
3086 3994 3279 4065 ἀρχῆς,
3307 3993 3361 4043 ὲν
3399 4005 3459 4040 τα
3488 3981 3584 4053 (sic)
3611 3976 3704 4040 αὐτῷ

2243 4085 2379 4156 μετὰ
2412 4085 2518 4138 τῶν
2549 4085 2720 4138 ἄλλων
2751 4085 3041 4156 προφητῶν
3068 4085 3161 4138 καὶ
3191 4087 3224 4155 ἡ
3253 4073 3706 4156 “militum”???

2243 4152 2378 4245 μένη
2419 4173 2512 4227 τοῦ
2553 4174 2741 4228 Ἰακὼϐ
2771 4152 3066 4245 πληροῦται
3095 4152 3388 4247 πρόρρησις
3405 4181 3419 4197 ⁸
3449 4187 3466 4217 ί
3491 4152 3704 4253 Ouidi!"

2238 4266 2328 4336 ψει
2356 4266 2534 4337 ἄρχων
2553 4265 2610 4331 ἐξ
2650 4265 2817 4320 Ἰούδα
2840 4286 2858 4317 δ
2886 4267 3122 4336 φήσασα,
3147 4284 3165 4318 ι
3191 4266 3283 4318 καὶ
3305 4257 3560 4333 ἡγούμενος
3582 4251 3702 4337 intan

2249 4355 2438 4428 μηρῶν
2475 4356 2662 4418 αὐτοῦ’
2693 4357 2796 4420 ἓως
2829 4356 2894 4410 ἂν
2927 4357 3055 4430 ἔλθῃ
3093 4349 3136 4424 ᾧ
3179 4355 3476 4410 ἀπόκειται·
3501 4344 3574 4430 καί
3599 4332 3702 4430 αὖτις

572 4448 712 4504 duce
744 4459 1007 4504 venturo:
1041 4457 1094 4504 et
1135 4449 1257 4504 linis
1289 4450 1409 4520 ejus
1437 4425 1682 4512 vastiias,
1715 4425 1771 4505 et
1817 4425 1940 4520 post
1982 4451 2132 4505 tinem

2250 4425 2542 4518 προσδοκία
2573 4447 2760 4501 ἐθνῶν.
2793 4466 2810 4498 ι
2849 4447 2959 4500 Καὶ
2993 4425 3255 4518 πρόδηλόν
3277 4460 3338 4513 γε
3363 4441 3418 4493 ἔκ
3443 4453 3493 4490 τε
3515 4426 3701 4520 τῶνῇίπθ

575 4543 700 4598 belli
731 4549 932 4598 statuta
965 4542 1252 4598 desolatio.
1289 4562 1308 4594 ι

2254 4515 2404 4610 ριῶν,
2436 4539 2532 4592 καὶ
2580 4539 2686 4592 τῶν
2734 4541 2864 4610 ἡμῖν
2917 4515 3345 4611 παρατεθέντων,
3379 4534 3450 4586 ὅτι
3485 4525 3536 4594 δὴ
3576 4515 3700 4609 μέχριξ

587 4636 846 4710 Ἡρώδου,
880 4636 1000 4691 καθ’
1027 4636 1085 4690 ὃν
1113 4639 1141 4691 ό
1173 4637 1406 4710 Χριστὸς
1429 4639 1766 4710 γεγέννηται,
1794 4639 1853 4692 οῦ
1881 4637 2142 4691 διέλειπεν
2178 4639 2210 4708 ὴ
2257 4635 2315 4702 ἐξ
2357 4635 2534 4690 αὐτῶν
2605 4634 2869 4706 Ἑϐραίων
2922 4635 3064 4688 κατά
3113 4633 3173 4704 (l'.
3201 4634 3263 4688 M
3296 4630 3364 4700 v°)
3401 4615 3611 4710 διαδοχὴν·

576 4730 777 4794 παντὸς
807 4730 991 4794 ἔθνους
1035 4732 1394 4802 ἡγησαμένων
1428 4733 1594 4804 ἀρχή.
1633 4733 1858 4803 Πρώτου
1888 4731 1944 4784 δὲ
1973 4730 2032 4783 τὺ
2059 4730 2215 4798 γένος
2241 4727 2540 4798 ἀλλοφύλου
2575 4727 2988 4798 βασιλεύσαντος
3051 4726 3230 4780 αὐτῶν
3292 4717 3518 4792 Ἡρώδου,
3566 4721 3618 4804 ἔν

579 4824 677 4895 μὲν
727 4825 821 4876 καὶ
847 4825 880 4893 ὴ
911 4823 1006 4876 τοῦ
1036 4799 1272 4898 Χριστοῦ
1318 4799 1588 4896 παρουσία
1638 4799 1959 4895 πληροῦται,
1995 4822 2088 4874 καὶ
2117 4823 2149 4892 ἡ
2188 4819 2296 4872 τῶν
2321 4819 2488 4874 ἐθνῶν
2516 4818 2972 4890 προθεσπισθείσα
2998 4817 3288 4889 προσδοκία
3345 4809 3421 4865 διὰ
3439 4807 3518 4898 τῆξ
3539 4799 3576 4850 εί

3601 4697 3696 4749 ialm

3577 4810 3600 4856 ς
3630 4785 3694 4838 πᾶν

575 4873 725 4979 ἔθνος
766 4873 1165 4987 διαδραμούσῗης
1205 4915 1298 4969 τοῦ
1345 4873 1594 4988 Σωτῆρος
1620 4873 1777 4988 hui-3‘;
1801 4873 2149 4978 διδασκαλίας
2181 4915 2324 4986 ἔργῳ
2354 4873 2717 4967 συντελέῖσθαι
2758 4912 2956 4984 ἤρξατο
2975 4929 2987 4942 ν
3042 4873 3169 4963 ⁸τότε
3209 4910 3355 4976 καὶὴ
3386 4906 3434 4955 ὲν

579 4969 722 5076 μετά
763 5007 863 5070 τὰς
885 4969 1294 5080 ⁸διαληςρθείσας
1332 5011 1460 5080 ἡμῖν
1485 4969 1796 5080 ’έϐδοξϊὰδας
1845 4969 2146 5081 πρόρρησις
2184 4969 2632 5080 ἐπεσφραγίζετο,
2663 4969 2960 5074 φάσκουσα·
3003 5023 3019 5052 ε
3055 5005 3165 5057 Καὶ
3192 4969 3457 5074 μετὰυτάς
3481 4969 3692 5082 Δέδδθξέάῗ

575 5095 672 5161 τὰς
697 5097 773 5168 ξβ¹
798 5078 1303 5172 ὲξολοθρευθήσεται
1324 5078 1552 5172 χρίσμα,
1575 5078 1665 5154 καὶ
1693 5105 1864 5172 κρίμα
1885 5078 2152 5155 οὑκ-ἐστιν
2191 5101 2248 5152 ἐν
2282 5078 2456 5169 αὐτῷ·
2495 5099 2588 5150 καὶ
2623 5098 2719 5168 τὴν
2752 5097 2902 5150 πόλιν
2937 5097 3030 5149 καὶ
3079 5095 3142 5148 τὸ
3184 5095 3330 5163 ἅγιον
3366 5078 3590 5150 διαφθερεῖ

3636 5059 3692 5110 ὠν

576 5187 655 5258 τῷ
679 5190 964 5260 ἡγουμένῳ
993 5191 1070 5263 τῷ
1111 5193 1420 5264 ἐρχομένῳ·
1493 5195 1586 5247 καὶ
1631 5195 1956 5265 κοπήσονται
1997 5197 2055 5248 ἐν
2113 5193 2479 5265 κατακλυσμῴ
2501 5236 2515 5262 ,
2556 5193 2650 5246 καὶ
2696 5193 2800 5256 ἕως
2845 5191 3031 5254 τέλους
3077 5190 3308 5261 πολέμου
3363 5165 3687 5238 σνντετμημενω

579 5279 924 5350 ἀφανισμοῖς.
957 5299 978 5333 ι

655 5385 674 5418 ο
713 5367 961 5434 Quodam
997 5369 1163 5442 igitur
1195 5374 1376 5440 modo,
1409 5376 1650 5446 priorum
1691 5376 1757 5432 de
1788 5376 1983 5447 quibus
2007 5391 2150 5432 men-

649 5482 697 5514 “
721 5481 857 5540 Gen.
886 5501 1036 5553 XLIX,
1075 5489 1160 5544 l0.

652 5621 728 5693 (Ι)
753 5620 974 5692 Joseph.
1008 5626 1188 5692 Antiq.
1221 5644 1332 5693 xiv,
1367 5627 1418 5694 7,
1447 5628 1498 5683 5.

2333 5387 2350 5422 ι
2383 5369 2514 5422 Τίνα
2552 5367 2647 5438 μὲν
2679 5361 2770 5419 οὖν
2809 5365 3004 5436 τῷπον
3026 5367 3058 5435 ἡ
3080 5364 3184 5417 τῶν
3217 5344 3562 5436 προρρηθεισῶν
3591 5330 3685 5389 ιω).

2326 5625 2400 5690 (2)
2435 5623 2632 5680 Euseb.
2671 5623 2811 5678 llisl.
2854 5622 2978 5677 εστι.
3015 5636 3053 5686 ι,
3088 5622 3139 5685 7,
3168 5622 3221 5678 8.
