4008 6208
256 290 402 348 “85

1247 288 1541 345 Εειοῦιίῑ
1581 286 2057 344 PliOPHETlC/E.
2096 320 2166 330 —-
2203 289 2331 344 LIB.
2372 289 2455 346 Ill.

3362 291 3503 348 “86

261 408 446 478 μάδων
471 402 579 458 τῶν
596 420 654 458 τε
671 402 950 475 προτέρων
989 400 1135 474 [ν]ζ’,
1154 403 1246 457 καὶ
1262 402 1373 457 τῶν
1385 404 1476 457 ἐπὶ
1493 403 1716 466 ταύταις
1733 403 1831 473 ξβ’,

1956 405 2140 459 ,ionem
2189 406 2353 461 modo
2389 405 2639 468 fecimus,
2666 404 3063 461 hebdomadam
3119 404 3298 478 [1.]vu,
3342 415 3508 461 caete-

257 497 567 573 προφητεία
601 497 699 567 (1),
735 499 792 549 ὲν
829 489 917 559 αἷς
950 496 1089 549 κατὰ
1119 496 1217 566 τὴν
1249 496 1342 549 τοῦ
1376 497 1564 565 γένους
1586 497 1832 567 διαδοχὴν

258 593 528 664 προσήκει
570 587 975 659 διαλαμϐάνειν,
1014 589 1107 641 καὶ
1139 591 1202 659 τῇ
1249 587 1409 659 μέχρι
1454 588 1558 641 τῶν
1598 588 1833 660 Ἡρώδου

258 680 465 752 χρόνων
491 677 702 749 ἱστορίᾳ⁸
727 676 956 748 δηλούσῃ
979 678 1103 740 τοὺς
1122 677 1261 731 κατὰ
1289 677 1534 749 διαδοχὴν
1562 679 1834 751 ἀρχιερεῖς

258 771 346 824 διὰ
375 770 557 841 πάσης
584 767 799 840 χριστός
821 785 903 831 τις
925 769 1017 820 καὶ
1049 769 1333 839 ἀρχιερεὺς
1357 771 1540 839 ἡγεῖτο
1566 769 1659 821 τοῦ
1680 768 1830 833 λαοῦ,

258 863 335 927 ὡς
366 861 452 915 διὰ
478 861 626 914 τουτὶ
663 859 911 930 εἰρῆσθαι
942 859 1019 930 τῷ
1044 860 1275 931 χρησμῷ
1305 861 1384 925 τὸ,
1423 881 1440 911 ι
1476 862 1579 925 ἓως
1611 862 1830 932 χριστοῦ

257 951 587 1023 ἡγουμένου,
626 970 643 1002 ι
681 950 849 1019 πέρας
880 948 1096 1021 εἴληφεν
1142 952 1218 1013 εἰς
1255 951 1378 1014 τοὺς
1418 951 1559 1004 κατὰ
1590 951 1833 1023 Ἡρώδην

260 1043 504 1114 χρόνους,
549 1042 624 1105 ώς
672 1040 897 1112 δύναμις
947 1043 1097 1111 ἡμῖν,
1130 1041 1443 1112 δεδήλωται.
1494 1042 1619 1105 Πῶς
1667 1042 1711 1095 δ’
1745 1044 1835 1096 ἐπὶ

257 1136 471 1197 τούτοις
518 1134 656 1206 μετά
688 1135 784 1206 τὴν
831 1135 1220 1207 συμπλήρωσιν
1263 1133 1355 1187 τοῦ
1402 1134 1836 1206 προδηλωθέντος

257 1225 371 1279 τῶν
393 1224 697 1295 ἑϐδομάδων
725 1224 916 1295 χρόνου
953 1243 971 1274 ι
1007 1224 1371 1296 ὲξωλοθρεύθη
1403 1225 1629 1295 χρίσμα,
1658 1226 1737 1278 ὃτι
1765 1227 1836 1297 μὴ

258 1320 442 1390 κρίμα
468 1314 535 1389 ἦν
561 1320 616 1370 ὲν
648 1317 815 1387 αὐτῷ,
852 1336 870 1368 ι
905 1316 1094 1387 ὥσπερ
1122 1318 1167 1370 δ’
1199 1313 1291 1370 οὖν
1323 1318 1383 1371 τὸ
1416 1318 1593 1387 λόγιον
1625 1320 1837 1391 μηνύει,

1944 511 2237 565 rarumque
2297 503 2419 567 post
2468 497 2589 551 illas
2644 512 2778 561 un,
2833 496 3137 567 prophetia,
3196 527 3269 537 —
3309 498 3509 567 quibus

1946 604 2217 643 summum
2277 588 2644 644 sacerdotium
2697 588 2914 659 generis
2957 588 3081 659 jure
3127 588 3339 658 obtigit,
3382 603 3508 642 cum

1952 694 2124 751 usque
2159 681 2223 735 ad
2257 680 2485 735 Herodis
2524 689 2769 750 tempora
2802 695 2994 735 omnes
3023 680 3262 735 ostendit
3284 679 3508 734 historia

1952 774 2263 829 sacerdotes
2318 787 2545 842 magnos
2603 772 2974 826 successionis
3020 773 3141 825 vice
3183 786 3279 841 per
3338 779 3507 825 totam

1946 882 2133 921 eorum
2152 869 2338 931 vitam,
2370 866 2590 935 quando
2615 864 2856 920 christus
2875 865 3052 933 quivis
3085 870 3138 917 et
3159 877 3404 918 summus
3430 877 3512 916 sa-

1946 957 2139 1011 cerdos
2171 957 2369 1027 populo
2404 962 2652 1025 praeerat,
2687 964 2745 1008 ut
2789 969 2907 1009 eam
2936 954 3007 1009 ob
3036 968 3258 1009 causam
3287 954 3510 1022 oraculo

1945 1048 2239 1112 diceretur,
2268 1066 2286 1098 ι
2315 1063 2487 1118 usque
2553 1048 2619 1101 ad
2667 1046 2932 1102 christum
2995 1046 3185 1100 ducem
3206 1087 3221 1112 ,
3252 1064 3270 1097 ι
3306 1046 3509 1101 exitum

1946 1139 2175 1195 Herodis
2207 1147 2449 1210 tempore
2467 1139 2673 1203 habuit,
2720 1140 2884 1199 sicut,
2918 1147 3184 1209 quantum
3234 1139 3388 1193 licuit
3416 1140 3511 1195 de-

1944 1233 2389 1287 monstravimus.
2420 1231 2719 1298 Quomodo
2773 1240 2953 1285 autem
2987 1238 3108 1302 post
3163 1246 3511 1286 consumma-

1939 1334 2054 1380 tum
2087 1325 2470 1395 praedictarum
2504 1324 2903 1379 hebdomadum
2934 1333 3171 1393 tempus,
3200 1342 3219 1374 ι
3250 1324 3511 1379 abolitum

259 1414 530 1484 σημαῖνον
581 1413 661 1466 ὅτι
709 1410 847 1481 μετὰ
889 1411 1125 1480 κρίσεως
1170 1411 1389 1480 εὐλόγου
1433 1413 1494 1465 τὸ
1532 1413 1739 1484 χρίσμα
1781 1412 1841 1467 τὸ

1956 1425 2023 1473 εει
2050 1418 2307 1483 chrisma,
2354 1416 2482 1486 quia
2518 1432 2629 1471 non
2659 1416 2926 1486 judicium
2979 1425 3096 1471 erat
3121 1416 3174 1469 in
3205 1431 3291 1480 eo,
3319 1433 3338 1468 ι
3369 1418 3513 1471 sicut

259 1504 403 1558 κατὰ
450 1504 549 1574 τὴν
578 1502 985 1573 ἀρχιερωσύνην
1020 1504 1115 1555 ἐπὶ
1147 1502 1240 1555 τοῦ
1275 1502 1599 1575 δηλουμένου
1648 1504 1840 1576 καιροῦ

1956 1509 2047 1564 'ert
2100 1508 2396 1579 Scriptura:
2427 1517 2629 1574 textus,
2677 1510 2990 1580 signiﬁcans
3018 1507 3186 1579 quod,
3221 1516 3344 1579 post
3369 1508 3515 1579 judi-

261 1591 765 1663 συντελεσθήσεται,
814 1592 980 1660 σαφὲς
1023 1591 1088 1644 ἂν
1119 1591 1326 1660 γένοιτο
1373 1596 1483 1656 τοῖς
1520 1595 1842 1664 ἐπιστήσασι

1956 1603 2083 1658 :ium
2146 1602 2406 1672 prudens,
2461 1601 2719 1666 chrisma,
2763 1602 3064 1657 secundum
3102 1618 3375 1657 summum
3425 1616 3515 1661 sa-

261 1686 333 1754 τῇ
373 1701 431 1736 τε
454 1682 547 1735 τοῦ
581 1683 745 1750 νόμου
767 1681 1026 1746 διατάξει,
1047 1682 1125 1752 (ὲν
1153 1676 1290 1755 ᾖδιὰ
1317 1681 1432 1752 βίου
1462 1682 1654 1753 μέχρις
1676 1682 1843 1752 αὐτῆς

1956 1694 2269 1756 :erdotium,
2303 1694 2615 1750 absolutum
2661 1695 2788 1760 erit,
2820 1702 3070 1765 apertum
3114 1704 3260 1751 esset
3293 1696 3379 1752 his
3422 1697 3517 1769 qui

263 1775 516 1845 τελευτῆς
566 1774 961 1846 προστέτακται
994 1775 1092 1843 τὴν
1140 1774 1546 1846 ἀρχιερωσύνην
1595 1776 1719 1837 τοὺς
1764 1768 1842 1837 οἷς

1956 1787 2081 1857 legis
2111 1785 2460 1857 prmeeptioni
2514 1787 2779 1842 inhaerent
2827 1789 2955 1857 (qua
3008 1802 3104 1857 per
3149 1795 3315 1842 totam
3349 1768 3519 1844 vitam

265 1866 411 1921 κατὰ
432 1866 529 1937 τὴν
549 1863 642 1917 τοῦ
664 1864 854 1933 γένους
874 1864 1120 1934 διαδοχὴν
1138 1866 1401 1935 προσήκει
1416 1863 1842 1933 διαλαμϐάνειν),

1956 1893 2120 1947 [usque
2144 1877 2211 1931 ad
2244 1888 2473 1934 mortem
2497 1894 2771 1933 summum
2791 1880 3099 1933 sortiuntur
3128 1880 3518 1949 sacerdotium,

266 1960 364 2011 καὶ
388 1959 452 2027 τῇ
500 1955 660 2027 μέχρι
695 1954 800 2007 τῶν
845 1952 1082 2025 Ἡρώδου
1111 1955 1315 2025 χρόνων
1344 1954 1574 2024 ἱστορίᾳ.
1615 1952 1847 2025 δηλούσῃ

1956 1969 2149 2038 quibus
2215 1969 2317 2023 hoc
2379 1985 2578 2023 munus
2644 1970 2859 2039 generis
2913 1971 3037 2039 jure
3097 1970 3334 2043 obtigit),
3360 1978 3522 2041 atque

262 2051 391 2113 τοὺς
419 2048 561 2103 κατά
608 2045 857 2117 διαδοχὴν
896 2048 1168 2118 ἀρχιερεῖς
1196 2045 1283 2098 διὰ
1326 2044 1505 2116 πάσης
1535 2046 1631 2115 τῆς
1670 2044 1845 2099 αὐτῶν

1956 2078 2122 2131 usque
2186 2061 2253 2115 ad
2309 2060 2537 2117 Herodis
2591 2072 2804 2131 tempus
2846 2063 3096 2129 historia,
3125 2080 3246 2133 qua:
3282 2063 3521 2119 ostendit

264 2142 413 2214 ζωῆς
433 2141 740 2204 ἀκολούθως
768 2144 835 2212 τῇ
866 2141 993 2211 περὶ
1034 2138 1211 2193 αὐτῶν
1242 2138 1533 2208 νομοθεσίᾳ
1564 2138 1658 2207 τῆς
1684 2136 1849 2206 τιμῆς

1956 2153 2068 2221 iure
2103 2153 2472 2208 successionis
2491 2154 2804 2208 sacerdotes
2834 2170 3079 2210 summos
3111 2155 3214 2208 hac
3257 2154 3521 2225 dignitate

263 2232 550 2302 ἠξιῶσθαι.
596 2233 741 2293 ὅπως
770 2247 828 2283 τε
867 2230 986 2282 κατ’
1019 2228 1179 2281 αὑτὸν
1215 2225 1458 2298 Ἡρώδην
1488 2227 1547 2278 οὐ
1585 2226 1742 2297 μόνον
1781 2226 1848 2280 τὰ

263 2324 369 2392 τῆς
403 2322 658 2391 τοιαύτης
691 2320 816 2391 περὶ
859 2319 982 2383 τοὺς
1016 2319 1289 2389 ἀρχιερεῖς
1336 2319 1595 2387 διαταγῆς
1630 2316 1847 2384 συγχεῖ-

263 2415 359 2467 ταί
387 2431 448 2466 τε
483 2415 575 2467 καὶ
612 2410 1001 2483 διαφθείρεται,
1029 2410 1162 2464 ἀλλὰ
1186 2410 1281 2464 καὶ
1311 2409 1411 2479 τῆς
1450 2409 1609 2476 ἁγίας
1636 2409 1844 2477 στολῆς,

264 2507 338 2575 ἦν
364 2506 630 2575 ὐπομόνον
655 2504 774 2575 (sic)
803 2502 930 2572 ἐξῆν
966 2498 1102 2555 εἶναι
1140 2502 1230 2555 τὸν
1271 2500 1551 2572 ἀρχιερέα,
1586 2501 1665 2553 ὅτι
1700 2499 1773 2570 μὴ
1803 2499 1847 2552 δ’

266 2597 442 2668 ἑτέρῳ
474 2596 506 2666 ἢ
541 2594 688 2665 αύτῴ
728 2594 872 2664 μόνῳ
917 2594 973 2645 ὲν
1023 2592 1196 2665 ταύτῃ
1239 2592 1570 2662 λειτουργεῖν
1604 2588 1721 2654 ἐξὸν
1760 2585 1848 2660 ἦν,

267 2691 372 2759 τὴν
402 2688 645 2753 ἐξουσίαν
674 2686 867 2748 αὐτοὺς
898 2684 1142 2755 Ἡρώδης
1167 2683 1493 2754 ἀφελόμενος
1523 2683 1610 2751 ὑφ’
1636 2682 1847 2747 ἑαυτὸν,

267 2783 367 2835 καὶ
397 2781 567 2834 ταῦτα
598 2780 891 2849 ἀλλόφυλος
919 2777 1016 2841 ὣν,
1051 2778 1302 2829 ποιεῖται.
1327 2776 1389 2827 Ei
1409 2774 1465 2826 δὲ
1498 2774 1602 2844 χρὴ
1626 2774 1718 2825 καὶ
1739 2770 1853 2824 τού-

269 2897 379 2931 των
408 2876 745 2948 παραθέσθαι
766 2874 1043 2944 ἐλέγχους,
1070 2872 1223 2942 δέχου
1246 2872 1307 2941 δὴ
1334 2870 1428 2924 τοῦ
1459 2870 1731 2941 μάρτυρος
1754 2869 1852 2933 τὰς

271 2970 458 3039 φωνὰς
484 2969 590 3037 (ἃς)
619 2970 647 3020 ὁ
681 2965 739 3031 ἐξ
780 2964 957 3018 αὐτῶν
994 2964 1260 3034 Ἑϐραίων
1300 2962 1581 3032 Ἰώσηπος,
1615 2966 1712 3032 τῆς
1744 2961 1851 3013 τῶν

1948 2253 2225 2314 pertotam
2263 2245 2429 2299 vitam
2457 2246 2758 2301 secundum
2811 2248 2956 2301 illam
3000 2248 3396 2317 legislationem
3423 2264 3523 2318 po-

1950 2338 2101 2399 titos,
2136 2336 2307 2406 quod'
2340 2336 2552 2392 Herode
2607 2350 2869 2409 regnante
2915 2356 3022 2393 non
3061 2340 3229 2395 modo
3254 2341 3370 2395 haec
3403 2342 3520 2412 ipsa

1950 2428 2017 2483 do
2048 2428 2277 2483 smnmis
2300 2428 2675 2483 sacerdotibus
2708 2430 2793 2483 lex
2824 2430 3082 2498 abrogata
3131 2438 3184 2485 et
3210 2432 3384 2485 deleta
3413 2439 3519 2501 est,

1952 2519 2047 2574 sed
2067 2527 2121 2573 et
2152 2526 2343 2574 sancta
2374 2520 2565 2583 vestis,
2600 2535 2706 2589 qua
2731 2522 2907 2574 solum
2935 2521 3086 2575 indui
3117 2522 3199 2578 fas
3229 2531 3345 2577 erat
3370 2538 3524 2578 sum-

1952 2627 2101 2666 mum
2156 2612 2516 2675 sacerdotem,
2551 2627 2823 2682 quamque
2874 2614 3009 2667 nulli
3063 2614 3167 2667 nisi
3203 2615 3306 2684 ipsi
3336 2614 3439 2669 soli
3464 2615 3521 2670 in

1953 2704 2290 2758 solemnibus
2320 2705 2517 2759 ritibus
2548 2705 2690 2759 ferre
2722 2706 2930 2759 licitum
2958 2715 3096 2771 erat,
3122 2716 3412 2776 postquam
3454 2708 3523 2763 ab

1955 2793 2021 2848 iis
2045 2792 2341 2848 detractam
2398 2795 2525 2858 sibi,
2560 2810 2683 2849 cum
2711 2805 2856 2852 esset
2905 2797 3227 2868 alienigena,
3283 2796 3524 2855 Herodes

1954 2884 2272 2953 assumpsit.
2305 2881 2550 2950 Quorum
2591 2886 2635 2939 si
2654 2885 2979 2941 documenta
3036 2897 3163 2941 sunt
3214 2888 3523 2957 pnebenda,

1955 2974 2111 3028 testis
2137 2975 2463 3030 adhibeatur
2502 2976 2800 3030 ilebraicus
2828 2977 2945 3046 ipse
2974 2974 3265 3047 Josephus,
3314 2993 3527 3034 necnon

273 3062 465 3131 ίερέων
508 3062 599 3113 καὶ
636 3059 796 3121 αὐτὸς
827 3056 1127 3127 ἠξιωμένος
1165 3054 1351 3123 τιμῆς,
1395 3054 1489 3106 καὶ
1541 3054 1729 3122 γένους
1757 3052 1851 3105 τοῦ

1957 3066 2247 3120 sacerdotii
2281 3066 2546 3137 dignitate
2591 3068 2915 3132 honoratus,
2962 3078 3017 3123 et
3047 3084 3243 3139 genere
3257 3070 3399 3139 apud
3433 3085 3527 3126 eos

272 3157 404 3225 παρ’
433 3156 614 3217 αὐτοῖς
645 3153 1090 3221 διαφανεστάτου,
1121 3153 1177 3203 ὲν
1199 3149 1426 3219 εἰκοστῷ
1454 3152 1552 3219 τῆς
1592 3150 1854 3217 Ἀρχαιο-

271 3248 485 3316 λογίας
508 3245 880 3299 κατατέθειται
902 3242 1315 3314 συγγράμματι.
1347 3241 1482 3311 Περὶ
1511 3239 1606 3309 μὲν
1632 3236 1723 3293 οὖν
1754 3240 1853 3310 τῆς

271 3337 381 3389 τῶν
394 3335 692 3406 ἀρχιερέων
706 3332 1062 3403 παρατροπῆς
1079 3325 1180 3383 ὧδέ
1195 3347 1309 3393 πως
1320 3329 1459 3382 κατὰ
1474 3328 1614 3393 λέξιν
1630 3328 1851 3398 γράφει·

354 3448 372 3479 ι
412 3429 523 3497 Τὴν
557 3426 612 3478 δὲ
649 3424 922 3496 βασιλείαν
958 3422 1201 3493 Ἡρώδης
1227 3421 1375 3492 παρά
1406 3419 1742 3491 (Ῥω)μαίων
1765 3421 1857 3486 ἑγ-

274 3517 590 3589 χειρισθείς,
606 3515 783 3569 οὐκέτι
796 3515 920 3576 τοὺς
938 3515 998 3565 ἐκ
1014 3512 1106 3565 τοῦ
1123 3510 1493 3582 Ἀσαμωναίου
1505 3508 1693 3575 γένους
1710 3508 1812 3560 καθ
1822 3508 1859 3561 ί-

279 3627 467 3681 στησιν
494 3611 786 3679 ἀρχιερεῖς,
807 3607 942 3661 ἀλλά
956 3622 1095 3659 τισιν
1112 3605 1215 3674 ἀσή
1226 3620 1343 3674 μοις
1364 3603 1457 3655 καὶ
1472 3602 1570 3653 ούκ
1592 3600 1649 3665 ἐξ
1670 3600 1855 3670 ἱερέων

277 3696 450 3761 οὗσιν,
472 3701 610 3770 πλὴν
634 3698 748 3761 ἐνὸς
787 3694 1215 3768 Ἀριστοϐούλου,
1248 3692 1344 3763 τὴν
1375 3692 1538 3762 τιμὴν
1563 3691 1853 3759 ἀπένεμεν·

278 3794 371 3846 τὸν
424 3794 479 3845 δὲ
537 3790 959 3863 Ἀριστόϐουλον,
1002 3785 1267 3858 Ὑρκανοῦ
1312 3784 1405 3837 τοῦ
1465 3782 1573 3836 ἀπὸ
1627 3781 1857 3852 Παρθῶν

282 3882 844 3955 αίχμαλωσιασθέντος
875 3880 987 3933 υἱὸν
1040 3880 1167 3931 ὄντα
1200 3876 1542 3946 καταστήσας
1579 3873 1857 3945 ἀρχιερέα,

283 3980 351 4048 τῇ
374 3974 573 4045 ἀδελφῇ
614 3973 777 4027 αὐτοῦ
803 3972 1084 4040 συνῴκησε
1120 3968 1451 4039 Μαριάμμῃ,
1480 3967 1578 4037 τὴν
1606 3966 1698 4019 τοῦ
1731 3966 1862 4037 πλή-

283 4069 409 4131 θους
440 4068 574 4139 πρὸς
621 4066 810 4119 ἑαυτὸν
838 4064 898 4134 (f.
932 4062 1020 4132 42)
1055 4059 1368 4131 θηρώμενος
1399 4056 1607 4110 εὔνοιαν
1644 4057 1732 4110 διὰ
1761 4056 1860 4127 τὴν

293 4159 563 4231 Ὑρκανοῦ
594 4161 837 4229 μνήμην*
871 4153 989 4209 εἶτα
1026 4153 1281 4225 φοϐηθεὶς
1312 4152 1383 4221 μὴ
1415 4151 1549 4222 πρὸς
1582 4151 1670 4203 τὸν
1712 4150 1860 4220 Ἀρι-

285 4251 571 4305 στόϐουλον
609 4252 806 4311 πάντες
831 4246 1210 4307 ἀποκλίνωσιν,
1238 4244 1441 4297 ἀνεῖλεν
1475 4244 1635 4297 αὑτὸν
1669 4245 1725 4296 ὲν
1763 4243 1862 4295 Ἰε-

289 4343 444 4415 ριχῷ,
487 4345 742 4414 πνιγῆναι
779 4345 1227 4414 μηχανησάμενος
1273 4340 1647 4411 κολυμϐῶντα,
1683 4338 1861 4403 καθὼς

1960 3158 2408 3227 praeclarissimo,
2472 3165 2564 3229 qui
2618 3161 2674 3215 in
2720 3162 2983 3217 vicesimo
3024 3161 3403 3232 Archwologiw
3464 3163 3529 3216 li-

1955 3249 2055 3303 bro
2101 3248 2217 3303 hzec
2274 3250 2516 3307 disserit.
2572 3250 2685 3306 Hoc
2739 3253 2907 3322 igitur
2967 3252 3128 3309 modo
3190 3253 3528 3308 immutatam

1958 3342 2156 3396 summi
2175 3342 2465 3397 sacerdotii
2494 3346 2901 3400 successionem
2933 3346 3198 3402 describit
3225 3367 3237 3401 :

2033 3452 2050 3483 ι
2093 3432 2356 3502 Herodes,
2384 3452 2506 3490 cum
2543 3453 2571 3491 a
2604 3438 2865 3495 Romanis
2899 3456 3127 3511 regnum
3175 3442 3527 3509 obtinuisset,

1959 3542 2067 3580 non
2086 3528 2198 3597 jam
2226 3528 2578 3586 Asamonaeos
2606 3547 2850 3587 summos
2880 3534 3166 3588 constituit
3192 3536 3530 3601 sacerdotes,

1960 3619 2053 3675 sed
2093 3621 2233 3675 hanc
2256 3622 2574 3691 dignitatem
2609 3624 2936 3694 quibusdam
2966 3627 3227 3697 indignis,
3282 3644 3382 3683 nec
3431 3645 3523 3684 sa-

1959 3710 2219 3764 cerdotali
2244 3728 2441 3780 genere
2489 3714 2653 3777 natis,
2687 3727 2879 3785 praeter
2923 3733 3092 3771 unum
3133 3718 3531 3785 Aristobulum,

1965 3803 2282 3873 assignavit.
2318 3806 2693 3860 Aristobulum
2733 3823 2881 3874 vero,
2911 3807 3145 3880 Hyrcani
3172 3811 3445 3879 quondam
3477 3813 3533 3867 in

1961 3896 2329 3964 captivitatem
2360 3912 2389 3950 a
2425 3897 2640 3953 Parthis
2669 3899 2887 3953 abducti
2919 3902 3106 3966 tilium,
3133 3918 3406 3957 summum
3446 3918 3535 3958 sa-

1961 3989 2234 4042 cerdotem
2269 3990 2554 4044 constituit
2605 4007 2956 4062 sororemque
2993 3992 3112 4062 ejus
3165 3993 3385 4048 Mariam
3425 3994 3531 4050 sibi

1963 4079 2313 4133 matrimonio
2367 4080 2631 4144 devinxit,
2670 4083 3032 4138 multitudinis
3064 4088 3291 4155 gratiam
3332 4087 3436 4141 sibi
3464 4088 3534 4141 ob

1972 4169 2206 4242 Hyrcani
2231 4174 2547 4227 memoriam
2578 4183 2836 4243 captans;
2894 4182 3082 4244 postea
3120 4178 3316 4230 timens
3358 4193 3426 4232 ne
3464 4178 3532 4232 ad

1964 4261 2337 4316 Aristobulum
2382 4280 2573 4319 omnes
2629 4265 2975 4329 inclinarent,
3028 4270 3251 4323 sustulit
3298 4286 3419 4323 eum
3480 4271 3536 4324 in

1962 4351 2199 4418 Iericho,
2236 4363 2511 4411 natantem
2549 4358 2706 4427 aquis
2732 4374 2967 4413 mersum
2986 4376 3106 4415 esse
3138 4364 3367 4432 tingens,
3395 4363 3537 4418 sicut

285 4434 387 4505 ἢδη
420 4431 816 4503 δεδηλώκαμεν.
847 4432 1000 4486 Μετά
1038 4431 1224 4484 τοῦτον
1262 4430 1440 4483 οὐκέτι
1484 4432 1596 4493 τοῖς
1623 4429 1852 4497 ἐγγόνοις

1962 4444 2074 4513 jam
2104 4448 2466 4503 ostendimus.
2502 4447 2620 4513 Quo
2646 4449 2968 4518 interempto
3004 4429 3282 4522 nunquam
3306 4451 3537 4506 Asamo-

284 4524 393 4576 τῶν
428 4525 799 4595 ’Λσαμωναίου
823 4525 1027 4577 παίδων
1059 4524 1156 4593 τὴν
1180 4522 1583 4595 ἀρχιερωσύνην
1617 4522 1866 4575 ἐπίστευ-

290 4636 401 4673 σεν.
430 4619 673 4689 Ἐπραξε
698 4619 753 4672 δὲ
778 4621 937 4689 ὅμοια
963 4618 1041 4689 τῷ
1073 4608 1288 4688 Ἡρώδῃ
1319 4618 1444 4688 περὶ
1473 4617 1569 4686 τῆς
1596 4614 1866 4668 καταστά-

290 4725 430 4772 σεως
458 4709 566 4761 τῶν
601 4709 898 4781 ἀρχιερέων
947 4706 1234 4779 ’Δρχέλαός
1263 4724 1322 4759 τε
1356 4709 1384 4759 ὁ
1411 4709 1538 4769 παῖς
1566 4704 1751 4766 αὑτοῦ,
1774 4704 1868 4757 καί

294 4802 433 4872 μετὰ
459 4801 644 4855 τοῦτον
687 4801 785 4873 τὴν
817 4801 990 4872 ἀρχὴν
1025 4800 1281 4870 Ῥωμαῖοι
1318 4798 1426 4851 τῶν
1465 4796 1731 4850 Ἰουδαίων
1765 4813 1869 4849 πα-

294 4894 639 4968 ραλαϐόντες.
674 4914 691 4946 ι

362 5009 547 5063 Ταῦτα
597 5008 694 5079 μὲν
720 5007 847 5080 περὶ
881 5005 1085 5058 τούτων
1126 5007 1154 5057 ὁ
1185 5004 1475 5074 Ἰώσηποςθ
1520 5000 1649 5073 περ).
1685 5000 1740 5054 δὲ
1770 5000 1869 5071 τῆς

293 5102 684 5176 ἀρχιερατικῆς
719 5100 910 5170 στολῆς
942 5100 999 5151 ὲν
1028 5097 1104 5168 τῷ
1142 5095 1589 5165 ὀκτωκαιδεκάτῳ
1615 5096 1712 5165 τῆς
1746 5095 1871 5163 Ἀρι

296 5192 643 5265 χαιολογίας
669 5189 841 5243 ταῦτα
877 5190 1094 5261 ἱστορεῖο

377 5324 396 5356 ι
430 5301 675 5374 Ἡρώδης
707 5302 764 5356 δὲ
804 5300 1125 5372 βασιλεύσας
1159 5301 1253 5370 τήν
1278 5314 1333 5351 τε
1367 5297 1521 5368 βάριν
1564 5295 1769 5368 ταύτην
1812 5296 1870 5348 ὲν

369 5440 447 5510 (i)
476 5438 602 5508 Seq.
632 5438 713 5494 sic
742 5438 1041 5508 supplenda
1082 5446 1135 5492 et
1174 5435 1396 5506 legenda
1432 5449 1517 5488 me
1555 5434 1766 5510 monuit

294 5506 650 5579 JLRouthi—us
679 5506 1036 5579 collijagd.
1081 5522 1281 5579 prmses
1314 5506 1691 5579 :_7rpocpqrsig,
1718 5535 1791 5579 ς-
1814 5506 1873 5579 έν

298 5575 388 5643 αἷς
416 5580 513 5657 τῂν
538 5574 1116 5657 ἀρχιερωσύνηίκατᾷ
1142 5577 1239 5657 την
1269 5575 1366 5657 τού
1400 5574 1588 5656 γένους
1627 5574 1873 5657 διαδοχὴν

300 5644 996 5722 πρᾳσήκειδίαλαμϐάνὲιν,
1028 5648 1121 5700 καὶ
1160 5644 1259 5722 τῆς
1304 5646 1463 5722 μέχρι
1492 5645 1610 5722 τῶν⁸
1633 5644 1871 5722 Ἡρώδου

301 5716 510 5793 χρόνων
540 5720 777 5792 ἱστορίας
804 5718 1065 5791 δηλούσης
1094 5716 1225 5782 τοὺς
1244 5716 1386 5771 κατά
1409 5716 1657 5789 διαδοχὴν
1691 5716 1874 5787 ἀρχιε-

1968 4538 2070 4591 mei
2107 4540 2231 4593 tiliis
2260 4554 2531 4593 summum
2559 4538 2792 4592 credidit
2816 4541 3203 4598 sacerdotium.
3240 4541 3361 4612 Egit
3390 4542 3539 4597 simio

1976 4631 2098 4684 liter
2158 4632 2211 4685 in
2266 4631 2530 4700 eligendis
2600 4633 2830 4687 summis
2875 4633 3257 4689 sacerdotibus
3305 4633 3536 4688 llerodis

1969 4725 2114 4781 illius
2160 4727 2481 4788 Archelaus,
2531 4732 2693 4795 atque
2736 4734 2859 4794 post
2894 4741 3018 4781 eum
3060 4725 3288 4781 Romani
3323 4723 3538 4780 Iudaeo—

1969 4836 2090 4874 rum
2120 4819 2405 4890 imperium
2436 4802 2716 4872 consecuti
2747 4816 2845 4889 (‘2).
2889 4835 2909 4870 ι

2041 5026 2165 5081 llaec
2194 5024 2410 5095 quidem
2451 5022 2518 5077 de
2558 5023 2642 5078 his
2680 5021 2950 5093 Josephus
2981 5040 2994 5076 :
3024 5033 3208 5075 verum
3250 5017 3318 5072 de
3356 5032 3540 5072 sacer-

1972 5121 2135 5175 dotali
2163 5127 2312 5174 veste
2352 5119 2405 5172 in
2434 5125 2627 5172 octavo
2660 5126 2713 5172 et
2746 5116 2956 5171 decimo
2993 5112 3366 5183 Archwologia:
3400 5111 3541 5168 libro

1971 5214 2085 5268 haec
2121 5221 2305 5266 narrat
2329 5227 2342 5262 :

2048 5323 2067 5355 ‹
2109 5302 2350 5358 Herodes
2379 5318 2474 5357 rex
2510 5301 2614 5357 hoc
2641 5302 3069 5356 calceamentum
3103 5296 3541 5353 commodissime

1976 5439 2087 5509 ρεῖς
2114 5435 2201 5489 διὰ
2234 5436 2415 5509 πάσης
2445 5437 2545 5507 τῆς
2569 5435 2750 5509 αύτῶν
2774 5434 2941 5509 ζωῆς,
2964 5435 3051 5509 ore
3090 5432 3307 5509 χριστός
3330 5448 3414 5509 τις
3445 5433 3541 5509 κα).

1973 5501 2471 5587 ἀρχιερεὺςιήγέῖτο
2502 5501 2593 5559 τοῦ
2626 5506 2777 5587 item},
2800 5501 2989 5587 ώςδιὰ
3012 5501 3159 5559 τουτὶ
3192 5502 3441 5587 είρισθαι
3464 5501 3543 5573 τῷ

1974 5574 2206 5652 χρησμῷ
2230 5574 2320 5643 τὸ,
2338 5578 2442 5652 ἓως
2468 5577 2689 5652 χριστοῖο
2719 5576 3022 5652 ἡγουμένου
3038 5617 3053 5645 ,
3078 5606 3147 5617 ——-
3172 5574 3365 5649 πέρᾶς.

2048 5647 2130 5720 (‘2)
2159 5647 2379 5719 Joseph.
2410 5647 2589 5720 Antiq.
2620 5665 2709 5716 xx,
2744 5647 2835 5714 il,
2882 5647 2935 5703 5.
3247 5647 3256 5649 “
3455 5682 3461 5688 ι
