4008 6208
539 275 680 332 1187

1239 273 1506 331 EUSEBII
1544 273 2021 330 CESARIENSIS
2059 273 2209 328 OPP.
2249 272 2453 330 PARS.
2497 273 2586 328 ill.
2627 305 2698 314 —
2727 269 3136 327 EXEGETICA.

3593 277 3700 332 1188

536 381 593 425 et
619 369 903 440 magniﬁce
936 374 1250 438 apparatum
1287 369 1578 422 Antoniam
1611 371 1825 424 vocavit
1870 369 2079 424 nomine

2209 367 2496 438 ἐπιτηδείῳ
2536 367 2791 438 κειμένην
2836 365 3244 427 κατασκευάσας
3292 362 3580 430 πολυτελῶς,
3611 372 3700 422 ’Δνο

534 471 590 519 et
628 463 804 524 magni
835 460 1132 516 sacerdotis
1167 460 1428 524 tunicam,
1474 470 1532 514 ut
1575 477 1695 516 sese
1736 463 1988 524 habebat,
2018 476 2105 516 as-

535 555 788 623 sumpsit,
841 552 974 606 nihil
1031 552 1292 607 adversus
1346 569 1406 607 se
1457 568 1488 606 a
1531 552 2105 622 populo.moliendum

537 653 757 714 prapter
796 659 914 699 eam
962 651 1133 697 ratus.
1191 643 1312 712 Egit
1361 644 1613 698 similiter
1659 642 1886 697 llerodis
1939 641 2104 702 ﬁlius,

534 737 792 805 regnique
824 750 1112 790 successor
1151 735 1472 800 Archelaus,
1507 750 1539 789 a
1585 751 1695 804 quo
1731 734 1962 789 Romani
2000 733 2103 786 im-

534 830 740 898 perium
788 829 1138 898 accipientes,
1185 830 1714 899 magni-sacerdotis
1762 830 1998 883 tunicam
2048 828 2103 883 in

531 920 693 977 domo
735 923 883 976 saxis
927 922 1191 976 aediﬁcata
1228 923 1332 978 sub
1365 923 1899 994 sigilloincluserunt
1931 923 2030 994 (ι).
2079 941 2098 974 ι

598 1189 807 1256 Quibus
852 1191 1014 1257 igitur
1043 1191 1346 1245 certissime
1375 1201 1540 1260 patet,
1573 1192 1846 1262 praedictis
1873 1201 2098 1266 ,tempo-

528 1282 681 1337 ribus
729 1283 1038 1352 prophetias
1083 1283 1333 1352 impletas
1381 1281 1570 1336 fuisse.
1619 1284 1774 1349 Quod
1810 1286 1853 1340 si
1890 1302 1996 1340 non
2029 1288 2098 1342 iis

528 1373 901 1427 consentirent
946 1373 1277 1435 circumcisi,
1324 1374 1644 1442 postulanda
1692 1383 1838 1430 esset
1902 1377 1970 1431 ab
2029 1379 2097 1433 iis

529 1463 634 1518 alia
689 1476 753 1517 ac
789 1472 973 1516 nostra
1016 1463 1178 1532 hujus
1223 1463 1517 1532 Scriptum
1555 1465 1657 1520 loci
1697 1467 2092 1537 interpretatio,

528 1563 692 1622 atque
725 1554 790 1607 iis
819 1554 1297 1608 demonstrandqu
1338 1555 1491 1624 juxta
1516 1557 1674 1625 ipsos'
1699 1559 1980 1615 mendacio
2007 1576 2096 1614 ar-

524 1655 759 1714 guantur
796 1659 1018 1714 necesse
1046 1653 1129 1700 est
1167 1645 1431 1700 Gabrielis
1465 1648 1864 1716 praadictioncs,
1897 1651 1941 1706 si
1975 1653 2097 1706 nul-

527 1736 611 1789 lus
647 1749 916 1788 annorum
969 1734 1036 1788 ab
1080 1750 1144 1788 eo
1204 1750 1376 1804 usque
1416 1734 1484 1788 ad
1529 1736 1630 1789 hoc
1669 1738 1932 1806 temporis
1983 1738 2094 1793 fere

526 1825 780 1890 millium,
832 1839 970 1893 quos
1019 1825 1422 1896 prasnuntiavit,
1467 1824 1643 1880 adhuc
1699 1830 1957 1883 evenerit.
1993 1827 2095 1881 Ve-

525 1931 646 1969 rum
691 1915 849 1970 nobis
900 1923 1085 1987 aperte
1131 1933 1291 1970 verus
1336 1932 1517 1972 sermo
1571 1918 1900 1983 ostenditur,
1940 1921 2093 1988 juxta

523 2009 767 2064 sinceras
800 2024 938 2078 quas
974 2010 1300 2077 protulimus
1338 2010 1844 2080 interpretationes:
1879 2020 1934 2066 ct
1967 2027 2090 2066 cum

523 2100 591 2154 iis
655 2109 1016 2170 congruenter
1071 2100 1312 2155 indicare
1352 2100 1507 2155 facile
1545 2105 1648 2155 erit
1689 2103 1958 2172 quomodo
1993 2119 2091 2172 po-

519 2206 722 2246 strema
761 2203 883 2262 post
934 2193 1068 2246 alias
1109 2193 1444 2246 hebdomada
1493 2208 1596 2246 una
1633 2195 1968 2247 conﬁrmavit
1999 2211 2093 2264 pa-

518 2293 666 2338 ctum
727 2285 945 2348 multis,
998 2284 1202 2338 Novum
1243 2285 1496 2340 salutaris
1550 2287 1947 2355 prmdicatiouis
1990 2289 2093 2342 Te-

518 2384 878 2438 stamentum,
919 2375 1281 2446 diﬁusumque
1343 2393 1437 2447 per
1505 2382 1810 2434 universam
1854 2392 2086 2443 terram,

516 2481 619 2521 nec
658 2466 770 2535 jam
808 2468 898 2521 uni
944 2468 1044 2521 soli
1088 2467 1397 2522 Judaeorum
1447 2471 1628 2539 genti,
1683 2472 1776 2526 sed
1823 2484 1876 2526 et
1920 2475 2089 2543 pluri-

516 2558 618 2613 bus
672 2560 1072 2622 annuntialum,
1105 2561 1177 2613 ita
1226 2569 1282 2613 ut
1320 2561 1440 2615 ideo
1491 2563 1794 2616 diceretur:
1834 2584 1851 2614 ι
1881 2565 2090 2620 Conﬁr-

513 2650 682 2703 mabit
704 2659 919 2719 pactum
945 2652 1125 2704 multis
1151 2651 1485 2707 hebdomada
1510 2669 1634 2708 una.
1677 2675 1695 2706 ι
1733 2656 2086 2712 Animadver-

511 2738 736 2791 tendum
759 2748 843 2794 est
863 2740 1006 2808 quod
1027 2756 1132 2793 non
1149 2741 1408 2795 continuo
1425 2743 1646 2812 reliquis
1663 2745 2086 2803 hebdomadibus

513 2839 787 2898 postrema
819 2831 1154 2884 hebdomada
1187 2848 1290 2884 una
1305 2833 1565 2897 succedit,
1585 2851 1744 2904 quam
1766 2836 1928 2892 refert
1948 2837 2088 2894 Scri-

512 2930 672 2991 ptura
703 2922 1142 2976 conﬁrmaturum
1173 2940 1293 2978 esse
1323 2932 1536 2993 pactum
1568 2929 1771 2984 multis.
1803 2930 1918 2985 Non
1937 2935 2084 2988 enim

512 3013 765 3068 similiter
805 3014 858 3067 in
901 3023 1104 3083 septem
1139 3023 1190 3070 et
1231 3017 1510 3087 sexaginta
1545 3017 1758 3076 duabus
1800 3023 2084 3078 hebdoma-

2211 461 2408 514 τωνίαν
2435 459 2590 513 καλεῖ
2607 459 2796 530 ὄνομα,
2825 459 2915 512 καὶ
2941 457 3038 528 τὴν
3061 456 3247 526 στολὴν
3271 455 3366 526 τὴν
3391 458 3702 530 ἀρχιερατικὴν

2213 553 2401 622 ὥσπερ
2449 551 2543 604 καὶ
2591 549 2855 619 λαμϐάνει
2886 549 3011 620 τῇδε
3068 547 3324 617 κειμένην
3372 551 3604 616 κατεῖχεν,
3643 568 3708 602 πι-

2213 645 2417 698 στεύων
2436 644 2583 697 ουδέν
2614 647 2916 714 νεωτεριεῖν
2945 642 3030 695 ἐπ’
3053 640 3198 710 αὐτῷ
3224 639 3316 692 τὸν
3344 639 3460 692 λαὸν
3480 642 3534 696 δι’
3560 645 3708 713 αὑτήν.

2215 738 2492 808 Ἐπρασσε
2521 735 2578 788 δὲ
2598 735 2666 788 τὰ
2699 736 2857 805 ὃμοια
2883 734 2959 804 τῷ
3003 733 3217 805 Ἡρώδῃ
3239 732 3334 785 καὶ
3358 733 3384 784 ό
3415 733 3712 786 ἐπικαταστα-

2209 825 2321 889 θεὶς
2353 825 2500 896 αὑτῴ
2523 825 2771 896 βασιλεὺς
2808 823 3112 894 Ἀρχέλαος,
3144 823 3260 885 υἱὸς
3285 821 3378 884 ὢν,
3407 824 3520 891 παρ’
3543 819 3594 877 οὗ
3617 824 3712 877 Ῥω-

2214 922 2362 989 μαῖοι
2395 917 2765 987 διαδεξάμενοι
2811 918 2909 985 τὴν
2941 916 3114 986 ἀρχὴν
3146 914 3406 985 ἐκράτουν
3437 915 3521 982 τῆς
3563 915 3713 983 στολῆς

2201 1005 2295 1058 τοῦ
2327 1004 2626 1076 ἀρχιερέως
2649 1003 3013 1074 ἀποκειμένης
3047 1005 3104 1055 ἐν
3149 1002 3286 1072 οἴκῳ
3309 1001 3444 1054 λίθου
3481 1003 3712 1075 οἰκοδομη-

2201 1095 2350 1149 θέντι
2373 1097 2476 1149 ὑπὸ
2501 1095 2775 1166 σφραγῖδι.
2802 1115 2820 1147 ι

2284 1189 2378 1240 Ἐκ
2410 1188 2474 1260 δὴ
2505 1187 2707 1240 τούτων
2739 1187 3136 1257 ἀναμφίλεκτος
3169 1184 3367 1253 γένοιτ’
3414 1185 3471 1238 ἂν
3496 1185 3713 1250 ἀπόδειξις

2199 1283 2281 1336 ὅτι
2311 1280 2374 1352 δὴ
2419 1280 2557 1333 κατά
2586 1281 2710 1343 τοὺς
2747 1279 3107 1350 δηλουμένους
3150 1279 3376 1348 χρόνους
3415 1277 3476 1330 τὰ
3503 1277 3585 1347 τῆς
3609 1295 3712 1348 προ-

2203 1372 2427 1442 φητείας
2461 1370 2807 1441 περιγραφῆς
2840 1370 3043 1440 ἔτυχεν·
3079 1373 3128 1422 εἰ
3175 1370 3235 1422 δὲ
3269 1369 3344 1441 μὴ
3379 1370 3713 1440 συνομολογοίεν

2201 1465 2408 1527 τούτοις
2433 1465 2480 1515 oi.
2519 1465 2583 1514 ἐκ
2613 1462 2929 1532 περιτομῆς,
2960 1461 3211 1531 αἰτητέον
3238 1462 3430 1523 αὐτοὺς
3453 1462 3602 1529 ἑτέραν
3623 1481 3708 1516 πα-

2204 1555 2275 1627 ρὰ
2304 1557 2402 1625 τὴν
2431 1554 2704 1625 ἡμετέραν
2734 1552 2833 1620 τῆς
2863 1553 3082 1624 Γραίὲἧς
3112 1552 3388 1624 διήγησιν,
3421 1553 3497 1605 καὶ
3520 1552 3704 1608 δεικτέον

2201 1645 2275 1707 ὡς
2299 1643 2403 1715 ἄρα
2432 1645 2550 1696 κατ’
2583 1644 2778 1706 αὐτοὺς
2805 1643 3015 1712 ψευδεῖς
3048 1645 3266 1712 ἀνάγκη
3294 1643 3391 1706 τάς
3416 1643 3495 1695 τοῦ
3516 1644 3708 1711 miuomi-

2198 1751 2289 1786 του
2319 1732 2555 1804 Γαϐριὴλ
2587 1733 2979 1803 ἀπελέγχεσθαι
3010 1736 3366 1805 προρρήσεις,
3402 1737 3445 1786 εἰ
3472 1734 3605 1804 μηδὲν
3626 1733 3710 1786 τῶν

2200 1827 2816 1897 προαναπεφωνημένων
2847 1827 2904 1892 ἐξ
2936 1827 3142 1880 ἐκείνου
3174 1827 3274 1879 καὶ
3298 1829 3374 1890 εἰς
3397 1826 3538 1896 δεῦρο
3569 1825 3711 1894 χιλίων

2199 1917 2295 1988 ἤδη
2347 1916 2748 1986 πλησιαζόντων
2789 1916 2924 1969 ἐτῶν
2974 1918 3288 1988 γεγένηται.
3358 1917 3486 1969 Ἀλλ’
3527 1919 3631 1986 ήμῖν
3661 1933 3710 1984 γε

2201 2009 2384 2078 σαφῶς
2424 2009 2631 2080 ἀληθὴς
2658 2011 2685 2060 ό
2713 2009 2868 2076 λόγος
2911 2010 3298 2063 ἀποδείκνυται
3322 2009 3457 2062 κατὰ
3482 2009 3565 2072 τὰς
3589 2009 3713 2062 ἀϐιὰ-

2199 2117 2336 2162 στως
2383 2101 2778 2171 παρατεθείσας
2810 2103 2941 2171 ημῖν
2987 2101 3290 2172 διηγήσεις,
3341 2096 3424 2164 αἷς
3465 2100 3714 2165 ἀκολούθως

2196 2192 2417 2263 εὐχερὲς
2463 2191 2750 2244 ἀποδοῦναι
2788 2193 2910 2245 τίνα
2962 2193 3159 2263 τρόπον
3197 2195 3293 2246 καὶ
3336 2195 3368 2264 ἡ
3417 2193 3541 2263 μετά
3578 2193 3712 2254 πάσας

2197 2286 2399 2354 ὑστάτη
2427 2285 2792 2356 ἐπιφερομένη
2821 2284 3053 2355 ἑϐδομὰς
3099 2285 3197 2354 μία
3230 2286 3603 2355 ὲνεδυνάμωσεν
3623 2285 3712 2338 δια-

2195 2375 2367 2447 θήκην
2420 2376 2628 2438 πολλοῖς
2653 2417 2666 2440 ,
2711 2376 2806 2446 τὴν
2840 2378 3044 2445 Καινήν
3081 2376 3356 2447 Διαθήκην
3379 2377 3465 2429 τοῦ
3497 2376 3712 2446 σωτηρίου

2195 2469 2565 2540 κηρύγματος,
2597 2469 2694 2538 τὴν
2741 2468 2834 2520 ἐπὶ
2880 2471 3058 2521 πᾶσαν
3090 2469 3423 2520 διαδοθείσαν
3463 2469 3547 2537 τὴν
3577 2468 3712 2518 οἰκου-

2196 2561 2380 2630 μένην,
2417 2559 2509 2612 καὶ
2538 2559 2717 2611 οὐκέτι
2747 2559 2843 2628 μὲν
2875 2560 2954 2611 ἐνὶ
2991 2560 3132 2629 μόνῳ
3164 2559 3246 2628 τῷ
3300 2559 3547 2611 Ἰουδαίων
3583 2558 3710 2618 ἔθνει,

2192 2650 2305 2704 ἀλλ’
2333 2650 2432 2720 ἥδη
2461 2651 2552 2702 καὶ
2584 2650 2788 2702 πλείοσι
2819 2650 3203 2720 κηρυχθεῐσαν,
3227 2649 3358 2701 ὥστ’
3404 2649 3464 2702 ἂν
3493 2648 3569 2701 διά
3593 2647 3710 2700 τοῦτο

2191 2742 2438 2813 εἰρῆσθαι
2497 2743 2590 2794 καὶ
2647 2741 2727 2803 τὸ,
2791 2761 2808 2792 ι
2849 2741 3165 2812 Δυναμώσει
3230 2742 3496 2812 Διαθήκην
3543 2740 3708 2802 πολλοῖς

2191 2833 2418 2903 ἑϐδομὰς
2452 2834 2568 2903 μία.
2609 2852 2625 2883 ι
2667 2832 2983 2902 Ἐπιστῆσαι
3021 2832 3075 2884 δὲ
3111 2832 3353 2900 εὔλογον,
3389 2833 3467 2885 ὅτι
3510 2833 3575 2902 μὴ
3615 2830 3708 2897 ἑξῆς

2189 2929 2305 2988 ταῖς
2329 2925 2539 2987 λοιπαῖς
2566 2925 2852 2996 ἑϐδομάσιν
2881 2925 3216 2995 ήτελευταία
3249 2925 3477 2995 ἑϐδομὰς
3509 2925 3592 2994 μία
3616 2939 3707 2975 σιν-

2187 3018 2375 3090 ἧπται,
2411 3018 2477 3087 ἦν
2510 3036 2669 3089 φησιν
2713 3022 2742 3072 ό
2783 3018 2937 3085 λόγος
2967 3017 3311 3089 δυναμὼσειν
3353 3019 3599 3088 Διαθήκην
3623 3016 3706 3074 τοῖς

511 3104 692 3170 dibus,
731 3114 894 3176 atque
920 3107 971 3159 in
1006 3122 1111 3160 una
1142 3105 1288 3161 fecit.
1328 3106 1386 3162 lu
1424 3110 1702 3180 prioribus
1737 3116 1882 3168 enim
1916 3119 2079 3175 totius

2188 3111 2418 3174 πολλοῖς·
2451 3112 2510 3164 οὐ
2546 3111 2653 3183 γάρ
2676 3111 2750 3174 ὡς
2778 3111 2870 3163 ἐπὶ
2895 3111 3002 3163 τῶν
3029 3111 3070 3175 ζ’
3098 3111 3191 3165 καὶ
3223 3111 3302 3181 ξβ⁹
3336 3109 3614 3181 ἑϐδομάδων
3635 3106 3704 3159 καὶ

508 3196 771 3267 temporis
791 3213 1076 3250 numerum
1106 3201 1362 3268 partitus,
1403 3203 1544 3256 inter
1571 3212 1775 3274 septem
1795 3209 2082 3280 statimque

509 3289 789 3356 sexaginta
810 3287 945 3342 duas
979 3289 1344 3346 hebdomadas
1372 3303 1516 3348 recte
1546 3304 1763 3365 tempus
1782 3300 2078 3367 ordinavit,

507 3387 714 3448 septem
758 3390 951 3450 aptans
985 3383 1262 3451 sexaginta
1303 3383 1538 3448 duabus,
1572 3388 1722 3442 nullo
1757 3390 2080 3461 interposito

506 3473 768 3540 temporis
787 3475 982 3541 spatio,
1010 3473 1081 3526 ita
1113 3482 1168 3526 ut
1196 3475 1384 3528 barum
1405 3476 1808 3534 hebdomadam
1835 3483 2078 3539 historia:

505 3563 893 3618 concurdautia
927 3567 1074 3620 nullo
1106 3569 1365 3632 temporis
1390 3571 1680 3624 intervallo
1712 3571 2076 3644 frangeretur,

505 3651 590 3706 vel
647 3651 1073 3723 disjungeretur.
1111 3655 1309 3710 Verum
1351 3657 1407 3710 in
1444 3657 1544 3713 hac
1577 3676 1684 3714 una
1739 3663 2074 3720 hebdomade

503 3758 766 3812 magnum
800 3745 1071 3815 quoddam
1109 3747 1255 3802 subit
1285 3748 1601 3816 discrimen,
1639 3767 1834 3823 magna
1863 3756 2072 3813 dilatio.

509 3832 720 3887 Etenim
758 3843 880 3904 post
915 3835 1286 3891 bebdomades
1319 3841 1601 3908 sexaginta
1641 3840 1798 3905 duas,
1835 3843 2071 3912 primum

502 3924 671 3980 dicit:
713 3944 731 3975 ι
765 3926 1052 3980 Occidetur
1075 3929 1316 3984 cbristus
1346 3940 1399 3986 et
1425 3931 1694 4000 judicium
1733 3949 1843 3987 non
1891 3944 1976 3990 est
2015 3937 2070 3990 in

499 4029 566 4068 eo
606 4015 686 4077 ³⁸;
719 4035 736 4065 ι
771 4015 915 4085 quod
949 4017 1236 4072 manifeste
1269 4018 1498 4075 Herodis
1533 4021 1869 4090 temporibus
1920 4026 2068 4078 exitu

500 4107 785 4176 probatum
810 4116 922 4172 est;
948 4109 1072 4162 dein
1098 4109 1317 4178 subjicit
1352 4130 1366 4166 :
1413 4129 1429 4160 ι
1456 4110 1517 4164 Ει
1542 4113 1818 4168 civitatem
1844 4122 1897 4169 et
1939 4131 2069 4170 san-

497 4199 771 4252 ctuarium
795 4198 1080 4269 dissipabit
1115 4203 1348 4270 populus
1385 4218 1507 4256 cum
1525 4203 1661 4259 duce
1688 4214 1936 4260 venturo.
1973 4209 2016 4238 ³⁸
2041 4228 2059 4261 ι

497 4287 632 4353 Quis
666 4298 844 4344 autem
875 4291 1185 4361 dissipabit,
1215 4293 1319 4348 nisi
1355 4293 1660 4348 animarum
1684 4298 1854 4365 pestis
1875 4298 2065 4353 diabo-

498 4379 618 4434 lus?
648 4379 781 4446 Quis
814 4381 922 4435 dux
955 4393 1039 4437 est
1070 4392 1356 4447 venturus,
1385 4386 1488 4438 nisi
1521 4391 1614 4456 qui
1648 4390 1858 4457 primus
1881 4406 1910 4444 e
1932 4407 2062 4461 gen-

2185 3205 2277 3256 ἐπὶ
2304 3203 2401 3272 τῆς
2433 3205 2561 3274 μιᾶς
2594 3205 2907 3274 πεποίηκενο
2941 3205 3026 3256 ἐπ’
3055 3205 3281 3257 ἐκείνων
3296 3205 3393 3273 μὲν
3419 3204 3535 3274 γάρ,
3562 3199 3703 3253 διελὼν

2180 3294 2275 3347 τοῦ
2309 3297 2508 3359 παντὸς
2532 3296 2720 3368 χρόνου
2751 3296 2842 3348 τὸν
2866 3295 3096 3368 ἀριθμὸν
3121 3298 3201 3360 εἰς
3228 3313 3289 3349 τε
3318 3297 3415 3360 τάς
3445 3296 3486 3360 ζ’
3511 3289 3701 3359 καὶὲξῆς

2178 3387 2276 3451 τάς
2325 3387 2404 3459 ξβ¹
2439 3388 2755 3458 ἑϐδομάδας,
2787 3388 3136 3460 συνημμένην
3183 3389 3472 3458 πεποίηται
3496 3386 3578 3455 τὴν
3601 3381 3700 3435 διαί-

2179 3494 2347 3547 ρεσιν,
2378 3480 2496 3540 ταῖς
2521 3477 2562 3541 ζ’
2582 3476 2680 3540 τὰς
2703 3477 2730 3543 ξ
2740 3476 2782 3546 β’
2808 3477 3064 3545 συνάψας,
3091 3477 3184 3529 καὶ
3213 3477 3414 3546 μηδένα
3435 3475 3597 3546 χρόνον
3619 3487 3697 3540 μη·

2175 3568 2231 3620 δὲ
2264 3568 2457 3639 πρᾶξιν
2488 3569 2688 3639 μεταξὺ
2719 3567 3066 3632 καταλιπὼν,
3113 3570 3193 3622 ὅτι
3233 3568 3354 3639 μηδ’
3381 3563 3639 3638 ὲμφέρεταί
3660 3578 3698 3612 τι

2173 3657 2464 3730 διάλειμμα
2491 3660 2680 3730 χρόνου
2709 3657 2951 3731 διαιροῦν
2981 3661 3075 3713 καὶ
3095 3659 3441 3728 διαζευγνύον
3462 3657 3517 3710 τὸ
3539 3671 3696 3722 συνημ-

2176 3751 2334 3821 μένον
2363 3751 2463 3820 τῆς
2494 3754 2614 3804 κατ’
2646 3751 2860 3815 ὲκείνας
2888 3751 2986 3814 τὰς
3015 3751 3317 3822 ἑϐδομάδας
3341 3750 3577 3820 ἱστορίας.
3601 3743 3694 3796 Ἐπὶ

2170 3843 2226 3897 δὲ
2268 3844 2366 3912 τῆς
2396 3844 2798 3915 ἐπιφερομένης
2828 3843 3120 3914 ἑϐδομάδος
3147 3847 3279 3914 μιᾶς
3310 3842 3487 3914 μακρά
3523 3856 3592 3901 τις
3624 3835 3693 3888 καὶ

2170 3934 2627 4007 ἀπεσχοινισμένη
2685 3936 2939 4005 τυγχάνει
2991 3935 3265 4007 διαστολή.
3321 3933 3468 3988 Μετὰ
3506 3930 3596 4000 γὰρ
3617 3927 3691 3987 τὰς

2168 4026 2462 4097 ἑϐδομάδας
2489 4027 2586 4090 τὰς
2617 4027 2690 4098 ξβ¹
2719 4028 2934 4099 πρῶτόν
2968 4044 3151 4098 φησιν·
3203 4046 3222 4078 ι
3278 4021 3689 4095 Ἐξολοθρευθήσε·

2166 4136 2256 4172 ται
2299 4119 2499 4190 χρίσμα
2522 4160 2536 4183 ,
2566 4122 2656 4173 καὶ
2701 4125 2873 4192 κρῖμα
2908 4121 3006 4173 οὐκ
3031 4121 3174 4175 ἐστιν
3208 4123 3267 4173 ἐν
3302 4117 3458 4188 αὐτῷ.
3492 4137 3508 4166 ι
3556 4114 3580 4166 ὃ
3621 4108 3689 4163 καὶ

2168 4212 2430 4283 πρόδηλον
2456 4214 2578 4267 τίνα
2609 4215 2809 4284 τρόπον
2843 4213 3016 4284 πέρας
3045 4213 3269 4284 εἴληφεν
3311 4213 3401 4265 ἐπὶ
3427 4209 3522 4262 τῶν
3551 4201 3687 4274 Ἡρώ-

2164 4301 2255 4355 δου
2284 4304 2508 4374 χρόνων·
2547 4301 2664 4358 εἶτά
2691 4322 2840 4374 φησιν
2885 4324 2903 4356 ‹
2945 4305 3054 4358 Καὶ
3088 4305 3185 4375 τὴν
3213 4304 3364 4357 πόλιν
3391 4303 3476 4356 καὶ
3499 4299 3549 4350 τὸ
3567 4297 3685 4363 ἅγιον

2163 4394 2444 4467 διαφθερεῖ
2477 4397 2570 4448 σὺν
2603 4396 2680 4467 τῷ
2717 4397 2778 4466 (Ι“.
2823 4396 2912 4460 42,
2949 4398 3028 4457 νο)
3075 4398 3364 4467 ἡγουμένῳ
3399 4393 3468 4463 τῷ
3499 4383 3681 4460 ὲρχῠμέ·

496 4471 644 4526 tibus
693 4473 773 4526 eis
820 4474 1106 4542 prmfectus
1153 4484 1240 4530 est
1291 4475 1555 4542 Herodes,
1601 4495 2060 4553 successoresque

2184 4501 2283 4550 ῳ.»
2346 4485 2440 4548 Τίς
2466 4485 2520 4538 δὲ
2584 4486 2859 4559 διαφθερεῖ
2890 4488 2922 4557 ἢ
2959 4487 3065 4541 τῶν
3095 4487 3281 4557 ψυχῶν
3337 4488 3366 4538 ὁ
3419 4476 3680 4548 διαφθορεὺς

495 4563 616 4633 ejus
645 4565 738 4635 qui
775 4582 920 4620 nunc
970 4583 1143 4636 usque
1176 4567 1486 4625 Judmorum
1519 4580 1798 4640 sceptrum
1833 4589 2060 4646 accepe-

494 4655 666 4709 runt?
693 4653 848 4709 Sicut
884 4659 1048 4727 igitur
1075 4659 1334 4730 pristinos
1366 4663 1550 4733 populi
1590 4664 1777 4728 duces,
1833 4682 2058 4740 magnos

495 4747 704 4803 scilicet
745 4749 1058 4804 sacerdotes
1097 4770 1115 4802 ι
1154 4752 1426 4807 cbristum
1451 4756 1642 4810 ducem
1705 4776 1723 4808 ι
1771 4758 2058 4830 allegorice

493 4839 710 4894 vocavit
741 4841 1046 4912 pr0phetia,
1086 4843 1161 4896 ita
1195 4843 1318 4898 illos
1349 4845 1463 4916 qui,
1494 4847 1771 4917 prioribus
1803 4852 2052 4914 sublatis.

493 4945 524 4983 e
552 4931 737 5000 gentili
770 4948 965 5001 genere
997 4934 1163 4989 rebus
1194 4935 1546 5004 praefuerunt,
1583 4958 1602 4989 ‹
1641 4940 1833 4994 ducem
1861 4949 2056 4993 ventu-

493 5035 614 5075 rum
647 5040 667 5074 ι
699 5023 1016 5090 nominavit,
1046 5026 1234 5082 dicens
1268 5045 1280 5081 :
1323 5045 1341 5078 ι
1398 5030 1464 5083 Et
1524 5031 1796 5083 civitatem
1843 5040 1896 5085 et
1927 5046 2056 5086 san-

491 5111 760 5165 ctuariqu
794 5113 1082 5184 dissipabit
1137 5119 1370 5187 populus
1407 5135 1528 5174 cum
1563 5121 1698 5175 duce
1740 5131 2000 5190 venturo;
2032 5144 2050 5177 ι

490 5199 633 5269 quod
672 5201 887 5271 quidem
919 5205 1164 5272 apertius
1205 5209 1397 5276 Aquila
1427 5209 1754 5278 signiﬁcavit
1785 5211 1888 5268 hoc
1937 5229 2052 5268 mo-

492 5286 582 5354 do,
613 5305 632 5339 ι
675 5288 741 5342 Et
774 5291 1050 5348 civitatem
1105 5306 1160 5350 et
1207 5298 1580 5352 sanctuarium
1625 5298 1915 5372 dissipabit
1957 5319 2054 5374 po-

491 5376 652 5444 pulus
682 5378 840 5436 ducis
883 5385 1118 5439 venturi.
1159 5405 1178 5437 ι
1213 5388 1557 5457 Compertum
1591 5399 1678 5446 est
1725 5394 1870 5448 enim
1918 5409 2055 5465 quo-

567 5490 610 5523 ³⁸
652 5492 785 5548 Dan.
821 5509 899 5560 ιχ,
926 5496 1016 5552 εο.
1092 5498 1141 5530 ³⁸
1181 5499 1312 5556 ibid.

569 5602 645 5663 (l)
678 5603 899 5665 Josenb.
928 5611 1102 5670 Antia.
1137 5629 1290 5677 xvtn.
1322 5616 1376 5677 4,
1403 5619 1480 5683 3.,

2167 4577 2448 4643 διάϐολος;
2517 4579 2613 4642 Τίς
2659 4579 2717 4632 δὲ
2787 4581 3076 4652 ἐρχόμενος
3143 4579 3437 4648 ἡγούμενος
3497 4564 3677 4643 ἢὸέξ

2165 4668 2332 4722 ἐθνῶν
2385 4669 2597 4742 πρῶτος
2644 4670 2822 4722 αὐτῶν
2852 4670 3198 4741 ἡγησάμενος
3231 4668 3483 4740 Ἡρώδης,
3527 4661 3604 4713 καὶ
3638 4656 3673 4706 θί

2167 4763 2281 4830 μετ’
2315 4761 2476 4813 αὑτὸν
2509 4762 2587 4823 εἰς
2616 4761 2775 4832 δεῦρο
2815 4762 2912 4831 τὴν
2959 4762 3102 4816 κατὰ
3148 4761 3406 4814 Ἰουδαίων
3436 4749 3672 4827 ἡγεμονίαν

2161 4849 2524 4920 διειληφότεςς
2563 4851 2768 4922 Ὥσπερ
2811 4853 2940 4921 γοῦν
2974 4853 3098 4914 τοὺς
3149 4851 3313 4904 πάλαι
3359 4847 3518 4902 αὐτῶν
3546 4844 3662 4911 ἡτου·

2167 4941 2355 5010 μένους
2384 4943 2655 5014 ἀρχιερεῖς
2686 4961 2703 4994 ι
2727 4945 2946 5015 χριστὸν
2961 4944 3093 5015 ήγού
3102 4961 3255 5013 μενον
3281 4962 3297 4992 ι
3320 4927 3668 5007 αἰνιγματωίά

2165 5038 2454 5105 προσεῖπεν
2485 5038 2517 5107 ὴ
2543 5036 2863 5108 προφητεία,
2905 5036 2993 5089 τὸν
3024 5036 3184 5090 αὺτὶν
3209 5035 3396 5107 τρόπον
3423 5029 3533 5090 τοὺς
3562 5018 3663 5093 μετά

2159 5125 2258 5196 τὴν
2292 5127 2512 5179 ἐκείνων
2548 5128 2887 5181 κατάπαυσιν
2925 5127 2984 5192 ἐξ
3035 5127 3202 5180 ἐθνῶν
3229 5123 3399 5180 αὐτῶν
3448 5119 3662 5190 ἄρξανπῖ

2165 5234 2182 5265 ι
2206 5216 2494 5286 ἐρχόμενον
2519 5218 2843 5288 ἡγούμενον»
2870 5217 3288 5290 προσηγόρευσε,
3312 5217 3522 5285 φήσασα
3545 5226 3559 5255 ι
3581 5199 3658 5254 Καὶ

2160 5305 2258 5376 τὴν
2323 5306 2474 5360 πόλιν
2530 5309 2623 5362 καὶ
2669 5308 2729 5361 τὸ
2785 5307 2938 5378 ἅγιον
2987 5307 3260 5380 διαφθερεῖ
3300 5307 3391 5358 σὺν
3433 5297 3504 5369 τῷ
3533 5296 3653 5365 ἤγετ’

2166 5397 2314 5469 μένῳ
2367 5397 2444 5471 τῷ
2486 5400 2783 5472 ἐρχομένῳο
2817 5420 2836 5453 ι
2876 5402 3012 5472 ὅπερ
3044 5400 3362 5471 σαφέστερον
3400 5395 3427 5447 ό
3476 5380 3650 5443 Ἀκύλας
