4008 6208
267 282 418 339 ,1183

1257 283 1549 340 ECLOGzE
1589 285 2306 345 PROPHETIC£.—L|B.
2345 285 2440 344 III.

3393 296 3531 354 “90

279 400 542 456 ἐκδέδωκε
596 401 861 472 ποιήσας,
901 420 918 452 ι
952 401 1061 456 Καὶ⁴
1107 402 1204 472 τὴν
1257 403 1409 456 πόλιν
1459 406 1552 459 καὶ
1596 406 1657 458 τὸ
1707 406 1840 474 tm

1964 404 2126 459 modo
2195 405 2431 474 populus
2497 401 2883 473 exercitusque
2951 403 3184 460 istorum
3247 407 3343 477 qui
3408 419 3532 478 post

274 493 551 566 διαφθερεῖ
609 493 736 557 λαὸς
781 495 1082 565 ἡγουμένου
1135 496 1452 567 ἐρχομένου.
1481 518 1498 549 ι
1548 499 1655 552 Καὶ
1718 501 1852 571 πρό-

274 588 432 658 δηλον
481 588 629 651 ὅπως
678 589 706 640 ὁ
750 587 877 652 λαὸς
927 591 1020 642 καὶ
1065 589 1092 640 ὁ
1139 589 1367 660 στρατὸς
1405 589 1512 642 τῶν
1545 591 1682 660 μετὰ
1728 593 1854 654 τοὺς

277 679 527 750 χριστοὺς
576 680 912 751 ἡγουμένους
974 679 1071 750 τὴν
1137 681 1278 735 κατὰ
1357 682 1620 736 Ἰουδαίων
1677 683 1852 754 ἀρχὴν

273 771 668 843 διαδεξαμένων
727 773 784 840 ἐξ
838 773 1005 826 ὲθνῶν
1048 775 1366 846 ἡγουμένων
1393 817 1408 838 ,
1457 776 1639 847 νόμοις
1683 775 1852 831 ὲθνῶν

273 861 575 935 χρώμενος,
629 863 722 916 καὶ
771 864 869 934 τὴν
908 865 1057 918 πόλιν
1107 867 1199 920 καὶ
1246 866 1306 918 τὸ
1349 866 1501 935 ἆγιον
1559 867 1848 940 διέφθειρε,

273 954 368 1008 καὶ
399 956 428 1006 ὁ
456 955 598 1007 κατὰ
638 954 871 1008 διάνοιαν
910 956 965 1008 δὲ
1007 957 1115 1009 τῶν
1157 957 1342 1029 ψυχῶν
1389 958 1688 1030 ἡγούμενος
1723 961 1849 1030 φθο-

275 1047 404 1117 psi);
447 1048 544 1100 σὺν
595 1045 674 1116 τῷ
719 1047 1004 1119 ἡγουμένῳ
1053 1048 1129 1118 τῷ
1175 1051 1314 1103 κατά
1359 1049 1458 1121 τὴν
1514 1053 1849 1123 προφητείαν

271 1137 552 1208 ἐληλυθότι
597 1139 776 1191 πᾶσαν
809 1137 1012 1210 φθορὰν
1051 1140 1391 1212 ἐνηργήσατο
1422 1141 1571 1213 αὐτῷ
1618 1161 1677 1196 τε
1715 1145 1849 1216 πρό-

269 1247 429 1304 τερον
477 1232 554 1302 τῷ
599 1231 734 1302 λαῷ,
779 1235 1011 1296 καὶτοῖς
1057 1235 1155 1304 τὴν
1189 1236 1340 1289 πόλιν
1383 1237 1649 1291 ἐνοικοῦσι
1701 1239 1848 1291 πολί-

268 1337 412 1384 ταις,
452 1321 637 1374 ἔπειτα
680 1322 736 1374 δὲ
778 1325 874 1376 καὶ
923 1325 1002 1394 τῷ
1043 1325 1159 1395 ναῷ
1199 1328 1292 1380 καὶ
1333 1331 1398 1400 τῇ
1449 1329 1610 1382 πάλαι
1660 1347 1846 1382 συντε-

269 1411 505 1487 λουμένῃ
532 1415 587 1466 ὲν
621 1413 768 1484 αύτῷ
797 1413 1040 1488 λατρεία.
1065 1417 1173 1470 Καὶ
1201 1418 1404 1490 ταύτην
1437 1437 1501 1488 γε
1541 1421 1719 1474 αἰτίαν
1748 1425 1845 1493 τῆς

269 1504 586 1572 παραυτίκα
657 1506 1030 1575 γεγενημένης
1092 1507 1185 1560 τοῦ
1249 1510 1485 1579 Χριστοῦ
1543 1513 1845 1583 παρουσίας

267 1591 642 1662 προσημαίνόν
675 1611 776 1646 που
799 1593 938 1648 θεῖον
959 1595 1136 1664 λόγιόν
1178 1614 1358 1667 φησιν·
1391 1617 1408 1648 ι
1435 1600 1636 1670 Κύριος
1659 1603 1722 1654 ἐκ
1748 1601 1841 1654 τοῦ

268 1680 496 1751 οὐρανοῦ
521 1681 770 1752 διέκυψεν
804 1684 896 1736 ἐπὶ
934 1685 1059 1747 τοὺς
1085 1685 1234 1748 υἱοὺς
1262 1685 1370 1738 τῶν
1403 1687 1498 1740 ἀνθ
1509 1687 1724 1758 ρώπων,
1749 1688 1841 1742 τοῦ

275 1772 402 1826 ἰδεῖν
427 1773 473 1824 εί
513 1771 626 1824 ἔστι
677 1773 890 1836 συνιὼν,
921 1773 952 1844 ἢ
983 1774 1226 1846 ἐκζητῶν
1280 1775 1370 1828 τὸν
1422 1754 1574 1830 Θεόν.
1633 1778 1841 1843 Πάντες
1875 1754 1914 1808 Β

266 1862 564 1929 ἐξέκλιναν,
598 1864 714 1935 ἅμα
735 1864 1140 1938 ἠχρειώθησαν,
1158 1868 1255 1920 οὐκ
1289 1868 1402 1922 ἔστι
1419 1869 1586 1924 ποιῶν
1609 1872 1842 1944 χρηστό-

263 1973 426 2026 τητα,
455 1958 554 2011 ούκ
586 1957 734 2010 ἔστιν
757 1959 861 2022 ἕως
887 1959 1021 2022 ἑνός.
1048 1980 1065 2010 ι
1104 1957 1217 2013 Εἶθ’
1241 1961 1316 2025 ὡς
1354 1961 1708 2034 διεφθορότων
1733 1965 1841 2017 τῶν

265 2049 759 2120 προδεδηλωμένων
775 2050 842 2103 τὰ
863 2050 1233 2122 διαληψόμενα
1253 2053 1448 2118 αὐτοὺς
1471 2056 1840 2127 προδιδάσκων

262 2143 293 2193 ὁ
327 2140 483 2208 λόγος
507 2142 663 2213 φησί·
703 2161 721 2193 ι
756 2143 866 2196 Καὶ
902 2144 1229 2214 κοπήσονται
1255 2147 1312 2197 ὲν
1346 2146 1422 2216 τῷ
1451 2147 1837 2219 κατακλυσμῷ,

262 2232 362 2286 καὶ
392 2234 486 2286 ἐπὶ
512 2233 766 2286 τοσοῦτόν
794 2251 856 2302 γε
884 2235 1235 2305 κοπήσονται,
1257 2235 1360 2300 ἓως
1383 2236 1570 2301 τέλους
1603 2237 1838 2310 πολέμου

263 2325 706 2396 συντετμημένου
738 2327 1096 2396 άφανισμοῖς’
1121 2345 1140 2377 ι
1184 2326 1264 2379 ἔτι
1319 2327 1374 2380 δὲ
1409 2328 1608 2382 τούτων
1658 2347 1841 2384 συντε-

259 2411 541 2482 λουμένων
569 2430 628 2465 τε
655 2415 746 2466 καὶ
769 2415 1194 2486 ἐνεργουμένων,
1221 2435 1238 2464 ι
1262 2417 1370 2469 Καὶ
1401 2417 1704 2488 δυναμώσει
1725 2421 1839 2473 δια-

261 2503 444 2574 θήκην
473 2503 684 2568 πολλοῖς
723 2504 955 2574 ἑϐδομὰς
1010 2505 1127 2576 μία.
1156 2525 1172 2555 ι
1215 2506 1363 2576 Αῦτη
1396 2508 1440 2561 δ’
1472 2508 1537 2562 ἂν
1569 2511 1652 2582 εἴη
1687 2513 1718 2580 ή
1745 2511 1838 2564 τοῦ

260 2597 538 2666 σωτηρίου
574 2596 946 2668 κηρύγματος,
980 2599 1044 2651 δι’
1075 2593 1134 2652 οὗ
1163 2599 1262 2668 τῆς
1295 2601 1503 2670 Καινῆς
1534 2603 1634 2672 τὴν
1661 2604 1840 2674 παρά-

254 2688 408 2742 δοσιν
436 2688 710 2759 Διαθήκης
750 2690 778 2740 ὁ
819 2691 1008 2762 Σωτὴρ
1039 2691 1132 2743 καὶ
1182 2691 1384 2762 Κύριος
1425 2693 1582 2763 ἡμῶν
1635 2694 1840 2764 Ἰησοῦς

254 2778 500 2849 Χριστὸς
548 2780 605 2830 ἐν
664 2779 874 2842 πολλοῖς
925 2779 1339 2849 μαθητευθεῖσιν
1399 2783 1546 2853 αὐτῷ
1592 2784 1839 2838 ἐνεδυνά-

255 2885 449 2939 μωσε·
490 2870 612 2922 τοτὲ
647 2871 742 2938 μὲν
779 2870 884 2942 πρὸ
927 2869 1021 2922 τοῦ
1065 2869 1268 2934 πάθους
1306 2870 1477 2924 συνὼν
1522 2873 1702 2935 αὐτοῖς
1749 2874 1840 2927 καὶ

254 2959 812 3030 συμπολιτευόμενος,
856 2964 976 3014 τοτὲ
1001 2962 1058 3014 δὲ
1096 2962 1187 3014 καὶ
1223 2981 1240 3012 ι
1273 2962 1411 3031 μετά
1440 2963 1538 3032 τὴν
1577 2964 1838 3035 ἀνάληψιν

247 3051 326 3103 δι’
349 3051 574 3123 ἡμερῶν
595 3058 644 3122 μ’
667 3053 1029 3124 ὀπτανόμενος
1050 3054 1231 3116 αὐτοῖς
1249 3055 1340 3106 καὶ
1362 3054 1834 3126 συναυλιζόμενος,
1864 3086 1904 3141 C

249 3141 358 3195 καὶ
378 3143 550 3211 λέγων
583 3144 651 3196 τά
688 3145 813 3216 περὶ
839 3148 935 3216 τῆς
959 3145 1234 3215 βασιλείας
1262 3145 1352 3198 τοῦ
1374 3145 1507 3198 θεοῦ
1529 3164 1540 3176 ·
1569 3166 1587 3198 ι
1624 3147 1704 3200 διὸ
1738 3149 1830 3201 καὶ

254 3255 279 3285 ι
315 3237 694 3308 παρήγγελλεν
737 3240 920 3302 αὐτοῖς
955 3239 1059 3292 ἀπὸ
1103 3238 1486 3310 Ἰεροσολύμων
1542 3239 1615 3310 μὴ
1663 3239 1828 3311 χωρί-

247 3327 466 3390 ζεσθαι.
497 3347 515 3378 ι
562 3329 778 3399 Ταύτης
824 3331 880 3383 δὲ
927 3333 1025 3400 τῆς
1073 3329 1362 3399 ἑϐδομάδος
1419 3331 1476 3384 ἐν
1521 3330 1598 3401 τῷ
1644 3331 1830 3402 ἡμίσει

245 3419 326 3472 δι’
349 3420 416 3490 ἣν
445 3408 708 3474 πέπονθεν
743 3422 848 3474 ὑπὸ
877 3422 1142 3500 Ἰουδαίων
1173 3421 1460 3493 ἐπιϐουλὴν
1493 3423 1587 3476 καὶ
1619 3423 1684 3476 τά
1705 3422 1832 3475 ἀκό-

244 3512 426 3565 λουθα
453 3516 550 3584 τῆς
591 3514 740 3577 θείας
774 3513 1064 3585 ἐπληρώθη
1094 3515 1479 3586 προρρήσεως·
1527 3517 1670 3584 ἀμφὶ
1702 3513 1831 3583 γοῦν

244 3603 329 3656 τὰ
353 3603 482 3674 τρία
509 3605 680 3674 ἦμισυ
721 3605 812 3676 ἔτη
855 3606 1097 3678 κηρύξας
1127 3607 1219 3660 καλ⁴
1254 3606 1358 3659 ἀπὸ
1395 3606 1493 3676 τῆς
1527 3607 1632 3658 τῶν
1658 3608 1834 3674 Εὐαγ-

246 3692 457 3760 γελίων
490 3694 816 3765 παρίσταται
840 3695 1058 3766 γραφῆς
1077 3711 1090 3724 °
1119 3695 1196 3748 διὸ
1225 3697 1467 3767 είρηταισ
1500 3714 1516 3744 ι
1547 3697 1656 3748 Καὶ
1678 3697 1733 3747 ἐν
1757 3695 1834 3765 τῷ

1955 495 2194 550 christos
2250 494 2423 549 duces
2478 495 2533 548 in
2592 494 2810 549 Judaaos
2869 496 3162 566 imperium
3219 499 3531 566 obtinuere,

1951 586 2193 656 gentium
2253 601 2389 641 usus
2443 587 3116 660 legibus,'civitatemque
3167 599 3223 646 et
3269 602 3533 648 sanctua—

1952 677 2095 730 rium
2155 677 2552 747 pessumdedit,
2595 687 2651 733 et
2695 681 2966 751 spirituali
3004 697 3168 738 sensu
3218 684 3528 740 animarum

1951 769 2111 839 quasi
2161 771 2331 840 pestis
2365 770 2564 836 factus,
2603 758 2726 826 cuni
2775 773 2914 828 duce
2943 777 3060 844 qui,
3087 776 3246 844 juxta
3288 779 3528 849 prophe-

1949 857 2104 920 tiam,
2127 857 2238 926 jam
2273 869 2518 924 venerat,
2563 875 2779 914 omnem
2810 864 3109 930 perniciem
3144 865 3196 918 in
3229 870 3524 936 pristinum

1950 950 2206 1020 p0pulum
2227 959 2391 1020 atque
2421 951 2476 1005 in
2493 951 2729 1006 civitatis
2751 952 2985 1014 incolas.
3014 956 3139 1010 dein
3159 959 3214 1010 in
3239 961 3523 1028 templum,

1949 1049 2297 1111 veteremque
2357 1044 2563 1096 cultum
2618 1043 2672 1096 in
2725 1059 2790 1098 eo
2848 1046 3113 1100 usitatum
3167 1050 3522 1119 excogitavit.

1949 1129 2102 1186 Hanc
2127 1148 2256 1186 vero
2283 1147 2510 1186 causam
2539 1131 2744 1186 Christi
2803 1135 3199 1191 incarnationis
3243 1154 3364 1208 qua:
3394 1155 3524 1209 pro-

1948 1224 2099 1278 tinus
2125 1225 2266 1278 facta
2299 1233 2403 1288 est,
2455 1225 2858 1294 quodammodo
2890 1230 3130 1284 ostendit
3158 1231 3342 1286 divina
3372 1231 3524 1288 Scri-

1950 1325 2107 1386 ptura
2130 1317 2323 1373 dicens
2365 1335 2378 1373 :
2433 1337 2452 1368 ι
2499 1318 2763 1375 Dominus
2792 1320 2858 1375 de
2888 1322 3028 1374 cmlo
3054 1325 3336 1393 prospexit
3359 1343 3524 1398 super

1946 1409 2087 1464 ﬁlios
2117 1411 2425 1474 hominum,
2462 1418 2522 1464 ut
2544 1410 2725 1465 videat
2751 1411 2795 1466 si
2823 1421 2907 1466 est
2938 1414 3269 1485 intelligens,
3308 1425 3402 1472 aut
3433 1434 3520 1474 re-

1944 1502 2170 1571 quirens
2201 1501 2393 1556 Deum.
2426 1502 2628 1558 Omnes
2649 1503 3079 1569 declinaverunt,
3099 1509 3263 1562 simul
3293 1511 3518 1567 inutiles

1945 1592 2072 1648 facti
2105 1604 2232 1648 sunt
2263 1612 2281 1648 :
2323 1610 2433 1649 non
2478 1603 2563 1650 est
2597 1595 2691 1664 qui
2725 1596 2890 1651 faciat
2917 1598 3140 1663 bonum,
3177 1615 3287 1654 non
3312 1612 3396 1656 est
3421 1618 3517 1658 us-

1945 1700 2048 1754 que
2077 1688 2144 1740 ad
2175 1703 2345 1742 unum
2377 1689 2444 1744 ".
2479 1709 2498 1742 ι
2531 1689 2661 1745 Dein
2695 1692 2750 1746 in
2777 1692 2911 1748 istos
2939 1691 3006 1744 ad
3027 1692 3129 1746 hoc
3154 1693 3522 1764 corruptionis

1944 1779 2261 1848 provolutos
2291 1796 2413 1850 quae
2443 1782 2702 1852 ingruant
2737 1785 3076 1839 calamitates
3102 1785 3338 1840 edocens
3367 1785 3520 1841 Scri-

1943 1877 2102 1938 ptura
2134 1869 2207 1923 ait
2239 1889 2251 1923 :
2285 1889 2302 1921 ι
2342 1870 2407 1924 Ει
2442 1872 2564 1928 linis
2610 1873 2729 1942 ejus
2769 1875 3020 1937 vastitas,
3080 1885 3131 1928 et
3188 1887 3311 1945 post
3355 1877 3518 1932 tinem

1943 1960 2071 2014 belli
2125 1970 2329 2016 statuta
2362 1963 2631 2018 desolatio
2664 1965 2730 2019 ³⁸.
2781 1985 2798 2017 ι
2840 1964 2971 2031 Quae
3019 1982 3142 2020 cum
3191 1968 3517 2034 acciderint,

1947 2070 1965 2102 ι
1999 2053 2342 2107 conﬁrmabit
2391 2069 2610 2126 pactum
2664 2059 2848 2112 multis
2916 2059 3255 2113 hebdomada
3324 2075 3452 2115 una.
3492 2077 3513 2112 ι

1943 2142 2055 2198 Hoc
2122 2161 2253 2199 vero
2317 2156 2535 2216 pactum
2608 2150 2742 2202 nihil
2796 2150 2942 2204 aliud
2994 2158 3078 2204 est
3142 2165 3206 2204 ac
3256 2152 3517 2206 salutaris

1942 2233 2256 2302 praedicatio
2288 2251 2395 2305 qua
2440 2235 2695 2292 Salvator
2734 2237 3108 2307 Dominusque
3135 2247 3325 2294 noster
3351 2238 3516 2296 Jcsus

1941 2323 2194 2379 Christus
2223 2325 2634 2382 Testamentum
2671 2327 2880 2383 Novum
2913 2329 2966 2382 in
3004 2330 3189 2383 multis
3220 2330 3512 2399 discipulis

1942 2415 2056 2469 suis
2087 2415 2429 2470 conﬁrmavit
2461 2437 2473 2471 :
2499 2426 2614 2472 tum
2651 2419 2868 2488 quidem
2904 2428 3029 2472 ante
3054 2423 3364 2488 passionem
3383 2435 3510 2474 cum

1941 2503 2022 2558 eis
2056 2505 2242 2560 vivens
2269 2521 2332 2560 ac
2363 2517 2746 2572 conversatus,
2786 2519 2901 2564 tum
2928 2526 3058 2565 vero
3092 2529 3109 2560 ι
3142 2519 3267 2580 post
3299 2511 3514 2580 passio-

1943 2611 2063 2650 nem
2097 2612 2252 2650 suam
2286 2613 2383 2668 per
2421 2600 2537 2654 dies
2566 2599 2924 2672 quadraginta
2955 2617 3226 2671 apparens
3270 2603 3352 2657 eis
3383 2619 3516 2657 con-

1939 2687 2198 2756 gregatis,
2257 2696 2309 2742 et
2359 2690 2587 2760 loquens
2637 2693 2704 2747 de
2755 2708 2923 2762 regno
2970 2691 3064 2748 Dei
3086 2693 3152 2745 ".
3208 2712 3227 2744 ι
3280 2693 3516 2764 Ideoque

1947 2796 1965 2828 ι
2006 2781 2262 2849 prmcepit
2311 2783 2392 2836 eis
2439 2784 2506 2836 ab
2558 2781 2915 2854 Jer'o'solymis
2966 2801 3036 2840 ne
3066 2785 3434 2842 discederent.
3483 2805 3505 2839 ι

1940 2869 2114 2939 Hujus
2137 2888 2272 2946 vero
2295 2874 2652 2929 hebdomadis
2682 2876 2736 2928 in
2769 2875 3016 2940 dimidio,
3048 2884 3223 2931 morte
3253 2891 3416 2946 quam
3443 2878 3513 2932 ab

1940 2944 2143 3016 Judazis
2169 2979 2460 3033 perpessus
2495 2972 2599 3028 est,
2635 2966 2854 3034 impleta
2879 2976 3007 3021 sunt
3039 2967 3236 3020 divina:
3271 2944 3514 3036 prophe-

1941 3053 2028 3106 tia:
2055 3054 2296 3123 reliqua;
2327 3057 2683 3124 cumquide
2707 3075 2800 3128 per
2819 3067 2930 3112 tres
2947 3073 3120 3113 annos
3142 3066 3195 3112 et
3217 3059 3509 3112 dimidium

1938 3143 2288 3214 Evangelium
2315 3148 2689 3215 praedicatum,
2710 3164 2773 3200 ac
2798 3149 2994 3202 deinde
3012 3150 3386 3217 conscriptum
3405 3156 3512 3212 est,

1937 3250 2106 3303 quare
2141 3237 2343 3288 dicitur
2368 3256 2380 3291 :
2409 3256 2426 3287 ι
2454 3240 2509 3291 1η
2532 3240 2708 3292 medio
2730 3238 3513 3294 hebdomadisdeﬁciethostia

1937 3325 2331 3378 etsacriﬁcium
2354 3327 2416 3378 ‘°.
2435 3347 2450 3377 ι
2476 3328 2702 3382 Constat
2729 3330 2872 3383 enim
2904 3346 3000 3399 per
3025 3334 3336 3400 passionem
3363 3329 3515 3384 defe-

1939 3419 2079 3471 cisse
2111 3418 2343 3471 hostiam
2375 3420 2537 3474 simul
2573 3431 2626 3473 ct
2663 3421 3032 3484 sacriﬁcium;
3079 3423 3318 3491 quando,
3349 3422 3513 3490 juxta

1940 3509 2358 3581 Evangeliorum
2401 3513 2798 3576 narrationem,
2839 3530 2858 3562 ι
2903 3514 3078 3568 velum
3129 3515 3316 3584 templi
3367 3515 3513 3570 scis-

1941 3617 2062 3655 sum
2079 3610 2162 3656 est
2185 3604 2236 3656 in
2263 3603 2400 3656 duas
2419 3613 2599 3672 partes
2626 3620 2652 3655 a
2679 3616 2893 3658 summo
2922 3620 3096 3674 usque
3113 3606 3370 3661 deorsum
3391 3605 3434 3639 δι
3457 3626 3508 3673 ς»

1937 3695 2203 3765 juxtaque
2229 3694 2450 3764 Iosephi
2487 3695 2770 3750 historiam
2806 3715 2817 3749 :

244 3784 451 3855 ἡμίσει
485 3785 581 3855 τῆς
605 3784 895 3855 ἑϐδομάδος
919 3786 1218 3858 ἀρθήσεται
1253 3787 1411 3840 θυσία
1447 3787 1542 3838 καὶ
1575 3785 1772 3857 σπονδή
1796 3803 1808 3815 ·
1845 3805 1863 3836 ι
1907 3788 2001 3838 καὶ
2032 3786 2200 3856 σαφές
2227 3804 2290 3856 γε
2339 3787 2485 3852 ὅπως
2522 3787 2637 3858 ἅμα
2683 3787 2760 3858 τῷ
2807 3787 2967 3840 πάθει
3006 3787 3232 3859 δυνάμεί
3280 3788 3420 3860 ῆρθη
3453 3787 3516 3856 ἐξ

248 3873 442 3929 αὐτῶν
473 3874 629 3929 θυσία
672 3875 766 3926 καὶ
799 3876 1036 3946 σπονδή·
1067 3877 1156 3928 ὅτε
1201 3877 1340 3930 κατὰ
1377 3877 1472 3946 μὲν
1501 3876 1596 3948 τὴν
1627 3875 1736 3928 τῶν
1765 3875 2108 3944 Εὑαγγελίων
2150 3879 2369 3950 γραφὴν
2420 3899 2438 3930 ι
2482 3878 2542 3931 τὸ
2564 3879 2960 3950 καταπέτασμα
3001 3879 3096 3932 τοῦ
3135 3879 3264 3934 ναοῦ
3292 3879 3512 3952 ἐσχίσθη

253 3965 378 4021 ἀπὸ
408 3964 614 4019 ἄνωθεν
648 3963 753 4026 ἕως
785 3963 962 4016 κάτω’
993 3985 1010 4016 ι
1049 3965 1192 4018 κατὰ
1219 3966 1274 4018 δὲ
1321 3965 1417 4036 τὴν
1451 3965 1542 4018 τοῦ
1583 3967 1844 4036 Ἰωσήπου
1889 3967 2148 4038 ἱστορίαν·

338 4077 356 4109 ι
379 4045 468 4112 Ἐν
495 4059 630 4126 αὐτῇ
663 4059 727 4127 τῇ
746 4058 1089 4127 Πεντηκοστῇ
1121 4057 1334 4128 νύκτωρ
1349 4059 1396 4110 οἱ
1433 4059 1595 4128 ἱερεῖς
1628 4057 1829 4127 παρελ-

247 4149 445 4210 θόντες
473 4149 553 4210 είς
575 4145 636 4200 τὸ
677 4146 839 4216 ἱερὸν,
873 4145 1059 4217 ὥσπερ
1093 4148 1276 4210 αὐτοῖς
1309 4147 1427 4210 ἔθος
1448 4143 1534 4218 ἦν,
1572 4147 1707 4219 πρὸς
1733 4148 1831 4210 τὰς

246 4241 621 4312 ὶειτουργίας,
666 4239 878 4311 πρῶτον
912 4239 1008 4309 μὲν
1055 4240 1319 4309 κινήσεως
1340 4238 1547 4308 ἔφασαν
1575 4238 1835 4309 ἀντιλαμ-

2013 4075 2032 4107 ι
2075 4058 2132 4112 In
2180 4056 2294 4128 ipsa
2342 4056 2662 4113 Pentecoste
2703 4067 2866 4112 noctu
2915 4057 3228 4114 sacerdotes
3277 4060 3331 4112 in
3377 4067 3518 4115 tem-

1936 4147 2082 4216 plum
2130 4149 2424 4217 progressi,
2477 4149 2621 4203 sicut
2664 4156 3084 4213 consueverant,
3121 4149 3187 4202 ad
3223 4165 3377 4205 sacra
3432 4152 3516 4205 fa-

1933 4241 2208 4302 ciendum,
2245 4244 2421 4313 primo
2468 4250 2674 4297 motum
2721 4243 3092 4297 vehementem
3138 4258 3262 4296 cum
3297 4243 3518 4314 fragore

249 4336 521 4389 δάνεσθαι
550 4334 644 4388 καὶ
676 4334 903 4396 κτύπου,
941 4333 1077 4404 μετὰ
1111 4334 1166 4386 δὲ
1197 4333 1367 4386 ταῦτα
1397 4335 1578 4404 φωνῆς
1607 4334 1824 4405 ἁθρόας

1944 4331 2137 4384 l‘actum
2167 4348 2289 4387 esse
2317 4334 2594 4395 dixerunt.
2625 4334 2750 4389 dein
2783 4349 3031 4404 magnam
3063 4334 3240 4388 audiri
3281 4349 3465 4389 vocem
3494 4352 3511 4390 :

257 4451 278 4482 ι
309 4428 918 4500 Μεταὸαίνομεν(ωμεν)
944 4425 1210 4479 ἐντεῦθεν.
1241 4445 1268 4504 ι.

328 4520 517 4575 Ταῦτα
537 4520 591 4573 δὲ
618 4518 757 4572 κατὰ
781 4517 923 4582 λέξιν
948 4520 1040 4571 καὶ
1060 4518 1221 4590 ἕτερα
1242 4518 1450 4581 τούτοις
1480 4517 1828 4589 παραπλήσια

251 4616 380 4676 ταῖς
425 4612 686 4682 ἱστορίαις
723 4609 992 4682 παραδοὺς
1031 4613 1059 4664 ὁ
1103 4609 1360 4680 Ἰώσηπος
1409 4609 1719 4680 συμϐάλοιτ*
1764 4609 1828 4662 ἂν

251 4707 392 4775 ἡμῖν
417 4705 495 4765 είς
527 4701 795 4768 ἀπόδειξιν
809 4701 902 4754 τοῦ
931 4701 1152 4772 δυνάμει
1172 4701 1422 4753 λελύσθαι
1457 4718 1516 4753 τε
1543 4701 1635 4754 καὶ
1661 4703 1829 4774 καθη-

256 4792 460 4864 ρῆσθαι
492 4791 626 4862 μετὰ
650 4791 710 4843 τὸ
737 4794 996 4860 σωτήριον
1027 4789 1196 4854 πάθος
1222 4791 1288 4842 τὰ
1321 4791 1420 4856 τῆς
1445 4790 1536 4843 τοῦ
1562 4789 1690 4844 λαοῦ
1725 4809 1828 4843 σω-

255 4883 504 4956 ματικῆς
537 4883 806 4954 λατρείας.
845 4880 974 4935 Οἶδα
1005 4882 1060 4934 δὲ
1093 4883 1186 4934 καὶ
1232 4883 1393 4952 ἄλλην
1433 4883 1512 4944 είς
1552 4881 1648 4954 τὴν
1682 4881 1830 4934 ἑϐδο-

257 4974 408 5047 μάδα
435 4977 532 5045 τὴν
561 4995 578 5025 ι
615 4973 1006 5045 δυναμώσασαν
1051 4973 1313 5044 διαθήκην
1347 4973 1557 5037 πολλοῖς
1581 4995 1597 5025 ι
1637 4973 1828 5026 ἀποδο-

253 5069 448 5122 θεῖσαν
492 5068 817 5139 ὲρμηνείανο
865 5067 1068 5137 ταύτην
1101 5066 1209 5137 γὰρ
1243 5069 1320 5129 είς
1359 5067 1456 5136 τὴν
1503 5069 1559 5134 ὲν
1609 5067 1829 5120 δεκάσιν

255 5160 532 5231 ἑϐδομάδα
561 5159 875 5230 μεταλαϐὼν
901 5163 928 5214 ὁ
960 5161 1113 5230 λόγος
1143 5159 1378 5230 παρίστη
1415 5160 1504 5213 τὸν
1538 5161 1826 5230 σύμπαντα

255 5250 372 5305 τῶν
399 5251 707 5304 ἀποστόλων
737 5251 923 5323 χρόνον
952 5254 1030 5314 εἰς
1064 5251 1578 5321 ἑϐδομηκονταετίαν
1619 5250 1825 5304 συντεί-

258 5359 397 5406 νειν,
430 5341 488 5394 ὲν
567 5341 626 5394 τὸ
656 5345 918 5412 κήρυγμα
961 5341 1060 5412 τῆς
1090 5343 1295 5414 Καινῆς
1330 5341 1602 5412 Διαθήκης
1644 5342 1823 5395 οὐκέτι

262 5434 366 5499 ἑνὶ,
395 5431 528 5485 ἀλλὰ
564 5432 774 5496 πολλοῖς
805 5431 979 5485 ἔθνεσι
1019 5433 1285 5504 κηρυχθὲν
1318 5434 1398 5496 είς
1438 5433 1616 5485 πᾶσαν
1651 5433 1828 5485 ἐνεδυ-

336 5591 379 5622 ³⁷
423 5589 566 5648 Psal.
607 5607 741 5654 xm,
779 5591 847 5655 2,
879 5591 932 5646 ’5.
1009 5589 1052 5620 ³⁸
1092 5588 1224 5644 Dan.
1259 5606 1347 5653 Ix,
1377 5589 1468 5645 26.

341 5729 417 5798 (l)
449 5729 668 5799 Juscph.
706 5730 777 5785 De
806 5730 936 5785 bello
965 5729 1119 5795 Jud.,
1155 5745 1228 5795 vt,
1264 5729 1316 5796 5,
1355 5729 1405 5781 '5.

1546 5589 1589 5621 ³⁵
1628 5589 1747 5643 Act.
1785 5603 1836 5654 1,
1865 5589 1918 5643 5.

1941 4443 1960 4475 ι
1997 4423 2134 4478 Hinc
2159 4424 2510 4495 egrediantur
2537 4426 2638 4499 (l).
2681 4447 2699 4478 ι

2007 4515 2128 4570 Hch
2159 4533 2434 4587 expresse,
2473 4519 2688 4587 aliaque
2733 4518 2818 4574 his
2845 4519 3042 4574 similia
3083 4517 3352 4590 Iosephus
3387 4532 3510 4572 cum

1937 4607 1990 4660 in
2026 4606 2271 4661 historiis
2315 4606 2520 4669 refert,
2567 4609 2852 4662 nobiscum
2917 4608 3132 4663 videtur
3179 4605 3511 4665 consentire,

1935 4699 2436 4752 demonstrantibus
2476 4700 2651 4766 reipsa
2687 4700 2925 4753 solutum
2962 4714 3026 4751 ac
3065 4698 3299 4752 deletum
3344 4695 3514 4748 fuisse

1936 4799 2058 4858 post
2093 4787 2392 4844 Salvatoris
2435 4790 2744 4858 passionem
2795 4803 3118 4860 corporeum
3169 4787 3351 4855 populi
3395 4788 3514 4838 cul-

1933 4889 2068 4934 tum.
2098 4881 2356 4936 Novimus
2382 4882 2541 4934 aliam
2578 4896 2793 4950 quoque
2842 4881 2910 4934 de
2953 4877 3289 4933 hebdomade
3325 4895 3343 4926 ι
3380 4890 3512 4928 con-

1936 4974 2214 5026 ﬁrmatura
2251 4984 2464 5042 pactum
2493 4972 2679 5027 multis
2716 4992 2732 5023 ι
2769 4971 2951 5025 datam
2987 4965 3506 5037 interpretationem.

1936 5062 2060 5118 Haec
2091 5066 2233 5118 enim
2267 5064 2626 5126 hebdomada,
2657 5062 2810 5134 quasi
2842 5070 3046 5130 septem
3077 5059 3354 5114 decenniis
3377 5072 3511 5111 con-

1935 5165 2108 5217 stans,
2150 5171 2311 5211 omne
2346 5155 2714 5224 postolorum
2761 5162 2997 5223 tempus,
3039 5152 3250 5206 scilicet
3292 5157 3512 5219 septua-

1932 5251 2078 5322 ginta
2113 5267 2288 5306 annos
2315 5253 2557 5306 indicare
2595 5251 2888 5314 videretur,
2921 5251 3120 5320 quibus
3151 5237 3282 5303 Novi
3313 5247 3507 5302 Testa-

1932 5343 2095 5396 menti
2145 5342 2459 5412 praedicatio
2511 5344 2693 5397 habita
2743 5351 2848 5407 est,
2899 5342 3042 5412 quod
3092 5356 3196 5394 non
3249 5339 3361 5400 ttni,
3413 5340 3506 5393 sed

1934 5433 2118 5488 multis
2150 5435 2532 5490 annuntiatum
2561 5435 2812 5506 gentibus
2842 5450 2936 5504 per
2963 5433 3272 5487 universam
3304 5439 3504 5485 terram

1995 5588 2038 5620 ‘°
2082 5586 2216 5645 Dan.
2250 5605 2302 5643 ix
2327 5629 2340 5653 ,
2375 5589 2464 5644 27.
2544 5589 2584 5621 εί
2633 5589 2819 5644 Matth.
2858 5602 3040 5650 xxvii,
3073 5587 3160 5641 5i.
