4008 6208
546 279 681 339 ίωι
1252 278 1518 337 EUSEBII
1553 279 2035 339 CESARIENSIS
2072 281 2222 340 OPP.
2265 283 2465 341 PARS.
2506 285 2594 342 Ill.
2637 317 2708 330 —
2747 285 3152 345 EXEGETICA.
3598 299 3708 356 nas

545 403 924 459 conﬁrmatum
956 406 1060 455 est.
1109 398 1321 455 Etenim
1368 400 1617 459 historiis
1653 411 1800 473 patet
1836 401 2116 471 Joannem,

2231 406 2456 478 ναμώθη
2488 408 2588 479 τήν
2610 408 2950 480 οἰκουμένην.
2987 410 3098 462 Καὶ
3131 409 3238 482 γὰρ
3285 406 3376 464 οὖν
3405 412 3463 466 ὲκ
3499 413 3587 469 τῶν
3607 418 3711 475 ιστο-

543 494 750 552 Cbristi
794 494 1143 564 discipulum,
1179 502 1303 564 post
1347 503 1579 551 mortem
1632 495 1867 563 Domini,
1902 510 2116 568 septua-

2231 499 2362 572 ριῶν
2387 499 2658 555 δείκνυται
2690 500 2938 571 Ἰωάννης
2963 503 2992 554 ὀ
3013 501 3108 554 τοῦ
3149 503 3353 574 Κυρίου
3384 504 3596 577 μαθητὴς
3617 513 3718 579 μετὰ

545 587 694 658 ginta
740 587 897 642 annis
935 588 1286 657 superstitem
1322 588 1547 655 vixisse,
1596 589 1807 644 scilicet
1841 555 2018 661 usque
2059 590 2116 645 ad

2225 555 2323 664 τὴν
2345 591 2606 663 ἀνάληψιν
2630 591 2794 645 αὑτοῦ
2824 555 2996 645 ἐτεσιν
3027 555 3269 657 ἐπιϐιοὺς
3285 601 3326 646 o’
3341 611 3354 624 ·

543 680 766 751 'l‘rajani
791 697 1052 754 regnum;
1080 683 1346 754 juxtaque
1389 684 1532 739 hanc
1576 685 1905 740 sententiam
1925 647 2116 740 .mani-

2227 647 2699 757 Tpa't'avoﬁuléyo;
2734 684 2845 755 ἔχει
2897 647 3430 757 παραμεῖναίαύτδν

543 772 742 829 festum
769 783 854 829 est
888 778 1064 830 media
1095 775 1197 830 hac
1230 776 1618 831 decenniorum
1668 777 2008 836 hebdomade
2033 781 2116 837 de-

2226 777 2368 832 κατά
2397 794 2456 830 τε
2482 776 2684 849 ταύτην
2718 777 2814 848 τήν
2864 777 3114 849 διήγησιν
3146 777 3405 850 πρόδηλον
3429 780 3557 844 ὅπως
3599 784 3642 835 ὲν
3666 784 3723 850 τῷ

543 864 740 921 fecisse
764 866 998 921 hostiam
1039 875 1092 922 et
1125 869 1475 934 sacriﬁcium,
1507 877 1668 938 atque
1704 887 1723 921 ι
1763 870 2116 926 abominatio

2225 868 2414 939 ἡμίσει
2438 837 2652 939 ταύτης.
2671 837 2782 938 τῆς.
2803 869 2861 920 ἐν
2897 837 3114 922 δεκάσιν
3153 837 3435 936 δὲίομάδος
3453 837 3574 945 ήρθη
3603 837 3725 930 θυσὼ

541 973 666 1014 nem
693 958 1051 1016 desolationis
1087 980 1106 1012 ι
1143 961 1198 1014 in
1241 960 1362 1015 loco
1393 969 1588 1017 sancto
1621 962 1919 1018 exstitisse.
1961 962 2116 1018 Nam-

2227 963 2320 1015 καὶ
2347 960 2546 1032 σπονδὴ
2564 999 2578 1022 ,
2615 962 2707 1014 καὶ
2753 959 2813 1012 τὸ
2839 960 3138 1030 ,λεγόμενον
3166 980 3183 1011 ι
3226 960 3484 1032 βδέλυγμα
3515 966 3599 1036 τῆς
3628 968 3726 1037 em.

540 1068 648 1124 que
687 1066 716 1106 a
763 1051 1066 1107 Salvatoris
1112 1053 1291 1109 nostri
1322 1053 1729 1110 resurrectione
1772 1054 1840 1108 ad
1882 1056 2116 1110 ultimam

2229 1050 2454 1123 μώσεως
2477 1071 2495 1103 ι
2531 1052 2658 1123 ἔστη
2687 1054 2744 1106 ὲν
2776 1052 2925 1122 τόπῳ
2953 1051 3111 1122 ἁγίῳ.
3144 1052 3225 1105 Τά
3263 1052 3390 1121 γοῦν
3423 1055 3516 1107 ἀπὸ
3546 1057 3629 1126 τῆς
3654 1058 3727 1112 τοῦ

544 1145 648 1200 sub
687 1143 1021 1215 Vespasiano
1075 1147 1534 1219 oppugnationem
1587 1148 1760 1218 elapsi
1816 1157 1944 1203 sunt
1997 1150 2116 1202 anni

2226 1145 2480 1216 Σωτῆρος
2511 1144 2668 1216 ήμῶν
2710 1145 3058 1208 ἀναστάσεως
3112 1146 3206 1198 ἐπὶ
3239 1150 3339 1216 τὴν
3378 1148 3581 1221 ὑστάτην
3616 1151 3727 1206 κατὰ

545 1237 785 1308 quinque
847 1246 900 1292 et
951 1238 1215 1308 triginta;
1270 1240 1470 1310 quibus
1522 1246 1800 1296 constaret
1859 1239 2116 1310 praedicta

2227 1236 2633 1290 Οὐεσπασιανὸν
2662 1236 2973 1310 πολιορκίαν
2993 1241 3070 1302 είς
3094 1240 3188 1314 ἐτη
3214 1242 3372 1296 πέντε
3391 1245 3474 1296 καὶ
3492 1246 3726 1315 τριάκοντα

544 1328 901 1385 hebdomadis
946 1328 1251 1385 dimidium.
1296 1332 1509 1387 Etenim
1557 1332 1792 1389 ﬂammis
1838 1340 1893 1387 et
1940 1340 2116 1387 vasta-

2228 1329 2491 1381 συντείνει
2504 1345 2517 1358 ·
2542 1329 2685 1400 άπερ
2706 1328 2771 1382 ἂν
2788 1329 2996 1398 γένοιτο
3011 1330 3112 1400 τῆς
3131 1331 3476 1404 ἀποδοθείσης
3496 1336 3728 1406 ἑϐδομάδος

541 1418 690 1475 tione
737 1421 956 1490 penitus
1005 1420 1184 1478 deleto
1233 1431 1415 1480 vetere
1462 1441 1621 1480 sacro
1654 1436 1952 1496 sanctoque
1992 1433 2116 1481 tem‘

2224 1422 2288 1474 τὸ
2315 1422 2515 1492 ἥμισυ·
2561 1422 2649 1475 ὅτε
2684 1421 2779 1476 καὶ
2821 1422 3056 1493 παντελῆ
3095 1423 3194 1495 τὴν
3236 1423 3327 1478 διά
3380 1427 3526 1497 πυρὸς
3561 1428 3722 1498 φθορὰν

541 1510 631 1580 plo
671 1510 784 1566 haec
833 1513 1170 1569 hebdomada
1217 1527 1596 1572 consummata
1625 1526 1730 1575 est.
1763 1517 1941 1589 Atque
1968 1518 2116 1582 illud.

2225 1513 2320 1566 καὶ
2353 1513 2709 1584 κατασκαφὴν
2738 1512 2831 1567 τοῦ
2873 1513 3037 1567 πάλαι
3071 1515 3217 1586 ίεροῦ
3254 1515 3350 1569 καὶ
3382 1517 3512 1585 ἀγίου
3539 1518 3622 1572 νεὼ
3644 1537 3722 1573 πε-

548 1619 566 1652 ι
606 1600 828 1658 Deﬁciet
871 1604 1051 1659 hostia
1089 1614 1144 1662 et
1193 1608 1546 1672 sacrificium,
1577 1617 1631 1665 et
1663 1610 1766 1665 erit
1815 1611 1870 1665 in
1921 1611 2116 1680 templo

2227 1604 2484 1668 πονθότος
2507 1605 2926 1676 ὲπισφράγισμα
2948 1604 3136 1676 εἴληφε
3155 1621 3169 1637 ’
3207 1608 3303 1660 καὶ
3331 1606 3410 1670 τὸ,
3434 1627 3451 1658 ι
3470 1608 3722 1680 Ἀρθὴσεται

542 1693 874 1750 abominatio
930 1695 1287 1755 desolationis
1318 1701 1392 1752 δ’»
1429 1718 1602 1772 usque
1653 1703 1718 1757 ad
1779 1718 2116 1759 consumma-

2227 1696 2386 1750 Θυσία
2425 1696 2521 1750 καὶ
2562 1697 2760 1769 σπονδή
2785 1741 2798 1763 ,
2841 1701 2936 1751 καὶ
2984 1699 3074 1752 ἐπὶ
3099 1701 3160 1752 τὸ
3211 1699 3354 1772 ἱερὸν
3378 1701 3611 1772 βδέλυγμα
3645 1702 3728 1755 τῶν

542 1788 745 1843 tionem
776 1790 898 1845 vita:
937 1807 1354 1862 permansurum
1407 1794 1645 1849 ostendit
1699 1795 2003 1866 Scriptura,
2039 1795 2116 1852 his

2230 1788 2559 1860 ὲρημὼσεων
2583 1807 2595 1820 ο
2630 1810 2648 1841 ι
2696 1762 2831 1862 ὅπερ
2861 1809 2880 1840 ε
2907 1789 3178 1861 βδέλυγμα
3225 1762 3580 1863 ἐρημό›σεωςί
3607 1793 3730 1864 μέχρι

541 1880 740 1936 additis
775 1901 789 1936 :
823 1902 840 1933 ι
878 1883 942 1938 Et
977 1900 1149 1953 usque
1196 1884 1263 1939 ad
1287 1888 1812 1943 consummationem
1860 1899 1916 1943 et
1960 1886 2116 1942 ﬁnem

2231 1881 2537 1945 συντελείας
2571 1881 2688 1952 βίου
2714 1886 3048 1954 παραμεῖναι
3071 1883 3222 1954 δηλοῖ
3247 1883 3308 1936 τὸ
3329 1883 3514 1951 λόγιον,
3539 1884 3729 1954 φάσκον·

542 1976 909 2044 perseverabit
938 1977 1225 2034 desolatio.
1248 1997 1274 2038 ›

2231 1993 2250 2025 ι
2291 1974 2398 2027 Kai.
2451 1973 2556 2038 ἓως
2604 1975 2912 2037 συντελείας
2959 1974 3150 2046 καιροῦ
3198 1976 3474 2029 συντέλεια
3504 1975 3731 2047 δοθήσεται

616 2063 729 2119 Hoc
767 2067 1003 2122 breviter
1026 2068 1300 2139 exposito,
1335 2078 1586 2139 superest
1612 2075 1669 2122 ut
1704 2066 1860 2123 Isaiae
1890 2067 2116 2139 praphe-

2227 2064 2321 2118 ἐπὶ
2353 2063 2450 2136 τὴν
2481 2065 2778 2138 ἐρήμωσιν.
2804 2085 2822 2117 ι

541 2152 646 2209 tias
679 2157 1084 2225 aggrediamur,
1117 2158 1210 2228 qui
1241 2159 1393 2214 solus
1430 2175 1497 2212 ex
1543 2159 1692 2212 omni
1739 2169 1919 2214 vetere
1972 2156 2116 2214 Scri-

2304 2151 2464 2209 Ἅλλά
2477 2155 2648 2210 ταῦτα
2674 2158 2772 2227 μὲν
2796 2159 3192 2229 ὲπιτεμόμενοι,
3226 2159 3328 2230 τὴν
3347 2159 3576 2230 διήγησιν
3595 2174 3734 2229 παρα-

542 2253 702 2316 ptura
734 2249 890 2303 nobis
912 2249 1272 2305 elucidandus
1302 2250 1652 2321 relinquitur.

2223 2246 2544 2318 τεθείμεθα·
2615 2245 2735 2318 ῶρα
2797 2247 2853 2300 δὲ
2907 2249 3007 2320 ήδη
3072 2250 3352 2320 μετελθεῖν
3403 2251 3484 2304 καὶ
3536 2251 3616 2303 ἐπὶ
3663 2247 3732 2302 σὺν

557 2336 817 2392 Ἡσαΐανο
855 2338 914 2402 ὃς
947 2340 1104 2410 μόνος
1144 2341 1252 2392 ἀπὸ
1285 2340 1468 2412 πάσης
1512 2339 1611 2409 τῆς
1657 2338 1893 2403 παλαιᾶς
1940 2339 2070 2410 ἡμῖν
2100 2338 2504 2412 περιλέλειπται
2533 2337 2774 2410 Γραφῆς.

799 2701 1160 2792 LIBER
1249 2700 1842 2805 QUARTUS.

2751 2701 3112 2788 ΛΟΓΟΣ
3155 2700 3268 2788 Δ’.

1161 2961 1253 3018 ex
1291 2958 1496 3016 iSAlA.
1915 2915 1920 2919 ’

2870 2947 3145 3015 ΗΣΑῐοΥ.

613 3079 966 3152 Propheticas
987 3078 1052 3134 de
1068 3076 1208 3133 Isaia
1230 3075 1480 3145 Eclogas,
1496 3086 1618 3142 quae
1635 3069 1764 3127 solm
1784 3068 1944 3125 nobis
1960 3083 2116 3141 expo-

2289 3073 2400 3140 Τὰς
2429 3073 2534 3130 ἀπὸ
2568 3074 2675 3129 τῶν
2710 3073 2929 3129 Ἡσαΐου
2958 3074 3304 3147 προφητικὰς
3351 3070 3589 3139 Ἐκλογάς
3611 3066 3734 3139 μόνας

542 3179 736 3237 nenda:
764 3187 1078 3249 supersunt,
1103 3173 1411 3236 tractaturi,
1452 3184 1642 3226 eorum
1677 3169 1851 3240 gratia
1879 3167 2116 3238 quipro—

2217 3169 2350 3240 ήμῖν
2383 3166 2672 3230 λειπούσας
2702 3167 3098 3221 ἀπανθίσασθαι
3132 3164 3484 3238 πειρώμενοι,
3503 3165 3617 3230 πρὸς
3642 3159 3734 3218 τοὺς

548 3272 752 3343 pbetiis
787 3270 946 3325 (idem
977 3282 1085 3322 non
1116 3265 1395 3328 adhibent,
1433 3277 1605 3335 pauca
1633 3259 1701 3316 ad
1726 3261 2116 3336 prophetarum

2219 3259 2463 3323 ἀπίστως
2482 3276 2548 3313 πε
2556 3259 2610 3328 pi.
2634 3260 2730 3323 τάς
2752 3259 3088 3331 προφητείας
3107 3258 3478 3329 διακειμένους
3490 3254 3626 3320 ὀλίγα
3642 3264 3735 3343 προ-

541 3339 895 3420 veracitatem
934 3358 1416 3416 demonstrandam
1467 3355 1840 3426 prmfabimur.
1875 3351 2116 3406 Primum

2216 3351 2590 3423 διαληψόμεοα
2618 3353 2697 3415 είς
2725 3351 3065 3423 παράστασιν
3090 3350 3191 3419 τῆς
3219 3349 3332 3403 τῶν
3354 3344 3622 3418 προφητῶν
3644 3339 3734 3409 ἀλη-

542 3455 762 3526 quidem
786 3454 855 3508 iis
879 3451 973 3524 qui
1006 3459 1132 3505 ante
1169 3465 1270 3504 nos
1300 3447 1542 3509 fuerunt,
1577 3457 1785 3500 rectum
1823 3452 2116 3514 aptumque

2219 3436 2389 3501 Θείας.
2429 3440 2537 3492 Καὶ
2566 3438 2630 3510 δὴ
2661 3437 2874 3510 πρῶτον
2905 3437 3084 3502 καλῶς
3114 3438 3207 3490 καὶ
3236 3440 3352 3500 τοῖς
3382 3437 3484 3506 πρὸ
3515 3433 3646 3505 ήμῶν
3669 3446 3735 3483 τε-

542 3522 910 3604 instituemus
959 3551 1366 3615 argumentum.
1422 3539 1654 3594 Pulchre
1712 3539 1856 3592 enim
1913 3535 2116 3589 dixisse

2216 3545 2357 3600 τηρη
2366 3528 2522 3600 μένον
2546 3529 2933 3601 παραθήσομαι
2952 3529 3228 3600 λογισμόν.
3275 3525 3349 3584 Εὖ
3370 3529 3495 3598 γοῦν
3514 3522 3734 3598 εἰρηκέναι

542 3642 676 3698 mihi
726 3640 996 3701 videntur,
1031 3613 1317 3708 quomodo
1365 3634 1569 3707 Moysis
1603 3633 1706 3703 legi
1753 3628 1988 3687 subditis
2033 3629 2116 3682 lex

2221 3637 2311 3691 μοι
2333 3620 2594 3687 δοκοῦσιν,
2621 3622 2696 3685 ὼς
2716 3622 2822 3696 ἀρα
2845 3625 2955 3686 τοῖς
2980 3623 3084 3676 ὑπὸ
3104 3622 3196 3675 τὸν
3218 3622 3492 3685 Μωῠσέως
3513 3619 3649 3688 νόμον
3666 3613 3732 3669 αὖ·

541 3732 661 3802 ipsa
705 3737 952 3795 testetur,
1001 3705 1148 3799 quod
1184 3735 1398 3797 gentes,
1442 3705 1673 3794 quarum
1725 3722 1781 3775 in
1821 3719 2000 3774 medio
2035 3718 2116 3771 vi-

2217 3713 2308 3777 τὸς
2339 3715 2367 3766 ό
2393 3715 2554 3784 νόμος
2574 3715 3025 3786 διαμαρτύρεται,
3058 3715 3138 3768 ὅτι
3164 3715 3228 3786 δὴ
3255 3716 3325 3769 τὰ
3348 3714 3472 3784 ἔθνη
3490 3707 3559 3766 ὧν
3575 3705 3733 3781 μεταξὺ

539 3832 689 3887 vent,
715 3841 733 3874 ι
757 3836 993 3893 augures
1011 3828 1065 3874 et
1099 3819 1316 3873 divinos
1350 3815 1589 3870 audient.
1639 3811 1720 3867 Tu
1770 3822 1974 3877 autem,
2019 3810 2116 3876 ait,

2219 3806 2622 3860 πολιτεύσονται
2656 3827 2674 3859 ι
2703 3808 2976 3878 κληδόνων
3012 3809 3107 3861 καὶ
3139 3807 3410 3878 μαντειῶν
3434 3803 3731 3858 ἀκούσονται⁸

541 3931 568 3970 ι
625 3914 856 3968 Domino
913 3910 1022 3966 Deo
1055 3919 1148 3962 tuo
1184 3908 1469 3964 institutus
1503 3923 1561 3960 es
1579 3905 1678 3958 ⁸⁸.»
1705 3902 1774 3958 Iis
1801 3905 1965 3957 etiam
1992 3917 2116 3956 cum

541 4006 827 4066 interdixit
860 4003 1080 4058 divinus
1117 4013 1298 4055 sermo
1333 3997 1574 4069 auguriis
1605 3996 1863 4065 omnique
1886 4010 1982 4064 per
2009 3995 2117 4048 da:-

540 4113 764 4153 nionum
805 4093 1096 4148 artiﬁcium
1128 4089 1487 4152 divinatione,
1528 4087 1703 4141 dixit:
1733 4104 1750 4136 ι
1789 4083 2114 4153 Prophetam

540 4189 608 4243 de
635 4198 796 4259 gente
825 4194 917 4240 tua
943 4197 998 4240 et
1026 4186 1092 4240 de
1125 4183 1386 4237 fratribus
1420 4179 1528 4233 tuis
1559 4178 1848 4233 suscitabit
1879 4176 1975 4229 tibi
2011 4175 2117 4230 Do-

541 4281 725 4333 minus
758 4278 902 4333 Deus
929 4285 1058 4332 tuus
1081 4275 1148 4330 ⁸³.
1186 4295 1204 4328 ι
1226 4274 1358 4340 Quae
1392 4273 1558 4342 igitur
1589 4272 1656 4326 iis
1690 4269 2032 4332 annuutiata,
2069 4268 2116 4323 si

2216 4268 2508 4339 ἀναστήσει
2543 4284 2624 4321 σοι
2653 4267 2853 4340 Κύριος
2881 4269 2909 4320 ὁ
2939 4267 3070 4330 Θεός
3116 4283 3264 4322 σου.»
3301 4262 3425 4338 Ἆρ’
3455 4260 3540 4316 οὖν
3571 4259 3730 4312 τούτων

541 4387 652 4425 non
703 4378 898 4424 eventu
945 4369 1171 4439 probata
1219 4366 1476 4430 fuissent,
1516 4379 1616 4418 nec
1661 4363 1802 4433 apud
1849 4379 1943 4417 eos
1993 4377 2116 4416 sur-

2217 4361 2398 4423 αὐτοῖς
2426 4360 2952 4432 ἀναγεγραμμένων,
2979 4358 3053 4430 μὴ
3079 4358 3223 4429 ἔργῳ
3247 4358 3305 4411 δὲ
3333 4355 3629 4426 γενομένων,
3655 4362 3730 4418 μη·

543 4463 818 4537 rexisscnt
849 4462 1126 4532 pr0pheta3
1175 4461 1300 4523 viri,
1327 4457 1591 4529 numquid
1624 4458 1725 4529 legi
1761 4455 1918 4510 [idem
1965 4456 2116 4510 adhi-

2221 4452 2277 4505 δὲ
2305 4452 2584 4523 παρόντων
2607 4453 2790 4514 αὐτοῖς
2810 4449 3099 4524 προφητῶν
3122 4450 3350 4522 ἀνδρῶν,
3370 4449 3574 4504 δύνατον
3593 4440 3646 4514 ἧν
3664 4439 3728 4494 αὐ-

542 4555 669 4610 bere
694 4531 1017 4625 potuissent,
1052 4555 1133 4609 vel
1155 4554 1482 4608 annuntiato
1502 4553 1688 4616 verbo,
1721 4565 1828 4607 tam
1860 4565 2116 4622 expresse

2217 4545 2344 4608 τοὺς
2379 4543 2653 4596 πιστεύειν
2685 4543 2764 4614 τῷ
2797 4544 2978 4614 νόμῳ,
3014 4543 3110 4596 καὶ
3149 4543 3226 4613 τῷ
3260 4541 3428 4595 ταῦτα
3456 4531 3727 4605 ἐπαγγειλα-

544 4655 599 4702 et
627 4645 914 4701 manifeste
947 4647 1237 4702 mendaci?
1264 4644 1476 4712 Nonne,
1511 4650 1631 4717 ipsa
1662 4645 1844 4700 indole
1876 4646 1941 4699 ad
1977 4644 2116 4698 futu-

2223 4638 2367 4710 μένῳ
2393 4637 2533 4708 λόγῳ
2564 4635 2704 4690 οὕτω
2734 4635 3024 4709 προφανῶς
3064 4635 3157 4688 καὶ
3187 4634 3430 4705 ἐναργῶς
3453 4625 3724 4701 ψευδομένῳῖ

545 4753 730 4793 rarum
761 4739 1046 4794 scientiam
1077 4753 1366 4808 propensa.
1410 4739 1465 4792 in
1497 4740 1842 4809 propriorum
1873 4738 2116 4791 oraculo-

2219 4730 2252 4801 ἢ
2285 4731 2440 4801 δῆλον
2481 4731 2564 4784 ὅτι
2608 4730 2698 4783 ὑπ’
2729 4730 2896 4801 αὐτῆς
2925 4729 3024 4799 τῆς
3058 4731 3183 4799 περὶ
3209 4731 3307 4799 τὴν
3346 4727 3623 4798 πρόγνωσιν
3647 4714 3724 4767 τῶν

545 4849 670 4888 rum
719 4841 1088 4902 contemptum
1139 4830 1428 4902 perducti,
1479 4831 1678 4901 quibus
1727 4830 1862 4884 nihil
1906 4817 2114 4893 verum,

2218 4823 2491 4893 ἐσομένων
2521 4822 2758 4893 λιχνείας
2787 4821 3040 4891 ἀγόμενοι
3061 4821 3460 4890 κατεφρόνησαν
3479 4815 3573 4869 τῶν
3597 4809 3719 4902 ἰδίων,

545 4925 682 4981 nihil
715 4895 962 4977 divinum
1005 4895 1230 4982 inesset.
1268 4922 1435 4976 nullis
1484 4895 1844 4976 subeuntibus
1891 4920 2116 4989 prophe-

2220 4917 2294 4979 ὼς
2327 4915 2478 4968 οὐδὲν
2509 4913 2708 4986 ἀληθὲς
2737 4915 2966 4984 ἑχόντων
2992 4916 3112 4968 οὐδὲ
3139 4915 3304 4976 θεῖον,
3339 4912 3421 4964 διὰ
3450 4908 3505 4962 τὸ
3533 4904 3596 4975 μή
3623 4895 3721 4952 εἶναι

547 5018 637 5079 tis,
671 5025 867 5087 sponte
900 5015 966 5069 ad
1002 5015 1244 5086 gentium
1277 5023 1331 5068 et
1365 5013 1616 5067 vaticinia
1647 5023 1699 5067 et
1731 5013 1951 5066 oracula
1981 5026 2116 5065 con-

2225 5009 2352 5081 παρ⁹
2377 5009 2558 5071 αὐτοῖς
2583 5009 2884 5079 προφήτας,
2905 5008 3188 5079 αὐτόμολοι
3210 5007 3265 5059 δὲ
3287 5005 3376 5058 ἐπὶ
3399 5002 3461 5055 τὰ
3484 5000 3578 5087 τῶν
3595 4989 3719 5087 ὲθνῶγ

547 5076 857 5179 fugissent?
895 5076 1097 5162 Verum
1135 5107 1392 5162 videntur
1414 5120 1523 5161 non
1550 5103 1934 5158 tantummodo
1969 5101 2116 5174 Moy-

2229 5076 2451 5172 μαντεῖἀ
2477 5116 2537 5151 τε
2567 5076 2660 5152 καὶ
2685 5076 2990 5169 χρηστήρια
3017 5076 3316 5168 perﬁciam);
3357 5089 3502 5145 Ἀλλά
3525 5085 3616 5179 γάρ

549 5165 686 5264 θέαι,
731 5200 826 5256 sed
865 5209 918 5255 et
955 5202 1156 5254 multos
1191 5199 1285 5269 qui
1335 5205 1460 5269 post
1505 5212 1630 5253 eum
1687 5195 1934 5251 suscitati
1968 5202 2116 5260 sunt,

2215 5208 2394 5245 νονται
2425 5189 2485 5244 οὐ
2508 5188 2663 5261 μόνον
2685 5187 2940 5250 Μωῦσέα,
2965 5186 3099 5240 ἀλλὰ
3129 5185 3219 5238 καὶ
3251 5183 3452 5242 πλείους
3479 5174 3581 5249 μετ’
3601 5165 3716 5269 αὑτὸν

550 5291 707 5360 quasi
753 5290 842 5344 Dei
875 5289 1166 5359 prOphetas
1196 5290 1506 5359 agnovisse,
1541 5285 1764 5341 nonnisi
1786 5285 2008 5339 insitam
2039 5283 2116 5338 eis

2217 5283 2292 5347 ὡς
2317 5282 2450 5336 Θεοῦ
2483 5259 2765 5353 προφήτας
2799 5277 3173 5350 προσιέμενοι,
3214 5278 3311 5329 οὐκ
3332 5273 3494 5333 ἄλλως
3511 5266 3641 5336 δῆλον
3659 5259 3714 5360 in

551 5349 890 5438 divinitatem
925 5382 1155 5453 experti.
1196 5349 1299 5446 Qvui
1320 5380 1540 5450 quidem
1573 5380 1652 5434 eis
1683 5393 1792 5431 non
1811 5386 2024 5432 tantum
2055 5374 2116 5430 de

2219 5376 2254 5447 ἢ
2287 5373 2365 5446 τῷ
2395 5349 2587 5446 πεῖραν
2606 5349 2712 5443 τῆς
2743 5373 2800 5425 ὲν
2825 5349 3008 5434 αὐτοῖς
3033 5368 3303 5440 θειότητος
3340 5361 3614 5434 εἰληφέναν
3636 5349 3712 5453 055"

555 5472 718 5527 rebus
770 5489 892 5544 quae
955 5472 1337 5527 remotissimis
1399 5472 1714 5540 ultimisque
1783 5468 2116 5538 temporibus

2222 5435 2546 5538 πρώτοις
2579 5465 2640 5518 οὐ
2670 5435 2833 5536 μόνον
2864 5460 2992 5533 περι
3023 5461 3129 5513 τῶν
3161 5435 3377 5531 μάκροτς
3409 5455 3603 5544 δσῖερογ
3623 5435 3712 5544 κρίῖ

553 5521 1277 5633 θετοηιῗιπορὶιειενυτιιηι,
1320 5564 1415 5620 sed
1462 5564 1628 5620 etiam
1657 5562 1725 5619 de
1764 5560 2116 5632 praesentibus

2222 5521 2336 5624 νοίς
2366 5521 2662 5630 μελλόντων
2675 5521 2908 5610 ’ἔσεσθαι
2938 5521 3350 5625 προύθέσπιζον,
3373 5543 3498 5603 ἀλλὰ
3516 5521 3594 5596 καὶ
3617 5521 3713 5599 περί

2219 3901 2302 3952 σοὶ
2319 3900 2397 3964 δὲ,
2426 3920 2442 3952 ι
2469 3901 2652 3971 φησὶν,
2681 3921 2698 3950 ι
2720 3901 2818 3970 οὐχ
2833 3900 3004 3964 οὕτως
3025 3899 3192 3952 ἔδωκε
3209 3898 3413 3970 Κύριος
3430 3901 3457 3951 ό
3471 3896 3586 3957 Θεός
3607 3907 3728 3944 σου.»

2217 3994 2328 4046 Kal.
2355 3992 2434 4046 ἔτι
2462 4010 2524 4061 γε
2559 3993 2758 4063 εἴργων
2784 3993 2982 4056 αὐτοὺς
3007 3995 3035 4046 ὁ
3069 3993 3211 4056 θεῖος
3253 3991 3412 4062 λόγος
3437 3990 3495 4044 ἐκ
3520 4005 3572 4041 τε
3586 3987 3732 4038 οἰωνι-

2205 4086 2405 4170 Ιστικῆς
2425 4085 2515 4138 καὶ
2538 4084 2715 4154 πάσης
2731 4085 2828 4155 τῆς
2846 4083 2932 4135 διὰ
2945 4083 3210 4153 δαιμόνων
3225 4083 3509 4155 περιέργου
3529 4075 3731 4152 μαντείας

2218 4177 2499 4247 ἐπιφέρει,
2555 4175 2762 4243 λέγων’
2803 4194 2821 4225 ι
2848 4175 3139 4246 Προφήτην
3173 4175 3238 4228 ἐκ
3271 4175 3377 4228 τῶν
3409 4169 3625 4240 ἀδελφῶν
3662 4181 3730 4218 σου

627 5718 673 5750 ⁸⁸
713 5716 848 5772 Dan.
882 5734 970 5784 ix,
1000 5719 1089 5772 27.
1167 5723 1212 5755 ⁸⁸
1249 5720 1406 5777 Deut.
1440 5734 1572 5775 xvnl
1595 5759 1610 5786 ,
1647 5717 1744 5773 ιι-

3917 661 3923 754 .‘i
