4008 6208
265 268 399 324 H95

1278 270 1570 329 ECLOGA:
1607 273 2088 332 PROPHETICAS.
2119 306 2188 317 -—
2226 280 2353 333 LIB.
2384 281 2473 335 IV.

3352 279 3484 337 H95

257 403 416 440 τινων
440 385 745 459 προχείρων
769 389 865 443 καὶ
892 388 1160 460 βιωτικῶν
1189 389 1487 462 προῦλεγον
1506 408 1522 423 ·
1560 386 1671 445 οἷον
1699 394 1809 464 περ’

1929 400 1981 448 et
2040 393 2235 450 coaevis
2288 394 2687 466 praedixerunt;
2736 397 2881 455 sicut
2926 399 2993 455 de
3029 398 3257 471 perditis
3294 399 3492 463 asinis,

256 478 390 533 δνων
415 478 784 546 ἀπολωλυιῶν,
816 482 909 534 καὶ
935 482 1060 553 περὶ
1091 482 1385 537 νοσούντων
1411 483 1742 552 ἐπισφαλῶς,
1779 486 1825 538 εί

258 570 595 641 βιώσονταιῆ
636 572 733 643 μὴ,
765 573 857 627 καὶ
886 575 1013 645 περὶ
1041 574 1339 647 μελλούσης
1371 576 1587 629 ἔσεσθαι
1618 576 1695 646 τῷ
1715 575 1827 648 λαῷ

258 663 526 735 εὐθηνίας,
561 667 654 718 καὶ
683 668 804 738 περὶ
832 668 1003 722 ἄλλων
1037 668 1263 740 μυρίων,
1293 668 1328 722 ἃ
1349 671 1469 731 ταῖς
1489 670 1605 722 κατ’
1632 668 1826 732 αὐτοὺς

258 756 518 827 ἱστορίαις
558 758 888 828 ἐμφέρεταιο
925 759 1067 831 ἅπερ
1091 763 1139 813 εἰ
1175 761 1247 832 μὴ
1280 761 1466 815 τοῦτον
1498 762 1709 829 γεγόνει
1735 760 1825 815 τὸν

252 847 470 919 τρόπον,
501 849 880 921 ἀποκρινέσθω
910 870 1012 914 τις,
1043 851 1148 904 τίνι
1179 852 1376 921 δήποτε
1404 848 1495 905 οὖν
1522 852 1663 922 λόγῳ
1692 870 1824 924 προ-

252 940 423 1010 φήτας
460 941 691 1011 ήγοῦντὸ
733 959 790 994 τε
827 942 922 995 καὶ
950 943 1252 997 ἀπεκάλουν
1278 982 1292 1007 ,
1341 944 1374 1015 ἢ
1406 944 1492 997 διὰ
1527 945 1577 997 τί
1607 946 1824 1016 γραφῆς

250 1032 374 1095 τοὺς
404 1032 594 1101 λόγους
629 1032 807 1087 αὐτῶν
841 1034 1059 1102 ἠξίουν;
1092 1035 1187 1098 Τίς
1212 1036 1255 1088 δ’
1285 1038 1316 1107 ή
1356 1037 1504 1091 αἰτία
1544 1038 1608 1091 δι’
1635 1040 1702 1108 ἢν
1730 1040 1823 1091 καὶ

248 1124 363 1185 τοῖς
391 1124 682 1193 μετέπειτα
713 1124 898 1178 παισὶν
924 1124 1152 1189 ἑαυτῶν,
1177 1125 1251 1189 ὡς
1276 1126 1340 1179 ἂν
1363 1127 1427 1198 δὴ
1453 1128 1619 1192 θείας,
1644 1129 1822 1182 αὐτῶν

247 1214 346 1279 τὰς
378 1217 594 1288 γραφὰς
623 1217 1010 1287 παρεδίδοσαν;
1042 1221 1221 1291 Μηδὲν
1248 1221 1357 1292 γάρ
1398 1238 1449 1273 τι
1497 1221 1637 1275 θεῖον
1688 1223 1820 1293 μηδὲ

247 1305 552 1376 παράδοξον
583 1308 638 1358 ὲν
669 1310 782 1370 τοῖς
809 1308 1064 1378 ἀνδράσιν
1096 1310 1409 1380 ἑωρακότας
1438 1312 1561 1381 εἰκῆ
1591 1314 1681 1365 καὶ
1713 1312 1817 1383 μά-

244 1412 347 1467 την
372 1398 579 1452 οἴεσθαι
610 1400 735 1468 περὶ
774 1400 949 1453 αὐτῶν
990 1400 1210 1454 τοιαῦτα
1235 1401 1583 1473 διειληφέναι,
1604 1404 1818 1457 πάντων

244 1491 393 1545 ἔστὶν
418 1489 843 1545 ἀπιθανώτατον.
867 1493 930 1544 Ei
950 1493 992 1545 δ’
1014 1493 1313 1564 ἀναδράμοι
1334 1511 1417 1558 τις
1442 1497 1533 1548 ἐπὶ
1555 1497 1679 1559 τοὺς
1697 1497 1816 1549 τότε

243 1584 467 1657 χρόνους
498 1586 562 1654 τῇ
584 1583 808 1655 διανοίᾳ,
846 1584 897 1636 τί
930 1584 1037 1656 ἄρα
1064 1588 1418 1659 ἐπινοήσειεν,
1453 1589 1592 1659 ὁρῶν
1618 1588 1814 1659 ἄνδρας

243 1675 531 1746 ἀγροίκους
561 1673 653 1726 καὶ
693 1672 752 1724 τὸ
791 1674 973 1744 σχῆμα
1003 1674 1214 1738 λιτοὺς,
1246 1678 1498 1740 αἰπόλους
1537 1677 1685 1741 τινὰς
1722 1679 1814 1731 καὶ

1930 484 1998 539 de
2044 486 2282 555 graviter
2326 490 2737 560 aegrotantibus,
2794 497 2979 545 utrum
3020 491 3490 557 convalescerent,

1925 591 2118 641 necne,
2151 576 2218 631 de
2234 579 2402 633 rebus
2430 581 2629 650 populo
2649 580 2881 638 feliciter
2905 585 3167 649 cessuris,
3189 586 3483 658 multisque

1927 669 2067 730 aliis.
2093 684 2213 739 qua:
2243 670 2297 724 in
2339 687 2527 726 eorum
2561 674 2804 730 historiis
2844 678 3085 746 reperire
3114 686 3199 733 est
3226 700 3235 735 :
3261 679 3405 748 quod
3437 681 3481 733 si

1924 776 2032 815 non
2052 761 2124 816 ita
2143 777 2199 816 sc
2222 763 2559 832 habuissent,
2589 767 2720 820 mihi
2736 768 3118 838 respondeant,
3141 771 3227 826 cui
3245 785 3483 841 unquam

1927 851 2093 921 igitur
2151 854 2319 909 verbo
2379 857 2672 926 prophetas
2717 860 3066 929 agnovissent
3115 861 3479 917 vocavissent-

1923 959 2049 1013 que.
2086 946 2173 999 vel
2205 962 2303 999 cur
2330 963 2520 1002 eorum
2552 950 2716 1004 verba
2751 952 2970 1021 scriptis
3000 954 3265 1007 servanda
3294 969 3485 1009 curas-

1922 1037 2078 1089 sent?
2121 1036 2483 1102 Quamobrem
2523 1042 2827 1109 posteritati
2879 1059 2991 1098 suae
3033 1046 3233 1115 scripta
3268 1060 3482 1112 eorum,

1922 1125 2076 1194 quasi
2123 1126 2305 1181 divina
2362 1130 2753 1187 tradidissent?
2792 1131 2945 1187 Haud
2988 1135 3284 1205 quidquam
3337 1136 3483 1191 enim

1921 1217 2111 1283 divini,
2140 1221 2223 1274 vel
2256 1222 2499 1290 praeclari
2549 1223 2604 1277 in
2649 1224 2769 1279 istis
2803 1226 2935 1280 viris
2980 1227 3371 1297 perspicientes
3403 1234 3481 1281 te-

1919 1325 2067 1365 mere
2100 1325 2161 1364 ac
2193 1312 2595 1367 inconsiderate
2635 1315 2703 1368 de
2733 1315 2866 1384 ipsis
2898 1317 3026 1369 talia
3060 1318 3334 1387 accepisse
3372 1319 3481 1386 opia

1919 1400 2060 1459 nari.
2101 1400 2514 1457 stolidissimum
2568 1411 2733 1460 esset.
2803 1403 2859 1461 Si
2920 1407 3045 1477 quis
3100 1408 3214 1462 bzec
3260 1408 3480 1476 antiqua

1918 1496 2099 1543 mente
2126 1498 2445 1559 percenseat
2480 1500 2746 1561 tempora,
2774 1492 2903 1563 quid
2934 1494 3287 1557 existimabit,
3315 1492 3481 1548 rusti-

1917 1594 2012 1633 cos
2034 1580 2229 1635 videns
2272 1580 2544 1646 homines,
2584 1582 2806 1651 ignobili
2836 1583 3046 1648 habitu,
3077 1583 3343 1639 bubulcos
3374 1586 3481 1639 sci-

1916 1672 2040 1727 licet
2086 1680 2468 1743 pastoresque,
2508 1674 2562 1727 in
2604 1676 2782 1730 medio
2807 1677 2974 1732 totius
3008 1678 3183 1748 gentis
3210 1677 3479 1746 prodeun-

244 1764 523 1838 ποιμένας,
550 1769 629 1829 εἰς
654 1767 814 1838 μέσον
846 1769 1043 1832 παντὸς
1061 1767 1153 1821 τοῦ
1177 1768 1359 1834 ἔθνους
1386 1772 1697 1840 παριόντας,
1721 1771 1809 1825 καὶ

1917 1772 2019 1831 tes,
2067 1768 2227 1835 quasi
2280 1766 2374 1821 Dei
2421 1766 2643 1823 nomine
2672 1768 2920 1838 quaedam
2971 1770 3247 1834 docentes,
3299 1771 3478 1825 excla‘

240 1859 315 1922 ὡς
333 1862 399 1913 ἐκ
423 1859 710 1930 προσώπου
741 1857 834 1912 τοῦ
867 1859 999 1913 Θεοῦ
1035 1874 1155 1914 τινα
1188 1861 1460 1930 λέγοντας.
1502 1862 1593 1915 καὶ
1624 1882 1642 1913 ι
1678 1864 1814 1917 Τάδε

239 1948 385 2018 λέγει
415 1948 638 2020 Κύριος,
671 1970 687 2001 ι
726 1948 1168 2021 ἀναδοωμένους,
1218 1950 1310 2006 ἐπί
1343 1970 1400 2005 τε
1433 1953 1692 2023 βασιλέων
1723 1957 1814 2008 καὶ

239 2041 443 2104 παντὸς
484 2041 576 2093 τοῦ
606 2040 732 2094 λαοῦ
769 2040 905 2111 μετά
941 2044 1362 2114 παραστήματος
1392 2045 1811 2117 ἀκαταπλήκτου

236 2130 702 2203 δημηγοροῦντας,
734 2132 827 2184 καὶ
857 2130 1048 2199 σοφίαν
1077 2132 1218 2204 ὑπὲρ
1246 2133 1526 2207 ἄνθρωπον
1555 2137 1815 2191 ἐνδεικνυ-

236 2230 450 2300 μένους,
481 2231 580 2300 τὴν
610 2232 701 2284 καὶ
730 2231 896 2284 εἰσέτι
918 2230 1011 2283 νῦν
1033 2233 1090 2284 ὲν
1109 2233 1229 2294 ταῖς
1254 2230 1608 2301 προφητείαις
1633 2229 1811 2283 αὐτῶν

234 2321 564 2393 φερομένην,
603 2323 768 2394 μυρία
800 2341 858 2376 τε
891 2323 1027 2377 ἄλλα
1051 2323 1118 2376 δι’
1146 2322 1480 2392 αἰνιγμάτων
1512 2321 1607 2374 καὶ
1638 2337 1813 2392 παρα-

232 2411 408 2465 ϐολῶν
433 2414 714 2485 ἀπόρρητα
737 2414 1176 2484 φιλοσοφοῦντας,
1201 2413 1397 2484 ἠθικήν
1421 2430 1478 2465 τε
1504 2413 1597 2466 καὶ
1616 2413 1811 2484 δογμα-

230 2506 392 2578 τικὴν
415 2510 478 2578 τῇ
520 2508 782 2579 Ἐϐραίων
817 2512 965 2580 φωνῇ
1000 2507 1345 2563 διδασκαλίαν
1376 2506 1455 2578 τῷ
1484 2506 1599 2578 λαῷ
1631 2524 1808 2578 παρα-

229 2597 505 2662 διδόντας,
553 2600 646 2653 καὶ
682 2599 819 2671 πρὸς
858 2601 951 2654 ἐπὶ
989 2600 1200 2663 τούτοις
1230 2598 1320 2652 τὸν
1352 2598 1465 2669 βίον
1494 2602 1606 2663 τοῖς
1632 2598 1810 2669 λόγοις

228 2688 413 2742 αὐτῶν
432 2690 760 2762 κατάλληλον
784 2691 1238 2763 ἐνδεικνυμένους,
1257 2691 1349 2745 καὶ
1363 2692 1474 2754 τοῖς
1496 2692 1660 2744 πᾶσιν
1684 2693 1811 2744 ἀκο-

228 2781 510 2846 λακεύτως
538 2781 891 2854 ὁμιλοῦντας,
922 2786 999 2848 είς
1033 2784 1321 2856 πρόσωπόν
1352 2801 1412 2837 τε
1445 2785 1569 2847 τοὺς
1595 2784 1810 2848 ἀσεϐεῖς

226 2872 623 2943 διελέγχοντας,
649 2874 723 2938 ὡς
753 2876 847 2927 καὶ
876 2874 1317 2928 ἐπιϐουλεύεσθαι
1351 2874 1486 2947 πρὸς
1511 2876 1687 2929 αὐτῶν
1714 2875 1809 2946 μέ-

226 2983 321 3035 χρι
353 2965 598 3031 θάνατον,
632 2963 899 3037 ῥωμαλέῳ
930 2965 1026 3021 καὶ
1056 2966 1288 3035 γεννικῷ
1317 2968 1703 3038 παραστήματι
1728 2966 1807 3038 τῷ

223 3055 422 3127 ἀληθεῖ
435 3056 574 3127 λόγῳ
593 3074 829 3128 παριστα
837 3056 1028 3127 μένους
1048 3074 1060 3087 ·
1080 3056 1256 3109 ταῦτὰ
1266 3074 1350 3120 τις
1365 3058 1444 3120 εἰς
1462 3056 1585 3109 νοῦν
1607 3056 1807 3124 εὐγνω-
1834 3093 1879 3153 C

225 3148 410 3217 μόνως
443 3148 686 3219 θέμενος,
734 3149 851 3213 πῶς
882 3150 982 3203 οὐκ
1010 3147 1074 3203 ἀν
1106 3149 1456 3221 ὁμολογήσειε
1489 3148 1628 3202 κατὰ
1659 3146 1807 3201 θείαν

222 3239 295 3303 ὡς
332 3238 546 3308 ἀληθῶς
576 3241 856 3294 ἐπίπνοιαν
886 3239 1059 3295 ταῦτα
1080 3240 1257 3294 πάντα
1280 3240 1407 3310 περ)¹
1434 3239 1628 3301 αὐτοὺς
1650 3253 1809 3307 γεγο-

221 3326 378 3381 νέναι
398 3344 413 3393 ;
436 3328 526 3381 Διὸ
545 3329 639 3382 καὶ
655 3329 774 3382 τότε
797 3329 1169 3401 θαυμάζεσθαι
1189 3330 1386 3392 αὐτοὺς
1407 3323 1550 3390 είκδς
1567 3322 1635 3398 ἦν
1658 3324 1809 3398 παρὰ

220 3423 344 3484 τοῖς
392 3420 660 3493 ἔμφροσι,
710 3424 803 3475 καὶ
845 3424 971 3487 τοὺς
1000 3421 1190 3491 λόγους
1221 3421 1400 3474 αὐτῶν
1430 3419 1807 3491 ἀναγράπτους

220 3511 383 3584 παρά
423 3515 534 3575 τοῖς
579 3513 1082 3585 ἱερογραμματεῦσι
1117 3512 1518 3584 φυλάττεσθαι,
1547 3509 1715 3563 εἰσέτι
1749 3527 1807 3563 τε

219 3600 324 3654 νῦν
362 3601 491 3673 παρ’
522 3602 629 3672 ὅλῳ
658 3602 735 3673 τῷ
763 3602 905 3657 ἔθνει
941 3604 1225 3675 προφήτας
1251 3601 1528 3670 γεγονέναι
1550 3600 1641 3655 τοῦ
1672 3598 1806 3654 Θεοῦ

219 3692 599 3747 πιστεύεσθαιδ
621 3693 649 3746 ὂ
676 3695 771 3747 καὶ
790 3696 1157 3765 ἐναργέστατα
1177 3695 1406 3766 μάλιστα
1428 3691 1747 3763 παρίστησιν
1773 3692 1805 3761 ή

220 3784 471 3856 ἡμετέρα
498 3785 625 3857 περὶ
654 3783 747 3837 τοῦ
774 3783 1006 3856 Χριστοῦ
1024 3784 1301 3854 διάληψις,
1331 3782 1451 3836 καθ’
1478 3782 1542 3853 ἢν
1597 3777 1810 3832 ἀποδεί-

219 3894 434 3948 κνυμεν
470 3880 651 3932 πᾶσαν
680 3876 780 3949 τὴν
818 3880 935 3930 κατ’
970 3877 1129 3932 αὐτὸν
1166 3876 1473 3947 οἰκονομίαν
1518 3870 1812 3942 γεγενημέ-

219 3984 357 4039 νην,
391 3969 461 4023 τά
484 3985 543 4021 τε
577 3970 705 4041 περὶ
730 3970 829 4041 τῆς
855 3968 1201 4032 διδασκαλίας
1232 3964 1396 4020 αὐτοῦ
1421 4007 1435 4030 ,
1484 3965 1574 4019 καὶ
1606 3964 1703 4034 τῆς
1742 3961 1800 4029 ἐξ

219 4061 487 4115 ἁπάντων
506 4060 673 4114 ἐθνῶν
696 4061 992 4133 γενομένης
1012 4062 1077 4114 δι’
1105 4059 1268 4113 αὑτοῦ
1294 4054 1801 4131 κλήσεως,ἀκρι6ῶς

219 4151 606 4223 προεγνῶσθαί
639 4169 698 4205 τε
727 4153 819 4206 καὶ
850 4152 953 4225 πρὸ
985 4152 1191 4225 μυρίων
1219 4152 1357 4205 ὅσων
1396 4148 1532 4203 ἐτῶν
1571 4150 1683 4210 τοῖς
1716 4146 1803 4199 θε-

219 4244 473 4307 σπεσίοις
506 4244 734 4309 ἐκείνοις
757 4245 981 4318 ἀνδράσι
1007 4244 1358 4317 προειρῆσθαι
1378 4260 1391 4273 ⁸
1422 4236 1496 4296 ὧν
1527 4239 1626 4303 τὰς
1653 4238 1803 4310 ἱερὰς

1916 1866 2254 1928 montesque,
2286 1878 2304 1909 (
2348 1858 2467 1913 [lac
2501 1860 2633 1914 dicit
2677 1859 2957 1924 Dominus,
2989 1880 3008 1913 ι
3041 1878 3222 1916 coram
3262 1862 3479 1932 regibus

1915 1965 1979 2005 ac
2016 1951 2164 2005 omni
2195 1952 2396 2021 populo
2429 1951 2688 2008 audacter
2711 1968 2774 2008 ac
2802 1954 2971 2009 libere
2998 1956 3163 2009 verba
3196 1953 3476 2017 facientes,

1915 2042 2236 2112 sapientiam
2297 2043 2533 2097 humana
2588 2045 2851 2115 majorem
2912 2046 3299 2108 ostendentes,
3359 2058 3479 2115 qum

1913 2149 2061 2188 nunc
2106 2134 2284 2189 adhuc
2323 2136 2379 2190 in
2418 2151 2610 2192 eorum
2653 2138 2955 2207 prephetiis
2989 2141 3149 2209 viget,
3198 2140 3475 2193 innumera

1912 2242 2009 2297 per
2043 2228 2331 2297 parabolas
2362 2234 2525 2298 atque
2557 2229 2844 2299 aenigmata
2875 2232 3130 2301 mysteria
3161 2231 3470 2294 edocentes,

1912 2317 2173 2371 moralem
2204 2325 2258 2372 et
2295 2317 2662 2388 dogmaticam
2707 2317 3056 2374 Hebraeorum
3099 2320 3279 2389 lingua
3310 2319 3475 2374 disci-

1911 2407 2113 2476 plinam
2166 2409 2367 2477 populo
2420 2408 2730 2473 tradentes,
2787 2410 2952 2464 vitam
3009 2424 3132 2463 cum
3190 2410 3472 2479 praeceptis

1911 2498 2027 2554 suis
2051 2513 2346 2569 congruam
2374 2497 2652 2567 degentes,
2687 2514 2871 2553 coram
2896 2499 3147 2554 omnibus
3189 2500 3306 2555 sine
3337 2501 3471 2554 adu-

1911 2591 2110 2646 latione
2130 2606 2503 2655 conversatos,
2527 2591 2722 2661 impios
2740 2592 2915 2661 palam
2942 2591 3317 2662 objurgantes,
3348 2592 3469 2662 ipso

1909 2681 2102 2736 mortis
2150 2681 2392 2751 periculo
2436 2687 2767 2749 contempto,
2814 2696 2879 2735 ac
2924 2682 3157 2751 denique
3191 2682 3471 2737 veritatem

1909 2772 2053 2826 virili
2102 2786 2476 2843 generosaque
2524 2769 2876 2826 defendentes
2933 2772 3179 2826 audacia.
3232 2770 3362 2838 Qua:
3424 2775 3470 2829 si

1910 2864 2033 2935 quis
2056 2864 2237 2918 animo
2265 2863 2552 2935 diligenter
2576 2871 2807 2933 reputet,
2836 2879 2944 2917 non
2976 2864 3174 2933 poterit
3202 2880 3309 2918 non
3337 2878 3471 2919 con-

1909 2956 2050 3013 ﬁteri
2095 2973 2162 3011 ex
2214 2956 2301 3011 his
2339 2955 2594 3010 omnibus
2641 2955 2777 3010 tales
2824 2957 2969 3011 viros
3016 2956 3196 3010 divina
3235 2956 3469 3027 quadam

1910 3047 2266 3118 inspiratione
2310 3062 2429 3103 esse
2470 3046 2697 3103 adlatos.
2752 3046 2982 3117 Ideoque
3027 3058 3157 3103 tunc
3194 3064 3289 3103 eos
3330 3049 3471 3103 inter

1909 3138 2343 3207 sapientissimos
2402 3153 2613 3206 aequum
2656 3148 2771 3191 erat
2827 3138 3123 3200 admirari,
3175 3124 3470 3209 eorttmque

1904 3232 2070 3285 verba
2116 3231 2286 3285 sacris
2334 3236 2660 3283 conservare
2702 3226 3022 3300 Scripturis,
3084 3246 3179 3286 eos
3236 3230 3469 3300 denique

1904 3337 2079 3392 usque
2108 3337 2255 3375 nunc
2294 3322 2436 3392 apud
2468 3336 2657 3377 omnes
2694 3332 2882 3392 gentes
2926 3325 3074 3378 velut
3110 3323 3205 3379 Dei
3236 3325 3470 3396 prophe-

1904 3420 1991 3469 tas
2021 3413 2189 3468 credi.
2226 3412 2380 3479 Quod
2409 3421 2462 3468 et
2490 3413 2938 3470 manifestissime
2971 3416 3254 3472 confirmat
3281 3427 3466 3472 nostra

1906 3504 1972 3559 de
1993 3504 2216 3560 Christo
2248 3504 2571 3573 disputatio.
2605 3520 2712 3575 qua
2756 3506 3252 3564 demonstravimus
3283 3511 3465 3565 omnia

1906 3611 2025 3666 qua:
2058 3594 2377 3650 acciderunt
2424 3594 2496 3659 ei,
2526 3609 2738 3648 omnem
2779 3595 2898 3663 ejus
2943 3597 3308 3667 disciplinam,
3341 3616 3456 3669 gen-

1904 3690 2149 3757 tiumque
2190 3688 2259 3742 ab
2302 3701 2367 3741 eo
2401 3686 2597 3739 factam
2640 3686 3003 3747 vocationem.
3031 3702 3289 3756 expresse
3328 3704 3468 3757 prae-

1907 3778 2177 3839 nuntiata,
2225 3775 2518 3843 multisque
2553 3781 2679 3828 ante
2729 3776 2887 3829 annis
2928 3775 2995 3829 ab
3040 3776 3159 3831 istis
3206 3776 3463 3832 divinitus

1907 3868 2100 3922 alllatis
2128 3866 2259 3921 vir-is
2288 3864 2547 3935 praedicta
2592 3862 2781 3919 fuisse.
2809 3864 3050 3930 Quorum
3082 3882 3267 3921 sacros
3300 3868 3465 3922 libros

1896 3949 2067 4015 Judaei
2116 3958 2324 4027 majore
2370 3956 2516 4027 digni
2571 3957 2675 4012 fide
2723 3972 2884 4027 quam
2935 3973 3035 4013 nos
3076 3967 3281 4023 essent,
3314 3962 3466 4029 justo

1898 4068 1962 4108 ac
2015 4049 2311 4107 venerabili
2355 4049 2562 4103 honore
2604 4058 3013 4120 prosequentes.-
3073 4049 3167 4105 llis
3214 4052 3379 4120 igitur
3433 4067 3463 4104 a

1897 4143 2058 4199 nobis
2110 4155 2219 4196 non
2258 4140 2375 4196 sine
2421 4140 2654 4195 utilitate
2686 4141 2969 4210 espositis,
3021 4141 3087 4195 ad
3127 4143 3463 4212 propositum

1896 4231 2277 4287 revertendum
2302 4238 2407 4284 est.

223 4336 444 4408 βίϐλους
487 4338 726 4392 Ἰουδαῖοι
754 4338 951 4409 μᾶλλον
978 4338 1043 4394 ἂν
1067 4336 1222 4409 ήμῶν
1278 4332 1385 4390 εἷεν
1443 4332 1867 4399 ἀξιοπιστότεροι
1909 4324 2046 4396 μετὰ
2088 4322 2267 4391 πάσης
2326 4320 2621 4392 σεδασμίου
2666 4321 2828 4391 τιμῆς
2878 4320 3221 4394 περιέποντές
3267 4339 3324 4375 τε
3372 4322 3468 4381 καὶ

222 4435 611 4510 προφέροντες.
666 4434 879 4489 Τούτων
907 4436 1038 4506 ήμῖν
1066 4433 1349 4505 χρησίμως
1376 4422 1895 4503 προδιαληφθέντων,
1915 4420 2005 4473 ἐπὶ
2030 4418 2127 4489 τὴν
2157 4415 2410 4469 ὑπόθεσιν
2434 4415 2696 4469 ὀδευτέον.

756 4559 1053 4612 ΚΕΦΑΛΑΙ
1060 4558 1149 4610 ΟΝ
1186 4557 1264 4608 Α’.

751 4650 845 4703 Ἐκ
877 4650 982 4703 τοῦ
1022 4649 1283 4703 Ἡσαΐου.

305 4760 328 4797 c
369 4742 430 4796 ὐ
463 4741 620 4811 λόγος
655 4743 685 4795 ὁ
717 4743 1005 4812 γενόμενος
1026 4740 1161 4812 πρὸς
1199 4739 1422 4792 Ἡσαΐαν
1463 4735 1576 4789 υἱὸν
1614 4731 1793 4804 Ἀμὼς

223 4836 358 4909 περὶ
393 4835 493 4906 τῆς
532 4834 788 4898 Ἰουδαίας
819 4834 911 4887 καὶ
938 4834 1063 4904 περὶ
1096 4830 1462 4902 Ἰερουσαλήμ.
1487 4829 1607 4881 Ὅτι
1638 4826 1792 4878 ἔσται

227 4931 285 4984 ὲν
308 4930 433 4991 ταῖς
475 4928 729 4997 ἐσχάταις
759 4927 991 4998 ἡμέραις
1020 4925 1260 4995 ἐμφανὲς
1296 4923 1358 4977 τὸ
1388 4922 1512 4993 ὅρος
1549 4920 1753 4990 Κυρίου
1774 4956 1788 4984 ,

228 5020 323 5075 καὶ
346 5021 378 5074 ὁ
406 5014 553 5081 οἶκος
572 5016 666 5072 τοῦ
690 5016 823 5070 Θεοῦ
854 5020 939 5070 ἐπ’
970 5018 1154 5087 ἄκρων
1184 5015 1290 5069 τῶν
1316 5011 1505 5085 ὀρέων,
1525 5014 1620 5066 καὶ
1641 5012 1787 5080 ὑψω-

230 5108 452 5181 θήσεται
479 5109 732 5178 ὑπεράνω
764 5107 870 5159 τῶν
906 5105 1128 5176 βουνῶν,
1154 5106 1246 5157 καὶ
1272 5102 1488 5173 ἥξουσιν
1525 5102 1611 5153 ἐπ’
1644 5097 1791 5168 αὐτῷ

231 5202 408 5256 πάντα
437 5201 509 5254 τά
537 5201 682 5271 ἔθνη.
731 5200 837 5253 Καὶ
881 5197 1233 5270 πορεύσονται
1287 5196 1414 5264 ἔθνη
1462 5192 1652 5257 πολλὰ,
1703 5193 1793 5245 καὶ

232 5294 438 5366 ἐροῦσι·
471 5292 655 5355 Δεῦτε,
676 5293 767 5345 καὶ¹
790 5290 1077 5362 ἀναδῶμεν
1109 5291 1188 5352 εἰς
1209 5287 1267 5341 τὸ
1294 5288 1416 5358 ὅρος
1441 5286 1670 5354 Κυρίου,
1699 5284 1793 5337 κοιλ¹

234 5386 309 5449 ιίς
334 5384 425 5437 τὸν
467 5380 612 5437 οἷκον
638 5382 732 5436 τοῦ
778 5379 910 5435 Θεοῦ
950 5380 1160 5443 Ἰακὼ6,
1207 5378 1299 5431 καὶ
1330 5376 1614 5447 ἀναγγελεῖ
1662 5375 1793 5445 ήμίν

235 5476 327 5546 τὴν
359 5476 475 5529 ὁδὸν
500 5475 683 5538 αὑτοῦ,
726 5476 818 5529 καὶ
860 5469 1231 5545 πορευσόμεθα
1278 5471 1336 5522 ὲν
1377 5471 1509 5540 αὐτῇ
1536 5487 1549 5500 ο
1586 5470 1651 5520 ὲκ
1682 5468 1789 5538 γὰρ

237 5565 368 5619 Σιὼν
396 5566 731 5633 ἐξελεύσεται
764 5567 944 5635 νόμος,
976 5565 1069 5616 καὶ
1089 5563 1244 5630 λόγος
1274 5558 1477 5630 Κυρίου
1506 5558 1566 5623 ἐξ
1588 5558 1789 5628 Ἰερου-

241 5658 413 5730 ταλήμ
432 5677 445 5689 ·
478 5659 570 5712 καὶ
600 5660 772 5728 κρινεῖ
800 5656 903 5709 ἀνὰ
937 5656 1096 5725 μέσον
1117 5654 1222 5707 τῶν
1250 5651 1439 5715 ὲθνῶν,
1462 5653 1555 5706 καὶ
1579 5650 1784 5719 ἐλέγξει

243 5750 359 5803 λαὸν
396 5750 589 5805 πολύν·
640 5749 734 5802 καὶ
783 5747 1108 5817 συγκόψουσι
1154 5746 1252 5810 τὰς
1293 5745 1565 5815 μαχαίρας
1607 5743 1783 5797 αὐτῶν

532 5843 721 5899 Pam.
755 5838 870 5897 Gn.
914 5836 1114 5896 XXII.

1830 4555 1877 4611 D

2525 4534 2753 4590 CAPUT
2792 4535 2832 4591 1.

2538 4626 2624 4681 Ex
2652 4628 2821 4683 Isaia.

1975 4746 1993 4778 ι
2032 4720 2269 4781 Verbum
2298 4721 2445 4793 quod
2490 4722 2626 4776 vidit
2676 4723 2869 4790 Isaias,
2906 4722 3050 4779 filius
3080 4716 3266 4785 Amos,
3298 4736 3463 4791 super

1896 4818 2035 4875 Iuda
2080 4825 2135 4873 et
2173 4816 2496 4872 Jerusalem.
2531 4815 2595 4868 Et
2638 4815 2742 4869 erit
2798 4816 2855 4868 in
2905 4814 3219 4887 novissimis
3268 4812 3461 4867 diebus

1898 4922 2240 4987 praeparatus
2257 4926 2413 4966 mons
2425 4909 2619 4965 domus
2634 4907 2848 4963 Domini
2874 4908 2926 4961 in
2940 4908 3141 4981 vertice
3166 4904 3456 4967 montium,

1896 5016 1952 5062 et
1978 5006 2284 5063 elevabitur
2314 5019 2478 5074 super
2504 5003 2695 5065 colles.
2731 5008 2785 5057 et
2825 4999 2991 5054 fluent
3017 4999 3090 5071 ad.
3115 5014 3237 5053 eum
3265 5012 3458 5053 omnes

1898 5108 2106 5173 gentes.
2142 5098 2208 5152 Et
2239 5099 2396 5153 ibunt
2423 5096 2607 5166 populi
2634 5093 2810 5157 multi,
2837 5099 2891 5147 et
2911 5092 3128 5147 dicent:
3166 5089 3376 5149 Venite.
3405 5096 3455 5142 et

1898 5193 2260 5250 aseendamus
2285 5190 2350 5245 ad
2394 5196 2633 5244 montem
2662 5185 2895 5250 Domini,
2929 5194 2982 5240 et
3012 5184 3077 5238 ad
3114 5188 3334 5238 domum
3365 5183 3454 5235 Dei

1894 5286 2082 5348 Jacob,
2104 5291 2159 5340 et
2189 5282 2410 5338 docebit
2436 5298 2537 5337 nos
2560 5282 2677 5336 vias
2707 5294 2859 5343 suas,
2888 5285 2941 5333 et
2975 5276 3373 5335 ambulabitnus
3400 5276 3454 5329 in

1894 5375 2104 5433 semitis
2155 5375 2298 5444 ejus.
2342 5375 2481 5440 Quia
2505 5374 2573 5428 de
2600 5374 2730 5427 Sion
2770 5372 2938 5428 exibit
2971 5372 3077 5433 lex,
3125 5379 3179 5425 et
3229 5368 3451 5424 verbum

1894 5467 2108 5522 Domini
2149 5466 2217 5521 de
2255 5466 2577 5522 Jerusalem.
2614 5465 2679 5519 Et
2733 5465 3002 5534 judicabit
3032 5468 3242 5535 gentes,
3266 5471 3321 5517 et
3351 5478 3448 5517 ar-

1890 5572 2015 5633 guet
2046 5562 2275 5631 pOpulos
2309 5562 2510 5615 multos
2556 5580 2569 5616 :
2619 5571 2671 5615 et
2719 5559 3034 5614 conﬂabunt
3067 5557 3278 5629 gladios
3322 5570 3448 5611 suus

1890 5655 1944 5707 in
1973 5665 2242 5715 vomeres,
2274 5659 2328 5705 et
2361 5651 2583 5705 lanceas
2607 5666 2735 5706 suas
2769 5651 2821 5703 in
2853 5650 3017 5705 falces
3047 5669 3060 5703 :
3102 5663 3210 5703 non
3254 5646 3445 5701 levabit

1888 5761 2021 5815 gens
2063 5751 2254 5801 contra
2303 5740 2516 5817 gentem
2570 5743 2835 5815 gladium,
2882 5758 2982 5797 nec
3049 5739 3441 5796 exercebuntnr

3080 5832 3163 5891 38
