4008 6208
173 993 266 1004 .__.—-

195 1181 260 1190 .__..

199 1349 262 1358 .--

167 1367 386 1380 ...μ-.-

61 713 84 746 ι

57 807 100 840 ι

53 897 92 934 1

57 989 86 1018 9

55 1083 86 1116 ι

57 1171 92 1208 ε.

57 1265 136 1312 ε-

52 1449 98 1490 Ιῖ

50 1539 114 1582 ιι.

195 1469 204 1472 -
213 1463 376 1474 .__.——

223 1537 378 1548 --.-——-——

177 1559 380 1570 .—————..

187 1635 312 1642 ——-
337 1635 348 1638 —

179 1657 374 1665 _——-—

171 1749 386 1758 --—-——-——

119 1825 422 1832 —...—.-..-———

173 1845 398 1856 ----...-..-.-

241 1921 290 1928 -.-

237 1941 292 1948 .__.

50 1633 80 1680 β

50 1729 78 1764 ι

50 1821 114 1872 F-

50 1911 80 1960 ι

50 2009 88 2056 μ.

50 2099 64 2136 ι

50 2179 114 2350 ῖ-

127 2033 272 2044 .__....—

311 1921 352 1928 --ι.-

301 1943 378 1950 -ιι-

307 2015 340 2022 ...-

295 2037 430 2046 -Ι-Ιι-ι-

141 2105 432 2120 ‘—-——_—.__

121 2127 424 2142 -'—_—__..

185 2201 240 2210 —_-'
325 2209 358 2216 -Ι-

95 2219 300 2232 -μ--ι-ιιι-
327 2225 382 2236 .__....

209 2303 400 2312 -—-——..—

217 2325 416 2336 -——-———

231 2401 248 2406 -
265 2401 274 2406 υ
291 2401 396 2410 -.-.....-

177 2419 396 2432 ““““⁶----·-ιι-

133 2491 276 2500 ____..__
293 2497 296 2500 .
311 2497 344 2502 .__.

131 2509 350 2524 ---—-—.__.__..

165 2591 282 2600 --————-——

165 2607 332 2622 τῇ

183 2685 252 2692 -.-..

147 3623 256 3652 -“-ἷι“--..
271 3643 288 3648 -

171 3717 244 3726 .__....
255 3733 260 3736 _

131 3817 134 3820 -
153 3809 258 3824 "H

235 3831 290 3840 ._—

165 3913 264 3928 ³1⁵-

237 4013 294 4024 -ι-ι-

227 3347 252 3372 ’Ξ

177 3437 182 3442 .
229 3441 232 3444 .

267 3073 344 3096 ’τ’-τι

293 3273 342 3282 ..υ-

48 4611 270 4710 ιδ

48 4809 250 4892 ι-η,

48 4899 234 4982 ἢ..

48 4995 238 5076 κ.

48 5083 230 5160 h-

48 5163 214 5252 hu

48 5259 198 5336 ~-

48 5357 182 5428 ει

48 5455 166 5508 α.

55 5545 156 5602 η

67 5627 148 5684 δ-

1331 312 1626 374 Εειοοῶ
1663 311 2145 370 ΡΒΟΡΗΕΤΙΩΕ.
2179 341 2250 352 -
2282 311 2411 368 LIB.
2452 311 2542 368 IV.

3402 315 3538 373 “98

589 441 1040 512 πολιορκουμένη’
1065 459 1085 494 ι
1119 441 1215 494 καὶ
1246 441 1338 496 ὅτε
1382 439 1738 512 πεπλήρωται
1785 437 1866 502 τὸ,
1897 442 1942 500 Α
1971 433 2050 489 dit
2090 454 2102 489 :
2146 455 2164 487 ι

1971 433 2050 489 dit
2090 454 2102 489 :
2146 455 2164 487 ι
2194 432 2542 491 Neomeniam
2602 441 2655 490 et
2730 435 3056 499 Sabbatum,
3116 441 3170 491 et
3216 433 3540 492 festivitates

567 551 638 584 τε
672 533 844 600 λόγων
870 533 1094 604 Κυρίου,
1123 533 1380 604 ἄρχοντες
1398 531 1666 604 Σοδόμων·
1697 547 1869 603 προσ-

597 645 640 676 ιν
669 624 823 687 Θεοῦ,
843 624 966 690 λαὸς
993 625 1293 698 Γομόρρας.
1317 625 1382 679 Τί
1406 641 1495 696 μοι
1534 609 1737 695 πλῆθος
1762 621 1872 676 τῶν

583 737 677 766 -ων
699 716 1111 788 ;λέγειΚύριος,
1135 735 1155 769 ι
1178 717 1270 771 καὶ
1299 715 1369 770 τὰ
1390 717 1515 788 ἑξῆς
1533 733 1546 746 ·
1572 711 1652 780 οἷς
1677 715 1870 784 ἐπιφέ-

595 808 868 877 .;.ομηνίας
890 806 1172 877 ὑμῶν,καὶ
1194 806 1292 870 τὰς
1319 805 1511 877 ἑορτὰς
1542 805 1694 875 ὑμῶν
1723 805 1873 875 μισεῖ

607 917 686 949 ..π
725 899 1015 971 ἐγενήθητέ
1053 916 1142 970 μοι
1173 901 1251 963 εις
1299 897 1614 969 πλησμονὴν
1637 937 1652 962 ,
1687 897 1870 950 οὐκέτι

627 990 893 1060 αμαρτίας
922 989 1093 1061 ὑμῶν.
1114 988 1230 1045 ”Οτ’
1258 989 1324 1043 ἂν
1351 988 1449 1052 τὰς
1479 993 1666 1059 χεῖρας
1693 987 1869 1040 ἐκτεί-

627 1083 714 1150 ⁵ε,
756 1079 1079 1150 ἀποστρέψει)
1118 1080 1242 1142 τοὺς
1287 1077 1597 1148 ὀφθαλμούς
1643 1094 1743 1148 μου
1776 1077 1869 1146 ἀφ’

647 1179 728 1224 ζίιν
773 1171 1075 1244 πληθύνητε
1102 1171 1200 1243 τὴν
1236 1171 1438 1241 δέησιν,
1486 1174 1585 1223 οὑκ
1614 1168 1866 1222 εἰσακοῦ-

667 1289 670 1292 ·
700 1268 753 1318 αἱ
780 1267 886 1338 γὰρ
919 1269 1096 1337 χεῖρες
1124 1264 1274 1336 ὑμῶν
1306 1265 1535 1336 αἵματος
1571 1264 1815 1335 πλήρεις.
1844 1282 1863 1315 ι

649 1361 692 1420 ’ς
737 1363 762 1411 6
810 1359 967 1428 λόγος
1011 1358 1179 1412 ταῦτα
1227 1359 1402 1411 πάντα
1445 1357 1868 1426 ἀποτεινόιμενος

605 1453 612 1459 “
677 1453 851 1524 τρείαν
875 1451 1106 1505 ἐνταῦθα
1132 1451 1239 1504 οὐδ’
1264 1451 1456 1522 ἑτέραν
1483 1451 1664 1512 αὐτοῖς
1692 1451 1869 1520 ἁμαρ-

591 1547 602 1554 “
650 1547 689 1602 “,
723 1542 841 1595 οὐδὲ
872 1543 977 1614 μὴν
1019 1543 1264 1614 αἱμάτων
1311 1543 1549 1605 πολλῶν,
1586 1543 1698 1596 ἀλλ’
1751 1541 1868 1605 ἑνὸς

623 1653 648 1660 -·
673 1635 743 1695 εὶς
777 1633 1026 1703 αἵματος,
1059 1631 1216 1702 δῆλον
1262 1632 1304 1684 δ’
1337 1633 1418 1685 ὅτι
1472 1632 1564 1685 τοῦ
1608 1626 1865 1703 Χριστοῦ,

720 1726 844 1795 περὶ
877 1719 937 1778 οὗ
976 1723 1158 1793 σαφῶς
1192 1725 1219 1777 ό
1269 1723 1422 1793 λόγος
1457 1725 1548 1778 τὸν
1597 1724 1722 1777 λαὸν
1759 1726 1868 1776 ἀπ-

587 1821 745 1882 ⁵“,’¹>ν’
773 1835 789 1865 ε
823 1816 887 1868 Αἱ
916 1815 1023 1888 γὰρ
1066 1819 1243 1887 χεῖρες
1269 1816 1423 1886 ὑμῶν
1455 1817 1684 1885 αἵματος
1727 1815 1866 1888 τ..λή-
1899 1802 1942 1856 Β

593 1909 660 1968 ἦν
683 1907 858 1960 αἰτίαν
887 1907 1014 1977 ἑξῆς
1036 1908 1342 1976 ἐπιλέγεται
1365 1909 1445 1972 τὸ,
1469 1928 1485 1958 ι
1508 1907 1630 1971 Πῶς
1656 1907 1868 1977 ἐγένετο

559 2017 652 2060 αις
671 1999 831 2070 πιστὴ
853 1998 988 2051 Σιὼν
1017 1999 1230 2071 πλήρης
1255 2000 1506 2070 κρίσεως,
1535 2001 1592 2052 ἐν
1661 1999 1867 2054 δικαιο-

555 2107 630 2152 ηιι
653 2092 918 2164 ἐκοιμήθη
940 2095 995 2146 ἐν
1011 2093 1168 2163 αὐτῇ,
1189 2091 1283 2145 νῦν
1308 2092 1364 2146 δὲ
1385 2093 1635 2161 φονευταὶ
1651 2109 1664 2157 ;
1679 2112 1696 2144 ι
1728 2092 1847 2162 μεθ’

557 2185 814 2238 ¹;ε>.ευτῶν
845 2185 872 2236 6
895 2184 1050 2252 λόγος
1084 2181 1240 2248 αὖθις
1265 2185 1364 2255 τὴν
1389 2183 1658 2254 ἀποϐολὴν
1687 2184 1866 2238 αὐτῶν

569 2301 622 2326 ιιν
691 2275 883 2346 φησίν·
931 2292 950 2325 ι
990 2275 1241 2327 Ἔσονται
1284 2274 1392 2343 γὰρ
1439 2273 1516 2338 ὡς
1561 2274 1866 2343 τερέϐινθος

543 2373 695 2436 “aut:
719 2369 784 2420 τὰ
810 2366 1003 2437 φύλλα,
1033 2368 1126 2420 καὶ
1156 2366 1232 2430 ὼς
1261 2366 1586 2438 παράδεισος
1615 2366 1758 2437 ὕδωρ
1792 2366 1866 2439 μὴ

551 2485 598 2514 ..-.
639 2463 789 2515 ἐσται
835 2464 868 2532 ή
913 2463 1065 2532 ἰσχὺς
1097 2459 1276 2514 αὐτῶν
1322 2460 1542 2531 καλάμη
1587 2460 1864 2527 στυπείου,

533 2597 552 2624 ι.
575 2558 748 2622 ,αείαι
784 2554 962 2609 αὐτῶν
995 2553 1071 2617 ὡς
1109 2553 1420 2624 σπινθῆρες,
1461 2554 1554 2606 καὶ
1592 2570 1866 2607 κατακαυ-

535 2695 544 2700 -
587 2655 624 2702 .i
671 2651 855 2719 ἄνομοι
890 2649 984 2702 καὶ⁸
1021 2650 1068 2703 οἱ
1108 2646 1422 2718 ἁμαρτωλοὶ
1465 2645 1600 2717 ἅμα,
1638 2649 1731 2700 καὶ
1767 2647 1867 2700 οὐκ

567 2760 750 2794 gmw.
781 2762 798 2792 ι
833 2739 1080 2794 Τοσαῦτα
1103 2740 1196 2792 καὶ
1216 2737 1519 2809 τηλικαῦτα
1544 2740 1662 2792 κατ’
1691 2739 1868 2792 αὐτῶν

529 2835 799 2904 ⁸..μαμένη
855 2835 888 2904 ὴ
934 2833 1273 2904 προφητεία,
1310 2831 1436 2902 ἑξῆς
1479 2832 1724 2903 ἐπιφέρει
1767 2832 1867 2903 τὴν

549 2933 653 2996 “Liv
690 2926 997 2980 ἐκτεθεῖσαν
1027 2926 1350 2997 περικοπὴν,
1376 2926 1442 2978 δι’
1460 2921 1528 2997 ἧς
1549 2926 1761 2997 εἴρηται
1783 2925 1864 2986 τὸ,

561 3039 663 3070 ται
710 3020 768 3070 ἐν
799 3021 918 3081 ταῖς
961 3017 1217 3087 ἐσχάταις
1257 3015 1491 3087 ἡμέραις
1532 3015 1774 3087 ἐμφανὲς
1806 3013 1866 3069 τὸ

533 3173 538 3182 ,
571 3133 662 3163 λυ.
697 3131 712 3161 ι
736 3110 928 3181 Σαφῶς
954 3110 1089 3182 μετὰ
1112 3112 1209 3181 τὴν
1237 3111 1460 3163 ἐκείνων
1485 3109 1740 3180 ὁλοσχερῆ
1767 3111 1860 3162 καὶ

539 3201 804 3271 ἕρποόολήν
832 3217 890 3252 τε
927 3199 1021 3253 καὶ
1066 3199 1343 3270 ἐρήμωσιν
1382 3196 1480 3259 τὰς
1513 3197 1610 3266 τῆς
1651 3195 1858 3264 Καινῆς

553 3315 562 3320 ·
601 3291 967 3361 ὑποφαίνουσα
998 3289 1327 3360 οἰκονομίας,
1365 3287 1482 3340 καθ’
1527 3287 1594 3350 ἃς
1627 3287 1865 3358 ἐμφανὲς

535 3405 604 3434 ’.ν
658 3385 830 3436 ἔθνεσι
859 3382 920 3448 τὸ
958 3381 1079 3454 ὅρος
1104 3383 1295 3451 γέ-γονε
1319 3379 1414 3432 τοῦ
1446 3379 1670 3450 Κυρίου.
1709 3379 1865 3432 Ποῖον

579 3479 610 3546 ἦ
647 3479 672 3528 6
709 3479 762 3528 ἐν
805 3476 944 3546 ἀρχῇ
1002 3473 1135 3545 πρὸς
1168 3472 1260 3525 τὸν
1285 3470 1442 3536 Θεὸν,
1483 3472 1613 3535 Θεὸς
1660 3469 1862 3538 Λόγος;

565 3568 752 3634 Σωτὴρ
795 3568 884 3617 καὶ
923 3562 1122 3634 Κύριος
1172 3561 1358 3632 ἡμῶν,
1395 3560 1454 3613 ὃν
1489 3557 1867 3632 προαποδεδώ-

545 3660 660 3726 τυτίιὶ
688 3651 746 3710 οὒ
776 3655 869 3709 καὶ
897 3657 952 3706 ὲν
985 3654 1233 3724 Ψαλμοῖς
1272 3653 1507 3724 εἴρηται,
1539 3669 1557 3701 ι
1587 3649 1750 3720 Ὅρος
1770 3647 1865 3701 τοῦ

527 3771 530 3774 ·
567 3771 602 3800 .:
637 3753 783 3801 πῖον·
817 3769 835 3800 ι
869 3748 960 3801 καὶ
982 3748 1063 3810 τὸ,
1095 3764 1113 3796 ι
1143 3745 1348 3816 Ὄροςὸ
1380 3743 1710 3814 εὐδόκησενὸ
1734 3741 1865 3805 Θεὸς

605 3845 654 3892 ἰν
689 3838 855 3909 αὐτῷ.
899 3857 918 3892 ι
961 3839 1104 3908 Πρὸς
1144 3836 1315 3906 τούτῳ
1345 3836 1400 3890 δὲ
1446 3835 1523 3906 τῷ
1552 3836 1667 3906 ὄρει
1707 3835 1802 3887 καὶ
1841 3835 1870 3886 6

623 3932 754 3986 ιε)εοῦ
811 3929 1058 4004 ἐμφανὴς
1095 3930 1351 3998 γέγονεν·
1392 3925 1539 3991 οἶκος
1584 3928 1627 3981 δ’
1684 3928 1749 3981 ἂν
1781 3927 1868 3997 εἴη

609 4023 856 4095 minoia,
893 4024 927 4093 ἡ
958 4023 1042 4075 ἐπ’
1075 4021 1259 4092 ἄκρων
1284 4020 1393 4074 τῶν
1426 4019 1596 4092 ὀρέων
1632 4019 1861 4073 ἀποστο-

631 4117 714 4168 ίαὶ
758 4113 1108 4188 προφητικῶν
1161 4114 1332 4184 λόγων
1382 4113 1823 4184 ἐπεστηριγμένη
1851 4129 1864 4142 °

653 4205 906 4275 ἐμφανῶν
949 4204 1255 4276 γενομένων
1305 4203 1390 4257 ἐπ’
1431 4203 1564 4258 αὐτὸ
1594 4202 1754 4256 τοῦτο
1806 4203 1868 4256 τὸ

675 4301 715 4350 δ’
747 4301 826 4352 ὅτι
854 4287 943 4350 τὸν
980 4297 1118 4351 θεῖον
1166 4297 1338 4365 Λόγον
1381 4296 1443 4349 οὐ
1479 4295 1814 4368 κεκτημένος
1842 4299 1870 4348 ό

683 4393 686 4398 ’
723 4392 748 4440 6
787 4387 1052 4458 πολλαχοῦ
1097 4383 1417 4459 δηλούμενος
1449 4383 1596 4450 οἶκος
1641 4384 1831 4439 Ἰακὼϐ
1852 4425 1866 4448 ,

1970 535 2181 584 vestras
2219 541 2329 582 nou
2367 525 2562 591 feram,
2610 527 2784 598 iniqui
2832 537 2960 583 sunt
2990 538 3166 585 cretus
3209 529 3419 586 vestri:
3448 544 3543 586 so-

1970 619 2278 675 lemnitates
2316 625 2528 675 vestras
2577 619 2751 676 odivit
2792 622 2974 675 anima
3023 636 3144 676 mea
3174 639 3186 674 :
3214 619 3360 676 facta
3411 629 3543 676 sunt

1970 710 2101 766 mihi
2131 712 2380 774 molesta,
2410 710 2649 767 laboravi
2680 711 2982 767 sustinens.
3020 711 3086 766 Et
3116 727 3240 768 cum
3287 713 3546 769 extende-

1970 802 2092 858 ritis
2118 819 2312 859 manus
2344 812 2579 868 vestras,
2616 813 2858 860 avertam
2886 805 3075 860 oculos
3105 819 3256 862 meos
3285 820 3316 858 a
3349 805 3542 862 vobis:

1969 901 2025 948 et
2052 909 2176 950 cum
2202 896 2698 966 multiplicaveritis
2721 897 3044 962 orationem,
3082 912 3189 951 non
3210 897 3499 952 exaudiam
3528 916 3543 952 :

1971 999 2167 1042 manus
2204 985 2349 1040 enim
2380 995 2575 1040 vestrae
2621 986 2887 1056 sanguine
2917 987 3088 1058 plenae
3114 996 3243 1042 sunt
3267 989 3306 1042 ¹.
3338 1007 3357 1040 ι
3411 987 3546 1043 Ani-

1971 1078 2246 1134 madverte
2278 1079 2552 1150 quomodo
2592 1079 2893 1150 Scriptura,
2939 1080 3025 1136 his
3058 1082 3315 1136 omnibus
3344 1096 3545 1151 expro-

1970 1169 2136 1233 batis,
2174 1185 2348 1241 neque
2380 1171 2746 1226 idololatriam
2779 1171 2888 1234 hic.
2933 1187 3111 1243 neque
3138 1173 3301 1227 aliam
3331 1175 3412 1230 eis
3444 1173 3544 1228 ini-

1971 1263 2230 1332 quitatem
2263 1263 2474 1334 objicit,
2518 1280 2695 1334 neque
2727 1265 3054 1336 sanguinum
3097 1269 3413 1332 multorum,
3446 1268 3542 1326 sed

1973 1356 2136 1410 unius
2164 1357 2449 1426 cujusdam
2477 1359 2857 1427 praecellentis,
2906 1359 3112 1415 Christi
3150 1361 3379 1424 scilicet,
3409 1361 3545 1416 etfu-

1970 1447 2178 1503 sionem
2215 1448 2284 1501 ob
2315 1463 2474 1518 quem
2529 1448 2812 1517 Scriptura
2861 1464 3120 1518 expresse
3161 1450 3420 1519 populum
3461 1451 3544 1506 in-

1970 1535 2158 1610 crepat
2209 1540 2399 1596 dicens
2444 1559 2456 1594 :
2499 1559 2516 1591 ‹
2549 1539 2742 1616 Manus
2805 1550 2999 1596 vestrae
3051 1540 3314 1611 sanguine
3373 1543 3545 1612 plenae

1971 1631 2140 1685 sunt?
2176 1651 2193 1682 ι
2230 1631 2572 1702 Quapropter
2598 1631 2859 1686 continuo
2913 1631 3100 1700 adjicit
3143 1651 3155 1686 :
3213 1649 3231 1683 ι
3262 1631 3544 1698 Quomodo

1972 1721 2114 1777 facta
2146 1732 2230 1778 est
2263 1724 2516 1778 meretrix
2549 1722 2746 1777 civitas
2781 1723 2976 1786 ﬁdelis,
3010 1723 3167 1794 plena
3192 1723 3423 1792 judicii?
3447 1721 3546 1779 Ju-

1969 1815 2116 1870 stitia
2153 1814 2417 1868 habitavit
2445 1814 2497 1867 in
2521 1828 2606 1871 ea.
2635 1827 2780 1867 nunc
2811 1821 2990 1867 autem
3021 1813 3380 1868 homicidae'?
3409 1833 3427 1866 ι
3469 1816 3544 1869 Ac

1970 1913 2158 1978 postea
2205 1921 2424 1960 rursum
2473 1919 2662 1958 eorum
2716 1901 3155 1974 reprobationem
3196 1918 3376 1958 sermo
3427 1919 3547 1974 pro-

1971 1999 2274 2070 phetizaus,
2308 1997 2394 2050 his
2439 1995 2621 2050 verbis
2665 1993 2867 2050 desinit
2897 2014 2910 2049 :
2940 2014 2957 2045 ι
2992 1995 3162 2050 Erunt
3193 1995 3350 2065 quasi
3390 2011 3548 2066 quer-

1969 2106 2068 2146 cus
2118 2088 2485 2144 deﬂuentibus
2536 2087 2717 2151 foliis,
2774 2095 2830 2143 et
2893 2089 3039 2142 velut
3098 2088 3289 2143 hortus
3343 2089 3547 2160 absque

1970 2195 2134 2251 aqua.
2167 2179 2232 2234 Et
2261 2180 2368 2234 erit
2402 2177 2668 2233 fortitudo
2691 2188 2898 2241 vestra,
2933 2186 2991 2232 ut
3025 2177 3206 2232 favilla
3241 2188 3469 2249 stuppae,
3493 2187 3547 2234 et

1969 2287 2108 2344 opus
2133 2282 2375 2328 vestrum
2399 2271 2558 2342 quasi
2581 2270 2820 2326 scintilla
2843 2269 2926 2325 :et
2945 2269 3312 2325 succendetur
3334 2277 3546 2325 utrum-

1970 2378 2076 2432 que
2120 2361 2304 2426 simul,
2341 2369 2396 2417 et
2443 2376 2551 2415 non
2600 2360 2705 2415 erit
2747 2361 2842 2431 qul
2871 2361 3186 2432 exstinguat
3211 2359 3252 2414 ³.
3284 2380 3303 2412 ι
3339 2354 3464 2415 Hac
3491 2372 3546 2416 et

1970 2454 2164 2509 similia
2188 2455 2242 2508 in
2275 2453 2370 2509 eos
2397 2452 2770 2524 praenuntians
2795 2452 3098 2523 prophetia,
3124 2451 3384 2507 continuo
3410 2451 3550 2506 sub--

1963 2547 2087 2618 jicit
2140 2562 2203 2602 ea
2241 2562 2362 2616 quae
2419 2545 2531 2615 jam
2595 2545 2748 2615 prius
2805 2545 3112 2606 retulimus,
3154 2543 3386 2608 scilicet,
3423 2563 3441 2594 ι
3480 2543 3546 2597 Et

1967 2639 2070 2692 erit
2116 2638 2172 2692 in
2232 2637 2546 2692 novissimis
2584 2636 2776 2692 diebus
2831 2633 3154 2690 manifestus
3218 2649 3374 2689 mons
3443 2633 3547 2688 Det

1972 2730 2104 2785 miui
2131 2730 2172 2786 δ.
2209 2751 2226 2781 ι
2264 2729 2466 2800 Aperte
2501 2737 2623 2798 post
2670 2729 2902 2783 istorum
2949 2727 3164 2798 plenam
3215 2726 3545 2796 perfectam-

1971 2836 2074 2890 que
2106 2821 2546 2891 reprobationcm
2577 2826 2630 2874 et
2662 2819 2897 2885 ruinam,
2925 2817 3059 2873 Novi
3089 2817 3426 2874 Testameuti
3461 2819 3547 2874 ine

1971 2912 2308 2968 stitutionem
2349 2901 2607 2974 ostendit,
2641 2925 2748 2980 qua
2781 2909 3102 2964 manifestus
3132 2910 3388 2966 omnibus
3415 2926 3546 2982 gen-

1969 3003 2116 3057 tibus
2167 3017 2324 3056 mons
2363 3000 2541 3056 factus
2570 3009 2653 3056 est
2692 3000 2928 3056 Domini.
2969 2999 3158 3067 Qualis
3187 3017 3318 3059 vero
3364 3018 3543 3066 mons,

1969 3093 2074 3148 nisi
2111 3093 2204 3163 qui
2253 3093 2308 3146 in
2353 3093 2624 3162 principio
2668 3092 2809 3162 apud
2853 3090 3045 3155 Deum,
3091 3090 3232 3147 Deus
3261 3090 3547 3148 Verbum?

1968 3184 2085 3254 ipse
2130 3183 2274 3238 enim
2315 3181 2563 3236 Salvator
2586 3189 2640 3236 et
2671 3180 2934 3237 Dominus
2975 3189 3182 3248 noster,
3205 3196 3364 3252 quem
3395 3183 3546 3251 prius

1966 3275 2528 3345 ostendimus,dequo
2544 3283 2596 3330 et
2620 3275 2672 3329 in
2705 3273 2934 3331 Psalmis
2952 3274 3169 3340 dicitur,
3194 3291 3213 3327 ι
3245 3275 3398 3330 Mons
3427 3274 3544 3342 Dei,

1967 3384 2126 3426 mons
2159 3367 2373 3438 pinguis
2396 3384 2442 3432 ς»
2464 3375 2538 3430 et,
2564 3383 2580 3416 ι
2617 3365 2771 3421 Mons
2801 3366 2855 3420 in
2893 3383 3001 3436 quo
3044 3367 3434 3438 beneplacitum
3465 3378 3548 3425 est

1969 3463 2078 3516 Deo
2121 3461 2371 3515 habitare
2426 3458 2480 3512 in
2533 3471 2599 3512 eo
2623 3458 2666 3510 '.
2703 3475 2720 3508 ι
2763 3455 2964 3512 Praeter
3004 3459 3150 3514 hunc
3202 3466 3444 3516 montem
3493 3470 3548 3515 et

1967 3555 2162 3611 domus
2221 3551 2433 3607 Domini
2476 3547 2766 3603 manifesta
2828 3547 2970 3603 facta
3011 3559 3115 3605 est.
3170 3550 3370 3607 Domus
3422 3567 3550 3607 vero

1971 3658 2116 3706 esset
2145 3647 2237 3704 Dei
2276 3645 2542 3708 Ecclesia,
2576 3657 2697 3714 qua:
2729 3645 2782 3698 iu
2808 3645 3007 3698 vertice
3036 3645 3304 3698 montium
3334 3653 3549 3716 aposto-

1970 3742 2201 3796 licorum
2248 3749 2301 3794 et
2347 3737 2794 3809 propheticorum
2843 3735 3131 3790 verborum
3177 3737 3385 3791 elevata
3437 3745 3544 3792 est.

1969 3833 2182 3900 Quibus
2212 3847 2342 3886 vero
2390 3829 2756 3886 manifestatis
2795 3844 2959 3899 super
2989 3829 3135 3883 hunc
3167 3829 3347 3899 ipsum
3384 3844 3545 3884 mou-

1971 3935 2099 3987 tem,
2137 3933 2382 3994 apertum
2419 3931 2504 3977 est
2548 3922 2695 3993 quod
2729 3921 2973 3977 divinum
3006 3921 3232 3976 verbum
3260 3935 3372 3976 non
3409 3934 3545 3976 con-

1971 4027 2192 4074 secutus
2239 4023 2325 4071 est
2365 4016 2559 4080 Israel,
2614 4031 2792 4086 neque
2836 4013 3026 4069 multis
3081 4014 3218 4070 locis
3261 4014 3546 4084 designata

1969 4111 2167 4165 domus
2208 4105 2400 4172 Iacob,
2451 4107 2546 4164 sed
2604 4107 2662 4162 in
2722 4107 3038 4162 universum
3085 4121 3277 4162 onmes
3331 4115 3543 4179 gentes.

1969 4202 2199 4258 Constat
2253 4199 2398 4256 enim
2452 4215 2560 4270 quo
2613 4200 2776 4254 modo
2829 4213 3006 4270 quave
3063 4200 3276 4256 ratione
3317 4201 3592 4272 expletis‘

1973 4295 2275 4350 Salvatoris
2325 4294 2500 4349 nostri
2552 4292 2994 4348 manil’estatione
3041 4293 3420 4364 prmnuntiatis
3463 4309 3550 4348 re—

1971 4390 2073 4444 bus
2101 4387 2519 4457 manifestisque
2542 4383 2728 4450 factis,
2754 4400 2910 4440 mous
2941 4394 2998 4441 et
3023 4385 3218 4440 domus
3245 4401 3367 4456 qua:
3389 4386 3552 4440 modo

697 4481 768 4543 ιῖις
809 4480 984 4534 πάντα
1012 4479 1080 4534 τὰ
1122 4479 1283 4552 έθνηο
1320 4479 1414 4533 καὶ
1442 4477 1505 4550 δὴ
1549 4477 1717 4548 σαφὲς
1752 4476 1868 4540 πῶς
1902 4512 1944 4567 D
1973 4483 2280 4551 interpretal

1973 4479 2319 4551 interpretati
2358 4494 2550 4534 sumus
2577 4517 2592 4543 ,
2637 4493 2741 4533 nos
2779 4495 2809 4534 e
2858 4479 3116 4548 gentibus
3164 4495 3258 4550 per
3303 4478 3464 4535 ﬁdem
3495 4479 3549 4534 in

703 4590 809 4637 ev,
866 4571 1332 4627 ἀποτελεσθέντων
1359 4570 1448 4626 διὰ
1483 4570 1583 4642 τῆς
1628 4568 1720 4624 τοῦ
1753 4570 1868 4622 Σω-

721 4665 994 4732 aeneia;
1017 4664 1125 4718 τῶν
1153 4665 1583 4737 προειρημένων,
1610 4662 1866 4736 ἐμφανῶν

751 4759 830 4810 -οὖ
882 4775 941 4811 τε
996 4758 1386 4829 ἀποδεδομένον
1435 4757 1593 4830 ὅρους
1639 4760 1730 4811 καὶ
1775 4755 1869 4811 τοῦ

781 4870 859 4902 -του
888 4892 903 4916 ,
938 4852 1097 4922 ἡμεῖς
1132 4853 1181 4904 οἱ
1224 4851 1283 4917 ἐξ
1322 4850 1490 4904 ἐθνῶν
1522 4849 1611 4904 διὰ
1647 4850 1746 4920 τῆς
1791 4851 1871 4913 εἰς

861 4944 951 4998 τοῦ
985 4943 1121 4999 Θεοῦ
1155 4945 1387 5010 πίστεως
1416 4943 1873 5018 προσεληλυθότες

855 5081 865 5092 .
905 5037 1071 5093 πάλαι
1117 5037 1215 5108 μὲν
1253 5036 1569 5106 ἀγνοοῦντες
1612 5039 1682 5090 τὰ
1720 5036 1869 5107 τηλι-

879 5131 973 5202 τὴν
999 5130 1148 5186 θείαν
1180 5131 1337 5203 χάριν
1366 5130 1674 5196 ἐπιγνόντες
1709 5128 1870 5192 αὐτὰ,

897 5227 954 5274 ἰν
998 5223 1111 5296 ὄρει
1154 5223 1249 5277 καὶ
1285 5221 1435 5276 πόλει
1465 5221 1598 5275 Θεοῦ
1649 5221 1868 5286 ζῶντος,

933 5317 1007 5382 ἰ;›·
1029 5315 1123 5367 καὶ
1141 5313 1234 5368 ἅτε
1259 5312 1634 5377 παιδευθέντες
1656 5313 1761 5367 ὑπὸ
1774 5311 1871 5366 τοῦ

973 5403 1326 5476 ταὸεὸηκότος
1349 5407 1411 5458 ἐκ
1432 5405 1530 5474 τῆς
1553 5405 1874 5477 ἐπουρανίου

1031 5545 1036 5550 .
1066 5499 1138 5563 ὡς
1160 5500 1310 5552 σὌτι
1341 5501 1374 5570 ἡ
1400 5500 1510 5553 ἂνω
1526 5498 1876 5570 Ἰερουσαλὴμ

1061 5613 1066 5620 '
1107 5593 1288 5664 μήτηρ
1309 5592 1465 5661 ἡμῶν
1486 5609 1497 5620 ο
1527 5611 1542 5643 ι
1571 5592 1662 5643 ἐπὶ
1689 5591 1875 5644 τοῦτον

1247 5793 1265 5824 ³
1288 5792 1416 5847 ibid.
1451 5792 1536 5846 30.

1973 4574 2248 4630 Christum
2297 4571 2389 4628 Dei
2437 4571 2636 4626 Filium
2685 4572 2754 4626 ad
2789 4572 3036 4627 omnium
3076 4571 3242 4628 Deum
3277 4573 3550 4644 perducti,

1977 4670 2171 4726 borum
2195 4668 2414 4740 quidem
2440 4667 2716 4738 quondam
2736 4666 2920 4734 inscii,
2955 4681 3102 4721 nunc
3125 4679 3254 4720 vero
3281 4679 3379 4735 per
3409 4663 3552 4718 divi-

1978 4781 2102 4820 nam
2134 4762 2362 4836 gratiam
2401 4760 2582 4831 periti,
2617 4760 2685 4815 ad
2739 4757 2872 4814 Sion
2912 4763 3152 4812 montem
3189 4763 3243 4809 et
3273 4753 3552 4808 civitatem

1979 4849 2071 4915 Dei
2117 4854 2366 4919 viventis,
2401 4852 2816 4923 Jerusalemquc
2857 4851 3132 4906 cmlestem
3185 4845 3550 4916 pervenimus.

1981 4939 2046 5002 Et
2073 4948 2221 5003 velut
2245 4945 2421 5001 edocti
2459 4945 2528 4999 ab
2561 4944 2655 5000 illo
2687 4945 2782 5015 qui
2819 4957 3075 5014 egressus
3102 4950 3187 4996 est
3213 4940 3295 4995 vel
3320 4938 3552 4994 descen-

1981 5041 2059 5096 dit
2081 5040 2148 5095 de
2170 5038 2380 5094 cmlesti
2404 5036 2730 5101 Jerusalem,
2756 5035 2938 5092 Verbo
2967 5034 3096 5098 Da-o,
3128 5033 3382 5090 novimus
3409 5033 3554 5104 quod

1986 5150 2004 5183 ι
2032 5132 2122 5185 illa
2167 5146 2287 5201 qua:
2318 5146 2536 5186 sursum
2587 5138 2672 5186 est
2711 5128 3035 5192 Jerusalem,
3077 5128 3245 5183 libera
3291 5134 3399 5190 est,
3436 5141 3558 5198 qua:

1980 5233 2064 5279 est
2110 5229 2284 5278 mater
2329 5233 2518 5279 nostra
2541 5224 2581 5277 ⁸.
2616 5243 2633 5276 ι
2685 5223 2767 5278 Ad
2810 5223 2953 5278 hanc
3003 5223 3281 5278 caelestem
3323 5222 3416 5277 Dei
3457 5221 3556 5278 do-

1981 5332 2148 5378 mum,
2182 5315 2250 5370 ad
2284 5315 2441 5382 Sion,
2485 5316 2763 5372 caelestem
2797 5324 3036 5372 montem
3069 5313 3305 5376 Domini,
3342 5329 3444 5369 nos
3475 5313 3556 5368 in-

1979 5407 2152 5462 vicem
2195 5409 2490 5464 invitantcs
2525 5407 2985 5478 adhortantesque
3032 5407 3300 5462 doctrinis
3329 5415 3382 5462 et
3414 5407 3554 5462 inci-

1978 5499 2298 5567 tationibus,
2335 5500 2650 5556 dictitamus
2679 5520 2691 5556 :
2732 5519 2750 5552 ι
2786 5499 2977 5556 Venite
3015 5508 3069 5556 et
3101 5501 3461 5556 ascendamus
3487 5499 3555 5552 ad

1978 5601 2215 5648 montem
2247 5591 2485 5658 Domini,
2530 5601 2584 5650 et
2623 5595 2692 5649 ad
2742 5594 2962 5650 domum
3007 5592 3103 5649 Dei
3131 5591 3340 5649 Jacob:
3372 5599 3428 5650 et
3457 5589 3558 5644 du-

1649 5794 1665 5822 δ
1694 5791 1794 5849 lsa.
1825 5808 1883 5859 ιι,
1913 5793 1963 5847 1.
2009 5795 2068 5871 ,⁵
2095 5791 2240 5852 Psal.
2270 5808 2439 5867 vau,
2469 5793 2554 5863 15,
2579 5793 2667 5851 16.
2743 5794 2764 5828 ο
2788 5794 2906 5851 Gal.
2939 5795 3129 5863 tv,9.6.
