3950 6218
595 204 732 258 1198

1247 205 1516 262 EUSEBII
1550 206 2030 266 CASSARIENSIS
2066 212 2214 268 OPP.
2258 213 2441 269 PARS
2480 215 2649 271 ll1.-—
2686 214 3096 272 EXEGETICA.

3605 229 3694 283 ιιιι

595 327 739 379 ultra
763 325 830 379 ad
871 323 1115 393 praelium
1139 324 1177 377 ‘.
1218 342 1235 374 ι
1283 323 1583 382 Ostendant
1611 330 1790 395 nobis,
1831 332 1923 401 qui
1953 332 2020 387 de
2049 333 2140 388 cir-

2256 336 2336 398 εἰς
2365 334 2592 406 ἄροτρα,
2626 334 2719 388 καὶ
2753 334 2851 399 τὰς
2875 332 3095 399 ζιὸύνας
3114 334 3290 389 αὐτῶν
3312 337 3387 399 εἰς
3409 335 3625 408 δρέπανα·
3645 345 3709 396 ut

593 415 927 472 cumeisione
955 414 1345 487 glorificantur,
1374 434 1621 489 quaenam
1656 430 1709 478 et
1740 424 1883 479 unde
1934 427 2005 481 sit
2064 426 2147 482 lex

593 512 707 576 illa,
728 518 782 565 et
812 511 1011 581 quibus
1038 512 1214 567 danda
1237 513 1330 579 sit,
1360 528 1483 584 quae
1512 513 1580 569 de
1614 513 1747 569 Sion
1771 516 1984 572 exitura
2014 534 2154 588 pra:-

591 603 813 657 dicitur.
855 622 874 655 (
911 601 985 659 De
1037 602 1170 659 Sion
1198 605 1367 669 enim,
1404 605 1503 671 ait,
1554 607 1724 662 exibit
1767 608 1876 672 lex,
1920 628 1938 660 ι
1973 610 2153 666 diver-

590 709 705 748 sam
739 692 856 749 fore
887 694 955 750 ab
1007 695 1099 749 illa
1143 696 1477 767 significans,
1519 713 1639 768 quae
1682 716 1777 771 per
1823 701 2063 775 Moysem
2095 705 2151 760 in

588 787 808 842 deserto
861 788 988 843 data
1041 796 1147 845 est.
1197 788 1470 855 Quidnam
1512 803 1566 848 et
1615 793 1829 849 Domini
1884 795 2148 863 Verbum,

588 877 755 948 quod,
798 879 954 949 juxta
1004 882 1367 951 prophetiam,
1423 898 1533 937 non
1580 884 1695 952 jam
1744 886 1802 941 in
1846 885 2150 945 Jerusalem

588 972 949 1039 permanebit,
988 972 1084 1027 sed
1108 974 1174 1028 de
1208 972 1340 1028 Sion
1370 990 1718 1046 egressurum
1745 986 1849 1046 est,
1882 987 2047 1051 atque
2082 981 2150 1035 ad

588 1071 773 1134 gentes
793 1077 1286 1136 transgressurum,
1318 1076 1378 1122 ut
1400 1068 1609 1138 judicet
1649 1081 1836 1143 gentes
1863 1080 1917 1128 et
1958 1084 2151 1145 arguat

589 1156 816 1225 populos
876 1158 1098 1221 multos,
1153 1159 1371 1228 quando
1428 1176 1641 1217 summa
1704 1180 1837 1235 pace
1891 1168 2145 1237 gentibus

590 1247 766 1304 Verbo
812 1247 1024 1304 Domini
1061 1249 1371 1318 judicandis
1406 1252 1572 1320 facta,
1604 1258 1939 1328 mutatisque
1981 1258 2051 1313 ab
2078 1259 2150 1316 iis

587 1346 680 1413 qiii
713 1344 768 1398 in
793 1350 926 1415 paée
957 1343 1243 1401 constituti
1273 1355 1433 1405 erunt
1450 1349 1713 1405 bellorum
1743 1351 2145 1417 instrumentis,

536 1510 543 1517 κ
590 1445 799 1494 mentes
822 1438 890 1493 ad
924 1439 1158 1509 propriae
1182 1438 1376 1493 animae
1406 1440 1677 1494 culturam
1714 1442 1957 1496 verterit.
2004 1442 2146 1509 Quid

586 1530 654 1585 ad
685 1530 798 1585 hac
828 1529 920 1585 isti
948 1530 1162 1599 possint
1200 1530 1532 1599 respondere
1572 1531 1781 1587 nescio.
1819 1530 1989 1588 Nobis
2015 1547 2147 1589 vero

586 1629 735 1677 recte
762 1621 817 1675 in
835 1619 1018 1678 Jesum
1050 1620 1328 1676 Christum
1354 1621 1447 1678 Dei
1476 1623 1850 1689 credentibus,
1882 1623 2041 1680 facile
2062 1632 2146 1681 est

584 1728 800 1768 omnem
829 1713 1122 1783 explanare
1162 1713 1527 1784 prOphetiam,
1572 1721 1626 1769 et
1655 1731 1780 1771 vere
1807 1716 2047 1771 divinam
2080 1731 2145 1772 ac

2253 427 2313 480 οὐ
2338 427 2565 497 λήψεται
2602 426 2753 489 ἔθνος
2782 429 2869 479 ἐπ’
2902 426 3053 491 ἔθνος
3080 426 3368 500 μάχαιραν,
3393 430 3477 480 καὶ
3495 431 3546 482 οὐ
3569 431 3624 501 μὴ
3645 434 3713 501 μά-

2255 519 2419 573 θωσιν
2444 518 2526 571 ἔτι
2556 518 2831 589 πολεμεῖν.
2857 536 2875 570 ι
2902 517 3274 572 Δεικνύτωσαν
3303 520 3426 589 ἡμῖν
3449 520 3493 571 οἰ
3517 519 3715 592 ripaue

2251 610 2423 683 τομὴν
2448 609 2758 680 αὐχοῦντες,
2782 611 2868 674 τίς
2905 612 2934 663 ό
2961 610 3125 679 νόμος
3150 610 3246 663 καὶ
3278 611 3516 673 ποταπὸς,
3544 612 3616 664 καὶ
3641 613 3715 666 τίσι

2250 700 2607 772 δοθησόμενος
2626 703 2655 753 6
2678 705 2742 755 ἐκ
2762 702 2899 755 Σιὼν
2919 701 3293 767 ἐξελεύσεσθαι
3313 704 3713 773 προφητευόμενοςο

2257 812 2277 845 ι
2326 794 2419 847 Ἐκ
2446 794 2554 867 γὰρ
2589 794 2745 857 Σιὼν,
2787 796 2971 867 φησὶν,
3009 794 3348 860 ἐξελεύσεται
3373 795 3720 866 νόμος,ιέτερος

2249 883 2322 938 ὢν
2335 885 2488 957 δῆλον
2513 887 2594 939 ὅτι
2623 886 2715 939 τοῦ
2742 889 2802 939 ἐν
2825 889 2889 957 τῇ
2919 888 3110 958 ἐρήμῳ
3130 887 3217 939 διὰ
3242 887 3500 949 Μωῦσέως
3521 888 3649 957 νόμον
3665 888 3722 940 διο

2248 977 2469 1049 δομένου
2487 996 2501 1011 ο
2537 979 2622 1043 τίς
2647 979 2704 1032 δέ
2728 980 2822 1033 καὶ
2841 980 2976 1032 ότοῦ
3016 981 3221 1049 Κυρίου
3253 979 3427 1047 λόγος,
3454 980 3608 1048 μηκέτι
3634 980 3721 1048 μὲν,

2249 1070 2392 1123 κατὰ
2414 1070 2513 1141 τὴν
2541 1071 2895 1142 προφητείαν,
2922 1070 3098 1140 μένων
3128 1071 3187 1123 ἐν
3212 1068 3556 1140 Ἰερουσαλὴμ,
3580 1070 3662 1121 ἀλλ’
3679 1073 3723 1125 ἐκ

2250 1160 2386 1215 Σιὼν
2412 1162 2602 1233 αὐτῆς,
2652 1162 2747 1216 καὶ
2788 1161 3180 1233 μεθιστάμενος
3218 1162 3312 1215 ἐπὶ
3345 1163 3506 1215 πάντα
3532 1162 3585 1214 τὶ
3617 1162 3720 1233 ἔθνη,

2252 1253 2461 1324 μέλλων
2499 1270 2559 1307 τε
2593 1255 2799 1325 κρίνειν
2829 1255 2934 1309 ἀνά
2966 1255 3128 1326 μέσον
3156 1253 3382 1317 τούτων,
3403 1254 3488 1306 καὶ
3505 1243 3603 1305 λαὸν
3620 1254 3722 1321 ἐλέγ-

2248 1344 2457 1418 χει(ξει)
2492 1348 2688 1411 πολὺν,
2727 1348 2814 1401 ὅτε
2862 1347 2959 1401 καί⁵
3001 1348 3226 1418 εἰρήνης
3264 1346 3545 1418 βαθυτάτης
3567 1349 3715 1413 Ensic-

2252 1438 2419 1510 μένης
2440 1441 2553 1502 τοῖς
2582 1438 2714 1510 πρὸς
2728 1438 2821 1492 τοῦ
2852 1440 3027 1507 Λόγου
3053 1439 3149 1493 τοῦ
3176 1439 3380 1510 Κυρίου
3404 1437 3716 1508 κριθησομένας

2246 1528 2445 1591 ἔθνεσι,
2494 1529 2887 1600 μεταδαλόντες
2919 1532 2965 1582 οἰ
3016 1533 3115 1601 τῆς
3154 1532 3379 1602 εἰρήνης
3413 1528 3642 1597 ἠξιωμένοι
3669 1528 3717 1580 τὶ

2246 1621 2513 1693 πρότερον
2560 1620 2739 1675 αὐτῶν
2780 1622 3053 1694 πολεμικά
3081 1622 3251 1693 σκεύη
3277 1662 3293 1687 ,
3337 1624 3402 1691 τῇ
3432 1620 3605 1673 ἑαυτῶν
3627 1616 3724 1669 κατὰ

2245 1713 2343 1784 τὴν
2378 1712 2556 1783 ψυχὴν
2588 1715 2831 1785 γεωργίᾳ
2874 1715 3197 1786 προσέξουσι
3242 1713 3334 1768 τόν
3380 1713 3510 1768 νοῦν.
3545 1713 3724 1774 Έκείνοις

586 1819 811 1875 prorsus
839 1806 1218 1862 admirandam
1248 1807 1644 1874 demonstrare,
1672 1822 1798 1863 cum
1823 1815 1877 1863 et
1904 1824 1993 1864 res
2009 1824 2140 1879 prte-

2249 1803 2348 1874 μὲν
2379 1800 2471 1858 οὖν
2498 1805 2599 1857 οὐκ
2630 1802 2725 1858 οἷδ’
2750 1807 2802 1859 ετ
2828 1805 2908 1869 τίς
2958 1808 3073 1860 ἐστι
3112 1808 3252 1878 πρὸς
3275 1806 3441 1859 ταῦτα
3468 1807 3724 1873 λόγος’ὴμῑν

583 1898 763 1955 dictas
818 1906 1014 1954 eventu
1073 1898 1243 1956 fuisse
1279 1899 1665 1970 comprobatas
1729 1900 2142 1969 crediderimus,

583 2006 760 2061 neque
789 2006 820 2045 a
854 2006 984 2046 vero
1030 1994 1304 2057 aberrare,
1361 1992 1772 2063 prophetiarum
1830 2002 2028 2049 eventu
2088 1995 2143 2050 in

587 2086 796 2138 incerta
825 2091 1131 2155 temporum
1162 2084 1340 2155 spatia
1374 2084 1659 2155 producto.
1718 2083 1963 2142 Dicimus
1998 2087 2143 2142 enim

585 2174 886 2231 Salvatoris
912 2176 1084 2232 nostri
1117 2172 1247 2231 Jesu
1277 2174 1482 2231 Christi
1517 2174 1914 2241 incarnatione,
1950 2190 2145 2247 corpo-

581 2268 770 2323 raliter
812 2267 881 2324 de
908 2266 1038 2323 Sion
1064 2267 1286 2333 exiisse,
1315 2276 1368 2322 ct
1397 2265 1525 2321 inde
1559 2266 1814 2323 omnibus
1847 2268 2143 2321 annuntia-

580 2371 692 2416 tam
727 2377 849 2417 esse
882 2361 1135 2432 gentibus
1190 2358 1325 2415 Novi
1358 2359 1692 2415 Testamenti
1750 2359 1947 2429 legem,
1998 2359 2145 2414 scili-

578 2461 665 2509 cet
689 2454 845 2524 juxta
872 2452 1248 2525 Evangelium,
1281 2468 1405 2508 cum
1431 2460 1485 2508 et
1521 2452 1699 2522 ipsum
1734 2452 1974 2507 salutare
1999 2450 2137 2507 Ver-

581 2547 733 2611 bum,
771 2544 1012 2601 Verbum
1058 2544 1273 2600 Domini
1314 2544 1665 2616 appellatum,
1722 2542 1790 2597 de
1840 2542 2141 2598 Jerusalem

579 2638 902 2707 procedens,
927 2637 1109 2707 ibique
1137 2650 1487 2691 commorans
1516 2635 1759 2701 edocuit,
1785 2634 1945 2703 juxta
1966 2633 2099 2687 illud
2125 2652 2137 2687 :

581 2749 600 2779 ‹
648 2728 792 2785 Ecce
814 2729 1161 2800 relinquetur
1190 2729 1345 2783 vobis
1372 2728 1567 2783 domus
1595 2736 1777 2783 vestra
1812 2725 2030 2781 deserta
2053 2726 2093 2778 ’.
2117 2744 2136 2777 ι

575 2852 643 2860 -
672 2839 691 2872 ι
736 2818 798 2876 In
835 2835 1028 2875 omnes
1079 2827 1268 2890 gentes
1318 2818 1491 2874 effusa
1522 2826 1606 2875 est
1635 2819 1808 2890 ipsius
1833 2817 2009 2888 gratia
2034 2817 2075 2872 ⁸.
2116 2836 2134 2869 ι

576 2911 709 2979 Quae
736 2922 790 2968 et
818 2912 887 2967 ab
919 2927 984 2968 eo
1008 2912 1284 2981 judicataa,
1312 2910 1658 2982 exprobratis
1692 2910 1971 2982 prioribus
1994 2910 2138 2981 ipsa-

575 3021 697 3060 rum
732 3006 993 3078 peccatis,
1031 3014 1086 3061 et
1114 3004 1180 3059 ad
1209 3004 1612 3061 confessionem
1653 3014 1707 3059 et
1761 3003 2137 3073 pmniteutiam

575 3098 977 3169 confugientes,
1004 3097 1206 3152 bellum
1240 3096 1505 3152 adversus
1536 3095 1866 3167 cupiditates
1892 3110 2023 3152 suas
2054 3094 2136 3149 fa-
2164 3128 2207 3186 ο

576 3205 702 3246 cere
728 3190 1001 3254 desinent,
1038 3189 1093 3243 in
1128 3187 1559 3261 profundissima
1597 3189 1793 3244 anima:
1824 3203 1959 3259 pace
1983 3187 2137 3243 dein-

575 3295 702 3351 ceps
732 3279 937 3344 vivent,
980 3278 1182 3333 mentis
1217 3292 1331 3333 suae
1362 3277 1634 3332 culturam
1661 3284 1716 3331 et
1757 3274 2137 3330 fructificatio-

576 3386 697 3427 nem
726 3370 1070 3428 solummodo
1096 3378 1373 3426 curantes.
1414 3368 1547 3437 Quae
1576 3369 1622 3426 si
1652 3369 1776 3440 quis
1811 3368 1878 3423 ad
1901 3368 2137 3423 litteram

574 3463 825 3534 accipere
847 3462 997 3527 velit,
1032 3462 1280 3519 sincerus
1311 3478 1507 3518 sensus
1537 3461 1682 3529 erit;
1732 3461 1819 3516 vel
1848 3460 1897 3516 si
1923 3460 1991 3514 ad
2026 3457 2139 3530 spi-

575 3554 740 3607 ritum
775 3561 1007 3623 spectes.
1058 3552 1229 3606 multo
1288 3552 1570 3607 intellectu
1618 3550 1852 3606 facilior.
1906 3548 2042 3603 Cum
2083 3558 2137 3604 et

576 3653 705 3699 ante
745 3644 930 3699 omnia
962 3642 1381 3713 praesertimque
1410 3640 1516 3697 hoc
1555 3642 1614 3695 in
1647 3641 1770 3696 loco
1800 3640 2138 3697 credendum

577 3736 650 3789 sit
680 3734 887 3790 exitum
915 3732 1179 3789 habuisse
1203 3747 1327 3804 quae
1352 3732 1445 3789 hic
1473 3742 1880 3801 memorantur;
1920 3749 2135 3790 verum-

573 3836 757 3882 tamen
787 3826 855 3882 iis
881 3840 1002 3897 quae
1052 3825 1201 3881 dicta
1233 3833 1384 3891 sunt,
1438 3824 1599 3881 facile
1637 3835 1871 3896 possunt
1911 3826 2137 3898 intelligi

573 3920 749 3989 prima
780 3918 945 3988 hujus
974 3918 1081 3972 loci
1109 3917 1300 3983 verba,
1346 3936 1364 3969 ι
1414 3917 1469 3971 in
1500 3916 1823 3973 novissimis
1855 3917 2078 3985 diebus;
2114 3935 2132 3969 ›

572 4012 773 4083 quippe
795 4020 1046 4083 apertum
1071 4018 1158 4066 est
1178 4008 1327 4080 quod
1351 4010 1408 4063 in
1434 4010 1765 4065 saeculorum
1797 4024 2141 4065 consumma-

570 4107 719 4160 tione
746 4102 1071 4160 manifestus
1089 4102 1264 4158 factus
1292 4115 1375 4157 εει
1392 4120 1410 4153 ι
1434 4117 1592 4157 mons
1613 4121 1631 4153 ι
1652 4102 1919 4173 spiritalis
1944 4121 1961 4153 ι
1984 4101 2099 4166 Dei,
2116 4122 2133 4153 ι

569 4197 626 4252 id
656 4205 762 4260 est,
794 4196 1037 4252 divinum
1097 4210 1161 4249 ac
1206 4194 1435 4250 caeleste
1468 4193 1747 4263 Verbum;
1779 4196 2012 4267 ejusque
2040 4198 2139 4252 do-

570 4305 694 4345 mus
724 4287 971 4345 Ecclesia
999 4287 1056 4344 in
1094 4288 1463 4359 apostolorum
1494 4296 1548 4343 et
1581 4289 1968 4359 prophetarum
2010 4289 2129 4344 fun-

570 4381 827 4435 damento
871 4378 1157 4443 aediﬁcata,
1218 4386 1273 4434 et
1332 4378 1455 4435 ideo
1509 4379 1567 4434 in
1618 4381 1827 4436 vertice
1869 4382 2135 4436 montium

2245 1912 2309 1963 γε
2346 1895 2452 1968 μὴν
2482 1895 2649 1964 ὑγιῶς
2678 1898 2758 1960 εἰς
2789 1898 2993 1968 Ἰησοῦν
3023 1899 3118 1954 τὸν
3151 1898 3388 1969 Χριστὸν
3430 1897 3511 1951 τοῦ
3536 1896 3640 1950 Θεοῦ
3661 1913 3726 1949 περ

2246 1988 2561 2042 πιστευκόσι
2585 1988 2781 2060 ῥᾳδίως
2808 1990 2982 2044 ἔνεστι
3004 1992 3184 2046 πᾶσαν
3217 1990 3517 2062 ἐξομαλίσαι
3537 1990 3616 2061 τὴν
3641 1998 3727 2058 προ-

2246 2080 2491 2151 φητείαν,
2522 2081 2672 2135 Θείαν
2713 2099 2775 2135 τε
2804 2083 2879 2146 ὡς
2918 2082 3131 2154 ἀληθῶς
3175 2086 3273 2137 καὶ
3317 2083 3585 2155 παράδοξον
3614 2080 3728 2152 αὐτὴν

2245 2171 2634 2240 ἐπιδεικνύναι,
2665 2173 2743 2245 τῷ
2773 2175 2866 2229 καὶ
2907 2175 3059 2240 τέλος
3083 2176 3378 2247 ἐσχηκέναι
3406 2177 3467 2229 τὰ
3498 2191 3727 2246 προφητευο

2245 2263 2405 2317 θέντα
2430 2264 2723 2329 πιστεύειν,
2759 2268 2852 2319 καὶ
2882 2266 2956 2337 μὴ
2987 2267 3084 2337 τῆς
3113 2266 3372 2338 ἀληθείας
3397 2267 3656 2331 ἐκπίπτειν,
3677 2266 3730 2326 εἰς

2245 2357 2674 2428 ἀτερματίστους
2702 2358 3161 2430 ὑπερτιθεμένους
3209 2360 3428 2430 χρόνους
3463 2358 3556 2411 τῶν
3582 2374 3729 2428 etpost}-

2243 2447 2404 2502 τειῶν
2440 2448 2507 2501 τὰ
2543 2448 2976 2519 ἀποτελέσματα.
3009 2450 3196 2519 Φαμὲν
3242 2449 3351 2521 γάρ
3397 2450 3456 2521 δὴ
3490 2448 3568 2501 ἐπὶ
3599 2451 3649 2517 τῇ
3666 2444 3727 2498 τοῦ

2245 2539 2497 2611 Σωτῆρος
2521 2540 2678 2611 ἡμῶν
2717 2540 2891 2612 Ἰησοῦ
2927 2540 3163 2612 Χριστοῦ
3204 2543 3469 2614 παρουσίᾳ
3497 2543 3576 2594 καὶ
3602 2555 3727 2607 smac-

2241 2632 2408 2695 τικῶς
2433 2634 2497 2685 ἐκ
2533 2630 2672 2686 Σιὼν
2700 2633 3098 2705 ἐξεληλυθέναι,
3135 2634 3392 2688 κάκεῖθεν
3428 2635 3571 2687 πᾶσιν
3594 2633 3727 2684 6m:-

2242 2725 2512 2797 κηρυχθαι
2541 2729 2653 2790 τοῖς
2686 2726 2882 2793 ἔθνεσι,
2913 2728 3005 2781 τὸν
3033 2729 3199 2799 νόμον
3230 2728 3332 2798 τῆς
3376 2728 3562 2796 Καινῆς
3593 2722 3727 2791 Auito

2242 2833 2363 2887 κης,
2388 2817 2479 2870 τὸν
2512 2818 2652 2872 κατὰ
2673 2819 2733 2872 τὸ
2766 2820 3115 2889 Εὑαγγέλιον,
3149 2821 3241 2873 ὅτε
3269 2822 3360 2873 καὶ
3388 2820 3534 2882 αὐτὸς
3558 2820 3581 2870 6
3614 2814 3728 2883 σωτή-

2246 2927 2356 2982 ριος
2403 2911 2594 2979 Λόγος,
2627 2912 2797 2980 Λόγος
2829 2902 2923 2965 τοῦ
2974 2913 3178 2983 Κυρίου
3220 2912 3569 2984 χρηματίζων,
3595 2911 3643 2961 ἐκ
3664 2908 3724 2975 τῆς

2254 3002 2607 3076 Ἰερουσαλὴμ
2636 3003 2913 3075 προελθὼν
2938 3043 2953 3069 ,
3011 3003 3139 3058 ἔνθα
3190 3004 3476 3077 διατρίϐων
3531 3001 3723 3057 ἐδίδασκε.

2240 3095 2381 3150 κατὰ
2401 3097 2481 3161 τὸ,
2504 3116 2524 3149 ί
2555 3097 2684 3151 Ἰδοὺ
2732 3098 2947 3167 ἀφίεται
2979 3097 3153 3168 ὐμίνό
3185 3097 3333 3161 οἶκος
3358 3097 3499 3168 ὑμῶν
3520 3094 3720 3165 ἔρημον

2248 3205 2268 3240 ι
2291 3188 2417 3243 Ἐπὶ
2444 3190 2621 3243 πάντα
2648 3190 2717 3244 τὰ
2743 3190 2868 3263 ἔθνη
2896 3191 3076 3261 ἐξέχεε
3094 3190 3195 3262 τὴν
3213 3189 3401 3245 ἐαυτοῦ
3430 3183 3724 3259 χάριν-»ἂναὶ

2239 3282 2534 3354 κρινόμενα
2569 3283 2705 3354 πρὸς
2742 3284 2907 3336 αὑτοῦ
2947 3283 3039 3336 καὶ
3090 3282 3420 3354 ἐλεγχόμενα
3461 3280 3539 3333 ἐπί
3581 3275 3723 3333 estsi;

2239 3374 2532 3448 προτέραις
2590 3374 2796 3428 ἑαυτῶν
2832 3375 3156 3445 ἁμαρτίαις,
3214 3378 3294 3438 είς
3337 3371 3637 3441 συναίσθησιν
3666 3363 3724 3417 καὶ

2243 3467 2527 3536 μετάνοιαν
2584 3467 2885 3539 ἐρχόμενα,
2935 3467 3210 3520 πέπαυται
3267 3468 3364 3539 μὲν
3416 3464 3501 3518 τοῦ
3542 3461 3721 3528 πολέμοκ

2237 3560 2349 3623 τοῖς
2382 3558 2523 3612 κατὰ
2548 3560 2617 3613 τὰ
2659 3559 2806 3631 πάθη
2850 3558 3131 3630 σχολάζειν
3154 3600 3170 3624 ,
3212 3561 3271 3613 ἐν
3309 3560 3487 3630 εἰρήνῃ
3524 3556 3569 3607 δὲ
3605 3548 3721 3620 ψυχῆς

2235 3649 2407 3719 διάγει
2438 3649 2731 3723 βαθυτάτῃ,
2766 3652 2864 3721 τῆς
2907 3650 3053 3719 σφῶν
3099 3650 3284 3706 αὐτῶν
3337 3649 3552 3710 διανοίας
3588 3647 3719 3711 imae

2236 3738 2474 3811 λούμενα
2536 3742 2813 3812 γεωργίας
2857 3758 2917 3793 τε
2982 3743 3079 3795 καὶ
3142 3741 3523 3812 καρποφορίας.
3562 3736 3653 3790 Εἴτε
3685 3730 3720 3782 6i

2239 3831 2379 3885 κατὰ
2408 3832 2504 3903 τὴν
2525 3830 2668 3897 λέξιν
2699 3832 2940 3902 βούλοιτό
2961 3849 3045 3896 τις
3065 3831 3216 3885 ταῦτ’
3245 3830 3592 3903 ἐκλαμὸάνειν,
3614 3822 3718 3890 ὑγιὴς

2237 3924 2265 3975 ὁ
2295 3924 2419 3987 νοῦς
2445 3924 2785 3977 ἀποδίδοται·
2822 3924 2933 3977 εἴτε
2973 3925 3114 3979 κατὰ
3141 3925 3405 3986 διάνοιαν,
3437 3918 3586 3989 πολλῷ
3609 3917 3715 3987 ρᾁΨ

2239 4015 2363 4069 ἐπεὶ
2407 4017 2502 4070 καὶ
2542 4015 2967 4088 προηγουμένως
3023 4017 3117 4069 καὶ
3175 4017 3374 4088 μᾶλλον
3425 4011 3546 4067 κατὰ
3579 4005 3717 4071 ταύτην

2238 4107 2527 4161 πεπεῖσθαι
2561 4109 2668 4181 χρὴ
2711 4108 2779 4163 τὰ
2823 4108 2961 4162 κατὰ
3002 4108 3129 4171 τοὺς
3174 4109 3376 4171 τόπους
3406 4105 3502 4160 ἀπὸ
3529 4100 3612 4154 τῶν
3632 4091 3715 4157 (δῖε)

2238 4200 2707 4272 ἀποπληροῦσθαι
2756 4202 2897 4272 πλὴν
2936 4201 3042 4255 άπὸ
3077 4201 3187 4254 τῶν
3217 4199 3506 4273 εἰρημένων
3537 4184 3716 4246 δύνανταὲ

2239 4309 2356 4356 πως
2383 4291 2518 4346 εἶναι
2548 4294 2693 4365 σαφῆ
2719 4295 2813 4348 καὶ
2845 4294 2912 4348 τὰ
2944 4294 3083 4349 κατὰ
3112 4295 3209 4366 τὴν
3237 4296 3409 4366 ἀρχὴν
3436 4292 3522 4361 τῆς
3545 4292 3590 4341 ἐν
3610 4281 3715 4354 χερσὶ

2239 4385 2543 4456 περικοπῆς
2559 4402 2573 4417 ο
2594 4387 2683 4439 «ἐν
2698 4406 2714 4436 ι
2734 4386 2843 4458 γὰρ
2869 4406 2887 4438 ι
2914 4389 3034 4452 ταῖς
3061 4388 3319 4457 ἐσχάταις
3342 4385 3589 4457 ἡμέραις,²
3610 4373 3714 4442 δῆλον

571 4472 881 4542 praedicata.
915 4470 980 4525 Et
1022 4470 1139 4527 haac
1184 4470 1402 4541 quidem
1458 4470 1746 4527 manifesta
1797 4472 1940 4527 facta
1982 4481 2132 4541 sunt,

2241 4475 2280 4528 θ’
2314 4477 2394 4529 ὅτι
2423 4476 2518 4531 νῦν
2551 4478 2642 4530 ἐπὶ
2670 4477 2948 4549 συντελείᾳ
2971 4478 3077 4531 τῶν
3111 4476 3343 4540 αἰώνων,
3378 4470 3585 4547 ἐμφανὲς
3607 4459 3711 4534 γεγέσ

567 4573 693 4635 post
732 4563 1046 4620 circumcisi
1089 4564 1275 4634 populi
1326 4564 1791 4635 reprobationem,
1824 4575 1947 4635 post
1983 4566 2135 4620 abla-

566 4670 682 4714 tum
742 4658 812 4713 ab
867 4673 932 4713 eo
990 4673 1219 4731 regnum
1278 4658 1564 4722 calorum,
1634 4657 1855 4728 quando
1913 4658 2133 4727 impleta

568 4762 697 4810 sunt
755 4754 926 4809 relata
978 4768 1144 4823 supra
1201 4752 1343 4805 hanc
1401 4749 1744 4821 prophetiam
1805 4749 1992 4813 verba,
2044 4750 2134 4804 ubi

565 4848 775 4901 dictum
822 4853 906 4901 est
957 4866 970 4900 :
1030 4864 1048 4898 ι
1108 4844 1175 4899 Ει
1228 4842 1642 4912 derelinquetur
1697 4840 1805 4895 ﬁlia
1863 4840 2021 4906 Sion,
2075 4849 2135 4895 ut

566 4939 948 4994 umbraculum
988 4938 1044 4992 in
1087 4938 1266 5000 vinea,
1309 4945 1366 4991 et
1407 4935 1556 4990 sicut
1607 4934 1885 5005 tugurium
1928 4934 1983 4988 in
2033 4951 2134 4989 ους

565 5030 897 5092 munerario,
956 5036 1010 5082 et
1066 5028 1209 5083 sicut
1267 5026 1465 5082 civitas
1526 5040 1646 5097 quae
1708 5033 1954 5081 vastatur
2004 5034 2046 5081 δ.
2110 5047 2128 5079 ι

566 5122 629 5175 Et
675 5122 897 5193 quando
945 5121 1227 5193 impletum
1281 5129 1366 5175 est
1430 5119 1567 5175 illud
1615 5140 1627 5174 :
1685 5139 1703 5171 ι
1759 5119 1956 5176 Audite
2014 5136 2137 5176 ver-

561 5215 688 5270 bum
764 5212 1037 5277 Domini,
1114 5213 1390 5285 principes
1473 5210 1871 5279 Sodomorum;
1949 5214 2127 5283 perci-

560 5310 670 5377 plte
736 5310 965 5362 auribus
1038 5309 1209 5377 legem
1281 5304 1375 5361 Dei
1444 5306 1660 5369 nostri,
1734 5306 1968 5375 populus
2029 5303 2130 5358 Go-

558 5399 813 5453 morrbze.
859 5397 979 5465 Quo
1026 5398 1158 5453 mihi
1211 5397 1613 5453 multitudinem
1653 5398 1997 5453 victimarum
2036 5413 2131 5452 νον

557 5499 815 5551 strarum,
862 5491 995 5545 dicit
1036 5489 1337 5548 Dominus?
1367 5512 1385 5544 ι
1413 5501 1467 5547 et
1505 5491 1749 5563 reliqua;
1797 5492 1998 5561 quibus
2029 5490 2127 5544 ad-

2233 4583 2387 4637 νηται
2436 4569 2498 4621 τὸ
2543 4587 2562 4620 ι
2619 4569 2767 4641 ὅρος,
2794 4588 2813 4620 ι
2862 4570 2925 4623 τὸ
2976 4569 3340 4641 πνευματικὸν
3376 4586 3392 4618 ι
3437 4562 3516 4616 τοῦ
3550 4553 3708 4614 Θεοῦ.»

2231 4658 2507 4713 τουτέστιν
2537 4661 2567 4713 6
2598 4658 2739 4723 θεῖος
2765 4661 2860 4714 καὶ
2897 4660 3145 4733 οὐράνιος
3176 4661 3347 4730 Λόγος
3368 4676 3380 4688 ’
3405 4656 3489 4711 καὶ
3515 4641 3708 4707 όοῖκοςδῖ

2232 4751 2394 4804 αὐτοῦ
2433 4754 2467 4822 ὴ
2505 4750 2799 4824 Ἐκκλησία
2829 4753 3294 4825 ὲπῳκοδομημένη
3337 4752 3423 4805 ἐπὶ
3449 4746 3517 4817 τῷ
3548 4733 3709 4811 θεμελίῳ

2232 4842 2339 4896 τῶν
2358 4844 2670 4898 ἀποστόλων
2704 4845 2796 4899 καὶ
2824 4844 3141 4917 προφητῶν,
3178 4847 3273 4900 καὶ
3299 4844 3382 4898 διὰ
3424 4839 3561 4895 τοῦτο
3583 4829 3706 4925 ὶπάνξδ

2232 4934 2370 4992 εἶναι
2399 4938 2507 4992 τῶν
2552 4939 2721 5011 ὁρέων
2769 4939 3058 5011 λεγομένη.
3105 4940 3214 4992 Καὶ
3262 4936 3426 4991 ταῦτά
3462 4949 3515 5001 γε
3555 4930 3705 5017 ἔμφαῖη

2231 5032 2419 5100 γέγονε
2455 5030 2593 5101 μετὰ
2640 5032 2737 5103 τὴν
2769 5030 3040 5102 ἀποϐολὴν
3083 5030 3175 5084 τοῦ
3213 5032 3278 5084 ἐκ
3319 5022 3581 5097 περιτομῆς
3600 5016 3702 5108 WE“

2232 5124 2326 5177 καὶ
2362 5123 2503 5194 μετὰ
2549 5123 2609 5176 τὸ
2642 5122 2873 5193 ἀρθῆναι
2908 5123 3001 5177 ἀπ’
3041 5121 3205 5175 αὑτοῦ
3243 5122 3337 5191 τὴν
3378 5110 3607 5188 βασιλείαν
3636 5114 3703 5153 των

2233 5215 2498 5288 οὐρανῶν,
2531 5217 2617 5270 ὅτε
2646 5216 2818 5288 πέρας
2848 5215 3136 5285 εἰλήφασιν
3169 5216 3223 5267 αἱ
3251 5210 3481 5279 ἀνωτέρω
3500 5203 3579 5272 τῆς
3599 5200 3698 5249 ἔπιτε·

2232 5308 2416 5380 θείσης
2443 5309 2775 5381 προφητείας
2805 5309 2998 5378 φωναὶ,
3029 5307 3096 5360 δι’
3126 5300 3199 5361 ὧν
3224 5298 3505 5376 εἴρηταιτὸ,
3528 5312 3545 5343 ι
3569 5288 3699 5381 ἐἶξιν

2232 5371 2650 5469 “sane...
2695 5401 2731 5469 ἡ
2774 5371 3017 5468 θυγάτηρ
3065 5395 3235 5459 Σιὼν,
3374 5382 3522 5483 exuri
3560 5380 3604 5430 έν
3631 5371 3697 5483 fi“;

2235 5490 2469 5557 πελῶνι,
2507 5491 2601 5545 καί
2637 5490 2713 5553 ὡς
2738 5489 3184 5561 όπωροφυλάκιον
3226 5490 3281 5542 ὲν
3320 5474 3606 5549 σικυηλάτφν
3634 5472 3698 5513 ⁸⁸³

663 5668 680 5698 ⁸
703 5666 803 5720 lea.
840 5681 902 5735 ti,
934 5667 1047 5726 μ.
1125 5670 1143 5700 ³
1175 5668 1366 5727 Matth.
1407 5685 1564 5737 xxm,
1592 5670 1681 5724 38.
1759 5671 1779 5701 ⁸
1803 5670 1921 5725 Act.
1954 5686 2008 5736 x,
2038 5669 2128 5724 45.

2249 5668 2352 5723 lsa.
2387 5683 2425 5734 ι,
2456 5666 2508 5722 8.
