4008 6208
312 314 449 371 “97

1344 313 1640 375 ECLOGA!
1677 311 2159 370 PROPHETICE.
2192 343 2264 353 ——
2296 312 2424 368 LIB.
2465 311 2556 368 IV.

3417 317 3552 375 H98

307 438 385 503 ὡς
423 437 580 502 πόλις
596 439 1053 512 πολιορκουμένη·
1080 460 1099 494 ι
1133 442 1229 495 καὶ
1261 441 1355 496 ὅτε
1396 440 1751 512 πεπλήρωται
1798 438 1880 503 τὸ,

1985 435 2063 490 dit
2104 456 2115 489 :
2160 456 2177 488 ι
2207 433 2556 492 Neomeniam
2616 443 2669 490 et
2744 436 3071 500 Sabbatum,
3130 444 3185 493 et
3230 435 3555 494 festivitates

311 549 335 584 ε
356 532 651 586 Ἀκούσατε
683 532 857 601 λόγων
883 534 1108 606 Κυρίου,
1137 534 1393 605 ἄρχοντες
1412 532 1679 604 Σοδόμων·
1711 548 1881 603 προσ-

308 620 461 694 ἐχετε
490 624 654 694 νόμον
680 624 837 688 Θεοῦ,
856 624 979 690 λαὸς
1008 626 1307 697 Γομόρρας.
1331 626 1395 679 Τί
1420 642 1508 696 μοι
1547 610 1751 695 πλῆθος
1776 622 1885 676 τῶν

298 712 509 785 ,θυσιῶν
535 715 689 787 ὑμῶν
711 715 1124 789 ;λέγειΚύριος,
1149 736 1168 769 ι
1191 717 1283 771 καὶ
1313 715 1383 770 τὰ
1404 718 1529 787 eaq;
1547 733 1559 746 '
1586 711 1665 780 οἷς
1690 715 1883 785 ἐπιφέ-

312 820 413 877 ρειο
435 805 575 864 «Τὰς
592 808 881 878 νεομηνίας
903 807 1074 877 ὑμῶν,
1091 806 1185 861 καὶ
1207 807 1306 870 τὰς
1332 806 1525 878 ἑορτὰς
1555 805 1706 875 ὑμῶν
1737 806 1886 875 μισεῖ

309 897 346 969 ἡ
369 897 514 967 ψυχή
566 914 666 968 μου
688 914 701 928 ο
738 899 1029 971 ἐγενήθητε
1067 917 1155 970 μοι
1187 902 1264 963 είς
1313 898 1628 969 πλησμονὴν
1651 938 1665 962 ,
1700 898 1883 950 οὐκέτι

309 990 494 1060 ἀνήσω
512 988 611 1053 τὰς
635 990 906 1061 ἁμαρτίας
935 990 1106 1061 ὑμῶν.
1128 989 1243 1045 ”Οτ’
1272 990 1337 1043 ἂν
1364 989 1463 1052 τὰς
1492 993 1679 1059 χεῖρας
1707 987 1882 1040 ἐκτεί-

309 1098 437 1152 νητε
469 1082 607 1153 πρὸς
637 1081 728 1151 μὲ,
768 1080 1092 1150 ἀποστρέψω
1131 1080 1255 1143 τοὺς
1300 1077 1610 1148 ὀφθαλμούς
1656 1095 1756 1148 μου
1789 1077 1882 1145 ἀφ’

309 1174 494 1244 ὑμῶν’
520 1175 613 1227 καὶ
648 1174 742 1226 ἐὰν
784 1172 1087 1244 πληθῦνητε
1116 1172 1213 1243 τὴν
1249 1171 1452 1242 δέησιν,
1500 1174 1598 1224 οὐκ
1627 1169 1878 1223 εἰσακού-

313 1285 478 1340 σομαι
505 1267 653 1338 ὑμῶν
672 1285 688 1300 θ
711 1267 766 1319 αἱ
792 1267 900 1338 γὰρ
932 1270 1109 1337 χεῖρες
1138 1265 1288 1337 ὑμῶν
1319 1266 1548 1336 αἵματος
1583 1265 1828 1336 πλήρεις.
1858 1283 1876 1316 ι

310 1361 425 1414 Καὶ
467 1361 568 1431 ὅρα
597 1358 709 1422 πῶς
748 1362 776 1412 6
823 1359 979 1428 λόγος
1023 1359 1192 1411 ταῦτα
1240 1360 1414 1411 πάντα
1458 1358 1881 1427 ἁποτεινάμενος

307 1451 408 1506 οὐκ
431 1451 864 1524 είδωλολατρείαν
888 1451 1118 1505 ἐνταῦθα
1146 1451 1252 1504 οὐδ’
1277 1452 1469 1523 ἑτέραν
1497 1452 1677 1513 αὐτοῖς
1705 1453 1882 1521 ἁμαρ-

306 1544 427 1598 τίαν
460 1544 704 1612 ἐγκαλεῖ,
734 1542 853 1597 οὐδὲ
885 1544 990 1613 μὴν
1032 1544 1277 1614 αἱμάτων
1324 1544 1562 1606 πολλῶν,
1599 1544 1712 1597 ἀλλ’
1764 1543 1880 1606 ἐνὸς

309 1635 587 1707 ἐξαιρέτου
614 1634 757 1697 τινὸς
790 1633 1039 1703 αἵματος,
1072 1632 1228 1702 δῆλον
1275 1632 1317 1684 δ’
1350 1634 1430 1686 ὅτι
1485 1633 1577 1686 τοῦ
1621 1628 1878 1704 Χριστοῦ,

308 1727 410 1799 τὴν
456 1724 696 1796 ἔκχυσιν,
731 1726 857 1797 περὶ
889 1720 950 1778 οῦ
989 1724 1171 1794 σαφῶς
1204 1726 1232 1777 6
1282 1725 1435 1793 λόγος
1470 1726 1561 1778 ’τὸν
1609 1725 1735 1778 λαὸν
1771 1728 1880 1778 ἁπ-

308 1818 517 1888 ελέγχει
560 1817 758 1886 λέγων’
785 1834 802 1866 ‹
835 1816 900 1869 Ai
929 1816 1036 1887 γὰρ
1079 1819 1256 1888 χεῖρες
1282 1817 1435 1887 ὑμῶν
1468 1818 1696 1885 αἵματος
1740 1816 1879 1889 πλη·
1911 1804 1953 1858 Β

308 1924 453 1981 ρεις’
480 1928 498 1959 ι
518 1907 582 1960 δι’
606 1907 672 1979 ἣν
694 1906 870 1960 αἰτίαν
900 1908 1027 1977 ἐξῆς
1049 1909 1354 1977 ἐπιλέγεται
1378 1910 1458 1973 τὸ,
1482 1929 1497 1959 ι
1521 1909 1643 1972 Πῶς
1669 1909 1880 1978 ἐγένετο

309 2002 480 2072 πόρνη
511 2000 664 2063 πόλις
683 2000 844 2071 πιστὴ
865 1999 1000 2052 Σιὼν
1029 2000 1242 2071 πλήρης
1268 2000 1518 2071 κρίσεως,
1548 2002 1605 2053 ἐν
1674 2000 1880 2055 δικαιο-

308 2096 442 2166 σύνη
469 2093 531 2165 (f.
554 2093 642 2161 45)
666 2092 930 2165 ἐκοιμήθη
953 2095 1007 2146 ἐν
1024 2093 1180 2163 αὐτῇ,
1202 2092 1295 2146 νῦν
1321 2093 1376 2147 δὲ
1398 2093 1647 2162 φονευταί
1664 2110 1677 2157 ;
1692 2113 1709 2145 ι
1740 2093 1859 2162 μεθ’

305 2187 343 2240 ἃ
360 2187 537 2240 πάντα
562 2184 826 2238 τελευτῶν
858 2185 885 2236 6
908 2185 1061 2252 λόγος
1096 2182 1253 2248 αὖθις
1277 2186 1376 2255 τὴν
1402 2183 1670 2254 ἀποϐολὴν
1700 2184 1878 2238 αὐτῶν

307 2275 636 2349 προμηνύων
704 2275 896 2347 φησίν·
944 2293 962 2325 ι
1003 2275 1253 2328 Ἔσονται
1296 2274 1404 2344 γὰρ
1452 2274 1528 2338 ὡς
1574 2274 1878 2343 τερέϐινθος

306 2368 709 2441 ἀποϐεϐληκυῖα
731 2369 797 2421 τὰ
823 2367 1016 2437 φύλλα,
1045 2369 1138 2420 καὶ
1168 2367 1243 2430 ὡς
1274 2367 1598 2439 παράδεισος
1628 2367 1770 2438 ῦδωρ
1804 2367 1877 2439 μὴ

306 2464 464 2534 ἔχων.
503 2464 613 2516 Καὶ
651 2461 802 2516 ἔσται
848 2464 881 2533 ἡ
926 2464 1077 2532 ἰσχὺς
1110 2460 1287 2514 αὐτῶν
1334 2461 1554 2531 καλάμη
1598 2461 1875 2528 στυπείου,

305 2560 403 2611 καὶ
434 2557 490 2611 αἱ
511 2557 761 2628 ἐργασίαι
796 2554 973 2610 αὐτῶν
1007 2554 1083 2617 ὼς
1122 2553 1431 2625 σπινθῆρες,
1472 2555 1566 2607 καὶ
1604 2571 1878 2608 κατακαυ-

305 2651 561 2724 θήσονται
592 2652 638 2703 oi
682 2650 867 2719 ἄνομοι
902 2650 995 2701 καὶ
1033 2651 1080 2703 oi
1120 2647 1433 2719 ἁμαρτωλοὶ
1477 2646 1611 2717 ἅμα,
1650 2649 1743 2701 καὶ
1779 2648 1879 2700 οὐκ

305 2742 505 2798 εσταιό
535 2740 763 2794 σϐεσων.
793 2761 810 2792 ι
846 2739 1092 2793 Τοσαῦτα
1115 2740 1208 2792 καὶ
1228 2737 1530 2809 τηλικαῦτα
1556 2741 1673 2792 κατ’
1703 2739 1880 2793 αὐτῶν

306 2834 811 2907 προαποφηναμένη
867 2835 899 2904 ή
946 2833 1285 2904 προφητεία,
1322 2831 1447 2901 ἑξῆς
1490 2832 1736 2903 ἐπιφέρει
1779 2832 1878 2903 τὴν

306 2929 510 3002 ἀρτίως
539 2930 667 2998 ἡμῖν
701 2926 1008 2981 ἐκτεθεῖσαν
1038 2926 1361 2997 περικοπὴν,
1387 2926 1453 2978 δι’
1472 2921 1539 2998 ἦς
1560 2926 1772 2996 εἴρηται
1795 2925 1875 2986 τὸ,

314 3039 334 3072 ι
360 3020 482 3074 Ὅτι
526 3018 676 3071 ἔσται
722 3020 781 3070 ἐν
812 3021 930 3081 ταῖς
973 3017 1229 3087 ἐσχάταις
1268 3015 1502 3087 ἡμέραις
1543 3016 1786 3087 ἐμφανὲς
1818 3014 1878 3069 τὸ

303 3114 430 3186 ὅρος
452 3112 675 3183 Κυρίου.
709 3130 724 3161 ι
748 3110 939 3180 Σαφῶς
966 3110 1101 3182 μετὰ
1123 3112 1220 3181 τὴν
1249 3111 1471 3163 ἐκείνων
1496 3110 1752 3181 ὁλοσχερῆ
1779 3111 1871 3162 καὶ

304 3203 521 3257 τελείαν
545 3200 815 3271 ἀποϐολήν
844 3216 902 3252 τε
939 3200 1033 3251 καὶ
1078 3200 1355 3269 ἐρήμωσιν
1394 3196 1492 3259 τὰς
1524 3198 1621 3267 τῆς
1662 3196 1870 3264 Καινῆς

305 3294 582 3365 Διαθήκης
611 3291 979 3361 ὑποφαίνουσα
1010 3289 1338 3359 οἰκονομίας,
1376 3287 1493 3340 καθ’
1539 3288 1605 3350 ἃς
1638 3288 1877 3358 ἐμφανὲς

303 3390 419 3450 τοῖς
449 3388 617 3439 πᾶσιν
668 3383 842 3437 ἔθνεσι
871 3382 931 3449 τὸ
970 3382 1091 3453 ὅρος
1116 3382 1307 3450 γὲ-γονε
1330 3379 1426 3432 τοῦ
1457 3379 1681 3449 Κυρίου.
1720 3379 1877 3432 Ποῖον

304 3481 361 3533 δὲ
406 3479 551 3550 ὅρος,
589 3477 623 3549 ἢ
657 3479 685 3529 6
720 3478 773 3529 ἐν
816 3476 955 3546 ἀρχῇ
1013 3473 1146 3544 πρὸς
1179 3472 1271 3524 τὸν
1301 3470 1453 3535 Θεὸν,
1495 3472 1625 3535 Θεὸς
1671 3470 1874 3538 Λόγος;

307 3568 470 3631 αὐτὸς
504 3569 532 3620 6
573 3567 764 3635 Σωτὴρ
806 3568 895 3617 καὶ
934 3562 1134 3634 Κύριος
1184 3561 1369 3633 ἡμῶν,
1407 3560 1465 3613 ὃν
1501 3557 1879 3632 προαποδεδιῖμ

310 3676 510 3730 καμεν,
546 3658 672 3728 περὶ
699 3651 758 3710 οῦ
787 3655 880 3709 καὶ
908 3657 963 3706 ἐν
998 3654 1244 3724 Ψαλμοῖς
1284 3652 1519 3723 εἴρηται,
1552 3668 1569 3701 ι
1598 3649 1761 3721 Ὄρος
1782 3648 1876 3702 τοῦ

310 3750 467 3817 Θεοῦ,
491 3750 616 3822 ὅρος
647 3751 794 3802 πῖον’
829 3769 845 3800 ι
880 3748 1074 3809 καὶτὸ,
1106 3764 1124 3795 ‹
1154 3745 1359 3816 Ὀροςό
1392 3744 1721 3814 εὐδόκησενό
1746 3743 1876 3807 Θεὸς

313 3845 585 3896 κατοικεῖν
612 3842 667 3893 ἐν
698 3838 865 3909 αὐτῷ.
910 3857 929 3891 ι
972 3838 1115 3908 Πρὸς
1155 3836 1327 3906 τούτῳ
1356 3836 1413 3890 δὲ
1458 3835 1535 3907 τῷ
1564 3836 1679 3907 δρει
1718 3836 1813 3888 καὶ
1852 3837 1881 3888 6

311 3931 455 3998 οἶκος
488 3934 579 3987 τοῦ
632 3932 765 3987 Θεοῦ
822 3929 1069 4004 ἐμφανὴς
1107 3930 1326 3998 γέγονεν
1349 3945 1362 3958 ·
1403 3925 1551 3992 οἶκος
1596 3929 1638 3982 δ’
1696 3928 1761 3982 ἂν
1794 3927 1879 3997 εἴη

311 4026 445 4081 Θεοῦ
476 4029 509 4097 ἡ
552 4024 866 4096 Ἐκκλησία,
904 4024 938 4094 ἡ
969 4023 1053 4075 ἐπ’
1086 4021 1270 4092 ἄκρων
1296 4021 1405 4075 τῶν
1438 4020 1607 4093 ὀρέων
1644 4020 1872 4073 ἀποστο-

311 4120 477 4174 λικῶν
525 4137 584 4172 τε
633 4118 725 4171 καὶ
767 4114 1119 4189 προφητικῶν
1173 4115 1344 4184 λόγων
1394 4113 1835 4185 ἐπεστηριγμένη
1863 4130 1876 4142 ⁸

313 4209 515 4263 τούτων
557 4208 613 4262 δὲ
659 4206 916 4277 ἐμφανῶν
960 4205 1266 4276 γενομένων
1317 4202 1402 4257 ἐπ’
1444 4203 1575 4258 αὐτὸ
1606 4204 1765 4257 τοῦτο
1817 4204 1879 4257 τὸ

311 4302 456 4374 ὅρος,
488 4300 645 4371 δῆλον
682 4300 726 4352 δ’
756 4301 837 4353 ὅτι
865 4299 953 4351 τὸν
991 4298 1129 4351 θεῖον
1177 4298 1349 4366 Λόγον
1393 4297 1454 4350 οὐ
1491 4296 1825 4369 κεκτημένος
1854 4299 1881 4349 6

324 4390 559 4462 Ἰσραὴλ,
594 4390 700 4443 οὐδ’
732 4392 759 4443 6
797 4388 1062 4459 πολλαχοῦ
1108 4388 1428 4459 δηλούμενος
1460 4383 1607 4451 οἶκος
1652 4386 1843 4439 Ἰακὼϐ
1864 4426 1877 4449 ,

1983 535 2194 583 vestras
2232 543 2342 582 non
2380 526 2575 592 feram,
2624 528 2798 599 iniqui
2846 538 2974 584 sunt
3005 540 3181 587 cmtus
3224 531 3433 587 vestri:
3463 546 3556 587 so-

1983 621 2291 676 lemnitates
2329 624 2541 676 vestras
2590 621 2765 677 odivit
2807 624 2988 676 anima
3037 638 3159 678 mea
3188 641 3200 676 :
3228 621 3374 677 facta
3426 632 3557 678 sunt

1983 711 2114 767 mihi
2144 713 2393 775 molesm,
2423 711 2663 767 laboravi
2694 712 2996 769 sustinens.
3034 700 3100 767 Et
3130 729 3254 770 cum
3302 715 3559 771 extende-

1984 802 2105 859 ritis
2131 820 2324 859 manus
2356 813 2592 869 vestras,
2630 814 2872 861 avertam
2900 806 3089 861 oculos
3119 822 3271 863 meos
3300 822 3331 860 a
3363 808 3556 863 vobis:

1982 902 2037 949 et
2065 910 2189 950 cum
2214 897 2711 967 multiplicaveritis
2734 898 3058 964 orationem,
3096 914 3204 953 non
3225 900 3513 953 exaudiam
3543 918 3557 953 :

1984 1000 2179 1042 manus
2217 986 2362 1041 enim
2392 996 2588 1042 vestra:
2635 988 2901 1057 sanguine
2930 989 3102 1060 plena:
3128 997 3257 1043 sunt
3281 991 3320 1043 ί.
3353 1008 3371 1043 ι
3426 990 3559 1044 Ani—

1984 1079 2258 1135 madverte
2290 1080 2564 1151 quomodo
2606 1081 2907 1152 Scriptura,
2953 1082 3038 1138 his
3072 1083 3329 1137 omnibus
3358 1098 3559 1153 exproo

1983 1170 2149 1234 batis,
2186 1187 2360 1241 neque
2394 1173 2760 1227 idololatriam
2792 1173 2901 1235 hic.
2946 1189 3125 1245 neque
3152 1175 3315 1229 aliam
3345 1176 3426 1231 eis
3458 1175 3558 1229 ini-

1984 1264 2243 1333 quitatem
2276 1265 2486 1335 objicit,
2531 1282 2708 1336 neque
2740 1267 3067 1337 sanguinum
3110 1270 3426 1334 multorum,
3460 1269 3555 1326 sed

1985 1358 2148 1411 unius
2177 1358 2461 1428 cujusdam
2490 1362 2870 1428 przecellentis,
2919 1361 3124 1416 Christi
3163 1363 3393 1425 scilicet,
3423 1363 3557 1417 etfu-

1983 1449 2190 1504 sionem
2227 1450 2295 1502 ob
2327 1465 2487 1518 quem
2542 1449 2825 1518 Scriptura
2874 1456 3132 1519 expresse
3175 1452 3433 1521 populum
3475 1453 3557 1507 in-

1983 1551 2169 1611 crepat
2222 1542 2412 1597 dicens
2457 1560 2469 1596 :
2512 1560 2529 1592 ‹
2562 1541 2755 1597 Manus
2818 1552 3013 1597 vestra:
3064 1542 3328 1613 sanguine
3386 1545 3558 1613 plenae

1984 1633 2151 1687 sunt?
2188 1652 2205 1683 ι
2242 1632 2584 1703 Quapropter
2610 1632 2872 1687 continuo
2925 1633 3113 1701 adjicit
3156 1654 3168 1688 :
3227 1652 3245 1684 ι
3276 1633 3557 1700 Quomodo

1985 1723 2126 1778 facta
2158 1734 2242 1779 est
2275 1726 2529 1779 meretrix
2562 1712 2765 1779 civitas
2794 1725 2988 1787 ﬁdelis,
3023 1725 3180 1795 plena
3206 1725 3436 1793 iudicii?
3460 1723 3558 1780 Ju-

1981 1816 2128 1870 stitia
2164 1815 2429 1869 habitavit
2458 1816 2510 1868 in
2534 1830 2619 1873 ea,
2648 1829 2794 1868 nunc
2824 1822 3002 1869 autem
3034 1815 3393 1870 homicidae’?
3422 1836 3439 1868 ι
3482 1818 3557 1871 Ac

1982 1915 2169 1978 postea
2217 1922 2437 1960 rursum
2486 1920 2675 1960 eorum
2728 1904 3169 1975 reprobationem
3210 1920 3388 1961 sermo
3439 1921 3559 1975 pro-

1982 1999 2287 2070 phetizans,
2320 1998 2407 2051 his
2451 1996 2633 2051 verbis
2677 1995 2879 2052 desinit
2910 2016 2922 2050 :
2953 2016 2969 2047 ‹
3005 1997 3176 2051 Erunt
3206 1997 3362 2067 quasi
3403 2013 3560 2068 quer-

1981 2107 2079 2147 cus
2130 2089 2498 2145 deﬂuentibus
2548 2089 2729 2153 foliis,
2786 2097 2843 2144 et
2906 2090 3052 2144 velut
3111 2090 3302 2145 hortus
3356 2091 3559 2161 absque

1982 2196 2145 2252 aqua.
2180 2180 2244 2235 Et
2274 2182 2380 2235 erit
2414 2179 2679 2235 fortitudo
2703 2189 2909 2243 vestra,
2946 2188 3003 2234 ut
3038 2179 3221 2234 favilla
3254 2190 3482 2251 stuppae,
3506 2190 3559 2235 et

1980 2288 2119 2345 opus
2145 2282 2387 2329 vestrum
2411 2272 2570 2343 quasi
2593 2272 2833 2327 scintilla
2856 2270 2939 2327 :et
2958 2271 3323 2327 succendetur
3346 2279 3558 2327 utrum-

1982 2379 2087 2433 que
2132 2362 2316 2428 simul,
2353 2370 2407 2418 et
2456 2378 2564 2416 non
2613 2362 2717 2417 erit
2760 2362 2854 2432 qui
2884 2363 3197 2433 exstinguat
3223 2361 3265 2415 ³.
3296 2381 3315 2413 ι
3352 2356 3477 2417 Haec
3504 2374 3559 2418 et

1982 2455 2176 2510 similia
2200 2456 2254 2509 in
2288 2455 2382 2510 eos
2409 2454 2783 2525 prainuntians
2807 2453 3110 2525 prophetia,
3137 2453 3397 2508 continuo
3422 2453 3556 2508 sub-

1975 2548 2098 2619 jicit
2151 2563 2215 2602 ea
2254 2562 2373 2617 quae
2431 2547 2543 2616 jam
2608 2547 2760 2616 prius
2818 2547 3124 2608 retulimus,
3166 2545 3398 2610 scilicet,
3436 2565 3453 2596 ι
3494 2545 3559 2599 Et

1978 2640 2081 2693 erit
2128 2639 2183 2692 in
2244 2638 2558 2693 novissimis
2597 2637 2788 2693 diebus
2844 2634 3167 2691 manifestus
3230 2651 3386 2690 mons
3455 2635 3558 2690 1)οι

1983 2731 2116 2786 mini
2142 2731 2184 2787 ⁸.
2221 2752 2237 2782 ι
2275 2730 2478 2801 Aperte
2514 2738 2635 2799 post
2682 2730 2915 2785 istorum
2961 2728 3177 2799 plenam
3228 2728 3557 2798 perfectam-

1982 2837 2085 2891 que
2117 2822 2559 2892 reprobationem
2588 2827 2641 2875 et
2674 2821 2909 2886 ruinam,
2937 2819 3071 2874 Novi
3102 2819 3438 2876 Testamenti
3473 2822 3559 2875 in-

1982 2913 2320 2968 stitutionem
2361 2903 2619 2975 os'temlit,
2653 2926 2760 2981 qua
2792 2912 3114 2966 manifestus
3144 2912 3399 2968 omnibus
3428 2928 3559 2984 gen-

1981 3004 2127 3058 tibus
2178 3018 2336 3057 mons
2375 3002 2552 3058 factus
2582 3011 2664 3058 est
2704 3002 2940 3058 Domini.
2981 3002 3170 3069 Qualis
3199 3019 3330 3061 vero
3377 3020 3555 3069 mons.

1981 3094 2086 3149 nisi
2122 3094 2216 3164 qui
2265 3094 2321 3147 in
2366 3094 2635 3164 principio
2680 3094 2821 3163 apud
2865 3092 3057 3157 Deum,
3103 3093 3243 3148 Deus
3273 3092 3558 3150 Verbum?

1980 3184 2097 3254 ipse
2142 3184 2286 3238 enim
2327 3182 2575 3238 Salvator
2598 3191 2651 3237 et
2683 3182 2946 3239 Dominus
2987 3191 3194 3250 noster,
3218 3198 3377 3253 quem
3407 3185 3559 3254 prius

1978 3277 2539 3347 ostendimus,dequo
2556 3284 2608 3331 et
2631 3277 2684 3331 in
2717 3275 2946 3333 Psalmis
2964 3277 3181 3343 dicitur,
3207 3294 3225 3329 ι
3257 3276 3410 3333 Mons
3438 3277 3555 3343 Dei,

1979 3386 2137 3426 mons
2171 3368 2384 3439 pinguis
2409 3387 2453 3434 ;)
2476 3377 2549 3431 et,
2576 3385 2592 3416 ι
2628 3366 2782 3423 Mons
2813 3368 2867 3422 in
2905 3384 3013 3438 quo
3056 3369 3446 3439 beneplacitum
3478 3380 3560 3428 est

1981 3464 2089 3517 Deo
2134 3462 2383 3515 habitare
2438 3460 2492 3513 in
2545 3460 2677 3513 eo”.
2714 3477 2732 3509 ι
2775 3457 2976 3514 Praeter
3016 3461 3161 3515 hunc
3214 3469 3455 3517 montem
3505 3472 3560 3517 et

1978 3556 2173 3612 domus
2233 3552 2445 3608 Domini
2488 3548 2778 3605 manifesta
2840 3550 2982 3604 facta
3024 3560 3126 3607 est.
3183 3552 3383 3609 Domus
3434 3569 3562 3610 vero

1982 3659 2127 3707 esset
2157 3649 2249 3705 Dei
2288 3647 2554 3709 Ecclesia,
2588 3658 2709 3715 quae
2740 3647 2794 3701 in
2820 3647 3019 3700 vertice
3047 3647 3316 3700 montium
3346 3655 3560 3718 aposto-

1982 3743 2212 3797 licorum
2260 3750 2312 3795 et
2360 3739 2806 3810 propheticorum
2855 3738 3143 3791 verborum
3190 3739 3397 3793 elevata
3450 3747 3555 3795 est.

1981 3834 2193 3901 Quibus
2225 3848 2354 3887 vero
2402 3830 2768 3887 manifestatis
2808 3846 2971 3901 super
3000 3831 3146 3885 hunc
3178 3831 3359 3901 ipsum
3396 3847 3557 3886 mon-

1981 3936 2110 3989 tem,
2149 3935 2394 3996 apertum
2432 3933 2515 3979 est
2561 3923 2707 3994 quod
2741 3923 2985 3978 divinum
3018 3922 3245 3978 verbum
3272 3937 3384 3977 non
3421 3937 3556 3977 con-

1982 4028 2203 4074 secutus
2251 4025 2337 4073 est
2377 4018 2571 4081 Israel,
2626 4032 2804 4087 neque
2849 4015 3037 4071 multis
3094 4016 3230 4071 locis
3273 4016 3556 4086 designata

1980 4112 2177 4165 domus
2219 4107 2412 4174 Iacob,
2463 4108 2559 4165 sed
2616 4109 2673 4164 in
2734 4109 3050 4163 universum
3097 4123 3288 4164 omnes
3343 4118 3555 4181 gentes.

1980 4203 2209 4259 Constat
2265 4202 2410 4258 enim
2464 4217 2572 4272 quo
2625 4202 2787 4256 modo
2841 4216 3018 4271 quave
3074 4202 3286 4257 ratione
3328 4203 3605 4275 expletis’

1985 4296 2287 4351 Salvatoris
2337 4295 2512 4351 nostri
2564 4294 3005 4350 manil‘estatione
3053 4295 3431 4366 praenuntiatis
3474 4311 3562 4349 re-

1983 4391 2083 4445 bus
2113 4388 2531 4458 manifestisque
2554 4385 2739 4451 factis,
2767 4402 2922 4442 mons
2952 4396 3009 4443 et
3035 4388 3229 4442 domus
3258 4403 3379 4459 qua:
3400 4388 3563 4442 modo

312 4481 425 4537 ἀλλ’
447 4480 779 4545 ἁπαξαπλῶς
819 4481 995 4535 πάντα
1023 4479 1091 4534 τὰ
1133 4481 1294 4553 ἔθνηο
1330 4480 1425 4533 καὶ
1453 4478 1517 4551 δὴ
1560 4479 1729 4548 σαφὲς
1764 4477 1880 4541 πῶς

1985 4482 2331 4553 interpretati
2371 4496 2562 4536 sumus
2589 4520 2604 4545 ,
2649 4495 2753 4534 nos
2790 4497 2821 4535 e
2870 4480 3128 4550 gentibus
3176 4497 3270 4552 per
3314 4480 3475 4537 ﬁdem
3507 4481 3562 4537 in

310 4576 405 4630 καὶ
440 4574 561 4627 τίνα
588 4574 820 4645 τρόπον,
877 4573 1343 4627 ἀποτελεσθέντων
1370 4571 1459 4626 διὰ
1495 4571 1595 4642 τῆς
1640 4570 1731 4624 τοῦ
1765 4572 1879 4623 Σω-

309 4668 478 4741 τῆρος
503 4670 535 4738 ἡ
546 4666 659 4738 μῶν
685 4666 1005 4735 ἐπιφανείας
1028 4665 1135 4719 τῶν
1164 4665 1595 4737 προειρημένων,
1622 4663 1878 4736 ἐμφανῶν

309 4777 370 4816 τε
414 4759 719 4831 γενομένων
752 4759 841 4811 τοῦ
892 4776 951 4811 τε
1007 4759 1397 4829 ἀποδεδομένον
1446 4758 1605 4830 ὅρους
1651 4760 1741 4811 καὶ
1787 4757 1881 4812 τοῦ

306 4850 675 4923 δεδηλωμένου
724 4850 870 4905 οἴκου
898 4892 913 4917 ,
949 4853 1107 4922 ἡμεῖς
1143 4854 1191 4905 οἰ
1234 4852 1293 4918 ἐξ
1332 4850 1501 4905 ἐθνῶν
1534 4850 1622 4905 διὰ
1660 4851 1757 4921 τῆς
1803 4852 1883 4914 εἰς

305 4948 542 5019 Χριστὸν
575 4948 666 5001 τὸν
696 4947 822 5000 Υἱὸν
869 4945 961 5000 τοῦ
996 4944 1131 4999 Θεοῦ
1164 4946 1398 5011 πίστεως
1426 4944 1885 5019 προσεληλυθότες

304 5037 385 5109 τῷ
417 5036 526 5090 τῶν
559 5037 692 5091 ὅλων
740 5037 877 5107 Θεῷ,
915 5038 1081 5093 πάλαι
1127 5038 1225 5109 μὲν
1264 5038 1581 5107 ἀγνοοῦντες
1624 5040 1693 5092 τὰ.
1732 5037 1881 5109 τηλιυ

308 5122 506 5193 καῦτα,
528 5130 645 5182 νυνὶ
674 5130 730 5183 δὲ
768 5130 857 5184 διὰ
886 5131 983 5203 τὴν
1009 5131 1158 5187 θείαν
1190 5132 1347 5204 χάριν
1376 5132 1686 5199 ἐπιγνόντες
1721 5130 1881 5194 αὐτὰ,

307 5221 790 5294 προσεληλύθαμεν
832 5222 966 5277 Σιὼν
1009 5224 1122 5297 δρει
1165 5224 1259 5278 καὶ
1296 5224 1447 5278 πόλει
1476 5224 1609 5277 Θεοῦ
1661 5223 1880 5288 ζῶντος,

320 5313 676 5385 Ἰερουσαλὴμ
695 5314 1018 5385 ἐπουρανίῳ·
1040 5316 1134 5368 καὶ
1151 5315 1245 5369 ἆτε
1269 5314 1645 5379 παιδευθέντες
1667 5315 1772 5368 ὑπὸ
1786 5313 1881 5368 τοῦ

312 5401 689 5473 ἐξεληλυθότος
720 5405 753 5475 ἢ
783 5406 877 5458 καὶ
904 5405 1338 5477 καταϐεϐηκότος
1360 5408 1421 5459 ἐκ
1444 5407 1541 5476 τῆς
1564 5407 1885 5478 ἐπουρανίου

324 5495 676 5569 Ἰερουσαλὴμ
701 5499 872 5567 Λόγου
895 5498 1049 5563 Θεοῦ,
1076 5500 1149 5564 ὡς
1171 5501 1321 5553 «Ὅτι
1353 5503 1384 5571 ή
1410 5501 1521 5554 ἄνω
1537 5500 1888 5572 Ἰερουσαλὴμ

314 5588 573 5662 ἐλευθέρα
608 5592 774 5653 ἐστὶν,
801 5593 920 5659 ἥτις
967 5594 1084 5646 ἐστὶ
1116 5594 1298 5664 μήτηρ
1320 5593 1475 5663 ἡμῶν
1496 5611 1507 5621 ⁸
1538 5612 1552 5644 ι
1581 5594 1673 5644 ἐπὶ
1699 5592 1886 5646 τοῦτον

389 5794 404 5823 ⁸
434 5792 536 5847 lsa.
576 5807 613 5860 i,
643 5793 790 5849 8-!5.

872 5795 890 5823 ²
933 5794 1058 5848 ibid.
1097 5792 1176 5847 2i.
1257 5793 1425 5847 ’ibid.
1461 5793 1548 5846 30.

1984 4576 2260 4631 Christum
2310 4573 2399 4629 Dei
2448 4572 2649 4628 Filium
2698 4573 2766 4627 ad
2801 4574 3048 4629 omnium
3087 4574 3253 4630 Deum
3289 4576 3561 4646 perducti,

1989 4672 2182 4727 horum
2207 4670 2426 4741 quidem
2452 4669 2728 4739 quondam
2749 4668 2931 4735 inscii,
2968 4682 3113 4723 nunc
3137 4681 3266 4722 vero
3293 4682 3390 4737 per
3421 4665 3563 4720 divi-

1990 4782 2113 4822 nam
2146 4764 2373 4837 gratiam
2412 4762 2594 4833 periti,
2630 4762 2697 4817 ad
2750 4760 2883 4816 Sion
2924 4765 3163 4813 montem
3201 4765 3254 4811 et
3285 4755 3563 4809 civitatem

1990 4850 2082 4915 Dei
2128 4856 2377 4920 viventis,
2413 4854 2828 4925 Jerusalemque
2869 4853 3144 4908 cmlestem
3197 4848 3561 4918 pervenimus.

1992 4940 2057 5003 Et
2084 4949 2232 5004 velut
2256 4946 2433 5003 edocti
2471 4947 2540 5001 ab
2573 4946 2667 5001 illo
2700 4948 2794 5017 qui
2832 4959 3087 5016 egressus
3114 4953 3199 4998 est
3224 4942 3306 4997 vel
3332 4940 3563 4997 descen-

1992 5042 2070 5097 dit
2093 5041 2160 5097 de
2182 5040 2392 5096 cmlesti
2416 5038 2742 5103 Jerusalem,
2769 5037 2950 5093 Verbo
2979 5035 3108 5099 Da-o,
3140 5035 3393 5091 novimus
3420 5035 3565 5105 quod

1998 5152 2014 5184 ι
2043 5133 2133 5187 illa
2179 5148 2299 5202 qua:
2330 5148 2549 5188 sursum
2599 5140 2684 5188 est
2724 5130 3046 5193 Jerusalem,
3088 5129 3257 5185 libera
3302 5136 3410 5192 est,
3448 5143 3568 5199 qua:

1991 5235 2074 5280 est
2122 5232 2295 5280 mater
2340 5235 2530 5281 nostra
2553 5226 2593 5279 ⁸.
2628 5245 2645 5278 ι
2698 5225 2779 5280 Ad
2822 5225 2965 5279 hanc
3015 5225 3293 5281 caelestem
3335 5223 3427 5279 Dei
3469 5223 3566 5279 do-

1992 5334 2159 5379 mum,
2194 5316 2261 5372 ad
2296 5316 2453 5384 Sion,
2497 5319 2775 5374 caelestem
2809 5325 3047 5374 montem
3080 5315 3317 5377 Domini,
3354 5330 3455 5371 nos
3486 5315 3566 5370 in-

1991 5409 2163 5463 vicem
2207 5410 2502 5465 invitantcs
2536 5409 2996 5480 adhortantesque
3044 5408 3311 5464 doctrinis
3340 5417 3393 5464 et
3426 5409 3565 5463 inci-

1990 5501 2309 5569 tationibus,
2347 5503 2662 5558 dictitamus
2691 5522 2703 5559 :
2744 5521 2762 5553 ι
2798 5501 2989 5558 Venite
3026 5510 3081 5557 et
3112 5503 3472 5559 ascendamus
3499 5501 3566 5554 ad

1990 5603 2226 5649 montem
2259 5594 2496 5660 Domini,
2541 5604 2595 5651 et
2634 5597 2703 5651 ad
2754 5596 2974 5652 domum
3019 5594 3115 5651 Dei
3142 5593 3352 5650 Jacob:
3384 5602 3438 5651 et
3469 5591 3569 5646 (ιυ-

1660 5796 1676 5823 ‘
1705 5792 1805 5849 lsa.
1837 5809 1893 5861 ιι,
1924 5794 1974 5848 l.
2020 5796 2079 5872 -ε
2106 5794 2252 5854 P‘sal.
2282 5811 2449 5869 vau,
2480 5795 2679 5867 15,16.
2754 5797 2776 5830 ⁸
2799 5796 2916 5853 Gal.
2951 5797 3141 5865 tv,26.
