4008 6208
406 281 545 337 H99

1144 281 1409 337 EUSEBII
1449 282 1937 342 CJESARIENSIS.
1968 287 2119 347 OPP.
2162 291 2344 347 PARS
2380 291 2466 349 111.
2507 325 2576 335 -
2613 293 3018 353 EXEGETICA.

3499 302 3630 357 ιξοο

403 399 547 455 cebit
591 413 689 453 nos
738 399 850 452 vias
896 413 1044 462 suas,
1105 407 1159 454 et
1211 401 1608 460 ambulabimus
1659 407 1712 460 in
1757 411 1930 463 semiti

2065 415 2154 466 τὸν
2187 415 2505 487 ἐπουράνιον
2533 412 2680 472 οἷκον
2705 417 2798 472 τοῦ
2829 419 2983 482 Θεοῦ,
3020 420 3112 473 καὶ
3135 420 3227 474 ἐπὶ
3265 421 3329 473 τὸ
3349 419 3510 482 Σιὼν,
3545 427 3634 475 καὶ

401 492 522 558 ejus
547 493 584 545 ι.
617 511 634 542 ι
668 490 877 557 Quibus
921 507 1050 547 vero
1080 494 1330 564 expletis,
1363 505 1416 551 et
1459 496 1551 552 Dei
1586 500 1756 568 gratia
1808 501 1964 557 nobis

400 586 655 639 omnibus
704 582 1090 646 manifestatis,
1131 586 1236 641 alia
1265 602 1483 659 quoque
1522 592 1805 662 prnpbetia
1845 595 1963 648 exi-

401 689 512 730 tum
558 675 762 740 habuit,
805 691 910 746 qua
947 677 1121 747 ipsum
1166 679 1402 737 salutare
1444 681 1682 738 Verbum
1733 687 1961 741 manife—

399 769 538 822 stius
569 768 658 822 illa
683 783 805 838 qua:
830 785 973 822 nunc
1003 770 1162 824 nobis
1189 771 1511 826 elucidanda
1543 783 1625 830 est
1656 776 1960 845 prophetia,

397 866 630 914 testatur
678 859 866 914 dicens
900 879 912 914 :
945 859 1318 918 «Manifestus
1368 865 1546 920 factus
1599 883 1719 922 sum
1766 869 1834 924 iis
1869 870 1963 940 qui

397 961 522 1008 ante
553 967 661 1007 non
694 954 1142 1023 interrogabant;
1175 955 1499 1012 invenerunt
1544 962 1637 1030 qui
1681 977 1787 1016 non
1818 978 1965 1032 quae-

396 1046 606 1104 sierunt
638 1062 724 1099 me
751 1065 764 1109 ;
791 1045 901 1100 dixi
939 1067 950 1101 :
981 1046 1120 1102 Ecce
1171 1065 1292 1119 ego,
1331 1067 1459 1107 ecce
1495 1069 1595 1123 ego
1629 1055 1694 1109 ad
1721 1063 1957 1126 gentem,

392 1156 514 1210 quae
533 1155 640 1194 non
667 1139 951 1194 invocabat
976 1155 1174 1195 nomen
1205 1145 1438 1199 meum'.
1465 1163 1482 1195 ι
1519 1143 1576 1199 Si
1607 1148 1730 1216 quis
1759 1158 1959 1204 nostra:

391 1225 497 1286 non
527 1231 834 1286 consentiat
874 1233 1330 1303 interpretationi,
1363 1253 1524 1306 quem
1565 1241 1731 1294 alium
1761 1241 1828 1293 de
1855 1241 1958 1296 hoc

391 1332 574 1379 monte
607 1325 690 1378 vel
725 1323 887 1379 domo
931 1323 1023 1379 Dei
1067 1339 1289 1382 sensum
1336 1330 1597 1386 exhibere
1646 1334 1820 1401 possit
1867 1350 1955 1389 nc-

391 1416 526 1482 scio,
561 1415 630 1472 de
657 1417 858 1487 quibus
893 1418 1197 1488 prophetia,
1239 1421 1481 1476 nondum
1512 1439 1658 1478 nunc
1695 1441 1956 1495 corpora.

391 1509 514 1562 liter
559 1509 941 1574 manifestatis,
981 1527 1102 1581 qua:
1147 1512 1299 1582 prius
1341 1516 1509 1569 relata
1558 1525 1686 1570 sunt
1726 1518 1950 1572 indicat.

389 1599 628 1656 Possunt
655 1601 768 1657 haec
806 1617 1025 1674 quoque
1047 1605 1206 1660 aliter
1231 1607 1526 1661 secundam
1549 1607 1752 1664 Christi
1781 1611 1955 1663 mani-

390 1692 732 1754 fcstationem
788 1696 1116 1766 signiﬁcare,
1175 1705 1306 1754 tunc
1352 1700 1535 1770 potius
1592 1718 1755 1772 quam
1807 1717 1952 1756 nunc

2067 508 2198 560 αὐτὸ
2227 509 2546 580 ἐπουράνιον
2579 509 2705 582 ὅρος
2738 511 2959 582 Κυρίου,
2991 513 3349 583 διεγείροντες
3377 513 3636 584 ἀλλήλους

2066 598 2159 650 καὶ
2181 598 2640 662 κατασπεύδοντες
2666 599 2754 652 διὰ
2781 599 2879 670 τῆς
2909 599 3256 664 διδασκαλίας
3282 602 3378 654 καὶ
3401 620 3630 674 προτρο-

2066 689 2171 758 πῆς
2196 706 2404 760 φαμεν·
2441 709 2458 740 ι
2494 689 2676 753 Δεῦτε,
2713 691 2807 743 καὶ
2855 691 3142 762 ἀναόῶμεν
3169 696 3248 756 εἰς
3279 692 3344 745 τὸ
3377 694 3504 764 ὅρος
3527 696 3634 747 Κυο

2065 781 2201 850 ρίου,
2219 782 2314 833 καὶ
2332 783 2410 845 εἰς
2424 783 2516 834 τὸν
2536 777 2682 835 οἶκον
2697 781 2789 834 τοῦ
2812 781 2944 834 Θεοῦ
2981 783 3173 834 Ἰακώϐ
3193 799 3207 813 ·
3228 785 3324 837 καὶ
3347 786 3636 852 ἀναγγελεῐ

2062 874 2192 942 ἡμῖν
2229 874 2326 944 τὴν
2371 873 2489 926 ὁδὸν
2523 873 2708 938 αὑτοῦ,
2755 874 2846 926 καὶ
2891 875 3269 945 πορευσόμεθα
3317 877 3378 928 ἐν
3414 877 3581 946 αὐτῇ.
3611 897 3628 928 ι

2062 963 2279 1017 Τούτων
2318 963 2362 1016 δ’
2387 965 2850 1018 ἀποτελεσθέντων
2873 1005 2887 1026 ,
2925 968 3018 1019 καὶ
3063 966 3199 1020 Θεοῦ
3239 968 3422 1039 χάριτι
3466 971 3635 1022 πᾶσιν

2059 1058 2190 1127 ἡμῖν
2235 1056 2490 1126 ἐμφανῶν
2528 1057 2852 1126 γενομένων,
2875 1058 2968 1109 καὶ
3019 1057 3152 1130 ἄλλη
3195 1075 3277 1121 τις
3323 1060 3634 1130 προφητεία

2061 1150 2232 1220 πέρας
2264 1148 2472 1219 εἴληφε,
2500 1149 2566 1201 δι’
2609 1144 2677 1219 ἦς
2707 1147 2867 1211 αὐτὸς
2891 1151 2920 1202 ὁ
2959 1150 3222 1220 σωτήριος
3245 1150 3416 1218 Λόγος
3456 1151 3627 1221 σαφε-

2061 1256 2246 1309 στερον
2287 1239 2650 1311 ἐπιμαρτυρεῖ
2693 1242 2758 1310 τῇ
2815 1239 2951 1310 μετὰ
2994 1244 3183 1312 χεῖρας
3226 1245 3502 1312 περικοπῇ
3533 1243 3630 1313 τῆς

2055 1331 2147 1385 τοῦ
2177 1332 2396 1386 Ἡσαΐου
2427 1333 2776 1404 προφητείας,
2793 1331 2966 1400 λέγων
2983 1349 2996 1362 ⁸
3023 1351 3042 1382 ι
3063 1333 3341 1403 Ἐμφανὴς
3364 1334 3627 1406 ἐγενήθην

2055 1428 2166 1488 τοῖς
2187 1425 2285 1496 ἐμὲ
2318 1424 2391 1496 μὴ
2433 1424 2810 1496 ἐπερωτῶσιν·
2859 1424 3087 1497 εὑρέθην
3127 1428 3240 1488 τοῖς
3277 1409 3377 1496 sp}
3415 1428 3488 1498 μὴ
3521 1426 3620 1498 ζη-

2053 1516 2270 1570 τοῦσιν·
2319 1511 2469 1579 εἶπα,
2507 1515 2635 1570 Ἰδοὺ
2678 1515 2787 1584 ἐγώ
2828 1518 2942 1586 είμι
2984 1514 3159 1582 ἔθνει,
3196 1517 3247 1569 οἳ
3290 1518 3384 1570 οὐκ
3414 1517 3612 1573 ἐτακέ-

2053 1607 2214 1662 λεσαν
2234 1608 2294 1662 τὸ
2317 1607 2486 1678 ὄνομά
2519 1625 2638 1678 μου.
2667 1627 2686 1658 ι
2715 1607 2776 1660 El
2796 1607 2852 1660 δὲ
2878 1607 2951 1678 μὴ
2979 1605 3151 1670 οὕτως
3189 1609 3407 1664 ἐκλάὸοι
3436 1627 3516 1673 τις
3547 1610 3617 1663 τὰ

2053 1699 2193 1753 κατά
2215 1699 2341 1762 τοὺς
2365 1700 2581 1763 τόπους,
2612 1700 2764 1750 ποῖον
2797 1697 2862 1751 ἂν
2888 1699 3010 1769 ὅρος
3048 1697 3081 1770 ἢ
3123 1701 3274 1753 ποῖον
3313 1699 3447 1752 Θεοῦ
3475 1696 3624 1753 οἷκον

384 1784 680 1854 perfectum
719 1789 958 1846 oraculis
983 1790 1188 1844 exitum
1224 1791 1512 1850 habituris.
1550 1793 1703 1850 Scire
1735 1811 1933 1865 quoque

2051 1791 2220 1855 ἄλλως
2253 1790 2364 1860 ἔχοι
2407 1789 2472 1844 ἂν
2502 1788 2784 1854 ἐπιδεῖξαι,
2826 1791 2955 1863 περὶ
2991 1783 3064 1842 ῶν
3109 1791 3141 1861 ἡ
3173 1789 3516 1861 προφητεία,
3548 1791 3624 1856 ὡς

383 1893 560 1948 operae
595 1881 825 1950 pretium
853 1889 936 1936 est
975 1881 1096 1936 ‘haac
1126 1882 1236 1938 fere
1265 1883 1330 1937 ad
1363 1885 1599 1940 litteram
1631 1885 1684 1940 in
1717 1885 1950 1941 Michazze

384 1971 665 2041 prapbetia
691 1973 941 2028 inveniri.

2058 1882 2131 1952 μὴ
2183 1880 2304 1934 τότε
2342 1880 2511 1932 ὄντων
2546 1877 2871 1950 σωματικῶς
2916 1878 3174 1950 ἐμφανῶν
3195 1920 3210 1944 ,
3252 1881 3326 1933 τὰ
3360 1897 3622 1953 προεκτι-

2053 1974 2212 2027 θέντα
2246 1972 2515 2043 σημαίνει.
2552 1971 2782 2025 Δύναται
2813 1971 2871 2024 δὲ
2897 1970 3066 2025 ταῦτα
3093 1972 3184 2025 καὶ
3213 1971 3386 2036 ἄλλως
3418 1974 3500 2037 εἰς
3521 1973 3625 2045 τὴν

381 2065 636 2138 δευτέραν
668 2067 762 2120 τοῦ
784 2067 1016 2139 Χριστοῦ
1049 2069 1346 2140 παρουσίαν
1376 2070 1438 2141 (f.
1459 2071 1528 2125 ιδ
1551 2071 1627 2139 νο)
1660 2068 2039 2144 ἁρμόττεσθαι,
2073 2067 2148 2130 ὡς
2174 2065 2294 2119 τότε
2331 2063 2527 2135 μᾶλλον
2553 2063 2585 2134 ἢ
2618 2062 2711 2116 νῦν
2738 2062 3242 2135 πληρωθησομένων
3267 2064 3490 2129 τελείως
3509 2065 3622 2118 τῶν

382 2147 928 2234 πρόπεφητευμενων.
961 2164 1149 2216 Ἰστέον
1177 2164 1252 2228 δὲ,
1277 2165 1350 2229 ὡς
1381 2166 1446 2220 τὰ
1477 2167 1613 2222 αύτά
1643 2168 1783 2221 κατὰ
1809 2166 1950 2231 λέξιν
1983 2163 2165 2233 σχεδὸν
2195 2160 2489 2232 ἐμφέρεται
2526 2160 2620 2212 καὶ
2643 2160 2700 2210 ἐν
2733 2160 2800 2228 τῇ
2825 2157 2920 2210 τοῦ
2942 2158 3170 2227 Μιχαίου
3202 2159 3528 2229 προφητείᾳ.

993 2275 1222 2332 CAPUT
1264 2279 1330 2333 ιι.

1002 2368 1085 2423 Ex
1115 2371 1312 2426 eodem.

459 2479 478 2512 ι
505 2459 645 2516 Ecce
668 2460 811 2515 enim
841 2461 1151 2516 dominator
1191 2461 1450 2520 Dominus
1472 2465 1805 2520 exercituum
1844 2481 1943 2520 au-

379 2554 516 2608 feret
571 2569 600 2607 a
648 2552 952 2609 Jerusalem
994 2565 1047 2609 et
1096 2570 1124 2608 a
1156 2553 1295 2610 Juda
1345 2556 1583 2611 validum
1629 2566 1683 2614 et
1724 2557 1940 2621 fortem,

375 2661 536 2703 omne
574 2647 742 2702 robur
777 2646 934 2716 panis
982 2657 1035 2700 et
1081 2661 1243 2701 omne
1287 2647 1454 2702 robur
1493 2662 1686 2717 aquae:
1723 2647 1936 2710 fortem,

374 2747 429 2794 et
455 2740 632 2794 virum
666 2738 1001 2800 bellatorem.
1029 2738 1292 2808 judicem,
1323 2747 1376 2793 et
1403 2739 1815 2808 prophetam,ct
1839 2739 1939 2792 ha-

255 2851 262 2862 ’
375 2834 592 2896 riolum,
625 2841 678 2886 et
723 2847 944 2887 senem:
978 2833 1277 2903 principem
1327 2848 1494 2902 super
1522 2831 1936 2903 quinquaginta,

371 2933 426 2979 ct
454 2923 820 2980 honorabilem
845 2925 1016 2986 vultu,
1044 2931 1096 2978 et
1126 2923 1522 2990 consiliarium,
1556 2932 1609 2979 et
1641 2924 1937 2993 sapientem

371 3017 441 3073 de
475 3016 817 3080 architectis,
860 3025 913 3071 et
968 3017 1286 3086 prudentem
1336 3018 1536 3088 eloquii
1583 3017 1819 3089 mystici.
1873 3015 1937 3070 Et

2566 2266 2961 2325 ΚΕΦΑΛΑΙΟΝ
3005 2271 3078 2325 B'.

2653 2393 2759 2447 Τοῦ
2793 2393 3002 2448 αὑτοῦ.

2118 2507 2138 2540 ι
2173 2487 2302 2541 ’ἰδοὺ
2362 2485 2446 2556 δὴ,
2506 2487 2535 2538 ὁ
2585 2483 2849 2554 δεσπότης
2906 2481 3130 2537 Σαϐαὼθ
3161 2482 3351 2552 ἀφελεῖ
3371 2483 3486 2538 ἀπὸ
3513 2484 3612 2555 τῆς

2051 2581 2308 2642 Ἰουδαίας
2356 2579 2448 2632 καὶ
2481 2575 2591 2630 ἀπὸ
2620 2574 2968 2646 Ἰερουσαλὴμ
2997 2575 3244 2644 ίσχύοντα
3275 2577 3372 2629 καὶ
3396 2576 3610 2646 ἰσχύου-

2038 2687 2158 2736 σαν,
2210 2670 2360 2739 ἰσχὺν
2410 2669 2572 2738 ἄρτου
2612 2666 2704 2719 καὶ
2760 2667 2913 2734 ἰσχὺν
2968 2664 3178 2729 ὓδατος,
3235 2666 3469 2734 γίγαντα
3515 2667 3608 2719 καὶ

2038 2760 2310 2832 ἰσχύοντα,
2348 2761 2442 2812 καὶ⁵
2483 2757 2764 2830 ἄνθρωπον
2812 2755 3161 2829 πολεμιστὴν,
3193 2758 3288 2810 καὶ
3319 2757 3606 2828 δικαστὴν,

2035 2853 2128 2905 καὶ
2160 2851 2466 2922 προφήτην,
2486 2851 2578 2903 καὶ
2607 2849 2925 2920 στοχαστὴν,
2958 2848 3052 2902 καὶ
3085 2847 3474 2920 πρεσϐύτερον,
3512 2852 3607 2902 καὶ

2035 2943 2525 3014 πεντηκόνταρχον,
2547 2942 2640 2994 καλ⁸
2660 2939 2964 3011 θαυμαστὸν
2983 2939 3045 2993 σύ
3054 2939 3300 3009 μὸουλον,
3321 2941 3418 2994 καὶ
3443 2943 3606 3009 σοφὶν

2035 3035 2410 3106 ἀρχιτέκτονα,
2442 3033 2535 3086 καὶ
2565 3033 2781 3086 συνετὸν
2814 3031 3103 3102 ἀκροατήν.
3167 3030 3276 3083 Καὶ
3322 3032 3606 3116 ἐπιστῄσω

371 3110 512 3164 dabo
555 3125 752 3180 pueros
785 3109 1058 3178 principes
1094 3125 1305 3177 eorum,
1331 3117 1385 3166 et
1419 3111 1712 3166 ell'eminati
1753 3109 1928 3164 domi-

373 3200 644 3221 _-L-__.___
699 3201 876 3221 .g-.-_
943 3209 986 3221 ,.
1029 3200 1230 3221 _-.,-___
1557 3201 1694 3221 ,μη
1748 3202 1884 3221 ηψ-

2036 3127 2344 3190 νεανίσκους
2374 3124 2638 3197 ἄρχοντας
2675 3122 2884 3186 αὐτῶν,
2922 3122 3015 3176 καὶ
3046 3124 3342 3192 ἐμπαῖκται
3383 3109 3604 3192 κυριεύ-

371 3200 645 3254 nabuntur
681 3201 836 3265 eis';
868 3219 887 3251 ι
936 3209 991 3255 et
1029 3200 1258 3270 reliqua,
1305 3203 1504 3272 quibus
1551 3201 1700 3258 addit
1747 3202 1924 3258 Deus:

376 3309 395 3342 ι
429 3289 605 3346 Nolite
655 3292 991 3347 constituere
1042 3308 1128 3348 me
1183 3295 1482 3364 principem
1533 3297 1739 3366 populi.
1800 3294 1930 3350 Ruit

367 3383 511 3438 enim
532 3382 850 3449 Jerusalem,
894 3392 948 3440 et
975 3383 1112 3440 Juda
1145 3387 1384 3442 concidit
1411 3406 1422 3441 :
1449 3389 1575 3457 quia
1612 3388 1792 3460 lingua
1835 3404 1929 3444 eo-

368 3489 489 3528 rum
525 3483 578 3528 et
605 3475 1015 3532 adinventiones
1055 3493 1242 3532 eorum
1289 3489 1476 3534 contra
1519 3479 1828 3544 Dominum,
1871 3489 1930 3536 ut

365 3575 686 3637 provocaret
725 3569 918 3624 oculos
955 3570 1257 3641 majestatis
1308 3571 1446 3640 ejus.
1498 3572 1713 3642 Agnitio
1747 3573 1928 3628 vultus

364 3673 552 3714 eorum
587 3660 866 3729 respondit
902 3660 984 3716 eis
1015 3671 1106 3717 :et
1133 3672 1420 3733 peccatum
1449 3679 1607 3719 suum
1635 3666 1790 3734 quasi
1826 3663 1928 3718 So-

363 3750 522 3807 doma
561 3752 1018 3824 praedicaverunt,
1060 3769 1162 3809 nec
1211 3755 1656 3811 absconderunt:
1689 3770 1770 3810 va:
1810 3755 1928 3809 aui-

361 3859 466 3900 ma
503 3859 715 3910 eorum,
758 3847 1016 3916 quoniam
1047 3847 1252 3900 malum
1281 3845 1523 3902 meditati
1568 3854 1698 3902 sunt
1743 3846 1925 3900 consi-

360 3938 494 3994 lium
536 3939 592 3993 in
633 3939 812 4010 seipsa
867 3939 1150 3995 dicentes:
1180 3938 1493 3994 Vinciemus
1541 3937 1754 4006 justum
1792 3952 1926 4007 quo—

358 4031 506 4086 niam
540 4031 749 4087 inutilis
773 4039 894 4096 est;
929 4033 1181 4102 quoniam
1214 4030 1448 4084 fructum
1482 4027 1921 4083 adinventionum

358 4137 582 4178 suarum
611 4123 949 4179 comedent‘.
972 4143 990 4176 ι
1035 4121 1196 4177 Liber
1216 4123 1310 4193 qui
1354 4119 1662 4177 Solomonis
1694 4119 1923 4191 Sapien-

357 4212 435 4267 tia
483 4212 708 4279 dicitur,
734 4211 851 4269 fere
879 4214 1069 4268 eadem
1099 4213 1166 4268 de
1208 4212 1359 4283 justo
1385 4211 1662 4282 eloquitur
1697 4230 1712 4264 :
1749 4229 1768 4263 ι
1805 4210 1925 4265 Cir-

355 4303 768 4360 eumveniamus
799 4319 928 4374 ergo
957 4303 1459 4373 justum,quoniam
1484 4302 1694 4358 inutilis
1715 4309 1799 4358 est
1827 4317 1924 4356 no-

355 4391 441 4446 bis
470 4398 524 4446 et
556 4392 866 4448 contrarius
910 4399 994 4447 est
1031 4391 1216 4447 verbis
1246 4390 1456 4447 nostris
1478 4392 1520 4446 ⁸.
1567 4409 1587 4443 ι
1621 4389 1797 4460 Hujus
1819 4391 1922 4445 loci

2034 3235 2214 3271 σουσιν
2262 3203 2459 3278 αὐτῶν,
2490 3234 2509 3266 ι
2560 3214 2654 3267 καὶ
2701 3212 2770 3266 τὰ
2820 3211 2979 3281 ἑξῆς·
3016 3206 3097 3274 οἷς
3146 3210 3387 3278 ἐπιλέγει
3435 3212 3600 3274 Θεός’

2037 3327 2054 3357 ι
2081 3307 2195 3360 Ούκ
2223 3305 2414 3375 ἔσομαι
2449 3303 2687 3374 ἀρχηγὸς
2718 3300 2811 3354 τοῦ
2850 3299 2979 3353 λαοῦ
3023 3298 3208 3353 τούτου
3227 3340 3244 3365 ,
3272 3299 3354 3352 ὅτι
3390 3300 3600 3353 ἀνεῖται

2043 3395 2424 3470 Ἰερουσαλὴμ,
2472 3396 2566 3447 καὶ
2610 3395 2643 3464 ἡ
2705 3391 2929 3445 Ἰουδαία
2973 3391 3369 3461 συμπέπτωκε,
3411 3391 3510 3444 καὶ
3542 3392 3600 3442 αἱ

2028 3489 2268 3558 γλῶσσαι
2302 3485 2478 3540 αὐτῶν
2509 3484 2647 3556 μετὰ
2681 3483 2929 3554 ἀνομίας,
2952 3482 3017 3536 τὰ
3045 3480 3179 3552 πρὸς
3211 3481 3416 3552 Κύριον
3438 3482 3602 3535 ἀπειο

2030 3574 2268 3639 θοῦντες.
2291 3573 2438 3627 Διότι
2476 3573 2571 3625 νῦν
2600 3570 2934 3641 ἐταπεινώθη
2971 3572 3005 3642 ἡ
3047 3570 3171 3636 δόξα
3198 3570 3400 3634 αὐτῶν,
3433 3573 3532 3625 καὶ
3563 3574 3603 3642 ἡ

2027 3665 2252 3736 αἰσχύνη
2282 3664 2376 3717 τοῦ
2424 3661 2714 3735 προσώπου
2757 3661 2934 3716 αὐτῶν
2972 3661 3200 3732 ἀντέστη
3233 3662 3417 3726 αὐτοῖς
3439 3678 3452 3692 ο
3497 3661 3597 3732 τὴν

2026 3755 2080 3808 δέ
2111 3753 2381 3826 ἁμαρτίαν
2415 3753 2592 3806 αὐτῶν
2639 3753 2714 3816 ὡς
2743 3751 2988 3822 Σοδόμων
3018 3751 3343 3821 ἀνήγγειλαν
3375 3752 3469 3806 καὶ
3509 3755 3598 3806 ἐν-

2026 3845 2284 3915 εφάνισαν
2306 3863 2320 3875 ·
2356 3845 2478 3898 οὐαὶ
2508 3848 2574 3915 τῇ
2607 3843 2751 3915 ψυχῇ
2803 3844 3000 3906 αὐτῶν,
3042 3843 3174 3897 διότι
3215 3844 3592 3914 βεϐούλευνται

2026 3938 2220 4009 βουλὴν
2248 3936 2508 4009 πονηρὰν,
2539 3936 2661 3991 καθ’
2695 3935 2899 3990 ἑαυτῶν
2926 3936 3198 3999 εἰπόντεςο
3221 3936 3483 4008 Δήσωμεν
3504 3937 3596 3990 τδν

2023 4029 2250 4093 δίκαιον,
2279 4029 2361 4082 ὅτι
2383 4028 2716 4099 δύσχρηστος
2741 4030 2874 4099 ἡμῖν
2920 4028 3037 4080 ἐστι
3059 4043 3074 4057 ·
3108 4027 3284 4081 τοίνυν
3303 4028 3370 4080 τὰ
3397 4032 3589 4098 γεννή-

2026 4137 2169 4190 ματα
2199 4119 2307 4172 τῶν
2337 4118 2513 4191 ἔργων
2552 4119 2730 4171 αὐτῶν
2761 4118 3040 4188 φάγονται.
3067 4138 3085 4169 ι
3118 4118 3228 4171 Καὶ
3263 4119 3590 4189 η’λεγομὲνη

2023 4211 2362 4282 Σολομῶντος
2390 4211 2558 4281 Σοφία
2595 4209 2665 4263 τὰ
2697 4210 3049 4281 παραπλήσια
3081 4211 3194 4272 τοῖς
3235 4209 3425 4263 ἐνθάδε
3465 4211 3586 4282 περὶ

2021 4303 2112 4356 τοῦ
2139 4303 2346 4356 δικαίου
2372 4301 2714 4372 λελεγμένοις
2745 4299 2915 4364 οὕτως
2937 4301 3048 4372 ἔχει
3067 4317 3082 4331 ⁶
3110 4318 3130 4351 ι
3154 4300 3586 4372 Ἐνεδρεύσωμεν

2021 4393 2112 4446 τὸν
2132 4393 2355 4456 δίκαιον,
2369 4394 2451 4446 ὅτι
2470 4391 2804 4464 δύσχρηστος
2820 4393 2950 4463 ἡμῖν
2970 4393 3108 4456 ἐστι,
3127 4393 3222 4444 καὶ
3248 4391 3585 4444 ἐναντιοῦται

352 4482 520 4538 verba
543 4483 822 4538 evidenter
837 4483 905 4538 de
932 4483 1154 4540 Christo
1177 4483 1325 4539 dicta
1348 4499 1472 4538 esse
1487 4482 1778 4548 videntur;
1809 4483 1918 4537 illic

2036 4485 2131 4547 τοῖς
2145 4483 2320 4551 λόγοις
2342 4483 2515 4554 ἡμῶν.
2531 4481 2743 4535 »Ταῦτα
2769 4480 2827 4534 δέ
2849 4483 2906 4534 ἐν
2941 4480 3167 4542 ἐκείνοις
3189 4479 3378 4548 σαφῶς
3411 4483 3476 4533 ἐκ
3491 4481 3586 4550 τῆς

351 4591 483 4633 vero
513 4576 583 4632 de
629 4575 1017 4632 insidiantibus
1043 4577 1114 4638 ei,
1142 4584 1302 4646 atque
1330 4576 1385 4629 in
1428 4575 1621 4645 primis
1659 4573 1918 4629 adversus

2036 4573 2381 4646 ιυμφράσεως
2410 4571 2728 4643 ἐμφαίνεται
2749 4568 2992 4643 περὶτοῦ
3019 4569 3255 4641 Χριστοῦ
3285 4571 3580 4643 εἰρημέναο

349 4684 448 4725 eos
469 4668 565 4740 qui
596 4668 796 4722 malum
825 4668 1066 4723 meditati
1100 4678 1228 4722 sunt
1255 4667 1544 4722 consilium
1578 4665 1917 4738 prophetiza-

349 4768 461 4815 tur.
485 4760 719 4829 Ideoque
740 4759 1185 4829 imprecationem
1217 4758 1271 4811 in
1303 4773 1396 4813 eos
1435 4756 1714 4826 Scriptura
1745 4756 1918 4825 subji-

347 4853 423 4906 cit
450 4871 463 4907 :
496 4871 515 4904 ι
555 4852 648 4906 ναι
675 4850 871 4905 anima:
905 4865 1124 4914 eorum;
1166 4869 1182 4899 ι
1218 4849 1312 4902 sed
1341 4856 1395 4902 et
1426 4863 1641 4918 pmnam
1665 4861 1786 4912 qua:
1817 4859 1912 4900 eos

347 4951 532 5000 manet
571 4943 743 5010 addit,
775 4943 1014 4998 dicens:
1066 4959 1086 4992 ι
1157 4939 1416 4995 Fructum
1464 4939 1910 4994 adinventionum

346 5048 573 5088 suarum
629 5033 930 5088 comedent.
976 5051 993 5083 ι
1031 5029 1162 5096 Quae
1205 5030 1350 5085 enim
1404 5029 1810 5083 seminaverunt
1854 5025 1910 5079 in

342 5123 643 5188 Christum,
669 5124 783 5178 haec
817 5132 870 5178 et
913 5131 1116 5178 melent
1154 5122 1208 5174 in
1252 5120 1345 5175 Dei
1385 5120 1612 5190 judicio.
1642 5117 1760 5173 lam
1789 5119 1911 5188 qui-

343 5217 465 5270 dem
515 5218 570 5271 in
613 5217 716 5271 hae
757 5216 866 5270 vita
907 5215 1030 5269 vide
1073 5228 1255 5268 annon
1284 5214 1343 5268 in
1386 5228 1484 5267 eos
1526 5211 1778 5281 impletus
1825 5217 1909 5266 est

341 5316 464 5375 post
495 5322 624 5363 suas
654 5307 918 5362 adversus
967 5305 1244 5362 Christum
1299 5304 1523 5359 insidias
1581 5303 1743 5372 hujus
1773 5316 1902 5372 pro-

341 5395 539 5466 phetia:
570 5413 751 5453 sermo
773 5397 962 5453 dicens
995 5416 1009 5453 :
1057 5415 1075 5449 ι
1115 5395 1254 5452 Ecce
1293 5395 1601 5450 dominator
1642 5393 1902 5449 Dominus

339 5486 676 5543 exercituum
723 5489 932 5545 auleret
961 5504 992 5542 a
1029 5487 1333 5544 Jerusalem
1358 5494 1412 5542 et
1435 5500 1464 5539 a
1493 5485 1634 5541 Juda
1664 5483 1900 5539 validum

337 5587 392 5634 et
423 5578 637 5632 fortem.
663 5579 839 5636 »νει-ο
867 5583 1012 5636 enim
1043 5581 1222 5635 ablata
1260 5590 1343 5636 est
1374 5581 1442 5634 ab
1477 5580 1568 5645 iis,
1599 5595 1718 5651 qua:
1747 5577 1899 5649 prius

409 5734 424 5764 ⁸
449 5729 553 5787 laa.
595 5747 653 5797 ιι,
679 5733 731 5784 3.

2017 4669 2111 4721 καί
2143 4666 2213 4720 τὰ
2244 4665 2428 4720 ἐνθάδε
2463 4662 2753 4736 τοιγαροῦν
2783 4663 2912 4736 περὶ
2941 4663 3050 4717 τῶν
3078 4663 3580 4717 ἐπιῆουλευσὰντων

2014 4759 2162 4831 αὐτῷ
2188 4759 2281 4813 καὶ
2321 4757 2440 4813 καθ’
2465 4756 2670 4810 ἑαυτῶν
2701 4754 2898 4827 μᾶλλον
2925 4743 3066 4828 ἥπερ
3087 4755 3208 4809 κατ’
3231 4753 3399 4808 αύτοῦ
3427 4771 3580 4822 πονη-

2019 4847 2116 4922 ρὰν
2152 4846 2340 4919 βουλὴν
2399 4844 2836 4916 βουλευσαμένων
2865 4842 3260 4915 προφητεύεται
3281 4860 3294 4872 ·
3330 4842 3399 4895 δι’
3439 4843 3468 4895 δ
3493 4841 3580 4894 καὶ

2013 4939 2364 5012 καταλλήλως
2395 4938 2486 4991 τὸν
2535 4935 2860 5007 ταλανισμὸν
2887 4937 3097 4999 ἑαυτοῖς
3123 4937 3152 4988 ὁ
3195 4935 3351 5002 λόγος
3385 4934 3574 5001 ἐπάγει

2011 5028 2098 5082 διὰ
2126 5028 2242 5091 τοῦ,
2273 5047 2291 5080 ι
2328 5028 2464 5080 Οὐαὶ
2491 5029 2556 5097 τῇ
2599 5025 2742 5096 ψυχῇ
2783 5024 2988 5078 αὐτῶν
3029 5043 3048 5076 a
3074 5022 3211 5076 ἀλλὰ
3238 5023 3333 5076 καὶ
3359 5023 3462 5094 τὴν
3486 5021 3572 5076 κό-

2010 5121 2164 5174 λασιν
2206 5120 2306 5190 τὴν
2346 5118 2743 5189 περιμένουσαν
2779 5116 2975 5180 αὐτοὺς
3017 5114 3308 5186 προτίθησι
3361 5114 3534 5183 λέγων
3554 5129 3568 5142 ’

2017 5229 2035 5262 ι
2076 5211 2264 5264 Τοίνυν
2291 5209 2359 5263 τὰ
2371 5210 2690 5280 ’γεννήματα
2708 5206 2815 5261 τῶν
2840 5206 3018 5278 ἔργων
3043 5205 3224 5260 αὐτῶν
3241 5206 3523 5274 φάγονται·
3547 5225 3564 5256 ι

2011 5305 2168 5357 ὁποῖα
2196 5302 2302 5373 γὰρ
2334 5300 2589 5372 ἐσπειραν
2625 5299 2762 5353 κατὰ
2813 5297 2908 5352 τοῦ
2944 5296 3204 5367 Χριστοῦ,
3230 5297 3462 5352 τοιαῦτα
3484 5297 3566 5351 καὶ

2009 5393 2276 5466 θεριοῦσιν
2309 5395 2366 5444 ἐν
2395 5391 2472 5462 τῷ
2492 5391 2585 5444 τοῦ
2607 5389 2740 5444 Θεοῦ
2767 5389 3052 5462 κριτηρίῳ.
3074 5387 3212 5460 Ἤδη
3227 5388 3284 5441 δέ
3319 5388 3564 5443 καὶκατὰ

2005 5485 2096 5540 τὸν
2148 5483 2379 5538 ἐνταῦθα
2431 5482 2542 5553 βίον
2578 5483 2678 5553 ὅρα
2721 5483 2769 5534 εἰ
2826 5481 2900 5552 μὴ
2951 5478 3086 5552 μετὰ
3133 5478 3232 5550 τὴν
3281 5479 3426 5534 κατὰ
3473 5476 3557 5530 τοῦ

2005 5575 2240 5649 Χριστοῦ
2305 5574 2588 5644 ἐπιϐουλὴν
2652 5571 2939 5644 ἐπληρώθη
2986 5573 3065 5635 είς
3115 5567 3310 5634 αὐτοὺς
3355 5572 3386 5625 ὀ
3429 5585 3551 5636 προ-

807 5737 825 5764 ²
861 5735 960 5787 lsa.
999 5749 1118 5798 ur,
1149 5735 1198 5788 l.
1278 5735 1298 5765 ³
1334 5733 1436 5788 lsa.
1474 5749 1555 5800 ιιι,
1595 5734 1645 5788 l.
1721 5736 1741 5765 ⁸
1780 5732 1880 5786 lsa.
1917 5749 1955 5795 ι,
2000 5732 2120 5786 llo.
2198 5732 2218 5761 ⁸
2251 5729 2377 5798 Sap.
2408 5743 2468 5793 ιι,
2500 5727 2584 5781 l2.
