3950 6218
330 200 453 253 1201

1340 201 1633 258 Εειοοίε
1676 201 2157 258 ΡῐὶυΡΗΕΤΙΟᾸῦ.
2200 233 2268 242 ——
2307 202 2435 257 LIB.
2479 203 2565 258 IV.

3412 208 3432 260 l
3444 207 3545 262 202

321 321 567 387 κείμενος
593 319 690 388 τῆς
736 322 1065 391 προφητείας
1110 322 1285 389 λόγος,
1329 322 1358 373 ό
1403 322 1658 389 φάσκων’
1688 340 1706 370 ι
1755 320 1851 371 Ἰεο

1992 319 2272 373 habitabat
2310 320 2363 372 in
2392 320 2493 383 eis,
2524 320 2704 373 divina
2734 320 3072 389 caelestiaque
3093 322 3283 389 gratia.
3313 336 3411 375 nec
3436 323 3544 390 jam

316 408 379 478 δὴ
412 408 441 459 ὁ
469 408 730 481 δεσπότης
756 410 957 483 Κύριος
995 410 1216 465 Σαϐαὼθ
1262 411 1449 481 ἀφελεῖ
1481 410 1587 464 ἀπὸ
1608 410 1706 481 τῆς
1751 413 1882 463 ’1ου-

314 501 470 563 δαίας
494 501 586 553 καὶ
607 502 714 555 ἀπὸ
755 502 1106 574 Ἰερουσαλὴμ
1147 503 1394 573 ἰσχύοντα
1414 504 1505 555 καὶ
1538 502 1875 572 ἰσχύουσαν.»

329 590 570 662 ’Λληθῶς
597 594 704 664 γὰρ
736 594 1008 666 ἀφῄρηται
1037 597 1131 648 ἀπ’
1159 595 1336 648 αὐτῶν
1368 597 1402 666 ἡ
1426 594 1592 648 πάλαι
1619 593 1879 664 πρότερον

316 683 773 754 ἑμπολιτευομένη
803 687 860 737 ὲν
904 686 1085 747 αὐτοῖς
1114 686 1231 739 θεία
1274 684 1367 738 καὶ
1404 684 1653 754 ούράνιος
1697 684 1877 753 χάρις,

316 775 408 828 καὶ
475 776 649 828 οὐκέτ’
698 777 841 829 εστιν
888 778 1064 848 εὑρεῖν
1107 780 1163 830 ὲν
1207 780 1390 840 αὐτοῖς
1440 775 1561 829 οὔτε
1598 774 1879 845 προφήτην

313 864 435 917 οὔτε
478 868 805 935 στοχαστήν·
843 867 947 919 ποῦ
986 867 1042 919 δὲ
1092 869 1184 921 καὶ
1214 869 1241 919 ό
1273 865 1603 937 πολεμιστὴς
1635 863 1811 917 αὐτῶν
1842 863 1874 935 ἢ

312 957 339 1008 ό
384 955 662 1027 δικαστὴς,
714 959 743 1009 ό
801 957 1112 1028 θαυμαστὸς
1144 958 1468 1030 σύμϐουλος.
1511 957 1605 1028 ἢὸ
1658 956 1877 1019 συνετὸς

312 1047 583 1117 ἀκροατής
607 1064 621 1111 ;
649 1049 710 1101 Εἰ
739 1049 795 1101 δὲ
837 1051 931 1102 καὶ
968 1050 1213 1104 δοκοῦσιν
1244 1051 1407 1121 ἄρτου
1441 1047 1533 1102 τοῦ
1579 1063 1876 1116 πνευματιο

312 1138 408 1192 κοῦ
436 1139 683 1210 μετέχειν
708 1143 765 1195 ἐν
796 1142 873 1212 τῷ
900 1146 1008 1206 τοῖς
1034 1144 1196 1213 ἱεροῖς
1221 1142 1566 1212 ἐντυγχάνειν
1610 1138 1703 1191 τοῦ
1739 1138 1872 1190 Θεοῦ

310 1227 505 1296 λόγοις,
534 1229 646 1283 ἀλλ’
678 1231 778 1302 ὅρα
797 1234 844 1285 εί
866 1233 989 1304 μὴή
1018 1234 1244 1304 δύναμις
1269 1234 1363 1287 καὶ
1390 1234 1422 1303 ἡ
1455 1230 1653 1302 ίσχὺςή
1686 1229 1741 1282 ὲν
1760 1230 1872 1289 τοῖς

309 1319 474 1383 θείοις
511 1321 834 1393 Γράμμασιν
874 1326 1270 1397 ὲναποκειμένη
1289 1323 1347 1389 ἐξ
1374 1322 1550 1377 αὐτῶν
1573 1320 1871 1391 ἀφῄρηταιο

309 1409 493 1477 σαφῶς
503 1410 546 1463 δ’
564 1412 656 1465 ἐπὶ
681 1412 889 1477 τούτοις
917 1416 1008 1467 καὶ
1026 1418 1057 1487 ἡ
1085 1414 1433 1487 Ἰερουσαλὴμ
1451 1414 1675 1474 ἀνεῖται,
1696 1410 1787 1462 καὶ
1808 1409 1873 1461 τά

306 1500 465 1556 λοιπὰ
490 1503 546 1556 δὲ
572 1505 746 1559 πάντα
773 1508 852 1570 εἰς
873 1509 1067 1572 αὐτοὺς
1093 1508 1445 1580 πεπλήρωται
1466 1506 1552 1560 διά
1574 1506 1700 1575 μίαν
1734 1500 1876 1555 ὲκεί-

1990 408 2131 478 apud
2161 424 2255 463 eos
2286 412 2525 479 reperire
2554 418 2638 464 est
2684 410 2997 478 pr0phetam
3035 411 3199 463 ullum
3236 420 3328 463 aut
3366 410 3545 464 hario-

1990 501 2121 555 lum.
2155 497 2255 553 Ubi
2284 501 2428 554 enim
2458 502 2538 553 vir
2567 500 2796 555 bellator
2824 517 3032 562 eorum,
3056 501 3245 570 judex,
3279 502 3544 556 mirabilis

1988 592 2354 653 consiliarius,
2390 600 2443 645 et
2477 594 2715 661 prudens
2770 592 2968 661 eloquii
3024 593 3279 662 mystici?
3304 591 3458 659 Quod
3498 595 3542 648 si

1986 683 2240 736 videntur
2274 683 2432 752 panis
2476 683 2779 752 spiritualis
2805 698 2926 737 esse
2957 682 3271 752 participes.
3300 700 3419 736 cum
3453 699 3542 738 sa-

1984 790 2075 827 cra
2106 775 2425 845 possideant
2460 773 2553 828 Dei
2593 775 2781 838 verba,
2816 775 2935 828 vide
2968 789 3147 827 annon
3171 775 3341 831 virtus
3368 783 3419 829 et
3451 792 3542 829 ro-

1983 866 2105 925 bur,
2134 866 2186 917 iu
2219 865 2417 919 divinis
2451 865 2749 936 Scripturis
2772 866 3089 932 inclusa,ab
3112 868 3179 920 iis
3210 867 3387 920 ablata
3413 869 3538 921 siut.

1984 956 2267 1011 Manifeste
2301 957 2444 1010 enim
2479 958 2558 1012 eis
2592 959 2700 1013 ruit
2740 957 3057 1023 Jerusalem,
3089 970 3388 1029 cmteraque
3418 975 3536 1013 om-

1980 1047 2070 1101 nia
2102 1048 2365 1104 adversus
2424 1065 2519 1105 eos
2568 1050 2784 1120 impleta
2834 1058 2962 1103 sunt
3014 1066 3108 1120 per
3144 1067 3311 1104 unum
3352 1065 3537 1105 eorum

1978 1140 2239 1194 adversus
2260 1140 2535 1196 Christum
2562 1144 2759 1197 scelus.
2788 1161 2805 1192 ι
2837 1142 2925 1197 Vua
2945 1145 3111 1207 enim,
3141 1163 3158 1195 ι
3185 1145 3259 1195 ait
3290 1143 3538 1213 Scriptu-

1977 1246 2057 1290 ra,
2094 1251 2111 1279 ι
2151 1232 2344 1287 animae
2375 1249 2583 1288 eorum.
2624 1254 2641 1287 ι
2689 1235 2862 1305 Atque
2891 1236 3292 1305 imprecatiouis
3318 1251 3535 1289 causam

1977 1317 2152 1381 all‘erl,
2176 1318 2362 1374 dicens
2388 1337 2400 1371 :
2428 1321 2725 1386 «Quoniam
2758 1323 2956 1376 malum
2977 1324 3215 1377 meditati
3249 1332 3375 1378 sunt
3403 1339 3536 1377 cou-

1979 1409 2163 1463 silium
2212 1410 2263 1463 in
2313 1413 2548 1480 seipsos,
2585 1413 2829 1468 dicentes
2874 1432 2887 1468 :
2948 1411 3256 1468 Vinciemus
3306 1413 3531 1483 justum,

1978 1498 2232 1567 quoniam
2259 1499 2465 1554 inutilis
2492 1501 2667 1555 nobis.
2709 1519 2729 1553 ι

306 1615 402 1668 νην
433 1600 531 1669 τὴν
563 1601 702 1655 κατὰ
747 1603 839 1655 τοῦ
862 1605 1095 1675 Χριστοῦ
1124 1608 1424 1678 ἁμαρτίαν·
1468 1624 1486 1656 ι
1513 1602 1647 1657 Οὐαὶ
1679 1598 1807 1669 γὰρ,
1834 1617 1852 1648 ι
1873 1596 2032 1665 φησιν
2069 1596 2097 1647 ὁ
2117 1593 2292 1662 λόγος.
2322 1615 2339 1646 ι
2376 1600 2441 1668 τῇ
2484 1598 2625 1668 ψυχῇ
2659 1598 2862 1651 αὐτῶν
2897 1615 2914 1649 ι
2943 1597 3034 1651 καὶ
3074 1596 3166 1649 τοῦ
3204 1589 3531 1665 ταλανισμοῦ

303 1690 401 1761 τὴν
465 1693 642 1747 αἰτίαν
705 1697 1025 1768 προστίθησι
1069 1699 1128 1770 (Γ.
1160 1700 1248 1771 46)
1314 1701 1521 1768 λέγων·
1572 1715 1589 1746 ι
1632 1693 1773 1747 Διότι
1837 1686 2209 1758 βεϐούλευνται
2252 1688 2447 1759 βουλὴν
2501 1690 2742 1762 πονηρὰν
2800 1690 2919 1744 καθ’
2973 1689 3208 1752 ἑαυτῶν,
3250 1688 3528 1749 είπόντεςυ

303 1783 563 1868 Δήσωμεν
581 1786 670 1839 τὸν
718 1786 943 1853 δίκαιον,
972 1792 1052 1843 ὅτι
1077 1791 1408 1864 δύσχρηστος
1434 1793 1563 1861 ἡμῖν
1597 1789 1760 1840 ἐστιν.
1795 1803 1813 1834 ι

824 1883 1213 1939 ΚΕΦΑᾹΛΙΟΝ
1274 1885 1350 1938 Γ’.

378 1983 396 2017 ι
424 1968 562 2033 Λαός
593 1987 717 2041 μου,
747 1972 795 2026 οί
817 1975 1208 2046 μακαρίζοντες
1237 1978 1382 2048 ὑμᾶς
1397 1977 1666 2032 πλανῶσιν
1700 1981 1862 2050 ὑμᾶς,

302 2058 396 2110 καὶ
427 2059 521 2129 τὴν
551 2061 733 2129 τρίϐον
755 2064 860 2117 τῶν
893 2067 1065 2120 ποδῶν
1099 2067 1251 2138 ὑμῶν
1283 2069 1661 2140 ταράσσουσιν.
1708 2072 1865 2125 Ἀλλὰ

301 2145 394 2197 νῦν
420 2152 815 2221 καταστήσεται
862 2156 938 2217 είς
968 2156 1145 2226 κρίσιν
1183 2157 1404 2228 Κύριος,
1440 2161 1533 2213 καὶ
1565 2163 1749 2233 στήσει
1776 2165 1864 2216 τὸν

302 2235 425 2289 λαὸν
460 2240 643 2293 αὑτοῦ.
674 2242 845 2305 Αὐτὸς
900 2244 1101 2316 Κύριος
1137 2249 1215 2311 είς
1246 2248 1423 2318 κρίσιν
1443 2248 1560 2321 ἥξει
1598 2251 1735 2323 μετά
1757 2253 1864 2304 τῶν

300 2328 682 2413 πρεσϐυτέρων
712 2334 805 2386 τοῦ
840 2334 992 2396 λαοῦ,
1025 2338 1115 2390 καὶ
1150 2338 1288 2408 μετά
1322 2340 1429 2393 τῶν
1472 2343 1746 2413 ἀρχόντων
1773 2345 1864 2396 αύ-

296 2412 412 2504 τοῦ.
440 2433 460 2465 ο
485 2417 595 2469 Ούκ
623 2418 794 2472 ἔοικεν
817 2423 908 2474 ἐπὶ
940 2423 1029 2477 τὸν
1060 2425 1167 2478 τῶν
1202 2428 1334 2480 ὃλων
1357 2430 1487 2483 Θεὸν
1499 2412 1862 2504 ἀναφέρεσθαι

296 2503 374 2564 τὸ,
397 2524 415 2554 ι
439 2504 552 2558 Νῦν
582 2512 975 2581 καταστήσεται
1016 2517 1094 2577 είς
1122 2517 1298 2586 κρίσιν
1330 2518 1530 2588 Κύριος
1548 2538 1560 2549 ·
1578 2542 1593 2569 ι
1638 2503 1728 2574 καί
1756 2524 1860 2592 μά-

294 2594 450 2649 λιστα
477 2598 555 2661 τὸ,
597 2618 614 2648 ι
643 2601 814 2664 Αὐτὸς
850 2603 1053 2675 Κύριος
1097 2609 1175 2669 είς
1223 2608 1401 2678 κρίσιν
1434 2612 1551 2680 ἥξει
1583 2612 1724 2682 μετά
1752 2614 1861 2665 τῶν

292 2688 678 2761 πρεσϐυτέρων
710 2692 803 2745 τοῦ
843 2693 992 2758 λαοῦ,
1017 2698 1110 2750 καὶ
1161 2700 1295 2769 μετά
1331 2701 1437 2754 τῶν
1470 2704 1741 2774 ἀρχόντων
1767 2706 1861 2759 αύ-

290 2782 383 2832 τοῦ
412 2797 426 2811 ⁸
464 2800 481 2831 ι
503 2783 726 2853 ἁρμόζοι
760 2786 804 2839 δ’
834 2786 898 2840 ἂν
954 2791 1078 2860 περὶ
1109 2791 1200 2843 τοῦ
1235 2792 1367 2845 Θεοῦ
1414 2795 1608 2863 Λόγου,
1654 2798 1858 2869 Κυρίου

291 2873 383 2925 καὶ
442 2874 605 2926 αὑτοῦ
651 2879 1106 2946 χρηματίζοντος,
1162 2883 1335 2937 ταῦτα
1387 2886 1855 2958 προφητεύεσθαι·

290 2964 382 3015 καὶ
427 2963 535 3035 γὰρ
576 2961 668 3018 οῦν
712 2968 873 3032 αὐτὸς
917 2971 944 3022 ό
976 2972 1268 3043 κηρυχθείς
1303 2977 1435 3028 πᾶσι
1486 2980 1595 3039 τοῖς
1645 2979 1746 3032 ὑπὸ
1770 2981 1859 3033 τὸν

287 3054 518 3126 οὐρανὸν
542 3056 676 3111 θεοῦ
706 3059 875 3127 Λόγος
894 3063 972 3125 είς
994 3063 1170 3133 κρίσιν
1194 3064 1331 3135 μετά
1351 3067 1566 3120 πάντων
1593 3074 1860 3142 καταστή-

288 3162 466 3209 σεται,
506 3148 628 3220 μηδ’
660 3151 740 3205 ἑνὶ
768 3152 875 3204 τῶν
908 3154 1115 3207 ἀσεϐῶν
1145 3157 1325 3227 χώραν
1353 3158 1524 3223 διδοὺς
1544 3162 1853 3230 ἀπολογίας,

284 3234 378 3286 ἅτε
408 3237 488 3299 είς
518 3237 614 3301 τὰς
637 3239 890 3294 ἁπάντων
926 3243 1093 3307 ἀκοὰς
1131 3244 1528 3317 διαδραμούσης
1564 3249 1725 3302 αὑτοῦ
1759 3251 1854 3321 τῆς

280 3325 633 3393 διδασκαλίας
651 3348 663 3359 ·
695 3332 813 3401 ἥξει
841 3333 884 3385 δ’
913 3336 991 3397 είς
1016 3335 1191 3407 κρίσιν
1216 3338 1420 3407 Ἰησοῦς
1452 3341 1683 3412 Χριστὸς
1719 3342 1855 3412 μετά

278 3417 394 3472 τῶν
442 3420 823 3493 πρεσϐυτέρων
852 3425 1083 3494 μάλιστα
1128 3428 1221 3481 τοῦ
1252 3430 1380 3483 λαοῦ
1414 3431 1507 3485 καὶ
1565 3434 1702 3503 μετά
1750 3435 1855 3490 τῶν

277 3508 561 3581 ἀρχόντων
587 3514 773 3578 αὐτοῦ,
806 3511 892 3568 οἶα
938 3517 1000 3588 δὴ
1032 3520 1208 3573 αὐτῶν
1248 3523 1711 3594 ὲπισυναχθέντων
1736 3530 1852 3580 κατ’

281 3602 473 3664 αὑτοῦ,
523 3607 616 3658 καὶ
668 3607 766 3677 τὴν
813 3609 1103 3682 ἐπιϐουλὴν
1140 3613 1288 3685 αύτῴ
1328 3619 1848 3688 συσκευασαμένων·

284 3692 333 3745 οἰ
369 3696 461 3748 καὶ
500 3700 888 3769 μακαρίζοντες
918 3703 1008 3756 τὸν
1029 3706 1328 3777 ἀρχόμενον
1360 3711 1449 3761 ὑπ’
1484 3711 1662 3783 αὐτῶν
1702 3712 1846 3773 λαὸν,

283 3785 530 3852 ὲπλᾲνων
566 3791 747 3855 αὑτὸν,
779 3792 1025 3861 λέγοντες
1061 3796 1120 3849 τὸ
1156 3801 1388 3871 πονηρὸν
1410 3801 1587 3867 καλὸν,
1616 3804 1857 3868 καὶτοὺς

282 3878 481 3942 καλοὺς
511 3881 604 3934 τοῦ
657 3884 906 3955 Σωτῆρος
949 3889 1104 3958 ἡμῶν
1148 3890 1336 3959 λόγους
1379 3896 1645 3967 πονηροὺς
1683 3897 1847 3971 ύπάρ

282 3985 397 4037 χειν
443 3972 882 4044 ἀποφαινόμενοι.

811 4091 1202 4147 ΚΕΦΑΛΑΙΟΝ
1255 4099 1326 4149 Δ’.

354 4188 372 4221 ι
396 4172 505 4225 Καὶ
539 4174 831 4242 προσέθετο
854 4178 1056 4248 Κύριος
1076 4181 1304 4252 λαλῆσαι
1332 4185 1410 4257 τῷ
1446 4188 1629 4258 Ἀχάζ,
1652 4190 1841 4259 λέγων·

276 4260 505 4330 Λῖτησαι
534 4263 741 4334 σεαυτῷ
786 4271 1007 4338 σημεῖον
1031 4272 1180 4343 παρά
1221 4276 1425 4346 Κυρίου
1471 4279 1606 4333 Θεοῦ
1644 4299 1733 4334 σου
1764 4286 1843 4345 είς

277 4349 458 4445 βάθος,
562 4356 642 4418 είς
665 4356 815 4425 ὕψος.
838 4360 945 4412 Καὶ
976 4356 1308 4436 είπενἈχάζ
1327 4385 1339 4397 ·
1382 4369 1455 4422 Οὐ
1493 4371 1566 4443 μὴ
1604 4374 1837 4445 αἰτήσω,

174 4452 175 4455 ‘
272 4441 392 4536 ούδὲ
431 4443 504 4515 μὴ
534 4447 776 4517 πειράσω
823 4450 1043 4520 Κύριον.
1075 4456 1183 4508 Καὶ
1224 4453 1406 4512 εἶπεν·
1448 4441 1731 4519 Ἀκούσατε
1751 4467 1832 4536 δὴ.

2580 1873 2805 1930 CAPUT
2836 1872 2924 1928 ΙΙΙ.

2042 1986 2058 2017 ι
2096 1966 2298 2037 Popule
2331 1984 2504 2031 meus,
2542 1969 2633 2039 qui
2660 1977 2710 2023 te
2739 1970 2951 2024 beatum
2976 1968 3181 2029 dicunt,
3218 1966 3321 2036 ipsi
3352 1973 3403 2019 te
3433 1963 3528 2019 de-

1965 2060 2195 2130 cipiunt,
2227 2068 2280 2114 et
2325 2061 2465 2113 viam
2518 2075 2800 2130 gressuum
2841 2066 3059 2114 tuorum
3088 2058 3377 2128 dissipant.
3411 2055 3528 2109 Stat

1967 2151 2033 2205 ad
2082 2150 2438 2221 judicandum
2492 2150 2775 2215 Dominus,
2817 2159 2870 2205 et
2904 2157 3011 2205 stat
3058 2150 3121 2204 ad
3168 2148 3523 2218 judicandum

1966 2244 2223 2311 p0pulum
2253 2257 2435 2297 suum.
2477 2241 2737 2297 Dominus
2789 2243 2853 2295 ad
2900 2241 3165 2310 judicium
3196 2240 3372 2294 veniet
3400 2255 3523 2292 cum

1964 2336 2186 2390 senibus
2218 2335 2421 2405 papuli,
2452 2345 2505 2388 et
2540 2334 2875 2404 principibus
2919 2331 3037 2400 ejus
3064 2332 3100 2383 ¹.
3146 2351 3164 2382 ι
3195 2330 3311 2384 Non
3336 2329 3524 2384 viden-

1963 2437 2051 2481 tur
2079 2429 2143 2482 de
2163 2428 2402 2481 omnium
2434 2426 2542 2480 Deo
2571 2426 2682 2480 haec
2717 2424 2931 2487 referri,
2966 2442 2983 2474 ι
3023 2421 3176 2477 Nunc
3203 2430 3309 2477 stat
3342 2421 3407 2475 ad
3434 2421 3524 2490 ju-

1963 2518 2254 2572 dicandum
2290 2518 2574 2579 Dominus,
2613 2538 2631 2569 ι
2657 2527 2711 2571 et
2745 2518 3065 2586 priesertim,
3106 2534 3124 2567 ι
3163 2514 3423 2569 Dominus
3455 2514 3521 2567 ad

1958 2610 2226 2677 judicium
2256 2611 2433 2665 veniet
2466 2626 2587 2664 cum
2622 2611 2845 2664 senibus
2875 2610 3079 2679 populi,
3103 2616 3156 2661 et
3186 2606 3520 2690 principibus

1960 2703 2098 2772 ejus.
2150 2724 2168 2755 ι
2199 2704 2388 2758 Melius
2410 2704 2476 2758 ad
2505 2703 2595 2758 Dei
2622 2703 2880 2767 Verbum,
2916 2704 3206 2774 ipsmuque
3234 2701 3519 2755 Dominum

1959 2804 2232 2859 vocatum,
2274 2796 2387 2852 haec
2420 2803 2630 2867 spectat
2673 2796 2974 2866 prophetia.
3013 2794 3221 2847 Etenim
3274 2794 3389 2865 ipse
3433 2807 3521 2845 an-

1959 2890 2237 2945 nuntiatus
2271 2890 2524 2945 omnibus
2547 2906 2665 2961 quae
2703 2890 2806 2944 sub
2846 2889 2999 2942 cwlis
3031 2895 3158 2942 sunt
3195 2886 3361 2955 judex
3401 2900 3518 2939 om-

1959 2981 2107 3035 nium
2144 2980 2236 3035 Dei
2278 2980 2510 3036 Verbum
2561 2983 2943 3044 constituetur,
2976 2996 3149 3050 neque
3185 2980 3278 3033 ulli
3324 2978 3515 3048 impio-

1959 3090 2077 3126 rqu
2141 3075 2511 3131 excusationis
2576 3078 2753 3131 locum
2803 3075 2989 3139 dabit,
3022 3075 3219 3144 quippe
3271 3087 3393 3126 cum
3448 3070 3514 3124 ad

1960 3163 2389 3233 uniuscujusque
2438 3165 2681 3218 auditum
2729 3164 3035 3235 pervenerit
3078 3160 3511 3234 ejus'doctrina.

1962 3256 2147 3310 Veniet
2191 3256 2255 3308 ad
2290 3256 2556 3326 judicium
2609 3255 2767 3311 Jesus
2809 3257 3059 3312 Christus
3109 3270 3231 3310 cum
3290 3253 3514 3309 senibus

1959 3348 2254 3417 priesertim
2285 3348 2467 3418 populi
2494 3354 2546 3403 et
2571 3363 2693 3401 cum
2723 3349 3056 3418 principibus
3084 3349 3224 3415 eius,
3250 3342 3506 3416 quoniam

1957 3438 2031 3491 illi
2077 3437 2339 3492 adversus
2367 3453 2488 3493 eum
2520 3439 2832 3509 congregati
2876 3448 3021 3501 sunt,
3070 3439 3231 3507 eique
3283 3435 3511 3491 insidias

1955 3539 2292 3585 struxerunt.
2340 3530 2444 3597 Qui
2478 3538 2532 3586 et
2584 3531 2799 3585 beatum
2851 3529 3093 3585 dicentes
3134 3530 3391 3600 populum
3422 3528 3509 3583 cui

1952 3636 2242 3695 praeerant,
2287 3642 2410 3681 eum
2462 3626 2831 3696 decipiebant,
2868 3626 3067 3679 malum
3111 3639 3211 3695 pro
3256 3625 3401 3679 bono
3426 3626 3509 3679 di-

1952 3726 2172 3781 centes,
2226 3719 2565 3787 optimosque
2640 3716 2938 3771 Salvatcris
2996 3716 3168 3771 nostri
3232 3731 3508 3772 sermones

1952 3808 2107 3878 quasi
2138 3810 2407 3879 pessimos
2431 3808 2724 3863 criminati.

2538 4101 2764 4157 CAPUT
2819 4100 2907 4155 IV.

2021 4214 2039 4246 ι
2074 4194 2138 4248 Et
2171 4194 2367 4263 adjecit
2420 4193 2680 4249 Dominus
2732 4194 2876 4262 loqui
2922 4191 2988 4245 ad
3020 4191 3215 4255 Acbaz,
3258 4192 3445 4249 dicens
3486 4213 3499 4248 :

1945 4285 2070 4341 Pete
2100 4285 2196 4340 tibi
2234 4286 2446 4356 signum
2479 4301 2507 4338 a
2544 4283 2771 4339 Domino
2823 4283 2930 4339 Deo
2956 4293 3049 4339 tuo
3073 4285 3126 4339 in
3176 4284 3501 4354 profundum

1943 4375 2162 4437 inferni,
2198 4376 2313 4430 sive
2360 4376 2413 4429 in
2464 4375 2739 4429 excelsum
2774 4390 2963 4444 supra.
3008 4373 3074 4429 Et
3114 4374 3249 4428 dixit
3280 4374 3497 4429 Achaz:

1940 4466 2059 4521 Non
2106 4475 2307 4536 petam,
2350 4475 2400 4521 et
2437 4483 2544 4521 non
2593 4468 2812 4523 tentaho
2864 4466 3172 4523 Dominum.
3214 4467 3277 4521 Et
3316 4468 3495 4522 dixit:

271 4525 416 4596 οἶκος
448 4534 742 4630 ΔαυῖδσῃΜὴ
774 4539 965 4609 μικρὸν
990 4541 1117 4611 ύμῖν
1140 4544 1324 4612 ἀγῶνα
1351 4552 1606 4621 παρέχειν
1626 4525 1835 4628 ἀνθριθ-

1960 4525 2136 4612 ludite
2168 4525 2324 4628 ergo,
2358 4560 2557 4612 domus
2581 4558 2746 4613 David
2780 4579 2792 4614 :
2827 4558 3094 4630 Numquid
3127 4575 3315 4630 parum
3348 4560 3500 4614 vobis

272 4637 412 4687 ποις,
442 4623 532 4674 καὶ
584 4623 697 4687 πῶς
743 4628 927 4698 Κυρίῳ
961 4633 1225 4703 παρέχετε
1263 4638 1481 4706 ἀγῶνα;
1533 4644 1630 4697 Διά
1678 4623 1834 4702 τοῦτο

267 4711 425 4807 δώσει
454 4714 655 4807 Κύριος
682 4718 839 4782 αὐτὸς
867 4720 992 4790 ὑμῖν
1028 4729 1247 4795 σημεῖον
1267 4745 1279 4758 ·
1324 4729 1472 4795 Ἰδοὺ,
1500 4736 1532 4805 ἡ
1566 4736 1832 4807 παρθένος

267 4803 325 4891 εν
354 4806 549 4875 γαστρὶ
582 4805 829 4875 λήψεται,
856 4812 949 4863 καὶ
974 4813 1185 4877 τέξεται
1219 4820 1332 4871 υίόν
1352 4840 1364 4851 ο
1385 4823 1477 4875 καὶ
1503 4803 1748 4891 καλέσεις
1771 4832 1829 4884 τὸ

264 4890 433 4962 ὄνομα
470 4897 641 4989 αὑτοῦ
680 4900 1021 4975 Ἐμμανουήλ
1041 4921 1054 4934 °
1100 4906 1355 4980 βούτυρον
1383 4915 1475 4967 καὶ
1507 4917 1626 4986 μέλι
1657 4921 1825 4989 φάγε-

264 4999 369 5081 ται,
395 4987 577 5081 πρίν
606 4989 803 5081 γνῷναι
830 4993 987 5047 αὑτὸν
1022 4997 1053 5067 ἢ
1082 5001 1396 5070 προελέσθαι
1428 4987 1826 5081 πονηρά,ήὲκλέ-

263 5069 413 5174 ista:
440 5075 499 5127 τὺ
523 5077 749 5144 ἀγαθόν’
776 5081 926 5147 διότι,
952 5089 1078 5158 πρὶν
1098 5091 1128 5160 ἢ
1151 5093 1350 5174 γ’νῶναι
1379 5098 1439 5149 τὸ
1468 5069 1674 5156 παιδίον
1694 5106 1828 5174 ἀγά-

260 5156 352 5265 θδν
385 5159 416 5230 ἢ
448 5165 635 5265 κακὸν,
674 5170 890 5225 ἀπειθεῖ
929 5156 1191 5250 πονηρίᾳ,³
1215 5170 1529 5249 ὲκλέξαοθθαι
1554 5181 1637 5246 ’τὸ

391 5272 427 5360 ἔ,
454 5258 535 5359 0i~
564 5260 636 5329 μὴ
685 5247 1113 5360 παραδεχόμενοι
1138 5247 1269 5326 τῶν
1309 5247 1373 5330 ὲκ
1404 5247 1821 5360 περιτομῆςτην

256 5343 349 5393 τοῦ
674 5352 829 5446 ἡμῶν
875 5355 1043 5425 Ἰησοῦ
1081 5361 1317 5432 Χριστοῦ
1345 5343 1824 5446 παρουσίακλεγέ-

256 5449 432 5487 τωσαν
477 5438 560 5503 τίς
607 5443 638 5513 ἡ
691 5445 973 5516 παρθένος,
1007 5452 1039 5521 ἡ
1075 5452 1215 5506 κατά
1252 5455 1347 5528 τὴν
1388 5468 1718 5535 προφητείαν
1745 5438 1821 5526 ’ἐν

326 5590 339 5618 ⁸
374 5588 478 5647 lsa.
518 5610 600 5661 ιιι,
645 5597 828 5656 ιεοιιι.
904 5605 922 5634 ²
954 5602 1058 5659 lsa.
1095 5623 1189 5676 vu,
1230 5610 1401 5668 lO-l6.

1932 4660 2036 4713 est,
2075 4652 2338 4705 molestos
2368 4667 2489 4707 esse
2525 4653 2857 4718 hominibus,
2882 4653 3008 4722 quia
3036 4654 3248 4707 molesti
3280 4652 3413 4707 estis
3446 4657 3500 4703 et

1934 4745 2049 4797 Deo
2078 4745 2239 4798 meo?
2273 4744 2500 4813 Propter
2534 4744 2637 4797 hoc
2678 4745 2828 4799 dabit
2872 4744 3131 4799 Dominus
3181 4745 3295 4813 ipse
3345 4741 3497 4797 vobis

1930 4837 2168 4906 signum.
2208 4836 2348 4891 Ecce
2398 4836 2552 4907 virgo
2593 4836 2885 4907 concipiet,
2915 4845 2968 4892 et
3010 4838 3182 4907 pariet
3215 4836 3402 4899 ﬁlium,
3442 4845 3497 4888 et

1928 4930 2213 4983 vocabitur
2240 4945 2437 4983 nomen
2471 4930 2591 4999 ejus
2617 4928 2955 4987 Emmanuel.
2996 4931 3257 5003 Butyrum
3302 4939 3357 4987 et
3390 4931 3494 4986 mel

1934 5022 2199 5084 comedet,
2228 5032 2286 5075 ut
2319 5023 2456 5079 sciat
2504 5025 2794 5093 reprobare
2824 5027 3045 5092 malum,
3079 5036 3131 5080 et
3166 5026 3367 5095 eligere
3396 5024 3495 5078 bo-

1934 5130 2084 5167 num.
2121 5113 2254 5179 Quia
2289 5124 2575 5183 antequam
2630 5118 2765 5170 sciat
2808 5133 2938 5186 puer
2971 5117 3259 5189 reprobare
3294 5117 3492 5171 malum

1931 5212 1983 5255 et
2015 5205 2213 5274 eligere
2247 5206 2465 5267 bonum,
2506 5224 2609 5259 non
2634 5217 2717 5260 est
2746 5208 3005 5264 ohediens
3036 5209 3275 5271 malitiaa,
3315 5217 3373 5262 ut
3406 5223 3493 5262 se-

1930 5295 2060 5365 ligat
2091 5298 2290 5351 bonum
2311 5301 2351 5351 '.
2392 5321 2409 5351 ι
2437 5298 2551 5352 Non
2571 5299 2898 5368 accipientes
2923 5300 3013 5370 qui
3037 5317 3101 5356 ex
3127 5300 3494 5355 circumcisio—

1930 5401 1997 5440 ne
2030 5398 2176 5453 sunt,
2214 5387 2516 5443 Salvatoris
2552 5389 2721 5442 nostri
2769 5387 2897 5445 Jesu
2930 5389 3133 5445 Christi
3176 5389 3487 5451 adventuum,

1928 5477 2394 5549 dicaut'quaznam
2442 5482 2513 5537 sit
2558 5483 2671 5537 hare
2707 5481 2879 5553 virgo,
2911 5497 3031 5555 qua:
3058 5482 3212 5553 juxta
3255 5480 3488 5553 prophe-
