4008 6208
496 267 634 324 1205

1299 267 1564 324 EUSEBII
1606 269 2088 327 CESARIENSIS
2120 273 2269 330 ΟΡΡ.
2309 274 2489 329 PARS
2526 275 2614 330 Ill.
2661 305 2727 316 —
2761 274 3167 336 EXEGETICA.

3540 285 3641 339 ιιοι

489 387 618 439 tiam
650 386 706 440 in
739 392 894 440 utero
922 383 1149 454 accipiet
1177 393 1231 439 et
1262 385 1436 454 pariet
1468 383 1660 449 lilium,
1680 385 1839 454 cujus
1862 401 2059 441 nomen

2162 390 2360 459 γαστρὶ
2405 388 2683 460 ληψομένη
2733 389 2824 441 καὶ
2872 387 3099 453 τέξουσα
3142 389 3232 444 τὸν
3262 392 3648 462 ἐπονομαζόμενον

488 476 590 532 erit
624 474 1134 540 Emmanuel.Qnod
1167 475 1213 530 si
1243 476 1482 531 dixerint
1521 491 1628 529 non
1654 476 1937 547 virginem.
1962 477 2056 532 sed

481 569 724 639 puellam
757 566 899 638 apud
956 566 1294 638 Scripturam
1330 566 1591 622 llebraica
1621 582 1754 622 voce
1809 570 2059 622 nomina-

485 673 598 715 tam
638 676 784 723 esse,
817 661 1260 731 respondendum
1315 661 1462 730 quod
1495 661 1656 731 primi
1686 662 1778 730 qui
1814 661 2060 718 divinum

488 751 789 822 Scriptum
809 767 1030 812 sensum
1063 753 1136 807 ita
1166 761 1293 808 sunt
1319 753 1679 823 interpretati,
1702 768 1808 807 non
1833 753 2061 824 quilibet

484 855 662 908 erant,
701 847 1047 916 septuaginta
1105 846 1318 901 scilicet
1362 860 1392 899 e
1423 845 1622 914 populo
1653 846 2058 915 prmstailtiores

484 937 703 1000 delecti,
740 948 794 992 et
842 938 1079 992 maxima
1129 954 1227 1008 pro
1273 938 1381 992 illis
1418 939 1752 1008 temporibus
1791 938 2057 1008 sapientia

485 1030 718 1097 probati.
760 1028 1042 1098 Quodnam
1066 1031 1212 1084 enim
1246 1029 1444 1082 mirum
1475 1029 1665 1084 Sermo
1697 1030 2059 1100 pollicebatur

485 1123 700 1192 signum
731 1123 797 1176 ab
839 1123 955 1191 ipso
989 1121 1237 1187 Domino,
1273 1122 1428 1192 quasi
1477 1120 1781 1192 prodigium
1833 1122 2055 1192 aliquid,

485 1213 647 1268 domo
671 1213 838 1269 David
861 1215 1045 1272 datum
1071 1215 1136 1269 iri
1188 1214 1580 1288 przenuntians,
1613 1215 1656 1269 si
1685 1213 2060 1268 tantummodo

487 1307 718 1376 simplex
765 1307 945 1377 puella
990 1307 1394 1376 dcsignaretnr.
1430 1305 1574 1360 Nihil
1623 1323 1753 1361 vero
1790 1307 2058 1378 prohibet,

484 1399 585 1452 etsi
636 1400 871 1476 pupllam
909 1397 1066 1467 juxta
1105 1414 1199 1454 eos
1233 1399 1553 1455 Hebraicum
1606 1399 1895 1469 signiﬁcet,
1928 1399 2060 1468 quin

484 1488 769 1557 prophetia
798 1489 1062 1557 virginem
1087 1488 1317 1543 indicari
1362 1490 1763 1544 existimemus.
1787 1488 2059 1543 Caeterum

485 1579 539 1633 in
568 1579 811 1636 Levitieo
843 1597 1059 1651 quoque
1103 1583 1348 1639 invenies
1382 1583 1645 1653 virginem
1678 1583 1794 1638 viro
1827 1582 2062 1652 despon-

484 1681 758 1736 satatn,et
793 1674 913 1744 quia:
964 1674 1072 1726 vim
1123 1675 1192 1727 ab
1234 1675 1341 1728 alio
1371 1675 1513 1739 tulit,
1559 1675 1792 1746 puellam
1843 1691 2059 1747 quoque

2169 479 2516 550 Ἐμμανουὴλ
2559 479 2704 532 υίόν’
2751 478 2862 532 ἀλλ’
2903 479 2950 531 εί
2995 478 3250 548 φάσκοιεν
3299 481 3368 551 μὴ
3409 482 3654 553 γεγράφθαι

2157 571 2447 642 παρθένον,
2478 571 2614 624 ἀλλὰ
2657 573 2834 626 νεᾶνιν
2882 570 3024 625 κατὰ
3063 571 3122 625 τὸ
3155 571 3443 642 Ἐϐραῖκδν,
3469 573 3656 638 λεκτέον,

2157 663 2233 726 ὼς
2261 664 2358 733 οὐχ
2389 666 2436 716 οἱ
2465 664 2714 733 τυχόντες
2739 661 3028 733 ἐτύγχανον
3067 665 3114 716 οἱ
3149 661 3350 733 πρῶτοι
3379 663 3464 733 τὴν
3486 664 3658 736 Γραιρὴν

2158 755 2298 808 κατὰ
2343 755 2491 808 Θείαν
2541 755 2970 827 ἑρμηνεύσαντες
2996 754 3325 824 οἰκονομίαν,
3358 755 3663 826 ἑϐδομήκοντα

2162 848 2260 920 μὲν
2288 848 2438 910 ὄντες
2468 848 2528 901 τὸ
2557 848 2777 919 πλῆθος,
2813 848 3228 919 ἀναλελεγμένοι
3273 848 3542 919 ἀριστίνδην
3581 848 3664 901 ἀπὸ

2160 942 2359 1006 παντὸς
2394 941 2487 994 τοῦ
2518 941 2669 1004 λαοῦ,
2705 942 2932 1013 δοκιμήν
2961 959 3021 995 τε
3054 941 3114 994 οὐ
3152 939 3380 1011 σμικρὰν
3414 942 3532 994 κατὰ
3565 941 3666 1004 τοὺς

2159 1033 2337 1087 αὐτῶν
2367 1033 2590 1104 χρόνους
2615 1034 2706 1086 ἐπὶ
2735 1035 2894 1106 σοφίᾳ
2917 1035 3212 1096 δεδωκότες
3231 1049 3245 1063 ⁸
3277 1033 3328 1086 τί
3368 1033 3407 1086 δ’
3437 1034 3490 1086 ἂν
3517 1035 3665 1104 παρὰ-

2159 1125 2306 1192 δοξον
2328 1128 2356 1178 ὁ
2385 1125 2554 1193 Λόγος
2587 1127 2893 1196 ὑπισχνεῖτο
2926 1130 3148 1196 σημεῖον
3185 1126 3274 1179 ὑπ’
3303 1124 3449 1178 αὑτοῦ
3473 1125 3549 1178 τοῦ
3573 1128 3665 1179 Κυ-

2161 1219 2278 1288 ρίου
2308 1217 2494 1290 ὥσπερ
2519 1233 2571 1270 τι
2596 1217 2902 1287 θαυμαστὸν
2940 1218 3017 1288 τῷ
3045 1218 3180 1288 οἴκῳ
3219 1216 3372 1270 Δαυῒδ
3407 1216 3667 1286 δοθήσεσθαι

2162 1310 2706 1383 προμαρτυράμενος,
2729 1312 2776 1363 εί
2803 1327 2870 1362 πε
2880 1311 2930 1380 pl.
2958 1311 3120 1382 ψιλῆς
3147 1309 3380 1371 νεάνιδος
3406 1311 3433 1362 ό
3452 1308 3579 1376 λόγος
3595 1304 3664 1380 ἦν·

2160 1401 2311 1455 οὐδὲν
2342 1401 2398 1454 δὲ
2425 1404 2575 1472 ἡμᾶς
2608 1400 2827 1465 κωλύει,
2865 1404 2914 1455 εἰ
2940 1404 3034 1455 καὶ
3064 1399 3357 1472 νεάνιδα[ν]
3385 1403 3486 1453 κατ’
3511 1395 3662 1462 αὖτοὺς

2161 1491 2402 1564 περιέχει
2429 1492 2488 1545 τὸ
2531 1493 2836 1564 Ἐὁραῖκὸν,
2871 1494 2945 1556 ὠς
2973 1493 3100 1564 περὶ
3137 1492 3402 1564 παρθένου
3437 1489 3660 1560 δηλοῦσθαι

2161 1582 2399 1653 νομίζειν
2429 1582 2494 1635 τὰ
2533 1583 2822 1654 εἰρημένα·
2871 1584 2965 1635 καὶ
3005 1583 3112 1654 γὰρ
3151 1579 3244 1635 οὖν
3275 1583 3330 1634 ὲν
3360 1581 3430 1651 τῷ
3459 1578 3664 1648 Astii:th

2162 1675 2340 1744 εὕροις
2382 1673 2448 1727 ἂν
2493 1674 2588 1746 τὴν
2619 1674 3064 1745 ὁμολογουμένως
3097 1673 3364 1745 παρθένον
3397 1687 3670 1742 μεμνηστευο

483 1767 770 1836 Scriptura
801 1769 814 1797 ¹
845 1767 1120 1838 appellari.
1163 1766 1228 1821 Et
1260 1768 1348 1822 hic
1377 1769 1595 1839 quidem
1629 1769 1885 1822 decorum
1913 1779 2057 1823 esset

2165 1764 2331 1835 μένην
2366 1763 2538 1835 ἀνδρὶ,
2587 1765 2673 1833 ὑφ’
2710 1764 2896 1835 ἑτέρου
2925 1765 2943 1833 (
2967 1763 3006 1820 ί.
3032 1762 3101 1817 46
3132 1772 3189 1816 v°
3214 1763 3231 1833 )
3264 1762 3318 1816 δὲ
3353 1760 3672 1832 βεϐιασμένην,

483 1858 646 1912 domo
674 1858 842 1912 David
878 1868 1099 1929 pr0pter
1141 1874 1328 1914 eorum
1362 1860 1792 1916 incredulitatem
1824 1876 1853 1914 a
1881 1860 2061 1914 Domi-

483 1963 556 2014 no
584 1950 701 2005 dari
729 1950 968 2021 signum,
999 1952 1262 2022 virginem
1301 1953 1559 2007 inusitate
1582 1951 1874 2022 parturire,
1903 1952 2060 2022 cujus

481 2039 801 2094 nasciturus
834 2054 970 2110 puer
1000 2037 1340 2096 admirabilis
1384 2037 1501 2093 fore
1534 2037 1937 2108 praedicaretur.
1976 2036 2061 2090 Si-

483 2129 703 2202 quidem
725 2146 755 2188 a
784 2132 1040 2200 pueritia,
1080 2140 1132 2194 et
1169 2141 1228 2188 ut
1257 2133 1330 2206 ita
1371 2131 1570 2192 dicam,
1615 2131 1682 2184 ab
1712 2131 1828 2202 ipsa
1860 2129 2060 2184 nativi.

482 2231 594 2278 tate
623 2223 846 2288 malitia:
879 2239 986 2278 non
1017 2225 1515 2296 obtemperaturus,
1534 2223 1847 2293 bonumque
1867 2222 2066 2277 electu-

481 2330 577 2368 rus
601 2315 1029 2384 prophetizatur.
1050 2315 1114 2370 Et
1144 2332 1344 2372 nomen
1373 2316 1492 2386 ejus
1521 2316 1716 2371 mirum
1755 2316 1807 2368 in
1844 2314 2062 2368 modum

481 2407 884 2474 praenuntiatur
947 2405 1268 2481 Emmanuel
1323 2406 1478 2472 fore,
1531 2407 1739 2462 scilicet
1790 2406 2061 2484 nobiscum

480 2493 646 2550 Deus.
677 2495 834 2562 Quod
876 2505 929 2552 et
972 2497 1280 2554 diceremus
1321 2511 1422 2554 nos
1456 2499 1582 2578 ipsi,
1618 2498 1710 2570 qui
1739 2513 1862 2576 eum
1894 2512 2062 2568 agno-

481 2587 690 2645 scimus
737 2599 792 2645 et
823 2589 1150 2646 conﬁtemur
1204 2592 1323 2660 ejus
1376 2590 1617 2644 divinam
1669 2598 1721 2664 et
1776 2590 2060 2661 mysticam

481 2679 626 2750 apud
677 2695 870 2736 onmes
919 2681 1170 2737 homines
1219 2683 1394 2752 ipsius
1449 2681 1690 2752 potentia
1738 2679 2066 2734 incarnatio-

482 2787 629 2826 nem.
686 2771 913 2826 Dicatur
961 2773 1161 2827 iterum
1217 2773 1568 2848 Emmanuel,
1596 2772 1865 2826 nobiscum
1896 2756 2058 2848 Deus,

481 2878 548 2917 eo
575 2864 722 2932 quod
754 2862 917 2918 Pater
945 2863 1186 2934 quidem,
1212 2863 1464 2934 Deusque
1491 2865 1735 2919 omnium
1763 2878 1928 2933 supra
1955 2879 2061 2919 non

481 2961 691 3006 tantum
725 2953 1036 3019 mortalem,
1075 2953 1170 3010 sed
1205 2961 1260 3008 et
1306 2969 1522 3008 onmem
1583 2955 1925 3025 spiritualem
1966 2971 2063 3008 na-

481 3055 662 3100 turam
695 3047 798 3114 sit;
829 3046 1000 3104 Filius
1044 3062 1174 3103 vero
1200 3062 1310 3102 non
1334 3047 1604 3102 immerito
1619 3045 1886 3101 nobiscum
1921 3046 2062 3101 Deus

481 3139 818 3206 nominatur,
841 3155 963 3195 cum
999 3141 1142 3212 apud
1173 3155 1275 3196 nos
1303 3150 1675 3197 commoratus
1707 3141 1797 3196 sit.
1831 3139 1985 3206 Quod
2013 3139 2056 3196 si
2088 3156 2128 3210 (ς

479 3228 651 3286 Judaei
694 3231 809 3288 hac
858 3232 1038 3286 Acbaz
1087 3232 1451 3302 prmnuntiata
1484 3232 1549 3285 ad
1598 3231 1903 3294 Ezechiam,
1939 3230 2058 3300 ejus

481 3321 658 3378 lilium
687 3322 949 3392 regnique
980 3336 1357 3377 successorem
1379 3360 1393 3387 ,
1419 3319 1680 3385 referant,
1709 3320 2053 3375 animadver-

478 3412 704 3474 tendum
761 3414 875 3474 ιιωο
927 3415 1175 3485 ipsojatn
1212 3425 1325 3470 tum
1370 3424 1523 3486 patre
1559 3414 1741 3469 Achaz
1795 3419 2059 3485 regnante

479 3505 781 3582 praedicta;
818 3506 1105 3564 Ezechiam
1140 3524 1273 3564 vero
1310 3520 1600 3578 antequam
1635 3523 1864 3579 regnum
1896 3522 2055 3561 acce-

478 3597 622 3668 perit
645 3596 848 3660 Achaz,
885 3598 1127 3671 genitum
1165 3614 1288 3658 esse
1309 3606 1547 3656 constat.
1576 3597 1860 3655 Sexdecim
1882 3612 2056 3652 annos

479 3697 802 3760 regnaverat
831 3688 1035 3753 Aehaz,
1067 3705 1192 3746 cum
1225 3690 1274 3744 ei
1321 3691 1590 3746 successit
1643 3687 1925 3751 Ezechias,
1963 3688 2057 3758 qui

477 3789 598 3834 tum
621 3778 806 3859 gelatis
833 3781 1084 3850 quintum
1130 3789 1186 3836 et
1228 3782 1546 3838 vicesimum
1583 3795 1788 3840 annum
1825 3778 2054 3850 agebat;

477 3871 554 3927 ita
611 3879 672 3926 ut
720 3887 914 3926 novem
970 3874 1130 3928 annis
1193 3883 1483 3944 antequam
1529 3881 1685 3945 pater
1751 3875 1809 3927 in
1857 3871 2056 3927 solium

477 3964 827 4031 ascenderet,
855 3976 1018 4020 natus
1051 3967 1142 4022 sit.
1165 3965 1291 4023 .Sed
1320 3967 1432 4038 jam
1467 3966 1715 4038 regnanti
1760 3968 1873 4020 haec
1917 3980 2055 4035 prae-

478 4056 628 4111 dicta
658 4065 788 4112 sunt
819 4058 996 4113 Achaz
1025 4059 1093 4113 de
1132 4059 1357 4132 miriﬁca
1401 4068 1564 4134 atque
1591 4059 1813 4114 insolita
1850 4055 2057 4113 Christi

478 4151 790 4208 nativitate.
841 4151 1190 4224 Singulorum
1233 4151 1552 4224 verohujus
1596 4153 1892 4224 prophetize
1933 4165 2056 4205 ver-

478 4241 672 4297 borum
705 4257 950 4306 sensum,
981 4245 1160 4314 qualis
1205 4244 1298 4308 sit,
1330 4248 1544 4316 noverit
1572 4247 1664 4316 qui
1691 4235 1744 4298 in
1778 4245 1878 4299 hos
1906 4243 2054 4298 locos

477 4333 750 4390 mirabilis
774 4336 878 4389 viri
905 4336 1196 4405 exegeticis
1229 4337 1474 4393 studiose
1503 4338 1817 4393 attenderit.

2163 1857 2338 1908 νεᾶνιν
2370 1855 2472 1907 ὑπὸ
2495 1855 2593 1926 τῆς
2623 1856 2845 1926 Γραφῆς
2867 1853 3276 1926 ὀνομαζομένην
3295 1871 3308 1884 ·
3350 1853 3436 1905 καὶ
3462 1852 3603 1923 ταύτῃ
3623 1865 3672 1919 γε

2161 1946 2488 2018 ἀξιοπρεπὲς
2529 1947 2595 2000 ἂν
2632 1948 2714 2018 εἴη
2743 1947 2820 2017 τῷ
2853 1947 2987 2017 οἴκῳ
3014 1945 3179 1999 Δαυῒδ
3211 1945 3299 1999 διὰ
3341 1945 3430 2016 τὴν
3469 1941 3671 1996 ἀπιστίαν

2161 2038 2336 2091 αὐτῶν
2375 2038 2527 2109 παρὰ
2552 2037 2758 2108 Κυρίου
2792 2037 3024 2091 δίδοσθαι
3054 2040 3300 2107 σημεῖον,
3335 2036 3393 2088 τὸ
3418 2031 3674 2105 παραδόξως

2163 2131 2428 2203 παρθένον
2447 2132 2752 2194 ἀποτεκεῖν,
2784 2129 2850 2182 δι’
2875 2131 2904 2182 ὃ
2928 2130 2991 2201 δὴ
3023 2132 3117 2184 καὶ
3144 2133 3173 2183 ὁ
3201 2128 3564 2200 τεχθησόμενος
3579 2124 3678 2177 θαυ-

2167 2225 2367 2296 μαστός
2395 2241 2479 2287 τις
2503 2223 2577 2276 ὣν
2601 2223 2960 2295 ἀνηγόρευται
2981 2240 2993 2252 ⁸
3027 2225 3081 2276 ετ
3105 2241 3172 2292 γε
3201 2225 3266 2275 ὲκ
3297 2221 3488 2283 παιδὸς,
3519 2218 3597 2273 καὶ
3622 2213 3680 2278 ὡς

2163 2317 2358 2380 εἰπεῖν,
2381 2314 2438 2382 ἐξ
2473 2314 2644 2383 αὐτῆς
2676 2315 2964 2382 γενέσεως,
3001 2314 3321 2386 ἀπειθήσειν
3354 2312 3444 2383 μὲν
3470 2305 3675 2378 πονηρίᾳ,

2163 2404 2483 2470 ἐκλέξασθαι
2515 2404 2570 2457 δὲ
2600 2403 2660 2455 τὸ
2685 2403 2886 2472 ἀγαθὸν
2914 2401 3338 2474 προφητεύεται.
3357 2399 3458 2453 Καὶ
3477 2398 3528 2450 τὸ
3547 2396 3678 2463 δνομα

2163 2499 2218 2552 δὲ
2258 2497 2422 2550 αὐτοῦ
2466 2497 2792 2567 θαυμαστῶς
2833 2493 3360 2569 προαναπεφώνηται
3390 2484 3678 2561 Ἐμμανουὴλ

2163 2589 2427 2662 τυγχάνον
2443 2607 2456 2618 ·
2494 2609 2511 2638 ι
2549 2589 2576 2641 ὃ
2601 2589 2736 2654 ἐστι,
2761 2591 2888 2658 μεθ’
2910 2586 3080 2656 ἡμῶν
3105 2591 3138 2641 ό
3164 2587 3400 2651 Θεός.“’0
3421 2584 3505 2638 καὶ
3528 2583 3682 2650 cpiij-

2167 2699 2263 2753 μεν
2295 2681 2360 2735 ἂν
2393 2684 2553 2752 ἡμεῖς
2577 2683 2626 2733 oi
2647 2680 3035 2752 ὁμολογοῦντες
3061 2679 3250 2742 αὑτὸν,
3276 2679 3366 2732 καὶ
3389 2672 3680 2742 συναισθόμε-

2163 2789 2241 2839 νοι
2276 2773 2374 2847 τῆς
2403 2772 2584 2852 ἐνθέου
2617 2773 2709 2826 καὶ
2738 2772 3048 2842 ἀπορρήτου
3073 2772 3156 2835 είς
3185 2770 3389 2832 πάντας
3415 2762 3679 2837 ἀνθρώπους

2161 2862 2248 2916 διὰ
2296 2861 2395 2931 τῆς
2448 2862 2610 2916 αὐτοῦ
2656 2863 2935 2934 δυνάμεως
2980 2861 3307 2934 ἐπιδημίαςο
3359 2855 3609 2927 λέγοιῖρδ
3632 2852 3681 2906 ἄν

2163 2953 2324 3006 πάλιν
2366 2954 2728 3026 Ἐμμανουὴλ,
2756 2958 2787 3008 ό
2834 2955 2959 3023 μεθ’
2993 2951 3164 3022 ἡμῶν
3200 2952 3361 3016 Θεὸς,
3393 2947 3462 3020 τῷ
3506 2946 3580 2998 τὸν
3609 2943 3679 3013 μὲν

2163 3043 2380 3114 Πατέρα
2397 3043 2490 3096 καὶ
2511 3043 2642 3096 Θεὸν
2665 3044 2770 3096 τῶν
2794 3044 2929 3097 ὅλων
2953 3043 3211 3096 ἐπέκεινα
3229 3043 3290 3094 ού
3315 3041 3464 3112 μόνον
3483 3037 3566 3107 τῆς
3586 3034 3682 3103 θνη-

2161 3135 2279 3205 τῆς,
2314 3134 2444 3188 ἀλλὰ
2480 3136 2572 3188 καὶ
2603 3135 2778 3205 πάσης
2809 3135 2908 3205 τῆς
2939 3134 3165 3204 λογικῆς
3193 3133 3402 3203 φύσεως
3424 3127 3676 3198 τυγχάνειν

2159 3230 2249 3282 τὸν
2294 3229 2349 3282 δὲ
2385 3211 2525 3294 Υἰδν,
2564 3228 2670 3281 τὸν
2693 3229 2820 3297 μεθ’
2854 3226 3024 3298 ήμῶν
3237 3225 3450 3287 εἰκότως
3469 3217 3678 3291 ὀνομάξε·

2163 3319 2285 3374 σθαι
2319 3321 2418 3392 τῆς
2452 3321 2642 3392 μέχρις
2665 3319 2822 3390 ἡμῶν
2848 3320 3141 3390 ἐπιδημίας
3169 3317 3335 3374 αὑτοῦ
3363 3317 3548 3370 ἕνεκεν.
3566 3308 3680 3363 Ἐπεὶ

2159 3415 2216 3470 δέ
2249 3431 2390 3478 τινος
2420 3414 2527 3468 τῶν
2556 3415 2618 3467 ἐκ
2640 3413 2941 3486 περιτομῆς
2964 3412 3248 3484 εἰρηκότος
3276 3407 3501 3468 ἀκούσας
3517 3403 3678 3475 μέμνη-

2163 3525 2259 3579 μαι
2312 3507 2482 3560 ταῦτα
2527 3505 2604 3575 τῷ
2649 3504 2815 3574 Ἀχάς
2861 3502 3297 3576 προφητεύεσθαι
3329 3500 3452 3570 περὶ
3485 3491 3675 3559 Ἐζεκίου

2158 3598 2252 3654 τοῦ
2295 3599 2353 3663 ἐξ
2385 3596 2550 3652 αὐτοῦ
2581 3597 2868 3668 γενομένου
2906 3597 2998 3649 καὶ
3035 3597 3152 3665 μετ’
3185 3594 3344 3648 αὐτὸν
3388 3585 3666 3662 βασιλεύσαν

2158 3707 2270 3755 τος,
2303 3688 2678 3759 ὲπιτηρητέον,
2707 3689 2786 3740 ὅτι
2829 3676 2944 3759 πρδ
2964 3686 3055 3738 τοῦ
3086 3685 3398 3754 βασιλεῦσαι
3437 3679 3518 3734 τόν
3551 3673 3678 3745 Ἀχάἶ

2160 3785 2254 3839 καὶ
2305 3783 2410 3854 πρὸ
2449 3783 2546 3853 τῆς
2583 3782 2878 3853 εἰρημένης
2912 3780 3058 3849 αὐτῷ
3091 3780 3296 3850 ταύτης
3329 3777 3390 3849 δὴ
3436 3774 3580 3843 αὐτῆς
3602 3770 3676 3838 τῆς

2160 3873 2515 3947 προφητείας,
2547 3873 2795 3936 Ἑζεκίας
2838 3872 2939 3942 ἤδη
2984 3871 3148 3947 πάλαι
3190 3867 3532 3948 γεγενημένος
3575 3864 3676 3914 ἀπο-

2155 3965 2428 4020 δείκνυται
2454 3981 2467 3993 ·
2509 3959 2603 4016 ἐπὶ
2629 3963 2760 4016 δέκα
2791 3961 2919 4030 γοῦν
2950 3963 3042 4016 καὶ
3068 3962 3128 4026 ἒξ
3155 3961 3300 4014 ἔτεσι
3332 3960 3419 4013 τὸν
3455 3951 3593 4026 Ἀχὰζ
3611 3949 3676 4020 βα·

2163 4058 2480 4112 σιλεύσαντα
2522 4055 2847 4126 διαδέχεται,
2877 4054 3024 4123 ἄγων
3055 4054 3174 4118 ἔτος
3217 4054 3315 4125 τῆς
3349 4050 3541 4122 ἡλικίας
3568 4044 3675 4112 πέμ-

2161 4170 2292 4208 πτον
2335 4150 2431 4206 καὶ
2477 4149 2738 4212 εἰκοστὸν,
2778 4148 3012 4218 ὁπηνίκα
3062 4147 3161 4216 τῆς
3213 4141 3476 4216 βασιλείας
3501 4139 3673 4208 ἤρχετο,

2156 4241 2232 4305 ὡς
2281 4241 2684 4313 προλαμϐάνειν
2736 4237 2900 4290 αὑτοῦ
2935 4238 3032 4308 τὴν
3088 4236 3301 4304 γένεσιν
3347 4233 3506 4292 ἔτεσιν
3551 4223 3670 4313 ἐννέα

2156 4334 2254 4405 τὴν
2297 4310 2389 4386 τδῦ
2446 4310 2648 4404 τέατρδς
2701 4331 2792 4382 ἐπὶ
2841 4329 2940 4400 τὴν
2981 4325 3259 4399 βασιλείαν
3303 4322 3539 4395 πάροδονο
3569 4310 3672 4369 ἀλλὰ

475 4426 586 4498 γὰρ
640 4427 740 4498 ἤδη
773 4426 1106 4496 βασιλεύοντι
1163 4431 1233 4485 τὰ
1302 4431 1637 4503 προκείμενα
1683 4432 1760 4502 τῷ
1802 4431 1967 4502 Ἀχὰξ
2018 4426 2417 4501 προφητεύεται
2462 4426 2590 4497 περὶ
2639 4423 2737 4494 τῆς
2781 4420 3155 4493 δεδηλωμένης
3198 4416 3292 4473 τοῦ
3325 4411 3536 4487 Χριστοῦ
3591 4422 3670 4503 ψ’

478 4521 701 4596 ραδόξου
752 4522 845 4575 καὶ
890 4500 1659 4597 θαυμασιωτάτης-γενέσεως.
1694 4500 1774 4580 Τα
1814 4500 2183 4600 es):qu
2215 4521 2358 4588 λέξιν
2387 4520 2597 4574 ’ἑκαστα
2627 4520 2810 4573 ὁποῖον
2844 4516 2954 4587 ἔχει
2982 4513 3127 4581 νοῦν,
3175 4516 3290 4577 τοῖς
3331 4511 3406 4574 είς
3447 4507 3556 4568 τοὺς
3599 4500 3669 4555 τό·

475 4631 611 4678 πους
655 4612 748 4666 τοῦ
793 4614 1093 4684 θαυμασίου
1147 4618 1339 4691 ἀνδρὸς
1379 4618 1722 4692 ἐξηγητικοῖς
1764 4617 1996 4690 ἐντυχὼν
2024 4621 2052 4672 ό
2089 4613 2387 4688 φιλομαθὴς
2420 4611 2640 4666 εἴσεται.

551 4800 554 4802 γ
1101 4733 1327 4789 CAPUT
1369 4735 1432 4790 Υ.
1462 4763 1466 4766 -

551 4841 570 4875 ι
609 4825 676 4879 Et
706 4824 842 4878 dixit
873 4821 1136 4880 Dominus
1182 4824 1247 4879 ad
1300 4841 1387 4881 me
1427 4846 1440 4880 :
1479 4828 1681 4898 Accipe
1727 4825 1824 4882 tibi
1853 4827 1958 4898 ipsi
1989 4828 2052 4896 li-

473 4916 638 4970 brum
669 4930 869 4970 novum
901 4914 1184 4984 grandem,
1219 4925 1272 4973 et
1305 4920 1484 4975 scribe
1510 4920 1566 4974 in
1602 4935 1668 4976 eo
1697 4920 1838 4990 stylo
1877 4919 2052 4976 homio

472 5007 607 5074 nis,
665 5017 726 5062 ut
773 5007 1022 5064 celeriter
1075 5009 1432 5080 direptionem
1495 5011 1667 5068 facias
1732 5012 2052 5084 spoliorum.

473 5100 642 5164 Adest
675 5101 840 5166 enim,
875 5109 930 5155 et
961 5108 1131 5157 testes
1175 5102 1308 5156 mihi
1349 5103 1513 5159 facito
1559 5103 1744 5160 ﬁdeles
1784 5105 2054 5171 homines,

476 5189 662 5249 Uriam
693 5191 1051 5258 sacerdotem,
1080 5202 1135 5247 et
1179 5192 1500 5249 Zachariam
1545 5195 1715 5250 lilium
1759 5195 2053 5254 Barachize.

475 5281 549 5340 Et
571 5285 779 5339 accessi
809 5283 877 5340 ad
908 5285 1328 5356 prophetissam,
1361 5295 1414 5342 et
1451 5287 1506 5342 in
1540 5297 1695 5344 utero
1725 5290 1952 5360 accepit,
2002 5297 2056 5345 et

474 5377 684 5445 peperit
715 5377 905 5435 lilium.
938 5377 1004 5433 Et
1035 5378 1173 5434 dixit
1199 5379 1461 5436 Dominus
1507 5381 1576 5436 ad
1619 5397 1705 5437 me
1731 5401 1742 5436 :
1778 5380 1926 5437 Voca
1955 5397 2052 5437 no-

474 5482 602 5522 men
651 5468 792 5538 ejus,
845 5471 1103 5528 Accelera
1160 5473 1332 5544 spolia
1408 5472 1714 5540 detrahere,
1761 5475 1874 5531 cito
1916 5491 2053 5546 pne-

473 5557 646 5620 dare,
707 5558 834 5626 quia
890 5569 1181 5630 antequam
1241 5563 1379 5617 sciat
1436 5581 1574 5634 puer
1615 5580 1811 5621 vocare
1841 5573 2050 5636 patrem

548 5716 560 5745 ³
605 5711 758 5764 Deut.
786 5727 922 5773 χιιι,
959 5713 1047 5764 ΞἹ.

2083 4771 2130 4830 1)

2689 4723 3083 4780 ΚΕΦΑΛΑΙΟΝ
3130 4721 3200 4776 E'.

2231 4845 2249 4876 ‹
2287 4825 2394 4886 Καὶ
2419 4819 2538 4877 εἶπε
2582 4821 2784 4892 Κύριος
2818 4818 2952 4891 πρὸς
2999 4818 3084 4888 μὲ,
3127 4814 3269 4868 Λάϐε
3313 4807 3503 4878 σεαυτῷ
3539 4805 3665 4871 τόμον

2157 4917 2402 4994 (χάρτου)
2435 4913 2623 4970 καινοῦ
2661 4911 2918 4987 μεγάλου,
2946 4911 3038 4964 καὶ
3069 4908 3271 4980 γράψον
3292 4908 3366 4968 εἰς
3390 4899 3662 4994 αύτδνιγρι-

2156 4988 2267 5081 φιδέ
2294 5008 2389 5063 ἀνθ
2396 5008 2602 5080 ρώπου,
2626 5005 2718 5060 τοῦ
2745 5004 2911 5072 ὀξέως
2941 5000 3213 5074 προνομὴν
3244 4998 3450 5069 ποιῆσαι
3468 4988 3659 5081 σκύλιιιψ

2155 5077 2523 5174 ’ίτάρεστιήγὰρ
2543 5117 2554 5128 ·
2593 5101 2686 5152 καὶ
2713 5095 2993 5169 μάρτυράς
3021 5111 3110 5166 μοι
3131 5093 3347 5162 ποίησον
3379 5077 3662 5174 πιστοὺς

2156 5166 2554 5268 θρίῦπουςέτον
2596 5166 2911 5264 Οὐρίαυτδν
2959 5187 3126 5259 ἱερέα,
3165 5185 3256 5239 καὶ
3302 5166 3657 5268 Ζαχαρίανλυὶθν

2153 5257 2444 5358 ῐίαραχίου.
2476 5285 2585 5356 καὶ
2617 5257 2915 5357 προσῆλθον
2958 5257 3092 5352 πρὸς
3123 5279 3218 5351 τὴν
3249 5257 3652 5364 προφήτηνβιξξνξο

2154 5356 2250 5436 καί
2385 5379 2580 5450 γαστρὶ
2612 5356 2792 5438 ἔλαϐε,
2826 5374 2918 5428 καὶ
2958 5372 3140 5429 ἔτεκεν
3172 5371 3306 5427 υἱόν·
3341 5366 3426 5420 καὶ
3449 5356 3650 5450 εἶπε-Ιολύ⁴

2156 5473 2268 5546 ριός
2312 5446 2431 5542 μοι.
2469 5446 2710 5530 Κάλεσον
2738 5470 2797 5520 τὸ
2821 5466 2988 5538 δνομα
3019 5465 3200 5528 αὑτοῦ,
3237 5458 3440 5532 Ταχέως
3473 5446 3650 5546 οζχύλευῖ

2155 5531 2264 5631 σον,
2305 5531 2472 5631 όξέως
2525 5531 2926 5633 προνόμευσονί
2969 5558 3124 5620 διότι,
3179 5556 3301 5626 πρὶν
3355 5543 3581 5620 ῆγνῶναι
3605 5531 3647 5584 τδ
