4008 6208
330 230 467 285 1205

1338 228 1629 286 ECLOGA:
1668 229 2151 289 meruerim.
2193 264 2260 274 -
2307 235 2434 290 LIB.
2479 218 2587 290 iv.‘

3407 236 3544 291 ιεοσ

325 346 533 404 παιδίον
578 346 759 398 καλεῖν
809 346 1016 418 πατέρα
1049 346 1080 417 ἢ
1117 346 1346 419 μητέρα,
1382 344 1607 416 λήψεται
1660 346 1884 418 δύναμιν

2011 360 2080 404 ιιιι
2119 360 2369 417 matrem,
2402 351 2632 424 accipiet
2681 359 3000 422 potestatem
3035 349 3302 412 Damasci,
3334 357 3386 404 et
3416 330 3556 418 spe»,

323 437 636 513 Δαμασκοῦ,
681 440 774 492 καὶ
811 439 878 492 τά
929 439 1099 493 σκῦλα
1134 438 1441 512 Σαμαρείας
1472 440 1706 494 ἐναντίον
1733 438 1885 509 βασι-

323 535 456 599 λέως
497 532 815 603 ’Δσσυρίων.
849 551 867 585 ι
920 533 1040 585 Ἐπὶ
1076 535 1142 604 τῇ
1177 532 1271 585 τοῦ
1308 532 1585 603 μέλλοντος
1616 533 1889 585 ἀποτελεῖ-

323 627 445 684 οθαι
502 624 805 698 παραδόξου
855 626 1141 695 ἀναγραφῇ
1186 625 1350 695 τόμον
1410 623 1595 678 καινοῦ
1654 624 1888 696 μεγάλου

320 722 567 793 ἀγράφου
625 719 1021 790 προστάσσεται
1066 717 1247 770 λαϐεῖν
1289 720 1317 770 ὁ
1364 718 1680 788 προφήτηςο
1712 717 1778 769 δι’
1827 710 1888 768 οῦ

320 810 608 883 δηλοῦσθαι
650 809 854 880 νομίζω
882 809 940 861 τὸ
966 810 1062 880 τῆς
1098 810 1305 878 Καινῆς
1339 808 1611 881 Διαθήκης
1649 809 1891 878 Εὐαγγέ-

323 902 463 957 λιον·
500 902 633 955 ἀλλά
668 901 760 954 καὶ
809 901 1088 973 μάρτυρας
1120 901 1196 973 τῷ
1229 902 1416 975 Κυρίῳ
1445 902 1770 972 ποιήσασθαι
1800 920 1890 955 πι-

325 995 481 1058 στοὺς
512 993 849 1066 ἀνθρώπους,
879 988 952 1048 ὧν
985 996 1013 1048 ό
1045 998 1141 1068 μὲν
1173 999 1349 1068 ἱερεὺς
1380 996 1594 1065 λέγεται
1624 992 1781 1061 εἶναι,
1803 998 1891 1050 ὁδ’

323 1085 526 1158 ἔτερος,
574 1084 747 1157 οἶμαι,
781 1088 1060 1159 προφήτης
1101 1084 1198 1160 ἦν’
1236 1090 1506 1160 μέμνηται
1550 1090 1679 1160 γοῦν
1728 1091 1892 1145 αὑτοῦ

325 1179 422 1232 καὶ
452 1180 485 1249 ἡ
511 1178 617 1231 τῶν
659 1177 1144 1251 Παραλειπομένων
1176 1183 1360 1252 γραφή
1382 1197 1396 1213 ·
1442 1180 1535 1245 οὒς
1575 1181 1668 1235 καὶ
1698 1183 1893 1247 αὐτοὺς

327 1270 690 1341 ὑπολαμϐάνω
718 1270 982 1341 σύμϐολον
1010 1267 1146 1325 εἶναι
1174 1273 1281 1326 τῶν
1309 1273 1808 1345 μεμαρτυρηκότων
1827 1277 1892 1345 τῇ

323 1361 417 1415 τοῦ
450 1362 695 1432 Σωτῆρος
728 1363 883 1434 ἡμῶν
926 1363 1099 1435 Ἰησοῦ
1131 1366 1366 1436 Χριστοῦ
1405 1368 1677 1439 παρουσίᾳ
1706 1365 1767 1439 (f.
1802 1367 1894 1437 47)

322 1454 638 1525 προφητῶν,
662 1457 754 1508 κα)⁸
781 1456 887 1509 τῶν
914 1458 993 1519 εἰς
1019 1456 1109 1509 τόν
1141 1455 1303 1510 αὑτοῦ
1341 1456 1510 1512 τύπον
1539 1460 1705 1513 πάλαι
1725 1458 1893 1513 καθε-

325 1544 544 1599 στώτων
592 1548 800 1618 ἱερέων.
840 1547 994 1602 Μετά
1033 1549 1206 1602 ταῦτα
1259 1548 1502 1619 λέγεται·
1540 1569 1560 1602 ι
1595 1552 1706 1605 Καὶ
1727 1568 1894 1623 προσ-

325 1636 486 1706 ῆλθον
513 1638 649 1708 πρὸς
683 1638 780 1710 τὴν
812 1641 1101 1711 προφῆτιν,
1135 1643 1227 1695 καὶ
1251 1644 1309 1696 ὲν
1337 1645 1534 1715 γαστρὶ
1568 1644 1727 1697 ἔλαϐε
1752 1685 1767 1711 ,
1804 1646 1899 1699 καὶ

329 1727 511 1782 ἔτεκεν
532 1731 669 1795 υἱὸν,
697 1751 713 1783 ι
730 1732 905 1785 καὶτὰ
928 1733 1074 1804 ἑξῆς.
1106 1735 1320 1806 Σφόδρα
1342 1735 1399 1787 δὲ
1423 1736 1665 1807 ἀπρεπὲς
1685 1737 1780 1790 καὶ
1803 1739 1901 1809 τῆς
1932 1716 1972 1770 Β

325 1824 667 1893 προφητικῆς
720 1825 1043 1896 σεμνότητός
1085 1843 1144 1880 τε
1195 1828 1289 1880 καὶ
1331 1827 1697 1900 καθαρότητος
1741 1828 1898 1882 ἀλλό-

321 1930 472 1986 τριον
513 1915 576 1968 τὸ
610 1917 913 1988 προχείρως
959 1918 1130 1983 οὕτως
1166 1919 1373 1973 οἴεσθαι
1407 1920 1497 1975 τὸν
1535 1922 1821 1993 προφήτην
1844 1923 1902 1975 ἐν

320 2009 475 2081 αὐτῷ
506 2010 584 2080 τῷ
613 2010 982 2083 θεοφορεῖσθαι
1034 2011 1146 2067 ἐπι
1173 2013 1464 2087 μαρτύρων
1492 2013 1600 2067 τῶν
1648 2012 1903 2084 προδεδη-

322 2102 585 2173 λωμένων
636 2106 918 2169 κοινωνίας
969 2107 1126 2178 χάριν
1180 2109 1409 2178 αἰσχρᾶς
1454 2104 1901 2177 προσεληλυθέναι

321 2194 545 2260 γυναικὶ
578 2196 865 2267 προφήτιδι
899 2198 993 2250 καὶ
1026 2200 1188 2269 αὐτῇ·
1236 2200 1362 2252 ποία
1392 2199 1449 2252 δὲ
1480 2199 1580 2253 κᾶν
1611 2199 1904 2270 πιθανότης

321 2285 579 2354 τολμάτω
602 2288 913 2357 προσελθεῖν
937 2290 1097 2343 αὐτὸν
1120 2290 1492 2361 συνειληφέναι
1514 2291 1608 2345 καὶ
1628 2292 1903 2345 τετοκέναι

322 2379 499 2449 αὐτὴν
531 2380 671 2432 υἱόν·
713 2380 845 2435 ἀλλὰ
882 2382 988 2455 γὰρ
1031 2382 1249 2452 ἔχεσθαι
1280 2382 1377 2435 κα)⁸
1412 2382 1614 2454 ταύτην
1645 2382 1743 2452 τὴν
1772 2400 1904 2453 προ-

323 2470 557 2540 φητείαν
583 2471 821 2544 ἡγοῦμαι
855 2473 948 2526 τοῦ
974 2473 1064 2527 νοῦ
1088 2477 1186 2544 τῆς
1228 2472 1668 2545 προεκτεθείσης,
1692 2472 1811 2527 καθ’
1838 2474 1903 2545 ἦν

325 2561 544 2633 εἴρητο·
579 2584 596 2616 ι
650 2565 777 2619 Ἰδοὺ
830 2569 861 2638 η
907 2566 1176 2638 παρθένος
1221 2565 1279 2618 ὲν
1328 2566 1526 2639 γαστρὶ
1581 2564 1840 2636 λήψεται·
1880 2583 1898 2615 ι

323 2657 636 2727 ὲκεῖσεμὲν
666 2658 773 2730 γὰρ
796 2660 852 2711 ὲν
877 2661 1073 2731 γαστρὶ
1109 2658 1369 2732 λήψεσθαι
1402 2660 1496 2714 καὶ
1522 2656 1767 2724 τέξεσθαι
1793 2657 1905 2713 υἱὸν

324 2749 662 2821 προύλέγετο
710 2753 741 2822 η
792 2753 1093 2824 παρθένοςο
1144 2752 1375 2806 ἐνταῦθα
1410 2753 1467 2806 δὲ
1515 2753 1608 2806 καὶ
1641 2754 1668 2805 ό
1710 2750 1907 2825 τρόπος

324 2840 457 2895 καθ’
482 2841 541 2895 ὃν
569 2844 739 2913 πέρας
768 2843 984 2915 εἴληφεν
1019 2845 1053 2912 ἠ
1092 2844 1401 2916 προφητεία
1428 2843 1712 2915 δηλοῦται·
1756 2861 1774 2895 ι
1819 2843 1906 2895 Ἐν

324 2933 532 3003 γαστρὶ
580 2934 706 3002 γάρ,
752 2934 934 3004 φησὶν,
983 2932 1162 2998 ἔλαϐε,
1204 2934 1297 2987 καὶ
1368 2933 1551 2990 ἔτεκεν
1584 2934 1721 2989 υἱόν.
1765 2951 1784 2985 ι
1812 2932 1906 2996 Τίς

1989 443 2058 496 lia
2106 441 2364 499 Samariaa
2409 459 2589 499 coram
2637 458 2764 513 rege
2809 441 3153 512 Assyriorum
3194 442 3234 492 ί.
3286 462 3304 490 ι
3338 439 3418 493 Ad
3451 441 3550 492 mi-

1989 536 2189 593 randas
2220 552 2307 593 res
2334 552 2455 608 quae
2486 537 2681 592 futurae.
2725 543 2880 592 erant
2908 532 3329 589 conscribendas
3357 532 3554 587 librum

1990 641 2188 680 novum
2220 635 2274 681 et
2306 627 2563 697 grandem
2613 640 2827 681 sumere
2864 624 3087 694 jubetur
3130 622 3416 693 propheta,
3446 635 3556 689 quo

1992 717 2281 788 signiﬁcari
2301 718 2495 788 opinor
2521 716 2657 773 Novi
2690 716 3021 771 Testamenti
3047 713 3419 784 Evangelium.
3448 711 3557 766 Sed

1991 818 2044 866 et
2076 817 2243 866 testes
2288 810 2516 864 Domino
2561 818 2620 864 ut
2666 810 2867 864 faceret
2904 807 3088 862 ﬁdeles
3120 806 3387 868 homines,
3416 818 3555 871 quo-

1992 918 2111 957 rum
2145 904 2360 975 quidem
2391 919 2533 958 unus
2566 901 2820 957 sacerdos
2844 915 2966 955 esse
3006 899 3223 961 dicitur,
3259 897 3397 951 alius
3429 911 3560 951 vero

1993 995 2252 1067 propheta
2278 1000 2428 1061 erat;
2477 992 2722 1046 meminit
2769 991 2933 1056 igitur
2956 990 3075 1054 ejus
3104 996 3157 1042 et
3193 985 3561 1057 Paralipome-

1993 1101 2102 1141 non
2136 1085 2415 1154 Scriptura
2441 1100 2456 1148 ;
2488 1098 2625 1153 quos
2674 1091 2725 1137 et
2753 1083 2900 1152 ipsos
2949 1080 3197 1150 suspicor
3226 1086 3411 1149 typum
3438 1093 3560 1133 esse

1992 1192 2179 1234 eorum
2212 1177 2303 1246 qui
2347 1171 2642 1229 Salvatoris
2687 1171 2863 1229 nostri
2904 1170 3033 1226 Jesu
3074 1169 3274 1225 Christi
3306 1169 3559 1223 adventui

1995 1278 2162 1327 testes
2186 1268 2315 1324 facti
2361 1276 2490 1324 sunt
2541 1266 2839 1338 prophetae,
2867 1271 2922 1319 et
2959 1264 3052 1334 qui
3086 1263 3141 1316 in
3175 1263 3295 1332 ejus
3335 1261 3559 1332 ﬁguram

1994 1367 2123 1422 olim
2161 1361 2444 1418 constituti
2483 1370 2611 1416 sunt
2652 1358 2981 1416 sacerdotes.
3017 1355 3149 1410 Post
3181 1356 3295 1409 haec
3320 1354 3557 1409 dicitur:

2002 1480 2020 1513 ι
2058 1459 2124 1514 Et
2157 1457 2363 1513 accessi
2393 1455 2459 1510 ad
2494 1454 2911 1526 prophetissam,
2943 1456 2996 1504 et
3038 1449 3092 1503 ln
3143 1456 3299 1501 utero
3332 1444 3558 1514 act-epit.

1996 1562 2051 1611 et
2098 1552 2306 1625 peperit
2354 1550 2542 1613 ﬁlium,
2578 1567 2597 1599 ι
2633 1554 2686 1600 et
2709 1559 2829 1615 qua:
2863 1547 3185 1612 sequuntur.
3242 1537 3563 1607 MagnOpere

1999 1647 2215 1717 quidem
2257 1644 2537 1712 indignum
2580 1636 2893 1709 prophetica
2935 1634 3195 1704 dignitate
3237 1636 3291 1685 et
3335 1626 3564 1685 sinceri-

2001 1746 2111 1793 tate
2152 1735 2463 1790 existimare
2507 1730 2855 1802 prophetam,
2900 1724 3196 1795 prmsertim
3244 1736 3368 1775 cum
3422 1720 3564 1774 inter

2002 1829 2290 1901 pradictos
2330 1832 2499 1879 testes
2546 1821 2808 1877 divinitus
2848 1816 3165 1887 inspiratur,
3187 1813 3361 1881 turpis
3399 1825 3566 1865 causa

2003 1920 2265 1977 consortii
2292 1919 2360 1972 ad
2383 1918 2684 1978 mulierem,
2712 1913 3109 1984 prophetissam
3139 1907 3266 1961 licet
3287 1903 3564 1959 accedere.

2000 2011 2255 2083 Nunquid
2302 2007 2595 2065 verisimile
2637 2014 2752 2060 erat
2788 2018 2909 2058 eum
2954 1998 3277 2063 accessisse,
3330 2005 3385 2051 et
3422 1993 3567 2048 illam

2003 2105 2323 2175 concepisse
2343 2112 2398 2157 et
2420 2100 2695 2171 peperisse
2712 2095 2917 2151 ﬁlium?
2936 2092 3104 2147 Nobis
3122 2091 3263 2146 enim
3287 2089 3427 2144 idem
3447 2101 3570 2143 esse

2002 2199 2213 2254 videtur
2239 2210 2433 2252 sensus
2450 2192 2633 2263 hujus,
2665 2205 2728 2244 ac
2743 2187 2941 2259 prioris
2962 2183 3274 2255 prophetia),
3298 2197 3404 2250 qua
3435 2178 3570 2233 dici-

2003 2298 2136 2345 tur:
2170 2307 2189 2340 (
2231 2270 2369 2342 Ecce
2413 2287 2566 2355 virgo
2613 2284 2669 2337 in
2716 2288 2871 2337 utero
2919 2274 3191 2345 accipiet:
3233 2292 3251 2324 ι
3285 2273 3396 2327 illic
3426 2274 3568 2327 enim

2003 2385 2061 2440 in
2094 2392 2248 2437 utero
2280 2384 2621 2448 accepturam
2654 2384 2709 2429 et
2745 2372 2915 2427 ﬁlium
2954 2368 3251 2440 parituram
3293 2378 3415 2419 esse
3462 2362 3570 2415 vir-

2004 2476 2182 2548 ginem
2226 2470 2543 2543 praedictum
2576 2473 2724 2533 erat;
2773 2478 2918 2519 nunc
2964 2461 3052 2515 hic
3094 2458 3231 2514 ratio
3268 2453 3572 2511 ostenditur

2004 2546 2110 2637 qua
2136 2568 2330 2619 eventu
2360 2558 2584 2629 probata
2617 2563 2699 2611 est
2730 2553 3031 2625 prephetia.
3071 2568 3089 2602 ι
3130 2549 3187 2604 ln
3216 2555 3370 2603 utero
3402 2546 3569 2607 enim,

2006 2658 2103 2721 ait,
2153 2653 2361 2725 accepit
2392 2660 2447 2707 et
2497 2647 2705 2719 peperit
2753 2645 2941 2700 ﬁlium.
2981 2663 2999 2696 ι
3027 2640 3162 2709 Quis
3212 2641 3375 2711 igitur
3423 2646 3569 2694 esset

2007 2748 2197 2805 dicens
2226 2766 2239 2801 :
2279 2764 2297 2797 ι
2336 2743 2555 2798 Accessi
2587 2742 2654 2796 ad
2689 2739 3106 2812 prophetissam,
3140 2754 3159 2788 ι
3194 2732 3300 2787 nisi
3334 2730 3570 2801 Spiritus

2008 2852 2253 2907 sanctus,
2284 2854 2315 2894 a
2355 2851 2465 2908 quo
2514 2834 2723 2890 afﬂatus
2745 2831 3007 2905 propheta
3052 2825 3360 2888 divinabat,
3408 2830 3462 2877 et
3506 2820 3573 2875 de

2007 2951 2117 3008 quo
2148 2935 2352 2990 dictum
2377 2940 2458 2987 est
2487 2928 2667 2983 Maria
2696 2946 2709 2981 :
2749 2944 2768 2976 ι
2799 2924 3035 2995 Spiritus
3068 2925 3292 2975 sanctus
3318 2927 3576 2984 superve-

326 3022 402 3077 ἂν
430 3018 522 3076 οὖν
550 3024 634 3095 εἴη
664 3026 692 3077 ὁ
731 3023 953 3092 φάσκων
983 3025 1062 3090 τὸ,
1097 3045 1114 3076 ι
1153 3024 1465 3098 Προσῆλθον
1491 3025 1627 3096 πρὸς
1654 3024 1749 3096 τὴν
1778 3043 1909 3096 προ-

2011 3004 2121 3084 niet
2158 3028 2214 3081 in
2263 3031 2345 3089 te,
2380 3033 2435 3077 et
2464 3022 2637 3076 virtus
2677 3014 2941 3072 Altissimi
2981 3008 3325 3067 obumbrabit
3350 3004 3450 3060 tibi
3476 3006 3517 3055 ι.
3552 3022 3568 3054 ι

327 3116 517 3185 φῆτιν,
555 3136 573 3166 ι
607 3116 639 3187 ἢ
671 3116 730 3169 τὸ
757 3116 978 3187 Πνεῦμα
1006 3116 1065 3169 τὸ
1106 3096 1255 3185 ἅγιον
1278 3116 1338 3173 τὸ
1376 3114 1567 3168 λαλοῦν
1595 3116 1652 3166 ὲν
1673 3114 1751 3185 τῷ
1782 3131 1910 3187 προ-

2011 3121 2244 3192 Ideoque
2282 3116 2626 3188 prophetissa
2664 3125 2774 3165 non
2820 3106 3088 3162 immerito
3125 3102 3396 3157 diceretur
3434 3096 3573 3168 ipsa,

329 3206 506 3279 φήτῃ,
542 3207 667 3278 περ)⁸
693 3198 753 3259 οῦ
801 3206 1046 3259 λέλεκται
1081 3209 1146 3277 τῇ
1177 3204 1391 3280 Μαρίῳ
1430 3225 1449 3257 ι
1491 3204 1717 3276 Πνεῦμα
1759 3205 1911 3275 ἅγιον

2012 3228 2131 3286 quae
2169 3228 2200 3266 a
2244 3216 2433 3266 sancto
2476 3205 2679 3277 Spiritu
2711 3200 3044 3271 concipiens,
3084 3194 3294 3268 peperit
3327 3206 3450 3248 eum
3485 3192 3578 3261 qui

328 3297 687 3353 ἐπελεύσεται
713 3299 805 3351 ἐπὶ
840 3299 916 3361 σὲ,
947 3299 1037 3351 καὶ
1063 3298 1286 3369 δύναμις
1324 3297 1573 3367 Ὑψίστου
1608 3297 1913 3352 ἐπισκιάσει

332 3406 444 3446 σοι.
487 3410 505 3443 ι
543 3392 632 3443 Διὸ
666 3392 758 3444 καὶ
802 3392 1068 3462 προφῆτις
1107 3392 1205 3444 οὐκ
1238 3389 1537 3453 ἀπεικότως
1562 3388 1653 3447 καὶ
1688 3389 1824 3459 αὐτὴ
1850 3387 1914 3442 ἂν

328 3484 556 3555 λεχθείη
577 3500 590 3513 ·
624 3484 731 3536 ἀπὸ
764 3482 893 3551 γοῦν
922 3482 1016 3537 τοῦ
1055 3483 1209 3551 ἁγίου
1244 3481 1557 3552 Πνεύματος
1582 3479 1916 3534 συλλαϐοῦσα

329 3575 529 3631 τέτοκε
573 3575 664 3629 τὸν
707 3578 883 3629 ἐκεῖσε
932 3575 1029 3647 μὲν
1076 3574 1502 3646 ἐπικεκλημένον
1543 3572 1913 3645 Ἐμμανουὴλ,

332 3665 575 3719 ἐνταῦθα
596 3665 650 3718 δὲ
666 3665 838 3730 ἄλλως
866 3666 1402 3739 προσαγορευόμενον
1418 3682 1431 3695 °
1456 3685 1475 3719 ι
1497 3666 1739 3720 Κάλεσον
1788 3666 1916 3740 γὰρ,

336 3758 501 3832 φησὶ,
556 3758 617 3811 τὸ
680 3757 849 3827 ὄνομα
875 3758 967 3812 τοῦ
1012 3757 1402 3828 ἀποτεχθέντος
1432 3756 1663 3820 παιδίου,
1696 3758 1919 3825 Ταχέως

342 3850 665 3917 σκύλευσον,
708 3851 875 3916 ὀξέως
908 3852 1307 3923 προνόμευσονο
1353 3870 1372 3903 ι
1411 3851 1504 3903 καὶ
1544 3850 1650 3921 γὰρ
1679 3850 1754 3912 ὡς
1792 3850 1922 3923 ἀλη-

338 3942 459 4007 Οῶς
509 3942 832 3996 ἐσκύλευσεν
859 3938 1013 4007 οὗτος
1058 3945 1152 3997 καὶ
1196 3944 1590 4014 προενόμευσεν
1631 3943 1925 4017 ἀπορρήτῳ

340 4038 444 4091 καὶ
471 4036 590 4108 θείᾳ
608 4037 832 4107 δυνάμει
848 4037 947 4101 τὰς
970 4037 1347 4107 ἀντικειμένας
1367 4038 1626 4108 ἀοράτους
1656 4038 1751 4092 καὶ
1774 4057 1928 4093 πνευ-

346 4129 588 4201 ματικὰς
610 4129 884 4201 δυνάμεις,
916 4129 1055 4185 ὥστε
1081 4131 1276 4197 εἰπεῖν,
1318 4148 1335 4181 ι
1385 4127 1524 4199 Ἐγὼ
1552 4131 1815 4203 νενίκηκα
1837 4133 1927 4186 τὸν

342 4222 586 4293 κόσμονο
627 4242 647 4275 ο
676 4224 768 4292 ἀφ’
799 4216 872 4277 ὧν
912 4223 1081 4277 σκῦλα
1122 4223 1216 4275 καὶ
1248 4222 1526 4295 προνομὴν
1558 4222 1794 4294 εἰληφὼς
1830 4224 1929 4289 τὰς

2014 3281 2123 3359 illic
2148 3307 2373 3357 vocatur
2414 3293 2753 3358 Emmanuel,
2784 3292 2875 3347 hic
2903 3304 3033 3345 vero
3065 3289 3218 3341 aliter
3248 3281 3577 3339 nominatur.

2019 3413 2038 3446 ι
2077 3391 2223 3447 Voca
2250 3390 2416 3452 enim,
2442 3388 2536 3453 ait,
2564 3399 2760 3442 nomen
2804 3382 2945 3452 ejus,
2992 3378 3250 3433 Accelera
3284 3372 3457 3445 spolia
3486 3368 3579 3424 de-

2015 3486 2251 3549 trahere,
2286 3482 2397 3537 cito
2436 3478 2696 3551 praedare.
2745 3495 2765 3528 ι
2796 3472 2937 3527 Vere
2993 3470 3139 3525 enim
3190 3466 3280 3522 ille
3332 3460 3584 3535 spoliavit

2016 3589 2069 3634 et
2099 3578 2370 3650 pradatus
2402 3582 2486 3630 est
2522 3568 2751 3642 mystica
2780 3573 2833 3622 et
2861 3564 3042 3620 divina
3064 3561 3263 3614 virtute
3302 3556 3581 3614 adversas,

2019 3645 2319 3725 invisibiles
2332 3665 2766 3737 rspiritualesque
2803 3658 3118 3728 potestates,
3150 3650 3225 3703 ita
3254 3654 3313 3699 ut
3336 3645 3578 3699 diceret:

2025 3785 2043 3818 ι
2081 3762 2194 3835 Ego
2233 3734 2628 3817 vicimundum
2660 3753 2701 3807 ⁸.
2743 3772 2763 3804 ι
2789 3749 2834 3804 Α
2867 3746 3064 3820 quibus
3112 3737 3268 3812 quasi
3317 3734 3490 3805 spolia
3509 3739 3585 3835 net

2021 3818 2259 3931 praedam
2290 3851 2497 3905 animas
2526 3840 2849 3918 jampridem
2894 3837 2962 3891 ab
3008 3834 3075 3889 iis
3114 3839 3399 3905 oppressas
3433 3818 3585 3875 aufe-

2023 3914 2170 4015 rens,
2207 3968 2225 4000 ι
2263 3944 2557 4018 praedicare
2582 3935 2810 4009 captivis
2853 3920 3275 3987 remissionem‘
3312 3938 3329 3971 ι
3362 3914 3586 3971 conﬁte-

2027 4055 2133 4111 tur,
2160 4008 2433 4112 accipiens
2462 4050 2493 4089 a
2515 4008 2677 4090 Patre
2705 4048 2724 4082 ‹
2753 4032 2940 4100 gentes
2969 4018 3332 4081 beareditatem
3355 4009 3473 4079 ejus
3494 4008 3538 4070 ³,
3564 4024 3583 4055 ι

2027 4100 2146 4209 quae
2187 4100 2362 4205 Spolia
2407 4127 2564 4184 facile
2605 4122 2712 4179 dici
2745 4122 3002 4191 possent;
3037 4129 3055 4163 ι
3093 4118 3146 4165 et
3189 4100 3589 4178 possessionem

2028 4198 2145 4299 ejus
2201 4198 2463 4280 terminos
2522 4226 2675 4272 terrze
2707 4215 2749 4280 °,
2796 4231 2815 4264 ›
2853 4206 2997 4280 quod
3061 4202 3253 4257 merito
3306 4198 3591 4250 vocaretur

354 4316 530 4370 πάλαι
556 4316 1129 4388 κατατυραννουμένας
1155 4316 1245 4369 ὑπ’
1288 4314 1465 4368 αὐτῶν
1486 4316 1681 4387 ψυχὰς,
1702 4315 1909 4388 κηρῦξα

2030 4296 2527 4392 μικρόλνιυαιιοιεε,
2552 4328 2569 4361 ι
2600 4307 2924 4375 Priusquam
2953 4298 3088 4354 sciat
3109 4307 3242 4365 puer
3267 4300 3465 4343 vocare
3493 4296 3590 4354 pa-

347 4406 722 4480 αίχμαλώτοις
747 4377 938 4479 ἀφεσιν
967 4377 993 4458 ’›
1023 4377 1293 4479 ὁμολογεῖ,
1322 4377 1679 4478 λαϐὼν-παρά
1698 4377 1791 4462 τοῦ
1825 4377 1910 4463 lia

2031 4377 2163 4473 irem
2189 4418 2244 4465 et
2270 4414 2519 4466 matrem,
2547 4399 2796 4469 accipiet,
2831 4394 2925 4458 ait,
2960 4395 3280 4462 potestatem
3321 4377 3589 4438 Damasci,

345 4500 485 4572 ’πρὸς
524 4519 542 4551 ι
580 4499 707 4571 ἔθνη
735 4500 831 4571 τὴν
880 4501 1239 4572 κληρονομίαν
1283 4501 1474 4556 αὐτοῦ⁸
1517 4522 1533 4553 ι
1560 4502 1594 4555 ἃ
1632 4501 1827 4571 λέγοιτ’
1862 4502 1927 4557 ἂν

350 4594 595 4656 εὐκόλως
616 4593 805 4648 σκῦλα·
830 4611 849 4645 ι
873 4595 967 4647 καὶ
991 4593 1086 4665 τὴν
1102 4596 1427 4668 κατάσχεσιν
1447 4593 1609 4650 αὐτοῦ
1626 4593 1694 4647 τὰ
1720 4597 1927 4666 πέρατα

354 4687 461 4757 τῆς
482 4687 608 4756 γῆς,
636 4707 653 4738 ι
675 4685 710 4740 ἃ
740 4688 832 4740 καὶ
864 4686 1001 4740 αύτά
1020 4687 1241 4750 εἰκότως
1273 4689 1338 4742 ἂν
1380 4689 1593 4743 καλοῖτο
1630 4696 1937 4760 προνομήᾛ

357 4778 505 4849 Πρὸς
554 4777 783 4841 τούτοις,
826 4797 844 4830 ι
898 4779 1094 4850 Πρὶνῆ
1132 4778 1332 4846 γνῶναι
1391 4782 1451 4834 τὸ
1478 4783 1688 4836 παιδίον
1740 4781 1924 4835 καλεῖν

340 4872 579 4951 ’πατέρα
615 4871 649 4943 ἢ
698 4871 928 4943 μητέρα,
966 4872 1213 4944 λήψεται,
1252 4874 1405 4944 φησὶ,
1471 4873 1699 4943 δύναμιν
1755 4876 1931 4943 Δαμα-

361 4962 496 5017 σκοῦ
550 4965 641 5017 καὶ
673 4963 742 5017 τὰ
770 4963 941 5017 σκῦλα
970 4966 1281 5038 Σαμαρείας
1311 4965 1486 5019 ἔναντι
1516 4965 1776 5041 βασιλέως
1813 4969 1931 5019 Ἀσ-

365 5056 593 5127 συρίων·
637 5077 654 5109 ι
687 5058 827 5130 ειπερ
861 5058 954 5110 καὶ
984 5059 1121 5111 αύτά
1149 5059 1290 5113 κατά
1340 5058 1506 5129 μόνην
1535 5059 1787 5123 διάνοιαν,
1817 5061 1934 5129 ἦτοι

365 5150 493 5220 περὶ
542 5150 815 5221 δυνάμεών
859 5150 1320 5223 τινωνξπονηρῶν,
1368 5147 1525 5222 οἶμαι
1553 5151 1825 5220 λέγεσθαι,
1869 5144 1934 5217 ἀς

368 5241 482 5312 ἆμα
508 5244 572 5313 τῇ
620 5244 826 5310 γενέσει
860 5242 1106 5296 καθεῖλεν
1136 5247 1167 5315 ἡ
1203 5224 1454 5297 θείαῆτοῦ
1488 5230 1735 5316 Σωτῆρος
1778 5244 1934 5315 ἡμῶν

366 5335 610 5406 δύναμις,
638 5337 670 5406 ἢ
697 5339 789 5390 καὶ
822 5339 950 5410 περὶ
980 5339 1165 5416 ψυχῷν
1184 5330 1302 5395 τῶν
1332 5343 1415 5405 εἰς
1453 5342 1614 5394 αὐτὸν
1641 5357 1931 5395 πεπιστευι

369 5426 539 5480 κότων
568 5427 852 5501 διαφορᾶςο
884 5424 957 5484 ὧν
978 5426 1193 5503 τὰς’μὲν
1226 5436 1281 5501 ἐξ
1307 5433 1746 5505 εἰδωλολατρείας
1776 5451 1936 5503 μετα-

369 5519 635 5586 ϐαλούσας
679 5525 768 5577 ἐπὶ
802 5525 899 5601 τὸν
937 5526 1281 5595 εύαγγελικον
1317 5527 1429 5598 βίον
1488 5526 1632 5590 εἰκὸς
1673 5521 1939 5596 εἶναιτὴν

2031 4514 2082 4562 et
2108 4502 2277 4573 spolia
2311 4494 2571 4553 Samaria:
2614 4480 2797 4545 coram
2836 4497 2963 4555 rege
2995 4478 3367 4549 Assyriorum.
3408 4489 3426 4521 ι
3464 4467 3594 4534 Qua:

2030 4560 2248 4667 quidem
2277 4598 2329 4645 et
2358 4589 2475 4658 ipsa
2505 4598 2613 4639 uno
2642 4594 2827 4642 sensu,
2851 4577 2965 4632 sive
2996 4572 3062 4628 de
3090 4564 3446 4640 potestatibus
3476 4560 3595 4629 qui-

2032 4654 2261 4744 busdam
2319 4654 2570 4742 nefariis,
2627 4688 2763 4746 quas
2819 4684 2925 4724 una
2966 4674 3089 4719 ortu
3143 4657 3364 4717 sustulit
3414 4654 3595 4707 divina

2030 4776 2327 4835 Salvatoris
2354 4771 2529 4828 nostri
2556 4767 2752 4829 virtus,
2798 4763 2912 4819 sive
2951 4758 3019 4813 de
3058 4755 3357 4809 animarum
3397 4743 3595 4799 discri-

2030 4874 2176 4929 mine
2216 4872 2271 4924 in
2319 4880 2443 4922 eum
2492 4858 2833 4917 credentium
2869 4874 2885 4909 :t
2919 4863 3148 4922 quarum
3195 4842 3330 4897 alias
3378 4835 3597 4907 quidem

2030 4983 2097 5022 ex
2127 4958 2431 5018 idololatria
2472 4954 2541 5009 ad
2580 4949 2943 5023 evangelicam
2978 4942 3143 4996 vitam
3185 4942 3479 4990 conversas
3508 4925 3596 4978 hic

2032 5062 2352 5127 potestatem
2395 5046 2644 5103 Damasci
2674 5057 2795 5098 esse
2835 5052 2990 5101 reor;
3036 5032 3171 5087 alias
3213 5041 3362 5091 vero,
3391 5019 3599 5076 scilicet

2034 5136 2064 5205 e
2098 5144 2515 5202 circumcisione
2542 5138 2745 5211 pepuli,
2779 5148 2901 5188 cum
2943 5128 3219 5185 Christum
3250 5119 3343 5173 Dei
3371 5125 3596 5181 accepe-
3662 5189 3675 5205 ο

2034 5242 2166 5304 rint,
2197 5238 2367 5309 spOlia
2402 5214 2661 5289 Samariae
2685 5225 2887 5283 vocari.
2920 5220 3030 5275 Has
3068 5231 3197 5271 vero
3229 5212 3437 5266 animas
3469 5218 3597 5276 Spo-

2036 5336 2104 5388 lia
2130 5303 2184 5389 et
2216 5303 2448 5402 praedam
2477 5327 2544 5381 de
2585 5320 2919 5394 spiritalibus
2951 5311 3170 5382 capiens
3209 5303 3476 5363 hostibus,
3508 5313 3600 5353 co-

2037 5438 2151 5477 ram
2206 5392 2434 5492 spiritali
2491 5392 2632 5486 rege
2663 5408 3048 5481 Assyriorum,
3098 5402 3304 5458 scilicet
3357 5392 3598 5453 diabolo,

2039 5529 2188 5570 arma
2215 5512 2356 5582 cepit
2398 5520 2451 5564 et
2482 5507 2549 5561 ad
2594 5517 2824 5575 pugnam
2868 5504 3058 5554 contra
3089 5506 3212 5546 eum
3249 5503 3306 5542 se
3347 5482 3602 5539 accinxit.

464 5704 476 5734 ³
519 5700 763 5766 lsa.vm,
814 5703 932 5759 ιιι.
1021 5708 1040 5736 ³
1072 5703 1204 5760 Luc.
1259 5722 1296 5773 ι,
1325 5705 1413 5760 55.
1472 5707 1512 5781 ,³
1542 5703 1911 5771 Joan.xvr,33

2015 5702 2035 5733 ⁸
2058 5699 2188 5755 Luc.
2223 5716 2293 5763 i-v,
2326 5697 2411 5751 18.
2489 5694 2508 5724 ⁵
2541 5691 2681 5746 Psal.
2714 5706 2770 5744 ti.
2797 5687 2847 5741 8.
2924 5684 2942 5716 '
2978 5679 3109 5739 ibid.
