3950 6218
573 205 708 262 1207

1237 196 1506 257 ΕΗΞΒΙΙ
1541 191 2018 251 ϐᾹΞΞΑΙὶΙΕΝδΙὸ
2054 189 2204 246 OPP.
2246 186 2450 243 PARS.
2489 182 2577 239 Ill.
2617 211 2688 223 —-
2724 177 3132 236 EXEGETICA.

3569 182 3661 240 I203

568 320 690 375 Ilaec
727 333 852 374 vero
901 318 1176 372 suIIiciunt
1220 327 1408 372 sancto
1458 315 1575 370 viro
1623 313 2030 374 commentaria,
2074 311 2130 365 in

2229 305 2526 378 λεγομένην
2571 301 2801 372 δύναμιν
2837 297 3149 370 Δαμασκοῦ,
3176 296 3271 360 τὰς
3306 296 3347 348 δ’
3382 296 3438 349 ἐκ
3473 301 3673 373 περιτομῆς

566 411 709 466 hunc
754 415 929 464 locum
975 409 1292 479 dignoscere
1332 406 1550 461 volenti.
1590 405 1646 460 Si
1689 406 1812 476 quis
1857 413 2036 459 autem
2067 418 2134 458 cx

562 500 766 556 Iudaeis
804 500 915 553 lucc
969 499 1143 569 magis
1189 499 1544 566 corporaliter
1579 499 1853 570 inquirere
1885 497 2032 560 velit,
2068 497 2136 550 ah

562 609 628 648 eo
671 591 1050 663 postulandum
1099 600 1183 646 est
1234 608 1302 647 an
1355 593 1528 664 possit
1573 591 1929 662 corporaliter
1957 599 2136 645 osten-

563 686 690 738 dere
718 699 825 757 qua
869 684 1080 740 ratione
1115 683 1301 749 Isaias,
1337 691 1459 756 post
1498 684 1802 754 praecitatos
1850 689 2035 745 testes,
2069 681 2135 735 ad

565 774 959 846 prophetissam
988 774 1288 843 corporalis
1316 774 1577 829 consortii
1610 788 1774 828 causa
1804 766 2132 839 accesserit;

564 883 809 940 quaenam
841 883 968 923 vero
999 875 1051 923 et
1074 867 1252 938 qualis
1285 867 1358 922 sit
1388 867 1500 921 hinc
1527 867 1887 937 prophetissa,
1917 873 1970 920 et
2000 879 2136 944 quo-

563 962 725 1020 modo
749 979 780 1018 e
809 963 1036 1033 vestigio
1065 963 1394 1032 conceperit,
1418 961 1811 1030 confeStimque
1845 960 2133 1032 pepererit,

563 1063 616 1110 et
643 1055 896 1125 quisnam
932 1056 1034 1110 iste
1084 1070 1150 1110 ex
1200 1055 1540 1126 prophetissa
1578 1062 1737 1109 natus
1778 1053 1939 1116 filius,
1966 1067 2125 1126 quem

565 1161 760 1201 vocare
801 1145 952 1200 Isaiae
1006 1146 1323 1217 praeceperit
1365 1146 1481 1224 ipse
1530 1143 1831 1200 Dominum
1881 1145 2136 1202 Celeriter

564 1238 785 1296 detrahe
812 1239 1004 1310 spolia,
1027 1239 1136 1292 cito
1164 1238 1438 1310 praedare;
1467 1258 1484 1291 ι
1507 1246 1560 1293 et
1593 1254 1837 1309 quaenam
1866 1239 1936 1293 sit
1971 1252 2132 1292 causa

565 1329 793 1399 hujusce
843 1329 1252 1400 appellationis;
1308 1337 1361 1383 et
1421 1331 1694 1399 quomodo
1743 1346 1806 1385 ex
1861 1329 2134 1384 communi

565 1436 728 1477 sensu
758 1421 1115 1490 corporaliter
1143 1421 1562 1476 existimandum
1609 1424 1682 1477 sit
1727 1423 1870 1476 hunc
1910 1437 2133 1494 puerum

569 1526 588 1560 σ
627 1516 946 1579 potestatem
971 1509 1246 1579 accepisse
1296 1510 1563 1576 Damasci,
1607 1519 1660 1566 et
1682 1513 1852 1581 spolia
1879 1512 2136 1568 Samaria:

565 1615 749 1656 coram
797 1616 922 1669 rege
949 1600 1339 1672 Assyriorum;
1375 1622 1394 1655 ›
1422 1604 1644 1674 lucoque
1695 1605 1877 1659 lacere
1905 1623 1922 1654 ι
1953 1605 2134 1675 prius-

563 1709 724 1762 quam
759 1693 896 1748 sciat
920 1707 1113 1747 vocare
1147 1702 1354 1763 patrem
1386 1703 1439 1750 et
1469 1705 1714 1752 matrem.
1754 1715 1771 1749 ι
1809 1697 1980 1778 Atque
2009 1712 2142 1766 pra:-

564 1795 731 1849 terea,
759 1787 804 1842 si
846 1787 911 1842 iis
938 1802 1058 1856 quae
1087 1801 1118 1848 a
1149 1787 1321 1857 {nobis
1355 1790 1599 1858 exposita
1643 1798 1770 1846 sunt
1813 1797 2136 1861 repugnant,

563 1877 850 1933 ostendant
877 1879 978 1949 ipsi
1001 1879 1274 1950 quomodo
1304 1888 1648 1950 exspectatus
1679 1881 1747 1936 ab
1785 1881 1852 1935 iis
1886 1880 2137 1946 Christus

565 1969 950 2038 superveniens
974 1970 1202 2040 accipiet
1228 1969 1584 2038 corporaliter
1614 1969 1770 2038 juxta
1799 1969 2135 2039 prophetiam

571 2077 589 2114 ι
632 2067 950 2130 potestatem
985 2059 1251 2129 Damasci,
1285 2081 1303 2113 ι
1335 2069 1390 2116 et
1413 2076 1658 2130 quaenam
1695 2081 1712 2111 ι
1745 2061 1917 2131 spolia
1946 2059 2138 2114 Sama-

564 2152 677 2213 riae,
711 2171 730 2204 ι
757 2151 840 2206 vel
865 2166 1098 2222 quorum
1134 2171 1152 2204 ι
1189 2153 1536 2224 Assyriorum
1565 2168 1746 2208 coram
1777 2168 1919 2223 rege,
1959 2172 1978 2203 ι
2005 2165 2129 2212 cum

565 2244 744 2300 nullus
785 2243 997 2298 illorum
1025 2245 1111 2300 his
1139 2246 1472 2316 temporibus
1501 2246 1755 2316 supersit.

2235 401 2328 454 τὸν
2357 397 2591 471 Χριστὸν
2626 394 2720 449 τοῦ
2769 393 2904 447 Θεοῦ
2931 389 3368 463 παραδεξαμένας
3407 388 3465 441 τὰ
3499 407 3678 460 προσαγο-

2239 493 2506 565 ρευόμενα
2555 488 2726 544 σκῦλα
2763 485 3104 558 Σαμαρείας·
3155 481 3349 544 ταύτας
3389 481 3438 534 δὲ
3464 481 3542 543 ¹τὰς
3567 482 3682 552 ψυχὰς

2239 585 2408 654 σκῦλα
2437 583 2529 640 καὶ
2566 580 2843 656 προνομὴν
2885 578 3034 648 παρά
3073 574 3184 630 τῶν
3221 573 3409 644 νοητῶν
3446 575 3684 647 summa)

2237 677 2526 749 πολεμίων,
2563 676 2621 743 ἐξ
2666 674 2911 735 ἐναντίας
2937 671 3030 724 τοῦ
3062 667 3254 738 νοητοῦ
3309 666 3523 736 βασιλέως
3559 669 3685 722 ’Δεω-

2237 771 2389 841 ρίων,
2413 769 2659 830 τουτέστι
2699 765 2793 819 τοῦ
2848 763 3118 826 διαϐόλου,
3170 758 3453 814 καθώπλισέ
3473 776 3519 811 τε
3544 761 3688 813 καὶπο-

2235 863 2420 933 λεμεῖν
2465 859 2614 931 αὐτῷ
2664 856 3060 931 παρεσκεύασε.
3096 855 3210 908 Καὶ
3250 851 3410 904 ταῦτα
3434 851 3479 903 δὲ
3510 853 3690 921 utipsam

2236 957 2324 1008 ἐπ’
2375 954 2599 1026 ἀκριϐὲς
2630 951 2708 1024 τῷ
2742 949 3045 1022 βουλομένῳ
3073 949 3138 1000 ἐκ
3172 945 3278 999 τῶν
3322 945 3392 1008 εἰς
3427 946 3524 1007 τοὺς
3558 946 3692 1008 τόπους

2237 1045 2824 1117 ὑπομνηματισθέντων
2862 1041 2941 1114 τῷ
2981 1040 3112 1112 ἱερῷ
3139 1038 3292 1110 ἀνδρὶ
3328 1036 3584 1103 διαγνῶναιι·
3607 1038 3642 1087 εί
3664 1036 3692 1088 δ’

2235 1140 2283 1196 εί
2314 1138 2439 1210 (sic)
2476 1139 2756 1198 ἀπαιτοῖεν
2796 1134 2969 1190 ταῦτα
3001 1129 3436 1204 σωματικώτερον
3461 1129 3500 1181 οί
3523 1131 3570 1180 ὲκ
3592 1145 3695 1198 πριο

2233 1232 2428 1303 τομῆς,
2465 1231 2878 1299 ἀντεξεταστέον
2907 1229 3103 1291 αὐτοὺς
3132 1229 3181 1280 εἰ
3209 1225 3442 1280 δύνανται
3468 1223 3694 1293 σωματικῶς

2235 1326 2387 1380 αὐτοὶ
2442 1326 2789 1397 παραστῆσαι
2822 1324 2945 1377 τίνα
2999 1321 3201 1393 τρόπον
3242 1319 3270 1370 ὁ
3309 1316 3502 1378 Ἡσαΐας
3533 1315 3594 1367 ἐπὶ
3621 1313 3692 1366 τῶν

2236 1420 2648 1491 προειρημένων
2685 1416 2974 1489 μαρτύρων
3002 1413 3062 1483 (ι.
3101 1413 3173 1467 47
3203 1411 3276 1480 v°)
3304 1413 3368 1480 τῇ
3401 1405 3610 1478 προφήτιδι
3631 1406 3692 1474 μίν

2237 1510 2372 1577 ξεως
2421 1509 2738 1582 σωματικῆς
2785 1510 2969 1562 ἕνεκεν
3003 1503 3392 1578 προσελήλυθε·
3418 1501 3489 1564 τίς
3508 1500 3547 1552 δὲ
3575 1499 3636 1551 κεί
3664 1501 3689 1570 ἠ

2236 1605 2460 1676 τοιαύτη
2511 1605 2798 1675 προφῆτις,
2846 1602 2941 1657 καὶ
2979 1600 3098 1665 πῶς
3137 1597 3461 1668 παραχρῆμα
3496 1595 3540 1645 ὲν
3564 1591 3696 1660 γοπρὶ

2172 1680 2210 1728 Β
2239 1695 2418 1760 ἔλαϐε,
2448 1695 2542 1749 καὶ
2598 1693 2907 1766 παραυτίκα
2958 1693 3170 1754 τέτοκε,
3214 1691 3307 1744 καὶ
3352 1691 3484 1740 ποῖον
3517 1683 3630 1737 τοῦτο
3661 1683 3700 1735 ὡ

2237 1788 2424 1859 τεχθὲν
2463 1789 2690 1850 παιδίον,
2715 1788 2744 1840 ὃ
2790 1787 3119 1859 προστάσσει
3169 1783 3248 1853 τῷ
3302 1781 3478 1849 Ἦσαῖᾳ
3517 1775 3700 1845 aliis»;

2238 1879 2459 1950 ὀνόματι
2482 1879 2708 1934 καλέσαι
2734 1879 2830 1950 τῷ,
2860 1900 2878 1930 ‹
2915 1878 3136 1948 Ταχέως
3168 1875 3460 1938 σκύλευσον,
3482 1870 3703 1936 ὀξέωςπρίν

2237 1972 2494 2043 νόμευσον
2511 1989 2526 2004 ⁸
2563 1993 2581 2024 ι
2609 1973 2726 2026 τίνα
2748 1973 2802 2026 δὲ
2817 1973 2909 2026 καλ⁵
2928 1971 3086 2039 λόγον
3109 1970 3221 2040 ἔχει
3241 1969 3301 2021 τὸ
3327 1962 3562 2036 τηλικόνδε
3578 1961 3702 2027 ovain.

2237 2067 2270 2136 ἢ
2301 2065 2417 2129 πῶς
2438 2065 2657 2120 δυνατόν
2683 2068 2798 2119 ἐστι
2827 2064 2967 2118 κατὰ
2988 2063 3088 2138 τὴν
3113 2062 3393 2134 πρόχειρον
3419 2057 3608 2112 διάνοιαν
3622 2066 3705 2103 ται-

2237 2155 2348 2209 δίον
2374 2158 2554 2209 ὁποῖον
2593 2157 2656 2228 δὴ
2675 2153 2769 2211 οὖν
2795 2159 3027 2213 ἐπινοεῖν
3073 2151 3393 2224 σωματικῶς
3431 2141 3706 2215 ἀπολήψεσθαι

2234 2245 2330 2317 τὴν
2372 2246 2774 2319 ὀνομαζομένην
2824 2248 3048 2318 δύναμιν
3077 2244 3366 2318 Δαμασκοῦ
3421 2238 3578 2297 καὶτὰ
3608 2235 3706 2303 λεΥίἼ

571 2358 707 2411 μενα
739 2360 758 2392 ι
798 2341 967 2396 σκῦλα
996 2344 1304 2414 Σαμαρείας
1331 2344 1690 2414 ἐναντίων(ον)
1719 2343 1981 2414 βασιλέως
2022 2343 2338 2415 Ἀσσυρίων,
2380 2364 2398 2396 ›
2423 2345 2516 2398 καὶ
2578 2345 2750 2399 ταῦτα
2815 2347 3072 2418 πράττειν
3105 2364 3122 2397 ι
3167 2344 3294 2416 πρὶν
3345 2343 3376 2413 ἢ
3430 2339 3593 2408 γνῶναι
3626 2333 3708 2388 CW

570 2436 750 2490 καλεῖν
771 2438 1036 2510 πατέραῆ
1073 2439 1312 2511 μητέρα·
1347 2459 1364 2491 i
1394 2440 1486 2493 καὶ
1531 2440 1668 2511 πρὸς
1730 2441 1939 2502 τούτοις
2005 2440 2056 2492 εἰ
2115 2439 2441 2508 ἀντιλέγοιεν
2498 2443 2608 2504 τοῖς
2664 2443 2795 2511 ήμῖν
2843 2439 3392 2511 προαποδεδομένοις,
3441 2432 3706 2490 δεικνύτωσον

564 2531 716 2586 αὐτοὶ
755 2533 872 2598 πῶς
902 2536 930 2587 ὁ
955 2533 1397 2606 προσδοκώμενος
1418 2535 1510 2588 ὑπ’
1531 2534 1712 2589 αὐτῶν
1731 2535 1963 2606 Χριστὸς
1999 2535 2437 2607 παραγενόμενος
2463 2537 2689 2608 λήψεται
2709 2535 3031 2608 σωματικῶς
3047 2537 3155 2607 τὴν
3183 2535 3319 2590 κατά
3349 2534 3441 2603 τὴν
3467 2527 3707 2604 προφητείη

569 2648 587 2686 ι
616 2627 840 2698 δύναμιν
859 2631 1169 2700 Δαμασκοῦ,
1198 2651 1215 2682 ι
1239 2631 1332 2683 καὶ
1387 2634 1514 2683 ποῖα
1543 2649 1560 2682 ς
1595 2629 1764 2684 σκῦλα
1821 2630 2160 2701 Σαμαρείας,
2193 2651 2209 2681 ι
2307 2632 2473 2686 ποίων
2509 2652 2528 2684 ι
2573 2631 2869 2702 Ἀσσυρίων
2899 2631 3164 2695 ἐναντίον,
3206 2649 3225 2682 ι
3258 2627 3466 2701 μηδενὸς
3485 2625 3550 2678 ἔτι
3572 2622 3708 2675 τούτου

563 2719 908 2792 ἐνεργοῦντος
933 2721 1071 2796 κατά
1101 2723 1226 2785 τοὺς
1256 2723 1553 2786 ἐνεστῶτας
1581 2723 1823 2796 χρόνους.

1156 2835 1388 2892 CAPUT
1431 2837 1517 2894 VI.

640 2949 657 2982 ι
690 2929 826 2987 Ecce
860 2947 960 3010 ego
989 2941 1042 2994 et
1074 2935 1227 3004 pueri
1256 2935 1392 2999 mei,
1424 2950 1564 3004 quos
1593 2934 1742 2990 dedit
1773 2936 1904 2997 mihi
1937 2934 2120 2990 Domi-

2756 2837 3150 2892 ΚΕΦΑΛΑΙΟΝ
3186 2839 3274 2904 εῖν.

2303 2949 2322 2981 ι
2360 2929 2512 2993 Ἰδοὺ,
2547 2928 2657 2998 ἐγὼ
2682 2931 2775 2982 καὶ
2803 2929 2871 2983 τὰ
2900 2929 3111 2991 παιδία,
3141 2932 3179 2982 ἀ
3209 2945 3296 2993 μοι
3323 2925 3528 2979 δέδωκεν
3553 2920 3706 2981 ίιΘεὸς⁹

565 3037 670 3078 nus
697 3022 760 3090 ,in
805 3022 1019 3094 signum
1067 3036 1120 3083 et
1163 3025 1218 3087 in
1261 3034 1574 3094 portentum
1618 3024 1786 3081 Israel
1830 3041 1860 3079 a
1894 3027 2124 3082 Domino

2230 3022 2321 3074 καὶ
2379 3021 2530 3074 ἐσται
2565 3024 2761 3093 σημεῖα
2816 3023 2911 3076 καὶ
2950 3022 3157 3092 τέρατα
3207 3021 3264 3073 ἐν
3305 3017 3378 3089 τῷ
3422 3017 3538 3090 οἴκῳ
3565 3010 3708 3110 νίσριιὴλ

568 3111 676 3166 Deo
721 3115 1077 3178 exercituum,
1105 3119 1197 3186 qui
1239 3117 1444 3171 habitat
1475 3118 1530 3171 in
1559 3125 1742 3173 monte
1784 3117 1914 3173 Sion
1946 3120 1984 3176 ⁸.
2018 3139 2035 3169 i
2065 3118 2127 3173 ll-

566 3204 689 3270 Iud,
723 3223 741 3257 ι
773 3221 900 3262 ecce
928 3223 1027 3278 ego
1057 3217 1111 3262 et
1145 3209 1297 3279 pueri
1331 3210 1475 3278 mei,
1511 3226 1650 3280 quos
1677 3211 1826 3266 dedit
1859 3213 1988 3267 milii
2021 3211 2127 3268 Du-

568 3295 748 3352 niinus
777 3316 796 3348 ι
828 3312 858 3352 e
901 3285 1153 3368 persona~
1177 3298 1476 3356 Salvatoris
1517 3299 1583 3356 de
1621 3304 1882 3372 apostolis
1903 3344 1916 3366 ,
1949 3303 2126 3373 iisque

566 3386 660 3454 qui
691 3395 874 3456 postea
903 3389 955 3442 in
985 3405 1107 3445 eum
1138 3391 1520 3458 crediderunt,
1550 3403 1673 3464 apte
1703 3395 1756 3448 in
1791 3395 2030 3464 Epistola
2057 3395 2124 3465 ad

567 3477 824 3536 Hebraeos
875 3481 1132 3546 refertur,
1161 3483 1360 3552 quibus
1385 3484 1548 3555 igitur
1573 3486 1754 3550 addit,
1783 3506 1800 3536 ι
1828 3487 1882 3540 in
1911 3488 2125 3557 signum

567 3577 622 3624 et
652 3570 705 3625 in
734 3578 1043 3640 portentum
1072 3582 1232 3629 erunt
1260 3575 1423 3630 domo
1451 3575 1646 3639 Israel,
1684 3597 1703 3629 ι
1747 3587 1994 3647 apertum
2041 3585 2125 3632 est

569 3660 866 3718 Salvatoris
893 3664 1068 3718 nostri
1095 3664 1552 3722 manifestationis
1600 3679 1842 3737 tempore
1887 3670 2040 3739 signa
2067 3678 2122 3723 et

570 3760 824 3824 portenta
854 3754 998 3808 facta
1055 3755 1223 3811 fuisse
1252 3759 1304 3812 in
1332 3758 1492 3813 domo
1529 3758 1691 3817 Israel
1713 3801 1727 3824 ,
1781 3760 1960 3835 qualia
1987 3777 2128 3816 nuu-

566 3860 728 3915 quam
755 3853 964 3915 patrata
993 3857 1141 3904 sunt.

1156 3961 1383 4017 CAPUT
1424 3963 1534 4018 VII.

641 4067 661 4099 ‹
691 4026 767 4102 Et.
783 4050 967 4106 volent
987 4090 1010 4114 ,.
1034 4052 1078 4106 si
1113 4051 1314 4107 fuerint
1346 4053 1469 4124 igne
1512 4055 1809 4111 combusti.
1856 4057 2128 4126 Quoniam

568 4142 824 4211 parvulus
856 4151 1016 4198 natus
1041 4152 1125 4200 est
1155 4146 1313 4200 nobis
1332 4185 1348 4212 ,
1376 4156 1430 4202 et
1457 4146 1601 4201 filius
1631 4148 1792 4204 datus
1819 4157 1902 4203 est
1934 4151 2123 4216 nobis,

568 4234 726 4304 cujus
755 4237 1041 4306 imperium
1071 4253 1234 4308 super
1265 4238 1550 4294 humerum
1581 4240 1756 4310 ipsius
1775 4281 1790 4305 ,
1819 4249 1872 4296 et
1903 4251 2128 4297 vocatur

565 4340 764 4382 nomen
811 4327 930 4398 ejus
978 4327 1154 4404 Magni
1206 4331 1419 4386 consilii
1457 4332 1696 4402 Angelus
1725 4372 1740 4396 ,
1793 4333 2127 4392 admirabilis

565 4417 931 4475 consiliarius.
977 4420 1256 4475 Adducam
1301 4422 1446 4476 enim
1491 4438 1676 4494 pacem
1723 4441 1887 4496 super
1931 4425 2130 4496 princi-
2158 4399 2204 4456 θ

569 4525 702 4587 pes,
739 4519 794 4565 et
832 4512 1118 4568 sanitatem
1161 4514 1234 4568 ei.
1277 4512 1529 4584 Magnum
1574 4515 1859 4586 imperium
1891 4520 2047 4586 ejus,
2077 4525 2130 4574 et

567 4601 720 4671 pacis
753 4601 873 4670 ejus
903 4617 1010 4658 non
1037 4611 1122 4660 est
1153 4604 1307 4668 ﬁnis,
1343 4621 1507 4676 super
1536 4607 1734 4662 solium
1767 4608 1936 4664 David
1968 4619 2022 4666 et
2053 4625 2133 4664 ro-

485 4735 488 4740 .
564 4707 732 4764 gnum
763 4693 883 4764 ejus
913 4704 973 4748 ut
1000 4695 1199 4766 dirigat
1239 4696 1410 4776 illud,
1441 4705 1496 4756 et
1541 4699 1809 4770 suscipiat
1839 4700 1892 4754 in
1921 4701 2131 4771 judicio

564 4795 620 4846 ct
654 4786 868 4856 justitia
914 4803 981 4843 ex
1029 4789 1134 4844 hoc
1164 4798 1409 4860 tempore
1437 4799 1492 4867 et
1525 4806 1697 4862 usque
1743 4793 1797 4848 in
1843 4795 2130 4849 sicculum.

567 4877 728 4941 Zelus
755 4877 968 4935 Domini
996 4879 1235 4937 Sabaoth
1271 4883 1429 4939 faciet
1452 4884 1568 4940 haec
1597 4887 1639 4938 ³.
1671 4905 1688 4938 ι
1721 4886 1986 4942 Existimo
2041 4888 2130 4943 hic

565 4969 905 5042 designatum
931 4975 1215 5042 puerulum
1247 4974 1496 5030 eumdem
1528 4991 1681 5050 esse,
1711 4977 1804 5047 qui
1831 4977 1898 5032 de
1924 4978 2131 5050 virgine

566 5063 882 5125 nasciturus
928 5067 1182 5134 superius
1231 5066 1643 5138 prophetizatus
1676 5049 1806 5134 est,
1860 5049 2024 5140 quem
2074 5078 2129 5126 et

566 5155 730 5225 paulo
783 5165 909 5210 ante
961 5157 1208 5226 paritura
1260 5158 1465 5213 dicitur
1521 5160 1888 5230 prophetissa.
1944 5163 2128 5221 Primo

563 5245 786 5313 quidem
815 5247 997 5304 dictus
1021 5257 1105 5305 est
1140 5249 1481 5316 Emmanuel,
1512 5252 1639 5307 dein
1666 5273 1684 5305 ι
1714 5253 1977 5312 Celeriter
2001 5271 2130 5327 spo-

564 5335 636 5394 lia
686 5339 947 5406 detrahe,
995 5343 1106 5398 cito
1164 5343 1425 5414 przedare.
1463 5366 1482 5400 ι
1519 5344 1618 5402 Hic
1661 5357 1840 5403 autem
1887 5349 2035 5421 ipse,
2068 5357 2128 5405 ut

565 5429 708 5500 apud
730 5427 1080 5504 Septuaginta
1102 5436 1352 5507 legimus,
1373 5457 1392 5489 ι
1418 5437 1594 5511 Magni
1615 5440 1829 5495 consilii
1844 5443 2083 5515 Angelus
2103 5463 2122 5496 ι

565 5525 829 5588 vocatur;
859 5531 914 5577 et
947 5525 1102 5594 juxta
1142 5526 1390 5598 Aquilam
1433 5537 1594 5602 atque
1631 5531 1953 5588 llebraicuin
1976 5573 1992 5603 ,
2037 5549 2128 5590 no-

639 5679 786 5736 a‘Isa.
819 5692 937 5746 vni,
963 5681 1046 5740 18.
1086 5681 1257 5757 _'Isa.
1293 5686 1500 5752 11,5-7.

2227 3112 2377 3186 παρά
2425 3114 2627 3185 Κυρίου
2665 3113 2800 3168 Θεοῦ
2848 3113 3096 3175 Σαϐαὼθ,
3124 3113 3186 3177 ὃς
3218 3112 3454 3170 κατοικεῖ,
3480 3112 3528 3162 ὲν
3636 3105 3708 3174 ὀριι

2227 3201 2386 3262 Σιών.
2427 3225 2446 3258 ι
2486 3207 2595 3258 Καὶ
2627 3206 2705 3268 τὸ,
2745 3226 2763 3257 ι
2814 3206 2965 3271 Ἰδοὺ,
3007 3205 3116 3274 ἐγὼ
3162 3205 3259 3257 καὶ
3304 3203 3370 3256 τὰ
3411 3196 3708 3263 παιδία,ᾰμιι

2227 3297 2424 3352 ἔδωκεν
2451 3300 2480 3351 ό
2511 3298 2661 3362 Θεὸς,
2697 3319 2716 3354 ι
2745 3301 2809 3352 ἐκ
2837 3297 3126 3370 προσώπου
3172 3295 3265 3350 τοῦ
3307 3294 3530 3364 Σωτῆρος
3561 3286 3653 3358 περί
3673 3299 3709 3334 τε

2228 3389 2333 3443 τῶν
2355 3390 2667 3444 ἀποστόλων
2714 3393 2804 3444 καὶ
2837 3389 3114 3460 τῶν.μετὰ
3147 3389 3318 3442 ταῦτα
3349 3388 3424 3448 εἰς
3453 3382 3583 3444 αὑτὸν
3605 3391 3710 3429 πεπι-

2230 3484 2533 3537 στευκότων
2572 3483 2750 3546 καλῶς
2778 3485 2835 3536 ὲν
2869 3485 2934 3554 τῇ
2968 3483 3100 3553 πρὸς
3142 3480 3416 3551 Ἑϐραίους
3451 3473 3706 3538 ἐξεῦηπταν

2227 3575 2544 3648 ἐπιφέρεται
2585 3575 2715 3643 γοῦν
2743 3573 2975 3628 ἐνταῦθα
3004 3574 3084 3635 τὸ,
3121 3593 3138 3624 ι
3171 3573 3282 3628 Καὶ
3310 3571 3448 3624 ἔσται
3472 3565 3630 3636 σημεῖα
3651 3556 3710 3610 καὶ

2226 3665 2426 3738 τέρατα
2448 3669 2504 3720 ἐν
2543 3668 2675 3738 οἴκῳ
2721 3665 2962 3738 Ἰσραήλ·
2996 3685 3014 3718 ι
3051 3666 3145 3719 καὶ
3172 3666 3336 3734 σαφὲς
3365 3664 3496 3722 ὃπως
3528 3653 3634 3708 κατὰ
3652 3648 3709 3700 τὸν

2229 3762 2418 3832 καιρὸν
2429 3762 2530 3832 τῆς
2549 3760 2643 3814 τοῦ
2663 3761 2914 3832 Σωτῆρος
2946 3761 3246 3832 παρουσίας
3278 3757 3464 3829 σημεῖα
3482 3751 3558 3804 καὶ
3570 3747 3708 3816 τέρατι

2229 3853 2377 3925 εἰ(ὲῆ
2409 3852 2487 3924 τῷ
2514 3853 2647 3924 οἷκφ
2685 3853 2920 3925 Ἰσραὴλ,
2953 3848 3040 3907 οἷα
3069 3850 3405 3906 οὐδεπώποτε
3431 3834 3701 3903 ἀπετελέσθη-

2759 3967 3154 4022 ΚΕΦΑΛΑῘΟΝ
3192 3968 3266 4020 Z'.

2303 4075 2322 4109 ι
2358 4057 2469 4112 Καὶ
2519 4057 2852 4130 θελήσουσιν,
2895 4060 2944 4112 εἰ
2991 4057 3233 4126 ἐγένοντο
3281 4054 3608 4126 πυρίκαυστοι.
3630 4043 3708 4094 Ὀτι

2229 4149 2434 4204 παιδίον
2457 4151 2684 4222 ἐγενήθη
2705 4154 2854 4222 ἡμῖν,
2869 4151 2980 4213 υἱὸς
2996 4149 3148 4220 ἐδόθη
3170 4151 3318 4220 ἡμῖν,
3335 4141 3392 4200 οὗ
3410 4148 3439 4214 ἡ
3455 4133 3709 4230 ἁρχὴ

2229 4242 2295 4314 θη
2327 4243 2418 4295 ἐπὶ
2449 4241 2540 4295 τοῦ
2561 4241 2710 4313 ὤμου
2739 4241 2926 4305 αὑτοῦ,
2954 4242 3045 4294 καὶ
3072 4241 3314 4294 καλεῖται
3342 4238 3400 4290 τὸ
3419 4236 3564 4304 ὄνομα
3579 4228 3707 4282 αὐτοῦ,

2231 4334 2489 4405 Μεγάλης
2511 4335 2706 4406 βουλῆς
2734 4335 2996 4403 Ἀγγελος
3017 4350 3030 4364 ·
3064 4334 3174 4400 ἄξω
3199 4332 3306 4404 γὰρ
3332 4330 3530 4401 εἰρήνην
3546 4316 3708 4416 sal—tolli;

2233 4429 2518 4500 ἄρχοντας,
2564 4429 2658 4482 καὶ
2705 4428 2861 4496 ὑγεία
2893 4427 3060 4497 αὐτῷ.
3094 4425 3317 4496 Μεγάλη
3351 4426 3382 4495 ὴ
3423 4414 3706 4512 ἀρχὴσὺτοῗ.

2233 4522 2326 4582 καὶ
2352 4521 2453 4592 τῆς
2483 4523 2702 4595 εἰρήνης
2732 4519 2896 4575 αὐτοῦ
2935 4521 3034 4576 οὐκ
3065 4519 3213 4576 ἔστιν
3245 4522 3412 4593 ὅριον·
3440 4509 3609 4604 tuli-th
3627 4503 3710 4604 θρί-

2232 4631 2318 4666 νον
2353 4612 2513 4666 Δαυῒδ
2539 4612 2633 4665 καὶ
2676 4612 2774 4683 τὴν
2803 4611 3077 4682 βασιλείαν
3110 4611 3298 4676 αὑτοῦ,
3332 4603 3622 4676 κατορθῶσαι
3641 4603 3707 4683 rav-

2233 4702 2350 4772 τὴν,
2382 4702 2477 4754 καὶ
2505 4682 2884 4755 ἀντιλαϐέσθαι
2910 4703 2969 4756 ἐν
3008 4700 3236 4772 κρίματι
3263 4699 3350 4754 καὶ
3377 4700 3426 4749 ἐν
3454 4682 3707 4748 δικαιοσάνῖι*

2234 4775 2464 4847 ἀπὸτοῦ
2497 4792 2590 4846 νῦν
2626 4794 2720 4846 καὶ
2747 4794 2826 4856 είς
2862 4793 2952 4846 τὸν
2982 4791 3150 4846 αίῶνα
3171 4809 3185 4824 ·
3215 4794 3244 4845 ό
3273 4790 3418 4861 ζῆλος
3451 4779 3614 4851 Κυρίου

2236 4885 2380 4938 ϐαὼθ
2414 4886 2626 4956 ποιήσει
2647 4883 2838 4940 ταῦτα.
2883 4903 2902 4936 ι
2937 4880 3101 4956 Οἶμαι
3127 4885 3192 4957 δὴ
3220 4884 3278 4937 τὸ
3305 4859 3556 4949 λεγόμενον
3579 4859 3706 4957 Mi“;

2237 4977 2446 5050 παιδίον
2478 4951 2579 5031 οῦκ
2609 4978 2735 5032 ἄλλο
2767 4973 2906 5032 εἶναι
2941 4951 3033 5032 τοῦ
3062 4979 3127 5031 ἐκ
3168 4951 3268 5048 τῆς
3296 4969 3534 5044 παρθένου
3571 4951 3704 5050 τεκθίξ·

2237 5044 2425 5124 σεσθαι
2446 5071 2700 5142 ἀνωτέρω
2734 5043 3271 5143 προπεφητευμένου,
3297 5068 3323 5121 ὃ
3342 5043 3426 5118 καὶ
3452 5053 3600 5130 μικρῷ

2236 5180 2392 5234 τερον
2441 5166 2474 5234 ή
2507 5136 2790 5236 προιρῆτις
2816 5136 3101 5218 ἀποτεκεῖν
3147 5162 3378 5230 ἐλέγετο·
3406 5151 3521 5209 ἀλλά
3554 5144 3602 5198 τὸ
3638 5136 3702 5234 μὲῗ

2235 5237 2491 5328 ἀνωτέρω
2543 5256 2712 5326 ὄνομα
2763 5255 2935 5310 αὐτοῦ
2971 5254 3312 5327 Ἐμμανουὴλ
3345 5245 3423 5321 ἦν,
3456 5243 3509 5295 τὸ
3539 5237 3585 5289 δὲ
3609 5239 3701 5302 μετα

2233 5347 2425 5412 ταῦτα,
2461 5366 2480 5400 ι
2515 5347 2738 5419 Ταχέως
2788 5347 3100 5410 σκύλευσον,
3141 5347 3302 5413 ὀξέως
3346 5333 3696 5419 προνόμευσ⁰ῗ;’

2243 5442 2507 5498 Ἐνταῦθα
2541 5413 2658 5499 eis
2687 5445 2847 5508 αὐτὸς
2879 5439 3030 5508 οὗτος
3066 5441 3204 5497 κατά
3229 5442 3323 5521 μὶν
3347 5436 3433 5506 τὴν
3454 5427 3544 5521 τῶν

2231 5537 2302 5606 3K
2335 5538 2572 5609 μήκοντα
2591 5537 2902 5608 ἑρμηνείαν,
2941 5556 2958 5590 ι
2995 5509 3247 5606 Μεγάλης
3264 5529 3434 5603 βουλῆς
3463 5509 3662 5584 Ἀγτελςς
3680 5519 3693 5550 ²
