4008 6208
296 304 431 358 120]

1304 305 1597 362 ECLOGA}
1632 303 2116 371 PROPIIETICIE.
2144 338 2211 346 ——
2248 304 2377 365 LIB.
2415 305 2504 360 IV.

3390 308 3525 363 1210

294 425 360 489 Χ
392 419 748 490 χρηματίζει·
800 419 941 474 κατά
988 421 1044 473 δὲ
1080 421 1170 473 τὸν
1212 421 1439 475 Ἀκύλαν
1488 421 1582 474 καὶ
1626 420 1757 474 αὐτὸ
1794 420 1839 472 τί

1962 436 2083 475 men
2129 421 2250 490 ejus
2289 429 2373 476 est
2403 439 2420 472 ι
2451 419 2804 475 Admirabilis
2851 420 3232 486 consiliarius,
3274 420 3428 477 fortis
3473 433 3527 477 et

292 515 357 582 χ
403 511 685 582 Ἐϐραῖκὸν
711 512 771 564 τὸ
795 512 961 583 ὄνομα
987 511 1146 565 αὐτοῦ
1176 514 1290 566 ἐστι
1328 532 1347 563 ι
1381 512 1699 583 Θαυμαστὸς
1718 512 1839 582 σύμ-

1959 520 2152 582 potens
2179 522 2352 582 pater,
2384 513 2549 567 etiam
2578 513 2832 584 princeps
2859 512 3045 583 pacis;
3067 533 3083 563 ι
3108 520 3162 566 et
3186 513 3341 585 juxta
3370 512 3528 584 Sym-

294 605 357 676 μ(
388 600 596 667 ϐουλος,
640 601 856 672 ἰσχυρὸς
875 641 889 664 ,
917 601 1135 664 δυνατὸς
1165 601 1364 674 πατὴρ,
1390 601 1470 654 ἑτι
1490 602 1671 672 ἅρχων
1703 602 1854 672 εἰρή-

296 694 357 766 x
390 711 517 764 νης·
561 712 579 743 ι
614 694 709 745 καὶ
741 693 881 745 κατά
911 692 1000 745 τὸν
1032 680 1321 765 Σύμμαχον
1340 694 1417 757 δὲ,
1457 714 1475 745 ι
1512 693 1854 766 κληθήσεται

291 787 350 839 τὸ
398 786 564 856 ὄνομα
613 785 706 838 τοῦ
762 784 971 838 παιδίου
1006 784 1445 856 Παραδοξασμὺς,
1479 785 1850 857 βουλευτικὸς,

286 878 523 950 ίσχυρὸς,
563 876 806 939 δυνατὸς,
847 875 1025 953 πατὴρ
1075 876 1286 939 αἰῶνος,
1331 877 1514 948 ἄρχων
1546 878 1787 951 είρήνης.
1828 897 1846 930 ι

296 970 646 1041 Ἀπαιτητέον
706 972 887 1031 τοίνυν
945 972 1069 1033 τοὺς
1118 973 1180 1025 ἐκ
1234 972 1529 1042 περιτομῆς
1584 975 1732 1025 ποῖον
1785 972 1851 1028 ἂν

282 1063 500 1134 ἕχοι(εν)
534 1063 742 1115 παιδίον
857 1062 925 1125 τὰ
957 1063 1250 1133 τηλικαῦτα
1304 1064 1668 1134 ἐφαρμόσαιεν
1715 1081 1852 1135 παρ-

284 1157 525 1207 ιστάναι·
574 1153 693 1207 καθ’
725 1156 869 1225 ἡμᾶς
902 1155 1009 1225 γάρ
1036 1155 1266 1209 ἐπίνοιαί
1300 1156 1435 1207 εἰσιν
1471 1148 1628 1207 αὗται
1669 1154 1730 1225 (f.
1759 1154 1849 1227 48)

276 1246 384 1316 τῆς
410 1246 557 1308 Θείας
574 1246 664 1299 τοῦ
690 1245 922 1317 Χριστοῦ
949 1246 1249 1316 δυνάμεως,
1272 1248 1352 1309 είς
1373 1245 1430 1299 ὃν
1458 1248 1506 1298 οἱ
1536 1247 1608 1317 μὴ
1634 1248 1851 1300 πιστεύ-

277 1355 476 1401 σαντες
512 1338 822 1408 θελήσουσιν
855 1339 904 1390 εί
949 1337 1281 1409 ἐγενήθησαν
1323 1336 1681 1409 πυρίκαυστοι
1718 1336 1850 1407 μᾶλ-

273 1430 429 1501 λονῆ
466 1430 548 1488 ὅτι
600 1429 697 1500 τὴν
751 1427 960 1481 ἑαυτῶν
1008 1428 1279 1499 ἀποϐολὴν
1315 1427 1441 1481 ίδεῖν
1480 1428 1573 1481 καὶ
1613 1428 1711 1498 τὴν
1741 1429 1849 1481 τῶν

274 1516 445 1576 ἐθνῶν
472 1517 765 1587 σωτηρίαν,
794 1518 860 1586 ἢν
890 1520 917 1570 ὁ
946 1516 1102 1588 ζῆλος
1134 1518 1335 1589 Κυρίου
1360 1516 1581 1578 Σαϐαὼθ
1607 1519 1849 1592 ποιήσειν

274 1611 508 1683 εἴρηταιο
533 1602 579 1677 ᾧ
598 1610 932 1682 παραθήσεις
956 1611 1016 1663 τὸ
1037 1610 1187 1687 παρά
1214 1613 1437 1671 Μωῦσεί
1458 1610 1600 1664 οὕτω
1622 1628 1737 1674 πως
1759 1611 1847 1664 λε-

273 1700 563 1772 λεγμένον·
597 1720 615 1753 ι
644 1703 806 1755 Αύτοὶ
852 1701 1241 1773 παρεξήλωσάν
1284 1719 1349 1772 με
1375 1703 1433 1752 ἐν
1466 1704 1575 1765 τοῖς
1613 1701 1847 1765 εἰδώλοις

1958 604 2209 658 machum
2233 624 2245 665 ;
2270 626 2287 655 ι
2310 604 2608 660 Vocabitur
2628 621 2824 659 nomen
2849 604 3059 674 pueruli
3082 605 3523 670 Admirabilitas,

1955 697 2337 764 consiliarius,
2368 697 2524 751 fortis
2546 737 2560 761 ,
2592 706 2786 768 potens
2804 737 2818 762 ,
2846 708 2997 766 pater
3025 697 3206 750 saeculi
3230 737 3244 760 ,
3274 699 3526 767 princeps

1955 787 2124 856 pacis.
2160 807 2178 839 ›
2201 786 2499 842 Petendum
2532 796 2617 843 est
2644 788 2814 857 igitur
2837 804 2865 843 a
2892 786 3095 843 Judaeis
3121 804 3409 858 quemnam
3439 788 3528 841 ha-

1953 877 2153 944 beant,
2186 880 2276 933 cui
2309 879 2424 932 haec
2453 878 2702 948 adoptari
2739 879 2985 948 possint,
3018 881 3307 949 puerulum
3347 888 3528 935 osten-

1953 971 2102 1026 dere.
2154 970 2369 1025 Etenim
2409 972 2567 1040 juxta
2610 986 2710 1026 nos
2752 969 2954 1025 indicia
3000 980 3128 1027 sunt
3174 972 3290 1042 ipsa
3325 972 3526 1026 divina

1952 1060 2158 1117 Christi
2205 1063 2527 1132 potestatis,
2571 1063 2625 1117 in
2666 1079 2826 1133 quem
2864 1064 2956 1133 qui
3004 1081 3111 1117 non
3156 1064 3522 1132 crediderint,

1952 1154 2138 1208 volent
2158 1194 2172 1216 ,
2201 1154 2247 1209 si
2275 1153 2477 1209 fuerint
2507 1154 2631 1224 igne
2655 1156 2925 1210 combusti
2951 1157 3131 1226 potius
3156 1172 3317 1226 quam
3345 1174 3527 1226 repro-

1950 1248 2227 1301 bationem
2278 1263 2431 1302 suam
2468 1248 2652 1303 videre
2678 1259 2731 1303 et
2762 1248 3000 1317 gentium
3049 1250 3313 1312 salutem,
3360 1265 3522 1319 quam

1951 1339 2106 1394 zelus
2153 1337 2371 1393 Domini
2419 1337 2659 1394 Sabaoth
2708 1341 2956 1393 facturus
3004 1355 3126 1395 esse
3170 1340 3391 1396 dicitur.
3442 1340 3524 1395 Ad

1953 1432 2098 1501 quod
2137 1439 2391 1501 spectant
2436 1431 2553 1485 haec
2593 1431 2736 1502 apud
2781 1431 3054 1503 Moysen):
3083 1450 3099 1483 ι
3133 1433 3237 1503 Ipsi
3281 1449 3365 1487 me
3405 1449 3525 1502 pro-

1951 1528 2293 1576 vocaverunt
2328 1522 2381 1575 in
2414 1520 2575 1575 idolis
2606 1524 2753 1584 suis,
2786 1530 2837 1576 et
2863 1538 2965 1592 ego
2994 1523 3305 1592 provocabo
3340 1540 3435 1579 eos
3466 1525 3520 1579 in

1949 1627 2017 1665 eo
2047 1612 2141 1681 qui
2175 1628 2284 1665 non
2320 1618 2406 1667 est
2439 1613 2701 1682 populus,
2733 1621 2787 1667 et
2816 1613 2870 1667 in
2900 1622 3060 1684 gente
3091 1614 3259 1667 stulta
3295 1615 3521 1669 irritabo

1949 1718 2044 1757 eos
2078 1703 2117 1756 ⁸.
2150 1723 2167 1755 ι
2196 1702 2397 1758 Verum
2431 1719 2531 1758 nec
2565 1704 2852 1772 praesentis
2881 1705 3162 1773 teinporis,
3188 1722 3288 1760 nec
3334 1721 3521 1778 prepo-

272 1795 475 1858 αὐτῶν,
527 1793 681 1864 κάγὼ
728 1794 1107 1866 παραζηλώσω
1155 1794 1349 1857 αὐτοὺς
1394 1796 1479 1847 ἐπ’
1522 1796 1621 1848 ούκ
1669 1794 1839 1847 ἔθνει¹

1953 1795 2044 1850 siti
2099 1803 2185 1850 est
2226 1796 2443 1867 singula
2494 1796 2792 1865 prophetia:
2835 1797 3001 1850 verba
3046 1796 3365 1866 elucidare;
3419 1814 3522 1855 nec

271 1889 363 1941 ἐπ’
393 1887 533 1941 ἔθνει
567 1888 806 1957 ἀσυνέτῳ
828 1886 1109 1959 παροργιῶ
1140 1885 1350 1949 αὐτούς.
1385 1906 1402 1938 ι
1448 1886 1605 1939 Ἀλλά
1646 1887 1753 1959 γάρ
1785 1888 1844 1940 ού

272 1979 368 2033 τοῦ
401 1980 665 2051 παρόντος
696 1980 911 2051 καιροῦ,
936 1979 1053 2032 οὐδὲ
1085 1980 1189 2050 μὴν
1210 1978 1304 2032 τοῦ
1327 1978 1448 2031 καθ’
1477 1980 1621 2049 ἡμᾶς
1646 1981 1847 2051 τυγχά-

269 2090 352 2127 νει
384 2072 606 2136 σκοποῦ,
640 2075 873 2143 ἑκάστην
894 2072 1035 2139 λέξιν
1050 2072 1377 2142 διασαφῆσαι
1394 2072 1492 2142 τῆς
1508 2074 1842 2144 προφητείας

268 2162 699 2232 παραστήσεται·
725 2161 845 2231 (sic)
862 2162 1005 2223 ὅπως
1036 2159 1247 2231 εἴρηται
1272 2160 1351 2223 τὸ,
1376 2178 1393 2210 ι
1427 2161 1518 2213 ἐπὶ
1538 2161 1628 2214 τὸν
1654 2162 1840 2230 θρόνον

265 2250 432 2303 Δαυῖδ
446 2252 537 2303 καὶ
567 2251 665 2321 τὴν
693 2250 962 2320 βασιλείαν
987 2247 1170 2312 αὐτοῦ,
1190 2247 1528 2317 κατορθῶσαι
1547 2248 1765 2319 αὑτήν»
1794 2243 1838 2317 ᾦ

265 2344 364 2396 καὶ
381 2344 527 2407 εἰκὸς
556 2344 619 2398 ἂν
648 2346 729 2416 εἴη
749 2345 1051 2415 προσκόψαι
1076 2344 1201 2407 τοὺς
1229 2344 1293 2395 ἐκ
1317 2341 1637 2412 περιτομῆς,
1664 2341 1749 2394 διά
1778 2342 1837 2395 τὸ

1952 1885 2233 1956 quomodo
2263 1887 2504 1948 dicatur,
2534 1904 2550 1936 ι
2579 1900 2743 1956 super
2777 1887 2973 1941 solium
3010 1887 3177 1941 David
3209 1898 3262 1943 et
3292 1905 3518 1958 regnum

1948 1977 2069 2046 ejus
2114 1987 2172 2032 ut
2216 1977 2415 2048 dirigat
2463 1977 2618 2031 illud.
2657 1998 2675 2028 ι
2704 1977 2819 2032 Iioc
2860 1980 3081 2049 quidem
3108 1979 3327 2035 Judmos
3357 1982 3521 2036 omiu-

1945 2070 2066 2133 det,
2100 2078 2389 2138 propterea
2420 2068 2564 2140 quod
2598 2084 2707 2123 non
2740 2071 3097 2139 corporaliter
3125 2086 3290 2142 super
3322 2076 3518 2129 solium

1944 2161 2113 2217 David
2141 2163 2369 2232 ejusque
2403 2177 2629 2233 regnum
2662 2162 2803 2217 sedit
2846 2160 3094 2217 Salvator
3149 2164 3520 2237 Dominusquc

1943 2264 2131 2310 noster
2158 2256 2319 2310 Jesus
2349 2256 2620 2310 Christus.
2645 2254 2721 2310 De
2751 2271 2858 2325 quo
2888 2257 3165 2312 studiosos
3194 2259 3425 2317 lectores
3451 2261 3516 2315 ad

1942 2348 2337 2402 commentaria
2367 2348 2495 2400 olim
2529 2364 2559 2400 a
2590 2348 2747 2402 nobis
2788 2349 2994 2417 prolata
3026 2350 3375 2406 remittimus.

269 2436 349 2509 μὴ
375 2436 696 2506 σωματικῶς
726 2438 817 2490 ἐπὶ
847 2437 935 2492 τὸν
965 2437 1148 2507 θρόνον
1176 2435 1269 2488 καὶ
1304 2435 1401 2506 τὴν
1431 2433 1701 2504 βασιλείαν
1730 2432 1824 2485 τοῦ
1861 2436 2021 2491 Δαυῒό
2049 2439 2396 2492 κεκαθικέναι
2437 2440 2528 2492 τὸν
2558 2441 2787 2511 Σωτῆρα
2819 2441 2913 2492 καὶ
2942 2441 3143 2512 Κύριον
3194 2444 3346 2515 ἡμῶν
3417 2444 3518 2516 Ἰη-

265 2531 400 2585 σοῦν
422 2533 649 2603 Χριστόν
668 2548 680 2560 ·
707 2533 770 2585 δι’
789 2533 924 2603 ὅπερ
939 2531 1354 2601 ἀναπέμψαντες
1377 2530 1502 2594 τοὺς
1523 2527 1837 2603 φιλομαθεῖς
1874 2532 1967 2588 ἐπὶ
1998 2533 2065 2586 τὰ
2093 2536 2171 2598 εἰς
2204 2535 2328 2597 τοὺς
2357 2534 2552 2598 τόπους
2598 2535 2810 2605 ύπομνή
2821 2551 2985 2603 ματα,
3024 2538 3185 2606 ἡμεῖς
3218 2538 3276 2590 τὸ
3321 2554 3516 2608 προτει-

266 2626 361 2679 θὲν
393 2623 877 2697 διαπερανούμεθα,

792 2746 1186 2799 ΚΕΦΑΛΔῘΟΝ
1240 2746 1321 2798 H'.

344 2860 362 2892 ι
406 2840 535 2893 Ἰδοὺ
565 2838 629 2910 δὴ
654 2841 682 2892 ὁ
712 2838 976 2907 δεσπότης
1018 2837 1222 2908 Κύριος
1254 2835 1478 2896 Σαϐαὼθ
1518 2835 1839 2909 συνταράξει

260 2932 391 2992 τοὺς
416 2928 655 2993 ἐνδόξους
695 2926 830 2999 μετά
866 2925 1066 2997 ίσχύος,
1099 2926 1191 2978 καὶ
1221 2924 1411 2996 ὑψηλοὶ
1434 2930 1497 2997 τῇ
1534 2926 1688 2997 ὕϐρει
1720 2943 1841 2981 συν-

2529 2745 2755 2800 CAPU'I‘
2802 2744 2935 2802 VIII.

2016 2855 2035 2888 ι
2077 2835 2216 2891 Ecce
2262 2836 2580 2893 dominator
2626 2836 2889 2892 Dominus
2941 2835 3179 2892 SabaOth
3206 2838 3516 2909 confringet

1939 2928 2146 2982 nobiles
2190 2941 2313 2981 cum
2363 2925 2716 2991 fortitudine,
2752 2936 2805 2981 et
2834 2927 3038 2983 excelsi
3073 2938 3285 2983 statura
3322 2932 3507 2984 succi-

261 3022 632 3095 τριϐήσονται,
672 3020 763 3072 καλ⁵
798 3016 1313 3089 ταπεινωθήσονται,
1351 3017 1445 3070 καὶ
1477 3016 1763 3070 πεσοῦνται
1788 3018 1837 3070 oi

1942 3020 2158 3084 dentur,
2188 3026 2240 3073 et
2260 3019 2519 3073 sublimes
2554 3018 3007 3075 lmmiliabuutur.
3031 3019 3094 3073 Et
3125 3023 3516 3077 subvertentur

262 3113 461 3184 ὑψηλοὶ
498 3111 737 3182 μαχαίρᾳ
757 3126 769 3141 ·
796 3111 823 3162 ὁ
847 3109 904 3161 δὲ
936 3108 1159 3172 Λίϐανος
1201 3108 1297 3161 σὺν
1329 3111 1439 3172 τοῖς
1480 3106 1697 3178 ὑψηλοῖς
1733 3125 1835 3160 πε-

260 3208 457 3258 σεῖται.
486 3204 594 3256 Καὶ
619 3200 955 3266 ἐξελεύσεται
989 3201 1182 3271 ῥάϐδος
1209 3201 1273 3253 ὲκ
1296 3200 1395 3272 τῆς
1422 3200 1577 3272 ῥίζης
1614 3199 1832 3264 Ἰεσσαὶ,

259 3297 362 3351 καὶ
391 3295 549 3358 ἇνθος
569 3297 632 3348 ἐκ
664 3296 761 3364 τῆς
787 3292 940 3365 ῥίζης
969 3292 1317 3366 ἀναϐήσεται,
1350 3294 1442 3345 καὶ
1465 3292 1838 3349 ἐπαναπαύσε-

258 3408 351 3445 ται
389 3390 475 3443 ἐπ’
522 3390 680 3441 αὑτὸν
710 3387 926 3458 πνεῦμα
951 3387 1042 3440 τοῦ
1076 3385 1231 3451 Θεοῦ,
1258 3384 1472 3456 πνεῦμα
1523 3384 1710 3454 σοφίας
1743 3385 1837 3442 καὶ

258 3482 552 3545 συνέσεως,
600 3478 815 3551 πνεῦμα
850 3479 1044 3549 βουλῆς
1074 3480 1167 3532 καὶ
1207 3478 1405 3548 ἰσχύος,
1444 3475 1655 3548 πνεῦμα
1697 3476 1836 3546 γνώ-

260 3592 405 3637 σεως
451 3573 543 3625 καί⁸
579 3572 856 3636 εὐσεϐείας
901 3571 1168 3641 ἐμπλήσει
1207 3570 1400 3622 αὐτόν·
1429 3569 1643 3639 πνεῦμα
1669 3571 1833 3639 φόϐου

255 3664 400 3717 Θεοῦ
422 3665 481 3715 ού
513 3664 655 3717 κατὰ
683 3663 778 3735 τὴν
799 3663 954 3727 δόξαν
981 3664 1173 3734 κρινεῖ,
1197 3661 1316 3714 οὐδὲ
1350 3660 1491 3713 κατά
1522 3663 1619 3733 τὴν
1646 3662 1832 3716 λαλιὰν

256 3754 498 3823 ἐλέγξει,
533 3754 669 3807 ἀλλά
693 3757 867 3824 κρινεῖ
884 3751 1121 3822 ταπεινῷ
1147 3752 1343 3824 κρίσιν,
1370 3753 1460 3805 καὶ
1480 3751 1686 3820 ἐλέγξει
1709 3754 1835 3814 τοὺς

257 3847 553 3907 ταπεινοὺς
598 3844 697 3913 τῆς
743 3844 869 3914 γῆς,
916 3844 1009 3897 καὶ
1043 3842 1269 3907 πατάξει
1302 3843 1406 3914 γῆν
1453 3841 1531 3913 τῷ
1561 3843 1701 3915 λόγῳ
1739 3843 1832 3898 τοῦ

258 3935 533 4006 στόματος
562 3934 747 3997 αὑτοῦ,
774 3936 868 3987 καὶ
902 3936 957 3987 ἐν
989 3934 1254 4004 τωεύματι
1286 3935 1373 3987 διά
1400 3934 1620 4003 χειλέων
1659 3935 1836 3989 ἀνελεῖ

257 4028 469 4098 ἀσεϐῆ⁸
523 4028 617 4081 καὶ
658 4027 805 4081 ἔσται
849 4027 1159 4100 δικαιοσύνῃ
1204 4028 1509 4098 ἐξωσμὲνος
1543 4029 1639 4099 τὴν
1667 4031 1834 4097 ὀσφῦν

259 4120 464 4183 αὐτοῦ,
506 4120 597 4172 καὶ
641 4119 864 4199 ἀληθείᾳ
909 4119 1192 4189 είλημένος
1228 4118 1327 4181 τὰς
1369 4119 1607 4191 πλευρὰς
1650 4120 1829 4176 αὑτοῦ.

258 4214 372 4269 Καὶ
419 4210 925 4282 συμϐοσκηθὴσεται
970 4210 1131 4272 λύκος
1166 4208 1302 4281 μετά
1342 4210 1522 4281 ἀρνὸς,
1557 4211 1651 4263 καὶ
1695 4213 1835 4284 πάρ-

256 4304 413 4365 δαλις
460 4301 925 4354 συναναπαύσεται
984 4302 1189 4375 ἐρίφῳ,
1236 4301 1326 4355 καὶ
1397 4302 1687 4373 μοσχάριον
1740 4304 1831 4356 καὶ

1942 3110 2144 3164 excelsi
2192 3109 2374 3163 ferro:
2412 3117 2465 3164 et
2517 3108 2757 3165 Libanus
2806 3126 2932 3164 cum
2966 3113 3205 3167 excelsis
3234 3114 3412 3168 cadet.
3450 3114 3515 3169 Et

1940 3198 2253 3267 egredietur
2283 3198 2432 3268 virga
2463 3198 2529 3252 de
2562 3199 2745 3256 radice
2777 3200 2963 3265 Jesse,
3009 3209 3061 3255 et
3104 3202 3201 3257 ﬂos
3235 3202 3302 3257 de
3332 3203 3515 3260 radice

1940 3291 2060 3358 ejus
2105 3289 2397 3355 ascendet,
2450 3299 2503 3345 et
2542 3293 2849 3361 requiescet
2898 3310 3062 3364 super
3108 3312 3232 3349 eum
3290 3297 3514 3367 spiritus

1942 3382 2069 3447 Dei,
2100 3382 2325 3452 spiritus
2353 3382 2633 3451 sapientiae
2655 3393 2710 3437 et
2741 3385 3081 3449 intellectus,
3110 3387 3343 3457 spiritus
3377 3403 3510 3443 conc

1940 3475 2049 3533 Silii
2096 3485 2149 3530 et
2193 3475 2562 3538 fortitudinis,
2608 3477 2839 3543 spiritus
2884 3478 3128 3533 scientia:
3162 3489 3215 3533 et
3246 3482 3508 3550 pietatis:

1939 3569 2171 3639 replebit
2208 3583 2331 3623 eum
2364 3570 2589 3637 spiritus
2619 3569 2833 3622 timoris
2871 3568 2962 3623 Dei
2994 3588 3007 3635 ;
3052 3587 3160 3624 non
3208 3572 3509 3625 secundum

1938 3660 2739 3731 opinionemjudicabit,neque
2767 3658 3065 3712 secundum
3094 3660 3363 3729 loquelam
3396 3662 3513 3714 red-

1940 3760 2152 3822 arguet,
2215 3752 2309 3807 scd
2348 3750 2617 3821 judicahit
2642 3750 2832 3803 humili
2873 3749 3173 3819 judicium,
3219 3759 3271 3802 et
3318 3750 3509 3803 redar-

1938 3850 2066 3915 guet
2107 3844 2340 3897 humiles
2373 3850 2565 3907 terrae,
2618 3849 2672 3897 et
2696 3842 3033 3912 critjustitia
3060 3841 3338 3912 cingulum
3374 3841 3511 3894 lum-

1937 3936 2130 3990 borum
2164 3936 2285 4004 ejus
2311 3976 2325 4000 ,
2361 3942 2415 3990 et
2442 3936 2645 3989 veritas
2670 3934 3048 3989 indumentum
3082 3934 3312 3987 laterum
3346 3933 3508 4001 ejus;

1938 4038 1991 4083 et
2020 4038 2274 4099 pascetur
2295 4028 2458 4084 simul
2481 4028 2642 4097 lupus
2665 4043 2789 4083 cum
2819 4042 2958 4097 agno
2980 4067 2993 4090 ,
3027 4034 3082 4081 et
3107 4026 3312 4097 pardus
3346 4026 3511 4081 simul

1937 4117 2184 4186 quiescet
2211 4132 2335 4170 cum
2360 4116 2547 4177 th-do,
2582 4125 2637 4171 et
2667 4117 2873 4171 vitulus
2903 4126 2957 4169 et
2987 4116 3086 4171 bos
3128 4124 3183 4172 et
3224 4118 3309 4171 leo
3348 4117 3507 4170 simul

1938 4216 2269 4277 pascentur:
2304 4205 2465 4260 simul
2504 4207 2851 4275 requiescent
2882 4208 3047 4260 catuli
3080 4223 3270 4261 eorum
3295 4247 3311 4269 ,
3347 4218 3397 4262 et
3427 4209 3510 4262 leo

1935 4299 2088 4369 quasi
2114 4300 2212 4354 bos
2241 4298 2489 4355 comedet
2516 4301 2719 4369 paleas.
2755 4298 2819 4352 Et
2845 4299 3205 4354 delectabitur
3228 4298 3410 4353 infans
3440 4300 3509 4355 ab

255 4394 461 4465 ταῦρος
511 4393 798 4453 καὶ,λέων
833 4393 947 4463 ἅμα
991 4393 1438 4463 βοσκηθήσονται,
1481 4394 1570 4447 καὶ
1607 4392 1721 4465 ἅμα
1762 4395 1829 4448 τὰ

1942 4393 2100 4447 ubere
2146 4407 2312 4462 super
2363 4392 2630 4445 foramine
2668 4391 2912 4460 aspidis,
2958 4399 3012 4446 et
3051 4393 3105 4445 in
3153 4406 3389 4446 caverna
3423 4407 3510 4447 re-

255 4484 451 4541 παιδία
498 4484 675 4536 αὐτῶν
720 4484 951 4548 ἔσονται,
1008 4486 1100 4537 καὶ
1144 4484 1278 4537 λέων
1317 4484 1392 4547 ὼς
1431 4483 1558 4553 βοῦς
1599 4485 1827 4553 φάγεται

254 4579 460 4651 ἄχυρα,
494 4579 587 4631 καὶ
630 4577 839 4630 παιδίον
864 4579 1054 4648 νήπιον
1079 4579 1170 4631 ἐπὶ
1201 4576 1449 4650 τρώγλην
1477 4577 1714 4629 ἀσπίδων
1740 4579 1835 4631 καὶ

258 4674 356 4726 ἐπὶ
386 4672 573 4741 κοίτην
608 4670 842 4739 ἐγγόνων
875 4670 1113 4723 ἀσπίδων
1139 4668 1236 4741 τήν
1267 4672 1423 4741 χεῖρα
1451 4668 1716 4733 ἐπιϐαλεῖ,
1743 4670 1834 4722 καὶ

255 4765 320 4819 ὀὐ
350 4764 424 4835 μὴ
449 4762 1042 4833 κακοποιήσωσιν,ούδὲ
1071 4762 1143 4832 μὴ
1174 4762 1433 4815 δύνωνται
1453 4762 1713 4819 ἀπολέσαι
1748 4762 1836 4815 ού-
1868 4756 1873 4761 ’

250 4857 383 4912 δένα
414 4855 505 4908 ἐπὶ
523 4855 585 4908 τὸ
617 4854 741 4926 ὅρος
767 4854 827 4907 τὸ
852 4854 1004 4922 ἅγιόν
1033 4871 1152 4924 μου,
1184 4854 1265 4906 ὅτι
1294 4854 1598 4926 ἐνεπλήσθη
1627 4857 1659 4926 ή
1693 4855 1832 4925 σύμ-

254 4966 407 5003 πασα
435 4950 505 5019 γῆ
529 4947 623 5001 τοῦ
647 4946 846 5015 γνῶναι
867 4947 958 4999 τὸν
981 4947 1204 5018 Κύριον,
1222 4946 1297 5009 ὼς
1330 4946 1473 5018 ὕδωρ
1503 4947 1635 5001 πολὺ
1664 4964 1832 5001 κατα-

253 5040 494 5109 καλύψαι
525 5038 817 5101 θαλάσσας
859 5039 953 5091 καὶ
984 5038 1135 5091 ἔσται
1166 5039 1223 5090 ἐν
1261 5040 1325 5108 τῇ
1362 5037 1544 5109 ήμέρα
1577 5038 1759 5110 ἐκείνῃ
1797 5039 1831 5108 ὴ

255 5133 382 5203 ῥίζα
417 5132 509 5185 τοῦ
559 5130 775 5190 Ἰεσσαὶ,
809 5129 902 5183 καὶ
932 5131 961 5182 ό
1006 5129 1361 5199 ἀνιστάμενος
1406 5129 1593 5200 ἄρχειν
1640 5128 1829 5193 ἐθνῶν,

252 5224 340 5276 ἐπ’
373 5221 520 5293 αύτῷ
560 5221 687 5291 ἔθνη
720 5220 983 5285 ἐλπιοῦσι,
1020 5220 1114 5275 καὶ
1139 5220 1289 5274 ἔσται
1324 5223 1357 5291 ἡ
1391 5220 1695 5285 ἀνάπαυσις
1729 5221 1831 5274 αύ-

253 5315 347 5369 τοῦ
392 5317 547 5386 τιμή.
581 5336 598 5366 ι
649 5314 770 5368 Οὐδ’
816 5315 967 5368 αὐτοὶ
1007 5314 1057 5371 oi
1093 5316 1156 5367 ὲκ
1185 5312 1485 5384 περιτομῆς
1516 5312 1672 5366 ἀλλον
1709 5311 1829 5366 τινὰ

206 5440 219 5463 ,ι
253 5408 346 5460 τοῦ
392 5406 630 5479 Χριστοῦ
670 5406 761 5461 τὸν
803 5404 1035 5459 ἐνταῦθα
1086 5405 1558 5479 προφητευόμενον
1610 5406 1828 5476 ὑπειλή-

257 5515 411 5567 φασι,
444 5497 585 5567 πλὴν
610 5499 732 5551 ὅσον
762 5497 855 5548 ἐπὶ
878 5495 1005 5567 ψιλῇ
1040 5498 1107 5566 τῇ
1138 5496 1238 5565 τῆς
1271 5494 1607 5567 προφητείας
1633 5495 1825 5565 ἐκδοχῇ

260 5587 713 5659 σωματικὼτερον
760 5586 974 5640 ἔσεσθαι
1020 5586 1411 5658 φανταζόμενοι
1454 5586 1521 5641 τά
1561 5586 1699 5642 κατὰ
1737 5586 1826 5639 τὸν

336 5750 350 5778 ⁸
379 5746 537 5803 Deut.
567 5762 739 5811 χχχιι,
767 5744 854 5799 21.
931 5749 949 5785 ³
976 5742 1081 5800 lsa.
1118 5762 1171 5809 χ,
1206 5746 1294 5808 55,
1323 5746 1425 5808 3.1;
1455 5763 1528 5807 xu,
1561 5746 1703 5799 I-lt).

1934 4485 2044 4556 guli
2070 4528 2085 4550 ,
2128 4485 2219 4553 qui
2257 4485 2561 4540 ablactatus
2602 4484 2765 4538 fuerit
2792 4526 2806 4547 ,
2851 4500 3069 4539 manum
3115 4502 3272 4539 suam
3312 4486 3507 4541 mittet.

1937 4576 2054 4630 Non
2087 4576 2397 4638 nocebunt,
2435 4584 2489 4628 et
2521 4591 2629 4627 non
2663 4576 2914 4629 occident
2948 4575 3001 4630 in
3037 4579 3297 4632 universo
3327 4586 3512 4633 montc

1938 4671 2127 4718 sancto
2154 4679 2315 4717 meo:
2350 4668 2477 4733 quia
2511 4663 2716 4732 repleta
2749 4672 2834 4717 est
2868 4672 3012 4718 terra
3058 4667 3287 4720 scientia
3323 4665 3478 4720 Domi
3499 4694 3511 4707 -

1938 4756 2027 4818 ni,
2062 4754 2204 4809 sicut
2232 4770 2387 4823 aqua:
2411 4754 2581 4808 maris
2612 4754 2942 4823 aperientes.
2980 4755 3043 4808 Et
3071 4756 3177 4809 erit
3208 4757 3260 4809 in
3292 4755 3381 4808 die
3414 4754 3506 4807 illa

1938 4851 2092 4904 radix
2146 4849 2333 4913 Jesse,
2382 4858 2435 4904 et
2475 4849 2568 4920 qui
2618 4850 2795 4920 surgit
2838 4861 2895 4901 ut
2946 4850 3173 4918 imperet
3218 4848 3503 4915 gentibus.

1935 4943 2117 5012 ipsum
2168 4950 2356 5012 gentes
2401 4942 2865 5012 deprecabuntur,
2928 4948 2982 4993 et
3033 4941 3135 4993 crit
3194 4938 3503 5007 sepulcrum

1934 5037 2056 5105 ejus
2084 5036 2381 5106 gloriosum
2410 5039 2451 5089 ¹.
2485 5055 2503 5087 ι
2531 5034 2717 5105 Neque
2744 5035 2844 5105 ipsi
2873 5033 3041 5087 Judaei
3071 5033 3232 5085 alium
3258 5032 3506 5101 quemvis

1934 5144 1997 5181 ac
2076 5128 2360 5183 Christum
2430 5129 2501 5183 ibi
2578 5128 3008 5199 prophetizatum
3074 5126 3503 5189 intellexerunt,

1935 5219 2040 5275 nisi
2085 5220 2344 5274 nimirum
2385 5220 2753 5289 corporaliter
2769 5228 2991 5287 accepta
3021 5217 3184 5287 hujus
3208 5216 3505 5286 prophetia

1937 5313 2189 5383 simplice
2221 5313 2399 5368 littera
2422 5355 2436 5375 ,
2464 5313 2517 5367 in
2545 5312 2832 5366 Dominum
2861 5318 3107 5365 nostrum
3129 5308 3313 5364 Jesum
3337 5308 3465 5363 Chri
3483 5336 3501 5348 -

1932 5415 2075 5462 stum
2101 5405 2256 5460 tidem
2282 5405 2542 5461 adbibere
2566 5412 2816 5459 renuant.
2839 5402 2949 5458 Nos
2986 5417 3117 5457 vero
3144 5402 3326 5455 omnia
3346 5401 3502 5471 juxta

1933 5497 2267 5569 pr0phetiam
2318 5497 2481 5568 digna
2525 5511 2648 5551 esse
2694 5495 2804 5551 Deo
2838 5510 3158 5565 persuasum
3191 5495 3455 5550 habentes
3481 5533 3496 5558 ,

1929 5592 1995 5647 de
2060 5589 2303 5645 moribus
2352 5589 2634 5643 hominum
2683 5587 2982 5648 Salvatoris
3032 5586 3202 5643 nostri
3262 5587 3495 5643 adventu
