3950 6218
673 274 804 330 1211

1342 269 1608 326 EUSEBII
1642 269 2127 327 CESARIENSIS
2162 269 2314 326 OPP.
2355 267 2554 323 PARS.
2589 266 2676 322 Ill.
2717 297 2790 308 —
2824 261 3233 321 EXEGETICA.
3648 273 3733 325 ιιιι

669 387 738 442 ab
787 384 1092 454 iniquitatis
1144 380 1416 453 profundo
1465 382 1522 437 in
1571 383 2050 440 mansuetudinem
2103 398 2229 439 con-

2179 399 2237 438 n-
2264 388 2310 444 Α
2334 380 2500 434 τόπον
2523 379 2622 451 τὴν
2649 380 2730 444 είς
2761 378 2854 434 τὸν
2887 378 3089 449 Κύριον
3111 376 3262 449 ἡμῶν
3299 377 3480 448 Ἰησοῦν
3504 379 3663 452 Χριστὸν
3682 389 3739 459 οῂι

663 476 844 532 Versis
885 475 998 529 haec
1041 473 1150 528 dici
1187 472 1564 529 credidimus:
1601 490 1745 529 nunc
1781 490 1956 545 usque
1987 474 2235 530 videntes

664 569 938 640 quomodo
979 575 1033 620 et
1065 580 1170 636 qua
1207 567 1419 620 ratione
1453 566 1510 620 in
1541 565 1802 623 Ecclesiis
1829 581 1951 638 quae
1981 573 2110 622 sunt
2141 583 2233 622 suo

663 673 761 728 per
792 667 992 711 terrain
1018 696 1031 719 ,
1090 657 1325 710 adventu
1373 655 1500 710 Jesu
1533 657 1739 712 Christi
1775 673 1806 713 e
1852 657 2037 713 radice
2079 655 2234 714 Jesse

657 748 980 817 germinati,
1035 747 1281 817 plerique
1331 747 1611 801 hominum
1659 746 2034 804 transformati
2084 749 2228 815 sint,

657 847 824 906 atque
853 847 1042 890 natura
1076 853 1174 891 sua
1204 839 1473 894 immutati
1504 841 1656 910 prius
1687 839 1883 903 ferina,
1917 855 2044 894 cum
2070 842 2229 910 quasi

657 929 770 998 lupi
815 929 999 997 prius,
1036 937 1089 983 et
1123 929 1277 998 pardi
1307 938 1360 984 et
1395 931 1578 986 leones
1602 971 1617 996 ,
1655 941 1961 1002 caeteraque
1991 931 2228 987 ferarum

656 1029 711 1075 et
753 1022 1090 1090 serpentium
1134 1036 1333 1090 genera
1389 1023 1674 1088 viverent,
1731 1024 1873 1079 sicut
1926 1039 2021 1079 eos
2071 1025 2229 1094 juxta

656 1115 934 1182 propriam
1001 1114 1268 1182 cujusque
1323 1113 1584 1167 malitiam
1645 1121 1698 1169 et
1758 1115 2102 1185 iniquitatem
2162 1130 2229 1170 ex

657 1205 908 1275 analogia
956 1207 1238 1276 prophetia
1277 1215 1456 1260 vocat.
1490 1206 1592 1273 Qui
1622 1218 1676 1262 et
1707 1210 1959 1264 conversi
1984 1218 2038 1264 et
2068 1209 2226 1279 quasi

654 1298 1027 1369 transﬁgurati
1087 1301 1142 1353 in
1206 1308 1418 1354 tantum
1483 1302 1923 1358 mansuetudinis
1982 1302 2226 1373 provecti

654 1397 814 1455 sunt,
871 1400 928 1445 ut
981 1393 1143 1446 simul
1199 1403 1569 1463 pascerentur,
1618 1394 1862 1449 eamdem
1909 1402 2224 1449 sanctorum

654 1482 750 1539 Dei
783 1485 1072 1538 verborum
1119 1499 1302 1538 escam
1347 1485 1692 1542 comedentes
1728 1501 1853 1540 cum
1895 1485 2226 1542 mansuetis-

653 1575 808 1630 simis
837 1577 947 1628 vita
986 1574 1074 1630 Dei
1108 1577 1240 1631 viris
1271 1576 1457 1645 justis,
1488 1592 1626 1646 quos
1661 1584 1885 1646 propter
1913 1577 2077 1632 talem
2110 1577 2225 1630 ani-

651 1682 750 1722 ma
786 1667 1151 1722 innocentiam
1189 1669 1414 1738 privatis
1440 1677 1492 1724 et
1523 1669 1982 1724 mansuctissimis
2016 1669 2224 1722 anima-

2329 469 2655 544 ὁμολογοῦσι
2690 471 2891 526 πίστιν·
2917 471 3077 541 ἡμεῖς
3103 468 3149 522 δ’
3177 468 3273 522 ὅλα
3291 467 3356 521 τά
3381 468 3502 522 κατὰ
3524 471 3596 539 τὴν
3613 491 3743 547 eum.

2330 563 2482 618 τείαν
2522 563 2649 630 ἄξια
2686 558 2826 618 εἶναι
2868 561 3000 616 Θεοῦ
3036 559 3355 632 πειθόμενοι,
3388 561 3496 630 περὶ
3522 564 3672 632 τροπῶν
3695 568 3748 622 ἂν.

2332 654 2617 726 θρωπείων
2648 653 2757 708 τῶν
2785 652 2874 708 διὰ
2891 654 2990 723 τῆς
3011 652 3326 721 ἐπιφανείας
3347 650 3430 703 τοῦ
3452 653 3638 722 Σωτῆρος
3654 656 3752 723 ᾐών

2329 749 2438 802 ἀπὸ
2470 747 2562 801 τοῦ
2595 747 2786 818 βάθους
2823 745 2923 816 τῆς
2964 745 3160 809 κακίας
3198 745 3278 807 είς
3315 744 3576 815 ἡμερότητα
3603 747 3752 815 μεταδε-

2331 840 2606 910 ϐληκότων
2625 839 2794 894 ταῦτα
2820 836 3072 906 λέγεσθαι
3097 835 3522 906 πεπιστεύκαμεν·
3545 837 3604 888 ἔτι
3620 838 3754 891 καλῶν

2329 931 2562 1004 ὁρῶντες
2591 930 2709 995 πῶς
2733 930 2828 984 καὶ
2849 929 2972 982 τίνα
2995 928 3192 998 τρόπον
3219 928 3274 979 ἐν
3295 929 3406 989 ταῖς
3424 925 3537 979 κατά
3550 928 3623 997 τὴν
3642 930 3754 981 σίκαι-

2333 1025 2500 1097 μένην
2533 1025 2613 1097 [ἐν
2637 1023 2778 1096 ταῖς]
2807 1021 3152 1093 Ἐκκλησίαις
3193 1027 3325 1092 μετὰ
3353 1019 3436 1090 τὴν
3454 1021 3677 1090 παρουσίαν
3697 1021 3753 1073 τοῦ

2331 1119 2396 1171 ἐκ
2423 1119 2521 1189 τῆς
2556 1115 2712 1190 ῥίζης
2738 1115 2798 1184 (f.
2829 1115 2898 1170 48
2921 1115 2996 1184 νο)
3043 1112 3238 1166 Ἰεσσαὶ
3275 1111 3624 1182 βεϐλαστηκότος
3644 1111 3755 1182 Ἰησοῦ

2329 1209 2585 1282 Χριστοῦ,
2607 1210 2657 1262 οἱ
2693 1207 2876 1262 πολλοὶ
2919 1206 3028 1259 τῶν
3076 1203 3371 1276 ἀνθρώπων
3417 1203 3756 1273 μετεπλάσθησαν,

2327 1303 2423 1356 καὶ
2465 1301 2562 1373 τὴν
2613 1299 2772 1370 φύσιν
2809 1298 2978 1370 αὐτὴν
3006 1297 3115 1351 ἀπὸ
3144 1295 3239 1349 τοῦ
3269 1293 3532 1365 θηριώδους
3565 1293 3758 1364 μετέϐαλον

2330 1393 2468 1465 βίου,
2503 1394 2655 1447 λύκοι
2686 1393 2826 1456 τινὲς
2863 1392 3016 1455 ὄντες
3057 1389 3119 1443 τὸ
3171 1387 3535 1461 πρότερον,καὶ
3565 1387 3758 1458 παρδάλεις

2326 1484 2416 1538 τὸν
2449 1484 2642 1538 τοιονδὶ
2677 1484 2894 1556 τρόπον,
2919 1481 3134 1544 λέοντές
3165 1497 3223 1532 τε
3253 1480 3343 1532 καὶ
3355 1479 3446 1531 ὃσα
3471 1476 3567 1530 ἀλλα
3586 1476 3694 1548 θηρία
3715 1495 3754 1530 τι

2326 1577 2422 1630 καὶ
2453 1577 2656 1648 ἑρπετὰ
2688 1579 2807 1630 κατ’
2837 1575 3124 1644 ἀναλογίαν
3165 1573 3265 1643 τῆς
3306 1573 3360 1624 ἐν
3396 1570 3569 1638 ἑκάστῳ
3593 1569 3754 1638 ταιῆς

2327 1667 2526 1731 κακίας
2552 1683 2612 1720 τε
2646 1669 2737 1721 καὶ
2770 1666 3029 1738 πονηρίας
3064 1667 3098 1734 ἠ
3136 1660 3431 1736 προφητεία
3469 1658 3696 1724 καταλέγει·
3725 1657 3758 1709 σί

654 1758 834 1821 libus,
873 1767 1035 1829 atque
1079 1760 1400 1815 lactentibus
1444 1760 1626 1829 pueris
1666 1759 1884 1814 divinus
1925 1760 2214 1832 aequiperat

2205 1756 2300 1816 ιΒ
2327 1761 2421 1812 καὶ
2472 1757 2826 1828 μεταθέμενοι
2873 1757 2966 1810 καὶ
3012 1753 3256 1824 ὡσπερεὶ⁵
3305 1748 3760 1823 μεταπλασθέντες,εὶς

655 1865 856 1906 sermo.
909 1851 966 1905 Si
1012 1856 1134 1922 quis
1187 1852 1331 1906 haud
1383 1851 1543 1906 facile
1593 1851 1709 1906 haec
1757 1851 2026 1922 accipiat,
2079 1852 2225 1908 dicat

651 1943 926 2012 quomodo
957 1945 1114 1998 aliter
1143 1961 1173 1999 e
1207 1959 1372 1999 sensu
1419 1943 1693 1998 communi
1737 1944 1883 1998 hunc
1923 1945 2099 2015 possit
2136 1947 2223 1998 in-

652 2036 939 2102 terpretari
982 2036 1181 2090 locum.
1229 2036 1593 2100 Quamobrem
1641 2035 1808 2106 igitur
1852 2043 1906 2091 et
1953 2036 2226 2106 quomodo

651 2118 894 2180 Libanus
928 2141 1052 2180 cum
1083 2126 1316 2181 excelsis
1347 2125 1548 2180 cadet?
1577 2125 1864 2193 Quomodo
1890 2142 1995 2181 non
2025 2128 2226 2198 allego-

651 2217 765 2272 rice
789 2219 1020 2288 accipiet
1061 2233 1237 2288 neque
1283 2219 1532 2289 virgam,
1587 2234 1765 2289 neque
1813 2219 2000 2274 llorem
2045 2235 2111 2275 ex
2158 2235 2223 2274 ea

650 2311 1138 2380 germinaturum?
1201 2310 1469 2366 Ostendat
1527 2311 1801 2381 quomodo
1865 2313 2224 2382 corporaliter

648 2401 798 2472 virga
844 2394 1134 2473 egressui‘h
1173 2403 1242 2458 de
1277 2405 1462 2459 radice
1503 2401 1660 2460 Jesse
1705 2403 1942 2467 dicatur,
1979 2411 2032 2458 et
2078 2403 2222 2459 unde

647 2491 754 2549 ﬂos
776 2509 810 2550 e
839 2493 1023 2548 radice
1052 2494 1172 2562 ejus
1202 2509 1556 2550 ascensurus.
1597 2492 1652 2547 Si
1685 2503 1900 2559 autem,
1932 2496 2085 2564 quod
2109 2511 2224 2565 per-

647 2585 864 2641 diliicitle
892 2594 975 2642 est
995 2627 1008 2649 ,
1039 2587 1108 2641 de
1136 2587 1220 2640 his
1253 2587 1766 2656 interpretationem
1792 2586 2050 2640 exhibere
2080 2586 2221 2638 nita-

649 2689 758 2745 tur,
792 2680 1009 2734 altende
1043 2694 1224 2732 annon
1256 2678 1482 2748 pulchre
1517 2676 1674 2730 nobis
1702 2683 1756 2730 et
1787 2677 1993 2744 reliqua
2025 2673 2218 2728 Salva-

646 2775 784 2830 toris
833 2773 1007 2828 nostri
1054 2771 1288 2826 adventu
1332 2770 1546 2839 plenum
1596 2775 1850 2822 eventum
1904 2766 2214 2822 habuerint.

647 2868 780 2932 Quae
827 2874 880 2921 et
931 2871 1299 2934 congruenter
1344 2877 1467 2916 cum
1514 2859 1798 2932 prOphetia
1849 2859 2210 2924 advenerunt,

649 2956 948 3012 contractis
984 2971 1014 3010 a
1047 2954 1277 3010 Domino
1306 2951 1544 3007 Sabaoth
1583 2949 1786 3021 prioris
1818 2950 2004 3020 populi
2035 2966 2212 3020 quon~

647 3046 773 3102 dam
806 3036 1082 3102 nobilibus
1102 3086 1116 3110 ,
1149 3061 1286 3116 quos
1317 3052 1370 3100 et
1399 3044 1642 3098 elevatos
1683 3041 1828 3095 facta
1870 3043 1926 3096 in
1961 3040 2214 3096 Salvato-

646 3155 762 3196 rem
794 3148 1040 3195 nostrum
1073 3139 1272 3208 injuria
1292 3177 1306 3201 ,
1338 3136 1698 3192 conterendos
1726 3144 1780 3191 et
1811 3135 2177 3190 humiliandos
2197 3176 2210 3200 ,

647 3241 702 3286 et
731 3230 1066 3300 dejiciendos
1096 3246 1218 3286 esse
1252 3231 1602 3298 praenuntiat.
1640 3227 1776 3282 Cum
1829 3225 1934 3281 illis
1963 3235 2016 3281 et
2055 3225 2218 3281 Liba-

649 3340 777 3379 num
822 3324 1204 3394 prolapsurum
1239 3321 1519 3392 Scriptura
1562 3321 1714 3376 dicit.
1760 3320 1849 3375 Sic
1895 3320 2038 3375 enim
2087 3335 2220 3374 con-

649 3424 902 3473 sueverat
932 3414 1232 3471 Jerusalem
1261 3424 1606 3484 veteremque
1658 3413 1931 3484 quondam
1973 3413 2046 3468 ibi
2086 3414 2222 3468 cele-

647 3501 862 3556 bratum
900 3503 1104 3557 cultum
1133 3501 1420 3572 allegorice
1449 3502 1768 3568 nominare;
1803 3509 1860 3555 ut
1897 3509 2112 3558 constat
2153 3518 2217 3556 ex

651 3593 743 3646 illo
768 3592 1066 3648 Ezechielis
1094 3593 1248 3656 loco,
1275 3593 1366 3647 ubi
1393 3593 1598 3648 dictum
1627 3603 1712 3648 est
1739 3613 1749 3647 :
1784 3611 1802 3644 ι
1834 3594 2027 3664 Aquila
2057 3607 2220 3663 gran-

651 3685 758 3749 dis,
789 3701 1109 3754 magnarum
1140 3686 1350 3739 alarum
1370 3725 1384 3748 ,
1425 3686 1586 3756 longo
1615 3685 1985 3740 membrorum
2015 3683 2212 3749 ductu,

649 3777 810 3849 plena
841 3778 1042 3848 plumis
1069 3786 1122 3833 ct
1151 3779 1446 3841 varietate,
1481 3793 1600 3849 qua:
1637 3779 1800 3834 habet
1831 3778 2217 3834 auctoritatem

652 3869 991 3940 ingrediendi
1021 3871 1073 3924 in
1105 3869 1371 3924 Libanum
1393 3911 1408 3935 ,
1439 3878 1492 3925 et
1519 3870 1718 3925 evulsit
1746 3877 1934 3925 tenera
1961 3870 2108 3925 cedri
2139 3873 2212 3924 ¹.ι

651 3964 718 4020 Et
754 3967 868 4021 haec
908 3967 1023 4037 ipsa
1061 3968 1321 4037 deinceps
1372 3968 1672 4039 explanans
1720 3969 1862 4024 idem
1911 3970 2172 4041 propheta
2197 4009 2212 4036 ,

648 4062 834 4123 aperte
882 4053 1148 4110 Libanum
1201 4071 1327 4111 esse
1375 4055 1680 4113 Jerusalem
1730 4058 1923 4114 edocet
1976 4061 2213 4116 dicens:

649 4163 674 4198 ι
695 4143 795 4200 Fili
813 4145 1050 4202 hominis
1069 4188 1084 4211 ,
1101 4148 1189 4203 dic
1217 4148 1282 4202 ad
1301 4148 1521 4203 domum
1555 4159 1966 4220 exasperautem
1989 4171 2002 4208 :
2027 4151 2218 4208 Nesci-

645 4239 722 4294 tis
762 4239 893 4308 quid
931 4239 1036 4294 ista
1071 4240 1410 4311 signiﬁcent?
1445 4239 1540 4296 Dic
1561 4282 1576 4305 ,
1605 4241 1740 4297 Cum
1767 4244 1976 4300 venerit
2005 4261 2098 4301 rex
2123 4245 2220 4300 Ba-

647 4329 866 4400 bylonis
891 4333 946 4384 in
973 4329 1310 4397 Jerusalem,
1333 4341 1387 4387 et
1405 4343 1649 4388 assumet
1667 4350 1846 4406 regem
1869 4346 1922 4391 et
1943 4337 2218 4408 principes

646 4423 771 4491 ejus
801 4427 842 4476 ’.
870 4443 887 4475 ι
919 4423 1266 4480 Manifestum
1303 4433 1388 4482 est
1427 4426 1596 4497 igitur
1629 4426 1772 4498 quod
1811 4435 1864 4483 et
1903 4428 2020 4499 ipse
2055 4429 2217 4486 Liba-

650 4525 757 4566 nus
787 4515 1268 4582 postexcelsorum
1287 4517 1542 4586 injuriam
1565 4519 1766 4574 cecidit
1787 4517 2088 4576 Salvatoris
2110 4537 2210 4575 no-

645 4603 750 4658 stri
783 4603 1018 4659 adventu
1047 4606 1114 4660 de
1129 4606 1313 4662 radice
1337 4606 1489 4664 Jesse
1505 4610 1617 4664 nati
1642 4628 1657 4677 ;
1688 4609 1743 4665 in
1785 4625 1896 4682 quo
1936 4613 2204 4683 requievit

651 4694 940 4763 plenitudo
977 4696 1246 4752 donorum
1287 4701 1460 4755 sancti
1511 4699 1778 4772 Spiritus,
1806 4703 1899 4773 qui
1935 4715 1990 4759 et
2019 4697 2216 4762 rursus

646 4785 828 4840 veniet
856 4789 1096 4842 secunda
1123 4798 1178 4844 et
1207 4792 1470 4861 prmclara
1495 4795 1966 4862 manifestatione,
1995 4815 2104 4854 non
2135 4816 2218 4856 se-

640 4876 887 4933 cundum
915 4881 1228 4949 opinionem
1251 4883 1505 4952 judicans
1526 4929 1540 4953 ,
1573 4907 1590 4939 ι
1618 4887 1915 4944 Personam
1941 4891 2088 4946 enim
2115 4893 2216 4947 ho-

646 4967 815 5023 minis
855 4967 997 5026 Deus
1038 4986 1145 5027 non
1188 4975 1390 5046 accipit
1420 4977 1440 5008 ⁸
1472 4997 1490 5029 ι
1526 4995 1541 5046 ;
1574 4994 1750 5052 neque
1787 4984 2088 5040 secundum
2127 4986 2210 5042 lo-

647 5059 863 5128 quelam
905 5060 1242 5133 redarguens
1271 5085 1284 5122 :
1321 5086 1340 5118 ι
1373 5067 1641 5126 Scrutaris
1679 5074 1824 5128 enim
1853 5084 1938 5130 est
1967 5091 2127 5133 renes
2161 5083 2217 5132 et

646 5151 843 5214 corda,
883 5161 937 5206 et
973 5155 1290 5227 pertingens
1329 5175 1505 5230 usque
1541 5162 1608 5216 ad
1649 5164 1980 5223 divisionem
2019 5169 2216 5224 anima:

646 5254 710 5294 ac
733 5241 962 5312 spiritus
981 5244 1023 5301 ⁸.
1057 5265 1076 5298 ι
1101 5245 1375 5305 Praeterea
1402 5267 1525 5306 cum
1552 5255 1666 5322 jam
1693 5254 1838 5310 facta
1865 5265 1949 5314 est
1979 5259 2099 5328 ejus
2131 5259 2216 5313 in-

646 5333 920 5400 carnatio,
951 5352 1116 5404 quam
1147 5340 1434 5396 verissime
1464 5345 1669 5414 repleta
1697 5356 1783 5402 est
1811 5357 1956 5403 terra
1987 5349 2214 5406 scientia

647 5420 885 5489 Domini,
919 5442 1028 5481 non
1054 5428 1166 5498 jam
1195 5433 1326 5486 solis
1356 5432 1560 5490 Iudaeis
1585 5451 1708 5491 eum
1736 5440 2214 5509 cognoscentibus.

648 5511 804 5570 Tunc
831 5518 996 5572 etiam
1028 5523 1324 5592 pleniorem
1366 5535 1622 5584 eventum
1661 5529 1852 5587 habuit
1892 5534 2214 5604 prophetia,

2325 1848 2576 1904 τοσοῦτον
2614 1848 2949 1920 ἡμερότητος
2991 1846 3220 1918 ήλασαν,
3264 1843 3337 1906 ὡς
3371 1839 3684 1912 συμϐόσκεσθαι
3703 1840 3762 1890 αὐ-

2325 1943 2449 2004 τοὺς
2488 1941 2586 2012 τὴν
2615 1940 2785 2011 αὐτὴν
2818 1939 3070 2003 ἔσθοντας
3108 1938 3220 1991 τῶν
3253 1936 3406 2008 ίερῶν
3429 1933 3509 1988 τοῦ
3535 1932 3634 1987 Θεοῦ
3654 1933 3762 1998 λὸῃιιν

2325 2033 2529 2104 τροφὴν
2564 2035 2677 2096 τοῖς
2716 2030 3196 2103 ὴμερωτάτοιςτὰ
3244 2028 3346 2098 ἤθη
3393 2027 3583 2088 δικαίοις
3621 2023 3763 2094 ἀνδράσι

2322 2124 2414 2178 τοῦ
2445 2123 2599 2189 Θεοῦ,
2632 2123 2724 2188 οὓς
2761 2124 2848 2178 διὰ
2877 2124 2975 2196 τὴν
2999 2123 3206 2177 τοιανδὶ
3229 2123 3326 2192 τῆς
3347 2119 3505 2190 ψυχῆς
3525 2118 3695 2172 ἀκακίαν
3715 2134 3762 2168 τι-

2323 2219 2543 2283 θασσοϊς
2581 2219 2672 2272 καὶ
2712 2219 3084 2289 ἡμερωτάτοις
3119 2215 3300 2282 ζώοις,
3328 2217 3431 2278 τοῖς
3460 2231 3510 2266 τε
3529 2214 3765 2281 ἀναγεγραμ-

2325 2311 2507 2382 μένοις
2539 2309 2774 2364 ἐνταῦθα
2805 2310 3036 2374 παιδίοις
3069 2312 3097 2362 ὁ
3133 2309 3278 2373 θεῖος
3316 2307 3552 2362 ἀπείκασε
3579 2304 3703 2371 λόγος.
3730 2303 3764 2355 El

2321 2404 2376 2457 ἃ
2406 2404 2545 2475 πρὸς
2576 2402 2748 2457 ταῦτά
2780 2420 2864 2467 τις
2896 2401 3204 2466 δυσπειθῶς
3231 2402 3359 2472 ἔχοι,
3389 2400 3566 2470 λεγέτω
3587 2398 3624 2450 εί
3645 2389 3763 2448 οἷόντε

2321 2494 2494 2558 ἄλλως
2535 2493 2676 2548 κατά
2709 2493 2808 2565 τὴν
2846 2495 3136 2566 πρόχειρον
3172 2494 3404 2549 διάνοιαν
3442 2493 3599 2558 σώζειν
3632 2488 3766 2558 7b).!-

2321 2584 2420 2651 ξιν·
2444 2586 2530 2638 διὰ
2560 2586 2610 2638 τί
2635 2584 2744 2657 γὰρ
2772 2585 2804 2655 ἢ
2835 2586 2928 2638 καὶ
2954 2586 3071 2649 πῶς
3103 2588 3132 2638 ὁ
3154 2586 3382 2648 Λίϐανος
3414 2585 3498 2638 σὺν
3522 2587 3609 2644 τοῖς
3627 2579 3765 2648 ὑψηλοῖς

2321 2678 2600 2740 πεσεῖται;
2646 2675 2737 2746 Μὴ
2781 2675 3182 2748 τροπολογείτω
3240 2677 3298 2729 δὲ
3343 2676 3471 2746 μήτε
3514 2673 3593 2743 τὴν
3631 2668 3764 2739 ῥάϐδων

2323 2767 2454 2838 μηδὲ
2481 2767 2542 2819 τὸ
2574 2769 2638 2820 ἐκ
2667 2768 2868 2840 ταύτης
2899 2766 3078 2830 ἄνθος·
3107 2765 3247 2822 ἀλλὰ
3273 2766 3514 2820 δεικνύτω
3545 2763 3634 2825 πῶς
3656 2775 3766 2827 σωμα-

2317 2860 2443 2930 τικὴ
2476 2858 2671 2928 ῥάϐδος
2699 2857 3074 2928 ἐξελεύσεσθαι
3102 2859 3170 2912 ἐκ
3195 2859 3293 2928 τῆς
3319 2857 3463 2930 ῥίζης
3503 2852 3658 2909 Ἰεσσαὶ
3677 2849 3767 2917 λέγε-

2317 2970 2428 3016 ται,
2465 2953 2559 3006 καὶ
2590 2953 2832 3008 ποταπὸν
2868 2952 3026 3016 ἄνθος
3051 2952 3416 3024 ἀναϐήσεσθαι
3439 2949 3491 3014 ἐξ
3513 2950 3656 3018 αὐτῆς.
3677 2945 3766 2998 Εἱίὶ

2317 3045 2411 3098 καὶ
2449 3044 2537 3097 τὸν
2579 3043 2720 3098 πάνυ
2767 3043 2998 3116 σκληρὸν
3047 3043 3225 3098 ταῦτα
3266 3045 3356 3096 ἐπὶ
3397 3043 3601 3096 διάνοιαν
3641 3035 3766 3090 liv-viva

2322 3135 2587 3206 βιάζεται,
2611 3138 2712 3209 ὅρα
2744 3139 2792 3190 εί
2821 3137 2894 3208 μὴ
2929 3136 3108 3200 καλῶς
3131 3139 3267 3209 ἡμῖν
3299 3139 3390 3191 καὶ
3416 3135 3478 3189 τά
3504 3133 3635 3188 λοιπὰ
3657 3133 3766 3197 ὲπίτῇ

2317 3227 2410 3282 τοῦ
2439 3229 2687 3301 Σωτῆρος
2714 3229 2870 3300 ἡμῶν
2896 3230 3168 3301 παρουσίᾳ
3200 3229 3337 3284 κατὰ
3362 3229 3571 3284 διάνοιαν
3597 3226 3767 3297 sapim-

2317 3339 2407 3378 ται
2449 3321 2888 3394 πεπληρωμέναο
2925 3322 2961 3377 ἀ
2998 3325 3094 3377 καὶ
3128 3324 3431 3387 ἀκολούθως
3472 3326 3529 3393 τῇ
3567 3317 3769 3390 προςηπῆ

2317 3415 2508 3484 γέγονε
2566 3415 2703 3486 μετά
2750 3415 2811 3468 τὺ
2862 3415 3194 3488 συνταράξαι
3242 3417 3439 3487 Κύριον
3488 3411 3665 3467 Σαϐαὼθ
3696 3408 3770 3468 τοὺς

2319 3507 2485 3562 πάλαι
2514 3507 2756 3572 ἐνδόξους
2785 3507 2878 3560 τοῦ
2912 3508 3180 3579 προτέρου
3219 3507 3368 3562 λαοῦ·
3404 3507 3488 3571 οῦς
3516 3508 3594 3561 καὶ
3619 3500 3769 3573 {eludit-

2316 3615 2416 3662 τας
2452 3601 2517 3669 τῇ
2553 3599 2692 3652 κατὰ
2730 3597 2822 3652 τοῦ
2864 3599 3116 3670 Σωτῆρος
3161 3598 3320 3670 ἡμῶν
3353 3598 3498 3670 ὕϐρει
3531 3590 3770 3664 συντριϐήσε-

2321 3685 2442 3740 σθαι
2468 3687 2564 3741 καὶ
2582 3687 3108 3758 ταπεινωθήσεσθαι,
3128 3689 3224 3742 καὶ
3240 3689 3505 3742 πεσεῖσθαι
3527 3680 3769 3758 προφητεύει*

2321 3782 2418 3835 σὺν
2462 3782 2644 3845 αὐτοῖς
2688 3781 2745 3834 δὲ
2792 3783 2885 3834 καὶ
2928 3781 3016 3834 τὸν
3066 3781 3300 3836 Λίϐανον
3349 3780 3597 3835 πεσεῖσθαι
3625 3780 3645 3830 ό
3676 3775 3771 3838 λόγος

2321 3873 2500 3944 φησίν·
2531 3873 2670 3926 οὕτω
2699 3873 2755 3926 δέ
2783 3872 2904 3937 ἐθος
2941 3872 3088 3943 αὐτῷ
3121 3873 3226 3945 τὴν
3274 3873 3596 3946 Ἰερουσαλὴμ
3623 3868 3690 3920 καὶ
3713 3864 3772 3931 τὴν

2318 3966 2488 4020 πάλαι
2538 3967 2798 4039 πρότερον
2849 3967 2907 4019 ἐν
2955 3966 3090 4038 αὐτῇ
3147 3967 3468 4038 σωματικῶς
3515 3955 3770 4026 ἀποτελαδμέ-

2317 4078 2415 4132 νην
2464 4059 2719 4132 λατρείαν
2767 4058 3084 4131 ὀνομάζεινο
3127 4060 3206 4124 ὠς
3254 4060 3406 4132 δῆλόν
3450 4062 3576 4113 ἐστιν
3613 4053 3688 4108 ἀπὸ
3715 4045 3770 4100 τώ

2317 4151 2603 4224 Ἰεζεκιὴλ,
2651 4152 2780 4208 ἔνθα
2831 4152 3020 4207 τοῦτον
3072 4147 3478 4225 ἀναγέγραπται
3519 4150 3594 4203 τὸν

2323 4264 2342 4298 ι
2395 4247 2453 4300 '0
2497 4245 2653 4310 άετὸς
2693 4248 2721 4300 ὁ
2771 4247 2944 4317 μέγας
2985 4249 3012 4302 ό
3060 4246 3539 4318 μεγαλοπτέρυγος,
3577 4243 3599 4293 ὁ
3637 4233 3768 4309 μακρδς

2315 4338 2381 4408 τῇ
2436 4337 2682 4403 ἐκτάσει,
2740 4337 2955 4410 πλήρης
3009 4338 3239 4410 ὀνύχων,
3293 4339 3350 4401 ὃς
3404 4336 3506 4416 ἔχει
3557 4333 3607 4386 τὸ
3651 4331 3770 4398 ine

2317 4429 2577 4484 εἰσελθεῖν
2623 4433 2703 4496 είς
2745 4430 2836 4484 τὸν
2881 4433 3133 4496 Λίϐανον,
3184 4433 3281 4486 καὶ⁷
3323 4432 3470 4486 ἔλαϐε
3509 4429 3566 4483 τὰ
3603 4423 3769 4479 ἐπίλεπτα

2319 4521 2420 4592 τῆς
2443 4521 2656 4594 κέδρου.
2679 4540 2697 4575 ι
2732 4522 2999 4578 Ἐπιλύων
3031 4524 3162 4594 γοῦν
3193 4526 3294 4597 τὴν
3330 4520 3609 4595 παραδολὴν
3629 4507 3769 4571 αῡτδςὸ

2323 4615 2657 4684 προφητικὸς
2699 4613 2855 4683 λόγος
2887 4615 3072 4686 σαφῶς
3103 4616 3195 4670 τὸν
3228 4617 3452 4672 Λίϐανον
3484 4613 3567 4683 τὴν
3596 4611 3768 4678 Ἱερουσφ

2321 4704 2433 4777 λὴμ
2457 4706 2717 4773 διδάσκει,
2751 4707 2924 4778 λέγων
2944 4725 2970 4772 ⁸,
2985 4729 3004 4762 ι
3033 4710 3130 4763 Υῐέ
3153 4709 3456 4782 ἀνθρώπου,
3477 4708 3605 4760 εἰπὸν
3626 4701 3672 4769 δὴ

2321 4797 2414 4852 τὸν
2449 4794 2596 4852 οἷκον
2647 4800 2742 4853 τὸν
2789 4801 3325 4872 παραπικραίνονταο
3355 4801 3462 4855 Οὐκ
3501 4787 3719 4849 ἐπίστασθε
3737 4781 3765 4832 τί

2320 4886 2388 4962 ἦν
2668 4893 2858 4959 εἰπὸν.
2898 4894 3064 4946 «om
3107 4892 3236 4966 ἔλθῃ
3288 4893 3520 4965 βασιλεὺς
3552 4878 3765 4966 meum

2321 4983 2416 5036 ἐπί
2443 4983 2818 5056 Ἰερουσαλὴμ,
2844 4986 2938 5038 καὶ
2967 4984 3194 5056 λήψεται
3212 4965 3319 5040 τὸν
3348 4982 3548 5057 βασιλέα
3574 4965 3765 5057 εῑύτῖῑίπαἱ

2320 5077 2447 5139 τοὺς
2471 5052 2955 5147 ἇρχονταςάὐτῆς.
2987 5095 3006 5126 ι
3022 5052 3307 5149 ’Πρόδηλον
3333 5052 3421 5130 οὖν
3443 5075 3571 5132 ὅπως
3590 5052 3763 5120 καὶαῧτῦς

2320 5171 2349 5222 ὁ
2381 5169 2612 5233 Λίϐανος
2636 5170 2774 5241 μετὰ
2798 5169 2907 5224 τῶν
2939 5169 3156 5241 ὑψηλῶν
3188 5175 3254 5242 τῇ
3285 5169 3434 5241 ὕϐρει
3461 5159 3763 5242 περιπίπτομεν

2319 5261 2413 5315 ἐπὶ
2448 5264 2515 5332 τῇ
2569 5240 2841 5334 παρουσίᾳ
2884 5261 2978 5315 τοῦ
3033 5240 3098 5315 ἐκ
3157 5240 3312 5332 ῥίζης
3351 5240 3529 5313 Ἰεσσαὶ
3569 5240 3760 5334 γενομένην

2325 5353 2578 5425 Σωτῆρος
2608 5332 2792 5424 ήμῶνο
2818 5332 2911 5423 ἐφ’
2940 5353 3000 5407 ὃν
3027 5355 3120 5414 καὶ
3159 5352 3488 5409 ἀνεπαύσατο
3511 5349 3540 5416 ἡ
3584 5332 3758 5432 alii“;

2323 5444 2429 5498 τῶν
2473 5443 2568 5499 τοῦ
2597 5445 2754 5513 ἁγίου
2797 5445 3113 5515 Πνεύματος
3149 5443 3505 5519 χαρισμάτων,
3538 5437 3588 5498 ὃς
3613 5429 3676 5485 καὶ
3691 5429 3760 5519 sit:

2322 5533 2480 5599 αὖθις
2507 5535 2785 5592 ἐλεύσεται
2806 5537 2946 5592 κατά
2971 5537 3071 5608 τὴν
3091 5538 3345 5610 δευτέραν
3369 5535 3456 5590 καὶ
3472 5525 3642 5593 ἔνδοξον
3658 5517 3762 5574 δύτω

713 5692 726 5708 ⁴
756 5688 948 5749 Ezech.
979 5713 1124 5763 xvii,
1151 5700 1204 5756 '5.
1281 5706 1300 5735 '
1326 5705 1462 5761 ibid.
1498 5705 1581 5761 l9...
1661 5708 1680 5739 ³
1713 5706 1830 5762 Gal.
1857 5724 1918 5776 ιι,
1941 5708 1993 5764 6.
2073 5708 2282 5780 *Apoc.
2311 5727 2370 5776 ιι,
2401 5711 2501 5780 23;
2539 5711 2701 5768 Hebr.
2741 5729 2814 5782 iv,
2853 5715 2932 5769 l2.
