3950 6218
229 293 367 349 1213

1315 297 1607 354 ECLOGAS
1641 294 2123 354 PROPHETICE.
2160 298 2286 354 LIB.
2326 299 2415 355 IV.

3324 303 3461 359 1214

222 417 543 487 παρουσίαν,
572 418 633 469 οὐ
669 416 809 470 κατά
849 417 948 489 τήν
988 418 1148 483 δόξαν
1177 418 1490 491 κρινοῦντος
1512 439 1524 451 ο
1568 439 1587 471 ι
1615 421 1793 492 Πρόσ-

1901 434 2019 474 cum
2053 417 2388 488 plenitudine
2422 418 2662 489 gentium
2696 417 3037 488 ingrediente
3073 430 3197 470 cum
3237 415 3462 484 reliquis

221 526 371 563 ωπον
405 509 511 577 γάρ
555 507 840 581 ἀνθρώπου
875 510 1005 574 Θεὸς
1030 513 1092 563 ού
1139 511 1407 581 λαμὸάνει
1428 531 1443 545 ·
1471 532 1489 566 ι
1519 512 1633 565 ἀλλ’
1674 513 1795 566 ούδέ

222 600 364 654 κατά
385 598 483 669 τὴν
505 599 693 653 λαλιὰν
722 601 958 671 ἐλέγχων
975 620 987 632 ·
1002 621 1018 652 ι
1042 602 1279 666 Ἐτάζων
1308 603 1417 674 γάρ
1440 605 1553 656 ἐστι
1569 604 1796 675 καρδίας

223 694 319 746 καὶ
346 694 596 764 νεφροὺς,
636 693 728 745 καὶ
760 692 1127 763 διικνούμενος
1157 694 1282 763 ἄχρι
1318 693 1583 764 μερισμοῦ
1616 695 1795 764 ψυχῆς

225 785 318 837 καὶ
347 783 677 854 πνεύματος,
704 804 722 834 ι
766 784 875 837 Καὶ
902 785 992 835 ἐπὶ
1018 787 1083 854 τῇ
1131 785 1398 857 γενομένῃ
1440 787 1537 855 μὲν
1569 782 1660 839 οῦν
1692 788 1793 840 αὐ-

221 874 317 929 τοῦ
348 875 448 946 ήδη
476 877 738 946 πρότερον
767 876 1039 946 παρουσία
1075 875 1378 947 ἐνεπλήσθη
1411 876 1486 938 ῶς
1511 876 1725 947 ἀληθῶς
1757 879 1791 949 ἡ

232 965 295 1035 γῆ
325 964 418 1017 τοῦ
452 964 650 1032 γνῶναι
675 965 766 1017 τὸν
795 964 1018 1035 Κύριον,
1058 965 1285 1035 μηδενὸς
1336 966 1397 1018 τὸ
1439 967 1568 1037 πρὶν
1604 969 1682 1021 ὅτι
1719 967 1793 1039 μὴ

224 1056 402 1127 μόνων
437 1056 544 1108 τῶν
576 1056 640 1109 ἐκ
687 1057 989 1127 περιτομῆς
1023 1057 1398 1125 γινωσκόντων
1425 1059 1616 1112 αὐτόν·
1670 1060 1792 1113 τότε

220 1146 279 1201 δέ
313 1150 408 1200 καὶ
439 1148 636 1217 μᾶλλον
665 1150 744 1210 είς
776 1148 950 1219 πέρας
971 1148 1322 1220 ἀχθήσεταιὴ
1357 1150 1681 1221 προφητεία,
1703 1152 1791 1204 ὅτε

220 1238 315 1291 τοῦ
368 1237 731 1309 πληρώματος
786 1238 895 1291 τῶν
950 1238 1117 1291 ἐθνῶν
1164 1239 1493 1302 εἰσελθόντος
1534 1241 1630 1292 σὺν
1680 1242 1793 1304 τοῖς

220 1323 424 1395 λοιποῖς
445 1332 620 1385 ἔθνεσι
652 1334 745 1385 καὶ
782 1336 810 1386 6
844 1335 950 1396 πᾶς
998 1332 1210 1403 Ἰσραὴλ
1243 1331 1566 1403 σωθήσεται,
1602 1335 1629 1384 ὁ
1662 1334 1794 1402 Χρι-

222 1425 347 1485 στὸς
376 1423 432 1477 δέ
471 1427 534 1477 ἐκ
578 1425 786 1496 νεκρῶν
827 1424 1065 1488 ἀναστάς
1097 1426 1286 1496 ἄρχειν
1325 1424 1494 1478 ἐθνῶν
1551 1425 1654 1477 ὑπὸ
1698 1424 1791 1478 τοῦ

221 1514 357 1568 Θεοῦ
410 1516 748 1584 κατεστάθη,
787 1518 926 1571 κατά
954 1518 1044 1580 τὸ,
1091 1537 1108 1568 ι
1133 1516 1242 1569 Καὶ
1283 1516 1431 1568 ἔσται
1462 1518 1495 1585 ἡ
1532 1514 1656 1588 ῥίζα
1697 1515 1791 1568 τοῦ

236 1609 432 1660 Ἰεσσαὶ
462 1610 554 1661 καὶ
588 1611 616 1662 6
638 1610 698 1671 (f.
724 1609 812 1679 49)
842 1610 1198 1679 ἀνιστάμενος
1246 1608 1433 1680 άρχειν
1473 1608 1640 1661 ἐθνῶν
1665 1647 1678 1670 ,
1706 1608 1791 1661 ἐπ’

221 1699 370 1769 αὐτῷ
408 1699 533 1770 ἔθνη
583 1700 923 1754 ἐλπιοῦσιν.»
957 1702 1097 1771 Ὅρα
1155 1701 1318 1769 γοῦν,
1364 1702 1439 1764 ὼς
1490 1702 1595 1754 οὐδ’
1657 1702 1793 1763 ὅλως

1900 512 2154 582 gentibus
2176 518 2230 565 et
2249 512 2427 565 omnis
2450 508 2616 564 lsrael
2642 510 2962 571 salvabitur,
2985 506 3237 562 Christus
3263 520 3294 559 a
3315 521 3463 560 mor-

1901 607 2009 660 tuis
2039 619 2332 674 resurgens
2364 602 2631 672 imperare
2664 601 2919 672 gentibus
2943 616 2973 652 a
2999 598 3106 653 Deo
3133 598 3463 653 constitutus

1898 707 2003 761 est,
2031 696 2187 764 juxta
2218 693 2347 747 illud
2385 712 2396 747 :
2426 712 2443 743 ι
2471 692 2534 747 Ει
2558 694 2661 747 erit
2693 691 2842 746 radix
2874 691 3058 756 Jesse,
3092 700 3144 745 et
3169 690 3260 758 qui
3290 691 3463 760 surgit

1900 795 1959 840 ut
1984 788 2215 856 imperet
2246 784 2499 856 gentibus
2525 802 2539 848 ;
2575 784 2631 837 in
2664 798 2728 837 co
2756 794 2943 852 gentes
2972 781 3287 851 sperabunt.
3320 799 3338 832 ι
3367 781 3464 833 At-

1899 878 2060 931 tende
2100 878 2265 943 igitur
2306 876 2580 947 quomodo
2621 890 2730 928 non
2771 875 2859 928 hic
2897 875 3093 935 Israel,
3135 880 3227 926 aut
3262 870 3461 936 Jacob,

1899 977 1995 1022 aut
2027 968 2197 1024 Judas
2226 970 2600 1034 nominentur,
2634 968 2729 1022 sed
2769 974 2954 1037 aperte
2994 973 3211 1035 gentes,
3244 965 3297 1018 in
3336 978 3459 1019 eum

1901 1060 1995 1129 qui
2029 1069 2214 1129 surget
2266 1060 2333 1114 de
2378 1059 2560 1112 radice
2609 1056 2792 1123 Jessc,
2846 1065 3143 1127 speraturae
3187 1055 3463 1125 propheti-

1900 1160 2118 1213 tautur,
2153 1160 2491 1208 consonante
2524 1150 2625 1202 hoc
2653 1150 2772 1203 loco
2802 1164 2925 1203 cum
2960 1150 3027 1203 iis
3053 1152 3190 1217 apud
3225 1146 3462 1218 Moysem

1900 1242 2210 1298 dicentibus
2237 1264 2248 1297 :
2280 1262 2299 1294 ι
2331 1244 2449 1298 Non
2490 1244 2766 1300 auferetur
2801 1250 3075 1312 sceptrum
3105 1240 3171 1295 de
3201 1239 3338 1293 Juda
3359 1279 3372 1303 ,
3406 1248 3461 1293 et

1900 1335 2013 1389 dux
2052 1334 2119 1390 de
2156 1334 2360 1391 femore
2397 1336 2552 1406 ejus,
2594 1336 2769 1391 donec
2805 1326 2999 1389 veniat
3026 1334 3115 1402 qui
3164 1331 3461 1386 mittendus

1894 1437 1982 1501 est
2002 1466 2017 1492 ,
2055 1435 2109 1481 et
2140 1427 2255 1497 ipse
2286 1428 2390 1481 erit
2420 1430 2756 1497 exspectatio
2788 1427 3025 1498 gentium
3059 1426 3074 1456 ι
3098 1465 3112 1489 ,
3149 1443 3166 1475 ι
3191 1439 3299 1477 non
3332 1437 3461 1477 vero

1902 1516 2089 1572 Israel.
2130 1518 2431 1587 Cujusnam
2470 1532 2598 1572 vero
2637 1519 2780 1572 alius
2816 1518 2920 1572 erit
2957 1517 3169 1585 requies
3208 1514 3263 1567 in
3310 1514 3462 1569 altis-

1901 1612 2055 1667 simis
2095 1610 2241 1681 apud
2284 1609 2451 1665 Deum
2485 1612 2789 1673 honorata,
2825 1610 2931 1663 nisi
2963 1609 3107 1662 illius
3135 1608 3223 1676 qui
3254 1615 3462 1677 patrem

1901 1706 2112 1759 audivit
2134 1705 2402 1759 dicentem
2425 1704 2528 1759 sibi
2555 1724 2567 1757 :
2598 1722 2615 1754 ι
2650 1700 2789 1758 Sede
2812 1718 2841 1755 a
2872 1701 3078 1757 dextris
3104 1700 3461 1759 meis.donec

219 1793 454 1847 ἐνταῦθα
489 1793 721 1863 Ἰσραὴλ,
767 1793 799 1865 ἢ
840 1792 1055 1857 Ἰακὼϐ,
1099 1794 1131 1862 ἢ
1194 1792 1389 1855 Ἰούδας
1438 1792 1793 1862 ὀνομάζεται,

1901 1811 2096 1865 ponam
2117 1796 2372 1849 inimicos
2394 1803 2517 1849 tuos
2556 1794 2849 1849 scabellum
2879 1791 3072 1861 pedum
3105 1800 3320 1843 tuorum
3347 1787 3406 1840 ’Ἰ
3436 1805 3457 1838 ι

220 1886 407 1955 σαφῶς
442 1887 497 1938 δὲ
531 1886 599 1939 τὰ
648 1887 773 1957 ἐθνη
803 1888 893 1939 ἐπὶ
920 1888 1011 1939 τὸν
1053 1888 1117 1938 ἐκ
1152 1885 1307 1957 ῥίζης
1340 1887 1772 1958 ἀναστησόμενον
1804 1890 2000 1941 Ἰεσσαὶ
2039 1889 2243 1941 ἐλπιεῖν
2285 1886 2705 1958 προφητεύεται,
2742 1882 3066 1954 συνᾳδούσης
3100 1882 3198 1951 τῆς
3234 1876 3463 1933 ἐνταῦθα

217 1975 413 2041 λέξεως
440 1980 503 2048 τῇ
554 1977 704 2048 παρά
752 1979 974 2030 Μωῦσεῖ
1019 1977 1319 2049 φασκούσῃ,
1351 1977 1502 2030 «Οὐκ
1536 1978 1773 2047 ἐκλείψει
1814 1980 1995 2052 ἄρχων
2030 1980 2087 2046 ἐξ
2132 1978 2320 2041 Ἰούδα,
2360 1979 2480 2031 ούδέ
2520 1976 2815 2047 ἡγούμενος
2865 1977 2929 2027 ἐκ
2974 1974 3080 2026 τῶν
3126 1970 3313 2044 μηρῶν
3364 1970 3462 2023 αύ-

216 2068 334 2131 τοῦ,
373 2069 477 2132 ἓως
506 2068 570 2122 ἂν
607 2070 731 2141 ἐλθῃ
773 2064 816 2137 ᾧ
863 2071 1185 2123 ἀπόκειταιο
1220 2072 1315 2124 καὶ
1358 2070 1521 2135 αὐτὸς
1569 2074 1886 2145 προσδοκία,
1916 2096 1934 2127 ι
1964 2076 2084 2145 οὐχ)⁸
2112 2073 2206 2127 τοῦ
2260 2072 2494 2144 Ἰσραὴλ,
2533 2070 2668 2126 ἀλλά
2711 2091 2727 2121 ι
2758 2070 2863 2122 τῶν
2901 2068 3087 2121 ἐθνῶν.
3118 2087 3135 2119 ι
3170 2068 3279 2120 Καὶ
3320 2064 3462 2129 τίνος

217 2160 277 2212 δὲ
328 2160 488 2213 άλλου
546 2162 578 2231 ἡ
629 2164 935 2226 ἀνάπαυσις
982 2163 1039 2214 ὲν
1089 2165 1155 2233 τῇ
1226 2162 1485 2217 ἀνωτάτω
1539 2164 1692 2235 παρὰ
1738 2164 1855 2236 Θεῷ
1893 2167 2183 2236 γεγένηται
2235 2164 2456 2236 τιμῇ,ή
2512 2162 2606 2215 τοῦ
2648 2161 2979 2223 ἀκούσαντος
3024 2159 3269 2228 λέγοντος
3316 2156 3464 2229 αὐτῷ

217 2253 312 2305 τοῦ
344 2254 584 2325 Πατρός·
617 2274 635 2306 ι
659 2256 843 2309 Κάθου
870 2260 933 2310 ἐκ
953 2256 1140 2323 δεξιῶν
1168 2275 1290 2327 μου,
1324 2257 1429 2321 ἓως
1465 2258 1531 2312 ἂν
1560 2257 1637 2310 θῶ
1663 2260 1788 2324 τοὺς
1830 2260 2056 2332 ἐχθρούς
2090 2277 2185 2313 σου
2220 2259 2509 2312 ὑποπόδιον
2539 2255 2649 2310 τῶν
2686 2255 2863 2308 ποδῶν
2898 2271 3012 2306 σου.
3058 2273 3075 2304 ι

748 2372 1142 2426 ΚΕΦΑΛΑΙΟΝ
1188 2371 1264 2426 8'.

2519 2368 2750 2427 CAPUT
2789 2367 2881 2421 IX.

291 2476 310 2507 ι
339 2459 449 2511 Καὶ
486 2458 904 2529 διορθωθήσεται
942 2461 1054 2529 μετ’
1087 2461 1270 2523 ἐλέους
1302 2461 1506 2533 θρόνος,
1538 2463 1632 2515 καὶ
1659 2464 1793 2517 καθ-

1978 2484 1997 2515 (
2029 2463 2094 2518 Ει
2125 2463 2516 2534 praaparabitur
2544 2462 2597 2514 in
2624 2457 3000 2514 misericordia
3030 2455 3226 2510 solium
3246 2493 3260 2518 ,
3287 2460 3340 2508 et
3370 2468 3461 2509 sev

215 2553 377 2603 ιεῖται
437 2552 552 2620 μετ’
604 2550 726 2621 (sie)
794 2551 959 2603 αὐτοῦ
1014 2553 1151 2622 μετά
1200 2554 1459 2624 ἀληθείας
1518 2558 1575 2609 ἐν
1625 2559 1793 2629 σκηνῇ

1901 2557 2047 2612 debit
2072 2573 2236 2627 super
2262 2555 2394 2609 illud
2426 2556 2479 2609 in
2509 2554 2735 2608 veritate
2755 2592 2769 2615 ,
2797 2551 2851 2604 in
2881 2549 3234 2603 tabernaculo
3259 2544 3424 2600 David
3444 2588 3458 2612 ,

210 2640 400 2705 Δαυῒδ,
437 2642 638 2713 κρίνων
671 2644 764 2695 καὶ
813 2642 1057 2712 ἐκζητῶν
1088 2648 1283 2713 κρῖμα,
1316 2646 1408 2697 καὶ
1436 2646 1679 2698 σπεύδων
1723 2647 1793 2699 δι-

1901 2648 2151 2719 judicans
2181 2655 2233 2700 et
2264 2661 2514 2716 quaerens
2546 2644 2834 2713 judicium,
2865 2649 2918 2695 et
2950 2640 3209 2693 velociter
3229 2636 3463 2692 reddens

212 2732 535 2804 καιοσύνην.
570 2752 587 2783 ι
619 2733 753 2802 Περὶ
782 2733 880 2803 τῆς
909 2732 1165 2804 δευτέρας
1196 2734 1289 2786 τοῦ
1324 2735 1557 2806 Χριστοῦ
1593 2753 1793 2807 παρου-

1902 2739 2046 2810 quod
2074 2739 2285 2808 justum
2313 2746 2398 2792 est
2428 2739 2470 2793 ³.
2502 2756 2521 2787 ι
2548 2734 2622 2788 De.
2653 2733 2889 2789 secunda
2911 2731 3119 2785 Christi
3147 2729 3463 2784 manifesta-

216 2825 336 2888 σίας
378 2824 473 2878 καὶ
507 2824 677 2879 ταῦτα
724 2826 1145 2897 προφητεύεται,
1196 2827 1430 2896 ὁπηνίκα
1461 2827 1555 2879 τοῦ
1604 2827 1738 2881 Θεοῦ
1765 2831 1793 2881 6

1901 2831 2052 2884 tione
2080 2830 2195 2884 haec
2223 2844 2440 2899 quoque
2470 2827 2937 2897 pr0phetizantur,
2967 2823 3184 2893 quando
3215 2821 3306 2875 Dei
3329 2820 3474 2878 Ver-

220 2916 413 2984 Λόγος,
442 2914 827 2986 διορθωθείσης
879 2914 1027 2984 αὐτῷ
1066 2919 1181 2985 μετ’
1226 2918 1405 2981 ἐλέους
1455 2920 1548 2970 καὶ
1604 2920 1792 2988 φιλαν-

1902 2922 2067 2985 bum,
2109 2929 2415 2991 prmparato
2455 2920 2502 2974 ei
2544 2919 2601 2972 in
2640 2916 3014 2972 misericordia
3048 2922 3102 2969 et
3132 2913 3462 2983 benignitate

220 3006 468 3078 θρωπίας
512 3009 610 3076 τῆς
644 3005 783 3058 κατά
824 3006 1039 3059 πάντων
1087 3006 1395 3077 βασιλείας,
1433 3010 1528 3063 σὺν
1568 3009 1793 3081 ἀληθείᾳ

1901 3015 2142 3069 omnium
2175 3014 2482 3085 principatu
2506 3054 2520 3077 ,
2557 3027 2678 3067 cum
2708 3010 2935 3065 veritate
2959 3008 3214 3077 judicans
3253 3005 3463 3062 sedebit

218 3098 421 3168 κρίνων
461 3096 851 3168 καθεσθήσεται
898 3099 955 3149 ἐν
990 3101 1161 3168 σκηνῇ
1196 3098 1386 3150 Δαυῖδ’
1424 3099 1565 3152 οὕτω
1610 3100 1667 3153 δέ
1701 3103 1793 3173 τὴν

1901 3107 1957 3159 in
1988 3107 2341 3161 tabernaculo
2371 3105 2559 3159 David.
2602 3103 2690 3160 Sic
2724 3113 2903 3159 autem
2939 3109 3251 3159 sanctorum
3281 3108 3335 3154 et
3364 3114 3467 3153 an-

218 3190 328 3244 τῶν
359 3190 529 3258 ἁγίων
559 3191 651 3242 καὶ
683 3190 1038 3261 πρωτοτόκων
1070 3190 1177 3241 τῶν
1201 3191 1707 3263 ἀπογεγραμμένων
1737 3194 1793 3246 ἐν

1901 3198 2172 3266 tiquoruln
2208 3196 2263 3249 in
2289 3195 2445 3250 caelis
2474 3196 2861 3266 inscriptorum
2893 3193 3223 3254 Ecclesiam,
3253 3204 3461 3244 omnes—

219 3284 471 3354 οὐρανοῖς
520 3281 863 3351 Ἐκκλησίαν,
896 3282 988 3334 καὶ
1022 3283 1230 3345 πάντας
1254 3282 1493 3354 ἡγοῦμαι
1542 3285 1668 3347 τοὺς
1694 3284 1793 3338 ὑπὸ

1901 3304 2005 3359 que
2032 3289 2285 3343 existimo
2327 3287 2478 3342 verbi
2514 3286 2605 3342 Dei
2637 3288 3054 3358 participatione
3095 3292 3313 3340 sanctos
3334 3279 3462 3339 eiic-

214 3372 316 3444 την
350 3371 543 3443 μερίδα
573 3369 666 3423 τοῦ
700 3370 858 3437 λόγου
886 3369 979 3422 τοῦ
1008 3369 1142 3422 Θεοῦ
1176 3371 1590 3441 γεγενημένους,
1612 3370 1793 3440 ἁγίους

1901 3387 2018 3436 ctos
2046 3377 2341 3449 designari.

218 3463 604 3537 χρηματίζειν.
1613 3465 1625 3478 ⁸

2511 3572 2740 3629 CAPUT
2779 3573 2845 3627 Χ.

1972 3684 1991 3719 ι
2026 3665 2167 3720 Ecce
2191 3663 2452 3719 Dominus
2481 3664 2632 3719 sedet
2664 3679 2826 3734 super
2858 3662 3000 3717 nube
3033 3662 3133 3717 levi
3156 3701 3170 3723 ,
3202 3671 3255 3717 et
3287 3663 3461 3718 veniet

1898 3755 1953 3810 in
1974 3753 2268 3825 Egyptum
2292 3772 2304 3806 :
2329 3759 2380 3807 et
2403 3761 2889 3807 commovebuntur
2910 3750 3218 3806 manufacta
3242 3749 3460 3821 ὥρῃ)ιί

770 3574 1166 3628 ΚΕΦΑΛΑΙΟΝ
1202 3575 1235 3626 l'

297 3685 314 3716 ι
356 3667 489 3719 Ἰδοὺ
526 3666 730 3737 Κύριος
763 3666 997 3738 κάθηται
1032 3668 1123 3719 ἐπὶ
1164 3666 1392 3737 νεφέλης
1425 3666 1666 3737 κούφης,
1703 3667 1796 3720 καὶ

216 3757 335 3828 ἥξει
370 3760 451 3823 είς
503 3759 796 3828 Αἴγυπτον,
830 3760 923 3812 καὶ
973 3758 1315 3828 σεισθήσεται
1347 3758 1413 3809 τά
1448 3756 1796 3827 χειροποίητα

218 3850 497 3919 Αἰγύπτου
524 3851 632 3903 ἀπὸ
662 3850 953 3921 προσώπου
986 3850 1172 3915 αὑτοῦ,
1210 3850 1304 3903 καὶ
1332 3851 1365 3919 ἡ
1400 3850 1593 3920 καρδία
1620 3848 1796 3902 αὐτῶν

215 3939 586 4012 ἡττηθήσεται
621 3941 678 3992 ἐν
704 3942 907 4004 αὐτοῖς.
940 3960 959 3992 ι
988 3941 1121 4011 Περὶ
1150 3939 1247 4011 τὴς
1281 3941 1543 4011 ἀγενήτου
1570 3937 1663 3992 τοῦ
1688 3938 1795 3991 τῶν

216 4031 517 4109 ὅλων-Θεοῦ
548 4032 761 4100 φύσεως
795 4031 1157 4102 ἐκλαμϐάνειν
1200 4031 1269 4084 τὰ
1313 4030 1681 4103 προκείμενα,
1720 4030 1795 4096 ὡς

216 4123 281 4194 δὴ
338 4123 624 4195 μέλλοντος
669 4123 833 4177 αὑτοῦ
878 4122 1074 4194 νεφέλη
1129 4123 1237 4175 τινὶ
1278 4122 1553 4193 ὀχεῖσθαι,
1590 4122 1684 4175 καὶ
1727 4125 1794 4193 τῇ

219 4216 504 4284 σωματικῇ
528 4214 797 4285 παρεπιδη
809 4216 925 4284 μεῖν
947 4213 1227 4284 Αἰγύπτῳ,
1248 4211 1370 4265 οὔτε
1408 4212 1654 4278 πιθανὸν,
1681 4211 1795 4264 οὗθ’

216 4303 360 4357 ὅσιον
394 4306 658 4378 ὑπάρχειν
695 4304 936 4377 ἡγοῦμαι
965 4323 977 4334 ·
1020 4306 1088 4358 δι’
1134 4306 1269 4376 ὅπερ
1304 4304 1395 4358 ἐπὶ
1424 4304 1514 4357 τὸν
1543 4304 1635 4357 τοῦ
1659 4303 1794 4357 Θεοῦ

221 4394 390 4462 Λόγον
422 4397 700 4450 ἐκδεκτέον
727 4397 823 4468 τὴν
838 4396 1194 4468 προφητείαν,
1225 4396 1319 4450 καὶ
1353 4396 1520 4467 αὐτὴν
1551 4395 1796 4469 ἐναργῶς

1896 3860 1929 3899 a
1959 3845 2097 3899 facie
2124 3845 2244 3913 ejus
2266 3884 2280 3907 ,
2308 3853 2361 3898 ct
2388 3859 2484 3897 cor
2513 3857 2701 3897 eorum
2733 3844 2985 3896 vincetur
3014 3843 3071 3895 in
3104 3840 3239 3911 ipsis
3269 3841 3310 3895 ‘.
3344 3861 3362 3893 ι
3390 3841 3461 3898 De

1897 3937 2145 3992 increata
2166 3936 2409 3990 omnium
2430 3933 2523 3989 Dei
2546 3941 2742 3988 natura
2766 3932 3322 4003 haecaccipere,quasi
3339 3948 3463 3988 vel»

1897 4037 2024 4084 tuto
2056 4030 2174 4099 ipso
2202 4044 2366 4098 super
2396 4027 2541 4082 nube
2569 4027 2780 4096 aliqua,
2814 4036 2977 4097 atque
3031 4028 3086 4081 in
3124 4026 3459 4096 corporalem

1897 4119 2161 4176 accedere
2181 4120 2498 4192 Egyptum,
2515 4136 2692 4190 neque
2717 4118 2819 4173 ﬁde
2840 4120 3061 4190 dignum
3084 4160 3098 4184 ,
3129 4133 3305 4187 neque
3336 4118 3460 4172 reli-

1898 4215 2112 4285 giosum
2144 4228 2266 4268 esse
2294 4214 2570 4269 existimo.
2603 4213 2946 4285 Quapropter
2988 4213 3052 4267 ad
3092 4212 3187 4267 Dei
3222 4210 3459 4267 Verbum

1896 4305 2181 4361 referenda
2211 4313 2295 4360 est
2323 4306 2605 4376 prophetia
2632 4325 2645 4373 ;
2685 4314 2848 4376 atque
2880 4306 2998 4376 ipsa
3031 4303 3320 4359 manifeste
3345 4304 3461 4373 jam

1898 4406 2078 4472 priore
2106 4402 2226 4471 ejus
2261 4401 2495 4455 adventu
2534 4401 2752 4471 impleta
2781 4409 2898 4466 est,
2945 4415 3054 4473 quo
3110 4415 3274 4469 super
3320 4397 3463 4453 nube

220 4485 319 4559 ήδη
349 4489 490 4542 κατὰ
516 4490 611 4560 τὴν
644 4490 910 4562 προτέραν
942 4489 1105 4543 αὑτοῦ
1126 4489 1425 4560 παρουσίαν
1448 4489 1793 4560 πεπερασμέ-

1901 4497 2023 4560 levi,
2077 4508 2240 4549 carne
2260 4494 2467 4548 scilicet
2490 4494 2538 4547 ei
2576 4509 2606 4546 a
2630 4492 2834 4562 Spiritu
2874 4501 3064 4548 sancto
3103 4492 3355 4556 formata,
3403 4492 3461 4547 in

218 4595 337 4649 νην,
366 4582 486 4657 καθ’
520 4583 587 4652 ἢν
611 4584 702 4636 ἐπὶ
721 4583 949 4653 νεφέλης
976 4582 1204 4653 κούφης,
1240 4581 1340 4651 τῆς
1386 4582 1450 4634 ἐκ
1481 4582 1793 4651 Πνεύματος

218 4664 374 4738 ἁγίου
412 4672 684 4743 συστάσης
730 4671 877 4741 αὐτῷ
920 4672 1140 4743 σαρκὸς,
1183 4675 1263 4736 εἰς
1308 4673 1400 4724 τὸν
1440 4672 1551 4741 βίον
1585 4671 1791 4735 τοῦτον,

1895 4588 2035 4643 hanc
2058 4587 2247 4651 vitam,
2272 4584 2564 4655 Algyptum
2594 4602 2689 4655 per
2716 4587 3079 4655 metaphoram
3105 4587 3457 4650 nominatam,

1896 4677 2129 4748 prodiit,
2161 4675 2292 4731 etin
2323 4677 2498 4745 ipsam
2532 4676 2887 4745 corporaliter
2917 4674 3229 4746 Egyptum,
3258 4675 3313 4728 in
3330 4690 3457 4743 qua,

218 4761 490 4839 ᾼῖγυπτον
521 4766 795 4838 τροπικῶς
846 4765 1261 4835 ὀνομαζόμενον,
1304 4764 1663 4836 παρελήλυθε,
1704 4767 1793 4819 καὶ

1901 4784 2019 4824 cum
2051 4767 2226 4822 adhuc
2255 4775 2402 4821 esset
2425 4781 2578 4836 puer,
2603 4781 2632 4819 a
2660 4774 2832 4820 matre
2862 4775 2915 4819 et
2944 4764 3143 4835 Joseph
3167 4764 3460 4835 perductus

220 4854 299 4915 είς
338 4854 505 4926 αὐτὴν
538 4855 592 4909 δὲ
642 4854 967 4926 σωματικῶς
1012 4855 1110 4925 τὴν
1148 4855 1434 4923 Αἴγυπτον,
1477 4857 1558 4918 είς
1609 4856 1677 4926 ἢν
1716 4856 1793 4908 ἔτι

1901 4870 2001 4917 est.
2027 4859 2180 4914 Tunc
2204 4868 2384 4913 autem
2405 4860 2560 4928 juxta
2585 4860 2828 4930 quaedam
2862 4858 3087 4928 mystica
3112 4857 3294 4922 verba,
3317 4870 3461 4909 com-

221 4947 349 5019 παῖς
374 4944 449 4997 ῶν
468 4947 602 5017 πρὸς
623 4946 722 5016 τῆς
755 4947 959 5017 μητρὸς
979 4947 1072 4999 καὶ
1091 4946 1184 4998 τοῦ
1216 4947 1412 5016 Ἰωσὴφ
1439 4946 1753 5019 διεκομίσθη
1774 4964 1789 4977 ο

1901 4953 2022 5007 moti
2046 4960 2174 5006 sunt
2203 4952 2324 5020 ejus
2351 4952 2587 5006 adventu
2610 4951 2921 5006 conturhati
2962 4950 3051 5019 qui
3082 4949 3234 5019 prius
3263 4949 3460 5018 ubique

215 5038 513 5106 τηνικαῦτα
566 5041 624 5095 δέ
671 5041 812 5096 κατά
846 5059 993 5105 τινας
1044 5043 1389 5115 ἀπορρήτους
1420 5042 1609 5112 λόγους
1650 5044 1792 5097 ἐσεί-

1901 5043 1947 5096 in
1981 5041 2310 5096 manufactis
2350 5042 2661 5097 simulacris
2702 5041 3079 5095 inhabitabant
3116 5047 3170 5095 et
3207 5040 3459 5111 vigebant

219 5128 422 5198 σθησαν
476 5135 570 5186 καὶ
612 5133 940 5205 ἐκινήθησαν
996 5135 1464 5205 ὑποταραχθέντες
1515 5136 1680 5190 αὑτοῦ
1723 5140 1790 5209 τῇ

1901 5133 2341 5199 dzcmones.Quod
2359 5135 2573 5204 quidem
2592 5133 2896 5188 ostenditur
2912 5132 3125 5187 dicente
3141 5132 3419 5201 prophetia
3441 5152 3454 5186 :

215 5223 490 5295 παρουσία
522 5226 569 5277 οἱ
604 5227 659 5279 ἐν
689 5230 802 5290 τοῖς
827 5227 1131 5296 πανταχόσε
1160 5229 1555 5300 χειροποιήτοις
1589 5228 1793 5294 ξοάνοις

1901 5223 1957 5277 Ει
1985 5224 2477 5279 commovebuntur
2507 5223 2823 5278 manufacta
2845 5222 3083 5293 Egypti.
3120 5241 3140 5274 ι
3175 5220 3299 5276 Haec
3330 5238 3460 5292 quo-

215 5310 549 5379 ἐνοικοῦντές
577 5333 634 5368 τε
664 5318 757 5370 καὶ
783 5317 1127 5387 ἐνεργοῦντες
1153 5319 1213 5371 τὸ
1239 5319 1501 5391 πρότερον
1517 5320 1786 5391 δαίμονες·

1901 5331 2000 5387 que
2027 5332 2125 5386 per
2151 5315 2450 5372 secundum
2486 5317 2608 5387 ejus
2655 5326 2709 5372 et
2755 5318 3073 5387 praeclarum
3101 5318 3155 5372 in
3186 5316 3341 5371 cadis
3372 5331 3456 5369 re-

213 5397 352 5470 ὅπερ
401 5400 654 5487 δηλοῦται
688 5405 775 5467 διὰ
803 5406 904 5477 τῆς
942 5405 1201 5478 λεγούσης
1247 5410 1601 5480 προφητείας,
1635 5427 1653 5460 ι
1680 5411 1792 5464 Καὶ

1901 5425 2057 5480 gnum
2108 5409 2502 5479 implebuntur,
2536 5424 2646 5480 quo
2694 5418 2749 5464 ct
2806 5409 2982 5479 ipsam
3012 5406 3451 5463 commovendam

219 5488 563 5562 σεισθήσεται
616 5495 686 5549 τά
744 5497 1096 5567 χειροποίητα
1143 5497 1438 5579 Αίγύπτου.
1478 5520 1496 5553 ι
1523 5498 1706 5575 Ταῦτα
1733 5500 1790 5553 δὲ

1901 5516 2105 5572 αξηυιιω
2155 5508 2319 5557 esset.
2371 5499 2436 5553 Et
2465 5510 2597 5556 tunc
2646 5503 2880 5557 maxime
2932 5502 3308 5557 conturbanda
3340 5504 3453 5558 haec

220 5579 313 5633 καὶ
336 5584 478 5638 κατὰ
512 5585 612 5657 τὴν
639 5586 897 5659 δευτέραν
931 5588 1092 5641 αὐτοῦ
1124 5591 1216 5645 καὶ
1254 5589 1460 5657 ἔνδοξον
1501 5590 1596 5646 ἀπ’
1628 5592 1791 5664 ούρα-

1904 5591 2220 5647 manufacta
2255 5591 2493 5663 Egypti,
2526 5609 2756 5663 quorum
2784 5608 2879 5649 cor
2904 5593 3273 5665 superabitur,
3299 5600 3359 5649 ut
3378 5594 3453 5649 ait

229 5731 245 5763 ⁸
272 5732 402 5795 Gen.
445 5743 700 5807 31.13.10.
783 5748 800 5778 ³
826 5744 971 5801 Psal.
1003 5759 1113 5814 cu,
1146 5747 1195 5802 ί.
1275 5748 1293 5779 ³
1328 5748 1431 5804 isa.
1464 5765 1575 5815 xw,
1613 5750 1663 5803 5.
1745 5750 1763 5780 ³
1787 5746 1890 5804 lsa.
1918 5750 2043 5816 xix,
2072 5766 2109 5803 ι.
