4008 6208
232 327 389 384 I217

1280 329 1575 386 ECLOGA}
1614 327 2093 383 PIIOPIIETIILE.
2127 361 2195 370 —
2234 325 2360 382 LIB.
2403 324 2497 380 IV.

3352 330 3481 383 I‘ll8

224 446 424 507 τεκεῖν,
472 445 565 498 καὶ
607 445 698 498 ἐπὶ
744 448 807 517 τῇ
855 447 1000 501 ὠδῖνι
1044 450 1209 522 αὐτῆς
1253 448 1586 521 ἐκέκραξεν,
1632 447 1797 509 οὕτως

1908 444 2181 513 concepit,
2214 457 2338 496 cum
2367 436 2887 510 appropinquaverit
2917 437 2982 492 ad
3021 446 3259 507 partum,
3292 440 3483 497 dolens

224 536 560 607 ἐγενήθημεν
607 536 682 606 τῷ
720 537 1010 611 Ἀγαπητῷ
1058 558 1171 596 σου.
1210 559 1227 592 ›
1267 542 1571 612 Ἑπιγραφή
1614 558 1697 603 τις
1745 540 1802 592 ἐν

224 632 474 702 Ψαλμοῖς
502 651 521 683 ι
560 630 733 703 ’Υπὲρ
758 630 849 684 τοῦ
886 632 1187 703 Ἀγαπητοῦ
1226 654 1243 685 ι
1282 634 1539 704 φέρεται·
1570 633 1664 686 καὶ
1702 632 1804 686 πά-

225 723 576 795 λινιεῖρηται⁶
620 743 639 775 ι
682 724 738 777 '0
770 723 1018 794 βασιλεὺς
1063 727 1170 779 τῶν
1201 725 1481 796 δυνάμεων
1508 725 1598 778 τοῦ
1640 727 1801 794 Ἀγα-

226 816 429 887 πητοῦο
472 837 489 867 ι
520 817 793 871 δείκνυται
828 819 872 871 δ’
906 819 963 873 ἐν
1002 823 1111 883 τοῖς
1152 820 1335 884 τόποις
1362 820 1421 892 (f.
1458 821 1547 891 50)
1580 822 1678 874 οὐκ
1712 820 1801 874 ἄλο

224 906 317 971 λος
355 906 428 961 ῶν
456 908 547 961 τοῦ
591 908 827 980 Χριστοῦ
868 910 1158 981 λεγόμενος
1175 910 1480 982 Ἀγαπητδς
1517 911 1610 965 τοῦ
1643 910 1801 964 Θεοῦ.

226 997 429 1053 Τούτου
482 1000 645 1070 χάριν
697 999 1160 1072 ἐπεσήμηνάμεθα
1224 1004 1316 1055 καὶ
1370 1001 1460 1055 τὸν
1505 1005 1562 1056 ἐν
1619 1004 1805 1073 χερσὶν

223 1090 535 1161 ἀγαπητόνο
588 1091 749 1145 αὐτὸν
801 1094 1004 1146 ἐκεῖνον
1044 1092 1512 1165 ὑπολαμϐάνοντες
1555 1089 1711 1157 εἶναι,
1747 1094 1806 1147 ὃν

225 1181 319 1234 καὶ
364 1182 424 1246 ἐξ
468 1182 694 1253 οὐρανοῦ
738 1183 887 1253 φωνή
954 1182 1139 1251 σαφῶς
1197 1182 1497 1253 ἀνεκήρυξε
1556 1183 1801 1252 φήσασα·

230 1291 249 1323 ι
292 1265 464 1337 Οὗτός
508 1276 651 1327 ἐστιν
694 1275 722 1325 ὀ
764 1274 889 1336 Υἱός
938 1292 1036 1345 μου
1086 1276 1112 1326 ό
1159 1274 1460 1345 ἀγαπητὸς,
1491 1276 1547 1327 ἐν
1578 1267 1622 1341 ᾧ
1654 1273 1805 1326 εὐδό-

226 1382 395 1436 κησα.
437 1385 455 1416 ι

746 1456 1137 1510 ΚΕΦΑΛΑΙΟΝ
1185 1454 1281 1509 II".

303 1566 321 1598 ι
356 1545 650 1602 Ἀκούσατε
671 1546 840 1615 λόγων
864 1547 1087 1619 Κυρίου,
1112 1547 1299 1619 ἄνδρες
1320 1547 1684 1621 τεθλιμμένοι,
1713 1548 1803 1601 καὶ

227 1640 482 1712 ἄρχοντες
510 1638 755 1709 τοῦξλαοῦ
782 1639 991 1703 τούτου,
1014 1643 1060 1692 οἱ
1088 1642 1143 1692 ἐν
1171 1640 1520 1711 Ἰερουσαλήμ
1540 1657 1551 1668 ³
1586 1640 1705 1695 Ὅτι
1738 1642 1808 1693 εί-

1907 541 2104 590 clamat
2143 535 2195 588 in
2240 533 2520 587 doloribus
2571 532 2729 587 suis:
2765 531 2845 586 sic
2880 529 3007 584 facti
3055 547 3245 586 smnus
3278 531 3485 611 Dilecto

1905 638 1999 683 tuo
2023 631 2037 660 ¹
2064 648 2083 681 ι
2124 626 2339 679 Titulus
2381 623 2602 694 quidam
2641 623 2696 677 in
2734 621 2966 676 Psalmis
3018 622 3119 677 fert
3148 641 3166 673 ι
3201 618 3307 676 Pro
3343 622 3483 679 Dile—

1905 718 2071 782 cto’;
2111 735 2129 766 ι
2163 724 2215 769 et
2251 729 2446 767 rursus
2485 711 2689 765 dictum
2724 718 2807 765 est
2836 730 2849 765 :
2884 729 2902 762 ι
2939 710 3051 766 Rex
3084 714 3345 766 virtutum
3394 712 3481 767 Di-

1905 806 2028 861 lecti
2053 807 2094 861 ³.
2126 824 2146 857 ι
2183 804 2505 859 Ostenditur
2534 806 2589 856 in
2626 802 2711 856 liis
2747 802 2884 857 locis
2922 817 3030 855 non
3078 803 3220 859 alius
3263 819 3387 858 esse
3419 820 3477 860 ac

1904 899 2178 961 Christus,
2227 898 2277 953 is
2316 897 2409 967 qui
2481 895 2572 951 Dei
2627 895 2867 950 Dilectus
2919 897 3242 965 appellatur.
3307 896 3493 966 Hujus

1905 994 2076 1063 gratia
2115 992 2495 1047 adnotavimus
2542 1006 2761 1060 quoque
2808 989 2953 1043 hunc
3004 989 3285 1053 dilectum,
3319 1005 3479 1058 quem

1904 1099 2026 1139 esse
2060 1086 2370 1155 putavimus
2412 1084 2662 1137 eumdem
2711 1082 2778 1136 de
2813 1097 2922 1151 quo
2971 1098 3073 1136 vox
3128 1081 3414 1136 manifeste
3450 1098 3481 1136 a

1905 1178 2060 1231 caelis
2089 1177 2274 1231 audita
2321 1183 2405 1232 est
2441 1177 2629 1231 dicens
2657 1192 2669 1229 :
2702 1192 2722 1226 ε
2757 1173 2857 1228 Hic
2891 1183 2975 1229 est
3012 1173 3183 1229 Filius
3214 1189 3369 1229 meus
3403 1174 3480 1228 di-

1905 1271 2102 1338 lectus,
2139 1272 2193 1326 in
2219 1285 2329 1341 quo
2357 1268 2664 1339 complacui
2689 1268 2730 1321 ι.
2769 1286 2788 1319 ι

2488 1444 2716 1501 CAPUT
2756 1444 2896 1498 XIII.

1979 1560 1998 1593 ι
2033 1541 2230 1596 Audite
2260 1540 2488 1595 verbum
2529 1538 2765 1599 Domini,
2799 1539 2898 1592 viri
2941 1538 3219 1600 illusores,
3249 1538 3343 1608 qui
3378 1540 3480 1594 do-

1904 1635 2186 1690 minamini
2219 1649 2386 1704 super
2423 1632 2682 1702 populum
2721 1645 2900 1684 meum
2933 1630 3024 1699 qui
3066 1638 3150 1684 est
3187 1630 3240 1684 in
3263 1628 3481 1686 Jerusa—

227 1749 390 1785 πατε’
408 1732 769 1801 Ἐποιήσαμεν
786 1731 1045 1803 διαθήκην
1069 1729 1203 1803 μετὰ
1237 1729 1329 1783 τοῦ
1374 1730 1525 1802 ᾆδου,
1551 1733 1643 1785 καὶ
1663 1733 1797 1802 μετὰ

1905 1737 2028 1786 lem.
2063 1729 2284 1784 Dixistis
2314 1727 2461 1783 enim
2494 1724 2911 1779 :Percussimus
2935 1723 3111 1777 foedus
3135 1740 3257 1779 cum
3284 1734 3476 1787 morte,

224 1819 321 1874 τοῦ
345 1820 570 1874 Θανάτου
595 1811 865 1892 συνθήκας
882 1838 895 1850 ⁸
919 1822 1175 1890 καταιγὶς
1189 1821 1458 1894 φερομένη
1482 1805 1578 1876 ἐὰν
1604 1824 1797 1896 παρέλ-

1907 1830 2112 1877 etcum
2150 1820 2364 1874 inferno
2408 1818 2636 1873 fecimus
2684 1826 2925 1887 pactum.
2976 1816 3272 1888 Flagellum
3323 1818 3480 1871 inun~

224 1911 314 1986 θῃ,
340 1913 401 1966 οὐ
421 1914 492 1985 μὴ
518 1913 644 1987 ἔλθῃ
673 1916 755 1983 ἐφ’
784 1916 956 1985 ἡμᾶς·
982 1914 1258 1986 ἐθήκαμεν
1283 1914 1477 1985 ψεῦδος
1495 1917 1594 1987 τὴν
1616 1918 1797 1973 ἐλπίδα

1909 1916 2045 1969 dans
2082 1929 2205 1967 cum
2244 1912 2542 1973 transierit,
2593 1926 2702 1963 non
2747 1910 2927 1964 veniet
2964 1924 3129 1979 super
3175 1925 3276 1965 nos
3305 1927 3319 1963 :
3353 1911 3478 1980 quia

118 2030 122 2034 -
222 2003 401 2075 ἡμῶν,
417 2005 508 2058 καλ⁹
526 2004 603 2076 τῷ
623 2004 804 2075 ψεύδει
827 2006 1330 2077 σκεπασθησόμεθα·
1356 2006 1442 2059 διὰ
1456 2007 1615 2061 τοῦτο
1637 2007 1807 2073 οὕτως

222 2084 368 2167 λέγει
394 2096 595 2169 Κύριος
628 2098 830 2170 Κύριος
858 2116 872 2130 °
894 2100 1023 2153 Ἰδοὺ
1069 2094 1179 2169 ἐγὼ
1226 2100 1477 2170 ἐμϐάλλω
1506 2102 1584 2165 είς
1616 2101 1682 2155 τὰ
1717 2102 1805 2156 θε-

225 2189 391 2259 μέλια
421 2188 556 2242 Σιὼν
588 2189 730 2242 λίθον
774 2190 1057 2263 πολυτελῆ,
1089 2190 1362 2253 ἐκλεκτὸν,
1392 2193 1803 2264 ἀκρογωνιαῖον,

219 2278 438 2350 ἔντιμον
487 2282 567 2342 είς
615 2279 681 2332 τὰ
724 2278 946 2349 θεμέλια
990 2283 1178 2352 αὐτῆς,
1224 2284 1318 2336 καὶ
1348 2284 1376 2334 δ
1406 2285 1674 2338 πιστεύων
1718 2287 1802 2339 ἐπ’

216 2370 368 2443 αὐτῷ
404 2372 465 2425 οὐ
514 2371 587 2443 μὴ
627 2372 1021 2444 καταισχυνθῇ·
1057 2374 1151 2427 καὶ
1186 2374 1338 2446 θήσω
1377 2376 1558 2444 κρίσιν
1607 2378 1687 2441 είς
1729 2378 1807 2431 ἐλ-

220 2464 371 2527 πίδα,
402 2467 434 2536 ή
463 2464 519 2517 δέ
547 2464 881 2536 ἐλεημοσύνη
921 2483 1021 2535 μου
1055 2468 1134 2529 εἰς
1164 2466 1458 2538 σταθμούς.
1497 2486 1515 2519 ι
1548 2469 1669 2522 Καὶ
1688 2470 1805 2534 πῶς

216 2559 322 2611 οὐκ
356 2557 569 2630 ἀληθῶς
599 2558 803 2629 ήλίθιος
840 2559 935 2611 καὶ
974 2558 1167 2630 κομιδῆ
1202 2560 1603 2629 καταγέλαστος
1630 2564 1663 2634 ή
1697 2563 1805 2615 τῶν

118 2698 124 2703 .
220 2649 551 2721 σωματικῶς
601 2650 1047 2721 καραδοκούντων
1088 2650 1237 2704 λίθον
1302 2651 1423 2704 τινὰ
1473 2653 1677 2707 τούτων
1738 2656 1801 2727 δὴ

215 2740 678 2794 τῶνπολυτελῶν
724 2743 818 2795 καὶ
871 2742 1182 2813 πολυτίμων
1240 2740 1376 2797 εἶναι
1432 2745 1805 2816 νομιζομένων

214 2835 304 2898 είς
336 2834 407 2888 τὰ
443 2832 665 2904 Θεμέλια
713 2836 813 2906 τῆς
856 2836 1171 2907 σωματικῆς
1201 2834 1336 2890 Σιὼν
1371 2836 1803 2909 ἐμϐληθήσεσθαι

214 2924 361 2996 πρὸς
388 2923 550 2979 αὐτοῦ
578 2922 671 2978 τοῦ
706 2926 909 2996 Κυρίου
948 2925 1236 2998 ὑπόληψις,
1273 2928 1357 2995 ἐφ’
1385 2927 1444 2981 ὃν
1478 2928 1623 2983 λίθον
1649 2932 1678 2982 ό
1711 2948 1802 2983 πιο

218 3013 457 3077 στεύσας
485 3013 734 3084 οὐδαμῶς
772 3015 1333 3087 καταισχυνθήσεσθαι
1371 3018 1797 3088 προφητεύεται;

217 3106 336 3167 Τὰς
366 3107 553 3177 μωρὰς
581 3106 866 3179 τοιγαροῦν
895 3108 986 3161 καὶ
1027 3109 1320 3173 Ἰουδαῖκὰς
1343 3110 1639 3181 διηγήσεις,
1673 3112 1797 3175 τούς
1823 3144 1863 3201 C

212 3216 277 3252 τε
322 3198 602 3267 γραώδεις
651 3197 741 3264 οὒς
797 3199 1076 3270 ὠνόμασεν
1121 3202 1149 3253 ό
1202 3200 1519 3266 Ἀπόστολος
1564 3204 1793 3271 μύθους

212 3289 663 3360 ἀποσεισάμενοι,
695 3290 828 3344 Θεοῦ
866 3292 1030 3356 ἀξίως
1065 3293 1162 3355 τὰς
1190 3292 1578 3358 θεοπνεύστους
1626 3312 1799 3365 παρα-

211 3379 507 3452 δεχώμεθα
538 3383 901 3454 προφητείαςο
934 3386 1097 3456 φησιν
1144 3381 1262 3439 οὖν’
1303 3404 1323 3435 ο
1362 3385 1461 3439 Διὰ
1504 3386 1662 3439 τοῦτο
1689 3387 1797 3439 ἰδοὺ

210 3474 333 3546 ἐγὼ
362 3476 615 3555 ἐμϐάλλω
643 3480 723 3541 είς
744 3478 813 3532 τὰ
855 3476 1077 3548 θεμέλια
1122 3478 1258 3532 Σιὼν
1279 3478 1444 3533 λίθον.
1483 3499 1502 3532 ι
1530 3479 1627 3534 Διὰ
1651 3484 1797 3533 ποῖον

210 3569 273 3622 δὲ
306 3566 487 3632 τοῦτο,
517 3568 660 3639 ήδιὰ
686 3568 746 3622 τὸ
778 3571 904 3633 τοὺς
936 3568 1202 3640 ἄρχοντας
1228 3569 1322 3624 τοῦ
1366 3566 1631 3643 προτέρου
1668 3571 1795 3625 λαοῦ

212 3658 579 3730 πεποιηκέναι
633 3660 902 3732 συνθήκας
963 3662 1100 3733 μετὰ
1153 3662 1244 3715 τοῦ
1288 3662 1537 3725 θανάτου,
1581 3664 1673 3717 καὶ
1711 3664 1798 3718 διὰ

211 3752 282 3807 τὸ
318 3751 639 3822 ηταλεῖψαι
676 3754 773 3824 μὲν
819 3754 1014 3817 αὐτοὺς
1058 3753 1155 3823 τὴν
1198 3753 1292 3807 τοῦ
1339 3753 1474 3808 Θεοῦ
1511 3756 1793 3827 διαθήκην,

211 3843 345 3900 ἀντὶ
378 3844 436 3898 δὲ
461 3844 665 3915 ταύτης
716 3844 978 3915 διαθήκην
1022 3845 1157 3917 πρὸς
1189 3845 1280 3899 τὸν
1318 3846 1451 3917 ᾅδην
1512 3849 1797 3920 πεποιηκέ-

213 3952 334 3999 ναι,
385 3936 787 4005 ὑπολαμϐάνειν
831 3936 887 3988 δὲ
924 3935 1010 3989 διὰ
1046 3934 1216 3989 ταῦτα
1264 3935 1427 4005 μηδὲν
1465 3936 1634 3989 κακὸν
1666 3939 1792 3990 ἐαυ-

212 4030 349 4092 (ob;
417 4026 734 4082 πείσεσθαι·
786 4026 922 4082 ἀλλὰ
977 4027 1071 4081 καὶ
1130 4026 1219 4080 διὰ
1280 4026 1436 4080 τοῦτο
1496 4028 1796 4082 τεθεικέναι

217 4121 326 4190 μὲν
377 4119 470 4172 ἐπὶ
510 4118 703 4188 ψεῦδος
739 4119 841 4191 τὴν
884 4118 1071 4172 ἐλπίδα
1116 4118 1291 4173 αὐτῶν
1343 4119 1437 4171 καὶ
1468 4119 1673 4173 οἴεσθαι
1719 4120 1795 4191 τῷ

212 4211 409 4281 ψεύδει
439 4210 945 4283 σκεπασθήσεσθαι·
981 4211 1070 4264 διὰ
1112 4212 1218 4283 γάρ
1253 4229 1334 4265 τοι
1382 4212 1574 4275 ταῦτα,
1609 4214 1682 4277 ὡς
1729 4215 1794 4268 ἂν

213 4303 705 4358 ἁποπεπτωκότων
727 4303 950 4356 ἐκείνων
987 4302 1096 4355 ἀπὸ
1126 4303 1222 4374 τῆς
1254 4306 1333 4367 είς
1356 4305 1443 4357 τὸν
1481 4304 1611 4359 Θεὸν
1647 4305 1796 4359 ἐλπί-

214 4396 331 4458 δος,
353 4395 447 4447 τὸν
476 4394 838 4466 πολυτίμητον
860 4393 1004 4447 λίθον
1028 4396 1139 4458 τοῖς
1165 4395 1510 4449 πιστεύουσιν
1534 4397 1794 4466 ἐπαγγέλ-

1910 2009 2191 2079 posuimus
2229 2004 2568 2059 mendacium
2605 2018 2755 2072 spem
2791 2010 3059 2066 nostram,
3094 2010 3147 2058 et
3199 2003 3481 2057 mendacio

1909 2101 2137 2171 protecti
2187 2115 2399 2155 sumus.
2435 2095 2643 2151 Idcirco
2684 2098 2798 2150 lucc
2841 2096 2973 2150 dicit
3006 2096 3311 2152 Dominus:
3343 2095 3480 2152 Ecce

1906 2208 2005 2260 ego
2040 2191 2249 2245 mittam
2289 2190 2342 2243 in
2372 2188 2737 2243 fundamentis
2772 2189 2900 2243 Sion
2954 2189 3188 2258 lapidem
3219 2191 3475 2254 electum,

1907 2286 2241 2355 angularem,
2286 2283 2605 2352 prctiosum,
2663 2281 2976 2351 probatum,
3030 2280 3082 2333 in
3125 2279 3478 2336 fundamento

1907 2378 2212 2440 fundatum,
2246 2386 2298 2432 et
2335 2375 2426 2446 qui
2461 2376 2635 2429 credit
2674 2375 2727 2427 in
2775 2390 2896 2427 eum
2944 2388 3051 2427 non
3086 2374 3471 2428 confundetur.

1906 2469 1971 2523 Et
2023 2486 2220 2541 ponam
2267 2470 2320 2523 in
2366 2468 2602 2539 pondere
2650 2466 2950 2536 judicium,
3008 2473 3064 2520 ct
3100 2465 3369 2534 justitiam
3418 2466 3473 2520 in

1906 2579 2162 2618 mensura
2188 2564 2232 2617 ⁵.
2266 2582 2284 2614 ›
2323 2560 2606 2628 Quomodo
2648 2559 2793 2613 enim
2829 2574 2939 2613 non
2980 2573 3107 2612 vere
3145 2557 3373 2626 puerilis
3418 2566 3474 2612 et

1904 2658 2126 2712 omnino
2155 2655 2489 2711 deridendus
2530 2654 2748 2706 illorum
2774 2650 3077 2721 error,-qui
3114 2650 3474 2721 corporaliter

1906 2753 2217 2808 existimant
2247 2749 2475 2819 lapidem
2501 2748 2789 2816 quemdam
2835 2761 2865 2799 e
2910 2743 3166 2814 pretiosis
3200 2744 3474 2812 probatis-

1904 2860 2010 2915 que
2043 2844 2097 2897 in
2124 2841 2490 2896 fundamentis
2511 2838 2813 2907 corporalis
2846 2834 2976 2890 Sion
3005 2834 3330 2889 mittendum
3353 2851 3474 2890 esse

1904 2936 1971 2989 ab
1994 2936 2110 3004 ipso
2143 2933 2393 2995 Domino,
2421 2947 2624 3001 eosque
2653 2934 2743 3000 qui
2774 2931 2827 2983 in
2856 2931 3003 2982 hunc
3032 2927 3265 2999 lapidem
3293 2928 3472 2982 credi-

1903 3025 2080 3079 derint
2125 3042 2235 3079 non
2282 3041 2403 3080 esse
2432 3023 2868 3083 confundendos,
2893 3021 3048 3090 juxta
3080 3021 3421 3090 prephetiam
3447 3020 3473 3072 ?

1904 3115 2111 3171 Stultas
2162 3117 2327 3186 igitur
2373 3124 2427 3170 et
2474 3115 2733 3169 Judaicas
2779 3114 3275 3182 interpretationes,
3333 3126 3472 3182 quas

1901 3210 2071 3263 aniles
2120 3208 2331 3278 fabulas
2385 3209 2681 3277 Apostolus
2744 3206 2939 3261 vocat6
2997 3204 3340 3273 abjicientes,
3390 3204 3445 3257 di

1898 3317 2001 3374 gna
2056 3300 2166 3356 Deo
2212 3301 2529 3369 acceptione
2592 3298 2858 3353 divinitus
2921 3297 3043 3366 insp
3070 3308 3212 3351 ratas
3269 3296 3470 3350 intelli-

1896 3410 2089 3466 gamus
2115 3392 2449 3463 prophetias.
2483 3389 2621 3443 Dicit
2654 3390 2819 3459 igitur
2848 3409 2860 3444 :
2897 3408 2919 3439 σ
2949 3388 3089 3443 Ecce
3120 3403 3220 3457 ego
3253 3387 3467 3441 mittam

1897 3489 1952 3542 in
1982 3484 2350 3540 fundamentis
2376 3483 2507 3536 Sion
2538 3481 2793 3551 lapidem.
2831 3500 2848 3531 ι
2880 3480 2992 3536 Cur
3016 3481 3174 3542 illud,
3202 3482 3305 3534 nisi
3329 3495 3439 3550 quo

1896 3579 2039 3632 niam
2091 3576 2291 3648 prioris
2338 3574 2519 3645 pepuli
2564 3573 2839 3644 principes
2886 3586 3009 3626 eum
3064 3581 3239 3628 morte
3287 3572 3471 3631 fmdus

1895 3677 2324 3740 percusserunt,
2392 3668 2476 3722 vel
2524 3666 2781 3736 quoniam
2842 3664 3033 3720 relicto
3078 3663 3172 3718 Dei
3220 3663 3463 3728 fmdere,

1895 3770 2086 3816 contra
2119 3772 2336 3831 pactum
2372 3775 2497 3814 cum
2534 3758 2748 3814 inferno
2780 3756 3047 3822 fecerunt,
3084 3756 3469 3811 existimantes

1895 3863 2115 3925 propter
2137 3852 2269 3907 illud
2301 3868 2361 3908 se
2384 3853 2518 3906 nihil
2546 3851 2672 3905 mali
2704 3866 2826 3905 esse
2851 3863 3145 3919 passuras;
3176 3846 3270 3902 sed
3298 3847 3461 3900 etiam

1894 3948 2153 4017 quoniam
2193 3947 2248 4000 in
2299 3945 2583 4000 mendacio
2641 3959 2791 4013 spem
2840 3948 3140 4012 posuerunt
3187 3955 3365 4002 suam,
3409 3948 3464 3992 et

1895 4039 2181 4093 mendacio
2210 4054 2268 4095 se
2295 4044 2569 4109 protectos
2591 4035 2960 4090 crediderunt.
2987 4032 3329 4104 Quapropter
3353 4032 3467 4087 illis

1897 4143 1926 4182 a
1951 4145 2047 4199 spe
2076 4130 2129 4184 in
2163 4129 2331 4185 Deum
2363 4128 2631 4198 disjectis,
2662 4127 2960 4197 pretiosum
2994 4126 3225 4196 lapidem
3243 4125 3469 4179 creden~

1895 4221 2038 4275 tibus
2070 4220 2283 4275 mittere
2312 4221 2619 4289 pollicetur.
2656 4219 2737 4273 Ad
2779 4220 2913 4273 istos
2958 4226 3138 4273 autem
3168 4218 3410 4271 dicentes
3441 4234 3454 4270 :

1899 4328 1919 4362 ι
1946 4308 2327 4366 Percussimus
2368 4310 2545 4364 fmdus
2576 4325 2698 4364 cum
2735 4317 2929 4373 morte,
2976 4319 3031 4363 et
3070 4323 3196 4363 cum
3246 4307 3464 4362 inferno

1896 4401 2122 4456 fecimus
2155 4408 2407 4471 pactum;
2449 4400 2717 4469 flagellum
2759 4400 3033 4454 inundans
3068 4415 3191 4454 cum
3227 4400 3459 4453 transie-

213 4486 375 4540 λεται
437 4486 643 4559 θήσειν.
698 4488 842 4557 Πρὸς
900 4487 1140 4551 ἐκείνους
1190 4487 1247 4540 δὲ
1302 4488 1427 4551 τοὺς
1480 4490 1784 4560 εἰρηκότας,

1898 4494 1980 4557 rit,
2010 4509 2119 4547 non
2150 4494 2327 4548 veniet
2371 4509 2533 4563 super
2566 4508 2697 4558 nos;
2745 4494 2871 4563 quia
2913 4493 3195 4562 posuimus
3236 4491 3461 4545 menda«

220 4600 241 4631 ι
293 4579 659 4651 Ἐποιήσαμεν
686 4578 949 4651 διαθήκην
993 4578 1130 4649 μετὰ
1160 4578 1250 4632 τοῦ
1299 4579 1446 4650 ᾅδου,
1495 4580 1586 4632 καὶ
1651 4580 1788 4650 μετὰ

211 4672 318 4727 τοῦ
340 4671 571 4726 θανάτου
598 4670 887 4743 συνθήκαςο
914 4671 1168 4739 καταιγὶς
1199 4671 1492 4742 φερομένη,
1530 4670 1624 4724 ἐὰν
1648 4686 1788 4742 παρ-

212 4765 377 4837 έλθῃ,
414 4764 476 4819 οὐ
520 4764 596 4836 μὴ
641 4762 770 4838 ἔλθῃ
804 4764 887 4833 ἐφ’
933 4763 1112 4834 ἡμᾶς·
1160 4761 1435 4833 ἐθήκαμεν
1466 4762 1656 4832 ψεῦδος
1689 4764 1787 4835 τὴν

211 4858 416 4912 ἐλπίδα
456 4856 636 4929 ήμῶν,
693 4857 787 4909 καὶ
846 4855 923 4927 τῷ
975 4854 1157 4924 ψεύδει
1205 4854 1714 4927 σκεπασθησόμεθα,
1763 4875 1781 4907 ι

216 4949 576 5014 ὑποκαταϐὰς
609 4951 638 5003 ό
684 4948 840 5017 λόγος
881 4947 1070 5018 φησιν·
1108 4966 1127 4998 ι
1173 4948 1237 5001 Ol
1266 4946 1580 5011 πεποιθότες
1611 4947 1787 5018 μάτην

210 5041 426 5113 ψεύδει,
452 5042 513 5095 οὐ
546 5041 619 5112 μή
653 5039 898 5114 παρέλθῃ
921 5040 1061 5110 ὑμᾶς
1088 5040 1359 5108 καταιγὶς,
1384 5039 1457 5111 μὴ
1491 5041 1583 5101 καὶ
1611 5039 1785 5111 ἀφέλῃ

212 5133 376 5207 ὑμῶν
397 5132 496 5205 τὴν
520 5132 781 5205 διαθήκην
811 5132 905 5186 τοῦ
938 5130 1294 5194 θανάτου,καὶ
1320 5133 1353 5201 ή
1389 5130 1537 5193 ἐλπὶς
1565 5130 1717 5201 ὑμῶν
1750 5134 1784 5203 ή

214 5226 359 5296 πρὸς
402 5226 492 5279 τὸν
533 5226 666 5298 ᾅδην
694 5226 754 5280 οὐ
791 5226 864 5296 μὴ
905 5225 1166 5295 ἐμμείνῃ·
1200 5224 1452 5291 καταιγὶς
1506 5225 1779 5295 φερομένη

214 5316 317 5371 ἐὰν
341 5317 566 5391 ἐπέλθῃ,
609 5316 795 5372 ἔσεσθε
835 5317 971 5388 αὐτῇ
1000 5318 1081 5380 εἰς
1112 5317 1477 5389 καταπάτημα
1500 5333 1514 5347 ο
1550 5336 1569 5369 ι
1620 5316 1657 5370 ἆ
1688 5317 1783 5371 καὶ

214 5408 487 5481 πρόδηλον
513 5411 662 5474 ὅπως
690 5410 784 5463 ἐπὶ
811 5412 876 5482 τῇ
919 5409 1188 5481 παρουσίᾳ
1216 5409 1315 5462 τοῦ
1338 5410 1585 5480 Σωτῆρος
1624 5409 1781 5481 ήμῶν

213 5507 299 5570 εἰς
350 5507 556 5562 ἐκεῖνον
599 5506 953 5579 πεπλήρωται
990 5507 1081 5560 τὸν
1120 5505 1265 5560 λαόν.
1311 5504 1638 5569 ’Δκολούθως
1674 5506 1782 5579 ἄρα

214 5596 383 5665 ἡμεῖς
420 5598 520 5651 οὐκ
551 5597 708 5652 ἄλλον
745 5596 1024 5669 ἡγούμεθα
1056 5593 1192 5651 εἶναι
1219 5598 1308 5650 τὸν
1341 5596 1664 5669 δηλούμενον
1692 5601 1781 5655 ἐν·

1890 4585 2035 4639 cium
2066 4600 2215 4656 spem
2242 4592 2510 4649 nostram,
2530 4593 2583 4640 et
2608 4586 2891 4639 mendacio
2930 4586 3157 4653 protecti
3195 4598 3406 4641 sumus,
3435 4601 3457 4632 υ

1890 4679 2053 4748 paulo
2082 4687 2206 4759 post
2244 4679 2464 4749 subjicit
2500 4677 2783 4749 Scriptura
2815 4698 2825 4733 :
2864 4697 2883 4730 ι
2914 4676 3025 4734 Vos
3050 4677 3143 4748 qui
3174 4674 3458 4732 mendacio

1890 4771 2096 4826 frustra
2118 4771 2309 4826 confisi
2331 4773 2487 4835 estis,
2532 4786 2644 4826 non
2678 4772 2931 4827 transibit
2954 4769 3240 4825 inundatio
3280 4779 3455 4835 aqua},

1890 4870 1945 4917 et
1985 4863 2255 4918 delebitur
2286 4861 2465 4918 fmdus
2497 4871 2743 4919 vestrum
2786 4878 2909 4917 cum
2938 4869 3113 4915 morte
3146 4867 3200 4914 et
3236 4864 3457 4927 pactum

1891 4964 2136 5011 vestrum
2177 4972 2298 5011 eum
2333 4955 2545 5012 inferno
2595 4973 2705 5013 non
2755 4956 2917 5012 stabit
2944 4974 2955 5008 :
2981 4951 3248 5024 ﬂagellum
3293 4950 3454 5004 inun-

1892 5052 2030 5106 dans
2050 5066 2175 5105 cum
2199 5052 2501 5115 transierit,
2535 5055 2690 5108 eritis
2714 5053 2762 5107 ei
2786 5052 2842 5106 in
2870 5044 3395 5106 conculcationem'.
3427 5059 3458 5095 ι-

1893 5143 2023 5210 Quae
2067 5143 2346 5200 evidenter
2380 5145 2679 5199 Salvatoris
2724 5143 2897 5199 nostri
2930 5141 3162 5196 adventu
3208 5138 3263 5192 in
3305 5136 3455 5190 hunc

1891 5235 2149 5306 populum
2182 5234 2398 5305 impleta
2424 5243 2571 5291 sunt.
2606 5233 2789 5303 Itaque
2811 5248 2912 5289 nos
2941 5247 3050 5287 non
3074 5230 3241 5283 alium
3261 5226 3449 5283 existi-

1888 5345 2100 5385 mamus
2132 5344 2275 5391 esse.
2312 5329 2405 5399 qui
2440 5329 2529 5384 hic
2558 5327 2890 5392 ostenditur,
2930 5324 3162 5395 lapidem
3193 5322 3445 5383 electum,

1889 5421 2174 5492 probatum
2227 5428 2281 5475 et
2324 5420 2648 5482 mirabilem,
2699 5421 2752 5473 in
2787 5433 2948 5489 quem
2991 5416 3082 5486 qui
3117 5412 3453 5470 crediderint

1887 5526 1997 5566 non
2050 5507 2475 5574 confundantur,
2533 5523 2596 5562 ac
2645 5516 2894 5563 sanctum
2946 5505 3039 5560 Dei
3089 5502 3349 5566 Verbum,
3388 5498 3451 5552 in

1887 5614 2018 5671 quo,
2060 5600 2207 5653 velut
2253 5599 2468 5669 lapideo
2514 5597 2889 5663 fundamento,
2936 5593 3238 5668 spiritualis
3269 5590 3441 5647 cccle-

220 5779 241 5809 ⁷
285 5708 306 5827 l‘
340 5706 619 5829 Ipsam,
648 5707 732 5765 16.
767 5708 951 5762 ‘Psal.
981 5725 1122 5765 mv.
1201 5710 1221 5740 ³
1244 5708 1388 5764 Psal.
1411 5726 1580 5778 uvu,
1626 5712 1693 5767 I2
1769 5712 1791 5743 ⁵
1813 5711 2003 5768 Matth.
2070 5730 2149 5779 Ill,
2208 5713 2290 5766 I7.
2369 5715 2388 5745 ⁵
2418 5713 2519 5768 Isa.
2551 5727 2745 5777 xxvm,
2803 5712 2985 5765 Il-I7.
3062 5712 3081 5743 ⁸
3113 5706 3255 5762 Phil.
3293 5720 3354 5774 It,
3380 5704 3440 5757 8.

393 5793 486 5829 im.
536 5793 609 5829 Iv.
641 5778 690 5829 7.
766 5779 787 5810 ⁸
814 5778 911 5829 Isa.
947 5795 1137 5829 xxvm.
1168 5780 1256 5829 I7.
1286 5778 1371 5829 I8-

393 5779 486 5834 im.
536 5793 609 5845 iv,
641 5778 690 5833 7.
746 5779 787 5851 7'
814 5778 911 5834 Isa.
947 5795 1137 5847 xxvm,
1168 5780 1256 5845 I7,
1286 5778 1371 5834 I8.
