4008 6208
564 292 701 348 1219
1205 286 1295 342 EU
1305 284 1476 340 SEBII
1513 281 1989 341 CESARlENSIS
2020 281 2131 338 0P1

2234 280 2390 336 ἈΒΘ
2421 277 2508 333 111.
2547 309 2618 319 -—
2658 276 3066 334 EXEGETICA.
3649 283 3775 338 1220

563 409 774 476 stisque
825 401 956 457 Sion
1007 397 1385 462 adiﬁcabitur,
1445 395 1540 452 Dei
1598 396 1809 451 scilicet
1855 393 2115 450 Ecclesia.

2234 393 2390 448 ταῦθα
2431 392 2576 446 λίθον
2609 390 2862 446 ἐκλεκτὸν
2921 391 3227 462 θαυμαστόν
3256 410 3378 446 τινα
3411 394 3545 448 ὂντα
3572 396 3662 449 καὶ⁸
3688 415 3779 452 πα-

563 513 584 546 ι
617 491 1048 548 Fundamentum
1087 487 1230 540 enim
1273 485 1422 540 aliud
1471 500 1634 540 neruo
1679 492 1858 555 potest
1900 498 2120 554 ponere,

2234 483 2465 556 ράδοξον,
2491 484 2568 548 ὡς
2598 484 2723 547 τοὺς
2761 483 3155 547 πιστεύσαντας
3191 486 3270 548 εἰς
3295 486 3460 538 αὑτὸν
3499 484 3578 556 μὴ
3615 504 3781 543 καται-

561 592 759 657 prater
791 580 844 634 id
883 579 1024 648 quod
1052 579 1284 647 positum
1315 586 1421 642 est,
1451 577 1594 647 quod
1629 585 1712 632 est
1742 576 1997 632 Christus
2027 574 2121 629 Je-

2234 575 2616 648 σχυνθήσεσθαι
2645 575 2738 629 τοῦ
2775 573 2920 646 ἱεροῦ
2963 575 3056 628 τοῦ
3091 575 3227 629 Θεοῦ
3271 576 3471 644 Λόγου,
3505 578 3591 645 ἐφ’
3624 578 3680 631 ὃν
3718 581 3784 644 ὡς

562 693 659 733 sus
682 686 720 729 ι.
755 693 774 726 ι
811 673 885 726 De
916 687 1026 741 quo
1062 684 1115 726 et
1150 671 1205 724 in
1251 670 1482 732 Psalmis
1515 669 1721 722 dictum
1757 678 1842 722 est
1869 688 1882 721 :
1914 688 1932 718 ι
1965 666 2125 736 Lapi-

2234 671 2315 722 ἐπὶ
2357 668 2600 739 θεμέλιον
2635 668 2845 740 ἑδραῖον
2887 669 2921 737 ή
2970 666 3314 736 πνευματικὴ
3344 668 3440 720 καὶ
3481 669 3788 741 ἐπουράνιος

2222 759 2357 812 Σιὼν
2387 759 2754 831 ᾠκοδόμηται,
2792 759 2894 814 οὑκ
2933 759 3066 831 ἄλλη
3106 778 3189 823 τις
3220 756 3351 814 οὖσα
3380 761 3484 830 τῆς
3511 740 3626 815 ’τοῦ
3663 763 3786 818 Θεοῦ

2237 852 2591 922 Ἐκκλησίαςο
2645 871 2664 904 ‹
2708 852 2966 923 Θεμέλιον
3006 853 3117 924 γὰρ
3158 851 3315 907 ἄλλον
3361 853 3539 918 οὐδεὶς
3581 855 3787 909 δύναται

2226 940 2288 1010 (ί.
2315 943 2382 1017 Sp
2409 945 2483 1013 v°)
2519 943 2688 996 θεῖναι
2722 943 2872 1014 παρά
2891 943 2980 998 τὸν
3013 943 3283 1014 κείμενον,
3318 945 3375 1007 ὃς
3405 947 3556 998 ἐστιν
3597 946 3791 1017 Ἰησοὴ

2225 1030 2487 1104 Χριστός·
2526 1053 2544 1085 ι
2583 1035 2709 1104 περὶ
2744 1035 2932 1088 τούτου
2971 1035 3028 1088 δὲ
3071 1037 3165 1088 καὶ
3192 1038 3248 1088 ὲν
3275 1037 3518 1106 Ψαλμοῖς
3548 1039 3803 1108 εἴρηται·ἱ

2228 1141 2246 1172 ι
2289 1123 2467 1188 Λίθον,
2515 1125 2572 1177 ὃν
2618 1125 3028 1197 ἀπεδοκίμασαν
3075 1128 3125 1180 οἰ
3171 1127 3597 1198 οἰκοδομοῦντες,
3640 1113 3802 1192 οὗτος

2223 1214 2453 1285 ἐγενήθη
2485 1217 2561 1279 εἰς
2606 1217 2843 1288 κεφαλὴν
2883 1217 3102 1286 γωνίας,
3129 1238 3147 1270 ι
3183 1221 3275 1272 καὶ
3305 1238 3324 1271 t
3348 1222 3737 1289 ἀκρογωνιαὼς
3765 1241 3783 1272 ι

2222 1305 2566 1376 ὠνόμασται·
2613 1309 2802 1362 τοῦτον
2840 1309 2895 1362 δὲ
2941 1311 3034 1363 καὶ
3070 1311 3264 1382 Δανιὴλ
3306 1311 3396 1363 τὸν
3442 1310 3587 1363 λίθον
3625 1313 3792 1383 ἑρμηο

2221 1396 2363 1450 νεύει
2409 1398 2500 1451 ἐπὶ
2541 1400 2639 1470 τὴν
2686 1400 2782 1453 τοῦ
2825 1401 3059 1472 Χριστοῦ
3103 1402 3399 1472 βασιλείαν,
3443 1403 3565 1456 ἔνθα
3607 1404 3786 1472 λέγει’

2227 1507 2246 1540 ι
2288 1491 2396 1543 1ίαί¹
2438 1493 2466 1543 ὁ
2495 1490 2641 1555 λίθος
2679 1496 2707 1546 ό
2751 1493 2995 1557 πατάξας
3039 1494 3134 1564 τὴν
3181 1495 3391 1559 εἰκόνα,
3416 1495 3620 1563 ἐγένετο
3661 1495 3786 1568 ὅρος

561 767 683 824 dem
715 780 874 835 quem
908 763 1338 832 reprobaverunt
1359 760 1708 822 aediﬁcantes,
1734 760 1822 813 hic
1848 759 2020 812 factus
2040 765 2124 813 est

561 861 618 914 in
656 867 818 927 caput
849 857 1090 916 anguli‘.
1127 875 1144 906 ι
1189 863 1242 910 et
1270 872 1289 904 ι
1319 853 1597 923 angularis
1629 872 1647 903 ι
1677 859 1923 906 vocatur.
1952 851 2121 916 Quem

559 964 690 1003 vero
720 946 910 1001 Daniel
943 961 1158 1015 quoque
1194 943 1427 1014 lapidem
1461 943 1848 1012 interpretatur
1867 942 1932 996 de
1964 941 2126 996 Chri-

563 1041 632 1098 sti
662 1055 853 1109 regno,
879 1054 1002 1092 cum
1051 1037 1223 1090 dicit:
1252 1055 1269 1086 ι
1300 1034 1464 1104 Lapis
1489 1045 1688 1096 autem,
1717 1036 1808 1104 qui
1836 1048 2121 1103 percusse-

563 1143 644 1188 rat
683 1141 940 1194 statuam,
979 1130 1154 1184 factus
1202 1137 1284 1182 est
1324 1142 1480 1181 mons
1506 1142 1756 1196 magnus,
1801 1134 1855 1180 et
1883 1125 2122 1196 implevit

567 1225 876 1279 universam
916 1233 1112 1275 terram
1132 1221 1173 1274 ⁸.
1204 1239 1222 1270 ι
1258 1219 1613 1274 Ᾱίόίίὶςιιιιῑεε
1645 1219 1812 1288 igitur
1848 1218 2004 1286 juxta
2046 1219 2122 1271 le-

563 1316 645 1386 gis
694 1316 928 1368 litteram
980 1311 1292 1376 :editicium,
1329 1311 1474 1364 hunc
1525 1309 1953 1375 reprobavcrunt
1986 1307 2123 1376 lapi—

561 1406 725 1461 dem:
757 1403 849 1472 qui
907 1402 1295 1464 nihilominus,
1338 1403 1406 1455 ab
1463 1401 1530 1455 iis
1573 1400 1916 1469 reprobalus,
1959 1404 2122 1467 caput

515 1498 528 1506 ’
562 1495 767 1566 anguli,
790 1494 1030 1564 gentium
1059 1494 1314 1549 videlicet
1343 1492 1595 1546 Ecclesiae
1622 1490 1949 1551 ostenditur,
1968 1489 2120 1558 juxta

563 1586 696 1642 illud
731 1603 748 1642 :
792 1606 810 1638 ε
838 1585 1156 1640 Constitues
1211 1599 1296 1638 me
1340 1584 1394 1636 in
1445 1589 1608 1651 caput
1647 1583 1889 1652 gentium
1915 1581 1955 1634 ⁸.
1991 1602 2009 1633 ι
2063 1579 2122 1634 1n

2234 1581 2385 1651 μέγα,
2411 1583 2504 1634 καὶ
2522 1583 2811 1648 ἐπάταξεν,
2845 1584 2878 1655 ἢ
2901 1585 2994 1637 καὶ
3014 1585 3293 1658 ἐπλήρωσε
3322 1588 3496 1639 πᾶσαν
3511 1586 3602 1656 τὴν
3623 1588 3778 1657 γῆν.»

564 1682 711 1735 hunc
743 1680 912 1746 igitur
937 1679 1169 1748 lapidem
1203 1678 1296 1746 qui
1337 1675 1654 1738 crediderit,
1717 1690 1828 1728 non
1896 1673 2123 1729 confun-

2234 1675 2287 1726 υἱ
2331 1675 2428 1746 μὲν
2474 1671 2568 1728 οῦν
2607 1677 3010 1746 οἰκοδομοῦντες
3035 1677 3132 1747 τὴν
3175 1678 3318 1732 κατά
3345 1679 3407 1730 τὸ
3444 1679 3674 1748 γράμμα
3700 1674 3787 1729 τοῦ

563 1773 742 1834 detur,
797 1780 856 1825 ut
889 1786 1014 1826 vere
1044 1768 1370 1839 przenuntiat
1425 1781 1666 1838 prmscns
1713 1765 1780 1820 de
1829 1766 1948 1835 ipso
1999 1781 2124 1836 pro-

2234 1765 2386 1834 νόμου
2415 1767 2723 1838 οἰκοδομὴν,
2747 1768 2932 1821 τοῦτον
2955 1767 3359 1835 ἀπεδοκίμασαν
3390 1768 3480 1820 τὸν
3505 1768 3651 1821 λίθον
3667 1784 3682 1797 ⁶
3704 1769 3795 1820 αὺ-

564 1864 762 1933 phetia.
2227 1858 2318 1921 τὸς
2345 1859 2402 1912 δὲ
2428 1860 2577 1914 οὐδὲν
2615 1856 2775 1932 ἦττον
2809 1862 2898 1914 ὑπ’
2934 1861 3154 1914 ἐκείνων
3199 1861 3677 1929 ἀποδοκιμασθεὶς,
3706 1878 3793 1914 κε-

565 1956 706 2027 φαλὴ
743 1955 940 2024 γωνίας
977 1955 1073 2026 τῆς
1115 1953 1222 2005 τῶν
1272 1952 1329 2018 ἐξ
1375 1950 1541 2004 ὲθνῶν
1626 1945 1946 2020 Ἑκκλησίας
2026 1951 2388 2007 ἀναδέδεικται
2432 1956 2570 2010 κατὰ
2617 1955 2676 2010 τὸ
2727 1958 3012 2028 εἰρημένον
3053 1974 3173 2023 που,
3223 1975 3240 2006 ι
3305 1957 3683 2027 Καταστήσεις
3733 1974 3794 2027 με

564 2052 643 2112 εἰς
676 2047 912 2118 κεφαλὴν
947 2046 1133 2100 ὲθνῶν.
1173 2065 1190 2098 ι
1235 2045 1358 2098 Ἐπὶ
1392 2043 1576 2098 τοῦτον
1615 2043 1900 2113 τοιγαροῦν
1927 2043 2018 2098 τὸν
2067 2043 2210 2098 λίθον
2273 2051 2300 2101 ό
2328 2049 2592 2102 πιστεύων
2641 2051 2702 2103 ού
2756 2049 3307 2120 καταισχυνθήσεται,
3361 2048 3795 2119 ὲπαληθευούσης

567 2145 658 2197 καὶ
694 2141 894 2214 ταύτης
925 2145 1022 2213 τῆς
1048 2142 1173 2212 περὶ
1201 2139 1363 2194 αὑτοῦ
1390 2138 1738 2211 προφητείας.

1203 2250 1431 2308 CAPUT
1463 2251 1605 2306 XIV.

645 2365 664 2398 ι
705 2347 845 2402 Ecce
865 2361 1063 2401 nomen
1093 2344 1305 2399 Domini
1334 2346 1482 2399 venit
1505 2343 1570 2397 de
1593 2344 1906 2414 longinquo.
1932 2344 2128 2400 ardens

569 2439 722 2497 furor
754 2441 877 2509 ejus
901 2446 954 2492 et
985 2439 1166 2508 gravis
1206 2437 1270 2490 ad
1315 2436 1642 2506 portandqu
1685 2454 1698 2489 :
1725 2435 1865 2490 labia
1897 2435 2016 2504 ejus
2042 2449 2129 2488 re-

570 2534 714 2603 pleta
757 2540 885 2585 sunt
914 2529 1308 2598 indignatione,
1340 2536 1393 2582 et
1427 2529 1612 2598 lingua
1657 2528 1775 2596 ejus
1805 2528 1960 2596 quasi
1991 2526 2130 2596 ignis

569 2625 839 2680 devorans
867 2624 908 2676 ⁸.
933 2641 950 2672 ι
984 2621 1122 2687 Quid
1149 2628 1293 2676 esset
1321 2621 1526 2674 dictum
1558 2619 1646 2672 hic
1669 2633 1864 2672 nomen
1894 2616 2128 2681 Domini,

570 2715 678 2768 nisi
727 2711 870 2768 Deus
901 2709 1162 2774 Verbum,
1206 2726 1236 2764 a
1275 2725 1384 2779 quo
1417 2709 1601 2763 omnia
1647 2715 1827 2760 creata
1863 2708 2030 2760 sunt?
2057 2704 2131 2760 De

571 2805 809 2861 secunda
840 2803 1004 2874 igitur
1035 2811 1088 2857 et
1112 2803 1370 2871 praeclara
1419 2799 1541 2869 ejus
1576 2797 2017 2852 manifestatione
2042 2811 2131 2852 ac-

572 2895 821 2966 cipienda
855 2901 960 2958 est,
994 2901 1052 2947 ut
1081 2893 1296 2963 opinor,
1328 2892 1442 2945 haec
1472 2889 1782 2962 prophetia.

2752 2253 3144 2306 ΚΕΦΑΛΑῘΟΝ
3173 2255 3270 2306 1Δ’.

2306 2360 2325 2393 ι
2383 2343 2510 2398 Ἰδοὺ
2538 2343 2596 2396 τὸ
2627 2343 2796 2413 ὄνομα
2829 2343 3029 2414 Κυρίου
3071 2343 3284 2414 ἔρχεται
3321 2342 3410 2396 διὰ
3445 2344 3649 2397 πολλοῦ
3687 2348 3798 2416 χρό-

2231 2451 2344 2496 νου,
2372 2435 2656 2504 καιόμενος
2689 2434 2882 2504 θυμὸς,
2915 2435 3054 2506 μετὰ
3073 2434 3227 2505 δόξης
3257 2435 3318 2487 τὸ
3347 2434 3530 2504 λόγιον
3555 2437 3668 2490 τῶν
3695 2455 3799 2508 χει-

2232 2524 2367 2578 λέων
2397 2527 2582 2592 αὑτοῦ,
2611 2527 2672 2580 τὸ
2711 2527 2888 2596 λόγιον
2925 2527 3098 2598 όργῆς
3132 2529 3353 2600 πλῆρες,
3399 2529 3494 2582 καὶ
3531 2529 3674 2601 ὀργὴ
3713 2530 3798 2584 τοῦ

2231 2617 2404 2687 θυμοῦ
2444 2618 2519 2678 ὡς
2563 2619 2672 2691 πῦρ
2701 2619 2892 2672 ἔδεται.
2932 2638 2951 2671 ι
2987 2620 3094 2672 Καὶ
3123 2619 3174 2671 τί
3201 2619 3266 2672 ἂν
3291 2619 3374 2690 εἰη
3420 2620 3481 2672 τὸ
3512 2619 3799 2692 λεγόμενον

2230 2709 2401 2780 ὄνομα
2430 2711 2634 2781 Κυρίου
2667 2711 2699 2781 ἢ
2733 2712 2762 2763 ό
2787 2711 2918 2774 Θεὸς
2969 2712 3161 2779 Λόγος,
3206 2711 3272 2762 δι’
3300 2707 3361 2765 οὗ
3397 2713 3466 2764 τά
3514 2714 3804 2783 σύμπαντα

2231 2801 2520 2872 γεγένηται
2543 2819 2558 2868 ;
2589 2801 2671 2855 Τὰ
2703 2803 2951 2874 περὶτῆς
2979 2803 3232 2873 δευτέρας
3260 2803 3440 2856 τοίνυν
3471 2805 3570 2856 καὶ
3597 2804 3802 2868 ἐνδόξου

2233 2892 2397 2946 αὑτοῦ
2439 2895 2738 2966 παρουσίας
2770 2895 2974 2966 νομίζω
3000 2895 3093 2947 καὶ
3115 2895 3318 2966 ταύτην
3353 2896 3690 2958 αἰνίττεσθαι
3713 2898 3805 2967 τὴν

2233 2984 2586 3055 προφητείαν.

1160 3093 1386 3149 CAPUT
1415 3092 1533 3147 XV.
1957 3129 1964 3135 ι

2751 3093 3144 3154 ΚΕΦᾹΛΑιΟΝ
3182 3101 3281 3154 IE'.

653 3207 674 3242 ι
704 3187 828 3243 Haec
851 3187 983 3242 dicit
1015 3185 1274 3241 Dominus
1307 3205 1320 3243 :
1355 3186 1551 3241 Beatus
1579 3184 1673 3256 qui
1711 3184 1874 3240 habet
1903 3185 1959 3238 in
1999 3181 2131 3238 Sion

2309 3189 2446 3243 Τάδε
2473 3189 2621 3258 λέγει
2661 3191 2894 3263 Κύριος·
2937 3211 2955 3243 ι
2985 3192 3290 3263 Μακάριος,
3315 3191 3375 3254 ὃς
3417 3191 3532 3263 ἔχει
3583 3194 3647 3244 ὲν
3678 3192 3811 3246 Σιὼν

573 3296 781 3344 semen,
812 3285 866 3334 et
919 3279 1129 3333 incolas
1184 3278 1238 3332 in
1292 3277 1616 3333 Jerusalem.
1651 3276 1792 3331 Ecce
1841 3276 1986 3330 enim
2037 3291 2131 3330 rex

2240 3281 2479 3352 σπέρμα,
2516 3283 2609 3335 καὶ
2651 3284 2881 3348 οἰκείους
2911 3284 2968 3336 ὲν
3008 3284 3362 3355 Ἰερουσαλήμ
3383 3302 3396 3315 ο
3431 3284 3543 3336 ἰδοὺ
3573 3285 3692 3356 γὰρ
3724 3285 3811 3354 βα-

569 3373 752 3442 justus
769 3371 1034 3440 regnabit,
1059 3383 1111 3423 et
1137 3369 1409 3439 principes
1435 3369 1488 3422 in
1518 3367 1726 3438 judicio
1753 3377 2025 3438 praeerunt
2051 3367 2126 3420 ’.ι

2241 3371 2418 3436 σιλεὺς
2461 3373 2667 3437 δίκαιος
2712 3375 3037 3444 βασιλεύσει,
3079 3379 3175 3429 καὶ
3217 3376 3476 3446 ἄρχοντες
3521 3377 3665 3446 μετά
3692 3377 3812 3448 κρί-

572 3463 825 3517 Christus
855 3462 948 3516 Dei
986 3461 1208 3516 dicens:
1247 3480 1265 3512 ι
1300 3461 1411 3532 Ego
1469 3460 1805 3516 constitutus
1859 3474 1979 3514 sum
2036 3474 2129 3514 rex

2240 3481 2376 3528 σεως
2427 3464 2700 3536 ἄρξουσιν.
2737 3486 2756 3519 ι
2819 3467 2876 3521 ὐ
2931 3469 3162 3540 Χριστὸς
3204 3468 3298 3520 τοῦ
3348 3466 3486 3519 Θεοῦ
3535 3470 3568 3519 ό
3623 3465 3812 3531 εἰπὼν,

575 3569 738 3623 super
757 3569 851 3608 eos
887 3573 905 3606 ι
929 3553 984 3607 in
1017 3554 1119 3606 hac
1143 3553 1424 3623 prophetia
1453 3552 1790 3622 designatur.
1814 3549 1920 3616 Qui
1953 3557 2132 3604 autem

575 3647 678 3702 sub
705 3661 768 3701 eo
790 3653 918 3701 sunt
945 3645 1239 3715 principes,
1266 3644 1497 3714 apostoli
1532 3644 1762 3705 scilicet,
1781 3649 1834 3697 et
1863 3641 2132 3696 Ecclesias

574 3738 631 3793 in
650 3737 859 3807 judicio
885 3735 979 3790 Dei
1015 3736 1332 3805 dirigentes,
1368 3735 1481 3789 sive
1513 3733 1681 3787 divini
1726 3732 1924 3802 angeli,
1957 3731 2133 3786 homi-

575 3846 707 3886 num
754 3829 944 3885 salutis
997 3827 1331 3882 defensores.
1359 3823 1589 3893 Propter
1631 3824 1784 3878 illum
1819 3824 2003 3893 igitur,
2041 3823 2132 3894 qui

575 3923 716 3992 regit
747 3919 876 3974 Sion
901 3926 954 3974 et
989 3917 1311 3980 Ierusalem,
1331 3930 1350 3966 ι
1378 3915 1578 3970 Beatus
1607 3914 1700 3984 qui
1729 3914 1889 3969 habet
1915 3914 1970 3968 in
2005 3913 2134 3969 Sion

2243 3571 2263 3603 ι
2309 3552 2448 3622 Ἐγὼ
2479 3555 2536 3608 δὲ
2571 3559 2910 3631 κατεστάθην
2941 3558 3199 3630 βασιλεὺς
3223 3561 3312 3612 ὑπ’
3333 3560 3523 3624 αὐτοῦ,
3551 3579 3572 3612 ι
3605 3560 3706 3613 καὶ
3729 3559 3816 3614 διὰ

2236 3643 2438 3698 τούτων
2465 3646 2749 3716 δηλοῦται·
2784 3648 2892 3704 εἷεν
2919 3651 2963 3704 δ’
3008 3650 3073 3705 ἂν
3101 3653 3149 3705 οἱ
3183 3653 3274 3704 ὑπ’
3319 3651 3482 3704 αὑτὸν
3530 3651 3812 3722 ἄρχοντες,

2235 3735 2353 3806 ἢτοι
2384 3737 2688 3805 ἀπόστολοι,
2721 3742 2814 3794 καί
2855 3744 2904 3794 οἱ
2937 3744 3072 3813 μετὰ
3111 3743 3243 3796 Θεοῦ
3279 3745 3515 3813 κρίσεως
3549 3743 3664 3796 τῶν
3705 3745 3817 3798 Ἐκο

2237 3827 2472 3900 κλησιῶν
2496 3832 2751 3902 ἄρχοντες
2770 3835 2803 3902 ἢ
2833 3833 3051 3903 ἄγγελοι
3077 3834 3228 3897 θεῖοι,
3258 3834 3356 3905 τῆς
3377 3833 3486 3888 τῶν
3507 3833 3816 3905 ἀνθρώπων

2238 3916 2420 3990 ἔφοροι
2453 3922 2755 3992 σωτηρίας’
2789 3923 2876 3978 διὰ
2907 3925 3096 3979 τοῦτον
3126 3926 3184 3980 δὲ
3210 3926 3300 3979 τὸν
3333 3925 3692 3996 βασιλεύοντα
3718 3925 3817 3993 τῆς

579 4027 762 4069 semen
779 4022 833 4067 et
852 4010 1060 4074 incolas
1084 4010 1137 4063 in
1157 4007 1461 4063 Jerusalem
1481 4024 1496 4072 ;
1524 4026 1542 4058 ι
1567 4021 1687 4076 qua:
1703 4014 1756 4060 et
1772 4015 2131 4076 congruenter

2240 4009 2376 4064 Σιὼν
2409 4013 2502 4065 καὶ
2534 4013 2634 4084 τῆς
2685 4014 3056 4088 Ἰερουσαλὴμ,
3080 4037 3098 4068 ι
3134 4017 3454 4084 Μακάριος,
3489 4016 3552 4080 ὃς
3599 4015 3713 4086 ἔχει
3760 4017 3816 4067 tv

579 4103 647 4159 de
673 4101 973 4172 apostolico
999 4099 1194 4169 spiritu
1238 4098 1410 4166 accipi
1458 4105 1710 4165 possunt,
1745 4096 2006 4149 edocente
2035 4110 2131 4151 nos

2241 4100 2378 4155 Σιὼν
2409 4103 2649 4176 σπέρμα,
2688 4107 2783 4160 καὶ
2807 4109 3037 4171 οἰκείους
3067 4110 3124 4160 ὲν
3160 4108 3541 4180 Ἰερουσαλήμ·
3586 4128 3608 4160 ι
3647 4107 3688 4162 ἃ
3721 4104 3816 4168 κμλ

580 4193 646 4248 de
673 4206 905 4264 superna
925 4189 1228 4245 Jerusalem
1259 4198 1312 4243 et
1341 4189 1408 4242 de
1433 4187 1642 4241 caelesti
1672 4183 1854 4241 monte
1886 4185 2038 4241 Sion.

2241 4191 2406 4259 ἀξίως
2431 4195 2524 4249 τοῦ
2558 4198 2913 4253 ἀποστολικοῦ
2949 4200 3255 4272 πνεύματος
3287 4199 3706 4272 ικλη[μ]πτὲον,
3733 4197 3811 4248 εο-

578 4287 863 4349 δάσκοντος
900 4287 1045 4357 ἡμᾶς
1074 4284 1145 4338 τὰ
1182 4285 1308 4354 περὶ
1350 4283 1448 4354 τῆς
1477 4282 1588 4336 ἀνω
1623 4281 1994 4354 Ἰερουσαλὴμ,
2041 4283 2134 4336 καὶ
2161 4287 2252 4338 τοῦ
2281 4288 2420 4344 Σιὼν
2452 4292 2775 4365 ἐπουρανίου
2817 4295 2995 4369 ὅρους.

1159 4485 1388 4542 CAPUT
1419 4483 1560 4541 xvr.
2171 4455 2216 4510 Ι)

659 4599 678 4631 ι
715 4579 944 4643 Laetare,
993 4578 1232 4634 solitudo
1281 4581 1494 4642 sitiens,
1528 4577 1768 4643 exsulta,
1796 4577 2055 4639 solitudo,
2089 4585 2131 4632 el

2297 4595 2316 4629 ι
2340 4574 2703 4649 Εὐφράνθητι,
2727 4579 2928 4652 ἔρημος
2955 4580 3184 4650 διψῶσα.
3201 4580 3569 4649 ἀγαλλιάσθω,
3589 4581 3802 4653 ἔρημος.

585 4671 809 4728 ﬂoribus
831 4685 1082 4742 spargere
1113 4681 1171 4726 ut
1204 4671 1395 4728 lilium.
1426 4669 1754 4725 Germinans
1792 4667 2131 4738 germinabit,

2243 4670 2338 4723 καὶ
2365 4670 2592 4725 ἀνθείτω
2640 4671 2716 4735 ὡς
2762 4673 2944 4744 κρίνον
2962 4689 2976 4704 ·
3010 4674 3101 4726 καὶ
3127 4673 3409 4744 ὲξανθήσει
3437 4675 3532 4726 καὶ
3557 4670 3798 4741 ἀγαλλιά-

584 4772 638 4820 et
663 4763 957 4819 exsultabit
995 4763 1300 4818 laetabunda
1349 4770 1404 4818 et
1450 4762 1679 4816 laudans
1708 4778 1724 4816 ι
1753 4759 1922 4830 gloria
1949 4759 2131 4814 Libani

2245 4779 2396 4817 σεται
2436 4762 2616 4834 ἔρημα
2656 4763 2751 4818 τοῦ
2793 4761 3052 4836 Ἰορδάνου
3071 4781 3085 4794 ·
3118 4765 3211 4818 καὶ
3239 4766 3272 4835 ἡ
3307 4765 3436 4831 δόξα
3461 4765 3558 4818 τοῦ
3583 4763 3798 4819 Λιϐάνου

585 4854 712 4910 data
732 4863 817 4911 est
843 4855 954 4910 eiet
975 4854 1138 4910 decor
1151 4853 1388 4909 Carmeli
1409 4871 1423 4918 ;
1441 4861 1494 4909 et
1506 4853 1743 4924 populus
1768 4866 1923 4906 meus
1941 4849 2131 4906 videbit

2243 4853 2584 4926 ὲδόθηβύτῇ,
2603 4855 2696 4909 καὶ
2717 4857 2751 4928 η
2774 4856 2906 4926 τιμὴ
2925 4855 3019 4910 τοῦ
3046 4856 3340 4928 Καρμήλου
3360 4873 3374 4886 ·
3401 4856 3496 4908 καὶ
3514 4857 3544 4908 ό
3560 4855 3684 4917 λαός
3704 4867 3797 4922 μου

2242 4945 2430 5015 δψεται
2450 4946 2547 5018 τὴν
2567 4946 2723 5013 δόξαν
2741 4947 2946 5019 Κυρίου
2981 4948 3076 5001 καὶ
3115 4949 3176 5002 τὸ
3197 4947 3331 5018 ὕψος
3347 4947 3442 5000 τοῦ
3467 4947 3626 5000 Θεοῦ.
3641 4941 3795 5014 ἰσχῦο

2247 5056 2397 5104 σατε,
2431 5042 2609 5112 χεῖρες
2649 5040 2950 5112 ἀνειμέναι,
2982 5044 3076 5095 καὶ
3119 5041 3320 5110 γόνατα
3361 5037 3791 5108 παραλελυμένα’

2249 5130 2688 5202 παρακαλέσατε,
2713 5131 3019 5202 ὀλιγόψυχοι
3059 5133 3124 5202 τῇ
3150 5129 3389 5201 διανοίᾳο
3427 5130 3695 5198 ἰσχύσατε,
3727 5120 3792 5190 μὴ

2249 5221 2528 5292 φοϐεῖσθε·
2565 5220 2674 5278 ἰδοὺ
2705 5222 2735 5274 ό
2766 5221 2899 5285 Θεὸς
2920 5221 3078 5292 ἡμῶν
3098 5219 3280 5292 κρίσιν
3308 5219 3687 5274 ἀνταποδίδωσι
3709 5210 3793 5264 καὶ

2247 5309 2614 5366 ἀνταποδώσει
2637 5327 2652 5342 ⁸
2682 5311 2842 5376 αὐτὸς
2857 5312 2996 5383 ἥξει,
3017 5313 3110 5365 καὶ
3138 5311 3300 5364 σώσει
3325 5313 3502 5382 ἡμᾶς·
3532 5310 3649 5363 τότε
3673 5306 3791 5358 ἄνθε’

2249 5402 2534 5476 χθήσονται
2564 5402 2831 5475 ὀφθαλμοὶ
2870 5403 3109 5474 τυφλῶν,
3139 5405 3232 5457 καὶ¹
3270 5396 3385 5457 ὦτα
3429 5402 3622 5472 καιρῶν
3649 5391 3793 5451 ἀκού-

2251 5508 2433 5548 σονται
2447 5509 2460 5524 ⁸
2485 5491 2604 5546 τότε
2624 5494 2831 5548 ἀλεῖται
2854 5494 2929 5558 ὡς
2943 5493 3138 5564 ἔλαφος
3159 5493 3347 5565 χωλὸς,
3364 5495 3459 5547 καὶ
3477 5490 3640 5564 τρανὴ
3661 5487 3796 5539 ἔσται

2765 4487 3153 4546 ΚΕΦΑΛΑΙΟΝ
3182 4491 3298 4560 Iq'.

586 4947 813 5020 gloriam
838 4944 1054 5002 Domini
1088 4953 1142 5002 et
1165 4944 1510 5000 altitudinem
1531 4944 1645 5000 Dei.
1673 4942 1992 4999 Confortate
2020 4957 2138 4997 ma-

585 5054 691 5094 nus
736 5036 1054 5100 dissolutas,
1089 5043 1142 5092 et
1190 5051 1369 5107 genua
1415 5035 1614 5090 debilia
1642 5036 1920 5091 roborate.
1970 5033 2145 5090 Dicite

585 5127 947 5198 pusillanimis
985 5147 997 5181 :
1030 5125 1424 5183 Confortamini
1464 5136 1518 5181 et
1559 5127 1728 5182 nolite
1755 5126 1984 5182 timere:
2018 5141 2146 5182 ecce

585 5214 731 5272 Deus
756 5223 935 5271 vester
960 5217 1222 5272 ultionem
1264 5217 1500 5271 adducet
1548 5217 1922 5272 retributionis
1951 5233 1970 5270 :
1999 5214 2142 5273 Deus

585 5305 702 5378 ipse
727 5307 905 5363 veniet
927 5308 1235 5364 etsalvabit
1271 5322 1393 5363 nos.
1438 5307 1594 5362 Tunc
1639 5309 1954 5380 aperientur
1998 5309 2142 5364 oculi

587 5409 880 5464 caecorum,
911 5407 964 5454 et
993 5412 1154 5455 aures
1181 5398 1473 5455 surdorum
1499 5399 1780 5468 patebunt.
1813 5399 1968 5456 Tunc
1989 5401 2144 5456 saliet

589 5486 732 5542 sicut
763 5503 959 5546 cervus
991 5490 1239 5553 claudus.
1272 5501 1325 5547 et
1354 5499 1540 5562 aperta
1582 5491 1686 5546 erit
1729 5493 1912 5564 lingua
1961 5500 2142 5548 muto—

666 5643 683 5674 ’
713 5643 734 5698 l
759 5644 888 5698 Cor.
925 5660 1007 5710 ιιι,
1039 5646 1122 5699 il.
1201 5649 1221 5679 ²
1250 5646 1393 5701 Psal.
1416 5662 1581 5713 cxvn,
1607 5647 1696 5700 9.2.

591 5726 764 5777 nm,
790 5713 840 5766 1.

1787 5647 1815 5717 7³
1854 5645 1984 5702 Dan.
2011 5663 2070 5712 ιι,
2095 5648 2128 5701 5

2293 5648 2313 5680 ⁸
2335 5646 2478 5704 Psal.
2509 5665 2639 5714 xvii,
2677 5648 2763 5703 45.
2864 5652 2884 5682 ⁸
2909 5649 3013 5704 lsa.
3049 5666 3175 5704 xxx.
3203 5648 3270 5702 27
3356 5651 3377 5680 ⁸
3410 5647 3516 5702 lsa.
3551 5658 3696 5707 xm,
3725 5637 3793 5700 9;

3971 5721 3979 5840 Α
