4008 6208
266 300 396 359 4321

1282 287 1580 348 ECLOGA:
1619 283 2099 345 ΡΒΟΡΗΕΤΙΕᾸΞ.
2138 313 2209 324 -—
2244 281 2371 339 LIB.
2401 283 2491 341 IV.

3381 286 3517 342 1222

266 415 484 488 γλῶσσα
529 416 852 489 μογιλάλων,
885 414 967 467 δτι
1007 410 1216 483 ἐρράγη
1255 408 1313 462 ἐν
1352 410 1417 479 τῇ
1460 408 1652 479 ἐρήμῳ
1680 406 1846 477 ὕδωρ,

1972 420 2070 459 ὐηι
2101 422 2115 459 :
2148 405 2275 475 quia
2305 404 2492 460 scissa
2520 411 2647 459 sunt
2681 404 2737 459 i-n
2761 404 2980 461 deserto
3010 419 3186 476 aqua,
3220 413 3274 461 et
3305 413 3520 462 torren-

269 510 365 565 καὶ
394 508 608 579 φάραγξ
658 511 716 562 ἐν
761 509 831 577 γῇ
870 501 1075 574 διψώσῃ
1097 518 1110 532 ·
1140 501 1291 571 καὶὴ
1326 499 1550 571 ἄνυδρος
1584 498 1734 552 ἐσται
1764 500 1843 563 είς

268 601 387 673 ῑλη,
415 603 509 656 καὶ
546 603 625 665 είς
647 599 744 671 τὴν
770 596 1008 667 διψῶσαν
1032 592 1137 663 γῆν
1169 592 1317 663 πηγὴ
1363 591 1569 644 ὑδάτων
1612 589 1782 647 ἐσται.
1818 609 1838 643 ι

283 694 407 750 Ἐπὶ
446 696 513 766 τῇ
545 692 650 766 -τοῦ
702 690 836 745 Θεοῦ
882 688 1150 760 παρουσίᾳ
1177 686 1276 750 τὰς
1309 684 1644 757 παραδόξους
1676 684 1845 748 ἰάσεις

273 762 513 840 ίσισθαιϋ
534 762 909 854 προαγορεύει.
936 777 1128 845 Σαφῶς
1173 771 1265 828 οὖν
1306 774 1399 826 καὶ.
1442 772 1626 826 ἐνθάδε
1654 774 1719 842 τῇ
1751 770 1845 823 τοῦ

272 877 410 934 Θεοῦ
444 874 785 949 προσηγορίᾳ
825 874 852 925 ὀ
884 870 1116 942 Χριστὸς
1152 867 1243 921 τοῦ
1279 866 1412 920 Θεοῦ
1439 866 1752 937 τετίμηταιο
1786 860 1847 919 οὗ

274 971 370 1026 ἐπὶ
393 972 457 1040 τῇ
489 966 759 1038 παρουσίᾳ
785 964 878 1018 καὶ⁵
903 960 1228 1032 σωματικῶς
1254 959 1351 1029 μὲν
1380 958 1435 1011 αἱ
1459 958 1847 1029 προειρημέναι

275 1064 561 1137 θεραπεῖαι
591 1056 814 1112 ἐπὶτῶν
846 1053 1161 1125 πασχόντων
1188 1047 1650 1117 ἀπετελέσθησαν,
1673 1048 1734 1117 (Γ.
1758 1048 1848 1119 51)

274 1153 720 1226 θαυμασιώτερον
748 1151 791 1203 δ’
814 1148 892 1201 ἐτι
924 1147 1018 1201 καὶ
1050 1144 1145 1198 νῦν
1176 1140 1522 1213 ἐνεργοῦνται
1543 1141 1629 1194 διὰ
1650 1141 1748 1211 τῆς
1771 1142 1853 1204 εἰς

274 1246 444 1301 αὑτὸν
493 1244 744 1305 πίστεως,
774 1238 974 1302 παντὸς
1027 1232 1358 1299 ἁπαξαπλῶς
1385 1232 1479 1285 τοῦ
1509 1232 1615 1285 τῶν
1646 1230 1853 1303 ἀνθρώο

276 1356 397 1392 πων
418 1337 606 1405 γένους
634 1333 735 1387 τῶν
764 1331 903 1385 κατά
930 1329 1105 1400 ψυχὴν
1137 1327 1326 1381 παθῶν
1360 1324 1849 1394 ἁπαλλαττομένου.

289 1431 530 1503 Ἐῥράγη
558 1428 612 1480 δὲ
640 1428 696 1478 ἐν
710 1428 776 1495 τῇ
812 1423 1001 1494 ἐρήμῳ
1019 1420 1162 1491 ’ὕδωρ
1197 1419 1363 1489 ἐπίξτῇ
1394 1414 1626 1489 Χριστοῦ
1652 1433 1855 1486 παρου‹

282 1521 372 1593 σία
397 1521 493 1573 καὶ
534 1516 749 1589 φάραγξ
782 1517 837 1567 ἐν
886 1516 954 1584 γῇ
998 1510 1227 1582 διψώσῃ,
1257 1509 1350 1563 τοῦ
1379 1509 1605 1579 ποτίμου
1632 1508 1726 1561 καὶ
1750 1507 1855 1573 ζω-

280 1611 433 1666 τικοῦ
478 1611 640 1678 λόγου
685 1604 1085 1674 ἀναϐλύσαντος
1135 1604 1193 1655 ἐν
1240 1605 1304 1672 τῇ
1337 1601 1503 1654 πάλαι
1536 1600 1727 1673 ἐρήμῳ
1759 1600 1853 1654 καὶ

1944 503 2028 548 tes
2056 493 2111 547 in
2144 493 2456 549 solitudine.
2501 491 2567 546 Et
2613 509 2735 563 qua
2782 501 2899 549 erat
2944 492 3095 548 arida
3148 494 3252 547 erit
3296 495 3349 548 in
3408 502 3523 551 sta-

1944 599 2132 656 gnum,
2168 591 2221 638 et
2253 584 2447 639 sitiens
2494 584 2548 637 in
2601 582 2781 639 fontes
2809 600 3073 653 aquarum
3102 586 3139 639 '.
3183 605 3201 635 ι
3242 583 3334 639 Dei
3383 600 3523 655 pra-

1947 677 2122 732 sentia
2178 676 2532 732 admirabiles
2606 676 2721 733 fore
2774 679 3086 732 sanationes
3163 680 3539 771 pranuntiaL:

1946 766 2146 836 Aperte
2181 767 2347 837 igitur
2373 767 2462 821 hic
2498 782 2716 838 quoque
2759 766 2852 821 Dei
2887 767 3237 837 pradictione
3266 766 3535 833 Christus

1952 857 2046 914 Dei
2076 859 2422 931 gloriﬁcatus
2451 868 2555 916 cst.
2578 861 2749 928 Cujus
2776 862 3062 931 prasenlia
3090 871 3142 915 et
3167 863 3525 931 corporaliter

1949 953 2165 1023 quidem
2193 953 2461 1023 pradicta
2483 955 2796 1009 sanationes
2828 955 2881 1008 in
2912 954 3284 1010 laborantibus
3333 956 3526 1024 imple-

1951 1054 2018 1099 ta
2040 1053 2190 1108 sunt,
2227 1047 2536 1102 mirabilius
2573 1062 2701 1101 vero
2732 1062 2877 1101 nunc
2907 1047 3089 1101 adhuc
3113 1058 3438 1103 exercentur
3468 1047 3524 1102 in

1952 1152 2075 1192 eum
2107 1138 2231 1202 (ide,
2259 1140 2405 1194 omni
2436 1140 2716 1194 hominum
2744 1156 2941 1211 genere
2962 1142 3175 1195 cunctis
3200 1142 3393 1196 anima
3416 1155 3528 1195 ma-

1942 1232 2025 1308 lis
2055 1231 2280 1299 penitus
2307 1231 2580 1284 exsoluto.
2620 1229 2819 1286 Scissa
2862 1239 2990 1286 sunt
3021 1232 3075 1284 in
3117 1232 3529 1301 deserto'aqtta

1954 1318 2161 1375 Christi
2200 1322 2508 1388 praesentia.
2552 1328 2606 1375 et
2660 1330 2930 1376 torrentes
2983 1324 3038 1375 in
3095 1332 3239 1376 terra
3286 1324 3526 1388 sitiente,
3573 1384 3579 1391 ,

1957 1413 2189 1467 salutari
2244 1422 2299 1466 et
2350 1413 2663 1469 viviﬁcante
2695 1416 2862 1470 verbo
2891 1429 3206 1489 emergente
3253 1416 3305 1469 in
3347 1430 3529 1485 quon-

1957 1508 2081 1562 clam
2124 1506 2343 1561 deserta
2379 1515 2431 1561 et
2463 1507 2684 1562 sitiente
2713 1516 2880 1573 terra,
2907 1513 3148 1580 gentium
3191 1512 3396 1565 scilicet
3428 1508 3532 1562 Ec-

1959 1598 2147 1660 clésia,
2175 1598 2231 1651 in
2286 1613 2416 1667 qua,
2445 1614 2568 1652 cum
2607 1600 2738 1653 olim
2769 1601 2915 1656 sicca
2957 1610 3011 1655 et
3054 1601 3329 1657 sitibunda
3358 1607 3527 1664 esset,

281 1702 489 1773 διψώσῃ
536 1703 628 1772 γῇ,
662 1701 728 1769 τῇ
761 1697 819 1764 ἐξ
845 1694 1012 1748 ἐθνῶν
1058 1692 1371 1763 Ἐκκλησία,
1409 1693 1467 1746 ἐν
1594 1692 1856 1763 πρότερον

1972 1688 2250 1744 aﬂuenter
2274 1689 2402 1746 Iesu
2436 1692 2722 1746 verborum
2757 1692 2876 1748 fons
2916 1711 2934 1744 ι
2976 1709 3130 1764 aqua
3176 1694 3422 1749 salientis
3475 1694 3533 1749 in

282 1794 420 1865 οὔσῃ
451 1793 660 1863 ἀνύδρῳ
693 1791 786 1844 καὶ
814 1787 1041 1857 διψαλέα
1072 1785 1282 1855 ἀθρόως
1314 1785 1463 1856 πηγὴ
1488 1782 1583 1837 τοῦ
1611 1783 1720 1836 τῶν
1756 1784 1859 1854 Ἰη-

285 1885 379 1939 σοῦ
408 1884 577 1953 λόγων
608 1903 624 1931 ι
654 1882 844 1944 ὓδατος
879 1879 1080 1945 ζῶντος
1118 1876 1410 1948 ἁλλομένου
1453 1876 1530 1939 είς
1561 1875 1701 1948 ζωὴν
1731 1874 1858 1929 αίώα

285 1994 397 2034 νιον
428 1996 445 2028 ι
478 1974 837 2046 ἀνὼμϐρησεν
860 1989 873 2002 ο
903 1973 991 2041 ὑφ’
1021 1967 1089 2043 ἦς
1120 1970 1301 2039 πηγῆς
1330 1967 1656 2039 ποτιζομένῃ
1696 1968 1861 2039 ἀνθή-

285 2082 399 2121 σειν
424 2065 500 2129 ὼς
533 2063 715 2135 κρίνον
750 2062 967 2130 λέγεται
996 2062 1030 2131 ή
1057 2060 1188 2113 ποτέ
1230 2059 1325 2130 ἐρη
1337 2076 1453 2129 μος,
1480 2057 1862 2129 εὐφραίνεσθαι

283 2174 346 2211 τι
376 2156 471 2209 καὶ
499 2154 761 2225 ἀγαλλιᾷν
810 2153 1235 2224 προστάττεται·
1271 2150 1365 2204 και
1416 2151 1448 2221 ἡ
1493 2149 1641 2204 αἰτία
1674 2150 1730 2203 δὲ
1763 2150 1862 2220 τῆς
1909 2217 1921 2234 .

282 2246 622 2319 εὐφροσύνης
644 2245 738 2299 καὶ
765 2244 865 2314 τῆς
887 2243 1253 2313 ἀγαλλιάσεως
1275 2240 1858 2312 ἐπιλέγεται,ἐπείπερ,

283 2342 450 2411 φησὶν
488 2359 506 2390 ι
536 2338 690 2409 ἐδόθη
734 2338 870 2407 αὐτῇ
901 2339 933 2407 ή
968 2335 1094 2402 δόξα
1136 2333 1229 2388 τοῦ
1288 2332 1542 2394 Λιϐάνου,
1569 2352 1586 2383 ι
1617 2332 1861 2387 τουτέστι

282 2433 387 2502 τῆς
422 2429 799 2501 Ἰερουσαλήμ·
829 2428 959 2497 περὶ
986 2422 1053 2498 ἧς
1088 2428 1145 2478 ἐν
1174 2427 1293 2487 ταῖς
1320 2422 1621 2495 ἀνωτέραις
1647 2441 1862 2495 προφη-

285 2526 460 2587 τείαις
493 2523 727 2591 ἐλέγετο,
748 2521 822 2583 ὼς
848 2521 980 2584 ὅτι,ι
1005 2518 1113 2571 Καὶ
1142 2518 1171 2570 ό
1201 2516 1429 2579 Λίϐανος
1459 2517 1554 2569 σὺν
1578 2517 1691 2577 τοῖς
1724 2515 1862 2586 ὑψη-

285 2618 402 2680 λοῖς
436 2618 698 2669 πεσεῖται.
726 2632 744 2665 ι
797 2604 872 2666 Οὖ
905 2609 1215 2679 πεσόντοςή
1251 2608 1511 2679 πρότερον
1544 2608 1865 2677 ὑπάρχουσα

286 2712 350 2762 ἐν
381 2707 530 2778 αύτῷ
560 2706 685 2771 δόξα
727 2708 795 2777 τῇ
845 2701 940 2755 νῦν
986 2700 1443 2769 εύαγγελιζομένῃ
1473 2699 1685 2769 ἐρήμῳ,
1713 2715 1863 2751 τουτ-

286 2800 409 2856 έστι
457 2803 521 2872 τῇ
572 2798 631 2862 ἐξ
668 2796 835 2850 ἐθνῶν
870 2792 1183 2863 Ἐκκλησίᾳ,
1223 2790 1376 2862 ἐδόθη
1412 2792 1507 2844 σὺν
1539 2793 1605 2859 τῇ
1634 2793 1766 2862 τιμῇ
1798 2793 1865 2862 τῇ

289 2890 536 2963 προτέρᾳ¹
569 2888 661 2943 τοῦ
701 2886 992 2958 λεγομένου
1026 2883 1343 2954 Καρμήλου,
1372 2882 1529 2951 δῆλον
1570 2883 1614 2935 δ’
1649 2884 1731 2936 ὅτι
1772 2882 1866 2936 τοῦ

287 2980 560 3052 προτέρου
590 2978 739 3032 λαοῦ.
773 2978 958 3031 Ταῦτα
998 2974 1054 3028 δὲ
1090 2973 1276 3043 σαφῶς
1314 2972 1451 3043 μετά
1481 2972 1578 3043 τήν
1606 2972 1701 3025 τοῦ
1730 2975 1867 3047 Χρι-

1965 1782 2129 1835 vitam
2155 1790 2411 1837 aternam
2438 1787 2457 1816 '
2498 1805 2516 1836 ι
2545 1784 2793 1855 proﬂuet.
2826 1785 2946 1853 Quo
2982 1787 3128 1843 fonte
3173 1789 3414 1858 irrigata,
3436 1786 3536 1842 flo-

1966 1882 2147 1930 rescet
2170 1883 2229 1929 ut
2253 1875 2449 1939 lilium,
2487 1879 2639 1948 prius
2670 1879 2882 1935 deserta
2905 1889 3072 1943 terra,
3106 1881 3335 1951 ideoque
3364 1882 3537 1936 latari

1965 1973 2020 2019 et
2037 1967 2314 2021 exsultare
2338 1966 2581 2035 jubetur.
2610 1968 2789 2025 Causa
2823 1988 2950 2026 vero
2983 1974 3184 2027 latitia
3208 1981 3259 2027 et
3289 1975 3539 2029 exsulta-

1966 2055 2131 2109 tionis
2163 2056 2476 2125 subjicitur,
2512 2061 2794 2129 quoniam,
2830 2063 2927 2127 ait,
2953 2081 2970 2112 ι
2999 2064 3126 2117 data
3166 2070 3248 2118 est
3286 2065 3335 2119 ei
3367 2065 3539 2135 gloria

1967 2144 2181 2210 Libani,
2218 2167 2238 2198 ι
2273 2148 2324 2202 id
2358 2157 2443 2205 est
2470 2149 2809 2219 Jerusalem;
2844 2154 2910 2207 de
2941 2170 3046 2223 qua
3078 2155 3131 2209 in
3162 2156 3540 2225 superioribus

1968 2240 2269 2309 pr0pbetiis
2299 2240 2506 2295 dictum
2563 2252 2669 2306 est,
2713 2264 2731 2294 ‹
2768 2246 2834 2300 Et
2871 2245 3111 2301 Libanus
3140 2262 3263 2299 cum
3306 2249 3540 2304 excelsis

1969 2330 2146 2385 cadet.
2190 2350 2208 2381 ι
2247 2331 2367 2397 Quo
2400 2333 2684 2390 decidente
2733 2352 2854 2406 qua
2905 2338 3056 2406 prius
3104 2338 3153 2392 ei
3205 2346 3322 2391 erat
3364 2340 3540 2407 gloria

1967 2434 2114 2473 nunc
2147 2425 2533 2492 evangelizata
2572 2426 2877 2489 solitudini,
2912 2430 3151 2498 gentium
3199 2429 3409 2483 scilicet
3439 2428 3541 2485 Ec-

1968 2515 2184 2580 clesia,
2232 2517 2358 2572 data
2414 2528 2498 2575 est
2554 2536 2675 2575 cum
2729 2524 2963 2592 pristino
3026 2525 3257 2579 Carmeli
3317 2525 3537 2589 decore,

1969 2607 2189 2677 prioris,
2223 2617 2283 2663 ut
2316 2611 2502 2680 liquet,
2538 2614 2744 2682 populi.
2777 2613 2902 2670 Hac
2954 2624 3133 2671 autem
3185 2625 3369 2685 aperte
3418 2626 3544 2687 post

1973 2700 2180 2758 Christi
2207 2704 2498 2760 adventum
2531 2708 2707 2778 reipsa
2733 2712 2938 2763 exitum
2968 2709 3210 2765 habuere
3237 2725 3546 2783 congruen-

1973 2803 2080 2848 tem
2116 2810 2240 2849 cum
2277 2805 2543 2866 prasente
2573 2801 2878 2870 prophetia,
2922 2816 3043 2870 qua
3082 2802 3258 2871 ipsius
3294 2800 3547 2856 Salvato-

1972 2886 2050 2940 ris
2082 2901 2216 2942 voce
2245 2889 2379 2943 dicit
2413 2908 2426 2944 :
2466 2908 2483 2940 ι
2525 2889 2843 2945 Elevabitur
2876 2907 3103 2962 regnum
3139 2891 3256 2958 Dei,
3290 2902 3344 2947 et
3391 2891 3547 2947 dabi-

1973 2985 2065 3032 tur
2091 2980 2237 3049 genti
2270 2980 2492 3037 facienti
2524 2982 2738 3038 fructus
2762 2984 2882 3053 ejus
2912 2984 2952 3039 ³.
2995 3004 3012 3036 ι

291 3077 425 3132 σιτοῦ
470 3075 768 3149 παρουσίαν
815 3072 994 3144 ἔργοις
1020 3068 1171 3134 τέλος
1206 3067 1425 3139 εἴληφεν
1454 3067 1761 3132 ἀκολούθως
1792 3071 1857 3140 τῇ
1897 3087 1957 3123 τε
2005 3072 2144 3142 μετὰ
2183 3077 2370 3146 χεῖρας
2417 3077 2752 3150 προφητείᾳ,
2802 3078 2896 3131 καὶ
2938 3080 3004 3150 τῇ
3065 3077 3346 3151 φασκούσῃ
3384 3077 3549 3133 αὑτοῦ

286 3170 390 3225 τοῦ
417 3171 667 3240 Σωτῆρος
694 3166 848 3239 ἡμῶν
878 3167 1051 3236 φωνῇ,
1076 3164 1152 3228 ὡς
1208 3163 1315 3233 ἀρα
1347 3180 1365 3213 ι
1410 3161 1731 3232 Ἀρθήσεται
1761 3165 1794 3234 ή
1825 3163 2071 3233 βασιλεία
2102 3168 2196 3222 τοῦ
2240 3169 2397 3236 Θεοῦ,
2456 3173 2551 3225 καὶ
2597 3172 2884 3244 δοθήσεται
2926 3172 3067 3227 ἐθνει
3130 3173 3371 3227 ποιοῦντι
3423 3174 3550 3236 τοὺς

170 3302 189 3323 ο
285 3266 543 3336 καρποὺς
574 3262 760 3332 αὐτῆς.
797 3281 816 3315 ›

816 3375 1210 3430 ΚΕΦΑΛΛΙΟΝ
1243 3377 1340 3430 ῙΖ’.

379 3494 397 3526 r
414 3475 570 3546 Φωνὴ
595 3474 821 3544 βοῶντος
843 3477 899 3528 ἐν
919 3476 984 3545 τῇ
1010 3475 1199 3545 ἐρήμῳ
1214 3489 1227 3502 ·
1262 3470 1615 3542 Ἑτοιμάσατε
1636 3469 1736 3541 τὴν
1756 3471 1874 3524 ὁδον

292 3569 545 3640 Κυρίου⁹
582 3566 796 3631 εὐθείας
841 3570 1043 3620 ποιεῖτε
1076 3565 1175 3629 τὰς
1217 3564 1435 3636 τρίϐους
1480 3562 1681 3617 αὐτοῦ·
1726 3564 1877 3617 πᾶσα

292 3663 523 3737 φάραγξ
554 3664 990 3736 πληρωθήσεται,
1019 3663 1112 3715 καὶ
1147 3662 1253 3714 πᾶν
1280 3660 1405 3733 δρος
1441 3660 1533 3712 καὶ
1567 3659 1753 3729 βουνὸς
1784 3674 1881 3712 τα-

291 3755 701 3826 πεινωθήσεται
722 3772 734 3784 ’
753 3755 845 3807 καὶ
869 3754 1019 3807 ἕσται
1051 3752 1226 3805 πάντα
1246 3750 1316 3804 τά
1347 3750 1531 3804 σκολιά
1559 3752 1639 3814 εἰς
1667 3749 1880 3803 εὐθεῖαν

293 3845 397 3900 καὶ
427 3847 461 3917 ἡ
495 3848 720 3917 τραχεῖα
753 3847 833 3909 είς
857 3844 1042 3898 πεδία·
1078 3844 1171 3897 καὶ
1202 3842 1496 3914 ὀφθήσεται
1547 3844 1579 3914 ἠ
1623 3841 1748 3909 δόξα
1773 3843 1883 3894 Κυ-

297 3936 445 4007 ρίου,
475 3937 569 3989 καὶ
611 3936 799 4005 ὄψεται
846 3937 995 3990 πᾶσα
1028 3934 1162 4006 σάρξ
1190 3935 1250 3989 τὸ
1284 3934 1566 4006 Σωτήριον
1594 3932 1688 3987 τοῦ
1722 3932 1881 3997 Θεοῦ,

295 4028 387 4079 ὅτι
422 4024 626 4096 Κύριος
668 4024 944 4096 ἐλάλησεν.
975 4026 1071 4077 »Ὀ
1118 4022 1210 4077 τοῦ
1255 4022 1506 4092 Σωτῆρος
1558 4020 1714 4092 ἡμῶν
1747 4022 1882 4093 πρό-

296 4116 506 4189 δρομος
545 4114 790 4185 Ἰωάννης
831 4117 943 4178 τοῖς
985 4112 1337 4186 ἐπερωτῶσιν
1386 4110 1546 4163 αὑτὸν
1580 4111 1730 4174 ὅστις
1770 4110 1879 4182 εἴη,

286 4205 505 4277 ’φησίνο
546 4224 563 4257 ι
588 4204 727 4274 Ἐγὼ
752 4204 901 4276 φωνὴ
931 4203 1159 4275 βοῶντος
1185 4205 1242 4256 ἐν
1269 4205 1332 4273 τῇ
1369 4203 1580 4274 ἐρήμῳ,
1612 4221 1630 4253 ι
1675 4202 1767 4255 καὶ
1817 4201 1888 4254 τὰ

300 4297 458 4368 ἑξῆς.
492 4295 694 4351 Τούτου
740 4296 804 4368 δὴ
850 4292 943 4349 οὖν
984 4295 1140 4367 χάριν
1178 4292 1471 4363 ἐξεθέμεθα
1501 4292 1559 4345 τὸ
1592 4291 1886 4361 κεφάλαιον

302 4393 367 4442 ἐν
394 4391 511 4453 τοῖς
535 4388 662 4459 περὶ
690 4385 929 4458 Χριστοῦ
960 4384 1302 4457 μαρτυρίοις,
1332 4382 1596 4454 σύμϐολον
1628 4378 1765 4435 εῖναι
1797 4399 1887 4435 νο-

306 4479 564 4551 μίζοντες
617 4478 866 4550 Ἰωάννην
931 4476 1023 4530 τοῦ
1077 4473 1431 4529 ἀποστολικοῦ
1493 4473 1884 4545 κηρύγματοςο

303 4572 533 4641 τοιαύτη
561 4572 668 4644 γάρ
708 4571 789 4624 τοί
829 4573 976 4626 ἐστιν
1006 4573 1040 4643 ή
1075 4571 1131 4623 ἐν
1154 4571 1221 4640 τῇ
1266 4568 1460 4641 ἐρήμῳ
1495 4567 1673 4638 βοῶσα
1715 4567 1887 4638 φωνὴ,

303 4666 525 4737 ἄσημός
560 4681 643 4727 τις
669 4658 823 4728 οὖσα,
845 4664 939 4717 καὶ
965 4660 1333 4733 ἀδιάρθρωτος
1363 4661 1475 4722 τοῖς
1499 4659 1625 4730 ἄρτι
1658 4674 1888 4729 στοιχειο

2536 3380 2768 3437 CAPUT
2807 3383 2973 3438 XVII.

2051 3492 2069 3526 ι
2106 3472 2222 3529 Vox
2254 3473 2541 3529 clamantis
2581 3476 2635 3528 in
2671 3475 2891 3529 deserto
2926 3495 2938 3529 :
2972 3474 3172 3531 Parate
3198 3478 3342 3531 viam
3370 3477 3555 3535 Domi-

1977 3563 2108 3618 mini
2135 3581 2150 3632 ;
2179 3572 2357 3621 rectas
2400 3564 2565 3619 facite
2593 3566 2819 3622 semitas
2848 3565 2989 3637 ejus.
3036 3566 3229 3622 Omnis
3267 3571 3426 3625 vallis
3452 3571 3554 3626 im-

1978 3656 2236 3726 plebitur,
2262 3668 2315 3714 et
2347 3659 2527 3714 omnis
2558 3673 2717 3714 mons
2747 3667 2801 3713 et
2845 3660 3002 3715 collis
3035 3660 3418 3716 humiliabitur
3455 3682 3468 3717 :
3500 3671 3554 3719 et

1980 3757 2140 3803 erunt
2171 3765 2336 3820 prava
2369 3751 2424 3805 in
2458 3759 2660 3806 rectam
2686 3762 2738 3807 et
2765 3768 2959 3823 aspera
2985 3753 3038 3806 in
3085 3754 3200 3808 vias
3230 3753 3421 3822 planas
3455 3773 3467 3809 :
3498 3761 3554 3809 et

1979 3841 2253 3897 videbitur
2291 3843 2463 3914 gloria
2492 3843 2724 3900 Domini.
2768 3844 2830 3898 Et
2856 3846 3057 3900 videbit
3092 3848 3270 3901 omnis
3301 3861 3429 3901 caro
3453 3845 3555 3901 Sa-

1983 3933 2156 3987 lutare
2187 3932 2301 3997 Dei,
2340 3935 2596 4004 quoniam
2646 3934 2910 3992 Dominus
2951 3936 3168 3990 locutus
3198 3937 3342 3991 est‘.
3384 3958 3403 3989 ι
3441 3936 3556 3991 Sal-

1982 4027 2189 4081 vatoris
2229 4029 2402 4082 nostri
2452 4043 2759 4098 praeursor
2813 4029 3051 4086 Joannes
3092 4031 3554 4100 interrogantibus

1985 4131 2107 4171 eum
2131 4117 2254 4187 quis
2289 4126 2455 4186 esset,
2486 4121 2560 4173 ait
2586 4139 2598 4174 :
2637 4139 2654 4172 ι
2685 4119 2791 4190 Ego
2827 4135 2927 4174 vox
2962 4122 3252 4175 clamantis
3282 4122 3333 4175 in
3364 4122 3556 4177 deser-

1986 4219 2063 4270 to,
2097 4227 2115 4260 ι
2157 4217 2208 4263 et
2250 4224 2371 4279 qua
2416 4219 2740 4279 sequuntur.
2776 4209 2950 4280 Hujus
2978 4225 3107 4266 vero
3142 4212 3312 4282 gratia
3358 4213 3556 4282 praci-

1987 4315 2151 4369 puum
2184 4300 2470 4355 retulimus
2504 4300 2559 4355 in
2590 4301 2918 4356 testimoniis
2944 4300 3011 4356 de
3053 4300 3296 4366 Christo,
3337 4303 3558 4373 symboo

1990 4390 2099 4443 lum
2135 4406 2260 4446 esse
2291 4400 2602 4462 reputantes
2623 4392 2886 4448 Joannem
2931 4396 3243 4466 apostolicae
3297 4398 3553 4468 pradicao

1990 4483 2174 4539 tionis.
2210 4483 2359 4538 Talis
2383 4484 2529 4538 enim
2552 4492 2637 4539 est
2666 4484 2721 4538 in
2753 4484 2972 4539 deserto
3001 4486 3246 4541 clamans
3266 4487 3559 4559 vox,igno-

1989 4578 2117 4635 bilis
2159 4578 2379 4649 quidem
2410 4584 2465 4632 et
2511 4577 2860 4632 inarticulata
2903 4578 3011 4634 illis
3051 4580 3144 4649 qui
3188 4580 3367 4635 adhuc
3394 4582 3560 4637 rudes

1990 4681 2165 4731 erant.
2200 4670 2258 4725 In
2289 4678 2436 4725 terra
2484 4670 2612 4725 olim
2662 4671 2899 4736 deserta,
2935 4676 3174 4745 gentium
3205 4675 3457 4729 videlicet
3502 4675 3560 4729 in

302 4756 594 4829 ουμένοιςο
632 4758 690 4811 ἐν
732 4759 799 4828 τῇ
850 4754 1016 4810 πάλαι
1047 4754 1104 4808 δὲ
1136 4754 1350 4824 ἐρήμῳ,
1378 4753 1445 4822 τῇ
1475 4750 1535 4815 ἐξ
1562 4748 1730 4805 ἐθνῶν
1766 4749 1869 4803 Ἐκι

1994 4764 2261 4829 Ecclesia,
2286 4764 2411 4819 talis
2438 4778 2543 4819 vox
2571 4762 2713 4816 edita
2740 4744 3182 4835 pararejubebat
3211 4766 3350 4819 viam
3381 4763 3558 4818 Domi-

308 4849 534 4921 πλησία,
570 4849 604 4919 ή
632 4847 852 4918 τοιαύτη
881 4845 1145 4918 γενομένη
1185 4846 1335 4917 φωνὴ
1378 4844 1685 4916 ἑτοιμάζειν
1707 4861 1887 4917 παρα-

309 4938 597 4993 κελεύεται
639 4939 737 5011 τὴν
781 4937 897 4993 ὁδὸν
943 4935 1171 5009 Κυρίου,
1205 4937 1300 4989 καὶ
1339 4935 1408 4989 τὰ
1428 4934 1763 5008 ἐξῆς·,ἆπερ
1796 4937 1888 4990 ἐπὶ⁵

312 5032 514 5105 σχολῆς
546 5025 591 5100 ᾧ
621 5031 770 5103 μέλει
804 5031 904 5103 τῆς
964 5029 1168 5084 τούτων
1195 5028 1446 5098 γνώσεως
1476 5028 1775 5101 ἐρευνήσας
1804 5028 1882 5082 ετ-

314 5142 492 5181 σεται.

842 5238 1235 5294 ΚΕΦΛΛΑΙΟΝ
1265 5238 1373 5293 IH'.

402 5352 419 5385 ι
441 5333 557 5386 Ἐπ’
590 5332 713 5404 δρος
777 5331 975 5403 ὑψηλὸν
1037 5329 1286 5401 ἀνάϐηθι,
1336 5330 1365 5382 ό
1413 5326 1893 5399 εὐαγγελιζόμενος

317 5425 480 5491 Σιὼν,
501 5425 715 5496 ὕψωσον
744 5428 812 5497 τῇ
850 5424 991 5496 ἰσχύι
1015 5424 1113 5497 τὴν
1141 5424 1325 5496 φωνήν
1362 5424 1520 5488 σου,ό
1547 5419 1894 5491 εὐαγγελιζό-

322 5533 484 5586 μενος
521 5514 900 5586 Ἰερουσαλήμ’
956 5512 1228 5583 ὑψώσατε,
1276 5512 1349 5584 μὴ
1397 5510 1681 5583 φοϐεῖσθε·
1741 5505 1893 5564 εἷπον

322 5610 444 5670 ταῖς
479 5605 697 5660 πόλεσιν
729 5605 927 5659 Ἰούδα·
970 5604 1099 5658 Ἰδοὺ
1132 5605 1161 5657 ὁ
1191 5603 1324 5668 Θεὸς
1349 5604 1378 5657 ὑ
1389 5603 1525 5675 μῶν,
1559 5601 1764 5675 Κύριος
1783 5601 1896 5655 Κύ-

1994 4860 2071 4924 ni,
2128 4867 2183 4915 et
2227 4859 2432 4929 reliqua
2488 4876 2501 4911 :
2557 4857 2702 4929 quod
2757 4856 2919 4928 hujus
2976 4858 3220 4913 scientia
3277 4856 3563 4912 studiosus

1992 4953 2169 5007 otiose
2198 4959 2452 5007 scrutans
2472 4951 2796 5020 comperiet.

2556 5225 2784 5283 CAPUT
2817 5224 3004 5281 XVIII.

2079 5342 2097 5375 ι
2134 5321 2309 5395 Super
2340 5330 2580 5378 montem
2615 5321 2891 5378 excelsum
2925 5317 3160 5374 ascende
3190 5324 3271 5380 tu,
3297 5316 3388 5388 qui
3404 5330 3577 5373 evam

1998 5416 2201 5489 gelizas
2239 5415 2417 5471 Sion:
2458 5415 2637 5472 exalta
2670 5414 2727 5468 in
2776 5411 3099 5467 fortitudine
3154 5424 3343 5465 vocem
3391 5419 3564 5473 tuam,

1996 5508 2091 5580 qui
2139 5507 2481 5576 evangelizas
2524 5504 2875 5561 Jerusalem:
2919 5504 3123 5567 exalta,
3182 5502 3291 5557 noli
3347 5500 3565 5558 timere.

1999 5600 2121 5655 Dixi
2150 5599 2464 5656 civitatibus
2492 5597 2630 5653 Juda
2660 5617 2672 5652 :
2714 5596 2852 5653 Ecce
2881 5595 3024 5652 Deus
3050 5605 3233 5653 vester
3271 5616 3283 5649 :
3308 5611 3435 5652 ecce
3461 5594 3570 5649 Do-

414 5760 553 5819 ‘lsa.
588 5778 730 5817 xxxv
779 5761 883 5814 1-7.
960 5757 1155 5814 'Joan.
1187 5774 1260 5824 tv,
1290 5758 1379 5813 Η.
1456 5758 1477 5790 ³
1507 5757 1692 5813 Matth.
1739 5774 1852 5823 xxi,

1972 5801 1977 5813 .
2056 5757 2076 5788 ⁸
2094 5756 2196 5813 lsa.
2242 5772 2326 5822 ιι,
2352 5757 2460 5812 35.
