4008 6208
634 295 765 354 1225
1337 299 1604 354 EUSEBII
1638 296 2120 357 CASSARIENSIS
2147 297 2301 360 OPP.
2323 297 2505 359 PARS
2536 301 2625 361 111.
2647 337 2718 347 -
2745 303 3150 364 EXEGETICA.
3663 322 3760 380 [29,;

638 417 816 471 minus
871 416 1016 472 Deus
1065 418 1120 471 in
1183 415 1504 475 fortitudine
1562 421 1760 484 veniet,
1823 428 1877 475 et
1923 420 2204 474 brachium

2188 435 2204 473 ι
2235 422 2280 478 Α
2309 437 2421 492 ριος
2457 421 2595 492 μετὰ
2628 420 2806 493 ίσχύος
2842 422 3055 496 ἔρχεται
3075 442 3087 454 ·
3119 423 3215 476 καὶ
3245 427 3275 477 6
3305 424 3524 496 βραχίων
3551 431 3680 486 αὐτοῦ
3699 454 3771 504 με.

627 509 754 578 ejus
803 508 1176 563 dominabitur
1214 529 1226 564 :
1270 526 1398 566 ecce
1435 525 1644 566 merces
1681 513 1800 580 ejus
1847 527 1969 566 cum
2023 527 2107 574 eo,
2147 519 2200 566 et

2192 521 2200 564 ἱ
2299 513 2368 565 τὰ
2401 513 2620 584 κυρίαςο
2649 514 2757 568 ίδοὺ
2807 517 2835 568 6
2877 515 3061 585 μισθὸς
3093 514 3260 568 αὑτοῦ
3305 519 3414 587 μετ’
3446 519 3613 573 αὐτοῦ·
3638 525 3711 578 καὶ
3731 528 3775 581 ἰδ

629 615 766 669 opus
799 600 944 654 illius
1000 615 1183 654 coram
1209 601 1321 655 illo.
1358 601 1511 657 Sicut
1551 614 1735 674 pastor
1770 619 1982 674 gregem
2039 618 2197 658 suum

2194 625 2197 655 ι
2300 603 2458 672 ἔργον
2504 603 2742 658 ἐναντίον
2791 605 2954 659 αὐτοῦ
2975 623 2988 635 ·
3019 607 3094 669 ὡς
3123 607 3326 677 ποιμὴν
3370 615 3592 681 ποιμανεῖ
3621 615 3670 669 τδ
3689 619 3777 673 ποί-

635 699 849 760 pascet:
885 693 940 746 in
1001 693 1226 746 brachio
1259 710 1360 749 suo
1404 695 1756 765 congregabit
1795 709 1984 763 agnos,
2045 699 2098 745 et
2143 693 2197 747 in

2192 713 2197 746 ι
2302 709 2452 763 μνιον
2484 693 2670 758 αὐτοῦ,
2695 694 2891 764 καὶτῷ
2924 694 3167 766 βραχίονι
3210 695 3370 748 αὑτοῦ
3411 700 3598 763 συνάξει
3636 705 3775 774 ἄρνας,

635 783 752 838 sinu
780 800 881 838 suo
915 786 1140 846 levabit,
1173 785 1312 841 fetas
1341 788 1459 858 ipse
1501 788 1739 857 portabit
1762 788 1802 839 ¹.
1847 805 1865 837 ι
1911 785 2035 840 llaec
2061 800 2199 856 quo-

2194 816 2199 826 ›
2299 785 2388 838 καὶ
2412 786 2468 838 ἐν
2505 787 2702 858 γαστρὶ
2726 786 2949 855 ἐχούσας
2984 786 3366 858 παρακαλέσει.
3400 805 3417 839 ι
3448 791 3543 843 Καὶ
3567 793 3704 847 ταῦτα
3725 815 3777 850 νο-

635 891 734 946 que
773 878 1156 932 existimamus
1203 879 1270 934 de
1321 878 1483 934 Verbi
1531 879 1625 934 Dei
1683 879 1919 933 adventu
1973 879 2102 942 dici,
2144 886 2198 933 et

2195 917 2198 927 .
2299 877 2526 950 μίζομεν
2555 880 2681 951 περὶ
2713 880 2811 951 τῆς
2835 879 2928 932 τοῦ
2968 880 3137 950 Λόγου
3170 881 3264 934 τοῦ
3301 881 3428 934 Θεοῦ
3454 886 3703 952 παρουσίας
3722 886 3778 939 λέ-

631 969 928 1034 ριαξεειιίιιι
970 967 1038 1022 de
1081 969 1342 1030 secundo,
1380 970 1434 1022 in
1482 985 1590 1038 quo
1626 970 1770 1022 velut
1804 969 1988 1037 justus
2028 970 2195 1038 judex

2190 987 2195 1024 :
2295 971 2504 1040 γεσθαι,
2532 970 2625 1023 καὶ
2656 971 2798 1040 τάχα
2828 987 2890 1038 γε
2922 970 3117 1041 μᾶλλον
3149 969 3279 1042 περὶ
3308 970 3405 1040 τῆς
3431 971 3664 1044 δευτέρας,
3684 973 3773 1028 καθ’

631 1067 891 1110 venturus
926 1059 1336 1127 praplzetizatur
1383 1059 1684 1113 mercedem
1736 1059 1942 1114 habens
1991 1059 2194 1128 justam

2293 1061 2358 1132 ἢν
2387 1058 2473 1114 οἷα
2500 1061 2564 1132 δὴ
2595 1060 2797 1124 δίκαιος
2832 1059 3022 1130 κριτὴς
3050 1057 3202 1128 ἥξειν
3234 1060 3608 1130 προφητεύεται,
3624 1063 3698 1116 τὸν
3715 1082 3778 1132 μι-

629 1148 925 1218 unicuique
959 1151 1257 1203 secundum
1292 1167 1455 1221 opera
1483 1167 1601 1205 sua.
1637 1150 1866 1222 Reliqua
1898 1168 2026 1206 vero
2049 1167 2193 1206 nunc

2295 1147 2418 1201 σθδν
2445 1148 2581 1218 ἔχων
2610 1148 2715 1200 τῶν
2737 1150 2856 1200 κατ’
2885 1147 3040 1211 ἀξίαν
3073 1147 3291 1217 ἑκάστῳ
3325 1149 3343 1218 (
3360 1149 3396 1201 f.
3425 1149 3480 1202 51
3513 1153 3584 1216 ιθ)
3620 1169 3777 1224 πεπρα-

628 1255 896 1310 exponere
933 1256 1038 1293 non
1077 1249 1289 1310 tempus
1334 1249 1448 1306 est;
1479 1256 1650 1310 quare
1703 1243 1865 1295 aliam
1911 1241 2192 1313 aggrediad-

2292 1238 2506 1308 γμένων
2555 1239 2989 1310 ἀπονεμητικόν·
3040 1239 3109 1292 τά
3163 1238 3412 1310 μέντοιγε
3459 1239 3595 1295 λοιπὰ
3620 1244 3698 1297 οὐκ
3718 1247 3775 1297 ἐτι

627 1344 748 1382 mur
774 1330 1119 1399 particulam.

2290 1326 2385 1381 νῦν
2412 1327 2599 1400 καιρὸς
2631 1328 2850 1381 ἀπαιτεῖ
2889 1327 3195 1399 διηγεῖσθαι
3215 1345 3228 1358 ·
3254 1329 3373 1382 ὅθεν
3399 1332 3476 1398 ἐφ’
3500 1330 3654 1404 ἐτέραν
3679 1350 3774 1405 τρα-

2292 1418 2578 1489 πησόμεθα
2607 1420 2932 1490 περικοπὴν.

1197 1521 1426 1576 CAPUT
1461 1521 1605 1575 XIX.
2775 1532 2780 1584 ;

2775 1531 3174 1584 ΚΕΦΛΛΛῙΟΝ
3208 1532 3306 1586 ῐΘ⁹.

701 1630 721 1662 ι
769 1609 906 1678 Quis
968 1611 1252 1668 suscitavit
1303 1612 1371 1666 ab
1416 1609 1637 1665 Oriente
1682 1610 1914 1682 justum,
1972 1609 2190 1666 vocavit

2179 1616 2190 1663 ι
2365 1639 2385 1673 ι
2417 1617 2511 1684 Τίς
2534 1622 2811 1692 ἐξήγειρεν
2841 1622 2948 1677 ἀπὸ
2972 1623 3242 1694 ἀνατολῆς
3270 1624 3595 1694 δικαιοσύνην,
3623 1626 3762 1680 ἐνάλι-

626 1719 748 1757 eum
774 1712 1167 1773 utsequeretur
1197 1702 1287 1757 se?
1313 1701 1464 1755 dabit
1497 1705 1551 1756 in
1582 1710 1878 1774 conspectu
1910 1701 2031 1772 ejus
2058 1717 2189 1772 gen-

2185 1732 2189 1741 ’
2223 1780 2252 1787 _
2291 1729 2382 1765 σεν
2413 1713 2581 1784 αὐτὴν
2609 1713 2748 1765 κατά
2783 1713 2948 1777 πόδας
2968 1714 3158 1780 αὑτοῦ,
3186 1717 3280 1768 καὶ
3302 1715 3620 1787 πορεύσεται;
3643 1717 3768 1772 Δὼσει

626 1803 729 1860 tcs,
761 1803 815 1848 et
837 1810 988 1864 reges
1015 1795 1282 1848 obtinebit
1316 1812 1328 1847 :
1365 1794 1518 1847 dabit
1555 1796 1710 1864 quasi
1761 1795 2039 1864 pulverem
2074 1795 2189 1863 gla~

2188 1827 2189 1832 η
2219 1780 2260 1834 Β
2291 1780 2740 1867 ἐναντίον-ἐθνῶν,
2776 1806 2867 1858 καὶ
2900 1805 3137 1876 βασιλεῖς
3165 1780 3416 1880 ἐκστήσει
3435 1826 3446 1837 ·
3467 1811 3547 1863 καὶ
3569 1780 3694 1863 δώσει
3714 1813 3771 1874 είς

621 1888 712 1941 ilio
750 1887 891 1956 ejus,
929 1887 1073 1940 sicut
1103 1888 1360 1957 stipulam
1396 1895 1556 1943 vento
1587 1898 1797 1956 raptam
1851 1888 2000 1940 arcui
2044 1887 2183 1954 ejus.

2288 1885 2391 1964 γῆν
2412 1893 2508 1956 τάς
2535 1895 2805 1965 μαχαίρας
2827 1897 3023 1958 αὐτῶν,
3048 1900 3146 1952 καὶ
3166 1897 3298 1951 ὡσεὶ
3315 1899 3541 1971 φρύγανα
3558 1900 3769 1971 ὲξωσμένα

619 1975 984 2046 Persequetur
1010 1992 1127 2038 eos,
1160 1979 1418 2032 transibit
1451 1979 1507 2032 in
1536 1993 1688 2048 pace,
1725 1977 1918 2032 semita
1948 1977 2003 2031 in
2036 1975 2188 2047 pedi-

2186 2008 2188 2015 ·
2287 1982 2354 2034 τὰ
2380 1982 2508 2048 τόξα
2532 1983 2740 2036 αὐτῶν·
2778 1985 2870 2038 καὶ
2901 1986 3149 2050 amem.
3181 1988 3409 2053 αύτούς·
3444 1989 3710 2044 διελεύσεται
3728 1994 3769 2044 ἐν

619 2069 721 2124 bus
756 2070 877 2139 ejus
908 2085 1013 2123 non
1047 2071 1353 2140 apparebit.
1383 2070 1518 2136 Quis
1542 2071 1655 2124 haec
1701 2078 1962 2140 Operatus
1993 2076 2099 2130 est,
2133 2076 2187 2124 et

2186 2111 2187 2114 η
2287 2075 2476 2147 εἰρήνῃ
2506 2079 2538 2147 ἡ
2567 2076 2682 2139 ὁδὸς
2714 2077 2820 2129 τῶν
2846 2077 3018 2130 ποδῶν
3049 2076 3248 2132 αὑτοῦ·
3275 2082 3370 2152 οὐχ
3397 2080 3505 2151 ἥξει
3525 2099 3538 2112 ·
3563 2083 3633 2146 τίς
3654 2083 3769 2154 ἐνήρ-

618 2160 767 2223 fecit,
799 2175 1006 2215 vocans
1034 2163 1416 2232 generationes
1450 2164 1518 2216 ab
1553 2160 1815 2216 exordio?
1853 2160 1964 2231 Ego
1999 2159 2184 2214 Domi-

2286 2181 2422 2235 γησε
2469 2168 2562 2220 καὶ
2589 2167 2812 2239 ἐποίησε
2839 2167 3044 2233 ταῦτα;
3087 2169 3373 2224 Έκάλεσεν
3413 2172 3564 2244 αὐτὴν
3589 2174 3614 2225 6
3639 2172 3768 2225 χαλῶν

617 2269 742 2318 nus,
774 2255 984 2324 primus
1017 2264 1068 2308 et
1093 2255 1427 2309 novissimus
1451 2269 1553 2324 ego
1578 2269 1719 2308 sum.
1745 2251 2012 2308 Viderunt
2042 2253 2182 2308 insu-

2285 2257 2453 2328 αὐτὴν
2483 2257 2589 2312 ἀπὸ
2617 2257 2816 2326 γενεῶν
2841 2259 3033 2329 ἀρχῆς.
3067 2260 3211 2328 Ἐγὼ
3233 2261 3368 2326 Θεὸς
3394 2262 3602 2334 πρῶτος,
3623 2263 3695 2315 καὶ
3715 2264 3770 2326 είς

618 2345 681 2398 lc
717 2355 769 2399 et
803 2348 1122 2411 timuerunt,
1153 2352 1395 2400 extrema
1424 2352 1585 2398 terrae
1632 2346 2052 2414 obstupuerunt,
2084 2358 2185 2413 ap-

2285 2349 2351 2402 τὰ
2381 2349 2718 2420 ἐπερχόμενα
2753 2350 2862 2419 ἐγώ
2891 2353 3028 2421 εἰμι.
3055 2351 3286 2407 Εῑδοσαν
3323 2354 3442 2424 ἔθνη
3474 2352 3557 2408 καὶ
3573 2353 3769 2424 ἐφοὸήθη-

614 2439 1139 2506 propiuquaverunt,
1206 2442 1262 2490 et
1337 2445 1712 2490 accesserunt.
1798 2435 2183 2505 Unusquisque

2287 2457 2384 2495 σαν
2405 2458 2418 2472 '
2452 2441 2519 2495 τά
2545 2443 2687 2514 ἀκρα
2713 2440 2813 2512 τῆς
2850 2443 2953 2514 γῆς
2980 2444 3355 2517 ἐξεπλάγησαν
3371 2463 3385 2478 ο
3412 2447 3632 2516 ήγγισαν.
3652 2441 3767 2515 ἦλθον

615 2529 862 2597 proximo
915 2543 1016 2583 suo
1085 2528 1482 2588 ausiliabitur,
1535 2539 1592 2582 et
1624 2527 1780 2581 fratri
1831 2542 1932 2582 suo
1982 2527 2177 2580 (licet:

2285 2533 2398 2602 ἅμα
2419 2533 2616 2605 κρίνων
2635 2534 2862 2598 ἕκαστος
2895 2535 2970 2606 τῷ
2996 2537 3244 2607 πλησίον,
3268 2541 3358 2593 καὶ
3386 2539 3459 2610 τῷ
3478 2538 3654 2608 ἀδελῳῷ
3675 2538 3763 2608 βοη-

610 2617 953 2675 Confortare.
992 2618 1337 2674 Confortavit
1383 2619 1537 2673 faber
1582 2620 1810 2672 aerarius
1869 2615 2180 2686 percutiens

2282 2621 2443 2693 θῆσαι
2462 2641 2475 2655 ·
2494 2626 2585 2677 καὶ
2611 2627 2744 2696 ἐρεῖ,
2755 2627 2999 2697 ’Ῑσχυσεν
3025 2628 3166 2700 ἀνὴρ
3184 2631 3386 2683 τέκτων
3407 2647 3419 2660 ·
3443 2631 3530 2683 καὶ
3549 2631 3662 2701 ἀνὴρ
3677 2629 3763 2700 χαλ-

612 2709 807 2762 malleo
869 2724 1032 2770 eum,
1094 2711 1188 2778 qui
1249 2708 1484 2763 cudebat
1555 2716 1685 2761 tunc
1751 2708 2048 2775 temporis,
2092 2707 2173 2760 di-

2280 2716 2408 2778 κεὺς
2435 2715 2654 2770 τύπτων
2694 2719 2924 2790 σφύραν,
2944 2720 3057 2791 ἅμα
3101 2721 3340 2776 ἐλαύνων
3360 2738 3374 2752 ⁶
3405 2723 3524 2776 ποτὲ
3551 2723 3635 2793 μὲν
3658 2723 3761 2792 ἐρεῖ·

609 2813 740 2852 cens
763 2818 776 2851 :
801 2796 1025 2854 Glutino
1047 2799 1250 2852 bonum
1275 2811 1358 2854 est
1385 2817 1400 2860 ;
1435 2798 1838 2854 etconfortavit
1868 2813 1991 2852 eum
2009 2798 2178 2853 clavis

2280 2806 2498 2880 Σύμϐλη
2507 2826 2580 2878 μα
2609 2809 2768 2864 καλόν
2791 2813 2956 2875 ἐστιν,
2984 2811 3290 2883 ίσχύρωσαν
3312 2814 3445 2867 αύτά
3465 2816 3516 2870 ἐν
3542 2813 3678 2883 ἣλοις,
3695 2807 3763 2881 θὴς

610 2895 668 2940 ιιι
716 2902 825 2939 non
875 2895 1186 2940 moveretur
1208 2889 1248 2940 '.
1286 2906 1304 2939 ι
1348 2885 1567 2940 Justitia
1615 2886 1683 2940 ab
1735 2885 1952 2939 Oriente
1990 2896 2177 2940 exorta

2280 2915 2459 2952 σουσιν
2487 2900 2648 2966 αὐτὰ,
2700 2901 2794 2954 καὶ
2818 2903 2879 2954 οὐ
2926 2902 3297 2974 κινηθήσεται.
3326 2924 3346 2957 ι
3378 2903 3656 2972 Δικαιοσύνη
3684 2899 3760 2954 ἀπὸ

607 2993 855 3050 quernum
899 2987 1045 3034 esset
1079 2980 1378 3033 secundum
1416 2978 1669 3032 essentia:
1705 2977 2175 3047 circumscriptio—

2278 2990 2545 3046 ἀνατολῶν
2575 2991 2954 3066 ἐξεγειρομένη
2986 2995 3070 3059 τίς
3113 2995 3180 3049 ἂν
3213 2998 3298 3066 εἴη
3337 2996 3469 3050 κατά
3493 2994 3759 3067 περιγραφὴν

607 3086 731 3125 nem
765 3071 1038 3140 propriam
1081 3071 1443 3124 substantiam
1497 3069 1724 3133 habens,
1777 3068 1883 3123 nisi
1923 3067 2175 3123 Christus

2203 3108 2244 3166 ο
2275 3083 2481 3148 οὐσίας,
2525 3084 2658 3138 ίδίαν
2709 3085 3001 3140 ὑπόστασιν
3051 3085 3271 3158 ἔχουσα,
3317 3089 3348 3160 ἢ
3397 3091 3424 3142 6
3464 3086 3661 3160 Χριστὸς
3695 3082 3759 3136 τοῦ

609 3162 724 3228 Dei,
755 3163 822 3218 de
854 3177 964 3233 quo
991 3162 1123 3216 dicit
1153 3162 1446 3232 Apostolus
1473 3181 1486 3216 :
1516 3180 1533 3212 ι
1568 3161 1671 3227 Qui
1703 3160 1878 3216 factus
1905 3169 1988 3216 est
2020 3162 2176 3217 nobis

2174 3197 2176 3210 ι
2211 3160 2244 3166 ⁷
2277 3174 2432 3240 Θεοῦ,
2462 3193 2528 3230 πε
2538 3177 2590 3249 pi.
2610 3171 2670 3231 οῦ
2694 3195 2856 3249 φησιν
2877 3182 2904 3232 6
2928 3179 3276 3244 Ἀπόστολος·
3306 3200 3323 3232 ι
3341 3183 3433 3244 Ὃς
3453 3179 3646 3251 ἐγενήθη
3668 3179 3757 3247 lii-Liv

608 3255 876 3325 sapientia
912 3270 942 3308 ιι
973 3253 1105 3320 Deo,
1135 3262 1190 3307 et
1225 3253 1463 3323 justitia,
1499 3262 1553 3307 et
1586 3251 1972 3317 sanctificatio,
2003 3261 2055 3308 et
2086 3269 2176 3309 re-

2175 3284 2176 3293 ‘
2279 3269 2438 3337 σοφία
2463 3269 2568 3323 ἀπὸ
2595 3269 2750 3335 Θεοῦ,
2771 3269 3079 3344 δικαιοσύνη
3103 3290 3163 3325 τε
3182 3273 3565 3344 καὶηάγιασμὸς,
3582 3271 3758 3324 καὶάπο-

604 3349 844 3419 demptio
869 3349 928 3403 "l
957 3368 976 3401 ι
1009 3347 1166 3402 Hunc
1189 3355 1370 3402 autem
1403 3364 1432 3402 e
1462 3349 1641 3418 patrio
1661 3348 1811 3410 sinu,
1837 3362 1962 3401 cum
1992 3348 2177 3402 oriens

2170 3363 2177 3401 ι
2274 3355 2571 3428 λύτρωσις;
2611 3377 2628 3408 ι
2668 3357 2865 3413 Τοῦτον
2915 3360 2971 3414 δὲ
3023 3363 3086 3413 ἐκ
3129 3362 3243 3416 τῶν
3278 3361 3540 3433 πατρικῶν
3581 3361 3753 3418 κόλπων,

607 3440 681 3496 sit
719 3456 882 3496 omne
926 3441 1212 3511 spirituale
1249 3441 1453 3502 lumen,
1516 3442 1630 3494 sive
1691 3454 1786 3508 per
1841 3438 2174 3493 incarnatio-

2170 3468 2174 3477 ’
2275 3448 2473 3512 παντὸς
2503 3449 2692 3519 νοητοῦ
2723 3449 2898 3518 φωτὸς
2926 3452 3199 3506 ἀνατολῶν
3233 3455 3578 3526 ὑπαρχόντων,
3606 3454 3632 3521 ἡ
3657 3447 3753 3503 κατὰ

606 3546 728 3588 nem
777 3532 1056 3596 excitavit,
1103 3532 1464 3602 providentia,
1517 3533 1631 3588 sive
1682 3534 1797 3602 ipse
1845 3530 2027 3596 Pater;
2081 3530 2173 3600 qui

2169 3550 2173 3584 ι
2272 3537 2370 3609 τὴν
2397 3538 2799 3611 ἐνανθρώπησιν
2827 3540 3106 3613 ἐξήγειρεν
3124 3543 3419 3616 οἰκονομία,
3445 3543 3474 3613 ῆ
3497 3543 3578 3595 καὶ
3598 3539 3720 3598 αὑτδς
3733 3537 3752 3586 6

604 3623 752 3678 dedit
788 3637 911 3677 eum
959 3623 1016 3677 in
1061 3632 1358 3692 conspectu
1393 3621 1674 3691 gentium;
1725 3629 1784 3675 ut
1822 3620 2035 3691 pristini
2081 3635 2174 3674 eo-

2167 3649 2174 3660 -
2273 3629 2483 3700 Πατὴρ,
2523 3631 2550 3682 6
2587 3629 2711 3693 δοὺς
2739 3631 2902 3684 αὑτὸν
2931 3633 3170 3686 ἐναντίον
3203 3633 3307 3686 τῶν
3334 3632 3517 3686 ἐθνῶνο
3550 3630 3604 3685 ἶν’
3627 3631 3662 3681 ot
3683 3625 3750 3697 μὲν

604 3731 724 3770 rum
761 3730 916 3786 reges
945 3715 1268 3779 invisibiles,
1309 3721 1606 3784 potestates
1652 3714 1861 3768 scilicet
1900 3713 2173 3784 nequissi-

2166 3743 2173 3755 ι
2273 3716 2523 3789 πρότεροι
2542 3716 2775 3787 βασιλεῖς
2790 3719 2968 3774 αὐτῶν
2987 3721 3224 3794 ἀόρατοι,
3241 3717 3749 3793 δυνάμειςοὼαιπονη-

603 3824 728 3873 me,
760 3809 827 3862 ad
860 3808 1108 3862 miraculi
1143 3808 1451 3878 prodigium
1483 3806 1953 3877 obstupescerent,
1985 3805 2172 3861 viden‘

2165 3832 2172 3846 ι
2274 3809 2382 3878 ραὶ,
2401 3808 2680 3874 ἐξιστῶσιν
2697 3810 2804 3863 ἀπὸ
2819 3810 2912 3864 τοῦ
2930 3812 3232 3883 παραδόξου
3245 3813 3342 3883 τῆς
3353 3805 3748 3882 οἰκονομίας,όώ

601 3909 685 3954 tes
710 3902 871 3955 talem
908 3900 998 3954 Dei
1033 3899 1227 3953 Filium
1263 3915 1437 3969 neque
1467 3899 1695 3953 formam
1727 3913 1901 3968 neque
1929 3898 2170 3969 pulchri-

2162 3926 2170 3940 ι
2271 3917 2359 3953 σαι
2387 3900 2477 3954 τὸν
2505 3899 2819 3972 τηλικοῦτον
2833 3902 2960 3956 Υίὸν
2985 3903 3077 3956 τοῦ
3089 3904 3223 3958 Θεοῦ
3248 3906 3321 3977 μὴ
3340 3905 3514 3976 ἔχοντα
3528 3898 3638 3962 εἶδος
3651 3895 3745 3968 μηδὲ

601 3993 843 4048 tudinem
890 3993 1220 4059 habentem;
1251 4001 1416 4064 utque
1438 3999 1659 4062 stupore
1682 3991 1775 4046 illo
1800 3993 1853 4044 iu
1889 3991 2169 4061 pulverem

2161 4010 2169 4045 ι
2269 3988 2487 4054 κάλλος*
2508 3991 2601 4043 καὶ
2617 3991 2704 4044 ἴνα
2724 3992 2860 4062 μετὰ
2881 3991 3086 4046 τοιάνδε
3108 3992 3362 4046 ἔκστασιν
3383 3991 3581 4046 δοθῶσιν
3597 3990 3659 4048 είς
3674 3983 3744 4051 γῆν

601 4093 884 4139 vertantur
915 4099 1104 4140 eorum
1146 4085 1334 4156 gladii,
1375 4092 1429 4140 et
1458 4085 1600 4140 sicut
1643 4085 1856 4154 stipula:
1890 4091 2051 4138 Vento
2082 4099 2169 4138 ra-

2161 4112 2169 4124 -
2267 4082 2322 4133 αἱ
2346 4083 2607 4152 ρομφαῐαι
2631 4083 2829 4149 αὐτῶν,
2845 4085 2938 4138 καὶ
2955 4084 3029 4148 ὡς
3044 4083 3567 4156 φρύγαναέξωσμένα
3588 4078 3641 4131 τὰ
3653 4073 3744 4137 τόξι

603 4185 708 4246 pta:
747 4175 878 4230 fiant
929 4191 1092 4230 arcus
1120 4192 1332 4238 eorum,
1390 4191 1491 4230 nec
1526 4175 1638 4245 jam
1679 4175 1898 4229 hostilia
1944 4176 2053 4230 sint
2088 4174 2168 4229 eis

2267 4172 2464 4240 αὐτῶν,
2497 4175 2632 4246 πρὸς
2657 4175 2718 4229 τὸ
2747 4177 2820 4247 μὴ
2868 4177 3112 4246 κατέχειν
3146 4178 3344 4240 αὐτοὺς
3381 4175 3508 4229 ὅπλα
3542 4163 3763 4238 πολεμικά-

600 4283 772 4330 arma,
808 4269 1044 4338 ignitave
1073 4269 1202 4330 tela,
1231 4269 1431 4338 quibus
1458 4268 1588 4321 olim
1625 4267 1730 4322 sibi
1764 4268 2028 4321 obnoxias
2056 4267 2170 4320 ani-

2156 4295 2170 4306 -
2267 4267 2359 4320 καὶ
2399 4267 2767 4340 πεπυρωμένα
2811 4268 2961 4340 βέλη,
3006 4267 3071 4321 δι’
3102 4261 3177 4322 ὧν
3221 4268 3472 4341 πρότερον
3515 4256 3739 4317 κατεπολέ-

600 4377 717 4416 mas
765 4361 1123 4417 lacessebant.
1179 4359 1310 4416 Post
1352 4359 1467 4414 hare
1494 4359 1607 4423 ait,
1658 4378 1676 4411 ι
1710 4359 1774 4412 Et
1806 4366 2166 4429 persequetur

2156 4374 2166 4389 '
2270 4377 2403 4430 μουν
2449 4359 2547 4423 τὰς
2602 4359 2944 4432 ὑποχειρίους
2985 4361 3165 4425 αὐτοῖς
3211 4359 3404 4431 ψυχάς.
3447 4353 3576 4412 Μετὰ
3615 4345 3739 4402 ταῦτά

600 4467 713 4516 eos,
741 4472 760 4504 ι
796 4463 853 4506 ιιι
883 4453 1031 4506 omni
1071 4453 1300 4507 telorum
1333 4467 1532 4522 genere
1570 4452 1642 4505 ita
1685 4458 2006 4519 persecutus
2043 4466 2157 4515 eos,

2152 4492 2157 4512 ι
2193 4439 2236 4497 θ
2264 4467 2416 4521 φησι,
2457 4469 2476 4504 ι
2514 4452 2622 4505 Καὶ
2665 4450 2910 4516 διώξεται
2937 4453 3159 4516 αὐτούς·
3202 4473 3219 4502 ι
3269 4453 3332 4507 ἵν’
3358 4449 3532 4513 οὕτως,
3560 4442 3668 4499 κατὰ
3694 4435 3735 4488 τὸ

601 4543 856 4614 procedat
890 4544 943 4596 in
972 4559 1104 4613 pace
1131 4543 1273 4596 viam
1309 4543 1502 4614 pedum
1533 4558 1776 4599 suorum.
1829 4561 1847 4592 ι
1880 4541 2017 4608 Quis
2047 4542 2160 4597 hinc

2148 4558 2160 4597 :
2263 4541 2476 4596 πάντων
2519 4540 2667 4605 τέλος
2693 4541 3086 4613 ἐκδιωχθέντων
3111 4542 3308 4607 αὐτῶν,
3341 4540 3506 4611 διέλθῃ
3530 4539 3576 4588 ἐν
3597 4529 3731 4602 ιίρήνῦ

599 4643 854 4706 operatus
881 4644 965 4690 est
999 4643 1053 4690 et
1085 4633 1250 4689 fecit?
1276 4653 1293 4686 ι
1330 4635 1427 4691 ait.
1461 4634 1850 4689 Existimamus
1886 4634 2032 4703 quod
2061 4649 2160 4688 ex-

2142 4662 2160 4674 -
2258 4637 2292 4706 ή
2321 4633 2439 4698 ὁδὸς
2466 4633 2572 4687 τῶν
2602 4633 2774 4687 ποδῶν
2801 4633 2987 4688 αὐτοῦ.
3023 4653 3042 4686 ι
3082 4635 3176 4699 Τίς
3206 4635 3262 4689 δὲ
3317 4635 3577 4704 ἐνήργησε,
3620 4620 3725 4690 φησι,

599 4726 846 4782 cellentia
880 4733 935 4780 et
979 4724 1284 4796 benignitas
1323 4725 1564 4779 omnium
1615 4723 1708 4780 Dei
1737 4726 1985 4780 vocantis
2017 4739 2158 4791 eam,

2142 4766 2158 4791 ,
2258 4728 2350 4782 καὶ
2405 4726 2624 4797 ἐποίησε
2679 4725 2889 4791 causa;
2934 4745 2952 4778 ι
3017 4725 3491 4799 Προσυπακούομεν
3528 4719 3590 4778 δὲ,

599 4819 856 4885 justitiam
889 4817 1158 4883 videlicet,
1203 4833 1312 4873 non
1364 4817 1524 4870 aliam
1564 4833 1628 4872 ac
1660 4816 1983 4886 sapientiam
2016 4816 2156 4886 ejus,

2141 4858 2156 4878 ν
2258 4811 2558 4894 χρηστότης
2586 4815 2679 4868 καὶ
2715 4815 3092 4888 φιλανθρωπία
3121 4816 3215 4869 τοῦ
3250 4815 3354 4868 τῶν
3384 4813 3505 4866 ὅλων
3527 4803 3719 4894 Θεοῦ

599 4923 762 4978 quam
811 4915 866 4961 et
913 4907 1343 4976 contemplantes
1394 4907 1580 4961 verita:
1636 4913 1765 4960 sunt
1819 4904 1986 4960 Deum
2039 4921 2158 4975 qua:

2135 4921 2158 4960 e
2257 4887 2545 4967 καλοῦντος
2574 4902 2760 4974 αὐτὴν,
2800 4903 2958 4975 δῆλον
2987 4904 3032 4956 δ’
3070 4905 3151 4958 ὅτι
3195 4904 3292 4976 τὴν
3320 4897 3632 4965 δικαιοσύνην,
3653 4887 3718 4941 οὐκ

599 4999 749 5069 prius
799 4999 853 5052 in
901 4996 998 5054 Dei
1045 4999 1451 5068 contemptione
1491 4997 1743 5053 vivebant
1796 5006 2006 5069 gentes.
2053 4998 2157 5066 Qui

2132 5000 2157 5052 :i
2257 4995 2422 5067 ἀλλην
2463 4989 2627 5048 οὖσαν
2670 4994 2771 5066 τῆς
2807 4998 2998 5066 σοφίας
3029 4997 3210 5061 αὐτοῦ,
3254 4996 3319 5067 ἦν
3358 4993 3442 5047 καὶ
3482 4983 3715 5069 θεασάμια

597 5089 870 5161 quondam
909 5088 1262 5144 remotissimi
1308 5096 1485 5152 erant,
1525 5087 1760 5159 proximi
1798 5089 1950 5159 regni
1989 5090 2159 5143 (αξιο-

2131 5119 2159 5130 -
2256 5084 2493 5156 ἐφοσήθη
2519 5085 2608 5138 τὸν
2635 5085 2767 5140 Θεὸν
2792 5087 2859 5140 τά
2877 5089 2934 5141 ἐν
2955 5088 3152 5159 ἀφοὸίᾳ
3175 5085 3305 5141 Θεοῦ
3328 5083 3558 5155 πρότερον
3579 5067 3714 5168 τυγκξ

599 5197 713 5234 rum
739 5179 868 5234 facti
898 5190 1042 5236 sunt.
1069 5179 1304 5251 Ideoque
1334 5180 1555 5236 fuerunt
1583 5180 1799 5236 attoniti
1830 5182 2028 5237 salutis
2053 5182 2157 5234 mi-

2126 5211 2157 5233 λ-
2255 5193 2411 5231 νοντα
2443 5176 2599 5250 ἐθνηο
2632 5177 2669 5232 ἃ
2705 5179 2800 5233 καὶ
2831 5178 2889 5244 ἐξ
2931 5179 3114 5252 ἄκρων
3157 5179 3248 5233 καὶ
3276 5177 3377 5231 ἀπὸ
3404 5174 3615 5244 περάτων
3648 5172 3709 5224 τις

599 5272 804 5337 raculo,
841 5288 900 5328 se
935 5273 1169 5328 invicem
1207 5273 1489 5335 docentes,
1528 5281 1582 5328 et
1616 5272 1782 5328 frater
1815 5271 1966 5327 fratri
1999 5273 2156 5327 auxi-

2122 5277 2156 5327 i’
2254 5269 2575 5340 οἰκουμένης
2607 5269 2871 5342 κληθέντα
2905 5273 3096 5342 ἧγγισε
3127 5273 3203 5344 τῷ
3247 5269 3384 5339 Θεῷ·
3415 5268 3456 5319 oi
3482 5259 3588 5358 ποτὲ
3608 5256 3705 5358 ξπεὸ

600 5360 756 5427 iians,
793 5362 1192 5434 pristinumque
1234 5364 1564 5418 conﬁtentur
1591 5362 1656 5417 de
1687 5363 1847 5418 idolis
1887 5378 2151 5428 errorem,

2118 5379 2151 5428 I,
2258 5360 2676 5431 μακράνοέγγὺς
2723 5362 3000 5433 γενόμενοι
3040 5363 3138 5435 τῆς
3180 5359 3432 5433 βασιλείας
3473 5352 3564 5406 τῶν
3589 5352 3701 5438 οὐρα.

600 5451 710 5507 lmc
733 5455 922 5510 eadem
955 5455 1217 5511 dicentes.
1248 5455 1424 5511 Faber
1451 5457 1650 5527 quippe
1680 5465 1795 5510 erat
1824 5465 1878 5512 et
1905 5459 2152 5522 aerarius,

2118 5473 2152 5522 ς,
2254 5451 2360 5505 νῶν
2381 5469 2395 5482 ·
2443 5452 2523 5506 διδ
2565 5454 2657 5507 καὶ
2697 5453 3066 5526 ἐξεπλάγησαν
3111 5456 3199 5509 ἐπὶ
3245 5452 3317 5523 τῷ
3363 5441 3701 5542 παραδὸςιρπτὶιῗ

597 5541 688 5612 qui
715 5543 933 5612 'malleo,
981 5552 1035 5599 et
1065 5545 1257 5611 clavis,
1305 5555 1358 5601 et
1389 5547 1622 5602 humana
1677 5547 1931 5602 machina
1977 5549 2155 5604 susci-

2116 5517 2155 5601 i;
2255 5543 2545 5615 σωτηρίας,
2597 5517 2966 5610 stemma?
2988 5562 3048 5599 τε
3102 5517 3362 5616 ἀλλήλοῦς,
3415 5517 3507 5591 καὶι
3540 5517 3699 5588 ἀδελφὸς

672 5719 688 5748 ⁸
722 5715 826 5772 lsa.
849 5718 996 5784 ιι,9,
1033 5720 1118 5774 ll.
1195 5723 1214 5752 ¹
1239 5721 1340 5778 lsa.
1368 5739 1478 5790 xu,
1513 5725 1630 5781 2.7.
1708 5726 1727 5758 ‘
1759 5723 1927 5779 lCor.
1958 5740 1997 5790 ι,
2029 5726 2151 5781 30.-
