4008 6208
314 267 450 324 1223

1320 274 1607 332 Εειοωε
1634 275 2110 333 ΡΒΟΡΙΙΕΤΙΟᾸΞ.
2153 312 2218 320 -
2258 281 2386 337 ΗΒ.
2427 281 2516 337 ιγ.
2587 237 2593 243 ί

3395 292 3528 345 £226

310 388 524 460 ἀδελφῷ
557 391 784 463 βοηθῶν,
825 397 922 466 τὴν
952 397 1214 467 προτέραν
1256 397 1694 467 ἐξομολογοῦνται
1739 399 1851 469 περ

1966 405 2091 453 tans
2133 405 2184 452 et
2229 398 2544 454 confortans
2615 413 2747 471 quos
2794 401 2945 472 prius
2990 402 3121 457 deos
3176 402 3506 460 dttcebamus

307 481 374 536 τὰ
404 483 599 539 εἴδωλα
629 486 854 558 πλάνην,
887 489 1023 542 αῦτά
1048 488 1110 560 δὴ
1144 488 1312 543 ταῦτα
1338 490 1582 558 λέγοντες
1604 506 1615 518 ·
1649 489 1864 544 Τέκτων

307 577 411 649 ἀρα
440 573 507 648 ἦν
540 579 633 633 καὶ
656 580 907 650 χαλκεὺς,
932 584 959 635 ὁ
989 581 1075 634 διὰ
1118 581 1325 653 σφύρας
1352 583 1446 636 καὶ
1468 582 1611 652 ἥλων
1637 583 1729 635 καὶ
1757 599 1863 652 μη-

303 669 473 741 χανῆς
528 671 870 745 ἀνθρωπίνης
914 674 1197 745 ἀνεγείρας
1251 675 1343 727 καὶ
1402 672 1685 743 ἐνισχύσας
1739 673 1863 734 τοὺς

303 762 565 834 πρότερον
593 763 973 835 νομιζομένους
1014 768 1143 836 ἡμῖν
1174 765 1352 829 θεούς·
1388 766 1437 819 οἱ
1481 766 1537 817 δὲ
1576 764 1727 817 οὐδὲν
1758 763 1865 834 ἄρα

301 848 440 922 ἦσαν
478 854 510 924 ἢ
556 854 739 926 ἄψυχα
782 856 971 922 ξόανα,
1016 857 1266 927 οὐδεμίαν
1308 855 1367 923 ἐξ
1407 855 1614 910 ἑαυτῶν
1652 855 1863 926 κίνησιν

304 945 679 1016 ἐπιδεχόμενα,
726 949 816 1001 καὶ
852 948 927 1011 ὡς
969 947 1136 1018 ψευδῆ
1182 950 1480 1019 ἐκτήσαντο
1522 949 1572 1002 οἱ
1628 946 1865 1017 πατέρες

1971 484 2072 552 Qui
2121 488 2336 557 quidem
2388 490 2519 544 nihil
2561 500 2736 557 erant,
2786 492 2891 548 nisi
2937 494 3175 548 inanima
3219 496 3531 564 simulacra,

1974 577 2183 630 nullum
2218 592 2244 630 a
2276 594 2334 631 se
2368 579 2501 648 ipsis
2532 588 2735 635 motum
2767 590 3081 647 consecuta,
3117 592 3169 639 et
3195 589 3350 656 quasi
3382 606 3533 646 men-

1976 668 2128 722 dacia
2164 680 2484 739 acceperant
2527 681 2707 743 patres
2759 675 2929 729 noscri
2974 676 3137 741 idola,
3188 686 3240 733 et
3277 694 3384 735 nui
3418 695 3531 738 erat

1974 760 2029 812 in
2061 764 2139 815 eis
2174 762 2399 817 utilitas.
2436 763 2589 830 Quod
2621 773 2798 820 autem
2832 764 2946 821 ιιωο
2981 767 3054 820 ita
3094 766 3390 825 Salvatoris
3428 788 3529 826 no-

1974 853 2072 906 stri
2120 854 2336 922 impleta
2388 866 2512 911 sunt
2560 858 2815 921 adventu,
2855 858 3025 929 magis
3063 862 3317 929 operibus
3367 878 3529 933 quam

1971 946 2152 1001 verbis
2183 946 2605 1003 demonstratur.

304 1042 459 1114 ήμῶν
497 1044 818 1107 εἷδωλα,καὶ
857 1047 957 1100 οὐκ
998 1042 1064 1118 ἦν
1104 1050 1161 1101 ἐν
1194 1049 1374 1112 αὐτοῖς
1414 1046 1695 1118 ὠφέλημα.
1733 1046 1852 1098 Ὅτι
1892 1044 1947 1096 δὲ
1972 1041 2120 1096 ταῦθ’
2152 1043 2320 1108 οῦτως
2344 1046 2433 1098 ἐπὶ
2457 1050 2516 1118 τῇ
2545 1045 2637 1099 τοῦ
2692 1046 2937 1117 Σωτῆρος
2990 1047 3144 1117 ήμῶν
3201 1048 3526 1122 ἀπετελέσθη

302 1137 573 1207 παρουσία
602 1137 798 1207 μᾶλλον
831 1137 936 1192 τῶν
962 1138 1133 1207 λόγων
1162 1142 1192 1209 ἡ
1229 1139 1294 1192 δι’
1331 1138 1602 1211 ἐργωνο([;
1634 1138 1724 1209 52)
1753 1138 2046 1209 παρίστησι
2083 1138 2375 1210 μαρτυρία.

818 1253 1210 1307 ΚΕΦΔΛΑΙΟΝ
1251 1256 1333 1307 Κ’.

374 1308 405 1394 ι’
447 1342 636 1396 Ἰακὼϐ
661 1346 688 1396 6
714 1347 841 1407 παῖς
868 1362 988 1415 μου,
1020 1346 1378 1417 ἀντιλήψομαι
1405 1346 1566 1400 αὑτοῦ
1587 1365 1600 1377 ⁸
1650 1348 1863 1420 Ἰσραὴλ

295 1433 324 1484 6
374 1434 627 1498 ἐκλεκτός
676 1452 799 1506 μου,
852 1437 1207 1508 προσεδέξατο
1254 1439 1411 1492 αὑτὸν
1458 1441 1491 1509 ἡ
1534 1439 1678 1510 ψυχή
1717 1457 1855 1511 μου·

297 1529 469 1582 ἔδωκα
501 1530 562 1582 τὸ
588 1530 811 1600 Πνεῦμά
841 1549 939 1601 μου
976 1531 1060 1584 ἐπ’
1089 1532 1279 1585 αὐτόν·
1310 1532 1486 1603 κρίσιν
1515 1536 1628 1595 τοῖς
1656 1533 1860 1587 ἔθνεσιν

297 1619 523 1683 ἐξοίσειο
564 1621 622 1673 οὐ
657 1621 995 1692 κεκράξεται,
1036 1621 1153 1674 οῦδὲ
1190 1622 1395 1693 ἀνήσει,
1437 1622 1559 1675 οὐδὲ
1587 1622 1859 1695 ἀκουσθή-

2547 1252 2774 1308 CAPUT
2826 1253 2940 1307 XX.

2043 1360 2061 1393 ι
2096 1340 2267 1396 Jacob
2318 1358 2451 1413 puer
2481 1358 2656 1407 meus,
2682 1344 2974 1413 suscipiam
3001 1359 3123 1398 eum
3160 1343 3361 1399 :lsrael
3416 1348 3527 1403 ele-

1963 1441 2085 1488 ctus
2114 1449 2288 1499 meus,
2317 1435 2609 1504 assumpsit
2645 1450 2769 1489 eum
2794 1435 2972 1493 anima
3003 1450 3119 1490 mea
3156 1456 3168 1491 :
3205 1436 3325 1492 dedi
3354 1435 3528 1508 Spiri-

1972 1531 2087 1582 tum
2113 1538 2292 1578 meum
2318 1538 2482 1593 super
2511 1539 2634 1578 eum
2656 1542 2671 1589 ;
2695 1524 2958 1593 judicium
2985 1526 3235 1594 gentibus
3254 1526 3523 1596 proferet;

1964 1630 2074 1670 non
2098 1616 2373 1681 clamabit,
2402 1632 2577 1688 neque
2604 1619 2862 1680 remittet,
2904 1631 3081 1686 neque
3107 1618 3360 1674 audietur
3393 1618 3524 1674 foris

300 1724 451 1761 σεται
486 1707 588 1772 ἔξω
619 1711 652 1780 ή
700 1708 847 1780 φωνὴ
884 1711 1076 1763 αὐτοῦ·
1116 1711 1356 1781 κάλαμον
1392 1711 1749 1782 τεθλασμένον
1795 1716 1851 1767 οὐ

1962 1718 2067 1759 vox
2096 1705 2236 1773 ejus;
2262 1705 2528 1759 calamum
2558 1706 2853 1760 contritum
2882 1721 2993 1759 non
3020 1704 3249 1776 franget,
3278 1716 3332 1761 et
3354 1708 3525 1763 linum

300 1800 593 1871 συντρίψει,
642 1803 736 1856 καὶ
774 1803 915 1856 λίνον
961 1803 1352 1874 καπνιζόμενον
1393 1804 1453 1857 οὐ
1495 1804 1703 1858 σϐέσει⁸
1740 1806 1858 1859 ἀλλ’

292 1894 374 1955 εἰς
404 1894 653 1965 ἀλήθειαν
678 1895 868 1958 ἐξοίσει
892 1895 1070 1966 κρίσιν
1093 1912 1107 1927 ’
1134 1896 1437 1966 ἀναλάμψει
1472 1898 1565 1952 καὶ
1592 1898 1651 1950 οὐ
1696 1897 1860 1969 θραυ-

292 1983 549 2054 σθήσεται
578 1984 683 2047 ’ἐως
710 1984 776 2037 ἂν
805 1985 869 2055 θῇ
895 1985 986 2038 ἐπὶ
1024 1985 1123 2055 τῆς
1149 1986 1250 2056 γῆς
1283 1985 1461 2058 κρίσιν
1480 2004 1493 2017 ”
1530 1988 1622 2040 καὶ
1665 1987 1757 2041 ἐπὶ
1779 1988 1858 2058 τῷ

291 2074 513 2142 ὀνόματι
555 2075 717 2128 αὐτοῦ
754 2075 879 2146 ἔθνη
912 2077 1204 2130 ἐλπιοῦσιν.
1246 2077 1430 2142 Οῦτως
1472 2079 1618 2148 λέγει
1658 2079 1856 2152 Κύριος

290 2168 319 2218 6
350 2166 482 2228 Θεὸς
521 2169 550 2220 6
595 2169 823 2239 ποιήσας
862 2169 950 2221 τὸν
991 2170 1212 2241 οὐρανὸν
1262 2171 1356 2223 καλ⁵
1401 2171 1576 2242 πήξας
1615 2173 1794 2237 αὑτὸν,
1826 2174 1855 2225 6

292 2256 599 2328 στερεὼσας
625 2259 721 2329 τὴν
746 2260 847 2331 γῆν
872 2260 965 2315 καὶ
992 2261 1058 2315 τά
1092 2264 1149 2315 ἐν
1173 2261 1331 2333 αὐτῇ,
1359 2264 1451 2316 καὶ¹
1477 2264 1651 2329 διδοὺς
1690 2265 1855 2336 πνοὴν

287 2347 367 2418 τῷ
407 2347 522 2418 λαῷ
567 2348 645 2419 τῷ
676 2351 762 2401 ἐπ’
809 2351 996 2421 αὐτῆς,
1051 2352 1143 2405 καὶ
1186 2351 1401 2423 πνεῦμα
1448 2355 1560 2417 τοῖς
1597 2354 1855 2408 πατοῦσιν

291 2439 462 2509 αὐτήν
483 2457 498 2471 ’
523 2438 631 2507 ἐγὼ
661 2439 863 2511 Κύριος
884 2442 912 2494 6
935 2441 1065 2504 Θεὸς
1094 2440 1326 2495 ἐκάλεσά
1352 2459 1410 2495 σε
1439 2444 1495 2496 ἐν
1519 2444 1852 2515 δικαιοσύνῃ,

290 2529 385 2583 καὶ
416 2532 673 2603 κρατήσω
713 2532 813 2603 τῆς
852 2532 1032 2603 χειρός
1071 2549 1163 2585 σου
1198 2535 1291 2587 καὶ
1325 2534 1587 2604 ὲνισχύσω
1626 2553 1718 2588 σε·
1763 2537 1856 2590 καὶ

288 2618 467 2674 ἔδωκά
496 2639 555 2675 σε
583 2624 662 2685 είς
690 2622 949 2695 διαθήκην
975 2625 1164 2691 γένους
1189 2627 1269 2689 είς
1296 2625 1410 2695 φῶς
1432 2626 1619 2691 ἐθνῶν,
1652 2627 1853 2691 ἀνοῖξαι

288 2708 597 2781 ὀφθαλμοὺς
628 2712 857 2781 τυφλῶν,
881 2714 1165 2783 ἐξαγαγεῖν
1188 2718 1252 2769 ἐκ
1274 2715 1488 2786 δεσμῶν
1517 2716 1850 2787 δεδεμένους,

289 2802 383 2855 καὶ
411 2801 467 2868 ἐξ
499 2803 645 2856 οἴκου
678 2805 921 2876 φυλακῆς
962 2806 1300 2879 καθημένους
1333 2810 1390 2862 ἐν
1434 2810 1633 2865 σκότει.
1672 2830 1690 2861 ι
1730 2812 1853 2865 Ὅτι

292 2894 367 2963 μὴ
410 2894 539 2966 περὶ
583 2894 676 2947 τοῦ
712 2895 818 2951 τῶν
856 2898 1122 2953 Ἰουδαίων
1162 2900 1290 2956 λαοῦ
1338 2902 1734 2972 προφητεύεται
1785 2904 1855 2957 τὰ

289 2987 397 3038 ἀπο
423 2986 518 3039 τοῦ
541 3004 556 3019 ο
588 3007 607 3038 ι
650 2988 838 3042 Ἰακὼϐ
886 2992 914 3043 6
958 2994 1085 3055 παῖς
1119 3010 1242 3063 μου,
1265 2994 1623 3066 ἀντιλήψομαι
1664 2995 1849 3057 αὐτοῦ,

1962 1794 2233 1865 fumigans
2274 1811 2386 1850 non
2421 1796 2763 1867 exstinguet;
2800 1796 2895 1852 sed
2927 1797 2982 1851 in
3025 1797 3249 1852 veritate
3288 1798 3526 1868 proferet

1954 1887 2245 1956 judicium,
2284 1888 2672 1958 resplendebit,
2704 1898 2759 1944 et
2783 1904 2892 1944 non
2922 1889 3400 1959 conquassabitur,
3424 1890 3526 1947 do-

1959 1994 2058 2034 nec
2084 1989 2247 2049 ponat
2263 1980 2318 2035 in
2334 1981 2777 2051 terrajudicium.
2802 1990 2855 2037 et
2880 1982 2932 2037 in
2954 1982 3175 2036 nomine
3194 1981 3315 2051 ejus
3335 1992 3523 2052 gentes

1959 2072 2272 2140 sperabunt.
2314 2070 2404 2127 Sic
2433 2071 2564 2127 dicit
2624 2071 2884 2128 Dominus
2948 2072 3114 2138 Deus,
3143 2074 3236 2143 qui
3267 2072 3392 2129 fecit
3415 2089 3528 2128 co:-

1958 2160 2090 2223 lum,
2112 2171 2164 2216 et
2192 2161 2420 2217 intendit
2448 2161 2603 2227 illud,
2632 2163 2726 2233 qui
2750 2162 2982 2219 ﬁrmavit
3003 2172 3205 2219 terram
3234 2175 3289 2220 et
3316 2180 3381 2220 ea
3405 2181 3526 2236 qua;

1956 2259 2084 2305 sunt
2114 2251 2169 2305 in
2197 2251 2333 2321 ipsa,
2368 2253 2573 2324 quique
2608 2252 2699 2307 dat
2730 2251 2915 2308 ﬂatum
2962 2255 3185 2325 populo,
3227 2255 3321 2325 qui
3350 2266 3435 2312 est
3471 2256 3525 2308 in

1954 2360 2040 2412 ea.
2066 2360 2120 2406 et
2138 2349 2389 2421 Spiritum
2420 2347 2757 2403 calcantibus
2781 2361 2920 2401 eam.
2951 2346 3060 2418 Ego
3088 2346 3347 2403 Dominus
3370 2346 3516 2404 Deus

1953 2452 2083 2497 tuus
2113 2440 2302 2496 vocavi
2331 2448 2384 2496 te
2412 2439 2466 2493 in
2492 2438 2725 2509 iustitia,
2758 2446 2813 2494 et
2848 2438 3252 2509 apprehendam
3282 2455 3509 2494 manum

1954 2518 2123 2598 tuam,
2148 2541 2201 2588 et
2224 2530 2591 2589 corroborabo
2620 2541 2670 2585 te
2698 2550 2712 2585 :
2742 2540 2797 2587 et
2822 2529 2945 2585 dedi
2977 2538 3029 2587 te
3053 2531 3110 2585 in
3136 2538 3522 2586 testamentum

1955 2625 2171 2695 generis
2206 2625 2264 2679 in
2303 2625 2486 2679 lumen
2518 2621 2781 2693 gentium,
2813 2630 2876 2677 ut
2908 2623 3149 2694 aperires
3189 2623 3378 2678 oculos
3416 2638 3524 2678 ca:-

1955 2731 2165 2778 corum,
2185 2724 2239 2772 et
2264 2715 2523 2771 educeres
2556 2731 2624 2771 ex
2646 2715 2877 2771 vinculis
2901 2716 3159 2786 illigatos,
3188 2723 3244 2770 et
3271 2715 3337 2770 de
3361 2715 3522 2771 domo

1955 2808 2193 2865 carceris
2227 2806 2474 2864 sedentes
2503 2807 2562 2863 in
2586 2807 2829 2864 tenebris
2860 2807 2899 2861 ί.
2941 2826 2960 2860 ι
2992 2806 3149 2873 Quod
3185 2823 3293 2862 non
3319 2808 3386 2863 de
3421 2806 3521 2865 Ju-

1955 2898 2194 2955 daeorum
2220 2899 2417 2969 populo
2453 2899 2891 2969 prophetizantur
2925 2897 3039 2953 bzec
3072 2916 3085 2953 :
3124 2916 3143 2949 ‹
3169 2896 3359 2959 Iacob,
3392 2914 3523 2969 puer

1955 3006 2132 3055 meus,
2166 2991 2459 3061 suscipiam
2483 3006 2639 3057 eum;
2663 2988 2827 3047 lsrael
2868 2990 3073 3046 electus
3103 3006 3276 3054 meus,
3311 3005 3521 3045 assum-

301 3081 513 3152 Ἰσραὴλ
545 3085 572 3135 6
619 3083 866 3148 ἐκλεκτός
909 3102 1030 3155 μου,
1061 3087 1415 3157 προσεδέξατο
1445 3088 1604 3142 αὑτὸν
1645 3090 1679 3158 ὴ
1708 3086 1851 3159 ψυχή

1957 3083 2065 3151 psit
2093 3096 2215 3135 eum
2263 3083 2445 3137 anima
2480 3097 2619 3145 mea,
2651 3100 2668 3133 ι
2711 3089 2766 3137 et
2792 3081 3028 3151 reliqua,
3060 3081 3405 3137 manifestum
3439 3090 3523 3137 est

290 3190 413 3242 μου,
448 3194 467 3225 ι
500 3176 665 3244 σαφὲς
696 3176 845 3229 ἔσται
871 3181 983 3241 τοῖς
1005 3178 1275 3234 ἐθέλουσιν
1310 3180 1543 3252 ἐκάστην
1566 3180 1712 3247 λέξιν
1743 3181 1851 3234 τῶν

288 3268 660 3337 προκειμένων
695 3267 985 3332 ἐξετάζειν.
1025 3270 1158 3324 ἀλλά
1192 3272 1283 3325 καὶ
1332 3273 1437 3325 ἀπὸ
1477 3273 1576 3344 τῆς
1612 3272 1752 3327 κατὰ
1791 3273 1851 3327 τὸ

1955 3172 2201 3243 singulas
2225 3172 2454 3241 hujusce
2476 3173 2772 3243 prophetiae
2799 3187 2960 3229 voces
2988 3173 3318 3244 perpendere
3339 3174 3515 3229 volen-

1951 3265 2121 3327 tibus,
2156 3262 2253 3320 sed
2286 3264 2447 3319 etiam
2494 3264 2615 3334 ipso
2646 3262 2917 3320 Hebraico
2953 3272 3105 3319 textu
3135 3273 3302 3335 patet.
3334 3264 3520 3335 Neque

299 3358 585 3429 Ἐϐραῖκδν
631 3360 912 3430 ἀκριϐείας
960 3363 1115 3417 τοῦτο
1162 3364 1315 3434 δῆλόν
1358 3366 1502 3418 ἐστιν
1526 3383 1539 3395 ’
1600 3365 1710 3419 οὔτ’
1758 3362 1850 3420 οὖν

1955 3354 2139 3422 lacob,
2168 3371 2347 3426 neque
2375 3353 2540 3412 Israel
2574 3356 2819 3410 nominat
2855 3376 2869 3411 :
2905 3358 3048 3427 apud
3096 3358 3243 3427 ipsos
3291 3357 3512 3428 quidem

286 3449 346 3503 τὸ
385 3448 579 3501 Ἰακὼϐ
626 3449 815 3520 ὄνομα,
860 3451 981 3506 οῦτε
1024 3453 1085 3505 τὸ
1129 3454 1342 3526 Ἰσραήλ
1380 3457 1437 3508 ἐν
1486 3455 1635 3525 αὐτῷ
1682 3456 1851 3527 ἐμφέο

289 3556 471 3610 ρεταιο
502 3539 621 3593 ὅθεν
663 3543 756 3595 καὶ
788 3541 1075 3596 ὠϐέλισται
1101 3544 1250 3615 παρὰ
1280 3548 1391 3609 τοῖς
1429 3546 1710 3619 ἀκριϐέσιν
1760 3550 1852 3600 ἀν-

286 3632 572 3701 τιγράφοις
624 3633 730 3685 τῶν
769 3634 1184 3706 Ἐϐδομήκοντα,
1213 3637 1399 3690 καθότι
1445 3654 1508 3707 γε
1547 3639 1646 3693 οὐκ
1694 3640 1850 3703 ἄλλος

284 3719 393 3772 τῶν
438 3720 658 3774 δικαίων
704 3723 842 3795 πλὴν
882 3724 975 3777 τοῦ
1014 3725 1260 3796 Σωτῆρος
1299 3725 1454 3796 ἡμῶν
1499 3727 1669 3798 Ἰησοῦ
1712 3730 1850 3799 Χρι-

290 3811 438 3876 στοῦ,
486 3814 603 3866 οῦδὲ
648 3815 752 3885 μὴν
796 3816 956 3879 αὐτὸς
998 3819 1026 3870 6
1074 3817 1166 3871 τοῦ
1212 3819 1394 3873 Ἰσαὰκ
1437 3818 1469 3889 ἢ
1522 3819 1712 3873 Ἰακὼϐ
1755 3822 1850 3874 καὶ

300 3904 516 3976 Ἰσραὴλ
542 3908 993 3978 προσαγορευθεὶς
1023 3909 1257 3973 τοιοῦτός
1290 3929 1372 3974 τις
1400 3906 1489 3983 ῆν,
1517 3911 1593 3974 ὡς
1616 3913 1851 3984 ἐφαρμό-

288 3996 400 4061 ζειν
443 3998 590 4068 αὐτῷ
632 3998 886 4053 δύνασθαι
933 4000 1000 4054 τὰ
1042 4002 1408 4073 προκείμενα,
1461 4002 1648 4057 οὐδένα
1699 4000 1850 4075 οἶμαι

287 4088 672 4159 ἀμφιϐάλλειν⁸
717 4092 801 4169 ἵνα
842 4093 949 4162 γὰρ
986 4095 1078 4147 καὶ
1118 4094 1320 4166 ἐτέροις
1366 4096 1596 4167 ἀρμόσοι
1628 4114 1712 4159 τις
1761 4097 1843 4149 τό*

292 4200 311 4232 ι
349 4182 562 4235 Ἐδωκα
594 4183 654 4237 τὸ
681 4183 904 4255 Πνεῦμά
941 4201 1039 4255 μου
1071 4187 1156 4240 ἐπ’
1185 4187 1363 4251 αὐτὸν,
1401 4207 1420 4239 ι
1459 4188 1509 4241 τί
1536 4189 1579 4241 δ’
1609 4187 1675 4242 ἂν
1704 4188 1849 4242 είποι

284 4276 364 4337 είς
394 4275 473 4327 τόο
513 4295 532 4326 ‹
567 4276 761 4347 Κρίσιν
806 4280 916 4339 τοῖς
961 4277 1163 4332 ἔθνεσιν
1193 4277 1407 4343 ἐξοίσει,
1442 4297 1460 4331 ι
1514 4281 1607 4334 καὶ
1652 4282 1731 4343 είς
1778 4282 1847 4334 τά

284 4367 430 4436 ἐξῆς,
459 4368 553 4420 καὶ
598 4366 826 4437 μάλιστα
866 4369 945 4421 τό·
996 4388 1014 4420 ι
1050 4371 1158 4424 Καὶ
1199 4370 1289 4423 ἐπὶ
1319 4369 1396 4441 τῷ
1424 4371 1646 4442 ὀνόματι
1680 4372 1845 4426 αὐτοῦ

1953 3447 2306 3519 Septuaginta
2345 3448 2505 3503 obelo
2533 3448 2806 3518 signatum
2843 3458 2925 3503 est
2970 3464 3166 3503 nomen
3214 3440 3522 3518 illud,quo-

1952 3543 2098 3597 niam
2134 3557 2247 3597 non
2282 3541 2556 3611 justorum
2590 3540 2750 3604 alius,
2784 3541 2891 3595 nisi
2921 3538 3170 3594 Salvator
3203 3548 3388 3596 noster
3424 3539 3517 3596 Je-

1952 3650 2047 3688 sus
2078 3633 2353 3698 Christus,
2386 3648 2495 3688 non
2518 3631 2736 3704 quidem
2781 3632 2897 3702 ipse
2941 3631 3087 3686 [ilius
3119 3631 3290 3696 Isaac,
3320 3629 3514 3692 Iacob,

1951 3726 2034 3781 vel
2062 3723 2229 3781 Israel
2253 3724 2659 3789 denominatur,
2688 3724 2735 3779 is
2757 3730 2877 3778 erat
2906 3720 2992 3775 cui
3024 3719 3268 3790 adaplari
3292 3732 3514 3790 possent

1952 3818 2214 3887 praedicta
2231 3819 2432 3886 verba;
2458 3826 2622 3888 atque
2645 3818 2796 3883 illud,
2824 3825 2881 3872 ut
2902 3816 3114 3886 opinor,
3133 3814 3265 3869 nulli
3288 3814 3512 3868 dubium

1950 3919 2054 3964 est.
2081 3908 2217 3964 Dato
2239 3911 2382 3965 enim
2400 3909 2547 3980 quod
2581 3910 2703 3965 aliis
2726 3923 2942 3979 quoque
2972 3907 3087 3962 haec
3116 3905 3467 3960 convenirent
3495 3924 3508 3957 :

1954 4018 1973 4051 ι
1990 4000 2387 4070 DediSpiritum
2407 4015 2582 4056 meum
2601 4015 2763 4072 super
2777 4015 2921 4066 eum;
2935 3999 3173 4053 icuinam
3191 3995 3297 4050 dici
3311 3995 3512 4066 potuit:

1956 4110 1975 4143 ι
2001 4090 2273 4147 Iudicium
2304 4092 2557 4164 gentibus
2588 4092 2843 4163 proferet,
2884 4111 2902 4144 ι
2946 4100 2997 4153 et
3028 4105 3147 4160 quae
3189 4099 3512 4158 sequuntur,

1950 4186 2355 4255 praesertimque
2384 4184 2514 4239 illud
2545 4203 2558 4239 :
2589 4203 2607 4235 ι
2634 4184 2698 4239 Ει
2726 4184 2779 4238 in
2811 4185 3027 4238 nomine
3047 4183 3165 4252 ejus
3183 4189 3370 4251 gentes
3393 4197 3517 4251 spe.

1955 4274 2194 4329 rabunt?
2225 4295 2244 4327 ι
2284 4274 2569 4340 Quomodo
2602 4282 2780 4330 autem
2808 4274 3069 4329 credibile
3098 4277 3243 4327 esset
3275 4272 3388 4327 sive
3414 4270 3512 4325 Ju-

1954 4365 2196 4421 daeorum
2232 4368 2450 4437 populo,
2485 4368 2599 4423 sive
2626 4367 2730 4438 ipsi
2764 4366 2875 4420 lilio
2901 4368 3075 4431 Isaac,
3104 4366 3295 4433 Jacob,
3320 4366 3435 4421 sive
3462 4372 3515 4418 et

283 4457 409 4527 ἔθνη
437 4458 742 4525 ἐλπιοῦσιν;
791 4479 808 4511 ›
841 4460 963 4523 Πῶς
990 4462 1047 4515 δὲ
1084 4462 1187 4517 κᾶν
1214 4462 1433 4517 πιθανὸν
1476 4465 1559 4535 εἴη
1595 4464 1713 4535 ήτοι
1736 4464 1843 4517 τῶν

1955 4460 2128 4513 cuivis
2153 4458 2426 4527 justorum
2450 4458 2565 4523 alii,
2597 4472 2660 4514 ea
2684 4456 2978 4512 convenire
3006 4477 3018 4511 :
3062 4476 3079 4507 ι
3114 4456 3245 4513 Dedi
3279 4466 3331 4511 te
3358 4456 3415 4512 in
3436 4464 3515 4510 te-

295 4548 561 4603 Ἰουδαίων
592 4550 778 4623 λαῷ,ῆ
816 4552 908 4605 καὶ
933 4552 1078 4623 αὐτῷ
1108 4552 1185 4624 τῷ
1208 4556 1301 4607 τοῦ
1341 4554 1523 4610 Ἰσαὰκ
1563 4555 1775 4618 Ἰακὼϐ,
1811 4555 1842 4626 ἦ

282 4642 380 4695 καὶ
408 4642 577 4712 ἑτέρῳ
605 4644 709 4695 τινὶ
732 4644 839 4696 τῶν
870 4644 1087 4698 δικαίων
1111 4646 1439 4716 ἐφαρμόζειν
1465 4647 1528 4700 τό
1549 4662 1562 4676 ’
1599 4665 1616 4697 ι
1634 4646 1848 4700 Ἔδωκά

286 4750 346 4787 σε
371 4736 451 4799 είς
471 4735 730 4807 διαθήκην
754 4737 961 4804 γένους,
983 4740 1060 4800 είς
1083 4738 1193 4807 φῶς
1217 4738 1404 4805 ἐθνῶν,
1427 4739 1631 4805 ἀνοῖξαι
1652 4740 1848 4809 ὀφθαλ-

287 4827 422 4895 μοὺς
461 4828 693 4897 τυφλῶν,
712 4829 1011 4898 »ἐξαγαγεῖν
1048 4832 1110 4883 ἐκ
1141 4831 1354 4901 δεσμῶν
1385 4832 1718 4902 δεδεμένους,
1750 4834 1843 4887 καὶ

284 4918 346 4983 ἐξ
384 4917 534 4971 οἴκου
580 4921 822 4991 φυλακῆς
866 4916 1203 4992 καθημένους
1247 4925 1304 4976 ὲν
1357 4924 1568 4989 σκότει;
1613 4944 1631 4976 ι
1681 4924 1843 4977 Ἀλλά

279 5006 454 5062 ταῦτα
477 5012 606 5081 ἡμῖν
627 5010 702 5073 ὡς
724 5011 858 5081 πρὸς
881 5013 1004 5075 τοὺς
1026 5014 1090 5065 ἐκ
1114 5015 1410 5085 περιτομῆς
1438 5014 1804 5086 ἐπηπορήσθω
1825 5032 1838 5045 ⁸

283 5100 472 5167 σαφῶς
498 5118 560 5168 γε
589 5103 693 5172 μὴν
717 5104 861 5172 ἡμᾶς
900 5103 961 5156 τὸ
1002 5105 1325 5172 Εὑαγγέλιον
1354 5107 1446 5158 ἐπὶ
1472 5105 1565 5160 τοῦ
1591 5107 1841 5178 Σωτῆρος

279 5189 437 5262 ήμῶν
480 5191 649 5261 Ἰησοῦ
681 5192 920 5247 διδάσκει
966 5196 1056 5247 καὶ
1092 5195 1292 5266 ταύτην
1326 5195 1713 5269 πεπληρῶσθαι
1743 5199 1841 5268 τὴν

277 5281 633 5351 προφητείαν,
686 5284 774 5335 ὅτε
813 5300 831 5332 ι
864 5283 1163 5349 ἐξελθόντες
1194 5287 1240 5337 oi
1292 5287 1571 5357 Φαρισαῖοι
1605 5285 1841 5357 συμϐοῦο

276 5370 387 5422 λιον
421 5370 541 5423 κατ’
583 5370 745 5425 αὑτοῦ
781 5372 989 5436 ἔλαϐον,
1022 5376 1168 5438 ὅπως
1201 5376 1359 5429 αὑτὸν
1384 5376 1736 5430 ἀπολέσωσιν.
1779 5377 1837 5429 Ὀ

271 5460 331 5515 δὲ
377 5460 583 5530 Ἰησοῦς
622 5465 780 5531 γνοὺς
811 5464 1153 5537 ἀνεχώρησεν
1194 5466 1398 5520 ἐκεῖθεν
1425 5484 1465 5553 ’δ
1483 5468 1576 5523 καὶ
1608 5467 1836 5537 ἠκολού-

272 5549 449 5621 θησαν
482 5550 628 5620 αὐτῷ
654 5552 851 5616 πολλοὶ,
882 5555 972 5606 καὶ
998 5555 1359 5625 ἐθεράπευσεν
1381 5549 1576 5622 αὐτοὺς
1601 5560 1804 5623 πάντας
1821 5577 1833 5589 ·

350 5704 513 5760 Ἰεξιί,
548 5722 676 5767 XLII,
718 5708 833 5761 l-‘l.
910 5712 929 5739 ’
962 5709 1275 5771 Matthqu
1313 5712 1391 5765 Η.

595 5800 859 5859 Parnm.
910 5802 1025 5861 Gn.
1078 5803 1125 5861 Χ
1143 5804 1270 5865 ΧΗ.

1953 4540 2279 4605 sta'mentum
2322 4550 2540 4621 generis
2576 4550 2631 4603 in
2669 4549 2851 4605 lumen
2895 4552 3158 4622 gentium,
3184 4558 3244 4607 ut
3270 4552 3513 4621 aperires

1951 4642 2140 4697 oculos
2169 4656 2461 4705 caecorum,
2503 4651 2558 4695 et
2594 4640 2856 4698 educeres
2886 4658 2952 4697 ex
2986 4644 3215 4697 vinculis
3250 4643 3509 4712 illigatos.

1949 4738 2004 4784 et
2029 4730 2095 4785 de
2124 4730 2287 4785 domo
2316 4732 2552 4786 carceris
2601 4733 2851 4790 sedentes
2908 4735 2962 4787 in
3016 4732 3291 4789 tenebris?
3331 4750 3350 4783 ι
3384 4729 3509 4784 Haec

1951 4836 2081 4875 vero
2136 4822 2314 4886 nobis,
2365 4824 2520 4892 quasi
2550 4824 2913 4886 circumcisis,
2967 4820 3307 4878 discutienda
3358 4828 3502 4874 sunt.

1950 4909 2233 4967 Manifeste
2272 4927 2373 4967 nos
2413 4912 2757 4984 Evangelium
2785 4928 2815 4966 a
2850 4912 3128 4966 Salvature
3157 4918 3344 4964 nostro
3376 4907 3505 4963 Jesu

1946 5002 2087 5056 hanc
2109 5003 2267 5058 docet
2290 5004 2625 5074 prophetiam
2650 5007 2920 5075 impletam
2946 5003 3133 5067 fuisse,
3165 5018 3287 5056 cum
3324 5020 3341 5051 ‹
3370 5000 3509 5054 Pha-

1946 5093 2089 5149 risaei
2116 5105 2379 5151 exeuntes
2424 5098 2712 5153 consilium
2762 5098 3023 5152 adversus
3057 5109 3182 5149 eum
3223 5103 3504 5161 ceperunt.

1949 5195 2007 5240 ut
2050 5202 2173 5240 eum
2207 5188 2598 5246 interﬁcerent.
2630 5188 2784 5255 Quod
2834 5204 2962 5243 vero
3009 5187 3166 5242 Jesus
3198 5188 3393 5247 sciens,
3424 5200 3508 5237 se-

1945 5276 2111 5334 ceSsit
2155 5280 2280 5335 inde
2306 5300 2319 5335 :
2345 5290 2398 5335 et
2440 5290 2637 5338 secuta:
2667 5288 2794 5335 sunt
2827 5296 2949 5334 eum
2999 5279 3172 5333 turba":
3212 5275 3411 5338 mult-.2,
3455 5286 3509 5330 et

1946 5370 2157 5426 curavit
2188 5388 2283 5428 eos
2310 5389 2499 5430 omnes
2525 5416 2539 5437 ,
2570 5384 2622 5430 et
2655 5375 2907 5443 przecepit
2938 5373 3018 5428 eis
3056 5390 3124 5427 ne
3158 5368 3505 5455 manifestum

1948 5467 2124 5535 ipsum
2147 5465 2388 5521 facerent
2416 5470 2456 5519 ’.
2498 5487 2515 5519 ι
2552 5467 2646 5522 llis
2676 5467 2817 5522 enim
2849 5467 3139 5531 addituriu
3170 5466 3457 5537 Evangelio
3489 5483 3501 5517 :

1954 5578 1971 5611 ι
2008 5560 2073 5615 Ut
2104 5561 2420 5632 impleretur
2440 5560 2582 5630 quod
2608 5560 2808 5615 dictum
2838 5570 2918 5615 est
2943 5575 3038 5631 per
3060 5558 3250 5616 Isaiam
3285 5560 3508 5630 prophe-

3103 5806 3178 5864 39
