4008 6208
492 301 626 356 1227
1152 295 1412 350 EUSEBII
1453 291 1924 348 CiSARIENSIS
1961 291 2108 347 OPP.
2151 289 2330 346 PARS
2381 290 2468 346 III.
2511 322 2577 332 —
2618 290 3024 347 EXEGETICA.
3595 291 3722 344 I938

491 432 598 476 tam
622 421 886 476 dicentem
911 436 923 470 ι
953 415 1088 471 Ecce
1127 432 1262 486 puer
1294 432 1446 471 meus
1480 417 1534 470 in
1573 430 1681 487 quo
1710 413 2039 484 complacui,

2151 414 2242 466 καὶ
2275 413 2603 484 ἐπετίμησεν
2631 415 2830 477 αὐτοῖς,
2865 413 2950 465 ἵνα
2991 412 3062 482 μὴ
3112 411 3340 481 ῳανερὸν
3372 410 3541 465 αύτὸν
3577 414 3728 482 ποιή-

490 511 718 565 dilectus
753 522 925 572 meus,
950 520 1112 575 quem
1137 507 1298 576 elegit
1325 506 1503 560 anima
1533 521 1672 560 mea.
1707 503 1909 560 Ponam
1937 506 2045 575 spi-

2158 523 2320 559 σωσιν
2342 523 2354 535 ο
2401 527 2418 558 ι
2453 507 2663 571 τούτοις
2692 508 2801 578 γὰρ
2833 506 3148 578 ἐπιφέρεται
3173 509 3230 559 ἐν
3261 505 3341 576 τῷ
3372 505 3694 576 Εύαγγελίῳ
3715 523 3730 537 ·

489 605 652 657 ritum
679 614 857 654 meum
907 614 1072 670 super
1128 614 1275 664 eum,
1322 617 1344 653 ι
1407 607 1462 653 et
1519 598 1748 668 reliqua,
1809 599 1952 654 sicut
1997 598 2045 652 in

2160 618 2178 649 ι
2214 599 2329 652 ἰνα
2356 598 2610 670 πληρωθῇ
2644 598 2705 651 τὸ
2741 597 2900 670 ῥηθὲν
2932 597 3020 650 διὰ
3057 597 3278 650 Ἡσαΐου
3307 595 3403 650 τοῦ
3428 598 3728 668 προφήτου.

488 681 768 762 prophetia
831 689 1156 746 referuntur.
1203 688 1320 759 Ipse
1383 689 1545 760 igitur
1610 696 1774 754 esset,
1831 691 1922 760 qui
1965 689 2045 745 hic

2152 691 2398 759 λέγοντος
2418 706 2431 719 ·
2477 689 2605 744 Ἰδοὺ
2631 693 2659 743 ό
2692 693 2818 754 παῖς
2853 707 2978 760 μου,
3007 689 3066 741 ὃν
3097 689 3319 760 ᾑρέτισα
3339 706 3351 719 ’
3386 691 3415 742 ό
3447 689 3730 760 ἀγαπητός

485 781 655 838 Jecob
687 788 936 850 vocatur,
981 781 1154 836 Filius
1213 780 1307 837 Dei
1358 781 1688 850 unigenitus;
1736 780 1879 836 sicut
1919 781 2045 836 alias

2155 799 2276 852 μου,
2306 781 2363 834 ὃν
2389 781 2674 852 εὐδόκησεν
2703 783 2736 852 ἡ
2763 781 2906 852 ψυχή
2941 795 3069 851 pou‘
3103 780 3250 850 θήσω
3280 778 3341 832 τὸ
3371 780 3601 850 Πνεῦμά
3630 799 3727 851 μου

488 873 691 928 dictum
733 880 817 928 est
871 893 883 928 :
943 893 962 926 ι
993 873 1242 944 Magnum
1285 873 1383 928 tibi
1441 884 1524 929 est
1566 874 1746 928 vocari
1780 881 1832 929 te
1879 874 2045 928 ﬁlium

2153 874 2237 927 ἐπ’
2264 873 2446 937 αύτὸν,
2483 893 2501 925 ι
2537 874 2629 928 καὶ
2670 871 2740 926 τὰ
2781 872 2926 943 ἑξῆς,
2961 873 3060 924 ὅσα
3096 871 3161 940 δὴ
3205 873 3264 923 ὲν
3308 873 3375 942 τῇ
3421 872 3731 943 προφητεία

489 981 688 1028 meum,
723 965 989 1022 suscitare
1013 966 1188 1020 tribus
1215 963 1405 1029 Iacob,
1437 971 1491 1020 et
1525 965 1681 1020 faces
1712 963 1876 1021 Israel
1921 981 2053 1020 con-

489 1063 700 1112 vertere
743 1057 783 1112 ¹.
833 1076 852 1110 ι
891 1054 990 1112 Hic
1019 1057 1184 1128 igitur
1211 1071 1241 1111 a
1271 1055 1433 1112 Patre
1475 1072 1597 1110 cum
1629 1056 1768 1111 inter
1799 1057 1901 1111 alia
1928 1056 2049 1112 haec

489 1146 753 1203 audiisset
781 1167 794 1203 :
832 1166 850 1200 ι
888 1147 1020 1204 Dedi
1052 1159 1104 1204 te
1133 1149 1188 1203 in
1215 1156 1595 1205 testamentum
1625 1149 1859 1219 generis,
1887 1148 1940 1202 in
1966 1150 2050 1203 lu-

483 1235 611 1287 ‘men
635 1232 896 1303 gentium,
921 1233 1186 1304 judicium
1216 1235 1396 1289 attulit
1418 1235 1688 1306 gentibus,
1724 1256 1742 1289 ι
1774 1237 1847 1290 ita
1875 1246 1934 1290 ut
1957 1237 2048 1307 ju-

487 1323 666 1378 dicata
708 1325 920 1381 ratione
945 1327 1100 1396 juxta
1138 1339 1385 1382 sanctum
1421 1327 1766 1398 l-Ivangelium
1797 1329 1928 1398 ipsa:
1960 1329 2044 1383 di-

489 1415 792 1485 rigerentur
827 1435 840 1472 :
873 1417 1040 1488 liquet
1067 1418 1124 1472 in
1143 1419 1361 1474 nomine
1381 1419 1500 1489 ejus
1521 1420 1825 1491 speravisse
1860 1429 2046 1491 gentes

489 1521 610 1576 qua:
640 1507 697 1561 in
722 1523 844 1564 eum
869 1509 1238 1574 crediderunt,
1264 1511 1549 1582 ipsumque
1572 1511 1638 1566 ad
1661 1526 1755 1567 eas
1781 1512 1836 1566 in
1863 1512 2044 1567 lumen

489 1600 729 1670 gentium
758 1601 993 1666 venisse,
1023 1609 1082 1656 ut
1110 1603 1256 1657 verbi
1287 1602 1372 1657 sui
1403 1603 1607 1658 lumine
1631 1603 1826 1658 mentis
1855 1604 2044 1660 oculos

490 1693 642 1763 prius
676 1693 1035 1764 caligantibus
1080 1694 1403 1750 recluderet.
1439 1693 1542 1751 Sed
1586 1696 1748 1750 etiam
1799 1696 1982 1752 eduxit
2013 1713 2045 1753 e

490 1787 722 1843 vinculis
749 1787 1018 1858 quondam
1048 1796 1390 1858 peccatorum
1417 1788 1645 1844 nexibus
1673 1789 1930 1860 illigatos,
1957 1798 2042 1844 at-

489 1895 594 1950 que
623 1895 653 1933 e
677 1879 839 1934 domo
863 1881 1101 1935 carceris
1129 1881 1327 1936 diaboli
1354 1882 1476 1936 illos
1498 1881 1590 1951 qui
1611 1881 1850 1936 omnium
1873 1881 2041 1937 Deum

491 1969 800 2040 ignorantes
833 1971 886 2025 in
919 1971 1159 2027 tenebris
1185 1972 1461 2027 sedebant.
1479 1971 1635 2028 Licet
1655 1972 1900 2029 studioso
1930 1974 2044 2029 sin-

490 2060 934 2130 gulas-inquirere
950 2064 1244 2133 prophetia:
1263 2078 1446 2129 voces,
1467 2065 1838 2134 reliquamque
1857 2064 2045 2120 dictio-

491 2166 637 2217 nem,
665 2153 827 2209 sicut
881 2154 1042 2210 modo
1090 2155 1460 2225 exposuimus,
1503 2155 1581 2210 ad
1623 2155 1898 2212 Christum
1949 2154 2041 2211 Dei

491 2248 805 2305 transferre.

2151 963 2512 1018 κατείλεκται.
2542 963 2710 1026 Αύτὸς
2755 963 2798 1016 δ’
2847 962 2912 1016 ἂν
2961 957 3054 1014 οῦν
3093 960 3179 1030 εἴη
3224 961 3290 1013 ἂν
3335 961 3364 1012 ό
3399 963 3492 1014 καὶ
3534 961 3730 1015 Ἰακὼϐ

2149 1057 2507 1128 χρηματίσας,
2545 1057 2679 1120 Παῖς
2708 1055 2783 1107 ὢν
2829 1053 3117 1125 μονογενὴς
3151 1052 3240 1106 τοῦ
3284 1053 3444 1106 Θεοῦ·
3491 1055 3571 1118 ὡς
3605 1056 3727 1109 ἑτέ-

2151 1148 2280 1218 ρωθι
2314 1148 2606 1201 λέλεκται·
2646 1166 2665 1199 ι
2717 1146 2872 1215 Μέγα
2926 1145 3007 1200 σοί
3056 1146 3172 1198 ἐστι
3223 1145 3318 1198 τοῦ
3362 1145 3631 1216 κληθῆναί
3664 1163 3724 1200 σε

2148 1241 2312 1294 παῖδά
2357 1257 2477 1310 μου,
2525 1239 2617 1294 τοῦ
2665 1239 2859 1310 στῆσαι
2903 1237 3003 1302 τὰς
3043 1237 3215 1308 φυλὰς
3248 1236 3462 1303 Ἰακὼϐ,
3495 1240 3590 1292 καὶ
3625 1238 3724 1303 τὰς

2144 1330 2440 1403 διασπορὰς
2467 1330 2560 1385 τοῦ
2603 1330 2817 1402 Ἰσραὴλ
2850 1330 3195 1400 ἐπιστρέψαι.
3234 1347 3253 1380 ι
3301 1323 3472 1392 Οὗτος
3515 1330 3582 1401 δὴ
3619 1331 3722 1384 τοῖο

2144 1439 2237 1477 νυν
2283 1423 2434 1494 παρὰ
2477 1421 2570 1476 τοῦ
2623 1423 2836 1494 Πατρὸς
2895 1421 3133 1486 ἀκούσας
3187 1423 3326 1493 μετὰ
3383 1423 3483 1476 τῶν
3538 1423 3715 1478 ἄλλων

2145 1515 2207 1585 (Ῐο
2252 1514 2320 1568 52
2352 1514 2428 1585 νο)
2461 1515 2554 1567 καὶ
2580 1515 2668 1567 τό·
2713 1532 2731 1565 ι
2771 1513 2989 1566 Ἔδωκά
3017 1530 3074 1566 σε
3107 1515 3188 1577 είς
3213 1512 3472 1584 διαθήκην
3497 1515 3704 1584 γένους,

2145 1607 2223 1669 είς
2253 1604 2369 1675 φῶς
2410 1604 2600 1670 ἐθνῶν,
2631 1604 2811 1675 κρίσιν
2845 1603 3077 1675 ἐξήγαγε
3117 1607 3229 1668 τοῖς
3257 1605 3486 1666 ἔθνεσιν,
3523 1625 3542 1658 ι
3569 1605 3708 1658 ὥστε

2143 1696 2449 1768 κεκριμένῳ
2475 1695 2720 1767 λογισμῷ
2762 1694 2904 1749 κατὰ
2947 1695 3008 1748 τὸ
3037 1696 3180 1767 ἱερὸν
3206 1697 3538 1765 Εύαγγέλιον
3579 1697 3718 1750 αὐτὰ

2147 1788 2515 1843 πολιτεύεσθαι
2538 1805 2568 1842 ο.
2603 1788 2768 1857 σαφὲς
2801 1787 2844 1840 δ’
2878 1789 3026 1850 ὅπως
3071 1789 3162 1841 ἐπὶ
3203 1789 3278 1859 τῷ
3301 1789 3525 1860 όνόματι
3557 1787 3718 1841 αὑτοῦ

2146 1880 2214 1933 τὰ
2260 1879 2620 1934 πιστεύσαντα
2662 1881 2740 1942 εἰς
2775 1879 2932 1932 αὑτὸν
2983 1878 3108 1950 ἔθνη
3159 1879 3377 1950 ἧλπικε,
3423 1881 3523 1933 καὶ
3571 1881 3719 1943 ὅπως

2142 1971 2287 2042 αὐτῷ
2332 1970 2408 2042 (1)
2453 1973 2532 2035 είς
2583 1971 2695 2040 φῶς
2727 1971 2894 2024 ἐθνῶν
2917 1971 3304 2034 ἁναδέδεικται,
3335 1971 3478 2024 ὥστε
3507 1971 3597 2024 διὰ
3623 1971 3716 2024 τοῦ

2145 2066 2318 2135 φωτὸς
2353 2065 2446 2118 τοῦ
2479 2064 2637 2133 λόγου
2663 2064 2826 2117 αὑτοῦ
2868 2063 3444 2136 διανυγῆναι(οιγῆναι)
3467 2066 3597 2127 τοὺς
3621 2063 3718 2133 τῆς

2141 2156 2374 2219 διανοίας
2410 2155 2717 2226 ὀφθαλμοὺς
2756 2153 2862 2208 τῶν
2893 2155 3060 2208 παλαι
3105 2155 3327 2219 τούτοις
3381 2155 3719 2226 πεπηρωμέ-

2143 2265 2247 2300 νων
2271 2265 2284 2279 ·
2316 2247 2450 2301 ἀλλὰ
2481 2249 2573 2301 καὶ
2615 2246 2880 2319 ἐξήγαγεν
2927 2248 2993 2314 ὲκ
3030 2246 3242 2318 δεσμῶν
3282 2247 3409 2310 τοὺς
3454 2247 3721 2317 πρότερον

494 2347 694 2416 σειραῖς
724 2343 832 2397 τῶν
873 2342 1015 2397 [δίων
1061 2343 1341 2414 ἁμαρτιῶν
1385 2343 1845 2414 κατεσφιγμένους
1875 2341 1935 2406 ἐξ
1978 2340 2126 2396 οἴκου
2166 2359 2224 2397 τε
2246 2343 2346 2414 τῆς
2403 2343 2494 2397 τοῦ
2558 2343 2798 2397 διαϐόλου
2847 2343 3090 2414 φυλακῆς
3147 2345 3270 2406 τοὺς
3318 2343 3406 2397 διὰ
3449 2344 3551 2415 τὴν

487 2435 582 2487 τὸν
619 2435 724 2489 τῶν
744 2435 878 2490 ὅλων
899 2435 1030 2488 Θεὸν
1052 2434 1270 2504 ἄγνοιαν
1297 2436 1353 2488 ὲν
1380 2436 1556 2489 σκότει
1591 2435 1946 2508 καθημένους.
1969 2435 2254 2508 Πρόκειται
2278 2437 2334 2490 δὲ
2383 2436 2462 2508 τῷ
2501 2437 2786 2508 φιλομαθεί
2819 2438 3050 2507 ἑκάστην
3072 2436 3340 2502 ἐξετάζειν
3377 2436 3475 2507 τῆς
3507 2451 3722 2506 προᾳη,

489 2525 636 2588 τείας
661 2524 822 2591 λέξιν,
853 2527 948 2579 καὶ
979 2525 1252 2594 ἀναλόγως
1280 2528 1391 2589 τοῖς
1421 2526 1509 2594 ὑφ’
1536 2526 1690 2598 ἡμῶν
1709 2526 2012 2598 εἰρημένοις
2033 2526 2124 2579 ἐπὶ
2147 2527 2236 2580 τὸν
2256 2527 2488 2598 Χριστὸν
2511 2529 2603 2582 τοῦ
2630 2527 2763 2582 Θεοῦ
2792 2528 2861 2581 τὰ
2878 2528 3246 2581 ὑποπίπτοντα
3272 2527 3620 2598 μεταφέρειν.

1072 2618 1298 2676 CAPUT
1333 2619 1471 2674 XXI.

565 2730 584 2764 ι
622 2711 809 2767 Estote
829 2712 961 2766 mihi
993 2719 1181 2776 testes,
1205 2721 1258 2768 et
1285 2727 1384 2782 ego
1413 2713 1588 2780 testis,
1626 2711 1756 2766 dicit
1787 2711 2047 2767 Dominus

491 2804 654 2865 Deus.
680 2812 735 2858 et
767 2819 903 2872 puer
937 2818 1096 2872 quem
1148 2803 1282 2874 elegi
1311 2807 1352 2859 ³.
1391 2824 1409 2856 ι
1459 2803 1524 2857 Et
1556 2805 1678 2874 quis
1728 2811 1870 2858 esset
1917 2818 2050 2873 puer

489 2909 648 2965 quem
676 2893 833 2963 elegit
863 2891 1122 2947 Dominus
1169 2890 1311 2947 Deus
1338 2932 1354 2958 ,
1413 2907 1573 2962 quem
1615 2900 1668 2946 et
1721 2893 1823 2948 sibi
1857 2901 2046 2949 testem

494 2985 607 3039 fore
629 2980 885 3052 praedicat
917 2994 1108 3035 eorum
1133 2979 1228 3052 qui
1271 2979 1375 3052 ipsi
1402 2980 1771 3038 testimonium
1800 2984 2052 3054 perhibe-

493 3075 644 3139 bunt,
675 3075 780 3129 nisi
806 3074 915 3137 ille,
942 3072 1011 3128 de
1035 3087 1145 3144 quo
1167 3081 1220 3127 et
1250 3073 1305 3126 in
1347 3074 1670 3144 praecedenti
1699 3075 1935 3147 capitulo
1965 3075 2050 3131 di-

491 3175 634 3220 ctum
667 3174 788 3221 est:
827 3183 843 3216 ι
883 3163 1049 3219 Iacob
1104 3179 1237 3235 puer
1267 3179 1440 3232 meus,
1491 3166 1783 3236 suscipiam
1842 3183 1986 3233 eum,
2027 3183 2045 3220 ι

491 3267 545 3310 et
576 3273 695 3327 quae
723 3256 1061 3327 sequuntur?
1085 3254 1215 3323 Quae
1258 3256 1473 3326 quidem
1506 3257 1791 3314 manifeste
1834 3258 1901 3316 de
1929 3258 2049 3314 Sal-

491 3356 677 3412 vatore
707 3349 1038 3420 Dominoque
1065 3355 1253 3404 nostro
1271 3347 1399 3406 Jesu
1421 3351 1804 3422 prophetizata
1827 3351 2051 3408 demon-

491 3445 659 3492 strata
684 3445 831 3493 sunt.

1067 3551 1292 3608 CAPUT
1329 3551 1494 3608 XXII.

545 3661 582 3695 ,ι
617 3642 757 3702 Ecce
771 3660 870 3717 ego
897 3642 1156 3701 Dominus
1173 3643 1272 3701 Ieci
1293 3653 1512 3712 terram,
1531 3644 1867 3711 ethominem
1888 3660 2048 3715 super

487 3750 640 3803 eam;
672 3749 774 3810 ego
805 3750 968 3790 manu
991 3750 1109 3791 mea
1143 3734 1473 3790 consolidavi
1511 3733 1730 3798 coelum,
1755 3748 1854 3804 ego
1873 3735 2048 3788 omni-

489 3828 588 3882 bus
603 3827 780 3882 astris
807 3825 1076 3883 mandavi.
1110 3828 1220 3898 Ego
1254 3824 1514 3883 suscitavi
1534 3839 1658 3880 eum
1685 3839 1808 3879 cum
1831 3823 2046 3894 justitia

489 3934 688 3990 regem,
709 3925 765 3973 et
791 3931 982 3973 omnes
1012 3917 1112 3971 viae
1149 3917 1267 3988 ejus
1302 3924 1483 3973 rectae.
1515 3913 1617 3970 Hic
1642 3913 1929 3970 mdilicabit
1971 3913 2050 3968 ci-

485 4012 706 4067 vitatem
741 4026 935 4074 meam,
966 4020 1020 4065 et
1070 4010 1432 4079 captivitatem
1494 4006 1677 4079 populi
1731 4011 2044 4070 convertet,

489 4119 595 4158 non
627 4103 831 4174 pretio,
884 4117 1058 4173 neque
1094 4102 1411 4157 muneribus
1431 4140 1446 4164 ,
1500 4099 1630 4155 dicit
1663 4097 1923 4153 Dominus
1956 4097 2051 4152 Sa-

488 4193 670 4250 baoth.
701 4192 791 4250 Sic
815 4195 947 4248 dicit
979 4192 1241 4248 Dominus
1261 4191 1497 4246 Sabaoth
1526 4206 1539 4242 :
1572 4189 1862 4245 Laboravit
1875 4189 2044 4260 Egy-

485 4293 630 4356 ptus,
655 4293 709 4340 et
737 4285 1028 4356 negotiatio
1053 4283 1376 4354 Ethiopum
1396 4322 1412 4348 ,
1463 4291 1517 4338 et
1550 4281 1766 4337 Sabaim
1800 4281 1903 4336 viri
1951 4297 2045 4336 ex-

483 4374 615 4429 celsi
646 4374 712 4428 ad
743 4383 794 4429 te
826 4375 1156 4440 transibunt,
1188 4384 1242 4429 et
1264 4375 1340 4428 tui
1372 4380 1532 4429 erunt
1562 4373 1727 4438 servi,
1755 4381 1806 4428 et
1827 4386 1857 4426 a
1889 4379 2039 4442 tergo

477 4475 539 4521 te
565 4476 856 4536 sequentur
887 4467 1052 4522 vincti
1085 4466 1335 4530 manicis,
1363 4475 1416 4521 et
1455 4465 1760 4521 adorabunt
1787 4464 2041 4534 juvenes,

484 4565 541 4612 et
572 4559 624 4612 in
658 4566 709 4613 te
737 4558 1001 4623 orabunt,
1047 4559 1302 4630 quoniam
1336 4560 1390 4613 in
1437 4567 1488 4612 te
1537 4556 1678 4612 Deus
1711 4567 1816 4622 est,
1846 4563 1901 4611 et
1931 4572 2038 4611 non

477 4658 570 4706 est
598 4648 741 4706 Deus
771 4657 962 4719 praeter
997 4657 1048 4704 te
1077 4668 1092 4704 :
1130 4661 1185 4704 ιιι
1215 4651 1359 4704 enim
1389 4665 1449 4704 es
1478 4647 1651 4714 Deus,
1703 4655 1759 4702 et
1800 4663 1906 4703 non
1945 4663 2042 4702 no-

482 4759 756 4807 veramus,
799 4741 940 4796 Deus
971 4742 1132 4797 Israel
1163 4741 1428 4796 Salvator.
1461 4740 1797 4796 Erubescent
1826 4748 1880 4796 et
1913 4753 2044 4793 con-

486 4838 779 4893 fundentur
806 4850 995 4891 omnes
1019 4836 1112 4906 qui
1142 4837 1499 4890 adversantur
1541 4833 1676 4897 tibi,
1723 4841 1778 4888 et
1809 4832 2045 4888 ambula-

484 4931 619 4984 bunt
647 4929 702 4982 in
752 4927 956 4999 pudore
989 4927 1030 4981 ³.
1070 4947 1088 4980 ι
1151 4927 1428 4982 Christum
1463 4925 1621 4982 Pater
1676 4924 1962 4981 suscitavit
2012 4940 2043 4976 a

485 5022 738 5084 mortuis,
770 5020 1108 5075 constituens
1137 5035 1261 5074 eum
1297 5033 1430 5072 cum
1460 5016 1672 5088 justitia
1713 5031 1914 5087 regem,
1954 5032 2045 5071 su-

483 5130 580 5185 per
618 5112 747 5168 Sion
777 5110 1054 5165 cmlestem
1075 5152 1090 5176 ,
1129 5117 1363 5165 montem
1395 5117 1638 5164 sanctum
1665 5107 1786 5178 ejus
1813 5122 2044 5177 regnan-

485 5215 621 5272 tem;
657 5202 884 5272 ideoque
910 5201 1350 5266 suscitaviteum,
1379 5208 1662 5272 postquam
1685 5215 1704 5247 ι
1732 5212 1920 5252 omnes
1947 5197 2043 5270 via:

485 5296 623 5365 ejus,
655 5316 673 5348 ι
707 5296 803 5363 ait,
830 5295 986 5351 factae
1014 5305 1140 5352 sunt
1189 5303 1348 5350 rectae
1398 5314 1409 5348 :
1450 5308 1559 5349 non
1582 5303 1666 5350 est
1697 5294 1752 5347 in
1793 5291 1874 5346 eis
1917 5307 2042 5361 pra-

488 5404 610 5443 vum
638 5391 804 5460 quid,
856 5408 1032 5464 neque
1080 5402 1393 5460 perversum
1439 5388 1480 5443 ⁵.
1535 5406 1554 5440 ι
1591 5409 1702 5442 -ι
1754 5389 2041 5445 Peccatum

483 5479 630 5533 enim
674 5496 781 5535 non
839 5481 985 5547 fecit,
1019 5495 1195 5556 neque
1239 5481 1489 5534 inventus
1541 5489 1626 5534 cst
1665 5480 1820 5534 dolus
1865 5478 1918 5532 in
1949 5490 2045 5530 ore

558 5589 576 5621 ⁸
599 5589 720 5643 Isai.
749 5606 894 5658 xux,
921 5591 972 5644 6.
1049 5592 1069 5622 ¹
1100 5590 1223 5644 Isai.
1250 5604 1403 5654 xuu,
1437 5590 1522 5646 10.

555 5702 635 5779 ιι)
667 5700 824 5756 Forte
855 5703 957 5771 leg.
990 5703 1170 5766 αὑτός.
1212 5701 1363 5759 Eutr.

2647 2623 3036 2676 ΚΕΦΑΛΑΙΟΝ
3066 2621 3198 2678 KA'.

2225 2731 2243 2764 ι
2280 2713 2502 2766 Γένεσθέ
2537 2731 2626 2785 μοι
2661 2715 2952 2786 μάρτυρες,
2988 2715 3142 2784 κάγὼ
3171 2716 3398 2787 μάρτυς,
3419 2714 3574 2784 λέγει
3609 2717 3720 2770 Κύ-

2155 2820 2263 2876 ριος
2287 2806 2315 2859 ό
2339 2804 2488 2870 Θεὸς,
2521 2806 2614 2860 καὶ
2637 2808 2665 2860 ὁ
2696 2809 2820 2871 παῖς
2844 2807 2901 2860 ὃν
2933 2804 3279 2878 ἐξελεξάμην.
3315 2827 3333 2859 ι
3372 2807 3485 2860 Καὶ
3515 2807 3605 2870 τίς
3651 2807 3719 2860 ἂν

2152 2896 2234 2966 εἵη
2266 2895 2294 2946 ὁ
2323 2898 2450 2959 παῖς
2476 2897 2534 2949 ὃν
2565 2897 2838 2962 ἐξελέξατο
2873 2898 3074 2969 Κύριος
3099 2899 3128 2949 ὁ
3152 2898 3302 2961 Θεὸς,
3328 2896 3386 2950 ὃν
3413 2899 3510 2950 καὶ
3539 2899 3720 2968 ἑαυτῷ

2153 2986 2540 3056 συγκαταλέγει
2577 2989 2824 3060 μάρτυρα
2855 2989 3214 3060 γενησόμενον
3247 2988 3354 3042 τῶν
3391 2989 3542 3060 αύτῷ
3579 3007 3718 3062 μαρ-

2150 3076 2531 3149 τυρούντων,ἢ
2580 3074 2730 3142 οὗτος
2777 3079 2904 3150 περὶ
2945 3072 3005 3131 οὗ
3034 3079 3126 3132 καὶ
3168 3081 3225 3132 ἐν
3266 3078 3345 3150 τῷ
3390 3079 3499 3150 πρὸ
3523 3079 3717 3133 τούτου

2150 3168 2428 3240 κεφαλαίῳ
2460 3170 2694 3238 ἐλέγετοθ
2731 3189 2749 3222 ι
2792 3169 2986 3224 Ἰακὼϐ
3029 3170 3057 3220 ὁ
3090 3172 3217 3233 παῖς
3255 3187 3388 3241 μου,
3421 3170 3717 3243 ἀντιλήψο-

2153 3278 2246 3332 μαι
2285 3261 2469 3325 αύτοῦ,
2513 3282 2530 3314 ι
2569 3261 2663 3314 καὶ
2711 3260 2778 3315 τὰ
2827 3261 2987 3333 ἐξῆς;
3041 3260 3197 3314 ἅτινα
3249 3262 3435 3332 σαφῶς
3477 3263 3575 3316 ἐπὶ
3628 3263 3720 3315 τὸν

2149 3353 2376 3423 Σωτῆρα
2405 3353 2498 3406 καὶ
2530 3353 2730 3424 Κύριον
2760 3353 2917 3425 ἡμῶν
2953 3351 3157 3424 Ἰησοῦν
3201 3353 3560 3408 ἀπεδείκνυτο
3591 3371 3717 3425 προ-

2151 3460 2392 3514 πεφητευ
2399 3443 2553 3514 μένα.

2647 3556 3039 3611 ΚΕΦΑΛΛΙΟΝ
3087 3557 3214 3610 KB’.

2223 3663 2241 3698 ι
2268 3644 2408 3715 Ἐγὼ
2433 3646 2662 3717 ἐποίησα
2694 3647 2816 3717 γῆν,
2846 3649 2938 3701 καὶ
2965 3647 3246 3720 ἄνθρωπον
3263 3648 3536 3718 ὲπάύτῆς
3556 3665 3570 3676 ·
3604 3646 3715 3716 ἐγὼ

2146 3739 2211 3808 τῇ
2245 3736 2385 3808 χειρί
2419 3753 2518 3807 μου
2559 3737 2860 3808 ὲστερέωσα
2887 3737 2976 3790 τὸν
3004 3738 3228 3810 οὐρανόν
3246 3755 3260 3768 ο
3300 3737 3410 3805 ἐγὼ
3441 3739 3574 3790 πᾶσι
3603 3741 3714 3801 τοῖς

2147 3829 2364 3900 ἄστροις
2413 3825 2777 3898 ἐνετειλάμην.
2824 3826 2963 3896 Ἐγὼ
3007 3829 3203 3899 ἤγειρα
3243 3827 3404 3881 αὐτὸν
3450 3826 3588 3898 μετά
3631 3828 3712 3881 δι-

2147 3919 2435 3989 καιοσύνης
2471 3917 2711 3988 βασιλέα,
2746 3919 2838 3972 καὶ
2873 3919 3041 3972 πᾶσαι
3073 3921 3128 3972 αἱ
3157 3919 3265 3971 ὁδοὶ
3289 3916 3454 3971 αὑτοῦ
3482 3917 3707 3970 εὐθεῖαι.

2147 4005 2312 4073 Οὗτος
2344 4011 2682 4083 οἰκοδομήσει
2717 4012 2814 4082 τὴν
2838 4011 2989 4066 πόλιν
3031 4029 3148 4083 μου,
3180 4011 3275 4064 καὶ
3307 4013 3405 4082 τὴν
3431 4012 3711 4082 αἰχμαλω-

2149 4103 2266 4158 σίαν
2297 4102 2390 4156 τοῦ
2421 4103 2547 4157 λαοῦ
2585 4122 2684 4175 μου
2716 4104 3048 4176 ἐπιστρέψει,
3077 4106 3136 4157 οὐ
3179 4103 3319 4174 μετὰ
3346 4103 3558 4175 δώρων,
3591 4104 3708 4156 οὐδὲ

2150 4196 2285 4267 μετὰ
2332 4195 2560 4267 λύτρων,
2607 4191 2754 4249 εἶπεν
2794 4194 2996 4267 Κύριος
3038 4181 3284 4248 Σαϐαὼθ.
3328 4193 3520 4258 Οὕτως
3563 4194 3707 4262 λέγει

2147 4285 2346 4358 Κύριος
2373 4283 2597 4340 Σαϐαὼθ
2617 4302 2634 4316 ’
2675 4286 2991 4339 Ἐκοπίασεν
3020 4285 3308 4353 Αἴγυπτος,
3345 4285 3440 4338 καὶ
3471 4286 3706 4356 ἐμπορία

2143 4376 2428 4438 Αἰθιόπων,
2456 4375 2548 4429 καὶ
2567 4374 2869 4446 οίΣαϐαεὶμ
2887 4375 3072 4446 ἄνδρες
3104 4374 3294 4446 ὑψηλοὶ
3321 4376 3414 4427 ἐπὶ
3439 4376 3498 4427 σὲ
3520 4374 3703 4442 διαϐή-

2150 4485 2348 4532 σονται,
2377 4469 2470 4521 καὶ
2495 4468 2576 4520 σοι
2602 4467 2811 4522 ἔσονται
2835 4468 3030 4530 δοῦλοι,
3059 4469 3152 4521 καὶ
3179 4467 3355 4521 ὀπίσω
3377 4484 3471 4520 σου
3489 4467 3701 4520 ἀκολου-

2150 4557 2368 4628 θήσουσι
2401 4557 2668 4627 δεδεμένοι
2705 4557 3062 4628 χειροπέδαις,
3085 4557 3180 4609 καὶ
3205 4555 3550 4627 διαϐήσονται
3576 4556 3698 4627 πρὸς

2149 4651 2230 4715 σὲ,
2270 4651 2361 4703 καὶ
2390 4650 2822 4721 προσκυνήσουσί
2853 4649 3062 4712 comta".
3093 4650 3149 4700 ἐν
3186 4649 3269 4700 σοὶ
3302 4648 3693 4719 προσεύξονται.

2147 4745 2230 4796 ὄτι
2251 4744 2308 4796 ἐν
2328 4743 2410 4796 σοὶ
2437 4744 2465 4794 ό
2492 4741 2622 4805 Θεός
2651 4743 2785 4805 ἐστι,
2817 4740 2907 4793 καὶ
2933 4742 3030 4794 οὐκ
3049 4739 3320 4803 ἕστιθεὸςη
3333 4739 3474 4810 πλὴν
3491 4740 3608 4792 σοῦ·
3635 4738 3690 4790 σὺ

2143 4835 2250 4906 γὰρ
2275 4831 2322 4888 εἷ
2357 4833 2508 4898 Θεὸς,
2540 4833 2632 4886 καὶ
2663 4832 2761 4885 ούκ
2785 4831 3027 4902 ᾔδειμεν,
3058 4829 3189 4893 Θεὸς
3217 4829 3312 4883 τοῦ
3351 4830 3567 4902 Ἰσραὴλ
3594 4829 3688 4880 Σω-

2142 4929 2278 4998 τήρ·
2319 4925 2762 4998 αἰσχυνθήσονται
2813 4924 2906 4977 καὶ
2948 4924 3378 4993 ἐντραπήσονται
3420 4922 3614 4982 πάντες
3644 4919 3686 4972 οἱ

2144 5017 2502 5088 ἀντικείμενοί
2536 5033 2637 5078 σοι,
2667 5015 2762 5068 καὶ
2793 5013 3143 5084 πορεύσονται
3165 5015 3222 5066 ἐν
3250 5010 3501 5083 αἰσχύνῃ.
3533 5029 3552 5064 ι
3579 5011 3686 5079 Χρίν

2147 5111 2268 5164 στὸν
2307 5113 2336 5164 ὁ
2384 5109 2570 5181 Πατὴρ
2615 5109 2832 5179 ἤγειρεν
2869 5108 2934 5160 ἐκ
2980 5107 3186 5180 νεκρῶν
3228 5105 3320 5159 τοῦ
3362 5101 3502 5160 εἶναι
3542 5101 3682 5156 αὑτὸν

2149 5201 2284 5271 μετὰ
2329 5200 2667 5271 δικαιοσύνης
2713 5198 2952 5269 βασιλέα,
2986 5199 3079 5252 ἐπὶ
3113 5198 3247 5252 Σιὼν
3286 5199 3348 5252 τὸ
3385 5199 3677 5268 ἐπουράνιον

2145 5290 2268 5362 ὅρος
2303 5293 2362 5342 τὸ
2393 5289 2546 5359 ἆγιον
2575 5289 2741 5344 αὐτοῦ
2767 5288 3117 5361 βασιλεύοντα
3138 5305 3152 5320 ο
3193 5290 3286 5342 καὶ
3319 5289 3411 5342 ἐπὶ
3454 5286 3600 5340 τοῦτό
3622 5297 3671 5351 γε

2145 5385 2304 5436 αὐτὸν
2332 5385 2569 5456 ἤγειρεν,
2601 5381 2785 5453 ἐπειδὴ
2825 5399 2843 5432 ι
2882 5382 3051 5434 πᾶσαι
3079 5379 3134 5434 αἰ
3173 5380 3280 5433 ὁδοὶ
3315 5378 3499 5442 αὑτοῦ,
3535 5398 3551 5430 ι
3584 5390 3667 5442 φη·

2149 5475 2252 5537 σὶν,
2287 5494 2306 5526 ι
2339 5475 2619 5548 γεγόνασιν
2646 5473 2868 5540 εὐθεῖαι,
2902 5471 3064 5545 μηδὲν
3088 5471 3304 5543 ἔχουσαι
3331 5469 3536 5524 σκολιὸν
3557 5462 3665 5536 μηδὲ

1623 5590 1644 5622 ³
1669 5588 1789 5644 Isai.
1817 5604 1938 5645 ην.
1971 5585 2152 5644 1246,
2229 5586 2250 5618 ³
2274 5585 2432 5642 Prov.
2476 5604 2590 5646 \‘lll,
