3950 6218
293 257 433 312 1229

1314 263 1611 321 ECLOGA:
1652 262 2202 323 PROPHETlCaE.—
2243 262 2370 321 LIB.
2414 265 2502 322 IV.

3380 274 3527 331 ιεεο

290 383 750 456 στραγγαλιῶδεε.
783 404 799 436 ι
813 406 905 437 --ι
929 386 1227 459 ’Ᾱμαρτιαν
1244 388 1350 458 γάρ
1370 405 1450 440 τοι
1465 388 1564 440 ούκ
1580 387 1851 457 ἐποίησεν,

1956 386 2076 455 ejus
2109 398 2147 441 ι.
2185 407 2204 439 ι
2239 385 2339 441 Hic
2362 400 2579 457 quoque
2621 386 2895 444 civitatem
2923 390 3210 446 aediﬁcavit
3236 393 3326 447 Dei
3352 435 3366 460 ,
3403 408 3533 448 san-

285 477 411 531 οἰδὲ
432 478 627 550 εὑρέθη
650 478 798 542 δόλος
826 481 880 531 ἐν
903 478 981 548 τῷ
998 480 1224 549 στόματι
1248 478 1431 532 αὑτοῦ.
1462 475 1655 542 »Οὗτος
1682 479 1739 532 δὲ
1764 478 1857 532 καὶ

285 571 387 641 τὴν
424 570 575 623 πόλιν
596 570 909 641 ᾠκοδόμησε
930 570 1022 624 τοῦ
1058 570 1214 633 Θεοῦ,
1246 572 1345 643 τήν
1364 589 1422 624 τε
1444 574 1535 624 ὲπὶ
1574 571 1677 639 γῆς
1698 570 1857 633 ἁγίαν

301 662 627 733 Ἐκκλησίαν
660 662 822 715 αὑτοῦ
856 663 950 716 καὶ
982 662 1078 734 τὴν
1108 663 1427 734 ἐπουράνιον
1471 661 1855 734 Ίερουσαλήμ’

292 754 626 824 ἐπιστρέψας
670 754 767 825 τὴν
810 754 1182 826 αἰχμαλωσίαν
1223 756 1317 808 τοῦ
1367 754 1495 808 λαοῦ
1542 753 1730 834 αςῦτοῦ,
1758 755 1858 826 τὴν

292 849 588 918 γενομένην
630 849 761 901 ποτὲ
788 848 892 901 ὑπὸ
919 847 1007 901 τὸν
1044 848 1230 918 νοητὸν
1254 847 1739 918 Ναὸουχοδονόσορ,
1766 848 1860 901 καὶ

290 940 391 1004 τὰς
426 941 517 993 ὑπ’
546 941 707 993 αὐτὸν
748 940 1003 1010 δυνάμεις
1038 940 1279 1010 πονηράς
1302 958 1316 970 ’
1363 942 1457 994 καὶ
1495 938 1559 1011 δὴ
1594 938 1693 1011 τὴν
1727 956 1861 1011 προ-

291 1032 588 1104 ειρημένην
624 1031 993 1104 αἰχμαλωσίαν
1027 1032 1383 1103 ὑπέστρεψεν,
1420 1033 1480 1086 οὗ
1524 1032 1693 1103 λύτρα
1736 1032 1860 1095 δοὺς

288 1126 405 1186 τοῖς
431 1122 949 1193 αίχμαλωτεύσασιν,
985 1123 1105 1176 οὐδὲ
1139 1121 1242 1193 μὴν
1274 1121 1465 1195 δώροις
1497 1124 1693 1187 αὐτοὺς
1734 1122 1857 1176 πεί-

288 1232 412 1279 σας,
438 1214 770 1285 στρατεύσας
800 1214 857 1268 δὲ
881 1215 998 1266 κατ’
1023 1214 1200 1266 αὐτῶν
1228 1214 1319 1267 καὶ
1343 1213 1408 1266 δι’
1431 1211 1639 1282 ἀγῶνος
1661 1212 1856 1274 αὐτοὺς

286 1309 711 1381 χειρωσάμενος,
749 1308 887 1361 ὥστε
930 1310 1023 1361 ἐπὶ
1068 1307 1145 1378 τῷ
1182 1306 1562 1378 κατορθώματι
1608 1306 1858 1379 λαμπρυο

287 1397 519 1468 νάμενον
553 1397 748 1466 φάναι·
784 1416 804 1447 ‹
842 1398 980 1465 Ἐγὼ
1004 1397 1260 1469 νενίκηκα
1290 1398 1379 1450 τὸν
1409 1397 1631 1464 κόσμον.
1665 1417 1683 1449 ι
1712 1399 1859 1468 Μαρ-

284 1492 444 1560 τυρεῖ
477 1488 537 1557 (f.
571 1489 659 1559 55)
692 1487 897 1551 τούτοις
929 1488 997 1541 τὰ
1028 1487 1204 1560 πλήθη
1237 1487 1342 1541 τῶν
1387 1489 1494 1542 ἀπὸ
1533 1489 1633 1559 τῆς
1666 1488 1858 1559 προτέ-

291 1596 392 1648 ρας
421 1579 625 1650 πλάνης
657 1579 747 1631 ἐπὶ
771 1579 831 1631 τὸ
857 1577 1140 1647 γινώσκειν
1171 1581 1260 1632 τὸν
1294 1579 1469 1651 ἀληθῆ
1498 1579 1629 1633 Θεὸν
1658 1579 1724 1633 δι’
1758 1581 1855 1632 αύ-

286 1666 384 1719 τοῦ
418 1667 959 1741 παλινδρομησάντων
980 1669 1042 1738 ’ἢ
1066 1669 1371 1738 λεγέτωσαν
1395 1671 1444 1723 οἱ
1463 1671 1526 1723 ὲκ
1550 1670 1853 1742 περιτομῆς

1960 486 2102 533 ctam
2144 478 2199 532 in
2252 487 2398 534 terra
2427 477 2724 534 Ecclesiam
2774 480 2916 550 ejus,
2953 483 3339 555 caalcstemque
3375 484 3537 542 Jeru‘

1960 571 2163 638 salem;
2198 586 2322 626 cum
2365 571 2727 628 convertisset
2762 574 3137 645 captivitatem
3182 577 3363 647 populi
3422 581 3534 632 sui,

1959 678 2079 735 quae
2098 664 2277 718 evenit
2305 664 2407 719 sub
2428 665 2702 735 spirituali
2732 663 3259 730 Nabuchodonosor,
3286 655 3537 723 nefariis-

1959 772 2062 826 que
2089 755 2321 810 subditis
2343 756 2392 810 ei
2432 757 2831 827 potestatibus;
2856 764 2912 812 et
2939 772 3071 812 sane
3096 756 3407 827 pra'dictam
3438 772 3536 812 ea-

1961 847 2258 917 ptivitatem
2285 849 2574 913 convertit,
2614 864 2722 903 non
2751 849 2984 919 pretium
3016 849 3152 905 dans
3176 848 3536 903 custodienti~

1959 938 2082 999 bus.
2108 954 2284 1008 neque
2311 954 2407 993 eos
2456 940 2776 996 muneribus
2798 949 3045 1010 captans,
3078 941 3353 1011 przeliatus
3403 956 3530 995 vero

1960 1030 2221 1085 adversus
2260 1046 2395 1095 eos,
2449 1041 2502 1086 et
2544 1032 2843 1088 certamine
2886 1048 2980 1088 eos
3030 1033 3315 1102 dejiciens,
3347 1033 3420 1088 ita
3469 1046 3527 1088 ut

1957 1136 2128 1176 ovans
2158 1123 2526 1187 exclamaret:
2570 1144 2587 1175 ι
2639 1123 2749 1194 Ego
2802 1123 2902 1178 vici
2954 1124 3215 1179 mundum
3244 1127 3286 1179 ³.
3330 1144 3349 1177 ι
3407 1123 3533 1180 Haec

1962 1214 2249 1268 conﬁrmat
2282 1214 2572 1270 multitudo
2596 1231 2783 1272 eorum
2813 1217 2905 1288 qui
2934 1232 2963 1271 a
2995 1218 3225 1288 pristino
3253 1232 3438 1272 errore
3461 1219 3527 1270 ad

1962 1316 2146 1357 veram
2192 1303 2290 1359 Dei
2326 1305 2610 1359 scientiam
2659 1306 2905 1375 perducti
2951 1315 3078 1363 sunt
3106 1323 3198 1378 per
3230 1323 3352 1363 eum
3385 1327 3398 1362 :
3441 1308 3527 1362 di-

1958 1403 2083 1448 cant
2116 1396 2210 1466 qui
2250 1411 2317 1451 ex
2344 1396 2762 1453 circumcisione
2790 1409 2936 1464 sunt,
2967 1400 3056 1455 cui
3089 1400 3381 1455 convenire
3403 1415 3531 1471 pos-

1958 1488 2065 1541 sint
2091 1488 2254 1543 verha
2290 1489 2454 1559 hujus
2481 1490 2797 1561 prophetiae,
2826 1490 2994 1546 Deum
3049 1492 3337 1548 manifeste
3364 1495 3534 1548 conli-

1957 1585 2138 1636 teutis.
2172 1601 2190 1633 ι
2236 1581 2300 1636 Hi
2320 1584 2490 1648 enim,
2518 1584 2613 1645 ait,
2641 1583 2694 1637 hi
2719 1583 2815 1637 tibi
2844 1592 3004 1639 erunt
3032 1586 3200 1649 servi,
3234 1592 3289 1640 et
3328 1597 3447 1655 post
3477 1592 3533 1640 te

1955 1673 2331 1737 ambulabunt,
2357 1682 2411 1729 et
2439 1674 2744 1729 adorabunt
2772 1684 2845 1741 te,
2877 1684 2930 1730 ct
2966 1678 3019 1729 in
3049 1687 3098 1731 te
3118 1677 3372 1740 orabunt,
3400 1692 3536 1747 quo-

290 1761 385 1814 ἐπὶ
418 1762 535 1816 τίνα
555 1762 599 1813 δ’
622 1762 685 1815 ἂν
733 1764 1021 1833 άρμόζοιεν
1050 1764 1118 1817 τὰ
1148 1765 1246 1835 τῆς
1278 1764 1415 1836 μετὰ
1440 1768 1625 1837 χεῖρας
1648 1782 1851 1836 προφη-

1960 1766 2102 1819 niam
2126 1766 2179 1819 in
2204 1774 2256 1821 te
2280 1773 2364 1821 est
2392 1765 2555 1831 Deus,
2586 1775 2640 1822 et
2677 1783 2785 1822 non
2812 1777 2895 1824 est
2927 1767 3068 1823 Deus
3101 1777 3299 1838 praeter
3325 1775 3399 1822 te.
3418 1746 3427 1747 ί
3449 1767 3531 1822 Tu

284 1854 439 1917 τείας
474 1854 657 1921 σαφῶς
689 1855 819 1908 Θεὸν
844 1856 1207 1929 ὁμολογούσης
1235 1858 1326 1911 τὸν
1354 1860 1852 1930 προφητευόμενον·

267 1934 312 1996 ἰ
346 1948 409 2000 OE
433 1947 489 1999 δὲ
515 1947 675 2015 γὰρ,›
704 1950 856 2018 φησι,
894 1967 911 1999 ι
945 1949 1038 2001 καὶ
1062 1950 1167 2003 οἵδε
1196 1950 1278 2001 σοὶ
1299 1950 1509 2003 ἔσονται
1538 1950 1733 2013 δοῦλοι,
1762 1951 1856 2003 καὶ

283 2038 461 2092 ὀπίσω
516 2057 607 2093 σου
659 2041 1099 2110 ἀκολουθήσουσι,
1132 2044 1224 2096 καὶ
1268 2043 1701 2114 προσκυνήσουσί
1752 2061 1853 2105 σοι,

287 2133 385 2185 καὶ
430 2134 483 2185 ἐν
511 2132 591 2184 σοὶ
626 2134 1030 2203 προσεύξονται,
1060 2136 1140 2188 ὅτι
1170 2137 1226 2188 ἐν
1252 2136 1336 2188 σοὶ
1377 2137 1405 2188 ὁ
1436 2134 1569 2198 Θεός
1601 2137 1735 2195 ἐστι,
1765 2137 1857 2187 καὶ⁸

282 2224 386 2277 οὖκ
416 2223 559 2277 ἐστιν
588 2224 742 2288 ἄλλος
775 2226 913 2296 πλὴν
954 2225 1046 2278 σοῦ
1071 2244 1085 2257 ·
1126 2227 1189 2279 σὺ
1221 2225 1329 2297 γὰρ
1364 2220 1414 2277 εἷ
1441 2225 1592 2301 Θεὸς,
1625 2225 1719 2279 καὶ
1756 2225 1858 2278 οὐκ

279 2316 527 2387 ᾔδειμεν,
556 2316 687 2380 Θεὸς
719 2317 811 2371 τοῦ
850 2318 1063 2389 Ἰσραὴλ
1093 2319 1305 2389 Σωτήρ.
1350 2337 1368 2369 ι
1406 2317 1603 2387 Σαφῶς
1637 2316 1745 2387 γάρ
1774 2334 1857 2369 τοι

284 2410 522 2469 ἐνταῦθα
579 2406 623 2479 ᾧ
651 2411 837 2480 λέγετο
889 2411 974 2475 τὸ,
1017 2410 1097 2463 ὅτι
1145 2429 1163 2461 ι
1203 2411 1232 2463 ὁ
1273 2409 1404 2473 Θεὸς
1446 2411 1503 2461 ὲν
1542 2409 1623 2461 σοί
1664 2413 1798 2471 ἐστι,
1830 2431 1849 2461 ο

281 2504 461 2575 τούτῳ
486 2503 821 2575 προσφωνῶν
852 2520 1017 2572 φησιν
1041 2504 1068 2555 ὀ
1092 2502 1247 2570 λόγος
1275 2500 1355 2564 τὸ,
1394 2519 1412 2551 ι
1450 2502 1545 2554 καὶ
1575 2501 1674 2554 οὐκ
1710 2501 1856 2555 ἔστιν

280 2598 443 2662 ἄλλος
464 2597 602 2668 πλὴν
632 2595 722 2649 σοῦ
750 2612 763 2625 ·
801 2598 863 2650 σὺ
888 2598 997 2666 γὰρ
1030 2592 1081 2648 εἷ
1110 2594 1262 2658 Θεὸς,
1296 2596 1391 2647 καὶ
1420 2595 1520 2647 οὐκ
1547 2594 1764 2665 ᾔδειμεν
1784 2611 1797 2625 ο
1832 2614 1849 2644 ι

277 2690 316 2746 ἃ
357 2690 451 2743 καὶ
480 2688 789 2756 ἐξακούεται
821 2687 896 2750 ὡς
936 2686 1001 2740 ἂν
1039 2688 1102 2739 ὲκ
1130 2684 1421 2756 προσώπου
1451 2685 1717 2754 λεγόμενα
1746 2684 1855 2737 τῶν

277 2779 671 2848 ἑπεγνωκὸτων
693 2777 1182 2848 ὲνανθρωπήσαντα
1201 2775 1291 2828 τὸν
1316 2776 1549 2846 Χριστὸν
1570 2774 1663 2829 τοῦ
1687 2774 1821 2828 Θεοῦ
1837 2792 1849 2805 ’

276 2872 338 2923 ὲν
363 2863 408 2937 ᾧ
439 2869 730 2938 ἐτύγχανεν
757 2868 920 2921 οἰκῶν
945 2868 1075 2929 Θεὸς
1102 2869 1129 2918 ὁ
1157 2866 1366 2936 Πατὴρ,
1398 2866 1536 2920 κατὰ
1563 2867 1642 2919 τόο
1677 2886 1694 2918 ι
1718 2865 1857 2934 Ἐγὼ

282 2962 344 3014 ὲν
370 2958 448 3029 τῷ
484 2958 674 3029 Πατρὶ,
707 2957 801 3009 καὶ
835 2959 861 3010 ὁ
896 2957 1084 3027 Πατὴρ
1115 2958 1171 3009 ὲν
1205 2956 1355 3026 ἐμοί·
1393 2976 1411 3007 ι
1441 2957 1506 3008 δι’
1532 2955 1560 3007 ὃ
1595 2957 1687 3008 καὶ
1714 2957 1857 3026 μόνῳ

286 3054 357 3107 ἂν
385 3052 535 3122 αύτῷ
563 3052 790 3123 ἀρμόσοι
816 3052 894 3114 τὸ,
930 3070 946 3101 ι
978 3052 1090 3104 Ούκ
1121 3051 1233 3103 ἔστι
1260 3051 1391 3115 Θεὸς
1421 3051 1559 3121 πλὴν
1593 3051 1741 3115 σοῦ,›
1782 3052 1856 3115 ὼς

283 3146 354 3200 ἂν
413 3145 578 3215 μόνης
617 3145 715 3215 τῆς
760 3142 850 3196 τοῦ
901 3143 1072 3211 Λόγου
1121 3142 1371 3214 θεότητος
1419 3143 1701 3214 ἡνωμένης
1760 3144 1851 3196 καὶ

280 3236 739 3309 ἀνακεκραμένης
770 3239 835 3307 τῇ
869 3238 1103 3306 πατρικῇ
1134 3234 1397 3307 βασιλείᾳ,
1436 3236 1531 3289 καὶ
1575 3235 1663 3289 διὰ
1698 3235 1853 3291 τοῦτο

278 3333 413 3402 μιᾶς
439 3329 538 3399 τῆς
576 3328 903 3399 ἀμφοτέρων
936 3328 1320 3399 ἑπινοουμένης
1344 3327 1500 3400 δόξης
1534 3346 1594 3381 τε
1630 3329 1721 3382 καί⁸
1749 3329 1849 3401 ἁρ-

275 3421 384 3490 χῆς
409 3437 422 3449 ·
454 3421 510 3471 ἐν
540 3417 596 3471 δὲ
628 3418 725 3488 τῷ,
761 3436 779 3469 ι
821 3419 1138 3471 Ἐκοπίασεν
1168 3417 1459 3486 Αἴγυπτος,
1492 3419 1585 3471 καὶ
1611 3419 1850 3491 ἐμπορία

272 3511 571 3575 Αἰθιόπων,
604 3512 697 3565 καὶ
719 3512 768 3563 οί
798 3510 1040 3580 Σαὸαεὶμ
1078 3511 1268 3581 ἄνδρες
1301 3510 1492 3583 {aQ/qni
1524 3511 1616 3563 ἐπὶ
1648 3512 1707 3565 σὲ
1734 3512 1849 3566 δια-

277 3606 553 3678 ϐήσονται,
598 3624 616 3656 ι
664 3603 950 3675 δηλοῦσθαι
998 3602 1200 3674 νομίζω
1242 3604 1368 3675 περὶ
1426 3604 1629 3673 νοητῶν
1686 3622 1848 3658 τινων

275 3695 668 3767 ἀντικειμένων
714 3694 993 3764 δυνάμεων
1050 3692 1235 3761 ἀγῶνα
1286 3693 1423 3764 πρὸς
1471 3695 1562 3747 τὸν
1614 3694 1847 3766 Χριστὸν

276 3789 588 3864 ἀραμένων,
614 3788 706 3840 καὶ
734 3785 1064 3857 ὑποχειρίων,
1083 3783 1231 3855 αὐτῷ
1262 3785 1659 3855 γεγενημένων,
1694 3785 1727 3855 ἢ
1754 3786 1848 3839 καὶ

272 3880 463 3950 ψυχῶν
508 3878 720 3932 τοιωνδὶ
772 3879 890 3931 κατ’
937 3877 1109 3949 ἀρχὰς
1165 3877 1262 3947 μὲν
1312 3878 1717 3932 ὰντιτεινουσῶν
1769 3879 1848 3949 τῷ

274 3972 454 4041 Λόγῳ,
491 3970 711 4044 ὕστερον
739 3971 796 4024 δέ
838 3987 968 4023 ποτε
1000 3968 1097 4040 τὴν
1139 3969 1229 4023 ὑπ’
1258 3969 1418 4021 αὐτὸν
1450 3968 1691 4024 δουλείαν
1720 3970 1848 4023 ἀνα-

272 4064 612 4134 δεδεγμένων
640 4064 733 4115 ἐπὶ
769 4065 835 4133 τῇ
872 4060 1078 4114 ἑαυτῶν
1114 4060 1420 4132 εὐεργεσίᾳ.
1469 4061 1601 4131 Περὶ⁵
1645 4060 1846 4113 τούτων

273 4157 343 4225 γέ
370 4175 451 4210 τοι
491 4155 743 4209 λέγεσθαι
784 4154 986 4221 νομίζω
1025 4152 1119 4206 καὶ
1148 4153 1229 4216 τὸ,
1266 4172 1283 4202 ι
1321 4153 1569 4204 Ἐσονταί
1601 4169 1681 4204 σοι
1723 4152 1844 4205 δοῦ-

267 4254 379 4314 λοι,
408 4252 498 4303 καὶ
528 4249 701 4302 ὀπίσω
732 4264 823 4300 σου
851 4244 1271 4315 ἀκολουθήσουσι
1300 4243 1568 4313 δεδεμένοι
1598 4244 1845 4314 χειροπέ-

263 4339 414 4405 δαις,
452 4341 545 4394 καὶ
572 4344 627 4394 ὲν
668 4341 750 4393 col.
781 4337 1197 4408 προσεύξονται·
1240 4356 1258 4387 ι
1291 4336 1350 4388 τὸ
1377 4335 1454 4387 δέ·
1494 4352 1511 4385 ι
1548 4334 1838 4405 Αἰσχυνθή-

1957 1858 2104 1913 enim
2126 1874 2186 1915 es
2221 1858 2383 1921 Deus,
2429 1866 2483 1914 et
2512 1860 2922 1923 nesciebamus,
2970 1860 3112 1917 Deus
3144 1860 3315 1916 Israel
3352 1860 3533 1915 Salva-

1958 1957 2044 2002 tor
2074 1949 2115 2001 ³,
2155 1968 2173 2000 ι
2208 1948 2494 2004 Manileste
2534 1958 2680 2020 patet
2726 1952 2810 2004 cui
2845 1951 2960 2005 hrec
2996 1952 3288 2017 dicantur,
3343 1970 3361 2001 ι
3393 1967 3535 2021 ηυοση

1957 2039 2102 2093 niam
2132 2039 2188 2093 in
2210 2046 2266 2095 te
2291 2047 2375 2095 est
2406 2039 2552 2095 Deus
2577 2079 2592 2103 ,
2651 2060 2687 2094 ιι
2721 2042 2921 2110 quibus
2971 2041 3119 2097 addit
3159 2057 3361 2106 sermo,
3398 2061 3417 2093 ι
3476 2055 3532 2097 et

1957 2146 2066 2184 non
2097 2141 2179 2187 est
2204 2130 2346 2187 Deus
2386 2139 2583 2203 praeter
2618 2139 2687 2185 te.
2730 2131 2811 2185 Tu
2854 2133 2997 2186 enim
3031 2148 3089 2188 es
3125 2131 3301 2196 Deus,
3348 2140 3398 2187 et
3432 2148 3529 2187 ne-

1956 2224 2285 2279 sciebamus.
2322 2243 2340 2276 ι
2366 2224 2500 2291 ροσε
2523 2226 2821 2281 audiuntur
2851 2226 3007 2298 quasi
3038 2240 3101 2280 ex
3134 2240 3365 2295 persona
3386 2225 3531 2279 dicta

1958 2329 2147 2368 eorum
2195 2314 2289 2385 qui
2323 2314 2599 2372 Christum
2630 2316 2725 2374 Dei
2760 2318 3097 2374 incarnatum
3127 2327 3525 2390 cognoverunt;

1957 2408 2011 2461 in
2039 2425 2149 2478 quo
2187 2408 2459 2464 inhabitat
2485 2409 2629 2465 Deus
2661 2409 2843 2475 Pater,
2869 2410 3024 2480 juxta
3055 2410 3185 2464 illud
3216 2428 3228 2464 :
3268 2427 3286 2460 ι
3329 2409 3439 2480 Ego
3471 2409 3525 2464 in

1957 2496 2133 2561 Patre,
2162 2507 2215 2553 et
2246 2498 2405 2555 Pater
2439 2499 2492 2554 in
2529 2515 2612 2555 me
2645 2500 2687 2554 θ.
2726 2520 2745 2552 ι
2771 2500 3017 2570 ideoque
3038 2499 3166 2555 huic
3206 2500 3309 2556 soli
3334 2515 3506 2554 cenve

1955 2589 2113 2642 niunt
2142 2589 2232 2642 illa
2268 2606 2281 2642 :
2321 2610 2339 2642 ι
2377 2589 2497 2644 Non
2528 2598 2612 2645 est
2644 2589 2787 2647 Deus
2816 2601 3012 2661 praeter
3043 2598 3123 2655 te;
3175 2609 3193 2641 ι
3226 2589 3381 2660 quasi
3414 2590 3527 2646 sola

1957 2680 2117 2736 Verbi
2156 2682 2357 2737 deitate
2396 2690 2625 2752 paterno
2669 2682 3001 2752 principatui
3030 2682 3180 2735 unita
3220 2681 3530 2737 commista-

1955 2789 2081 2844 que,
2112 2774 2342 2845 ideoque
2370 2774 2486 2828 sola
2518 2774 2802 2843 utriusque
2823 2774 3001 2844 gloria
3039 2781 3093 2828 et
3130 2781 3394 2844 potestate
3425 2789 3527 2843 git"

1955 2866 2238 2921 bernaute.
2286 2863 2381 2920 llis
2407 2871 2611 2928 autem,
2649 2881 2667 2914 ι
2704 2860 3000 2917 Laboravit
3031 2863 3314 2935 Egyptus,
3345 2871 3399 2918 et
3429 2879 3526 2919 ne-

1958 2958 2183 3027 gotiatio
2208 2956 2561 3026 Ethiopum,
2595 2963 2651 3011 et
2680 2952 2898 3009 Sabaim
2946 2954 3047 3008 viri
3095 2954 3295 3010 excelsi
3350 2954 3418 3009 ad
3473 2962 3525 3011 te

1959 3050 2289 3113 transibunt,
2324 3068 2343 3101 ι
2383 3048 2598 3104 ostendi
2643 3049 2897 3104 existimo
2950 3047 3210 3120 quasdam
3269 3047 3520 3103 adversa-

1958 3142 2069 3197 rias
2093 3142 2405 3213 spirituales
2435 3151 2730 3212 potestates
2765 3158 2886 3213 qum
2939 3143 3201 3198 adversus
3247 3139 3523 3197 Christum

1954 3246 2227 3291 certamen
2258 3231 2453 3300 iniere,
2486 3232 2644 3309 eique
2688 3233 2971 3290 audientes
3006 3233 3161 3288 factae
3202 3240 3367 3295 sunt,
3410 3231 3524 3287 sive

1952 3327 2214 3398 quasdam
2246 3326 2459 3382 animas
2494 3324 2730 3395 primum
2786 3322 2964 3380 Verbo
3014 3326 3401 3387 adversantes,
3459 3335 3525 3379 ac

1953 3427 2139 3490 postea
2168 3419 2427 3476 ditionem
2456 3418 2575 3488 ejus
2603 3417 2878 3486 amplexas
2900 3419 3390 3490 propriisipsarum
3420 3416 3521 3472 hoc

1951 3512 2038 3568 nis
2079 3512 2354 3583 operibus.
2417 3509 2492 3565 De
2552 3508 2752 3580 quibus
2810 3520 2864 3564 et
2919 3510 3049 3564 illud
3110 3509 3215 3565 dici
3279 3509 3521 3579 opinor:

1955 3627 1975 3658 ι
2006 3605 2178 3659 Erunt
2216 3604 2311 3659 tibi
2353 3604 2528 3662 servi.
2562 3611 2614 3659 et
2660 3618 2688 3655 a
2732 3609 2884 3671 tergo
2913 3609 2970 3656 te
3003 3608 3303 3672 sequentur
3353 3600 3521 3654 vincti

1950 3694 2203 3762 manicis,
2227 3703 2281 3750 et
2311 3694 2363 3749 in
2398 3700 2451 3751 te
2470 3693 2721 3749 orabunt.
2754 3712 2775 3743 ι
2804 3690 2915 3746 Hoc
2941 3707 3101 3746 vero:
3136 3710 3152 3743 ι
3186 3690 3522 3746 Erubescent

1948 3798 2000 3841 et
2051 3786 2457 3843 confundentur
2512 3803 2702 3843 omnes
2758 3787 2852 3859 qui
2906 3786 3266 3840 adversantur
3320 3782 3406 3847 ei,
3466 3792 3521 3838 et

1951 3881 2307 3937 ambulabunt
2338 3882 2395 3936 in
2426 3880 2653 3952 pudore,
2697 3901 2715 3933 ι
2760 3879 3170 3952 prophetizatur
3197 3878 3264 3932 de
3312 3877 3381 3932 iis
3426 3878 3520 3947 qui

1948 3988 2057 4025 uon
2087 3988 2249 4041 egere
2289 3973 2665 4043 paenitentiam
2690 4015 2704 4038 ,
2758 3974 3050 4043 hostesque
3078 3978 3132 4026 et
3165 3969 3373 4024 inimici
3400 3984 3522 4039 per-

1950 4071 2290 4129 manserunt,
2328 4072 2381 4118 et
2418 4065 2567 4118 verbi
2601 4064 2807 4119 Christi
2840 4066 3031 4135 jugum
3071 4079 3237 4133 super
3264 4077 3323 4117 se
3372 4063 3522 4132 ipsos

1948 4154 2137 4210 tollere
2167 4156 2388 4210 minime
2416 4157 2727 4212 voluerunt.
2764 4155 2828 4209 Et
2862 4156 2976 4211 haac
3004 4153 3221 4226 quidem
3254 4154 3412 4224 quasi
3450 4153 3518 4206 ad

1946 4246 2147 4302 Christi
2173 4247 2612 4304 elucidationem.
2664 4249 2927 4305 Citandus
2957 4248 3156 4319 quippe
3202 4255 3287 4302 est
3322 4247 3411 4301 ille
3437 4245 3517 4299 lo.

1945 4355 2044 4395 cus
2064 4357 2175 4396 non
2204 4349 2417 4397 tantum
2445 4342 2884 4399 eircumeisionis
2913 4342 3110 4412 populo
3134 4384 3149 4409 ,
3199 4340 3293 4397 sed
3321 4348 3373 4395 et
3403 4337 3513 4391 illis

262 4448 461 4487 σονται
510 4434 604 4486 καὶ
660 4432 1089 4504 ἐντραπήσονται
1134 4430 1331 4491 πάντες
1384 4429 1431 4480 oi
1481 4427 1841 4496 ἀντικείμενοι

1955 4431 2039 4501 ξιιιὶ
2089 4430 2368 4489 Christum
2416 4434 2575 4505 quasi
2610 4435 2911 4504 simplicem
2964 4433 3236 4487 hominem
3285 4436 3512 4502 putant,

261 4542 379 4588 σοι,
440 4526 533 4581 καὶ
584 4525 936 4596 πορεύσονται
984 4525 1041 4576 ὲν
1085 4520 1333 4594 αἰσχύνῃ,
1376 4540 1392 4571 ι
1448 4519 1841 4591 προφητεύεται

259 4620 401 4691 περὶ
464 4618 571 4671 τῶν
643 4617 715 4689 μὴ
780 4615 1225 4689 μετανοησάντων
1249 4655 1263 4679 ,
1329 4612 1717 4683 διαμεινάντων
1780 4611 1837 4664 δὲ

258 4712 480 4785 ἐχθρῶν
517 4712 610 4766 καί⁵
656 4709 944 4781 πολεμίων,
990 4708 1083 4761 καὶ
1114 4704 1379 4779 μηδαμῶς
1412 4700 1543 4775 ἆραι
1580 4703 1663 4773 ἐφ’
1706 4705 1831 4756 ἐαυ-

1952 4522 2222 4581 Ebionazis
2252 4527 2484 4594 scilicet,
2512 4527 2598 4582 vel
2623 4527 2933 4582 Artemonis
2957 4564 2971 4588 ,
3021 4525 3104 4581 vel
3142 4523 3290 4578 Pauli
3323 4522 3517 4577 Samo-

1949 4619 2188 4674 satensis
2240 4618 2566 4674 fautoribus.
2599 4624 2795 4689 Aperte
2825 4619 2970 4673 enim
3005 4618 3109 4672 hoc
3160 4617 3280 4671 loco
3310 4613 3517 4670 Christi

1943 4709 2118 4767 deitas
2142 4712 2280 4767 male
2303 4710 2649 4767 credentibus
2683 4712 2736 4764 in
2763 4727 2885 4765 eum
2921 4710 3340 4764 demonstratur.

257 4814 395 4875 τοὺς
419 4810 508 4863 τὸν
530 4807 624 4863 τοῦ
648 4807 806 4875 λόγου
832 4806 925 4860 τοῦ
950 4802 1182 4875 Χριστοῦ
1212 4802 1373 4871 ζυγὸν
1404 4799 1827 4871 βεϐουλημένων.
1869 4807 1977 4860 Καὶ
2008 4809 2177 4863 ταῦτα
2238 4811 2335 4881 μὲν
2366 4809 2439 4874 ώς
2501 4809 2635 4882 πρὸς
2665 4808 2760 4878 τὴν
2790 4806 2879 4860 τοῦ
2916 4804 3149 4878 Χριστοῦ
3192 4804 3507 4874 σαφήνειαν*

265 4906 499 4978 ἁρμόζοι
538 4906 581 4958 δ’
609 4904 673 4959 ἂν
694 4901 1043 4975 παρατιθέναι
1078 4900 1177 4971 τὴν
1223 4898 1526 4970 περικοπὴν
1570 4899 1629 4950 οὑ
1679 4900 1837 4968 μόνον
1875 4906 1987 4967 τοῖς
2032 4907 2096 4959 ὲκ
2165 4906 2486 4977 περιτομῆς,
2520 4904 2654 4959 ἀλλὰ
2703 4905 2794 4957 καὶ
2838 4905 2950 4967 τοῖς
3025 4900 3175 4970 ψιλὸν
3226 4900 3511 4971 ἄνθρωπον

268 4998 592 5068 ὑπειληφόσι
643 4996 918 5066 γεγονέναι
966 4995 1056 5047 τὸν
1120 4995 1377 5063 Σωτῆρα,
1452 4990 1809 5057 Ἐϐιωναίοις,
1854 4995 1886 5066 ἢ
1928 5001 2033 5060 τοῖς
2100 5000 2241 5054 κατὰ
2296 5000 2629 5071 Ἀρτέμωνα,
2683 4998 2776 5051 καὶ
2835 4998 2926 5050 τὸν
2975 4994 3306 5067 Σαμωσατέα
3363 4991 3513 5045 Παῦ-

266 5085 377 5147 λον.
418 5094 613 5163 Σαφῶς
649 5093 760 5163 γὰρ
792 5091 885 5144 καὶ
935 5088 1020 5142 διὰ
1090 5085 1292 5139 τούτων
1360 5087 1392 5155 ἡ
1436 5084 1621 5155 θεότης
1688 5086 1779 5143 τοῦ
1833 5090 2068 5160 Χριστοῦ
2115 5097 2226 5157 τοῖς
2274 5093 2400 5164 περὶ
2446 5091 2607 5146 αύτοῦ
2668 5087 2970 5155 δυσπειθῶς
3017 5087 3229 5159 ἔχουσιν
3292 5083 3508 5167 ἀποδεί-

267 5204 476 5240 κνυται.

764 5302 1156 5358 ΚΕΦΑΛΑΙΟΝ
1207 5302 1333 5355 Kl".

2494 5299 2719 5357 CAPUT
2757 5298 2942 5354 XXIII.

342 5419 361 5452 ι
393 5399 589 5452 ’Λκουέ
621 5414 741 5468 μου,
784 5394 997 5459 Ἰακὼϐ,
1023 5396 1116 5448 καὶ
1149 5394 1378 5467 Ἰσραὴλ,
1404 5394 1466 5447 ὃν
1498 5392 1610 5457 ἐγὼ
1642 5393 1792 5447 καλῶ
1815 5413 1827 5424 ·

2014 5415 2032 5446 ι
2068 5396 2331 5459 Audimc,
2354 5394 2543 5457 Jacob.
2574 5402 2627 5448 et
2653 5391 2844 5456 Israel,
2875 5405 3033 5462 quem
3061 5403 3161 5459 ego
3193 5402 3329 5443 voco
3361 5405 3374 5442 :
3404 5402 3505 5459 ego

264 5489 374 5560 ἐγώ
404 5493 515 5560 εἰμι
566 5487 797 5560 πρῶτος,
836 5486 929 5540 καὶ
958 5486 1069 5554 ἐγώ
1104 5489 1218 5557 είμι
1261 5488 1340 5549 είς
1364 5486 1455 5539 τὸν
1487 5485 1675 5539 αἰῶνα.
1721 5486 1831 5540 Καὶ

1955 5493 2304 5556 .mnprimus.
2335 5495 2390 5541 et
2433 5499 2533 5555 ego
2578 5500 2698 5540 sum
2759 5483 2815 5538 in
2844 5490 3131 5538 aeternum.
3190 5480 3254 5535 Et
3309 5495 3504 5535 manus

264 5585 298 5654 ἡ
341 5583 463 5655 χείρ
517 5597 615 5652 μου
656 5579 981 5653 ὲθεμελίωσε
1023 5578 1119 5650 τὴν
1166 5581 1288 5652 γῆν,
1333 5579 1426 5657 καὶ
1468 5580 1499 5650 ἡ
1540 5578 1687 5643 δεξιά
1731 5596 1831 5648 μου

1955 5593 2049 5633 nea
2080 5577 2326 5633 fundavit
2354 5586 2555 5634 terram
2580 5620 2599 5646 ,
2638 5586 2691 5635 et
2742 5575 2965 5635 dextera
2997 5589 3115 5631 mea
3147 5572 3506 5631 consolidavit

334 5741 497 5799 ’lsai.
526 5756 643 5809 un,
675 5738 726 5794 9.
805 5736 1003 5821 '_Joan.
1034 5753 1145 5803 xvi,
1180 5735 1268 5792 53.
1326 5737 1365 5813 f
1394 5733 1521 5792 lsai.
1554 5749 1676 5801 va,
1708 5733 1795 5802 15,
1830 5734 1913 5790 l6.
1994 5730 2189 5790 ‘Joan.
2226 5748 2337 5797 xw,
2374 5732 2456 5787 tl.
