4008 6208
489 303 619 359 1251

1170 301 1436 358 EUSEBII
1465 304 1945 363 CESARIENSIS
1979 305 2127 361 OPP.
2163 304 2341 360 PARS
2380 306 2470 360 III.
2491 303 2984 360 —EXEGET|CA.

3602 312 3621 364 Ι
3631 310 3721 364 23?.

488 424 678 478 caelos.
716 421 924 477 Vocabo
959 435 1073 483 eos,
1108 427 1161 475 et
1197 421 1420 476 stabunt
1444 423 1627 486 simul,
1663 432 1717 478 et
1749 440 2044 496 congrega-

2150 424 2444 498 ὲστερέωσε
2472 423 2563 476 τὸν
2594 425 2818 495 οὐρανόν
2837 441 2850 453 ο
2879 423 3086 476 καλέσω
3109 423 3218 492 ἐγὼ
3251 425 3451 487 αὐτοὺς
3480 426 3615 489 ἅμα,
3642 429 3728 480 καὶ

489 513 691 569 buntur
718 526 927 576 omnes,
948 517 1000 566 et
1029 510 1246 568 audient
1266 530 1280 580 ;
1298 512 1420 582 quis
1443 513 1522 569 eis
1541 516 1880 571 annuutiavit
1905 517 2059 572 hate?

487 605 768 669 Dominus,
801 604 894 674 qui
928 603 1104 674 diligit
1133 611 1186 659 te
1211 643 1226 667 ,
1279 603 1408 659 fecit
1457 607 1793 662 voluntatem
1823 615 1967 662 tuam
2001 609 2056 663 in

490 697 761 770 Babylone
784 736 798 760 ,
859 701 918 750 ut
951 695 1166 750 tolleret
1199 710 1382 751 semen
1405 695 1801 754 Chaldaeorum.
1831 697 1943 770 Ego
1978 700 2057 754 lo-

488 798 645 847 cutus
674 805 816 854 sum,
849 797 902 845 et
930 803 1030 861 ego
1056 789 1268 843 vocavi.
1299 788 1439 844 Duxi
1469 806 1596 846 eum
1629 800 1683 846 et
1711 791 1885 848 direxi
1916 793 2057 848 viam

487 881 604 948 ejus
635 899 648 935 :
686 879 934 934 adducite
964 879 1030 934 a'd
1059 894 1144 934 me
1174 888 1226 935 et
1257 880 1441 936 audite
1473 882 1588 937 base
1615 901 1628 937 :
1664 899 1772 938 non
1798 885 1866 939 ab
1898 885 2056 940 initio

487 972 540 1027 in
568 973 783 1028 occulto
813 972 1028 1027 locutus
1063 987 1183 1028 sum
1218 990 1230 1026 :
1267 973 1486 1044 quando
1536 974 1717 1041 ﬁebat,
1746 976 1855 1031 illic
1883 992 2052 1032 eram.

487 1061 552 1117 Et
581 1079 725 1118 nunc
754 1061 1013 1120 Dominus
1048 1062 1307 1120 Dominus
1367 1066 1513 1122 misit
1555 1081 1641 1123 me
1664 1106 1680 1133 ,
1738 1075 1793 1123 et
1823 1066 2056 1140 Spiritus

487 1154 604 1223 ejus
637 1154 674 1208 ί.
716 1174 734 1206 ι
762 1153 913 1209 Unus
938 1169 1063 1209 cum
1082 1156 1151 1209 sit
1177 1158 1270 1226 qui
1295 1156 1349 1211 in
1377 1157 1479 1213 hoc
1505 1158 1625 1214 loco
1653 1160 2054 1232 quuitur,quis

488 1248 626 1302 alius
656 1255 802 1302 esset
840 1265 858 1298 ι
897 1246 1158 1302 Dominus
1187 1249 1279 1320 qui
1316 1249 1443 1306 fecit
1477 1251 1675 1306 coelum
1726 1260 1776 1308 et
1829 1253 2058 1308 firmavit

487 1339 640 1404 illud,
668 1347 722 1395 et
753 1339 992 1394 fundavit
1016 1349 1233 1408 terram,
1261 1361 1278 1394 ι
1305 1342 1508 1414 quique
1541 1345 1707 1400 dicit:
1733 1363 1750 1397 ι
1790 1344 1902 1418 Ego
1934 1363 2055 1402 sum

485 1431 696 1502 primus
724 1437 776 1486 et
803 1444 904 1502 ego
941 1446 1061 1486 sum
1092 1433 1147 1487 in
1174 1441 1478 1503 azternum;
1519 1454 1537 1487 ι
1572 1436 1833 1506 adjiciens
1883 1437 1938 1494 in
1990 1441 2057 1498 iis

484 1536 606 1594 quae
625 1529 944 1593 sequuntur,
961 1523 1117 1594 juxta
1142 1540 1331 1580 omnes
1344 1526 1436 1595 qui
1459 1525 1699 1582 divinam
1717 1529 1932 1600 Scriptu
1943 1547 2057 1586 ram

488 1613 824 1684 interpretati
855 1624 1002 1680 sunt,
1041 1615 1171 1670 illud
1204 1633 1217 1669 :
1259 1634 1277 1667 I
1309 1616 1374 1670 Et
1421 1633 1568 1672 nunc
1621 1619 1884 1677 Dominus
1915 1621 2058 1679 Deus

485 1703 634 1761 misit
663 1720 747 1760 me
765 1714 818 1760 et
840 1705 1076 1777 Spiritus
1111 1705 1280 1776 eius.»
1302 1722 1364 1762 ac
1394 1719 1642 1764 sanetum
1670 1709 1764 1766 Dei
1798 1711 2054 1780 Verbum,

2161 517 2445 587 στήσονται
2487 515 2579 568 κα)⁵
2623 515 3071 587 συναχθήσονται,
3120 515 3212 568 καὶ
3254 516 3601 569 ἀκούσονται.
3639 519 3728 582 Τίς

2159 613 2340 673 αὐτοῖς
2392 608 2711 681 ἀνήγγειλεν
2758 608 2963 670 satira;
3005 612 3073 675 >ε<
3128 609 3331 680 Κύριος
3383 609 3618 678 ἀγαπῶν
3671 629 3726 666 σε

2158 701 2378 772 ἐποίησε
2429 699 2490 752 τὸ
2541 699 2752 770 θέλημά
2801 716 2892 752 σου
2945 699 3035 752 ἐπὶ
3082 699 3397 763 Βαϐυλῶνα,
3459 701 3555 754 τοῦ
3607 699 3726 773 ἆραι

2159 792 2378 864 σπέρμα
2412 791 2711 866 Χαλδαίων.
2749 790 2889 860 Ἐγὼ
2920 791 3176 862 ἐλάλησα,
3208 792 3302 845 καὶ
3331 792 3442 860 ἐγὼ
3466 794 3724 847 ἐκάλεσα·

2157 884 2361 954 ἤγαγον
2387 883 2571 948 αὑτὸν,
2606 883 2699 936 καὶ
2738 881 2994 936 εὐὼδωσα
3053 882 3149 954 τὴν
3185 883 3301 936 ὁδὸν
3336 885 3501 938 αὐτοῦ
3522 902 3536 914 ·
3567 903 3728 957 προσ-

2158 978 2391 1046 αγάγετε
2422 975 2556 1048 πρὸς
2588 977 2673 1047 μὲ,
2710 977 2805 1029 καὶ
2835 974 3102 1028 ἀκούσατε
3135 974 3339 1028 ταῦτα·
3369 978 3468 1031 οὐκ
3497 977 3597 1031 ἀπ’
3634 981 3728 1050 ἀρ-

2157 1067 2256 1137 χῆς
2297 1068 2355 1118 ὲν
2393 1067 2575 1136 κρυφῇ
2606 1064 2874 1134 λελάληκα
2896 1081 2909 1094 ο
2943 1064 3102 1134 ἡνίκα
3130 1064 3347 1132 ἐγένετο
3388 1068 3502 1119 ἐκεῖ
3543 1069 3720 1139 ἢμην.

2158 1159 2251 1212 καὶ
2279 1159 2372 1211 νῦν
2407 1155 2607 1227 Κύριος
2637 1156 2838 1228 Κύριος
2865 1155 3148 1209 ἀπέστειλέ
3181 1173 3267 1226 με,
3301 1156 3476 1210 καὶτὸ
3507 1159 3725 1230 Πνεῦμα

2159 1247 2350 1304 αὑτοῦ.
2383 1266 2402 1298 ι
2440 1245 2588 1310 Ἐνδς
2622 1245 2772 1307 ὄντος
2801 1243 2895 1296 τοῦ
2923 1242 3096 1297 ταῦτα
3129 1245 3184 1295 ὲν
3223 1246 3291 1314 τῇ
3333 1249 3606 1315 περικοπῇ
3638 1245 3723 1298 λέ-

2158 1357 2345 1412 γοντος
2368 1337 2678 1410 προσώπου,
2701 1335 2782 1399 τίς
2811 1335 2853 1388 δ’
2881 1335 2946 1388 ἂν
2973 1333 3129 1398 ἄλλος
3146 1335 3228 1405 εἴη
3261 1355 3279 1385 I
3303 1335 3510 1406 Κύριος
3537 1338 3564 1388 6
3585 1337 3724 1407 ποιή-

2160 1451 2260 1498 σας
2288 1432 2378 1487 τὸν
2429 1429 2656 1502 οὐρανὸν
2699 1430 2793 1483 καὶ
2838 1428 3014 1500 πήξας
3053 1430 3234 1494 αὑτὸν,
3288 1431 3382 1483 καὶ
3425 1430 3717 1500 περεὼσας

2157 1526 2256 1599 τὴν
2285 1526 2411 1595 γῆν,
2451 1543 2469 1576 ι
2503 1523 2531 1575 ό
2564 1522 2769 1592 λέγων·
2816 1538 2834 1572 ι
2871 1519 3011 1590 Ἐγώ
3039 1523 3151 1592 εἰμι
3198 1521 3448 1593 πρῶτος,
3499 1523 3584 1576 καὶ
3609 1522 3714 1590 ἐγώ

2159 1621 2272 1690 εἰμι
2299 1620 2378 1682 είς
2403 1615 2496 1670 τὸν
2519 1615 2708 1681 αἰῶνα,
2741 1633 2758 1666 ι
2791 1614 2883 1666 καὶ
2909 1613 3182 1684 ἐπιφέρων
3206 1615 3260 1666 ἐν
3287 1617 3400 1676 τοῖς
3421 1613 3565 1684 ἑξῆς,
3586 1617 3720 1669 κατᾶ

2159 1711 2367 1774 πάντας
2399 1709 2524 1772 τοὺς
2568 1705 3008 1779 ἑρμηνεύσαντας
3039 1704 3132 1775 τὴν
3176 1704 3322 1758 θείαν
3365 1706 3609 1778 Γραφὴν,
3642 1706 3721 1770 τὸ,

485 1795 577 1866 qui
620 1804 742 1866 post
781 1797 1078 1854 increatum
1126 1799 1340 1853 initium
1393 1809 1767 1857 creaturarum
1815 1807 2044 1861 omnium

2163 1823 2181 1856 ι
2217 1803 2324 1857 Kal.
2367 1801 2458 1858 νῦν
2515 1799 2718 1871 Κύριος
2765 1801 2794 1852 6
2851 1798 2983 1862 Θεὸς
3031 1798 3338 1851 ἀπέσταλκέ
3385 1816 3474 1870 με,
3525 1799 3618 1852 καὶ
3666 1800 3725 1852 τὸ

485 1887 696 1955 primus
735 1886 878 1944 Deus
925 1887 1238 1943 nominatus
1284 1897 1388 1956 est,
1421 1890 1489 1945 de
1515 1906 1622 1961 quo
1647 1898 1702 1947 et
1728 1893 1864 1948 alias
1916 1895 2054 1950 scri-

484 1986 637 2049 ptum
669 1986 752 2036 est
783 1998 797 2036 :
830 1998 849 2030 ι
880 1979 1024 2035 Misit
1055 1979 1290 2035 Verbum
1320 1981 1442 2046 ejus
1493 1991 1549 2038 et
1595 1985 1806 2040 curavit
1851 1987 1993 2042 eos?
2027 2006 2046 2038 ι

485 2071 604 2141 Ipse
632 2071 774 2127 enim
805 2079 888 2128 est
924 2092 943 2124 ι
979 2088 1076 2144 ρει·
1097 2088 1257 2144 quem
1287 2075 1471 2129 omnia
1499 2074 1642 2130 facta
1675 2084 1824 2141 sunt,
1865 2079 1918 2133 in
1947 2095 2052 2136 coe-

483 2162 712 2220 lcstibus
741 2172 794 2220 et
821 2165 876 2219 in
906 2165 1280 2231 terrestribus,
1309 2167 1424 2222 sive
1450 2168 1686 2224 visibilia
1714 2211 1732 2239 ,
1773 2170 1888 2226 sive
1918 2171 2056 2227 invi-

485 2255 698 2324 sibilia;
739 2275 758 2308 I
791 2273 951 2328 quem
989 2266 1042 2314 et
1083 2259 1232 2314 misit
1263 2258 1524 2317 Dominus
1554 2261 1695 2318 Deus
1743 2262 1904 2319 Pater
1930 2307 1944 2332 ,
1999 2274 2052 2321 et

482 2363 605 2402 cum
640 2363 705 2404 eo
733 2347 997 2419 Spiritum
1047 2359 1318 2418 sanctum,
1352 2351 1420 2406 ad
1447 2353 1812 2410 aediﬁcandam
1838 2357 2051 2427 generis

481 2437 760 2495 hominum
779 2441 1046 2497 salutem?
1066 2442 1242 2513 Atque
1264 2443 1381 2500 haec
1406 2443 1610 2503 Judaais
1639 2457 1764 2518 apte
1791 2447 1898 2504 dici
1933 2465 2053 2521 pos-

483 2540 625 2598 sent,
659 2549 780 2588 cum
809 2534 1040 2591 doceant
1073 2537 1236 2592 alium
1267 2554 1392 2594 esse
1420 2538 1710 2596 Dominum
1745 2542 1838 2613 qui
1869 2543 2052 2598 omnia

484 2625 689 2679 creavit
716 2633 913 2697 praeter
929 2627 1173 2683 omnium
1192 2628 1385 2694 Deum,
1408 2645 1438 2684 a
1454 2645 1564 2700 quo
1591 2647 1649 2686 se
1672 2632 1899 2687 missum
1921 2648 2050 2688 con-

483 2714 687 2782 fitetur,
718 2716 940 2774 dicens:
983 2736 1004 2770 ι
1054 2717 1119 2772 Et
1181 2735 1330 2774 nunc
1371 2719 1633 2778 Dominus
1687 2723 1837 2777 misit
1879 2738 1984 2778 me.
2026 2743 2044 2776 ι

480 2805 602 2875 Ipse
628 2805 773 2860 enim
812 2813 958 2862 esset
987 2808 1075 2862 cui
1106 2808 1427 2879 praecipiens
1471 2809 1527 2864 in
1556 2810 1742 2866 mundi
1776 2812 2050 2870 creatione

479 2896 616 2951 dicit
637 2895 894 2953 Patent
929 2897 1050 2959 Fiat
1111 2900 1224 2966 lux,
1279 2909 1334 2957 et
1387 2902 1520 2958 ﬁant
1576 2903 1691 2959 haec
1744 2911 1798 2960 et
1855 2905 1980 2972 illa;
2023 2927 2041 2960 ι

479 2994 644 3057 atque
676 2987 807 3043 illud
837 3007 851 3044 :
877 3008 896 3041 ι
935 2988 1222 3048 Faciamus
1251 2992 1523 3049 hominem
1546 2994 1614 3049 ad
1637 2995 2047 3054 similitudinem

479 3088 745 3137 nostram.
781 3102 801 3136 ι
841 3082 1021 3151 Quare
1069 3092 1126 3140 et
1167 3083 1224 3139 in
1274 3084 1505 3144 Psalmis
1559 3088 1817 3145 scribitur
1864 3092 2042 3149 illud:

2159 1894 2380 1966 Πνεῦμα
2415 1893 2602 1954 αὑτοῦ,
2645 1911 2662 1946 ι
2697 1892 2729 1964 ἢ
2760 1893 2788 1944 ό
2830 1890 2972 1963 ἱερὸς
3000 1889 3094 1943 τοῦ
3124 1891 3256 1943 Θεοῦ
3302 1891 3493 1960 Λόγος,
3525 1892 3553 1943 6
3590 1891 3725 1962 μετὰ

2157 1989 2256 2060 τὴν
2286 1985 2546 2057 άγένητον
2588 1984 2760 2056 ἀρχὴν
2805 1982 2911 2037 τῶν
2942 1981 3182 2053 γενητῶν
3227 1982 3482 2036 ἁπάντων
3515 1982 3730 2053 πρῶτος

2157 2081 2288 2144 Θεὸς
2310 2079 2724 2150 ὀνομαζόμενος,
2749 2077 2874 2147 περὶ
2899 2068 2960 2130 οὗ
2986 2078 3077 2131 καὶ
3098 2075 3355 2146 ἀλλαχόσε
3384 2075 3721 2146 γέγραπταισ

2165 2195 2182 2228 ι
2231 2171 2540 2228 Ἀπέστειλε
2567 2171 2657 2225 τὸν
2686 2171 2858 2240 Λόγον
2890 2168 3054 2224 αὐτοῦ
3084 2169 3177 2223 καὶ
3208 2169 3395 2221 ἰάσατο
3429 2167 3666 2230 abso-6;;
3705 2185 3723 2218 ι

2157 2267 2328 2330 Αὐτὸς
2351 2269 2457 2338 γάρ
2490 2266 2636 2340 ἐστιν
2678 2264 2706 2316 6
2751 2281 2769 2315 ι
2804 2263 2870 2316 δι’
2899 2254 2960 2315 οὗ
2986 2263 3052 2316 τὰ
3083 2262 3258 2316 πάντα
3286 2261 3526 2330 ἐγένετο,
3565 2260 3638 2313 τά
3669 2277 3730 2313 τε

2157 2357 2215 2411 ὲν
2243 2360 2355 2421 τοῖς
2388 2357 2632 2427 οὐρανοῖς
2667 2355 2762 2408 καὶ
2792 2353 2858 2407 τὰ
2889 2354 2980 2406 ἐπὶ
3010 2353 3106 2424 τῆς
3139 2353 3260 2424 γῆς,
3287 2353 3396 2405 εἴτε
3418 2351 3594 2423 ὁρατά
3621 2350 3728 2404 εὖτε

2157 2449 2364 2522 ἀόρατα
2384 2464 2397 2478 θ
2437 2466 2456 2500 ι
2493 2448 2550 2501 ὃν
2575 2447 2666 2500 καὶ
2692 2446 2976 2500 ἀπέστειλε
3008 2445 3209 2518 Κύριος
3236 2445 3418 2510 όιθεὸς
3449 2446 3479 2497 6
3515 2445 3725 2517 Πατὴρ,

2158 2537 2256 2590 σὺν
2287 2535 2436 2607 αὐτῷ
2458 2535 2515 2589 δὲ
2543 2535 2637 2589 καὶ
2668 2534 2729 2588 τὸ
2749 2534 2901 2604 ἆγιον
2936 2535 3180 2606 Πνεῦμα,
3206 2536 3628 2607 οἱκονομήσοντα
3659 2535 3728 2589 τά

2155 2627 2294 2700 ὑπὲρ
2324 2627 2424 2696 τῆς
2457 2626 2758 2699 ἀνθρώπιον
2817 2627 3116 2698 σωτηρίας.
3149 2625 3245 2695 Εἴη
3291 2628 3334 2680 δ’
3379 2627 3444 2680 ἄν
3491 2627 3728 2699 άρμῷον

2155 2718 2232 2783 ὼς
2265 2719 2399 2790 πρὸς
2433 2720 2717 2783 Ἰουδαίους
2751 2721 2810 2774 τὸ
2850 2721 3032 2792 ῥητὸν,
3075 2719 3322 2775 διδάσκον
3359 2721 3550 2789 ἕτερον
3589 2715 3728 2773 εἶναι

2155 2811 2356 2885 Κύριον
2379 2813 2468 2867 τὸν
2507 2813 2986 2884 δημιουργήσαντα
3020 2811 3090 2864 τὰ
3123 2811 3298 2865 πάντα
3329 2811 3474 2883 παρὰ
3499 2812 3591 2864 τὶν
3617 2811 3728 2864 τῶν

2153 2904 2288 2958 ὅλων
2340 2906 2490 2969 Θεὸν,
2541 2907 2633 2975 ὑφ’
2684 2900 2744 2960 οὗ
2799 2905 3135 2960 ἀπεστάλθαι
3197 2903 3467 2975 ὁμολογεῖ,
3503 2893 3677 2972 λέγων
3705 2917 3724 2932 ⁸

2159 3015 2178 3047 ι
2227 2997 2338 3050 Καὶ
2376 2995 2470 3051 νῦν
2501 2998 2703 3069 Κύριος
2735 2997 3042 3052 άπέσταλκέ
3077 3013 3173 3068 με·
3218 3015 3237 3048 ι
3270 2996 3431 3058 αὐτὸς
3464 2995 3510 3048 δ’
3543 2994 3609 3048 ἄν
3640 2995 3724 3065 εἴη

2153 3082 2198 3157 ᾧ
2233 3090 2582 3160 προστάττων
2615 3092 2672 3143 ἐν
2713 3093 2778 3161 τῇ
2807 3089 3136 3160 κοσμοποιίᾳ
3163 3088 3322 3158 φησιν
3349 3089 3380 3140 6
3411 3085 3603 3157 Πατὴρ
3641 3083 3725 3149 τι,

484 3193 502 3226 ι
543 3172 660 3246 Ipse
684 3174 840 3242 dixit,
871 3186 924 3233 et
952 3177 1093 3234 facta
1121 3187 1268 3246 sunt,
1324 3181 1441 3252 ipse
1477 3181 1755 3239 mandavit
1777 3191 1833 3240 et
1861 3196 2044 3241 creata

2152 3197 2173 3232 ι
2208 3181 2497 3254 Γενηθήτω
2519 3181 2655 3251 φῶς,
2681 3182 2775 3236 καὶ
2805 3180 3087 3252 γενηθήτω
3112 3179 3236 3232 τάδε
3268 3179 3362 3232 καὶ
3384 3177 3510 3231 τάδε
3530 3195 3542 3207 ·
3579 3196 3600 3229 ι
3631 3178 3728 3230 καὶ

477 3278 625 3323 ειιηι.
662 3288 681 3322 ι
722 3270 920 3341 Aperte
951 3272 1093 3328 enim
1144 3283 1358 3330 constat
1405 3277 1550 3346 quod
1595 3262 1916 3347 praécipiens
1944 3279 2043 3332 ali-

466 3357 606 3428 quid
639 3366 692 3416 et
724 3361 952 3432 loquens
977 3363 1071 3418 alii
1105 3379 1169 3420 ac
1212 3363 1538 3437 sibimetipsi
1580 3367 1826 3438 praecipit
1853 3375 1906 3424 et
1938 3368 2042 3424 im-

466 3459 648 3519 perat.
686 3451 908 3524 Singula
955 3471 1085 3512 vero
1138 3457 1368 3529 hujusce
1406 3458 1510 3514 loci
1562 3459 1728 3515 verba
1769 3460 2042 3532 inquirere

475 3558 586 3598 non
615 3546 899 3615 praesentis
931 3558 1014 3604 est
1034 3551 1234 3619 operis.

2147 3272 2226 3335 τὸ,
2278 3291 2296 3324 ι
2326 3273 2647 3345 Ποιήσωμεν
2685 3271 2966 3344 ἄνθρωπον
2995 3272 3116 3324 κατ’
3145 3270 3326 3323 εἰκόνα
3354 3269 3631 3340 ἡμετέραν
3651 3284 3664 3297 ·
3698 3286 3718 3318 ι

2144 3365 2429 3439 eatis-qum)
2479 3366 2588 3437 γὰρ
2640 3367 2735 3420 καὶ⁸
2773 3367 2830 3418 ὲν
2871 3364 3123 3434 Ψαλμοῖς
3169 3361 3584 3431 ἀναγέγραπται
3636 3358 3722 3420 τὸ,

2151 3476 2172 3510 ι
2218 3459 2341 3512 Ὅτι
2391 3459 2552 3524 αὐτὸς
2591 3456 2732 3523 εἷπε,
2772 3459 2864 3512 καὶ
2914 3454 3274 3527 ἐγενήθησαν*
3319 3453 3481 3516 αὐτὸς
3528 3451 3727 3505 ἐνετεί-

2147 3552 2296 3619 λατο,
2337 3554 2430 3606 καὶ
2470 3552 2814 3624 ἐκτίσθησαν.
2853 3570 2872 3603 I
2920 3547 3191 3620 Πρόδηλον
3218 3543 3347 3617 γάρ,
3372 3544 3448 3608 ὡς
3484 3547 3512 3598 6
3541 3542 3724 3597 ἐντελ-

473 3635 694 3707 λόμενός
748 3654 802 3691 τι
871 3639 964 3693 καὶ⁵
1023 3640 1195 3710 λέγων
1252 3642 1422 3714 ἑτέρῳ
1483 3644 1612 3716 παρ’
1667 3643 1856 3697 ἑαυτὸν
1914 3640 2215 3696 ἐντέλλεται
2285 3659 2344 3695 τε
2394 3642 2485 3696 καὶ
2533 3643 2878 3716 προστάττει.
2931 3639 3200 3708 Ἐκάστην
3247 3636 3429 3707 μέντοι
3466 3652 3528 3704 γε
3575 3634 3722 3698 λέξιν

471 3730 568 3800 τῆς
625 3734 927 3806 περικοπῆς
981 3734 1250 3801 ἐξετάζειν
1296 3739 1356 3790 οὐ
1404 3738 1504 3810 τῆς
1562 3738 1843 3810 παρούσης
1891 3740 2039 3794 ἐστὶν
2069 3738 2475 3812 πραγματείας.

1025 3849 1250 3906 CAPUT
1292 3851 1478 3910 XXIV.

539 3985 564 4016 4
603 3963 802 4021 Audite
832 3981 950 4032 me,
1001 3967 1213 4035 insulze,
1245 3977 1299 4025 et
1351 3969 1636 4036 attendite,
1666 3980 1856 4043 gentes
1889 3991 1903 4029 :
1935 3975 2041 4029 Per

2644 3851 3041 3907 ΚΕΦΑΛΑῙΟΝ
3071 3851 3196 3904 ΚΔθ.

2219 3987 2237 4019 ι
2280 3965 2570 4020 Ἀκούσατέ
2590 3983 2712 4036 μου,
2746 3965 2920 4036 νῆσοι,
2951 3964 3044 4017 καὶ
3064 3961 3382 4034 προσέχετε,
3411 3959 3572 4030 ἔθνη·
3621 3957 3720 4012 Διὰ

468 4065 684 4129 tempus
710 4059 940 4122 multum
969 4061 1257 4128 consistet,
1289 4063 1422 4118 dicit
1445 4063 1706 4120 Dominus
1735 4085 1747 4121 :
1778 4066 1846 4120 ab
1881 4073 2036 4122 utero

2150 4057 2332 4131 χρόνου
2362 4056 2555 4111 πολλοῦ
2587 4057 2842 4128 στήσεται
2861 4094 2876 4119 ,
2928 4054 3073 4122 λέγει
3105 4051 3340 4124 Κύριος·
3397 4051 3462 4102 ὲκ
3511 4048 3721 4110 κοιλίας

467 4151 660 4206 matris
705 4166 839 4207 mea:
886 4153 1098 4209 vocavit
1154 4170 1352 4210 nomen
1406 4171 1622 4220 meum,
1669 4163 1721 4214 et
1767 4160 1946 4228 posuit
1972 4174 2034 4216 os

2150 4152 2350 4224 μητρός
2387 4169 2486 4224 μου
2522 4151 2747 4204 ἐκάλεσε
2801 4149 2861 4202 τὸ
2898 4147 3069 4218 ὄνομά
3103 4163 3203 4218 μου
3227 4160 3243 4176 ο
3304 4145 3398 4198 καὶ
3443 4143 3610 4213 ἔθηκε
3659 4140 3720 4194 τὸ

465 4257 647 4299 meum
693 4243 851 4314 quasi
877 4245 1114 4316 gladium
1170 4255 1420 4315 acutum;
1481 4256 1535 4304 et
1574 4249 1679 4305 sub
1722 4259 2033 4321 tegumenta

2150 4246 2314 4317 στόμα
2347 4262 2446 4317 μου
2476 4245 2551 4308 ὡς
2577 4244 2848 4314 μάχαιραν
2880 4240 3060 4306 ὀξεῖαν
3079 4256 3094 4271 ο
3125 4239 3218 4293 καὶ
3246 4237 3349 4291 ὑπὸ
3380 4237 3480 4307 τήν
3504 4234 3717 4306 σκέπην

465 4347 662 4389 manus
712 4349 826 4390 suae
865 4337 1159 4392 occultavit
1211 4353 1330 4405 me;
1371 4346 1424 4395 et
1447 4339 1586 4395 dixit
1611 4341 1742 4396 milii
1778 4362 1792 4397 :
1823 4341 2028 4398 Servus

2150 4339 2236 4410 τῆς
2269 4341 2450 4410 χειρὸς
2481 4336 2644 4391 αὐτοῦ
2671 4334 2873 4407 ἔκρυψέ
2926 4352 2992 4406 με
3013 4351 3027 4365 ·
3064 4333 3157 4386 καί⁵
3191 4328 3310 4384 εἶπέ
3359 4345 3482 4401 μοι·
3516 4326 3716 4389 Δοῦλός

460 4437 619 4479 meus
675 4438 738 4480 es
793 4431 872 4488 tu,
907 4425 1111 4491 Israel,
1163 4428 1285 4498 quia
1322 4431 1379 4484 in
1407 4436 1461 4486 te
1493 4431 1790 4503 gloriabor.
1821 4431 1888 4487 Et
1929 4449 2031 4504 ego

2150 4448 2241 4502 μου
2267 4425 2317 4484 εἴ
2349 4432 2433 4495 σὺ,
2482 4428 2696 4502 Ἰσραὴλ
2722 4467 2737 4492 ,
2788 4427 2882 4480 καὶ
2914 4427 2972 4479 ἐν
3021 4425 3104 4478 σοὶ
3158 4421 3589 4493 δοξασθήσομαι·
3619 4418 3715 4471 καὶ

860 4482 868 4488 ,
1099 4482 1109 4491 ,
1169 4482 1193 4498 τ
1411 4482 1456 4486 ἡ-
1493 4482 1790 4503 ,νη-η--
1821 4482 1886 4487 _--
1933 4482 2027 4504 -0-

461 4513 613 4568 dixi:
653 4513 961 4572 III-vacuum
1007 4519 1281 4586 laboravi,
1314 4523 1434 4580 sine
1471 4537 1657 4587 causa,
1681 4531 1894 4581 etvane
1919 4525 2032 4582 for-

2150 4482 2735 4502 τη-νπ-ικ...
3231 4482 3246 4488 -
3377 4482 3475 4493 ..

2150 4522 2247 4592 ἐγὼ
2293 4517 2452 4589 εἶπα·
2507 4519 2694 4583 Κενῶς
2747 4518 3046 4582 ἐκοπίασα,
3098 4517 3178 4580 είς
3231 4515 3456 4587 μάταιον
3491 4511 3586 4566 καὶ
3634 4513 3714 4573 είς

457 4607 749 4663 titudinem
791 4625 966 4665 meam
993 4615 1309 4684 consumpsi
1337 4630 1356 4670 :
1385 4630 1514 4688 ergo
1533 4615 1800 4686 judicium
1852 4635 2030 4674 meum

2150 4615 2286 4670 ιὺδὲν
2331 4613 2507 4667 ἔδωκα
2528 4612 2626 4683 τὴν
2658 4610 2810 4682 ίσχύν
2846 4626 2978 4682 μου·
3009 4608 3096 4662 διὰ
3123 4606 3282 4660 τοῦτο
3312 4608 3344 4676 ἠ
3393 4605 3576 4677 κρίσις
3610 4619 3708 4675 μου

458 4715 585 4756 cum
609 4699 929 4767 Domino,et
957 4717 1094 4773 opus
1111 4719 1288 4762 meum
1306 4722 1430 4762 cum
1465 4708 1572 4764 Deo
1611 4723 1753 4765 meo.
1786 4709 1852 4765 Et
1886 4726 2032 4767 nunc

458 4793 591 4848 dicit
619 4793 900 4863 Dominus,
926 4795 1167 4854 formans
1195 4787 1283 4853 the
1327 4816 1394 4856 ex
1441 4811 1595 4858 utero
1637 4819 1856 4860 servum
1902 4806 2030 4870 sibi,

459 4895 520 4941 ut
567 4887 823 4964 reducam
857 4887 1024 4945 Iacob
1051 4890 1119 4945 ad
1151 4905 1297 4955 eum,
1329 4901 1382 4947 et
1410 4891 1595 4952 Israel.
1645 4896 2033 4970 Congregabor

455 4987 514 5035 et
545 4979 889 5051 gloriﬂeabor
917 4995 973 5036 In
1008 4982 1184 5038 oculis
1211 4985 1446 5051 Domini,
1484 4994 1537 5042 et
1575 4986 1720 5044 Deus
1754 5003 1909 5044 meus
1938 4987 2024 5042 fa-

455 5081 580 5130 ctus
595 5080 680 5130 est
707 5071 970 5131 fortitudo
995 5090 1136 5131 mea.
1163 5075 1226 5130 Et
1247 5077 1383 5133 dixit
1409 5077 1694 5151 :Magnum
1723 5089 1804 5138 est
1835 5083 1933 5137 tibi
1970 5091 2028 5136 ut

456 5164 535 5219 sis
561 5165 694 5219 mibi
726 5181 918 5223 servus
934 5167 1001 5221 ad
1021 5169 1364 5226 suscitandas
1391 5171 1568 5229 tribus
1587 5171 1776 5238 Iacob,
1793 5183 1846 5230 et
1863 5173 2025 5231 faeces

455 5253 622 5313 Israel
637 5259 1054 5316 convertendas.
1074 5259 1212 5318 Ecce
1229 5261 1351 5318 dedi
1375 5270 1428 5319 te
1451 5263 1506 5318 in
1530 5271 1912 5321 testamentum
1933 5283 2025 5338 ge-

455 5345 625 5410 neris,
676 5345 732 5400 in’
767 5347 942 5402 lucem
973 5350 1235 5420 gentium,
1291 5362 1350 5406 ut
1386 5351 1464 5408 sis
1497 5353 1647 5407 salus
1679 5369 1799 5410 mea
1848 5371 2021 5426 usque

453 5434 523 5500 ad
556 5445 856 5493 extremum
887 5448 1064 5497 terrm.
1091 5441 1215 5498 Haec
1240 5443 1374 5498 dicit
1407 5444 1670 5500 Dominus
1707 5449 2021 5518 redemptor

454 5532 605 5585 tuus.
633 5524 776 5580 Deus
805 5527 971 5586 Israel
1007 5549 1021 5585 ι
1056 5531 1400 5591 Sanctiﬁcate
1423 5552 1547 5592 eum
1579 5537 1669 5607 qui
1698 5538 1846 5607 parvi
1892 5538 2020 5593 facit

454 5618 692 5672 animam
727 5631 901 5682 suam,
923 5637 1081 5690 quem
1115 5625 1498 5684 abominantur
1517 5636 1725 5702 gentes,
1753 5631 1894 5685 servi
1919 5630 2017 5685 do-

523 5750 546 5782 ⁴
566 5748 690 5806 Isai.
722 5763 911 5814 XLVIII,
941 5749 1124 5804 12—16.

2136 4706 2284 4777 παρὰ
2309 4705 2518 4777 Κυρίῳ,
2553 4703 2647 4757 καὶ
2669 4704 2698 4755 ό
2719 4702 2881 4765 πόνος
2915 4718 3012 4772 μου
3046 4699 3282 4754 ἐναντίον
3301 4697 3396 4750 τοῦ
3419 4695 3555 4750 Θεοῦ
3584 4711 3703 4766 μου.

2135 4797 2246 4851 Καὶ
2279 4796 2371 4849 νῦν
2399 4795 2572 4858 οὕτως
2600 4794 2746 4864 λέγει
2775 4793 2999 4865 Κύριος,
3022 4795 3049 4845 6
3073 4791 3282 4852 πλάσας
3318 4804 3386 4859 με
3416 4789 3481 4840 ὲκ
3503 4785 3706 4846 κοιλίας

2133 4888 2316 4944 δοῦλον
2343 4888 2540 4960 ἑαυτῷ,
2567 4887 2660 4942 τοῦ
2688 4889 3014 4956 συναγαγεῖν
3038 4885 3128 4938 τὸν
3163 4880 3358 4937 Ἰακὼό
3385 4880 3521 4952 πρὸς
3546 4877 3705 4933 αὐτὸν

2134 4981 2228 5034 καὶ
2283 4980 2372 5034 τὸν
2425 4978 2671 5052 Ἰσραήλ·
2721 4977 3124 5049 συναχθήσομαι
3158 4974 3252 5027 καὶ
3303 4971 3702 5042 δοξασθήσομαι

2135 5073 2374 5127 ὲναντίον
2421 5072 2662 5144 Κυρίου,
2699 5071 2792 5125 καὶ
2817 5073 2844 5124 ό
2882 5068 3013 5132 θεός
3040 5085 3140 5140 μου
3188 5067 3339 5118 ἔσται
3378 5080 3467 5135 μοι
3513 5061 3700 5132 ἰσχύς·

2132 5165 2228 5218 καὶ⁵
2252 5160 2372 5217 εἶπε
2390 5181 2402 5192 ·
2427 5163 2584 5232 Μέγα
2615 5162 2696 5214 σοί
2729 5163 2846 5214 ἐστι
2867 5158 2960 5212 τοῦ
2995 5156 3258 5230 κληθῆναί
3299 5172 3358 5208 σε
3383 5152 3555 5207 παῖδά
3579 5167 3696 5222 μου,

2131 5258 2226 5311 τοῦ
2277 5256 2472 5327 στῆσαι
2496 5255 2595 5320 τὰς
2647 5253 2818 5325 φυλάς
2871 5249 3063 5305 Ἰακὼὸ
3087 5290 3102 5316 ,
3141 5249 3236 5334 καὶ
3272 5247 3368 5310 τάς
3401 5241 3696 5314 διασπορὰς

2129 5349 2224 5404 τοῦ
2277 5349 2490 5422 Ἰσραὴλ
2540 5346 2896 5420 ἐπιστρέψαι·
2935 5345 3044 5399 ἰδοὺ
3095 5341 3316 5396 τέθεικά
3365 5355 3426 5391 σε
3460 5339 3542 5401 είς
3587 5335 3695 5388 δια-

2131 5442 2303 5514 θήκην
2341 5442 2548 5510 γένους,
2593 5439 2674 5504 ei;
2705 5438 2822 5508 φῶς
2853 5437 3043 5500 ἐθνῶν,
3079 5433 3174 5488 τοῦ
3197 5429 3333 5487 εἷναί
3369 5447 3429 5483 σε
3470 5431 3551 5492 είς
3589 5444 3687 5480 σω-

2127 5535 2320 5608 τηρίαν
2349 5536 2452 5599 ἓως
2478 5534 2707 5605 ἐσχάτου
2736 5533 2836 5603 τῆς
2859 5532 2981 5602 γῆς.
3008 5529 3194 5590 Οὕτως
3217 5527 3364 5596 λέγει
3401 5524 3623 5594 Κύριος,
3662 5519 3688 5570 ὁ

2131 5625 2431 5699 ῥυσάμενός
2457 5643 2538 5691 σε,
2565 5628 2595 5678 6
2621 5625 2752 5689 Θεὸς
2791 5623 3022 5695 Ἰσραήλο
3060 5619 3347 5690 Ἀγιάσατε
3384 5617 3476 5670 τὸν
3505 5608 3688 5684 φαυλί-
