4008 6208
325 223 462 279 1253

1350 225 1645 283 ECLOGA}
1685 230 2159 296 PIIOPIIETICzE.
2198 273 2267 283 -—
2305 241 2433 298 LIB.
2475 242 2557 299 IV.

3427 251 3564 335 res;

325 343 486 407 ζοντα
512 341 608 413 τὴν
639 340 813 425 ψυχήν
841 342 1024 406 αὑτοῦ,
1069 344 1608 419 τὸν,βδελυσσόμενον
1641 352 1744 406 ὑπὸ
1791 355 1897 409 τῶν

2001 362 2343 418 minantium.
2371 363 2543 435 Reges
2569 365 2826 422 videbunt
2845 368 3043 438 eum_'et
3057 378 3350 441 exsurgent
3364 374 3566 441 princi-

322 433 492 489 ὲθνῶν
520 435 627 487 τῶν
646 434 847 489 δούλων
873 436 980 488 τῶν
997 437 1545 507 ἀρχόντων.Βασιλείς
1562 444 1780 513 ὄψονται
1797 449 1894 501 αὑ-

320 527 431 587 τὸν,
466 526 561 580 καὶ
577 528 969 599 ἀναστήσονται
995 528 1272 599 ἄρχοντες,
1314 535 1406 587 καὶ
1429 541 1897 609 προσκυνήσουσιν

319 619 467 691 αὐτῷ
490 619 677 674 ἕνεκεν
705 622 930 692 Κυρίου’
956 626 1037 679 ὅτι
1066 628 1252 691 πιστός
1270 628 1417 680 ἐστιν
1439 630 1468 681 6
1491 628 1643 698 ἆγιος
1658 631 1893 704 Ἰσραὴλ,

318 711 411 766 καὶ
432 710 765 782 ἐξελεξάμην
792 731 871 766 σε.
899 717 1083 783 Οὕτως
1112 720 1255 789 λέγει
1276 721 1495 793 Κύριοςο
1514 723 1707 795 Καιρῷ
1725 725 1895 797 δεκτῷ

318 804 600 876 ἐπήκουσά
622 822 737 868 σου,
772 808 864 860 καὶ
888 809 944 861 ὲν
969 812 1151 884 ἡμέρα
1184 814 1454 885 σωτηρίας
1482 815 1755 887 ἐϐοήθησά
1788 835 1892 881 σοι,

318 898 413 952 καὶ
436 896 650 951 ἕπλασά
678 915 760 961 σε,
784 900 877 952 καὶ
902 901 1078 958 ἔδωκά
1111 923 1169 958 σε
1193 910 1273 971 εἰς
1310 907 1574 980 διαθήκην
1607 908 1774 963 ἐθνῶν
1799 910 1894 963 τοῦ

316 992 656 1063 καταστῆσαι
682 991 780 1062 τὴν
810 997 933 1066 γῆν,
965 998 1059 1051 καὶ
1096 998 1500 1071 κληρονομῆσαι
1530 1003 1893 1075 κληρονομίας

317 1085 575 1155 ἐρήμους,
594 1086 817 1156 λέγοντα
835 1092 944 1153 τοῖς
962 1092 1016 1142 ὲν
1038 1090 1252 1163 δεσμοῖς
1270 1109 1284 1121 ·
1334 1092 1623 1160 Ἐξέλθετε,
1660 1098 1754 1149 καὶ
1785 1100 1895 1161 τοῖς

315 1177 375 1228 ὲν
402 1177 480 1247 τῷ
508 1180 704 1244 σκότει,
729 1181 1189 1253 ἀνακαλυφθῆναι,
1220 1183 1311 1237 καὶ
1326 1186 1383 1238 ὲν
1412 1185 1610 1249 πάσαις
1628 1192 1745 1251 ταῖς
1760 1188 1897 1251 ὁδοῖς

317 1266 748 1341 βοσκηθήσονται
769 1310 784 1334 ,
817 1273 912 1325 καὶ
940 1274 997 1324 ἐν
1032 1274 1234 1338 πάσαις
1262 1278 1381 1339 ταῖς
1427 1276 1632 1348 τρίϐοις
1671 1282 1702 1349 ή
1759 1280 1897 1352 νομὴ

314 1360 528 1415 αὐτῶν·
561 1364 619 1415 οὐ
680 1365 1062 1430 πεινάσουσιν,
1103 1367 1222 1419 οὐδὲ
1262 1367 1597 1440 διψήσουσιν.
1626 1372 1744 1425 οὐδὲ
1793 1389 1899 1426 πα-

313 1451 464 1517 τάξει
516 1454 713 1518 αὐτοὺς
761 1455 1011 1521 καύσων,
1042 1456 1160 1510 οὐδὲ
1214 1460 1243 1509 6
1276 1459 1456 1529 ἥλιοςο
1498 1462 1610 1515 ἀλλ’
1654 1464 1682 1515 6
1732 1463 1896 1517 ἐλεῶν

314 1544 511 1608 αὐτοὺς
550 1547 916 1618 παρακαλέσει
965 1551 1181 1615 αὐτοὺς,
1237 1551 1331 1604 καὶ
1382 1552 1468 1607 διὰ
1528 1555 1717 1625 πηγῶν
1773 1556 1898 1611 ὑδά-

314 1655 420 1690 των
448 1637 564 1702 ἄξει
597 1639 812 1704 αὐτοὺς,
868 1641 960 1695 καὶ
1008 1641 1158 1712 θήσω
1206 1644 1314 1696 πᾶν
1361 1644 1485 1715 ὅρος
1511 1646 1590 1708 εἰς
1616 1646 1754 1711 ὁδὸν,
1797 1648 1894 1701 xai

2000 469 2113 524 pes,
2128 462 2182 508 et
2204 456 2509 511 adorabunt
2525 472 2647 512 eum
2667 466 2888 529 propter
2910 457 3194 515 Dominum
3215 463 3371 533 :quia
3394 462 3568 519 Iidelis

1997 550 2081 598 est
2116 541 2352 601 Sanctus
2390 547 2579 610 Israel,
2617 556 2672 602 et
2697 549 2835 620 elegi
2866 556 2940 605 te.
2968 549 3093 606 Haec
3114 551 3524 609 dicitDominus
3550 575 3563 609 :

1995 635 2056 690 In
2088 647 2329 708 tempore
2342 638 2541 709 placito
2555 641 2803 696 exaudivi
2828 649 2903 707 te,
2927 650 2980 698 et
3000 643 3055 697 in
3083 642 3172 699 die
3192 645 3384 701 salutis
3416 648 3570 702 auxi-

1998 728 2161 782 liatus
2184 744 2304 783 sum
2331 729 2428 784 tibi
2450 748 2462 783 :
2483 738 2536 785 et
2556 732 2768 785 servavi
2792 740 2865 795 te,
2890 740 2944 787 et
2966 732 3087 787 dedi
3118 733 3239 787 tein
3268 733 3448 790 foedus
3478 750 3568 804 po-

1997 820 2127 889 puli,
2156 827 2214 873 ut
2248 820 2544 875 suscitares
2568 826 2789 886 terram,
2815 830 2869 875 et
2895 823 3204 891 possideres
3224 822 3569 881 hzereditates

1996 911 2323 981 dissipatas;
2354 919 2413 964 ut
2434 911 2645 967 diceres
2677 912 2761 966 his
2791 912 2883 983 qui
2904 914 3072 969 vincti
3098 921 3226 968 sunt
3256 933 3267 966 :
3299 914 3473 980 Exite,
3514 923 3569 971 ct

1998 1002 2083 1057 bis
2106 1004 2198 1071 qui
2230 1004 2285 1057 in
2314 1004 2556 1059 tenebris
2590 1018 2605 1056 :
2637 1002 2990 1060 Revelamini.
3037 1004 3211 1077 Super
3232 1022 3422 1063 omnes
3448 1010 3568 1065 vias

1998 1103 2315 1165 pascentur,
2342 1102 2396 1150 et
2423 1095 2477 1149 in
2509 1095 2765 1152 omnibus
2789 1097 2967 1167 planis
2990 1112 3193 1167 pascua
3215 1113 3424 1154 eorum.
3446 1097 3565 1154 Non

1998 1202 2271 1267 esurient,
2313 1218 2489 1273 neque
2519 1202 2724 1268 sitient,
2768 1208 2823 1258 et
2850 1219 2958 1259 non
2993 1205 3259 1274 percutiet
3286 1221 3380 1261 eos
3404 1215 3570 1262 :estus

1998 1302 2052 1349 et
2080 1296 2161 1350 sol
2190 1314 2203 1349 :
2235 1295 2361 1364 quia
2387 1296 2679 1352 miserator
2716 1311 2903 1351 eorum
2936 1305 3087 1367 reget
3116 1313 3231 1363 eos,
3262 1307 3317 1353 et
3346 1298 3414 1353 ad
3448 1301 3591 1354 Ion-‘

1998 1394 2079 1442 tes
2108 1401 2371 1457 aquarum
2404 1388 2615 1459 potabit
2644 1404 2760 1445 eos.
2798 1389 2864 1444 Et
2894 1404 3090 1459 ponam
3118 1405 3307 1447 omnes
3356 1400 3570 1448 montes

1996 1494 2149 1534 meos
2180 1479 2237 1533 in
2265 1480 2430 1544 viam,
2457 1490 2509 1535 et
2540 1496 2759 1536 omnem
2797 1482 3044 1538 semitam
3075 1483 3156 1539 eis
3180 1484 3235 1538 in
3268 1498 3471 1556 pascua
3492 1486 3564 1540 '.i

2001 1568 2312 1625 Verisimile
2345 1578 2430 1626 est
2462 1571 2673 1641 opinari
2720 1571 2975 1629 Hebraeos
3006 1574 3109 1629 sibi
3152 1574 3315 1642 hujus
3332 1574 3570 1645 prophe-

2000 1661 2090 1715 tiae
2114 1660 2278 1715 verba
2329 1660 2460 1725 dici,
2513 1662 2723 1717 scilicet
2760 1680 2774 1717 :
2818 1681 2835 1714 ι
2874 1662 2940 1717 Ει
2977 1664 3112 1719 dixit
3144 1664 3278 1719 mihi
3311 1683 3326 1720 :
3365 1662 3570 1722 Servus

317 1732 494 1784 πᾶσαν
542 1732 721 1802 τρίϐον
782 1735 861 1798 εἰς
925 1733 1176 1804 βόσκημα
1238 1736 1436 1799 αὐτοῖς.
1496 1757 1513 1789 ι
1558 1738 1718 1802 Εἰκὸς
1771 1740 1896 1802 τοὺς

1999 1764 2152 1805 meus
2177 1764 2237 1805 es
2271 1758 2357 1813 tu,
2385 1750 2577 1817 Israel,
2608 1762 2662 1807 et
2705 1752 2763 1807 in
2812 1760 2866 1807 te
2919 1754 3208 1825 gloriabor.
3249 1776 3267 1809 ι
3302 1754 3422 1811 Non
3450 1757 3570 1812 istis

316 1824 380 1875 ὲκ
415 1826 713 1896 περιτομῆς
756 1826 962 1879 οἴεσθαι
1009 1828 1136 1901 περὶ
1174 1828 1382 1881 ἑαυτῶν
1429 1829 1677 1900 εἰρῆσθαι
1718 1831 1785 1884 τὰ
1836 1833 1894 1885 ὲν

312 1919 380 1988 τῇ
420 1920 726 1989 προφητεία
750 1959 764 1981 ,
801 1920 1031 1990 ἐπείπερ
1076 1919 1354 1973 λέλεκται’
1407 1940 1425 1971 ι
1461 1923 1567 1975 Καὶ
1609 1918 1729 1975 εἷπέ
1770 1940 1892 1993 μοι’

314 2007 510 2072 Δοῦλός
550 2027 650 2080 μου
691 2006 743 2062 εἴ
775 2011 863 2076 σὺ,
904 2011 1143 2085 Ἰσραὴλ,
1181 2012 1272 2065 καὶ
1309 2014 1366 2067 ἐν
1406 2015 1487 2067 σοι
1519 2013 1898 2087 ὲνδοξασθήσο-

317 2118 417 2171 μαι
438 2117 451 2129 ·
482 2121 499 2152 ι
531 2101 668 2173 πρὸς
697 2102 753 2155 δὲ
788 2102 865 2173 τῷ
914 2102 988 2174 μὴ
1032 2102 1293 2175 ἁρμόζειν
1322 2104 1404 2173 (Ῑ.
1430 2104 1537 2176 54)
1580 2106 1766 2169 αὐτοῖς
1797 2104 1895 2169 τὰς

312 2191 487 2257 λέξεις
520 2192 705 2263 σαφῶς
740 2192 1121 2248 ἀποδείκνυται
1155 2196 1247 2248 καὶ
1269 2196 1376 2248 ἀπὸ
1406 2194 1510 2249 τῶν
1542 2196 1689 2266 ἑξῆς,
1722 2196 1803 2248 ὅτι
1832 2195 1896 2267 δή

312 2284 444 2355 περὶ
491 2284 678 2356 ἑτέρου
750 2283 965 2355 Ἰσραὴλ
1022 2284 1092 2338 τὰ
1139 2285 1407 2356 λεγόμενα
1461 2286 1892 2357 προφητεύεται·

311 2375 625 2445 γέγραπται
676 2374 815 2446 γάρ⁹
866 2392 883 2426 ι
929 2375 1037 2429 Καὶ
1073 2376 1167 2430 νῦν
1218 2376 1390 2441 οὕτως
1423 2377 1570 2446 λέγει
1619 2376 1823 2449 Κύριος
1869 2379 1898 2430 6

314 2467 530 2531 πλάσας
567 2485 633 2538 με
664 2468 728 2522 ὲκ
760 2467 967 2531 κοιλίας
994 2467 1177 2523 δοῦλον
1211 2470 1388 2541 ἑαυτῷ
1427 2470 1522 2523 τοῦ
1573 2473 1896 2539 συναγαγεῖν

311 2558 404 2611 τὸν
441 2556 633 2611 Ἰακὼϐ
673 2560 886 2613 καὶτὸν
926 2559 1143 2630 Ἰσραὴλ
1181 2560 1317 2632 πρὸς
1356 2560 1517 2615 αὐτόν
1540 2578 1553 2591 ·
1592 2562 1685 2615 καὶ
1737 2561 1896 2614 πάλιν

314 2650 438 2706 εἶπέ
471 2672 589 2724 μοι’
619 2654 780 2723 Μέγα
816 2655 898 2709 σοί
921 2657 1067 2709 ἐστιν
1093 2656 1151 2709 τὸ
1180 2656 1444 2728 κληθῆναί
1486 2674 1545 2710 σε
1579 2658 1745 2711 παῖδά
1771 2676 1894 2728 μου,

311 2746 408 2799 τοῦ
445 2746 640 2817 στῆσαι
666 2746 765 2812 τὰς
796 2747 968 2817 φυλὰς
994 2747 1087 2802 τοῦ
1123 2747 1315 2802 Ἰακὼϐ
1350 2749 1443 2802 καὶ
1472 2749 1571 2813 τὰς
1599 2749 1897 2822 διασπορὰς

312 2838 409 2891 τοῦ
443 2839 656 2910 Ἰσραὴλ
673 2840 1014 2912 ἐπιστρέψαι.
1030 2860 1048 2891 ι
1084 2840 1242 2894 Ἀλλὰ
1268 2842 1360 2894 καὶ
1379 2842 1459 2893 τό·
1484 2859 1502 2893 ι
1526 2841 1655 2895 Ἰδοὺ
1680 2841 1901 2896 τέθεικά

319 2949 378 2984 σε
432 2933 514 2995 εἰς
560 2932 678 3002 φῶς
708 2933 899 2997 ἐθνῶν,
945 2932 1037 2985 τοῦ
1080 2928 1220 2986 εἶναί
1266 2950 1325 2985 σε
1359 2935 1439 2996 εἰς
1488 2934 1761 3007 σωτηρίαν
1794 2934 1897 2999 ἕως

316 3026 545 3095 ἐσχάτου
594 3027 692 3097 τῆς
726 3026 849 3096 γῆς,
883 3043 902 3077 ι
953 3025 1254 3097 παράδοξόν
1285 3043 1404 3079 τινα
1452 3026 1545 3079 καὶ
1589 3025 1897 3096 Θαυμαστὸν

318 3119 605 3188 ὑποφαίνει
642 3119 729 3172 τὸν
762 3119 888 3190 περὶ
917 3110 976 3171 οὗ
1010 3119 1037 3170 6
1062 3118 1237 3185 λόγος.
1256 3118 1352 3181 Τίς
1380 3118 1423 3170 δ’
1453 3117 1519 3171 ἂν
1551 3111 1705 3181 οὗτος
1733 3119 1817 3190 εἰη
1853 3119 1887 3189 ἢ
1923 3129 1967 3191 C

315 3213 346 3263 6
373 3209 578 3283 Κύριος
612 3210 766 3281 ήμῶν
800 3212 1004 3281 Ἰησοῦς
1032 3211 1283 3282 Χριστὸς,
1310 3212 1338 3263 6
1369 3211 1462 3283 καὶ
1499 3210 1600 3282 ήδη
1627 3210 1891 3281 πρότερον

319 3305 377 3356 ἐν
403 3307 515 3363 τοῖς
542 3304 799 3374 ἀνωτέρω
844 3302 1035 3356 Ἰακὼϐ
1060 3302 1405 3373 χρηματίσας
1439 3302 1533 3356 καὶ
1564 3301 1780 3373 Ἰσραὴλ
1809 3300 1898 3355 διὰ

317 3396 436 3449 τοῦ·
462 3415 480 3446 ι
506 3395 698 3450 Ἰακὼϐ
722 3398 748 3449 ὁ
771 3398 899 3459 παῖς
930 3413 1051 3466 μου,
1076 3394 1435 3467 ἀντιλήψομαι
1468 3394 1656 3458 αὐτοῦ,
1684 3390 1899 3464 Ἰσραὴλ

318 3492 346 3543 6
380 3489 633 3553 ἐκλεκτός
667 3506 767 3561 μου
789 3529 803 3552 ,
850 3488 1209 3561 προσεδέξατο
1242 3489 1402 3541 αὑτὸν
1446 3490 1480 3559 ἡ
1520 3488 1666 3560 ψυχή
1707 3503 1841 3558 μου;
1874 3507 1894 3538 ι

320 3577 489 3646 Οὗτος
512 3584 620 3654 γάρ
669 3583 817 3635 ἐστιν
847 3583 875 3635 6
931 3582 1089 3652 μόνος
1134 3583 1256 3634 κατ’
1286 3579 1543 3652 ἀλήθειαν
1585 3579 1727 3650 ὁρῶν
1766 3577 1897 3632 Θεὸν

318 3674 411 3727 τὸν
441 3674 677 3745 Πατέρα,
724 3673 936 3745 Ἰσραήλ
974 3674 1075 3744 μὲν
1112 3674 1530 3744 ὀνομαζόμενος,
1558 3674 1696 3743 ὅπερ
1724 3673 1898 3743 ἑρμη-

320 3761 531 3816 νεύεται
564 3781 581 3811 ι
608 3761 751 3834 ὀρῶν
790 3763 881 3815 τὸν
920 3762 1074 3826 Θεὸν,
1105 3784 1122 3815 ›
1152 3763 1272 3815 κατ’
1306 3763 1548 3816 ἐπίνοιαν
1597 3761 1761 3815 αὐτοῦ
1797 3760 1897 3830 τῆς

320 3853 573 3925 θεότητπ
592 3872 605 3884 ’
636 3853 830 3908 Ἰακὼϐ
856 3854 934 3919 δὲ,
953 3856 1088 3926 ὅπερ
1113 3855 1230 3907 ἐστὶ
1263 3874 1281 3905 ‹
1311 3854 1655 3927 πτερνιστὴς,
1684 3874 1703 3905 ι
1729 3853 1847 3907 καθ’
1869 3853 1898 3905 ὃ

320 3946 747 4018 ἐνανθρωπήσας
765 3947 1178 4018 κατηγωνίσατο
1201 3948 1379 4011 πάσας
1400 3948 1499 4012 τὰς
1521 3945 1897 4018 ἀντικειμένας

318 4042 596 4111 δυνάμεις.
633 4040 777 4112 Ὅρα
829 4041 885 4094 δὲ
937 4044 985 4095 ει
1028 4042 1103 4112 μὴ
1160 4040 1477 4111 συνᾴδουσιν
1534 4039 1789 4111 ἀλλήλαις
1841 4040 1897 4092 αἱ

320 4135 646 4205 περικοπαὶ.
679 4136 712 4205 ἥ
745 4152 805 4187 τε
841 4135 979 4205 μετὰ
1007 4138 1223 4205 χεῖρας,
1258 4134 1351 4187 καὶ
1394 4136 1452 4187 ἐν
1565 4134 1780 4202 ἐλέγετο
1805 4131 1897 4194 τὸ,

327 4248 345 4278 ς
368 4226 562 4281 Ἰακὼϐ
584 4230 611 4280 6
640 4230 769 4291 παῖς
793 4244 893 4298 μου
916 4248 932 4279 ι
960 4231 1038 4292 εἰς
1065 4229 1157 4283 τὸν
1184 4227 1414 4298 Χριστὸν
1465 4226 1867 4299 ἀναφερόμενον
1884 4241 1896 4255 ⁸

317 4320 394 4384 ὼς
426 4319 536 4391 γάρ
578 4336 659 4372 τοι
706 4322 822 4373 ἐκεῖ
847 4320 908 4371 τὸ
945 4338 962 4369 ι
1010 4319 1201 4375 Ἰακὼϐ
1237 4321 1266 4373 ὁ
1318 4322 1447 4382 παῖς
1482 4335 1585 4390 μου
1608 4338 1627 4370 ι
1666 4318 1901 4389 εἴρηται,

318 4411 492 4475 οὕτως
552 4412 740 4466 ἐνθάδε
788 4412 849 4465 τὸ
887 4430 906 4462 ι
942 4413 1084 4483 μέγα
1124 4412 1205 4465 σοί
1248 4413 1363 4464 ἐστι
1405 4410 1499 4465 τοῦ
1538 4410 1802 4483 κληθῆναί
1842 4426 1903 4461 σε

322 4504 487 4557 παῖδά
509 4521 608 4574 μου
629 4521 641 4534 ’
658 4525 675 4555 ι
702 4505 795 4557 καὶ
817 4504 892 4567 ὼς
919 4505 1034 4557 ἐκεῖ
1048 4505 1127 4569 τὸ,
1150 4524 1169 4556 ι
1193 4505 1408 4577 Ἰσραήλ
1427 4508 1455 4557 ό
1476 4504 1727 4567 ἐκλεκτός
1755 4521 1853 4575 μου
1876 4524 1894 4555 ι

319 4597 592 4660 λέλεκται,
619 4594 789 4660 οὕτως
815 4595 999 4650 ἐνθάδε
1021 4596 1102 4662 τὸ,
1133 4616 1151 4647 ι
1170 4598 1251 4651 ὃτι
1290 4598 1479 4661 πιστός
1513 4600 1660 4651 ἐστιν
1688 4599 1716 4651 6
1747 4597 1901 4667 ἅγιος

336 4688 571 4759 Ἰσραὴλ,
597 4690 688 4740 καὶ
725 4686 1054 4758 ἐξελεξάμην
1083 4704 1163 4740 σε.
1204 4708 1222 4739 ι
1258 4688 1425 4741 Πάλιν
1452 4705 1514 4741 τε
1548 4683 1614 4741 αὖ
1656 4689 1773 4741 ἐκεῖ
1803 4687 1900 4758 μὲν

322 4782 558 4851 εἴρηται·
600 4799 617 4832 ι
642 4779 860 4833 Ἔδωκά
886 4796 943 4831 σε
995 4782 1075 4843 εἰς
1116 4780 1377 4852 διαθήκην
1407 4780 1615 4849 γένους,
1648 4781 1728 4844 εἰς
1786 4778 1900 4848 φῶς

322 4872 525 4935 ἐθνῶν,
580 4869 786 4936 ἀνοῖξαι
847 4870 1156 4942 ὀφθαλμοὺς
1196 4871 1446 4941 τυφλῶν,
1500 4872 1786 4941 ἐξαγαγεῖν
1836 4872 1900 4924 ὲκ

322 4964 536 5035 δεσμῶν
558 4964 894 5035 δεδεμένους,
920 4964 1013 5015 καὶ
1036 4964 1093 5029 ἐξ
1114 4964 1262 5016 οἴκου
1283 4964 1531 5036 φυλακῆς
1553 4964 1894 5037 καθημένους

324 5053 382 5103 ἐν
418 5054 599 5106 σκότει
619 5070 633 5083 °
675 5072 693 5104 )
719 5055 776 5105 ἐν
797 5051 854 5105 δὲ
885 5054 950 5123 τῇ
988 5052 1126 5122 μετὰ
1147 5057 1351 5126 χεῖρας·
1384 5075 1403 5107 ι
1440 5056 1569 5109 Ἰδοὺ
1596 5054 1815 5109 τέθεικά
1841 5070 1899 5107 σε

328 5146 408 5208 εἰς
435 5146 552 5215 φῶς
581 5147 770 5214 ὲθνῶν,
804 5145 898 5201 τοῦ
926 5150 1265 5220 καταστῆσαι
1294 5150 1393 5221 τὴν
1427 5151 1549 5221 γῆν,
1587 5151 1680 5203 καὶ
1704 5150 1899 5221 κληρο-

326 5237 562 5308 νομῆσαι
632 5239 995 5312 κληρονομίαν
1054 5244 1259 5315 ἐρήμου
1294 5284 1307 5308 ,
1371 5242 1598 5311 λέγοντα
1658 5244 1771 5307 τοῖς
1844 5246 1900 5296 ἐν

326 5331 543 5401 δεσμοῖς
566 5350 580 5363 ’
625 5332 931 5397 Ἐξέλθετε,
982 5336 1075 5388 καὶ
1107 5337 1217 5398 τοῖς
1267 5337 1324 5387 ὲν
1368 5334 1446 5406 τῷ
1474 5336 1651 5389 σκότει
1687 5350 1700 5365 ·
1747 5337 1899 5389 Ἀνα-

329 5421 657 5493 καλύιρθητε.
709 5444 727 5476 ι
778 5426 899 5480 Ὅτι
947 5427 1046 5499 μὲν
1099 5424 1191 5481 οὖν
1247 5426 1420 5480 οὐδενὶ
1471 5427 1613 5498 ἄλλῳ
1664 5426 1701 5497 ἢ
1754 5427 1896 5498 μόνῳ

327 5515 404 5589 τῷ
438 5517 647 5588 Σωτῆρι
682 5520 837 5589 ἡμῶν
878 5520 1101 5592 ἁρμόζει
1158 5521 1223 5575 τὰ
1257 5523 1312 5573 ἐν
1351 5525 1468 5586 ταῖς
1511 5520 1895 5593 προκειμέναις

404 5697 562 5755 ‘Isai.
592 5714 733 5764 uix,
772 5699 917 5752 I~Il.

1998 1856 2126 1895 vero
2155 1841 2271 1895 haec
2296 1843 2593 1898 convenire
2612 1843 2990 1899 demonstrant
3020 1860 3139 1915 quae
3163 1855 3488 1917 sequuntur,
3519 1858 3573 1903 et

1996 1930 2063 1985 ad
2096 1932 2262 1985 alium
2288 1933 2457 1988 Israel
2493 1942 2777 2003 spectare;
2814 1934 3076 2004 scriptum
3107 1943 3191 1991 est
3218 1934 3364 1991 enim
3395 1953 3409 1990 :
3449 1953 3468 1985 ‹
3507 1933 3577 1988 Et

1998 2039 2145 2078 nunc
2176 2025 2255 2079 sic
2280 2025 2411 2080 dicit
2444 2024 2727 2092 Dominus,
2785 2026 3028 2082 formans
3060 2042 3144 2083 me
3175 2042 3243 2083 ex
3273 2035 3430 2083 utero
3453 2042 3573 2083 ser-

1997 2133 2124 2173 vum
2153 2116 2281 2182 sibi,
2316 2124 2376 2170 ut
2399 2116 2653 2172 reducam
2691 2115 2859 2172 Iacob
2885 2116 2953 2171 ad
2982 2132 3126 2177 eum.
3180 2125 3234 2173 et
3276 2117 3466 2173 Israel.
3505 2114 3573 2171 Et

1996 2224 2191 2263 rursus
2220 2208 2358 2263 dixit
2389 2208 2556 2262 mihi:
2594 2206 2846 2279 Magnum
2892 2208 2990 2263 tibi
3043 2216 3126 2263 est
3175 2209 3361 2264 vocari
3399 2208 3569 2263 lilium

1996 2316 2201 2367 meum,
2237 2301 2306 2356 ad
2340 2300 2686 2356 suscitandas
2709 2301 2885 2357 tribus
2906 2298 3095 2366 Iacob,
3137 2311 3191 2357 et
3218 2300 3378 2357 faeces
3407 2300 3575 2356 Israel

1998 2406 2416 2464 convertendas.
2458 2425 2476 2460 ι
2510 2405 2618 2462 Sed
2649 2414 2702 2463 et
2731 2407 2861 2462 illud
2891 2426 2903 2461 :
2940 2426 2959 2459 ‹
2994 2406 3131 2463 Ecce
3158 2406 3282 2463 dedi
3312 2415 3365 2463 te
3404 2407 3457 2461 in
3490 2408 3575 2461 lu-

1997 2514 2115 2555 cem
2145 2500 2407 2571 gentium,
2443 2506 2502 2552 ut
2532 2498 2609 2553 sis
2638 2498 2785 2553 salus
2819 2513 2939 2553 mea
2974 2513 3146 2569 usque
3175 2498 3241 2552 ad
3269 2506 3573 2553 extremum

1998 2600 2176 2657 terrae,
2215 2610 2234 2642 »
2265 2590 2633 2646 admirabilem
2662 2590 2955 2661 quemdam
2979 2598 3032 2645 et
3058 2588 3427 2660 prodigiosum
3458 2587 3574 2643 fore

1998 2683 2337 2738 demonstrat
2368 2697 2489 2737 eum
2521 2682 2589 2737 de
2620 2696 2729 2752 quo
2771 2695 2952 2736 sermo
2999 2680 3247 2735 habetur.
3297 2680 3431 2746 Quis
3477 2696 3574 2735 au-

2000 2783 2104 2829 tem
2141 2774 2231 2828 hic
2257 2781 2424 2839 esset,
2451 2774 2555 2829 nisi
2577 2772 2842 2828 Dominus
2872 2781 3058 2827 noster
3085 2771 3247 2827 Iesus
3276 2771 3530 2827 Christus
3556 2812 3570 2835 ,

1999 2867 2093 2938 qui
2121 2866 2235 2937 jam
2269 2867 2421 2938 prius
2454 2868 2510 2921 in
2535 2867 2603 2921 iis
2631 2881 2749 2937 qua:
2778 2881 2944 2936 supra
2990 2865 3157 2920 relata
3192 2872 3358 2929 sunt,
3406 2864 3574 2921 Iacob

2000 2968 2054 3014 et
2090 2960 2257 3014 Israel
2285 2959 2667 3016 manifestatus
2721 2968 2804 3014 est
2854 2958 3043 3013 dicens
3091 2976 3102 3011 :
3156 2977 3173 3008 ι
3210 2956 3398 3027 Iacob;
3442 2973 3577 3027 puer

2000 3068 2176 3117 meus,
2206 3052 2502 3122 suscipiam
2555 3067 2713 3117 eum,
2772 3057 2825 3104 et
2870 3049 3039 3106 Israel
3115 3049 3320 3105 electus
3370 3063 3575 3104 meus:

1999 3143 2243 3214 suscepit
2272 3159 2396 3198 eum
2452 3144 2631 3199 anima
2692 3142 2849 3198 mea?
2882 3162 2901 3196 ι
2965 3141 3065 3197 Hic
3101 3141 3244 3197 enim
3291 3150 3375 3197 est
3424 3141 3577 3197 solus

2000 3251 2130 3290 vere
2156 3236 2348 3290 videns
2380 3234 2548 3289 Deum
2583 3234 2798 3289 Patrem
2821 3274 2838 3299 ,
2880 3234 3049 3290 Israel
3076 3233 3292 3304 quidem
3326 3232 3576 3286 nomina-

2001 3336 2110 3390 tus,
2135 3326 2281 3397 quod
2319 3325 2707 3396 interpretatur
2736 3325 2912 3379 videns
2949 3326 3110 3380 Deum
3132 3367 3146 3391 ,
3187 3325 3343 3395 juxta
3372 3323 3575 3378 divini-

2000 3434 2128 3489 tatis
2158 3447 2530 3489 suae-sensum
2556 3450 2571 3500 ;
2602 3430 2774 3486 Iacob
2816 3440 3018 3497 autem,
3076 3433 3130 3486 id
3164 3441 3248 3487 est
3305 3432 3533 3486 luctator
3559 3471 3574 3492 ,

1999 3526 2258 3598 quoniam
2303 3525 2621 3581 incarnatus
2670 3539 2861 3580 omnes
2894 3525 3234 3579 adversarias
3288 3524 3577 3579 debellavit

1999 3626 2316 3690 potestates.
2346 3616 2581 3672 Attende
2622 3615 2765 3672 enim
2798 3614 3072 3686 quomodo
3101 3616 3447 3669 consentiant
3494 3614 3577 3668 in-

1998 3722 2083 3770 ter
2113 3730 2172 3770 se
2204 3714 2540 3784 prophetim;
2573 3713 2689 3767 haec
2717 3712 2959 3783 quidem,
2993 3713 3060 3767 de
3089 3728 3195 3782 qua
3215 3728 3361 3767 nunc
3395 3728 3580 3767 sermo

2000 3811 2249 3874 habetur,
2273 3810 2399 3864 etin
2426 3824 2534 3879 qua
2557 3808 2758 3863 dicitur
2781 3808 2934 3872 illud,
2962 3828 2978 3859 ι
3002 3805 3169 3862 Iacob
3194 3807 3337 3863 lilius
3364 3824 3569 3874 meus,»

1998 3907 2144 3978 quod
2171 3906 2238 3961 ad
2265 3904 2544 3961 Christum
2578 3913 2820 3975 spectat;
2858 3905 3001 3959 sicut
3029 3906 3173 3959 enim
3205 3904 3316 3960 illic
3362 3924 3379 3957 ι
3407 3903 3576 3959 Iacob

1999 4015 2134 4071 puer
2160 4013 2314 4054 meus
2352 4016 2371 4050 ι
2401 3998 2621 4062 dicitur,
2651 3996 2724 4050 ita
2752 3997 2842 4052 hic
2884 4016 2903 4048 ι
2941 3998 3192 4070 Magnum
3224 3997 3320 4052 tibi
3362 4005 3445 4067 est
3474 4012 3573 4050 vo-

2001 4092 2118 4147 cari
2149 4097 2200 4146 te
2233 4089 2400 4144 lilium
2433 4103 2612 4144 meum
2637 4105 2651 4150 ;
2678 4107 2695 4139 ι
2718 4095 2772 4143 et
2793 4087 2936 4143 sicut
2965 4088 3096 4152 illic,
3130 4107 3145 4138 ι
3177 4085 3343 4143 Israel
3370 4088 3579 4143 electus

2002 4198 2159 4240 meus
2193 4205 2211 4235 ι
2251 4182 2472 4248 dicitur,
2502 4181 2576 4235 ita
2608 4180 2718 4245 hic,
2747 4199 2765 4232 ι
2815 4180 2942 4251 quia
2991 4180 3164 4235 ﬁdelis
3214 4190 3297 4235 est
3354 4186 3578 4235 sanctus

2004 4278 2192 4342 Israel,
2223 4284 2278 4334 et
2310 4277 2448 4347 elegi
2475 4283 2549 4331 te.
2592 4298 2611 4326 ι
2646 4273 2970 4344 Rursusque
2997 4274 3107 4329 illic
3139 4273 3376 4329 dicitur:
3402 4291 3420 4325 ι
3448 4272 3577 4328 Dedi

2008 4394 2062 4442 te
2089 4387 2145 4440 in
2168 4392 2551 4441 testamentum
2580 4382 2817 4454 generis,
2869 4383 2925 4437 in
2962 4382 3142 4438 Iumen
3188 4382 3431 4454 gentium
3457 4422 3473 4447 ,
3521 4387 3583 4437 ut

1931 4485 1977 4541 D
2006 4479 2249 4550 aperires
2274 4478 2464 4532 oculos
2497 4490 2767 4531 caecorum
2790 4514 2805 4540 ,
2858 4482 2912 4530 et
2944 4474 3205 4529 educeres
3255 4473 3320 4529 de
3354 4474 3581 4543 conclu-

2012 4574 2168 4629 sione
2194 4570 2431 4633 vinctos,
2484 4566 2553 4623 de
2599 4566 2764 4622 domo
2797 4567 3037 4622 carceris
3071 4568 3322 4623 sedentes
3352 4567 3405 4622 in
3433 4574 3584 4623 tene-

2006 4667 2157 4733 bris;
2195 4684 2215 4718 t
2250 4664 2304 4719 in
2328 4670 2597 4733 praesente
2637 4674 2768 4714 vero
2795 4659 3081 4730 prephetia
3114 4676 3128 4714 :
3159 4676 3177 4709 ι
3209 4659 3351 4714 Ecce
3377 4657 3503 4713 dedi
3531 4667 3584 4713 te

2008 4763 2064 4816 in
2096 4762 2271 4815 lucem
2291 4755 2555 4828 gentium,
2585 4762 2644 4808 ut
2677 4755 2977 4811 suscitares
3002 4762 3225 4815 terram,
3251 4759 3306 4806 et
3332 4750 3583 4820 posside-

2009 4869 2097 4909 res
2129 4850 2472 4907 batreditates
2498 4847 2828 4918 dissipatas;
2864 4853 2923 4900 ut
2949 4846 3160 4899 diceres
3184 4844 3269 4898 bis
3290 4844 3383 4912 qui
3411 4842 3580 4910 vincti

2004 4956 2132 5007 sunt
2166 4967 2178 5001 :
2216 4944 2395 5004 Exite,
2426 4948 2480 4996 et
2510 4939 2597 4995 his
2628 4939 2721 5010 qui
2754 4939 2810 4992 in
2839 4938 3080 4993 tenebris
3108 4955 3120 4990 :
3159 4935 3515 4991 Revelamini.
3556 4956 3573 4987 ι

2007 5054 2163 5125 Quod
2200 5050 2419 5123 quidem
2477 5048 2613 5102 nulli
2660 5046 2753 5100 alii
2805 5059 2869 5098 ac
2928 5043 3029 5098 soli
3066 5041 3336 5097 Salvatori
3388 5048 3580 5098 nostro

2008 5147 2342 5205 conveniunt
2368 5142 2472 5197 illa;
2522 5136 2839 5210 prophetia,
2870 5135 3221 5191 manifestum
3262 5135 3354 5190 ﬁet
3393 5135 3580 5190 multi-

2008 5242 2184 5297 tudini
2216 5237 2456 5310 gentium
2485 5248 2607 5304 quae
2637 5234 2691 5286 in
2720 5245 2844 5286 eum
2894 5238 3058 5300 atque
3101 5244 3197 5299 per
3218 5244 3342 5285 eum
3372 5228 3429 5283 in
3460 5242 3580 5285 om-

2006 5337 2156 5391 nium
2178 5332 2348 5388 Deum
2373 5336 2748 5399 speraverant,
2766 5323 2966 5394 quibus
2992 5338 3022 5375 a
3053 5320 3216 5377 Patre
3246 5322 3580 5377 constitutus

2007 5434 2092 5481 est
2123 5425 2179 5478 in
2214 5424 2416 5478 lumen.
2453 5419 2543 5473 Ait
2563 5418 2749 5489 igitur,
2780 5435 2797 5467 ι
2835 5424 2895 5469 ιιι
2926 5414 3224 5470 suscitares
3270 5422 3470 5469 terram
3496 5452 3513 5477 ,
3553 5432 3573 5465 ι

2010 5519 2219 5574 scilicet
2246 5517 2314 5572 ad
2344 5515 2580 5570 animam
2611 5511 2765 5582 prius
2791 5508 3024 5565 tumultu
3056 5515 3111 5564 et
3144 5507 3380 5577 procella
3409 5508 3581 5579 agitao
