4008 6208
1627 101 1646 133 'I

457 226 595 283 1255

1105 221 1372 279 Ευεειιιι
1409 221 1882 280 CAESARIENSIS
1919 224 2068 282 OI’P.
2112 224 2288 280 PARS
2329 225 2414 282 lll.
2453 257 2521 268 -—
2565 226 2968 283 EXEGETICA.

3549 229 3570 281 1
3581 228 3680 282 235

454 344 564 390 tam
583 335 635 390 in
669 350 855 406 pacem
869 343 929 390 et
956 334 1396 404 tranquillitatem
1420 335 1810 402 reuuceudam;
1843 337 1936 393 sed
1966 347 2011 392 el

2123 340 2515 410 προφητείαις,
2576 340 2735 411 δῆλον
2802 340 2952 394 ἔσται
3021 343 3129 405 τοῖς
3187 341 3544 412 ὲτιστήσασιν
3609 344 3694 414 τῷ

457 447 477 480 ι
513 436 572 483 ut
605 427 911 499 possideres
953 425 1296 481 hereditates
1323 425 1616 496 dissipatas
1641 468 1656 491 ,
1720 446 1738 478 ι
1775 437 2020 498 gentium

451 520 699 576 videlicet
731 518 1059 585 Ecclesiam;
1091 533 1250 590 quam
1284 526 1409 573 ante
1452 519 1626 589 ipsius
1685 522 2019 577 incarnatio-

450 628 574 668 nem
605 613 895 676 desertam,
925 611 1082 682 quasi
1117 611 1486 667 hereditatem
1539 614 1749 683 accepit
1799 615 1868 668 ab
1924 615 2017 669 illo

450 703 542 771 qui
566 702 700 756 dixit
723 703 771 756 ei
798 721 810 757 :
851 719 868 753 ι
901 700 1027 757 Pete
1065 716 1095 754 a
1126 716 1232 766 me,
1257 710 1311 756 et
1342 703 1483 758 dabo
1505 703 1600 757 tibi
1631 713 1820 774 gentes
1845 704 2018 761 hatre-

450 794 672 849 ditatem
703 803 848 849 tuam
883 796 921 850 ⁸.
953 816 972 848 ι
1010 794 1108 850 Hic
1137 803 1317 852 autem
1365 796 1520 865 juxta
1563 798 1900 868 prophetiam
1951 800 2018 855 de

450 906 510 946 sc
535 889 674 958 ipso,
702 903 797 944 eos
827 889 920 960 qui
947 889 1001 944 in
1035 889 1270 945 vinculis
1293 898 1470 957 erant,
1497 892 1646 947 exire
1666 893 1852 962 jussit.
1875 892 2016 949 Sane

448 980 592 1034 enim
627 977 854 1043 Lazaro,
883 995 1043 1050 quem
1078 980 1261 1036 fasciis
1287 981 1398 1051 jam
1427 983 1735 1038 redimitum
1772 993 1930 1056 atque
1959 988 2015 1040 in

449 1072 700 1143 sepulcro
729 1087 760 1126 a
789 1073 1083 1140 quatriduo
1123 1072 1429 1143 depositum
1462 1075 1710 1139 viderat,
1771 1084 1829 1131 ut
1879 1077 2015 1133 liber

446 1165 618 1221 exiret
644 1165 947 1236 imperavit,
978 1166 1203 1222 dicens:
1252 1186 1270 1218 ι
1310 1165 1533 1228 Lazare,
1568 1170 1690 1223 veni
1725 1169 1867 1226 foras
1901 1173 1940 1223 '.
1991 1191 2009 1223 ι

445 1257 666 1314 Necnon
711 1258 922 1313 ratione
949 1258 1127 1329 aliqua
1177 1259 1244 1313 ad
1292 1257 1454 1314 ﬁliam
1491 1259 1819 1325 Abrahami,
1851 1278 2011 1332 quam

445 1351 848 1406 constrinxerat
885 1348 1120 1406 Satanas
1149 1350 1340 1406 decem
1362 1359 1416 1408 et
1453 1359 1576 1408 octo
1598 1368 1794 1419 annos,
1822 1369 2004 1424 quam-

443 1455 551 1509 que
583 1440 812 1509 pristina
851 1439 1163 1496 inﬁrmitate
1189 1441 1472 1496 liberatam
1498 1480 1514 1504 ,
1561 1441 1885 1498 incolumem
1940 1444 2015 1498 di-

445 1530 614 1586 misit.
637 1529 926 1595 Caeterum,
952 1531 1154 1601 ubique
1185 1531 1252 1586 iis
1280 1533 1372 1602 qui
1401 1540 1748 1603 peccatorum
1781 1535 2014 1589 vinculis

443 1622 900 1693 impediebantur,
944 1624 1184 1694 priorum
1232 1640 1452 1681 suarum
1490 1627 1832 1696 iniquitatum
1879 1629 2011 1684 ruis-

2122 429 2312 499 πλήθει
2355 430 2463 482 τῶν
2509 432 2590 494 εἰς
2632 431 2793 483 αὑτὸν
2839 431 2932 484 καὶ
2978 431 3046 485 δι’
3097 432 3262 486 αὑτοῦ
3315 434 3410 486 ἐπὶ
3449 434 3540 486 τὸν
3581 435 3696 486 τῶν

2117 521 2250 574 ὅλων
2283 521 2416 576 Θεὸν
2467 521 2772 591 ὴλπικότων
2825 521 2992 575 ἐθνῶν
3012 565 3026 587 ,
3059 517 3140 587 οἷς
3171 525 3274 577 ὑπὸ
3323 523 3420 577 τοῦ
3479 526 3698 596 Πατρὶς

2116 614 2272 685 ἐτέθη
2307 615 2386 678 είς
2419 615 2563 685 φῶς·
2597 615 2761 686 φησὶν
2778 614 2852 678 δὲ,
2880 635 2897 665 ι
2920 616 3013 669 τοῦ
3038 617 3378 686 καταστῆσαι
3398 619 3500 687 τὴν
3529 619 3682 688 γῆν,ι

2114 707 2258 760 τοῦτ’
2303 707 2418 760 ἐστι
2455 707 2551 779 τὴν
2567 707 2624 760 ἐν
2648 707 2898 780 θορύϐοις
2935 709 3026 762 κα)⁸
3058 710 3489 774 ἀκαταστασίαις
3521 711 3694 764 πάλαι

2115 799 2484 869 τυγχάνουσαν
2531 799 2706 870 ψυχὴν
2757 801 2836 864 είς
2869 801 2967 873 τὴν
2999 801 3139 854 κατά
3177 802 3338 871 φύσιν
3369 802 3692 856 εὐστάθειαν

2116 893 2210 944 καὶ
2235 893 2571 965 καταστολὴν
2597 895 2819 964 ἀγαγεῖν
2839 913 2852 925 ·
2883 895 3015 949 ἀλλά
3045 895 3138 948 καὶ
3168 914 3186 945 ι
3210 893 3303 947 τοῦ
3343 894 3699 966 κληρονομῆσ

2119 1001 2207 1036 σαι
2234 983 2602 1056 κληρονομίαν
2633 989 2860 1060 ἐρήμου,
2889 1009 2906 1039 ι
2937 989 3036 1059 τὴν
3067 987 3126 1050 ἐξ
3160 987 3328 1040 ὲθνῶν
3361 988 3690 1058 Ἐκκλησίαν

2116 1077 2292 1149 δηλῶν
2313 1094 2325 1106 ·
2361 1079 2427 1149 ἣν
2466 1080 2570 1152 πρὸ
2592 1079 2693 1150 τῆς
2717 1080 2878 1134 αὑτοῦ
2913 1081 3213 1152 παρουσίας
3246 1080 3448 1151 ἔρημον
3475 1083 3688 1151 τυγχάο

2115 1187 2338 1238 νουσαν,
2375 1172 2737 1244 κληρονομίαν
2783 1173 2972 1245 εἴληφε
3001 1172 3148 1244 παρὰ
3177 1172 3271 1226 τοῦ
3307 1173 3554 1237 εἰπόντος
3593 1176 3696 1227 αὐ-

2112 1262 2226 1333 τῷ·
2264 1283 2281 1314 ι
2307 1264 2536 1337 Αίτησαι
2582 1267 2710 1338 παρ’
2757 1266 2922 1336 ἐμοῦ,
2959 1267 3051 1319 καὶ
3091 1265 3244 1320 δώσω
3289 1283 3371 1319 σοι
3417 1265 3543 1337 ἔθνη
3589 1267 3696 1338 τὴν

2115 1353 2482 1425 κληρονομίαν
2531 1372 2645 1409 σου.
2679 1375 2698 1407 ι
2742 1349 2910 1419 Οὗτος
2940 1355 2998 1410 δὲ
3041 1357 3180 1409 κατὰ
3212 1356 3308 1426 τὴν
3362 1357 3490 1428 περὶ
3519 1357 3678 1410 αὑτοῦ

2121 1447 2458 1518 προφητείαν
2489 1450 2602 1511 τοῖς
2638 1449 2695 1501 ἐν
2743 1447 2959 1518 δεσμοῖς
2993 1446 3212 1519 εἴρηκεν
3249 1447 3511 1512 ἐξελθεῖνο
3544 1467 3676 1520 προ-

2116 1535 2312 1606 χείρως
2338 1536 2437 1606 μὲν
2469 1537 2544 1601 ὼς
2577 1538 2668 1590 ἐπὶ
2686 1537 2788 1591 τοῦ
2808 1537 3081 1610 Λαζάρου,
3114 1539 3174 1592 δν
3200 1539 3434 1611 κειρίαις
3463 1541 3676 1594 καταδε,

2117 1625 2338 1696 δεμένον
2395 1628 2488 1681 καὶ
2535 1629 2593 1680 ὲν
2651 1630 2890 1699 μνήματι
2939 1632 3254 1700 τεταρταῖον
3314 1631 3680 1701 τυγχάνοντα,

442 1715 650 1770 sionem
695 1716 990 1781 concessit,
1033 1725 1196 1787 prout
1232 1718 1391 1772 solus
1440 1726 1762 1789 potestatem
1806 1719 2011 1774 habens

2114 1717 2319 1771 εἰπών·
2367 1737 2386 1768 ι
2417 1718 2670 1789 Λάζαρε,
2711 1718 2869 1791 δεῦρο
2906 1719 3046 1784 tam,
3099 1741 3119 1774 ι
3155 1699 3451 1791 ἐλεύθερον
3479 1724 3687 1793 ἀφῆκεν

441 1802 747 1858 dimittendi
777 1814 1015 1874 peccata.
1059 1805 1269 1871 Quibus
1316 1823 1463 1862 nunc
1512 1823 1728 1879 quoque
1765 1807 2011 1863 doctrina

441 1916 540 1955 sua
571 1901 802 1972 imperat
826 1911 906 1968 ut,
936 1903 1111 1973 ruptis
1135 1904 1410 1974 prioribus
1448 1904 1702 1968 vinculis,
1725 1904 2018 1976 egredian-

441 2002 549 2058 tur,
577 1995 872 2064 unicuique
906 1995 1163 2051 dictitans
1195 2015 1208 2049 :
1255 2015 1272 2047 ι
1317 1994 1457 2051 Ecce
1491 2011 1662 2052 sanus
1695 1996 1870 2051 factus
1899 2012 1962 2051 es
1995 2016 2008 2049 :

440 2085 547 2154 iam
577 2086 687 2140 noli
724 2087 1014 2157 pcccarc'.
1067 2106 1086 2138 ι
1137 2087 1405 2143 Praeterea
1440 2103 1586 2142 nunc
1637 2088 1814 2142 adhuc
1859 2087 2013 2157 igno-

440 2177 632 2232 rantiae
679 2185 733 2233 et
784 2179 1004 2233 malitia:
1034 2178 1277 2234 tenebris
1310 2178 1622 2236 obscuratis
1667 2178 1906 2248 praecipit
1954 2187 2012 2231 ut

440 2270 768 2336 revelentur,
798 2272 998 2342 quippe
1023 2269 1115 2342 qui
1140 2269 1378 2326 Verbum
1411 2268 1503 2326 Dei
1554 2279 1667 2336 est,
1713 2271 2012 2341 praecordia

439 2370 494 2416 et
515 2378 674 2418 renes
710 2364 1013 2434 inquirens,
1043 2363 1332 2435 cordisque
1361 2365 1752 2434 cogitationum
1798 2372 1851 2418 et
1891 2381 2012 2420 sen-

439 2454 734 2509 tentiarum
762 2455 1068 2528 indagator.
1092 2453 1288 2510 Verum
1322 2466 1380 2510 ut
1405 2472 1570 2526 quam
1600 2455 1920 2512 brevissime
1944 2455 2012 2510 iis

439 2548 842 2611 incumbamus,
872 2548 1231 2618 praecedentia
1261 2549 1426 2605 verba
1459 2549 1525 2605 iis
1550 2564 1669 2619 quae
1701 2549 1768 2603 de
1793 2548 2011 2604 Christo

438 2643 585 2696 dicta
612 2648 740 2696 sunt
765 2639 1240 2695 accommodantes
1264 2681 1278 2704 ,
1334 2651 1496 2711 atque
1529 2641 1599 2695 ab
1644 2641 1803 2694 initio
1855 2655 2010 2694 resu-

438 2740 670 2796 mentes,
701 2740 944 2787 nostram
988 2731 1056 2787 de
1085 2732 1192 2786 illis
1233 2731 1734 2801 interpretationem
1767 2729 2010 2800 profere-

437 2839 582 2879 unus.
615 2823 672 2877 In
703 2823 887 2878 multis
912 2823 1078 2893 igitur
1098 2822 1540 2877 circumcisionis
1586 2821 1786 2892 populo
1826 2829 2011 2891 aperte

439 2913 849 2977 manifestatus,
883 2928 1006 2968 cum
1055 2912 1278 2967 nomine
1325 2912 1441 2966 sive
1488 2909 1660 2966 Jacob
1687 2954 1702 2977 ,
1763 2913 1878 2967 sive
1929 2911 2010 2967 ls-

439 3007 550 3063 rael
591 3016 839 3071 vocatur,
883 3005 936 3061 in
973 3005 1230 3077 praesenti
1258 3019 1368 3060 non
1409 3003 1475 3057 ad
1499 3020 1594 3060 eos
1637 3005 2010 3075 prophetizat,

438 3097 534 3154 sed
586 3099 794 3155 insulas
843 3105 900 3153 et
955 3105 1144 3168 gentes
1216 3094 1283 3151 ad
1336 3096 1602 3151 audienda
1659 3111 1779 3164 qua:
1829 3096 2010 3150 dictu—

435 3207 536 3248 rus
599 3199 686 3247 est
738 3199 1045 3257 convocat;
1107 3197 1299 3260 estque
1349 3189 1422 3244 ibi
1464 3188 1757 3260 promissio
1811 3188 2012 3244 Christi

437 3285 582 3340 dicta
604 3283 671 3340 de
699 3283 984 3338 vocatione
1015 3282 1240 3338 omnino
1268 3283 1396 3336 olim
1436 3281 1757 3345 inﬁdelium,
1785 3291 1947 3352 atque
1982 3297 2012 3336 a

438 3375 640 3443 pietate
692 3375 744 3430 in
787 3372 960 3428 Deum
985 3373 1286 3428 alienarum
1327 3373 1593 3444 gentium,
1626 3388 1857 3443 quarum
1895 3375 2013 3428 alite

438 3464 792 3518 nominantur
863 3463 1056 3519 insulae
1097 3505 1112 3530 ,
1195 3463 1388 3516 animae
1449 3462 1659 3518 scilicet
1707 3478 1830 3534 qua:
1881 3465 2010 3518 olim

435 3557 674 3629 quodam
729 3559 892 3613 modo
933 3555 1222 3612 maritimis
1263 3555 1386 3611 vitae
1433 3555 1685 3626 procellis
1711 3597 1725 3620 ,
1767 3556 2014 3628 agitatis-

435 3669 544 3722 que
600 3651 903 3722 iniquitatis
943 3648 1196 3705 ﬂuctibus
1241 3648 1612 3717 jactabantur.
1651 3647 1790 3714 Quid
1831 3649 1898 3703 de
1946 3649 2013 3704 iis

437 3748 507 3800 sit
534 3745 942 3816 intelligendum
978 3745 1093 3814 ipse
1115 3759 1216 3797 nos
1246 3742 1404 3797 docet
1451 3741 1736 3808 Dominus,
1770 3743 1962 3798 dicens
1994 3763 2007 3797 :

441 3857 467 3887 c
499 3835 577 3892 Ex
623 3843 780 3892 utero
811 3837 1004 3891 matris
1047 3851 1182 3891 mea:
1212 3835 1424 3890 vocavit
1474 3850 1674 3891 nomen
1723 3850 1937 3897 meum;
1987 3853 2005 3886 ι

435 3928 582 3998 quod
609 3935 665 3984 et
697 3933 884 3998 aperte
924 3927 993 3982 de
1052 3927 1277 3982 Christo
1299 3969 1312 3992 ,
1344 3927 1518 3998 ipsius
1550 3927 1695 3982 enim
1731 3936 1858 3984 sunt
1896 3927 2012 3982 lucc

435 4020 624 4083 verba,
649 4035 769 4090 qua:
795 4035 859 4074 ex
883 4017 1157 4090 Evangelii
1196 4021 1466 4091 scriptura
1497 4020 1812 4076 didicimus.
1834 4019 2012 4077 [nscio

435 4109 580 4165 enim
610 4108 808 4180 Joseph
840 4109 1062 4164 Mariam
1116 4111 1438 4182 concepisse
1493 4126 1616 4166 cum
1670 4112 2013 4183 apparuisset

438 4201 680 4270 Gabriel,
735 4210 975 4274 paternae
1017 4203 1273 4258 minister
1318 4204 1640 4267 voluntatis,
1679 4204 1732 4258 in
1782 4205 2010 4260 somniis

435 4292 580 4348 inter
625 4299 822 4348 caetera
853 4292 968 4346 haec
998 4291 1074 4346 ait
1112 4312 1126 4345 :
1166 4311 1185 4344 ι
1225 4291 1409 4348 Pariet
1469 4301 1648 4348 autem
1711 4294 1902 4358 ﬁlium,
1957 4305 2009 4350 et

2115 1793 2375 1879 ὑπάγειν·
2412 1810 2504 1864 και
2531 1811 2588 1862 ὲν
2615 1810 2768 1884 μέρει
2801 1810 2858 1864 δὲ
2887 1811 3122 1874 διανοίας
3158 1811 3251 1865 ιπι
3284 1811 3384 1882 τῆς
3417 1811 3691 1884 θυγατρὸς

2127 1902 2395 1974 Ἀϐραὰμ,
2425 1903 2490 1973 ἦν
2517 1900 2704 1973 ἔδησεν
2732 1904 2764 1956 ό
2782 1905 3027 1968 Σατανᾶς
3051 1903 3180 1957 δέκα
3208 1905 3301 1957 καὶ
3322 1905 3464 1958 όκτὼ
3487 1905 3688 1969 ἔτεσιν,

2113 1991 2180 2060 ἣν
2232 1990 2325 2044 καὶ
2377 1991 2546 2061 αὑτὴν
2580 1992 2678 2062 τῆς
2737 1991 3015 2056 ἀσθενείας
3057 1992 3369 2057 ἀπαλλάξας
3405 1995 3552 2048 σώαν
3584 1997 3690 2048 ἀπο

2115 2083 2270 2135 έλυσε
2295 2099 2311 2113 ·
2356 2082 2582 2137 καθόλου
2633 2083 2687 2136 δὲ
2708 2124 2722 2148 ,
2757 2084 2990 2156 ὁπηνίκα
3033 2087 3166 2139 πᾶσι
3209 2088 3320 2149 τοῖς
3343 2091 3552 2158 σειραῖς
3579 2087 3688 2140 τῶν

2119 2174 2261 2227 ἰδίων
2307 2174 2591 2245 ἁμαρτιῶν
2633 2176 2979 2246 ὲσφιγμένοις
3025 2178 3216 2247 ἄφεσιν
3255 2177 3362 2230 τῶν
3405 2180 3691 2251 προτέρων

2114 2264 2528 2335 ἁμαρτημάτων
2561 2266 2880 2338 παρέσχετο,
2915 2262 3004 2321 οἷα
3033 2269 3096 2341 δὴ
3135 2270 3290 2340 μόνος
3325 2270 3509 2341 (ἔχων)
3535 2273 3692 2338 ἐξου-

2122 2356 2242 2411 σίαν
2275 2359 2488 2428 ἀφιέναι
2533 2359 2832 2430 ἁμαρτίας*
2858 2355 2939 2424 οἷς
2975 2360 3055 2414 ἔτι
3088 2361 3183 2415 καὶ
3202 2361 3296 2415 νῦν
3323 2364 3384 2432 (f.
3405 2363 3475 2416 δι
3498 2367 3572 2433 v')
3601 2365 3694 2418 διὰ

2116 2447 2214 2518 τῆς
2253 2449 2419 2503 αὑτοῦ
2450 2450 2796 2515 διδασκαλίας
2823 2452 3250 2524 παρακελεύεται
3269 2455 3376 2508 τῶν
3405 2457 3694 2528 προτέρων

2115 2541 2328 2612 δεσμῶν
2365 2541 2622 2608 ἐξελθεῖν,
2651 2543 2823 2613 λέγων
2851 2547 2934 2613 ἐφ’
2953 2545 3167 2617 ἑκάστῳ
3195 2547 3274 2610 τὸ,
3308 2566 3325 2599 ι
3356 2547 3486 2612 Ἴδε,
3528 2549 3693 2620 ὑγιὴς

2113 2632 2364 2700 γέγονας,
2401 2634 2599 2704 μηκέτι
2643 2635 2943 2706 ἁμάρτανε.
2977 2655 2996 2688 ι
3041 2638 3164 2690 Ἐπὶ
3218 2638 3425 2703 τούτοις
3471 2638 3566 2692 ἔτι.
3596 2641 3696 2693 καὶ

2113 2723 2206 2776 νῦν
2256 2727 2370 2787 τοῖς
2411 2726 2578 2778 εἰσέτι
2615 2727 2835 2794 ἀγνοίας
2877 2744 2938 2779 τε
2988 2729 3080 2781 καὶ⁵
3131 2729 3389 2802 πονηρίας
3445 2747 3696 2802 κατορω-

2119 2817 2411 2888 ρυγμένοις
2459 2817 2902 2890 ἀνακαλυφθῆναι
2955 2820 3311 2890 προστάττει,
3361 2820 3458 2874 ἇτε
3516 2822 3694 2890 Λόγος

2117 2912 2377 2983 ὑπάρχων
2403 2911 2561 2975 Θεοῦ,
2607 2912 2832 2984 καρδίας
2861 2929 2919 2964 τε
2945 2912 3152 2977 ὲτάξων
3197 2914 3288 2967 καί
3311 2916 3564 2986 νεφροὺς,
3597 2916 3705 2968 καὶ.

2117 3004 2362 3077 κριτικὸς
2388 3003 2736 3076 ἐνθυμήσεων
2761 3005 2854 3058 καῖ¹
2877 3003 3093 3060 ἐννοιῶν
3119 3005 3364 3077 καρδίας.
3389 3006 3510 3060 Ἵνα
3533 3007 3596 3061 δὲ
3619 3008 3698 3071 ὼς

2115 3097 2194 3150 ένι
2255 3095 2492 3168 μάλιστα
2540 3097 2818 3166 συντόμως
2862 3097 3279 3170 διαδράμωμεν,
3327 3098 3422 3152 καὶ
3463 3099 3531 3152 τά
3585 3101 3710 3171 πρὸ

2113 3186 2318 3241 τούτων
2355 3187 2754 3260 ἐφαρμόζοντες
2782 3192 2896 3252 τοῖς
2927 3189 3055 3260 περὶ
3091 3189 3696 3262 Χριστοῦιλεγομένοις,

2114 3277 2477 3343 ἀναλαϐόντες
2521 3278 2578 3345 ἐξ
2625 3279 2877 3350 ὑπαρχῆς
2916 3280 3010 3332 καὶ
3052 3281 3150 3350 τὴν
3189 3279 3400 3334 τούτων.
3433 3283 3710 3337 ὑπόνοιαν

2112 3377 2145 3445 ἡ
2155 3372 2270 3443 μῶν
2291 3371 2656 3444 ἐκθησόμεθα.
2683 3372 2772 3425 Ἐν
2796 3371 3012 3434 πολλοῖς
3031 3370 3096 3441 δὴ
3123 3372 3305 3440 σαφῶς
3323 3373 3401 3444 τῷ
3432 3375 3500 3426 ἐκ
3533 3392 3694 3446 περι-

2113 3468 2291 3539 τομῆς
2343 3467 2458 3537 λαῷ
2529 3466 2968 3538 προσομιλήσας,
3023 3465 3112 3517 ὅτε
3169 3467 3264 3518 καὶ
3308 3465 3367 3531 ἐξ
3426 3466 3694 3537 ὀνόματος

2113 3561 2231 3630 ἦτοι
2279 3559 2368 3612 τὸν
2406 3557 2596 3612 Ἰακὼϐ
2632 3559 2749 3628 ήτοι
2790 3557 2881 3610 τὸν
2916 3554 3126 3628 Ἰσραὴλ
3171 3556 3570 3622 ἀνακαλεῖται,
3601 3559 3693 3612 ἐπὶ

2112 3650 2206 3703 τοῦ
2237 3651 2504 3723 παρόντος
2526 3651 2588 3704 οὑ
2637 3649 2772 3721 πρὸς
2799 3649 3039 3710 ἐκείνους
3087 3649 3316 3700 ποιεῖται
3353 3649 3451 3719 τὴν
3483 3667 3699 3720 προφη-

2113 3741 2281 3808 τείαν,
2318 3739 2454 3794 ἀλλὰ
2481 3740 2590 3812 γὰρ
2640 3742 2834 3811 νήσους
2866 3739 2960 3793 καὶ
2993 3737 3118 3808 ἔθνη
3143 3739 3236 3791 ἐπὶ
3287 3738 3385 3810 τὴν
3428 3741 3691 3812 ἀκρόασιν

2111 3835 2219 3888 τῶν
2252 3831 2670 3904 λεχθησομένων
2702 3830 3040 3902 παρακαλεῖο
3081 3833 3176 3886 καὶ⁵
3223 3831 3336 3885 ἔστι
3365 3849 3428 3900 γε
3460 3832 3692 3886 ἐνταῦθα

2111 3931 2145 3999 ἡ
2172 3928 2460 3998 ὑπόσχεσις
2491 3925 2583 3979 τοῦ
2613 3925 2820 3998 Κυρίου
2864 3924 3130 3996 λεγομένη
3169 3925 3420 3995 περὶτῆς
3446 3924 3688 3996 κλήσεως

2111 4019 2221 4072 τῶν
2262 4020 2522 4092 πρότερον
2582 4017 2824 4070 ἀπίστων
2874 4017 3050 4087 πάντη
3107 4017 3201 4070 καὶ
3247 4016 3540 4088 ἀλλοτρίων
3592 4015 3706 4086 τῆς·

2083 4111 2422 4190 ,θεοσεϐείας
2449 4109 2638 4174 ὲθνῶν,
2669 4101 2744 4163 ὧν
2773 4111 2830 4162 ὲν
2865 4109 3020 4182 μέρει
3047 4108 3290 4163 νοοῦνται
3326 4110 3422 4162 καὶ
3447 4111 3504 4162 αί
3533 4109 3694 4177 λεγόέ

2121 4223 2278 4276 μεναι
2310 4205 2485 4276 νῆσοι,
2509 4203 2680 4275 ψυχαὶ
2707 4203 2829 4256 ὅσαι
2858 4201 2921 4254 τὸ
2943 4202 3109 4255 πάλαι
3133 4201 3396 4275 πρότερόν
3423 4219 3544 4255 τινα
3569 4202 3706 4273 τρό-

2113 4315 2213 4352 πον
2237 4297 2342 4351 ὑπὸ
2381 4295 2680 4350 θαλαττίων
2707 4293 2814 4348 τῶν
2838 4293 2978 4348 κατά
2998 4293 3088 4347 τὸν
3118 4293 3229 4366 βίον
3254 4294 3562 4365 τρικυμιῶν
3597 4294 3703 4347 xui:

435 4384 660 4440 vocabis
685 4399 883 4440 nomen
909 4385 1030 4455 ejus
1051 4383 1272 4442 Iesum:
1297 4385 1418 4456 ipse
1434 4387 1578 4441 enim
1601 4387 1812 4441 salvum
1846 4387 2007 4443 faciet

2114 4384 2218 4438 τῶν
2269 4383 2410 4437 κατὰ
2450 4385 2548 4455 τῆς
2594 4383 2790 4446 κακίας
2841 4381 3245 4454 ἀλμυρωτάτων
3296 4383 3704 4448 κατεκλὺζοντο·

436 4474 697 4546 populum
747 4491 904 4528 suum
930 4477 970 4530 ⁸.
997 4495 1015 4528 ι
1066 4476 1378 4547 Adjicitque
1413 4478 1470 4532 in
1513 4478 1796 4550 prophetia
1831 4498 1846 4536 :
1883 4503 1902 4530 ο
1942 4479 2007 4533 Et

435 4567 620 4640 posuit
646 4583 709 4623 os
741 4583 919 4623 meum
962 4570 1119 4640 quasi
1161 4570 1398 4640 gladium
1433 4577 1694 4637 acutum;
1729 4591 1748 4623 ι
1786 4588 2010 4628 rursus-

436 4676 592 4731 que:
638 4681 656 4712 ι
695 4659 883 4716 Posuit
917 4677 1003 4716 me
1053 4662 1210 4729 quasi
1246 4664 1498 4734 sagittam
1556 4664 1810 4722 electam.
1869 4684 1894 4718 ι
1941 4698 2011 4709 -

441 4773 459 4802 ι
497 4751 734 4808 Verbum
768 4753 912 4809 enim
959 4751 1168 4808 Domini
1200 4761 1284 4807 est
1309 4752 1496 4808 elﬁcax
1531 4763 1586 4809 et
1622 4755 2010 4825 penetrabilius

435 4845 588 4900 omni
621 4845 802 4917 gladio
833 4846 1080 4916 ancipiti,
1110 4855 1163 4900 et
1195 4846 1508 4917 pertingens
1558 4863 1730 4917 usque
1777 4847 1844 4902 ad
1873 4846 2013 4901 divi-

437 4937 647 4994 sionem
678 4943 874 4993 anima:
920 4954 985 4994 ac
1039 4939 1330 5010 spiritus“,
1375 4958 1393 4990 ι
1434 4947 1492 4992 ιιι
1525 4940 1744 4996 divinus
1772 4941 2009 4995 ostendit

438 5029 758 5099 Apostolus.
808 5029 932 5085 Hac
959 5046 1177 5101 quoque
1211 5031 1313 5101 ipsi
1350 5030 1452 5086 soli
1493 5031 1774 5099 aptissime
1813 5046 2010 5086 conve-

438 5121 618 5183 niunt,
643 5121 919 5176 obedienti
948 5122 1090 5177 facto
1113 5121 1261 5176 Patri
1289 5137 1460 5192 usque
1493 5123 1560 5176 ad
1585 5130 1838 5186 mortem,
1869 5122 2012 5178 scili-

439 5222 561 5267 cet:
597 5233 617 5263 ι
667 5213 870 5269 Servus
901 5230 1054 5270 meus
1084 5230 1144 5268 es
1190 5223 1271 5279 tu,
1327 5215 1518 5276 Israel,
1551 5221 1607 5269 et
1639 5215 1695 5268 in
1725 5221 1779 5270 te
1812 5214 2012 5283 gloria—

441 5303 560 5360 bor.
601 5323 620 5356 ι
664 5303 798 5360 lllud
821 5321 986 5361 vero:
1026 5327 1044 5358 ι
1088 5305 1148 5360 Et
1179 5322 1282 5377 ego
1317 5307 1469 5363 dixi:
1503 5305 1559 5361 In
1585 5321 1816 5361 vacuum
1859 5307 2010 5361 labo-

441 5394 581 5456 ravi.
621 5414 640 5446 ι
673 5408 726 5452 et
752 5414 874 5468 quae
908 5409 1234 5471 sequuntur,
1269 5400 1334 5454 ad
1369 5399 1706 5455 Salvatorem
1736 5409 2006 5470 spectant,

441 5497 666 5562 propter
702 5493 1028 5558 paucitatem
1059 5507 1250 5548 eorum
1286 5492 1381 5563 qui
1419 5492 1722 5548 secundum
1759 5491 2006 5563 Evange-

516 5663 536 5698 ⁸
561 5659 709 5721 Psal.
741 5679 798 5729 ll,
833 5665 883 5720 8.
964 5665 1159 5722 ’Joau.
1195 5682 1270 5732 χι,
1300 5665 1388 5722 45.
1469 5668 1488 5698 ³
1511 5666 1666 5725 Joan.
1695 5669 1858 5736 v,14.

1957 5668 1976 5699 ⁸
2001 5667 2188 5722 Matth.
2229 5682 2266 5732 l,
2299 5667 2388 5722 9L

2115 4477 2418 4550 ῥευμάτων.
2469 4477 2605 4530 Τίνα
2653 4473 2746 4530 οὖν
2787 4476 2989 4540 ταύτας
3031 4477 3058 4528 ό
3101 4475 3304 4546 Κύριος
3346 4476 3512 4540 αὑτὸς
3565 4477 3688 4546 rapi

2113 4569 2304 4624 ἑαυτοῦ
2331 4568 2570 4623 διδάσκει
2609 4569 2995 4639 κατανοητέον
3023 4587 3040 4618 ι
3078 4568 3172 4621 Ἐκ
3214 4567 3445 4632 κοιλίας,
3481 4589 3500 4621 ι
3537 4569 3684 4640 φησὶ,

2120 4661 2372 4733 «μητρός
2403 4679 2504 4733 μου
2546 4661 2770 4716 ἐκάλεσε
2799 4661 2860 4713 τὸ
2903 4660 3074 4731 ὄνομά
3104 4677 3233 4730 μουο
3261 4679 3280 4712 ι
3309 4659 3338 4713 ὃ
3379 4660 3477 4713 καὶ
3509 4660 3685 4731 σαφῶς

2113 4755 2206 4810 ἐπὶ
2225 4753 2323 4809 τοῦ,
2347 4752 2583 4826 Χριστοῦ
2602 4770 2615 4783 ·
2639 4751 2806 4806 αὑτοῦ
2833 4751 2939 4824 γάρ
2965 4769 3046 4806 τοι
3065 4752 3422 4821 τυγχάνουσιν
3444 4753 3496 4806 οἱ
3522 4753 3682 4821 λόγοι,

2113 4847 2208 4912 οὓς
2251 4848 2314 4902 ἐκ
2345 4847 2442 4918 τῆς
2483 4847 2575 4900 τοῦ
2633 4845 2964 4915 Εὑαγγελίου
2993 4845 3210 4915 γραφῆς
3267 4844 3682 4916 μεμαθήκαμεν.

2124 4939 2432 5008 ’Δγνοοῦντι
2461 4938 2572 5010 γὰρ
2603 4937 2681 5009 τῷ
2717 4937 2912 5008 Ἰωσὴφ
2944 4936 3073 5007 περὶ
3111 4937 3209 5008 τῆς
3243 4936 3556 5008 συλλήψεως
3593 4938 3684 5006 τῆς

2111 5033 2329 5104 Μαρίας
2364 5030 2590 5094 ἐπιστὰς
2612 5028 2914 5102 ὁΓαόριὴλ,
2935 5029 3178 5090 διάκονος
3198 5027 3274 5081 ῶν
3297 5028 3394 5081 τοῦ
3421 5027 3683 5101 πατρικοῦ

2114 5124 2470 5195 βουλήματος,
2507 5123 2624 5178 κατ’
2653 5123 2785 5195 ὄναρ
2827 5118 2948 5176 εἷπε
2979 5121 3094 5193 μεθ’
3119 5121 3280 5192 ἕτερα
3314 5123 3410 5175 καὶ
3436 5122 3518 5173 τόο
3553 5121 3682 5174 «Τέ-

2115 5217 2260 5281 ξεται
2289 5217 2346 5271 δὲ
2371 5218 2506 5278 υἱὸν,
2552 5217 2646 5271 καὶ
2674 5215 2922 5278 καλέσεις
2949 5213 3010 5266 τὸ
3040 5214 3211 5284 ὄνομα
3248 5212 3413 5266 αὐτοῦ
3447 5213 3678 5283 Ἰησοῦν·

2113 5311 2276 5374 αὑτὸς
2307 5309 2416 5381 γάρ
2457 5308 2620 5362 σώσει
2640 5308 2731 5362 τὸν
2762 5307 2892 5362 λαὸν
2924 5306 3088 5360 αὑτοῦ
3107 5324 3119 5336 ’
3147 5327 3166 5358 ι
3187 5307 3436 5377 ἐπιφέρει
3463 5306 3511 5358 δ’
3541 5308 3597 5358 ἐν
3620 5307 3676 5374 τῇ

2116 5401 2422 5474 προφητείᾳ
2453 5401 2648 5470 λέγων.
2676 5402 2758 5455 ὅτι
2806 5421 2822 5449 ‹
2853 5399 2965 5455 Καὶ
2990 5398 3152 5470 ἔθηκε
3183 5399 3244 5452 τὸ
3272 5397 3444 5468 στόμα
3480 5414 3580 5468 μου
3609 5395 3677 5456 ὡς

2120 5492 2394 5561 μάχαιραν
2417 5491 2596 5555 ὀξεῖαν
2615 5508 2628 5521 ·
2666 5510 2682 5542 ι
2721 5491 2813 5544 καὶ
2843 5489 3002 5544 πάλιν
3020 5507 3032 5518 ·
3064 5507 3084 5542 ι
3112 5487 3315 5561 Ἔθηκέ
3343 5504 3409 5564 με
3437 5485 3515 5551 ὡς
3534 5483 3671 5556 βέλος

2469 5669 2487 5699 ⁸
2520 5665 2681 5724 Henr.
2725 5685 2799 5733 ιγ,
2833 5666 2895 5722 12
