3950 6218
254 237 391 293 1257

1278 238 1577 295 ECLOGA:
1616 238 2099 300 PROPHETICJE.
2141 273 2207 280 —
2246 241 2369 300 LIB.
2416 245 2507 304 IV.

3363 252 3501 319 1238

251 357 526 413 ἐκλεκτόν.
548 377 636 409 ι-
651 376 669 409 ι
693 358 750 412 Ὀ
768 358 874 430 γὰρ
901 359 1069 427 Λόγος
1089 357 1221 411 Θεοῦ
1251 362 1509 429 τυγχάνει
1532 362 1780 430 ἐνεργὴς,
1804 378 1821 409 ι

1938 360 2059 414 lium
2084 360 2204 431 ejus
2237 362 2443 419 vivunt.
2477 364 2805 436 thuoniam
2840 387 2858 420 ι
2883 372 3149 424 nonvenit
3170 368 3365 424 nisum
3383 332 3511 439 per:

251 452 369 505 ἔστι
406 469 424 502 ι
458 451 553 504 καὶ
579 448 889 521 τομώτερος
907 450 1046 521 ὑπὲρ
1083 451 1259 503 πᾶσαν
1286 450 1559 523 μάχαιραν
1584 448 1831 521 δίστομον

251 541 618 613 διικνούμενος
651 541 782 612 ἄχρι
811 539 1083 612 μερισμοῦ
1114 540 1293 611 ψυχῆς
1319 541 1416 593 καὶ
1445 538 1777 610 πνεύματος,
1805 559 1821 593 ι

249 634 325 698 ὼς
352 636 380 688 6
409 633 692 697 θεσπέσιος
705 632 941 698 ἐδίδαξεν
960 632 1301 697 Ἀπόστολος.
1318 631 1675 701 Εὑλογώτατα
1699 633 1742 685 δ’
1768 633 1833 686 ἂν

250 726 398 799 αύτῷ
428 727 573 799 μόνῳ
603 726 821 798 λεχθείη
862 726 1089 797 ὑπηκόῳ
1119 727 1393 798 γενομένῳ
1420 726 1496 797 τῷ
1525 727 1699 798 Πατρὶ
1738 726 1833 797 μέ-

250 806 341 891 χρι
371 820 464 873 καὶ
487 819 714 873 Θανάτου
740 817 819 871 τό·
865 835 882 868 ι
903 817 1098 881 Δοῦλός
1129 835 1229 889 μου
1271 813 1320 872 εἶ
1347 820 1433 883 σὺ,
1462 818 1677 890 Ἰσραὴλ
1695 858 1708 881 ,
1741 818 1834 871 καὶ

250 915 309 966 ἐν
361 912 443 966 σοὶ
490 910 983 982 ἐνδοξασθήσομαι·
1037 928 1055 961 ι
1086 909 1146 963 τὸ
1178 909 1266 963 δέ·
1308 930 1325 961 ι
1361 910 1471 964 Καὶ
1503 909 1612 980 ἐγὼ
1666 906 1830 964 εἶπα·

250 1004 439 1068 Κενῶς
471 1004 738 1058 ἐκοπίασα
759 1044 774 1068 ,
809 1024 827 1057 ι
864 1006 958 1058 καὶ¹
988 1005 1057 1059 τά
1087 1005 1236 1076 ἑξῆς,
1277 1004 1474 1075 λέγοιτ’
1515 1004 1583 1059 ἂν
1607 1004 1712 1058 ὑπὸ
1737 1004 1831 1058 τοῦ

252 1095 503 1168 Σωτῆρος
550 1096 637 1151 διὰ
677 1097 738 1149 τὸ
785 1097 1010 1152 σπάνιον
1053 1098 1162 1150 τῶν
1207 1096 1353 1151 κατά
1404 1098 1465 1150 τὸ
1506 1097 1834 1166 Εὑαγγέλιον

252 1186 416 1241 αὑτοῦ
455 1187 732 1258 βιούντων.
768 1187 880 1241 Καὶ
927 1188 1235 1261 ἐπειδήπερ
1266 1206 1284 1239 ι
1307 1192 1411 1243 οὐκ
1464 1184 1628 1259 ἦλθεν
1677 1190 1725 1241 εἰ
1759 1190 1832 1262 μὴ

249 1281 330 1343 εἰς
358 1279 425 1332 τὰ
458 1278 705 1351 πρὸὅατα
731 1278 799 1332 τά
826 1278 1145 1334 ἀπολωλότα
1171 1279 1321 1333 οἴκου
1354 1279 1588 1351 Ἰσραὴλ,
1614 1300 1631 1332 ι
1655 1280 1833 1343 καλῶς

250 1370 676 1443 προηγουμένως
726 1371 823 1443 μέν
884 1371 1103 1440 λέγεται
1160 1370 1649 1443 ἐπιδεδημηκέναι,
1692 1391 1709 1422 ι
1740 1370 1831 1424 τοῦ

252 1462 448 1532 στῆσαι
479 1462 578 1526 τὰς
626 1462 796 1531 φυλὰς
847 1462 1072 1527 Ἰακὼϐ,
1125 1463 1220 1517 καὶ
1260 1463 1358 1533 τὴν
1407 1462 1705 1536 διασπορὰν
1738 1461 1831 1516 τοῦ

264 1554 480 1627 Ἰσραὴλ
510 1555 870 1627 ἐπιστρέψαι·
898 1574 917 1607 ι
952 1555 1232 1625 ἑπομένως
1261 1554 1340 1620 δέ,
1368 1554 1457 1608 διὰ
1474 1554 1534 1608 τὸ
1559 1555 1633 1627 μὴ
1661 1573 1834 1626 παρα-

248 1644 502 1712 δέξασθαι
533 1645 695 1699 αύτὸν
743 1646 868 1709 τοὺς
900 1645 958 1710 ἐξ
995 1646 1217 1700 ἐκείνων
1257 1646 1485 1709 πάντας,
1516 1646 1834 1718 ἐπιφέρεται

1940 451 2080 507 ditas
2119 469 2249 510 oves
2292 453 2487 510 domus
2520 455 2704 521 Israel,
2747 479 2765 510 ι
2806 467 2949 514 recte
2973 468 3296 514 memoratur
3318 460 3502 531 praeei-

1937 557 2039 610 pue
2096 543 2149 596 in
2195 544 2457 597 mundum
2516 547 2730 603 venisse
2764 568 2780 600 ι
2826 548 2893 602 ad
2953 549 3302 605 suscitandas
3333 549 3504 604 tribu

1935 634 2105 705 Jacob
2137 645 2191 692 ct
2243 637 2403 693 faeces
2450 639 2612 696 lsrael
2659 643 3074 698 convertendas.
3124 662 3154 694 ι.
3179 642 3309 697 Dein
3339 682 3354 707 ,
3380 658 3504 698 cum

1940 728 2084 781 inter
2114 728 2249 785 istos
2300 746 2491 787 omnes
2545 748 2651 785 non
2704 748 2828 787 eum
2886 735 3245 804 accepissent,
3289 733 3505 801 subjicit

1939 821 2193 891 quasind
2226 822 2509 893 seipsum:
2551 840 2569 873 ι
2617 822 2757 879 Ecce
2786 824 2907 879 dedi
2964 832 3015 878 te
3061 826 3113 878 in
3168 824 3343 877 lucem
3377 838 3506 892 gen-

1939 913 2097 975 tium,
2124 920 2181 967 ut
2215 914 2293 969 sis
2321 917 2471 970 salus
2507 930 2624 969 mea
2655 931 2824 985 usque
2857 915 2923 970 ad
2954 924 3258 971 extremum
3294 924 3501 969 tertiae.»

1940 1005 2100 1062 Jubet
2131 1024 2229 1064 nos
2266 1016 2386 1079 post
2409 1010 2523 1065 haec
2557 1009 2822 1065 Dominus
2862 1009 3004 1065 Deus
3030 1020 3081 1064 et
3112 1009 3292 1075 Pater,
3319 1008 3413 1080 qui
3438 1009 3507 1062 li—

1940 1097 2144 1153 beravit
2177 1114 2300 1154 eum
2326 1100 2395 1155 ab
2429 1103 2685 1158 omnibus
2719 1103 2767 1158 ei
2799 1102 3239 1165 adversantibus,
3270 1099 3506 1155 sanctifi-

1937 1203 2062 1243 care
2115 1206 2261 1255 eum,
2316 1190 2543 1247 dicens:
2582 1212 2598 1243 ι
2641 1193 2990 1248 Sanctificatc
3034 1194 3123 1263 qui
3179 1191 3328 1261 parvi
3380 1188 3509 1245 fecit

1941 1281 2177 1336 animam
2206 1299 2380 1343 suam.
2417 1304 2434 1336 ι
2474 1284 2570 1340 llic
2601 1285 2746 1341 enim
2803 1300 2965 1356 quam
3028 1285 3310 1339 verissime
3354 1281 3507 1361 parvi

1938 1374 2093 1427 duxit
2141 1376 2377 1430 animam
2433 1362 2611 1442 suam,
2648 1397 2665 1429 ι
2700 1378 3019 1434 exinaniens
3060 1378 3509 1447 senictipsum.et

1946 1465 2127 1521 fartus
2172 1482 2272 1538 pro
2321 1467 2483 1522 nobis
2539 1468 2921 1535 maledictum;
2955 1476 3006 1522 et
3059 1474 3280 1538 peccata
3321 1474 3507 1523 nostra

1938 1559 2256 1629 suscipiens
2291 1559 2601 1616 bumiliavit
2649 1561 3002 1632 semetipsum
3053 1576 3224 1630 usque
3269 1559 3336 1614 ad
3364 1575 3509 1616 mOr-

1938 1660 2087 1715 tem,
2127 1663 2351 1708 mortem
2421 1663 2601 1708 autem
2663 1654 2845 1709 crucis
2886 1654 2927 1706 ³.
2967 1672 2985 1705 ι
3046 1652 3208 1706 Addit
3277 1652 3506 1719 deinde,

249 1738 326 1801 ὡς
350 1737 484 1809 πρὸς
511 1737 691 1791 αὐτόν·
728 1756 744 1787 ι
793 1737 921 1790 Ἰδοὺ
948 1738 1166 1791 τέθεικά
1198 1755 1256 1791 σε
1286 1739 1364 1801 είς
1384 1736 1499 1807 φῶς
1521 1736 1709 1801 ἐθνῶν,
1732 1736 1824 1789 τοῦ

1938 1762 1951 1794 ι
2002 1760 2162 1813 quem
2200 1744 2592 1799 abominantur
2618 1751 2827 1816 gentes,
2861 1745 3002 1800 servi
3032 1744 3444 1799 dominantium.
3484 1762 3503 1794 ι

249 1825 390 1884 εἷναί
422 1847 481 1884 σε
513 1833 592 1893 είς
621 1830 893 1901 σωτηρίαν
925 1830 1031 1893 ἓως
1069 1830 1298 1901 ἐσχάτου
1330 1830 1431 1900 τῆς
1457 1830 1576 1899 γῆς.
1603 1849 1620 1881 ι
1654 1829 1826 1900 Προσ-

248 1925 432 1979 τάττει
458 1923 514 1977 δέ
541 1926 671 1995 ἡμῖν
706 1922 841 1994 μετά
872 1923 1044 1978 ταῦτα
1066 1924 1270 1995 Κύριος
1288 1925 1316 1975 6
1342 1922 1471 1985 Θεὸς
1494 1923 1587 1975 καὶ
1614 1921 1823 1994 Πατὴρ,

248 2017 279 2071 6
311 2016 614 2087 ῥυσάμενος
645 2014 808 2068 αὑτὸν
838 2015 944 2068 ἀπὸ
974 2015 1191 2069 πάντων
1221 2013 1330 2067 τῶν
1358 2012 1826 2084 ἐπισυναχθέντων

248 2110 368 2162 κατ’
409 2107 594 2172 αὑτοῦ,
633 2107 876 2177 ἀγιάζειν
904 2107 1088 2172 αὑτὸν,
1121 2106 1294 2175 λέγων
1317 2123 1329 2137 ·
1355 2124 1372 2156 ι
1413 2106 1702 2174 Ἀγιάσατε
1735 2106 1827 2159 τὸν

249 2200 573 2268 φαυλίζοντα
601 2203 699 2274 τὴν
741 2203 917 2274 ψυχὴν
948 2202 1112 2257 αύτοῦ
1138 2220 1152 2235 ·
1182 2196 1334 2266 οὗτος
1365 2202 1474 2274 γάρ
1500 2202 1575 2267 ὡς
1613 2202 1827 2274 ἀληθῶς

247 2292 504 2361 ἐφαύλισε
530 2293 626 2365 τὴν
663 2295 839 2367 ψυχὴν
883 2294 1100 2361 ἐαυτοῦ,
1142 2312 1160 2346 ι
1188 2294 1432 2359 κενώσας
1464 2294 1655 2347 ἐαυτὸν
1676 2335 1690 2358 ,
1732 2295 1827 2346 καὶ¹

245 2386 535 2456 γενόμενος
558 2387 698 2459 ὑπὲρ
730 2387 885 2459 ἡμῶν
912 2387 1154 2459 κατάρα·
1181 2387 1276 2443 καὶ
1298 2388 1397 2451 τὰς
1425 2387 1696 2458 ἁμαρτίας
1728 2386 1827 2450 τὰς

245 2478 519 2549 ἡμετέρας
561 2479 868 2543 ἀναλαϐὼν,
897 2480 1158 2551 αἰσχύνης
1186 2497 1249 2549 γε
1284 2480 1444 2553 μέχρι
1472 2478 1702 2533 θανάτου
1732 2477 1826 2531 καὶ

245 2571 478 2624 Θανάτου
514 2572 746 2644 σταυροῦ
779 2576 1216 2645 καταφρονήσας.
1248 2593 1266 2625 ι
1309 2572 1462 2626 Μετὰ
1487 2571 1662 2625 ταῦτά
1690 2587 1823 2641 φησι

240 2660 337 2714 τὸν
369 2680 387 2712 ι
412 2662 834 2734 βδελυσσόμενον
880 2664 984 2716 ὑπὸ
1015 2665 1124 2718 τῶν
1153 2663 1322 2718 ἐθνῶν
1352 2663 1458 2715 τῶν
1483 2662 1682 2715 δούλων
1720 2660 1827 2713 τῶν

240 2754 549 2826 ἀρχόντων·
569 2776 586 2809 ι
623 2758 717 2810 καὶ
744 2756 807 2828 δὴ
838 2757 1009 2826 σαφὲς
1044 2758 1190 2820 ὅπως
1236 2758 1284 2809 οἱ
1314 2757 1427 2819 τοῖς
1471 2755 1698 2826 ἄρχουσι
1731 2750 1828 2805 τοῦ

237 2845 445 2911 αἰῶνος
466 2847 654 2901 τούτου
681 2848 1066 2919 δεδουλωμένοι
1094 2848 1154 2901 ού
1185 2847 1345 2919 μόνον
1374 2847 1436 2917 (f.
1457 2846 1545 2917 55)
1572 2845 1711 2900 κατά
1736 2844 1829 2897 τὸν

1938 1832 2289 1890 Manifestum
2316 1835 2514 1905 quippe
2540 1842 2623 1889 est
2648 1836 2792 1905 quod
2824 1834 2987 1904 hujus
3021 1835 3203 1889 saeculi
3252 1833 3509 1904 principi--

1936 1925 2039 1980 bus
2074 1925 2399 1989 servientes,
2438 1941 2545 1979 non
2579 1934 2786 1980 tantum
2828 1926 2882 1979 in
2919 1925 3191 1996 passionis
3226 1925 3346 1995 ejus
3374 1933 3511 1979 tem-

1938 2032 2070 2086 pore
2103 2017 2503 2072 maledixerunt
2554 2017 2602 2073 ei
2650 2017 2925 2073 dicentes:
2968 2037 2985 2069 ι
3022 2016 3218 2072 Gravis
3237 2028 3320 2072 est
3354 2017 3511 2072 nobis

1935 2109 2099 2164 etiam
2153 2108 2220 2162 ad
2280 2107 2573 2163 videndum
2598 2111 2642 2173 ³,
2676 2127 2693 2159 ι
2729 2108 2825 2163 sed
2864 2116 2918 2163 et
2964 2124 3110 2163 nunc
3156 2108 3505 2173 maledicunt,

1936 2200 2058 2267 ejus
2090 2197 2357 2253 doctrina:
2385 2197 2661 2252 obsistere
2700 2204 2984 2251 conantes.
3019 2194 3175 2250 llunc
3220 2195 3384 2266 igitur
3404 2192 3511 2248 Do»

1935 2289 2117 2343 minus
2172 2287 2521 2343 sauctificare
2571 2288 2747 2357 jubet,
2781 2287 3095 2359 praeclaram
3123 2287 3241 2357 ejus
3273 2302 3511 2357 praesen:

1934 2382 2064 2433 tiam
2097 2381 2493 2451 praenuntiatus.
2538 2380 2694 2446 Quod
2732 2390 2915 2435 autem
2956 2378 3022 2434 de
3072 2380 3312 2450 gentium
3348 2394 3511 2432 voca.—

1922 2474 2083 2528 tione
2110 2474 2499 2544 prophetizans
2540 2488 2721 2528 sermo
2780 2474 2989 2544 reliqua
3044 2470 3254 2543 profert
3281 2471 3512 2542 prephe-

1934 2565 2042 2629 tim,
2092 2564 2160 2618 ab
2194 2564 2278 2618 liis
2307 2564 2529 2619 verbis:
2570 2583 2588 2615 ‹
2636 2562 2768 2619 Dedi
2796 2572 2846 2619 te
2884 2564 2939 2618 in
2973 2562 3151 2620 foedus
3186 2562 3445 2632 gentium,
3487 2580 3507 2612 ι

1935 2665 1988 2711 et
2019 2673 2139 2726 qua:
2162 2667 2490 2726 sequuntur,
2523 2671 2645 2726 quae
2681 2655 2902 2727 quidem
2944 2653 3125 2711 fusius
3160 2654 3511 2725 investigare.

1936 2764 2061 2802 cum
2104 2748 2280 2817 magis
2324 2748 2685 2818 spiritualiter
2716 2756 2770 2803 et
2798 2746 2955 2818 juxta
2997 2746 3171 2805 solam
3208 2746 3517 2816 intelligen-

1938 2840 2067 2893 tiam
2100 2840 2245 2895 dicta
2278 2840 2409 2903 sint,
2435 2854 2544 2895 non
2571 2839 3063 2912 praisentisoperis
3091 2845 3196 2894 est.

237 2942 435 3014 καιρὸν
460 2943 553 2995 τοῦ
598 2944 800 3009 πάθους
825 2944 990 2999 αὑτοῦ
1025 2943 1376 3009 ἐϐδελύξαντο
1414 2945 1574 2998 αὑτὸν
1613 2942 1877 3005 εἰπόντες·
1922 2958 1940 2991 ι
1964 2939 2077 2992 Καὶ
2110 2937 2281 3010 βαρὺς
2307 2940 2437 3010 ἡμῖν
2463 2939 2713 2996 ἐστικαὶ
2735 2936 3084 3008 βλεπόμενος,
3118 2959 3136 2990 ι
3171 2935 3282 2991 ἀλλ’
3313 2936 3391 2989 ἐτι
3425 2938 3515 2991 κοιλ¹

236 3035 341 3090 νῦν
376 3035 769 3106 βδελύσσονται,
801 3040 1124 3111 ἀνατρέπειν
1153 3039 1315 3093 αὐτοῦ
1362 3040 1461 3110 τὴν
1493 3038 1840 3092 διδασκαλίαν
1864 3033 2215 3107 πειρώμενοι.
2246 3034 2444 3101 Τοῦτον
2473 3032 2566 3090 οὖν
2595 3036 2623 3088 6
2654 3033 2859 3103 Κύριος
2892 3032 3139 3104 ἀγιάζειν
3169 3036 3514 3106 προστάττει.

234 3132 345 3200 τὴν
367 3130 573 3196 ἔνδοξον
602 3134 767 3187 αὑτοῦ
802 3135 1100 3207 παρουσίαν
1135 3135 1681 3208 προσημαίνων.”’οτι
1705 3134 1761 3186 δέ
1793 3132 1919 3203 περὶ
1944 3131 2041 3201 τῆς
2062 3130 2119 3197 ἐξ
2149 3129 2319 3184 ἐθνῶν
2351 3132 2594 3202 κλήσεως
2618 3130 2999 3195 προθεσπίζων
3027 3132 3056 3184 6
3075 3131 3231 3201 λόγος
3262 3133 3361 3201 τὴν
3390 3130 3515 3199 ἐξῆς

233 3224 495 3295 ἐπιφέρει
525 3227 879 3299 προφητείαν,
908 3228 1005 3300 τὴν
1028 3229 1135 3282 ἀπὸ
1164 3228 1279 3282 τοῦ·
1313 3247 1331 3279 ι
1365 3227 1582 3281 Ἔδωκά
1612 3243 1671 3279 σε
1704 3228 1782 3289 εἰς
1800 3224 2065 3295 διαθήκην
2098 3222 2341 3286 ἐθνῶν,,ι
2366 3225 2461 3281 καὶ
2479 3224 2546 3277 τά
2574 3225 2719 3297 ἑξῆς,
2742 3228 2886 3299 ἅπερ
2912 3223 3188 3279 ἐπιπλεῑον
3211 3222 3516 3295 βασανίζειν

232 3321 736 3397 πνευματικώτερα
758 3324 905 3389 ὄντα,
931 3336 1024 3378 και
1051 3326 1190 3379 κατά
1224 3326 1391 3397 μόνην
1417 3325 1654 3378 διάνοιαν
1680 3321 2064 3392 ἀποδιδόμενα,
2099 3320 2160 3372 ού
2193 3321 2293 3393 τῆς
2322 3320 2603 3392 παρούσης
2636 3324 3017 3395 πραγματείας
3049 3322 3327 3393 τυγχάνει.

764 3442 1159 3495 ΚΕΦΑΛᾹΙΟΝ
1183 3443 1305 3497 ΚΕ’.

324 3549 343 3582 ι
380 3529 564 3596 Οὕτως
594 3531 740 3602 λέγει
772 3534 975 3605 Κύριος
1000 3553 1011 3565 ·
1050 3536 1206 3587 Ποῖον
1233 3535 1391 3589 τοῦτο
1420 3535 1481 3589 τὸ
1506 3535 1707 3606 βιϐλίον
1735 3532 1827 3587 τοῦ

244 3624 575 3677 ἀποστασίου
601 3624 698 3695 τῆς
719 3626 922 3696 μητρὸς
948 3626 1122 3696 ὑμῶν,
1152 3620 1196 3694 ᾧ
1230 3627 1586 3695 ἐξαπέστειλα
1615 3627 1787 3695 αὑτήν
1813 3643 1827 3691 ;

244 3716 278 3784 ἢ
313 3714 419 3769 τίνι
448 3716 699 3787 ὑπόχρεῳ
723 3718 981 3789 πέπρακα
1008 3720 1184 3790 ὑμᾶς;
1230 3720 1360 3774 Ἰδοὺ
1388 3724 1505 3785 ταῖς
1536 3722 1831 3793 ἁμαρτίαις

246 3806 402 3878 ὑμῶν
435 3807 731 3879 ἐπράθητε,
769 3809 861 3862 καὶ
884 3813 1001 3874 ταῖς
1025 3812 1273 3883 ἀνομίαις
1301 3812 1452 3883 ὑμῶν
1478 3811 1833 3878 ἐξαπέστειλα

245 3901 345 3971 τὴν
380 3900 589 3972 μητέρα
611 3902 789 3973 ὑμῶν·
825 3902 959 3955 διότι
985 3899 1167 3974 ἦλθον,
1191 3906 1286 3958 καὶ
1320 3906 1418 3958 οὐκ
1451 3902 1517 3978 ἦν
1548 3905 1832 3977 ἅνθρωπος

245 3990 276 4039 6
306 3988 595 4041 ὑπακούων
618 4004 632 4016 '
675 3991 747 4060 μὴ
776 3992 879 4044 οὐκ
906 3992 1077 4062 ίσχύει
1104 3996 1135 4064 ἠ
1163 3995 1283 4067 χείρ
1303 4012 1403 4066 μου
1418 3996 1510 4049 τοῦ
1531 3996 1792 4067 ῥύσασθαι
1815 4013 1829 4061 ;

248 4081 281 4149 ἢ
322 4080 420 4131 οὐκ
450 4081 623 4151 ἰσχύει
684 4082 776 4134 τοῦ
834 4082 1110 4149 ἐξελέσθαι
1138 4101 1152 4148 ς
1208 4086 1338 4139 Ἰδοὺ
1368 4085 1447 4158 τῷ
1478 4086 1695 4159 ἐλεγμῴ
1729 4107 1830 4159 μου

247 4169 580 4242 ἐξερημώσω
612 4173 709 4244 τὴν
749 4174 1041 4241 Θάλασσαν,
1076 4177 1171 4229 καὶ
1226 4176 1374 4248 θήσω
1408 4180 1684 4250 ποταμοὺς
1714 4181 1835 4252 ἐρή-

251 4280 405 4332 μους,
460 4265 554 4317 καὶ
598 4263 1023 4337 ξηρανθήσονται
1078 4269 1126 4321 οἱ
1168 4267 1346 4338 ἰχθύες
1402 4270 1582 4325 αὐτῶν
1613 4271 1834 4326 ἀπὸτοῦ

248 4353 325 4425 μὴ
356 4350 493 4408 εἶναι
523 4355 687 4428 ὕδωρ,
742 4360 836 4411 καὶ
864 4359 1280 4418 ἀποθανοῦνται,
1305 4363 1363 4416 ἐν
1395 4362 1559 4433 δίψει.
1603 4363 1835 4419 Ἐνδύσω

244 4445 337 4496 τὸν
363 4447 587 4516 οὐρανὸν
623 4448 831 4513 σκότος,
868 4452 960 4502 καὶ
996 4451 1071 4515 ὼς
1104 4453 1306 4509 σάκκον
1338 4454 1488 4525 θήσω
1519 4455 1580 4508 τὸ
1617 4458 1838 4530 περιϐό-

243 4532 397 4587 λαιον
432 4536 617 4589 αὑτοῦ.
650 4537 850 4609 Κύριος
884 4540 1087 4609 Κύριος
1117 4540 1298 4595 δίδωσί
1332 4561 1420 4615 μοι
1446 4542 1694 4612 γλῶσσαν
1716 4564 1837 4600 παι-

241 4624 415 4690 δείας,
455 4627 548 4680 τοῦ
582 4630 783 4698 γνῶναι
808 4632 965 4701 ἡνίκα
999 4632 1078 4685 δεῖ
1120 4636 1294 4690 εἰπεῖν
1338 4636 1525 4707 λόγον·
1560 4640 1721 4710 ἔθηκέ
1746 4658 1836 4710 μοι

245 4720 412 4791 πρωῒ,
439 4720 582 4791 πρωῒ
621 4723 922 4794 προσέθηκέ
974 4743 1063 4790 μοι
1085 4728 1244 4782 ὠτίον
1261 4730 1499 4793 ἀκούειν,
1522 4732 1615 4785 καὶ
1645 4733 1678 4802 ἡ
1711 4751 1835 4786 παι-

240 4811 360 4865 δεία
386 4813 588 4884 Κυρίου
611 4814 813 4882 ἀνοίγει
848 4834 947 4886 μου
977 4818 1047 4872 τά
1071 4812 1203 4873 ὦτα.
1244 4820 1384 4889 Ἐγὼ
1400 4822 1456 4875 δέ
1489 4822 1587 4875 οὐκ
1621 4823 1832 4877 ἀπειθῶ
1866 4810 1905 4863 D

242 4902 369 4954 οὐδὲ
409 4902 671 4971 ἀντιλέγω
695 4921 707 4933 ·
742 4905 832 4957 τὸν
885 4908 1049 4962 νῶτόν
1097 4928 1196 4981 μου
1227 4910 1399 4964 ἔδωκα
1432 4914 1511 4975 εἰς
1544 4914 1832 4982 μάστιγας,

243 4993 345 5055 τὰς
402 4993 459 5046 δὲ
495 4995 750 5062 σιαγόνας
792 5014 893 5067 μου
928 5001 1007 5062 εἰς
1041 5003 1383 5073 ῥαπίσματα,
1441 5004 1500 5056 τὸ
1556 5005 1612 5058 δὲ
1661 5005 1832 5078 πρόσ-

243 5086 394 5137 ωπόν
416 5103 515 5155 μου
537 5087 635 5139 οὐκ
652 5088 972 5161 ἀπέστρεψα
998 5094 1104 5145 ἀπὸ
1121 5095 1380 5165 αἰσχύνης
1402 5097 1825 5167 ἐμπτυσμάτων·

245 5177 341 5231 καὶ
377 5178 577 5249 Κύριος
632 5179 837 5252 Κύριος
867 5183 1057 5253 βοηθός
1106 5204 1207 5256 μου
1237 5187 1463 5259 ἐγενήθη
1494 5206 1509 5219 ·
1553 5187 1641 5243 διὰ
1672 5188 1832 5244 τοῦτο

246 5266 345 5318 ούκ
370 5266 693 5339 ἐνετράπην,
729 5270 842 5323 ἀλλ’
878 5270 1047 5343 ἔθηκα
1080 5275 1141 5325 τὸ
1168 5276 1456 5347 πρόσωπόν
1487 5295 1587 5347 μου
1612 5278 1685 5341 ὡς
1718 5278 1826 5330 ἐτέ-

250 5373 348 5425 ραν
366 5358 633 5429 (στερεὰν)
654 5362 888 5433 πέτραν·
922 5365 1014 5417 καὶ
1035 5363 1397 5432 ἔγνων,ὃ“τιού
1426 5367 1501 5441 μὴ
1526 5368 1819 5437 αἰσχυνθῶ,

245 5449 326 5502 ὃτι
361 5450 566 5519 ἐγγίζει
592 5471 681 5522 μοι
706 5458 733 5508 6
760 5456 1054 5521 δικαιώσας
1083 5477 1149 5531 με
1170 5477 1183 5489 ·
1209 5461 1291 5523 τίς
1314 5462 1341 5512 ό
1367 5463 1679 5535 κρινόμενός
1707 5481 1818 5533 μοι;

244 5543 543 5613 ἑγγισάτω.
560 5546 671 5599 ἰδοὺ
696 5547 896 5617 Κύριος
925 5551 1124 5621 Κύριος
1159 5552 1345 5623 βοηθεῖ
1378 5570 1484 5623 μοι·
1522 5556 1605 5620 τίς
1638 5556 1820 5609 κακώ-

321 5701 339 5737 ⁶
372 5700 488 5757 Gal.
522 5720 607 5771 ιιι,
647 5705 748 5774 15;
784 5705 947 5762 Hebr.
981 5727 1075 5777 xu,
1109 5709 1175 5776 ’2;
1246 5709 1384 5765 l‘hil.
1415 5729 1471 5775 ιι,
1502 5714 1550 5766 S.

2495 3438 2724 3495 CAPUT
2760 3440 2928 3497 XXV.

2018 3550 2037 3582 ι
2081 3531 2171 3587 Sic
2198 3531 2331 3587 dicit
2360 3531 2624 3587 Dominus
2659 3552 2673 3588 :
2710 3531 2900 3599 Qualis
2920 3540 3004 3587 est
3025 3532 3114 3586 hic
3141 3531 3279 3584 liber
3302 3528 3515 3599 repudii

1937 3630 2134 3687 matris
2182 3633 2400 3690 vestrae,
2429 3641 2540 3696 quo
2587 3625 2772 3682 dimisi
2823 3625 2986 3680 eam?
3016 3626 3121 3677 Aut
3164 3624 3253 3676 cui
3282 3622 3513 3677 debitori

1934 3720 2157 3779 vendidi
2182 3719 2331 3788 vosj?
2355 3715 2498 3773 Ecce
2517 3718 2759 3788 peccatis
2787 3716 2986 3771 vestris
3019 3711 3227 3769 venditi
3262 3711 3417 3777 estis,
3460 3718 3515 3765 ct

1938 3811 2324 3885 iniquitatibus
2350 3810 2553 3867 ves'tris
2588 3810 2746 3865 emisi
2792 3817 3021 3863 matrem
3066 3813 3301 3859 vestram
3337 3822 3350 3855 :
3379 3818 3515 3872 quo-

1933 3907 2082 3961 niam
2113 3904 2259 3970 veni,
2287 3912 2337 3960 et
2364 3919 2474 3958 non
2503 3908 2621 3959 erat
2655 3901 2820 3956 homo
2852 3900 2943 3970 qui
2977 3898 3209 3953 audiret.
3256 3894 3517 3965 Nunquid

1936 4014 2047 4053 non
2074 4004 2258 4070 potest
2312 4010 2512 4051 manus
2542 4009 2662 4050 mea
2687 3994 2920 4049 liberare
2938 3993 2967 4046 ?
2992 4000 3084 4046 aut
3112 3988 3358 4061 nunquid
3404 4001 3513 4041 non

1936 4107 2164 4163 possum
2202 4090 2453 4162 eripere?
2484 4087 2624 4144 Ecce
2651 4087 2705 4141 in
2748 4085 3123 4155 increpatione
3174 4098 3295 4138 mea
3325 4081 3518 4137 deser<

1939 4194 2054 4242 tum
2085 4185 2281 4240 faciam
2309 4198 2458 4238 mare
2492 4204 2504 4238 :
2528 4196 2724 4253 ponam
2750 4179 2970 4235 ﬂumina
2999 4178 3056 4235 in
3100 4177 3342 4245 siccum;
3366 4190 3523 4231 come

1939 4278 2257 4349 putrescent
2310 4277 2491 4347 pisces
2524 4275 2643 4330 sine
2691 4286 2854 4343 aqua,
2883 4277 2938 4326 et
2975 4269 3278 4324 morientur
3303 4267 3360 4321 in
3399 4266 3505 4322 sila.

1938 4369 2165 4425 lnduam
2190 4369 2358 4423 cmlos
2399 4366 2655 4427 tenebris,
2673 4372 2726 4418 et
2755 4377 2974 4419 saccum
2994 4375 3189 4432 ponam
3208 4359 3517 4427 cperimcn-

1938 4471 2052 4517 tum
2081 4475 2291 4516 eorum.
2326 4458 2590 4513 Dominus
2622 4455 2883 4510 Dominus
2926 4452 3075 4508 dedit
3109 4452 3239 4506 mihi
3275 4451 3514 4520 linguam

1938 4553 2297 4615 cruditam,ut
2314 4551 2482 4607 sciam
2501 4563 2783 4620 usquequo
2805 4553 3053 4619 oporteat
3068 4544 3251 4600 dicere
3264 4544 3509 4600 verbum.

1940 4647 2111 4716 Erigit
2141 4642 2318 4707 inane,
2354 4658 2512 4698 mane
2556 4641 2717 4711 erigit
2767 4640 2899 4695 mihi
2950 4654 3161 4703 aurem,
3203 4645 3263 4693 ut
3296 4636 3511 4689 audiam

1940 4740 2099 4810 quasi
2137 4738 2480 4807 magistrum.
2526 4733 2791 4790 Dominus
2827 4732 2970 4789 Deus
3001 4730 3215 4803 aperuit
3251 4729 3382 4783 mihi
3416 4742 3513 4781 au-

1938 4846 2087 4893 rem;
2111 4842 2211 4897 ego
2242 4835 2422 4880 autem
2460 4841 2566 4880 non
2588 4836 2878 4879 contumax
2909 4837 3050 4883 sum,
3083 4834 3260 4889 neque
3292 4829 3512 4873 contra-

1936 4922 2108 4974 dico:
2155 4927 2365 4989 tergum
2400 4933 2579 4972 meum
2630 4916 2755 4970 dedi
2794 4914 2847 4968 in
2892 4912 3124 4984 ﬂagella,
3162 4923 3216 4965 et
3260 4910 3511 4966 maxillas

1934 5026 2087 5065 meas
2108 5012 2160 5063 in
2186 5010 2401 5079 alapas;
2430 5009 2618 5061 faciem
2648 5020 2775 5061 vero
2802 5019 2974 5059 meam
3000 5018 3109 5059 non
3134 5002 3304 5056 averti
3333 5016 3361 5054 a
3384 5016 3512 5071 pro-

1935 5102 2033 5156 bro
2056 5110 2364 5172 sputorum.
2392 5099 2653 5154 Dominus
2677 5098 2818 5152 Deus
2846 5096 3139 5151 auxiliator
3160 5109 3313 5149 meus
3333 5094 3511 5149 factus

1934 5199 2017 5245 est
2033 5208 2047 5244 :
2066 5191 2187 5245 ideo
2204 5206 2311 5245 non
2328 5205 2448 5245 sum
2478 5188 2775 5255 confusus;
2804 5188 2924 5243 ideo
2945 5185 3309 5257 posuifaciem
3333 5197 3511 5241 meam
3588 5182 3589 5187 “

1932 5291 1993 5336 ιιι
2025 5292 2228 5352 petram
2259 5281 2634 5347 durissimam,
2658 5289 2711 5334 et
2727 5280 2843 5335 scio
2867 5279 3125 5350 quoniam
3145 5293 3253 5332 non
3284 5276 3515 5332 confun~

1933 5376 2050 5428 dar.
2104 5372 2264 5427 Juxta
2288 5384 2371 5429 est
2410 5374 2503 5443 qui
2553 5371 2819 5441 justificat
2860 5387 2943 5425 me
2978 5370 3141 5441 :quis
3169 5367 3511 5423 contradicat

1933 5466 2108 5519 mihi?
2140 5464 2377 5520 Accedat
2405 5464 2473 5517 ad
2500 5478 2605 5517 me.
2640 5461 2777 5518 Ecce
2806 5462 3069 5516 Dominus
3100 5459 3242 5517 Deus
3278 5458 3509 5514 auxilia-

1931 5565 2017 5611 tor
2043 5572 2195 5612 mcus
2232 5577 2243 5613 :
2275 5558 2398 5628 quis
2427 5568 2509 5612 est
2536 5556 2623 5627 qui
2654 5556 2977 5611 condemnet
3009 5551 3282 5610 me?Ecce
3319 5566 3511 5607 omnes

1640 5716 1657 5745 ¹
1694 5713 1816 5784 διρ.
1857 5730 1915 5779 ιι,
1959 5715 2039 5769 l5.
