4008 6208
493 268 628 325 1259

1167 260 1429 321 EUSEBII
1470 252 1940 320 CxESARlENSlS
1978 261 2126 318 ΟΡΡ.
2165 258 2346 313 PARS
2385 257 2473 312 Ill.
2510 289 2579 300 ——
2617 238 3018 310 EXEGETICA.

3573 247 3695 300 lim

489 403 585 459 vos
625 387 780 456 quasi
809 387 1184 441 vestimentum
1234 385 1596 446 veterascetis,
1633 384 1774 437 tinea
1803 380 2025 436 comede

2150 393 2228 430 σει
2264 393 2363 446 με;
2408 375 2532 428 Ἰδοὺ
2588 374 2782 432 πάντες
2821 370 2974 438 ὑμεῖς
3020 365 3096 428 ὡς
3141 365 3352 436 ίματίον
3397 363 3702 434 παλαιωθῆ-

487 495 602 535 vos.
645 477 777 544 Quis
802 493 863 532 ex
898 477 1051 531 vobis
1083 477 1280 531 timens
1308 474 1629 529 Domimun?
1651 473 1832 528 audiat
1857 488 2039 526 vocem

489 571 643 626 servi
679 570 814 638 ejus.
873 569 1226 624 Ambulantes
1259 569 1313 621 in
1347 567 1604 630 tenebris,
1635 574 1688 621 et
1719 581 1823 620 non
1856 573 1936 620 est
1965 565 2043 619 eis

487 662 608 726 lux,
641 659 895 716 conﬁdite
925 660 979 715 in
1015 661 1233 715 nomine
1266 659 1500 724 Domini,
1529 666 1582 713 et
1612 657 1906 712 innitimini
1935 656 2042 710 Deo

483 762 688 808 vestro.
723 752 860 807 Ecce
886 767 1076 806 omnes
1106 767 1202 807 vos
1235 752 1410 822 ignem
1437 749 1748 813 incenditis,
1783 747 2043 802 corrobo-

482 847 618 900 ratis
645 843 935 898 ﬂammam.
967 843 1253 899 Ambulate
1291 845 1344 898 in
1367 843 1566 897 lumine
1599 842 1740 913 ignis
1763 843 1949 904 vestri,
1989 849 2041 893 et

480 937 695 990 ﬂamma
729 952 892 1005 quam
951 935 1298 991 accendistis.
1341 934 1570 1006 Pr0pter
1617 951 1702 988 me
1746 934 1885 986 facta
1916 943 2042 986 sunt

483 1028 597 1082 haec
631 1028 806 1093 vobis,
845 1028 900 1081 in
927 1027 1146 1082 tristitia
1177 1026 1458 1081 dormietis
1486 1027 1524 1080 ¹.
1549 1044 1566 1076 ι
1591 1023 1877 1079 Manifeste
1908 1021 2041 1077 Ver-

479 1122 532 1176 bi
572 1120 833 1176 divinitas
875 1120 943 1175 iis
974 1136 1094 1190 qua:
1127 1119 1412 1174 retulimus
1459 1116 1784 1180 ostenditur,
1821 1125 1873 1169 et
1901 1130 2038 1185 quo-

481 1213 625 1266 niam
671 1211 1037 1267 incarnationi
1089 1225 1202 1266 sua:
1240 1209 1661 1280 praeexsisteret,
1695 1206 2042 1277 etquomodo

478 1301 658 1358 factus
688 1303 850 1358 homo
876 1302 992 1357 haec
1029 1315 1292 1372 passurus
1323 1309 1466 1355 esset
1494 1315 1613 1368 qua:
1636 1299 1690 1353 in
1734 1298 2038 1368 Evangeliis

480 1393 682 1464 scripta
711 1400 857 1449 sunt.
894 1391 1029 1456 Quis
1060 1391 1206 1447 enim
1237 1392 1375 1445 alius
1408 1399 1554 1446 esset
1584 1390 1810 1444 dicens:
1840 1408 1857 1439 ι
1899 1388 2040 1442 Νυιι-

477 1485 604 1556 quid
662 1500 770 1538 non
805 1493 982 1554 potest
1013 1498 1207 1538 manus
1230 1498 1370 1546 mea,
1407 1500 1424 1533 ι
1459 1489 1512 1536 et
1543 1496 1661 1550 qua:
1715 1489 2035 1551 sequuntur,

478 1593 650 1647 usque
681 1577 748 1630 ad
778 1577 901 1631 illa:
940 1594 958 1626 ι
989 1575 1212 1630 lnduam
1246 1574 1413 1629 caelos
1445 1574 1706 1639 tenebris,
1738 1583 1791 1628 et
1819 1589 2035 1629 saccum

475 1683 673 1739 ponam
715 1669 1108 1738 operimentum
1157 1681 1367 1730 eorum,
1406 1686 1425 1718 ι
1476 1667 1581 1720 nisi
1622 1665 1714 1720 Dei
1758 1665 2035 1721 Verbum?

474 1757 596 1828 Ipse
647 1759 812 1824 enim,
840 1757 926 1813 his
968 1756 1152 1821 dictis,
1204 1756 1423 1825 subjicit
1457 1775 1470 1810 :
1512 1774 1531 1808 ι
1591 1755 1853 1811 Dominus
1890 1757 2036 1810 dedit

476 1849 608 1904 mihi
648 1847 887 1918 linguam
915 1847 1208 1912 eruditam,
1243 1858 1302 1901 ut
1341 1847 1510 1902 sciam
1559 1861 1841 1917 usquequo
1871 1837 2035 1917 op'or-

471 1947 581 1996 teat
611 1939 793 1995 dicere
820 1940 1043 1995 verbum
1067 1957 1082 2004 ;
1103 1959 1122 1992 ›
1159 1954 1460 2009 rursusque
1485 1939 1688 2009 reliqua
1712 1939 1915 2008 adjicit.
1953 1939 2038 1992 di-

473 2046 604 2086 cens
631 2047 642 2083 :
685 2050 703 2083 ι
731 2030 843 2102 Ego
861 2037 1044 2087 autem
1074 2045 1181 2085 non
1219 2038 1510 2085 contumax
1542 2047 1683 2094 sum.
1712 2047 1886 2099 neque
1903 2045 2036 2082 con-

471 2120 684 2176 tradico
719 2142 730 2176 :
764 2130 977 2193 tergum
1009 2137 1185 2176 meum
1219 2122 1340 2177 dedi
1377 2124 1430 2176 in
1457 2122 1689 2193 ﬂagella,
1710 2131 1763 2178 et
1786 2123 2034 2176 maxillas

471 2228 622 2269 meas
665 2213 718 2267 in
749 2214 956 2284 alapas,
997 2233 1014 2264 ι
1051 2222 1105 2268 et
1139 2223 1334 2268 caetera
1355 2229 1528 2284 usque
1561 2214 1628 2268 ad
1668 2214 1803 2282 illa;
1840 2232 1858 2264 ι
1889 2212 2036 2278 Quo-

473 2303 618 2357 niam
661 2304 818 2374 juxta
865 2312 949 2359 est
981 2306 1072 2375 qui
1119 2304 1384 2375 justiﬂcat
1439 2321 1544 2360 me.
1581 2325 1600 2357 ι
1641 2303 1836 2375 Reipsa
1885 2306 2030 2360 enim

473 2409 691 2463 passum
721 2394 893 2451 fuisse
937 2393 1175 2451 dicimus
1199 2395 1463 2459 Verbum,
1500 2395 2033 2465 compatientemque

467 2499 626 2553 quem
659 2487 900 2555 suscepit
921 2483 1218 2541 hominem.
1242 2483 1525 2541 Nescimus
1555 2486 1720 2556 igitur
1752 2502 1820 2540 an
1852 2487 2031 2556 aliqua

467 2579 642 2648 possit
678 2576 745 2633 de
776 2578 879 2633 hac
911 2579 1197 2651 prophetia
1244 2580 1386 2633 ratio
1424 2580 1540 2634 dari
1578 2580 1646 2633 ab
1677 2580 1744 2634 iis
1774 2580 1864 2650 qui
1919 2597 2030 2636 non

469 2670 759 2723 ::dmittunt
787 2669 1078 2740 quamdam
1131 2686 1255 2727 esse
1313 2671 1609 2726 secundam
1667 2671 2029 2726 substantiam

464 2757 561 2814 Dei
591 2758 771 2822 Verbi,
805 2769 928 2831 post
961 2763 1191 2831 primam
1211 2802 1225 2826 ,
1252 2769 1306 2816 et
1340 2763 1644 2816 increatum
1676 2761 1891 2816 Patrem
1913 2777 2030 2816 om-

462 2849 724 2919 niumque
752 2848 940 2904 Deum.
962 2849 1072 2905 Nos
1099 2859 1278 2905 autem
1302 2861 1446 2907 recte
1474 2868 1791 2922 persuasum
1820 2853 2024 2908 haben.

461 2947 546 2993 tes
583 2939 728 2994 hunc
756 2955 878 2995 esse
909 2957 1095 2997 revera
1130 2941 1307 3002 Deum
1345 2939 1582 2998 Verbum
1625 2943 2024 3012 existimamus,

2144 465 2318 527 σεσοε,
2346 463 2438 515 καὶ
2465 462 2562 533 σὴς
2590 458 2959 528 καταφάγεται
2985 455 3144 524 ὑμᾶς.
3177 453 3272 518 Τίς
3303 457 3364 508 ἐν
3395 455 3525 524 ὑμῖν
3551 457 3579 506 6
3617 472 3709 521 φο-

2141 553 2400 626 ϐούμενος
2462 553 2551 606 τὸν
2601 550 2836 621 Κύριον;
2873 545 3233 600 ὑπακουσάτω
3265 549 3366 616 τῆς
3397 545 3582 614 φωνῆς
3613 545 3707 599 τοῦ

2141 643 2327 707 παιδὸς
2384 641 2577 696 αὑτοῦ·
2631 644 2679 694 οί
2725 638 3074 710 πορευόμενοι
3113 639 3170 689 ὲν
3204 636 3406 700 σκότει,
3451 638 3546 688 καὶ
3611 637 3708 689 οὐκ

2141 737 2285 787 ἔστιν
2306 734 2485 796 αὑτοῖς
2519 731 2651 801 φῶς,
2688 729 2977 783 πεποίθατε
3012 728 3103 780 ἐπί
3123 727 3200 797 τῷ
3224 727 3447 798 ὀνόματι
3477 728 3704 796 Κυρίου,

2141 826 2234 878 καὶ
2261 824 2708 894 ἀντιστηρίσασθε
2755 822 2846 873 ἐπὶ
2877 819 2954 890 τῷ
2980 819 3117 888 Θεῷ.
3163 818 3290 872 Ἰδοὺ
3317 819 3522 881 πάντες
3553 820 3712 888 ὑμεῖς

2141 916 2252 986 πῦρ
2282 915 2486 976 καίετε,
2541 912 2636 966 καὶ
2681 909 2994 979 κατισχόετε
3038 909 3210 978 φλόγα
3235 925 3250 938 ο
3286 909 3585 980 πορεύεσθε
3632 911 3714 982 τῷ

2141 1008 2281 1077 φωτὶ
2309 1005 2400 1059 τοῦ
2430 1004 2600 1076 πυρὸς
2633 1001 2805 1073 ὑμῶν,
2858 1001 2951 1054 καὶ
2979 1003 3044 1071 τῇ
3089 1001 3247 1068 φλογὶ
3351 1000 3708 1066 ἑξεκαύσατε.

2140 1103 2214 1152 Δι’
2238 1098 2336 1170 ἐμὲ
2353 1098 2566 1166 ἐγένετο
2593 1094 2760 1148 ταῦτα
2790 1093 2937 1162 ὑμῖν,
2959 1093 3018 1144 ὲν
3049 1091 3194 1162 λύπῃ
3222 1091 3642 1162 κοιμηθὴσεσθε.
3684 1113 3710 1144 ι

2140 1192 2329 1259 Σαφῶς
2359 1192 2392 1259 ἡ
2420 1187 2514 1241 τοῦ
2531 1187 2700 1256 Λόγου
2731 1183 3048 1269 θεότηςριοιὶ
3071 1183 3158 1236 διὰ
3189 1184 3296 1236 τῶν
3329 1186 3710 1254 προκειμένων

2140 1281 2537 1344 ἀποδείκνυται,
2556 1279 2635 1330 ὅτι
2651 1295 2708 1330 τε
2739 1275 3090 1349 προϋπῆρχεν
3103 1275 3202 1345 τῆς
3218 1275 3538 1345 ένανθρωπή
3549 1293 3702 1340 σεως,

2141 1371 2234 1424 καὶ
2267 1371 2341 1433 ὡς
2369 1368 2788 1439 ὲνανθρωπήσας
2818 1364 2994 1419 ταῦτα
3033 1364 3258 1433 πάσχειν
3289 1363 3520 1433 ἡμελλεν
3543 1365 3577 1417 ἃ
3608 1367 3704 1418 καὶ

2139 1466 2196 1515 ὲν
2224 1463 2338 1524 τοῖς
2371 1457 2717 1526 Εὑαγγελίοις
2732 1455 3160 1524 ἀναγέγραπται.
3191 1454 3287 1518 Τίς
3313 1454 3426 1526 γὰρ
3449 1455 3513 1508 ἂν
3540 1455 3699 1519 ἄλλος

2138 1553 2222 1624 είη
2287 1553 2316 1605 6
2372 1551 2614 1621 φάσκωψ
2645 1567 2663 1599 ι
2701 1547 2792 1618 Μὴ
2829 1548 2930 1601 οὑκ
2963 1548 3137 1617 ἰσχύει
3167 1547 3199 1616 ἡ
3233 1545 3356 1615 χείρ
3391 1563 3509 1616 μου,
3545 1565 3562 1596 ι
3595 1549 3695 1600 καὶ

2137 1645 2203 1698 τὰ
2231 1645 2357 1714 ἑξῆς
2403 1642 2508 1706 ἕως
2549 1639 2662 1694 τοῦ·
2691 1658 2711 1690 ε
2746 1638 2978 1692 Ἐνδύσω
2991 1640 3080 1690 τὸν
3115 1637 3340 1708 οὐρανὸν
3371 1637 3578 1703 σκότος,
3606 1640 3704 1691 καὶ

2067 1725 2107 1779 Β
2137 1737 2210 1800 ὡς
2244 1736 2442 1789 σάκκον
2474 1735 2535 1786 τὸ
2567 1731 2903 1804 περιϐόλαιον
2923 1726 3106 1791 αὑτοῦ,
3142 1746 3161 1780 ›
3191 1727 3223 1797 ἢ
3253 1727 3395 1780 ότοῦ
3431 1727 3567 1780 Θεοῦ
3601 1730 3708 1780 Λό-

2142 1810 2466 1896 γος;⁶Λὺτδς
2527 1825 2590 1896 δὴ
2633 1820 2747 1886 οὖν,
2791 1822 2859 1875 τὰ
2885 1819 3184 1890 τηλικαῦτα
3216 1818 3404 1882 εἰπὼν,
3449 1820 3706 1891 ἐπιφέρει

2135 1919 2338 1987 λέγων’
2373 1937 2390 1968 ι
2429 1915 2630 1987 Κύριός
2664 1931 2754 1984 μοι
2783 1911 2963 1966 δίδωσι
3015 1910 3264 1979 γλῶσσαν
3313 1911 3564 1973 παιδείας
3606 1910 3701 1964 τοῦ

2135 2012 2336 2080 γνῶναι
2394 2011 2554 2080 ἡνίκα
2596 2008 2678 2061 δεῖ
2705 2009 2877 2060 εἰπεῖν
2921 2003 3074 2074 λόγον
3093 2020 3107 2034 ν
3138 2022 3156 2054 ι
3182 2002 3275 2056 καὶ
3306 1999 3464 2066 αὖθις
3507 2003 3704 2071 ἐπάγει

2137 2103 2310 2176 [vs-.1]
2356 2101 2423 2153 τὰ
2478 2098 2639 2152 λοιπά
2687 2099 2942 2167 φάσκων·
2995 2115 3012 2146 ι
3068 2093 3208 2163 Ἐγὼ
3239 2094 3298 2148 δὲ
3337 2095 3436 2148 οὐκ
3472 2095 3704 2159 ἀπειθῶ,

2134 2195 2254 2248 οὐδὲ
2286 2191 2547 2260 ἀντιλέγω
2569 2206 2583 2220 ·
2614 2190 2705 2243 τὸν
2737 2188 2904 2242 νῶτόν
2925 2204 3025 2258 μου
3049 2186 3265 2241 τέθεικα
3293 2188 3372 2249 είς
3407 2186 3703 2256 μάστιγας,

2136 2286 2233 2350 τὰς
2247 2286 2304 2340 δὲ
2338 2285 2588 2354 σιαγόνας
2615 2299 2713 2354 μου
2753 2283 2832 2345 είς
2867 2279 3202 2352 ῥαπίσματα,
3246 2297 3264 2328 ι
3305 2281 3402 2332 καὶ
3431 2279 3505 2332 τὰ
3543 2279 3708 2351 μέχρι

2135 2379 2248 2432 τοῦ·
2282 2397 2299 2428 ι
2334 2378 2457 2429 Ὅτι
2487 2374 2689 2443 ἐγγίζει
2723 2389 2814 2444 μοι
2857 2373 2885 2425 6
2940 2369 3230 2433 δικαιώσας
3271 2386 3357 2440 με.
3403 2388 3420 2420 ι
3459 2371 3702 2442 Δυνάμει

2133 2472 2241 2542 γάρ
2273 2486 2354 2524 τοι
2384 2466 2704 2521 πεπονθέναι
2743 2464 2921 2535 φαμὲν
2952 2463 3043 2516 τὸν
3080 2463 3273 2530 Λόγον,
3311 2463 3704 2536 συμπάσχοντα

2132 2563 2188 2616 δὲ
2241 2562 2300 2615 ὃν
2349 2559 2633 2630 ἀνείληφεν
2688 2554 2956 2628 ἀνθρώπῳ
2999 2555 3062 2626 (f.
3093 2555 3162 2610 55
3193 2556 3293 2625 v°).
3330 2556 3443 2608 οὑκ
3476 2553 3704 2626 οῗιμεν

2133 2650 2226 2707 οὖν
2270 2655 2318 2705 εί
2366 2651 2475 2715 ἕξει
2511 2667 2596 2713 τις
2646 2649 2774 2720 περὶ
2813 2649 2915 2718 τῆς
2956 2647 3324 2719 προκειμένης
3365 2648 3700 2718 προφητείας

2131 2742 2418 2796 ἀποδοῦναι
2454 2741 2629 2809 λόγον,
2663 2740 2737 2810 μὴ
2780 2738 3133 2810 προσιέμενος
3158 2738 3220 2790 τὸ
3254 2733 3392 2791 εἶναι
3423 2755 3545 2792 τινα
3575 2740 3702 2793 δευ-

2127 2833 2296 2904 τέραν
2336 2832 2632 2886 ὑπόστασιν
2659 2829 2750 2883 τοῦ
2792 2828 2926 2882 Θεοῦ
2975 2831 3148 2898 Λόγου
3181 2830 3316 2901 μετὰ
3345 2829 3444 2901 τὴν
3473 2831 3700 2903 πρώτην

2129 2925 2222 2977 καὶ
2255 2925 2516 2995 ἀγένητον
2545 2923 2634 2977 τὸν
2677 2922 2892 2994 Πατέρα
2911 2921 3008 2975 καὶ¹
3045 2921 3175 2975 Θεὸν
3196 2921 3304 2975 τῶν
3329 2922 3466 2976 ὅλων
3491 2940 3505 2954 ·
3531 2927 3694 2995 ἡμεῖς

460 3032 553 3102 qui
582 3039 636 3086 et
661 3031 748 3085 hic
777 3031 920 3087 inter
940 3041 1136 3088 caetera
1161 3033 1328 3089 dicit:
1367 3053 1385 3085 ι
1414 3033 1639 3089 lnduam
1667 3037 1836 3092 caalos
1864 3045 2018 3094 tene-

2127 3034 2192 3085 γε
2247 3018 2351 3088 μὴν
2389 3015 2562 3088 ὀρθῶς
2589 3014 2940 3084 πεπεισμένοι
2974 3012 3161 3073 τοῦτον
3193 3012 3456 3084 ὑπάρχειν
3494 3013 3694 3088 δηλαδὴ

460 3119 600 3180 bris.
631 3137 650 3170 ι
677 3119 1010 3190 subjicitque
1029 3137 1096 3176 ex
1127 3137 1359 3192 persona
1399 3137 1561 3194 quam
1610 3128 1906 3197 assumpsit
1926 3129 2024 3184 ho-

462 3210 649 3275 minis,
681 3229 699 3262 ι
733 3209 998 3268 Dominus
1018 3213 1164 3267 dedit
1201 3215 1333 3268 mihi
1361 3215 1601 3288 llnguam
1630 3204 1922 3285 eruditam,
1963 3229 2024 3274 ut

461 3302 633 3356 sciam
667 3318 952 3373 usquequo
981 3312 1228 3374 Oporteat
1268 3307 1449 3363 dicere
1486 3309 1731 3365 verbum.
1776 3329 1794 3363 ι
1825 3311 2025 3377 Quem-

458 3408 587 3446 mm
615 3409 744 3448 vero
767 3395 935 3448 alium
963 3397 1072 3450 nisi
1099 3395 1435 3453 Salvator-em
1467 3412 1716 3455 nOStrum
1745 3401 2020 3458 hominem

459 3484 661 3538 factum
695 3486 910 3540 deceret
943 3486 1055 3542 haec
1087 3503 1303 3558 quoque
1331 3489 1512 3544 dicere
1543 3511 1556 3545 :
1599 3509 1617 3542 ι
1656 3492 1790 3558 Quis
1810 3502 2022 3549 contra-

458 3572 601 3628 dicet
647 3573 1046 3630 mihi?stemus
1092 3577 1289 3640 simul;
1332 3597 1350 3630 ι
1387 3581 1470 3635 vel
1517 3581 1584 3638 de
1615 3598 1722 3652 quo
1756 3584 1868 3639 haec
1909 3586 2018 3641 dici

459 3673 699 3734 possent,
722 3667 789 3721 ab
812 3667 920 3722 illis
953 3687 967 3723 :
996 3687 1014 3720 ι
1040 3668 1174 3736 Quis
1197 3686 1262 3725 ex
1295 3671 1447 3726 vobis
1473 3673 1670 3730 timens
1701 3674 2017 3734 Dominum?

455 3753 642 3808 audiat
676 3770 862 3811 vocem
911 3758 1056 3813 servi
1082 3759 1222 3829 ejus,
1261 3777 1279 3811 ι
1313 3761 1417 3815 nisi
1480 3763 1547 3817 de
1601 3765 1719 3819 solo
1775 3764 2016 3833 Christo,

453 3848 546 3917 qui
573 3848 728 3918 juxta
778 3849 1093 3921 Scripturas
1123 3851 1472 3922 ignominiam
1504 3855 1779 3926 despexit,
1827 3861 2016 3914 exina-

451 3940 612 3996 nieus
638 3943 1012 4013 semetipsum,
1041 3952 1095 3999 et
1130 3961 1301 4017 usque
1339 3947 1406 4001 ad
1437 3945 1644 4020 ﬂagella
1674 3950 2014 4019 humiliatus,

451 4035 917 4096 eum,secundum
949 4033 1015 4090 de
1038 4035 1157 4106 ipso
1177 4039 1512 4109 prophetiam
1538 4039 1864 4112 ﬂagellatum
1894 4061 2016 4100 eum

450 4121 660 4179 Pilatus
684 4126 910 4182 tradidit
945 4129 1408 4200 cruciﬁgendum;
1438 4142 1567 4188 tunc
1589 4150 1804 4205 quoque
1832 4136 2016 4208 alapas

450 4227 504 4270 et
534 4226 697 4288 sputa
729 4221 971 4289 pertulit,
1003 4236 1126 4292 cum
1155 4221 1224 4276 ad
1255 4223 1376 4293 ejus
1407 4224 1570 4280 verba
1603 4236 1782 4281 vestes
1809 4227 2012 4284 dilace-

449 4321 580 4361 rans
616 4323 864 4364 summus
893 4311 1154 4366 sacerdos
1183 4327 1306 4366 eum
1339 4312 1803 4382 blasphemavisse
1831 4316 2013 4368 excla-

2124 3111 2216 3164 τὸν
2247 3111 2377 3164 Θεὸν
2409 3110 2576 3178 Λόγον
2597 3108 2896 3180 ἡγούμεθα,
2925 3107 3014 3162 τὸν
3040 3108 3132 3160 καὶ
3163 3108 3388 3163 ἐνταῦθα
3417 3109 3690 3179 φάσκοντα

2128 3203 2264 3273 μετὰ
2297 3203 2404 3256 τῶν
2431 3201 2602 3256 ἄλλων
2628 3201 2688 3254 τό
2707 3216 2721 3230 ο
2750 3219 2769 3252 ι
2801 3199 3031 3253 Ἐνδὺσω
3060 3199 3152 3254 τὸν
3187 3202 3412 3273 οὐρανὸν
3441 3202 3690 3267 σκότος,τ

2125 3298 2218 3350 καὶ
2250 3295 2580 3366 ἐπιφέροντα
2623 3294 2688 3347 ἐκ
2717 3290 3006 3364 προσώπου
3051 3285 3111 3345 οὗ
3149 3293 3431 3364 ἀνείληφεν
3479 3292 3694 3363 ἀνθρώ-

2123 3407 2225 3443 που
2245 3389 2305 3442 τό
2330 3405 2344 3419 ο
2384 3407 2402 3439 ι
2443 3387 2645 3457 Κύριος
2687 3385 2868 3438 δίδωσί
2903 3403 2990 3456 μοι
3018 3384 3267 3453 γλῶσσαν
3301 3386 3564 3450 παιδείας,
3595 3388 3695 3441 τοῦ

2122 3483 2321 3549 γνῶναι
2377 3479 2539 3548 ἡνίκα
2565 3477 2669 3530 ,δεῖ
2720 3478 2889 3530 εἰπεῖν
2939 3471 3120 3544 λόγον.
3156 3497 3176 3528 ι
3207 3477 3322 3530 Τίνι
3368 3477 3413 3530 δ’
3440 3479 3507 3531 ἂν
3543 3478 3695 3548 ἄλλῳ

2122 3572 2272 3642 παρά
2305 3570 2394 3622 τὸν
2448 3567 2729 3640 ἄνθρωπον
2763 3567 2854 3621 τοῦ
2893 3568 3139 3640 Σωτῆρος
3177 3571 3208 3639 ἡ
3220 3569 3332 3640 μῶν
3367 3569 3564 3639 πρέποι
3598 3570 3690 3624 λέ-

2120 3679 2236 3731 γειν
2266 3663 2356 3714 καὶ
2384 3660 2462 3713 τό·
2495 3679 2512 3712 ι
2549 3660 2686 3723 Τίςό
2716 3659 3026 3730 κρινόμενός
3057 3676 3169 3729 μοις
3201 3661 3503 3732 άλντιστήτω
3528 3680 3639 3731 μοι.
3666 3684 3685 3714 ι

2125 3754 2195 3804 Ἢ
2221 3751 2348 3823 περὶ
2371 3752 2514 3813 τίνος
2542 3750 2735 3818 λέγοιτ’
2765 3750 2828 3803 ἂν
2859 3750 2926 3803 τὰ
2952 3750 3058 3803 ἀπὸ
3085 3751 3178 3803 τοῦ
3199 3767 3212 3780 ο
3242 3770 3259 3802 ι
3305 3751 3400 3815 Τίς
3428 3754 3486 3805 ὲν
3511 3754 3642 3824 ὑμῖν
3660 3759 3704 3808 όι

2120 3843 2448 3914 φοϐούμενος
2473 3842 2564 3894 τὸν
2599 3841 2800 3914 Κύριον
2828 3861 2844 3908 ;
2872 3843 3230 3896 ὑπακουσάτω
3259 3843 3359 3913 τῆς
3382 3845 3564 3914 φωνῆς
3589 3846 3690 3899 τοῦ

2120 3935 2304 4000 παιδὸς
2332 3933 2514 3998 αὑτοῦ,
2557 3953 2575 3985 ›
2610 3932 2643 4004 ἢ
2681 3935 2822 4009 περὶ,
2846 3935 3004 4005 μόνου
3028 3933 3121 3987 τοῦ
3144 3934 3400 4006 Χριστοῦ,
3427 3935 3518 3988 τοῦ
3544 3939 3691 3992 κατά

2118 4027 2214 4090 τὰς
2247 4025 2468 4098 Γραφάς
2493 4024 2749 4096 αἰσχύνης
2781 4028 3313 4098 καταφρονήσαντος,
3350 4029 3691 4094 κενώσαντός

2117 4136 2174 4172 τε
2213 4118 2402 4173 ἑαυτὸν
2451 4118 2543 4171 καὶ
2577 4117 2736 4189 μέχρι
2789 4118 3064 4188 μαστίγων
3092 4118 3560 4184 ταπεινώσαντος,
3596 4123 3688 4175 ὅτε

2119 4210 2257 4264 κατά
2285 4212 2380 4281 τὴν
2414 4208 2775 4280 προκειμένην
2819 4211 2945 4276 περὶ
2980 4209 3142 4264 αὑτοῦ
3181 4212 3514 4283 προφητείαν
3547 4231 3692 4283 φρα-

2117 4301 2391 4369 γελλώσας
2429 4303 2590 4356 αὑτὸν
2627 4304 2654 4356 6
2683 4303 2910 4366 Πιλάτος
2937 4303 3249 4374 παρέδωκεν
3276 4305 3684 4377 σταυρωθῆναι;

447 4399 637 4452 mavit.
669 4397 823 4454 Tunc
853 4400 996 4454 enim
1052 4411 1385 4471 exspuerunt
1435 4404 1490 4456 in
1545 4402 1737 4457 faciem
1791 4405 1911 4475 ejus
1958 4411 2012 4459 et

2126 4392 2248 4446 Τότε
2278 4391 2332 4445 δὲ
2371 4393 2463 4445 καὶ
2499 4392 2812 4464 ῥαπίσματα
2852 4395 2944 4448 καὶ
2989 4397 3341 4466 ὲμπτυσμοὺς
3391 4397 3680 4468 ὑπέμενεν,

445 4488 858 4558 colapbizabant
893 4507 1017 4567 eum
1039 4509 1052 4556 ;
1077 4493 1169 4546 alii
1200 4509 1327 4548 vero
1359 4494 1544 4566 alapas
1573 4496 1620 4550 ei
1649 4496 2009 4567 impegerunt,

442 4576 726 4634 dicentes:
764 4597 783 4630 ι
814 4561 1136 4650 PrOphetiza
1167 4584 1346 4650 nobis,
1369 4561 1606 4650 Christe,
1637 4561 1761 4656 quis
1797 4561 1849 4641 te
1889 4602 2012 4656 per-

443 4671 656 4726 (ιιιεεὶιῖ
689 4691 708 4724 ι
743 4669 1011 4727 Videntur
1041 4682 1220 4730 autem
1281 4678 1500 4746 capituli
1533 4677 1696 4748 hujus
1748 4678 1902 4732 initia
1940 4677 2008 4732 ad

437 4759 750 4817 Judaaorum
771 4777 1104 4834 synagogam
1121 4773 1386 4834 spectare.
1423 4786 1443 4819 ι
1490 4765 1630 4823 Ecce
1657 4769 1826 4833 enim,
1867 4788 1884 4820 ι
1911 4770 2005 4834 ait,

446 4864 715 4931 «peccatis
736 4866 933 4922 vestris
959 4867 1333 4934 venditiestis,
1347 4881 1400 4926 et
1418 4873 1796 4942 iniquitatibus
1817 4877 2014 4932 vestris

438 4953 598 5008 emisi
624 4964 855 5012 matrem
882 4966 1142 5014 vestram.
1179 4980 1197 5012 ι
1243 4959 1401 5017 Venit
1427 4963 1571 5017 enim
1610 4983 1628 5018 ι
1670 4965 1736 5020 ad
1772 4967 2010 5034 perditas

447 5075 578 5116 oves
605 5062 801 5120 domus
835 5064 1003 5123 Israel
1033 5071 1076 5132 ²,
1117 5088 1136 5120 ι
1178 5076 1230 5124 et
1260 5069 1470 5124 nullum
1501 5070 1705 5125 invenit
1735 5071 1880 5142 apud
1913 5088 2009 5129 eos

444 5163 740 5228 hominem.
771 5172 864 5226 sed
894 5181 950 5227 et
979 5174 1188 5244 primos
1214 5176 1429 5244 quidem
1460 5191 1555 5231 eos
1599 5178 1814 5232 vocavit
1841 5197 1855 5232 :
1895 5195 2009 5234 non

439 5279 617 5326 autem
641 5285 758 5330 erat
789 5280 1022 5348 populus
1053 5282 1299 5336 audiens.
1329 5281 1453 5336 Ideo
1480 5281 1640 5336 dicit:
1661 5301 1678 5333 ι
1705 5282 1832 5338 ldeo
1856 5285 2002 5350 veni,

433 5384 490 5421 et
542 5391 646 5431 non
676 5392 792 5434 erat
845 5381 1028 5451 homo,
1078 5387 1396 5455 vocavique,
1425 5396 1478 5440 et
1528 5385 1710 5441 nullus
1759 5394 1876 5441 erat
1907 5389 2000 5458 qui

431 5480 668 5538 audiret.
704 5504 720 5535 ι
753 5487 1038 5544 Postrema
1090 5507 1219 5546 vero
1271 5493 1434 5564 hujus
1484 5493 1591 5549 loci
1641 5505 2000 5567 congruenter

501 5664 514 5694 '
547 5659 671 5716 lsai.
696 5676 747 5722 ι..
788 5662 933 5717 l-il.
1012 5666 1240 5724 ‘Ilatth.
1279 5686 1365 5738 xv,
1401 5673 1490 5728 ει.

1167 5860 1196 5892 4

2119 4485 2207 4538 ὅτε
2261 4485 2352 4538 ἐπὶ
2394 4488 2504 4549 τοῖς
2539 4485 2716 4556 λόγοις
2747 4485 2910 4539 αὑτοῦ
2949 4487 3413 4560 περιρρηξάμενος
3436 4493 3464 4543 6
3496 4491 3678 4560 ἀρχιε-

2120 4578 2266 4648 ρεὺς,
2295 4577 2606 4648 ἀπεφήνατο
2649 4577 3158 4651 βεϐλασφημηκέναι
3200 4581 3390 4634 αὐτόν·
3420 4582 3543 4634 τότε
3574 4583 3678 4654 γὰρ

2118 4668 2412 4723 ἐνέπτυσαν
2462 4673 2540 4732 είς
2581 4670 2640 4722 τὸ
2691 4670 2977 4741 πρόσωπον
3019 4672 3182 4725 αὑτοῦ
3227 4674 3321 4725 καὶ
3364 4674 3676 4743 ἐκολάφιζον

2117 4761 2294 4816 αὐτόν.
2352 4763 2414 4813 Οἱ
2462 4761 2518 4814 δὲ
2559 4761 2859 4834 ὲῤῥάπισαν
2913 4765 3071 4819 αὑτὸν
3107 4764 3384 4834 λέγοντεςο
3421 4786 3440 4818 ι
3470 4767 3674 4839 Προφή-

2114 4868 2302 4904 τευσον
2331 4855 2461 4924 ἡμῖν
2480 4894 2495 4916 ,
2521 4854 2741 4925 Χριστὲ,
2765 4853 2846 4917 τίς
2868 4857 3012 4909 ἐστιν
3031 4859 3059 4910 ό
3089 4857 3289 4921 παίσας
3313 4875 3371 4910 σε
3393 4875 3416 4924 ',.
3439 4879 3458 4911 ι
3496 4860 3671 4912 Ἐοικε

2113 4943 2170 4996 δὲ
2202 4944 2268 4996 τὰ
2297 4945 2394 5015 μὲν
2424 4946 2563 4997 κατὰ
2602 4944 2698 5016 τὴν
2743 4947 2916 5019 ἀρχὴν
2949 4947 3039 5001 τοῦ
3078 4949 3370 5018 κεφαλαίου
3413 4953 3538 5022 περὶ
3575 4951 3672 5020 τῆς

2112 5035 2220 5088 τῶν
2261 5036 2524 5090 Ἰουδαίων
2589 5035 2840 5106 λέγεσθαι
2889 5042 3233 5110 συναγωγῆς·
3276 5061 3295 5096 ι
3337 5041 3466 5096 Ἰδοὺ
3488 5043 3619 5113 γὰρ,
3646 5061 3664 5092 ›

2115 5129 2268 5198 φησὶ,
2306 5147 2324 5179 ι
2354 5132 2474 5192 ταῖς
2522 5130 2814 5203 ἁμαρτίαις
2866 5131 3018 5201 ὑμῶν
3063 5133 3369 5204 ὲπράθητε⁸
3423 5133 3521 5187 καὶ
3557 5135 3666 5197 ταῖς

2112 5220 2362 5291 ἀνομίαις
2423 5222 2574 5293 ὑμῶν
2623 5222 2975 5286 ὲξαπέστειλα
3015 5222 3113 5295 τὴν
3165 5226 3374 5296 μητέρα
3427 5224 3598 5296 ὑμῶν.
3641 5243 3666 5276 ι

2108 5309 2280 5366 *Ηλοε
2331 5314 2439 5386 γὰρ
2492 5333 2510 5366 ι
2540 5315 2632 5368 ἐπὶ
2679 5316 2748 5368 τὰ
2799 5316 3044 5386 πρόϐατα
3079 5317 3144 5371 τὰ
3177 5317 3489 5372 ἀπολωλότα
3522 5318 3659 5371 οἴκου

2120 5406 2395 5478 Ἰσραὴλ.»
2421 5407 2513 5459 καὶ
2560 5408 2657 5478 οὐχ
2707 5399 2830 5480 εὑρέ
2861 5425 2982 5462 τινα
3023 5412 3080 5461 ὲν
3137 5409 3318 5473 αὐτοῖς
3364 5409 3653 5481 ἄνθρωπον,

2107 5497 2242 5552 ἀλλὰ
2276 5499 2366 5552 καὶ
2392 5497 2637 5571 πρώτους
2671 5499 2771 5571 μὲν
2801 5501 2994 5564 αὑτοὺς
3030 5503 3310 5557 ἐκάλεσεν·
3341 5503 3436 5556 οὑκ
3471 5499 3538 5574 ἦν
3557 5501 3597 5555 δ’
3625 5501 3651 5552 ό
