  <div class='ocr_page' id='page_1' title='image "/cluster/home/n/w/nwhite01/storage/ocr_20150623/22/hvd.32044073501132/632.png"; bbox 0 0 4008 6208; ppageno 0'>
   <div class='ocr_carea' id='block_1_1' title="bbox 291 271 424 326">
    <p class='ocr_par' dir='ltr' id='par_1_1' title="bbox 291 271 424 326">
     <span class='ocr_line' id='line_1_1' title="bbox 291 271 424 326; baseline -0.015 0"><span class='ocrx_word' id='word_1_1' title='bbox 291 271 424 326; x_wconf 48' lang='grc' dir='ltr'>πίει</span> 
     </span>
    </p>
   </div>
   <div class='ocr_carea' id='block_1_2' title="bbox 1303 265 2515 325">
    <p class='ocr_par' dir='ltr' id='par_1_2' title="bbox 1303 265 2515 325">
     <span class='ocr_line' id='line_1_2' title="bbox 1303 265 2515 325; baseline 0.003 -4"><span class='ocrx_word' id='word_1_2' title='bbox 1303 265 1596 322; x_wconf 68' lang='lat' dir='ltr'><strong>ECLOGAE</strong></span> <span class='ocrx_word' id='word_1_3' title='bbox 1633 267 2110 325; x_wconf 62' lang='lat' dir='ltr'><strong>PROPHETICJE.</strong></span> <span class='ocrx_word' id='word_1_4' title='bbox 2151 301 2220 310; x_wconf 90' lang='lat'><strong><em>—</em></strong></span> <span class='ocrx_word' id='word_1_5' title='bbox 2259 269 2386 325; x_wconf 82' lang='lat' dir='ltr'><strong>LIB.</strong></span> <span class='ocrx_word' id='word_1_6' title='bbox 2426 268 2515 325; x_wconf 80' lang='lat' dir='ltr'><strong>IV.</strong></span> 
     </span>
    </p>
   </div>
   <div class='ocr_carea' id='block_1_3' title="bbox 3391 277 3528 331">
    <p class='ocr_par' dir='ltr' id='par_1_3' title="bbox 3391 277 3528 331">
     <span class='ocr_line' id='line_1_3' title="bbox 3391 277 3528 331; baseline 0.022 -2"><span class='ocrx_word' id='word_1_7' title='bbox 3391 277 3528 331; x_wconf 64' lang='grc' dir='ltr'><strong>12ὶὲ</strong></span> 
     </span>
    </p>
   </div>
   <div class='ocr_carea' id='block_1_4' title="bbox 289 383 1852 463">
    <p class='ocr_par' dir='ltr' id='par_1_4' title="bbox 289 383 1852 458">
     <span class='ocr_line' id='line_1_4' title="bbox 289 383 1852 458; baseline 0.003 -19"><span class='ocrx_word' id='word_1_8' title='bbox 289 387 428 449; x_wconf 74' lang='grc' dir='ltr'><strong>λαὸς¹</strong></span> <span class='ocrx_word' id='word_1_9' title='bbox 466 383 775 440; x_wconf 87' lang='grc' dir='ltr'>ὑπακούων.</span> <span class='ocrx_word' id='word_1_10' title='bbox 836 385 911 438; x_wconf 82' lang='grc' dir='ltr'><strong>Δι’</strong></span> <span class='ocrx_word' id='word_1_11' title='bbox 942 386 970 439; x_wconf 83' lang='grc' dir='ltr'>ὅ</span> <span class='ocrx_word' id='word_1_12' title='bbox 1003 403 1152 456; x_wconf 84' lang='grc' dir='ltr'>φησι·</span> <span class='ocrx_word' id='word_1_13' title='bbox 1197 405 1214 436; x_wconf 80' lang='grc' dir='ltr'><strong>ι</strong></span> <span class='ocrx_word' id='word_1_14' title='bbox 1253 387 1397 440; x_wconf 71' lang='grc' dir='ltr'>Διόσι</span> <span class='ocrx_word' id='word_1_15' title='bbox 1428 383 1612 458; x_wconf 83' lang='grc' dir='ltr'>ἦλθον,</span> <span class='ocrx_word' id='word_1_16' title='bbox 1648 389 1742 442; x_wconf 78' lang='grc' dir='ltr'>καὶ</span> <span class='ocrx_word' id='word_1_17' title='bbox 1763 390 1852 443; x_wconf 73' lang='grc' dir='ltr'><strong>οὑκ</strong></span> 
     </span>
    </p>
   </div>
   <div class='ocr_carea' id='block_1_5' title="bbox 1957 383 3528 463">
    <p class='ocr_par' dir='ltr' id='par_1_5' title="bbox 1963 390 3528 463">
     <span class='ocr_line' id='line_1_5' title="bbox 1963 390 3528 463; baseline 0.002 -18"><span class='ocrx_word' id='word_1_18' title='bbox 1963 399 2087 460; x_wconf 91' lang='lat' dir='ltr'><strong>post</strong></span> <span class='ocrx_word' id='word_1_19' title='bbox 2123 391 2353 446; x_wconf 90' lang='lat' dir='ltr'><strong>istorum</strong></span> <span class='ocrx_word' id='word_1_20' title='bbox 2406 390 2846 460; x_wconf 87' lang='lat' dir='ltr'><strong>reprobationem</strong></span> <span class='ocrx_word' id='word_1_21' title='bbox 2897 393 3137 463; x_wconf 89' lang='lat' dir='ltr'><strong>gentium</strong></span> <span class='ocrx_word' id='word_1_22' title='bbox 3188 393 3528 448; x_wconf 78' lang='lat' dir='ltr'><strong>vocationem</strong></span> 
     </span>
    </p>
   </div>
   <div class='ocr_carea' id='block_1_6' title="bbox 287 473 1860 549">
    <p class='ocr_par' dir='ltr' id='par_1_6' title="bbox 287 473 1860 549">
     <span class='ocr_line' id='line_1_6' title="bbox 287 473 1860 549; baseline 0.003 -19"><span class='ocrx_word' id='word_1_23' title='bbox 287 473 356 548; x_wconf 83' lang='grc' dir='ltr'><strong>ῆν</strong></span> <span class='ocrx_word' id='word_1_24' title='bbox 383 477 694 546; x_wconf 69' lang='grc' dir='ltr'>ᾶιθρωπος·</span> <span class='ocrx_word' id='word_1_25' title='bbox 723 477 954 530; x_wconf 75' lang='grc' dir='ltr'><strong>ἐκάλεσα</strong></span> <span class='ocrx_word' id='word_1_26' title='bbox 982 479 1074 530; x_wconf 74' lang='grc' dir='ltr'><strong>καὶ</strong></span> <span class='ocrx_word' id='word_1_27' title='bbox 1106 477 1203 531; x_wconf 88' lang='grc' dir='ltr'><strong>οὑκ</strong></span> <span class='ocrx_word' id='word_1_28' title='bbox 1231 473 1300 549; x_wconf 85' lang='grc' dir='ltr'>ἦν</span> <span class='ocrx_word' id='word_1_29' title='bbox 1333 481 1361 532; x_wconf 97' lang='lat'><strong>6</strong></span> <span class='ocrx_word' id='word_1_30' title='bbox 1393 480 1699 534; x_wconf 80' lang='grc' dir='ltr'><strong>ὑπακούων.</strong></span> <span class='ocrx_word' id='word_1_31' title='bbox 1737 500 1756 532; x_wconf 76' lang='grc' dir='ltr'><strong>ι</strong></span> <span class='ocrx_word' id='word_1_32' title='bbox 1783 483 1860 535; x_wconf 83' lang='grc' dir='ltr'><strong>Τά</strong></span> 
     </span>
    </p>
   </div>
   <div class='ocr_carea' id='block_1_7' title="bbox 287 569 1864 645">
    <p class='ocr_par' dir='ltr' id='par_1_7' title="bbox 287 569 1864 645">
     <span class='ocr_line' id='line_1_7' title="bbox 287 569 1864 645; baseline 0.003 -21"><span class='ocrx_word' id='word_1_33' title='bbox 287 571 330 623; x_wconf 83' lang='grc' dir='ltr'>δ’</span> <span class='ocrx_word' id='word_1_34' title='bbox 351 571 442 624; x_wconf 66' lang='grc' dir='ltr'>ἐκ).</span> <span class='ocrx_word' id='word_1_35' title='bbox 470 569 612 622; x_wconf 82' lang='grc' dir='ltr'>τέλει</span> <span class='ocrx_word' id='word_1_36' title='bbox 649 569 748 639; x_wconf 85' lang='grc' dir='ltr'><strong>τῆς</strong></span> <span class='ocrx_word' id='word_1_37' title='bbox 784 570 1083 640; x_wconf 70' lang='grc' dir='ltr'><strong>περικοπῆς</strong></span> <span class='ocrx_word' id='word_1_38' title='bbox 1108 570 1411 635; x_wconf 83' lang='grc' dir='ltr'><strong>ἀκολούθως</strong></span> <span class='ocrx_word' id='word_1_39' title='bbox 1430 573 1567 642; x_wconf 85' lang='grc' dir='ltr'><strong>μετά</strong></span> <span class='ocrx_word' id='word_1_40' title='bbox 1594 573 1690 645; x_wconf 81' lang='grc' dir='ltr'><strong>τὴν</strong></span> <span class='ocrx_word' id='word_1_41' title='bbox 1725 575 1864 628; x_wconf 82' lang='grc' dir='ltr'>ἐκεί-</span> 
     </span>
    </p>
   </div>
   <div class='ocr_carea' id='block_1_8' title="bbox 286 661 1859 736">
    <p class='ocr_par' dir='ltr' id='par_1_8' title="bbox 286 661 1859 736">
     <span class='ocr_line' id='line_1_8' title="bbox 286 661 1859 736; baseline 0.001 -18"><span class='ocrx_word' id='word_1_42' title='bbox 286 679 392 718; x_wconf 64' lang='grc' dir='ltr'><strong>νων</strong></span> <span class='ocrx_word' id='word_1_43' title='bbox 423 661 696 732; x_wconf 78' lang='grc' dir='ltr'>ἀποϐολὴν</span> <span class='ocrx_word' id='word_1_44' title='bbox 727 663 819 715; x_wconf 77' lang='grc' dir='ltr'><strong>ἐπὶ</strong></span> <span class='ocrx_word' id='word_1_45' title='bbox 850 663 948 732; x_wconf 79' lang='grc' dir='ltr'>τὴν</span> <span class='ocrx_word' id='word_1_46' title='bbox 983 662 1040 726; x_wconf 82' lang='grc' dir='ltr'>ἐξ</span> <span class='ocrx_word' id='word_1_47' title='bbox 1069 662 1236 715; x_wconf 87' lang='grc' dir='ltr'>ἐθνῶν</span> <span class='ocrx_word' id='word_1_48' title='bbox 1275 664 1602 736; x_wconf 79' lang='grc' dir='ltr'>ἀναφέρεται</span> <span class='ocrx_word' id='word_1_49' title='bbox 1637 665 1826 736; x_wconf 82' lang='grc' dir='ltr'>κλῆσιν</span> <span class='ocrx_word' id='word_1_50' title='bbox 1846 709 1859 729; x_wconf 91' lang='grc'><strong>,</strong></span> 
     </span>
    </p>
   </div>
   <div class='ocr_carea' id='block_1_9' title="bbox 287 753 1864 827">
    <p class='ocr_par' dir='ltr' id='par_1_9' title="bbox 287 753 1864 827">
     <span class='ocr_line' id='line_1_9' title="bbox 287 753 1864 827; baseline 0.001 -18"><span class='ocrx_word' id='word_1_51' title='bbox 287 754 393 809; x_wconf 73' lang='grc' dir='ltr'><strong>ἀπὸ</strong></span> <span class='ocrx_word' id='word_1_52' title='bbox 420 753 539 816; x_wconf 87' lang='grc' dir='ltr'>τοῦ,</span> <span class='ocrx_word' id='word_1_53' title='bbox 563 773 580 805; x_wconf 81' lang='grc' dir='ltr'><strong>ι</strong></span> <span class='ocrx_word' id='word_1_54' title='bbox 607 755 702 818; x_wconf 89' lang='grc' dir='ltr'><strong>Τίς</strong></span> <span class='ocrx_word' id='word_1_55' title='bbox 728 757 784 808; x_wconf 84' lang='grc' dir='ltr'><strong>ἐν</strong></span> <span class='ocrx_word' id='word_1_56' title='bbox 809 755 936 822; x_wconf 83' lang='grc' dir='ltr'>ὑμῖν</span> <span class='ocrx_word' id='word_1_57' title='bbox 961 757 988 808; x_wconf 90' lang='lat'><strong>6</strong></span> <span class='ocrx_word' id='word_1_58' title='bbox 1013 754 1342 825; x_wconf 80' lang='grc' dir='ltr'>φοϐούμενος</span> <span class='ocrx_word' id='word_1_59' title='bbox 1363 756 1453 809; x_wconf 79' lang='grc' dir='ltr'><strong>τὸν</strong></span> <span class='ocrx_word' id='word_1_60' title='bbox 1475 756 1710 827; x_wconf 86' lang='grc' dir='ltr'>Κύριον;</span> <span class='ocrx_word' id='word_1_61' title='bbox 1767 760 1864 812; x_wconf 87' lang='grc' dir='ltr'>ὑπ-</span> 
     </span>
    </p>
   </div>
   <div class='ocr_carea' id='block_1_10' title="bbox 285 845 1862 921">
    <p class='ocr_par' dir='ltr' id='par_1_10' title="bbox 285 845 1862 921">
     <span class='ocr_line' id='line_1_10' title="bbox 285 845 1862 921; baseline 0.003 -22"><span class='ocrx_word' id='word_1_62' title='bbox 285 846 572 900; x_wconf 83' lang='grc' dir='ltr'>ακουσάτω</span> <span class='ocrx_word' id='word_1_63' title='bbox 599 845 702 916; x_wconf 88' lang='grc' dir='ltr'><strong>τῆς</strong></span> <span class='ocrx_word' id='word_1_64' title='bbox 725 847 906 915; x_wconf 84' lang='grc' dir='ltr'>φωνῆς</span> <span class='ocrx_word' id='word_1_65' title='bbox 932 846 1022 900; x_wconf 89' lang='grc' dir='ltr'><strong>τοῦ</strong></span> <span class='ocrx_word' id='word_1_66' title='bbox 1051 846 1235 910; x_wconf 79' lang='grc' dir='ltr'>παιδὸς</span> <span class='ocrx_word' id='word_1_67' title='bbox 1269 848 1454 900; x_wconf 84' lang='grc' dir='ltr'>αὑτοῦ.</span> <span class='ocrx_word' id='word_1_68' title='bbox 1487 867 1505 899; x_wconf 75' lang='grc' dir='ltr'><strong>ι</strong></span> <span class='ocrx_word' id='word_1_69' title='bbox 1540 849 1729 919; x_wconf 82' lang='grc' dir='ltr'>Ἡμεῖς</span> <span class='ocrx_word' id='word_1_70' title='bbox 1754 850 1862 921; x_wconf 73' lang='grc' dir='ltr'><strong>γὰρ</strong></span> 
     </span>
    </p>
   </div>
   <div class='ocr_carea' id='block_1_11' title="bbox 284 934 1861 1010">
    <p class='ocr_par' dir='ltr' id='par_1_11' title="bbox 284 934 1861 1010">
     <span class='ocr_line' id='line_1_11' title="bbox 284 934 1861 1010; baseline 0.004 -20"><span class='ocrx_word' id='word_1_71' title='bbox 284 937 500 1010; x_wconf 84' lang='grc' dir='ltr'>ἀληθῶς</span> <span class='ocrx_word' id='word_1_72' title='bbox 521 934 662 1010; x_wconf 83' lang='grc' dir='ltr'>ἦμεν</span> <span class='ocrx_word' id='word_1_73' title='bbox 689 958 708 990; x_wconf 87' lang='grc'><em>‹</em></span> <span class='ocrx_word' id='word_1_74' title='bbox 742 940 791 991; x_wconf 86' lang='grc' dir='ltr'>οἱ</span> <span class='ocrx_word' id='word_1_75' title='bbox 841 940 1191 1010; x_wconf 85' lang='grc' dir='ltr'>πορευόμενοι</span> <span class='ocrx_word' id='word_1_76' title='bbox 1236 941 1294 992; x_wconf 89' lang='grc' dir='ltr'><strong>ἐν</strong></span> <span class='ocrx_word' id='word_1_77' title='bbox 1332 941 1538 994; x_wconf 87' lang='grc' dir='ltr'>σκότει·</span> <span class='ocrx_word' id='word_1_78' title='bbox 1585 961 1602 993; x_wconf 70' lang='grc' dir='ltr'><strong>ι</strong></span> <span class='ocrx_word' id='word_1_79' title='bbox 1641 943 1734 995; x_wconf 76' lang='grc' dir='ltr'><strong>καὶ</strong></span> <span class='ocrx_word' id='word_1_80' title='bbox 1763 943 1861 996; x_wconf 87' lang='grc' dir='ltr'><strong>οὑκ</strong></span> 
     </span>
    </p>
   </div>
   <div class='ocr_carea' id='block_1_12' title="bbox 283 1023 1854 1101">
    <p class='ocr_par' dir='ltr' id='par_1_12' title="bbox 283 1023 1854 1101">
     <span class='ocr_line' id='line_1_12' title="bbox 283 1023 1854 1101; baseline 0.003 -20"><span class='ocrx_word' id='word_1_81' title='bbox 283 1023 352 1098; x_wconf 73' lang='grc' dir='ltr'>ἦν</span> <span class='ocrx_word' id='word_1_82' title='bbox 381 1029 513 1098; x_wconf 78' lang='grc' dir='ltr'>ἡμῖν</span> <span class='ocrx_word' id='word_1_83' title='bbox 547 1027 654 1098; x_wconf 79' lang='grc' dir='ltr'><strong>πρὸ</strong></span> <span class='ocrx_word' id='word_1_84' title='bbox 681 1029 784 1096; x_wconf 73' lang='grc' dir='ltr'><strong>τῆς</strong></span> <span class='ocrx_word' id='word_1_85' title='bbox 798 1030 1096 1100; x_wconf 87' lang='grc' dir='ltr'>παρουσίας</span> <span class='ocrx_word' id='word_1_86' title='bbox 1135 1028 1228 1082; x_wconf 82' lang='grc' dir='ltr'><strong>τοῦ</strong></span> <span class='ocrx_word' id='word_1_87' title='bbox 1263 1031 1514 1100; x_wconf 78' lang='grc' dir='ltr'>Σωτῆρος</span> <span class='ocrx_word' id='word_1_88' title='bbox 1542 1031 1696 1101; x_wconf 83' lang='grc' dir='ltr'>ἡμῶν</span> <span class='ocrx_word' id='word_1_89' title='bbox 1721 1032 1854 1099; x_wconf 84' lang='grc' dir='ltr'>φῶς·</span> 
     </span>
    </p>
   </div>
   <div class='ocr_carea' id='block_1_13' title="bbox 286 1117 1860 1191">
    <p class='ocr_par' dir='ltr' id='par_1_13' title="bbox 286 1117 1860 1191">
     <span class='ocr_line' id='line_1_13' title="bbox 286 1117 1860 1191; baseline 0 -19"><span class='ocrx_word' id='word_1_90' title='bbox 286 1117 420 1172; x_wconf 67' lang='grc' dir='ltr'><strong>ἀλλά</strong></span> <span class='ocrx_word' id='word_1_91' title='bbox 447 1118 541 1172; x_wconf 91' lang='grc' dir='ltr'><strong>νῦν</strong></span> <span class='ocrx_word' id='word_1_92' title='bbox 573 1118 660 1171; x_wconf 78' lang='grc' dir='ltr'>διὰ</span> <span class='ocrx_word' id='word_1_93' title='bbox 689 1118 788 1189; x_wconf 78' lang='grc' dir='ltr'>τὴν</span> <span class='ocrx_word' id='word_1_94' title='bbox 814 1118 906 1172; x_wconf 91' lang='grc' dir='ltr'><strong>τοῦ</strong></span> <span class='ocrx_word' id='word_1_95' title='bbox 936 1117 1069 1172; x_wconf 85' lang='grc' dir='ltr'>Θεοῦ</span> <span class='ocrx_word' id='word_1_96' title='bbox 1099 1120 1257 1191; x_wconf 88' lang='grc' dir='ltr'>χάριν</span> <span class='ocrx_word' id='word_1_97' title='bbox 1297 1118 1635 1188; x_wconf 81' lang='grc' dir='ltr'>πεποίθαμεν</span> <span class='ocrx_word' id='word_1_98' title='bbox 1669 1121 1760 1174; x_wconf 75' lang='grc' dir='ltr'><strong>ἐπὶ</strong></span> <span class='ocrx_word' id='word_1_99' title='bbox 1782 1120 1860 1190; x_wconf 85' lang='grc' dir='ltr'>τῷ</span> 
     </span>
    </p>
   </div>
   <div class='ocr_carea' id='block_1_14' title="bbox 287 1210 1854 1284">
    <p class='ocr_par' dir='ltr' id='par_1_14' title="bbox 287 1210 1854 1284">
     <span class='ocr_line' id='line_1_14' title="bbox 287 1210 1854 1284; baseline 0.001 -20"><span class='ocrx_word' id='word_1_100' title='bbox 287 1212 509 1281; x_wconf 85' lang='grc' dir='ltr'>όνόματι</span> <span class='ocrx_word' id='word_1_101' title='bbox 534 1210 761 1281; x_wconf 82' lang='grc' dir='ltr'>Κυρίου,</span> <span class='ocrx_word' id='word_1_102' title='bbox 805 1213 898 1265; x_wconf 77' lang='grc' dir='ltr'><strong>καὶ</strong></span> <span class='ocrx_word' id='word_1_103' title='bbox 948 1211 1416 1283; x_wconf 70' lang='grc' dir='ltr'>ἐπιστηριζόμεθα</span> <span class='ocrx_word' id='word_1_104' title='bbox 1473 1214 1563 1266; x_wconf 73' lang='grc' dir='ltr'>ἐπὶ</span> <span class='ocrx_word' id='word_1_105' title='bbox 1591 1213 1669 1283; x_wconf 81' lang='grc' dir='ltr'><strong>τῷ</strong></span> <span class='ocrx_word' id='word_1_106' title='bbox 1707 1213 1854 1284; x_wconf 79' lang='grc' dir='ltr'>Θεῷ·</span> 
     </span>
    </p>
   </div>
   <div class='ocr_carea' id='block_1_15' title="bbox 291 1297 1860 1373">
    <p class='ocr_par' dir='ltr' id='par_1_15' title="bbox 291 1297 1860 1373">
     <span class='ocr_line' id='line_1_15' title="bbox 291 1297 1860 1373; baseline 0.001 -18"><span class='ocrx_word' id='word_1_107' title='bbox 291 1305 398 1366; x_wconf 79' lang='grc' dir='ltr'>τοῖς</span> <span class='ocrx_word' id='word_1_108' title='bbox 426 1301 482 1354; x_wconf 87' lang='grc' dir='ltr'>δὲ</span> <span class='ocrx_word' id='word_1_109' title='bbox 509 1302 580 1372; x_wconf 79' lang='grc' dir='ltr'>μὴ</span> <span class='ocrx_word' id='word_1_110' title='bbox 611 1301 962 1354; x_wconf 81' lang='grc' dir='ltr'>πιστεύσασιν</span> <span class='ocrx_word' id='word_1_111' title='bbox 993 1303 1073 1365; x_wconf 84' lang='grc' dir='ltr'><strong>είς</strong></span> <span class='ocrx_word' id='word_1_112' title='bbox 1091 1302 1182 1355; x_wconf 84' lang='grc' dir='ltr'>τὸν</span> <span class='ocrx_word' id='word_1_113' title='bbox 1212 1302 1465 1373; x_wconf 84' lang='grc' dir='ltr'>Χριστὸν,</span> <span class='ocrx_word' id='word_1_114' title='bbox 1489 1297 1570 1362; x_wconf 79' lang='grc' dir='ltr'>οἷς</span> <span class='ocrx_word' id='word_1_115' title='bbox 1594 1305 1687 1356; x_wconf 74' lang='grc' dir='ltr'><strong>καὶ</strong></span> <span class='ocrx_word' id='word_1_116' title='bbox 1719 1304 1860 1356; x_wconf 90' lang='grc' dir='ltr'>ἀνω-</span> 
     </span>
    </p>
   </div>
   <div class='ocr_carea' id='block_1_16' title="bbox 281 1391 1857 1466">
    <p class='ocr_par' dir='ltr' id='par_1_16' title="bbox 281 1391 1857 1466">
     <span class='ocr_line' id='line_1_16' title="bbox 281 1391 1857 1466; baseline 0.001 -20"><span class='ocrx_word' id='word_1_117' title='bbox 281 1391 426 1464; x_wconf 72' lang='grc' dir='ltr'>τέρω</span> <span class='ocrx_word' id='word_1_118' title='bbox 485 1394 668 1464; x_wconf 77' lang='grc' dir='ltr'>εἴρητο</span> <span class='ocrx_word' id='word_1_119' title='bbox 705 1394 782 1447; x_wconf 83' lang='grc' dir='ltr'><strong>τό·</strong></span> <span class='ocrx_word' id='word_1_120' title='bbox 828 1414 846 1444; x_wconf 86' lang='grc'><strong><em>‹</em></strong></span> <span class='ocrx_word' id='word_1_121' title='bbox 897 1394 1025 1447; x_wconf 81' lang='grc' dir='ltr'>Ἰδοὺ</span> <span class='ocrx_word' id='word_1_122' title='bbox 1067 1395 1266 1458; x_wconf 88' lang='grc' dir='ltr'>πάντες</span> <span class='ocrx_word' id='word_1_123' title='bbox 1310 1395 1468 1465; x_wconf 80' lang='grc' dir='ltr'>ὑμεῖς</span> <span class='ocrx_word' id='word_1_124' title='bbox 1519 1395 1593 1458; x_wconf 84' lang='grc' dir='ltr'>ὼς</span> <span class='ocrx_word' id='word_1_125' title='bbox 1644 1396 1857 1466; x_wconf 80' lang='grc' dir='ltr'>ἱμάτιον</span> 
     </span>
    </p>
   </div>
   <div class='ocr_carea' id='block_1_17' title="bbox 281 1483 1856 1557">
    <p class='ocr_par' dir='ltr' id='par_1_17' title="bbox 281 1483 1856 1557">
     <span class='ocr_line' id='line_1_17' title="bbox 281 1483 1856 1557; baseline 0.001 -21"><span class='ocrx_word' id='word_1_126' title='bbox 281 1483 748 1554; x_wconf 80' lang='grc' dir='ltr'>πιλαιωθήσεσθε,</span> <span class='ocrx_word' id='word_1_127' title='bbox 767 1485 861 1538; x_wconf 78' lang='grc' dir='ltr'>καὶ</span> <span class='ocrx_word' id='word_1_128' title='bbox 884 1484 959 1548; x_wconf 86' lang='grc' dir='ltr'>ὡς</span> <span class='ocrx_word' id='word_1_129' title='bbox 983 1483 1080 1556; x_wconf 78' lang='grc' dir='ltr'>σὴς</span> <span class='ocrx_word' id='word_1_130' title='bbox 1101 1485 1331 1553; x_wconf 78' lang='grc' dir='ltr'><strong>φάγεται</strong></span> <span class='ocrx_word' id='word_1_131' title='bbox 1363 1486 1505 1557; x_wconf 81' lang='grc' dir='ltr'>ὑμᾶς</span> <span class='ocrx_word' id='word_1_132' title='bbox 1529 1526 1542 1547; x_wconf 88' lang='grc'><strong>,</strong></span> <span class='ocrx_word' id='word_1_133' title='bbox 1569 1504 1585 1534; x_wconf 78' lang='grc' dir='ltr'><strong>ι</strong></span> <span class='ocrx_word' id='word_1_134' title='bbox 1607 1486 1856 1557; x_wconf 78' lang='grc' dir='ltr'>ἐπιφέρει</span> 
     </span>
    </p>
   </div>
   <div class='ocr_carea' id='block_1_18' title="bbox 277 1575 1856 1650">
    <p class='ocr_par' dir='ltr' id='par_1_18' title="bbox 277 1575 1856 1650">
     <span class='ocr_line' id='line_1_18' title="bbox 277 1575 1856 1650; baseline 0.003 -23"><span class='ocrx_word' id='word_1_135' title='bbox 277 1576 484 1644; x_wconf 58' lang='grc' dir='ltr'>ὀλόγος</span> <span class='ocrx_word' id='word_1_136' title='bbox 526 1575 748 1644; x_wconf 80' lang='grc' dir='ltr'>φάσκων</span> <span class='ocrx_word' id='word_1_137' title='bbox 769 1593 784 1606; x_wconf 94' lang='grc'><strong>·</strong></span> <span class='ocrx_word' id='word_1_138' title='bbox 827 1595 845 1628; x_wconf 82' lang='grc' dir='ltr'><strong>ι</strong></span> <span class='ocrx_word' id='word_1_139' title='bbox 900 1576 1029 1630; x_wconf 86' lang='grc' dir='ltr'><strong>’1δοὺ</strong></span> <span class='ocrx_word' id='word_1_140' title='bbox 1064 1578 1264 1641; x_wconf 87' lang='grc' dir='ltr'>πάντες</span> <span class='ocrx_word' id='word_1_141' title='bbox 1291 1578 1449 1649; x_wconf 82' lang='grc' dir='ltr'>ὑμεῖς</span> <span class='ocrx_word' id='word_1_142' title='bbox 1471 1579 1546 1642; x_wconf 86' lang='grc' dir='ltr'>ὡς</span> <span class='ocrx_word' id='word_1_143' title='bbox 1590 1577 1702 1650; x_wconf 88' lang='grc' dir='ltr'><strong>πῦρ</strong></span> <span class='ocrx_word' id='word_1_144' title='bbox 1735 1579 1856 1632; x_wconf 65' lang='grc' dir='ltr'>καῖε</span> 
     </span>
    </p>
   </div>
   <div class='ocr_carea' id='block_1_19' title="bbox 277 1662 1853 1740">
    <p class='ocr_par' dir='ltr' id='par_1_19' title="bbox 277 1662 1853 1740">
     <span class='ocr_line' id='line_1_19' title="bbox 277 1662 1853 1740; baseline 0.001 -20"><span class='ocrx_word' id='word_1_145' title='bbox 277 1685 388 1731; x_wconf 72' lang='grc' dir='ltr'>ετιτ,</span> <span class='ocrx_word' id='word_1_146' title='bbox 421 1687 440 1719; x_wconf 66' lang='grc' dir='ltr'><strong>ι</strong></span> <span class='ocrx_word' id='word_1_147' title='bbox 484 1669 576 1722; x_wconf 73' lang='grc' dir='ltr'>καὶ</span> <span class='ocrx_word' id='word_1_148' title='bbox 608 1668 676 1722; x_wconf 86' lang='grc' dir='ltr'><strong>τά</strong></span> <span class='ocrx_word' id='word_1_149' title='bbox 717 1668 875 1739; x_wconf 77' lang='grc' dir='ltr'>ἑξῆς·</span> <span class='ocrx_word' id='word_1_150' title='bbox 901 1670 958 1722; x_wconf 82' lang='grc' dir='ltr'><strong>ἐν</strong></span> <span class='ocrx_word' id='word_1_151' title='bbox 991 1662 1073 1732; x_wconf 74' lang='grc' dir='ltr'>οἷς</span> <span class='ocrx_word' id='word_1_152' title='bbox 1113 1669 1300 1738; x_wconf 83' lang='grc' dir='ltr'>σαφῶς</span> <span class='ocrx_word' id='word_1_153' title='bbox 1338 1670 1432 1723; x_wconf 81' lang='grc' dir='ltr'>καὶ</span> <span class='ocrx_word' id='word_1_154' title='bbox 1479 1669 1558 1722; x_wconf 87' lang='grc' dir='ltr'><strong>τό·</strong></span> <span class='ocrx_word' id='word_1_155' title='bbox 1593 1690 1612 1722; x_wconf 83' lang='grc' dir='ltr'><strong>ι</strong></span> <span class='ocrx_word' id='word_1_156' title='bbox 1652 1671 1730 1722; x_wconf 85' lang='grc' dir='ltr'><strong>Δι’</strong></span> <span class='ocrx_word' id='word_1_157' title='bbox 1753 1670 1853 1740; x_wconf 85' lang='grc' dir='ltr'>ἐμὲ</span> 
     </span>
    </p>
   </div>
   <div class='ocr_carea' id='block_1_20' title="bbox 1967 483 3501 550">
    <p class='ocr_par' dir='ltr' id='par_1_20' title="bbox 1967 483 3501 550">
     <span class='ocr_line' id='line_1_20' title="bbox 1967 483 3501 550; baseline 0 -13"><span class='ocrx_word' id='word_1_158' title='bbox 1967 483 2200 537; x_wconf 89' lang='lat' dir='ltr'><strong>innuunt</strong></span> <span class='ocrx_word' id='word_1_159' title='bbox 2224 502 2238 515; x_wconf 84' lang='lat'><strong>-</strong></span> <span class='ocrx_word' id='word_1_160' title='bbox 2278 502 2296 534; x_wconf 80' lang='grc' dir='ltr'><strong>ι</strong></span> <span class='ocrx_word' id='word_1_161' title='bbox 2333 483 2468 550; x_wconf 78' lang='lat' dir='ltr'><strong>Quis</strong></span> <span class='ocrx_word' id='word_1_162' title='bbox 2521 499 2586 538; x_wconf 81' lang='lat' dir='ltr'><strong>ex</strong></span> <span class='ocrx_word' id='word_1_163' title='bbox 2621 483 2776 540; x_wconf 86' lang='lat' dir='ltr'><strong>vobis</strong></span> <span class='ocrx_word' id='word_1_164' title='bbox 2818 485 3018 540; x_wconf 89' lang='lat' dir='ltr'><strong>timens</strong></span> <span class='ocrx_word' id='word_1_165' title='bbox 3067 484 3400 540; x_wconf 85' lang='lat' dir='ltr'><strong>Dominum?</strong></span> <span class='ocrx_word' id='word_1_166' title='bbox 3435 503 3501 539; x_wconf 89' lang='lat' dir='ltr'><strong>au</strong></span> 
     </span>
    </p>
   </div>
   <div class='ocr_carea' id='block_1_21' title="bbox 1967 573 3532 632">
    <p class='ocr_par' dir='ltr' id='par_1_21' title="bbox 1967 573 3532 632">
     <span class='ocr_line' id='line_1_21' title="bbox 1967 573 3532 632; baseline 0.001 -2"><span class='ocrx_word' id='word_1_167' title='bbox 1967 575 2082 630; x_wconf 90' lang='lat' dir='ltr'><strong>diat</strong></span> <span class='ocrx_word' id='word_1_168' title='bbox 2132 589 2318 629; x_wconf 83' lang='lat' dir='ltr'><strong>vocem</strong></span> <span class='ocrx_word' id='word_1_169' title='bbox 2375 574 2518 629; x_wconf 86' lang='lat' dir='ltr'><strong>servi</strong></span> <span class='ocrx_word' id='word_1_170' title='bbox 2566 575 2671 629; x_wconf 87' lang='lat' dir='ltr'><strong>sui.</strong></span> <span class='ocrx_word' id='word_1_171' title='bbox 2729 594 2746 626; x_wconf 73' lang='grc' dir='ltr'><strong>ι</strong></span> <span class='ocrx_word' id='word_1_172' title='bbox 2793 573 2903 630; x_wconf 78' lang='lat' dir='ltr'><strong>Nos</strong></span> <span class='ocrx_word' id='word_1_173' title='bbox 2947 575 3090 629; x_wconf 88' lang='lat' dir='ltr'><strong>enim</strong></span> <span class='ocrx_word' id='word_1_174' title='bbox 3147 590 3274 631; x_wconf 83' lang='lat' dir='ltr'><strong>vere</strong></span> <span class='ocrx_word' id='word_1_175' title='bbox 3313 590 3532 632; x_wconf 83' lang='lat' dir='ltr'><strong>eramus</strong></span> 
     </span>
    </p>
   </div>
   <div class='ocr_carea' id='block_1_22' title="bbox 1969 665 3534 736">
    <p class='ocr_par' dir='ltr' id='par_1_22' title="bbox 1969 665 3534 736">
     <span class='ocr_line' id='line_1_22' title="bbox 1969 665 3534 736; baseline 0.002 -18"><span class='ocrx_word' id='word_1_176' title='bbox 1969 683 1988 718; x_wconf 81' lang='grc' dir='ltr'><strong>ι</strong></span> <span class='ocrx_word' id='word_1_177' title='bbox 2025 665 2366 720; x_wconf 78' lang='lat' dir='ltr'><strong>ambulantes</strong></span> <span class='ocrx_word' id='word_1_178' title='bbox 2399 667 2452 719; x_wconf 91' lang='lat' dir='ltr'><strong>in</strong></span> <span class='ocrx_word' id='word_1_179' title='bbox 2485 665 2762 732; x_wconf 81' lang='lat' dir='ltr'><strong>tenebris;</strong></span> <span class='ocrx_word' id='word_1_180' title='bbox 2799 685 2817 718; x_wconf 81' lang='grc'><strong>›</strong></span> <span class='ocrx_word' id='word_1_181' title='bbox 2852 682 3028 736; x_wconf 88' lang='lat' dir='ltr'><strong>neque</strong></span> <span class='ocrx_word' id='word_1_182' title='bbox 3082 677 3201 722; x_wconf 91' lang='lat' dir='ltr'><strong>erat</strong></span> <span class='ocrx_word' id='word_1_183' title='bbox 3248 668 3408 723; x_wconf 91' lang='lat' dir='ltr'><strong>nobis</strong></span> <span class='ocrx_word' id='word_1_184' title='bbox 3451 669 3534 722; x_wconf 90' lang='lat' dir='ltr'><strong>lu-</strong></span> 
     </span>
    </p>
   </div>
   <div class='ocr_carea' id='block_1_23' title="bbox 1963 755 3533 823">
    <p class='ocr_par' dir='ltr' id='par_1_23' title="bbox 1963 755 3533 823">
     <span class='ocr_line' id='line_1_23' title="bbox 1963 755 3533 823; baseline 0.003 -14"><span class='ocrx_word' id='word_1_185' title='bbox 1963 771 2088 810; x_wconf 88' lang='lat' dir='ltr'><strong>men</strong></span> <span class='ocrx_word' id='word_1_186' title='bbox 2120 767 2245 812; x_wconf 89' lang='lat' dir='ltr'><strong>ante</strong></span> <span class='ocrx_word' id='word_1_187' title='bbox 2289 755 2589 810; x_wconf 86' lang='lat' dir='ltr'><strong>Salvatoris</strong></span> <span class='ocrx_word' id='word_1_188' title='bbox 2640 756 2813 811; x_wconf 90' lang='lat' dir='ltr'><strong>nostri</strong></span> <span class='ocrx_word' id='word_1_189' title='bbox 2864 757 3196 823; x_wconf 79' lang='lat' dir='ltr'><strong>adventum;</strong></span> <span class='ocrx_word' id='word_1_190' title='bbox 3235 757 3330 814; x_wconf 83' lang='lat' dir='ltr'><strong>sed</strong></span> <span class='ocrx_word' id='word_1_191' title='bbox 3383 775 3533 814; x_wconf 88' lang='lat' dir='ltr'><strong>nunc</strong></span> 
     </span>
    </p>
   </div>
   <div class='ocr_carea' id='block_1_24' title="bbox 1963 833 3533 917">
    <p class='ocr_par' dir='ltr' id='par_1_24' title="bbox 1963 833 3533 917">
     <span class='ocr_line' id='line_1_24' title="bbox 1963 833 3533 917; baseline 0.003 -17"><span class='ocrx_word' id='word_1_192' title='bbox 1963 847 2056 903; x_wconf 94' lang='lat' dir='ltr'><strong>Dei</strong></span> <span class='ocrx_word' id='word_1_193' title='bbox 2091 850 2264 917; x_wconf 87' lang='lat' dir='ltr'><strong>gratia</strong></span> <span class='ocrx_word' id='word_1_194' title='bbox 2312 847 2649 902; x_wconf 82' lang='lat' dir='ltr'><strong>credidimus</strong></span> <span class='ocrx_word' id='word_1_195' title='bbox 2701 848 2756 902; x_wconf 91' lang='lat' dir='ltr'><strong>in</strong></span> <span class='ocrx_word' id='word_1_196' title='bbox 2800 849 3022 904; x_wconf 89' lang='lat' dir='ltr'><strong>nomine</strong></span> <span class='ocrx_word' id='word_1_197' title='bbox 3051 848 3288 912; x_wconf 90' lang='lat' dir='ltr'><strong>Domini,</strong></span> <span class='ocrx_word' id='word_1_198' title='bbox 3314 833 3384 904; x_wconf 85' lang='lat' dir='ltr'><strong>et</strong></span> <span class='ocrx_word' id='word_1_199' title='bbox 3420 845 3533 904; x_wconf 89' lang='lat' dir='ltr'><strong>Deo</strong></span> 
     </span>
    </p>
   </div>
   <div class='ocr_carea' id='block_1_25' title="bbox 1961 939 3531 1012">
    <p class='ocr_par' dir='ltr' id='par_1_25' title="bbox 1961 939 3531 1012">
     <span class='ocr_line' id='line_1_25' title="bbox 1961 939 3531 1012; baseline -0.001 -16"><span class='ocrx_word' id='word_1_200' title='bbox 1961 942 2322 996; x_wconf 78' lang='lat' dir='ltr'><strong>adhaeremus.</strong></span> <span class='ocrx_word' id='word_1_201' title='bbox 2379 939 2501 995; x_wconf 89' lang='lat' dir='ltr'><strong>lstis</strong></span> <span class='ocrx_word' id='word_1_202' title='bbox 2534 956 2664 995; x_wconf 86' lang='lat' dir='ltr'><strong>vero</strong></span> <span class='ocrx_word' id='word_1_203' title='bbox 2701 942 2794 1012; x_wconf 87' lang='lat' dir='ltr'><strong>qui</strong></span> <span class='ocrx_word' id='word_1_204' title='bbox 2824 957 2933 996; x_wconf 91' lang='lat' dir='ltr'><strong>non</strong></span> <span class='ocrx_word' id='word_1_205' title='bbox 2963 943 3017 996; x_wconf 88' lang='lat' dir='ltr'><strong>iu</strong></span> <span class='ocrx_word' id='word_1_206' title='bbox 3047 943 3324 997; x_wconf 85' lang='lat' dir='ltr'><strong>Christum</strong></span> <span class='ocrx_word' id='word_1_207' title='bbox 3350 941 3531 997; x_wconf 87' lang='lat' dir='ltr'><strong>credi-</strong></span> 
     </span>
    </p>
   </div>
   <div class='ocr_carea' id='block_1_26' title="bbox 1961 1029 3536 1100">
    <p class='ocr_par' dir='ltr' id='par_1_26' title="bbox 1961 1029 3536 1100">
     <span class='ocr_line' id='line_1_26' title="bbox 1961 1029 3536 1100; baseline -0.001 -14"><span class='ocrx_word' id='word_1_208' title='bbox 1961 1032 2178 1094; x_wconf 87' lang='lat' dir='ltr'><strong>derunt,</strong></span> <span class='ocrx_word' id='word_1_209' title='bbox 2210 1031 2408 1100; x_wconf 86' lang='lat' dir='ltr'><strong>quibus</strong></span> <span class='ocrx_word' id='word_1_210' title='bbox 2443 1038 2495 1085; x_wconf 91' lang='lat' dir='ltr'><strong>et</strong></span> <span class='ocrx_word' id='word_1_211' title='bbox 2519 1030 2771 1099; x_wconf 84' lang='lat' dir='ltr'><strong>superius</strong></span> <span class='ocrx_word' id='word_1_212' title='bbox 2794 1031 3000 1086; x_wconf 85' lang='lat' dir='ltr'><strong>dictum</strong></span> <span class='ocrx_word' id='word_1_213' title='bbox 3031 1037 3114 1085; x_wconf 91' lang='lat' dir='ltr'><strong>est</strong></span> <span class='ocrx_word' id='word_1_214' title='bbox 3143 1048 3155 1082; x_wconf 92' lang='lat'>:</span> <span class='ocrx_word' id='word_1_215' title='bbox 3187 1049 3204 1080; x_wconf 81' lang='grc' dir='ltr'><strong>ι</strong></span> <span class='ocrx_word' id='word_1_216' title='bbox 3248 1029 3388 1085; x_wconf 87' lang='lat' dir='ltr'><strong>Ecce</strong></span> <span class='ocrx_word' id='word_1_217' title='bbox 3415 1045 3536 1084; x_wconf 90' lang='lat' dir='ltr'><strong>om-</strong></span> 
     </span>
    </p>
   </div>
   <div class='ocr_carea' id='block_1_27' title="bbox 1963 1122 3533 1193">
    <p class='ocr_par' dir='ltr' id='par_1_27' title="bbox 1963 1122 3533 1193">
     <span class='ocr_line' id='line_1_27' title="bbox 1963 1122 3533 1193; baseline -0.002 -15"><span class='ocrx_word' id='word_1_218' title='bbox 1963 1140 2060 1178; x_wconf 76' lang='lat' dir='ltr'><strong>nes</strong></span> <span class='ocrx_word' id='word_1_219' title='bbox 2093 1139 2186 1179; x_wconf 89' lang='lat' dir='ltr'><strong>vos</strong></span> <span class='ocrx_word' id='word_1_220' title='bbox 2234 1124 2390 1193; x_wconf 83' lang='lat' dir='ltr'><strong>quasi</strong></span> <span class='ocrx_word' id='word_1_221' title='bbox 2423 1125 2810 1187; x_wconf 86' lang='lat' dir='ltr'><strong>vestimentum</strong></span> <span class='ocrx_word' id='word_1_222' title='bbox 2859 1123 3145 1178; x_wconf 78' lang='lat' dir='ltr'><strong>inveterati</strong></span> <span class='ocrx_word' id='word_1_223' title='bbox 3168 1122 3343 1186; x_wconf 88' lang='lat' dir='ltr'><strong>eritis,</strong></span> <span class='ocrx_word' id='word_1_224' title='bbox 3376 1131 3429 1178; x_wconf 90' lang='lat' dir='ltr'><strong>et</strong></span> <span class='ocrx_word' id='word_1_225' title='bbox 3461 1122 3533 1176; x_wconf 90' lang='lat' dir='ltr'><strong>ti-</strong></span> 
     </span>
    </p>
   </div>
   <div class='ocr_carea' id='block_1_28' title="bbox 1961 1213 3533 1283">
    <p class='ocr_par' dir='ltr' id='par_1_28' title="bbox 1961 1213 3533 1283">
     <span class='ocr_line' id='line_1_28' title="bbox 1961 1213 3533 1283; baseline -0.001 -13"><span class='ocrx_word' id='word_1_226' title='bbox 1961 1231 2061 1270; x_wconf 81' lang='lat' dir='ltr'><strong>nea</strong></span> <span class='ocrx_word' id='word_1_227' title='bbox 2099 1217 2346 1269; x_wconf 90' lang='lat' dir='ltr'><strong>comedet</strong></span> <span class='ocrx_word' id='word_1_228' title='bbox 2387 1232 2504 1278; x_wconf 87' lang='lat' dir='ltr'><strong>vos,</strong></span> <span class='ocrx_word' id='word_1_229' title='bbox 2551 1215 2793 1283; x_wconf 66' lang='lat' dir='ltr'><strong>radjicit</strong></span> <span class='ocrx_word' id='word_1_230' title='bbox 2843 1229 3022 1269; x_wconf 86' lang='lat' dir='ltr'><strong>sermo</strong></span> <span class='ocrx_word' id='word_1_231' title='bbox 3071 1213 3306 1269; x_wconf 88' lang='lat' dir='ltr'><strong>dicens:</strong></span> <span class='ocrx_word' id='word_1_232' title='bbox 3337 1233 3356 1265; x_wconf 72' lang='lat' dir='ltr'><strong>c</strong></span> <span class='ocrx_word' id='word_1_233' title='bbox 3387 1213 3533 1268; x_wconf 87' lang='lat' dir='ltr'><strong>Ecce</strong></span> 
     </span>
    </p>
   </div>
   <div class='ocr_carea' id='block_1_29' title="bbox 1960 1302 3536 1377">
    <p class='ocr_par' dir='ltr' id='par_1_29' title="bbox 1960 1302 3536 1377">
     <span class='ocr_line' id='line_1_29' title="bbox 1960 1302 3536 1377; baseline 0.001 -19"><span class='ocrx_word' id='word_1_234' title='bbox 1960 1321 2148 1360; x_wconf 84' lang='lat' dir='ltr'><strong>omnes</strong></span> <span class='ocrx_word' id='word_1_235' title='bbox 2183 1321 2278 1361; x_wconf 90' lang='lat' dir='ltr'><strong>vos</strong></span> <span class='ocrx_word' id='word_1_236' title='bbox 2311 1307 2486 1377; x_wconf 88' lang='lat' dir='ltr'><strong>ignem</strong></span> <span class='ocrx_word' id='word_1_237' title='bbox 2520 1304 2831 1369; x_wconf 87' lang='lat' dir='ltr'><strong>incenditis,</strong></span> <span class='ocrx_word' id='word_1_238' title='bbox 2860 1328 2878 1357; x_wconf 76' lang='grc' dir='ltr'><strong>ι</strong></span> <span class='ocrx_word' id='word_1_239' title='bbox 2918 1312 2971 1360; x_wconf 89' lang='lat' dir='ltr'><strong>et</strong></span> <span class='ocrx_word' id='word_1_240' title='bbox 3000 1305 3226 1374; x_wconf 89' lang='lat' dir='ltr'><strong>reliqua.</strong></span> <span class='ocrx_word' id='word_1_241' title='bbox 3251 1302 3307 1358; x_wconf 88' lang='lat' dir='ltr'><strong>In</strong></span> <span class='ocrx_word' id='word_1_242' title='bbox 3335 1303 3536 1373; x_wconf 83' lang='lat' dir='ltr'><strong>quibus</strong></span> 
     </span>
    </p>
   </div>
   <div class='ocr_carea' id='block_1_30' title="bbox 1961 1394 3530 1467">
    <p class='ocr_par' dir='ltr' id='par_1_30' title="bbox 1961 1394 3530 1467">
     <span class='ocr_line' id='line_1_30' title="bbox 1961 1394 3530 1467; baseline 0.001 -19"><span class='ocrx_word' id='word_1_243' title='bbox 1961 1397 2250 1451; x_wconf 83' lang='lat' dir='ltr'><strong>manifeste</strong></span> <span class='ocrx_word' id='word_1_244' title='bbox 2277 1406 2332 1451; x_wconf 90' lang='lat' dir='ltr'><strong>et</strong></span> <span class='ocrx_word' id='word_1_245' title='bbox 2365 1398 2561 1452; x_wconf 69' lang='lat' dir='ltr'><strong>illudzc</strong></span> <span class='ocrx_word' id='word_1_246' title='bbox 2590 1397 2817 1467; x_wconf 79' lang='lat' dir='ltr'><strong>Propter</strong></span> <span class='ocrx_word' id='word_1_247' title='bbox 2850 1412 2935 1451; x_wconf 91' lang='lat' dir='ltr'><strong>me</strong></span> <span class='ocrx_word' id='word_1_248' title='bbox 2970 1395 3108 1450; x_wconf 91' lang='lat' dir='ltr'><strong>facta</strong></span> <span class='ocrx_word' id='word_1_249' title='bbox 3143 1404 3270 1450; x_wconf 91' lang='lat' dir='ltr'><strong>sunt</strong></span> <span class='ocrx_word' id='word_1_250' title='bbox 3294 1394 3408 1450; x_wconf 67' lang='lat' dir='ltr'><strong>haec</strong></span> <span class='ocrx_word' id='word_1_251' title='bbox 3433 1409 3530 1449; x_wconf 86' lang='lat' dir='ltr'><strong>vo-</strong></span> 
     </span>
    </p>
   </div>
   <div class='ocr_carea' id='block_1_31' title="bbox 1959 1487 3530 1558">
    <p class='ocr_par' dir='ltr' id='par_1_31' title="bbox 1959 1487 3530 1558">
     <span class='ocr_line' id='line_1_31' title="bbox 1959 1487 3530 1558; baseline 0.001 -17"><span class='ocrx_word' id='word_1_252' title='bbox 1959 1488 2064 1548; x_wconf 89' lang='lat' dir='ltr'><strong>bis,</strong></span> <span class='ocrx_word' id='word_1_253' title='bbox 2112 1507 2130 1538; x_wconf 72' lang='grc' dir='ltr'><strong>ι</strong></span> <span class='ocrx_word' id='word_1_254' title='bbox 2162 1487 2229 1542; x_wconf 91' lang='lat' dir='ltr'><strong>de</strong></span> <span class='ocrx_word' id='word_1_255' title='bbox 2268 1503 2503 1557; x_wconf 86' lang='lat' dir='ltr'><strong>persona</strong></span> <span class='ocrx_word' id='word_1_256' title='bbox 2548 1490 2753 1544; x_wconf 90' lang='lat' dir='ltr'><strong>dicitur</strong></span> <span class='ocrx_word' id='word_1_257' title='bbox 2785 1487 2990 1543; x_wconf 85' lang='lat' dir='ltr'><strong>Christi</strong></span> <span class='ocrx_word' id='word_1_258' title='bbox 3043 1487 3388 1558; x_wconf 85' lang='lat' dir='ltr'><strong>objurgantis</strong></span> <span class='ocrx_word' id='word_1_259' title='bbox 3413 1501 3530 1550; x_wconf 90' lang='lat' dir='ltr'><strong>eos,</strong></span> 
     </span>
    </p>
   </div>
   <div class='ocr_carea' id='block_1_32' title="bbox 1959 1577 3534 1652">
    <p class='ocr_par' dir='ltr' id='par_1_32' title="bbox 1959 1577 3534 1652">
     <span class='ocr_line' id='line_1_32' title="bbox 1959 1577 3534 1652; baseline 0.003 -20"><span class='ocrx_word' id='word_1_260' title='bbox 1959 1579 2453 1649; x_wconf 72' lang='lat' dir='ltr'><strong>exprobrantisque</strong></span> <span class='ocrx_word' id='word_1_261' title='bbox 2496 1579 2694 1635; x_wconf 83' lang='lat' dir='ltr'><strong>factam</strong></span> <span class='ocrx_word' id='word_1_262' title='bbox 2729 1583 2783 1636; x_wconf 89' lang='lat' dir='ltr'><strong>in</strong></span> <span class='ocrx_word' id='word_1_263' title='bbox 2817 1581 3056 1652; x_wconf 88' lang='lat' dir='ltr'><strong>seipsum</strong></span> <span class='ocrx_word' id='word_1_264' title='bbox 3093 1577 3406 1635; x_wconf 68' lang='lat' dir='ltr'><strong>Judteorum</strong></span> <span class='ocrx_word' id='word_1_265' title='bbox 3437 1594 3534 1650; x_wconf 85' lang='lat' dir='ltr'><strong>po-</strong></span> 
     </span>
    </p>
   </div>
   <div class='ocr_carea' id='block_1_33' title="bbox 1961 1673 2629 1742">
    <p class='ocr_par' dir='ltr' id='par_1_33' title="bbox 1961 1673 2629 1742">
     <span class='ocr_line' id='line_1_33' title="bbox 1961 1673 2629 1742; baseline 0.004 -16"><span class='ocrx_word' id='word_1_266' title='bbox 1961 1673 2072 1741; x_wconf 87' lang='lat' dir='ltr'><strong>puli</strong></span> <span class='ocrx_word' id='word_1_267' title='bbox 2101 1688 2276 1742; x_wconf 64' lang='lat' dir='ltr'><strong>prazva</strong></span> <span class='ocrx_word' id='word_1_268' title='bbox 2287 1674 2629 1729; x_wconf 89' lang='lat' dir='ltr'><strong>ricationem.</strong></span> 
     </span>
    </p>
   </div>
   <div class='ocr_carea' id='block_1_34' title="bbox 275 1759 3536 1838">
    <p class='ocr_par' dir='ltr' id='par_1_34' title="bbox 275 1759 3536 1838">
     <span class='ocr_line' id='line_1_34' title="bbox 275 1759 3536 1838; baseline 0.002 -27"><span class='ocrx_word' id='word_1_269' title='bbox 275 1761 493 1826; x_wconf 83' lang='grc' dir='ltr'>ἐγενετο</span> <span class='ocrx_word' id='word_1_270' title='bbox 514 1759 685 1814; x_wconf 87' lang='grc' dir='ltr'>ταῦτα</span> <span class='ocrx_word' id='word_1_271' title='bbox 714 1763 860 1832; x_wconf 87' lang='grc' dir='ltr'>ὑμῖν,</span> <span class='ocrx_word' id='word_1_272' title='bbox 887 1781 904 1812; x_wconf 76' lang='grc' dir='ltr'><strong>ι</strong></span> <span class='ocrx_word' id='word_1_273' title='bbox 923 1762 988 1815; x_wconf 87' lang='grc' dir='ltr'><strong>ἐκ</strong></span> <span class='ocrx_word' id='word_1_274' title='bbox 1015 1761 1302 1834; x_wconf 86' lang='grc' dir='ltr'>προσώπου</span> <span class='ocrx_word' id='word_1_275' title='bbox 1327 1761 1573 1815; x_wconf 86' lang='grc' dir='ltr'>λέλεκται</span> <span class='ocrx_word' id='word_1_276' title='bbox 1600 1762 1693 1815; x_wconf 86' lang='grc' dir='ltr'><strong>τοῦ</strong></span> <span class='ocrx_word' id='word_1_277' title='bbox 1745 1763 1979 1832; x_wconf 79' lang='grc' dir='ltr'>Χριστοῦ</span> <span class='ocrx_word' id='word_1_278' title='bbox 2042 1765 2460 1832; x_wconf 81' lang='grc' dir='ltr'>ἐπονειδίζοντος</span> <span class='ocrx_word' id='word_1_279' title='bbox 2499 1768 2683 1831; x_wconf 88' lang='grc' dir='ltr'>αὑτοῖς</span> <span class='ocrx_word' id='word_1_280' title='bbox 2719 1767 2812 1820; x_wconf 72' lang='grc' dir='ltr'><strong>καὶ</strong></span> <span class='ocrx_word' id='word_1_281' title='bbox 2869 1767 3258 1838; x_wconf 85' lang='grc' dir='ltr'>ἀπελέγχοντος</span> <span class='ocrx_word' id='word_1_282' title='bbox 3312 1766 3409 1838; x_wconf 79' lang='grc' dir='ltr'>τὴν</span> <span class='ocrx_word' id='word_1_283' title='bbox 3455 1767 3536 1828; x_wconf 79' lang='grc' dir='ltr'><strong>είς</strong></span> 
     </span>
    </p>
   </div>
   <div class='ocr_carea' id='block_1_35' title="bbox 276 1853 1978 1930">
    <p class='ocr_par' dir='ltr' id='par_1_35' title="bbox 276 1853 1978 1930">
     <span class='ocr_line' id='line_1_35' title="bbox 276 1853 1978 1930; baseline 0.004 -24"><span class='ocrx_word' id='word_1_284' title='bbox 276 1853 440 1906; x_wconf 72' lang='grc' dir='ltr'>αὑ·ὺν</span> <span class='ocrx_word' id='word_1_285' title='bbox 501 1855 882 1925; x_wconf 78' lang='grc' dir='ltr'>γεγενημένην</span> <span class='ocrx_word' id='word_1_286' title='bbox 946 1855 1040 1908; x_wconf 91' lang='grc' dir='ltr'><strong>τοῦ</strong></span> <span class='ocrx_word' id='word_1_287' title='bbox 1114 1855 1376 1910; x_wconf 85' lang='grc' dir='ltr'>Ἰουδαίων</span> <span class='ocrx_word' id='word_1_288' title='bbox 1433 1856 1562 1910; x_wconf 89' lang='grc' dir='ltr'>λαοῦ</span> <span class='ocrx_word' id='word_1_289' title='bbox 1617 1859 1978 1930; x_wconf 84' lang='grc' dir='ltr'>παρανομίαν.</span> 
     </span>
    </p>
   </div>
   <div class='ocr_carea' id='block_1_36' title="bbox 776 1949 1362 2019">
    <p class='ocr_par' dir='ltr' id='par_1_36' title="bbox 776 1949 1362 2019">
     <span class='ocr_line' id='line_1_36' title="bbox 776 1949 1362 2019; baseline 0.003 -17"><span class='ocrx_word' id='word_1_290' title='bbox 776 1949 1168 2003; x_wconf 79' lang='grc' dir='ltr'><strong>ΚΕΦΑΛΑΙΟΝ</strong></span> <span class='ocrx_word' id='word_1_291' title='bbox 1201 1951 1362 2019; x_wconf 60' lang='grc' dir='ltr'>πίεται</span> 
     </span>
    </p>
   </div>
   <div class='ocr_carea' id='block_1_37' title="bbox 411 2064 1936 2140">
    <p class='ocr_par' dir='ltr' id='par_1_37' title="bbox 411 2064 1936 2140">
     <span class='ocr_line' id='line_1_37' title="bbox 411 2064 1936 2140; baseline 0.001 -20"><span class='ocrx_word' id='word_1_292' title='bbox 411 2067 550 2120; x_wconf 87' lang='grc' dir='ltr'>Τάδε</span> <span class='ocrx_word' id='word_1_293' title='bbox 579 2064 724 2134; x_wconf 82' lang='grc' dir='ltr'>λέγει</span> <span class='ocrx_word' id='word_1_294' title='bbox 753 2064 984 2136; x_wconf 83' lang='grc' dir='ltr'>Κύριος·</span> <span class='ocrx_word' id='word_1_295' title='bbox 1010 2067 1245 2138; x_wconf 83' lang='grc' dir='ltr'>Δι’ὑμᾶς</span> <span class='ocrx_word' id='word_1_296' title='bbox 1261 2067 1348 2120; x_wconf 86' lang='grc' dir='ltr'><strong>διά</strong></span> <span class='ocrx_word' id='word_1_297' title='bbox 1372 2070 1572 2132; x_wconf 86' lang='grc' dir='ltr'>παντὸς</span> <span class='ocrx_word' id='word_1_298' title='bbox 1597 2069 1658 2122; x_wconf 81' lang='grc' dir='ltr'><strong>τὸ</strong></span> <span class='ocrx_word' id='word_1_299' title='bbox 1688 2068 1858 2140; x_wconf 74' lang='grc' dir='ltr'>ὄνομά</span> <span class='ocrx_word' id='word_1_300' title='bbox 1926 2097 1936 2105; x_wconf 92' lang='grc'>·</span> 
     </span>
    </p>
   </div>
   <div class='ocr_carea' id='block_1_38' title="bbox 279 2157 1856 2228">
    <p class='ocr_par' dir='ltr' id='par_1_38' title="bbox 279 2157 1856 2228">
     <span class='ocr_line' id='line_1_38' title="bbox 279 2157 1856 2228; baseline 0.003 -18"><span class='ocrx_word' id='word_1_301' title='bbox 279 2175 350 2228; x_wconf 89' lang='grc' dir='ltr'><strong>μο</strong></span> <span class='ocrx_word' id='word_1_302' title='bbox 368 2179 384 2210; x_wconf 85' lang='grc'><em>›</em></span> <span class='ocrx_word' id='word_1_303' title='bbox 421 2157 816 2228; x_wconf 81' lang='grc' dir='ltr'>βλασφημεῖται</span> <span class='ocrx_word' id='word_1_304' title='bbox 846 2159 902 2210; x_wconf 81' lang='grc' dir='ltr'><strong>ἐν</strong></span> <span class='ocrx_word' id='word_1_305' title='bbox 927 2160 1038 2222; x_wconf 86' lang='grc' dir='ltr'>τοῖς</span> <span class='ocrx_word' id='word_1_306' title='bbox 1066 2157 1261 2212; x_wconf 82' lang='grc' dir='ltr'>ἔθνεσι·</span> <span class='ocrx_word' id='word_1_307' title='bbox 1289 2159 1376 2212; x_wconf 78' lang='grc' dir='ltr'>διὰ</span> <span class='ocrx_word' id='word_1_308' title='bbox 1405 2159 1562 2213; x_wconf 89' lang='grc' dir='ltr'>τοῦτο</span> <span class='ocrx_word' id='word_1_309' title='bbox 1591 2160 1856 2228; x_wconf 84' lang='grc' dir='ltr'>γνώσεται</span> 
     </span>
    </p>
   </div>
   <div class='ocr_carea' id='block_1_39' title="bbox 271 2249 1856 2326">
    <p class='ocr_par' dir='ltr' id='par_1_39' title="bbox 271 2249 1856 2326">
     <span class='ocr_line' id='line_1_39' title="bbox 271 2249 1856 2326; baseline 0.001 -22"><span class='ocrx_word' id='word_1_310' title='bbox 271 2254 300 2304; x_wconf 92' lang='lat'><strong>6</strong></span> <span class='ocrx_word' id='word_1_311' title='bbox 339 2250 468 2314; x_wconf 82' lang='grc' dir='ltr'>’.αός</span> <span class='ocrx_word' id='word_1_312' title='bbox 524 2268 622 2321; x_wconf 87' lang='grc' dir='ltr'><strong>μου</strong></span> <span class='ocrx_word' id='word_1_313' title='bbox 676 2250 736 2302; x_wconf 80' lang='grc' dir='ltr'>τὸ</span> <span class='ocrx_word' id='word_1_314' title='bbox 765 2249 933 2320; x_wconf 75' lang='grc' dir='ltr'>ὄνομά</span> <span class='ocrx_word' id='word_1_315' title='bbox 965 2268 1065 2320; x_wconf 88' lang='grc' dir='ltr'><strong>μου</strong></span> <span class='ocrx_word' id='word_1_316' title='bbox 1089 2269 1101 2280; x_wconf 91' lang='grc'><strong>·</strong></span> <span class='ocrx_word' id='word_1_317' title='bbox 1163 2250 1251 2305; x_wconf 79' lang='grc' dir='ltr'>διὰ</span> <span class='ocrx_word' id='word_1_318' title='bbox 1291 2251 1446 2306; x_wconf 90' lang='grc' dir='ltr'>τοῦτο</span> <span class='ocrx_word' id='word_1_319' title='bbox 1493 2254 1550 2306; x_wconf 84' lang='grc' dir='ltr'><strong>ὲν</strong></span> <span class='ocrx_word' id='word_1_320' title='bbox 1579 2257 1643 2324; x_wconf 81' lang='grc' dir='ltr'><strong>τῇ</strong></span> <span class='ocrx_word' id='word_1_321' title='bbox 1673 2254 1856 2326; x_wconf 75' lang='grc' dir='ltr'>ἡμέρα</span> 
     </span>
    </p>
   </div>
   <div class='ocr_carea' id='block_1_40' title="bbox 272 2343 1854 2421">
    <p class='ocr_par' dir='ltr' id='par_1_40' title="bbox 272 2343 1854 2421">
     <span class='ocr_line' id='line_1_40' title="bbox 272 2343 1854 2421; baseline 0.005 -25"><span class='ocrx_word' id='word_1_322' title='bbox 272 2345 485 2415; x_wconf 56' lang='grc' dir='ltr'>ἐκείνῃ,</span> <span class='ocrx_word' id='word_1_323' title='bbox 524 2346 604 2398; x_wconf 82' lang='grc' dir='ltr'>ὅτι</span> <span class='ocrx_word' id='word_1_324' title='bbox 635 2343 743 2413; x_wconf 80' lang='grc' dir='ltr'>ἐγώ</span> <span class='ocrx_word' id='word_1_325' title='bbox 776 2345 890 2416; x_wconf 81' lang='grc' dir='ltr'>είμι</span> <span class='ocrx_word' id='word_1_326' title='bbox 914 2345 1073 2409; x_wconf 78' lang='grc' dir='ltr'>αὐτὸς</span> <span class='ocrx_word' id='word_1_327' title='bbox 1104 2347 1132 2398; x_wconf 88' lang='lat'><strong>6</strong></span> <span class='ocrx_word' id='word_1_328' title='bbox 1160 2346 1357 2410; x_wconf 86' lang='grc' dir='ltr'>λαλῶν,</span> <span class='ocrx_word' id='word_1_329' title='bbox 1385 2347 1613 2419; x_wconf 87' lang='grc' dir='ltr'>πάρειμι</span> <span class='ocrx_word' id='word_1_330' title='bbox 1635 2349 1710 2413; x_wconf 85' lang='grc' dir='ltr'>ὠς</span> <span class='ocrx_word' id='word_1_331' title='bbox 1737 2349 1854 2421; x_wconf 85' lang='grc' dir='ltr'>ὥρα</span> 
     </span>
    </p>
   </div>
   <div class='ocr_carea' id='block_1_41' title="bbox 275 2435 1853 2511">
    <p class='ocr_par' dir='ltr' id='par_1_41' title="bbox 275 2435 1853 2511">
     <span class='ocr_line' id='line_1_41' title="bbox 275 2435 1853 2511; baseline 0.004 -23"><span class='ocrx_word' id='word_1_332' title='bbox 275 2436 367 2489; x_wconf 63' lang='grc' dir='ltr'><strong>ἐπὶ</strong></span> <span class='ocrx_word' id='word_1_333' title='bbox 393 2436 501 2488; x_wconf 87' lang='grc' dir='ltr'><strong>τῶν</strong></span> <span class='ocrx_word' id='word_1_334' title='bbox 519 2435 712 2508; x_wconf 82' lang='grc' dir='ltr'>ὀρέων,</span> <span class='ocrx_word' id='word_1_335' title='bbox 743 2436 820 2501; x_wconf 86' lang='grc' dir='ltr'>ὡς</span> <span class='ocrx_word' id='word_1_336' title='bbox 851 2437 1006 2501; x_wconf 84' lang='grc' dir='ltr'>πόδες</span> <span class='ocrx_word' id='word_1_337' title='bbox 1057 2438 1537 2510; x_wconf 78' lang='grc' dir='ltr'>εὐαγγελιζομένου</span> <span class='ocrx_word' id='word_1_338' title='bbox 1573 2441 1741 2511; x_wconf 78' lang='grc' dir='ltr'>ἀκοὴν</span> <span class='ocrx_word' id='word_1_339' title='bbox 1775 2443 1853 2494; x_wconf 85' lang='grc' dir='ltr'><strong>εξ-</strong></span> 
     </span>
    </p>
   </div>
   <div class='ocr_carea' id='block_1_42' title="bbox 273 2527 1852 2604">
    <p class='ocr_par' dir='ltr' id='par_1_42' title="bbox 273 2527 1852 2604">
     <span class='ocr_line' id='line_1_42' title="bbox 273 2527 1852 2604; baseline -0.006 -11"><span class='ocrx_word' id='word_1_340' title='bbox 273 2527 466 2599; x_wconf 76' lang='grc' dir='ltr'>ρὴνης,</span> <span class='ocrx_word' id='word_1_341' title='bbox 526 2528 600 2592; x_wconf 81' lang='grc' dir='ltr'>ὡς</span> <span class='ocrx_word' id='word_1_342' title='bbox 660 2528 1140 2599; x_wconf 78' lang='grc' dir='ltr'>εὐαγγελιζόμενος</span> <span class='ocrx_word' id='word_1_343' title='bbox 1191 2529 1369 2598; x_wconf 87' lang='grc' dir='ltr'>ἀγαθά</span> <span class='ocrx_word' id='word_1_344' title='bbox 1398 2571 1412 2594; x_wconf 90' lang='grc'><strong>,</strong></span> <span class='ocrx_word' id='word_1_345' title='bbox 1450 2532 1531 2585; x_wconf 83' lang='grc' dir='ltr'><strong>ὅτι</strong></span> <span class='ocrx_word' id='word_1_346' title='bbox 1583 2531 1852 2604; x_wconf 80' lang='grc' dir='ltr'>ἀκουστὴν</span> 
     </span>
    </p>
   </div>
   <div class='ocr_carea' id='block_1_43' title="bbox 271 2620 1852 2694">
    <p class='ocr_par' dir='ltr' id='par_1_43' title="bbox 271 2620 1852 2694">
     <span class='ocr_line' id='line_1_43' title="bbox 271 2620 1852 2694; baseline 0.002 -21"><span class='ocrx_word' id='word_1_347' title='bbox 271 2622 484 2692; x_wconf 82' lang='grc' dir='ltr'>ποιήσω</span> <span class='ocrx_word' id='word_1_348' title='bbox 505 2620 604 2692; x_wconf 79' lang='grc' dir='ltr'>τὴν</span> <span class='ocrx_word' id='word_1_349' title='bbox 633 2620 905 2690; x_wconf 76' lang='grc' dir='ltr'>σωτηρίαν</span> <span class='ocrx_word' id='word_1_350' title='bbox 951 2637 1064 2684; x_wconf 87' lang='grc' dir='ltr'>σου,</span> <span class='ocrx_word' id='word_1_351' title='bbox 1099 2621 1271 2689; x_wconf 88' lang='grc' dir='ltr'>λέγων</span> <span class='ocrx_word' id='word_1_352' title='bbox 1299 2638 1313 2652; x_wconf 93' lang='grc'><strong>·</strong></span> <span class='ocrx_word' id='word_1_353' title='bbox 1353 2621 1511 2687; x_wconf 86' lang='grc' dir='ltr'>Σιὼν,</span> <span class='ocrx_word' id='word_1_354' title='bbox 1545 2623 1852 2694; x_wconf 82' lang='grc' dir='ltr'>βασιλεύσει</span> 
     </span>
    </p>
   </div>
   <div class='ocr_carea' id='block_1_44' title="bbox 272 2712 1854 2786">
    <p class='ocr_par' dir='ltr' id='par_1_44' title="bbox 272 2712 1854 2786">
     <span class='ocr_line' id='line_1_44' title="bbox 272 2712 1854 2786; baseline 0.002 -19"><span class='ocrx_word' id='word_1_355' title='bbox 272 2731 369 2767; x_wconf 91' lang='grc' dir='ltr'><strong>σου</strong></span> <span class='ocrx_word' id='word_1_356' title='bbox 395 2715 424 2766; x_wconf 90' lang='lat'><strong>6</strong></span> <span class='ocrx_word' id='word_1_357' title='bbox 446 2714 594 2778; x_wconf 86' lang='grc' dir='ltr'>Θεός.</span> <span class='ocrx_word' id='word_1_358' title='bbox 635 2734 653 2766; x_wconf 73' lang='grc' dir='ltr'><strong>ι</strong></span> <span class='ocrx_word' id='word_1_359' title='bbox 689 2713 798 2766; x_wconf 72' lang='lat' dir='ltr'><strong>Kal.</strong></span> <span class='ocrx_word' id='word_1_360' title='bbox 829 2712 968 2782; x_wconf 77' lang='grc' dir='ltr'>αὕτη</span> <span class='ocrx_word' id='word_1_361' title='bbox 1012 2715 1105 2768; x_wconf 74' lang='grc' dir='ltr'>ἐπὶ</span> <span class='ocrx_word' id='word_1_362' title='bbox 1132 2713 1222 2766; x_wconf 79' lang='grc' dir='ltr'><strong>τὸν</strong></span> <span class='ocrx_word' id='word_1_363' title='bbox 1246 2715 1473 2786; x_wconf 82' lang='grc' dir='ltr'>Σωτῆρα</span> <span class='ocrx_word' id='word_1_364' title='bbox 1510 2716 1854 2785; x_wconf 79' lang='grc' dir='ltr'>εὐλογώτατα</span> 
     </span>
    </p>
   </div>
   <div class='ocr_carea' id='block_1_45' title="bbox 268 2807 1851 2880">
    <p class='ocr_par' dir='ltr' id='par_1_45' title="bbox 268 2807 1851 2880">
     <span class='ocr_line' id='line_1_45' title="bbox 268 2807 1851 2880; baseline 0.002 -19"><span class='ocrx_word' id='word_1_365' title='bbox 268 2807 502 2877; x_wconf 77' lang='grc' dir='ltr'>ἁρμόζοι</span> <span class='ocrx_word' id='word_1_366' title='bbox 537 2808 604 2861; x_wconf 82' lang='grc' dir='ltr'>ἂν</span> <span class='ocrx_word' id='word_1_367' title='bbox 647 2809 679 2877; x_wconf 86' lang='grc' dir='ltr'>ὴ</span> <span class='ocrx_word' id='word_1_368' title='bbox 734 2807 1072 2879; x_wconf 78' lang='grc' dir='ltr'>προφητεία,</span> <span class='ocrx_word' id='word_1_369' title='bbox 1112 2807 1202 2860; x_wconf 74' lang='grc' dir='ltr'>ἐπὶ</span> <span class='ocrx_word' id='word_1_370' title='bbox 1233 2809 1332 2880; x_wconf 87' lang='grc' dir='ltr'><strong>τῆς</strong></span> <span class='ocrx_word' id='word_1_371' title='bbox 1365 2809 1657 2880; x_wconf 76' lang='grc' dir='ltr'>ἐπιδημίας</span> <span class='ocrx_word' id='word_1_372' title='bbox 1686 2811 1851 2866; x_wconf 86' lang='grc' dir='ltr'>αὑτοῦ</span> 
     </span>
    </p>
   </div>
   <div class='ocr_carea' id='block_1_46' title="bbox 269 2897 1856 2972">
    <p class='ocr_par' dir='ltr' id='par_1_46' title="bbox 269 2897 1856 2972">
     <span class='ocr_line' id='line_1_46' title="bbox 269 2897 1856 2972; baseline 0.004 -22"><span class='ocrx_word' id='word_1_373' title='bbox 269 2897 649 2969; x_wconf 83' lang='grc' dir='ltr'>πληρωθέντος</span> <span class='ocrx_word' id='word_1_374' title='bbox 687 2899 801 2952; x_wconf 89' lang='grc' dir='ltr'>τοῦ·</span> <span class='ocrx_word' id='word_1_375' title='bbox 840 2920 858 2951; x_wconf 80' lang='grc' dir='ltr'><strong>ι</strong></span> <span class='ocrx_word' id='word_1_376' title='bbox 903 2900 1155 2968; x_wconf 83' lang='grc' dir='ltr'>ὐτιέγὼ</span> <span class='ocrx_word' id='word_1_377' title='bbox 1195 2900 1258 2968; x_wconf 78' lang='lat' dir='ltr'><strong>(f.</strong></span> <span class='ocrx_word' id='word_1_378' title='bbox 1315 2901 1402 2968; x_wconf 81' lang='grc'><strong>56)</strong></span> <span class='ocrx_word' id='word_1_379' title='bbox 1450 2904 1586 2972; x_wconf 88' lang='grc' dir='ltr'>είμι,</span> <span class='ocrx_word' id='word_1_380' title='bbox 1630 2903 1790 2966; x_wconf 83' lang='grc' dir='ltr'>αὑτὸς</span> <span class='ocrx_word' id='word_1_381' title='bbox 1827 2905 1856 2956; x_wconf 90' lang='lat'><strong>6</strong></span> 
     </span>
    </p>
   </div>
   <div class='ocr_carea' id='block_1_47' title="bbox 268 2987 1853 3066">
    <p class='ocr_par' dir='ltr' id='par_1_47' title="bbox 268 2987 1853 3066">
     <span class='ocr_line' id='line_1_47' title="bbox 268 2987 1853 3066; baseline 0.003 -23"><span class='ocrx_word' id='word_1_382' title='bbox 268 2991 446 3044; x_wconf 79' lang='grc' dir='ltr'>λαλῶν</span> <span class='ocrx_word' id='word_1_383' title='bbox 473 2992 720 3063; x_wconf 84' lang='grc' dir='ltr'>πάρειμι.</span> <span class='ocrx_word' id='word_1_384' title='bbox 755 3012 773 3044; x_wconf 76' lang='grc' dir='ltr'><strong>ι</strong></span> <span class='ocrx_word' id='word_1_385' title='bbox 807 2991 896 3062; x_wconf 80' lang='grc' dir='ltr'>Τῷ</span> <span class='ocrx_word' id='word_1_386' title='bbox 935 2992 1033 3064; x_wconf 82' lang='grc' dir='ltr'><strong>μὲν</strong></span> <span class='ocrx_word' id='word_1_387' title='bbox 1060 2987 1152 3045; x_wconf 77' lang='grc' dir='ltr'><strong>οῦν</strong></span> <span class='ocrx_word' id='word_1_388' title='bbox 1175 2992 1422 3065; x_wconf 81' lang='grc' dir='ltr'>προτέρῳ</span> <span class='ocrx_word' id='word_1_389' title='bbox 1445 2993 1558 3064; x_wconf 85' lang='grc' dir='ltr'><strong>λαῷ</strong></span> <span class='ocrx_word' id='word_1_390' title='bbox 1581 2995 1660 3054; x_wconf 86' lang='grc' dir='ltr'><strong>είς</strong></span> <span class='ocrx_word' id='word_1_391' title='bbox 1687 2997 1853 3066; x_wconf 87' lang='grc' dir='ltr'>πρόσ-</span> 
     </span>
    </p>
   </div>
   <div class='ocr_carea' id='block_1_48' title="bbox 267 3081 1853 3154">
    <p class='ocr_par' dir='ltr' id='par_1_48' title="bbox 267 3081 1853 3154">
     <span class='ocr_line' id='line_1_48' title="bbox 267 3081 1853 3154; baseline 0.003 -20"><span class='ocrx_word' id='word_1_392' title='bbox 267 3100 420 3136; x_wconf 85' lang='grc' dir='ltr'>ωπον</span> <span class='ocrx_word' id='word_1_393' title='bbox 477 3083 688 3154; x_wconf 73' lang='grc' dir='ltr'>εἴρηται</span> <span class='ocrx_word' id='word_1_394' title='bbox 743 3083 812 3136; x_wconf 85' lang='grc' dir='ltr'><strong>τά</strong></span> <span class='ocrx_word' id='word_1_395' title='bbox 851 3085 957 3137; x_wconf 79' lang='grc' dir='ltr'><strong>ἀπὸ</strong></span> <span class='ocrx_word' id='word_1_396' title='bbox 979 3081 1095 3136; x_wconf 88' lang='grc' dir='ltr'>τοῦ·</span> <span class='ocrx_word' id='word_1_397' title='bbox 1143 3102 1161 3134; x_wconf 79' lang='grc' dir='ltr'><strong>ι</strong></span> <span class='ocrx_word' id='word_1_398' title='bbox 1187 3086 1262 3137; x_wconf 84' lang='grc' dir='ltr'><strong>Δι’</strong></span> <span class='ocrx_word' id='word_1_399' title='bbox 1286 3085 1428 3154; x_wconf 79' lang='grc' dir='ltr'>ὑμᾶς</span> <span class='ocrx_word' id='word_1_400' title='bbox 1465 3085 1550 3138; x_wconf 76' lang='grc' dir='ltr'>διὰ</span> <span class='ocrx_word' id='word_1_401' title='bbox 1574 3087 1772 3148; x_wconf 79' lang='grc' dir='ltr'>παντὸς</span> <span class='ocrx_word' id='word_1_402' title='bbox 1794 3087 1853 3139; x_wconf 85' lang='grc' dir='ltr'><strong>τὸ</strong></span> 
     </span>
    </p>
   </div>
   <div class='ocr_carea' id='block_1_49' title="bbox 264 3173 1854 3246">
    <p class='ocr_par' dir='ltr' id='par_1_49' title="bbox 264 3173 1854 3246">
     <span class='ocr_line' id='line_1_49' title="bbox 264 3173 1854 3246; baseline 0.001 -20"><span class='ocrx_word' id='word_1_403' title='bbox 264 3173 443 3245; x_wconf 73' lang='grc' dir='ltr'>δνομὰ</span> <span class='ocrx_word' id='word_1_404' title='bbox 474 3192 573 3244; x_wconf 88' lang='grc' dir='ltr'><strong>μου</strong></span> <span class='ocrx_word' id='word_1_405' title='bbox 612 3174 1008 3246; x_wconf 76' lang='grc' dir='ltr'>βλασφημεῖται</span> <span class='ocrx_word' id='word_1_406' title='bbox 1045 3176 1238 3239; x_wconf 81' lang='grc' dir='ltr'>ἐντοῖς</span> <span class='ocrx_word' id='word_1_407' title='bbox 1273 3175 1446 3228; x_wconf 76' lang='grc' dir='ltr'>ἔθνεσι</span> <span class='ocrx_word' id='word_1_408' title='bbox 1467 3193 1480 3206; x_wconf 91' lang='grc'><strong>·</strong></span> <span class='ocrx_word' id='word_1_409' title='bbox 1517 3195 1534 3226; x_wconf 76' lang='grc' dir='ltr'><strong>ι</strong></span> <span class='ocrx_word' id='word_1_410' title='bbox 1571 3176 1636 3228; x_wconf 86' lang='grc' dir='ltr'><strong>τά</strong></span> <span class='ocrx_word' id='word_1_411' title='bbox 1673 3176 1717 3228; x_wconf 77' lang='grc' dir='ltr'>δ’</span> <span class='ocrx_word' id='word_1_412' title='bbox 1747 3176 1854 3229; x_wconf 79' lang='grc' dir='ltr'><strong>ἀπὸ</strong></span> 
     </span>
    </p>
   </div>
   <div class='ocr_carea' id='block_1_50' title="bbox 2486 1956 2978 2014">
    <p class='ocr_par' dir='ltr' id='par_1_50' title="bbox 2486 1956 2978 2014">
     <span class='ocr_line' id='line_1_50' title="bbox 2486 1956 2978 2014; baseline -0.002 0"><span class='ocrx_word' id='word_1_413' title='bbox 2486 1956 2714 2014; x_wconf 73' lang='lat' dir='ltr'><strong>CAPUT</strong></span> <span class='ocrx_word' id='word_1_414' title='bbox 2784 1956 2978 2014; x_wconf 71' lang='lat' dir='ltr'><strong>XXVI.</strong></span> 
     </span>
    </p>
   </div>
   <div class='ocr_carea' id='block_1_51' title="bbox 2035 2067 3534 2139">
    <p class='ocr_par' dir='ltr' id='par_1_51' title="bbox 2035 2067 3534 2139">
     <span class='ocr_line' id='line_1_51' title="bbox 2035 2067 3534 2139; baseline 0 -17"><span class='ocrx_word' id='word_1_415' title='bbox 2035 2089 2054 2122; x_wconf 77' lang='grc' dir='ltr'><strong>ι</strong></span> <span class='ocrx_word' id='word_1_416' title='bbox 2129 2069 2253 2125; x_wconf 75' lang='grc' dir='ltr'>Ηςιιε</span> <span class='ocrx_word' id='word_1_417' title='bbox 2307 2070 2440 2125; x_wconf 87' lang='lat' dir='ltr'><strong>dicit</strong></span> <span class='ocrx_word' id='word_1_418' title='bbox 2490 2069 2758 2124; x_wconf 89' lang='lat' dir='ltr'><strong>Dominus</strong></span> <span class='ocrx_word' id='word_1_419' title='bbox 2812 2089 2824 2124; x_wconf 92' lang='lat'><strong>:</strong></span> <span class='ocrx_word' id='word_1_420' title='bbox 2889 2067 3121 2139; x_wconf 89' lang='lat' dir='ltr'><strong>Pr0pter</strong></span> <span class='ocrx_word' id='word_1_421' title='bbox 3167 2084 3264 2125; x_wconf 84' lang='lat' dir='ltr'><strong>vos</strong></span> <span class='ocrx_word' id='word_1_422' title='bbox 3334 2083 3534 2124; x_wconf 91' lang='lat' dir='ltr'><strong>nomen</strong></span> 
     </span>
    </p>
   </div>
   <div class='ocr_carea' id='block_1_52' title="bbox 1963 2159 3536 2232">
    <p class='ocr_par' dir='ltr' id='par_1_52' title="bbox 1963 2159 3536 2232">
     <span class='ocr_line' id='line_1_52' title="bbox 1963 2159 3536 2232; baseline -0.001 -16"><span class='ocrx_word' id='word_1_423' title='bbox 1963 2177 2140 2216; x_wconf 90' lang='lat' dir='ltr'><strong>meum</strong></span> <span class='ocrx_word' id='word_1_424' title='bbox 2177 2161 2590 2231; x_wconf 78' lang='lat' dir='ltr'><strong>blasphematur</strong></span> <span class='ocrx_word' id='word_1_425' title='bbox 2619 2161 2674 2214; x_wconf 92' lang='lat' dir='ltr'><strong>in</strong></span> <span class='ocrx_word' id='word_1_426' title='bbox 2696 2160 2948 2232; x_wconf 72' lang='lat' dir='ltr'><strong>gentibus</strong></span> <span class='ocrx_word' id='word_1_427' title='bbox 2975 2180 2987 2214; x_wconf 89' lang='lat'><strong>:</strong></span> <span class='ocrx_word' id='word_1_428' title='bbox 3011 2159 3219 2214; x_wconf 91' lang='lat' dir='ltr'><strong>idcirco</strong></span> <span class='ocrx_word' id='word_1_429' title='bbox 3243 2167 3536 2229; x_wconf 80' lang='lat' dir='ltr'><strong>cognoscet</strong></span> 
     </span>
    </p>
   </div>
   <div class='ocr_carea' id='block_1_53' title="bbox 1961 2237 3531 2322">
    <p class='ocr_par' dir='ltr' id='par_1_53' title="bbox 1961 2237 3531 2322">
     <span class='ocr_line' id='line_1_53' title="bbox 1961 2237 3531 2322; baseline -0.001 -18"><span class='ocrx_word' id='word_1_430' title='bbox 1961 2253 2194 2322; x_wconf 91' lang='lat' dir='ltr'><strong>populus</strong></span> <span class='ocrx_word' id='word_1_431' title='bbox 2249 2267 2401 2306; x_wconf 89' lang='lat' dir='ltr'><strong>meus</strong></span> <span class='ocrx_word' id='word_1_432' title='bbox 2447 2267 2645 2307; x_wconf 89' lang='lat' dir='ltr'><strong>nomen</strong></span> <span class='ocrx_word' id='word_1_433' title='bbox 2697 2237 3154 2318; x_wconf 55' lang='lat' dir='ltr'><strong>meumfidcirco</strong></span> <span class='ocrx_word' id='word_1_434' title='bbox 3199 2253 3254 2305; x_wconf 90' lang='lat' dir='ltr'><strong>in</strong></span> <span class='ocrx_word' id='word_1_435' title='bbox 3302 2251 3389 2306; x_wconf 89' lang='lat' dir='ltr'><strong>die</strong></span> <span class='ocrx_word' id='word_1_436' title='bbox 3419 2251 3531 2316; x_wconf 90' lang='lat' dir='ltr'><strong>illa,</strong></span> 
     </span>
    </p>
   </div>
   <div class='ocr_carea' id='block_1_54' title="bbox 1957 2341 3533 2412">
    <p class='ocr_par' dir='ltr' id='par_1_54' title="bbox 1957 2341 3533 2412">
     <span class='ocr_line' id='line_1_54' title="bbox 1957 2341 3533 2412; baseline -0.001 -16"><span class='ocrx_word' id='word_1_437' title='bbox 1957 2342 2103 2412; x_wconf 87' lang='lat' dir='ltr'><strong>qttod</strong></span> <span class='ocrx_word' id='word_1_438' title='bbox 2134 2358 2233 2412; x_wconf 88' lang='lat' dir='ltr'><strong>ego</strong></span> <span class='ocrx_word' id='word_1_439' title='bbox 2269 2357 2410 2408; x_wconf 88' lang='lat' dir='ltr'><strong>sum,</strong></span> <span class='ocrx_word' id='word_1_440' title='bbox 2445 2341 2562 2412; x_wconf 92' lang='lat' dir='ltr'><strong>ipse</strong></span> <span class='ocrx_word' id='word_1_441' title='bbox 2607 2342 2698 2412; x_wconf 90' lang='lat' dir='ltr'><strong>qui</strong></span> <span class='ocrx_word' id='word_1_442' title='bbox 2732 2342 2945 2412; x_wconf 87' lang='lat' dir='ltr'><strong>loquor,</strong></span> <span class='ocrx_word' id='word_1_443' title='bbox 2983 2341 3176 2396; x_wconf 87' lang='lat' dir='ltr'><strong>adsum</strong></span> <span class='ocrx_word' id='word_1_444' title='bbox 3235 2349 3292 2396; x_wconf 91' lang='lat' dir='ltr'><strong>ut</strong></span> <span class='ocrx_word' id='word_1_445' title='bbox 3327 2341 3533 2396; x_wconf 88' lang='lat' dir='ltr'><strong>formo-</strong></span> 
     </span>
    </p>
   </div>
   <div class='ocr_carea' id='block_1_55' title="bbox 1957 2433 3527 2505">
    <p class='ocr_par' dir='ltr' id='par_1_55' title="bbox 1957 2433 3527 2505">
     <span class='ocr_line' id='line_1_55' title="bbox 1957 2433 3527 2505; baseline -0.001 -15"><span class='ocrx_word' id='word_1_446' title='bbox 1957 2435 2094 2490; x_wconf 90' lang='lat' dir='ltr'><strong>sitas</strong></span> <span class='ocrx_word' id='word_1_447' title='bbox 2130 2435 2184 2488; x_wconf 93' lang='lat' dir='ltr'><strong>in</strong></span> <span class='ocrx_word' id='word_1_448' title='bbox 2215 2434 2514 2500; x_wconf 88' lang='lat' dir='ltr'><strong>montibus,</strong></span> <span class='ocrx_word' id='word_1_449' title='bbox 2541 2443 2599 2488; x_wconf 92' lang='lat' dir='ltr'><strong>ut</strong></span> <span class='ocrx_word' id='word_1_450' title='bbox 2628 2434 2792 2505; x_wconf 85' lang='lat' dir='ltr'><strong>pedes</strong></span> <span class='ocrx_word' id='word_1_451' title='bbox 2812 2433 3244 2505; x_wconf 85' lang='lat' dir='ltr'><strong>evangelizantis</strong></span> <span class='ocrx_word' id='word_1_452' title='bbox 3277 2435 3527 2488; x_wconf 89' lang='lat' dir='ltr'><strong>auditum</strong></span> 
     </span>
    </p>
   </div>
   <div class='ocr_carea' id='block_1_56' title="bbox 1956 2525 3530 2598">
    <p class='ocr_par' dir='ltr' id='par_1_56' title="bbox 1956 2525 3530 2598">
     <span class='ocr_line' id='line_1_56' title="bbox 1956 2525 3530 2598; baseline -0.001 -18"><span class='ocrx_word' id='word_1_453' title='bbox 1956 2527 2128 2598; x_wconf 88' lang='lat' dir='ltr'><strong>pacis,</strong></span> <span class='ocrx_word' id='word_1_454' title='bbox 2154 2535 2213 2582; x_wconf 87' lang='lat' dir='ltr'><strong>ut</strong></span> <span class='ocrx_word' id='word_1_455' title='bbox 2233 2527 2563 2598; x_wconf 89' lang='lat' dir='ltr'><strong>quinuntiat</strong></span> <span class='ocrx_word' id='word_1_456' title='bbox 2590 2528 2762 2591; x_wconf 82' lang='lat' dir='ltr'><strong>bona,</strong></span> <span class='ocrx_word' id='word_1_457' title='bbox 2789 2527 3047 2598; x_wconf 88' lang='lat' dir='ltr'><strong>quoniam</strong></span> <span class='ocrx_word' id='word_1_458' title='bbox 3064 2526 3300 2580; x_wconf 85' lang='lat' dir='ltr'><strong>auditam</strong></span> <span class='ocrx_word' id='word_1_459' title='bbox 3336 2525 3530 2578; x_wconf 88' lang='lat' dir='ltr'><strong>faciam</strong></span> 
     </span>
    </p>
   </div>
   <div class='ocr_carea' id='block_1_57' title="bbox 1959 2617 3525 2685">
    <p class='ocr_par' dir='ltr' id='par_1_57' title="bbox 1959 2617 3525 2685">
     <span class='ocr_line' id='line_1_57' title="bbox 1959 2617 3525 2685; baseline -0.003 -13"><span class='ocrx_word' id='word_1_460' title='bbox 1959 2621 2187 2674; x_wconf 87' lang='lat' dir='ltr'><strong>salutem</strong></span> <span class='ocrx_word' id='word_1_461' title='bbox 2229 2629 2394 2685; x_wconf 89' lang='lat' dir='ltr'><strong>tuam,</strong></span> <span class='ocrx_word' id='word_1_462' title='bbox 2428 2621 2618 2675; x_wconf 88' lang='lat' dir='ltr'><strong>dicens</strong></span> <span class='ocrx_word' id='word_1_463' title='bbox 2652 2640 2666 2674; x_wconf 89' lang='lat'><strong>:</strong></span> <span class='ocrx_word' id='word_1_464' title='bbox 2699 2619 2852 2682; x_wconf 91' lang='lat' dir='ltr'><strong>Sion,</strong></span> <span class='ocrx_word' id='word_1_465' title='bbox 2878 2635 2974 2674; x_wconf 82' lang='lat' dir='ltr'><strong>rex</strong></span> <span class='ocrx_word' id='word_1_466' title='bbox 3009 2627 3136 2674; x_wconf 92' lang='lat' dir='ltr'><strong>tuus</strong></span> <span class='ocrx_word' id='word_1_467' title='bbox 3161 2619 3265 2674; x_wconf 91' lang='lat' dir='ltr'><strong>erit</strong></span> <span class='ocrx_word' id='word_1_468' title='bbox 3292 2617 3525 2673; x_wconf 64' lang='lat' dir='ltr'><strong>Deus‘.»</strong></span> 
     </span>
    </p>
   </div>
   <div class='ocr_carea' id='block_1_58' title="bbox 1957 2710 3533 2783">
    <p class='ocr_par' dir='ltr' id='par_1_58' title="bbox 1957 2710 3533 2783">
     <span class='ocr_line' id='line_1_58' title="bbox 1957 2710 3533 2783; baseline -0.003 -17"><span class='ocrx_word' id='word_1_469' title='bbox 1957 2712 2082 2767; x_wconf 65' lang='lat' dir='ltr'><strong>Haac</strong></span> <span class='ocrx_word' id='word_1_470' title='bbox 2104 2729 2320 2783; x_wconf 88' lang='lat' dir='ltr'><strong>quoque</strong></span> <span class='ocrx_word' id='word_1_471' title='bbox 2353 2713 2637 2783; x_wconf 89' lang='lat' dir='ltr'><strong>aptissime</strong></span> <span class='ocrx_word' id='word_1_472' title='bbox 2672 2713 2739 2767; x_wconf 88' lang='lat' dir='ltr'><strong>ad</strong></span> <span class='ocrx_word' id='word_1_473' title='bbox 2775 2713 3111 2768; x_wconf 87' lang='lat' dir='ltr'><strong>Salvatorem</strong></span> <span class='ocrx_word' id='word_1_474' title='bbox 3137 2710 3372 2767; x_wconf 81' lang='lat' dir='ltr'><strong>refertur</strong></span> <span class='ocrx_word' id='word_1_475' title='bbox 3406 2711 3533 2774; x_wconf 88' lang='lat' dir='ltr'><strong>pro-</strong></span> 
     </span>
    </p>
   </div>
   <div class='ocr_carea' id='block_1_59' title="bbox 1955 2799 3528 2876">
    <p class='ocr_par' dir='ltr' id='par_1_59' title="bbox 1955 2799 3528 2876">
     <span class='ocr_line' id='line_1_59' title="bbox 1955 2799 3528 2876; baseline -0.003 -16"><span class='ocrx_word' id='word_1_476' title='bbox 1955 2806 2160 2876; x_wconf 87' lang='lat' dir='ltr'><strong>phetia,</strong></span> <span class='ocrx_word' id='word_1_477' title='bbox 2187 2806 2346 2875; x_wconf 88' lang='lat' dir='ltr'><strong>cujus</strong></span> <span class='ocrx_word' id='word_1_478' title='bbox 2371 2821 2469 2874; x_wconf 88' lang='lat' dir='ltr'><strong>per</strong></span> <span class='ocrx_word' id='word_1_479' title='bbox 2487 2805 2920 2860; x_wconf 88' lang='lat' dir='ltr'><strong>incarnationem</strong></span> <span class='ocrx_word' id='word_1_480' title='bbox 2953 2804 3233 2874; x_wconf 89' lang='lat' dir='ltr'><strong>impletum</strong></span> <span class='ocrx_word' id='word_1_481' title='bbox 3252 2811 3334 2858; x_wconf 90' lang='lat' dir='ltr'><strong>est</strong></span> <span class='ocrx_word' id='word_1_482' title='bbox 3359 2799 3489 2856; x_wconf 85' lang='lat' dir='ltr'><strong>illud</strong></span> <span class='ocrx_word' id='word_1_483' title='bbox 3512 2819 3528 2856; x_wconf 88' lang='lat'><strong>:</strong></span> 
     </span>
    </p>
   </div>
   <div class='ocr_carea' id='block_1_60' title="bbox 1964 2891 3534 2968">
    <p class='ocr_par' dir='ltr' id='par_1_60' title="bbox 1964 2891 3534 2968">
     <span class='ocr_line' id='line_1_60' title="bbox 1964 2891 3534 2968; baseline -0.002 -20"><span class='ocrx_word' id='word_1_484' title='bbox 1964 2917 1982 2948; x_wconf 74' lang='grc' dir='ltr'><strong>ι</strong></span> <span class='ocrx_word' id='word_1_485' title='bbox 2021 2896 2130 2968; x_wconf 86' lang='lat' dir='ltr'><strong>Ego</strong></span> <span class='ocrx_word' id='word_1_486' title='bbox 2160 2912 2304 2960; x_wconf 91' lang='lat' dir='ltr'><strong>sum,</strong></span> <span class='ocrx_word' id='word_1_487' title='bbox 2339 2897 2458 2965; x_wconf 86' lang='lat' dir='ltr'><strong>ipse</strong></span> <span class='ocrx_word' id='word_1_488' title='bbox 2501 2897 2591 2965; x_wconf 87' lang='lat' dir='ltr'><strong>qui</strong></span> <span class='ocrx_word' id='word_1_489' title='bbox 2627 2896 2822 2964; x_wconf 91' lang='lat' dir='ltr'><strong>loquor</strong></span> <span class='ocrx_word' id='word_1_490' title='bbox 2850 2894 3062 2948; x_wconf 90' lang='lat' dir='ltr'><strong>adsum.</strong></span> <span class='ocrx_word' id='word_1_491' title='bbox 3101 2912 3119 2944; x_wconf 79' lang='grc' dir='ltr'><strong>ι</strong></span> <span class='ocrx_word' id='word_1_492' title='bbox 3151 2891 3327 2946; x_wconf 86' lang='lat' dir='ltr'><strong>Priori</strong></span> <span class='ocrx_word' id='word_1_493' title='bbox 3366 2892 3534 2961; x_wconf 78' lang='lat' dir='ltr'><strong>igitur</strong></span> 
     </span>
    </p>
   </div>
   <div class='ocr_carea' id='block_1_61' title="bbox 1955 2985 3532 3059">
    <p class='ocr_par' dir='ltr' id='par_1_61' title="bbox 1955 2985 3532 3059">
     <span class='ocr_line' id='line_1_61' title="bbox 1955 2985 3532 3059; baseline -0.003 -17"><span class='ocrx_word' id='word_1_494' title='bbox 1955 2988 2156 3058; x_wconf 90' lang='lat' dir='ltr'><strong>populo</strong></span> <span class='ocrx_word' id='word_1_495' title='bbox 2181 3004 2279 3058; x_wconf 87' lang='lat' dir='ltr'><strong>per</strong></span> <span class='ocrx_word' id='word_1_496' title='bbox 2313 2987 2540 3059; x_wconf 75' lang='lat' dir='ltr'><strong>figuram</strong></span> <span class='ocrx_word' id='word_1_497' title='bbox 2574 2987 2776 3043; x_wconf 88' lang='lat' dir='ltr'><strong>dicitur</strong></span> <span class='ocrx_word' id='word_1_498' title='bbox 2819 3005 2831 3040; x_wconf 92' lang='lat'><strong>:</strong></span> <span class='ocrx_word' id='word_1_499' title='bbox 2872 3005 2890 3037; x_wconf 83' lang='grc' dir='ltr'><strong>ι</strong></span> <span class='ocrx_word' id='word_1_500' title='bbox 2922 2985 3155 3056; x_wconf 84' lang='lat' dir='ltr'><strong>PrOpter</strong></span> <span class='ocrx_word' id='word_1_501' title='bbox 3187 3000 3286 3039; x_wconf 87' lang='lat' dir='ltr'><strong>vos</strong></span> <span class='ocrx_word' id='word_1_502' title='bbox 3335 3000 3532 3039; x_wconf 89' lang='lat' dir='ltr'><strong>nomen</strong></span> 
     </span>
    </p>
   </div>
   <div class='ocr_carea' id='block_1_62' title="bbox 1956 3075 3531 3149">
    <p class='ocr_par' dir='ltr' id='par_1_62' title="bbox 1956 3075 3531 3149">
     <span class='ocr_line' id='line_1_62' title="bbox 1956 3075 3531 3149; baseline -0.002 -16"><span class='ocrx_word' id='word_1_503' title='bbox 1956 3095 2136 3136; x_wconf 84' lang='lat' dir='ltr'><strong>meum</strong></span> <span class='ocrx_word' id='word_1_504' title='bbox 2167 3079 2580 3149; x_wconf 88' lang='lat' dir='ltr'><strong>blasphematur</strong></span> <span class='ocrx_word' id='word_1_505' title='bbox 2615 3081 2668 3133; x_wconf 92' lang='lat' dir='ltr'><strong>in</strong></span> <span class='ocrx_word' id='word_1_506' title='bbox 2709 3079 2981 3149; x_wconf 84' lang='lat' dir='ltr'><strong>gentibus,</strong></span> <span class='ocrx_word' id='word_1_507' title='bbox 3024 3097 3040 3129; x_wconf 75' lang='grc' dir='ltr'><strong>ι</strong></span> <span class='ocrx_word' id='word_1_508' title='bbox 3080 3084 3370 3133; x_wconf 70' lang='grc' dir='ltr'>οῑςωιετίι.</span> <span class='ocrx_word' id='word_1_509' title='bbox 3395 3075 3531 3131; x_wconf 56' lang='lat' dir='ltr'><strong>Huic</strong></span> 
     </span>
    </p>
   </div>
   <div class='ocr_carea' id='block_1_63' title="bbox 1955 3171 3532 3242">
    <p class='ocr_par' dir='ltr' id='par_1_63' title="bbox 1955 3171 3532 3242">
     <span class='ocr_line' id='line_1_63' title="bbox 1955 3171 3532 3242; baseline -0.003 -16"><span class='ocrx_word' id='word_1_510' title='bbox 1955 3189 2085 3228; x_wconf 85' lang='lat' dir='ltr'><strong>vero</strong></span> <span class='ocrx_word' id='word_1_511' title='bbox 2115 3190 2128 3225; x_wconf 90' lang='lat'><strong>:</strong></span> <span class='ocrx_word' id='word_1_512' title='bbox 2163 3191 2180 3223; x_wconf 77' lang='grc' dir='ltr'><strong>ι</strong></span> <span class='ocrx_word' id='word_1_513' title='bbox 2217 3171 2342 3226; x_wconf 89' lang='lat' dir='ltr'><strong>Ideo</strong></span> <span class='ocrx_word' id='word_1_514' title='bbox 2377 3181 2669 3242; x_wconf 82' lang='lat' dir='ltr'><strong>cognoscet</strong></span> <span class='ocrx_word' id='word_1_515' title='bbox 2695 3172 2925 3242; x_wconf 87' lang='lat' dir='ltr'><strong>populus</strong></span> <span class='ocrx_word' id='word_1_516' title='bbox 2951 3187 3103 3226; x_wconf 89' lang='lat' dir='ltr'><strong>meus</strong></span> <span class='ocrx_word' id='word_1_517' title='bbox 3128 3185 3325 3224; x_wconf 86' lang='lat' dir='ltr'><strong>nomen</strong></span> <span class='ocrx_word' id='word_1_518' title='bbox 3351 3185 3532 3223; x_wconf 87' lang='lat' dir='ltr'><strong>meum</strong></span> 
     </span>
    </p>
   </div>
   <div class='ocr_carea' id='block_1_64' title="bbox 266 3259 1852 3364">
    <p class='ocr_par' dir='ltr' id='par_1_64' title="bbox 266 3267 1850 3340">
     <span class='ocr_line' id='line_1_64' title="bbox 266 3267 1850 3340; baseline -0.001 -18"><span class='ocrx_word' id='word_1_519' title='bbox 266 3269 386 3324; x_wconf 62' lang='grc' dir='ltr'>τοῦ·</span> <span class='ocrx_word' id='word_1_520' title='bbox 434 3288 451 3320; x_wconf 83' lang='grc' dir='ltr'><strong>ι</strong></span> <span class='ocrx_word' id='word_1_521' title='bbox 485 3269 580 3322; x_wconf 81' lang='grc' dir='ltr'>Διά</span> <span class='ocrx_word' id='word_1_522' title='bbox 601 3268 1053 3338; x_wconf 86' lang='grc' dir='ltr'>τοῦτο’γνώσεται</span> <span class='ocrx_word' id='word_1_523' title='bbox 1077 3269 1104 3320; x_wconf 93' lang='lat'><strong>6</strong></span> <span class='ocrx_word' id='word_1_524' title='bbox 1121 3269 1248 3332; x_wconf 85' lang='grc' dir='ltr'>λαός</span> <span class='ocrx_word' id='word_1_525' title='bbox 1267 3286 1367 3339; x_wconf 90' lang='grc' dir='ltr'><strong>μου</strong></span> <span class='ocrx_word' id='word_1_526' title='bbox 1396 3269 1454 3322; x_wconf 87' lang='grc' dir='ltr'><strong>τὸ</strong></span> <span class='ocrx_word' id='word_1_527' title='bbox 1479 3267 1650 3339; x_wconf 72' lang='grc' dir='ltr'>ὄνομά</span> <span class='ocrx_word' id='word_1_528' title='bbox 1666 3285 1764 3340; x_wconf 86' lang='grc' dir='ltr'><strong>μου</strong></span> <span class='ocrx_word' id='word_1_529' title='bbox 1794 3270 1850 3321; x_wconf 80' lang='grc' dir='ltr'><strong>ἐν</strong></span> 
     </span>
    </p>
   </div>
   <div class='ocr_carea' id='block_1_65' title="bbox 1957 3259 3532 3364">
    <p class='ocr_par' dir='ltr' id='par_1_65' title="bbox 1958 3259 3532 3332">
     <span class='ocr_line' id='line_1_65' title="bbox 1958 3259 3532 3332; baseline -0.003 -16"><span class='ocrx_word' id='word_1_530' title='bbox 1958 3263 2012 3316; x_wconf 92' lang='lat' dir='ltr'><strong>in</strong></span> <span class='ocrx_word' id='word_1_531' title='bbox 2039 3263 2126 3318; x_wconf 89' lang='lat' dir='ltr'><strong>die</strong></span> <span class='ocrx_word' id='word_1_532' title='bbox 2157 3263 2271 3324; x_wconf 89' lang='lat' dir='ltr'><strong>illa,</strong></span> <span class='ocrx_word' id='word_1_533' title='bbox 2313 3281 2330 3312; x_wconf 74' lang='grc' dir='ltr'><strong>ι</strong></span> <span class='ocrx_word' id='word_1_534' title='bbox 2360 3261 2428 3316; x_wconf 90' lang='lat' dir='ltr'><strong>de</strong></span> <span class='ocrx_word' id='word_1_535' title='bbox 2466 3263 2719 3332; x_wconf 79' lang='lat' dir='ltr'><strong>gentibus</strong></span> <span class='ocrx_word' id='word_1_536' title='bbox 2767 3278 2889 3332; x_wconf 65' lang='lat' dir='ltr'><strong>qua!</strong></span> <span class='ocrx_word' id='word_1_537' title='bbox 2939 3263 2994 3317; x_wconf 89' lang='lat' dir='ltr'><strong>iu</strong></span> <span class='ocrx_word' id='word_1_538' title='bbox 3019 3277 3141 3317; x_wconf 92' lang='lat' dir='ltr'><strong>eum</strong></span> <span class='ocrx_word' id='word_1_539' title='bbox 3181 3259 3532 3316; x_wconf 89' lang='lat' dir='ltr'><strong>crediderunt</strong></span> 
     </span>
    </p>
   </div>
   <div class='ocr_carea' id='block_1_66' title="bbox 267 3359 1849 3433">
    <p class='ocr_par' dir='ltr' id='par_1_66' title="bbox 267 3359 1849 3433">
     <span class='ocr_line' id='line_1_66' title="bbox 267 3359 1849 3433; baseline -0.011 0"><span class='ocrx_word' id='word_1_540' title='bbox 267 3361 335 3430; x_wconf 62' lang='grc' dir='ltr'><strong>τῇ</strong></span> <span class='ocrx_word' id='word_1_541' title='bbox 360 3359 542 3431; x_wconf 65' lang='grc' dir='ltr'><strong>ἡμέρᾳ</strong></span> <span class='ocrx_word' id='word_1_542' title='bbox 569 3360 770 3431; x_wconf 64' lang='grc' dir='ltr'>ἐκείνην</span> <span class='ocrx_word' id='word_1_543' title='bbox 811 3380 829 3412; x_wconf 74' lang='grc' dir='ltr'><strong>ι</strong></span> <span class='ocrx_word' id='word_1_544' title='bbox 859 3365 1027 3414; x_wconf 78' lang='grc' dir='ltr'>νοοῖτο</span> <span class='ocrx_word' id='word_1_545' title='bbox 1062 3363 1126 3416; x_wconf 83' lang='grc' dir='ltr'>ἂν</span> <span class='ocrx_word' id='word_1_546' title='bbox 1159 3363 1286 3433; x_wconf 74' lang='grc' dir='ltr'>περὶ</span> <span class='ocrx_word' id='word_1_547' title='bbox 1326 3363 1431 3414; x_wconf 88' lang='grc' dir='ltr'><strong>τῶν</strong></span> <span class='ocrx_word' id='word_1_548' title='bbox 1459 3365 1536 3426; x_wconf 82' lang='grc' dir='ltr'><strong>είς</strong></span> <span class='ocrx_word' id='word_1_549' title='bbox 1563 3363 1722 3417; x_wconf 75' lang='grc' dir='ltr'>αὑτὸν</span> <span class='ocrx_word' id='word_1_550' title='bbox 1755 3381 1849 3417; x_wconf 87' lang='grc' dir='ltr'>πε-</span> 
     </span>
    </p>
   </div>
   <div class='ocr_carea' id='block_1_67' title="bbox 271 3451 1847 3528">
    <p class='ocr_par' dir='ltr' id='par_1_67' title="bbox 271 3451 1847 3528">
     <span class='ocr_line' id='line_1_67' title="bbox 271 3451 1847 3528; baseline 0.003 -24"><span class='ocrx_word' id='word_1_551' title='bbox 271 3452 638 3505; x_wconf 83' lang='grc' dir='ltr'>πιστευκότων</span> <span class='ocrx_word' id='word_1_552' title='bbox 695 3453 880 3505; x_wconf 80' lang='grc' dir='ltr'>ἐθνῶν.</span> <span class='ocrx_word' id='word_1_553' title='bbox 921 3453 1094 3516; x_wconf 77' lang='grc' dir='ltr'>Αὐτὸς</span> <span class='ocrx_word' id='word_1_554' title='bbox 1117 3451 1208 3507; x_wconf 80' lang='grc' dir='ltr'><strong>οὖν</strong></span> <span class='ocrx_word' id='word_1_555' title='bbox 1239 3457 1384 3507; x_wconf 82' lang='grc' dir='ltr'>ἐστιν</span> <span class='ocrx_word' id='word_1_556' title='bbox 1410 3457 1437 3508; x_wconf 91' lang='lat'><strong>6</strong></span> <span class='ocrx_word' id='word_1_557' title='bbox 1469 3456 1847 3528; x_wconf 71' lang='grc' dir='ltr'>καὶπρότερον</span> 
     </span>
    </p>
   </div>
   <div class='ocr_carea' id='block_1_68' title="bbox 271 3542 1846 3618">
    <p class='ocr_par' dir='ltr' id='par_1_68' title="bbox 271 3542 1846 3618">
     <span class='ocr_line' id='line_1_68' title="bbox 271 3542 1846 3618; baseline 0.004 -24"><span class='ocrx_word' id='word_1_558' title='bbox 271 3544 345 3612; x_wconf 74' lang='grc' dir='ltr'><strong>πὴ</strong></span> <span class='ocrx_word' id='word_1_559' title='bbox 377 3543 473 3612; x_wconf 82' lang='grc' dir='ltr'><strong>μὲν</strong></span> <span class='ocrx_word' id='word_1_560' title='bbox 499 3542 565 3595; x_wconf 87' lang='grc' dir='ltr'>δι’</span> <span class='ocrx_word' id='word_1_561' title='bbox 599 3543 862 3612; x_wconf 84' lang='grc' dir='ltr'>ἀγγέλων,</span> <span class='ocrx_word' id='word_1_562' title='bbox 895 3544 972 3614; x_wconf 79' lang='grc' dir='ltr'><strong>πῆ</strong></span> <span class='ocrx_word' id='word_1_563' title='bbox 992 3544 1045 3597; x_wconf 81' lang='grc' dir='ltr'><strong>δέ</strong></span> <span class='ocrx_word' id='word_1_564' title='bbox 1073 3546 1165 3598; x_wconf 74' lang='grc' dir='ltr'><strong>καὶ</strong></span> <span class='ocrx_word' id='word_1_565' title='bbox 1198 3545 1283 3598; x_wconf 87' lang='grc' dir='ltr'><strong>διά</strong></span> <span class='ocrx_word' id='word_1_566' title='bbox 1313 3547 1606 3618; x_wconf 83' lang='grc' dir='ltr'>προφητῶν</span> <span class='ocrx_word' id='word_1_567' title='bbox 1638 3547 1846 3618; x_wconf 85' lang='grc' dir='ltr'>ἀνθρώ-</span> 
     </span>
    </p>
   </div>
   <div class='ocr_carea' id='block_1_69' title="bbox 271 3636 1846 3710">
    <p class='ocr_par' dir='ltr' id='par_1_69' title="bbox 271 3636 1846 3710">
     <span class='ocr_line' id='line_1_69' title="bbox 271 3636 1846 3710; baseline 0.003 -21"><span class='ocrx_word' id='word_1_568' title='bbox 271 3652 395 3698; x_wconf 80' lang='grc' dir='ltr'>ποις</span> <span class='ocrx_word' id='word_1_569' title='bbox 415 3636 706 3706; x_wconf 77' lang='grc' dir='ltr'>ὁμιλήσας·</span> <span class='ocrx_word' id='word_1_570' title='bbox 742 3636 834 3688; x_wconf 73' lang='grc' dir='ltr'><strong>καὶ</strong></span> <span class='ocrx_word' id='word_1_571' title='bbox 868 3637 1052 3707; x_wconf 83' lang='grc' dir='ltr'>μέντοι</span> <span class='ocrx_word' id='word_1_572' title='bbox 1087 3639 1324 3702; x_wconf 77' lang='grc' dir='ltr'>ἐκείνους</span> <span class='ocrx_word' id='word_1_573' title='bbox 1357 3639 1430 3709; x_wconf 78' lang='grc' dir='ltr'><strong>(ί)</strong></span> <span class='ocrx_word' id='word_1_574' title='bbox 1465 3637 1618 3704; x_wconf 77' lang='grc' dir='ltr'>αὖθις</span> <span class='ocrx_word' id='word_1_575' title='bbox 1661 3657 1846 3710; x_wconf 89' lang='grc' dir='ltr'>παρα-</span> 
     </span>
    </p>
   </div>
   <div class='ocr_carea' id='block_1_70' title="bbox 271 3727 1842 3804">
    <p class='ocr_par' dir='ltr' id='par_1_70' title="bbox 271 3727 1842 3804">
     <span class='ocr_line' id='line_1_70' title="bbox 271 3727 1842 3804; baseline 0.005 -26"><span class='ocrx_word' id='word_1_576' title='bbox 271 3727 398 3792; x_wconf 64' lang='grc' dir='ltr'>γενό</span> <span class='ocrx_word' id='word_1_577' title='bbox 407 3743 584 3794; x_wconf 88' lang='grc' dir='ltr'>μενος,</span> <span class='ocrx_word' id='word_1_578' title='bbox 605 3728 697 3780; x_wconf 78' lang='grc' dir='ltr'>καὶ</span> <span class='ocrx_word' id='word_1_579' title='bbox 714 3727 780 3780; x_wconf 80' lang='grc' dir='ltr'>δι’</span> <span class='ocrx_word' id='word_1_580' title='bbox 795 3728 986 3782; x_wconf 81' lang='grc' dir='ltr'>ἑαυτοῦ</span> <span class='ocrx_word' id='word_1_581' title='bbox 1009 3730 1106 3799; x_wconf 82' lang='grc' dir='ltr'><strong>τὴν</strong></span> <span class='ocrx_word' id='word_1_582' title='bbox 1129 3730 1404 3802; x_wconf 82' lang='grc' dir='ltr'>σωτηρίαν</span> <span class='ocrx_word' id='word_1_583' title='bbox 1431 3733 1564 3785; x_wconf 79' lang='grc' dir='ltr'>πᾶσι</span> <span class='ocrx_word' id='word_1_584' title='bbox 1580 3732 1842 3804; x_wconf 79' lang='grc' dir='ltr'>κηρύξας,</span> 
     </span>
    </p>
   </div>
   <div class='ocr_carea' id='block_1_71' title="bbox 269 3815 1700 3892">
    <p class='ocr_par' dir='ltr' id='par_1_71' title="bbox 269 3815 1700 3892">
     <span class='ocr_line' id='line_1_71' title="bbox 269 3815 1700 3892; baseline 0.004 -22"><span class='ocrx_word' id='word_1_585' title='bbox 269 3819 452 3871; x_wconf 73' lang='grc' dir='ltr'>ὁποῖον</span> <span class='ocrx_word' id='word_1_586' title='bbox 473 3815 587 3886; x_wconf 74' lang='grc' dir='ltr'>ἔχει</span> <span class='ocrx_word' id='word_1_587' title='bbox 616 3815 739 3870; x_wconf 91' lang='grc' dir='ltr'>νοῦν</span> <span class='ocrx_word' id='word_1_588' title='bbox 769 3819 796 3870; x_wconf 88' lang='lat'><strong>6</strong></span> <span class='ocrx_word' id='word_1_589' title='bbox 825 3817 1126 3889; x_wconf 84' lang='grc' dir='ltr'>φιλομαθὴς</span> <span class='ocrx_word' id='word_1_590' title='bbox 1151 3821 1451 3892; x_wconf 80' lang='grc' dir='ltr'>ἐρευνήσας</span> <span class='ocrx_word' id='word_1_591' title='bbox 1479 3821 1700 3876; x_wconf 78' lang='grc' dir='ltr'>εἴσεται.</span> 
     </span>
    </p>
   </div>
   <div class='ocr_carea' id='block_1_72' title="bbox 773 3910 1334 3967">
    <p class='ocr_par' dir='ltr' id='par_1_72' title="bbox 773 3910 1334 3967">
     <span class='ocr_line' id='line_1_72' title="bbox 773 3910 1334 3967; baseline 0.009 -6"><span class='ocrx_word' id='word_1_592' title='bbox 773 3910 1168 3963; x_wconf 72' lang='grc' dir='ltr'><strong>ΚΕΦΛΛΛΙΟΝ</strong></span> <span class='ocrx_word' id='word_1_593' title='bbox 1209 3914 1334 3967; x_wconf 82' lang='grc' dir='ltr'>ΚΖ’.</span> 
     </span>
    </p>
   </div>
   <div class='ocr_carea' id='block_1_73' title="bbox 345 4001 1846 4078">
    <p class='ocr_par' dir='ltr' id='par_1_73' title="bbox 345 4001 1846 4078">
     <span class='ocr_line' id='line_1_73' title="bbox 345 4001 1846 4078; baseline 0.007 -26"><span class='ocrx_word' id='word_1_594' title='bbox 345 4019 364 4051; x_wconf 75' lang='grc' dir='ltr'><strong>ι</strong></span> <span class='ocrx_word' id='word_1_595' title='bbox 411 4001 520 4053; x_wconf 75' lang='grc' dir='ltr'>Καὶ</span> <span class='ocrx_word' id='word_1_596' title='bbox 547 4001 883 4072; x_wconf 73' lang='grc' dir='ltr'>ἀποκαλύψει</span> <span class='ocrx_word' id='word_1_597' title='bbox 923 4003 1126 4075; x_wconf 83' lang='grc' dir='ltr'>Κύριος</span> <span class='ocrx_word' id='word_1_598' title='bbox 1170 4005 1261 4059; x_wconf 85' lang='grc' dir='ltr'><strong>τὸν</strong></span> <span class='ocrx_word' id='word_1_599' title='bbox 1289 4005 1546 4078; x_wconf 86' lang='grc' dir='ltr'>βραχίονα</span> <span class='ocrx_word' id='word_1_600' title='bbox 1571 4007 1659 4061; x_wconf 82' lang='grc' dir='ltr'><strong>τὸν</strong></span> <span class='ocrx_word' id='word_1_601' title='bbox 1693 4007 1846 4076; x_wconf 85' lang='grc' dir='ltr'>ἀγιον</span> 
     </span>
    </p>
   </div>
   <div class='ocr_carea' id='block_1_74' title="bbox 263 4091 1845 4168">
    <p class='ocr_par' dir='ltr' id='par_1_74' title="bbox 263 4091 1845 4168">
     <span class='ocr_line' id='line_1_74' title="bbox 263 4091 1845 4168; baseline 0.006 -24"><span class='ocrx_word' id='word_1_602' title='bbox 263 4091 436 4145; x_wconf 84' lang='grc' dir='ltr'>αὑτοῦ</span> <span class='ocrx_word' id='word_1_603' title='bbox 465 4092 689 4146; x_wconf 82' lang='grc' dir='ltr'>ἐνώπιον</span> <span class='ocrx_word' id='word_1_604' title='bbox 717 4095 931 4148; x_wconf 80' lang='grc' dir='ltr'>πάντων</span> <span class='ocrx_word' id='word_1_605' title='bbox 957 4096 1061 4150; x_wconf 86' lang='grc' dir='ltr'><strong>τῶν</strong></span> <span class='ocrx_word' id='word_1_606' title='bbox 1086 4096 1275 4161; x_wconf 77' lang='grc' dir='ltr'>ἐθνῶν,</span> <span class='ocrx_word' id='word_1_607' title='bbox 1307 4101 1400 4152; x_wconf 74' lang='grc' dir='ltr'><strong>καὶ</strong></span> <span class='ocrx_word' id='word_1_608' title='bbox 1429 4099 1646 4168; x_wconf 69' lang='grc' dir='ltr'>ὄψονται</span> <span class='ocrx_word' id='word_1_609' title='bbox 1673 4100 1845 4154; x_wconf 79' lang='grc' dir='ltr'>πάντα</span> 
     </span>
    </p>
   </div>
   <div class='ocr_carea' id='block_1_75' title="bbox 266 4184 1848 4266">
    <p class='ocr_par' dir='ltr' id='par_1_75' title="bbox 266 4184 1848 4266">
     <span class='ocr_line' id='line_1_75' title="bbox 266 4184 1848 4266; baseline 0.006 -30"><span class='ocrx_word' id='word_1_610' title='bbox 266 4184 336 4237; x_wconf 82' lang='grc' dir='ltr'><strong>τά</strong></span> <span class='ocrx_word' id='word_1_611' title='bbox 380 4184 505 4256; x_wconf 74' lang='grc' dir='ltr'>ἔθνη</span> <span class='ocrx_word' id='word_1_612' title='bbox 549 4184 617 4238; x_wconf 78' lang='grc' dir='ltr'>τὰ</span> <span class='ocrx_word' id='word_1_613' title='bbox 646 4186 787 4256; x_wconf 80' lang='grc' dir='ltr'>ἄκρα</span> <span class='ocrx_word' id='word_1_614' title='bbox 815 4187 914 4257; x_wconf 88' lang='grc' dir='ltr'><strong>τῆς</strong></span> <span class='ocrx_word' id='word_1_615' title='bbox 955 4189 1059 4258; x_wconf 83' lang='grc' dir='ltr'><strong>γῆς</strong></span> <span class='ocrx_word' id='word_1_616' title='bbox 1115 4191 1213 4260; x_wconf 81' lang='grc' dir='ltr'><strong>τὴν</strong></span> <span class='ocrx_word' id='word_1_617' title='bbox 1262 4192 1533 4262; x_wconf 86' lang='grc' dir='ltr'>σωτηρίαν</span> <span class='ocrx_word' id='word_1_618' title='bbox 1566 4193 1662 4263; x_wconf 82' lang='grc' dir='ltr'>τὴν</span> <span class='ocrx_word' id='word_1_619' title='bbox 1697 4193 1848 4266; x_wconf 82' lang='grc' dir='ltr'><strong>παρά</strong></span> 
     </span>
    </p>
   </div>
   <div class='ocr_carea' id='block_1_76' title="bbox 267 4277 1842 4352">
    <p class='ocr_par' dir='ltr' id='par_1_76' title="bbox 267 4277 1842 4352">
     <span class='ocr_line' id='line_1_76' title="bbox 267 4277 1842 4352; baseline 0.004 -22"><span class='ocrx_word' id='word_1_620' title='bbox 267 4277 364 4330; x_wconf 87' lang='grc' dir='ltr'><strong>τοῦ</strong></span> <span class='ocrx_word' id='word_1_621' title='bbox 410 4278 562 4331; x_wconf 86' lang='grc' dir='ltr'>Θεοῦ.</span> <span class='ocrx_word' id='word_1_622' title='bbox 601 4279 927 4350; x_wconf 81' lang='grc' dir='ltr'>Ἀπόστητε,</span> <span class='ocrx_word' id='word_1_623' title='bbox 978 4281 1272 4352; x_wconf 84' lang='grc' dir='ltr'>ἀπόστητε,</span> <span class='ocrx_word' id='word_1_624' title='bbox 1318 4279 1559 4345; x_wconf 79' lang='grc' dir='ltr'>ἐξέλθετε</span> <span class='ocrx_word' id='word_1_625' title='bbox 1617 4284 1842 4349; x_wconf 83' lang='grc' dir='ltr'>ἐκεῖθεν,</span> 
     </span>
    </p>
   </div>
   <div class='ocr_carea' id='block_1_77' title="bbox 267 4369 1842 4446">
    <p class='ocr_par' dir='ltr' id='par_1_77' title="bbox 267 4369 1842 4446">
     <span class='ocr_line' id='line_1_77' title="bbox 267 4369 1842 4446; baseline 0.002 -22"><span class='ocrx_word' id='word_1_626' title='bbox 267 4369 364 4424; x_wconf 75' lang='grc' dir='ltr'><strong>καὶ</strong></span> <span class='ocrx_word' id='word_1_627' title='bbox 396 4371 704 4442; x_wconf 77' lang='grc' dir='ltr'>ἀκαθάρτου</span> <span class='ocrx_word' id='word_1_628' title='bbox 731 4370 804 4442; x_wconf 82' lang='grc' dir='ltr'>μὴ</span> <span class='ocrx_word' id='word_1_629' title='bbox 839 4371 1074 4441; x_wconf 83' lang='grc' dir='ltr'>ἆψησοε·</span> <span class='ocrx_word' id='word_1_630' title='bbox 1100 4371 1340 4436; x_wconf 85' lang='grc' dir='ltr'>ἐξέλθετε</span> <span class='ocrx_word' id='word_1_631' title='bbox 1369 4375 1432 4426; x_wconf 84' lang='grc' dir='ltr'><strong>ἐκ</strong></span> <span class='ocrx_word' id='word_1_632' title='bbox 1460 4373 1624 4444; x_wconf 83' lang='grc' dir='ltr'>μέσου</span> <span class='ocrx_word' id='word_1_633' title='bbox 1655 4376 1842 4446; x_wconf 81' lang='grc' dir='ltr'>αὐτῆς,</span> 
     </span>
    </p>
   </div>
   <div class='ocr_carea' id='block_1_78' title="bbox 266 4462 1844 4539">
    <p class='ocr_par' dir='ltr' id='par_1_78' title="bbox 266 4462 1844 4539">
     <span class='ocr_line' id='line_1_78' title="bbox 266 4462 1844 4539; baseline 0.004 -25"><span class='ocrx_word' id='word_1_634' title='bbox 266 4463 362 4516; x_wconf 71' lang='grc' dir='ltr'>καὶ</span> <span class='ocrx_word' id='word_1_635' title='bbox 387 4462 737 4534; x_wconf 84' lang='grc' dir='ltr'>ἀφορίσθητε,</span> <span class='ocrx_word' id='word_1_636' title='bbox 773 4466 819 4516; x_wconf 77' lang='grc' dir='ltr'>οἱ</span> <span class='ocrx_word' id='word_1_637' title='bbox 861 4463 1115 4534; x_wconf 81' lang='grc' dir='ltr'>φέροντες</span> <span class='ocrx_word' id='word_1_638' title='bbox 1167 4465 1232 4517; x_wconf 75' lang='grc' dir='ltr'>τὰ</span> <span class='ocrx_word' id='word_1_639' title='bbox 1280 4465 1443 4537; x_wconf 87' lang='grc' dir='ltr'>σκεύη</span> <span class='ocrx_word' id='word_1_640' title='bbox 1499 4467 1731 4539; x_wconf 80' lang='grc' dir='ltr'>Κυρίου·</span> <span class='ocrx_word' id='word_1_641' title='bbox 1763 4469 1844 4522; x_wconf 79' lang='grc' dir='ltr'>ὅτι</span> 
     </span>
    </p>
   </div>
   <div class='ocr_carea' id='block_1_79' title="bbox 264 4554 1843 4630">
    <p class='ocr_par' dir='ltr' id='par_1_79' title="bbox 264 4554 1843 4630">
     <span class='ocr_line' id='line_1_79' title="bbox 264 4554 1843 4630; baseline -0.005 -22"><span class='ocrx_word' id='word_1_642' title='bbox 264 4554 326 4606; x_wconf 82' lang='grc' dir='ltr'><strong>οὑ</strong></span> <span class='ocrx_word' id='word_1_643' title='bbox 367 4555 502 4625; x_wconf 84' lang='grc' dir='ltr'><strong>μετά</strong></span> <span class='ocrx_word' id='word_1_644' title='bbox 538 4555 783 4628; x_wconf 76' lang='grc' dir='ltr'>ταραχῆς</span> <span class='ocrx_word' id='word_1_645' title='bbox 815 4555 1180 4620; x_wconf 79' lang='grc' dir='ltr'>ὲξελεύσεσθε,</span> <span class='ocrx_word' id='word_1_646' title='bbox 1232 4557 1352 4610; x_wconf 84' lang='grc' dir='ltr'><strong>οὑδέ</strong></span> <span class='ocrx_word' id='word_1_647' title='bbox 1393 4561 1534 4630; x_wconf 76' lang='grc' dir='ltr'>φυγῇ</span> <span class='ocrx_word' id='word_1_648' title='bbox 1581 4559 1843 4629; x_wconf 79' lang='grc' dir='ltr'>πορεύσε-</span> 
     </span>
    </p>
   </div>
   <div class='ocr_carea' id='block_1_80' title="bbox 1955 3349 3530 3425">
    <p class='ocr_par' dir='ltr' id='par_1_80' title="bbox 1955 3349 3530 3425">
     <span class='ocr_line' id='line_1_80' title="bbox 1955 3349 3530 3425; baseline -0.002 -19"><span class='ocrx_word' id='word_1_649' title='bbox 1955 3364 2189 3424; x_wconf 83' lang='lat' dir='ltr'><strong>possunt</strong></span> <span class='ocrx_word' id='word_1_650' title='bbox 2235 3353 2480 3422; x_wconf 85' lang='lat' dir='ltr'><strong>intelligi.</strong></span> <span class='ocrx_word' id='word_1_651' title='bbox 2516 3351 2636 3422; x_wconf 89' lang='lat' dir='ltr'><strong>Ipse</strong></span> <span class='ocrx_word' id='word_1_652' title='bbox 2689 3354 2853 3423; x_wconf 83' lang='lat' dir='ltr'><strong>igitur</strong></span> <span class='ocrx_word' id='word_1_653' title='bbox 2885 3361 2968 3408; x_wconf 86' lang='lat' dir='ltr'><strong>est</strong></span> <span class='ocrx_word' id='word_1_654' title='bbox 2997 3353 3088 3424; x_wconf 89' lang='lat' dir='ltr'><strong>qui</strong></span> <span class='ocrx_word' id='word_1_655' title='bbox 3124 3354 3276 3425; x_wconf 91' lang='lat' dir='ltr'><strong>prius</strong></span> <span class='ocrx_word' id='word_1_656' title='bbox 3311 3349 3530 3422; x_wconf 85' lang='lat' dir='ltr'><strong>quidem</strong></span> 
     </span>
    </p>
   </div>
   <div class='ocr_carea' id='block_1_81' title="bbox 1957 3444 3534 3517">
    <p class='ocr_par' dir='ltr' id='par_1_81' title="bbox 1957 3444 3534 3517">
     <span class='ocr_line' id='line_1_81' title="bbox 1957 3444 3534 3517; baseline -0.001 -17"><span class='ocrx_word' id='word_1_657' title='bbox 1957 3462 2052 3517; x_wconf 89' lang='lat' dir='ltr'><strong>per</strong></span> <span class='ocrx_word' id='word_1_658' title='bbox 2078 3445 2320 3516; x_wconf 84' lang='lat' dir='ltr'><strong>angelos,</strong></span> <span class='ocrx_word' id='word_1_659' title='bbox 2355 3444 2551 3499; x_wconf 85' lang='lat' dir='ltr'><strong>deinde</strong></span> <span class='ocrx_word' id='word_1_660' title='bbox 2583 3459 2680 3513; x_wconf 89' lang='lat' dir='ltr'><strong>per</strong></span> <span class='ocrx_word' id='word_1_661' title='bbox 2725 3447 3017 3515; x_wconf 84' lang='lat' dir='ltr'><strong>prophetas</strong></span> <span class='ocrx_word' id='word_1_662' title='bbox 3050 3461 3173 3499; x_wconf 92' lang='lat' dir='ltr'><strong>cum</strong></span> <span class='ocrx_word' id='word_1_663' title='bbox 3221 3445 3534 3499; x_wconf 83' lang='lat' dir='ltr'><strong>hominibus</strong></span> 
     </span>
    </p>
   </div>
   <div class='ocr_carea' id='block_1_82' title="bbox 1957 3537 3529 3608">
    <p class='ocr_par' dir='ltr' id='par_1_82' title="bbox 1957 3537 3529 3608">
     <span class='ocr_line' id='line_1_82' title="bbox 1957 3537 3529 3608; baseline -0.003 -14"><span class='ocrx_word' id='word_1_664' title='bbox 1957 3547 2320 3594; x_wconf 82' lang='lat' dir='ltr'><strong>conversatus</strong></span> <span class='ocrx_word' id='word_1_665' title='bbox 2349 3543 2455 3592; x_wconf 90' lang='lat' dir='ltr'><strong>est.</strong></span> <span class='ocrx_word' id='word_1_666' title='bbox 2501 3539 2678 3607; x_wconf 85' lang='lat' dir='ltr'><strong>Atque</strong></span> <span class='ocrx_word' id='word_1_667' title='bbox 2710 3546 2830 3606; x_wconf 88' lang='lat' dir='ltr'><strong>post</strong></span> <span class='ocrx_word' id='word_1_668' title='bbox 2869 3537 2995 3592; x_wconf 88' lang='lat' dir='ltr'><strong>illos</strong></span> <span class='ocrx_word' id='word_1_669' title='bbox 3034 3553 3228 3593; x_wconf 89' lang='lat' dir='ltr'><strong>rursus</strong></span> <span class='ocrx_word' id='word_1_670' title='bbox 3266 3553 3529 3608; x_wconf 87' lang='lat' dir='ltr'><strong>superve-</strong></span> 
     </span>
    </p>
   </div>
   <div class='ocr_carea' id='block_1_83' title="bbox 1955 3616 3527 3702">
    <p class='ocr_par' dir='ltr' id='par_1_83' title="bbox 1955 3616 3527 3702">
     <span class='ocr_line' id='line_1_83' title="bbox 1955 3616 3527 3702; baseline -0.003 -16"><span class='ocrx_word' id='word_1_671' title='bbox 1955 3632 2134 3694; x_wconf 91' lang='lat' dir='ltr'><strong>niens,</strong></span> <span class='ocrx_word' id='word_1_672' title='bbox 2168 3646 2266 3702; x_wconf 87' lang='lat' dir='ltr'><strong>per</strong></span> <span class='ocrx_word' id='word_1_673' title='bbox 2294 3645 2352 3686; x_wconf 88' lang='lat' dir='ltr'><strong>se</strong></span> <span class='ocrx_word' id='word_1_674' title='bbox 2381 3630 2555 3699; x_wconf 89' lang='lat' dir='ltr'><strong>ipsum</strong></span> <span class='ocrx_word' id='word_1_675' title='bbox 2602 3630 2831 3685; x_wconf 89' lang='lat' dir='ltr'><strong>salutem</strong></span> <span class='ocrx_word' id='word_1_676' title='bbox 2876 3628 3130 3681; x_wconf 88' lang='lat' dir='ltr'><strong>omnibus</strong></span> <span class='ocrx_word' id='word_1_677' title='bbox 3161 3616 3527 3682; x_wconf 81' lang='lat' dir='ltr'><strong>annuntiavit.</strong></span> 
     </span>
    </p>
   </div>
   <div class='ocr_carea' id='block_1_84' title="bbox 1957 3719 3529 3792">
    <p class='ocr_par' dir='ltr' id='par_1_84' title="bbox 1957 3719 3529 3792">
     <span class='ocr_line' id='line_1_84' title="bbox 1957 3719 3529 3792; baseline -0.003 -15"><span class='ocrx_word' id='word_1_678' title='bbox 1957 3726 2202 3792; x_wconf 86' lang='lat' dir='ltr'><strong>Quorum</strong></span> <span class='ocrx_word' id='word_1_679' title='bbox 2237 3739 2461 3779; x_wconf 89' lang='lat' dir='ltr'><strong>sensum</strong></span> <span class='ocrx_word' id='word_1_680' title='bbox 2503 3722 2783 3778; x_wconf 89' lang='lat' dir='ltr'><strong>studiosus</strong></span> <span class='ocrx_word' id='word_1_681' title='bbox 2819 3720 3102 3790; x_wconf 85' lang='lat' dir='ltr'><strong>indagator</strong></span> <span class='ocrx_word' id='word_1_682' title='bbox 3139 3719 3395 3788; x_wconf 81' lang='lat' dir='ltr'><strong>perfacile</strong></span> <span class='ocrx_word' id='word_1_683' title='bbox 3429 3734 3529 3773; x_wconf 82' lang='lat' dir='ltr'><strong>no-</strong></span> 
     </span>
    </p>
   </div>
   <div class='ocr_carea' id='block_1_85' title="bbox 1953 3817 2110 3872">
    <p class='ocr_par' dir='ltr' id='par_1_85' title="bbox 1953 3817 2110 3872">
     <span class='ocr_line' id='line_1_85' title="bbox 1953 3817 2110 3872; baseline -0.013 0"><span class='ocrx_word' id='word_1_684' title='bbox 1953 3817 2110 3872; x_wconf 75' lang='lat' dir='ltr'><strong>verit.</strong></span> 
     </span>
    </p>
   </div>
   <div class='ocr_carea' id='block_1_86' title="bbox 2494 3903 2976 3962">
    <p class='ocr_par' dir='ltr' id='par_1_86' title="bbox 2494 3903 2976 3962">
     <span class='ocr_line' id='line_1_86' title="bbox 2494 3903 2976 3962; baseline -0.002 -1"><span class='ocrx_word' id='word_1_685' title='bbox 2494 3905 2723 3962; x_wconf 84' lang='lat' dir='ltr'><strong>CAPUT</strong></span> <span class='ocrx_word' id='word_1_686' title='bbox 2764 3903 2976 3960; x_wconf 76' lang='lat' dir='ltr'><strong>XXV&quot;.</strong></span> 
     </span>
    </p>
   </div>
   <div class='ocr_carea' id='block_1_87' title="bbox 2032 3997 3526 4056">
    <p class='ocr_par' dir='ltr' id='par_1_87' title="bbox 2032 3997 3526 4056">
     <span class='ocr_line' id='line_1_87' title="bbox 2032 3997 3526 4056; baseline -0.003 -4"><span class='ocrx_word' id='word_1_687' title='bbox 2032 4021 2050 4052; x_wconf 73' lang='grc' dir='ltr'><strong>ι</strong></span> <span class='ocrx_word' id='word_1_688' title='bbox 2087 4000 2154 4054; x_wconf 88' lang='lat' dir='ltr'><strong>Et</strong></span> <span class='ocrx_word' id='word_1_689' title='bbox 2185 4000 2448 4056; x_wconf 86' lang='lat' dir='ltr'><strong>revelabit</strong></span> <span class='ocrx_word' id='word_1_690' title='bbox 2478 3997 2740 4052; x_wconf 88' lang='lat' dir='ltr'><strong>Dominus</strong></span> <span class='ocrx_word' id='word_1_691' title='bbox 2771 3997 3054 4052; x_wconf 86' lang='lat' dir='ltr'><strong>brachium</strong></span> <span class='ocrx_word' id='word_1_692' title='bbox 3088 4003 3335 4051; x_wconf 86' lang='lat' dir='ltr'><strong>sanctum</strong></span> <span class='ocrx_word' id='word_1_693' title='bbox 3366 4011 3526 4050; x_wconf 93' lang='lat' dir='ltr'><strong>suum</strong></span> 
     </span>
    </p>
   </div>
   <div class='ocr_carea' id='block_1_88' title="bbox 1953 4085 3528 4166">
    <p class='ocr_par' dir='ltr' id='par_1_88' title="bbox 1953 4085 3528 4166">
     <span class='ocr_line' id='line_1_88' title="bbox 1953 4085 3528 4166; baseline -0.008 -15"><span class='ocrx_word' id='word_1_694' title='bbox 1953 4097 2008 4150; x_wconf 91' lang='lat' dir='ltr'><strong>in</strong></span> <span class='ocrx_word' id='word_1_695' title='bbox 2052 4105 2350 4166; x_wconf 86' lang='lat' dir='ltr'><strong>conspectu</strong></span> <span class='ocrx_word' id='word_1_696' title='bbox 2379 4092 2622 4146; x_wconf 91' lang='lat' dir='ltr'><strong>omnium</strong></span> <span class='ocrx_word' id='word_1_697' title='bbox 2658 4091 2921 4158; x_wconf 82' lang='lat' dir='ltr'><strong>gentium,</strong></span> <span class='ocrx_word' id='word_1_698' title='bbox 2965 4096 3018 4144; x_wconf 90' lang='lat' dir='ltr'><strong>et</strong></span> <span class='ocrx_word' id='word_1_699' title='bbox 3049 4088 3313 4142; x_wconf 89' lang='lat' dir='ltr'><strong>videbunt</strong></span> <span class='ocrx_word' id='word_1_700' title='bbox 3345 4085 3528 4141; x_wconf 91' lang='lat' dir='ltr'><strong>omnia</strong></span> 
     </span>
    </p>
   </div>
   <div class='ocr_carea' id='block_1_89' title="bbox 1951 4180 3528 4246">
    <p class='ocr_par' dir='ltr' id='par_1_89' title="bbox 1951 4180 3528 4246">
     <span class='ocr_line' id='line_1_89' title="bbox 1951 4180 3528 4246; baseline -0.008 0"><span class='ocrx_word' id='word_1_701' title='bbox 1951 4201 2199 4246; x_wconf 76' lang='lat' dir='ltr'><strong>extrema</strong></span> <span class='ocrx_word' id='word_1_702' title='bbox 2230 4199 2389 4243; x_wconf 73' lang='lat' dir='ltr'><strong>terra:</strong></span> <span class='ocrx_word' id='word_1_703' title='bbox 2418 4187 2646 4240; x_wconf 86' lang='lat' dir='ltr'><strong>salutem</strong></span> <span class='ocrx_word' id='word_1_704' title='bbox 2694 4199 2722 4236; x_wconf 91' lang='lat' dir='ltr'><strong>a</strong></span> <span class='ocrx_word' id='word_1_705' title='bbox 2755 4181 2864 4237; x_wconf 88' lang='lat' dir='ltr'><strong>Deo</strong></span> <span class='ocrx_word' id='word_1_706' title='bbox 2897 4190 3105 4237; x_wconf 88' lang='lat' dir='ltr'><strong>nostro.</strong></span> <span class='ocrx_word' id='word_1_707' title='bbox 3138 4180 3413 4242; x_wconf 84' lang='lat' dir='ltr'><strong>Recedile,</strong></span> <span class='ocrx_word' id='word_1_708' title='bbox 3437 4195 3528 4234; x_wconf 80' lang='lat' dir='ltr'><strong>re-</strong></span> 
     </span>
    </p>
   </div>
   <div class='ocr_carea' id='block_1_90' title="bbox 1951 4269 3528 4346">
    <p class='ocr_par' dir='ltr' id='par_1_90' title="bbox 1951 4269 3528 4346">
     <span class='ocr_line' id='line_1_90' title="bbox 1951 4269 3528 4346; baseline -0.009 -8"><span class='ocrx_word' id='word_1_709' title='bbox 1951 4282 2151 4344; x_wconf 88' lang='lat' dir='ltr'><strong>ccdite,</strong></span> <span class='ocrx_word' id='word_1_710' title='bbox 2183 4281 2326 4336; x_wconf 80' lang='lat' dir='ltr'><strong>exite</strong></span> <span class='ocrx_word' id='word_1_711' title='bbox 2356 4279 2506 4340; x_wconf 84' lang='lat' dir='ltr'><strong>inde,</strong></span> <span class='ocrx_word' id='word_1_712' title='bbox 2541 4277 2808 4346; x_wconf 88' lang='lat' dir='ltr'><strong>pollutum</strong></span> <span class='ocrx_word' id='word_1_713' title='bbox 2826 4274 2995 4329; x_wconf 87' lang='lat' dir='ltr'><strong>nolite</strong></span> <span class='ocrx_word' id='word_1_714' title='bbox 3019 4282 3257 4343; x_wconf 87' lang='lat' dir='ltr'><strong>tangere.</strong></span> <span class='ocrx_word' id='word_1_715' title='bbox 3280 4270 3434 4325; x_wconf 87' lang='lat' dir='ltr'><strong>Exite</strong></span> <span class='ocrx_word' id='word_1_716' title='bbox 3462 4269 3528 4324; x_wconf 86' lang='lat' dir='ltr'><strong>de</strong></span> 
     </span>
    </p>
   </div>
   <div class='ocr_carea' id='block_1_91' title="bbox 1952 4362 3526 4443">
    <p class='ocr_par' dir='ltr' id='par_1_91' title="bbox 1952 4362 3526 4443">
     <span class='ocr_line' id='line_1_91' title="bbox 1952 4362 3526 4443; baseline -0.005 -14"><span class='ocrx_word' id='word_1_717' title='bbox 1952 4375 2132 4430; x_wconf 89' lang='lat' dir='ltr'><strong>medio</strong></span> <span class='ocrx_word' id='word_1_718' title='bbox 2164 4374 2304 4443; x_wconf 85' lang='lat' dir='ltr'><strong>ejus,</strong></span> <span class='ocrx_word' id='word_1_719' title='bbox 2368 4370 2706 4426; x_wconf 84' lang='lat' dir='ltr'><strong>mundamini</strong></span> <span class='ocrx_word' id='word_1_720' title='bbox 2742 4368 2836 4438; x_wconf 92' lang='lat' dir='ltr'><strong>qui</strong></span> <span class='ocrx_word' id='word_1_721' title='bbox 2893 4366 3047 4422; x_wconf 77' lang='lat' dir='ltr'><strong>fertis</strong></span> <span class='ocrx_word' id='word_1_722' title='bbox 3105 4380 3234 4420; x_wconf 86' lang='lat' dir='ltr'><strong>vasa</strong></span> <span class='ocrx_word' id='word_1_723' title='bbox 3285 4362 3526 4421; x_wconf 90' lang='lat' dir='ltr'><strong>Domini.</strong></span> 
     </span>
    </p>
   </div>
   <div class='ocr_carea' id='block_1_92' title="bbox 1951 4454 3534 4533">
    <p class='ocr_par' dir='ltr' id='par_1_92' title="bbox 1951 4454 3534 4533">
     <span class='ocr_line' id='line_1_92' title="bbox 1951 4454 3534 4533; baseline -0.009 -12"><span class='ocrx_word' id='word_1_724' title='bbox 1951 4466 2221 4533; x_wconf 84' lang='lat' dir='ltr'><strong>Quoniam</strong></span> <span class='ocrx_word' id='word_1_725' title='bbox 2253 4479 2360 4519; x_wconf 92' lang='lat' dir='ltr'><strong>non</strong></span> <span class='ocrx_word' id='word_1_726' title='bbox 2395 4463 2449 4516; x_wconf 87' lang='lat' dir='ltr'><strong>in</strong></span> <span class='ocrx_word' id='word_1_727' title='bbox 2483 4461 2719 4514; x_wconf 88' lang='lat' dir='ltr'><strong>tumultu</strong></span> <span class='ocrx_word' id='word_1_728' title='bbox 2751 4457 2997 4521; x_wconf 74' lang='lat' dir='ltr'><strong>exibitis,</strong></span> <span class='ocrx_word' id='word_1_729' title='bbox 3030 4470 3131 4512; x_wconf 90' lang='lat' dir='ltr'><strong>nec</strong></span> <span class='ocrx_word' id='word_1_730' title='bbox 3161 4456 3214 4509; x_wconf 89' lang='lat' dir='ltr'><strong>in</strong></span> <span class='ocrx_word' id='word_1_731' title='bbox 3248 4454 3372 4526; x_wconf 86' lang='lat' dir='ltr'><strong>fuga</strong></span> <span class='ocrx_word' id='word_1_732' title='bbox 3410 4469 3534 4524; x_wconf 86' lang='lat' dir='ltr'><strong>pro-</strong></span> 
     </span>
    </p>
   </div>
   <div class='ocr_carea' id='block_1_93' title="bbox 1951 4549 3527 4631">
    <p class='ocr_par' dir='ltr' id='par_1_93' title="bbox 1951 4549 3527 4631">
     <span class='ocr_line' id='line_1_93' title="bbox 1951 4549 3527 4631; baseline -0.007 -19"><span class='ocrx_word' id='word_1_733' title='bbox 1951 4559 2214 4631; x_wconf 85' lang='lat' dir='ltr'><strong>perabitis</strong></span> <span class='ocrx_word' id='word_1_734' title='bbox 2247 4577 2260 4612; x_wconf 88' lang='lat'><strong>:</strong></span> <span class='ocrx_word' id='word_1_735' title='bbox 2295 4555 2566 4626; x_wconf 68' lang='lat' dir='ltr'><strong>praacedet</strong></span> <span class='ocrx_word' id='word_1_736' title='bbox 2596 4553 2740 4607; x_wconf 92' lang='lat' dir='ltr'><strong>enim</strong></span> <span class='ocrx_word' id='word_1_737' title='bbox 2773 4568 2871 4607; x_wconf 88' lang='lat' dir='ltr'><strong>vos</strong></span> <span class='ocrx_word' id='word_1_738' title='bbox 2904 4549 3187 4631; x_wconf 78' lang='lat' dir='ltr'><strong>Dominus,</strong></span> <span class='ocrx_word' id='word_1_739' title='bbox 3216 4556 3268 4604; x_wconf 90' lang='lat' dir='ltr'><strong>et</strong></span> <span class='ocrx_word' id='word_1_740' title='bbox 3299 4562 3527 4616; x_wconf 84' lang='lat' dir='ltr'><strong>congre-</strong></span> 
     </span>
    </p>
   </div>
   <div class='ocr_carea' id='block_1_94' title="bbox 267 4625 1852 4727">
    <p class='ocr_par' dir='ltr' id='par_1_94' title="bbox 267 4625 1846 4721">
     <span class='ocr_line' id='line_1_94' title="bbox 267 4625 1846 4721; baseline 0.005 -24"><span class='ocrx_word' id='word_1_741' title='bbox 267 4645 393 4698; x_wconf 88' lang='grc' dir='ltr'>σθε·</span> <span class='ocrx_word' id='word_1_742' title='bbox 437 4625 761 4717; x_wconf 82' lang='grc' dir='ltr'>πορεύσεται</span> <span class='ocrx_word' id='word_1_743' title='bbox 805 4647 914 4719; x_wconf 84' lang='grc' dir='ltr'>γὰρ</span> <span class='ocrx_word' id='word_1_744' title='bbox 962 4649 1224 4720; x_wconf 87' lang='grc' dir='ltr'>πρότερος</span> <span class='ocrx_word' id='word_1_745' title='bbox 1261 4625 1414 4721; x_wconf 84' lang='grc' dir='ltr'>ὑμῶν</span> <span class='ocrx_word' id='word_1_746' title='bbox 1444 4625 1666 4721; x_wconf 70' lang='grc' dir='ltr'>Κύριος,</span> <span class='ocrx_word' id='word_1_747' title='bbox 1701 4653 1794 4705; x_wconf 69' lang='grc' dir='ltr'>καὶ</span> <span class='ocrx_word' id='word_1_748' title='bbox 1818 4654 1846 4705; x_wconf 90' lang='lat'><strong>6</strong></span> 
     </span>
    </p>
   </div>
   <div class='ocr_carea' id='block_1_95' title="bbox 1957 4625 3524 4727">
    <p class='ocr_par' dir='ltr' id='par_1_95' title="bbox 1957 4625 3524 4726">
     <span class='ocr_line' id='line_1_95' title="bbox 1957 4625 3524 4726; baseline -0.009 -17"><span class='ocrx_word' id='word_1_749' title='bbox 1957 4625 2107 4726; x_wconf 80' lang='lat' dir='ltr'><strong>gabit</strong></span> <span class='ocrx_word' id='word_1_750' title='bbox 2133 4667 2230 4706; x_wconf 87' lang='lat' dir='ltr'><strong>vos</strong></span> <span class='ocrx_word' id='word_1_751' title='bbox 2256 4625 2401 4705; x_wconf 85' lang='lat' dir='ltr'><strong>Deus</strong></span> <span class='ocrx_word' id='word_1_752' title='bbox 2435 4646 2625 4702; x_wconf 89' lang='lat' dir='ltr'><strong>Israel.</strong></span> <span class='ocrx_word' id='word_1_753' title='bbox 2657 4647 2796 4701; x_wconf 69' lang='lat' dir='ltr'><strong>ane</strong></span> <span class='ocrx_word' id='word_1_754' title='bbox 2830 4625 3097 4716; x_wconf 72' lang='lat' dir='ltr'><strong>inteiliget</strong></span> <span class='ocrx_word' id='word_1_755' title='bbox 3131 4659 3321 4699; x_wconf 84' lang='lat' dir='ltr'><strong>servus</strong></span> <span class='ocrx_word' id='word_1_756' title='bbox 3351 4656 3524 4705; x_wconf 88' lang='lat' dir='ltr'><strong>meus,</strong></span> 
     </span>
    </p>
   </div>
   <div class='ocr_carea' id='block_1_96' title="bbox 270 4739 1846 4816">
    <p class='ocr_par' dir='ltr' id='par_1_96' title="bbox 270 4739 1846 4816">
     <span class='ocr_line' id='line_1_96' title="bbox 270 4739 1846 4816; baseline 0.003 -24"><span class='ocrx_word' id='word_1_757' title='bbox 270 4739 518 4808; x_wconf 63' lang='grc' dir='ltr'><strong>⁸ξυνάγων</strong></span> <span class='ocrx_word' id='word_1_758' title='bbox 565 4741 707 4810; x_wconf 77' lang='grc' dir='ltr'>ὑμᾶς</span> <span class='ocrx_word' id='word_1_759' title='bbox 750 4740 880 4804; x_wconf 81' lang='grc' dir='ltr'>Θεὸς</span> <span class='ocrx_word' id='word_1_760' title='bbox 917 4742 1152 4812; x_wconf 75' lang='grc' dir='ltr'>Ἰσραήλ.</span> <span class='ocrx_word' id='word_1_761' title='bbox 1203 4743 1332 4796; x_wconf 84' lang='grc' dir='ltr'>Ἰδοὺ</span> <span class='ocrx_word' id='word_1_762' title='bbox 1389 4745 1607 4816; x_wconf 78' lang='grc' dir='ltr'>συνήσει</span> <span class='ocrx_word' id='word_1_763' title='bbox 1655 4746 1682 4797; x_wconf 90' lang='lat'><strong>6</strong></span> <span class='ocrx_word' id='word_1_764' title='bbox 1722 4749 1846 4809; x_wconf 90' lang='grc' dir='ltr'>παῖς</span> 
     </span>
    </p>
   </div>
   <div class='ocr_carea' id='block_1_97' title="bbox 271 4831 1843 4908">
    <p class='ocr_par' dir='ltr' id='par_1_97' title="bbox 271 4831 1843 4908">
     <span class='ocr_line' id='line_1_97' title="bbox 271 4831 1843 4908; baseline 0.004 -25"><span class='ocrx_word' id='word_1_765' title='bbox 271 4848 398 4900; x_wconf 85' lang='grc' dir='ltr'>μου,</span> <span class='ocrx_word' id='word_1_766' title='bbox 430 4832 521 4888; x_wconf 78' lang='grc' dir='ltr'><strong>καὶ</strong></span> <span class='ocrx_word' id='word_1_767' title='bbox 549 4831 913 4904; x_wconf 72' lang='grc' dir='ltr'>ὑψωθήσεται,</span> <span class='ocrx_word' id='word_1_768' title='bbox 946 4835 1039 4886; x_wconf 72' lang='grc' dir='ltr'><strong>καὶ</strong></span> <span class='ocrx_word' id='word_1_769' title='bbox 1079 4835 1572 4908; x_wconf 82' lang='grc' dir='ltr'>μετεωρισθήσεται</span> <span class='ocrx_word' id='word_1_770' title='bbox 1609 4838 1843 4908; x_wconf 84' lang='grc' dir='ltr'>σφόδρα·</span> 
     </span>
    </p>
   </div>
   <div class='ocr_carea' id='block_1_98' title="bbox 267 4922 1848 5002">
    <p class='ocr_par' dir='ltr' id='par_1_98' title="bbox 267 4922 1848 5002">
     <span class='ocr_line' id='line_1_98' title="bbox 267 4922 1848 5002; baseline 0.006 -28"><span class='ocrx_word' id='word_1_771' title='bbox 267 4922 327 4975; x_wconf 76' lang='grc' dir='ltr'>ὃν</span> <span class='ocrx_word' id='word_1_772' title='bbox 365 4935 565 4995; x_wconf 60' lang='grc' dir='ltr'>τρόπον</span> <span class='ocrx_word' id='word_1_773' title='bbox 598 4926 950 4994; x_wconf 85' lang='grc' dir='ltr'>ἐκστήσονται</span> <span class='ocrx_word' id='word_1_774' title='bbox 983 4927 1078 4979; x_wconf 84' lang='grc' dir='ltr'><strong>ἐπί</strong></span> <span class='ocrx_word' id='word_1_775' title='bbox 1106 4927 1188 4978; x_wconf 78' lang='grc' dir='ltr'><strong>σοὶ</strong></span> <span class='ocrx_word' id='word_1_776' title='bbox 1214 4927 1414 4992; x_wconf 77' lang='grc' dir='ltr'>πολλοὶ,</span> <span class='ocrx_word' id='word_1_777' title='bbox 1447 4929 1618 4995; x_wconf 74' lang='grc' dir='ltr'>οὕτως</span> <span class='ocrx_word' id='word_1_778' title='bbox 1658 4930 1848 5002; x_wconf 79' lang='grc' dir='ltr'>ἀδοξή-</span> 
     </span>
    </p>
   </div>
   <div class='ocr_carea' id='block_1_99' title="bbox 270 5014 1847 5090">
    <p class='ocr_par' dir='ltr' id='par_1_99' title="bbox 270 5014 1847 5090">
     <span class='ocr_line' id='line_1_99' title="bbox 270 5014 1847 5090; baseline 0.004 -23"><span class='ocrx_word' id='word_1_779' title='bbox 270 5032 355 5068; x_wconf 86' lang='grc' dir='ltr'><strong>σει</strong></span> <span class='ocrx_word' id='word_1_780' title='bbox 385 5015 492 5068; x_wconf 83' lang='grc' dir='ltr'><strong>ἀπὸ</strong></span> <span class='ocrx_word' id='word_1_781' title='bbox 531 5014 820 5087; x_wconf 72' lang='grc' dir='ltr'>ἰνθρὼπων</span> <span class='ocrx_word' id='word_1_782' title='bbox 847 5016 907 5068; x_wconf 86' lang='grc' dir='ltr'><strong>τὸ</strong></span> <span class='ocrx_word' id='word_1_783' title='bbox 944 5014 1080 5082; x_wconf 80' lang='grc' dir='ltr'>εἶδός</span> <span class='ocrx_word' id='word_1_784' title='bbox 1120 5035 1234 5084; x_wconf 85' lang='grc' dir='ltr'>σου,</span> <span class='ocrx_word' id='word_1_785' title='bbox 1263 5021 1356 5072; x_wconf 79' lang='grc' dir='ltr'><strong>καὶ</strong></span> <span class='ocrx_word' id='word_1_786' title='bbox 1385 5021 1418 5090; x_wconf 83' lang='grc' dir='ltr'><strong>ἡ</strong></span> <span class='ocrx_word' id='word_1_787' title='bbox 1448 5021 1572 5086; x_wconf 77' lang='grc' dir='ltr'>δόξα</span> <span class='ocrx_word' id='word_1_788' title='bbox 1609 5038 1702 5074; x_wconf 91' lang='grc' dir='ltr'><strong>σου</strong></span> <span class='ocrx_word' id='word_1_789' title='bbox 1742 5021 1847 5074; x_wconf 83' lang='grc' dir='ltr'><strong>ἀπὸ</strong></span> 
     </span>
    </p>
   </div>
   <div class='ocr_carea' id='block_1_100' title="bbox 265 5105 1845 5184">
    <p class='ocr_par' dir='ltr' id='par_1_100' title="bbox 265 5105 1845 5184">
     <span class='ocr_line' id='line_1_100' title="bbox 265 5105 1845 5184; baseline 0.005 -25"><span class='ocrx_word' id='word_1_790' title='bbox 265 5107 376 5160; x_wconf 86' lang='grc' dir='ltr'><strong>τῶν</strong></span> <span class='ocrx_word' id='word_1_791' title='bbox 408 5105 726 5178; x_wconf 73' lang='grc' dir='ltr'>ἀνθρῦπων.</span> <span class='ocrx_word' id='word_1_792' title='bbox 770 5107 924 5161; x_wconf 87' lang='grc' dir='ltr'>Οῦτω</span> <span class='ocrx_word' id='word_1_793' title='bbox 957 5108 1323 5179; x_wconf 87' lang='grc' dir='ltr'>θαυμάσονται</span> <span class='ocrx_word' id='word_1_794' title='bbox 1372 5111 1497 5184; x_wconf 76' lang='grc' dir='ltr'>ἔθνη</span> <span class='ocrx_word' id='word_1_795' title='bbox 1541 5113 1710 5167; x_wconf 88' lang='grc' dir='ltr'>πολλά</span> <span class='ocrx_word' id='word_1_796' title='bbox 1758 5115 1845 5167; x_wconf 76' lang='grc' dir='ltr'>ἐπ’</span> 
     </span>
    </p>
   </div>
   <div class='ocr_carea' id='block_1_101' title="bbox 268 5199 1843 5275">
    <p class='ocr_par' dir='ltr' id='par_1_101' title="bbox 268 5199 1843 5275">
     <span class='ocr_line' id='line_1_101' title="bbox 268 5199 1843 5275; baseline 0.004 -22"><span class='ocrx_word' id='word_1_797' title='bbox 268 5199 438 5270; x_wconf 79' lang='grc' dir='ltr'>αὑτῷ,</span> <span class='ocrx_word' id='word_1_798' title='bbox 468 5199 554 5252; x_wconf 77' lang='grc' dir='ltr'>καὶ</span> <span class='ocrx_word' id='word_1_799' title='bbox 597 5199 869 5265; x_wconf 79' lang='grc' dir='ltr'>συνέξουσι</span> <span class='ocrx_word' id='word_1_800' title='bbox 916 5200 1152 5271; x_wconf 87' lang='grc' dir='ltr'>βασιλεῖς</span> <span class='ocrx_word' id='word_1_801' title='bbox 1197 5204 1257 5256; x_wconf 89' lang='grc' dir='ltr'>τὺ</span> <span class='ocrx_word' id='word_1_802' title='bbox 1300 5205 1472 5275; x_wconf 90' lang='grc' dir='ltr'>στόμα</span> <span class='ocrx_word' id='word_1_803' title='bbox 1516 5205 1722 5258; x_wconf 82' lang='grc' dir='ltr'>αὐτῶν·</span> <span class='ocrx_word' id='word_1_804' title='bbox 1763 5207 1843 5258; x_wconf 81' lang='grc' dir='ltr'><strong>ὅτι</strong></span> 
     </span>
    </p>
   </div>
   <div class='ocr_carea' id='block_1_102' title="bbox 266 5287 1843 5364">
    <p class='ocr_par' dir='ltr' id='par_1_102' title="bbox 266 5287 1843 5364">
     <span class='ocr_line' id='line_1_102' title="bbox 266 5287 1843 5364; baseline 0.003 -19"><span class='ocrx_word' id='word_1_805' title='bbox 266 5287 349 5356; x_wconf 66' lang='grc' dir='ltr'>οἷς</span> <span class='ocrx_word' id='word_1_806' title='bbox 397 5293 495 5345; x_wconf 87' lang='grc' dir='ltr'><strong>οὑκ</strong></span> <span class='ocrx_word' id='word_1_807' title='bbox 545 5291 816 5364; x_wconf 77' lang='grc' dir='ltr'>ιινηγγέλη</span> <span class='ocrx_word' id='word_1_808' title='bbox 853 5293 980 5364; x_wconf 78' lang='grc' dir='ltr'>περὶ</span> <span class='ocrx_word' id='word_1_809' title='bbox 1019 5293 1203 5359; x_wconf 86' lang='grc' dir='ltr'>αὑτοῦ,</span> <span class='ocrx_word' id='word_1_810' title='bbox 1232 5295 1468 5364; x_wconf 81' lang='grc' dir='ltr'>ὄψονται,</span> <span class='ocrx_word' id='word_1_811' title='bbox 1524 5296 1616 5349; x_wconf 76' lang='grc' dir='ltr'>καὶ</span> <span class='ocrx_word' id='word_1_812' title='bbox 1660 5296 1708 5349; x_wconf 83' lang='grc' dir='ltr'>οἳ</span> <span class='ocrx_word' id='word_1_813' title='bbox 1745 5298 1843 5350; x_wconf 85' lang='grc' dir='ltr'><strong>οὑκ</strong></span> 
     </span>
    </p>
   </div>
   <div class='ocr_carea' id='block_1_103' title="bbox 269 5383 1840 5461">
    <p class='ocr_par' dir='ltr' id='par_1_103' title="bbox 269 5383 1840 5461">
     <span class='ocr_line' id='line_1_103' title="bbox 269 5383 1840 5461; baseline 0.003 -25"><span class='ocrx_word' id='word_1_814' title='bbox 269 5383 539 5452; x_wconf 84' lang='grc' dir='ltr'>ἀκηκόασι</span> <span class='ocrx_word' id='word_1_815' title='bbox 599 5385 908 5454; x_wconf 81' lang='grc' dir='ltr'>συνήσουσι.</span> <span class='ocrx_word' id='word_1_816' title='bbox 945 5384 1137 5458; x_wconf 87' lang='grc' dir='ltr'>Κύριε,</span> <span class='ocrx_word' id='word_1_817' title='bbox 1183 5386 1263 5450; x_wconf 85' lang='grc' dir='ltr'><strong>τίς</strong></span> <span class='ocrx_word' id='word_1_818' title='bbox 1284 5388 1567 5440; x_wconf 82' lang='grc' dir='ltr'>ἐπίστευσε</span> <span class='ocrx_word' id='word_1_819' title='bbox 1597 5392 1662 5460; x_wconf 85' lang='grc' dir='ltr'>τῇ</span> <span class='ocrx_word' id='word_1_820' title='bbox 1706 5389 1840 5461; x_wconf 81' lang='grc' dir='ltr'>ἀκοῇ</span> 
     </span>
    </p>
   </div>
   <div class='ocr_carea' id='block_1_104' title="bbox 267 5475 1839 5550">
    <p class='ocr_par' dir='ltr' id='par_1_104' title="bbox 267 5475 1839 5550">
     <span class='ocr_line' id='line_1_104' title="bbox 267 5475 1839 5550; baseline 0.004 -23"><span class='ocrx_word' id='word_1_821' title='bbox 267 5475 462 5545; x_wconf 72' lang='grc' dir='ltr'>ἡμῶν,</span> <span class='ocrx_word' id='word_1_822' title='bbox 520 5477 613 5530; x_wconf 76' lang='grc' dir='ltr'>›α“ι</span> <span class='ocrx_word' id='word_1_823' title='bbox 662 5478 691 5529; x_wconf 91' lang='lat'><strong>6</strong></span> <span class='ocrx_word' id='word_1_824' title='bbox 742 5475 980 5547; x_wconf 88' lang='grc' dir='ltr'>βραχίων</span> <span class='ocrx_word' id='word_1_825' title='bbox 1037 5477 1240 5549; x_wconf 82' lang='grc' dir='ltr'>Κυρίου</span> <span class='ocrx_word' id='word_1_826' title='bbox 1291 5478 1396 5531; x_wconf 87' lang='grc' dir='ltr'>τίνι</span> <span class='ocrx_word' id='word_1_827' title='bbox 1449 5479 1839 5550; x_wconf 83' lang='grc' dir='ltr'>ἀπεκαλύφθη;</span> 
     </span>
    </p>
   </div>
   <div class='ocr_carea' id='block_1_105' title="bbox 282 5566 1840 5640">
    <p class='ocr_par' dir='ltr' id='par_1_105' title="bbox 282 5566 1840 5640">
     <span class='ocr_line' id='line_1_105' title="bbox 282 5566 1840 5640; baseline 0.002 -21"><span class='ocrx_word' id='word_1_828' title='bbox 282 5567 706 5637; x_wconf 68' lang='grc' dir='ltr'>’Λνηγγείιαμεν</span> <span class='ocrx_word' id='word_1_829' title='bbox 735 5568 810 5629; x_wconf 84' lang='grc' dir='ltr'>ὡς</span> <span class='ocrx_word' id='word_1_830' title='bbox 843 5566 1052 5620; x_wconf 87' lang='grc' dir='ltr'>παιδίον</span> <span class='ocrx_word' id='word_1_831' title='bbox 1099 5568 1336 5622; x_wconf 87' lang='grc' dir='ltr'>ἐναντίον</span> <span class='ocrx_word' id='word_1_832' title='bbox 1388 5569 1574 5630; x_wconf 78' lang='grc' dir='ltr'>αὑτοῦ,</span> <span class='ocrx_word' id='word_1_833' title='bbox 1617 5571 1692 5633; x_wconf 84' lang='grc' dir='ltr'><strong>ῶς</strong></span> <span class='ocrx_word' id='word_1_834' title='bbox 1718 5568 1840 5640; x_wconf 73' lang='grc' dir='ltr'>ῥίζα</span> 
     </span>
    </p>
   </div>
   <div class='ocr_carea' id='block_1_106' title="bbox 339 5685 784 5750">
    <p class='ocr_par' dir='ltr' id='par_1_106' title="bbox 339 5685 784 5750">
     <span class='ocr_line' id='line_1_106' title="bbox 339 5685 784 5750; baseline 0.007 -13"><span class='ocrx_word' id='word_1_835' title='bbox 339 5687 354 5717; x_wconf 82' lang='grc'>¹</span> <span class='ocrx_word' id='word_1_836' title='bbox 385 5685 501 5740; x_wconf 88' lang='lat' dir='ltr'><strong>Isai.</strong></span> <span class='ocrx_word' id='word_1_837' title='bbox 541 5701 635 5750; x_wconf 76' lang='lat' dir='ltr'><strong>tat,</strong></span> <span class='ocrx_word' id='word_1_838' title='bbox 671 5686 784 5740; x_wconf 76' lang='lat'><strong>5-7.</strong></span> 
     </span>
    </p>
   </div>
   <div class='ocr_carea' id='block_1_107' title="bbox 1954 4733 3522 4806">
    <p class='ocr_par' dir='ltr' id='par_1_107' title="bbox 1954 4733 3522 4806">
     <span class='ocr_line' id='line_1_107' title="bbox 1954 4733 3522 4806; baseline -0.008 -6"><span class='ocrx_word' id='word_1_839' title='bbox 1954 4745 2304 4806; x_wconf 70' lang='lat' dir='ltr'><strong>exaltabitur,</strong></span> <span class='ocrx_word' id='word_1_840' title='bbox 2361 4749 2415 4796; x_wconf 89' lang='lat' dir='ltr'><strong>et</strong></span> <span class='ocrx_word' id='word_1_841' title='bbox 2465 4738 2788 4799; x_wconf 88' lang='lat' dir='ltr'><strong>elevabitur,</strong></span> <span class='ocrx_word' id='word_1_842' title='bbox 2840 4749 2892 4791; x_wconf 90' lang='lat' dir='ltr'><strong>et</strong></span> <span class='ocrx_word' id='word_1_843' title='bbox 2936 4737 3186 4791; x_wconf 88' lang='lat' dir='ltr'><strong>sublimis</strong></span> <span class='ocrx_word' id='word_1_844' title='bbox 3214 4736 3316 4788; x_wconf 91' lang='lat' dir='ltr'><strong>erit</strong></span> <span class='ocrx_word' id='word_1_845' title='bbox 3347 4733 3522 4787; x_wconf 81' lang='lat' dir='ltr'><strong>valde.</strong></span> 
     </span>
    </p>
   </div>
   <div class='ocr_carea' id='block_1_108' title="bbox 1959 4825 3526 4904">
    <p class='ocr_par' dir='ltr' id='par_1_108' title="bbox 1959 4825 3526 4904">
     <span class='ocr_line' id='line_1_108' title="bbox 1959 4825 3526 4904; baseline -0.009 -12"><span class='ocrx_word' id='word_1_846' title='bbox 1959 4836 2114 4892; x_wconf 84' lang='lat' dir='ltr'><strong>Sicut</strong></span> <span class='ocrx_word' id='word_1_847' title='bbox 2146 4837 2546 4904; x_wconf 84' lang='lat' dir='ltr'><strong>obstupuerunt</strong></span> <span class='ocrx_word' id='word_1_848' title='bbox 2569 4847 2733 4901; x_wconf 89' lang='lat' dir='ltr'><strong>super</strong></span> <span class='ocrx_word' id='word_1_849' title='bbox 2756 4841 2807 4885; x_wconf 88' lang='lat' dir='ltr'><strong>te</strong></span> <span class='ocrx_word' id='word_1_850' title='bbox 2829 4829 3004 4888; x_wconf 83' lang='lat' dir='ltr'><strong>multi.</strong></span> <span class='ocrx_word' id='word_1_851' title='bbox 3024 4829 3104 4883; x_wconf 92' lang='lat' dir='ltr'><strong>sic</strong></span> <span class='ocrx_word' id='word_1_852' title='bbox 3131 4826 3392 4896; x_wconf 84' lang='lat' dir='ltr'><strong>inglorius</strong></span> <span class='ocrx_word' id='word_1_853' title='bbox 3420 4825 3526 4879; x_wconf 91' lang='lat' dir='ltr'><strong>erit</strong></span> 
     </span>
    </p>
   </div>
   <div class='ocr_carea' id='block_1_109' title="bbox 1954 4917 3528 4996">
    <p class='ocr_par' dir='ltr' id='par_1_109' title="bbox 1954 4917 3528 4996">
     <span class='ocr_line' id='line_1_109' title="bbox 1954 4917 3528 4996; baseline -0.008 -12"><span class='ocrx_word' id='word_1_854' title='bbox 1954 4930 2095 4984; x_wconf 89' lang='lat' dir='ltr'><strong>inter</strong></span> <span class='ocrx_word' id='word_1_855' title='bbox 2111 4927 2257 4980; x_wconf 87' lang='lat' dir='ltr'><strong>viros</strong></span> <span class='ocrx_word' id='word_1_856' title='bbox 2277 4934 2530 4996; x_wconf 85' lang='lat' dir='ltr'><strong>aspectus</strong></span> <span class='ocrx_word' id='word_1_857' title='bbox 2549 4924 2690 4992; x_wconf 85' lang='lat' dir='ltr'><strong>ejus,</strong></span> <span class='ocrx_word' id='word_1_858' title='bbox 2713 4929 2766 4976; x_wconf 87' lang='lat' dir='ltr'><strong>et</strong></span> <span class='ocrx_word' id='word_1_859' title='bbox 2787 4921 2960 4974; x_wconf 89' lang='lat' dir='ltr'><strong>forma</strong></span> <span class='ocrx_word' id='word_1_860' title='bbox 2979 4919 3098 4988; x_wconf 85' lang='lat' dir='ltr'><strong>ejus</strong></span> <span class='ocrx_word' id='word_1_861' title='bbox 3114 4919 3254 4972; x_wconf 89' lang='lat' dir='ltr'><strong>inter</strong></span> <span class='ocrx_word' id='word_1_862' title='bbox 3279 4917 3415 4972; x_wconf 90' lang='lat' dir='ltr'><strong>filios</strong></span> <span class='ocrx_word' id='word_1_863' title='bbox 3433 4917 3528 4972; x_wconf 92' lang='lat' dir='ltr'><strong>ho-</strong></span> 
     </span>
    </p>
   </div>
   <div class='ocr_carea' id='block_1_110' title="bbox 1957 5010 3521 5081">
    <p class='ocr_par' dir='ltr' id='par_1_110' title="bbox 1957 5010 3521 5081">
     <span class='ocr_line' id='line_1_110' title="bbox 1957 5010 3521 5081; baseline -0.008 -7"><span class='ocrx_word' id='word_1_864' title='bbox 1957 5020 2186 5074; x_wconf 91' lang='lat' dir='ltr'><strong>minum.</strong></span> <span class='ocrx_word' id='word_1_865' title='bbox 2226 5016 2318 5070; x_wconf 90' lang='lat' dir='ltr'><strong>Sic</strong></span> <span class='ocrx_word' id='word_1_866' title='bbox 2359 5015 2703 5070; x_wconf 90' lang='lat' dir='ltr'><strong>mirabuntur</strong></span> <span class='ocrx_word' id='word_1_867' title='bbox 2748 5019 2940 5081; x_wconf 84' lang='lat' dir='ltr'><strong>gentes</strong></span> <span class='ocrx_word' id='word_1_868' title='bbox 2973 5010 3156 5063; x_wconf 76' lang='lat' dir='ltr'><strong>multa:</strong></span> <span class='ocrx_word' id='word_1_869' title='bbox 3191 5024 3354 5079; x_wconf 90' lang='lat' dir='ltr'><strong>super</strong></span> <span class='ocrx_word' id='word_1_870' title='bbox 3374 5024 3521 5076; x_wconf 88' lang='lat' dir='ltr'><strong>eum,</strong></span> 
     </span>
    </p>
   </div>
   <div class='ocr_carea' id='block_1_111' title="bbox 1956 5100 3524 5182">
    <p class='ocr_par' dir='ltr' id='par_1_111' title="bbox 1956 5100 3524 5182">
     <span class='ocr_line' id='line_1_111' title="bbox 1956 5100 3524 5182; baseline -0.007 -16"><span class='ocrx_word' id='word_1_871' title='bbox 1956 5126 2122 5182; x_wconf 89' lang='lat' dir='ltr'><strong>super</strong></span> <span class='ocrx_word' id='word_1_872' title='bbox 2147 5110 2323 5180; x_wconf 90' lang='lat' dir='ltr'><strong>ipsum</strong></span> <span class='ocrx_word' id='word_1_873' title='bbox 2359 5107 2718 5163; x_wconf 91' lang='lat' dir='ltr'><strong>continebunt</strong></span> <span class='ocrx_word' id='word_1_874' title='bbox 2741 5119 2899 5174; x_wconf 86' lang='lat' dir='ltr'><strong>reges</strong></span> <span class='ocrx_word' id='word_1_875' title='bbox 2924 5117 2986 5157; x_wconf 93' lang='lat' dir='ltr'><strong>os</strong></span> <span class='ocrx_word' id='word_1_876' title='bbox 3018 5116 3177 5156; x_wconf 90' lang='lat' dir='ltr'><strong>suum</strong></span> <span class='ocrx_word' id='word_1_877' title='bbox 3210 5100 3371 5170; x_wconf 90' lang='lat' dir='ltr'><strong>:quia</strong></span> <span class='ocrx_word' id='word_1_878' title='bbox 3402 5102 3524 5170; x_wconf 90' lang='lat' dir='ltr'><strong>qui-</strong></span> 
     </span>
    </p>
   </div>
   <div class='ocr_carea' id='block_1_112' title="bbox 1950 5190 3521 5260">
    <p class='ocr_par' dir='ltr' id='par_1_112' title="bbox 1950 5190 3521 5260">
     <span class='ocr_line' id='line_1_112' title="bbox 1950 5190 3521 5260; baseline -0.008 -2"><span class='ocrx_word' id='word_1_879' title='bbox 1950 5204 2055 5258; x_wconf 89' lang='lat' dir='ltr'><strong>bus</strong></span> <span class='ocrx_word' id='word_1_880' title='bbox 2098 5217 2206 5255; x_wconf 90' lang='lat' dir='ltr'><strong>non</strong></span> <span class='ocrx_word' id='word_1_881' title='bbox 2247 5208 2331 5254; x_wconf 90' lang='lat' dir='ltr'><strong>est</strong></span> <span class='ocrx_word' id='word_1_882' title='bbox 2370 5205 2650 5252; x_wconf 89' lang='lat' dir='ltr'><strong>narratum</strong></span> <span class='ocrx_word' id='word_1_883' title='bbox 2683 5195 2749 5248; x_wconf 90' lang='lat' dir='ltr'><strong>de</strong></span> <span class='ocrx_word' id='word_1_884' title='bbox 2781 5208 2867 5257; x_wconf 92' lang='lat' dir='ltr'><strong>eo,</strong></span> <span class='ocrx_word' id='word_1_885' title='bbox 2893 5193 3166 5254; x_wconf 86' lang='lat' dir='ltr'><strong>viderunt,</strong></span> <span class='ocrx_word' id='word_1_886' title='bbox 3200 5199 3253 5245; x_wconf 92' lang='lat' dir='ltr'><strong>et</strong></span> <span class='ocrx_word' id='word_1_887' title='bbox 3282 5190 3374 5260; x_wconf 89' lang='lat' dir='ltr'><strong>qui</strong></span> <span class='ocrx_word' id='word_1_888' title='bbox 3411 5207 3521 5246; x_wconf 91' lang='lat' dir='ltr'><strong>non</strong></span> 
     </span>
    </p>
   </div>
   <div class='ocr_carea' id='block_1_113' title="bbox 1948 5281 3521 5359">
    <p class='ocr_par' dir='ltr' id='par_1_113' title="bbox 1948 5281 3521 5359">
     <span class='ocr_line' id='line_1_113' title="bbox 1948 5281 3521 5359; baseline -0.009 -11"><span class='ocrx_word' id='word_1_889' title='bbox 1948 5295 2258 5356; x_wconf 84' lang='lat' dir='ltr'><strong>audierunt,</strong></span> <span class='ocrx_word' id='word_1_890' title='bbox 2292 5287 2647 5359; x_wconf 87' lang='lat' dir='ltr'><strong>contemplati</strong></span> <span class='ocrx_word' id='word_1_891' title='bbox 2682 5293 2830 5340; x_wconf 91' lang='lat' dir='ltr'><strong>sunt.</strong></span> <span class='ocrx_word' id='word_1_892' title='bbox 2868 5283 3094 5338; x_wconf 86' lang='lat' dir='ltr'><strong>Domine</strong></span> <span class='ocrx_word' id='word_1_893' title='bbox 3126 5282 3250 5352; x_wconf 90' lang='lat' dir='ltr'><strong>quis</strong></span> <span class='ocrx_word' id='word_1_894' title='bbox 3290 5281 3521 5336; x_wconf 86' lang='lat' dir='ltr'><strong>credidit</strong></span> 
     </span>
    </p>
   </div>
   <div class='ocr_carea' id='block_1_114' title="bbox 1955 5375 3518 5440">
    <p class='ocr_par' dir='ltr' id='par_1_114' title="bbox 1955 5375 3518 5440">
     <span class='ocr_line' id='line_1_114' title="bbox 1955 5375 3518 5440; baseline -0.008 0"><span class='ocrx_word' id='word_1_895' title='bbox 1955 5386 2162 5440; x_wconf 87' lang='lat' dir='ltr'><strong>auditui</strong></span> <span class='ocrx_word' id='word_1_896' title='bbox 2199 5385 2424 5440; x_wconf 89' lang='lat' dir='ltr'><strong>nostro?</strong></span> <span class='ocrx_word' id='word_1_897' title='bbox 2450 5391 2502 5438; x_wconf 89' lang='lat' dir='ltr'><strong>el</strong></span> <span class='ocrx_word' id='word_1_898' title='bbox 2534 5380 2817 5436; x_wconf 88' lang='lat' dir='ltr'><strong>brachium</strong></span> <span class='ocrx_word' id='word_1_899' title='bbox 2851 5376 3064 5430; x_wconf 89' lang='lat' dir='ltr'><strong>Domini</strong></span> <span class='ocrx_word' id='word_1_900' title='bbox 3098 5377 3188 5429; x_wconf 83' lang='lat' dir='ltr'><strong>cui</strong></span> <span class='ocrx_word' id='word_1_901' title='bbox 3223 5375 3518 5430; x_wconf 85' lang='lat' dir='ltr'><strong>revelatum</strong></span> 
     </span>
    </p>
   </div>
   <div class='ocr_carea' id='block_1_115' title="bbox 1953 5465 3516 5542">
    <p class='ocr_par' dir='ltr' id='par_1_115' title="bbox 1953 5465 3516 5542">
     <span class='ocr_line' id='line_1_115' title="bbox 1953 5465 3516 5542; baseline -0.01 -11"><span class='ocrx_word' id='word_1_902' title='bbox 1953 5477 2075 5531; x_wconf 88' lang='lat' dir='ltr'><strong>est?</strong></span> <span class='ocrx_word' id='word_1_903' title='bbox 2101 5474 2166 5528; x_wconf 83' lang='lat' dir='ltr'><strong>Et</strong></span> <span class='ocrx_word' id='word_1_904' title='bbox 2192 5474 2446 5542; x_wconf 81' lang='lat' dir='ltr'><strong>ascendet</strong></span> <span class='ocrx_word' id='word_1_905' title='bbox 2472 5473 2612 5528; x_wconf 87' lang='lat' dir='ltr'><strong>sicut</strong></span> <span class='ocrx_word' id='word_1_906' title='bbox 2635 5469 2929 5540; x_wconf 77' lang='lat' dir='ltr'><strong>virgultum</strong></span> <span class='ocrx_word' id='word_1_907' title='bbox 2960 5480 3145 5521; x_wconf 87' lang='lat' dir='ltr'><strong>coram</strong></span> <span class='ocrx_word' id='word_1_908' title='bbox 3179 5480 3264 5529; x_wconf 90' lang='lat' dir='ltr'><strong>eo,</strong></span> <span class='ocrx_word' id='word_1_909' title='bbox 3293 5474 3349 5520; x_wconf 84' lang='lat' dir='ltr'><strong>et</strong></span> <span class='ocrx_word' id='word_1_910' title='bbox 3374 5465 3516 5520; x_wconf 87' lang='lat' dir='ltr'><strong>sicut</strong></span> 
     </span>
    </p>
   </div>
   <div class='ocr_carea' id='block_1_116' title="bbox 1951 5557 3518 5630">
    <p class='ocr_par' dir='ltr' id='par_1_116' title="bbox 1951 5557 3518 5630">
     <span class='ocr_line' id='line_1_116' title="bbox 1951 5557 3518 5630; baseline -0.007 -6"><span class='ocrx_word' id='word_1_911' title='bbox 1951 5571 2100 5625; x_wconf 80' lang='lat' dir='ltr'><strong>radix</strong></span> <span class='ocrx_word' id='word_1_912' title='bbox 2129 5570 2196 5623; x_wconf 89' lang='lat' dir='ltr'><strong>de</strong></span> <span class='ocrx_word' id='word_1_913' title='bbox 2230 5577 2375 5622; x_wconf 90' lang='lat' dir='ltr'><strong>terra</strong></span> <span class='ocrx_word' id='word_1_914' title='bbox 2409 5564 2636 5621; x_wconf 88' lang='lat' dir='ltr'><strong>sitienti.</strong></span> <span class='ocrx_word' id='word_1_915' title='bbox 2681 5560 2801 5618; x_wconf 82' lang='lat' dir='ltr'><strong>Non</strong></span> <span class='ocrx_word' id='word_1_916' title='bbox 2848 5568 2931 5618; x_wconf 90' lang='lat' dir='ltr'><strong>est</strong></span> <span class='ocrx_word' id='word_1_917' title='bbox 2976 5557 3183 5630; x_wconf 86' lang='lat' dir='ltr'><strong>species</strong></span> <span class='ocrx_word' id='word_1_918' title='bbox 3217 5557 3289 5627; x_wconf 77' lang='lat' dir='ltr'><strong>ei,</strong></span> <span class='ocrx_word' id='word_1_919' title='bbox 3340 5569 3518 5627; x_wconf 75' lang='lat' dir='ltr'><strong>neque</strong></span> 
     </span>
    </p>
   </div>
   <div class='ocr_carea' id='block_1_117' title="bbox 339 5776 1852 5854">
    <p class='ocr_par' dir='ltr' id='par_1_117' title="bbox 339 5778 1842 5854">
     <span class='ocr_line' id='line_1_117' title="bbox 339 5778 1842 5854; baseline 0.018 0"><span class='ocrx_word' id='word_1_920' title='bbox 339 5783 416 5854; x_wconf 76' lang='lat' dir='ltr'><strong>(il</strong></span> <span class='ocrx_word' id='word_1_921' title='bbox 447 5779 544 5838; x_wconf 75' lang='lat' dir='ltr'><strong>&quot;el</strong></span> <span class='ocrx_word' id='word_1_922' title='bbox 567 5781 846 5852; x_wconf 82' lang='lat' dir='ltr'><strong>legendum</strong></span> <span class='ocrx_word' id='word_1_923' title='bbox 871 5780 1006 5850; x_wconf 75' lang='grc' dir='ltr'><strong>μετά</strong></span> <span class='ocrx_word' id='word_1_924' title='bbox 1037 5795 1132 5850; x_wconf 72' lang='grc' dir='ltr'><strong>Ρτο</strong></span> <span class='ocrx_word' id='word_1_925' title='bbox 1169 5779 1368 5849; x_wconf 63' lang='grc' dir='ltr'><strong>μέντθιι</strong></span> <span class='ocrx_word' id='word_1_926' title='bbox 1391 5778 1470 5835; x_wconf 64' lang='lat' dir='ltr'><strong>&quot;el</strong></span> <span class='ocrx_word' id='word_1_927' title='bbox 1495 5778 1719 5842; x_wconf 54' lang='grc' dir='ltr'>ἐκείνοκ</span> <span class='ocrx_word' id='word_1_928' title='bbox 1745 5793 1842 5847; x_wconf 68' lang='lat' dir='ltr'><strong>pro</strong></span> 
     </span>
    </p>
   </div>
   <div class='ocr_carea' id='block_1_118' title="bbox 1957 5776 2319 5854">
    <p class='ocr_par' dir='ltr' id='par_1_118' title="bbox 1967 5776 2319 5841">
     <span class='ocr_line' id='line_1_118' title="bbox 1967 5776 2319 5841; baseline 0.009 -12"><span class='ocrx_word' id='word_1_929' title='bbox 1967 5777 2125 5841; x_wconf 77' lang='grc' dir='ltr'>ίνους.</span> <span class='ocrx_word' id='word_1_930' title='bbox 2165 5776 2319 5833; x_wconf 77' lang='lat' dir='ltr'><strong>Eutr.</strong></span> 
     </span>
    </p>
   </div>
  </div>
