4008 6208
461 222 606 279 ιειδ
1165 224 1434 281 EUSEBll
1483 219 1965 282 cmsammsxs
2002 223 2152 280 OPP.
2183 223 2377 279 rans.
2416 223 2506 280 ιιι.
2544 253 2616 264 -
2655 205 3060 275 Busirim.
3585 212 3716 269 mi

459 340 628 404 decor
661 358 673 396 :
709 345 763 395 et
791 340 1024 395 vidimus
1061 337 1208 404 cum:
1245 348 1301 395 et
1343 355 1447 395 non
1496 341 1730 396 habebat
1756 351 2034 412 aspectum

2161 360 2196 394 .v
2223 343 2292 411 γῇ
2323 338 2530 411 διψώσῃ
2552 354 2564 367 ·
2599 337 2700 389 οὑκ
2745 334 2890 388 ἔστιν
2924 327 3061 392 εἶδος
3089 327 3253 383 αὑτοῦ
3286 326 3411 380 οὐδὲ
3440 325 3597 392 δόξαο
3627 329 3714 380 καὶ

462 445 637 502 neque
665 432 1156 502 pulchritudinem;
1190 432 1284 488 sed
1308 441 1563 503 aspectus
1591 433 1715 502 ejus
1745 434 2031 504 inglorius,

462 519 720 574 deﬁciens
774 536 882 583 pra:
934 521 1059 575 llliis
1109 521 1426 586 hominum;
1487 521 1651 577 homo
1695 538 2034 593 percussus,

463 615 642 669 sciens
705 613 844 668 ferre
900 613 1314 682 inﬁrmitatem;
1384 615 1512 685 quia
1569 614 1908 671 deformatus
1954 624 2038 670 est

461 706 645 760 vultus
692 705 835 774 ejus,
867 705 1162 778 despectus
1197 716 1283 764 est
1313 717 1368 763 et
1407 725 1517 763 non
1563 715 1867 779 reputatus.
1897 706 2041 761 Lan-

462 811 661 868 guores
687 805 907 852 nostros
941 785 1058 870 ipse
1088 799 1235 862 tulit.
1291 808 1346 855 et
1377 800 1598 856 dolores
1639 807 1862 856 nostros
1923 801 2038 870 ipse

463 887 701 956 portavit
737 905 750 942 :
783 896 837 942 et
866 903 966 943 nos
1003 891 1317 960 putavimus
1373 906 1499 945 eum
1548 890 1706 960 quasi
1741 890 2038 960 leprosum,

462 979 1060 1047 etpercussumaDeo
1117 989 1172 1036 et
1244 981 1612 1036 bumiliatum.
1679 983 1801 1051 Ipse
1861 991 2042 1036 autem

464 1069 786 1126 vulneratus
818 1081 901 1128 est
955 1081 1176 1144 propter
1226 1074 1546 1144 iniquitates
1589 1085 1831 1135 nostras,
1887 1075 2044 1127 attri-

465 1173 552 1216 tus
615 1171 700 1218 est
744 1171 966 1234 propter
1025 1167 1234 1220 scelera
1295 1174 1486 1220 nostra
1543 1184 1555 1221 :
1615 1165 1904 1236 disciplina
1943 1180 2042 1234 pa-

465 1252 548 1307 cis
581 1265 780 1308 nosme
807 1269 972 1324 super
1005 1269 1149 1315 eum.
1174 1264 1229 1309 et
1251 1255 1422 1310 livore
1459 1255 1581 1325 ejus
1609 1257 1785 1310 sanati
1820 1271 2039 1309 sumus.

467 1342 671 1400 Omnes
706 1360 805 1401 nos
846 1346 1005 1416 quasi
1035 1361 1166 1401 oves
1198 1346 1538 1412 erravimus;
1586 1347 1961 1417 unusquisque
1989 1348 2044 1401 in

473 1439 611 1492 viam
665 1453 819 1492 suam
881 1438 1176 1493 declinavit
1221 1457 1233 1492 :
1272 1446 1327 1492 et
1377 1439 1563 1510 posuit
1594 1437 1857 1493 Dominus
1893 1439 1949 1492 in
1981 1454 2047 1493 co

468 1531 814 1601 iniquitatem
841 1531 1086 1585 omnium
1109 1541 1382 1586 nostrum.
1413 1529 1643 1585 Oblatus
1669 1540 1754 1586 est
1777 1531 1904 1600 quia
1932 1530 2049 1600 ipse

468 1623 659 1686 voluit,
677 1631 850 1677 etnon
868 1623 1081 1692 aperuit
1106 1636 1168 1676 os
1191 1637 1350 1677 suum
1379 1639 1391 1673 :
1425 1621 1702 1676 sicutovis
1730 1621 1795 1674 ad
1810 1621 2048 1676 occisio-

2140 432 2354 503 εἴδομεν
2381 431 2565 492 αὐτὸν,
2588 429 2681 482 καὶ
2695 428 2794 480 οὐκ
2811 421 2954 496 εἶχεν
2969 419 3105 486 εἶδος
3127 420 3247 474 οὐδέ
3261 417 3486 482 κάλλος
3507 417 3643 471 ἀλλὰ
3661 419 3719 469 τὸ

2139 519 2277 588 εἶδος
2291 522 2456 577 αὐτοῦ
2472 521 2662 592 ἄτιμον
2685 520 2778 574 καὶ
2802 517 3064 580 ἐκλεῖπον,
3087 511 3238 584 παρά
3271 512 3402 575 τοὺς
3430 510 3586 572 υἱοὺς
3621 510 3724 562 τῶν

2141 615 2440 688 ἀνθρώπων
2459 632 2472 645 ⁸
2509 613 2792 687 ἄνθρωπος
2819 611 2875 662 ἐν
2903 607 3082 678 πληγῇ
3107 606 3203 671 ὣν,
3231 607 3327 660 καὶ
3350 602 3510 666 εἰδὼς
3541 602 3731 671 ᾳέρειν

2146 707 2434 780 μαλακίαν,
2459 707 2540 759 ὅτι
2568 705 2948 774 ἀπέστραπται
2972 698 3032 751 τὸ
3063 698 3354 770 πρόσωπον
3387 693 3579 756 αὐτοῦ,
3609 694 3738 762 ἡτι-

2148 801 2351 874 μάσθη,
2383 800 2478 854 καὶ
2509 799 2608 852 οὐκ
2634 795 2904 866 ἐλογίσθη.
2939 789 3106 856 Οὗτος
3141 790 3242 854 τὰς
3269 788 3550 860 ἀμαβίας
3572 784 3737 856 ἡμῶν

2146 895 2322 967 φέρει,
2345 893 2586 964 καὶπερὶ
2607 892 2639 960 ἡ
2647 889 2760 961 μῶν
2782 889 3050 947 όδυνᾶται,
3069 886 3163 938 καί¹
3177 885 3339 954 ἡμεῖς
3361 875 3742 949 ἐλογισάμεθα

2146 989 2305 1043 αὑτὸν
2318 983 2455 1040 εἶναι
2472 987 2529 1038 ἐν
2548 984 2689 1053 πόνῳ
2705 983 2798 1036 καὶ
2817 983 2876 1034 ἐν
2891 977 3130 1032 κακώσει
3145 977 3241 1030 καὶ
3261 978 3318 1028 ἐν
3334 974 3529 1044 πληγῇ.
3551 971 3740 1034 Αὐτὸς

2145 1082 2201 1135 δὲ
2233 1077 2632 1152 ἐτραυματίσθη
2664 1076 2749 1128 διὰ
2780 1073 2880 1136 τάς
2899 1067 3361 1143 ἀμαρτίαςήμῶψ
3397 1064 3616 1120 παιδεία
3642 1064 3744 1116 εί-

2149 1175 2316 1245 ρήνης
2336 1170 2492 1242 ἡμῶν
2508 1169 2592 1222 ἐπ’
2625 1166 2806 1229 αὑτὸν,
2824 1163 2900 1236 τῷ
2933 1161 3159 1234 μώλωπι
3179 1158 3343 1213 αὐτοῦ
3374 1159 3534 1229 ἡμεῖς
3569 1154 3739 1225 ἰάθη-

2153 1281 2270 1334 μεν.
2296 1262 2503 1324 Πάντες
2531 1260 2606 1322 ὡς
2633 1256 2879 1328 πρόϐατα
2906 1250 3285 1323 ἐπλανήθημεν
3303 1265 3316 1278 ·
3342 1247 3636 1318 ἄνθρωπος
3663 1245 3738 1313 τῇ

2149 1353 2255 1424 ὀδῷ
2272 1353 2437 1407 αὐτοῦ
2460 1349 2760 1422 ἐπλανήθη,
2777 1349 2870 1402 καὶ
2883 1346 3089 1416 Κύριος
3106 1342 3412 1415 παρέδωκεν
3432 1339 3604 1392 αὑτὸν
3613 1339 3738 1399 ταῖς

2151 1446 2447 1519 ἁμαρτίαις
2482 1443 2638 1515 ἡμῶν
2661 1459 2672 1472 ·
2705 1440 2801 1494 καὶ
2830 1438 2988 1502 αὐτὸς
3024 1437 3111 1490 διὰ
3147 1435 3207 1488 τὸ
3246 1431 3605 1487 κεκακῶσθαι
3631 1431 3734 1482 οὐκ

2153 1540 2359 1608 ἀνοίγει
2378 1537 2440 1592 τὸ
2467 1535 2667 1606 στόμαο
2689 1533 2766 1598 ώς
2797 1529 3068 1602 πρόϐατον
3093 1527 3184 1580 ἐπὶ
3212 1526 3422 1596 σφαγὴν
3445 1523 3617 1594 ἡχθη,
3636 1524 3732 1576 καὶ

2154 1631 2229 1694 ώς
2260 1629 2427 1701 ἀμνὸς
2457 1627 2694 1682 ἐναντίον
2740 1624 2832 1678 τοῦ
2881 1624 3155 1694 κείροντος
3190 1620 3420 1688 ἄφωνος,
3449 1610 3610 1678 οὗτος
3634 1614 3740 1668 οὒκ

473 1731 595 1770 nem
626 1714 830 1769 duetus
852 1721 959 1778 est,
992 1721 1046 1768 et
1078 1713 1238 1784 quasi
1275 1728 1452 1783 agnus
1482 1727 1670 1766 coram
1701 1711 1962 1766 tondente
1987 1729 2045 1766 se

2161 1721 2354 1791 ἀνοίγει
2390 1720 2451 1774 τὸ
2487 1719 2662 1790 στόμα
2703 1715 2898 1770 αὑτοῦ·
2933 1716 2989 1768 ἐν
3016 1717 3083 1786 τῇ
3115 1707 3443 1768 ταπεινώσει
3483 1711 3518 1780 ἡ
3556 1708 3744 1778 κρίσις

469 1806 854 1858 obmutescens
883 1803 961 1857 sic
1015 1818 1123 1857 non
1151 1803 1356 1871 aperiet
1378 1819 1439 1857 os
1458 1819 1638 1857 suum.
1673 1801 1749 1858 De
1769 1803 2042 1870 angustia,

469 1902 524 1949 et
555 1895 622 1948 de
646 1894 855 1963 judicno
886 1894 1137 1950 sublatus
1161 1904 1244 1948 est
1280 1913 1292 1948 :
1319 1894 1726 1964 generationem
1762 1893 1883 1963 ejus
1923 1894 2046 1962 quis

469 1983 787 2040 cnarrabit'?
821 1982 961 2050 Quia
1001 1985 1283 2040 abscissus
1312 1994 1396 2039 est
1430 1985 1497 2038 de
1523 1993 1669 2038 terra
1696 1984 1992 2039 viventium
2029 2003 2041 2038 :

470 2085 693 2148 propter
737 2078 920 2132 scelus
954 2078 1138 2148 populi
1195 2079 1296 2131 mei
1332 2077 1587 2147 percussi
1619 2093 1765 2132 eum.
1812 2075 1878 2130 Et
1905 2076 2048 2132 dabo
2080 2059 2091 2068 ’

472 2172 669 2236 impios
714 2185 813 2240 pro
856 2171 1162 2240 sepultura,
1197 2177 1252 2224 et
1294 2169 1518 2224 divitem
1549 2184 1647 2238 pro
1678 2177 1854 2223 morte
1902 2184 1999 2223 sua
2031 2185 2044 2218 :

469 2262 690 2333 eoquod
712 2263 1056 2331 iniquitatem
1071 2261 1408 2325 nonlecerit,
1437 2276 1615 2331 neque
1636 2260 1796 2316 dolus
1824 2260 2051 2315 l‘uentin

471 2371 566 2410 ore
599 2355 736 2424 ejus.
760 2354 821 2408 Et
847 2354 1112 2410 Dominus
1146 2355 1319 2409 voluit
1339 2362 1624 2409 conterere
1645 2369 1770 2410 eum
1796 2353 1852 2407 in
1899 2351 2053 2406 inﬁr-

473 2450 696 2514 mitate;
729 2449 914 2518 siquis
940 2447 1186 2518 posuerit
1223 2461 1323 2517 pro
1350 2433 1573 2516 peccato
1605 2446 1842 2500 animam
1872 2460 2050 2507 suam,

472 2540 678 2596 videbit
729 2556 914 2596 semen
971 2527 1294 2611 longaevum,
1326 2547 1381 2594 et
1423 2539 1677 2593 voluntas
1728 2537 1943 2593 Domini
1998 2537 2050 2591 in

474 2650 638 2688 manu
668 2633 788 2703 ejus
818 2634 1104 2704 dirigetur.
1135 2633 1240 2687 Pro
1282 2647 1348 2687 eo
1381 2631 1528 2701 quod
1571 2631 1841 2685 laboravit
1873 2630 2054 2683 anima

473 2725 615 2795 ejus,
645 2724 868 2789 videbit,
893 2733 946 2778 et
979 2723 1318 2779 saturabitur
1343 2741 1355 2776 :
1385 2722 1440 2774 in
1472 2721 1699 2776 scientia
1727 2737 1826 2775 sua
1851 2718 2056 2789 justifi-

474 2815 623 2867 cabit
656 2815 772 2884 ipse
799 2813 986 2882 justus
1030 2828 1224 2868 servus
1277 2826 1432 2866 meus
1467 2811 1690 2870 multos.
1736 2811 2056 2880 iniquitates

475 2918 667 2956 eorum
698 2903 815 2972 ipse
843 2902 1102 2972 portabit.
1144 2901 1269 2956 ldco
1314 2901 1636 2972 dispertiam
1677 2901 1726 2955 ei
1765 2900 2053 2971 plurimos,

477 3003 532 3048 et
583 2995 804 3049 fortium
860 2993 1064 3048 dividet
1113 2993 1318 3064 spolia,
1371 3009 1470 3066 pro
1515 3007 1581 3047 eo
1633 2992 1775 3062 quod
1834 2991 2059 3046 tradidit

480 3087 536 3140 in
571 3093 796 3140 mortem
829 3083 1064 3138 animam
1101 3098 1281 3148 suam,
1314 3091 1368 3138 et
1401 3098 1524 3137 cum
1571 3082 1853 3137 sceleratis
1892 3097 2055 3152 repu-

483 3188 632 3232 tatus
663 3183 748 3231 est
780 3195 792 3230 :
822 3183 876 3230 et
925 3175 1042 3244 ipse
1085 3184 1310 3244 peccata
1345 3173 1641 3228 multorum
1672 3173 1818 3237 tulit,
1863 3183 1916 3227 et
1960 3189 2058 3244 pro

483 3267 986 3339 transgressoribus
1029 3265 1260 3336 rogavit.
1311 3263 1519 3330 Lauda,
1550 3265 1758 3321 sterilis
1787 3281 1909 3335 quae
1951 3283 2060 3321 non

483 3359 632 3428 paris
653 3377 665 3411 :
687 3356 918 3412 decanta
943 3356 1182 3423 laudem,
1208 3364 1261 3411 et
1288 3355 1464 3417 binni,
1494 3369 1616 3425 qua!
1638 3369 1745 3408 non
1770 3353 2058 3423 pariebas:

479 3449 744 3517 quoniam
777 3447 932 3502 multi
966 3448 1058 3501 lilii
1109 3447 1360 3510 desertae,
1395 3447 1571 3518 magis
1601 3461 1765 3516 quam
1789 3445 1910 3512 ejus
1942 3460 2063 3514 qua:

487 3543 654 3596 habet
686 3541 863 3595 virum
899 3541 938 3593 '.
981 3559 997 3591 ι
1035 3539 1266 3606 Quando
1300 3539 1446 3593 enim
1482 3538 1641 3600 alias.
1683 3536 1788 3591 nisi
1816 3551 1911 3606 per
1939 3533 2062 3589 Sal-

483 3634 691 3689 vatoris
724 3633 896 3688 nostri
919 3631 1048 3687 Jesu
1077 3632 1280 3688 Christi
1313 3631 1600 3686 adventum
1629 3628 1912 3683 brachium
1943 3643 2062 3680 ma-

485 3742 674 3793 gnum,
707 3725 915 3781 scilicet
935 3723 1099 3781 Verbi
1129 3724 1250 3794 ejus
1285 3723 1591 3786 brachium,
1622 3721 1785 3776 Pater
1813 3719 2066 3790 Deusque

487 3819 732 3872 omnium
786 3818 841 3873 in
875 3824 1176 3888 conspectu
1213 3815 1453 3887 gentium
1496 3813 1779 3877 revelavit,
1810 3827 1947 3883 quas
1981 3812 2064 3865 vi-

487 3911 680 3965 dentes
717 3911 898 3964 datam
941 3908 1078 3978 ipsis
1123 3923 1153 3962 a
1186 3906 1301 3962 Deo
1336 3907 1590 3968 salutem,
1627 3905 1695 3959 ab
1731 3919 1920 3959 errore
1955 3905 2066 3973 pri-

487 4003 631 4059 stino
651 4003 805 4073 jubet
835 4001 1111 4064 recedere,
1143 4015 1245 4055 nec
1277 3999 1388 4069 jam
1419 3998 1678 4068 pollutas.
1715 3996 1914 4065 quibus
1938 3995 2066 4048 olim

488 4097 820 4159 serviebant,
854 4096 1106 4166 turpibus
1164 4101 1219 4147 et
1267 4091 1566 4147 immundis
1615 4089 1796 4145 rebus.
1825 4088 2060 4155 deditas,

489 4187 756 4258 tangere?
785 4185 849 4240 Et
884 4187 1146 4258 quoniam
1162 4201 1273 4240 non
1297 4198 1429 4237 casu
1463 4183 1595 4235 ﬁtut
1628 4181 2007 4236 deterreantur
2039 4193 2070 4232 a

487 4280 724 4351 pristina
751 4279 1022 4348 majorum
1047 4277 1262 4333 vivendi
1287 4274 1500 4330 ratione
1528 4284 1582 4329 et
1614 4289 1642 4328 a
1665 4272 1939 4330 communi
1971 4271 2069 4326 bo~

2151 1810 2316 1866 αὐτοῦ
2351 1808 2516 1882 ἤρθη,
2549 1809 2647 1879 τὴν
2677 1807 2734 1860 δέ
2764 1803 2954 1874 γενεὰν
2981 1801 3143 1856 αὑτοῦ
3169 1800 3252 1864 τίς
3269 1800 3619 1871 διηγήσεταις
3649 1797 3746 1850 ὅτι

2151 1903 2368 1974 αἴρεται
2396 1901 2502 1955 ἀπὸ
2528 1900 2626 1972 τῆς
2655 1898 2759 1969 γῆς
2783 1899 2817 1970 ὴ
2842 1894 2954 1966 ζωὴ
2987 1891 3172 1958 αὑτοῦ,
3219 1890 3327 1944 ἀπὸ
3365 1888 3473 1942 τῶν
3492 1885 3742 1958 ἀνομιῶν

2148 1996 2242 2050 τοῦ
2272 1995 2402 2050 λαοῦ
2433 2011 2534 2066 μου
2568 1992 2706 2064 ἤχθη
2753 1993 2831 2054 εἰς
2875 1989 3120 2043 θάνατον.
3147 1986 3256 2039 Kal.
3282 1983 3439 2038 δώσω
3472 1982 3590 2044 τοὺς
3623 1996 3736 2032 πο-

2155 2088 2352 2161 νηρους
2387 2086 2509 2140 ἀντὶ
2547 2085 2647 2155 τῆς
2703 2082 2876 2153 ταφῆς
2920 2079 3106 2144 αὑτοῦ,
3140 2079 3233 2133 καὶ
3277 2076 3407 2138 τοὺς
3445 2072 3740 2134 πλουσίους

2154 2180 2276 2234 ἀντὶ
2316 2177 2410 2231 τοῦ
2446 2177 2676 2231 θανάτου
2716 2172 2904 2236 αὐτοῦ,
2938 2173 3020 2225 ὃτι
3051 2168 3277 2240 ἀνομίαν
3324 2167 3424 2220 οὒκ
3455 2165 3741 2232 ἐποίησεν,

2152 2269 2275 2323 οὐδὲ
2302 2268 2499 2340 εὑρέθη
2529 2265 2678 2330 δόλος
2719 2267 2775 2318 ἐν
2803 2263 2882 2334 τῷ
2923 2262 3148 2333 στόματι
3176 2257 3360 2313 αὑτοῦ.
3392 2257 3504 2312 Καὶ
3531 2255 3746 2326 Κύριος

2157 2361 2401 2431 βούλεται
2433 2357 2724 2429 καθαρίσαι
2752 2354 2912 2409 αὑτὸν
2939 2353 3047 2408 ἀπὸ
3071 2352 3171 2422 τῆς
3203 2349 3419 2420 πληγῆς
3437 2365 3450 2377 ·
3481 2346 3577 2399 ἐὰν
3603 2346 3747 2399 δῶτε

2156 2455 2281 2527 περὶ
2309 2452 2602 2524 ἁμαρτίας,
2627 2453 2660 2521 ὴ
2688 2447 2833 2520 ψυχὴ
2862 2447 3013 2518 ὑμῶν
3056 2444 3240 2514 ὄψεται
3271 2441 3492 2513 σπέρμα
3525 2441 3744 2509 μακρό-

2156 2548 2302 2600 ϐιον·
2359 2545 2454 2599 καὶ
2503 2544 2748 2615 βούλεται
2802 2541 3004 2612 Κύριος
3044 2542 3101 2593 ἐν
3133 2537 3274 2609 χειρὶ
3309 2533 3478 2589 αὐτοῦ
3518 2533 3744 2601 ἀφελεῖν

2156 2639 2264 2694 ἀπὸ
2291 2637 2382 2691 τοῦ
2422 2637 2584 2690 πόνου
2616 2635 2715 2706 τῆς
2747 2633 2926 2703 ψυχῆς
2965 2629 3151 2692 αὑτοῦ,
3185 2626 3352 2693 δεῖξαι
3392 2627 3544 2696 αὐτῷ
3580 2625 3638 2695 (f.
3667 2622 3745 2680 55

2155 2741 2230 2799 το)
2268 2731 2402 2800 φῶς,
2439 2730 2532 2782 καὶ
2567 2727 2766 2780 πλάσαι
2809 2729 2873 2797 τῇ
2918 2724 3167 2788 συνέσει,
3197 2720 3487 2774 δικαιῶσαι
3530 2718 3746 2771 δίκαιον

2161 2814 2219 2872 εὗ
2253 2815 2570 2870 δουλεύοντα
2592 2813 2841 2876 πολλοῖς,’
2860 2809 3060 2872 καὶτὰς
3077 2806 3349 2879 ἁμαρτίας
3380 2804 3562 2859 αὐτῶν
3579 2802 3747 2866 αὐτὸς

2160 2909 2394 2964 ἀνοίσει·
2426 2907 2512 2961 διὰ
2540 2905 2698 2959 τοῦτο
2743 2903 2900 2967 αὐτὸς
2931 2899 3333 2972 κληρονομήσει
3367 2896 3618 2972 πολλοὺς,
3648 2895 3747 2948 καὶ

2160 3002 2266 3056 τῶν
2320 2999 2554 3072 ἰσχυρῶν
2597 3000 2772 3070 μεριεῖ
2809 2994 3010 3049 σκῦλα’
3068 2992 3182 3046 ἀνθ’
3221 2985 3296 3044 ὧν
3339 2987 3611 3062 παρεδόθη
3663 2989 3745 3049 εἰς

2163 3093 2391 3148 θάνατον
2421 3094 2454 3165 ἡ
2485 3090 2630 3162 ψυχὴ
2652 3087 2838 3154 αὑτοῦ,
2871 3088 2962 3142 καὶ
2981 3087 3039 3142 ἐν
3072 3088 3185 3148 τοῖς
3210 3084 3432 3154 ἀνόμοις
3459 3081 3742 3148 ἐλογίσθη⁸

2161 3188 2255 3242 καὶ
2303 3185 2464 3249 αὐτὸς
2495 3183 2763 3256 ἁμαρτίας
2809 3180 3018 3236 πολλῶν
3069 3179 3352 3250 ἀνήνεγκε,
3389 3176 3485 3229 καὶ
3527 3174 3620 3228 διὰ
3645 3173 3748 3236 τὰς

2161 3277 2390 3350 ἀνομίας
2422 3275 2598 3330 αὐτῶν
2633 3272 2920 3346 παρεδόθη.
2957 3268 3324 3341 Εὐφράνθητι,
3365 3267 3553 3338 στείρα
3599 3267 3632 3336 ἠ
3679 3265 3745 3318 οὐ

2163 3369 2440 3431 τίκτουσα,
2466 3365 2626 3437 ῥῆξον
2651 3365 2745 3418 καλ⁴
2785 3363 2978 3434 βόησον
3031 3363 3123 3415 καὶ
3162 3361 3384 3432 τέρπου,
3417 3360 3450 3429 ἠ
3485 3359 3585 3410 οὐκ
3617 3356 3747 3409 ὡδί-

2163 3476 2360 3514 νουσα·
2393 3460 2475 3512 ὅτι
2507 3457 2674 3510 πολλά
2705 3457 2773 3510 τὰ
2800 3455 2968 3508 τέκνα
2991 3453 3090 3523 τῆς
3123 3453 3325 3525 ἐρήμου
3355 3450 3553 3523 μᾶλλον
3578 3452 3614 3521 ἢ
3644 3450 3746 3519 τῆς

2165 3551 2394 3622 ἐχούσης
2441 3550 2533 3602 τὸν
2573 3548 2758 3619 ἄνδρα.
2801 3566 2818 3598 ι
2859 3547 2968 3599 Καὶ
3006 3546 3123 3598 πότ’
3169 3544 3354 3598 ἄλλοτε
3400 3543 3476 3606 ὡς
3529 3544 3624 3595 ἐπὶ
3674 3545 3744 3612 τῇ

2165 3643 2437 3714 παρουσίᾳ⁴
2481 3640 2576 3694 τοῦ
2626 3642 2878 3711 Σωτῆρος
2929 3636 3085 3709 ἡμῶν
3139 3636 3310 3708 Ἰησοῦ
3364 3634 3600 3706 Χριστοῦ
3653 3634 3746 3686 τὸν

2168 3735 2425 3806 βραχίονα
2468 3731 2558 3786 τὸν
2607 3733 2799 3804 μέγαν,
2847 3729 2946 3783 οὐκ
2991 3726 3144 3782 ἄλλον
3173 3727 3300 3780 ὄντα
3327 3725 3420 3778 τοῦ
3453 3725 3627 3793 Λόγου
3648 3725 3748 3777 αὖ-

2165 3829 2280 3890 τοῦ,
2304 3829 2333 3880 ό
2371 3825 2560 3897 Πατὴρ
2584 3827 2677 3878 καὶ
2707 3823 2838 3886 Θεὸς
2883 3821 2991 3874 τῶν
3027 3821 3162 3874 ὅλων
3188 3817 3415 3873 ἐνώπιον
3436 3818 3544 3870 τῶν
3573 3816 3745 3870 ἐθνῶν

2169 3916 2540 3987 ἀπεκάλυψεν,
2587 3914 2623 3968 ἃ.
2661 3914 2756 3968 καὶ
2795 3913 2973 3967 ἰδόντα
3012 3912 3108 3982 τὴν
3147 3909 3523 3983 δεδωρημένην
3557 3909 3746 3972 αὐτοῖς

2169 4010 2273 4064 ὑπὸ
2326 4007 2420 4060 τοῦ
2471 4005 2606 4060 Θεοῦ
2660 4004 2931 4076 σωτηρίαν
2974 4001 3301 4072 ἀφίστασθαι
3333 4001 3426 4070 τῆς
3473 3999 3752 4070 προτέρας

2171 4100 2564 4174 προστάττεται
2590 4097 2817 4166 πλάνης,
2836 4096 2929 4149 καὶ
2959 4094 3152 4166 μηκέτι
3174 4093 3282 4146 τῶν
3302 4091 3649 4163 ἀκαθάρτων,
3664 4085 3746 4154 οἷς

2171 4195 2435 4266 πρότερον
2483 4191 2828 4256 ἐκαλινδεῖτο,
2865 4190 3106 4260 αἰσχροῖς
3143 4189 3237 4240 καὶ
3267 4187 3478 4259 μιαροῖς
3515 4182 3747 4236 ἐνειλού-

2177 4305 2309 4358 μενα
2335 4285 2655 4356 πράγμασιν
2690 4282 3059 4354 ἐφάπτεσθαις
3094 4279 3205 4334 Καὶ
3233 4279 3356 4332 ἐπεὶ
3395 4279 3453 4330 οὐ
3487 4277 3548 4329 τὸ
3581 4275 3742 4345 τυχόν

490 4371 696 4423 minum
745 4368 1008 4423 societate
1079 4367 1244 4437 liujus
1275 4367 1450 4437 gratia
1487 4367 1604 4436 ipse
1642 4363 1908 4418 Dominus
1939 4375 2057 4416 cum

2173 4382 2287 4433 ἐστι
2329 4378 2390 4431 τὸ
2425 4377 2787 4448 ἀποδιορίξειν
2828 4375 3051 4438 ἑαυτοὺς
3094 4373 3191 4443 τῆς
3225 4371 3496 4443 προτέρας
3540 4385 3740 4453 πατρο-

489 4462 562 4516 iis
611 4459 1017 4514 ambulaturum
1079 4476 1139 4515 se
1192 4475 1390 4530 eosque
1435 4465 1890 4528 congregaturum
1935 4470 2063 4524 pro-

493 4551 680 4618 mittit,
717 4558 1000 4621 portantes
1035 4567 1164 4606 vasa
1224 4567 1344 4616 sua,
1391 4559 1580 4606 sancta
1632 4548 1883 4603 videlicet
1930 4561 2067 4615 prce-

493 4652 672 4715 cepta,
715 4643 1044 4713 divinosque
1091 4658 1394 4699 sermones.
1433 4635 1767 4696 Rursus'eis
1807 4639 2067 4708 quemad-

495 4737 720 4794 modum
749 4737 804 4790 in
834 4735 1110 4807 prioribus
1135 4735 1438 4804 prepbetiis
1467 4733 1683 4788 diverse
1716 4729 1889 4785 Filius
1910 4729 2070 4783 Chri-

497 4839 617 4887 stus
633 4829 1017 4884 nominabatur
1035 4827 1152 4891 Dei,
1173 4828 1248 4880 ita
1269 4834 1319 4880 et
1339 4827 1427 4880 hic
1449 4827 1670 4882 dicitur.
1691 4825 2070 4880 Intellecturus

498 4926 700 4976 autem,
724 4926 778 4972 et
804 4917 1121 4979 eievandus,
1146 4927 1199 4971 et
1235 4931 1563 4986 magnOpere
1593 4914 1918 4970 exaltandus
1947 4929 2073 4984 pro-

499 5009 804 5080 pbetizatur
822 5017 1041 5080 propter
1057 4991 1444 5064 humanitatem
1464 5022 1641 5070 suam,
1661 5007 1728 5063 de
1745 5023 1849 5080 qua
1870 5007 1983 5062 bace
1999 5008 2076 5061 di-

499 5110 716 5157 cuntur.
737 5099 874 5156 Vere
889 5103 1032 5156 enim
1057 5101 1456 5172 obstupuerunt
1473 5101 1749 5155 etattoniti
1767 5109 1893 5154 sunt
1912 5115 2075 5168 super

499 5208 623 5247 eum
656 5193 833 5260 multi,
868 5194 1141 5248 hominem
1173 5209 1297 5248 eum
1335 5193 1440 5248 sibi
1479 5192 1712 5247 similem
1737 5200 2071 5261 reputantes.

505 5282 1025 5356 Obstupueruntque
1068 5285 1218 5339 nulla
1270 5283 1633 5355 pragcellentia
1683 5283 1766 5337 vel
1799 5282 2076 5337 mundana

508 5376 678 5444 gloria
707 5379 1105 5433 circumdatum
1138 5392 1264 5432 eum
1295 5378 1568 5438 videntes,
1599 5389 1749 5438 cum,
1786 5373 1960 5428 forma
1984 5373 2078 5426 Dei

509 5464 777 5536 deposita,
802 5469 1090 5540 ipsumque
1125 5483 1184 5524 se
1207 5467 1551 5530 exinaniens,
1587 5471 1640 5519 et
1663 5463 1806 5519 servi
1849 5464 2078 5517 formam

512 5557 808 5628 accipiens,
861 5562 1222 5617 admiratione
1276 5569 1330 5617 et
1381 5557 1856 5630 obstupefactione
1919 5558 2078 5628 digna

621 5669 784 5729 'lsai.
818 5687 915 5742 LII,
954 5673 1152 5739 10-15;
1189 5690 1306 5740 Lm,
1340 5674 1398 5740 l;
1431 5687 1543 5741 Liv,
1585 5673 1630 5727 Ι.

2167 4469 2474 4540 παραδότου
2525 4466 2828 4528 πολιτείας,
2883 4465 2976 4517 καὶ
3019 4461 3120 4532 τῆς
3169 4459 3352 4528 κοινῆς
3398 4456 3506 4509 τῶν
3542 4452 3740 4524 ἀνθρώο

2169 4581 2283 4614 πων
2333 4557 2810 4628 συναναστροφῆς,
2855 4556 3043 4608 τούτου
3072 4554 3231 4624 χάριν
3274 4550 3438 4613 αὐτὸς
3478 4551 3507 4601 ὁ
3545 4547 3736 4615 Κύριος

2173 4649 2646 4723 συμπορεύσεσθαι
2719 4650 2812 4701 καὶ
2873 4645 3119 4710 συνάξειν
3178 4640 3562 4711 ἐπαγγέλλεται
3619 4637 3734 4698 τοὺς

2173 4748 2435 4817 φέροντας
2485 4741 2553 4796 τὰ
2618 4739 2784 4812 σκεύη
2845 4738 3049 4801 αὐτοῦ,
3095 4736 3250 4807 δῆλον
3299 4733 3341 4786 δ’
3384 4734 3466 4785 ὅτι
3518 4730 3582 4783 τὰ
3623 4727 3733 4800 ἰερά

2175 4840 2420 4909 δόγματα
2449 4837 2544 4891 xui.
2583 4835 2711 4897 τοὺς
2749 4832 2925 4894 θείους
2955 4829 3166 4897 λόγους.
3212 4824 3380 4879 Πάλιν
3420 4823 3464 4876 δ’
3502 4821 3592 4876 ἐπὶ
3617 4818 3728 4872 τού-

2173 4949 2287 4995 τοις
2320 4931 2377 4985 ὃν
2412 4930 2612 5001 τρόπον
2643 4929 2702 4980 ἐν
2731 4927 2852 4988 ταῖς
2886 4921 3141 4993 ἀνωτέρω
3178 4917 3536 4990 προφητείαις
3564 4912 3729 4980 διαφό-

2183 5022 2442 5095 ρας(ως)
2481 5022 2617 5083 Παῖς
2689 5021 2717 5072 ό
2773 5016 3009 5088 Χριστὸς
3061 5011 3374 5083 ὠνομάζετο
3429 5008 3521 5062 τοῦ
3574 5004 3724 5066 Θεοῦ,

2178 5114 2441 5178 ὡσαύτως
2473 5114 2682 5184 εἴρηται
2725 5110 2820 5163 καὶ
2847 5106 3052 5161 ἐνθάδε
3094 5105 3344 5175 συνήσειν
3377 5101 3435 5155 δὲ
3475 5101 3563 5154 κα)⁸
3597 5097 3728 5164 ὕψω-

2179 5209 2578 5280 θήσεσθαι,καὶ
2629 5205 2831 5276 σφόδρα
2874 5200 3299 5274 δοξασθήσεσθαι
3354 5194 3726 5270 προφητεύεται

2183 5299 2279 5352 τοῦ
2316 5297 2657 5370 ἀνθρωπίνου
2693 5292 2858 5348 αὑτοῦ
2885 5291 3291 5363 ἐπινοουμένου,
3329 5289 3458 5361 περὶ
3489 5283 3544 5341 οῦ
3575 5282 3726 5338 ταῦτα

2190 5393 2421 5461 λέγεται’
2457 5387 2673 5462 ἀληθῶς
2701 5386 2756 5440 δὲ
2788 5386 3083 5457 ἐξέστησαν
3108 5386 3201 5438 καὶ
3223 5381 3627 5456 ἐξηπορήθησαν

2191 5485 2336 5555 aii-:55)
2366 5482 2568 5544 πολλοὶ,
2601 5480 2882 5554 ἄνθρωπον
2917 5480 3123 5540 ἑαυτοῖς
3157 5477 3339 5546 ὅμοιος
3372 5468 3600 5543 (ὁμοίως)
3638 5464 3702 5516 αἶ’
