4008 6208
250 267 390 323 1245

1269 263 1559 319 ΕΕΙΑΟΟᾸΞ
1602 263 2077 323 PROPHETICIE.
2114 298 2183 307 —-
2206 268 2333 324 LIB.
2372 267 2461 325 ιν.

3351 281 3485 335 ιεισ
3528 261 3534 267 ’

246 393 339 435 τον
372 377 750 448 ὑπειληφότες·
791 380 885 432 καὶ
925 378 1215 448 ἐξέστησάν
1242 395 1304 445 γε
1338 378 1604 447 μηδεμίαν
1649 379 1817 451 ὑπερ-

1927 381 2146 450 perfecit
2178 382 2446 452 prodigia,
2488 382 2564 436 ita
2615 390 2673 436 ut
2719 373 3152 455 contemplantes
3207 404 3330 445 eun)
3373 405 3490 448 stu-

249 472 387 541 οχὴν
419 469 451 540 ἢ
482 468 637 532 δόξαν
676 468 944 538 κοσμικὴν
969 467 1429 540 περιδεδλημένον
1455 469 1614 537 αὑτᾷν
1643 471 1815 541 ἑωρα-

247 563 563 628 κότες,,ὃτε,
586 562 684 632 τὴν
710 562 802 614 τοῦ
832 560 964 614 Θεοῦ
999 560 1209 633 μορφήν
1238 560 1591 631 ἀποθέμενος,
1626 563 1816 618 ἑαυτόν

246 674 306 710 τε
331 654 575 715 κενώσας
608 655 702 706 καὶ
733 652 915 705 δούλου
948 651 1253 722 ἀνειληφὼς
1290 651 1521 723 μορφὴν,
1557 652 1817 721 ἐξε(σ)τά-

250 765 384 810 σεως
422 747 547 811 ἄξια
580 745 675 797 καὶ
715 742 1103 813 καταπλήξεως
1135 743 1383 796 ἀπετέλει
1416 745 1711 814 παράδοξα,
1742 745 1816 809 ὡς

244 841 372 902 τοὺς
429 837 769 908 θεωροῦντας
825 836 961 890 αὑτά
1017 836 1558 907 καταπληττομένους
1614 837 1811 907 λέγειν·

252 951 270 981 ι
302 932 413 999 Οὐχ
440 923 596 991 οὗτός
629 930 774 980 ἐστιν
811 929 839 979 6
874 929 986 991 υἱὸς
1018 928 1251 999 ἰωσήφ;
1290 927 1408 998 ουχὶ
1441 930 1472 998 ἡ
1514 929 1693 998 μήτηρ
1725 929 1817 980 καὶ

244 1025 295 1076 οἱ
328 1023 546 1091 ἀδελφοὶ
568 1021 732 1073 αὑτοῦ
768 1023 872 1073 εἱσι
910 1022 1036 1092 παρ’
1068 1023 1231 1091 ήμῖν;
1275 1040 1292 1071 ι
1332 1021 1442 1074 Καὶ.
1468 1023 1546 1083 εἰς
1572 1021 1729 1092 δεῦρο
1762 1023 1817 1075 δέ

247 1114 487 1167 πλεῖστοι
518 1114 602 1165 ἐπ’
633 1112 793 1164 αὐτὸν
828 1110 1130 1175 ἐξίστανται
1160 1114 1253 1165 καὶ
1288 1110 1692 1184 ἐξαποροῦνται,
1721 1113 1817 1183 τὴν

246 1207 591 1261 διδασκαλίαν
630 1205 792 1260 αὑτοῦ
822 1206 1224 1277 διαδραμοῦσαν
1259 1206 1351 1259 καὶ
1383 1205 1460 1257 ἔτι
1485 1204 1577 1257 νῦν
1606 1206 1818 1275 διατρέ-

246 1317 451 1370 χουσαν
484 1299 563 1367 ἐφ’
586 1297 712 1369 ὃλην
746 1297 978 1369 ὁρῶντες
1007 1298 1104 1368 τὴν
1136 1297 1478 1367 οἰκουμένην,
1509 1296 1617 1349 τῶν
1647 1314 1703 1349 τε
1738 1298 1816 1361 εἰς

243 1393 410 1447 αὐτὸν
458 1390 891 1443 πεπιστευκότων
941 1387 1037 1458 τὴν
1088 1389 1281 1450 ἀκλινῆ
1342 1390 1434 1441 καὶ
1487 1386 1817 1458 ἀμετάθετον

240 1483 481 1536 διάθεσιν
498 1480 905 1543 κατανοοῦντες.
934 1478 1118 1532 Ταῦτα
1144 1480 1201 1532 δὲ
1214 1480 1583 1551 θαυμάζοντες
1603 1479 1662 1532 οὐ
1692 1496 1816 1531 συν-

244 1576 357 1629 ίασι
388 1575 487 1645 τὴν
512 1573 657 1627 θείαν
689 1572 915 1643 δύναμιν
955 1571 1075 1625 καθ’
1104 1572 1172 1644 ἢν
1210 1571 1477 1644 ἐνήργησέ
1509 1588 1568 1624 τε
1592 1570 1685 1623 καὶ
1708 1572 1817 1622 εἰσ-

243 1666 325 1718 έτι
361 1664 459 1719 νῦν
491 1665 733 1736 ἐνεργεῖν
767 1663 834 1716 τὰ
890 1663 1195 1732 τηλικαῦτα
1226 1664 1526 1733 δεδύνηται·
1564 1663 1815 1733 συνέσχον

241 1758 298 1811 δὲ
331 1756 545 1827 ἀληθῶς
599 1757 693 1809 καὶ
737 1758 1082 1810 συνέστειλαν
1129 1756 1215 1807 ἐπ’
1258 1756 1419 1808 αὑτὸν
1473 1754 1707 1824 βασιλεῖς
1758 1754 1819 1807 τὸ
1850 1747 1892 1801 Β

245 1849 421 1919 στόμα
460 1848 658 1912 αὐτῶν,
686 1848 794 1901 εἴτε
823 1850 871 1902 οἱ
904 1848 1256 1918 συναχθέντες
1285 1847 1426 1900 κατά
1449 1848 1509 1900 τὸ
1536 1846 1704 1910 πάθος
1725 1847 1820 1899 αυ-

242 1943 360 2003 τοῦ,
398 1943 525 2012 περὶ
570 1935 644 1994 ὧν
686 1941 878 2013 ἐλέχθη
912 1942 990 1994 τό·
1043 1960 1060 1991 ι
1099 1941 1454 2012 Παρέστησαν
1498 1940 1547 1990 οἱ
1584 1937 1820 2009 βασιλεῖς

241 2036 344 2106 τῆς
378 2036 503 2105 γῆς,
532 2036 693 2089 καὶοὶ
726 2036 983 2105 ἄρχοντες
1016 2033 1356 2104 συνήχθησαν
1386 2033 1478 2085 ἐπὶ
1506 2032 1565 2084 τὸ
1595 2032 1743 2095 αὑτό,
1797 2051 1814 2083 ι

240 2130 355 2183 εἴτε
388 2131 483 2182 καὶ
510 2130 557 2181 οἱ
603 2129 742 2181 κατά
787 2128 1010 2200 καιροὺς
1054 2128 1312 2199 ἄρχοντες
1350 2126 1458 2179 τῶν
1496 2125 1691 2179 ἐθνῶν·
1729 2126 1821 2177 καὶ

243 2222 506 2290 συνέσχον
537 2237 599 2287 γε
636 2220 809 2290 στόμα
848 2217 1054 2271 ἑαυτῶν
1087 2217 1163 2286 τῷ
1195 2217 1453 2281 πολλάκις
1499 2217 1594 2288 μέν
1625 2218 1819 2279 αὐτοὺς

242 2304 592 2382 ἐπιχειρῆσαι
629 2310 869 2363 κωλῦσαι
909 2310 998 2361 τὸν
1025 2308 1181 2377 λόγον
1213 2308 1373 2361 αὑτοῦ
1409 2309 1502 2360 καὶ
1542 2308 1640 2378 τήν
1674 2307 1819 2359 διδαο

245 2404 497 2467 σκαλίαν,
536 2403 685 2455 οὐδὲν
726 2403 782 2455 δέ
820 2397 981 2472 ἦττον
1019 2399 1367 2471 ὑπερισχύειν
1397 2399 1557 2453 αὑτὸν
1588 2400 1681 2451 καὶ
1706 2398 1821 2451 δια-

241 2496 483 2567 λάμπειν
516 2492 865 2562 δοξαζόμενον
901 2491 994 2544 καὶ
1026 2492 1103 2553 εἰς
1131 2489 1260 2558 ὕψος
1289 2488 1596 2560 αἰρόμενον,
1634 2488 1697 2557 (f.
1730 2488 1818 2556 57)

242 2588 323 2650 ὡς
358 2585 590 2656 φανερὸν
640 2584 830 2638 ἑαυτὸν
876 2582 1199 2636 καθιστάναι
1243 2582 1304 2633 οὐ
1356 2580 1536 2651 μόνοις
1581 2582 1695 2641 τοῖς
1724 2578 1822 2641 τὰς

244 2679 379 2752 περὶ
425 2677 588 2730 αὐτοῦ
628 2677 963 2747 προφητείας
1007 2677 1070 2728 ἐκ
1115 2674 1366 2744 πατέρων
1415 2672 1822 2744 παρειληφόσιν,

245 2772 407 2835 ἀλλὰ,
456 2772 519 2824 τὸ
562 2768 1017 2843 παραδοξότατον,
1057 2763 1137 2831 οἷς
1178 2765 1518 2820 οὐδεπώποτε
1551 2764 1824 2835 ἀνηγγέλη

243 2882 299 2918 τι
330 2864 459 2935 περὶ
487 2862 674 2925 αὑτοῦ,
715 2860 858 2913 τοῦτ’
893 2859 1037 2912 ἐστιν
1073 2862 1204 2929 ἡμῖν
1237 2862 1348 2922 τῖῖς
1391 2858 1619 2911 ἔθνεσιν·
1656 2856 1703 2910 οἳ
1733 2856 1826 2908 καὶ

250 2956 374 3028 μηδ’
403 2955 538 3018 ὅλως
574 2952 726 3025 παρὰ
763 2952 872 3005 τῶν
907 2950 1186 3021 προγόνων
1227 2951 1527 3021 ἀκηκοότες
1567 2968 1640 3011 τι,
1693 2948 1826 3019 μηδὲ

248 3047 743 3119 προμεμαθηκότες
772 3046 899 3116 περί
922 3045 1020 3114 τῆς
1048 3042 1212 3095 αὐτοῦ
1245 3042 1565 3112 παρουσίας,
1591 3043 1825 3109 συνῆκα-

248 3154 352 3209 μεν
392 3137 552 3190 αὐτὸν
590 3134 831 3199 ἐλθόντα,
872 3135 966 3187 καὶ
1006 3132 1104 3196 τὰς
1136 3132 1263 3201 περὶ
1300 3131 1461 3185 αὑτοῦ
1491 3132 1823 3202 προφητείας

249 3228 674 3299 κατεδεξάμεθα.
730 3226 913 3280 Ταῦτα
962 3226 1019 3279 δέ
1069 3224 1300 3296 προῖδὼν
1350 3227 1378 3277 6
1432 3226 1717 3295 προφήτης
1767 3225 1823 3275 ἐν

247 3322 522 3391 πνεύματι
554 3322 825 3389 ἀναφωνεῖ
846 3318 1344 3388 ἀποθαυμαστικῶς
1363 3316 1533 3385 λέγων
1560 3317 1638 3368 τό·
1670 3335 1688 3366 ‹
1722 3316 1827 3368 Κῦ-

250 3428 357 3481 ριε,
382 3411 465 3474 τίς
499 3410 816 3463 ἐπίστευσεν
839 3412 904 3479 τῇ
939 3410 1073 3480 ἀκοῇ
1096 3408 1286 3480 ήμῶνς
1326 3429 1344 3460 ι
1384 3409 1559 3478 Ὅπερ
1589 3408 1686 3459 οὐκ
1710 3406 1824 3460 ἔστι

245 3502 447 3556 ταὺτὸν
480 3502 576 3572 τῷ·
616 3501 801 3564 Οὐδεὶς
842 3500 1129 3553 ἐπίστευσε
1180 3503 1246 3571 τῇ
1264 3501 1397 3571 ἀκοῇ
1428 3499 1604 3570 ἡμῶν·
1642 3498 1827 3567 σαφῶς

248 3593 360 3664 γάρ
392 3610 475 3646 τοι
518 3591 687 3645 πολλά
726 3591 902 3663 πλήθη
937 3593 1045 3645 τῶν
1088 3591 1147 3655 ἐξ
1192 3591 1382 3655 ἐθνῶν,
1426 3591 1519 3645 καὶ
1544 3591 1722 3644 αὐτῶν
1753 3591 1816 3662 δή

251 3702 397 3749 τινες
437 3684 544 3738 τῶν
578 3687 641 3738 ἐκ
675 3685 1004 3754 περιτομῆς,
1059 3683 1450 3737 πεπιστεύκασι
1480 3686 1544 3754 τῇ
1578 3685 1704 3753 περὶ
1736 3683 1829 3735 τοῦ

252 3776 677 3849 Χριστοῦ”ἀκοῇ·
709 3776 801 3830 καὶ
828 3796 845 3826 ι
869 3776 897 3827 6
927 3775 1162 3847 βραχίων
1186 3775 1263 3839 δέ,
1289 3795 1306 3826 ι
1342 3776 1494 3845 φησὶ,
1523 3794 1541 3827 ι
1568 3776 1823 3846 Κυρίου,ι

251 3868 396 3921 τοῦτ’
431 3868 576 3923 ἔστιν
612 3871 641 3922 6
680 3868 862 3940 προὼν
891 3867 984 3921 τοῦ
1020 3867 1152 3921 Θεοῦ
1188 3869 1380 3937 Λόγος,
1419 3886 1437 3918 ι
1477 3868 1583 3920 τίνι
1621 3869 1828 3921 ἀπεκα-

252 3961 462 4032 λύφθης
501 3981 517 4012 ι
552 3961 723 4026 Αὐτὸς
749 3965 777 4015 6
805 3962 959 4031 λόγος
991 3964 1047 4015 ἐν
1075 3962 1215 4032 ἀρχῇ
1241 3961 1340 4031 τῆς
1388 3960 1723 4032 προφητείας
1755 3960 1832 4013 δι-

251 4054 441 4107 δάσκει
468 4053 659 4122 λέγων·
699 4074 715 4104 ι
738 4055 845 4107 Καὶ
870 4053 1209 4107 ἀποκαλύψει
1235 4055 1434 4125 Κύριος
1460 4054 1548 4106 τὸν
1576 4053 1833 4125 βραχίονα

252 4144 343 4197 τὸν
375 4146 527 4213 ἅγιον
561 4143 724 4199 αὐτοῦ
755 4145 982 4197 ἐνώπιον
1014 4144 1230 4198 πάντων
1255 4145 1363 4198 τῶν
1392 4144 1579 4198 ἐθνῶν.
1614 4165 1632 4195 ι
1674 4144 1831 4214 Ἑξῆς

251 4245 440 4305 αὐτοῖς
474 4240 725 4308 λέγεται·
780 4256 797 4289 ι
847 4237 1269 4309 Ἀνηγγείλαμεν
1301 4237 1528 4291 ἐνώπιον
1563 4238 1723 4291 αὑτοῦ
1758 4238 1833 4300 ὡς

252 4334 493 4396 παιδίον,
528 4333 601 4396 ὼς
634 4332 756 4403 ῥίζα
789 4332 845 4385 ἐν
868 4335 938 4402 γῇ
964 4332 1191 4402 διψώσῃ·
1216 4331 1316 4384 οὐκ
1345 4330 1489 4383 ἐστιν
1523 4328 1659 4393 εἶδος
1687 4330 1834 4400 αὑτῴ

1802 3102 1897 3161 -C

1918 478 2113 539 pentes
2162 471 2404 525 dicerent
2440 492 2453 525 :
2492 491 2511 523 ι
2549 472 2740 528 Nonne
2775 474 2865 528 hic
2907 484 2988 530 est
3022 475 3185 534 Jesns
3219 480 3360 538 filius
3392 483 3489 541 Jo-

1918 564 2050 633 seph
2073 562 2304 618 ?Nonne
2324 572 2494 619 mater
2513 574 2565 622 et
2592 565 2787 621 fratres
2810 568 2930 637 ejus
2959 577 3089 624 sunt
3107 571 3250 627 inter
3265 592 3367 630 nos
3383 578 3439 632 ‘?
3466 599 3484 630 ι

1918 655 1984 709 Ει
2019 672 2163 710 nunc
2197 672 2373 726 usque
2404 673 2569 727 super
2596 675 2718 714 eum
2782 659 3125 719 admirantur
3149 674 3202 717 et
3231 665 3491 737 obstupe-

1917 751 2355 820 scuntplerique,
2375 750 2679 805 doctrinam
2708 752 2828 821 ejus
2853 753 3103 808 diﬂ‘usam
3133 763 3187 810 et
3216 773 3362 813 nunc
3391 761 3492 815 ad-

1917 841 2023 895 huc
2055 848 2432 910 penetrantem
2452 842 2696 897 videntes
2732 844 2786 898 in
2811 845 3118 900 universam
3148 827 3371 917 terram,
3392 867 3491 906 eo-

1918 949 2149 1004 rumque
2188 934 2281 1006 qui
2311 933 2661 989 crediderunt
2696 937 2749 989 in
2770 953 2901 991 eum
2921 945 3260 995 constantem
3298 943 3490 1007 immo-

1918 1034 2139 1098 tamque
2155 1028 2612 1097 perseverantiam
2632 1038 2965 1099 reputantes.
2988 1030 3110 1086 Haec
3132 1044 3310 1088 autem
3325 1014 3490 1090 admi-

1921 1121 2047 1183 rati,
2067 1136 2178 1174 non
2206 1120 2444 1175 divinam
2477 1122 2860 1177 intellexerunt
2888 1132 3207 1193 potestatem
3236 1142 3342 1197 qua
3366 1143 3490 1197 ope-

1920 1222 2073 1267 ratus
2093 1219 2247 1267 estet
2272 1228 2419 1267 nunc
2452 1229 2625 1283 usque
2653 1215 2867 1283 operari
2907 1221 2985 1268 tot
3021 1223 3074 1270 et
3103 1225 3251 1271 tanta
3280 1220 3489 1284 valeat;

1917 1305 2303 1359 continuerunt
2318 1315 2493 1360 autem
2510 1321 2635 1359 vere
2660 1321 2827 1376 super
2840 1321 2962 1361 eum
2979 1309 3391 1365 etoccluserunt
3413 1327 3493 1367 re-

1921 1411 2016 1467 ges
2039 1411 2102 1450 os
2134 1411 2314 1462 suum,
2336 1396 2452 1450 sive
2477 1396 2572 1466 qui
2606 1398 2920 1468 congregati
2950 1398 3165 1454 fuerant
3218 1402 3495 1471 passionis

1917 1493 2036 1562 ejus
2055 1503 2316 1564 tempore,
2334 1494 2402 1565 de
2418 1496 2621 1565 quibus
2641 1494 2846 1550 dictum
2858 1502 2943 1550 est
2962 1494 3319 1549 :cAstiterunt
3339 1508 3493 1564 reges

1918 1595 2097 1649 terra},
2132 1594 2187 1640 et
2223 1587 2500 1657 principes
2546 1594 2920 1641 convenerunt
2950 1587 3004 1640 in
3034 1601 3202 1639 unum
3232 1584 3494 1648 adversus

1919 1691 2041 1729 eum
2058 1693 2073 1742 ;
2094 1676 2267 1730 'isive
2291 1677 2383 1747 qui
2414 1685 2541 1730 tunc
2555 1684 2713 1730 erant
2732 1674 3004 1745 principes
3019 1673 3257 1743 gentium
3275 1682 3357 1737 ;et
3371 1688 3497 1727 con-

1923 1766 2200 1820 tinuerunt
2215 1766 2461 1836 profecto
2478 1783 2541 1822 os
2573 1782 2755 1831 suum,
2778 1781 2901 1821 cum
2919 1768 3118 1835 saepius
3132 1766 3495 1821 intercludere

1924 1873 2205 1915 sermones
2227 1858 2346 1929 ejus
2383 1861 2564 1914 conati
2596 1866 2781 1915 essent
2821 1868 2982 1929 atque
2997 1859 3497 1925 doctrinam,etille

1924 1948 2281 2004 nihilominus
2299 1948 2353 2003 in
2377 1949 2552 2019 majus
2576 1949 2959 2015 invalesceret,
2984 1950 3303 2018 praclarus,
3333 1949 3500 2021 incly-

1922 2046 2032 2103 ttts,
2058 2048 2112 2093 et
2142 2039 2393 2096 sublimis
2433 2039 2629 2106 factus,
2649 2040 2722 2093 ita
2759 2049 2818 2093 nt
2846 2040 3174 2096 manifestus
3209 2040 3360 2096 ﬁeret
3388 2055 3495 2095 non

1924 2129 2085 2184 modo
2100 2129 2167 2184 iis
2181 2128 2320 2199 quia
2339 2130 2587 2201 patribus
2601 2129 2668 2184 de
2685 2129 2806 2199 ipso
2822 2130 3134 2199 prophetias
3152 2137 3470 2199 acceperant
3483 2169 3497 2193 ,

1925 2223 2203 2292 sed,quod
2239 2223 2599 2293 multomagis
2620 2222 2925 2285 mirandum
2958 2229 3135 2285 est,et
3166 2222 3275 2275 illis
3298 2221 3498 2291 quibus

1923 2314 2057 2366 nihil
2091 2328 2327 2382 unquam
2357 2311 2425 2366 de
2456 2326 2522 2365 eo
2548 2311 2929 2365 annuntiatnm
2945 2310 3142 2374 fuerat,
3166 2312 3373 2365 scilicet
3401 2326 3499 2364 no-

1920 2405 2006 2460 bis
2042 2406 2316 2475 gentibus.
2343 2404 2445 2470 Qui
2478 2413 2532 2459 et
2561 2403 2784 2456 minime
2813 2402 3109 2472 quidquam
3136 2415 3167 2454 a
3191 2400 3499 2470 majoribus

1923 2493 2297 2560 audieramus,
2349 2511 2483 2551 neve
2542 2496 2609 2550 de
2660 2495 2780 2564 ejus
2829 2493 3065 2548 adventu
3109 2492 3497 2553 didiceramus,

1923 2606 2048 2646 eum
2094 2590 2311 2645 venisse
2353 2589 2731 2658 cognovimus,
2789 2586 3208 2656 accepimnsque
3261 2584 3328 2639 de
3378 2584 3502 2653 ipso

1927 2682 2264 2752 prophetias.
2292 2678 2423 2746 Quae
2454 2689 2633 2734 autem
2659 2678 2964 2749 praevidens
2992 2680 3276 2749 preplieta,
3304 2679 3498 2750 spiritu

1928 2774 2141 2827 afﬂatus
2162 2773 2369 2839 divino,
2395 2770 2694 2826 admiratus
2723 2771 2993 2824 exclamat
3019 2789 3032 2823 :
3061 2789 3077 2821 ι
3106 2769 3347 2835 Domine,
3378 2772 3502 2840 quis

1929 2867 2162 2922 credidit
2200 2866 2410 2920 auditui
2453 2864 2682 2919 nostro?
2727 2883 2745 2915 ι
2781 2862 2936 2929 Quod
2972 2879 3080 2917 non
3132 2863 3272 2917 idem
3308 2871 3392 2918 est
3438 2878 3503 2917 ac

1930 2960 1976 3015 si
2002 2960 2214 3015 diceret
2244 2978 2257 3011 :
2295 2956 2487 3012 Nullus
2508 2956 2693 3011 credet
2726 2955 2935 3009 auditui
2974 2963 3185 3012 nostro.
3220 2954 3504 3011 Manifesta

1929 3053 2075 3106 enim
2116 3065 2310 3120 magna
2362 3048 2656 3104 multitudo
2708 3048 2972 3118 gentium,
3010 3047 3362 3117 ipsorumque
3406 3045 3504 3101 Ju-

1928 3142 2168 3196 daeorum
2202 3140 2450 3193 nonnulli
2499 3140 2567 3193 de
2613 3138 2835 3193 Christo
2888 3137 3097 3192 auditui
3131 3137 3499 3191 crediderunt.

1926 3232 1990 3285 Et
2016 3250 2034 3282 ι
2059 3230 2361 3293 brachium,
2390 3252 2407 3282 ι
2429 3231 2525 3297 ait,
2549 3251 2565 3279 ι
2593 3229 2829 3292 Domini,
2847 3250 2865 3282 ι
2893 3231 3098 3285 scilicet
3123 3229 3503 3299 pt'aaexsistens

1926 3324 2019 3378 Dei
2052 3323 2305 3382 Verbum,
2332 3342 2349 3372 ‹
2376 3324 2463 3377 cui
2489 3323 2784 3377 revelatum
2817 3324 2939 3378 est?
2963 3340 2981 3373 ι
3011 3320 3128 3391 Ipse
3161 3321 3303 3375 enim
3324 3336 3505 3375 sermo

1928 3413 1982 3467 in
2010 3412 2164 3465 initio
2188 3409 2484 3481 prophetia:
2515 3410 2675 3464 docet
2701 3411 2891 3465 dicens
2926 3429 2939 3464 :
2975 3429 2993 3461 ‹
3024 3410 3090 3463 Et
3118 3409 3375 3465 revelabit
3402 3408 3508 3462 Do-

1928 3504 2112 3557 minus
2157 3501 2443 3556 brachium
2476 3509 2725 3554 sanctum
2773 3515 2931 3553 suum
2977 3501 3029 3552 in
3073 3510 3367 3570 conspectu
3399 3516 3508 3553 om—

1932 3596 2083 3649 nium
2117 3594 2381 3666 gentium.
2427 3613 2444 3644 ι
2479 3590 2610 3648 Post
2663 3593 2777 3647 haec
2805 3593 3008 3647 dicitur
3040 3611 3053 3646 :
3084 3611 3101 3642 ι
3145 3593 3210 3644 Et
3241 3594 3503 3647 ascendet
3552 3652 3559 3657 _

1932 3690 2074 3744 sicut
2107 3688 2400 3757 virgultum
2431 3701 2615 3740 coram
2656 3700 2742 3750 eo,
2786 3694 2839 3740 et
2879 3684 3021 3738 sicut
3054 3684 3210 3737 radix
3241 3684 3308 3738 de
3348 3693 3492 3737 terra

1934 3780 2157 3837 sitienti.
2188 3779 2305 3833 Non
2336 3785 2419 3834 est
2454 3779 2662 3849 species
2694 3779 2764 3843 ei,
2812 3793 2987 3847 neque
3022 3778 3188 3831 decor
3222 3794 3238 3830 :
3279 3786 3331 3830 et
3366 3776 3504 3829 vidi—

1931 3888 2054 3928 mus
2083 3888 2231 3939 eum,
2276 3880 2329 3927 et
2380 3887 2488 3927 non
2519 3880 2636 3925 erat
2693 3882 2967 3941 aspectus,
3027 3884 3202 3939 neque
3248 3868 3504 3922 formosi-

1934 3974 2040 4028 tas,
2072 3984 2088 4016 ι
2115 3974 2167 4019 et
2197 3980 2318 4034 qua:
2362 3971 2687 4033 sequuntur,
2718 3979 2838 4032 qua:
2872 3963 3053 4016 omnia
3088 3961 3306 4029 impleta
3342 3967 3493 4022 sunt,

1933 4057 2153 4127 quando
2190 4057 2517 4111 exinaniens
2545 4056 2915 4124 semetipsum,
2950 4054 3158 4122 abjecta
3184 4051 3275 4107 Dei
3307 4052 3501 4117 forma,

1938 4151 2172 4222 speciem
2202 4149 2387 4220 elegit,
2422 4164 2529 4202 non
2565 4164 2684 4217 quae
2716 4147 2861 4216 apud
2898 4145 3144 4200 homines
3187 4144 3424 4199 formosa
3452 4156 3506 4199 et

1934 4242 2132 4297 decora
2166 4240 2416 4303 habetur,
2449 4242 2726 4310 vitamque
2755 4239 2901 4308 degit
2927 4236 3219 4290 humanam
3250 4236 3368 4290 sine
3404 4234 3506 4287 bo-

1936 4336 2146 4387 minum
2176 4332 2371 4403 gloria,
2404 4333 2523 4387 sine
2553 4333 2733 4403 aliqua
2759 4330 3047 4384 mundana:
3067 4328 3346 4399 dignitatis
3370 4343 3510 4398 prte-

250 4425 372 4480 οὺδὲ
408 4423 554 4489 δόξα,
588 4425 684 4477 καὶ
716 4422 929 4494 εἴδομεν
980 4424 1163 4485 αὐτὸν,
1214 4424 1307 4475 καὶ
1354 4423 1453 4476 οὐκ
1500 4419 1643 4492 εἶχεν
1695 4418 1824 4485 εἶδος

1937 4426 2210 4488 cellentia,
2249 4424 2480 4479 formam
2511 4440 2640 4479 vero
2684 4423 2827 4479 servi
2860 4430 2915 4478 et
2960 4421 3195 4476 ministri
3228 4421 3503 4492 accipiens

248 4520 373 4573 οῦδέ
413 4518 626 4581 κάλλος,
660 4536 678 4567 ›
702 4515 796 4569 καὶ
820 4518 888 4569 τὰ
914 4517 1062 4586 ἑξῆς,
1094 4516 1128 4571 ἃ
1162 4516 1255 4569 καὶ
1284 4517 1421 4570 αὑτά
1450 4516 1825 4587 πεπλήρωται,

248 4611 340 4663 ὅτε
374 4607 615 4670 κενώσας
650 4607 837 4659 ἐαυτὸν
876 4608 972 4677 τῆς
1005 4608 1097 4660 τοῦ
1142 4606 1275 4660 Θεοῦ
1318 4608 1551 4679 μορφῆς,
1588 4607 1706 4659 οι)δέ
1732 4608 1830 4677 τὴν

248 4701 327 4765 ὠς
370 4698 771 4770 ἐνιάνθρώποις
814 4699 991 4769 εὐειδῆ
1037 4701 1129 4752 καὶ
1164 4701 1474 4771 εὐσχήμονα
1506 4699 1832 4765 κατελέξατο

252 4792 721 4865 προσωποποιίαν,
758 4792 877 4844 οὐδὲ
913 4792 1011 4861 μὲν
1039 4792 1165 4863 δόξῃ
1202 4795 1267 4863 τῇ
1306 4794 1436 4862 παρ’
1462 4791 1829 4862 ἀνθρώποιςῆ

252 4886 526 4955 κοσμικῆς
572 4900 718 4947 τινος
765 4884 1036 4955 ὑπεροχῆς
1070 4883 1326 4955 περιϐολῇ
1368 4884 1459 4937 τὸν
1493 4883 1828 4956 ἀνθρώπινον

248 4975 494 5046 διεξῆλθε
532 4975 664 5046 βίον,
695 4976 905 5047 μορφὴν
934 4976 989 5028 δὲ
1019 4976 1205 5029 δούλου
1238 4976 1332 5030 καὶ
1368 4976 1614 5030 διακόνου
1654 4977 1830 5030 λαϐὼν

250 5067 617 5120 ἐταπείνωσεν
664 5068 851 5120 ἑαυτὸν
901 5068 991 5121 καὶ
1043 5068 1264 5136 γέγονεν
1303 5068 1378 5132 ὼς
1419 5069 1721 5140 ἅνθρωπος,
1770 5072 1829 5123 ἐν

254 5159 441 5229 πληγῇ
471 5157 545 5211 ὢν
571 5158 665 5211 καὶ
691 5158 843 5221 εἰδὼς
871 5159 1057 5229 φέρειν
1087 5159 1378 5229 μαλακίαν,
1404 5161 1757 5233 ἀπέστραπτο
1778 5162 1835 5215 δὲ

254 5251 351 5303 καὶ
386 5250 771 5322 ἁποκέκρυπτο
816 5250 889 5320 (l)
921 5252 1018 5319 τῆς
1048 5250 1301 5323 θεότητος
1334 5251 1500 5305 αὐτοῦ
1531 5254 1591 5305 τὸ
1630 5253 1835 5317 ἔνδοξον

253 5344 349 5397 καὶ
373 5342 552 5395 θεῖκὺν
570 5343 879 5413 πρόσωπον·
905 5343 971 5395 δι’
988 5343 1017 5395 ὃ
1047 5344 1140 5396 καὶ
1165 5344 1440 5416 ὴτιμάσθη
1464 5345 1614 5416 παρά
1647 5348 1755 5408 τοῖς
1776 5346 1839 5399 τὸ

252 5434 595 5505 ἀνθρώπινον
624 5436 785 5488 αὑτοῦ
824 5437 981 5506 μόνον
1008 5437 1451 5508 κατανενοηκόσι,
1480 5440 1606 5509 παρ’
1635 5433 1715 5501 οἷς
1742 5439 1833 5492 καὶ

251 5529 355 5581 οὒκ
384 5526 636 5597 ἐλογίσθη
656 5528 753 5595 οὐχ
792 5530 937 5592 ὅπως
975 5529 1053 5591 εἰς
1088 5528 1218 5580 Υἰὸν
1257 5528 1413 5591 Θεοῦ,
1454 5530 1567 5582 ἀλλ’
1610 5531 1717 5583 οὐδ’
1751 5532 1831 5594 εἰς

326 5619 341 5648 ¹
366 5618 524 5672 Joan.
563 5634 637 5680 v1,
668 5619 769 5683 49.;
799 5618 985 5672 Matth.
1032 5636 1153 5684 xm,
1357 5625 1375 5651 '
1407 5622 1549 5678 Psal.
1588 5638 1646 5688 ιι,
1683 5624 1737 5677 ‘2.

331 5712 408 5781 (I)
441 5708 693 5768 Fortasse
718 5712 816 5777 leg.
838 5710 1236 5779 ἀπεκέκρυπτο.
1264 5711 1417 5769 Eon.

1939 4516 2243 4570 bumiliavit
2269 4515 2623 4583 semetipsum
2651 4522 2705 4568 et
2736 4513 2913 4568 factus
2939 4520 3023 4567 est
3052 4511 3290 4565 uthomo
3308 4526 3508 4578 verus;

1937 4609 2231 4678 despectus
2262 4614 2315 4661 et
2344 4607 2524 4661 sciens
2546 4604 2911 4668 infirmitates,
2945 4604 3095 4659 exuit
3118 4602 3510 4671 absconditque

1939 4698 2242 4753 divinitatis
2268 4712 2382 4752 suae
2414 4697 2730 4767 praeclaram
2765 4696 3116 4765 divinamque
3146 4694 3393 4765 ﬁguram.
3423 4691 3511 4748 ld-

1940 4792 2088 4847 circo
2119 4792 2411 4862 despectus
2447 4798 2530 4845 est
2558 4791 2627 4845 ab
2667 4791 2734 4846 iis
2775 4791 2868 4861 qui
2906 4788 3279 4844 tantummodo
3312 4787 3508 4841 huma-

1936 4886 2166 4939 nitatem
2194 4886 2315 4953 ejns
2342 4886 2729 4956 respiciebant,
2774 4900 2873 4939 nec
2921 4898 3045 4938 eum
3080 4880 3172 4935 Dei
3204 4878 3398 4932 Filium
3424 4893 3510 4932 re-

1936 4976 2221 5046 putabant,
2256 4992 2359 5030 nec
2395 4977 2557 5031 etiam
2593 4977 2803 5047 justum
2847 4975 3101 5044 aliquem.
3155 4971 3352 5026 Dicunt
3380 4985 3509 5025 vero

1936 5070 2028 5140 qui
2059 5069 2173 5123 haec
2199 5070 2393 5138 spiritu
2422 5070 2751 5140 intelligunt,
2776 5066 2933 5138 quasi
2957 5071 3275 5121 enarrantes
3308 5064 3510 5118 docen-

1933 5170 2126 5230 tesque
2156 5160 2322 5231 bujus
2358 5164 2602 5233 mysterii
2638 5162 2938 5216 rationem:
2967 5178 2984 5209 ι
3020 5158 3116 5211 llic
3151 5162 3371 5226 peccata
3405 5169 3508 5208 no-

1934 5261 2045 5308 stra
2075 5255 2198 5308 tulit
2230 5262 2282 5307 et
2314 5270 2412 5323 pro
2443 5255 2602 5309 nobis
2630 5269 2824 5324 passus
2855 5259 2958 5307 est.
2994 5271 3011 5303 ι
3046 5249 3312 5304 Videbant
3336 5248 3504 5306 enim.

1933 5355 2093 5417 prout
2118 5346 2414 5417 prophetae.
2439 5362 2675 5417 quonam
2706 5346 2866 5400 modo
2894 5344 2983 5399 fiet
3008 5361 3026 5394 ι
3061 5342 3247 5413 Agnus
3271 5340 3385 5402 Dei,
3414 5341 3508 5410 qui

1932 5439 2070 5493 tollit
2105 5450 2321 5508 peccata
2354 5440 2543 5494 mundi
2578 5440 2617 5490 ⁸.
2661 5458 2679 5491 ι
2714 5437 2843 5492 Post
2872 5437 2985 5491 haec
3018 5435 3344 5506 subjicitur:
3382 5448 3402 5482 ι
3441 5428 3510 5485 Et

1932 5547 2031 5586 nos
2066 5531 2377 5601 putavimus
2405 5547 2528 5586 eum
2561 5531 2714 5601 quasi
2760 5530 3055 5600 leprosum,
3088 5536 3140 5584 et
3176 5540 3506 5599 percussum

1820 5624 1838 5654 ³
1863 5622 1999 5679 Joan
2029 5639 2067 5689 ι,
2099 5621 2187 5678 29.
