3950 6218
621 163 648 218 1
661 162 763 217 ΞΠ

1369 153 2151 224 EUSEBlLCKESAliIENSlS
2190 150 2343 208 OPP.
2378 149 2556 206 PARS
2590 149 2682 207 Ill.
2717 181 2786 197 ν-
2826 147 3225 205 EXEGETlCA.
3638 156 3714 215 ιω

618 297 651 336 a
684 279 817 344 Deo,
846 285 902 335 et
948 279 1317 333 hnmiliatum.
1371 275 1493 347 Ipse
1545 284 1726 332 autem
1759 275 2076 331 mlneratus
2116 279 2189 330 est

2301 268 2394 323 τὸν
2423 268 2655 341 τυχόντα
2683 266 2911 322 δίκαιον.
2936 265 3144 324 Φασὶδ*
3170 267 3216 318 οἱ
3248 265 3319 337 τῷ
3346 264 3569 337 πνεύματι
3593 271 3715 326 τοῦτον

618 380 845 444 propter
870 370 1194 441 iniquitates
1222 379 1465 429 nostras.
1509 387 1533 422 ι
1581 368 1794 424 Revera
1830 368 1975 423 enim
2009 367 2199 422 vulne-

618 468 774 518 ratus
809 468 915 523 est,
960 473 1085 515 eum
1123 458 1331 530 lapides
1381 473 1529 531 quos
1573 458 1911 529 conjicerent
1943 457 2002 513 in
2048 471 2197 522 eum,

617 553 989 625 arripuerunt.
1024 550 1089 606 Et
1108 570 1128 603 ι
1151 552 1372 608 attritus
1397 561 1502 617 est,
1524 553 1622 619 ait,
1647 560 1870 623 propter
1881 551 2203 608 seelerano-

616 654 753 700 stra.
768 662 785 695 ι
809 641 1004 700 Melius
1023 644 1170 700 enim
1194 658 1357 715 quam
1378 643 1583 700 Paulus
1605 645 1836 700 inlirmis
1858 643 2200 714 compatiens

614 734 869 791 Christus
907 732 1092 791 dicere
1141 736 1317 806 potuit
1351 751 1369 791 :
1412 756 1428 787 ι
1452 734 1589 803 Quis
1632 734 1965 801 inﬁrmatur,
1990 742 2049 790 et
2086 750 2199 790 non

615 826 866 884 intlrmor
895 826 962 880 ‘i
1004 846 1024 878 ι
1061 826 1187 883 Haec
1216 843 1343 882 vero
1373 828 1554 882 omnia
1597 826 1895 882 conﬁtetur
1936 826 2199 897 propheta

615 929 840 991 propter
871 918 1073 990 ipsum,
1108 934 1438 990 omnemque
1469 920 1729 990 populum
1754 934 2047 991 passurum
2075 934 2200 975 esse

616 1011 794 1075 illum,
828 1010 898 1067 de
944 1025 1054 1083 quo
1095 1010 1303 1066 dicitur
1337 1027 1351 1064 :
1393 1030 1413 1063 ‹
1458 1010 1794 1067 Vulneratus
1838 1019 1927 1067 est
1976 1018 2200 1083 propter

616 1103 934 1175 iniquitates
969 1113 1213 1170 nostras,
1236 1111 1290 1159 et
1329 1104 1552 1159 attritus
1586 1112 1673 1160 est
1722 1104 2199 1176 propter.scelera

614 1203 832 1252 nostra.
868 1213 890 1249 ι
922 1194 996 1250 Se
1028 1197 1207 1266 ipsum
1232 1210 1455 1266 quoque
1482 1196 1779 1267 designans
1796 1197 1987 1267 adjicit
2017 1215 2030 1248 :
2066 1213 2085 1247 ι
2115 1194 2200 1251 Li-

613 1303 748 1343 vore
795 1289 915 1359 ejus
964 1290 1143 1343 sanati
1186 1304 1399 1345 sumus.
1442 1309 1462 1341 ι
1520 1289 1805 1346 Manifeste
1855 1290 2198 1362 prospiciens

613 1393 776 1448 quem
800 1378 856 1432 in
878 1392 1122 1434 errorem
1148 1379 1450 1435 declinaret
1473 1379 1915 1437 circumcisionis
1938 1381 2194 1452 populus,

612 1470 1165 1542 certiorque‘nullum
1198 1486 1426 1542 prorsus
1453 1471 1731 1529 hominem
1764 1474 1977 1543 peccati
1999 1474 2198 1528 immu-

612 1574 737 1620 nem
770 1579 916 1629 esse,
945 1564 1046 1619 etsi
1074 1564 1421 1634 justissimus
1457 1564 1730 1630 videatur,
1776 1564 1930 1620 addit
1962 1583 1976 1619 :
2013 1583 2031 1617 ι
2063 1564 2196 1620 Om-

2301 360 2484 415 αύτῶν
2519 357 2936 433 συνῃσθημένοι,
2973 356 3213 429 ὡσπερεὶ
3253 355 3546 429 διηγούμενοι
3580 362 3716 435 utr},

2301 452 2483 507 αἰτίαν
2520 451 2620 523 τῆς
2648 450 2902 522 τοιαύτης
2942 448 3249 518 οἰκονομίας
3276 448 3716 521 διδάσκοντος(τες)νίι

2306 561 2325 593 ι
2358 536 2530 603 Οὗτος
2575 537 2676 602 τὰς
2724 536 2995 610 ἁμαρτίας
3040 534 3199 607 ἡμῶν
3244 535 3403 607 φέρει,
3424 539 3501 591 καὶ
3519 540 3721 611 περιῆμᾶη

2298 631 2571 686 ὀδυνᾶταιο
2618 648 2639 682 ι
2675 628 2863 701 ἐώρων
2890 626 3020 698 γὰρ,
3054 622 3140 680 οἷα
3170 625 3234 697 δὴ
3270 627 3522 698 προφῆται,
3543 629 3630 683 τίνα
3649 633 3726 702 τρό-

2300 741 2402 778 πον
2422 724 2714 795 γενήσεται
2737 720 2909 792 ἀμνὸς
2929 719 3023 774 τοῦ
3046 719 3205 786 Θεοῦ,
3239 738 3258 771 ι
3288 719 3437 791 αἴρων
3454 719 3532 792 τὴν
3545 722 3727 793 ἁμαρτίαν

2296 815 2391 869 τοῦ
2417 815 2645 886 κόσμου.
2682 834 2700 868 ι
2746 813 3095 883 Ἐπιφέρεται
3122 811 3342 875 τούτοις
3377 830 3395 863 ι
3429 811 3579 882 Ἡμεῖς
3597 813 3727 868 δὲὲλε-

2295 907 2568 979 γισάμεθα
2605 906 2768 960 αὐτὸν
2799 901 2936 959 εἶναι
2965 906 3024 958 ὲν
3057 904 3202 974 πόνῳ
3237 903 3325 959 καὶ
3360 904 3411 956 ἐν
3442 902 3579 976 πληγῇ
3605 907 3671 960 ul
3689 911 3726 961 ἐν

2298 998 2559 1054 κακώσει⁸
2607 998 2768 1063 αὐτὸς
2820 999 2878 1052 δὲ
2918 996 3321 1069 ὲτραυματίσθη
3361 995 3437 1051 διὰ
3472 997 3547 1062 τὰς
3575 999 3729 1069 ἀνομίας

2296 1096 2474 1168 ἡμῶν·
2508 1113 2527 1147 ι
2550 1094 2779 1165 δυνάμει
2809 1091 2917 1164 γὰρ
2937 1091 3034 1146 καὶ
3057 1089 3459 1164 ὲτραυματίσθη,
3479 1090 3546 1145 ὅτε
3563 1086 3660 1163 ἦραν
3675 1092 3729 1145 ii-

2297 1188 2425 1253 θους
2448 1187 2630 1260 βαλεῖν
2655 1185 2741 1239 ἐπ’
2759 1185 2939 1239 αὐτόν’
2960 1184 3055 1238 καὶ
3087 1203 3107 1236 ι
3138 1182 3529 1255 μεμαλὼιισταιι
3550 1183 3606 1247 δὲ,
3629 1186 3728 1255 φησί,

2303 1297 2322 1331 ι
2349 1279 2438 1334 διά
2462 1278 2559 1343 τάς
2588 1279 2863 1354 ἁμαρτίας
2887 1277 3067 1350 ήμῶν.
3094 1295 3113 1329 ι
3148 1275 3354 1330 Μᾶλλον
3379 1276 3474 1348 γὰρ
3496 1276 3727 1340 Παύλουτά

2297 1371 2546 1427 ἀσθενέσι
2592 1370 2993 1443 συνασθενήσας
3035 1369 3287 1441 Χριστὸς,
3329 1364 3464 1422 εἶπεν
3486 1369 3604 1423 ᾶντὸ·
3630 1369 3725 1432 «Τίς

2299 1464 2533 1531 ἀσθενεῖ,
2564 1465 2659 1520 καὶ
2678 1465 2778 1519 οὐκ
2801 1462 3055 1530 ἀσθενῶς
3095 1481 3115 1515 ι
3144 1462 3322 1516 Ταῦτα
3344 1461 3395 1515 δὲ
3418 1460 3722 1531 πάνταὸΜᾶ

2297 1559 2327 1612 ὁ
2358 1558 2648 1629 προφήτης
2693 1556 2760 1610 δι’
2790 1556 2950 1609 αὐτόν
2982 1573 3045 1610 τε
3072 1556 3168 1609 καὶ
3194 1557 3285 1610 τὸν
3326 1554 3481 1609 πάντα
3503 1553 3724 1607 λεοντείοι-

612 1671 712 1713 nes
734 1671 835 1713 nos
856 1657 1164 1727 quasi-oves
1192 1658 1498 1714 erravimus
1525 1676 1538 1712 :
1572 1657 1950 1729 unusquisque
1969 1658 2031 1714 in
2050 1659 2189 1714 viam

2299 1628 2424 1703 σθαι
2467 1628 2560 1702 τὸν
2601 1648 2733 1720 mp1
2762 1644 2824 1704 οὗ
2857 1650 2887 1701 ό
2912 1648 3093 1718 λόγος·
3131 1667 3151 1701 ι
3203 1645 3615 1722 Ἐτραυματίσθηι
3646 1646 3727 1717 γὰρ,

613 1762 771 1802 suam
807 1749 1105 1804 declinavit
1141 1766 1156 1804 :
1186 1758 1242 1805 et
1288 1751 1472 1821 posuit
1502 1749 1768 1809 Dominus
1802 1753 1860 1808 in
1886 1769 1953 1810 eo
1990 1754 2197 1825 iniqui-

615 1846 784 1896 tatem
816 1842 1061 1896 omnium
1105 1849 1380 1906 nostrum,
1416 1861 1437 1895 ι
1474 1852 1530 1899 et
1561 1859 1684 1915 quae
1712 1856 2040 1916 sequuntur.
2074 1863 2196 1918 qua:

610 1933 802 2001 procul
836 1931 1006 1989 dubio
1032 1950 1129 2005 per
1158 1951 1328 1992 unum
1360 1934 1703 1995 Salvatorem
1726 1946 1978 1999 nostrum
2006 1937 2195 1997 Jesum

609 2022 820 2077 exitum
849 2022 1109 2081 habuisse
1138 2025 1607 2084 demonstrantur.
1634 2016 1845 2085 Exinde
1864 2044 2195 2102 magnopere

610 2114 862 2170 miranda
900 2125 985 2172 est
1014 2117 1233 2172 illorum
1267 2117 1567 2185 induratio,
1622 2122 1717 2192 qui
1764 2121 1909 2192 apud
1957 2122 2193 2192 priorem

610 2208 866 2279 populum
890 2223 1017 2265 eum
1048 2224 1348 2282 agnoscere
1373 2211 1691 2278 noluerunt,
1717 2222 2015 2271 causantes
2042 2229 2192 2279 eum,

607 2314 771 2369 quem
790 2301 1104 2372 opprobriis
1131 2309 1188 2357 et
1203 2302 1486 2360 derisione
1517 2304 1936 2370 lacessiverant,
1970 2298 2195 2378 indigna

609 2404 832 2460 passum
875 2407 1002 2449 esse
1030 2391 1129 2448 Dei
1158 2393 1213 2449 in
1246 2395 1426 2465 ipsum
1476 2396 1872 2454 sollicitudine.
1907 2397 2196 2456 Manifeste

607 2490 873 2553 praeterea
908 2483 1251 2540 exclamante
1299 2486 1565 2557 propheta
1597 2487 1665 2544 de
1699 2504 1786 2554 eo,
1822 2491 1969 2561 quod
2002 2509 2021 2542 ι
2050 2491 2194 2547 sicut

607 2572 728 2628 uvis
760 2572 827 2626 ad
871 2573 1209 2630 occisionem
1253 2574 1456 2633 ductus
1485 2587 1590 2644 est,
1619 2587 1675 2635 et
1703 2581 1864 2649 quasi
1894 2595 2069 2652 agnus
2097 2598 2193 2637 co-

607 2676 726 2717 ram
761 2663 1017 2720 tondente
1045 2680 1106 2722 se
1136 2667 1413 2723 obmutuit
1445 2685 1548 2726 nec
1588 2671 1803 2741 aperuit
1834 2687 1899 2726 os
1933 2686 2126 2740 suum;
2164 2690 2183 2724 ι

604 2763 662 2810 et
700 2773 719 2806 ι
754 2756 880 2826 quia
925 2756 1208 2814 abscissus
1250 2768 1334 2815 est
1366 2762 1435 2817 de
1459 2772 1605 2818 terra
1638 2763 1959 2819 viventium.
1995 2783 2015 2817 ι
2053 2763 2190 2832 Quis

615 2855 796 2901 autem
842 2862 951 2903 non
1014 2848 1316 2906 admiretur
1372 2868 1491 2923 quae
1553 2862 1679 2925 post
1727 2855 1845 2911 haec
1888 2855 2185 2924 adduntur,

607 2939 928 3009 prophetam
956 2940 1229 2999 dicentem
1262 2943 1494 3002 audiens
1519 2961 1533 2997 :
1565 2964 1584 2997 ι
1626 2944 1855 3019 Propter
1883 2949 2064 3006 scelus
2088 2965 2187 3021 po-
2214 2983 2263 3043 ο

606 3032 721 3101 puli
749 3033 855 3088 mei
880 3034 1082 3090 ductus
1103 3043 1190 3091 est
1228 3036 1295 3092 ad
1327 3039 1599 3094 mortem?
1632 3058 1651 3091 ι
1677 3040 1785 3094 Aut
1817 3041 1992 3098 cuivis
2022 3042 2187 3099 verba

605 3136 717 3177 non
750 3123 1068 3190 deﬁcerent,
1112 3126 1352 3197 propriis
1400 3130 1631 3186 auribus
1691 3133 1931 3189 audienti
1976 3132 2188 3192 Christi

606 3231 818 3282 vocem,
850 3233 953 3274 nec
988 3219 1333 3293 intelligenti,
1379 3223 1464 3278 vel
1512 3224 1811 3294 ipsissimis
1844 3227 2023 3285 oculis
2065 3228 2188 3299 ejus

604 3311 952 3378 praesentiam
970 3313 1305 3384 inspicienti,
1344 3310 1668 3374 nec'videnti
1683 3319 1707 3373 ?
1722 3318 2024 3386 Quemnam
2040 3322 2188 3378 enim

605 3401 774 3455 alium
808 3401 1069 3459 haberent
1094 3406 1388 3464 ostendere
1429 3408 1705 3479 justorum
1742 3421 1962 3492 propter
1993 3428 2186 3470 eorum

605 3493 811 3548 scelera
851 3494 919 3550 ad
967 3503 1201 3553 mortem
1238 3497 1627 3556 ductum?aut
1657 3504 1779 3573 quis
1822 3505 1951 3561 talis
1998 3504 2182 3573 fuerit,

605 3586 697 3654 qui
745 3585 1063 3659 iniquitates
1097 3591 1278 3647 omnis
1311 3591 1520 3662 populi,
1553 3593 1913 3667 ipsorumque
1947 3598 2185 3669 prophe-

605 3682 786 3730 tarum
819 3678 1057 3741 tulisset,
1099 3688 1154 3735 et
1201 3695 1299 3751 pro
1329 3683 1411 3738 eis
1456 3697 1657 3753 passus
1705 3694 1874 3751 esset,
1905 3687 1979 3742 ita
2010 3697 2071 3744 ut
2117 3688 2186 3744 li-

602 3784 734 3825 vore
777 3769 899 3839 ejus
933 3785 1126 3829 omnes
1170 3772 1296 3829 illos
1341 3785 1566 3831 sanatos
1618 3776 1789 3835 fuisse
1830 3780 2183 3838 conﬁteretur

602 3862 868 3933 propheta
896 3862 1088 3920 dicens
1116 3882 1131 3919 :
1164 3882 1184 3916 ι
1214 3862 1315 3921 Hie
1357 3867 1679 3938 iniquitates
1710 3879 1929 3928 nostras
1955 3873 2099 3938 tulit,
2129 3883 2184 3930 et

601 3966 705 4023 pro
723 3951 883 4007 nobis
906 3967 1104 4023 passus
1124 3960 1230 4018 est,
1263 3962 1318 4009 et
1349 3954 1520 4011 livore
1543 3955 1669 4026 ejus
1697 3959 1876 4013 sanati
1903 3960 2133 4017 sumus?
2155 3980 2175 4013 ι

602 4044 741 4111 Quis
782 4046 1035 4101 humanae
1062 4047 1339 4118 particeps
1388 4057 1600 4105 natura:
1629 4050 1755 4108 talis
1786 4050 1958 4118 ﬁeret,
1991 4060 2052 4108 ut
2088 4068 2181 4110 ne-

600 4151 711 4207 que
746 4136 929 4193 verbis
971 4153 1148 4208 neque
1194 4139 1457 4210 operibus
1504 4141 1805 4212 quidquam
1847 4145 2175 4212 peccaverit,

603 4236 664 4284 ut
704 4230 774 4286 de
812 4230 933 4301 ipso
978 4231 1164 4286 divina
1208 4242 1442 4288 testatur
1489 4231 1773 4304 Scriptura
1820 4234 1907 4291 his
1944 4237 2126 4293 verbis
2160 4257 2173 4293 :

2297 1742 2454 1812 φησὶ,
2482 1760 2501 1792 ι
2529 1740 2620 1794 sta
2644 1740 2746 1806 τὰς
2774 1741 3009 1813 ἀνομίας
3036 1741 3218 1813 ἡμῶν,
3246 1742 3337 1795 καὶ
3360 1739 3731 1812 μεμαλὼιιπαιδιὰ

2293 1833 2393 1897 τὰς
2424 1832 2702 1905 ἁμαρτίας
2731 1833 2910 1905 ἡμῶν·
2941 1853 2962 1885 ι
3009 1833 3414 1902 συγκαταλέγων
3431 1849 3483 1885 τε
3504 1831 3634 1885 ἑαυτὸν
3651 1832 3730 1883 ἑπι-
3846 1876 3847 1917 1

2295 1925 2450 1998 φέρει
2483 1923 2675 1994 λέγων’
2712 1943 2733 1974 ι
2774 1923 2867 1995 Τῷ
2898 1924 3131 1996 μώλωπι
3162 1924 3320 1978 αύτοῦ
3354 1925 3492 1995 ἡμεῖς
3523 1920 3726 1992 eum.»

2296 2016 2489 2085 Σαφῶς
2520 2033 2578 2069 τε
2610 2016 2811 2089 ἐνορῶν
2843 2016 2940 2088 τὴν
2974 2017 3272 2090 γενομένην
3310 2018 3389 2070 ἐπ’
3416 2014 3532 2087 αύτῷ
3551 2012 3731 2083 mihi:

2295 2109 2362 2162 ὲκ
2392 2107 2693 2179 περιτομῆς
2720 2107 2836 2180 λαῷ
2863 2108 3099 2180 πλάνην,
3135 2110 3229 2162 καὶ
3257 2109 3336 2162 ὃτι
3370 2107 3438 2180 μὴ
3462 2107 3572 2161 ἔστιν
3592 2106 3732 2175 ἄνθρω-

2296 2218 2396 2267 πος
2419 2201 2477 2267 δς
2518 2203 2618 2274 οὐχ
2646 2204 3052 2276 ἁμαρτήσεται,
3093 2203 3197 2258 κάν
3230 2206 3259 2258 ό
3294 2204 3486 2258 πάντων
3506 2201 3733 2264 δικαιότατος

2294 2287 2434 2346 εἶναι
2462 2292 2617 2365 δοκῇ,
2656 2293 2918 2364 ἐπιλέγειο
2948 2313 2966 2346 ι
2995 2294 3206 2359 Πάντες
3229 2295 3302 2360 ὡς
3324 2295 3534 2363 πρόδατα
3557 2293 3603 2359 (Ι.
3626 2291 3672 2346 57
3685 2296 3732 2359 ι’)

2298 2385 2703 2458 ἐπλανήθημενι
2743 2386 3031 2461 ἄνθρωπος
3060 2390 3164 2461 τὴν
3202 2389 3315 2443 ὁδὸν
3355 2386 3496 2442 αὐτοῦ
3533 2383 3729 2455 ἐπλανήθη·

2296 2480 2393 2533 καὶ
2411 2479 2615 2552 Κύριος
2633 2480 2946 2554 παρέδωκεν
2967 2481 3133 2535 αὑτὸν
3161 2484 3277 2545 ταῖς
3305 2481 3560 2552 ἁμαρτίαις
3586 2476 3726 2547 ἡμῶν»

2294 2573 2389 2627 καὶ
2416 2571 2488 2626 τὰ
2515 2572 2726 2638 τούτοις
2753 2573 3047 2639 ἀκόλουθα,
3072 2573 3112 2628 ἀ
3136 2574 3230 2629 καὶ
3251 2572 3582 2644 ἀναμφιλόγως
3599 2566 3730 2638 ἐπιμό-

2292 2685 2385 2722 νου
2403 2668 2498 2722 τοῦ
2531 2669 2783 2742 Σωτῆρος
2807 2671 2841 2740 ἡ
2849 2669 2966 2741 μῶν
3002 2670 3180 2742 Ἰησοῦ
3201 2671 3361 2742 πέρας
3384 2667 3594 2739 εἰληφότα
3606 2663 3731 2716 δείκνυ-

2289 2776 2399 2813 ται.⁹
2427 2760 2552 2815 ὅθεν
2580 2763 2674 2815 καὶ
2699 2762 2999 2834 θαυμάζειν
3021 2763 3172 2828 ἄξιον
3199 2763 3295 2834 τῆς
3315 2752 3732 2833 πωρώσεωςτοὺςμὴ

2291 2853 2685 2925 προσιεμένους
2713 2855 2874 2909 αὐτὸν
2900 2855 2997 2909 τοῦ
3027 2856 3289 2929 προτέρου
3325 2853 3441 2907 λαοῦ
3470 2851 3669 2924 προφάσει
3690 2845 3732 2898 δι’

2291 2939 2366 3000 ὧν
2391 2945 2733 3012 ἐπεδείξαντο
2755 2948 2876 3001 κατ’
2910 2948 3101 3010 αὐτοῦ,
3136 2949 3220 3016 ἐφ’
3245 2943 3323 3012 οἷς
3344 2946 3561 3015 ὲπιγελᾷν
3583 2941 3733 2996 uibu-

2293 3037 2478 3109 σύρειν
2521 3040 2704 3101 αὐτοῖς
2734 3039 2876 3105 ἔθος,
2916 3041 2994 3105 ὡς
3035 3041 3110 3114 μὴ
3142 3042 3265 3108 ἄξια
3304 3038 3566 3094 πεπονθότα
3592 3035 3662 3105 τῆς
3676 3031 3731 3086 τοῦ

2288 3130 2425 3185 Θεοῦ
2460 3133 2589 3205 περὶ
2613 3132 2777 3187 αὑτοῦ
2810 3134 3093 3206 φροντίδος
3119 3152 3130 3164 ·
3173 3134 3349 3204 σαφῶς
3386 3134 3505 3205 πρὸς
3535 3132 3620 3192 τοῖς
3637 3129 3732 3198 εἶπ’

2291 3225 2472 3296 μένοις
2503 3224 2839 3291 ἀναϐοῶντος
2876 3226 2970 3280 τοῦ
3003 3230 3282 3301 προφήτου
3309 3227 3427 3298 περὶ
3458 3222 3604 3285 αὐτοῦ,
3624 3221 3679 3274 ὅτι
3696 3234 3732 3271 α

2293 3334 2314 3369 ι
2347 3316 2424 3381 ὡς
2475 3317 2745 3389 πρόϐατον
2764 3319 2858 3373 ἐπὶ
2886 3323 3105 3392 σφαγὴν
3130 3322 3288 3393 ήχθη,
3317 3321 3405 3373 καὶ
3421 3319 3487 3381 ὡς
3501 3314 3631 3387 ἀμνδς
3644 3313 3732 3364 ἕνα*

2284 3405 2400 3460 τίον
2435 3406 2531 3461 τοῦ
2562 3408 2837 3481 κείροντος
2874 3412 3041 3466 αὑτὸν
3068 3412 3295 3483 ἄφωνος,
3326 3410 3481 3472 οὕτως
3502 3407 3580 3460 οὐκ
3599 3402 3732 3467 ἀνοίγει

2284 3498 2346 3553 τὸ
2380 3499 2555 3572 στόμα
2586 3502 2773 3556 αὐτοῦ·
2812 3520 2832 3555 ι
2866 3504 2962 3558 καὶ
2986 3505 3071 3559 ὅτι
3109 3523 3127 3556 ι
3176 3505 3376 3577 αἴρεται
3401 3500 3495 3556 ἀπὸ
3523 3497 3604 3567 τῆς
3624 3490 3731 3562 τῖλςῆ

2286 3589 2398 3662 ζωὴ
2428 3593 2616 3649 αὑτοῦ.
2652 3613 2671 3646 ι
2712 3594 2810 3660 Τίς
2837 3594 2883 3649 δ’
2909 3596 3011 3650 οὐκ
3039 3596 3106 3651 ἂν
3137 3595 3511 3666 ἀποθαυμάσειε
3543 3588 3641 3642 πᾶσι
3662 3584 3731 3642 ταῖς

2284 3682 2834 3756 προκατειλεγμένοις
2872 3687 3287 3760 ἐπιφερόμενον,
3331 3683 3517 3739 ἀκούων
3550 3668 3729 3768 τθξ

2285 3776 2563 3846 προφήτου
2596 3775 2845 3846 λέγοντος
2871 3778 2953 3832 τό·
2987 3798 3005 3830 ι
3031 3779 3165 3833 Ἀπὸ
3194 3778 3299 3831 τῶν
3325 3772 3536 3845 ἀνομιῶν
3558 3767 3627 3822 τοῦ
3648 3765 3728 3816 λασᾶ
3846 3840 3847 3855 χ

2287 3882 2388 3937 μου
2422 3866 2561 3940 ἢχθη
2595 3869 2674 3932 εἰς
2702 3867 2960 3936 θάνατον;
2993 3891 3014 3925 ι
3050 3872 3083 3944 ἢ
3114 3871 3168 3924 τί
3192 3871 3237 3924 δ’
3257 3870 3319 3924 ἂν
3338 3869 3462 3940 πρὸς
3480 3863 3615 3918 ταῦτα
3634 3856 3729 3957 εὑρέ⁹

2287 3959 2623 4032 σιλογήσειεν
2667 3961 2717 4013 οἱ
2763 3961 2824 4015 τὺ
2862 3961 3034 4025 ὅντως
3067 3962 3188 4034 (sic)
3230 3963 3360 4032 ἀκοῇ
3392 3956 3729 4015 ἀκούσαντεςπςς

2282 4049 2376 4105 τοῦ
2404 4049 2643 4123 Χριστοῦ
2665 4051 2869 4123 φωνῆς,
2882 4053 2978 4105 καὶ
2999 4050 3076 4124 μὴ
3094 4049 3523 4114 συνέντες,αύτοίς
3533 4059 3581 4095 τε
3604 4034 3730 4107 69M-

2285 4145 2407 4214 μοῖς
2450 4142 2822 4214 ἐμϐλέψαντες
2863 4145 2945 4209 είς
2990 4146 3094 4219 τὴν
3162 4144 3449 4217 παρουσίαν
3490 4134 3634 4199 αὐτοῦ,
3671 4128 3729 4182 καὶ

2282 4232 2358 4305 μὴ
2398 4233 2600 4298 ἰδόντες
2626 4252 2641 4301 i
2677 4233 2812 4290 Τίνα
2836 4235 2947 4306 γὰρ
2982 4237 3143 4292 ἄλλον
3186 4237 3350 4307 ἔχοιεν
3387 4235 3447 4288 ἂν
3473 4230 3561 4283 τῶν
3579 4220 3729 4279 δικαίων

606 4340 628 4373 ι
654 4320 1003 4392 lniquitatem
1056 4339 1167 4378 non
1204 4323 1350 4391 fecit,
1379 4339 1556 4395 neque
1600 4326 1856 4384 inventus
1901 4335 1985 4385 est
2015 4329 2174 4385 dolus

2286 4327 2630 4398 παραστῆσαι
2674 4328 2781 4382 ἀπὸ
2824 4328 2934 4384 τῶν
2979 4329 3261 4402 ἁμαρτιῶν
3297 4325 3459 4382 αὐτῶν
3481 4319 3658 4393 ἀχθέντα
3678 4312 3727 4372 εἰς

600 4411 659 4467 in
695 4426 793 4468 ore
821 4412 976 4483 ejus?
1002 4432 1022 4466 ι
1065 4412 1241 4481 Quam
1271 4415 1344 4471 ob
1373 4430 1618 4483 causam,
1665 4427 1955 4490 postquam
1980 4420 2177 4491 praedi-

598 4509 755 4559 catus
784 4510 871 4560 est
895 4503 1184 4560 ducendus
1213 4505 1353 4562 sicut
1380 4506 1499 4563 ovis
1520 4507 1588 4563 ad
1610 4509 1970 4576 occisionem,
1994 4511 2175 4581 ipsum

597 4594 929 4666 praenuntiat
965 4593 1250 4666 Scriptura
1275 4603 1502 4667 propter
1529 4597 1850 4670 iniquitates
1882 4603 2069 4672 populi
2104 4601 2174 4657 ad

596 4698 832 4745 mortem
864 4686 1234 4744 damnandum
1263 4692 1428 4746 esse?
1464 4689 1658 4747 Dicant
1683 4708 1817 4749 vero
1860 4707 1931 4748 an
1977 4710 2175 4766 exspe-

597 4789 780 4837 ctatus
816 4781 885 4838 ab
914 4781 985 4838 iis
1013 4780 1270 4840 Christus
1306 4790 1574 4842 venturus
1619 4784 1736 4842 haec
1766 4787 1951 4842 omnia
1977 4801 2174 4859 passu-

2278 4415 2542 4485 θάνατον;
2576 4418 2647 4472 Ἦ
2680 4418 2765 4483 τίς
2804 4419 3048 4485 τοιοῦτος
3084 4423 3385 4493 γεγένηται,
3419 4414 3583 4480 ὡςτάς
3605 4409 3726 4477 ἀμίδ’

2274 4510 2398 4574 τίας
2425 4511 2629 4575 παντὸς
2668 4511 2763 4565 τοῦ
2800 4510 2933 4567 λαοῦ
2959 4515 3056 4568 καὶ
3079 4514 3255 4569 αὐτῶν
3278 4512 3381 4567 τῶν
3407 4502 3641 4583 προφητῶν
3662 4494 3726 4566 φέ·

2279 4620 2414 4676 ρεινν
2452 4605 2547 4659 καί
2587 4604 2871 4660 ὀδυνᾶσθαι
2911 4607 3044 4679 περὶ
3082 4607 3277 4672 αὐτῶν,
3316 4605 3442 4658 ὥστε
3481 4598 3545 4669 τῷ
3568 4592 3725 4666 μώλωπι

2273 4696 2440 4751 αὑτοῦ
2473 4696 2654 4753 ἰᾶσθαι
2697 4698 2908 4763 πάντας
2949 4701 3147 4766 αὐτοὺς
3178 4698 3459 4771 ὁμολογεῖν,
3481 4690 3721 4781 φάσκοντες·

2277 4807 2296 4840 ι
2334 4782 2504 4855 Οὗτος
2531 4789 2631 4855 τάς
2665 4792 2941 4865 ἁμαρτίας
2981 4792 3137 4865 ἡμῶν
3170 4794 3338 4863 φέρει,
3375 4787 3461 4843 καὶ
3495 4781 3596 4852 περὶ
3620 4777 3721 4846 ἡμῶν

596 4888 694 4929 rus
718 4874 811 4938 sit,
868 4890 991 4946 quae
1027 4877 1326 4948 prophetiae
1357 4875 1425 4933 de
1472 4890 1537 4933 eo
1578 4876 2037 4948 praehuntiavere,
2083 4882 2172 4937 rel

2286 4880 2542 4947 58uvdrat,
2592 4883 2687 4937 καὶ
2728 4883 2808 4955 τῷ
2862 4883 3088 4955 μώλωπι
3120 4882 3279 4938 αὐτοῦ
3308 4882 3455 4954 ἡμεῖς
3490 4873 3715 4968 ίάθημξνςι

597 4965 803 5037 aliquid
846 4966 1027 5024 simile
1058 4969 1203 5040 apud
1238 4969 1418 5040 ipsum
1456 4968 1705 5025 futurum
1743 4971 1835 5028 sit.
1879 4970 2083 5029 Verum
2122 4973 2169 5031 si

2286 4975 2367 5039 Γίς
2387 4974 2433 5028 δ’
2456 4975 2804 5050 ἀνθρωπίνης
2831 4976 3010 5049 λαχὼν
3033 4977 3244 5048 φύσεως
3263 4973 3441 5045 γένοιτ’
3462 4968 3519 5023 ἂν

593 5065 820 5130 propter
860 5072 925 5114 ea
955 5074 1076 5131 quae
1108 5058 1377 5116 Salvatori
1417 5071 1610 5118 nostro
1638 5062 1960 5119 acciderunt
2003 5080 2033 5119 a
2066 5064 2170 5122 ﬁde

2286 5067 2409 5122 ὒστε
2446 5071 2580 5142 μήτε
2607 5070 2753 5142 λόγῳ
2770 5072 2906 5144 μήτε
2935 5071 3080 5145 ἔργῳ
3107 5066 3436 5146 ἡμαρτῆσθαι
3458 5081 3504 5117 τι
3529 5052 3716 5146 αὐτῷηώς

594 5151 651 5205 in
694 5167 822 5207 eum
878 5151 1249 5220 deterrentur,
1305 5171 1417 5211 non
1465 5155 1652 5213 dicere
1694 5156 1896 5213 habent
1943 5157 2013 5215 de
2058 5175 2168 5232 quo

2286 5140 2556 5234 ὶληθεύειν
2594 5140 2855 5232 λέγουσαν
2900 5140 3028 5236 περὶ
3051 5140 3237 5218 ταύτοῦή
3260 5160 3350 5232 τὴν
3385 5155 3514 5211 θείαν
3545 5150 3577 5203 Γ
3580 5140 3711 5217 parit

594 5244 710 5302 haec
739 5255 1081 5319 exspectent.
1119 5246 1379 5321 Superest
1430 5251 1598 5323 igitur
1618 5251 1778 5322 juxta
1820 5266 1918 5307 eos
1965 5260 2027 5309 ut
2057 5269 2166 5309 non

2286 5255 2354 5308 5τι
2382 5272 2402 5306 r
2433 5255 2663 5327 ἀνομίαν
2706 5256 2810 5310 οὐκ
2830 5256 3102 5329 ἐποίησεν,
3124 5254 3238 5310 οὐδὲ
3255 5252 3391 5315 δόλος
3410 5251 3462 5303 ἐν
3483 5242 3546 5312 τῷ
3559 5236 3712 5305 στόματι

593 5339 743 5394 exitu
788 5340 1143 5412 comprobata
1177 5352 1230 5398 et
1275 5343 1566 5401 manifeste
1605 5343 1823 5400 fallacia
1854 5346 2019 5401 verba
2070 5345 2165 5403 Dei

2286 5347 2470 5413 ιύτοῦ;
2507 5368 2525 5402 ι
2567 5350 2690 5405 Ἐπὶ⁵
2729 5350 2856 5423 ποίᾳ
2885 5350 2940 5404 δὲ
2973 5352 3119 5424 αἰτίᾳ
3152 5350 3239 5403 τὸν
3264 5348 3349 5401 ἐπὶ
3373 5338 3708 5424 coal:er

593 5408 1069 5499 demonstrantur;
1095 5446 1207 5488 non
1235 5447 1368 5491 vero
1387 5433 1546 5506 juxta
1587 5450 1711 5504 nos,
1741 5434 1942 5507 quibus
1970 5436 2104 5493 nihil
2133 5455 2165 5493 a

2286 5408 2529 5510 »σύμενον
2556 5442 2633 5505 ὡς
2672 5408 2941 5515 πρόὸόιων
2976 5444 3063 5498 ἐπὶ
3094 5408 3298 5512 σφαγήν
3342 5423 3629 5507 ἀχθήσεσθαι,
3649 5408 3708 5467 καὶ

662 5607 744 5663 ’ll
774 5606 902 5662 'Cor.
945 5625 1015 5675 vr,
1050 5611 1137 5670 29.
