4008 6208
308 295 456 351 ιειο

1344 299 1633 356 ECLOGA:
1673 303 2151 377 PROPIIETICAS.
2181 338 2250 348 —
2276 309 2403 364 LIB.
2438 311 2526 368 IV.

3429 328 3566 382 I250

302 409 415 464 ἀπὸ
442 408 549 462 τῶν
574 409 815 480 ἀνομιῶν
851 411 943 464 τοῦ
970 411 1095 464 λαοῦ
1134 413 1229 483 τὴν
1260 415 1352 467 ἐπὶ
1380 415 1596 488 θανάτῳ
1624 436 1850 491 κατακρι

1950 464 1956 483 ι
1989 423 2284 492 majoribus
2327 426 2709 482 annuntiatum
2752 438 2853 497 est,
2890 433 3024 488 nihil
3056 434 3126 491 de
3153 437 3272 508 ipso
3303 441 3565 498 traditum

304 502 565 574 θήσεσθαι
594 504 622 554 6
648 502 803 570 λόγος
833 506 1188 576 προαγορεύει
1213 522 1226 571 ;
1256 508 1577 575 Λεγέτωσαν
1613 510 1668 563 δὲ
1711 513 1805 566 καὶ
1832 515 1880 566 εί

305 593 972 665 προσδοκώμενοίαύτοῖς
1010 597 1159 667 ἥξειν
1193 599 1428 668 Χριστὸς
1462 601 1633 654 ταῦτα
1666 603 1883 669 πάντως

304 686 572 745 πείσεται,
604 687 747 758 ειπερ
782 689 837 739 αἱ
872 694 1192 760 προφητεῖαι
1233 691 1359 763 περὶ
1401 692 1564 745 αὐτοῦ
1600 693 1882 758 θεσπίζου-

304 795 409 843 σιν,
438 779 472 850 ἢ
504 779 656 832 οὐδέν
684 798 734 832 τι
768 780 1005 834 τοιοῦτον
1045 783 1172 854 περὶ
1210 784 1413 837 ἐκεῖνον
1441 784 1612 839 ἔσται.
1656 787 1793 840 Ἀλλ’
1832 790 1880 841 εί

298 870 387 924 διὰ
429 870 498 923 τὰ
529 871 911 942 συμϐεϐηκότα
933 873 1010 944 τῷ
1051 875 1261 947 Σωτῆρι
1296 878 1450 947 ἡμῶν
1476 879 1879 949 προσκόπτουσι

296 962 366 1032 τῇ
396 964 475 1025 εἰς
507 961 668 1015 αὐτὸν
701 963 901 1029 πίστει,
937 966 1036 1017 οὐκ
1068 965 1133 1018 ἂν
1176 968 1417 1036 φείσαιεν
1450 968 1721 1041 (φήσαιεν)
1751 973 1878 1043 περὶ

297 1048 359 1107 οὗ
393 1054 733 1126 προσδοκῶσι
774 1055 843 1108 τὰ
894 1058 1135 1113 τοιαῦτα.
1173 1058 1311 1130 Ὦρα
1356 1056 1448 1113 οῦν
1495 1061 1703 1123 ἀτελεῖς
1755 1064 1876 1115 κατ’

299 1147 498 1209 αὐτοὺς
535 1147 627 1200 καὶ
664 1146 863 1220 δηλαδὴ
897 1149 1109 1217 ψευδεῖς
1156 1150 1550 1219 ἀποφαίνεσθαι
1586 1153 1683 1216 τὰς
1728 1153 1877 1217 θείας

299 1237 504 1307 φωνάς·
526 1238 634 1290 ἀλλ’
654 1238 711 1289 οὐ
730 1238 853 1290 καθ’
868 1240 1014 1309 ἡμᾶς
1027 1256 1089 1307 γε
1112 1241 1233 1302 τοὺς
1247 1236 1327 1303 οἷς
1343 1242 1443 1293 οὐκ
1468 1241 1739 1313 ἀνηγγέλη
1779 1244 1875 1312 μὲν

295 1332 363 1384 ἐκ
392 1330 662 1401 πατέρωνο
684 1330 804 1383 οὐδὲ
834 1330 1097 1403 παρεδόθη
1123 1332 1189 1385 τὰ
1211 1333 1339 1405 περὶ
1361 1333 1546 1396 αὐτοῦ,
1570 1334 1744 1405 θεωρή
1755 1352 1876 1388 σαν-

294 1440 397 1485 tot;
427 1422 469 1475 δ’
493 1423 640 1492 ὅμως
687 1422 848 1475 αὐτὸν
886 1424 979 1476 κα)⁸
1018 1423 1489 1495 παραδεξαμένους
1536 1426 1676 1479 κατά
1716 1427 1776 1479 τὸ
1815 1428 1873 1479 ἐν

289 1514 471 1577 ἄλλοις
486 1514 793 1585 εἰρημένον·
809 1533 825 1564 ι
839 1514 979 1578 Aab;
991 1515 1048 1568 ὃν
1064 1515 1161 1568 οὐκ
1184 1515 1352 1584 ἔγνων
1368 1516 1647 1569 ἐδούλευσέ
1669 1535 1779 1588 μοι,
1794 1520 1873 1581 εἰς

287 1605 458 1676 ἀκοὴν
480 1604 643 1658 ὠτίου
681 1606 955 1678 ὑπήκουσέ
984 1624 1083 1677 μου
1104 1623 1117 1637 ο
1133 1627 1151 1659 ι
1174 1607 1266 1660 καὶ
1294 1607 1360 1660 δι’
1381 1608 1507 1678 ὅλης
1531 1608 1586 1661 δὲ
1614 1608 1711 1679 τῆς
1737 1626 1870 1679 προ-

286 1698 521 1766 φητείας
547 1696 779 1749 πλατύτε
790 1716 877 1767 ρον
903 1698 996 1751 καὶ
1019 1699 1444 1771 τηλαυγέστερον
1464 1701 1530 1753 τὰ
1558 1704 1677 1755 κατ’
1709 1701 1868 1754 αὐτὸν

1986 524 2091 578 cst,
2142 517 2232 586 qui
2267 526 2446 573 tan‘en
2491 535 2615 573 eum
2651 525 3003 595 contemplati
3046 543 3239 584 sumus
3282 542 3446 602 atque
3477 550 3567 591 re-

1984 609 2253 677 cepimus,
2280 612 2435 680 juxta
2480 614 2611 668 illud
2642 616 2786 685 quod
2828 619 2966 674 alias
2999 620 3206 676 dictum
3245 634 3330 679 est
3366 644 3377 679 :
3410 644 3429 677 ι
3463 627 3569 682 Ρο-

1983 702 2143 770 pulus
2172 719 2332 772 quem
2390 721 2498 760 non
2543 708 2772 777 cognovi
2824 713 3015 765 serviit
3054 713 3208 778 mihi,
3258 716 3312 770 in
3374 720 3564 776 auditu

1982 793 2134 849 auris
2162 796 2402 851 obedivit
2442 798 2596 854 mihi.
2633 818 2651 851 ›
2691 800 2869 871 Atque
2896 803 2950 856 in
2981 805 3130 857 onmi
3159 807 3448 877 prephetia
3476 826 3565 866 ex-

1979 885 2225 952 pressius
2267 892 2321 941 et
2374 887 2538 942 latius
2580 889 2964 959 exprimuntur
3019 908 3139 962 quae
3193 905 3444 965 spectant
3493 901 3562 956 ad

1979 990 2125 1040 cum,
2179 977 2596 1050 ostenditurque
2637 996 2801 1050 quam
2849 982 2904 1036 in
2962 984 3261 1052 perniciem
3315 987 3561 1045 incident

1978 1067 2072 1137 qui
2109 1069 2158 1123 ei
2193 1070 2434 1125 insidiati
2466 1080 2616 1137 sunt,
2651 1073 2738 1129 his
2766 1074 2947 1130 verbis
2976 1094 2987 1129 :
3024 1095 3041 1127 ι
3070 1076 3136 1131 Ει
3173 1078 3313 1133 dabo
3360 1081 3559 1153 impios

1979 1173 2080 1228 pro
2130 1162 2413 1229 sepultura
2457 1162 2598 1231 ejus,
2636 1170 2689 1217 ct
2712 1163 2910 1219 divites
2944 1180 3045 1235 pro
3095 1175 3271 1222 morte
3315 1184 3413 1224 sua
3444 1190 3456 1226 :
3490 1188 3557 1228 eo

1976 1245 2120 1314 quod
2167 1246 2505 1316 iniquitatem
2554 1263 2665 1301 non
2716 1247 2930 1314 fecerit,
2975 1265 3154 1319 neque
3199 1251 3357 1307 dolus
3385 1253 3551 1311 fuerit

1978 1336 2157 1388 inore
2198 1335 2335 1403 ejus.
2370 1354 2388 1386 ι
2429 1335 2578 1390 Talis
2608 1338 2753 1391 enim
2795 1354 2919 1392 cum
2958 1338 3141 1402 fuerit,
3179 1344 3273 1406 ait,
3314 1348 3557 1403 sustule-

1973 1430 2103 1477 runt
2146 1440 2293 1487 eum,
2334 1426 2446 1479 lucc
2480 1427 2720 1481 vicissim
2770 1430 3006 1497 passuri.
3039 1429 3167 1486 Post
3211 1432 3325 1487 haec
3357 1428 3555 1490 iterum

1972 1517 2212 1586 gentium
2246 1516 2491 1572 Ecclesia
2530 1519 2700 1573 electa
2735 1528 2899 1589 atque
2933 1531 3154 1592 accepta
3191 1524 3393 1593 prioris
3434 1527 3554 1582 loco

1973 1609 2156 1677 populi
2212 1610 2571 1662 annuntiatur
2624 1610 2709 1664 his
2770 1612 2951 1667 verbis
2991 1632 3004 1668 :
3042 1632 3060 1664 ι
3092 1614 3299 1679 Lauda,
3350 1619 3552 1674 sterilis

1972 1714 2093 1768 qua:
2141 1714 2249 1753 non
2309 1701 2455 1769 paris
2484 1719 2496 1753 :
2530 1701 2763 1754 decanta
2811 1702 3049 1765 laudem,
3099 1714 3151 1760 et
3196 1707 3369 1772 hinni,
3427 1726 3549 1779 qua:

284 1788 606 1859 ἐμφέρεται,
642 1790 734 1842 καὶ
765 1789 834 1842 τὰ
862 1790 990 1861 περὶ
1018 1790 1111 1843 τοῦ
1148 1792 1533 1862 κατειληφότος
1560 1792 1616 1845 δὲ
1645 1792 1850 1864 όλέθροι

1966 1804 2072 1843 non
2101 1789 2385 1859 pariebas;
2435 1791 2693 1860 quoniam
2747 1792 2902 1845 multi
2939 1792 3034 1846 ﬁlii
3077 1795 3324 1860 desertae,
3375 1802 3548 1870 magis

283 1882 411 1945 τοὺς
444 1881 958 1946 ἐπιϐεϐουλευκότας
982 1884 1128 1953 αὐτῷ
1158 1884 1407 1955 δηλοῦται
1435 1884 1523 1937 διὰ
1542 1884 1635 1937 τοῦ
1659 1905 1671 1915 υ
1697 1904 1715 1935 ι
1754 1887 1864 1939 Καὶ

282 1972 440 2027 δώσω
471 1976 596 2037 τοὺς
627 1976 893 2047 πονηροὺς
928 1977 1047 2029 ἀντὶ⁸
1075 1978 1175 2048 τῆς
1197 1977 1373 2047 ταφῆς
1398 1977 1584 2039 αὐτοῦ,
1616 1977 1711 2031 καὶ
1738 1980 1860 2042 τοὺς

281 2063 573 2129 πλουσίους
593 2065 722 2117 ’ἀντὶ
761 2065 852 2118 τοῦ
890 2064 1119 2121 θανάτου
1154 2068 1347 2121 αὐτοῦ·
1390 2069 1470 2121 ὃτι
1501 2068 1729 2139 ἀνομίαν
1762 2069 1861 2121 οὐκ

280 2155 558 2223 ἐποίησεν,
588 2155 710 2207 οὐδὲ
738 2154 884 2219 δόλος
915 2158 972 2209 ἐν
1001 2156 1078 2226 τῷ
1109 2158 1333 2228 στόματι
1353 2158 1515 2212 αὐτοῦ
1535 2174 1549 2189 ⁸
1586 2179 1605 2211 ι
1636 2159 1727 2212 ἐπὶ
1751 2157 1857 2230 γὰρ

276 2240 520 2294 τοιοῦτον
551 2242 700 2306 ὄντα,
734 2245 919 2315 φησὶν,
956 2246 1160 2299 ἀνεῖλον
1184 2246 1370 2300 τούτου
1399 2248 1555 2321 χάριν
1587 2247 1655 2301 τὰ
1691 2249 1860 2301 τοιαδὶ⁵

279 2332 555 2387 πείσοντα.
594 2334 655 2403 (Ῑ.
681 2334 770 2403 58)
794 2335 1013 2399 Τούτοις
1045 2336 1169 2407 ἑξῆς
1196 2333 1350 2401 αὖθις
1375 2339 1407 2408 ή
1446 2338 1504 2402 ἐξ
1528 2338 1693 2391 ἐθνῶν
1737 2339 1859 2391 Ἐκ-

276 2423 480 2495 κλησία
499 2424 902 2493 εὐαγγελίζεται
926 2429 1320 2500 συγκρινομένη
1346 2430 1438 2483 καὶ
1453 2429 1855 2501 προκρινομένη

1965 1897 2129 1951 quam
2174 1881 2293 1951 ejus
2327 1898 2448 1952 qua}
2476 1883 2637 1937 habet
2670 1883 2867 1937 virum.
2905 1904 2924 1937 ι
2960 1884 3168 1951 Quibus
3213 1905 3337 1944 cum
3379 1894 3545 1948 multa

1963 1987 2101 2043 Opus
2134 1972 2206 2028 sit
2237 1973 2655 2043 investigatione
2681 1981 2735 2028 et
2756 1975 3142 2045 explanatione
3175 1980 3276 2035 hoc
3310 1981 3365 2035 in
3397 1984 3539 2047 loco,

1964 2063 2051 2117 hic
2104 2064 2190 2117 cui
2254 2063 2405 2117 cordi
2455 2064 2559 2117 erit
2614 2071 2943 2132 praeceptum
3008 2065 3139 2120 illud
3190 2067 3542 2126 Salvatoris:

1967 2173 1985 2206 ι
2020 2154 2349 2209 Scrutamini
2402 2155 2734 2224 Scripturas,
2771 2153 2901 2222 quia
2931 2170 3028 2209 vos
3062 2158 3269 2225 putatis
3302 2159 3356 2212 in
3402 2159 3542 2230 ipsis

1960 2248 2128 2300 vitam
2170 2254 2427 2301 aeternam
2473 2246 2673 2299 habere
2703 2264 2715 2298 :
2743 2252 2795 2299 et
2831 2245 2935 2298 illa:
2976 2254 3103 2299 sunt
3138 2262 3259 2317 quae
3294 2250 3545 2305 testimo—

1958 2338 2109 2391 nium
2132 2336 2418 2405 perhibent
2462 2334 2529 2390 de
2569 2350 2654 2388 me
2683 2335 2724 2399 ¹,
2760 2352 2778 2385 ι
2814 2334 3115 2391 studiosius
3154 2348 3207 2392 et
3238 2340 3542 2409 impensius

1959 2436 2235 2484 scrutatus
2264 2444 2327 2483 ea
2366 2428 2669 2498 dignoscet.

274 2518 372 2572 τοῦ
405 2519 666 2589 προτέρου
710 2521 839 2575 λαοῦ
866 2522 953 2576 διὰ
978 2524 1092 2577 τοῦ·
1130 2542 1149 2575 ι
1195 2524 1560 2595 Εὐφράνθητι,
1599 2524 1785 2597 στείρα
1814 2527 1846 2596 ή
1875 2524 1934 2578 οὐ
1965 2523 2243 2577 τίκτουσα*
2289 2524 2447 2594 ῥῆξον
2488 2524 2580 2576 καὶ
2615 2524 2828 2593 βόησον,
2878 2526 2910 2594 ή
2973 2526 3073 2577 οὐκ
3127 2523 3423 2577 ὠδίνουσα·
3458 2524 3540 2579 ὅτι

274 2613 450 2667 πολλά
466 2614 534 2667 τὰ
554 2615 718 2669 τέκνα
744 2617 842 2687 τῆς
867 2619 1094 2689 ἐρήμου,
1125 2620 1377 2692 μᾶλλονῆ
1412 2622 1510 2691 τῆς
1540 2620 1771 2691 ἐχούσης
1792 2620 1883 2675 τὸν
1911 2620 2096 2692 ἀνδρα.
2137 2639 2155 2669 ι
2191 2619 2392 2689 Πολλῆς
2415 2618 2471 2671 δὲ
2504 2618 2769 2688 δεομένων
2826 2620 3159 2691 ἐρευνήσεως
3199 2619 3289 2672 καὶ
3353 2619 3539 2685 ἐξετά-

277 2727 418 2773 σεως
453 2709 561 2764 τῶν
597 2713 734 2766 κατὰ
761 2713 850 2767 τὸν
877 2715 1062 2783 τόπον,
1099 2709 1143 2784 ᾧ
1178 2717 1327 2787 μέλει
1351 2717 1449 2787 τῆς
1476 2716 1568 2769 τοῦ
1597 2717 1850 2788 Σωτῆρος
1888 2715 2107 2785 ἐντολῆς
2148 2714 2411 2784 λεγούσης
2433 2731 2446 2743 ·
2482 2732 2501 2764 ι
2568 2715 2855 2785 Ἐρευνᾶτε
2894 2714 2994 2778 τάς
3053 2714 3297 2786 Γραφάς,
3340 2716 3396 2767 ἐν
3447 2710 3537 2779 αἶς

273 2807 479 2865 δοκεῖτε
513 2809 655 2882 ζωὴν
683 2806 899 2863 αἰώνιον
939 2809 1119 2880 ἔχειν·
1145 2812 1240 2865 καὶ
1267 2804 1426 2865 αὐταί
1462 2813 1599 2865 είσιν
1659 2813 1715 2865 αἱ
1777 2810 2145 2883 μαρτυροῦσαι
2199 2808 2326 2881 περὶ
2366 2808 2520 2879 ἐμοῦ,
2566 2829 2584 2861 ι
2629 2809 3047 2881 ἐπιμελέστερον
3109 2806 3259 2874 οὗτος
3312 2811 3538 2882 epam-

276 2920 378 2967 σας
412 2903 479 2957 τὰ
505 2906 562 2957 ὲν
588 2903 769 2967 αὐτοῖς
797 2902 1025 2958 εἴσεται.

778 3018 1169 3072 ΚΕΦΑΛΑΙΟΝ
1210 3018 1343 3071 KH'.

351 3126 371 3161 ι
419 3107 710 3162 Ἀκούσατέ
745 3125 863 3179 μου,
889 3109 982 3162 καὶ
1016 3108 1254 3177 φάγεσθε
1293 3108 1492 3177 ἀγαθὰ,
1529 3110 1623 3163 καὶ
1656 3111 1846 3180 ἐντρυ-
1877 3094 1923 3157 C

271 3201 436 3271 φήσει
464 3201 522 3253 ὲν
552 3199 774 3268 ἀγαθοῖς
805 3200 837 3271 ἡ
864 3200 1008 3271 ψυχὴ
1040 3201 1212 3270 ὐμῶν.
1249 3200 1552 3271 Προσέχετε
1574 3203 1684 3264 τοῖς
1716 3200 1847 3253 ὠσὶν

269 3290 450 3361 ὑμῶν,
487 3291 581 3345 καὶ
608 3289 1076 3361 ἐπακολουθήσατε
1102 3294 1222 3354 ταῖς
1253 3290 1391 3355 ὁδοῖς
1435 3308 1533 3361 μου
1554 3307 1566 3319 ·
1596 3288 1846 3343 εἰσακού-

272 3383 405 3436 σατέ
446 3400 568 3453 μου,
595 3383 689 3436 καὶ
720 3382 945 3453 ζήσεται
969 3384 1025 3436 ἐν
1052 3383 1273 3452 ἀγαθοῖς
1313 3384 1346 3454 η
1374 3382 1518 3453 ψυχὴ
1546 3382 1717 3453 ὑμῶν,
1752 3381 1844 3434 καὶ

266 3476 596 3549 διαθήσομαι
621 3477 749 3547 ὑμῖν
781 3476 1043 3549 διαθήκην
1072 3476 1307 3539 αἰώνιον,
1339 3475 1408 3529 τὰ
1436 3477 1557 3530 ὅσια
1584 3474 1746 3528 Δαυῖδ
1777 3473 1844 3527 τὰ

268 3568 457 3622 πιστά.
496 3568 646 3633 Ἰδοὺ,
677 3569 973 3640 μαρτύριον
994 3569 1051 3622 ἐν
1085 3568 1291 3623 ἔθνεσιν
1324 3568 1503 3622 ἔδωκα
1532 3570 1713 3633 αὐτὸν,
1747 3568 1843 3639 ἀρ-

265 3678 431 3733 χοντα
461 3661 555 3713 καὶ
579 3662 984 3731 προστάσσοντα
1022 3662 1079 3713 ἐν
1107 3659 1338 3713 ἔθνεσινο
1374 3660 1481 3713 ἰδοὺ
1508 3659 1655 3730 ἔθνη,
1679 3658 1714 3712 ἃ
1742 3659 1842 3713 οὐκ

264 3754 441 3808 οἴδασί
473 3769 553 3819 σε,
602 3753 1014 3807 ἐπικαλέσονταί
1063 3771 1144 3816 σε,
1188 3754 1283 3806 καὶ
1322 3752 1440 3806 λαοὶ
1464 3794 1479 3818 ,
1516 3754 1565 3806 οἳ
1609 3754 1709 3805 οὐκ
1741 3754 1840 3804 ἐπ-

269 3844 513 3901 ίστανταί
548 3863 627 3910 σε,
648 3848 737 3899 ἐπὶ
755 3847 813 3899 σὲ
837 3845 1283 3914 καταφεύξονται,
1309 3845 1491 3899 ἕνεκεν
1514 3845 1716 3916 Κυρίου
1744 3843 1837 3897 τοῦ

264 3937 401 3992 Θωῦ
436 3955 531 3991 σου
571 3936 665 3990 τοῦ
706 3936 862 4006 ἁγίου
899 3935 1134 4007 Ἰσραὴλ,
1164 3936 1244 3989 ὅτι
1285 3934 1506 4001 ἐδόξασέ
1537 3952 1617 3988 σε.
1657 3954 1675 3985 ›
1703 3933 1837 3987 Τού-

264 4048 379 4095 τοις
402 4030 469 4084 τὰ
485 4030 750 4102 λεγόμενα
768 4033 1023 4083 συνιεῖσιν
1045 4029 1435 4100 ὑποδεχόμενος
1455 4030 1482 4081 ὁ
1504 4028 1659 4097 λόγος
1680 4046 1837 4082 πνευ-

266 4124 501 4195 ματικὰς
533 4123 759 4195 τροφὰς.
788 4122 936 4175 θείαν
982 4137 1039 4173 τε
1079 4122 1173 4173 καὶ
1213 4120 1460 4192 οὐράνιον
1492 4119 1724 4192 τρυφὴν,
1754 4120 1834 4174 ἔτι

258 4233 319 4270 τε
352 4216 497 4287 ζωὴν
525 4217 585 4269 οὐ
630 4215 728 4287 τὴν
768 4214 967 4285 σαρκὸς
996 4213 1306 4285 ἀδιάφορον,
1344 4212 1478 4266 ἀλλά
1526 4214 1624 4283 τὴν
1666 4214 1834 4267 ἀΐδιον

257 4311 358 4381 τῆς
407 4310 617 4380 ψυχῆς,
660 4310 1141 4381 προσυπισχνεῖται
1184 4309 1293 4369 τοῖς
1342 4307 1523 4371 αὐτοῖς
1572 4307 1834 4379 διαθήκην

257 4402 477 4457 αἰώνιον
506 4401 875 4473 διαθήσεσθαι,
905 4401 1092 4471 ἥντινὰ
1117 4416 1249 4469 φησι
1276 4418 1296 4451 ι
1336 4398 1403 4453 τὰ
1432 4399 1552 4453 ὅσια
1584 4399 1746 4453 Δαυῖδ
1765 4400 1833 4454 τὰ

258 4496 427 4551 πιστά
461 4512 478 4545 ι
509 4493 795 4564 περιέξειν.
833 4493 928 4557 Τίς
956 4492 1020 4545 ἂν
1048 4487 1138 4546 οῦν
1170 4490 1255 4562 εἴη
1281 4492 1374 4545 καὶ
1402 4490 1536 4562 αῦτη
1574 4491 1711 4563 μετά
1733 4491 1831 4565 τὴν

257 4587 397 4661 πρὸς
423 4587 611 4658 καιρὸν
640 4586 738 4657 τὴν
770 4584 857 4638 διὰ
887 4584 1161 4647 Μωῦσέως
1189 4586 1345 4655 καινὴ
1375 4600 1455 4648 τις
1487 4584 1579 4638 καὶ
1616 4582 1831 4647 αἰώνιος

254 4677 499 4751 Διαθήκη
513 4676 827 4749 δοθήσεσθαι
843 4675 1069 4741 τούτοις,
1096 4676 1230 4747 πρὸς
1245 4674 1338 4739 οὓς
1363 4678 1391 4729 6
1410 4675 1585 4744 λόγος,
1615 4692 1828 4747 προφη-

251 4768 554 4840 τευομένη;
594 4768 658 4820 Ἠ
692 4765 851 4836 καινὴ
893 4765 1000 4818 τῶν
1047 4764 1207 4834 ἱερῶν
1248 4762 1591 4832 Εὐαγγελίων
1616 4762 1824 4834 Γραφὴ,

252 4864 324 4916 τὰ
351 4862 473 4915 δσια
515 4859 676 4914 Δαυῒδ
709 4858 1033 4931 περιέχουσα
1065 4856 1151 4909 διὰ
1179 4856 1270 4910 τὸν
1296 4858 1360 4910 ἐκ
1392 4855 1703 4928 σπέρματος
1728 4856 1827 4908 αύ-

251 4953 350 5007 τοῦ
376 4953 662 5023 γενόμενον
703 4948 905 5021 Ἰησοῦν
926 4949 1017 5001 τὸν
1048 4946 1279 5019 Χριστὸν
1304 4946 1397 4999 τοῦ
1426 4945 1557 4999 Θεοῦ
1580 4959 1592 4972 ·
1641 4944 1827 4999 τοῦτον

251 5046 309 5098 δὲ
341 5045 437 5097 καὶ
487 5041 779 5113 μαρτύριον
822 5038 1108 5093 δεδωκέναι
1140 5037 1303 5106 φησὶν
1346 5037 1374 5086 ὁ
1406 5034 1536 5097 Θεὸς
1584 5034 1703 5103 οὐχὶ
1748 5033 1826 5104 τῷ

265 5135 501 5208 Ἰσραὴλ,
532 5132 665 5187 ἀλλά
689 5135 799 5195 τοῖς
825 5130 1050 5189 ἔθνεσιν,
1085 5126 1314 5199 ἄρξοντα
1344 5126 1549 5179 τούτων
1579 5126 1673 5178 καὶ
1704 5125 1826 5178 τού-

2485 3008 2714 3067 CAPUT
2753 3007 2989 3064 XXVIII.

2031 3126 2050 3158 ι
2087 3104 2289 3159 Audite
2332 3104 2619 3160 audientes
2658 3118 2767 3169 me,
2815 3112 2870 3158 et
2904 3101 3175 3159 comedite
3219 3104 3446 3173 bonum,
3478 3119 3532 3164 et

1948 3197 2307 3254 delectabitur
2334 3196 2389 3249 in
2422 3194 2795 3250 crassitudine
2822 3194 3003 3248 anima
3031 3203 3231 3250 vestra.
3266 3197 3528 3254 lnclinate

1948 3304 2131 3345 aurem
2174 3294 2433 3351 vestram,
2473 3294 2527 3341 et
2556 3288 2738 3341 venite
2770 3286 2836 3341 ad
2880 3302 3005 3341 me:
3040 3287 3246 3352 audite,
3283 3296 3338 3343 et
3375 3290 3524 3345 vivet

1946 3382 2126 3437 anima
2160 3387 2342 3435 vestra
2373 3396 2387 3433 :
2415 3387 2468 3432 et
2513 3376 2704 3430 feriam
2740 3379 3022 3433 vobiscum
3067 3390 3280 3449 pactum
3324 3381 3528 3452 sempi-

1944 3482 2185 3537 ternum,
2234 3468 2641 3526 misericordias
2690 3466 2859 3523 David
2900 3469 3107 3527 ﬁdeles.
3145 3470 3284 3528 Ecce
3330 3480 3523 3529 testem

1945 3566 2158 3638 populis
2190 3563 2312 3620 dedi
2361 3578 2508 3625 eum,
2553 3561 2749 3615 ducem
2800 3575 2864 3614 ac
2911 3570 3299 3631 praeceptorem
3346 3569 3522 3634 genti—

1945 3660 2070 3716 bus.
2128 3658 2267 3713 Ecce
2318 3664 2555 3727 gentem,
2607 3669 2771 3725 quam
2814 3653 3119 3715 nesciebas,
3168 3654 3389 3710 vocabis
3426 3674 3438 3709 :
3470 3665 3524 3711 et

1941 3759 2129 3822 gentes
2155 3763 2276 3819 qua:
2308 3756 2359 3802 te
2387 3762 2497 3802 non
2533 3753 2927 3816 cognoverunt,
2965 3741 3031 3796 ad
3064 3752 3116 3798 te
3143 3752 3370 3797 current
3393 3760 3523 3814 pro-

1940 3851 2061 3914 pter
2119 3839 2410 3894 Dominum
2471 3836 2640 3891 Deum
2694 3842 2870 3898 tuum,
2925 3841 2978 3888 et
3022 3840 3276 3887 sanctum
3326 3831 3518 3900 Israel,

1939 3933 2070 4004 quia
2099 3927 2422 4003 gloriﬁcavit
2457 3934 2509 3982 te
2530 3928 2571 3981 ².
2606 3945 2624 3979 ι
2655 3926 2725 3980 lis
2756 3925 2847 3995 qui
2871 3924 2985 3978 haec
3007 3922 3306 3993 intelligent
3327 3924 3516 3987 verba,

1942 4023 2226 4093 Scriptura
2257 4019 2548 4092 pollicetur
2577 4016 2893 4088 spirituales
2926 4013 3100 4078 cibos,
3142 4013 3382 4068 divinam
3408 4029 3519 4069 cae-

1938 4117 2240 4185 lestemque
2287 4110 2698 4177 abundantiam,
2746 4109 3023 4177 vitamque
3068 4120 3178 4160 non
3213 4105 3517 4161 secundum

1937 4222 2183 4271 carnem,
2215 4204 2310 4260 sed
2348 4203 2544 4258 animae
2578 4199 2991 4271 sempiternam,
3021 4196 3399 4267 promittitque
3435 4197 3516 4252 eis

1937 4302 2161 4369 insuper
2191 4306 2408 4368 pactum
2444 4293 2856 4363 sempiternum,
2894 4288 3037 4359 quod
3057 4306 3074 4338 ι
3104 4286 3511 4341 misericordias

1937 4394 2124 4449 ﬁdeles
2144 4391 2307 4445 David
2334 4408 2353 4441 ι
2373 4394 2552 4443 vocat.
2573 4385 2854 4452 Quodnam
2874 4383 2977 4437 erit
3000 4381 3156 4449 illud,
3178 4393 3296 4451 post
3314 4380 3516 4452 Moysis

1863 4456 1907 4510 Β
1938 4494 2179 4559 pactum,
2212 4484 2319 4540 nisi
2348 4497 2549 4538 novum
2576 4488 2629 4535 et
2665 4477 3056 4549 sempiternum
3081 4476 3509 4536 Testamentum,

1936 4579 2083 4650 quod
2115 4576 2273 4633 feriet
2318 4590 2442 4630 cum
2495 4572 2605 4627 illis
2654 4570 2719 4624 ad
2769 4584 2907 4639 quos
2953 4573 3160 4639 spectat
3189 4565 3515 4637 prophetia?

1934 4672 2085 4727 Nova
2129 4676 2445 4725 sanctorum
2490 4661 2908 4733 Evangeliorum
2944 4659 3250 4730 Scriptura,
3296 4655 3513 4711 miseri-

1934 4764 2134 4821 cordiae
2177 4761 2387 4818 scilicet
2435 4755 2626 4821 David,
2682 4762 2907 4825 prepter
2949 4764 3136 4807 natum
3185 4751 3252 4805 de
3302 4747 3509 4803 semine

1934 4854 2054 4925 ejus
2084 4852 2271 4908 Jesum
2306 4848 2584 4903 Christum
2620 4844 2736 4901 Dei.
2772 4843 2929 4898 Hunc
2966 4849 3020 4897 et
3058 4849 3252 4895 testem
3290 4837 3508 4894 dedisse

1931 4948 2006 5001 ait
2040 4945 2181 5000 Deus
2227 4957 2338 4997 non
2372 4939 2569 5004 Israel,
2618 4938 2711 4993 sed
2762 4934 3035 5007 gentibus,
3074 4932 3142 4986 iis
3192 4930 3506 4985 dominatu-

1925 5052 2045 5091 rum
2074 5044 2237 5105 atque
2274 5034 2691 5101 imperaturum,
2720 5040 2831 5079 non
2860 5030 3041 5076 autem
3068 5022 3235 5076 veteri
3268 5021 3507 5076 circum-

1924 5126 2151 5183 cisionis
2197 5124 2419 5196 populo.
2472 5120 2565 5176 Hae
2614 5125 2794 5173 autem
2850 5123 3040 5185 gentes
3079 5112 3233 5183 prius
3278 5112 3503 5166 minime

250 5200 367 5292 τοις
411 5200 797 5298 προστάξοντα,
838 5221 958 5291 οὐχὶ
990 5220 1045 5273 δὲ
1076 5218 1152 5289 τῷ
1182 5218 1430 5290 προτέρῳ
1457 5216 1533 5287 τῷ
1558 5220 1623 5270 ἐκ
1665 5234 1823 5287 περι-

1950 5235 2045 5274 ειιω
2077 5224 2469 5289 cognoverant,
2500 5229 2623 5267 cum
2662 5209 2942 5266 sciverunt
2971 5220 3094 5261 eum
3125 5218 3247 5258 esse
3276 5201 3370 5257 Dei
3402 5200 3498 5256 Fi-

247 5319 426 5391 τομῆς
469 5318 600 5389 λαῷ.
632 5316 814 5372 Ταῦτα
856 5315 911 5367 δὲ
961 5312 1029 5365 τὰ
1067 5311 1217 5383 ἐθνη,
1264 5310 1525 5382 πρότερον
1568 5309 1821 5379 οὐδαμῶς

248 5411 413 5465 οὐτὺν
463 5409 816 5481 ἐπιστάμενα,
857 5407 944 5459 ὅτε
991 5403 1132 5472 ἔγνω
1166 5402 1326 5455 αὐτὸν
1368 5402 1494 5454 Υίὸν
1538 5401 1633 5454 τοῦ
1680 5400 1814 5454 Θεοῦ

246 5503 605 5575 τυγχάνοντα,
659 5502 885 5571 Σωτῆρα
924 5498 1015 5551 καὶ
1044 5495 1175 5549 Θεὸν
1205 5492 1571 5549 ἐπεκαλέσατο
1616 5495 1779 5548 αὐτόν
1799 5511 1813 5525 θ

246 5595 385 5651 ἀλλὰ
429 5593 524 5647 καὶ
569 5595 617 5646 ot
673 5588 1021 5662 μηδεπώποτε
1042 5587 1203 5640 αὐτὸν
1243 5585 1612 5654 ἐπεγνωκότες
1656 5587 1818 5658 ἡμεῖς

325 5755 342 5782 ⁸
377 5753 533 5809 Joan.
568 5770 618 5818 v,
651 5751 737 5805 39.
817 5750 835 5778 '
875 5744 977 5801 Isa.
1011 5758 1095 5807 ιν,
1128 5740 1241 5796 2-3.

1923 5312 2074 5377 lium,
2130 5323 2366 5377 eumque
2417 5305 2753 5361 Salvatorem
2809 5314 2873 5354 ac
2925 5295 3096 5351 Deum
3141 5302 3496 5349 vocaverunt.

1927 5400 2129 5456 Verum
2152 5412 2253 5454 nos
2280 5411 2499 5467 quoque
2524 5392 2617 5462 qui
2645 5391 2795 5461 prius
2825 5403 2950 5445 eum
2979 5385 3407 5449 nesciveramus,
3431 5383 3498 5438 ad

1927 5507 2049 5550 eum
2072 5488 2439 5558 confugimus.
2472 5502 2502 5539 a
2531 5482 2765 5554 pristino
2792 5495 2981 5535 errore
3008 5476 3266 5549 digressi,
3297 5475 3492 5531 adver-

1926 5585 2180 5655 sariaque
2227 5580 2438 5652 abjccta
2489 5576 2713 5631 ditione.
2752 5573 2911 5629 Tales
2951 5585 3106 5642 ergo,
3147 5570 3222 5624 ait
3263 5568 3496 5642 prophe-
