4008 6208
553 292 684 349 1251

1148 293 1412 350 EUSEBH
1453 295 1934 351 C:ES.\RIENSIS
1973 295 2121 352 OPP.
2184 297 2382 354 PARS.
2426 299 2512 356 lii.
2543 333 2600 342 -
2642 300 3050 356 EXEGETlCA.

3677 303 3814 358 Εἱῖέ

552 407 647 473 tia,
709 408 900 464 [lenius
949 416 1172 478 propter
1224 406 1511 462 Dominum
1570 407 1738 463 Deum
1800 410 1941 479 ejus,
1997 413 2099 482 qui:

2229 412 2600 483 κατεφύγομεν
2653 412 2738 466 ἐπ’
2768 414 2951 478 αὑτὸν,
2983 415 3079 486 τῆς
3115 413 3384 486 προτέρας
3437 415 3812 484 ἀποφυγόντες

549 499 874 571 gloriﬁcavit
902 514 1048 553 eum.
1089 497 1434 554 Manifestum
1466 510 1548 554 est
1581 517 1686 570 qua
1715 502 1926 556 ratione
1953 504 2114 573 glori-

550 591 794 646 ﬁcaverit
816 605 940 645 eum
975 589 1158 655 Pater,
1185 591 1342 659 juxta
1380 593 1520 647 hanc
1554 592 1622 647 ad
1651 611 1775 648 eum
1807 609 1838 649 e
1859 597 1998 650 caelo
2024 596 2122 652 der

547 683 771 736 missam
817 695 1045 735 vocem:
1077 700 1096 732 σ
1135 681 1196 735 Et
1243 682 1536 736 clariﬁcavi
1591 691 1645 739 et
1681 685 1877 740 iterum
1921 687 2121 742 clarili-

545 775 683 828 cabo
711 773 751 827 ⁸.
786 767 808 825 ί
838 772 1134 828 Videamus
1188 783 1370 828 autem
1419 790 1600 830 annon
1647 787 1952 848 congruant
1998 796 2120 850 quae

543 866 635 920 hic
663 866 941 929 dicuntur,
973 867 1184 921 scilicet
1209 885 1224 919 :
1258 886 1276 917 ι
1310 867 1448 923 Ecce
1474 879 1688 939 gentem
1707 887 1875 943 quam
1905 875 2121 929 nescie—

542 960 644 1014 bas
676 960 901 1014 vocabis
932 978 944 1012 :
977 970 1029 1014 et
1059 969 1248 1029 gentes
1278 976 1398 1030 quae
1433 971 1486 1016 te
1511 978 1617 1016 non
1647 976 2021 1035 cognoverunt
2049 968 2116 1021 ad

544 1062 598 1107 te
624 1061 868 1116 current,
899 1071 918 1104 ι
959 1069 1082 1107 cum
1127 1053 1234 1108 illis
1266 1070 1387 1123 quae
1417 1057 1468 1107 in
1503 1055 1842 1124 prmcedente
1867 1057 2116 1112 referun-

541 1153 633 1200 tur
679 1146 940 1216 capitulo,
999 1147 1232 1210 scilicet,
1271 1165 1289 1198 ι
1321 1148 1522 1218 quibus
1572 1163 1680 1203 non
1729 1150 2113 1204 annuntiatum

540 1247 625 1294 est
657 1239 724 1293 de
752 1255 838 1301 eo,
873 1240 1148 1303 viderunt,
1189 1248 1241 1295 et
1276 1240 1368 1311 qui
1404 1258 1511 1296 non
1544 1241 1837 1297 audierunt
1869 1252 2117 1298 contem-

539 1331 672 1401 plati
721 1339 867 1386 sunt.
902 1351 918 1383 ι
984 1331 1079 1388 llis
1122 1333 1323 1387 similia
1381 1333 1732 1388 inveniuntur
1775 1335 1830 1389 in
1885 1337 2114 1406 septimo

539 1423 756 1479 decimo
818 1425 1058 1493 psalmo,
1118 1440 1149 1480 e
1211 1425 1416 1480 Christi
1489 1441 1720 1496 persona
1768 1445 1780 1480 :
1824 1426 2114 1498 «Populus

539 1531 700 1586 quem
737 1515 1051 1587 ignorabam
1083 1518 1308 1573 servivit
1336 1517 1492 1583 mihi,
1534 1520 1587 1572 in
1615 1519 1800 1572 auditu
1845 1520 1959 1574 oris
1985 1521 2113 1576 obe-

537 1608 672 1662 divit
701 1609 833 1662 mihi
857 1610 897 1660 ’.
928 1628 946 1659 ι
983 1607 1274 1680 Nos'igitur
1295 1626 1451 1664 veras
1465 1611 1748 1666 credentes
1767 1612 2109 1681 prophetias,

540 1700 789 1770 impletas
844 1699 1013 1755 fuisse
1064 1716 1158 1756 eas
1195 1700 1498 1756 Salvatoris
1544 1703 1714 1756 nostri
1747 1703 1979 1758 adventu
2014 1719 2111 1773 pro

2230 504 2456 572 πλάνης,
2478 503 2568 556 καὶ
2594 503 2698 556 ὑπὸ
2720 505 2816 567 τὰς
2839 506 3215 576 ἀντικειμένας
3242 508 3527 578 ἐνεργείας
3549 508 3812 574 δουλείας.

2229 595 2414 648 Ταῦτα
2435 595 2510 656 δὲ,
2543 596 2704 665 φησὶν
2734 597 2765 666 ἡ
2803 595 3124 667 προφητεία,
3159 595 3456 667 γενήσεσθε
3491 598 3682 652 ἕνεκεν
3711 601 3820 652 Ku-

2231 689 2346 758 ρίου
2363 686 2456 739 τοῦ
2473 687 2605 739 Θεοῦ
2624 687 2808 750 αὑτοῦ,
2833 688 2913 740 ὅτι
2933 687 3180 754 ἐδόξασεν
3197 688 3379 741 αὐτόν’
3403 692 3578 759 σαφὲς
3597 691 3641 743 δ’
3667 693 3822 754 ὅπως

2226 779 2477 844 ἐδόξασεν
2509 779 2664 832 αὑτὸν
2691 782 2720 832 ὁ
2752 779 2938 851 Πατὴρ
2985 780 3124 834 κατὰ
3163 781 3258 852 τὴν
3312 781 3634 852 ἐνεχθεῖσαν
3673 783 3826 852 πρὸς

2225 871 2388 924 αὑτὸν
2431 871 2490 935 ἐξ
2532 871 2762 943 οὐρανοῦ
2791 873 2993 943 φωνὴν,
3035 875 3167 945 τήνο
3211 892 3229 924 ι
3277 875 3388 927 Καὶ
3433 875 3684 942 ἐδόξασα,
3724 876 3824 928 καὶ

2227 963 2388 1016 πάλιν
2410 963 2632 1028 δοξάσω.
2673 985 2691 1016 ι
2719 967 2858 1037 Ὅρα
2884 967 2928 1018 δ’
2957 969 3005 1019 εἰ
3034 966 3108 1038 μὴ
3133 968 3368 1038 συγγενῆ
3403 969 3664 1037 τυγχάνει
3697 972 3824 1033 τοῖς

2225 1057 2411 1110 ἐνθάδε
2447 1061 2626 1130 ῥητοῖς
2655 1060 2918 1129 φάσκουσι
2945 1062 3024 1114 τόο
3063 1081 3080 1111 ι
3122 1061 3290 1131 Ἔθνη
3319 1061 3356 1114 ἃ
3383 1062 3483 1114 οὐκ
3513 1062 3695 1115 οἴδασί
3727 1079 3819 1126 σε,

2223 1148 2636 1202 ἐπικαλέσονταί
2681 1167 2770 1219 σε,
2795 1155 2889 1206 καὶ
2925 1153 3044 1206 λαοί
3084 1153 3132 1205 οἳ
3161 1153 3258 1206 οὐκ
3297 1152 3534 1221 ἔγνωσαν
3583 1171 3664 1216 σε,
3711 1155 3818 1207 ἐπὶ

2229 1241 2287 1293 σέ
2319 1241 2766 1312 καταφεύξονται,
2805 1264 2822 1295 ι
2849 1245 2916 1298 τὰ
2949 1247 3006 1298 ἐν
3037 1243 3115 1315 τῷ
3147 1245 3252 1316 πρὸ
3273 1245 3461 1298 τούτου
3491 1246 3814 1318 κεφαλαίῳ,

2223 1331 2349 1385 ἔνθα
2378 1332 2612 1401 ἐλέγετο,
2639 1335 2718 1388 ὅτι
2739 1355 2755 1384 ι
2779 1329 2859 1400 οἷς
2889 1336 2988 1390 οὐκ
3009 1337 3282 1408 ἀνηγγέλη
3304 1338 3422 1408 περὶ
3441 1339 3611 1390 αὐτοῦ
3637 1338 3815 1408 δεξιονο

2221 1443 2330 1488 ται,
2365 1428 2459 1482 καὶ
2492 1427 2541 1479 οἳ
2571 1429 2671 1480 οὑκ
2699 1428 2965 1500 ἀκηκόασι
2998 1431 3304 1500 συνήσουσι.
3342 1450 3361 1480 ι
3387 1431 3606 1494 Τούτοις
3625 1431 3808 1500 ὃμοια

2219 1519 2474 1589 τυγχάνει
2506 1520 2598 1573 καὶ
2649 1519 2716 1573 τὰ
2751 1522 2808 1572 ἐν
2834 1521 3280 1591 ἑπτακαιδεκάτῳ
3303 1520 3489 1592 ψαλμῷ
3521 1525 3584 1576 ἐκ
3611 1540 3802 1594 προσ-

2220 1606 2369 1660 ώπου
2419 1607 2512 1660 τοῦ
2557 1607 2792 1681 Χριστοῦ
2843 1610 2984 1663 κατὰ
3025 1609 3108 1663 τόν
3165 1629 3185 1662 ι
3232 1611 3372 1674 Aab;
3403 1613 3458 1664 ὃν
3483 1613 3584 1666 οὐκ
3614 1613 3796 1682 ἔγνων

2220 1699 2496 1753 ἐδούλευσέ
2551 1717 2660 1770 μοι,
2706 1703 2784 1764 εἰς
2837 1703 3006 1772 ἀκοὴν
3057 1702 3218 1756 ὠτίου
3276 1705 3551 1775 ὑπήκουσέ
3609 1723 3720 1776 μοι.
3773 1726 3797 1758 ι

537 1805 688 1850 certo
719 1794 1004 1860 habemus,
1034 1795 1501 1865 intelligimusque
1533 1811 1633 1851 nos
1657 1797 1928 1866 quondam
1964 1797 2099 1866 ipsos

2230 1796 2420 1864 Ἡμεῖς
2453 1795 2549 1864 μέν
2571 1791 2664 1848 οὖν
2694 1795 2910 1865 ἀληθεῖς
2965 1796 3306 1860 πιστεύοντες
3330 1797 3430 1859 τὰς
3459 1799 3808 1869 προφητείας

534 1887 876 1942 errabundas
925 1895 1114 1956 gentes
1161 1887 1354 1950 fuisse,
1410 1889 1745 1958 malignitate
1797 1889 2107 1943 dazmonum

534 1981 589 2035 in
620 1996 835 2034 onmem
896 1981 1257 2033 idololatrian!
1315 1989 1636 2050 provectos,
1700 1997 1874 2051 neque
1928 1982 2106 2035 solum

531 2087 658 2127 vere
688 2070 858 2127 Deum
887 2079 1305 2140 cognoscentes,
1340 2087 1514 2142 neque
1547 2072 1710 2124 ullam
1740 2071 2109 2141 propheticam

533 2165 821 2220 audientes
880 2179 1098 2230 vocem;
1149 2170 1526 2218 verumtamen
1581 2162 1884 2219 Salvatoris
1928 2164 2105 2220 nostri

528 2255 658 2313 Jesu
689 2255 961 2320 doctrina,
999 2255 1065 2309 ad
1105 2255 1347 2309 omnium
1397 2255 1489 2312 Dei
1533 2257 1821 2311 scientiam
1852 2257 2104 2327 perveni-

528 2367 673 2414 mus,
703 2350 1012 2418 divinisque
1047 2348 1380 2403 credidimus
1406 2347 1728 2418 Scripturis,
1759 2349 2107 2419 etpropheti-

529 2451 710 2496 zatum
747 2439 843 2495 Dei
875 2439 1112 2494 Verbum
1141 2439 1474 2509 accepimus,
1504 2439 1662 2509 cujus
1696 2439 1850 2509 prius
1879 2441 2102 2494 omnino

527 2533 700 2589 nescii
733 2547 975 2586 eramus.
1011 2529 1125 2585 Hoc
1157 2531 1322 2601 igitur
1349 2538 1562 2584 tantum
1597 2528 1896 2585 Salvatoris
1927 2531 2100 2586 nostri

527 2626 778 2680 doctrina
819 2625 1141 2680 beneﬁcium
1169 2625 1473 2688 consecuti,
1511 2624 1787 2694 quomodo
1818 2641 1925 2678 non
1953 2625 2100 2692 jusle

527 2721 902 2789 acciperemus
949 2726 1003 2772 et
1045 2717 1477 2788 prmdicaremus
1525 2732 1647 2772 eum
1701 2720 1842 2771 sicut
1871 2715 1965 2771 Dei
2010 2715 2100 2769 Fi-

524 2809 656 2862 lium
691 2805 1137 2876 Salvatoremque
1169 2806 1452 2862 nostrum?

2216 1885 2277 1955 (Ῑ.
2306 1885 2375 1940 58
2399 1886 2497 1956 γ’),
2528 1885 2918 1957 πεπληρῶσθαι
2959 1886 3126 1950 αὐτὰς
3170 1887 3260 1940 ἐπὶ
3293 1890 3358 1958 τῇ
3405 1889 3499 1942 τοῦ
3540 1889 3805 1959 Σωτῆρος

2215 1977 2369 2049 ἡμῶν
2421 1978 2692 2050 παρουσίᾳ
2752 1979 3126 2049 πεπείσμεθα,
3183 1981 3587 2052 συναισθόμενοι
3637 1984 3803 2046 ὅπως

2214 2071 2374 2140 ἡμεῖς
2406 2071 2578 2134 αὑτοὶ,
2613 2069 2940 2142 πλανώμενα
2972 2070 3098 2143 ἔθνη
3126 2071 3185 2126 τὸ
3217 2073 3384 2126 παλαι
3405 2076 3798 2144 τυγχάνοντες,

2215 2164 2557 2234 ἐλαυνόμενοί
2605 2182 2662 2217 τε
2691 2164 2797 2218 ὑπὸ
2847 2164 3097 2236 χαλεπῶν
3131 2165 3404 2236 δαιμόνων
3433 2167 3571 2220 κατὰ
3606 2171 3803 2220 πᾶσαν

2211 2255 2669 2326 εἰδωλολατρείαν,
2704 2257 2796 2310 καὶ
2822 2258 2956 2328 μήτε
2995 2258 3085 2310 τὸν
3123 2259 3280 2327 μόνον
3308 2258 3486 2330 ἀληθῆ
3521 2259 3654 2312 Θεὸν
3692 2263 3802 2312 επ-

2214 2349 2508 2418 ιστάμενοι,
2533 2349 2667 2419 μήτε
2691 2349 3031 2420 προφητικῆς
3055 2349 3331 2412 ἐπαΐοντες
3359 2351 3562 2420 φωνῆς,
3585 2351 3672 2403 διὰ
3695 2351 3800 2420 τῆς

2210 2438 2302 2492 τοῦ
2335 2441 2584 2510 Σωτῆρος
2617 2439 2770 2511 ἡμῶν
2817 2439 2993 2510 Ἰησοῦ
3024 2439 3369 2504 διδασκαλίας
3405 2442 3498 2494 ἐπὶ
3525 2442 3626 2513 τὴν
3653 2444 3798 2510 γνῶ-

2209 2550 2292 2585 σιν
2325 2533 2417 2585 τοῦ
2451 2531 2583 2586 Θεοῦ
2618 2531 2725 2585 τῶν
2753 2531 2890 2584 ὅλων
2919 2531 3392 2604 παρεληλύθαμεν,
3416 2533 3796 2587 πεπιστεύκα-

2210 2626 2308 2695 μέν
2338 2643 2397 2678 τε
2424 2629 2543 2689 ταῖς
2586 2624 2961 2688 θεοπνεύστοις
3000 2625 3262 2696 Γρα-ραῖς,
3304 2626 3398 2680 καὶ
3429 2627 3520 2680 τὸν
3573 2644 3794 2699 προφη-

2206 2717 2461 2770 τευθέντα
2487 2717 2580 2770 τοῦ
2610 2717 2744 2770 Θεοῦ
2776 2717 2944 2785 Λόγον
2986 2717 3453 2789 παραδεδέγμεθα,
3497 2719 3619 2790 μηδ’
3651 2719 3794 2782 ὅλως

2207 2810 2368 2863 αὑτὸν
2393 2811 2455 2862 τὸ
2492 2812 2620 2882 πρὶν
2663 2810 3034 2880 ἐπιστάμενοι.
3063 2809 3310 2864 Τοσαῦτα
3337 2812 3402 2882 δὴ
3437 2811 3524 2864 διὰ
3556 2812 3655 2882 τῆς
3688 2811 3792 2864 τοῦ

525 2900 775 2970 Σωτῆρος
803 2899 956 2970 ἡμῶν
983 2898 1429 2970 εὐεργετηθέντες
1456 2897 1819 2962 διδασκαλίας,
1844 2899 1960 2962 πῶς
1993 2899 2092 2953 οὐκ
2149 2899 2214 2954 ἂν
2247 2901 2469 2966 δικαίως
2503 2900 2948 2972 παοαδεχοίμεθά
2999 2919 3059 2956 τε
3113 2904 3207 2958 καὶ
3252 2903 3628 2976 ἐκθειάζοιμεν
3686 2904 3792 2956 αὑ-

521 2994 632 3063 τὸν,
661 2997 755 3050 ἆτε
789 2996 915 3051 Υἱὸν
948 2995 1082 3048 Θεοῦ
1118 2995 1273 3066 ἡμῶν
1304 3012 1361 3047 τε
1395 2994 1572 3048 αὐτῶν
1614 2995 1944 3066 τυγχάνοντα
1978 2998 2241 3071 Σωτῆρα;

1057 3110 1285 3167 CAPUT
1327 3110 1526 3168 XXIX.

598 3227 616 3257 ‹
645 3207 834 3262 Justus
868 3203 1031 3277 perit,
1056 3213 1110 3258 et
1154 3221 1265 3259 non
1307 3215 1393 3260 est
1417 3205 1512 3276 qui
1556 3207 1816 3279 recogitet
1847 3207 1900 3262 in
1933 3208 2097 3264 corde

523 3316 645 3364 suo,
679 3308 732 3355 et
759 3299 861 3353 viri
892 3298 1283 3352 misericordia:
1312 3298 1669 3369 colliguntur,
1699 3301 1825 3370 quia
1867 3315 1975 3355 non
2012 3308 2096 3356 est

520 3392 612 3459 qui
663 3389 929 3459 intelligat
964 3407 978 3441 :
1010 3404 1039 3441 a
1075 3385 1212 3442 facie
1252 3389 1398 3442 enim
1452 3389 1674 3443 maliti:e
1721 3390 1985 3445 collectus
2015 3399 2097 3445 est

516 3484 722 3552 justus.
760 3479 956 3536 Veniat
1007 3497 1131 3550 pax,
1175 3482 1483 3550 requiescat
1530 3483 1586 3536 in
1640 3484 1808 3538 cubili
1857 3500 1957 3540 suo
2001 3485 2094 3553 qui

521 3571 820 3626 ambulavit
870 3571 925 3625 in
967 3570 1268 3625 directione
1304 3587 1424 3626 sua.
1473 3570 1582 3626 Vos
1621 3582 1803 3627 autem
1850 3572 2094 3629 accedite

526 3665 657 3729 huc,
693 3663 788 3718 lilii
809 3663 1199 3734 auguratricis,
1229 3679 1414 3718 semen
1433 3665 1662 3719 adulteri
1688 3672 1742 3719 et
1766 3664 2089 3722 fornicarize.

521 3756 700 3828 Super
730 3771 892 3826 quem
923 3755 1175 3810 lusistis?
1221 3754 1396 3826 Super
1421 3772 1582 3827 quem
1612 3757 1881 3812 dilatastis
1914 3773 1998 3821 os,
2039 3765 2092 3813 et

516 3843 762 3918 ejecistis
800 3846 1080 3917 linguam?
1122 3843 1373 3916 Nunquid
1419 3863 1530 3902 non
1573 3863 1669 3903 vos
1715 3848 1806 3902 ﬁlii
1849 3851 2087 3915 scelesti,

519 3955 705 3994 semen
754 3937 983 3993 mendax
1011 3937 1121 3991 δί»
1165 3936 1419 3993 Christus
1461 3937 1554 3994 Dei
1594 3939 1744 3994 solus
1781 3956 1906 3996 vere
1947 3941 2089 3996 inter

517 4045 710 4085 omnes
732 4029 827 4098 qui
857 4043 1098 4097 unquam
1126 4027 1387 4084 exstitere
1413 4027 1596 4097 justos
1631 4029 1757 4084 talis
1792 4029 2084 4087 invenitur.

517 4120 749 4190 Ideoque
779 4118 1124 4190 peculiariter
1160 4119 1341 4188 justus
1398 4126 1644 4180 vocatur,
1703 4128 1756 4174 et
1807 4121 2087 4190 prophetia

515 4214 582 4269 de
610 4228 676 4268 eo
699 4211 775 4267 ait
802 4231 815 4268 :
853 4230 872 4264 ι
898 4211 1038 4267 Ecce
1061 4211 1242 4281 justus
1277 4212 1435 4282 perit.
1466 4232 1484 4264 ι
1521 4210 1673 4267 Unde
1727 4223 1906 4269 autem
1939 4214 2088 4268 abla-

516 4313 605 4360 tus
628 4305 699 4360 sit
727 4305 850 4360 dein
878 4303 1081 4358 indicat
1111 4305 1299 4360 dicens
1327 4324 1339 4358 :
1381 4324 1399 4355 ι
1431 4305 1474 4356 Α
1511 4303 1649 4360 facie
1682 4307 1826 4361 enim
1861 4306 2083 4361 malitiae

516 4397 730 4453 ablatus
767 4405 852 4451 est
898 4397 1104 4467 justus.
1141 4415 1160 4448 ι
1215 4397 1350 4462 Quis
1390 4405 1571 4452 autem
1616 4415 1739 4454 eum
1774 4401 2080 4464 sustulerit,

515 4487 734 4542 noveris
787 4504 850 4542 ex
911 4488 1030 4558 ipso
1087 4489 1347 4544 dicente:
1382 4487 1596 4545 «Nemo
1655 4492 1799 4546 tollit
1848 4495 2081 4547 animam

514 4594 690 4634 meam
735 4595 768 4635 a
815 4595 902 4634 me
953 4580 1092 4650 ipso,
1149 4591 1204 4638 et
1246 4591 1570 4654 potestatem
1619 4585 1794 4640 habeo
1843 4585 2082 4656 ponendi

513 4688 656 4736 eam,
688 4679 740 4725 et
769 4679 1095 4744 potestatem
1135 4674 1310 4730 babeo
1338 4678 1534 4730 iterum
1568 4675 1820 4732 sumendi
1846 4691 1965 4732 eam
1987 4676 2029 4730 ⁸.
2056 4695 2074 4729 ›

513 4765 646 4821 Dein
679 4766 782 4821 ait:
808 4786 826 4816 ι
855 4765 913 4821 In
943 4781 1075 4837 pace
1114 4769 1394 4838 sepultura
1423 4771 1561 4840 ejus.
1588 4789 1607 4823 ι
1639 4769 1719 4824 Ex
1745 4785 1854 4841 quo
1884 4777 2086 4824 notan-

513 4860 664 4922 dum,
705 4858 851 4930 quod
899 4875 1008 4914 non
1039 4861 1200 4916 modo
1229 4870 1478 4926 mortem,
1509 4863 1602 4918 sed
1645 4870 1697 4917 et
1740 4861 2079 4931 sepulturam

511 4955 630 5024 ejus
651 4953 964 5024 prophetica
995 4952 1241 5024 designat
1267 4952 1572 5024 Scriptura,
1596 4955 1740 5011 unde
1768 4962 1821 5010 et
1853 4964 2078 5010 sanctus

509 5045 804 5113 Apostolus
851 5045 916 5098 ad
966 5044 1279 5102 Corinthios
1311 5047 1556 5102 scribens
1604 5047 1776 5102 dicit:
1811 5067 1828 5098 ι
1857 5045 2080 5102 Tradidi

509 5137 654 5190 enim
709 5136 866 5191 vobis
926 5137 981 5190 in
1031 5137 1224 5208 primis
1271 5138 1416 5208 quod
1471 5145 1524 5192 et
1563 5141 2076 5210 accepizquoniam

510 5215 762 5285 Christus
790 5240 1038 5285 mortuus
1055 5241 1137 5287 est
1166 5247 1264 5302 pro
1283 5233 1524 5302 peccatis
1545 5235 1751 5289 nostris
1775 5233 2077 5289 secundum

514 5319 844 5391 Scri'pturas,
894 5331 948 5378 et
985 5324 1112 5393 quia
1157 5325 1403 5395 sepultus
1443 5329 1586 5382 est“.
1621 5345 1638 5377 ι
1675 5325 1847 5395 Cujus
1895 5334 2078 5381 autem

515 5407 827 5481 Scriptura,
865 5416 966 5470 nisi
997 5431 1118 5485 qua:
1145 5417 1341 5470 dixerit
1369 5432 1382 5468 :
1415 5434 1433 5467 ι
1465 5416 1503 5470 Α
1542 5415 1680 5470 facie
1729 5416 1952 5471 malitiae
1980 5431 2080 5486 po-

514 5502 624 5570 puli
654 5504 756 5558 mei
794 5505 990 5562 ductus
1025 5515 1109 5562 est
1149 5507 1214 5562 ad
1259 5518 1514 5572 mortem,
1550 5516 1603 5566 et
1632 5509 1685 5562 iu
1728 5524 1858 5579 pace
1891 5508 2079 5578 διερω-

510 5601 632 5646 tura
696 5595 812 5662 ejus
849 5597 866 5648 Ι
905 5617 922 5648 ι
974 5597 1090 5652 Non
1149 5600 1299 5656 solus
1357 5601 1649 5671 praedictus
1705 5602 1862 5658 nobis
1887 5602 2075 5672 justus

579 5755 595 5784 ⁸
634 5750 790 5806 Jonn.
825 5768 934 5817 xtl,
970 5753 1059 5808 28.
1136 5758 1154 5786 ‘
1187 5754 1332 5812 Psal.
1368 5774 1512 5824 xvu,
1550 5758 1637 5814 45.
1718 5760 1736 5791 ⁸
1778 5760 1879 5816 lsa.
1916 5775 2055 5828 Lvu,
2096 5761 2211 5816 1-4.

2706 3123 3101 3177 ΚΕΦΑΛΑΙΟΝ
3142 3123 3269 3176 ΚΘ.

2279 3229 2297 3260 ι
2338 3209 2524 3273 Ἴδετε,
2569 3214 2644 3274 ὡς
2683 3215 2712 3265 ό
2739 3213 2943 3277 δίκαιος
2974 3214 3207 3284 αἴρεται,
3239 3211 3333 3264 καὶ
3366 3211 3541 3275 οὐδεὶς
3574 3213 3788 3284 ἐκδέχει

2201 3318 2290 3355 ται
2311 3304 2375 3372 τῇ
2397 3303 2613 3374 καρδία,
2644 3304 2737 3358 καὶ
2756 3305 2947 3377 ἄνδρες
2967 3305 3162 3358 δίκαιοι
3188 3303 3452 3374 αἴρονται,
3481 3306 3576 3357 καὶ
3605 3306 3787 3371 οὐδεὶς

2202 3395 2453 3445 κατανοεί
2470 3407 2484 3422 ⁸
2513 3393 2620 3446 ἀπὸ
2636 3394 2744 3464 γὰρ
2761 3394 3053 3467 προσώπου
3080 3394 3290 3458 ἀδικίας
3316 3390 3480 3466 ἦρται
3495 3397 3524 3448 ὁ
3545 3395 3783 3462 δίκαιος,

2200 3483 2349 3537 ἔσται
2378 3485 2435 3538 ἐν
2459 3486 2649 3558 εἰρήνῃ
2669 3487 2701 3556 ἡ
2725 3486 2870 3558 ταφὴ
2901 3486 3086 3548 αὑτοῦ,
3115 3483 3278 3560 ἦρται
3300 3489 3364 3542 ἐκ
3381 3489 3549 3559 μέσου
3571 3506 3587 3522 ο
3619 3491 3783 3561 ὑμεῖς

2198 3574 2254 3626 δέ
2284 3576 2660 3646 προσαγάγετε
2685 3570 2808 3640 ὦδε,
2832 3577 2936 3629 υἱοὶ
2961 3575 3171 3646 ἄνομοι,
3202 3577 3422 3648 σπέρμα
3451 3577 3657 3648 μοιχῶν
3683 3582 3782 3634 καὶ

2199 3668 2422 3740 πόρνης.
2468 3669 2557 3721 Ἐν
2590 3667 2694 3721 τίνι
2747 3670 3184 3739 ἐνετρυερήσατες
3215 3671 3308 3722 καὶ
3349 3669 3440 3721 ἐπὶ
3481 3669 3604 3723 τίνα
3627 3670 3779 3740 ἠνοί-

2200 3757 2323 3824 ξατε
2369 3759 2430 3812 τὸ
2482 3759 2654 3830 στόμα
2689 3758 2882 3830 ὐμῶν;
2930 3759 3022 3812 καὶ
3053 3760 3146 3811 ἐπὶ
3187 3760 3306 3812 τίνα
3338 3760 3637 3830 ἐχαλάσατε
3677 3760 3777 3831 τὴν

2195 3851 2446 3920 γλῶσσαν
2501 3850 2692 3921 ὑμῶν;
2729 3851 2839 3921 Οὐχ
2901 3851 3059 3922 ὑμεῖς
3106 3853 3230 3904 ἐστε
3271 3851 3438 3905 τέκνα
3475 3852 3773 3916 ἀπωλείας,

2197 3945 2416 4015 σπέρμα
2455 3944 2692 4014 ἄνομονς
2725 3963 2744 3995 ι
2794 3945 2852 3997 '0
2879 3943 3111 4014 Χριστὸς
3140 3943 3235 3996 τοῦ
3269 3943 3404 3997 Θεοῦ
3449 3943 3608 4014 μόνος
3651 3946 3774 3997 κατ’

2193 4036 2450 4106 ἀλήθειαν
2491 4035 2639 4106 παρά
2681 4035 2884 4098 πάντας
2910 4035 3036 4098 τοὺς
3072 4032 3293 4087 πώποτε
3325 4035 3772 4105 χρηματίσαντας

2191 4126 2432 4189 δικαίους
2464 4125 2704 4189 τοιοῦτος
2729 4125 3099 4179 ἀναδέδεικται
3117 4142 3130 4154 ·
3160 4125 3240 4178 διὸ
3266 4127 3360 4179 καὶ
3384 4125 3588 4195 xupiw;
3613 4126 3770 4196 μόνος

2193 4221 2257 4274 ἂν
2280 4220 2440 4285 αὐτὸς
2460 4219 2785 4292 χρηματίζοι
2815 4219 3038 4283 δίκαιος,
3063 4220 3204 4274 ὥστε
3238 4221 3368 4292 περὶ
3399 4219 3561 4274 αὑτοῦ
3590 4220 3768 4288 λέγειν

2191 4313 2289 4384 τὴν
2337 4313 2703 4384 προφητείαν·
2747 4331 2766 4364 ι
2811 4311 3000 4375 Ἴδετε,
3047 4313 3122 4375 ὼς
3152 4313 3181 4365 ὁ
3211 4311 3415 4377 δίκαιος
3445 4313 3685 4383 αἴρεται·
3739 4332 3756 4362 ι

2191 4404 2298 4456 ἀπὸ
2321 4405 2465 4468 τίνος
2513 4404 2570 4456 δὲ
2599 4403 2832 4473 αἴρεται,
2889 4403 3139 4474 ἐπιφέρει
3177 4405 3234 4457 ἐν
3276 4404 3375 4475 τῷ*
3416 4423 3434 4455 ι
3486 4403 3613 4457 Ἀπὸ
3649 4403 3758 4474 γὰρ

2188 4495 2480 4569 προσώπου
2531 4496 2739 4560 ἀδικίας
2785 4491 2949 4568 ἦρται
2994 4498 3022 4548 ό
3054 4497 3260 4560 δίκαιος
3283 4514 3296 4526 '
3329 4516 3348 4548 ι
3386 4497 3468 4560 τίς
3513 4497 3567 4550 δὲ
3607 4498 3692 4550 καὶ
3727 4500 3755 4548 ό

2191 4590 2358 4660 αἴρων
2384 4589 2544 4642 αὑτὸν
2575 4587 2738 4642 αὑτοῦ
2773 4588 2920 4641 ἔστιν
2949 4589 3176 4642 ἀκοῦσαι
3198 4589 3445 4658 λέγοντος
3467 4607 3481 4621 ο
3513 4609 3530 4640 ι
3573 4588 3748 4651 Οὐδεὶς

2190 4681 2334 4753 αἴρει
2362 4682 2460 4754 τὴν
2493 4680 2671 4752 ψυχήν
2703 4697 2802 4752 μου
2840 4682 2934 4734 ἀπ’
2962 4679 3096 4750 ἐμοῦ
3120 4698 3133 4711 ·
3166 4680 3414 4745 ἐξουσίαν
3456 4681 3556 4752 ἐχω
3587 4681 3743 4734 θεῖναι

2190 4773 2380 4844 αὐτὴν,
2415 4772 2510 4827 καὶ
2537 4771 2696 4826 πάλιν
2721 4770 2968 4837 ἐξουσίαν
3007 4770 3114 4840 ἔχω
3141 4769 3326 4825 λαϐεῖν
3352 4773 3538 4843 αὐτήν.
3571 4792 3587 4824 ι
3617 4767 3740 4824 Εἷτά

2191 4884 2354 4938 φησιν
2381 4880 2394 4894 ⁸
2425 4885 2443 4917 ι
2494 4867 2582 4919 Ἐν
2609 4867 2802 4940 εἰρήνῃ
2826 4870 2859 4938 ἡ
2889 4866 3032 4938 ταφὴ
3056 4865 3241 4920 αὑτοῦ.
3276 4885 3296 4917 ι
3332 4866 3497 4920 Ἔνθα
3525 4881 3734 4935 σημειω-

2187 4961 2329 5026 τέον,
2359 4962 2438 5014 ὅτι
2467 4961 2527 5015 οὐ
2561 4961 2720 5032 μόνον
2749 4963 2818 5014 τὰ
2852 4962 2980 5035 περὶ
3006 4959 3103 5014 τοῦ
3128 4960 3383 5023 θανάτου,
3414 4958 3545 5012 ἀλλὰ
3574 4958 3654 5010 καὶ
3670 4957 3732 5008 τὰ

2189 5056 2436 5127 περὶτῆς
2464 5057 2640 5126 ταφῆς
2668 5054 2830 5108 αὐτοῦ
2854 5056 2887 5125 ἠ
2917 5054 3228 5127 προφητικὴ
3253 5053 3506 5126 σημαίνει
3530 5052 3698 5123 Γραφὴ
3714 5065 3727 5079 ⁸

2187 5145 2421 5200 ὄθεν“καὶ
2447 5148 2476 5199 ὁ
2505 5147 2646 5219 ἱερὸς
2678 5146 2996 5211 Ἀπόστολος
3019 5147 3246 5218 γράφων
3262 5147 3566 5219 Κορινθίοις
3587 5143 3728 5214 φησί·

2194 5259 2211 5289 ε
2251 5239 2548 5310 Παρέδωκα
2581 5239 2689 5312 γὰρ
2721 5240 2848 5310 ὑμῖν
2879 5241 2937 5293 ἐν
2965 5239 3220 5312 πρώτοις,
3249 5239 3278 5292 ὃ
3302 5241 3398 5293 καὶ
3431 5236 3726 5311 παρέλαϐον.

2186 5329 2267 5383 ὅτι
2292 5329 2524 5400 Χριστὸς
2553 5330 2822 5384 ἀπέθανεν
2848 5330 2988 5402 ὑπὲρ
3007 5329 3113 5384 τῶν
3134 5330 3418 5402 ἁμαρτιῶν
3445 5330 3592 5402 ἡμῶν
3611 5325 3727 5380 κατὰ

2183 5421 2282 5484 τὰς
2329 5421 2578 5494 Γραφὰς,
2608 5425 2701 5477 καὶ
2741 5425 2822 5477 ὅτι
2868 5425 3061 5496 ἐτάφη.
3096 5443 3116 5476 ι
3146 5423 3310 5487 Ποίας
3352 5423 3412 5477 δὲ
3453 5416 3728 5496 Γραφὰςνῆ

2175 5507 2283 5576 τὰς
2303 5513 2631 5581 φασκούσας·
2661 5533 2679 5565 ι
2702 5515 2835 5570 Ἀπὸ
2854 5514 2962 5569 τῶν
2979 5516 3213 5588 ἀνομιῶν
3234 5517 3328 5572 τοῦ
3342 5518 3473 5573 λαοῦ
3501 5533 3594 5590 μου
3611 5513 3730 5582 ἤχθη

2185 5608 2263 5670 είς
2294 5604 2540 5670 θάνατον,
2574 5609 2667 5662 καὶ
2691 5609 2747 5662 ἐν
2773 5609 2960 5681 εἰρήνῃ
2990 5610 3023 5678 ἡ
3045 5609 3188 5682 ταφὴ
3207 5611 3407 5676 αὐτοῦς
3448 5630 3467 5664 δ
3496 5610 3564 5664 Οὐ
3586 5606 3729 5679 μόνος

2291 5762 2308 5792 ⁸
2339 5762 2495 5819 Joan.
2526 5782 2598 5833 ι,
2636 5766 2720 5823 l8.
2797 5767 2818 5797 '
2859 5765 2878 5821 l
2910 5765 3037 5822 Cor.
3073 5784 3162 5834 xv,
3201 5768 3266 5835 3,
3301 5768 3351 5823 ι.
