4008 6208
246 295 392 351 1255

1276 284 1568 341 ECLOGIE
1609 278 2085 337 ΡΠΟΡΗΕΤΙΟᾸΞ.
2128 310 2197 321 -—
2235 280 2365 334 LIB.
2408 278 2521 349 iV.,

3367 283 3503 339 ιεδι

280 413 307 465 ὲ
329 414 358 464 6
393 405 786 479 προειρημένος
812 406 943 476 ήμῖν
972 404 1174 465 δίκαιος
1206 398 1369 474 ῆρται
1411 406 1475 456 ὲκ
1513 402 1676 473 μέσου
1718 401 1832 456 ἁδι-

1942 397 2147 455 ablalus
2176 410 2262 456 est
2337 400 2550 456 medeio
2576 400 2904 470 iniquitatis,
2956 399 3050 454 sed
3085 408 3138 455 et
3173 417 3189 449 1
3220 400 3318 454 viri
3346 400 3505 469 justi,

249 502 397 564 κίας,
443 495 580 552 ἀλλὰ
626 496 718 548 καὶ
755 514 772 546 1
825 495 1012 567 ἄνδρες
1051 493 1270 558 δίκαιοι,
1312 511 1329 543 ι
1369 492 1554 563 φησὶν,
1591 510 1609 542 1
1648 492 1827 563 αίρον-

246 611 360 656 ται,
402 611 421 644 ι
449 590 498 643 οἳ
532 589 627 643 καὶ
654 588 805 641 αὐτοὶ
831 582 938 640 εἷεν
964 586 1029 639 ἂν
1062 586 1110 638 οἱ
1143 585 1277 655 ἱεροὶ
1308 584 1401 637 τοῦ
1428 581 1665 655 Χριστοῦ
1694 582 1828 635 61:6-

251 685 449 743 στολοι.
476 681 568 735 καὶ
605 680 656 732 οἱ
700 678 987 748 θαυμάσιοι
1030 673 1189 728 αὑτοῦ
1221 676 1513 747 μάρτυρες,
1548 676 1596 726 oi
1629 676 1826 746 μετοχῇ

251 780 348 850 τῆς
400 775 569 831 αὐτοῦ
613 772 955 843 δικαιοσύνης
989 771 1190 824 δίκαιοι
1236 771 1328 823 καί¹
1374 768 1526 822 αὐτοὶ
1558 767 1831 840 χρηματί-

253 872 469 935 ζοντες*
526 867 732 920 τούτων
786 865 828 918 δ’
878 863 1302 933 ἐπιτελουμένων
1365 860 1570 923 οὐδεὶς,
1631 859 1829 928 φησὶν,

254 965 468 1028 ἐϐλεπε,
498 962 593 1015 καὶ
617 961 791 1023 οὐδεὶς
815 957 1082 1018 κατενόει,
1106 942 1212 1009 τῶν
1235 953 1637 1025 παχυνθέντων,
1668 951 1827 1023 δῆλον

252 1057 297 1110 δ’
325 1058 407 1110 ὅτι
433 1056 532 1125 τὴν
558 1051 803 1123 καρδίαν,
824 1049 918 1103 καὶ
939 1050 1046 1102 τῶν
1066 1047 1351 1120 μυσάντων
1374 1046 1500 1107 τοὺς
1524 1042 1833 1113 ὀφθαλμοὺς

250 1147 347 1201 τοῦ
386 1146 462 1218 μὴ
507 1144 741 1216 βλέπειν,
773 1140 909 1213 πρὸς
962 1138 1055 1202 06;
1083 1138 1151 1191 τὰ
1194 1136 1323 1207 ἐξῆς
1360 1135 1459 1205 τῆς
1495 1134 1830 1205 προφητείας

254 1240 497 1309 λέγεται,
525 1237 590 1291 :6
621 1236 727 1289 ἀπὸ
758 1232 871 1287 τοῦ·
909 1251 927 1283 1
978 1232 1166 1301 Ὑμεῖς
1194 1230 1250 1283 δὲ
1295 1227 1674 1300 προσαγάγετε
1707 1219 1829 1292 ὧδε,

257 1333 365 1386 uici
392 1332 597 1401 ἄνομοι,
627 1327 849 1398 σπέρμα
882 1323 1082 1395 μοιχῶν
1108 1323 1201 1377 καὶ
1235 1322 1459 1393 πόρνης.
1497 1339 1515 1371 ι

668 1440 734 1512 (f.
770 1439 857 1508 59)
892 1435 1285 1490 ΚΕΦΑΛΑΙΟΝ
1326 1435 1414 1487 Λ’.

331 1555 350 1588 1
374 1534 485 1589 Καὶ
500 1531 893 1603 φοϐηθήσονται
915 1530 963 1581 oi
985 1527 1091 1581 ἀπὸ
1111 1524 1327 1597 δυσμῶν
1342 1524 1402 1577 :6
1423 1523 1591 1593 ὄνομα
1605 1521 1833 1593 Κυρίου,

256 1625 350 1681 καὶ
394 1626 441 1678 οἱ
470 1624 561 1677 ἀπ’
596 1620 869 1676 ἀνατολῶν
893 1618 1042 1691 ἡλίου
1079 1617 1141 1670 :6
1172 1616 1341 1686 ὄνομα
1364 1614 1424 1667 :6
1454 1611 1689 1677 ἐνδοξον’
1715 1611 1835 1682 ἥξει

259 1720 365 1792 γὰρ
397 1718 471 1780 ὡς
517 1714 757 1785 ποταμὸς
792 1712 964 1783 βίαιος
992 1713 1025 1783 ἡ
1054 1710 1189 1781 ὀργὴ
1233 1706 1382 1779 παρὰ
1415 1705 1622 1776 Κυρίου
1644 1745 1658 1768 ,
1712 1702 1835 1775 ἥξει

1932 498 2028 559 ait,
2070 494 2415 556 auferuntur,
2449 512 2469 545 ι
2522 496 2616 564 qui
2667 501 2720 549 et
2771 493 2876 564 ipsi
2927 499 3057 547 sunt
3096 493 3271 547 sancti
3303 489 3511 548 Chrisli

1933 587 2187 657 apostoli,
2220 586 2607 656 mirabilesque
2654 586 2772 655 ejus
2806 592 3095 656 martyres,
3146 585 3239 655 qui
3285 584 3512 652 justitim

1933 678 2053 747 ejus
2083 677 2499 747 participatione
2531 686 2584 732 et
2623 677 2724 747 ipsi
2750 677 2886 745 justi
2916 674 3092 730 eliecti
3125 682 3272 733 sunt.
3303 674 3510 729 Horum

1934 784 2060 824 vero
2096 768 2462 839 perfectorum
2506 769 2712 831 nullus,
2748 769 2843 833 ait,
2888 765 3045 830 vidit,
3083 767 3377 835 nullusque
3419 782 3509 820 rc—

1937 862 2142 933 putavit
2195 870 2421 931 propter
2465 860 2651 915 cordis
2702 860 3149 920 crassitudinem,
3190 861 3510 914 oculorum-

1935 970 2040 1023 que
2069 952 2358 1008 obductam
2399 952 2705 1022 caliginem,
2744 952 2809 1006 ad
2845 968 2985 1021 quos
3012 952 3223 1021 reliqua
3261 958 3513 1021 spectant

1936 1045 2255 1116 prophetiae,
2296 1043 2507 1099 scilicet
2529 1042 2596 1096 ab
2629 1042 2712 1097 his
2750 1043 2932 1098 verbis
2962 1062 2974 1097 :
3008 1061 3025 1093 1
3057 1040 3167 1097 Vos
3202 1051 3385 1097 autem
3417 1057 3511 1097 ac-

1936 1136 2111 1189 cedite
2134 1135 2258 1201 huc,
2286 1134 2380 1188 lilii
2411 1133 2795 1205 auguratricis,
2836 1149 3019 1188 semen
3055 1134 3289 1190 adulteri
3315 1145 3370 1190 et
3404 1134 3512 1189 for-

1939 1228 2177 1282 nicarize.
2212 1246 2229 1279 ι
2570 1216 2587 1239 ¹

2504 1419 2733 1475 CAPUT
2775 1419 2943 1477 XXX.

2017 1535 2035 1566 1
2070 1512 2135 1566 Et
2164 1512 2466 1577 timebunt,
2502 1514 2596 1583 qui
2628 1513 2697 1566 ab
2726 1512 3014 1566 occidente
3037 1552 3051 1577 ,
3091 1528 3293 1568 nomen
3331 1510 3515 1567 Domi-

1942 1608 1994 1660 ni
2015 1648 2030 1671 ,
2062 1616 2116 1662 et
2149 1607 2240 1676 qui
2272 1606 2340 1660 ab
2361 1613 2483 1660 ortu
2517 1605 2651 1661 solis
2672 1646 2687 1669 ,
2718 1606 2947 1676 gloriam
2975 1605 3116 1672 ejus.
3143 1603 3341 1660 Veniet
3368 1607 3515 1661 enim

1942 1701 2102 1771 quasi
2151 1700 2349 1756 ﬂuvius
2406 1700 2679 1755 violentus
2730 1700 2811 1753 ira
2860 1697 3110 1762 Domini,
3158 1699 3339 1754 veniet
3387 1714 3513 1752 cum

264 1813 398 1881 μετὰ
433 1806 627 1878 θυμοῦ.
688 1805 796 1858 Καὶ
827 1802 945 1873 ἦξει
974 1802 1160 1854 ’ἐνεκεν
1186 1796 1321 1851 Σιὼν
1349 1799 1377 1850 6
1410 1795 1701 1869 ῥυόμενος,
1739 1792 1832 1845 καὶ

1942 1795 2242 1850 iracundia.
2290 1793 2356 1847 Et
2408 1794 2590 1849 veniet
2641 1792 2775 1847 Sion
2814 1791 3146 1861 redemptor,
3196 1800 3250 1847 et
3295 1792 3377 1846 eis
3418 1792 3515 1863 qui

258 1899 586 1972 ἀποστρέψει
634 1897 885 1961 ἀσεϐείας
913 1894 1020 1949 ἀπὸ
1051 1890 1265 1957 Ἰακὼϐ,
1308 1884 1429 1941 εἶπε
1466 1886 1690 1958 Κύριος.
1722 1884 1833 1937 Καὶ

257 1993 394 2063 αῦτη
414 1993 597 2055 αὐτοῖς
625 1993 659 2062 ἡ
682 1991 809 2061 παρ’
833 1988 966 2059 ἐμοῦ
987 1984 1239 2056 διαθήκη·
1262 1982 1335 2036 Τὸ
1350 1979 1575 2051 Πνεῦμα
1595 1978 1654 2031 τὸ
1678 1977 1830 2048 ἐμὸν,

253 2088 282 2140 ὅ
307 2090 455 2141 ἐστιν
474 2087 570 2139 ἐπὶ
603 2085 704 2147 σοὶ,
732 2083 825 2138 καὶ
844 2082 912 2136 :6
936 2081 1155 2152 ῥήματα
1174 2119 1187 2142 ,
1210 2076 1245 2131 6
1273 2076 1450 2130 ἔδωκα
1475 2076 1553 2137 εἰς
1574 2072 1634 2125 τὸ
1660 2071 1834 2140 στόμα

257 2198 350 2234 σου
370 2221 384 2243 ,
419 2178 478 2231 06
513 2177 585 2249 μὴ
618 2175 844 2248 ἐκλείπῃ
874 2175 939 2227 ἐκ
968 2171 1061 2226 τοῦ
1087 2168 1355 2241 στόματός
1384 2183 1475 2219 σου
1497 2205 1511 2229 ,
1536 2164 1628 2216 καὶ
1650 2164 1714 2215 ἐκ
1740 2160 1833 2213 τοῦ

257 2274 526 2345 στόματος
556 2269 650 2323 τοῦ
687 2265 996 2340 σπέρματός
1028 2281 1118 2317 σου
1144 2303 1158 2323 ,
1183 2256 1302 2313 εἷπε
1335 2257 1537 2328 Κύριος
1558 2294 1572 2316 ,
1601 2252 1707 2307 61:6
1739 2251 1833 2304 τοῦ

252 2366 353 2419 νῦν
382 2365 478 2419 καὶ
521 2365 599 2427 είς
630 2361 720 2414 τὸν
749 2358 938 2415 αίῶνα.
961 2376 979 2409 ι
1041 2350 1216 2409 Πάλιν
1236 2352 1304 2406 τὰ
1336 2350 1433 2420 τῆς
1460 2347 1706 2417 κλήσεως
1733 2344 1837 2414 τῆς

256 2458 348 2513 διὰ
377 2458 470 2511 τοῦ
492 2453 740 2525 Σωτῆρος
760 2450 915 2523 ἡμῶν
939 2448 1213 2517 συστάσης
1234 2444 1291 2510 ἐξ
1314 2440 1481 2495 ἐθνῶν
1508 2436 1835 2507 Ἐκκλησίας

257 2549 356 2602 καὶ
384 2545 469 2599 διὰ
498 2542 699 2597 τούτων
727 2541 755 2593 6
779 2538 937 2609 λόγος
971 2533 1321 2609 προφητεύει.
1370 2530 1525 2593 Τίνες
1554 2527 1662 2597 γὰρ
1690 2525 1836 2581 ἄλλοι

261 2634 371 2692 εἷεν
395 2638 442 2690 0i
470 2635 747 2705 λεγόμενοι
783 2650 801 2684 1
830 2628 939 2684 61:6
963 2627 1180 2699 δυσμῶν
1202 2668 1216 2692 ,
1244 2645 1261 2677 ι
1297 2624 1331 2694 ἢ
1356 2620 1442 2675 διὰ
1473 2620 1615 2684 τίνος
1643 2616 1840 2687 ἐφοϐή-

1935 1886 2167 1942 redeunt
2226 1886 2293 1940 ab
2344 1884 2635 1955 iniquitate
2691 1883 2747 1937 in
2798 1882 2968 1938 Jacob
3025 1884 3159 1938 dicit
3212 1882 3513 1938 Dominus:

1936 1978 2051 2032 Hoc
2092 1977 2269 2032 l‘uadus
2302 1992 2483 2031 meum
2513 1990 2638 2030 cum
2676 1976 2792 2040 eis,
2832 1974 2967 2030 dicit
3004 1974 3305 2031 Dominus:
3343 1973 3521 2046 Spiri-

1936 2082 2024 2129 tus
2056 2087 2243 2136 meus,
2275 2071 2366 2141 qui
2397 2077 2482 2126 est
2513 2071 2567 2124 in
2600 2077 2654 2125 te
2677 2110 2693 2133 ,
2752 2076 2807 2124 et
2868 2069 3031 2123 verba
3070 2084 3190 2123 mea
3212 2109 3225 2132 ,
3262 2084 3385 2139 quae
3417 2083 3518 2139 po-

1937 2165 2022 2219 sui
2057 2167 2109 2218 in
2139 2178 2235 2219 ore
2278 2170 2392 2225 tuo,
2424 2177 2531 2215 non
2580 2160 2833 2215 recedent
2868 2158 2934 2214 de
2950 2174 3045 2214 ore
3073 2168 3187 2223 tuo,
3222 2172 3276 2214 et
3315 2160 3383 2214 de
3424 2174 3519 2213 ore

1937 2254 2160 2311 seminis
2188 2253 2305 2317 tui,
2337 2260 2391 2306 et
2437 2251 2502 2306 de
2528 2266 2622 2306 ore
2683 2248 2909 2306 seminis
2946 2248 3174 2303 seminis
3222 2248 3337 2312 tui,
3386 2248 3519 2303 dicit

1937 2349 2241 2411 Dominus,
2296 2346 2493 2400 amodo
2544 2351 2599 2399 et
2651 2360 2827 2414 usque
2864 2345 2919 2398 in
2961 2343 3361 2411 sempiternum
3399 2341 3440 2395 ¹.
3490 2359 3508 2390 ι

1940 2440 2153 2495 Rursus
2201 2439 2269 2494 de
2323 2439 2563 2509 gentium
2620 2437 2925 2499 electione,
2965 2434 3049 2489 vel
3091 2433 3366 2499 Ecclesia,
3419 2449 3518 2503 per

1940 2530 2280 2586 Salvatorem
2315 2537 2562 2583 nostrum
2610 2527 2964 2597 propheticus
2988 2526 3280 2579 annuntiat
3312 2539 3514 2579 sermo.

1937 2622 2174 2689 Quinam
2215 2622 2362 2676 enim
2408 2621 2497 2673 alii
2548 2628 2734 2674 essent
2764 2618 2856 2688 qui
2893 2618 2983 2671 hic
3016 2635 3034 2668 1
3072 2617 3140 2670 ab
3179 2615 3461 2680 occidente
3493 2635 3512 2666 ο

262 2728 434 2799 θησαν
474 2725 533 2777 :6
571 2723 739 2793 ὄνομα
772 2717 978 2791 Κυρίου
1007 2716 1077 2770 τὰ
1108 2712 1422 2770 παντοδαπὰ
1460 2710 1585 2781 ἔθνη
1609 2748 1624 2772 ,
1653 2707 1721 2760 τὰ
1752 2705 1838 2758 διὰ

1942 2723 2227 2777 vocantur,
2278 2714 2364 2767 vel
2413 2713 2767 2782 quamobrem
2822 2725 3020 2764 nomen
3057 2709 3268 2762 Domini
3316 2708 3516 2762 timue-

259 2798 363 2888 τῆς
401 2814 572 2887 Ἰησοῦ
606 2810 947 2873 διδασκαλίας
976 2806 1373 2877 καταλείψαντα
1405 2803 1499 2875 μὲν
1519 2800 1616 2873 τὴν
1645 2798 1838 2871 προτέ-

1942 2808 2052 2860 rint
2084 2806 2267 2860 omnis
2302 2806 2520 2875 generis
2553 2811 2780 2874 gentes,
2812 2816 2933 2871 quae
2960 2799 3091 2855 Jesu
3122 2799 3372 2854 doctrina
3405 2798 3520 2869 pri-

267 2928 368 2984 ραν
424 2905 518 2961 τοῦ
552 2905 689 2961 κατὰ
722 2905 820 2975 τὴν
854 2903 1075 2972 ἄγνοιαν
1110 2899 1335 2959 σκότους
1368 2895 1575 2965 πλάνην
1598 2933 1613 2957 ,
1649 2892 1740 2944 ἐπὶ
1786 2889 1838 2942 δὲ

1944 2901 2147 2956 stinum
2211 2913 2497 2960 errorem,
2564 2910 2784 2965 suaaque
2846 2893 3171 2965 ignorantur.
3228 2890 3518 2959 caliginem

263 2982 355 3057 τὴν
373 3002 480 3055 τῶν
499 3000 633 3054 ὃλων
654 2998 785 3051 Θεὸν
808 2991 1285 3062 καταπεφευγότα;
1312 2988 1408 3051 Τίς
1424 2986 1469 3039 δ’
1486 2989 1514 3038 ὁ
1541 2982 1690 3056 ἥξειν
1717 2999 1838 3053 προ-

1943 2994 2219 3061 reliquere
2245 3001 2409 3060 atque
2442 2988 2508 3043 ad
2538 2989 2783 3043 omnium
2820 2986 2988 3042 Deum
3026 2984 3366 3054 confugere?
3395 2983 3520 3054 quis

264 3095 633 3167 φητευόμενος
651 3093 714 3144 ἐκ
737 3088 896 3151 Σιὼν,
928 3086 1218 3159 ῥυσόμενος
1246 3082 1335 3135 καὶ
1359 3076 1714 3149 ἀποστρέψων
1739 3074 1838 3145 τῆς

1945 3094 2124 3139 autem
2177 3090 2443 3137 venturus
2487 3096 2612 3136 esse
2650 3077 3063 3150 proplietizatus
3096 3075 3163 3130 dc
3202 3074 3372 3138 Sion,
3424 3074 3517 3144 qui

266 3165 535 3259 προτέρας
564 3183 815 3245 ἀσεϐείας
837 3180 926 3234 τὸν
965 3175 1158 3232 Ἰακὼϐ
1178 3216 1191 3239 ,
1220 3174 1254 3245 ἢ
1281 3174 1309 3225 6
1340 3172 1508 3224 σῶσαι
1536 3166 1838 3239 παραγενό-

1942 3172 2237 3228 redimeret
2263 3180 2319 3226 et
2350 3188 2379 3224 a
2417 3172 2651 3240 pristina
2685 3169 2975 3239 iniquitate
3006 3167 3294 3222 reduceret
3324 3165 3516 3228 Jaeub,

267 3258 428 3351 μενος
448 3278 516 3330 :6
541 3273 852 3329 ἀπολωλότα
877 3270 968 3324 καὶ
990 3271 1046 3322 ἐν
1068 3265 1291 3335 ἀσεϐείᾳ
1309 3261 1568 3331 γεγονότα
1591 3258 1839 3329 πρόϐατα

262 3348 416 3425 οἴκου
460 3367 707 3439 Ἰσραὴλ,
748 3361 829 3428 οἷς
873 3358 1221 3433 διαθήσεσθαί
1270 3372 1401 3426 φησι
1432 3352 1493 3406 :6
1526 3354 1584 3407 ἐν
1623 3348 1842 3421 Χριστῷ

263 3463 489 3533 Πνεῦμα
510 3460 602 3513 τοῦ
623 3456 764 3512 Θεοῦ
804 3458 1019 3529 ῥήματα
1050 3453 1148 3523 τῆς
1176 3448 1391 3505 αἰωνίου
1427 3445 1600 3515 ζωῆς,
1637 3441 1672 3497 ἃ
1692 3441 1845 3495 δέδω-

265 3575 362 3611 κεν
384 3556 411 3607 ὀ
437 3556 624 3626 Πατὴρ
650 3555 728 3616 είς
752 3551 811 3606 :6
847 3549 939 3603 τοῦ
964 3545 1093 3601 Υίοῦ
1126 3544 1298 3614 στόμα
1317 3560 1329 3572 ’
1359 3541 1394 3596 6
1426 3539 1517 3593 καί
1544 3554 1675 3607 φησι
1702 3536 1841 3606 μήτε

269 3650 326 3715 ἐξ
368 3647 528 3701 αὑτοῦ
548 3687 562 3710 ,
603 3646 735 3717 μήτε
768 3643 873 3715 μὴν
905 3643 968 3695 ἐκ
1002 3638 1094 3693 τοῦ
1124 3636 1386 3708 στόματος
1408 3632 1501 3685 τοῦ
1536 3632 1845 3701 σπέρματος

267 3741 431 3797 αὐτοῦ
459 3738 748 3808 διαλείψειν
783 3736 889 3789 ἀπδ
922 3732 1015 3788 τοῦ
1044 3732 1137 3786 νῦν
1167 3731 1260 3783 καὶ
1294 3729 1372 3791 είς
1400 3727 1489 3779 τὸν
1522 3722 1690 3779 αίῶνα
1717 3721 1845 3792 χρό-

266 3853 356 3889 νον
380 3851 395 3899 ;
426 3832 607 3887 Ταῦτα
637 3832 681 3884 δ’
707 3830 771 3884 ἂν
806 3828 890 3900 εἴη
918 3828 988 3880 :6
1017 3827 1236 3899 ῥήματα
1264 3821 1355 3875 ⁸εοᾖ
1383 3820 1714 3888 Εὐαγγελίου
1744 3819 1844 3889 τῆς

267 3927 476 3997 Καινῆς
507 3923 798 3995 Διαθήκης,
825 3921 881 3985 ἃ,
916 3919 1090 3974 καίτοι
1123 3915 1388 3970 τοσούτων
1426 3912 1843 3967 ἐπιϐουλευσάν-

266 4039 375 4074 των
409 4036 466 4071 τε
501 4017 666 4070 πάλαι
700 4016 792 4070 καὶ
818 4014 897 4068 ἐτι
926 4013 1019 4066 νῦν
1052 4008 1507 4063 ἐπιϐουλευόντων
1530 4007 1712 4069 αὐτοῖς
1738 4046 1752 4069 ,
1780 4006 1841 4057 06

264 4113 548 4175 διέλειπεν,
579 4109 699 4163 οὐδὲ
726 4107 829 4179 μὴν
859 4105 1124 4175 ἐπιλείψει
1148 4105 1210 4157 ἐκ
1237 4102 1329 4155 τοῦ
1360 4100 1624 4172 στόματος
1654 4099 1751 4170 τῆς
1779 4100 1843 4151 ἐκ

265 4206 361 4258 τοῦ
384 4202 598 4272 λογικοῦ
619 4203 712 4256 καὶ
731 4199 920 4272 νοητοῦ
952 4198 1261 4270 σπέρματος
1280 4193 1373 4248 τοῦ
1396 4190 1630 4265 Χριστοῦ
1656 4192 1845 4245 συστά-

268 4314 371 4370 σης
416 4295 739 4368 Ἐκκλησίας
759 4310 772 4323 ·
816 4289 935 4346 εἶπε
968 4292 1080 4362 γὰρ
1109 4289 1310 4360 Κύριος
1337 4286 1429 4339 καὶ
1461 4285 1843 4355 ἀποπέφανται

264 4390 363 4445 τοῦ
391 4390 463 4461 μὴ
489 4388 787 4458 ἐξαλείφειν
814 4384 951 4439 αὐτὰ
984 4383 1089 4436 61:6
1119 4380 1211 4434 τοῦ
1246 4379 1338 4434 νῦν
1362 4380 1455 4432 καὶ
1484 4380 1563 4441 εἰς
1589 4378 1679 4432 τὸν
1711 4377 1842 4431 αίῶ-

1943 3267 2027 3320 vel
2060 3264 2450 3335 superveniens
2479 3263 2721 3332 perditas
2754 3262 2991 3316 salvaret
3027 3270 3190 3329 atque
3232 3258 3286 3313 in
3331 3260 3522 3327 impie-

1945 3367 2053 3413 tate
2087 3357 2406 3428 provolutas
2441 3371 2571 3409 oves
2601 3355 2799 3409 domus
2839 3354 3006 3409 Israel
3031 3394 3044 3417 ,
3082 3353 3281 3424 quibus
3314 3353 3522 3407 consti-

1946 3458 2190 3505 tuturum
2228 3464 2285 3503 se
2321 3448 2375 3501 in
2401 3446 2620 3501 Christo
2647 3443 2885 3513 Spiritus
2914 3442 3005 3499 Dei
3040 3445 3329 3514 pollicetur
3358 3443 3522 3498 verba

1946 3545 2069 3598 vitae
2127 3549 2345 3596 aeternae
2374 3580 2389 3603 ,
2422 3555 2543 3610 qua:
2584 3536 2733 3592 dedit
2766 3536 2931 3590 Pater
2968 3536 3023 3590 in
3066 3552 3163 3590 ore
3194 3535 3316 3589 Filii
3345 3555 3359 3601 ;
3403 3550 3524 3605 qua!

1945 3645 1999 3692 et
2028 3636 2159 3690 dicit
2190 3649 2366 3703 neque
2405 3632 2473 3688 de
2511 3647 2606 3686 ore
2648 3630 2769 3699 ejus
2790 3670 2805 3692 .
2851 3643 3030 3698 neque
3064 3628 3130 3682 dc
3164 3643 3259 3681 ore
3293 3626 3522 3681 seminis

1944 3730 2064 3798 ejus
2107 3741 2383 3796 nunquam
2418 3738 2706 3779 recessura
2746 3722 2943 3776 amodo
2970 3729 3024 3776 et
3075 3736 3249 3790 usque
3283 3722 3335 3773 in
3380 3735 3525 3774 1cm-

1946 3819 2267 3892 piternum?
2324 3816 2450 3872 Haec
2509 3816 2729 3888 quidem
2782 3824 2967 3871 essent
3019 3813 3183 3867 verba
3244 3811 3523 3881 Evangelii

1945 3915 2081 3970 Novi
2113 3910 2483 3974 Tcstamenti,
2518 3927 2672 3982 quae,
2711 3910 2811 3965 etsi
2869 3916 2950 3963 tot
2982 3908 3063 3963 eis
3104 3906 3231 3961 olim
3277 3905 3523 3962 insidiati

1946 4011 2055 4066 sint
2084 4017 2137 4064 et
2168 4022 2316 4063 nunc
2347 4022 2521 4077 usque
2560 4004 2920 4066 insidientur,
2953 4015 3235 4071 nunquam
3267 3997 3524 4053 deficient

1946 4116 2122 4170 neque
2187 4098 2445 4153 recedent
2497 4098 2564 4152 de
2612 4112 2706 4151 ore
2772 4094 3054 4149 rationalis
3114 4090 3526 4159 spiritualisque

1947 4192 2174 4249 seminis
2202 4190 2407 4246 Christi
2452 4188 2730 4243 Ecclesia.
2783 4185 2930 4239 Dixit
2958 4184 3103 4239 enim
3164 4180 3425 4237 Dominus
3469 4187 3524 4233 et

1946 4286 2263 4357 praedicavit
2289 4299 2353 4340 ea
2386 4299 2494 4337 non
2526 4280 2809 4336 defectura
2842 4294 2908 4334 ex
2944 4276 3047 4332 hoc
3079 4290 3227 4330 nunc
3267 4281 3319 4327 et
3350 4286 3525 4341 usque

1947 4380 2002 4434 in
2056 4377 2336 4433 szeculum.
2390 4375 2623 4445 Ideoque
2667 4373 2824 4443 juxta
2864 4370 3128 4425 Joannem
3185 4387 3203 4419 1
3257 4373 3522 4421 aeternum

264 4500 358 4536 να·
388 4482 467 4535 διο
494 4482 586 4534 καὶ
613 4479 755 4534 κατὰ
778 4479 868 4531 τὸν
895 4477 1147 4544 Ἰωάννην
1178 4492 1195 4524 1
1221 4471 1435 4527 αἰώνιον
1461 4469 1790 4539 Εὐαγγέλιον
1818 4490 1835 4522 ι

1949 4470 2302 4541 Evangelium
2351 4468 2668 4523 visum‘est
2720 4468 2762 4531 ',
2789 4483 2809 4516 ι
2842 4461 3046 4518 Christi
3099 4459 3311 4515 scilicet
3353 4456 3527 4511 Evan-

263 4575 462 4647 ὁρᾶται
488 4574 548 4625 :6
574 4572 667 4626 τοῦ
702 4569 937 4642 Χριστοῦ
969 4566 1317 4635 Εὐαγγέλιον.

773 4660 1168 4717 ΚΕΦΑΛΑΙΟΝ
1222 4660 1325 4711 ΛΑ*
1337 4699 1351 4711 .

346 4778 367 4812 1
390 4756 609 4828 Πνεῦμα
636 4755 839 4827 Κυρίου
866 4754 950 4805 ἐπ’
980 4752 1102 4823 ἐμὲ,
1133 4742 1193 4803 οὗ
1220 4750 1403 4803 ἕνεκεν
1431 4747 1612 4818 ἔχρισέ
1641 4763 1705 4817 με
1727 4762 1740 4777 ο
1776 4748 1843 4814 χ(

266 4850 474 4923 Κύριος
510 4844 957 4916 εὐαγγελίσασθαι
980 4846 1210 4913 πτωχοῖς
1237 4839 1543 4895 ἀπέσταλκε
1570 4855 1634 4911 με
1652 4880 1665 4902 ,
1693 4839 1845 4892 ἰάσα-

270 4943 397 4999 σθαι
440 4942 566 5005 τοὺς
618 4937 1107 5012 συντετριμμένους
1144 4935 1242 5007 τήν
1288 4934 1545 5006 καρδίαν,
1610 4931 1844 5004 κηρύξαι

268 5036 633 5111 αίχμαλώτοις
657 5035 869 5104 ἄφεσιν,
904 5032 997 5085 καὶ
1023 5029 1241 5099 τυφλοῖς
1273 5025 1584 5095 ἀνάϐλεψιν,
1620 5024 1843 5079 καλέσαι

268 5130 513 5186 ἐνιαυτὸν
533 5127 735 5199 Κυρίου
753 5125 958 5189 δεκτὸν,
989 5124 1082 5177 καὶ
1109 5122 1323 5194 ἡμέραν
1343 5119 1746 5181 ἀνταποδόσεως
1777 5121 1843 5188 Χ

276 5223 350 5295 τῷ
368 5222 487 5293 Θεῷ
508 5220 663 5293 ήμῶν
681 5237 693 5250 ·
725 5216 1101 5291 παρακαλέσαι
1124 5215 1329 5277 πάντας
1352 5215 1475 5277 τοὺς
1497 5210 1845 5276 πενθοῦντας,

270 5315 489 5387 δοθῆναι
509 5316 617 5377 τοῖς
640 5310 892 5366 πενθοῦσι
918 5308 1060 5362 Σιὼν
1082 5308 1239 5374 δόξαν
1262 5307 1382 5359 ἀντὶ
1413 5305 1629 5368 σποδοῦ,
1661 5305 1849 5376 ἄλειμ-

270 5424 351 5479 μα
377 5406 709 5478 εὐφροσύνης
731 5408 842 5468 τοῖς
873 5401 1145 5465 πενθοῦσι,
1181 5399 1512 5469 καταστολὴν
1538 5397 1692 5472 δόξης
1724 5401 1845 5454 ἀντὶ

272 5497 579 5567 πνεύματος
619 5496 871 5568 ὰκηδίας·
916 5496 1011 5549 καὶ
1044 5493 1403 5563 κληθήσονται
1436 5491 1617 5558 γενεαὶ
1646 5490 1845 5544 δικαιο-

270 5587 461 5660 σύνης,
497 5587 746 5658 φύτευμα
779 5588 981 5658 Κυρίου
1006 5589 1083 5649 εἰς
1109 5585 1282 5650 δόξαν.
1317 5603 1334 5635 ι
1379 5585 1435 5635 '0
1471 5585 1532 5637 ἐκ
1562 5582 1661 5653 τῆς
1693 5583 1845 5654 ῥίζης

349 5745 367 5776 ⁸
408 5741 510 5801 lsa.
547 5756 674 5807 LIX,
716 5740 894 5797 19-21.
973 5743 990 5773 ⁸
1032 5741 1199 5811 Apoc.
1238 5757 1347 5805 Xtv,
1385 5740 1435 5795 6.

1949 4562 2168 4634 gelium.

2495 4646 2724 4704 CAPUT
2766 4644 2958 4701 XXXI.

2030 4768 2047 4799 1
2080 4746 2321 4817 Spiritus
2367 4741 2585 4798 Domini
2632 4757 2799 4812 super
2843 4754 2965 4804 me,
3014 4751 3080 4793 eo
3118 4732 3265 4805 quod
3306 4728 3526 4787 unxerit

1951 4841 2215 4897 Dominus
2268 4852 2396 4892 mc:
2451 4835 2518 4889 ad
2570 4830 3007 4889 annuntiandum
3055 4825 3324 4882 mendicis
3375 4821 3526 4876 misit

1952 4950 2071 5000 me,
2116 4938 2175 4986 ut
2220 4929 2471 4985 medere:
2516 4927 2769 4982 contritis
2813 4921 3015 4988 corde,
3064 4928 3118 4975 et
3169 4915 3524 4987 przedicarem

1950 5025 2180 5097 captivis
2220 5010 2649 5094 indulgentiam,
2686 5025 2740 5073 et
2780 5015 2988 5070 clausis
3034 5009 3417 5081 apertionem;
3465 5012 3525 5057 ut

1951 5096 2304 5189 pra-dicarem
2353 5129 2558 5168 annum
2608 5106 2927 5181 placabilem
2978 5102 3249 5164 Domino,
3296 5106 3351 5153 et
3380 5096 3521 5151 diem

1952 5208 2178 5263 ultionis
2219 5206 2331 5261 Deo
2376 5212 2599 5268 nostro;
2640 5207 2701 5255 ut
2740 5198 3058 5254 consolarer
3101 5208 3292 5248 omnes
3339 5191 3527 5260 lugen-

1953 5310 2074 5365 tes;
2105 5307 2165 5354 ut
2194 5312 2449 5370 ponerem
2484 5293 2795 5366 lugentibus
2826 5289 2960 5344 Sion
2999 5297 3053 5344 et
3084 5287 3272 5341 darem
3315 5284 3395 5339 eis
3434 5296 3527 5336 co-

1953 5408 2144 5449 ronam
2175 5407 2274 5463 pro
2305 5391 2523 5453 cinere,
2573 5388 2753 5442 oleum
2802 5382 2985 5454 gaudii
3027 5395 3128 5452 pro
3174 5379 3362 5439 luctu,
3406 5375 3526 5445 pal-

1953 5489 2084 5543 lium
2116 5487 2293 5542 laudis
2322 5501 2420 5557 pro
2449 5482 2646 5555 spiritu
2682 5478 2935 5534 maeroris
2962 5496 2973 5531 :
3010 5483 3064 5531 et
3094 5473 3438 5530 vocabuntur
3467 5472 3524 5526 in

1952 5597 2015 5639 ca
2050 5580 2219 5637 fortes
2242 5578 2473 5651 justitiae
2494 5618 2508 5645 ,
2542 5572 2808 5647 plantatio
2840 5569 3059 5626 Domini
3090 5568 3158 5625 ad
3201 5566 3526 5639 gloriﬁcan-
