4008 6208
569 287 705 340 1235

1257 285 1342 339 EU-
1355 281 1524 336 SEBII
1561 279 2038 336 C/ESABIENSIS
2074 279 2107 335 0

2210 317 2223 331 .
2267 276 2444 332 PARS
2481 276 2567 332 ΙΙΙ.
2599 307 2656 318 -
2710 276 3116 333 ΕΧΕΕΕΤΙΟᾹ.

3659 284 3790 340 1256

561 401 692 458 dum
725 402 763 456 '.
799 420 816 452 ο
849 400 950 466 Qui
980 399 1047 454 de
1076 398 1257 453 radice
1286 397 1442 453 Jcsse
1465 409 1619 453 ortus
1651 409 1728 453 es!
1762 396 1922 454 Jesus
1953 397 2107 453 Chri-

2232 393 2423 446 Ἰεσσαὶ
2463 391 2740 463 προελθὼν
2786 393 2992 464 Ἰησοῦς
3043 394 3072 446 6
3105 391 3336 464 Χριστὸς
3365 392 3464 446 τοῦ
3496 393 3635 448 θεοῦ
3659 435 3675 458 ,
3708 400 3794 466 ἐφ’

563 503 682 549 Slus
723 491 849 555 Dei,
883 508 936 544 in
980 505 1142 560 quem
1190 491 1576 560 requieverunt
1617 497 1828 560 septem
1875 489 1968 546 Dei
2003 491 2117 561 spi-

559 585 732 643 ritus.
763 583 1031 649 justitiam
1065 582 1156 650 qui
1191 581 1414 645 dilexit,
1461 581 1685 651 oditque
1730 582 2114 652 iniquitatem,

564 679 759 725 unctus
791 677 873 724 est
905 686 933 722 a
965 669 1076 724 Deo
1107 680 1160 725 et
1191 669 1352 725 Patre
1389 671 1511 740 ejus
1558 672 1830 740 spirituali
1873 674 2116 727 exsulta-

559 762 727 816 tiunis
757 762 912 829 oleo;
953 762 1045 831 qui
1079 772 1133 816 et
1177 771 1401 830 accepto
1442 764 1718 832 quondam
1765 764 1818 817 in
1863 765 2116 820 manibus

562 853 716 908 Isaia:
749 855 887 908 libro
908 893 920 914 .
959 862 1203 922 tempore
1233 869 1341 926 quo
1372 855 1548 908 lactus
1582 863 1699 909 erat
1732 854 1898 909 homo
1921 895 1936 919 ,
1970 857 2118 910 hunc

558 947 675 1016 ipse
723 946 850 1015 legit
878 946 1104 999 citatum
1139 947 1312 999 locum
1361 963 1374 998 :
1433 964 1451 996 ι
1494 945 1698 1002 Claude
1726 948 1956 1010 librum,
2004 949 2115 1010 ait,

557 1036 717 1091 hodie
745 1037 960 1105 impleta
989 1045 1072 1091 est
1097 1037 1209 1090 haec
1240 1035 1520 1106 Scriptura
1549 1039 1569 1067 ³
1597 1054 1610 1101 ;
1639 1056 1656 1089 ι
1678 1037 1794 1107 ipse
1821 1039 1962 1092 enim
1994 1053 2119 1092 vere

557 1138 674 1182 erat
719 1143 749 1181 a
803 1126 966 1181 Patre
1009 1128 1246 1191 missus,
1297 1129 1671 1198 evangelizare
1703 1130 2118 1198 regnumcmlo-

556 1237 675 1275 rum
705 1220 1034 1291 pauperibus
1065 1221 1296 1288 spiritu,
1324 1221 1525 1289 quibus
1555 1219 1729 1274 dixit:
1759 1239 1775 1271 ι
1806 1220 1955 1275 Beati
1983 1236 2118 1290 pau-

557 1329 713 1384 peres
766 1312 1002 1382 spiritu,
1059 1311 1187 1380 quia
1239 1311 1484 1380 ipsorum
1529 1319 1613 1366 est
1667 1327 1892 1381 regnum
1945 1313 2116 1367 cmlo-

558 1423 675 1460 rum
712 1406 732 1436 ⁸
762 1424 775 1471 ;
819 1424 836 1456 ι
879 1413 932 1460 et
958 1423 976 1455 ι
1012 1404 1215 1459 mederi
1262 1403 1515 1460 contritis
1563 1403 1726 1458 corde
1755 1424 1772 1455 ι
1804 1404 1871 1458 de
1918 1404 2118 1474 quibus

555 1497 759 1551 dictum
789 1505 873 1551 est
910 1516 922 1551 :
955 1515 972 1547 ι
1005 1495 1112 1550 Cor
1142 1497 1435 1551 contritum
1455 1504 1509 1550 et
1553 1495 1922 1561 humiliatum,
1946 1496 2112 1561 Deus,

2221 484 2278 536 ὃν
2310 483 2686 538 ἀναπέπαυται
2720 483 2788 537 τὰ
2811 485 2950 537 ἐπτά
2978 483 3071 536 τοῦ
3099 483 3231 537 Θεοῦ
3258 484 3564 554 πνεύματα,
3594 486 3796 541 δικαιοο

2222 574 2385 643 σύνην
2419 577 2706 646 ἀγαπήσας
2737 577 2829 629 καὶ
2869 577 3102 646 μισήσας
3135 577 3392 647 ἀνομίαν,
3431 578 3656 650 ἐχρίσθη
3691 581 3799 634 ὑπὸ

2218 665 2311 718 τοῦ
2337 666 2470 719 Θεοῦ
2499 667 2591 719 καὶ
2613 668 2822 739 [ἰατρὸς
2852 667 3014 720 αὑτοῦ
3043 667 3120 737 τῷ
3143 667 3416 738 λεγομένῳ
3439 672 3796 742 πνευματικῷ

2217 757 2316 826 τῆς
2346 757 2712 825 ἀγαλλιάσεως
2740 758 2927 829 ἐλαίῳ’
2959 758 3016 820 ὃς
3039 757 3131 810 κα)⁵
3154 756 3329 810 λαϐὼν
3355 775 3488 812 ποτε
3515 760 3654 829 μετὰ
3683 765 3798 831 χεῖ-

2221 868 2320 921 ρας
2361 851 2451 903 τὸν
2494 852 2719 904 Ἡσαΐαν
2756 851 2874 904 καθ’
2911 851 2969 904 ὃν
3008 852 3100 904 καὶ
3141 851 3547 922 ένηνθρωπήκει
3581 855 3790 924 χρόνον,

2219 941 2485 1009 ἀναγνούς
2517 959 2575 995 τε
2615 942 2711 1012 τὴν
2745 943 3108 1014 προκειμένην
3141 941 3444 1013 περικοπὴν
3465 983 3480 1006 ,
3543 962 3561 994 ‹
3587 945 3792 1009 πτύξας

2216 1033 2277 1084 τὸ
2332 1033 2570 1102 βιϐλίΝ,
2614 1034 3053 1104 φησὶρΣήμερον
3101 1033 3454 1104 πεπλήρωται
3598 1035 3638 1085 Γ
3643 1036 3792 1106 ραφὴ

2218 1121 2374 1193 αῦτη.
2407 1143 2425 1173 ι
2484 1125 2655 1188 Αὐτὸς
2692 1127 2798 1195 γὰρ
2825 1121 2892 1195 ἦν
2916 1125 2990 1187 ὼς
3020 1124 3234 1194 ἀληθῶς
3266 1127 3293 1176 6
3320 1126 3428 1177 ἀπὸ
3452 1125 3545 1178 τοῦ
3577 1127 3792 1197 Πατρὸς

2215 1217 2538 1280 ἀποσταλεὶς
2589 1216 3038 1285 εὐαγγελίσασθαι
3065 1218 3163 1288 τὴν
3194 1217 3471 1286 βασιλείαν
3495 1217 3601 1270 τῶν
3627 1219 3792 1290 οὐρα-

2217 1307 2321 1360 νῗιν
2341 1312 2451 1370 τοῖς
2471 1308 2546 1379 τῷ
2570 1309 2836 1379 πνεύματι
2861 1311 3113 1379 πτωχοῖς,
3141 1310 3273 1380 πρὸς
3293 1309 3388 1372 οὓς
3409 1311 3500 1362 καὶ
3517 1311 3758 1378 ἔφασκεν
3773 1329 3785 1340 ·

2223 1423 2239 1453 ι
2268 1402 2538 1472 Μακάριοι
2579 1403 2629 1452 οἱ
2678 1401 2740 1472 (Ῑ.
2769 1401 2837 1456 59
2871 1401 2954 1472 νο)
3003 1401 3207 1470 πτωχοὶ
3255 1401 3335 1470 τῷ
3367 1401 3661 1472 πλεύματι,
3703 1406 3785 1456 ὅτι

2218 1495 2393 1548 αὐτῶν
2438 1497 2581 1548 ἐστιν
2615 1495 2647 1563 ἡ
2679 1493 2921 1562 βασιλεία
2949 1491 3056 1544 τῶν
3085 1492 3328 1563 οὐρανῶν
3347 1509 3358 1521 ·
3383 1512 3398 1542 i
3423 1493 3510 1546 καὶ
3543 1512 3563 1544 ι
3590 1494 3778 1546 ἰᾶσθαι

555 1604 663 1643 non
695 1588 962 1658 despicies
998 1588 1038 1642 ⁸.
1080 1608 1097 1639 ι
1124 1587 1389 1642 Prteterea
1440 1595 1493 1642 et
1540 1589 1920 1642 annuntiatum
1970 1590 2107 1643 venil

2217 1590 2341 1652 τοὺς
2368 1588 2465 1659 τὴν
2507 1587 2730 1658 καρδίαν
2763 1586 3280 1657 συντετριμμένους,
3307 1605 3322 1636 ι
3360 1586 3481 1657 περὶ
3519 1579 3590 1639 ὧν
3622 1587 3774 1658 εἴρη-

553 1689 900 1750 peccatorum
948 1680 1322 1735 remissionem
1362 1679 1429 1733 iis
1469 1680 1562 1748 qui
1605 1681 1758 1748 prius
1804 1680 1906 1736 sub
1955 1681 2116 1749 spiri-

2217 1695 2330 1732 ται·
2379 1696 2397 1730 ι
2423 1677 2662 1748 Καρδίαν
2693 1677 3152 1748 συντετριμμένην
3192 1677 3285 1729 καὶ
3318 1677 3777 1748 τεταπεινωμένην

553 1773 717 1826 tualis
795 1771 1295 1826 Nabuchodonosor
1363 1771 1656 1841 tyrannide
1710 1773 2107 1842 premebantur.

2217 1773 2244 1823 6
2267 1770 2397 1832 Θεὸς
2427 1771 2527 1822 οὐκ
2556 1768 2915 1832 ἐξουδενώσει.
2941 1788 2958 1818 ι
3010 1767 3152 1838 Πρὸς
3173 1767 3381 1831 τούτοις
3405 1769 3464 1821 δὲ
3490 1771 3582 1822 καὶ
3605 1769 3783 1840 κηρύ-

553 1857 784 1928 Ideoque
813 1859 1127 1914 confortans
1176 1859 1313 1914 dixit
1345 1861 1644 1931 paralytico
1670 1881 1681 1914 :
1714 1881 1730 1912 ι
1759 1860 1896 1926 Fili,
1927 1865 2116 1918 remit-

551 1957 740 2003 tuntur
782 1950 878 2004 tibi
911 1959 1132 2019 peccata
1159 1953 1202 2014 ⁵,
1237 1970 1256 2002 ι
1287 1952 1384 2006 sed
1431 1960 1487 2006 et
1530 1952 1640 2006 illis
1672 1952 1873 2022 quibus
1911 1954 2113 2010 mentis

550 2041 694 2094 oeuli
723 2042 930 2096 occlusi
959 2050 1121 2110 sunt,
1152 2042 1356 2113 quique
1407 2059 1438 2098 a
1485 2044 1866 2113 spiritualibus
1915 2045 2114 2100 alieni-

548 2132 702 2202 genis
719 2141 774 2185 et
797 2131 1108 2203 Babyloniis
1135 2135 1278 2188 sicut
1300 2133 1531 2187 Samson
1553 2142 1610 2189 et
1640 2133 1898 2190 Sedecias
1921 2136 2111 2190 caecati

550 2230 708 2286 sunt,
751 2223 929 2276 visum
971 2225 1117 2278 venit
1165 2224 1496 2279 redditurus.
1538 2223 1596 2278 In
1641 2239 1868 2278 numero
1919 2240 2110 2280 eorum

547 2316 641 2386 qui
673 2316 848 2370 curati
877 2326 1004 2372 sunt
1033 2318 1102 2372 ab
1130 2334 1196 2374 eo
1223 2319 1584 2388 corporaliter.
1612 2319 1738 2374 caeci
1767 2328 1925 2374 erant
1946 2360 1961 2385 ,
1990 2320 2110 2390 qui-

549 2413 651 2462 bus
680 2409 858 2462 visum
906 2408 1182 2474 restituit,
1226 2417 1512 2480 postquam
1547 2411 1602 2464 in
1636 2426 1695 2465 se
1723 2411 2108 2476 crediderunt,

549 2505 602 2552 et
632 2514 762 2553 voce
803 2513 998 2570 magna
1047 2501 1356 2556 clamabant
1386 2521 1398 2556 :
1432 2519 1450 2552 ι
1485 2501 1742 2559 Miserere
1790 2504 1987 2570 nobis,
2035 2505 2108 2558 fili

544 2589 714 2643 David
746 2592 786 2645 ‘.
821 2610 838 2644 ι
866 2590 965 2646 Hic
993 2604 1079 2648 est
1106 2593 1252 2647 enim
1280 2594 1374 2664 qui
1401 2596 1614 2650 vocavit
1640 2614 1660 2647 ‹
1692 2611 1893 2651 annum
1922 2597 2110 2666 placa-

545 2683 705 2736 bilem
747 2681 1024 2748 Domini,»
1066 2700 1226 2753 quem
1246 2687 1570 2741 annuntiare
1617 2689 1820 2757 cmpit,
1863 2688 2109 2756 conjecto

546 2773 600 2826 in
631 2789 906 2828 carcerem
953 2774 1196 2842 Joanne;
1229 2777 1321 2845 qui
1353 2785 1409 2832 et
1444 2778 1665 2832 edocuit
1709 2793 1934 2848 regnum
1968 2777 2106 2847 Dei,

536 2864 916 2932 judieinmque
959 2871 1239 2930 nostrum,
1276 2868 1330 2920 in
1363 2883 1471 2936 quo
1511 2868 1768 2924 reddetur
1810 2869 2106 2940 unicuique

540 2971 606 3010 ex
656 2955 837 3010 verbis
886 2966 940 3011 et
991 2957 1268 3025 operibus.
1321 2957 1552 3029 Insuper
1599 2961 1746 3016 venit
1793 2962 1862 3017 ad
1903 2977 2106 3020 conso-

541 3045 734 3102 landos
760 3062 950 3103 omnes
981 3048 1127 3102 luctu
1162 3063 1344 3103 coram
1386 3049 1499 3106 Deo
1541 3060 1767 3123 accepto
1813 3055 2102 3126 lugentes;

540 3153 680 3208 quos
713 3145 767 3193 et
792 3138 981 3193 beatos
1030 3138 1324 3210 praedicat,
1371 3139 1600 3199 dicens:
1632 3162 1649 3195 ι
1684 3143 1831 3200 Beati
1875 3148 1969 3218 qui
2013 3148 2099 3202 lu-

541 3237 705 3300 gent,
735 3231 988 3300 quoniam
1019 3230 1122 3300 ipsi
1155 3231 1587 3289 consolabuntur
1610 3237 1653 3289 '.
1688 3255 1707 3289 ι
1736 3235 1901 3294 Venit
1933 3239 2099 3293 etiam

543 3328 603 3376 ut
645 3321 798 3378 daret
825 3341 844 3374 ι
875 3323 1186 3392 lugentibus
1232 3322 1363 3378 Sion
1403 3325 1651 3394 gloriam.
1683 3346 1703 3380 ι
1727 3327 1959 3395 Quinam
2003 3344 2100 3384 au-

542 3419 650 3466 tem
680 3419 866 3468 essent
895 3413 1006 3477 illi,
1042 3414 1148 3468 nisi
1183 3415 1276 3484 qui
1309 3415 1558 3485 ipsorum
1588 3420 1821 3488 patriam
1851 3435 2100 3490 quaeren-

539 3511 641 3582 tes,
666 3504 1011 3574 cmlestisque
1032 3504 1267 3562 civitatis
1292 3507 1345 3562 in
1370 3509 1761 3578 sempiternum
1782 3513 2097 3567 memoriam

537 3596 892 3651 revocantes?
942 3596 1130 3662 Qualis
1175 3605 1294 3652 erat
1343 3599 1466 3665 ille,
1514 3599 1630 3670 qui,
1679 3603 1941 3670 praescius
1988 3620 2100 3660 suae

538 3689 681 3758 apud
713 3683 963 3747 homines
996 3695 1442 3750 commorationis
1462 3734 1477 3760 ,
1508 3695 1848 3750 exclamabat
1875 3715 1888 3750 :
1926 3716 1944 3748 ι
1978 3697 2096 3753 Heu

535 3780 705 3844 mihi,
743 3782 872 3851 quia
914 3782 1185 3841 incolatus
1216 3801 1371 3840 meus
1413 3786 1762 3857 prolongatus
1789 3795 1873 3843 est
1901 3788 1961 3842 'l
1996 3808 2015 3842 ι
2044 3798 2098 3845 et

536 3876 590 3930 hi
637 3891 854 3946 quoque
882 3916 896 3941 ,
938 3877 1031 3946 qui
1083 3893 1248 3948 super
1277 3869 1501 3934 ﬂumina
1548 3879 1845 3952 Babylonis
1897 3881 2097 3937 ﬂebant

534 3983 660 4022 cum
707 3969 1128 4024 recordarentur
1156 3969 1288 4025 Sion
1317 3972 1363 4024 ⁸.
1400 3971 1492 4026 His
1523 3974 1668 4027 enim
1693 3973 1946 4030 Christus
1993 3975 2093 4032 Dei

533 4061 904 4116 consolatione
932 4060 1158 4130 fungens
1183 4077 1347 4133 quam
1375 4063 1684 4132 lugentibus
1729 4064 2092 4134 promiserat,

534 4150 682 4204 luctu
703 4152 982 4206 exsolutos
1007 4150 1326 4221 gloriﬁcabit
1341 4191 1356 4215 ,
1384 4159 1437 4207 et
1460 4168 1556 4221 pro
1578 4152 1760 4208 cinere
1782 4169 1891 4224 quo
1917 4154 2092 4224 sparsi

532 4253 688 4298 erant
718 4245 772 4298 in
805 4244 907 4297 hac
943 4243 1053 4298 vita
1095 4244 1374 4313 lugentes,
1412 4243 1608 4299 laetitia:
1639 4245 1818 4300 oleum
1863 4254 2091 4316 praesta-

534 4334 647 4398 bit,
706 4350 915 4404 ungens
958 4343 1013 4390 et
1063 4349 1158 4389 eos
1205 4336 1585 4392 exsultationis
1639 4338 1798 4402 oleo,
1853 4348 1914 4392 ut
1961 4338 2092 4392 [iant

2215 1859 2300 1924 ξαι
2325 1861 2513 1928 ἄφεσιν
2543 1858 2818 1930 ἁμαρτιῶν
2843 1856 3065 1928 ἐλήλυθε
3095 1861 3203 1921 τοῖς
3232 1857 3334 1910 ὑπὸ
3362 1857 3472 1910 τῶν
3500 1856 3632 1925 (τοῦ)
3660 1875 3788 1928 νοη-

2212 1950 2318 2004 τῶν
2355 1950 2489 2021 (τοῦ)
2529 1949 2993 2020 Ναϐουχοδονόσορ
3034 1948 3394 2019 αἰχμαλώτοις
3430 1949 3619 2018 ἄφεσιν
3654 1949 3787 2020 (sic)

2213 2043 2378 2097 πάλαι
2409 2042 2792 2112 γεγενημένας
2815 2058 2829 2072 ο
2865 2041 2945 2093 διὸ
2971 2042 3064 2093 καὶ
3095 2040 3304 2112 θαρρῶν
3327 2040 3482 2110 ἔλεγε
3506 2043 3582 2112 τῷ
3603 2060 3790 2114 παρα-

2211 2131 2409 2200 λυτικῴ
2427 2147 2439 2160 ⁸
2483 2151 2501 2182 ι
2531 2132 2753 2194 Τέκνον,
2786 2129 3057 2198 ἀφέωνταί
3085 2146 3164 2182 σοι
3193 2131 3244 2182 αἱ
3265 2130 3530 2201 ἁμαρτίαι
3552 2148 3566 2160 ο
3594 2151 3612 2184 ι
3649 2133 3794 2186 ἀλλά

2213 2222 2304 2274 καὶ⁵
2351 2223 2459 2284 τοῖς
2490 2221 2587 2291 τῆς
2616 2220 2851 2284 διανοίας
2887 2219 3194 2291 ὀφθαλμοὺς
3224 2221 3614 2292 βεϐλαμμένοις
3635 2264 3652 2288 ,
3694 2225 3796 2278 καὶ

2211 2312 2314 2365 ὑπὸ
2351 2313 2458 2365 τῶν
2501 2312 2704 2382 νοητῶν
2728 2301 3036 2381 ἀλλοφύλων
3069 2313 3160 2365 καὶ
3189 2313 3540 2367 Βαϐυλωνίων
3579 2316 3797 2384 ὁμοίως

2209 2403 2285 2474 τῷ
2313 2403 2545 2474 Σαμψὼν
2579 2404 2672 2457 καὶ
2703 2403 2780 2474 τῷ
2807 2403 3029 2475 Σεδεκία
3058 2404 3475 2473 ἐκτυφλωθεῖσιν
3493 2445 3507 2468 ,
3547 2405 3794 2461 ἀνάϐλε-

2208 2495 2299 2566 ψιν
2340 2493 2561 2566 ἐλήλυθε
2593 2494 2871 2565 παρέξων·
2922 2497 2980 2547 ἐν
3025 2485 3177 2566 μέῥει
3230 2496 3290 2549 δὲ
3338 2497 3444 2550 τῶν
3487 2498 3575 2550 ὑπ’
3608 2499 3794 2552 αὑτοῦ

2210 2587 2657 2657 θεραπευομένων
2707 2583 2846 2658 ἦσαν
2875 2589 2966 2641 καὶ
2995 2590 3043 2640 οἱ
3084 2590 3384 2658 σωματικοὶ
3415 2589 3632 2658 τυφλοὶ,
3691 2590 3794 2654 οὓς

2207 2677 2500 2747 ἀναϐλέψαι
2531 2678 2797 2748 πεποίηκε
2826 2679 3218 2736 πιστεύσαντας
3242 2683 3319 2744 είς
3343 2683 3520 2749 αὐτὸν,
3549 2685 3642 2737 καὶ
3683 2703 3790 2756 με-

2205 2769 2273 2822 τά
2325 2769 2450 2840 βοῆς
2500 2771 2812 2841 εἰρηκόταςο
2875 2790 2894 2822 ι
2931 2772 3179 2844 Ἐλέησον
3209 2775 3387 2844 ἡμᾶς,
3422 2775 3499 2827 υἱέ
3527 2777 3694 2830 Δαυῖδ
3719 2795 3735 2809 ο
3765 2798 3786 2829 ι

2205 2854 2358 2926 οὗτος
2397 2862 2454 2915 δέ
2492 2863 2637 2915 ἐστιν
2668 2866 2697 2916 6
2729 2862 2962 2928 καλέσας
3009 2883 3027 2916 ι
3055 2865 3145 2920 τὸν
3193 2865 3376 2920 δεκτὸν
3406 2869 3648 2922 ἐνιαυτὸν
3684 2871 3792 2926 τοῦ

2205 2953 2409 3026 Κυρίου
2433 2995 2448 3021 ,
2475 2973 2494 3005 ι
2546 2954 2605 3010 ὂν
2645 2955 2874 3028 ἐκήρυξε
2905 2959 3042 3028 μετὰ
3078 2959 3175 3032 τήν
3214 2962 3290 3024 εἰς
3320 2961 3381 3014 τὸ
3405 2962 3794 3035 δεσμωτήριον

2205 3045 2298 3099 τοῦ
2341 3046 2584 3100 Ἰωάννου
2629 3048 2904 3129 κάθειρξιν
2925 3090 2941 3116 ,
2993 3053 3086 3105 καὶ
3118 3052 3146 3102 6
3177 3053 3391 3118 διδάξας
3417 3055 3483 3108 τὰ
3514 3057 3642 3127 περὶ
3677 3058 3795 3129 τῆς

2214 3137 2484 3207 βασιλείας
2506 3137 2598 3192 τοῦ
2633 3123 2770 3192 Θεοῦ
2793 3179 2808 3204 ,
2843 3142 2936 3195 καὶ
2959 3142 3026 3196 τά
3064 3145 3189 3215 περὶ
3218 3145 3318 3215 τῆς
3343 3123 3609 3218 ἡμετέρας
3649 3123 3797 3220 κρί-

2209 3243 2346 3290 σεως
2369 3266 2383 3291 ,
2413 3230 2470 3280 ἐν
2556 3230 2767 3302 ἑκάστῳ
2807 3231 2912 3284 τῶν
2961 3236 3360 3306 πεπραγμένων
3390 3239 3421 3307 ή
3469 3240 3586 3290 κατ’
3613 3240 3794 3306 ἀξίαν

2207 3320 2592 3391 ἀποδοθήσεται
2619 3321 2763 3394 δίκη.
2797 3324 2942 3395 Πρὸς
2964 3325 3170 3390 τούτοις
3204 3327 3246 3380 δ’
3268 3328 3484 3399 ἐλήλυθε
3521 3349 3795 3401 παρακα-

2207 3409 2357 3462 λέσαι
2395 3411 2517 3474 τοὺς
2561 3411 2887 3477 πενθοῦντας
2910 3415 2969 3467 τὸ
2998 3417 3138 3471 κατά
3173 3418 3304 3471 Θεὸν
3332 3422 3604 3475 ἐπαινετὸν
3637 3425 3792 3478 πένο

2207 3503 2330 3566 θος⁶
2381 3499 2461 3568 οἷς
2494 3505 2585 3558 καὶ
2630 3507 2975 3578 μακαρισμὸν
3008 3509 3340 3581 ἐπήγγελται
3364 3511 3557 3564 εἰπών’
3603 3533 3621 3565 ι
3649 3517 3789 3570 Ma-

2206 3593 2382 3664 κάριοι
2415 3595 2462 3646 οἱ
2508 3593 2825 3658 πενθοῦντες
2848 3635 2863 3655 ,
2897 3597 2977 3650 ὅτι
3006 3598 3160 3652 αὐτοὶ
3194 3600 3728 3671 παρακληθήσονται.
3760 3627 3780 3658 ι

2203 3682 2372 3738 Ἦλθε
2422 3685 2477 3738 δὲ
2521 3688 2612 3741 ἐπὶ
2656 3687 2862 3752 τούτοις
2892 3690 2982 3742 καὶ
3029 3691 3169 3762 ὑπὲρ
3216 3693 3310 3745 τοῦ
3342 3693 3554 3765 δοθῆναι
3613 3715 3630 3747 ι
3659 3703 3781 3764 τοῖς

2205 3777 2456 3831 πενθοῦσι
2497 3777 2632 3832 Σιὼν
2668 3779 2843 3846 δόξαν.
2871 3799 2890 3832 ι
2928 3782 3083 3846 Τίνες
3119 3783 3162 3834 δ’
3194 3783 3259 3837 ἂν
3284 3780 3389 3838 εἷεν
3412 3788 3501 3839 καὶ
3531 3783 3705 3852 οὗτοι,
3737 3791 3772 3862 ή

2202 3868 2250 3919 οἱ
2279 3867 2374 3939 τὴν
2399 3869 2603 3922 ἑαυτῶν
2627 3870 2858 3942 πατρίδα
2880 3870 3187 3942 ζητοῦντες,
3215 3875 3309 3928 καὶ
3331 3877 3428 3945 τῆς
3449 3879 3770 3950 ἐπουρανίου

2203 3959 2407 4023 πόλεως
2455 3961 2626 4014 εἰσαεὶ
2657 3961 2753 4032 τήν
2785 3965 3002 4035 μνήμην
3029 3964 3537 4038 ἀναζωπυροῦντεςς
3573 3965 3680 4034 οἷος
3700 3967 3774 4043 ἦν

2203 4053 2406 4116 ἐκεῖνος
2425 4095 2439 4117 ,
2469 4053 2527 4117 ὃς
2575 4055 2833 4124 πάροικον
2873 4058 2967 4109 καὶ
2996 4057 3372 4130 παρεπίδημον
3416 4062 3509 4114 ἐπὶ
3534 4062 3635 4132 τῆς
3664 4065 3778 4134 γῆς

2201 4146 2389 4199 ἐαυτὸν
2416 4147 2790 4218 ἐπιστάμενος,
2823 4150 2985 4202 καὶτὸ
3006 4170 3022 4202 ι
3047 4152 3225 4223 Οίμοι,
3250 4173 3268 4204 ι
3287 4155 3618 4226 ἀνοιμώξων,
3642 4177 3658 4208 ι
3691 4160 3778 4214 ὅτι

2199 4240 2232 4308 ή
2269 4240 2525 4310 παροικία
2556 4258 2655 4310 μου
2682 4242 2996 4313 ἐμακρύνθη
3018 4261 3030 4274 ·
3059 4263 3077 4296 ι
3117 4245 3198 4298 ἔτι
3226 4263 3286 4299 τε
3321 4249 3370 4300 οἱ
3413 4251 3502 4302 ἐπὶ
3529 4253 3632 4304 τῶν
3665 4269 3776 4306 πο-

2199 4331 2386 4402 ταμῶν
2407 4333 2720 4398 Βαϐυλῶνος
2746 4335 3020 4400 κλαίοντες
3052 4339 3111 4391 ἐν
3136 4339 3212 4409 τῷ
3242 4341 3539 4412 μνησθῆναι
3567 4345 3776 4410 αὐτοὺς

533 4427 846 4483 chrismatis
872 4436 928 4481 et
958 4429 1105 4496 regni
1139 4428 1222 4482 sui
1253 4429 1544 4498 participes
1565 4469 1580 4494 ,
1609 4428 1766 4498 juxta
1799 4429 1913 4484 haec
1941 4428 2086 4500 Apo-

2210 4422 2297 4493 τῆς
2319 4422 2480 4475 Σιών·
2507 4424 2713 4489 τούτοις
2751 4426 2856 4496 γὰρ
2902 4423 2992 4480 οῦν
3019 4430 3046 4480 6
3081 4427 3313 4500 Χριστὸς
3339 4432 3432 4484 τοῦ
3463 4433 3596 4486 Θεοῦ
3625 4436 3774 4508 πλη-

532 4519 658 4572 stoli
700 4518 865 4572 verba
910 4536 923 4571 :
957 4535 975 4568 ι
1007 4517 1307 4588 Participes
1345 4520 1488 4574 enim
1529 4520 1735 4575 Christi
1778 4520 1955 4576 eiiecti
1999 4536 2094 4575 su-

2210 4516 2329 4584 ρῶν,
2357 4515 2420 4585 ἢν
2469 4519 2581 4578 τοῖς
2629 4515 2882 4569 πενθοῦσι
2915 4519 3178 4589 ὑπέσχετο
3207 4523 3580 4595 παράκλησιν,
3613 4525 3774 4594 δόξαν

532 4624 656 4664 mus
684 4609 746 4664 ³ο.
781 4627 800 4661 ι
832 4608 1094 4665 Praeterea
1132 4609 1439 4680 lugentibus
1467 4608 1595 4665 Sion
1627 4610 1777 4666 dabit
1802 4611 2055 4668 Christus
2076 4652 2090 4674 ,

2210 4605 2464 4659 ἀποδώσει
2493 4605 2846 4676 ἀπαλλαγεῖσι
2875 4608 2967 4661 τοῦ
2991 4610 3236 4673 πένθους,
3263 4613 3354 4664 καὶ
3376 4614 3496 4666 ἀντὶ
3518 4616 3615 4685 τῆς
3637 4632 3772 4670 σπο-

527 4703 684 4770 juxta
704 4700 1040 4772 prophetiam
1059 4742 1074 4765 ,
1116 4719 1134 4752 ι
1159 4700 1379 4771 pallium
1409 4702 1584 4757 laudis
1609 4716 1708 4772 pro
1729 4702 1922 4771 spiritu
1960 4717 2098 4757 mte-

2210 4696 2284 4750 Ξοῦ
2304 4693 2370 4767 ἦς
2391 4698 2696 4752 ἐκονίσαντο
2717 4699 2856 4753 κατά
2874 4700 2966 4753 τὸν
2986 4702 3214 4756 ἐνταῦθα
3239 4703 3352 4772 βίον
3377 4706 3767 4777 πενθησαντες,

533 4797 710 4858 roris,
744 4813 761 4847 ι
789 4793 836 4849 si
876 4807 964 4849 res
1004 4792 1126 4848 vitae
1167 4793 1536 4862 neglexerint,
1591 4793 1870 4846 hominum
1912 4794 2096 4862 operi-

2210 4789 2430 4861 ἰλειμμα
2449 4791 2780 4864 εὐφροσύνης
2800 4793 3044 4866 παρέξει,
3067 4798 3232 4868 χρίων
3260 4799 3352 4851 καὶ
3376 4800 3575 4863 αὐτοὺς
3599 4803 3771 4874 ἐλαίῳ

535 4887 638 4940 bus
665 4883 969 4954 despectis;
1001 4890 1055 4938 et
1089 4883 1177 4939 hic
1205 4883 1436 4938 maxime
1469 4884 1748 4955 lugentes,
1781 4897 1891 4938 non
1927 4883 2091 4938 modo

2210 4881 2575 4949 ιγαλλιάσεως,
2601 4884 2685 4936 ἵνα
2704 4885 2965 4953 γένωνται
2986 4888 3085 4958 τῆς
3110 4887 3272 4942 αὑτοῦ
3298 4889 3511 4960 μέτοχοι
3535 4894 3768 4964 χρίσεὼς

531 4979 785 5048 quoniam
817 4977 1005 5048 procul
1049 4976 1144 5032 Dei
1185 4976 1450 5048 promissa
1489 4976 1767 5040 viderent,
1799 4973 1892 5030 sed
1933 4983 1986 5030 et
2024 4991 2090 5032 eo

2210 4990 2247 5025 τε
2279 4975 2371 5027 καὶ
2401 4974 2694 5045 βασιλείας,
2729 4976 2865 5031 ῶστε
2900 4980 2994 5032 καὶ
3031 4980 3225 5044 αὐτοὺς
3251 4983 3424 5036 εἰπεῖν
3446 4999 3458 5012 ·
3499 4985 3765 5056 «Μέτοχοι

531 5072 708 5141 quod,
740 5081 958 5142 propter
989 5069 1380 5124 humanitatem
1412 5075 1466 5122 et
1495 5068 1887 5139 benignitatem
1929 5083 2084 5123 suam

2210 5063 2294 5134 πὰρ
2322 5064 2414 5116 τοῦ
2445 5067 2678 5136 Χριστοῦ
2707 5068 3028 5139 γεγόναμεν.
3061 5088 3078 5120 ι
3114 5070 3232 5124 Ἔτι
3267 5069 3403 5141 πρὸς
3424 5071 3635 5136 τούτοις
3663 5074 3764 5126 δώ-

529 5180 718 5218 eurutn
763 5163 998 5218 miseriis
1029 5169 1082 5216 et
1110 5161 1388 5216 doloribus
1419 5166 1858 5230 compaterentur
1889 5169 1942 5215 et
1982 5160 2088 5214 hoc

2210 5171 2299 5207 rstv
2323 5155 2350 5206 6
2371 5156 2603 5226 Χριστὸς
2625 5160 2736 5222 τοῖς
2763 5159 3013 5212 πενθοῦσι
3040 5159 3175 5214 Σιὼν
3197 5162 3598 5232 προφητεύεται
3628 5185 3646 5216 ι
3667 5185 3758 5219 κα-

533 5255 707 5308 solum
753 5254 1048 5324 apostolica
1097 5267 1230 5307 voce
1275 5252 1642 5307 exclamantes
1673 5270 1686 5304 :
1720 5269 1738 5301 ι
1769 5250 1904 5316 Quis
1936 5251 2092 5305 inﬁr-

2210 5245 2446 5317 ταστολὴν
2481 5247 2669 5318 δόξης,
2701 5251 2822 5304 ἀντὶ⁸
2865 5250 2956 5305 τοῦ
2990 5250 3293 5322 πνεύματος
3319 5253 3418 5318 τῆς
3445 5255 3704 5326 ἀκηδίας,
3733 5278 3749 5306 ι

533 5352 712 5398 matur
740 5355 792 5400 et
823 5360 922 5413 ego
951 5359 1056 5399 non
1096 5345 1339 5398 inlirmor
1362 5384 1375 5408 ,
1411 5342 1532 5413 quis
1565 5342 2000 5407 scandalizatur,
2037 5349 2093 5397 et

2210 5339 2279 5392 ml
2311 5339 2401 5412 (et)
2434 5345 2544 5404 τοῖς
2574 5341 2667 5396 τοῦ
2701 5342 2814 5413 βίου
2846 5344 3159 5415 πράγμασιν
3196 5345 3498 5416 ήκηδίασαν
3519 5387 3535 5412 ,
3571 5347 3752 5417 ῶσπερ

529 5450 634 5502 ego
659 5452 764 5490 nan
795 5453 922 5492 uror
956 5439 992 5468 “
1021 5437 1042 5489 ?
1070 5456 1086 5486 ι

2210 5433 2669 5504 ἱυσαρεστούμενοι
2713 5439 2832 5498 ταῖς
2874 5433 2983 5487 τῶν
3013 5433 3311 5506 ἀνθρώπων
3349 5438 3614 5509 πράξεσι·
3661 5441 3749 5493 καὶ

1661 5590 1693 5662 '_
1721 5588 1905 5662 Matth.
1939 5605 1990 5650 ν,
2027 5590 2078 5644 5.

2217 5587 2360 5662 Psal.
2395 5607 2458 5647 ι..
2505 5594 2587 5646 l7.
2665 5596 2685 5624 ⁵
2730 5592 2916 5651 Matth.
2956 5616 3042 5657 Ix.
3073 5600 3127 5657 ἓ.
3205 5602 3226 5632 ⁸
3263 5599 3448 5656 Matth.
3479 5613 3582 5662 xx,
3617 5597 3707 5653 51.

1605 5664 1623 5693 ³
1665 5659 1785 5715 Psal
1840 5675 2068 5724 cxxxvi,
2105 5658 2153 5710 1.
2236 5660 2277 5691 ¹⁰
2321 5659 2480 5718 Hebr.
2521 5681 2614 5732 iii,
2657 5667 2737 5722 ll.
2816 5670 2856 5699 “
2901 5669 2941 5722 ll
2974 5672 3100 5738 Cor.
3137 5687 3226 5736 xi,
3263 5673 3346 5726 29.

608 5588 621 5614 ‘
665 5584 766 5640 isa.
801 5604 887 5642 uti
912 5630 924 5646 .
963 5592 1071 5644 1-5.
1145 5591 1164 5620 ‘
1205 5588 1335 5643 Luc.
1373 5606 1444 5652 Iv,
1474 5589 1563 5645 2|.

533 5657 554 5688 '
595 5654 781 5710 Matth.
818 5673 868 5718 v,
900 5659 953 5713 4.
1028 5663 1049 5690 ⁸
1084 5656 1227 5711 Psal.
1260 5674 1419 5726 cxix,
1451 5659 1501 5713 5.
