4008 6208
259 346 405 407 1‘25?

1287 338 1576 407 ECLOGA}
1615 350 2093 407 PROPHETICL.
2132 382 2195 393 -
2240 348 2365 407 LIB.
2407 344 2499 407 IV.

3374 356 3510 410 ηδε

252 466 433 537 ταύτῃ
464 453 698 536 μάλιστα
725 464 1061 529 πενθοῦντες,
1089 463 1148 518 οὐ
1177 465 1332 535 μόνον
1351 461 1439 517 διὰ
1467 464 1527 516 τὸ
1555 463 1835 534 πόρρωθεν
1883 463 2106 535 θεωρεῖν
2133 462 2236 527 τὰς
2266 461 2358 516 τοῦ
2412 460 2545 515 Θεοῦ
2584 461 2916 532 ἐπαγγελίας
2940 499 2954 523 ,
2994 462 3131 515 ἀλλὰ
3181 464 3276 518 καὶ
3311 464 3401 520 διὰ
3450 468 3511 522 τὺ

250 564 548 634 συμπαθὲς
571 562 665 616 καὶ
693 561 1069 633 φιλάνθρωπον
1096 561 1498 632 συμπάσχοντες
1526 561 1621 613 καὶ
1650 560 2041 629 συναλγοῦντες
2056 563 2171 624 τοῖς
2207 558 2528 613 ἀσθενοῦσιν
2591 557 2791 614 ἑαυτῶν
2829 558 3035 628 μέλεσι,
3089 560 3181 617 καὶ
3228 565 3512 635 μονονουχὶ

250 657 495 727 βοῶντες
532 658 591 728 τῇ
620 657 713 710 τοῦ
748 657 1067 712 Ἀποστὸλου
1099 640 1349 720 διαθέσει,
1370 656 1476 728 τῷ,
1514 676 1532 709 ‹
1558 656 1651 719 Τίς
1673 657 1905 722 ἀσθενεῖ,
1940 658 2033 712 καὶ
2060 659 2159 710 οὐκ
2189 655 2427 721 ἀσθενῶ;
2477 655 2561 717 τίς
2621 654 3028 719 σκανδαλίζεται
3104 658 3197 709 καὶ
3247 658 3346 711 οὐκ
3400 659 3512 728 ἐγὼ

248 749 541 820 πυροῦμαι
560 766 574 812 ;
606 768 624 799 ι

759 843 1166 909 ,ΚΕΦΑΛΑΙΟΝ
1200 833 1320 902 ΛΒ’.

337 950 355 980 ι
381 931 749 1000 Ἀγαλλιάσυω
783 935 814 1003 ἡ
848 933 989 1005 ψυχή
1022 952 1120 1005 μου
1150 936 1241 988 ἐπὶ
1267 934 1346 1006 τῷ
1367 935 1585 1007 Κυρίῳ·
1623 935 1835 987 ἐνέδυσε

248 1023 370 1094 γάρ
423 1042 490 1094 με
540 1024 751 1094 ἱμάτιον
792 1025 1078 1096 σωτηρίου,
1111 1027 1202 1080 καὶ
1235 1026 1433 1098 χιτῶνα
1465 1028 1831 1098 εὐφροσύνης·

249 1116 555 1190 περιέθηκέ
608 1134 696 1187 μοι
740 1118 814 1180 ὡς
847 1119 1063 1189 νυμφίῳ
1098 1119 1314 1190 μίτραν,
1354 1120 1448 1172 καὶ
1494 1119 1568 1183 ὼς
1618 1119 1835 1191 νύμφην

247 1208 639 1278 κατεκόσμησέ
666 1225 733 1278 με
760 1210 968 1280 κόσμῳ.
993 1209 1104 1264 Καὶ
1133 1211 1208 1274 ὡς
1234 1212 1335 1281 γῆν
1361 1210 1627 1275 αὔξουσαν
1659 1211 1718 1263 τὸ
1738 1213 1834 1265 ἇν-

248 1300 347 1362 Θος
382 1300 571 1369 αὐτῆς,
603 1298 696 1351 καὶ
722 1300 795 1363 ὡς
823 1302 994 1372 κῆπος
1026 1302 1095 1354 τά
1120 1303 1407 1375 σπέρματα
1429 1304 1592 1357 αὐτοῦ
1623 1304 1834 1373 ἀνατέλτ

246 1389 358 1455 λει,
390 1389 563 1452 οὕτως
594 1390 836 1443 ἆνατελεῖ
864 1391 1063 1463 Κύριος
1106 1394 1307 1465 Κύριος
1352 1395 1712 1467 δικαιοσύνην,
1741 1398 1833 1450 καὶ

250 1481 575 1552 ἁγαλλίαμα
608 1484 842 1536 ἐναντίον
876 1485 1089 1537 πάντων
1118 1486 1224 1538 τῶν
1254 1486 1440 1539 ἐθνῶν.
1474 1508 1491 1539 ι
1513 1489 1576 1541 Ἡ
1606 1489 1700 1541 τοῦ
1724 1490 1835 1540 Κυ-

255 1574 377 1644 ρίου
412 1573 569 1645 ήμῶν
605 1570 779 1645 Ἰησοῦ
824 1577 1057 1647 Χριστοῦ
1098 1579 1263 1650 ψυχὴ,
1288 1582 1425 1652 περὶ
1451 1576 1518 1653 ἦς
1550 1581 1699 1651 ἔλεγε
1732 1584 1791 1635 τό
1815 1598 1828 1613 ·

260 1686 280 1716 s
314 1665 620 1738 Περίλυπός
644 1669 789 1722 ἐστιν
818 1670 849 1740 ἡ
873 1669 1015 1741 ψυχή
1044 1689 1166 1742 μου,
1194 1692 1210 1722 ι
1244 1674 1337 1726 καὶ
1370 1670 1460 1727 τό·
1498 1694 1516 1725 ‹
1547 1675 1659 1728 Νῦν
1685 1678 1716 1747 ἡ
1738 1676 1834 1746 ψυ-

257 1760 325 1829 χή
356 1776 455 1828 μου
489 1759 840 1830 τετάρακται,
866 1780 885 1813 ι
925 1764 1009 1815 ἐπ’
1047 1762 1220 1816 οὐδενὶ
1252 1765 1358 1817 τῶν
1397 1767 1637 1839 γενητῶν
1666 1769 1833 1836 ἀγαλε

254 1846 346 1918 λιᾷ
375 1848 469 1900 καὶ
492 1848 858 1919 εὐφραίνεται,
888 1851 919 1922 ἢ
950 1853 1040 1904 ἐπὶ
1074 1853 1218 1924 μόνῳ
1260 1854 1337 1925 τῷ
1376 1856 1553 1928 Πατρί
1584 1857 1677 1909 καὶ
1723 1860 1832 1910 Κυ-

257 1937 357 2008 ρίῳ
376 1955 388 1966 ·
424 1939 638 1991 ὲνέδυσε
665 1940 770 2011 γάρ
810 1958 892 1993 τοι
938 1942 1099 1994 αὑτὸν
1127 1938 1185 1994 τὸ
1206 1942 1304 2013 τῆς
1328 1942 1575 2016 θεότητος
1598 1948 1611 1997 ί
1621 1946 1829 2016 μάτιον,

250 2030 348 2081 καὶ
375 2030 467 2082 τὸν
494 2030 591 2101 τῆς
624 2030 855 2102 ἀληθοῦς
880 2033 971 2085 καὶ
1002 2032 1212 2096 τελείας
1244 2035 1581 2107 εὐφροσύνης
1608 2036 1825 2107 χιτῶνα·

246 2118 391 2172 ἀλλὰ
428 2121 523 2174 καὶ
562 2123 594 2191 ἡ
629 2121 696 2191 (ὁ)
735 2122 834 2192 μὲν
866 2124 1096 2193 νυμφίος
1129 2125 1338 2196 ὑπῆρχε
1368 2126 1465 2196 τῆς
1499 2126 1572 2196 μὴ
1602 2127 1831 2198 ἐχούσης

249 2211 445 2264 σπῖλον
487 2213 519 2283 ἢ
562 2214 745 2283 ῥυτίδα
776 2213 991 2287 νύμφης
1023 2216 1365 2286 Ἐκκλησίας,
1399 2216 1473 2280 ὡς
1503 2218 1715 2288 νυμφίῳ
1749 2219 1833 2288 μί-

244 2320 389 2374 τραν
416 2305 550 2374 αὐτῇ
585 2305 670 2374 (ᾧ)
706 2305 1050 2379 περιέθηκεν,
1076 2309 1108 2378 ἡ
1147 2308 1202 2360 δὲ
1232 2308 1416 2379 νύμφη
1443 2309 1543 2377 τῆς
1573 2309 1831 2361 ἀνωτάτω

244 2392 346 2444 τοῦ
376 2393 544 2462 ψόγου
567 2393 834 2466 θεότητος,
856 2397 920 2467 ἣν
949 2396 1023 2460 ὡς
1053 2397 1268 2468 νύμφην
1297 2398 1464 2468 αὐτὴν
1486 2398 1829 2470 κατεκόσμη-

250 2502 313 2537 σε
368 2484 443 2554 τῷ
479 2485 736 2557 πρέποντι
782 2487 1049 2557 πνεύματι
1080 2489 1378 2559 Κυρίῳ(ου)
1427 2488 1644 2560 κόσμῳ·
1697 2489 1833 2543 ἀλλὰ

249 2577 348 2630 καὶ
380 2576 455 2639 ὡς
493 2576 722 2649 εύφορον
771 2579 863 2631 καὶ
892 2579 1103 2651 ἀγαθὴν
1133 2582 1234 2651 γῆν
1262 2582 1609 2651 ἐγεώργησεν
1639 2581 1827 2651 αὐτὴν,

247 2668 334 2721 ἔτι
366 2686 424 2720 τε
451 2667 526 2732 ὡς
553 2669 727 2739 κῆπον
756 2669 987 2735 αὔξοντα
1018 2673 1111 2725 καὶ
1137 2670 1395 2725 θάλλοντα
1437 2674 1547 2735 τοῖς
1580 2673 1638 2724 ὲν
1685 2672 1830 2742 αὐτῷ

250 2757 619 2830 βλαστήμασι,
648 2756 729 2824 οἷς
777 2763 871 2815 καὶ
920 2764 947 2814 ό
998 2764 1163 2833 μέγας
1196 2763 1290 2817 τοῦ
1336 2763 1468 2816 Θεοῦ
1509 2762 1831 2835 παράδεισος

248 2852 767 2921 καταπεφυτεῦσθαι
812 2854 1253 2922 λέγεται.Ἔσται
1298 2854 1353 2906 δὲ
1401 2852 1595 2917 ταῦτα,
1645 2854 1826 2923 φησὶν,

251 2945 379 2998 ἐπεὶ
404 2944 606 3007 δίκαιος
629 2945 704 2997 ῶν
730 2945 953 3017 Κύριος,
989 2947 1079 2999 καὶ
1103 2947 1161 2999 ού
1191 2947 1347 3017 μόνον
1378 2947 1664 3009 Ἰουδαίων,
1696 2948 1829 3001 ἀλλὰ

253 3037 350 3090 καί
382 3036 550 3089 ἐθνῶν
574 3038 830 3109 ὑπάρχων
852 3036 1002 3101 Θεὸς,
1023 3037 1258 3090 ἀνέτειλε
1288 3038 1385 3108 τὴν
1414 3038 1604 3091 ἑαυτοῦ
1630 3038 1829 3090 δικαιο-

253 3130 445 3201 σύνην,
477 3129 617 3183 τοῦτ’
650 3130 765 3183 ἐστι
801 3131 891 3182 τὸν
926 3129 1155 3202 Χριστὸν
1198 3130 1382 3194 αὐτοῦ,
1422 3131 1659 3184 ἐναντίον
1688 3131 1827 3183 πάν-

245 3240 363 3274 των
391 3221 497 3274 τῶν
524 3221 588 3273 δι’
616 3221 778 3274 αὐτοῦ
810 3222 1169 3274 πιστευόντων
1196 3220 1382 3274 ἐθνῶν.

761 3316 1153 3369 ΚΕΦΑΛΑΙΟΝ
1193 3315 1314 3368 ΛΓ’.

331 3407 567 3477 «Ἄρατε
600 3404 875 3477 σύσσημον
921 3408 1002 3469 εἰς
1043 3408 1111 3461 τά
1138 3407 1281 3478 ἔθνη.
1302 3408 1433 3461 Ἰδοὺ
1464 3408 1589 3477 γάρ,
1626 3408 1826 3480 Κύριος

248 3499 506 3570 ἐποίησεν
540 3499 800 3552 ἀκουστὸν
843 3499 944 3561 ἓως
978 3500 1204 3569 ἐσχάτου
1234 3500 1332 3570 τῆς
1364 3500 1485 3571 γῆς.
1523 3500 1725 3553 Εἴπατε
1759 3505 1821 3571 τῇ

249 3594 483 3664 θυγατρὶ
514 3590 650 3645 Σιών
674 3610 686 3622 ·
730 3591 859 3645 Ἰδού
890 3609 971 3645 σοι
1002 3596 1030 3646 ὁ
1057 3590 1245 3665 Σωτὴρ
1281 3593 1650 3663 παραγέγονεν
1686 3593 1823 3662 ἔχων

247 3687 345 3739 τὸν
390 3684 584 3737 ἑαυτοῦ
638 3685 824 3755 μισθὸν
857 3685 973 3755 μετ’
1007 3685 1191 3749 αὑτοῦ,
1225 3686 1319 3738 καὶ
1369 3685 1430 3738 τὸ
1476 3685 1634 3757 ἔργον
1661 3685 1822 3738 αὐτοῦ

250 3771 361 3843 πρὸ
390 3770 678 3842 προσώπου
710 3772 874 3825 αὑτοῦ
894 3789 907 3802 ·
943 3773 1035 3825 καὶ
1069 3773 1282 3826 καλεσει
1312 3774 1471 3827 αὑτὸν
1497 3773 1623 3826 λαὸν
1649 3775 1820 3842 ἅγιον,

250 3861 657 3932 λελυτρωμένον
686 3863 789 3916 ὑπὸ
817 3863 1021 3934 Κυρίου
1040 3880 1054 3893 ο
1087 3864 1149 3916 σὺ
1174 3864 1230 3917 δὲ
1267 3863 1511 3937 κληθήσῃ
1538 3864 1822 3935 ἐπιζητου-

252 3952 391 4022 μένη
413 3950 586 4015 πόλις,
615 3952 708 4004 καὶ
721 3953 820 4005 οὐκ
847 3952 1400 4025 ὲγκαταλελειμμένη.
1417 3974 1539 4007 ›-‹
1565 3955 1659 4017 Τίς
1674 3952 1824 4021 οὗτος

249 4043 738 4115 όπαραγενόμενος
754 4043 812 4109 ἐξ
828 4044 1025 4115 Ἐδὼμ,
1053 4044 1302 4117 ἐρύθημα
1333 4047 1561 4118 ἱματίων
1573 4048 1735 4102 αὐτοῦ
1759 4054 1822 4102 ὲκ

249 4132 455 4203 Βοσόρ;
483 4132 667 4196 Οὕτως
685 4134 886 4205 ὡραῖος
902 4136 957 4187 ἐν
975 4139 1132 4205 στολῇ
1152 4136 1335 4200 αὑτοῦ,
1352 4137 1440 4209 βίᾳ
1458 4139 1592 4208 μετὰ
1611 4140 1820 4209 ίσχύος;

260 4222 405 4291 Ἐγὼ
424 4224 737 4295 διαλέγομαι
753 4224 1093 4297 δικαιοσύνην
1116 4227 1210 4281 καὶ
1234 4228 1408 4298 κρίσιν
1427 4246 1711 4301 σωτηριου.
1727 4230 1824 4283 Διὰ

247 4316 301 4368 τί
328 4333 419 4368 σου
450 4316 654 4387 ἐρυθρά
678 4317 748 4371 τὰ
778 4318 987 4388 ἱμάτια,
1009 4320 1102 4371 καὶ
1126 4320 1196 4373 τά
1215 4321 1487 4391 ὲνδύματά
1510 4338 1600 4374 σου
1626 4322 1700 4385 ὡς
1719 4322 1824 4374 ἀπὸ

249 4406 493 4476 πατητοῦ
526 4407 687 4478 ληνοῦ
712 4424 726 4473 ;
756 4408 975 4480 Πλήρης
1004 4410 1551 4482 καταπεπατημένης,
1586 4410 1678 4464 καὶ
1716 4411 1823 4462 τῶν

248 4497 420 4550 ἐθνῶν
442 4497 540 4549 οὐκ
564 4496 710 4549 ἐστιν
742 4498 881 4569 ἀνὴρ
917 4501 1032 4569 μετ’
1063 4499 1219 4569 ἐμοῦ,
1238 4501 1333 4552 καί⁹
1361 4500 1709 4571 κατεπάτησα
1730 4500 1825 4553 αὑ-

245 4592 375 4652 τοὺς
401 4592 459 4643 ὲν
488 4587 643 4660 θυμῷ
686 4608 808 4661 μου.
834 4611 851 4641 ι
888 4590 1053 4644 Πάλιν
1081 4592 1314 4646 ἐνταῦθα
1337 4594 1368 4663 ἡ
1394 4593 1692 4663 προφητεία
1721 4611 1827 4645 παη

250 4679 602 4753 ρακελεύεται
633 4680 815 4734 λαϐεῖν
850 4681 1126 4754 σύσσημον
1153 4684 1278 4753 περὶ
1305 4684 1401 4753 τῆς
1436 4682 1494 4748 ἐξ
1521 4682 1686 4735 ἐθνῶν
1703 4684 1823 4735 Ἑκ-

246 4773 500 4845 γλησίας,
538 4774 939 4845 ὑπισχνουμένη
983 4774 1304 4839 ὲξάκουστόν
1351 4793 1401 4827 τι
1450 4776 1695 4846 ποιήσειν
1733 4774 1822 4827 τὸν

2482 839 2711 896 CAPUT
2750 839 2966 895 XXXII.

2011 952 2029 984 ε
2067 924 2311 989 Gaudeat
2334 934 2514 989 anima
2538 948 2656 988 mea
2681 934 2736 988 in
2771 933 2998 990 Domino
3026 953 3037 989 :
3067 936 3194 1005 quia
3219 935 3395 993 induit
3419 955 3505 995 me

1936 1025 2273 1081 vestimentis
2315 1027 2508 1081 salutis
2535 1044 2548 1079 :
2578 1033 2634 1080 et
2663 1024 2979 1080 indumento
3014 1009 3243 1096 justitite
3266 1028 3505 1085 circum-

1936 1114 2084 1171 dedit
2107 1132 2211 1180 me,
2234 1116 2393 1187 quasi
2408 1131 2668 1188 sponsum
2687 1116 3001 1171 decoratum
3017 1132 3240 1183 corona,
3265 1126 3318 1174 et
3343 1122 3500 1189 quasi

1936 1223 2190 1278 sponsam
2217 1216 2467 1264 ornatam
2503 1208 2798 1263 monilibus
2831 1208 2965 1263 suis.
2998 1207 3150 1263 Sicut
3170 1209 3316 1265 enim
3353 1217 3501 1268 terra

1934 1297 2142 1369 profert
2170 1313 2389 1369 germen
2421 1313 2614 1361 suum,
2646 1306 2700 1352 et
2728 1298 2872 1352 sicut
2907 1297 3099 1353 hortus
3126 1313 3313 1353 semen
3340 1312 3500 1354 suum

1934 1390 2203 1461 germinat
2222 1430 2237 1451 ,
2266 1390 2347 1445 sic
2376 1389 2640 1445 Dominus
2669 1389 2812 1445 Deus
2844 1390 3169 1462 germinabit
3191 1390 3461 1462 justitiam
3482 1430 3499 1457 ,

1933 1491 1988 1537 et
2036 1480 2250 1535 laudem
2306 1496 2491 1536 coram
2542 1481 2815 1536 universis
2866 1482 3120 1552 gentibus
3164 1485 3201 1536 ¹.
3236 1503 3255 1535 ι
3285 1482 3499 1538 Domini

1934 1576 2110 1631 nostri
2127 1572 2257 1629 Jesu
2275 1572 2482 1628 Christi
2523 1575 2736 1637 anima,
2790 1573 2855 1628 de
2900 1589 3006 1644 qua
3051 1574 3189 1629 dixit
3214 1593 3226 1629 ι
3256 1592 3275 1625 ι
3306 1567 3500 1630 Tristis

1933 1675 2017 1722 est
2062 1667 2243 1721 anima
2286 1682 2406 1721 mea
2443 1669 2489 1732 ί,
2525 1686 2542 1717 ι
2576 1674 2668 1721 et:
2701 1685 2718 1717 ι
2750 1664 2905 1721 Nunc
2927 1667 3105 1722 anima
3144 1681 3262 1723 mea
3280 1665 3499 1721 turbata

1934 1765 2017 1812 est
2054 1757 2098 1822 ³,
2130 1776 2148 1808 ›
2176 1757 2231 1810 in
2274 1756 2421 1813 nulla
2462 1763 2840 1810 creaturarum
2888 1756 3085 1825 gaudet
3128 1765 3183 1810 et
3231 1756 3498 1819 exsultat,

1933 1847 2039 1901 nisi
2075 1848 2128 1899 in
2164 1847 2282 1902 solo
2314 1844 2471 1899 Patre
2499 1853 2554 1900 et
2581 1844 2832 1902 Domino.
2878 1845 3058 1900 Induit
3087 1847 3233 1901 enim
3261 1861 3386 1901 eum
3416 1846 3500 1900 di-

1931 1937 2175 1992 vinitatis
2205 1936 2553 2000 vestimento,
2584 1951 2834 2005 veraeque
2881 1945 2935 1991 et
2976 1935 3232 2006 perfecta:
3274 1935 3503 2007 justiti'a

1930 2028 2274 2083 indumento.
2310 2027 2416 2083 Sed
2446 2035 2501 2083 et
2530 2042 2767 2097 sponsus
2790 2028 3003 2083 exstitit
3024 2044 3200 2100 neque
3230 2030 3501 2085 maculam

1936 2136 2114 2190 neque
2153 2134 2339 2191 rugam
2369 2120 2617 2174 habentis
2647 2133 2863 2189 sponsa:
2890 2117 3147 2175 Ecclesiae
3168 2162 3182 2186 ,
3216 2136 3337 2193 qua:
3374 2136 3498 2177 eum

1864 2199 1907 2253 Β
1936 2215 2090 2282 quasi
2121 2228 2323 2267 corona
2369 2211 2761 2275 circumdedit,
2806 2226 3008 2281 sponsa
3046 2229 3179 2269 vero
3210 2215 3501 2286 integerri-

1933 2318 2035 2359 ma:
2062 2306 2361 2361 divinitatis
2380 2345 2397 2370 ,
2429 2319 2593 2376 quam
2625 2303 2771 2358 velut
2799 2319 3057 2374 sponsam
3102 2306 3363 2376 praeclaro
3393 2305 3500 2359 Do.

1931 2397 2067 2451 mini
2118 2398 2314 2468 spiritu
2371 2398 2667 2453 decoravit.
2727 2398 2999 2455 Praeterea
3055 2399 3202 2455 sicut
3260 2398 3498 2454 fertilem

1930 2487 2308 2556 egregiamque
2333 2494 2536 2541 terram
2564 2487 2806 2543 excoluit
2830 2502 2949 2543 eam
2970 2528 2985 2553 ,
3012 2497 3174 2556 atque
3200 2485 3345 2541 sicut
3370 2484 3498 2538 hor—

1933 2588 2045 2631 tum
2090 2580 2486 2649 germinantem
2532 2587 2585 2635 et
2626 2579 2965 2650 germinibus
3013 2580 3129 2634 suis
3177 2575 3494 2638 ﬂorentem,

1931 2670 2130 2739 quibus
2163 2677 2217 2725 et
2247 2686 2477 2742 magnus
2504 2670 2600 2726 Dei
2630 2669 2920 2740 paradisus
2957 2678 3183 2725 ornatus
3212 2668 3381 2724 fuisse
3408 2668 3496 2723 di-

1932 2763 2095 2816 citur.
2128 2761 2253 2817 Hazc
2275 2771 2460 2829 erunt,
2494 2764 2602 2827 ait,
2652 2770 2940 2833 postquam
2976 2762 3159 2831 justus
3192 2760 3450 2818 Dominus
3476 2758 3495 2826 ,’

1931 2869 2034 2909 nec
2086 2853 2248 2908 modo
2299 2851 2609 2908 Iudaeorum
2661 2852 2753 2908 sed
2803 2858 2858 2906 et
2906 2852 3144 2922 gentium
3191 2851 3498 2907 dominator

1931 2946 2097 3011 Deus,
2126 2962 2278 3002 suam
2305 2945 2995 3018 germinaveritjustitiam,
3025 2945 3077 2998 id
3104 2951 3190 2999 est
3216 2942 3496 2999 Christum

1930 3053 2124 3101 suum,
2170 3052 2354 3091 coram
2398 3037 2665 3093 universis
2714 3050 2836 3106 quae
2877 3034 2930 3088 in
2968 3049 3093 3090 eum
3139 3032 3493 3089 crediderunt

1929 3132 2203 3199 gentibus.

2457 3304 2687 3362 CAPUT
2726 3306 2962 3363 XXXIII.
3374 3364 3382 3372 _

2002 3418 2018 3450 σ
2058 3397 2276 3482 Elevate
2304 3397 2517 3469 signum
2552 3399 2619 3451 ad
2651 3400 2901 3468 populos.
2936 3400 3075 3456 Ecce
3108 3398 3371 3457 Dominus
3398 3414 3494 3455 au-

1925 3490 2096 3545 ditum
2119 3489 2246 3544 fecit
2267 3489 2322 3543 in
2347 3489 2604 3544 extremis
2621 3496 2797 3544 terrm.
2823 3488 2994 3544 Dicite
3016 3490 3140 3545 ﬁliae
3163 3491 3293 3546 Sion
3318 3509 3331 3544 :
3357 3489 3497 3547 Ecce

1929 3580 2179 3635 Salvator
2207 3589 2332 3635 tuus
2360 3586 2505 3634 venit
2536 3599 2551 3636 :
2579 3595 2708 3636 ecce
2738 3596 2949 3635 merces
2996 3581 3116 3649 ejus
3161 3596 3285 3635 cum
3317 3596 3411 3647 eo,
3442 3590 3496 3636 et

1927 3689 2062 3744 opus
2092 3673 2211 3743 ejus
2232 3687 2413 3727 coram
2435 3673 2547 3729 illo.
2577 3671 2643 3726 Et
2673 3673 2945 3728 vocabunt
2965 3687 3080 3737 eos,
3111 3673 3342 3742 populus
3362 3689 3494 3729 san-

1926 3776 2069 3828 ctus,
2104 3764 2368 3834 redempti
2427 3779 2457 3817 a
2510 3763 2758 3819 Domino.
2815 3762 2898 3820 Tu
2938 3771 3116 3818 autem
3161 3763 3491 3819 vocaberis:

1926 3857 2161 3923 Quaesita
2190 3856 2382 3912 civitas
2430 3864 2484 3912 et
2516 3872 2626 3912 non
2677 3856 2995 3914 derelicta‘.
3037 3878 3055 3911 ι
3095 3887 3159 3912 τ-
3193 3877 3213 3911 ι
3247 3856 3380 3925 Quis
3410 3869 3495 3916 est

1926 3953 2027 4006 iste
2052 3950 2144 4022 qui
2174 3949 2320 4005 venit
2352 3951 2419 4005 de
2453 3949 2617 4006 Edom
2640 3989 2657 4016 ,
2699 3950 2883 4006 tinctis
2917 3950 3156 4007 vestibus
3200 3952 3267 4007 de
3291 3951 3495 4008 Bosra?

1923 4040 2030 4096 Iste
2063 4039 2335 4094 formosus
2363 4041 2416 4093 in
2450 4040 2587 4096 stola
2617 4055 2736 4105 sua,
2771 4040 3024 4111 gradiens
3058 4041 3111 4095 in
3147 4040 3494 4097 multitudine

1925 4129 2255 4186 fortitudinis
2275 4114 2427 4185 suae?
2451 4129 2560 4202 Ego
2583 4130 2674 4199 qui
2703 4130 2892 4200 loquor
2907 4127 3197 4199 justltiam,
3220 4139 3273 4185 et
3288 4144 3493 4200 propu-

1923 4230 2114 4293 gnator
2144 4237 2263 4276 sum
2297 4220 2365 4275 ad
2408 4222 2746 4277 salvandum.
2775 4220 2954 4287 Quare
2993 4236 3123 4293 ergo
3150 4224 3375 4279 rubrum
3410 4234 3494 4279 est

1925 4313 2298 4368 indumentum
2328 4321 2514 4377 tuum,
2553 4321 2606 4368 et
2635 4313 2954 4368 vestimenta
2982 4322 3073 4367 tua
3104 4312 3246 4369 sicut
3272 4316 3492 4372 calcan-

1924 4405 2058 4458 tium
2094 4402 2148 4459 in
2181 4405 2471 4460 torculari?
2518 4404 2781 4460 Torcular
2829 4404 3032 4460 calcavi
3082 4407 3263 4473 solus,
3318 4416 3373 4464 et
3426 4410 3494 4466 de

1927 4497 2174 4569 gentibus
2196 4479 2304 4550 non
2335 4496 2518 4552 estvir
2549 4511 2763 4551 mecum
2797 4514 2808 4550 :
2846 4496 3051 4552 calcavi
3080 4513 3175 4554 eos
3222 4501 3275 4555 in
3310 4501 3494 4557 furore

1924 4590 2102 4644 meo“.
2138 4607 2158 4640 ι
2187 4587 2382 4643 lterum
2416 4587 2504 4641 hic
2531 4587 2812 4658 prophetia
2836 4583 2991 4659 jubet
3016 4591 3263 4661 accipere
3278 4592 3491 4663 signum

1924 4680 1991 4734 de
2016 4681 2254 4750 gentium
2290 4679 2552 4742 Ecclesia,
2581 4680 2902 4749 promittens
2928 4682 3076 4751 quod
3100 4679 3362 4741 Dominus
3394 4701 3493 4738 au-

1925 4772 2098 4826 ditum
2130 4771 2287 4827 faciet
2320 4786 2493 4841 usque
2521 4772 2589 4825 ad
2620 4780 2860 4829 extrema
2906 4780 3099 4840 terrae;
3132 4775 3275 4846 quod
3304 4783 3359 4831 et
3389 4776 3492 4830 im—

245 4864 455 4937 Κύριον
500 4865 604 4928 ἓως
646 4864 873 4936 ἐσχάτου
919 4866 1017 4935 τῆς
1062 4866 1161 4937 γῆς
1183 4882 1197 4895 ·
1230 4865 1259 4917 ὃ
1286 4866 1377 4918 καὶ
1409 4864 1581 4936 πέρας
1609 4864 1821 4937 εἴληχεν

1927 4865 2129 4936 pletum
2145 4875 2228 4921 est
2242 4864 2539 4920 Salvatoris
2561 4866 2733 4921 nostri
2751 4864 2891 4936 Iesu:
2905 4865 3160 4934 adventu,
3193 4868 3249 4922 in
3274 4884 3489 4925 omnem

250 4957 393 5029 (φεν)
423 4958 516 5010 ἐπὶ
533 4961 598 5028 τῇ
626 4956 717 5009 τοῦ
746 4957 997 5028 Σωτῆρος
1022 4958 1177 5029 ἡμῶν
1222 4958 1393 5029 Ἰησοῦ
1423 4960 1713 5030 παρουσίᾳ,
1742 4959 1821 5021 είς

253 5053 430 5105 πᾶσαν
459 5050 558 5121 τὴν
592 5050 695 5121 γῆν
726 5050 1032 5117 ἐξελθόντος
1063 5051 1154 5104 τοῦ
1195 5050 1431 5121 φθόγγου
1459 5051 1566 5105 τῶν
1594 5053 1821 5106 ἀποστό-

248 5144 356 5198 λων
383 5142 571 5206 αύτοῦ,
608 5146 701 5196 καὶ
745 5144 825 5206 είς
868 5143 937 5195 τά
981 5144 1188 5215 πέρατα
1221 5145 1317 5216 τῆς
1363 5146 1685 5217 οἰκουμένης
1710 5145 1818 5199 τῶν

243 5326 411 5399 τράσι
436 5324 593 5380 Σιών.
626 5346 644 5377 ι
677 5327 894 5397 (δηλαδὴ
927 5330 1045 5390 ταῖς
1074 5327 1134 5392 ἐξ
1158 5328 1702 5401 ἑθνῶνἘκκλησίαις·
1733 5324 1825 5383 αῦ-

242 5435 340 5473 ται
375 5418 485 5490 γάρ
515 5436 597 5471 τοι
623 5419 915 5491 θυγατέρες
939 5419 1005 5473 ἂν
1038 5415 1147 5473 εἷεν
1177 5420 1275 5488 τῆς
1302 5421 1620 5492 ἐπουρανίου
1649 5420 1785 5476 Σιὼν
1804 5463 1819 5487 ,

249 5530 271 5564 σ
298 5512 422 5583 ἥτις
468 5513 583 5564 ἐστὶ
630 5513 813 5583 μήτηρ
855 5512 1011 5583 ἡμῶν
1054 5532 1073 5564 ι
1124 5511 1264 5565 κατὰ
1301 5513 1392 5565 τὸν
1427 5513 1821 5583 Ἀπόστολον·)

251 5625 271 5657 ι
294 5604 428 5659 Ἰδού
462 5622 540 5657 σοι
566 5607 594 5657 ὁ
629 5604 816 5675 Σωτὴρ
841 5605 1196 5676 παραγίνεται
1227 5606 1367 5676 ἔχων
1397 5607 1490 5661 τὸν
1516 5606 1705 5660 ἑαυτοῦ
1728 5624 1820 5678 μι-

325 5724 344 5795 Ῑ
384 5720 489 5777 lsa.
524 5736 647 5795 ut,
680 5722 765 5788 10,
812 5722 894 5774 Η.
970 5723 990 5752 ¹
1033 5721 1221 5779 Matth.
1257 5740 1415 5795 τινι,
1452 5726 1539 5785 '58.

250 5794 271 5824 ⁶
304 5791 425 5847 Gal.
466 5808 540 5856 tv,
574 5790 664 5845 26.

494 5884 762 5943 PATROL.
796 5879 912 5943 Gn.
938 5880 1146 5947 XXII.

1632 5728 1677 5811 7'
1716 5725 1873 5785 Joan.
1906 5725 2112 5793 111,21.

1927 4965 2128 5023 terram
2163 4956 2356 5013 diffusa
2383 4959 2749 5028 apostolorum
2788 4957 2908 5028 ejus
2945 4958 3492 5029 praedicatione,ver-

1927 5050 2116 5120 bisque
2161 5065 2346 5105 eorum
2396 5050 2463 5105 ad
2514 5060 2752 5105 extrema
2806 5056 2986 5105 teme.
3039 5050 3173 5106 Dein
3215 5050 3417 5107 dicitur
3474 5074 3489 5108 :

1932 5161 1949 5195 ε
1984 5141 2157 5199 Dicite
2185 5140 2398 5197 ﬁliabus
2437 5140 2566 5197 Sion
2599 5160 2617 5192 ι
2652 5141 2910 5211 (gentium
2954 5142 3163 5198 scilicet
3194 5141 3486 5201 Ecclesiis:

1926 5236 2054 5306 ipsa:
2067 5234 2209 5290 enim
2239 5235 2360 5289 tilite
2385 5240 2511 5290 sunt
2542 5232 2783 5288 cretestis
2826 5231 2978 5301 Sion,
3012 5253 3031 5287 ι
3062 5251 3182 5307 quae
3204 5243 3290 5292 est
3318 5244 3493 5292 mater

1924 5337 2132 5392 nostra,
2174 5347 2193 5381 ι
2220 5328 2377 5399 juxta
2405 5326 2722 5399 Apostolum
2747 5325 2824 5398 ‘):
2858 5345 2877 5379 ι
2920 5326 3056 5383 Ecce
3085 5328 3330 5385 Salvator
3363 5337 3491 5386 tuus

1922 5422 2091 5485 venit,
2118 5436 2244 5477 ecce
2274 5435 2483 5476 merces
2504 5419 2622 5490 ejus
2648 5434 2772 5473 cum
2804 5434 2888 5485 eo,
2926 5438 2944 5472 ι
2970 5428 3023 5475 et
3046 5421 3274 5492 reliqua,
3292 5424 3492 5495 quibus

1921 5512 2225 5568 ostenditur
2277 5510 2550 5568 secundus
2595 5504 2799 5565 Christi
2830 5511 3115 5578 adventus,
3149 5528 3273 5569 cum
3320 5516 3490 5587 judex

1923 5607 2119 5672 veniet,
2191 5604 2420 5661 reddens
2481 5603 2768 5673 unicuique
2811 5601 2974 5674 hujus
3048 5604 3172 5663 vita:
3217 5607 3487 5665 factorum

2968 5720 2988 5752 ⁸
3025 5718 3127 5776 Isa.
3162 5739 3295 5782 um
3319 5767 3334 5792 ,
3367 5725 3483 5781 1-3.

3046 5886 3127 5948 ιο

2214 5717 2266 5756 θ’
2294 5736 2374 5779 sa.
2424 5734 2582 5794 μη,
2616 5718 2716 5785 t0,
2773 5719 2858 5778 Η.
