4008 6208
509 343 649 398 ἰῐὸθ

1207 333 1474 392 Ευεευιι
1511 333 1992 392 CESARIENSIS
2025 335 2174 392 OPP.
2212 335 2393 392 PARS
2431 334 2519 390 Ill.
2560 364 2632 378 --
2667 331 3074 391 EXEGETICA.

3633 339 3788 395 1289

507 459 849 522 mercedem,
919 455 1354 527 ﬂagitiorumque
1420 471 1542 528 quae
1599 457 1726 527 quis
1802 456 2057 514 admiseri

2185 460 2329 524 σθὸν,
2359 479 2378 512 ι
2413 460 2508 514 καὶ
2551 459 2619 512 τὰ
2649 457 2857 522 τούτοις
2887 457 3033 528 ἑξῆς,
3063 457 3131 510 δι’
3163 449 3237 510 ὧν
3269 457 3524 528 δηλοῦται
3571 462 3614 530 ἡ
3663 461 3790 514 δευ-

505 567 744 626 penam.
770 550 904 606 Dein
932 550 1278 621 interrogans
1297 549 1486 620 adjicit
1521 566 1702 607 sermo
1727 570 1740 606 :
1782 568 1800 604 t
1843 552 1977 619 Quis
1999 560 2082 610 est

505 647 610 701 iste
635 643 730 715 qui
761 643 910 698 venit
929 641 996 696 de
1021 641 1215 705 Edam,
1237 642 1423 699 tinctis
1457 643 1697 699 vestibus
1743 644 1812 700 de
1845 643 2024 716 Bosral
2058 664 2076 696 ι

487 737 670 811 ‘(quod
697 735 1085 804 interpretatur
1141 734 1472 805 terrestris);
1505 753 1524 786 ι
1563 736 1665 791 iste
1697 734 1970 793 formosus
2024 738 2078 792 in

506 828 646 882 stola
673 826 812 882 sua?
840 846 859 879 ι
907 825 1021 882 Hoc
1071 825 1283 882 videtur
1314 827 1494 884 dicere
1521 835 1575 884 et
1602 836 1725 900 post
1747 829 2080 884 incarnatio-

503 934 648 984 nem,
666 925 721 974 et
748 927 870 989 post
889 918 1340 983 exinanitionem,
1362 929 1416 976 et
1447 920 1502 974 in
1533 927 1678 976 terra
1695 922 2076 976 commoratio-

502 1027 647 1076 nem,
679 1018 733 1067 et
765 1011 1071 1080 passionem
1097 1053 1114 1079 ,
1167 1021 1222 1069 et
1255 1011 1323 1067 ad
1352 1020 1600 1069 mortuos
1643 1013 2076 1080 descensionem,

500 1099 798 1156 admiratus
853 1100 1310 1170 pulchritudinem
1365 1109 1420 1158 et
1476 1102 1730 1158 decorem
1778 1101 2076 1160 Salvatoris

500 1194 620 1250 sine
656 1194 766 1248 ulla
786 1193 1186 1259 commistione,
1219 1209 1396 1269 neque
1425 1210 1637 1267 rugam,
1668 1211 1844 1267 neque
1894 1211 2078 1251 macu-

497 1285 628 1349 lam,
656 1302 832 1357 neque
877 1287 1274 1343 deformitatem
1319 1302 1352 1342 e
1401 1289 1648 1343 terrestri
1693 1289 2076 1360 corporalique

499 1377 831 1434 habitatione
872 1380 1080 1435 medias
1113 1379 1252 1435 inter
1310 1395 1397 1435 res
1432 1379 1712 1435 hominum
1765 1382 2068 1438 consecuti.

498 1469 610 1547 lmo
642 1469 1014 1528 fortitudinem
1060 1471 1180 1542 ejus
1223 1487 1549 1543 magnopere
1601 1473 1940 1540 admiratur,
1976 1478 2068 1547 qui

496 1544 710 1618 om.nem
743 1562 942 1620 diaboli
971 1563 1268 1620 exercitum
1306 1566 1618 1625 debellavit.
1651 1569 1817 1625 Addit
1855 1544 2022 1642 igitur
2054 1591 2065 1625 :

500 1674 518 1706 ι
549 1654 684 1721 Quis
709 1655 814 1711 iste
843 1656 1119 1711 formosus
1156 1656 1214 1711 in
1248 1657 1386 1712 stola
1410 1672 1529 1722 sua,
1561 1658 1818 1731 gradiens
1848 1661 1903 1716 in
1936 1663 2072 1716 mul-

495 1752 725 1806 titudine
747 1751 1083 1808 fortitudinis
1109 1751 1264 1807 suae?
1297 1769 1316 1803 ι
1348 1749 1430 1805 Ad
1475 1767 1638 1821 quam
1683 1751 2069 1824 interrogatio-

2182 553 2316 624 τέρα
2339 551 2433 605 τοῦ
2462 549 2697 623 Χριστοῦ
2728 550 3018 621 παρουσία,
3055 549 3143 601 ὅτε
3173 549 3367 620 κριτὴς
3402 549 3524 620 ἥξει
3550 550 3786 605 ἀποδώ-

2185 660 2289 696 σων
2322 643 2535 712 ἑκάστῳ
2561 639 2670 694 τῶν
2716 642 2809 696 ἐπὶ
2848 638 2941 693 τοῦ
2979 639 3243 710 παρόντος
3289 639 3468 693 πόνων
3519 643 3658 706 τοὺς
3694 661 3790 713 μι-

2183 734 2361 798 σθοὺς,
2391 734 2484 787 καὶ
2529 727 2603 786 ὧν
2653 732 2882 795 ἕκαστος
2911 729 3127 801 φαύλων
3172 729 3470 800 εἰργάσατο
3523 731 3625 785 νῦν
3679 732 3787 795 τὰς

2179 823 2427 895 ἀμοιϐάς.
2447 823 2602 894 Ἑξῆς
2625 822 2831 886 τούτοις
2855 822 3017 875 οἱονεί)⁴¹
3045 821 3337 892 ἐπερωτῶν
3363 823 3392 874 6
3419 821 3586 891 λόγος
3613 825 3778 896 φησί’

2185 939 2202 970 ι
2231 919 2325 983 Τίς
2355 912 2554 983 οὗτοςό
2577 916 3009 988 παραγινόμενος
3036 914 3096 979 ἐξ
3121 911 3324 985 Ἐδὼμ,
3354 915 3616 988 ἐρύθημα
3639 921 3776 990 ἱμα-

2177 1011 2323 1076 τίων,
2371 1031 2389 1064 ι
2425 1011 2494 1082 (6
2522 1010 2880 1083 ἑρμηνεύεται
2919 1007 3170 1079 vitrea)
3205 1025 3222 1059 ι
3251 1006 3504 1079 ἐρύθημα
3532 1012 3779 1082 ἱματίων

2176 1105 2239 1158 ἐκ
2265 1104 2434 1176 Βοσόρ
2454 1122 2466 1134 ο
2502 1102 2902 1174 οὕτως’ὠραῖος
2938 1102 2994 1154 ἐν
3013 1099 3077 1171 (Γ.
3102 1099 3170 1153 60
3197 1098 3283 1171 το)
3317 1101 3507 1174 στολῇ;
3540 1123 3559 1154 ι
3589 1104 3778 1158 Τοῦτο

2173 1195 2229 1248 δὲ
2264 1195 2436 1250 ἐοικεν
2480 1193 2756 1268 εἰρηκέναι
2789 1191 3194 1264 ἀποθαυμάζων
3239 1191 3301 1245 τὸ
3346 1195 3440 1246 καὶ
3483 1195 3622 1266 μετά
3660 1196 3774 1268 τὴν

2173 1288 2582 1360 ἐνανθρώπησιν
2612 1288 2705 1341 καὶ
2763 1286 2860 1358 τὴν
2889 1285 3136 1350 κένωσιν,
3169 1286 3264 1340 καὶ
3288 1288 3383 1359 τὴν
3405 1288 3496 1340 ἐπὶ
3518 1289 3622 1358 γῆς
3644 1289 3772 1342 δια-

2170 1379 2382 1452 τριϐὴν,
2418 1380 2511 1433 καὶ
2556 1378 2693 1450 μετὰ
2735 1377 2796 1431 τὸ
2838 1375 3006 1440 πάθος
3055 1377 3150 1429 καὶ
3174 1375 3273 1448 τὴν
3297 1376 3510 1431 κάθοδον
3540 1378 3643 1450 τήν
3673 1382 3763 1442 είς

2171 1472 2417 1544 νεκροὺς,
2447 1471 2646 1543 ὡραῖον
2678 1469 2772 1524 καὶ
2804 1468 3052 1541 λαμπρὸν
3102 1467 3198 1521 τοῦ
3241 1469 3450 1533 κάλλους
3494 1469 3589 1522 τοῦ
3621 1471 3754 1526 Σω-

2169 1563 2335 1635 τῆρος
2373 1565 2429 1616 ἐν
2470 1562 2657 1635 μηδενὶ
2691 1559 3070 1631 συγχυθέντος,
3105 1560 3242 1631 μηδέ
3269 1560 3420 1631 ῥύπον
3455 1563 3590 1631 μήτε
3627 1561 3740 1632 μὴν

2169 1653 2360 1725 κηλίδα
2388 1653 2479 1707 καὶ
2503 1651 2688 1706 σπῖλον
2715 1652 2821 1706 ἀπὸ
2847 1652 2945 1722 τῆς
2977 1650 3166 1720 ὑλικῆς
3191 1651 3284 1704 καὶ
3315 1650 3616 1721 σωματικῆς
3643 1667 3743 1703 κα.-

2166 1744 2476 1807 ταστάσεως
2509 1743 2615 1796 τῶν
2645 1761 2703 1796 τε
2734 1743 2935 1813 γηΐνων
2977 1741 3072 1796 κα)⁵
3112 1741 3460 1813 ἀνθρωπείων
3493 1742 3755 1812 πραγμάο

494 1858 613 1897 nem
635 1840 883 1897 Salvator
898 1837 1419 1912 respondét,docens
1435 1842 1559 1912 quis
1574 1842 2060 1914 esset,dicensque:

2174 1851 2280 1887 των
2301 1833 2697 1905 ἀναδεξαμένου
2721 1850 2735 1864 ο
2773 1834 2851 1887 ἐτι
2879 1833 2936 1886 δὲ
2964 1833 3058 1886 καὶ
3081 1832 3178 1904 τὴν
3211 1835 3364 1904 ἰσχὺν
3394 1832 3553 1886 αὐτοῦ
3580 1850 3760 1887 κατα-

497 1953 518 1984 ι
547 1933 660 2004 Ego
685 1933 778 2005 qui
805 1934 998 2006 loquor
1030 1934 1322 2004 justitiam,
1353 1944 1407 1990 et
1443 1947 1816 2006 propugnator
1853 1952 1973 1992 sum
2001 1935 2069 1991 ad

491 2026 830 2081 salvandum.
871 2045 889 2078 ι
929 2025 1250 2096 Rursusque
1281 2025 1347 2080 ad
1378 2041 1503 2081 eum
1541 2042 1719 2082 sermo
1747 2028 1901 2097 quasi
1948 2043 2070 2098 pro-

490 2125 608 2184 pter
635 2115 944 2186 passionem
973 2115 1106 2169 dicit
1134 2134 1146 2168 :
1179 2132 1197 2166 ι
1226 2115 1404 2181 Quare
1435 2129 1565 2184 ergo
1594 2116 1818 2171 rubrum
1853 2124 1934 2171 est
1983 2118 2069 2170 in-

490 2203 803 2258 dumentum
837 2203 1030 2258 tuum?
1069 2222 1087 2254 ι
1114 2211 1168 2258 et
1195 2219 1316 2272 qua:
1344 2211 1669 2275 sequuntur.
1715 2205 1884 2272 Quasi
1922 2207 2066 2261 enim

487 2296 676 2366 Agnus
699 2293 815 2357 Dei,
841 2296 1036 2351 tollens
1086 2297 1142 2351 in
1169 2298 1408 2370 seipsum
1447 2304 1668 2369 peccata
1702 2298 1912 2362 mundi,
1943 2314 2059 2369 pec-

488 2387 624 2443 catis
654 2388 860 2442 nostris
887 2387 1050 2442 rubra
1096 2388 1273 2443 induit
1325 2390 1666 2446 vestimenta.
1724 2390 2068 2461 Quapropter

486 2487 542 2532 et
567 2479 620 2532 in
654 2479 918 2534 Zacharia
950 2481 1210 2551 propheta
1247 2481 1486 2536 dicitur:
1522 2501 1541 2532 ι
1568 2480 1728 2538 Jesus
1759 2492 1878 2538 erat
1906 2485 2067 2538 indu-

485 2575 575 2628 tus
605 2571 848 2627 vestibus
885 2571 1122 2628 sordide
1153 2573 1194 2626 ⁸.
1241 2592 1259 2625 ι
1299 2572 1423 2628 Ιιιεεο
1451 2575 1596 2630 enim
1630 2584 1786 2630 erant
1812 2583 2064 2644 peccato-

483 2673 605 2716 rum
637 2669 947 2715 nostrorum
978 2661 1319 2720 indumenta.
1352 2662 1475 2718 Ideo
1508 2664 1670 2733 paulo
1697 2665 1950 2733 superius
1979 2665 2064 2718 di-

486 2759 631 2806 ctum
667 2761 822 2807 erat:
861 2770 878 2803 ι
912 2752 1011 2807 llic
1044 2754 1359 2822 iniquitates
1408 2763 1626 2809 nostras
1673 2755 1826 2817 tulit,
1871 2762 1926 2808 et
1963 2770 2062 2825 pro

485 2841 642 2896 nobis
668 2856 863 2912 passus
891 2849 994 2896 est.
1045 2860 1063 2895 ι
1098 2843 1216 2913 Ipse
1243 2844 1387 2898 enim
1419 2863 1437 2895 ι
1467 2843 1807 2913 iniquitatem
1849 2859 1954 2898 non
1981 2844 2058 2900 fe-

482 2933 580 2997 cit,
608 2948 783 3004 neque
809 2934 1062 2989 inventus
1081 2942 1166 2992 est
1188 2934 1346 2990 dolus
1368 2933 1422 2989 in
1447 2950 1544 2992 ore
1561 2935 1682 3005 ejus
1713 2939 1751 2987 ².
1801 2955 1818 2987 ι
1859 2936 2056 2992 lterum

486 3023 736 3079 Salvator
787 3025 1199 3096 interrogationi
1229 3028 1586 3096 respondens.
1617 3026 1758 3081 unde
1783 3028 1948 3082 rubra
1981 3029 2057 3085 l'a-

482 3125 570 3172 cta
599 3117 708 3173 sint
743 3118 1062 3174 vestimenta
1115 3132 1215 3173 sua
1256 3117 1414 3173 docet
1466 3118 1654 3174 dicens
1688 3138 1700 3173 :
1740 3138 1758 3171 ι
1811 3119 1852 3172 Ε
1880 3123 2055 3192 genti-

481 3211 605 3266 bus.
645 3230 664 3263 ι
699 3209 846 3278 Quas
879 3210 1094 3280 quidem
1125 3218 1334 3280 gentes,
1381 3211 1531 3266 nullo
1566 3211 1844 3268 hominum
1877 3215 1927 3270 ei
1961 3231 2056 3270 au-

480 3301 725 3365 xiliante,
752 3301 900 3357 solus
937 3301 1248 3366 constituit,
1299 3303 1533 3358 refracta
1566 3305 1926 3375 malignorum
1959 3307 2055 3363 ad-

478 3392 948 3462 versariorumque
977 3392 1268 3463 spirituum
1297 3393 1550 3451 universa
1585 3403 1873 3464 potestate.

2170 1926 2553 1999 πληττόμενος,
2582 1929 2680 1997 τὴν
2704 1929 2880 1980 πᾶσαν
2920 1925 3014 1979 τοῦ
3054 1926 3300 1980 διάϐολου
3333 1927 3588 1998 στρατιὰν
3611 1943 3759 1980 κατ-

2170 2019 2593 2088 αγωνισαμένου.
2629 2016 2907 2087 Ἐπιφέρει
2942 2015 3022 2080 τὸ,
3059 2035 3077 2067 ι
3108 2015 3294 2080 Οῦτως
3319 2017 3515 2088 ὡραῖος
3542 2018 3600 2069 ἐν
3628 2033 3762 2070 στο-

2167 2106 2254 2178 λῇ,
2274 2108 2367 2180 βία
2401 2108 2539 2179 μετά
2575 2109 2789 2179 ἱσχύος;
2819 2128 2838 2161 ι
2865 2110 3002 2180 πρὸς
3029 2110 3094 2180 ἢν
3125 2107 3317 2162 πεῦσιν
3344 2111 3375 2162 6
3403 2109 3582 2180 Σωτὴρ
3609 2109 3760 2162 ἀπο-

2167 2201 2430 2272 κρίνεται,
2458 2201 2721 2255 διδάσκων
2755 2201 2903 2266 ὅστις
2933 2203 3064 2256 ποτὲ
3095 2202 3202 2273 εἴη,
3233 2203 3326 2256 καί
3360 2219 3579 2273 φησιν’(
3603 2201 3762 2270 Ἐγὼ

2165 2293 2478 2365 διαλέγομαι
2504 2295 2868 2368 δικαιοσύνην,
2905 2297 3000 2350 κα)⁵
3027 2299 3199 2368 κρῖμα
3227 2296 3546 2369 σωτηρίου.»
3582 2295 3768 2348 Πάλιν

2165 2385 2222 2438 δέ
2243 2388 2378 2458 πρὸς
2401 2389 2562 2441 αὑτὸν
2592 2392 2620 2442 6
2660 2389 2823 2457 λόγος
2843 2389 2917 2452 ὠς
2943 2388 3031 2442 διὰ
3057 2389 3119 2443 τὸ
3146 2371 3316 2451 πάθος
3343 2389 3494 2458 φησι·
3527 2407 3545 2438 ι
3578 2386 3678 2441 Διά
3707 2385 3770 2441 τί

2167 2479 2260 2532 σοῦ
2290 2480 2496 2551 ἐρυθρὰ
2522 2484 2590 2536 τά
2627 2482 2814 2553 ἱμάτια
2837 2499 2852 2548 ;
2887 2502 2904 2533 ι
2923 2483 3017 2535 καὶ
3039 2482 3109 2535 τὰ
3134 2481 3282 2552 ἐξῆς.
3310 2477 3413 2535 Οἷα
3428 2478 3766 2552 γάρἈμνδς

2163 2571 2257 2625 τοῦ
2287 2573 2444 2637 Θεοῦ,
2473 2573 2611 2645 άρας
2638 2575 2717 2638 εἰς
2751 2574 2938 2628 ἑαυτὸν
2963 2574 3061 2637 τὰς
3091 2574 3366 2645 ἁμαρτίας
3392 2572 3484 2626 τοῦ
3510 2572 3761 2640 κόσμου,

2163 2666 2225 2716 ἐκ
2257 2665 2362 2717 τῶν
2389 2666 2668 2737 ἡμετέρων
2702 2665 2986 2738 ἁμαρτιῶν
3037 2664 3244 2738 ἐρυθρά
3269 2664 3340 2718 τά
3373 2665 3561 2734 ἱμάτια
3585 2680 3764 2734 περι-

2161 2753 2415 2808 εϐάλετοο
2462 2756 2538 2819 ὠς
2558 2755 2649 2810 διὰ
2691 2754 2849 2810 τοῦτο
2888 2757 2981 2810 καὶ
3007 2756 3065 2808 ἐν
3099 2756 3344 2826 Ζαχαρία
3378 2753 3455 2823 τῷ
3486 2753 3763 2826 προφήτῃ

2160 2846 2410 2915 λέγεσθαι
2451 2847 2548 2902 τόο
2593 2866 2612 2898 ι
2642 2849 2752 2901 Καὶ
2796 2847 3001 2919 Ἰησοῦς
3047 2844 3114 2919 ἦν
3160 2847 3502 2919 ἐνδεδυμένος
3549 2846 3760 2916 ἱμάτια

2161 2940 2398 3011 ῥυπαρά.
2427 2959 2446 2991 ι
2486 2939 2670 2993 Ταῦτα
2694 2941 2738 2994 δ’
2762 2937 2828 3012 ἦν
2857 2941 2927 2993 τὰ
2955 2943 3017 2993 ἐκ
3041 2939 3151 2993 τῶν
3177 2939 3457 3011 ἡμετέρων
3489 2939 3759 3008 ἁμαρτη-

2162 3031 2346 3102 μάτων
2367 3031 2636 3104 ἐνδύματα
2655 3050 2670 3064 ο
2694 3033 2812 3087 δι’ἃ.
2840 3032 3020 3104 μικρῷ
3053 3032 3289 3104 πρόσθεν
3317 3032 3534 3100 ἐλέγετο
3556 3047 3571 3061 ·
3595 3049 3614 3081 ι
3634 3025 3758 3085 Οὗ-

2157 3141 2248 3188 τος
2277 3124 2375 3189 τὰς
2408 3125 2678 3197 ἁμαρτίας
2706 3126 2860 3197 ἡμῶν
2893 3125 3066 3197 φέρει,
3099 3127 3192 3179 καὶ
3216 3125 3344 3197 περῒ¹
3371 3124 3526 3195 ήμῶν
3546 3123 3754 3177 ὀδυνᾶ-

2084 3195 2126 3250 C
2156 3235 2265 3270 ται.
2300 3236 2318 3268 ι
2347 3219 2514 3282 Αὐτὸς
2532 3195 2645 3290 γάρ
2803 3237 2820 3268 ι
2851 3195 3122 3290 ἁμαρτίαν
3164 3219 3264 3271 ούκ
3294 3195 3588 3288 ἐποίησεν,
3617 3218 3752 3292 οὐδὲ

2156 3309 2353 3379 εὑρέθη
2379 3309 2526 3372 δόλος
2560 3311 2616 3361 ἐν
2643 3307 2721 3379 τῷ
2752 3310 2980 3380 στόματι
3020 3307 3204 3362 αὐτοῦ.
3237 3327 3255 3360 ι
3302 3308 3471 3361 Πάλιν
3495 3308 3539 3375 δ’
3562 3309 3592 3360 6
3622 3309 3752 3362 Σω-

2152 3400 2256 3473 τὴρ
2289 3401 2645 3472 ἀμειϐόμενος
2672 3401 2770 3475 τὴν
2799 3399 3086 3474 ἐρώτησιν,
3114 3401 3234 3456 ὅθεν
3283 3400 3486 3475 ἐρυθρά
3524 3401 3748 3470 γένοιτο

477 3485 641 3542 αὐτοῦ
670 3489 740 3541 τὰ
788 3488 978 3560 ἱμάτια
1022 3488 1259 3543 διδάσκει
1284 3488 1476 3559 λέγων,
1510 3509 1529 3542 t
1568 3490 1664 3544 Ἐκ
1688 3491 1796 3546 τῶν
1828 3492 2018 3546 ἐθνῶν.
2050 3513 2069 3546 ι
2109 3493 2289 3568 ’Δπερ
2315 3495 2464 3568 ἔθνη,
2499 3496 2726 3569 μηδενὸς
2776 3494 3077 3569 ἀνθρώπων
3113 3495 3260 3568 αύτῷ
3323 3493 3745 3568 συνεργοῦντος,

480 3587 639 3656 μόνος
668 3585 951 3652 ὑπέταξεν,
982 3586 1376 3657 καταπατήσας
1409 3586 1506 3658 τήν
1565 3587 1944 3658 ἀντικειμένην
1997 3593 2177 3644 πᾶσαν
2228 3591 2456 3663 δύναμιν
2498 3594 2606 3647 τῶν
2655 3592 2928 3665 πολεμίων
2961 3593 3111 3665 αὒτῷ
3166 3593 3418 3666 ⁴πονηρῶν
3483 3593 3740 3663 πνευμά-

475 3699 604 3738 των.

1000 3794 1226 3851 CAPUT
1283 3795 1522 3852 XXXIV.

551 3907 570 3942 ι
611 3889 676 3944 Ει
699 3887 1016 3945 recordatus
1045 3897 1127 3944 est
1151 3888 1360 3944 dierum
1393 3904 1714 3944 saeculorum
1748 3907 1760 3942 :
1795 3889 1886 3960 qui
1918 3888 2052 3944 edu-

473 3984 551 4039 xit
581 3998 610 4040 e
639 3992 779 4039 terra
820 3989 1094 4056 pastorem
1128 3981 1310 4037 ovium
1343 3997 1597 4053 magnum
1624 4022 1640 4047 ,
1674 3983 1962 4053 posuitque
1990 3983 2046 4038 in

472 4076 652 4132 medio
680 4092 867 4132 eorum
908 4075 1168 4146 Spiritum
1200 4084 1448 4130 sanctum
1491 4091 1650 4132 suum
1681 4077 1720 4132 ³.
1760 4095 1778 4128 ι
1825 4075 1890 4130 Ει
1920 4077 2044 4146 quis

2665 3795 3061 3850 ΚΕΦΑΛΑΙΟΝ
3098 3796 3220 3850 ΔΔ’.

2231 3909 2249 3942 ι
2280 3891 2390 3943 Καὶ
2419 3887 2662 3960 ἐμνήσθη
2701 3887 2904 3960 Κύριος
2933 3887 3153 3959 ήμερῶν
3181 3889 3440 3940 αἰωνίωνο
3467 3891 3495 3942 6
3525 3890 3724 3943 ἀναϐι-

2151 3983 2321 4046 ϐάσας
2356 3985 2419 4036 ἐκ
2439 3983 2539 4052 τῆς
2563 3982 2664 4052 γῆς
2685 3982 2774 4034 τὸν
2800 3981 3032 4050 ποιμένα
3060 3979 3171 4033 τῶν
3199 3980 3482 4051 προϐάτων
3506 3981 3596 4035 τὸν
3623 3983 3729 4053 μέ-

2148 4093 2269 4144 γαν,
2304 4079 2332 4130 ό
2363 4076 2473 4138 θεὶς
2504 4076 2563 4128 ἐν
2589 4077 2769 4137 αὐτοῖς
2794 4074 2856 4127 τὸ
2895 4073 3118 4144 Πνεῦμα
3145 4072 3206 4126 τὸ
3241 4075 3413 4142 ἆγιον.
3444 4094 3464 4126 ι
3499 4076 3609 4128 Καὶ
3635 4077 3726 4142 τίς

469 4169 610 4224 alius
639 4179 782 4224 esset
805 4183 836 4221 a
865 4166 1093 4222 Domino
1125 4167 1192 4224 de
1222 4177 1366 4224 terra
1415 4169 1644 4224 eductus
1704 4175 1891 4238 pastor
1946 4167 2042 4226 Dei

2161 4166 2208 4220 ίν
2236 4166 2391 4230 ἄλλος
2422 4166 2506 4238 εἴη
2533 4169 2562 4219 6
2586 4165 2691 4218 ὑπὸ
2717 4164 2812 4216 τοῦ
2841 4165 3048 4234 Κυρίου
3093 4163 3481 4229 ἀναϐιϐασθεὶς
3517 4169 3584 4220 ἐκ
3619 4169 3722 4239 τῆς

469 4262 672 4328 ovium,
697 4263 803 4318 nisi
839 4261 1086 4318 Salvator
1114 4271 1322 4326 noster,
1362 4262 1455 4333 qui
1496 4261 1646 4316 venit
1677 4260 1744 4316 ad
1800 4261 2039 4332 perditas

469 4367 598 4408 oves
628 4354 819 4410 domus
846 4354 1050 4410 Israel?
1101 4353 1200 4409 Hic
1251 4362 1333 4410 est
1377 4354 1551 4409 bonus
1580 4359 1789 4424 pastor,
1820 4353 1911 4423 qui
1942 4368 2040 4423 po-

2145 4258 2249 4328 γῆς
2272 4258 2471 4330 ποιμὴν
2491 4257 2601 4311 τῶν
2621 4255 2714 4310 τοῦ
2737 4255 2872 4309 Θεοῦ
2898 4256 3207 4328 προϐάτων,
3226 4257 3301 4328 ἢῤ
3329 4257 3714 4329 Σωτὴρήμῶν,

2143 4351 2170 4402 ὀ
2200 4348 2366 4403 ἐλθὼν
2413 4349 2506 4402 ἐπὶ
2550 4349 2616 4402 τὰ
2664 4347 2976 4402 ἀπολωλότα
3007 4347 3255 4420 πρόϐατα
3285 4350 3430 4403 οῐκου
3458 4350 3713 4423 Ἰσραήλ;

469 4444 579 4499 suit
604 4445 836 4500 animam
867 4461 1022 4500 suam
1050 4462 1147 4516 pro
1175 4445 1392 4506 ovibus.
1413 4461 1574 4518 quem
1606 4444 1767 4500 Pater
1788 4445 2038 4500 eductum

2161 4436 2308 4506 )ῦτος
2361 4441 2463 4513 γάρ
2504 4443 2650 4496 ἐστιν
2682 4443 2710 4494 6
2739 4441 2903 4504 καλὸς
2932 4441 3156 4512 ποιμὴν,
3188 4443 3218 4494 6
3249 4440 3363 4505 θεὶς
3400 4440 3496 4512 τὴν
3533 4441 3714 4513 ψυχὴν

468 4535 532 4590 de
552 4543 698 4588 terra
725 4535 999 4600 exaltavit,
1031 4555 1049 4588 ι
1085 4545 1138 4591 et
1178 4535 1400 4590 donavit
1433 4536 1510 4590 illi
1551 4551 1748 4591 nomen
1773 4535 1918 4606 quod
1961 4545 2044 4591 est

467 4642 630 4694 super
654 4641 813 4682 omne
842 4643 1041 4682 nomen
1072 4628 1112 4682 ⁸.
1145 4647 1163 4680 ι

1004 4805 1233 4862 CAPUT
1266 4805 1482 4862 XXXV.

541 4915 562 4950 ι
594 4897 800 4955 Civitas
827 4895 1011 4954 Sancti
1037 4899 1115 4954 tui
1147 4898 1286 4954 facta
1336 4907 1421 4954 est
1468 4899 1682 4956 deserta
1707 4941 1723 4966 ,
1776 4899 1908 4955 Sion
1951 4900 2042 4957 de-

2144 4535 2305 4589 αύτοῦ
2351 4534 2491 4606 ὑπὲρ
2532 4534 2640 4587 τῶν
2690 4533 2997 4606 προϐάτων,
3027 4533 3085 4587 6v
3108 4536 3137 4587 6
3161 4533 3354 4606 Πατὴρ
3381 4533 3713 4598 ἀναϐιϐάσας

2142 4628 2205 4680 ἐκ
2226 4627 2322 4696 τῆς
2350 4627 2454 4697 γῆς
2476 4626 2823 4697 ύπερύψωσε,
2847 4645 2865 4676 ι
2888 4627 3254 4698 χαρισάμενος
3278 4625 3429 4697 αὐτῷ
3465 4625 3708 4697 τδδνομα

2141 4718 2201 4772 τδ
2225 4720 2364 4790 ὑπὲρ
2393 4721 2500 4771 πᾶν
2526 4719 2713 4789 ὄνομα.
2740 4738 2757 4768 ›

2656 4809 3052 4862 ΚΕΦΑΛΜΟΝ
3089 4809 3212 4862 ΔΕ’.

2216 4921 2234 4952 ι
2267 4901 2425 4965 Πόλις
2463 4901 2558 4955 τοῦ
2598 4900 2778 4970 Ἀγίου
2823 4917 2914 4954 σου
2960 4900 3190 4972 ἐγενήθη
3221 4899 3446 4972 ἔρημος,
3475 4898 3696 4962 Σιὼνὼς

465 4995 612 5044 serta
661 4987 804 5044 facta
858 4998 976 5053 est,
1036 4988 1336 5046 Jerusalem
1387 4992 1631 5047 desolata
1676 5001 1777 5048 est.
1837 4991 2038 5049 Domus

2161 5010 2340 5066 ηρημος
2370 4993 2620 5066 ἐγενήθη,
2636 4991 2985 5064 Ἰερουσαλὴμ
3015 4993 3092 5056 είς
3117 4994 3363 5064 κατάραν
3383 5011 3396 5024 ·
3426 4996 3455 5046 6
3481 4987 3614 5053 οἶκος
3635 4989 3696 5041 τὸ

465 5077 916 5135 sanctiﬁcationis
975 5092 1214 5146 nostrae,
1288 5089 1343 5137 et
1403 5083 1588 5154 gloriae
1647 5093 1879 5150 nostra),
1941 5085 2034 5140 ubi

2137 5087 2291 5156 ἅγιον
2319 5086 2497 5157 ήμῶν,
2525 5086 2621 5140 κα)⁵
2655 5087 2689 5156 ή
2729 5084 2876 5152 δόξα,
2906 5085 2974 5156 ήν
3023 5084 3330 5157 ηὑλόγησαν
3373 5088 3421 5138 οἱ
3474 5082 3694 5151 πατέρες

469 5168 822 5224 laudaveram
851 5179 904 5226 te
926 5178 1109 5241 patres
1139 5174 1345 5239 nostri,
1387 5171 1531 5229 facta
1573 5185 1656 5232 est
1702 5175 1758 5230 in
1791 5177 2034 5233 exustio-

2161 5202 2166 5250 ι
2177 5178 2312 5250 μῶν,
2355 5178 2583 5251 ἐγενήθη
2633 5179 3023 5251 πυρίκαυστος,
3053 5179 3147 5232 καὶ
3190 5178 3369 5232 πάντα
3397 5179 3463 5232 τὰ
3486 5173 3691 5238 ἐπίδοξα

466 5275 590 5314 nem
629 5259 772 5333 ignis
800 5301 814 5327 ,
863 5269 916 5318 et
961 5264 1142 5317 omnia
1199 5264 1585 5322 desiderabilia
1646 5275 1836 5322 nostra
1875 5283 2032 5324 versa

468 5359 595 5406 sunt
624 5351 677 5406 in
708 5354 917 5410 ruinas.
947 5354 1204 5412 Nunquid
1255 5374 1418 5429 super
1460 5359 1546 5415 his
1586 5360 1896 5416 continebis
1947 5369 2032 5426 te,

2139 5271 2171 5338 ἡ
2179 5267 2296 5340 μῶν
2310 5270 2434 5322 συνέ
2442 5287 2506 5322 πε
2513 5286 2628 5324 σαν·
2646 5270 2741 5325 καὶ
2754 5269 2847 5323 ἐπὶ
2857 5271 2991 5324 πᾶσι
3007 5269 3209 5333 τούτοις
3239 5270 3489 5341 ἀνέσχον,
3508 5265 3683 5336 Κύριε,

2139 5361 2233 5414 καὶ
2250 5359 2587 5434 ἐσιώπησας·
2608 5362 2701 5416 καὶ
2729 5360 3101 5426 ἐταπείνωσας
3123 5361 3268 5432 ἡμᾶς
3295 5361 3404 5423 ἕως
3431 5359 3640 5429 σφόδρα.
3663 5373 3678 5405 ι

467 5439 724 5497 Domine:
758 5447 964 5502 tacebis
1005 5456 1059 5503 et
1097 5448 1300 5520 aﬂliges
1327 5466 1431 5508 nos
1452 5452 1798 5508 vehementer
1819 5452 1878 5505 ’ἵ
1915 5472 1934 5505 ι
1965 5481 2035 5491 --

2161 5483 2203 5492 —
2223 5473 2242 5504 ε
2265 5453 2544 5525 Ἐμφανὴς
2564 5452 2827 5526 ἐγενήθην
2848 5453 2960 5516 τοῖς
2983 5452 3085 5523 ἐμὲ
3113 5451 3187 5523 μὴ
3207 5450 3552 5522 ἐπερωτῶσιν
3568 5464 3582 5476 ⁸
3601 5446 3678 5496 εὑ-

471 5551 493 5588 (
530 5532 851 5594 Manifestus
875 5538 1052 5599 factus
1080 5558 1200 5600 sum
1225 5543 1293 5600 iis
1315 5544 1410 5616 qui
1431 5559 1542 5600 non
1569 5551 1695 5600 ante
1728 5546 2030 5615 interroga-

464 5626 596 5684 bant
621 5640 740 5682 me:
777 5627 1100 5688 invenerunt
1121 5636 1214 5703 qui
1238 5650 1346 5690 non
1378 5636 1712 5707 quaesierunt
1739 5653 1827 5692 me
1852 5655 1867 5693 :
1889 5637 2030 5692 dixi:

536 5782 553 5813 ³
590 5778 757 5835 Zach.
792 5793 885 5845 Ill,
917 5781 972 5837 4.
1047 5786 1067 5816 ³
1104 5784 1271 5841 lPett
1336 5804 1412 5856 ιι,
1441 5789 1530 5848 22.
1579 5794 1634 5874 -ν³
1675 5793 1776 5848 lsa.
1817 5804 1981 5859 ut",
2021 5792 2060 5846 il

2188 5791 2210 5824 ⁵
2246 5791 2386 5850 Phil.
2423 5808 2497 5863 ll,
2526 5794 2581 5853 9.

2139 5544 2300 5616 ρέθην
2345 5549 2456 5609 τοίς
2489 5544 2588 5617 ἐμὲ
2621 5544 2695 5617 μὴ
2725 5541 3006 5616 ζητοῦσιν·
3035 5538 3192 5597 εῐπα·
3233 5541 3361 5597 ’ἰδού
3400 5543 3511 5612 ειμι
3551 5536 3682 5590 ἐθνει

2133 5636 2183 5690 οἳ
2207 5637 2307 5691 οὐκ
2332 5636 2728 5692 ἐπεκαλέσαντό
2761 5655 2860 5710 μου
2893 5635 2955 5690 τὸ
2981 5636 3181 5708 ὄνομα·
3207 5635 3298 5688 ἐπὶ
3327 5633 3382 5687 δέ
3419 5631 3476 5685 σι
3498 5626 3689 5694 ἐξεπέσ-

2679 5860 2689 5871 .
2716 5810 2820 5854 asa.
2857 5811 3006 5864 ulv,
3043 5794 3224 5851 10—12.

3929 5623 3931 5677 Ι

3927 5717 3929 5773 l

3921 5807 3927 5868 ί

3921 5873 3925 5990 1

3921 5993 3923 6057 l
