4008 6208
361 322 496 380 1261

1446 340 1453 346 -
1545 304 1633 367 DE
1670 310 1854 367 VITIS
1890 304 2426 367 PBOPHETARUM.

3457 310 3594 365 {"262

355 454 499 493 τασα
522 434 618 498 τὰς
642 433 827 505 χεῖράς
851 439 950 504 μου
970 432 1099 504 ὃλην
1120 430 1220 503 τὴν
1245 430 1456 502 ἡμέραν
1479 430 1611 502 πρὸς
1632 430 1759 485 λαὸν
1780 430 1926 483 ἀπει-

2031 428 2167 484 Ecce
2208 444 2309 500 ego
2362 428 2428 483 ad
2472 434 2688 498 gentem
2719 442 2839 497 qua
2904 442 3012 481 non
3059 428 3344 485 invocabat
3393 445 3597 486 nomen

358 526 559 582 θοῦντα
579 525 672 578 καὶ
694 524 1058 591 ἀντιλέγοντα,
1076 521 1125 575 οῖ
1149 522 1247 574 οὐκ
1277 519 1649 591 ἐπορεύθησαν
1677 519 1779 589 ὀδῷ
1798 519 1927 588 ἀλη-

357 618 501 688 θινῇ,
518 617 632 670 ἀλλ’
651 616 825 669 ὀπίσω
847 615 953 667 τῶν
981 612 1261 685 ἁμαρτιῶν
1283 612 1482 665 αὐτῶν.
1512 631 1531 662 ι
1561 613 1669 664 Καὶ
1697 608 1928 662 ἐνταῦθα

355 706 826 782 προφητευθείσης
856 706 1116 777 πρότερον
1148 704 1246 775 τῆς
1270 703 1365 757 τοῦ
1394 702 1607 774 Ἰσραὴλ
1634 699 1924 769 ἀποϐολῆς,

356 803 487 873 ἐξῆς
512 799 834 870 σημαίνεται
858 798 1015 870 ἡτῶν
1044 797 1210 850 ἐθνῶν
1242 796 1439 867 ἐκλογὴ
1469 794 1556 848 διὰ
1575 793 1668 847 τοῦ
1692 792 1926 866 Χριστοῦ

354 893 623 964 γενομένη
646 909 660 922 ο
696 893 760 944 ὲκ
792 890 1078 963 προσώπου
1109 889 1311 960 γάρτοι
1341 888 1435 942 τοῦ
1462 887 1590 940 λαοῦ
1620 886 1783 956 εὐχὴν
1800 886 1927 937 ἀνα-

358 986 675 1057 πέμψαντος
708 982 800 1036 τοῦ
845 983 1145 1053 προφήτου,
1181 983 1209 1033 ὁ
1232 978 1292 1041 (f.
1327 978 1609 1049 61)Λόγος
1637 974 1925 1046 ἀποκρίνε-

355 1094 447 1133 ται
489 1077 584 1147 τὴν
619 1074 878 1145 σκληρίαν
906 1073 998 1126 καὶ
1024 1073 1086 1125 τὸ
1109 1072 1328 1134 ἀπειθὲς
1367 1068 1459 1123 τοῦ
1487 1070 1752 1140 προτέρου
1800 1064 1927 1119 λαοῦ

356 1169 667 1238 διελέγχων,
693 1168 787 1219 καὶ
814 1165 874 1217 τὸ
905 1163 1278 1236 φιλάνθρωπον
1303 1161 1366 1215 τὸ
1398 1160 1591 1215 ἑαυτοῦ
1634 1160 1922 1229 παριστάς.

361 1259 487 1322 Πῶς
514 1260 638 1329 γὰρ,
667 1257 819 1327 φησὶ,
847 1256 1019 1309 ταῦτά
1041 1272 1192 1326 φατε,
1211 1255 1286 1317 ὼς
1315 1254 1445 1325 ἐμοῦ
1480 1253 1615 1324 πρὸς
1646 1252 1705 1305 τὸ
1735 1250 1929 1314 σώζειν

362 1352 508 1421 ὑμᾶς
548 1347 859 1413 ὀκνοῦντος;
906 1348 1013 1400 Καὶ
1040 1346 1144 1417 μὴν
1182 1346 1408 1408 καὶτοῖς
1451 1344 1524 1416 μὴ
1555 1342 1929 1416 ὲπερωτήσασί

362 1458 453 1512 με,
492 1439 624 1511 μηδὲ
665 1439 961 1509 ζητήσασιν
1008 1437 1265 1508 ἐμφανῶς
1313 1436 1545 1506 ἐμαυτὸν
1590 1435 1925 1506 παρέστησα.

355 1533 468 1585 Καὶ
507 1532 572 1603 δὴ
602 1530 864 1601 πρόδηλον
893 1530 1038 1592 ὅπως
1068 1531 1096 1581 ὁ
1121 1527 1215 1581 τοῦ
1264 1527 1396 1579 Θεοῦ
1431 1526 1622 1593 Λόγος,
1652 1525 1713 1577 τὸ
1740 1525 1932 1596 πρότε-

362 1640 454 1695 ρον
480 1622 838 1693 ἀγνοούμενος
865 1623 975 1683 τοῖς
1000 1620 1226 1683 ἔθνεσιν,
1250 1619 1343 1671 ἐπὶ
1369 1617 1644 1687 συντελείᾳ
1671 1617 1778 1669 τῶν
1798 1616 1930 1670 αἰώ-

2030 537 2229 577 meum.
2268 520 2509 591 Expandi
2539 535 2735 575 manus
2774 533 2922 575 meas
2962 527 3073 574 tota
3100 519 3189 575 die
3218 521 3286 574 ad
3335 522 3601 593 populum

2030 613 2364 667 incredulum
2386 651 2401 676 ,
2432 612 2521 681 qui
2554 612 2799 682 graditur
2831 612 2883 666 in
2908 612 2993 667 via
3024 627 3133 667 non
3159 613 3300 667 bona
3342 624 3465 685 post
3506 630 3598 671 co-

2029 705 2316 775 gitationes
2347 720 2473 761 suas
2508 706 2547 761 ί.
2601 725 2620 757 ι
2654 704 2753 760 Hic
2782 721 2998 776 quoque
3047 706 3418 776 prophetizata
3446 709 3601 779 prius

2029 798 2189 853 Israel
2254 799 2637 868 reprobatione
2665 837 2680 863 ,
2730 799 2992 854 continuo
3037 800 3310 855 indicatur
3356 805 3598 872 gentium

2028 890 2218 945 electio
2245 905 2365 960 quae
2398 905 2495 960 per
2519 889 2795 946 Christum
2824 888 2965 944 facta
2992 897 3098 946 est.
3128 890 3170 943 E
3202 907 3432 962 persona
3455 896 3599 949 enim

2028 982 2212 1051 p0puli
2242 997 2429 1052 preces
2461 983 2738 1037 emittente
2762 982 3042 1053 propheta,
3083 984 3373 1053 respondet
3406 983 3597 1040 Sermo

2030 1071 2463 1127 incredulitatem
2498 1079 2553 1127 et
2574 1072 2923 1142 iniquitatem
2966 1073 3166 1142 prioris
3202 1075 3385 1145 populi
3421 1076 3599 1131 incre-

2030 1177 2186 1232 pans,
2220 1164 2602 1234 propriamque
2638 1167 2692 1217 in
2727 1179 2822 1220 eos
2859 1165 3244 1236 benignitatem
3277 1183 3600 1224 commemo-

2030 1269 2179 1310 rans.
2206 1254 2487 1321 Quomodo
2514 1257 2679 1321 enim,
2706 1260 2808 1320 ait,
2844 1258 2956 1312 haec
2981 1259 3184 1324 dicitis,
3215 1261 3371 1332 quasi
3392 1277 3477 1319 me
3512 1278 3602 1319 sa-

2032 1346 2197 1401 lutem
2222 1358 2457 1403 vestram
2500 1349 2841 1420 negligente?
2889 1349 3152 1421 Equidem
3194 1353 3441 1425 illis-qui
3489 1371 3598 1409 non

2033 1436 2439 1508 interrogabant
2498 1453 2583 1492 me
2630 1453 2732 1493 nec
2776 1440 3090 1509 quaerebant
3137 1441 3402 1512 meipsutn
3436 1444 3603 1496 mani-

2033 1529 2246 1585 festavi.
2281 1529 2423 1584 Sane
2471 1530 2636 1600 igitur
2695 1530 3039 1586 manifestum
3080 1532 3225 1603 quod
3257 1532 3348 1589 Dei
3412 1530 3599 1601 Filius,

2032 1622 2283 1690 gentibus
2309 1621 2437 1676 olim
2477 1622 2721 1691 ignotus,
2765 1622 2821 1676 in
2863 1626 3333 1681 consummatione
3373 1627 3603 1681 saaculo-

358 1732 464 1770 νων
498 1715 791 1786 ἀγαθότητι
825 1713 918 1766 καὶ
944 1710 1317 1783 φιλανθρωπίᾳ
1337 1710 1429 1763 τοῦ
1454 1707 1664 1779 Πατρὸς
1687 1708 1779 1760 καὶ
1795 1705 1928 1759 Θεοῦ

2034 1726 2177 1775 rum,
2210 1712 2541 1782 benignitate
2573 1720 2628 1766 et
2655 1712 3027 1769 benevolentia
3054 1714 3231 1771 Patris
3260 1715 3461 1785 Deique
3481 1733 3601 1773 om-

356 1807 464 1860 τῶν
498 1781 633 1860 ὅλων
662 1781 903 1877 ἐμφανὴς
949 1781 1414 1871 αὑτοῖςνέγενήθη,
1449 1799 1806 1871 μηδεπώποτε
1831 1799 1929 1850 αὐ-

2034 1803 2182 1856 nium
2226 1818 2429 1867 rerum,
2458 1803 2777 1860 manifestus
2803 1806 2884 1860 eis
2914 1804 3089 1861 faetus
3150 1813 3253 1870 est,
3317 1808 3410 1878 qui
3458 1822 3602 1862 nun-

355 1898 448 1950 τὸν
477 1898 542 1950 δι’
573 1899 640 1968 ἢν
674 1894 817 1968 εἶχον
857 1897 984 1966 περὶ
1008 1894 1078 1948 τά
1100 1894 1289 1947 εἴδωλα
1323 1893 1526 1961 πλάνην
1554 1891 1680 1962 περὶ
1713 1884 1786 1943 ὧν
1816 1891 1927 1943 ἐδέα-

353 2005 477 2043 οντο
515 1991 842 2060 ὲρωτήσασι,
875 1987 1068 2059 εὑρέθη
1111 2003 1167 2038 τε
1208 1987 1339 2056 ἡμῖν
1376 1986 1487 2047 τοῖς
1517 1983 1590 2054 μὴ
1633 1981 1928 2053 ζητήσασιν

354 2080 541 2145 αὑτὸν,
576 2080 711 2133 ἀλλά
734 2080 827 2133 καὶ
869 2079 941 2151 μὴ
967 2076 1446 2146 ἐπικαλεσαμένοις
1481 2073 1646 2128 αὐτοῦ
1674 2074 1735 2127 τὸ
1758 2074 1929 2144 ὄνομα

355 2172 781 2242 ἐνανθρωπήσας
805 2171 1155 2242 ἀπεκρίνατο,
1181 2168 1461 2240 μονονουχὶ
1486 2167 1625 2238 βοῶν
1652 2167 1712 2219 τό
1732 2185 1776 2217 ⁸(
1800 2166 1929 2219 Ἰδοὺ

355 2263 610 2333 πάρειμι.
644 2280 662 2313 ι
702 2260 883 2313 Ταῦτα
912 2261 1010 2330 μὲν
1041 2255 1132 2312 οὖν
1160 2258 1286 2328 περὶ
1326 2257 1427 2327 τῆς
1462 2256 1572 2309 τῶν
1607 2256 1771 2309 ὲθνῶν
1800 2254 1931 2327 κλή-

357 2370 499 2416 σεως
543 2351 725 2421 σαφῶς
754 2355 783 2405 ὁ
819 2351 974 2420 λόγος
1004 2348 1351 2422 προφητεύειο
1377 2348 1503 2419 ἑξῆς
1535 2348 1592 2401 δὲ
1623 2343 1778 2412 αὖθις
1805 2348 1931 2400 δυσ-

356 2443 761 2516 ωπητικώτατα
793 2444 927 2515 πρὸς
973 2443 1062 2495 τὸν
1099 2441 1206 2494 τῶν
1245 2440 1512 2493 Ἰουδαίων
1541 2439 1701 2507 λόγον
1742 2439 1930 2507 ἐπιφέ-

361 2552 446 2607 ρει
497 2534 667 2603 λέγων
689 2552 701 2564 ·
740 2554 757 2586 ι
781 2534 902 2588 Ἐπὶ
929 2534 985 2587 δὲ
1015 2533 1071 2586 σὲ
1098 2532 1399 2599 ἐξεπέτασα
1433 2530 1530 2594 τὰς
1570 2529 1756 2601 χεῖράς
1806 2547 1926 2600 μου,

358 2626 497 2698 πρὸς
531 2626 656 2679 λαὸν
688 2626 1012 2679 ἀπειθοῦντα
1034 2626 1128 2679 καὶ
1152 2624 1520 2692 ἀντιλέγοντα.
1561 2641 1579 2674 ι
1609 2621 1839 2677 Δύναταί
1867 2638 1929 2690 γε

360 2716 469 2787 μὴν
500 2715 587 2769 διὰ
620 2716 819 2769 τούτων
852 2718 943 2769 ml.
970 2717 1029 2770 τὸ
1065 2717 1249 2787 σχῆμα
1274 2714 1365 2769 τοῦ
1394 2714 1533 2769 κατά
1576 2714 1667 2767 τὸν
1701 2713 1931 2785 σταυρὸν

356 2806 566 2870 πάθους
593 2809 759 2862 αὑτοῦ
788 2807 1169 2879 σημαίνεσθαι.

429 2902 680 2954 Τοσαῦτα
702 2904 796 2955 καὶ
814 2901 885 2953 τὰ
905 2901 1011 2953 ἀπὸ
1033 2898 1123 2952 τοῦ
1143 2900 1363 2952 Ἡσαΐου
1389 2916 1399 2926 ’
1418 2896 1580 2951 Ἀλλά
1606 2896 1714 2969 γὰρ
1740 2899 1795 2951 ἐν
1813 2896 1935 2950 τέτ-

357 3012 517 3067 ταρσι
547 2995 640 3047 καὶ
665 2994 762 3065 τὴν
777 2993 883 3046 τῶν
898 2991 1187 3061 Eae/101167
1212 2990 1466 3044 ὑπόθεσιν
1489 2992 1546 3041 ἐν
1574 2987 1649 3058 τῷ
1670 2989 1767 3059 τῆς
1787 2991 1935 3041 Καθ-

357 3089 509 3141 όλου
541 3084 957 3155 στοιχειώδους
997 3080 1329 3152 εἱσαγωγνῆς
1378 3080 1551 3150 ἐνάτῳ
1600 3078 1774 3148 τούτῳ
1803 3094 1933 3169 συγ-
1962 3112 2003 3169 C

359 3179 649 3250 γράμματι
673 3176 1127 3249 περιγράψαντες,
1145 3174 1200 3227 ὲν
1224 3172 1301 3243 τῷ
1321 3171 1530 3241 δεκάτῳ
1554 3172 1666 3233 τοῖς
1695 3169 1802 3221 ἀπὸ
1822 3168 1931 3221 τῶν

359 3271 541 3325 ἀθέων
568 3270 830 3342 αἱρέσεων
859 3269 949 3322 τὸν
981 3265 1236 3337 λογισμὸν
1262 3260 1799 3332 καταϐεϐλαμμένοις
1819 3258 1933 3312 ἐτέ-

361 3378 465 3434 ραν
491 3362 862 3434 ἁρμόττουσαν
896 3360 1079 3429 ἔφοδον
1111 3359 1407 3430 παρασχεῖν
1443 3350 1835 3425 πειρασόμεθα.

2029 1910 2190 1967 quam
2241 1896 2706 1966 interrogaveram
2747 1911 2869 1951 eum
2899 1897 3026 1951 dum
3076 1897 3343 1952 idolorum
3378 1913 3602 1954 suorum

2028 1986 2309 2042 erroribus
2338 1987 2504 2042 vincti
2540 1992 2755 2054 essent;
2793 1986 3162 2059 inventusque
3185 1988 3345 2044 nobis
3373 1996 3477 2051 est,
3508 1990 3601 2059 qui

2030 2094 2137 2132 non
2178 2079 2571 2149 quaesieramus
2624 2092 2746 2132 eum
2772 2118 2788 2143 ,
2843 2078 2938 2134 sed
2970 2087 3025 2134 et
3065 2095 3175 2135 non
3224 2079 3606 2136 invocantibus

2031 2178 2227 2225 nomen
2265 2170 2385 2240 ejus
2416 2171 2731 2225 incarnatus
2761 2171 3076 2240 respondit,
3109 2172 3488 2227 tantummodo
3507 2188 3605 2225 ex-

2030 2262 2308 2318 clamans:
2347 2281 2365 2312 ι
2406 2262 2544 2318 Ecce
2603 2261 2815 2318 adsum.
2855 2283 2874 2316 ι
2911 2261 3037 2318 Haec
3074 2264 3241 2335 igitur
3263 2264 3331 2319 de
3361 2263 3601 2335 gentium

2030 2356 2314 2411 vocatione
2364 2355 2651 2412 manifeste
2711 2355 2993 2426 Scriptura
3049 2358 3409 2429 prophetizat.
3466 2354 3601 2412 Dein

2030 2448 2293 2503 acerrime
2317 2447 2608 2503 confutatis
2650 2446 2959 2503 Judaaorum
3006 2449 3218 2516 verbis,
3269 2448 3487 2519 subjicit
3521 2448 3602 2504 di-

2030 2553 2199 2593 cens:
2244 2554 2263 2588 ι
2304 2536 2545 2607 Expandi
2589 2553 2782 2594 manus
2836 2548 2985 2595 meas
3026 2539 3093 2594 ad
3122 2541 3209 2605 te,
3249 2539 3317 2594 ad
3344 2542 3599 2611 populum

2032 2628 2367 2683 incredulum
2395 2636 2450 2683 et
2486 2630 2886 2686 adversantem.
2923 2649 2942 2682 ι
2978 2630 3160 2686 Potest
3205 2631 3339 2686 illud
3384 2647 3602 2703 quoque

2033 2718 2100 2774 de
2118 2721 2372 2790 passione
2401 2734 2464 2774 ac
2492 2736 2657 2776 cruce
2685 2722 2804 2792 ejus
2826 2723 3069 2793 intelligi.

2107 2897 2232 2954 Haec
2266 2907 2394 2954 sunt
2443 2916 2565 2971 quae.
2612 2900 2681 2955 ab
2712 2900 2851 2954 lsaia
2873 2910 3162 2970 excerpere
3197 2899 3373 2955 libuit.
3399 2898 3602 2954 Verum

2037 2991 2338 3055 enimvero,
2364 2994 2431 3045 in
2464 2992 2568 3047 hoc
2596 3008 2742 3048 nono
2767 2990 3036 3046 Generalia
3056 2992 3406 3047 elementariw
3435 2992 3604 3045 intro-

2036 3081 2298 3136 ductionis
2350 3083 2492 3139 libro
2525 3083 2625 3154 (ι),
2660 3084 2821 3139 ﬁnem
2850 3082 3084 3153 Eclogis,
3138 3099 3275 3155 quas
3314 3085 3370 3138 in
3407 3082 3512 3139 hoc
3550 3090 3603 3137 et

2038 3173 2211 3228 tribus
2238 3176 2670 3243 praecedentibus
2704 3178 3024 3243 evolvimus,
3049 3178 3411 3248 imponentes,
3454 3176 3599 3231 aliud

2037 3262 2522 3321 demonstrationis
2552 3283 2743 3337 genus.
2766 3269 2874 3324 illis
2900 3270 3226 3325 conveniens
3257 3268 3350 3340 qui
3374 3269 3602 3323 rationis

2038 3352 2503 3421 perturbationem
2536 3357 2605 3412 ab
2631 3358 2814 3429 impiis
2844 3360 3143 3416 haeresibus
3188 3362 3517 3425 sustinuere,
3546 3361 3602 3415 in

360 3452 469 3510 hoc
517 3455 728 3510 decimo
757 3456 919 3520 libro,
955 3459 1220 3524 quantum
1260 3454 1317 3506 in
1347 3448 1509 3505 nobis
1538 3447 1664 3512 erit,
1698 3443 2109 3516 usurpabimus.

439 3590 457 3621 ¹
497 3588 599 3646 lsa.
636 3607 762 3655 va,
796 3592 863 3660 Ι,
893 3593 931 3646 2

452 3719 499 3783 ι)
524 3720 641 3770 inde
666 3722 960 3771 concludere
985 3726 1062 3783 est
1091 3717 1287 3783 Eclogas
1306 3714 1607 3783 propheticus
1632 3717 1892 3783 excerptas
1909 3723 2028 3783 esse
2052 3722 2117 3783 eg
2148 3720 2310 3783 opere
2343 3708 2610 3783 grandiori,
2628 3708 3072 3783 _nupg_deperdjto.
3095 3711 3178 3783 cui
3216 3712 3602 3783 titulus_;_cene-

363 3770 811 3835 raiis'elementaria
836 3780 1150 3832 Introductio.
1176 3770 1334 3841 Hujus
1358 3770 1506 3842 pauca
1531 3770 1805 3839 fragmenta
1826 3774 1965 3823 dedit
1989 3770 2247 3823 cardinalis
2271 3770 2364 3820 Mai
2391 3772 2534 3833 (infra
2566 3773 2658 3820 col.
2702 3771 2842 3835 1271)
2857 3770 2876 3834 ξ
2911 3775 2994 3835 qui
3023 3770 3309 3838 Eclogarum
3334 3772 3602 3823 editionem

366 3844 980 3910 Oxoniensemiguoravit.
1005 3845 1136 3894 Enn.
1173 3842 1323 3892 Pun.

368 3968 797 3991 *-

770 3968 1326 4168 ΕΠΒΕΒΠ
1408 4044 1587 4157 DE
1669 4044 1923 4159 VlT

2031 4041 2064 4151 Ξ
2141 4041 3193 4159 PROPHETARUM

1628 4212 2373 4308 FRAGMENTA.

367 4439 453 4498 Ea:
483 4440 803 4510 Pra'lattqne
830 4431 1056 4510 Joannis
1094 4433 1439 4510 Curterii_ad_
1460 4430 1527 4510 D_.
1572 4428 1847 4510 Joannem
1879 4427 2332 4510 Rupifucaldiam,
2369 4430 2596 4510 Majoris
2647 4431 2955 4510 Ilonastegii
2986 4433 3244 4510 abbatem,
3269 4436 3605 4510 in__Pr0c0pii

436 4498 682 4580 sophista:
706 4507 995 4580 Christiani
1023 4507 1285 4580 variarum
1322 4505 1386 4580 iri
1407 4503 1613 4580 _lsat'am
1637 4498 1939 4569 prophetam
1968 4498 2481 4557 Gemmentationuni
2505 4504 2747 4573 epitome.
2778 4534 2849 4545 --
2883 4505 3129 4572 Parisiis,
3159 4498 3299 4577 apud
3320 4498 3599 4566 Nicolanm

434 4574 759 4642 Cliesneau,
781 4578 938 4641 1580,
973 4577 1174 4640 in-fol.,
1206 4590 1326 4645 pag.
1357 4574 1426 4627 24
1464 4589 1569 4641 seq.
1615 4589 1627 4624 :

438 4712 453 4726 .
497 4713 510 4726 .
556 4713 568 4725 .
600 4690 620 4723 ι
653 4670 836 4742 Adjeci
869 4677 1126 4742 przeterca
1159 4675 1211 4723 et
1239 4668 1625 4742 prophetarum
1652 4664 1893 4719 omnium
1925 4662 2090 4742 Vitas,
2116 4681 2423 4742 quas,_cum
2451 4670 2725 4742 nonnullis
2759 4670 2899 4742 aliis.
2936 4670 3167 4728 Eusebio
3187 4673 3473 4742 ascriptas,
3509 4674 3603 4727 ha-

368 4743 529 4799 bebat
555 4751 709 4814 vetus
733 4733 996 4814 Μαι-(ξιιιηὶ
1027 4738 1192 4793 codex
1220 4733 1466 4814 {partim
1499 4737 1714 4807 quidem
1765 4741 1827 4814 uti
1859 4749 1934 4814 ex.
1952 4733 2254 4814 fragmento
2280 4738 2541 4793 haberent
2578 4733 3075 4814 ecclesiasticorum
3109 4733 3435 4812 scriptorum
3459 4733 3601 4796 ἐιυ-

365 4815 505 4869 όὶοεὶ
537 4811 679 4866 unde
706 4826 845 4883 opus
878 4811 1079 4879 ipsum,
1118 4823 1181 4862 ex
1207 4824 1314 4883 quo
1347 4807 1679 4878 depromptae.
1710 4813 1857 4883 sunt,
1890 4807 2187 4883 siquando
2226 4810 2280 4862 in
2317 4824 2505 4883 eorum
2551 4825 2746 4865 manus
2789 4812 3014 4873 incidat,
3049 4807 3308 4881 tanquam
3357 4814 3600 4881 ἀναγνωο

370 4883 507 4955 ρίσει
533 4884 680 4955 justa
714 4877 1016 4951 probat—um,
1051 4879 1266 4955 parenti
1296 4893 1397 4931 suo
1418 4877 1495 4933 iet
1546 4877 1780 4955 posteris
1826 4877 2179 4955 restituerent
2208 4898 2221 4932 :
2247 4879 2449 4955 partim
2488 4894 2637 4945 vero,
2667 4890 2725 4935 ut
2756 4896 2875 4955 qua;
2906 4890 3092 4937 tantus
3130 4877 3325 4955 auctor
3362 4883 3430 4937 de
3472 4877 3603 4955 pro—

365 4945 551 5035 filictis
574 4945 904 5016 adnotasset,
930 4945 1195 5019 tantisper
1227 4955 1523 5010 exstarent,
1547 4945 1697 5001 'dum
1741 4945 1795 4999 in
1839 4946 2014 5000 lucem
2050 4945 2367 5005 melioribus
2413 4950 2599 5005 forsan
2644 4945 2903 5022 auspiciis
2943 4967 3080 5023 opus
3129 4952 3309 5022 ipsum
3361 4945 3602 5022 prodiret

368 5025 658 5097 integrum.
693 5041 713 5075 ι

896 5222 1470 5314 EUSEBIUS
1543 5221 1689 5309 DE
1762 5220 2095 5312 VITIS
2166 5219 3099 5313 PBOPHETABUM.

384 5466 474 5522 Εκ
505 5465 621 5521 τῶν
675 5462 966 5518 Εὑσεόἰου
1017 5459 1122 5514 τοῦ
1164 5459 1477 5527 Παμφίλου
1508 5456 1640 5527 περὶ
1674 5455 1787 5526 τῆς
1815 5456 1921 5512 τοῦ

2031 5453 2074 5510 Ε
2101 5452 2309 5527 scriptis
2360 5450 2588 5527 Eusebii
2624 5449 2701 5527 de
2732 5449 3452 5527 propheticorumjibrorttm
3502 5465 3591 5519 api

430 5538 670 5603 ,ϐιϐλίου
705 5534 823 5587 τῶν
846 5530 1161 5601 προφητῶν
1175 5528 1499 5599 ὀνομασίας
1557 5528 1655 5582 καί
1686 5528 1804 5583 ἀπὸ
1820 5527 1925 5597 μέ-

429 5626 578 5677 ρους
605 5607 662 5660 ti
690 5603 942 5671 περιέχει
970 5603 1242 5665 ἕκαστος.

992 5687 1187 5754 ΩΣΗΕ,
1210 5692 1289 5743 A’.

435 5788 688 5856 Γεγόνασι
716 5784 811 5855 μὶν
839 5784 931 5839 καὶ
973 5784 1079 5853 πρὸ
1133 5783 1322 5837 τούτου
1357 5784 1669 5855 προφῆται·
1702 5781 1794 5835 ἐπὶ
1821 5778 1921 5852 μὲν

2098 5525 2464 5595 pellationibus
2494 5531 2545 5579 et
2576 5521 2701 5595 quid
2730 5520 3037 5579 summatim
3093 5520 3307 5594 quisque
3370 5528 3597 5589 compte:

2100 5605 2294 5653 ctatur.

2680 5682 2874 5741 OSEE.
2906 5681 2949 5738 Ι.

2101 5776 2344 5835 Fuerunt
2367 5792 2495 5833 vero
2540 5783 2595 5833 et
2640 5784 2766 5834 ante
2806 5726 2970 5833 istum
2996 5773 3269 5844 prouhetae
3300 5792 3313 5828 :
3355 5770 3457 5828 sub
3489 5768 3591 5834 [ἔδει
