4008 6208
436 273 576 332 1265

1169 269 1437 326 EUSEBll
1473 266 1949 326 CESABIFJVSIS
1985 266 2137 327 OPP.
2174 267 2357 324 PARS
2397 267 2483 323 Ill.
2523 300 2592 317 -ν
2626 267 3037 328 EXEGETICA.

3547 283 3684 337 ηιμ

434 394 560 449 Vide
611 389 829 460 quidem
879 387 1117 443 Samuel.
1159 383 1395 450 Natban,
1428 385 1582 454 Gad;
1625 387 1726 442 sub
1765 384 2006 440 Roboam

2121 385 2199 440 τοῦ
2234 385 2415 450 Δαυῖδ,
2448 385 2802 458 Σαμουὴλκαὶ¹
2833 387 3040 452 Νάθαν,
3079 387 3173 442 καὶ
3209 387 3314 442 Γάδ
3339 407 3354 420 ο
3391 390 3489 445 ἐπὶ
3515 391 3574 448 δὲ
3597 392 3684 452 τοῦ

432 500 566 543 vero
607 494 660 540 et
707 483 841 538 Abia
874 488 928 536 et
973 481 1101 544 Asa,
1151 479 1353 536 Achias
1403 480 1693 544 Silonites,
1745 479 2015 539 Samaias.

437 577 631 642 Addo,
668 576 929 638 Azarias,
982 573 1202 639 Ariani;
1261 573 1364 630 sub
1407 571 1672 644 Josapbat
1728 581 1909 628 autem
1964 582 2019 628 et

438 669 645 734 Achab,
679 666 848 734 Elias,
887 665 1135 732 Elisaaus,
1180 674 1235 721 et
1275 665 1368 736 qui
1421 666 1707 722 victoriam
1748 666 1816 722 de
1867 664 2018 737 Syris

440 760 662 815 Achabo
713 759 984 830 pradixit,
1023 759 1226 830 quique
1269 758 1373 818 sibi
1420 758 1522 829 ipsi
1563 760 1762 814 vulnus
1802 757 2014 824 inﬁixit,

439 859 494 907 et
522 852 616 923 qui
647 851 930 908 Achabum
961 850 1331 922 reprehendit,
1361 859 1416 905 et
1460 849 1598 905 Jehu
1643 851 1786 906 ﬁlius
1818 850 2015 915 Anani,

449 951 507 1000 et
536 942 685 1000 Oziel
720 953 775 1000 et
813 942 1040 998 Eliada:
1081 957 1314 1012 quorum
1356 941 1506 997 nulla
1543 950 1759 999 exstant
1800 945 2017 1013 propria

442 1035 665 1105 scripta,
695 1031 792 1089 sed
830 1047 1113 1089 sermones
1147 1040 1358 1092 tantum
1404 1033 1672 1097 nonnulli,
1705 1033 1799 1103 qui
1825 1033 1880 1088 in
1909 1031 2016 1088 Re-

439 1143 567 1199 gum
615 1136 668 1182 et
719 1125 1173 1198 Paralipomenon
1234 1124 1479 1181 historiis
1540 1126 1810 1195 leguntur.
1871 1123 2014 1180 Inter

441 1236 536 1277 eos
568 1228 772 1285 autem,
803 1219 897 1290 qui
925 1219 1120 1275 litteris
1147 1217 1472 1273 mandarunt
1498 1216 1724 1288 aliquid,
1756 1231 2014 1287 quorum-

440 1330 546 1384 que
579 1313 782 1383 scripta
806 1320 1042 1376 exstant,
1071 1311 1230 1382 primi
1260 1319 1389 1365 sunt
1418 1307 1558 1364 Osce
1584 1319 1639 1364 et
1677 1309 1865 1364 lsaias.
1899 1308 2011 1365 Sub

439 1403 634 1460 iisdem
660 1403 806 1458 enim
833 1399 986 1456 Judaa
1015 1401 1235 1471 regibus
1264 1397 1417 1464 Ozia,
1451 1397 1722 1464 Joatham,
1752 1398 1931 1454 Achas
1960 1409 2012 1453 ct

441 1497 736 1562 Ezechias;
766 1495 872 1552 sub
910 1493 1232 1549 Hieroboam
1263 1492 1424 1548 etiam
1471 1489 1598 1545 Joas
1643 1492 1771 1555 ﬁlio,
1803 1492 1894 1560 qui
1924 1507 2011 1548 rc-

440 1590 626 1662 gnavit
675 1589 731 1643 in
778 1586 966 1652 lsrael,
1019 1585 1430 1658 prophetarunt.
1472 1581 1671 1638 Factus
1717 1591 1800 1639 est
1833 1594 2010 1639 autem

440 1694 621 1736 sermo
651 1678 862 1735 Domini
893 1678 961 1734 ad
988 1693 1133 1740 eum,
1167 1684 1221 1732 et
1248 1676 1574 1730 vaticinatus
1603 1683 1688 1729 est
1733 1675 1788 1728 in
1825 1690 2009 1731 sacer-

2131 477 2364 549 Ῥοϐοάμ
2413 478 2506 532 καὶ
2540 477 2692 532 Ἀϐιά
2720 481 2812 533 καὶ
2878 480 3026 543 Ἀσά,
3080 480 3264 550 Ἀχίας
3294 483 3324 535 ὁ
3363 484 3684 560 Σελωνίτης,

2118 569 2212 622 καὶ
2240 570 2505 638 Σαμαῖας,
2540 571 2636 623 καὶ⁹
2669 564 2853 635 Ἀδδὼ,
2875 571 2967 624 καὶ
3000 569 3274 641 Ἀζαρίας.
3305 575 3402 629 καὶ¹
3451 577 3683 634 Ἀνανεί·

2116 661 2206 714 ἐπὶ
2255 661 2311 714 δὲ
2362 661 2454 714 τοῦ
2518 661 2780 731 Ἰωσαφὰθ
2832 663 2925 716 καὶ
2961 663 3054 716 τοῦ
3108 665 3331 735 Ἀχαᾶὃ,
3379 669 3569 735 Ἠλίας
3596 673 3684 728 καὶ

2128 753 2406 817 Ἐλισαῖος,
2440 754 2532 807 καὶ
2580 755 2610 806 ὁ
2650 755 3031 826 προφητεύσας
3063 757 3140 828 τῷ
3195 758 3404 830 Ἀχαὰϐ
3439 765 3682 838 περὶτῆς

2115 845 2332 916 Συρίας,
2361 846 2454 899 καὶ
2481 848 2508 899 6
2533 844 2773 910 πατάξας
2802 848 2992 902 ἑαυτὸν
3012 849 3306 921 τραύματι,
3345 855 3441 908 καὶ
3463 855 3678 926 ἐλέγξας

2112 937 2204 990 τὸν
2238 937 2459 1008 Ἀχαὰϐ,
2492 940 2586 991 καὶ
2621 939 2720 992 Ἰοὺ
2750 942 2778 992 ό
2802 940 2895 994 τοῦ
2925 941 3096 1012 Ἀμεὶ,
3139 941 3290 1016 [nota
3330 946 3386 1001 in
3417 951 3675 1020 margine,

2126 1027 2326 1100 Ἀνανὶ]
2362 1030 2456 1082 καὶ
2515 1029 2718 1101 Ὀζιὴλ,
2761 1029 2855 1084 καὶ
2896 1031 3140 1086 Ἐλιαδά·
3191 1034 3307 1088 ἀλλ’
3350 1039 3414 1090 ού
3460 1041 3674 1111 φέρεται

2116 1119 2317 1173 τούτων
2372 1119 2477 1173 ἴδια
2531 1120 2936 1193 συγγράμματα
2961 1139 2975 1152 ’
3019 1125 3067 1176 εί
3105 1125 3179 1196 μὴ
3227 1129 3388 1197 μόνον
3442 1132 3489 1183 οἱ
3533 1132 3672 1204 λόγοι

2116 1211 2294 1264 αὐτῶν
2344 1214 2402 1265 ὲν
2449 1214 2569 1274 ταῖς
2614 1211 2916 1278 Βασιλείαις
2963 1215 3055 1268 καὶ
3111 1219 3231 1280 ταῖς
3269 1219 3673 1296 Παραλειπομέ..

2111 1318 2249 1364 ναις.
2292 1301 2380 1353 Ἐν
2410 1300 2466 1353 δὲ
2498 1304 2612 1364 τοῖς
2659 1303 3056 1376 συγγράψασιν,
3080 1297 3153 1358 ὧν
3184 1307 3278 1359 καὶ
3303 1309 3370 1362 τά
3399 1315 3672 1386 συγγράμο

2115 1411 2259 1464 ματα
2307 1394 2551 1465 φέρεται,
2584 1393 2788 1464 πρῶτοι
2830 1395 3114 1464 γεγόνασιν
3163 1392 3326 1453 οὗτοιο
3379 1403 3526 1474 Ὠσηὲ
3569 1407 3659 1461 καὶ

2124 1485 2372 1548 Ἡσαΐας.
2439 1486 2560 1538 Ἐπὶ
2611 1485 2719 1554 γὰρ
2757 1485 2865 1538 τῶν
2909 1487 3089 1541 αὐτῶν
3143 1488 3408 1559 βασιλέων,
3448 1495 3546 1548 τῶν
3592 1513 3652 1550 τε

2124 1576 2291 1630 Ἰούδα
2320 1576 2516 1641 Ὀζίου,
2549 1579 2643 1631 καὶ
2681 1576 2940 1649 Ἱωάθαμ,
2972 1580 3264 1651 καὶἈχάς,
3291 1584 3382 1636 καὶ
3416 1583 3653 1656 Ἑζηκίου

2115 1668 2376 1739 βασιλέων
2437 1669 2638 1734 Ἰούδα,
2689 1672 2782 1725 καὶ
2833 1673 2891 1726 ὲν
2935 1673 3172 1745 ἡμέραις
3237 1675 3512 1750 Ἰεροὸοάμ
3559 1680 3666 1735 υἱοῦ

439 1772 618 1834 dotes,
667 1772 720 1825 in
771 1769 958 1846 Israel,
1003 1771 1056 1822 in
1115 1767 1334 1822 domum
1376 1768 1543 1838 regis,
1571 1765 1745 1837 deque
1792 1767 2010 1823 interitu

2125 1760 2272 1824 Ἰώας
2305 1760 2565 1831 βασιλέως
2623 1761 2834 1834 Ἰσραὴλ
2880 1764 3312 1836 ἐπροφήτευσαν.
3355 1768 3594 1838 Ἐγένετο
3617 1771 3672 1826 δὲ

441 1861 721 1918 Samaria.
785 1859 1080 1930 Postquam
1135 1858 1302 1914 etiam
1365 1857 1785 1927 reprehensione
1846 1875 2010 1923 usus,

439 1971 731 2014 mansuros
779 1953 1087 2010 incredulos
1117 1967 1242 2008 esse
1288 1952 1586 2018 conclusit;
1623 1950 1918 2008 Ecclesiam
1948 1952 2014 2008 de

437 2049 692 2122 gentibus
720 2062 786 2104 eo
812 2055 1062 2102 coactum
1096 2045 1162 2100 iri
1201 2043 1564 2114 signiﬁcavit,
1591 2045 1736 2114 quod
1775 2054 2013 2099 scortum

362 2169 380 2190 κ
439 2144 544 2202 sibi
577 2143 633 2197 in
675 2155 900 2196 uxorem
944 2138 1259 2209 assumpsit,
1291 2152 1456 2208 quam
1487 2137 1555 2192 ad
1585 2137 1709 2192 vita:
1752 2136 2015 2192 sobrieta-

437 2241 550 2291 tem
574 2234 984 2302 castitatemque
1013 2228 1304 2286 revocavit.
1331 2226 1670 2285 Vaticinatus
1695 2243 1824 2285 vero
1851 2229 2013 2284 etiam

439 2329 621 2388 estde
653 2325 952 2382 Salvatoris
986 2323 1245 2379 adventu.

1061 2591 1270 2661 AMOS,
1306 2593 1397 2654 Ill.

516 2711 661 2768 Vixit
709 2720 763 2769 et
819 2712 910 2768 hic
956 2712 1146 2768 eodem
1195 2720 1465 2782 tempore,
1520 2711 1614 2768 sed
1659 2709 1847 2774 initio,
1891 2723 2016 2763 cum

442 2806 582 2864 Osee
627 2813 683 2860 et
743 2805 916 2870 Isaia,
961 2803 1090 2861 Ozia
1151 2804 1304 2861 Judae
1355 2814 1411 2860 et
1462 2803 1786 2860 Hieroboam
1831 2800 2014 2857 lsraeli

443 2895 870 2969 imperantibus,
910 2903 1035 2950 ante
1062 2895 1200 2952 duos
1234 2910 1410 2950 annos
1447 2902 1606 2949 terra:
1638 2903 1833 2949 motus.
1867 2891 2015 2948 Vidit

443 3000 622 3045 autem
657 3002 959 3053 sermones,
991 2995 1045 3042 et
1072 2986 1405 3041 vaticinatur
1452 2985 1714 3042 adversus
1759 2984 2015 3040 Hierusa-

441 3082 590 3147 lem,
647 3081 906 3137 adversus
959 3079 1210 3136 lsraelem
1257 3089 1314 3134 et
1361 3077 1702 3144 Samariam,
1754 3078 2014 3135 adversus

445 3184 632 3246 gentes
679 3175 866 3240 etiam,
916 3174 1259 3239 Damascum,
1295 3170 1516 3237 Gazam,
1567 3173 1822 3236 Ascalon,
1876 3170 2015 3226 Azo-

443 3277 580 3334 tum,
630 3270 898 3332 Accaron,
942 3266 1165 3340 Tyrum,
1199 3265 1508 3330 ldumaaam,
1561 3265 1838 3329 Tbaaman,
1880 3266 2018 3322 ﬁlios

441 3361 709 3425 Ammon,
755 3367 810 3416 et
855 3359 1045 3425 Moab;
1079 3373 1216 3430 quos
1263 3373 1452 3414 omnes
1493 3372 1522 3411 a
1554 3373 1615 3414 se
1660 3357 2019 3430 reprehensos

443 3450 690 3510 inﬁdeles
717 3466 839 3508 esse
867 3450 1162 3506 concludit.
1197 3449 1384 3520 Neque
1413 3466 1562 3516 vero,
1607 3465 1732 3506 cum
1768 3457 1914 3507 esset
1951 3451 2020 3507 ab

444 3543 667 3598 Amazia
701 3542 982 3599 sacerdote
1016 3543 1202 3600 Betbel
1245 3543 1457 3599 delatus
1504 3541 1646 3614 apud
1673 3558 1852 3614 regem
1892 3542 2020 3599 Hie-

446 3633 693 3700 roboam,
721 3641 978 3704 tanquam
999 3634 1094 3708 qui
1123 3633 1387 3690 adversus
1412 3631 1713 3688 Samariam
1739 3632 2020 3704 p0pulum-

447 3742 554 3798 que
595 3725 822 3791 faceret,
876 3725 994 3796 ipse
1041 3724 1336 3796 quidquam
1387 3723 1454 3779 de
1503 3722 1720 3779 dicendi
1771 3723 2020 3779 libertate

445 3818 694 3884 remisit,
740 3817 833 3873 sed
876 3817 1162 3872 vaticinari
1209 3831 1440 3888 pergens
1483 3814 1551 3870 de
1590 3813 1888 3872 Salvatoris
1917 3813 2016 3868 ad-

445 3919 610 3968 ventu
643 3911 858 3967 locutus
881 3918 984 3966 est.

986 4109 1337 4177 MICHEAS,
1368 4110 1457 4172 VL

521 4224 807 4283 Secundus
839 4225 929 4281 hic
964 4226 1183 4297 quidem
1221 4241 1252 4280 a
1305 4225 1680 4298 superioribus
1720 4227 1844 4294 fuit,
1885 4243 2021 4299 quo-

446 4319 594 4375 niam
641 4333 763 4392 post
807 4318 952 4376 Ozias
997 4327 1240 4390 tempora
1275 4320 1602 4376 vaticinatus
1634 4328 1719 4377 est
1749 4338 1765 4376 :
1795 4320 1891 4378 sed
1929 4336 2021 4377 ea-

2114 1853 2266 1921 λόγος
2297 1853 2431 1924 πρὸς
2460 1853 2621 1907 αὐτὸν
2668 1854 2763 1908 καὶ
2789 1856 3120 1928 προφητεύει
3143 1851 3296 1924 οὗτος
3335 1861 3430 1914 ἐπὶ
3469 1863 3586 1926 τοὺς
3607 1866 3675 1918 ἱε-

2117 1945 2264 2016 ρέας,
2304 1946 2396 1997 καὶ
2428 1946 2519 1997 ἐπὶ
2542 1946 2634 1999 τὸν
2676 1945 2909 2018 Ἰσραὴλ,
2941 1949 3034 2002 καὶ
3057 1951 3149 2002 ἐπὶ
3175 1951 3266 2004 τδν
3295 1947 3446 2007 οἶκον
3473 1955 3562 2008 τοῦ
3584 1955 3675 2026 βα-

2116 2037 2325 2100 σιλέως,
2362 2038 2610 2110 καὶπερὶ
2645 2039 2743 2110 τῆς
2772 2039 3046 2104 ἀπωλείας
3084 2043 3184 2112 τῆς
3217 2043 3557 2116 Σαμαρείας·
3588 2048 3679 2102 καὶ

2115 2130 2354 2198 ἐλέγξας,
2379 2132 2472 2184 καὶ
2508 2130 2833 2200 συγκλείσας
2858 2133 3054 2197 αὐτοὺς
3077 2136 3153 2198 εἰς
3174 2135 3449 2202 ἀπειθίαν,
3505 2137 3686 2210 σημαί-

2115 2241 2192 2276 νει
2230 2224 2328 2294 τὴν
2363 2222 2422 2290 ἐξ
2459 2223 2629 2279 ὲθνῶν
2681 2225 3030 2296 Ἐκκλησίαν,
3063 2227 3130 2280 δι’
3162 2221 3236 2282 ὧν
3273 2229 3435 2285 ἔλαϐε
3491 2232 3689 2307 πόρνην

2115 2318 2368 2381 γυναῖκα,
2398 2315 2464 2388 ἢν
2498 2318 2594 2371 καὶ
2619 2317 2801 2372 λαϐὼν
2837 2320 3238 2392 ἐσωφρόνησεν,
3269 2323 3491 2394 ἀνάγων
3521 2327 3690 2400 αὐτὴν

2116 2407 2251 2480 πρὸς
2273 2409 2481 2463 ἑαυτόν.
2518 2410 2857 2482 Προφητεύει
2883 2411 2941 2466 δὲ
2977 2415 3068 2467 καὶ
3097 2416 3228 2486 περὶ
3255 2417 3356 2488 τῆς
3385 2418 3480 2472 τοῦ
3511 2422 3695 2495 Σωτῆ-

2117 2516 2208 2572 ρος
2247 2500 2564 2572 παρουσίας.

2747 2613 2955 2679 ΑΜΩΣ,
2980 2617 3053 2671 Γν.

2186 2729 2296 2783 Καὶ
2319 2723 2473 2794 οὗτος
2530 2732 2874 2804 συνεχρόνισε
2901 2734 3042 2789 κατὰ
3077 2734 3174 2808 τὴν
3197 2739 3370 2811 ἀρχὴν
3386 2741 3468 2812 τῷ
3511 2743 3694 2816 Ὠσηὲ,

2116 2821 2210 2873 καὶ
2237 2820 2314 2892 τῷ
2357 2821 2577 2895 Ἡσαΐᾳ,
2626 2825 2719 2878 ἐπὶ
2763 2823 2939 2890 Ὀζίου
2978 2827 3240 2899 βασιλέως
3284 2833 3476 2900 Ἰούδα,
3516 2838 3612 2890 καὶ
3633 2839 3700 2894 ἓν

2115 2914 2350 2986 ἡμέραις
2390 2914 2670 2989 Ἱεροϐοάμ
2687 2918 2780 2972 τοῦ
2834 2919 2986 2984 Ἰωὰς
3018 2919 3279 2992 βασιλέως
3319 2925 3562 2999 Ἰσραὴλ,
3596 2928 3693 2998 γέ-

2116 3024 2237 3076 γονε
2277 3009 2382 3080 πρὸ
2417 3008 2511 3064 δύο
2539 3011 2674 3066 ὲτῶν
2711 3011 2806 3066 τοῦ
2841 3014 3087 3086 σεισμοῦ.
3116 3016 3321 3086 Λόγους
3348 3017 3405 3071 δὲ
3430 3015 3558 3084 εἶδε,
3599 3023 3695 3076 καὶ

2117 3101 2449 3172 προφητεύει
2489 3104 2629 3158 κατά
2681 3106 2780 3178 τῆς
2841 3105 3216 3181 Ἰερουσαλὴμ,
3262 3110 3356 3164 καὶ⁸
3404 3114 3550 3166 κατὰ
3594 3115 3691 3168 τοῦ

2133 3193 2368 3265 Ἰσραὴλ,
2413 3195 2507 3249 καί
2538 3197 2638 3268 τῆς
2667 3197 3006 3270 Σαμαρείας,
3055 3201 3144 3253 καὶ
3186 3201 3329 3255 κατὰ
3367 3203 3477 3257 τῶν
3499 3206 3690 3273 ἐθνῶν,

2119 3286 2432 3356 Δαμασκοῦ,
2462 3286 2660 3360 Γάζης,
2694 3289 3048 3355 Ἀσκάλωνος,
3093 3291 3345 3360 Ἀζώτου,
3386 3297 3686 3372 Ἀκκάρων,

2119 3373 2318 3446 Τύρου,
2369 3376 2690 3448 Ἰδουμαίας,
2741 3378 2970 3450 Θαμαᾶν
3008 3380 3159 3451 [nota
3202 3383 3258 3438 in
3298 3386 3564 3457 margine,
3613 3387 3684 3444 ῐσ.

2117 3462 2375 3536 Θαιμὰν],
2403 3466 2532 3520 υἱῶν
2573 3469 2816 3540 Ἀμμὼν,
2840 3472 2934 3525 κα)⁵
2979 3473 3153 3526 Μωάσ
3175 3491 3188 3504 ·
3221 3475 3315 3529 καὶ
3337 3475 3509 3543 οὕτως
3534 3479 3688 3549 ἐλέγ-

2117 3571 2222 3626 χει,
2272 3557 2368 3610 καὶ
2421 3558 2695 3628 συγκλείει
2727 3561 2932 3627 πάντας
2975 3565 3056 3629 είς
3088 3567 3361 3626 ἀπειθίαν.
3407 3569 3568 3625 Ἀλλὰ
3596 3574 3686 3627 καὶ

2131 3646 2388 3736 Ἀμασίου
2417 3649 2511 3703 τοῦ
2547 3651 2738 3723 ἱερέως
2772 3653 2974 3727 Βαιθὴλ
3016 3655 3360 3725 διαϐαλόντος
3405 3663 3567 3717 αὐτὸν
3609 3664 3685 3736 τῷ

2118 3733 2326 3805 βασιλεῖ
2361 3737 2642 3811 ’ἱεροσυὰμ
2682 3740 2756 3806 ὡς
2781 3742 3010 3812 λέγοντα
3041 3746 3183 3800 κατὰ
3214 3751 3313 3822 τῆς
3352 3733 3678 3825 Σαμαρείας,

2119 3828 2213 3881 καὶ
2243 3830 2385 3885 κατὰ
2412 3829 2508 3884 τοῦ
2545 3831 2696 3901 λαοῦ,
2733 3836 2896 3902 αὐτὸς
2926 3837 3076 3892 οὐδὲν
3103 3833 3264 3912 ἦττον
3285 3841 3386 3896 ούκ
3409 3845 3680 3900 ἐπαύσατο

2119 3920 2645 3994 παρρησιαζόμενος,
2683 3927 2776 3980 καὶ
2815 3929 2987 3984 λέγων
3023 3931 3092 3986 τά
3121 3932 3276 4004 λόγια
3307 3935 3399 3989 καὶ
3430 3939 3556 4010 περὶ
3585 3938 3681 4009 τῆς

2120 4014 2420 4084 παρουσίας
2441 4015 2534 4069 τοῦ
2557 4019 2827 4092 Σωτῆρος.

2692 4135 2999 4202 MIXAIAZ,
3036 4141 3124 4207 ς’.

2188 4240 2446 4311 Δεύτερος
2476 4243 2572 4312 μὲν
2607 4242 2716 4296 τῶν
2743 4246 3152 4318 προειρημένων
3176 4250 3428 4318 γέγονενν
3448 4252 3526 4306 ὅτι
3549 4249 3679 4312 μετὰ

2131 4332 2310 4396 Ὀζίαν
2339 4335 2731 4406 ὲπροφήτευσε.
2761 4338 3070 4410 Συνεχρόνει
3095 4340 3154 4397 δὲ
3177 4341 3381 4412 αὐτοῖς.
3429 4346 3574 4403 Ἐπεὶ
3591 4350 3680 4403 καὶ

447 4411 570 4466 dem
597 4426 722 4466 cum
753 4412 862 4468 illis
890 4421 1046 4467 aetate
1076 4412 1260 4468 ﬂoruit
1288 4431 1302 4466 :
1333 4413 1461 4484 quia
1483 4420 1537 4468 et
1563 4414 1679 4483 ipse
1707 4410 2016 4480 Joatbamo,

2121 4422 2280 4486 αὐτὸς
2309 4423 2401 4476 ἐπὶ
2416 4422 2654 4496 Ἰωαθάμ
2674 4426 2766 4478 καὶ
2783 4426 2945 4498 Ἀχάζ
2961 4429 3057 4484 καὶ
3084 4430 3328 4497 Ἐζεκίου
3341 4410 3544 4508 ἤρξατο
3563 4456 3680 4510 προ-

449 4501 688 4568 Achazo,
743 4510 797 4558 et
844 4501 1074 4558 Ezechia
1133 4503 1353 4574 regibus
1411 4502 1770 4574 prophetandi
1821 4518 2016 4558 munus

2125 4513 2396 4608 φῆτεύειν·
2433 4489 2680 4608 Ἐγένέτο
2693 4516 2748 4608 δὲ
2763 4489 2964 4589 uno;
2990 4523 3126 4595 πρὸς
3145 4489 3318 4608 es,
3340 4489 3674 4603 armis;

451 4608 740 4665 aggressus
777 4602 882 4650 est.
914 4593 1112 4649 Factus
1145 4607 1228 4652 est
1248 4603 1430 4651 autem
1461 4593 1529 4650 ad
1558 4610 1681 4651 eum
1706 4609 1886 4650 sermo
1917 4592 2021 4648 Do-

450 4684 607 4749 mini,
640 4694 695 4740 et
727 4684 1053 4740 vaticinatus
1091 4693 1179 4741 est
1221 4685 1278 4741 in
1320 4685 1682 4750 Hierusalem,
1729 4685 1783 4739 in
1831 4685 2020 4740 Sama-

451 4777 611 4848 riam,
644 4778 698 4834 in
723 4779 1016 4850 prophetas
1046 4795 1140 4834 eos
1167 4779 1260 4850 qui
1286 4781 1545 4850 populum
1575 4781 1629 4834 in
1670 4793 1908 4835 errorem
1937 4779 2022 4832 in-

451 4873 756 4939 ducebant;
801 4874 858 4928 in
889 4872 1170 4928 Achabum
1211 4872 1462 4942 denique.
1504 4870 1765 4927 Prtedixit
1805 4878 1859 4925 et
1898 4868 2020 4925 Sal-

450 4965 655 5022 vatoris
705 4964 1030 5032 adventum,
1081 4963 1173 5019 ubi
1229 4963 1518 5034 postremis
1559 4963 1751 5019 diebus
1793 4961 2020 5019 manife—

453 5067 597 5114 stum
625 5058 840 5113 Domini
871 5065 1108 5113 montem
1142 5057 1259 5112 fore
1285 5055 1572 5127 signiﬁcat.

1097 5167 1282 5231 JOEL,
1323 5167 1390 5224 ll.

527 5261 719 5318 Sermo
753 5260 964 5318 Domini
1001 5261 1176 5316 factus
1214 5268 1298 5316 est
1333 5260 1401 5314 ad
1438 5260 1638 5332 ipsum,
1665 5259 2020 5333 praedixitque

456 5354 763 5410 senioribus
790 5354 1154 5425 omnibusque
1179 5356 1272 5425 qui
1315 5361 1520 5410 terram
1549 5354 1876 5421 incolebant,
1903 5355 2021 5425 ejus

455 5443 746 5511 excidium,
787 5454 843 5503 et
883 5446 989 5500 alia
1033 5462 1154 5518 qua:
1195 5447 1310 5517 ipsi
1354 5447 1698 5518 contigerunt
1743 5446 2022 5502 servitutis

457 5544 718 5606 tempore.
747 5535 1086 5593 Vaticinatur
1131 5553 1259 5592 vero
1303 5538 1465 5594 etiam
1508 5539 1575 5594 de
1621 5537 1856 5609 Spiritus
1892 5553 2020 5593 san—

457 5626 529 5678 cti
557 5626 731 5696 gratia
769 5627 824 5680 in
875 5643 1066 5683 omnes
1097 5629 1190 5698 qui
1223 5631 1324 5686 sub
1358 5630 1640 5688 Salvatore
1677 5629 1841 5686 futuri
1873 5643 2018 5699 sunt,

455 5715 796 5778 effundenda.
845 5714 1214 5774 Concionatur
1266 5719 1501 5791 denique
1547 5721 1614 5779 de
1671 5722 1908 5794 jejunio,
1953 5722 2020 5778 de

2120 4605 2216 4657 καὶ
2241 4605 2569 4676 προφητεύει
2598 4605 3075 4685 ὲπὶῚερουσαλὴμ,
3097 4617 3191 4669 καὶ
3214 4605 3343 4690 περὶ
3361 4621 3674 4693 Σαμαρείας,

2122 4696 2214 4748 καὶ
2233 4696 2324 4748 ἐπὶ
2343 4697 2470 4766 τοὺς
2495 4699 2777 4772 προφήτας
2801 4704 2924 4767 τοὺς
2962 4704 3276 4772 πλανῶντας
3305 4710 3398 4764 τὸν
3427 4711 3567 4776 λαὸν,
3593 4713 3677 4765 καὶ

2122 4789 2264 4842 κατὰ
2277 4790 2370 4843 τοῦ
2407 4790 2630 4863 Ἀχαὰϐ.
2654 4795 3024 4868 Προσημαίνει
3051 4798 3108 4852 δὲ
3141 4801 3233 4853 καὶ
3258 4801 3358 4873 τὴν
3391 4805 3675 4876 παρουσίαν

2122 4881 2214 4935 τοῦ
2232 4883 2482 4959 Σωτῆρος
2512 4887 2704 4957 λέγων·
2724 4889 2809 4942 Ἐν
2835 4892 2955 4954 ταῖς
2969 4892 3221 4963 ἐσχάταις
3249 4896 3483 4968 ἡμέραις
3509 4900 3672 4968 ἐμφα-

2126 4975 2213 5039 νὲς
2241 4974 2393 5032 ἐσται
2425 4980 2486 5034 τὸ
2506 4979 2628 5052 ὅρος
2657 4979 2752 5035 τοῦ
2779 4982 3005 5054 Κυρίου.

2753 5186 2911 5240 ΙΩΗΛ
2933 5227 2948 5250 ,
2989 5187 3062 5241 B’.

2197 5265 2364 5338 Λόγος
2390 5271 2594 5344 Κυρίου
2631 5277 2843 5344 ἐγένετο
2872 5280 3006 5352 πρὸς
3038 5281 3198 5334 αὑτὸν
3230 5282 3323 5336 καὶ
3359 5283 3678 5357 προφητεύει

2125 5362 2234 5423 τοῖς
2257 5361 2644 5436 πρεσϐυτέροις
2695 5370 2786 5420 καὶ
2814 5372 2944 5423 πᾶσι
2972 5373 3083 5435 τοῖς
3108 5373 3418 5428 κατοικοῦσι
3443 5377 3539 5448 τὴν
3564 5376 3677 5446 γῆν,

2127 5450 2254 5520 περὶ
2283 5451 2382 5523 τῆς
2406 5452 2657 5519 ἁλώσεως
2681 5452 2782 5528 τῆς
2809 5459 2932 5530 γῆς,
2957 5461 3174 5516 καὶτῶν
3206 5465 3262 5518 ὲν
3288 5467 3447 5539 αὐτῇ·
3473 5482 3677 5539 προφη-

2126 5542 2272 5597 τεύει
2298 5543 2355 5597 δὲ
2381 5544 2476 5599 καὶ
2508 5550 2634 5620 περὶ
2670 5549 2769 5619 τῆς
2795 5551 2887 5604 τοῦ
2926 5553 3081 5621 ἁγίου
3122 5555 3442 5627 Πνεύματος
3471 5560 3678 5631 χάριτος

2127 5638 2224 5708 τῆς
2257 5637 2337 5701 εἰς
2367 5640 2575 5704 πάντας
2600 5643 2956 5714 γενησόμενος
2995 5644 3136 5717 [lege
3160 5648 3548 5722 γενησομένης]
3580 5647 3679 5701 ὑπὸ

2127 5726 2221 5780 τοῦ
2253 5729 2517 5799 Σωτῆρος.
2547 5731 2818 5804 Κηρύττει
2844 5733 2900 5786 δὲ
2932 5737 3021 5789 καὶ
3047 5737 3172 5808 περὶ
3200 5738 3449 5807 νηστείας
3470 5741 3560 5793 καὶ
3581 5757 3675 5806 με·
