4008 6208
328 282 467 341 i265

1527 279 1615 333 DE
1657 278 1839 335 “TIS
1876 279 2415 337 PROPIIETARUM.

3429 286 3565 339 5266

323 398 692 472 τανοίας.,,καὶ
717 402 847 471 περὶ
879 401 975 471 τῆς
1014 399 1106 452 τοῦ
1143 400 1392 472 Σωτῆρος
1423 402 1752 471 παρουσίας,
1798 402 1889 454 καὶ
1919 428 1931 467 j

2035 401 2326 464 mnitentia,
2360 402 2427 455 de
2458 399 2754 457 Salvatoris
2778 403 3010 458 adventu
3028 440 3044 466 ,
3079 408 3134 457 et
3153 401 3221 458 de
3250 402 3425 474 signis
3448 419 3568 473 qua:

323 490 432 545 τῶν
469 490 563 544 ἐπὶ
597 489 689 543 τοῦ
728 490 959 562 σταυροῦ
990 491 1293 561 γενομένων
1324 493 1582 563 σημέιων.

922 605 1187 669 ΑΒΔΙΟΥ,
1228 605 1299 659 Δ’.

399 695 631 766 Ὀρασιν
661 695 990 765 ἀπαγγέλλει
1017 697 1156 750 κατὰ
1182 698 1280 767 τῆς
1323 696 1645 766 Ἰδουμαίας,
1679 712 1773 748 και
1802 696 1895 748 τού

326 788 516 851 τέλους
554 789 750 859 αὐτῆςσ
787 788 879 841 καί¹
911 789 1053 842 κατὰ
1086 788 1192 842 τῶν
1226 788 1391 842 ἐθνῶν
1429 788 1536 841 τῶν
1568 790 1898 859 ὲμπαροινη-

1999 494 2052 547 in
2090 509 2253 548 cruce
2286 503 2412 548 sunt
2439 493 2605 548 edita.

2595 603 2858 673 sumas,
2885 604 2970 659 tv.

2066 694 2347 752 V‘isionem
2387 696 2670 753 denuntiat
2700 696 2961 751 adversus
2989 694 3301 763 ldumaaam,
3330 706 3384 753 et
3408 715 3571 769 quem

2002 786 2159 840 linem
2218 785 2409 842 eadem
2462 787 2535 842 sit
2596 785 2869 842 habitura.
2913 785 3252 843 Vaticinatur
3296 789 3457 845 etiam
3514 791 3570 846 in

332 882 543 935 σάντων
580 881 657 952 τῷ
702 881 933 953 Ἰσραήλ.
995 881 1457 952 Ἀναλωθήσεσθαι
1499 881 1607 952 γάρ
1632 882 1722 933 τὸν
1752 878 1898 934 οἷκον

2037 888 2190 934 entes
2237 895 2356 949 quae
2409 879 2593 936 Israeli
2650 882 3001 939 insultarunt.
3048 881 3185 939 Fore
3234 883 3396 938 etiam
3435 899 3574 954 pra:-

345 974 516 1028 Ἦσαῦ
551 974 655 1026 ὑπὸ
682 973 774 1027 τοῦ
819 974 1012 1027 Ἰακὼὸ
1044 974 1421 1045 προσημαίνει.

947 1153 1146 1205 ΙΩΝΛΣ
1162 1194 1175 1215 ,
1211 1154 1285 1207 E'.

408 1245 577 1314 Λόγος
628 1245 832 1315 Κυρίου
894 1245 1108 1313 ἐγένετο
1164 1246 1302 1316 πρὸς
1337 1244 1498 1299 αὐτὸν
1534 1242 1786 1297 ἀπελθεῖν
1824 1245 1902 1306 είς

1997 971 2152 1035 dixit,
2184 981 2242 1026 ut
2283 971 2424 1029 Esau
2462 974 2676 1040 domus,
2712 976 2780 1031 ab
2820 991 2883 1032 ea
2923 992 3043 1046 qua:
3074 974 3258 1031 Jacobi
3293 984 3397 1042 est,
3445 978 3574 1032 sub-

2001 1073 2263 1120 vertatur.

2624 1158 2954 1229 JONAS,V.

2075 1248 2264 1304 Sermo
2289 1249 2501 1305 Domini
2535 1250 2711 1308 factus
2759 1242 2867 1309 est~
2891 1252 2957 1308 ad
2991 1254 3187 1324 ipsum.
3227 1262 3285 1309 ut
3324 1254 3574 1310 Ninivam

334 1338 534 1408 Νινευὴ
564 1338 657 1391 καὶ⁵
688 1336 917 1409 κηρῦξαι
948 1340 1006 1391 ὲν
1035 1337 1193 1408 αὐτῇ,
1221 1338 1301 1390 ὅτι
1327 1337 1407 1389 ἔτι
1430 1341 1578 1408 τρεῖς
1600 1338 1675 1408 (1)
1698 1336 1902 1407 ἡμέραι

2035 1339 2277 1396 ιτοῖεοιυε
2317 1342 2371 1397 in
2419 1358 2482 1399 ea
2512 1344 2751 1409 doceret,
2791 1345 2967 1401 tribus
3011 1354 3222 1401 tantum
3266 1345 3457 1401 diebus
3483 1360 3578 1398 ur-

333 1430 431 1483 καὶ
454 1430 960 1500 καταστραφήσεται
990 1430 1021 1499 ή
1048 1428 1270 1499 Νινευή.
1312 1428 1449 1481 Ἀλλ’
1483 1428 1663 1491 Ἰωνᾶς
1689 1426 1904 1495 φεύγων

2035 1447 2124 1485 που]
2147 1447 2265 1486 eam
2297 1433 2364 1487 ab
2386 1433 2609 1489 interitu
2635 1436 2845 1491 abesse.
2876 1434 2982 1490 Sed
3012 1451 3133 1491 cum
3161 1434 3399 1490 mandati
3436 1449 3577 1491 onus

327 1521 392 1575 τὸ
428 1523 711 1593 κήρυγμα,
755 1520 920 1593 ἀνέϐη
970 1522 1049 1583 είς
1082 1519 1144 1573 τὸ
1176 1520 1376 1575 πλοῖον.
1426 1519 1707 1591 Χειμῶνός
1737 1516 1812 1587 (2)
1845 1533 1903 1569 τε

332 1616 624 1685 γενομένου
651 1614 933 1686 ἐξεϐλήθη.
968 1615 1062 1668 καὶ
1092 1614 1365 1685 κατεπόθη
1397 1614 1501 1667 ὑπὸ
1525 1616 1688 1686 κήτου
1716 1612 1906 1666 θαλασ-

2006 1522 2325 1589 declinaret,
2355 1526 2581 1597 contigit
2604 1535 2663 1580 ut
2688 1542 2845 1593 nave,
2887 1528 2941 1581 in
2972 1543 3134 1599 quam
3162 1527 3577 1593 conscenderat,

2006 1615 2419 1683 tempestatibus
2463 1615 2687 1685 agitata,
2722 1617 2778 1670 in
2828 1631 2977 1673 mare
3023 1618 3229 1687 ejectus
3282 1632 3313 1671 a
3355 1618 3581 1687 pistrice

336 1707 471 1761 σίου.
507 1703 639 1760 Εἶτα
668 1706 806 1778 μετᾶ
832 1710 979 1779 τρεῖς
1036 1708 1245 1779 ἡμέρας
1280 1695 1495 1772 ἐξέϐαλε
1532 1706 1592 1759 τὸ
1625 1705 1787 1776 κῆτος
1813 1704 1902 1756 τὸν

2035 1703 2437 1760 bsorberetur:
2482 1723 2603 1777 qua:
2657 1708 2904 1764 eumdem
2976 1709 3153 1764 triduo
3205 1716 3329 1778 post
3394 1709 3574 1763 vivum

347 1800 531 1854 Ἰωνὰν
556 1773 751 1865 ζῶντα.
784 1773 897 1855 Καὶ
1139 1773 1202 1856 έκ
1228 1800 1482 1871 δευτέρας
1509 1800 1662 1868 λόγος
1686 1773 1903 1870 ῄΚυρίου

2035 1796 2263 1849 vomuit.
2294 1773 2720 1853 lteram—deinde
2757 1795 2825 1851 ad
2878 1813 3000 1852 eum
3046 1773 3258 1853 Domini
3305 1813 3578 1861 sermone.

334 1896 552 1963 ἐγένετο
580 1893 717 1966 πρὸς
747 1893 925 1948 αὐτόν.
972 1895 1081 1947 Καὶ
1124 1893 1370 1947 ἀπελθὼν
1414 1895 1673 1965 ἐκήρυξεν
1709 1893 1786 1954 είς
1811 1892 1909 1960 τὴν

2035 1882 2256 1939 linivam
2314 1887 2594 1956 appulsus,
2651 1887 2834 1957 ibique
2889 1889 3271 1957 concionatus,
3319 1889 3466 1945 cives
3513 1888 3582 1943 ad

333 1989 558 2060 Νινευὴ,
598 1987 792 2042 ἐκεῖνοί
817 2005 873 2040 τε
901 1988 1229 2050 ἀκούσαντες
1258 1984 1748 2057 ὲμετανόησαν,καὶ
1773 2000 1911 2054 παρ-

2035 1976 2441 2048 esipiscentiam
2492 1979 2745 2045 adduxit,
2791 1990 2845 2036 et
2894 1982 3031 2036 iram
3080 1980 3293 2036 Domini
3336 1980 3406 2037 ab
3449 1981 3584 2051 ipsis

332 2081 513 2152 ήγαγε
558 2079 757 2151 Κύριος
811 2079 908 2150 τὴν
954 2079 1122 2151 ὀργὴν
1166 2080 1260 2131 ἀπ’
1315 2078 1513 2132 αὐτῶν.
1574 2077 1686 2145 Τῆς
1733 2077 1911 2147 μέντοι

2035 2068 2227 2123 ivertit.
2262 2067 2385 2123 Fuit
2410 2070 2628 2139 quidem
2671 2079 2818 2127 certe
2851 2071 3148 2128 Salvatoris
3193 2072 3391 2144 imago,
3421 2086 3581 2142 quem

335 2172 641 2243 παρουσίας
678 2171 771 2224 τοῦ
806 2171 1058 2243 Σωτῆρος
1101 2173 1324 2241 σημεῖον
1368 2169 1525 2232 αὐτὸς
1565 2169 1776 2237 γέγονε,
1821 2166 1915 2218 καὶ

2035 2160 2207 2214 »ἱεῑτὶχ
2245 2160 2471 2215 illa:sum
2505 2162 2777 2235 absorpsit
2804 2171 2859 2220 et
2886 2165 3146 2219 evomuit.

337 2264 667 2329 καταποθεὶς
696 2264 799 2317 ὑπὸ
827 2262 921 2317 τοῦ
948 2265 1164 2334 κήτους,
1206 2264 1299 2316 καὶ
1340 2259 1622 2332 ἐκϐληθεὶς
1651 2257 1913 2328 ἀϐλαϐής.

592 2378 837 2431 ΝΑΟΥΜ
882 2378 922 2430 Ο
968 2376 1106 2428 ΤΟΥ
1150 2372 1558 2435 ΕΛΚΕΣΛΙΟΥ,
1597 2373 1667 2425 Ζ’.

411 2468 617 2538 Λῆμμα
666 2467 795 2538 περὶ
844 2468 941 2537 τῆς
986 2465 1259 2528 ἀπωλείας
1305 2464 1502 2534 Νινευῆ
1546 2462 1668 2533 (sic)
1718 2460 1918 2531 βιϐλίον

340 2560 605 2630 ὁράσεως.
640 2560 979 2631 Προφητεύει
1009 2560 1104 2612 καὶ
1132 2557 1390 2630 κηρύττει
1418 2557 1514 2627 μὲν
1539 2555 1633 2609 καὶ
1653 2556 1780 2626 περ)⁸
1804 2555 1922 2625 ἐορ-

2236 2364 2519 2435 NAHUM,
2562 2367 2877 2423 ELCESASI
2916 2367 3175 2434 FILIUS,
3215 2367 3326 2424 Vll.

2086 2457 2534 2529 Assumptionem
2566 2460 2633 2516 de
2667 2461 2892 2517 interitu
2922 2460 3131 2516 Ninivaz
3162 2460 3391 2516 visionis
3420 2460 3589 2532 hujus

2019 2549 2158 2605 liber
2177 2552 2581 2621 complectitur.
2605 2553 2950 2609 Valicinatur
2966 2561 3022 2609 et
3047 2554 3407 2609 concionatur
3420 2555 3585 2610 etiam

341 2654 460 2722 τῆς.
495 2653 864 2725 Προσημαίνει
896 2652 951 2704 δὲ
984 2654 1040 2704 ὲν
1078 2653 1215 2723 αὐτῇ
1249 2652 1377 2721 περὶ
1403 2649 1496 2702 τοῦ
1526 2648 1798 2718 Σωτῆρος,
1828 2646 1923 2715 καὶ

2035 2639 2088 2695 ie
2122 2640 2280 2697 festo.
2314 2641 2569 2700 Praedicit
2618 2653 2799 2701 autem
2852 2646 2910 2701 in
2952 2660 3015 2700 ea
3060 2645 3127 2700 de
3177 2642 3480 2709 Salvatore,
3520 2644 3588 2699 de

343 2743 413 2796 τὰ
450 2743 612 2797 λοιπά
660 2744 834 2795 πάντα
882 2742 1019 2795 κατὰ
1063 2743 1162 2812 τῆς
1205 2740 1445 2810 Νινευῆ,
1489 2739 1583 2792 καὶ
1613 2737 1707 2791 τοῦ
1740 2736 1923 2798 τέλους

346 2836 535 2908 αὐτῆς,
563 2835 656 2889 καὶ
678 2833 784 2887 τῶν
816 2834 1025 2905 ἐχθρῶν
1045 2832 1138 2885 τοῦ
1174 2832 1386 2904 Ἰσραὴλ
1407 2828 1792 2901 παραγγέλλει.

860 2944 1273 3007 ΑΜΒΑΧΟΥΜ,
1326 2943 1410 2997 H'.

419 3038 626 3109 Λῆμμα
637 3039 729 3092 καὶ
742 3037 902 3101 αὐτὸς
916 3032 1070 3089 εἶδεν·
1088 3032 1415 3106 προφητεύει
1426 3032 1675 3102 δεόμενος
1694 3030 1789 3100 μὲν
1802 3046 1868 3082 πε
1876 3028 1928 3099 ρὶ

347 3132 445 3202 τῆς
470 3102 721 3193 άλωσεως
741 3130 838 3200 τῆς
870 3102 1237 3199 Ἰερουσαλήμ.
1260 3102 1661 3195 Προσημαίνων
1703 3120 1759 3173 δὲ
1792 3120 1919 3189 περὶ
1946 3102 1988 3161 C

347 3220 455 3289 τῆς
477 3220 773 3291 παρουσίας
790 3218 882 3271 τοῦ
904 3218 1172 3288 Σωτῆρος.
1198 3216 1359 3284 Λέγει
1389 3214 1444 3266 δὲ
1474 3214 1569 3267 καὶ
1590 3210 1919 3283 προφητεύει

350 3312 494 3366 κατὰ
515 3310 623 3365 τῶν
642 3308 1083 3381 καταφρονητιῖη.
1112 3305 1242 3362 Εἶτα
1277 3306 1476 3377 μεταξὺ
1508 3304 1780 3375 προσευχὴ
1809 3306 1920 3356 ἐστι

351 3403 445 3457 τοῦ
476 3404 751 3474 προφήτου
788 3403 902 3473 μετ’
938 3402 1099 3473 ᾠδῆς.
1130 3400 1237 3452 Καὶ
1264 3398 1389 3470 τρία
1417 3396 1921 3467 διαψάλματὰὲστιν

353 3500 413 3550 ὲν
429 3497 496 3566 τῇ
512 3495 778 3567 λεγομένῃ
805 3492 912 3564 ᾠδῇ
931 3492 1144 3563 ᾄδοντος
1164 3489 1327 3542 αὑτοῦ
1355 3490 1481 3561 περὶ
1503 3490 1599 3559 τῆς
1628 3488 1924 3559 παρουσίας

354 3588 449 3643 τοῦ
474 3588 743 3659 Σωτῆρος,
768 3586 982 3657 καὶτῆς
1002 3584 1143 3638 κατὰ
1162 3584 1386 3638 θανάτου
1408 3582 1580 3653 νίκης.

642 3790 973 3844 ΣΟΦΟΝΙΑΣ
1016 3791 1056 3843 Ο
1090 3789 1227 3847 ΤΟΥ
1264 3787 1535 3850 ΧΟΥΣΕΙ,
1569 3786 1645 3840 6'.

432 3878 601 3948 υῦτος
626 3884 719 3937 καὶ
765 3883 1031 3954 Ἱερεμίας
1063 3880 1456 3951 συνεχρόνησαν
1488 3877 1755 3950 ἀλλήλοις.
1797 3879 1929 3949 Ἀμ-

362 3980 580 4050 φότεροι
604 3978 709 4049 γὰρ
732 3977 823 4029 ἐπὶ
849 3975 944 4030 τοῦ
984 3975 1162 4028 Ἰωσία
1190 3972 1454 4043 βασιλέως
1493 3971 1659 4025 Ἰούδα
1691 3972 1930 4044 ἐπροφή-

362 4089 579 4127 τευσαν.
628 4071 796 4139 Λόγος
836 4069 892 4121 δὲ
923 4068 1127 4140 Κυρίου
1176 4066 1393 4135 ἐγένετο
1440 4064 1575 4135 πρὸς
1619 4064 1801 4127 αὑτὸν,
1839 4062 1933 4117 καὶ

363 4156 696 4235 προφητεύει
728 4164 785 4214 ὲν
811 4164 878 4232 τῇ
907 4159 1279 4231 Ἰερουσαλὴμ,
1310 4157 1404 4211 καὶ¹
1433 4157 1592 4211 παντὶ
1620 4155 1807 4227 Ἰούδᾳ·
1842 4156 1933 4208 καὶ

363 4254 621 4328 προλέγει
647 4254 774 4325 περὶ
804 4253 1013 4324 ἡμέρας
1038 4252 1300 4323 ἐσομένης
1325 4249 1586 4321 μεγάλης,
1613 4248 1750 4302 ὥστε
1776 4247 1936 4318 ἐξαρ-

368 4349 528 4421 θῆναι
554 4349 729 4403 πάντα
756 4347 825 4401 τά
854 4346 1066 4410 εἴδωλα,
1097 4344 1193 4398 καὶ
1222 4343 1289 4406 τὰ
1314 4342 1473 4411 ἄλση,
1502 4340 1598 4394 καὶ
1622 4339 1787 4393 πολὺν
1814 4338 1936 4410 θρῆ-

2024 2733 2237 2789 caeteris
2270 2736 2546 2804 omnibus,
2575 2753 2696 2808 quae
2735 2738 3004 2794 adversus
3032 2736 3285 2792 Ninivam
3318 2744 3478 2802 sunt,
3520 2737 3589 2799 de

2025 2825 2145 2895 ejus
2177 2824 2285 2883 line
2313 2826 2550 2901 denique
2575 2838 2631 2885 et
2656 2830 2878 2887 lsraelis
2906 2830 3171 2886 hostium.

2534 2942 2858 2999 ABBACUM
2880 2984 2896 3010 ,
2938 2941 3075 2998 VIII.

2100 3027 2543 3100 Assumptionem
2595 3044 2650 3089 et
2696 3034 2786 3089 hic
2844 3034 3079 3092 intuitus
3111 3045 3215 3093 est.
3251 3033 3591 3091 Vaticinatur

2026 3128 2205 3176 autem
2240 3122 2378 3180 fusis
2406 3125 2623 3196 quidem
2662 3127 2917 3197 precibus
2947 3126 3452 3199 lIierosolymitanaa
3495 3141 3589 3180 ur-

2027 3215 2112 3270 bis
2134 3216 2355 3270 nomine
2384 3235 2397 3269 :
2430 3215 2526 3271 sed
2554 3216 2621 3271 de
2646 3215 2945 3274 Salvatoris
2978 3219 3217 3277 adventu
3254 3217 3592 3290 pronuntiat.

2027 3306 2170 3361 Dicit
2200 3322 2330 3362 vero
2354 3315 2408 3362 et
2438 3324 2559 3378 qua:
2588 3312 2975 3378 spernentibus
2991 3321 3253 3370 eventura
3270 3321 3418 3369 sunt.
3437 3310 3595 3367 Post-

2030 3415 2092 3455 ea
2137 3409 2443 3471 sequuntur
2488 3415 2677 3471 preces
2736 3417 2859 3457 cum
2890 3405 3130 3470 cantico,
3162 3406 3220 3459 in
3249 3421 3357 3477 quo
3380 3405 3488 3459 tria
3508 3417 3598 3459 re-

2031 3493 2211 3563 perias
2239 3492 2514 3564 prophetae
2530 3493 2914 3564 diapsalmata,
2944 3494 3246 3551 Salvatoris
3276 3496 3603 3560 adventum,

2032 3595 2085 3642 et
2113 3602 2276 3657 quam
2322 3588 2389 3643 de
2422 3597 2596 3643 morte
2642 3590 2926 3644 victoriam
2970 3588 3200 3658 adeptus
3242 3597 3350 3653 est,
3394 3591 3595 3645 decan-

2033 3680 2218 3734 tantis.

2286 3791 2672 3849 SOPHONIAS
2710 3791 2918 3848 CHUSI
2959 3790 3216 3857 FILIUS,
3258 3790 3347 3847 IX.

2107 3887 2305 3942 Iisdem
2362 3887 2466 3943 iste
2499 3894 2555 3942 et
2601 3884 2901 3943 Hieremias
2933 3887 3187 3941 vixerunt
3234 3883 3594 3954 temporibus.

2037 3978 2210 4034 Ambo
2235 3978 2381 4034 enim
2411 3978 2692 4034 vaticinati
2728 3985 2876 4042 sunt,
2909 3992 3032 4032 cum
3063 3975 3218 4031 ludat
3244 3990 3472 4047 regnum
3506 3972 3602 4029 Jo-

2039 4072 2149 4127 sias
2178 4079 2406 4127 teneret.
2439 4068 2639 4125 Factus
2687 4078 2771 4125 est
2821 4077 3001 4125 autem
3049 4083 3229 4124 sermo
3273 4066 3489 4123 Domini
3531 4066 3600 4123 ad

2040 4165 2254 4235 ipsum,
2309 4180 2617 4235 munusque
2665 4177 2825 4219 suum
2869 4162 2926 4216 in
2958 4160 3322 4227 Hierusalem,
3378 4167 3604 4230 totoque

2041 4255 2178 4311 Juda
2212 4256 2367 4311 obiit.
2421 4255 2678 4310 Praedixit
2724 4255 2887 4310 etiam
2945 4253 3013 4308 de
3063 4261 3296 4309 venturo
3354 4251 3463 4318 die,
3507 4250 3604 4321 qui

2042 4364 2273 4421 magnus
2305 4349 2527 4414 dicitur,
2552 4364 2662 4419 quo
2691 4348 2834 4403 idola
2857 4346 3040 4403 omnia
3066 4345 3283 4417 lucique
3314 4344 3602 4409 tollentur;

366 4459 460 4496 νον
505 4442 601 4494 καὶ
628 4439 854 4494 κοπετὸν
886 4436 1186 4508 γίγνεσθαι.
1222 4431 1560 4506 Προφητεύει
1597 4431 1655 4485 δὲ
1686 4432 1781 4483 καὶ
1809 4431 1931 4501 περὶ

2044 4442 2188 4497 unde
2222 4442 2401 4497 luctus
2429 4449 2483 4497 et
2512 4441 2783 4496 clamores
2815 4438 2969 4494 multi
3020 4437 3213 4494 futuri.
3265 4435 3608 4493 Vaticinatur

366 4534 463 4589 τοῦ
487 4532 756 4603 Σωτῆρος,
792 4532 885 4585 καὶ
914 4530 1013 4601 τῆς
1035 4529 1397 4591 ἀναστάσεως,
1427 4526 1491 4595 ἣν
1514 4523 1578 4576 δι’
1612 4525 1757 4595 ἡμᾶς
1779 4525 1935 4576 ποιεῖ.

372 4627 484 4680 Καὶ
525 4623 668 4679 κατὰ
689 4623 865 4693 Γάζης
892 4623 985 4676 καὶ
1018 4621 1372 4683 Ἀσκάλωνος,
1420 4618 1511 4670 καὶ
1543 4615 1796 4681 Ἀζώτου,
1848 4616 1942 4669 καὶ

373 4721 474 4790 τῆς
517 4717 819 4788 Ἀκκάρων,
854 4716 947 4768 καὶ
985 4714 1126 4768 κατὰ
1171 4711 1366 4776 Μωὰό,
1413 4711 1507 4763 καὶ
1558 4707 1802 4780 Ἄμμων,
1850 4706 1943 4760 καὶ

375 4809 518 4864 κατὰ
550 4806 861 4880 Δαμασκοῦ,
897 4808 990 4860 καὶ
1023 4804 1164 4859 κατὰ
1191 4805 1412 4875 Νινευῆ,
1436 4802 1530 4857 καὶ
1562 4801 1704 4854 κατὰ
1726 4801 1832 4853 τῶν
1854 4800 1944 4852 Αἰ-

378 4904 601 4959 θιόπων.

962 5013 1267 5076 ΛΓΓΛῙΟΣ,
1307 5014 1363 5065 I'.

450 5103 618 5173 Οὗτος
654 5110 788 5181 μετὰ
817 5109 914 5181 τὴν
942 5106 1316 5179 αἰχμαλωσίαν
1344 5107 1401 5157 ὲν
1429 5107 1494 5175 τῇ
1525 5103 1764 5174 ὲπανόδῳ
1792 5104 1848 5155 ὲν
1879 5105 1945 5172 τῇ

392 5203 763 5275 Ἰερουσαλὴμ,
790 5204 881 5256 ἐπὶ
900 5201 1123 5273 Δαρείου
1146 5196 1406 5270 βασιλέως
1426 5196 1669 5268 Περσῶν,
1699 5195 1945 5265 δευτέρου

382 5296 537 5361 ἔτους
575 5297 759 5362 αὐτοῦ,
806 5296 880 5367 τῷ
916 5296 1055 5365 ἕκτῳ
1091 5293 1220 5364 μηνὶ
1256 5293 1495 5360 γέγονεν.
1533 5292 1701 5359 Λόγος
1744 5289 1947 5361 Κυρίου

383 5389 599 5458 ἐγένετο
628 5392 683 5443 ὲν
712 5390 856 5462 χειρὶ
883 5388 1065 5452 αὐτοῦ,
1102 5388 1196 5440 καὶ
1236 5384 1562 5455 προφητεύει
1604 5384 1680 5455 τῷ
1714 5384 1948 5455 Ζοροϐά-

385 5483 500 5550 ϐελ,
543 5484 637 5537 καὶ
678 5482 755 5555 τῷ
812 5482 986 5552 Ἰησοῦ
1029 5480 1107 5551 τῷ
1145 5477 1237 5532 τοῦ
1292 5478 1555 5542 Ἰωσεδὲκ,
1598 5478 1691 5532 καὶ
1732 5478 1809 5549 τῷ
1837 5474 1950 5545 λαῷ

487 5664 538 5735 l)
582 5661 839 5734 Sequitur
889 5661 1168 5735 Eusebius
1220 5660 1743 5735 interpretationem
1776 5657 1950 5727 LXX;

390 5728 601 5797 Hebraei
626 5728 754 5793 vero
776 5732 1127 5804 quadraginta
1156 5728 1378 5790 habent.
1405 5731 1619 5788 Videsis
1641 5729 1697 5786 S.
1718 5728 1949 5797 August.

2042 4550 2172 4591 vero
2224 4536 2386 4590 etiam
2415 4534 2483 4589 de
2514 4534 2633 4604 ipso
2664 4530 2970 4598 Salvatore,
3004 4531 3181 4603 deque
3208 4531 3330 4601 ejus
3356 4531 3409 4585 in
3442 4531 3605 4583 vitam

2043 4628 2244 4692 reditu,
2280 4626 2376 4697 qui
2413 4626 2483 4681 ab
2512 4641 2578 4681 eo
2604 4626 2779 4681 nostri
2826 4639 2995 4680 causa
3028 4624 3205 4681 factus
3244 4632 3348 4678 est.
3384 4621 3523 4675 Sunt
3555 4627 3609 4673 et

2042 4723 2163 4794 ejus
2191 4720 2447 4777 vaticinia
2477 4720 2534 4775 in
2564 4719 2788 4783 Gazam,
2815 4718 2870 4773 in
2895 4719 3241 4778 Ascalonem.
3271 4718 3326 4770 in
3353 4716 3604 4777 Azotum,

2044 4818 2099 4871 in
2135 4816 2404 4877 Accaron,
2439 4812 2493 4867 in
2530 4812 2709 4879 Moab,
2739 4813 2796 4867 in
2823 4812 3076 4876 Ammon,
3102 4811 3158 4864 in
3183 4809 3526 4872 Damascum,
3554 4806 3609 4859 in

2046 4904 2322 4968 Ninivam,
2355 4903 2410 4957 in
2443 4900 2752 4972 Ethiopas.

2615 5008 2947 5075 AGGEUS,
2982 5010 3051 5066 Χ.

2120 5103 2247 5159 Fuit
2280 5104 2381 5161 iste
2412 5113 2535 5173 post
2567 5104 2961 5174 captivitatem,
2996 5117 3118 5158 cum
3151 5100 3385 5172 populus
3415 5097 3614 5154 Hieru-

2054 5196 2225 5252 salem
2252 5196 2529 5261 rediisset,
2566 5194 2711 5249 Darii
2768 5194 2915 5265 regis
2962 5207 3107 5249 anno
3136 5191 3395 5253 secundo,
3426 5206 3616 5247 mense

2053 5296 2225 5344 sexto.
2267 5286 2467 5343 Factus
2506 5298 2589 5343 est
2618 5294 2797 5341 autem
2840 5300 3021 5340 sermo
3065 5283 3277 5339 Domini
3335 5282 3391 5337 in
3449 5298 3615 5337 manu

2052 5382 2247 5451 ipsius,
2278 5381 2720 5449 vaticinatusque
2759 5385 2844 5435 est
2876 5376 3220 5439 Zorobaheli,
3260 5383 3316 5431 et
3361 5374 3489 5433 Jesu
3521 5374 3640 5451 Jo-J

2053 5450 2235 5529 sedeci
2295 5472 2427 5539 ﬁlio,
2478 5472 2788 5543 populoque
2834 5469 2937 5539 ipsi
2991 5468 3060 5523 de
3116 5450 3639 5541 Hierosolymoruml

2052 5655 2130 5711 De
2169 5655 2377 5709 civitate
2406 5651 2523 5707 Dei.
2554 5650 2649 5706 lib.
2679 5664 2835 5715 xvm,
2865 5663 2894 5702 c
2948 5648 3037 5704 ﬂ.

2126 5725 2200 5793 (2)
2244 5722 2641 5788 Edit..Curterii
2667 5720 2905 5790 χιμῶνος
2933 5719 3111 5776 habet.
3152 5715 3307 5774 Εωτ.
3340 5715 3585 5771 Parnm“
