4008 6208
459 293 594 348 i267
1141 287 1408 344 EUSEBII
1445 283 1923 346 CESARIENSIS
1959 279 2114 338 OPP.
2156 279 2338 336 PARS
2373 279 2534 338 III.—
2564 277 2971 336 EXEGETICA.
3541 279 3674 334 ηδε

454 415 875 480 instauratione,
907 413 974 468 de
1017 413 1334 469 umbrarum
1369 414 1499 470 item
1531 413 1794 480 transitu,
1841 411 2005 482 deque

2115 407 2242 478 περὶ
2266 410 2364 478 τῆς
2394 407 2680 477 οἰκοδομῆς
2706 407 2806 476 τῆς
2848 403 3217 476 Ἰερουσαλήμ·
3258 402 3592 474 προφητεύει
3622 403 3681 456 δὲ

455 511 696 580 gentium
722 507 1026 562 vocatione.

697 681 1088 738 ZACHARIAS
1127 681 1354 739 SADDO
1393 682 1648 751 FILIUS,
1686 681 1779 738 XI.

523 773 861 830 Vaticinatus
883 783 967 830 est
995 785 1047 830 ct
1069 776 1169 830 iste
1185 790 1328 829 anno
1359 774 1499 828 Darii
1526 775 1785 840 secundo,
1814 791 2018 832 mense-

452 882 555 938 que
568 879 760 923 octavo
783 851 962 923 factus
986 875 1068 924 est
1088 883 1270 923 sermo
1286 865 1500 922 Domini
1524 869 1590 922 ad
1615 868 1791 939 ipsum
1813 887 1826 924 :
1849 870 1904 923 in
1924 884 2017 924 eo-

451 975 557 1030 que
573 959 788 1016 Domini
805 961 1020 1017 locutus
1035 967 1119 1016 est
1147 960 1394 1032 angelus.
1422 959 1621 1034 Dirigit
1640 977 1804 1032 porro
1830 961 1896 1016 ad
1921 977 2009 1032 pa-

451 1059 564 1108 tres
585 1052 920 1110 Hierusalem
943 1053 1180 1109 visiones
1214 1068 1344 1108 suas
1363 1068 1500 1122 quas
1525 1054 1724 1108 multas
1750 1069 1814 1107 ac
1835 1055 2014 1108 varias

450 1149 619 1205 videt.
653 1148 876 1205 Disserit
902 1156 1081 1202 autem
1107 1148 1316 1218 prolixa
1341 1148 1587 1203 oratione
1616 1147 1682 1203 de
1716 1147 2013 1212 Salvatore,

447 1253 504 1300 et
530 1243 800 1315 signiﬁcat
825 1240 1076 1297 eumdem
1104 1241 1271 1297 asina:
1307 1241 1537 1311 ejusque
1585 1243 1733 1312 pullo
1775 1242 2015 1298 insiden-

447 1345 557 1394 tem
591 1344 879 1392 venturum
914 1349 1055 1390 esse.
1866 1340 1896 1361 ⁸

935 1424 1332 1480 MALACIIIAS
1352 1466 1366 1490 ,
1407 1423 1523 1478 XII.

517 1517 643 1572 Fuit
673 1526 728 1573 et
770 1517 875 1574 iste
919 1519 1084 1573 etiam
1130 1527 1252 1588 post
1297 1518 1668 1588 captivitatem
1723 1513 1887 1570 Dario
1931 1531 2016 1569 re-

446 1618 664 1671 gnante.
702 1607 1045 1663 Vaticinatur
1076 1617 1256 1662 autem
1293 1607 1718 1676 assumptioncm
1743 1606 2015 1661 sermonis

446 1699 656 1756 Domini
685 1701 740 1754 in
770 1717 934 1760 manu
967 1701 1143 1770 angeli
1173 1700 1257 1754 sui
1290 1743 1302 1754 .
1337 1699 1392 1753 in
1424 1715 1531 1770 qua
1561 1699 1738 1770 arguit
1759 1699 2011 1755 lsraelem

447 1793 945 1862 transgressionum
979 1793 1214 1856 nomine,
1241 1800 1294 1846 et
1321 1801 1564 1856 accusat,
1594 1792 1737 1862 quod
1771 1791 2012 1847 decima-

444 1900 566 1941 rum
597 1893 651 1940 et
681 1899 980 1955 pauperum
1003 1900 1189 1938 curam
1215 1901 1323 1940 non
1341 1885 1558 1939 habeat.
1591 1883 1823 1940 Disserit
1847 1885 2010 1940 etiam

443 1975 512 2031 de
568 1975 656 2031 die
705 1975 940 2046 judicii,
984 1977 1051 2032 de
1111 1975 1411 2031 Salvatoris
1471 1975 1778 2046 splendore,
1839 1974 2012 2046 deque

444 2066 576 2124 Elia:
607 2074 733 2124 ante
760 2068 881 2139 ejus
911 2069 1206 2123 adventqu
1235 2067 1516 2123 missione.

857 2323 1079 2379 ISAIAS
1119 2321 1346 2378 FILIUS
1383 2321 1591 2376 AMOS.

513 2416 618 2471 Iste
648 2423 703 2470 et
726 2413 866 2470 Osee
901 2415 1064 2487 (sicut
1089 2431 1118 2469 a
1152 2430 1237 2469 me
1265 2413 1471 2468 dictum
1496 2423 1577 2469 est
1604 2413 1784 2482 antea)
1814 2413 2006 2468 iisdem

443 2505 746 2561 ﬂoruerunt
777 2508 1135 2576 temporibus.
1177 2503 1326 2559 Vixit
1357 2506 1502 2560 enim
1557 2505 1648 2559 hic
1687 2503 1838 2569 Ozia,
1883 2503 2009 2558 Joa-

445 2599 650 2663 thamo,
682 2598 923 2662 Achazo,
956 2606 1010 2654 et
1037 2598 1269 2653 Ezechia
1297 2596 1496 2652 Iudaea:
1542 2613 1766 2667 regnum
1817 2605 2006 2650 tenen-

444 2689 608 2744 tibus.
642 2687 922 2744 V'isioncm
953 2697 1136 2744 autem
1166 2689 1418 2750 intuitus,
1452 2687 1779 2740 vaticinatus
1808 2696 1888 2740 est
1912 2684 2010 2738 ad.

439 2795 635 2834 versus
695 2778 934 2833 Iudaeam
993 2789 1046 2833 et
1097 2778 1460 2834 Hierusalem.
1504 2777 1703 2831 Factus
1763 2785 1847 2831 est
1879 2791 2008 2830 vero

441 2886 626 2928 sermo
653 2870 872 2925 Domini
905 2870 970 2924 ad
1011 2871 1188 2941 ipsum
1222 2872 1474 2940 bonaque
1505 2870 1677 2940 ipsius
1711 2871 2006 2941 prephctiae

444 2979 572 3033 pars
604 2962 830 3018 nuntius
848 2971 932 3018 est
961 2960 1184 3033 quidam
1215 2962 1282 3018 de
1310 2961 1470 3018 Verbi
1498 2961 1588 3017 Dei
1617 2963 1875 3026 adventu,
1912 2962 2007 3018 de-

2114 500 2207 553 καὶ
2241 499 2368 570 περί
2397 502 2494 570 τῆς
2527 497 2904 569 παρελεύαεως
2932 496 3042 549 τῶν
3073 495 3259 560 σκιῶν,
3294 503 3390 550 καὶ
3422 496 3550 565 περὶ
3581 497 3680 565 τῆς

2115 591 2356 663 κλήσεως
2394 591 2498 644 τῶν
2529 589 2710 643 ἐθνῶν.

2416 681 2753 734 ΖΑΧΑΡΙΑΣ
2792 680 2948 734 ΥιοΣ
2984 679 3222 739 ΣΑΔΔΩ,
3260 679 3364 738 IA'.

2184 774 2294 826 Kal.
2325 767 2475 837 οὗτος
2505 773 2583 844 τῷ
2625 774 2859 846 δευτέρῳ
2903 773 3010 826 ἔτει
3055 770 3277 844 Δαρείου
3321 769 3682 843 προφητεύει.

2128 867 2285 920 Ἀλλὰ
2329 866 2406 938 τῷ
2446 867 2614 938 ὀγδόῳ
2660 867 2790 938 μηνί
2829 866 2983 934 λόγος
3032 865 3234 937 Κυρίου
3280 865 3494 933 ἐγένετο
3541 864 3688 937 πρὸς

2115 947 2294 1024 αὑτὸν,
2326 960 2421 1013 καὶ
2446 959 2671 1028 ἄγγελος
2702 959 2903 1030 Κυρίου
2927 957 3102 1012 ἐλάλει
3132 959 3189 1010 ὲν
3221 956 3391 1026 αὐτῷ,
3416 956 3511 1009 καὶ
3548 974 3694 1028 προ-

2117 1050 2336 1119 φητεύει
2370 1050 2505 1120 πρὸς
2547 1053 2672 1113 τοὺς
2710 1050 2992 1122 πατέρας,
3032 1050 3123 1102 καὶ
3163 1050 3261 1120 τὴν
3305 1049 3687 1122 Ἰερουσαλήμ.

2115 1140 2322 1204 Πολλὰς
2354 1140 2409 1192 δὲ
2437 1141 2530 1194 καὶ
2572 1140 2817 1204 ποικίλας
2856 1140 3074 1212 ὁράσεις
3102 1140 3306 1212 βλέπει,
3335 1143 3430 1195 καὶ
3462 1159 3693 1214 προφη-

2115 1230 2258 1284 τεύει
2289 1233 2416 1302 περί
2453 1231 2545 1286 τοῦ
2579 1232 2828 1304 Σωτῆρος
2860 1233 2948 1286 διὰ
2983 1233 3226 1296 πολλῶν,
3263 1235 3356 1286 καὶ
3398 1235 3698 1304 σημαίνων

2115 1323 2274 1378 αὑτὸν
2299 1322 2551 1394 ἔρχεσθαι
2583 1325 2674 1377 ἐπὶ
2708 1324 2826 1377 ὄνον
2856 1326 2949 1379 καὶ
2984 1325 3166 1378 πῶλον
3199 1324 3518 1394 ὑποζυγίου.

2634 1418 2991 1470 ΜΑΛΔΧΙΑΣ
3011 1458 3025 1480 ,
3061 1417 3159 1472 lB’.

2182 1508 2292 1560 Καὶ
2341 1499 2494 1572 οὗτος
2553 1508 2690 1579 μετὰ
2741 1508 2838 1580 τὴν
2894 1511 3268 1580 αἰχμαλωσίαν
3317 1509 3545 1578 γέγονεν
3596 1511 3690 1563 ἐπὶ

2113 1600 2334 1672 Δαρείου
2421 1601 2613 1672 λῆμμα
2642 1601 2698 1654 δὲ
2726 1602 2882 1671 λόγου
2926 1604 3131 1674 Κυρίου
3171 1607 3228 1658 ἐν
3257 1606 3399 1675 χειρὶ
3447 1605 3690 1673 ἀγγέλου

2115 1689 2276 1743 αὐτοῦ
2319 1691 2412 1744 ἐπὶ
2438 1692 2530 1745 τὸν
2569 1692 2783 1764 Ἰσραὴλ
2812 1693 3158 1764 προφητεύει.
3207 1694 3481 1759 Ὀνειδίζει
3507 1697 3566 1749 δὲ
3594 1695 3696 1750 τὸν

2124 1782 2337 1854 Ἰσραὴλ
2366 1783 2456 1836 ἐπὶ
2483 1787 2602 1848 ταῖς
2633 1785 2972 1856 παραϐάσεσι
2993 1824 3008 1849 ,
3054 1787 3148 1839 καὶ
3172 1787 3445 1858 μέμφεται
3479 1789 3572 1841 ἐπὶ
3613 1791 3688 1860 τῇ

2110 1873 2337 1947 ἀμελείᾳ
2359 1874 2468 1928 τῶν
2493 1875 2767 1941 δεκάτων,
2804 1879 2897 1932 καὶ
2942 1878 3042 1947 τῆς
3075 1877 3211 1949 πρὸς
3256 1879 3382 1939 τοὺς
3434 1881 3686 1949 πτωχοὺς

2111 1966 2410 2031 κοινωνίαςο
2453 1967 2782 2040 προφητεύει
2813 1968 2868 2022 δέ
2903 1968 3150 2040 περὶτῆς
3189 1969 3398 2041 ἡμέρας
3429 1970 3519 2039 τῆς
3547 1969 3676 2041 κρί-

2113 2077 2283 2123 σεως,
2326 2060 2420 2115 καὶ
2463 2060 2562 2131 τῆς
2613 2061 2706 2114 τοῦ
2741 2063 2990 2134 Σωτῆρος
3022 2062 3399 2134 ἐπιλάμψεως,
3437 2065 3517 2116 καὶ
3561 2064 3676 2135 πρὸ

2108 2154 2206 2224 τῆς
2231 2152 2526 2224 παρουσίας
2545 2153 2638 2208 τοῦ
2664 2155 2913 2226 Σωτῆρος
2939 2155 3358 2210 ἀποστέλλεσθαι
3382 2157 3468 2209 τὸν
3486 2155 3678 2208 Ἠλίαν

2114 2245 2388 2315 σημαίνει.

2550 2337 2796 2390 ΗΣΑΙΑΣ
2834 2337 2990 2390 ΥΙΟΣ
3028 2337 3234 2391 ΑΜΩΣ.

2183 2420 2351 2491 Οὗτος
2384 2426 2478 2480 καὶ
2523 2427 2712 2497 Ὠσηὲ,
2755 2427 2897 2480 καθὰ
2947 2432 3204 2502 προεῖπον
3226 2470 3240 2493 ,
3282 2430 3700 2500 συνεχρόνηααν

2111 2518 2392 2590 ἀλλήλοις·
2432 2520 2525 2572 καὶ
2565 2519 2673 2590 γὰρ
2721 2519 2813 2574 καὶ
2847 2515 3000 2584 οὗτος
3039 2521 3131 2574 ἐπὶ
3167 2521 3359 2586 Ὀξίου,
3400 2522 3491 2574 καὶ
3545 2521 3700 2575 Ἰωα-

2083 2611 2241 2681 -θάμ,
2273 2611 2366 2664 καὶ
2399 2609 2596 2680 Ἀχὰζ,
2629 2611 2725 2664 καὶ
2767 2611 3002 2682 Ἐζεκίου
3049 2611 3307 2682 βασιλέων
3347 2613 3554 2678 Ἰούδα,
3596 2613 3698 2682 γέ·-

2111 2718 2299 2770 γονεν·
2337 2702 2526 2772 ὅρασιν
2573 2701 2628 2754 δὲ
2680 2701 2940 2772 ιῑςωρακὼς⁴
3013 2704 3342 2775 προφητεύει
3393 2705 3544 2759 κατὰ
3593 2705 3694 2775 τῆς

2120 2792 2398 2857 Ἰουδαίας,
2431 2793 2522 2848 καὶ
2559 2792 2698 2846 κατὰ
2739 2794 3106 2866 Ἰερουσαλήμ.
3153 2797 3262 2849 Καὶ
3298 2795 3455 2865 λόγος
3479 2795 3545 2850 δὲ
3582 2798 3694 2850 Κυ-

2114 2885 2225 2956 ρίου
2260 2885 2396 2957 πρὸς
2431 2885 2591 2938 αὑτὸν
2628 2885 2817 2954 γέγονε
2840 2903 2852 2916 ·
2892 2887 2985 2941 καὶ
3027 2888 3088 2940 τὸ
3122 2887 3367 2940 πλεῖστον
3405 2888 3508 2958 τῆς
3551 2903 3696 2959 προ-

2110 2975 2334 3047 φητείας
2369 2977 2532 3030 αὐτοῦ
2586 2979 2732 3031 ἐστιν
2767 2978 3057 3046 εὐαγγελία
3110 2979 3234 3050 περί¹
3269 2979 3368 3048 τῆς
3413 2977 3695 3049 ἐνσάρκου

439 3070 549 3126 que
582 3054 651 3109 iis
685 3071 804 3126 quae
824 3064 1016 3111 nostro
1047 3057 1267 3110 nomine
1297 3071 1493 3126 passus
1525 3065 1628 3112 est.
1665 3055 2005 3111 Vaticinatur

2115 3070 2412 3140 παρουσίας
2441 3069 2534 3122 τοῦ
2585 3069 2758 3138 Λόγου
2792 3069 2885 3122 τοῦ
2916 3069 3079 3134 Θεοῦ,
3121 3070 3214 3123 καὶ
3249 3063 3324 3123 ὧν
3353 3070 3418 3124 ἂν
3463 3070 3699 3136 ἐδέξατο

441 3152 621 3199 autem
649 3143 718 3199 de
749 3144 1005 3215 gentibus
1051 3161 1173 3215 quae
1216 3153 1522 3217 sequuntur
1554 3164 1567 3200 :
1604 3146 1866 3203 adversus
1898 3147 1970 3202 Ba

439 3236 718 3304 bylonem;
741 3235 795 3291 in
819 3235 1168 3307 alienigenas,
1200 3245 1254 3292 et
1278 3236 1542 3294 adversus
1572 3237 1919 3302 Damascum,
1949 3240 2002 3292 in

444 3325 758 3396 Egyptum,
807 3326 862 3382 in
905 3325 1219 3391 Idumaeam,
1267 3325 1321 3380 in
1359 3327 1552 3383 vallant
1587 3327 1790 3392 Sionis,
1825 3329 1880 3382 in
1907 3329 2005 3399 Ty-

437 3433 584 3485 rum,
619 3427 743 3490 post
781 3435 903 3490 qua:
937 3421 1187 3490 sequitur
1217 3421 1357 3476 visio
1389 3421 1826 3492 quadrupedum,
1883 3438 2005 3492 quae

440 3520 570 3568 sunt
599 3512 652 3566 in
693 3527 897 3568 eremo.
939 3511 1139 3568 Narrat
1167 3522 1222 3569 et
1259 3514 1650 3571 Sennacherim
1700 3515 2004 3586 expeditio-

437 3621 583 3670 nem,
629 3613 682 3660 et
716 3606 976 3676 Rapsacaa
1012 3607 1392 3677 jactationem,
1425 3607 1878 3680 excidionemque
1906 3625 2001 3665 eo-

437 3710 580 3756 rum,
612 3701 667 3750 et
696 3695 996 3752 interitum.
1015 3696 1178 3752 Addit
1193 3705 1248 3752 et
1271 3695 1512 3753 Ezechiae
1543 3699 1814 3762 morbum,
1837 3707 2005 3769 utque

439 3784 598 3838 morti
642 3784 945 3855 proximus,
979 3784 1115 3841 fusis
1147 3786 1216 3842 ad
1246 3785 1415 3842 Deum
1440 3788 1719 3857 precibus,
1753 3789 1808 3844 in
1838 3791 2002 3860 quin-

441 3878 615 3939 decim
672 3893 848 3933 annos
872 3877 993 3932 vitze
1040 3878 1146 3932 sibi
1177 3879 1617 3950 prorogationem
1669 3879 2001 3951 impetravit.

445 3967 786 4026 Vaticinatur
816 3985 979 4040 porro
1009 3971 1304 4036 eunuchis,
1329 3979 1382 4027 et
1423 3972 1699 4042 gentibus,
1731 3973 1914 4028 addito
1935 3973 2001 4028 ad

441 4062 602 4116 ﬁnem
631 4061 735 4117 diei
757 4061 984 4130 judicio.

713 4150 1086 4208 HIEREMIAS
1121 4151 1439 4208 CHELCIJE
1480 4152 1727 4218 FILIUS,

985 4244 1032 4298 E
1057 4245 1435 4299 sacerdotibus.

508 4337 635 4403 Iste,
664 4338 810 4407 quod
837 4338 988 4408 prius
1021 4338 1154 4404 dixi,
1189 4347 1242 4394 et
1271 4337 1603 4410 Saphonias,
1631 4338 1822 4394 iisdem
1853 4340 2001 4397 vixe-

2111 3157 2176 3210 δι’
2211 3161 2356 3231 ἡμᾶς
2391 3158 2596 3214 παθών.
2629 3160 2963 3230 Προφητεύει
2987 3161 3043 3214 δέ
3073 3162 3165 3214 καὶ
3192 3161 3282 3213 ἐπὶ
3315 3161 3441 3230 ἔθνη
3467 3160 3652 3214 ταῦτα
3677 3177 3698 3192 ·

2114 3252 2251 3306 κς.τά
2303 3251 2618 3316 Βαϐυλῶνος
2641 3294 2655 3318 ,
2703 3254 2794 3306 ἐπὶ
2833 3255 2961 3318 τοὺς
2997 3253 3356 3322 ἀλλοφύλους,
3400 3252 3544 3307 κατά
3578 3257 3700 3307 Aa-

2117 3343 2347 3414 μασκοῦ,
2383 3345 2573 3417 ὅρασιν
2617 3345 2924 3416 Αἰγύπτου,
2974 3347 3156 3418 ὅραμα
3199 3345 3299 3414 τῆς
3339 3345 3695 3416 Ἰδουμαίας,

2110 3439 2290 3509 ὅραμα
2324 3441 2424 3509 τῆς
2466 3439 2748 3509 φάραγγος
2797 3437 2968 3502 Σιὼν,
3025 3439 3206 3510 ὅραμα
3237 3439 3446 3510 Τύρου,
3487 3440 3698 3510 ὅρασιν

2110 3531 2218 3585 τῶν
2244 3532 2586 3604 τετραπόδων
2630 3533 2734 3585 τῶν
2757 3534 2812 3586 ἐν
2843 3535 2909 3604 τῇ
2947 3533 3160 3604 ἐρήμῳ.
3187 3534 3464 3601 Διηγεῖται
3493 3531 3555 3585 δὲ
3586 3533 3696 3585 καὶ

2109 3626 2207 3696 τὴν
2233 3623 2416 3694 ἔφοδον
2463 3625 2846 3697 Σεμναχηρεὶμ
2868 3665 2882 3689 ,
2916 3625 3010 3678 καὶ
3045 3624 3310 3693 Ῥαψάκου
3341 3623 3439 3695 τὴν
3476 3622 3690 3687 ἀλαζο-

2111 3718 2246 3781 νίαν,
2276 3718 2375 3789 τήν
2408 3734 2467 3770 τε
2514 3716 2722 3770 πτῶσιν
2766 3719 2858 3771 καὶ
2908 3716 3182 3770 ἀπώλειαν
3217 3717 3424 3771 αὐτῶνθ
3461 3718 3550 3770 καὶ
3591 3717 3687 3770 ὅτι

2110 3813 2337 3881 νοσήσας
2375 3809 2650 3873 Ἐζεκίας,
2689 3809 2782 3863 καὶ
2831 3809 3036 3880 μέλλων
3083 3807 3476 3881 ἀποθνήσκειν,
3507 3808 3686 3873 εύξά-

2112 3919 2270 3972 μενος
2300 3900 2616 3972 προσθήκην
2644 3900 2802 3971 ἔσχεν
2833 3900 2968 3954 ἐτῶν
2992 3881 3306 3956 δεκαπέντε.
3338 3901 3683 3974 Προφητεύει

2107 3994 2164 4046 δὲ
2197 3993 2289 4047 καὶ
2317 3991 2622 4063 εὐνούχοις,
2657 3993 2890 4058 καὶτοῖς
2913 3993 3090 4046 ἔθνεσι
3140 3995 3199 4048 ἐν
3243 3993 3322 4065 τῷ
3365 3995 3504 4048 τέλει
3548 3996 3690 4066 περὶ

2106 4087 2206 4156 τῆς
2235 4083 2446 4156 ἡμέρας
2479 4084 2580 4153 τῆς
2612 4085 2864 4157 κρίσεως.

2415 4177 2740 4230 ΙΕΡΕΜΙΑΣ
2793 4179 2835 4240 0
2875 4177 3013 4230 ΤΟΥ
3048 4177 3377 4244 ΧΕΛΧΙΟΥ,

2645 4269 2740 4322 Ἐκ
2771 4268 2890 4321 τῶν
2919 4268 3140 4337 ἱερέων.

2180 4354 2368 4424 Οὗτος,
2399 4359 2542 4415 καθὰ
2567 4362 2845 4432 προεῖπον,
2880 4362 2974 4414 καὶ
3007 4362 3266 4432 Σοφονίας
3289 4362 3685 4434 συνεχρόνισαν

437 4437 567 4485 runt
617 4430 977 4499 temporibus,
1041 4431 1134 4485 sed
1190 4433 1392 4486 mansit
1439 4429 1740 4486 Hieremias
1781 4431 1847 4487 ad
1883 4431 2005 4488 Joa-

2115 4454 2351 4516 ἑαυτοῖς·
2387 4429 2684 4524 παρέμεινε
2719 4451 2777 4505 δὲ
2807 4445 2962 4516 οὗτος
2997 4429 3102 4518 ἕως
3144 4429 3538 4525 Ίωακεὶμξκαὶ
3567 4456 3684 4520 ἓως

435 4521 638 4577 cimum
677 4537 868 4592 usque.
899 4531 954 4578 et
988 4522 1334 4579 undecimum
1368 4523 1608 4581 Sedeciae
1655 4525 1825 4602 Judze
1857 4527 2000 4597 regis

436 4626 663 4675 annum,
715 4611 769 4667 id
802 4620 886 4668 est
917 4613 983 4667 ad
1031 4615 1216 4685 populi
1245 4632 1421 4687 usque
1451 4617 1842 4688 captivitatem.
1899 4617 2002 4672 Fa-

437 4714 584 4760 ctum
608 4713 693 4762 est
719 4713 900 4760 autem
947 4707 1170 4763 verbum
1206 4708 1420 4764 Domini
1461 4711 1529 4766 ad
1557 4727 1704 4779 eum,
1736 4720 1789 4768 et
1818 4713 2002 4768 multis

439 4796 937 4871 Hierosolymorum
962 4800 1277 4871 iniquitates
1309 4805 1508 4874 arguit,
1542 4805 1715 4876 deque
1760 4806 1917 4876 ipsis,
1952 4814 2005 4861 et

439 4889 507 4944 dc
533 4891 780 4946 siccitate
816 4891 1148 4949 vaticinatus
1177 4905 1281 4951 est.
1325 4894 1585 4952 Praedixit
1624 4900 1750 4954 item
1780 4899 1849 4954 de
1879 4899 2004 4954 Ela-

442 4985 593 5041 mitis
619 4986 895 5056 gentibus,
948 4985 1170 5057 foreque
1203 4998 1260 5042 ut
1289 4988 1560 5061 Egyptus
1593 5007 1624 5044 a
1674 5009 1799 5064 rege
1829 4991 2004 5064 Baby-

438 5079 587 5134 lonio
612 5081 1043 5138 exscinderetur.
1076 5083 1299 5139 Addidit
1325 5092 1378 5140 et
1418 5087 1755 5156 prophetiam
1808 5089 1862 5143 in
1901 5087 2003 5142 Ba-

441 5172 713 5240 bylonem,
745 5184 798 5230 et
829 5189 1137 5230 sermonem
1169 5192 1330 5249 quem
1363 5176 1555 5232 habuit
1575 5177 1734 5248 jussu
1764 5178 2000 5245 Domini,

439 5267 508 5320 ad
540 5266 784 5322 Saraiam
817 5269 989 5325 Neriae
1041 5271 1234 5334 ﬁlium,
1280 5271 1348 5326 ad
1390 5271 1702 5336 ldumazam,
1755 5272 1823 5326 ad
1865 5273 2002 5328 ﬁlios

443 5356 696 5422 Ammon.
728 5369 781 5417 et
805 5361 870 5416 ad
896 5359 1072 5416 Cedar
1094 5363 1336 5434 reginam
1366 5364 1504 5418 aulae
1534 5378 1698 5433 quam
1729 5365 2003 5435 percussit

440 5449 909 5518 Nabugodonosor
939 5471 1030 5510 rex
1073 5455 1386 5528 Babylonis.
1439 5454 1747 5526 Alloquitur
1789 5467 1844 5514 et
1891 5458 2000 5513 Da-

442 5556 706 5605 mascum,
725 5554 778 5598 et
809 5545 965 5601 Moab
995 5557 1047 5601 et
1072 5545 1430 5609 Hierusalem,
1459 5558 1512 5602 et
1546 5545 1764 5612 ludam,
1794 5557 1848 5604 et
1870 5547 2004 5604 Rbe-

443 5633 748 5688 cabitarum
785 5636 1067 5701 familiam,
1101 5647 1155 5692 et
1199 5639 1434 5694 ﬁliorum
1479 5637 1749 5706 Ionadab,
1797 5652 1852 5698 et
1907 5640 2003 5700 Ju-

443 5726 613 5789 deos.
660 5724 751 5796 qui
827 5731 1026 5781 terram
1080 5725 1319 5800 Egypti,
1373 5731 1467 5806 qui
1522 5731 1845 5804 Magdalum,
1907 5735 2001 5811 qui

2105 4547 2386 4600 ἑνδεκάτου
2413 4545 2566 4609 ἔτους
2585 4545 2830 4600 Σεδεκίου
2861 4545 3121 4616 βασιλέως
3135 4547 3323 4614 Ἰούδα,
3343 4549 3449 4612 ἓως
3474 4552 3682 4620 αἰχμα-

2103 4637 2304 4701 λωσίας
2330 4635 2424 4690 τοῦ
2452 4637 2603 4691 λαοῦ.
2645 4637 2823 4708 Ῥἦμα
2841 4638 2900 4691 δὲ
2925 4638 3060 4692 Θεοῦ
3083 4640 3298 4708 ἐγένετο
3328 4642 3463 4712 πρὸς
3484 4642 3675 4706 αὐτὸν,

2102 4728 2177 4791 ὡς
2222 4728 2480 4798 ἐγεννήθη
2529 4726 2683 4796 λόγος
2710 4727 2912 4797 Κυρίου
2945 4727 3080 4799 πρὸς
3115 4727 3275 4781 αὐτόν
3297 4746 3312 4759 ο
3338 4730 3430 4784 καὶ
3462 4729 3674 4799 ἐλέγχει

2103 4819 2201 4882 τὰς
2247 4819 2458 4882 ἀδικίας
2503 4819 2600 4889 τῆς
2641 4818 2992 4890 Ἰερουσαλὴμ
3034 4817 3122 4873 διὰ
3173 4819 3411 4873 πολλῶν*
3455 4839 3676 4892 προφη-

2103 4910 2248 4963 τεύει
2289 4910 2346 4963 δὲ
2387 4911 2477 4964 ἐπὶ
2509 4909 2891 4982 Ἰερουσαλὴμ,
2919 4911 3013 4963 καὶ
3057 4911 3182 4982 περὶ
3230 4911 3333 4981 τῆς
3371 4911 3668 4982 ἀδροχίας·

2105 5004 2196 5056 καὶ
2223 5003 2312 5054 ἐπὶ
2341 5001 2411 5055 τὰ
2441 5001 2565 5073 ἔθνη
2589 5002 2770 5073 Αἰλὰμ
2808 5003 2900 5056 καὶ
2925 5000 3018 5054 τοῦ
3045 5001 3219 5056 ἐλθεῖν
3247 5002 3469 5072 βασιλέα
3496 5000 3674 5056 Βαϐυ-

2103 5095 2304 5158 λῶνος,
2350 5093 2444 5148 τοῦ
2491 5094 2719 5164 ἐκκόψαι
2780 5094 2879 5166 τὴν
2930 5095 3034 5165 γῆν
3079 5095 3385 5163 Αἰγύπτου·
3435 5097 3528 5150 καὶ
3579 5096 3673 5147 ἐπὶ

2109 5187 2430 5260 Βαϐυλῶναο
2486 5187 2580 5241 καὶ
2654 5187 2807 5256 λόγος
2829 5227 2844 5249 ,
2905 5187 2963 5241 ὃν
2996 5187 3296 5242 ἐνετείλατο
3339 5187 3544 5260 Κύριος
3594 5186 3670 5257 τῷ

2114 5281 2352 5354 Ἱερεμίᾳ
2402 5281 2572 5333 εἰπεῖν
2611 5279 2688 5351 τῷ
2733 5279 2942 5351 Σαραία
2988 5279 3089 5350 υἱῷ
3147 5280 3390 5352 Νηρίου,
3447 5282 3543 5335 καὶ
3599 5283 3664 5350 τῇ

2118 5371 2387 5442 Ἰδουμαίᾳ
2413 5411 2429 5436 ,
2471 5371 2706 5433 καὶτοῖς
2757 5370 2890 5434 υἱοῖς
2927 5369 3183 5441 Ἀμμὼν,
3225 5371 3320 5424 καὶ
3365 5373 3429 5441 τῇ
3480 5369 3665 5442 Κηδάρ

2109 5463 2394 5536 βασιλίσσῃ
2442 5462 2538 5532 τῆς
2575 5461 2776 5532 αὐλῆς,
2820 5463 2886 5534 ἣν
2926 5462 3158 5526 ἐπάταξε
3202 5461 3663 5545 Ναϐουχοδονόσορ

2109 5553 2356 5626 βασιλεὺς
2376 5551 2710 5615 Βαϐυλῶνος,
2731 5552 2824 5604 καὶ
2848 5554 2913 5622 τῇ
2944 5550 3238 5622 Δαμασκῷ,
3261 5553 3355 5605 καὶ
3375 5555 3442 5621 τῇ
3469 5548 3657 5612 Meum,

2107 5645 2198 5701 καὶ
2229 5643 2320 5696 ἐπὶ
2356 5642 2727 5713 Ἰερουσαλὴμ,
2755 5643 2848 5696 καὶ
2880 5643 2973 5696 ἐπὶ
3028 5641 3248 5706 Ἰούδαν,
3288 5642 3380 5694 καὶ
3408 5642 3490 5704 είς
3517 5635 3656 5694 οἷκον

2119 5733 2432 5810 Ῥηχαδεὶμ,
2468 5733 2561 5790 καὶ
2611 5733 2718 5796 τῶν
2759 5733 2888 5790 υἱῶν
2943 5732 3190 5790 Ἰωναδάδ
3211 5773 3228 5800 ,
3274 5735 3387 5796 τοῖς
3424 5749 3484 5786 τε
3527 5733 3650 5786 Ἰου-
