3950 6218
279 174 418 220 127;)
1438 171 1755 229 CANONES
1790 172 1833 227 Ε

1944 173 2352 233 NGELIORUH.
3367 184 3504 240 12Ἱὸ

278 281 429 353 παρὰ
462 280 523 335 τὸ
554 282 790 354 καθῆκον
816 284 1088 356 λαθραίως
1111 287 1386 361 ἐπιχειρῇ·
1427 292 1520 344 καὶ
1548 291 1685 363 αὕτη
1724 294 1780 346 δὲ
1813 294 1838 364 ἡ

1949 312 2054 366 que
2082 297 2317 362 animus,
2347 298 2440 368 qui
2472 310 2579 353 non
2602 314 2755 370 aeque
2781 307 2864 356 est
2881 300 3105 357 aﬂ‘ectns
3132 316 3260 372 erga
3289 301 3393 357 sibi
3414 303 3507 357 be-

277 376 510 431 ὲκάστου
550 377 805 442 διάθεσις,
853 379 927 451 μὴ
975 382 1173 450 ὁμοίως
1218 383 1554 456 διακειμένου
1604 388 1739 460 πρός
1790 406 1837 441 τε

1960 389 2201 454 nevolos,
2229 398 2391 460 atque
2419 390 2683 447 adversus
2708 408 2802 447 eos
2835 395 2927 464 qui
2957 394 3060 449 sibi
3090 408 3284 450 nocere
3308 409 3510 448 conan-

278 470 405 533 τοὺς
454 469 873 540 εὐεργετοῦντας
915 472 1010 525 καὶ
1060 473 1195 544 πρὸς
1233 476 1359 539 τοὺς
1402 475 1653 545 βλάπτειν
1687 479 1838 533 αὐτὸν

1952 489 2060 536 tur.
2101 479 2269 552 Igitur
2321 492 2621 553 spontanea
2680 487 2940 557 magistra
2988 487 3278 556 unicuique
3329 494 3413 541 est
3442 488 3508 539 ad

282 560 725 632 ὲιιτιχειροῦντας⁸
775 562 1088 634 αὐτομαθὴς
1130 564 1441 631 διδάσκαλος
1484 568 1687 637 γίνεται
1720 571 1842 624 ἑκά-

1947 571 2076 626 boni
2105 572 2339 642 malique
2367 574 2650 629 scientiam
2677 575 2763 630 lex
2799 586 3039 643 naturae,
3066 577 3192 630 dum
3226 584 3369 631 vetat
3407 593 3507 631 nos

286 670 398 723 στῳ
428 654 527 725 τῆς
561 654 689 725 περὶ
721 653 938 723 ἀγαθῶν
985 655 1077 709 καὶ
1115 655 1298 711 κακῶν
1328 658 1655 729 ἐπιστήμης,
1690 661 1718 712 ὁ
1746 661 1844 731 τῆς

1840 679 1844 689 ’
1948 663 2169 718 cuilibet
2199 663 2398 728 facere,
2425 665 2566 734 quod
2596 680 2696 719 nos
2723 666 2791 720 ab
2827 666 2948 721 aliis
2982 667 3092 737 pati
3115 666 3400 721 nollemus.

286 745 501 815 φύσεως
574 747 754 817 νόμος,
815 746 986 802 ταῦτά
1038 765 1188 812 τινας
1256 748 1386 820 δρᾷν
1434 751 1640 821 ἑτέροις
1701 753 2075 825 ἀπαγορεύων,
2129 756 2272 827 ἅπερ
2315 773 2399 818 τις
2451 756 2612 820 αὐτὸς
2655 758 2781 829 παρ’
2850 757 3049 830 ἐτέρων
3100 759 3200 811 οὐκ
3231 756 3297 810 ἂν
3339 756 3512 813 ἕλοιτο

288 836 499 894 παθεῖν.

394 931 481 1001 ιβ’.
517 930 813 985 Εὐσεσιου
842 930 911 984 ἐκ
939 930 1048 986 τοῦ
1078 940 1109 986 ι’
1142 930 1251 1001 τῆς
1281 940 1333 987 a'
1372 934 1739 1004 Εἰσαγωγῆς.
1950 957 1954 967 ί

1950 935 2037 990 12.
2064 933 2274 989 Eusebii
2300 950 2364 989 ea:
2389 935 2588 990 decimo
2620 934 3033 1058 [gfroductionis
3053 936 3239 993 srimw
3262 946 3508 1007 tanquam

2575 1024 2608 1058 a
2708 1016 2875 1058 atoue.

2575 1024 2608 1059 a
2637 1016 2875 1061 Platone.

371 1090 671 1162 Ἐνδέχεται
720 1091 835 1164 μὲν,
882 1084 927 1144 ὦ
969 1090 1198 1155 παιδίον,
1233 1090 1409 1159 λέγειν
1456 1092 1552 1162 μὲν
1584 1087 1664 1154 εὖ,
1708 1092 1846 1161 φαῦ-

2018 1098 2343 1169 Contingere
2376 1108 2571 1168 potest,
2597 1114 2629 1153 ο
2659 1117 2812 1171 puer,
2846 1108 2902 1154 ut
2934 1100 3129 1171 aliquis
3155 1101 3291 1156 bene
3325 1102 3508 1168 dicat,

287 1181 378 1237 λον
422 1183 478 1237 δὲ
524 1182 818 1255 ὑπάρχεινν
872 1182 1181 1254 πράσσοντα
1214 1182 1268 1236 δὲ
1307 1178 1388 1247 εὖ,
1450 1181 1647 1250 φαῦλον
1688 1180 1845 1247 εἶναι,

1950 1206 2072 1246 cum
2102 1192 2278 1245 malus
2307 1191 2413 1256 sit;
2447 1201 2815 1246 verumtamen
2845 1192 3076 1262 aliquem
3110 1192 3245 1248 bene
3292 1192 3470 1250 facere
3492 1232 3508 1260 ,

288 1274 565 1329 ἀδύνατον.

1949 1282 2041 1352 qui
2077 1296 2277 1351 pravus
2300 1280 2390 1345 sit,
2426 1280 2777 1349 impossibile.

362 1374 447 1436 ιγ’.
481 1368 774 1422 Εὐσεόιου
801 1368 868 1421 ἐκ
899 1367 1003 1421 τοῦ
1035 1375 1086 1422 α’
1115 1368 1222 1437 τῆς
1244 1376 1293 1422 α’
1310 1367 1697 1437 Ἐπιστολῆς(
1706 1368 1775 1437 l).

2063 1372 2144 1426 15.
2166 1370 2378 1424 Eusebii
2398 1387 2462 1423 ea:
2484 1371 2651 1439 primo
2679 1370 2904 1439 capitulo
2933 1368 3183 1441 Epistola:
3201 1371 3403 1438 primae.

360 1458 461 1511 Βία
495 1457 613 1528 Θεῷ
644 1460 704 1511 οὐ
738 1458 1046 1531 πρόσεστιν.

2023 1462 2181 1517 Nulla
2218 1461 2383 1518 Deum
2413 1463 2496 1518 vis
2526 1463 2688 1532 cogit.

361 1612 546 1689 (‘lj‘lta
589 1629 817 1689 prorsus
871 1616 1131 1689 scribitur
1160 1616 1214 1689 in
1267 1616 1571 1689 illocodice
1602 1614 1725 1689 Vat.
1759 1616 1847 1689 5p.
1952 1634 2072 1675 rum
2112 1620 2168 1674 in
2211 1617 2391 1689 plures
2426 1619 2594 1674 libros
2643 1618 2989 1685 distinctum;
3043 1635 3270 1689 quarum
3306 1618 3514 1675 saltem

290 1682 394 1738 119
418 1682 493 1749 h),
514 1684 657 1739 unde
684 1700 784 1760 nos
816 1685 1149 1760 sumpsimus
1177 1685 1386 1741 Leontii
1411 1687 1719 1760 et_.loannis
1746 1682 1848 1742 Sa-
1954 1682 2245 1760 nonnullas
2277 1690 2347 1744 ob
2378 1690 2740 1760 prolixitatem
2772 1692 2922 1758 (puta
2963 1682 3029 1745 de
3059 1682 3221 1746 rebus
3256 1689 3503 1760 dogmati-

290 1769 503 1830 crarum
534 1770 706 1830 rerum
728 1755 955 1830 librum,
986 1755 1181 1830 Script.
1210 1768 1307 1813 vet.
1334 1755 1517 1830 t._Vll.
1556 1757 1733 1830 Quare
1764 1772 1849 1830 se-
1954 1760 2058 1828 cis)
2082 1755 2453 1830 inter-capilari
2482 1775 2619 1829 opus
2647 1755 2827 1817 fuerit.

289 1824 478 1895 quitur
500 1834 560 1877 ut
582 1824 957 1883 existimemus
992 1824 1269 1883 exstitisse
1315 1827 1566 1883 volumen
1595 1827 1851 1898 epistola-

291 2012 3503 2049 Wa

976 2195 1728 2352 EUSEBII
1909 2194 2818 2352 PAMPHILI

1283 2477 1960 2561 CAESARIENSIS
2029 2479 2497 2559 EPISCOPI

413 2662 1008 2777 CANONES
1067 2670 1504 2776 DECEM
1562 2666 2273 2776 HABMONIZE
2333 2668 3392 2811 EVANGELIOBUM,

1313 2876 1646 2938 Prwmissa
1678 2877 1759 2937 ad
1793 2877 2177 2956 Carpianum
2211 2878 2499 2958 epistola.

1013 3035 1298 3100 (GALLAKD.,
1333 3036 1564 3087 Veterum
1588 3037 1794 3086 Patrum
1819 3035 2067 3101 Biblioth.,
2090 3039 2153 3099 Il,
2179 3039 2288 3103 533,
2314 3044 2367 3089 et
2390 3040 2589 3105 Proleg.
2614 3056 2661 3104 p.
2686 3042 2803 3105 uv.)

1602 3273 2219 3367 MONITUM.

689 3462 798 3533 (Ea:
822 3462 1046 3520 Joannis
1081 3463 1242 3519 Millii
1269 3464 1666 3535 Prolegomenis
1698 3465 1767 3520 ad
1801 3463 2008 3522 Novum
2040 3465 2429 3521 Testamentum
2465 3463 2726 3532 Grecam,
2757 3462 2819 3537 ξς
2845 3464 3128 3538 758·741.)

379 3756 399 3789 ι
428 3734 573 3792 Inter
600 3735 707 3789 alia
736 3734 954 3790 Eusebii
978 3750 1143 3806 opera
1173 3744 1354 3792 exstat
1384 3736 1612 3808 epistola
1642 3738 1764 3808 ejus
1791 3737 1861 3791 ad
1895 3746 1935 3803 Β
1964 3734 2377 3791 monstrandam
2441 3731 2743 3813 Diatessari
2802 3730 2966 3801 hujus
3029 3730 3415 3802 perfectionem
3473 3746 3523 3797 et

304 3829 661 3900 Carpianum,
692 3843 855 3898 quam
890 3844 1024 3884 mss.
1064 3828 1335 3899 plerisque
1365 3829 1650 3885 codicibus
1683 3831 1864 3885 Evan-
1967 3828 2356 3898 integritatem.
2407 3824 2589 3894 Neque
2631 3824 2724 3877 alii
2768 3822 2861 3877 ulli
2905 3822 3083 3878 adhuc
3126 3825 3249 3879 usui
3276 3825 3523 3887 inservie

306 3921 568 3991 geliornm
612 3921 883 3988 pmﬁxam
927 3920 1110 3975 videre
1139 3928 1245 3984 est,
1286 3936 1395 3975 una
1437 3935 1559 3975 cum
1608 3921 1726 3991 ejus
1762 3920 1865 3977 Ca-
1966 3922 2059 3976 bat
2093 3941 2106 3975 :
2135 3920 2277 3975 unde
2308 3934 2407 3975 nec
2434 3916 2692 3974 credibile
2721 3924 2825 3982 est,
2861 3931 3121 3972 numeros
3160 3918 3295 3974 istos
3333 3936 3524 3994 propa-

308 4026 460 4077 none,
498 4024 658 4080 quem
693 4018 911 4073 vocant,
938 4011 1053 4066 sive
1085 4012 1259 4065 decem
1290 4011 1505 4077 tabulis,
1535 4013 1589 4065 in
1613 4028 1751 4082 quas
1780 4030 1868 4067 re-
1968 4024 2122 4086 gatos
2152 4014 2321 4071 fuisse
2351 4013 2492 4067 ultra
2524 4012 2695 4082 ipsius
2723 4010 2995 4064 Ammonii
3022 4012 3321 4082 exemplar.

308 4104 434 4156 tulit
479 4117 736 4170 numeros
780 4102 1175 4158 Ammonianos.
1222 4103 1427 4158 Horum
1477 4113 1655 4161 autem
1694 4107 1865 4161 artiﬁ-
2038 4107 2151 4161 lloc
2185 4121 2308 4160 cum
2358 4106 2414 4159 in
2458 4103 2719 4159 Caesarea:
2758 4102 3083 4156 bibliotheca
3137 4104 3310 4160 aliave
3352 4106 3526 4177 aliqua

308 4196 476 4260 cium,
502 4210 771 4264 usumque
799 4210 959 4265 quem
990 4194 1232 4263 praebent
1264 4195 1552 4265 insignem,
1582 4196 1637 4249 in
1672 4210 1868 4266 reprte-
1970 4199 2270 4269 repositum
2299 4198 2594 4267 reperisset
2624 4194 2912 4257 Eusebius,
2940 4195 2997 4249 in
3046 4204 3279 4252 mentem
3310 4199 3413 4269 ipsi
3448 4217 3520 4257 ve

309 4288 572 4343 sentanda
633 4297 867 4360 quatuor
912 4286 1322 4357 Evangeliorum
1381 4288 1699 4352 harmonia,
1756 4287 1867 4356 jam
1969 4291 2081 4354 nit,
2122 4288 2419 4343 harmonia:
2458 4288 2651 4356 hujus,
2687 4301 3148 4356 numerorumque
3187 4288 3526 4347 Ammoniani

306 4376 542 4432 breviter
576 4378 988 4449 explicabimus.
1024 4378 1162 4431 Ante
1194 4390 1367 4431 annos
1394 4387 1609 4432 centum
1645 4377 1868 4432 Ammo-
1972 4379 2389 4449 Evangeliorum
2424 4376 2632 4431 codicis
2659 4390 2781 4444 Ope,
2811 4373 3021 4430 institui
3057 4390 3121 4430 ac
3151 4379 3527 4447 repraesentari

306 4469 433 4523 nius
468 4468 888 4532 Alexandrinus,
941 4468 1200 4538 singulari
1237 4474 1353 4522 arte
1383 4477 1541 4538 atque
1572 4469 1771 4532 studio,
1804 4485 1871 4523 ex
1975 4486 2137 4542 posse
2182 4470 2455 4540 integrum
2522 4475 2575 4522 et
2641 4467 2939 4537 perfectum
2994 4465 3376 4535 Diatessaron,
3432 4484 3527 4522 σιιι)⁴

307 4568 546 4632 quatuor
576 4562 781 4617 nostris
814 4559 1124 4631 Evangeliis
1159 4560 1302 4615 inter
1328 4575 1386 4615 se
1425 4560 1658 4624 collatis,
1696 4559 1867 4616 confe-

1972 4562 2198 4633 ζομένου
2232 4560 2441 4614 καὶτοῦ
2473 4559 2579 4615 τῶν
2599 4557 2997 4628 εὐαγγελιστῶν
3027 4558 3092 4612 δι’
3130 4558 3251 4613 ὅλου
3285 4557 3526 4631 σώματός

308 4662 458 4709 cerat
518 4651 810 4722 ipsissimis
871 4653 1323 4722 evangelistarum
1376 4653 1556 4707 verbis
1606 4653 1869 4723 integram
1971 4671 2031 4707 τε
2061 4654 2153 4707 καὶ
2182 4650 2397 4725 εἱρμοῦ,
2430 4659 2490 4706 ιιι
2520 4650 2739 4706 Eusebii
2770 4650 2949 4705 verbis
2990 4658 3131 4703 utar.
3160 4648 3384 4720 Nempe,
3418 4665 3517 4720 per

308 4743 598 4816 quamdam
638 4743 920 4799 historiam
952 4745 1341 4811 evangelicam,
1378 4758 1473 4801 seu
1503 4744 1869 4800 Diatessaron.
1973 4746 2222 4802 lustratis
2277 4745 2508 4815 singulis
2562 4744 2856 4799 harmoniae
2898 4744 3055 4798 istius
3104 4743 3373 4812 partibus,
3428 4757 3530 4797 una

310 4836 447 4889 Cum
471 4835 704 4904 primum
728 4846 905 4890 autem
934 4836 1074 4888 hanc
1102 4833 1439 4905 digessisset,
1467 4836 1625 4890 etiam
1655 4838 1873 4892 univer-
1974 4856 2097 4895 cum
2132 4838 2375 4894 numeris
2402 4836 2557 4907 juxta
2587 4837 2779 4907 positis
2803 4837 2857 4890 in
2882 4835 3125 4906 margine
3152 4834 3298 4905 (nam
3325 4843 3380 4888 et
3403 4832 3530 4899 illic,

308 4942 429 4981 sum
480 4926 893 4997 Evangeliorum
943 4934 1149 4981 textum
1197 4926 1250 4979 in
1302 4927 1570 4983 sectiones
1607 4929 1870 4999 quasdam
1975 4932 2178 5002 pariter
2205 4945 2269 4984 ac
2295 4930 2349 4983 in
2371 4930 2560 4984 codice
2585 4934 2704 4999 ejus
2724 4929 3036 4999 evangelico
3056 4934 3345 4983 annotatos
3366 4925 3530 4981 fuisse

308 5016 517 5082 divisit,
552 5026 607 5075 et
649 5017 1212 5073 notis‘numeralibus
1254 5018 1500 5073 distinxit
1534 5020 1588 5073 in
1626 5022 1873 5092 margine
1916 5091 1935 5093 Μ
1977 5038 2140 5093 supra
2174 5020 2558 5093 ostendimus),
2589 5021 2878 5077 constabat
2909 5035 3098 5075 omnes
3136 5020 3360 5073 omnino
3390 5016 3531 5088 peri-

308 5110 397 5165 sui
449 5109 797 5180 exemplaris.
859 5107 1153 5163 Sectiones.
1188 5108 1307 5163 istae
1364 5122 1475 5163 non
1527 5109 1645 5165 alia;
1693 5091 1871 5176 erant,
1900 5091 1942 5149 (ἶ
1975 5091 2142 5182 copas
2190 5111 2485 5181 evangelici
2518 5091 2740 5165 codicis
2797 5110 2865 5164 ad
2903 5110 3091 5164 decem
3146 5106 3369 5163 ordines
3422 5106 3531 5161 sive

308 5217 474 5273 quam
504 5217 642 5272 quas
679 5201 947 5271 hodieque
980 5200 1037 5255 in
1086 5203 1337 5256 codicum
1376 5212 1688 5257 nostrorum
1738 5217 1879 5258 mar.
1976 5204 2180 5260 classes
2202 5203 2389 5259 reduci
2423 5202 2685 5273 potuisse.
2716 5199 2811 5257 Vel
2834 5202 2978 5256 enim
3005 5198 3275 5269 ejusmodi
3304 5212 3447 5260 esse,
3480 5196 3529 5249 in

311 5292 435 5363 gine
466 5291 712 5346 interiori
738 5290 983 5360 adpictas
1015 5291 1586 5348 videmusznimirum
1609 5294 1663 5349 in
1694 5294 1871 5350 Evan-
1976 5297 2176 5366 quibus
2228 5311 2417 5351 omnes
2471 5303 2705 5366 quatuor
2763 5293 3109 5363 evangelista:
3164 5289 3528 5344 conveniant:

310 5385 451 5457 gelio
494 5376 736 5437 Μαιηιωὶ
783 5384 909 5449 555,
964 5381 1142 5437 Marci
1177 5383 1303 5449 2'56,
1333 5382 1491 5440 Luca:
1535 5386 1660 5451 540,
1702 5386 1873 5442 Joan-
1977 5390 2062 5444 vel
2100 5404 2164 5444 ex
2198 5388 2264 5444 iis
2295 5397 2408 5444 tres
2440 5395 2683 5453 tantum;
2726 5400 2920 5456 nempe
2956 5384 3096 5440 Mat.
3130 5382 3273 5437 Mar.
3308 5381 3436 5436 Luc.
3460 5392 3533 5421 -‘

315 5478 397 5532 nis
426 5474 552 5532 252.
590 5475 914 5531 Divisionem
940 5486 1119 5532 autem
1163 5477 1305 5532 hanc
1344 5476 1486 5532 baud
1518 5478 1625 5533 alio
1663 5478 1765 5535 (ine
1798 5478 1875 5534 in-
1976 5479 2113 5536 Mat.
2144 5479 2270 5534 Luc.
2296 5477 2693 5534 ham—Mat.
2724 5476 2895 5531 Marc.
2924 5474 3084 5531 Joan.
3112 5491 3131 5528 :
3152 5475 3235 5530 vel
3256 5474 3365 5529 duo
3388 5474 3527 5527 dun—

315 5570 559 5625 stitutam
600 5568 667 5623 ab
702 5576 920 5624 auctore
967 5583 1132 5639 supra
1173 5568 1431 5639 diximus,
1478 5584 1640 5643 quam
1690 5569 1757 5626 ad
1787 5570 1873 5628 de-
1974 5582 2155 5642 taxat;
2205 5573 2336 5630 Mat.
2383 5571 2510 5628 Luc.
2543 5570 2769 5627 —Mat.
2832 5568 3067 5626 Mar.--—
3090 5567 3223 5624 Mat.
3267 5565 3428 5623 Joan.
3457 5589 3527 5608 --
