3950 6218
367 255 493 310 1301

1105 377 1152 435 N

428 485 647 555 Natalem
689 486 879 555 Christi
904 490 1061 555 locum
1097 491 1390 541 Bethlehem
1426 491 1528 542 fore
1551 494 1720 555 psalml
1759 497 1924 542 aucto-

366 549 515 597 ritate
543 547 796 609 probatur,
844 550 947 599 188.

428 628 606 698 Natura
626 632 787 681 divina
820 634 1060 698 quomodo
1095 636 1307 698 putanda
1350 637 1414 684 sit
1436 639 1597 685 omnia
1634 626 1918 698 penetrare,

367 692 593 740 ordinare
634 701 780 753 atque
816 692 1071 753 perlicere,
1095 692 1220 745 '168.
1259 696 1487 746 Naturam
1526 692 1734 747 divinam
1778 695 1924 747 variis

367 754 779 814 appellationibus
816 754 1015 805 Hebraei
1058 757 1350 819 signiﬁcant,
1388 759 1492 807 105.

434 835 687 886 Nazaraeus
725 838 840 900 quid
885 841 1260 901 interpretatum
1301 840 1562 905 signiﬁcet,
1601 842 1709 892 549.

431 916 625 977 Ninive,
652 918 863 980 Assyriae
888 919 1020 981 urbs,
1064 921 1172 971 520.

397 998 617 1071 .ln‘lomen
661 1003 782 1071 illud
823 1011 1031 1071 quatuor
1067 1005 1340 1071 litterarum
1372 1006 1498 1071 quod
1521 1006 1675 1055 Judzei
1714 1005 1923 1055 inenun-

372 1060 679 1129 tiabile_e_sse
704 1060 873 1112 dicunt
896 1073 953 1129 et
970 1067 1032 1114 de
1053 1069 1158 1129 solo
1190 1069 1294 1115 Deo
1323 1060 1545 1129 et'Patre
1578 1081 1813 1129 usurpare
1843 1083 1924 1117 so-

370 1122 496 1194 ient,
524 1124 649 1194 Filio
688 1138 883 1194 quoque
922 1126 1015 1175 Dei
1056 1127 1136 1176 ubi
1174 1129 1245 1194 de
1262 1130 1367 1189 ejus
1389 1128 1643 1194 divinitate
1668 1122 1847 1192 agitur,
1874 1132 1920 1179 in

370 1186 519 1232 sacris
558 1184 740 1234 litteris
784 1184 1020 1236 tributum
1060 1184 1350 1248 ostenditur,
1392 1191 1497 1239 455.

429 1266 635 1316 Nomine
656 1269 797 1335 __Sion
826 1276 914 1335 aut
942 1270 1248 1321 Hierusalem
1275 1273 1469 1333 quando
1512 1271 1669 1322 anima
1688 1272 1808 1335 justi
1831 1272 1920 1321 de-

371 1324 488 1376 beat
523 1330 784 1390 appellari,
824 1332 934 1379 505.

432 1408 552 1458 Novi
585 1411 889 1459 Testamenti
931 1412 1130 1461 verbum
1171 1415 1410 1463 descensu
1447 1414 1621 1465 Christi
1659 1417 1708 1463 in
1745 1422 1925 1464 terram

371 1471 428 1519 ad
474 1485 645 1520 omnes
686 1474 909 1522 homines
947 1485 1233 1535 penetrasse
1273 1476 1566 1536 declaratur,
1610 1478 1716 1524 278.

428 1550 799 1622 Nubendiratio
824 1569 908 1605 cur
932 1560 1223 1622 contractior
1243 1562 1305 1607 sit
1333 1567 1552 1621 tempore
1586 1560 1710 1622 legis
1734 1562 1922 1622 gratiae,

366 1626 510 1674 quam
551 1616 701 1664 fuerit
745 1624 964 1678 tempore
1004 1617 1128 1681 legis
1166 1627 1355 1670 natura)
1399 1616 1473 1669 vel
1502 1616 1761 1682 Mosaicae,"
1783 1624 1843 1670 30

434 1922 606 1991 Oderis
628 1926 933 1991 fragrantiam
956 1930 1003 1977 in
1030 1931 1214 1991 templo
1237 1932 1454 1980 incensis
1503 1938 1557 1981 et
1595 1931 1925 1991 fumigationi-

370 1982 461 2033 bus
492 1982 723 2035 excitari'
739 2001 826 2037 cur
875 1992 1069 2053 legibus
1110 1982 1208 2041 suis
1249 1994 1409 2042 Moses
1426 1995 1671 2053 statuerit,
1698 1982 1803 2042 1'72.

435 2066 544 2115 Olei
566 2081 676 2129 quae
698 2071 760 2136 sit
779 2076 946 2136 natura
967 2080 1114 2134 atque
1141 2079 1431 2136 preprietas,
1455 2076 1558 2123 175.
1584 2076 1708 2124 Oleo
1732 2076 1926 2136 quando

371 2136 677 2198 comparetur
692 2131 1106 2198 divinabatura'et
1121 2131 1311 2197 quando
1332 2131 1602 2198 unguento,
1623 2138 1728 2198 174.
1751 2131 1926 2185 Uleum

374 2190 467 2239 Dei
508 2191 622 2252 quid
668 2196 816 2242 sacris
860 2196 1037 2244 litteris
1080 2190 1283 2257 mj'stice
1325 2190 1718 2261 designet,'172.

436 2271 756 2338 Omnipotens
794 2275 948 2335 Deus,
986 2279 1390 2338 quemadmodum
1414 2282 1704 2329 conﬁteatur
1727 2294 1782 2329 se
1808 2281 1926 2329 mis-

372 2346 497 2393 sum,
542 2344 596 2384 ut
639 2337 825 2386 auferat
868 2352 925 2387 ea
965 2337 1074 2401 quze
1125 2342 1295 2389 vitiosa
1332 2348 1463 2400 sunt,
1504 2343 1611 2390 282.

434 2415 651 2467 Oraculis
669 2422 967 2481 propheticis
985 2423 1344 2473 demonstratur
1360 2426 1622 2473 adventum
1643 2425 1818 2473 Christi
1839 2424 1928 2473 sub

371 2476 521 2547 ﬁnem
558 2476 723 2529 mundi
760 2476 1002 2547 Tuturum,
1028 2485 1133 2532 276.
1181 2486 1384 2534 Oracula
1416 2488 1633 2547 quaedam
1654 2487 1715 2533 de
1740 2486 1929 2535 Christo

374 2549 436 2607 ex
479 2539 681 2607 deorum
707 2546 956 2607 responsis
991 2539 1198 2594 auctore
1240 2539 1526 2607 Porphyrio,
1568 2547 1674 2595 151.
1705 2546 1929 2595 Oraeulis

372 2605 424 2645 et
465 2603 678 2669 auguriis
718 2604 963 2669 daemones
1002 2609 1154 2669 malos
1190 2621 1245 2656 ac
1266 2603 1424 2655 omnis
1447 2603 1681 2669 nequitia:
1706 2615 1930 2656 auctores

372 2660 621 2719 przefuisse
664 2667 955 2721 ostenditur,
1000 2667 1107 2714 201.

379 2811 399 2854 ί
403 2742 574 2853 αρτ-(125)
606 2748 784 2807 triplex
830 2747 1045 2796 divinum
1092 2750 1276 2801 cultum
1319 2752 1652 2812 proﬁtentium
1694 2751 1930 2802 describi-

378 2883 663 2994 51(iirigenis
686 2892 795 2936 octo
817 2888 1056 2939 volumina
1083 2897 1247 2939 contra
1272 2892 1403 2942 Celsi
1425 2891 1695 2941 orationem
1729 2896 1928 2956 scripta,

435 3024 679 3096 Qritarum
719 3029 860 3089 regio
904 3029 984 3079 tibi
1009 3043 1149 3096 aereae
1171 3037 1342 3096 petrae,
1377 3044 1523 3096 arena
1548 3046 1694 3092 terea,
1729 3047 1925 3094 quoque

388 3088 480 3150 ipsi
519 3088 652 3137 ﬂuvii
694 3096 909 3137 ramenta
950 3092 1059 3138 aeris
1099 3088 1380 3141 devolvunt,
1407 3093 1551 3141 527..

441 3167 633 3218 Osanna
673 3171 789 3232 quid
837 3174 1209 3234 interpretatum
1233 3175 1494 3235 signiﬁcet,
1538 3173 1645 3223 459.

438 3254 566 3305 (1εωὶ
590 3257 903 3323 temporibus
924 3265 1072 3308 terrae
1095 3268 1277 3309 motum
1298 3260 1473 3310 factum
1498 3260 1698 3323 Josephi
1720 3262 1931 3309 auctori-

381 3321 484 3366 tate
523 3317 774 3380 probatur,
824 3321 931 3370 291.

439 3396 607 3465 Ovium
628 3402 823 3465 nomine
842 3403 1089 3465 Scriptura
1119 3416 1223 3452 eam
1245 3406 1293 3452 in
1320 3404 1533 3453 Ecclesia
1570 3406 1931 3454 multitudinem

374 3459 506 3512 nolet
544 3463 843 3525 exprimere,
882 3459 992 3526 quin
1031 3473 1221 3515 constat
1245 3479 1307 3515 ex
1347 3467 1808 3529 imperfectioribus,
1853 3469 1906 3517 71

1135 3593 1181 3653 P

439 3737 576 3803 Pacis
591 3740 819 3800 princeps
842 3751 928 3787 cur
950 3737 1165 3803 Christus
1187 3739 1391 3803 dicatur,
1416 3737 1524 3787 515.
1549 3739 1688 3789 Pacis
1714 3745 1933 3803 tempore

376 3811 463 3848 cur
498 3799 717 3850 Christus
759 3799 887 3850 nasci
917 3801 1143 3858 voluerit,
1192 3799 1293 3848 159.

441 3881 680 3930 Passionis
696 3890 919 3945 tempore
938 3896 1046 3942 quae
1065 3882 1237 3945 fuerin
1254 3895 1465 3929 omnium
1494 3882 1804 3931 amiclionum
1827 3898 1937 3945 quae

383 3953 497 3989 eum
524 3943 804 4004 premebant
836 3946 1057 3997 maxima,
1081 3944 1183 3990 592.
1212 3943 1377 3991 Passio
1397 3946 1574 3993 Christi
1597 3947 1653 3992 ad
1680 3943 1934 4004 vesperam

382 4004 875 4068 nocte__ad_ventante
900 4012 975 4053 est
1013 4004 1278 4057 celebrala,
1312 4005 1417 4053 192.
1448 4006 1689 4054 Passionis
1716 4014 1933 4068 tempora

381 4076 491 4124 quze
526 4064 715 4115 Christo
750 4067 1028 4115 acciderunt
1069 4068 1355 4127 prophetico
1390 4071 1669 4116 testimonio
1694 4064 1935 4116 even'ture

381 4128 672 4189 ostenditur.
716 4128 824 4177 491.
852 4129 1093 4176 Passionis
1131 4136 1352 4189 tempore
1378 4142 1462 4177 cur
1486 4130 1633 4179 fuerit
1670 4129 1887 4180 Christus
1908 4145 1935 4178 a

384 4184 533 4237 Patre
580 4190 771 4238 caelesti
814 4190 1101 4247 derelictus,
1131 4184 1237 4238 495.

449 4268 677 4319 Pastores
721 4276 822 4319 tres
861 4285 957 4320 uno
1000 4278 1220 4333 tempore
1252 4273 1504 4333 prophetat-
1546 4275 1822 4322 testimonio
1846 4273 1935 4322 sub

380 4329 641 4439 rgentum
665 4333 842 4384 Christi
868 4334 1049 4383 Judaeis
1070 4329 1354 4394 auferendi,"
1370 4336 1453 4395 qui
1476 4336 1575 4384 sint
1604 4337 1933 4397 intelligendi,

442 4474 591 4539 Pater
628 4477 844 4525 cmlestis
886 4476 1128 4539 Christum
1164 4490 1362 4537 semper
1392 4477 1611 4539 exaudit,
1637 4476 1727 4526 497
1788 4478 1934 4527 Pater

379 4549 472 4583 non
503 4537 747 4585 locutione
774 4545 914 4586 tenus
936 4537 983 4585 iu
1022 4537 1199 4586 divinis
1226 4540 1373 4586 Pater
1414 4549 1508 4595 est,
1538 4537 1623 4586 sed
1652 4539 1857 4588 veritate
1882 4548 1936 4589 et

382 4599 540 4658 reipsa
566 4600 804 4658 unigeniti
850 4601 957 4647 Filii
999 4600 1161 4657 Pater,
1193 4600 1236 4647 4.
1268 4600 1414 4648 Pater
1436 4603 1484 4648 in
1526 4601 1703 4650 divinis
1726 4615 1812 4650 cur
1837 4616 1934 4650 non

378 4660 547 4720 plures
586 4660 678 4708 sibi
726 4668 993 4710 comternos
1031 4663 1156 4709 ﬁlios
1193 4665 1441 4721 genuerit,
1486 4661 1587 4710 155.

441 4741 615 4790 Patres
643 4742 843 4804 Veteris
880 4744 1178 4791 Testamenti
1207 4745 1342 4791 initio
1370 4745 1567 4804 quidem
1600 4746 1756 4793 aetatis
1778 4744 1931 4795 soboli

379 4804 633 4862 augenda,
659 4803 976 4866 conjugioque.
1004 4813 1247 4862 vacarunt,
1269 4806 1357 4851 sed
1389 4803 1590 4853 ’inature
1624 4806 1935 4856 abstinebant

382 4871 531 4928 atque
580 4867 869 4928 cessabant.
909 4868 981 4913 55.
1036 4866 1257 4914 Patribus
1296 4869 1508 4928 antiquis
1553 4869 1793 4916 Christum
1837 4883 1932 4916 non

382 4927 542 4973 minus
574 4930 817 4985 cognitum
852 4927 998 4975 fuisse
1024 4942 1167 4985 quam
1197 4928 1353 4985 nobis,
1378 4942 1620 4977 sacrarum
1659 4930 1931 4978 litterarum

382 4942 542 4973 mlllllS
574 4942 817 4985 Cﬂgllllllm
852 4942 998 4975 IIIISSC
1024 4942 1080 5036 (111

382 4990 670 5035 auctoritate
715 4989 964 5050 probatur,
1009 4991 1027 5035 1
1070 5027 1080 5037 .

439 5068 707 5133 Peccatum
724 5084 781 5117 ex
806 5076 1085 5132 contemptu
1110 5071 1351 5132 quomodo
1377 5068 1573 5133 purgari
1612 5070 1839 5119 debuerit
1868 5086 1930 5120 ev

381 5130 509 5195 legis
553 5131 737 5179 veteris
760 5130 1015 5185 instituto;
1032 5134 1073 5180 1.
1108 5130 1776 5195 Peccatumexi—ignorantia
1801 5137 1933 5195 quali

382 5191 535 5257 hostia
578 5194 658 5257 le}
698 5204 837 5241 vetus
879 5195 1065 5253 erpiari
1104 5196 1412 5257 prtereperit,
1455 5194 1497 5241 1.
1550 5191 1933 5257 Ρρορτιιιιῐηάυει

379 5255 570 5302 ratione
609 5255 797 5302 dicatur
832 5256 1046 5305 Christus
1087 5270 1173 5316 pro
1207 5255 1344 5303 nobis
1384 5256 1554 5314 factus,
1592 5256 1700 5302 467.
1731 5255 1931 5306 Peccata

378 5321 543 5363 nostra
587 5316 779 5376 quando
815 5317 991 5364 dicitur
1015 5316 1232 5367 Christus
1278 5318 1448 5365 fecisse
1482 5332 1586 5371 sua,
1620 5317 1727 5365 467.

438 5398 788 5448 Persecutores
819 5400 1048 5448 Ecclesiae
1072 5400 1345 5460 perdendos
1368 5412 1477 5447 esse
1505 5397 1797 5447 testimoniis
1820 5412 1932 5460 pro—

377 5461 636 5523 phetarum
679 5464 998 5520 convincitur,
1025 5462 1103 5509 82.

437 5541 761 5590 Personarum
802 5543 1069 5591 divinarum
1118 5544 1328 5592 dualitas
1369 5541 1446 5590 bis
1494 5540 1776 5602 planissime
1821 5545 1930 5590 sine

378 5604 495 5665 ullis
539 5605 802 5652 involucris
842 5604 1120 5665 theologice
1162 5621 1185 5652 a
1213 5606 1343 5652 Mose
1392 5605 1776 5656 commendatur.
1822 5606 1927 5653 252.

378 5662 699 5713 Personarum
748 5662 1349 5718 diVinarum'(luaiitatem.
1410 5666 1565 5712 Patris
1611 5666 1837 5713 videlicet
1880 5672 1931 5713 et

382 5724 511 5787 Filii,
536 5740 585 5775 et
610 5740 775 5775 eorum
796 5729 1001 5776 alterum
1028 5730 1241 5778 universi
1266 5728 1490 5788 opiﬁcem
1517 5727 1661 5776 Isaias
1702 5733 1928 5788 testatur,

1581 256 1793 312 INDEX
1829 251 2287 309 ANALYTICUS.

3432 232 3591 305 1302’

2025 369 2134 421 231.
2177 371 2500 421 Personarum
2543 369 2814 421 divinarum
2854 369 3063 419 dualitas
3087 368 3356 417 Psalmista:
3374 370 3585 417 auctori-

2027 437 2128 481 tate
2166 432 2415 493 probatur,
2462 431 2570 481 219.
3093 445 3097 451 '

2082 514 2371 563 Pestilentia
2394 514 2452 563 ab
2472 513 2731 577 Apollonio
2742 514 2947 576 Ephesis
2970 512 3158 577 sedata,
3166 512 3272 577 528.
3288 510 3577 577 Pestilentia

2021 573 2282 635 Apollonio
2307 578 2402 624 visa
2431 572 2528 624 sub'
2545 575 2708 624 habitu
2732 572 2869 624 senis
2904 577 3124 635 pannosi,
3149 574 3254 622 528.
3291 572 3579 622 Pestilentia

2026 643 2102 684 est
2122 639 2368 697 corruptio
2408 638 2680 686 circumfusi
2709 639 2856 695 aeris,
2892 636 3158 695 vitiumque
3192 647 3265 697 es,
3288 635 3479 695 putrido
3501 647 3583 683 va-

2025 707 2195 758 poratu
2217 695 2278 746 in
2294 699 2563 746 morbosam
2585 698 2871 761 qualitatem
2896 698 3165 759 vergentis,
3190 695 3296 743 528.

2084 780 2262 828 Petrus
2285 783 2531 843 apostolus
2553 794 2614 829 ex
2639 782 2783 843 nimia
2800 780 3079 843 reverentia
3099 776 3349 843 indignum
3374 790 3428 825 se
3457 778 3585 843 resti-

2020 846 2169 903 mavit
2190 857 2270 903 qm
2302 839 2613 903 Evangelium
2634 842 2887 903 scriberet,
2912 841 3014 903 120.
3040 842 3215 888 Petrus
3244 840 3405 886 Romae
3428 839 3584 899 capite

2022 902 2071 951 in
2100 902 2278 952 terram
2300 902 2449 952 verso
2464 906 2592 951 cruci
2617 904 2845 963 afligitur,
2870 902 2971 949 111.
2998 903 3133 951 Petri
3158 903 3469 963 negationem
3499 913 3585 948 cur

2025 964 2214 1014 Marcus
2236 972 2329 1014 tam
2358 972 2531 1014 exacte
2557 964 2891 1025 descripserit,
2917 963 3020 1012 121.

2084 1069 2386 1119 Philalethes
2409 1070 2651 1120 Hieroclis
2674 1069 2784 1118 libri
2802 1068 2992 1131 quibus
3016 1067 3271 1128 Tyaneum
3292 1066 3411 1115 Jesu
3447 1065 3586 1117 Chri-

2023 1135 2099 1179 sto
2118 1135 2417 1194 atquiparare
2438 1134 2704 1191 contendit,
2731 1130 2835 1179 511.

2084 1214 2333 1265 Philolaus
2359 1217 2680 1279 Pythagorea;
2702 1216 2935 1264 doctrinae
2956 1212 3269 1275 conscriptor,
3294 1212 3402 1261 519.

2086 1296 2406 1346 Philostratus
2439 1300 2487 1345 in
2530 1298 2774 1359 Apollonii
2810 1296 3239 1359 iconsortioovixrit,
3274 1293 3417 1359 cujus
3461 1290 3583 1359 facta

2023 1360 2269 1406 memoriae
2295 1360 2552 1414 mandavit,
2577 1353 2682 1406 512.
2714 1358 3036 1404 Philostratus
3059 1356 3311 1417 Apollonii
3341 1357 3485 1402 vitam
3525 1353 3587 1402 ab

2024 1418 2333 1468 incunabulis
2358 1421 2415 1468 ad
2441 1421 2628 1468 exitum
2642 1432 2796 1480 usque
2826 1416 3234 1480 cornteXuit,:51§.
3263 1416 3587 1480 Philostratus

2022 1480 2267 1541 Apollonii
2308 1488 2511 1529 strenue
2557 1477 2731 1541 nugax'
2756 1480 3003 1541 defensor,
3042 1478 3146 1526 550.
3183 1477 3492 1525 Pbilostratis
3535 1481 3589 1524 et

2022 1539 2237 1590 Damidis
2281 1543 2531 1591 mendacia
2572 1539 2873 1603 deteguntur
2910 1539 3086 1603 quibus
3137 1552 3361 1588 asserere
3409 1550 3588 1587 conan-

2025 1608 2105 1650 tur
2129 1604 2438 1665 Apollonium
2463 1600 2725 1653 αὺτοδῑδυτοζ
2748 1603 2913 1660 fuisse,
2934 1600 3039 1650 518.

2084 1685 2289 1747 Pietatis
2313 1700 2428 1747 erga
2453 1685 2617 1747 Deum,
2636 1686 2919 1733 imitandum
2948 1685 3136 1733 cunctis
3182 1683 3466 1746 exemplum
3496 1682 3588 1733 Job

2024 1746 2305 1796 exhibuisse
2330 1746 2577 1809 probatur,
2605 1746 2677 1795 16.

2084 1829 2432 1878 Pincernarum
2457 1830 2583 1891 apud
2626 1829 2769 1878 Indos
2798 1841 2921 1890 quos
2946 1828 3068 1877 vidit
3094 1826 3407 1889 Apollonius,
3428 1829 3592 1875 motus

2024 1898 2129 1940 erat
2152 1895 2384 1953 magicus,
2406 1891 2515 1939 551.

2088 1972 2279 2020 Pisatus
2304 1979 2444 2019 nocte
2469 1973 2517 2033 in
2556 1972 2791 2033 templum
2821 1971 2915 2021 Dei
2946 1976 3113 2020 contra
3135 1969 3203 2019 fas
3225 1970 3463 2033 imagines
3485 1967 3591 2020 C8-

2024 2035 2144 2083 saris
2166 2033 2391 2082 intulisse
2416 2032 2669 2092 probatur,
2681 2034 2788 2081 405.

2086 2114 2355 2177 PlagiariUs
2374 2114 2645 2172 Hierocles,
2672 2113 2779 2162 511.

2090 2198 2227 2246 P'aio
2250 2199 2399 2245 multa
2424 2212 2451 2245 e
2470 2196 2803 2245 sacerdotibus
2827 2195 3066 2257 Egs'ptiis
3086 2199 3137 2243 et
3156 2190 3409 2255 prophetis
3428 2192 3586 2257 audita

2027 2273 2079 2307 et
2106 2262 2227 2307 lecta
2270 2259 2409 2307 libris
2450 2260 2550 2306 suis
2589 2260 2815 2315 inseruit,
2857 2254 2965 2305 51οζ
3016 2254 3171 2304 Ριεισ
3206 2254 3352 2303 unum
3394 2255 3587 2302 tandem

2026 2320 2185 2369 Deum
2220 2334 2390 2382 magna
2428 2334 2534 2382 cum
2576 2320 2862 2382 diliicultate
2898 2330 3213 2380 cognoscens,
3256 2318 3305 2365 in
3344 2315 3590 2377 publicum

2028 2382 2209 2430 eﬁ'erre
2233 2380 2326 2430 non
2351 2381 2577 2440 audebat,
2604 2380 2707 2428 129.

2089 2463 2267 2531 Ptenas
2299 2464 2617 2513 inevitabiles
2654 2476 2747 2531 cur
2785 2459 3007 2531 Christus
3058 2457 3594 2531 impiis_descripserit,

2023 2526 2176 2634 {tatis
2215 2538 2330 2574 vero
2354 2532 2583 2575 aeternam
2605 2539 2633 2573 a
2653 2525 2759 2574 Deo
2810 2527 2954 2573 vitam
2982 2519 3196 2586 promitti
3217 2519 3458 2582 docuerit,
3486 2519 3595 2583 106,

2090 2668 2391 2731 Potestatem
2436 2683 2578 2718 unam
2619 2668 2830 2717 divinam
2864 2682 3009 2731 supra
3051 2679 3195 2716 omne
3221 2667 3463 2728 opiﬁcium
3486 2669 3597 2716 uni-

2029 2732 2158 2778 versi
2181 2728 2404 2778 admirari
2431 2738 2507 2777 est
2534 2743 2809 2785 necessum,
2838 2728 2938 2777 149.
2968 2731 3267 2778 Potestatem
3290 2742 3401 2776 esse
3424 2743 3597 2785 quam-

2029 2791 2136 2839 dam
2170 2791 2260 2839 Dei
2301 2793 2556 2846 inimicam,
2592 2792 2642 2839 in
2681 2806 2775 2852 qua
2816 2793 2898 2852 qui
2935 2791 3225 2848 dominatur,
3264 2802 3405 2837 omne
3441 2791 3597 2840 homi-

2030 2866 2145 2899 num
2170 2865 2325 2911 genus
2348 2853 2621 2907 seduxerit,
2646 2851 2936 2909 declaratur,
2964 2853 3068 2901 158.
3100 2852 3379 2900 Potestates
3418 2851 3597 2900 divinae

2030 2914 2411 2962 innumerabiles
2440 2914 2637 2974 quidem
2677 2921 2855 2961 creatae
2895 2921 3025 2966 sunt.
3069 2927 3161 2961 una
3202 2912 3598 2974 vero_duntaxat

1935 2974 1946 2989 ‘
2029 2975 2315 3037 ipsiusoli‘ilii
2338 2975 2430 3024 Dei
2454 2971 2653 3037 propter
2678 2989 2820 3037 quam
2856 2976 3101 3024 inducitur
3134 2975 3291 3035 imago
3324 2971 3415 3021 Dei
3442 2975 3600 3024 Patris

2033 3034 2163 3093 esse,
2188 3034 2279 3082 149

2095 3137 2345 3201 Praecepta
2365 3137 2491 3201 legis
2508 3137 2735 3201 Mosaicae
2753 3151 2895 3201 quam
2920 3137 3101 3188 fuerint
3139 3135 3380 3187 universis
3415 3137 3598 3187 Judeis

2032 3206 2226 3246 servatu
2251 3196 2483 3255 diﬂlcilia,
2507 3199 2553 3246 5.

2096 3281 2446 3329 Prmdicatorcs
2467 3288 2517 3328 et
2542 3281 2768 3344 doctores
2794 3283 2842 3331 in
2866 3283 3086 3333 Ecclesia
3109 3295 3195 3333 cur
3214 3283 3461 3344 sejunctas
3485 3294 3597 3331 esse

2032 3348 2256 3405 Oporteat
2278 3356 2303 3391 a
2326 3355 2381 3391 re
2406 3344 2593 3401 uxoria,
2619 3342 2697 3391 51.

2095 3423 2341 3535 Praelata?l
2368 3422 2603 3475 Ecclesiae
2626 3423 2874 3487 Scriptura
2918 3424 3065 3475 boum
3100 3430 3295 3476 nomine
3339 3427 3468 3476 solet
3501 3438 3596 3475 ex-

2095 3499 2267 3535 imere.
2356 3524 2367 3535 .

2032 3499 2267 3549 primere,
2300 3499 2367 3535 ll.

2098 3567 2430 3628 Prmstigiator
2459 3565 2638 3628 quibus
2661 3567 2850 3615 indiciis
2880 3568 3077 3629 agnosci
3118 3572 3283 3629 queat,
3324 3566 3428 3616 125.
3463 3567 3597 3629 Pra-

2034 3629 2335 3739 stigiqt’tgrem
2374 3629 2523 3677 fuisse
2545 3629 2784 3680 Christum
2823 3628 3160 3678 arbitrantium
3194 3641 3331 3677 error
3354 3628 3598 3679 convinci-

2036 3697 2130 3739 tur.
2183 3724 2210 3737 ..
2247 3729 2257 3739 .

2096 3770 2420 3834 Ρνερδιίςὶοείε
2452 3773 2672 3821 foliorum
2703 3773 3018 3834 quorumdam
3051 3769 3462 3833 inscriptionibus,
3508 3779 3592 3820 aut

2034 3835 2677 3943 herblaruitnizgadicumque
2711 3833 3178 3896 Suﬁ‘umigationibus
3217 3833 3483 3883 Christiano
3527 3834 3595 3883 uti

2034 3910 2129 3944 non
2171 3909 2245 3944 ice
2274 3933 2285 3944 .
2401 3932 2413 3944 .

2273 3933 2285 3955 ,
2311 3932 2413 3944 Ι-..

2097 3979 2475 4040 Primogenitam
2514 3979 2606 4027 Dei
2642 3979 2893 4030 virtutem.
2917 3991 3057 4038 quam
3087 3982 3142 4026 et
3176 3974 3463 4040 sapientiam
3503 3978 3597 4040 Dei

2035 4038 2326 4103 appellatet
2356 4041 2584 4103 ejusdem
2608 4041 2843 4103 sobolem,
2865 4038 3269 4101 quemadmodum
3293 4038 3521 4089 Salomon
3545 4039 3594 4088 in

2035 4101 2316 4152 Proverbiis
2337 4102 2583 4163 designet,
2608 4101 2715 4149 211.

2094 4187 2442 4235 Promissorum
2467 4183 2738 4233 divinorum
2782 4189 2958 4232 eventa
2982 4197 3077 4231 non
3114 4185 3163 4232 in
3196 4197 3388 4233 omnem
3429 4183 3595 4233 Judai-

2034 4261 2137 4296 cam
2160 4247 2488 4357 ginteméssed
2522 4249 2568 4295 in
2602 4259 2777 4308 paucos
2817 4258 2985 4294 eorum
3011 4246 3245 4295 duntaxat
3280 4253 3590 4308 perventura,

2034 4316 2174 4357 osten
2215 4312 2327 4357 itur.
2413 4348 2424 4357 .

2034 4316 2327 4369 ostenditur,
2348 4316 2424 4357 65.

2098 4392 2390 4453 Prophetam
2415 4405 2469 4439 se
2492 4392 2835 4453 suscitaﬁturum
2861 4405 2947 4439 cur
2970 4390 3103 4439 Deus
3131 4392 3311 4441 Juda-is
3350 4391 3593 4453 pollicitus

2034 4451 2208 4501 fuerit.‘
2227 4453 2331 4500 415.
2360 4454 2620 4514 Prophetas
2640 4452 2953 4501 Hebraeorum
2978 4466 3184 4513 quonam
3211 4451 3362 4501 modo
3375 4454 3517 4501 simul
3541 4460 3594 4501 et

2033 4530 2143 4576 quae
2164 4515 2321 4577 futura
2354 4514 2779 4577 essentcanehant
2802 4524 2851 4562 et
2871 4518 3019 4577 solam
3040 4528 3200 4563 veram
3222 4516 3511 4577 theologiam
3531 4515 3591 4563 il-

2034 4575 2323 4631 lustrabant,
2365 4577 2473 4623 202.
2514 4575 2864 4636 Prophetarum
2897 4576 3205 4633 habitus,14.
3242 4575 3594 4636 Prophetarum

2034 4639 2431 4687 comminationes
2464 4632 2697 4685 adversus
2719 4638 2913 4685 .ludzcos
2938 4632 3137 4698 prepter
3162 4632 3458 4685 Salvatorem
3499 4650 3587 4684 no-

2034 4709 2186 4748 strum
2209 4699 2446 4749 Christum
2472 4708 2521 4746 et
2542 4706 2651 4759 post
2684 4700 2789 4757 ejus
2820 4700 3080 4746 ad~entum
3118 4699 3350 4759 accidisse
3372 4698 3591 4746 ostendi—

2037 4768 2131 4818 tur,
2156 4761 2234 4807 65.
2272 4758 2621 4821 Prophetarum
2651 4760 2844 4807 oracula
2877 4762 3137 4808 adventum
3162 4758 3334 4807 Christi
3363 4766 3591 4818 spectan-

2035 4825 2097 4871 tia
2140 4836 2227 4870 cur
2249 4825 2342 4871 alia
2376 4822 2574 4883 quidem
2608 4822 2879 4881 obscurius,
2909 4822 3002 4870 alia
3037 4830 3199 4870 autem
3227 4822 3443 4882 apertius
3466 4822 3593 4871 dicta

2033 4885 2366 4941 inveniantur,
2395 4884 2502 4931 257.

2096 4966 2419 5013 Providentiae
2454 4963 2771 5023 gubernantis
2809 4965 3160 5025 sapientissima
3197 4963 3391 5011 decreta
3431 4970 3592 5012 custo-

2034 5028 2175 5077 diunt
2200 5035 2251 5075 et
2273 5036 2521 5076 assorvant
2542 5029 2787 5084 universa,
2810 5026 2917 5075 515.

2094 5112 2309 5173 Pygmaei
2354 5116 2403 5157 et
2428 5110 2853 5173 Anthropophagi,
2892 5114 2943 5156 et
2982 5107 3246 5173 Sciopodes
3283 5108 3408 5173 apud
3452 5108 3593 5157 Indos

2035 5167 2297 5233 Apolionio
2332 5173 2438 5228 visi,
2468 5173 2574 5219 555.
2604 5167 2816 5232 Pygmaii
2850 5183 3024 5231 specus
3056 5167 3401 5218 subterraneos
3440 5183 3593 5233 prope

2035 5237 2251 5296 Gangem
2279 5233 2515 5290 habitant,

2094 5309 2394 5369 Pythagoras
2422 5308 2575 5369 Magis
2599 5313 2914 5357 conversatus
2946 5304 3131 5353 nullam
3159 5302 3330 5367 magia:
3357 5306 3596 5367 suspicio-

2032 5384 2142 5418 nem
2170 5371 2389 5425 incurrit,
2414 5370 2519 5417 540.

2097 5433 2396 5494 Pythagoras
2426 5432 2635 5489 Samius,
2659 5430 2767 5478 520.

2798 5540 2837 5598 S

2093 5662 2427 5711 Sandaravinze
2450 5673 2595 5720 aqua:
2612 5665 2792 5723 puteus
2823 5661 2947 5723 apud
2976 5659 3313 5716 Brachmauos,
3338 5655 3446 5704 538.

2096 5724 2448 5774 Sandaracinus
2473 5726 2666 5782 puteus,
2693 5721 2797 5769 525.
