3870 6314
1323 480 1352 490 Ν
1363 487 1366 489 λ
1410 481 1509 492 “-¹⁴

2483 533 3403 561 W

1246 480 1366 491 ΜΝ.

1230 512 1402 526 IlI-‘2'.

1275 515 1369 527 ...ν-

1404 941 1623 1024 ΤΟΥ
1693 944 2277 1031 ΠΑΜΦΙΛΟΥ

697 1118 1846 1258 ΕΥΑΓΓΕΛΙΚΗΣ
1927 1129 2982 1272 ΑΠΟΔΕΙΞΕΩΣ

1361 1361 1857 1478 ΒΙΒΛΙΑ
1925 1371 2320 1482 ΔΕΚΑ

849 1735 1686 1917 EUSEBII
1790 1743 2820 1924 PAMPHILI

390 2043 630 2169 DE
736 2049 2136 2185 DEMONSTRATIONE
2236 2061 3221 2195 EVANGELICA

1379 2307 1750 2420 LIBRI
1832 2310 2295 2422 DECEM

1013 2517 1441 2575 INTERPRETE
1477 2519 1905 2576 BERNARDINO
1939 2521 2232 2588 DONATO,
2260 2523 2656 2582 VERONENSI.

1456 520 1482 527 ρ

245 2671 354 2738 (Ex
385 2675 533 2723 edit.
560 2673 737 2722 Paris.
762 2672 899 2729 1628,
932 2673 1098 2745 Colon.
1126 2671 1304 2745 (Lips).
1323 2671 1468 2745 1583,
1495 2671 1649 2745 Oxon.
1687 2670 1820 2745 [832.
1849 2697 1908 2740 -τ
1928 2672 2126 2722 Accedit
2147 2674 2536 2745 supplementum
2557 2691 2582 2725 a
2605 2678 2661 2745 J_._
2690 2677 2748 2726 Α.
2776 2677 2996 2745 Fabricio
3031 2683 3320 2745 evulgatum,

870 2731 1156 2793 prommium
1199 2731 1387 2782 scilicet
1423 2741 1477 2781 et
1515 2735 1666 2795 capita
1708 2731 1772 2780 ΙΙΙ
1816 2731 1990 2793 priora,
2025 2747 2130 2782 cum
2173 2731 2324 2795 ipsius
2364 2739 2525 2797 operis
2566 2739 2801 2800 epilogo.)

1013 2961 1585 3051 EPISTULA
1674 2964 1739 3049 N
1767 2967 1827 3051 U
1853 2964 2639 3056 NCUPATORIA.

1583 3149 1692 3210 (Ed.
1730 3149 1882 3199 Paris.
1915 3149 2073 3210 1628.)

232 3321 657 3378 Illustrissimo
681 3340 748 3376 ac
775 3322 1101 3390 integerrimo
1126 3323 1232 3373 viro
1255 3321 1462 3372 domino
1493 3317 1559 3373 D.
1587 3318 1966 3389 Hacquevilleo,
1989 3325 2338 3392 augustissimi
2356 3321 2644 3376 Galliarum
2672 3333 2875 3376 senatus
2898 3324 3064 3391 primo
3094 3324 3314 3378 Prazsitli
3339 3325 3399 3379 S.

229 3413 380 3468 Bene
410 3429 485 3466 ac
520 3414 777 3466 feliciter
806 3413 960 3466 nobis
990 3412 1356 3480 universaque
1381 3409 1561 3465 Galliae
1588 3413 1814 3465 cessisse
1848 3428 2034 3466 omnes
2061 3415 2514 3477 existimaverunt,
2546 3414 2902 3468 illustrissime
2935 3412 3156 3477 Prteses,
3190 3431 3308 3470 cum
3329 3418 3390 3473 al:

158 3517 395 3558 excessu
434 3501 804 3572 amplissimi
835 3511 1055 3556 senatus
1074 3503 1358 3570 principis,
1391 3502 1559 3569 patria
1586 3501 1937 3563 diuturniore,
1972 3516 2128 3568 quam
2159 3509 2525 3561 consueverat,
2561 3512 2791 3568 tempore
2823 3510 3180 3565 consternata,
3214 3502 3392 3554 subit»

156 3591 372 3644 luctum
423 3608 496 3646 ae
547 3589 906 3645 desiderium
939 3590 1071 3642 tanti
1097 3588 1349 3642 Praesidis
1374 3596 1464 3640 tua
1518 3589 1574 3640 in
1607 3589 1775 3656 ipsius
1805 3587 1978 3639 locum
2035 3592 2366 3656 promotione
2409 3589 2671 3656 deposuit.
2710 3587 2785 3640 Ex
2811 3604 2915 3657 quo
2942 3603 3115 3642 rerum
3150 3590 3388 3642 omnium

162 3685 514 3748 agendarum
553 3690 828 3747 tempora
865 3677 946 3731 sic
980 3678 1289 3739 illuxerunt,
1322 3685 1464 3729 tanta
1517 3677 1568 3729 in
1613 3678 1818 3729 animos
1844 3676 2080 3729 omnium
2113 3677 2325 3744 irrepsit
2350 3677 2550 3737 latitia,
2600 3683 2655 3728 ut
2683 3676 2769 3728 vix
2820 3677 2959 3729 aliud
2986 3678 3216 3745 optatius
3242 3681 3384 3747 quod

159 3773 388 3832 vellent,
432 3777 543 3821 aut
581 3768 745 3837 quod
795 3765 1054 3833 pristinas
1096 3764 1442 3833 regritudines
1482 3779 1546 3817 ex
1579 3763 1776 3816 recenti
1808 3764 2014 3831 jactura
2053 3772 2337 3832 conceptas
2367 3765 2727 3818 vehementius
2759 3765 3026 3830 allevaret,
3085 3766 3389 3835 contingere

159 3866 409 3928 potuisse
434 3861 784 3914 crederent.
815 3857 990 3926 thue
1020 3858 1324 3925 reipublicae
1346 3857 1504 3910 rebus
1527 3855 1790 3924 quondam
1813 3857 2132 3924 perturbatis
2150 3857 2570 3911 animadversum
2600 3865 2703 3922 est,
2733 3857 3194 3926 postCaunensem
3234 3857 3380 3912 illam

159 3953 373 4006 cladem
403 3951 682 4006 secundo
707 3949 954 4003 Marcelli
985 3950 1049 4002 ad
1073 3948 1257 4002 Nolam
1284 3949 1486 4018 prailio,
1511 3960 1760 4018 populum
1790 3948 2081 4002 Romanum
2107 3951 2334 4018 primum
2355 3951 2504 4019 erigi,
2538 3965 2598 4003 ac
2621 3951 2870 4019 deinceps
2896 3950 2962 4003 ad
2989 3959 3199 4020 optatos
3218 3953 3388 4005 exitus

151 4045 369 4098 amante
397 4045 648 4098 fortuna
678 4041 912 4110 provehi
940 4043 1167 4109 erupisse
1193 4063 1207 4094 ;
1231 4042 1311 4094 sic
1342 4049 1461 4109 post
1486 4042 1642 4094 unius
1666 4041 1760 4092 viri
1791 4041 1973 4094 amissi
1994 4042 2367 4104 calamitatem,
2397 4043 2550 4096 simul
2582 4049 2739 4111 atque
2761 4044 2825 4096 ad
2859 4044 3212 4111 augustiorem
3247 4044 3388 4096 illam

153 4134 597 4201 principemque
628 4136 873 4184 senatus
903 4127 1233 4196 dignitatem,
1261 4143 1368 4180 non
1406 4127 1739 4191 favitoribus,
1772 4135 1829 4178 ut
1855 4130 1928 4180 ait
1952 4129 2220 4192 Comicus,
2251 4129 2344 4182 sed
2371 4131 2566 4182 virtute
2593 4117 2874 4184 ambiendo
2903 4132 3209 4200 pervenisti,
3233 4134 3390 4202 lugu-

151 4222 264 4278 bria
287 4224 488 4277 omnia
517 4221 733 4291 procul
765 4219 1067 4281 eliminata,
1100 4229 1152 4272 et
1181 4233 1450 4288 prosperae
1483 4234 1567 4273 res
1595 4218 1786 4272 deinde
1809 4221 2081 4288 permulta:
2110 4229 2409 4275 consecuta:
2435 4221 2560 4274 sint.
2602 4221 2728 4286 Quze
2764 4224 2883 4277 aliis
2913 4223 3032 4277 inde
3067 4227 3386 4280 accesserint

151 4317 466 4378 commoda,
503 4313 704 4383 magis
733 4312 880 4380 ipsis
906 4310 1098 4378 quibus
1121 4313 1208 4364 illa
1241 4315 1577 4380 contigerunt
1598 4313 1837 4377 fruenda,
1860 4329 2016 4382 quam
2039 4315 2279 4382 pluribus
2300 4314 2635 4382 praedicanda
2663 4315 3027 4383 relinquimus.
3053 4315 3245 4372 Noster
3267 4331 3386 4372 vero

155 4407 306 4468 ordo,
344 4416 559 4461 nostra
611 4405 901 4465 societas,
933 4408 988 4454 et
1013 4403 1172 4455 veluti
1217 4402 1475 4454 litteraria
1506 4403 1743 4472 quaedam
1786 4405 2061 4466 sodalitas,
2094 4404 2248 4472 quasi
2279 4420 2342 4459 ex
2384 4405 2622 4475 longiore
2653 4413 2867 4458 veterno
2892 4414 3161 4468 revocata,
3189 4410 3242 4459 in
3269 4421 3384 4458 eam

153 4513 301 4565 spem
334 4505 537 4552 erecta
573 4500 696 4557 est,
727 4501 796 4545 ut
823 4503 879 4544 te
914 4505 1122 4544 sacrum
1152 4489 1442 4546 Tbemidos
1473 4494 1681 4546 clavum
1721 4500 1950 4554 tenente,
1981 4494 2346 4562 bonarumque
2373 4494 2666 4548 litterarum
2702 4496 2942 4557 custode,
2965 4495 3241 4548 doctorum
3271 4510 3386 4546 om-

150 4587 294 4639 nium
330 4587 594 4648 fautore,
629 4583 947 4652 ipsiusque
975 4579 1321 4634 humanitatis
1361 4583 1575 4636 assiduo
1615 4582 1842 4645 vindice,
1873 4583 2153 4651 pristinum
2197 4584 2448 4650 vigorem,
2475 4583 2638 4656 decus
2668 4598 2729 4636 ac
2760 4584 3119 4638 celebritatem
3152 4583 3296 4637 brevi
3328 4596 3386 4634 sc

147 4685 494 4746 recepturam
529 4677 898 4742 auguretur.
933 4667 1061 4732 Quae
1088 4685 1185 4724 nos
1201 4685 1266 4723 eo
1294 4685 1382 4724 res
1422 4671 1661 4734 adduxit,
1695 4679 1753 4724 ut
1780 4687 1934 4742 quem
1966 4688 2074 4741 prae
2123 4674 2367 4728 manibus
2401 4674 2656 4727 habemus
2685 4684 2953 4727 auctorem
2982 4673 3117 4726 diem
3146 4672 3383 4730 aspicere

143 4767 466 4836 seuientem
504 4760 849 4817 Eusebium
877 4756 1142 4827 Pamphili
1174 4759 1247 4812 De
1272 4758 1702 4815 demonstratione
1727 4763 2036 4831 evangelica,
2067 4764 2166 4816 hoc
2211 4772 2293 4817 est
2321 4765 2385 4817 de
2419 4763 2536 4816 ﬁdei
2560 4762 2878 4817 Christiana
2899 4763 3120 4815 veritate
3150 4761 3380 4828 graviter

144 4837 532 4919 ὰξεεέι-εηιειη,
568 4862 680 4908 tuo
719 4849 1087 4921 potissimum
1122 4849 1321 4902 nomini
1347 4863 1678 4914 consecrare,
1700 4867 1803 4907 non
1830 4860 1936 4906 tam
1966 4867 1996 4907 e
2017 4867 2074 4905 re
2100 4859 2278 4905 nostra
2310 4867 2453 4915 esse,
2480 4867 2636 4921 quam
2661 4851 2883 4919 publica:
2909 4849 3383 4918 congratulationis

139 4943 404 5003 interesse
435 4954 834 5018 putaremus.
866 4937 1006 4991 Nam
1038 4955 1156 4993 cum
1186 4941 1401 4993 humani
1429 4949 1481 4995 te
1503 4942 1640 5009 juris
1669 4954 1985 4998 assertorem
2007 4944 2323 4996 acerrimum
2361 4953 2416 4997 et
2439 4945 2591 5008 alias,
2616 4957 2759 4996 nunc
2786 4957 2914 4996 vero
2936 4941 3162 4994 maxime
3189 4940 3254 4992 ad
3281 4955 3378 4995 su-

140 5052 380 5108 premum
407 5039 596 5100 curia
644 5033 830 5102 regni
859 5030 1139 5099 fastigium
1167 5045 1258 5099 per
1277 5045 1461 5085 omnes
1498 5033 1756 5088 bonorum
1786 5036 1983 5106 gradus
2003 5022 2218 5090 evectus
2247 5036 2505 5104 pragmas,
2530 5036 2616 5092 cui
2657 5035 2870 5104 pietatis
2909 5037 2962 5086 et
3003 5031 3223 5087 sincera:
3253 5035 3381 5095 reli.

140 5132 306 5200 gionis
325 5147 470 5189 cura
504 5131 713 5201 magis
741 5126 1075 5184 incumbat,
1103 5124 1147 5176 si
1173 5138 1200 5175 a
1225 5131 1272 5176 te
1293 5123 1576 5180 abieritnus
1605 5125 1828 5182 fortasse
1847 5129 2172 5197 reperiemus
2189 5129 2477 5192 neminem.
2503 5128 2592 5182 Sic
2616 5127 2876 5182 Eusebius
2895 5133 3077 5180 noster
3097 5125 3381 5196 Pamphilo

141 5243 233 5282 suo
258 5229 314 5284 in
351 5228 468 5284 ﬁde
507 5223 748 5280 tuenda
795 5218 956 5273 (idus
985 5215 1206 5269 adhaesit
1243 5230 1440 5292 comes,
1474 5225 1534 5271 ut
1561 5217 1820 5290 Pamphili
1850 5223 2007 5275 etiam
2050 5236 2342 5290 cognomen
2371 5222 2471 5286 sibi
2493 5220 2705 5288 adiungi
2727 5219 2970 5282 voluerit.
2992 5217 3100 5273 Nec
3120 5216 3264 5274 aliud
3300 5221 3384 5271 di-

136 5318 314 5384 gnitati
339 5328 454 5371 tua:
476 5326 861 5378 morumque
887 5305 1147 5360 suavitati
1170 5319 1353 5359 nomen
1377 5308 1548 5375 aptius
1575 5313 1743 5378 potuit
1759 5328 2058 5374 occurrere,
2077 5327 2238 5381 quam
2261 5314 2442 5374 istius,
2459 5310 2601 5380 quod
2620 5311 2852 5364 omnium
2880 5325 3212 5365 communem
3235 5325 3388 5364 amo-

137 5419 242 5460 rem
263 5421 327 5463 ac
349 5402 856 5462 benevolentiam
887 5395 1176 5450 indicaret.
1203 5393 1372 5458 Quare
1407 5395 1450 5449 si
1477 5397 1528 5450 in
1561 5405 1669 5452 tam
1698 5402 1946 5471 propensi
1978 5402 2222 5456 omnium
2246 5401 2303 5453 in
2330 5407 2383 5454 te
2409 5399 2632 5461 amoris,
2661 5407 2870 5468 tuaeque
2899 5399 2953 5452 in
2985 5411 3172 5451 omnes
3206 5397 3369 5451 clnari«

139 5495 259 5549 tatis
286 5495 586 5565 publicum
617 5484 1068 5544 testimonium,
1091 5479 1414 5548 singulorum
1445 5485 1690 5540 ordinum
1719 5502 1781 5542 ac
1809 5488 2124 5543 societatum
2151 5485 2636 5556 congratulationes
2654 5487 2894 5542 certatim
2924 5487 2977 5540 in
3000 5493 3052 5538 te
3073 5483 3185 5538 ﬁeri
3211 5498 3381 5539 nuper

138 5586 376 5652 vidimus,
401 5595 740 5658 postquam
775 5579 842 5631 in
878 5575 1251 5631 excelsissimo
1281 5573 1368 5626 illo
1392 5587 1803 5646 purpuratorum
1841 5582 2054 5635 Patrum
2093 5582 2321 5634 culmine
2358 5581 2666 5646 consedisti,
2702 5581 2826 5653 quid
2854 5579 3064 5632 tandem
3087 5577 3239 5631 nobis
3261 5577 3379 5627 ani-

142 5675 207 5726 mi
232 5676 299 5733 ad
332 5657 698 5728 munuscula
740 5663 1006 5729 undiqm:
1053 5657 1422 5725 comparanda,
1456 5661 1813 5738 ﬂosculosquc
1842 5677 1893 5724 et
1936 5675 2082 5724 serta
2124 5681 2393 5720 musarum
2438 5684 2500 5722 ex
2545 5670 2769 5723 hortulis
2814 5666 3128 5736 colligenda,
3163 5670 3374 5730 tumque

402 5765 729 5822 Ριτιιοι..
787 5752 922 5810 Gn.
972 5747 1172 5808 XXII.

3071 5762 3097 5814 1
