3870 6380
681 464 744 515 l5
1305 463 1562 519 EUSEBII
1600 465 2065 522 GESARIENSIS
2099 465 2248 524 OPP.
2290 468 2470 523 PARS
2508 470 2570 524 ll.
2603 498 2668 512 —
2706 467 3192 529 APOLOGETICA.

676 580 870 631 tionem
899 577 1254 645 evangelicam
1294 593 1358 631 ex
1392 575 1822 646 praedictionibus
1865 592 1984 645 qua:
2010 591 2040 629 a
2080 578 2192 647 pri-

2151 578 2192 631 i-
2218 582 2261 638 A
2287 580 2541 635 ἀνέκαθεν
2584 583 2710 651 παρ’
2749 582 3013 654 Ἑϐραίοις
3056 587 3408 654 ἀνακειμένων
3459 594 3679 663 προρῤήο

676 683 757 719 ma
786 666 987 735 origine
1013 667 1150 735 apud
1192 665 1437 721 Hebraeos
1459 666 1802 734 promulgata
1830 673 2063 729 exstant,
2098 682 2191 721 ex-

2151 683 2191 720 ἱ-
2290 672 2726 740 παραστήσασθαι
2759 674 3124 743 πειρωμένοις.
3162 674 3280 736 Πῶς
3309 676 3389 745 δὴ,
3418 678 3503 730 καλ⁴
3529 681 3638 733 τίνα
3665 701 3679 733 π

671 772 866 826 ponere
887 757 1233 811 instituimus.
1255 754 1531 821 Quomodo
1559 762 1733 810 autem
1752 763 1804 811 et
1824 771 1929 825 qua
1951 757 2192 812 ratione?

2151 760 2192 812 εἳ
2289 779 2386 813 πον
2411 764 2532 825 τοὺς
2560 762 2820 830 θεοφιλεῖς
2849 764 3103 827 ἐκείνους,
3149 761 3296 818 οἶσθα
3333 767 3494 837 δήπου
3518 772 3632 833 τοὺς
3661 772 3679 840 β

671 854 726 903 ιιι
764 861 949 915 nempe
974 846 1079 901 illis
1119 845 1222 900 Deo
1253 846 1600 909 charissimis,
1632 861 1765 914 quos
1787 847 1928 901 nosti
1952 849 2188 902 omnium

2151 864 2188 902 υ
2290 851 2476 920 μένους
2504 852 2648 922 παρά
2667 855 2774 915 τοῖς
2795 854 3030 923 ἀνδράσι,
3055 855 3286 907 Μωῡσέα
3306 856 3364 926 δή
3392 856 3543 924 λέγω,
3567 862 3651 912 καὶ
3674 880 3679 893 ·

666 934 975 988 decantatos
999 935 1238 998 vocibus,
1262 935 1423 997 Mose,
1455 936 1688 1004 inquam,
1713 942 1765 991 et
1793 939 1880 1006 qui
1904 945 2024 1006 post
2050 938 2190 992 hunc

2151 954 2190 992 xc
2290 942 2402 1008 μετ’
2434 940 2591 994 αὐτὸν
2620 940 2989 1010 ἐκλάμψαντας
3017 942 3352 1011 θεοπρεπεῖς,
3374 947 3462 997 καὶ
3491 949 3606 1010 τοὺς
3629 967 3679 1018 με

664 1025 1114 1094 exsplenducrunt
1155 1024 1350 1079 divinis
1380 1025 1656 1094 beatisque
1707 1026 1979 1095 praphetis
2010 1041 2073 1080 ac
2102 1041 2190 1080 sa-

2151 1044 2190 1079 ι·
2288 1028 2431 1098 ρίους
2477 1030 2751 1100 προφήτας
2776 1046 2833 1082 τε
2878 1031 2969 1083 καὶ
3007 1032 3340 1101 ίερεφάντας,
3389 1036 3632 1104 μάρτυσιν
3668 1041 3679 1091 ί

663 1116 771 1170 onis
817 1116 1167 1184 scriptoribus
1210 1116 1436 1170 testibus
1478 1123 1709 1179 utamur,
1758 1125 1916 1186 atque
1964 1117 2031 1170 ab
2084 1118 2187 1171 illis

2151 1118 2187 1171 is
2284 1119 2564 1189 χρώμενοι,
2598 1120 2654 1184 ἐξ
2702 1120 2873 1173 αὐτῶν
2906 1123 2952 1173 τ’
2983 1122 3343 1177 ἐπιδεικνύναι
3370 1130 3679 1197 προηρημέν‹

660 1206 1012 1273 ριέειιιιηιὶθῑει
1055 1206 1424 1269 ostendamus,
1458 1221 1575 1275 quae
1605 1206 1786 1261 multis
1831 1215 1950 1275 post
1974 1207 2185 1261 demum

2149 1222 2185 1259 ιι
2287 1214 2509 1281 μακροῖς
2534 1211 2747 1283 ὕστερον
2779 1212 2965 1265 αἰῶσιν
2991 1215 3068 1276 είς
3100 1216 3220 1282 ςρῶς
3244 1215 3468 1279 ἐλθόντα,
3494 1221 3578 1270 καὶ
3599 1219 3677 1272 διὰ

662 1296 871 1349 sacculis
898 1296 950 1349 in
979 1296 1149 1350 lucem
1172 1295 1400 1365 prodita,
1421 1303 1577 1366 atque
1601 1311 1695 1366 per
1712 1294 2002 1350 Salvatoris
2023 1311 2186 1351 evan-

2151 1316 2186 1348 ιο
2281 1296 2372 1349 τοῦ
2424 1298 2665 1369 Σωτῆρος
2708 1300 3053 1370 εὒαῃελικῆς
3095 1300 3411 1365 ἀποδείξεως
3459 1321 3679 1374 πραγμα¹

660 1384 881 1454 gelicam
931 1384 1440 1440 demonstrationem
1486 1384 1541 1438 in
1585 1398 1696 1439 rem
1743 1384 1966 1441 deducta
2018 1391 2180 1448 sunt,

2165 1424 2180 1448 ,
2280 1386 2457 1449 θέντα,
2483 1388 2552 1439 τά
2577 1404 2633 1439 τε
2665 1386 2781 1440 καθ’
2810 1389 2951 1457 ἡμᾶς
2970 1390 3158 1452 αὐτοὺς
3187 1391 3348 1443 εἰσέτι
3367 1391 3456 1443 νῦν
3480 1392 3580 1463 προ
3609 1395 3679 1463 όφι

660 1490 880 1545 quaeque
914 1475 1085 1529 adhuc
1128 1478 1373 1545 prmseuti
1404 1483 1559 1531 aetate
1580 1475 1633 1528 in
1676 1482 1963 1543 conspectu
2002 1484 2183 1529 nostro

2137 1489 2183 1528 ro
2282 1473 2395 1541 μῶν
2417 1473 2800 1545 συντελούμενα
2840 1476 2963 1546 θείῳ
2993 1477 3261 1547 Πνεύματι
3294 1480 3665 1551 προειληφότας

656 1567 1025 1638 perﬁciuntur,
1066 1567 1219 1637 longe
1252 1568 1398 1636 prius
1428 1567 1494 1620 ab
1527 1565 1737 1628 iisdem,
1770 1565 1951 1619 divino
1980 1562 2181 1634 Spiritu

2150 1582 2181 1618 ιι
2278 1559 2341 1611 ἂν
2363 1560 2596 1630 παρόντα
2617 1562 2684 1614 τὰ
2706 1561 2778 1631 μὴ
2805 1563 3058 1633 παρόντα,
3088 1565 3177 1616 κα)⁸
3200 1566 3265 1619 τά
3299 1566 3515 1636 μηδέπω
3548 1569 3676 1638 μηδα

655 1656 898 1720 docente,
924 1665 1201 1727 percepta;
1227 1658 1298 1710 ita
1327 1665 1379 1710 ut
1402 1656 1640 1711 absentia
1665 1664 1915 1725 tanquam
1942 1670 2178 1726 prasen-

2158 1685 2178 1695 -
2274 1649 2420 1716 ὄντα,
2444 1651 2517 1714 ὡς
2541 1654 2776 1724 ἐναργῶς
2798 1655 2925 1708 δντα
2949 1658 3388 1722 κατωπτευκότας
3405 1677 3417 1689 ·
3451 1662 3541 1713 καὶ
3567 1663 3622 1714 οὐ
3648 1679 3679 1715 τι

656 1748 748 1807 tia.
791 1756 843 1802 et
876 1762 994 1817 quae
1031 1747 1265 1801 nondum
1308 1760 1531 1815 usquam
1577 1753 1750 1807 erant,
1780 1754 2031 1814 tanquam
2067 1745 2177 1799 evi-

2153 1768 2177 1784 ι.
2279 1739 2453 1808 μόνον,
2484 1741 2614 1795 ἀλλὰ
2644 1744 2733 1795 καὶ
2759 1747 2867 1806 τοῖς
2913 1746 3197 1814 μετέπειτα
3219 1747 3304 1800 διά
3334 1750 3545 1820 γραφῆς
3580 1752 3644 1804 τὰ
3671 1770 3679 1822 ι

652 1832 841 1888 denter
869 1834 978 1902 jam
1007 1833 1313 1888 exsistentia
1336 1833 1701 1897 intuerentur;
1734 1847 1831 1887 nec
1853 1831 1956 1886 hoc
1982 1832 2175 1895 solum,

2148 1851 2175 1895 ι,
2274 1829 2432 1882 λοντά
2469 1844 2593 1883 ποτε
2623 1831 2832 1884 ἔσεσθαι
2874 1834 3384 1905 προμεμηνυκότας·
3417 1837 3552 1891 ὥστε
3584 1840 3676 1909 ἤδη

650 1919 746 1976 sed
789 1922 947 1975 etiam
981 1922 1207 1990 posteris
1240 1921 1440 1990 scripto
1478 1934 1596 1991 quae
1634 1921 1758 1974 olim
1789 1930 1968 1975 essent
1996 1920 2172 1974 futura

2151 1935 2172 1973 ιι
2204 1916 2242 1969 Β
2272 1919 2484 1989 ἐτέρους
2506 1920 2563 1984 ἐξ
2593 1921 2766 1975 αὐτῶν
2806 1922 2997 1975 εἰδέναι
3030 1942 3086 1976 τε
3113 1927 3205 1979 καὶ
3237 1927 3517 1997 γνωρίζειν
3534 1928 3593 1981 τδ
3620 1931 3679 2000 μέ

652 2011 1035 2082 pra-signarent
1073 2031 1087 2066 :
1118 2018 1177 2064 ut
1204 2011 1313 2080 jam
1354 2011 1444 2064 alii
1481 2025 1692 2080 quoque
1726 2025 1788 2064 ex
1827 2010 1933 2066 illis
1973 2011 2173 2065 scirent

2152 2018 2173 2065 ι
2264 2006 2806 2080 δύνασθαι,ὁσημέραι
2832 2028 2890 2064 τε
2915 2008 3208 2085 προσδοκᾷν
3228 2016 3331 2069 τῶν
3355 2016 3544 2084 λογίων
3574 2020 3639 2071 τά
3667 2022 3679 2072 ί

652 2104 827 2159 futura
879 2092 1397 2172 cognoscerentque,
1452 2099 1525 2155 et'
1558 2099 1792 2168 quotidie
1833 2100 2169 2153 oraculorum

2149 2112 2169 2151 ι
2265 2094 2581 2166 τελέσματα.
2622 2097 2753 2149 Ποῖα
2789 2097 2842 2150 δὲ
2894 2099 3091 2165 ταῦτας
3145 2101 3311 2171 μυρία
3351 2104 3446 2172 μὲν
3486 2104 3549 2158 ἂν
3576 2105 3677 2174 εἴη,

650 2193 858 2247 illorum
896 2200 1113 2246 eventus
1156 2197 1209 2244 et
1248 2188 1465 2244 eﬁectus
1500 2189 1951 2257 praestolarentur.
1982 2185 2169 2252 Qualia

2140 2200 2169 2238 τι
2265 2181 2396 2234 ἄλλα
2447 2184 2669 2236 παντοῖά
2702 2201 2782 2249 τε,
2814 2187 2904 2238 καὶ
2950 2189 3078 2255 περὶ
3122 2188 3357 2253 πάντων,
3391 2191 3579 2244 κοινῶν
3608 2209 3662 2243 τε

647 2297 773 2338 vero
806 2279 1159 2335 illatinﬁnita
1197 2293 1346 2342 sane,
1399 2278 1608 2347 aliaque
1649 2276 1964 2339 omnivaria,
2005 2284 2058 2330 et
2103 2276 2168 2331 dc

2139 2290 2168 2331 ο
2262 2270 2370 2322 τῶν
2398 2270 2498 2323 ἀνά
2525 2272 2702 2343 μέρος,
2733 2273 2849 2325 καθ’
2876 2274 3098 2328 ἕκαστόν
3116 2292 3174 2329 τε
3205 2277 3390 2349 ἄνδρα,
3425 2281 3517 2333 καὶ
3545 2283 3665 2351 περὶ

645 2368 892 2423 omnibus
943 2365 1314 2421 communibus
1364 2365 1562 2434 pariter
1614 2371 1667 2418 et
1720 2364 2165 2433 partieularibus,

2151 2404 2165 2429 ,
2263 2360 2484 2414 καθόλου
2502 2379 2513 2391 ε
2549 2362 2687 2425 ίδίως
2709 2380 2765 2414 τε
2798 2364 2935 2433 ἀμφὶ
2961 2365 3068 2416 τῶν
3095 2363 3216 2419 καθ’
3257 2369 3535 2440 Ἐϐραίους
3555 2387 3679 2442 πραγ

644 2456 989 2527 quaequejam
1015 2455 1253 2522 singulos
1284 2460 1585 2523 spectarent
1606 2453 1868 2516 homines,
1896 2453 2004 2522 jam
2035 2453 2166 2507 inte-

2151 2481 2166 2492 ο
2263 2467 2389 2513 των,
2434 2450 2526 2503 καὶ
2554 2448 2616 2503 αὖ
2648 2453 2802 2506 πάλιν
2846 2455 2968 2523 περὶ
2999 2455 3106 2506 τῶν
3140 2454 3335 2520 ἔξωθεν
3374 2459 3569 2511 ἐθνῶν·
3604 2456 3679 2513 οἷο

642 2563 763 2616 gras
806 2545 1215 2609 universitates;
1247 2543 1563 2612 proprieque
1603 2542 1668 2596 de
1713 2542 1872 2596 rebus
1920 2540 2168 2595 Hebraeo-

2151 2569 2168 2583 .
2264 2537 2464 2589 πόλεων
2488 2538 2816 2603 ἀναστάσεις,
2844 2539 3046 2609 καιρῶν
3072 2557 3129 2593 τε
3159 2542 3413 2611 ἀλλαγὰς,
3443 2546 3536 2598 καὶ
3559 2564 3679 2618 πραῖ

643 2652 780 2699 rum,
809 2643 967 2704 atque
992 2634 1236 2687 similiter
1271 2632 1337 2685 dc
1369 2633 1605 2686 externis
1630 2630 1875 2699 gentibus
1899 2646 1915 2695 ;
1946 2638 2003 2683 ut
2032 2636 2161 2685 sunt

2151 2637 2161 2682 ι
2262 2641 2365 2678 των
2418 2625 2728 2695 μεταϐολὰς,
2783 2627 3076 2695 μελλόντων
3116 2647 3174 2682 τε
3220 2632 3438 2700 ἀγαθῶν
3493 2652 3679 2705 παρουε

640 2726 945 2779 eversiones
987 2724 1220 2784 urbium,
1256 2730 1569 2791 temporum.
1600 2722 1944 2783 mutationes,
1978 2734 2157 2773 rerum

2150 2736 2157 2773 ι
2262 2712 2355 2765 καὶ
2384 2713 2490 2765 τῶν
2528 2715 2775 2767 ἐναντίων
2808 2716 3088 2784 ἐπιφορὰς,
3125 2719 3590 2792 ἀνδραποδισμοὺς
3618 2723 3673 2776 ἐθ

638 2813 1053 2876 vicissitudines,
1109 2812 1583 2881 adluturorumquc
1629 2811 1887 2864 bonorum
1932 2824 2166 2878 prmsen-

2147 2838 2166 2848 -
2263 2800 2462 2853 πόλεων
2495 2801 2816 2871 πολιορκίας,
2849 2803 2955 2856 τῶν
2974 2806 3199 2858 καθόλου
3231 2807 3512 2876 βασιλείων
3547 2829 3675 2882 μετα

639 2907 788 2968 tiam,
817 2913 871 2960 et
931 2905 1199 2959 contraria
1243 2904 1575 2958 immittenda
1623 2903 1781 2965 mala,
1828 2910 1887 2956 ut
1927 2904 2162 2971 gentium

2133 2917 2162 2954 η
2263 2903 2371 2951 σεις
2400 2905 2458 2940 τε
2506 2891 2595 2941 καὶ
2625 2892 2994 2957 καταστάσεις,
3028 2896 3122 2948 καὶ⁸
3155 2895 3288 2949 ἄλλα
3341 2901 3509 2969 μυρία
3540 2903 3661 2973 περὶ

637 2993 1042 3062 subjugationes
1094 3006 1157 3045 ac
1198 2994 1541 3054 servitutem,
1585 2989 1797 3042 urbium
1837 2989 2161 3052 obsidiones,

2150 3027 2161 3052 ,
2260 2977 2470 3030 ἔσεσθαι
2498 2982 2715 3050 μακροῖς
2743 2979 2957 3050 ὕστερον
2988 2984 3547 3057 χρόνοιςομελλόντων,
3576 3008 3678 3061 προ

636 3081 961 3150 integrorum
984 3095 1266 3149 regnorum
1293 3080 1600 3134 eversiones
1624 3079 1704 3131 vel
1725 3078 2159 3142 instaurationes,

2147 3117 2159 3142 ,
2260 3082 2466 3136 ρυττον.
2501 3066 2631 3119 Ἀλλ’
2644 3068 2701 3118 οὐ
2716 3068 2913 3121 τούτων
2927 3072 2954 3122 ὅ
2968 3087 3034 3140 γε
3060 3076 3251 3149 παρὼν
3275 3078 3466 3151 καιρὸς
3487 3083 3576 3134 τὸν
3598 3083 3675 3135 ἕλε

636 3179 793 3241 atque
824 3172 926 3224 alia
963 3170 1167 3224 inﬁnita
1198 3171 1369 3240 longis
1401 3176 1520 3240 post
1549 3168 1877 3236 temporibus
1902 3171 2158 3221 eventura

2151 3185 2158 3218 ι
2186 3220 2223 3241 n
2256 3159 2401 3228 ἡμᾶς
2423 3159 2638 3210 ἀπαιτεῖ
2668 3161 3135 3231 παραστήσασθαι·
3181 3168 3251 3221 τὰ
3284 3170 3454 3224 πολλά
3485 3170 3541 3224 δὲ
3572 3173 3679 3224 είσα

635 3260 1072 3330 pramuntiavere.
1098 3258 1290 3314 Verum
1314 3260 1425 3312 haec
1447 3257 1656 3326 singula
1673 3254 1972 3311 enumerari
2003 3268 2032 3306 a
2058 3268 2154 3308 no-

2125 3277 2154 3299 μ
2183 3249 2223 3274 υ
2255 3249 2675 3318 ὑπερθεμένους,
2724 3251 2787 3300 ὲκ
2823 3249 2922 3319 τῆς
2965 3255 3075 3308 τῶν
3129 3261 3653 3332 παρατεθησομένων

634 3351 736 3413 bis,
781 3351 1058 3419 praesentis
1096 3350 1325 3403 instituti
1364 3351 1499 3401 ratio
1545 3346 1853 3415 neutiquam
1899 3343 2151 3413 postulat.

2255 3340 2401 3402 θείας
2443 3339 2618 3407 ἡρέμα
2668 3338 2761 3389 καὶ
2802 3339 2906 3392 τῶν
2940 3342 3483 3419 ἀποσεσιωπημένων
3528 3350 3625 3421 τὴν
3675 3372 3679 3400 ι

632 3443 814 3510 Itaque
843 3440 1246 3510 quamplurimis
1281 3440 1490 3493 interim
1523 3437 1574 3490 in
1608 3436 1749 3489 aliud
1785 3446 1991 3504 tempus
2018 3434 2152 3487 dila-

1281 3440 1490 3493 intcrim
1523 3437 1574 3490 in
1608 3436 1749 3489 aliud
1785 3446 1991 3504 tempus
2018 3434 2152 3487 dila-
2251 3427 2409 3491 δειξιν
2439 3423 2778 3478 πιστώσεται.

630 3534 740 3596 tis,
780 3531 935 3587 facile
979 3532 1058 3585 vel
1099 3547 1161 3585 ex
1218 3533 1404 3585 horum
1452 3545 1569 3601 quae
1616 3529 1896 3583 all‘cremus
1934 3527 2172 3589 veritate,
2234 3522 2393 3577 etiam
2431 3519 2642 3573 illorum
2697 3533 2813 3588 qua:
2861 3520 3085 3578 silentio
3118 3529 3501 3597 praeterimus,
3546 3530 3675 3585 ﬁdes

629 3622 1031 3676 monstrabitur.
2068 3634 2071 3637 '

1245 3706 1466 3764 CAPUT
1495 3709 1535 3762 1.

2773 3703 3172 3762 ΚΕΦΑΛΑΙΟΝ
3210 3710 3290 3765 A'.

628 3802 879 3866 Quwnam
902 3808 1159 3870 etquanta
1188 3800 1240 3851 in
1260 3799 1411 3851 hocce
1446 3798 1748 3850 tractatione
1761 3797 2149 3865 promittuntur.

2329 3789 2463 3841 Τίνα
2486 3789 2583 3842 καὶ
2610 3793 2802 3844 ὁπόσα
2825 3792 3261 3863 ἐπαγγέλλεται
3290 3801 3330 3867 ἠ
3359 3801 3679 3871 πραγματεί

695 3891 824 3954 Quae
858 3888 1019 3957 igitur
1046 3887 1201 3940 nobis
1242 3886 1296 3938 in
1324 3884 1572 3955 praesenti
1606 3898 1671 3938 ex
1702 3882 2023 3951 propheticis
2056 3895 2149 3935 va-

2317 3878 2448 3931 Τίνα
2470 3880 2640 3931 τοίνυν
2662 3882 2788 3950 ἡμῖν
2812 3882 2903 3933 ἐπὶ
2932 3884 3036 3936 τοῦ
3061 3889 3332 3958 παρόντος
3363 3892 3429 3944 ἐκ
3469 3891 3577 3944 τῶν
3607 3909 3677 3962 πρ

623 3979 822 4034 ticiniis
853 3977 918 4030 a'd
968 3976 1321 4044 evangelicam
1365 3972 1868 4029 demonstrationem
1899 3971 2144 4041 persequi

2247 3966 2409 4019 τικῶν
2441 3971 2784 4039 προρρήσεων
2810 3973 2887 4034 είς
2914 3973 3020 4045 τὴν
3063 3978 3427 4053 εὐαγγελικὴν
3453 3982 3679 4049 ἀπόδειξι

623 4082 656 4122 e
677 4082 733 4121 re
759 4065 1020 4127 videatur,
1081 4063 1434 4119 cummaxime
1486 4066 1841 4130 opportunum
1875 4064 1958 4113 est
1983 4073 2145 4126 expo-

2140 4087 2145 4096 -
2246 4056 2309 4110 ἂν
2329 4057 2436 4127 ἔχοι
2467 4058 2746 4121 συντελεῖν,
2778 4060 2973 4129 καιρὸς
3000 4064 3066 4117 ἂν
3094 4068 3181 4138 εἴη
3213 4069 3413 4137 λέγειν.
3439 4071 3668 4143 Χριστὸν

626 4169 770 4210 nere.
800 4152 1093 4207 Eclixerunt
1124 4150 1375 4205 nimirum
1411 4150 1682 4218 prophetae
1707 4148 1819 4202 fore
1867 4154 1924 4200 ut
1973 4147 2144 4199 nomi-

2142 4177 2144 4184 ν
2249 4146 2408 4215 μαστὶ
2435 4147 2526 4199 καὶ
2571 4147 2701 4199 Θεοῦ
2747 4149 2930 4216 Λόγον,
2971 4154 3134 4207 αὐτόν
3174 4173 3236 4210 τε
3282 4159 3416 4212 Θεὸν
3467 4160 3560 4214 καὶ
3590 4160 3670 4213 Κύ

624 4243 789 4298 natim
814 4240 1079 4304 Christus,
1104 4239 1347 4307 idemque
1369 4236 1600 4291 Verbum
1626 4235 1737 4298 Dei,
1763 4234 1980 4304 ipseque
2003 4233 2142 4288 Deus

2127 4250 2142 4288 ι
2244 4235 2336 4287 καί
2360 4251 2478 4288 τινα
2512 4237 2745 4306 μεγάλης
2787 4237 2992 4310 βουλῆς
3032 4245 3264 4313 ἄγγελον
3299 4249 3655 4320 ἐπιδημήσειν

623 4346 687 4386 ac
728 4331 1005 4393 Dominus,
1037 4337 1091 4384 et
1137 4343 1360 4396 magnus
1405 4326 1620 4396 quidam
1653 4325 1888 4393 Angelus
1932 4323 2142 4378 consilii

2243 4324 2321 4385 είς
2365 4323 2673 4394 ἀνθρώπους
2718 4325 2945 4394 ἔφασαν,
2998 4334 3220 4390 πάντων
3247 4354 3307 4390 τε
3353 4337 3462 4392 τῶν
3506 4339 3607 4392 ἀνὰ
3641 4358 3679 4392 π

623 4421 763 4476 inter
792 4420 1034 4474 homines
1049 4425 1357 4473 versaturus
1378 4422 1540 4478 esset,
1572 4415 1819 4468 universo
1844 4413 1980 4473 orbi,
2015 4429 2141 4482 gen-

2241 4414 2337 4484 τὴν
2365 4416 2677 4486 οἰκουμένην
2720 4416 2882 4469 ἐθνῶν
2921 4419 3260 4494 Ἑλληνικῶν
3297 4444 3357 4479 τε
3401 4429 3496 4482 καὶ
3524 4429 3679 4499 βαρὸι

621 4510 751 4562 tium
764 4506 1068 4562 Grzecarum
1084 4506 1279 4574 pariter
1294 4512 1346 4558 et
1360 4504 1702 4559 barbararum
1727 4501 1934 4555 futurus
1952 4500 2142 4555 Doctor

2172 4502 2215 4555 D
2240 4504 2546 4557 διδάσκαλον
2585 4505 2808 4575 ἀληθοῦς
2834 4505 3191 4579 θεογνωσίας,
3225 4516 3319 4570 καὶ
3348 4518 3450 4588 τῆς
3474 4520 3557 4582 είς
3592 4520 3679 4572 τὸν

619 4612 758 4653 verae
796 4596 1115 4668 cognitionis
1148 4594 1239 4650 Dci
1271 4602 1323 4649 et
1355 4594 1566 4664 pietatis
1597 4593 1652 4646 in
1687 4590 1874 4653 Deum,
1907 4590 2139 4646 universi

2134 4595 2139 4645 ἱ
2238 4592 2370 4645 ὅλων
2391 4593 2709 4664 δημιουργὸν
2730 4594 2857 4646 Θεὸν
2885 4600 3175 4666 εὐσεϐείας
3200 4608 3662 4676 καταστήσεσθαι,

618 4686 883 4758 opiﬁcem,
915 4685 1054 4741 sicut
1079 4683 1441 4754 evangelicum
1463 4682 1742 4753 proﬁtetur
1769 4680 2090 4751 praeconium
2123 4698 2136 4733 :

2237 4679 2577 4747 εὐαγγελικὸν
2602 4679 2836 4750 περιέχει
2855 4684 3121 4756 κήρυγμα
3139 4705 3153 4717 ·
3181 4691 3276 4742 καὶ
3294 4691 3485 4746 τοῦτον
3509 4696 3670 4748 αὐτὸν

620 4775 874 4844 illumque
909 4775 1082 4844 ipsum
1126 4771 1360 4826 futurum
1389 4785 1632 4841 puerum,
1667 4771 1939 4839 ﬁliumque
1970 4769 2141 4823 homi-

2236 4767 2342 4820 δίον
2370 4768 2599 4833 ἔσεσθαι,
2625 4770 2714 4821 καὶ
2747 4768 2857 4820 υἱὸν
2899 4772 3194 4843 ἀνθρώπου
3235 4781 3630 4852 κληθήσεσθαι,
3658 4803 3679 4854 1

621 4864 705 4919 nis
731 4873 976 4917 vocatum
1006 4862 1092 4924 iri,
1124 4869 1181 4915 ut
1207 4861 1295 4929 qui
1324 4875 1491 4930 genus
1516 4859 1582 4914 ab
1609 4857 1911 4914 hominibus
1948 4858 2139 4913 ductu-

2235 4873 2292 4910 τε
2318 4857 2434 4911 ὅθεν
2462 4857 2707 4924 κατάξει·
2739 4859 2829 4911 καί
2861 4876 2985 4913 τινα
3035 4862 3186 4926 ξένον
3212 4871 3278 4921 ἐκ
3308 4872 3586 4943 παρθένου
3612 4892 3679 4947 τρ

620 4964 712 5006 rus
766 4954 855 5017 sit,
903 4952 1313 5019 nasciturusque
1361 4965 1425 5004 ex
1467 4950 1690 5019 virgine,
1732 4963 1869 5003 nova
1907 4946 2135 5018 quadam

2233 4946 2394 4998 αὐτοῦ
2421 4946 2518 5015 τῆς
2554 4945 2879 5009 ἀποτέξεως·
2918 4952 3015 5004 καὶ
3043 4954 3105 5006 τό
3132 4972 3196 5022 γε
3240 4945 3679 5031 παραδοξότατον

621 5043 778 5105 atque
815 5040 1067 5095 inusitata
1094 5038 1455 5109 generationis
1498 5038 1722 5091 ratione.
1764 5035 1828 5089 Et
1852 5034 1992 5105 quod
2020 5049 2136 5088 ma-

2341 5039 2467 5089 πᾶσι
2508 5040 2629 5128 τοῖς
2660 5039 2728 5128 ἐκ
2762 5039 3015 5128 περάτων
3059 5045 3167 5116 γῆς
3211 5051 3382 5104 είσέτι
3428 5057 3670 5128 σήμερον

621 5126 762 5179 xime
802 5126 1017 5195 dignum
1072 5141 1152 5185 est
1195 5129 1565 5192 admiratione,
1597 5142 1664 5181 ne
1702 5128 1878 5180 locum
1922 5123 2135 5194 quidem

2233 5124 2669 5215 béavAortedﬁouot
2709 5126 2999 5197 βοώμενον,
3031 5134 3138 5203 τῆς
3166 5138 3226 5189 ἐν
3260 5123 3517 5215 Βηθλεέμ
3543 5123 3679 5214 γένέ

619 5217 911 5274 nativitatis
940 5222 1056 5287 ejus
1085 5222 1404 5279 Bethlebem.
1432 5220 1681 5276 omnibus
1710 5220 1999 5274 etiamnum
2031 5218 2135 5273 ho-

2131 5247 2135 5257 .
2230 5212 2391 5266 αὑτοῦ
2446 5215 2658 5286 χωρίον,
2704 5220 2877 5287 σιωπῇ
2937 5218 3122 5286 δόντες
3179 5212 3486 5298 παρῆλθον,
3522 5212 3659 5289 ἀλλὰ

619 5306 707 5394 die
742 5305 835 5375 qui
872 5306 939 5360 ad
972 5307 1116 5361 illum
1150 5309 1493 5378 spectandum
1532 5308 1782 5362 extremis
1805 5305 1872 5359 ab
1893 5315 2046 5360 terra
2072 5303 2133 5358 ll-

2227 5302 2381 5356 τοῦτο
2428 5302 2633 5367 λευκοῖς
2671 5305 2922 5375 ὀνόμασιν
2976 5309 3315 5381 ἐξεϐόησαν·
3349 5320 3545 5394 ὥσπερ
3571 5320 3666 5379 οὖν

578 5393 779 5471 [nibus
815 5403 1103 5450 accurrunt
1145 5397 1501 5463 decantatum,
1545 5396 1758 5453 silentio
1802 5394 2106 5449 involvente:

2228 5394 2350 5487 «:35;
2373 5394 2590 5487 χρόνους
2608 5395 2705 5465 τῆς
2731 5396 3048 5466 ἐπιφανείας
3068 5404 3262 5469 αὐτοῦ,
3289 5410 3413 5463 καθ’
3442 5393 3537 5477 οὓς
3564 5416 3675 5487 ἀκρ

620 5484 1000 5555 praterierunt,
1033 5486 1125 5541 sed
1153 5492 1207 5540 et
1235 5490 1375 5542 hunc
1392 5487 1551 5543 claris
1566 5487 1742 5543 verbis
1768 5484 2129 5555 proclamave-

2226 5479 2375 5547 οὗτος
2405 5486 2658 5557 ἐπεδήμει
2697 5487 2775 5557 τῷ
2829 5487 2946 5557 βίῳ,
2981 5488 3177 5566 ὥσπερ
3211 5498 3523 5567 φθάσαντες
3551 5509 3604 5561 οἱ
3647 5479 3679 5563 ὀ

617 5579 741 5626 runt
773 5592 786 5627 :
830 5573 967 5627 sicut
992 5573 1149 5629 etiam
1181 5580 1389 5641 tempus
1419 5572 1673 5630 adventus
1702 5581 1757 5628 et
1783 5571 2129 5642 apparitionis

2225 5575 2311 5670 6ιά
2328 5574 2434 5627 τῶν
2458 5577 2788 5670 πραγματων
2805 5577 3128 5670 ἐθέσπισαν.
3158 5587 3406 5659 Πάρεστι
3437 5593 3496 5646 δέ
3527 5611 3633 5662 σοι,
3672 5617 3679 5670 ε

530 5718 535 5725 ,
614 5663 752 5731 ejus,
790 5677 896 5732 quo
928 5664 1144 5732 praecise
1174 5663 1264 5717 ille
1295 5663 1434 5715 inter
1459 5661 1702 5718 homines
1742 5667 1986 5717 versatus
2021 5676 2058 5715 e:

2108 5701 2125 5726 ,
2225 5667 2407 5757 χεῖρας
2450 5664 2759 5757 ἀναλαβόντι
2789 5668 2889 5734 τὴν
2926 5671 3189 5738 σπουδὴν,
3219 5681 3280 5731 ἐν
3329 5682 3631 5757 ὀφθαλμοῖς

598 5750 773 5807 ﬁdem
802 5751 962 5807 veluti
993 5752 1150 5809 rebus
1180 5758 1552 5816 pmvenentes
1584 5749 1765 5807 divino
1790 5765 1883 5807 ore
1912 5750 2126 5805 muttia-

2224 5755 2281 5806 ἐν
2299 5756 2413 5814 ταῖς
2447 5752 2788 5825 δηλουμέναις
2827 5767 3210 5828 προφητικαῖς
3250 5749 3593 5841 προρρήσεσι
3613 5749 3679 5831 νπι
