  <div class='ocr_page' id='page_1' title='image "/cluster/home/n/w/nwhite01/storage/ocr_20150623/22 (Eusebius; pt. 4)/nyp.33433081862355/018.png"; bbox 0 0 3870 6338; ppageno 0'>
   <div class='ocr_carea' id='block_1_1' title="bbox 205 419 2451 490">
    <p class='ocr_par' dir='ltr' id='par_1_1' title="bbox 205 419 2451 490">
     <span class='ocr_line' id='line_1_1' title="bbox 205 419 2451 490; baseline -0.006 0"><span class='ocrx_word' id='word_1_1' title='bbox 205 436 263 490; x_wconf 80' lang='lat' dir='ltr'><strong>l7</strong></span> <span class='ocrx_word' id='word_1_2' title='bbox 1106 429 1735 489; x_wconf 77' lang='lat' dir='ltr'><strong>DEMONSTRATIONIS</strong></span> <span class='ocrx_word' id='word_1_3' title='bbox 1771 424 2216 484; x_wconf 70' lang='lat' dir='ltr'><strong>EVANGELICE</strong></span> <span class='ocrx_word' id='word_1_4' title='bbox 2243 422 2371 479; x_wconf 82' lang='lat' dir='ltr'><strong>LIB.</strong></span> <span class='ocrx_word' id='word_1_5' title='bbox 2409 419 2451 477; x_wconf 87' lang='lat' dir='ltr'><strong>l.</strong></span> 
     </span>
    </p>
   </div>
   <div class='ocr_carea' id='block_1_2' title="bbox 3303 421 3371 478">
    <p class='ocr_par' dir='ltr' id='par_1_2' title="bbox 3303 421 3371 478">
     <span class='ocr_line' id='line_1_2' title="bbox 3303 421 3371 478; baseline 0.015 -1"><span class='ocrx_word' id='word_1_6' title='bbox 3303 421 3371 478; x_wconf 68' lang='lat'><strong>18</strong></span> 
     </span>
    </p>
   </div>
   <div class='ocr_carea' id='block_1_3' title="bbox 196 530 1750 618">
    <p class='ocr_par' dir='ltr' id='par_1_3' title="bbox 196 540 1750 618">
     <span class='ocr_line' id='line_1_3' title="bbox 196 540 1750 618; baseline -0.005 -18"><span class='ocrx_word' id='word_1_7' title='bbox 196 545 322 617; x_wconf 77' lang='grc' dir='ltr'>ὁμοῦ</span> <span class='ocrx_word' id='word_1_8' title='bbox 351 547 768 618; x_wconf 75' lang='grc' dir='ltr'><strong>περιεχομένας</strong></span> <span class='ocrx_word' id='word_1_9' title='bbox 789 546 881 608; x_wconf 85' lang='grc' dir='ltr'>τὰς</span> <span class='ocrx_word' id='word_1_10' title='bbox 906 545 1012 599; x_wconf 72' lang='grc' dir='ltr'><strong>ὐπὸ</strong></span> <span class='ocrx_word' id='word_1_11' title='bbox 1036 544 1140 599; x_wconf 85' lang='grc' dir='ltr'><strong>τῶν</strong></span> <span class='ocrx_word' id='word_1_12' title='bbox 1166 542 1456 599; x_wconf 75' lang='grc' dir='ltr'><strong>θεσπεσίων</strong></span> <span class='ocrx_word' id='word_1_13' title='bbox 1479 540 1750 610; x_wconf 83' lang='grc' dir='ltr'>εὐαγγελι-</span> 
     </span>
    </p>
   </div>
   <div class='ocr_carea' id='block_1_4' title="bbox 1846 530 3367 618">
    <p class='ocr_par' dir='ltr' id='par_1_4' title="bbox 1847 530 3367 604">
     <span class='ocr_line' id='line_1_4' title="bbox 1847 530 3367 604; baseline -0.007 -9"><span class='ocrx_word' id='word_1_14' title='bbox 1847 553 1989 595; x_wconf 88' lang='lat' dir='ltr'><strong>vere.</strong></span> <span class='ocrx_word' id='word_1_15' title='bbox 2018 536 2220 592; x_wconf 77' lang='lat' dir='ltr'><strong>Licebit</strong></span> <span class='ocrx_word' id='word_1_16' title='bbox 2238 535 2398 590; x_wconf 88' lang='lat' dir='ltr'><strong>etiam</strong></span> <span class='ocrx_word' id='word_1_17' title='bbox 2425 530 2521 587; x_wconf 86' lang='lat' dir='ltr'><strong>tibi</strong></span> <span class='ocrx_word' id='word_1_18' title='bbox 2554 531 2788 588; x_wconf 74' lang='lat' dir='ltr'><strong>studiose</strong></span> <span class='ocrx_word' id='word_1_19' title='bbox 2808 532 3107 588; x_wconf 77' lang='lat' dir='ltr'><strong>admoventi</strong></span> <span class='ocrx_word' id='word_1_20' title='bbox 3130 548 3367 604; x_wconf 82' lang='lat' dir='ltr'><strong>operam,</strong></span> 
     </span>
    </p>
   </div>
   <div class='ocr_carea' id='block_1_5' title="bbox 198 628 1752 706">
    <p class='ocr_par' dir='ltr' id='par_1_5' title="bbox 198 628 1752 706">
     <span class='ocr_line' id='line_1_5' title="bbox 198 628 1752 706; baseline -0.004 -19"><span class='ocrx_word' id='word_1_21' title='bbox 198 636 331 688; x_wconf 75' lang='grc' dir='ltr'>στῶν</span> <span class='ocrx_word' id='word_1_22' title='bbox 382 634 847 706; x_wconf 83' lang='grc' dir='ltr'>μαρτυρουμένας</span> <span class='ocrx_word' id='word_1_23' title='bbox 888 633 1053 686; x_wconf 79' lang='grc' dir='ltr'>αὐτοῦ</span> <span class='ocrx_word' id='word_1_24' title='bbox 1096 633 1158 703; x_wconf 81' lang='grc' dir='ltr'>δὴ</span> <span class='ocrx_word' id='word_1_25' title='bbox 1203 632 1295 685; x_wconf 79' lang='grc' dir='ltr'>τοῦ</span> <span class='ocrx_word' id='word_1_26' title='bbox 1333 632 1572 701; x_wconf 83' lang='grc' dir='ltr'><strong>Σωτῆρος</strong></span> <span class='ocrx_word' id='word_1_27' title='bbox 1601 628 1752 700; x_wconf 78' lang='grc' dir='ltr'>ἡμῶν</span> 
     </span>
    </p>
   </div>
   <div class='ocr_carea' id='block_1_6' title="bbox 208 719 1753 796">
    <p class='ocr_par' dir='ltr' id='par_1_6' title="bbox 208 719 1753 796">
     <span class='ocr_line' id='line_1_6' title="bbox 208 719 1753 796; baseline -0.004 -19"><span class='ocrx_word' id='word_1_28' title='bbox 208 722 374 796; x_wconf 79' lang='grc' dir='ltr'>Ἰησοῦ</span> <span class='ocrx_word' id='word_1_29' title='bbox 400 723 499 776; x_wconf 77' lang='grc' dir='ltr'>τοῦ</span> <span class='ocrx_word' id='word_1_30' title='bbox 533 722 780 793; x_wconf 75' lang='grc' dir='ltr'><strong>Χριστοῦ</strong></span> <span class='ocrx_word' id='word_1_31' title='bbox 829 721 1157 793; x_wconf 68' lang='grc' dir='ltr'><strong>παραδόξους</strong></span> <span class='ocrx_word' id='word_1_32' title='bbox 1187 720 1629 790; x_wconf 86' lang='grc' dir='ltr'>θαυματουργίας,</span> <span class='ocrx_word' id='word_1_33' title='bbox 1663 719 1753 771; x_wconf 79' lang='grc' dir='ltr'>καὶ</span> 
     </span>
    </p>
   </div>
   <div class='ocr_carea' id='block_1_7' title="bbox 192 806 1753 881">
    <p class='ocr_par' dir='ltr' id='par_1_7' title="bbox 192 806 1753 881">
     <span class='ocr_line' id='line_1_7' title="bbox 192 806 1753 881; baseline 0.002 -16"><span class='ocrx_word' id='word_1_34' title='bbox 192 814 286 875; x_wconf 80' lang='grc' dir='ltr'>τὰς</span> <span class='ocrx_word' id='word_1_35' title='bbox 309 812 534 874; x_wconf 77' lang='grc' dir='ltr'><strong>ἐνθέους</strong></span> <span class='ocrx_word' id='word_1_36' title='bbox 567 810 740 864; x_wconf 80' lang='grc' dir='ltr'>αὐτοῦ</span> <span class='ocrx_word' id='word_1_37' title='bbox 770 811 859 863; x_wconf 77' lang='grc' dir='ltr'>καὶ</span> <span class='ocrx_word' id='word_1_38' title='bbox 886 810 1219 881; x_wconf 74' lang='grc' dir='ltr'><strong>παναρέτους</strong></span> <span class='ocrx_word' id='word_1_39' title='bbox 1256 810 1378 879; x_wconf 74' lang='grc' dir='ltr'><strong>περῖ¹</strong></span> <span class='ocrx_word' id='word_1_40' title='bbox 1406 809 1502 877; x_wconf 79' lang='grc' dir='ltr'>τῆς</span> <span class='ocrx_word' id='word_1_41' title='bbox 1527 806 1753 877; x_wconf 79' lang='grc' dir='ltr'>ἀληθοῦς</span> 
     </span>
    </p>
   </div>
   <div class='ocr_carea' id='block_1_8' title="bbox 193 891 1754 962">
    <p class='ocr_par' dir='ltr' id='par_1_8' title="bbox 193 891 1754 962">
     <span class='ocr_line' id='line_1_8' title="bbox 193 891 1754 962; baseline -0.002 -16"><span class='ocrx_word' id='word_1_42' title='bbox 193 894 471 957; x_wconf 79' lang='grc' dir='ltr'>εὐσεϐείας</span> <span class='ocrx_word' id='word_1_43' title='bbox 498 894 877 957; x_wconf 85' lang='grc' dir='ltr'>διδασκαλίας.</span> <span class='ocrx_word' id='word_1_44' title='bbox 907 895 1016 946; x_wconf 82' lang='lat' dir='ltr'><strong>Kal.</strong></span> <span class='ocrx_word' id='word_1_45' title='bbox 1036 894 1087 946; x_wconf 90' lang='grc' dir='ltr'><strong>τί</strong></span> <span class='ocrx_word' id='word_1_46' title='bbox 1116 893 1192 946; x_wconf 85' lang='grc' dir='ltr'><strong>δεῖ</strong></span> <span class='ocrx_word' id='word_1_47' title='bbox 1210 892 1520 962; x_wconf 71' lang='grc' dir='ltr'>θαυμάζειν,</span> <span class='ocrx_word' id='word_1_48' title='bbox 1548 891 1634 944; x_wconf 81' lang='grc' dir='ltr'>ὅτε</span> <span class='ocrx_word' id='word_1_49' title='bbox 1663 891 1754 943; x_wconf 79' lang='grc' dir='ltr'>καὶ</span> 
     </span>
    </p>
   </div>
   <div class='ocr_carea' id='block_1_9' title="bbox 187 976 1752 1050">
    <p class='ocr_par' dir='ltr' id='par_1_9' title="bbox 187 976 1752 1050">
     <span class='ocr_line' id='line_1_9' title="bbox 187 976 1752 1050; baseline -0.003 -17"><span class='ocrx_word' id='word_1_50' title='bbox 187 982 274 1033; x_wconf 77' lang='grc' dir='ltr'>τὸν</span> <span class='ocrx_word' id='word_1_51' title='bbox 315 982 438 1033; x_wconf 83' lang='grc' dir='ltr'>νέον</span> <span class='ocrx_word' id='word_1_52' title='bbox 472 982 586 1049; x_wconf 86' lang='grc' dir='ltr'>τῆς</span> <span class='ocrx_word' id='word_1_53' title='bbox 626 981 908 1043; x_wconf 89' lang='grc' dir='ltr'>εὐσεϐείας</span> <span class='ocrx_word' id='word_1_54' title='bbox 938 980 1152 1050; x_wconf 81' lang='grc' dir='ltr'><strong>τρόπον,</strong></span> <span class='ocrx_word' id='word_1_55' title='bbox 1189 980 1277 1032; x_wconf 80' lang='grc' dir='ltr'>τὸν</span> <span class='ocrx_word' id='word_1_56' title='bbox 1310 978 1385 1050; x_wconf 86' lang='grc' dir='ltr'><strong>(Ι)</strong></span> <span class='ocrx_word' id='word_1_57' title='bbox 1425 978 1556 1049; x_wconf 77' lang='grc' dir='ltr'>πρὸς</span> <span class='ocrx_word' id='word_1_58' title='bbox 1591 976 1752 1030; x_wconf 80' lang='grc' dir='ltr'>αὐτοῦ</span> 
     </span>
    </p>
   </div>
   <div class='ocr_carea' id='block_1_10' title="bbox 188 1067 1755 1140">
    <p class='ocr_par' dir='ltr' id='par_1_10' title="bbox 188 1067 1755 1140">
     <span class='ocr_line' id='line_1_10' title="bbox 188 1067 1755 1140; baseline -0.001 -19"><span class='ocrx_word' id='word_1_59' title='bbox 188 1069 348 1121; x_wconf 76' lang='grc' dir='ltr'>πᾶσιν</span> <span class='ocrx_word' id='word_1_60' title='bbox 385 1069 718 1140; x_wconf 77' lang='grc' dir='ltr'>ἀνθρώποις</span> <span class='ocrx_word' id='word_1_61' title='bbox 757 1069 1201 1139; x_wconf 82' lang='grc' dir='ltr'>κατηγγελμένον,</span> <span class='ocrx_word' id='word_1_62' title='bbox 1232 1068 1519 1138; x_wconf 76' lang='grc' dir='ltr'>διαρρήδην</span> <span class='ocrx_word' id='word_1_63' title='bbox 1557 1067 1755 1135; x_wconf 88' lang='grc' dir='ltr'>ἀνακη-</span> 
     </span>
    </p>
   </div>
   <div class='ocr_carea' id='block_1_11' title="bbox 188 1154 1756 1229">
    <p class='ocr_par' dir='ltr' id='par_1_11' title="bbox 188 1154 1756 1229">
     <span class='ocr_line' id='line_1_11' title="bbox 188 1154 1756 1229; baseline -0.003 -19"><span class='ocrx_word' id='word_1_64' title='bbox 188 1157 454 1227; x_wconf 83' lang='grc' dir='ltr'>ρύττουσι,</span> <span class='ocrx_word' id='word_1_65' title='bbox 482 1157 694 1229; x_wconf 80' lang='grc' dir='ltr'>κλῆσίν</span> <span class='ocrx_word' id='word_1_66' title='bbox 721 1174 780 1209; x_wconf 87' lang='grc' dir='ltr'><strong>τε</strong></span> <span class='ocrx_word' id='word_1_67' title='bbox 803 1154 1053 1225; x_wconf 81' lang='grc' dir='ltr'><strong>μαθητῶν</strong></span> <span class='ocrx_word' id='word_1_68' title='bbox 1084 1155 1259 1217; x_wconf 81' lang='grc' dir='ltr'>αὐτοῦ,</span> <span class='ocrx_word' id='word_1_69' title='bbox 1288 1157 1378 1207; x_wconf 69' lang='grc' dir='ltr'>καὶ</span> <span class='ocrx_word' id='word_1_70' title='bbox 1410 1154 1607 1224; x_wconf 78' lang='grc' dir='ltr'>Καινῆς</span> <span class='ocrx_word' id='word_1_71' title='bbox 1631 1156 1756 1206; x_wconf 90' lang='grc' dir='ltr'>Δια-</span> 
     </span>
    </p>
   </div>
   <div class='ocr_carea' id='block_1_12' title="bbox 185 1242 1755 1315">
    <p class='ocr_par' dir='ltr' id='par_1_12' title="bbox 185 1242 1755 1315">
     <span class='ocr_line' id='line_1_12' title="bbox 185 1242 1755 1315; baseline -0.003 -18"><span class='ocrx_word' id='word_1_72' title='bbox 185 1245 350 1315; x_wconf 74' lang='grc' dir='ltr'>θηκης</span> <span class='ocrx_word' id='word_1_73' title='bbox 363 1246 767 1309; x_wconf 83' lang='grc' dir='ltr'>διδασκαλίαν;</span> <span class='ocrx_word' id='word_1_74' title='bbox 787 1245 893 1297; x_wconf 78' lang='grc' dir='ltr'>Ναὶ</span> <span class='ocrx_word' id='word_1_75' title='bbox 918 1245 1021 1314; x_wconf 82' lang='grc' dir='ltr'><strong>μὴν</strong></span> <span class='ocrx_word' id='word_1_76' title='bbox 1042 1243 1131 1296; x_wconf 73' lang='grc' dir='ltr'><strong>ἐπὶ</strong></span> <span class='ocrx_word' id='word_1_77' title='bbox 1155 1242 1355 1305; x_wconf 82' lang='grc' dir='ltr'>τούτοις</span> <span class='ocrx_word' id='word_1_78' title='bbox 1383 1243 1473 1295; x_wconf 76' lang='grc' dir='ltr'><strong>καὶ</strong></span> <span class='ocrx_word' id='word_1_79' title='bbox 1499 1243 1595 1304; x_wconf 90' lang='grc' dir='ltr'><strong>τάς</strong></span> <span class='ocrx_word' id='word_1_80' title='bbox 1628 1243 1755 1293; x_wconf 86' lang='grc' dir='ltr'>Ἰου-</span> 
     </span>
    </p>
   </div>
   <div class='ocr_carea' id='block_1_13' title="bbox 181 1330 1753 1400">
    <p class='ocr_par' dir='ltr' id='par_1_13' title="bbox 181 1330 1753 1400">
     <span class='ocr_line' id='line_1_13' title="bbox 181 1330 1753 1400; baseline -0.003 -13"><span class='ocrx_word' id='word_1_81' title='bbox 181 1335 337 1388; x_wconf 84' lang='grc' dir='ltr'>δαίων</span> <span class='ocrx_word' id='word_1_82' title='bbox 378 1337 465 1396; x_wconf 84' lang='grc' dir='ltr'>εἰς</span> <span class='ocrx_word' id='word_1_83' title='bbox 500 1335 681 1387; x_wconf 78' lang='grc' dir='ltr'>αὐτὸν</span> <span class='ocrx_word' id='word_1_84' title='bbox 721 1333 974 1396; x_wconf 78' lang='grc' dir='ltr'>ἀπιστίας</span> <span class='ocrx_word' id='word_1_85' title='bbox 1006 1334 1097 1386; x_wconf 77' lang='grc' dir='ltr'>καὶ</span> <span class='ocrx_word' id='word_1_86' title='bbox 1121 1331 1446 1398; x_wconf 87' lang='grc' dir='ltr'>ἀντιλογίας,</span> <span class='ocrx_word' id='word_1_87' title='bbox 1486 1330 1753 1400; x_wconf 81' lang='grc' dir='ltr'>ἀρχόντων</span> 
     </span>
    </p>
   </div>
   <div class='ocr_carea' id='block_1_14' title="bbox 180 1418 1751 1490">
    <p class='ocr_par' dir='ltr' id='par_1_14' title="bbox 180 1418 1751 1490">
     <span class='ocr_line' id='line_1_14' title="bbox 180 1418 1751 1490; baseline -0.002 -15"><span class='ocrx_word' id='word_1_88' title='bbox 180 1441 236 1477; x_wconf 88' lang='grc' dir='ltr'><strong>τε</strong></span> <span class='ocrx_word' id='word_1_89' title='bbox 266 1425 710 1487; x_wconf 68' lang='grc' dir='ltr'>ἐπαναστάσεις,</span> <span class='ocrx_word' id='word_1_90' title='bbox 736 1422 1064 1476; x_wconf 82' lang='grc' dir='ltr'>διδασκάλων</span> <span class='ocrx_word' id='word_1_91' title='bbox 1092 1421 1329 1490; x_wconf 78' lang='grc' dir='ltr'>φθόνους,</span> <span class='ocrx_word' id='word_1_92' title='bbox 1372 1421 1484 1482; x_wconf 82' lang='grc' dir='ltr'>ἐνὸς</span> <span class='ocrx_word' id='word_1_93' title='bbox 1518 1418 1751 1490; x_wconf 77' lang='grc' dir='ltr'>μαθητοῦ</span> 
     </span>
    </p>
   </div>
   <div class='ocr_carea' id='block_1_15' title="bbox 181 1508 1750 1583">
    <p class='ocr_par' dir='ltr' id='par_1_15' title="bbox 181 1508 1750 1583">
     <span class='ocr_line' id='line_1_15' title="bbox 181 1508 1750 1583; baseline -0.003 -19"><span class='ocrx_word' id='word_1_94' title='bbox 181 1514 494 1583; x_wconf 75' lang='grc' dir='ltr'>προδοσίαν,</span> <span class='ocrx_word' id='word_1_95' title='bbox 516 1512 744 1583; x_wconf 77' lang='grc' dir='ltr'>ἐχθρῶν</span> <span class='ocrx_word' id='word_1_96' title='bbox 762 1511 1026 1573; x_wconf 78' lang='grc' dir='ltr'>διαϐολάς,</span> <span class='ocrx_word' id='word_1_97' title='bbox 1050 1510 1390 1579; x_wconf 81' lang='grc' dir='ltr'>συκοφαντῶν</span> <span class='ocrx_word' id='word_1_98' title='bbox 1409 1508 1750 1579; x_wconf 81' lang='grc' dir='ltr'>κατηγορίας,</span> 
     </span>
    </p>
   </div>
   <div class='ocr_carea' id='block_1_16' title="bbox 181 1599 1754 1672">
    <p class='ocr_par' dir='ltr' id='par_1_16' title="bbox 181 1599 1754 1672">
     <span class='ocr_line' id='line_1_16' title="bbox 181 1599 1754 1672; baseline -0.001 -18"><span class='ocrx_word' id='word_1_99' title='bbox 181 1602 442 1654; x_wconf 80' lang='grc' dir='ltr'>δικαστῶν</span> <span class='ocrx_word' id='word_1_100' title='bbox 501 1603 895 1672; x_wconf 86' lang='grc' dir='ltr'>κατακρίσεις,</span> <span class='ocrx_word' id='word_1_101' title='bbox 950 1601 1131 1671; x_wconf 80' lang='grc' dir='ltr'>ὕϐρεις</span> <span class='ocrx_word' id='word_1_102' title='bbox 1181 1600 1437 1669; x_wconf 84' lang='grc' dir='ltr'>ἀτίμους,</span> <span class='ocrx_word' id='word_1_103' title='bbox 1493 1599 1754 1668; x_wconf 80' lang='grc' dir='ltr'>μάστιγας</span> 
     </span>
    </p>
   </div>
   <div class='ocr_carea' id='block_1_17' title="bbox 178 1687 1752 1762">
    <p class='ocr_par' dir='ltr' id='par_1_17' title="bbox 178 1687 1752 1762">
     <span class='ocr_line' id='line_1_17' title="bbox 178 1687 1752 1762; baseline -0.004 -17"><span class='ocrx_word' id='word_1_104' title='bbox 178 1693 458 1755; x_wconf 82' lang='grc' dir='ltr'>ὲκτόπους,</span> <span class='ocrx_word' id='word_1_105' title='bbox 484 1693 820 1762; x_wconf 77' lang='grc' dir='ltr'>δυσφήμους</span> <span class='ocrx_word' id='word_1_106' title='bbox 851 1690 1128 1761; x_wconf 84' lang='grc' dir='ltr'>λοιδορίας,</span> <span class='ocrx_word' id='word_1_107' title='bbox 1158 1690 1248 1741; x_wconf 76' lang='grc' dir='ltr'><strong>ἐπὶ</strong></span> <span class='ocrx_word' id='word_1_108' title='bbox 1274 1691 1404 1742; x_wconf 79' lang='grc' dir='ltr'>πᾶσι</span> <span class='ocrx_word' id='word_1_109' title='bbox 1429 1689 1516 1741; x_wconf 74' lang='grc' dir='ltr'><strong>τὸν</strong></span> <span class='ocrx_word' id='word_1_110' title='bbox 1548 1687 1752 1740; x_wconf 55' lang='grc' dir='ltr'>ὲπονείι</span> 
     </span>
    </p>
   </div>
   <div class='ocr_carea' id='block_1_18' title="bbox 175 1766 1758 1847">
    <p class='ocr_par' dir='ltr' id='par_1_18' title="bbox 175 1766 1758 1847">
     <span class='ocr_line' id='line_1_18' title="bbox 175 1766 1758 1847; baseline -0.004 -15"><span class='ocrx_word' id='word_1_111' title='bbox 175 1781 343 1833; x_wconf 82' lang='grc' dir='ltr'>διστον</span> <span class='ocrx_word' id='word_1_112' title='bbox 376 1781 630 1835; x_wconf 82' lang='grc' dir='ltr'>θάνατον</span> <span class='ocrx_word' id='word_1_113' title='bbox 653 1798 670 1811; x_wconf 87' lang='grc'><strong>·</strong></span> <span class='ocrx_word' id='word_1_114' title='bbox 698 1780 860 1835; x_wconf 81' lang='grc' dir='ltr'>αὐτοῦ</span> <span class='ocrx_word' id='word_1_115' title='bbox 886 1798 944 1832; x_wconf 90' lang='grc' dir='ltr'><strong>τε</strong></span> <span class='ocrx_word' id='word_1_116' title='bbox 971 1782 1062 1832; x_wconf 74' lang='grc' dir='ltr'><strong>ἐπὶ</strong></span> <span class='ocrx_word' id='word_1_117' title='bbox 1086 1778 1291 1840; x_wconf 77' lang='grc' dir='ltr'>τούτοις</span> <span class='ocrx_word' id='word_1_118' title='bbox 1323 1777 1526 1847; x_wconf 82' lang='grc' dir='ltr'>σιωπὴν</span> <span class='ocrx_word' id='word_1_119' title='bbox 1553 1766 1758 1844; x_wconf 37' lang='grc' dir='ltr'>θαυμάε</span> 
     </span>
    </p>
   </div>
   <div class='ocr_carea' id='block_1_19' title="bbox 1850 620 3368 690">
    <p class='ocr_par' dir='ltr' id='par_1_19' title="bbox 1850 620 3368 690">
     <span class='ocr_line' id='line_1_19' title="bbox 1850 620 3368 690; baseline -0.004 -9"><span class='ocrx_word' id='word_1_120' title='bbox 1850 626 2030 682; x_wconf 90' lang='lat' dir='ltr'><strong>videre</strong></span> <span class='ocrx_word' id='word_1_121' title='bbox 2060 625 2124 679; x_wconf 90' lang='lat' dir='ltr'><strong>ad</strong></span> <span class='ocrx_word' id='word_1_122' title='bbox 2161 623 2376 679; x_wconf 90' lang='lat' dir='ltr'><strong>oculum</strong></span> <span class='ocrx_word' id='word_1_123' title='bbox 2407 620 2463 675; x_wconf 91' lang='lat' dir='ltr'><strong>in</strong></span> <span class='ocrx_word' id='word_1_124' title='bbox 2508 620 2831 685; x_wconf 75' lang='lat' dir='ltr'><strong>propheticis</strong></span> <span class='ocrx_word' id='word_1_125' title='bbox 2856 636 2976 690; x_wconf 60' lang='lat' dir='ltr'><strong>quae</strong></span> <span class='ocrx_word' id='word_1_126' title='bbox 3001 621 3218 690; x_wconf 66' lang='lat' dir='ltr'><strong>prodita</strong></span> <span class='ocrx_word' id='word_1_127' title='bbox 3245 631 3368 677; x_wconf 87' lang='lat' dir='ltr'><strong>sunt</strong></span> 
     </span>
    </p>
   </div>
   <div class='ocr_carea' id='block_1_20' title="bbox 1850 709 3364 784">
    <p class='ocr_par' dir='ltr' id='par_1_20' title="bbox 1850 709 3364 784">
     <span class='ocr_line' id='line_1_20' title="bbox 1850 709 3364 784; baseline -0.001 -15"><span class='ocrx_word' id='word_1_128' title='bbox 1850 713 2299 784; x_wconf 65' lang='lat' dir='ltr'><strong>praedictionibus,</strong></span> <span class='ocrx_word' id='word_1_129' title='bbox 2328 713 2578 765; x_wconf 87' lang='lat' dir='ltr'><strong>universa</strong></span> <span class='ocrx_word' id='word_1_130' title='bbox 2600 709 2756 764; x_wconf 89' lang='lat' dir='ltr'><strong>simul</strong></span> <span class='ocrx_word' id='word_1_131' title='bbox 2777 709 3149 770; x_wconf 82' lang='lat' dir='ltr'><strong>comprehendi</strong></span> <span class='ocrx_word' id='word_1_132' title='bbox 3174 716 3364 767; x_wconf 81' lang='lat' dir='ltr'><strong>testata</strong></span> 
     </span>
    </p>
   </div>
   <div class='ocr_carea' id='block_1_21' title="bbox 1849 797 3364 871">
    <p class='ocr_par' dir='ltr' id='par_1_21' title="bbox 1849 797 3364 871">
     <span class='ocr_line' id='line_1_21' title="bbox 1849 797 3364 871; baseline -0.003 -12"><span class='ocrx_word' id='word_1_133' title='bbox 1849 804 2044 859; x_wconf 85' lang='lat' dir='ltr'><strong>divinis</strong></span> <span class='ocrx_word' id='word_1_134' title='bbox 2100 800 2439 871; x_wconf 81' lang='lat' dir='ltr'><strong>evangelistis</strong></span> <span class='ocrx_word' id='word_1_135' title='bbox 2480 798 2650 867; x_wconf 86' lang='lat' dir='ltr'><strong>ipsius</strong></span> <span class='ocrx_word' id='word_1_136' title='bbox 2688 797 2978 855; x_wconf 88' lang='lat' dir='ltr'><strong>Salvatoris</strong></span> <span class='ocrx_word' id='word_1_137' title='bbox 3019 800 3192 853; x_wconf 88' lang='lat' dir='ltr'><strong>nostri</strong></span> <span class='ocrx_word' id='word_1_138' title='bbox 3239 799 3364 855; x_wconf 82' lang='lat' dir='ltr'><strong>Jesu</strong></span> 
     </span>
    </p>
   </div>
   <div class='ocr_carea' id='block_1_22' title="bbox 1849 886 3367 959">
    <p class='ocr_par' dir='ltr' id='par_1_22' title="bbox 1849 886 3367 959">
     <span class='ocr_line' id='line_1_22' title="bbox 1849 886 3367 959; baseline -0.002 -12"><span class='ocrx_word' id='word_1_139' title='bbox 1849 890 2048 947; x_wconf 88' lang='lat' dir='ltr'><strong>Christi</strong></span> <span class='ocrx_word' id='word_1_140' title='bbox 2075 889 2329 959; x_wconf 86' lang='lat' dir='ltr'><strong>stupenda</strong></span> <span class='ocrx_word' id='word_1_141' title='bbox 2358 887 2631 949; x_wconf 86' lang='lat' dir='ltr'><strong>miracula,</strong></span> <span class='ocrx_word' id='word_1_142' title='bbox 2664 886 2977 956; x_wconf 88' lang='lat' dir='ltr'><strong>divinasque</strong></span> <span class='ocrx_word' id='word_1_143' title='bbox 3011 888 3127 956; x_wconf 85' lang='lat' dir='ltr'><strong>ejus</strong></span> <span class='ocrx_word' id='word_1_144' title='bbox 3166 894 3219 942; x_wconf 76' lang='lat' dir='ltr'><strong>et</strong></span> <span class='ocrx_word' id='word_1_145' title='bbox 3258 890 3367 957; x_wconf 80' lang='lat' dir='ltr'><strong>ple-</strong></span> 
     </span>
    </p>
   </div>
   <div class='ocr_carea' id='block_1_23' title="bbox 1848 976 3367 1046">
    <p class='ocr_par' dir='ltr' id='par_1_23' title="bbox 1848 976 3367 1046">
     <span class='ocr_line' id='line_1_23' title="bbox 1848 976 3367 1046; baseline -0.002 -12"><span class='ocrx_word' id='word_1_146' title='bbox 1848 996 1948 1036; x_wconf 88' lang='lat' dir='ltr'><strong>nas</strong></span> <span class='ocrx_word' id='word_1_147' title='bbox 1990 979 2166 1034; x_wconf 88' lang='lat' dir='ltr'><strong>omnis</strong></span> <span class='ocrx_word' id='word_1_148' title='bbox 2213 979 2424 1032; x_wconf 87' lang='lat' dir='ltr'><strong>virtutis</strong></span> <span class='ocrx_word' id='word_1_149' title='bbox 2478 977 2545 1031; x_wconf 89' lang='lat' dir='ltr'><strong>de</strong></span> <span class='ocrx_word' id='word_1_150' title='bbox 2595 992 2719 1031; x_wconf 83' lang='lat' dir='ltr'><strong>vera</strong></span> <span class='ocrx_word' id='word_1_151' title='bbox 2764 978 2959 1046; x_wconf 84' lang='lat' dir='ltr'><strong>pietate</strong></span> <span class='ocrx_word' id='word_1_152' title='bbox 2986 976 3273 1032; x_wconf 86' lang='lat' dir='ltr'><strong>doctrinas.</strong></span> <span class='ocrx_word' id='word_1_153' title='bbox 3302 978 3367 1032; x_wconf 89' lang='lat' dir='ltr'><strong>Et</strong></span> 
     </span>
    </p>
   </div>
   <div class='ocr_carea' id='block_1_24' title="bbox 1850 1064 3365 1140">
    <p class='ocr_par' dir='ltr' id='par_1_24' title="bbox 1850 1064 3365 1140">
     <span class='ocr_line' id='line_1_24' title="bbox 1850 1064 3365 1140; baseline 0 -18"><span class='ocrx_word' id='word_1_154' title='bbox 1850 1068 1976 1140; x_wconf 91' lang='lat' dir='ltr'><strong>quid</strong></span> <span class='ocrx_word' id='word_1_155' title='bbox 2012 1066 2209 1120; x_wconf 86' lang='lat' dir='ltr'><strong>mirum</strong></span> <span class='ocrx_word' id='word_1_156' title='bbox 2240 1067 2360 1127; x_wconf 92' lang='lat' dir='ltr'><strong>hoc,</strong></span> <span class='ocrx_word' id='word_1_157' title='bbox 2397 1078 2519 1119; x_wconf 89' lang='lat' dir='ltr'><strong>cum</strong></span> <span class='ocrx_word' id='word_1_158' title='bbox 2556 1072 2607 1118; x_wconf 88' lang='lat' dir='ltr'><strong>et</strong></span> <span class='ocrx_word' id='word_1_159' title='bbox 2637 1077 2828 1117; x_wconf 88' lang='lat' dir='ltr'><strong>novam</strong></span> <span class='ocrx_word' id='word_1_160' title='bbox 2874 1064 3130 1118; x_wconf 87' lang='lat' dir='ltr'><strong>rationem</strong></span> <span class='ocrx_word' id='word_1_161' title='bbox 3155 1067 3365 1135; x_wconf 87' lang='lat' dir='ltr'><strong>pietatis</strong></span> 
     </span>
    </p>
   </div>
   <div class='ocr_carea' id='block_1_25' title="bbox 1850 1152 3368 1224">
    <p class='ocr_par' dir='ltr' id='par_1_25' title="bbox 1850 1152 3368 1224">
     <span class='ocr_line' id='line_1_25' title="bbox 1850 1152 3368 1224; baseline -0.003 -10"><span class='ocrx_word' id='word_1_162' title='bbox 1850 1156 2099 1214; x_wconf 86' lang='lat' dir='ltr'><strong>omnibus</strong></span> <span class='ocrx_word' id='word_1_163' title='bbox 2134 1155 2437 1210; x_wconf 89' lang='lat' dir='ltr'><strong>hominibus</strong></span> <span class='ocrx_word' id='word_1_164' title='bbox 2476 1152 2543 1207; x_wconf 90' lang='lat' dir='ltr'><strong>ab</strong></span> <span class='ocrx_word' id='word_1_165' title='bbox 2570 1167 2634 1207; x_wconf 91' lang='lat' dir='ltr'><strong>eo</strong></span> <span class='ocrx_word' id='word_1_166' title='bbox 2665 1152 3136 1206; x_wconf 86' lang='lat' dir='ltr'><strong>commendandam</strong></span> <span class='ocrx_word' id='word_1_167' title='bbox 3166 1158 3368 1224; x_wconf 80' lang='lat' dir='ltr'><strong>perspi-</strong></span> 
     </span>
    </p>
   </div>
   <div class='ocr_carea' id='block_1_26' title="bbox 1850 1240 3365 1315">
    <p class='ocr_par' dir='ltr' id='par_1_26' title="bbox 1850 1240 3365 1315">
     <span class='ocr_line' id='line_1_26' title="bbox 1850 1240 3365 1315; baseline -0.001 -14"><span class='ocrx_word' id='word_1_168' title='bbox 1850 1261 1949 1301; x_wconf 89' lang='lat' dir='ltr'><strong>cue</strong></span> <span class='ocrx_word' id='word_1_169' title='bbox 1988 1244 2306 1315; x_wconf 67' lang='lat' dir='ltr'><strong>praedicent.</strong></span> <span class='ocrx_word' id='word_1_170' title='bbox 2334 1242 2771 1310; x_wconf 89' lang='lat' dir='ltr'><strong>vocationemque</strong></span> <span class='ocrx_word' id='word_1_171' title='bbox 2819 1240 3202 1310; x_wconf 91' lang='lat' dir='ltr'><strong>discipulorum</strong></span> <span class='ocrx_word' id='word_1_172' title='bbox 3248 1244 3365 1311; x_wconf 84' lang='lat' dir='ltr'><strong>ejus</strong></span> 
     </span>
    </p>
   </div>
   <div class='ocr_carea' id='block_1_27' title="bbox 1850 1329 3365 1389">
    <p class='ocr_par' dir='ltr' id='par_1_27' title="bbox 1850 1329 3365 1389">
     <span class='ocr_line' id='line_1_27' title="bbox 1850 1329 3365 1389; baseline -0.001 -1"><span class='ocrx_word' id='word_1_173' title='bbox 1850 1349 1913 1389; x_wconf 91' lang='lat' dir='ltr'><strong>ac</strong></span> <span class='ocrx_word' id='word_1_174' title='bbox 1956 1333 2088 1387; x_wconf 76' lang='lat' dir='ltr'><strong>Navi</strong></span> <span class='ocrx_word' id='word_1_175' title='bbox 2137 1331 2435 1386; x_wconf 83' lang='lat' dir='ltr'><strong>doctrinam</strong></span> <span class='ocrx_word' id='word_1_176' title='bbox 2481 1329 2828 1384; x_wconf 87' lang='lat' dir='ltr'><strong>Testamenti.</strong></span> <span class='ocrx_word' id='word_1_177' title='bbox 2869 1329 2977 1383; x_wconf 86' lang='lat' dir='ltr'><strong>Nec</strong></span> <span class='ocrx_word' id='word_1_178' title='bbox 3017 1332 3193 1386; x_wconf 91' lang='lat' dir='ltr'><strong>minus</strong></span> <span class='ocrx_word' id='word_1_179' title='bbox 3222 1341 3365 1387; x_wconf 89' lang='lat' dir='ltr'><strong>certe</strong></span> 
     </span>
    </p>
   </div>
   <div class='ocr_carea' id='block_1_28' title="bbox 1850 1419 3368 1494">
    <p class='ocr_par' dir='ltr' id='par_1_28' title="bbox 1850 1419 3368 1494">
     <span class='ocr_line' id='line_1_28' title="bbox 1850 1419 3368 1494; baseline -0.001 -17"><span class='ocrx_word' id='word_1_180' title='bbox 1850 1431 2101 1494; x_wconf 65' lang='lat' dir='ltr'><strong>prmterea</strong></span> <span class='ocrx_word' id='word_1_181' title='bbox 2123 1420 2421 1477; x_wconf 72' lang='lat' dir='ltr'><strong>Iudaeorum</strong></span> <span class='ocrx_word' id='word_1_182' title='bbox 2445 1420 2496 1472; x_wconf 91' lang='lat' dir='ltr'><strong>in</strong></span> <span class='ocrx_word' id='word_1_183' title='bbox 2521 1419 2691 1488; x_wconf 90' lang='lat' dir='ltr'><strong>ipsum</strong></span> <span class='ocrx_word' id='word_1_184' title='bbox 2722 1419 3141 1475; x_wconf 80' lang='lat' dir='ltr'><strong>incredulitatem</strong></span> <span class='ocrx_word' id='word_1_185' title='bbox 3164 1428 3216 1475; x_wconf 92' lang='lat' dir='ltr'><strong>et</strong></span> <span class='ocrx_word' id='word_1_186' title='bbox 3241 1436 3368 1475; x_wconf 84' lang='lat' dir='ltr'><strong>con-</strong></span> 
     </span>
    </p>
   </div>
   <div class='ocr_carea' id='block_1_29' title="bbox 1850 1508 3361 1578">
    <p class='ocr_par' dir='ltr' id='par_1_29' title="bbox 1850 1508 3361 1578">
     <span class='ocr_line' id='line_1_29' title="bbox 1850 1508 3361 1578; baseline -0.002 -12"><span class='ocrx_word' id='word_1_187' title='bbox 1850 1511 2213 1572; x_wconf 86' lang='lat' dir='ltr'><strong>tradictiones,</strong></span> <span class='ocrx_word' id='word_1_188' title='bbox 2260 1508 2556 1578; x_wconf 85' lang='lat' dir='ltr'><strong>principum</strong></span> <span class='ocrx_word' id='word_1_189' title='bbox 2607 1508 3043 1572; x_wconf 84' lang='lat' dir='ltr'><strong>insurrectiones,</strong></span> <span class='ocrx_word' id='word_1_190' title='bbox 3085 1509 3361 1564; x_wconf 90' lang='lat' dir='ltr'><strong>doctorum</strong></span> 
     </span>
    </p>
   </div>
   <div class='ocr_carea' id='block_1_30' title="bbox 1848 1596 3367 1666">
    <p class='ocr_par' dir='ltr' id='par_1_30' title="bbox 1848 1596 3367 1666">
     <span class='ocr_line' id='line_1_30' title="bbox 1848 1596 3367 1666; baseline -0.001 -14"><span class='ocrx_word' id='word_1_191' title='bbox 1848 1600 2123 1661; x_wconf 90' lang='lat' dir='ltr'><strong>invidiam,</strong></span> <span class='ocrx_word' id='word_1_192' title='bbox 2148 1598 2306 1652; x_wconf 88' lang='lat' dir='ltr'><strong>unius</strong></span> <span class='ocrx_word' id='word_1_193' title='bbox 2350 1596 2595 1664; x_wconf 85' lang='lat' dir='ltr'><strong>discipuli</strong></span> <span class='ocrx_word' id='word_1_194' title='bbox 2641 1596 3022 1666; x_wconf 88' lang='lat' dir='ltr'><strong>proditionem,</strong></span> <span class='ocrx_word' id='word_1_195' title='bbox 3075 1598 3367 1652; x_wconf 81' lang='lat' dir='ltr'><strong>calumnias</strong></span> 
     </span>
    </p>
   </div>
   <div class='ocr_carea' id='block_1_31' title="bbox 1850 1685 3365 1764">
    <p class='ocr_par' dir='ltr' id='par_1_31' title="bbox 1850 1685 3365 1764">
     <span class='ocr_line' id='line_1_31' title="bbox 1850 1685 3365 1764; baseline -0.002 -21"><span class='ocrx_word' id='word_1_196' title='bbox 1850 1688 2122 1753; x_wconf 83' lang='lat' dir='ltr'><strong>hostium,</strong></span> <span class='ocrx_word' id='word_1_197' title='bbox 2172 1685 2616 1764; x_wconf 84' lang='lat' dir='ltr'><strong>sycophantarum</strong></span> <span class='ocrx_word' id='word_1_198' title='bbox 2669 1686 3070 1749; x_wconf 82' lang='lat' dir='ltr'><strong>accusationes,</strong></span> <span class='ocrx_word' id='word_1_199' title='bbox 3127 1687 3365 1755; x_wconf 90' lang='lat' dir='ltr'><strong>judicum</strong></span> 
     </span>
    </p>
   </div>
   <div class='ocr_carea' id='block_1_32' title="bbox 1851 1775 3369 1846">
    <p class='ocr_par' dir='ltr' id='par_1_32' title="bbox 1851 1775 3369 1846">
     <span class='ocr_line' id='line_1_32' title="bbox 1851 1775 3369 1846; baseline -0.001 -14"><span class='ocrx_word' id='word_1_200' title='bbox 1851 1777 2337 1840; x_wconf 85' lang='lat' dir='ltr'><strong>condemnationes,</strong></span> <span class='ocrx_word' id='word_1_201' title='bbox 2369 1784 2551 1844; x_wconf 88' lang='lat' dir='ltr'><strong>turpes</strong></span> <span class='ocrx_word' id='word_1_202' title='bbox 2579 1775 2916 1844; x_wconf 77' lang='lat' dir='ltr'><strong>ignominias,</strong></span> <span class='ocrx_word' id='word_1_203' title='bbox 2939 1775 3140 1844; x_wconf 83' lang='lat' dir='ltr'><strong>ﬂagella</strong></span> <span class='ocrx_word' id='word_1_204' title='bbox 3162 1778 3369 1846; x_wconf 86' lang='lat' dir='ltr'><strong>gravis-</strong></span> 
     </span>
    </p>
   </div>
   <div class='ocr_carea' id='block_1_33' title="bbox 176 1849 1750 1941">
    <p class='ocr_par' dir='ltr' id='par_1_33' title="bbox 176 1866 1750 1941">
     <span class='ocr_line' id='line_1_33' title="bbox 176 1866 1750 1941; baseline -0.005 -18"><span class='ocrx_word' id='word_1_205' title='bbox 176 1884 302 1932; x_wconf 85' lang='grc' dir='ltr'>σιον,</span> <span class='ocrx_word' id='word_1_206' title='bbox 334 1870 650 1941; x_wconf 83' lang='grc' dir='ltr'>πραότητά</span> <span class='ocrx_word' id='word_1_207' title='bbox 679 1886 742 1922; x_wconf 86' lang='grc' dir='ltr'><strong>τε</strong></span> <span class='ocrx_word' id='word_1_208' title='bbox 771 1870 863 1922; x_wconf 76' lang='grc' dir='ltr'><strong>καὶ</strong></span> <span class='ocrx_word' id='word_1_209' title='bbox 898 1869 1208 1938; x_wconf 81' lang='grc' dir='ltr'>καρτερίαν,</span> <span class='ocrx_word' id='word_1_210' title='bbox 1234 1866 1502 1936; x_wconf 73' lang='grc' dir='ltr'>ἀμήχανόν</span> <span class='ocrx_word' id='word_1_211' title='bbox 1537 1882 1592 1917; x_wconf 87' lang='grc' dir='ltr'><strong>τε</strong></span> <span class='ocrx_word' id='word_1_212' title='bbox 1624 1866 1750 1933; x_wconf 81' lang='grc' dir='ltr'>ὅσην</span> 
     </span>
    </p>
   </div>
   <div class='ocr_carea' id='block_1_34' title="bbox 1846 1849 3369 1941">
    <p class='ocr_par' dir='ltr' id='par_1_34' title="bbox 1854 1864 3369 1933">
     <span class='ocr_line' id='line_1_34' title="bbox 1854 1864 3369 1933; baseline -0.002 -12"><span class='ocrx_word' id='word_1_213' title='bbox 1854 1868 2008 1930; x_wconf 87' lang='lat' dir='ltr'><strong>sima,</strong></span> <span class='ocrx_word' id='word_1_214' title='bbox 2039 1865 2253 1920; x_wconf 82' lang='lat' dir='ltr'><strong>infamia</strong></span> <span class='ocrx_word' id='word_1_215' title='bbox 2284 1864 2498 1933; x_wconf 85' lang='lat' dir='ltr'><strong>probra,</strong></span> <span class='ocrx_word' id='word_1_216' title='bbox 2526 1872 2579 1918; x_wconf 91' lang='lat' dir='ltr'><strong>et</strong></span> <span class='ocrx_word' id='word_1_217' title='bbox 2600 1879 2759 1932; x_wconf 85' lang='lat' dir='ltr'><strong>super</strong></span> <span class='ocrx_word' id='word_1_218' title='bbox 2784 1864 3031 1920; x_wconf 87' lang='lat' dir='ltr'><strong>omnibus</strong></span> <span class='ocrx_word' id='word_1_219' title='bbox 3053 1866 3198 1920; x_wconf 90' lang='lat' dir='ltr'><strong>hisce</strong></span> <span class='ocrx_word' id='word_1_220' title='bbox 3224 1880 3369 1920; x_wconf 83' lang='lat' dir='ltr'><strong>mor-</strong></span> 
     </span>
    </p>
   </div>
   <div class='ocr_carea' id='block_1_35' title="bbox 173 1956 1752 2029">
    <p class='ocr_par' dir='ltr' id='par_1_35' title="bbox 173 1956 1752 2029">
     <span class='ocr_line' id='line_1_35' title="bbox 173 1956 1752 2029; baseline -0.004 -17"><span class='ocrx_word' id='word_1_221' title='bbox 173 1960 446 2029; x_wconf 78' lang='grc' dir='ltr'>ὖπομονὴν</span> <span class='ocrx_word' id='word_1_222' title='bbox 474 1962 582 2012; x_wconf 79' lang='grc' dir='ltr'>καὶ</span> <span class='ocrx_word' id='word_1_223' title='bbox 603 1959 976 2023; x_wconf 81' lang='grc' dir='ltr'>ἀνεξικακίαν.</span> <span class='ocrx_word' id='word_1_224' title='bbox 1012 1958 1192 2010; x_wconf 79' lang='grc' dir='ltr'>Ταῦτα</span> <span class='ocrx_word' id='word_1_225' title='bbox 1219 1958 1275 2009; x_wconf 85' lang='grc' dir='ltr'>δὲ</span> <span class='ocrx_word' id='word_1_226' title='bbox 1302 1958 1471 2009; x_wconf 86' lang='grc' dir='ltr'>πάντα</span> <span class='ocrx_word' id='word_1_227' title='bbox 1502 1956 1752 2024; x_wconf 80' lang='grc' dir='ltr'>ἄντικρυς</span> 
     </span>
    </p>
   </div>
   <div class='ocr_carea' id='block_1_36' title="bbox 172 2044 1753 2121">
    <p class='ocr_par' dir='ltr' id='par_1_36' title="bbox 172 2044 1753 2121">
     <span class='ocr_line' id='line_1_36' title="bbox 172 2044 1753 2121; baseline -0.006 -18"><span class='ocrx_word' id='word_1_228' title='bbox 172 2052 307 2121; x_wconf 73' lang='grc' dir='ltr'>περὶ</span> <span class='ocrx_word' id='word_1_229' title='bbox 333 2050 464 2112; x_wconf 77' lang='grc' dir='ltr'>ἑνὸς</span> <span class='ocrx_word' id='word_1_230' title='bbox 493 2052 561 2102; x_wconf 82' lang='grc' dir='ltr'>ὲν</span> <span class='ocrx_word' id='word_1_231' title='bbox 594 2049 853 2111; x_wconf 84' lang='grc' dir='ltr'>ὑστάτοις</span> <span class='ocrx_word' id='word_1_232' title='bbox 885 2047 1014 2099; x_wconf 77' lang='grc' dir='ltr'>ποτε</span> <span class='ocrx_word' id='word_1_233' title='bbox 1040 2046 1247 2116; x_wconf 85' lang='grc' dir='ltr'>χρόνοις</span> <span class='ocrx_word' id='word_1_234' title='bbox 1277 2045 1505 2114; x_wconf 77' lang='grc' dir='ltr'>ἥξοντος,</span> <span class='ocrx_word' id='word_1_235' title='bbox 1542 2044 1633 2095; x_wconf 78' lang='grc' dir='ltr'>καὶ</span> <span class='ocrx_word' id='word_1_236' title='bbox 1652 2059 1753 2095; x_wconf 81' lang='grc' dir='ltr'>τοι·</span> 
     </span>
    </p>
   </div>
   <div class='ocr_carea' id='block_1_37' title="bbox 170 2126 1755 2207">
    <p class='ocr_par' dir='ltr' id='par_1_37' title="bbox 170 2126 1755 2207">
     <span class='ocr_line' id='line_1_37' title="bbox 170 2126 1755 2207; baseline -0.003 -19"><span class='ocrx_word' id='word_1_237' title='bbox 170 2136 299 2189; x_wconf 80' lang='grc' dir='ltr'>αὔτα</span> <span class='ocrx_word' id='word_1_238' title='bbox 327 2139 387 2189; x_wconf 78' lang='grc' dir='ltr'>ὲν</span> <span class='ocrx_word' id='word_1_239' title='bbox 414 2137 752 2207; x_wconf 82' lang='grc' dir='ltr'>ἀνθρώποις</span> <span class='ocrx_word' id='word_1_240' title='bbox 772 2135 1106 2204; x_wconf 84' lang='grc' dir='ltr'>πεισομένου,</span> <span class='ocrx_word' id='word_1_241' title='bbox 1137 2133 1317 2201; x_wconf 68' lang='grc' dir='ltr'>σαφῶς</span> <span class='ocrx_word' id='word_1_242' title='bbox 1335 2134 1400 2188; x_wconf 82' lang='grc' dir='ltr'><strong>δι’</strong></span> <span class='ocrx_word' id='word_1_243' title='bbox 1422 2126 1493 2185; x_wconf 83' lang='grc' dir='ltr'>ὧν</span> <span class='ocrx_word' id='word_1_244' title='bbox 1515 2132 1755 2202; x_wconf 87' lang='grc' dir='ltr'>προειλή-</span> 
     </span>
    </p>
   </div>
   <div class='ocr_carea' id='block_1_38' title="bbox 169 2221 1752 2294">
    <p class='ocr_par' dir='ltr' id='par_1_38' title="bbox 169 2221 1752 2294">
     <span class='ocr_line' id='line_1_38' title="bbox 169 2221 1752 2294; baseline -0.004 -15"><span class='ocrx_word' id='word_1_245' title='bbox 169 2243 313 2294; x_wconf 76' lang='grc' dir='ltr'>φασι,</span> <span class='ocrx_word' id='word_1_246' title='bbox 345 2226 417 2278; x_wconf 81' lang='grc' dir='ltr'>τὰ</span> <span class='ocrx_word' id='word_1_247' title='bbox 448 2226 785 2279; x_wconf 81' lang='grc' dir='ltr'>παλαίτατα</span> <span class='ocrx_word' id='word_1_248' title='bbox 816 2223 1075 2293; x_wconf 83' lang='grc' dir='ltr'>Ἐϐραίων</span> <span class='ocrx_word' id='word_1_249' title='bbox 1122 2222 1411 2292; x_wconf 83' lang='grc' dir='ltr'>παρίστησι</span> <span class='ocrx_word' id='word_1_250' title='bbox 1437 2221 1606 2288; x_wconf 85' lang='grc' dir='ltr'>λόγια,</span> <span class='ocrx_word' id='word_1_251' title='bbox 1635 2221 1752 2273; x_wconf 83' lang='grc' dir='ltr'>ὲπι·</span> 
     </span>
    </p>
   </div>
   <div class='ocr_carea' id='block_1_39' title="bbox 170 2307 1748 2386">
    <p class='ocr_par' dir='ltr' id='par_1_39' title="bbox 170 2307 1748 2386">
     <span class='ocr_line' id='line_1_39' title="bbox 170 2307 1748 2386; baseline -0.005 -19"><span class='ocrx_word' id='word_1_252' title='bbox 170 2314 614 2386; x_wconf 85' lang='grc' dir='ltr'>μαρτυρούμενα</span> <span class='ocrx_word' id='word_1_253' title='bbox 650 2313 751 2383; x_wconf 81' lang='grc' dir='ltr'>τὴν</span> <span class='ocrx_word' id='word_1_254' title='bbox 778 2312 914 2382; x_wconf 89' lang='grc' dir='ltr'><strong>μετά</strong></span> <span class='ocrx_word' id='word_1_255' title='bbox 944 2311 1166 2372; x_wconf 77' lang='grc' dir='ltr'>θάνατον</span> <span class='ocrx_word' id='word_1_256' title='bbox 1198 2312 1261 2362; x_wconf 80' lang='grc' dir='ltr'>ὲκ</span> <span class='ocrx_word' id='word_1_257' title='bbox 1284 2308 1488 2379; x_wconf 83' lang='grc' dir='ltr'>νεκρῶν</span> <span class='ocrx_word' id='word_1_258' title='bbox 1518 2307 1748 2361; x_wconf 84' lang='grc' dir='ltr'>ἀναϐίω-</span> 
     </span>
    </p>
   </div>
   <div class='ocr_carea' id='block_1_40' title="bbox 167 2398 1754 2473">
    <p class='ocr_par' dir='ltr' id='par_1_40' title="bbox 167 2398 1754 2473">
     <span class='ocr_line' id='line_1_40' title="bbox 167 2398 1754 2473; baseline -0.005 -16"><span class='ocrx_word' id='word_1_259' title='bbox 167 2420 246 2457; x_wconf 83' lang='grc' dir='ltr'><strong>σιν</strong></span> <span class='ocrx_word' id='word_1_260' title='bbox 275 2404 371 2457; x_wconf 79' lang='grc' dir='ltr'><strong>τοῦ</strong></span> <span class='ocrx_word' id='word_1_261' title='bbox 422 2402 806 2473; x_wconf 81' lang='grc' dir='ltr'>δηλουμένου,</span> <span class='ocrx_word' id='word_1_262' title='bbox 831 2400 929 2470; x_wconf 83' lang='grc' dir='ltr'>τὴν</span> <span class='ocrx_word' id='word_1_263' title='bbox 970 2403 1081 2461; x_wconf 81' lang='grc' dir='ltr'>τοῖς</span> <span class='ocrx_word' id='word_1_264' title='bbox 1108 2400 1272 2453; x_wconf 82' lang='grc' dir='ltr'>αὐτοῦ</span> <span class='ocrx_word' id='word_1_265' title='bbox 1308 2398 1565 2468; x_wconf 87' lang='grc' dir='ltr'>μαθηταῖς</span> <span class='ocrx_word' id='word_1_266' title='bbox 1594 2398 1754 2465; x_wconf 84' lang='grc' dir='ltr'>φανέ-</span> 
     </span>
    </p>
   </div>
   <div class='ocr_carea' id='block_1_41' title="bbox 167 2485 1748 2561">
    <p class='ocr_par' dir='ltr' id='par_1_41' title="bbox 167 2485 1748 2561">
     <span class='ocr_line' id='line_1_41' title="bbox 167 2485 1748 2561; baseline -0.006 -16"><span class='ocrx_word' id='word_1_267' title='bbox 167 2509 346 2560; x_wconf 84' lang='grc' dir='ltr'>ρωσιν,</span> <span class='ocrx_word' id='word_1_268' title='bbox 364 2492 471 2561; x_wconf 81' lang='grc' dir='ltr'>τὴν</span> <span class='ocrx_word' id='word_1_269' title='bbox 496 2492 607 2544; x_wconf 78' lang='grc' dir='ltr'><strong>τοῦ</strong></span> <span class='ocrx_word' id='word_1_270' title='bbox 642 2490 791 2543; x_wconf 90' lang='grc' dir='ltr'>θείου</span> <span class='ocrx_word' id='word_1_271' title='bbox 809 2488 1119 2558; x_wconf 72' lang='grc' dir='ltr'>Πνεύματρς</span> <span class='ocrx_word' id='word_1_272' title='bbox 1140 2490 1217 2552; x_wconf 87' lang='grc' dir='ltr'><strong>είς</strong></span> <span class='ocrx_word' id='word_1_273' title='bbox 1238 2488 1427 2549; x_wconf 81' lang='grc' dir='ltr'>αὐτοὺς</span> <span class='ocrx_word' id='word_1_274' title='bbox 1455 2485 1748 2555; x_wconf 59' lang='grc' dir='ltr'>μετάδοσιν</span> 
     </span>
    </p>
   </div>
   <div class='ocr_carea' id='block_1_42' title="bbox 164 2572 1751 2649">
    <p class='ocr_par' dir='ltr' id='par_1_42' title="bbox 164 2572 1751 2649">
     <span class='ocr_line' id='line_1_42' title="bbox 164 2572 1751 2649; baseline -0.004 -18"><span class='ocrx_word' id='word_1_275' title='bbox 164 2578 255 2649; x_wconf 74' lang='grc' dir='ltr'>τὴν</span> <span class='ocrx_word' id='word_1_276' title='bbox 274 2582 357 2641; x_wconf 87' lang='grc' dir='ltr'><strong>είς</strong></span> <span class='ocrx_word' id='word_1_277' title='bbox 388 2580 690 2647; x_wconf 80' lang='grc' dir='ltr'>οὐρανοὺς</span> <span class='ocrx_word' id='word_1_278' title='bbox 716 2577 902 2631; x_wconf 84' lang='grc' dir='ltr'>ἄνοδον</span> <span class='ocrx_word' id='word_1_279' title='bbox 937 2575 1119 2639; x_wconf 77' lang='grc' dir='ltr'>αὐτοῦ,</span> <span class='ocrx_word' id='word_1_280' title='bbox 1152 2577 1247 2645; x_wconf 82' lang='grc' dir='ltr'>τὴν</span> <span class='ocrx_word' id='word_1_281' title='bbox 1283 2573 1486 2644; x_wconf 82' lang='grc' dir='ltr'>Πατρὸς</span> <span class='ocrx_word' id='word_1_282' title='bbox 1510 2572 1751 2642; x_wconf 79' lang='grc' dir='ltr'>ἕνθρονον</span> 
     </span>
    </p>
   </div>
   <div class='ocr_carea' id='block_1_43' title="bbox 165 2650 1752 2736">
    <p class='ocr_par' dir='ltr' id='par_1_43' title="bbox 165 2650 1752 2736">
     <span class='ocr_line' id='line_1_43' title="bbox 165 2650 1752 2736; baseline -0.006 -17"><span class='ocrx_word' id='word_1_283' title='bbox 165 2650 449 2735; x_wconf 80' lang='grc' dir='ltr'>βασιλείας</span> <span class='ocrx_word' id='word_1_284' title='bbox 478 2666 736 2736; x_wconf 77' lang='grc' dir='ltr'>ἵδρυσιν,</span> <span class='ocrx_word' id='word_1_285' title='bbox 767 2664 864 2734; x_wconf 85' lang='grc' dir='ltr'>τὴν</span> <span class='ocrx_word' id='word_1_286' title='bbox 894 2665 987 2716; x_wconf 75' lang='grc' dir='ltr'><strong>ἐπὶ</strong></span> <span class='ocrx_word' id='word_1_287' title='bbox 1019 2661 1288 2733; x_wconf 75' lang='grc' dir='ltr'>συντελείᾳ</span> <span class='ocrx_word' id='word_1_288' title='bbox 1313 2660 1402 2712; x_wconf 83' lang='grc' dir='ltr'>τοῦ</span> <span class='ocrx_word' id='word_1_289' title='bbox 1437 2660 1547 2729; x_wconf 85' lang='grc' dir='ltr'>βίου</span> <span class='ocrx_word' id='word_1_290' title='bbox 1576 2660 1752 2711; x_wconf 88' lang='grc' dir='ltr'>δευτέ-</span> 
     </span>
    </p>
   </div>
   <div class='ocr_carea' id='block_1_44' title="bbox 162 2748 1751 2826">
    <p class='ocr_par' dir='ltr' id='par_1_44' title="bbox 162 2748 1751 2826">
     <span class='ocr_line' id='line_1_44' title="bbox 162 2748 1751 2826; baseline -0.005 -19"><span class='ocrx_word' id='word_1_291' title='bbox 162 2771 256 2826; x_wconf 81' lang='grc' dir='ltr'><strong>ραν</strong></span> <span class='ocrx_word' id='word_1_292' title='bbox 285 2753 451 2819; x_wconf 77' lang='grc' dir='ltr'>αὖθις</span> <span class='ocrx_word' id='word_1_293' title='bbox 517 2754 805 2824; x_wconf 74' lang='grc' dir='ltr'>ἐσομένην</span> <span class='ocrx_word' id='word_1_294' title='bbox 833 2750 1037 2816; x_wconf 77' lang='grc' dir='ltr'>ἔνδοξον</span> <span class='ocrx_word' id='word_1_295' title='bbox 1080 2752 1244 2809; x_wconf 73' lang='grc' dir='ltr'>αὐτοῦ</span> <span class='ocrx_word' id='word_1_296' title='bbox 1284 2748 1751 2821; x_wconf 43' lang='grc' dir='ltr'>παρουσίαννἘπὶ</span> 
     </span>
    </p>
   </div>
   <div class='ocr_carea' id='block_1_45' title="bbox 159 2840 1747 2915">
    <p class='ocr_par' dir='ltr' id='par_1_45' title="bbox 159 2840 1747 2915">
     <span class='ocr_line' id='line_1_45' title="bbox 159 2840 1747 2915; baseline -0.006 -17"><span class='ocrx_word' id='word_1_297' title='bbox 159 2847 284 2898; x_wconf 74' lang='grc' dir='ltr'>πᾶσι</span> <span class='ocrx_word' id='word_1_298' title='bbox 302 2846 530 2907; x_wconf 84' lang='grc' dir='ltr'>τούτοις</span> <span class='ocrx_word' id='word_1_299' title='bbox 555 2846 805 2915; x_wconf 81' lang='grc' dir='ltr'>θρήνους</span> <span class='ocrx_word' id='word_1_300' title='bbox 832 2842 1035 2911; x_wconf 81' lang='grc' dir='ltr'>ἀκούσῃ</span> <span class='ocrx_word' id='word_1_301' title='bbox 1055 2842 1147 2894; x_wconf 73' lang='grc' dir='ltr'>καὶ</span> <span class='ocrx_word' id='word_1_302' title='bbox 1177 2841 1506 2912; x_wconf 72' lang='grc' dir='ltr'>ὀλοφυρμοὺς</span> <span class='ocrx_word' id='word_1_303' title='bbox 1527 2840 1747 2896; x_wconf 76' lang='grc' dir='ltr'>ἑκάστου</span> 
     </span>
    </p>
   </div>
   <div class='ocr_carea' id='block_1_46' title="bbox 157 2929 1748 3005">
    <p class='ocr_par' dir='ltr' id='par_1_46' title="bbox 157 2929 1748 3005">
     <span class='ocr_line' id='line_1_46' title="bbox 157 2929 1748 3005; baseline -0.001 -20"><span class='ocrx_word' id='word_1_304' title='bbox 157 2935 257 2986; x_wconf 82' lang='grc' dir='ltr'><strong>τῶν</strong></span> <span class='ocrx_word' id='word_1_305' title='bbox 292 2935 616 3005; x_wconf 80' lang='grc' dir='ltr'>προφητῶν</span> <span class='ocrx_word' id='word_1_306' title='bbox 656 2933 930 3003; x_wconf 81' lang='grc' dir='ltr'>διαφόρως</span> <span class='ocrx_word' id='word_1_307' title='bbox 953 2930 1360 3001; x_wconf 78' lang='grc' dir='ltr'>ὀλοφυρομένου,</span> <span class='ocrx_word' id='word_1_308' title='bbox 1385 2931 1474 2982; x_wconf 76' lang='grc' dir='ltr'>καὶ</span> <span class='ocrx_word' id='word_1_309' title='bbox 1495 2929 1748 2995; x_wconf 85' lang='grc' dir='ltr'>ἀποκλαι-</span> 
     </span>
    </p>
   </div>
   <div class='ocr_carea' id='block_1_47' title="bbox 156 3019 1749 3094">
    <p class='ocr_par' dir='ltr' id='par_1_47' title="bbox 156 3019 1749 3094">
     <span class='ocr_line' id='line_1_47' title="bbox 156 3019 1749 3094; baseline -0.003 -18"><span class='ocrx_word' id='word_1_310' title='bbox 156 3024 370 3094; x_wconf 78' lang='grc' dir='ltr'>ομὲνου,</span> <span class='ocrx_word' id='word_1_311' title='bbox 418 3027 533 3078; x_wconf 84' lang='grc' dir='ltr'>ὅσα</span> <span class='ocrx_word' id='word_1_312' title='bbox 590 3024 663 3075; x_wconf 81' lang='grc' dir='ltr'>τὸ</span> <span class='ocrx_word' id='word_1_313' title='bbox 711 3022 977 3075; x_wconf 81' lang='grc' dir='ltr'>Ἰουδαίων</span> <span class='ocrx_word' id='word_1_314' title='bbox 1005 3020 1152 3081; x_wconf 80' lang='grc' dir='ltr'>ἔθνος</span> <span class='ocrx_word' id='word_1_315' title='bbox 1181 3020 1279 3089; x_wconf 84' lang='grc' dir='ltr'>τῆς</span> <span class='ocrx_word' id='word_1_316' title='bbox 1310 3021 1387 3082; x_wconf 86' lang='grc' dir='ltr'><strong>είς</strong></span> <span class='ocrx_word' id='word_1_317' title='bbox 1428 3019 1517 3072; x_wconf 81' lang='grc' dir='ltr'>τὸν</span> <span class='ocrx_word' id='word_1_318' title='bbox 1549 3036 1749 3090; x_wconf 85' lang='grc' dir='ltr'>προκη-</span> 
     </span>
    </p>
   </div>
   <div class='ocr_carea' id='block_1_48' title="bbox 160 3107 1814 3202">
    <p class='ocr_par' dir='ltr' id='par_1_48' title="bbox 160 3107 1814 3202">
     <span class='ocr_line' id='line_1_48' title="bbox 160 3107 1814 3202; baseline -0.008 -34"><span class='ocrx_word' id='word_1_319' title='bbox 160 3115 422 3184; x_wconf 80' lang='grc' dir='ltr'>ρυχθέντα</span> <span class='ocrx_word' id='word_1_320' title='bbox 442 3112 794 3174; x_wconf 80' lang='grc' dir='ltr'>δυσσεϐείας</span> <span class='ocrx_word' id='word_1_321' title='bbox 820 3111 981 3172; x_wconf 74' lang='grc' dir='ltr'>ἕνεκα</span> <span class='ocrx_word' id='word_1_322' title='bbox 1008 3109 1409 3179; x_wconf 86' lang='grc' dir='ltr'>μετελεύσεσθαι</span> <span class='ocrx_word' id='word_1_323' title='bbox 1437 3108 1579 3171; x_wconf 87' lang='grc' dir='ltr'><strong>κακά</strong></span> <span class='ocrx_word' id='word_1_324' title='bbox 1597 3107 1750 3178; x_wconf 81' lang='grc' dir='ltr'>έμελ-</span> <span class='ocrx_word' id='word_1_325' title='bbox 1772 3146 1814 3202; x_wconf 75' lang='lat' dir='ltr'><strong><em>C</em></strong></span> 
     </span>
    </p>
   </div>
   <div class='ocr_carea' id='block_1_49' title="bbox 156 3197 1748 3272">
    <p class='ocr_par' dir='ltr' id='par_1_49' title="bbox 156 3197 1748 3272">
     <span class='ocr_line' id='line_1_49' title="bbox 156 3197 1748 3272; baseline -0.004 -16"><span class='ocrx_word' id='word_1_326' title='bbox 156 3201 259 3265; x_wconf 82' lang='grc' dir='ltr'>λεν,</span> <span class='ocrx_word' id='word_1_327' title='bbox 286 3204 366 3266; x_wconf 81' lang='grc' dir='ltr'>ὡς</span> <span class='ocrx_word' id='word_1_328' title='bbox 394 3204 463 3256; x_wconf 85' lang='grc' dir='ltr'>τὸ</span> <span class='ocrx_word' id='word_1_329' title='bbox 516 3201 813 3272; x_wconf 84' lang='grc' dir='ltr'>βασίλειον</span> <span class='ocrx_word' id='word_1_330' title='bbox 841 3198 1039 3260; x_wconf 89' lang='grc' dir='ltr'>αὐτῶν,</span> <span class='ocrx_word' id='word_1_331' title='bbox 1073 3197 1271 3251; x_wconf 86' lang='grc' dir='ltr'>ἀνωθεν</span> <span class='ocrx_word' id='word_1_332' title='bbox 1300 3199 1362 3250; x_wconf 79' lang='grc' dir='ltr'>ἐκ</span> <span class='ocrx_word' id='word_1_333' title='bbox 1403 3198 1645 3268; x_wconf 81' lang='grc' dir='ltr'>πατέρων</span> <span class='ocrx_word' id='word_1_334' title='bbox 1671 3199 1748 3259; x_wconf 89' lang='grc' dir='ltr'><strong>είς</strong></span> 
     </span>
    </p>
   </div>
   <div class='ocr_carea' id='block_1_50' title="bbox 156 3285 1750 3359">
    <p class='ocr_par' dir='ltr' id='par_1_50' title="bbox 156 3285 1750 3359">
     <span class='ocr_line' id='line_1_50' title="bbox 156 3285 1750 3359; baseline -0.002 -20"><span class='ocrx_word' id='word_1_335' title='bbox 156 3288 391 3351; x_wconf 72' lang='grc' dir='ltr'>ἐκείνους</span> <span class='ocrx_word' id='word_1_336' title='bbox 417 3287 751 3359; x_wconf 58' lang='grc' dir='ltr'>διβρκέσαν</span> <span class='ocrx_word' id='word_1_337' title='bbox 774 3286 901 3347; x_wconf 69' lang='grc' dir='ltr'>τοὺς</span> <span class='ocrx_word' id='word_1_338' title='bbox 926 3285 1163 3355; x_wconf 71' lang='grc' dir='ltr'>καιροὺς,</span> <span class='ocrx_word' id='word_1_339' title='bbox 1195 3285 1423 3355; x_wconf 88' lang='grc' dir='ltr'>παντελῆ</span> <span class='ocrx_word' id='word_1_340' title='bbox 1447 3285 1750 3355; x_wconf 84' lang='grc' dir='ltr'>καθαίρεσιν</span> 
     </span>
    </p>
   </div>
   <div class='ocr_carea' id='block_1_51' title="bbox 159 3372 1749 3447">
    <p class='ocr_par' dir='ltr' id='par_1_51' title="bbox 159 3372 1749 3447">
     <span class='ocr_line' id='line_1_51' title="bbox 159 3372 1749 3447; baseline -0.003 -18"><span class='ocrx_word' id='word_1_341' title='bbox 159 3376 287 3446; x_wconf 82' lang='grc' dir='ltr'><strong>μετά</strong></span> <span class='ocrx_word' id='word_1_342' title='bbox 319 3377 613 3447; x_wconf 68' lang='grc' dir='ltr'>τὴν,κατὰ</span> <span class='ocrx_word' id='word_1_343' title='bbox 645 3372 891 3444; x_wconf 74' lang='grc' dir='ltr'>Χριστοῦ</span> <span class='ocrx_word' id='word_1_344' title='bbox 922 3373 1127 3443; x_wconf 69' lang='grc' dir='ltr'>τόλμαν</span> <span class='ocrx_word' id='word_1_345' title='bbox 1152 3372 1323 3426; x_wconf 85' lang='grc' dir='ltr'>αὐτῶν</span> <span class='ocrx_word' id='word_1_346' title='bbox 1349 3373 1602 3442; x_wconf 83' lang='grc' dir='ltr'>ὑπομενεί</span> <span class='ocrx_word' id='word_1_347' title='bbox 1623 3390 1636 3403; x_wconf 74' lang='grc' dir='ltr'><strong><em>ο</em></strong></span> <span class='ocrx_word' id='word_1_348' title='bbox 1676 3373 1749 3435; x_wconf 87' lang='grc' dir='ltr'>ὡς</span> 
     </span>
    </p>
   </div>
   <div class='ocr_carea' id='block_1_52' title="bbox 156 3459 1752 3533">
    <p class='ocr_par' dir='ltr' id='par_1_52' title="bbox 156 3459 1752 3533">
     <span class='ocr_line' id='line_1_52' title="bbox 156 3459 1752 3533; baseline -0.001 -19"><span class='ocrx_word' id='word_1_349' title='bbox 156 3464 201 3514; x_wconf 82' lang='grc' dir='ltr'><strong>οί</strong></span> <span class='ocrx_word' id='word_1_350' title='bbox 225 3464 448 3533; x_wconf 81' lang='grc' dir='ltr'>πάτριοι</span> <span class='ocrx_word' id='word_1_351' title='bbox 484 3463 693 3516; x_wconf 80' lang='grc' dir='ltr'>αὐτῶν</span> <span class='ocrx_word' id='word_1_352' title='bbox 735 3462 891 3530; x_wconf 76' lang='grc' dir='ltr'>νόμοι</span> <span class='ocrx_word' id='word_1_353' title='bbox 931 3459 1402 3526; x_wconf 78' lang='grc' dir='ltr'>καταλυθήσονται,</span> <span class='ocrx_word' id='word_1_354' title='bbox 1429 3461 1503 3522; x_wconf 83' lang='grc' dir='ltr'>ὡς</span> <span class='ocrx_word' id='word_1_355' title='bbox 1532 3461 1629 3529; x_wconf 79' lang='grc' dir='ltr'>τῆς</span> <span class='ocrx_word' id='word_1_356' title='bbox 1657 3479 1752 3513; x_wconf 85' lang='grc' dir='ltr'>πα-</span> 
     </span>
    </p>
   </div>
   <div class='ocr_carea' id='block_1_53' title="bbox 154 3550 1749 3625">
    <p class='ocr_par' dir='ltr' id='par_1_53' title="bbox 154 3550 1749 3625">
     <span class='ocr_line' id='line_1_53' title="bbox 154 3550 1749 3625; baseline -0.001 -20"><span class='ocrx_word' id='word_1_357' title='bbox 154 3551 308 3615; x_wconf 79' lang='grc' dir='ltr'>λαιᾶς</span> <span class='ocrx_word' id='word_1_358' title='bbox 336 3554 668 3625; x_wconf 72' lang='grc' dir='ltr'>θρησκείας</span> <span class='ocrx_word' id='word_1_359' title='bbox 727 3551 909 3621; x_wconf 74' lang='grc' dir='ltr'>αὐτῶν</span> <span class='ocrx_word' id='word_1_360' title='bbox 941 3551 1411 3620; x_wconf 83' lang='grc' dir='ltr'>ἀποστερήσονται,</span> <span class='ocrx_word' id='word_1_361' title='bbox 1454 3550 1527 3611; x_wconf 85' lang='grc' dir='ltr'>ὡς</span> <span class='ocrx_word' id='word_1_362' title='bbox 1554 3552 1647 3619; x_wconf 81' lang='grc' dir='ltr'>τῆς</span> <span class='ocrx_word' id='word_1_363' title='bbox 1686 3552 1749 3604; x_wconf 83' lang='grc' dir='ltr'>ὲκ</span> 
     </span>
    </p>
   </div>
   <div class='ocr_carea' id='block_1_54' title="bbox 156 3636 1752 3710">
    <p class='ocr_par' dir='ltr' id='par_1_54' title="bbox 156 3636 1752 3710">
     <span class='ocr_line' id='line_1_54' title="bbox 156 3636 1752 3710; baseline -0.003 -17"><span class='ocrx_word' id='word_1_364' title='bbox 156 3642 435 3710; x_wconf 83' lang='grc' dir='ltr'>προγόνων</span> <span class='ocrx_word' id='word_1_365' title='bbox 479 3638 846 3709; x_wconf 81' lang='grc' dir='ltr'>αὐτονομίας</span> <span class='ocrx_word' id='word_1_366' title='bbox 877 3636 1256 3690; x_wconf 76' lang='grc' dir='ltr'>ἐκπεσοῦνται·</span> <span class='ocrx_word' id='word_1_367' title='bbox 1292 3637 1367 3699; x_wconf 88' lang='grc' dir='ltr'>ὼς</span> <span class='ocrx_word' id='word_1_368' title='bbox 1406 3637 1515 3688; x_wconf 83' lang='grc' dir='ltr'>ἀντ’</span> <span class='ocrx_word' id='word_1_369' title='bbox 1544 3636 1752 3689; x_wconf 84' lang='grc' dir='ltr'>ἐλευθέ-</span> 
     </span>
    </p>
   </div>
   <div class='ocr_carea' id='block_1_55' title="bbox 156 3724 1749 3799">
    <p class='ocr_par' dir='ltr' id='par_1_55' title="bbox 156 3724 1749 3799">
     <span class='ocr_line' id='line_1_55' title="bbox 156 3724 1749 3799; baseline -0.004 -17"><span class='ocrx_word' id='word_1_370' title='bbox 156 3745 264 3799; x_wconf 85' lang='grc' dir='ltr'><strong>ρων</strong></span> <span class='ocrx_word' id='word_1_371' title='bbox 279 3728 459 3782; x_wconf 78' lang='grc' dir='ltr'>δοῦλοι</span> <span class='ocrx_word' id='word_1_372' title='bbox 478 3729 606 3781; x_wconf 84' lang='grc' dir='ltr'><strong>τῶν</strong></span> <span class='ocrx_word' id='word_1_373' title='bbox 632 3727 860 3798; x_wconf 76' lang='grc' dir='ltr'>ἐχθρῶν</span> <span class='ocrx_word' id='word_1_374' title='bbox 888 3726 1332 3796; x_wconf 85' lang='grc' dir='ltr'>καταστήσονται,</span> <span class='ocrx_word' id='word_1_375' title='bbox 1354 3725 1477 3794; x_wconf 86' lang='grc' dir='ltr'><strong>ὠςή</strong></span> <span class='ocrx_word' id='word_1_376' title='bbox 1507 3724 1749 3795; x_wconf 77' lang='grc' dir='ltr'>βασιλικὴ</span> 
     </span>
    </p>
   </div>
   <div class='ocr_carea' id='block_1_56' title="bbox 156 3812 1753 3884">
    <p class='ocr_par' dir='ltr' id='par_1_56' title="bbox 156 3812 1753 3884">
     <span class='ocr_line' id='line_1_56' title="bbox 156 3812 1753 3884; baseline -0.002 -16"><span class='ocrx_word' id='word_1_377' title='bbox 156 3816 493 3884; x_wconf 83' lang='grc' dir='ltr'>μητρόπολις</span> <span class='ocrx_word' id='word_1_378' title='bbox 517 3814 722 3867; x_wconf 80' lang='grc' dir='ltr'>αὐτῶν</span> <span class='ocrx_word' id='word_1_379' title='bbox 736 3813 1104 3883; x_wconf 85' lang='grc' dir='ltr'>πυρίκαυστος</span> <span class='ocrx_word' id='word_1_380' title='bbox 1123 3814 1423 3882; x_wconf 82' lang='grc' dir='ltr'>γενήσεται,</span> <span class='ocrx_word' id='word_1_381' title='bbox 1453 3812 1527 3874; x_wconf 85' lang='grc' dir='ltr'><strong>ὡς</strong></span> <span class='ocrx_word' id='word_1_382' title='bbox 1547 3813 1609 3864; x_wconf 80' lang='grc' dir='ltr'>τὸ</span> <span class='ocrx_word' id='word_1_383' title='bbox 1624 3830 1753 3883; x_wconf 89' lang='grc' dir='ltr'>σεμ-</span> 
     </span>
    </p>
   </div>
   <div class='ocr_carea' id='block_1_57' title="bbox 153 3900 1750 3973">
    <p class='ocr_par' dir='ltr' id='par_1_57' title="bbox 153 3900 1750 3973">
     <span class='ocr_line' id='line_1_57' title="bbox 153 3900 1750 3973; baseline -0.001 -17"><span class='ocrx_word' id='word_1_384' title='bbox 153 3903 237 3956; x_wconf 71' lang='grc' dir='ltr'>νὸν</span> <span class='ocrx_word' id='word_1_385' title='bbox 262 3905 450 3958; x_wconf 85' lang='grc' dir='ltr'>αὐτῶν</span> <span class='ocrx_word' id='word_1_386' title='bbox 481 3906 593 3958; x_wconf 79' lang='grc' dir='ltr'>καὶ</span> <span class='ocrx_word' id='word_1_387' title='bbox 648 3903 829 3973; x_wconf 77' lang='grc' dir='ltr'>ἁγνὸν</span> <span class='ocrx_word' id='word_1_388' title='bbox 869 3902 1011 3972; x_wconf 83' lang='grc' dir='ltr'>ίερδν</span> <span class='ocrx_word' id='word_1_389' title='bbox 1038 3900 1353 3973; x_wconf 80' lang='grc' dir='ltr'>ἐμπρησμὸν</span> <span class='ocrx_word' id='word_1_390' title='bbox 1383 3902 1474 3953; x_wconf 77' lang='grc' dir='ltr'>καὶ</span> <span class='ocrx_word' id='word_1_391' title='bbox 1523 3902 1750 3971; x_wconf 78' lang='grc' dir='ltr'>ἐσχάτην</span> 
     </span>
    </p>
   </div>
   <div class='ocr_carea' id='block_1_58' title="bbox 152 3991 1750 4064">
    <p class='ocr_par' dir='ltr' id='par_1_58' title="bbox 152 3991 1750 4064">
     <span class='ocr_line' id='line_1_58' title="bbox 152 3991 1750 4064; baseline 0.001 -20"><span class='ocrx_word' id='word_1_392' title='bbox 152 3995 380 4064; x_wconf 71' lang='grc' dir='ltr'>ἐρημίαν</span> <span class='ocrx_word' id='word_1_393' title='bbox 435 3996 734 4064; x_wconf 81' lang='grc' dir='ltr'>ὑπομενεί</span> <span class='ocrx_word' id='word_1_394' title='bbox 760 4009 775 4024; x_wconf 72' lang='grc' dir='ltr'><strong><em>ο</em></strong></span> <span class='ocrx_word' id='word_1_395' title='bbox 822 3993 900 4055; x_wconf 85' lang='grc' dir='ltr'><strong>ὡς</strong></span> <span class='ocrx_word' id='word_1_396' title='bbox 929 3992 1049 4044; x_wconf 82' lang='grc' dir='ltr'>ἀντὶ</span> <span class='ocrx_word' id='word_1_397' title='bbox 1097 3991 1203 4044; x_wconf 89' lang='grc' dir='ltr'><strong>τῶν</strong></span> <span class='ocrx_word' id='word_1_398' title='bbox 1240 3991 1404 4043; x_wconf 87' lang='grc' dir='ltr'>πάλαι</span> <span class='ocrx_word' id='word_1_399' title='bbox 1461 3992 1750 4063; x_wconf 77' lang='grc' dir='ltr'>οἰκητόρων</span> 
     </span>
    </p>
   </div>
   <div class='ocr_carea' id='block_1_59' title="bbox 153 4081 1773 4154">
    <p class='ocr_par' dir='ltr' id='par_1_59' title="bbox 153 4081 1773 4154">
     <span class='ocr_line' id='line_1_59' title="bbox 153 4081 1773 4154; baseline 0.001 -20"><span class='ocrx_word' id='word_1_400' title='bbox 153 4081 251 4134; x_wconf 77' lang='grc' dir='ltr'><strong>ὑπὸ</strong></span> <span class='ocrx_word' id='word_1_401' title='bbox 277 4084 590 4152; x_wconf 70' lang='grc' dir='ltr'>ὁμοφύλων</span> <span class='ocrx_word' id='word_1_402' title='bbox 624 4082 735 4152; x_wconf 73' lang='lat'><strong>(1‘)</strong></span> <span class='ocrx_word' id='word_1_403' title='bbox 771 4081 948 4135; x_wconf 75' lang='grc' dir='ltr'>ἐθνῶν</span> <span class='ocrx_word' id='word_1_404' title='bbox 974 4085 1007 4154; x_wconf 79' lang='grc' dir='ltr'><strong>ἡ</strong></span> <span class='ocrx_word' id='word_1_405' title='bbox 1036 4084 1182 4147; x_wconf 89' lang='grc' dir='ltr'>πόλις</span> <span class='ocrx_word' id='word_1_406' title='bbox 1216 4082 1391 4136; x_wconf 86' lang='grc' dir='ltr'>αὐτῶν</span> <span class='ocrx_word' id='word_1_407' title='bbox 1418 4081 1773 4153; x_wconf 81' lang='grc' dir='ltr'>κατοικισθή-.</span> 
     </span>
    </p>
   </div>
   <div class='ocr_carea' id='block_1_60' title="bbox 153 4171 1749 4243">
    <p class='ocr_par' dir='ltr' id='par_1_60' title="bbox 153 4171 1749 4243">
     <span class='ocr_line' id='line_1_60' title="bbox 153 4171 1749 4243; baseline -0.001 -18"><span class='ocrx_word' id='word_1_408' title='bbox 153 4188 312 4235; x_wconf 74' lang='grc' dir='ltr'>σεται,</span> <span class='ocrx_word' id='word_1_409' title='bbox 348 4174 430 4237; x_wconf 82' lang='grc' dir='ltr'>ὡς</span> <span class='ocrx_word' id='word_1_410' title='bbox 459 4176 551 4238; x_wconf 84' lang='grc' dir='ltr'><strong>είς</strong></span> <span class='ocrx_word' id='word_1_411' title='bbox 614 4173 816 4226; x_wconf 78' lang='grc' dir='ltr'>πάντα</span> <span class='ocrx_word' id='word_1_412' title='bbox 847 4171 919 4224; x_wconf 85' lang='grc' dir='ltr'><strong>τά</strong></span> <span class='ocrx_word' id='word_1_413' title='bbox 958 4172 1082 4241; x_wconf 81' lang='grc' dir='ltr'>ἔθνη</span> <span class='ocrx_word' id='word_1_414' title='bbox 1126 4173 1243 4226; x_wconf 86' lang='grc' dir='ltr'>καθ’</span> <span class='ocrx_word' id='word_1_415' title='bbox 1275 4174 1401 4243; x_wconf 79' lang='grc' dir='ltr'>ὅλης</span> <span class='ocrx_word' id='word_1_416' title='bbox 1438 4173 1749 4243; x_wconf 86' lang='grc' dir='ltr'>οίκουμένης</span> 
     </span>
    </p>
   </div>
   <div class='ocr_carea' id='block_1_61' title="bbox 150 4259 1751 4333">
    <p class='ocr_par' dir='ltr' id='par_1_61' title="bbox 150 4259 1751 4333">
     <span class='ocr_line' id='line_1_61' title="bbox 150 4259 1751 4333; baseline 0.001 -22"><span class='ocrx_word' id='word_1_417' title='bbox 150 4259 654 4333; x_wconf 74' lang='grc' dir='ltr'>διασπαρήσονται,</span> <span class='ocrx_word' id='word_1_418' title='bbox 684 4262 771 4323; x_wconf 84' lang='grc' dir='ltr'>ὠς</span> <span class='ocrx_word' id='word_1_419' title='bbox 802 4261 990 4313; x_wconf 79' lang='grc' dir='ltr'>οὐκέτ’</span> <span class='ocrx_word' id='word_1_420' title='bbox 1017 4263 1192 4324; x_wconf 86' lang='grc' dir='ltr'>αὐτοῖς</span> <span class='ocrx_word' id='word_1_421' title='bbox 1217 4265 1250 4333; x_wconf 84' lang='grc' dir='ltr'>ὴ</span> <span class='ocrx_word' id='word_1_422' title='bbox 1280 4261 1388 4315; x_wconf 87' lang='grc' dir='ltr'><strong>τῶν</strong></span> <span class='ocrx_word' id='word_1_423' title='bbox 1417 4261 1594 4315; x_wconf 86' lang='grc' dir='ltr'>κακῶν</span> <span class='ocrx_word' id='word_1_424' title='bbox 1616 4260 1751 4314; x_wconf 81' lang='grc' dir='ltr'>παύ-</span> 
     </span>
    </p>
   </div>
   <div class='ocr_carea' id='block_1_62' title="bbox 149 4347 1746 4420">
    <p class='ocr_par' dir='ltr' id='par_1_62' title="bbox 149 4347 1746 4420">
     <span class='ocr_line' id='line_1_62' title="bbox 149 4347 1746 4420; baseline -0.019 -9"><span class='ocrx_word' id='word_1_425' title='bbox 149 4347 228 4414; x_wconf 71' lang='grc' dir='ltr'><strong>λα,</strong></span> <span class='ocrx_word' id='word_1_426' title='bbox 252 4351 374 4404; x_wconf 78' lang='grc' dir='ltr'>οὐδέ</span> <span class='ocrx_word' id='word_1_427' title='bbox 398 4370 491 4416; x_wconf 86' lang='grc' dir='ltr'><strong>τις</strong></span> <span class='ocrx_word' id='word_1_428' title='bbox 526 4352 853 4410; x_wconf 84' lang='grc' dir='ltr'>ἀνάνευσις</span> <span class='ocrx_word' id='word_1_429' title='bbox 877 4348 989 4400; x_wconf 87' lang='grc' dir='ltr'><strong>τῶν</strong></span> <span class='ocrx_word' id='word_1_430' title='bbox 1021 4349 1306 4420; x_wconf 86' lang='grc' dir='ltr'>συμφορῶν</span> <span class='ocrx_word' id='word_1_431' title='bbox 1340 4349 1746 4419; x_wconf 41' lang='lat' dir='ltr'><strong>eammeam&quot;</strong></span> 
     </span>
    </p>
   </div>
   <div class='ocr_carea' id='block_1_63' title="bbox 1848 1953 3367 2022">
    <p class='ocr_par' dir='ltr' id='par_1_63' title="bbox 1848 1953 3367 2022">
     <span class='ocr_line' id='line_1_63' title="bbox 1848 1953 3367 2022; baseline 0 -14"><span class='ocrx_word' id='word_1_432' title='bbox 1848 1965 1951 2009; x_wconf 90' lang='lat' dir='ltr'><strong>tem</strong></span> <span class='ocrx_word' id='word_1_433' title='bbox 2005 1954 2460 2013; x_wconf 78' lang='lat' dir='ltr'><strong>contumeliosam.</strong></span> <span class='ocrx_word' id='word_1_434' title='bbox 2494 1953 2666 2022; x_wconf 90' lang='lat' dir='ltr'><strong>Ipsius</strong></span> <span class='ocrx_word' id='word_1_435' title='bbox 2722 1953 2788 2006; x_wconf 88' lang='lat' dir='ltr'><strong>ad</strong></span> <span class='ocrx_word' id='word_1_436' title='bbox 2834 1953 2944 2007; x_wconf 62' lang='lat' dir='ltr'><strong>haec</strong></span> <span class='ocrx_word' id='word_1_437' title='bbox 2998 1954 3367 2008; x_wconf 83' lang='lat' dir='ltr'><strong>admirandum</strong></span> 
     </span>
    </p>
   </div>
   <div class='ocr_carea' id='block_1_64' title="bbox 1846 2041 3370 2106">
    <p class='ocr_par' dir='ltr' id='par_1_64' title="bbox 1846 2041 3370 2106">
     <span class='ocr_line' id='line_1_64' title="bbox 1846 2041 3370 2106; baseline -0.002 -8"><span class='ocrx_word' id='word_1_438' title='bbox 1846 2044 2134 2106; x_wconf 90' lang='lat' dir='ltr'><strong>silentium,</strong></span> <span class='ocrx_word' id='word_1_439' title='bbox 2165 2042 2434 2097; x_wconf 79' lang='lat' dir='ltr'><strong>leuitatem</strong></span> <span class='ocrx_word' id='word_1_440' title='bbox 2474 2049 2529 2094; x_wconf 90' lang='lat' dir='ltr'><strong>et</strong></span> <span class='ocrx_word' id='word_1_441' title='bbox 2575 2041 2949 2104; x_wconf 86' lang='lat' dir='ltr'><strong>constantiam,</strong></span> <span class='ocrx_word' id='word_1_442' title='bbox 2979 2042 3370 2097; x_wconf 82' lang='lat' dir='ltr'><strong>incredibilem-</strong></span> 
     </span>
    </p>
   </div>
   <div class='ocr_carea' id='block_1_65' title="bbox 1846 2132 3365 2202">
    <p class='ocr_par' dir='ltr' id='par_1_65' title="bbox 1846 2132 3365 2202">
     <span class='ocr_line' id='line_1_65' title="bbox 1846 2132 3365 2202; baseline 0.001 -17"><span class='ocrx_word' id='word_1_443' title='bbox 1846 2149 1949 2202; x_wconf 87' lang='lat' dir='ltr'><strong>que</strong></span> <span class='ocrx_word' id='word_1_444' title='bbox 1981 2140 2232 2201; x_wconf 88' lang='lat' dir='ltr'><strong>quantam</strong></span> <span class='ocrx_word' id='word_1_445' title='bbox 2263 2132 2568 2199; x_wconf 81' lang='lat' dir='ltr'><strong>patientiam</strong></span> <span class='ocrx_word' id='word_1_446' title='bbox 2613 2132 2976 2201; x_wconf 89' lang='lat' dir='ltr'><strong>malorumque</strong></span> <span class='ocrx_word' id='word_1_447' title='bbox 3007 2134 3365 2188; x_wconf 85' lang='lat' dir='ltr'><strong>tolerantiam.</strong></span> 
     </span>
    </p>
   </div>
   <div class='ocr_carea' id='block_1_66' title="bbox 1847 2222 3369 2291">
    <p class='ocr_par' dir='ltr' id='par_1_66' title="bbox 1847 2222 3369 2291">
     <span class='ocr_line' id='line_1_66' title="bbox 1847 2222 3369 2291; baseline 0.001 -16"><span class='ocrx_word' id='word_1_448' title='bbox 1847 2222 1969 2276; x_wconf 79' lang='lat' dir='ltr'><strong>llaec</strong></span> <span class='ocrx_word' id='word_1_449' title='bbox 1993 2222 2172 2276; x_wconf 88' lang='lat' dir='ltr'><strong>omnia</strong></span> <span class='ocrx_word' id='word_1_450' title='bbox 2207 2222 2403 2279; x_wconf 83' lang='lat' dir='ltr'><strong>diserte</strong></span> <span class='ocrx_word' id='word_1_451' title='bbox 2445 2222 2511 2275; x_wconf 88' lang='lat' dir='ltr'><strong>de</strong></span> <span class='ocrx_word' id='word_1_452' title='bbox 2558 2236 2667 2274; x_wconf 88' lang='lat' dir='ltr'><strong>uno</strong></span> <span class='ocrx_word' id='word_1_453' title='bbox 2709 2222 2939 2288; x_wconf 86' lang='lat' dir='ltr'><strong>quodam</strong></span> <span class='ocrx_word' id='word_1_454' title='bbox 2987 2223 3040 2275; x_wconf 93' lang='lat' dir='ltr'><strong>in</strong></span> <span class='ocrx_word' id='word_1_455' title='bbox 3084 2222 3369 2291; x_wconf 86' lang='lat' dir='ltr'><strong>postremis</strong></span> 
     </span>
    </p>
   </div>
   <div class='ocr_carea' id='block_1_67' title="bbox 1847 2312 3368 2382">
    <p class='ocr_par' dir='ltr' id='par_1_67' title="bbox 1847 2312 3368 2382">
     <span class='ocr_line' id='line_1_67' title="bbox 1847 2312 3368 2382; baseline 0.001 -18"><span class='ocrx_word' id='word_1_456' title='bbox 1847 2312 1971 2365; x_wconf 88' lang='lat' dir='ltr'><strong>olim</strong></span> <span class='ocrx_word' id='word_1_457' title='bbox 2001 2321 2223 2369; x_wconf 87' lang='lat' dir='ltr'><strong>venturo</strong></span> <span class='ocrx_word' id='word_1_458' title='bbox 2267 2313 2593 2382; x_wconf 88' lang='lat' dir='ltr'><strong>temporibus</strong></span> <span class='ocrx_word' id='word_1_459' title='bbox 2622 2319 2780 2380; x_wconf 82' lang='lat' dir='ltr'><strong>atque</strong></span> <span class='ocrx_word' id='word_1_460' title='bbox 2811 2313 2948 2365; x_wconf 89' lang='lat' dir='ltr'><strong>inter</strong></span> <span class='ocrx_word' id='word_1_461' title='bbox 2977 2313 3220 2369; x_wconf 83' lang='lat' dir='ltr'><strong>homines</strong></span> <span class='ocrx_word' id='word_1_462' title='bbox 3241 2314 3368 2366; x_wconf 82' lang='lat' dir='ltr'><strong>talia</strong></span> 
     </span>
    </p>
   </div>
   <div class='ocr_carea' id='block_1_68' title="bbox 1846 2401 3368 2471">
    <p class='ocr_par' dir='ltr' id='par_1_68' title="bbox 1846 2401 3368 2471">
     <span class='ocr_line' id='line_1_68' title="bbox 1846 2401 3368 2471; baseline 0 -15"><span class='ocrx_word' id='word_1_463' title='bbox 1846 2402 2180 2456; x_wconf 74' lang='lat' dir='ltr'><strong>exantlaturo</strong></span> <span class='ocrx_word' id='word_1_464' title='bbox 2214 2403 2487 2470; x_wconf 89' lang='lat' dir='ltr'><strong>perspicue</strong></span> <span class='ocrx_word' id='word_1_465' title='bbox 2512 2401 2886 2470; x_wconf 67' lang='lat' dir='ltr'><strong>praenuntiant,</strong></span> <span class='ocrx_word' id='word_1_466' title='bbox 2915 2401 3235 2471; x_wconf 87' lang='lat' dir='ltr'><strong>traduntque</strong></span> <span class='ocrx_word' id='word_1_467' title='bbox 3270 2418 3368 2456; x_wconf 88' lang='lat' dir='ltr'><strong>an-</strong></span> 
     </span>
    </p>
   </div>
   <div class='ocr_carea' id='block_1_69' title="bbox 1847 2490 3370 2560">
    <p class='ocr_par' dir='ltr' id='par_1_69' title="bbox 1847 2490 3370 2560">
     <span class='ocr_line' id='line_1_69' title="bbox 1847 2490 3370 2560; baseline 0.002 -17"><span class='ocrx_word' id='word_1_468' title='bbox 1847 2491 2142 2559; x_wconf 89' lang='lat' dir='ltr'><strong>tiquissima</strong></span> <span class='ocrx_word' id='word_1_469' title='bbox 2174 2490 2511 2544; x_wconf 79' lang='lat' dir='ltr'><strong>Hebraeorum</strong></span> <span class='ocrx_word' id='word_1_470' title='bbox 2537 2492 2784 2555; x_wconf 91' lang='lat' dir='ltr'><strong>oracula;</strong></span> <span class='ocrx_word' id='word_1_471' title='bbox 2814 2491 3076 2560; x_wconf 88' lang='lat' dir='ltr'><strong>simulque</strong></span> <span class='ocrx_word' id='word_1_472' title='bbox 3107 2500 3370 2558; x_wconf 81' lang='lat' dir='ltr'><strong>testantur</strong></span> 
     </span>
    </p>
   </div>
   <div class='ocr_carea' id='block_1_70' title="bbox 1845 2578 3364 2647">
    <p class='ocr_par' dir='ltr' id='par_1_70' title="bbox 1845 2578 3364 2647">
     <span class='ocr_line' id='line_1_70' title="bbox 1845 2578 3364 2647; baseline 0.003 -18"><span class='ocrx_word' id='word_1_473' title='bbox 1845 2579 2085 2637; x_wconf 73' lang='lat' dir='ltr'><strong>eumde</strong></span> <span class='ocrx_word' id='word_1_474' title='bbox 2115 2584 2234 2647; x_wconf 92' lang='lat' dir='ltr'><strong>post</strong></span> <span class='ocrx_word' id='word_1_475' title='bbox 2264 2585 2486 2632; x_wconf 92' lang='lat' dir='ltr'><strong>mortem</strong></span> <span class='ocrx_word' id='word_1_476' title='bbox 2512 2578 2704 2632; x_wconf 91' lang='lat' dir='ltr'><strong>iterum</strong></span> <span class='ocrx_word' id='word_1_477' title='bbox 2734 2593 3071 2633; x_wconf 90' lang='lat' dir='ltr'><strong>reversurum</strong></span> <span class='ocrx_word' id='word_1_478' title='bbox 3098 2580 3155 2634; x_wconf 91' lang='lat' dir='ltr'><strong>in</strong></span> <span class='ocrx_word' id='word_1_479' title='bbox 3179 2582 3364 2645; x_wconf 79' lang='lat' dir='ltr'><strong>vitam,</strong></span> 
     </span>
    </p>
   </div>
   <div class='ocr_carea' id='block_1_71' title="bbox 1845 2666 3366 2737">
    <p class='ocr_par' dir='ltr' id='par_1_71' title="bbox 1845 2666 3366 2737">
     <span class='ocr_line' id='line_1_71' title="bbox 1845 2666 3366 2737; baseline 0.001 -17"><span class='ocrx_word' id='word_1_480' title='bbox 1845 2667 2119 2735; x_wconf 83' lang='lat' dir='ltr'><strong>discipulis</strong></span> <span class='ocrx_word' id='word_1_481' title='bbox 2148 2667 2278 2727; x_wconf 73' lang='lat' dir='ltr'><strong>suis,</strong></span> <span class='ocrx_word' id='word_1_482' title='bbox 2305 2666 2689 2736; x_wconf 85' lang='lat' dir='ltr'><strong>appariturum,</strong></span> <span class='ocrx_word' id='word_1_483' title='bbox 2735 2667 3078 2737; x_wconf 84' lang='lat' dir='ltr'><strong>divinumque</strong></span> <span class='ocrx_word' id='word_1_484' title='bbox 3112 2666 3366 2737; x_wconf 90' lang='lat' dir='ltr'><strong>Spiritum</strong></span> 
     </span>
    </p>
   </div>
   <div class='ocr_carea' id='block_1_72' title="bbox 1844 2754 3367 2827">
    <p class='ocr_par' dir='ltr' id='par_1_72' title="bbox 1844 2754 3367 2827">
     <span class='ocr_line' id='line_1_72' title="bbox 1844 2754 3367 2827; baseline 0.002 -19"><span class='ocrx_word' id='word_1_485' title='bbox 1844 2756 1898 2820; x_wconf 77' lang='lat' dir='ltr'><strong>in</strong></span> <span class='ocrx_word' id='word_1_486' title='bbox 1929 2756 2050 2809; x_wconf 89' lang='lat' dir='ltr'><strong>illos</strong></span> <span class='ocrx_word' id='word_1_487' title='bbox 2097 2757 2438 2811; x_wconf 90' lang='lat' dir='ltr'><strong>emissurum.</strong></span> <span class='ocrx_word' id='word_1_488' title='bbox 2469 2754 2717 2810; x_wconf 83' lang='lat' dir='ltr'><strong>Reditum</strong></span> <span class='ocrx_word' id='word_1_489' title='bbox 2761 2757 2885 2811; x_wconf 91' lang='lat' dir='ltr'><strong>item</strong></span> <span class='ocrx_word' id='word_1_490' title='bbox 2914 2757 3032 2827; x_wconf 89' lang='lat' dir='ltr'><strong>ejus</strong></span> <span class='ocrx_word' id='word_1_491' title='bbox 3073 2772 3367 2812; x_wconf 87' lang='lat' dir='ltr'><strong>memorant</strong></span> 
     </span>
    </p>
   </div>
   <div class='ocr_carea' id='block_1_73' title="bbox 1844 2842 3361 2913">
    <p class='ocr_par' dir='ltr' id='par_1_73' title="bbox 1844 2842 3361 2913">
     <span class='ocr_line' id='line_1_73' title="bbox 1844 2842 3361 2913; baseline 0.001 -17"><span class='ocrx_word' id='word_1_492' title='bbox 1844 2844 1900 2902; x_wconf 84' lang='lat' dir='ltr'><strong>in</strong></span> <span class='ocrx_word' id='word_1_493' title='bbox 1925 2843 2110 2908; x_wconf 80' lang='lat' dir='ltr'><strong>cmlos,</strong></span> <span class='ocrx_word' id='word_1_494' title='bbox 2152 2842 2461 2911; x_wconf 84' lang='lat' dir='ltr'><strong>ﬁrmamque</strong></span> <span class='ocrx_word' id='word_1_495' title='bbox 2483 2842 2536 2897; x_wconf 90' lang='lat' dir='ltr'><strong>in</strong></span> <span class='ocrx_word' id='word_1_496' title='bbox 2564 2844 2761 2897; x_wconf 79' lang='lat' dir='ltr'><strong>throno</strong></span> <span class='ocrx_word' id='word_1_497' title='bbox 2792 2844 2939 2913; x_wconf 77' lang='lat' dir='ltr'><strong>regni</strong></span> <span class='ocrx_word' id='word_1_498' title='bbox 2962 2842 3137 2900; x_wconf 88' lang='lat' dir='ltr'><strong>Patris</strong></span> <span class='ocrx_word' id='word_1_499' title='bbox 3160 2845 3361 2907; x_wconf 82' lang='lat' dir='ltr'><strong>sedem,</strong></span> 
     </span>
    </p>
   </div>
   <div class='ocr_carea' id='block_1_74' title="bbox 1845 2931 3366 3000">
    <p class='ocr_par' dir='ltr' id='par_1_74' title="bbox 1845 2931 3366 3000">
     <span class='ocr_line' id='line_1_74' title="bbox 1845 2931 3366 3000; baseline 0 -15"><span class='ocrx_word' id='word_1_500' title='bbox 1845 2932 2076 3000; x_wconf 81' lang='lat' dir='ltr'><strong>atquein</strong></span> <span class='ocrx_word' id='word_1_501' title='bbox 2108 2931 2564 2986; x_wconf 88' lang='lat' dir='ltr'><strong>consummatione</strong></span> <span class='ocrx_word' id='word_1_502' title='bbox 2593 2931 2770 2986; x_wconf 64' lang='lat' dir='ltr'><strong>saaculi</strong></span> <span class='ocrx_word' id='word_1_503' title='bbox 2798 2931 3033 2986; x_wconf 90' lang='lat' dir='ltr'><strong>futurum</strong></span> <span class='ocrx_word' id='word_1_504' title='bbox 3068 2932 3258 2987; x_wconf 89' lang='lat' dir='ltr'><strong>iterum</strong></span> <span class='ocrx_word' id='word_1_505' title='bbox 3288 2933 3366 2985; x_wconf 91' lang='lat' dir='ltr'><strong>al-</strong></span> 
     </span>
    </p>
   </div>
   <div class='ocr_carea' id='block_1_75' title="bbox 1843 3019 3366 3090">
    <p class='ocr_par' dir='ltr' id='par_1_75' title="bbox 1843 3019 3366 3090">
     <span class='ocr_line' id='line_1_75' title="bbox 1843 3019 3366 3090; baseline 0.003 -19"><span class='ocrx_word' id='word_1_506' title='bbox 1843 3027 2016 3074; x_wconf 90' lang='lat' dir='ltr'><strong>terum</strong></span> <span class='ocrx_word' id='word_1_507' title='bbox 2061 3020 2178 3087; x_wconf 88' lang='lat' dir='ltr'><strong>ejus</strong></span> <span class='ocrx_word' id='word_1_508' title='bbox 2231 3020 2512 3074; x_wconf 83' lang='lat' dir='ltr'><strong>adventum</strong></span> <span class='ocrx_word' id='word_1_509' title='bbox 2566 3020 2874 3090; x_wconf 84' lang='lat' dir='ltr'><strong>gloriosum.</strong></span> <span class='ocrx_word' id='word_1_510' title='bbox 2914 3019 3087 3089; x_wconf 87' lang='lat' dir='ltr'><strong>Super</strong></span> <span class='ocrx_word' id='word_1_511' title='bbox 3122 3023 3366 3077; x_wconf 85' lang='lat' dir='ltr'><strong>omnibus</strong></span> 
     </span>
    </p>
   </div>
   <div class='ocr_carea' id='block_1_76' title="bbox 1846 3107 3363 3180">
    <p class='ocr_par' dir='ltr' id='par_1_76' title="bbox 1846 3107 3363 3180">
     <span class='ocr_line' id='line_1_76' title="bbox 1846 3107 3363 3180; baseline 0.003 -20"><span class='ocrx_word' id='word_1_512' title='bbox 1846 3107 1994 3162; x_wconf 90' lang='lat' dir='ltr'><strong>hisce</strong></span> <span class='ocrx_word' id='word_1_513' title='bbox 2035 3107 2253 3163; x_wconf 89' lang='lat' dir='ltr'><strong>threnos</strong></span> <span class='ocrx_word' id='word_1_514' title='bbox 2289 3108 2549 3177; x_wconf 88' lang='lat' dir='ltr'><strong>percipies</strong></span> <span class='ocrx_word' id='word_1_515' title='bbox 2578 3118 2739 3178; x_wconf 87' lang='lat' dir='ltr'><strong>atque</strong></span> <span class='ocrx_word' id='word_1_516' title='bbox 2772 3109 3001 3177; x_wconf 89' lang='lat' dir='ltr'><strong>ejulatus</strong></span> <span class='ocrx_word' id='word_1_517' title='bbox 3035 3110 3363 3180; x_wconf 87' lang='lat' dir='ltr'><strong>singulorum</strong></span> 
     </span>
    </p>
   </div>
   <div class='ocr_carea' id='block_1_77' title="bbox 1846 3197 3367 3270">
    <p class='ocr_par' dir='ltr' id='par_1_77' title="bbox 1846 3197 3367 3270">
     <span class='ocr_line' id='line_1_77' title="bbox 1846 3197 3367 3270; baseline 0.002 -19"><span class='ocrx_word' id='word_1_518' title='bbox 1846 3197 2220 3266; x_wconf 88' lang='lat' dir='ltr'><strong>prophetarum</strong></span> <span class='ocrx_word' id='word_1_519' title='bbox 2246 3197 2588 3250; x_wconf 84' lang='lat' dir='ltr'><strong>multifariam</strong></span> <span class='ocrx_word' id='word_1_520' title='bbox 2609 3198 2974 3266; x_wconf 86' lang='lat' dir='ltr'><strong>quiritantium</strong></span> <span class='ocrx_word' id='word_1_521' title='bbox 3006 3206 3164 3268; x_wconf 88' lang='lat' dir='ltr'><strong>atque</strong></span> <span class='ocrx_word' id='word_1_522' title='bbox 3185 3200 3367 3270; x_wconf 87' lang='lat' dir='ltr'><strong>deplo-</strong></span> 
     </span>
    </p>
   </div>
   <div class='ocr_carea' id='block_1_78' title="bbox 1845 3286 3367 3358">
    <p class='ocr_par' dir='ltr' id='par_1_78' title="bbox 1845 3286 3367 3358">
     <span class='ocr_line' id='line_1_78' title="bbox 1845 3286 3367 3358; baseline 0.002 -16"><span class='ocrx_word' id='word_1_523' title='bbox 1845 3288 2076 3342; x_wconf 88' lang='lat' dir='ltr'><strong>rantium</strong></span> <span class='ocrx_word' id='word_1_524' title='bbox 2120 3295 2318 3357; x_wconf 87' lang='lat' dir='ltr'><strong>quanta</strong></span> <span class='ocrx_word' id='word_1_525' title='bbox 2357 3289 2552 3357; x_wconf 92' lang='lat' dir='ltr'><strong>populo</strong></span> <span class='ocrx_word' id='word_1_526' title='bbox 2592 3286 2815 3343; x_wconf 83' lang='lat' dir='ltr'><strong>Judaico</strong></span> <span class='ocrx_word' id='word_1_527' title='bbox 2855 3289 2926 3343; x_wconf 91' lang='lat' dir='ltr'><strong>ob</strong></span> <span class='ocrx_word' id='word_1_528' title='bbox 2951 3288 3271 3358; x_wconf 89' lang='lat' dir='ltr'><strong>impietatem</strong></span> <span class='ocrx_word' id='word_1_529' title='bbox 3308 3292 3367 3345; x_wconf 87' lang='lat' dir='ltr'><strong>in</strong></span> 
     </span>
    </p>
   </div>
   <div class='ocr_carea' id='block_1_79' title="bbox 1846 3378 3366 3451">
    <p class='ocr_par' dir='ltr' id='par_1_79' title="bbox 1846 3378 3366 3451">
     <span class='ocr_line' id='line_1_79' title="bbox 1846 3378 3366 3451; baseline 0.003 -19"><span class='ocrx_word' id='word_1_530' title='bbox 1846 3378 1987 3433; x_wconf 90' lang='lat' dir='ltr'><strong>hunc</strong></span> <span class='ocrx_word' id='word_1_531' title='bbox 2018 3385 2279 3449; x_wconf 88' lang='lat' dir='ltr'><strong>patratam</strong></span> <span class='ocrx_word' id='word_1_532' title='bbox 2308 3378 2619 3433; x_wconf 88' lang='lat' dir='ltr'><strong>sustinenda</strong></span> <span class='ocrx_word' id='word_1_533' title='bbox 2664 3388 2842 3436; x_wconf 89' lang='lat' dir='ltr'><strong>essent</strong></span> <span class='ocrx_word' id='word_1_534' title='bbox 2889 3381 3027 3434; x_wconf 90' lang='lat' dir='ltr'><strong>mala</strong></span> <span class='ocrx_word' id='word_1_535' title='bbox 3057 3400 3072 3435; x_wconf 91' lang='lat'><strong>:</strong></span> <span class='ocrx_word' id='word_1_536' title='bbox 3102 3382 3245 3451; x_wconf 86' lang='lat' dir='ltr'><strong>quod</strong></span> <span class='ocrx_word' id='word_1_537' title='bbox 3281 3397 3366 3437; x_wconf 87' lang='lat' dir='ltr'><strong>re-</strong></span> 
     </span>
    </p>
   </div>
   <div class='ocr_carea' id='block_1_80' title="bbox 1845 3469 3364 3538">
    <p class='ocr_par' dir='ltr' id='par_1_80' title="bbox 1845 3469 3364 3538">
     <span class='ocr_line' id='line_1_80' title="bbox 1845 3469 3364 3538; baseline 0.005 -21"><span class='ocrx_word' id='word_1_538' title='bbox 1845 3481 2004 3533; x_wconf 87' lang='lat' dir='ltr'><strong>gnum</strong></span> <span class='ocrx_word' id='word_1_539' title='bbox 2041 3469 2277 3535; x_wconf 89' lang='lat' dir='ltr'><strong>ipsorum</strong></span> <span class='ocrx_word' id='word_1_540' title='bbox 2309 3484 2338 3521; x_wconf 91' lang='lat' dir='ltr'><strong>a</strong></span> <span class='ocrx_word' id='word_1_541' title='bbox 2365 3477 2574 3537; x_wconf 89' lang='lat' dir='ltr'><strong>patrum</strong></span> <span class='ocrx_word' id='word_1_542' title='bbox 2602 3470 2927 3538; x_wconf 87' lang='lat' dir='ltr'><strong>temporibus</strong></span> <span class='ocrx_word' id='word_1_543' title='bbox 2952 3485 3121 3537; x_wconf 90' lang='lat' dir='ltr'><strong>usque</strong></span> <span class='ocrx_word' id='word_1_544' title='bbox 3145 3470 3209 3523; x_wconf 91' lang='lat' dir='ltr'><strong>ad</strong></span> <span class='ocrx_word' id='word_1_545' title='bbox 3240 3470 3364 3524; x_wconf 90' lang='lat' dir='ltr'><strong>illo-</strong></span> 
     </span>
    </p>
   </div>
   <div class='ocr_carea' id='block_1_81' title="bbox 1846 3556 3364 3620">
    <p class='ocr_par' dir='ltr' id='par_1_81' title="bbox 1846 3556 3364 3620">
     <span class='ocr_line' id='line_1_81' title="bbox 1846 3556 3364 3620; baseline 0.004 -14"><span class='ocrx_word' id='word_1_546' title='bbox 1846 3570 1963 3607; x_wconf 90' lang='lat' dir='ltr'><strong>rum</strong></span> <span class='ocrx_word' id='word_1_547' title='bbox 1996 3564 2205 3615; x_wconf 71' lang='lat' dir='ltr'><strong>aatatem</strong></span> <span class='ocrx_word' id='word_1_548' title='bbox 2250 3558 2634 3620; x_wconf 87' lang='lat' dir='ltr'><strong>continuatum,</strong></span> <span class='ocrx_word' id='word_1_549' title='bbox 2663 3556 2910 3611; x_wconf 83' lang='lat' dir='ltr'><strong>funditus.</strong></span> <span class='ocrx_word' id='word_1_550' title='bbox 2938 3564 3081 3610; x_wconf 88' lang='lat' dir='ltr'><strong>esset</strong></span> <span class='ocrx_word' id='word_1_551' title='bbox 3120 3566 3364 3612; x_wconf 88' lang='lat' dir='ltr'><strong>everten-</strong></span> 
     </span>
    </p>
   </div>
   <div class='ocr_carea' id='block_1_82' title="bbox 1847 3642 3363 3721">
    <p class='ocr_par' dir='ltr' id='par_1_82' title="bbox 1847 3642 3363 3721">
     <span class='ocr_line' id='line_1_82' title="bbox 1847 3642 3363 3721; baseline 0.003 -26"><span class='ocrx_word' id='word_1_552' title='bbox 1847 3643 1972 3695; x_wconf 93' lang='lat' dir='ltr'><strong>dum</strong></span> <span class='ocrx_word' id='word_1_553' title='bbox 2013 3652 2135 3721; x_wconf 80' lang='lat' dir='ltr'><strong>post</strong></span> <span class='ocrx_word' id='word_1_554' title='bbox 2161 3658 2221 3698; x_wconf 88' lang='lat' dir='ltr'><strong>ea</strong></span> <span class='ocrx_word' id='word_1_555' title='bbox 2243 3658 2360 3713; x_wconf 64' lang='lat' dir='ltr'><strong>qum</strong></span> <span class='ocrx_word' id='word_1_556' title='bbox 2388 3644 2442 3697; x_wconf 88' lang='lat' dir='ltr'><strong>in</strong></span> <span class='ocrx_word' id='word_1_557' title='bbox 2469 3644 2739 3699; x_wconf 86' lang='lat' dir='ltr'><strong>Christum</strong></span> <span class='ocrx_word' id='word_1_558' title='bbox 2764 3646 2879 3698; x_wconf 89' lang='lat' dir='ltr'><strong>ausi</strong></span> <span class='ocrx_word' id='word_1_559' title='bbox 2919 3642 3145 3700; x_wconf 79' lang='lat' dir='ltr'><strong>fuissent</strong></span> <span class='ocrx_word' id='word_1_560' title='bbox 3183 3646 3363 3713; x_wconf 89' lang='lat' dir='ltr'><strong>:quod</strong></span> 
     </span>
    </p>
   </div>
   <div class='ocr_carea' id='block_1_83' title="bbox 1847 3730 3363 3801">
    <p class='ocr_par' dir='ltr' id='par_1_83' title="bbox 1847 3730 3363 3801">
     <span class='ocr_line' id='line_1_83' title="bbox 1847 3730 3363 3801; baseline 0.003 -19"><span class='ocrx_word' id='word_1_561' title='bbox 1847 3732 2030 3799; x_wconf 68' lang='lat' dir='ltr'><strong>patria:</strong></span> <span class='ocrx_word' id='word_1_562' title='bbox 2058 3731 2292 3798; x_wconf 87' lang='lat' dir='ltr'><strong>ipsorum</strong></span> <span class='ocrx_word' id='word_1_563' title='bbox 2328 3732 2469 3800; x_wconf 90' lang='lat' dir='ltr'><strong>leges</strong></span> <span class='ocrx_word' id='word_1_564' title='bbox 2492 3730 2861 3796; x_wconf 61' lang='lat' dir='ltr'><strong>dissolvendae,</strong></span> <span class='ocrx_word' id='word_1_565' title='bbox 2893 3733 3033 3800; x_wconf 88' lang='lat' dir='ltr'><strong>quod</strong></span> <span class='ocrx_word' id='word_1_566' title='bbox 3078 3732 3178 3801; x_wconf 90' lang='lat' dir='ltr'><strong>ipsi</strong></span> <span class='ocrx_word' id='word_1_567' title='bbox 3199 3733 3363 3786; x_wconf 88' lang='lat' dir='ltr'><strong>veteri</strong></span> 
     </span>
    </p>
   </div>
   <div class='ocr_carea' id='block_1_84' title="bbox 1846 3816 3363 3886">
    <p class='ocr_par' dir='ltr' id='par_1_84' title="bbox 1846 3816 3363 3886">
     <span class='ocr_line' id='line_1_84' title="bbox 1846 3816 3363 3886; baseline 0.001 -17"><span class='ocrx_word' id='word_1_568' title='bbox 1846 3817 1993 3870; x_wconf 89' lang='lat' dir='ltr'><strong>cultu</strong></span> <span class='ocrx_word' id='word_1_569' title='bbox 2038 3831 2136 3875; x_wconf 87' lang='lat' dir='ltr'><strong>suo</strong></span> <span class='ocrx_word' id='word_1_570' title='bbox 2186 3817 2430 3886; x_wconf 85' lang='lat' dir='ltr'><strong>religioso</strong></span> <span class='ocrx_word' id='word_1_571' title='bbox 2459 3816 2720 3885; x_wconf 79' lang='lat' dir='ltr'><strong>privandi,</strong></span> <span class='ocrx_word' id='word_1_572' title='bbox 2751 3824 2910 3886; x_wconf 85' lang='lat' dir='ltr'><strong>atque</strong></span> <span class='ocrx_word' id='word_1_573' title='bbox 2951 3817 3194 3873; x_wconf 87' lang='lat' dir='ltr'><strong>libertate</strong></span> <span class='ocrx_word' id='word_1_574' title='bbox 3222 3819 3363 3871; x_wconf 87' lang='lat' dir='ltr'><strong>avita</strong></span> 
     </span>
    </p>
   </div>
   <div class='ocr_carea' id='block_1_85' title="bbox 1846 3905 3364 3976">
    <p class='ocr_par' dir='ltr' id='par_1_85' title="bbox 1846 3905 3364 3976">
     <span class='ocr_line' id='line_1_85' title="bbox 1846 3905 3364 3976; baseline 0.001 -17"><span class='ocrx_word' id='word_1_575' title='bbox 1846 3905 2091 3970; x_wconf 75' lang='lat' dir='ltr'><strong>exuendi,</strong></span> <span class='ocrx_word' id='word_1_576' title='bbox 2116 3906 2255 3975; x_wconf 85' lang='lat' dir='ltr'><strong>quod</strong></span> <span class='ocrx_word' id='word_1_577' title='bbox 2290 3922 2386 3976; x_wconf 87' lang='lat' dir='ltr'><strong>pro</strong></span> <span class='ocrx_word' id='word_1_578' title='bbox 2416 3906 2613 3959; x_wconf 28' lang='lat' dir='ltr'><strong>liberis.</strong></span> <span class='ocrx_word' id='word_1_579' title='bbox 2635 3905 2774 3959; x_wconf 87' lang='lat' dir='ltr'><strong>servi</strong></span> <span class='ocrx_word' id='word_1_580' title='bbox 2813 3905 3045 3962; x_wconf 84' lang='lat' dir='ltr'><strong>hostium</strong></span> <span class='ocrx_word' id='word_1_581' title='bbox 3078 3905 3242 3960; x_wconf 87' lang='lat' dir='ltr'><strong>futuri</strong></span> <span class='ocrx_word' id='word_1_582' title='bbox 3277 3922 3364 3961; x_wconf 83' lang='lat' dir='ltr'><strong>es-</strong></span> 
     </span>
    </p>
   </div>
   <div class='ocr_carea' id='block_1_86' title="bbox 1846 3994 3362 4068">
    <p class='ocr_par' dir='ltr' id='par_1_86' title="bbox 1846 3994 3362 4068">
     <span class='ocr_line' id='line_1_86' title="bbox 1846 3994 3362 4068; baseline 0 -19"><span class='ocrx_word' id='word_1_583' title='bbox 1846 4002 2016 4049; x_wconf 88' lang='lat' dir='ltr'><strong>sent:</strong></span> <span class='ocrx_word' id='word_1_584' title='bbox 2072 3994 2213 4063; x_wconf 85' lang='lat' dir='ltr'><strong>quod</strong></span> <span class='ocrx_word' id='word_1_585' title='bbox 2272 3996 2412 4064; x_wconf 89' lang='lat' dir='ltr'><strong>regia</strong></span> <span class='ocrx_word' id='word_1_586' title='bbox 2463 3996 2698 4068; x_wconf 89' lang='lat' dir='ltr'><strong>ipsorum</strong></span> <span class='ocrx_word' id='word_1_587' title='bbox 2756 3996 3060 4063; x_wconf 85' lang='lat' dir='ltr'><strong>metropolis</strong></span> <span class='ocrx_word' id='word_1_588' title='bbox 3108 3995 3362 4050; x_wconf 86' lang='lat' dir='ltr'><strong>tradenda</strong></span> 
     </span>
    </p>
   </div>
   <div class='ocr_carea' id='block_1_87' title="bbox 1846 4082 3363 4154">
    <p class='ocr_par' dir='ltr' id='par_1_87' title="bbox 1846 4082 3363 4154">
     <span class='ocr_line' id='line_1_87' title="bbox 1846 4082 3363 4154; baseline 0.001 -18"><span class='ocrx_word' id='word_1_589' title='bbox 1846 4082 2092 4149; x_wconf 76' lang='lat' dir='ltr'><strong>ﬂammis,</strong></span> <span class='ocrx_word' id='word_1_590' title='bbox 2115 4095 2168 4138; x_wconf 90' lang='lat' dir='ltr'><strong>et</strong></span> <span class='ocrx_word' id='word_1_591' title='bbox 2199 4084 2505 4154; x_wconf 84' lang='lat' dir='ltr'><strong>religiosum</strong></span> <span class='ocrx_word' id='word_1_592' title='bbox 2536 4084 2743 4140; x_wconf 88' lang='lat' dir='ltr'><strong>illorum</strong></span> <span class='ocrx_word' id='word_1_593' title='bbox 2764 4092 2817 4139; x_wconf 88' lang='lat' dir='ltr'><strong>et</strong></span> <span class='ocrx_word' id='word_1_594' title='bbox 2840 4091 3082 4143; x_wconf 88' lang='lat' dir='ltr'><strong>sanctum</strong></span> <span class='ocrx_word' id='word_1_595' title='bbox 3109 4085 3363 4153; x_wconf 89' lang='lat' dir='ltr'><strong>templum</strong></span> 
     </span>
    </p>
   </div>
   <div class='ocr_carea' id='block_1_88' title="bbox 1846 4173 3364 4251">
    <p class='ocr_par' dir='ltr' id='par_1_88' title="bbox 1846 4173 3364 4251">
     <span class='ocr_line' id='line_1_88' title="bbox 1846 4173 3364 4251; baseline 0.001 -25"><span class='ocrx_word' id='word_1_596' title='bbox 1846 4173 2290 4251; x_wconf 78' lang='lat' dir='ltr'><strong>conﬂagraturum</strong></span> <span class='ocrx_word' id='word_1_597' title='bbox 2344 4182 2501 4243; x_wconf 84' lang='lat' dir='ltr'><strong>atque</strong></span> <span class='ocrx_word' id='word_1_598' title='bbox 2541 4182 2832 4235; x_wconf 81' lang='lat' dir='ltr'><strong>extremam</strong></span> <span class='ocrx_word' id='word_1_599' title='bbox 2870 4180 3213 4242; x_wconf 79' lang='lat' dir='ltr'><strong>experturum</strong></span> <span class='ocrx_word' id='word_1_600' title='bbox 3242 4176 3364 4228; x_wconf 89' lang='lat' dir='ltr'><strong>soli-</strong></span> 
     </span>
    </p>
   </div>
   <div class='ocr_carea' id='block_1_89' title="bbox 1844 4262 3365 4332">
    <p class='ocr_par' dir='ltr' id='par_1_89' title="bbox 1844 4262 3365 4332">
     <span class='ocr_line' id='line_1_89' title="bbox 1844 4262 3365 4332; baseline 0.003 -17"><span class='ocrx_word' id='word_1_601' title='bbox 1844 4262 2080 4320; x_wconf 89' lang='lat' dir='ltr'><strong>tudinem</strong></span> <span class='ocrx_word' id='word_1_602' title='bbox 2108 4282 2121 4316; x_wconf 91' lang='lat'><strong>:</strong></span> <span class='ocrx_word' id='word_1_603' title='bbox 2155 4263 2298 4332; x_wconf 85' lang='lat' dir='ltr'><strong>quod</strong></span> <span class='ocrx_word' id='word_1_604' title='bbox 2334 4279 2429 4332; x_wconf 92' lang='lat' dir='ltr'><strong>pro</strong></span> <span class='ocrx_word' id='word_1_605' title='bbox 2474 4264 2630 4317; x_wconf 88' lang='lat' dir='ltr'><strong>avitis</strong></span> <span class='ocrx_word' id='word_1_606' title='bbox 2657 4264 2846 4319; x_wconf 89' lang='lat' dir='ltr'><strong>incolis</strong></span> <span class='ocrx_word' id='word_1_607' title='bbox 2875 4265 3003 4319; x_wconf 82' lang='lat' dir='ltr'><strong>urbs</strong></span> <span class='ocrx_word' id='word_1_608' title='bbox 3031 4279 3214 4319; x_wconf 91' lang='lat' dir='ltr'><strong>eorum</strong></span> <span class='ocrx_word' id='word_1_609' title='bbox 3236 4266 3365 4320; x_wconf 85' lang='lat' dir='ltr'><strong>alie-</strong></span> 
     </span>
    </p>
   </div>
   <div class='ocr_carea' id='block_1_90' title="bbox 1845 4349 3364 4422">
    <p class='ocr_par' dir='ltr' id='par_1_90' title="bbox 1845 4349 3364 4422">
     <span class='ocr_line' id='line_1_90' title="bbox 1845 4349 3364 4422; baseline 0.002 -19"><span class='ocrx_word' id='word_1_610' title='bbox 1845 4350 1929 4405; x_wconf 87' lang='lat' dir='ltr'><strong>nis</strong></span> <span class='ocrx_word' id='word_1_611' title='bbox 1975 4349 2318 4417; x_wconf 78' lang='lat' dir='ltr'><strong>inhabitanda</strong></span> <span class='ocrx_word' id='word_1_612' title='bbox 2350 4352 2674 4419; x_wconf 82' lang='lat' dir='ltr'><strong>nationibus,</strong></span> <span class='ocrx_word' id='word_1_613' title='bbox 2702 4352 2842 4422; x_wconf 90' lang='lat' dir='ltr'><strong>quod</strong></span> <span class='ocrx_word' id='word_1_614' title='bbox 2871 4353 2926 4407; x_wconf 93' lang='lat' dir='ltr'><strong>in</strong></span> <span class='ocrx_word' id='word_1_615' title='bbox 2970 4366 3156 4407; x_wconf 82' lang='lat' dir='ltr'><strong>omnes</strong></span> <span class='ocrx_word' id='word_1_616' title='bbox 3180 4362 3364 4422; x_wconf 80' lang='lat' dir='ltr'><strong>gentes</strong></span> 
     </span>
    </p>
   </div>
   <div class='ocr_carea' id='block_1_91' title="bbox 149 4437 1750 4521">
    <p class='ocr_par' dir='ltr' id='par_1_91' title="bbox 149 4437 1750 4521">
     <span class='ocr_line' id='line_1_91' title="bbox 149 4437 1750 4521; baseline 0.001 -30"><span class='ocrx_word' id='word_1_617' title='bbox 149 4438 181 4491; x_wconf 77' lang='grc' dir='ltr'>ἃ</span> <span class='ocrx_word' id='word_1_618' title='bbox 213 4442 308 4495; x_wconf 78' lang='grc' dir='ltr'>καὶ</span> <span class='ocrx_word' id='word_1_619' title='bbox 338 4442 566 4521; x_wconf 77' lang='grc' dir='ltr'>τυφλῷ,</span> <span class='ocrx_word' id='word_1_620' title='bbox 604 4440 783 4510; x_wconf 73' lang='grc' dir='ltr'>φασὶ,</span> <span class='ocrx_word' id='word_1_621' title='bbox 817 4438 979 4507; x_wconf 82' lang='grc' dir='ltr'>δῆλα,</span> <span class='ocrx_word' id='word_1_622' title='bbox 1005 4440 1164 4491; x_wconf 78' lang='grc' dir='ltr'>εἰσέτι</span> <span class='ocrx_word' id='word_1_623' title='bbox 1205 4440 1299 4493; x_wconf 77' lang='grc' dir='ltr'><strong>νῦν</strong></span> <span class='ocrx_word' id='word_1_624' title='bbox 1328 4437 1425 4509; x_wconf 85' lang='grc' dir='ltr'><strong>τὴν</strong></span> <span class='ocrx_word' id='word_1_625' title='bbox 1452 4440 1557 4492; x_wconf 88' lang='grc' dir='ltr'><strong>τῶν</strong></span> <span class='ocrx_word' id='word_1_626' title='bbox 1580 4440 1750 4507; x_wconf 84' lang='grc' dir='ltr'>λόγων</span> 
     </span>
    </p>
   </div>
   <div class='ocr_carea' id='block_1_92' title="bbox 1846 4437 3360 4521">
    <p class='ocr_par' dir='ltr' id='par_1_92' title="bbox 1848 4440 3360 4521">
     <span class='ocr_line' id='line_1_92' title="bbox 1848 4440 3360 4521; baseline 0.001 -29"><span class='ocrx_word' id='word_1_627' title='bbox 1848 4455 1942 4521; x_wconf 85' lang='lat' dir='ltr'><strong>per</strong></span> <span class='ocrx_word' id='word_1_628' title='bbox 1968 4447 2136 4493; x_wconf 90' lang='lat' dir='ltr'><strong>totum</strong></span> <span class='ocrx_word' id='word_1_629' title='bbox 2168 4440 2348 4495; x_wconf 91' lang='lat' dir='ltr'><strong>orbem</strong></span> <span class='ocrx_word' id='word_1_630' title='bbox 2371 4449 2631 4506; x_wconf 79' lang='lat' dir='ltr'><strong>terrarum</strong></span> <span class='ocrx_word' id='word_1_631' title='bbox 2655 4443 3009 4512; x_wconf 86' lang='lat' dir='ltr'><strong>dispergendi,</strong></span> <span class='ocrx_word' id='word_1_632' title='bbox 3038 4443 3180 4512; x_wconf 89' lang='lat' dir='ltr'><strong>quod</strong></span> <span class='ocrx_word' id='word_1_633' title='bbox 3217 4443 3360 4497; x_wconf 86' lang='lat' dir='ltr'><strong>nulla</strong></span> 
     </span>
    </p>
   </div>
   <div class='ocr_carea' id='block_1_93' title="bbox 148 4520 1747 4601">
    <p class='ocr_par' dir='ltr' id='par_1_93' title="bbox 148 4520 1747 4601">
     <span class='ocr_line' id='line_1_93' title="bbox 148 4520 1747 4601; baseline -0.003 -16"><span class='ocrx_word' id='word_1_634' title='bbox 148 4530 255 4598; x_wconf 57' lang='grc' dir='ltr'>ὕᾷιν</span> <span class='ocrx_word' id='word_1_635' title='bbox 300 4534 493 4601; x_wconf 79' lang='grc' dir='ltr'>αὐτοῖς</span> <span class='ocrx_word' id='word_1_636' title='bbox 540 4520 761 4601; x_wconf 75' lang='grc' dir='ltr'><strong>¹ἔργοις</strong></span> <span class='ocrx_word' id='word_1_637' title='bbox 822 4527 1174 4592; x_wconf 74' lang='grc' dir='ltr'>ἐνδείκνυται,</span> <span class='ocrx_word' id='word_1_638' title='bbox 1223 4530 1295 4593; x_wconf 53' lang='grc' dir='ltr'>ὲκ,</span> <span class='ocrx_word' id='word_1_639' title='bbox 1325 4527 1551 4600; x_wconf 61' lang='grc' dir='ltr'><strong>’πρώτης⁹</strong></span> <span class='ocrx_word' id='word_1_640' title='bbox 1584 4529 1747 4598; x_wconf 79' lang='grc' dir='ltr'>αὐτῆς</span> 
     </span>
    </p>
   </div>
   <div class='ocr_carea' id='block_1_94' title="bbox 146 4615 1768 4691">
    <p class='ocr_par' dir='ltr' id='par_1_94' title="bbox 146 4615 1768 4691">
     <span class='ocr_line' id='line_1_94' title="bbox 146 4615 1768 4691; baseline -0.002 -17"><span class='ocrx_word' id='word_1_641' title='bbox 146 4621 365 4691; x_wconf 70' lang='grc' dir='ltr'>ἡμέρας,</span> <span class='ocrx_word' id='word_1_642' title='bbox 423 4620 493 4685; x_wconf 75' lang='grc' dir='ltr'>ἐξ</span> <span class='ocrx_word' id='word_1_643' title='bbox 529 4616 607 4690; x_wconf 79' lang='grc' dir='ltr'>ἦς</span> <span class='ocrx_word' id='word_1_644' title='bbox 652 4617 874 4678; x_wconf 83' lang='grc' dir='ltr'>ἀθέους</span> <span class='ocrx_word' id='word_1_645' title='bbox 928 4617 1126 4686; x_wconf 74' lang='grc' dir='ltr'>ἡραντο</span> <span class='ocrx_word' id='word_1_646' title='bbox 1180 4615 1318 4669; x_wconf 81' lang='grc' dir='ltr'>κατὰ</span> <span class='ocrx_word' id='word_1_647' title='bbox 1368 4617 1594 4686; x_wconf 82' lang='grc' dir='ltr'>Χριστοῦ</span> <span class='ocrx_word' id='word_1_648' title='bbox 1639 4620 1768 4686; x_wconf 85' lang='grc' dir='ltr'><strong>χεί-.</strong></span> 
     </span>
    </p>
   </div>
   <div class='ocr_carea' id='block_1_95' title="bbox 146 4703 1771 4780">
    <p class='ocr_par' dir='ltr' id='par_1_95' title="bbox 146 4703 1771 4780">
     <span class='ocr_line' id='line_1_95' title="bbox 146 4703 1771 4780; baseline -0.004 -16"><span class='ocrx_word' id='word_1_649' title='bbox 146 4724 251 4776; x_wconf 73' lang='grc' dir='ltr'>ρας,</span> <span class='ocrx_word' id='word_1_650' title='bbox 281 4711 384 4780; x_wconf 79' lang='grc' dir='ltr'>τὴν</span> <span class='ocrx_word' id='word_1_651' title='bbox 400 4708 530 4777; x_wconf 58' lang='grc' dir='ltr'><strong>πῶν</strong></span> <span class='ocrx_word' id='word_1_652' title='bbox 565 4706 783 4761; x_wconf 86' lang='grc' dir='ltr'>κακῶν</span> <span class='ocrx_word' id='word_1_653' title='bbox 818 4703 1004 4774; x_wconf 79' lang='grc' dir='ltr'>ἀρχὴν</span> <span class='ocrx_word' id='word_1_654' title='bbox 1030 4707 1104 4766; x_wconf 86' lang='grc' dir='ltr'><strong>είς</strong></span> <span class='ocrx_word' id='word_1_655' title='bbox 1131 4706 1351 4771; x_wconf 78' lang='grc' dir='ltr'>ἑαυτοὺς</span> <span class='ocrx_word' id='word_1_656' title='bbox 1369 4705 1741 4775; x_wconf 69' lang='grc' dir='ltr'>ἐπισπώμενοι.</span> <span class='ocrx_word' id='word_1_657' title='bbox 1768 4766 1771 4769; x_wconf 19' lang='grc' dir='ltr'><em>Α</em></span> 
     </span>
    </p>
   </div>
   <div class='ocr_carea' id='block_1_96' title="bbox 143 4790 1744 4868">
    <p class='ocr_par' dir='ltr' id='par_1_96' title="bbox 143 4790 1744 4868">
     <span class='ocr_line' id='line_1_96' title="bbox 143 4790 1744 4868; baseline -0.001 -21"><span class='ocrx_word' id='word_1_658' title='bbox 143 4798 246 4850; x_wconf 87' lang='grc' dir='ltr'><strong>Οὐκ</strong></span> <span class='ocrx_word' id='word_1_659' title='bbox 276 4795 346 4868; x_wconf 81' lang='grc' dir='ltr'>ἦν</span> <span class='ocrx_word' id='word_1_660' title='bbox 378 4800 428 4852; x_wconf 80' lang='grc' dir='ltr'>δ’</span> <span class='ocrx_word' id='word_1_661' title='bbox 457 4800 581 4868; x_wconf 83' lang='grc' dir='ltr'>ἄρα</span> <span class='ocrx_word' id='word_1_662' title='bbox 640 4798 774 4856; x_wconf 78' lang='grc' dir='ltr'>τοῖς</span> <span class='ocrx_word' id='word_1_663' title='bbox 831 4790 1142 4854; x_wconf 86' lang='grc' dir='ltr'>θεσπεσίοις</span> <span class='ocrx_word' id='word_1_664' title='bbox 1189 4791 1436 4862; x_wconf 76' lang='grc' dir='ltr'>ἀνδράσιν</span> <span class='ocrx_word' id='word_1_665' title='bbox 1481 4794 1571 4845; x_wconf 76' lang='grc' dir='ltr'><strong>ἐπὶ</strong></span> <span class='ocrx_word' id='word_1_666' title='bbox 1617 4810 1744 4846; x_wconf 86' lang='grc' dir='ltr'>σκυ-</span> 
     </span>
    </p>
   </div>
   <div class='ocr_carea' id='block_1_97' title="bbox 143 4882 1745 4956">
    <p class='ocr_par' dir='ltr' id='par_1_97' title="bbox 143 4882 1745 4956">
     <span class='ocr_line' id='line_1_97' title="bbox 143 4882 1745 4956; baseline 0 -19"><span class='ocrx_word' id='word_1_667' title='bbox 143 4884 366 4956; x_wconf 73' lang='grc' dir='ltr'>θρωποῖς</span> <span class='ocrx_word' id='word_1_668' title='bbox 390 4889 466 4943; x_wconf 88' lang='grc' dir='ltr'><strong>τά</strong></span> <span class='ocrx_word' id='word_1_669' title='bbox 486 4888 612 4941; x_wconf 88' lang='grc' dir='ltr'><strong>τῶν</strong></span> <span class='ocrx_word' id='word_1_670' title='bbox 642 4883 1042 4956; x_wconf 68' lang='grc' dir='ltr'>προρρήσεων</span> <span class='ocrx_word' id='word_1_671' title='bbox 1070 4883 1296 4944; x_wconf 78' lang='grc' dir='ltr'>ἱστάναι,</span> <span class='ocrx_word' id='word_1_672' title='bbox 1310 4882 1424 4934; x_wconf 84' lang='grc' dir='ltr'>οὐδὲ</span> <span class='ocrx_word' id='word_1_673' title='bbox 1462 4884 1614 4954; x_wconf 79' lang='grc' dir='ltr'>μέχρι</span> <span class='ocrx_word' id='word_1_674' title='bbox 1641 4884 1745 4937; x_wconf 87' lang='grc' dir='ltr'><strong>τῶν</strong></span> 
     </span>
    </p>
   </div>
   <div class='ocr_carea' id='block_1_98' title="bbox 139 4969 1775 5050">
    <p class='ocr_par' dir='ltr' id='par_1_98' title="bbox 139 4969 1775 5050">
     <span class='ocr_line' id='line_1_98' title="bbox 139 4969 1775 5050; baseline -0.011 -16"><span class='ocrx_word' id='word_1_675' title='bbox 139 4974 386 5050; x_wconf 78' lang='grc' dir='ltr'>λυπηρῶν</span> <span class='ocrx_word' id='word_1_676' title='bbox 412 4973 836 5032; x_wconf 75' lang='grc' dir='ltr'>ἐπιτείνεσθαι</span> <span class='ocrx_word' id='word_1_677' title='bbox 872 4970 981 5039; x_wconf 76' lang='grc' dir='ltr'>τὴν</span> <span class='ocrx_word' id='word_1_678' title='bbox 1015 4969 1306 5039; x_wconf 81' lang='grc' dir='ltr'>πρόγνωσιν</span> <span class='ocrx_word' id='word_1_679' title='bbox 1328 4986 1342 4999; x_wconf 76' lang='grc' dir='ltr'><strong><em>ο</em></strong></span> <span class='ocrx_word' id='word_1_680' title='bbox 1383 4969 1512 5030; x_wconf 75' lang='grc' dir='ltr'>ἀλλὰ</span> <span class='ocrx_word' id='word_1_681' title='bbox 1540 4971 1645 5042; x_wconf 83' lang='grc' dir='ltr'><strong>γὰρ</strong></span> <span class='ocrx_word' id='word_1_682' title='bbox 1669 4973 1745 5036; x_wconf 74' lang='grc' dir='ltr'>εἰς</span> <span class='ocrx_word' id='word_1_683' title='bbox 1762 5013 1775 5041; x_wconf 34' lang='grc' dir='ltr'><strong>ι.</strong></span> 
     </span>
    </p>
   </div>
   <div class='ocr_carea' id='block_1_99' title="bbox 139 5054 1746 5139">
    <p class='ocr_par' dir='ltr' id='par_1_99' title="bbox 139 5054 1746 5139">
     <span class='ocr_line' id='line_1_99' title="bbox 139 5054 1746 5139; baseline -0.005 -19"><span class='ocrx_word' id='word_1_684' title='bbox 139 5066 193 5120; x_wconf 69' lang='grc' dir='ltr'><strong>τὸ</strong></span> <span class='ocrx_word' id='word_1_685' title='bbox 221 5068 445 5139; x_wconf 69' lang='grc' dir='ltr'>φαιδρὸν</span> <span class='ocrx_word' id='word_1_686' title='bbox 497 5061 1020 5138; x_wconf 79' lang='grc' dir='ltr'>μεταϐάλλοντες,</span> <span class='ocrx_word' id='word_1_687' title='bbox 1070 5054 1217 5122; x_wconf 83' lang='grc' dir='ltr'>αὖθις</span> <span class='ocrx_word' id='word_1_688' title='bbox 1247 5057 1455 5124; x_wconf 77' lang='grc' dir='ltr'>ἀγαθῶν</span> <span class='ocrx_word' id='word_1_689' title='bbox 1502 5060 1746 5127; x_wconf 85' lang='grc' dir='ltr'>ἀγγελίας</span> 
     </span>
    </p>
   </div>
   <div class='ocr_carea' id='block_1_100' title="bbox 138 5146 1749 5227">
    <p class='ocr_par' dir='ltr' id='par_1_100' title="bbox 138 5146 1749 5227">
     <span class='ocr_line' id='line_1_100' title="bbox 138 5146 1749 5227; baseline -0.011 -12"><span class='ocrx_word' id='word_1_690' title='bbox 138 5156 335 5227; x_wconf 77' lang='grc' dir='ltr'>ἀθρόως</span> <span class='ocrx_word' id='word_1_691' title='bbox 361 5159 585 5225; x_wconf 74' lang='grc' dir='ltr'>ἅπασιν</span> <span class='ocrx_word' id='word_1_692' title='bbox 608 5148 972 5223; x_wconf 83' lang='grc' dir='ltr'>ἀνθρώποις</span> <span class='ocrx_word' id='word_1_693' title='bbox 999 5146 1091 5212; x_wconf 78' lang='grc' dir='ltr'><strong>ἐπὶ</strong></span> <span class='ocrx_word' id='word_1_694' title='bbox 1112 5148 1173 5215; x_wconf 78' lang='grc' dir='ltr'>τῇ</span> <span class='ocrx_word' id='word_1_695' title='bbox 1194 5146 1283 5197; x_wconf 80' lang='grc' dir='ltr'>τοῦ</span> <span class='ocrx_word' id='word_1_696' title='bbox 1308 5146 1532 5214; x_wconf 87' lang='grc' dir='ltr'>Χριστού</span> <span class='ocrx_word' id='word_1_697' title='bbox 1558 5166 1749 5219; x_wconf 78' lang='grc' dir='ltr'>παρουο</span> 
     </span>
    </p>
   </div>
   <div class='ocr_carea' id='block_1_101' title="bbox 139 5233 1748 5318">
    <p class='ocr_par' dir='ltr' id='par_1_101' title="bbox 139 5233 1748 5318">
     <span class='ocr_line' id='line_1_101' title="bbox 139 5233 1748 5318; baseline 0.004 -34"><span class='ocrx_word' id='word_1_698' title='bbox 139 5247 220 5318; x_wconf 49' lang='grc' dir='ltr'><strong>εςξὲ⁸</strong></span> <span class='ocrx_word' id='word_1_699' title='bbox 260 5248 740 5318; x_wconf 70' lang='grc' dir='ltr'>προεκήρυττον,</span> <span class='ocrx_word' id='word_1_700' title='bbox 795 5236 939 5290; x_wconf 73' lang='grc' dir='ltr'>ἀντὶ</span> <span class='ocrx_word' id='word_1_701' title='bbox 984 5234 1087 5302; x_wconf 80' lang='grc' dir='ltr'>τῆς</span> <span class='ocrx_word' id='word_1_702' title='bbox 1123 5234 1235 5294; x_wconf 78' lang='grc' dir='ltr'>ἑνὸς</span> <span class='ocrx_word' id='word_1_703' title='bbox 1277 5233 1450 5294; x_wconf 77' lang='grc' dir='ltr'>ἔθνους</span> <span class='ocrx_word' id='word_1_704' title='bbox 1490 5237 1748 5318; x_wconf 80' lang='grc' dir='ltr'>ἀποϐολῆς</span> 
     </span>
    </p>
   </div>
   <div class='ocr_carea' id='block_1_102' title="bbox 138 5315 1748 5405">
    <p class='ocr_par' dir='ltr' id='par_1_102' title="bbox 138 5315 1748 5405">
     <span class='ocr_line' id='line_1_102' title="bbox 138 5315 1748 5405; baseline -0.007 -21"><span class='ocrx_word' id='word_1_705' title='bbox 138 5315 234 5389; x_wconf 56' lang='grc' dir='ltr'><strong>πάν</strong></span> <span class='ocrx_word' id='word_1_706' title='bbox 264 5315 418 5402; x_wconf 65' lang='grc' dir='ltr'>εόνος</span> <span class='ocrx_word' id='word_1_707' title='bbox 457 5315 567 5405; x_wconf 41' lang='lat' dir='ltr'><strong>ig),</strong></span> <span class='ocrx_word' id='word_1_708' title='bbox 610 5332 804 5402; x_wconf 81' lang='grc' dir='ltr'>γένος</span> <span class='ocrx_word' id='word_1_709' title='bbox 835 5323 1156 5395; x_wconf 75' lang='grc' dir='ltr'>ἀνθρώπιον</span> <span class='ocrx_word' id='word_1_710' title='bbox 1186 5322 1494 5390; x_wconf 77' lang='grc' dir='ltr'>θεογνωσίαν</span> <span class='ocrx_word' id='word_1_711' title='bbox 1522 5315 1748 5397; x_wconf 57' lang='grc' dir='ltr'>εὐαγγεξ</span> 
     </span>
    </p>
   </div>
   <div class='ocr_carea' id='block_1_103' title="bbox 138 5408 1750 5494">
    <p class='ocr_par' dir='ltr' id='par_1_103' title="bbox 138 5408 1750 5494">
     <span class='ocr_line' id='line_1_103' title="bbox 138 5408 1750 5494; baseline 0.011 -41"><span class='ocrx_word' id='word_1_712' title='bbox 138 5422 414 5494; x_wconf 52' lang='grc' dir='ltr'><strong>λιζὸμενοι,</strong></span> <span class='ocrx_word' id='word_1_713' title='bbox 448 5423 558 5477; x_wconf 64' lang='grc' dir='ltr'><strong>καὶ</strong></span> <span class='ocrx_word' id='word_1_714' title='bbox 591 5416 917 5486; x_wconf 75' lang='grc' dir='ltr'>δαιμόνων</span> <span class='ocrx_word' id='word_1_715' title='bbox 953 5408 1255 5478; x_wconf 78' lang='grc' dir='ltr'>ἀποφυγὴν,</span> <span class='ocrx_word' id='word_1_716' title='bbox 1285 5410 1542 5476; x_wconf 86' lang='grc' dir='ltr'>ἀγνωσίας</span> <span class='ocrx_word' id='word_1_717' title='bbox 1570 5431 1626 5467; x_wconf 86' lang='grc' dir='ltr'><strong>τε</strong></span> <span class='ocrx_word' id='word_1_718' title='bbox 1655 5419 1750 5470; x_wconf 53' lang='grc' dir='ltr'><strong>καὶ⁸</strong></span> 
     </span>
    </p>
   </div>
   <div class='ocr_carea' id='block_1_104' title="bbox 141 5496 1750 5595">
    <p class='ocr_par' dir='ltr' id='par_1_104' title="bbox 141 5496 1750 5595">
     <span class='ocr_line' id='line_1_104' title="bbox 141 5496 1750 5595; baseline 0.018 -64"><span class='ocrx_word' id='word_1_719' title='bbox 141 5514 328 5583; x_wconf 55' lang='grc' dir='ltr'>πλάνης</span> <span class='ocrx_word' id='word_1_720' title='bbox 369 5508 775 5595; x_wconf 52' lang='grc' dir='ltr'><strong>ἀπαλλαγὴνι</strong></span> <span class='ocrx_word' id='word_1_721' title='bbox 834 5500 1030 5571; x_wconf 73' lang='grc' dir='ltr'>φωτός</span> <span class='ocrx_word' id='word_1_722' title='bbox 1080 5514 1138 5551; x_wconf 88' lang='grc' dir='ltr'><strong>τε</strong></span> <span class='ocrx_word' id='word_1_723' title='bbox 1183 5496 1273 5549; x_wconf 71' lang='grc' dir='ltr'><strong>καὶ</strong></span> <span class='ocrx_word' id='word_1_724' title='bbox 1318 5498 1580 5565; x_wconf 87' lang='grc' dir='ltr'>εὐσεϐείας</span> <span class='ocrx_word' id='word_1_725' title='bbox 1621 5506 1750 5560; x_wconf 84' lang='grc' dir='ltr'>ἀνά-</span> 
     </span>
    </p>
   </div>
   <div class='ocr_carea' id='block_1_105' title="bbox 202 5669 1554 5757">
    <p class='ocr_par' dir='ltr' id='par_1_105' title="bbox 202 5669 1554 5757">
     <span class='ocr_line' id='line_1_105' title="bbox 202 5669 1554 5757; baseline -0.013 -14"><span class='ocrx_word' id='word_1_726' title='bbox 202 5687 291 5757; x_wconf 82' lang='grc' dir='ltr'><strong>(Ι).</strong></span> <span class='ocrx_word' id='word_1_727' title='bbox 310 5689 399 5742; x_wconf 85' lang='lat' dir='ltr'><strong>Sic</strong></span> <span class='ocrx_word' id='word_1_728' title='bbox 430 5683 833 5749; x_wconf 65' lang='lat' dir='ltr'><strong>correximus</strong></span> <span class='ocrx_word' id='word_1_729' title='bbox 863 5689 972 5745; x_wconf 88' lang='lat' dir='ltr'><strong>pro</strong></span> <span class='ocrx_word' id='word_1_730' title='bbox 1007 5671 1118 5725; x_wconf 77' lang='grc' dir='ltr'>τοῦ.</span> <span class='ocrx_word' id='word_1_731' title='bbox 1158 5670 1309 5731; x_wconf 69' lang='lat' dir='ltr'><strong>Enn.</strong></span> <span class='ocrx_word' id='word_1_732' title='bbox 1350 5669 1554 5730; x_wconf 56' lang='lat' dir='ltr'><strong>Parnm.</strong></span> 
     </span>
    </p>
   </div>
   <div class='ocr_carea' id='block_1_106' title="bbox 1846 4530 3358 4604">
    <p class='ocr_par' dir='ltr' id='par_1_106' title="bbox 1846 4530 3358 4604">
     <span class='ocr_line' id='line_1_106' title="bbox 1846 4530 3358 4604; baseline -0.001 -21"><span class='ocrx_word' id='word_1_733' title='bbox 1846 4530 2074 4604; x_wconf 86' lang='lat' dir='ltr'><strong>amplius</strong></span> <span class='ocrx_word' id='word_1_734' title='bbox 2129 4546 2160 4583; x_wconf 91' lang='lat' dir='ltr'><strong>a</strong></span> <span class='ocrx_word' id='word_1_735' title='bbox 2203 4531 2356 4585; x_wconf 90' lang='lat' dir='ltr'><strong>malis</strong></span> <span class='ocrx_word' id='word_1_736' title='bbox 2408 4533 2639 4601; x_wconf 88' lang='lat' dir='ltr'><strong>requies,</strong></span> <span class='ocrx_word' id='word_1_737' title='bbox 2698 4548 2869 4601; x_wconf 86' lang='lat' dir='ltr'><strong>neque</strong></span> <span class='ocrx_word' id='word_1_738' title='bbox 2901 4547 2929 4584; x_wconf 92' lang='lat' dir='ltr'><strong>a</strong></span> <span class='ocrx_word' id='word_1_739' title='bbox 2969 4532 3358 4586; x_wconf 88' lang='lat' dir='ltr'><strong>calamitatibus</strong></span> 
     </span>
    </p>
   </div>
   <div class='ocr_carea' id='block_1_107' title="bbox 1842 4605 3356 4692">
    <p class='ocr_par' dir='ltr' id='par_1_107' title="bbox 1842 4605 3356 4692">
     <span class='ocr_line' id='line_1_107' title="bbox 1842 4605 3356 4692; baseline -0.007 -11"><span class='ocrx_word' id='word_1_740' title='bbox 1842 4623 2123 4692; x_wconf 75' lang='lat' dir='ltr'><strong>respiratio</strong></span> <span class='ocrx_word' id='word_1_741' title='bbox 2167 4622 2425 4691; x_wconf 87' lang='lat' dir='ltr'><strong>speranda</strong></span> <span class='ocrx_word' id='word_1_742' title='bbox 2475 4605 2580 4676; x_wconf 88' lang='lat' dir='ltr'><strong>illis</strong></span> <span class='ocrx_word' id='word_1_743' title='bbox 2609 4622 2798 4690; x_wconf 52' lang='lat' dir='ltr'><strong>jforet:</strong></span> <span class='ocrx_word' id='word_1_744' title='bbox 2832 4637 2950 4691; x_wconf 67' lang='lat' dir='ltr'><strong>qua!</strong></span> <span class='ocrx_word' id='word_1_745' title='bbox 2994 4636 3154 4686; x_wconf 77' lang='lat' dir='ltr'><strong>caeco,</strong></span> <span class='ocrx_word' id='word_1_746' title='bbox 3218 4622 3356 4689; x_wconf 84' lang='lat' dir='ltr'><strong>quod</strong></span> 
     </span>
    </p>
   </div>
   <div class='ocr_carea' id='block_1_108' title="bbox 1843 4709 3358 4778">
    <p class='ocr_par' dir='ltr' id='par_1_108' title="bbox 1843 4709 3358 4778">
     <span class='ocr_line' id='line_1_108' title="bbox 1843 4709 3358 4778; baseline -0.003 -12"><span class='ocrx_word' id='word_1_747' title='bbox 1843 4714 2011 4775; x_wconf 86' lang='lat' dir='ltr'><strong>aiunt,</strong></span> <span class='ocrx_word' id='word_1_748' title='bbox 2047 4712 2348 4776; x_wconf 87' lang='lat' dir='ltr'><strong>manifesta,</strong></span> <span class='ocrx_word' id='word_1_749' title='bbox 2382 4712 2539 4769; x_wconf 89' lang='lat' dir='ltr'><strong>etiam</strong></span> <span class='ocrx_word' id='word_1_750' title='bbox 2566 4726 2708 4765; x_wconf 85' lang='lat' dir='ltr'><strong>nunc</strong></span> <span class='ocrx_word' id='word_1_751' title='bbox 2741 4713 3021 4778; x_wconf 70' lang='lat' dir='ltr'><strong>verborum</strong></span> <span class='ocrx_word' id='word_1_752' title='bbox 3063 4711 3169 4764; x_wconf 91' lang='lat' dir='ltr'><strong>vim</strong></span> <span class='ocrx_word' id='word_1_753' title='bbox 3197 4709 3358 4762; x_wconf 86' lang='lat' dir='ltr'><strong>rebus</strong></span> 
     </span>
    </p>
   </div>
   <div class='ocr_carea' id='block_1_109' title="bbox 1842 4799 3356 4875">
    <p class='ocr_par' dir='ltr' id='par_1_109' title="bbox 1842 4799 3356 4875">
     <span class='ocr_line' id='line_1_109' title="bbox 1842 4799 3356 4875; baseline -0.001 -20"><span class='ocrx_word' id='word_1_754' title='bbox 1842 4801 1972 4871; x_wconf 91' lang='lat' dir='ltr'><strong>ipsis</strong></span> <span class='ocrx_word' id='word_1_755' title='bbox 1999 4801 2384 4864; x_wconf 88' lang='lat' dir='ltr'><strong>demonstrant,</strong></span> <span class='ocrx_word' id='word_1_756' title='bbox 2414 4815 2535 4854; x_wconf 91' lang='lat' dir='ltr'><strong>cum</strong></span> <span class='ocrx_word' id='word_1_757' title='bbox 2567 4815 2596 4854; x_wconf 90' lang='lat' dir='ltr'><strong>a</strong></span> <span class='ocrx_word' id='word_1_758' title='bbox 2623 4803 2791 4870; x_wconf 90' lang='lat' dir='ltr'><strong>prima</strong></span> <span class='ocrx_word' id='word_1_759' title='bbox 2820 4802 2908 4854; x_wconf 90' lang='lat' dir='ltr'><strong>illa</strong></span> <span class='ocrx_word' id='word_1_760' title='bbox 2930 4802 3015 4856; x_wconf 90' lang='lat' dir='ltr'><strong>die</strong></span> <span class='ocrx_word' id='word_1_761' title='bbox 3040 4815 3144 4875; x_wconf 86' lang='lat' dir='ltr'><strong>qua</strong></span> <span class='ocrx_word' id='word_1_762' title='bbox 3167 4799 3356 4868; x_wconf 87' lang='lat' dir='ltr'><strong>impias</strong></span> 
     </span>
    </p>
   </div>
   <div class='ocr_carea' id='block_1_110' title="bbox 1842 4888 3358 4952">
    <p class='ocr_par' dir='ltr' id='par_1_110' title="bbox 1842 4888 3358 4952">
     <span class='ocr_line' id='line_1_110' title="bbox 1842 4888 3358 4952; baseline -0.003 -6"><span class='ocrx_word' id='word_1_763' title='bbox 1842 4906 2033 4946; x_wconf 89' lang='lat' dir='ltr'><strong>manus</strong></span> <span class='ocrx_word' id='word_1_764' title='bbox 2057 4889 2223 4944; x_wconf 71' lang='lat' dir='ltr'><strong>Judaei</strong></span> <span class='ocrx_word' id='word_1_765' title='bbox 2257 4891 2311 4943; x_wconf 91' lang='lat' dir='ltr'><strong>in</strong></span> <span class='ocrx_word' id='word_1_766' title='bbox 2340 4888 2611 4944; x_wconf 85' lang='lat' dir='ltr'><strong>Christum</strong></span> <span class='ocrx_word' id='word_1_767' title='bbox 2669 4890 2923 4952; x_wconf 87' lang='lat' dir='ltr'><strong>tulerunt,</strong></span> <span class='ocrx_word' id='word_1_768' title='bbox 2959 4888 3217 4946; x_wconf 85' lang='lat' dir='ltr'><strong>malorum</strong></span> <span class='ocrx_word' id='word_1_769' title='bbox 3254 4889 3358 4944; x_wconf 86' lang='lat' dir='ltr'><strong>ini-</strong></span> 
     </span>
    </p>
   </div>
   <div class='ocr_carea' id='block_1_111' title="bbox 1841 4978 3357 5041">
    <p class='ocr_par' dir='ltr' id='par_1_111' title="bbox 1841 4978 3357 5041">
     <span class='ocr_line' id='line_1_111' title="bbox 1841 4978 3357 5041; baseline -0.001 -4"><span class='ocrx_word' id='word_1_770' title='bbox 1841 4984 1973 5037; x_wconf 92' lang='lat' dir='ltr'><strong>tium</strong></span> <span class='ocrx_word' id='word_1_771' title='bbox 2010 4983 2064 5036; x_wconf 90' lang='lat' dir='ltr'><strong>in</strong></span> <span class='ocrx_word' id='word_1_772' title='bbox 2107 4997 2164 5037; x_wconf 88' lang='lat' dir='ltr'><strong>se</strong></span> <span class='ocrx_word' id='word_1_773' title='bbox 2192 4981 2571 5041; x_wconf 79' lang='lat' dir='ltr'><strong>contraxerint.</strong></span> <span class='ocrx_word' id='word_1_774' title='bbox 2602 4978 2715 5034; x_wconf 83' lang='lat' dir='ltr'><strong>Non</strong></span> <span class='ocrx_word' id='word_1_775' title='bbox 2769 4979 2920 5032; x_wconf 86' lang='lat' dir='ltr'><strong>libuit</strong></span> <span class='ocrx_word' id='word_1_776' title='bbox 2967 4986 3141 5031; x_wconf 89' lang='lat' dir='ltr'><strong>autem</strong></span> <span class='ocrx_word' id='word_1_777' title='bbox 3156 4979 3357 5039; x_wconf 62' lang='lat' dir='ltr'><strong>,divinis</strong></span> 
     </span>
    </p>
   </div>
   <div class='ocr_carea' id='block_1_112' title="bbox 1841 5067 3358 5145">
    <p class='ocr_par' dir='ltr' id='par_1_112' title="bbox 1841 5067 3358 5145">
     <span class='ocr_line' id='line_1_112' title="bbox 1841 5067 3358 5145; baseline -0.003 -18"><span class='ocrx_word' id='word_1_778' title='bbox 1841 5072 2111 5145; x_wconf 83' lang='lat' dir='ltr'><strong>prophetis</strong></span> <span class='ocrx_word' id='word_1_779' title='bbox 2133 5070 2501 5141; x_wconf 84' lang='lat' dir='ltr'><strong>praedictiones</strong></span> <span class='ocrx_word' id='word_1_780' title='bbox 2529 5085 2653 5125; x_wconf 87' lang='lat' dir='ltr'><strong>suas</strong></span> <span class='ocrx_word' id='word_1_781' title='bbox 2683 5071 2736 5123; x_wconf 94' lang='lat' dir='ltr'><strong>in</strong></span> <span class='ocrx_word' id='word_1_782' title='bbox 2766 5068 2967 5125; x_wconf 81' lang='lat' dir='ltr'><strong>maestis</strong></span> <span class='ocrx_word' id='word_1_783' title='bbox 2995 5067 3166 5129; x_wconf 82' lang='lat' dir='ltr'><strong>linire,</strong></span> <span class='ocrx_word' id='word_1_784' title='bbox 3184 5083 3358 5139; x_wconf 83' lang='lat' dir='ltr'><strong>neque</strong></span> 
     </span>
    </p>
   </div>
   <div class='ocr_carea' id='block_1_113' title="bbox 1844 5156 3354 5222">
    <p class='ocr_par' dir='ltr' id='par_1_113' title="bbox 1844 5156 3354 5222">
     <span class='ocr_line' id='line_1_113' title="bbox 1844 5156 3354 5222; baseline -0.001 -8"><span class='ocrx_word' id='word_1_785' title='bbox 1844 5162 1982 5215; x_wconf 88' lang='lat' dir='ltr'><strong>ultra</strong></span> <span class='ocrx_word' id='word_1_786' title='bbox 2029 5161 2202 5215; x_wconf 90' lang='lat' dir='ltr'><strong>tristia</strong></span> <span class='ocrx_word' id='word_1_787' title='bbox 2234 5158 2518 5219; x_wconf 80' lang='lat' dir='ltr'><strong>extendere</strong></span> <span class='ocrx_word' id='word_1_788' title='bbox 2554 5158 2871 5213; x_wconf 88' lang='lat' dir='ltr'><strong>vaticinandi</strong></span> <span class='ocrx_word' id='word_1_789' title='bbox 2909 5156 3234 5222; x_wconf 79' lang='lat' dir='ltr'><strong>facultatem,</strong></span> <span class='ocrx_word' id='word_1_790' title='bbox 3264 5161 3354 5213; x_wconf 79' lang='lat' dir='ltr'><strong>sed</strong></span> 
     </span>
    </p>
   </div>
   <div class='ocr_carea' id='block_1_114' title="bbox 1848 5247 3355 5321">
    <p class='ocr_par' dir='ltr' id='par_1_114' title="bbox 1848 5247 3355 5321">
     <span class='ocr_line' id='line_1_114' title="bbox 1848 5247 3355 5321; baseline -0.002 -18"><span class='ocrx_word' id='word_1_791' title='bbox 1848 5253 1917 5319; x_wconf 75' lang='grc' dir='ltr'><strong>ι·</strong></span> <span class='ocrx_word' id='word_1_792' title='bbox 1942 5252 2008 5304; x_wconf 90' lang='lat' dir='ltr'><strong>ad</strong></span> <span class='ocrx_word' id='word_1_793' title='bbox 2036 5250 2314 5321; x_wconf 90' lang='lat' dir='ltr'><strong>pulchrum</strong></span> <span class='ocrx_word' id='word_1_794' title='bbox 2353 5248 2594 5304; x_wconf 87' lang='lat' dir='ltr'><strong>conversi</strong></span> <span class='ocrx_word' id='word_1_795' title='bbox 2628 5247 2785 5302; x_wconf 87' lang='lat' dir='ltr'><strong>iidem</strong></span> <span class='ocrx_word' id='word_1_796' title='bbox 2818 5247 3055 5305; x_wconf 85' lang='lat' dir='ltr'><strong>vicissim</strong></span> <span class='ocrx_word' id='word_1_797' title='bbox 3082 5249 3355 5311; x_wconf 65' lang='lat' dir='ltr'><strong>bonorum</strong></span> 
     </span>
    </p>
   </div>
   <div class='ocr_carea' id='block_1_115' title="bbox 1843 5328 3357 5411">
    <p class='ocr_par' dir='ltr' id='par_1_115' title="bbox 1843 5328 3357 5411">
     <span class='ocr_line' id='line_1_115' title="bbox 1843 5328 3357 5411; baseline -0.005 -14"><span class='ocrx_word' id='word_1_798' title='bbox 1843 5329 2252 5411; x_wconf 80' lang='lat' dir='ltr'><strong>significationes</strong></span> <span class='ocrx_word' id='word_1_799' title='bbox 2274 5351 2466 5407; x_wconf 89' lang='lat' dir='ltr'><strong>magno</strong></span> <span class='ocrx_word' id='word_1_800' title='bbox 2505 5350 2747 5401; x_wconf 90' lang='lat' dir='ltr'><strong>numero,</strong></span> <span class='ocrx_word' id='word_1_801' title='bbox 2779 5335 3025 5399; x_wconf 78' lang='lat' dir='ltr'><strong>omnibus</strong></span> <span class='ocrx_word' id='word_1_802' title='bbox 3052 5328 3357 5395; x_wconf 79' lang='lat' dir='ltr'><strong>hominibus</strong></span> 
     </span>
    </p>
   </div>
   <div class='ocr_carea' id='block_1_116' title="bbox 1843 5425 3351 5497">
    <p class='ocr_par' dir='ltr' id='par_1_116' title="bbox 1843 5425 3351 5497">
     <span class='ocr_line' id='line_1_116' title="bbox 1843 5425 3351 5497; baseline -0.005 -12"><span class='ocrx_word' id='word_1_803' title='bbox 1843 5430 2041 5485; x_wconf 84' lang='lat' dir='ltr'><strong>Christi</strong></span> <span class='ocrx_word' id='word_1_804' title='bbox 2073 5430 2299 5483; x_wconf 90' lang='lat' dir='ltr'><strong>adventu</strong></span> <span class='ocrx_word' id='word_1_805' title='bbox 2332 5425 2801 5495; x_wconf 89' lang='lat' dir='ltr'><strong>impertiendorum</strong></span> <span class='ocrx_word' id='word_1_806' title='bbox 2829 5426 3351 5497; x_wconf 62' lang='lat' dir='ltr'><strong>praenuntiaverunt:</strong></span> 
     </span>
    </p>
   </div>
   <div class='ocr_carea' id='block_1_117' title="bbox 1846 5516 3353 5587">
    <p class='ocr_par' dir='ltr' id='par_1_117' title="bbox 1846 5516 3353 5587">
     <span class='ocr_line' id='line_1_117' title="bbox 1846 5516 3353 5587; baseline -0.002 -14"><span class='ocrx_word' id='word_1_807' title='bbox 1846 5520 1956 5575; x_wconf 90' lang='lat' dir='ltr'><strong>fore</strong></span> <span class='ocrx_word' id='word_1_808' title='bbox 1979 5519 2209 5582; x_wconf 86' lang='lat' dir='ltr'><strong>scilicet,</strong></span> <span class='ocrx_word' id='word_1_809' title='bbox 2240 5526 2296 5570; x_wconf 89' lang='lat' dir='ltr'><strong>ut</strong></span> <span class='ocrx_word' id='word_1_810' title='bbox 2321 5531 2417 5586; x_wconf 91' lang='lat' dir='ltr'><strong>pro</strong></span> <span class='ocrx_word' id='word_1_811' title='bbox 2444 5516 2603 5572; x_wconf 92' lang='lat' dir='ltr'><strong>unius</strong></span> <span class='ocrx_word' id='word_1_812' title='bbox 2633 5516 2804 5587; x_wconf 86' lang='lat' dir='ltr'><strong>gentis</strong></span> <span class='ocrx_word' id='word_1_813' title='bbox 2833 5517 3138 5587; x_wconf 66' lang='lat' dir='ltr'><strong>reject-iane,</strong></span> <span class='ocrx_word' id='word_1_814' title='bbox 3168 5528 3353 5575; x_wconf 77' lang='lat' dir='ltr'><strong>omnes</strong></span> 
     </span>
    </p>
   </div>
   <div class='ocr_carea' id='block_1_118' title="bbox 1918 5670 2507 5749">
    <p class='ocr_par' dir='ltr' id='par_1_118' title="bbox 1918 5670 2507 5749">
     <span class='ocr_line' id='line_1_118' title="bbox 1918 5670 2507 5749; baseline 0.002 -19"><span class='ocrx_word' id='word_1_815' title='bbox 1918 5679 2008 5749; x_wconf 76' lang='grc'><strong>(1⁸)</strong></span> <span class='ocrx_word' id='word_1_816' title='bbox 2045 5675 2165 5745; x_wconf 72' lang='lat' dir='ltr'><strong>Leg.</strong></span> <span class='ocrx_word' id='word_1_817' title='bbox 2184 5670 2507 5741; x_wconf 52' lang='grc' dir='ltr'>,ἀλλοφύλιιιψ</span> 
     </span>
    </p>
   </div>
  </div>
