3870 6324
576 410 641 461 f9
1188 406 1449 464 EUSEBll
1485 409 1947 466 CAESARIENSIS
1983 413 2129 469 OPP.
2162 416 2336 473 PARS
2369 420 2430 477 ll.
2464 452 2531 462 -—
2570 423 3053 485 APOLOGETICA.
3661 437 3729 491 20

577 519 755 587 pepuli
792 526 844 573 et
890 519 1138 573 nationes
1172 519 1441 573 hominum
1474 536 1566 590 per
1593 520 1937 591 Evangelium
1974 525 2104 577 edo-

2205 528 2402 599 λαμψιν
2423 549 2435 563 ε
2478 534 2569 585 καὶ
2596 534 2669 595 ὡς
2700 536 2749 587 οἱ
2779 537 2870 589 τοῦ
2903 540 3131 609 Χριστοῦ
3178 544 3411 613 μαθηταὶ
3438 547 3528 599 τὸν
3564 548 3733 601 πάντα

574 618 795 660 eeautur
818 609 926 660 veri
962 606 1050 661 Dei
1092 608 1465 675 cognitionem,
1513 614 1784 664 demonas
1824 616 2096 681 deserant,

579 696 1036 762 ignorantiamque
1073 704 1268 749 exuant
1317 707 1369 749 et
1418 711 1647 759 errores,
1692 698 1782 750 lux
1824 709 1997 753 autem
2037 715 2099 753 ac

576 786 743 849 pietas
768 784 924 849 longe
946 791 1148 851 lateque
1179 785 1517 853 resplendeat
1541 806 1553 838 :
1582 794 1638 838 ut
1664 801 1694 838 a
1723 787 1920 841 Christi
1945 789 2101 842 disci—

574 873 712 940 pulis
752 874 1034 928 universus
1077 875 1223 927 orbis
1264 877 1529 944 repleatur
1573 877 1690 945 ejus
1736 877 2003 947 dogmate,
2043 887 2100 932 ut

576 966 914 1034 Evangelium
951 966 1017 1018 ab
1052 966 1157 1018 illis
1185 965 1480 1020 doceantur
1511 982 1696 1021 omnes
1723 968 1967 1023 homines
2000 986 2099 1024 no-

575 1071 691 1106 vum
722 1056 1015 1121 miramque
1041 1057 1398 1123 complectens
1431 1057 1643 1124 pietatis
1687 1060 1948 1113 rationem
1978 1078 1990 1112 :
2021 1068 2100 1112 at-

573 1160 677 1210 que
725 1154 782 1197 ut
818 1144 1068 1199 Ecclesiae
1116 1144 1314 1199 Christi
1357 1161 1451 1213 per
1493 1144 1709 1200 eosdem
1751 1148 1805 1200 in
1851 1150 2099 1204 omnibus

572 1231 818 1299 gentibus
836 1235 1249 1296 constituantur,
1273 1239 1325 1286 et
1353 1248 1492 1287 unus
1515 1235 1741 1301 populus
1764 1234 2099 1291 Christianus

575 1322 878 1376 nominetur
907 1340 1002 1392 per
1032 1324 1338 1378 universum
1383 1339 1487 1392 qua
1527 1332 1668 1394 patet
1698 1325 1886 1380 incolis
1917 1328 2097 1381 orbem

573 1424 854 1468 terrarum.
894 1414 1150 1468 Futurum
1194 1430 1315 1469 esse
1359 1416 1538 1479 etiam,
1566 1424 1624 1469 ut
1654 1430 1772 1484 quae
1805 1416 2030 1471 subinde
2069 1433 2099 1471 a

574 1503 903 1572 principibus
950 1503 1265 1572 regibusque
1311 1511 1498 1559 contra
1561 1503 1853 1558 Ecclesiam
1900 1506 2098 1560 Christi

571 1592 868 1647 excitanda:
896 1594 1004 1647 sint
1032 1595 1452 1661 persecutiones,
1498 1594 1631 1647 nihil
1662 1596 1727 1649 ad
1755 1595 2097 1651 evertendam

572 1683 717 1736 illam
737 1684 967 1747 valeant,
1000 1692 1182 1752 utpote
1210 1699 1329 1751 qua:
1349 1683 1439 1737 Dei
1469 1684 1659 1738 robore
1691 1685 1952 1739 firmatur.
1978 1684 2099 1739 Haec

578 1780 632 1824 et
653 1778 800 1824 tanta
839 1786 961 1825 cum
1004 1772 1072 1825 ab
1104 1770 1443 1825 Hebraaorum
1483 1771 1742 1841 theologis
1775 1775 2099 1842 proclamata
2124 1806 2136 1823 .

2202 623 2399 691 κόσμον
2430 625 2525 692 τῆς
2553 625 2715 677 αὑτοῦ
2735 627 3069 693 διδασκαλίας
3094 633 3477 704 ἐμπλήσωσιν,
3505 637 3649 700 ὅπως
3674 658 3732 692 τε

2202 714 2278 773 ei;
2298 714 2500 775 πάντας
2520 714 2826 785 ἀνθρώπους
2846 719 2905 770 τὸ
2925 721 3244 788 Εὑαγγέλιον
3273 725 3448 776 αὐτῶν
3470 743 3539 795 κη
3548 727 3734 799 ρυχθή-

2203 816 2382 860 σεται,
2419 802 2593 854 καινόν
2636 821 2756 857 τινα
2798 806 2889 857 καὶ
2927 806 3191 871 ξενίζοντα
3232 813 3427 881 τρόπον
3466 814 3734 878 εὐσεϐείας

2202 891 2481 959 περιέχον
2522 893 2615 945 καὶ
2641 892 2714 956 ὡς
2753 895 3060 966 Ἔκκλησίαι
3100 901 3333 969 Χριστοῦ
3373 902 3439 954 δι’
3476 903 3650 955 αὐτῶν
3682 905 3734 957 ὲν

2199 978 2337 1041 ὅλοις
2371 984 2479 1042 τοῖς
2522 980 2690 1035 ἔθνεσι
2734 986 3096 1057 συστήσονται,
3140 990 3231 1041 καὶ
3266 991 3341 1052 ὡς
3385 992 3501 1054 ἑνὸς
3544 992 3572 1043 ὁ
3612 994 3734 1063 Χρι-

2204 1068 2427 1121 στιανῶν
2460 1070 2583 1133 λαὸς
2610 1072 2728 1124 καθ’
2758 1073 2881 1143 ὅλης
2912 1075 3007 1143 τῆς
3036 1076 3356 1146 οἰκουμένης
3378 1078 3734 1150 ὀνομασθήσε-

2201 1175 2315 1210 ται’
2354 1162 2445 1213 καὶ
2477 1162 2550 1223 ὡς
2580 1164 2634 1213 αί
2671 1163 2777 1215 τῶν
2809 1165 2943 1229 κατά
2986 1166 3204 1235 χρόνους
3236 1168 3509 1238 ἀρχόντων
3551 1186 3608 1221 τε
3650 1171 3734 1224 καὶ

2204 1247 2458 1316 βασιλέων
2495 1251 2629 1304 κατά
2663 1253 2762 1321 τῆς
2799 1253 3115 1322 Ἐκκλησίας
3149 1255 3243 1308 τοῦ
3277 1257 3510 1328 Χριστοῦ
3543 1259 3734 1313 ἐπανα-

2203 1340 2413 1403 στάσεις
2443 1338 2591 1393 οὐδὲν
2618 1344 2697 1401 είς
2726 1343 2786 1395 τὸ
2815 1344 3052 1397 καθελεῖν
3081 1346 3247 1416 αὐτὴν
3266 1386 3280 1410 ,
3313 1348 3387 1410 ὡς
3418 1348 3484 1400 ἂν
3523 1348 3625 1401 ὑπὸ
3650 1349 3734 1401 τοῦ

2201 1425 2332 1478 Θεοῦ
2366 1429 2808 1499 κραταιουμένην,
2852 1431 3138 1500 ίσχύσουσι.
3188 1433 3469 1487 Τοσούτων
3508 1435 3596 1489 διὰ
3638 1436 3734 1489 τῶν

2202 1516 2318 1569 καθ’
2358 1516 2628 1587 Ἐϐραίους
2658 1518 2913 1583 θεολόγων
2956 1521 3485 1593 ἀναπεφωνημένων,
3529 1525 3623 1577 καὶ
3664 1527 3734 1588 εἰς

2200 1604 2355 1675 δεῦρο
2382 1608 2541 1659 πᾶσιν
2573 1609 2651 1670 είς
2686 1607 2910 1677 φανερὸν
2941 1608 3037 1672 τάς
3078 1610 3328 1672 ὲκϐἀσεις
3370 1612 3734 1681 ἐπιδεικνυμέ-

2201 1711 2323 1758 νων,
2350 1696 2431 1758 τίς
2458 1698 2555 1749 οὐκ
2572 1697 2635 1750 ἂν
2656 1697 2714 1750 τὸ
2735 1697 2908 1751 ἔνθεον
2934 1699 3337 1769 ἀποθαυμάσειε
3364 1699 3473 1753 τῶν
3505 1701 3734 1771 ἀνδρῶνς

2200 1786 2282 1848 τίς
2320 1786 2364 1838 δ’
2392 1788 2511 1858 οὐχὶ
2543 1785 2639 1855 τῆς
2672 1789 2791 1841 κατ’
2828 1790 3019 1853 αὐτοὺς
3051 1789 3357 1852 θεοσεϐείας
3396 1791 3492 1843 καὶ
3534 1790 3734 1858 φιλοσο-

575 1858 791 1922 fuerint,
834 1868 993 1928 atque
1033 1859 1322 1913 etiamnum
1375 1861 1622 1915 omnibus
1671 1862 1843 1930 palam
1888 1862 2099 1914 illarum

2202 1875 2325 1944 φίας
2367 1878 2434 1930 τὰ
2473 1877 2764 1947 μαθήματά
2808 1896 2865 1931 τε
2904 1882 2995 1932 καὶ
3044 1880 3110 1933 τά
3156 1880 3404 1948 δόγματα
3450 1879 3614 1951 κύρια
3656 1882 3734 1932 καῖ

575 1966 752 2005 rerum
779 1957 1001 2004 eventus
1027 1965 1083 2005 se
1111 1950 1376 2013 ostendat,
1409 1952 1529 2020 quis
1567 1946 1687 2004 non
1708 1950 1945 2004 divinum
1978 1950 2097 2005 illo-

571 2055 691 2094 rum
735 2041 970 2094 virorum
1007 2040 1253 2109 spiritum
1280 2040 1613 2093 admiretur?
1639 2041 1762 2109 quis
1801 2055 1907 2094 non
1938 2039 2101 2094 disci-

574 2131 774 2200 plinam
814 2137 867 2185 et
912 2131 1154 2199 dogmata
1199 2130 1474 2199 religionis
1502 2131 1738 2198 ipsorum
1771 2137 1824 2183 et
1866 2129 2103 2198 philosog

574 2220 713 2288 phiae
746 2219 977 2272 fateatur
1007 2218 1236 2288 genuina
1267 2234 1329 2272 ac
1350 2219 1629 2274 verissima
1657 2218 1811 2273 esse?
1838 2219 2101 2287 siquidem

572 2312 1077 2365 demonstrationem
1106 2325 1212 2378 pra:
1251 2324 1310 2367 se
1340 2308 1515 2363 ferunt
1543 2325 1649 2367 non
1693 2310 1905 2378 quidem
1953 2324 2101 2363 com-

574 2403 677 2470 ptis
700 2408 859 2469 atque
881 2400 1083 2454 ornatis
1116 2400 1311 2461 verbis,
1344 2414 1513 2467 neque
1544 2400 1595 2452 vi
1628 2398 1839 2453 dicendi
1871 2409 2103 2468 autper-j

573 2491 710 2544 versi
762 2488 971 2542 artificii
1021 2488 1573 2556 argumentationibus
1621 2487 1687 2539 ad
1733 2486 2100 2555 decipiendum

572 2578 918 2648 cetnparatis,
949 2577 1041 2632 sed
1063 2576 1290 2645 simplici
1319 2585 1372 2631 et
1394 2584 1596 2630 remoto
1625 2591 1655 2629 a
1685 2576 1871 2629 fraude
1900 2577 2103 2631 doctri-

572 2686 651 2723 nae
687 2683 899 2741 genere,
948 2668 1103 2735 cujus
1137 2667 1380 2735 genuina:
1426 2667 1755 2735 sinceraque
1788 2667 1996 2720 veritati
2038 2665 2103 2719 fl-

571 2759 691 2812 dcut
723 2756 849 2809 facit
874 2756 1049 2814 virtus
1079 2763 1131 2808 et
1154 2756 1387 2824 cognitio
1414 2753 1659 2809 Numinis
1686 2770 1804 2823 quae
1826 2756 1878 2808 in
1905 2754 2101 2809 divinis

573 2847 680 2899 illis
702 2846 832 2905 viris
872 2845 989 2899 fuit.
1030 2844 1131 2912 Qui
1174 2845 1334 2914 igitur
1366 2852 1652 2913 potuerunt
1679 2860 1784 2907 res,
1839 2859 1957 2913 qua:
1984 2844 2102 2897 lon-

571 2939 653 3008 gis
683 2936 893 2990 saculis
923 2944 1042 3004 post
1073 2943 1385 2997 evenerunt,
1408 2942 1487 2988 tot
1514 2935 1743 2988 millenis
1774 2942 1896 2987 ante
1920 2933 2100 2999 annis,

572 3041 680 3101 non
703 3026 938 3079 humano
969 3024 1062 3084 sed
1094 3024 1273 3077 divino
1298 3008 1483 3079 videre
1509 3023 1720 3092 Spiritu,
1743 3021 1924 3090 quidni
1956 3022 2103 3091 digni

572 3117 676 3185 fide
704 3116 811 3170 sint
861 3124 919 3169 ut
947 3115 1189 3185 dogmata
1234 3129 1354 3183 qua:
1390 3115 1681 3183 discipulos
1723 3128 1852 3168 suos
1882 3113 2106 3167 edocue-

576 3214 724 3277 runt,
754 3220 879 3259 vera
909 3220 1028 3259 esse
1048 3204 1371 3257 credantur?
1400 3202 1569 3256 Probe
1597 3204 1757 3256 etiam
1788 3202 1908 3255 novi
1938 3201 2105 3255 usita-
2127 3183 2170 3239 (ἶ

573 3305 686 3363 tum
734 3311 854 3351 esse
898 3296 1167 3360 omnibus,
1225 3298 1314 3364 qui
1348 3295 1675 3349 Salvatoretn
1720 3308 1782 3347 ac
1819 3293 2100 3346 Dominum

573 3397 817 3449 nostrum
847 3384 1030 3442 Jesum
1072 3386 1317 3441 eumdem
1351 3401 1474 3440 vere
1517 3384 1788 3439 Christum
1835 3382 1925 3437 Dei
1961 3398 2100 3448 esse,

573 3481 647 3537 ita
678 3487 737 3532 ut
768 3492 864 3546 par
895 3484 998 3539 est,
1026 3477 1313 3531 instituunt
1350 3476 1733 3538 demonstrare,
1771 3481 1893 3527 ante
1925 3472 2103 3527 omnia

575 3568 751 3641 facere
775 3568 954 3632 fidem,
989 3567 1130 3635 quod
1158 3582 1261 3619 non
1284 3566 1436 3619 aliter
1464 3565 1518 3617 in
1547 3580 1667 3619 eum
1692 3580 1848 3633 quam
1877 3563 2105 3633 prophe-

575 3657 697 3712 ticis
724 3657 1049 3711 testimoniis
1085 3656 1151 3709 de
1180 3672 1243 3710 eo
1271 3655 1431 3711 editis
1460 3663 1817 3724 congruenter
1842 3654 2101 3708 credant:

572 3745 765 3798 deinde
791 3752 843 3797 et
864 3744 965 3795 hoc
996 3744 1170 3810 ipsum
1196 3757 1375 3796 coram
1403 3742 1654 3797 omnibus
1677 3757 1797 3795 cum
1828 3740 2025 3810 quibus
2048 3742 2104 3794 in

573 3850 873 3897 sermonem
902 3834 1257 3896 descendunt,
1304 3833 1443 3886 haud
1480 3832 1711 3895 difliteri,
1744 3831 1885 3900 quod
1921 3833 2105 3899 singu-

575 3927 705 3981 laris
726 3924 891 3979 studii
926 3939 988 3977 ac
1022 3924 1221 3977 laboris
1254 3922 1345 3986 sit,
1385 3923 1593 3992 singula
1624 3921 1801 3990 capita
1834 3920 2103 3989 Evangelii

574 4033 733 4088 posse
753 4013 1300 4070 demonstrationibus
1330 4013 1443 4068 suis
1476 4011 1706 4064 firmare.
1740 4009 1889 4064 Unde
1918 4025 2105 4065 neces-

576 4104 719 4163 sario
751 4105 817 4159 ad
865 4106 965 4158 hoc
1015 4105 1190 4173 ipsum
1238 4103 1465 4162 delatus.
1522 4100 1614 4154 Dei
1650 4100 1848 4153 auxilio
1892 4101 2103 4155 tentabo

576 4177 868 4254 secundum
920 4195 1271 4265 praenuntiata
1318 4209 1382 4247 ex
1430 4191 1559 4262 ipsis
1608 4191 1714 4245 illis
1748 4176 2101 4257 Hilebraeorum

575 4288 856 4357 theologis,
875 4288 1135 4355 integram
1159 4286 1419 4340 universae
1435 4284 1749 4352 evangelica:
1769 4282 2102 4336 demonstra-

576 4364 738 4434 tionis
782 4377 1155 4433 tractationem
1206 4375 1433 4451 tradere.
1489 4372 1641 4439 Quod
1690 4387 1815 4426 vero
1867 4370 2100 4425 studium

2200 1964 2369 2035 ἀληθῆ
2401 1961 2534 2018 εῖναι
2566 1966 2912 2037 ὀμολογήσει;
2957 1968 3053 2039 τὴν
3097 1968 3369 2033 ἀπόδειξιν
3404 1970 3734 2039 παρεχόμενα

2198 2053 2295 2124 ούκ
2328 2055 2384 2105 ὲν
2414 2053 2584 2119 λέξεσι
2614 2057 3097 2125 κεκομψευμέναις,
3134 2058 3241 2110 οὐδ’
3273 2060 3331 2110 ὲν
3362 2059 3626 2129 δεινότητι
3658 2059 3734 2111 λό-

2199 2158 2328 2213 γων,
2368 2142 2399 2211 ἦ
2431 2143 2765 2212 κακοτέχνοις
2801 2146 3032 2208 ἀπάταις
3060 2147 3467 2219 συλλογισμῶν·
3507 2151 3564 2201 ὲν
3602 2148 3734 2217 ἀπλῗ

2197 2233 2253 2286 δὲ
2302 2234 2395 2309 καὶτ
2439 2235 2759 2306 ἀπανούργῳ
2796 2236 3119 2307 διδασκαλίᾳ,
3165 2233 3234 2308 ἦς
3291 2239 3351 2291 τὸ
3406 2241 3627 2307 γνήσιον
3657 2242 3734 2290 καἼ

2199 2321 2475 2393 εἱλικρινὲς
2517 2323 2611 2392 τῆς
2667 2322 2916 2391 ἀληθείας
2970 2324 3002 2394 ἡ
3054 2324 3160 2377 τῶν
3213 2324 3515 2378 θεσπεσίων
3566 2324 3734 2379 αὐτῶι

2199 2410 2415 2489 ἐκείνων
2458 2412 2661 2482 ἀνδρῶν
2704 2413 2865 2481 ἀρετή
2912 2428 2969 2463 τε
3014 2414 3105 2464 καί¹
3138 2412 3437 2481 θεογνωσία
3482 2413 3734 2482 παρίστη-

2201 2517 2302 2553 σιν.
2351 2502 2411 2553 Οἰ
2468 2501 2593 2569 γοῦν
2651 2501 2717 2553 τὰ
2762 2505 2983 2572 μακροῖς
3038 2503 3224 2557 αἰῶσιν
3261 2503 3482 2575 ὕστερον
3522 2506 3602 2566 είς
3635 2503 3734 2572 φῶς

2199 2589 2415 2644 ἐλθόντα
2455 2592 2726 2663 πόρρωθεν
2774 2593 2979 2662 μυρίοις
3023 2593 3225 2647 ἄνωθεν
3262 2596 3476 2666 χρόνοις
3515 2594 3613 2645 οὐκ
3654 2593 3734 2644 ἀν·

2202 2679 2472 2749 θρωπίνῳ,
2507 2679 2630 2748 θείῳ
2660 2679 2715 2731 δὲ
2747 2679 3009 2749 πνεύματι
3054 2682 3420 2734 κατοπτεῦσαι
3456 2680 3734 2749 δεδυνημέ-

2200 2788 2298 2834 νοι,
2328 2770 2442 2833 πῶς
2472 2770 2569 2822 οὐκ
2596 2768 2733 2839 ἄξιοι,
2760 2768 2824 2845 ἂν
2856 2765 2964 2821 εἶεν
3000 2770 3091 2821 καὶ
3124 2772 3253 2840 περὶ
3286 2765 3362 2823 ὧν
3402 2772 3527 2832 τοὺς
3560 2786 3734 2838 φοιτη-

2198 2846 2296 2923 τὰς
2324 2850 2655 2923 ἐξεπαίδευον
2687 2857 2963 2932 δογμᾴτων
2998 2859 3381 2924 πιστεύεσθαι;
3419 2859 3483 2911 El
3521 2858 3619 2927 μὲν
3656 2852 3734 2909 οὗι

2198 2948 2312 3003 οἶδα
2342 2948 2596 3021 ἀκριϐῶς,
2630 2949 2710 2999 δτι
2739 2949 3015 3020 πρόχειρον
3047 2947 3237 3012 ἆπασι,
3268 2953 3381 3011 τοῖς
3412 2947 3502 3001 τὸν
3523 2948 3734 3016 Σωτῆρα

2201 3039 2292 3096 καὶ
2332 3038 2530 3108 Κύριον
2569 3035 2720 3106 ἡμῶν
2756 3034 2957 3107 Ἰησοῦν
2984 3035 3057 3097 ὡς
3092 3035 3156 3087 ἂν
3187 3036 3350 3090 αὐτὸν
3378 3034 3592 3103 ἀληθῶς
3619 3034 3734 3085 δντο

2201 3130 2290 3185 τδν
2343 3112 2570 3203 Χριστὸν
2618 3126 2710 3179 τοῦ
2764 3126 2895 3178 Θεοῦ
2944 3128 3178 3201 γνησίως
3234 3126 3734 3199 παραδεδεγμένοις,

2203 3222 2410 3295 πρῶτον
2439 3222 2534 3290 μὲν
2560 3218 2760 3271 πείθειν
2786 3218 2975 3281 αὐτοὺς
3004 3219 3194 3282 δοκεῖν,
3230 3222 3312 3273 ὃτι
3350 3218 3423 3289 μὴ
3463 3217 3635 3279 ἄλλως
3669 3216 3732 3276 εἰς

2201 3310 2359 3365 αὐτὸν
2392 3306 2808 3364 πεπιστεύκασιν
2836 3307 2868 3376 ἢ
2898 3310 3012 3369 ταῖς
3041 3309 3165 3381 περὶ
3184 3307 3353 3361 αὑτοῦ
3382 3306 3732 3378 προφητικαῖς

2204 3401 2520 3473 μαρτυρίαις
2549 3395 2865 3460 ἀκολούθως
2888 3397 3075 3451 ἔπειτα
3104 3398 3245 3451 τοῦτ’
3284 3399 3414 3452 αὐτὸ
3439 3398 3532 3449 καὶ
3563 3397 3727 3447 πᾶσιν

2201 3485 2280 3553 οἷς
2300 3488 2363 3541 ἂν
2392 3493 2468 3552 είς
2486 3489 2669 3557 λόγους
2695 3487 3060 3557 καταϐαίνοιεν
3087 3488 3507 3559 προϐάλλεσθαι⁸
3546 3486 3618 3557 μὴ
3643 3484 3730 3554 μὴ’

2204 3578 2396 3649 ῥᾳδίως
2439 3578 2498 3630 τὸ
2548 3577 2863 3647 ἐπάγγελμα
2913 3576 3226 3630 πιστοῦσθαι
3282 3580 3400 3639 ταῖς
3442 3571 3728 3636 ἀποδείξεσ

2202 3654 2472 3722 δύνασθαι.
2503 3668 2659 3721 Ὅθεν
2677 3667 2979 3736 ἀναγκαίως
3012 3670 3100 3723 ἐπὶ
3120 3667 3265 3722 τοῦτ’
3287 3667 3418 3721 αὐτὸ
3442 3660 3724 3734 παρελθὼν

2202 3759 2297 3810 σὺν
2336 3756 2451 3825 Θεῷ
2483 3755 2677 3825 βοηθῷ,
2710 3755 2847 3809 κατά
2885 3756 2951 3807 τά
2979 3744 3375 3825 ἐπηγγελμένα
3424 3752 3521 3821 τὴν
3561 3747 3730 3800 ἐντελὶ

2204 3830 2379 3919 πάσης
2406 3846 2502 3914 τῆς
2534 3843 2880 3913 εύαγγελικῆς
2908 3830 3223 3919 ἀποδείξεως
3265 3839 3648 3915 πραγματείαν
3689 3836 3728 3888 ὲ]

2201 3928 2372 3980 αὐτῶν
2409 3929 2625 3981 ἐκείνων
2655 3928 2761 3979 τῶν
2792 3930 2918 3998 παρ’
2970 3927 3234 3999 Ἑϐραίοις
3271 3929 3533 3995 θεολόγων
3569 3939 3728 3993 παραι

2203 4013 2495 4083 στήσασθαι
2540 4016 2882 4085 πειράσομαι.
2931 4016 3430 4086 Σπουδαιολογεῖται
3471 4014 3529 4067 δέ
3578 4030 3667 4083 μοι
3716 4016 3728 4062 1‘

2200 4104 2403 4173 γραφὴ,
2440 4103 2533 4172 οὐχ
2573 4104 2646 4166 ὡς
2672 4105 2735 4158 ἄν
2772 4122 2853 4168 τις
2880 4106 3008 4175 φαίη
3042 4106 3179 4158 κατά
3225 4106 3518 4167 Ἰουδαίων,
3549 4103 3725 4167 ἄπαγε

2202 4191 2455 4259 πολλοῦγε
2501 4194 2592 4245 κα)⁸
2626 4193 2731 4246 δεῖ·
2770 4195 2900 4264 πρὸς
2927 4182 3099 4248 αὐτῶν
3135 4197 3229 4266 μὲν
3254 4194 3370 4258 οὖν,
3405 4197 3454 4248 εί
3479 4194 3726 4260 εύγνωμο

2201 4266 2665 4352 νοῖενξτυγχάνει⁸
2705 4284 2975 4354 συνίστησι
3008 4286 3111 4361 γὰρ
3158 4286 3226 4339 τὰ
3272 4288 3370 4357 μὲν
3412 4277 3726 4354 Χριστιανῶ⁴

2200 4371 2284 4424 διὰ
2316 4373 2410 4442 τῆς
2449 4372 2704 4426 ἀνέκαθεν
2739 4365 3097 4445 προρρήσεως
3130 4375 3556 4449 ὲπιμαρτυρίας,
3593 4369 3662 4423 τὰ
3705 4365 3724 4419 ε

575 4468 825 4541 praesenti
862 4481 1022 4535 opere
1066 4480 1096 4518 a
1125 4479 1210 4518 me
1250 4463 1594 4533 impenditur,
1632 4477 1738 4515 non
1778 4459 1976 4513 ludatis
2007 4475 2103 4545 op-

2204 4463 2419 4516 ὲκείνων
2452 4464 2537 4516 διὰ
2573 4466 2669 4534 τῆς
2710 4465 2816 4518 τῶν
2853 4468 2978 4537 παρ’
3008 4468 3188 4545 αὐτοῖς
3227 4465 3577 4540 προφητειῶν
3619 4462 3724 4513 ἀπο

580 4556 897 4627 pugnandis,
924 4563 981 4608 ut
1012 4560 1162 4623 putet
1193 4553 1407 4622 aliquis,
1431 4558 1511 4606 est
1539 4551 1879 4610 destinatum,
1905 4542 2100 4617 apage;

578 4658 784 4719 tantum
823 4645 966 4701 enim
1013 4645 1082 4698 ab
1117 4644 1219 4697 hoc
1252 4640 1423 4709 abest,
1471 4650 1529 4695 ut
1556 4642 1730 4711 potius
1764 4656 1858 4710 pro
1887 4640 2013 4702 illis,
2056 4639 2103 4693 si

578 4751 762 4790 sanam
816 4742 1049 4788 mentem
1096 4732 1339 4794 aderant,
1383 4729 1584 4783 faciat:
1622 4729 1796 4781 firmat
1842 4726 2103 4795 siquidem

576 4829 933 4882 Christianam
969 4841 1079 4879 rem
1116 4825 1281 4894 petito
1305 4839 1334 4875 a
1367 4822 1536 4891 longis
1560 4822 1625 4874 ab
1653 4821 1777 4874 hinc
1806 4820 2107 4890 praedictio-

578 4897 738 4991 nibus
766 4917 1070 4990 testimonio
1104 4934 1116 4967 :
1149 4930 1261 4968 rem
1292 4911 1595 4966 Iudaeorum
1617 4918 1813 4970 autem,
1844 4925 1906 4963 ex
1932 4908 2107 4978 perfe-

577 5015 664 5059 cta
697 5006 1091 5073 prophetiarum
1130 5020 1264 5073 quas
1310 5002 1384 5055 illi
1423 5002 1618 5055 habent
1653 5000 1976 5069 impletione.
2009 4998 2107 5051 Ju-

578 5095 723 5149 vabit
772 5092 982 5166 quoque
1027 5084 1335 5147 Graecorum
1369 5090 1505 5145 filios
1545 5089 1657 5142 sive
1702 5087 1971 5169 ethnicos,
2015 5087 2106 5167 qui

580 5182 774 5255 animis
817 5164 1284 5255 beneiconstitutis
1330 5180 1675 5241 accesserint,
1716 5195 1811 5249 per
1839 5164 2109 5231 admiranQ

580 5254 704 5325 dum
734 5269 1032 5345 futurorum
1066 5254 1443 5349 praenotionem
1488 5283 1770 5337 rerumque
1813 5266 2108 5322 secundum

582 5360 956 5433 przedictiones
1002 5373 1270 5420 eventum,
1316 5360 1476 5413 simul
1518 5358 1845 5413 ostendendo
1875 5356 2107 5410 divinam

584 5462 743 5517 atque
769 5448 1120 5501 certissimam
1154 5448 1457 5517 dogmatum
1483 5455 1784 5502 nostrorum
1806 5450 2105 5508 veritatem,

586 5536 849 5603 simulque
890 5535 1146 5589 solidiore
1185 5535 1639 5609 demonstratione
1666 5535 1967 5591 obturando
2007 5536 2109 5587 lin-

587 5643 720 5696 guas
752 5639 1099 5696 patronorum
1145 5626 1427 5691 mendacii,
1468 5642 1626 5695 quam
1660 5641 1923 5696 nusquam
1952 5626 2109 5681 nobis

590 5728 867 5805 suppetere
921 5718 1249 5791 contendunt
1298 5714 1677 5787 sycophantae,
1735 5716 1892 5771 etiam
1951 5725 2110 5788 atque

2203 4555 2585 4624 τελεσματικῆς
2632 4557 3082 4627 συμπληρώσεως.
3140 4560 3425 4629 Ἀρμόσειε
3468 4557 3512 4608 δ’
3551 4552 3615 4606 ἂν
3656 4562 3724 4601 κα

2205 4645 2387 4698 παισὶν
2438 4645 2729 4716 Ἑλλήνων,
2759 4648 2805 4699 εἰ
2846 4648 3247 4716 εύγνωμονοῖεν,
3301 4650 3389 4704 διὰ
3433 4647 3530 4717 τῆς
3575 4653 3720 4707 παρα

2203 4734 2351 4801 δόξου
2382 4734 2487 4786 τῶν
2527 4735 2817 4803 μελλόντων
2856 4737 3225 4805 προγνώσεως,
3254 4741 3357 4811 τῆς
3380 4755 3438 4791 τε
3465 4732 3573 4786 τῶν
3605 4741 3721 4796 πραη

2204 4824 2423 4892 γμάτων
2461 4822 2598 4876 κατά
2628 4824 2725 4886 τάς
2754 4828 3077 4897 προρρήσεις
3124 4830 3431 4890 ἐκϐάσεως·
3476 4819 3608 4893 ὁμοῦ
3651 4814 3722 4881 μὲ·

2205 4913 2263 4964 τὸ
2289 4912 2461 4965 ἔνθεον
2496 4914 2587 4965 καὶ
2620 4914 2839 4982 ἀψευδὲς
2871 4916 2966 4986 τῆς
3006 4917 3124 4970 καθ’
3157 4920 3303 4990 ἡμᾶς
3341 4912 3599 4984 ἀληθείας
3634 4907 3721 4956 ἐπι

2204 5001 2540 5071 δεικνυμένη,
2569 5002 2701 5071 ὁμοῦ
2734 5003 2788 5055 δὲ
2827 5003 2919 5065 καὶ
2947 5004 3043 5068 τὰς
3064 4989 3546 5077 τῶνφευδηγόρων
3578 4989 3720 5062 γλώτ

2205 5108 2300 5153 τας
2336 5091 2747 5161 ὲπιστομίζουσα
2780 5093 2867 5146 διὰ
2894 5095 2988 5165 τῆς
3018 5095 3375 5170 λογικωτέρας
3405 5081 3720 5170 ἀποδείξξως

2205 5174 2272 5250 ἧς
2304 5180 2546 5249 οὐδαμῶς
2583 5184 2711 5252 ἡμῖν
2752 5185 2799 5235 οί
2843 5172 3167 5253 συκοφάνται
3200 5168 3435 5255 μετεῖναι
3464 5168 3720 5255 διατείνον

2205 5286 2311 5333 ται,
2357 5265 2414 5322 εὖ
2466 5271 2605 5339 μάλα
2646 5272 2908 5344 ὁσημέραι
2952 5252 3067 5336 ταῖς
3107 5252 3409 5345 καθ’ίήμῶν
3448 5252 3717 5352 afﬁgi???

2208 5357 2541 5427 κατακρατος
2574 5341 3022 5432 ἐπεντριϐόμενοι.
3056 5361 3217 5413 Οὐδὲν
3245 5341 3372 5433 γοῦν
3410 5348 3553 5433 ἡμᾶς
3587 5341 3717 5433 δύγα

2210 5436 2329 5498 σθαί
2371 5425 2499 5513 φασι
2538 5447 2602 5501 δι’
2630 5425 2946 5515 ἀποδείξεως
2987 5425 3269 5520 παρέχειν,
3301 5425 3475 5525 πίστει
3607 5425 3718 5525 μ’όῇ

2209 5511 2489 5607 προσέχειν
2520 5540 2699 5606 ἀξιοῦν
2742 5511 2864 5606 τοὺς
2911 5511 3038 5613 ἡμῖν
3066 5511 3420 5615 ’προαόντᾲςο
3469 5522 3577 5615 Kc}

2209 5602 2299 5693 οῦν
2470 5602 2721 5702 τοιαύτην
2755 5602 2996 5705 διαϐολῖίψ
3028 5602 3216 5685 ούκΙᾶν
3240 5609 3449 5699 γένόιτο
3616 5602 3716 5705 in

2212 5692 2304 5786 γος
2337 5692 2649 5793 ἦνπαροῦσα
2680 5692 3036 5797 πραγματεία.
3058 5721 3163 5777 Ναὶ
3189 5692 3291 5794 μην
3322 5696 3416 5773 καὶ
3444 5704 3547 5768 τῶν
3577 5692 3716 5752 ἀθέω
