3870 6334
260 413 324 467 il
1144 403 1808 466 DEMONSTBATIONIS
1844 395 2305 467 EVANGELICE
2344 396 2473 461 LIB.
2502 408 2543 465 Ι.
3410 420 3478 472 2:

266 524 488 596 αιρισεων
504 516 583 576 τὰς
606 499 735 601 καῖά
763 498 885 601 τῷν
923 506 1144 601 θείων
1187 528 1484 598 προφητῶν
1508 529 1794 598 ψευδοδοξίι

1947 530 2100 584 etiam
2143 519 2387 598 quotidie
2438 528 2686 584 omnibus
2725 531 2930 585 viribus
2961 532 3176 601 quando
3217 531 3475 587 adversus

265 593 338 666 u'
362 613 441 666 καὶ
472 593 764 681 βλασφψὶας
806 594 1173 691 ἀπελέγξει
1220 593 1330 672 διὸι⁷
1356 593 1451 690 τῆς
1486 593 1617 691 πρὸς
1652 620 1719 673 τὰ
1737 593 1793 674 *νε

1946 636 2042 675 nos
2069 621 2366 689 disputant,
2400 617 2591 673 huicce
2613 620 2922 675 insistentes
2951 623 3269 685 causationi,
3303 630 3361 676 ut
3401 622 3474 676 di-

267 702 374 754 τῶν
407 695 603 755 παλαιῶν
632 686 991 779 συμδοωνῑαςο
1054 700 1198 773 Τὴν
1249 709 1346 777 μὲν
1389 686 1478 761 οὖν
1514 686 1795 779 μακροτέρα

1943 722 2087 775 cant,
2126 708 2262 763 nihil
2301 721 2400 761 nos
2431 724 2592 778 posse
2629 709 3080 765 demonstratione
3109 712 3342 774 firmare,
3378 713 3471 767 sed

270 793 363 844 καὶ
405 784 667 869 διεξοδικὴν,
689 774 807 869 τῶν.
837 774 1276 869 προφητικῶν
1320 774 1526 866 φωνῶν-
1557 774 1798 869 ἑρμηνεία

1942 808 2145 853 tantum
2179 800 2246 854 ab
2279 798 2346 853 iis
2374 774 2465 869 qui
2499 798 2565 852 ad
2591 814 2690 854 nos
2715 801 2975 854 accedunt
3000 800 3153 856 fidem
3175 802 3470 858 habendam

269 877 428 931 τανῦν
454 879 480 929 ὁ
501 874 630 940 λόγος
652 864 1082 962 ἵξπεῐξθὴσεξαι,
1124 886 1252 947 τοῖς
1286 864 1797 955 βουλομένοις-τούτο

1942 891 2165 959 exigere.
2200 889 2302 943 Cui
2343 889 2625 944 calumnia:
2678 890 3022 945 retundendae
3065 906 3171 946 non
3222 894 3470 962 inoppor-

268 963 524 1028 ἐξετάζειν
548 952 868 1021 καταλιπὼν,
906 954 1035 1017 οἷοί
1090 971 1143 1021 τ’
1186 971 1255 1025 ἂν
1287 952 1461 1028 εἰπεῖν
1490 977 1579 1030 τὸν
1624 978 1796 1047 τρόποι

1939 952 2068 1031 tuna
2106 993 2341 1047 praesens
2376 978 2625 1032 tractatio
2661 978 2843 1033 futura
2873 986 2977 1044 est,
3021 978 3113 1032 sed
3154 989 3209 1034 et
3249 952 3467 1036 ostensa

264 1056 561 1124 Διδασκάλῳ
577 1054 629 1106 δὲ
644 1048 926 1122 χρώμενος
951 1064 1401 1135 παραγγέλματι
1422 1065 1547 1136 θείῳ
1566 1068 1792 1133 φάσκοντ

1940 1082 2195 1121 novorum
2224 1082 2344 1121 cum
2379 1068 2651 1122 veteribus
2674 1066 2960 1121 concordia
2990 1066 3271 1135 impiarum
3297 1067 3468 1121 haere-

268 1165 291 1196 ‹
320 1144 684 1214 Κεφαλαίωσον
706 1144 762 1196 ὲν
781 1140 1002 1212 ὀλίγοις
1027 1151 1235 1216 πολλὰ,
1276 1174 1295 1206 ι
1322 1155 1475 1207 τοῦτο
1498 1155 1731 1226 ζηλῶσαι
1754 1175 1790 1225 φ

1939 1155 2096 1221 sium,
2134 1155 2294 1210 falsas
2319 1157 2599 1225 opiniones
2634 1163 2686 1211 et
2709 1155 3065 1224 blasphemias
3103 1155 3359 1212 adversus
3385 1156 3467 1210 di-

261 1238 616 1308 λοτιμήσεται⁸
644 1235 768 1288 αὐτὸ
799 1235 974 1305 μόνον
997 1242 1267 1314 ἀφορμὰς
1287 1245 1381 1314 τῆς
1412 1247 1489 1307 είς
1506 1247 1628 1308 τοὺς
1646 1246 1789 1299 τόποι

1939 1244 2089 1298 vinos
2129 1245 2417 1314 praphetas
2461 1243 2699 1315 profecto
2729 1244 2983 1298 revincet.
3023 1242 3341 1313 Longiorem
3369 1258 3467 1297 au-

259 1327 516 1398 θεωρίας,
544 1327 633 1381 καλ⁵
655 1326 761 1380 τῶν
792 1329 876 1391 είς
902 1329 970 1381 τὸ
994 1333 1362 1403 προκείμενον
1391 1336 1787 1403 κατεπειγόντωε

1937 1341 2039 1387 tem
2066 1343 2121 1389 et
2140 1335 2439 1389 uberiorem
2466 1335 2893 1404 propheticarum
2924 1349 3115 1388 vocum
3157 1334 3465 1404 explicatio-

255 1418 354 1485 τὴν
394 1419 477 1478 εἰς
515 1416 576 1469 τὸ
615 1417 778 1485 σαφὲς
824 1418 1140 1490 ἑρμηνείαν
1181 1423 1636 1493 παραθησόμενος.
1687 1425 1783 1478 "Ai.

1936 1438 2052 1478 nem
2096 1424 2345 1494 praesenti
2398 1438 2559 1493 opere
2611 1424 3006 1494 praetermittam
3049 1424 3262 1493 illisque
3301 1425 3464 1480 relin-

259 1504 357 1575 μὲν
382 1504 449 1573 δὴ
477 1506 797 1576 προοιμίων·
822 1507 931 1578 ήδη
961 1509 1022 1562 δὲ
1056 1511 1153 1563 καὶ
1187 1510 1291 1563 τῶν
1329 1512 1645 1577 ἀποδείξεων
1676 1513 1787 1584 ἄρξι

1935 1528 2112 1583 quam,
2143 1515 2235 1583 qui
2264 1515 2362 1571 has
2407 1515 2568 1569 altius
2618 1515 2849 1570 scrutari
2885 1516 3167 1578 voluerint,
3197 1524 3357 1586 atque
3395 1517 3463 1572 ad

259 1611 381 1664 μαι.
445 1595 665 1667 Ἐπειδὴ
698 1596 867 1660 πολὺς
905 1594 977 1668 ἦν
1017 1600 1288 1672 ἐπιρρέων
1328 1602 1448 1654 καθ’
1488 1602 1640 1672 ἡμῶν
1674 1607 1702 1657 ὁ
1726 1605 1787 1657 τᾶ

1933 1604 2032 1658 Ιιοο
2060 1604 2440 1673 perficiendum
2469 1604 2666 1659 fuerint
2695 1604 2890 1660 idonei.
2922 1603 3033 1675 Ego
3074 1613 3251 1661 autem
3280 1606 3461 1662 divino

253 1686 610 1752 συκοφαντῶν
639 1686 822 1757 ὄχλος,
869 1689 1039 1758 μηδὲν
1068 1690 1322 1745 δύνασθαι
1362 1692 1581 1760 φάσκων
1613 1694 1677 1747 δι’
1701 1696 1781 1747 dm

1932 1702 2192 1763 praecepto
2247 1682 2506 1764 magistro
2564 1711 2761 1750 usurus
2822 1711 2962 1760 sum,
3021 1698 3162 1766 quod
3221 1715 3240 1748 ι
3275 1701 3460 1767 paucis

248 1772 472 1837 δείξεων
494 1774 729 1845 ἐναργὲς
761 1774 1029 1846 ἀληθείας
1050 1780 1307 1849 παρέχειν
1332 1780 1549 1849 δεῖγμα,
1576 1782 1750 1835 πίστει
1772 1805 1776 1829 ι

1929 1784 2094 1837 multa
2124 1784 2576 1854 comprehendere
2608 1804 2626 1837 ι
2655 1786 2671 1816 ι
2701 1786 2876 1854 jubet,
2912 1787 3072 1857 idque
3094 1788 3291 1841 sectari
3312 1788 3457 1842 omni

247 1862 388 1935 μόνῃ
416 1864 719 1934 προσέχειν
747 1863 940 1929 ἀξιοῦν
960 1867 1087 1929 τοὺς
1106 1870 1235 1937 ἡμῖν
1254 1870 1587 1938 προσιόντας,
1610 1870 1775 1923 τούτοι

1929 1871 2103 1927 studio
2141 1874 2372 1937 annitar,
2403 1876 2773 1929 tantummodo
2800 1876 3100 1941 additurus,
3126 1892 3244 1947 quae
3273 1894 3457 1934 ansam

242 1951 299 2004 δὲ
326 1953 426 2005 καὶ
458 1950 678 2006 πείθειν
710 1954 866 2008 οὐδὲν
904 1954 1086 2020 πλέον,
1123 1955 1156 2025 ἢ
1189 1958 1325 2024 σφᾶς
1357 1959 1549 2020 αὐτοὺς
1579 1957 1770 2029 θρεμμι

1929 1962 2197 2030 praebeant
2237 1964 2649 2021 considerandis
2681 1977 2734 2020 et
2758 1966 3116 2037 intelligendis
3151 1970 3303 2032 locis,
3336 1985 3457 2040 per-

242 2058 349 2096 των
367 2043 593 2112 ἀλόγων
619 2044 787 2115 δίκην
814 2045 1109 2114 μύσαντας,
1137 2045 1229 2098 καὶ
1249 2042 1305 2099 εὖ
1329 2046 1581 2117 ἀνδρείως
1606 2049 1766 2102 ἒπεσθ

1931 2051 2270 2120 spicuamque
2302 2067 2487 2106 eorum
2514 2070 2631 2122 quae
2663 2055 2728 2108 ad
2769 2057 3098 2125 propositum
3131 2058 3332 2113 faciunt
3374 2060 3459 2113 in-

241 2131 348 2183 δείν
378 2132 773 2198 ἀνεξετάστως
805 2133 977 2186 ἆπασι
1012 2136 1123 2197 τοῖς
1158 2137 1284 2205 παρ’
1309 2134 1460 2205 ἡμῶν
1501 2135 1769 2206 λεγομένοι

1925 2142 2353 2207 terpretationem
2381 2144 2632 2201 exhibere
2674 2158 2890 2215 queant.
2929 2145 3033 2202 Sed
3071 2150 3453 2218 prommiorum

243 2223 369 2292 mp’
401 2222 433 2274 δ
465 2223 570 2275 καὶ
618 2223 852 2285 πιστοὺς
896 2222 1248 2294 χρηματίζειν
1291 2225 1388 2294 τῆς
1435 2224 1625 2293 ἀλόγου
1669 2228 1771 2298 χάρ

1921 2229 2134 2298 quidem
2185 2233 2317 2285 satis
2352 2251 2364 2287 :
2386 2233 2496 2299 jam
2537 2236 3024 2292 demonstrationes
3069 2241 3233 2293 ordiri
3280 2241 3449 2309 juvat.

244 2311 502 2374 πίστεως·
543 2312 785 2375 είκότως
810 2310 997 2364 διελὼν
1025 2312 1123 2375 τὰς
1162 2312 1279 2365 καθ’
1311 2313 1464 2383 ἡμῶν
1489 2314 1737 2379 διαϐολάς
1768 2337 1772 2365 ι

1925 2318 2051 2374 Cum
2080 2321 2223 2375 enim
2257 2320 2511 2391 frequens
2543 2325 2697 2379 nobis
2727 2327 3067 2381 insultaverit
3103 2330 3453 2400 sycophanta-

238 2403 301 2470 τῇ
350 2404 808 2472 προπαρασκευῇ
855 2401 950 2454 τοῦ
1003 2402 1200 2466 παντὸς
1248 2402 1426 2471 λόγου,
1473 2404 1692 2476 πρώτην
1727 2424 1765 2477 μ

1926 2425 2035 2464 num
2083 2411 2389 2477 multitudo,
2431 2413 2806 2469 aﬂirmantium
2847 2417 2983 2471 nihil
3017 2434 3117 2474 nos
3149 2435 3306 2488 posse
3348 2424 3454 2475 evi-

239 2488 333 2559 τὴν
375 2488 491 2542 τῶν
539 2488 830 2541 πολυθέων
858 2488 1123 2560 ὲξεθέμην
1154 2488 1340 2553 ἐθνῶν,
1389 2492 1767 2558 ὲπεγκαλούντε

1920 2498 2062 2554 denti
2096 2502 2336 2556 veritatis
2371 2505 2680 2559 ostensione
2706 2506 3094 2572 demonstrare,
3123 2511 3213 2565 sed
3240 2517 3448 2565 tantum

237 2582 387 2649 ἡμῖν,
426 2580 518 2632 ὅτι
557 2579 627 2649 δὴ
663 2578 776 2631 τῶν
810 2578 1055 2650 πατρίων
1080 2578 1213 2633 θεῶν
1240 2580 1534 2637 ἀποστάται
1561 2582 1765 2635 κατέστ-

1924 2587 2071 2652 velle,
2104 2596 2162 2641 ut
2187 2589 2407 2643 credant
2434 2592 2525 2659 qui
2560 2591 2627 2645 ad
2668 2608 2768 2647 nos
2793 2595 3030 2660 veniunt,
3075 2606 3233 2667 atque
3261 2599 3336 2651 ita
3370 2610 3452 2651 at.

242 2686 356 2739 μεν,
406 2671 507 2722 ἐπὶ
562 2670 716 2740 μέγα
763 2670 1019 2739 φαμένων
1064 2686 1144 2734 τε,
1200 2670 1281 2722 ὅτι
1323 2671 1391 2724 τά
1423 2669 1666 2741 βάρϐαρα
1712 2672 1770 2723 τᾶ

1919 2674 2134 2729 tendant
2168 2695 2180 2729 :
2214 2692 2388 2748 neque
2440 2680 2585 2733 aliud
2637 2682 2927 2751 quidquam
2981 2685 3087 2740 illis
3133 2687 3447 2754 persuasum

248 2759 517 2831 Ἑλλήνων
553 2761 1067 2832 προτετιμήκαμεν,
1101 2758 1169 2813 τὰ
1196 2761 1322 2830 παρ’
1362 2760 1623 2830 Ἑϐραίοις
1643 2761 1776 2813 ἀσπο

1919 2764 2001 2827 iri,
2031 2781 2189 2835 quam
2217 2776 2273 2822 ut
2291 2770 2566 2825 brutorum
2584 2786 2837 2841 pecorum
2858 2789 3024 2839 more,
3055 2790 3197 2831 caeco
3224 2778 3447 2849 impetu,

242 2850 461 2920 σάμενοι
490 2848 682 2917 λόγια·
700 2848 961 2919 δευτέραν
989 2848 1043 2900 δὲ
1064 2848 1158 2918 τὴν
1186 2848 1362 2902 αὐτῶν
1401 2848 1659 2902 Ἰουδαίων
1689 2866 1770 2903 καί

1919 2853 2157 2923 nihilque
2192 2858 2564 2915 examinanles
2604 2868 2820 2916 strenue
2859 2863 3229 2933 obsequantur
3272 2848 3447 2921 omni-

238 2940 482 3010 ηγορίαν,
530 2938 604 2991 δι’
641 2932 715 3008 ἦς
764 2939 860 2990 καὶ
900 2938 1055 2990 αὐτοὶ
1086 2934 1292 3000 δόξαιεν
1328 2938 1393 2991 ἂν
1435 2939 1562 3007 ἡμῖν
1599 2937 1766 2991 ἐνδίκιι

1918 2941 2013 2996 bus
2037 2959 2368 3015 quaecunque
2409 2962 2439 3001 a
2467 2948 2625 3004 nobis
2656 2950 2930 3016 dicuntur,
2960 2932 3101 3009 unde
3127 2955 3288 3009 etiam
3317 2955 3446 3011 fide-

236 3026 687 3099 ἐπιμέμφεσθαι,
724 3028 807 3079 ὅτι
835 3026 900 3096 δὴ
930 3029 1048 3089 ταῖς
1069 3027 1244 3081 αὐτῶν
1272 3028 1510 3097 Γραφαῖς
1526 3016 1764 3098 ’καταχριλ

1915 3030 1990 3113 les
2044 3034 2157 3088 sive
2198 3036 2447 3092 credulos
2499 3038 2567 3092 ab
2620 3039 2775 3094 bruta
2825 3043 3142 3100 credulitate
3189 3046 3443 3116 appellari

236 3135 404 3187 μενοι,
429 3120 494 3171 οὐ
524 3117 623 3171 τδν
652 3118 845 3187 ὅμοιον
868 3116 1053 3177 αὐτοῖς
1084 3117 1309 3187 μέτιμεν
1328 3116 1420 3169 τοῦ
1454 3116 1573 3186 βίου
1593 3118 1764 3189 τρόποι

1916 3120 2205 3192 contingat.
2250 3123 2382 3178 llinc
2428 3139 2537 3180 non
2579 3126 2649 3181 ab
2678 3143 2738 3182 re
2787 3129 3100 3187 dividendas
3137 3150 3255 3204 quae
3288 3136 3444 3192 nobis

239 3208 450 3261 Τούτων
472 3208 526 3260 δ’
558 3206 742 3269 οὕτως
771 3209 903 3277 ἡμῖν
935 3206 1409 3277 διευκρινημένων,
1436 3208 1568 3278 πρὸς
1595 3208 1689 3277 μὲν
1713 3207 1767 3278 τὴ

1914 3210 2241 3279 objiciuntur
2279 3215 2577 3272 calumnias
2603 3218 2927 3284 existimavi,
2961 3231 3121 3292 atque
3149 3226 3202 3278 in
3232 3213 3442 3297 praepa-

236 3298 475 3368 πριὶιτην,
498 3291 716 3360 ὡςοῖόν
742 3313 805 3348 τε
826 3291 916 3365 ἦν,
936 3296 1023 3348 διὰ
1045 3297 1141 3365 τῆς
1165 3296 1567 3366 Εὐαγτελικῆς
1590 3301 1764 3365 Προτιι

1910 3303 2117 3358 ratione
2153 3306 2388 3359 universi
2417 3308 2613 3376 operis,
2647 3310 2820 3379 primo
2853 3291 3066 3381 quidem
3108 3316 3248 3382 loco,
3295 3320 3438 3374 illam

231 3385 542 3454 ρασκευῆς
572 3386 999 3456 άπηντήσαμεν,
1044 3384 1294 3454 ’Έλληνες
1325 3385 1424 3455 μὲν
1455 3382 1590 3439 εἶναι
1622 3389 1759 3458 τοπρ

1913 3394 2144 3463 gentium
2177 3395 2373 3451 multos
2416 3399 2702 3453 colentium
2734 3401 2863 3456 deos
2890 3406 3135 3472 exposui,
3165 3410 3255 3476 qui
3285 3411 3441 3466 nobis

231 3474 692 3544 ὁμολογήσαντες,
718 3473 816 3526 atat
841 3472 904 3536 ἐξ
923 3473 1120 3542 ἐτέρων
1140 3471 1307 3525 ἐθνῶν
1338 3472 1407 3526 τὰ
1437 3474 1695 3546 Ἐλλήνων
1721 3493 1759 3528 π

1912 3489 2119 3536 vertunt
2152 3484 2304 3549 vitio,
2348 3487 2490 3555 quod
2536 3490 2829 3557 patriorum
2870 3471 3093 3546 deorum
3138 3471 3440 3554 desertores

233 3562 591 3630 φρονηκότες,
641 3562 710 3625 ἐκ
751 3559 1006 3631 πατέρων
1047 3575 1106 3612 τε
1144 3562 1212 3630 τῇ
1256 3560 1496 3629 πολυθέῳ
1527 3561 1700 3631 πλάνῃ
1725 3563 1761 3615 δι

1913 3569 2055 3647 facti:
2084 3586 2305 3636 sumus,
2351 3583 2406 3628 et
2446 3583 2702 3645 tanquam
2746 3594 2997 3649 magnum
3048 3582 3247 3652 aliquid
3293 3587 3441 3656 obje-

228 3647 579 3721 δουλωμένοιο
627 3648 692 3702 οὐ
744 3648 853 3719 μὴν
904 3647 1081 3718 μέντοι
1126 3650 1304 3720 ἀλόγῳ
1348 3650 1438 3702 καὶ
1479 3650 1756 3716 άνεξετάστ

1912 3664 2078 3725 stant,
2105 3660 2249 3728 quod
2274 3661 2504 3715 barbara
2528 3662 2729 3719 Graecis
2754 3647 3086 3735 praetulimus
3108 3647 3161 3725 et
3190 3647 3440 3730 Hebraic—

228 3738 388 3810 όρμῇ,
417 3740 614 3811 κρίσει
644 3739 703 3791 δὲ
728 3739 826 3791 καὶ
850 3737 1083 3809 σώφρονι
1115 3739 1356 3810 λογισμῷ
1388 3740 1756 3810 μετατιθέμενα

1911 3760 2038 3801 rum.
2063 3750 2280 3803 oracula
2313 3749 2513 3806 fuimus
2549 3755 2793 3824 amplexi.
2831 3756 3065 3812 Alteram
3096 3777 3222 3816 vero
3261 3767 3439 3820 crimi-

223 3830 319 3899 τήν
345 3846 409 3883 τε
434 3830 578 3901 περὶ
607 3829 680 3881 τά
720 3828 986 3898 Ἐϐραίων
1018 3828 1172 3897 λόγια
1212 3828 1445 3899 σπουδὴν
1472 3830 1751 3900 κεκριμένα

1908 3836 2171 3892 nationem
2198 3839 2399 3894 illatam
2421 3855 2451 3894 a
2475 3840 2692 3909 Iudaeis,
2726 3860 2832 3915 qua
2861 3854 2913 3902 et
2940 3848 3042 3917 ipsi
3070 3850 3318 3907 videntur
3337 3871 3436 3911 nos

126 3940 142 3959 ο
221 3921 349 3987 ἡμῖν
375 3919 473 3970 καὶ
503 3918 757 3984 εὐλόγως
789 3917 1159 3987 γεγενημένην
1182 3919 1637 3988 παραστήσαντες.

1910 3924 2045 3979 haud
2083 3927 2281 3997 injuria
2324 3931 2732 4000 reprehendere,
2775 3938 2915 4006 quod
2966 3938 3332 4009 ipsorummet‘
3358 3961 3438 4000 sa-

216 4008 271 4061 δὲ
300 4010 401 4080 τὴν
445 4008 728 4078 δευτέραν
752 4008 875 4076 ὥρα
902 4007 993 4061 νῦν
1035 4008 1358 4078 φράξασθαι,
1404 4010 1496 4061 καὶ
1532 4009 1592 4061 τὸ
1624 4009 1744 4063 λεῖπ

1906 4015 2011 4071 eris
2039 4018 2120 4071 usi
2150 4018 2364 4083 litteris,
2394 4035 2504 4075 non
2539 4030 2717 4077 tamen
2755 4007 3001 4082 eamdem
3020 4028 3141 4085 vita:
3173 4034 3434 4089 rationem

218 4100 467 4154 ἐσελθεῖν
510 4099 771 4169 σκέμμα·
808 4099 965 4152 τοῦτο
994 4099 1038 4151 δ’
1066 4096 1136 4169 ἦν
1174 4099 1307 4168 πρὸς
1341 4101 1464 4162 τοὺς
1494 4102 1557 4152 ἐκ
1588 4118 1746 4172 περιτ

1905 4115 2188 4164 sectamur.
2222 4110 2357 4164 Cum
2391 4112 2503 4167 haec
2532 4112 2692 4183 igitur
2728 4116 2803 4169 ita
2851 4117 3100 4176 distincte
3126 4124 3365 4192 exposita
3404 4141 3433 4178 ι

217 4191 340 4261 μῆς,
354 4190 523 4244 οὔπω
553 4191 656 4243 καὶ
678 4189 774 4244 νῦν
797 4188 1180 4260 ἐξητασμένον,
1220 4189 1446 4242 ἐνταῦθα
1466 4191 1522 4243 δέ
1552 4209 1647 4244 που
1665 4209 1745 4246 xor

1902 4199 2053 4253 nobis
2096 4198 2310 4265 fuerint,
2358 4202 2525 4270 priori
2562 4205 2775 4274 quidem
2826 4188 3211 4277 criminationi,
3243 4221 3301 4267 ut
3344 4229 3430 4269 res

214 4281 401 4349 καιρὸν
419 4282 484 4333 ὲν
501 4283 631 4342 τοῖς
659 4279 1114 4348 σπουδαζομένοις
1127 4279 1225 4347 τῆς
1247 4281 1647 4348 Εὑαγγελικῆς
1661 4283 1742 4336 ἀπ

1903 4285 2041 4351 tulit,
2077 4288 2132 4340 in
2162 4286 2559 4358 Prwparatione
2591 4292 2894 4364 Evangelica
2917 4301 3270 4365 occurrimus,
3307 4318 3431 4358 con-

209 4368 459 4436 δείξεως
490 4369 722 4438 άναπλη
732 4367 1128 4439 ρωθησόμενον.
1152 4368 1284 4437 Φέρε
1300 4365 1412 4434 οὖν,
1442 4371 1529 4423 τὸν
1551 4371 1737 4426 άπάντι

1901 4371 2024 4427 fessi
2069 4375 2311 4431 ethnicos
2356 4379 2510 4434 initio
2553 4396 2654 4435 nos
2686 4381 2854 4438 fuisse
2903 4393 3065 4456 atque
3107 4404 3174 4444 ex
3220 4392 3429 4447 caeteris

224 4463 506 4515 Ἰουδαίων
538 4478 608 4515 τε
640 4460 740 4512 καὶ
789 4459 1054 4529 Ἑλλήνων
1088 4459 1220 4512 Θεὸν
1249 4459 1325 4511 διτ
1353 4459 1512 4512 αὐτοῦ
1555 4461 1649 4513 τοῦ
1690 4463 1752 4515 Σιι

224 4550 374 4573 .2---
403 4548 582 4573 4--.".-.
623 4547 1070 4573 :—.....\-_1...-‘.-.
1134 4546 1344 4573 ..-ξι-,υ
1380 4550 1549 4573 ι..-τ-.-
1589 4549 1752 4573 ἒ.“---.

1898 4463 2168 4531 gentibus,
2215 4467 2431 4525 Graecos
2464 4486 2760 4542 eorumque
2800 4476 3079 4545 opiniones
3106 4484 3426 4549 praetulisse,

210 4550 374 4621 τῆρος
402 4548 582 4620 ἡμῶν
621 4547 1098 4618 ἐπικαλεσάμενοι,
1133 4546 1344 4616 πρῶτον
1378 4550 1553 4601 ἐκεῖνο
1586 4549 1738 4602 διασκ

1901 4561 2056 4624 atque
2093 4570 2123 4608 a
2146 4561 2454 4625 parentibus
2482 4566 2652 4619 errori
2696 4569 2893 4622 multos
2924 4569 3118 4623 colenti
3149 4570 3278 4627 deos
3315 4589 3429 4627 ser-

208 4639 466 4710 ψιὲιμεθα,
496 4641 592 4704 τίς
613 4642 644 4692 ό
660 4639 863 4709 τρόπος
884 4637 1152 4730 τυγχάνει
1174 4636 1275 4730 τῆς
1298 4635 1415 4689 καθ’
1436 4639 1583 4730 ἡμᾶς
1602 4639 1736 4730 αὐτοι

1900 4645 2076 4700 viisse.
2128 4636 2446 4719 Neutiquam
2503 4664 2681 4711 autem
2731 4659 2923 4713 insano
2972 4661 3168 4730 impetu
3218 4671 3271 4716 et
3311 4662 3428 4717 sine

210 4725 531 4791 θεοσεϐείας
550 4744 567 4757 ο
627 4729 690 4780 ὲν
737 4723 921 4795 ταυτῷ
965 4723 1023 4776 δὲ
1069 4724 1165 4777 καὶ
1210 4723 1314 4777 τῶν
1365 4726 1738 4797 ὲπιζητουμένι

1899 4737 2141 4792 examine
2185 4755 2283 4795 nos
2322 4751 2559 4801 mutasse
2607 4750 2945 4816 sententiam,
2993 4753 3084 4806 sed
3108 4752 3313 4821 judicio
3340 4769 3427 4807 so-

211 4821 467 4876 ἁπάντων
502 4819 852 4890 ἐπιθήσομεν
879 4818 981 4882 τὰς
1012 4818 1217 4880 λύσεις.

1898 4827 2122 4898 briaque
2158 4834 2387 4901 ratione,
2408 4829 2655 4894 studium
2680 4839 3061 4895 Hebraicorum
3087 4841 3426 4895 oraculorum

211 4918 499 4991 amplexos
535 4915 800 4987 prudenti
849 4910 1164 4982 cognitione
1206 4917 1275 4964 et
1302 4926 1434 4966 sano
1465 4914 1691 4971 consilio
1738 4916 1793 4972 id
1819 4934 1920 4976 nos
1970 4921 2163 4980 fecisse
2221 4927 2521 4991 decumus.
2578 4917 2849 4989 Adversus
2879 4936 3095 4989 alteram
3136 4951 3293 5003 porro
3320 4940 3427 4993 cri-

208 5014 582 5066 mmationem
610 5015 722 5087 jam
778 5023 883 5063 nos
927 5017 1148 5061 armare
1185 5011 1391 5072 tempus
1437 5014 1538 5071 est,
1584 5015 1638 5063 et
1685 5013 1826 5080 quod
1882 5025 2126 5084 superest
2160 5024 2468 5090 certaminis
2511 5027 2698 5082 onire:
2735 5035 2817 5082 est
2864 5035 3038 5081 autem
3068 5027 3169 5083 hoc
3208 5044 3329 5085 cum
3359 5032 3425 5086 iis

211 5108 295 5175 qui
339 5121 410 5161 ex
442 5104 885 5160 circumcisione
917 5109 1074 5162 sunt,
1107 5100 1337 5157 nondum
1376 5100 1562 5157 adhuc
1596 5118 1626 5157 a
1666 5107 1820 5162 nobis
1871 5112 2219 5177 exantlatum,
2273 5120 2519 5189 prmsenti
2556 5130 2730 5175 autem
2772 5121 3086 5174 tractatione
3123 5130 3423 5192 opportune

211 5198 263 5248 in
316 5197 407 5251 his
464 5197 571 5265 qui
631 5210 741 5263 prae
799 5192 1072 5249 manibus
1126 5200 1266 5258 sunt,
1322 5194 1784 5254 Demonstrationis
1837 5200 2156 5273 Evangelicae
2197 5208 2350 5266 libris
2396 5202 2797 5267 absolvendum.
2867 5213 2979 5283 Age
3022 5214 3214 5284 igitur,
3278 5231 3424 5270 com-

212 5290 361 5343 muni
415 5288 521 5343 illo
595 5287 837 5340 omnium
890 5281 1210 5338 Judaeorum
1255 5289 1452 5355 pariter
1497 5305 1560 5346 ac
1590 5294 1821 5363 gentium
1871 5296 1998 5363 Deo,
2035 5314 2130 5368 per
2174 5301 2459 5370 ipsummet
2506 5290 2835 5365 salvatorem
2873 5313 3115 5361 nostrum
3154 5294 3418 5372 invocato,

215 5383 446 5448 primum
496 5379 640 5435 illud
682 5379 1080 5446 inquiremus,
1131 5379 1340 5445 quinam
1396 5384 1584 5440 modus
1632 5394 1684 5441 et
1736 5404 1852 5458 qua:
1891 5392 2026 5446 ratio
2076 5395 2251 5448 cultus
2303 5396 2473 5450 nostri
2508 5376 2598 5450 sit
2640 5412 2747 5466 quo
2789 5395 2955 5451 Deum
3007 5398 3417 5467 prosequimur:

221 5490 341 5528 eum
372 5475 481 5528 hoc
515 5470 820 5541 ipso.enim
868 5477 927 5522 et
960 5468 1299 5538 singulorum
1355 5489 1469 5543 quae
1504 5487 1724 5548 possunt
1759 5480 1815 5536 in
1852 5485 2196 5554 quaestionem
2232 5487 2432 5551 venire,
2470 5488 2790 5543 solutionem
2823 5487 3195 5557 adjungemns.

294 5734 307 5763 ³
346 5732 533 5794 Eccli.,
576 5743 764 5791 nx”;
814 5723 896 5776 ai.
950 5739 1129 5789 xxxv,
1172 5732 1253 5786 tl.
