3870 6324
554 372 625 426 93
1192 368 1451 424 EUSEBll
1479 368 1947 426 CESARIENSIS
1983 371 2130 427 OPP.
2173 371 2347 427 PARS
2383 371 2446 424 ll.
2483 403 2549 414 —
2578 373 3064 464 APOLPGETICA.

1163 476 1387 555 curui;
1428 478 1491 532 ιι.
2112 486 2157 541 Α

557 590 782 654 Quinam
825 591 895 641 sit
943 592 1122 641 modus
1179 589 1379 670 colendi
1442 588 1532 642 Dei
1590 605 1653 642 ex
1699 588 2082 645 Christianitati

1159 670 1478 726 ρταρδσνιριο.

621 744 738 800 1am
774 743 923 813 prius
954 746 1167 815 quidem
1215 763 1245 801 ιι
1285 764 1367 801 me
1403 750 1457 801 in
1494 747 1883 815 Prazparatione
1911 748 2082 803 Evan-

553 836 720 905 gelia:
745 836 945 890 dictum
986 844 1089 903 est,
1130 839 1271 907 quod
1296 839 1740 895 Christianismus
1781 854 1879 894 nec
1905 841 2081 895 ethni-

556 928 760 982 cismus
790 929 860 981 sit
887 943 987 982 nec
1012 927 1341 991 Judaismus,
1372 930 1465 983 sed
1506 928 1772 998 propriam
1795 931 2078 999 quamdam

551 1024 700 1085 gerat
725 1017 781 1071 in
811 1033 869 1072 se
902 1026 1083 1072 notam
1122 1021 1497 1088 propriumque
1520 1018 1880 1072 characterem
1909 1020 2078 1088 pieta-

551 1105 658 1171 tis;
698 1121 871 1175 neque
898 1122 1093 1161 novum
1133 1109 1281 1162 illum
1315 1116 1408 1161 aut
1446 1107 1760 1170 absurdum,
1808 1107 1901 1163 sed
1927 1110 2080 1181 longe

554 1192 1004 1261 antiquissimum,
1044 1194 1256 1263 Deoque
1294 1195 1470 1249 charis
1494 1203 1548 1247 et
1578 1195 1790 1263 pietatis
1825 1211 1889 1251 ac
1918 1196 2078 1265 justi.

553 1284 641 1337 tite
674 1283 827 1338 laude
856 1284 1153 1339 illustribus
1181 1284 1332 1347 viris,
1357 1291 1478 1339 ante
1509 1284 1672 1341 Musis
1709 1295 1942 1355 tempora
1967 1289 2078 1341 usi.

550 1376 720 1424 tatum
739 1380 1204 1441 perspectumque.
1229 1370 1425 1425 Verum
1447 1372 1599 1440 juvat
1617 1373 1774 1428 etiam
1790 1387 1932 1426 nunc
1955 1373 2077 1428 bre-

549 1460 687 1513 viter
714 1459 897 1514 videre
938 1474 1000 1512 ac
1042 1459 1385 1514 considerare
1428 1461 1554 1529 quid
1604 1462 1674 1515 sit
1701 1461 2073 1526 ethnicismus,

550 1545 678 1614 quid
692 1544 1032 1612 Judaismus;
1062 1557 1221 1615 atque
1246 1555 1423 1601 utrum
1456 1549 1697 1602 alterutri
1725 1550 1912 1602 horum
1933 1548 2078 1630 addi-

549 1644 668 1690 ctos
712 1637 952 1691 invenire
994 1638 1154 1691 liceat
1177 1638 1369 1693 charos
1414 1637 1519 1693 Deo
1552 1638 1716 1700 viros,
1743 1639 1936 1709 quibus
1964 1639 2076 1692 Mo~

548 1742 637 1782 ses
675 1727 788 1795 ipse
812 1725 980 1780 divini
1009 1728 1211 1781 amoris
1241 1735 1400 1796 atque
1432 1728 1643 1798 pietatis
1665 1730 1900 1797 perbibet
1921 1729 2074 1785 testi-

3651 376 3713 425 ει

2694 482 3070 538 ΚΕΦΑΛΑῘΟΝ
3117 487 3192 541 Β¹ς

2325 593 2416 655 Τίς
2445 596 2480 646 ό
2506 608 2650 646 κατα
2673 592 2779 646 τὸν
2804 595 3259 728 ligatae-tower
3284 594 3591 657 εὐσεϐείας

2807 677 2836 713 τ
2907 677 3035 726 πος.

2807 677 3035 726 τροπος.

2248 750 2473 822 Εἴρηται
2509 750 2604 819 μὲν
2649 750 2747 821 ήδη
2790 751 2881 803 καὶ
2915 752 3173 824 πρότερον
3213 751 3272 805 ἑν
3308 754 3376 820 τῇ
3415 753 3726 818 Προπαριι-

2176 838 2387 905 σκευῇ,
2431 837 2505 901 ὼς
2545 839 2575 890 ό
2618 838 3035 908 Χριστιανισμὸς
3083 837 3205 890 οὔτε
3250 835 3598 906 Ἑλληνισμός
3651 837 3726 898 τίς

2177 930 2320 979 ἐστιν
2360 925 2479 979 οὒτε
2537 926 2889 996 Ἰουδαῖσμὸς,
2935 928 3126 979 οίκεϊυν
3168 926 3225 979 δέ
3255 944 3379 980 τινα
3414 926 3596 995 φέρων
3637 944 3726 994 χα-

2181 1016 2420 1086 ρακτῆρα
2447 1014 2779 1077 θεοσεϐείας”
2824 1016 2918 1067 καὶ
2950 1014 3134 1067 τοῦτον
3167 1015 3230 1067 οὑ
3256 1013 3395 1078 νέον,
3426 1013 3549 1066 οὐδὲ
3585 1013 3726 1064 ὶκτε·

2175 1105 2514 1175 τοπισμὲνον,
2544 1105 2654 1158 ἀλλ’
2681 1100 2739 1157 εὖ
2773 1105 2912 1175 μάλα
2938 1105 3316 1168 παλαιότατον,
3346 1104 3444 1157 καὶ
3473 1105 3587 1165 τοῖς
3625 1104 3726 1171 πρὸ

2174 1193 2278 1245 τῶν
2322 1193 2593 1254 Μωῦσέως
2638 1192 2837 1267 χρόνων
2884 1191 3178 1258 θεοφιλέσιν
3233 1191 3320 1246 ἐπ’
3364 1188 3616 1259 εὐσεϐείᾳ
3671 1202 3726 1238 τε

2176 1282 2269 1333 καὶ
2310 1279 2616 1350 δικαιοσύνῃ
2662 1279 3161 1350 μεμαρτυρημένοις
3205 1277 3413 1348 συνήθη
3454 1277 3549 1330 καὶ
3590 1273 3726 1345 γνώ-

2176 1387 2348 1440 ριμον.
2395 1369 2539 1440 Πλὴν
2574 1369 2708 1425 ἀλλὰ
2746 1371 2838 1422 καὶ⁹
2883 1369 2975 1422 νῦν
3018 1369 3490 1438 ἐπιθεωρήσαντες
3521 1366 3574 1419 τί
3607 1370 3725 1419 ποτ’

2174 1460 2316 1510 ἐστὶν
2361 1459 2392 1511 ὃ
2431 1475 2489 1511 τε
2539 1458 2880 1527 Ἑλληνισμὸς
2936 1458 3027 1511 καὶ
3103 1456 3460 1525 Ἰουδαϊσμὸς,
3513 1454 3726 1523 σκεψώ-

2177 1547 2331 1617 μεθα,
2377 1548 2583 1619 ποτέρῳ
2613 1548 2811 1601 τούτων
2842 1548 3179 1617 ὑπηγμένους
3228 1548 3356 1607 τοὺς
3405 1545 3513 1615 πρὸ
3562 1546 3726 1599 Munii—

2174 1639 2305 1701 σὲως
2347 1624 2601 1706 θεοφιλεῖς
2640 1637 2853 1707 ἄνδρας,
2904 1636 3036 1707 πρὸς
3081 1635 3247 1688 αὐτοῦ
3298 1635 3580 1696 Μωῦσέως
3609 1635 3726 1688 θεο-

2172 1732 2360 1799 φιλεῖς,
2403 1730 2494 1782 ml.
2529 1731 2614 1783 ἐπ’
2642 1729 2884 1799 εὐσεϐείᾳ
2915 1727 3437 1798 μεμαρτυρημένους
3471 1725 3724 1796 εὕροιμεν

546 1815 807 1871 monium.
837 1815 1170 1871 Judaismum
1210 1833 1316 1876 non
1348 1819 1464 1873 sine
1500 1821 1707 1873 ratione
1740 1819 1933 1873 dixerit
1970 1821 2067 1873 ali-

2167 1819 2247 1872 ἄν.
2289 1819 2388 1871 Τδν
2423 1819 2517 1887 μὲν
2569 1817 2892 1886 Ἰουδαῖσμὸν
2941 1815 3175 1884 εὐλόγως
3205 1815 3275 1869 ἄν
3312 1831 3400 1876 τις
3440 1814 3723 1883 ὀνομάσειε

547 1905 670 1972 quis
701 1905 1081 1974 rempublicam
1133 1907 1426 1961 secundum
1459 1908 1626 1977 legem
1668 1907 1829 1963 Musis
1869 1910 2072 1963 consti-

545 2002 734 2057 tutam,
768 1995 835 2048 ab
861 2010 970 2048 uno
1000 2010 1209 2049 summo
1231 1996 1613 2064 dependentem
1666 1996 1810 2051 Deo:
1841 1998 2069 2053 ethnici-

545 2097 717 2137 smum
746 2082 836 2151 1“
857 2097 983 2136 vero
1013 2082 1318 2135 summatim
1364 2083 1563 2137 dixeris
1590 2100 1709 2139 esse
1740 2088 2072 2154 superstitio-

544 2187 664 2226 nem
697 2187 760 2225 ει
794 2171 981 2241 patriis
1010 2172 1244 2239 gentium
1281 2175 1638 2241 quarumlibet
1680 2176 1872 2230 ritibus
1894 2177 2071 2245 plures

542 2261 800 2315 colentem
822 2260 975 2315 deos.
1006 2259 1205 2328 Ecquid
1234 2261 1395 2330 igitur
1418 2263 1611 2316 dicturi
1638 2279 1822 2319 sumus
1851 2265 1916 2318 de
1940 2265 2070 2320 viris

542 2349 648 2405 illis
675 2349 782 2404 Deo
812 2348 1167 2408 cbarissimis.
1186 2353 1275 2418 qui
1295 2358 1419 2404 ante
1442 2350 1774 2406 Judaismum
1797 2354 2087 2429 exstitere,~

539 2452 763 2507 quorum
807 2438 980 2492 Moses
1028 2437 1349 2491 mentionem
1398 2437 1545 2501 facit,
1597 2447 1653 2491 ut
1705 2439 1771 2493 de
1827 2439 2064 2504 Enocho,

536 2526 626 2582 cui
657 2527 741 2582 bis
769 2527 948 2587 verbis
972 2526 1170 2594 praebet
1207 2526 1567 2581 testimonium
1597 2529 1617 2558 ²
1649 2546 1661 2581 :
1698 2546 1717 2578 ι
1751 2527 1930 2581 Enocb
1956 2530 2069 2597 pla-

538 2615 651 2668 cuit
676 2614 802 2668 Deo.
834 2632 854 2664 ι
888 2614 1059 2682 Atque
1076 2612 1141 2669 de
1160 2611 1289 2675 Noe,
1311 2613 1377 2667 de
1406 2630 1513 2682 quo
1554 2630 1739 2669 rursus
1760 2615 1833 2667 ait
1865 2632 1877 2665 :
1912 2636 1930 2666 ι
1958 2616 2069 2671 Noe

539 2702 698 2757 homo
741 2703 923 2771 justus
953 2702 1007 2756 in
1040 2702 1382 2771 generatione
1430 2719 1524 2759 sua
1549 2704 1588 2759 ³.
1629 2724 1648 2756 ι
1681 2704 1754 2760 De
1780 2704 1940 2760 Setho
1979 2707 2067 2760 iti-

536 2792 656 2845 dem
682 2806 743 2845 ac
762 2790 1006 2861 lapheto,
1036 2793 1100 2848 de
1129 2795 1323 2863 quibus
1346 2794 1417 2847 ita
1450 2795 1671 2849 scribit:
1710 2813 1727 2844 ι
1753 2794 2066 2851 Benedictus

537 2879 796 2934 Dominus
850 2880 992 2934 Deus
1026 2879 1175 2944 Seth,
1223 2892 1277 2936 et
1320 2882 1504 2941 dilatet
1542 2881 1680 2936 Deus
1722 2881 1946 2951 Japbeth
1972 2886 2013 2937 ⁸.
2039 2903 2060 2936 ι

536 2967 612 3020 Ac
634 2974 888 3036 praeterea
911 2967 977 3022 de
1004 2969 1328 3033 Abraliamo,
1388 2971 1569 3025 lsaaco
1594 2978 1647 3024 et
1676 2969 1905 3034 Iacobo,
1945 2973 2064 3040 qui-

535 3057 637 3112 bus
679 3058 838 3112 etiam
866 3056 1059 3114 Jobum
1109 3075 1465 3121 annumerare
1511 3071 1927 3119 consentaneum
1958 3071 2060 3124 est,

535 3155 588 3201 et
634 3148 682 3202 si
732 3148 824 3219 qui
846 3149 935 3202 alii
982 3149 1206 3204 similem
1266 3150 1417 3204 hisce
1439 3151 1602 3206 vitam
1659 3151 1805 3206 fuere
1853 3154 2059 3208 sectati.

462 3250 473 3262 '
534 3235 756 3304 Oportet
776 3237 918 3290 enim
951 3237 1115 3293 bosce
1148 3240 1229 3294 vel
1250 3238 1463 3299 Judazos
1478 3241 1747 3296 exstitisse
1766 3242 1847 3295 vel
1872 3242 2060 3297 Ethni-

535 3337 650 3378 cos.
684 3323 746 3376 At
760 3325 900 3380 enim
924 3323 1090 3380 Judaei
1130 3328 1342 3396 quidem
1394 3328 1500 3382 dici
1539 3330 1662 3397 jure
1688 3346 1794 3384 non
1819 3342 2060 3401 possunt,

532 3425 655 3466 eum
677 3427 859 3468 eorum
889 3416 1218 3484 temporibus
1246 3416 1326 3471 lex
1352 3417 1512 3472 Mosis
1537 3419 1772 3473 nondum
1809 3419 1865 3473 in
1894 3420 2064 3477 homi-

534 3522 663 3561 num
687 3507 848 3566 vitam
896 3507 1054 3561 fuerit
1103 3510 1425 3564 introducta.
1475 3509 1532 3564 Si
1560 3513 1703 3569 enim
1756 3511 2063 3571 Judaismus

532 3594 667 3651 nihil
695 3596 899 3655 exstitit
931 3595 1072 3650 aliud
1099 3612 1258 3666 quam
1312 3597 1472 3654 Mosis
1526 3601 1702 3670 legum
1724 3603 2059 3667 observatio;

535 3685 710 3741 Moses
737 3692 912 3745 autem
946 3685 1109 3754 longo,
1147 3694 1266 3755 post
1294 3686 1413 3742 illos
1455 3688 1521 3743 de
1552 3691 1748 3756 quibus
1778 3692 1906 3757 dixi,
1929 3700 2059 3748 tem-

536 3788 665 3843 pore
689 3774 922 3827 claruit:
953 3773 1172 3828 evidens
1191 3782 1294 3840 est,
1327 3777 1467 3844 quod
1492 3775 1660 3837 Judaei
1692 3779 1833 3834 haud
1868 3780 2064 3836 fuerint

535 3862 627 3931 qui
655 3868 777 3915 ante
814 3861 977 3916 Mosis
1005 3868 1245 3931 tempora
1293 3866 1657 3923 testimonium
1687 3869 1905 3938 pietatis
1929 3873 2064 3928 tule—

535 3956 681 4002 runt.
711 3946 815 4001 Sed
843 3962 1014 4017 neque
1052 3949 1297 4006 ethnicos
1349 3953 1565 4010 eosdem
1593 3958 1905 4021 existimare
1934 3976 2064 4014 con-

536 4043 703 4099 venit,
732 4037 974 4099 Namque
1013 4036 1079 4095 de
1123 4036 1432 4105 Abrahamo~
1476 4041 1672 4097 dicitur
1701 4028 1745 4110 ⁸,
1797 4049 1937 4118 quod
1969 4050 2063 4103 do-

536 4138 679 4179 mum
702 4125 933 4195 patriam
953 4133 1007 4182 et
1027 4129 1393 4198 cognationem
1414 4133 1706 4202 reliquerit,
1739 4137 1936 4207 unique
1962 4139 2061 4200 soli

539 4211 648 4266 Deo
697 4211 978 4274 adhaeserit
999 4253 1014 4277 ,
1041 4229 1195 4284 quem
1224 4218 1384 4285 etiam
1430 4222 1729 4290 proﬁtetur,
1755 4239 1876 4281 cum
1908 4226 1982 4280 ait
2001 4228 2021 4258 ⁶
2043 4242 2063 4292 ε,

542 4321 562 4354 ι
590 4299 879 4367 Extendam
913 4304 1148 4373 (manum
1181 4311 1373 4380 meam)
1404 4312 1468 4365 ad
1513 4313 1676 4370 Deum
1717 4317 2058 4382 altissimum,

536 4392 627 4463 qui
660 4395 858 4448 creavit
893 4398 1085 4451 malum
1128 4408 1181 4454 et
1229 4410 1445 4461 terram.
1478 4423 1497 4455 ι
1533 4405 1605 4458 De
1654 4403 1853 4469 Iacobo
1882 4416 2057 4464 autem
2089 4429 2132 4483 ι)

535 4481 675 4550 apud
695 4481 873 4543 Mosen
925 4487 1182 4556 scriptum
1234 4500 1316 4547 est
1347 4492 1388 4556 ⁷,
1440 4493 1581 4561 quod
1622 4493 1803 4549 domui
1860 4510 1965 4551 suae
2008 4506 2062 4553 et

535 4574 785 4633 omnibus
836 4577 951 4637 suis
1005 4582 1292 4651 praecepit:
1323 4603 1341 4634 ι
1372 4582 1568 4641 Tollite
1591 4584 1720 4643 deos
1755 4585 1956 4641 alienos
1995 4588 2069 4647 de.

535 4661 711 4724 medio
726 4666 920 4730 vestri;
944 4677 998 4725 et
1017 4678 1294 4738 surgentes
1335 4672 1684 4734 ascendamus
1706 4674 1760 4727 in
1781 4672 1984 4740 Betbel,
2007 4684 2061 4743 et

536 4748 795 4809 faciamus
815 4753 884 4821 ibi
915 4769 1063 4819 aram
1094 4754 1351 4822 Domino,
1409 4760 1500 4830 qui
1539 4761 1809 4817 exaudivit
1861 4779 1947 4822 me
2006 4767 2056 4820 in

534 4835 621 4890 die
650 4838 1028 4906 tribulationis,
1066 4844 1158 4913 qui
1185 4844 1285 4898 fuit
1313 4862 1518 4902 mecum
1562 4856 1614 4904 et
1642 4850 1865 4905 salvavit
1892 4868 1977 4909 me
2003 4854 2057 4907 in
2090 4870 2097 4876 ·

533 4927 616 4980 via
645 4944 750 4998 qua
778 4931 869 4985 ivi.
901 4931 968 4986 Et
987 4934 1250 5001 dederunt,
1290 4935 1490 5000 Iacobo
1510 4938 1641 4994 deos
1680 4942 1903 5007 alienos,
1965 4946 2056 5014 qui

536 5022 685 5070 erant
717 5015 770 5077 iu
793 5020 1038 5075 manibus
1063 5037 1272 5084 eorum,
1315 5031 1369 5085 et
1405 5025 1620 5081 inaures
1669 5042 1788 5096 quae
1806 5038 1958 5083 erant
2000 5032 2057 5088 in

536 5105 756 5160 auribus
786 5120 990 5162 eorum.
1025 5113 1089 5163 Et
1117 5112 1396 5168 abscondit
1443 5130 1506 5175 ea
1528 5113 1760 5184 {acobus
1789 5119 1889 5172 sub
1920 5128 2058 5176 tere-

535 5191 719 5247 bintho
742 5205 861 5272 qua:
877 5201 992 5246 erat
1013 5196 1064 5248 in
1088 5197 1359 5264 Sichimis,
1388 5209 1442 5257 et
1462 5204 1690 5273 perdidit
1720 5219 1784 5259 ea
1807 5221 1976 5276 usque
2002 5210 2053 5263 in

2167 1907 2263 1978 τήν
2299 1908 2435 1961 κατὰ
2466 1908 2554 1960 τὸν
2595 1907 2864 1969 Μωῦσέως
2904 1907 3064 1975 νόμον
3100 1905 3531 1975 διατεταγμένην
3568 1903 3720 1956 πολι-

2169 1998 2333 2061 τείαν,
2368 1998 2483 2060 ἐνὸς
2520 1996 2824 2066 ἐξημμένην
2861 1995 2954 2048 τοῦ
2984 1997 3074 2049 ἐπὶ
3103 1998 3323 2049 πάντων
3354 1994 3510 2048 Θεοῦ’
3545 1994 3636 2047 τὸν
3664 1992 3723 2046 δὲ

2177 2086 2538 2157 Ἐλληνισμδν,
2577 2087 2650 2148 ὡς
2684 2087 2740 2138 ὲν
2783 2086 3058 2154 κεφαλαίῳ
3099 2085 3303 2152 φάναι,
3343 2084 3441 2154 τὴν
3477 2084 3619 2137 κατὰ
3652 2084 3724 2138 τὰ

2168 2176 2366 2247 πάτρια
2392 2175 2499 2227 τῶν
2531 2175 2694 2227 ἐθνῶν
2720 2174 2967 2227 ἁπάντων
2990 2176 3069 2238 εἰς
3096 2175 3351 2237 πλείονας
3378 2175 3534 2237 θεοὺς
3557 2175 3723 2231 δεισι-

2166 2265 2459 2335 δαιμονίαν.
2486 2264 2548 2316 Τί
2585 2260 2675 2316 οὗν
2702 2265 2970 2333 φήσαιμεν
3004 2264 3131 2332 περὶ
3160 2263 3272 2318 τῶν
3309 2263 3414 2333 πρὸ
3445 2265 3722 2328 Μωῦοεως

2167 2353 2258 2406 καὶ
2300 2354 2403 2422 πρὸ
2441 2353 2532 2405 τοῦ
2586 2351 2914 2420 Ἰουδαϊσμοῦ
2964 2351 3227 2421 θεοφιλῶν
3283 2352 3524 2423 ἀνδρῶν,
3563 2346 3638 2407 ὧν
3690 2355 3719 2406 ό

2166 2442 2401 2509 Μωῦσῆς
2432 2440 2859 2510 ἐμνημόνευσεν,
2908 2434 3046 2501 οἷον,
3086 2441 3218 2511 περὶ
3268 2440 3471 2511 Ἑνὼχ,
3583 2458 3721 2513 μαρ-

2164 2532 2315 2598 τυρεῖ
2340 2528 2509 2595 λέγων
2527 2544 2540 2557 ’
2577 2545 2595 2576 ι
2619 2526 2959 2595 Εὑηρέστησε
2985 2526 3041 2577 δὲ
3078 2525 3251 2596 Ἑνὼχ
3275 2526 3355 2597 τῷ
3386 2526 3504 2595 Θεῷ
3521 2543 3536 2557 ·
3566 2545 3585 2577 ι
3624 2526 3721 2581 καὶ

2165 2617 2290 2689 περὶ
2334 2616 2424 2669 τοῦ
2472 2615 2627 2680 Νῶε,
2662 2616 2785 2686 περὶ
2825 2610 2884 2669 οὗ
2936 2615 3093 2668 πάλιν
3142 2616 3317 2684 φησί·
3353 2634 3373 2666 ι
3401 2615 3524 2668 Νῶε
3568 2612 3718 2687 δὲῆν

2163 2705 2439 2773 ἄνθρωπος
2466 2705 2684 2767 δίκαιος,
2714 2706 2771 2758 ὲν
2804 2708 2867 2775 τῇ
2896 2706 3056 2775 γενεᾷ
3085 2705 3255 2758 αὐτοῦ
3274 2724 3288 2738 ·
3317 2726 3338 2759 ι
3372 2708 3500 2778 περί
3534 2724 3593 2760 τε
3624 2708 3718 2762 τοῦ

2163 2794 2266 2864 Σὴθ
2308 2795 2400 2847 καὶ
2451 2794 2542 2846 τοῦ
2602 2794 2774 2861 Ἰάφεθ
2799 2832 2814 2855 ,
2870 2795 2997 2863 περὶ
3034 2787 3108 2847 ὧν
3152 2795 3329 2851 ταῦτα
3380 2797 3715 2864 ἀναγράφεισ

2167 2902 2187 2935 ι
2212 2884 2504 2954 Εὐλογητδς
2520 2883 2718 2953 Κύριος
2742 2885 2769 2935 ό
2786 2883 2915 2945 Θεὸς
2934 2882 3027 2936 τοῦ
3056 2879 3160 2948 Σήθ
3182 2901 3197 2915 ο
3226 2904 3243 2936 ι
3270 2886 3384 2949 καὶ,
3408 2904 3426 2934 ι
3449 2885 3719 2948 Πλατύναι

2160 2975 2189 3027 ὁ
2210 2972 2339 3035 Θεδς
2372 2972 2449 3043 τῷ
2487 2972 2656 3041 Ἰάφεθ
2677 2989 2689 3001 ·
2718 2992 2736 3022 ι
2772 2972 2867 3025 καὶ
2910 2971 2989 3025 ἔτι
3036 2972 3171 3044 πρὸς
3209 2974 3421 3037 τούτοις
3463 2977 3592 3045 περὶ
3622 2976 3716 3029 τοῦ

2173 3062 2435 3133 Ἀϐραὰμ,
2465 3062 2556 3116 καὶ
2594 3060 2688 3114 τοῦ
2724 3061 2939 3125 Ἰσαὰκ,
2981 3063 3074 3116 καὶ
3112 3063 3205 3116 τοῦ
3247 3063 3461 3129 Ἰακὼϐ,
3495 3060 3578 3129 οἷς
3623 3067 3718 3119 κα)⁵

2158 3149 2247 3201 τὸν
2289 3149 2406 3202 Ἰὼϐ
2440 3151 2786 3221 συναριθμεϊν
2810 3149 3045 3217 εὔλογον,
3068 3150 3161 3202 καὶ
3194 3151 3249 3209 εἴ
3275 3168 3420 3213 τινες
3453 3152 3602 3206 ἄλλοι
3626 3154 3722 3206 τὸν

2158 3238 2364 3309 ἐμφερῆ
2398 3238 2603 3301 τούτοις
2632 3239 2905 3309 ἐζήλωσαν
2936 3239 3080 3308 βίον;
3108 3240 3250 3309 Ἀρα
3286 3238 3396 3309 γὰρ
3428 3240 3716 3304 Ἰουδαίους

2159 3330 2350 3392 αὐτοὺς
2403 3330 2597 3399 χρῆναι
2639 3329 2947 3397 γεγονέναι,
2983 3330 3015 3400 ἦ
3056 3329 3342 3398 Ἕλληνας.
3404 3330 3566 3382 Ἀλλὰ
3605 3332 3715 3403 γὰρ

2172 3419 2406 3471 Ἰουδαῖοι
2448 3418 2543 3488 μὲν
2574 3418 2672 3471 οὐκ
2702 3418 2768 3471 ἂν
2801 3418 3032 3487 εὐλόγως
3077 3417 3315 3487 λεχθεῖεν
3338 3460 3353 3481 ,
3402 3421 3570 3490 μήπω
3612 3421 3714 3489 τῆς

2159 3508 2434 3570 Μωῦσέως
2463 3508 2911 3579 παρεισαχθείσης
2931 3506 3007 3576 τῷ
3035 3506 3132 3576 βίῳ
3154 3507 3488 3576 νομοθεσίας.
3518 3510 3582 3561 Εἰ
3604 3510 3716 3579 γὰρ

2172 3597 2493 3667 Ἰουδαῖσμὸς
2550 3598 2696 3651 οὐδὲν
2745 3594 2811 3665 ἦν
2865 3597 3047 3666 ἕτερον
3101 3595 3132 3665 ἢ
3187 3597 3221 3665 ή
3276 3597 3416 3649 κατὰ
3474 3598 3715 3653 Μωῦσέα

2160 3687 2418 3756 πομπεία,
2459 3686 2693 3755 Μωΰσῆς
2722 3686 2778 3739 δὲ
2819 3688 3044 3755 μακροῖς
3084 3683 3307 3753 ὕστερον
3346 3684 3556 3754 χρόνοις
3604 3686 3714 3738 τῶν

2161 3777 2454 3848 εἰρημένων
2500 3776 2698 3843 πέφηνε
2719 3792 2733 3807 ·
2766 3775 2941 3842 δῆλον,
2977 3773 3051 3835 ὼς
3083 3773 3180 3825 οὐκ
3214 3772 3280 3825 ἂν
3313 3769 3423 3827 εἷεν
3468 3774 3714 3828 Ἰουδαῖοι

2161 3866 2208 3916 οἱ
2243 3864 2342 3933 πρὸ
2372 3864 2476 3915 τῶν
2513 3862 2674 3917 αὐτοῦ
2716 3863 2919 3931 χρόνων
2950 3861 3033 3912 ἐπ’
3060 3859 3306 3931 εὐσεϐείᾳ
3350 3877 3714 3935 μεμαρτυρη-

2164 3955 2326 4026 μένοι.
2358 3955 2493 4007 Ἀλλ’
2518 3955 2635 4011 οὐδὲ
2660 3954 2916 4023 ’Έλληνας
2935 3954 3196 4022 προσήκει
3223 3955 3465 4022 νομίζειν
3487 3958 3715 4025 αὐτοὺς,

2163 4045 2236 4115 μὴ
2267 4046 2330 4114 τῇ
2353 4042 2589 4114 πολυθέῳ
2626 4043 3007 4112 δεισιδαιμονίᾳ
3045 4044 3509 4113 κεκρατημένους.
3546 4049 3616 4102 '0
3652 4066 3725 4107 τε

2160 4133 2264 4203 γὰρ
2304 4132 2551 4203 Ἀϐραὰμ
2582 4130 2892 4199 καταλείψαι
2930 4129 3123 4193 τελέως
3156 4129 3376 4199 λέγεται
3410 4129 3563 4190 οἷκον
3607 4157 3716 4193 πα-

2159 4223 2325 4294 τρῷον
2356 4222 2446 4275 καὶ
2484 4221 2810 4288 συγγένειαν,
2837 4218 2930 4272 καὶ
2966 4219 3046 4272 ἑνὶ
3085 4220 3230 4289 μόνῳ
3273 4228 3718 4297 προσεσχηκέναι

2159 4312 2274 4380 Θεῷ
2292 4352 2306 4376 ,
2337 4312 2394 4363 δν
2427 4311 2518 4365 καὶ
2556 4309 2801 4381 ὁμολογεί
2831 4308 3050 4376 φάσκων
3068 4325 3081 4339 ·
3117 4327 3136 4359 ι
3170 4309 3412 4365 Ἐκπενῶ
3444 4316 3585 4386 πρὸς
3626 4317 3720 4371 τὸν

2159 4401 2287 4453 Θεὸν
2315 4399 2404 4452 τὸν
2429 4399 2644 4468 ὕψιστον
2665 4397 2723 4460 δς
2745 4396 2921 4459 ἔκτισε
2947 4396 3035 4449 τὸν
3053 4397 3281 4467 οὐρανὸν
3302 4403 3397 4455 καί
3418 4404 3518 4474 τὴν
3538 4406 3645 4476 γῆν
3664 4424 3714 4458 ἰ

2160 4493 2189 4543 ὅ
2219 4507 2276 4542 τε
2307 4487 2496 4542 Ἰακὼϐ
2541 4487 2939 4558 ἀναγέγραπται
2971 4486 3118 4557 παρὰ
3164 4488 3243 4558 τῷ
3272 4492 3501 4547 Μωῦσεῖ
3538 4497 3719 4565 φήσας

2158 4578 2234 4649 τῷ
2264 4576 2394 4647 οἴκῳ
2419 4577 2510 4630 καὶ
2544 4577 2675 4629 πᾶσι
2706 4578 2815 4638 τοῖς
2858 4573 3049 4627 αὐτοῦ·
3092 4595 3112 4627 ι
3148 4578 3356 4648 ¹Ἄρατε
3400 4584 3529 4649 τοὺς
3562 4584 3719 4651 θεοὺς

2159 4668 2282 4730 τοὺς
2319 4664 2623 4736 ἀλλοτρίους
2658 4667 2721 4717 ὲκ
2755 4664 2916 4734 μέσου
2957 4664 3126 4733 ὑμῶν’
3141 4666 3236 4721 καὶ
3283 4670 3579 4743 ἀναδῶμεν
3637 4675 3719 4739 είς

2162 4754 2349 4827 Βεθὴλ,
2378 4756 2471 4808 καὶ
2498 4757 2801 4825 ποιήσωμεν
2828 4757 2941 4807 ἐκεῖ
2969 4755 3354 4828 θυσιαστήριον
3393 4762 3472 4832 τῷ
3505 4764 3717 4836 Κυρίῳ,

2160 4848 2237 4920 τῷ
2262 4847 2618 4901 ὲπακούσαντί
2656 4862 2754 4917 μου
2783 4846 2840 4898 ὲν
2878 4843 3055 4916 ἡμέρᾳ
3096 4844 3351 4916 θλίψεως,
3394 4850 3454 4915 ὃς
3490 4848 3559 4923 ἦν
3601 4856 3719 4924 μετ’

2161 4937 2290 5009 ἐμοῦ
2336 4936 2431 4991 καὶ
2472 4936 2640 4989 ἔσωσὲ
2686 4951 2752 5005 με
2803 4936 2860 4986 ὲν
2895 4936 2962 5005 τῇ
3003 4933 3105 5003 όδῷ
3231 4938 3565 5013 ἐπορεύθην.
3607 4945 3720 4998 Καὶ

2161 5026 2361 5079 ἔδωκαν
2390 5022 2467 5093 τῷ
2502 5022 2690 5078 Ἰακὼϐ
2738 5023 2861 5086 τοὺς
2908 5020 3062 5086 θεοὺς
3097 5023 3222 5087 τοὺς
3271 5026 3627 5102 ἀλλοτρίους,
3667 5033 3718 5088 οἳ

2157 5110 2294 5184 ἦσαν
2315 5114 2370 5165 ὲν
2392 5114 2508 5177 ταῖς
2537 5113 2720 5184 χερσὶν
2746 5109 2941 5177 αὐτῶν,
2969 5111 3061 5171 καὶ
3084 5110 3152 5164 τὰ
3177 5111 3381 5169 ἐνώτια
3411 5118 3483 5172 τὰ
3514 5120 3574 5172 ὲν
3603 5122 3719 5185 τοῖς

2159 5205 2288 5256 ὠσὶν
2318 5202 2511 5268 αὐτῶν,
2534 5204 2623 5256 καὶ
2651 5200 2879 5281 ἔκρυψεν
2902 5200 3040 5254 αὐτὰ
3083 5200 3276 5255 Ἰακὼϐ
3302 5206 3411 5260 ὑπὸ
3441 5208 3542 5279 τὴν
3563 5212 3725 5281 τερέ-

536 5279 850 5339 hodiernum
882 5278 1044 5369 diem.
1082 5302 1100 5332 ι
1138 5284 1196 5338 Si
1227 5278 1389 5357 igitur
1441 5300 1496 5346 et
1543 5292 1611 5347 ab
1658 5292 2055 5359 idololalrarum

2167 5291 2336 5347 ϐινθον
2361 5292 2460 5361 τὴν
2492 5293 2549 5345 ὲν
2576 5279 2839 5364 Σικίμοις,
2869 5291 2962 5345 καὶ
2994 5289 3269 5346 ἀπώλεσεν
3299 5296 3444 5351 αὐτὰ
3470 5278 3577 5363 ἕως
3619 5278 3721 5369 τῆς

536 5383 719 5423 errore
746 5369 904 5423 alieni
935 5367 1170 5435 fuerunt,
1202 5385 1257 5429 et
1304 5379 1445 5433 sicut
1485 5383 1905 5439 demonstratum
1951 5390 2056 5446 est,

2163 5383 2395 5454 σήμερον
2441 5382 2669 5455 ἡμέρας.
2699 5402 2717 5435 ι
2752 5384 2813 5436 Ei
2843 5381 2906 5455 δή
2930 5378 3021 5436 οὖν
3062 5381 3155 5453 καὶ
3193 5382 3292 5454 τῆς
3324 5384 3719 5461 είδωλολάτρου

535 5465 684 5510 extra
705 5454 1038 5515 Judaismum
1052 5464 1367 5520 constituti:
1396 5475 1575 5524 tamen
1617 5486 1921 5542 quanquam
1958 5487 2057 5528 nec

2167 5471 2364 5544 πλάνης
2399 5472 2661 5550 ἀλλότριοι
2691 5454 3105 5546 καθεστήκεσαν,
3150 5477 3245 5531 καὶ
3280 5454 3636 5553 Ἰοι.ιδαῖσλ.ι,ι›ὖ⁷
3660 5482 3717 5539 δὲ

524 5574 637 5695 il.
664 5570 794 5627 Gen.
831 5591 883 5639 γ,
922 5575 1011 5645 22,
1049 5576 1137 5635 ει.
1213 5581 1233 5614 ³
1272 5582 1401 5642 Gen.
1458 5603 1532 5652 vi,
1570 5590 1622 5646 9.
1698 5592 1715 5625 ⁵
1754 5592 1886 5649 Gen.
1928 5608 2002 5659 ιιι.

2060 5592 2147 5660 26,
2185 5591 2273 5664 27.
2348 5593 2369 5627 '
2407 5590 2544 5652 Gen.
2579 5616 2678 5671 sit,
2732 5602 2751 5631 ⁸
2787 5596 2915 5663 Gen.
2955 5612 3066 5667 xiv,
3105 5596 3195 5655 ετ.

3297 5598 3316 5629 '
3357 5597 3494 5659 Gen.
3543 5615 3706 5667 xxxv.
