3870 6318
30 5674 35 5741 J

180 409 246 464 es
726 386 749 403 ’
1067 402 1756 473 Dmoxsrnarioms
1784 407 2241 471 “summm
2281 399 2405 463 us.
2442 409 2482 467 ι.

3309 421 3380 474 2‘3

186 524 329 586 διτδς
360 520 583 593 γεγώς
628 503 1072 602 ἀῇδιίκθησαν
1098 565 1119 591 ν
1159 530 1325 602 ὅμως
1365 549 1426 601 γι
1473 531 1574 602 μὴν
1620 530 1728 584 οῦτι

1839 530 2037 586 ethnici
2061 536 2244 587 essent
2273 539 2371 581 nec
2411 527 2601 594 Judaei,
2650 534 2758 591 Deo
2774 537 2965 593 charos
3022 536 3368 595 nihilominus

187 611 422 682 Ἕλληνες
440 614 540 668 οὒτε
565 597 784 690 Ἰουδαῖθι
817 600 1068 675 φύντες
1093 654 1113 679 ,
1179 597 1446 690 θεοφιλεῖς
1474 597 1746 690 γεγονέναι

192 689 693 771 μεμρτῦρηνται,καὶ
716 686 932 746 “XO-Vat
966 703 1093 756 καὶ
1123 686 1401 773 εὐσεϐεῖς,
1422 711 1468 765 εί
1608 726 1746 773 τινες

188 787 344 840 ἄλλοι·
370 790 476 863 ὥρα
493 788 644 859 τρίτον
656 782 909 870 επινοεῖν
953 785 1316 863 θεοσεϐείας
1357 800 1569 870 τρόπον,
1596 798 1660 851 δι’
1683 791 1743 850 οὗ

187 878 500 946 κατορθῶσαι
515 875 636 938 sub;
654 867 715 943 ἦν
744 871 986 941 αὺτούς.
1012 883 1249 944 Σκόπει
1272 867 1568 959 τοιγαροῦν,
1597 890 1644 941 εί
1673 905 1746 959 μη

182 962 321 1015 τοῦτ’
356 965 477 1018 αὐτὸ
510 962 586 1036 ἦν,
620 963 675 1016 τὸ
711 961 925 1032 μεταξὺ
968 969 1334 1046 ἰουδαῑσμοῦ
1369 977 1458 1030 καὶ
1513 977 1747 1047 Ἐλληνι-

185 1050 341 1120 σμοῦ,
354 1054 518 1124 τρίτον
537 1056 656 1125 ἡμῖν
680 1052 1169 1130 ἀποδεδειγμένον
1194 1066 1399 1137 τάγμα,
1424 1067 1746 1121 παλαίτατον

186 1141 280 1210 μιν
311 1145 408 1196 καὶ
435 1145 632 1199 πάντων
669 1146 943 1217 τυγχάνον
990 1157 1383 1226 πρεσϐύτατον
1401 1200 1416 1223 ,
1461 1160 1651 1212 νεωστὶ
1686 1158 1744 1212 δὲ

181 1230 264 1283 διὰ
289 1232 383 1285 τοῦ
417 1236 668 1307 ἡμετέρου
709 1237 980 1311 Σωτῆρος
1014 1245 1163 1298 πᾶσι
1191 1250 1302 1311 τοῖς
1341 1246 1512 1301 ἔθνεσι
1540 1264 1741 1318 κατηγ-

181 1322 451 1391 γελμένον.
485 1327 591 1380 Καὶ
634 1326 770 1383 τοῦτ’
804 1327 873 1383 ἂν
912 1331 1007 1403 εἴη
1039 1337 1071 1389 6
1126 1336 1598 1408 Χριστιανισμδς,.
1622 1336 1740 1392 οὕτε

190 1411 526 1484 Ἑλληνισμός
545 1434 626 1482 τις
647 1417 741 1480 ὢν,
757 1418 886 1474 οῦτε
921 1424 1282 1497 Ἰουδαῖσμδς,
1301 1428 1433 1481 ἀλλὰ
1462 1427 1520 1481 τὸ
1543 1424 1739 1497 μεταξὺ

175 1503 400 1567 when,
435 1508 787 1563 παλαιότατον
821 1514 1118 1582 εὐσεϐείας
1151 1518 1441 1589 πολίτευμα
1462 1559 1478 1583 ,
1515 1520 1609 1572 καὶ
1644 1518 1742 1589 ἆρ-

178 1595 425 1666 χαιστάτη
458 1596 555 1667 μέν
577 1615 661 1664 τις
695 1600 1013 1673 φιλοσοφία,
1040 1607 1182 1678 πλὴν
1209 1608 1340 1662 ἀλλὰ
1363 1611 1551 1662 νεωστὶ⁵
1579 1612 1738 1663 πᾶσιν

177 1680 472 1752 ἀνθρώποις
497 1689 613 1752 τοῖς
655 1690 780 1743 καθ’
814 1693 946 1762 ὅλης
985 1695 1085 1767 τῆς
1117 1698 1431 1769 οἰκουμένης
1465 1700 1739 1769 νενομοθε-

174 1772 366 1842 τημένη
385 1791 401 1804 ⁸
433 1774 580 1830 ὥστε
608 1779 705 1831 τὸν
747 1781 808 1847 ἐξ
839 1783 1201 1854 Ἑλληνισμοῦ
1235 1787 1325 1838 ἐπὶ
1367 1786 1457 1840 τδν
1484 1789 1737 1857 Χριστια-

171 1860 347 1929 νισμδν
377 1865 812 1937 μετατιθέμενον
831 1871 932 1922 οὐκ
959 1872 1051 1923 ἐπὶ
1079 1871 1398 1941 Ἰουδαϊσμὺν
1425 1872 1700 1925 ἐκπίπτειν
1717 1891 1729 1903 ’

173 1952 269 2005 οὐδ’
297 1948 361 2005 αὖ
395 1955 567 2009 πάλιν
597 1959 667 2009 ἐκ
694 1959 799 2028 τῆς
835 1958 1129 2031 Ἰουδαϊκῆς
1147 1962 1584 2033 ὲθελοθρησκείας
1610 1966 1736 2018 ἀνα-

171 2043 469 2114 χωροῦντα,
516 2047 692 2112 εὒθὺς
717 2050 956 2121 Ἕλληνα
995 2052 1277 2119 γενέσθαιο
1307 2054 1396 2106 τὸν
1422 2054 1477 2106 δὲ
1510 2054 1567 2120 ἐξ
1612 2056 1736 2110 ἐκα-

172 2133 313 2203 τέρου
340 2134 659 2205 τάγματος,
703 2137 770 2190 ἔκ
797 2155 855 2191 τε
886 2139 1249 2210 Ἑλληνισμοῦ
1279 2141 1372 2193 καὶ
1402 2141 1733 2211 -Ίουδαῖσμοῦ

174 2217 560 2289 μεθιστάμενον
594 2223 695 2275 ἐπὶ
741 2224 834 2276 τὸν
863 2225 1029 2294 μέσον
1075 2227 1324 2295 παριέναι
1360 2228 1518 2297 νόμον
1547 2245 1603 2280 τε
1643 2229 1734 2281 καὶ

175 2304 271 2372 βίον
295 2306 381 2359 τὸν
405 2307 521 2360 τῶν
554 2308 735 2362 πάλαι
764 2310 1027 2379 θεοφιλῶν
1052 2313 1144 2364 καὶ
1173 2312 1391 2365 δικαίων
1421 2313 1646 2383 ἀνδρῶν,
1675 2313 1733 2367 δν

170 2400 196 2449 6
225 2398 405 2469 Σωτὴρ
437 2401 541 2453 καὶ
588 2402 805 2471 Κύριος
853 2404 1028 2474 ήμῶν,
1077 2404 1283 2475 μακρὸν
1326 2404 1734 2475 ὲφησυχάσαντα

174 2488 338 2557 χρόνον
363 2531 378 2554 ,
436 2486 606 2554 αὖθις
659 2491 1002 2547 ἀνενεώσατο
1048 2493 1348 2559 ἀκολούθως
1410 2498 1518 2558 τοῖς
1572 2495 1730 2548 αὑτοῦ

173 2571 423 2638 nam;
460 2577 566 2630 καὶ
613 2577 730 2630 τῶν
778 2579 983 2633 λοιπῶν
1030 2581 1318 2652 προφητῶν
1363 2584 1487 2653 περί
1533 2583 1731 2638 τούτων

173 2660 327 2714 αὐτῶν
344 2662 753 2733 Θεσπίσμασιν.
796 2669 884 2721 Ἑν
909 2668 1040 2736 γοῦν
1069 2674 1180 2733 τοῖς
1213 2671 1345 2741 πρὸς
1366 2671 1456 2724 τὸν
1487 2672 1731 2743 Ἀϐραὰμ

175 2756 414 2821 χρησμοῖς
440 2756 618 2821 αὐτὸς
653 2760 684 2810 ὁ
719 2759 963 2828 Μωῦσῆς
1009 2761 1311 2831 ἀναγράφει
1340 2761 1622 2826 θεσπίζων,
1656 2763 1730 2825 ὡς

175 2840 244 2893 im
269 2842 633 2915 μελλήσουσιν
661 2847 721 2897 ἐν
753 2848 1002 2918 ὑστέροις
1032 2848 1160 2901 ποτὲ
1191 2850 1416 2920 χρόνοις,
1444 2852 1539 2921 οὐχ
1560 2852 1608 2904 οἱ
1638 2850 1727 2904 τοῦ

184 2931 408 3003 Ἀϐραὰμ
466 2936 744 3002 ἀπόγονοι
768 2976 785 2999 ,
843 2938 951 2989 οὐδ’
985 2941 1032 2990 οἱ
1084 2940 1147 2991 ὲκ
1200 2940 1510 3010 σπέρματος
1568 2942 1727 2995 αὐτοῦ

182 3017 399 3075 Ἰουδαῖοι
415 3040 431 3053 °
481 3023 631 3076 ἀλλὰ
687 3023 802 3095 γὰρ
843 3028 1013 3079 πᾶσαι
1037 3028 1092 3080 αί
1133 3027 1292 3096 φυλαὶ
1322 3028 1420 3097 τῆς
1467 3029 1588 3098 γῆς,
1638 3030 1730 3083 καὶ

175 3111 337 3205 πάντα.
355 3114 422 3167 τὰ
443 3113 580 3182 ἔθνη
618 3116 715 3168 ἐπὶ
738 3115 817 3185 τῷ
840 3116 1011 3187 ὁμοίῳ
1036 3117 1218 3189 τρόπῳ
1244 3119 1343 3187 τῆς
1368 3118 1460 3171 τοῦ
1487 3119 1729 3192 Ἀϐραὰμ
1755 3146 1796 3205 C

174 3198 478 3268 θεοσεϐείας,
533 3205 796 3272 εὐλογίας
851 3205 1003 3275 παρὰ
1041 3207 1173 3260 Θεοῦ
1217 3207 1724 3278 καταξιωθήσεσθαι.

176 3292 353 3360 Γράφει
387 3294 444 3348 δὲ
478 3295 701 3359 obruar
734 3313 753 3346 ι
785 3297 897 3350 Καὶ
935 3293 1055 3349 εἷπε
1104 3298 1305 3367 Κύριος
1331 3299 1406 3368 τῷ
1449 3298 1723 3371 Ἀϐραάμ·

177 3381 370 3446 Ἔξελθε
395 3386 459 3437 ἑκ
487 3386 601 3453 τῆς
629 3385 740 3454 γῆς
773 3399 869 3436 σου
901 3386 995 3438 καὶ
1029 3388 1093 3438 ὲκ
1124 3385 1222 3454 τῆς
1262 3386 1569 3453 συγγενείας
1610 3406 1724 3454 σου,

172 3473 254 3522 καὶ
272 3473 330 3523 ὲκ
360 3473 451 3529 τοῦ
484 3474 649 3527 οἴκου
683 3473 779 3527 τοῦ
821 3474 1025 3545 πατρός
1052 3490 1166 3536 σου,
1188 3477 1282 3528 καὶ
1310 3475 1467 3546 δεῦρο
1497 3479 1575 3539 είς
1603 3478 1722 3547 γῆν,

174 3560 232 3628 ἣν
258 3561 319 3612 ἀν
345 3578 421 3614 σοι
452 3562 644 3628 δείξω.
681 3564 793 3615 Καὶ
826 3565 1034 3634 ποιήσω
1059 3581 1117 3617 σε
1143 3566 1221 3627 εἰς
1253 3564 1401 3629 ἔθνος
1429 3566 1566 3636 μέγα
1584 3583 1599 3598 °
1634 3567 1726 3619 καὶ

170 3649 427 3720 εὐλογήσω
469 3668 558 3715 σε,
598 3652 700 3704 καὶ
745 3651 1028 3720 μεγαλυνῶ
1057 3654 1119 3705 τὸ
1144 3653 1313 3722 ὄνομά
1346 3670 1466 3716 σου,
1499 3655 1590 3707 καὶ
1629 3654 1723 3725 ἔσῃ

170 3737 529 3808 εὐλογημένος.
554 3742 675 3794 Καὶ
703 3740 982 3810 εὐλογήσω
1008 3742 1134 3804 τοὺς
1156 3741 1502 3809 εὑλογοῦντάς
1522 3759 1600 3800 σε.
1631 3743 1724 3796 καὶ

168 3829 276 3890 τοὺς
301 3830 738 3901 καταρωμένους
782 3846 842 3882 σε
883 3830 1281 3900 καταράσομαι,
1321 3832 1413 3884 καὶ
1456 3831 1725 3901 ἐνευλογη-

169 3915 400 3984 θήσονται
432 3922 495 3971 ὲν
528 3920 620 3972 σοὶ
653 3921 828 3972 πᾶσαι
856 3923 911 3973 αἱ
939 3920 1102 3987 φυλαὶ
1124 3920 1220 3989 τῆς
1244 3922 1363 3991 γῆς.
1392 3940 1411 3972 ι
1437 3922 1544 3974 Καὶ
1568 3922 1722 3975 πάλιν

162 4008 188 4056 6
228 4006 354 4071 Θεὸς
397 4005 566 4062 εἴπεο
613 4028 634 4060 ι
676 4009 771 4079 Μὴ
819 4009 1009 4078 κρύψω
1040 4009 1154 4077 ἐγὼ
1190 4011 1297 4062 ἀπὸ
1341 4010 1583 4082 Ἀϐραὰμ
1627 4011 1720 4065 τοῦ

166 4096 334 4160 παιδός
365 4116 470 4168 μου
493 4100 534 4153 ἀ
554 4099 676 4168 ἐγὼ
705 4100 880 4160 ποιῶ;
923 4099 1170 4171 Ἀϐραὰμ
1194 4100 1250 4152 δὲ
1272 4102 1553 4170 γενόμενος
1571 4101 1719 4157 ἔσται

161 4186 228 4247 είς
249 4185 397 4250 ίθνος
446 4189 603 4257 μέγα
644 4189 742 4241 καὶ
787 4186 937 4241 πολύ.
985 4189 1094 4242 Καὶ
1122 4187 1618 4259 ἑνευλογηθήσονται
1663 4191 1719 4242 ὲν

160 4272 291 4342 αὐτῷ
320 4276 507 4331 πάντα
548 4275 623 4329 τὰ
661 4274 794 4345 ἔθνη
826 4276 922 4344 τῆς
955 4276 1079 4345 γῆς.
1114 4294 1132 4324 ι
1171 4276 1292 4338 Πῶς
1324 4275 1369 4333 δ’
1408 4275 1472 4329 ἂν
1503 4276 1718 4346 ἔμελλον

157 4359 224 4429 αἱ)
262 4362 518 4434 Ἀϐραὰμ
571 4363 1091 4435 ὲνευλογηθήσεσθαι
1124 4363 1297 4418 πάντα
1336 4365 1404 4416 τὰ
1435 4366 1559 4435 ἔθνη
1578 4405 1592 4429 ,
1627 4368 1718 4422 καὶ

1840 620 2121 690 justosque
2160 618 2207 675 si
2242 614 2336 672 ulli
2373 633 2607 699 unquam
2653 623 2764 685 alii,
2812 633 2864 677 et
2903 626 3017 693 pios
3073 626 3364 685 exstitisse.

1842 710 2203 765 testimonium
2258 706 2577 765 habuerunt.
2626 710 2885 767 Convenit
2924 713 3084 782 igitur
3150 714 3364 768 tertium

1843 799 2123 869 quemdam
2150 807 2327 856 mente
2371 804 2654 869 concipere
2691 801 2871 855 cultus
2907 800 3073 856 divini
3124 803 3363 859 modum.

1844 892 2132 944 secundum
2170 903 2326 959 quem
2349 899 2493 944 recte
2523 890 2698 945 vivere
2753 898 3014 959 poterant.
3048 890 3180 945 Vide
3203 892 3367 962 igitur

1842 981 1982 1032 sitne
2027 978 2138 1033 haec
2181 979 2270 1031 illa
2296 978 2409 1046 ipsa
2441 980 2596 1032 tertia
2643 978 3003 1032 demonstrata
3036 979 3189 1034 nobis
3223 980 3364 1034 inter

1839 1065 2170 1122 Judaismum
2196 1074 2249 1121 et
2268 1068 2643 1122 ethnicismum
2679 1067 2852 1122 media
2899 1068 3057 1132 ratio,
3098 1069 3362 1139 antiquis-

1840 1156 1975 1209 sima
1997 1155 2208 1225 quidem
2237 1170 2527 1225 omnesque
2547 1156 2678 1210 alias
2703 1164 2857 1210 aetate
2902 1156 3241 1220 antecellens,
3267 1158 3363 1215 sed

1837 1258 1996 1313 quam
2023 1249 2266 1298 recenter
2313 1244 2564 1297 omnibus
2612 1243 2860 1313 gentibus
2898 1242 3144 1299 Salvator
3178 1253 3362 1303 noster

1837 1331 2183 1386 annuntiavit.
2242 1331 2414 1401 Atque
2473 1331 2584 1385 hac
2654 1329 3102 1387 Christianismus
3177 1335 3362 1404 utique

1836 1420 2014 1483 fuerit,
2040 1428 2222 1489 utpote
2239 1421 2329 1490 qui
2353 1435 2450 1475 nec
2473 1420 2821 1475 ethnicismus
2832 1425 2913 1473 est
2927 1418 3361 1487 necJudaismus,

1836 1509 1976 1563 inter
2013 1517 2295 1577 utrumque
2320 1507 2492 1561 media
2512 1507 2883 1575 antiquissima
2913 1507 3154 1578 quaedam
3182 1510 3360 1566 cultus

1833 1596 2001 1649 divini
2038 1596 2427 1649 administratio
2482 1609 2543 1649 ac
2587 1604 2776 1661 status,
2815 1610 3088 1666 genusque
3123 1597 3359 1666 philoso-

1812 1683 1972 1752 ‘pbize
1991 1683 2431 1750 vetustissimum,
2490 1683 2582 1738 sed
2622 1698 2810 1738 recens
2848 1682 3099 1740 omnibus
3127 1686 3359 1740 homini-

1834 1776 1936 1828 bus
1964 1789 2057 1843 per
2087 1775 2391 1828 universum
2437 1781 2698 1829 terrarum
2733 1775 2915 1829 orbem
2944 1777 3206 1830 sancitum
3235 1792 3249 1827 :
3280 1777 3354 1830 ita

1763 1843 1805 1897 Β
1837 1872 1894 1916 ut
1918 1863 2008 1932 qui
2038 1864 2107 1917 ab
2133 1864 2451 1918 etbnicismo
2493 1864 2558 1918 ad
2606 1865 3071 1920 Christianismum
3137 1867 3355 1932 transit,

1832 1967 1941 2007 non
1971 1952 2024 2004 in
2068 1951 2397 2006 Judaismum
2429 1954 2671 2019 excidat;
2702 1970 2874 2023 neque
2916 1971 3125 2019 rursus,
3150 1959 3241 2026 qui
3271 1973 3356 2015 re-

1832 2041 1977 2095 cedit
1994 2042 2061 2095 ab
2084 2026 2306 2095 Iudaico
2336 2042 2635 2095 voluntario
2668 2043 2838 2106 cultu,
2868 2046 3045 2101 statim
3070 2046 3160 2098 [lat
3185 2046 3356 2101 ethni-

1832 2145 1969 2185 cus:
2003 2132 2094 2185 sed
2123 2134 2213 2200 qui
2252 2141 2477 2201 utroque
2521 2132 2709 2187 ordine
2729 2134 2938 2197 relicto,
2979 2135 3354 2193 etbnicismum

1832 2220 2030 2273 deserit
2057 2228 2215 2289 atque
2241 2219 2595 2283 Judaismum,
2651 2222 2699 2276 is
2746 2223 2972 2276 mediam
3015 2225 3158 2278 subit
3185 2225 3353 2293 legem

1830 2310 2098 2378 vitamque
2120 2311 2413 2378 priscorum
2432 2310 2865 2366 cbarissimorum
2900 2312 3351 2379 Deootjnstorum

1832 2403 2086 2466 virorum,
2123 2417 2281 2471 quam
2311 2400 2555 2457 Salvator
2594 2417 2658 2456 ac
2711 2401 2969 2457 Dominus
2992 2411 3193 2466 noster,
3228 2418 3351 2458 curn

1829 2507 1925 2562 per
1946 2494 2160 2562 longum
2187 2494 2274 2547 illa
2303 2500 2515 2561 tempus
2543 2493 2817 2562 consOpita
2842 2493 3119 2561 iacuisset,
3144 2494 3350 2548 excita-

1829 2583 1905 2635 vit
1929 2584 2118 2636 iterum
2147 2583 2586 2650 instauravitque,
2609 2586 2681 2635 ita
2726 2583 2802 2635 uti
2856 2580 3018 2636 Musis
3049 2590 3102 2635 et
3131 2592 3350 2638 caetero-

1828 2685 1946 2724 rum
1981 2671 2356 2740 prephetarum
2402 2671 2625 2725 vocibus
2676 2670 2779 2723 hoc
2812 2670 2985 2739 ipsum
3039 2671 3354 2739 praedictum
3456 2726 3475 2749 ι

1829 2758 2017 2812 fuerat.
2053 2758 2184 2835 Nam
2222 2764 2275 2811 et
2304 2759 2357 2812 in
2380 2758 2634 2821 oraculis,
2691 2773 2810 2827 quae
2868 2757 3169 2813 Abrahamo
3211 2760 3350 2814 edita

1826 2849 2081 2902 divinitus
2106 2847 2276 2903 Moses
2300 2856 2545 2911 testatur,
2585 2850 2935 2919 scribitquod
2983 2850 3180 2905 futuris
3223 2852 3349 2903 olim

1826 2940 2151 3006 temporibus
2180 2954 2286 2992 non
2311 2940 2594 2993 Abraliami
2617 2941 2817 3008 posteri
2846 2949 2899 2995 et
2918 2956 2983 2995 ex
3007 2942 3210 2996 semine
3233 2943 3348 3011 ejus

1826 3027 2066 3095 prognati
2095 3025 2282 3087 Judaei,
2338 3027 2429 3081 sed
2484 3042 2669 3083 omnes
2702 3029 2874 3083 tribus
2904 3036 3059 3084 terrae
3084 3038 3137 3084 et
3162 3046 3349 3087 omnes

1827 3124 2008 3186 gentes
2036 3130 2129 3184 per
2157 3117 2382 3170 similem
2412 3115 2589 3171 cultus
2616 3116 2710 3171 Dei
2749 3118 3008 3172 rationem
3045 3134 3152 3188 quo
3175 3118 3348 3175 Abra-

1829 3206 2038 3269 liamus,
2079 3206 2499 3260 benedictionem
2537 3206 2769 3260 divinam
2819 3214 3001 3261 essent
3054 3208 3344 3266 obtenturi.

1827 3294 1902 3347 lta
1931 3294 2072 3347 enim
2097 3295 2169 3347 ait
2196 3295 2256 3347 ἐ
2292 3313 2312 3345 ι
2352 3294 2415 3347 Et
2454 3295 2589 3348 dixit
2644 3294 2901 3349 Dominus
2922 3296 2986 3350 ad
3034 3295 3295 3349 Abraham
3324 3305 3345 3348 ι

1827 3382 1921 3436 Exi
1943 3383 2009 3437 de
2032 3390 2173 3438 terra
2208 3395 2316 3443 tua.
2344 3385 2479 3438 etde
2504 3386 2821 3453 cognatione
2847 3393 2956 3449 tua,
3005 3393 3051 3439 et
3090 3400 3152 3439 ex
3186 3384 3346 3440 domo

1826 3473 1994 3541 patris
2026 3476 2122 3532 tui,
2145 3483 2198 3527 et
2220 3474 2355 3527 vade
2396 3475 2447 3526 in
2472 3481 2666 3527 terram
2695 3488 2852 3541 quam
2881 3475 2979 3527 tibi
3011 3475 3346 3527 demonstra-

1823 3572 1966 3611 vero.
1994 3557 2058 3611 Et
2080 3560 2266 3619 faciam
2295 3568 2344 3612 te
2393 3560 2444 3612 in
2471 3567 2679 3627 gentem
2715 3574 2959 3628 magnam
2992 3576 3006 3613 :
3037 3568 3090 3613 et
3123 3559 3345 3612 benedi-

1822 3663 1938 3702 cam
1966 3655 2040 3704 te.
2069 3656 2121 3701 et
2140 3648 2486 3717 magniﬁcabo
2507 3664 2696 3702 nomen
2726 3656 2899 3711 tuum,
2930 3658 2983 3703 et
3033 3649 3143 3703 eris
3182 3650 3343 3704 bene-

1821 3739 2014 3797 dictus.
2047 3739 2109 3791 Et
2136 3738 2441 3794 benedicam
2469 3741 2840 3796 benedicentes
2864 3751 2933 3801 te,
2955 3750 3007 3794 et
3031 3740 3341 3795 maledicam

1821 3829 2194 3883 maledicentes
2223 3836 2293 3889 te,
2323 3836 2376 3882 et
2402 3828 2778 3882 benedicentur
2801 3830 2853 3882 in
2885 3836 2938 3882 te
2965 3841 3149 3881 omnes
3171 3829 3343 3884 tribus

1820 3922 1991 3970 terrai.
2024 3934 2043 3967 ι
2068 3914 2240 3985 Atque
2262 3917 2451 3970 iterum
2477 3916 2612 3971 dixit
2640 3916 2777 3970 Deus
2802 3918 2854 3968 ἐ
2894 3935 2915 3967 ι
2946 3916 3192 3984 Nunquid
3224 3919 3342 3973 abr-

1818 4006 2043 4058 condam
2081 4020 2179 4075 ego
2228 4006 2295 4059 ab
2331 4005 2633 4060 Abrabaino
2662 4021 2819 4061 servo
2881 4022 3019 4067 meo,
3075 4021 3194 4075 quas
3237 4020 3339 4078 ego

1819 4095 1990 4149 l'aeio?
2025 4095 2290 4149 Abraham
2322 4104 2497 4150 autem
2552 4096 2640 4151 θοι
2665 4097 2718 4150 in
2747 4105 2954 4167 gentem
3001 4111 3245 4166 magnam
3286 4105 3341 4156 et

1818 4189 2055 4241 multam.
2084 4186 2146 4241 Et
2168 4186 2545 4241 benedicentur
2569 4185 2697 4239 ineo
2716 4199 2901 4240 omnes
2926 4193 3107 4254 gentes
3128 4192 3298 4239 terra.
3313 4205 3332 4236 ι

1817 4276 2092 4342 Quomodo
2116 4284 2291 4329 autem
2313 4276 2367 4328 in
2402 4274 2702 4329 Abrahamo
2749 4274 3122 4330 benedicendae
3157 4285 3339 4331 essent

1815 4378 2001 4419 omnes
2026 4370 2209 4433 gentes
2244 4370 2300 4416 et
2351 4377 2537 4417 omnes
2563 4362 2736 4419 tribus
2792 4371 2965 4425 terrae,
3025 4364 3072 4418 si
3120 4363 3335 4433 quidem

159 4450 310 4502 πᾶσαι
344 4453 409 4505 αἱ
451 4451 632 4520 φυλαὶ
663 4450 766 4520 τῆς
807 4451 940 4521 γῆς,
975 4452 1024 4504 εί
1066 4449 1232 4520 μηδέν
1271 4466 1325 4504 τι
1362 4452 1719 4522 προσήκοντες

1824 4452 1959 4507 nulla
1990 4451 2196 4506 ratione
2217 4467 2336 4505 eum
2376 4450 2786 4519 contingerent.
2827 4465 3000 4519 neque
3054 4451 3217 4505 animi
3249 4466 3339 4504 ra-

158 4536 382 4610 ὖπῆρχον
406 4541 594 4612 αὐτῷ,
634 4542 774 4612 μήτε
803 4541 943 4599 κατὰ
971 4539 1153 4611 ψυχῆς
1181 4539 1395 4610 τρόπον,
1423 4541 1556 4611 μήτε
1580 4542 1717 4596 κατὰ

158 4624 393 4696 σώματος
420 4630 796 4700 συγγένειανς
833 4631 944 4699 Τῆς
975 4646 1036 4682 τε
1067 4628 1177 4700 γὰρ
1212 4629 1349 4684 κατὰ
1382 4630 1557 4702 σάρκα
1588 4649 1716 4701 συγ-

155 4720 351 4784 γενείας
376 4721 468 4784 τίς
494 4717 572 4792 ἦν
600 4720 738 4792 πρὸς
766 4720 860 4772 τὸν
895 4717 1145 4789 Ἀϐραὰμ
1163 4718 1460 4785 συγγένεια,
1489 4720 1717 4784 Σκύθαις

154 4808 275 4885 φέρι
304 4813 509 4874 εἰπεῖν,
547 4811 585 4881 ἢ
628 4809 975 4877 Αἰγυπτίοις,
1005 4806 1040 4875 ἢ
1084 4804 1341 4873 Αἰθίοψιν,
1380 4808 1413 4878 ἢ
1451 4809 1649 4871 Ἰνδοῖς,
1680 4810 1712 4879 ἢ

156 4893 491 4965 Βρεττανοῖς,
509 4899 548 4969 ἢ
585 4899 883 4961 Ἱσπανοίς;
901 4895 935 4965 ἢ
958 4894 1078 4957 πῶς
1101 4893 1168 4946 ἂν
1188 4894 1355 4948 ταῦτα
1380 4896 1446 4950 τὰ
1472 4895 1598 4965 ἔθνη
1625 4898 1717 4951 καὶ

156 4984 226 5037 ίτι
241 4987 533 5042 τὰτούτων
559 4985 925 5056 ἀπῳκισμένα
940 4983 1039 5051 τῆς
1060 4980 1192 5055 πρὸς
1206 4980 1292 5033 τὸν
1318 4982 1558 5053 Ἀϐραὰμ
1579 4985 1716 5039 κατὰ

159 5073 323 5143 σάρκα
363 5076 696 5146 συγγενείας
750 5075 915 5146 χάριν
964 5070 1189 5140 ἔμελλον
1237 5071 1715 5142 εὐλογηθήσεσθαιί

170 5162 295 5216 Ἀλλ’
324 5166 447 5220 οὐδὲ
481 5149 591 5236 τῆς
622 5164 760 5235 κατὰ
786 5160 974 5233 ψυχὴν
1014 5157 1253 5224 εὐλογίας
1273 5160 1413 5222 εἰκὸς
1437 5157 1504 5230 ἦν
1537 5178 1717 5219 κοινω-

160 5252 329 5321 νὴσειν
370 5255 452 5325 τῷ
495 5254 750 5324 Ἀϐραὰμ
783 5250 973 5315 πάντα
1013 5246 1086 5297 τὰ
1127 5244 1265 5315 ἔθνη.
1302 5248 1422 5310 Πῶς
1452 5251 1588 5319 γάρ;
1630 5251 1715 5319 ὅτε

167 5339 227 5392 τὰ
256 5343 350 5409 μὲν
367 5343 559 5401 αὐτῶν
582 5342 873 5410 ὲκθέσμοις
912 5334 1314 5405 μητρογαμίαις
1344 5338 1438 5390 καὶ
1466 5338 1717 5412 θυγατρα-

169 5429 386 5497 ὶιιξίιιις,
434 5432 510 5485 τὰ
560 5431 607 5484 δ’
645 5428 983 5485 ἀκολάστοις
1039 5422 1266 5491 ὁμιλίαις
1312 5427 1542 5498 ἀρρένων
1586 5431 1716 5501 πρὸς

174 5518 383 5589 ἄρρενας
413 5520 737 5592 ἀνεφύρετο,
771 5514 846 5573 τὰ
884 5512 952 5564 δὲ
994 5509 1097 5581 τὴν
1132 5512 1394 5570 εὐσέϐειαν
1426 5520 1480 5572 tv
1519 5519 1714 5595 ἀνθρω-

243 5710 261 5740 ⁸
292 5709 413 5769 Gcn.
462 5726 559 5769 xii.
604 5706 711 5763 εδδ.
838 5698 861 5727 ⁸
905 5695 1060 5751 Gen.
1103 5716 1254 5768 svnt,
1287 5706 1367 5764 Π.

1816 4541 1979 4603 tione,
2009 4555 2181 4609 neque
2229 4541 2545 4616 cognatione
2598 4540 2877 4609 corporis?
2907 4538 3041 4593 Nam
3081 4539 3222 4609 quod
3267 4540 3334 4593 ad

1813 4628 2052 4697 corporis
2078 4629 2443 4698 cognationem
2475 4629 2682 4693 attinet,
2706 4644 2946 4699 quanam
2967 4644 3168 4698 quaeso,
3209 4642 3331 4682 cum

1814 4714 2113 4769 Abrahamo
2161 4715 2438 4769 intercedit
2488 4715 2855 4784 propinquitas
2885 4753 2901 4778 ,
2953 4712 3163 4782 Scythis
3188 4708 3332 4764 verbi

1813 4808 1983 4877 gratia
2012 4809 2092 4861 vel
2116 4806 2396 4877 Egyptiis,
2432 4818 2523 4862 aut
2544 4807 2907 4876 Etltiopibus,
2939 4807 3100 4867 Indis,
3123 4805 3334 4859 Britam

1812 4898 1897 4950 nis
1924 4895 2006 4949 vel
2038 4894 2317 4963 Hispanis?
2366 4904 2458 4949 aut
2501 4898 2769 4964 quomodo
2796 4896 2878 4949 lia:
2900 4900 3083 4963 gentes
3130 4890 3213 4944 vel
3263 4890 3333 4944 ab

1813 4986 1897 5040 bis
1923 4985 2081 5039 etiam
2102 4985 2433 5051 remotiores,
2483 4983 2851 5041 benedicenda:
2879 4982 3093 5036 fuerunt
3115 4986 3330 5048 propter

1810 5073 2176 5142 cognationem
2198 5085 2317 5124 cum
2351 5071 2671 5132 Abrahamo,
2703 5066 2842 5135 quod
2874 5064 2938 5118 ad
2958 5077 3171 5118 carnem
3208 5078 3331 5133 per-

1811 5163 1975 5218 tinet?
2000 5160 2104 5217 Sed
2126 5175 2296 5227 neque
2321 5160 2460 5229 quod
2497 5158 2563 5212 ad
2609 5158 2907 5209 animorum
2933 5153 3326 5222 cognationem,

1809 5258 1925 5307 erat
1953 5264 2253 5319 congruens
2279 5256 2461 5317 gentes
2490 5258 2673 5301 omnes
2702 5242 2767 5296 de
2798 5242 3162 5297 benedictione
3180 5255 3329 5294 com-

1810 5339 1957 5393 muni
1985 5352 2106 5392 cum
2153 5337 2451 5397 Abrahamo
2476 5332 2813 5402 participare.
2854 5330 2956 5396 Qui
2990 5330 3175 5384 enim?
3202 5341 3322 5382 cum

1812 5429 1929 5482 alia:
1953 5427 2207 5482 nefandas
2234 5434 2459 5486 matrum
2488 5421 2703 5491 nuptias
2727 5420 2809 5474 vel
2856 5420 3081 5475 ﬁliarum
3125 5431 3328 5473 concu-

1808 5512 1953 5580 bitus
1975 5517 2277 5599 probarent,
2314 5513 2431 5576 alia:
2464 5513 2764 5586 polluerunt
2793 5523 2912 5563 sese
2953 5508 3154 5562 incesta
3178 5520 3321 5560 mare
