3870 6320
652 363 722 415 27
1263 359 1522 415 EUSEBII
1556 364 2024 420 CJESABIENSIS
2059 366 2206 422 OPP.
2245 366 2426 420 PARS
2463 367 2526 420 ll.
2559 396 2628 406 —
2667 366 3160 422 APOLOGETICA.

655 493 773 533 cum
807 475 1038 528 maribus
1069 473 1289 529 libidine
1323 494 1338 529 :
1371 478 1458 530 a'lii
1493 478 1695 532 cultum
1727 478 1971 532 Numinis
1999 479 2052 532 in
2075 480 2172 532 ho-

2202 486 2248 540 Α
2276 480 2570 541 ποθυσίαις,
2606 481 2695 531 καὶ
2737 477 2884 541 ζώων
2919 480 3120 545 ἀλόγων
3153 477 3439 539 θεοποιίαις
3460 515 3474 538 ,
3508 479 3703 547 ἀψύχου

656 563 1260 624 minibusimmolandis,
1297 565 1378 618 vel
1425 566 1604 620 divina
1644 568 1982 620 veneratione
2009 568 2178 620 brutis

2283 568 2408 637 ὕλης
2447 569 2694 637 ἱδρύμασι
2728 571 2817 620 καὶ
2843 569 3158 636 πνευμάτων
3190 566 3524 618 πολυπλανῶν
3555 567 3708 620 δεισιδ

655 653 1011 708 animantibus
1040 659 1131 703 aut
1183 652 1362 715 idolis,
1399 669 1474 707 ex.
1497 655 1728 708 inanima
1759 654 1980 706 materia
2014 652 2181 706 fabri-

2176 682 2181 694 ι
2284 659 2488 726 μονίαις
2534 657 2830 709 ἀνετίθετο·
2873 657 2938 708 τὰ
2991 658 3046 708 δὲ
3101 655 3301 718 ζῶντας
3342 657 3646 707 κατακαίειν
3679 676 3704 708 τ

653 744 786 796 catis
804 741 1033 793 exhibita
1068 752 1346 810 ponerent,
1372 746 1453 797 vel
1478 744 1529 796 in
1565 745 1847 812 spirituum
1875 743 2180 811 multiplicis

2279 744 2676 813 γεγηρακότας’
2721 744 2784 795 τὰ
2825 744 2880 795 δὲ
2932 743 3060 812 πυρὶ
3113 743 3235 803 τοὺς
3269 742 3542 808 φιλτάτους
3583 759 3709 810 παρε

651 833 851 886 erroris
880 839 1152 885 auctorum
1189 835 1658 902 superstitionibus
1679 836 2040 886 collocarent:
2069 833 2179 886 alia:

2181 856 2184 881 ι
2279 834 2421 884 δόναι
2445 851 2457 862 ’
2493 832 2560 884 τά
2595 834 2649 884 δὲ
2697 835 2788 885 καὶ
2843 832 3044 902 νεκρῶν
3084 831 3435 898 ἀπογεύεσθαι
3475 831 3629 883 καλὸν
3671 829 3709 882 εἶ

652 923 801 973 vivos
825 929 1107 974 exurerent
1133 931 1286 976 aatate
1317 925 1698 992 provectiores,
1738 924 1852 974 aliae
1877 923 2035 976 etiam
2057 922 2180 974 cha-

2181 951 2186 961 ι
2282 923 2374 973 καὶ
2415 921 2625 983 εὐσεϐὲς
2673 925 2872 990 ἡγεῖτο.
2922 920 3042 982 Πῶς
3073 915 3163 972 οὖν
3195 921 3314 982 τοὺς
3363 921 3419 970 ἐν
3465 920 3540 988 τῷ
3589 937 3709 971 τοιοι

653 1011 894 1064 rissiiucs
919 1027 1022 1066 non
1055 1013 1358 1066 dubitarent
1393 1013 1621 1065 flammis
1674 1012 1907 1073 tradere,
1933 1013 2049 1064 aliae
2078 1013 2181 1064 vita

2180 1053 2182 1064 ι
2283 1009 2524 1080 θηριώδει
2560 1013 2654 1079 βίῳ
2693 1010 3059 1080 προηγμένους
3092 1009 3188 1078 τῆς
3214 1009 3302 1061 τοῦ
3341 1009 3608 1077 θεοφιλοῦς
3643 1027 3708 1078 με

652 1100 999 1168 spoliatorum
1035 1102 1177 1153 vesci
1210 1102 1462 1154 carnibus
1496 1101 1774 1168 pulchrum
1819 1109 1871 1152 et
1890 1100 2034 1167 pium
2067 1115 2180 1154 esse

2142 1116 2186 1154 se
2283 1104 2424 1170 σχεῖν
2453 1096 2558 1152 οἷόν
2588 1119 2644 1153 τε
2678 1097 2743 1170 ἦν
2776 1100 3039 1166 εὐλογίας,
3067 1100 3113 1150 εί
3165 1100 3234 1168 μή
3274 1101 3387 1150 ποτ’
3428 1099 3531 1168 ἄρα
3579 1099 3670 1166 τῆς

652 1192 1036 1247 existimarent.
1070 1190 1346 1256 Quomodo
1374 1191 1532 1258 igitur
1546 1206 1638 1245 eos
1653 1191 1742 1258 qui
1771 1196 1876 1242 tam
1901 1189 2180 1242 belluinam

2137 1204 2185 1241 m
2285 1189 2493 1259 ριωδίας
2530 1188 2942 1258 μεταϐαλόντες,
2983 1186 3074 1238 τοῦ
3120 1186 3296 1255 ὁμοίου
3329 1185 3521 1254 τρόπου
3573 1185 3665 1253 τῆς

651 1279 910 1334 ducerent
934 1281 1112 1344 vitam,
1154 1290 1568 1334 consentaneum
1628 1288 1744 1332 erat
1799 1279 2179 1333 benedictionis

2178 1294 2186 1330 ἱ
2296 1278 2538 1347 Ἀϐραὰμ
2586 1277 2886 1339 θεοσεϐείας
2927 1275 3152 1346 ἧμελλόν
3199 1292 3326 1327 ποτε
3383 1274 3706 1344 μεταλήψεσθ

651 1368 753 1420 viri
784 1368 888 1422 Deo
913 1368 1212 1422 cliarissimi
1247 1367 1358 1420 fieri
1381 1375 1678 1429 consortes,
1705 1368 1811 1420 nisi
1855 1369 2036 1436 utique
2077 1367 2179 1422 bel-

2177 1396 2182 1407 -
2295 1370 2442 1421 Ἐπεὶ
2469 1372 2708 1432 κάκεῖνος
2745 1368 3026 1438 ἀλλοεθνὴς
3062 1384 3144 1430 τις
3184 1366 3256 1418 ὢν
3299 1367 3391 1418 καὶ
3417 1365 3705 1436 ἀλλότριος,

653 1459 798 1512 luina
837 1459 926 1510 illa
948 1458 1056 1510 vita
1095 1457 1299 1524 abiecta
1347 1464 1399 1510 et
1424 1458 1629 1519 relicta,
1655 1458 1989 1512 consimilem
2021 1457 2181 1512 Abra-

2183 1492 2185 1499 -
2283 1458 2503 1530 ὕστερον
2545 1458 2796 1528 μετῆλθεν
2827 1456 3097 1517 εὐσεϐείας
3134 1455 3343 1523 λέγεται
3390 1453 3711 1524 μετατεθεῖσε

651 1548 810 1602 hamo
836 1547 1082 1614 pietatem
1106 1543 1392 1613 aliquando
1421 1553 1602 1599 essent
1623 1547 1950 1614 amplexuri?
1979 1546 2110 1600 Nam
2133 1557 2179 1603 el

2176 1557 2187 1602 ι
2282 1548 2374 1600 καὶ
2423 1547 2519 1616 τῆς
2575 1546 2836 1616 πατρικῆς
2887 1542 3293 1612 δεισιδαιμονίας
3351 1541 3704 1612 μεταϐεϐλῆσθ

653 1638 743 1691 ille
775 1636 1069 1702 alienigena
1095 1643 1148 1689 et
1181 1637 1388 1689 alienus
1421 1635 1728 1703 perhibetur
1772 1638 1839 1691 ad
1873 1652 1991 1691 eam
2024 1654 2181 1707 quam

2169 1655 2186 1692 ι
2282 1634 2423 1690 οἶκόν
2453 1654 2511 1688 τε
2545 1637 2635 1690 καὶ
2665 1636 3008 1704 συγγένειαν,
3050 1635 3144 1686 καὶ
3171 1633 3263 1702 ἔθη
3312 1632 3541 1702 πάτρια,
3589 1631 3697 1699 βίου

651 1723 842 1778 deinde
864 1723 1138 1792 professus
1154 1733 1234 1778 est
1257 1725 1538 1779 transiisse
1572 1725 1842 1794 pietatem,
1884 1728 2179 1798 avitamque

2185 1756 2186 1761 η
2283 1726 2516 1796 ἀγωγὴν,
2549 1729 2604 1778 ὲν
2631 1721 2965 1799 ᾖγεγέννητό
2987 1741 3044 1775 τε
3068 1725 3160 1775 καὶ
3190 1722 3476 1792 τέθραπτο,
3509 1720 3713 1772 καταλεί

652 1813 1082 1880 superstitionem
1138 1813 1464 1877 deseruisse,
1526 1814 1764 1878 domum,
1789 1819 2180 1884 cognationem,

2215 1805 2258 1859 Β
2283 1818 2438 1870 πέναι
2457 1835 2468 1847 ·
2500 1815 2914 1886 ἠκολουθηκέναι
2939 1814 2995 1866 δὲ
3021 1813 3159 1882 Θεῷ,
3180 1812 3256 1881 τῷ
3283 1813 3376 1864 καὶ
3398 1812 3518 1873 τοὺς
3540 1827 3713 1880 χρησμ

649 1918 828 1957 mores
855 1903 1059 1970 patrios
1086 1910 1139 1956 et
1161 1904 1299 1969 vitae,
1351 1903 1407 1956 in
1459 1919 1564 1972 qua
1610 1905 1821 1973 genitus
1847 1913 1982 1970 erat,
2020 1906 2177 1960 ratio-

2178 1935 2184 1946 -
2283 1910 2426 1978 αὐτῷ
2451 1910 2571 1972 τούς
2593 1907 2962 1976 ἀναγράπτους
2981 1904 3246 1956 δεδωκότι.
3270 1903 3326 1953 Εἰ
3355 1901 3451 1970 μὲν
3469 1897 3557 1952 οὖν
3581 1901 3706 1952 Μωῦ

650 2008 773 2050 nem
817 1993 1036 2047 missam
1067 1992 1292 2060 fecisse;
1344 1994 1450 2049 Deo
1492 2004 1668 2048 autem
1722 2011 1842 2050 esse
1875 1996 2178 2062 obsecutus,

2286 1999 2419 2070 μετὰ
2449 2000 2537 2052 τὸν
2597 1996 2840 2068 Ἀϐραὰμ
2893 1995 3210 2063 γενόμενος,
3245 1993 3337 2044 καὶ
3384 1989 3646 2042 πολιτείαν
3691 2005 3713 2039 τ

649 2084 742 2152 qui
767 2085 924 2137 etiam
954 2084 1168 2137 oracula
1197 2085 1413 2152 scriptis
1434 2084 1643 2153 prodita
1676 2085 1751 2138 illi
1782 2085 1968 2140 edidit.
1999 2087 2056 2140 Si
2086 2087 2177 2157 igi-

2280 2090 2364 2142 διὰ
2397 2091 2492 2158 τῆς
2523 2087 2825 2156 ἐκδοθείσης
2871 2085 2958 2137 ὑπ’
2999 2082 3160 2136 αὐτοῦ
3198 2081 3510 2151 νομοθεσίας
3557 2079 3632 2149 τῷ
3686 2079 3715 2130 Ί

649 2180 738 2226 tur
765 2173 937 2229 Moses
988 2175 1077 2243 qui
1112 2184 1233 2242 post
1280 2175 1642 2229 Abrahamum
1691 2176 1918 2239 exstitit,
1968 2185 2019 2231 et
2045 2193 2177 2236 rom-

2279 2179 2438 2232 δαίων
2470 2179 2606 2230 ἔθνει
2646 2175 3109 2244 καταϐεϐλημένος
3148 2172 3368 2225 τοιαῦτα
3414 2169 3715 2239 ὲνομοθέτηι

650 2264 916 2334 publicam
978 2280 1072 2333 per
1113 2264 1476 2332 promulgatas
1525 2279 1557 2317 ιι
1602 2280 1658 2320 se
1700 2265 1843 2334 leges
1880 2264 2178 2321 Iudaeorum

2175 2285 2182 2318 ι
2279 2265 2364 2322 οἷα
2389 2271 2479 2322 καὶ
2497 2272 2606 2330 τοῖς
2629 2267 2732 2338 πρὸ
2767 2264 2927 2318 αὐτοῦ
2959 2263 3225 2331 θεοφιλέσι
3249 2260 3586 2332 κατώρθωτο,
3614 2259 3703 2312 καὶ

649 2353 794 2422 genti
841 2353 1082 2407 condidit
1127 2367 1189 2405 ac
1242 2352 1502 2419 fundavit,
1530 2355 1859 2422 ejuscemodi
1888 2357 2031 2426 leges
2060 2372 2177 2411 san-

2278 2359 2493 2412 δυνατὸν
2520 2356 2585 2428 ἦν
2619 2359 2748 2410 πᾶσι
2776 2359 2886 2417 τοῖς
2924 2354 3130 2406 ἔθνεσιν
3166 2353 3538 2422 ἐφαρμόττειν,
3561 2349 3633 2410 ὡς
3661 2349 3715 2400 δύ

651 2443 836 2506 xisset,
871 2458 1006 2512 quas
1029 2443 1127 2498 viri
1164 2443 1272 2499 Deo
1305 2444 1452 2497 chari
1489 2452 1612 2498 ante
1639 2461 1760 2498 eum
1795 2453 1942 2498 recte
1979 2446 2179 2514 agendo

2280 2450 2396 2502 σθαι
2418 2449 2554 2501 κατὰ
2578 2448 2673 2515 τὴν
2701 2447 2971 2508 Μωῦσέως
3009 2445 3268 2514 διαταγὴν
3304 2446 3478 2503 πάσας
3514 2439 3609 2501 τὰς
3648 2455 3713 2504 φυ

650 2532 1024 2586 observassent
1044 2571 1059 2595 ,
1103 2541 1154 2586 et
1174 2549 1291 2602 qua:
1319 2533 1570 2587 omnibus
1600 2533 1846 2601 gentibus
1867 2549 2178 2601 congruere,

2177 2580 2178 2587 η
2277 2541 2372 2608 τῆς
2391 2539 2512 2608 γῆς,
2536 2539 2628 2589 καὶ
2658 2537 2828 2590 πάντα
2849 2535 2914 2587 τά
2939 2535 3071 2604 ἔθνη
3097 2535 3360 2588 θεοσεϐεῖν
3382 2549 3396 2564 ⁸
3424 2528 3489 2601 ἦν
3522 2532 3705 2590 εἰπεῖν,

652 2629 916 2675 utomnes
944 2623 1116 2675 tribus
1159 2631 1312 2675 terrae
1358 2629 1412 2675 et
1465 2636 1651 2675 omnes
1672 2629 1857 2690 gentes
1882 2623 2178 2676 secundum

2276 2628 2360 2681 διὰ
2391 2629 2485 2697 τῆς
2517 2626 2790 2689 Μωῦσέως
2821 2624 3140 2694 νομοθεσίας
3175 2625 3299 2686 τοὺς
3331 2621 3388 2686 ἐξ
3435 2621 3678 2674 ἁπάντων
3708 2635 3717 2651 ι

651 2709 814 2763 Mosis
841 2711 1273 2764 constitutionem
1304 2708 1468 2763 Deum
1493 2710 1727 2762 colerent
1753 2728 1766 2762 :
1793 2710 1873 2764 fas
1904 2718 2020 2764 erat
2039 2711 2179 2764 allir-

2277 2719 2440 2771 ἐθνῶν
2489 2717 2940 2786 θεοσεϐήσαντας,
2975 2717 3077 2768 καὶ
3131 2717 3222 2768 τὸν
3289 2712 3606 2782 Ἰουδαῖσμὸν
3649 2709 3717 2777 ζη

651 2816 818 2862 mare,
842 2802 982 2870 quod
1025 2817 1210 2856 omnes
1256 2816 1322 2854 ex
1369 2802 1620 2856 omnibus
1650 2802 1899 2870 gentibus
1925 2800 2088 2856 Deum
2111 2819 2178 2858 ex

2278 2825 2492 2872 σαντας,
2515 2808 2646 2876 πρὸς
2665 2807 2856 2868 αὐτούς
2877 2822 2931 2857 τε
2955 2823 3046 2872 γεν
3061 2806 3347 2877 ησομένους
3369 2803 3502 2856 κατὰ
3524 2802 3609 2853 τὸν
3635 2800 3717 2867 νόει

651 2891 766 2960 lege
802 2891 1030 2945 Mosaiea
1059 2891 1142 2960 pie
1171 2891 1405 2944 colentes
1437 2901 1491 2946 et
1532 2891 1866 2946 Judaismum
1889 2903 2174 2960 sectantes,

2276 2897 2721 2967 εὐλογηθήσεσθαι
2771 2898 2836 2964 τῇ
2886 2893 2978 2946 τοῦ
3031 2895 3281 2964 Ἀϐραάμ
3321 2893 3533 2960 εὐλογίᾳ
3577 2905 3708 2958 προη

648 2977 953 3049 Judaeisque
980 2980 1271 3034 secundum
1303 2980 1467 3047 legem
1520 2982 1856 3048 eonjuuctos,
1886 2983 2176 3039 Abrahami

2277 3004 2397 3057 ρευε
2427 2987 2494 3038 τὰ
2524 2985 2695 3054 λόγια.
2726 2986 2916 3054 Ἐχρῆν
2945 2985 3002 3037 δὲ
3037 2987 3130 3038 καὶ
3157 2987 3301 3054 ἡμᾶς
3329 2982 3396 3034 τὰ
3426 2980 3571 3052 παρὰ
3596 2980 3717 3031 Maii:

652 3069 1018 3124 benedictione
1047 3068 1434 3123 benedicendos
1461 3084 1580 3124 esse
1599 3070 1777 3124 divina
1797 3075 2012 3126 oracula
2040 3091 2176 3144 prae.

2203 3109 2245 3165 ο
2274 3076 2662 3145 διατεταγμένα
2702 3075 3002 3144 φυλάττειν.
3049 3076 3198 3128 Ἐπεὶ
3249 3075 3305 3128 δὲ
3353 3074 3450 3126 οὐκ
3497 3069 3564 3142 ἦν
3611 3072 3717 3165 Ex:

653 3159 1030 3212 nuntiaverint.
1063 3156 1350 3225 Oportebat
1370 3156 1529 3210 etiam
1551 3173 1650 3212 nos
1673 3161 1814 3229 leges
1838 3177 1868 3214 a
1893 3161 2037 3217 Mose
2053 3179 2179 3218 san-

2209 3156 2244 3165 v
2275 3165 2506 3218 Μωῦσέα
2558 3165 2797 3216 πολιτεία
2850 3163 3176 3236 κατάλληλος
3207 3165 3314 3223 τοῖς
3365 3160 3563 3220 λοιποῖς
3611 3157 3719 3209 ἔθνε

651 3247 784 3301 citas
829 3247 1132 3301 observare.
1168 3245 1300 3298 Cum
1354 3251 1532 3299 autem
1595 3249 1833 3304 conditio
1875 3252 2179 3321 reipublicae

2275 3253 2386 3306 ἀλλ’
2414 3254 2446 3323 ἢ
2479 3253 2654 3323 μόνοις
2696 3251 2976 3316 Ἰουδαίοις,
3008 3253 3100 3304 καὶ
3123 3251 3328 3312 τούτοις
3359 3249 3476 3318 οὐχὶ
3493 3250 3600 3307 τοῖς
3628 3247 3719 3296 πᾶς

653 3333 897 3391 Mosaicae
924 3350 1027 3388 non
1071 3335 1230 3388 fuerit
1282 3334 1492 3390 caeteris
1555 3351 1855 3408 congruens
1909 3343 2176 3410 gentibus,

2276 3343 2408 3396 ἀλλὰ
2436 3346 2543 3406 τοῖς
2573 3343 2664 3394 ἐπὶ
2698 3343 2796 3411 τῆς
2831 3343 3086 3406 Ἰουδαίας
3112 3343 3213 3411 γῆς
3251 3341 3346 3403 τὰς
3387 3336 3658 3408 διατριϐὰς
3697 3353 3719 3385 τ

653 3425 745 3480 sed
775 3425 1138 3479 tantummodo
1158 3423 1378 3489 Iudaeis,
1406 3442 1578 3496 neque
1607 3427 1756 3483 hisce
1781 3431 2065 3497 universis,
2086 3434 2179 3487 sed

2275 3433 2514 3502 ουμένοις
2529 3449 2546 3474 ·.
2573 3432 2753 3503 ἕτερον
2784 3432 2947 3502 ἐχρῆν
2970 3431 3028 3495 ἐξ
3053 3433 3284 3493 ἅπαντος
3303 3428 3592 3496 ὑποστῆναι
3615 3425 3719 3493 τρό⁴

653 3515 826 3571 solum
862 3515 1196 3570 versantibus
1245 3517 1300 3569 in
1355 3527 1496 3572 terra
1523 3517 1743 3574 Judaica
1771 3540 1783 3576 :
1814 3525 2178 3578 necessarium

2277 3523 2424 3592 παρὰ
2453 3523 2542 3575 τὸν
2573 3521 2844 3586 Μωΰσέως
2871 3523 3050 3592 νόμον,
3087 3521 3202 3575 καθ’
3232 3520 3290 3572 δν
3320 3517 3556 3588 ἔμελλον,
3594 3513 3719 3584 βιούε

653 3606 872 3660 omnino
900 3611 1012 3659 erat
1033 3605 1190 3657 aliam
1221 3609 1480 3661 constitui
1542 3609 1823 3676 rationem,
1862 3627 1965 3681 qua
1991 3624 2179 3683 praeter

2275 3612 2470 3682 ὁμοίως
2491 3611 2566 3682 τῷ
2615 3611 2858 3683 Ἀϐραάμ
2890 3611 2956 3668 τὰ
2989 3611 3106 3666 καθ’
3133 3611 3258 3680 ὅλης
3303 3605 3620 3675 οἰκουμένης
3661 3601 3715 3657 έθ

654 3695 821 3765 legem
864 3693 1145 3748 Mosaicam
1177 3705 1398 3763 possent
1436 3707 1618 3763 gentes
1663 3701 1861 3770 ubique
1911 3709 2178 3759 terrarum

1798 3717 1861 3756 ue
1911 3709 2178 3759 terrarum
2275 3703 2372 3772 τῆς
2395 3703 2512 3774 ῐσης
2535 3702 2678 3773 αὐτῷ
2707 3704 3045 3773 κοινωνήσειν
3066 3701 3326 3766 εὐλογίας.

653 3784 966 3845 incolentes,
1002 3798 1121 3851 quae
1147 3785 1476 3840 consimilem
1506 3787 1808 3842 Abrahamo
1835 3791 1996 3844 vitam
2026 3793 2181 3848 duce.

654 3882 790 3936 rent,
827 3870 1065 3925 eamdem
1099 3887 1220 3926 cum
1257 3873 1347 3928 illo
1371 3875 1791 3933 benedictionem
1815 3880 2074 3936 obtinere.

1165 3985 1279 4051 ιη·
1311 3985 1535 4039 CAPUT
1575 3986 1660 4041 Ill.

2785 3977 3168 4033 ΚΕΦΑΛΑΙΟΝ
3215 3977 3285 4028 Γν.

655 4070 803 4136 Quod
818 4070 1042 4125 conditio
1062 4073 1352 4146 reipublicw
1375 4074 1429 4126 Μ
1433 4077 1618 4128 osaicw
1642 4093 1740 4130 non
1763 4078 1921 4146 fuerit
1941 4079 2178 4134 omnibus

2280 4073 2394 4124 Ὀτι
2421 4070 2503 4140 μὴ
2530 4067 2676 4125 πᾶσι
2701 4069 2823 4146 τοῖς
2853 4069 3050 4146 sonam
3092 4065 3471 4146 κᾳτάᾈληλος
3490 4061 3570 4136 ἦν
3597 4067 3634 4133 ἡ
3660 4083 3719 4121 xc

1116 4143 1346 4210 gentibus
1379 4145 1696 4198 conveniens.
1763 4136 1776 4146 '
2421 4136 2435 4140 ⁷
2493 4136 2499 4138 ⁷

2421 4136 2435 4140 ⁷
2493 4136 2499 4138 ⁷
2753 4137 2998 4191 Μωῢσέα
3043 4136 3325 4189 πολιτεία.

719 4248 872 4314 Quod
899 4260 1072 4306 autem
1107 4254 1518 4310 constitutiones
1553 4256 1795 4312 Mosaicae
1825 4258 2022 4316 Judzeis
2058 4270 2179 4318 tan-

2169 4295 2179 4306 .
2349 4252 2465 4303 Ὅτι
2509 4250 2564 4302 δὲ
2595 4252 2626 4319 ἡ
2662 4247 2798 4302 κατὰ
2835 4247 3068 4300 Μωῡσέα
3110 4247 3338 4317 διαταγὴ
3397 4243 3697 4306 Ἰουδαίοις,

653 4341 944 4402 tummodo,
976 4349 1033 4393 ut
1056 4341 1188 4405 dixi,
1228 4360 1401 4413 neque
1428 4346 1575 4400 hisce
1608 4351 1854 4404 omnibus
1885 4353 2012 4420 (non
2031 4357 2174 4410 enim

2277 4343 2428 4412 ἔφην,
2476 4341 2566 4392 καὶ
2615 4339 2818 4401 τούτοις
2865 4339 2982 4406 οὐχὶ
3033 4339 3192 4388 πᾶσιν
3249 4336 3389 4405 (οὐδὲ
3437 4336 3542 4406 γάρ
3597 4339 3705 4397 τοῖς

652 4428 717 4480 iis
737 4429 827 4494 qui
858 4428 911 4480 in
940 4429 1275 4498 dispersione
1297 4435 1627 4500 victitabant,
1672 4439 1762 4492 sed
1797 4441 1925 4495 solis
1971 4443 2026 4496 in
2075 4443 2176 4497 Pa-

2203 4439 2250 4496 D
2273 4431 2533 4500 διασπορᾷ
2571 4429 2935 4497 τυγχάνουσιν,
2985 4427 3100 4480 ἀλλ’
3132 4427 3163 4496 ἢ
3218 4428 3396 4496 μόνοις
3429 4431 3539 4489 τοῖς
3572 4427 3667 4496 τὴν
3703 4427 3719 4476 1

653 4518 853 4570 laeStina
887 4522 1245 4590 versantibus)
1279 4525 1689 4580 accominodatre
1740 4526 1938 4582 fuerint
1995 4552 2007 4585 :
2067 4535 2177 4587 evi-

2277 4521 2543 4588 λαιστίνην
2584 4519 2815 4572 οἰκοῦσιν
2856 4517 3210 4588 ἐφήρμοζεν),
3259 4513 3361 4570 ὧδέ
3392 4535 3472 4570 σοι
3511 4517 3713 4582 συλλογι

651 4608 783 4661 dens
813 4610 905 4662 tibi
937 4611 1038 4663 erit
1069 4612 1139 4664 ita
1169 4614 1457 4681 eolligenti.
1505 4617 1591 4669 Ait
1639 4619 1834 4673 alicubi
1890 4620 2064 4676 Moses
2096 4624 2174 4678 le~

2281 4610 2421 4678 μένῳ
2443 4609 2664 4677 φανερὸν
2699 4607 2865 4659 ἔσται.
2904 4609 3039 4677 Φησί
3077 4627 3178 4660 που
3211 4609 3448 4678 Μωῦσῆς
3475 4607 3719 4676 νομοθετᾱ

651 4711 817 4765 geque
871 4701 1106 4769 praecipit
1139 4703 1178 4732 ¹⁰
1214 4720 1227 4755 :
1264 4719 1280 4751 ι
1310 4703 1410 4758 Ter
1452 4707 1638 4774 quovis
1691 4724 1831 4763 anno
1904 4714 2176 4781 apparebit

2283 4714 2300 4748 ι
2339 4695 2464 4762 Τρὶς
2501 4693 2593 4746 τοῦ
2636 4694 2874 4746 ὲνιαυτοῦ
2913 4696 3207 4766 ὀφθήσεται
3250 4699 3354 4750 πᾶν
3400 4696 3675 4765 ἀρσενικόν
3715 4717 3719 4739 ι

650 4801 806 4843 omne
861 4792 1152 4845 masculum
1202 4803 1348 4847 tuum
1394 4811 1572 4849 coram
1607 4797 1828 4854 Domino
1862 4800 1966 4855 Deo
1995 4811 2108 4857 tuo.
2151 4823 2170 4855 ι

2278 4785 2496 4837 ἐνώπιον
2525 4785 2725 4855 Κυρίου
2747 4785 2838 4836 τοῦ
2866 4784 2999 4837 Θεοῦ
3032 4803 3144 4838 σου.
3177 4806 3194 4838 ι
3226 4789 3333 4839 Καὶ
3364 4787 3442 4839 ἔτι
3467 4787 3719 4856 σαφέστερ

652 4877 821 4946 Atque
845 4882 1017 4934 adhuc
1049 4884 1215 4951 magis
1260 4886 1556 4953 perspicue,
1587 4889 1801 4943 ubinam
1853 4893 2048 4961 triplici
2079 4907 2174 4961 per

2275 4878 2403 4929 ὅπου
2453 4876 2615 4944 ἐχρῆν
2647 4877 2886 4944 ἀπαντᾷν
2926 4879 3051 4940 τοὺς
3074 4879 3280 4942 πάντας
3311 4879 3487 4948 τρίτον
3512 4877 3604 4930 τοῦ
3639 4877 3719 4928 ἔτο

651 4980 846 5018 annum
871 4980 1106 5038 tempore
1137 4973 1414 5026 universos
1451 4978 1736 5032 convenire
1764 4988 2050 5046 oporteret,
2080 4981 2174 5035 de-

2275 4965 2514 5034 ἀφορίζει
2538 4965 2736 5032 λέγων’
2767 4985 2784 5015 ί
2809 4967 2964 5035 Τρεῖς
2997 4969 3216 5037 καιροὺς
3245 4967 3337 5019 τοῦ
3373 4965 3610 5019 ἐνιαυτοῦ
3645 4966 3719 5033 όφι

652 5055 901 5106 terminat
929 5074 1048 5110 cum
1080 5060 1153 5112 ait
1178 5062 1215 5090 ”
1249 5079 1261 5114 :
1299 5081 1316 5112 ι
1357 5061 1550 5117 Tribus
1578 5069 1903 5134 temporibus
1933 5069 2056 5120 anni
2079 5083 2174 5136 ap-

2276 5077 2420 5112 σεται
2447 5061 2550 5112 πᾶν
2590 5060 2864 5128 ἀρσενικόν
2913 5077 3008 5112 σου
3044 5061 3277 5112 ἐναντίον
3317 5060 3516 5130 Κυρίου
3550 5056 3640 5110 τοῦ
3680 5057 3718 5107 Θ

655 5144 856 5212 parebit
884 5161 1038 5199 omne
1068 5153 1360 5210 masculum
1400 5161 1547 5206 tuum
1593 5170 1772 5209 coram
1812 5155 2034 5210 Domino
2063 5157 2170 5211 Deo

2275 5169 2386 5212 σου,
2445 5153 2500 5204 ἐν
2551 5151 2626 5220 τῷ
2673 5151 2819 5221 τόπῳ
2849 5145 2893 5217 ᾧ
2939 5151 3005 5204 ἂν
3043 5151 3322 5220 ἐκλέξηται
3369 5151 3636 5222 Κύριος.»
3663 5149 3719 5200 Θε

651 5244 762 5294 tuo,
792 5233 843 5284 in
870 5234 986 5285 loco
1009 5251 1162 5301 quem
1188 5241 1439 5310 delegerit
1466 5242 1740 5297 Dominus.
1777 5265 1794 5296 ι
1831 5243 2010 5306 Vides,
2030 5245 2170 5311 quod

2279 5245 2404 5312 ρεῖς,
2445 5242 2519 5304 ὡς
2549 5243 2646 5294 οὐκ
2686 5244 2742 5294 ἐν
2787 5245 2932 5316 πάσῃ
2967 5244 3134 5305 πόλει,
3159 5243 3265 5295 οὐδ’
3296 5243 3414 5296 ὅποι
3435 5243 3616 5310 ἔτυχεν
3639 5241 3716 5293 ἀπ

651 5337 756 5376 non
792 5323 842 5374 in
877 5323 1090 5377 civitate
1117 5341 1451 5398 quacunque,
1487 5349 1586 5388 nec
1613 5335 1799 5403 quovis
1824 5335 1911 5388 ubi
1944 5351 2061 5388 sors
2085 5343 2170 5386 tn-

2272 5335 2367 5402 τᾷν
2413 5334 2749 5403 προστάττει,
2781 5336 2890 5387 ἀλλ’
2932 5355 2950 5386 ‹
2989 5339 3044 5388 ὲν
3105 5335 3251 5404 τόπῳ
3312 5329 3355 5402 ᾧ
3394 5334 3485 5386 ἐὰν
3529 5330 3712 5398 ἐκλὲξη

644 5411 770 5463 lerit
795 5411 909 5463 loco
933 5413 1404 5482 convcnirejubet,
1435 5422 1526 5473 sed
1563 5441 1581 5473 ι
1618 5423 1670 5475 in
1704 5424 1840 5485 loco,
1877 5438 2034 5492 quem
2076 5422 2170 5476 de-

2274 5422 2486 5492 Κύριος,
2513 5427 2541 5475 ὁ
2566 5424 2694 5486 Θεός
2715 5443 2824 5479 σου.
2867 5445 2884 5477 ›
2917 5426 3078 5478 Ἔνθα
3109 5427 3282 5493 τρισὶν
3312 5425 3534 5478 ἑκάστου
3563 5425 3719 5475 ὲνιαυ·

647 5501 835 5567 tegerit
858 5499 1114 5556 Dominus
1140 5501 1280 5558 Deus
1315 5515 1438 5562 tuus
1470 5511 1532 5564 η.
1570 5530 1588 5562 ι
1623 5512 1698 5568 lbi
1732 5514 1902 5568 tribus
1949 5527 2044 5582 per
2073 5526 2168 5564 an-

2273 5516 2476 5582 καιροῖς
2504 5514 2593 5566 ἐπὶ
2633 5515 2792 5567 ταυτδ
2843 5515 3072 5568 συνιέναι
3100 5516 3390 5584 νομοθετεῖ,
3424 5515 3656 5574 καὶτοὺς
3693 5527 3719 5562 κ

721 5653 759 5680 ’⁸
793 5651 956 5706 Exod.
998 5670 1148 5720 χχιιι,
1188 5657 1276 5725 l7;
1307 5657 1470 5717 Exod.
1513 5680 1690 5732 xxxiv,
1729 5669 1816 5722 9.5.
1895 5668 1931 5700 “
1974 5665 2126 5720 Deut.
2169 5685 2276 5732 xvi,
2319 5667 2404 5723 l6.
2478 5669 2516 5699 “
2558 5666 2920 5733 Deut.~xxvii,
2959 5667 3047 5723 26.
