3870 6330
105 424 208 495 99

155 573 184 598 ν

141 577 231 598 ”'
267 577 283 623 .
336 577 344 584 ’
383 577 393 587 ’
441 577 466 619 '.
811 577 829 585 '
930 577 1050 584 “"'
1075 577 1179 608 ’τ’
1216 577 1379 614 ειγιδν
1419 577 1472 594 °"
1604 577 1764 609 ""‘h

77 577 171 711 ἴ,
258 627 288 675 (ξ)
317 608 374 709 fi
411 625 505 677 της
536 610 662 662 κατ’
723 613 925 669 αὖτδν
973 621 1276 698 λατρείας
1311 633 1632 686 ὲπετελεῖτοο
1671 629 1769 684 ἕνα

73 700 250 824 εἶπεν
276 715 340 824 τως
373 700 582 770 Πάσχίίν
625 701 922 777 δεύτερον
962 715 1077 769 τὸν
1112 724 1263 789 μετὰ
1286 725 1610 794 πεντήκοντα
1637 723 1774 791 ἠμέ-

213 793 324 824 ιέρ
360 791 452 824 ρςρ
496 792 916 824 Α..λ.....γ,,...ι-...
946 822 962 824 _
1001 807 1058 824 π
1350 815 1373 824 ..
1437 816 1449 824 .
1554 814 1578 824 ..
1750 816 1762 824 .

121 811 249 879 ας
269 788 340 841 ἐπὶ
485 792 748 884 ᾲὸέθομαζο
758 799 964 872 μένης
1001 807 1412 884 Πεντηκοστῆς
1433 814 1617 884 ἑορτῆς
1636 829 1649 843 °
1677 816 1773 867 καὶ

121 860 220 879 ν-
359 881 380 892 ,
483 882 508 898 κ
600 860 609 863 τ
759 860 772 865 -
914 860 961 872 .-
1081 860 1409 884 κ-ν-μ-ν---μ
1433 860 1616 884 *νιν-ἰτ
1681 860 1773 867 "~-

66 860 389 978 ῗοὶτονξίῐ)
415 881 636 986 ἕξοάμῳ
667 889 818 954 μηνὶ
860 895 1034 960 μετὰ
1057 901 1128 952 τὸ
1160 903 1350 972 Πάσχα
1379 903 1516 956 κατὰ
1561 903 1659 972 τὴν
1679 903 1773 955 τοῦ

62 973 200 1085 ἇ’β
215 984 335 1036 σμυ
363 970 609 1040 ἡμέραν,
642 975 782 1027 καθ’
822 981 906 1050 ἢν
951 988 1147 1042 εἰσέτι
1179 992 1274 1044 νῦν
1321 993 1552 1044 Ἰουδαῖοι
1578 993 1773 1057 πάντες

64 1053 70 1068 ’
121 1055 134 1063 ’
201 1079 214 1085 -
265 1061 510 1085 ...μ-ρ--.
581 1066 648 1085 ι-
705 1083 718 1085 _
760 1070 781 1085 κ
841 1072 872 1082 ~
1089 1083 1146 1085 s_
1386 1084 1392 1085 ,

63 1061 154 1156 ἷγ
157 1079 214 1152 :1
265 1061 511 1127 νηστείαν
578 1066 1014 1130 ἐπιτελοῦσιν.
1087 1083 1394 1153 Ἐπαρᾶταί
1446 1100 1502 1135 τε
1549 1086 1657 1146 τοῖς
1699 1085 1772 1154 μὴ

77 1153 101 1170 ν

91 1152 406 1254 ὲμμὲνωξι
446 1159 566 1218 τοῖς
607 1163 1191 1238 νομοθετουμένοις.
1233 1152 1437 1226 Οὐκοῦν
1481 1176 1603 1236 τοὺς
1648 1152 1774 1243 μέλ-λ

119 1262 316 1335 ..πῶς
366 1245 626 1312 ἃπαντας
680 1251 977 1327 ἀπαντᾷν
1025 1263 1215 1332 τρίτον
1268 1263 1359 1315 τοῦ
1393 1264 1542 1326 ἔτους
1586 1265 1663 1326 είς
1707 1262 1773 1315 τὰ

161 1337 523 1410 «εφδάλημα.
553 1342 661 1392 καὶ
690 1342 775 1395 τὰ
795 1347 1036 1418 νόμιμα
1074 1352 1335 1423 πληροῦν,
1367 1355 1424 1404 οὐ
1457 1353 1638 1424 πόρρω
1671 1371 1772 1406 που

187 1437 268 1502 .35
315 1426 566 1490 Ἰουδαίας
615 1432 806 1501 ὲχρῆν
855 1437 1051 1506 δήπου
1093 1442 1282 1503 οἰκεῖν,
1329 1441 1440 1493 ἀλλ’
1473 1441 1608 1492 εἰσὶν
1635 1443 1774 1510 ἀμφὶ

209 1519 469 1588 φιδςόρους
495 1536 507 1546 ⁸
540 1521 590 1572 εί
623 1520 686 1573 δὲ
714 1522 788 1593 δὴ
822 1527 952 1588 τοῖς
1003 1530 1340 1598 πορρωτάτω
1373 1530 1472 1598 τῆς
1499 1530 1776 1584 Παλαιστίο

227 1611 524 1679 νηςοίκοῦσιν
567 1613 872 1679 Ἰουδαίοις
903 1617 1148 1670 ἀδύνατα
1169 1614 1238 1687 ἦν
1271 1619 1439 1671 τελεῖν
1463 1621 1530 1672 τὰ
1557 1637 1773 1690 νενομο-

237 1702 469 1770 θετημένα,
495 1703 701 1755 πολλοῦ
727 1704 914 1772 φάναι
952 1709 1070 1770 τοῖς
1115 1711 1277 1761 πᾶσιν
1321 1708 1513 1772 ἔθνεσι,
1546 1711 1638 1762 καὶ
1663 1712 1773 1773 τοῖς

241 1796 276 1844 Iv
296 1796 394 1854 ταῖς
437 1793 722 1862 ὶσχατιαῖς
757 1793 1001 1864 τῆς⁹γῆς
1046 1796 1391 1866 ἐφαρμόζειν.
1439 1798 1770 1851 Ἐπάκουσον

1056 415 1721 481 DEMONSTRATIONIS
1760 412 2221 480 EVANGELICE
2264 405 2389 466 LIB.
2433 414 2479 474 ι,

141 535 281 598 οὓς
301 515 531 587 ἀὲορίξειν
559 517 687 570 καθ’
717 516 832 585 οὓς
869 526 1181 608 ἀπαντᾷν
1216 544 1380 614 ἐχρῆν
1419 543 1473 594 ὲν
1497 537 1570 608 τῷ
1592 538 1763 609 τόπῳ,

1869 559 1997 596 num
2039 529 2390 607 temporibus,
2425 536 2738 604 congregari
2781 537 2833 589 in
2873 552 3032 590 unum
3056 535 3227 604 jubet,
3266 541 3401 587 tetu-

3340 421 3407 473 30

1873 647 2109 702 poraque
2138 623 2457 682 determinat
2484 624 2681 694 quibus
2715 627 2994 680 convenire
3021 631 3264 694 oporteat
3286 625 3401 677 loco

1871 738 1980 790 quo
2009 719 2175 774 divini
2208 713 2383 770 cultus
2424 715 2594 769 oﬁicia
2625 715 2936 779 obibantur;
2989 731 3151 767 unum
3185 714 3398 781 quidem

1871 810 2172 870 Paschalis,
2215 806 2440 859 alterum
2489 811 2610 873 post
2653 802 2769 857 dies
2815 803 3218 872 quinquaginta,
3265 801 3398 856 festo

1871 904 2014 973 quod
2063 900 2406 954 Pcntecostes
2457 897 2579 949 inde
2629 895 2772 948 venit
2821 894 3054 954 nomine,
3098 903 3149 946 et
3183 895 3397 946 tertium

1872 1005 2054 1043 mense
2088 988 2312 1056 septimo
2359 993 2480 1054 post
2521 983 2745 1044 Pascha,
2775 983 2861 1035 die
2908 983 3244 1050 expiationis,
3292 998 3398 1050 quo

1874 1079 2169 1132 etiamnum
2197 1075 2368 1129 Judaei
2402 1075 2560 1127 hodie
2589 1087 2776 1126 omnes
2811 1071 3073 1139 jejunium
3107 1072 3394 1124 celebrant.

1873 1165 2012 1220 Diris
2062 1174 2237 1219 autem
2286 1163 2460 1217 Moses
2514 1177 2609 1216 eos
2648 1162 2888 1222 devovet,
2924 1161 3013 1228 qui
3057 1160 3259 1228 legibus
3286 1162 3398 1214 suis

1872 1257 2077 1311 sancita
2110 1270 2217 1309 non
2241 1252 2662 1308 observaverint.
2694 1250 2853 1318 Atqui
2899 1250 3018 1313 hos,
3063 1251 3153 1318 qui
3203 1249 3397 1316 triplici

1869 1347 1984 1399 vice
2012 1361 2106 1414 per
2155 1360 2353 1398 annum
2383 1343 2636 1396 deberent
2668 1341 3047 1410 Hierosolymis
3088 1341 3394 1403 convenire,

1870 1434 2118 1502 ritusque
2147 1433 2354 1502 legibus
2377 1433 2696 1486 constitutos
2726 1430 2792 1483 ad
2834 1431 3046 1499 plenum
3088 1429 3254 1491 obire,
3287 1443 3398 1483 non

1871 1523 2058 1592 procul
2085 1538 2114 1574 a
2143 1521 2322 1576 Iudaea
2354 1523 2596 1576 habitare
2631 1519 2908 1590 oportebat
2938 1539 2951 1572 :
2983 1519 3074 1588 qui
3103 1533 3229 1572 vero
3251 1519 3397 1572 circa

1870 1625 2136 1666 extremos
2158 1611 2450 1666 Palaestinae
2471 1611 2686 1675 limites,
2710 1618 2800 1662 aut
2830 1609 3040 1679 longius
3061 1625 3089 1662 a
3113 1607 3396 1663 Palazstina

1871 1703 2132 1772 degebant
2177 1701 2367 1766 Judaei,
2417 1710 2678 1771 praecepta
2725 1702 2858 1770 legis
2903 1701 3157 1770 perlicere
3208 1699 3397 1767 nequi-

1873 1793 2037 1854 bant;
2067 1800 2273 1846 tantum
2305 1793 2478 1856 abest,
2510 1800 2568 1846 ut
2611 1793 2863 1846 omnibus
2909 1791 3157 1860 gentibus
3185 1798 3237 1843 et
3263 1789 3392 1842 ulti-

240 1885 275 1935 δὲ
293 1885 390 1936 τίνα
413 1883 610 1953 τρόπον
634 1884 664 1935 ὁ
693 1884 871 1947 αὐτὸς
918 1885 1082 1938 πάλιν
1115 1885 1402 1955 νομοθέτης
1425 1885 1521 1956 τὴν
1551 1887 1656 1939 ἀπὸ
1683 1886 1763 1938 λέ-

1871 1895 1984 1934 mas
2016 1891 2188 1936 terras
2234 1881 2592 1936 incolentibus
2638 1881 2751 1934 haec
2805 1881 3036 1950 potuerit
3077 1891 3392 1948 congruere.

235 1986 320 2038 κως
363 1972 595 2038 γυναῖκα
641 1969 906 2040 άπαντᾷν
964 1971 1308 2042 προστάττει,
1343 1973 1436 2024 καὶ
1481 1973 1666 2036 θυσίας
1697 1974 1772 2044 τῷ

229 2060 308 2130 Θεῷ
327 2061 679 2132 προσφέρειν,
706 2062 892 2130 λέγων
923 2062 1122 2126 οὕτως·
1159 2082 1179 2114 ‹
1205 2065 1312 2117 Καὶ
1328 2065 1548 2134 ὲλάλησε
1574 2065 1772 2132 Κύριος

225 2151 321 2218 πρὸς
359 2152 628 2220 Μωῦσῆν,
671 2149 890 2220 λέγων’
934 2153 1177 2222 Λάλησον
1222 2156 1329 2216 τοῖς
1357 2155 1488 2217 υἱοῖς
1539 2155 1768 2225 Ἰσραὴλ,

219 2241 440 2310 ισὶὲρεῖς
470 2241 847 2310 πρὸςιαίηούς
867 2259 880 2271 ο
915 2241 1058 2311 Γυνὴ
1097 2243 1215 2312 ἥτις
1240 2240 1333 2293 ἐὰν
1375 2245 1767 2315 σπερματισθῇ,

215 2326 428 2396 καὶτέκη
468 2327 668 2396 ἄρσεν,
720 2327 1040 2395 ἀκάθαρτος
1092 2327 1240 2380 ἔσται
1291 2329 1428 2381 ἑπτὰ
1478 2330 1704 2400 ἡμέρας.
1745 2351 1763 2383 ›

211 2410 316 2468 Εἶτα
344 2415 549 2484 μεταξύ
592 2433 722 2469 τινα
759 2416 955 2480 εἰπὼν,
979 2419 1254 2488 ἐπιφέρει·
1295 2437 1314 2468 ι
1352 2419 1459 2470 Καὶ
1487 2420 1611 2472 ὅταν
1638 2421 1770 2492 πλη-

209 2505 427 2571 ρωθῶσιν
448 2509 502 2559 αἱ
537 2506 759 2576 ἡμέραι
799 2505 1120 2576 καθάρσεως
1164 2507 1330 2576 αὐτῆς
1363 2509 1448 2574 ἐφ’
1481 2508 1578 2577 υἱῷ
1609 2508 1642 2578 ἢ
1679 2510 1768 2562 ἐπὶ

203 2593 430 2665 θυγατρὶ,
467 2597 768 2666 προσοίσει
795 2596 966 2665 ἀμνὸν
986 2597 1251 2649 ἐνιαύσιον
1273 2599 1352 2660 είς
1383 2597 1764 2664 όλοκάρπωμα,

202 2683 275 2736 καὶ
303 2683 530 2735 νεοσσὸν
597 2685 940 2755 περιστερᾶς
976 2684 1009 2753 ἢ
1055 2685 1286 2753 τρυγόνα
1316 2686 1444 2754 περὶ
1479 2686 1764 2755 ἁμαρτίας,

200 2772 273 2824 ἰπὶ
305 2775 410 2842 τὴν
437 2773 619 2842 θύραν
657 2775 762 2843 τῆς
799 2774 1003 2843 σκηνῆς
1031 2774 1123 2826 τοῦ
1157 2775 1470 2844 μαρτυρίου.
1499 2775 1640 2844 Πρὸς
1675 2775 1766 2827 τὸν

201 2862 332 2930 ἱερέα
362 2863 653 2930 προσοίσει
681 2863 828 2914 αὐτὰ
867 2863 1044 2914 ἔναντι
1075 2863 1300 2932 Κυρίου.
1335 2865 1443 2916 Καὶ
1470 2863 1764 2928 ὲξιλάσεται

200 2953 312 3020 περὶ
329 2953 505 3022 αὐτῆς
524 2955 554 3004 ὁ
587 2954 798 3022 ἱερεὺς,
835 2953 929 3006 καὶ
961 2953 1211 3023 καθαριεῖ
1231 2953 1394 3023 αὐτὴν
1421 2954 1526 3007 ἀπὸ
1543 2956 1640 3026 τῆς
1666 2972 1766 3025 πη-

198 3041 286 3108 τῆς
323 3042 422 3094 τοῦ
458 3043 697 3110 αἵματος
740 3041 934 3109 αὐτῆς.
980 3035 1147 3104 Οὗτος
1177 3043 1205 3093 ό
1230 3043 1387 3112 νόμος
1428 3044 1524 3112 τῆς
1555 3043 1765 3098 τικτού-

198 3144 285 3198 σης
306 3132 476 3200 ἄρσεν
513 3132 548 3201 ἢ
596 3130 760 3198 θῆλυ.
794 3149 812 3179 ι
853 3131 972 3182 Ἔτι
1004 3130 1139 3200 πρὸς
1165 3129 1372 3192 τούτοις
1407 3131 1435 3182 ό
1464 3131 1622 3194 αὐτὸς
1670 3132 1762 3186 καὶ

196 3219 272 3268 τὸν
296 3220 412 3271 ἀπὸ
443 3221 650 3289 κήδους
704 3219 803 3271 καὶ
837 3219 1047 3288 νεκρῶν
1095 3220 1306 3290 ἐπαφῆς
1346 3221 1664 3290 προστάττει
1691 3221 1764 3298 μὴ

193 3309 366 3370 ἄλλως
392 3307 766 3378 καθαίρεσθαι
800 3307 834 3376 ἢ
873 3306 962 3360 διά
994 3324 1136 3370 τινος
1170 3307 1360 3360 σποδοῦ
1383 3309 1658 3378 δαμάλεως
1681 3311 1764 3378 ἐφ’

192 3397 339 3461 ὅλαις
384 3399 622 3469 ἡμέραις
659 3397 826 3458 ἑπτὰ,
870 3397 978 3449 τῶν
1004 3397 1245 3466 συνήθων
1282 3399 1606 3452 ἀποστάντα.
1659 3399 1764 3452 Λέ-

191 3501 273 3551 γει
306 3487 456 3553 γοῦν·
484 3487 642 3540 (Καὶ
675 3485 831 3537 ἔσται
851 3488 962 3547 τοῖς
987 3488 1120 3548 υἱοῖς
1147 3486 1358 3555 Ἰσραὴλ
1389 3487 1605 3549 καὶτοῖς
1628 3503 1762 3558 προ-

192 3578 463 3646 κειμένοις
509 3576 883 3647 προσηλύτοις
909 3576 966 3627 ὲν
1006 3574 1152 3644 μέσῳ
1183 3576 1356 3626 αὐτῶν
1388 3576 1610 3645 νόμιμον
1639 3575 1767 3628 αἰώ-

189 3682 328 3720 νιον.
375 3668 427 3720 '0
449 3668 764 3736 ἁπτόμενος
791 3665 886 3718 τοῦ
920 3664 1236 3734 τεθνηκότος
1269 3665 1447 3733 πάσης
1471 3665 1645 3733 ψυχῆς
1676 3666 1767 3718 ἀν-

188 3753 410 3824 θρώπου
455 3755 778 3824 ἀκάθαρτος
812 3752 995 3805 ἔσται·
1031 3751 1168 3804 ἑπτὰ
1189 3751 1420 3821 ἡμέραις
1450 3750 1766 3820 άγνισθήσε-

188 3858 311 3894 ται·
348 3847 409 3913 τῇ
445 3845 632 3915 ἡμέρα
671 3845 740 3912 τῇ
784 3841 942 3914 τρίτῃ
973 3842 1068 3894 καὶ
1098 3844 1162 3911 τῇ
1197 3840 1395 3910 ἑϐδόμῃ
1439 3839 1763 3912 καθαρισθή-

192 3950 366 3985 σεται.
404 3918 530 3987 Ἐάν
555 3935 614 3986 δὲ
648 3934 725 4002 μὴ
761 3930 1066 4000 άφαγνισθῇ
1094 3933 1158 4000 τῇ
1189 3930 1368 4000 ἡμέρᾳ
1393 3932 1457 3999 τῇ
1485 3929 1639 4000 τρίτῃ
1671 3931 1764 3983 καὶ

190 4023 254 4090 τῇ
286 4022 516 4094 ἐεδόμῃ,
545 4021 608 4075 οὐ
656 4019 899 4090 καθαρὸς
949 4019 1120 4072 ἔσται.
1145 4019 1306 4079 Πᾶςό
1344 4018 1638 4087 ἁπτόμενος
1669 4017 1762 4070 τοῦ

191 4105 515 4179 τεθνηκότος
551 4109 664 4162 ἀπὸ
694 4108 872 4177 ψυχῆς
921 4105 1228 4176 ἀνθρώπου,
1259 4106 1353 4158 ἐὰν
1396 4106 1640 4177 ἀποθάνῃ
1670 4106 1760 4158 καὶ

197 4199 270 4264 μὴ
298 4199 548 4267 άγνισθῇ,
586 4198 688 4267 τὴν
733 4198 937 4266 σκηνὴν
972 4196 1065 4248 τοῦ
1100 4196 1390 4265 μαρτυρίου
1433 4195 1526 4247 τοῦ
1551 4183 1748 4265 Κυρίου

197 4285 432 4352 ἐμίανεν.
493 4285 912 4354 Ἐκτριὸήσεται
959 4287 992 4354 ἡ
1035 4284 1178 4352 ψυχὴ
1219 4282 1396 4351 ἐκείνη
1429 4282 1485 4347 ἐξ
1529 4283 1757 4352 Ἰσραὴλ,

200 4374 278 4425 ὅτι
321 4375 464 4446 ῦδωρ
525 4374 828 4445 ῥαντισμοῦ
866 4375 927 4426 οὗ
976 4371 1424 4442 περιερραντίσθη
1455 4373 1537 4423 ἐπ’
1563 4370 1755 4425 αὐτόν’

1789 3172 1836 3234 C

1869 1971 2009 2024 Audi
2057 1987 2216 2040 porro
2255 1971 2524 2040 quomodo
2570 1971 2708 2025 idem
2752 1986 2946 2024 rursus
2971 1970 3241 2040 legislator
3270 1984 3393 2021 mu-

1869 2061 2052 2115 lierem
2084 2077 2112 2113 a
2139 2061 2419 2129 puerperio
2451 2061 2704 2115 accedere
2731 2067 2783 2115 et
2819 2061 3140 2113 sacriﬁciqu
3171 2058 3280 2112 Deo
3310 2058 3396 2114 of-

1868 2149 2008 2204 ferre
2029 2151 2234 2218 jubeat,
2254 2166 2375 2204 cum
2399 2152 2472 2204 ait
2499 2151 2540 2182 ⁸³
2565 2169 2580 2205 :
2617 2170 2635 2201 ι
2666 2149 3004 2218 Locutusque
3030 2157 3113 2204 est
3138 2149 3395 2202 Dominus

1869 2240 1936 2293 ad
1968 2239 2149 2293 Mosen
2179 2247 2231 2293 et
2261 2240 2394 2293 dixit
2427 2259 2441 2294 :
2473 2239 2716 2308 Loquere
2746 2239 2868 2293 ﬁliis
2889 2239 3052 2294 Israel
3079 2249 3130 2292 et
3157 2239 3304 2292 dices
3326 2238 3394 2291 ad

1867 2343 1958 2383 eos
1992 2348 2004 2381 :
2042 2328 2229 2382 Mulier
2257 2343 2586 2397 quaecunque
2611 2328 2913 2396 conceperit
2944 2342 3124 2382 semen
3153 2333 3206 2380 et
3234 2340 3396 2395 pepe-

1867 2419 2003 2472 rerit
2060 2420 2378 2483 masculum,
2431 2419 2703 2472 immunda
2759 2420 2860 2472 erit
2913 2426 3113 2487 septem
3163 2416 3298 2471 dies.
3366 2435 3387 2467 ι

1865 2505 2066 2560 Deinde
2088 2508 2386 2576 interjectis
2411 2508 2682 2562 nonnullis
2703 2508 2976 2575 subjungit
3006 2505 3046 2538 “
3076 2523 3090 2559 :
3119 2524 3138 2556 ‹
3176 2505 3240 2557 Et
3268 2519 3392 2558 cum

1865 2594 2067 2664 impleti
2093 2595 2285 2649 fuerint
2315 2595 2429 2649 dies
2459 2595 2848 2664 puriﬁcatiouis
2881 2595 3017 2663 ejus,
3043 2609 3140 2663 pro
3170 2593 3278 2647 ﬁlio
3299 2599 3393 2646 aut

1843 2699 1962 2752 pro
1983 2685 2107 2750 ﬁlia,
2149 2685 2333 2740 oﬂeret
2360 2701 2551 2756 agnum
2579 2686 2882 2739 anniculum
2913 2685 2968 2738 in
2998 2684 3388 2747 holocaustum,

1862 2781 1917 2828 et
1957 2775 2158 2843 pullum
2195 2776 2475 2840 columba),
2508 2785 2598 2830 aut
2627 2773 2890 2830 turturem
2937 2790 3034 2844 pro
3066 2783 3286 2845 peccato
3321 2775 3390 2828 ad

1863 2861 2100 2915 hostium
2129 2863 2461 2918 tabernaculi
2491 2865 2806 2919 testimonii.
2837 2863 2918 2918 Ad
2957 2863 3285 2918 sacerdotem
3309 2863 3392 2916 of-

1863 2949 1998 3005 feret
2025 2967 2087 3006 ea
2114 2961 2240 3007 ante
2268 2953 2572 3010 Dominum.
2607 2954 2672 3006 Et
2695 2955 2937 3008 exorabit
2961 2968 3058 3022 pro
3097 2969 3161 3007 ea
3205 2968 3389 3008 sacer-

1863 3043 1979 3108 dos,
2003 3050 2058 3096 et
2086 3042 2389 3110 puriﬁeahit
2410 3059 2526 3098 eam
2555 3058 2584 3096 a
2615 3043 2760 3097 fonte
2792 3043 3066 3112 sanguinis
3101 3040 3238 3110 ejus.
3267 3039 3391 3094 Haec

1862 3138 1944 3186 est
1971 3132 2055 3186 lex
2084 3133 2338 3200 parientis
2359 3134 2653 3187 masculum
2682 3140 2734 3188 et
2762 3133 3032 3188 feminam.
3072 3152 3090 3184 ›
3129 3131 3389 3186 Praeterea

1864 3221 2003 3274 idem
2029 3223 2450 3276 contaminatum
2499 3239 2566 3278 ex
2593 3223 2778 3278 funere
2803 3230 2856 3277 et
2893 3229 3141 3276 contactu
3171 3222 3390 3288 mortui,

1861 3310 2101 3380 praecipit
2129 3327 2234 3365 non
2250 3313 2354 3366 alio
2373 3313 2532 3366 modo
2553 3313 2822 3381 puriﬁcari
2851 3327 3008 3381 quam
3037 3327 3130 3386 per
3153 3313 3388 3364 cinerem

1857 3397 2122 3466 juvenem,
2158 3399 2347 3454 diebus
2379 3402 2599 3468 integris
2629 3408 2851 3469 septem,
2897 3403 3229 3470 negotiisque
3255 3415 3388 3454 con-

1863 3485 2032 3540 suetis
2061 3487 2348 3542 ahstinere.
2379 3489 2468 3540 Ait
2491 3489 2652 3557 igitur
2676 3489 2719 3519 ¹⁸
2751 3506 2764 3542 :
2802 3506 2820 3538 ι
2850 3487 2916 3541 Et
2943 3489 3044 3541 erit
3076 3487 3198 3540 ﬁliis
3221 3486 3389 3540 Israel

1862 3582 1915 3628 et
1964 3577 2246 3644 proselytis
2298 3577 2674 3631 accedentibus
2708 3577 2762 3629 in
2793 3577 2966 3629 medio
3000 3590 3183 3629 eorum
3215 3576 3390 3644 legiti-

1862 3679 2010 3717 mum
2042 3671 2320 3718 aeternum.
2350 3663 2454 3730 Qui
2492 3665 2725 3734 tetigerit
2755 3665 2982 3718 cadaver
3009 3664 3241 3719 hominis
3291 3678 3388 3718 eu-

1857 3749 2056 3818 jusque
2088 3752 2266 3804 anima
2287 3759 2530 3813 exutum,
2561 3749 2869 3804 immundus
2893 3750 2996 3804 erit
3033 3759 3234 3819 septem
3267 3750 3386 3805 die-

1861 3841 1962 3895 bus
1999 3858 2012 3893 :
2044 3839 2416 3908 puriﬁcabitur
2467 3839 2553 3893 die
2599 3839 2756 3893 tertio
2809 3847 2864 3892 et
2911 3839 2996 3893 die
3042 3839 3286 3907 septimo,
3333 3847 3388 3894 et

1860 3933 2092 3986 mundus
2139 3931 2262 3986 erit.
2319 3930 2376 3984 Si
2427 3945 2554 3986 vero
2591 3944 2697 3984 non
2750 3928 2909 3983 fuerit
2963 3929 3274 3997 puriﬁcatus
3299 3929 3388 3984 die

1860 4021 2018 4076 tertio
2042 4029 2093 4074 et
2120 4020 2205 4074 die
2232 4019 2478 4089 septimo,
2515 4033 2621 4072 non
2653 4019 2756 4073 erit
2784 4017 3033 4071 mundus.
3083 4016 3272 4072 Omnis
3292 4017 3385 4086 qui

1859 4110 2087 4179 tetigerit
2119 4110 2345 4163 cadaver
2389 4109 2621 4163 hominis
2667 4109 2863 4162 mortui
2915 4108 3094 4160 anima
3143 4116 3383 4171 exutum,

1861 4209 1915 4254 et
1975 4215 2079 4253 non
2129 4199 2288 4252 fuerit
2345 4199 2678 4267 puriﬁcatus,
2731 4199 3134 4252 tabernaculum
3174 4195 3384 4251 Domini

1852 4287 2065 4356 polluit.
2096 4285 2544 4339 Exterminahitur
2574 4285 2750 4337 anima
2793 4286 2881 4337 illa
2927 4301 2992 4338 ex
3035 4284 3216 4347 Israel,
3249 4297 3386 4353 quo-

1867 4379 2007 4431 niam
2053 4391 2190 4446 aqua
2227 4376 2549 4444 aspersiouis
2581 4391 2685 4429 non
2725 4377 3145 4442 eireumaspersa
3177 4382 3260 4428 est
3293 4389 3386 4429 su-

204 4464 501 4533 ἁκάθαρτός
525 4467 699 4524 ἔστιν,
738 4463 1048 4532 ἀκαθαρσία
1084 4462 1167 4512 ἐπ’
1195 4461 1338 4530 αὑτῴ
1361 4460 1527 4511 ἔσται.
1551 4460 1653 4512 Καὶ
1673 4453 1760 4513 οῦ-

1864 4483 1954 4537 per
1979 4482 2097 4520 eum
2130 4483 2142 4518 :
2178 4465 2484 4518 immundus
2516 4476 2627 4530 est;
2674 4463 3009 4518 immunditia
3055 4477 3213 4532 super
3260 4478 3383 4517 eum

208 4569 291 4614 τας
313 4558 339 4608 ό
382 4557 566 4624 νόμος.
613 4555 933 4624 Ἀνθρωπος
980 4551 1072 4603 ἐὰν
1099 4552 1336 4620 ἀποθάνῃ
1375 4552 1432 4602 ὲν
1461 4550 1622 4619 οἰκίᾳ,
1653 4551 1758 4612 πᾶς

223 4646 648 4718 εἰσπορευόμενος
695 4647 774 4708 είς
809 4644 908 4714 τὴν
936 4644 1130 4706 οἰκίαν,
1163 4643 1255 4694 καὶ
1286 4642 1461 4694 πάντα
1497 4642 1594 4693 ὅσα
1613 4641 1757 4692 ἐστὶν

228 4733 527 4806 ὲντῇοίκίᾳ,
563 4735 854 4804 ἀκάθαρτά
895 4735 1039 4785 ἐστιν
1077 4733 1213 4785 ἑπτά
1247 4732 1476 4801 ἡμέρας.
1505 4732 1622 4796 ,Καὶ
1652 4733 1756 4784 πᾶν

231 4824 392 4886 σκεῦος
444 4824 813 4893 ἀνεῳγμένον,
857 4824 956 4877 ὅσα
1004 4823 1122 4890 οὐχὶ
1161 4819 1342 4889 δεσμῷ
1393 4819 1754 4884 καταδέδεται,

48 4927 68 5018 ι
231 4911 480 4984 ἀκάθαρτα
510 4914 684 4965 ἔσται.
726 4913 834 4964 Καὶ
871 4913 978 4973 πᾶς
1014 4911 1072 4973 ὃς
1124 4911 1189 4963 ἂν
1231 4910 1433 4979 ἅψηται
1463 4911 1552 4962 ἐπὶ
1594 4913 1758 4982 πρόσ-

234 5017 355 5053 ωπον
377 5003 465 5056 τοῦ
498 5004 681 5056 πεδίου
723 5002 1054 5077 τραυματίου
1095 5000 1384 5071 ῥομφαίας,
1415 4999 1447 5067 ἢ
1474 5003 1682 5071 νεκροῦ,
1722 5001 1754 5072 ἢ

237 5091 389 5146 ὀστέου
444 5094 872 5165 άνθρωπίνου,ἢ
922 5095 1217 5163 μνήματος,
1272 5087 1756 5159 ἁκάθαρτός·ἐστιν

239 5177 348 5230 ἔπι-ἐι
383 5183 606 5252 ἡμέρας.
642 5181 751 5234 Καὶ
787 5180 1045 5251 λήψονται
1085 5178 1162 5246 τῷ
1207 5173 1498 5243 ἀκαθάρτῳ
1523 5177 1630 5229 ἀπὸ
1663 5179 1758 5247 τῆς

244 5269 424 5332 σποδιῄ
454 5273 547 5340 τῆς
597 5269 1085 5339 κατακεκαυμένης
1110 5265 1197 5317 τοῦ
1227 5263 1509 5330 ἁγνισμοῦ,
1541 5269 1639 5318 καὶ
1667 5271 1758 5320 ἐκ·

244 5358 412 5423 χέουσιν
438 5361 602 5432 αὐτὴν
625 5363 708 5422 εἰς
728 5359 919 5421 σκεῦος
960 5357 1056 5425 (2),
1085 5356 1174 5407 καὶ
1200 5353 1455 5422 λήψονται
1487 5353 1754 5409 ὕσσωπον·

247 5449 312 5498 m‘:
335 5449 476 5518 βάψει
514 5451 657 5521 ἀνὴρ
703 5448 962 5517 καθαρὸς,
1003 5446 1092 5499 καὶ
1118 5441 1435 5511 περιρῤανεῖ
1457 5443 1544 5493 ἐπὶ
1569 5443 1663 5496 τὸν
1687 5442 1762 5497 οἷ-

66 5465 84 5562 ἰ

1859 4560 1980 4611 erit.
2017 4557 2080 4608 Et
2113 4556 2224 4609 haec
2266 4563 2346 4609 est
2403 4556 2506 4609 lex.
2557 4554 2725 4608 lIomo
2765 4556 2810 4608 si
2859 4562 3102 4606 mortuus
3137 4552 3296 4606 l‘uerit
3327 4550 3382 4602 in

1859 4645 2038 4706 domo,
2071 4645 2246 4698 omnis
2272 4643 2572 4712 ingrediens
2605 4643 2657 4694 in
2684 4643 2923 4706 domum,
2962 4648 3014 4695 et
3059 4641 3233 4694 omnia
3266 4651 3384 4706 qua:

1859 4743 1984 4791 sunt
2015 4735 2069 4788 in
2098 4733 2275 4797 domo,
2329 4733 2601 4786 immunda
2649 4740 2772 4786 sunt
2819 4738 3020 4798 septem
3070 4729 3276 4781 diebus.
3316 4725 3382 4776 Et

1860 4841 2016 4879 omne
2050 4839 2141 4877 vas
2166 4830 2428 4891 apertum,
2461 4836 2788 4890 quacunque
2826 4835 2930 4873 non
2964 4817 3174 4870 vinculo
3212 4815 3381 4884 (oper-

1861 4916 1986 4984 culi)
2015 4915 2224 4982 alligata
2250 4921 2394 4977 sunt,
2423 4913 2693 4966 immunda
2720 4917 2896 4965 erunt.
2930 4908 2994 4960 Et
3017 4905 3189 4960 omnis
3208 4904 3299 4972 qui
3325 4903 3382 4960 in

1861 5019 1988 5073 agro
2019 5003 2251 5072 tetigerit
2278 5002 2516 5055 occisum
2545 5000 2720 5070 gladio
2762 4996 3093 5056 vulneribus,
3133 4993 3214 5047 vel
3238 5008 3385 5048 mor-

1860 5099 2030 5155 tuum,
2059 5091 2141 5144 vel
2171 5105 2352 5142 ossum
2399 5089 2628 5142 hominis
2658 5093 2748 5137 aut
2777 5084 3114 5150 sepulcrum;
3146 5081 3382 5136 immun.

1861 5179 1961 5232 dus
1993 5177 2093 5230 erit
2121 5177 2306 5229 diebus
2348 5183 2569 5243 septem.
2608 5172 2671 5223 Et
2702 5177 2912 5223 sument
2951 5183 3046 5237 pro
3085 5169 3379 5233 immundo,

1861 5269 1927 5322 de
1957 5267 2135 5320 cinere
2156 5265 2443 5320 combusta:
2486 5260 2752 5332 (juvenem)
2795 5260 3198 5329 puriﬁcationis,
3229 5260 3384 5313 et-ef-
3408 5245 3424 5258 ⁶

1864 5357 2086 5410 fundent
2115 5371 2234 5408 eum
2260 5355 2312 5406 in
2335 5370 2446 5416 vas,
2473 5360 2526 5405 et
2558 5357 2770 5404 sument
2797 5350 3107 5420 hyssopum,
3138 5356 3191 5400 et
3215 5348 3384 5415 tinget

1862 5447 1944 5499 vir
1970 5459 2137 5514 purus
2165 5451 2218 5497 et
2253 5443 2696 5511 eireumasperget
2724 5456 2884 5510 super
2905 5440 3120 5494 domum
3146 5443 3198 5489 et
3223 5451 3385 5504 super

66 5615 72 5648 ι
287 5605 321 5634 ιι
353 5605 514 5662 Lam,
557 5622 660 5670 ιιι,
730 5602 784 5662 1,
825 5599 880 5650 2.
959 5598 999 5626 “
1034 5593 1160 5667 Ibid.
1201 5587 1254 5649 6,
1302 5585 1353 5654 7.
1427 5589 1466 5620 ³⁸
1494 5591 1674 5648 Num.
1715 5611 1763 5648 xl

1866 5592 1987 5664 0-21
1999 5631 2014 5648 .

66 5669 74 5722 ᾗ

49 5723 68 5818 ί
270 5745 330 5809 (2)
355 5746 475 5813 [οε.
499 5744 800 5812 ἐκχέουσιν
828 5735 914 5788 ἐπ’
937 5729 1091 5803 αὐτὴν
1114 5726 1249 5792 ὕδωρ
1280 5721 1386 5784 ξῶν
1414 5728 1482 5787 εις
1521 5730 1747 5800 σκεῦος,

1865 5734 2119 5803 effundent
2140 5748 2288 5800 super
2307 5749 2418 5786 cum
2442 5731 2712 5802 (cinerem)
2731 5748 2912 5802 aquam
2933 5729 3170 5782 virentem
3193 5725 3244 5773 in
3278 5742 3381 5777 ras.
