3870 6310
699 369 759 426 31

1313 367 1577 424 EUSEBII
1611 368 2082 428 CA‘JSARlENSlS
2117 371 2263 426 OPP.
2305 371 2488 426 PARS
2527 373 2670 426 ll.—-
2703 370 3194 429 APOLOGETICA.

698 501 824 541 vasa
849 495 900 540 et
926 499 1085 554 super
1113 487 1320 540 animas
1343 495 1604 556 quotquot
1636 485 1834 546 fuerint
1865 488 1958 550 ibi,
1990 496 2042 541 et
2065 504 2185 557 supr

2255 493 2294 548 Α
2323 505 2436 549 κον,
2467 488 2558 539 καὶ
2608 484 2674 536 τὰ
2735 488 2920 557 σκεύη,
2953 490 3045 542 καὶ
3087 488 3184 550 τὰς
3215 486 3407 555 ψυχὰς,
3445 486 3558 538 ὅσοι
3603 486 3693 538 ἐὰν

697 589 815 628 eum
847 574 937 643 qui
965 574 1138 642 tetigit
1176 591 1356 630 ossum
1394 579 1647 640 hominis,
1695 586 1786 631 aut
1819 583 2055 633 occisum
2098 581 2216 632 vul-

699 683 858 728 nere,
907 672 998 719 aut
1054 674 1342 729 mortuum,
1386 676 1477 722 aut
1528 669 1851 738 sepulcrum.
1888 671 1952 722 Et
1996 673 2221 727 circum-

697 761 938 826 .isperget
959 756 1189 812 mundus
1210 775 1369 827 super
1398 759 1730 814 immundum
1758 762 1845 816 die
1867 765 2029 818 tertio
2049 773 2100 818 et
2131 767 2217 821 die

695 843 921 909 septimo
971 861 985 897 :
1036 851 1090 897 et
1147 846 1340 901 lavabit
1388 847 1701 901 vestimenta
1754 865 1873 912 sua,
1923 861 1974 904 et
2022 867 2218 920 corpus

694 947 847 986 suum
877 933 1071 988 lavabit
1103 949 1260 1004 aqua,
1298 943 1350 989 et
1400 938 1644 1005 impurus
1674 940 1775 992 erit
1814 957 1988 1010 usque
2011 943 2077 996 ad
2121 959 2213 996 ve-

691 1035 921 1087 speram.
953 1022 1016 1084 Et
1037 1024 1195 1078 homo
1209 1025 1619 1094 quiinquinatus
1644 1028 1824 1095 fuerit,
1849 1040 1901 1084 et
1923 1047 2028 1085 non
2056 1033 2214 1087 fuerit

689 1114 1020 1180 purificatus,
1054 1117 1496 1171 exterminabitur
1549 1119 1725 1172 anima
1770 1120 1858 1173 illa
1889 1138 1955 1175 ex
1983 1138 2214 1192 synago-

687 1217 771 1270 ga,
827 1207 1077 1272 quoniam
1107 1220 1244 1273 aqua
1293 1209 1618 1276 aspersionis
1654 1226 1756 1264 non
1787 1212 2212 1281 circumaspersa

685 1299 768 1346 est
797 1309 959 1362 super
985 1310 1130 1348 eum.
1164 1295 1227 1348 Et
1258 1299 1360 1351 erit
1386 1299 1537 1352 vobis
1569 1301 1860 1368 legitimum
1917 1302 2017 1356 hoc
2067 1320 2210 1358 sem-

685 1382 947 1448 piternum
973 1385 1034 1436 “.
1072 1403 1089 1435 ι
1125 1385 1245 1439 llaec
1275 1387 1361 1440 ubi
1394 1389 1566 1443 sancit
1589 1389 1780 1450 Moses.
1808 1393 1964 1444 etiam
1993 1393 2208 1448 modum

683 1485 834 1537 aquae
862 1473 1192 1539 aspersionis
1216 1477 1535 1543 praescribit.
1563 1478 1721 1533 Jubet
1751 1482 1888 1534 enim
1916 1482 2205 1550 juvencam

681 1559 856 1612 rufam
889 1576 1006 1628 quae
1027 1578 1132 1616 non
1165 1564 1319 1618 habet
1350 1567 1401 1619 in
1433 1581 1491 1620 se
1533 1568 1738 1632 vitium,
1780 1570 2007 1624 cremari
2038 1579 2204 1624 totam

678 1649 822 1703 etde
847 1651 1028 1704 cinere
1072 1653 1188 1720 ejus
1233 1655 1462 1725 inspergi
1515 1672 1728 1726 aquam,
1777 1673 1881 1728 qua
1932 1661 2205 1728 purificari

676 1739 1064 1794 contaminatos
1092 1756 1120 1793 a
1153 1744 1378 1796 mortuis
1411 1753 1638 1812 Oportet.
1671 1747 1788 1810 Quo
1812 1758 1986 1802 autem
2012 1750 2064 1802 in
2087 1750 2204 1802 loco

677 1823 756 1879 fas
784 1827 854 1880 sit
878 1828 1160 1896 juvencam
1191 1836 1526 1896 comburere,
1549 1836 1628 1888 vel
1654 1837 1741 1889 ubi
1773 1852 2088 1906 puerperam
2121 1839 2205 1892 of-

673 1912 812 1969 ferre
860 1920 1142 1983 sacrificia,
1173 1930 1225 1974 et
1259 1923 1346 1976 ubi
1371 1932 1588 1978 caeteros
1618 1925 1730 1993 lege
1760 1929 2097 1997 praescriptos
2129 1929 2202 1980 ri-

671 2013 759 2060 tus
812 2009 962 2062 obire
1018 2010 1204 2064 deceat
1255 2020 1309 2066 et
1361 2015 1601 2082 exsequi,
1638 2017 1777 2082 quod
1814 2017 1915 2070 hoc
1948 2033 2053 2070 non
2088 2033 2204 2085 per-

670 2096 891 2150 missum
921 2100 991 2153 sit
1023 2100 1198 2155 facere
1230 2105 1534 2172 promiscue
1561 2107 1800 2174 quolibet
1847 2107 1900 2160 in
1930 2108 2070 2170 loco,
2105 2107 2199 2162 sed

668 2188 722 2240 ln
757 2204 864 2241 uno
898 2207 1053 2259 quem
1084 2194 1198 2260 ipse
1225 2195 1570 2262 determinat;
1621 2198 1959 2266 perspicuum
2005 2206 2088 2253 est
2133 2214 2198 2252 ex

670 2276 736 2331 iis
768 2296 884 2348 quas
922 2283 1035 2352 lege
1069 2286 1306 2354 praecipit
1337 2303 1457 2341 cum
1498 2288 1571 2340 ait
1616 2290 1655 2318 ”
1699 2307 1712 2344 :
1769 2307 1787 2339 ι
1826 2289 1888 2341 Ει
1915 2290 2016 2344 erit
2048 2290 2198 2344 locus

663 2384 1033 2440 quemcunque
1063 2374 1280 2443 elegerit
1309 2375 1563 2432 Dominus
1597 2377 1733 2432 Deus
1788 2388 1932 2442 tuus,
1967 2389 2022 2433 ut
2050 2384 2200 2434 invo-

665 2464 814 2510 cetur
843 2474 1036 2513 nomen
1067 2462 1182 2528 ejus
1213 2463 1306 2526 ibi,
1331 2465 1456 2518 illuc
1493 2466 1674 2519 feretis
1697 2468 1898 2530 omnia,
1944 2484 2062 2537 quae
2095 2487 2195 2539 ego

665 2547 857 2599 mando
887 2549 1040 2601 vobis
1079 2551 1254 2606 hodie.
1296 2572 1314 2603 ›
1351 2553 1482 2608 llinc
1509 2565 1762 2610 accurate
1789 2559 1877 2611 illa
1923 2575 2045 2612 cum
2094 2576 2191 2614 cx-

663 2635 947 2700 posuissel,
1002 2639 1280 2709 subiungit
1313 2643 1399 2696 "'z
1451 2661 1469 2694 ι
1523 2643 1751 2701 Attende
1798 2648 1893 2700 tibi
1947 2649 2072 2717 ipsi.
2123 2665 2192 2704 ne

663 2722 855 2777 offeras
906 2725 1330 2784 holocautomata
1377 2741 1489 2794 tua.
1538 2735 1845 2805 ubicunque
1893 2740 2189 2807 aspexeris,

662 2812 754 2864 sed
785 2813 836 2866 in
866 2815 981 2868 loco
1008 2834 1162 2885 quem
1201 2821 1453 2890 delegerit
1485 2823 1739 2880 Dominus
1786 2827 1924 2883 Deus
1963 2840 2104 2893 tuus,
2134 2831 2188 2884 in

661 2915 762 2952 una
801 2903 1074 2957 civitatum
1126 2915 1358 2972 tuarum,
1408 2909 1481 2962 ibi
1526 2911 1718 2967 offeres
1761 2914 2186 2971 holocautomata

655 2997 765 3052 tua,
799 3002 849 3046 et
884 2994 955 3046 ibi
982 2995 1144 3049 facies
1164 2999 1342 3051 omnia
1369 3015 1703 3072 quaecunque
1733 3021 1832 3069 ego
1873 3008 2067 3060 mando
2087 3010 2184 3079 tibi

656 3080 829 3134 hodie.
867 3101 885 3131 ι
918 3082 1077 3137 Addit
1110 3101 1268 3154 porro
1319 3089 1407 3142 ":
1457 3107 1476 3140 ι
1516 3089 1630 3144 Νοη
1677 3095 1878 3162 poteris
1931 3097 2074 3150 vesci
2129 3098 2182 3151 lu
2260 3142 2262 3145 .

2324 575 2455 635 ἐκεῖ,
2498 574 2588 630 καὶ
2623 575 2713 625 ἐπὶ
2739 574 2827 626 τὸν
2868 578 3102 646 ἡμμένον
3128 575 3216 628 τοῦ
3246 574 3430 627 ὀστέου
3462 574 3551 626 τοῦ
3583 575 3710 644 ἀνθρ

2322 681 2432 726 νου,
2455 665 2487 735 ἢ
2513 663 2604 715 τοῦ
2629 665 2978 732 τραυματίου,
3003 667 3036 734 ἢ
3059 666 3149 718 τοῦ
3175 665 3507 734 τεθνηκότος,
3534 664 3567 733 ἢ
3595 664 3684 715 τοῦ

2325 771 2507 823 ματος.
2547 755 2653 807 Kal.
2669 757 2977 825 περιρρανεῖ
3005 759 3032 808 6
3061 755 3290 826 καθαρὸς
3316 755 3408 806 ἐπὶ
3429 754 3518 806 τὸν
3555 755 3710 807 ἀκάθι

2320 846 2376 896 ἐν
2397 847 2461 914 τῇ
2498 844 2675 916 ἡμέρᾳ
2719 849 2782 913 τῇ
2813 847 2988 918 τρίτῃ,
3021 846 3111 898 καὶ
3131 848 3185 899 ἐν
3211 849 3276 914 τῇ
3317 845 3496 914 ἡμέρα
3537 847 3604 914 τῇ
3633 845 3710 896 ἐεέ

2319 933 2410 984 καὶ
2443 931 2719 985 πλυνεῖτὰ
2752 936 2935 1003 ἱμάτια
2967 934 3176 996 ἐαυτοῦ,
3207 935 3299 986 καὶ
3329 934 3572 991 λοῦσεται
3605 934 3665 985 τὸ
3699 951 3710 984 ι

2319 1017 2466 1072 ὕδατι
2490 1060 2505 1083 ,
2538 1021 2630 1073 καὶ
2674 1022 2974 1093 ἀκάθαρτος
3014 1023 3162 1076 ἔσται
3201 1025 3305 1086 ἓως
3349 1023 3600 1094 ἑσπέρας.
3627 1026 3710 1076 Κα

2317 1105 2526 1176 θρωπος
2553 1107 2646 1162 ἐὰν
2685 1111 2899 1181 μιανθῇ,
2934 1111 3026 1164 καὶ
3060 1111 3131 1182 μὴ
3182 1113 3500 1182 ἀφαγνισθῇ,
3550 1112 3710 1176 ἐξολοί

2317 1196 2532 1266 θήσεται
2571 1201 2603 1269 ἠ
2655 1201 2797 1270 ψυχὴ
2827 1202 3004 1271 ἐκείνη
3027 1204 3089 1254 ἐκ
3115 1202 3212 1270 τῆς
3243 1203 3578 1271 συναγωγῆς,
3602 1204 3680 1254 ὅτι

2315 1289 2602 1357 ῥαντισμοῦ
2638 1290 2697 1341 οὐ
2738 1291 3183 1361 περιερραντίσθη
3219 1291 3303 1343 ἐπ’
3333 1292 3510 1344 αὐτόν.
3548 1293 3657 1344 Kal
3702 1295 3712 1344 ί

2313 1378 2438 1448 ὑμῖν
2466 1379 2687 1449 νόμιμον
2713 1381 2939 1433 αἰώνιον.
2969 1401 2986 1432 ι
3009 1381 3188 1434 Ταῦτα
3209 1383 3445 1458 Μωῦσῆς
3471 1383 3712 1452 νομοθετί

2310 1467 2398 1520 τὸν
2424 1467 2616 1538 τρόπον
2661 1469 2750 1522 τοῦ
2781 1470 2966 1533 ὓδατος
3010 1472 3100 1524 τοῦ
3138 1472 3430 1541 ῥαντισμοῦ
3460 1474 3708 1526 ἐπεκδιδὰ

2309 1558 2533 1627 δάμαλιν
2575 1561 2783 1631 πυρρὰν
2813 1561 3034 1630 ἄμωμον
3050 1562 3465 1616 όλοκαυτοῦσθαι
3484 1567 3712 1634 προστάτ

2309 1647 2400 1700 καὶ
2425 1648 2530 1700 ἀπὸ
2554 1649 2653 1718 τῆς
2679 1650 2894 1712 σποδιᾶς
2933 1651 3098 1720 αὐτῆς
3124 1653 3485 1721 ἐμϐάλλεσθαι
3515 1655 3591 1724 τῷ
3620 1655 3712 1708 ῦδα

2307 1729 2366 1788 οὗ
2411 1738 2603 1807 χρῆναι
2643 1739 2990 1809 καθαίρεσθαι
3015 1743 3139 1803 τοὺς
3177 1743 3268 1794 ἐπὶ
3301 1743 3476 1813 νεκρῷ
3517 1747 3712 1814 μεμολυ

2233 1836 2275 1889 Β
2302 1844 2440 1889 νους.
2477 1827 2583 1879 Ποῦ
2636 1829 2692 1880 δέ
2749 1831 2851 1900 χρὴ
2884 1830 3306 1886 όλοκαυτοῦσθαι
3328 1833 3424 1902 τὴν
3456 1834 3699 1904 δάμαλιν,

2299 1917 2354 1968 δὲ
2382 1917 2474 1987 τὴν
2504 1920 2559 1970 ἐν
2595 1918 2736 1988 λέχει
2767 1921 3091 1991 προσφέρειν
3139 1923 3236 1986 τὰς
3287 1923 3495 1989 θυσίας,
3547 1926 3647 1978 ποῦ
3681 1928 3707 1980 δ

2298 2005 2455 2057 λοιπὰ
2478 2008 2679 2075 νόμιμα
2727 2009 3010 2069 συντελεῖν,
3039 2009 3119 2062 ὅτι
3148 2009 3223 2080 μὴ
3259 2012 3560 2085 ἀδιαφόρως
3593 2017 3650 2066 ἐν
3690 2034 3712 2067 7

2295 2097 2462 2167 τόπῳ,
2489 2097 2597 2148 ἀλλ’
2623 2100 2679 2149 ἐν
2713 2097 2854 2167 μόνῳ
2887 2098 2984 2158 ἐνὶ,
3018 2093 3060 2165 ᾧ
3087 2101 3249 2162 αὐτὸς
3276 2102 3538 2172 ἀφορίζει,
3573 2106 3712 2175 δῆλοι

2296 2176 2368 2235 ὧν
2413 2184 2685 2253 νομοθετεῖ
2725 2183 2923 2252 λέγων·
2967 2205 2995 2244 ι,
3022 2188 3132 2240 Kal.
3187 2188 3337 2241 ἔσται
3387 2193 3414 2242 6
3454 2191 3612 2253 τόπος
3652 2193 3707 2245 ὃν

2294 2272 2574 2339 ἐκλέξηται
2609 2273 2806 2343 Κύριος
2824 2277 2850 2327 6
2869 2275 2997 2338 Θεὸς
3023 2277 3197 2346 ὑμῶν,
3229 2280 3286 2330 ἐν
3313 2279 3457 2349 αὑτῷ
3489 2282 3710 2351 ὲπικληθ

2292 2362 2352 2414 τὸ
2377 2362 2545 2431 ὄνομα
2567 2363 2748 2421 αὑτοῦ,
2781 2366 2896 2416 ἐκεῖ
2929 2364 3100 2416 οἴσετε
3136 2367 3312 2419 πάντα
3342 2369 3443 2421 ὅσα
3469 2368 3577 2437 ἐγὼ
3607 2371 3714 2423 ἐντέ

2295 2469 2391 2521 μαι
2416 2453 2541 2519 ὑμῖν
2571 2453 2824 2523 σήμερον.
2851 2472 2870 2502 ι
2907 2455 3022 2517 Καὶ,
3037 2453 3403 2510 διαστέλλεται
3427 2459 3553 2526 ἑξῆς
3581 2461 3714 2531 ἀκριι

2289 2543 2584 2610 ἐπιλέγων·
2620 2561 2638 2592 ι
2676 2544 2910 2614 Πρόσεχε
2948 2546 3182 2616 σεαυτῷ,
3225 2550 3430 2618 μήποτε
3462 2552 3714 2624 ἀνενέγκας

2287 2632 2705 2703 ὁλοκαυτώματά
2737 2651 2851 2697 σου,
2890 2629 2950 2686 οῦ
2982 2635 3046 2688 ἂν
3083 2638 3220 2708 ἴδῃς,
3248 2639 3361 2692 ἀλλ’
3388 2641 3420 2710 ἢ
3462 2645 3540 2705 εις
3566 2644 3652 2695 τὸν
3677 2661 3714 2695 τι

2286 2723 2342 2776 ὃν
2368 2723 2458 2774 ἐὰν
2483 2723 2760 2792 ἐκλέξηται
2808 2724 3008 2794 Κύριος
3043 2728 3077 2778 6
3125 2727 3255 2790 Θεός
3303 2747 3393 2782 σου
3439 2732 3617 2797 αὑτὸν,
3654 2735 3708 2785 ἐν

2285 2811 2392 2864 τῶν
2422 2812 2622 2864 πόλεών
2650 2830 2761 2875 σου,
2793 2814 2906 2865 ἐκεῖ
2925 2814 3161 2880 ἀνοίσεις
3191 2818 3258 2871 τὰ
3285 2820 3696 2892 ὁλοκαυτώματα

2287 2903 2378 2956 καὶ
2409 2906 2521 2956 ἐκεῖ
2553 2906 2792 2973 ποιήσεις
2830 2906 3006 2958 πάντα
3045 2909 3153 2961 ὅσα
3182 2910 3491 2981 ἐντέλλομαι
3521 2915 3644 2981 ὑμῖν
3674 2929 3713 2964 σῖ

2290 2994 2398 3062 ρον.
2429 3012 2445 3043 ι
2477 2995 2582 3045 Καὶ
2632 2995 2946 3066 προστίθησι
2995 2995 3206 3065 λέγων’
3240 3017 3258 3050 ι
3291 3001 3362 3053 Οὐ
3418 3000 3614 3072 δυνήσῃ
3649 3019 3714 3070 φα

2285 3085 2340 3136 ἐν
2370 3084 2566 3145 πάσαις
2593 3087 2712 3146 ταῖς
2747 3084 2929 3138 πόλεσι
2959 3086 3018 3139 τὸ
3051 3089 3366 3143 ἐπιδέκατον
3399 3090 3491 3142 τοῦ
3541 3091 3682 3144 σίτου

652 3170 958 3225 civiatibus
993 3174 1099 3228 tuis
1128 3176 1451 3242 quibuslibet
1493 3181 1904 3237 decimatiouem
1930 3185 2182 3239 frumenti

2284 3174 2374 3225 καὶ
2401 3174 2490 3225 τοῦ
2509 3173 2648 3225 οἴνου
2683 3191 2795 3237 σου,
2824 3177 2917 3227 καὶ
2943 3177 3038 3229 τοῦ
3073 3179 3249 3231 ἐλαίου
3281 3196 3394 3241 σου,
3425 3179 3494 3232 τὰ
3519 3181 3716 3250 πρωτόπ

652 3260 749 3323 tui,
776 3276 873 3314 nec
901 3264 1007 3316 vini
1027 3266 1098 3316 tui
1125 3277 1216 3320 aut
1240 3269 1339 3322 olei
1365 3270 1438 3323 tui
1467 3289 1479 3324 :
1507 3271 1854 3342 priumgeuita
1875 3276 2032 3329 boum
2059 3283 2180 3329 tuo-

649 3363 768 3403 rum
801 3358 854 3404 et
883 3353 1060 3406 ovium
1089 3363 1322 3420 tuarum,
1353 3370 1403 3412 et
1435 3363 1612 3414 omnia
1651 3374 1774 3416 vota
1808 3371 1896 3417 tua
1926 3382 2181 3434 qumcun-

647 3455 752 3508 que
777 3443 1051 3503 voveritis,
1077 3453 1130 3497 et
1155 3447 1526 3504 confessiones
1557 3459 1766 3506 vestras
1818 3462 1872 3508 et
1917 3457 2180 3522 primitias

646 3544 901 3583 manuum
953 3545 1271 3591 vestrarum.
1327 3538 1429 3592 Sed
1482 3549 1605 3595 ante
1673 3542 1952 3598 Dominum
2012 3547 2177 3602 Deum

645 3626 795 3671 tuum
849 3624 1070 3677 comede
1115 3625 1204 3678 illa
1256 3627 1308 3680 in
1358 3628 1498 3693 loco,
1548 3647 1706 3699 quem
1763 3627 2019 3704 delegerit
2072 3638 2177 3692 Do-

645 3710 824 3762 minus
873 3709 1011 3765 Deus
1073 3721 1199 3768 tuus
1255 3717 1376 3779 sibi,
1424 3727 1477 3769 tu
1529 3727 1578 3772 et
1641 3721 1732 3773 filii
1783 3726 1882 3785 tui,
1936 3727 2040 3778 filia
2087 3736 2177 3781 tua

644 3805 698 3852 et
754 3812 940 3852 servus
1001 3809 1146 3864 tuus,
1199 3812 1358 3871 atque
1402 3809 1593 3861 ancilla
1643 3818 1732 3862 tua
1781 3821 1833 3865 et
1875 3818 2176 3884 prosel-ytus

645 3885 701 3938 in
755 3887 976 3940 urbibus
1023 3890 1150 3942 tuis.
1192 3910 1210 3942 ι
1265 3891 1465 3950 Deinde
1521 3899 1761 3952 oratione
1826 3917 2172 3970 progressus,

642 3973 784 4043 quod
813 3975 1012 4028 dictum
1041 3988 1124 4032 est
1143 3981 1441 4047 conﬁrmat,
1478 3985 1604 4038 dum
1633 3989 1711 4040 sic
1741 3989 1816 4040 ait
1842 4008 1854 4042 :
1888 4010 1907 4040 ι
1945 3990 2172 4048 Verum-

644 4071 819 4117 tamen
850 4075 1034 4119 sancta
1063 4077 1153 4122 tua
1181 4086 1300 4126 cum
1344 4073 1540 4128 fuerint
1569 4077 1684 4141 tibi,
1707 4087 1760 4131 et
1787 4094 1908 4132 cum
1937 4091 2056 4136 vota
2083 4095 2170 4140 tua

643 4158 963 4223 susceperis,
1013 4160 1192 4215 venies
1223 4163 1288 4215 ad
1335 4163 1506 4220 locum
1536 4184 1692 4237 quem
1732 4170 1949 4239 elegerit
1996 4173 2172 4230 Domi-

641 4255 744 4296 nus
802 4241 940 4300 Deus
983 4253 1114 4302 tuus
1164 4250 1264 4304 sibi
1289 4253 1352 4307 '°.
1385 4271 1404 4304 ι
1433 4254 1495 4308 Et
1549 4269 1736 4311 rursus
1784 4275 1798 4310 :
1844 4277 1863 4310 ‹
1903 4259 2166 4318 Decimam

638 4331 928 4388 decimabis
956 4337 1188 4393 universi
1225 4339 1361 4398 fetus
1388 4343 1607 4398 seminis
1630 4346 1736 4411 tui;
1765 4345 1927 4401 fetum
1957 4352 2067 4420 agri
2092 4354 2165 4406 tui

638 4424 926 4488 quotannis
944 4427 1189 4481 comedes
1229 4429 1400 4498 ipsum
1431 4433 1482 4485 in
1511 4443 1799 4503 conspectu
1836 4436 2043 4493 Domini
2073 4440 2164 4496 Dei

639 4510 737 4570 tui,
769 4523 834 4564 eo
867 4512 920 4564 in
945 4513 1063 4568 loco
1088 4533 1243 4585 quem
1272 4521 1493 4589 elegerit
1524 4522 1778 4581 Dominus
1803 4526 1941 4582 Deus
1958 4538 2082 4586 tuus
2098 4533 2164 4588 ad

637 4599 988 4655 lnvocandum
1018 4605 1069 4675 2
1100 4622 1292 4661 nomen
1347 4626 1501 4664 suum
1544 4613 1616 4668 ibi
1649 4616 1715 4670 ¹¹.
1763 4616 2027 4675 i.Deinde
2074 4625 2164 4678 ubi

635 4693 896 4758 reputavit
925 4695 1048 4761 quid
1086 4695 1260 4750 facere
1290 4710 1552 4767 oporteat,
1589 4704 1634 4757 si
1689 4706 1734 4759 is
1783 4707 1933 4763 locus
1962 4711 2028 4766 de
2057 4730 2164 4782 quo

633 4779 808 4846 agitur
859 4785 1114 4838 remotior
1163 4785 1342 4852 fuerit,
1389 4790 1598 4860 frugum
1657 4805 1832 4852 autem
1872 4779 2162 4869 proventus

633 4867 851 4932 multus,
885 4879 942 4922 ut
990 4873 1237 4928 videlicet
1285 4877 1443 4930 domo
1486 4879 1553 4935 ad
1601 4883 1772 4938 locum
1826 4867 1918 4942 Dei
1970 4891 2159 4946 aﬂ‘erre

631 4962 870 5020 oporteat
901 4975 1108 5018 annuos
1131 4965 1339 5022 fructus
1370 4973 1878 5038 saerilicationis,de
1913 4979 2012 5035 hoc
2033 4982 2156 5036 item

633 5041 768 5096 hanc
797 5053 1074 5106 constituit
1105 5055 1269 5126 legem
1302 5077 1314 5111 :
1346 5077 1366 5109 ‹
1404 5059 1458 5114 Si
1497 5079 1622 5117 vero
1669 5066 1823 5136 longe
1852 5084 1880 5121 a
1914 5077 1966 5124 te
1996 5071 2156 5126 fuerit

631 5132 732 5195 Via.
765 5147 934 5201 neque
976 5146 1149 5206 possis
1174 5161 1234 5200 ea
1265 5161 1665 5218 repraesentare,
1700 5168 1980 5226 propterea
2009 5163 2151 5222 quod

631 5221 785 5314 longe
826 5237 854 5274 a
900 5231 952 5277 te
1001 5227 1160 5314 fuerit
1216 5237 1384 5302 locus,
1411 5255 1565 5310 quem
1623 5221 1840 5314 elegerit
1896 5245 2151 5305 Dominus

630 5306 768 5362 Deus
797 5316 920 5364 tuus
959 5313 1023 5365 ad
1065 5306 1636 5383 invocandum‘nomen
1685 5306 1838 5384 suum
1876 5331 1946 5384 ibi
1983 5351 1995 5386 :
2027 5334 2155 5387 tibi-

628 5413 730 5464 que
757 5396 1084 5454 benedixerit
1117 5403 1370 5466 Dominus
1389 5415 1526 5472 Deus
1562 5427 1708 5483 tuus,
1739 5422 1935 5476 vendes
1965 5438 2024 5476 ea
2062 5440 2152 5476 ar-

628 5499 804 5560 gento,
833 5497 886 5544 et
913 5493 1090 5562 capies
1122 5512 1397 5570 argentum
1431 5509 1484 5562 in
1510 5527 1699 5569 manus
1722 5523 1860 5579 tuas,
1880 5522 1933 5569 et
1965 5515 2146 5569 venies

629 5603 1113 5735 xw.“2g.l1l;lixix,
1151 5615 1201 5670 2.
1331 5622 1372 5653 ’⁷
1411 5622 1559 5681 Deut.
1602 5644 1694 5693 xu,
1738 5631 1822 5687 11.

1930 5631 1972 5663 ¹⁸
2009 5629 2141 5686 Ibid.
2183 5631 2264 5695 15,
2309 5631 2390 5685 ιι.

2279 3263 2384 3317 τῶν
2443 3263 2577 3332 βοῶν
2624 3280 2736 3326 σου,
2780 3268 2873 3318 καὶ
2907 3267 3017 3321 τῶν
3065 3269 3348 3339 προϐάτων
3385 3287 3499 3336 σου,
3525 3273 3618 3324 καὶ
3655 3272 3716 3324 πέ

2278 3356 2374 3416 τὰς
2393 3357 2552 3424 εὐχάς
2585 3372 2674 3408 σου
2701 3358 2829 3419 ὅσας
2875 3358 2938 3410 ἂν
2995 3357 3242 3430 εῦξησθε,
3281 3360 3374 3412 καὶ
3407 3361 3506 3424 τὰς
3543 3362 3716 3430 όμολο·

2280 3445 2450 3514 ὑμῶν,
2507 3447 2598 3498 καὶ
2642 3446 2739 3510 τὰς
2771 3447 3020 3518 ἀπαρχὰς
3065 3450 3170 3502 τῶν
3199 3450 3395 3520 χειρῶν
3430 3451 3582 3520 ὑμῶν
3605 3468 3618 3481 ⁸
3647 3453 3712 3504 ἀλ

2279 3536 2510 3587 ἐναντίον
2522 3537 2720 3607 Κυρίου
2740 3537 2830 3589 τοῦ
2847 3538 2979 3590 Θεοῦ
3005 3556 3096 3592 σου
3120 3543 3265 3610 φαγῇ
3283 3541 3439 3604 αὐτὰ,
3455 3543 3510 3594 ἐν
3535 3536 3578 3610 ᾧ
3596 3543 3660 3596 ἃν
3683 3561 3715 3596 τι

2279 3625 2555 3694 ἐκλέξηται
2582 3627 2778 3696 Κύριος
2796 3629 2823 3678 6
2845 3628 2973 3689 Θεός
3000 3645 3092 3680 σου
3109 3629 3304 3699 ἐαυτῷ,
3330 3630 3392 3682 σὺ
3420 3631 3512 3683 καὶ
3531 3631 3576 3683 οξ
3595 3633 3716 3684 υἱοίι

2278 3717 2368 3766 καὶ
2401 3719 2431 3784 ὴ
2476 3715 2713 3785 θυγάτηρ
2738 3733 2850 3779 σου,
2882 3719 2911 3768 6
2939 3722 3072 3780 παῖς
3103 3736 3216 3781 σου,
3248 3721 3341 3773 καὶ
3373 3723 3406 3791 ἡ
3432 3721 3685 3791 παιδίσκη
3712 3749 3716 3768 ο

2277 3804 2421 3856 καλό
2457 3805 2781 3873 προσήλυτος
2825 3808 2852 3856 6
2897 3807 2953 3858 ἐν
2985 3811 3103 3869 ταῖς
3149 3810 3337 3861 πόλεσι
3385 3827 3495 3864 σου.
3542 3831 3560 3862 ι
3605 3813 3711 3864 Kal

2276 3890 2580 3961 προσελθὼν
2623 3892 3040 3958 ἐπασφαλίζεται
3084 3894 3175 3947 τὸν
3225 3895 3400 3964 λόγον,
3451 3900 3510 3951 ἐν
3551 3893 3596 3968 ᾧ
3632 3917 3716 3970 (pqr

2279 3998 2296 4030 ‹
2338 3979 2479 4048 Πλὴν
2511 3979 2576 4030 τὰ
2614 3978 2743 4046 ἅγιά
2774 3995 2864 4030 σου
2905 3979 2941 4031 ἃ
2970 3980 3036 4032 ἂν
3061 3982 3325 4049 γένωνται
3359 4003 3460 4050 σοι,
3500 3990 3594 4042 καὶ
3621 3992 3715 4054 τὰς

2272 4070 2370 4139 χάς
2401 4085 2489 4121 σου
2519 4067 2716 4130 λαϐὼν,
2747 4069 2891 4138 ⁴ἣξεις
2922 4071 3000 4133 εἰς
3033 4072 3123 4125 τὸν
3155 4074 3338 4140 τόπον,
3370 4077 3430 4131 ὃν
3461 4077 3526 4132 ἂν
3551 4081 3716 4144 ἐκλέξτ

2271 4159 2506 4228 Κύριοςό
2525 4159 2654 4220 Θεός
2679 4174 2770 4210 σου
2796 4159 2989 4228 ἐαυτῷ.
3014 4181 3031 4212 ι
3054 4163 3163 4215 Kal.
3178 4165 3342 4218 πάλιν
3357 4185 3370 4196 ·
3404 4187 3423 4218 ι
3445 4172 3716 4242 Δεκατηνά

2267 4248 2582 4312 δεκατώσεις
2612 4250 2805 4312 παντὸς
2842 4253 3180 4323 γεννήματος
3216 4258 3312 4310 τοῦ
3354 4261 3664 4333 σπέρματός
3697 4281 3716 4316 ο

2266 4342 2325 4393 τὸ
2356 4341 2596 4410 γέννημα
2620 4338 2713 4392 τοῦ
2745 4339 2910 4411 ἀγροῦ
2957 4358 3049 4394 σου
3091 4342 3383 4420 [ἐνιαυτὸν]
3413 4355 3531 4404 κατ’
3558 4356 3716 4406 ἐνιαυι

2266 4430 2376 4484 Kal.
2407 4432 2551 4499 φαγῇ
2580 4428 2707 4480 αὐτὸ
2737 4429 2975 4482 ἐναντίον
3007 4433 3212 4503 Κυρίου
3245 4437 3340 4489 τοῦ
3384 4439 3518 4493 Θεοῦ
3557 4459 3668 4507 σου,
3697 4445 3716 4494 ὲ

2263 4517 2328 4574 ἂν
2361 4519 2507 4588 τόπῳ
2537 4516 2812 4587 ἐκλέξηται
2850 4519 3056 4590 Κύριος
3095 4524 3123 4574 6
3163 4525 3294 4588 Θεός
3327 4544 3440 4592 σου,
3473 4531 3716 4600 ἐπικληθὶ

2262 4609 2322 4660 τὸ
2354 4609 2519 4676 όνομα
2558 4608 2718 4660 αὑτοῦ
2767 4610 2900 4660 ἐκεῖ.
2937 4629 2956 4660 ι
2987 4608 3100 4664 Εἶτ’
3144 4615 3608 4689 ἐπιλογισάμενος,
3634 4623 3686 4674 τί

2263 4697 2535 4767 πράττειν,
2559 4699 2605 4748 εί
2630 4697 2840 4766 μακρὰν
2861 4699 3111 4766 ἀφεστὼς
3137 4704 3220 4773 εἴη
3243 4706 3271 4756 6
3299 4709 3430 4778 πρὸς
3457 4709 3615 4762 αὑτοῦ
3644 4710 3716 4782 δηῖ

2263 4803 2416 4856 μενος
2436 4786 2616 4848 τόπος,
2631 4787 2659 4837 ὁ
2685 4786 2740 4836 δὲ
2764 4788 2972 4856 καρπὸς
2999 4790 3108 4844 τῶν
3125 4797 3477 4865 γεννημάτων
3497 4799 3679 4864 πολὺς,
3707 4819 3716 4850 ε

2258 4877 2364 4930 δέοι
2394 4875 2782 4946 παρακομίζειν
2809 4877 3019 4931 οἴκοθεν
3045 4883 3124 4946 εἰς
3144 4884 3236 4938 τὸν
3258 4887 3350 4938 τοῦ
3370 4887 3504 4940 Θεοῦ
3522 4890 3684 4944 τόπον
3696 4911 3716 4949 ,τ

2260 4963 2534 5028 ἐπετείους
2564 4965 2803 5035 καρποὺς
2829 4966 2928 5037 τῆς
2955 4968 3393 5041 ὁλοκαυτώσεως,
3419 4979 3511 5032 καὶ
3548 4984 3674 5052 περὶ
3701 5001 3716 5034 ς

2257 5073 2347 5109 του
2385 5056 2526 5118 τόνδε
2557 5056 2733 5125 τίθησι
2764 5057 2853 5110 τὸν
2879 5059 3041 5128 νόμον
3063 5079 3077 5093 ο
3111 5082 3130 5114 ι
3181 5065 3306 5117 Ἐὰν
3333 5067 3390 5119 δὲ
3417 5071 3630 5142 μακρὰν
3660 5074 3716 5140 γέ

2255 5164 2341 5199 ται
2374 5147 2480 5200 ἀπὸ
2513 5147 2603 5199 σοῦ
2632 5149 2664 5216 ἡ
2696 5147 2831 5210 ὁδὸς,
2875 5152 2969 5203 καὶ
3004 5151 3078 5220 μὴ
3109 5153 3312 5225 δυνήσῃ
3342 5159 3716 5231 ἀναφέρειναὺ

2253 5239 2330 5291 ὅτι
2363 5239 2572 5309 μακρὰν
2597 5239 2702 5300 ἀπὸ
2725 5238 2816 5291 σοῦ
2847 5241 2876 5292 6
2909 5242 3092 5304 τόπος,
3123 5243 3182 5294 ὃν
3214 5243 3280 5296 ἂν
3305 5247 3588 5320 ἐκλέξηται
3613 5253 3716 5324 Κύι

2251 5331 2279 5381 6
2298 5331 2426 5391 Θεός
2447 5346 2536 5381 σου
2552 5367 2566 5391 ,
2588 5329 2938 5398 ἐπικληθῆναι
2959 5333 3020 5384 τὸ
3041 5332 3209 5403 ὄνομα
3229 5338 3392 5392 αὑτοῦ
3417 5342 3550 5405 ἐκεῖ,
3571 5343 3650 5395 ὄτι
3673 5345 3716 5394 εί

2252 5423 2320 5490 γή
2329 5439 2407 5473 σει
2429 5437 2484 5472 σε
2501 5419 2694 5490 Κύριος
2715 5420 2742 5470 6
2761 5420 2890 5482 Θεός
2910 5437 3023 5484 σου,
3041 5422 3137 5476 καὶ
3159 5425 3458 5492 ἀποδώσεις
3481 5430 3618 5484 αὐτὰ
3637 5433 3716 5504 ἀρ⁴

2253 5514 2385 5582 ρίου,
2417 5512 2508 5565 καὶ
2531 5511 2670 5582 λήψῃ
2693 5513 2751 5565 τὸ
2781 5512 3036 5584 ἀργύριον
3055 5515 3114 5567 ἐν
3136 5520 3256 5583 ταῖς
3274 5521 3428 5590 χερσί
3456 5539 3569 5587 σου,
3593 5527 3684 5577 καὶ
3713 5547 3716 5558 ι

2499 5630 2540 5662 ¹⁹
2581 5627 2714 5684 lbid.
2769 5631 2850 5692 l7.
2893 5631 2980 5686 18.
3089 5633 3134 5664 ⁸⁸
3172 5636 3308 5692 Ibid.
3343 5636 3444 5695 εδ.
3560 5644 3602 5673 ’⁸
3646 5641 3715 5696 De

2199 4491 2240 4546 D
