3870 6310
696 411 767 467 35

1307 398 1571 459 ιυδΕΒιι
1607 395 2076 453 CESAKIENSIS
2107 394 2213 450 OPI

2239 434 2255 449 .
2291 390 2469 446 PARS
2506 388 2572 443 ll.
2610 418 2680 429 —
2716 389 3203 447 APOLOGETICA.

696 539 800 593 que
826 510 930 577 non
957 515 1163 575 steterit
1191 517 1441 571 omnibus
1470 530 1588 586 quae
1616 515 1670 567 in
1709 513 1812 566 hac
1859 513 1973 581 lege
2020 513 2213 579 scripta

2243 522 2290 575 Α
2316 506 2422 559 τῶν
2463 504 2882 574 ἁμαρτημάτων,
2926 507 3016 558 καὶ
3052 510 3311 576 τιμωρίας
3349 506 3579 576 περιθεὶς
3628 510 3710 560 ὲκό

697 619 841 673 sunt,
895 618 953 665 ut
1011 608 1171 663 faciat
1224 622 1306 663 ea.
1348 624 1369 658 ι
1419 603 1789 672 Contemplare
1832 600 2022 655 deinde
2061 615 2221 669 quam

699 714 885 752 omnes
912 697 1051 749 vires
1076 696 1339 750 humanas
1368 701 1639 763 superent,
1675 691 1895 759 fierique
1951 688 2097 741 nulla
2143 702 2225 741 ra-

698 792 842 842 tione
864 787 1090 855 possint,
1122 802 1240 855 quae
1261 787 1316 839 in
1344 786 1460 853 lege
1481 782 1641 837 Mosis
1673 781 1844 850 posita
1868 786 2014 833 sunt.
2044 778 2222 846 Siqui-

696 877 814 929 dem
839 877 926 930 ubi
957 877 1199 931 distinxit
1224 892 1340 944 quae
1366 873 1667 928 voluntaria
1713 879 1953 940 peccata,
2001 882 2222 938 quaeque

694 965 923 1019 diﬁicilia
952 973 1079 1020 sunt
1122 976 1175 1020 et
1205 980 1390 1034 pmnas
1422 962 1709 1029 unicuique
1742 974 1926 1013 eorum
1958 958 2219 1027 adiunxit,

695 1067 813 1121 qua:
834 1053 1064 1106 maximo
1093 1053 1352 1121 supplicio
1382 1050 1541 1119 digna
1573 1054 1718 1111 sunt,
1758 1054 1871 1100 tum
1900 1061 2026 1100 vero
2079 1046 2221 1115 leges

693 1138 867 1206 ponit,
895 1139 1092 1207 quibus
1120 1139 1220 1191 alia
1267 1137 1498 1206 quadam
1552 1136 1759 1188 ratione
1805 1148 1898 1189 eos
1953 1133 2078 1187 item
2129 1132 2221 1200 qui

696 1228 846 1282 iuviti
878 1227 1553 1296 peccaverint,convertat;
1604 1237 1829 1291 quarum
1880 1236 1985 1275 una
2009 1220 2221 1289 quidem

694 1319 775 1374 sic
797 1334 855 1373 se
879 1319 1036 1372 habet
1061 1337 1074 1371 :
1110 1336 1128 1369 ι
1169 1317 1226 1371 Si
1255 1319 1429 1371 anima
1455 1331 1559 1369 una
1585 1316 1886 1383 peccaverit
1927 1317 2117 1369 nolens
2153 1330 2219 1368 ex

694 1409 894 1480 populo
915 1416 1093 1472 terrae,
1131 1408 1256 1461 dum
1285 1408 1412 1461 facit
1452 1422 1618 1460 unum
1641 1421 1707 1460 ex
1734 1407 1981 1461 omnibus
2020 1421 2219 1475 praece-

694 1497 801 1564 ptis
831 1496 1062 1559 Domini,
1093 1496 1179 1549 vel
1206 1496 1332 1549 dum
1366 1510 1472 1549 non
1500 1495 1647 1558 facit,
1680 1502 1733 1549 et
1778 1503 1983 1564 peccat,
2034 1496 2220 1566 cogni-

692 1594 912 1655 tumque
940 1585 1040 1654 ipsi
1074 1584 1233 1639 fuerit
1261 1593 1555 1655 peccatum,
1577 1585 1718 1655 quod
1758 1586 2017 1655 peccavit,
2060 1593 2113 1641 et
2140 1586 2221 1640 of-

693 1671 828 1727 feret
845 1687 1039 1727 munus
1058 1687 1213 1726 suum
1238 1687 1451 1742 capram
1479 1674 1783 1728 anniculam
1803 1674 2217 1738 immaculatam,

690 1759 745 1813 id
775 1759 959 1815 offeret
988 1775 1086 1829 pro
1114 1769 1333 1830 peccato
1362 1776 1461 1815 suo
1493 1761 1640 1830 quod
1691 1762 1949 1830 peccavit,
2001 1762 2058 1816 in
2102 1762 2220 1817 loco

2320 594 2425 647 τῶν
2460 592 2717 662 μεγίστης
2761 593 3022 656 κολάσεως
3064 596 3244 658 ἀξίων,
3268 597 3454 664 νόμους
3479 597 3673 667 τίθησι,

2320 683 2410 747 οὓς
2447 684 2612 753 ἑτέρῳ
2640 682 2820 751 τρόπῳ
2847 684 2937 734 καὶ
2965 684 3085 746 τοὺς
3118 685 3374 746 ἀκουσίως
3405 684 3707 753 πλημμελοῦ

2320 771 2660 838 ἐπιστρέφει*
2695 763 2768 821 ὧν
2799 771 2826 821 6
2860 770 2954 838 μὲν
2982 768 3148 831 οὕτως
3178 771 3286 839 ἔχει
3311 786 3322 798 ·
3365 789 3382 820 ι
3426 772 3543 823 Ἐὰν
3573 773 3709 841 ψυχὴ

2322 860 2535 929 ἀμάρτῃ
2563 858 2821 920 ἀκουσίως
2848 860 2911 909 ἐκ
2938 859 3028 909 τοῦ
3061 858 3185 910 λαοῦ
3214 860 3308 927 τῆς
3332 858 3451 926 γῆς,
3494 862 3548 912 ἐν
3576 862 3650 929 τῷ
3681 880 3710 912 7-.

2322 964 2406 999 σαι
2465 949 2591 1017 μίαν
2637 947 2741 999 ἀπὸ
2791 946 2974 999 πασῶν
3021 947 3125 997 τῶν
3173 947 3392 999 ἐντολῶν
3426 948 3643 1017 Κυρίου,
3691 952 3710 1001 i

2320 1035 2682 1106 ποιηθήσεται,
2716 1036 2808 1088 καὶ
2843 1035 3217 1105 πλημμελήσῃ,
3254 1037 3343 1088 καὶ
3385 1038 3592 1106 γνωσθῇ
3637 1040 3710 1091 αύΔ

2319 1125 2556 1194 ἁμαρτία
2587 1125 2650 1193 ἣν
2673 1125 2928 1193 ἥμαρτεν,
2950 1124 3040 1175 καὶ
3059 1124 3189 1174 οἴσει
3217 1123 3381 1193 δῶρον
3403 1124 3560 1175 αὑτοῦ
3584 1125 3710 1193 χίμα

2319 1215 2378 1280 ἐξ
2424 1216 2588 1283 αἰγῶν
2619 1216 2861 1285 ἄμωμον,
2891 1215 3107 1285 θήλειαν
3133 1213 3261 1267 οἴσει
3291 1217 3413 1284 περὶ
3440 1216 3535 1284 τῆς
3574 1218 3710 1285 ἁμαρ

2318 1307 2476 1360 αὐτοῦ
2513 1304 2576 1377 ἧς
2607 1308 2864 1378 ἥμαρτεν,
2895 1310 2951 1359 ὲν
2982 1308 3056 1377 τῷ
3082 1308 3228 1376 τόπῳ
3264 1302 3323 1359 οὗ
3350 1308 3605 1375 σφάζουσι
3634 1309 3698 1360 τὰ

2319 1395 2664 1467 καυτώματα,
2688 1398 2778 1449 καὶ
2805 1397 3023 1467 λήψεται
3056 1398 3085 1448 6
3118 1397 3291 1466 ἱερεὺς
3312 1396 3419 1448 ἀπὸ
3440 1396 3528 1448 τοῦ
3551 1397 3710 1466 αἴματ

2319 1484 2419 1538 Καὶ
2441 1487 2540 1556 ὅρα
2572 1504 2636 1555 γε
2666 1486 2739 1549 ὡς
2763 1488 2853 1539 καὶ
2880 1485 3108 1539 ἐνταῦθα
3144 1487 3232 1538 τὸν
3267 1485 3564 1538 πταίσαντά
3602 1502 3653 1537 τι
3694 1504 3710 1537 ιι

2318 1574 2535 1645 γνώμην
2567 1578 2623 1627 ὲν
2648 1566 2723 1645 τῷ
2759 1576 2906 1645 τόπῳ
2948 1576 3055 1628 δεῖν
3080 1576 3342 1645 ἀπαντᾷν,
3374 1569 3434 1627 οὗ
3488 1574 3710 1642 σφάξουσ

2318 1663 2746 1734 ὁλοκαυτώματα.
2785 1658 2948 1727 Οὗτος
2993 1664 3049 1716 δὲ
3083 1658 3172 1734 ἦν,
3206 1658 3267 1717 οὗ
3305 1663 3391 1716 διά
3440 1665 3696 1717 πλείστων

2319 1750 2575 1821 πρότερον
2606 1750 2861 1822 ἐμνήσθη,
2901 1752 3086 1818 λέγων·
3126 1768 3145 1801 ι
3188 1752 3283 1804 Ὃν
3329 1750 3395 1805 ἂν
3434 1752 3707 1822 ἐκλέξηται

692 1847 785 1902 ubi
810 1855 1048 1903 mactant
1076 1848 1362 1912 sacrificia,
1399 1856 1454 1904 et
1481 1848 1709 1919 accipiet
1732 1850 1985 1905 sacerdos
2014 1849 2080 1906 de
2095 1866 2213 1905 san-

2249 1859 2291 1912 Β
2321 1859 2431 1913 ριος
2457 1844 2485 1895 6
2512 1842 2639 1906 Θεός
2685 1859 2795 1896 σου.
2841 1863 2861 1895 ι
2908 1843 3074 1895 Τοῦτο
3119 1842 3164 1895 δ’
3203 1842 3287 1894 ὅτι
3331 1844 3405 1913 μὴ
3450 1843 3666 1896 δυνατὸν
3707 1868 3709 1875 <

690 1937 849 2005 guine
879 1937 944 1990 “.
968 1956 985 1990 ι
1001 1938 1067 1993 Et
1082 1951 1213 1992 sane
1225 1938 1503 1993 considera
1523 1938 1964 2007 quemadmodum
1986 1938 2070 1992 hic
2088 1953 2222 2008 quo-

690 2041 795 2095 que
826 2041 946 2081 eum
968 2026 1061 2096 qui
1091 2026 1399 2095 imprudens
1415 2027 1734 2096 peccaverit,
1769 2027 1836 2080 ad
1869 2027 2043 2082 locum
2075 2028 2222 2082 venia-

690 2132 750 2170 re
776 2124 1036 2186 oporteat,
1077 2117 1169 2170 ubi
1202 2123 1433 2171 mactant
1491 2118 1773 2171 sacrificia.
1813 2116 1863 2171 ls
1891 2125 2067 2173 autem
2115 2126 2218 2182 est,

689 2205 756 2259 de
781 2220 888 2274 quo
914 2204 1097 2259 multis
1130 2204 1308 2259 verbis
1332 2204 1650 2273 jampridem
1709 2205 1950 2260 meminit
1994 2206 2174 2261 dicens
2202 2221 2217 2258 :

695 2314 714 2346 ι
745 2295 1125 2365 Quemcunque
1170 2296 1390 2365 elegerit
1437 2294 1695 2350 Dominus
1745 2295 1885 2351 Deus
1931 2304 2057 2351 tuus
2100 2298 2163 2348 ²⁹.
2197 2315 2216 2348 ι

688 2381 842 2453 Quod
882 2387 1095 2455 quidem
1144 2401 1267 2440 cum
1318 2387 1385 2439 ab
1426 2388 1697 2452 omnibus,
1738 2388 2042 2456 quicunque
2096 2396 2222 2442 sunt

687 2476 744 2529 in
775 2482 919 2529 terra
966 2475 1272 2529 hominibus
1304 2475 1460 2543 plane
1506 2474 1641 2530 effici
1692 2491 1802 2530 non
1854 2492 2043 2545 posse,
2105 2478 2220 2547 ipse

687 2580 901 2634 quoque
961 2573 1148 2617 auctor
1196 2565 1328 2633 legis
1379 2565 1610 2632 videret;
1664 2575 1777 2619 tum
1828 2567 2105 2635 perspicue
2146 2567 2220 2621 si-

687 2652 956 2721 gnificavit
1012 2652 1178 2721 legem
1238 2652 1495 2708 inducens
1548 2670 1654 2709 non
1714 2654 1917 2709 intlnite
1963 2654 2217 2709 adversus

687 2756 897 2806 omnes,
931 2741 1024 2795 sed
1050 2741 1308 2809 adiiciens
1331 2761 1344 2797 :
1366 2740 1423 2796 Si
1454 2744 1631 2798 anima
1657 2745 1958 2812 peccaverit
2008 2744 2214 2806 nolens,

686 2843 751 2882 ex
786 2830 981 2898 populo
1025 2837 1180 2884 terrae
1204 2830 1270 2883 ⁸⁸.
1308 2850 1327 2881 ι
1375 2831 1609 2885 Alteram
1660 2847 1783 2886 vero
1836 2833 2001 2901 legem
2043 2832 2213 2901 ponit,

684 2934 806 2986 quae
838 2920 916 2973 sic
945 2919 1142 2973 habet:
1174 2938 1193 2972 ι
1235 2920 1462 2991 ἀρυοά
1492 2922 1535 2975 si
1566 2923 1744 2975 anima
1782 2923 2010 2977 audierit
2030 2938 2215 2980 vocem

682 3006 1058 3075 iurisiurandi,
1110 3016 1271 3077 atque
1305 3010 1392 3063 hic
1417 3011 1573 3065 testis
1611 3018 1703 3064 aut
1723 3012 1913 3065 viderit
1951 3021 2043 3066 aut
2082 3027 2215 3068 con-

686 3098 832 3151 scius
861 3096 1054 3162 fuerit;
1101 3098 1149 3151 si
1197 3114 1305 3153 non
1340 3100 1673 3165 indicaverit,
1726 3110 1999 3171 peccatum
2038 3104 2213 3157 susci-

2316 1931 2563 1984 ἀπάντων
2593 1931 2696 1983 τῶν
2743 1932 2833 1983 ἐπὶ
2875 1930 2976 1999 γῆς
3022 1930 3321 2001 ἀνθρώπων
3358 1930 3704 1991 ἐκτελεῖσθαι,

2316 2021 2475 2084 αὐτὸς
2501 2022 2529 2072 6
2560 2020 2849 2091 νομοθέτης
2895 2019 3138 2084 συνιδὼν,
3180 2020 3419 2091 ἀκριϐῶς
3462 2022 3710 2091 ἐπισημήε

2316 2110 2415 2161 θύκ
2444 2110 2703 2179 ἀορίστως
2745 2108 2884 2162 κατά
2916 2109 3129 2161 πάντων
3172 2106 3497 2178 προαγαγὼν
3535 2108 3625 2160 τὸν
3667 2114 3710 2160 ν(

2316 2198 2430 2253 ἀλλ’
2468 2199 2721 2251 ἐπειπών·
2763 2218 2780 2249 ι
2806 2198 2925 2251 Ἐὰν
2952 2198 3099 2268 ψυχὴ
3124 2198 3342 2268 ἁμάρτῃ
3366 2198 3626 2260 ἀκουσίως
3653 2198 3710 2249 ὲκ

2315 2288 2442 2343 λαοῦ
2472 2290 2570 2359 τῆς
2600 2290 2722 2359 γῆς.
2761 2309 2779 2341 ι
2816 2290 2923 2343 Καὶ
2952 2289 3201 2359 δεύτερον
3237 2290 3294 2342 δὲ
3325 2290 3484 2359 νόμον
3510 2289 3710 2359 τίθησιν

2314 2398 2420 2445 τως
2446 2381 2632 2451 ἔχοντα
2651 2397 2663 2409 ·
2701 2400 2718 2432 ι
2759 2383 2880 2434 Ἐἀν
2899 2382 2953 2433 δὲ
2972 2381 3120 2451 ψυχὴ
3139 2381 3346 2452 ἀκούσῃ
3368 2379 3546 2449 φωνὴν
3572 2382 3710 2448 όρκιε

2316 2471 2407 2523 καὶ
2453 2465 2601 2534 οὗτος
2652 2471 2916 2540 μάρτυςῆ
2955 2471 3222 2541 ἑώρακεν,
3270 2471 3304 2540 ἢ
3352 2471 3603 2531 σύνοιδεν,
3653 2470 3710 2521 ea

2315 2560 2633 2632 ἀπαγγείλῃ,
2662 2561 2886 2631 λήψεται
2908 2561 3005 2629 τὴν
3031 2560 3333 2631 ἁμαρτίαν.
3364 2576 3383 2611 ι
3407 2560 3471 2612 Τί
3494 2555 3584 2613 οὖν
3615 2560 3710 2630 χρὴ

2314 2666 2403 2704 τον
2451 2653 2640 2714 ποιεῖν,
2668 2651 2779 2704 ἀλλ’
2809 2652 2841 2720 ἦ
2871 2650 3111 2704 λαϐόντα
3152 2652 3287 2721 μετὰ
3325 2653 3509 2721 χεῖρας
3541 2649 3598 2701 τὸ
3646 2649 3710 2716 is;

2316 2740 2559 2793 σπεύδειν
2590 2743 2679 2792 ἐπὶ
2704 2740 2771 2793 τὰ
2803 2740 3114 2811 anticipata;
3147 2741 3257 2795 Ποῦ
3284 2742 3463 2804 πάλιν,
3499 2740 3607 2792 ἀλλ’
3637 2738 3668 2807 ἦ
3700 2741 3710 2788 ἑ

2313 2831 2476 2900 τόπῳ,
2508 2823 2568 2883 οὗ
2618 2828 2872 2898 σφάζουσι
2910 2830 2978 2882 τὰ
3018 2831 3483 2902 ὀλοκαυτώματα;
3536 2829 3641 2882 Καὶ
3681 2845 3709 2878 τ

2317 2917 2502 2972 πάλιν·
2542 2936 2560 2969 ι
2613 2920 2808 2988 Ψυχὴ,
2869 2920 3032 2989 φησὶν
3061 2960 3075 2983 ,
3136 2922 3257 2990 ἥτις
3300 2921 3365 2974 ἂν
3408 2919 3605 2989 ἅψηται
3654 2934 3710 2967 πε

2313 3006 2625 3075 πράγματος
2646 3006 2969 3077 ἀκαθάρτου,
3014 3009 3047 3077 ἢ
3086 3009 3192 3061 τῶν
3222 3009 3551 3078 θνησιμαίων
3587 3008 3690 3058 τῶν

2312 3095 2415 3148 νῶν
2438 3095 2542 3148 τῶν
2571 3096 2904 3166 ἀκαθάρτων,
2943 3099 3040 3150 καὶ
3068 3098 3206 3171 λάϐῃ
3233 3100 3326 3151 ἀπ’
3356 3098 3540 3162 αὑτοῦ,
3574 3098 3665 3150 καὶ
3695 3114 3710 3149 c

684 3186 882 3256 piet".
924 3204 944 3238 ι
974 3185 1238 3253 Quidnam
1267 3188 1428 3258 igitur
1452 3190 1595 3243 aliud
1643 3190 1786 3244 hunc
1838 3190 2013 3246 facere
2062 3206 2213 3261 opor-

2239 3180 2281 3236 C
2316 3186 2627 3256 μεμίανται,
2661 3187 2752 3237 καὶ
2792 3181 3155 3257 πλημμελήσῃ
3192 3187 3226 3257 ἦ
3271 3186 3470 3257 ἅψηται
3520 3184 3708 3253 ἀκαθαι

682 3282 815 3338 teat,
843 3290 1002 3345 quam
1032 3285 1242 3345 sumpta
1275 3278 1330 3331 in
1361 3293 1552 3333 manus
1581 3279 1776 3344 hostia,
1816 3294 2039 3349 propere
2063 3280 2213 3336 abire

683 3364 754 3419 ad
783 3366 1138 3435 expiandum?
1172 3367 1259 3420 ubi
1290 3382 1451 3437 porro
1501 3368 1757 3438 expiabit,
1793 3370 1893 3425 nisi
1914 3371 1967 3423 in
1993 3371 2109 3425 loco
2157 3372 2213 3425 in

684 3470 792 3525 quo
825 3463 1062 3510 mactant
1089 3459 1389 3512 sacrificia?
1416 3460 1626 3513 tertiam
1650 3475 1860 3529 quoque
1896 3460 2021 3514 dum
2078 3462 2213 3516 scri-

681 3546 781 3609 bit,
816 3563 836 3598 ι
868 3546 1078 3611 Anima,
1110 3547 1305 3616 inquit,
1336 3565 1454 3618 qua:
1481 3551 1716 3618 tetigerit
1741 3551 1951 3618 quidvis
1983 3551 2214 3606 immun-

680 3632 828 3693 dum,
859 3633 973 3687 sive
1000 3649 1119 3701 qua:
1145 3636 1324 3689 occisa
1351 3635 1548 3690 fuerint
1571 3637 1637 3692 de
1670 3640 1955 3707 pecoribus
1980 3640 2213 3694 immun-

682 3722 787 3786 dis,
828 3731 883 3778 et
922 3726 1210 3795 sumpserit
1240 3742 1306 3780 ex
1334 3742 1418 3790 eo,
1449 3727 1563 3796 ipse
1590 3729 1824 3797 pollutus
1859 3738 1964 3793 est,
1995 3737 2048 3783 et
2089 3745 2214 3799 pec-

680 3813 848 3875 cabit,
875 3815 922 3867 si
961 3814 1195 3879 attigerit
1239 3814 1631 3868 immunditiam
1689 3816 1921 3871 hominis
1963 3832 2026 3871 ex
2065 3819 2212 3873 omni

682 3900 1019 3954 immunditia
1052 3900 1187 3968 eius,
1245 3916 1403 3970 quam
1428 3902 1550 3972 quis
1580 3904 1844 3972 attingens
1867 3905 2029 3973 pollui
2055 3907 2210 3972 solet,

682 3996 736 4042 et
756 3989 951 4042 oblitus
977 3988 1156 4051 fuerit,
1195 3998 1246 4043 et
1280 3998 1460 4057 postea
1484 3991 1790 4058 cognoverit
1843 4001 1897 4045 et
1957 4006 2209 4061 peccave-

682 4079 755 4132 rit
787 4079 851 4133 ".
883 4097 903 4129 ι
942 4077 1079 4147 Ergo
1111 4079 1237 4147 quid
1266 4080 1479 4133 tandem
1515 4080 1657 4133 hunc
1680 4082 1839 4136 etiam
1871 4084 1962 4151 qui
1994 4084 2063 4138 sit
2090 4085 2209 4153 pol-

684 4166 830 4220 lutus
860 4166 1034 4221 facere
1061 4169 1361 4230 conveniet,
1391 4169 1495 4223 nisi
1530 4185 1719 4225 rursus
1763 4171 1830 4224 ad
1893 4172 2068 4227 locum
2120 4190 2210 4229 ve-

682 4256 799 4309 nire
821 4263 874 4310 et
901 4255 1091 4310 offerre
1118 4272 1214 4326 pro
1244 4266 1461 4326 peccato
1489 4273 1586 4313 suo
1630 4260 1772 4328 quod
1811 4263 2069 4329 peccavit,
2118 4271 2209 4317 aut

682 4359 854 4408 ovem,
886 4354 977 4397 aut
1002 4361 1213 4415 agnam,
1242 4356 1334 4401 aut
1360 4363 1573 4417 capram
1608 4351 1909 4404 anniculam
1936 4351 2074 4406 rite?
2107 4352 2209 4405 Ea-

682 4433 801 4487 dem
842 4449 968 4487 vero
998 4436 1079 4488 lex
1110 4442 1192 4488 est
1218 4436 1377 4490 etiam
1424 4437 1490 4493 de
1532 4438 1707 4491 anima
1760 4454 1879 4507 quae
1927 4439 2204 4506 iuraverit,

681 4523 807 4577 dum
835 4523 965 4591 ipsis
1012 4525 1164 4578 labiis
1193 4525 1473 4594 distinguit
1512 4527 1595 4580 vel
1640 4529 1777 4582 male
1811 4544 1869 4583 se
1919 4527 2204 4595 facturam,

680 4612 765 4665 vel
795 4611 948 4673 bene,
980 4612 1269 4667 secundum
1317 4615 1494 4668 omnia
1545 4632 1873 4685 quaecunque
1928 4619 2207 4672 enuntiare

681 4702 813 4757 solet
847 4690 1004 4756 homo
1022 4716 1144 4754 cum
1172 4702 1539 4770 iureiurando,
1591 4711 1644 4757 et
1687 4706 1884 4759 oblitus
1937 4706 2112 4769 fuerit,
2151 4714 2206 4759 et

683 4788 820 4843 idem
852 4798 971 4857 post
998 4791 1324 4858 cognoverit,
1371 4797 1423 4843 et
1456 4794 1751 4860 peccaverit
1800 4809 1964 4847 unum
2004 4794 2206 4864 aliquid

681 4890 748 4929 ex
794 4877 880 4940 iis,
922 4884 976 4931 et
1023 4877 1317 4946 prodiderit
1377 4888 1648 4946 peccatum
1707 4880 1848 4949 quod
1902 4882 2140 4949 peccavit
2186 4899 2201 4934 ι

689 4980 709 5012 ι
746 4966 904 5018 etiam
938 4968 1045 5031 hic,
1071 4967 1263 5035 inquit,
1291 4967 1474 5021 eadem
1497 4978 1707 5036 sumpta
1755 4971 1947 5033 hostia,
1994 4970 2206 5025 festinet

684 5051 748 5102 ad
778 5052 973 5116 locum,
999 5063 1051 5108 et
1075 5056 1249 5108 orabit
1274 5069 1370 5123 pro
1397 5055 1513 5123 ipso
1555 5057 1825 5120 sacerdos,
1876 5066 1929 5110 et
1986 5064 2204 5125 peccato

686 5130 874 5199 ipsius,
910 5144 962 5186 et
984 5138 1280 5193 dimittetur
1314 5139 1360 5192 ei
1392 5150 1666 5208 peccatum
1692 5143 1756 5197 ⁸³.
1789 5161 1807 5193 ι
1842 5142 1957 5195 Alia
1986 5151 2204 5211 praeter-

682 5234 747 5275 ea
777 5230 859 5275 est
886 5222 967 5274 lex
991 5238 1226 5280 seorsqu
1261 5230 1328 5283 ab
1360 5233 1457 5292 eis,
1488 5247 1606 5300 quae
1630 5233 1881 5301 exposita:
1908 5243 2053 5295 sunt,
2087 5226 2205 5302 quae

686 5310 740 5363 iu
764 5311 901 5364 hunc
927 5310 1036 5364 ιω
1064 5314 1275 5368 modum
1305 5321 1600 5384 pnescribit
1635 5340 1648 5375 :
1676 5338 1694 5369 ι
1718 5321 1909 5374 Anima
1936 5336 2053 5389 qua:
2070 5322 2205 5376 obli-

683 5400 841 5453 vione
863 5399 1024 5452 oblita
1063 5400 1240 5464 fuerit,
1267 5412 1320 5457 et
1342 5406 1649 5474 imprudens
1683 5410 1978 5481 peccaverit
2035 5411 2090 5463 in
2140 5412 2205 5464 iis

685 5502 803 5556 quae
822 5496 1005 5541 sancta
1054 5498 1178 5544 sunt
1224 5492 1450 5556 Domini,
1481 5499 1681 5564 ,otl‘eret
1728 5500 1949 5554 Domino
1986 5504 2205 5555 arietem

752 5663 797 5694 ’⁸
832 5662 995 5717 Levit.
1036 5684 1105 5732 ιν,
1145 5668 1327 5723 27-50.
1428 5678 1470 5706 ’δ
1508 5674 1663 5735 Num.
1706 5698 1810 5737 xvi.
1855 5683 1901 5737 7.

1976 5680 2021 5714 “
2058 5680 2225 5737 Levit.

2310 3274 2610 3345 ἀνθρώπου,
2643 3276 2748 3327 ἀπὸ
2777 3275 2952 3345 πάσης
2977 3276 3313 3347 ἀκαθαρσίας
3345 3275 3509 3328 αὑτοῦ
3532 3272 3598 3346 ἧς
3623 3275 3686 3327 ἂν

2313 3381 2466 3435 μενος
2497 3364 2709 3435 μιανθῇ,
2748 3365 2839 3417 καὶ
2872 3364 3059 3419 ἔλαθεν
3085 3367 3266 3431 αὐτὸν,
3304 3366 3438 3437 μετά
3469 3365 3620 3418 τοῦτο
3643 3365 3687 3416 δ’

2310 3457 2403 3508 καὶ
2441 3455 2823 3526 πλημμελήσῃ.
2866 3475 2885 3507 ι
2942 3457 3009 3510 Τί
3053 3458 3117 3528 δὴ
3157 3454 3252 3512 οὖν
3290 3460 3382 3512 καὶ
3424 3457 3513 3510 τὸν
3566 3458 3706 3526 μιαν(

2310 3547 2577 3617 προσῆκον
2608 3546 2674 3618 ἦν
2712 3550 2901 3610 ποιεῖν,
2947 3548 3061 3602 ἀλλ’
3110 3551 3143 3621 ἢ
3179 3551 3448 3620 ἀπαντᾷνη
3473 3549 3631 3603 πάλιν
3672 3552 3706 3601 ἑ.⁴

2308 3629 2474 3699 τόπῳ,
2503 3632 2594 3683 καὶ
2632 3631 2956 3702 προσφέρειν
2985 3633 3113 3705 περὶ
3152 3634 3250 3703 τῆς
3297 3633 3566 3704 ἁμαρτίας
3596 3634 3706 3686 αύτι

2308 3717 2537 3787 ἥμαρτε,
2562 3719 2690 3790 θῆλυ
2715 3721 2820 3774 ἀπὸ
2844 3721 2948 3773 τῶν
2968 3722 3271 3794 προϐάτων,
3300 3722 3333 3793 ἢ
3360 3722 3590 3792 ἀμνάδα,
3620 3722 3653 3792 ἢ
3678 3740 3706 3791 χ

2312 3824 2407 3877 ραν
2448 3809 2504 3873 ἐξ
2528 3810 2711 3876 αἰγῶν,
2741 3811 2865 3880 περὶ
2896 3812 3202 3881 ἀμαρτίας;
3246 3812 3303 3864 ’0
3334 3806 3377 3863 δ⁴
3406 3811 3565 3873 αὐτὸς
3599 3807 3666 3880 ἦν
3695 3829 3704 3847 π

2310 3899 2401 3951 καὶ
2423 3899 2512 3951 ἐπὶ
2539 3899 2712 3970 ψυχῆς
2736 3900 2768 3971 ἡ
2797 3900 2861 3952 ἂν
2889 3902 3062 3973 ὀμόσῃ
3088 3901 3467 3955 διαστέλλουσα
3493 3905 3603 3964 τοῖς
3631 3912 3704 3971 χει

2310 3989 2683 4058 κακοποιῆσαι,
2722 3989 2755 4059 ἢ
2792 3989 2968 4052 καλῶς
2996 3989 3218 4059 ποιῆσαι
3260 3990 3402 4044 κατὰ
3435 3991 3610 4045 πάντα
3653 3992 3704 4042 ὃς

2307 4075 2571 4148 διαστείλῃ
2599 4077 2878 4148 ἄνθρωπος
2911 4078 3029 4147 μεθ’
3059 4080 3355 4149 ὃρκου,καὶ
3385 4078 3525 4150 λάθῃ
3559 4081 3702 4133 αύτδη

2307 4158 2456 4228 οὗτος
2484 4167 2595 4236 γνῷ
2617 4170 2708 4221 καὶ
2726 4169 2943 4240 ἀμάρτῃ
2964 4167 3021 4221 έν
3039 4186 3145 4221 τινι
3166 4169 3395 4231 τούτων,
3420 4172 3514 4224 καὶ
3528 4172 3702 4239 ἐξαγοι

2306 4255 2402 4325 τὴν
2454 4257 2723 4328 ἁμαρτίαν
2770 4258 2894 4326 περὶ
2924 4254 2990 4327 ἦς
3026 4259 3265 4327 ἥμαρτε,
3314 4277 3334 4310 ι
3371 4261 3465 4313 καὶ
3512 4255 3663 4322 οὗτος

2307 4346 2486 4413 φησὶν,
2546 4347 2605 4398 τὸ
2648 4346 2778 4400 αὐτὸ
2826 4346 2999 4399 λαϐὼν
3052 4349 3247 4419 ἱερεῖον
3273 4386 3289 4410 ,
3366 4349 3641 4401 σπευδέτω
3685 4351 3700 4401 ἐ

2306 4434 2471 4505 τόπῳ,
2506 4436 2595 4489 καὶ
2627 4436 2923 4500 ἐξιλάσεται
2957 4439 3088 4509 περὶ
3116 4439 3282 4492 αὐτοῦ
3323 4440 3353 4491 6
3400 4441 3577 4513 ἱερεὺς
3609 4456 3700 4511 πεί

2239 4493 2281 4545 D
2310 4493 2577 4591 ἁμαρτίας
2607 4493 2789 4589 αὑτοῦ,
2823 4526 2915 4579 καὶ
2947 4493 3282 4597 ἀφεθήσεται
3303 4493 3512 4600 αὒτῷιή

2309 4614 2416 4666 Καὶ
2440 4614 2593 4677 ἄλλος
2618 4616 2765 4686 παρά
2786 4617 2909 4678 τοὺς
2933 4619 3256 4688 εἰρημένους
3282 4619 3445 4689 νόμος
3474 4614 3578 4672 ὧδέ
3604 4637 3675 4690 πη

2309 4702 2408 4766 ζει*
2463 4722 2481 4753 ‹
2534 4705 2693 4774 Ψυχὴ
2734 4707 2767 4775 ἢ
2804 4705 2869 4759 ἂν
2907 4706 3045 4778 λάθῃ
3095 4709 3256 4761 αὐτὸν
3304 4708 3468 4781 λήθῃ,
3514 4711 3607 4764 καὶ
3648 4713 3698 4780 ἀι

2309 4792 2571 4855 ἀκουσίως
2600 4793 2707 4847 ἀπὸ
2736 4794 2841 4847 τῶν
2869 4796 3040 4862 ἀγίων
3072 4797 3301 4869 Κυρίου,
3336 4800 3431 4853 καὶ
3461 4801 3687 4865 εἰσοίσει,

2307 4880 2406 4949 τῆς
2439 4880 2806 4951 πλημμελείας
2844 4884 3005 4937 αὑτοῦ
3053 4886 3130 4955 τῷ
3176 4889 3397 4959 Κυρίῳο
3441 4891 3578 4944 οῖσει
3623 4892 3679 4944 δὲ

2308 4969 2454 5039 παρά
2483 4970 2572 5021 τὸν
2618 4971 2893 5041 ἀρχιερέα,
2925 4975 2982 5025 ὲν
3010 4975 3090 5044 τῷ
3129 4977 3281 5047 τόπῳ
3327 4978 3531 5050 δηλαδὴ
3570 4981 3644 5051 τῷ
3674 4983 3696 5033 ὲ

2305 5059 2505 5127 γμένῳ.
2546 5078 2564 5109 ι
2613 5060 2720 5111 Καὶ
2773 5060 2926 5114 ἕκτον
2970 5062 3028 5115 δὲ
3068 5066 3233 5135 νόμον
3276 5067 3483 5133 τούτοις
3528 5088 3695 5140 προστ

2307 5145 2494 5214 λέγων’
2553 5165 2572 5198 ι
2622 5148 2777 5219 Ψυχὴ
2811 5150 2875 5203 ἂν
2920 5153 3164 5226 ἁμάρτῃ,
3214 5158 3310 5209 καὶ
3353 5161 3555 5231 ποιήσῃ
3607 5161 3696 5231 μία

2311 5235 2496 5289 πασῶν
2520 5236 2627 5289 τῶν
2657 5238 2901 5305 ἐντολῶν,
2935 5234 3010 5293 ὧν
3041 5244 3100 5294 οὐ
3130 5244 3213 5296 δεῖ
3240 5251 3436 5312 ποιεῖν,
3469 5251 3561 5303 καὶ
3587 5253 3687 5303 οὐκ

2308 5325 2400 5377 καὶ
2430 5326 2809 5398 πλημμελήσῃ,
2842 5331 2933 5383 καὶ
2958 5330 3099 5401 λάϐῃ
3126 5334 3225 5403 τὴν
3246 5338 3527 5410 ἀμαρτιαν
3557 5344 3693 5394 αύτο

2307 5415 2439 5467 oio-et
2478 5416 2634 5468 πάλιν
2665 5418 2815 5487 κριὸν
2840 5418 2916 5488 τῷ
2953 5421 3225 5493 ἀρχιερεῖ,
3258 5430 3353 5480 καὶ
3394 5430 3694 5494 ὲξιλάσεται

2310 5502 2471 5555 αὐτοῦ
2503 5506 2532 5556 6
2565 5506 2756 5573 ἱερεὺς,
2790 5506 2912 5576 περὶ
2942 5509 3042 5578 τῆς
3066 5513 3297 5579 ἀγνοίας
3322 5518 3486 5571 αὑτοῦ
3518 5515 3585 5589 ἧς
3613 5525 3692 5590 ἠγ.

2271 5700 2341 5743 ιγ.
2380 5683 2467 5738 27.
2546 5685 2582 5715 ³¹
2626 5683 2797 5741 chit:
2830 5705 2882 5752 v,
2927 5687 2977 5740 1.
3057 5691 3103 5720 ³⁸
3143 5691 3277 5746 ibid.
3322 5694 3377 5756 2,
3416 5697 3468 5750 5.
3546 5698 3591 5729 ³³
3632 5697 3691 5752 ιιι
