3870 6328
93 413 165 478 π
980 390 987 407 ’
1020 430 1029 435 -
1075 389 1729 454 DEMONSTRA'HONIS

1844 388 2226 455 {anesum
2262 383 2393 447 us.
2437 396 2483 455 ι.
3326 409 3393 463 εδ

94 520 210 590 ιρι
403 482 510 547 οὐκ.
535 493 689 590 ᾔδειν
733 503 845 556 καὶ
881 506 1257 584 ἀφεθήσεται
1287 508 1458 581 atiein
1480 529 1498 561 ι
1535 513 1678 586 Ἤδη
1705 515 1746 568 δῖ

1863 529 1961 584 pro
1982 520 2203 585 peccato
2229 522 2326 563 suo
2352 511 2443 582 “;
2484 536 2503 570 ι
2541 516 2725 572 oneret
2752 528 2929 576 autem
2948 536 3138 580 rursus
3169 523 3236 578 ad
3250 521 3390 577 Pon-

364 603 525 678 φησιὴ
564 605 584 678 9
620 588 807 664 Ψυχὴ
839 593 919 651 ἂν
954 602 1225 677 ἁμάρτῃ,
1253 605 1344 659 καὶ
1364 600 1598 674 παριδὼν
1616 622 1762 678 παρ-

124 713 219 776 m
263 678 354 776 τὰς
393 677 625 776 ιντολὰς
667 680 940 755 Κυρίου,
1009 694 1120 746 καὶ
1161 694 1420 764 ψεύσηται
1478 694 1611 763 πρὸς
1673 677 1779 749 τὸν

150 769 356 846 τςξιιτγιιίον
384 769 560 823 αἶ)τοῦ
589 772 653 823 ὲν
697 781 1219 854 παρακαταθήκῃ,
1251 784 1376 850 περὶ
1414 784 1696 848 κοινωνίας
1727 785 1760 856 ἢ

177 863 418 947 hpmﬂc.
455 861 493 932 ἢ
522 860 770 934 ῆδίκησέ
816 883 878 918 τι
917 870 1025 923 τὸν
1064 872 1313 943 πλησίον,
1353 873 1386 944 ἢ
1417 868 1572 942 εὗρεν
1612 874 1771 937 dmi»,

180 966 323 1022 ὶειαν,
358 957 451 1011 καὶ
478 955 771 1029 ψεύσηται
813 962 961 1033 ἰτερλ⁵
993 965 1193 1035 αὐτῆς,
1231 967 1324 1019 καὶ
1363 967 1532 1038 ὀμόσῃ
1566 967 1763 1032 ἀδίκως

192 1051 292 1122 περὶ
328 1048 441 1111 ἑνὸς
477 1046 590 1099 ἀπὸ
639 1047 884 1103 πάντων
935 1046 1018 1105 ὧν
1069 1054 1167 1107 ἐὰν
1216 1055 1415 1127 ποιήσῃ
1459 1056 1757 1127 ἄνθρωπος,

190 1142 302 1194 ὥστε
348 1139 621 1209 ἁμαρτεῖν
674 1140 738 1191 ὲν
790 1141 1042 1207 τούτοις,
1086 1143 1182 1197 καὶ
1227 1145 1389 1214 ἡνίκα
1434 1145 1498 1197 ἂν
1543 1146 1758 1217 ἁμάρτῃ

191 1232 268 1287 καὶ
312 1228 695 1304 πλημμελήσῃ
746 1232 853 1285 καὶ
908 1234 1099 1303 ἀποδῷ
1163 1235 1224 1287 τὸ
1278 1235 1542 1307 ἅρπαγμα
1589 1236 1617 1288 6
1664 1237 1761 1307 ἤρ-

189 1340 351 1386 υσεν,
410 1322 445 1393 ἦ
508 1320 573 1374 τὸ
639 1322 905 1394 ἀδίκημα
972 1325 1004 1378 6
1055 1326 1328 1397 ἠδίκησεν,
1373 1328 1535 1398 ἤτὴν
1589 1345 1760 1398 παρα-

185 1412 496 1483 καταθήκην,
540 1414 674 1483 ἥτις
723 1414 1009 1485 παρετέθη
1074 1415 1240 1485 αὐτῷ,
1286 1416 1319 1486 ἢ
1356 1415 1451 1487 τὴν
1492 1415 1758 1470 ἀπώλειαν

181 1506 240 1575 ἣν
265 1499 440 1576 εὗρεν,
510 1504 630 1557 άπὸ
670 1505 887 1568 παντὸς
946 1505 1267 1575 πράγματος
1328 1501 1387 1559 οὗ
1425 1506 1601 1576 ὤμοσε
1634 1509 1758 1579 περὶ

178 1595 323 1648 αὐτοῦ
384 1593 599 1657 ἀδίκως
624 1635 642 1659 ,
701 1596 803 1648 καὶ
850 1596 1099 1649 ἀποτίσει
1158 1595 1288 1650 αὐτὸ
1350 1597 1411 1649 τὸ
1472 1597 1757 1666 κεφάλαιον

174 1686 255 1738 καὶ
293 1684 357 1738 τὸ
408 1685 804 1755 enimut-nov.
847 1703 868 1738 ι
906 1686 1102 1755 Ἐχρῆν
1139 1686 1184 1739 δ’
1227 1685 1291 1739 ἂν
1318 1686 1455 1756 μετὰ
1482 1686 1542 1738 τὸ
1573 1687 1759 1754 ἐξαγο-

171 1775 346 1847 ρεῦσαι
369 1775 436 1828 τὸ
483 1774 840 1846 ἁμάρτημα,
879 1775 975 1828 καὶ
1017 1775 1154 1845 μετὰ
1186 1775 1248 1828 τὸ
1290 1776 1558 1839 ἀποτῖσαι,
1593 1776 1754 1828 σπεύ-

1858 604 2079 668 titicem,
2106 604 2302 657 inloco
2326 602 2578 662 videlicet
2603 607 2669 662 de
2695 610 3011 676 quodictum
3038 620 3139 666 est.
3175 611 3388 666 Sextum

1860 708 2071 763 quoque
2103 694 2272 762 legem
2311 694 2586 762 prioribus
2607 697 2850 766 adjungit
2872 698 2957 754 his
2985 701 3155 757 verbis
3179 720 3192 754 :
3218 719 3238 751 ‹
3262 696 3393 753 Ani-

1861 797 1948 836 ma
1977 784 2022 837 si
2055 784 2354 852 peccaverit
2378 792 2434 840 et
2462 785 2648 841 fecerit
2665 785 2922 841 adversus
2946 804 3108 841 unum
3125 804 3189 843 ex
3217 790 3390 842 omni-

1857 871 1959 926 bus
1987 871 2283 941 praaceptis,
2322 873 2523 944 aliquid
2570 891 2776 940 eorum,
2797 892 2916 946 quae
2936 891 3044 930 non
3069 885 3277 947 Oportet
3300 877 3390 947 ta-

1857 975 1997 1026 cere,
2029 970 2082 1016 et
2106 978 2213 1016 non
2240 965 2568 1033 cognoverit,
2622 973 2676 1022 et
2724 966 3028 1037 deliquerit,
3077 946 3129 1022 et
3168 946 3388 1041 accepe-

1855 1050 1929 1103 rit
1957 1059 2230 1119 peccatum
2260 1067 2440 1117 suum,
2470 1070 2661 1111 rursus
2676 1055 2858 1113 oll'eret
2893 1056 3136 1112 Pontiﬁci
3166 1059 3386 1114 arietem

1856 1149 1909 1195 et
1939 1143 2112 1196 orabit
2143 1159 2239 1211 pro
2283 1145 2399 1214 ipso
2454 1147 2730 1213 sacerdos,
2780 1163 2878 1217 pro
2924 1147 3225 1217 ignorantia
3268 1150 3386 1217 ejus

1854 1251 2015 1303 quam
2049 1237 2333 1305 ignoravit,
2364 1249 2417 1293 et
2438 1240 2529 1292 hic
2560 1240 2676 1308 ipse
2704 1255 2811 1295 non
2844 1243 3012 1308 novit,
3071 1248 3125 1296 et
3151 1240 3388 1298 dimitte-

1855 1329 1945 1376 tur
1979 1325 2028 1378 ei
2059 1325 2124 1380 ⁸⁸.
2159 1344 2178 1376 ι
2214 1325 2505 1397 Septimam
2542 1328 2669 1383 item
2709 1330 2900 1385 scribit
2922 1330 3089 1400 legem
3126 1329 3230 1384 hoc
3276 1344 3387 1384 mo-

1853 1413 2181 1468 douAnima
2208 1416 2253 1470 si
2282 1417 2603 1485 peccaverit,
2620 1425 2674 1472 et
2689 1428 3035 1475 contemnens
3057 1425 3388 1488 contempseo

1852 1506 1925 1560 rit
1953 1515 2211 1575 praecepta
2241 1502 2521 1562 Domini'et
2537 1509 2757 1563 mentita
2783 1509 2944 1564 fuerit
2991 1509 3233 1579 proximo
3262 1522 3384 1564 suo

1852 1599 1907 1651 in
1937 1597 2202 1668 deposito,
2229 1599 2728 1655 communicationis
2755 1613 2847 1655 aut
2872 1601 3073 1670 rapinae
3095 1615 3279 1667 causa,
3297 1601 3382 1657 vel

1852 1689 2050 1759 injuria
2079 1690 2257 1759 aliqua
2285 1689 2518 1746 ali‘ecerit
2545 1691 2848 1761 proximum
2877 1693 3079 1757 suum,’
3099 1692 3181 1748 vel
3229 1694 3382 1747 inve-

1851 1778 1992 1833 nerit
2022 1793 2132 1833 rem
2169 1778 2451 1847 perditam,
2480 1794 2545 1833 ac
2572 1779 2638 1834 de
2681 1795 2745 1836 ea
2774 1781 2888 1849 ipse
2933 1781 3152 1836 mentita
3196 1779 3379 1845 fuerit,

169 1865 264 1920 δαν
296 1866 486 1932 πάλιν,
525 1865 727 1919 πάντα
762 1863 1153 1934 ὑπερθέμενον,
1181 1865 1262 1927 είς
1287 1864 1377 1916 τὸν
1412 1864 1570 1917 τόπον
1604 1865 1662 1917 δν
1693 1864 1746 1917 ἂι

1854 1876 1908 1923 et
1966 1868 2225 1937 juraverit
2287 1869 2470 1938 inique
2514 1884 2624 1960 ‘pro
2672 1884 2780 1924 uno
2815 1886 2881 1925 ex
2938 1871 3187 1926 omnibus
3236 1885 3383 1941 qua:-

168 1954 439 2026 ἐκλέξηται
472 1956 702 2026 Κύριος
750 1956 787 2007 6
825 1953 976 2020 Θεὸς,
1023 1954 1117 2007 καὶ
1163 1952 1485 2024 προσφέρειν
1520 1970 1583 2022 γε
1623 1953 1748 2024 περὶ

166 2044 253 2114 τῆς
274 2043 683 2115 πλημμελείας
716 2042 874 2115 κριὸν
897 2043 1123 2113 ἄμωμον
1140 2058 1155 2073 ·
1184 2042 1278 2095 καὶ
1305 2041 1603 2106 ὲξιλάσεται
1624 2043 1747 2114 περὶ

169 2138 318 2191 αὐτοῦ
345 2140 375 2190 6
409 2138 607 2209 ἱερεὺς
638 2137 826 2189 ἔναντι
853 2134 1079 2207 Κυρίου,
1109 2134 1202 2188 καὶ
1226 2134 1554 2204 ἀφηθήσεται
1578 2133 1742 2203 αὐτῷ.

171 2224 338 2280 ταῦτα
370 2229 470 2280 καὶ
506 2226 652 2297 περὶ
686 2225 862 2278 τῶνδε
906 2228 936 2278 6
982 2222 1277 2294 θαυμάσιος
1317 2223 1570 2293 Μωῦσῆς,
1622 2222 1747 2292 περί

172 2333 224 2368 τε
255 2317 362 2371 τῶν
402 2316 697 2379 ἀκουσίως
737 2314 1154 2386 ἡμαρτηκότων,
1194 2313 1287 2367 καὶ
1320 2315 1446 2385 περὶ
1480 2313 1585 2367 τῶν
1628 2313 1746 2367 κατ’

175 2406 397 2474 ἄγνοιαν,
430 2405 887 2479 ἑξηκριὸὡσατο,
930 2405 1208 2477 πόρρωθεν
1260 2403 1366 2457 τῶν
1420 2403 1560 2457 κατὰ
1614 2420 1745 2475 προ-

178 2496 363 2569 αίρεσιν
394 2497 931 2569 πλημμελημάτων,
979 2496 1065 2563 ἐφ’
1091 2489 1170 2557 οἷς
1219 2494 1311 2546 καὶ
1353 2494 1747 2570 ἀπαραιτήτους

174 2589 322 2658 ὁρίζει
364 2590 658 2660 τιμωρίας
701 2587 832 2649 τοὺς
870 2587 1102 2648 οἰκείους
1143 2584 1494 2640 ἀναστέλλων.
1529 2586 1587 2637 '0
1638 2584 1745 2655 γάρ

173 2677 257 2731 sui.
281 2682 386 2743 τοῖς
420 2676 725 2740 ἀκουσίοις
761 2675 840 2747 μὴ
888 2675 1150 2746 πρότερον
1177 2674 1366 2745 νείμας
1404 2675 1741 2746 συγγνώμην,

171 2765 201 2834 ἦ
226 2768 586 2839 ἐξαγορεῦσαι
610 2766 680 2818 τὸ
712 2766 1037 2835 ἁμάρτημα,
1066 2763 1297 2817 κᾶπειτα
1328 2759 1744 2835 ὥσπερμικράν

169 2858 417 2930 τιμωρίαν
446 2857 546 2911 διὰ.
580 2856 692 2927 τῆς
719 2853 1202 2927 προστεταγμένης
1240 2852 1425 2916 θυσίας
1457 2852 1745 2924 εἰσπραξά-

167 2960 316 3012 μενος
342 2948 434 3001 τὸν
464 2945 873 3018 ἡμαρτηκότα,
902 2944 990 2997 διά
1012 2960 1073 2995 τε
1114 2943 1214 3011 τῆς
1236 2943 1327 2994 ἐπὶ
1352 2942 1441 2994 τὸν
1472 2942 1629 3010 άγνὸν
1654 2943 1744 2994 τό·-

161 3050 262 3091 πῠν
286 3038 600 3109 ἀμελλήτου
635 3035 875 3105 πορείας
903 3034 1000 3106 τὴν
1033 3033 1262 3102 σπουδὴν
1294 3030 1424 3101 ὁμοῦ
1454 3032 1545 3086 καὶ
1574 3030 1631 3084 τὸ
1658 3033 1745 3085 εὐ-

158 3125 312 3193 λαϐὲς
334 3130 623 3191 ἐπιτείνας
644 3126 762 3180 τῶν
793 3126 914 3179 κατ’
949 3125 1110 3177 αὑτὸν
1143 3122 1406 3176 θεοσεϐεῖν
1433 3121 1743 3197 προῃρημέ-

1851 1972 2063 2028 cunque
2119 1958 2246 2012 facit
2294 1958 2455 2014 homo
2484 1958 2519 2024 ,’
2563 1967 2616 2015 et
2655 1969 2840 2029 peccat
2878 1979 2891 2014 :
2945 1964 3000 2014 et
3032 1960 3383 2030 quandocun—

1850 2062 1955 2115 que
2002 2050 2304 2117 peccaverit
2351 2066 2414 2104 ac
2465 2051 2769 2120 deliquerit,
2832 2059 2885 2106 et
2925 2053 3225 2107 restituerit
3265 2066 3382 2107 rem

1849 2150 2008 2204 quam
2042 2136 2280 2204 abstulit,
2315 2144 2408 2191 aut
2440 2139 2648 2208 injuria:
2676 2155 2706 2193 a
2730 2155 2789 2193 se
2810 2140 2986 2204 illatae,
3037 2140 3379 2207 satisfecerit,

1851 2224 2010 2294 5am
2037 2224 2340 2294 depositum
2366 2227 2509 2296 quod
2537 2243 2647 2283 sua:
2674 2229 2798 2282 ﬁdei
2813 2229 3158 2284 commissum
3185 2230 3380 2298 fuerat,

1849 2314 2160 2382 reddiderit,
2197 2323 2288 2369 aut
2317 2331 2429 2371 rem
2459 2318 2720 2384 perditam
2748 2334 2907 2387 quam
2932 2319 3153 2383 invenit,
3171 2335 3238 2374 ex
3266 2335 3377 2376 om-

1849 2405 1986 2460 nire
2016 2420 2114 2474 pro
2134 2420 2237 2474 qua
2268 2406 2449 2476 inique
2475 2407 2675 2476 juravit
2702 2408 2870 2462 solvet
2916 2408 3090 2477 ipsum
3112 2416 3300 2474 totum,
3326 2417 3381 2465 et

1848 2495 1964 2563 ejus
1996 2498 2215 2566 insuper
2240 2498 2479 2567 quintam
2522 2507 2729 2568 partem
2754 2498 3127 2555 “JCaaterum
3162 2508 3378 2569 operte»

1848 2583 1940 2637 bat
1987 2593 2270 2655 postquam
2314 2585 2621 2655 prodiderat
2684 2594 2966 2655 peccatum
3011 2603 3076 2643 ac
3125 2590 3377 2656 solverat,

1848 2681 2097 2728 omnibus
2128 2674 2354 2745 negotiis
2382 2676 2704 2744 posthabitis
2731 2691 2976 2746 propere,
3026 2678 3173 2733 abire
3203 2679 3271 2734 ad
3295 2680 3379 2735 lo-

1848 2774 1991 2825 cum,
2036 2777 2192 2831 quem
2244 2763 2476 2833 elegerat
2514 2763 2775 2819 Dominus
2801 2766 2962 2831 Deus,
2991 2775 3043 2822 et
3066 2768 3255 2823 oll'erre
3282 2784 3382 2839 pro

1847 2851 2042 2906 delicto
2071 2853 2292 2906 arietem
2339 2852 2759 2921 immaculatum,
2802 2864 2856 2909 et
2886 2855 2965 2910 sic
3008 2871 3163 2911 orare
3194 2872 3291 2926 pro
3312 2872 3380 2914 eo

1846 2942 2176 2997 sacerdotem
2206 2943 2345 3012 apud
2371 2942 2674 3007 Dominum,
2699 2951 2752 2998 et
2777 2945 2967 3000 dimitti
2993 2948 3064 3001 ei.
3099 2946 3222 3003 Haec
3247 2964 3377 3005 sane

1846 3028 2020 3086 Moses
2045 3030 2133 3085 ille
2164 3031 2509 3086 admirandus
2531 3040 2639 3086 tam
2665 3034 2732 3088 de
2761 3034 2827 3088 iis
2851 3035 2944 3104 qui
2980 3037 3132 3091 inviti
3188 3053 3378 3107 pecca—

1846 3122 2037 3183 verint,
2068 3136 2226 3190 quam
2251 3122 2316 3176 de
2348 3122 2413 3177 iis
2433 3122 2523 3192 qui
2549 3139 2643 3193 per
2671 3123 3045 3192 ignorantiam,
3074 3128 3375 3198 diligentis-

154 3232 282 3285 νων,
311 3221 426 3283 πῶς
463 3220 595 3288 οὐχὶ
627 3217 747 3270 τῶν
778 3215 1042 3278 ἑκουσίως
1077 3214 1362 3285 δρωμένων
1391 3213 1522 3268 πολὺ
1552 3213 1744 3286 πρότε-

1844 3213 1979 3267 sime
2022 3214 2271 3268 tractavit
2308 3230 2548 3270 seorsum
2592 3216 2658 3269 ab
2686 3216 2753 3270 iis
2778 3231 2896 3285 quae
2932 3218 3232 3273 voluntarie
3253 3233 3377 3289 pec—

156 3323 256 3374 ρσν
288 3313 501 3382 ὲπίσχοι
549 3311 625 3364 ἂν
679 3308 786 3371 τὰς
834 3306 1046 3377 ὁρμάς;
1087 3306 1153 3358 Τί
1189 3306 1251 3376 δὴ
1280 3301 1371 3359 οὖν
1407 3306 1542 3377 πρὸς
1575 3304 1744 3358 ταῦτα

153 3402 566 3470 συλλογίζεσθαι
600 3399 776 3470 χρῆν,
811 3398 901 3450 ὅτε
948 3396 1035 3467 δὴ,
1072 3394 1149 3459 ὡς
1201 3397 1429 3466 εἴρηται,
1472 3411 1742 3463 συγκεφα-

140 3484 469 3563 λαιούμενος
504 3492 580 3545 τὰ
612 3491 805 3545 πάντα
829 3491 858 3542 6
891 3487 1127 3558 Μωῦσῆς
1166 3488 1506 3558 ἐπισκήπτει,
1539 3485 1738 3552 λέγων·

135 3591 156 3625 ⁸
235 3583 676 3653 Ἐπικατάρατος
712 3581 823 3641 πᾶς
862 3578 921 3640 ὃς
962 3578 1061 3630 οὐκ
1099 3579 1322 3647 ὲμμενεί
1368 3579 1424 3629 ὲν
1463 3577 1594 3629 πᾶσι
1633 3578 1742 3638 τοῖς

126 3668 641 3745 ἔγγεγραμμένοις
700 3669 798 3722 τοῦ
855 3668 1053 3737 νόμου,
1101 3665 1193 3718 τοῦ
1251 3665 1470 3734 ποιῆσαι
1523 3664 1678 3729 αύτά;
1717 3683 1737 3716 ι

121 3751 293 3833 ’ἐρα
318 3764 422 3836 γὰρ
451 3765 591 3826 τοὺς
617 3763 690 3813 ὲκ
717 3758 970 3830 περάτων
993 3757 1093 3827 γῆς
1117 3756 1404 3827 μέλλοντας
1429 3753 1566 3807 κατὰ
1591 3755 1743 3807 Μωῦ-

113 3854 249 3906 σία
280 3853 585 3914 θεοσεϐεῖν,
614 3850 699 3912 ὡς
730 3849 800 3901 ἂν
827 3846 1050 3916 φύγοιεν
1085 3846 1181 3916 μὲν
1214 3844 1310 3916 τὴν
1357 3842 1616 3914 κατάραν,
1652 3842 1743 3894 τύ-

100 3952 292 4004 Υιυιεν
316 3944 375 3996 δὲ
404 3943 511 4012 τῆς
551 3936 984 4009 ἐπηγγελμένης
1022 3935 1157 4007 πρὸς
1187 3935 1276 3988 τὸν
1319 3932 1562 4005 Ἀϐραὰμ
1597 3931 1742 3985 εύλο-

95 4033 287 4097 Γέας,
320 4032 507 4087 ταῦτα
556 4029 752 4083 πάντα
794 4027 932 4096 χρῆν
969 4024 1246 4095 πράττειν,
1293 4024 1385 4076 καὶ
1430 4021 1606 4093 τρίτον
1647 4020 1739 4075 τοῦ

85 4112 297 4184 ι’·τους
322 4120 588 4189 ἀπαντᾷν
617 4117 707 4178 είς
736 4114 807 4168 τά
852 4111 1225 4183 Ἱεροσόλυμα;
1261 4112 1351 4164 καὶ
1389 4110 1486 4172 τὰς
1518 4111 1581 4162 ὲκ
1611 4110 1742 4162 πάν-

76 4218 247 4262 ττ-ιιιν
266 4211 329 4263 δὲ
352 4210 471 4263 τῶν
500 4207 688 4262 ἐθνῶν
719 4202 995 4257 θεοσεϐεῖν
1019 4199 1446 4273 προκεκριμένας
1464 4202 1736 4267 γυναῖκας,

76 4296 264 4369 ipsi.
285 4302 472 4355 τόκων
502 4298 608 4353 καὶ
649 4295 862 4348 ὠδίνων
889 4290 1261 4361 παυσαμένας,
1291 4288 1552 4359 τοσαύτην
1589 4289 1737 4342 στέλ-

83 4390 329 4446 ““ι-ετθαι
382 4389 655 4462 πορείαν,
716 4384 794 4447 ὡς
847 4384 915 4436 ἂν
970 4380 1066 4452 τὴν
1120 4377 1586 4450 προστεταγμένην
1638 4377 1741 4431 ὑπὸ

134 4480 423 4547 “uicena;
461 4481 674 4535 θυσίαν
716 4476 804 4545 ἐφ’
850 4474 1066 4543 ἑκάστῳ
1112 4470 1219 4523 τῶν
1264 4469 1607 4540 γεννωμένων
1644 4470 1737 4521 ἀν-

1842 3314 2051 3368 cantur,
2073 3304 2266 3374 quibus
2288 3305 2447 3359 etiam
2472 3303 2825 3361 inexorabiles
2852 3307 3053 3376 irrogat
3080 3320 3289 3375 pinnas.
3316 3313 3377 3361 ut

1841 3411 1968 3451 suos
2009 3396 2083 3449 ita
2123 3395 2410 3457 cohibeat,
2466 3409 2528 3449 ac
2587 3395 2839 3450 refrenet.
2899 3394 3002 3461 Qui
3051 3398 3194 3450 enim
3253 3397 3323 3452 iis
3354 3434 3371 3460 ,

1839 3487 1929 3557 qui
1952 3486 2103 3540 inviti
2146 3485 2485 3555 peccaverint
2541 3501 2650 3539 non
2696 3486 2846 3555 prius
2900 3487 3108 3540 veniam
3162 3488 3371 3554 tribuit,

1840 3590 2000 3644 quam
2033 3582 2309 3643 peccatum
2354 3572 2808 3634 aununtiaverint,
2856 3586 2919 3624 ac
2949 3570 3139 3625 deinde
3186 3573 3238 3625 ei
3279 3573 3373 3641 qui

1840 3667 2078 3736 peccavit
2108 3665 2262 3734 quasi
2288 3665 2456 3719 levem
2479 3678 2689 3733 pinnam
2723 3677 2818 3731 per
2846 3662 3103 3716 indictum
3130 3662 3260 3716 illud
3284 3678 3375 3717 sa-

1841 3756 2097 3809 criﬁcium
2129 3755 2345 3825 irrogat,
2371 3763 2424 3809 et
2452 3768 2546 3823 per
2574 3755 2933 3808 accessionem
2968 3753 3085 3808 sine
3122 3768 3271 3807 mora
3303 3751 3372 3808 ad

1839 3842 2014 3898 locum
2040 3853 2302 3908 sanctum,
2330 3843 2567 3897 studium
2596 3843 2754 3897 simui
2781 3853 2834 3897 et
2857 3842 3162 3910 religionem
3185 3857 3370 3897 eorum

1840 3932 2086 3995 intendit,
2116 3933 2206 4002 qui
2236 3950 2294 3987 se
2320 3943 2540 3987 auctore
2561 3934 2618 3986 in
2649 3933 2830 3988 divino
2874 3932 3022 3987 cultu
3071 3935 3148 3987 uti
3182 3935 3366 3998 velint,

1838 4023 1930 4092 qui
1954 4024 2066 4077 ﬁeri
2099 4030 2273 4092 pctest
2310 4032 2366 4075 ut
2407 4036 2514 4075 non
2556 4023 2724 4075 multo
2756 4024 2904 4091 prius
2941 4023 3007 4076 ab
3033 4023 3099 4077 iis
3120 4038 3240 4092 qua:
3284 4038 3371 4077 vo-

1840 4113 2068 4166 luntarie
2096 4113 2517 4174 committuntur,
2550 4112 2848 4166 cohibuerit
2873 4114 3136 4182 appetitus
3167 4115 3191 4166 ἲ
3228 4111 3368 4179 Quid

1838 4202 1904 4255 ad
1928 4203 2039 4256 haec
2071 4201 2229 4272 igitur
2249 4202 2612 4272 argumentari
2641 4210 2872 4271 oportet,
2891 4202 3125 4270 quando,
3163 4211 3221 4256 ut
3247 4204 3367 4257 dic-

1837 4297 1950 4343 tum
1976 4299 2077 4354 est,
2111 4296 2300 4343 cuncta
2328 4289 2572 4359 redigens
2597 4289 2651 4342 in
2673 4304 2931 4343 summam
2959 4288 3151 4353 Moses,
3169 4292 3246 4345 sic
3267 4291 3367 4344 im—

1838 4378 2131 4446 precatur?
2158 4396 2176 4428 ι
2210 4377 2566 4432 Exsecrabilis
2594 4378 2770 4431 omnis
2806 4379 3109 4447 quicunque
3129 4396 3233 4433 non
3264 4387 3370 4435 ste-

1840 4469 1961 4522 terit
1991 4468 2261 4531 omnibus,
2295 4483 2413 4536 quae
2441 4468 2493 4520 in
2526 4468 2638 4535 lege
2696 4468 2892 4536 scripta
2944 4475 3089 4531 sunt,
3121 4477 3177 4522 ut
3210 4468 3367 4524 faciat

183 4569 469 4638 ενέγκαιεν;
512 4571 550 4641 ἢ
597 4570 733 4628 τοὺς
770 4561 1147 4632 ἐφαψαμένους
1192 4558 1379 4630 νεκροῦ
1416 4558 1677 4628 σώματος,
1708 4557 1741 4628 ῆ

1844 4573 1905 4612 ea
1971 4558 2013 4588 ³⁷
2090 4577 2133 4613 ι.
2176 4557 2314 4627 Ergo
2361 4556 2519 4610 etiam
2564 4558 2616 4610 in
2667 4559 2919 4611 extremis
2965 4567 3120 4612 terrae
3171 4559 3365 4613 ﬁnibus

176 4660 271 4724 τοὺς
288 4664 562 4735 ἐπίορκον
591 4654 983 4727 ὀμωμοκότας,
1011 4651 1045 4720 ἢ
1074 4650 1197 4711 τοὺς
1219 4648 1464 4701 ἀκούσιόν
1484 4664 1534 4700 τι
1561 4648 1737 4717 δεδρα-

174 4749 301 4818 “ut;
328 4758 400 4807 ὲκ
438 4751 710 4819 περάτων
729 4745 833 4813 γῆς
861 4743 1035 4812 ἥκειν,
1060 4739 1266 4810 τρέχειν
1289 4755 1347 4789 τε
1376 4738 1468 4790 καὶ
1492 4736 1733 4790 σπεύδειν

172 4839 245 4894 ἐπὶ
276 4847 371 4901 τδν
413 4836 930 4911 νενομοθετημένον
974 4830 1329 4901 καθαρισμὸν,
1367 4829 1442 4892 ὼς
1474 4828 1538 4880 ἂν
1569 4826 1733 4906 έκφιῧ

171 4942 286 4992 my
332 4936 443 5007 τὴν
481 4932 591 5000 τῆς
628 4926 879 4995 κατάρας
921 4919 1246 4989 ὲπίσκηφιη
1294 4918 1452 4971 Ἀλλὰ
1492 4917 1733 5007 συνορᾷς,

170 5015 233 5082 ὥς
252 5026 339 5080 καὶ
368 5006 570 5085 ἀύτοϊς
602 5020 723 5080 τοῖς
754 5014 895 5085 ἀμφὶ
927 5012 997 5066 τά
1041 5009 1377 5080 Ἱεροσόλυμα
1407 5006 1729 5072 κατοικοῦσι,

172 5109 249 5160 καὶ
271 5116 363 5168 tu},
383 5114 567 5185 μόνης
580 5108 688 5177 τῆς
718 5102 976 5164 Ἰουδαίας
991 5099 1090 5161 τάς
1110 5096 1380 5185 διατριξὰς
1403 5093 1734 5185 ποιουμένοις

177 5194 208 5245 δ
225 5204 343 5257 κατὰ
375 5182 631 5257 Diui-366a
671 5194 786 5265 βίος
811 5187 1249 5259 δυσκατόρθωτος
1274 5182 1359 5255 ἦν’
1395 5185 1521 5253 μήτι
1555 5201 1616 5250 γε
1643 5184 1732 5235 δυ-

181 5290 304 5355 νεὼς
330 5285 717 5346 ἐπιτελεῖσθαι
735 5282 832 5339 καὶ
847 5284 962 5343 τοῖς
988 5279 1192 5339 λοιποῖς
1212 5275 1416 5328 ἔθνεσιν
1433 5273 1528 5342 (5).
1549 5274 1733 5326 Ἔνθεν

246 5432 279 5463 ³⁸
307 5434 481 5490 Lavit.
508 5449 565 5497 ν,
614 5428 707 5483 15.
789 5425 836 5457 ³³
872 5420 1012 5479 Ibid.
1052 5419 1140 5479 17.
1183 5417 1268 5472 18.
1341 5415 1388 5448 ³⁵
1424 5413 1557 5469 Ibid.
1598 5433 1671 5479 vi,
1710 5417 1824 5474 2-7.

251 5542 301 5617 ᾧ)
336 5547 485 5615 Μήτι
528 5562 597 5617 τε
634 5537 909 5617 summa
928 5528 1592 5617 answer???
1611 5534 1729 5617 #9!-

209 5596 300 5678 ξόῐςῖ
322 5596 596 5671 ἐᾱέὲέάιῖἓ
630 5611 855 5667 Nedum
881 5596 1005 5678 Ἰέιιο
1029 5610 1084 5654 ιιι
1106 5608 1335 5678 posset_a
1358 5596 1579 5664 reliquis
1607 5615 1729 5678 gen-

213 5668 303 5744 [ὶὺιὶ
317 5668 645 5744 ἀδιέιένρι-ίδ
684 5677 861 5736 vertit
900 5668 1159 5744 Donatus.
1193 5668 1370 5744 male,
1400 5678 1562 5744 mens!
1579 5669 1722 5719 enim

205 5732 942 5819 Ei'ﬁidiiohmus
986 5740 1081 5793 hoc
1107 5735 1314 5794 vivendi
1357 5732 1665 5788 institutum
1696 5750 1724 5788 a

1836 4648 2154 4710 habitantes,
2197 4649 2241 4702 si
2285 4645 2715 4703 ritusMosaicos
2762 4663 2977 4702 servare
3004 4650 3267 4710 volebant,
3308 4655 3365 4701 ut

1836 4737 1993 4790 talem
2007 4738 2424 4790 exsecrationem
2440 4738 2687 4800 vitarent,
2705 4738 3130 4806 promissamque
3142 4736 3364 4790 Abrahae

1835 4826 2257 4881 benedictionem
2315 4829 2724 4898 contingerent,
2782 4828 2892 4880 haec
2946 4829 3121 4880 omnia
3185 4828 3360 4880 facere

1834 4915 2113 4985 oportebat
2143 4916 2166 4968 ?
2194 4931 2258 4968 ac
2293 4923 2374 4969 ter
2402 4918 2627 4986 singulis
2679 4918 2833 4970 anuis
2862 4915 3223 4984 Hierosolyma
3269 4931 3361 4985 pe-

1835 5016 1949 5059 tere
1975 5006 1999 5058 ?
2031 5022 2093 5059 ex
2117 5007 2258 5060 omni
2291 5015 2543 5074 praeterea
2576 5007 2809 5066 natione.
2850 5021 2966 5074 qua:
2995 5005 3127 5058 tales
3159 5005 3259 5060 sibi
3286 5009 3362 5061 ri-

1837 5103 1924 5148 tus
1952 5095 2241 5151 servandos
2273 5096 2670 5164 proposuisset,
2711 5094 2933 5147 feutinas
2992 5104 3142 5162 partu
3202 5097 3361 5150 modo

1837 5199 1900 5237 ac
1952 5185 2224 5239 doloribus
2257 5184 2460 5237 levatas
2512 5191 2617 5235 tam
2651 5184 2864 5250 longum
2893 5183 2991 5235 iter
3019 5184 3221 5252 ingredi
3253 5224 3267 5247 ,
3302 5194 3361 5238 ut

1837 5271 1979 5341 quod
2029 5271 2340 5341 imperasset
2388 5269 2560 5324 Moses
2598 5266 2916 5321 sacrificium
2943 5308 2957 5334 ,
2991 5283 3088 5337 pro
3136 5269 3359 5340 singulis

1932 5417 1975 5447 "
2014 5416 2167 5471 Deut.
2206 5430 2365 5473 xxvu.
2391 5414 2480 5468 26.

1828 5528 2025 5584 Judaais
2050 5528 2186 5597 apud
2213 5528 2346 5597 alias
2373 5534 2541 5594 gentes
2568 5524 2896 5597 degentibus-
2909 5524 3147 5593 potuisse
3161 5524 3361 5597 obser-

1829 5601 1965 5653 vari.
1996 5591 2299 5665 Legendum
2324 5591 2481 5665 igitur
2501 5597 2556 5645 ὲν
2575 5597 2683 5657 τοῖς
2712 5591 2930 5655 λοιποῖς,
2950 5604 2998 5647 et
3017 5605 3145 5665 post
3158 5591 3360 5644 ἔθνεσιν

1829 5659 2125 5720 addendum
2142 5664 2276 5716 forte
2290 5659 2574 5725 Ίῶδδαίοις,
2591 5674 2770 5716 verten
2790 5659 3033 5729 lumquei
3050 5659 3230 5714 nedum
3246 5668 3355 5729 Mt.

1827 5752 1874 5804 ρ.
1906 5754 1934 5788 a
1956 5734 2154 5788 lit-’teis
2186 5732 2323 5799 apud
2366 5733 2502 5788 alias
2537 5742 2704 5801 gentes
2754 5726 3045 5799 degruiibus
3077 5726 3351 5780 observari.
