3870 6370
714 411 779 465 59
1320 406 1578 460 EUSEBII
1611 401 2081 462 CESARIENSIS
2116 405 2266 463 OPP.
2305 407 2480 460 PARS
2516 407 2580 461 11.
2621 437 2688 448 -
2723 409 3208 468 APOLOGETICA.

713 523 1000 595 puerperiis
1027 519 1278 574 offerrent
1307 520 1331 572 ’ἔ
1358 520 1479 573 item
1504 519 1593 588 qui
1622 527 1713 572 aut
1745 528 2008 573 mortuum
2027 535 2222 590 corpus

2181 535 2222 574 Is
2251 528 2293 582 Α
2321 519 2537 581 εἰκότως
2559 522 2586 572 ό
2620 521 2798 590 Σωτὴρ
2823 522 2912 573 καὶ
2937 523 3134 594 Κύριος
3159 527 3318 595 ἡμῶν
3347 530 3533 598 Ἰησοῦς
3555 533 3582 583 ὁ
3599 532 3709 594 Tib;

708 617 1026 682 attigissent,
1055 617 1147 664 aut
1177 610 1503 679 pejerassent
1533 649 1548 671 ,
1582 618 1674 664 aut
1705 609 1857 662 inviti
1899 609 2095 678 aliquid
2143 609 2220 664 fe-

708 707 923 764 cissent,
957 715 1049 754 eos
1082 699 1150 754 ab
1189 699 1442 755 extremis
1489 707 1645 754 terra!
1684 701 1877 754 ﬁnibus
1933 700 2128 760 venire,
2157 715 2220 752 ac

706 797 1051 862 properantes
1072 804 1352 844 excurrere
1389 789 1455 842 ad
1477 804 1593 843 eam
1619 805 1734 859 qua:
1765 791 1877 858 lege
1898 792 2102 844 sancita
2133 806 2219 845 es-

707 885 806 938 set.
837 878 1219 944 purgationem,
1248 885 1304 929 ut
1339 878 1723 932 exsecrationis
1762 891 1973 946 poenam
2022 878 2217 948 effuge-

704 967 862 1021 rent?
891 964 994 1019 Sed
1023 967 1177 1034 plane
1216 967 1471 1035 perspicis
1515 975 1572 1019 ut
1601 967 1682 1020 vel
1715 968 1825 1035 ipsa
1856 965 2216 1038 Hierosolyma

701 1053 1052 1108 incolentibus
1079 1095 1094 1118 ,
1138 1061 1295 1122 atque
1324 1054 1378 1107 in
1414 1069 1519 1108 una
1565 1052 1744 1108 Judma
1788 1055 2122 1110 versantibus
2154 1071 2216 1109 ac

699 1143 1010 1213 degentibus
1049 1143 1334 1198 Mosaicum
1370 1144 1498 1197 illud
1527 1143 1732 1198 vivendi
1767 1144 2068 1198 institutum
2098 1161 2214 1199 ser-

697 1240 822 1285 vatu
885 1231 1094 1286 diﬂicile
1159 1241 1340 1294 esset,
1401 1233 1594 1288 nedum
1660 1234 1763 1288 tale
1830 1243 1886 1286 ut
1944 1244 2122 1302 posset
2185 1250 2214 1288 a

698 1319 917 1389 reliquis
953 1321 1196 1388 gentibus
1245 1321 1537 1374 observari.
1585 1319 1809 1374 Proinde
1863 1321 2104 1374 Salvator
2152 1337 2214 1375 ac

697 1409 952 1464 Dominus
991 1420 1172 1464 noster
1205 1408 1361 1464 Jesus
1402 1407 1567 1464 Filius
1618 1409 1706 1464 Dei
1746 1418 1865 1478 post
1912 1411 2138 1465 reditum
2181 1426 2212 1464 ιι

695 1507 864 1552 morte
894 1498 958 1552 ad
979 1499 1158 1561 vitam,
1189 1499 1244 1568 6
1274 1514 1395 1552 cum
1447 1498 1509 1550 ad
1543 1499 1834 1567 discipulos
1866 1513 1991 1553 suos
2045 1498 2214 1554 dixis-

641 1592 650 1598 '
695 1596 774 1639 set
805 1604 818 1640 :
857 1602 876 1636 ι
915 1585 988 1640 ite
1033 1599 1095 1640 ac
1126 1586 1310 1640 docete
1341 1600 1524 1641 omnes
1553 1594 1734 1656 gentes
1766 1586 1828 1650 ³⁸,
1873 1605 1889 1636 ι
1943 1594 2053 1638 tum
2099 1601 2209 1640 me-

693 1675 799 1726 rito
821 1673 1060 1741 adiunxit
1083 1693 1096 1727 :
1153 1692 1172 1724 ‹
1198 1674 1449 1728 docentes
1471 1689 1562 1729 eos
1597 1689 1808 1728 servare
1834 1674 2031 1736 omnia,
2065 1688 2209 1742 qua:-

2317 609 2447 661 Θεοῦ
2481 608 2614 678 μετά
2641 611 2737 679 τὴν
2770 613 2832 664 ἐκ
2865 614 3063 683 νεκρῶν
3091 617 3385 670 ἀνάστασιν
3409 622 3512 680 τοῖς
3541 621 3690 672 αὐτοῦ

2318 698 2502 767 θηταῖς
2551 698 2746 749 εἰπών·
2799 720 2816 749 ι
2862 702 3212 771 Πορευθέντες
3277 705 3624 774 μαθητεύσατε
3665 726 3710 759 πα

2317 786 2383 838 τὰ
2432 786 2574 854 ἔθνη,
2617 806 2633 837 ι
2673 788 2940 856 ἐπιλέγει,
2990 808 3008 838 ι
3039 791 3372 856 διδάσκοντες
3419 796 3603 858 αὐτοὺς
3657 815 3710 848 ττ

2317 875 2488 926 πάντα
2514 877 2610 927 ὅσα
2643 877 2980 946 ἐνετειλάμην
3011 879 3154 947 ὑμῖν.
3199 899 3218 930 ι
3246 883 3319 933 Οὐ
3352 882 3452 952 γὰρ
3477 884 3542 935 τά
3570 885 3710 938 Moab:

2313 962 2511 1034 νόμιμα
2553 966 2813 1020 διδάσκειν
2874 967 3043 1020 πάντα
3097 968 3164 1020 τά
3217 969 3338 1040 ἔθνη
3389 972 3710 1040 παρεκελεύσ.

2312 1054 2421 1106 ἀλλ’
2445 1043 2549 1107 ὅσα
2572 1052 2728 1116 αὐτὸς
2758 1055 3063 1107 ἐνετείλατο.
3089 1055 3269 1108 Ταῦτα
3315 1058 3356 1110 δ’
3402 1054 3486 1127 ἦν,
3529 1059 3595 1112 τὰ
3634 1063 3685 1113 ἐι.

2311 1140 2649 1210 Εὐαγγελίοις
2696 1143 2854 1196 αὐτοῦ
2910 1145 3192 1214 φερόμενα.
3243 1146 3472 1209 Εἰκότως
3515 1143 3605 1201 οὖν
3656 1167 3710 1203 κο

2310 1232 2468 1284 αὑτοῦ
2523 1232 2752 1302 μαθηταὶ
2799 1234 2889 1285 καὶ
2932 1234 2979 1284 oi
3027 1233 3304 1285 ἀπόστολοι
3353 1236 3408 1286 ἐν
3450 1238 3514 1304 τῇ
3563 1239 3685 1306 περὶ

2311 1318 2473 1370 ἐθνῶν
2507 1319 2686 1386 σκέψει
2726 1319 3033 1388 ὁμολογοῦσι
3080 1320 3152 1388 μὴ
3185 1317 3438 1372 δύνασθαι
3471 1321 3538 1374 τὰ
3570 1323 3709 1386 ,Μωῦ

2309 1408 2506 1476 νόμιμα
2555 1411 2661 1470 τοῖς
2713 1407 2913 1460 ἔθνεσιν
2960 1407 3310 1478 ἐφαρμόζειν·
3365 1410 3450 1460 ὅτε
3497 1411 3629 1479 μήτε
3671 1429 3710 1462 α’

2312 1495 2444 1563 μήτε
2468 1497 2574 1555 τοῖς
2602 1495 2858 1564 πατράσιν
2887 1495 3056 1548 αὐτῶν
3095 1495 3477 1564 εὐκατόρθωτα
3505 1495 3710 1563 γέγονε.

2309 1600 2392 1651 γει
2417 1585 2460 1636 δ’
2491 1581 2580 1636 οὖν
2615 1585 2670 1635 ἐν
2715 1586 2830 1645 ταῖς
2862 1585 3120 1653 Πράξεσιν
3141 1587 3169 1636 ό
3202 1585 3431 1654 Πέτρος·
3464 1603 3482 1634 ι
3520 1584 3629 1636 Νῦν
3672 1582 3710 1637 οἱ

2307 1672 2584 1742 πειράζετε
2604 1672 2689 1724 τὸν
2715 1669 2865 1736 Θεὸν,
2896 1671 3153 1724 ἐπιθεῖναι
3177 1672 3338 1738 ζυγὸν
3360 1673 3452 1724 ἐπὶ
3480 1669 3570 1724 τδν
3595 1673 3710 1743 τρά;

692 1775 899 1830 cunque
927 1763 1148 1830 pmcepi
1170 1763 1320 1816 vobis
1347 1763 1414 1816 ³⁹.
1450 1781 1468 1814 ι
1513 1760 1626 1816 Νοιι
1655 1764 1794 1816 enim
1823 1776 1940 1830 qua:
1967 1762 2020 1814 in
2048 1761 2208 1816 Musis

2183 1776 2208 1815 s
2305 1763 2408 1814 τῶν
2441 1762 2710 1832 μαθητῶν,
2737 1761 2793 1814 ὃν
2822 1760 2942 1813 οὔτε
2982 1763 3029 1814 οἱ
3071 1762 3302 1830 πατέρες
3339 1764 3372 1830 ἡ
3385 1760 3500 1830 μῶν
3538 1760 3661 1814 οὔτε
3699 1767 3709 1814 τ

691 1849 896 1918 legibus
923 1857 1066 1916 sunt,
1093 1852 1283 1904 docere
1333 1866 1517 1905 onmes
1538 1858 1719 1919 gentes
1751 1852 2042 1918 imperabat
2067 1869 2082 1905 :
2115 1851 2208 1905 sed

2181 1851 2208 1904 d
2238 1837 2278 1890 Β
2308 1853 2595 1921 ἰσχύσαμεν
2640 1852 2928 1921 βαστάσαις
2994 1871 3012 1902 ι
3063 1852 3301 1913 Εἰκότως
3356 1850 3414 1902 δὲ
3473 1850 3570 1903 καὶ
3627 1851 3709 1902 αὑ·

689 1956 1018 2010 quaecunque
1045 1957 1158 2010 Ipse
1187 1954 1522 2010 praeceperat.
1558 1942 1679 1995 Haec
1717 1959 1874 2012 porro
1913 1951 2056 2005 sunt,
2092 1957 2208 2010 quae

689 2033 744 2086 in
766 2033 907 2086 illius
935 2032 1232 2100 Evangeliis
1254 2034 1605 2088 continentur.
1636 2032 1822 2088 Merito
1839 2035 1997 2103 igitur
2024 2043 2075 2088 et
2099 2035 2207 2087 dis-

687 2123 849 2192 cipuli
899 2124 1156 2191 ejusdem,
1189 2134 1243 2178 et
1269 2127 1515 2194 apostoli,
1571 2141 1690 2178 cum
1743 2127 1938 2180 habere
1971 2127 2205 2194 gentium

686 2213 945 2266 rationem
983 2213 1197 2275 vellent,
1233 2214 1287 2266 in
1316 2215 1416 2268 hoc
1445 2216 1584 2268 inter
1612 2230 1669 2269 se
1698 2223 2060 2269 convenerunt
2091 2234 2104 2269 :
2149 2223 2207 2267 ut

685 2317 802 2371 quae
833 2302 887 2356 in
921 2302 1080 2357 Musis
1108 2304 1311 2371 legibus
1341 2304 1697 2367 continentur,
1719 2319 2048 2373 nequaquam
2079 2319 2205 2374 gen-

684 2392 828 2446 tibus
862 2402 1079 2462 possent
1113 2395 1525 2456 accommodari,
1571 2395 1763 2462 quippe
1789 2409 1905 2462 quae
1937 2409 2109 2462 neque
2137 2395 2204 2448 ab

683 2479 838 2548 ipsis,
868 2495 1082 2548 nequea
1104 2482 1341 2549 patribus
1372 2482 1606 2550 ipsorum
1641 2484 1838 2535 servari
1868 2483 2046 2551 potius
2082 2498 2205 2539 con.

682 2576 868 2624 staret.
903 2568 1038 2638 Ergo
1069 2570 1122 2622 in
1150 2571 1296 2623 Actis
1326 2569 1514 2624 Petrus
1545 2571 1815 2638 loquitur:
1853 2589 1871 2622 ι
1903 2571 2054 2624 Nunc
2075 2586 2202 2637 ergo

681 2661 807 2730 quid
840 2661 1052 2714 tentatis
1082 2659 1267 2723 Deum,
1325 2660 1597 2729 imponere
1634 2663 1818 2728 jugum
1852 2677 2010 2729 super
2032 2662 2202 2716 cervi-

680 2764 771 2803 ces
791 2749 1192 2817 discipulorum,
1229 2749 1370 2816 quod
1413 2765 1584 2817 neque
1611 2759 1786 2817 patres
1811 2749 2002 2809 nostri,
2029 2762 2199 2817 neque

679 2852 779 2891 nos
806 2845 1017 2904 portare
1068 2837 1334 2905 potuimus
1364 2837 1407 2867 ‘°
1437 2837 1460 2888 ?
1493 2855 1513 2888 ι
1559 2836 1650 2891 sed
1676 2837 1835 2891 etiam
1886 2837 1997 2904 ipse
2028 2835 2199 2892 Moses

677 2934 893 2996 propter
934 2927 1044 2981 btec
1073 2927 1188 2994 ipsa
1219 2941 1337 2994 quae
1381 2925 1635 2988 diximus,
1664 2927 1852 2980 merito
1878 2935 1929 2980 et
1974 2927 2198 2979 alterum

679 3023 869 3082 prater
897 3028 954 3067 se
985 3021 1347 3067 surrecturum
1373 3012 1448 3063 ait
1478 3010 1793 3079 Prophetam
1824 3049 1838 3069 ,
1874 3016 1924 3062 et
1949 3009 2090 3061 hunc
2119 3009 2199 3074 ip-

676 3117 794 3155 sum
843 3101 1017 3169 legum
1075 3106 1344 3152 auctorem
1406 3098 1640 3152 futurum
1689 3097 1896 3150 cunctis
1953 3095 2197 3164 gentibus

2303 1943 2534 2012 Μωῦσῆς
2579 1942 2773 1994 τούτων
2818 1942 2988 1994 αὐτῶν
3037 1942 3239 2006 ἕνεκεν,
3284 1941 3474 2011 ἕτερον
3514 1942 3644 2011 παρ’
3677 1938 3710 1992 si

2303 2031 2686 2100 ἀναστήσεσθαι
2717 2030 2815 2100 ἔφη
2850 2030 3148 2100 προφήτην,
3189 2028 3287 2082 καὶ
3331 2028 3525 2080 τοῦτον
3562 2029 3710 2098 νομοί

2302 2116 2510 2168 ἔσεσθαι
2539 2116 2642 2168 τῶν
2675 2116 2838 2167 ἐθνῶν
2868 2114 3582 2181 ἀπάντωνεύαγγελίζεται,
3612 2114 3703 2166 τὸν

2303 2201 2421 2256 στὸν
2451 2205 2822 2272 αἰνιττόμενος,
2864 2202 3006 2272 αύτῷ
3045 2220 3103 2255 τε
3153 2203 3441 2255 πείθεσθαι
3491 2206 3606 2266 τοῖς
3649 2206 3710 2255 ol'.

2301 2298 2565 2365 παραινεῖ,
2597 2291 2700 2347 ὧδέ
2736 2311 2811 2363 πη
2844 2294 2934 2345 καλ⁹
2977 2293 3132 2346 τοῦτο
3162 2291 3445 2358 θεσπίζων
3467 2311 3481 2325 ·
3520 2314 3539 2346 ‹
3579 2297 3710 2366 Προε

2301 2385 2426 2452 ὑμῖν
2453 2384 2736 2452 ἀναστήσει
2766 2382 2960 2452 Κύριος
2986 2385 3012 2435 ό
3037 2383 3165 2445 Θεὸς
3197 2384 3260 2435 ἐκ
3294 2383 3406 2437 τῶν
3438 2384 3690 2452 ἀδελφῶν

2299 2469 2372 2531 ὼς
2403 2469 2524 2538 ἐμὲ·
2551 2469 2708 2520 αὑτοῦ
2737 2469 3023 2522 ἀκούσεσθε
3046 2469 3184 2521 κατὰ
3212 2470 3402 2523 πάντα
3425 2471 3530 2524 ὅσα
3564 2472 3632 2524 ἂν
3666 2472 3710 2523 λι

2301 2559 2444 2626 ὑμῖν.
2484 2559 2668 2610 Ἔσται
2697 2557 2771 2620 δὲ,
2807 2560 2952 2610 πᾶσα
2982 2557 3144 2627 ψυχὴ,
3171 2559 3296 2626 ἥτις
3329 2559 3399 2612 ἂν
3435 2561 3513 2631 μὴ
3542 2561 3710 2612 ἁκούσ

2300 2645 2566 2714 προφήτου
2619 2645 2838 2706 ἐκείνου,
2881 2643 3392 2714 ὲξολοθρευθήσεται
3440 2649 3510 2699 ἐκ
3551 2647 3650 2700 τοῦ
3692 2666 3710 2716 γ

2299 2731 2482 2799 αὖτῆς.
2526 2750 2544 2782 ι
2585 2730 2690 2782 Καὶ
2719 2731 2898 2783 τοῦτον
2931 2731 2989 2784 δὲ
3027 2732 3116 2786 τὸν
3150 2736 3473 2806 προφήτην,
3509 2736 3709 2806 δηλονόι

2297 2818 2542 2887 Χριστὸν,
2570 2818 2626 2884 ἐξ
2665 2819 2924 2872 Ἰουδαίων
2951 2820 3300 2892 προελθόντα,
3327 2826 3561 2877 πάντων
3582 2825 3696 2878 τῶν

2295 2909 2714 2978 κατακρατήσειν
2746 2911 2902 2962 πάλιν
2935 2913 3219 2979 ἀναφωνεῖ,
3273 2914 3460 2982 λέγων
3482 2933 3496 2945 ·
3535 2936 3555 2966 ‹
3605 2917 3697 2979 Ὧς

2293 2997 2340 3049 oi
2379 2993 2511 3048 οἶκοί
2544 3014 2653 3060 σου,
2698 2999 2905 3062 Ἰακὼϐ,
2943 3002 2996 3052 αἱ
3023 3003 3241 3066 ,σκηναί
3294 3021 3421 3067 σου,
3459 3006 3710 3076 Ἰσραὴλ,

2294 3085 2456 3138 νάπαι
2485 3087 2809 3151 σκιάζουσαι,
2837 3091 2926 3142 καὶ
2952 3089 3079 3143 ὡσεὶ
3105 3093 3450 3161 παράδεισος
3481 3096 3583 3149 ἐπὶ
3614 3114 3710 3148 ποι

677 3160 921 3250 nuntiat:
930 3187 1199 3242 Christum
1229 3202 1292 3240 eo
1318 3186 1472 3240 modo
1509 3183 1837 3254 signiﬁcans,
1871 3192 1922 3237 et
1941 3160 2108 3237 eidem
2136 3191 2193 3234 ut

2173 3191 2193 3233 ι
2219 3160 2261 3216 C
2293 3174 2365 3237 ὼς
2391 3176 2580 3242 σκηναὶ
2611 3176 2672 3239 ἀς
2698 3177 2888 3247 ἔπηξεν
2908 3179 3124 3251 Κύριος.
3165 3181 3568 3247 Ἔξελεύσεται
3599 3186 3701 3240 ἀνθ

675 3284 932 3345 pareant;
967 3276 1080 3329 suis
1137 3275 1388 3328 omnibus
1439 3274 1707 3341 imperat:
1767 3287 1925 3340 quam
1962 3287 2070 3324 rem
2111 3270 2192 3323 bis

673 3365 838 3420 ferme
866 3365 1040 3418 verbis
1065 3364 1267 3418 divinat
1297 3382 1310 3416 :
1345 3383 1362 3412 ι
1383 3362 1704 3432 Prophetam
1735 3362 1886 3415 vobis
1909 3359 2190 3414 suscitabit

675 3455 926 3510 Dominus
959 3455 1094 3508 Deus
1119 3469 1183 3508 ex
1215 3453 1470 3506 fratribus
1494 3453 1686 3506 vestris
1724 3459 1971 3519 tauquam
1997 3463 2098 3509 me,
2124 3449 2190 3501 il-

673 3542 782 3596 lum
809 3541 1035 3594 audietis
1060 3541 1111 3593 in
1145 3541 1394 3594 omnibus
1419 3555 1536 3607 quae
1567 3541 1813 3607 loquetur
1842 3537 2011 3591 vobis.
2039 3537 2191 3602 Qua:-

671 3645 884 3698 cunque
908 3643 1035 3683 vero
1066 3628 1242 3681 anima
1278 3642 1382 3680 non
1420 3626 1642 3680 audierit
1679 3625 1993 3695 Pmphetam
2019 3627 2186 3687 illum,

671 3720 933 3774 delcbitur
964 3718 1030 3771 de
1060 3732 1249 3786 genere
1279 3733 1374 3769 suo
1398 3718 1439 3747 δι
1471 3735 1515 3769 ›.
1551 3715 1715 3768 Porro
1752 3723 1926 3769 autem
1963 3716 2190 3784 prophe-

673 3819 778 3863 tam
810 3809 950 3860 hunc
993 3806 1263 3860 Christum
1311 3805 1481 3872 ipsum
1510 3805 1752 3858 videlicet
1782 3821 1810 3856 a
1841 3803 2040 3857 Judmis
2080 3806 2189 3858 ori-

672 3896 910 3956 undum,
967 3895 1090 3946 alibi
1142 3893 1264 3945 item
1320 3892 1569 3945 omnibus
1625 3892 1869 3958 gentibus
1900 3893 2188 3960 imperatu-

671 3997 811 4042 rum.
841 3982 1081 4034 enuntiat
1101 3979 1182 4032 his
1210 3977 1602 4041 verbisuQuam
1621 3977 1851 4044 pulchrae
1878 3977 2063 4030 domus
2085 3989 2186 4030 ture

669 4071 851 4130 Iacob,
895 4069 1122 4123 tentoria
1155 4077 1264 4132 tua,
1297 4066 1489 4131 Israel;
1518 4073 1575 4118 ut
1603 4067 1769 4120 saltus
1823 4069 2078 4128 umbrosi,
2129 4078 2185 4120 ut

671 4162 853 4212 hortus
880 4159 1034 4226 juxta
1084 4159 1300 4210 lluvium
1325 4195 1340 4218 ,
1378 4162 1436 4208 ut
1486 4156 1828 4210 tabernacula
1853 4197 1866 4216 ,
1898 4173 2016 4225 (tua:
2074 4159 2184 4212 ﬁxit

671 4249 943 4303 Dominus.
999 4246 1240 4300 Prodibit
1291 4246 1449 4299 homo
1488 4262 1553 4300 ex
1582 4246 1783 4300 semine
1833 4247 1968 4314 ejus,
1998 4256 2049 4300 et
2083 4249 2182 4299 do-

668 4335 953 4387 minabitur
1014 4333 1258 4402 gentibus
1312 4333 1603 4394 multis,et
1631 4332 1911 4385 extolletur
1961 4347 2180 4402 regnum

665 4425 781 4492 ejus
807 4425 903 4476 δ’.»
936 4424 1073 4488 Quin
1101 4425 1284 4482 etiam,
1326 4437 1445 4475 cum
1474 4421 1750 4474 duodecim
1799 4422 2015 4476 omnino
2041 4423 2179 4492 apud

666 4514 913 4567 Hebraeos
943 4519 1123 4565 essent
1149 4512 1341 4571 tribus,
1370 4526 1434 4564 ex
1465 4525 1566 4580 qua
1601 4510 1808 4562 illarum
1827 4511 2061 4565 oriturus
2095 4511 2180 4564 hic

667 4601 801 4672 apud
831 4608 1012 4667 gentes
1049 4600 1221 4668 legum
1245 4607 1462 4659 auctor,
1489 4597 1577 4666 qui
1609 4597 1818 4649 canitur
1839 4611 1867 4648 a
1899 4599 2174 4666 propheta,

661 4700 716 4746 et
743 4691 936 4760 quibus
962 4689 1285 4757 temporibus
1315 4687 1524 4741 futurus
1552 4697 1727 4748 esset,
1771 4687 1910 4757 quod
1941 4687 2006 4743 de
2034 4691 2176 4744 tribu

2291 3266 2353 3316 ὲκ
2384 3266 2472 3317 τοῦ
2508 3266 2806 3336 σπέρματος
2831 3269 3011 3333 αὑτοῦ,
3051 3271 3144 3323 καὶ
3190 3274 3496 3342 κυριεύσει
3547 3276 3710 3327 ἐθνώ¹

2288 3355 2410 3416 λῶν,
2437 3356 2528 3407 καὶ
2552 3355 2885 3426 ὑψωθήσεται
2928 3361 2960 3428 ἡ
2993 3357 3234 3426 βασιλεία
3271 3364 3482 3417 αὑτοῦ.
3530 3385 3550 3417 ι
3603 3366 3710 3418 Ἀλζ

2289 3444 2345 3511 ἐξ
2370 3447 2551 3508 ὁποίας
2573 3447 2754 3516 φυλῆς,
2777 3446 2976 3500 δώδεκα
3001 3448 3106 3500 τῶν
3133 3448 3267 3502 ὅλων
3293 3455 3443 3523 παρ’
3483 3455 3710 3524 Ἐὅραίι

2289 3536 2412 3599 σῶν,
2434 3539 2512 3589 ὃτι
2539 3537 2598 3607 δὴ
2624 3536 2726 3589 ἀπὸ
2747 3537 2844 3606 τῆς
2883 3534 3047 3590 Ἰούδα
3077 3541 3105 3592 ό
3130 3539 3549 3612 θεσπιζόμενος
3583 3547 3702 3600 τῶν

2287 3624 2574 3693 νομοθέτης
2618 3625 2843 3696 Χριστὸς
2880 3626 3292 3696 προελεύσεται·
3339 3633 3448 3684 καὶ
3501 3635 3664 3687 κατὰ

2286 3715 2519 3783 χρόνους,
2546 3715 2623 3765 ὃτι
2656 3713 2785 3783 μετά
2817 3714 2912 3784 τὴν
2940 3716 3176 3785 ἔκλειψιν
3203 3718 3312 3770 τῶν
3343 3723 3420 3774 ἐκ
3447 3724 3710 3791 προγόνο

2284 3803 2438 3872 δοχῆς
2461 3805 2550 3856 τοῦ
2595 3805 2852 3856 Ἰουδαίων
2897 3806 3077 3870 ἔθνους
3111 3808 3424 3880 ἀρξάντων,
3465 3815 3640 3883 δηλοῖ
3683 3818 3710 3867 λ

2291 3910 2310 3941 ι
2350 3893 2459 3943 Οὐκ
2487 3893 2716 3960 ἐκλείψει
2753 3893 2928 3964 ἅρχων
2977 3896 3036 3958 ἐξ
3068 3897 3250 3961 Ἰούδα,
3286 3900 3396 3950 καὶ
3453 3902 3710 3972 ἡγούμε·

2284 3977 2388 4030 τῶν
2424 3980 2604 4049 μηρῶν
2630 3981 2809 4042 αὐτοῦ,
2843 3983 2944 4044 ἓως
2976 3982 3040 4036 ἂν
3069 3984 3194 4057 ἔλθῃ
3217 3987 3283 4038 τά
3310 3989 3710 4060 ἀποκείμενα

2283 4067 2372 4117 καὶ
2404 4067 2558 4128 αὐτὸς
2583 4068 2863 4137 προσδοκία
2897 4070 3080 4123 ἐθνῶν.
3116 4092 3134 4123 ι
3163 4074 3301 4126 Ποία
3340 4077 3408 4129 δὲ
3448 4081 3710 4149 προσδοι

2281 4157 2391 4208 ἀλλ’
2423 4158 2455 4226 ἢ
2487 4161 2519 4226 ή
2550 4157 2625 4226 τῷ
2663 4159 2901 4229 Ἀϐραὰμ
2925 4163 3300 4235 ἐπηγγελμένη
3336 4170 3492 4240 περὶ
3527 4172 3643 4225 τοῦ
3675 4175 3710 4226 δ

2279 4244 2658 4315 λογηθήσεσθαι
2692 4248 2748 4298 ἐν
2778 4248 2921 4318 αὐτῷ
2949 4251 3124 4304 πάντα
3160 4253 3230 4305 τὰ
3278 4255 3431 4327 ἔθνη
3477 4261 3601 4330 τῆς
3633 4265 3710 4334 γῆ

2280 4352 2410 4404 φηνε
2437 4335 2713 4405 τοιγαροῦν
2734 4337 2823 4388 καὶ
2841 4339 2998 4408 αὐτὸς
3025 4341 3053 4391 ὁ
3083 4343 3326 4412 Μωῦσῆς
3355 4347 3661 4419 ἀκριϐῶς
3689 4357 3710 4406 ἐ

2283 4441 2435 4495 μενος
2452 4425 2544 4494 τὴν
2569 4426 2663 4494 μὲν
2692 4426 2823 4495 πρὸς
2851 4428 3010 4480 αὐτοῦ
3038 4429 3400 4498 διαταγεῖσαν
3423 4441 3710 4510 νομοθεσ

2283 4513 2539 4576 ασθενεῖν,
2573 4517 2651 4576 είς
2690 4515 2750 4566 τὸ
2783 4517 2943 4568 πᾶσιν
2977 4520 3280 4588 ἐφαρμόσαι
3328 4529 3468 4590 τοῖς
3512 4530 3710 4587 έθνεσ

2281 4603 2614 4674 ἐκπλήρωσιν
2639 4606 2694 4656 δὲ
2714 4605 2818 4656 τῶν
2842 4607 2970 4677 πρὸς
2993 4607 3085 4692 ,τὸν
3124 4609 3392 4683 Ἀϐραὰμ
3432 4625 3710 4692 χρησμιλἶ

2283 4710 2372 4762 ρου
2402 4694 2599 4746 δεῖσθαι
2628 4697 2916 4764 προφήτου.
2941 4690 3105 4759 Οὗτος
3131 4697 3185 4750 δὲ
3212 4700 3323 4769 ἄρα
3363 4700 3481 4774 ἦν,
3523 4710 3600 4764 ὃν
3625 4690 3710 4781 ἐξ

660 4780 794 4835 «Ιιιάιι
825 4781 1088 4841 videlicet,
1119 4779 1362 4847 quodque
1394 4785 1540 4839 tune,
1565 4793 1683 4831 cum
1720 4778 2006 4832 defecerint
2030 4780 2120 4849 qui
2147 4795 2177 4832 a

2274 4783 2437 4853 φυλῆς
2467 4783 2899 4875 προελεύσεσθαι,
2933 4786 3025 4875 καί
3057 4786 3263 4840 πολλῶν
3309 4792 3533 4851 ἐθνῶν
3590 4778 3709 4875 acup

662 4866 953 4932 majoribus
983 4865 1081 4918 sibi
1112 4863 1362 4917 traditum
1408 4862 1640 4918 Iudaicae
1679 4867 1851 4932 gentis
1895 4867 2174 4934 imperium

1679 4867 1851 4932 gentis
1895 4867 2174 4934 imperium
2272 4871 2782 4940 προμαρτυρόμενος
2812 4873 3202 4940 εὐηγγελίζετο.

661 4967 841 5013 tenere
884 4958 1302 5019 eonsuevissent,
1338 4957 1643 5025 planissime
1685 4958 1882 5012 indicat
1913 4960 1995 5013 bis
2038 4961 2246 5017 verbis:
2281 4978 2300 5012 ι
2329 4979 2434 5016 non
2458 4965 2686 5026 deﬁciet,
2721 4966 2912 5034 inquit,
2943 4969 3192 5038 princeps
3225 4971 3293 5026 de
3323 4974 3362 5027 εἰ
3373 4979 3540 5046 uda,
3578 5002 3710 5061 neq

661 5051 726 5141 de
756 5051 1040 5106 femoribus
1066 5052 1201 5119 ejus.
1232 5050 1400 5104 donec
1429 5052 1640 5105 veniant
1660 5068 1777 5120 quae
1801 5054 2031 5121 reposita
2089 5063 2214 5108 sunt
2251 5056 2373 5124 ipsi,
2404 5065 2456 5110 et
2484 5059 2596 5126 ipse
2620 5061 2947 5126 exspectatio
2981 5065 3217 5130 gentium
3251 5063 3300 5096 ⁸³
3326 5087 3340 5119 :
3406 5090 3432 5121 ι
3489 5080 3622 5134 sed

659 5137 772 5191 hec
795 5142 1115 5206 exspectatio
1140 5149 1255 5196 erat
1296 5150 1484 5210 prater
1513 5155 1626 5195 eam
1659 5157 1776 5210 qua:
1805 5141 2031 5197 Abt-aha:
2084 5145 2348 5213 quondam
2402 5149 2665 5216 promissa
2717 5149 3090 5221 fueratiquud
3127 5153 3404 5213 videlicet.
3446 5165 3520 5220 in
3559 5137 3710 5240 ipse

657 5235 841 5323 gentes
872 5235 1025 5323 terra:
1052 5241 1229 5285 essent
1260 5233 1649 5287 benedicendaa.
1683 5233 1866 5303 Itaque
1902 5245 2058 5289 etiam
2087 5238 2198 5306 ipse
2247 5238 2417 5292 Moses
2473 5244 2622 5296 visus
2668 5251 2750 5296 est
2813 5245 3008 5314 optime
3066 5245 3382 5306 intell'cere
3437 5233 3706 5323 Tutu-ru

658 5316 942 5416 aiiquando
974 5355 990 5381 ,
1032 5329 1090 5416 ut
1115 5323 1255 5416 leges
1288 5325 1336 5390 ’1
1367 5340 1501 5392 quas
1534 5327 1647 5395 ipse
1673 5333 1903 5388 tuusset,
1953 5333 2201 5385 omnibus
2233 5332 2479 5399 gentibus
2524 5338 2918 5391 accommodari
2947 5353 3051 5390 non
3072 5345 3448 5407 possent.Ad
3480 5316 3705 5416 (ea—V;

659 5414 778 5463 cula
816 5411 1204 5511 comprobanda
1227 5421 1280 5468 et
1303 5419 1632 5511 conﬁcienda
1688 5434 1807 5488 qua:
1853 5421 2080 5474 Abrahae
2134 5422 2342 5477 reddita
2370 5433 2515 5487 sunt,
2551 5428 2720 5483 altero
2769 5446 2903 5502 opus
2951 5447 3070 5486 esse
3123 5433 3442 5504 prapbcta,
3505 5451 3645 5506 sed
3675 5411 3710 5511 *ι

663 5515 815 5567 quem
842 5499 908 5554 de
936 5501 1074 5555 tribu
1098 5502 1232 5558 Juda
1264 5509 1617 5577 proditurum,
1664 5513 1951 5582 multisque
1985 5517 2232 5583 gentibus
2259 5516 2651 5575 dominatur-um
2702 5499 2964 5594 superiori
3021 5527 3330 5582 testimonio
3407 5499 3710 5602 ὲοῖιῖιῖιζ

730 5608 988 5690 ³ξῖιῐθιιὶι.
1036 5626 1236 5690 xxviii,
1280 5614 1363 5669 l9.
1439 5621 1483 5652 ³’
1536 5620 1668 5678 lbid.
1708 5624 1795 5677 20.
1871 5623 1915 5655 “
1951 5623 2068 5678 Act.
2114 5641 2202 5690 xv,
2245 5627 2341 5690 ιο,

730 5628 769 5639 ’-
804 5628 988 5664 mauu.
1036 5628 1236 5678 xxvm,
1280 5628 1363 5669 τυ.
1439 5628 1483 5652 δ’
1537 5628 1668 5678 Ibid.
1708 5628 1795 5677 20.
1871 5628 1915 5655 “
1951 5628 2068 5678 Act.
2114 5641 2197 5690 xv,

669 5673 712 5707 ⁸³
746 5674 876 5733 Cen.
907 5693 1049 5744 χιιι,
1090 5681 1172 5737 10.

2188 5665 2202 5690 ,
2245 5628 2341 5690 ιο,
2419 5628 2458 5660 ⁸⁸
2502 5629 2657 5688 Deut.
2696 5651 2855 5705 xvm,
2897 5638 2995 5705 l5,
3037 5639 3119 5693 i9.
3198 5639 3238 5671 λ’
3279 5639 3486 5702 Nam.
3547 5669 3709 5714 xxv
