3870 6316
160 382 277 456 Α]

736 500 1196 569 ΚΕΦΑΛΔΙΟΝ
1231 521 1306 571 Δ¹.

161 605 262 680 r1
281 603 633 696 eiectare
674 612 861 696 πςιρδε
905 617 1249 696 ἰςυδρίοις
1291 627 1702 696 ἀποδεχόμενοι
1727 628 1827 680 λά-

303 690 412 745 τια,
443 674 560 729 τὸν
585 681 742 746 παρ’
766 674 1017 753 ἀὐτοῖς
1038 674 1205 754 sibi;

262 825 351 878 Διὰ
372 825 439 897 δὴ
470 822 572 881 οὖν
618 831 824 887 ταῦτα
860 835 1031 894 ὡσὰν
1064 843 1143 897 τά
1187 847 1315 915 περ).
1340 847 1492 916 ἡμῶν
1528 847 1632 900 τῶν
1664 847 1827 902 ἐθνῶν

170 917 533 987 θεσπίσματα
582 927 1001 996 περιεχούσας
1057 936 1164 997 τὰς
1207 938 1333 1006 παρ’
1376 936 1635 1007 Ἑϐραίοις
1683 937 1829 1007 ἱερὰς

188 1013 426 1097 βίϐλους,
466 1014 570 1067 ἆτε
617 1020 730 1071 καὶ
791 1023 974 1093 ἡμῶν
1024 1028 1238 1091 οἰκείας
1275 1028 1435 1092 οὔσας
1472 1028 1726 1099 είλάμεθά
1767 1047 1827 1082 τε

194 1105 297 1168 τεαὶ
313 1104 686 1177 ἐστέρξαμεν,
725 1111 832 1163 ὅτε
907 1116 1154 1184 μάλιστα
1184 1120 1246 1171 οὐ
1287 1118 1439 1188 μόνον
1469 1120 1668 1189 Μωσῆς
1702 1122 1826 1189 περὶ

214 1197 303 1254 τοῦ
332 1200 440 1267 μετ’
472 1198 648 1252 αὑτὸν
670 1200 927 1269 ἥξοντος
952 1206 1246 1275 νομοθέτου
1272 1207 1378 1258 τῶν
1409 1207 1572 1259 ἐθνῶν
1600 1218 1825 1278 προανε-

230 1290 399 1360 φώνει,
424 1290 563 1344 ἀλλὰ
612 1293 721 1347 καὶ
775 1297 833 1347 οἱ
890 1300 1014 1366 μετ’
1038 1299 1201 1351 αὐτὸν
1236 1299 1502 1369 προφῆται
1538 1299 1825 1369 συλλήϐδην

250 1384 392 1437 εἰπεῖν
452 1382 706 1446 ἅπαντες
751 1385 834 1439 τὰ
873 1388 1047 1457 ὅμοια
1090 1389 1502 1459 προεκήρυττον.
1539 1388 1825 1459 Ὠςπεροῦν

255 1470 459 1526 mea
506 1472 777 1540 φάσκων
814 1495 836 1526 ι
875 1477 1260 1547 Κατάστησον,
1306 1477 1491 1547 Κύριε,
1539 1479 1824 1549 νομοθέτην

254 1561 557 1624 ἐπάὐτοῦς,
601 1563 925 1630 γνώτωσαν
970 1567 1119 1637 ἔθνη,
1172 1568 1252 1619 ὅτι
1297 1568 1564 1638 ἄνθρωποί
1614 1570 1764 1621 εἰσιν.
1800 1588 1818 1619 ι

258 1651 376 1722 Ὅρα
417 1654 492 1717 ὡς
538 1654 812 1725 δευτέρου
873 1657 1150 1728 μέμνηται
1202 1660 1293 1711 κα)⁸
1342 1650 1494 1721 οὗτος
1541 1659 1821 1729 νομοθέτου

250 1742 414 1796 ἐθνῶν.
438 1743 532 1797 Διὸ
565 1746 671 1797 καὶ
695 1747 759 1823 ἐν
792 1747 974 1817 ἑτέρῳ
1009 1747 1207 1818 ψαλμῷ
1234 1751 1342 1811 τοῖς
1373 1749 1545 1802 ἔθνεσι
1582 1768 1823 1821 προσφω-

1123 397 1781 461 DEMONSTRATIONIS
1815 399 2274 458 EVANGELICA‘J
2310 401 2438 457 LIB.
2482 398 2543 462 Ι.”

1856 523 1900 579 Α

3376 406 3446 458 ιιι

2506 517 2730 574 CAPUT
2775 519 2863 576 lV.

1931 625 2168 691 Quanam
2195 625 2257 680 de
2285 642 2466 691 causa,
2494 644 2609 681 cum
2639 630 2864 681 omnium
2905 628 3206 684 Iuda'orum
3234 631 3449 684 oracuta

1997 696 2356 774 aeceperimus,
2382 698 2674 751 earumdem
2702 697 2895 751 vivendi
2924 700 3217 752 institutum
3243 715 3450 754 recusa-

1997 780 2179 819 ramus.

2004 854 2099 911 His
2131 856 2295 925 igitur
2319 856 2385 911 de
2429 856 2609 911 causis
2643 869 2825 910 sacros
2869 853 3208 910 Hebraeorum
3255 857 3446 918 libros.

1927 954 2109 1018 utpote
2133 946 2225 1014 qui
2253 945 2320 999 de
2358 946 2513 1000 nobis
2563 946 2811 1015 gentibus
2859 944 3077 996 oracula
3116 946 3443 1007 contineant,

1926 1039 2081 1109 quasi
2118 1037 2360 1106 proprios
2415 1047 2647 1097 nostros,
2700 1046 2754 1091 et
2807 1037 3111 1104 accepimus
3142 1045 3193 1089 et
3221 1040 3447 1107 amplexi

1927 1142 2112 1183 sumus
2135 1143 2148 1178 :
2169 1140 2338 1193 eoque
2366 1125 2536 1193 magis
2569 1126 2710 1193 quod
2760 1141 2867 1178 non
2907 1140 3046 1179 unus
3079 1124 3252 1180 Moses
3278 1126 3344 1180 de
3369 1127 3447 1181 le-

1925 1231 2049 1286 gum
2105 1223 2325 1269 auctore
2356 1214 2495 1282 apud
2524 1223 2706 1282 gentes
2735 1223 2855 1284 post
2888 1215 3123 1283 seipsum
3155 1212 3334 1267 futuro
3365 1223 3448 1269 est

1924 1307 2263 1366 vaticinatus,
2326 1306 2419 1360 sed
2470 1306 2629 1360 etiam
2668 1306 2785 1375 ipso
2816 1305 2960 1360 Mose
2978 1305 3298 1374 posteriores
3323 1320 3449 1374 pro-

1923 1398 2113 1466 pheta},
2142 1404 2202 1452 ut
2220 1396 2452 1450 breviter
2472 1393 2668 1459 di‘eam,
2692 1394 2925 1450 universi
2951 1395 3121 1449 eidem
3148 1395 3224 1449 illi
3253 1395 3448 1451 similia

1922 1486 2250 1548 cecinerunt,
2285 1493 2341 1538 ut
2365 1484 2552 1545 David,
2581 1485 2671 1554 qui
2709 1486 2782 1537 ait
2812 1503 2825 1537 :
2865 1501 2884 1534 ι
2922 1484 3231 1547 Constitue,
3265 1481 3449 1535 Domi-

1921 1589 2009 1638 ne,
2036 1573 2436 1639 legumlatorem
2460 1588 2622 1641 super
2639 1587 2751 1637 eos,
2770 1585 3062 1643 agnoscant
3082 1579 3287 1643 gentes,
3305 1571 3449 1641 quod

1921 1661 2161 1714 homines
2199 1667 2323 1714 sunt
2349 1660 2412 1714 “2
2455 1680 2473 1712 ›
2501 1658 2662 1725 Vide,
2692 1675 2892 1730 quzeso,
2928 1668 2985 1713 ut
3018 1661 3106 1714 hic
3132 1676 3342 1729 quoque
3369 1663 3448 1713 al-

1921 1749 2086 1803 terius
2125 1747 2486 1815 legumlatoris
2526 1748 2782 1803 meminit.
2833 1747 3093 1813 Quocirca
3130 1750 3254 1804 alibi
3306 1749 3444 1803 idem

246 1838 316 1886 νεῖ
340 1835 481 1904 ᾄδειν
526 1837 590 1888 οὐ
651 1837 719 1890 τὸ
758 1837 995 1890 παλαιὸν
1042 1840 1134 1891 καὶ
1177 1840 1461 1893 Μωσαῖκὸν
1497 1837 1665 1910 ᾆσμα,
1706 1840 1810 1893 ἀλλ’

1916 1835 2001 1889 hic
2027 1835 2514 1904 gentibusimperat
2542 1850 2737 1891 canere
2764 1850 2870 1889 non
2900 1837 3180 1905 antiquum
3211 1837 3443 1905 amplius

241 1924 409 1994 ἕτερον
459 1924 696 1997 καινὸν,
756 1926 969 1996 λέγων·
1005 1946 1025 1977 ι
1064 1929 1263 1999 Ι’ᾼσατε
1312 1928 1387 1999 τῷ
1432 1930 1615 2000 Κυρίῳ
1667 1925 1815 1999 ᾆσμα

237 2015 429 2078 καινὸν,
484 2014 669 2084 ᾆσατε
724 2015 809 2084 τῷ
869 2016 1061 2087 Κυρίῳ
1118 2017 1264 2069 πᾶσα
1308 2020 1341 2087 ἡ
1392 2018 1483 2086 γῆ.
1540 2018 1812 2085 Ἀναγγεί-

234 2103 349 2156 ὶατε
378 2106 435 2156 ἐν
472 2108 597 2167 τοῖς
652 2105 843 2158 ἔθνεσι
894 2105 993 2175 τὴν
1051 2104 1203 2169 δόξαν
1242 2106 1400 2159 αὐτοῦ
1424 2146 1439 2170 ,
1470 2107 1526 2159 ἐν
1556 2108 1685 2159 πᾶσι
1706 2109 1814 2170 τοῖς

230 2192 372 2256 λαοῖς
411 2192 481 2246 τὰ
529 2193 835 2263 θαυμάσια.
888 2194 1071 2247 αὐτοῦ.
1123 2196 1243 2247 Ὀτι
1295 2194 1465 2264 μέγας
1500 2193 1700 2265 Κύριος
1725 2196 1815 2248 καὶ

228 2284 433 2345 αἰνετὺς
496 2283 727 2354 σφόδρα
750 2300 764 2312 ·
827 2282 1057 2353 φοϐερός
1109 2284 1253 2337 ἐστιν
1311 2284 1402 2337 ἐπὶ
1441 2284 1642 2347 πάντας
1694 2285 1816 2346 τοὺς

230 2373 400 2437 θεοὺς.
440 2375 568 2427 ’Ότι
616 2375 834 2436 πάντες
871 2375 923 2426 οἱ
971 2374 1082 2427 θεοὶ
1105 2374 1210 2426 τῶν
1245 2373 1430 2438 ἐθνῶν,
1472 2374 1740 2443 δαιμόνια’
1788 2378 1816 2428 ὁ

227 2463 285 2516 δὲ
320 2464 525 2534 Κύριος
585 2464 727 2526 τοὺς
788 2463 1053 2534 οὐρανοὺς
1097 2463 1362 2532 ἐποίησεν.
1426 2463 1705 2530 Ἐνέγκατε
1740 2462 1815 2533 τῷ

229 2554 417 2624 Κυρίῳ
448 2556 509 2608 αἰ
548 2553 798 2624 πατριώ⁸
845 2553 953 2605 τῶν
996 2552 1180 2613 ἐθνῶν,
1222 2552 1473 2620 ἐνέγκατε
1518 2550 1593 2621 τῷ
1631 2554 1815 2623 Κυρίῳ

230 2642 382 2708 δόξαν
411 2645 651 2714 ὀνόματι
684 2642 881 2696 αὐτοῦ.
926 2662 943 2692 ι
980 2643 1091 2695 Καὶ
1121 2642 1321 2695 πάλιν.
1344 2661 1362 2692 ι
1396 2641 1594 2694 Εἴπατε
1624 2642 1680 2694 ἐν
1707 2644 1814 2705 τοῖς

230 2730 454 2797 ἔθνεσιν,
487 2737 575 2788 ὅτι
607 2734 831 2805 Κύριος
861 2734 1176 2787 ἐϐασίλευσε
1195 2751 1210 2765 θ
1244 2734 1336 2786 καὶ
1360 2732 1465 2803 γάρ
1495 2731 1814 2801 κατώρθωσε

229 2821 328 2890 τὴν
361 2823 723 2893 οἰκουμένην,
759 2823 885 2892 ἥτις
917 2822 978 2874 οὐ
1020 2820 1417 2891 σαλευθήσεται.
1447 2837 1466 2870 ι
1487 2820 1595 2872 Καὶ
1622 2819 1777 2871 πάλιν
1796 2836 1809 2849 ο

239 2927 262 2961 ι
287 2912 482 2981 ’ᾼσατε
503 2912 587 2982 τῷ
602 2912 807 2981 Κυρίῳ
828 2908 981 2981 ᾆσμα
1010 2910 1211 2978 καινὸν,
1231 2910 1313 2962 ὅτι
1338 2907 1815 2979 θαυμαστὰέποίη-

235 3016 338 3053 σεν.
369 3000 674 3072 Ἐγνώρισε
717 3000 928 3072 Κύριος
959 2999 1019 3051 τὸ
1052 3000 1312 3069 σωτήριον
1359 2997 1521 3051 αὐτοῦ
1542 3015 1556 3028 ·
1579 2998 1813 3051 ἐναντίον

226 3089 336 3142 ⁴τῶν
360 3091 529 3144 ἐθνῶν
558 3089 895 3158 ἀπεκάλυψε
928 3090 1027 3158 τὴν
1067 3089 1402 3159 δικαιοσύνην
1439 3087 1617 3141 αὐτοῦ.
1664 3087 1811 3138 Εἰδο-

237 3196 330 3232 σαν
357 3182 534 3233 πάντα
560 3180 633 3234 τὰ
666 3180 887 3250 πέρατα
915 3180 1015 3248 τῆς
1046 3178 1149 3247 γῆς
1179 3178 1239 3231 τὸ
1282 3179 1539 3248 σωτήριον
1564 3177 1653 3229 τοῦ
1679 3176 1811 3229 Θεοῦ
1837 3170 1879 3227 C

234 3271 402 3339 ἡμῶν.
448 3290 468 3322 ι
505 3271 623 3323 Καὶ
650 3272 759 3340 ὅρα
796 3269 916 3331 τίνα
948 3269 1145 3339 τρόπον
1188 3268 1245 3320 ἐν
1284 3266 1487 3330 τούτοις
1528 3267 1586 3319 τὸ
1633 3266 1810 3320 καινὸν

237 3356 382 3430 ᾆσμα
406 3363 467 3414 οὐ
493 3361 576 3431 τῷ
620 3359 903 3413 Ἰουδαίων
937 3359 1097 3421 ἔθνει,
1141 3358 1276 3411 ἀλλὰ
1305 3361 1416 3420 τοῖς
1451 3359 1611 3411 πᾶσιν
1640 3357 1809 3410 ἔθνεσι

238 3452 612 3518 καταγγέλλει,
678 3449 779 3502 τοῦ
812 3449 902 3502 διὰ
930 3449 1171 3510 Μωσέως
1212 3447 1434 3501 παλαιοῦ
1476 3446 1648 3517 μόνοις
1688 3448 1812 3498 Ἰου-

237 3539 401 3601 δαίοις
424 3542 829 3612 προσήκοντος.
854 3537 1020 3591 Τοῦτό
1043 3555 1121 3591 τοι
1136 3537 1196 3590 τὸ
1224 3536 1403 3590 καινὸν
1424 3534 1590 3606 ᾆσμα,
1611 3536 1799 3604 καινὴν

236 3630 502 3702 Διαθήκην
519 3632 826 3702 Ἱερεμίας,
860 3629 1043 3699 ἔτερος
1067 3628 1195 3696 παρ’
1225 3627 1491 3697 Ἑϐραίοις
1514 3627 1808 3698 προφήτης,

238 3722 511 3785 ἀποκαλεῖ,
537 3722 725 3789 λέγων
744 3737 757 3749 ·
790 3741 807 3768 ο
850 3720 979 3772 Ἰδοὺ
1013 3718 1211 3788 ἡμέραι
1238 3717 1502 3787 ἔρχονται,
1534 3714 1677 3783 λέγει
1701 3713 1809 3767 Κύ-

242 3828 371 3884 ριος,
397 3815 491 3867 καὶ
521 3813 864 3882 διαθήσομαι
894 3810 975 3879 τῷ
1007 3809 1140 3877 οἴκῳ
1178 3806 1409 3878 Ἰσραὴλ,
1439 3805 1533 3858 ml.
1564 3804 1641 3874 τῷ
1678 3803 1809 3872 οἴκῳ

249 3900 413 3956 Ἰούδα
443 3903 987 3976 Διαθήκηνκαινήνο
1036 3900 1096 3952 οὐ
1122 3896 1263 3952 κατὰ
1299 3895 1396 3966 τὴν
1435 3893 1701 3964 Διαθήκην
1743 3894 1808 3962 ἢν

236 3989 487 4064 διεθέμην
514 3995 637 4054 τοῖς
668 3991 943 4061 πατράσιν
982 3986 1180 4048 αὐτῶν,
1206 3986 1263 4037 ἐν
1286 3983 1463 4053 ἡμέρᾳ
1484 3983 1541 4034 ἐν
1620 3978 1809 4032 ἐπελαο

233 4078 404 4153 εόμην
435 4084 540 4153 τῆς
574 4081 766 4152 χειρὸς
811 4079 1009 4141 αὐτῶν,
1058 4076 1338 4142 ἐξαγαγεῖν
1383 4072 1572 4134 αὐτοὺς
1609 4072 1671 4123 ἐκ
1708 4070 1806 4139 γῆς

229 4175 528 4239 Alﬁ-mou.
552 4174 641 4225 ὅτι
658 4170 816 4223 αὐτοὶ
840 4169 939 4220 οὐκ
968 4166 1244 4233 ἐνέμειναν
1268 4164 1325 4215 ἐν
1349 4165 1413 4232 τῇ
1437 4161 1666 4232 Διαθήκῃ
1687 4177 1804 4229 μου,

229 4265 383 4333 κάγὼ
432 4263 701 4334 ἠμέλησα
745 4257 952 4320 αὐτῶν,
992 4255 1136 4322 λέγει
1188 4252 1408 4322 Κύριος.
1432 4251 1551 4304 Ὀτι
1596 4251 1731 4320 αὕτη
1773 4253 1806 4321 ἡ

230 4357 470 4425 Διαθήκη
520 4353 595 4422 ἢν
648 4348 978 4418 διαθήσομαι
1028 4344 1107 4413 τῷ
1140 4343 1370 4413 Ἰσραὴλ,
1398 4342 1544 4408 λέγει
1587 4341 1803 4411 Κύριος,

246 4442 399 4510 διδοὺς
438 4446 652 4514 νόμους
702 4457 827 4509 μου,
860 4439 953 4491 ἐπὶ
980 4437 1077 4507 τὴν
1105 4435 1336 4488 διάνοιαν
1366 4432 1539 4485 αὐτῶν
1582 4432 1672 4484 καὶ
1714 4430 1805 4483 ἐπὶ

256 4480 396 4510 *υνντιο
445 4480 649 4514 “ul-""3
702 4480 827 4509 κη’-ν
860 4480 953 4491 νη-
990 4480 1071 4507 --ιν
1110 4480 1329 4488 --ννν--νη
1369 4480 1670 4533 νυν-’-πω
1718 4480 1802 4483 θην
1832 4480 1876 4534 D

256 4536 325 4598 τὰς
354 4536 593 4607 καρδίας
630 4529 814 4584 αὐτῶν
842 4527 1056 4599 γράψω,
1086 4526 1181 4577 καὶ
1205 4524 1392 4593 ἔσομαι
1441 4522 1614 4574 αὑτων
1651 4520 1798 4607 Θεὸς,

1914 1927 2064 1989 illud,
2105 1934 2158 1981 et
2209 1925 2498 1978 Mosaicum
2536 1925 2825 1990 canticum,
2855 1926 2945 1980 sed
2992 1924 3137 1979 aliud
3174 1927 3443 1994 quoddam

1915 2030 2132 2079 novum,
2167 2016 2222 2068 in
2259 2017 2401 2068 hunc
2431 2015 2649 2069 modum
2682 2033 2695 2068 :
2733 2033 2751 2066 ι
2789 2015 3013 2071 Cantate
3056 2016 3280 2071 Domino
3312 2031 3442 2070 can-

1912 2106 2079 2159 ticum
2108 2120 2324 2170 novum,
2351 2113 2562 2159 cantate
2586 2105 2810 2160 Domino
2837 2106 3011 2160 omnis
3031 2113 3195 2161 terra.
3217 2105 3443 2160 Annuu-

1914 2194 2042 2248 tiate
2068 2194 2123 2247 in
2152 2196 2395 2263 gentibus
2423 2195 2645 2263 gloriam
2680 2195 2798 2262 ejus
2828 2213 2839 2247 :
2866 2195 2917 2247 in
2949 2196 3199 2250 omnibus
3229 2197 3440 2266 populis

1914 2284 2175 2337 mirabilia
2204 2285 2342 2352 ejus.
2383 2284 2645 2349 Quoniam
2699 2299 2924 2354 magnus
2953 2285 3212 2342 Dominus
3232 2293 3285 2340 et
3323 2288 3441 2339 lau-

1914 2370 2104 2426 dabilis
2136 2373 2288 2427 valde
2331 2391 2344 2424 :
2392 2373 2643 2428 terribilis
2698 2383 2780 2428 est
2832 2388 2995 2442 supra
3050 2390 3236 2430 omnes
3287 2376 3437 2431 deos.

1915 2460 2173 2524 Quoniam
2198 2473 2383 2515 omnes
2424 2461 2498 2513 dii
2550 2462 2808 2529 gentium,
2847 2463 3107 2516 daemonia
3138 2482 3152 2518 :
3184 2463 3439 2519 Dominus

1914 2559 2088 2604 autem
2114 2552 2279 2605 caelos
2324 2549 2470 2605 fecit.
2502 2551 2699 2606 Aﬂerte
2729 2551 2950 2606 Domino
2977 2553 3147 2607 tribus
3180 2555 3437 2623 gentium.

1913 2640 2093 2694 afferte
2117 2640 2338 2694 Domino
2353 2642 2574 2711 gloriam
2601 2640 2803 2693 nomini
2833 2641 3030 2709 ejus".
3067 2660 3085 2692 ι
3121 2641 3183 2694 Et
3208 2658 3394 2697 rursus
3420 2661 3436 2698 :

1916 2746 1936 2779 ι
1972 2726 2140 2780 Dicite
2184 2730 2238 2780 in
2281 2727 2529 2796 gentibus
2559 2726 2701 2795 quod
2750 2724 3007 2781 Dominus
3043 2728 3282 2798 regnavit
3349 2728 3440 2781 Et-

1915 2817 2059 2872 enim
2088 2820 2319 2871 correxit
2362 2818 2546 2872 orbem
2593 2826 2766 2880 terrae,
2796 2817 2887 2884 qui
2922 2833 3030 2871 non
3080 2819 3443 2873 commovebi-
3501 2819 3509 2829 '

1909 2914 1999 2960 tur
2030 2906 2095 2959 “.
2140 2925 2158 2957 ι
2192 2905 2256 2959 Ει
2284 2906 2447 2961 alibi:
2487 2924 2506 2957 ι
2541 2906 2763 2961 Cantate
2805 2905 3026 2961 Domino
3059 2907 3320 2961 canticum
3350 2922 3440 2960 no-

1909 3010 2054 3057 vum,
2090 2995 2216 3063 quia
2262 2996 2528 3050 mirabilia
2568 2995 2712 3049 fecit.
2767 2994 2960 3050 Notum
3012 2995 3137 3051 fecit
3180 2996 3438 3051 Dominus

1911 3085 2143 3139 salutare
2198 3100 2375 3149 suum,
2422 3086 2477 3139 in
2540 3093 2831 3154 conspectu
2895 3085 3132 3155 gentium
3185 3087 3438 3141 revelavit

1907 3175 2168 3244 justitiam
2196 3190 2370 3230 suam.
2405 3173 2664 3231 Viderunt
2688 3191 2872 3232 omnes
2904 3177 3035 3232 ﬁnes
3058 3184 3211 3232 terra;
3238 3178 3440 3233 saluta-

1907 3281 1965 3320 re
1994 3265 2087 3320 Dei
2116 3267 2288 3319 nostri
2314 3266 2379 3319 ⁸⁷.
2419 3285 2439 3317 ι
2467 3265 2579 3320 Hoc
2611 3266 2772 3319 etiam
2798 3268 2915 3322 loco
2948 3268 3228 3323 considera
3250 3284 3438 3337 quem.

1909 3353 2192 3409 admodum
2217 3366 2413 3408 novum
2450 3357 2714 3409 canticum
2749 3370 2856 3410 non
2883 3356 2973 3410 uni
3000 3356 3234 3412 Iudaica:
3267 3358 3431 3426 genti,

1908 3444 1998 3498 sed
2036 3446 2282 3499 omnibus
2312 3445 2532 3498 omnino
2576 3446 2824 3513 gentibus
2870 3447 3079 3512 indicit,
3122 3448 3335 3515 quando
3369 3447 3435 3498 il-

1908 3531 1998 3585 lud
2021 3534 2296 3602 antiquum
2323 3531 2614 3588 Mosaicum
2646 3534 2774 3588 solis
2827 3536 3175 3590 conveniebat
3213 3533 3431 3589 Iudaeis.

1909 3620 2022 3674 Hoc
2061 3636 2190 3676 sane
2214 3637 2412 3676 novum
2437 3622 2704 3676 canticum
2732 3625 2787 3691 8
2830 3622 3087 3679 Jeremias
3122 3624 3260 3679 alius
3290 3628 3431 3692 apud

1909 3705 2157 3764 Hebraeos
2199 3710 2454 3779 propheta
2506 3709 2711 3763 Novum
2758 3709 3155 3766 Testamentum
3205 3714 3434 3781 appellat

1908 3796 1992 3851 his
2019 3796 2198 3851 verbis
2226 3814 2241 3850 :
2285 3815 2304 3847 ι
2338 3797 2476 3852 Ecce
2506 3797 2621 3852 dies
2639 3798 2880 3864 veniunt,
2906 3798 3037 3853 dicit
3069 3798 3346 3868 Dominus,
3380 3810 3433 3856 et

1909 3884 2186 3954 disponam
2206 3886 2386 3940 domui
2420 3886 2600 3950 Israel,
2634 3896 2687 3942 et
2716 3887 2898 3942 domui
2945 3888 3081 3942 Juda
3120 3887 3434 3945 Testamen-

1908 3984 2020 4029 tum
2066 3975 2293 4039 Novum,
2327 3991 2435 4030 non
2488 3976 2781 4031 secundum
2836 3976 3255 4042 Testamentum,
3289 3980 3434 4049 quod

1908 4065 2147 4135 disposui
2171 4067 2413 4135 patribus
2442 4082 2628 4122 eorum
2676 4087 2689 4123 :
2720 4082 2826 4136 quo
2856 4068 2942 4123 die
2970 4069 3289 4138 apprehendi
3316 4086 3432 4124 ma-

1907 4171 2035 4210 num
2060 4170 2266 4220 eorum,
2296 4164 2353 4210 ut
2388 4157 2668 4211 educerem
2697 4171 2789 4211 eos
2818 4156 2883 4212 de
2915 4139 3057 4211 terra
3077 4158 3291 4229 Egypti
3321 4180 3335 4214 :
3364 4175 3432 4215 eo

1906 4248 2048 4317 quod
2071 4248 2174 4317 ipsi
2199 4262 2308 4301 non
2344 4256 2657 4302 manserunt
2705 4248 2757 4300 in
2800 4248 2865 4302 iis
2912 4263 3031 4318 qua:
3067 4259 3219 4304 erant
3248 4249 3433 4306 Testa.

1905 4338 2071 4391 menti
2102 4339 2225 4402 mei,
2253 4350 2352 4407 ego
2381 4337 2508 4391 item
2560 4337 2765 4408 neglexi
2818 4352 2930 4402 eos,
2970 4337 3100 4391 dicit
3147 4337 3425 4394 Dominus.

1906 4427 2167 4494 Quoniam
2200 4428 2300 4482 hoc
2327 4424 2725 4481 Testamentum
2754 4428 2897 4497 quod
2931 4428 3210 4497 disponam
3238 4430 3422 4493 Israel,

1902 4512 2032 4567 dicit
2059 4512 2336 4576 Dominus,
2365 4514 2499 4568 dans
2530 4514 2673 4583 leges
2708 4530 2852 4569 meas
2887 4515 2941 4569 in
2967 4515 3270 4571 interiorem
3299 4532 3425 4572 sen-

256 4626 323 4679 καὶ
382 4601 544 4678 nasot
607 4617 829 4672 ἔσονταί
865 4633 967 4686 μου
1012 4613 1161 4675 λαός.
1210 4630 1228 4662 ι
1267 4611 1428 4680 Ὁρᾷς
1466 4610 1557 4661 καὶ
1600 4606 1804 4671 τοῦτον,

1914 4617 2019 4657 sum
2039 4616 2242 4664 eorum,
2271 4612 2324 4656 et
2349 4603 2404 4655 in
2426 4601 2677 4658 cordibus
2704 4618 2888 4658 eorum
2915 4604 3231 4669 describam,
3257 4611 3309 4658 ct
3333 4619 3425 4657 ero

256 4710 307 4776 ὦς
334 4711 795 4779 διαστελλόμενος
828 4706 921 4759 δύο
963 4702 1256 4773 Διαθήκας,
1296 4700 1390 4769 τὴν
1438 4699 1532 4767 μὲν
1574 4697 1803 4750 παλαιὰν

1919 4707 2136 4763 psorum
2160 4692 2320 4757 Deus,
2345 4700 2397 4748 et
2415 4694 2520 4763 ipsi
2549 4703 2705 4748 erunt
2734 4695 2865 4748 mihi
2893 4696 3122 4764 populus
3149 4696 3214 4746 ⁸⁸.
3252 4713 3271 4745 ›
3298 4694 3425 4748 Cer-

256 4799 507 4875 ὸνομάζει,
550 4802 656 4871 τὴν
693 4799 753 4851 δὲ
799 4797 1022 4866 καινήν;
1068 4792 1162 4845 καί
1215 4808 1343 4859 φησι
1382 4788 1477 4859 τὴν
1527 4787 1711 4858 καινὴν
1743 4787 1802 4840 οὐ

1914 4786 1986 4840 uis
2014 4785 2138 4838 item
2163 4784 2324 4845 hunc,
2353 4784 2479 4837 dum
2509 4784 2615 4839 duo
2651 4784 2990 4839 Testamenta
3034 4785 3330 4853 distinguit,
3366 4794 3425 4838 ut

258 4895 371 4947 me
410 4895 512 4963 τὴν
565 4887 807 4943 παλαιὰν
855 4884 1097 4945 ἔσεσθαι,
1137 4880 1204 4949 ἣν
1252 4878 1450 4931 διέθετο
1475 4880 1582 4940 τοῖς
1605 4876 1806 4947 πατρά-

261 4995 348 5047 civ;
385 4982 450 5034 Ἡ
489 4981 590 5050 μὲν
625 4977 738 5046 γάρ
766 4978 877 5037 τοῖς
908 4967 1246 5026 ἀποπεσοῦσι
1281 4967 1375 5035 τῆς
1400 4964 1502 5017 τῶν
1534 4965 1802 5035 προγόνων

262 5066 514 5131 εὐσεϐείας
561 5064 859 5126 Ἰουδαίοις,
906 5060 1001 5112 τὸν
1046 5052 1414 5122 Αἰγυπτιακὸν
1463 5050 1517 5103 δὲ
1557 5050 1665 5121 βίον
1709 5051 1802 5103 καὶ

263 5160 430 5225 τρόπον
456 5156 791 5228 ζηλώσασιν,
827 5152 925 5205 ἐπί
957 5164 1021 5201 τε
1059 5145 1159 5215 τὴν
1188 5141 1433 5194 πολύθεον
1469 5141 1685 5211 πλάνην,
1710 5141 1802 5228 καὶ

265 5245 336 5315 τὴν
363 5227 610 5316 ἀμφὶίτά
642 5242 835 5295 εἴδωλα
882 5238 997 5289 τῶν
1043 5230 1215 5285 ἐθνῶν
1258 5227 1649 5295 δεισιδαιμονίαν
1691 5227 1800 5279 ὀλι-

270 5332 496 5405 σθήσασιν
526 5330 940 5401 νενομοθέτητο,
995 5319 1155 5373 ὼσὰν
1196 5316 1443 5376 πεσόντας
1464 5316 1798 5386 ἀνεγείρουσα

270 5424 338 5475 καὶ
363 5423 665 5496 ἀνορθοῦσα
697 5420 823 5481 τοὺς
856 5413 1095 5485 πρηνεῖς
1154 5405 1422 5496 κειμένους
1466 5406 1801 5496 καταλλήλοις

268 5494 624 5577 διδασκαλίαις
668 5529 691 5562 ι
739 5506 988 5564 Δικαίοις
1036 5497 1181 5565 γὰρ,
1231 5512 1249 5544 )
1294 5494 1436 5563 φησὶ,
1473 5512 1492 5545 ι
1540 5495 1692 5566 νόμος
1738 5500 1801 5551 οὐ

311 5689 349 5722 ⁸⁸
377 5690 520 5747 Psal.
565 5702 644 5747 rx,
689 5681 790 5734 21.
873 5675 923 5706 ⁸⁵
980 5667 1139 5723 Psal.
1185 5681 1303 5729 xcv,
1348 5668 1477 5725 1-7.

539 5783 833 5842 ΡΑτιιοι.
873 5765 1000 5824 Gn.
1040 5757 1262 5819 XXII.

1550 5673 1593 5705 “
1629 5673 1752 5729 Ibid.
1801 5675 1889 5731 10.

1902 4877 2004 4930 hoc
2036 4873 2248 4943 quidem
2277 4879 2450 4935 vetus,
2497 4873 2626 4926 illud
2679 4887 2804 4927 vero
2846 4886 3041 4925 novum
3089 4871 3345 4939 appellet?
3369 4879 3425 4925 et

1905 4979 2100 5021 novum
2129 4963 2273 5017 dicat
2304 4978 2411 5017 non
2443 4963 2607 5017 veteri
2645 4963 2720 5015 illi
2751 4961 2891 5030 quod
2921 4961 3160 5029 patribus
3185 4962 3425 5019 condidit

1907 5055 2077 5110 simile
2108 5052 2381 5108 futurum?
2418 5052 2548 5106 illud
2575 5051 2715 5104 enim
2752 5050 2914 5119 lapsis
2939 5065 2968 5102 a
3011 5050 3271 5119 majorum
3307 5054 3422 5122 pie-

1905 5155 2013 5201 tate
2033 5143 2230 5200 Judaeis
2259 5145 2524 5212 vitamque
2560 5140 2924 5209 Aigyptiacam
2954 5153 3015 5192 ac
3053 5155 3228 5196 mores
3255 5156 3421 5196 (eum-
3508 5166 3511 5169 -

1904 5236 2157 5299 lantibus,
2187 5243 2239 5288 et
2266 5233 2331 5287 ad
2357 5247 2592 5287 errorem
2611 5228 2816 5283 colendi
2834 5230 3029 5284 multos
3050 5230 3200 5292 deos,
3235 5246 3421 5300 super.

1906 5326 2277 5393 stitionemque
2319 5323 2574 5391 gentium,
2621 5333 2738 5387 qua:
2776 5318 3060 5373 simulacra
3092 5321 3419 5374 veneraban—

1905 5424 2012 5477 tur,
2047 5412 2435 5467 declinantibus
2482 5406 2613 5475 legis
2659 5408 2774 5460 loco
2802 5407 3103 5475 impositum
3152 5415 3254 5470 est,
3284 5413 3417 5461 utet

1908 5514 2000 5554 eos
2030 5498 2124 5566 qui
2154 5495 2455 5552 ceciderant
2488 5494 2776 5560 excitaret,
2802 5504 2851 5548 et
2877 5495 3074 5546 mutuis
3106 5494 3241 5548 inter
3271 5496 3420 5563 ipsos

2604 5671 2646 5704 ι’
2683 5670 2790 5725 Jcr.
2830 5686 2974 5732 uxr,
3016 5670 3200 5722 51-55.

3111 5758 3155 5813 2

1964 5677 2005 5709 "’
2038 5674 2176 5731 Psal.
2222 5686 2376 5743 xcv",
2417 5671 2529 5725 1-5.
