3870 6320
604 370 671 425 £3
1223 366 1481 422 EUSEBII
1520 366 1986 421 CESARIENSIS
2026 365 2175 423 ΟΡΡ.
2215 364 2393 420 PARS
2430 364 2490 420 ll.
2530 396 2596 405 -—
2633 365 3120 425 APOLOGETICA.
3684 372 3738 428 (Α

602 486 859 542 doctrinis
913 484 1239 545 confossos,
1296 492 1452 551 atque.
1510 492 1804 551 prostratos
1878 484 2118 552 erigeret.

2227 484 2429 544 κεῖται,
2474 481 2687 549 ἀνόμοις
2737 482 2791 533 δὲ
2838 484 2927 535 καὶ
2972 486 3371 544 ἀνυποτάκτοις.
3413 485 3621 537 ἀσεϐέσι
3670 495 3738 541 κα

607 595 627 627 ι
656 575 821 630 Justis
847 572 1020 635 enim,
1056 572 1245 638 inquit,
1287 573 1366 626 lex
1405 573 1573 640 posita
1617 588 1724 626 non
1760 580 1864 634 est,
1900 573 1990 626 sed
2022 572 2128 639 ini-

600 669 723 736 quis
750 672 803 719 et
839 661 1225 732 pervicacibus,
1254 668 1305 714 et
1330 661 1526 730 impiis,
1559 672 1611 716 et
1639 664 2027 732 peccatoribus,
2075 672 2129 717 et

600 754 789 811 borum
818 752 1081 807 similibus
1110 751 1175 805 δ’.
1208 769 1225 800 ι
1265 750 1467 804 Novum
1509 762 1687 807 autem
1738 769 1854 817 eos,
1895 754 1986 823 qui
2034 770 2129 824 per

601 845 929 900 Salvatorem
960 852 1199 896 nostrum
1244 842 1333 896 Dei
1373 843 1631 897 beneﬁcio
1660 858 1721 896 ac
1750 859 1970 899 munere
1998 858 2127 897 con-

598 936 947 999 surrexerint,
977 933 1040 1009 ad
1078 935 1401 1001 promissum
1433 934 1526 988 Dei
1555 950 1775 1004 regnum
1808 942 1866 988 ut
1905 945 2030 989 eant
2074 942 2127 989 et

598 1032 905 1097 prOperent,
929 1026 1081 1093 quasi
1113 1023 1445 1089 manuducit,
1486 1026 1646 1094 atque
1671 1026 1908 1086 instruit,
1939 1040 2125 1080 omnes

596 1130 746 1186 aaque
772 1114 1013 1169 homines
1039 1129 1236 1168 vocans
1270 1116 1323 1167 in
1363 1130 1522 1168 unam
1570 1122 1728 1185 atque
1757 1116 1995 1169 eamdem
2029 1116 2125 1170 bo-

597 1220 789 1261 norum
836 1207 1293 1259 communitatem.
1331 1203 1442 1257 Hoc
1482 1204 1642 1271 igitur
1696 1202 1901 1257 Novum
1941 1202 2128 1257 Testa~

598 1294 1031 1363 meritum,legem
1046 1309 1235 1348 novam
1255 1300 1406 1348 vocat
1419 1294 1554 1347 alius
1584 1292 1857 1361 itemjapud
1878 1291 2126 1347 llebrazos

592 1383 851 1452 propheta
878 1382 1046 1440 Isaias
1068 1382 1255 1438 dicens
1290 1401 1303 1436 :
1336 1402 1353 1432 ι
1385 1381 1516 1434 Nam
1545 1382 1612 1434 de
1657 1381 1786 1434 Sion
1822 1381 1986 1435 exibit
2019 1382 2123 1444 lex,

594 1478 648 1526 et
674 1470 895 1526 verbum
928 1470 1140 1525 Domini
1169 1470 1236 1526 de
1266 1470 1559 1526 Jerusalem
1614 1487 1627 1523 :
1674 1477 1726 1524 et
1757 1470 2021 1538 judicabit
2045 1471 2127 1522 in—

593 1575 676 1619 ter
720 1572 924 1632 gentes,
952 1573 1006 1619 et
1037 1563 1249 1617 venient
1271 1576 1457 1616 omnes
1492 1569 1695 1630 gentes,
1738 1566 1790 1614 et
1838 1574 2128 1628 congrega-

596 1656 796 1710 buntur
822 1671 1006 1710 omnes
1044 1655 1248 1724 populi,
1280 1661 1333 1707 et
1366 1654 1543 1707 dicent
1578 1670 1590 1705 :
1626 1648 1834 1714 Venite,
1870 1649 2127 1704 ascenda-

594 1761 715 1801 mns
742 1748 795 1800 in
825 1755 1057 1800 montem
1078 1744 1287 1798 Domini
1309 1751 1362 1799 et
1388 1744 1441 1796 in
1472 1743 1686 1797 domum
1714 1741 1805 1795 Dei
1831 1740 2073 1795 Iacob”.
2102 1761 2118 1792 ι

596 1835 700 1890 Sed
745 1851 862 1904 qua:
904 1834 1115 1889 tandem
1152 1836 1234 1890 lex
1269 1833 1335 1889 de
1365 1833 1491 1887 Sion
1517 1833 1882 1901 proﬁciscens,
1914 1832 2121 1886 diversa

592 1926 852 1981 duntaxat
880 1926 948 1979 ab
968 1940 1030 1980 ea
1055 1941 1173 1995 quae
1196 1925 1248 1978 in
1284 1933 1464 1979 monte
1492 1923 1617 1978 Sina
1649 1940 1744 1993 per
1771 1924 1971 1977 Mosem
2000 1923 2121 1977 data

591 2024 674 2070 est
725 2016 1019 2084 reperietur
1060 2034 1072 2069 :
1112 2016 1213 2070 nisi
1236 2015 1410 2083 ipsum
1459 2014 1830 2083 Evangelicum
1879 2015 2122 2081 verbum,

590 2104 731 2174 quod
758 2119 851 2174 per
865 2102 1193 2157 Salvatorem
1222 2109 1463 2155 nostrum
1488 2099 1669 2155 Jesum
1694 2099 1985 2161 Christum,
2004 2113 2124 2168 per-

592 2210 697 2263 que
727 2193 962 2262 ejusdem
996 2192 1269 2261 apostolos
1295 2191 1363 2246 de
1395 2190 1521 2245 Sion
1557 2190 1854 2260 profectum
1884 2196 1985 2251 est,
2005 2203 2126 2258 per-

590 2298 694 2353 que
721 2296 906 2338 omnes
932 2288 1115 2352 gentes
1146 2279 1586 2336 disseminatum?
1613 2288 1823 2334 constat
1869 2279 2012 2333 enim
2057 2278 2125 2332 de

594 2373 887 2429 Jerusalem
938 2388 1000 2428 ac
1030 2373 1096 2428 de
1128 2386 1191 2427 eo
1219 2366 1310 2441 qui
1363 2371 1438 2424 illi
1480 2370 1799 2439 conjttnrtus
1820 2376 1920 2433 est,
1945 2376 2125 2423 monte

594 2464 745 2527 Sion,
777 2465 867 2519 ubi
895 2463 1142 2519 Salvatbr
1169 2470 1232 2516 ac
1252 2460 1577 2530 DominusQ
1600 2468 1802 2523 noster,
1827 2466 1879 2513 et
1899 2460 2120 2511 multum

590 2561 835 2607 versatus
856 2558 1029 2617 est,et
1057 2550 1345 2620 plurimum
1370 2547 1627 2601 doctrinae
1649 2560 1759 2600 suae
1784 2543 1969 2607 edidit,
1992 2543 2122 2597 Novi

592 2642 919 2697 Testamenti
950 2642 1120 2709 legem
1152 2640 1220 2694 ab
1263 2639 1415 2693 initio
1446 2636 1741 2708 profectam
1787 2636 1841 2688 in
1897 2643 2123 2687 cunctos

535 2780 546 2792 .
588 2733 831 2787 homines
864 2746 1014 2785 suam
1055 2732 1227 2786 lucem
1275 2731 1545 2789 effudisse,
1603 2744 1720 2798 quae
1769 2727 1981 2797 quidem
2036 2742 2122 2782 rrs

587 2828 942 2876 consentanea
975 2820 1041 2875 iis
1069 2821 1291 2876 vocibus
1326 2820 1443 2881 fuit,
1474 2818 1669 2888 quibus
1695 2818 1780 2871 ille
1803 2817 1867 2868 ad
1893 2831 2021 2870 suos
2040 2824 2122 2869 est

587 2928 721 2968 usus
747 2912 1062 2981 discipulos,
1099 2912 1225 2965 dum
1251 2912 1379 2966 dicit
1408 2929 1420 2964 :
1461 2928 1479 2962 ι
1512 2910 1583 2965 Ite
1612 2923 1674 2961 ac
1707 2907 1893 2961 docete
1936 2922 2122 2961 omnes

586 3010 792 3075 gentes,
836 3001 1090 3057 docentes
1128 3008 1221 3056 e'os
1279 3015 1496 3056 servare
1554 2999 1733 3054 omnia
1790 3013 2121 3068 quaecunque

586 3094 811 3168 praecepi
837 3094 881 3125 “
914 3093 1084 3148 vobis.
1121 3104 1138 3144 ι
1177 3090 1426 3156 Quaenam
1460 3104 1622 3160 porro
1651 3089 1760 3143 hazc
1809 3086 1982 3152 erant,
2017 3088 2118 3142 nisi

586 3182 719 3237 Novi
744 3180 1071 3235 il‘estamenti
1104 3179 1348 3234 instituta
1370 3194 1431 3232 ac
1452 3178 1751 3247 praecepta?
1773 3177 1988 3246 quando
2013 3176 2115 3247 igi-

584 3284 671 3328 tur
701 3273 813 3327 hzec
840 3270 918 3325 sic
946 3284 1003 3325 se
1036 3269 1231 3323 habere
1259 3278 1530 3323 ostensum
1561 3278 1662 3333 est,
1687 3282 1829 3321 nunc
1849 3268 1957 3337 jam
1979 3276 2115 3322 tem-

581 3379 683 3434 pus
717 3362 873 3417 fuerit
903 3361 1165 3430 inspicere
1191 3360 1413 3431 hujusce
1449 3359 1578 3414 Novi
1604 3357 1949 3419 Testamenti,
1981 3357 2120 3425 ejus-

2226 573 2337 641 ἁμα
2347 571 2578 642 ρτωλοῖς,
2610 573 2701 624 καὶ
2715 575 2823 635 τοῖς
2838 576 3246 645 παραπλησίοις.
3263 594 3279 625 ι
3315 574 3442 625 Ἡδὲ
3468 574 3619 645 καινὴ
3640 581 3738 630 rei»

2225 660 2309 712 διὰ
2336 659 2426 713 τοῦ
2456 660 2699 731 Σωτῆρος
2730 661 2883 731 ἡμῶν
2916 663 3095 733 χάριτι
3159 664 3249 715 καὶ
3288 662 3465 731 δωρεᾷ
3501 662 3631 715 Θεοῦ
3672 666 3733 718 ἀν

2226 750 2607 819 εγηγερμένοις
2640 751 2729 802 ἐπὶ
2776 750 2837 802 τὸ
2888 752 3115 819 βαδίζειν
3159 753 3252 805 καὶ¹
3287 752 3531 804 σπεύδειν
3570 756 3645 816 εἰς
3672 755 3733 825 τὴ

2226 839 2631 910 ἐπηγγελμένην
2662 840 2917 894 τοῦὌεοῦ
2949 841 3218 911 βασιλείαν
3264 845 3609 912 χειραγωγεῖ,
3638 845 3738 897 πάν

2226 946 2319 991 τας
2351 929 2542 999 ἐπίσης
2569 929 2880 1001 ἀνθρώπους
2914 932 2992 993 εἰς
3030 931 3154 1000 μίαν
3199 932 3292 984 καὶ
3335 931 3433 1001 τὴν
3478 932 3644 1002 αύτὴν
3671 934 3738 985 τῶ

2226 1019 2438 1086 ἀγαθῶν
2491 1018 2771 1089 μετουσίαν
2803 1019 3232 1089 προκαλουμένη.
3278 1022 3491 1092 Ταύτην
3530 1022 3629 1090 τὴν
3670 1041 3738 1077 κα

2226 1106 2319 1176 νην
2355 1104 2621 1176 Διαθήκην
2653 1101 2804 1168 αὖθις
2823 1106 2981 1175 νόμον
3023 1107 3274 1176 ὀνομάζει
3312 1108 3493 1160 καινὸν
3534 1108 3738 1161 Ἡσαΐαι

2226 1195 2378 1257 ἄλλος
2402 1196 2554 1247 πάλιν
2591 1198 2713 1267 παρ’
2756 1197 3024 1267 Ἑϐραίοις
3056 1199 3359 1268 προφήτης,
3383 1196 3584 1266 λέγων·
3624 1217 3643 1250 ι
3686 1200 3738 1251 Ἐ

2225 1286 2329 1356 γὰρ
2360 1288 2496 1338 Σιὼν
2540 1286 2868 1351 ἐξελεύσεται
2918 1288 3097 1357 νόμος,
3137 1289 3232 1341 καὶ
3286 1288 3443 1355 λόγος
3484 1290 3688 1360 ιςυρίου
3726 1291 3738 1341 ἑ

2236 1372 2600 1447 Ἰερουσαλὴμ,
2635 1378 2727 1428 καὶ
2754 1379 2926 1448 κρινεῖ
2955 1377 3056 1430 ἀνά
3106 1378 3270 1446 μέσον
3318 1377 3427 1430 τῶν
3474 1357 3665 1441 ἐθνῶν,
3693 1397 3738 1432 κε

2224 1465 2406 1535 ἥξουσι
2438 1468 2609 1520 πάντα
2641 1468 2708 1520 τὰ
2743 1468 2887 1538 ἔθνη,
2926 1468 3018 1521 καὶ
3050 1469 3485 1539 συναχθήσονται
3518 1468 3717 1531 πάντες

2224 1556 2359 1616 λαοὶ,
2390 1557 2482 1608 καὶ
2514 1556 2725 1625 ἐροῦσι·
2758 1558 2939 1621 Δεῦτε,
2984 1560 3077 1611 καὶ
3105 1558 3400 1625 ἀναδῶμεν
3448 1559 3530 1620 εἰς
3569 1559 3633 1610 τὸ
3664 1559 3738 1629 6ρ‹

2226 1646 2448 1713 Κυρίου,
2478 1647 2568 1700 καὶ
2599 1648 2676 1709 εἰς
2697 1645 2785 1699 τὸν
2802 1642 2944 1700 οἶκον
2965 1647 3058 1701 τοῦ
3087 1648 3221 1701 Θεοῦ
3264 1647 3485 1700 Ἰακώϐ.
3518 1650 3614 1712 Τίς
3652 1649 3699 1702 δ’
3729 1651 3738 1703 ε

2228 1736 2310 1804 εἴη
2338 1738 2364 1787 6
2391 1737 2451 1788 ἐκ
2480 1735 2611 1788 Σιὼν
2637 1734 3011 1808 προεληλυθὼς
3034 1738 3218 1808 νόμος,
3251 1738 3445 1810 ἕτερος
3474 1739 3551 1792 ὢν
3577 1739 3672 1792 τοῦ
3705 1742 3737 1793 ὲι

2223 1822 2319 1892 τῆς
2342 1824 2544 1893 ἐρήμου
2564 1824 2650 1877 διὰ
2689 1826 2927 1889 Μωσέως
2958 1828 3014 1879 ἐν
3041 1826 3118 1896 τῷ
3143 1828 3277 1880 Σινὰ
3300 1828 3425 1898 ὂρει
3449 1831 3738 1901 νενομοθετ

2227 1912 2404 1980 μένου,
2431 1912 2540 1964 ἀλλ’
2568 1913 2600 1983 ἦ
2626 1916 2653 1966 6
2677 1914 3034 1983 Εὐαγγελικὸς
3058 1916 3239 1983 λόγος,
3260 1918 3290 1968 6
3312 1917 3403 1970 διὰ
3430 1918 3524 1970 τοῦ
3554 1920 3738 1991 Σωτῆρ

2221 2004 2374 2074 ἡμῶν
2406 2004 2572 2073 Ἰησοῦ
2598 2005 2688 2058 τοῦ
2711 2007 2940 2076 Χριστοῦ
2965 2009 3057 2061 καὶ
3070 2008 3179 2060 τῶν
3200 2008 3528 2062 ἀποστόλων
3553 2010 3722 2063 αὐτοῦ

2221 2096 2317 2165 τῆς
2349 2094 2484 2148 Σιὼν
2517 2096 2909 2166 προεληλυθὼς,
2940 2098 3031 2150 καὶ
3065 2098 3295 2151 διελθὼν
3322 2099 3509 2152 πάντα
3535 2100 3605 2152 τὰ
3639 2099 3738 2152 ἕθνλ

2222 2186 2481 2257 πρόδηλον
2500 2186 2606 2258 γὰρ
2622 2186 2695 2250 ὡς
2719 2187 2824 2239 ἀπὸ
2838 2189 2935 2274 τῇς
2971 2188 3356 2259 Ἰερουσαλὴμ,
3382 2189 3487 2242 καὶ
3516 2189 3616 2242 τοῦ
3638 2189 3738 2243 ταύ

2223 2276 2755 2347 προσπαρακειμένου
2800 2276 2934 2329 Σιὼν
2980 2276 3170 2347 ὅρους,
3221 2276 3357 2330 ἔνθα
3407 2277 3510 2340 τὰς
3553 2277 3738 2330 πλείστ

2220 2368 2493 2440 διατριϐάς
2537 2385 2597 2421 τε
2647 2368 2739 2421 καὶ
2787 2368 3126 2433 διδασκαλίας
3165 2371 3196 2421 6
3228 2369 3431 2441 Σωτὴρ
3456 2370 3559 2423 καὶ
3611 2370 3737 2443 Κύρ

2222 2459 2373 2529 ήμῶν
2402 2460 2679 2528 πεποίητο,
2710 2459 2738 2510 6
2776 2459 2874 2528 τῆς
2901 2462 3104 2531 Καινῆς
3132 2461 3427 2533 Διαθήκης
3453 2461 3627 2516 αὐτοῦ
3653 2463 3738 2532 ἀρέ

2225 2568 2379 2619 μενος
2404 2552 2583 2621 νόμος,
2619 2550 2865 2604 κάκεῖθεν
2896 2551 3194 2621 προελθὼν,
3224 2556 3309 2617 είς
3339 2553 3562 2618 πάντας
3588 2553 3738 2619 ἐξέλο

2219 2638 2317 2706 ψεν
2354 2637 2665 2710 ἀνθρώπους
2710 2638 3013 2703 ἀκολούθως
3052 2645 3172 2704 ταῖς
3226 2641 3406 2695 αὑτοῦ
3452 2643 3669 2710 φωναῖς
3692 2682 3708 2705 ,

2222 2727 2354 2797 πρὸς
2374 2728 2494 2789 τοὺς
2523 2727 2684 2780 αὑτοῦ
2715 2727 2956 2797 μαθητὰς
2980 2731 3272 2800 πεποίητο,
3314 2733 3538 2802 φήσας·
3568 2751 3587 2781 ι
3620 2732 3737 2802 Πορ

2221 2816 2398 2879 θέντες
2428 2816 2795 2887 μαθητεύσατε
2829 2816 3002 2871 πάντα
3030 2818 3099 2872 τὰ
3137 2820 3297 2891 ἔθνη,
3326 2822 3694 2884 διδάσκοντες
3728 2840 3738 2873 ι

2218 2907 2340 2969 τοὺς
2365 2909 2545 2976 τηρεῖν
2575 2906 2756 2967 ,πάντα
2794 2909 2892 2961 ὅσα
2926 2910 3289 2982 ἐνετειλάμην
3338 2913 3501 2982 ὑμῖν.
3541 2932 3560 2964 ι
3603 2912 3738 2966 Τίνα

2218 2996 2381 3049 ταῦτα
2403 2992 2489 3067 ῆν,
2519 2996 2629 3049 ἀλλ’
2664 2996 2696 3067 ή
2727 2996 2797 3049 τὰ
2821 2997 2919 3067 τῆς
2950 2999 3158 3070 Καινῆς
3186 3001 3491 3073 Διαθήκης
3514 3003 3676 3077 νμαθή
3688 3023 3728 3074 μ

2174 3131 2186 3147 .
2218 3104 2276 3141 τε
2341 3087 2433 3139 καὶ
2482 3086 2853 3156 παιδεύματα;
2894 3088 3110 3161 Ἐπειδὴ
3166 3092 3364 3146 τοίνυν
3424 3093 3591 3147 ταῦθ’
3656 3094 3738 3147 οὖν

2221 3178 2357 3249 ἔχειν
2380 3177 2761 3243 ἀποδέδεικται,
2787 3177 2902 3251 ὥρα
2927 3179 3020 3233 νῦν
3044 3182 3173 3235 ἰδεῖν
3203 3185 3305 3238 τὸν
3335 3186 3559 3257 τρόπον
3577 3188 3682 3259 τῆς
3707 3190 3736 3241 1η

2221 3269 2315 3338 νῆς
2365 3267 2666 3337 Διαθήκης,
2720 3268 2812 3321 καὶ
2863 3270 2954 3323 τοῦ
3014 3279 3579 3348 προκεκηρυγμένον
3645 3299 3736 3336 και

2222 3356 2458 3427 ᾄσματός
2491 3373 2546 3409 τε
2574 3356 2665 3408 καὶ
2688 3356 2871 3427 νόμου.

580 3473 684 3529 que
714 3455 853 3527 quod
876 3456 1183 3525 pradictum
1211 3453 1383 3509 fuerat
1408 3453 1602 3509 cantici
1621 3453 1765 3517 novi,
1800 3467 2055 3521 novasque
2077 3452 2207 3522 legis
2236 3451 2493 3505 rationem
2529 3464 2592 3504 ac
2619 3451 2855 3505 modum.

1193 3531 1415 3605 CAPUT
1442 3546 1505 3601 v.

582 3641 835 3709 Quisnam
862 3642 1041 3697 modus
1062 3638 1198 3694 Novi
1230 3640 1563 3705 Testamenti,
1595 3638 1741 3708 cujus
1774 3636 2013 3693 Christus
2039 3645 2117 3689 est

1236 3719 1434 3763 auctor.

651 3799 728 3853 lla
772 3798 988 3868 quidem
1037 3808 1317 3853 ostensum
1360 3797 1471 3865 jam
1521 3804 1623 3858 est,
1667 3794 2114 3863 quemadmodum

581 3882 746 3940 Vetus
775 3885 903 3939 illud
946 3883 1362 3948 Testamentum,
1397 3884 1587 3952 lexque
1633 3882 1863 3938 Mosaica
1893 3883 1984 3936 uni
2016 3882 2113 3936 Ju-

582 3976 747 4029 daica:
782 3973 962 4043 genti,
1008 3982 1061 4028 et
1095 3973 1223 4027 huic
1264 3974 1365 4042 ipsi
1408 3973 1676 4042 propriam
1721 3980 1920 4026 terram
1964 3973 2111 4025 inco-

582 4063 711 4117 lenti
745 4061 1135 4116 accommodari
1190 4069 1392 4131 posset,
1423 4075 1486 4115 ac
1516 4075 1686 4131 neque
1724 4059 1946 4130 reliquis
1989 4075 2116 4130 gen-

581 4155 749 4213 tibus,
801 4167 919 4220 quae
957 4158 1071 4205 toto
1106 4160 1368 4206 terrarum
1401 4152 1532 4207 orbe
1574 4157 1903 4214 tenerentur,
1943 4166 2117 4220 neque

583 4244 779 4298 alienas
803 4250 973 4296 terras
998 4242 1347 4297 incolentibus
1366 4241 1562 4296 ludatis
1582 4239 1888 4295 conveniret
1911 4256 1923 4290 :
1943 4241 2117 4310 quod-

2734 3546 3123 3604 ΚΕΦΑΛΔΙΟΝ
3169 3554 3251 3609 Ε’;

2224 3637 2317 3701 Τίς
2358 3638 2390 3690 ὁ
2432 3636 2537 3690 τοῦ
2589 3635 2842 3704 Χριστοῦ
2895 3637 3005 3758 τῇς
3029 3643 3261 3711 Καινῆς
3312 3636 3653 3717 Διαθῆκιις
3708 3669 3736 3705 τ

2911 3740 2929 3758 υ
2958 3728 3045 3758 ΟΡ.

2911 3728 3045 3773 πος.

2298 3790 2361 3845 Ἦ
2422 3792 2517 3861 μὲν
2561 3793 2624 3861 δὴ
2670 3793 2865 3846 παλαιά
2896 3797 3134 3869 Διαθήκη
3193 3803 3301 3856 καὶ
3351 3792 3386 3857 6
3435 3805 3537 3860 διὰ
3589 3809 3736 3861 Mm:

2219 3882 2376 3951 νόμος
2423 3881 2564 3950 μόνῳ
2587 3880 2663 3950 τῷ
2710 3883 2972 3940 Ἰουδαίων
3014 3887 3179 3954 ἔθνει,
3214 3894 3327 3947 καὶ
3380 3896 3591 3969 τούτῳ
3617 3899 3726 3953 ἐπὶ

2216 3970 2416 4033 οἰκείας
2437 3970 2538 4040 γῆς
2564 3971 2814 4036 οἰκοῦντι,
2848 3975 3182 4048 κατάλληλος
3211 3968 3696 4054 ἀποδέδεικται,

2217 4060 2272 4113 δὲ
2298 4062 2407 4121 τοῖς
2435 4059 2631 4123 λοιποῖς
2659 4060 2831 4114 ἔθνεσι
2858 4067 2969 4127 τοῖς
2998 4067 3118 4119 καθ’
3142 4069 3285 4141 ὅλης
3312 4075 3436 4145 τῆς
3470 4080 3734 4151 οἰκουμέ

2217 4150 2336 4205 οὔτε
2361 4153 2469 4215 τοῖς
2488 4151 2575 4204 ἐπὶ
2599 4153 2697 4222 γῆς
2720 4153 3018 4227 ἀλλοδαπῆς
3036 4152 3491 4235 ἀπῳκισμένοις
3526 4150 3723 4225 Ἰουδα

2216 4240 2305 4292 τὸν
2324 4239 2379 4293 δὲ
2397 4241 2499 4311 τῆς·
2517 4241 2720 4310 Καινῆς
2736 4242 3005 4314 Διαθήκης
3018 4247 3217 4317 τρόπον
3238 4256 3444 4311 πᾶσίιν
3463 4259 3721 4317 ἔθνεσιν

582 4329 845 4401 que'Novi
894 4329 1218 4385 Testamenti
1258 4331 1520 4385 rationem
1548 4331 1621 4384 ita
1662 4337 1930 4401 oporteret
1959 4330 2110 4383 insti-

2217 4330 2344 4401 φελῆ
2524 4332 2690 4425 δήπου
2715 4335 3063 4404 καταστῆναι,
3089 4338 3165 4402 ὡς
3182 4344 3502 4417 μηδαμῶς
3527 4355 3734 4425 μηδαξ,

582 4423 681 4488 tui,
709 4431 768 4476 ut
793 4422 1045 4477 omnibus
1074 4423 1323 4491 gentibus
1342 4422 1408 4476 ad
1438 4422 1597 4476 vitam
1636 4421 1888 4489 prodesse
1909 4430 2109 4491 posset,

584 4522 643 4568 nt
669 4529 736 4569 ne
772 4528 994 4583 prorsus
1027 4513 1135 4566 ullo
1172 4510 1353 4575 modo,
1403 4511 1577 4566 ullave
1623 4512 1843 4575 ratione,
1875 4513 1965 4581 qui
2012 4512 2112 4567 hoc

581 4605 702 4661 vitae.
730 4603 1028 4658 institutum
1061 4602 1265 4671 ingredi
1303 4601 1516 4665 vellent,
1556 4601 1941 4671 impedirentur
1972 4621 1985 4656 :
2016 4619 2112 4658 ne-

581 4709 686 4765 que
708 4703 799 4748 aut
829 4693 1083 4765 regionis,
1115 4702 1206 4746 aut
1235 4693 1468 4762 generis,
1502 4700 1593 4746 aut
1619 4692 1743 4755 loci,
1774 4700 1865 4747 aut
1894 4694 2112 4748 alterius

580 4785 877 4856 cujuspiam
923 4785 1000 4839 rei
1053 4784 1271 4837 omnino
1329 4796 1526 4846 causa,
1581 4792 1797 4853 possent
1842 4786 2107 4839 excusari.-

580 4877 724 4933 Talis
754 4893 914 4947 porro
944 4883 996 4930 et
1041 4875 1148 4936 lex,
1170 4876 1221 4927 et
1250 4874 1356 4927 vita
1408 4874 1560 4943 plane
1591 4875 1792 4943 exstitit
1821 4891 1904 4938 ea,
1935 4892 2051 4947 qua:
2080 4891 2109 4930 a

583 4966 856 5020 Salvatore
916 4973 1103 5020 nostro
1142 4963 1268 5018 Jesu
1327 4963 1544 5017 Christo
1594 4964 1835 5019 instituta
1866 4973 1968 5030 est,
2005 4979 2109 5035 qua

524 5125 531 5132 ι
579 5053 754 5123 prisca
785 5055 894 5119 illa,
928 5065 980 5110 et
1021 5058 1136 5125 ipso
1169 5050 1311 5107 blose
1357 5052 1629 5122 antiquior
1675 5055 2005 5109 instauratur
2026 5071 2109 5107 re-

580 5143 728 5213 ligio,
760 5143 825 5196 ad
849 5146 1003 5211 cujus
1032 5160 1272 5199 normam
1296 5152 1351 5199 et
1386 5143 1676 5209 Abraham,
1707 5153 1760 5198 et
1790 5144 1906 5212 ejus
1935 5145 2105 5213 majo-

579 5252 669 5292 res
716 5233 913 5289 visisse
967 5234 1121 5288 facile
1163 5236 1619 5291 demonstrantur.
1674 5234 1825 5300 Quod
1880 5235 1922 5288 si
1975 5235 2107 5288 velis

578 5323 1002 5381 Christianorum
1042 5320 1252 5376 vivendi
1294 5326 1574 5388 rationem,
1613 5333 1772 5394 atque
1799 5337 1915 5377 eam
1948 5336 2106 5391 quam

577 5414 823 5468 Christus
855 5426 946 5480 per
971 5425 1154 5465 omnes
1172 5419 1353 5480 gentes
1384 5411 1751 5470 disseminavit
1772 5410 2103 5480 religionem,

577 5519 697 5557 cum
727 5518 790 5556 eo
815 5509 866 5555 et
897 5500 1166 5569 religionis
1188 5508 1239 5554 et
1255 5501 1479 5568 iustitia:
1499 5502 1748 5559 instituto
1775 5513 2103 5571 comparare,

574 5603 628 5647 et
667 5580 1010 5657 contendere,
1043 5605 1149 5659 quo
1181 5600 1232 5644 et
1253 5590 1518 5645 Abraham
1548 5603 1600 5647 et
1646 5592 1872 5647 Abrahae
1902 5589 2103 5647 similes

2212 4422 2659 4492 παραποδίξεσθαι
2687 4425 2811 4486 τοὺς
2847 4426 2985 4479 κατά
3016 4428 3202 4485 τοῦτον
3232 4422 3710 4500 πολιτεύεσθαι

2210 4513 2414 4607 ληντας,
2450 4515 2701 4607 μήτ’ᾐὰπὸ
2736 4514 2936 4607 χώρας,
2969 4518 3095 4589 μήτ’
3124 4520 3232 4575 ἀπὸ
3282 4527 3555 4597 γένους,
3597 4530 3733 4607 μήτ

2208 4604 2392 4668 τόπου,
2416 4604 2547 4673 μήτε
2580 4601 2641 4654 ἐκ
2672 4619 2813 4666 τινος
2843 4605 3029 4676 ἑτέρου
3067 4608 3127 4662 τὸ
3156 4610 3438 4673 σύνολον.
3481 4601 3728 4682 Tasci“:

2210 4690 2442 4787 πέφηνεν
2465 4695 2493 4746 6
2509 4693 2641 4787 πρὸς
2666 4694 2758 4787 τοῦ
2780 4695 3024 4766 Σωτῆρος
3043 4699 3198 4768 ἡμῶν
3230 4703 3453 4775 Ἰησοῦ
3488 4714 3547 4766 Χ
3556 4734 3732 4787 ρεστ(

2208 4784 2459 4854 νομοθετη
2469 4783 2624 4853 μένος
2648 4785 2808 4854 νόμος
2839 4802 2895 4837 τε
2913 4789 3004 4840 καὶ
3028 4788 3160 4857 βίος,
3177 4792 3282 4863 τὴν
3304 4802 3494 4855 ποιλα
3504 4783 3732 4865 ιοτάττ

2210 4874 2573 4945 πρεσϐυτέραν
2629 4876 2867 4939 Μωσέως
2896 4878 3173 4933 εὐσέϐειαν
3197 4883 3728 4966 ἀνανεούμενος,

2207 4963 2323 5058 «ῆν-6
2364 4962 2609 5034 θεοφιλής
2649 4965 2922 5058 ’βδραὰμη
2965 4969 3061 5022 καὶ
3084 4971 3133 5022 oi
3175 4973 3401 5031 τούτου
3470 4962 3732 5058 ergout};

2206 5049 2499 5143 δείκνυνται
2525 5052 2978 5143 πεπολιτευμένοι.
3010 5058 3072 5111 Et
3093 5057 3221 5126 γοῦν
3249 5049 3675 5143 ἐθελήσειας
3705 5100 3732 5135 τ

2207 5140 2537 5229 ξριστιανῶν
2584 5142 2715 5211 βίον,
2758 5146 2850 5198 καὶ
2888 5147 2985 5217 τὴν
3023 5146 3126 5201 ὑπὸ
3174 5150 3270 5204 τοῦ
3321 5140 3663 5229 Χριστοῦ*
3718 5191 3732 5221 ε

2207 5226 2378 5279 ἔθνεσι
2430 5229 2898 5313 καταϐεϐλημένην
2935 5232 3239 5289 θεοσέϐειαν
3290 5226 3732 5314 cus—1555:6160

2204 5315 2388 5414 τράπεθ
2412 5316 2515 5370 τῶν
2542 5318 2680 5389 ἀμφὶ
2721 5322 2811 5374 τὸν
2842 5322 3085 5395 ’Ᾱϐραάμ
3126 5326 3212 5377 ἐπ’
3242 5329 3580 5414 εὐσεϐείᾳ
3641 5364 3730 5402 κα

2204 5405 2459 5478 καιοσύνῃ
2486 5414 3001 5484 μεμαρτυρημένων,
3034 5413 3127 5466 ἕνα
3153 5418 3246 5471 κα)⁸
3281 5422 3410 5476 τὸν
3446 5405 3686 5490 αὖα-δν

2207 5511 2335 5591 σεις.
2373 5496 2599 5552 Ἐκεῖνοι
2631 5518 2688 5554 τε
2710 5503 2837 5574 γὰρ,
2870 5504 2968 5574 τῆς
3003 5505 3265 5561 πολυθέου
3296 5512 3599 5591 πλάνης
3640 5529 3730 5582 ἀτ

2209 5590 2481 5660 ρήσαντες,
2506 5593 2597 5648 καὶ
2626 5595 2723 5666 τὴν
2752 5596 2877 5667 περὶ
2913 5598 2976 5654 τὰ
3015 5598 3299 5671 ἀγάλματα
3352 5605 3730 5693 δεισιδαιι.

648 5709 693 5742 δ’
730 5708 753 5763 l
790 5706 927 5761 'i‘im.
973 5723 1009 5769 ι,
1051 5709 1101 5761 9.
1182 5709 1225 5740 ⁵ο
1263 5705 1361 5763 lsa.
1405 5722 1461 5775 tt,
1505 5707 1617 5761 τοι.
1695 5710 1734 5741 ⁸¹
1778 5705 1960 5763 Matth.
2002 5721 2118 5761 nm

2230 5704 2315 5772 i9,
2353 5705 2439 5761 ευ.
