3870 6338
576 348 647 451 4'7
1149 353 1157 365 ”
1194 390 1454 445 EUSEBll
1490 389 1964 446 CESARIENSIS
2013 388 2112 445 om

2213 388 2378 443 rans
2414 389 2474 444 ιι.
2515 419 2583 432 -
2622 388 3115 451 spumosum.
3720 384 3738 437 4

578 513 888 575 reddiderit,
933 508 1091 562 modo
1138 509 1325 571 Deum,
1376 524 1438 561 ac
1476 508 1778 573 Dominum,
1822 510 1981 562 modo
2014 509 2106 563 Dei

2213 509 2313 577 μαξ
2350 506 2707 577 ὲστηριγμένη
2741 509 2797 559 ὲν
2822 513 2882 579 τῇ
2929 514 3020 579 γῇ,
3052 506 3122 581 ἧς
3154 510 3187 577 ἡ
3238 501 3461 572 κεφαλὴ
3510 500 3738 566 ἀφικνεῖ

578 604 825 671 ιημιιιηι
869 599 1093 667 appellet
1130 617 1143 650 ε
1189 600 1265 652 sic
1300 598 1528 666 quidem
1580 599 1737 666 plane
1791 599 2103 661 declarans,

579 708 686 745 non
726 692 865 743 hunc
895 689 1060 743 fuisse
1109 689 1281 757 ipsum
1320 688 1553 752 Patrem,
1596 689 1689 743 sed
1734 688 1852 755 ejus
1894 688 2105 752 Filium,

578 782 669 851 qui
720 782 857 834 idem
913 787 966 834 et
1011 778 1149 834 Deus
1208 794 1270 833 ac
1325 779 1582 833 Dominus
1634 779 1927 832 amicorum
1983 777 2103 842 Dei,

577 876 629 921 et
698 868 934 936 supremi
1010 866 1185 921 Patris
1252 868 1486 936 Angelus
1561 868 1665 921 dici
1735 867 2105 922 consueverit.

581 959 677 1026 ιι
710 958 846 1012 Dicit
868 959 1032 1028 igitur
1065 959 1147 1013 his
1171 958 1281 1012 fere
1312 960 1488 1013 verbis
1517 978 1530 1013 :
1567 977 1586 1009 ι
1626 959 1687 1011 Et
1713 959 1984 1028 profectus
2020 965 2110 1012 est

574 1045 739 1100 Jacob
764 1048 816 1099 in
842 1046 1076 1110 Charan,
1100 1049 1351 1117 venitque
1378 1048 1429 1101 in
1464 1049 1659 1111 locum,
1691 1057 1744 1102 et
1781 1049 2031 1102 dormivit
2056 1050 2107 1101 in

573 1148 640 1188 eo
667 1152 681 1187 :
711 1136 983 1189 occiderat
1010 1137 1150 1190 enim
1184 1139 1294 1199 sol,
1327 1145 1379 1190 et
1409 1138 1613 1206 accepit
1649 1138 1850 1206 lapides
1879 1139 2105 1201 deloco,

573 1233 627 1277 et
657 1225 938 1291 supposuit
960 1225 1122 1294 capiti
1156 1240 1283 1288 suo,
1327 1235 1380 1277 et
1416 1224 1662 1277 dormivit
1691 1226 1743 1277 in
1775 1226 1892 1277 loco
1923 1221 2033 1287 illo,
2057 1233 2111 1280 et

574 1314 898 1368 somniam:
930 1324 982 1369 et
1010 1330 1135 1370 ecce
1165 1317 1306 1370 scala
1343 1315 1441 1368 lixa
1466 1317 1633 1377 humi,
1667 1316 1819 1383 cujus
1846 1325 2007 1385 caput
2030 1324 2111 1370 at-

573 1402 810 1471 tingebat
851 1404 1067 1467 cmlum,
1093 1414 1147 1458 et
1190 1406 1358 1474 angeli
1393 1405 1483 1458 Dei
1518 1406 1876 1460 ascendebant
1920 1421 1982 1458 ac
2020 1406 2111 1461 de—

573 1494 899 1548 scendebant
935 1510 1031 1563 per
1072 1496 1238 1560 illam,
1266 1505 1320 1551 et
1354 1497 1609 1551 Dominus
1640 1498 1853 1551 innixus
1881 1504 1993 1550 erat
2022 1497 2069 1550 ei
2092 1537 2107 1560 ,

569 1590 626 1641 et
652 1583 787 1638 dixit
815 1604 828 1638 :
860 1586 971 1655 Ego
992 1586 1246 1642 Dominus
1278 1587 1415 1642 Deus
1442 1589 1709 1643 Abraham
1739 1589 1903 1657 patris
1930 1588 2028 1649 tui,
2058 1596 2111 1641 et

573 1674 715 1731 Deus
743 1676 909 1738 lsaac.
954 1679 1062 1732 noli
1097 1680 1323 1743 timere,
1374 1690 1574 1734 terram
1627 1681 1766 1733 hanc
1820 1681 1873 1732 in
1916 1694 2021 1748 qua
2052 1689 2109 1732 tu

572 1763 810 1829 dormis,
870 1768 966 1821 tibi
1016 1768 1155 1822 dabo
1204 1776 1258 1823 et
1309 1768 1497 1823 semini
1555 1778 1684 1823 tuo:
1716 1776 1768 1822 et
1797 1770 1896 1821 erit
1926 1784 2108 1823 semen

572 1865 746 1920 tuum,
772 1865 832 1910 ut
856 1873 1018 1911 arena
1043 1869 1201 1913 terrae
1227 1859 1293 1915 ".
1331 1878 1352 1910 ι
1382 1858 1586 1924 Quibus
1634 1860 1887 1929 deinceps
1918 1860 2109 1928 adjun-

573 1947 688 2013 git:
727 1964 745 1995 ε
787 1945 853 1998 Et
886 1947 1118 2000 surrexit
1146 1945 1313 2000 Jacob
1342 1961 1516 2008 mane,
1544 1953 1598 1999 et
1628 1946 1828 2015 accepit
1861 1946 2109 2014 lapidem,

573 2050 731 2104 quem
763 2044 1113 2104 supposuerat
1146 2036 1304 2104 capiti
1335 2050 1454 2096 suo,
1488 2044 1542 2089 et
1576 2036 1744 2089 erexit
1776 2035 1923 2087 illum
1959 2034 2014 2088 in
2045 2034 2114 2087 ti-

573 2124 828 2180 tulum".
857 2144 876 2176 ι
906 2126 1157 2180 Oratione
1184 2126 1374 2179 deinde
1394 2139 1728 2195 progressus,
1748 2124 1891 2178 hunc
1916 2125 2110 2192 ipsum,

574 2214 666 2282 qui
697 2214 771 2266 illi
803 2228 862 2268 se
883 2214 1208 2279 ostenderat,
1238 2212 1402 2267 Deum
1433 2228 1495 2267 ac
1530 2212 1843 2275 Dominum,
1878 2212 1971 2267 Dei
2015 2228 2113 2266 an-

573 2304 749 2373 gelum
801 2306 1061 2359 nominat.
1111 2304 1373 2373 Loquitur
1398 2320 1526 2375 ergo
1576 2304 1768 2371 Jacob;
1822 2323 1840 2356 ι
1895 2313 1950 2359 et
1980 2306 2114 2361 dixit

573 2395 704 2449 mihi
733 2393 966 2464 Angelus
1018 2393 1113 2449 Dei
1146 2395 1202 2448 in
1250 2396 1487 2450 somnis:
1521 2394 1728 2450 Iacob:
1776 2395 1883 2464 Ego
1937 2405 2113 2451 autem

574 2485 707 2547 dixi,
736 2484 874 2550 Quid
906 2492 991 2539 est
1020 2485 1102 2538 “‘2
1138 2504 1157 2536 ι
1194 2484 1268 2538 Ac
1323 2486 1575 2553 deinceps
1606 2505 1618 2538 :
1659 2503 1678 2534 ι
1727 2483 1881 2546 Vidi,
1917 2485 2110 2553 inquit,

575 2576 754 2629 omnia
786 2588 1119 2644 quaecunque
1146 2574 1271 2629 fecit
1297 2574 1498 2629 Laban.
1546 2575 1655 2645 Ego
1680 2590 1797 2629 sum
1836 2576 1992 2638 Deus,
2021 2576 2113 2644 qui

575 2664 727 2720 visus
751 2680 868 2719 sum
890 2664 985 2717 tibi
1016 2665 1068 2717 in
1098 2665 1215 2717 loco
1235 2664 1348 2727 Dei,
1369 2666 1457 2717 ubi
1488 2667 1686 2719 unxisti
1714 2664 1841 2718 mihi
1864 2666 2112 2735 lapidem,

574 2765 864 2823 votumque
897 2754 1087 2809 vovisti
1133 2756 1197 2806 εν.
1235 2773 1253 2805 ι
1296 2754 1393 2809 Hic
1425 2771 1554 2809 sane
1600 2756 1772 2817 idem,
1813 2758 1903 2825 qui
1953 2758 2112 2810 etiam

573 2844 799 2899 Abrahae
825 2845 973 2898 visus
1000 2853 1102 2906 est,
1137 2843 1279 2901 Deus
1305 2860 1367 2899 ac
1401 2846 1655 2899 Dominus
1690 2847 2005 2914 appellatur,
2024 2847 2115 2915 qui

574 2951 671 3004 per
705 2935 976 3005 mysteria,
1009 2935 1275 2989 hominem
1304 2935 1396 2989 Dei
1424 2937 1672 3000 amicum,
1707 2936 1790 2991 sui
1831 2937 1997 3005 patris
2025 2937 2113 3005 jus

574 3033 629 3080 et
662 3030 977 3094 potestatem"
999 3023 1186 3089 docet,
1231 3040 1293 3079 ac
1322 3026 1575 3079 nonnulla
1604 3026 1813 3079 interim
1846 3029 2000 3095 quasi
2050 3025 2115 3081 de

2208 602 2286 661 εἰς
2317 600 2406 650 τὸν
2434 599 2673 667 οὐρανὸν,
2711 600 2803 650 καὶ
2831 601 2877 650 οἱ
2905 600 3121 667 ἄγγελοι
3167 597 3265 650 τοῦ
3298 591 3447 647 Θεοῦ
3504 591 3738 643 ἁνέϐαιν

2208 691 2299 742 καὶ
2330 690 2640 741 κατέϐαινον
2673 689 2757 739 ἐπ’
2783 689 2965 758 αὐτήν.
3004 690 3061 741 '0
3090 689 3148 740 δὲ
3174 686 3386 756 Κύριος
3414 681 3639 749 ὲπεστή
3651 696 3738 749 ρικ

2209 780 2291 831 ἐπ’
2335 778 2519 845 αὐτῆς,
2548 778 2640 829 καὶ
2672 774 2817 829 εἶπεν
2836 794 2849 807 ο
2890 777 3027 845 Ἐγὼ
3052 777 3256 846 Κύριος
3291 777 3320 827 6
3345 772 3498 833 Θεὸς
3547 759 3737 839 ’Ᾰϐραι

2208 868 2298 919 τοῦ
2331 867 2529 937 πατρός
2557 884 2669 929 σου,
2710 868 2800 919 καὶ
2843 868 2871 918 6
2912 868 3042 928 Θεὸς
3085 866 3269 919 Ἰσαάκ
3296 882 3311 896 ⁸
3370 864 3461 933 μὴ
3518 860 3727 928 φοϐοῦ,

2208 957 2278 1024 γῆ
2337 957 2418 1024 ἐφ’
2446 953 2511 1026 ἧς
2542 958 2603 1009 σὺ
2628 956 2899 1018 καθεύδεις
2932 957 3016 1008 ἐπ’
3056 957 3247 1025 αὐτῆς,
3290 956 3377 1006 σοὶ
3423 952 3597 1004 δώσω
3639 953 3738 1004 αὐτ

2210 1049 2302 1098 καὶ
2326 1047 2401 1115 τῷ
2432 1047 2697 1117 σπέρματί
2731 1064 2851 1098 σου·
2878 1048 2970 1099 καὶ
3006 1045 3156 1099 ἔσται
3179 1046 3239 1097 τὸ
3279 1043 3528 1114 σπέρμα
3590 1057 3693 1092 σου

2208 1141 2240 1207 ἡ
2278 1139 2453 1207 ἄμμος
2477 1139 2571 1207 τῆς
2598 1138 2697 1207 γῆς
2722 1155 2735 1168 σ
2770 1156 2789 1187 ι
2816 1132 2895 1199 οἷς
2929 1136 3055 1204 ἑξῆς
3084 1135 3327 1201 ἐπιλέγει
3350 1150 3370 1165 ο
3415 1151 3436 1181 ε
3474 1131 3583 1183 καὶ
3609 1128 3738 1182 ἀνέε

2222 1227 2407 1281 Ἰακὼϐ
2451 1228 2511 1279 τὸ
2558 1227 2718 1296 πρωῒ,
2762 1229 2853 1279 καὶ
2895 1226 3050 1278 ἔλαϐε
3097 1225 3188 1275 τὸν
3224 1223 3381 1275 λίθον
3438 1220 3505 1271 δν
3560 1219 3738 1269 ὑπὲθτ

2211 1318 2342 1389 πρὸς
2375 1316 2608 1385 κεφαλῆς
2652 1315 2835 1377 αὐτοῦ,
2867 1314 2958 1366 καὶ
3004 1312 3228 1381 ἔστησεν
3281 1309 3471 1361 αὐτὸν
3524 1308 3738 1377 στήλην

2210 1405 2338 1460 Εἶτα
2386 1406 2525 1476 πρωῒ
2573 1406 2729 1458 αὐτὸν
2772 1406 2835 1472 δὴ
2888 1402 3071 1455 τοῦτον
3116 1401 3205 1453 τὸν
3245 1398 3622 1467 ἐπιφανέντα
3669 1398 3738 1450 αὖ

2209 1496 2337 1548 Θεὸν
2365 1497 2455 1548 καὶ
2502 1494 2719 1563 Κύριον,
2748 1492 2970 1560 ἄγγελον
2997 1490 3249 1560 ὀνομάζει
3284 1488 3470 1542 Θεοῦ.
3513 1488 3669 1557 Φησὶ
3693 1504 3738 1553 γι

2209 1590 2237 1640 6
2276 1586 2463 1639 Ἰακώϐ
2485 1602 2498 1615 ·
2533 1604 2553 1636 ‹
2593 1586 2696 1638 Καὶ
2725 1582 2843 1637 εἶπὲ
2890 1601 2975 1654 μοι
3005 1586 3033 1635 6
3063 1582 3291 1649 ἄγγελος
3336 1579 3453 1632 τοῦ
3520 1577 3670 1629 Θεοῦ
3703 1596 3738 1629 κ

2211 1675 2399 1727 ὕπνον·
2446 1673 2653 1726 Ἰακώϐ.
2694 1673 2830 1739 Ἐγὼ
2861 1669 3054 1724 δὲλεῖπα
3077 1688 3091 1701 ’
3123 1670 3187 1722 Τί
3218 1671 3380 1721 ἐστιν
3411 1685 3427 1729 ζ
3462 1687 3482 1717 ³
3521 1668 3646 1720 καὶ
3677 1668 3738 1732 ἐξ

2216 1783 2234 1814 ι
2274 1764 2535 1835 Ἑώρακα,
2570 1764 2721 1833 φησι,
2761 1763 2933 1815 πάντα
2956 1763 3053 1814 ὅσα
3086 1759 3270 1812 Λάϐαν
3315 1761 3492 1811 ποιεῖ
3530 1775 3644 1809 σοι.
3683 1756 3738 1808 Ἐ

2212 1856 2324 1925 εἰμι
2347 1857 2375 1907 6
2397 1856 2524 1917 Θεὸς
2544 1858 2570 1907 6
2590 1854 2769 1923 ὀφθείς
2797 1870 2876 1906 σοι
2892 1854 2948 1904 ὲν
2979 1853 3130 1921 τόπῳ
3158 1850 3323 1914 Θεοῦ,
3351 1846 3429 1903 οὗ
3457 1848 3713 1920 ἦλειψάς

2212 1947 2326 1997 ἐκεῖ
2357 1946 2571 2015 στήλην,
2599 1947 2691 1997 καὶ
2724 1944 2871 2014 ηῦξω
2902 1961 2989 2014 μοι
3033 1945 3149 1995 ἐκεῖ
3177 1943 3379 2012 εὐχήν.
3420 1960 3444 1991 ι
3495 1943 3563 1993 Ὀ
3586 1941 3635 1992 δ’
3664 1942 3738 1992 αὑ

2197 2028 2380 2107 ρῦτος,
2420 2034 2621 2104 καὶτῷ
2663 2035 2905 2104 Ἀϐραὰμ
2945 2033 3309 2103 παραφανεὶς,
3348 2030 3515 2095 Θεὸς
3565 2032 3671 2083 καὶ
3720 2032 3738 2083 1

2215 2143 2324 2197 ριος
2356 2126 2723 2196 ἀνηγόρευται,
2763 2124 3131 2195 μυσταγωγῶν
3154 2123 3245 2176 τὸν
3278 2123 3540 2193 θεοφιλῆ
3569 2123 3675 2185 τὰς
3704 2140 3738 2173 τι

2211 2216 2303 2268 τοῦ
2336 2216 2535 2285 πατρὸς
2564 2215 2859 2278 αὑθεντίας,
2885 2215 2976 2267 καί
2998 2231 3119 2267 τινα
3147 2215 3221 2277 ὡς
3261 2216 3411 2286 περὶ
3452 2215 3665 2286 ἐτέρου
3696 2215 3738 2267 Θ

2211 2307 2490 2369 διδάσκων,
2523 2307 2558 2360 ἃ
2592 2307 2686 2360 καὶ
2728 2306 2866 2359 κατὰ
2908 2305 3094 2375 καιρὸν
3137 2306 3621 2375 ἐπισκεψόμεθα.
3672 2307 3738 2357 Ἀ

2212 2400 2304 2451 καὶ
2329 2398 2404 2468 τῷ
2442 2396 2555 2450 Ἰὼϐ
2579 2397 2761 2450 οὐδένα
2787 2398 2819 2467 ἢ
2853 2396 3035 2449 τοῦτον
3067 2391 3205 2448 εἶναι
3236 2396 3331 2448 τὸν
3362 2396 3735 2467 χρηματῐσα

2216 2488 2351 2559 μετὰ
2376 2488 2471 2557 τὴν
2517 2486 2758 2557 αὐτάρκη
2786 2485 3195 2556 διαγυμνασίαν,
3222 2487 3285 2538 οὐ
3334 2487 3597 2557 θεμιτὸν
3633 2490 3737 2541 εἰπ

2213 2580 2478 2649 Πρότερον
2506 2578 2601 2647 μὲν
2634 2578 2738 2648 γὰρ
2769 2578 2854 2630 διὰ
2883 2577 3139 2641 λαίλαπος
3166 2578 3262 2629 καὶ
3290 2580 3505 2646 νεφῶν
3531 2582 3738 2649 ὲπιφω

2214 2669 2381 2738 αὐτῷ,
2408 2669 2495 2721 τὸν
2537 2667 2669 2720 ὅλων
2697 2668 2825 2719 Θεὸν
2857 2668 3044 2720 ἑαυτὸν
3084 2668 3213 2721 ὄντα
3243 2670 3527 2740 παρίστη
3554 2686 3572 2702 ο
3626 2688 3738 2739 προ

2212 2759 2267 2811 δὲ
2309 2758 2434 2826 ἑξῆς
2474 2757 2659 2809 ἑαυτὸν
2704 2756 3052 2817 ἐπιδείκνυσι,
3097 2756 3239 2808 ὥστε
3279 2758 3479 2824 φάναι
3518 2759 3621 2811 τὸν
3669 2761 3738 2812 Ίιὶ

2219 2866 2237 2897 ι
2276 2849 2532 2900 ’Ἄκουσον
2560 2846 2618 2899 δέ
2641 2863 2761 2916 μου,
2790 2846 2981 2915 Κύριε,
3015 2847 3102 2899 ἵνα
3130 2846 3289 2915 κάγὼ
3314 2847 3597 2920 λαλήσω.
3640 2852 3738 2903 ‘Ax

2217 2939 2311 3008 μὲν
2334 2937 2513 3006 φωνῆς
2544 2936 2734 3005 ἤκουόν
2764 2953 2854 2988 σου
2883 2939 2945 2988 τὸ
2979 2937 3262 3007 πρότερον,
3290 2941 3432 2994 νυνὶ
3469 2942 3535 2995 δὲ
3567 2944 3599 2995 6
3633 2943 3738 3011 ὀφθ

2217 3028 2315 3097 μός
2346 3044 2443 3097 μου
2477 3025 2681 3095 ἐώρακέ
2718 3043 2794 3078 σε.
2826 3043 2844 3076 ι
2874 3027 2936 3078 El
2969 3026 3024 3078 δὲ
3059 3026 3133 3096 μὴ
3161 3025 3273 3080 οἷόν
3305 3045 3375 3081 τε
3422 3030 3532 3084 τὸν
3567 3033 3738 3087 ὲπέκε

576 3117 682 3170 alio
706 3117 936 3185 quodam
964 3114 1282 3186 refert,qnae
1313 3133 1442 3173 sane
1471 3132 1570 3173 nos
1597 3132 1696 3173 suo
1725 3116 1845 3170 loco
1868 3116 2112 3172 conside-

2214 3119 2362 3182 Θεὸν,
2403 3118 2490 3169 τὸν
2538 3116 2763 3187 ἀόρατον
2792 3115 2885 3167 καὶ
2927 3116 3236 3185 ἀγέννητον,
3290 3120 3401 3172 καὶ
3464 3122 3738 3192 παμϐασι

576 3205 837 3259 rabimus.
891 3205 1031 3271 Quin
1074 3208 1232 3261 etiam
1270 3223 1427 3272 eum,
1478 3208 1569 3277 qui
1621 3214 1733 3260 tum
1762 3208 1978 3261 demum
2011 3206 2112 3275 ipsi

574 3293 696 3359 Job,
726 3303 846 3364 post
896 3295 1028 3350 satis
1073 3296 1284 3364 longam
1324 3298 1759 3352 exercitationem
1802 3297 2110 3365 respondit,

575 3386 739 3441 alium
769 3393 960 3455 praeter
984 3387 1125 3440 hunc
1156 3388 1336 3444 dicere
1356 3388 1527 3444 nefas.
1553 3387 1686 3441 Nam
1716 3388 1806 3457 qui
1841 3395 2016 3449 antea,
2047 3388 2114 3443 de

574 3477 809 3540 turbine,
836 3485 890 3530 et
931 3476 1165 3531 nubibus
1209 3477 1287 3531 illi
1329 3492 1388 3532 se
1420 3476 1756 3538 ostenderat,
1792 3477 1957 3531 Deum
1993 3476 2114 3529 uni-

576 3566 716 3622 versi
744 3581 801 3621 se
841 3580 960 3621 esse
1001 3565 1288 3621 indicabat.
1342 3565 1513 3620 Porro
1545 3573 1720 3619 autem
1756 3579 2072 3634 progressus
2094 3602 2112 3627 ,

575 3659 647 3712 ita
677 3659 910 3728 seipsum
941 3658 1142 3727 praebet
1179 3658 1486 3723 videndum,
1514 3667 1579 3711 ut
1621 3658 1735 3726 ipse
1762 3654 1863 3709 Job
1892 3663 2003 3708 tum
2033 3654 2116 3707 di-

576 3759 664 3803 cat
694 3768 708 3804 :
741 3761 765 3802 ι
810 3750 947 3803 Audi
977 3765 1082 3812 me,
1114 3748 1357 3811 Domine,
1387 3756 1446 3801 ut
1477 3750 1632 3802 etiam
1649 3763 1746 3817 ego
1776 3748 1981 3815 loquar.
2015 3744 2116 3797 So-

576 3840 748 3893 nitum
777 3838 990 3906 quidem
1025 3839 1172 3891 vocis
1210 3846 1319 3891 ture
1350 3838 1526 3890 audivi
1558 3838 1725 3905 prius,
1760 3852 1903 3889 nunc
1936 3845 2111 3888 autem

576 3928 765 3981 oculus
794 3942 945 3981 meus
972 3925 1105 3980 vidit
1159 3934 1211 3979 te
1237 3926 1302 3981 ⁸⁸.
1358 3945 1377 3977 ι
1415 3924 1566 3992 Quod
1611 3926 1657 3980 si
1706 3925 1817 3979 ﬁeri
1855 3941 1960 3978 non
2020 3941 2116 3994 po-

574 4025 700 4081 test,
733 4024 793 4071 ut
825 4016 1120 4071 altissimus
1164 4015 1305 4071 Deus
1346 4015 1627 4071 invisibilis
1659 4023 1712 4069 et
1743 4016 2031 4085 ingenitus.
2061 4024 2114 4070 et

574 4123 672 4165 rex
700 4108 940 4164 universi
965 4124 996 4162 a
1025 4108 1236 4162 mortali
1269 4116 1459 4162 natura
1503 4116 1755 4163 cernatur
1776 4146 1791 4172 ,
1847 4107 1966 4176 quis
1996 4113 2115 4159 tan-

577 4198 696 4254 dem
724 4199 831 4266 hic,
870 4198 962 4269 qui
988 4198 1067 4254 sic
1100 4199 1247 4254 visus
1278 4208 1378 4263 est,
1412 4198 1548 4253 alius
1571 4197 1730 4253 fuerit
1754 4237 1769 4262 ,
1805 4206 1997 4267 praeter
2021 4196 2113 4252 Dei

576 4286 834 4353 Verbum,
865 4286 1008 4356 quod
1041 4287 1277 4356 seipsum
1309 4285 1377 4339 ad
1420 4294 1629 4354 tempus
1662 4284 1728 4339 de
1754 4283 1969 4353 propria
1998 4296 2114 4335 ma-

578 4376 855 4448 gnitudine
885 4375 1181 4440 demiserit,
1214 4382 1273 4429 ut
1299 4375 1424 4429 alibi
1451 4389 1663 4444 quoque
1693 4374 1979 4428 dicendum
2001 4374 2112 4427 est?

2212 3208 2318 3261 τῶν
2347 3209 2504 3271 ὅλων,
2529 3207 2693 3277 θνητῇ
2729 3207 2891 3273 φάναι
2934 3206 3255 3278 θεωρεῖσθαι
3292 3210 3511 3277 φύσει,
3562 3215 3659 3278 τίς
3709 3216 3736 3269 ἃ

2212 3299 2528 3370 δηλούμενος
2571 3298 2655 3365 εῐη
2686 3297 2821 3367 πλὴν
2852 3296 2946 3349 τοῦ
2979 3298 3113 3369 πρὸς
3159 3299 3323 3368 ἡμῶν
3374 3304 3551 3358 κατὰ
3602 3306 3705 3358 τὸν

2212 3392 2343 3461 τέρα
2411 3389 2887 3460 κυριολογουμένου
2948 3388 3083 3441 Θεοῦ
3135 3391 3359 3458 Λόγου;
3440 3397 3571 3450 Καὶ
3631 3399 3691 3451 τί

2215 3481 2430 3534 πλείονα
2471 3482 2595 3551 περὶ
2638 3480 2821 3532 τούτου
2857 3483 3200 3547 συναγαγεῖν,
3233 3483 3435 3552 παρὸν
3493 3488 3567 3538 ἐκ
3600 3487 3723 3539 τῶν

2217 3571 2324 3641 ρῶν
2356 3569 2548 3639 βίϐλων
2595 3570 2691 3632 τὰς
2732 3568 2933 3622 τούτων
2974 3571 3262 3633 συστάσεις
3305 3572 3702 3644 λαμϐάνειν;

2214 3662 2306 3715 καὶ
2339 3660 2488 3713 αὐτοὶ
2526 3660 2662 3713 κατὰ
2691 3659 2785 3730 τὴν
2831 3662 3194 3730 προκειμένην
3227 3662 3520 3719 ὑπόθεσιν
3572 3669 3681 3721 ἐπὶ
3723 3689 3734 3719 ‹

2214 3752 2309 3821 λῆς⁹
2333 3752 2713 3821 ἀναλεξάμεθα,
2746 3754 2823 3814 εἰς
2852 3751 3120 3815 ἀπόδειξιν
3151 3752 3245 3804 τοῦ
3276 3754 3435 3823 μηδὲ
3465 3757 3649 3813 ἄλλον
3687 3762 3725 3833 ἢ

2212 3840 2303 3892 τοῦ
2326 3839 2457 3892 Θεοῦ
2483 3842 2649 3908 Λόγον
2675 3837 2807 3892 εἶναι
2840 3841 2928 3893 τὸν
2952 3844 3063 3904 τοῖς
3093 3840 3376 3910 θεοφιλέσι
3430 3851 3731 3919 προπάτολ

2215 3929 2534 3999 ἑωραμένον.
2572 3927 2774 3982 Οὐκοῦν
2803 3930 2939 3999 μετὰ
2965 3929 3062 4001 τὴν
3104 3933 3361 4003 περὶτοῦ
3400 3939 3530 3991 τῶν
3568 3941 3728 3997 ὅλων

2217 4019 2473 4090 μιουργοῦ
2501 4019 2765 4089 διάληψιν,
2808 4020 2901 4073 καὶ
2924 4021 2991 4074 τὰ
3024 4023 3150 4093 περὶ
3182 4022 3276 4075 τοῦ
3317 4023 3606 4098 Χριστοῦ
3650 4051 3725 4086 κο

2212 4111 2341 4178 ἡμῖν
2371 4127 2430 4163 τε
2460 4110 2724 4173 κάκεῖνοις
2750 4112 3123 4181 παραδέδοται.
3159 4113 3361 4167 Ἔνθεν
3398 4121 3516 4172 καὶ
3558 4121 3729 4194 Χρισ

2214 4198 2425 4267 αὐτοὺς,
2454 4198 2517 4267 δὴ
2592 4198 2829 4261 ἐκείνους
2873 4200 2997 4261 τοὺς
3044 4200 3150 4270 πρὸ
3196 4201 3472 4268 Μωσέως
3537 4208 3730 4280 θεοφιῖ

2214 4286 2489 4357 ὠσπεροῦν
2546 4288 2693 4356 ἡμᾶς
2730 4288 3105 4357 Χριστιανοὺς,
3156 4288 3346 4359 εὕροις
3422 4295 3505 4348 ἂν
3551 4300 3728 4354 κεχλπ

2214 4393 2355 4439 νους.
2388 4376 2494 4428 Καὶ⁹
2520 4375 2674 4428 τοῦτο
2711 4376 2767 4428 δὲ
2808 4375 3131 4441 ἐπάκουσον,
3168 4377 3244 4440 ὥς
3281 4396 3438 4449 φησι
3474 4389 3632 4459 περὶ
3670 4393 3728 4443 ας

576 4465 838 4521 Caeterum
866 4466 993 4535 quid
1033 4465 1185 4534 plura
1227 4463 1293 4518 de
1320 4464 1504 4518 eadem
1546 4478 1604 4517 re
1648 4462 1702 4516 in
1749 4461 1893 4514 hunc
1939 4461 2112 4513 locum

2215 4466 2272 4518 ἐν
2294 4465 2534 4535 Ψαλμοῖς
2559 4464 2616 4516 τὸ
2637 4463 2812 4532 λόγιον
2838 4481 2850 4492 ·
2885 4483 2903 4514 ι
2946 4465 3034 4517 Ἐν
3063 4465 3140 4535 τῷ
3172 4461 3314 4519 εἶναι
3344 4472 3588 4541 αὐτοὺς
3619 4480 3726 4552 ἀρι

578 4567 865 4624 congerere
889 4567 1025 4623 opus
1049 4562 1149 4615 est,
1172 4567 1293 4606 cum
1324 4552 1511 4605 harum
1556 4564 1731 4605 rerum
1759 4548 2121 4603 conﬁrmatio-

578 4657 678 4699 nes
709 4658 740 4698 e
767 4643 937 4699 sacris
961 4642 1115 4697 libris
1144 4642 1386 4712 accipere
1412 4639 1551 4694 haud
1578 4639 1789 4694 difﬁcile
1838 4640 1948 4693 sit?
1974 4638 2119 4705 Quas

579 4732 766 4801 utique
795 4732 957 4788 etiam
1000 4746 1100 4787 nos
1147 4732 1199 4785 in
1230 4731 1451 4785 materia
1492 4731 1767 4799 proposita
1811 4744 1909 4799 per
1952 4729 2118 4783 otium

581 4822 857 4877 collecturi
910 4836 1097 4878 sumus
1123 4862 1138 4887 ,
1194 4829 1255 4876 ut
1310 4821 1653 4877 ostendamus
1701 4821 1904 4875 nullum
1960 4821 2119 4873 alium

584 4908 751 4965 fuisse
779 4913 885 4969 nisi
911 4912 1003 4968 Dei
1022 4911 1282 4978 Verbum,
1308 4913 1399 4982 qui
1418 4913 1497 4966 ‘ab
1539 4911 1773 4981 antiquis
1802 4910 1893 4965 Dei
1928 4909 2115 4963 amicis

587 4997 833 5061 patribus
858 5010 942 5056 est
967 5001 1136 5056 visus.
1163 4999 1344 5070 Itaque
1365 5006 1486 5069 post
1530 5014 1709 5054 rerum
1738 4998 1975 5052 omnium
1999 4996 2114 5065 opi-

588 5082 705 5137 ﬁcis
732 5099 945 5149 nomen,
982 5091 1082 5159 12
1114 5090 1272 5143 etiam
1306 5104 1366 5144 ea
1398 5103 1517 5158 qua:
1545 5087 1610 5141 ad
1634 5088 1904 5143 Christum
1952 5084 2120 5154 perti-

588 5180 737 5235 nenl,
758 5188 907 5243 atque
928 5181 1103 5244 nobis,
1126 5189 1285 5251 atque
1328 5179 1435 5235 illis
1455 5220 1469 5244 ,
1509 5178 1885 5247 communique
1907 5178 2117 5230 ratione

590 5262 802 5334 Ρτοάίιθ
837 5272 983 5319 3m“-
1035 5267 1201 5332 Quam
1232 5273 1302 5327 ob
1328 5287 1439 5328 rem
1480 5271 1712 5325 christos
1766 5282 1977 5338 quoque
2025 5282 2118 5322 eos

2220 4554 2452 4626 βραχεῖς,
2485 4554 2786 4620 ὁλιγοστοὺς
2808 4553 2901 4606 καὶ
2928 4554 3222 4624 παροίκους
3247 4559 3309 4609 ὲν
3335 4562 3535 4635 αὐτῇ,
3570 4571 3687 4623 καὶ
3722 4598 3726 4615 .

2220 4639 2310 4691 θον
2339 4638 2395 4704 ἐξ
2439 4638 2620 4701 ἔθνους
2646 4640 2724 4701 εἰς
2764 4638 2933 4701 ἔθνος,
2969 4642 3063 4693 καὶ
3114 4642 3179 4693 ὲκ
3214 4641 3536 4716 βασιλείας
3596 4658 3696 4720 εις

2218 4728 2419 4799 ἕτερον,
2452 4728 2549 4780 οὐκ
2578 4728 2782 4796 ἀφῆκεν
2813 4727 3092 4798 ἄνθρωπον
3136 4730 3414 4801 ἀδικῆσαι
3455 4744 3724 4813 αὐτοὺς,

2219 4817 2436 4887 ῆλεγξεν
2477 4817 2615 4887 ὑπὲρ
2646 4815 2821 4870 αὐτῶν
2860 4817 3118 4885 βασιλεῖς,
3148 4819 3327 4888 λέγων
3357 4841 3374 4854 ·
3426 4830 3543 4904 Μὴ
3599 4837 3724 4893 am

2218 4904 2323 5000 τῷν
2349 4906 2591 5000 ξριστῶν
2619 4923 2749 5000 p.31):
2770 4907 2861 4960 καὶ
2885 4909 2942 5000 εν
2972 4911 3083 5000 τοῖς
3108 4913 3436 5000 προφήταις
3480 4940 3610 4992 μου
3656 4934 3724 5000 μς

2218 4996 2524 5067 νήρεύεσθε,
2575 5015 2593 5047 ι
2640 4994 2819 5049 Ταῦτα
2846 4997 2951 5069 γὰρ
2990 4999 3080 5051 ἐπὶ
3106 4999 3199 5052 τοῦ
3245 5003 3568 5083 Ἀϐραὰμ,
3626 4994 3722 5074 κα·

2227 5086 2423 5184 ,Ῑῖαᾲῃ
2448 5088 2540 5141 καὶ
2567 5087 2656 5184 105.
2689 5089 2881 5142 Ἰακὼϐ
2899 5091 3247 5184 Δάνειρῆσθαι,
3275 5096 3312 5166 ἡ
3333 5103 3518 5158 πᾶσα
3553 5112 3635 5164 σύ
3649 5133 3722 5184 μς

2219 5175 2311 5229 τοῦ
2341 5176 2863 5276 λόγουιπαρίστησιν.
2896 5181 3054 5233 ’Ὥστε
3098 5183 3193 5235 καὶ
3243 5186 3351 5257 τῆς
3407 5197 3527 5249 τοῦ
3596 5175 3722 5276 Χ’ρξ

2217 5267 2578 5338 προσηγορίας
2596 5271 2727 5340 ἡμῖν
2755 5271 2950 5342 ὁμοίως
2980 5272 3319 5330 ἐκοινώνουν.

592 5356 739 5424 ipsos
779 5357 871 5425 qui
928 5365 1051 5412 ante
1100 5359 1295 5417 Mosem
1348 5365 1504 5419 amici
1553 5364 1946 5430 familiaresque
2008 5360 2101 5416 Dei
2149 5360 2384 5425 fuerunt,
2440 5362 2580 5415 sicut
2602 5379 2699 5420 nos
2743 5366 3099 5429 Christianos,
3144 5372 3468 5438 appellatos
3534 5384 3720 5445 inve;

594 5452 687 5508 sed
721 5454 865 5519 audi,
901 5469 1099 5522 qutcso,
1129 5457 1254 5524 quid
1284 5456 1350 5511 de
1395 5460 1499 5514 illis
1527 5459 1801 5518 oraculum
1828 5457 1885 5510 in
1908 5454 2135 5511 Psalmis
2161 5454 2338 5509 dicat:
2377 5471 2397 5505 ι
2436 5456 2570 5510 Cum
2621 5472 2802 5514 essent
2853 5473 3076 5515 numero
3124 5459 3342 5533 breves,
3375 5478 3720 5539 paucissit

594 5546 784 5603 incola:
816 5546 869 5601 in
901 5560 982 5611 ea,
1009 5556 1061 5600 et
1093 5545 1419 5599 transierunt
1448 5547 1513 5602 de
1540 5557 1694 5620 gente
1733 5549 1788 5602 in
1816 5553 2046 5617 gentem,
2074 5549 2127 5596 et
2158 5542 2223 5596 de
2267 5557 2431 5613 regno
2476 5545 2530 5597 in
2587 5550 2843 5618 populum
2877 5549 3099 5603 alterum
3120 5587 3137 5616 ,
3183 5567 3298 5607 non
3352 5556 3617 5624 dimisit
3680 5572 3718 5629 Ι]

669 5724 715 5757 ⁸⁸
753 5722 883 5779 Cen.
928 5737 1115 5789 xxvm,
1159 5723 1341 5778 iO-H.
1419 5725 1463 5755 "
1505 5726 1635 5782 Ibid.
1676 5728 1761 5792 18.
1838 5727 1882 5760 ⁸⁸
1920 5724 2051 5781 Gen.
2089 5741 2112 5779 ι

2238 5766 2251 5791 ,
2294 5727 2377 5780 tt.
2454 5731 2498 5764 δ’
2538 5730 2669 5789 ibid.
2715 5735 2911 5804 12,5.
2987 5729 3165 5788 “Job
3227 5751 3365 5804 xm,
3402 5737 3469 5804 ι,
3529 5744 3603 5803 ε.
