3870 6320
74 4528 97 4731 \I

84 4788 99 5021 ι

90 5066 111 5295 l

106 5342 121 5625 ι

82 5632 115 5849 l

48 5876 87 6093 /

248 440 315 499 ‘9
1236 461 1877 520 DEMONSTRATIONIS
1914 461 2361 517 EVANGELleE
2393 464 2518 521 LIB.
2559 464 2601 519 Ι.
3424 460 3503 524 ὅθ

220 570 342 619 lem
368 570 569 611 nocere
587 557 702 622 eis,
722 568 788 615 et
814 562 1123 638 increpuit
1142 590 1251 644 pro
1271 579 1376 634 illis
1404 593 1551 650 reges
1571 576 1753 632 dicens
1782 574 1988 632 :Nolite
2012 586 2224 647 tangere
2242 575 2479 633 christos
2504 593 2676 641 meos,
2711 582 2833 633 etin
2865 582 3142 649 prophetis
3166 582 3298 638 meis
3328 581 3494 638 nolite

215 650 503 717 malignari
521 650 595 704 “.
633 671 656 703 ι
699 651 848 711 Haec
876 675 1028 718 sane
1051 664 1130 721 de
1155 668 1453 734 Abraham,
1491 678 1545 726 et
1567 669 1730 733 Isaac,
1770 677 1824 723 et
1852 668 2017 724 Jacob
2039 667 2180 724 edita
2209 685 2329 724 esse
2360 671 2597 735 oracula,
2621 677 2729 724 tota
2754 672 3067 740 compositio
3087 680 3140 727 et
3162 673 3493 730 continuatio

214 740 480 796 orationis
502 743 797 800 ostendit.
821 748 1131 819 Quocirca
1154 759 1365 817 Christi
1395 777 1606 831 quoque
1631 759 2038 831 appellationem
2056 758 2332 813 nobiscum
2359 774 2695 815 communem
2725 760 2923 828 pariter
2954 761 3204 818 habuere.

736 860 1198 923 ΚΕΦΑΛΑιΟΝ
1233 874 1323 937 ς’.

2538 866 2761 922 CAPUT
2813 867 2901 923 Vl.

232 942 320 1008 Τίς
343 944 387 1030 δ’
413 944 585 1030 ξιξιτά.
598 947 741 1030 fin”
777 955 1044 1030 Katvj‘ir
1059 960 1370 1030 Αιαθήκην
1397 960 1832 1030 κατηγγελμένο.

1962 955 2210 1030 Quaeram
2242 968 2414 1030 sileo,
2440 974 2564 1030 qum
2595 960 2650 1030 in
2683 956 2825 1012 Novo
2879 959 3202 1015 Testamento
3255 962 3489 1018 omnibus

358 1013 480 1065 ὑπὸ
512 1015 634 1069 τοῦ
662 1013 965 1087 Χριστοῦ
983 1013 1197 1081 ’πᾶσιν
1219 1013 1765 1098 ἆνὸρώποὶξξὲίὸςῖίν

1967 1013 2000 1022 ἡ
2119 1013 2413 1081 hominibus
2441 1013 2473 1080 ὁ
2502 1025 2707 1083 Christo
2737 1030 3041 1082 denuntiata
3070 1013 3322 1092 σει,ήυὶιᾷ

314 1102 468 1157 Ἀλλὰ
500 1106 608 1161 καὶ
658 1109 694 1160 6
744 1112 890 1164 κατ’
926 1114 1138 1186 ἀρετὴν
1170 1116 1304 1184 βίος,
1347 1118 1380 1188 ἦ
1424 1136 1483 1172 τε
1528 1120 1663 1171 κατά
1710 1119 1832 1170 εὺσέ

2028 1115 2129 1172 Sed
2151 1125 2204 1172 et
2235 1133 2296 1172 ea
2333 1133 2451 1186 quae
2492 1118 2743 1172 virtutem
2785 1127 3022 1173 sectatur
3046 1120 3169 1173 vita:
3217 1122 3380 1185 ratio,
3433 1130 3488 1177 et

247 1193 386 1250 ὕειαν
424 1195 712 1265 πολιτεία,
751 1200 969 1277 ὥσπερ
1010 1210 1129 1270 τοῖς
1170 1208 1375 1261 ἔθνεσιν
1417 1209 1583 1263 ἅπασι
1625 1210 1713 1263 διὰ
1759 1209 1832 1278 τῆ

1956 1220 2074 1273 qua:
2102 1206 2348 1274 pietatem
2379 1208 2619 1276 amplexa
2657 1216 2739 1262 est
2774 1207 2958 1263 civilis.
2993 1208 3295 1272 institutio,
3349 1211 3488 1265 sicut

256 1286 342 1340 τοῦ
380 1286 628 1359 Χριστοῦ
677 1292 999 1358 νουθεσίας
1038 1285 1376 1368 κεκήρυκται
1420 1298 1543 1367 δίχα
1583 1299 1679 1367 τῆς
1720 1315 1832 1351 κατι

1955 1291 2154 1360 absque
2212 1292 2375 1347 Musis
2428 1295 2849 1358 constitutione,
2911 1295 3159 1351 omnibus
3206 1297 3484 1364 gentibus,

270 1378 453 1436 ὶὶωσέα
511 1381 825 1455 διαταγῆς,
857 1385 1047 1451 οὕτως
1067 1388 1162 1441 καλ⁵
1182 1391 1291 1451 τοῖς
1316 1388 1557 1451 παλαιοῖς
1583 1388 1801 1451 ἐκείνοις
1826 1410 1832 1437 ι

1954 1378 2168 1435 Christo
2198 1383 2459 1438 monitore
2511 1384 2773 1452 patefacta
2824 1392 2942 1448 est,
2996 1388 3069 1439 ita
3117 1387 3272 1456 plane
3302 1386 3487 1442 eadem

282 1470 421 1534 αὺτδς
460 1471 561 1541 τῆς
596 1472 909 1538 εὐσεϐείας
955 1475 1301 1546 κατωρθοῦτο
1344 1476 1557 1547 τρόπος.
1602 1477 1725 1529 οὕτ’
1765 1472 1832 1529 οῦκ

1952 1469 2165 1538 pietatis
2196 1488 2265 1526 ac
2281 1473 2552 1542 religionis
2580 1473 2720 1542 apud
2748 1474 2952 1542 priscos
2982 1474 3100 1531 illos
3121 1476 3486 1545 complebatur

284 1561 512 1632 σώματος
554 1563 753 1626 αὐτοῖς
798 1566 1114 1636 περιτομῆς
1162 1566 1367 1635 ἔμελεν,
1415 1570 1494 1620 ὅτι
1538 1567 1656 1636 μηδ’
1703 1570 1850 1638 ἡμῖν,

282 1648 389 1701 οὔτε
416 1651 632 1721 ἀποχῆς
668 1652 791 1706 τῶν
836 1654 1065 1707 τοιῶνδε
1098 1654 1250 1718 ζώων
1295 1654 1561 1725 βρώσεως,
1603 1657 1683 1708 ὅτι
1718 1656 1852 1725 μηδὲ

280 1740 414 1814 ἡμῖν.
454 1740 675 1794 Αὐτίκα
707 1742 806 1795 τὸν
836 1743 1174 1813 Μελχισεδὲκ
1205 1747 1232 1797 ὁ
1270 1746 1463 1814 Μωσῆς
1528 1746 1734 1814 εἰσάγει
1776 1748 1851 1797 ica

1951 1560 2106 1613 ratio.
2125 1559 2305 1629 Neque
2334 1562 2495 1631 igitur
2523 1572 2583 1616 ut
2601 1577 2798 1632 corpus
2823 1564 3291 1628 circumciderent,
3313 1580 3488 1634 neque

1951 1659 2011 1706 ut
2039 1653 2106 1705 ab
2133 1652 2345 1716 horum,
2379 1662 2471 1708 aut
2514 1654 2725 1709 illorum
2745 1656 3053 1711 animalium
3080 1658 3333 1714 carnibus
3360 1659 3486 1715 abs-

1951 1742 2212 1805 tinerent,
2257 1744 2337 1796 illi
2376 1745 2677 1799 curabant:
2711 1748 2962 1815 quoniam
3004 1763 3073 1802 ne
3111 1764 3210 1803 nos
3246 1749 3481 1818 quidem.

1950 1830 2157 1885 Etenim
2212 1834 2458 1900 protinus
2512 1834 2864 1890 Melchisedec
2910 1837 3113 1891 inducit
3154 1837 3362 1902 Moses,
3396 1853 3485 1894 sa-

1949 1921 2217 1976 cerdotem
2240 1921 2329 1976 Dei
2357 1923 2625 1986 altissimi,
2655 1925 2747 1993 qui
2778 1941 2951 1995 neque
2989 1940 3210 1995 corpore
3240 1938 3355 1983 erat
3383 1928 3485 1982 cir-

277 1830 366 1903 ρέα
388 1829 482 1882 τοῦ
516 1830 663 1884 Θεοῦ
696 1832 961 1901 ὑψίστου,
990 1835 1050 1886 οὐ
1075 1834 1137 1887 τὸ
1181 1834 1337 1904 σῶμα
1378 1835 1848 1905 περιτετμημένον,

271 1921 328 1975 οὐ
361 1921 518 1992 μύρῳ
549 1923 873 1993 ξσκευαστῷ
920 1925 1061 1978 κατά
1102 1923 1301 1978 Μωσέα
1349 1927 1722 1996 κεχρισμένον,
1788 1928 1847 1979 οὐ

270 2010 536 2065 σάϐϐατον
596 2012 658 2064 τί
694 2014 823 2066 ποτ’
873 2014 1020 2066 ἐστὶν
1069 2014 1261 2079 εἰδότα,
1307 2016 1415 2068 οὐδ’
1453 2016 1586 2078 ὅλως
1640 2033 1691 2068 τι
1745 2017 1832 2079 τῶι

1948 2012 2255 2076 eumcisus,
2322 2029 2494 2081 neque
2565 2022 2836 2082 unguento
2898 2023 3208 2085 comparato
3256 2031 3323 2071 ex
3369 2018 3484 2087 lege

264 2102 399 2171 μετὰ
434 2101 623 2156 ταῦτα
666 2102 756 2173 τῷ
789 2100 959 2156 παντὶ
1003 2104 1267 2158 Ἰουδαίων
1297 2104 1435 2158 ἔθνει
1491 2106 1580 2158 διὰ
1609 2107 1832 2172 Μωσέως

1948 2100 2111 2155 Mosis
2153 2101 2439 2166 delibutus,
2475 2117 2645 2170 neque
2681 2104 2808 2172 quid
2854 2104 3134 2158 sabbatum
3178 2113 3343 2168 esset,
3374 2106 3483 2160 ullo

265 2193 753 2266 παρηγγελμένων
782 2194 1063 2257 ἐπαΐοντα,
1091 2194 1342 2265 ἄντικρυς
1370 2195 1424 2248 δὲ
1463 2195 1602 2248 κατὰ
1626 2196 1686 2248 τὸ
1717 2198 1832 2268 Χρι-

1946 2192 2108 2244 modo
2158 2191 2400 2255 edoctus,
2433 2208 2606 2260 neque
2652 2202 2903 2261 prasterea
2936 2195 3227 2263 quidquam
3261 2197 3483 2250 omnino

266 2282 387 2334 στοῦ
418 2283 778 2351 Εὐαγγέλιω
812 2282 1051 2353 βιοῦντα.
1082 2284 1224 2354 Πλὴν
1252 2285 1364 2337 ἀλλ’
1393 2286 1539 2355 ὅμως
1568 2286 1713 2356 ἱερέα
1755 2287 1832 2339 τοῐ

1944 2295 2164 2344 eorum,
2216 2297 2335 2351 quae
2379 2282 2640 2336 universae
2686 2281 2993 2337 Iudaeorum
3040 2287 3182 2353 genti
3220 2301 3314 2354 per
3367 2284 3481 2339 Mo-

264 2367 394 2424 Θεοῦ
445 2371 545 2425 τοῦ
597 2371 841 2440 ὑψίστου
888 2373 1054 2443 φησὶν
1096 2373 1255 2426 αὐτὸν
1299 2375 1329 2425 6
1392 2375 1593 2445 Μωσῆς
1635 2378 1832 2443 γεγονέι

1944 2385 2055 2425 sem
2084 2371 2351 2441 descripta
2412 2374 2777 2441 imperataque
2830 2381 2975 2436 sunt,
3031 2375 3330 2444 intelligens
3385 2384 3482 2430 aut

262 2475 369 2520 ναι,
407 2460 505 2511 καὶ
541 2458 645 2512 τοῦ
693 2459 955 2530 ’Δὸραὰμ
990 2459 1288 2529 κρείττονα.
1318 2462 1575 2531 Εἱσῆκται
1598 2463 1726 2531 γοῦν
1758 2464 1846 2517 τὸν

276 2549 523 2623 Ἀϐραὰμ
566 2550 845 2618 εὐλογῶν.
892 2550 1144 2614 Τοιοῦτός
1182 2540 1375 2622 τιςῆν
1422 2555 1515 2606 καὶ
1562 2553 1703 2616 Νῶε,
1751 2555 1844 2608 άν-

265 2637 476 2711 ορωπος
503 2640 733 2701 δίκαιος
763 2641 824 2693 ὲν
867 2642 935 2709 τῇ
969 2642 1131 2710 γενεᾷ
1162 2640 1346 2703 αὐτοῦ,
1382 2642 1441 2693 ὃν
1470 2642 1560 2693 καὶ
1598 2642 1845 2714 ζώπυρον

269 2730 482 2801 σπέρμα
516 2730 605 2800 τῷ
630 2731 788 2798 γένει
825 2731 937 2784 τῶν
967 2729 1266 2801 ἀνθρώπων
1287 2732 1343 2783 ὲν
1367 2736 1433 2801 τῇ
1459 2731 1549 2784 τοῦ
1578 2734 1844 2786 κατακλυ-

268 2817 398 2887 σμοῦ
426 2818 631 2889 φθορᾷ,
655 2818 886 2871 πάντων
909 2817 1019 2871 τῶν
1041 2819 1131 2870 ἐπὶ
1142 2819 1241 2888 γῆς
1262 2819 1658 2890 ἀπολλυμένων,
1689 2824 1717 2875 6
1738 2823 1843 2876 τῶν

266 2908 394 2962 ὅλων
424 2910 562 2973 Θεὸς
605 2908 959 2974 διεφύλαξεν.
1008 2909 1170 2961 Οὐδὲν
1212 2908 1341 2977 γοῦν
1384 2911 1502 2963 οὐδὲ
1545 2905 1698 2975 οὗτος
1734 2913 1841 2966 τῶν

278 2997 581 3051 Ἰουδαϊκῶν
612 2997 763 3050 ἐθῶν
799 2997 1183 3067 ἐπιστάμενος,
1205 2997 1325 3051 οὔτε
1358 3000 1417 3053 ὲν
1455 3004 1715 3072 περιτομῇ
1743 3001 1841 3054 σώ-

274 3103 455 3156 ματος,
516 3086 638 3140 οὔτ’
671 3089 735 3139 ἐν
768 3090 886 3149 τοῖς
924 3085 1103 3150 ἄλλοις
1132 3089 1242 3151 τοῖς
1270 3088 1371 3141 ὑπὸ
1404 3089 1640 3154 Μωσέως
1667 3091 1839 3145 διατε-

266 3178 574 3247 ταγμένοις,
607 3179 770 3248 ὅμως
798 3177 1029 3243 δίκαιος,
1058 3180 1106 3232 εἰ
1131 3179 1222 3230 καί
1239 3197 1318 3242 τις
1348 3180 1526 3246 ἄλλος,
1553 3182 1843 3253 ἀνηγόρευ-

265 3283 368 3320 ται.
408 3269 523 3322 Καὶ
568 3270 684 3340 πρό
740 3285 807 3335 γε
854 3268 1044 3321 τούτου
1090 3272 1119 3322 6
1182 3269 1366 3341 Ἑνὼχ,
1409 3271 1467 3334 ὃς
1514 3273 1604 3325 καὶ
1628 3272 1842 3341 λέγεται

266 3359 698 3429 εὒηρεστηκέναι
730 3358 811 3428 τῷ
857 3358 977 3428 Θεῷ
999 3397 1014 3422 ,
1060 3360 1156 3413 καὶ
1198 3361 1620 3430 μετατεθεῖσθαι,
1649 3364 1723 3425 ὼς
1766 3364 1840 3434 μὴ

1944 2460 2119 2514 sciens
2151 2500 2165 2524 ,
2235 2460 2330 2515 sed
2387 2463 2553 2531 plane
2583 2470 2643 2515 ut
2697 2462 2895 2517 Christi
2946 2462 3289 2533 Evangelium
3344 2480 3478 2534 prte-

1942 2549 2115 2617 cipit,
2161 2552 2368 2605 vivens.
2418 2550 2666 2605 Attamen
2714 2552 2886 2620 ipsum
2942 2551 3087 2606 hunc
3141 2554 3479 2610 sacerdotem

1942 2635 2037 2691 Dei
2084 2637 2331 2691 altissimi
2376 2636 2578 2701 fuisse,
2633 2638 2773 2692 idem
2832 2638 3007 2695 Moses
3064 2639 3292 2694 aliirmat
3324 2679 3341 2705 ,
3397 2642 3479 2712 ip.-

1943 2741 2110 2793 soque
2169 2726 2438 2780 Abraham
2504 2728 2946 2796 praestantiorem.
3029 2727 3260 2785 Proinde
3317 2731 3475 2785 indu.-

1941 2816 2084 2868 citur
2149 2821 2239 2885 qui
2290 2816 2557 2870 Abraham
2611 2817 2912 2872 benedicat.
2974 2816 3119 2873 Talis
3174 2819 3317 2875 enim
3367 2818 3479 2874 Noe

1940 2903 2071 2970 fuit,
2129 2905 2288 2959 homo
2327 2907 2501 2960 aetatis
2553 2922 2662 2961 sua:
2694 2907 3029 2975 iustissimus
3052 2946 3067 2971 ,
3121 2922 3282 2976 quem
3321 2909 3476 2977 quasi

1945 2995 2231 3049 scintillam
2279 2996 2528 3050 exstincti
2569 2998 2737 3067 ignis,
2776 3005 2830 3053 et
2878 2999 3029 3067 quasi
3075 3014 3259 3054 semen
3306 2998 3478 3067 quod;-

1940 3083 2061 3136 dam
2107 3082 2324 3137 humani
2354 3084 2563 3153 generis
2586 3123 2600 3145 ,
2654 3085 2708 3138 in
2738 3086 2850 3155 ipsa
2887 3087 3081 3140 diluvii
3118 3088 3473 3156 grassatione,

1944 3172 2043 3241 13
2067 3173 2131 3227 iis
2159 3173 2410 3229 omnibus
2437 3177 2770 3244 reparandis,
2804 3178 2895 3245 qui
2922 3178 2976 3230 in
3008 3184 3148 3231 terra
3179 3177 3476 3246 perierant,

1940 3263 2082 3318 Deus
2116 3266 2352 3320 universi
2386 3271 2746 3323 conservavit.
2787 3267 2885 3323 llic
2914 3270 3078 3338 igitur
3103 3269 3351 3339 quamvis
3374 3284 3475 3328 eo-

1937 3367 2082 3416 rum,
2112 3367 2231 3421 qua:
2255 3353 2323 3407 ad
2353 3353 2610 3410 Iudaicos
2638 3371 2814 3411 mores
2838 3366 3102 3426 spectant,
3131 3359 3265 3412 nihil
3287 3359 3472 3422 sciret,

264 3449 616 3520 εὑρίσκεσθαι
666 3448 841 3503 αὐτοῦ
890 3448 1136 3504 θάνατον.
1172 3449 1421 3513 Τοιοῦτος
1466 3451 1520 3504 δὲ
1560 3453 1652 3504 καὶ
1692 3448 1832 3516 οὗτος

1939 3455 2117 3509 neque
2148 3442 2204 3494 in
2226 3443 2470 3511 corporis
2499 3444 2929 3507 circumcisione,
2958 3452 3050 3498 aut
3074 3446 3218 3512 aliis,
3248 3462 3365 3513 qua:
3386 3462 3476 3500 au-

1945 3537 2092 3555 ΔΙΛΩ-ιι
2124 3530 2266 3555 ΠΛ-..
2293 3532 2576 3555 ,ιιι-.-.ειηιλ
2611 3540 2728 3555 -..ηε
2789 3532 2995 3555 ΔΑ--..-Α
3017 3551 3028 3555 -
3061 3540 3235 3555 ι-...-..
3276 3535 3446 3555 :-_-.___

262 3539 513 3606 γεγονὼς,
528 3540 659 3593 οὔτε
676 3541 844 3610 σῶμα
867 3540 1248 3611 περιτέτμητο,
1272 3540 1578 3611 οὔτ’ἔτιτῆς
1594 3543 1690 3611 (5‘)
1716 3545 1832 3596 Μω-

1944 3537 2095 3584 ctore
2122 3530 2269 3585 Mose
2290 3532 2581 3586 constituta
2609 3540 2754 3595 sunt,
2785 3532 3029 3602 degeret:
3061 3540 3240 3588 tamen
3268 3535 3472 3603 justus,

264 3628 405 3690 σέως
430 3630 620 3700 μετῄει
657 3629 1009 3699 νομοθεσίας,
1035 3630 1292 3700 ἄντικρυς
1330 3630 1387 3682 δὲ
1429 3632 1832 3699 Χριστιανικῶς,

1943 3615 1989 3669 si
2018 3616 2139 3683 quis
2172 3632 2407 3686 unquam
2435 3618 2593 3683 alius,
2623 3626 2706 3673 est
2735 3621 3050 3689 appellatus.
3084 3619 3149 3672 Et
3176 3630 3300 3677 ante
3330 3623 3474 3678 hunc

261 3717 379 3771 ἀλλ’
421 3721 539 3789 οὐχὶ
593 3718 918 3781 Ἰουδαϊκῶς
956 3718 1065 3783 ζῶν
1098 3720 1428 3789 ἀναπέφηνε.
1467 3720 1575 3771 Καὶ
1605 3720 1765 3781 αὐτὸς
1796 3720 1832 3772 δ*

1940 3713 2196 3773 praeterea
2233 3707 2447 3772 Enocb,
2488 3710 2579 3778 qui
2612 3716 2665 3763 et
2698 3707 2806 3763 Deo
2846 3710 3043 3764 dicitur
3084 3710 3380 3777 placuisse,
3420 3720 3475 3768 et

259 3808 291 3860 ὀ
342 3808 626 3880 Ἀϐραὰμ,
674 3808 821 3879 μετὰ
857 3810 984 3871 τοὺς
1025 3808 1544 3879 προωνομασμένους
1585 3808 1832 3878 γεγονὼς,

1941 3797 2235 3852 translatus
2268 3814 2420 3864 esse,
2453 3808 2512 3853 ut
2541 3815 2808 3870 nusquam
2843 3815 2987 3855 mors
3017 3801 3163 3856 illius
3195 3808 3482 3871 appareat,

261 3899 353 3951 καὶ
388 3899 662 3970 νεώτερος
697 3900 834 3969 παρ’
885 3900 1084 3962 αὐτοὺς
1120 3903 1231 3962 τοῖς
1272 3900 1506 3969 χρόνοις.
1537 3900 1832 3970 πρεσϐύτης

1938 3891 2104 3960 Igitur
2146 3892 2233 3944 hic
2270 3903 2482 3958 quoque
2516 3903 2639 3943 cum
2681 3890 2803 3944 talis
2851 3899 3026 3953 esset,
3069 3897 3250 3944 tamen
3298 3905 3491 3959 neque

256 3986 311 4040 δὲ
330 3988 417 4042 διὰ
444 3990 545 4059 τὴν
584 3989 837 4059 ἠλικίαν,
866 3988 957 4042 διά
984 3990 1111 4052 τοὺς
1139 3990 1429 4059 μέλλοντας
1458 3989 1515 4056 ἐξ
1544 3991 1703 4043 αὐτοῦ
1735 3990 1832 4059 φῦ-

1938 4002 2133 4056 corpus
2173 3982 2549 4039 circumcisum
2595 3981 2857 4045 habebat,
2903 3996 3076 4050 neque
3116 3983 3176 4037 in
3200 3983 3408 4052 legibus
3428 3996 3479 4037 an

253 4093 363 4140 ναι,
408 4078 603 4150 ῶσπερ
653 4077 783 4130 τινὰ
826 4078 1098 4148 σφραγῖδα
1136 4078 1236 4149 τὴν
1278 4080 1574 4150 περιτομὴν
1626 4079 1837 4149 πρῶτος

251 4165 511 4237 ὑπέμεινε
534 4166 635 4219 τοῦ
662 4164 943 4235 σώματος,
972 4163 1260 4239 γνώρισμα
1284 4168 1382 4237 τῆς
1409 4168 1571 4221 αὐτοῦ
1591 4168 1835 4238 διαδοχῆς

245 4259 359 4318 τοῖς
405 4257 465 4322 ἐξ
516 4255 697 4309 αὐτοῦ
741 4254 887 4308 κατά
938 4256 1117 4326 σάρκα
1154 4256 1532 4326 γενησομένοις
1580 4259 1728 4309 τουτὶ
1777 4258 1836 4309 τὸ

247 4348 475 4413 σημεῖον
512 4343 861 4416 παραδιδοὺς
907 4345 1126 4415 φέρειν·
1157 4346 1263 4415 πρὸ
1307 4345 1364 4398 δέ
1409 4362 1471 4412 γε
1515 4346 1612 4415 τῆς
1655 4346 1835 4399 παιδο-

259 4433 450 4497 ⁴ιτλιίας,
472 4435 575 4487 καὶ
591 4433 705 4502 πρὸ
730 4433 831 4502 τῆς
852 4435 1176 4503 περιτομῆς,
1206 4436 1301 4488 καὶ
1322 4434 1481 4497 αὐτὸς
1498 4435 1583 4488 διὰ
1593 4436 1691 4505 τῆς
1708 4436 1831 4506 (5“)

1938 4171 2117 4225 stiano
2150 4180 2373 4237 prorsus
2405 4178 2555 4219 more
2574 4204 2590 4229 ,
2615 4180 2723 4219 non
2747 4164 2972 4219 Judaico
2991 4164 3191 4220 vixisse
3220 4164 3470 4233 perbibe-

1934 4268 2044 4313 tur.
2094 4259 2236 4323 Quin
2274 4261 2435 4311 etiam
2468 4256 2583 4323 ipse
2609 4255 2878 4310 Abraham
2907 4263 3030 4325 post
3057 4270 3182 4319 eos,
3216 4255 3308 4324 qui
3336 4254 3468 4311 dicti

1934 4358 2096 4413 sunt,
2142 4359 2336 4413 natus,
2383 4357 2439 4401 et
2480 4338 2591 4402 illis
2635 4348 2767 4418 ipsis
2805 4350 3013 4403 ratione
3041 4356 3338 4418 temporum
3378 4348 3468 4417 ju-

1932 4440 2072 4503 nior,
2105 4453 2268 4492 senex
2291 4452 2418 4491 vero
2438 4476 2453 4499 ,
2499 4445 2659 4506 atque
2700 4444 2855 4491 aetate
2900 4445 3225 4506 provectus,
3249 4445 3467 4506 propter

1937 4081 2082 4136 Mose
2125 4078 2313 4147 positis
2347 4076 2457 4130 ullo
2494 4074 2654 4129 modo
2683 4083 2929 4130 versatus
2957 4074 3160 4141 fuerat,
3196 4074 3293 4131 sed
3315 4075 3471 4130 Chri-
3578 4116 3581 4117 ν

270 4520 351 4575 τῶν
389 4523 639 4576 εἰδώλων
687 4525 1115 4593 ἀναχωρήσεως,
1165 4526 1259 4576 καὶ
1307 4525 1406 4594 τῆς
1454 4526 1572 4588 ἐνὸς
1603 4526 1695 4579 τοῦ
1739 4529 1831 4579 ἐπὶ

269 4612 463 4670 terra”
492 4614 638 4667 Θεοῦ
673 4614 986 4684 ὁμολογίας,
1020 4614 1116 4667 καὶ
1136 4613 1222 4666 διὰ
1252 4615 1411 4683 μόνου
1435 4615 1527 4668 τοῦ
1556 4616 1672 4669 κατ’
1705 4618 1831 4688 ἀρε-

268 4704 344 4774 τὴν
369 4708 489 4777 βίου
530 4706 819 4761 δείκνυται
858 4704 1284 4776 Χριστιανικῶς,
1318 4705 1429 4758 ἀλλ’
1456 4706 1574 4776 οὐχὶ
1612 4707 1827 4760 Ἰουδαῖ-

1931 4544 2025 4584 eos
2052 4529 2143 4596 qui
2172 4528 2363 4581 orituri
2393 4528 2462 4582 ab
2495 4527 2612 4595 ipso
2637 4533 2823 4590 erant,
2856 4528 3011 4595 quasi
3038 4529 3250 4597 signum
3293 4528 3465 4596 quod-

1932 4618 2054 4671 dam
2088 4617 2296 4687 primus
2326 4616 2792 4670 circumcisionem
2817 4616 3067 4685 corporis.
3089 4617 3229 4678 tulit,
3257 4617 3464 4683 hocque

1930 4709 2108 4778 ipsum
2139 4723 2259 4762 sua:
2283 4705 2660 4776 dignoscendaz
2693 4706 2894 4761 sobolis
2931 4706 3139 4775 signum
3159 4746 3175 4772 ,
3208 4706 3275 4759 iis
3310 4704 3401 4773 qui
3422 4718 3464 4758 α

270 4795 357 4860 πῶς
385 4797 696 4867 βεϐιωκώς.
727 4797 1168 4867 Μεμαρτύρηται
1192 4796 1320 4864 γοῦν
1344 4796 1414 4849 τὰ
1435 4799 1826 4868 προστάγματα

1938 4815 1990 4855 se
2030 4799 2235 4852 ratione
2283 4796 2562 4866 sanguinis
2603 4812 2771 4865 genus
2814 4796 3035 4850 ducturi
3071 4800 3255 4856 erant,
3285 4791 3464 4849 feren-

270 4887 342 4939 κσὶ
374 4889 476 4951 τὰς
515 4888 768 4950 ἐντολάς,
797 4888 867 4941 τά
895 4905 958 4940 τε
1000 4885 1345 4955 δικαιώματα
1387 4888 1479 4939 καὶ
1513 4887 1579 4940 τὰ
1621 4889 1821 4959 νόμιμα

270 4974 341 5027 τοῦ
378 4976 536 5043 Θεοῦ,
581 4977 695 5047 πρὸ
723 4977 824 5048 τῆς
860 4978 1116 5040 Μωσέως
1151 4975 1409 5045 διαταγῆς
1477 4978 1821 5049 πεφυλαγμέ-

273 5076 355 5128 νος.
398 5068 565 5137 Λέγει
603 5068 652 5121 δ’
705 5063 799 5122 οὖν
855 5068 995 5138 πρὸς
1051 5067 1147 5120 τὸν
1200 5067 1380 5119 Ἰσαὰκ
1416 5068 1443 5119 6
1481 5070 1824 5139 χρηματίζων

275 5147 407 5217 Θεός·
446 5174 465 5207 ι
511 5157 628 5210 Καὶ
655 5154 816 5209 δώσω
838 5155 919 5226 τῷ
950 5153 1241 5224 σπέρματί
1273 5169 1362 5205 σου
1397 5156 1571 5208 πᾶσαν
1592 5158 1686 5227 τὴν
1720 5160 1823 5229 γῆν

276 5241 467 5314 ταύτην,
509 5246 606 5298 καὶ¹
651 5245 1185 5315 ὲνευλογηθησονται
1232 5242 1288 5292 ὲν
1321 5241 1395 5311 τῷ
1435 5243 1697 5315 σπέρματί
1730 5266 1822 5301 σου

279 5330 424 5387 πάντα
449 5335 515 5388 τὰ
535 5335 669 5405 ἔθνη
699 5335 801 5404 τῆς
825 5334 953 5403 γῆς,
978 5330 1108 5385 ἀνθ’
1140 5322 1218 5385 ὧν
1254 5329 1545 5399 ὑπήκουσεν
1580 5337 1820 5409 Ἀϐραὰμ

279 5418 475 5497 ὀπατήρ
506 5444 601 5480 σου
648 5427 748 5496 τῆς
778 5425 922 5495 ἐμῆς
948 5422 1171 5491 φωνῆς,
1200 5421 1291 5471 καὶ
1315 5421 1531 5489 ἐφύλαξε
1558 5426 1653 5491 τὰς
1675 5433 1819 5483 ὲντο-

279 5504 347 5575 ut;
372 5532 490 5584 μου,
525 5517 622 5571 καὶ
665 5516 739 5568 τὰ
777 5508 1204 5583 προστάγματά
1236 5525 1353 5577 μου,
1385 5511 1470 5562 καὶ
1508 5515 1569 5567 τὰ
1607 5518 1819 5573 δικαιὼ-

322 5628 379 5657 ⁶¹·
394 5627 538 5685 Psal.
568 5643 685 5691 etv,
730 5624 804 5677 12
819 5623 948 5676 45.

310 5719 397 5787 (δ’)
422 5720 554 5789 Τῆςο
590 5717 762 5772 Forte
790 5708 1067 5789 εάςξμιίεί
1105 5716 1293 5789 tamen
1321 5708 1807 5789 tl'liS..':ta.'it.!esen-e.

254 5773 328 5857 ἳῇὗ
540 5792 611 5846 τί,
632 5800 694 5846 νς
735 5781 825 5834 vel
850 5778 1085 5838 addere,
1106 5773 1282 5837 οὐδέν,
1303 5774 1353 5827 ιιί
1371 5792 1415 5840 ι).
1434 5778 1571 5847 5211).
1595 5773 1738 5840 Epit,

1929 4889 2057 4944 dum
2102 4888 2360 4942 tradidit:
2405 4895 2529 4940 ante
2580 4902 2709 4941 vero
2736 4900 2896 4954 quam
2938 4884 3229 4951 susciperet
3261 4881 3460 4938 liberos

1931 4989 2093 5050 atque
2140 4986 2263 5032 ante
2314 4992 2475 5046 quam
2526 4975 3023 5036 circumcideretur,
3071 4974 3177 5043 ipsi
3207 4989 3458 5044 quoque,

1927 5077 2212 5143 propterea
2261 5067 2403 5135 quod
2437 5083 2466 5121 a
2498 5067 2909 5120 simulacrorum
2951 5063 3100 5116 cultu
3131 5073 3459 5131 secesserat,

1930 5174 2202 5229 unumque
2233 5171 2394 5227 super
2419 5156 2600 5211 omnia
2636 5154 2803 5208 Deum
2836 5151 3137 5207 confessus.
3160 5150 3337 5209 fuerat
3356 5190 3374 5218 ,
3404 5162 3460 5209 et

1931 5264 2092 5304 unam
2124 5263 2240 5303 eam
2261 5285 2277 5310 ,
2311 5261 2429 5314 qua:
2453 5259 2574 5299 cum
2606 5243 2807 5296 virtute
2839 5249 2957 5305 est,
3003 5242 3167 5296 vitam
3212 5242 3457 5297 sectaba-

1928 5350 2036 5405 tur,
2067 5338 2373 5393 Christiano
2402 5350 2551 5388 more
2578 5332 2809 5397 vixisse,
2843 5346 2951 5386 non
2981 5330 3205 5388 Judaico
3231 5332 3453 5387 demon-

1927 5439 2149 5487 stratur.
2196 5428 2398 5482 idcirco
2432 5425 2508 5477 illi
2551 5423 2917 5478 testimonium
2966 5424 3269 5486 exhibetur,
3308 5422 3451 5491 quod

1925 5531 2186 5593 praecepta
2213 5527 2268 5575 et
2294 5516 2540 5570 mandata
2569 5522 2624 5570 et
2640 5514 2989 5570 caeremonias
3006 5553 3022 5579 ,
3058 5521 3112 5568 et
3138 5528 3258 5582 quae
3283 5513 3342 5567 in
3368 5512 3468 5567 lem

1990 5722 2108 5790 (δ”)
2143 5719 2479 5790 Desideratur
2506 5722 2632 5790 άπό.
2665 5723 2746 5777 vel
2774 5724 2855 5786 ὲκ,
2898 5733 2954 5775 ut
2980 5730 3035 5790 et
3059 5720 3196 5773 infra
3237 5721 3326 5790 (Δρ.
3376 5716 3443 5769 65

1925 5788 2007 5860 Il)
2025 5790 2233 5854 legitur,
2259 5789 2380 5852 τοὺς
2405 5789 2465 5853 ἐξ,
2497 5789 2756 5853 Ἑλλήνων
2777 5789 3199 5856 ἀναγωοοῦνταε.
3236 5788 3383 5838 limi.
