3870 6318
208 421 294 483 53
1213 436 1824 494 DEMONSTRATIONI!

1924 435 2340 494 :VA-NGELICAs
2378 437 2503 493 LIB.
2545 441 2582 497 ι.
3399 450 3468 507 ει

192 535 417 613 τελικῆς
452 535 836 627 διᾷασδεαλίας
877 545 1218 617 μαθήματα
1255 557 1639 627 κηρυττόμενα.
1688 557 1824 609 Ἀλλὲ

1945 557 2062 613 sitis
2093 555 2226 611 nihil
2259 556 2503 620 inducit,
2533 558 2600 622 ab
2626 560 2929 627 evangelica
2961 573 3137 617 autem
3177 565 3467 621 Salvatoris

188 627 384 720 geniti)“;
412 624 577 720 εἰδιῦς
602 623 671 681 εὖ
708 630 880 700 μάλα
907 635 978 687 τὺ
1013 656 1034 688 ι
1071 641 1138 692 κ)
1151 623 1466 716 αίεινμετὰ
1491 623 1791 699 κλαιόντων·
1818 666 1824 696 ι

1948 645 2118 699 nostri
2165 644 2410 698 doctrina
2465 660 2573 698 non
2621 623 2891 702 abhorret.
2934 646 3072 702 Dicit
3119 649 3276 719 igitur
3318 651 3466 720 ipse,

188 719 297 784 ,ai
320 716 395 779 τὺ,
437 735 456 767 ι
495 718 812 791 Μακάριοι
860 726 918 777 oi
971 728 1297 799 κλαίοντες,
1336 737 1415 789 ὅτι
1448 736 1774 804 γελάσονται,
1819 754 1824 785 l

1945 734 2036 787 ubi
2069 748 2217 788 suam
2250 732 2416 802 ipsius
2445 734 2607 788 vitam
2636 736 2886 805 exponit,
2935 744 2988 792 et
3033 740 3378 808 arguentibus
3408 753 3469 798 ει

192 809 297 873 καὶ
331 807 409 871 τὸ,
456 826 477 859 ι
528 809 602 861 Et
629 811 863 882 πάσχει
898 815 964 869 ἓν
1007 820 1204 888 μέλος,
1244 825 1547 895 συμπάσχει
1580 825 1750 878 πάντα
1779 824 1824 877 τὶ

1944 824 2129 879 amicis
2158 823 2442 892 respondet
2466 842 2478 877 :
2512 842 2533 887 r
2561 823 2776 879 Servavi
2806 827 2947 887 enim
2978 828 3187 898 inopem
3213 829 3279 884 de
3303 844 3465 884 manu

200 898 360 977 μέλην
405 916 425 948 ι
469 899 533 951 ὲν
574 903 705 964 τοῖς
745 903 867 974 τῆς
905 909 1295 984 εὐαγγελικῆς
1317 915 1654 977 διδασκαλίας
1677 914 1824 986 μαθή·

1943 912 2214 981 potentis:
2254 921 2307 966 et
2355 913 2592 982 pupillo,
2622 915 2708 968 cui
2760 930 2865 968 non
2914 925 3027 970 erat
3071 916 3302 985 adjutor,
3341 919 3469 974 sub-

208 1004 338 1065 μασι
363 991 785 1060 περιεχόμενα,
821 995 897 1049 τὸ
924 999 1077 1070 πρὸς
1113 1004 1246 1066 τοὺς
1269 1006 1324 1057 ἐν
1348 1004 1424 1074 τῷ
1457 1004 1555 1074 βίῳ
1572 1004 1824 1073 ταλαιπω

1942 1002 2081 1056 veni.
2108 1000 2180 1056 Os
2206 1010 2383 1056 autem
2417 1003 2590 1058 vidua:
2620 1004 2748 1064 mihi
2780 1005 3087 1067 benedixit,
3113 1016 3164 1060 et
3202 1007 3465 1075 justitiam

212 1079 505 1156 ρουμὲνους
555 1081 995 1156 φιλάνθρωπον
1072 1092 1405 1157 ἐπεδείκνυε,
1449 1094 1635 1163 λέγων·
1708 1094 1824 1163 Ἐγό

1942 1091 2239 1147 indumenti
2287 1091 2404 1145 loco
2452 1092 2653 1161 accepi.
2702 1091 2971 1147 Adornavi
3025 1103 3204 1147 autem
3256 1111 3339 1151 me
3375 1096 3467 1168 ju-

88 5738 103 5791 ει

76 5826 91 5859 Ι

42 5876 85 6093 /

226 1173 282 1230 δέ
316 1172 405 1225 ἐπὶ
434 1174 610 1227 παντὶ
646 1176 935 1250 ἀδυνάτῳ
967 1181 1233 1237 ἔκλαυσα·
1272 1203 1290 1236 ι
1328 1184 1582 1251 ἐστέναξα
1623 1186 1678 1239 δὲ
1722 1186 1843 1240 ἰδὼν

237 1263 390 1333 ἀνδρα
434 1266 493 1316 ἐν
545 1265 871 1335 ἀνάγκαις.
918 1290 940 1322 ι
979 1270 1118 1327 Εἶτα
1157 1276 1334 1340 πάλιν,
1366 1275 1464 1344 τῆς
1493 1277 1843 1348 εὐαγγελικῆς

252 1356 576 1420 διδασκαλίας
603 1358 749 1421 τοὺς
785 1361 1077 1433 ὰσέμνους
1115 1365 1557 1437 ἀπαγορευούσης
1584 1367 1839 1435 γέλωτας,

264 1445 524 1520 προλαϐὼν
557 1448 590 1499 ὁ
638 1450 936 1522 μακάριος
962 1455 1169 1519 οὑτοσὶ,
1211 1459 1387 1526 φησιν·
1438 1475 1457 1508 ι
1509 1459 1571 1509 Ei
1601 1458 1656 1511 δέ
1698 1460 1841 1531 ήμην

266 1539 655 1609 πεπορευμένος
687 1541 842 1610 μετὰ
893 1543 1249 1609 γελοιαστῶψ
1280 1546 1327 1597 εἰ
1358 1546 1414 1599 δὲ
1452 1548 1545 1600 καὶ⁹
1581 1549 1839 1601 ἐσπούδα-

267 1643 342 1680 σεν
366 1629 394 1679 6
419 1629 554 1692 ποῦς
580 1647 689 1699 μου
715 1633 805 1694 εἰς
825 1632 1003 1696 δόλον,
1027 1634 1261 1705 ἓσταμαι
1290 1637 1345 1689 δὲ
1368 1638 1424 1690 ἐν
1459 1637 1603 1707 ζυγῴ
1631 1638 1835 1709 δικαίῳ,

262 1715 353 1771 ciba
374 1718 429 1771 δὲ
452 1721 483 1772 6
506 1718 731 1790 Κύριος
755 1721 861 1793 τὴν
890 1724 1131 1778 ἀκακίαν
1156 1742 1277 1795 μου.
1320 1727 1533 1798 Ἐπειδὴ
1554 1728 1610 1781 δέ
1637 1730 1665 1781 6
1690 1729 1837 1799 παρᾶ

259 1810 430 1862 Μωπί
452 1810 617 1879 λόγος
669 1812 985 1881 νομοθετεῖ,
1008 1814 1198 1882 λέγων,
1220 1833 1238 1865 ι
1262 1816 1335 1868 Οὐ
1358 1815 1673 1885 μοιχεύσεις,
1700 1837 1717 1868 ι
1744 1818 1836 1870 θά-

1941 1178 2110 1241 dicio,
2161 1180 2314 1247 quasi
2346 1179 2545 1248 duplici
2605 1182 2959 1250 vestimento;
3010 1185 3199 1240 oculus
3243 1184 3320 1240 fui
3365 1202 3467 1244 cai-

1940 1282 2123 1323 corum
2143 1307 2159 1330 ,
2186 1284 2279 1337 pes
2309 1269 2618 1325 claudorum
2644 1289 2657 1324 :
2686 1286 2785 1341 ego
2815 1269 2890 1326 fui
2918 1280 3069 1342 pater
3099 1274 3315 1344 inopum
3348 1278 3412 1330 ⁸⁵.
3443 1297 3462 1331 ι

1943 1357 2043 1426 15
2076 1356 2191 1426 Ipsa
2234 1360 2344 1412 haec
2381 1358 2540 1428 igitur
2581 1360 2899 1422 documenta
2944 1362 3098 1431 plane
3122 1364 3305 1419 eadem
3343 1374 3467 1423 sunt

1939 1463 2058 1502 cum
2086 1447 2171 1514 iis,
2214 1463 2331 1518 qua:
2357 1450 2606 1505 omnibus
2650 1450 2804 1505 nobis
2844 1466 2940 1520 per
2982 1454 3342 1523 evangelicum
3371 1455 3468 1510 do-

1938 1537 2165 1591 ctrinam
2217 1539 2356 1592 tradi
2394 1541 2737 1610 nuntiarique
2777 1543 2933 1597 solita
2974 1554 3100 1598 sunt
3133 1562 3145 1596 :
3176 1547 3468 1615 quinetiam

1936 1628 2096 1682 veluti
2126 1628 2171 1685 is
2202 1630 2291 1698 qui
2322 1630 2454 1685 bene
2477 1630 2604 1686 illud
2636 1642 2853 1688 nosset:
2889 1652 2907 1684 ι
2938 1633 3088 1690 Flere
3130 1652 3252 1692 cum
3295 1636 3469 1695 [lentio

1934 1718 2036 1773 bus
2056 1720 2138 1770 οδε
2181 1740 2199 1770 ι
2231 1728 2283 1775 et
2329 1721 2481 1783 illud,
2511 1741 2528 1770 ι
2566 1722 2712 1777 Beati
2752 1726 2844 1794 qui
2888 1726 3088 1797 lugent,
3119 1730 3369 1798 quoniam
3393 1729 3469 1784 ri-

1936 1805 2210 1873 debunt",
2242 1828 2260 1860 ι
2297 1816 2349 1862 et
2378 1809 2543 1864 illud:
2583 1829 2601 1864 ι
2641 1810 2695 1865 Si
2727 1829 2889 1871 unum
2926 1817 3216 1871 membrum
3246 1819 3464 1888 patitur,

255 1898 397 1951 νατόν
422 1916 483 1951 τε
513 1899 671 1953 κατὰ
703 1901 920 1971 μοιχῶν
964 1901 1364 1973 ἐπιψηφίξεται·
1395 1904 1424 1957 ὁ
1455 1905 1511 1957 δὲ
1543 1906 1642 1976 τῆς
1672 1908 1824 1974 εὐαγ-

1934 1910 2054 1949 cum
2080 1912 2143 1951 eo
2187 1899 2347 1952 simul
2379 1900 2557 1954 omnia
2603 1902 2840 1956 membra
2885 1905 3244 1973 patiuntur“.
3281 1928 3299 1959 ι
3336 1910 3466 1976 Qua:

250 1989 462 2059 γελικῆς
513 1990 895 2055 διδασκαλίας
947 1993 1037 2046 τὸν
1092 1994 1250 2064 νόμον
1301 1996 1594 2063 ἐπιτείνων,
1657 2000 1834 2070 φησίν·

255 2098 275 2130 ι
333 2080 568 2152 Ἐρῤἐθη
603 2085 734 2142 τοῖς
792 2083 1069 2154 ἀρχαίοις·
1112 2085 1186 2138 Οὐ
1246 2087 1564 2155 μοιχεύσεις·
1626 2088 1734 2156 ἐγὼ
1781 2090 1836 2143 δὲ

244 2169 383 2238 λέγω
408 2174 567 2241 ὑμῖν,
596 2173 745 2243 μηδέ
764 2173 866 2244 τὴν
878 2173 1053 2244 ἀρχὴν
1079 2174 1378 2244 ἐπιθυμεῖν·
1407 2195 1426 2227 ι
1446 2177 1711 2247 σκέψασθε
1738 2197 1835 2232 κα-

244 2260 346 2325 λῶς
382 2262 476 2314 τὸν
528 2264 674 2332 περὶ
718 2260 784 2315 οὗ
827 2263 924 2317 νῦν
968 2267 998 2318 6
1027 2265 1198 2334 λόγος,
1229 2266 1306 2329 ὃς,
1340 2268 1481 2322 κατὰ
1509 2269 1569 2322 τὸ
1605 2272 1833 2340 Χριστοῦ

244 2350 388 2419 βιοὺς
407 2351 783 2419 Εὐαγγέλιον,
816 2353 912 2405 καὶ
938 2352 998 2404 τὸ
1030 2355 1144 2423 μετ’
1176 2354 1460 2424 ἐπιθυμίας
1491 2356 1835 2413 ἀκολαστότεέ

245 2460 333 2513 ρον
360 2442 671 2513 ἐμϐλέπειν
708 2443 1178 2513 παρεφυλάττετο,
1201 2446 1283 2514 ἐφ’
1306 2440 1350 2513 ᾧ
1376 2449 1468 2499 καὶ
1495 2447 1829 2517 ἐσεμνύνετο,

239 2534 426 2603 λέγων·
459 2555 477 2588 ι
512 2537 581 2589 Ei
602 2537 665 2589 δὲ
688 2536 789 2588 καὶ
813 2535 895 2604 τῷ
915 2535 1174 2606 ὀφθαλμῷ
1199 2537 1625 2608 ἐπηκολούθησεν
1648 2540 1680 2609 ἡ
1700 2556 1832 2609 καρ-

240 2626 327 2680 δία
360 2644 462 2696 μου
504 2627 747 2694 γυναικὶ
795 2625 993 2696 ἀνδρὸς
1032 2626 1237 2696 ἐτέρου·
1283 2646 1300 2676 ι
1343 2628 1552 2680 καὶτὸν
1581 2628 1830 2698 λογισμὸν

243 2711 564 2765 ἀτωδίδωσιν
596 2710 737 2780 ἑξῆς
767 2710 1014 2778 ἐπάγων·
1060 2730 1078 2761 ι
1113 2712 1294 2781 Θυμὸς
1338 2713 1445 2784 γάρ
1481 2714 1669 2784 ἀνδρὸς
1696 2715 1829 2769 ἀκα-

245 2801 497 2870 τάσχετος
540 2802 607 2854 τὸ
671 2803 870 2871 μιᾶναι
922 2802 1112 2871 ἀνδρὸς
1156 2805 1406 2870 γυναῖκα·
1441 2803 1550 2875 πῦρ
1581 2806 1687 2874 γάρ
1718 2807 1828 2859 ἐστι

244 2894 525 2963 καιόμεναι
556 2893 657 2945 ἐπὶ
692 2893 921 2945 πάντων
959 2891 1067 2943 τῶν
1112 2892 1308 2963 μερῶν·
1339 2886 1398 2963 οὗ
1424 2894 1470 2946 δ’
1496 2894 1560 2947 ἂν
1597 2895 1825 2967 εἰσέλθῃ,

246 2986 307 3038 ἐκ
336 2985 496 3055 ῥιζῶν
521 2983 845 3038 ἀπώλεσεν.
886 3000 905 3033 ι
952 2981 1108 3035 Ἀλλὰ
1139 2984 1233 3035 καὶ
1259 2984 1318 3036 τὸ
1348 2983 1439 3037 τοῦ
1469 2985 1666 3056 τρόπου
1696 2987 1829 3040 ἀδω-

248 3075 525 3145 ροδόκητον
558 3073 906 3145 παρίστησιν
933 3065 1054 3125 ὧδε·
1088 3091 1105 3123 ι
1134 3074 1265 3126 Είδὲ
1293 3076 1382 3127 καὶ⁸
1400 3077 1518 3137 ταῖς
1543 3076 1695 3146 χερσί
1727 3095 1825 3147 μου

247 3164 460 3236 ἡψάμην
509 3164 737 3235 δώρων,
794 3162 1082 3233 σπείραιμι
1118 3162 1244 3233 ἄρα,
1280 3164 1372 3216 καὶ
1401 3163 1548 3221 ἄλλοι
1587 3165 1821 3233 φάγοιεν·

246 3254 459 3324 άρῤιζος
485 3255 546 3307 δέ
574 3254 851 3323 γενοίμην
881 3252 975 3304 ἐπὶ⁹
994 3252 1115 3321 γῆς.
1147 3271 1165 3304 ι
1207 3252 1388 3315 Ὅπως
1409 3253 1464 3305 δὲ
1499 3255 1589 3306 καὶ
1619 3257 1730 3317 τοῖς
1750 3256 1827 3306 oi-

248 3344 407 3407 ιείοις
436 3343 847 3414 προσεφέρετο,
895 3342 1083 3412 μαθεῖν
1115 3341 1283 3405 ἔστιν,
1325 3343 1416 3411 ἀφ’
1455 3335 1529 3397 ὧν
1570 3342 1824 3409 διδάσκει,

249 3435 480 3501 φάσκων·
521 3453 540 3485 ι
585 3435 655 3486 Εἰ
679 3433 741 3485 δέ
776 3432 873 3485 καὶ
896 3431 1160 3500 ἐφαύλισα
1179 3431 1351 3502 κρίμα
1379 3432 1704 3502 θεράποντός
1727 3450 1826 3502 μου

245 3521 280 3591 ἢ
301 3521 659 3594 θεραπαίνης,
693 3519 1033 3591 κρινομένων
1052 3519 1228 3572 αὐτῶν
1255 3519 1388 3590 πρὸς
1411 3520 1527 3588 ἐμέ·
1558 3538 1577 3571 ι
1603 3520 1693 3573 καὶ
1726 3520 1828 3573 πά-

244 3613 327 3665 λιν
345 3613 435 3665 τδν
447 3611 719 3682 λογισμὸν
741 3609 1056 3663 ἀποδίδωσι·
1078 3628 1096 3660 ι
1129 3609 1193 3662 Τί
1211 3609 1318 3679 γὰρ
1347 3610 1571 3679 ποιήσω,
1593 3609 1684 3662 ἐὰν
1702 3609 1825 3664 ἐτα-

249 3702 332 3754 σίν
361 3720 457 3773 μου
471 3704 700 3771 ποιῆται
724 3702 754 3752 6
776 3698 939 3763 636;;
977 3699 1198 3769 πότερον
1228 3700 1323 3767 οὐχ
1343 3699 1417 3759 ὡς
1442 3697 1547 3766 ἐγὼ
1567 3699 1826 3769 ἐγενόμην

247 3795 304 3844 ἐν
318 3795 498 3864 σαρκὶ,
519 3791 710 3845 οὕτως
723 3791 966 3842 κάκεῖνοι
987 3787 1241 3856 γεγόνασι
1257 3804 1272 3844 :
1294 3788 1487 3856 γεγόνοι
1495 3804 1590 3857 μεν
1607 3788 1664 3841 δέ
1684 3789 1740 3839 ἐν
1757 3790 1822 3858 τῇ

246 3883 377 3952 aﬁrﬁ
404 3882 605 3951 κοιλία.
648 3899 670 3931 ι
707 3878 935 3939 Τούτοις
959 3874 1217 3944 ἐπιλέγει·
1259 3894 1278 3926 ι
1313 3876 1501 3945 Χήρας
1526 3874 1616 3927 τὸν
1638 3875 1827 3944 ὀφθαλ-

246 3972 340 4041 μδν
365 3974 475 4043 οὐκ
493 3969 757 4039 ἐξέτηξα·
811 3969 860 4018 εί
910 3967 967 4020 δὲ
998 3967 1091 4019 καὶ
1132 3967 1222 4019 τὸν
1256 3965 1444 4036 ψωμόν
1486 3982 1584 4034 μου
1626 3965 1823 4034 ἔφαγον

242 4061 415 4131 μόνος,
446 4063 543 4116 καὶ
564 4060 699 4130 οὐχὶ
721 4056 946 4129 ὀρφανῷ
982 4058 1256 4127 μετέδωκα
1282 4056 1340 4122 ἐξ
1368 4056 1548 4108 αὑτοῦ·
1581 4058 1629 4108 εἰ
1654 4057 1709 4109 δὲ
1732 4057 1822 4108 καὶ

235 4150 371 4205 εἶδον
408 4150 629 4223 γυμνὸν
663 4147 1059 4217 ἀπολλύμενον,
1107 4146 1201 4199 καὶ
1248 4146 1348 4198 οὐκ
1374 4144 1630 4215 ὴμφίεσα.
1664 4163 1682 4195 ι
1714 4145 1822 4197 Καὶ

234 4243 392 4295 πάλιν
423 4242 645 4305 ὑποϐάς
678 4240 831 4307 λέγει
856 4255 870 4268 ·
903 4256 924 4289 ι
966 4238 1030 4289 Ei
1062 4237 1119 4288 δέ
1151 4237 1243 4289 καὶ
1272 4235 1402 4305 λίθῳ
1423 4235 1696 4287 πολυτελεῖ
1723 4236 1819 4286 ἐπ-

230 4334 520 4403 εποίθαησα·
555 4332 608 4384 εί
654 4329 715 4382 δέ
751 4329 847 4380 καὶ
881 4325 1199 4397 ηὐφράνθην
1247 4323 1438 4377 πολλοῦ
1472 4323 1694 4376 πλούτου
1732 4339 1818 4392 μοι

243 4423 544 4494 γενομένου·
577 4423 629 4473 εί
656 4419 715 4472 δὲ
742 4419 836 4471 καὶ
880 4418 965 4468 ἐπ’
1003 4414 1387 4485 ἀναριθμήτοις
1433 4413 1629 4485 ἐθέμην
1664 4412 1819 4483 χεῖρά

262 4524 354 4575 μου.
388 4533 409 4563 ι
461 4512 584 4564 Καὶ
625 4509 721 4561 τὸν
769 4506 1030 4575 λογισμὸν
1065 4500 1220 4565 αὖθις
1253 4502 1507 4569 ἐπιλέγει·
1547 4520 1564 4553 ι
1610 4502 1679 4553 Ἦ
1719 4501 1815 4569 οὺχ
1851 4526 1891 4579 υ

259 4598 442 4673 ὁρῶμεν
481 4602 646 4672 ἥλιον
675 4596 1090 4665 ἐπιφαύσκοντα
1118 4592 1211 4644 καὶ
1239 4591 1570 4654 ἐκλείποντα,
1606 4592 1698 4643 καὶ
1736 4606 1816 4642 σε-

259 4681 393 4760 λήνην
435 4688 496 4741 δὲ
530 4685 876 4755 φθίνουσαν;
921 4699 938 4732 ι
978 4676 1111 4732 Εἶτα
1145 4677 1304 4731 πάλιν
1337 4679 1434 4748 τῆς
1466 4677 1814 4747 εὐαγγελικῆς

259 4772 584 4839 διδασκαλίας
663 4772 944 4843 φησάσης,
999 4789 1021 4821 ι
1095 4768 1322 4838 Ἐρῤέθη
1371 4770 1480 4830 τοῖς
1533 4767 1811 4838 ἀρχαίοις.

268 4865 579 4939 Ἀγαπήσεις
598 4864 701 4917 τὸν
723 4861 951 4932 πλησίον
980 4876 1098 4921 σου,
1129 4859 1223 4911 καὶ
1250 4858 1493 4926 μισήσεις
1512 4856 1600 4909 τὸν
1628 4854 1815 4925 ἐχθρόν

264 4968 350 5011 σου.
386 4956 535 5026 Ἐγὼ
575 4955 640 5008 δὲ
693 4953 836 5023 λέγω
884 4953 1035 5022 ὑμῖν·
1095 4949 1371 5014 Ἀγαπᾶτε
1429 4947 1551 5008 τοὺς
1595 4944 1816 5015 ἐχθροὺς

265 5042 408 5112 ὐμῶν,
446 5065 465 5097 ι
496 5044 773 5112 αὐτοφυεί
804 5036 1133 5106 διδασκαλίᾳ
1156 5032 1435 5104 προλαϐὼν
1461 5034 1490 5084 6
1521 5033 1812 5102 θαυμάσιος

266 5131 458 5207 τοῦργον
486 5134 835 5204 άπεπλήρου.
863 5130 955 5183 Διὸ
984 5143 1177 5197 φησιν·
1221 5142 1239 5174 ι
1276 5123 1408 5175 Είδέ
1439 5123 1531 5174 καὶ
1549 5123 1811 5193 ἐπιχαρὴς

269 5221 497 5297 ἔγενόμην
525 5226 624 5278 ἐπὶ
657 5221 913 5292 πτώματι
940 5214 1149 5288 ἐχθροῦ
1181 5229 1300 5297 μου,
1334 5211 1424 5263 καὶ
1453 5208 1597 5265 εἶπεν
1621 5214 1654 5282 ή
1676 5228 1809 5281 καρ-

270 5310 325 5366 δία
346 5296 463 5387 μου,
497 5311 669 5383 Εὖγε,
710 5312 944 5382 ἤκουσεν
977 5307 1096 5376 ἄρα
1123 5300 1188 5353 τὸ
1221 5296 1309 5361 οὖς
1328 5316 1428 5387 ,μου
1454 5300 1550 5369 τὴν
1573 5300 1808 5372 κατάραν

273 5385 359 5467 μηδέ
373 5426 390 5458 ι
415 5408 521 5461 Καὶ
547 5402 812 5468 ἐπιλέγει·
828 5418 846 5449 ι
872 5396 1028 5461 Ἐξω
1042 5392 1106 5444 δὲ
1132 5389 1236 5440 οὐκ
1257 5385 1492 5455 ηὐλίζετο
1520 5388 1679 5452 ξένος,
1702 5392 1734 5458 ἠ
1751 5389 1808 5442 δὲ

272 5488 367 5567 θύρα
394 5515 488 5569 μου
518 5494 687 5551 παντὶ
714 5489 924 5544 ἐλθόντι
953 5482 1235 5550 ἀνέῳκτο,
1265 5495 1283 5527 ι
1317 5476 1431 5527 ἐπεὶ⁸
1449 5477 1518 5547 μὴ
1537 5478 1802 5548 ἀλλότριος

1936 1983 1990 2037 in
2025 1983 2319 2054 disciplina:
2366 1988 2683 2058 evangelicae
2724 1990 3061 2047 documentis
3105 1996 3462 2063 continentur,

1933 2071 2222 2128 humanum
2272 2085 2325 2130 et
2367 2078 2768 2134 misericordem
2818 2097 2940 2150 erga
2983 2083 3209 2139 miseros
3261 2085 3315 2138 in
3357 2088 3463 2140 vita

1935 2162 2171 2216 animum
2205 2164 2590 2221 demonstravit
2627 2168 2852 2225 dicens:
2891 2190 2909 2221 ι
2942 2172 3052 2242 Ego
3098 2182 3272 2230 autem
3302 2191 3461 2243 super

1933 2251 2080 2307 omni
2114 2253 2273 2323 inope
2313 2252 2454 2317 ﬂevi,
2493 2264 2546 2310 et
2584 2258 2850 2326 suspiravi
2888 2275 3009 2327 cum
3049 2262 3221 2323 virum
3260 2264 3367 2318 vidi
3408 2264 3464 2318 in

1931 2341 2345 2397 necessitatibus
2366 2344 2431 2398 ⁸⁸.
2466 2365 2485 2398 ι
2522 2345 2717 2403 Deinde
2745 2364 2934 2407 rursus
2963 2367 3085 2406 cum
3115 2353 3485 2423 imn'iodestos,‘

1930 2431 2073 2485 risus
2128 2429 2372 2485 doctrina
2425 2436 2725 2504 evangelica
2763 2442 3216 2509 respuat,,beatus
3263 2444 3350 2498 hic
3378 2445 3461 2501 vir

1928 2526 2078 2574 tanto
2109 2529 2232 2576 ante
2263 2525 2612 2591 pronuntiat:
2644 2545 2662 2577 ι
2695 2526 2751 2581 Si
2781 2545 2907 2584 vero
2934 2533 3346 2597 ambulavicum
3367 2536 3461 2595 de-

1928 2609 2209 2673 risoribus,
2239 2619 2293 2665 et
2324 2612 2369 2666 si
2399 2612 2665 2668 festinavit
2690 2631 2782 2685 pes
2821 2633 2972 2673 meus
2996 2619 3063 2672 ad
3093 2619 3295 2683 dolum,
3329 2637 3461 2677 con-

1928 2699 2039 2753 stiti
2067 2700 2121 2753 in
2152 2708 2350 2755 statera
2383 2701 2549 2770 justa,
2579 2712 2632 2759 et
2662 2708 2811 2760 novit
2844 2707 3102 2764 Dominus
3144 2711 3461 2779 simplicita-

1925 2792 2032 2839 tem
2058 2802 2229 2841 meam
2249 2789 2314 2843 ⁷⁰.
2353 2809 2370 2841 ι
2407 2789 2666 2855 Quoniam
2702 2809 2828 2849 vero
2858 2794 3020 2851 Mosis
3042 2798 3199 2851 verba
3225 2798 3312 2853 illa
3334 2798 3462 2869 legis

1927 2874 2043 2928 loco
2062 2887 2398 2947 proponunt:
2433 2898 2451 2930 ι
2483 2879 2597 2935 Non
2625 2881 2939 2939 adulterium
2964 2887 3264 2944 committes
3283 2887 3378 2952 ",i
3409 2897 3462 2944 et

1926 2973 2150 3023 mortem
2185 2975 2368 3023 contra
2403 2970 2673 3027 adulteros
2710 2988 2922 3042 pmnam
2974 2976 3339 3031 constituunt:
3367 2978 3479 3047 qui,

1926 3063 2101 3110 autem
2131 3057 2388 3114 doctrinae
2433 3064 2753 3132 evangelicae
2775 3065 2942 3133 legem
2959 3064 3235 3134 describit,
3253 3068 3326 3121 ita
3347 3069 3455 3121 ait:

1933 3160 1950 3195 ι
1990 3141 2193 3197 Dictum
2214 3153 2294 3200 est
2317 3147 2591 3217 antiquis:
2626 3147 2743 3203 Non
2782 3151 3174 3216 moechaberis;
3207 3168 3306 3220 ego
3334 3168 3460 3210 vero

1931 3229 2051 3286 dico
2080 3233 2252 3296 vobis,
2294 3250 2361 3291 ne
2393 3237 2460 3291 ab
2504 3237 2657 3292 initio
2700 3239 2914 3308 quidem
2951 3244 3205 3311 cupere"
3237 3261 3251 3296 :
3292 3264 3312 3296 ι
3340 3260 3461 3314 spc-

1856 3350 1861 3355 ·
1929 3333 2134 3379 ctemus
2171 3326 2336 3395 probe
2359 3326 2518 3391 hunc,
2551 3329 2616 3383 de
2646 3345 2753 3398 quo
2780 3345 2957 3386 sermo
2983 3339 3084 3395 est,
3111 3334 3459 3402 quemadmm

1927 3412 2052 3466 dum
2092 3415 2383 3468 secundum
2412 3416 2614 3472 Christi
2642 3418 2984 3489 Evangelium
3014 3423 3217 3484 vivens.
3241 3438 3308 3478 ne
3337 3438 3459 3478 cum

1927 3502 2217 3571 cupiditate
2263 3505 2511 3559 licentius
2561 3509 2845 3575 aspiceret,
2880 3511 3039 3571 cavit.
3075 3510 3129 3563 in
3157 3527 3264 3579 quo
3298 3514 3461 3571 etiam

1924 3589 2274 3657 gloriabatur,
2310 3586 2498 3647 dicens
2526 3612 2538 3647 :
2570 3612 2587 3643 ‹
2625 3592 2682 3647 Si
2703 3610 2832 3650 vero
2856 3598 3071 3651 oculum
3105 3607 3346 3653 secutum
3375 3610 3459 3656 est

1924 3694 2018 3732 cor
2045 3695 2219 3734 meum
2251 3681 2305 3735 in
2338 3683 2557 3738 muliere
2582 3684 2801 3741 alterius
2834 3686 3027 3741 viri":
3063 3706 3082 3738 ι
3119 3696 3173 3743 et
3196 3689 3454 3748 rationem

1925 3769 2162 3838 assignat
2195 3769 2446 3841 deinceps
2491 3773 2829 3846 adjungens:
2867 3795 2885 3828 ι
2922 3777 3145 3834 Animus
3184 3780 3324 3833 enim
3357 3782 3457 3837 viri

1922 3861 2216 3917 dissolutus
2269 3863 2335 3917 ad
2381 3865 2762 3933 inquinandam
2809 3867 2912 3921 viri
2960 3868 3277 3947 mulierem.
3318 3870 3456 3939 ignis

1920 3953 2062 4007 enim
2100 3960 2182 4007 est
2212 3954 2407 4009 ardens
2445 3955 2501 4008 in
2548 3956 2796 4012 omnibus
2851 3957 3095 4026 partibus
3150 3960 3238 4014 ’δι
3295 3961 3456 4029 quod~

1925 4057 2137 4111 cunque
2174 4050 2349 4097 autem
2386 4044 2661 4108 invaserit,
2691 4045 2948 4102 radicitus
2978 4048 3199 4117 perdere
3228 4064 3458 4107 consue-

1920 4134 2024 4198 vit;
2055 4152 2072 4185 ι
2093 4133 2184 4188 sed
2201 4133 2359 4187 etiam
2376 4134 2712 4206 incorruptos
2729 4136 2782 4190 in
2789 4137 3008 4208 judiciis
3030 4154 3204 4195 mores
3227 4142 3459 4215 indm-it,

1918 4228 2033 4283 sic:
2058 4248 2076 4280 ι
2114 4229 2171 4285 Si
2202 4239 2376 4286 autem
2401 4232 2645 4287 manibus
2672 4234 2802 4288 meis
2830 4233 2980 4302 attigi
3007 4247 3247 4294 munera,
3278 4248 3452 4288 seram

1918 4319 2065 4388 ipse,
2106 4330 2158 4374 et
2200 4322 2289 4374 alii
2327 4319 2630 4385 comedant,
2653 4328 2706 4377 et
2740 4323 2857 4377 sine
2899 4324 3067 4391 stirpe
3110 4323 3366 4377 exsistam
3396 4323 3452 4376 in

1918 4413 2060 4459 terra
2083 4406 2150 4461 ⁷⁸.
2185 4425 2202 4457 ι
2228 4406 2503 4472 Quomodo
2524 4416 2701 4463 autem
2725 4424 2784 4464 se
2799 4425 2924 4479 erga
2951 4410 3275 4466 domesticos
3300 4426 3452 4479 gere-

1917 4504 1998 4549 ret
2019 4511 2082 4551 ex
2104 4497 2171 4551 iis
2191 4498 2312 4553 licet
2335 4498 2528 4552 intueri
2550 4513 2669 4568 qua:
2691 4498 2866 4561 docet.
2895 4513 3016 4552 cum
3043 4499 3123 4554 ait
3150 4513 3165 4550 :
3190 4517 3210 4550 ι
3243 4496 3299 4553 Si
3320 4513 3449 4552 con-

1913 4586 2103 4654 tempsi
2140 4586 2319 4642 subire
2342 4588 2602 4657 judicium
2634 4603 2762 4641 cum
2799 4602 2953 4644 servo
2995 4602 3136 4651 meo,
3174 4596 3227 4644 et
3259 4587 3450 4645 ancilla

1918 4688 2056 4738 mea,
2088 4690 2209 4728 cum
2239 4676 2605 4745 disceptarent.
2620 4676 2902 4732 adversum
2923 4679 3100 4733 me":
3121 4696 3141 4728 ι
3176 4684 3229 4731 et
3259 4675 3471 4731 deinde.

1915 4765 2175 4820 rationem
2203 4767 2439 4836 assignat
2463 4785 2475 4820 :
2512 4786 2531 4818 ι
2560 4767 2697 4832 Quid
2719 4768 2859 4822 enim
2876 4767 3088 4831 faciam,
3121 4768 3164 4822 si
3185 4765 3463 4834 judicium.

1916 4863 2104 4913 contra
2135 4872 2221 4913 me
2251 4859 2549 4914 exercuerit
2571 4859 2747 4914 Deus?
2775 4858 3016 4928 nunquid
3049 4873 3157 4913 non
3190 4859 3458 4924 quemad—

1916 4945 2131 5000 modum
2165 4960 2263 5016 ego
2304 4945 2477 5005 factus
2510 4963 2628 5005 sum
2676 4949 2731 5002 in
2775 4961 2957 5010 carne,
2988 4953 3042 5003 et
3084 4945 3162 5000 sic
3207 4945 3283 5000 illi
3319 4944 3446 5001 facti

1917 5034 2080 5089 sunt?
2110 5032 2234 5089 facti
2269 5050 2430 5103 porro
2471 5051 2656 5092 sumus
2697 5037 2755 5090 in
2791 5035 2978 5090 eodem
3017 5043 3172 5091 utero
3196 5035 3262 5090 ".
3294 5054 3313 5088 ι
3350 5034 3446 5092 His

1912 5123 2154 5194 adiungit
2183 5138 2198 5175 :
2234 5143 2253 5175 ι
2290 5118 2474 5179 Vidua:
2512 5127 2725 5181 oculum
2766 5138 2874 5181 non
2899 5120 3196 5192 liquescere
3225 5123 3367 5180 feci:
3398 5127 3445 5182 si

1914 5221 2088 5268 autem
2110 5221 2162 5268 et
2184 5212 2477 5275 buccellam
2504 5228 2675 5268 meam
2691 5212 2898 5267 comedi
2926 5211 3095 5278 solus,
3112 5223 3293 5269 etnon
3321 5228 3443 5267 cum

1912 5300 2113 5371 pupillo
2140 5302 2564 5356 communicavi:
2591 5308 2645 5354 et
2673 5302 2720 5355 si
2747 5301 2856 5357 vidi
2883 5303 3083 5357 nudum
3111 5308 3442 5372 pereuntem.

1913 5399 1967 5445 et
1994 5406 2101 5445 non
2126 5390 2394 5445 vestiri“.
2436 5411 2454 5442 ι
2491 5390 2556 5443 Ει
2593 5390 2846 5462 deinceps
2879 5406 3198 5462 progressus
3244 5392 3325 5447 sic
3355 5389 3441 5444 di-

1910 5479 1984 5534 cit
2010 5499 2023 5533 :
2056 5497 2076 5531 ι
2114 5479 2171 5534 Si
2200 5494 2325 5535 vero
2354 5487 2408 5534 et
2446 5480 2501 5534 in
2522 5480 2696 5551 lapide
2720 5482 2955 5552 pretioso
2982 5481 3229 5535 ﬁducﬁam
3253 5479 3439 5559 habui,

319 5653 359 5683 ”
407 5652 513 5710 Job
563 5664 746 5707 nux,
809 5637 1011 5710 i146.
1095 5631 1146 5662 “
1214 5626 1376 5710 Rnom;
1407 5632 1647 5710 xu,“
1700 5633 1761 5710 ἰτ
1814 5635 1824 5688 ι

1926 5639 2003 5710 th:
2046 5654 2099 5702 v,
2132 5638 2424 5710 _5;__Luc.
2465 5639 2687 5710 ",721.
2762 5640 2807 5673 ⁸⁸
2842 5637 3034 5710 Περι-.-
3065 5653 3174 5700 xu,
3231 5636 3352 5710 26._
3384 5636 3438 5710 ξ’

750 5712 801 5742 ⁷ο
841 5705 949 5759 Job
1033 5713 1198 5754 xum.
1239 5696 1293 5756 6,
1348 5696 1400 5747 7.
1494 5698 1535 5728 '“
1576 5699 1734 5756 Exod.

246 5707 671 5848 ίηιῖυίῖιδχὶεῗᾶη
708 5707 1111 5843 ιέῖιιῖιοῗεοκῖ

1803 5719 1901 5769 xx,
1944 5707 2027 5762 H.

1114 5766 1162 5795 το
1205 5762 1331 5842 Ibid.
1370 5763 1444 5817 ιδ.
1533 5766 1732 5845 "__ibid.
1773 5762 1962 5828 ιιι-15.

2130 5701 2493 5780 ’ἷζξίειιειηχ
2532 5701 2622 5775 27,
2659 5710 2763 5780 28.,
2852 5709 2916 5773 τι,
2953 5705 3054 5760 Job
3106 5721 3251 5768 um,
3285 5701 3431 5773 ,7-9.

2065 5775 2109 5806 ⁷⁸
2145 5775 2269 5829 ibid.
2314 5769 2493 5831 16-19.⁵
