3870 6332
587 398 655 452 55
1196 402 1458 460 EUSEBII
1494 406 1961 462 CESARIENSIS
1991 407 2137 466 OPP.
2177 409 2353 464 PARS
2391 407 2455 463 ll.
2494 438 2564 450 --
2593 406 3078 465 APOLOGETICA.
3696 404 3760 458 56

587 530 639 576 et
659 521 862 576 lattatus
890 532 1028 580 sum,
1057 532 1176 573 cum
1208 521 1384 574 multa:
1401 521 1525 574 mihi
1549 520 1744 575 divitiae
1765 532 1961 585 essent,
1988 531 2040 577 et
2062 525 2108 578 si

2220 525 2298 578 τοῦ
2334 527 2651 594 φήσαντοςια
2677 523 3005 594 Ξένοςῆμην,
3022 523 3115 575 καὶ
3139 515 3500 589 συνηγάγετὲ
3520 533 3639 584 με.)
3670 517 3760 571 Οἴα

591 611 657 663 ad
691 608 1091 663 innumerabilia
1115 610 1264 677 posui
1287 626 1502 663 manum
1533 627 1702 665 meam
1724 614 1789 667 ".
1821 632 1839 665 ι
1878 615 1978 685 16
2003 615 2107 668 Ra-

587 702 887 766 tionemque
911 697 1036 751 item
1065 698 1303 768 adiungit
1330 716 1344 750 :
1382 719 1399 750 ι
1434 700 1515 753 An
1543 716 1650 754 non
1677 701 1918 756 videmus
1943 706 2105 758 solem

586 787 716 840 oriri
752 799 813 836 ac
852 784 1099 848 deiicere,
1140 787 1425 855 lunamque
1468 787 1712 842 desinere
1727 790 1809 842 δοῖ
1843 808 1861 840 ι
1898 790 2104 846 Rursus

587 887 710 927 cum
741 874 983 927 doctrina
1017 877 1319 944 evangelica
1359 877 1500 929 dicat
1528 895 1541 930 :
1573 895 1589 926 ι
1626 877 1831 932 Dictum
1860 888 1941 933 est
1969 882 2102 934 anti-

585 965 707 1034 quis
733 982 746 1017 :
777 962 974 1033 Diliges
1000 967 1295 1034 proximum
1328 973 1497 1029 tuum,
1527 975 1578 1020 et
1612 968 1733 1022 odio
1759 970 1978 1025 habebis
2009 972 2109 1024 ini-

584 1053 781 1110 micum
803 1064 973 1108 tuum.
1002 1056 1109 1125 Ego
1143 1064 1314 1109 autem
1346 1058 1468 1110 dico
1502 1058 1671 1123 vobis,
1705 1060 1904 1129 diligite
1932 1062 2109 1114 inimi-

587 1158 681 1200 cos
707 1152 915 1199 vestros
932 1147 972 1177 '“
995 1165 1007 1198 :
1041 1166 1059 1197 ›
1084 1145 1410 1200 admirabilis
1433 1147 1521 1200 hic
1553 1148 1633 1201 vir
1660 1148 1841 1202 innata
1864 1151 2108 1206 doctrina

586 1236 934 1305 praeveniens,
966 1239 1135 1303 ipsum
1164 1251 1297 1305 opus
1342 1237 1646 1305 complevit.
1677 1238 1817 1308 Ergo
1841 1241 1917 1295 sic
1946 1242 2111 1311 loqui-

586 1333 713 1376 tur:
751 1343 769 1375 σ
801 1324 854 1378 Si
888 1325 1101 1395 gavisus
1138 1341 1255 1380 sum
1291 1341 1453 1395 super
1494 1328 1646 1381 ruina
1676 1329 1876 1384 inimici
1902 1333 2026 1396 mei,
2058 1339 2112 1386 et

589 1413 723 1468 dixit
751 1430 844 1469 cor
867 1431 1064 1482 meum,
1093 1414 1254 1485 Euge,
1281 1415 1460 1469 audiat
1485 1431 1614 1472 sane
1642 1420 1788 1475 auris
1816 1435 1931 1474 mea
1958 1437 2111 1476 exse-

588 1507 879 1561 crationem
923 1522 1089 1560 meam
1106 1509 1172 1562 θ’.
1210 1527 1229 1558 )
1264 1508 1399 1563 Tum
1440 1511 1683 1581 adjungit
1718 1528 1731 1563 :
1773 1531 1793 1563 ι
1825 1512 1977 1567 Foris
2018 1529 2112 1568 au-

588 1605 697 1653 tem
727 1612 833 1651 non
862 1598 1056 1652 mansit
1083 1597 1422 1668 Peregrinus,
1461 1610 1514 1654 et
1534 1602 1730 1656 ostium
1761 1618 1937 1657 meum
1969 1604 2114 1658 omni

588 1687 820 1742 venienti
849 1688 1020 1756 patuit
1040 1688 1105 1752 ⁸³,
1145 1707 1164 1740 ι
1194 1704 1259 1742 eo
1291 1690 1430 1758 quod
1470 1706 1576 1745 non
1616 1692 1822 1748 alienus
1862 1703 2003 1748 esset
2047 1696 2114 1750 ab

588 1791 654 1830 eo
675 1777 764 1844 qui
780 1776 914 1831 dixit
936 1797 949 1831 :
986 1795 1005 1829 ι
1035 1777 1350 1847 Peregrinus
1374 1795 1512 1847 sum,
1534 1788 1587 1835 et
1601 1782 1887 1851 collegistis
1909 1798 1992 1838 me
2011 1783 2106 1837 ⁸³.»

2208 615 2261 665 δὲ
2290 613 2448 667 αὐτοῦ
2471 613 2562 665 καὶ
2589 611 2655 662 τὰ
2677 612 2923 680 περὶτῶν
2948 610 3213 662 ἀκουσίων
3249 603 3760 673 πλημμελημάτων,

2209 706 2501 757 ἐπάκουσον
2536 702 2794 769 λέγοντος
2831 719 2849 752 ι
2899 702 2960 752 Εἰ
2997 700 3050 751 δὲ
3074 699 3169 751 καὶ
3200 692 3482 764 ἁμαρτὼν
3514 693 3760 756 ἀκουσίως

2210 794 2413 865 ἔκρυψα
2435 794 2530 863 τὴν
2581 791 2845 862 ἁμαρτίαν
2877 807 2995 859 μου,
3037 790 3096 841 οὐ
3138 788 3248 856 γὰρ
3271 781 3592 852 διετράπην
3618 785 3760 835 πολυ-

2210 886 2386 953 οχλίαν
2414 882 2766 954 πλήθους,τοῦ
2799 882 2872 951 μὴ
2907 879 3256 949 ἐξαγορεῦσαι
3298 871 3555 925 ἐνώπιον
3592 873 3760 925 αὐτῶν

2211 975 2273 1025 Et
2302 974 2358 1026 δὲ
2383 974 2473 1026 καὶ
2496 974 2646 1025 είασα
2666 971 2915 1024 ἀδύνατον
2937 969 3165 1034 ἐξελθεῖν
3192 967 3292 1036 τὴν
3313 964 3513 1032 θύραν
3542 979 3642 1032 μου
3673 964 3760 1016 κόλ

2214 1082 2297 1133 πω
2332 1063 2487 1133 κενῷ,
2517 1065 2669 1132 χεῖρα
2690 1061 2745 1113 δὲ
2779 1060 2977 1129 Κυρίου
3001 1061 3047 1110 εἰ
3077 1057 3148 1126 μὴ
3181 1055 3429 1108 ὲδεδοίκε
3442 1068 3523 1115 ιν,
3560 1069 3760 1123 συγγρι

2213 1151 2316 1221 φὴν
2346 1151 2399 1202 δὲ
2421 1153 2484 1219 ἣν
2520 1146 2658 1219 εἶχον
2700 1148 2838 1201 κατά
2854 1164 3015 1211 τινος,
3051 1147 3097 1197 εί
3148 1144 3220 1213 μὴ
3259 1140 3454 1211 ῥήξας
3493 1140 3669 1209 αὐτὴν
3700 1142 3760 1192 ἀτ

2214 1242 2404 1302 έδωκα,
2424 1242 2569 1293 οὐδὲν
2607 1240 2778 1293 λαϐὼν
2810 1240 2954 1310 παρὰ
2993 1233 3419 1308 χρεωφειλέτου.
3469 1249 3487 1281 ›
3518 1228 3760 1284 Ταῦταῖ

2213 1332 2304 1383 καὶ
2326 1328 2391 1382 τὰ
2419 1330 2635 1383 τοιαῦτα
2660 1330 2766 1382 τῶν
2797 1328 2900 1398 πρὸ
2943 1327 3184 1386 Μωσέως
3250 1320 3551 1388 θεοφιλῶν
3598 1322 3760 1391 ἀνδρὲ

2216 1418 2294 1488 (ἐξ
2324 1420 2437 1480 ἑνὸς
2459 1418 2564 1488 γὰρ
2597 1420 2689 1471 καὶ
2710 1418 2800 1470 τὸν
2829 1417 2934 1469 τῶν
2954 1416 3154 1467 λοιπῶν
3177 1410 3618 1481 τεκμαίρεσθαι
3651 1428 3760 1481 προ

2215 1509 2335 1578 ήκει
2366 1508 2517 1578 βίον),
2550 1508 2615 1560 τὰ
2648 1508 2982 1579 περιύμνητα
3018 1506 3116 1574 τῆς
3157 1501 3505 1564 θεοσεϐείας
3536 1498 3708 1566 ἆθλα,
3753 1508 3760 1551 ἀ

2214 1596 2250 1650 ἀ
2273 1597 2409 1664 φίλοι
2433 1597 2562 1650 Θεοῦ
2605 1596 2697 1650 καὶ
2734 1596 3004 1666 προφῆται
3028 1590 3497 1662 κατηξιώθησαν.
3535 1592 3760 1644 Τοιούτε

2214 1689 2257 1741 δ’
2276 1684 2413 1752 οὖσι,
2438 1689 2520 1750 τίς
2547 1687 2624 1739 ἔτι
2646 1687 2798 1758 χρεία
2819 1681 2885 1755 ἦν
2906 1683 3013 1736 τῶν
3059 1681 3209 1752 παρά
3235 1682 3455 1733 Μωσεί
3485 1697 3760 1750 παραγγε

2220 1779 2398 1848 μάτων
2444 1776 2659 1845 φαύλοις
2700 1775 2916 1844 ἀνδράσι
2951 1773 3042 1824 καὶ
3077 1771 3379 1841 μοχθηροῖς
3423 1772 3760 1841 παραδεδομ

590 1868 777 1933 Qualia
809 1882 969 1937 porro
1011 1869 1137 1932 sint,
1175 1885 1293 1938 quae
1331 1870 1469 1925 idem
1511 1872 1706 1925 sentiat
1744 1873 1809 1927 de
1857 1875 2109 1943 peccatis,

2220 1879 2341 1927 mv;
2379 1862 2580 1914 Οὐκοῦν
2621 1860 2706 1913 διὰ
2734 1860 2935 1913 τούτων
2972 1860 3226 1912 ἁπάντων
3262 1857 3359 1909 τὸν
3397 1858 3760 1927 ἀρχαιότατο

590 1972 711 2027 quae
748 1968 939 2028 praeter
983 1960 1310 2014 voluntatem
1362 1962 1787 2028 committuntur,
1820 1965 1944 2017 audi
1985 1979 2117 2018 eun-

593 2050 712 2104 dem
736 2048 997 2105 dicentem
1025 2067 1039 2104 :
1067 2069 1085 2101 ι
1123 2050 1274 2116 Quod
1304 2051 1348 2104 si
1392 2044 1580 2107 nolens
1613 2054 1727 2122 ipse
1768 2054 2115 2121 peccaverim,

591 2145 646 2190 et
669 2144 943 2206 peccatum
985 2152 1160 2191 meum
1202 2138 1602 2203 occultaverim,
1632 2155 1737 2193 non
1766 2141 1906 2193 enim
1934 2140 2116 2194 horrui

591 2226 968 2281 turbulentiam
1012 2227 1386 2288 multitudinis,
1433 2243 1499 2281 ne
1532 2228 1865 2284 enuntiarem
1907 2229 1961 2283 in
1986 2244 2117 2284 con-

596 2328 779 2384 spectu
823 2332 1006 2372 eorum
1038 2337 1052 2372 :
1093 2320 1137 2372 si
1172 2332 1296 2371 vero
1330 2316 1548 2386 permisi
1579 2318 1786 2387 inopem
1821 2319 1967 2373 abire
1997 2320 2118 2372 sinu

593 2420 785 2471 vacuo,
814 2414 867 2459 et
893 2419 1107 2458 manum
1148 2403 1355 2457 Domini
1395 2405 1440 2457 si
1483 2418 1591 2457 non
1630 2405 1867 2469 extimui,
1898 2420 2121 2474 syngra-

594 2492 753 2560 pham
795 2500 994 2554 autem,
1024 2506 1182 2561 quam
1213 2492 1374 2544 habui
1408 2491 1662 2547 adversus
1700 2494 2034 2562 quempiam,
2073 2495 2117 2548 si

594 2593 703 2632 non
731 2579 956 2633 scissam
1002 2594 1118 2633 eam
1159 2579 1384 2641 reddidi,
1436 2581 1568 2633 nihil
1615 2582 1882 2650 accipiens
1912 2595 1941 2632 a
1969 2580 2118 2633 debi-

594 2668 791 2725 tore".
823 2686 842 2719 ι
874 2667 994 2722 Haec
1032 2668 1190 2738 igitur
1218 2679 1374 2737 atque
1405 2669 1707 2738 hujusmodi
1741 2676 1892 2724 erant
1921 2670 1974 2723 in
2018 2669 2117 2732 iis,

597 2760 690 2830 qui
750 2764 875 2813 ante
925 2757 1123 2813 Mosem
1169 2757 1404 2822 fuerunt,
1452 2759 1583 2814 viris
1635 2760 1836 2814 sanctis
1881 2760 1966 2830 (de
2014 2761 2121 2813 vita

596 2849 739 2903 enim
766 2846 924 2900 unius
955 2845 1279 2914 reliquorum
1307 2847 1431 2899 item
1463 2847 1731 2915 conjicere
1754 2848 1917 2901 vitam
1953 2848 2119 2920 licet),

596 2953 695 3007 pro
723 2936 974 3004 religione
997 2936 1241 2991 videlicet
1287 2935 1482 2991 divinis
1514 2937 1760 2992 laudibus
1804 2939 2121 2994 celebranda

596 3025 914 3085 certamina,
946 3039 1042 3094 per
1081 3040 1198 3093 qua:
1240 3032 1294 3079 et
1342 3025 1497 3080 amici
1524 3025 1635 3088 Dei,
1675 3033 1727 3079 et
1765 3026 2032 3094 propheta:
2063 3035 2122 3079 ut

598 3115 937 3176 exsisterent,
982 3113 1126 3182 digni
1155 3114 1324 3168 etl‘ecti
1380 3123 1525 3169 sunt.
1574 3114 1728 3170 Tales
1786 3124 1961 3171 autem
1998 3132 2120 3170 cum

599 3213 797 3266 essent,
826 3203 954 3273 quid
981 3203 1085 3257 illis
1114 3212 1373 3273 praecepta
1408 3205 1570 3258 Musis
1593 3206 1847 3274 prodesse
1860 3212 2122 3273 poterant,

600 3306 719 3362 qua:
749 3292 1054 3362 vulgaribus
1098 3302 1256 3364 atque
1302 3295 1656 3349 insolentibus
1695 3295 1827 3349 viris
1859 3295 2126 3363 descripta

599 3392 654 3437 et
683 3382 878 3436 tradita
908 3384 1069 3438 sunt?
1093 3383 1167 3437 Ex
1200 3385 1281 3439 bis
1319 3385 1479 3454 igitur
1520 3386 1768 3438 omnibus
1795 3384 1936 3453 quod
1978 3393 2130 3439 vetu-

602 3470 895 3525 stissimum
950 3472 1242 3541 primorum
1291 3470 1507 3525 Patrum
1556 3472 1827 3542 religionis
1891 3487 2123 3536 morem,

601 3563 811 3615 cunctis
834 3561 1079 3631 gentibus
1107 3562 1303 3619 Christi
1332 3561 1549 3616 verbum
1578 3562 1989 3625 denuntiaverit,
2010 3576 2127 3614 ma-

600 3651 945 3706 nifestissime
975 3659 1212 3721 apparet,
1235 3667 1302 3706 ne
1330 3651 1723 3707 Testamentum
1752 3651 1955 3705 Novum
1986 3652 2129 3705 aliud

602 3755 722 3795 esse
743 3746 1009 3809 putemus,
1043 3755 1201 3808 quam
1229 3739 1657 3808 antiquissimam
1689 3740 1832 3793 illam
1864 3739 2125 3794 Mosaico—

603 3845 724 3885 rum
746 3838 1042 3899 temporum
1074 3829 1317 3899 religioni
1345 3828 1679 3896 conjunctam
1708 3829 1915 3882 civilem
1937 3830 2129 3882 oratio-

604 3933 748 3982 nem,
774 3924 833 3972 ut
858 3927 911 3972 et
939 3925 1090 3973 vetus
1139 3920 1356 3986 pariter,
1385 3924 1438 3970 et
1470 3917 1609 3970 idem
1639 3930 1833 3970 novum
1863 3917 2129 3984 possimus

606 4009 787 4064 dicere
811 4024 827 4059 :
859 4016 1015 4062 vetus
1041 4008 1253 4076 quidem
1294 4014 1514 4076 propter
1538 4020 1601 4060 ea
1625 4020 1745 4075 quae
1767 4007 2130 4061 demonstrata

604 4104 732 4153 sunt
758 4113 773 4148 :
799 4110 995 4150 novum
1021 4104 1195 4151 autem
1225 4104 1523 4165 propterea,
1557 4094 1699 4163 quod
1722 4095 1876 4164 longo
1900 4102 2022 4162 post
2050 4096 2131 4149 in-

603 4187 832 4241 tervallo
856 4186 1009 4255 quasi
1049 4184 1358 4239 hominibus
1396 4181 1789 4246 absconditum,
1818 4197 2007 4237 rursus
2035 4197 2130 4251 per

608 4277 898 4332 Salvatoris
917 4275 1087 4330 nostri
1115 4275 1411 4329 doctrinam
1437 4272 1686 4328 revixerit
1709 4287 1722 4323 :
1746 4281 1858 4325 toto
1887 4287 2015 4325 vero
2031 4272 2132 4325 hoc

607 4368 784 4423 medio
813 4368 879 4422 de
907 4381 1018 4436 quo
1064 4366 1265 4420 dictum
1297 4371 1381 4420 est
1428 4372 1681 4432 tempore,
1725 4362 1959 4431 quandiu
1998 4362 2129 4416 Novi

2212 1950 2311 2019 τῆς
2334 1947 2439 2001 τῶν
2472 1948 2819 2019 προπατόρων
2844 1945 3146 2007 θεοσεϐείας
3188 1944 3421 2015 τρόπον,
3464 1947 3497 1996 ὁ
3557 1948 3760 2016 Χριστσ

2214 2042 2379 2108 Λόγος
2401 2040 2530 2091 πᾶσι
2566 2037 2917 2106 καταγγείλας
2945 2039 3055 2099 τοῖς
3091 2035 3270 2087 ἔθνεσι
3310 2035 3645 2105 προφανῶς
3679 2039 3760 2090 ἀπ

2213 2127 2487 2189 δέδεικται,
2500 2127 2573 2187 ὡς
2583 2123 2827 2195 εἶναιτὴν
2840 2125 3040 2193 Καινὴν
3050 2122 3328 2193 Διαθήκην
3336 2122 3631 2192 οὐδ’ς5’“)
3652 2125 3760 2177 ἄλλ

2216 2218 2422 2285 ἐκείνης
2440 2217 2535 2285 τῆς
2565 2214 2915 2284 ἀρχαιοτάτης
2943 2212 3049 2265 τῶν
3079 2213 3326 2275 Μωσέως
3363 2213 3603 2283 χρόνων
3669 2216 3760 2267 si):

2216 2306 2341 2369 ϐοῦς
2381 2305 2668 2368 πολιτείας,
2701 2304 2838 2357 ὥστε
2877 2303 3012 2374 ὁμοῦ
3046 2305 3139 2355 καὶ
3166 2302 3418 2356 παλαιὰν
3443 2304 3646 2375 αὐτὴν
3686 2304 3760 2359 εἴη

2216 2396 2307 2448 καὶ
2355 2396 2492 2448 νέαν·
2539 2394 2894 2463 παλαιοτάτην
2937 2395 3031 2463 μὲν
3069 2392 3157 2445 διά
3205 2392 3277 2445 τά
3326 2394 3760 2465 ἁποδεδειγμὲπ

2216 2485 2338 2537 νέαν
2372 2485 2427 2536 δὲ
2471 2480 2620 2546 αὖθις
2655 2484 2740 2535 διὰ
2782 2485 2862 2548 τὸ,
2902 2487 3129 2554 μακροῖς
3174 2488 3292 2547 τοῖς
3340 2486 3578 2554 μεταξὺ
3608 2488 3760 2558 χρόν

2217 2575 2399 2647 ὥσπερ
2425 2576 2815 2647 ἀποκρυϐεῖσαν
2842 2576 2901 2639 ἐξ
2932 2574 3252 2646 ἀνθρώπων,
3288 2573 3462 2641 αὖθις
3496 2580 3760 2632 ἁναίεϐι

2217 2666 2366 2718 κέναι
2396 2664 2481 2718 διὰ
2504 2666 2602 2734 τῆς
2631 2666 2722 2717 τοῦ
2743 2666 2989 2735 Σωτῆρος
3007 2665 3160 2735 ⁴ἡμῶν
3179 2665 3593 2730 διδασκαλίας.
3624 2669 3760 2721 Τοῦ⁴

2217 2757 2281 2823 γέ
2305 2773 2384 2808 τοι
2413 2756 2502 2808 τὸν
2538 2754 2732 2825 μεταξὺ
2758 2754 3075 2825 δηλούμενον
3116 2755 3310 2825 χρόνον
3350 2755 3476 2818 ἕως
3534 2758 3760 2811 συνέϐσ

2217 2845 2488 2898 λανθάνειν
2504 2844 2831 2914 ἀνθρώπους,
2855 2844 2945 2896 καίι
2960 2844 3147 2913 ὥσπερ
3176 2844 3522 2915 ὲφησυχάζε
3533 2864 3590 2899 ιν
3617 2849 3729 2901 τὸν
3758 2872 3759 2879 η

2218 2933 2420 3002 Καινῆς
2459 2932 2722 3001 Διαθήκης
2751 2933 2965 3011 τρόπον,
3011 2933 3039 2984 ὁ
3068 2934 3314 2997 Μωσέως
3344 2936 3411 2988 ὲν
3472 2936 3569 3007 τῷ
3633 2955 3760 3009 μετ.

2219 3021 2581 3090 παρεισελθὼν
2608 3023 2787 3091 νόμος,
2815 3018 2902 3074 οἷά
2921 3040 3002 3084 τις
3023 3023 3232 3093 νηπίων
3255 3026 3358 3077 καὶ
3380 3026 3638 3081 ἀτελῶν
3655 3029 3760 3099 ψυ;

2222 3111 2503 3180 ἐπίτροπος
2522 3112 2613 3163 καὶ
2631 3112 2924 3181 οἰκονόμος,
2949 3111 2981 3181 ἢ
3001 3112 3096 3164 καὶ
3115 3112 3323 3183 ἰατρὸς,
3343 3114 3523 3187 δεινῇ
3554 3119 3673 3170 καὶ
3690 3120 3760 3171 Al

2226 3202 2424 3269 πτιακῇ
2446 3201 2581 3268 νόσῳ
2602 3202 2990 3271 τετρυχωμένῳ
3016 3201 3092 3271 τῷ
3120 3205 3285 3255 παντὶ
3320 3205 3656 3260 Ἰουδαίων
3694 3209 3760 3262 ἕθ

2182 3310 2187 3313 ·
2225 3291 2405 3352 αὐτοῖς
2435 3290 2497 3359 δὴ
2527 3294 2637 3352 τοῖς
2668 3290 2761 3342 τοῦ
2821 3291 3065 3362 Ἀϐραὰμ
3103 3294 3409 3361 ἀπογόνοις
3454 3298 3551 3369 μὴ
3600 3300 3760 3363 οἵοις

2223 3374 2367 3433 οὖσιν
2395 3379 2588 3450 ὁμοίως
2618 3382 2726 3441 τοῖς
2766 3381 3101 3450 προπάτορσι
3145 3384 3506 3453 κατορθοῦν,
3565 3390 3685 3443 τὸν
3739 3392 3760 3444 ί

2225 3472 2488 3543 ϐεϐηκότα
2510 3471 2602 3523 καὶ
2634 3471 2792 3541 ἀτελῆ
2828 3470 2940 3539 βίον
2981 3472 3292 3541 παρεδίδου.
3352 3477 3630 3550 Ἐπειδὴ
3663 3481 3755 3548 γὰ

2223 3566 2287 3634 τῇ
2319 3562 2444 3632 παρ’
2472 3561 2780 3629 Αἰγυπτίοις
2805 3560 3051 3631 διατριϐῇ
3065 3557 3212 3615 οὗτοι
3248 3565 3401 3633 μετὰ
3437 3568 3565 3640 τὴν
3590 3571 3730 3625 τῶν

2226 3651 2391 3722 φιλῶν
2454 3649 2802 3720 προπατόρων
2860 3650 3135 3721 τελευτὴν,
3179 3656 3306 3716 ταῖς
3399 3658 3757 3727 Αἰγύπτια

2225 3738 2615 3810 ὁμοιοτροπίαις
2635 3738 2982 3806 ἀπαχθέντες,
3000 3740 3202 3812 ὲπὶτὴν
3224 3743 3561 3813 πολύθεον,
3587 3751 3688 3815 ὡς
3722 3755 3751 3805 ἕ

2225 3830 2632 3897 δεισιδαιμονίαν
2664 3829 3146 3895 ἀποπεπτώκεσαν,
3176 3833 3252 3896 ὼς
3287 3837 3488 3906 μηδὲν
3535 3843 3680 3895 τῶν
3718 3848 3760 3896 Α

2227 3919 2392 3973 πτίων
2420 3918 2575 3971 πλέον
2604 3917 2745 3987 ἔχειν
2787 3919 2979 3981 δοκεῖν,
3023 3924 3310 3988 γεγονέναι
3355 3929 3423 3981 δὲ
3476 3936 3677 3990 κατὰ
3708 3956 3760 3990 π

2226 4009 2439 4080 ὁμοίους
2465 4009 2660 4098 αύτοίς,
2693 4009 2830 4062 κατά
2855 4027 2914 4062 τε
2946 4010 3043 4080 τὴν
3072 4012 3180 4064 τῶν
3212 4015 3485 4074 εἰδώλων
3515 4025 3755 4098 πλάνη

2226 4115 2285 4151 τε
2307 4101 2417 4187 τοῖς
2445 4097 2619 4187 ἄλλοις
2652 4100 3068 4187 ἐγχειρήμασιν·
3100 4103 3361 4172 εἰκότως,
3394 4108 3655 4187 ὥσπερ
3694 4097 3760 4171 hs

2231 4187 2322 4239 θοῦ
2359 4182 2537 4240 κακῶν
2568 4185 2903 4256 ἀνιμώμενος
2931 4188 3125 4252 αὐτοὺς
3149 4192 3178 4242 ό
3198 4192 3462 4265 Μωσῆς,
3506 4182 3760 4273 ἀφίσττ

2229 4276 2328 4345 τῆς
2358 4274 2513 4329 ἀθέου
2555 4274 2854 4336 πολυθεϊας,
2892 4275 3061 4344 ἀνῆγε
3092 4277 3148 4330 δὲ
3194 4281 3292 4333 ἐπὶ
3326 4285 3446 4338 τὸν
3493 4292 3760 4348 πάντα)⁴

2236 4363 2485 4435 μιουργὸν
2533 4363 2681 4427 Θεὸν,
2727 4365 2936 4435 πρῶτον
2973 4366 3181 4419 ἐκεῖνον
3227 4369 3477 4442 βαθμὸν
3549 4384 3760 4438 εὐσεε

3742 4423 3760 4438 Δ

607 4456 931 4513 TeStamenti
952 4471 1087 4519 mos,
1110 4464 1169 4510 ut
1197 4456 1438 4508 homines
1462 4455 1670 4514 lateret,
1698 4463 1749 4506 et
1777 4452 1932 4522 quasi
1954 4452 2121 4520 quiete

2233 4454 2306 4516 ὼς
2346 4454 2402 4505 ὲν
2443 4455 2764 4520 εἰσαγωγαῖς
2806 4454 2896 4506 καὶ
2930 4454 3257 4525 προθύροις,
3306 4463 3443 4518 τῶν
3489 4471 3760 4531 τελεωστ

608 4564 672 4603 ac
726 4548 940 4604 silentio
986 4554 1275 4609 teneretur,
1315 4546 1532 4600 evenit:
1576 4543 1738 4598 Mosis
1800 4544 1999 4598 interea
2042 4545 2121 4598 lex

2232 4541 2676 4612 προϐεϐλημένος.
2714 4543 2938 4594 Ἔπειτα
2980 4544 3039 4595 οὐ
3094 4548 3380 4618 φονεύειν,
3423 4559 3510 4611 οὐ
3567 4580 3760 4637 μοιχε

607 4639 849 4708 ingressa
889 4638 1042 4708 quasi
1085 4637 1366 4707 puerilium
1418 4634 1952 4701 imperfectorumque
2015 4633 2130 4688 ani-

609 4741 819 4781 marum
873 4727 1108 4781 curatrix
1157 4724 1433 4794 quaedam,
1484 4731 1537 4778 et
1596 4723 1980 4792 gubernatrix,
2038 4730 2131 4777 aut

612 4818 770 4870 etiam
803 4816 995 4873 medici
1033 4813 1315 4883 cujusdam
1350 4812 1542 4874 instar,
1584 4814 1730 4881 gravi
1784 4812 2133 4882 Egyptiaco-

586 4920 715 4972 eque
740 4907 851 4976 17
892 4906 1082 4961 morbo
1104 4903 1362 4958 laboranti
1391 4902 1651 4957 universa
1689 4901 1993 4957 Judaeorum
2034 4918 2133 4957 na-

610 4994 767 5057 tioni,
815 4997 947 5064 ipsis
985 4997 1228 5052 videlicet
1264 4993 1490 5047 Abrahze
1528 4995 1838 5062 nepotibus,
1883 5002 1937 5048 et
1979 4995 2046 5047 ab
2070 5008 2133 5047 eo

613 5098 781 5151 genus
825 5074 1174 5149 trahentibus,
1218 5083 1306 5154 qui
1359 5098 1463 5136 non
1504 5082 1944 5151 quemadmodum
1975 5083 2134 5150 primi

615 5178 814 5238 patres,
840 5169 913 5222 ita
950 5172 1050 5239 ipsi
1085 5190 1258 5239 suam,
1283 5187 1402 5240 quae
1433 5170 1721 5227 subsecuta
1747 5177 1848 5235 est,
1880 5170 2132 5238 imperfe-

615 5261 836 5312 ctiorcm
863 5258 1028 5311 vitam
1058 5261 1286 5331 dirigere
1323 5272 1585 5334 poterant,
1632 5259 1826 5317 tradita
1869 5264 1968 5312 est.
2001 5257 2134 5311 Nam

614 5350 741 5416 quia
774 5363 898 5402 cum
930 5345 1192 5418 Egyptiis
1234 5365 1504 5412 versantes
1546 5362 1665 5426 post
1705 5356 2008 5405 sanctorum
2038 5346 2138 5400 Pa-

2231 4633 2290 4732 οὐ
2334 4631 2608 4732 κλέπτειν,
2657 4633 2755 4732 at?!
2802 4634 3118 4732 éﬁ‘Cfo5tVs_
3151 4637 3257 4689 οὐκ
3295 4631 3616 4719 ἇρῤεναξ

2235 4721 2623 4791 ἐπιμαίνεσθαι,
2655 4723 2712 4774 οὐ
2754 4721 3038 4792 μητράσιν,
3065 4724 3166 4777 οὐκ
3207 4727 3527 4803 ἀδελφαῖς
3550 4781 3573 4806 ,
3621 4749 3707 4800 οὺ
3729 4721 3760 4795 ’ς

2236 4811 2421 4882 τράσιν
2473 4810 2870 4881 ἐπιμίγνυσθαι,
2929 4813 3035 4864 οὐδ’
3076 4815 3178 4867 ὅσα
3222 4823 3506 4882 τοιαῦτα
3579 4840 3741 4904 τοῖς

2234 4901 2489 4971 πράττειν
2539 4900 2683 4968 ἐξῆν,
2729 4900 2942 4968 ἀφόϐως
2990 4902 3309 4974 συνεχώρει.
3359 4900 3760 4988 Παραλαεξέ

2232 4989 2292 5053 ἐξ
2319 4989 2586 5059 ἀνημέρου
2616 4989 3029 5081 καὶλθηριώδους
3051 4992 3164 5061 βίου
3182 4993 3658 5081 λογικωτέραν
3694 5036 3760 5074 χι

2233 5097 2391 5150 νόμον
2424 5080 2481 5131 ὲν
2518 5081 2625 5141 τοῖς
2672 5079 2787 5131 τότε
2828 5082 3037 5151 χρόνοις
3080 5081 3403 5155 πολιτείαν,
3472 5079 3760 5170 ἠρῶ-το,

2233 5171 2333 5239 γῆς
2367 5169 2453 5221 διὰ
2476 5168 2692 5239 γραφῆς
2725 5173 3114 5240 συνεστήσατο,
3147 5169 3305 5227 ούπω
3350 5183 3523 5240 τότε
3544 5168 3760 5254 -πᾶσι

2238 5257 2469 5328 θρώποις
2516 5258 2775 5325 ἐκφανοῦς
2823 5260 2971 5323 ὄντος
3026 5257 3145 5311 οὐδὲ
3183 5262 3283 5315 τοῦ
3333 5282 3627 5337 τοιονδὶ
3686 5308 3760 5363 τε

2240 5343 2303 5363 nr
2400 5345 2443 5363 δε
2490 5347 2501 5362 ι
2565 5346 2575 5363 π
2655 5349 2667 5363 ν
2739 5348 2793 5363 κ’
2935 5352 2945 5363 ⁸
3103 5346 3116 5363 ¹
3237 5351 3248 5363 “
3380 5360 3421 5363 μ

2240 5343 2366 5435 Εἶτα
2395 5345 2451 5397 δὲ
2473 5346 2616 5398 eos,
2644 5348 2882 5404 ἀτελέσιν
2923 5346 3165 5402 ἀπειπὼν
3196 5351 3299 5423 τὴν
3337 5343 3760 5435 εἰδωλολαὲ

614 5444 759 5492 trum
792 5444 1037 5501 mortem,
1069 5436 1499 5508 Egyptiacorum
1543 5456 1750 5499 morum
1795 5436 2121 5492 similitudini

2241 5434 2446 5496 θυσίαις
2491 5435 2580 5487 καί
2621 5454 2727 5489 τισι
2780 5436 3248 5510 σωματικωτέροις
3293 5446 3401 5501 τὸν
3463 5455 3619 5516 ἕνα.

687 5528 733 5563 τ’
766 5525 875 5603 ξρι)
917 5527 1275 5603 επεμβι-ίέδ.
1300 5533 1553 5603 __‘°#ibid.
1592 5534 1680 5587 26.
1752 5530 1794 5560 “
1828 5525 2010 5580 Matth.
2067 5544 2116 5593 v,

2220 5527 2352 5582 544.
2428 5526 2471 5558 ⁸³
2500 5525 2600 5582 Job
2692 5529 3043 5597 xxxr,‘29,30.
3116 5530 3163 5561 ⁸³
3196 5532 3315 5589 Ibid
3379 5541 3515 5603 3‘2.

621 5610 745 5657 xxv,
766 5595 854 5648 55.
924 5595 971 5626 ⁸⁸
995 5594 1095 5650 Job
1124 5613 1269 5662 xxxr,
1300 5598 1487 5654 33-35.

692 5684 833 5752 (5⁸⁸⁸)
868 5682 1020 5736 Οὐδ’.
1046 5682 1200 5739 Forte
1232 5684 1515 5755 legendum
1536 5691 1648 5745 οὐκ.
1687 5692 1839 5748 Eon.

3632 5560 3760 5621 οιῙ
