3870 6314
195 386 335 460 ᾗῖ

1205 403 1840 461 DEMONSTRATIONIS
1875 404 2320 461 EVANGELICA‘I
2360 405 2485 460 LIB.
2527 407 2564 460 Ι.
3396 411 3462 465 58

496 493 629 591 Θεὸν
691 495 1063 591 θεραπεύειν
1143 516 1497 583 παρεκέλευε,
1551 515 1636 568 διά
1684 532 1811 568 τινω

1912 517 2116 590 ἐιιεοιὶ
2138 524 2308 582 erant,
2339 524 2392 570 et
2425 517 2476 569 in
2509 516 2797 570 multorum
2842 518 3084 586 deorum,
3120 527 3176 572 ut
3213 520 3342 584 dixi,
3370 537 3464 576 su-

179 584 684 675 μιὼρρητοτέρων
719 588 838 660 ἰδίᾳ
877 597 1198 664 συμϐόλων
1237 606 1333 674 τὴν
1373 608 1488 659 κατ’
1524 605 1678 659 αὑτὸν
1709 605 1840 675 θρη-

183 674 429 764 animi
443 675 721 764 ἐπιτελεῖν
751 683 1191 758 νομοθετήσας,
1221 694 1285 762 ἢν
1322 696 1411 746 καὶ
1443 674 1753 763 θαυμασίως
1766 674 1840 764 τῷ

187 763 370 839 ,τίεν
391 763 674 833 Πνεῦματι
741 772 1000 827 συνιδὼν
1040 781 1146 832 οὐκ
1185 785 1263 844 είς
1305 785 1518 852 ἄπειρον
1551 784 1655 836 δεῖν
1693 801 1841 850 περι-

198 867 410 926 gmw,
442 855 528 923 ὑφ’
564 856 669 910 ἕνα
699 860 884 914 τόπον
908 869 1314 940 περιέγραψεν,
1357 875 1537 942 ὁρίσας
1571 875 1642 944 μὴ
1681 873 1838 926 ἀλλα-

211 947 370 1028 ιόσε
397 947 668 1032 συντελεῖν
711 950 788 1002 τὰ
834 956 972 1007 κατ’
1005 959 1174 1013 αὐτὸν
1202 962 1400 1031 νόμιμα
1433 963 1465 1031 ἢ
1498 965 1554 1014 ὲν
1590 964 1727 1032 μόνῳ
1761 964 1838 1016 ἐνὶ

225 1035 414 1105 ξόαν’
439 1030 590 1098 οὗτος
629 1037 673 1090 δ’
705 1035 781 1108 ἦν
822 1044 855 1094 ὁ
886 1046 951 1098 ὲν
993 1030 1410 1118 ⁹Ῑεροσολύμοις’
1440 1030 1540 1116 ἔξω
1573 1030 1627 1103 δὲ
1654 1030 1836 1106 τούτου

187 1129 190 1134 ’
244 1125 476 1201 panthv
505 1125 630 1178 ὅθεν
681 1131 768 1187 εἰς
796 1131 889 1184 ἔτι
927 1135 1028 1187 καὶ
1073 1137 1229 1206 δεῦρο
1255 1140 1432 1191 παισὶν
1477 1140 1732 1210 Ἐϐραίων
1776 1144 1834 1194 οὐ

259 1215 473 1284 θεμιτὸν
508 1217 707 1269 ἄλλοσε
769 1222 944 1285 ἐκτὸς
976 1225 1079 1294 τῆς
1118 1227 1494 1298 καθῃρημένης
1526 1231 1697 1282 αὐτῶν
1732 1250 1834 1302 μη-

261 1306 558 1374 τροπόλεως
589 1306 722 1359 οῦτε
770 1309 934 1364 θύειν
976 1314 1120 1366 κατὰ
1153 1316 1242 1368 τὸν
1286 1317 1462 1385 νόμον,
1511 1317 1630 1369 οὔτε
1677 1319 1832 1388 ἱερὸν,

204 1399 222 1462 j
261 1396 388 1452 ain:
417 1395 810 1468 θυσιαστήριον
847 1402 1109 1472 ἐγείρειν,
1137 1402 1257 1456 οὕτε
1290 1405 1458 1474 χρίειν
1493 1407 1684 1475 ἱερέας,
1713 1408 1832 1461 οὔτε

272 1486 531 1556 βασιλέας,
577 1487 709 1540 οὔτε
757 1490 864 1553 τὰς
921 1493 1063 1546 κατὰ
1115 1495 1310 1546 Μωσέα
1359 1498 1680 1567 πανηγύρεις
1741 1503 1832 1554 καὶ

287 1576 446 1646 ἑορτὰς
476 1577 751 1641 ἐκτελεῖν,
777 1581 852 1656 of)
903 1583 1142 1651 μιασμοῦ
1171 1583 1536 1653 καθαίρεσθαι,
1569 1588 1628 1638 οὐ
1657 1588 1832 1658 πλημ-

296 1669 476 1736 μελείας
500 1669 876 1734 ἀπολύεσθαι,
902 1673 964 1724 οὐ
983 1673 1128 1744 δῶρα
1151 1674 1225 1743 τῷ
1238 1675 1351 1744 Θεῷ
1377 1679 1710 1748 προσφέρειν,
1739 1681 1830 1750 οὐχ

293 1757 525 1809 ἱλεοῦσθαι
574 1760 727 1812 κατὰ
773 1761 848 1812 τὰ
889 1762 1364 1831 νενομοθετημένα.
1416 1766 1610 1836 Διόπερ
1643 1769 1734 1820 καὶ
1766 1773 1828 1839 τῇ

284 1846 494 1909 Μωσέως
520 1849 767 1911 εἰκότως
802 1850 1196 1920 ὑποϐέϐληνται
1234 1853 1460 1924 κατάρᾳ,
1486 1857 1541 1906 ὲν
1568 1857 1718 1926 μέρει
1736 1858 1828 1926 μὲν
1860 1881 1899 1934 Β

285 1934 539 2002 φυλάττειν
570 1938 705 1989 τινὰ
741 1939 1095 2008 πειρώμενοι,
1124 1943 1180 1992 ὲν
1207 1942 1263 1993 δὲ
1288 1945 1396 2004 τοῖς
1426 1945 1563 2006 ὅλοις
1596 1962 1826 2015 παρανο-

284 2025 498 2092 μοῦντες,
543 2027 860 2098 διαρρήδην
899 2031 1134 2092 Μωσέως
1176 2032 1602 2100 ἀποφηναμένου·
1633 2053 1652 2084 ι
1710 2036 1825 2086 ’Ότι

277 2113 325 2182 δὴ
356 2116 770 2185 ὲπικατάρατος
808 2120 938 2182 πᾶς,
971 2120 1029 2180 ὃς
1058 2120 1155 2171 οὐκ
1202 2122 1423 2189 έμμενεῖ
1451 2124 1506 2174 ἐν
1539 2125 1669 2175 πᾶσι
1715 2127 1825 2186 τοῖς

277 2203 739 2273 ἐγγεγραμμένοις
770 2208 851 2276 τῷ
873 2208 1040 2277 νόμῳ,
1071 2209 1160 2261 τοῦ
1194 2211 1410 2278 ποιῆσαι
1442 2213 1593 2265 αὐτά.
1636 2232 1656 2263 ι
1687 2214 1823 2265 Τού-

269 2304 355 2350 τοις
387 2290 443 2341 δὲ
479 2293 622 2344 πᾶσι
678 2294 1194 2363 περιπεπτὼκασιν,
1227 2297 1388 2349 αὑτοῦ
1414 2299 1650 2361 Μωσέως
1697 2299 1822 2370 θείῳ

269 2375 520 2444 Πνεῦματι
551 2379 980 2448 προειληφότος,
1004 2382 1082 2432 ὅτι
1107 2382 1190 2451 δὴ,
1216 2385 1312 2452 τῆς
1337 2384 1424 2436 διὰ
1452 2387 1681 2455 Χριστοῦ
1700 2389 1823 2440 Και-

266 2464 340 2531 νῆς
375 2466 671 2536 Διαθήκης
708 2469 1138 2539 ὰνανεωθείσης,
1174 2474 1265 2522 καὶ
1300 2476 1409 2535 τοῖς
1449 2477 1608 2527 πᾶσιν
1651 2477 1820 2528 ἔθνεσι

264 2554 753 2623 καταγγελθείσης,
790 2559 1014 2626 περιττή
1050 2574 1129 2618 τις
1161 2558 1308 2611 ἔσται
1337 2562 1369 2629 ή
1405 2561 1528 2613 κατ’
1555 2564 1712 2616 αὑτὸν
1740 2582 1822 2616 νο-

263 2641 467 2707 μοθεσία
492 2660 508 2672 ο
539 2645 614 2713 ἣν
647 2646 880 2706 εἰκότως
908 2647 996 2714 ὑφ’
1028 2647 1120 2698 ἕνα
1147 2649 1306 2700 τόπον
1340 2651 1656 2720 περιώρισεν
1676 2693 1689 2715 ,
1715 2656 1818 2715 ἵνα,

256 2729 421 2783 εἴποτε
463 2733 676 2784 τούτου
707 2734 1040 2804 στερηθεῖεν,
1075 2737 1165 2788 καὶ⁸
1203 2738 1599 2793 ἀποκλεισθεῖεν
1626 2743 1721 2811 τῆς
1746 2745 1820 2794 οὶ-

257 2822 391 2884 κείας
416 2823 777 2894 ἐλευθερίας,
813 2825 1004 2894 μηκέτ’
1031 2827 1208 2889 αὐτοῖς
1237 2828 1354 2892 ἐξὸν
1383 2830 1466 2899 εἴη
1495 2833 1584 2883 ἐπὶ
1608 2833 1704 2901 τῆς
1739 2833 1820 2886 ἀλ-

254 2907 472 2980 λοδαπῆς
501 2913 579 2964 τὰ
610 2915 741 2966 κατ’
773 2914 935 2968 αὑτὸν
959 2916 1162 2985 νόμιμα
1196 2919 1486 2981 συντελεῖν,
1514 2921 1586 2982 ὡς
1629 2923 1721 2973 καὶ
1761 2921 1820 2986 ἐξ

251 2998 481 3070 ἀνάγκης
503 3001 611 3070 τὴν
640 2999 905 3072 δευτέραν
929 3003 1196 3074 Διαθήκην
1223 3005 1318 3074 τὴν
1343 3007 1428 3058 διὰ
1460 3009 1688 3078 Χριστοῦ
1721 3028 1816 3063 κα-

251 3091 430 3158 τηγγε)
443 3093 633 3161 μένην
659 3093 912 3159 γενέσθαι
931 3094 1302 3162 παραδεκτέον.
1320 3099 1457 3150 Αὐτὸ
1477 3099 1538 3168 δὴ
1555 3097 1644 3153 οῦν
1665 3101 1818 3154 τοῦτο

1940 606 2301 672 perstitionem
2332 604 2657 667 deciderant,
2688 605 2819 658 adeo
2864 607 3097 674 quidem,
3124 616 3182 661 ut
3203 608 3462 678 Egyptiis

1939 695 2164 762 amplius
2197 694 2328 746 nihil
2376 693 2588 756 habere,
2616 701 2669 747 et
2703 693 2808 748 illis
2852 697 2903 746 in
2949 699 3195 751 omnibus
3238 685 3458 766 similes,

1938 792 2048 836 tum
2094 784 2148 836 in
2183 798 2363 837 errore
2394 783 2824 845 simulacrorum,
2867 791 2976 836 tum
3009 785 3060 837 in
3104 788 3223 841 aliis
3249 803 3461 856 quoque

1937 872 2263 926 facinoribus
2300 875 2535 927 evasisse
2575 873 2927 926 viderentur:
2958 875 3144 927 merito
3191 878 3342 944 quasi
3395 893 3462 932 ex

1936 959 2196 1028 profundo
2219 961 2479 1012 malorum
2517 960 2660 1027 ipsos
2708 959 2960 1012 hauriens
2986 958 3177 1024 Moses,
3201 963 3266 1016 ab
3302 964 3463 1031 impia

1935 1049 2153 1102 deorum
2177 1048 2513 1102 multitudine
2534 1049 2749 1110 amovit,
2781 1055 2832 1100 et
2863 1047 2928 1099 ad
2956 1049 3197 1116 opiﬁcem
3229 1052 3462 1106 universi

1933 1137 2098 1191 Deum
2133 1138 2363 1204 reduxit,
2404 1138 2781 1205 perfectiorum
2829 1138 3040 1189 illorum
3084 1137 3268 1200 vitam,
3305 1141 3460 1208 quasi

1933 1227 1986 1280 in
2021 1228 2347 1296 ingressibus
2392 1237 2443 1281 et
2492 1227 2789 1288 vestibulis,
2831 1241 2927 1293 pro
2950 1226 3121 1294 primo
3148 1226 3313 1294 gradu
3347 1229 3460 1296 pie-

1931 1317 2056 1370 tatis
2087 1315 2363 1384 ohjieiens.
2393 1315 2592 1370 Deinde
2621 1331 2724 1370 non
2759 1315 3020 1377 occidere,
3045 1329 3148 1367 non
3181 1315 3456 1381 mmchari,

1930 1420 2036 1458 non
2081 1405 2271 1468 furari,
2317 1420 2424 1457 non
2463 1407 2720 1474 peierare,
2760 1420 2867 1457 non
2906 1418 3082 1458 mares
3126 1405 3179 1456 in
3222 1405 3460 1460 maribus

1931 1495 2184 1556 insanire,
2206 1509 2310 1548 non
2343 1495 2623 1556 matribus,
2656 1508 2758 1546 non
2790 1493 3083 1557 sororibus,
3115 1508 3220 1546 non
3250 1492 3460 1548 ﬁliabus

1928 1584 2143 1638 misceri
2176 1601 2190 1637 :
2222 1597 2320 1637 nec
2369 1584 2473 1635 alia
2516 1583 2822 1651 hujusmodi
2867 1597 3198 1652 quaecunque
3241 1583 3459 1651 impune

1928 1671 1995 1724 ab
2029 1672 2236 1724 illorum
2264 1679 2559 1740 temporum
2581 1672 2881 1725 hominibus
2906 1672 3163 1724 committi
3190 1678 3456 1738 poterant,

1928 1763 2202 1829 permisit:
2245 1769 2516 1831 acceptam
2562 1776 2688 1816 vero
2733 1777 2798 1815 ex
2839 1761 3028 1813 immiti
3071 1769 3124 1814 et
3168 1761 3279 1814 fera
3329 1761 3455 1824 vita,

1928 1852 2123 1904 rationi
2157 1853 2326 1920 magis
2353 1852 2714 1920 conjunctam,
2751 1850 3012 1918 bonisque
3037 1851 3350 1904 innitentem
3379 1851 3457 1904 le-

1925 1941 2100 2010 gibus,
2135 1957 2230 2010 per
2259 1942 2347 1994 illa
2392 1950 2629 2009 tempora
2671 1939 2878 1992 civilem
2916 1939 3305 1992 institutionem
3345 1939 3458 2007 pri-

1922 2043 2041 2081 mus
2077 2029 2129 2082 in
2158 2030 2316 2083 terris
2357 2030 2556 2097 scripto
2589 2028 2995 2091 commendavit,
3032 2028 3121 2096 qui
3167 2042 3294 2080 sane
3336 2041 3453 2082 nios

1921 2117 2168 2172 omnibus
2181 2118 2485 2172 hominibus
2505 2117 2736 2169 nondum
2763 2117 2895 2170 satis
2919 2124 3076 2170 notus
3092 2124 3226 2168 erat.
3252 2115 3454 2169 Deinde

1923 2205 2074 2273 quasi
2116 2204 2441 2272 imperfectis
2482 2204 2608 2266 illis,
2641 2202 3051 2254 simulacrorum
3093 2201 3238 2252 cultu
3285 2200 3454 2252 inter-

1921 2295 2086 2356 dicto,
2120 2309 2214 2362 per
2242 2294 2483 2362 quaedam
2524 2306 2719 2344 arcana
2755 2306 2995 2344 seorsum
3041 2291 3215 2358 signa,
3242 2297 3334 2341 aut
3365 2303 3453 2340 re-

1921 2383 2166 2452 ligionem
2205 2397 2363 2450 quam
2394 2381 2507 2449 ipse
2536 2378 2790 2448 probabat
2817 2379 3314 2446 complecterentur,
3331 2376 3448 2430 edi-
3516 2406 3526 2416 -

1920 2490 2067 2536 cens,
2101 2473 2380 2530 sacriﬁciis
2418 2482 2470 2526 et
2506 2471 2822 2540 quibusdam
2872 2467 3241 2536 corporalibus
3280 2481 3446 2520 carro-

1920 2565 2134 2630 moniis,
2169 2578 2331 2616 unum
2362 2576 2522 2629 supra
2545 2561 2721 2613 omnia
2753 2559 2914 2612 Deum
2943 2564 3000 2609 ut
3028 2557 3285 2616 colerent,
3308 2571 3442 2624 prm-

1919 2654 2089 2722 ccpit;
2119 2667 2274 2720 quam
2309 2665 2438 2704 sane
2471 2649 2779 2718 religionem
2813 2661 2932 2699 eum
2965 2644 3346 2698 admirabiliter
3375 2644 3452 2698 di-

1916 2744 2040 2797 vino
2088 2741 2324 2794 monitus
2366 2739 2588 2807 spiritu,
2633 2750 2738 2789 non
2781 2736 2836 2788 in
2884 2741 3198 2802 perpetuum
3241 2733 3447 2787 servari

1917 2838 2162 2898 Oportere
2207 2828 2565 2895 intelligeret:
2603 2840 2767 2878 unum
2805 2823 3063 2876 duntaxat
3104 2820 3446 2874 circumscri-

1915 2919 2020 2987 psit
2042 2918 2237 2983 locum,
2281 2915 2462 2969 addito
2492 2921 2774 2984 praecepto,
2806 2927 2872 2965 ne
2897 2927 3121 2979 usquam
3162 2910 3288 2964 alibi
3328 2925 3444 2974 eos,

1915 3009 2007 3076 qui
2037 3007 2103 3060 ab
2140 3007 2256 3074 ipso
2295 3006 2644 3059 tradebantur
2673 3003 2830 3065 ritus,
2874 3017 3032 3069 quam
3067 3010 3210 3054 certo
3254 3001 3345 3054 illo
3390 3001 3445 3052 in

1915 3097 2032 3150 loco
2060 3095 2374 3165 perﬁcerent
2409 3111 2423 3146 :
2455 3095 2542 3148 hic
2572 3103 2745 3148 autem
2774 3100 2888 3146 erat
2921 3091 3324 3160 Hierosolymis,
3352 3106 3444 3144 ex-

247 3179 475 3244 Μωσέως
505 3185 1016 3251 προηγορευκότος,
1050 3186 1180 3254 ὁμοῦ
1240 3203 1294 3238 τε
1326 3190 1354 3239 6
1376 3190 1600 3257 Χριστὸς
1628 3191 1811 3261 ἐπεδή-

1917 3193 2001 3237 tra
2044 3185 2186 3238 hunc
2217 3199 2344 3238 vero
2379 3184 2686 3253 neutiquam
2717 3202 2730 3237 :
2757 3198 2823 3237 ex
2863 3197 2968 3251 quo
3003 3182 3175 3234 adhuc
3208 3179 3443 3234 Hebraeis

248 3287 322 3336 μει
357 3273 438 3340 τῷ
469 3272 601 3341 βίῳ,
639 3273 738 3324 καὶ
769 3273 866 3340 τῆς
909 3275 1114 3344 Καινῆς
1140 3276 1408 3346 Διαθήκης
1463 3279 1814 3348 προεϐάλλετο

245 3365 338 3424 τοῖς
393 3362 586 3414 ἔθνεσι
645 3362 1003 3425 διδασκαλία,
1056 3367 1394 3436 παραχρῆμά
1436 3385 1494 3418 τε
1560 3369 1811 3437 Ῥωμαῖοι

242 3448 327 3518 τὴν
347 3451 504 3502 πόλιν
528 3452 761 3512 ἑλόντες
786 3451 1065 3523 πολιορκίᾳ
1083 3455 1329 3508 καθεῖλον
1351 3457 1415 3508 τὰ
1449 3457 1706 3526 Ἱεροσόλυ
1716 3476 1809 3527 μα,

241 3542 325 3592 καὶ
356 3541 442 3592 τὸν
472 3541 679 3592 αὐτόθι
716 3539 854 3592 νεών
874 3558 886 3570 ·
920 3541 1106 3596 λέλυτό
1133 3562 1192 3596 τε
1238 3547 1431 3598 αὐτίκα
1455 3550 1600 3598 πᾶσα
1627 3550 1657 3611 ἡ
1688 3550 1813 3600 Μω-

243 3629 373 3692 σέως
393 3631 671 3693 διάταξις,
709 3633 804 3683 καὶ
825 3631 892 3683 τὰ
913 3633 1010 3701 τῆς
1038 3634 1274 3697 Παλαιᾶς
1302 3637 1592 3706 περιῄρητο
1623 3639 1812 3707 Διαθή-

241 3735 352 3789 κης,
385 3721 455 3773 τά
497 3739 562 3772 τε
607 3723 714 3790 τῆς
760 3724 900 3791 ἀρᾶς
943 3725 1127 3794 μετῄει
1173 3727 1297 3790 τοὺς
1338 3727 1485 3796 παρὰ
1529 3729 1714 3798 καιρὸν
1745 3730 1810 3782 τὰ

239 3807 472 3872 Μωσέως
514 3811 788 3879 πράττειν
825 3813 1284 3881 παρανομοῦντας,
1346 3816 1424 3876 εἰς
1461 3815 1594 3867 αὐτὰ
1630 3816 1806 3884 βιαζο-

237 3985 352 4049 νέας
377 3988 473 4039 καὶ
504 3987 766 4049 ἐντελοῦς
791 3988 1135 4053 διδασκαλίας
1159 3992 1228 4043 τὰ
1255 3992 1475 4061 νόμιμα.
1507 3994 1699 4064 Διόπερ
1728 3997 1804 4046 εἰ-

237 4072 398 4134 κότως
433 4073 463 4123 6
492 4073 698 4142 Σωτὴρ
731 4075 824 4126 καὶ
857 4075 1060 4144 Κύριος
1105 4077 1262 4146 ἡμῶν
1306 4081 1416 4141 τοῖς
1456 4080 1711 4150 οἰομένοις
1747 4083 1804 4134 ὲν

238 4161 365 4230 μόνῃ
388 4164 456 4230 τῇ
501 4161 891 4232 Ἰερουσαλὴμ,
919 4165 952 4233 ἢ
983 4167 1038 4218 ἐν
1063 4166 1211 4234 ὅρεσί
1236 4185 1377 4220 τισιν
1415 4169 1446 4237 ἢ
1485 4170 1664 4233 τόποις
1704 4171 1804 4239 ἀφ-

232 4252 554 4320 ωρισμένοις
578 4253 694 4304 δεῖν
719 4253 810 4305 τὸν
825 4254 958 4308 Θεὸν
981 4259 1322 4325 προσκυνεῖν,
1353 4259 1508 4328 φησιν
1526 4277 1539 4290 ⁸
1573 4279 1592 4311 ι
1621 4263 1804 4331 Ἔρχε-

233 4352 316 4390 ται
336 4338 478 4407 ὥρα,
515 4341 615 4391 καὶ
643 4339 741 4391 νῦν
779 4341 947 4404 ἐστιν,
972 4343 1058 4394 ὅτε
1101 4345 1150 4395 οἱ
1176 4344 1413 4413 ἀληθινοὶ
1445 4349 1801 4418 προσκυνηταὶ

236 4431 710 4497 προσκυνήσουσιν
740 4428 863 4480 οὔτε
903 4432 960 4482 ὲν
992 4431 1070 4499 τῷ
1108 4431 1223 4498 ὄρει
1251 4433 1439 4503 τούτῳ,
1469 4435 1588 4488 οὔτε
1613 4439 1668 4489 ὲν
1707 4438 1800 4489 Ἰε-

238 4518 509 4586 ρουσαλὴμ
536 4517 634 4586 -τῷ
668 4519 844 4588 Πατρί
865 4536 878 4546 ·
920 4519 1143 4589 πνεῦμα
1172 4521 1278 4591 γὰρ
1305 4525 1332 4575 6
1359 4525 1506 4590 Θεὸς,
1555 4527 1646 4579 καὶ
1677 4529 1798 4590 τοὺς

236 4604 673 4670 προσκυνοῦντας
720 4606 906 4666 αὑτὸν,
931 4608 992 4657 ὲν
1034 4607 1302 4676 πνεύματι
1344 4613 1433 4664 καὶ
1464 4613 1681 4685 ἀληθεία
1721 4618 1800 4669 δεῖ

234 4694 571 4758 προσκυνεῖν.
617 4711 636 4742 ι
673 4694 782 4745 Καὶ
812 4694 990 4747 ταῦτα
1026 4696 1316 4764 φήσαντος,
1349 4704 1677 4772 παραχρῆμα
1707 4707 1797 4759 καὶ

231 4779 317 4830 οὐκ
351 4781 434 4842 είς
465 4781 684 4849 μακρὸν
734 4782 1215 4851 πολιορκηθέντων
1246 4785 1350 4837 τῶν
1402 4789 1794 4862 Ἱεροσολύμων,

227 4866 375 4919 τοῦτ’
406 4870 600 4920 αὐτόθι
635 4871 1007 4939 ἁγιὰσματος,
1046 4872 1248 4924 καὶτοῦ
1281 4874 1408 4942 πρὸς
1441 4879 1582 4948 αὐτῷ
1612 4880 1794 4934 θυσια-

231 4959 466 5027 στηρίου,
496 4959 599 5027 τῆς
621 4977 680 5010 τε
713 4959 860 5010 κατὰ
920 4961 1142 5012 Μωσέα
1167 4961 1404 5032 λατρείας
1431 4968 1567 5020 κατὰ
1590 4971 1683 5040 τὴν
1703 4974 1797 5024 αῦ-

223 5045 305 5097 τοῦ
342 5048 594 5110 Μωσέως
631 5049 890 5114 διάταξιν
960 5053 1402 5120 περιῃρημένης,
1433 5057 1690 5125 ἀνέφανεν
1718 5063 1796 5124 εἰς

223 5135 410 5199 πάντας
423 5137 753 5207 ἀνθρώπους
770 5138 871 5189 καὶ
887 5136 1213 5206 ἐξέλαμψεν
1227 5143 1256 5208 ἡ
1272 5141 1559 5210 ἀρχέτυπος
1573 5149 1678 5200 τῶν
1694 5152 1794 5218 πρὸ

219 5223 436 5290 Μωσέως
476 5227 752 5294 θεοφιλῶν
797 5226 1040 5295 ἀνδρῶν
1072 5227 1325 5292 εὐσέϐεια,
1353 5231 1384 5298 ἦ
1415 5249 1474 5284 τε
1524 5235 1588 5286 δι’
1628 5240 1794 5309 αὐτῆς

203 5321 314 5371 πᾶσι
328 5321 440 5382 τοῖς
451 5318 581 5370 ἔθνε
592 5334 680 5368 σιν
699 5314 975 5382 έπηγγελ
984 5313 1136 5382 μένη
1148 5314 1462 5382 εὐλογία,ἁπὸ
1477 5322 1566 5374 τοῦ
1581 5325 1792 5393 πρώτου

183 5408 382 5478 βαθμοῦ
415 5408 516 5459 καὶ
551 5406 674 5458 ἀπὸ
713 5404 823 5469 τῆς
859 5399 1115 5468 πρώτης
1145 5408 1502 5472 στοιχειώσεως
1517 5412 1612 5479 τῆς
1645 5415 1784 5467 κατὰ

184 5497 356 5552 mea
390 5493 677 5564 λατρείας
722 5490 828 5540 ἐπὶ
878 5488 982 5538 τὸν
1038 5489 1306 5557 κρείττονα
1344 5497 1430 5550 καὶ
1463 5501 1787 5574 τελειότερον

207 5675 248 5706 u
275 5673 444 5728 De".h
486 5675 686 5721 ιχγιι,
715 5657 818 5706 26.

1912 3273 2062 3326 nefas
2089 3279 2191 3334 est,
2223 3279 2374 3324 extra
2422 3271 2661 3339 ipsorum
2695 3285 2939 3324 eversam
2985 3269 3318 3336 tnetropolim
3351 3284 3442 3322 us-

1910 3377 2090 3432 quam,
2123 3369 2214 3416 aut
2242 3378 2306 3414 ex
2342 3363 2454 3430 lege
2497 3361 2820 3424 sacriﬁcare,
2854 3367 2950 3413 aut
2986 3360 3187 3420 fanum,
3230 3372 3441 3411 aramve

1909 3452 2134 3520 erigere,
2168 3458 2259 3502 aut
2290 3451 2596 3504 sacerdotes
2621 3464 2836 3518 regcsve
2874 3450 3150 3515 inungere,
3183 3456 3273 3499 aut
3301 3448 3440 3500 cele-

1909 3541 2131 3595 britates
2159 3539 2507 3606 solenniaque
2537 3555 2629 3606 per
2647 3537 2845 3591 Moscm
2880 3537 3120 3589 instituta
3151 3537 3434 3601 perﬁcere:

1909 3647 2016 3683 non
2047 3630 2112 3682 ab
2133 3629 2305 3696 aliqua
2331 3628 2661 3681 immunditie
2691 3626 2926 3695 purgari,
2954 3640 3061 3678 non
3091 3625 3222 3677 solvi
3254 3640 3283 3677 a
3313 3641 3437 3694 pec-

1907 3729 2046 3781 cato,
2079 3734 2186 3771 non
2207 3717 2392 3770 offerre
2421 3717 2529 3770 Deo
2553 3730 2792 3779 munera,
2827 3731 2933 3769 non
2962 3716 3024 3768 ad
3048 3715 3436 3783 pr0pitiandum

1907 3806 2108 3876 aliquid
2136 3806 2310 3860 facere
2341 3821 2406 3860 ex
2449 3806 2672 3875 legibus.
2703 3805 2965 3869 Quocirca
3004 3805 3056 3856 in
3094 3803 3256 3858 Mosis
3283 3820 3436 3859 exse»

1905 3899 2192 3952 crationem
2225 3897 2414 3950 merito
2438 3897 2632 3964 relapsi
2662 3896 3050 3964 'uitelliguntur,
3093 3895 3286 3963 quippe
3312 3911 3434 3949 cum

1904 3990 1957 4041 in
1987 3996 2134 4058 parte
2164 3988 2267 4056 18
2293 3987 2505 4056 quidem
2544 3988 2830 4041 observare
2872 3987 3126 4039 nonnulla
3149 3994 3435 4050 conentur,

1903 4077 1959 4131 in
1997 4077 2248 4132 universo
2289 4084 2463 4131 autem
2505 4092 2535 4128 a
2572 4077 2776 4146 legibus
2822 4077 2936 4131 suis
2985 4077 3267 4140 aberrent,
3317 4076 3428 4144 ipsc

1903 4165 2056 4232 plane
2087 4161 2231 4218 Mose
2260 4164 2636 4231 pronuntiante
2669 4170 2828 4232 atque
2857 4162 3149 4216 afﬁrmante
3175 4181 3186 4216 :
3225 4180 3242 4212 ‹
3279 4161 3431 4228 Quod

1900 4253 2242 4308 exsecrabilis
2269 4253 2339 4305 sit
2367 4253 2538 4306 omnis
2555 4253 2860 4320 quicunque
2905 4267 3010 4304 non
3053 4259 3156 4305 stet
3183 4251 3430 4306 omnibus

1899 4357 2016 4410 qua:
2055 4342 2254 4410 scripta
2303 4349 2426 4395 sunt
2463 4343 2517 4394 in
2562 4342 2694 4409 lege,
2726 4349 2784 4394 ut
2824 4356 2886 4396 ea
2933 4341 3169 4393 faciat“.
3207 4359 3224 4392 ›
3269 4339 3427 4408 Lapsi

1900 4439 2075 4491 autem
2096 4432 2207 4500 jam
2234 4439 2360 4484 sunt
2395 4431 2446 4483 in
2477 4431 2588 4484 haec
2621 4431 2820 4493 omnia,
2854 4445 2976 4484 cum
3018 4438 3070 4483 et
3101 4429 3214 4498 ipse
3253 4429 3427 4482 Moses

1828 4493 1871 4546 θ
1899 4521 2077 4574 divino
2097 4493 2303 4588 vSpiritu
2321 4519 2547 4580 aﬂlatus,
2579 4520 2868 4587 providerit
2894 4534 3030 4573 novo
3044 4493 3138 4588 per
3157 4518 3426 4573 Christum

1896 4609 2191 4660 instaurate
2215 4606 2580 4672 Testamento,
2609 4607 2979 4676 universisque
3010 4607 3256 4676 gentibus
3284 4621 3425 4658 nun-

1894 4698 2044 4758 tiato,
2077 4713 2458 4765 supervacuam
2507 4698 2738 4750 futuram
2772 4713 2911 4761 esse,
2953 4712 3068 4766 qua:
3093 4696 3158 4748 ah
3181 4696 3295 4763 ipso
3323 4709 3422 4762 νο-

1895 4787 1998 4840 sita
2028 4796 2130 4849 est,
2162 4788 2333 4856 legum
2363 4787 2810 4848 observationem,
2839 4802 2997 4854 quam
3025 4801 3131 4838 uno
3165 4785 3422 4838 duntaxat

1897 4877 2034 4938 loco,
2067 4877 2258 4928 merito
2303 4877 2629 4939 terminavit,
2672 4887 2728 4930 ut
2769 4877 2813 4930 si
2853 4875 3064 4944 quando
3101 4889 3164 4927 ex
3209 4889 3272 4928 eo
3302 4875 3419 4932 loco

1893 4963 2232 5032 pellerentur,
2267 4973 2318 5016 et
2351 4966 2575 5032 patriam
2607 4965 2904 5017 libertatem
2949 4964 3270 5026 amitterent,
3309 4979 3418 5017 non

1892 5053 2118 5120 amplius
2142 5052 2247 5105 illis
2276 5051 2356 5108 fas
2377 5061 2538 5118 esset,
2568 5051 2830 5122 quasipse
2852 5051 3137 5119 posuisset,
3164 5053 3306 5122 leges
3328 5064 3418 5108 aut

1889 5143 2025 5194 ritus
2044 5155 2258 5196 servare
2291 5159 2305 5196 :
2341 5151 2398 5194 ut
2423 5142 2531 5210 jam
2564 5139 2919 5194 conﬁtendum
2951 5141 3040 5205 sit,
3073 5143 3295 5196 alterum
3336 5152 3416 5198 te-

1891 5239 2211 5286 stamentum
2250 5235 2391 5300 quod
2442 5249 2534 5302 per
2580 5231 2852 5285 Christum
2897 5231 2968 5286 sit
3019 5233 3409 5298 denuntiatum,

1892 5325 2192 5379 necessario
2216 5339 2335 5377 esse
2363 5318 2888 5376 introductum.Cum
2912 5324 3087 5391 itaque
3114 5322 3286 5375 Moses
3310 5321 3414 5376 hoc

1891 5417 2061 5486 ipsum
2093 5418 2326 5470 futurum
2363 5427 2481 5467 esse
2523 5410 2874 5478 prtedixisset,
2910 5427 3135 5480 moxque
3162 5419 3214 5463 et
3253 5409 3411 5462 Chri-

1889 5515 2004 5563 stus
2032 5509 2149 5564 vita-
2181 5505 2339 5576 hujus
2369 5503 2846 5576 peregrinationem
2868 5505 3204 5574 explevisset,
3239 5511 3290 5556 et
3311 5515 3409 5571 pa-
