3870 6328
32 4908 49 4995 l

38 5058 59 5295 ἲ

34 5300 61 5373 ,2

24 5634 55 5849 ῑ>

111 411 221 478 οι

1117 398 1757 475 DEMQNSTRATIONIS
1783 400 2233 483 sumet:me
2273 412 2400 481 us.
2437 412 2479 467 ι.

3307 418 3376 472 62

454 512 530 613 (ξ)
572 512 933 616 “amato?
968 524 1148 616 μόνον
1178 531 1476 598 Αἰγύπτιοι,
1496 528 1627 584 ἀλλὰ
1655 528 1750 582 καὶ

1862 528 1960 585 Deo
1992 537 2171 595 essent
2190 528 2487 586 oblatum?
2512 528 2743 584 Clamat
2766 537 2942 587 autem
2989 530 3162 600 palam
3199 538 3253 585 et
3280 545 3370 584 vo-

97 599 411 685 s'fﬂém
434 599 545 653 τῶν
572 602 712 672 πρὶν
762 603 1211 688 εἰδωλολατρῶν
1264 617 1572 689 ἀνθρώπων,
1595 614 1686 679 οὓς
1714 618 1750 685 ἡ

92 695 432 792 τῴρησιξ
461 692 552 792 fa
574 692 695 746 τῶν
719 694 1080 792 ξῖγυπτίων
1111 707 1371 778 ᾐνίττετο,
1402 707 1499 777 τῆς
1529 706 1624 777 μὲν
1655 722 1752 758 που

98 783 153 862 };
194 784 329 837 Αέου
350 784 442 836 καὶ
457 783 809 858 δαιμονικῆς
841 793 1291 868 ἀπηλλαγμένον
1322 797 1544 867 πλάνης,
1573 798 1663 851 τὸν
1698 797 1754 850 δὲ

110 886 267 952 θ
289 875 566 947 προφητῶν
594 874 743 932 Θεὸν
779 881 1269 957 ἀνακαλούμενον.
1303 888 1409 940 Καὶ
1440 885 1679 957 εὔχονται
1700 887 1756 941 δὲ

124 968 331 1040 W
350 966 557 1021 πλείοσι
596 969 860 1041 κυρίοις,
915 975 1005 1030 ὲνὶ
1027 976 1087 1030 δὲ
1116 976 1195 1047 τῷ
1227 977 1370 1048 μόνῳ
1404 977 1590 1048 Κυρίῳ
1618 976 1757 1031 κατὰ

142 1073 192 1125 ρ,
283 1058 413 1128 ἱερδν
456 1056 671 1126 λόγιον,
715 1061 821 1114 καὶ
880 1063 1068 1135 τούτῳ
1106 1065 1480 1137 θυσιαστήριον
1519 1066 1755 1135 ἀναίμων

155 1151 274 1212 αἳ
297 1146 515 1216 λογικῶν
568 1147 814 1215 θυσιῶν,
848 1153 1003 1224 κατά
1057 1155 1124 1209 τά
1168 1155 1324 1209 καινά
1359 1157 1625 1227 μυστήρια
1658 1158 1756 1227 τῆς

171 1245 303 1300 νέας
329 1236 414 1290 καὶ
439 1236 640 1306 καινῆς
664 1238 989 1313 Διαθήκης,
1020 1241 1144 1307 καθ’
1166 1242 1292 1313 ὅλης
1320 1244 1418 1314 τῆς
1463 1240 1755 1314 ἀνθρώπων

178 1328 486 1398 militum
532 1328 950 1400 άνεγήγερται,
980 1332 1038 1383 ὲν
1087 1332 1222 1402 αὐτῇ
1257 1349 1317 1385 τε
1348 1332 1623 1404 Αἰγύπτῳ,
1665 1333 1757 1386 καὶ

178 1416 499 1480 reiciet-mi;
527 1416 714 1472 ἔθνεσι
759 1417 861 1471 τὸν
914 1419 1119 1489 τρόπον
1163 1418 1582 1492 Αίγυπτιάζουσι
1619 1422 1757 1477 κατὰ

185 1512 289 1579 τὴν
314 1505 676 1576 δεισιδαίμονα
718 1506 941 1578 πλάνην
960 1525 974 1540 ο
1005 1508 1100 1563 νῦν
1143 1508 1261 1564 καθ’
1293 1511 1437 1580 ἡμᾶς
1464 1510 1496 1580 ἡ
1519 1509 1611 1580 τοῦ
1653 1510 1758 1564 τῶν

200 1596 461 1652 ὓωυθεοῦ
493 1598 707 1665 γνῶσις
727 1598 1139 1669 διαλάμπουσα,
1179 1600 1276 1671 τήν
1305 1600 1484 1667 πίστιν
1527 1600 1760 1670 άναμφίο

213 1690 365 1740 iam
403 1686 511 1749 τῶν
538 1688 1074 1758 προθεσπισθέντων
1092 1688 1555 1760 ὲπισφραγίζεται.
1579 1688 1760 1757 Ταῦτα

211 1777 265 1830 δὲ
285 1778 436 1847 ἔργοις
467 1777 885 1850 ἐπιτελούμενα
912 1778 1073 1849 ὀρῶν,
1101 1777 1216 1832 ἀλλ’
1239 1777 1414 1831 οὐκέτ’
1436 1779 1571 1849 ἀκοῇ
1596 1795 1760 1850 προσ-

208 1868 472 1939 δοκώμενα,
503 1869 603 1923 τὸν
647 1870 869 1941 καιρὸν,
907 1869 1101 1924 ὁπόθεν
1136 1869 1233 1943 τὴν
1264 1872 1435 1944 ἀρχὴν
1472 1872 1579 1926 τῶν
1623 1888 1761 1943 πραο

207 1957 396 2026 γμάτων
414 1957 669 2029 εἰληχεν,
693 1958 808 2012 οὐδ’
827 1958 929 2029 (4⁵)
948 1958 1101 2013 ἄλλον
1116 1959 1453 2030 ἀναζητήσας
1464 1958 1758 2030 εύρήσειςῆ

204 2046 286 2099 τὸν
316 2048 402 2117 τῆς
442 2047 732 2117 σωτηρίου
775 2048 1116 2120 ἐπιφανείας.
1148 2049 1319 2111 Αὐτὸς
1354 2049 1462 2119 ἄρα
1495 2040 1650 2111 οὗτος
1693 2043 1763 2118 ἦν

202 2136 396 2198 ἐκεῖνος,
430 2135 494 2188 ὃν
539 2138 573 2188 ὁ
596 2134 858 2207 χρησμὸς
901 2134 1108 2205 ἐδήλου,
1136 2135 1312 2204 φήσας
1331 2132 1645 2190 ἀποστελεῖν
1672 2132 1763 2187 τὸν

199 2224 296 2277 τῶν
330 2226 463 2279 ὅλων
494 2224 667 2288 Θεὸν,
700 2226 805 2279 κα)⁵
835 2224 1040 2295 Κύριον
1072 2226 1184 2287 τοῖς
1214 2224 1528 2292 Αἰγυπτίοις
1561 2222 1765 2294 ἄνθρω-

197 2329 305 2377 πον,
323 2314 378 2378 ὃς
400 2312 576 2385 σώσει
612 2313 846 2377 αὐτούς·
880 2313 941 2366 ὃν
965 2313 1058 2366 καὶ
1082 2312 1150 2366 τὰ
1174 2312 1416 2376 Μωσέως
1464 2312 1649 2383 ἐδήλου
1679 2311 1764 2365 λό-

194 2419 297 2470 για,
316 2404 377 2459 δι’
399 2398 479 2457 ὦν
505 2403 730 2473 ἔφησεν
750 2420 765 2433 ’
808 2421 827 2454 ι
883 2401 1247 2469 Ἐξελεύσεται
1278 2400 1556 2471 ἄνθρωπος
1582 2404 1646 2453 ὲκ
1670 2400 1761 2454 τοῦ

195 2493 486 2564 σπέρματος
546 2491 768 2555 αὐτοῦ,
811 2490 907 2543 καὶ
947 2489 1218 2560 κυριεύσει
1286 2488 1453 2542 ἐθνῶν
1491 2488 1756 2541 πο).λῶν·ι

191 2584 251 2633 ἐν
272 2579 336 2645 οἷς
365 2583 553 2647 ἔθνεσι
590 2582 700 2635 καὶ
732 2579 1020 2647 Αἰγύπτιοι
1063 2579 1325 2650 δήπουθεν
1362 2578 1761 2650 καταριθμοίντ’

189 2669 271 2725 ἂν.
303 2672 458 2725 Ἀλλά
489 2671 636 2742 περὶ
672 2671 780 2740 μὲν
812 2669 1015 2722 τούτων
1044 2669 1249 2738 μακρὸς
1281 2668 1347 2724 ἂν
1367 2668 1449 2739 εἴη
1472 2668 1647 2736 λόγος,
1676 2669 1761 2720 ἐπ’

186 2760 370 2824 οἰκείας
384 2760 597 2830 σχολῆς
614 2757 901 2810 ὲντελέστε
909 2774 999 2828 ρον
1015 2755 1489 2826 άποδοθησόμενοςι
1509 2756 1567 2808 τό
1582 2772 1643 2823 γε
1660 2755 1761 2825 μὴν

186 2850 340 2919 παρὸν
367 2850 835 2920 ὲπιτετηρήσθω,
874 2851 957 2901 ὅτι
989 2846 1058 2901 τά
1084 2844 1465 2917 προηγούμενα
1510 2844 1617 2896 οὐδ’
1640 2843 1761 2913 (4“)

185 2939 360 2994 ἄλλοτε
374 2941 409 3011 ἦ
427 2940 582 3011 μετὰ
607 2940 716 3009 τὴν
734 2938 1059 3006 ἐπιφάνειαν
1073 2935 1245 3006 Ἰησοῦ
1260 2935 1596 3005 τοῦΣωτῆρος
1609 2933 1764 3005 ἡμῶν

183 3031 499 3103 ἐπληροῦτο.
534 3028 637 3094 Ἐξ
653 3028 870 3082 ἐκείνου
887 3027 995 3097 γάρ
1010 3044 1090 3079 τοι
1106 3028 1199 3080 καὶ
1219 3028 1299 3096 είς
1314 3025 1470 3096 δεῦρο
1485 3026 1631 3095 παρὰ
1656 3027 1765 3088 τοῖς

181 3115 619 3183 Δίγυπτίοις,καὶ
638 3133 721 3168 πα
729 3114 800 3187 ρά
814 3113 1263 3185 Πέρσαις,Σύροις
1273 3131 1332 3166 τε
1345 3115 1435 3167 καὶ
1449 3114 1765 3184 Ἀρμενίοις,

184 3208 277 3259 καὶ
292 3208 443 3279 παρὰ
453 3210 578 3270 τοῖς
594 3205 705 3269 τὰς
720 3203 981 3274 ἐσχατιὰς
999 3204 1098 3274 τῆς
1113 3204 1216 3273 γῆς
1230 3201 1434 3257 οἰκοῦσι
1452 3202 1762 3274 βαρϐάροις,

182 3298 350 3363 αὐτοῖς
379 3316 442 3352 τε
472 3301 599 3362 τοῖς
638 3297 705 3353 τὸ
741 3297 873 3368 πρὶν
909 3294 1347 3367 άνημερωτάτοις
1391 3294 1484 3347 καὶ
1517 3294 1767 3365 θηριωδε-

184 3388 387 3453 πάτοις
429 3390 664 3449 ἔθνεσι,
710 3388 805 3439 ναὶ
833 3385 939 3456 μὴν
978 3386 1072 3439 καὶ
1116 3385 1268 3455 παρὰ
1297 3387 1408 3446 τοῖς
1439 3383 1536 3446 τὰς
1577 3384 1767 3454 νήσους

179 3479 407 3534 οἰκοῦσιν
445 3481 565 3551 (ὅτι
593 3479 668 3549 δὴ
702 3478 799 3530 καὶ
833 3475 1038 3529 τούτων
1093 3474 1292 3544 ἠξίωσε
1333 3475 1603 3544 μνήμηνή
1641 3491 1770 3544 προ-

182 3572 377 3638 φητεία
404 3566 806 3641 ποιήσασθαι),
826 3566 963 3637 αὕτη
985 3566 1165 3636 ὲκείνη
1186 3567 1220 3636 ἡ
1247 3565 1388 3617 κατὰ
1415 3564 1503 3616 τὸν
1530 3563 1771 3635 Ἀϐραὰμ

183 3661 445 3727 πολιτεία,
472 3663 580 3716 καὶ
611 3662 644 3713 ὁ
674 3659 1039 3720 παλαιότατος
1069 3657 1163 3710 καὶ
1184 3655 1400 3713 πάντων
1422 3654 1771 3725 ἀρχαιότατος

184 3752 284 3820 τῆς
308 3753 635 3815 θεοσεϐείας
665 3750 873 3821 τρόπος
911 3747 1287 3813 σπουδάζεται.
1316 3746 1426 3800 Καὶ
1464 3745 1546 3806 τίς
1583 3744 1680 3799 οὐκ
1707 3742 1772 3796 ἂν

189 3839 486 3913 ἐκπλαγείη
528 3841 600 3893 τὸ
643 3837 958 3909 παράδοξον
1003 3836 1094 3890 τοῦ
1131 3837 1479 3907 πράγματος,
1529 3834 1576 3885 εί
1617 3832 1680 3902 δὴ
1723 3832 1772 3883 οἱ

190 3930 254 3996 ἐξ
276 3934 470 3996 αίῶνος
503 3931 711 3993 λίθοις,
735 3930 832 3983 καὶ
860 3927 1055 3992 ξύλοις,
1089 3928 1182 3980 καὶ
1213 3927 1450 3995 δαίμοσι,
1481 3923 1683 3994 θηρίοις
1712 3938 1772 3974 τε

192 4020 662 4094 ἀνθρωποϐόροις,
687 4020 786 4079 καὶ
833 4019 1081 4089 ἑρπετοῖς
1110 4016 1353 4079 ίοϐόλοις,
1383 4015 1536 4079 ζώοις
1559 4030 1618 4066 τε
1645 4028 1777 4065 παν-

192 4111 367 4176 τοίοις,
401 4112 503 4167 καὶ⁵
536 4108 817 4179 εἰδεχθέσι
850 4107 1161 4169 κνωδάλοις,
1189 4107 1320 4178 πυρί
1352 4122 1411 4157 τε
1445 4105 1537 4158 καὶ
1567 4107 1657 4172 γῇ,
1682 4102 1776 4165 καὶ

195 4201 298 4264 cci;
338 4199 437 4257 τοῦ
485 4199 701 4260 παντὸς
743 4197 976 4267 ἀψύχοις
1022 4194 1304 4264 στοιχείοις
1356 4193 1453 4263 τὴν
1494 4191 1777 4260 σεϐάσμιον

197 4296 351 4367 τιμὴν
378 4292 803 4367 περιτιθέντες,
836 4291 928 4344 τὸν
990 4288 1213 4358 ὕψιστον
1244 4287 1396 4349 Θεὸν,
1430 4285 1519 4337 τδν
1551 4280 1775 4354 ούρανοῦ

200 4386 289 4438 καὶ
318 4387 422 4457 γῆς
469 4382 820 4456 δημιουργὸν
842 4419 857 4443 ,
889 4379 1052 4433 αὑτὸν
1096 4378 1164 4448 δὴ
1215 4376 1307 4437 τὸν
1354 4374 1459 4427 τῶν
1491 4372 1778 4445 προφητῶν

1789 1843 1833 1898 Β

1850 618 2107 675 cil‘eratur
2135 619 2298 676 lsaias
2312 619 2611 687 vaticinans
2630 619 2812 684 simul,
2857 635 2920 674 ac
2947 619 3132 676 dicens
3167 638 3181 676 :
3209 638 3228 673 ι
3262 619 3378 676 Erit

1851 709 2018 764 altare
2041 706 2262 765 Domino
2288 707 2342 762 in
2373 716 2511 763 terra
2539 705 2773 777 Egypti,
2800 715 2854 762 et
2895 716 3248 778 cngnoscetur
3273 708 3374 763 Do-

1851 796 2028 852 minus
2061 795 2128 850 ab
2155 795 2440 866 Egyptiis,
2469 801 2522 849 et
2542 794 2715 848 mittet
2741 796 2820 850 eis
2850 795 3114 851 hominem
3150 797 3242 867 qui
3269 798 3379 852 sal-

1850 898 1947 938 vos
1976 882 2131 943 faciet
2157 897 2269 947 eos,
2307 888 2360 945 et
2384 888 2707 952 cognoscent
2750 879 2985 951 ΛΕεγριὶί
3012 881 3293 937 Dominum
3322 883 3379 937 in

1851 973 1938 1030 die
1967 974 2075 1039 illa,
2107 982 2159 1028 et
2184 973 2381 1029 facient
2398 972 2681 1037 sacriﬁcia,
2712 979 2766 1028 et
2786 971 3054 1026 vovebant
3103 981 3227 1028 vota
3279 973 3383 1029 Do-

1852 1066 2017 1129 mino.
2042 1074 2095 1120 et
2125 1065 2366 1130 reddent,
2398 1072 2451 1121 et
2475 1072 2852 1120 convertentur
2878 1063 2944 1117 ad
2976 1063 3282 1127 Dominum,
3324 1072 3381 1119 et

1853 1153 2098 1209 exaudiet
2124 1168 2238 1217 eos,
2262 1162 2316 1209 et
2343 1154 2552 1213 sanabit
2575 1169 2668 1210 eos
2695 1154 2760 1209 ".
2796 1172 2815 1204 )
2852 1152 3057 1222 Ecquid
3077 1153 3179 1206 tibi
3226 1153 3381 1208 vide-

1853 1259 1972 1298 mur
1995 1244 2316 1314 veramlegis
2345 1243 2479 1299 Mosi
2506 1244 2911 1301 conversionem
2942 1242 3160 1298 dicere?
3187 1256 3256 1296 an
3282 1257 3381 1311 po-

1853 1334 1960 1390 tius
1990 1333 2149 1390 ﬁnem
2171 1342 2223 1389 et
2258 1336 2574 1392 solutionem
2603 1336 2914 1401 enuntiare,
2955 1342 3009 1390 et
3054 1335 3384 1404 propheticis

1853 1426 2076 1481 vocibus
2110 1426 2388 1494 vaticinari
2415 1427 2439 1480 ?
2472 1426 2678 1483 Etenim
2694 1426 2868 1489 Moses
2909 1427 3078 1481 altare
3096 1431 3150 1480 et
3179 1424 3387 1480 sacriﬁ-

1854 1516 1938 1570 cia
1966 1530 2228 1586 nusquam
2244 1524 2506 1571 terrarum
2539 1516 2596 1570 in
2633 1517 2746 1571 sola
2795 1514 2975 1570 Judzea
3005 1523 3059 1571 et
3114 1516 3170 1570 in
3222 1517 3385 1587 hujus

1855 1618 1962 1658 una
1981 1603 2241 1668 duntaxat
2265 1604 2479 1661 civitate
2506 1604 2782 1671 constitui,
2818 1604 2934 1674 lege
2953 1620 2984 1658 a
3013 1621 3070 1661 se
3096 1606 3271 1675 posita
3295 1607 3389 1676 ju-

1854 1693 1981 1748 bet:
2012 1693 2288 1763 prophetia
2317 1704 2495 1748 autem
2547 1694 2601 1747 in
2633 1701 2779 1759 terra
2825 1693 3040 1765 Egypti
3090 1694 3165 1748 ait
3216 1696 3387 1752 altare

1859 1782 2080 1839 Domino
2108 1785 2420 1851 struendum
2457 1784 2848 1856 dicandumque
2867 1800 3005 1852 esse,
3025 1794 3079 1842 et
3105 1785 3385 1857 Egyptian

1860 1874 2007 1943 ipsos
2027 1890 2134 1930 non
2161 1876 2391 1944 amplius
2419 1876 2525 1933 diis
2557 1876 2745 1957 patriis
2773 1891 2886 1930 rem
2906 1891 3144 1960 sacram,
3170 1878 3262 1932 sed
3282 1877 3388 1948 ipsi

1858 1965 2233 2034 prophetarum
2260 1965 2369 2031 Deo
2397 1964 2671 2019 facturos:
2702 1973 2754 2020 et
2807 1966 2950 2035 quod
3003 1981 3188 2021 verum
3217 1966 3386 2022 Deum

1858 2055 1965 2109 sint
1992 2055 2243 2125 agnituri,
2291 2070 2397 2109 non
2425 2054 2607 2110 Mosen
2634 2055 2740 2110 illis
2759 2071 2933 2125 neque
2980 2056 3144 2110 alium
3165 2071 3231 2109 ex
3260 2071 3388 2125 pro-

1860 2146 2034 2215 phetis
2062 2145 2363 2219 quempiam
2387 2153 2656 2200 auctorem
2686 2147 2819 2207 fore,
2852 2146 2943 2200 sed
2977 2160 3173 2200 novum
3201 2161 3389 2215 quiem-

1859 2233 1979 2287 dam
2012 2233 2264 2295 divinitus
2293 2233 2518 2289 missum
2544 2233 2834 2288 hominem.
2869 2234 2975 2303 20
3003 2232 3170 2288 Porro
3207 2240 3388 2287 autem

1860 2322 2120 2378 translato
2166 2329 2595 2390 commutatoque
2635 2321 2787 2374 altari
2823 2331 3012 2389 praeter
3060 2321 3224 2376 Mosis
3251 2335 3387 2377 con-

1860 2409 2164 2473 stitutiones
2190 2419 2344 2479 atque
2370 2410 2601 2472 decreta,
2636 2424 2854 2465 necesse
2877 2417 2958 2469 est
2986 2410 3199 2479 penitus
3225 2411 3389 2466 etiam

1860 2498 1992 2566 legis
2022 2496 2183 2555 Hosis
2211 2497 2325 2551 ﬁeri
2357 2498 2719 2551 mutationem.
2747 2497 2900 2565 Quod
2933 2498 2977 2551 si
3016 2513 3226 2552 summo
3279 2498 3391 2553 Deo

1862 2587 2209 2643 sacriﬁcaturi
2239 2596 2364 2641 sunt
2390 2586 2641 2656 Aigyptii,
2678 2601 2897 2655 prorsus
2933 2588 3095 2641 etiam
3138 2588 3391 2643 sacerdo-

1860 2678 1922 2731 tii
1950 2692 2143 2732 munus
2171 2685 2294 2731 sunt
2321 2676 2583 2746 adepturi.
2608 2677 2674 2730 At
2703 2676 2967 2747 Egyptiis
3013 2678 3079 2731 ad
3113 2678 3219 2732 tale
3268 2692 3390 2731 mu-

1860 2783 1982 2834 nus,
2006 2767 2294 2837 assumptis
2323 2780 2442 2834 quae
2455 2766 2521 2820 de
2548 2765 2746 2823 Levitis
2764 2776 2818 2821 et
2856 2767 3035 2822 Aaron
3065 2767 3394 2822 successori-

1861 2858 1962 2912 bus
1987 2872 2018 2909 a
2039 2855 2182 2910 Moss
2213 2863 2337 2913 sunt
2364 2856 2675 2922 constituta,
2706 2856 2837 2911 nulli
2863 2859 3021 2927 plane
3066 2857 3187 2910 usui
3226 2855 3392 2927 Egy-

1862 2945 1989 3015 ptiis
2009 2945 2235 3014 amplius
2274 2961 2394 3001 esse
2428 2961 2585 3014 posse
2627 2945 2966 3015 perspicuum
3018 2954 3124 3001 est.
3156 2944 3394 3014 Tempus

1863 3036 2145 3107 igiturjam
2170 3044 2283 3091 tum
2312 3037 2493 3101 fuerit,
2532 3039 2697 3108 legem
2719 3053 2911 3093 novam
2938 3037 3005 3102 ad
3054 3052 3117 3091 ea
3165 3052 3283 3106 quae
3309 3035 3395 3091 di-

1792 3143 1834 3200 c
1865 3129 1950 3175 cta
1974 3130 2098 3177 sunt
2119 3122 2504 3188 conﬁrmanda,
2534 3139 2733 3192 ponere
2768 3139 2904 3193 opus
2925 3140 3066 3180 esse.
3121 3124 3259 3190 Quid
3292 3123 3394 3194 igi-

1860 3214 1980 3268 tur?
2007 3220 2205 3268 temere
2235 3214 2347 3268 luec
2377 3216 2652 3270 enuntiata
2683 3215 2847 3269 sunt?
2871 3229 2938 3268 an
2956 3215 3160 3270 exitum
3193 3216 3396 3270 invenit

1862 3303 2072 3357 oratio?
2103 3302 2306 3372 inspice
2328 3305 2489 3373 igitur
2514 3304 2561 3359 si
2584 3318 2692 3358 non
2716 3304 2897 3370 hodie,
2934 3305 3035 3359 hoc
3071 3313 3154 3359 est
3192 3304 3397 3361 nostris

1863 3391 2075 3446 interim
2111 3391 2346 3460 ipsorum
2380 3394 2730 3462 temporibus,
2756 3393 2886 3462 ipsis
2908 3393 3078 3453 oculis
3104 3402 3397 3447 cernuntur

1864 3494 1972 3532 non
2001 3480 2171 3533 solum
2193 3479 2450 3548 A‘ngptii,
2475 3496 2660 3534 verum
2688 3481 2848 3535 etiam
2884 3495 3044 3534 omne
3098 3496 3267 3549 genus
3301 3482 3398 3535 ho-

1866 3567 2068 3620 minum
2103 3567 2192 3636 qui
2226 3568 2451 3621 antehac
2471 3568 2775 3623 simulacris
2798 3567 2994 3621 addicti
3018 3576 3191 3630 erant,
3235 3584 3400 3634 quos-

1867 3669 1970 3723 que
1995 3653 2362 3724 Aﬂgyptiorum
2383 3655 2734 3724 appellatione
2764 3654 3076 3725 prophetica
3118 3656 3393 3723 praedictio

1869 3743 2149 3812 signiﬁcat,
2183 3758 2214 3796 a
2237 3743 2525 3797 multorum
2557 3743 2780 3798 deorum
2797 3758 2859 3797 ac
2900 3743 3203 3798 daemonum
3235 3744 3399 3814 impio

1870 3832 2017 3887 cultu
2041 3831 2342 3896 liberatum,
2373 3840 2426 3886 et
2455 3847 2638 3886 verum
2669 3833 3053 3901 prophetarum
3094 3831 3263 3889 Deum
3312 3838 3400 3888 in-

1869 3933 2066 3973 vocans
2095 3926 2147 3973 et
2170 3920 2422 3975 adorans.
2458 3917 2595 3974 Vota
2615 3928 2793 3976 autem
2832 3920 3057 3984 faciunt,
3083 3937 3193 3976 non
3234 3922 3402 3992 pluri-

1870 4007 1970 4062 bus
2004 4007 2232 4076 amplius
2273 4008 2528 4074 dominis,
2561 4011 2651 4066 sed
2685 4011 2777 4065 uni
2811 4012 2910 4066 soli
2939 4011 3184 4076 Domino,
3215 4028 3404 4083 quem-

1871 4095 2152 4150 admodum
2175 4111 2386 4151 sacrum
2406 4099 2652 4171 praedixit
2680 4100 2978 4156 oraculum.
3032 4099 3096 4155 Et
3124 4100 3250 4155 huic
3283 4102 3405 4170 qui-

1871 4183 1991 4238 dem
2027 4185 2190 4239 altare
2216 4187 2614 4240 incruentarum
2638 4195 2690 4242 et
2712 4189 3049 4243 rationalium
3071 4189 3398 4249 hostiarum,

1873 4279 1932 4327 ut
1970 4288 2108 4328 nova
2132 4271 2265 4328 Novi
2305 4274 2630 4332 Testamenti
2679 4279 2932 4349 mysteria
2970 4277 3263 4348 postulant,
3310 4292 3406 4346 per
3504 4280 3513 4287 '

1876 4370 2044 4417 totum
2071 4369 2335 4417 terrarum
2354 4365 2538 4419 orbem
2567 4373 2805 4443 erectum
2825 4376 2908 4422 est
2941 4381 2955 4418 :
2985 4375 3179 4422 etcum
3211 4367 3266 4420 in
3314 4365 3409 4420 1E-

204 4448 413 4544 Κύριον,
447 4448 565 4552 τὸν,
587 4448 727 4525 Θεδν
773 4468 1027 4544 Ἀϐραὰμ
1064 4465 1160 4520 καὶ
1204 4464 1312 4518 τῶν
1337 4463 1521 4516 τούτου
1569 4479 1767 4532 προπα-

1875 4460 2055 4525 gypto,
2084 4463 2196 4509 tum
2225 4455 2280 4511 in
2308 4454 2528 4525 reliquis
2553 4456 2820 4526 gentibus,
2853 4472 2972 4527 qua:
3003 4472 3181 4513 mores
3236 4456 3405 4526 AEgy-

202 4563 382 4632 τόρων,
417 4562 565 4635 μετὰ
593 4560 699 4631 τὴν
730 4558 826 4612 τοῦ
851 4556 1109 4626 Σωτῆρος
1139 4552 1297 4623 ἡμῶν
1328 4553 1620 4623 παρουσίαν
1643 4552 1775 4609 ἀνα-γ

1874 4545 2105 4614 ptiorum
2129 4543 2419 4608 imitantes,
2435 4544 2833 4614 superstitionis
2845 4560 3028 4601 errore
3056 4547 3403 4601 tenebantur:

206 4632 521 4716 καλοῦνται;
555 4650 658 4704 καὶ
683 4648 736 4701 οἱ
768 4644 953 4717 μικρῷ
978 4641 1222 4717 πρόσθεν
1260 4641 1652 4715 μητρογαμίαις
1684 4640 1767 4694 καὶ

1875 4632 1976 4687 hac
2000 4632 2116 4703 ipsa
2141 4640 2300 4687 aetate
2324 4640 2509 4687 nostra
2538 4634 2776 4704 cognitio
2812 4635 2925 4689 veri
2981 4633 3074 4689 Dei
3133 4634 3405 4695 relucens.

208 4738 649 4813 θυγατρομιξίαις
676 4775 692 4799 ,
745 4731 1208 4804 ἀλληλοφθορίαις
1259 4748 1320 4782 τε
1367 4731 1458 4785 καὶ
1503 4730 1778 4793 παντοίαις

209 4831 529 4899 μιαιφονίαις
557 4825 1071 4896 ὲγκαλινδούμενοι,
1101 4821 1155 4873 οἱ
1210 4819 1370 4889 μηδέν
1406 4836 1457 4876 τι
1497 4819 1777 4889 ἀνημέρων

208 4916 393 4995 θηρίων
427 4922 527 4976 τὸν
586 4919 790 4990 τρόπον
833 4913 1235 4983 διαφέροντες,
1279 4909 1391 4963 νυνὶ
1427 4908 1513 4962 διά
1552 4910 1648 4979 τῆς
1684 4910 1775 4964 τοῦ

210 5010 441 5084 Σωτῆρος
469 5009 635 5082 ήμῶν
661 5007 848 5060 ἐνθέου
888 5002 1197 5071 δυνάμεως
1233 4997 1653 5069 μεταϐληθέντες,
1685 5002 1779 5056 καὶ

211 5098 375 5174 ὥσπερ
405 5102 468 5168 ἐξ
500 5100 710 5170 ἐτέρων
749 5095 945 5165 ἕτεροι
990 5089 1307 5158 γεγονότες,
1332 5087 1513 5154 λόγους
1555 5088 1777 5159 ἀρετῆς,

215 5192 293 5243 καὶ
309 5192 658 5264 σωφροσύνης
691 5183 1098 5252 παιδεύματα,
1151 5177 1404 5239 συνιόντες
1425 5178 1504 5241 είς
1538 5178 1605 5231 τὰ
1631 5179 1780 5234 κοινά

214 5278 540 5345 διδασκαλεῖα,
581 5276 983 5351 μανθάνουσιν
1010 5285 1025 5299 ⁸
1061 5267 1148 5328 ὡς
1178 5266 1271 5334 τήν
1301 5265 1544 5325 ἀνωτάτω
1569 5268 1782 5335 φιλοσο-

180 5374 215 5422 Ρ
233 5373 331 5439 ίαν,
380 5373 481 5445 τὴν
531 5366 677 5441 μηδ’
720 5359 1057 5431 ἐμϐλέπειν
1113 5352 1410 5415 ἀκολάστοις
1457 5353 1779 5424 ὀφθαλμοῖς,

236 5517 279 5545 οι
303 5515 403 5572 ιη,
439 5527 565 5574 ιιι,
616 5502 719 5566 19,
743 5501 845 5555 20.

238 5643 279 5715 m
304 5655 481 5711 “me
518 5646 679 5715 liga
1116 5625 1294 5686 αὐτοῖς
1328 5628 1425 5688 τοῖς
1448 5628 1563 5697 ὀρθ.
1600 5645 1748 5690 non.

132 5718 182 5783 ’Ϊ
226 5691 292 5799 ('4?)
518 5691 725 5767 ’Ῠῗηίισ
755 5691 911 5749 οὐκ.
932 5691 1115 5747 Enn.

1875 4722 2032 4777 ﬁdem
2062 4723 2129 4778 iis
2174 4738 2293 4793 qua
2318 4737 2349 4776 a
2378 4724 2652 4793 prophetis
2680 4723 2931 4794 praedicta
2960 4730 3106 4787 sunt,
3136 4723 3407 4776 indubita-

1876 4823 1987 4869 tam
2022 4812 2283 4882 adjungit.
2314 4812 2437 4867 Haec
2469 4821 2646 4868 autem
2676 4830 2798 4869 cum
2827 4816 3005 4885 reipsa
3034 4813 3246 4868 interim
3285 4826 3408 4880 per-

1881 4902 1967 4957 ﬁci
1992 4901 2195 4965 videas,
2225 4915 2324 4955 nec
2379 4904 2624 4972 amplius,
2682 4912 2740 4957 ut
2784 4903 3051 4972 quondam
3107 4901 3280 4955 audita
3312 4918 3409 4956 ex-

1883 4989 2131 5060 spectari,
2159 4990 2206 5045 si
2229 4997 2440 5060 tempus
2475 5007 2680 5062 quaeras
2713 4992 2855 5045 unde
2900 4990 3220 5060 principium
3261 4994 3408 5061 ejus-

1882 5080 2025 5136 modi
2051 5095 2138 5135 res
2169 5084 2451 5150 acceperit,
2483 5098 2590 5136 non
2620 5082 2763 5136 aliud
2791 5081 3050 5145 invenies,
3085 5097 3244 5151 quam
3284 5102 3408 5140 cum

1886 5172 2131 5227 Salvator
2160 5179 2344 5228 noster
2366 5171 2600 5226 advenit.
2624 5172 2741 5239 Ipse
2767 5170 2932 5237 igitur
2958 5170 3046 5226 ille
3073 5171 3195 5240 fuit,
3247 5189 3407 5242 quem

1882 5262 2157 5318 oraculum
2186 5259 2539 5331 signiﬁcabat,
2565 5273 2686 5312 cum
2711 5256 2916 5312 diceret
2940 5259 3106 5314 Deum
3135 5272 3190 5316 et
3230 5260 3409 5315 Domi-

1885 5368 2011 5411 num
2035 5351 2290 5416 universi,
2337 5352 2624 5405 missurum
2678 5345 2945 5417 Egyptiis
2996 5351 3263 5407 hominem
3313 5350 3408 5421 qui

1952 5633 2067 5704 (4")
2100 5631 2248 5687 Οὐδ’.
2274 5628 2315 5684 F
2318 5637 2430 5685 orte
2460 5630 2575 5684 οὐκ.
2604 5627 2756 5683 Enn.
