3870 6342
654 385 724 443 o3
1286 378 1549 433 EUSEBII
1586 376 2054 434 CAESARIENSIS
2082 378 2228 437 OPP.
2271 377 2446 432 PARS
2478 376 2537 433 ll.
2582 405 2649 417 ι-
2687 376 3180 434 Αρυιοοετιω.
3269 338 3301 347 Η

655 505 830 560 salvos
859 499 1017 553 faciat
1038 512 1151 562 eos,
1182 514 1340 567 quem
1362 508 1415 554 et
1439 497 1601 554 Mosis
1619 499 1873 554 vaticinia
1928 501 2171 568 perhibe-

2277 499 2406 569 μηδὲ
2434 496 2589 567 μέχρι
2612 497 2783 565 λόγων
2803 499 3124 569 ἀδιαφορεῖν,
3150 497 3285 567 μηδὲ
3313 491 3385 547 τὰ
3402 488 3563 546 κοινὰ
3588 492 3682 545 καὶ

654 594 800 651 bant,
820 588 909 643 ubi
934 586 1006 639 ait
1025 600 1038 637 :
1057 586 1369 656 Egredietur
1387 588 1545 640 homo
1561 586 1628 641 de
1645 588 1849 641 semine
1879 588 1994 655 ejus
2023 596 2075 642 et
2089 588 2182 641 do-

653 678 940 733 minabitur
960 676 1205 745 gentibus
1228 677 1411 732 multis
1436 678 1516 743 9’;
1548 677 1603 729 in
1629 677 1827 745 quibus
1847 692 1975 732 sane
2008 679 2181 748 genti-

653 766 755 820 bus
770 771 821 818 et
838 762 1117 834 Egyptios
1133 766 1399 819 numerari
1425 779 1521 834 par
1540 773 1642 820 est.
1661 766 1855 820 Verum
1874 766 1939 821 de
1958 767 2039 821 bis
2064 769 2184 837 qui-

649 855 767 909 dem
796 854 1001 924 longior
1024 864 1168 910 esset
1196 855 1388 917 oratio,
1412 861 1464 909 et
1498 869 1593 924 per
1619 855 1788 909 otium
1816 856 1942 910 huic
1972 856 2073 924 ipsi
2104 857 2180 911 rei

648 946 903 1009 dicatum,
953 947 1248 1002 absolutius
1285 947 1551 1002 reddenda
1637 946 1788 1012 Quod
1831 958 2008 1003 autem
2046 966 2183 1018 pra:-

650 1037 815 1091 sentis
843 1038 944 1091 loci
974 1040 1042 1093 sit
1076 1039 1371 1108 proprium,
1412 1037 1539 1091 illud
1582 1045 1830 1092 teneatur
1881 1055 1894 1091 :
1943 1056 2006 1096 ea
2063 1057 2181 1110 quae

647 1126 902 1196 praedicta
929 1135 1074 1190 sunt,
1106 1143 1211 1180 non
1246 1128 1379 1181 alias
1400 1142 1559 1195 quam
1597 1135 1717 1196 post
1744 1129 2027 1182 adventum
2052 1129 2179 1185 Jesu

648 1213 943 1269 Salvatoris
992 1215 1163 1270 nostri
1192 1229 1309 1268 esse
1332 1214 1616 1282 completa.
1646 1215 1727 1269 Ab
1776 1216 1865 1270 illo
1919 1219 2059 1271 enim
2112 1219 2179 1272 ad

645 1303 790 1356 hunc
819 1318 988 1371 usque
1022 1304 1163 1357 diem
1205 1303 1344 1373 apud
1391 1302 1691 1375 Egyptios,
1748 1305 1887 1374 apud
1945 1306 2134 1363 Persas
2161 1347 2177 1373 ,

649 1392 834 1462 Syros,
885 1393 1187 1459 Armenios,
1242 1394 1385 1462 apud
1428 1403 1696 1449 extremas
1738 1406 2001 1450 terrarum
2054 1413 2179 1453 oras

646 1482 938 1538 incolentes
989 1483 1281 1547 barbaros,
1326 1490 1379 1537 et
1434 1498 1556 1536 eum
1585 1486 1684 1552 21
1717 1486 1856 1555 apud
1893 1486 1990 1542 has
2034 1488 2178 1557 ipsas

646 1570 794 1639 prius
850 1570 1266 1624 immanissimas
1308 1577 1362 1625 et
1404 1569 1701 1626 ferissimas
1755 1574 2019 1639 nationes,
2066 1583 2179 1629 tum

643 1674 770 1714 vero
799 1661 957 1713 etiam
1004 1659 1145 1728 apud
1189 1675 1282 1715 eos
1333 1660 1424 1729 qui
1465 1662 1671 1716 insulas
1724 1666 1910 1717 colunt
1942 1663 2177 1734 (quando

643 1758 698 1805 et
744 1751 810 1805 de
854 1749 938 1806 his
988 1750 1267 1820 prophetia
1313 1765 1422 1804 non
1462 1751 1738 1820 indignum
1773 1754 1977 1821 putavit
2002 1754 2177 1809 facere

642 1817 1005 1905 mentionemi
1066 1817 1183 1906 ipsa
1238 1837 1325 1890 illa
1359 1876 1374 1901 ,
1439 1817 1844 1905 quas—auctore
1904 1840 2173 1895 Abraham
2208 1817 2249 1874 Β

644 1926 1027 2000 comprobatur
1075 1927 1250 1982 civilis
1300 1929 1475 1993 ratio,
1528 1936 1580 1983 et
1625 1930 1863 1983 omnium
1911 1931 2174 2000 antiquis-

645 2019 813 2074 simus
845 2018 1050 2073 colendi
1084 2016 1248 2072 Deum
1277 2033 1414 2085 mos,
1462 2018 1784 2074 celebratur.
1814 2019 1879 2073 Et
1910 2026 2032 2089 quis
2063 2036 2172 2076 non

642 2108 759 2177 ipsa
809 2107 886 2161 rei
913 2106 1254 2162 mirabilitate
1301 2107 1695 2176 Obstupescat?
1730 2125 1852 2163 cum
1881 2125 1974 2165 eos
2015 2112 2108 2180 qui
2140 2128 2173 2166 ιι

642 2198 858 2253 condito
890 2213 1036 2265 avo,
1071 2197 1366 2268 lapidibus,
1397 2206 1450 2253 et
1476 2199 1652 2269 lignis,
1715 2208 1769 2254 et
1817 2202 2168 2270 daemonibus,

641 2289 938 2358 belluisque
962 2288 1193 2343 humana
1222 2304 1382 2343 carne
1407 2289 1776 2344 victitantibus
1806 2298 1859 2344 et
1892 2293 2171 2362 reptilibus

640 2384 934 2447 venenatis,
990 2383 1413 2451 animalibusque
1464 2383 1641 2437 omnis
1682 2385 1912 2453 generis,
1945 2392 1997 2438 et
2042 2384 2170 2441 feris

641 2470 981 2537 informibus,
1033 2473 1267 2541 ignique,
1300 2482 1353 2525 et
1386 2482 1570 2536 terrae,
1624 2479 1678 2527 et
1722 2473 1890 2541 ipsius
1934 2474 2170 2530 universi

640 2558 949 2614 inanimatis
996 2560 1293 2623 elementis,
1324 2560 1562 2614 divinum
1610 2562 1865 2616 honorem
1889 2572 1941 2618 et
1969 2564 2169 2618 cultum

637 2648 947 2703 tribuebant
982 2667 995 2702 :
1037 2650 1354 2704 altissimum
1395 2648 1559 2704 Deum
1587 2690 1601 2715 ,
1655 2658 1709 2705 et
1758 2652 1879 2706 emli
1926 2666 1988 2706 ac
2016 2662 2171 2708 terrae

638 2735 901 2805 opificem,
959 2737 1133 2806 ipsum
1183 2739 1365 2808 utique
1414 2740 1794 2809 prephetarum
1848 2741 2166 2807 Dominum,

641 2822 913 2895 Deumque
954 2827 1240 2891 Abraham,
1274 2837 1327 2882 et
1348 2843 1568 2882 avorum
1605 2829 1867 2898 ejusdem,
1898 2840 2018 2900 post
2052 2831 2171 2886 Sal~

639 2913 842 2967 vatoris
870 2915 1038 2968 nostri
1069 2914 1373 2978 adventum,
1400 2917 1579 2972 videat
1611 2918 1926 2972 invocantes
1960 2936 1973 2971 :
2005 2926 2058 2973 et
2076 2933 2171 2974 eos

637 3001 732 3070 qui
764 3002 922 3070 paulo
954 3009 1076 3056 ante
1096 3017 1125 3055 a
1155 3004 1412 3060 matribus
1460 3014 1513 3061 et
1544 3005 1753 3061 ﬁliabus
1780 3006 2047 3061 libidinem
2063 3021 2171 3060 non

638 3094 1015 3157 abstinebant,
1046 3108 1208 3164 seque
1240 3105 1427 3149 mutuo
1478 3098 1617 3152 inter
1653 3113 1711 3153 se
1735 3101 2169 3169 corrumpebant,

636 3190 691 3237 et
714 3183 892 3239 omnis
916 3184 1127 3253 generis
1157 3186 1620 3242 cruentationibus
1646 3196 1699 3242 et
1732 3188 1967 3243 caedibus
1990 3189 2167 3257 inqui-

2280 586 2411 637 πᾶσι
2449 583 2646 653 συνήθη
2690 583 3101 654 διαπράττεσθαι
3137 582 3540 653 παραινοῦσαν,
3579 580 3638 631 ού
3674 596 3713 647 μη

2280 674 2495 743 ἄνδρας,
2518 672 2648 725 ἀλλὰ
2669 673 2759 725 καὶ
2780 677 3053 741 γυναῖκας,
3070 674 3312 741 πένητας
3334 687 3392 723 τε
3419 669 3515 722 καὶ
3531 668 3714 720 πλουσί

2279 763 2486 830 λογίους
2510 778 2566 813 τε
2588 762 2679 813 καὶ
2707 760 2932 825 ἰδιώτας,
2963 762 3119 831 μέχρι
3144 762 3237 813 καὶ
3266 759 3496 820 παίδων,
3522 758 3617 810 καὶ
3639 758 3714 810 ἀνί

2280 851 2471 914 πόδων,
2496 851 2551 902 ὲν
2576 852 2695 912 ταῖς
2720 850 2859 903 κατά
2884 850 3034 902 πόλιν
3054 850 3146 902 καὶ
3175 850 3295 901 κατ’
3317 845 3527 916 ἀγροὺς
3541 845 3714 914 διατρι

2279 939 2641 1004 παιδεύεσθαι,
2672 940 2953 1010 μανθάνειν
2978 956 3036 991 τε
3064 938 3238 1008 ἀληθῆ
3263 937 3488 1006 τρόπον,
3520 933 3645 986 καθ’
3675 935 3714 984 δ’

2279 1031 2369 1083 ἐπὶ
2405 1030 2617 1083 πάντων
2657 1031 2917 1101 προσήκει
2964 1029 3091 1082 Θεὸν
3124 1027 3335 1090 σέϐειν,
3371 1025 3471 1079 καλ⁸
3518 1024 3714 1094 θεραπε

2279 1121 2336 1174 ἐν
2366 1121 2523 1173 παντὶ
2546 1122 2710 1190 τόπῳ,
2730 1122 2866 1174 κατὰ
2894 1120 2991 1191 τὴν
3020 1122 3264 1190 φήσασαν
3296 1115 3672 1188 προφητείανο
3696 1133 3714 1164 ι

2281 1214 2734 1282 προσκυνήσουσιν
2762 1210 2925 1280 αὐτῷ,
2947 1212 3174 1273 ἕκαστος
3205 1211 3270 1262 ὲκ
3290 1209 3387 1260 τοῦ
3409 1208 3581 1259 τόπου
3610 1206 3710 1257 αὐτ

2278 1301 2574 1369 Προσκυνεῖ
2614 1299 2743 1368 δῆτα
2775 1296 2866 1352 οὖν
2897 1301 3004 1361 πᾶς
3034 1298 3111 1369 τῷ
3158 1299 3249 1350 ἐπὶ
3285 1297 3512 1349 πάντων
3542 1294 3663 1363 Θεῷ

2278 1389 2438 1460 ϐαρος
2476 1391 2568 1442 καὶ
2610 1390 2823 1459 Ἕλλην,
2873 1390 2932 1442 οὐ
2983 1390 3191 1459 τρέχων
3228 1387 3325 1440 ἐπὶ
3362 1385 3433 1439 τὰ
3477 1383 3713 1454 Ἰεροσόλ

2277 1480 2381 1533 οὐδ’
2415 1482 2601 1550 αἵμασι
2633 1481 2724 1534 καὶ
2748 1480 2954 1543 θυσίαις
2982 1480 3399 1549 ἀφοσιούμενος,
3422 1478 3639 1530 οἴκοθεν
3670 1477 3714 1530 δὲ

2277 1572 2359 1639 ἐφ’
2408 1571 2579 1641 ἑαυτῷ
2621 1570 2825 1641 μένων,
2873 1572 2967 1623 καὶ
3007 1568 3280 1638 πνεύματι
3320 1569 3420 1621 καὶ
3475 1564 3709 1636 ἀληθεία

2276 1660 2496 1729 ἄναιμον
2531 1661 2622 1712 καὶ
2660 1658 2902 1728 καθαρὰν
2933 1659 3216 1720 ἀποδιδοὺς
3243 1656 3399 1726 αὐτῷ
3431 1656 3713 1726 λατρείαν.

2276 1749 2408 1818 αὐτή
2444 1766 2507 1816 γε
2534 1746 2600 1819 ἦν
2630 1750 2662 1818 ὴ
2696 1749 2870 1820 Καινὴ
2898 1748 3157 1819 Διαθήκη,
3202 1747 3265 1799 οὐ
3297 1745 3448 1799 κατά
3478 1745 3581 1815 τὴν
3620 1745 3714 1798 πα]

2275 1839 2624 1907 τυγχάνουσα.
2660 1839 2897 1891 Παλαιὰν
2920 1838 2976 1890 δὲ
3011 1839 3171 1907 μήτοι
3204 1837 3444 1907 νομίσῃς
3474 1836 3711 1904 λέγεσθα

2275 1927 2382 1980 τῶν
2440 1928 2543 1997 πρὸ
2577 1928 2813 1990 Μωσέως
2853 1927 3110 1995 θεοφιλῶν
3153 1927 3394 1997 ἀνδρῶν,
3431 1926 3575 1980 ἀλλά
3622 1928 3714 1999 τὴν

2274 2017 2512 2080 Μωσέως
2568 2017 2729 2070 αὑτοῦ
2752 2017 2827 2086 τῷ
2860 2018 3123 2071 Ἰουδαίων
3151 2018 3298 2072 ἔθνει
3322 2017 3714 2089 νενομοθετημι

2288 2105 2558 2175 Ἐπιφέρει
2592 2105 2718 2173 γοῦν
2742 2108 2771 2159 ὁ
2804 2105 2955 2172 λόγος
2986 2105 3295 2176 διασαφῶν,
3325 2108 3456 2160 τίνα
3476 2106 3687 2177 ἔφησεν

2274 2195 2375 2264 τὴν
2403 2195 2653 2259 παλαιὰν,
2771 2195 2931 2265 μηδὲν
2974 2197 3158 2267 ὅμοιον
3191 2199 3430 2268 σχήσειν
3475 2198 3714 2252 διδάσκει

2275 2286 2481 2356 καινὴν,
2521 2286 2720 2353 λέγων’
2765 2304 2783 2336 ι
2816 2285 3146 2357 Διαθήσομαι
3193 2289 3491 2362 Διαθήκην
3526 2291 3713 2361 Καινὴ

2275 2374 2415 2426 κατά
2441 2375 2539 2445 τήν
2571 2374 2860 2445 Διαθήκην,
2886 2377 2950 2446 ἢν
2990 2376 3250 2449 διεθέμην
3285 2384 3406 2444 τοῖς
3451 2382 3714 2453 πατράσιη

2273 2463 2453 2534 ήμέρᾳ
2492 2464 2875 2534 ἐπιλαϐομένου
2910 2483 3010 2535 μου
3044 2468 3144 2538 τῆς
3177 2471 3376 2541 χειρὸς
3419 2471 3607 2523 αὐτῶν
3627 2511 3641 2535 ,
3671 2471 3714 2534 ἐξ

2273 2556 2386 2620 γεῖν
2431 2553 2622 2616 αὐτοὺς
2668 2555 2732 2605 ὲκ
2779 2555 2880 2624 γῆς
2926 2557 3222 2625 Αἰγύπτου.
3253 2580 3276 2612 ι
3335 2562 3416 2614 Οὐ
3465 2561 3612 2615 κατά
3660 2580 3714 2614 το

2273 2641 2402 2710 γοῦν
2430 2660 2557 2714 φησι
2589 2641 2682 2713 τὴν
2714 2644 2817 2696 ὑπὸ
2842 2647 3086 2711 Μωσέως
3145 2651 3691 2723 νενομοθετημένην.

2274 2732 2380 2802 γὰρ
2404 2729 2470 2803 ἦν
2495 2734 2633 2785 κατὰ
2660 2733 2757 2802 τὴν
2790 2735 2964 2802 ἔξοδον
2999 2739 3100 2808 τὴν
3131 2740 3228 2793 ἀπ’
3257 2741 3555 2810 Αίγύπτου
3584 2745 3700 2806 τοῖς

2273 2820 2441 2885 δαίοις
2470 2825 2846 2894 παραδοθεῖσα.
2876 2828 3091 2895 Ἔδοξεν
3117 2829 3183 2883 ἂν
3209 2826 3317 2885 οὖν
3334 2832 3598 2886 ἐναντίαν
3622 2834 3710 2885 εἰσ

2274 2910 2370 2979 τὴν
2395 2911 2597 2981 Καινήν
2631 2914 2899 2986 Διαθήκην
2922 2917 3013 2970 τοῦ
3040 2918 3245 2989 τρόπου
3274 2921 3381 2992 τῆς
3413 2920 3714 2981 θεοσεϐείας

2274 3000 2414 3070 ἀμφὶ
2439 3000 2528 3052 τὸν
2561 3002 2809 3075 Ἀϐραὰμ
2844 3006 3122 3073 θεοφιλῶν,
3155 3010 3206 3060 εί
3250 3009 3333 3081 μὴ
3367 3013 3625 3080 ἀκριϐῶς
3666 3014 3714 3064 ὲι

2278 3092 2499 3162 μήνατο,
2531 3096 2736 3166 φήσας·
2787 3116 2805 3147 ι
2847 3098 2917 3150 Οὐ
2951 3100 3088 3152 κατά
3127 3100 3226 3171 τὴν
3265 3103 3580 3175 Διαθήκην·
3604 3104 3714 3176 ἢνί

2272 3198 2377 3252 μην
2403 3184 2516 3245 τοῖς
2544 3186 2812 3255 πατράσιν
2835 3186 3012 3239 αὐτῶν
3041 3188 3163 3241 κατ’
3186 3191 3379 3246 ἐκεῖνο
3412 3194 3642 3265 καιροῦ,
3673 3212 3713 3246 κ

638 3274 860 3337 nahant,
894 3275 984 3343 qui
1036 3273 1170 3328 nihil
1201 3276 1269 3330 ab
1296 3275 1620 3331 immanibus
1680 3275 1827 3340 feris,
1866 3277 2004 3331 victu
2050 3278 2168 3347 ipso

2266 3273 2529 3344 ἐξήγαγον
2556 3278 2748 3340 αὐτοὺς
2779 3280 2842 3331 ὲκ
2871 3280 2973 3350 γῆς
2998 3281 3303 3349 Αἰγύπτου.
3339 3303 3361 3337 ι
3395 3286 3480 3337 Οὐ
3493 3285 3641 3339 κατὰ
3653 3286 3714 3353 τὲ

561 3404 572 3413 .
636 3363 968 3430 differebant,
996 3379 1139 3418 nunc
1169 3380 1263 3434 per
1286 3364 1577 3420 Salvatoris
1609 3367 1777 3421 nostri
1805 3366 2040 3420 divinam
2067 3369 2172 3423 vir-

635 3460 806 3509 tutem
838 3460 1093 3516 mutatos,
1127 3462 1179 3508 et
1223 3455 1379 3524 quasi
1409 3470 1477 3509 ex
1514 3455 1637 3510 aliis
1659 3457 1794 3512 alios
1828 3455 2020 3521 factos,
2053 3473 2171 3514 ser-

635 3558 824 3599 mones
872 3544 939 3599 de
982 3545 1195 3609 virtute,
1250 3546 1627 3615 modestiaeque
1656 3550 1934 3617 praecepta
1964 3557 2021 3602 ut
2061 3549 2170 3604 dis-

633 3645 781 3698 cant,
810 3636 865 3689 in
894 3650 1206 3691 communes
1234 3635 1450 3692 scholas
1498 3638 1713 3692 assidue
1749 3641 2172 3698 convenientes?

634 3732 798 3792 atque
844 3723 974 3777 adeo
1006 3724 1240 3792 quidem,
1274 3736 1332 3778 ut
1357 3733 1464 3778 tam
1489 3726 1699 3781 femina:
1726 3743 1886 3795 quam
1907 3731 2032 3794 viri,
2062 3740 2169 3785 tam

636 3827 899 3883 pauperes
927 3828 1086 3883 quam
1098 3815 1310 3877 divites,
1342 3823 1450 3869 tam
1473 3818 1719 3885 vulgares
1746 3827 1800 3872 et
1827 3820 1998 3888 ignari
2011 3838 2172 3891 quam

635 3900 781 3957 docti
809 3902 967 3956 etiam
998 3903 1169 3970 pueri,
1190 3910 1243 3958 et
1270 3905 1554 3973 mancipia,
1603 3920 1713 3960 non
1733 3908 1912 3964 minus
1936 3911 1987 3963 in
2005 3912 2169 3980 agris,

637 4004 800 4061 quam
820 3990 875 4044 in
903 3990 1147 4053 urbibus.
1176 3990 1232 4045 in
1279 3992 1396 4046 loca
1442 3999 1590 4046 certa
1622 3997 1961 4062 conveniant,
1994 4008 2051 4052 ut
2080 4016 2173 4054 su-

637 4093 875 4149 premam
895 4077 1036 4131 illam
1054 4080 1439 4148 pbilosOphiam
1463 4081 1727 4147 ediscant,
1752 4100 1870 4154 quae
1897 4086 2169 4155 admonet,

636 4181 707 4220 ne
735 4166 930 4220 intueri
958 4166 1171 4234 quidem
1202 4168 1564 4236 petulantibus
1591 4173 1764 4228 oculis
1795 4174 1876 4239 fas
1905 4191 2047 4241 esse,
2078 4194 2172 4233 nev

637 4270 743 4327 que
767 4256 985 4310 verbum
1017 4257 1259 4311 emittere
1296 4259 1546 4325 otiosum,
1586 4277 1759 4333 neque
1785 4280 1847 4319 ea
1874 4281 1992 4335 qua:
2018 4282 2170 4321 com.

635 4345 819 4401 munia
848 4353 994 4412 sunt,
1032 4352 1085 4399 et
1125 4346 1372 4402 omnibus
1429 4360 1685 4405 consueta
1731 4366 1962 4422 patrare,
1989 4362 2042 4409 et
2069 4356 2167 4409 do-

2271 3366 2510 3429 Μωσέως
2545 3367 2651 3438 ἄρα
2695 3367 2786 3420 ἐπὶ
2840 3368 2938 3438 τῆς
2978 3367 3181 3433 ἐξόδου,
3213 3374 3318 3426 καὶ
3343 3375 3445 3427 ἐπὶ
3466 3376 3572 3445 τῆς
3602 3392 3708 3428 κατ

2268 3453 2470 3525 ἔρημον
2532 3454 2805 3526 διατριϐῆς
2862 3459 3375 3534 νενομοθετημένην
3400 3504 3418 3529 ,
3484 3464 3712 3517 ἔσεσθαι

2269 3544 2471 3616 Καινὴν
2494 3543 2791 3609 ὲθέσπιζεν,
2810 3544 2942 3599 ἀλλὰ
2973 3550 3092 3601 κατ’
3113 3550 3345 3622 ἐκείνην
3378 3553 3599 3624 δηλαδὴ
3625 3556 3714 3624 τὴη

2271 3634 2435 3687 παλαι
2478 3634 2951 3707 πολιτευσαμένην,
2983 3637 3049 3690 δι’
3072 3632 3141 3709 ἦς
3164 3643 3649 3712 κατορθώσαντες
3675 3647 3713 3698 ἀ

2270 3741 2434 3795 νησαν
2463 3726 2511 3777 οι
2540 3725 2641 3795 πρὸ
2670 3726 2925 3788 Μωσέως.
2965 3728 3042 3779 Δι’
3067 3727 3103 3781 ἃ.
3135 3729 3199 3799 δὴ
3230 3730 3448 3787 λοιπὸν
3492 3734 3603 3806 ἤδη
3638 3735 3709 3788 θα

2268 3816 2366 3879 τὰς
2382 3815 2486 3868 τῶν
2502 3815 2765 3868 θεοσεϐεῖν
2780 3818 3260 3889 ἐπαγγελλομένων
3281 3826 3666 3896 προαιρέσεις
3692 3846 3714 3898 ιη

2269 3905 2378 3969 δύο,
2405 3903 2538 3979 ἀλλὰ
2562 3904 2684 3975 τρία
2709 3906 2912 3977 διαιροῦ
2941 3908 3218 3978 τάγματα·
3247 3914 3315 3965 τό
3358 3933 3425 3969 τε
3448 3919 3568 3972 τῶν
3604 3938 3714 3973 παν

2269 3993 2677 4064 είδωλολατρῶν,
2704 3995 2810 4047 τῶν
2839 3996 2902 4067 δὴ
2937 3998 3028 4049 ἐπὶ
3051 3999 3150 4070 τὴν
3181 4002 3474 4060 πολύθεον
3504 4009 3714 4082 πλάνηκ

2270 4082 2644 4148 πεπτωκότων,
2679 4085 2771 4136 καὶ
2795 4084 2854 4136 τὸ
2888 4084 2995 4139 τῶν
3024 4088 3087 4140 ὲκ
3114 4096 3447 4166 περιτομῆς
3498 4098 3599 4152 διὰ
3633 4102 3714 4154 Μι

2269 4171 2359 4223 ἐπὶ
2388 4171 2478 4223 τὸν
2503 4171 2712 4243 πρῶτον
2733 4171 3131 4242 ἀνεληλυθότων
3163 4177 3268 4247 τῆς
3290 4183 3613 4250 εὐσεϐείας
3646 4190 3714 4259 βα

2270 4261 2364 4312 καὶ
2391 4261 2567 4331 τρίτον
2594 4262 2653 4314 τὸ
2680 4262 2786 4315 τῶν
2814 4263 3306 4336 ἐπαναϐεϐηκότων
3354 4274 3457 4331 δίὰ
3491 4276 3607 4348 τῆς
3641 4277 3713 4329 sibi

2268 4350 2422 4422 λικῆς
2452 4352 2811 4415 διδασκαλίας,
2849 4353 2878 4405 ὃ
2909 4355 3002 4407 καὶ
3027 4355 3136 4409 τῶν
3170 4357 3321 4413 δυεῖν
3359 4365 3551 4434 μέσον
3588 4386 3713 4441 παρ

636 4444 862 4492 reantur
885 4450 1066 4490 verum
1100 4435 1248 4489 illum
1266 4452 1487 4505 morem,
1518 4457 1675 4510 quem
1704 4444 1899 4512 ubique
1933 4445 2166 4499 locorum

2270 4439 2402 4505 λὼν,
2441 4441 2626 4510 μηκέθ’
2661 4441 2792 4511 ἡγοῦ
2822 4444 2943 4506 τοὺς
2980 4444 3087 4497 ἀπὸ
3132 4447 3429 4508 Ἰουδαίων
3467 4435 3714 4531 ἀφισται

635 4524 695 4578 in
725 4524 871 4577 cultu
891 4532 946 4577 et
974 4523 1233 4593 obsequio
1255 4528 1449 4581 summi
1475 4528 1566 4582 Dei
1614 4546 1829 4586 servare
1867 4535 2167 4600 conveniat,

635 4613 779 4668 sicut
807 4612 941 4666 dixit
983 4612 1259 4682 prophetia
1299 4634 1312 4669 :
1355 4633 1373 4665 ι
1412 4614 1476 4668 Ει
1501 4614 1801 4673 adorabunt
1846 4635 1968 4675 eum
2002 4638 2170 4679 unus-

634 4702 864 4771 quisque
887 4701 954 4756 de
987 4702 1103 4758 loco
1151 4718 1250 4757 suo
1291 4703 1354 4757 ³³.
1401 4722 1420 4754 ι
1452 4705 1689 4761 Adorant
1710 4710 1871 4780 igitur
1901 4728 2167 4769 summum

634 4789 803 4845 Deum
846 4806 1033 4847 omnes
1085 4792 1299 4847 barbari
1343 4803 1396 4847 et
1446 4794 1637 4862 Graeci,
1667 4814 1772 4854 non
1802 4800 2168 4875 Hierosolyma

636 4891 1116 4953 eurrentes,neque
1137 4885 1420 4939 cruoribus
1451 4895 1542 4940 aut
1571 4888 1849 4946 sacrificiis
1870 4893 2163 4964 placantes,

636 4972 732 5027 sed
759 4973 900 5027 domi
939 4990 1050 5030 suae
1082 4976 1224 5046 apud
1266 4975 1471 5045 seipsos
1502 4980 1553 5031 in
1597 4980 1787 5049 spiritu
1836 4991 1889 5036 et
1918 4986 2160 5049 veritate,

637 5059 917 5116 incruento
959 5079 1199 5135 puroque
1226 5066 1483 5135 obsequio
1512 5068 1658 5122 illum
1696 5072 1950 5125 colentes.
1988 5072 2048 5125 Et
2065 5074 2163 5127 hoc

636 5147 814 5204 fuerat
840 5147 1013 5216 ipsum
1034 5151 1240 5208 Novum
1259 5153 1839 5228 Testamentum,quod
1864 5174 1970 5213 non
1994 5161 2165 5214 instar

636 5239 833 5309 prioris
858 5237 1019 5304 illius,
1049 5249 1100 5295 et
1125 5246 1317 5299 veteris
1349 5245 1547 5301 factum
1568 5258 1669 5302 est.
1688 5247 1854 5304 Vetus
1885 5260 2060 5304 autem
2082 5250 2162 5303 in—

638 5331 883 5400 tolligito,
914 5344 1021 5382 non
1053 5341 1358 5388 sanctorum
1395 5337 1666 5394 hominum
1690 5341 1780 5410 qui
1814 5347 1939 5393 ante
1961 5338 2161 5395 Mosem

638 5420 808 5484 fuere,
848 5418 946 5475 sed
968 5420 1111 5488 quod
1139 5421 1268 5491 legis
1291 5426 1408 5480 loco
1421 5431 1686 5487 universae
1710 5429 2016 5485 Judmorum
2058 5445 2160 5483 na-

2275 4532 2486 4595 πάντως
2508 4532 2614 4584 δεῖν
2655 4534 2739 4601 ἐφ’
2780 4531 3128 4605 Ἐλληνισμὸν
3169 4537 3532 4612 ἐκπίπτειν,
3575 4551 3714 4621 μηδέ

2274 4620 2333 4685 ἐξ
2360 4621 2618 4691 Ἑλλήνων
2638 4622 3055 4710 ἀναχωροῦντας
3082 4624 3142 4688 ἐξ
3167 4627 3447 4704 ἀνάγκης
3494 4620 3714 4710 χρῆναι

2273 4710 2454 4772 δαίους
2502 4709 2742 4764 ἔσεσθαι·
2788 4711 2993 4802 τῶνδὲ
3047 4714 3227 4784 μέσων
3280 4720 3441 4778 ἑλὼν
3500 4709 3607 4783 τὸν
3665 4748 3714 4802 τι

2271 4799 2517 4869 εὑρήσεις
2540 4798 2648 4852 ἀνω
2674 4816 2772 4891 που
2795 4801 3024 4891 έστῷτα,
3049 4806 3144 4857 καὶ⁹
3161 4805 3368 4881 ὥσπερ
3400 4816 3501 4886 ἐφ’
3533 4798 3714 4891 ὑψηλέ

2270 4888 2572 4958 ἀκρωρείας
2613 4888 3012 4960 ἀναϐεϐηκότα,
3048 4895 3412 4967 ἑκατέρωθεν
3459 4906 3528 4961 δὲ
3565 4888 3714 4964 κάτει

2267 4978 2481 5040 λοιποὺς
2507 4979 2906 5036 ἀπολελοιπότα.
2940 4983 3204 5055 Ἑλλήνων
3237 4989 3348 5057 μὲν
3404 4996 3534 5069 γὰρ
3569 5002 3714 5056 exn:

2268 5070 2364 5139 τὴν
2398 5068 2550 5122 ἄθεον
2600 5070 2692 5122 καὶ
2734 5072 3043 5146 πολυπλανῆ
3090 5068 3557 5152 δεισιδαιμονίαν
3586 5132 3604 5156 ,
3666 5113 3714 5147 κ.

2268 5158 2548 5227 ἀνειμένας
2583 5160 2834 5230 πορνείας
2877 5182 2936 5217 τε
2979 5166 3073 5219 καὶ
3117 5167 3411 5240 ἀκοσμίας
3437 5194 3449 5208 ·
3499 5181 3714 5239 Ἰουδαι

2268 5246 2523 5308 ὡσαύτως
2551 5247 2648 5317 τὴν
2707 5251 2812 5304 ὑπὸ
2853 5255 3089 5318 Μωσέως
3129 5255 3303 5331 ἀτελῆ
3356 5269 3471 5320 καὶ
3527 5269 3636 5325 οἵα
3682 5293 3714 5328 ν

2270 5337 2360 5389 καὶ
2381 5336 2621 5390 ἀσθενέσι
2648 5342 2976 5417 κατάλληλον
2995 5346 3493 5422 ὲθελοθρησκείαν.
3526 5362 3652 5418 Τὸν
3697 5385 3714 5420 ι

2262 5424 2318 5477 δὲ
2350 5424 2548 5478 ἄνωθεν
2576 5427 2634 5480 οὐ
2686 5432 2846 5501 μόνον
2910 5436 3181 5503 Ἰουδαίοις
3200 5480 3215 5505 ,
3268 5444 3418 5501 ἀλλά
3482 5454 3600 5507 καὶ
3662 5458 3714 5511 ’Ί

618 5510 773 5568 -tioni
794 5511 860 5565 ab
882 5509 998 5580 ipso
1026 5509 1171 5566 Muse
1196 5513 1427 5581 positum
1449 5526 1549 5573 est.
1583 5520 1844 5586 Quocirca
1878 5518 2157 5574 oraculum

2262 5512 2354 5565 καὶ
2387 5511 2707 5588 βαρϐάροις,
2763 5528 2858 5581 καὶ
2912 5531 3021 5593 τοῖς
3068 5529 3155 5601 ὑφ’
3206 5532 3350 5605 ἡλίῳ
3404 5541 3611 5599 πᾶσιν
3679 5509 3713 5600 έ

710 5665 758 5701 ⁸²
788 5666 942 5720 Deut.
978 5678 1130 5733 xvm,
1164 5666 1253 5726 15,
1318 5667 1361 5700 ³³
1397 5668 1498 5724 lsa.
1535 5686 1653 5739 va,
1692 5675 1769 5728 Η.
