3870 6326
128 384 262 458 ενδ

1121 394 1755 454 ὒΕΜΟΝὲΤῐὶΑΤΙΟΝΙΞ
1793 399 2243 456 ΕἾΑΝΕΕΒῙΕΕ
2284 402 2410 456 LIB.
2450 404 2491 458 1.
3328 400 3396 452 66

112 525 165 574 ε
560 491 739 591 νόμον
770 497 973 591 ν-δρα
1023 507 1082 558 τί
1143 528 1332 580 φησιν·
1367 509 1434 564 Ὦ
1484 511 1756 582 ἄνθρωπε,

1862 513 2034 581 ipsum
2058 514 2162 583 22
2189 514 2430 582 adjungit
2453 529 2538 577 ea,
2561 514 2755 584 quibus
2775 519 2990 587 planum
3016 519 3195 585 t'aciat,
3215 509 3399 591 quod'

105 586 265 666 ραι
287 583 490 653 σύμπαν
534 583 600 635 τὸ
651 584 891 655 θνητῶν
937 596 1148 661 γένος,
1204 600 1232 651 ὁ
1282 602 1377 671 μὲν
1407 601 1469 671 δὴ
1524 600 1764 663 Μωσέως

103 676 351 758 νόμος,
418 675 511 743 ἀφ’
568 674 698 739 ἑνὸς
775 680 999 747 γένους
1074 688 1369 760 ἀνθρώπων
1430 690 1722 760 ἀρξάμενος
1746 729 1763 754 ,

109 767 364 844 ρμὴν
412 764 681 819 ἁπάντων
742 768 814 821 τὺ
889 773 1179 829 Ἰουδαίων
1244 778 1393 846 γένος
1418 816 1433 839 ,
1485 780 1581 847 τῆς
1633 780 1766 850 πρὸς

327 855 591 924 θεοφιλεῖς
640 861 1038 935 προπάτορας
1086 868 1259 920 αὐτῶν
1302 869 1621 935 ἐπαγγελίας
1654 871 1767 923 ἓνε-

130 947 394 1018 Ὡενάεπὶ
428 947 526 1016 τὴν
558 947 663 999 τοῦ
711 950 848 1014 ἑνὸς
893 953 1042 1006 Θεοῦ
1080 956 1279 1022 γνῶσιν
1321 959 1640 1021 ἀνεκαλεῖτο,
1669 961 1766 1030 τῆς

147 1039 369 1104 τςικρᾶς
409 1034 517 1086 τῶν
573 1035 874 1105 δαιμόνων
933 1041 1180 1104 δουλείας
1228 1045 1350 1106 τοὺς
1408 1046 1766 1109 ὑπακούοντας

162 1140 201 1189 ιι
228 1126 526 1179 mnaan
549 1142 564 1154 ·
597 1127 719 1193 ἐγὼ
750 1126 813 1178 δὲ
830 1130 1027 1182 ’πᾶσιν
1054 1131 1368 1201 ἀνθρώποις,
1398 1135 1487 1187 καὶ
1516 1137 1622 1197 τοῖς
1646 1135 1763 1188 καθ’

176 1222 312 1285 aq;
339 1218 429 1287 τῆς
466 1216 815 1285 οἰκουμένης
846 1217 1033 1270 ἔθνεσι
1055 1220 1152 1290 τὴν
1188 1221 1645 1292 ὲπαναϐεϐηκυῐαν
1673 1223 1764 1276 τοῦ

188 1307 327 1362 θεοῦ
354 1307 545 1374 γνῶσιν
586 1306 687 1359 καὶ
731 1306 1031 1361 εὐσέϐειαν
1060 1310 1454 1379 προαγγέλλων,
1483 1314 1617 1364 κατὰ
1644 1313 1765 1375 τοὺς

191 1398 229 1450 ἀ
252 1395 335 1462 μφὶ
373 1395 460 1446 τὸν
503 1393 791 1465 ’Λϐραὰμη
827 1396 928 1447 καὶ
960 1397 1085 1457 τοὺς
1130 1394 1206 1447 ἔτι
1252 1396 1626 1467 παλαιοτέρους
1662 1398 1764 1468 πρὸ

194 1484 432 1545 Μωσέως
469 1484 685 1553 χρόνων
725 1483 885 1552 βιοῦν
918 1483 1185 1553 παραινῶ,
1228 1486 1284 1537 ὲν
1345 1481 1422 1547 οἷς
1453 1486 1508 1549 ἐξ
1545 1486 1764 1539 ἀλλοδα-

204 1572 319 1627 uiri
342 1572 498 1625 ἐθνῶν
530 1573 763 1635 πλείους
801 1574 892 1624 ἐπ’
930 1574 1177 1644 εὐσεϐείᾳ
1213 1574 1623 1643 μνημονεύονται
1656 1576 1765 1627 δια-

214 1645 517 1731 λάμψαντες.
554 1663 672 1714 Καὶ
709 1662 880 1713 πάλιν
900 1679 914 1692 ο
951 1664 1009 1714 ὐ
1043 1664 1139 1732 μὲν
1188 1665 1424 1726 Μωσέως
1454 1665 1631 1735 νόμος,
1670 1667 1752 1735 ἐφ’

216 1751 298 1806 ἕνα
325 1753 438 1805 τινὰ
480 1751 587 1820 τῆς
613 1753 723 1821 γῆς
773 1753 1156 1823 ἀφωρισμένον
1186 1753 1344 1806 τόπον
1375 1755 1496 1818 τοὺς
1529 1757 1762 1809 εὐσεϐεῖν

216 1842 604 1912 προῃρημένους
663 1840 923 1893 σπεύδειν
970 1841 1297 1910 πανταχόθεν
1340 1845 1722 1914 παρεκελεύετο
1745 1864 1759 1876 ·

210 1930 369 1998 me
399 1933 514 1992 τοῖς
539 1931 720 1982 πᾶσιν
766 1928 832 1981 ἂν
864 1931 946 1991 είς
971 1930 1067 1998 τὴν
1104 1929 1427 2002 ἐλευθερίαν,
1454 1933 1550 1984 οὐκ
1578 1934 1632 1985 ὲν
1657 1951 1763 2000 γω-

208 2022 287 2091 νίᾳ
307 2022 418 2091 γῆς,
458 2021 575 2073 οὐδ’
618 2022 686 2073 ὲν
729 2021 938 2091 ὄρεσιν,
981 2021 1014 2091 ἦ
1056 2038 1165 2073 τισι
1199 2024 1582 2092 χειροποιήτοις
1621 2027 1763 2087 ναοῖς

205 2108 360 2180 ζητεῖν
383 2112 479 2165 τὸν
510 2113 614 2164 ἐπὶ
641 2112 871 2165 πάντων
915 2111 1067 2174 Θεὸν,
1106 2110 1310 2163 οἴκοθεν
1343 2112 1401 2164 δὲ
1428 2112 1650 2166 ’ἑκαστον
1680 2115 1763 2166 σέ-

204 2199 302 2253 ϐειν
330 2202 493 2254 αὑτὸν
520 2202 625 2254 καὶ
664 2204 998 2271 προσκυνεῖν
1042 2201 1294 2257 παιδεύω.
1326 2205 1434 2256 Καὶ
1472 2205 1629 2257 πάλιν
1651 2224 1664 2236 ·
1704 2207 1760 2259 ὐ

201 2289 290 2357 μὲν
313 2290 545 2353 παλαιὸς
595 2291 775 2359 νόμος
807 2290 1018 2353 θυσίαις
1055 2293 1171 2352 ταῖς
1202 2289 1287 2343 διὰ
1319 2289 1468 2352 ζώων
1512 2297 1758 2361 σφαγαῖς,

193 2378 471 2433 λιϐανωτοῦ
503 2397 569 2432 τε
615 2379 723 2431 καὶ
763 2379 956 2448 πυρὸς,
981 2379 1072 2432 καί
1107 2396 1266 2433 τινων
1298 2380 1467 2433 ἄλλων
1490 2384 1760 2453 ὁμοιοτρό-

190 2464 405 2516 πωντοῦ
433 2463 708 2533 σώματος
736 2463 1035 2535 καθαρμῶν
1062 2463 1375 2535 θρησκεύειν
1400 2464 1488 2519 τὸν
1517 2469 1606 2520 ἐπὶ
1631 2471 1762 2522 πάν-

188 2567 288 2603 των
312 2553 442 2605 Θεὸν
477 2552 902 2624 παρεκελεύετο
926 2569 940 2582 ·
982 2551 1091 2620 ἐγὼ
1125 2553 1181 2605 δὲ
1222 2554 1288 2607 τὰ
1323 2555 1496 2625 ψυχῆς
1538 2558 1761 2627 παραδι-

183 2639 297 2703 ὃσζις
334 2643 502 2713 ὀργια
537 2640 767 2710 διανοίᾳ
811 2639 1167 2713 καθαρωτάτη
1200 2643 1294 2695 καὶ
1340 2644 1413 2711 νῷ
1442 2645 1664 2711 διαυγεῖ,
1703 2648 1759 2699 ὲν

186 2731 501 2803 στιφροσύνῃ
550 2731 658 2783 καὶ
686 2730 770 2797 τῷ
804 2731 925 2781 κατ’
963 2730 1162 2800 ἀρετὴν
1193 2729 1310 2799 βίῳ,
1337 2731 1562 2799 δόγμασί
1586 2750 1641 2785 τε
1669 2734 1759 2803 ὀρ-

182 2816 395 2881 θοίςκαὶ
429 2819 703 2871 εὐσεϐέσι
725 2818 788 2870 τὸ
821 2818 961 2870 θεῖον
995 2818 1264 2888 γεραίρειν
1291 2822 1623 2890 προστάττω.
1652 2823 1759 2874 Καὶ

176 2910 326 2963 πάλιν
346 2928 362 2942 ’
392 2911 618 2981 Μωσῆς
666 2910 770 2979 μὲν
807 2909 954 2962 ὡσὰν
984 2910 1280 2978 μιαιφόνοις
1308 2908 1424 2963 οὖσι
1477 2914 1588 2972 τοῖς
1637 2912 1757 2963 τότε

181 3000 257 3070 μὴ
276 3001 530 3069 φονεύειν
562 3001 820 3070 παρῄνει
845 3015 858 3028 ·
886 2998 996 3062 ἐγὼ
1028 3000 1083 3051 δὲ
1121 3003 1229 3062 τοῖς
1261 3003 1317 3052 ὲν
1345 3000 1513 3069 τούτῳ
1538 3018 1760 3070 προπαι-

1863 618 1988 658 nam
2009 604 2172 659 Vetus
2201 605 2329 658 illud
2356 605 2550 660 dixerit
2594 621 2755 661 esse:
2797 610 2884 663 cui
2924 610 3139 679 quidem
3185 610 3396 667 novum'

1864 696 1999 748 nihil
2020 696 2190 751 simile
2205 695 2511 749 habiturum
2545 696 2800 763 ostendit,
2828 699 2920 753 ubi
2945 700 3113 755 dicit:
3149 701 3388 756 Condam

1867 785 2262 840 Testamentum
2284 785 2509 848 Novum,
2542 802 2649 841 non
2680 789 2975 842 secundum
2989 789 3389 844 Testamentum

1860 874 2007 944 quod
2051 874 2267 928 condidi
2293 875 2534 943 patribus
2561 877 2616 929 in
2637 876 2743 939 die,
2781 890 2902 929 cum
2932 892 3031 945 ego
3065 879 3391 946 apprehendi

1864 965 1987 1018 illos
2006 979 2188 1028 manu,
2213 972 2273 1017 ut
2295 965 2577 1020 educerem
2608 978 2703 1020 eos
2744 965 2812 1020 de
2856 973 3001 1020 terra
3028 965 3241 1035 .‘Egypti
3262 968 3327 1020 “.
3366 987 3386 1019 ι

1864 1053 2048 1123 Itaque
2074 1069 2195 1107 cum
2220 1054 2511 1107 secundum
2542 1054 2645 1107 hoc
2664 1054 2814 1117 dicit,
2848 1056 3143 1109 secundum
3173 1056 3225 1108 id
3249 1056 3391 1125 quod

1863 1144 1994 1213 legis
2041 1144 2159 1197 loco
2182 1159 2212 1197 a
2239 1143 2382 1198 Mose
2410 1145 2641 1212 positum
2673 1151 2775 1208 est,
2808 1144 3072 1215 intelligit.
3104 1144 3213 1198 Hoc
3248 1148 3392 1201 enim

1864 1232 1994 1286 illud
2023 1240 2125 1296 est,
2179 1232 2321 1302 quod
2360 1231 2556 1287 Judaais
2576 1272 2591 1297 ,
2640 1247 2747 1303 quo
2804 1241 3043 1303 tempore
3068 1234 3136 1290 de
3163 1235 3392 1305 Egypto

1864 1322 2065 1391 egressi
2095 1330 2240 1385 sunt,
2294 1322 2546 1375 traditum
2571 1329 2674 1377 est.
2711 1322 2874 1378 Visus
2907 1324 3072 1393 igitur
3121 1334 3265 1380 esset
3288 1326 3392 1379 No-

1861 1428 1984 1465 vum
2014 1412 2411 1467 Testamentum
2442 1412 2800 1476 introducere,
2835 1424 3087 1483 tanquam
3121 1415 3235 1482 ejus
3252 1416 3392 1470 ritus

1861 1506 2207 1569 contrarium,
2237 1520 2391 1573 quem
2422 1506 2589 1559 sancti
2615 1506 2689 1559 illi
2717 1505 2943 1559 Abrahae
2971 1505 3172 1559 similes
3205 1506 3306 1558 viri
3335 1507 3390 1560 in

1861 1595 2042 1648 divino
2073 1596 2217 1648 cultu
2275 1596 2652 1662 sequebantur,
2681 1595 2787 1648 nisi
2835 1595 2992 1663 plane
3035 1594 3165 1662 ipsis
3211 1594 3391 1650 verbis

1860 1685 2234 1754 signiﬁcasset,
2288 1686 2376 1738 ubi
2420 1686 2589 1739 dixit:
2626 1702 2646 1736 ‹
2682 1684 2796 1738 Non
2847 1684 3138 1738 secundum
3200 1682 3391 1738 Testa-

1859 1783 2095 1827 mentum
2123 1774 2264 1843 quod
2292 1774 2504 1828 condidi
2529 1774 2767 1844 patribus
2787 1789 2993 1836 eorum,
3022 1788 3127 1842 quo
3154 1783 3393 1842 tempore

1862 1862 2020 1915 eduxi
2049 1876 2140 1916 eos
2160 1862 2225 1915 de
2252 1869 2395 1915 terra
2426 1862 2640 1932 Egypti
2669 1862 2771 1917 θ’».
2793 1860 2933 1930 Ergo
2966 1874 3069 1915 non
3095 1860 3391 1915 secundum

1860 1952 1991 2004 illud
2037 1953 2177 2020 quod
2227 1951 2354 2021 legis
2405 1952 2526 2005 loco
2560 1966 2589 2004 a
2626 1951 2772 2006 Mose
2827 1950 3058 2020 positum
3106 1960 3228 2015 est,
3265 1964 3391 2005 cum

1859 2042 2057 2110 egressi
2112 2046 2256 2102 sunt,
2300 2047 2352 2094 et
2385 2055 2505 2093 cum
2538 2040 2591 2093 in
2619 2040 2831 2094 deserto
2880 2041 3247 2097 morabantur.
3278 2038 3390 2092 No-

1858 2147 1983 2185 vum
2014 2133 2114 2187 hoc
2145 2130 2383 2184 futurum
2432 2132 2726 2199 respondit,
2775 2130 2868 2185 sed
2912 2130 3206 2184 secundum
3256 2129 3389 2183 illud

1859 2219 2124 2280 videlicet,
2148 2221 2289 2287 quod
2322 2219 2509 2286 primis
2530 2219 2860 2286 temporibus
2890 2219 2945 2271 in
2978 2219 3087 2269 vita
3115 2218 3259 2270 civili
3286 2231 3387 2270 se-

1860 2316 2084 2373 ctantes,
2112 2310 2202 2378 qui
2222 2317 2345 2362 ante
2376 2308 2574 2362 Mosem
2612 2307 2926 2371 ﬂoruerunt,
2958 2317 3210 2375 tanquam
3238 2308 3272 2359 ii
3295 2306 3388 2374 qui

1859 2401 2013 2469 plene
2044 2387 2213 2454 oliicio
2237 2452 2245 2465 ,
2269 2414 2367 2453 suo
2395 2399 2563 2452 functi
2605 2404 2816 2460 essent,
2872 2397 3203 2464 eomprobati
3239 2406 3385 2451 sunt.

1859 2486 2003 2551 Quas
2030 2487 2242 2555 quidem
2275 2487 2343 2540 ob
2374 2501 2487 2547 res,
2517 2486 2627 2554 jam
2654 2496 2711 2538 tu
2746 2486 2902 2554 plane
2929 2485 3207 2539 conlidens
3235 2492 3387 2553 post-

1857 2577 1977 2639 hac,
2006 2592 2127 2631 cum
2178 2580 2468 2631 sententias
2494 2584 2548 2629 et
2577 2575 2845 2643 preposita
2874 2589 3084 2638 eorum,
3131 2575 3221 2643 qui
3246 2574 3386 2627 divi-

1856 2682 1984 2720 num
2014 2668 2241 2735 aliquem
2274 2668 2473 2720 cultum
2502 2665 2834 2734 proﬁtentur,
2882 2680 2991 2718 non
3018 2665 3071 2718 in
3100 2666 3258 2727 duos,
3290 2664 3385 2719 sed

1856 2758 1911 2810 in
1930 2765 2057 2811 Atres
2094 2757 2340 2810 diviseris
2371 2756 2607 2818 ordines,
2639 2769 2804 2830 unum
2833 2769 3017 2809 eorum
3040 2755 3132 2823 qui
3161 2769 3386 2823 prorsus

1855 2848 2157 2901 simulacris
2198 2846 2417 2910 addicti,
2471 2846 2525 2898 in
2568 2846 2855 2898 multorum
2884 2844 3105 2899 deorum
3143 2860 3384 2900 errorem

1855 2935 2167 2989 deciderunt
2198 2952 2211 2988 :
2241 2936 2465 2988 alterum
2517 2948 2724 2995 eorum,
2750 2934 2841 3001 qui
2873 2934 2939 2986 de
2968 2934 3383 2987 circumcisione

1854 3040 1948 3093 per
1979 3022 2175 3078 Mosem
2196 3022 2249 3075 in
2279 3023 2506 3091 primum
2526 3022 2736 3090 pietatis
2750 3019 2970 3089 gradum
2989 3022 3381 3076 ascenderunt:

170 3086 568 3160 ἂγωγηθείσι,
606 3089 710 3141 καὶ
733 3089 835 3156 τὴν
860 3087 1080 3158 πρώτην
1113 3089 1325 3158 ἐντολὴν
1359 3089 1753 3161 κατωρθωκόσι,

1855 3117 2068 3169 tertium
2100 3128 2282 3167 eorum
2306 3152 2319 3175 ,
2354 3117 2442 3181 qui
2479 3128 2784 3181 supremum
2834 3111 3007 3165 locum
3046 3128 3141 3181 per
3181 3112 3383 3166 doctri-

177 3182 446 3249 νομοθετῶ
475 3182 585 3251 τὴν
612 3178 985 3246 τελειοτέραν,
1021 3178 1138 3247 μηδ’
1164 3179 1329 3248 ὀργῆς
1360 3179 1629 3248 ἐνέχεσθαι
1655 3180 1757 3232 πά-

176 3268 257 3321 οει
274 3272 668 3342 προστάττων.
699 3267 814 3319 Καὶ
868 3262 1053 3329 αὖθιςο
1099 3269 1155 3320 '0
1183 3268 1279 3336 μὲν
1306 3268 1503 3338 Μωσῆς
1534 3272 1754 3337 μοιχοῖς,

171 3358 264 3409 καὶ
283 3360 620 3420 ἀκολάστοις
655 3355 965 3409 διετάττετο
989 3356 1050 3408 τὸ
1076 3356 1148 3426 μὴ
1177 3356 1463 3425 μοιχεύειν,
1501 3358 1631 3427 μηδὲ
1662 3359 1758 3426 ἀρ-

174 3452 515 3510 σενοκοιτείν,
558 3446 707 3517 μηδὲ
750 3443 853 3507 τὰς
892 3444 1042 3514 παρὰ
1093 3444 1250 3513 φύσιν
1299 3444 1486 3515 ἡδονὰς
1524 3443 1753 3506 διώκειν,

172 3532 394 3587 θάνατον
424 3537 533 3605 τὴν
574 3532 861 3601 τιμωρίαν
904 3534 1016 3593 τοῖς
1057 3531 1475 3602 παραϐαίνουσιν
1506 3532 1753 3597 ὲπάγων·

167 3621 279 3687 ἐγὼ
304 3624 364 3675 δὲ
397 3624 521 3693 μηδ’
558 3621 870 3690 ἐμϐλέπειν
902 3622 1128 3687 γυναῖκα
1163 3622 1279 3690 μετ’
1309 3621 1589 3689 ἐπιθυμίας
1633 3621 1757 3673 ἀκο-

167 3707 363 3764 iam.)
405 3713 535 3774 τοὺς
583 3710 763 3779 ἐμοὺς
806 3708 1066 3778 βούλομαι
1113 3709 1376 3778 μαθητάς.
1421 3710 1527 3761 Kal.
1560 3710 1751 3763 πάλινο

183 3798 246 3849 ’0
268 3801 365 3869 μὲν
410 3800 630 3867 ἔλεγεν
673 3816 692 3847 ι
723 3796 839 3849 Οὐκ
871 3797 1237 3867 ἐπιορκήσεις,
1268 3797 1560 3861 ἀποδώσεις
1585 3800 1639 3852 δὲ
1679 3800 1756 3870 τῷ

170 3884 429 3957 Θεῷ-τοὺς
464 3890 679 3958 ὅρκους
711 3902 828 3938 σοιν
870 3884 979 3953 ἐγὼ
1005 3887 1061 3939 δὲ
1108 3886 1248 3954 λέγω
1274 3888 1419 3956 ὑμῖν,
1461 3887 1531 3957 μὴ
1567 3888 1754 3957 ὀμόσαι

170 3975 320 4042 ὅλως,
350 3980 466 4032 ἀλλ’
494 3978 661 4030 ἔσται
700 3977 731 4028 ό
756 3976 911 4042 λόγος
933 3974 1083 4044 ὑμῶν
1113 3977 1221 4039 ναὶ,
1242 3975 1362 4028 ναί·
1388 3974 1471 4037 οὒ,
1500 3976 1558 4029 οὗ
1584 3994 1595 4007 ·
1615 3978 1675 4030 τὸ
1698 3979 1755 4031 δὲ

171 4071 426 4137 περισσὸν
454 4068 671 4121 τούτων
706 4066 772 4117 ἐκ
799 4063 894 4116 τοῦ
937 4064 1170 4134 πονηροῦ
1209 4066 1341 4117 ἐστι.
1378 4084 1396 4116 ι
1422 4065 1530 4120 Καὶ
1557 4066 1713 4118 πάλιν
1736 4084 1749 4097 ο

182 4155 245 4208 Ὁ
280 4159 380 4227 μὲν
426 4158 561 4218 τοὺς
608 4154 936 4215 ἀδικοῦντας
969 4152 1274 4221 ἀμύνασθαι
1321 4154 1413 4207 καὶ
1455 4156 1754 4208 ἀνταδικεῖν

173 4242 843 4313 παρεκελεύετο,λέγων·‹
883 4240 1190 4309 Ὀφθαλμὸν
1206 4241 1326 4293 ἀντὶ
1350 4241 1638 4312 ὀφθαλμοῦ,
1663 4244 1753 4295 καὶ

171 4330 352 4388 ἁδόντα
386 4335 514 4387 ἀντὶ
589 4332 841 4392 ὀδόντοςο
891 4328 1003 4397 ἐγὼ
1027 4330 1085 4382 δὲ
1122 4330 1264 4397 λέγω
1291 4330 1436 4399 ὑμῖν,
1474 4332 1544 4401 μὴ
1605 4334 1750 4385 ἀντι-

180 4423 358 4491 στῆναι
404 4424 485 4492 τῷ
533 4420 787 4489 πονηρῷ,
833 4419 949 4472 ἀλλ’
978 4420 1129 4479 ὅστις
1168 4435 1225 4470 σε
1262 4420 1473 4489 ραπίσει
1519 4421 1609 4474 ἐπὶ
1656 4421 1749 4491 τὴν
1780 4418 1823 4471 D

178 4508 347 4576 δεξιὰν
393 4512 633 4579 σιαγόνα
668 4526 785 4571 σου,
829 4507 1063 4577 στρέψον
1104 4506 1252 4575 αὐτῷ
1290 4510 1383 4560 καὶ
1422 4508 1516 4578 τὴν
1554 4510 1715 4581 ἀλλην
1737 4527 1750 4541 ο

182 4598 271 4649 καὶ
293 4600 362 4669 τῷ
388 4597 607 4651 θέλοντί
639 4613 721 4648 σοι
753 4594 1036 4665 κριθῆναι,
1062 4595 1160 4647 καὶ
1193 4594 1283 4646 τὸν
1324 4595 1519 4663 χιτῶνά
1545 4615 1634 4650 σου
1657 4598 1750 4651 λα-

179 4687 303 4752 ϐεῖν,
329 4691 466 4757 ἄφες
493 4685 649 4755 αὐτῷ
682 4686 777 4738 καὶ
802 4685 863 4737 τὸ
896 4683 1136 4753 ἱμάτιον.
1153 4702 1171 4732 ι
1200 4682 1308 4734 Καὶ
1334 4684 1487 4736 πάλιν
1508 4702 1521 4715 ⁸
1561 4687 1618 4738 '0
1654 4686 1749 4755 μὲν

181 4779 393 4847 παρῄνει
445 4779 542 4831 τὸν
607 4777 709 4846 μὲν
769 4774 924 4841 φίλον
980 4773 1229 4840 ἀγαπᾷν,
1291 4776 1460 4840 μισεῖν
1518 4774 1572 4827 δὲ
1628 4777 1749 4836 τοὺς

177 4867 385 4936 ἐχθρούς
407 4886 421 4899 ·
469 4865 585 4934 ἐγὼ
612 4866 670 4917 δὲ
712 4863 835 4916 καθ’
869 4859 1194 4931 ὑπερϐολὴν
1237 4860 1628 4931 φιλανθρωπίας
1658 4865 1749 4918 καὶ

179 4956 533 5023 ἀνεξικακίας,
567 4954 795 5023 ἀγαπᾷν
844 4952 982 5011 τοὺς
1026 4947 1263 5017 ἐχθροὺς
1296 4950 1418 5019 ὑμῖν
1464 4952 1749 5021 νομοθετῶ.

180 5045 265 5097 καὶ
289 5042 685 5117 προσεύχεσθαι
724 5041 871 5110 ὑπὲρ
917 5035 1040 5089 τῶν
1072 5036 1389 5099 διωκόντων,
1418 5037 1562 5101 ὃπως
1598 5039 1753 5109 γένη-

185 5131 264 5184 σθε
288 5135 382 5187 υἱοὶ
413 5133 509 5186 τοῦ
541 5129 761 5201 Πατρδς
783 5126 952 5197 ὑμῶν
989 5124 1096 5176 τοῦ
1130 5124 1189 5173 ὲν
1217 5124 1464 5193 οὐρανοῖς,
1495 5127 1638 5190 ὅστις
1663 5131 1751 5182 τὸν

180 5220 306 5289 ἥλιον
335 5223 621 5277 ἀνατέλλει
658 5220 755 5271 ἐπὶ
788 5213 1096 5282 πονηροὺς
1119 5212 1216 5265 καὶ
1237 5213 1481 5279 ἀγαθοὺς,
1509 5218 1600 5268 καὶ,
1632 5217 1752 5288 βρέ-

163 5323 247 5369 Ιίι
291 5314 372 5367 ἐπὶ
411 5311 668 5371 δικαίους
713 5305 816 5359 καὶ
851 5302 1128 5360 ἀδίκους.
1181 5300 1281 5350 Καὶ
1314 5301 1397 5352 ἐπὶ
1418 5302 1652 5368 τούτοις.
1689 5309 1746 5361 σο

130 5389 242 5477 ﬁt»
264 5406 389 5477 πρὸς
426 5404 531 5474 τὴν
571 5398 695 5452 τῶν
746 5389 1002 5477 πολλῶν
1044 5385 1306 5477 σκληρίαν
1338 5389 1609 5477 ἡρμόζετο,
1650 5395 1743 5446 καὶ

105 5471 234 5559 ’ἧς
260 5471 528 5568 ἐμπαθέσι
572 5479 933 5549 κατάλληλα
981 5474 1317 5537 διετάττετο,
1356 5476 1739 5551 ἐξηλλαγμένον

211 5665 432 5736 ’Ἶρι-ειη.
473 5682 647 5726 xxxx.
683 5658 791 5717 3|,
824 5652 930 5706 32.
1023 5648 1080 5679 "
1106 5644 1239 5701 Ibid.
1270 5648 1349 5704 32.

1852 3221 1975 3260 nam
2019 3205 2375 3274 evangelicam
2425 3204 2721 3257 obtinuere.
2754 3201 2818 3254 Et
2854 3202 2996 3257 hunc
3041 3202 3279 3272 quidem,
3333 3203 3382 3257 si

1853 3294 2083 3347 medium
2125 3293 2351 3345 duorum
2406 3289 2770 3349 constitueris,
2817 3304 2884 3342 ne
2916 3296 3101 3358 putato
3154 3291 3383 3359 amplius

1852 3397 1965 3447 eos,
1996 3382 2085 3450 qui
2119 3397 2147 3434 a
2173 3379 2369 3434 Judaais
2397 3377 2693 3439 discedant,
2734 3378 2788 3429 in
2812 3377 3025 3431 Grzecos
3069 3378 3204 3433 ritus
3234 3395 3385 3447 opor-

1852 3481 1967 3526 tere
1996 3473 2102 3525 ullo
2123 3471 2279 3524 modo
2314 3471 2571 3530 recidere,
2604 3485 2775 3536 neque
2796 3471 2886 3536 qui
2916 3485 2946 3521 a
2977 3468 3175 3521 Graecis
3207 3469 3381 3522 abdu-

1853 3568 2062 3624 cantur,
2107 3561 2319 3613 Judaeos
2376 3558 2486 3612 fieri
2528 3558 2868 3618 necessario,
2902 3557 2995 3611 sed
3024 3557 3114 3609 ubi
3162 3557 3383 3611 tertium

1853 3651 2144 3718 acceperis,
2170 3660 2223 3703 et
2250 3650 2425 3703 medio
2458 3649 2577 3701 loco
2636 3648 3000 3708 constitueris,
3059 3645 3382 3699 eminentem

1852 3754 2119 3809 supraque
2150 3740 2287 3792 alios
2307 3743 2605 3792 exstantem
2634 3725 2907 3799 invenies,
2942 3742 2996 3789 et
3032 3734 3185 3803 quasi
3219 3749 3384 3803 super

1852 3830 2147 3887 celsissima
2176 3828 2402 3897 quadam
2434 3827 2650 3897 specula
2700 3826 2982 3881 sublimem
3038 3823 3379 3884 collocatum,

1851 3922 2086 3989 reliquos
2117 3918 2251 3972 duos
2281 3918 2506 3972 inferius
2536 3918 2788 3986 utrinque
2829 3916 3124 3984 despicere.
3186 3913 3383 3982 Eﬂ'ugit

1849 4012 1990 4066 enim
2013 4016 2064 4062 et
2088 4006 2390 4061 Graecorum
2421 4005 2655 4075 impiam,
2689 4014 2847 4073 atque
2868 4003 3141 4057 erroribus
3171 4002 3381 4071 plenam

1852 4098 2285 4166 superstitionem
2320 4134 2336 4157 ,
2381 4095 2778 4163 dissolutasque
2839 4092 3245 4153 fornicationes,
3290 4098 3380 4145 atc-

1850 4201 1953 4255 que
1978 4186 2326 4240 insolentias:
2372 4192 2425 4237 et
2451 4182 2753 4237 Iudaeorum
2797 4182 3003 4244 itidem,
3036 4196 3154 4249 qum
3178 4195 3209 4234 a
3234 4179 3380 4235 Mosa

1849 4275 2085 4344 perfecta
2112 4281 2214 4338 est,
2263 4272 2628 4341 imperfectam
2657 4282 2706 4326 et
2745 4271 2899 4340 quasi
2939 4270 3177 4338 parvulis
3218 4279 3380 4338 atque

1852 4365 2078 4421 inﬁrmis
2099 4364 2548 4417 accommodatam
2581 4361 2995 4416 observantiam.
3023 4358 3378 4414 Domesticam

1851 4473 2030 4528 porro,
2062 4465 2220 4525 atque
2242 4456 2307 4507 ab
2334 4455 2487 4507 initio
2507 4453 2775 4522 propriam
2806 4467 2911 4505 non
2952 4452 3125 4505 solum
3154 4450 3375 4514 Judaais,

1848 4550 1940 4605 sed
1961 4556 2015 4603 et
2041 4546 2260 4611 Graecis,
2290 4555 2342 4599 et
2368 4543 2633 4605 barbaris,
2685 4550 2738 4597 et
2762 4556 3091 4610 quaecunque
3118 4541 3217 4594 sub
3265 4540 3378 4593 sole

1846 4645 1995 4699 sunt,
2028 4637 2276 4706 gentibus
2326 4635 2621 4689 inclamans
2657 4632 2843 4701 legem,
2877 4629 2999 4684 vide
3035 4629 3162 4698 quid
3188 4628 3370 4681 dicat:

1847 4727 1889 4783 Ο
1940 4728 2121 4789 homo,
2176 4735 2230 4780 et
2286 4726 2592 4779 universum
2652 4721 2954 4775 mortalium
3030 4731 3218 4787 genus,
3269 4714 3373 4782 23

1846 4815 2007 4870 Musis
2052 4814 2264 4882 quidem
2330 4815 2414 4867 lex
2474 4812 2539 4865 ab
2574 4826 2679 4864 uno
2718 4824 2911 4879 genere
2967 4806 3239 4861 hominum
3290 4804 3376 4855 iu-

1846 4904 2070 4971 cu’piens,
2099 4901 2337 4954 omnium
2381 4901 2611 4970 primum
2657 4898 2958 4953 Iudaeorum
3003 4907 3190 4961 genus,
3230 4889 3373 4945 illius

1847 4989 2217 5059 promissionis
2272 4993 2461 5058 gratia,
2491 5003 2610 5058 qua:
2663 4987 2728 5040 ad
2772 4985 2888 5052 pios
2927 4981 3124 5047 Deique
3170 4979 3372 5032 amicos

1846 5083 2080 5149 ipsorum
2112 5087 2318 5147 patres,
2351 5079 2488 5133 facta
2538 5086 2638 5138 est,
2672 5075 2737 5128 ad
2774 5073 2934 5125 unius
2972 5069 3064 5122 Dei
3108 5067 3372 5137 cognitio-

1844 5185 1964 5224 nem
2008 5169 2312 5235 cultumque
2355 5166 2597 5223 vocabat.
2641 5169 2699 5215 ut
2742 5160 2885 5211 dicto
2939 5156 3248 5218 audientes,
3305 5155 3375 5208 ab

1845 5258 2163 5314 intolerabili
2191 5256 2487 5310 daemonum
2514 5246 2792 5321 tyrannide
2828 5246 3097 5300 liberaret.
3128 5243 3237 5314 Ego
3276 5259 3374 5296 au-

1848 5359 1954 5407 tem
2003 5352 2248 5405 omnibus
2287 5345 2611 5405 hominibus,
2644 5349 2697 5395 et
2724 5354 2840 5408 qua:
2869 5339 3068 5408 ubique
3110 5346 3373 5389 terrarum

1849 5448 1993 5506 sunt,
2024 5440 2268 5512 gentibus
2324 5433 2605 5492 sublimius
2650 5436 2959 5499 provectam
2997 5426 3090 5480 Dei
3122 5420 3374 5494 cognitio-
