3870 6322
811 371 888 438 ετ
1425 373 1689 432 EUSEBll
1725 350 2191 429 casantensrs
2226 367 2339 428 oet

1679 373 1689 428 l
1725 350 2191 429 CESAltIENSIS
2226 367 2372 428 ore.
2412 366 2588 424 pass
2623 365 2690 420 ιι.
2727 394 2795 405 -
2840 324 3207 423 Αρσιοιειιὸι.

812 507 953 556 nem,
980 496 1032 546 et
1067 490 1316 557 pietatem
1349 496 1661 557 apportans,
1695 494 1757 540 ut
1786 485 1852 539 ad
1876 483 2112 554 regulam
2133 497 2339 547 eorum,

2047 498 2112 537 tm
2133 497 2339 547 eorum,
2366 486 2414 544 Α
2441 478 2535 531 καὶ
2562 473 2927 544 ὑποϐεϐηκότα
2964 476 3066 545 παρὰ
3091 475 3152 528 τὸν
3173 476 3322 527 παλαιον
3338 474 3468 545 τρόπον
3487 494 3575 544 rapa

811 579 901 646 qui
930 592 1050 630 cum
1073 575 1338 628 Abraham
1366 575 1632 635 vixerunt,
1655 571 1853 640 quique
1879 578 2002 623 ante
2028 567 2188 622 Mosis
2212 573 2339 622 teta-

2048 567 2188 622 dosis
2212 573 2339 622 teta-
2433 567 2555 628 δοὺς
2597 564 2871 625 εὐσεϐείας
2893 580 2906 594 ·
2939 564 3018 633 ἐγὼ
3039 565 3079 617 δὲ
3105 560 3169 616 ἐπὶ
3188 564 3251 616 τὸν
3271 564 3454 634 πρόπαλαι
3479 565 3576 634 θεοφι

813 674 916 720 ιειιι
957 665 1225 732 degentes,
1273 662 1390 732 ipso
1437 676 1649 732 quoque
1670 659 1971 714 Abrahamo
2012 657 2336 727 antiquiores

2045 657 2336 727 ntiquiores
2435 655 2640 727 ἀνδρῶν
2688 654 2879 723 εὐσεϐῆ
2911 655 2987 706 καὶ
3013 653 3166 723 θεοφιλῆ
3195 653 3270 722 βίον
3294 651 3544 723 ἀνακαλοῦιιαι
3570 674 3573 689 ι

808 755 1078 812 exstitere,
1105 753 1226 806 vita:
1257 767 1368 807 sua:
1397 752 1740 806 moderentur
1757 744 2033 811 adhortor;
2064 748 2118 800 in
2143 747 2336 815 quibus

2064 748 2118 800 in
2143 747 2338 815 quibus
2434 746 2657 808 πάντας.
2692 742 2801 796 Kal.
2845 742 2925 810 ἐφ’
2956 743 3122 796 ἆπασιν’
3149 744 3169 794 ὁ
3206 742 3272 811 μὲν
3300 742 3372 812 γῆν
3395 742 3577 812 ῥέουσαν·

806 843 876 897 ab
903 842 1137 897 externis
1176 842 1425 911 gentibus
1452 837 1697 909 profecti,
1732 837 1823 905 qui
1852 834 1919 889 de
1947 832 2104 888 laude
2126 834 2334 904 pietatis

2047 836 2104 888 de
2126 834 2339 904 pietatis
2436 834 2530 887 καὶ
2557 832 2693 903 μέλι,
2714 827 2800 884 οἷα
2826 829 3316 901 νηπίοις,,ὲπηγγέλλετοο
3336 830 3412 898 ἐγὼ
3429 818 3467 882 δέ
3486 831 3575 899 βασύ

805 931 1030 998 gloriam
1060 929 1397 1001 adoptisunt.
1414 927 1595 996 plures
1613 931 1998 979 memorantur.
2026 922 2090 975 Et
2108 934 2297 976 rursus
2323 939 2333 976 :

2049 922 2090 975 Et
2108 934 2297 976 rursus
2323 939 2337 976 :
2436 922 2673 995 οὐρανῶν
2697 923 2805 984 τοῖς
2848 921 2968 983 οἵοις
2999 936 3041 972 τε
3076 919 3218 989 χωρεῖν
3246 918 3432 990 προξενῶι
3457 919 3577 973 Ταῦτα

806 1016 971 1073 Mosis
1001 1019 1214 1086 quidem
1260 1017 1366 1079 lex,
1408 1015 1463 1068 in
1502 1028 1667 1068 unum
1707 1020 1861 1067 terra:
1885 1009 2089 1065 certum
2119 1024 2183 1065 ac
2210 1009 2334 1064 deﬁ-

2049 1025 2089 1063 at
2119 1024 2183 1065 ac
2210 1009 2342 1064 deﬁ-
2435 1011 2503 1064 τὰ
2545 1008 2782 1070 τοιαῦτα,
2823 1010 2852 1061 ὁ
2892 1008 2979 1077 τῆς
2997 1008 3148 1076 Καινῆς
3176 1006 3368 1077 Διαθήκης
3390 1006 3499 1074 λόγος
3529 1008 3577 1059 διε

804 1107 974 1162 nitum
1015 1107 1211 1169 locum,
1240 1120 1331 1160 eos
1378 1103 1470 1172 qui
1512 1101 1785 1173 religionis
1828 1099 2157 1170 propositum
2193 1112 2332 1151 com-

2049 1108 2157 1153 tum
2193 1112 2340 1151 com-
2438 1100 2671 1172 Χριστοῦ
2712 1099 3024 1161 διδασκαλίας
3060 1100 3159 1150 πᾶσι
3189 1098 3426 1168 κατήγγειλε
3455 1101 3534 1160 τοῖς
3562 1099 3577 1149 ἓ

805 1197 946 1266 plexi
966 1204 1163 1259 eSSent,
1185 1210 1248 1249 ex
1272 1194 1391 1249 aliis
1421 1192 1673 1247 omnibus
1701 1191 1834 1245 locis
1861 1205 2076 1245 currere
2087 1187 2333 1259 jubebat:

2047 1205 2076 1245 e
2087 1187 2334 1259 iubebat:
2436 1190 2543 1243 Καὶ
2569 1189 2734 1242 ταῦτα
2756 1185 2841 1259 ἦν,
2877 1188 2912 1242 ἃ
2937 1192 3026 1251 τοῖς
3055 1185 3179 1241 αὑτοῦ
3203 1187 3394 1257 μαθηταῖς
3417 1188 3575 1257 ὁΧριστ

803 1300 902 1355 ego
961 1294 1137 1339 autem
1178 1283 1476 1337 condonata
1522 1281 1771 1335 omnibus
1818 1280 2083 1343 libertate,
2122 1293 2231 1333 non
2281 1278 2331 1332 in

2049 1295 2083 1343 ξ,
2122 1293 2231 1333 non
2281 1278 2337 1332 in
2436 1278 2567 1332 Θεοῦ
2609 1282 2739 1332 πᾶσι
2784 1282 2893 1341 τοῖς
2936 1277 3072 1330 ἔθνεσι
3110 1277 3399 1344 καταγγέλλειν
3431 1276 3577 1348 παρῂνε

805 1372 1034 1442 quodam
1063 1382 1214 1426 terra:
1240 1370 1455 1439 angulo,
1484 1384 1658 1438 neque
1685 1369 1740 1423 in
1767 1368 2061 1434 montibus,
2092 1375 2183 1421 aut
2220 1368 2333 1437 qui;

2049 1406 2061 1434 ,
2092 1375 2183 1421 aut
2220 1368 2338 1437 qui-‘-
2438 1386 2568 1434 σας·
2620 1388 2638 1421 ι
2683 1368 3017 1440 Πορευθέντες
3054 1366 3336 1438 μαθητεύσατε
3369 1366 3500 1419 πάντα
3534 1366 3577 1418 τὰ

803 1462 1030 1517 busdam
1078 1469 1239 1515 manu
1284 1459 1439 1514 factis
1475 1459 1709 1530 templis,
1748 1459 1913 1514 Deum
1957 1475 2215 1529 quaerere,
2244 1456 2331 1514 sed

2049 1475 2215 1524 erere,
2244 1456 2338 1514 sed
2434 1460 2765 1527 διδάσκοντες
2807 1463 2987 1525 αὐτοὺς
3019 1466 3163 1532 τηρεῖν
3201 1461 3337 1514 πάντα
3368 1462 3447 1513 an
3475 1462 3577 1513 ὶνετε

802 1553 946 1608 domi
965 1566 1073 1606 sua!
1091 1563 1519 1618 unumquemque
1537 1549 1685 1602 illum
1714 1548 1889 1603 colere
1920 1558 2080 1619 atque
2112 1547 2330 1604 adorare

2049 1563 2080 1603 e
2112 1547 2338 1604 adorare
2437 1551 2562 1620 ὑμῖν
2586 1567 2599 1580 ·
2632 1569 2649 1601 ι
2677 1551 2712 1603 ἂ
2738 1552 2828 1603 καὶ
2851 1552 2999 1602 πᾶσιν
3017 1547 3272 1620 ἀνθρώποις,
3295 1548 3464 1618 Ἕλλησί
3485 1565 3528 1600 τε
3547 1566 3577 1601 κε

802 1640 1073 1711 praecipio.
1117 1638 1183 1691 Et
1220 1654 1450 1694 rursus:
1476 1636 1640 1692 Vetus
1663 1638 1875 1707 quidem
1914 1638 2021 1702 lex,
2060 1638 2330 1694 sacrificii!

2060 1638 2336 1694 sacriﬁciis
2436 1637 2619 1709 ὀάροις
2644 1638 2922 1707 φυλάττειν
2940 1637 3214 1708 παραδιδοὺς,
3237 1636 3402 1704 σαφῶς,
3419 1637 3464 1688 τί
3481 1636 3577 1688 ποτὲ

801 1740 857 1785 ει
904 1729 1211 1783 animalium
1262 1727 1515 1791 caadibus,
1552 1727 1815 1796 thureque
1855 1735 1909 1782 et
1949 1728 2089 1797 igne,
2122 1734 2176 1782 et
2219 1726 2329 1780 aliis

2023 1743 2089 1790 te,
2122 1734 2176 1782 et
2219 1726 2336 1780 aliis
2435 1728 2870 1799 Χριστιανισμὺς,
2900 1727 3106 1797 ἐξέφηνε,
3127 1725 3240 1789 τίνες
3264 1726 3300 1778 θ’
3315 1727 3454 1796 ἡμεῖς,
3480 1728 3551 1778 καλ¹

798 1816 1119 1887 quihusdam
1148 1816 1386 1884 ejusdem
1418 1816 1628 1884 generis
1644 1815 2055 1884 purgationibus
2074 1816 2326 1885 corporis;

2049 1816 2332 1885 icorporis,
2366 1802 2407 1866 Β
2433 1817 2540 1869 τῶν
2578 1817 2791 1870 τοιῶνδε
2831 1816 2990 1885 λόγων
3020 1834 3069 1869 τε
3102 1816 3180 1870 καὶ
3217 1816 3481 1887 μαθημάτων
3515 1816 3577 1867 διδ

798 1908 1066 1966 summum
1099 1899 1264 1962 Deum
1292 1908 1468 1963 colere
1509 1906 1823 1962 hortabatur
1856 1926 1868 1961 :
1900 1924 1998 1978 ego
2038 1916 2214 1964 autem
2245 1924 2326 1964 sa-

2049 1916 2214 1964 ιιιιεηι
2245 1924 2335 1964 sa-
2434 1907 2591 1970 αὺτὺς
2619 1909 2648 1959 ὁ
2679 1906 2863 1978 Σωτὴρ
2888 1907 2975 1959 καὶ
3009 1906 3176 1977 Κύριος
3199 1906 3326 1976 ἡμῶν
3362 1904 3524 1976 Ἰησοῦς
3559 1908 3577 1959 ὁ

798 2017 892 2056 cra
941 2001 1132 2056 animae
1171 2000 1408 2063 tradens,
1469 2006 1646 2054 mente
1696 1999 2004 2069 purissima,
2053 2000 2326 2069 animoque

2053 2000 2336 2069 animoque
2431 1995 2523 2049 τοῦ
2561 1995 2714 2059 Θεοῦ,
2736 2000 2764 2049 ὁ
2790 1996 2886 2066 τὴν
2913 1995 3076 2065 καινὴν
3107 1994 3277 2065 ταύτην
3300 1996 3377 2049 καὶ
3407 1997 3575 2067 naviga

799 2091 1142 2156 nitidissima,
1181 2105 1303 2144 cum
1342 2088 1604 2144 modestia
1651 2089 2016 2157 virtutumque
2053 2091 2327 2144 sectatrice

2053 2091 2333 2144 sectatrice
2431 2084 2580 2138 τείαν
2602 2084 2721 2137 καθ’
2743 2085 2861 2138 ὅλου
2885 2086 2972 2139 τοῦ
2994 2084 3168 2156 κόσμου
3200 2086 3558 2158 συστησάμενος·

797 2182 928 2244 vita,
956 2181 1225 2249 rectisque
1256 2177 1560 2240 sententiis,
1581 2184 1634 2232 et
1657 2177 1910 2247 pietatem
1936 2191 2045 2247 prae
2074 2192 2132 2232 se
2162 2176 2325 2232 feren-

2074 2192 2132 2232 se
2162 2176 2335 2232 feren-
2433 2174 2570 2227 αὕτα
2604 2175 2907 2244 μανθάνειν,
2954 2177 3033 2229 καὶ
3068 2176 3328 2245 φιλοσοφεῖν
3371 2176 3435 2248 μὴ
3472 2178 3573 2247 μόνα

799 2270 964 2333 tibus,
978 2268 1307 2322 divinitatem
1321 2266 1565 2321 venerari
1594 2266 1814 2335 impero.
1830 2263 1895 2317 Et
1915 2280 2101 2319 rursus
2122 2283 2134 2318 :
2159 2263 2327 2319 Moses

2048 2281 2101 2318 us
2122 2283 2134 2318 :
2159 2263 2332 2319 Moses
2434 2264 2564 2317 ἀλλὰ
2607 2264 2699 2317 καὶ
2743 2268 3011 2332 γυναῖκας,
3042 2266 3293 2331 πλουσίους
3327 2283 3379 2319 τε
3405 2267 3485 2319 καὶ
3518 2266 3575 2318 πέ

799 2358 1015 2430 quidem
1039 2359 1251 2413 illorum
1289 2365 1589 2426 temporum
1616 2355 1943 2419 hominibus,
1974 2356 2126 2424 quasi
2156 2356 2220 2410 iis
2237 2356 2327 2425 qui

2050 2356 2126 2409 asi
2156 2356 2220 2410 iis
2237 2356 2331 2425 qui
2433 2353 2647 2416 δούλους
2669 2354 2783 2422 ἅμα
2827 2354 3110 2418 δεσπόταις.
3135 2357 3234 2409 Καὶ
3266 2356 3355 2426 μὴν
3379 2357 3403 2409 ὁ
3432 2355 3517 2423 τῆς
3550 2373 3573 2407 ν

799 2450 1035 2505 caedibus
1048 2447 1319 2518 inquinari
1339 2447 1482 2501 soliti
1504 2450 1704 2508 essent,
1719 2459 1824 2497 non
1849 2444 2094 2498 occidere
2110 2445 2327 2514 impera-

2044 2459 2094 2498 re
2110 2445 2333 2514 impera-
2433 2458 2529 2512 της
2561 2434 2873 2512 νομοθεσίας
2897 2443 3224 2511 είσαγωγεὺς,
3256 2444 3317 2497 τὰ
3341 2444 3493 2497 πάντα
3513 2460 3572 2495 κα

799 2539 1040 2608 batzego
1066 2547 1241 2591 autem
1282 2537 1369 2599 iis,
1410 2535 1501 2604 qui
1529 2534 1633 2587 hoc
1661 2534 1834 2601 ipsum
1865 2540 2020 2587 antea
2045 2531 2327 2586 didicerint

2045 2531 2333 2586 didicerint
2435 2530 2572 2593 σέως
2618 2530 2775 2600 νόμον
2823 2531 3058 2601 εἰσῆκται
3093 2532 3525 2608 πεπολιτευμένος·
3563 2532 3573 2583 i

797 2637 853 2685 et
865 2603 1033 2697 primo
1045 2627 1120 2680 illi
1136 2633 1394 2694 przecepto
1407 2603 1788 2685 satisfecerint,
1804 2624 2026 2677 alterum
2042 2621 2325 2691 perfectius

2049 2621 2336 2691 perfectius
2434 2618 2723 2688 θαυμάζειν
2753 2618 2916 2683 ἄξιον,
2957 2620 3032 2672 ὅτι
3072 2621 3151 2692 δὴ,
3193 2603 3310 2686 νέας
3350 2618 3577 2682 πολιτείας

801 2715 1045 2785 impono,
1076 2724 1235 2782 atque
1260 2720 1319 2767 nt
1344 2726 1412 2766 ne
1442 2711 1534 2764 irae
1564 2709 1775 2779 quidem
1800 2710 2200 2781 perturbatione
2224 2711 2329 2763 vin-

2045 2710 2200 2764 ltione
2224 2711 2339 2763 vin-
2437 2707 2638 2778 μέλλων
2677 2708 3097 2779 καταστήσεσθαι
3130 2711 3224 2781 τῆς
3256 2711 3384 2765 κατὰ
3419 2711 3474 2765 τὸ
3502 2712 3573 2763 sua

797 2809 1009 2868 cantur,
1027 2802 1297 2873 praecipio.
1313 2801 1374 2855 Et
1389 2816 1613 2856 rursus:
1649 2799 1823 2856 Moses
1839 2800 2051 2870 quidem
2082 2799 2325 2854 adulteris

2048 2822 2051 2853 ι
2082 2799 2336 2854 adulteris
2433 2795 2524 2849 τοῦ
2569 2799 2772 2867 Καινῆς
2797 2799 3075 2871 Διαθήκης,
3099 2801 3199 2872 ,οὐχ
3228 2804 3302 2867 ὡς
3330 2803 3483 2874 ἐχθρὰ
3511 2803 3576 2856 καὶ

796 2893 1177 2960 dissolutisque
1206 2889 1513 2945 hominibus
1529 2889 1696 2959 legem
1714 2889 1892 2958 posuit
1917 2904 2026 2943 non
2049 2889 2324 2954 mmcbari,

2049 2889 2333 2954 mmcbari,
2433 2887 2668 2951 Μωσέως
2701 2890 3058 2960 παρῃτήσατο.
3087 2886 3160 2944 Ἦ
3199 2893 3307 2965 γὰρ
3345 2894 3407 2948 ἂν
3434 2893 3571 2963 ἐνομί

796 2984 1034 3038 maribus
1079 2997 1188 3035 non
1234 2980 1471 3044 misceri,
1508 2969 1811 3048 voluptates
1868 2982 2062 3048 praeter
2087 2986 2324 3032 naturam

2049 2986 2336 3032 maturam
2435 2975 2593 3046 λέμια
2622 2978 2806 3030 Μωσεί
2846 2978 3230 3046 διατάττεσθαι,
3281 2983 3415 3037 οὕτω
3471 2984 3577 3036 ’τεέ

796 3088 906 3127 non
959 3071 1174 3135 sectari,
1230 3078 1284 3125 et
1333 3068 1654 3138 supplicium
1708 3068 1901 3123 mortis
1942 3068 2032 3128 iis.
2080 3068 2173 3138 qui
2227 3082 2324 3121 non

2080 3068 2173 3138 qui
2227 3082 2337 3121 non
2366 3131 2402 3146 Α
2435 3066 2560 3136 ἑσχε
2611 3067 2705 3138 τῆς
2757 3068 2893 3122 κατὰ
2933 3071 3176 3134 Μωσέως
3225 3074 3321 3127 καλ⁸
3368 3074 3470 3129 τῶν
3519 3082 3575 3146 πε

795 3161 1286 3234 obtemperassent,
1320 3131 1563 3230 adj-uuxit
1590 3176 1603 3212 :
1633 3173 1733 3229 ego
1765 3167 1942 3213 autem
1988 3131 2138 3212 meos
2170 3156 2323 3212 disci-

2049 3131 2138 3212 eds
2170 3156 2336 3212 disci-
2361 3131 2403 3188 ϐ
2439 3131 2613 3220 ἀθέοις
2662 3131 3007 3228 ἀίρεσιώταις
3055 3131 3314 3234 πλείστης
3358 3131 3577 3235 διισφτιμίι

795 3256 952 3325 pulos
992 3255 1113 3308 volo
1160 3266 1227 3306 ne
1274 3249 1471 3304 intueri
1511 3248 1725 3317 quidem
1765 3248 2040 3302 mulierem
2086 3260 2208 3300 cum
2243 3260 2323 3315 pe-

2086 3260 2208 3300 cum
2243 3260 2336 3315 pe-
2439 3246 2547 3306 τοῖς
2594 3261 2653 3296 τε
2698 3246 2761 3297 ἐκ
2808 3242 3106 3319 περιτομῆς
3139 3250 3363 3321 εὔλογον
3408 3255 3503 3325 τῆς
3547 3272 3573 3307 κ

802 3341 998 3396 tulanti
1046 3339 1354 3410 cupiditate.
1398 3335 1466 3389 Et
1496 3336 1687 3390 rursus
1720 3353 1733 3388 :
1776 3334 1868 3390 llle
1906 3333 2120 3403 quidem
2159 3331 2330 3387 dixit:

2044 3347 2120 3387 em
2159 3331 2294 3387 dixit
2319 3349 2332 3386 :
2441 3333 2632 3403 σκευῆς
2655 3334 2848 3400 αἰτίαν,
2876 3336 2925 3388 οἳ
2954 3336 3040 3408 δὴ,
3067 3338 3144 3401 ὡς
3174 3342 3476 3417 παραόἀτιιλ
3498 3345 3572 3396 χοί

801 3450 823 3484 ι
861 3431 976 3486 Non
1006 3428 1289 3500 pejerabis,
1319 3426 1414 3482 sed
1442 3426 1636 3481 reddes
1669 3424 1777 3479 Deo
1807 3438 1927 3494 qua:
1955 3423 2167 3492 jnratus
2218 3421 2329 3477 lue-

2048 3429 2167 3478 atus
2218 3421 2334 3477 lue-
2438 3423 2620 3494 νόμου,
2666 3424 2762 3495 τὴν
2782 3418 2916 3497 προς
2941 3426 3177 3484 θάνατον
3193 3434 3494 3507 ἐπιϐουλὴν
3522 3437 3576 3488 ai

793 3523 872 3579 ris
916 3540 932 3578 :
979 3536 1076 3592 ego
1103 3527 1278 3575 autem
1306 3518 1428 3573 dico
1455 3516 1629 3581 vobis,
1682 3529 1784 3571 non
1838 3512 2024 3584 jurare
2086 3512 2332 3576 omnino,
2442 3528 2620 3566 σαντο.
3064 3564 3075 3587 ⁸

795 3615 890 3672 sed
927 3615 1031 3669 erit
1066 3626 1243 3669 sermo
1281 3618 1458 3664 vester
1497 3624 1512 3661 :
1550 3614 1653 3669 est,
1703 3612 1787 3661 est
1815 3622 1828 3660 :
1854 3619 1983 3670 non,
2031 3618 2175 3657 non:
2204 3602 2344 3671 quod
2379 3611 2556 3658 autem
2596 3603 2681 3660 his
2712 3602 3082 3665 abundantius
3128 3617 3245 3676 est,
3305 3628 3338 3668 a
3368 3616 3516 3671 malo
3546 3630 3574 3670 e

795 3721 891 3762 sus
923 3724 936 3760 ι
969 3705 1060 3759 Ille
1110 3701 1327 3773 quidem
1369 3699 1596 3770 injurias
1642 3698 1873 3762 ulcisci,
1924 3703 1978 3751 et
2041 3694 2391 3751 inferentibus
2440 3696 2654 3751 easdem
2701 3696 2903 3756 referre
2962 3702 3324 3763 hortabatur
3357 3745 3376 3771 ,
3424 3708 3574 3763 dicet

791 3814 893 3869 pro
917 3797 1092 3862 oculo,
1113 3802 1165 3849 et
1199 3794 1409 3849 dentem
1431 3802 1530 3864 pro
1547 3792 1737 3847 dente:
1786 3786 2006 3860 Mego
2020 3796 2194 3842 autem
2215 3787 2336 3843 dico
2371 3789 2542 3853 vobis,
2601 3805 2707 3846 non
2765 3793 3026 3850 resistere
3094 3796 3281 3865 malo,
3327 3802 3430 3857 sed
3463 3803 3510 3857 si
3543 3817 3576 3872 q

799 3886 870 3942 rit
894 3887 948 3940 in
977 3886 1250 3940 dexteram
1281 3882 1549 3936 maxillam
1572 3886 1741 3943 tuam,
1768 3878 2064 3933 convertite
2084 3877 2148 3931 ad
2171 3877 2318 3931 illum
2357 3886 2411 3934 et
2439 3879 2656 3933 alteram
2685 3897 2699 3934 :
2727 3888 2780 3934 et
2827 3883 2918 3950 qui
2976 3884 3120 3939 velit
3164 3894 3374 3945 tecum
3439 3891 3569 3961 indi

796 3988 852 4035 et
884 3979 1119 4034 tunicam
1157 3983 1302 4029 tuam
1339 3974 1546 4037 tollere,
1594 3970 1798 4025 dimitte
1851 3969 1983 4024 eiet
2016 3968 2233 4039 pallium
2256 3969 2298 4002 "
2340 3987 2361 4022 ι
2405 3968 2470 4024 Ει
2513 3974 2706 4024 rursus
2737 3987 2750 4024 :
2780 3968 2874 4027 ille
2915 3974 3162 4043 quidem
3226 3977 3496 4037 docebat
3535 3996 3578 4035 a'

795 4079 851 4128 et
870 4069 1115 4125 inimibos
1136 4065 1388 4121 insectari
1420 4064 1588 4119 odio:
1646 4076 1744 4133 ego
1801 4066 1975 4115 autem
2033 4064 2098 4115 et
2150 4060 2473 4116 abundantia
2527 4061 2872 4121 humanitatis
2907 4072 2965 4121 et
3012 4064 3394 4137 clementiae,
3454 4078 3524 4126 ut

797 4156 1050 4235 ,ιῃίεείῑεί
1084 4168 1137 4216 et
1169 4174 1266 4231 pro
1305 4156 1747 4230 persequentibus
1786 4157 1880 4209 vos
1928 4154 2114 4219 oretis,
2158 4154 2327 4223 legem
2362 4153 2515 4209 vobis
2540 4139 2702 4224 pono,-
2737 4172 2756 4208 ι
2793 4164 2853 4210 ιιι
2882 4157 3013 4213 sitis
3047 4159 3161 4215 ﬁlii
3189 4159 3418 4219 Patris
3469 4179 3576 4220 ves

796 4263 900 4318 est,
916 4255 1006 4324 qui
1030 4253 1192 4307 solem
1209 4264 1366 4306 suum
1390 4250 1519 4303 oriri
1544 4249 1671 4302 facit
1690 4257 1850 4317 super
1869 4247 2035 4301 bonos
2056 4253 2110 4300 et
2156 4246 2344 4311 malos,
2378 4245 2594 4327 et'pluit
2620 4248 2780 4316 super
2801 4247 2984 4317 justus
3043 4257 3109 4305 et
3166 4250 3461 4321 iniustos
3483 4253 3565 4310 ἐς

796 4346 1009 4418 quidem
1038 4359 1096 4400 se
1124 4343 1189 4397 ad
1221 4344 1508 4397 multorum
1560 4341 1808 4396 duritiam
1863 4338 2313 4403 accommodabat,
2351 4345 2405 4394 et
2449 4339 2515 4394 iis
2560 4347 2702 4410 apta,
2737 4341 2826 4411 qui
2857 4343 3465 4411 perturbationibus
3524 4349 3578 4418 pl

797 4438 1048 4511 eipiebat,
1099 4438 1256 4507 atque
1298 4438 1632 4491 immutatum
1658 4432 1939 4502 quemdam
1973 4446 2004 4485 a
2047 4430 2227 4487 vetere
2252 4431 2362 4497 illo,
2402 4424 3163 4504 interioremquereligionis
3201 4441 3486 4494 modum
3527 4448 3574 4493 tt

797 4537 906 4586 tem
943 4530 1009 4585 ad
1040 4530 1203 4600 piam,
1266 4528 1679 4597 religiosamqnc
1722 4525 1881 4577 vitam
1939 4538 2145 4589 eorum,
2197 4525 2287 4593 qui
2316 4524 2506 4594 priscis
2547 4524 2652 4580 illis
2693 4525 3040 4595 temporibus
3101 4536 3359 4584 sancte
3407 4531 3578 4585 vixei

795 4639 1001 4682 versos.
1030 4623 1287 4692 Denique,
1313 4622 1402 4677 ille
1427 4619 1640 4691 quidem
1676 4625 1868 4674 terram
1891 4618 2139 4674 ﬂuentem
2169 4619 2252 4674 lac
2299 4626 2352 4673 et
2388 4618 2515 4684 mel,
2563 4619 2715 4689 quasi
2768 4620 3021 4689 parvulis
3090 4625 3559 4691 promittebat

798 4719 890 4789 qui
917 4732 1107 4788 capere
1136 4715 1361 4786 possint,
1393 4728 1615 4783 regnum
1656 4714 1872 4769 cceleste
1920 4712 2167 4768 concilio.
2194 4711 2318 4767 Haec
2355 4722 2515 4782 atque
2554 4695 2817 4782 ejusmodi
2845 4713 2978 4777 alia,
3048 4712 3233 4769 Novi
3284 4715 3578 4774 Testam

798 4810 1034 4874 Christo,
1068 4808 1314 4863 omnibus
1357 4807 1602 4877 gentibus
1650 4806 1930 4860 nuntiavit.
1968 4805 2031 4858 Et
2066 4806 2178 4860 hare
2207 4805 2321 4874 ipsa
2359 4811 2505 4869 sunt,
2554 4819 2673 4874 quae
2727 4818 2854 4859 suos
2902 4804 3297 4875 discipulos
3344 4809 3576 4866 Chris

800 4899 903 4955 bus
928 4901 1171 4971 gentibus
1195 4900 1521 4963 nuntiarent,
1552 4898 1863 4954 hortabatur
1907 4899 2091 4954 dicens
2143 4916 2156 4953 :
2204 4915 2224 4947 ι
2278 4896 2481 4951 Enntes
2532 4893 2868 4966 disciplinam
2918 4904 3240 4954 vestram
3290 4899 3576 4958 tradite

802 4988 1055 5045 dueentes
1104 5004 1197 5046 eas
1241 5000 1453 5045 servare
1491 4990 1699 5055 omnia,
1744 5002 2072 5060 quaecunque
2111 4988 2336 5058 pmcepi
2375 4988 2525 5042 vobis
2571 4989 2637 5040 ’9.
2676 5004 2695 5040 ι
2728 4987 2856 5054 Quae
2881 4988 3084 5042 etiam
3126 4995 3436 5051 cunctis
3477 4994 3568 5047 ho

801 5079 946 5135 baris
985 5095 1141 5150 quam
1171 5082 1369 5137 Graecis
1397 5086 1518 5136 cum
1560 5081 1889 5138 observanda
1926 5080 2175 5144 traderet,
2217 5080 2386 5148 plane
2418 5077 2673 5145 quidnam
2713 5077 2783 5131 sit
2823 5076 3427 5138 Christianismus
3507 5099 3568 5137 οι

757 5236 765 5243 ί
803 5174 970 5227 simus
1007 5188 1126 5236 nos,
1165 5181 1217 5227 et
1253 5174 1550 5244 cujnsmodi
1598 5175 1780 5228 talium
1831 5186 2132 5230 sermonum
2188 5185 2251 5224 ac
2303 5168 2703 5237 disciplinarum
2749 5171 3060 5240 magister,
3146 5189 3320 5244 ipse
3374 5177 3556 5244 utiq'

802 5260 980 5314 minus
1013 5269 1193 5314 noster
1250 5261 1423 5329 Jesus,
1462 5264 1553 5334 qui
1595 5264 1840 5320 Christus
1893 5272 1974 5320 est
2029 5261 2140 5326 Dei,
2187 5259 2278 5331 qui
2319 5273 2511 5314 novam
2560 5260 2698 5314 hanc
2722 5268 2776 5315 et
2803 5276 3010 5317 omnes
3040 5266 3477 5334 amplexam
3519 5283 3542 5311 ν

805 5352 860 5405 in
906 5359 1016 5404 toto
1057 5350 1186 5404 orbe
1234 5354 1526 5418 constituit,
1556 5355 1688 5411 adeo
1728 5354 1959 5425 quidem,
1990 5359 2049 5405 ut
2079 5350 2205 5404 talia
2253 5348 2479 5412 discere,
2509 5348 3024 5421 philosopharique,
3115 5361 3277 5406 tam
3329 5353 3528 5410 femi'

803 5454 1061 5511 pauperes
1102 5454 1261 5509 quam
1304 5441 1515 5507 divites,
1566 5451 1672 5499 tam
1724 5444 1865 5502 servi
1903 5456 2060 5514 quam
2117 5440 2321 5496 domini
2362 5439 2589 5511 possint.
2627 5438 2692 5491 Et
2729 5448 2909 5495 tamen
2955 5457 3180 5498 nova
3250 5443 3514 5514 hujus:

871 5620 918 5651 "
940 5618 1223 5693 EAxodxax,
1246 5617 1305 5693 _7;
1339 5616 1511 5693 Lex-it:
1534 5636 1643 5693 xix,
1665 5622 1748 5693 ης
1783 5620 1940 5693 petit.
1968 5635 2021 5683 v,
2046 5618 2150 5693 iis
2174 5606 2371 5693 Matth:
2387 5600 2650 5693 v,_55-57.
2710 5619 2755 5649 ³⁷
2783 5618 2958 5693 Exod.
3008 5639 3172 5689 ιιι,
3213 5624 3315 5680 24
3345 5643 3366 5693 ;
3442 5626 3478 5679 ι

823 5704 916 5753 .:x,
968 5689 1074 5752 2|;
1115 5686 1295 5742 Matth.
1356 5705 1408 5753 ν,
1452 5683 1637 5744 58—40.
1708 5691 1752 5723 ’⁸
1783 5690 1966 5744 Matth.
1994 5705 2045 5753 v,
2081 5687 2168 5742 45.
2202 5686 2287 5758 ς’
2326 5683 2511 5737 Matth.
2546 5700 2736 5747 xxvnt.
2777 5688 2951 5744 19-20.

3220 5792 3318 5804 ,αρν
