3870 6324
131 384 264 452 179
1144 403 1781 463 DEMONSTBATIONIS
1822 386 2272 465 EVANGELECE
2313 409 2444 466 LIB.
2486 411 2524 467 1.
3352 422 3418 479 70

115 520 414 585 (κληρωτοὶ
447 505 497 561 is
534 504 634 576 qui
687 506 750 563 in
793 518 973 572 omni
1007 520 1128 577 vita
1162 526 1331 595 legem
1379 525 1538 580 Mosis
1591 527 1906 591 servaverit,
1959 526 2300 583 introductus
2352 536 2437 585 est
2492 530 2685 601 :quod
2744 546 2873 589 sane
2931 536 3105 606 ipsum
3164 539 3420 602 admirari

354 600 587 700 pretﬂim
612 611 730 669 est,
747 608 857 676 qui
887 611 1167 671 videlicet
1193 618 1304 675 ﬁeri
1330 619 1518 689 possit,
1547 627 1604 673 ut
1626 634 1775 675 nova)
1811 621 2037 677 rationis
2065 629 2117 676 et
2156 622 2287 692 legis
2320 629 2510 678 auctor
2549 600 2782 690 iuturus,
2826 600 2966 683 Novi
3002 631 3186 700 utique
3239 600 3421 689 Testa:

105 692 445 787 βοτη-ρετ
466 692 889 787 ξὶνοηεοιίυω,
918 720 1047 762 non
1071 717 1327 782 tanquam
1356 713 1567 767 inimica
1590 721 1644 769 et
1688 715 1959 769 contraria
1995 730 2076 780 ea,
2127 731 2246 786 quas
2288 731 2319 770 a
2353 716 2499 773 Mose
2537 718 2732 773 tradita
2774 728 2921 787 sunt,
2959 726 3286 781 recusaverit
3355 725 3416 784 Si

112 782 308 861 erili”
338 783 438 839 hoc
468 784 733 855 ῖεείεδῦὶ.
767 792 905 862 ipse
956 799 1209 856 vicissim
1250 796 1379 859 Mosi
1433 803 1655 860 adversa
1705 807 2043 862 existimatus
2090 815 2232 863 esset
2272 810 2582 879 prmcipere,
2640 826 2707 864 ex
2763 826 2870 881 quo
2919 814 3096 884 impiis
3131 817 3413 887 impiarum

122 885 431 977 ὅ,διοιιιιυιιιη
472 883 821 941 auctoribus
874 899 1085 946 contra
1134 893 1332 951 Mosem
1374 904 1428 952 et
1477 898 1783 966 prephetas,
1833 898 2237 954 obtrectationis
2273 899 2377 970 25
2443 908 2496 955 et
2537 901 2921 957 maledicentia:
2965 883 3244 973 plurimam
3276 920 3414 977 prta-

133 968 378 1039 Vuisset
400 974 727 1039 materiam,
788 976 872 1034 iis
932 987 1123 1037 autem
1169 985 1261 1054 qui
1296 1001 1359 1041 ex
1404 987 1814 1044 circumcisione
1875 998 1998 1044 sunt
2042 990 2459 1059 conspirationis
2504 1000 2690 1046 contra
2732 1008 2790 1047 se
2826 994 3025 1062 justam
3073 1004 3126 1050 et
3165 997 3413 1066 probabi-

150 1072 293 1125 uam
318 1076 548 1129 causam,
573 1066 677 1135 qui
712 1068 927 1140 utique
965 1072 1042 1138 ei,
1073 1076 1227 1144 quasi
1249 1079 1341 1148 qui
1371 1088 1557 1134 contra
1602 1079 1770 1149 legem
1808 1079 2024 1147 faceret,
2064 1088 2225 1152 atque
2260 1080 2328 1136 ab
2379 1098 2441 1137 ea
2475 1082 2746 1150 deﬁceret,
2791 1084 3015 1141 insidias
3055 1086 3121 1141 ad
3172 1087 3407 1144 inferen-

166 1164 203 1217 ιι
226 1169 310 1206 am
335 1169 513 1210 necem
540 1164 1031 1218 construxerunt.
1102 1220 1110 1227 η

714 1278 1037 1335 ΚΕΦΛΛΑΙ
1045 1284 1135 1336 ΟΝ
1182 1285 1253 1338 Ζ”.
1795 1302 1842 1359 Α

186 1361 365 1426 IIch
376 1364 651 1443 Χριστιξς,
681 1372 774 1443 τὰ.
796 1371 968 1443 παρὰ
989 1373 1196 1426 Μωσεῖ
1225 1374 1520 1443 πρότερον
1539 1372 1768 1426 ἐκτελέ-

266 1449 401 1554 Satirar
423 1436 641 1502 κακῶς
673 1436 782 1488 καὶ
813 1438 966 1505 νέας
995 1436 1352 1512 εἱσαγωγὲὺς
1388 1436 1638 1509 κατέστη
1667 1458 1769 1495 ηο-

305 1518 351 1554 r:
403 1519 491 1567 ας.

2447 1280 2671 1336 CAPUT
2702 1279 2812 1337 VII.

1867 1374 2136 1440 Quomodo
2158 1368 2415 1441 Christus,
2444 1381 2716 1441 postquam
2747 1387 2807 1423 ea
2835 1384 2950 1441 qua:
2981 1391 3013 1426 a
3033 1372 3178 1429 Mose
3210 1380 3405 1436 tradita

1935 1452 2077 1517 sunt,
2114 1440 2261 1507 plene
2281 1439 2584 1517 observavit,
2635 1456 2778 1492 nam:
2820 1439 3037 1496 rationis
3074 1457 3122 1498 et
3160 1445 3287 1517 legis
3324 1452 3405 1503 in-

1933 1509 2199 1563 tra‘ductor
2226 1509 2449 1561 exstitit.

268 1613 382 1666 Navi.
415 1613 473 1667 δὲ
512 1614 707 1668 πάντα
748 1618 898 1670 κατὰ
924 1618 1015 1671 τὸν
1075 1619 1311 1683 Μωσέως
1352 1621 1510 1691 νόμον
1545 1621 1730 1674 πεπολι

1928 1617 2080 1672 Nunc
2111 1627 2286 1671 autem
2309 1624 2590 1686 postquam
2622 1618 2676 1672 in
2709 1621 2857 1673 omni
2896 1621 3004 1674 vita
3038 1621 3199 1679 Mosis
3230 1623 3401 1693 legem

211 1704 454 1773 τευμένος,
487 1707 607 1768 τοῖς
643 1707 978 1771 ἀποστόλοις
1002 1708 1164 1762 αὐτοῦ
1219 1710 1476 1781 κέχρηται
1503 1712 1730 1764 διακόνοι

1861 1709 2249 1778 comprobavit,
2281 1709 2539 1778 apostolis
2567 1710 2681 1764 suis
2717 1726 2848 1765 usus
2870 1718 2953 1764 est
2987 1727 3137 1767 nov-.e
3183 1730 3292 1769 suae
3320 1717 3401 1771 le-

208 1795 291 1863 τῆς
310 1795 495 1864 καινῆς
524 1796 703 1849 αὑτοῦ
738 1798 1082 1868 νομοθεσίας·
1118 1800 1249 1870 ὁμοῦ
1277 1801 1372 1870 μὲν
1400 1803 1492 1855 καὶ
1519 1802 1587 1855 τὰ
1636 1804 1730 1855 Mm

1857 1798 1941 1867 gis
1976 1797 2330 1862 administris,
2368 1798 2423 1850 in
2458 1798 2558 1852 hoc
2601 1800 2688 1854 ille
2726 1800 2944 1869 quidem
3003 1804 3163 1858 simul
3200 1804 3402 1862 docens

206 1881 320 1944 σὲως
334 1882 429 1934 οὐκ
452 1883 753 1954 ἀλλότρια,
784 1886 895 1938 οὐδ’
918 1886 1086 1957 ἐχθρά
1102 1887 1202 1957 τῆς
1232 1889 1433 1953 οἰκείας
1458 1889 1728 1945 θεοσεϐεία

1855 1901 1917 1940 ea
1949 1902 2068 1956 quas
2106 1903 2135 1940 a
2166 1886 2310 1942 Mose
2342 1887 2536 1940 tradita
2576 1898 2723 1953 sunt,
2777 1905 2876 1944 nec
2931 1906 2961 1944 a
3009 1905 3106 1946 sua
3144 1895 3400 1966 religione

201 1973 414 2041 ἡγεῖσθαι
443 1974 563 2027 δεῖν
592 1976 845 2042 διδάξας
881 1979 1015 2048 ὁμοῦ
1036 1978 1091 2031 δὲ
1117 1981 1207 2032 καὶ
1234 1980 1509 2052 αὐθέντης,
1542 1982 1633 2035 καὶ
1650 1985 1758 2035 εἰσ-

194 2063 377 2133 ητητὴς
414 2064 546 2128 νέας
591 2067 697 2118 καὶ
746 2068 1017 2138 σωτηρίου
1052 2069 1210 2121 πᾶσιν
1253 2069 1552 2141 ἀνθρώποις
1590 2089 1754 2125 κατα-

193 2153 307 2217 ari;
323 2156 681 2226 νομοθεσίας·
700 2158 781 2219 ὡς
804 2157 1067 2229 μηδαμῶς
1087 2160 1165 2222 είς
1187 2160 1254 2212 τὰ
1298 2161 1483 2213 Μωσεί
1503 2160 1753 2214 δοκοῦντα

188 2246 556 2316 παρανομῆσαι
591 2246 791 2310 αὐτὸν,
820 2246 973 2309 τέλος
1002 2247 1044 2300 δ’
1076 2249 1299 2311 ἐκείνοις
1327 2248 1589 2302 ἐπιθεῖναι
1623 2251 1753 2320 πρό-

182 2351 336 2404 τερον,
364 2338 462 2389 καὶ
494 2337 812 2409 πληρωτὴν
834 2339 1013 2391 αὐτῶν
1039 2340 1306 2407 γενέσθαι,
1333 2342 1424 2393 καὶ
1437 2340 1605 2404 οὕτως
1625 2342 1749 2412 περὶ⁵

176 2420 579 2489 τὴναὺθεντίαν
610 2425 717 2478 τοῦ
782 2426 925 2479 κατά
965 2427 1024 2480 τὸ
1065 2428 1390 2497 Εὐαγγέλιον
1426 2430 1585 2499 νόμου
1615 2448 1751 2501 παρ-

174 2511 498 2582 εληλυθέναι.
520 2515 649 2569 Καὶ
678 2515 872 2570 τοῦτον
883 2519 1166 2573 ἀκουστέον
1193 2519 1352 2573 αὐτοῦ
1380 2521 1621 2589 λέγοντος
1659 2519 1745 2574 τὸν

171 2603 373 2674 τρόπον·
413 2625 434 2658 ι
465 2608 591 2659 Οὐκ
625 2602 802 2677 ἦλθον
822 2608 1120 2662 καταλῦσαι
1138 2609 1227 2663 τὸν
1254 2610 1435 2681 νόμον,
1456 2609 1589 2664 ἀλλὰ
1611 2610 1745 2680 πλη-

1855 1976 2218 2041 abhorrentia,
2238 1993 2338 2031 nec
2365 1978 2534 2031 eidem
2561 1979 2775 2032 inimica
2793 1978 3098 2036 exiSIimare
3127 1993 3395 2052 oportere,

1853 2073 1905 2118 ct
1934 2067 2094 2121 simul
2135 2077 2407 2121 auctorem
2459 2082 2517 2122 se
2572 2076 2734 2138 atque
2788 2070 3210 2128 introductorem
3242 2089 3397 2130 norm

1851 2165 1904 2211 ct
1931 2157 2141 2212 cunctis
2166 2158 2474 2213 hominibus
2515 2162 2769 2215 salutaris
2817 2164 2969 2232 legis,
3006 2165 3389 2223 constituens:

1851 2254 1910 2301 ut
1936 2248 2081 2302 nullo
2114 2258 2271 2318 pacto
2304 2249 2410 2303 dici
2437 2252 2605 2318 possit
2626 2252 2896 2321 quidpiam
2948 2253 3097 2307 illum
3135 2256 3393 2313 adversus

1848 2335 2012 2392 Mosis
2044 2338 2188 2407 leges
2218 2347 2308 2391 aut
2334 2337 2550 2392 decreta
2581 2338 2806 2395 fecisse:
2834 2342 2965 2411 quin
3014 2344 3193 2413 potius
3231 2344 3389 2401 linem

1849 2425 1954 2480 illis
1970 2427 2118 2494 prius
2131 2426 2469 2497 imposuisse,
2490 2428 2781 2498 eademque
2796 2431 3029 2499 perfecte
3051 2434 3388 2500 observasse,

1845 2524 1898 2570 et
1925 2516 2004 2570 sic
2033 2516 2098 2570 ad
2142 2517 2534 2573 institutionem
2567 2521 2887 2589 evangelicae
2922 2521 3056 2591 legis
3082 2525 3384 2605 transiiss’e.

1848 2602 1912 2658 Et
1942 2605 2032 2674 qui
2065 2606 2280 2661 modum
2305 2608 2519 2677 quidem
2552 2607 2697 2664 hunc
2743 2612 2810 2664 ab
2869 2611 2987 2681 ipso
3046 2602 3385 2668 observatum

170 2692 343 2761 ρῶσαι.
377 2714 399 2746 ι
425 2696 493 2748 Ei
526 2696 640 2766 μὲν
673 2695 787 2766 γὰρ
816 2697 1137 2767 παραὸάτης
1196 2697 1288 2750 τοῦ
1318 2699 1555 2761 Μωσέως
1585 2698 1730 2769 νόμοι

1847 2696 2012 2759 dicat,
2048 2712 2154 2750 non
2183 2697 2321 2752 alius
2360 2698 2659 2754 audiendus
2704 2709 2786 2754 est
2838 2715 2997 2769 quam
3059 2699 3192 2770 ipse.
3220 2721 3238 2752 ι
3269 2701 3385 2758 Non

167 2782 407 2854 κατέστη,
440 2784 557 2838 κᾶν
588 2783 841 2852 εὐλόγως
870 2783 1124 2854 ἐνομίσθη
1162 2783 1306 2836 λύειν
1334 2785 1488 2838 αὐτὸν
1518 2785 1609 2838 καὶ
1637 2803 1741 2839 πα-

163 2878 426 2944 ρανομεῖν·
454 2875 683 2944 φαῦλος
707 2874 769 2928 δέ
794 2892 880 2937 τις
903 2875 996 2927 καὶ
1020 2875 1327 2945 παράνομος
1353 2875 1623 2942 πεφυκὼς,
1645 2877 1742 2929 οὑκ

160 2960 227 3019 ἂν
260 2962 562 3034 ἐπιστεύθη
612 2963 787 3025 αὐτὸς
823 2957 961 3015 εἶναι
1004 2965 1033 3016 ό
1074 2964 1318 3035 Χριστός.
1376 2964 1530 3017 Λύων
1574 2966 1630 3017 δὲ
1672 2965 1742 3019 τὰ

155 3053 410 3120 Μωσέως,
451 3055 584 3118 πῶς
650 3054 722 3109 ἂν
763 3053 1022 3124 ἐνομίσθη
1051 3054 1207 3118 αὐτὸς
1250 3056 1529 3125 ὑπάρχειν,
1568 3057 1597 3108 ό
1637 3057 1739 3109 ὑπὸ

154 3141 383 3207 Μωσέως
401 3144 505 3197 καὶ
538 3142 660 3196 τῶν
692 3142 987 3213 προφητῶν
1005 3143 1465 3214 κατηγγελμένος;
1484 3145 1599 3209 πῶς
1615 3145 1656 3198 δ’
1673 3145 1737 3203 ἂν

152 3230 296 3301 ἕσχεν
327 3235 393 3287 τὸ
416 3236 758 3301 ἀξιόπιστον
780 3233 975 3303 καινῆς
1004 3234 1343 3304 νομοθεσίας;
1373 3235 1514 3300 ἔδοξε
1541 3236 1647 3307 γὰρ
1672 3236 1735 3291 ἂν

149 3323 360 3389 εἰκότως
407 3327 516 3396 τῆς
551 3323 916 3395 παρανομίας
950 3323 1107 3395 χάριν
1144 3326 1236 3378 ἐπὶ
1269 3324 1367 3396 τὴν
1397 3328 1735 3397 καινοτομίαν

147 3412 479 3485 ἐληλυθέναι,
513 3415 757 3484 (φεύγων
785 3414 885 3485 τὴν
916 3416 1009 3467 ἐπὶ⁸
1034 3417 1154 3479 ταῖς
1181 3415 1539 3487 παρανομίαις
1561 3431 1730 3487 τιμωέ

148 3502 281 3572 ρίαν.
309 3505 431 3559 Νῦν
450 3506 513 3557 δὲ
543 3504 730 3576 μηδὲν
763 3502 1029 3574 μηδαμῶς
1051 3504 1158 3559 τῶν
1180 3506 1241 3558 ἐν
1266 3504 1344 3574 τῷ
1374 3505 1522 3575 νόμῳ
1545 3505 1728 3569 λύσας,

145 3592 439 3666 πληρωτὴς
480 3597 530 3648 δ’
563 3594 758 3647 αὐτῶν
796 3593 1117 3663 γενόμενος,
1155 3595 1249 3647 καὶ
1284 3592 1519 3656 τέλειος,
1559 3594 1632 3657 ὡς
1667 3595 1732 3647 ἄν

140 3686 399 3748 τιςείποι,
420 3685 567 3739 κατὰ
583 3684 821 3748 Μωσέα,
849 3686 970 3738 ἐπεὶ
997 3684 1190 3756 μηκέτι
1209 3685 1320 3746 τοῖς
1346 3682 1544 3746 λοιποῖς
1560 3682 1730 3737 ἔθνεσι

142 3771 356 3829 δυνατὸν
380 3771 450 3847 ἦν
467 3773 824 3846 ἐφαρμόζειν
845 3773 915 3827 τὰ
937 3773 1084 3844 παρὰ
1104 3773 1288 3826 Maias!
1313 3773 1514 3844 νόμιμα
1529 3772 1613 3827 διὰ
1633 3773 1730 3837 τὰς

146 3864 589 3934 προδηλωθείσας
632 3863 818 3926 αἰτίας
852 3863 1014 3933 (χρῆν
1063 3862 1119 3915 δὲ
1151 3864 1320 3933 δήπου
1359 3861 1730 3935 φιλανθρωπίᾳ

142 3953 240 4006 τοῦ
270 3957 602 4026 παναγάθου
651 3955 768 4008 τῶν
806 3955 945 4008 ὅλων
987 3954 1119 4008 Θεοῦ
1166 3954 1374 4017 πάντας
1418 3952 1728 4024 ἀνθρώπους

1848 2786 1989 2851 veni,
2020 2786 2214 2856 inquit,
2251 2787 2495 2842 scindere
2524 2788 2715 2858 legem,
2742 2788 2833 2844 sed
2864 2790 3132 2857 complere
3173 2791 3211 2845 ¹.
3247 2810 3267 2843 ›
3301 2792 3388 2846 Et-

1846 2877 1989 2930 enim
2022 2878 2067 2931 si
2093 2885 2432 2947 contemptor
2456 2877 2618 2933 Mosis
2644 2880 2776 2949 legis
2800 2879 3117 2945 exstitisset,
3139 2882 3383 2950 quamvis

1844 2964 1989 3018 illam
2021 2966 2354 3022 existimatus
2386 2976 2528 3023 esset
2561 2969 2909 3038 probabiliter
2951 2970 3216 3036 scindere,
3248 2987 3380 3027 con-

1843 3063 2031 3124 traque
2063 3070 2179 3110 eam
2214 3056 2389 3112 facere
2419 3075 2431 3110 :
2467 3058 2760 3127 improbam
2790 3067 2968 3115 tamen
3000 3061 3305 3129 quamdam,
3327 3071 3382 3116 et

1842 3159 1873 3197 a
1903 3145 2109 3217 legibus
2141 3147 2368 3199 alienam
2403 3158 2647 3202 naturam
2676 3163 2784 3217 prae
2811 3163 2868 3203 se
2906 3150 3104 3214 ferens,
3131 3151 3379 3210 Christus

1840 3248 1960 3288 esse
1994 3234 2230 3289 creditus
2271 3250 2380 3290 non
2417 3251 2577 3291 esset.
2628 3235 2797 3290 Porro
2841 3246 3016 3291 autem
3066 3239 3377 3296 rescindens

1839 3336 1901 3376 ea
1926 3338 2043 3392 qua:
2066 3338 2096 3376 a
2130 3323 2275 3378 Mose
2307 3325 2480 3393 posita
2505 3332 2650 3389 sunt,
2681 3325 2948 3395 quomodo
2976 3328 3239 3395 potuisset
3263 3328 3378 3383 exi-

1839 3413 2043 3467 stimari
2081 3413 2127 3467 is
2154 3427 2297 3477 esse,
2334 3429 2490 3483 quem
2520 3414 2758 3469 futurum
2804 3416 2975 3471 Moses
3024 3425 3075 3470 et
3105 3418 3377 3487 propheta:

1834 3503 2213 3557 nuntiassent?
2235 3504 2503 3572 quomodo
2541 3512 2718 3558 autem
2749 3507 2902 3561 novis
2925 3507 3132 3576 legibus
3169 3522 3373 3576 ponen-

1835 3592 1921 3648 dis
1945 3593 2312 3647 auctoritatem
2340 3593 2651 3649 habuisset?
2686 3594 2880 3649 merito
2917 3596 3060 3651 enim
3089 3595 3252 3653 videri
3274 3611 3372 3666 po-

1834 3683 2046 3747 tuisset,
2077 3681 2394 3752 deroganda:
2423 3683 2555 3753 legis
2586 3685 2779 3754 gratia,
2815 3685 2880 3739 ad
2914 3685 3254 3743 narrationem
3280 3701 3373 3742 re-

1833 3789 1955 3828 rum
2002 3772 2234 3839 venisse,
2279 3780 2339 3827 ut
2397 3774 2737 3840 delictorum,
2786 3789 2905 3844 quae
2956 3780 3144 3829 contra
3198 3774 3369 3846 legem

1833 3863 2220 3930 commisisset,
2285 3864 2604 3934 supplicium
2656 3863 2924 3920 evaderet.
2982 3864 3136 3920 Nunc
3187 3874 3365 3921 autem

1831 3954 1966 4008 nihil
1994 3954 2060 4009 de
2088 3954 2201 4024 lege
2229 3954 2447 4009 omnino
2476 3953 2761 4024 derogans,
2796 3962 2849 4008 et
2886 3954 3043 4023 plene
3074 3970 3192 4024 qua:
3225 3956 3279 4009 in
3302 3969 3365 4009 ea

148 4047 400 4117 ποθῆναι,
432 4049 535 4101 καὶ
565 4050 654 4108 είς
690 4046 988 4113 ἐπίγνωσιν
1011 4045 1266 4116 ἀληθείας
1291 4043 1504 4116 ἐλθεῖν),
1540 4043 1608 4097 τὰ
1629 4061 1728 4098 κα-

1834 4045 2172 4100 continentur
2209 4059 2450 4107 servans,
2491 4051 2672 4112 atque,
2704 4050 2761 4097 ut
2792 4043 2870 4099 sic
2890 4045 3087 4109 dicam,
3121 4043 3187 4097 ad
3208 4059 3365 4115 regna

144 4134 373 4208 τάλληλα
397 4140 496 4192 καὶ
530 4134 782 4207 ἁρμόδια
823 4138 937 4198 τοῖς
967 4136 1131 4188 πᾶσιν
1178 4133 1559 4206 ἐνομοθέτησεν
1581 4151 1595 4166 ο
1630 4136 1725 4188 οὐκ

142 4226 209 4278 ἂν
232 4228 502 4298 φθονήσας
526 4228 634 4281 καὶ
688 4225 762 4278 τὰ
786 4225 1036 4287 Μωσέως
1063 4224 1152 4278 διὰ
1177 4225 1288 4278 τῶν
1310 4225 1613 4279 ἀποστόλων
1630 4225 1725 4277 αὖ·

140 4315 236 4369 τοῦ
258 4323 426 4374 πᾶσιν
449 4316 779 4389 ἀνθρώποις
809 4315 1191 4384 καταγγεῖλαι,
1225 4316 1273 4367 εί
1299 4314 1373 4385 μὴ
1394 4315 1452 4367 τὸ
1474 4316 1722 4369 ἀδύνατον

143 4407 381 4476 ἐμποδὼν
406 4407 503 4493 ᾖν,
536 4409 621 4471 ὡς
648 4406 897 4493 διδάσκει
916 4405 1090 4473 λέγων
1124 4404 1456 4467 Ἀπόστολος·
1481 4424 1499 4456 ι
1527 4406 1597 4458 Τὸ
1615 4405 1722 4476 γὰρ

145 4496 387 4552 ἀδύνατον
407 4487 519 4553 ’τοῦ
546 4498 743 4567 νόμου,
777 4496 837 4548 ἐν
861 4487 907 4561 ᾧ
936 4492 1175 4562 ἠσθένει,
1208 4493 1238 4544 ὁ
1263 4494 1393 4555 Θεὸς
1418 4493 1506 4546 τὸν
1532 4493 1717 4547 ἐαυτοῦ

147 4584 266 4639 Υἱὸν
283 4589 504 4660 πέμψας
529 4590 591 4641 ἐν
612 4584 927 4657 ὁμοιώματι
953 4582 1159 4655 σαρκδς
1179 4581 1466 4651 ἁμαρτίας,
1491 4601 1508 4634 ι
1534 4584 1627 4637 καὶ
1651 4583 1718 4637 τὰ

142 4674 277 4747 ἑξῆς.
319 4678 614 4733 ’Δδῦνατον
649 4676 708 4728 δὲ
746 4677 883 4728 πᾶσι
914 4674 1091 4745 δήπου
1124 4674 1238 4734 τοῖς
1264 4672 1463 4725 ἔθνεσιν
1491 4673 1716 4745 ὑπάρχει

145 4766 254 4834 τρὶς
293 4770 384 4823 τοῦ
417 4769 581 4831 ἔτους
617 4767 870 4836 ἀπαντᾷν
919 4765 1003 4825 είς
1061 4761 1403 4831 Ἰεροσόλυμα
1447 4763 1585 4816 κατὰ
1627 4764 1716 4818 τὸν

146 4856 366 4922 Μωσέως
385 4858 579 4929 νόμον,
607 4856 706 4910 καὶ
748 4854 859 4909 ἀπὸ
884 4852 999 4904 τῶν
1018 4851 1279 4921 περάτων
1291 4851 1385 4919 τῆς
1405 4854 1715 4923 οἰκουμένης

147 4944 232 5015 τὴν
254 4949 350 5001 ἀπὸ
377 4949 577 5019 λέχους
609 4947 849 5015 γυναῖκα
885 4943 1179 5004 σπεύδειν,
1208 4940 1385 4993 αὐτόθι
1414 4941 1481 4993 τὰ
1514 4943 1713 5014 καθάρ-

148 5050 227 5088 cu
250 5038 681 5109 ἀποθησομένην·
716 5036 812 5088 καὶ
845 5033 997 5086 ἄλλα
1028 5031 1229 5101 μυρία,
1260 5030 1294 5083 ἃ
1324 5031 1411 5083 καὶ
1439 5031 1609 5101 ἐαυτῷ
1632 5051 1713 5097 τις

151 5125 227 5178 ἐπὶ
243 5130 423 5198 σχολῆς
449 5126 779 5191 ἀναλέξαιτο
807 5124 900 5177 ἄν.
951 5120 1190 5190 Ἐπειδὴ
1211 5121 1375 5172 τοίνυν
1400 5120 1564 5173 ταῦτα
1593 5124 1709 5176 οὐδὲ

152 5215 454 5289 βουλομένοις
488 5216 697 5274 δυνατὰ
730 5208 804 5286 ἦν
853 5214 983 5273 τοῖς
1020 5211 1418 5280 ἀπῳκισμένοις
1440 5211 1539 5280 τῆς
1580 5214 1706 5267 Ἴου-

143 5300 270 5374 hic;
300 5310 469 5366 ἔθνεσι
519 5307 856 5380 φυλάττειν,
902 5298 1162 5359 εἰκότως
1211 5297 1356 5367 μηδὲν
1399 5297 1596 5353 τούτων
1635 5302 1704 5354 δι’

1829 4136 1935 4190 lam
1966 4135 2128 4191 Mosis
2173 4134 2466 4204 perfectus,
2511 4141 2795 4203 postquam
2829 4147 2936 4187 non
2991 4134 3220 4203 amplius
3248 4133 3361 4189 ﬁeri

1826 4233 2055 4295 poterat,
2088 4233 2146 4280 ut
2178 4240 2239 4280 ea
2273 4240 2391 4294 qua:
2415 4233 2541 4280 sunt
2566 4224 2622 4277 in
2650 4224 2764 4295 lege
2814 4222 2976 4279 llosis
3017 4224 3240 4294 reliquis
3268 4234 3362 4278 ac-

1825 4302 2295 4372 commodarentur
2321 4315 2591 4386 gentibus,
2629 4321 2846 4384 propter
2872 4329 2965 4370 eas
3006 4326 3199 4369 causas
3239 4331 3357 4384 quat

1824 4412 1981 4466 dicta!
1995 4409 2105 4477 jam
2124 4416 2267 4472 sunt,
2290 4406 2362 4478 (et
2380 4405 2659 4476 oportebat
2677 4407 2926 4460 nimirum
2945 4405 3184 4459 bonitate
3211 4421 3360 4461 sum-

1822 4501 1894 4555 mi
1928 4500 2024 4554 Dei
2049 4511 2234 4554 omnes
2264 4497 2510 4552 homines
2535 4497 2713 4552 salvos
2754 4496 2868 4551 ﬁeri
2901 4505 2954 4550 et
2997 4486 3071 4549 ad
3093 4496 3359 4566 cognitio-

1820 4605 1942 4645 nem
1968 4590 2210 4644 veritatis
2229 4589 2435 4657 venire)
2469 4603 2588 4658 qum
2620 4589 2870 4644 omnibus
2898 4594 3022 4658 apta
3053 4602 3354 4641 accommo—

1819 4682 2050 4750 dataque
2076 4688 2279 4743 essent,
2306 4680 2512 4749 legibus
2567 4681 2680 4735 suis
2734 4679 2999 4745 sancivit;
3036 4693 3099 4733 ac
3161 4695 3229 4733 ne
3263 4679 3351 4733 illa

1817 4772 2032 4841 quidem
2060 4784 2179 4838 quae
2210 4783 2238 4821 a
2272 4769 2414 4824 Mose
2448 4778 2711 4838 praecepta
2742 4776 2889 4832 sunt,
2922 4781 3048 4824 suos
3078 4767 3350 4836 apostolos

1816 4860 2132 4918 denuntiare
2163 4860 2374 4913 cunctis
2395 4861 2501 4930 26
2521 4859 2829 4914 hominibus
2858 4856 3238 4927 prohibuisset,
3261 4857 3349 4911 ni-

1816 4952 1861 5005 si
1895 4964 1957 5004 ca
1986 4963 2072 5002 res
2098 4947 2477 5016 impedimento
2509 4946 2716 5010 fuisset,
2774 4946 2916 5014 quod
2952 4945 3039 4997 illa
3091 4943 3209 4998 ﬁeri
3238 4961 3345 5001 non

1813 5044 2053 5109 possent,
2079 5035 2526 5106 quemadmodum
2553 5034 2841 5105 Apostolus
2870 5034 3045 5096 docet,
3076 5020 3169 5089 ubi
3225 5035 3298 5089 ait
3323 5048 3344 5089 :

1818 5149 1835 5176 ι
1873 5126 2004 5181 Nam
2038 5125 2179 5195 (ιυοά
2210 5125 2538 5192 impossibile
2564 5130 2678 5177 erat
2701 5122 2825 5190 legi,
2856 5121 2911 5174 in
2950 5136 3057 5191 quo
3105 5121 3344 5177 inﬁrma-

1811 5219 1989 5282 batur,
2020 5216 2160 5272 Deus
2192 5215 2385 5270 Filium
2434 5229 2590 5269 suum
2615 5213 2833 5267 mittens
2856 5213 2910 5265 in
2941 5213 3342 5268 similitudinem

1811 5310 1991 5365 carnis
2044 5307 2315 5378 peacati’,
2353 5322 2372 5357 ι
2412 5312 2464 5359 et
2509 5309 2720 5356 caetera.
2776 5296 3110 5370 lmpossihile
3160 5308 3340 5356 autem

1807 5405 1925 5454 erat
1950 5399 2222 5461 nimirum,
2249 5406 2307 5449 ut
2340 5410 2527 5449 omnes
2570 5401 2753 5462 gentes
2805 5396 2889 5444 ter
2928 5392 3154 5462 singulis
3181 5392 3339 5446 annis

1806 5506 1872 5545 ex
1899 5492 2013 5560 lege
2045 5489 2206 5543 Mosis
2235 5484 2601 5555 Hierosolyma
2625 5480 2993 5543 convenirent,
3047 5492 3101 5536 et
3145 5482 3338 5535 mulier

1806 5579 1991 5640 levata,
2014 5584 2164 5649 partu
2189 5576 2256 5629 ab
2285 5574 2537 5630 extremis
2558 5581 2711 5627 terra:
2743 5570 2942 5627 ﬁnibus
2974 5571 3100 5625 illuc
3144 5584 3337 5640 prope-

103 5384 282 5461 ἂνξυῦ
305 5403 473 5468 λύσας
499 5403 532 5454 ὁ
560 5394 775 5461 Σωτὴρ
820 5388 931 5443 καὶ
977 5384 1203 5453 Κύριος
1228 5384 1385 5453 ἡμῶν,
1418 5386 1699 5461 πληρωτὴς

80 5468 441 5573 ἰέαδενόμενος
469 5494 594 5551 τῶν
620 5493 688 5543 ἐν
724 5483 813 5551 τῷ
853 5480 1053 5548 νόμῳ,
1095 5478 1192 5528 καὶ
1216 5478 1378 5557 πίστιν
1411 5482 1698 5554 παρασχὼν

106 5568 203 5634 τάξ
224 5568 407 5661 δῶσιν,
440 5591 527 5651 ὡς
554 5585 680 5654 ἄρα
718 5570 908 5629 αὐτὸς
946 5570 1115 5617 ἐστιν
1139 5568 1170 5616 ὁ
1193 5568 1404 5637 Χριστὸς
1426 5572 1516 5625 τοῦ
1540 5574 1695 5643 Θεοῦ,

199 5732 350 5809 πρηὺ.
388 5763 445 5812 ν,
492 5738 593 5795 g7,
644 5734 666 5765 θ
700 5726 893 5780 Rom.
960 5729 1114 5781 vm,
1172 5717 1221 5772 ὅ.
