3870 6314
790 377 851 434 ῃ
1402 368 1666 424 EUSEBII
1701 366 2170 422 C/ESARIENSIS
2207 367 2353 423 OPP.
2393 366 2574 422 PARS
2609 366 2673 420 ll.
2713 392 2781 405 -—
2813 364 3227 421 APOLOGETICA.

791 499 955 553 rarct,
983 497 1039 542 ιιι
1068 502 1182 555 qua:
1206 502 1302 555 pro
1329 488 1641 556 purgatione
1668 485 1909 540 instituta
1943 494 2088 548 sunt,
2123 487 2316 541 ibidem

2047 494 2088 548 ι,
2123 487 2316 541 ibidem
2346 498 2392 553 Α
2418 486 2446 536 ὁ
2474 486 2606 554 πρὸς
2633 484 2737 535 τῶν
2769 484 2915 553 παρὰ
2954 485 3168 547 Ἰουδαίοις
3187 472 3530 553 πάλαῖγενομὲνων
3547 504 3575 540 r.

788 584 1095 648 deponeret.
1128 587 1178 629 et
1204 577 1308 629 alia
1358 577 1791 639 innumerabilia,
1838 591 1955 643 qua:
2009 591 2103 643 per
2151 577 2317 629 otium

790 666 1151 733 unusquisque
1181 673 1354 733 potest
1375 682 1469 736 per
1498 669 1730 734 seipsum
1764 664 2030 732 colligere.
2058 663 2319 729 Quoniam

790 756 951 823 igitur
983 754 1093 805 haec
1127 763 1312 822 gentes
1334 770 1363 806 a
1393 754 1576 808 Judaea
1593 753 1774 824 procul
1818 752 2138 811 habitantes,
2161 750 2317 804 etiam

786 845 830 897 si
860 842 1175 907 voluissent,
1230 859 1443 898 servare
1476 858 1581 897 non
1617 846 1863 912 poterant
1895 855 1908 889 :
1952 839 2141 893 merito
2187 838 2319 891 nihil

788 932 977 986 borum
1010 950 1104 1003 per
1132 936 1364 1003 seipsum
1398 934 1706 988 rescindens
1767 932 2031 995 Salvator,
2058 937 2110 984 et
2142 928 2320 981 Domi-

785 1038 890 1077 nus
923 1032 1124 1088 noster,
1168 1025 1260 1079 sed
1289 1026 1441 1093 plene
1480 1040 1719 1083 servans.
1745 1031 1798 1077 et
1830 1022 2061 1076 efﬁciens
2113 1036 2174 1074 ea
2203 1034 2320 1088 qua:

785 1115 842 1167 in
867 1113 982 1181 ipsa
1008 1113 1120 1182 lege
1144 1115 1509 1176 continentur,
1543 1123 1595 1168 ct
1639 1112 2001 1183 spectantibus
2053 1110 2207 1163 fidem
2241 1108 2319 1160 fa-

792 1202 954 1266 ciens,
988 1204 1129 1272 quod
1162 1205 1274 1271 ipse
1292 1213 1433 1258 esset
1461 1204 1709 1258 Christus
1739 1202 1855 1263 Dei,
1906 1202 1971 1255 de
2019 1215 2124 1269 quo
2155 1198 2317 1268 prisci

791 1289 1087 1345 Iudaeorum
1105 1292 1375 1360 pr0pbetas
1402 1293 1765 1346 testimonium
1802 1289 2181 1359 protulissent;
2202 1295 2317 1339 tum

790 1377 927 1431 idem
959 1379 1204 1433 omnibus
1232 1379 1477 1448 gentibus
1500 1379 1899 1433 accommodata
1922 1386 2203 1447 praecepta,
2224 1391 2319 1445 per

789 1464 1077 1534 discipulos
1108 1482 1235 1522 suos
1255 1469 1551 1537 proposuit.
1605 1468 1812 1523 Idcirco
1869 1483 1967 1522 nos
2014 1466 2317 1521 Iudaeorum

784 1556 1032 1623 proprios
1059 1556 1196 1610 ritus
1225 1557 1611 1619 recusavimus,
1644 1564 1896 1626 tanquam
1927 1572 2019 1612 eos
2044 1557 2133 1626 qui
2162 1557 2318 1611 nobis

784 1642 898 1711 lege
929 1644 1088 1710 positi
1116 1660 1222 1698 non
1253 1646 1381 1708 sint,
1415 1653 1468 1700 et
1490 1646 1737 1714 gentibus
1782 1647 2170 1702 accommodari
2210 1663 2317 1700 non

783 1731 1009 1798 possint.
1040 1732 1109 1785 At
1128 1734 1438 1787 eorumdem
1482 1734 1788 1803 prophetias
1842 1735 2067 1789 libentes
2110 1736 2316 1805 accepi-

2416 573 2521 623 τῶν
2565 589 2710 641 μεμα
2718 589 2807 642 ρτυ
2817 589 2880 641 ρη
2889 573 3038 642 μένος
3053 591 3064 603 ·
3101 574 3198 642 μετά
3216 573 3340 625 ταῦτα
3360 576 3457 626 πᾶσι
3481 579 3559 639 τοῖς

2417 662 2483 713 τὰ
2503 645 2732 732 ἁρμόδια
2757 662 3146 732 παραγγέλματα
3167 663 3229 716 διά
3252 663 3330 717 τῶν
3351 665 3504 717 οἰκείων
3530 684 3578 734 μα

2418 751 2797 821 προϐέϐληται.
2852 752 3035 805 Ἔνθεν
3069 753 3139 804 καὶ
3166 753 3282 821 ἡμεῖς
3312 753 3358 805 τὸ
3397 754 3468 823 μὲν
3501 757 3574 806 ’1ου

2417 841 2793 910 παρῃτήμεθα,
2842 840 2916 904 ὡς
2968 844 3084 912 ἡμῖν
3131 841 3185 911 μὴ
3216 843 3577 913 νενομοθετημένον

2417 931 2736 1000 ἐφαρμόζειν
2763 932 2871 991 τοῖς
2895 930 3060 983 ἔθνεσι
3084 931 3320 999 δυνάμενον·
3343 931 3418 993 τὰς
3439 932 3481 983 δὲ
3503 951 3578 996 παι

2416 1018 2581 1081 δαίοις
2643 1019 2969 1089 προφητείας
3022 1019 3218 1088 ἀσμένως
3260 1020 3561 1090 κατεδεξάμεθα

2417 1107 2767 1176 περιεχούσας
2799 1107 2897 1168 τὰς
2938 1110 3234 1178 προρρήσεις.
3275 1107 3321 1160 '0
3356 1107 3401 1159 δὲ
3425 1126 3473 1175 γε
3493 1111 3578 1161 Σωτ

2415 1196 2724 1258 διδάσκαλος
2754 1196 2926 1265 ήμῶν,
2960 1197 3048 1249 καὶ
3075 1196 3209 1258 ἄλλως
3232 1195 3461 1267 πληρωτὴς
3486 1198 3572 1250 (δπά

2415 1286 2649 1346 Μωσέως
2666 1285 2846 1353 νόμου,
2871 1288 2961 1337 καὶ
2983 1285 3079 1337 τῶν
3109 1287 3199 1354 μετ’
3213 1288 3342 1338 αὐτὸν
3366 1291 3578 1358 προφητῶν

2415 1374 2477 1441 δὴ
2502 1374 2608 1445 γὰρ
2634 1377 2742 1437 τοῖς
2779 1374 3179 1444 τεθεσπισμένοις
3209 1376 3265 1427 τὰ
3291 1375 3379 1428 τῶν
3404 1394 3574 1445 συμπερ

2415 1465 2582 1529 ἔλιπε,
2616 1465 2684 1518 τά
2712 1483 2771 1517 τε
2811 1466 2917 1519 τῶν
2956 1466 3107 1533 λόγων
3130 1467 3487 1536 ἀποτελέσματα,
3516 1470 3578 1538 χοε

2415 1558 2505 1609 καὶ
2544 1556 2741 1609 τούτων
2783 1557 2959 1610 αὐτῶν
3003 1558 3243 1628 πληρωτὴν
3278 1558 3410 1611 αὐτὸν
3433 1559 3578 1625 γενέσε

2414 1644 2487 1706 ὡς
2508 1645 2598 1697 ἐπὶ
2623 1645 3064 1715 παραδείγματος,
3088 1647 3115 1714 ἡ
3136 1646 3215 1715 μὲν
3254 1646 3384 1716 παρὰ
3397 1648 3578 1699 Missa:

2415 1734 2620 1804 (ιοητεία⁸
2658 1754 2675 1785 ι
2714 1737 2997 1807 Προφήτην
3032 1738 3139 1806 ὑμῖν
3174 1737 3426 1807 ἀναστήσει
3462 1739 3578 1809 Κύρι

782 1834 924 1883 mus,
950 1828 1201 1889 tanquam
1230 1838 1322 1876 eas
1345 1837 1462 1890 qua:
1518 1824 1892 1890 prazdictiones
1944 1824 2011 1877 de
2045 1824 2200 1879 nobis
2238 1825 2310 1878 fa-

2049 1824 2200 1879 nobis
2238 1825 2317 1878 fa-
2346 1831 2389 1884 Β
2417 1823 2586 1892 ὑμῶν,
2615 1824 2687 1887 ὼς
2713 1825 2829 1894 ἐμέ·
2857 1826 3014 1878 αὐτοῦ
3047 1826 3297 1878 ἀκούσεσθε
3319 1828 3444 1880 κατὰ
3471 1830 3577 1881 πάντ

782 1919 897 1964 ctas
926 1912 1364 1980 complectantur.
1397 1911 1659 1966 Craterum
1690 1914 1803 1982 ipse
1834 1914 2079 1967 Salvator
2100 1922 2152 1968 et
2178 1930 2315 1983 pra:-

782 2008 966 2068 ceptor
996 2010 1197 2065 noster,
1230 2001 1334 2055 alia
1360 2016 1573 2070 quoque
1595 2002 1804 2056 ratione
1848 2003 2197 2071 complevisse
2250 2004 2320 2058 le-

782 2104 899 2158 gem
924 2088 1087 2144 Mosis
1117 2099 1169 2144 et
1198 2091 1574 2160 prophetarum
1608 2092 1696 2160 qui
1723 2101 1842 2161 post
1869 2091 2066 2146 Mosem
2086 2092 2316 2160 fuerunt,

784 2179 1108 2250 agnoscitur.
1149 2178 1410 2244 Quoniam
1440 2180 1580 2233 enim
1607 2180 1674 2233 iis
1704 2195 1821 2249 quae
1848 2180 2106 2234 divinitus
2128 2180 2319 2248 praedi-

782 2278 867 2323 cta
886 2268 1611 2337 fuerant,consummatiopes
1630 2270 1870 2332 deerant,
1900 2279 1952 2324 et
1973 2272 2316 2325 oraculorum

781 2366 972 2412 eventa
992 2355 1477 2421 desiderabantur;
1512 2356 1764 2408 nimirum
1795 2359 1908 2425 ipsa
1930 2372 2144 2425 quoque
2205 2357 2317 2409 haec

783 2448 851 2501 ab
873 2448 1058 2502 eodem
1087 2446 1340 2515 compleri
1374 2446 1624 2513 oportuit.
1663 2444 1900 2514 Exempli
1930 2446 2100 2514 gratia
2131 2463 2146 2496 ι
2175 2446 2317 2514 apud

784 2536 982 2591 Moseln
1011 2545 1093 2591 est
1124 2537 1398 2604 prophetia
1430 2550 1547 2603 quae
1579 2534 1658 2587 sic
1689 2535 1763 2587 ait
1796 2554 1807 2588 :
1842 2553 1859 2585 ι
1898 2534 2214 2604 Prophetam
2234 2550 2317 2588 vo-

783 2626 868 2679 bis
887 2626 1168 2680 suscitabit
1192 2625 1445 2679 Dominus
1481 2625 1622 2680 Deus
1656 2634 1853 2688 vester,
1903 2632 2154 2693 tanquam
2208 2640 2314 2688 me.

785 2719 930 2770 illum
955 2717 1180 2771 audietis
1205 2718 1259 2770 in
1311 2718 1562 2773 omnibus
1610 2732 1942 2788 quaecunque
1983 2717 2174 2771 dixerit
2224 2732 2317 2771 vo-

783 2807 867 2861 bis
897 2806 938 2860 ².
977 2826 995 2858 ι
1029 2804 1141 2859 [Ioc
1176 2806 1339 2875 igitur
1390 2821 1511 2859 cum
1565 2807 1796 2865 deesset,
1858 2806 1947 2861 ille
2010 2807 2313 2874 complevit,

783 2898 917 2949 alter
937 2896 1181 2950 videlicet
1211 2905 1331 2964 post
1354 2896 1551 2951 Mosem
1587 2896 1761 2966 legum
1782 2905 1989 2962 auctor,
2022 2897 2110 2966 qui
2139 2913 2313 2951 veram

783 2985 1033 3053 pietatem
1072 2984 1125 3036 in
1165 2983 1331 3037 Deum
1373 2985 1631 3047 universi,
1684 2986 1990 3039 hominibus
2039 2986 2309 3039 indicavit.

782 3078 936 3144 Quod
981 3078 1123 3132 enim
1171 3077 1346 3132 Moses
1388 3093 1494 3131 non
1543 3078 1856 3146 simpliciter
1908 3078 2049 3131 dicat
2089 3080 2316 3148 prophe-

785 3178 888 3220 tam
919 3175 1304 3230 surrecturum,
1341 3166 1433 3221 sed
1484 3181 1605 3219 cum
1650 3166 1937 3226 additione,
1980 3176 2233 3235 tanquam
2261 3182 2319 3222 se
2344 3150 2385 3206 (ἶ

783 3266 829 3322 (ι
861 3256 1169 3325 prophetam
1192 3255 1355 3320 enim,
1374 3256 1565 3324 inquit,
1589 3255 1740 3309 vobis
1761 3254 2042 3309 suscitabit
2062 3253 2316 3309 Dominus

783 3347 924 3403 Deus
942 3356 1114 3402 vester
1128 3355 1380 3414 tanquam
1402 3361 1507 3408 me,
1525 3346 1670 3399 illum
1689 3344 1915 3399 audietis
1938 3345 2006 3412 ι),
2030 3345 2155 3413 quid
2174 3345 2317 3398 aliud

783 3435 1006 3505 intelligi
1038 3436 1170 3497 vult,
1202 3435 1305 3487 nisi
1331 3449 1451 3487 eum
1481 3433 1573 3503 qui
1626 3433 2006 3501 przedieeretur
2051 3434 2149 3502 ipsi
2183 3433 2316 3488 Mosi

783 3525 1114 3596 adaequalum
1158 3537 1277 3577 esse
1330 3523 1649 3575 venturum?
1699 3521 1871 3577 Moses
1903 3529 2078 3576 autem
2123 3523 2312 3591 legem,

784 3622 845 3667 ut
882 3628 1125 3669 summus
1155 3611 1299 3667 Deus
1326 3612 1610 3675 coleretur,
1638 3620 1909 3681 posuerat.
1937 3612 2073 3682 Ergo
2096 3613 2317 3681 prophe-

783 3719 889 3762 tam
925 3707 1069 3761 hunc
1115 3705 1181 3760 de
1228 3721 1335 3774 quo
1370 3704 1624 3757 vaticinia
1686 3703 1948 3764 feruntur,
1990 3704 2129 3773 quod
2182 3704 2314 3758 Mosi

784 3796 974 3850 similis
1004 3795 1219 3847 futurus
1246 3803 1407 3855 esset,
1424 3793 1560 3862 legis
1591 3801 1860 3847 auctorem
1881 3794 1957 3846 illi
1987 3795 2212 3849 similem
2230 3811 2315 3848 cx-

785 3884 987 3937 stitisse
1013 3897 1110 3951 par
1132 3889 1234 3935 est.
1258 3881 1327 3931 At
1351 3882 1749 3948 enimquamvis
1767 3882 2180 3935 innumerabiles
2196 3891 2314 3950 post

784 3972 979 4026 Mosem
996 3969 1592 4039 prophetmexstiterint,
1607 3968 1671 4021 de
1686 3968 1833 4022 nullo
1851 3977 2024 4021 tamen
2049 3969 2150 4022 tale
2166 3972 2315 4024 testi-

784 4058 1020 4112 monium
1044 4058 1308 4125 prolatum
1329 4067 1431 4119 est,
1460 4055 1603 4125 quod
1632 4055 1764 4111 Mosi
1798 4056 1990 4111 similis
2025 4058 2305 4113 exstiterit.

785 4146 888 4214 27
905 4144 1095 4199 Cuncti
1124 4143 1266 4197 enim
1296 4143 1361 4196 ad
1395 4144 1541 4196 illum
1570 4144 1714 4211 ipsos
1738 4145 2076 4199 remittebant
2094 4148 2314 4201 audien—

786 4246 887 4289 tes.
917 4232 982 4287 Et
1007 4249 1136 4288 sane
1168 4234 1341 4301 ipsum
1382 4233 1483 4286 hoc
1519 4234 1837 4287 testiﬁcatur
1870 4234 2167 4304 Scriptura,
2204 4254 2312 4291 non

787 4326 1084 4381 surrexisse
1112 4324 1422 4394 prophetam
1476 4322 1608 4377 Mosi
1651 4324 1900 4378 similem.
1938 4323 2120 4392 Neque
2154 4328 2314 4395 igitur

785 4415 1065 4478 Jeremias,
1099 4430 1272 4483 neque
1309 4412 1494 4475 lsaias,
1531 4427 1704 4481 neque
1731 4413 1869 4465 alius
1893 4414 2157 4482 quispiam
2186 4431 2311 4484 pro-

788 4506 1066 4574 phetarum
1107 4504 1182 4556 illi
1217 4504 1407 4558 similis
1441 4503 1622 4563 fuerit,
1651 4511 1927 4572 pr0pterea
1958 4504 2100 4572 quod
2138 4520 2205 4559 ne
2235 4506 2307 4560 le-

787 4609 910 4665 gum
938 4593 1148 4664 quidem
1178 4603 1364 4647 auctor
1403 4593 1502 4646 fuit
1533 4595 1744 4647 illorum
1792 4593 2005 4662 aliquis.
2033 4594 2166 4648 Cum
2187 4610 2312 4665 ergo

788 4700 855 4738 ex
876 4682 1128 4737 vaticinio
1159 4681 1341 4744 Mosis,
1372 4681 1630 4750 pr0phcta
1663 4688 1715 4735 et
1743 4681 2015 4750 legislator
2044 4684 2314 4737 suscitan—

790 4775 891 4829 dus
911 4779 1328 4842 exspectaretur,
1352 4771 1569 4825 advenit
1603 4770 1689 4825 bic
1720 4770 1898 4833 Jesus,
1933 4773 2021 4841 qui
2063 4774 2313 4828 Christus

791 4870 873 4915 est
910 4862 1024 4928 Dei,
1058 4862 1226 4931 legem
1250 4860 1460 4913 cunctis
1476 4865 1722 4932 gentibus
1742 4877 1972 4931 ponens,
2001 4870 2052 4916 et
2079 4880 2196 4932 quae
2225 4880 2317 4918 su-

793 4960 975 5016 perent
1003 4952 1171 5018 ipsam
1193 4952 1360 5020 legem
1393 4958 1747 5018 pertractans.
1793 4949 1926 5005 Illud
1955 4954 2093 5007 enim
2125 4974 2139 5007 ι
2177 4972 2195 5003 ι
2226 4952 2317 5006 Di-

795 5043 936 5086 ctum
963 5046 1043 5089 est
1063 5040 1315 5108 antiquis,
1346 5054 1449 5093 non
1471 5040 1967 5109 mmchaberis;ego
1986 5049 2160 5094 autem
2195 5042 2317 5095 dico

795 5121 947 5173 vobis
988 5138 1091 5175 non
1139 5127 1523 5196 concupiscere
1562 5124 1600 5189 ‘;
1646 5148 1663 5180 ›
1717 5135 1778 5180 et
1836 5126 1964 5180 illud
2004 5146 2017 5181 :
2059 5147 2076 5176 ι
2115 5129 2319 5182 Dictum

796 5218 878 5264 est
925 5213 1179 5279 antiquis.
1242 5231 1345 5268 non
1408 5216 1653 5281 occides;
1698 5233 1795 5286 ego
1848 5226 2022 5272 autem
2073 5218 2193 5271 dico
2226 5235 2319 5273 vo-

797 5301 900 5360 bis,
955 5315 1021 5353 ne
1075 5299 1229 5353 irasci
1289 5304 1501 5370 quidem
1554 5308 1593 5370 ';
1642 5327 1661 5357 ι
1721 5317 1776 5363 et
1801 5307 1928 5361 illud
1967 5324 2024 5361 ει
2066 5305 2179 5360 Non
2214 5323 2319 5359 am-

798 5392 936 5458 plius
967 5388 1365 5458 Hierosolymis,
1412 5396 1503 5447 sed
1546 5396 1598 5449 in
1638 5400 1781 5451 omni
1822 5398 1939 5451 loco
1982 5395 2193 5450 adorari
2215 5401 2254 5455 0;
2298 5415 2317 5447 ι

808 5485 865 5530 et
897 5478 1047 5542 illud,
1076 5493 1181 5532 non
1211 5479 1364 5531 thure
1412 5489 1463 5534 et
1509 5487 1803 5551 sacriﬁciis,
1842 5506 1860 5536 ι
1896 5487 1989 5541 sed
2021 5486 2073 5539 in
2104 5486 2312 5552 spiritu,

2417 1915 2541 1986 εἴπῃ
2568 1917 2691 1984 ὑμῖν
2721 1918 2748 1967 ὁ
2775 1918 3047 1986 προφήτης
3077 1919 3268 1978 ἐκεῖνος.
3298 1936 3314 1968 ι
3349 1918 3498 1970 Τούτο
3526 1920 3578 1989 δή

2415 2004 2742 2073 ἀπεπλήρου,
2765 2005 3007 2074 δεύτερος
3022 2005 3145 2057 κατά
3192 2007 3370 2058 Μωσέα
3389 2009 3578 2077 νομοθετ

2416 2093 2523 2153 νεὶς
2551 2091 2844 2163 ἀνθρώπων
2871 2093 2967 2162 τῆς
2998 2093 3205 2163 ἀληθοῦς
3234 2096 3485 2158 εὐσεϐείας
3515 2098 3578 2148 τοὶ

2415 2180 2566 2234 Θεοῦ.
2596 2181 2667 2232 Τὸ
2687 2182 2791 2252 γὰρ
2827 2184 2898 2252 μὴ
2954 2184 3123 2245 ἁπλῶς
3158 2185 3365 2252 φάσκειν
3406 2187 3578 2239 Μωσέο

2416 2270 2822 2339 ἀναστήσεσθαι,
2852 2271 2982 2323 ἀλλὰ
3011 2272 3136 2341 μετὰ
3165 2273 3463 2344 προσθήκης
3493 2276 3578 2346 τῆς

2418 2360 2463 2422 (ι
2498 2360 2776 2427 προφήτην
2822 2359 2928 2429 γὰρ
2971 2361 3087 2429 ύμῖν
3124 2362 3421 2432 ἀναστήσει,
3462 2368 3578 2434 φησί

2415 2444 2541 2506 Θεὸς
2578 2446 2747 2515 ὑμῶν,
2782 2448 2855 2509 ὡς
2896 2450 3012 2517 ἐμέ·
3052 2450 3208 2503 αὐτοῦ
3257 2453 3540 2506 ἀκούσεσθε

2415 2534 2597 2604 ἐδήλου
2616 2575 2630 2598 ,
2666 2537 2698 2605 ἢ
2726 2537 2803 2588 ὃτι
2830 2538 2974 2607 αὐτῷ
3022 2541 3203 2592 Μωσεῖ
3231 2544 3578 2613 παρισωμένος

2413 2625 2442 2675 ὁ
2471 2624 2996 2698 θεσπιζόμενοςμω)
3024 2645 3036 2692 ;
3060 2631 3264 2700 Μωσῆς
3296 2633 3351 2685 δὲ
3372 2636 3578 2704 νομο’)ἐτ

2412 2710 2479 2784 ἦν
2521 2714 2611 2767 τοῦ
2655 2716 2746 2767 ἐπὶ
2792 2716 3003 2770 πάντων
3048 2718 3203 2772 Θεοῦ.
3248 2724 3453 2777 Οὐκοῦν
3503 2728 3575 2777 κα

2414 2805 2715 2874 τευόμενον,
2739 2807 2905 2876 ὅσπερ
2924 2806 3142 2877 ἔμελλεν
3168 2812 3356 2879 ὅμοιος
3410 2817 3576 2885 γενήσ

2414 2894 2701 2965 νομοθέτην
2763 2896 2949 2965 ἐκείνῳ
3010 2900 3393 2971 παραπλήσιον
3460 2903 3576 2972 φύν(

2413 2985 2631 3053 Μυρίων
2676 2983 2802 3052 γοῦν
2849 2985 2986 3053 μετὰ
3030 2987 3209 3039 ταῦτα
3255 2992 3559 3062 προφητῶν

2414 3074 2704 3140 γεγονότων
2727 3113 2741 3135 ,
2809 3075 2976 3132 οὐδεὶς
3030 3076 3223 3145 ὅμοιος
3289 3082 3491 3134 Μωσεῖ
3556 3102 3570 3153 ε

2418 3164 2612 3225 πάντες
2654 3164 2760 3234 γὰρ
2809 3165 2887 3227 εἰς
2916 3167 3120 3219 ἐκεῖνον
3170 3170 3509 3242 ἀνέπεμπον
3556 3192 3576 3224 ει

2419 3267 2557 3312 νους.
2597 3252 2871 3323 Μαρτυρεῖ
2916 3252 2961 3304 δ’
2993 3250 3087 3306 οὖν
3115 3258 3152 3325 ἡ
3201 3259 3432 3331 Γραφὴ,
3481 3265 3569 3315 ὅτι

2416 3342 2689 3411 προφήτης
2719 3342 2897 3410 ὅμοιος
2927 3344 3179 3409 Μωσέως
3216 3364 3231 3377 ·
3274 3350 3415 3403 οὒτε
3446 3349 3548 3407 οὖν

2427 3425 2663 3492 Ἡσαΐας,
2696 3431 2815 3481 οὔτε
2848 3448 2928 3494 τις
2950 3432 3145 3503 ἔτερος
3178 3438 3300 3491 τῶν
3340 3458 3574 3513 προφητ

2415 3519 2479 3571 ἂν
2508 3520 2613 3589 εἴη,
2662 3519 2843 3590 ἐπειδὴ
2891 3522 3020 3591 μηδὲ
3080 3520 3173 3588 εἷς
3227 3528 3462 3584 τούτων
3497 3551 3569 3586 νο

2412 3608 2631 3661 δεικται.
2679 3609 3148 3679 Προσδοκωμένου
3242 3618 3449 3672 τοίνυν
3504 3638 3572 3673 το

2416 3698 2690 3767 μέλλοντος
2721 3701 3131 3769 ἀναστήσεσθαι
3168 3710 3500 3780 προφήτου
3533 3730 3570 3765 τ

2413 3790 2588 3858 παρῆν
2618 3782 2769 3850 οὗτος
2807 3790 3008 3858 Ἰησοῦς
3037 3793 3073 3843 ὁ
3105 3796 3388 3865 Χριστὸς
3425 3802 3540 3854 τοῦ

2415 3879 2543 3929 πᾶσι
2564 3881 2672 3940 τοῖς
2689 3877 2880 3944 ἔθνεσι,
2894 3880 2986 3931 καὶ
3001 3880 3077 3934 τὰ
3095 3884 3265 3958 ὑπὲρ
3280 3889 3480 3961 νόμον
3498 3893 3562 3946 δι

2410 3967 2537 4037 γάρ·
2571 3985 2589 4016 ι
2637 3966 2855 4037 Ἐλέχθη
2883 3971 2994 4030 τοῖς
3023 3972 3355 4042 ἀρχαίοιςο
3395 3983 3488 4035 Οὐ
3531 4002 3568 4053 ρ

2410 4057 2547 4125 λέγω
2605 4058 2748 4126 ὑμῖν,
2807 4057 2937 4127 μηδὲ
2994 4060 3377 4136 ἐπιθυμεῖν·
3434 4091 3454 4124 ι
3507 4092 3556 4128 κ

2410 4151 2518 4210 τοῖς
2550 4148 2807 4218 ἀρχαίοις,
2837 4150 2911 4201 Ού
2939 4153 3279 4221 φονεύσεις
3306 4176 3321 4188 ’
3375 4162 3522 4231 ἐγὼ

2409 4238 2713 4308 ὀργίζεσθαι
2735 4255 2748 4268 ·
2786 4239 2877 4291 καί¹
2906 4238 2965 4291 τὸ
2994 4245 3245 4312 μηκέτι
3300 4251 3375 4303 ὲν
3429 4255 3558 4328 ἰεε

2410 4328 2569 4380 παντὶ
2597 4328 2741 4397 τόπῳ
2767 4334 3111 4398 προσκυνεῖν
3135 4351 3152 4364 ·
3190 4341 3317 4392 καὶ
3358 4344 3441 4396 τὸ
3482 4348 3566 4415 μ’)

2413 4419 2571 4481 σίαις,
2598 4437 2615 4469 ι
2638 4419 2693 4470 ἐν
2718 4420 2982 4488 πνεύματι
3008 4421 3088 4474 δὲ
3115 4429 3243 4479 καὶ
3270 4431 3556 4504 ἀληθείς

2411 4511 2511 4562 ὅσα
2536 4508 2751 4562 τοιαῦτα
2776 4512 2832 4561 ὲν
2858 4513 2922 4580 τῇ
2957 4512 3170 4568 αὐτοῦ
3221 4521 3536 4592 φέρεται

2416 4615 2515 4667 φου
2546 4595 2611 4669 ἦν
2639 4597 2887 4667 ἄντικρυς
2914 4602 3010 4651 καὶ
3060 4606 3543 4670 τελειοτάτου

2414 4690 2462 4741 οἱ
2489 4688 2814 4758 ἀκροώμενοι
2848 4707 2864 4738 ι
2888 4689 3435 4769 ἐξεπλήττοντο,
3488 4727 3515 4759 ι
3556 4734 3562 4755 ι

2421 4795 2438 4826 ι
2477 4778 2555 4828 ὅτι
2583 4776 2849 4828 ἐδίδασκεν
2878 4778 3089 4842 αὐτοῖς
3152 4785 3267 4849 ὡς
3310 4792 3548 4859 ἐξουσ

2416 4866 2463 4916 οἱ
2490 4867 2825 4932 γραμματεῖς
2862 4865 3067 4919 αὐτῶν
3114 4875 3260 4927 καὶ
3303 4884 3378 4933 οἱ
3445 4889 3562 4942 (pa

2414 4951 2585 5002 τοίνυν
2615 4951 2672 5002 τὸ
2696 4950 2899 5014 λεῖπονξ
2925 4956 2997 5023 τῇ
3085 4961 3464 5036 Μωσέως
3519 4995 3558 5029 τ

2414 5039 2675 5109 επλήρουο
2704 5040 2954 5105 ὡσαύτως
2985 5044 3077 5098 δὲ.
3106 5055 3261 5107 xa‘l
3321 5061 3434 5114 τὰ
3480 5066 3560 5120 λ(

2415 5128 2519 5180 τῶν
2548 5129 2669 5198 περὶ
2716 5130 2895 5190 αὐτοῦ,
2938 5136 3072 5188 καὶ
3142 5149 3352 5216 περὶ
3419 5156 3558 5225 τῆς

2416 5219 2769 5288 θεσπίσματα.
2801 5221 3012 5289 Γέγονε
3068 5234 3365 5291 τοίνυν
3415 5219 3558 5301 πάπ

2419 5309 2523 5362 τῶν
2556 5311 2861 5381 προφητῶν,
2894 5314 3021 5379 τὰς
3073 5338 3184 5375 πε
3202 5328 3286 5395 pl
3342 5333 3557 5392 ὲαυτ

2421 5415 2517 5467 ρας
2548 5398 2793 5467 ἀγαγών·
2836 5404 2927 5456 καὶ
2973 5408 3241 5482 μέχρι
3303 5421 3462 5488 μὲν
3508 5447 3554 5482 α

2418 5504 2570 5587 τερον
2598 5490 2775 5587 νόμον,
2798 5493 3103 5563 ἀρχηγὸς
3153 5502 3245 5557 δὲ
3295 5511 3540 5587 ἁναφ

868 5570 888 5598 ³
916 5566 1071 5623 Deut.
1108 5583 1269 5629 xvm,
1316 5568 1399 5621 15.
1473 5574 1494 5599 ⁸
1527 5570 1704 5635 Matth,
1737 5594 1787 5639 ν,
1823 5576 2005 5630 27-28.
2080 5577 2100 5606 "
2130 5572 2260 5626 Ibid.
2294 5572 2477 5628 9-1-92.
2552 5578 2570 5609 '
2598 5577 2753 5635 Joan.
2789 5597 2862 5646 Iv,
2889 5584 2964 5636 Ἠ
2986 5622 3011 5639 .

866 5661 1006 5731 (ιό’)
1037 5660 1326 5715 Desiderari
1376 5661 1583 5719 videtur
1606 5662 1759 5732 εἶναι,
1789 5673 1867 5726 vel
1903 5665 2226 5722 ἐλεύσεσθαι.
2254 5665 2434 5726 Enna!
