  <div class='ocr_page' id='page_1' title='image "/cluster/home/n/w/nwhite01/storage/ocr_20150623/22 (Eusebius; pt. 4)/nyp.33433081862355/046.png"; bbox 0 0 3870 6314; ppageno 0'>
   <div class='ocr_carea' id='block_1_1' title="bbox 156 360 1677 442">
    <p class='ocr_par' dir='ltr' id='par_1_1' title="bbox 156 360 1677 431">
     <span class='ocr_line' id='line_1_1' title="bbox 156 360 1677 431; baseline 0.009 -15"><span class='ocrx_word' id='word_1_1' title='bbox 156 360 210 416; x_wconf 78' lang='grc' dir='ltr'>π.</span> <span class='ocrx_word' id='word_1_2' title='bbox 794 396 799 400; x_wconf 58' lang='grc' dir='ltr'><strong>ι</strong></span> <span class='ocrx_word' id='word_1_3' title='bbox 842 360 847 361; x_wconf 14' lang='lat'><em>7</em></span> <span class='ocrx_word' id='word_1_4' title='bbox 1047 369 1677 431; x_wconf 45' lang='lat' dir='ltr'><strong>DEMONSTBA&#39;TIONIS</strong></span> 
     </span>
    </p>
   </div>
   <div class='ocr_carea' id='block_1_2' title="bbox 1765 360 3311 442">
    <p class='ocr_par' dir='ltr' id='par_1_2' title="bbox 1768 372 3311 442">
     <span class='ocr_line' id='line_1_2' title="bbox 1768 372 3311 442; baseline 0.009 -14"><span class='ocrx_word' id='word_1_5' title='bbox 1768 372 2168 432; x_wconf 62' lang='lat' dir='ltr'><strong>VANGELICE</strong></span> <span class='ocrx_word' id='word_1_6' title='bbox 2207 377 2336 433; x_wconf 79' lang='lat' dir='ltr'><strong>LIB.</strong></span> <span class='ocrx_word' id='word_1_7' title='bbox 2377 379 2417 432; x_wconf 90' lang='grc'><strong>1.</strong></span> <span class='ocrx_word' id='word_1_8' title='bbox 3251 392 3311 442; x_wconf 78' lang='lat' dir='ltr'><strong>7t</strong></span> 
     </span>
    </p>
   </div>
   <div class='ocr_carea' id='block_1_3' title="bbox 150 452 1677 557">
    <p class='ocr_par' dir='ltr' id='par_1_3' title="bbox 150 452 1677 557">
     <span class='ocr_line' id='line_1_3' title="bbox 150 452 1677 557; baseline 0.014 -52"><span class='ocrx_word' id='word_1_9' title='bbox 150 460 273 510; x_wconf 71' lang='grc' dir='ltr'>πᾶσιν</span> <span class='ocrx_word' id='word_1_10' title='bbox 299 452 457 557; x_wconf 64' lang='grc' dir='ltr'>ἔθνεσι</span> <span class='ocrx_word' id='word_1_11' title='bbox 510 457 999 557; x_wconf 57' lang='grc' dir='ltr'>κατηγγελμένου</span> <span class='ocrx_word' id='word_1_12' title='bbox 1056 469 1155 538; x_wconf 82' lang='grc' dir='ltr'>τῆς</span> <span class='ocrx_word' id='word_1_13' title='bbox 1182 471 1387 539; x_wconf 77' lang='grc' dir='ltr'><strong>Καινῆς</strong></span> <span class='ocrx_word' id='word_1_14' title='bbox 1422 471 1677 542; x_wconf 79' lang='grc' dir='ltr'>Διαθήκης</span> 
     </span>
    </p>
   </div>
   <div class='ocr_carea' id='block_1_4' title="bbox 1765 452 3319 557">
    <p class='ocr_par' dir='ltr' id='par_1_4' title="bbox 1783 471 3319 557">
     <span class='ocr_line' id='line_1_4' title="bbox 1783 471 3319 557; baseline 0.007 -33"><span class='ocrx_word' id='word_1_15' title='bbox 1783 478 1838 525; x_wconf 90' lang='lat' dir='ltr'><strong>et</strong></span> <span class='ocrx_word' id='word_1_16' title='bbox 1885 472 2103 526; x_wconf 89' lang='lat' dir='ltr'><strong>veritate</strong></span> <span class='ocrx_word' id='word_1_17' title='bbox 2153 471 2317 524; x_wconf 91' lang='lat' dir='ltr'><strong>Deum</strong></span> <span class='ocrx_word' id='word_1_18' title='bbox 2375 473 2592 526; x_wconf 83' lang='lat' dir='ltr'><strong>colere&quot;</strong></span> <span class='ocrx_word' id='word_1_19' title='bbox 2628 490 2640 526; x_wconf 89' lang='lat'><strong>:</strong></span> <span class='ocrx_word' id='word_1_20' title='bbox 2680 492 2697 524; x_wconf 77' lang='grc' dir='ltr'><strong>ι</strong></span> <span class='ocrx_word' id='word_1_21' title='bbox 2735 483 2786 528; x_wconf 89' lang='lat' dir='ltr'><strong>et</strong></span> <span class='ocrx_word' id='word_1_22' title='bbox 2835 476 2936 530; x_wconf 87' lang='lat' dir='ltr'><strong>alia</strong></span> <span class='ocrx_word' id='word_1_23' title='bbox 2981 493 3319 557; x_wconf 65' lang='lat' dir='ltr'><strong>quacunque</strong></span> 
     </span>
    </p>
   </div>
   <div class='ocr_carea' id='block_1_5' title="bbox 146 543 1683 628">
    <p class='ocr_par' dir='ltr' id='par_1_5' title="bbox 146 543 1683 628">
     <span class='ocr_line' id='line_1_5' title="bbox 146 543 1683 628; baseline 0.01 -29"><span class='ocrx_word' id='word_1_24' title='bbox 146 546 292 616; x_wconf 70' lang='grc' dir='ltr'>νόμον.</span> <span class='ocrx_word' id='word_1_25' title='bbox 314 544 381 605; x_wconf 82' lang='grc' dir='ltr'><strong>ὡς</strong></span> <span class='ocrx_word' id='word_1_26' title='bbox 410 543 540 611; x_wconf 82' lang='grc' dir='ltr'>ὁμοῦ</span> <span class='ocrx_word' id='word_1_27' title='bbox 582 545 755 615; x_wconf 80' lang='grc' dir='ltr'>νόμου</span> <span class='ocrx_word' id='word_1_28' title='bbox 790 552 901 603; x_wconf 72' lang='grc' dir='ltr'>καὶ</span> <span class='ocrx_word' id='word_1_29' title='bbox 940 556 1126 626; x_wconf 74' lang='grc' dir='ltr'>ἀρχῆς</span> <span class='ocrx_word' id='word_1_30' title='bbox 1154 561 1317 612; x_wconf 85' lang='grc' dir='ltr'>αἴτιον</span> <span class='ocrx_word' id='word_1_31' title='bbox 1357 561 1683 628; x_wconf 81' lang='grc' dir='ltr'>καταστῆναι</span> 
     </span>
    </p>
   </div>
   <div class='ocr_carea' id='block_1_6' title="bbox 144 633 1683 718">
    <p class='ocr_par' dir='ltr' id='par_1_6' title="bbox 144 633 1683 718">
     <span class='ocr_line' id='line_1_6' title="bbox 144 633 1683 718; baseline 0.005 -26"><span class='ocrx_word' id='word_1_32' title='bbox 144 636 232 687; x_wconf 77' lang='grc' dir='ltr'>τῶν</span> <span class='ocrx_word' id='word_1_33' title='bbox 259 634 381 687; x_wconf 80' lang='grc' dir='ltr'>δυεῖν</span> <span class='ocrx_word' id='word_1_34' title='bbox 422 633 757 699; x_wconf 75' lang='grc' dir='ltr'><strong>ὑποθέσεων,</strong></span> <span class='ocrx_word' id='word_1_35' title='bbox 825 642 1180 716; x_wconf 83' lang='grc' dir='ltr'>Ἰουδαϊσμοῦ</span> <span class='ocrx_word' id='word_1_36' title='bbox 1231 648 1368 715; x_wconf 77' lang='grc' dir='ltr'>λέγω</span> <span class='ocrx_word' id='word_1_37' title='bbox 1416 649 1507 700; x_wconf 73' lang='grc' dir='ltr'><strong>καὶ</strong></span> <span class='ocrx_word' id='word_1_38' title='bbox 1556 649 1683 718; x_wconf 82' lang='grc' dir='ltr'>Χρι-</span> 
     </span>
    </p>
   </div>
   <div class='ocr_carea' id='block_1_7' title="bbox 145 724 1680 809">
    <p class='ocr_par' dir='ltr' id='par_1_7' title="bbox 145 724 1680 809">
     <span class='ocr_line' id='line_1_7' title="bbox 145 724 1680 809; baseline 0.008 -31"><span class='ocrx_word' id='word_1_39' title='bbox 145 724 429 796; x_wconf 82' lang='grc' dir='ltr'>στιανισμοῦ.</span> <span class='ocrx_word' id='word_1_40' title='bbox 467 728 531 779; x_wconf 73' lang='grc' dir='ltr'>ὐ</span> <span class='ocrx_word' id='word_1_41' title='bbox 562 727 660 779; x_wconf 72' lang='grc' dir='ltr'><strong>καὶ</strong></span> <span class='ocrx_word' id='word_1_42' title='bbox 694 730 840 782; x_wconf 77' lang='grc' dir='ltr'>αὐτὸ</span> <span class='ocrx_word' id='word_1_43' title='bbox 877 733 1188 805; x_wconf 81' lang='grc' dir='ltr'>θαυμάζειν</span> <span class='ocrx_word' id='word_1_44' title='bbox 1215 738 1377 803; x_wconf 76' lang='grc' dir='ltr'>ἀξιον,</span> <span class='ocrx_word' id='word_1_45' title='bbox 1416 740 1510 809; x_wconf 83' lang='grc' dir='ltr'>τὴν</span> <span class='ocrx_word' id='word_1_46' title='bbox 1538 739 1680 792; x_wconf 85' lang='grc' dir='ltr'>θείαν</span> 
     </span>
    </p>
   </div>
   <div class='ocr_carea' id='block_1_8' title="bbox 108 810 1681 900">
    <p class='ocr_par' dir='ltr' id='par_1_8' title="bbox 108 810 1681 900">
     <span class='ocr_line' id='line_1_8' title="bbox 108 810 1681 900; baseline 0.008 -32"><span class='ocrx_word' id='word_1_47' title='bbox 108 872 113 893; x_wconf 43' lang='grc' dir='ltr'><strong>τ</strong></span> <span class='ocrx_word' id='word_1_48' title='bbox 141 819 397 887; x_wconf 56' lang='grc' dir='ltr'>πρόρρησιν</span> <span class='ocrx_word' id='word_1_49' title='bbox 422 810 523 870; x_wconf 70' lang='grc' dir='ltr'><strong>ὅ)δέ</strong></span> <span class='ocrx_word' id='word_1_50' title='bbox 562 834 683 881; x_wconf 84' lang='grc' dir='ltr'><strong>πως</strong></span> <span class='ocrx_word' id='word_1_51' title='bbox 714 821 1119 891; x_wconf 66' lang='grc' dir='ltr'>ἀναφανοῦσαν</span> <span class='ocrx_word' id='word_1_52' title='bbox 1142 845 1154 858; x_wconf 88' lang='grc'><strong>·</strong></span> <span class='ocrx_word' id='word_1_53' title='bbox 1197 848 1216 878; x_wconf 78' lang='grc' dir='ltr'><strong>ι</strong></span> <span class='ocrx_word' id='word_1_54' title='bbox 1264 830 1389 883; x_wconf 82' lang='grc' dir='ltr'>Ἰδοὺ</span> <span class='ocrx_word' id='word_1_55' title='bbox 1416 830 1597 900; x_wconf 84' lang='grc' dir='ltr'>τίθημι</span> <span class='ocrx_word' id='word_1_56' title='bbox 1626 831 1681 881; x_wconf 75' lang='grc' dir='ltr'>ἐν</span> 
     </span>
    </p>
   </div>
   <div class='ocr_carea' id='block_1_9' title="bbox 138 907 1679 987">
    <p class='ocr_par' dir='ltr' id='par_1_9' title="bbox 138 907 1679 987">
     <span class='ocr_line' id='line_1_9' title="bbox 138 907 1679 987; baseline 0.007 -27"><span class='ocrx_word' id='word_1_57' title='bbox 138 907 264 962; x_wconf 82' lang='grc' dir='ltr'>Σιὼν</span> <span class='ocrx_word' id='word_1_58' title='bbox 300 909 426 961; x_wconf 69' lang='grc' dir='ltr'>ὶίθον</span> <span class='ocrx_word' id='word_1_59' title='bbox 468 909 754 974; x_wconf 75' lang='grc' dir='ltr'>ἐκλεκτὸν,</span> <span class='ocrx_word' id='word_1_60' title='bbox 786 914 1212 985; x_wconf 63' lang='grc' dir='ltr'>ἀκρογωνιαῶν,</span> <span class='ocrx_word' id='word_1_61' title='bbox 1258 918 1499 987; x_wconf 79' lang='grc' dir='ltr'>ἔντιμον·</span> <span class='ocrx_word' id='word_1_62' title='bbox 1536 921 1622 971; x_wconf 77' lang='grc' dir='ltr'><strong>καὶ</strong></span> <span class='ocrx_word' id='word_1_63' title='bbox 1652 921 1679 972; x_wconf 99' lang='lat'><strong>6</strong></span> 
     </span>
    </p>
   </div>
   <div class='ocr_carea' id='block_1_10' title="bbox 138 998 1681 1077">
    <p class='ocr_par' dir='ltr' id='par_1_10' title="bbox 138 998 1681 1077">
     <span class='ocr_line' id='line_1_10' title="bbox 138 998 1681 1077; baseline 0.008 -27"><span class='ocrx_word' id='word_1_64' title='bbox 138 998 374 1051; x_wconf 74' lang='grc' dir='ltr'><strong>πιστεύων</strong></span> <span class='ocrx_word' id='word_1_65' title='bbox 398 1000 476 1061; x_wconf 76' lang='grc' dir='ltr'><strong>είς</strong></span> <span class='ocrx_word' id='word_1_66' title='bbox 501 1000 669 1052; x_wconf 78' lang='grc' dir='ltr'>αὑτὸν</span> <span class='ocrx_word' id='word_1_67' title='bbox 695 1003 762 1054; x_wconf 76' lang='grc' dir='ltr'>οὐ</span> <span class='ocrx_word' id='word_1_68' title='bbox 794 1008 1341 1077; x_wconf 88' lang='grc' dir='ltr'>καταισχυνθήσεται.</span> <span class='ocrx_word' id='word_1_69' title='bbox 1379 1029 1398 1060; x_wconf 70' lang='grc' dir='ltr'><strong>ι</strong></span> <span class='ocrx_word' id='word_1_70' title='bbox 1426 1011 1518 1073; x_wconf 87' lang='grc' dir='ltr'>Τίς</span> <span class='ocrx_word' id='word_1_71' title='bbox 1545 1011 1588 1062; x_wconf 77' lang='grc' dir='ltr'>δ’</span> <span class='ocrx_word' id='word_1_72' title='bbox 1618 1008 1681 1062; x_wconf 85' lang='grc' dir='ltr'><strong>ἂν</strong></span> 
     </span>
    </p>
   </div>
   <div class='ocr_carea' id='block_1_11' title="bbox 138 1091 1681 1171">
    <p class='ocr_par' dir='ltr' id='par_1_11' title="bbox 138 1091 1681 1171">
     <span class='ocr_line' id='line_1_11' title="bbox 138 1091 1681 1171; baseline 0.006 -26"><span class='ocrx_word' id='word_1_73' title='bbox 138 1091 213 1160; x_wconf 77' lang='grc' dir='ltr'>εἴη</span> <span class='ocrx_word' id='word_1_74' title='bbox 246 1094 639 1162; x_wconf 74' lang='grc' dir='ltr'>ἀκρογωνιαῖος.</span> <span class='ocrx_word' id='word_1_75' title='bbox 686 1096 722 1164; x_wconf 80' lang='grc' dir='ltr'>ἢ</span> <span class='ocrx_word' id='word_1_76' title='bbox 777 1092 940 1161; x_wconf 74' lang='grc' dir='ltr'>οὗτος</span> <span class='ocrx_word' id='word_1_77' title='bbox 984 1102 1014 1152; x_wconf 89' lang='lat'><strong>6</strong></span> <span class='ocrx_word' id='word_1_78' title='bbox 1047 1101 1151 1164; x_wconf 78' lang='grc' dir='ltr'><strong>ζῶν</strong></span> <span class='ocrx_word' id='word_1_79' title='bbox 1196 1100 1286 1155; x_wconf 77' lang='grc' dir='ltr'>καὶ</span> <span class='ocrx_word' id='word_1_80' title='bbox 1330 1100 1681 1171; x_wconf 74' lang='grc' dir='ltr'><strong>πολυτίμητος</strong></span> 
     </span>
    </p>
   </div>
   <div class='ocr_carea' id='block_1_12' title="bbox 135 1179 1679 1260">
    <p class='ocr_par' dir='ltr' id='par_1_12' title="bbox 135 1179 1679 1260">
     <span class='ocr_line' id='line_1_12' title="bbox 135 1179 1679 1260; baseline 0.01 -31"><span class='ocrx_word' id='word_1_81' title='bbox 135 1179 259 1242; x_wconf 79' lang='grc' dir='ltr'>λίθος</span> <span class='ocrx_word' id='word_1_82' title='bbox 307 1181 424 1249; x_wconf 76' lang='grc' dir='ltr'>μίαν</span> <span class='ocrx_word' id='word_1_83' title='bbox 452 1183 521 1234; x_wconf 77' lang='grc' dir='ltr'>ἐκ</span> <span class='ocrx_word' id='word_1_84' title='bbox 565 1183 722 1235; x_wconf 77' lang='grc' dir='ltr'>δυεῖν</span> <span class='ocrx_word' id='word_1_85' title='bbox 762 1188 1087 1258; x_wconf 74' lang='grc' dir='ltr'>οἰκοδομῶν,</span> <span class='ocrx_word' id='word_1_86' title='bbox 1134 1190 1562 1260; x_wconf 78' lang='grc' dir='ltr'><strong>ὑποστησάμενος</strong></span> <span class='ocrx_word' id='word_1_87' title='bbox 1596 1191 1679 1244; x_wconf 77' lang='grc' dir='ltr'>διὰ</span> 
     </span>
    </p>
   </div>
   <div class='ocr_carea' id='block_1_13' title="bbox 134 1269 1680 1352">
    <p class='ocr_par' dir='ltr' id='par_1_13' title="bbox 134 1269 1680 1352">
     <span class='ocr_line' id='line_1_13' title="bbox 134 1269 1680 1352; baseline 0.01 -33"><span class='ocrx_word' id='word_1_88' title='bbox 134 1269 217 1337; x_wconf 70' lang='grc' dir='ltr'>τῆς</span> <span class='ocrx_word' id='word_1_89' title='bbox 259 1270 416 1321; x_wconf 74' lang='grc' dir='ltr'>αὐτοῦ</span> <span class='ocrx_word' id='word_1_90' title='bbox 464 1270 860 1337; x_wconf 75' lang='grc' dir='ltr'>διδασκαλίαςς</span> <span class='ocrx_word' id='word_1_91' title='bbox 891 1277 993 1346; x_wconf 83' lang='grc' dir='ltr'>τὴν</span> <span class='ocrx_word' id='word_1_92' title='bbox 1035 1278 1139 1349; x_wconf 76' lang='grc' dir='ltr'><strong>γὰρ</strong></span> <span class='ocrx_word' id='word_1_93' title='bbox 1179 1278 1447 1343; x_wconf 80' lang='grc' dir='ltr'>Μωῦσέως</span> <span class='ocrx_word' id='word_1_94' title='bbox 1495 1281 1680 1352; x_wconf 81' lang='grc' dir='ltr'>μέχρις</span> 
     </span>
    </p>
   </div>
   <div class='ocr_carea' id='block_1_14' title="bbox 134 1360 1678 1441">
    <p class='ocr_par' dir='ltr' id='par_1_14' title="bbox 134 1360 1678 1441">
     <span class='ocr_line' id='line_1_14' title="bbox 134 1360 1678 1441; baseline 0.008 -30"><span class='ocrx_word' id='word_1_95' title='bbox 134 1360 271 1412; x_wconf 67' lang='grc' dir='ltr'>αὐτοῦ</span> <span class='ocrx_word' id='word_1_96' title='bbox 300 1363 713 1433; x_wconf 85' lang='grc' dir='ltr'>παραταθεῖσαν</span> <span class='ocrx_word' id='word_1_97' title='bbox 745 1369 974 1436; x_wconf 64' lang='grc' dir='ltr'>στήσας,</span> <span class='ocrx_word' id='word_1_98' title='bbox 1011 1372 1074 1422; x_wconf 78' lang='grc' dir='ltr'>ὲκ</span> <span class='ocrx_word' id='word_1_99' title='bbox 1105 1369 1324 1439; x_wconf 79' lang='grc' dir='ltr'><strong>θατέρου</strong></span> <span class='ocrx_word' id='word_1_100' title='bbox 1363 1371 1553 1440; x_wconf 72' lang='grc' dir='ltr'>μέρους</span> <span class='ocrx_word' id='word_1_101' title='bbox 1586 1373 1678 1441; x_wconf 72' lang='grc' dir='ltr'><strong>τὴν</strong></span> 
     </span>
    </p>
   </div>
   <div class='ocr_carea' id='block_1_15' title="bbox 134 1450 1680 1526">
    <p class='ocr_par' dir='ltr' id='par_1_15' title="bbox 134 1450 1680 1526">
     <span class='ocr_line' id='line_1_15' title="bbox 134 1450 1680 1526; baseline 0.01 -27"><span class='ocrx_word' id='word_1_102' title='bbox 134 1450 374 1516; x_wconf 64' lang='grc' dir='ltr'>ἡμετέραν</span> <span class='ocrx_word' id='word_1_103' title='bbox 407 1454 722 1522; x_wconf 72' lang='grc' dir='ltr'>ἑπισυνῆψε</span> <span class='ocrx_word' id='word_1_104' title='bbox 755 1457 855 1525; x_wconf 81' lang='grc' dir='ltr'>τὴν</span> <span class='ocrx_word' id='word_1_105' title='bbox 889 1457 1034 1509; x_wconf 84' lang='grc' dir='ltr'>κατὰ</span> <span class='ocrx_word' id='word_1_106' title='bbox 1076 1459 1134 1510; x_wconf 89' lang='grc' dir='ltr'><strong>τὸ</strong></span> <span class='ocrx_word' id='word_1_107' title='bbox 1182 1460 1500 1526; x_wconf 79' lang='grc' dir='ltr'>Εὐαγγέλιον</span> <span class='ocrx_word' id='word_1_108' title='bbox 1537 1465 1680 1515; x_wconf 64' lang='grc' dir='ltr'>οἶκοι</span> 
     </span>
    </p>
   </div>
   <div class='ocr_carea' id='block_1_16' title="bbox 132 1537 1679 1616">
    <p class='ocr_par' dir='ltr' id='par_1_16' title="bbox 132 1537 1679 1616">
     <span class='ocr_line' id='line_1_16' title="bbox 132 1537 1679 1616; baseline 0.008 -29"><span class='ocrx_word' id='word_1_109' title='bbox 132 1537 288 1607; x_wconf 67' lang='grc' dir='ltr'>δομὴν.</span> <span class='ocrx_word' id='word_1_110' title='bbox 328 1539 492 1592; x_wconf 88' lang='grc' dir='ltr'>Ὅθεν</span> <span class='ocrx_word' id='word_1_111' title='bbox 552 1544 788 1606; x_wconf 73' lang='grc' dir='ltr'>εἰκότως</span> <span class='ocrx_word' id='word_1_112' title='bbox 814 1545 1200 1615; x_wconf 81' lang='grc' dir='ltr'>ἀκρογωνιαῖος</span> <span class='ocrx_word' id='word_1_113' title='bbox 1216 1545 1538 1616; x_wconf 83' lang='grc' dir='ltr'>ὠνόμασται.</span> <span class='ocrx_word' id='word_1_114' title='bbox 1574 1552 1679 1601; x_wconf 75' lang='grc' dir='ltr'><strong>Καὶ</strong></span> 
     </span>
    </p>
   </div>
   <div class='ocr_carea' id='block_1_17' title="bbox 131 1630 1678 1706">
    <p class='ocr_par' dir='ltr' id='par_1_17' title="bbox 131 1630 1678 1706">
     <span class='ocr_line' id='line_1_17' title="bbox 131 1630 1678 1706; baseline 0.005 -24"><span class='ocrx_word' id='word_1_115' title='bbox 131 1633 176 1682; x_wconf 79' lang='grc' dir='ltr'>ὲν</span> <span class='ocrx_word' id='word_1_116' title='bbox 202 1630 438 1700; x_wconf 72' lang='grc' dir='ltr'>Ψαλμοῖς</span> <span class='ocrx_word' id='word_1_117' title='bbox 471 1633 531 1685; x_wconf 79' lang='grc' dir='ltr'>δὲ</span> <span class='ocrx_word' id='word_1_118' title='bbox 566 1634 790 1703; x_wconf 75' lang='grc' dir='ltr'>εἴρηται</span> <span class='ocrx_word' id='word_1_119' title='bbox 814 1651 827 1664; x_wconf 87' lang='grc'>·</span> <span class='ocrx_word' id='word_1_120' title='bbox 872 1654 889 1684; x_wconf 81' lang='grc' dir='ltr'><strong>ι</strong></span> <span class='ocrx_word' id='word_1_121' title='bbox 925 1635 1084 1688; x_wconf 83' lang='grc' dir='ltr'><strong>Λίθον</strong></span> <span class='ocrx_word' id='word_1_122' title='bbox 1121 1636 1178 1688; x_wconf 86' lang='grc' dir='ltr'>ὃν</span> <span class='ocrx_word' id='word_1_123' title='bbox 1202 1637 1598 1706; x_wconf 81' lang='grc' dir='ltr'><strong>ἀπεδοκίμασαν</strong></span> <span class='ocrx_word' id='word_1_124' title='bbox 1630 1639 1678 1689; x_wconf 84' lang='grc' dir='ltr'>οἱ</span> 
     </span>
    </p>
   </div>
   <div class='ocr_carea' id='block_1_18' title="bbox 130 1716 1678 1795">
    <p class='ocr_par' dir='ltr' id='par_1_18' title="bbox 130 1716 1678 1795">
     <span class='ocr_line' id='line_1_18' title="bbox 130 1716 1678 1795; baseline 0.005 -26"><span class='ocrx_word' id='word_1_125' title='bbox 130 1719 525 1787; x_wconf 69' lang='grc' dir='ltr'>οἰκοδομοῦντες,</span> <span class='ocrx_word' id='word_1_126' title='bbox 542 1716 706 1782; x_wconf 72' lang='grc' dir='ltr'>οὗτος</span> <span class='ocrx_word' id='word_1_127' title='bbox 720 1721 948 1792; x_wconf 75' lang='grc' dir='ltr'>ἐγενήθη</span> <span class='ocrx_word' id='word_1_128' title='bbox 966 1724 1045 1785; x_wconf 86' lang='grc' dir='ltr'>εἰς</span> <span class='ocrx_word' id='word_1_129' title='bbox 1058 1723 1290 1792; x_wconf 74' lang='grc' dir='ltr'>κεφαλὴν</span> <span class='ocrx_word' id='word_1_130' title='bbox 1305 1726 1516 1791; x_wconf 82' lang='grc' dir='ltr'>γωνίας·</span> <span class='ocrx_word' id='word_1_131' title='bbox 1535 1726 1678 1795; x_wconf 77' lang='grc' dir='ltr'>παρὰ</span> 
     </span>
    </p>
   </div>
   <div class='ocr_carea' id='block_1_19' title="bbox 1780 560 3312 635">
    <p class='ocr_par' dir='ltr' id='par_1_19' title="bbox 1780 560 3312 635">
     <span class='ocr_line' id='line_1_19' title="bbox 1780 560 3312 635; baseline 0.005 -22"><span class='ocrx_word' id='word_1_132' title='bbox 1780 560 1865 614; x_wconf 90' lang='lat' dir='ltr'><strong>his</strong></span> <span class='ocrx_word' id='word_1_133' title='bbox 1896 561 2088 615; x_wconf 89' lang='lat' dir='ltr'><strong>similia</strong></span> <span class='ocrx_word' id='word_1_134' title='bbox 2106 561 2158 613; x_wconf 94' lang='lat' dir='ltr'><strong>in</strong></span> <span class='ocrx_word' id='word_1_135' title='bbox 2193 562 2335 615; x_wconf 90' lang='lat' dir='ltr'><strong>illius</strong></span> <span class='ocrx_word' id='word_1_136' title='bbox 2357 562 2596 615; x_wconf 74' lang='lat' dir='ltr'><strong>doctrina</strong></span> <span class='ocrx_word' id='word_1_137' title='bbox 2620 562 2883 627; x_wconf 81' lang='lat' dir='ltr'><strong>feruntur,</strong></span> <span class='ocrx_word' id='word_1_138' title='bbox 2924 568 3312 635; x_wconf 77' lang='lat' dir='ltr'><strong>sapientissimi</strong></span> 
     </span>
    </p>
   </div>
   <div class='ocr_carea' id='block_1_20' title="bbox 1781 650 3313 722">
    <p class='ocr_par' dir='ltr' id='par_1_20' title="bbox 1781 650 3313 722">
     <span class='ocr_line' id='line_1_20' title="bbox 1781 650 3313 722; baseline 0.008 -21"><span class='ocrx_word' id='word_1_139' title='bbox 1781 651 1936 718; x_wconf 81' lang='lat' dir='ltr'><strong>plane</strong></span> <span class='ocrx_word' id='word_1_140' title='bbox 1963 650 2196 711; x_wconf 80' lang='lat' dir='ltr'><strong>fuerunt,</strong></span> <span class='ocrx_word' id='word_1_141' title='bbox 2219 657 2273 703; x_wconf 90' lang='lat' dir='ltr'><strong>et</strong></span> <span class='ocrx_word' id='word_1_142' title='bbox 2298 651 2674 718; x_wconf 71' lang='lat' dir='ltr'><strong>perfectissimi</strong></span> <span class='ocrx_word' id='word_1_143' title='bbox 2708 654 2876 722; x_wconf 86' lang='lat' dir='ltr'><strong>legum</strong></span> <span class='ocrx_word' id='word_1_144' title='bbox 2907 658 3163 712; x_wconf 87' lang='lat' dir='ltr'><strong>auctoris.</strong></span> <span class='ocrx_word' id='word_1_145' title='bbox 3194 676 3212 708; x_wconf 76' lang='grc' dir='ltr'><strong>ι</strong></span> <span class='ocrx_word' id='word_1_146' title='bbox 3238 657 3313 713; x_wconf 76' lang='lat' dir='ltr'><strong>Ex</strong></span> 
     </span>
    </p>
   </div>
   <div class='ocr_carea' id='block_1_21' title="bbox 1779 737 3312 816">
    <p class='ocr_par' dir='ltr' id='par_1_21' title="bbox 1779 737 3312 816">
     <span class='ocr_line' id='line_1_21' title="bbox 1779 737 3312 816; baseline 0.005 -25"><span class='ocrx_word' id='word_1_147' title='bbox 1779 754 1886 807; x_wconf 93' lang='lat' dir='ltr'><strong>quo</strong></span> <span class='ocrx_word' id='word_1_148' title='bbox 1914 737 2109 793; x_wconf 83' lang='lat' dir='ltr'><strong>factum</strong></span> <span class='ocrx_word' id='word_1_149' title='bbox 2125 747 2298 803; x_wconf 90' lang='lat' dir='ltr'><strong>est,ut</strong></span> <span class='ocrx_word' id='word_1_150' title='bbox 2325 741 2603 794; x_wconf 73' lang='lat' dir='ltr'><strong>audientes</strong></span> <span class='ocrx_word' id='word_1_151' title='bbox 2646 750 3036 809; x_wconf 86' lang='lat' dir='ltr'><strong>stupescerent,</strong></span> <span class='ocrx_word' id='word_1_152' title='bbox 3071 766 3089 797; x_wconf 70' lang='grc' dir='ltr'><strong>ι</strong></span> <span class='ocrx_word' id='word_1_153' title='bbox 3121 763 3312 816; x_wconf 87' lang='lat' dir='ltr'><strong>quem-</strong></span> 
     </span>
    </p>
   </div>
   <div class='ocr_carea' id='block_1_22' title="bbox 1781 827 3313 906">
    <p class='ocr_par' dir='ltr' id='par_1_22' title="bbox 1781 827 3313 906">
     <span class='ocr_line' id='line_1_22' title="bbox 1781 827 3313 906; baseline 0.005 -27"><span class='ocrx_word' id='word_1_154' title='bbox 1781 827 2062 881; x_wconf 87' lang='lat' dir='ltr'><strong>admodum</strong></span> <span class='ocrx_word' id='word_1_155' title='bbox 2115 828 2387 897; x_wconf 85' lang='lat' dir='ltr'><strong>Scriptura</strong></span> <span class='ocrx_word' id='word_1_156' title='bbox 2418 829 2594 883; x_wconf 86' lang='lat' dir='ltr'><strong>divina</strong></span> <span class='ocrx_word' id='word_1_157' title='bbox 2626 844 3005 886; x_wconf 85' lang='lat' dir='ltr'><strong>commemorat</strong></span> <span class='ocrx_word' id='word_1_158' title='bbox 3049 835 3093 901; x_wconf 81' lang='grc'><strong>⁸;</strong></span> <span class='ocrx_word' id='word_1_159' title='bbox 3128 854 3147 888; x_wconf 72' lang='grc' dir='ltr'><strong>ι</strong></span> <span class='ocrx_word' id='word_1_160' title='bbox 3189 852 3313 906; x_wconf 69' lang='grc' dir='ltr'>ρνυο</span> 
     </span>
    </p>
   </div>
   <div class='ocr_carea' id='block_1_23' title="bbox 1781 917 3311 990">
    <p class='ocr_par' dir='ltr' id='par_1_23' title="bbox 1781 917 3311 990">
     <span class='ocr_line' id='line_1_23' title="bbox 1781 917 3311 990; baseline 0.007 -22"><span class='ocrx_word' id='word_1_161' title='bbox 1781 923 1959 985; x_wconf 89' lang='lat' dir='ltr'><strong>pterea</strong></span> <span class='ocrx_word' id='word_1_162' title='bbox 1990 917 2133 985; x_wconf 91' lang='lat' dir='ltr'><strong>quod</strong></span> <span class='ocrx_word' id='word_1_163' title='bbox 2176 918 2402 971; x_wconf 83' lang='lat' dir='ltr'><strong>docebat</strong></span> <span class='ocrx_word' id='word_1_164' title='bbox 2435 933 2528 972; x_wconf 89' lang='lat' dir='ltr'><strong>eos</strong></span> <span class='ocrx_word' id='word_1_165' title='bbox 2572 928 2818 989; x_wconf 87' lang='lat' dir='ltr'><strong>tanquam</strong></span> <span class='ocrx_word' id='word_1_166' title='bbox 2851 932 3162 990; x_wconf 89' lang='lat' dir='ltr'><strong>potestatem</strong></span> <span class='ocrx_word' id='word_1_167' title='bbox 3217 926 3311 979; x_wconf 88' lang='lat' dir='ltr'><strong>ha-</strong></span> 
     </span>
    </p>
   </div>
   <div class='ocr_carea' id='block_1_24' title="bbox 1780 1003 3307 1068">
    <p class='ocr_par' dir='ltr' id='par_1_24' title="bbox 1780 1003 3307 1068">
     <span class='ocr_line' id='line_1_24' title="bbox 1780 1003 3307 1068; baseline 0.007 -13"><span class='ocrx_word' id='word_1_168' title='bbox 1780 1004 1930 1068; x_wconf 88' lang='lat' dir='ltr'><strong>bens,</strong></span> <span class='ocrx_word' id='word_1_169' title='bbox 1952 1012 2003 1058; x_wconf 90' lang='lat' dir='ltr'><strong>et</strong></span> <span class='ocrx_word' id='word_1_170' title='bbox 2035 1018 2141 1057; x_wconf 85' lang='lat' dir='ltr'><strong>non</strong></span> <span class='ocrx_word' id='word_1_171' title='bbox 2173 1013 2232 1057; x_wconf 91' lang='lat' dir='ltr'><strong>ut</strong></span> <span class='ocrx_word' id='word_1_172' title='bbox 2259 1003 2458 1058; x_wconf 55' lang='lat' dir='ltr'><strong>Scriba</strong></span> <span class='ocrx_word' id='word_1_173' title='bbox 2493 1007 2699 1060; x_wconf 88' lang='lat' dir='ltr'><strong>illorum</strong></span> <span class='ocrx_word' id='word_1_174' title='bbox 2731 1015 2783 1061; x_wconf 90' lang='lat' dir='ltr'><strong>et</strong></span> <span class='ocrx_word' id='word_1_175' title='bbox 2822 1006 3099 1064; x_wconf 84' lang='lat' dir='ltr'><strong>Pharisaei.</strong></span> <span class='ocrx_word' id='word_1_176' title='bbox 3133 1031 3153 1062; x_wconf 74' lang='grc' dir='ltr'><strong>ι</strong></span> <span class='ocrx_word' id='word_1_177' title='bbox 3195 1010 3307 1065; x_wconf 81' lang='lat' dir='ltr'><strong>Hoc</strong></span> 
     </span>
    </p>
   </div>
   <div class='ocr_carea' id='block_1_25' title="bbox 1779 1090 3302 1170">
    <p class='ocr_par' dir='ltr' id='par_1_25' title="bbox 1779 1090 3302 1170">
     <span class='ocr_line' id='line_1_25' title="bbox 1779 1090 3302 1170; baseline 0.007 -27"><span class='ocrx_word' id='word_1_178' title='bbox 1779 1090 1943 1159; x_wconf 86' lang='lat' dir='ltr'><strong>igitur</strong></span> <span class='ocrx_word' id='word_1_179' title='bbox 1974 1094 2097 1147; x_wconf 90' lang='lat' dir='ltr'><strong>item</strong></span> <span class='ocrx_word' id='word_1_180' title='bbox 2142 1096 2425 1162; x_wconf 82' lang='lat' dir='ltr'><strong>complevit</strong></span> <span class='ocrx_word' id='word_1_181' title='bbox 2465 1097 2761 1155; x_wconf 88' lang='lat' dir='ltr'><strong>oraculum,</strong></span> <span class='ocrx_word' id='word_1_182' title='bbox 2794 1098 2936 1164; x_wconf 89' lang='lat' dir='ltr'><strong>quod</strong></span> <span class='ocrx_word' id='word_1_183' title='bbox 2978 1098 3136 1154; x_wconf 83' lang='lat' dir='ltr'><strong>Musis</strong></span> <span class='ocrx_word' id='word_1_184' title='bbox 3181 1117 3302 1170; x_wconf 89' lang='lat' dir='ltr'><strong>pro—</strong></span> 
     </span>
    </p>
   </div>
   <div class='ocr_carea' id='block_1_26' title="bbox 1779 1182 3289 1253">
    <p class='ocr_par' dir='ltr' id='par_1_26' title="bbox 1779 1182 3289 1253">
     <span class='ocr_line' id='line_1_26' title="bbox 1779 1182 3289 1253; baseline 0.007 -21"><span class='ocrx_word' id='word_1_185' title='bbox 1779 1182 1970 1248; x_wconf 65' lang='lat' dir='ltr'><strong>phetiae</strong></span> <span class='ocrx_word' id='word_1_186' title='bbox 2000 1182 2180 1235; x_wconf 82' lang='lat' dir='ltr'><strong>deerat</strong></span> <span class='ocrx_word' id='word_1_187' title='bbox 2209 1200 2222 1234; x_wconf 89' lang='lat'><strong>:</strong></span> <span class='ocrx_word' id='word_1_188' title='bbox 2256 1184 2438 1236; x_wconf 86' lang='lat' dir='ltr'><strong>eadem</strong></span> <span class='ocrx_word' id='word_1_189' title='bbox 2488 1198 2648 1253; x_wconf 88' lang='lat' dir='ltr'><strong>porro</strong></span> <span class='ocrx_word' id='word_1_190' title='bbox 2693 1185 2901 1239; x_wconf 88' lang='lat' dir='ltr'><strong>ratione</strong></span> <span class='ocrx_word' id='word_1_191' title='bbox 2946 1195 3135 1240; x_wconf 63' lang='lat' dir='ltr'><strong>ca&#39;tera</strong></span> <span class='ocrx_word' id='word_1_192' title='bbox 3169 1191 3289 1243; x_wconf 77' lang='lat' dir='ltr'><strong>item</strong></span> 
     </span>
    </p>
   </div>
   <div class='ocr_carea' id='block_1_27' title="bbox 1782 1270 3301 1342">
    <p class='ocr_par' dir='ltr' id='par_1_27' title="bbox 1782 1270 3301 1342">
     <span class='ocr_line' id='line_1_27' title="bbox 1782 1270 3301 1342; baseline 0.007 -20"><span class='ocrx_word' id='word_1_193' title='bbox 1782 1270 2336 1340; x_wconf 73' lang='lat' dir='ltr'><strong>prophetiarum,qua‘:</strong></span> <span class='ocrx_word' id='word_1_194' title='bbox 2382 1272 2449 1326; x_wconf 90' lang='lat' dir='ltr'><strong>de</strong></span> <span class='ocrx_word' id='word_1_195' title='bbox 2484 1274 2600 1341; x_wconf 86' lang='lat' dir='ltr'><strong>ipso</strong></span> <span class='ocrx_word' id='word_1_196' title='bbox 2631 1281 2684 1327; x_wconf 90' lang='lat' dir='ltr'><strong>et</strong></span> <span class='ocrx_word' id='word_1_197' title='bbox 2737 1276 2969 1342; x_wconf 86' lang='lat' dir='ltr'><strong>gentium</strong></span> <span class='ocrx_word' id='word_1_198' title='bbox 3030 1279 3301 1333; x_wconf 68' lang='lat' dir='ltr'><strong>vocatione</strong></span> 
     </span>
    </p>
   </div>
   <div class='ocr_carea' id='block_1_28' title="bbox 1778 1360 3304 1437">
    <p class='ocr_par' dir='ltr' id='par_1_28' title="bbox 1778 1360 3304 1437">
     <span class='ocr_line' id='line_1_28' title="bbox 1778 1360 3304 1437; baseline 0.007 -27"><span class='ocrx_word' id='word_1_199' title='bbox 1778 1360 1973 1426; x_wconf 89' lang='lat' dir='ltr'><strong>scripta</strong></span> <span class='ocrx_word' id='word_1_200' title='bbox 1999 1368 2123 1413; x_wconf 90' lang='lat' dir='ltr'><strong>sunt</strong></span> <span class='ocrx_word' id='word_1_201' title='bbox 2146 1361 2415 1415; x_wconf 83' lang='lat' dir='ltr'><strong>vaticinia.</strong></span> <span class='ocrx_word' id='word_1_202' title='bbox 2461 1360 2685 1416; x_wconf 85' lang='lat' dir='ltr'><strong>Constat</strong></span> <span class='ocrx_word' id='word_1_203' title='bbox 2721 1379 2848 1432; x_wconf 84' lang='lat' dir='ltr'><strong>ergo</strong></span> <span class='ocrx_word' id='word_1_204' title='bbox 2892 1364 3039 1418; x_wconf 92' lang='lat' dir='ltr'><strong>illum</strong></span> <span class='ocrx_word' id='word_1_205' title='bbox 3070 1372 3304 1437; x_wconf 83' lang='lat' dir='ltr'><strong>comple-</strong></span> 
     </span>
    </p>
   </div>
   <div class='ocr_carea' id='block_1_29' title="bbox 1776 1449 3304 1525">
    <p class='ocr_par' dir='ltr' id='par_1_29' title="bbox 1776 1449 3304 1525">
     <span class='ocr_line' id='line_1_29' title="bbox 1776 1449 3304 1525; baseline 0.005 -26"><span class='ocrx_word' id='word_1_206' title='bbox 1776 1449 1915 1502; x_wconf 83' lang='lat' dir='ltr'><strong>visse</strong></span> <span class='ocrx_word' id='word_1_207' title='bbox 1935 1458 1987 1502; x_wconf 88' lang='lat' dir='ltr'><strong>et</strong></span> <span class='ocrx_word' id='word_1_208' title='bbox 2020 1450 2185 1518; x_wconf 79' lang='lat' dir='ltr'><strong>legem</strong></span> <span class='ocrx_word' id='word_1_209' title='bbox 2216 1459 2267 1503; x_wconf 92' lang='lat' dir='ltr'><strong>et</strong></span> <span class='ocrx_word' id='word_1_210' title='bbox 2291 1451 2591 1518; x_wconf 83' lang='lat' dir='ltr'><strong>prephetas,</strong></span> <span class='ocrx_word' id='word_1_211' title='bbox 2625 1454 2835 1520; x_wconf 84' lang='lat' dir='ltr'><strong>quando</strong></span> <span class='ocrx_word' id='word_1_212' title='bbox 2863 1468 2925 1508; x_wconf 85' lang='lat' dir='ltr'><strong>ea</strong></span> <span class='ocrx_word' id='word_1_213' title='bbox 2955 1471 3071 1524; x_wconf 71' lang='lat' dir='ltr'><strong>quas</strong></span> <span class='ocrx_word' id='word_1_214' title='bbox 3093 1456 3157 1509; x_wconf 92' lang='lat' dir='ltr'><strong>de</strong></span> <span class='ocrx_word' id='word_1_215' title='bbox 3188 1458 3304 1525; x_wconf 89' lang='lat' dir='ltr'><strong>ipso</strong></span> 
     </span>
    </p>
   </div>
   <div class='ocr_carea' id='block_1_30' title="bbox 1776 1530 3296 1614">
    <p class='ocr_par' dir='ltr' id='par_1_30' title="bbox 1776 1530 3296 1614">
     <span class='ocr_line' id='line_1_30' title="bbox 1776 1530 3296 1614; baseline 0.005 -27"><span class='ocrx_word' id='word_1_216' title='bbox 1776 1537 2025 1604; x_wconf 67' lang='lat' dir='ltr'><strong>prmdicla</strong></span> <span class='ocrx_word' id='word_1_217' title='bbox 2051 1546 2175 1590; x_wconf 86' lang='lat' dir='ltr'><strong>sunt</strong></span> <span class='ocrx_word' id='word_1_218' title='bbox 2197 1530 2289 1603; x_wconf 30' lang='lat' dir='ltr'><strong>,ad&#39;</strong></span> <span class='ocrx_word' id='word_1_219' title='bbox 2304 1541 2500 1592; x_wconf 80' lang='lat' dir='ltr'><strong>exitum</strong></span> <span class='ocrx_word' id='word_1_220' title='bbox 2520 1540 2785 1609; x_wconf 80' lang='lat' dir='ltr'><strong>perduxit,</strong></span> <span class='ocrx_word' id='word_1_221' title='bbox 2802 1550 2854 1596; x_wconf 90' lang='lat' dir='ltr'><strong>ct</strong></span> <span class='ocrx_word' id='word_1_222' title='bbox 2878 1544 3105 1613; x_wconf 89' lang='lat' dir='ltr'><strong>priorem</strong></span> <span class='ocrx_word' id='word_1_223' title='bbox 3135 1547 3296 1614; x_wconf 78' lang='lat' dir='ltr'><strong>legem</strong></span> 
     </span>
    </p>
   </div>
   <div class='ocr_carea' id='block_1_31' title="bbox 1775 1627 3300 1704">
    <p class='ocr_par' dir='ltr' id='par_1_31' title="bbox 1775 1627 3300 1704">
     <span class='ocr_line' id='line_1_31' title="bbox 1775 1627 3300 1704; baseline 0.008 -28"><span class='ocrx_word' id='word_1_224' title='bbox 1775 1641 1945 1693; x_wconf 88' lang='lat' dir='ltr'><strong>usque</strong></span> <span class='ocrx_word' id='word_1_225' title='bbox 1974 1627 2037 1679; x_wconf 90' lang='lat' dir='ltr'><strong>ad</strong></span> <span class='ocrx_word' id='word_1_226' title='bbox 2072 1629 2302 1696; x_wconf 87' lang='lat' dir='ltr'><strong>seipsum</strong></span> <span class='ocrx_word' id='word_1_227' title='bbox 2330 1639 2470 1682; x_wconf 87' lang='lat' dir='ltr'><strong>stare</strong></span> <span class='ocrx_word' id='word_1_228' title='bbox 2489 1631 2672 1696; x_wconf 87' lang='lat' dir='ltr'><strong>jussit,</strong></span> <span class='ocrx_word' id='word_1_229' title='bbox 2695 1632 2803 1684; x_wconf 78' lang='lat' dir='ltr'><strong>dux</strong></span> <span class='ocrx_word' id='word_1_230' title='bbox 2833 1648 2957 1686; x_wconf 82' lang='lat' dir='ltr'><strong>vero</strong></span> <span class='ocrx_word' id='word_1_231' title='bbox 2971 1642 3024 1687; x_wconf 89' lang='lat' dir='ltr'><strong>et</strong></span> <span class='ocrx_word' id='word_1_232' title='bbox 3053 1635 3300 1704; x_wconf 79' lang='lat' dir='ltr'><strong>princeps</strong></span> 
     </span>
    </p>
   </div>
   <div class='ocr_carea' id='block_1_32' title="bbox 1775 1715 3301 1787">
    <p class='ocr_par' dir='ltr' id='par_1_32' title="bbox 1775 1715 3301 1787">
     <span class='ocr_line' id='line_1_32' title="bbox 1775 1715 3301 1787; baseline 0.007 -21"><span class='ocrx_word' id='word_1_233' title='bbox 1775 1715 1992 1768; x_wconf 80' lang='lat' dir='ltr'><strong>alterius</strong></span> <span class='ocrx_word' id='word_1_234' title='bbox 2044 1716 2175 1785; x_wconf 83' lang='lat' dir='ltr'><strong>legis</strong></span> <span class='ocrx_word' id='word_1_235' title='bbox 2217 1721 2439 1782; x_wconf 81' lang='lat' dir='ltr'><strong>exstitit,</strong></span> <span class='ocrx_word' id='word_1_236' title='bbox 2476 1735 2593 1787; x_wconf 72' lang='lat' dir='ltr'><strong>qua:</strong></span> <span class='ocrx_word' id='word_1_237' title='bbox 2650 1722 2704 1774; x_wconf 91' lang='lat' dir='ltr'><strong>in</strong></span> <span class='ocrx_word' id='word_1_238' title='bbox 2758 1721 2903 1775; x_wconf 83' lang='lat' dir='ltr'><strong>Novo</strong></span> <span class='ocrx_word' id='word_1_239' title='bbox 2961 1721 3301 1777; x_wconf 80' lang='lat' dir='ltr'><strong>Testamento</strong></span> 
     </span>
    </p>
   </div>
   <div class='ocr_carea' id='block_1_33' title="bbox 132 1805 1677 1885">
    <p class='ocr_par' dir='ltr' id='par_1_33' title="bbox 132 1809 1671 1885">
     <span class='ocr_line' id='line_1_33' title="bbox 132 1809 1671 1885; baseline 0.006 -27"><span class='ocrx_word' id='word_1_240' title='bbox 132 1809 297 1878; x_wconf 74' lang='grc' dir='ltr'>Κυρίου</span> <span class='ocrx_word' id='word_1_241' title='bbox 323 1809 554 1875; x_wconf 81' lang='grc' dir='ltr'>ἐγένετο</span> <span class='ocrx_word' id='word_1_242' title='bbox 578 1809 749 1880; x_wconf 70' lang='grc' dir='ltr'>αὕτη,</span> <span class='ocrx_word' id='word_1_243' title='bbox 769 1811 862 1862; x_wconf 78' lang='grc' dir='ltr'><strong>καὶ</strong></span> <span class='ocrx_word' id='word_1_244' title='bbox 887 1811 999 1863; x_wconf 77' lang='grc' dir='ltr'>ἔστι</span> <span class='ocrx_word' id='word_1_245' title='bbox 1021 1811 1297 1883; x_wconf 86' lang='grc' dir='ltr'>θαυμαστὴ</span> <span class='ocrx_word' id='word_1_246' title='bbox 1315 1817 1370 1866; x_wconf 79' lang='grc' dir='ltr'><strong>ἐν</strong></span> <span class='ocrx_word' id='word_1_247' title='bbox 1390 1815 1671 1885; x_wconf 69' lang='grc' dir='ltr'>ὀφθαλμοῖς</span> 
     </span>
    </p>
   </div>
   <div class='ocr_carea' id='block_1_34' title="bbox 1765 1805 3300 1885">
    <p class='ocr_par' dir='ltr' id='par_1_34' title="bbox 1772 1807 3300 1883">
     <span class='ocr_line' id='line_1_34' title="bbox 1772 1807 3300 1883; baseline 0.006 -25"><span class='ocrx_word' id='word_1_248' title='bbox 1772 1807 1979 1861; x_wconf 89' lang='lat' dir='ltr'><strong>cunctis</strong></span> <span class='ocrx_word' id='word_1_249' title='bbox 2026 1809 2273 1876; x_wconf 81' lang='lat' dir='ltr'><strong>gentibus</strong></span> <span class='ocrx_word' id='word_1_250' title='bbox 2319 1810 2629 1863; x_wconf 89' lang='lat' dir='ltr'><strong>denuntiata</strong></span> <span class='ocrx_word' id='word_1_251' title='bbox 2690 1820 2791 1876; x_wconf 88' lang='lat' dir='ltr'><strong>est,</strong></span> <span class='ocrx_word' id='word_1_252' title='bbox 2846 1821 2906 1865; x_wconf 88' lang='lat' dir='ltr'><strong>ut</strong></span> <span class='ocrx_word' id='word_1_253' title='bbox 2965 1815 3124 1869; x_wconf 88' lang='lat' dir='ltr'><strong>simul</strong></span> <span class='ocrx_word' id='word_1_254' title='bbox 3172 1815 3300 1883; x_wconf 79' lang='lat' dir='ltr'><strong>legis</strong></span> 
     </span>
    </p>
   </div>
   <div class='ocr_carea' id='block_1_35' title="bbox 132 1898 1677 1972">
    <p class='ocr_par' dir='ltr' id='par_1_35' title="bbox 132 1898 1677 1972">
     <span class='ocr_line' id='line_1_35' title="bbox 132 1898 1677 1972; baseline 0.006 -23"><span class='ocrx_word' id='word_1_255' title='bbox 132 1899 272 1966; x_wconf 68' lang='grc' dir='ltr'>ἡμῶν.</span> <span class='ocrx_word' id='word_1_256' title='bbox 299 1918 321 1950; x_wconf 70' lang='grc' dir='ltr'><strong>ι</strong></span> <span class='ocrx_word' id='word_1_257' title='bbox 362 1898 538 1952; x_wconf 81' lang='grc' dir='ltr'>Ἔνθα</span> <span class='ocrx_word' id='word_1_258' title='bbox 570 1901 768 1968; x_wconf 79' lang='grc' dir='ltr'>σαφῶς</span> <span class='ocrx_word' id='word_1_259' title='bbox 794 1901 854 1952; x_wconf 77' lang='grc' dir='ltr'>τὸ</span> <span class='ocrx_word' id='word_1_260' title='bbox 881 1901 1055 1969; x_wconf 86' lang='grc' dir='ltr'>λόγιον</span> <span class='ocrx_word' id='word_1_261' title='bbox 1089 1904 1179 1955; x_wconf 76' lang='grc' dir='ltr'><strong>καὶ</strong></span> <span class='ocrx_word' id='word_1_262' title='bbox 1210 1904 1304 1972; x_wconf 75' lang='grc' dir='ltr'><strong>τὴν</strong></span> <span class='ocrx_word' id='word_1_263' title='bbox 1330 1906 1393 1956; x_wconf 79' lang='grc' dir='ltr'><strong>ἐκ</strong></span> <span class='ocrx_word' id='word_1_264' title='bbox 1420 1906 1511 1958; x_wconf 74' lang='grc' dir='ltr'>τοῦ</span> <span class='ocrx_word' id='word_1_265' title='bbox 1551 1909 1677 1958; x_wconf 83' lang='grc' dir='ltr'>Ἰου-</span> 
     </span>
    </p>
   </div>
   <div class='ocr_carea' id='block_1_36' title="bbox 129 1988 1675 2066">
    <p class='ocr_par' dir='ltr' id='par_1_36' title="bbox 129 1988 1675 2066">
     <span class='ocr_line' id='line_1_36' title="bbox 129 1988 1675 2066; baseline 0.006 -26"><span class='ocrx_word' id='word_1_266' title='bbox 129 1988 260 2041; x_wconf 71' lang='grc' dir='ltr'>δαίων</span> <span class='ocrx_word' id='word_1_267' title='bbox 291 1990 486 2052; x_wconf 75' lang='grc' dir='ltr'>ἔθνους</span> <span class='ocrx_word' id='word_1_268' title='bbox 518 1991 821 2061; x_wconf 74' lang='grc' dir='ltr'>ἐπιϐουλὴν</span> <span class='ocrx_word' id='word_1_269' title='bbox 847 1992 912 2060; x_wconf 81' lang='grc' dir='ltr'>ἣν</span> <span class='ocrx_word' id='word_1_270' title='bbox 947 1993 1206 2045; x_wconf 79' lang='grc' dir='ltr'>πέπονθεν</span> <span class='ocrx_word' id='word_1_271' title='bbox 1229 1994 1255 2046; x_wconf 88' lang='lat'><strong>6</strong></span> <span class='ocrx_word' id='word_1_272' title='bbox 1281 1994 1675 2066; x_wconf 79' lang='grc' dir='ltr'>θεσπιζόμενος,</span> 
     </span>
    </p>
   </div>
   <div class='ocr_carea' id='block_1_37' title="bbox 129 2078 1675 2157">
    <p class='ocr_par' dir='ltr' id='par_1_37' title="bbox 129 2078 1675 2157">
     <span class='ocr_line' id='line_1_37' title="bbox 129 2078 1675 2157; baseline 0.006 -28"><span class='ocrx_word' id='word_1_273' title='bbox 129 2078 456 2150; x_wconf 69' lang='grc' dir='ltr'>διεσάφησενο</span> <span class='ocrx_word' id='word_1_274' title='bbox 506 2081 1020 2152; x_wconf 78' lang='grc' dir='ltr'><strong>ἀποδοκιμασθῆναι</strong></span> <span class='ocrx_word' id='word_1_275' title='bbox 1069 2082 1163 2149; x_wconf 70' lang='grc' dir='ltr'>μὲν</span> <span class='ocrx_word' id='word_1_276' title='bbox 1213 2086 1368 2138; x_wconf 80' lang='grc' dir='ltr'>αὐτὸν</span> <span class='ocrx_word' id='word_1_277' title='bbox 1403 2086 1531 2157; x_wconf 75' lang='grc' dir='ltr'>πρὸς</span> <span class='ocrx_word' id='word_1_278' title='bbox 1573 2088 1675 2138; x_wconf 76' lang='grc' dir='ltr'><strong>τῶν</strong></span> 
     </span>
    </p>
   </div>
   <div class='ocr_carea' id='block_1_38' title="bbox 128 2169 1675 2242">
    <p class='ocr_par' dir='ltr' id='par_1_38' title="bbox 128 2169 1675 2242">
     <span class='ocr_line' id='line_1_38' title="bbox 128 2169 1675 2242; baseline 0.005 -24"><span class='ocrx_word' id='word_1_279' title='bbox 128 2169 198 2218; x_wconf 65' lang='grc' dir='ltr'>τὸν</span> <span class='ocrx_word' id='word_1_280' title='bbox 223 2169 448 2222; x_wconf 73' lang='grc' dir='ltr'>παλαιὸν</span> <span class='ocrx_word' id='word_1_281' title='bbox 481 2172 672 2238; x_wconf 78' lang='grc' dir='ltr'>τοῖχον</span> <span class='ocrx_word' id='word_1_282' title='bbox 700 2170 1116 2240; x_wconf 80' lang='grc' dir='ltr'>οἱκοδομούντων</span> <span class='ocrx_word' id='word_1_283' title='bbox 1138 2174 1499 2242; x_wconf 80' lang='grc' dir='ltr'>γραμματέων</span> <span class='ocrx_word' id='word_1_284' title='bbox 1523 2174 1675 2227; x_wconf 80' lang='grc' dir='ltr'>τινῶν</span> 
     </span>
    </p>
   </div>
   <div class='ocr_carea' id='block_1_39' title="bbox 127 2258 1676 2331">
    <p class='ocr_par' dir='ltr' id='par_1_39' title="bbox 127 2258 1676 2331">
     <span class='ocr_line' id='line_1_39' title="bbox 127 2258 1676 2331; baseline 0.005 -24"><span class='ocrx_word' id='word_1_285' title='bbox 127 2258 201 2310; x_wconf 72' lang='grc' dir='ltr'>καὶ</span> <span class='ocrx_word' id='word_1_286' title='bbox 222 2259 555 2329; x_wconf 63' lang='grc' dir='ltr'>Φαρισαίων,</span> <span class='ocrx_word' id='word_1_287' title='bbox 588 2260 897 2329; x_wconf 78' lang='grc' dir='ltr'>ἀρχιερέων</span> <span class='ocrx_word' id='word_1_288' title='bbox 939 2278 996 2313; x_wconf 90' lang='grc' dir='ltr'><strong>τε</strong></span> <span class='ocrx_word' id='word_1_289' title='bbox 1028 2263 1118 2314; x_wconf 75' lang='grc' dir='ltr'><strong>καὶ</strong></span> <span class='ocrx_word' id='word_1_290' title='bbox 1156 2262 1369 2315; x_wconf 85' lang='grc' dir='ltr'>πάντων</span> <span class='ocrx_word' id='word_1_291' title='bbox 1400 2263 1504 2315; x_wconf 82' lang='grc' dir='ltr'><strong>τῶν</strong></span> <span class='ocrx_word' id='word_1_292' title='bbox 1533 2263 1676 2331; x_wconf 87' lang='grc' dir='ltr'><strong>παρά</strong></span> 
     </span>
    </p>
   </div>
   <div class='ocr_carea' id='block_1_40' title="bbox 136 2348 1675 2423">
    <p class='ocr_par' dir='ltr' id='par_1_40' title="bbox 136 2348 1675 2423">
     <span class='ocr_line' id='line_1_40' title="bbox 136 2348 1675 2423; baseline 0.005 -25"><span class='ocrx_word' id='word_1_293' title='bbox 136 2348 378 2411; x_wconf 77' lang='grc' dir='ltr'>Ἰουδαίοις</span> <span class='ocrx_word' id='word_1_294' title='bbox 414 2351 707 2419; x_wconf 80' lang='grc' dir='ltr'>ἀρχόντων</span> <span class='ocrx_word' id='word_1_295' title='bbox 749 2350 1038 2417; x_wconf 56' lang='grc' dir='ltr'>φανέντων</span> <span class='ocrx_word' id='word_1_296' title='bbox 1070 2350 1203 2421; x_wconf 79' lang='grc' dir='ltr'>πλὴν</span> <span class='ocrx_word' id='word_1_297' title='bbox 1242 2351 1376 2403; x_wconf 89' lang='grc' dir='ltr'><strong>ἀλλά</strong></span> <span class='ocrx_word' id='word_1_298' title='bbox 1423 2352 1555 2420; x_wconf 88' lang='grc' dir='ltr'><strong>μετά</strong></span> <span class='ocrx_word' id='word_1_299' title='bbox 1579 2352 1675 2423; x_wconf 80' lang='grc' dir='ltr'>τὴν</span> 
     </span>
    </p>
   </div>
   <div class='ocr_carea' id='block_1_41' title="bbox 125 2436 1675 2508">
    <p class='ocr_par' dir='ltr' id='par_1_41' title="bbox 125 2436 1675 2508">
     <span class='ocr_line' id='line_1_41' title="bbox 125 2436 1675 2508; baseline 0.003 -21"><span class='ocrx_word' id='word_1_300' title='bbox 125 2436 172 2499; x_wconf 81' lang='grc' dir='ltr'>ὲξ</span> <span class='ocrx_word' id='word_1_301' title='bbox 193 2438 401 2490; x_wconf 72' lang='grc' dir='ltr'>ἐκείνων</span> <span class='ocrx_word' id='word_1_302' title='bbox 434 2439 676 2507; x_wconf 78' lang='grc' dir='ltr'>ἀτιμίαν</span> <span class='ocrx_word' id='word_1_303' title='bbox 706 2439 802 2490; x_wconf 72' lang='grc' dir='ltr'><strong>καὶ</strong></span> <span class='ocrx_word' id='word_1_304' title='bbox 825 2438 1091 2508; x_wconf 80' lang='grc' dir='ltr'>ἀποϐολὴν</span> <span class='ocrx_word' id='word_1_305' title='bbox 1112 2438 1368 2492; x_wconf 88' lang='grc' dir='ltr'>θεσπίσαν</span> <span class='ocrx_word' id='word_1_306' title='bbox 1401 2439 1555 2491; x_wconf 80' lang='grc' dir='ltr'>αὑτὸν</span> <span class='ocrx_word' id='word_1_307' title='bbox 1586 2456 1675 2506; x_wconf 82' lang='grc' dir='ltr'>γε-</span> 
     </span>
    </p>
   </div>
   <div class='ocr_carea' id='block_1_42' title="bbox 124 2527 1674 2597">
    <p class='ocr_par' dir='ltr' id='par_1_42' title="bbox 124 2527 1674 2597">
     <span class='ocr_line' id='line_1_42' title="bbox 124 2527 1674 2597; baseline 0.001 -18"><span class='ocrx_word' id='word_1_308' title='bbox 124 2527 345 2595; x_wconf 62' lang='grc' dir='ltr'>’θήσεσθαι</span> <span class='ocrx_word' id='word_1_309' title='bbox 386 2530 474 2592; x_wconf 84' lang='grc' dir='ltr'><strong>είς</strong></span> <span class='ocrx_word' id='word_1_310' title='bbox 529 2527 784 2596; x_wconf 74' lang='grc' dir='ltr'>κεφαλὴν</span> <span class='ocrx_word' id='word_1_311' title='bbox 814 2528 1011 2594; x_wconf 77' lang='grc' dir='ltr'>γωνίας</span> <span class='ocrx_word' id='word_1_312' title='bbox 1056 2528 1291 2597; x_wconf 84' lang='grc' dir='ltr'>ἀρχηγὸν</span> <span class='ocrx_word' id='word_1_313' title='bbox 1346 2529 1674 2580; x_wconf 77' lang='grc' dir='ltr'>καταστάντα</span> 
     </span>
    </p>
   </div>
   <div class='ocr_carea' id='block_1_43' title="bbox 124 2615 1676 2687">
    <p class='ocr_par' dir='ltr' id='par_1_43' title="bbox 124 2615 1676 2687">
     <span class='ocr_line' id='line_1_43' title="bbox 124 2615 1676 2687; baseline -0.002 -17"><span class='ocrx_word' id='word_1_314' title='bbox 124 2616 203 2683; x_wconf 74' lang='grc' dir='ltr'>τῆς</span> <span class='ocrx_word' id='word_1_315' title='bbox 246 2618 453 2686; x_wconf 77' lang='grc' dir='ltr'>Καινῆς</span> <span class='ocrx_word' id='word_1_316' title='bbox 484 2617 798 2687; x_wconf 76' lang='grc' dir='ltr'>Διαθὴκης,</span> <span class='ocrx_word' id='word_1_317' title='bbox 849 2615 1147 2678; x_wconf 79' lang='grc' dir='ltr'>ἀκολούθως</span> <span class='ocrx_word' id='word_1_318' title='bbox 1174 2618 1289 2678; x_wconf 87' lang='grc' dir='ltr'>ταῖς</span> <span class='ocrx_word' id='word_1_319' title='bbox 1315 2616 1676 2678; x_wconf 81' lang='grc' dir='ltr'>ἀποδοθείσαις</span> 
     </span>
    </p>
   </div>
   <div class='ocr_carea' id='block_1_44' title="bbox 122 2703 1668 2775">
    <p class='ocr_par' dir='ltr' id='par_1_44' title="bbox 122 2703 1668 2775">
     <span class='ocr_line' id='line_1_44' title="bbox 122 2703 1668 2775; baseline 0.001 -20"><span class='ocrx_word' id='word_1_320' title='bbox 122 2705 354 2775; x_wconf 84' lang='grc' dir='ltr'>θεωρίαις.</span> <span class='ocrx_word' id='word_1_321' title='bbox 391 2709 517 2759; x_wconf 76' lang='grc' dir='ltr'><strong>Οὐκ</strong></span> <span class='ocrx_word' id='word_1_322' title='bbox 575 2703 696 2768; x_wconf 78' lang='grc' dir='ltr'>οὖν,</span> <span class='ocrx_word' id='word_1_323' title='bbox 737 2708 1064 2768; x_wconf 82' lang='grc' dir='ltr'>ἀποστάντες</span> <span class='ocrx_word' id='word_1_324' title='bbox 1110 2707 1266 2775; x_wconf 80' lang='grc' dir='ltr'>ἡμεῖς</span> <span class='ocrx_word' id='word_1_325' title='bbox 1308 2704 1668 2775; x_wconf 79' lang='grc' dir='ltr'>Ἑλληνισμοῦ,</span> 
     </span>
    </p>
   </div>
   <div class='ocr_carea' id='block_1_45' title="bbox 122 2795 1671 2865">
    <p class='ocr_par' dir='ltr' id='par_1_45' title="bbox 122 2795 1671 2865">
     <span class='ocr_line' id='line_1_45' title="bbox 122 2795 1671 2865; baseline 0.002 -21"><span class='ocrx_word' id='word_1_326' title='bbox 122 2795 199 2845; x_wconf 74' lang='grc' dir='ltr'><strong>οὐκ</strong></span> <span class='ocrx_word' id='word_1_327' title='bbox 224 2799 306 2848; x_wconf 73' lang='grc' dir='ltr'>ἐπὶ</span> <span class='ocrx_word' id='word_1_328' title='bbox 338 2797 685 2865; x_wconf 82' lang='grc' dir='ltr'>Ἱουδαῖσμὸν</span> <span class='ocrx_word' id='word_1_329' title='bbox 706 2796 1227 2864; x_wconf 64' lang='grc' dir='ltr'>καταπεπώκαμεν,</span> <span class='ocrx_word' id='word_1_330' title='bbox 1255 2795 1390 2853; x_wconf 75' lang='grc' dir='ltr'>οὐδὲ,</span> <span class='ocrx_word' id='word_1_331' title='bbox 1424 2796 1671 2865; x_wconf 83' lang='grc' dir='ltr'>ἀποδεχό-</span> 
     </span>
    </p>
   </div>
   <div class='ocr_carea' id='block_1_46' title="bbox 124 2885 1671 2955">
    <p class='ocr_par' dir='ltr' id='par_1_46' title="bbox 124 2885 1671 2955">
     <span class='ocr_line' id='line_1_46' title="bbox 124 2885 1671 2955; baseline -0.001 -16"><span class='ocrx_word' id='word_1_332' title='bbox 124 2901 244 2951; x_wconf 78' lang='grc' dir='ltr'>μενοι</span> <span class='ocrx_word' id='word_1_333' title='bbox 270 2886 355 2939; x_wconf 78' lang='grc' dir='ltr'><strong>τὸν</strong></span> <span class='ocrx_word' id='word_1_334' title='bbox 398 2887 700 2949; x_wconf 77' lang='grc' dir='ltr'>Μωῡσέως</span> <span class='ocrx_word' id='word_1_335' title='bbox 735 2887 918 2955; x_wconf 84' lang='grc' dir='ltr'>νόμον,</span> <span class='ocrx_word' id='word_1_336' title='bbox 958 2887 1048 2938; x_wconf 82' lang='grc' dir='ltr'><strong>καὶ</strong></span> <span class='ocrx_word' id='word_1_337' title='bbox 1078 2888 1201 2949; x_wconf 78' lang='grc' dir='ltr'>τοὺς</span> <span class='ocrx_word' id='word_1_338' title='bbox 1246 2885 1503 2954; x_wconf 77' lang='grc' dir='ltr'>Ἐϐραίων</span> <span class='ocrx_word' id='word_1_339' title='bbox 1542 2902 1671 2955; x_wconf 88' lang='grc' dir='ltr'>προ-</span> 
     </span>
    </p>
   </div>
   <div class='ocr_carea' id='block_1_47' title="bbox 124 2975 1668 3049">
    <p class='ocr_par' dir='ltr' id='par_1_47' title="bbox 124 2975 1668 3049">
     <span class='ocr_line' id='line_1_47' title="bbox 124 2975 1668 3049; baseline 0.002 -22"><span class='ocrx_word' id='word_1_340' title='bbox 124 2977 288 3043; x_wconf 73' lang='grc' dir='ltr'>φήτας,</span> <span class='ocrx_word' id='word_1_341' title='bbox 340 2980 414 3049; x_wconf 83' lang='grc' dir='ltr'>μὴ</span> <span class='ocrx_word' id='word_1_342' title='bbox 465 2978 726 3048; x_wconf 75' lang='grc' dir='ltr'>βιοῦντες</span> <span class='ocrx_word' id='word_1_343' title='bbox 754 2975 811 3030; x_wconf 79' lang='grc' dir='ltr'>δὲ</span> <span class='ocrx_word' id='word_1_344' title='bbox 869 2977 1189 3041; x_wconf 81' lang='grc' dir='ltr'>’1ουδαῖκῶς,</span> <span class='ocrx_word' id='word_1_345' title='bbox 1233 2976 1365 3029; x_wconf 80' lang='grc' dir='ltr'>ἀλλὰ</span> <span class='ocrx_word' id='word_1_346' title='bbox 1413 2978 1548 3031; x_wconf 75' lang='grc' dir='ltr'>κατὰ</span> <span class='ocrx_word' id='word_1_347' title='bbox 1573 2978 1668 3049; x_wconf 79' lang='grc' dir='ltr'><strong>τὴν</strong></span> 
     </span>
    </p>
   </div>
   <div class='ocr_carea' id='block_1_48' title="bbox 122 3064 1668 3134">
    <p class='ocr_par' dir='ltr' id='par_1_48' title="bbox 122 3064 1668 3134">
     <span class='ocr_line' id='line_1_48' title="bbox 122 3064 1668 3134; baseline 0.002 -19"><span class='ocrx_word' id='word_1_348' title='bbox 122 3067 209 3134; x_wconf 81' lang='grc' dir='ltr'><strong>πρὸ</strong></span> <span class='ocrx_word' id='word_1_349' title='bbox 232 3069 508 3129; x_wconf 76' lang='grc' dir='ltr'>Μωῡσέως</span> <span class='ocrx_word' id='word_1_350' title='bbox 527 3066 643 3118; x_wconf 84' lang='grc' dir='ltr'><strong>τῶν</strong></span> <span class='ocrx_word' id='word_1_351' title='bbox 664 3064 925 3131; x_wconf 83' lang='grc' dir='ltr'>θεοφιλῶν</span> <span class='ocrx_word' id='word_1_352' title='bbox 947 3065 1150 3134; x_wconf 86' lang='grc' dir='ltr'>ἀνδρῶν</span> <span class='ocrx_word' id='word_1_353' title='bbox 1170 3064 1453 3126; x_wconf 83' lang='grc' dir='ltr'>πολιτείαν,</span> <span class='ocrx_word' id='word_1_354' title='bbox 1473 3067 1668 3118; x_wconf 87' lang='grc' dir='ltr'>πταίοι·</span> 
     </span>
    </p>
   </div>
   <div class='ocr_carea' id='block_1_49' title="bbox 1779 1894 3299 1970">
    <p class='ocr_par' dir='ltr' id='par_1_49' title="bbox 1779 1894 3299 1970">
     <span class='ocr_line' id='line_1_49' title="bbox 1779 1894 3299 1970; baseline 0.009 -27"><span class='ocrx_word' id='word_1_355' title='bbox 1779 1894 2210 1964; x_wconf 85' lang='lat' dir='ltr'><strong>priueipatusque</strong></span> <span class='ocrx_word' id='word_1_356' title='bbox 2261 1906 2448 1950; x_wconf 84' lang='lat' dir='ltr'><strong>auctor</strong></span> <span class='ocrx_word' id='word_1_357' title='bbox 2493 1899 2718 1953; x_wconf 92' lang='lat' dir='ltr'><strong>duorum</strong></span> <span class='ocrx_word' id='word_1_358' title='bbox 2753 1903 3169 1970; x_wconf 89' lang='lat' dir='ltr'><strong>propositorum,</strong></span> <span class='ocrx_word' id='word_1_359' title='bbox 3202 1901 3299 1957; x_wconf 83' lang='lat' dir='ltr'><strong>Ju-</strong></span> 
     </span>
    </p>
   </div>
   <div class='ocr_carea' id='block_1_50' title="bbox 1772 1981 3302 2062">
    <p class='ocr_par' dir='ltr' id='par_1_50' title="bbox 1772 1981 3302 2062">
     <span class='ocr_line' id='line_1_50' title="bbox 1772 1981 3302 2062; baseline 0.008 -29"><span class='ocrx_word' id='word_1_360' title='bbox 1772 1981 1961 2036; x_wconf 87' lang='lat' dir='ltr'><strong>daismi</strong></span> <span class='ocrx_word' id='word_1_361' title='bbox 1997 1986 2240 2038; x_wconf 84' lang='lat' dir='ltr'><strong>videlicet</strong></span> <span class='ocrx_word' id='word_1_362' title='bbox 2268 1985 2768 2059; x_wconf 85' lang='lat' dir='ltr'><strong>Christianismique</strong></span> <span class='ocrx_word' id='word_1_363' title='bbox 2793 1991 2969 2045; x_wconf 83' lang='lat' dir='ltr'><strong>fuerit.</strong></span> <span class='ocrx_word' id='word_1_364' title='bbox 2993 1991 3142 2058; x_wconf 83' lang='lat' dir='ltr'><strong>Quod</strong></span> <span class='ocrx_word' id='word_1_365' title='bbox 3176 1996 3265 2062; x_wconf 91' lang='lat' dir='ltr'><strong>qui</strong></span> <span class='ocrx_word' id='word_1_366' title='bbox 3285 2021 3302 2032; x_wconf 65' lang='grc' dir='ltr'><strong>ο</strong></span> 
     </span>
    </p>
   </div>
   <div class='ocr_carea' id='block_1_51' title="bbox 1773 2072 3295 2147">
    <p class='ocr_par' dir='ltr' id='par_1_51' title="bbox 1773 2072 3295 2147">
     <span class='ocr_line' id='line_1_51' title="bbox 1773 2072 3295 2147; baseline 0.01 -24"><span class='ocrx_word' id='word_1_367' title='bbox 1773 2072 1892 2124; x_wconf 92' lang='lat' dir='ltr'><strong>dem</strong></span> <span class='ocrx_word' id='word_1_368' title='bbox 1916 2075 2086 2141; x_wconf 91' lang='lat' dir='ltr'><strong>ipsum</strong></span> <span class='ocrx_word' id='word_1_369' title='bbox 2120 2074 2374 2129; x_wconf 87' lang='lat' dir='ltr'><strong>admirari</strong></span> <span class='ocrx_word' id='word_1_370' title='bbox 2417 2093 2590 2145; x_wconf 69' lang='lat' dir='ltr'><strong>operte</strong></span> <span class='ocrx_word' id='word_1_371' title='bbox 2630 2081 2855 2147; x_wconf 85' lang='lat' dir='ltr'><strong>pretium</strong></span> <span class='ocrx_word' id='word_1_372' title='bbox 2880 2090 2982 2147; x_wconf 88' lang='lat' dir='ltr'><strong>est,</strong></span> <span class='ocrx_word' id='word_1_373' title='bbox 3013 2094 3069 2136; x_wconf 90' lang='lat' dir='ltr'><strong>ut</strong></span> <span class='ocrx_word' id='word_1_374' title='bbox 3095 2083 3295 2137; x_wconf 87' lang='lat' dir='ltr'><strong>divini-</strong></span> 
     </span>
    </p>
   </div>
   <div class='ocr_carea' id='block_1_52' title="bbox 1773 2165 3295 2237">
    <p class='ocr_par' dir='ltr' id='par_1_52' title="bbox 1773 2165 3295 2237">
     <span class='ocr_line' id='line_1_52' title="bbox 1773 2165 3295 2237; baseline 0.01 -23"><span class='ocrx_word' id='word_1_375' title='bbox 1773 2171 1859 2216; x_wconf 87' lang='lat' dir='ltr'><strong>tus</strong></span> <span class='ocrx_word' id='word_1_376' title='bbox 1891 2165 2200 2231; x_wconf 71' lang='lat' dir='ltr'><strong>prred&#39;icmm</strong></span> <span class='ocrx_word' id='word_1_377' title='bbox 2257 2168 2346 2220; x_wconf 88' lang='lat' dir='ltr'><strong>sit.</strong></span> <span class='ocrx_word' id='word_1_378' title='bbox 2389 2185 2407 2217; x_wconf 79' lang='grc' dir='ltr'><strong>ι</strong></span> <span class='ocrx_word' id='word_1_379' title='bbox 2446 2167 2602 2231; x_wconf 82' lang='lat' dir='ltr'><strong>Ecce,</strong></span> <span class='ocrx_word' id='word_1_380' title='bbox 2629 2170 2821 2237; x_wconf 81' lang='lat' dir='ltr'><strong>inquit,</strong></span> <span class='ocrx_word' id='word_1_381' title='bbox 2860 2186 3002 2237; x_wconf 89' lang='lat' dir='ltr'><strong>pono</strong></span> <span class='ocrx_word' id='word_1_382' title='bbox 3054 2172 3108 2224; x_wconf 90' lang='lat' dir='ltr'><strong>in</strong></span> <span class='ocrx_word' id='word_1_383' title='bbox 3168 2172 3295 2229; x_wconf 82' lang='lat' dir='ltr'><strong>Sion</strong></span> 
     </span>
    </p>
   </div>
   <div class='ocr_carea' id='block_1_53' title="bbox 1771 2252 3294 2330">
    <p class='ocr_par' dir='ltr' id='par_1_53' title="bbox 1771 2252 3294 2330">
     <span class='ocr_line' id='line_1_53' title="bbox 1771 2252 3294 2330; baseline 0.007 -26"><span class='ocrx_word' id='word_1_384' title='bbox 1771 2252 1999 2320; x_wconf 87' lang='lat' dir='ltr'><strong>lapidem</strong></span> <span class='ocrx_word' id='word_1_385' title='bbox 2054 2254 2302 2316; x_wconf 87' lang='lat' dir='ltr'><strong>electum,</strong></span> <span class='ocrx_word' id='word_1_386' title='bbox 2336 2258 2666 2325; x_wconf 83' lang='lat' dir='ltr'><strong>angularem,</strong></span> <span class='ocrx_word' id='word_1_387' title='bbox 2724 2260 3036 2324; x_wconf 87' lang='lat' dir='ltr'><strong>pretiosum,</strong></span> <span class='ocrx_word' id='word_1_388' title='bbox 3097 2269 3150 2313; x_wconf 88' lang='lat' dir='ltr'><strong>et</strong></span> <span class='ocrx_word' id='word_1_389' title='bbox 3205 2266 3294 2330; x_wconf 89' lang='lat' dir='ltr'><strong>qui</strong></span> 
     </span>
    </p>
   </div>
   <div class='ocr_carea' id='block_1_54' title="bbox 1771 2342 3280 2420">
    <p class='ocr_par' dir='ltr' id='par_1_54' title="bbox 1771 2342 3280 2420">
     <span class='ocr_line' id='line_1_54' title="bbox 1771 2342 3280 2420; baseline 0.005 -25"><span class='ocrx_word' id='word_1_390' title='bbox 1771 2342 1940 2395; x_wconf 90' lang='lat' dir='ltr'><strong>credit</strong></span> <span class='ocrx_word' id='word_1_391' title='bbox 1967 2344 2022 2396; x_wconf 89' lang='lat' dir='ltr'><strong>in</strong></span> <span class='ocrx_word' id='word_1_392' title='bbox 2072 2358 2191 2397; x_wconf 87' lang='lat' dir='ltr'><strong>eum</strong></span> <span class='ocrx_word' id='word_1_393' title='bbox 2226 2360 2359 2399; x_wconf 77' lang='lat' dir='ltr'><strong>non&#39;</strong></span> <span class='ocrx_word' id='word_1_394' title='bbox 2382 2346 2738 2399; x_wconf 78' lang='lat' dir='ltr'><strong>confundetur</strong></span> <span class='ocrx_word' id='word_1_395' title='bbox 2766 2348 2809 2401; x_wconf 81' lang='lat'><strong>’.</strong></span> <span class='ocrx_word' id='word_1_396' title='bbox 2840 2367 2859 2399; x_wconf 73' lang='grc' dir='ltr'><strong>ι</strong></span> <span class='ocrx_word' id='word_1_397' title='bbox 2894 2349 2961 2400; x_wconf 82' lang='lat' dir='ltr'><strong>At</strong></span> <span class='ocrx_word' id='word_1_398' title='bbox 2988 2351 3127 2403; x_wconf 85' lang='lat' dir='ltr'><strong>enim</strong></span> <span class='ocrx_word' id='word_1_399' title='bbox 3158 2353 3280 2420; x_wconf 75' lang='lat' dir='ltr'><strong>quis</strong></span> 
     </span>
    </p>
   </div>
   <div class='ocr_carea' id='block_1_55' title="bbox 1771 2432 3296 2508">
    <p class='ocr_par' dir='ltr' id='par_1_55' title="bbox 1771 2432 3296 2508">
     <span class='ocr_line' id='line_1_55' title="bbox 1771 2432 3296 2508; baseline 0.006 -25"><span class='ocrx_word' id='word_1_400' title='bbox 1771 2432 1982 2485; x_wconf 82' lang='lat' dir='ltr'><strong>tandem</strong></span> <span class='ocrx_word' id='word_1_401' title='bbox 2013 2432 2172 2487; x_wconf 82' lang='lat' dir='ltr'><strong>fuerit</strong></span> <span class='ocrx_word' id='word_1_402' title='bbox 2205 2436 2493 2504; x_wconf 81' lang='lat' dir='ltr'><strong>angularis,</strong></span> <span class='ocrx_word' id='word_1_403' title='bbox 2540 2437 2645 2490; x_wconf 90' lang='lat' dir='ltr'><strong>nisi</strong></span> <span class='ocrx_word' id='word_1_404' title='bbox 2682 2438 2771 2491; x_wconf 92' lang='lat' dir='ltr'><strong>hic</strong></span> <span class='ocrx_word' id='word_1_405' title='bbox 2819 2440 2970 2494; x_wconf 86' lang='lat' dir='ltr'><strong>vivus</strong></span> <span class='ocrx_word' id='word_1_406' title='bbox 3016 2451 3067 2493; x_wconf 89' lang='lat' dir='ltr'><strong>et</strong></span> <span class='ocrx_word' id='word_1_407' title='bbox 3102 2446 3296 2508; x_wconf 75' lang='lat' dir='ltr'><strong>pretio-</strong></span> 
     </span>
    </p>
   </div>
   <div class='ocr_carea' id='block_1_56' title="bbox 1771 2519 3291 2590">
    <p class='ocr_par' dir='ltr' id='par_1_56' title="bbox 1771 2519 3291 2590">
     <span class='ocr_line' id='line_1_56' title="bbox 1771 2519 3291 2590; baseline 0.005 -17"><span class='ocrx_word' id='word_1_408' title='bbox 1771 2519 2036 2582; x_wconf 86' lang='lat' dir='ltr'><strong>sissimus,</strong></span> <span class='ocrx_word' id='word_1_409' title='bbox 2067 2523 2157 2590; x_wconf 90' lang='lat' dir='ltr'><strong>qui</strong></span> <span class='ocrx_word' id='word_1_410' title='bbox 2199 2537 2263 2576; x_wconf 85' lang='lat' dir='ltr'><strong>ex</strong></span> <span class='ocrx_word' id='word_1_411' title='bbox 2317 2525 2523 2577; x_wconf 88' lang='lat' dir='ltr'><strong>duabus</strong></span> <span class='ocrx_word' id='word_1_412' title='bbox 2553 2527 2841 2581; x_wconf 81' lang='lat' dir='ltr'><strong>structuris</strong></span> <span class='ocrx_word' id='word_1_413' title='bbox 2882 2543 3039 2581; x_wconf 89' lang='lat' dir='ltr'><strong>unam</strong></span> <span class='ocrx_word' id='word_1_414' title='bbox 3102 2531 3291 2583; x_wconf 79' lang='lat' dir='ltr'><strong>factam</strong></span> 
     </span>
    </p>
   </div>
   <div class='ocr_carea' id='block_1_57' title="bbox 1771 2609 3294 2688">
    <p class='ocr_par' dir='ltr' id='par_1_57' title="bbox 1771 2609 3294 2688">
     <span class='ocr_line' id='line_1_57' title="bbox 1771 2609 3294 2688; baseline 0.008 -26"><span class='ocrx_word' id='word_1_415' title='bbox 1771 2622 1866 2662; x_wconf 87' lang='lat' dir='ltr'><strong>sua</strong></span> <span class='ocrx_word' id='word_1_416' title='bbox 1897 2609 2136 2662; x_wconf 85' lang='lat' dir='ltr'><strong>doctrina</strong></span> <span class='ocrx_word' id='word_1_417' title='bbox 2193 2614 2602 2667; x_wconf 60' lang='lat' dir='ltr'><strong>sustinendum</strong></span> <span class='ocrx_word' id='word_1_418' title='bbox 2649 2616 2791 2669; x_wconf 86' lang='lat' dir='ltr'><strong>enim</strong></span> <span class='ocrx_word' id='word_1_419' title='bbox 2837 2616 3144 2679; x_wconf 81' lang='lat' dir='ltr'><strong>Mosaicam,</strong></span> <span class='ocrx_word' id='word_1_420' title='bbox 3175 2635 3294 2688; x_wconf 69' lang='lat' dir='ltr'><strong>quas</strong></span> 
     </span>
    </p>
   </div>
   <div class='ocr_carea' id='block_1_58' title="bbox 1769 2699 3282 2773">
    <p class='ocr_par' dir='ltr' id='par_1_58' title="bbox 1769 2699 3282 2773">
     <span class='ocr_line' id='line_1_58' title="bbox 1769 2699 3282 2773; baseline 0.008 -25"><span class='ocrx_word' id='word_1_421' title='bbox 1769 2711 1941 2764; x_wconf 86' lang='lat' dir='ltr'><strong>usque</strong></span> <span class='ocrx_word' id='word_1_422' title='bbox 1968 2699 2033 2749; x_wconf 82' lang='lat' dir='ltr'><strong>ad</strong></span> <span class='ocrx_word' id='word_1_423' title='bbox 2068 2699 2240 2767; x_wconf 90' lang='lat' dir='ltr'><strong>ipsum</strong></span> <span class='ocrx_word' id='word_1_424' title='bbox 2277 2709 2519 2769; x_wconf 88' lang='lat' dir='ltr'><strong>protenta</strong></span> <span class='ocrx_word' id='word_1_425' title='bbox 2546 2713 2646 2763; x_wconf 89' lang='lat' dir='ltr'><strong>est,</strong></span> <span class='ocrx_word' id='word_1_426' title='bbox 2671 2712 2813 2758; x_wconf 90' lang='lat' dir='ltr'><strong>stare</strong></span> <span class='ocrx_word' id='word_1_427' title='bbox 2837 2706 3007 2773; x_wconf 86' lang='lat' dir='ltr'><strong>jubet,</strong></span> <span class='ocrx_word' id='word_1_428' title='bbox 3028 2722 3092 2760; x_wconf 81' lang='lat' dir='ltr'><strong>ex</strong></span> <span class='ocrx_word' id='word_1_429' title='bbox 3117 2708 3282 2761; x_wconf 87' lang='lat' dir='ltr'><strong>altera</strong></span> 
     </span>
    </p>
   </div>
   <div class='ocr_carea' id='block_1_59' title="bbox 1770 2789 3292 2865">
    <p class='ocr_par' dir='ltr' id='par_1_59' title="bbox 1770 2789 3292 2865">
     <span class='ocr_line' id='line_1_59' title="bbox 1770 2789 3292 2865; baseline 0.008 -28"><span class='ocrx_word' id='word_1_430' title='bbox 1770 2797 1917 2853; x_wconf 89' lang='lat' dir='ltr'><strong>parte</strong></span> <span class='ocrx_word' id='word_1_431' title='bbox 1951 2796 2188 2841; x_wconf 90' lang='lat' dir='ltr'><strong>nostram</strong></span> <span class='ocrx_word' id='word_1_432' title='bbox 2232 2805 2324 2858; x_wconf 89' lang='lat' dir='ltr'><strong>per</strong></span> <span class='ocrx_word' id='word_1_433' title='bbox 2359 2789 2700 2858; x_wconf 84' lang='lat' dir='ltr'><strong>Evangelium</strong></span> <span class='ocrx_word' id='word_1_434' title='bbox 2751 2794 3011 2862; x_wconf 79' lang='lat' dir='ltr'><strong>adjunxit.</strong></span> <span class='ocrx_word' id='word_1_435' title='bbox 3069 2794 3144 2848; x_wconf 79' lang='lat' dir='ltr'><strong>Ex</strong></span> <span class='ocrx_word' id='word_1_436' title='bbox 3186 2812 3292 2865; x_wconf 82' lang='lat' dir='ltr'><strong>quo</strong></span> 
     </span>
    </p>
   </div>
   <div class='ocr_carea' id='block_1_60' title="bbox 1768 2877 3293 2955">
    <p class='ocr_par' dir='ltr' id='par_1_60' title="bbox 1768 2877 3293 2955">
     <span class='ocr_line' id='line_1_60' title="bbox 1768 2877 3293 2955; baseline 0.009 -28"><span class='ocrx_word' id='word_1_437' title='bbox 1768 2877 2036 2945; x_wconf 84' lang='lat' dir='ltr'><strong>angularis</strong></span> <span class='ocrx_word' id='word_1_438' title='bbox 2058 2879 2248 2931; x_wconf 91' lang='lat' dir='ltr'><strong>merito</strong></span> <span class='ocrx_word' id='word_1_439' title='bbox 2274 2878 2453 2934; x_wconf 88' lang='lat' dir='ltr'><strong>dictus</strong></span> <span class='ocrx_word' id='word_1_440' title='bbox 2480 2889 2597 2948; x_wconf 85' lang='lat' dir='ltr'><strong>est;</strong></span> <span class='ocrx_word' id='word_1_441' title='bbox 2628 2883 2720 2937; x_wconf 91' lang='lat' dir='ltr'><strong>sed</strong></span> <span class='ocrx_word' id='word_1_442' title='bbox 2762 2885 2815 2936; x_wconf 94' lang='lat' dir='ltr'><strong>in</strong></span> <span class='ocrx_word' id='word_1_443' title='bbox 2838 2883 3065 2940; x_wconf 88' lang='lat' dir='ltr'><strong>Psalmis</strong></span> <span class='ocrx_word' id='word_1_444' title='bbox 3083 2901 3293 2955; x_wconf 87' lang='lat' dir='ltr'><strong>quoque</strong></span> 
     </span>
    </p>
   </div>
   <div class='ocr_carea' id='block_1_61' title="bbox 1767 2965 3289 3043">
    <p class='ocr_par' dir='ltr' id='par_1_61' title="bbox 1767 2965 3289 3043">
     <span class='ocr_line' id='line_1_61' title="bbox 1767 2965 3289 3043; baseline 0.01 -25"><span class='ocrx_word' id='word_1_445' title='bbox 1767 2965 1959 3035; x_wconf 78' lang='lat' dir='ltr'><strong>legitur</strong></span> <span class='ocrx_word' id='word_1_446' title='bbox 1996 2984 2075 3021; x_wconf 60' lang='grc' dir='ltr'><strong>τ’(</strong></span> <span class='ocrx_word' id='word_1_447' title='bbox 2125 2967 2374 3038; x_wconf 84' lang='lat' dir='ltr'><strong>Lapidem</strong></span> <span class='ocrx_word' id='word_1_448' title='bbox 2428 2987 2584 3040; x_wconf 88' lang='lat' dir='ltr'><strong>quem</strong></span> <span class='ocrx_word' id='word_1_449' title='bbox 2646 2976 3063 3043; x_wconf 72' lang='lat' dir='ltr'><strong>reprobaveruut</strong></span> <span class='ocrx_word' id='word_1_450' title='bbox 3123 2980 3289 3033; x_wconf 65' lang='lat' dir='ltr'><strong>rediti-</strong></span> 
     </span>
    </p>
   </div>
   <div class='ocr_carea' id='block_1_62' title="bbox 1767 3059 3290 3134">
    <p class='ocr_par' dir='ltr' id='par_1_62' title="bbox 1767 3059 3290 3134">
     <span class='ocr_line' id='line_1_62' title="bbox 1767 3059 3290 3134; baseline 0.008 -25"><span class='ocrx_word' id='word_1_451' title='bbox 1767 3068 1969 3119; x_wconf 88' lang='lat' dir='ltr'><strong>cantes,</strong></span> <span class='ocrx_word' id='word_1_452' title='bbox 2002 3059 2088 3112; x_wconf 89' lang='lat' dir='ltr'><strong>hic</strong></span> <span class='ocrx_word' id='word_1_453' title='bbox 2127 3059 2298 3113; x_wconf 83' lang='lat' dir='ltr'><strong>factus</strong></span> <span class='ocrx_word' id='word_1_454' title='bbox 2323 3068 2404 3114; x_wconf 89' lang='lat' dir='ltr'><strong>est</strong></span> <span class='ocrx_word' id='word_1_455' title='bbox 2438 3064 2491 3115; x_wconf 90' lang='lat' dir='ltr'><strong>in</strong></span> <span class='ocrx_word' id='word_1_456' title='bbox 2518 3072 2677 3133; x_wconf 91' lang='lat' dir='ltr'><strong>caput</strong></span> <span class='ocrx_word' id='word_1_457' title='bbox 2724 3067 2903 3134; x_wconf 81' lang='lat' dir='ltr'><strong>anguli</strong></span> <span class='ocrx_word' id='word_1_458' title='bbox 2938 3083 2952 3120; x_wconf 90' lang='lat'><strong>:</strong></span> <span class='ocrx_word' id='word_1_459' title='bbox 2991 3082 3021 3120; x_wconf 91' lang='lat' dir='ltr'><strong>a</strong></span> <span class='ocrx_word' id='word_1_460' title='bbox 3064 3067 3290 3123; x_wconf 89' lang='lat' dir='ltr'><strong>Domino</strong></span> 
     </span>
    </p>
   </div>
   <div class='ocr_carea' id='block_1_63' title="bbox 126 3114 1677 3227">
    <p class='ocr_par' dir='ltr' id='par_1_63' title="bbox 126 3114 1668 3227">
     <span class='ocr_line' id='line_1_63' title="bbox 126 3114 1668 3227; baseline 0.003 -23"><span class='ocrx_word' id='word_1_461' title='bbox 214 3114 749 3225; x_wconf 52' lang='grc' dir='ltr'><strong>ἐξίιξᾶᾇξξοὲξᾷγάρ</strong></span> <span class='ocrx_word' id='word_1_462' title='bbox 760 3114 992 3207; x_wconf 58' lang='grc' dir='ltr'>θίωῡσέα</span> <span class='ocrx_word' id='word_1_463' title='bbox 1008 3114 1233 3217; x_wconf 71' lang='grc' dir='ltr'>καὶτοὺς</span> <span class='ocrx_word' id='word_1_464' title='bbox 1246 3156 1360 3223; x_wconf 88' lang='grc' dir='ltr'>μετ’</span> <span class='ocrx_word' id='word_1_465' title='bbox 1371 3155 1526 3207; x_wconf 76' lang='grc' dir='ltr'>αὐτὸν</span> <span class='ocrx_word' id='word_1_466' title='bbox 1543 3173 1668 3227; x_wconf 86' lang='grc' dir='ltr'>προ-</span> 
     </span>
    </p>
   </div>
   <div class='ocr_carea' id='block_1_64' title="bbox 1765 3114 3291 3227">
    <p class='ocr_par' dir='ltr' id='par_1_64' title="bbox 1765 3114 3291 3213">
     <span class='ocr_line' id='line_1_64' title="bbox 1958 3114 3287 3134; baseline 0.008 -24"><span class='ocrx_word' id='word_1_467' title='bbox 1958 3114 1967 3119; x_wconf 86' lang='lat'>_</span> <span class='ocrx_word' id='word_1_468' title='bbox 2462 3114 2489 3115; x_wconf 42' lang='grc' dir='ltr'>η</span> <span class='ocrx_word' id='word_1_469' title='bbox 2727 3114 2903 3134; x_wconf 53' lang='grc' dir='ltr'><strong>παπ--</strong></span> <span class='ocrx_word' id='word_1_470' title='bbox 2938 3114 2952 3120; x_wconf 68' lang='lat'>,</span> <span class='ocrx_word' id='word_1_471' title='bbox 2993 3114 3021 3120; x_wconf 70' lang='lat'>_</span> <span class='ocrx_word' id='word_1_472' title='bbox 3064 3114 3287 3123; x_wconf 76' lang='lat'><strong>_-........</strong></span> 
     </span>
     <span class='ocr_line' id='line_1_65' title="bbox 1765 3146 3291 3213; baseline 0.009 -14"><span class='ocrx_word' id='word_1_473' title='bbox 1765 3146 1961 3201; x_wconf 78' lang='lat' dir='ltr'><strong>factum</strong></span> <span class='ocrx_word' id='word_1_474' title='bbox 2009 3158 2092 3203; x_wconf 89' lang='lat' dir='ltr'><strong>est</strong></span> <span class='ocrx_word' id='word_1_475' title='bbox 2141 3151 2302 3213; x_wconf 84' lang='lat' dir='ltr'><strong>istud,</strong></span> <span class='ocrx_word' id='word_1_476' title='bbox 2353 3159 2404 3204; x_wconf 91' lang='lat' dir='ltr'><strong>et</strong></span> <span class='ocrx_word' id='word_1_477' title='bbox 2446 3160 2527 3206; x_wconf 88' lang='lat' dir='ltr'><strong>est</strong></span> <span class='ocrx_word' id='word_1_478' title='bbox 2577 3155 2818 3211; x_wconf 87' lang='lat' dir='ltr'><strong>mirabile</strong></span> <span class='ocrx_word' id='word_1_479' title='bbox 2872 3158 2927 3210; x_wconf 90' lang='lat' dir='ltr'><strong>in</strong></span> <span class='ocrx_word' id='word_1_480' title='bbox 2971 3159 3139 3211; x_wconf 89' lang='lat' dir='ltr'><strong>oculis</strong></span> <span class='ocrx_word' id='word_1_481' title='bbox 3189 3174 3291 3212; x_wconf 85' lang='lat' dir='ltr'><strong>no-</strong></span> 
     </span>
    </p>
   </div>
   <div class='ocr_carea' id='block_1_65' title="bbox 119 3243 1666 3315">
    <p class='ocr_par' dir='ltr' id='par_1_65' title="bbox 119 3243 1666 3315">
     <span class='ocr_line' id='line_1_66' title="bbox 119 3243 1666 3315; baseline -0.001 -17"><span class='ocrx_word' id='word_1_482' title='bbox 119 3245 261 3311; x_wconf 67' lang='grc' dir='ltr'>φήτας</span> <span class='ocrx_word' id='word_1_483' title='bbox 279 3246 658 3315; x_wconf 76' lang='grc' dir='ltr'>ἀληθεύοντας</span> <span class='ocrx_word' id='word_1_484' title='bbox 684 3243 1094 3312; x_wconf 81' lang='grc' dir='ltr'>ἀποδείκνυμεν,</span> <span class='ocrx_word' id='word_1_485' title='bbox 1126 3244 1212 3295; x_wconf 81' lang='grc' dir='ltr'><strong>τὸν</strong></span> <span class='ocrx_word' id='word_1_486' title='bbox 1236 3246 1323 3297; x_wconf 78' lang='grc' dir='ltr'>ὑπ’</span> <span class='ocrx_word' id='word_1_487' title='bbox 1348 3244 1518 3298; x_wconf 78' lang='grc' dir='ltr'>αὐτῶν</span> <span class='ocrx_word' id='word_1_488' title='bbox 1539 3258 1666 3314; x_wconf 88' lang='grc' dir='ltr'>προ-</span> 
     </span>
    </p>
   </div>
   <div class='ocr_carea' id='block_1_66' title="bbox 118 3332 1663 3407">
    <p class='ocr_par' dir='ltr' id='par_1_66' title="bbox 118 3332 1663 3407">
     <span class='ocr_line' id='line_1_67' title="bbox 118 3332 1663 3407; baseline 0.002 -24"><span class='ocrx_word' id='word_1_489' title='bbox 118 3336 497 3407; x_wconf 69' lang='grc' dir='ltr'>κεκηρυγμένον</span> <span class='ocrx_word' id='word_1_490' title='bbox 531 3336 580 3386; x_wconf 86' lang='grc' dir='ltr'><strong>Χ</strong></span> <span class='ocrx_word' id='word_1_491' title='bbox 590 3333 777 3404; x_wconf 83' lang='grc' dir='ltr'>ριστὸν</span> <span class='ocrx_word' id='word_1_492' title='bbox 805 3332 1203 3401; x_wconf 80' lang='grc' dir='ltr'>ἀποδεχόμενοι,</span> <span class='ocrx_word' id='word_1_493' title='bbox 1234 3335 1325 3385; x_wconf 77' lang='grc' dir='ltr'><strong>καὶ</strong></span> <span class='ocrx_word' id='word_1_494' title='bbox 1345 3333 1527 3386; x_wconf 83' lang='grc' dir='ltr'>τούτου</span> <span class='ocrx_word' id='word_1_495' title='bbox 1554 3338 1663 3398; x_wconf 87' lang='grc' dir='ltr'>τοῖς</span> 
     </span>
    </p>
   </div>
   <div class='ocr_carea' id='block_1_67' title="bbox 115 3419 1665 3492">
    <p class='ocr_par' dir='ltr' id='par_1_67' title="bbox 115 3419 1665 3492">
     <span class='ocr_line' id='line_1_68' title="bbox 115 3419 1665 3492; baseline 0.003 -22"><span class='ocrx_word' id='word_1_496' title='bbox 115 3419 269 3488; x_wconf 80' lang='grc' dir='ltr'>νόμοις</span> <span class='ocrx_word' id='word_1_497' title='bbox 291 3422 638 3492; x_wconf 82' lang='grc' dir='ltr'>πειθόμενοι,</span> <span class='ocrx_word' id='word_1_498' title='bbox 673 3423 795 3473; x_wconf 80' lang='grc' dir='ltr'>κατ’</span> <span class='ocrx_word' id='word_1_499' title='bbox 829 3421 971 3489; x_wconf 77' lang='grc' dir='ltr'>ἴχνος</span> <span class='ocrx_word' id='word_1_500' title='bbox 994 3438 1052 3473; x_wconf 90' lang='grc' dir='ltr'><strong>τε</strong></span> <span class='ocrx_word' id='word_1_501' title='bbox 1094 3422 1191 3490; x_wconf 78' lang='grc' dir='ltr'>τῆς</span> <span class='ocrx_word' id='word_1_502' title='bbox 1218 3422 1376 3473; x_wconf 82' lang='grc' dir='ltr'>αὑτοῦ</span> <span class='ocrx_word' id='word_1_503' title='bbox 1420 3423 1665 3475; x_wconf 86' lang='grc' dir='ltr'>διδασκα-</span> 
     </span>
    </p>
   </div>
   <div class='ocr_carea' id='block_1_68' title="bbox 114 3508 1663 3579">
    <p class='ocr_par' dir='ltr' id='par_1_68' title="bbox 114 3508 1663 3579">
     <span class='ocr_line' id='line_1_69' title="bbox 114 3508 1663 3579; baseline 0 -17"><span class='ocrx_word' id='word_1_504' title='bbox 114 3508 209 3571; x_wconf 67' lang='grc' dir='ltr'>λίας</span> <span class='ocrx_word' id='word_1_505' title='bbox 241 3508 435 3577; x_wconf 78' lang='grc' dir='ltr'>βαίνειν</span> <span class='ocrx_word' id='word_1_506' title='bbox 473 3512 548 3563; x_wconf 78' lang='grc' dir='ltr'>δι’</span> <span class='ocrx_word' id='word_1_507' title='bbox 579 3510 757 3579; x_wconf 75' lang='grc' dir='ltr'>εὐχῆς</span> <span class='ocrx_word' id='word_1_508' title='bbox 807 3509 1092 3578; x_wconf 79' lang='grc' dir='ltr'>τιθέμενοι,</span> <span class='ocrx_word' id='word_1_509' title='bbox 1128 3508 1274 3577; x_wconf 81' lang='grc' dir='ltr'>αὐτῷ</span> <span class='ocrx_word' id='word_1_510' title='bbox 1313 3511 1532 3561; x_wconf 74' lang='grc' dir='ltr'>Μωῦσεϊ</span> <span class='ocrx_word' id='word_1_511' title='bbox 1563 3513 1663 3562; x_wconf 77' lang='grc' dir='ltr'><strong>κάν</strong></span> 
     </span>
    </p>
   </div>
   <div class='ocr_carea' id='block_1_69' title="bbox 112 3597 1665 3668">
    <p class='ocr_par' dir='ltr' id='par_1_69' title="bbox 112 3597 1665 3668">
     <span class='ocr_line' id='line_1_70' title="bbox 112 3597 1665 3668; baseline 0.001 -19"><span class='ocrx_word' id='word_1_512' title='bbox 112 3597 263 3667; x_wconf 79' lang='grc' dir='ltr'>ὀύτῳ</span> <span class='ocrx_word' id='word_1_513' title='bbox 285 3600 354 3652; x_wconf 82' lang='grc' dir='ltr'><strong>τά</strong></span> <span class='ocrx_word' id='word_1_514' title='bbox 380 3600 517 3668; x_wconf 76' lang='grc' dir='ltr'>φίλα</span> <span class='ocrx_word' id='word_1_515' title='bbox 560 3597 874 3659; x_wconf 75' lang='grc' dir='ltr'>ποιοῦντες·</span> <span class='ocrx_word' id='word_1_516' title='bbox 914 3597 991 3660; x_wconf 87' lang='grc' dir='ltr'><strong>ὂς,</strong></span> <span class='ocrx_word' id='word_1_517' title='bbox 1025 3597 1318 3667; x_wconf 79' lang='grc' dir='ltr'>προειπὼν,</span> <span class='ocrx_word' id='word_1_518' title='bbox 1364 3598 1443 3648; x_wconf 85' lang='grc' dir='ltr'>ὅτι</span> <span class='ocrx_word' id='word_1_519' title='bbox 1473 3616 1489 3647; x_wconf 82' lang='grc' dir='ltr'><strong>ι</strong></span> <span class='ocrx_word' id='word_1_520' title='bbox 1538 3615 1665 3667; x_wconf 82' lang='grc' dir='ltr'>προ-</span> 
     </span>
    </p>
   </div>
   <div class='ocr_carea' id='block_1_70' title="bbox 113 3683 1666 3757">
    <p class='ocr_par' dir='ltr' id='par_1_70' title="bbox 113 3683 1666 3757">
     <span class='ocr_line' id='line_1_71' title="bbox 113 3683 1666 3757; baseline 0 -19"><span class='ocrx_word' id='word_1_521' title='bbox 113 3685 266 3755; x_wconf 58' lang='lat' dir='ltr'><strong>simul</strong></span> <span class='ocrx_word' id='word_1_522' title='bbox 293 3689 595 3757; x_wconf 80' lang='grc' dir='ltr'>ἀναστήσει</span> <span class='ocrx_word' id='word_1_523' title='bbox 617 3685 824 3754; x_wconf 84' lang='grc' dir='ltr'>Κύριος</span> <span class='ocrx_word' id='word_1_524' title='bbox 850 3688 878 3736; x_wconf 88' lang='lat'><strong>6</strong></span> <span class='ocrx_word' id='word_1_525' title='bbox 897 3684 1024 3747; x_wconf 83' lang='grc' dir='ltr'>Θεὸς</span> <span class='ocrx_word' id='word_1_526' title='bbox 1055 3686 1232 3754; x_wconf 83' lang='grc' dir='ltr'>ὅμοιον</span> <span class='ocrx_word' id='word_1_527' title='bbox 1257 3683 1420 3752; x_wconf 80' lang='grc' dir='ltr'>αὐτῷ,</span> <span class='ocrx_word' id='word_1_528' title='bbox 1443 3704 1459 3731; x_wconf 75' lang='grc'><strong>›</strong></span> <span class='ocrx_word' id='word_1_529' title='bbox 1490 3686 1666 3738; x_wconf 70' lang='grc' dir='ltr'>ἐπιλε-</span> 
     </span>
    </p>
   </div>
   <div class='ocr_carea' id='block_1_71' title="bbox 112 3776 1663 3849">
    <p class='ocr_par' dir='ltr' id='par_1_71' title="bbox 112 3776 1663 3849">
     <span class='ocr_line' id='line_1_72' title="bbox 112 3776 1663 3849; baseline -0.002 -19"><span class='ocrx_word' id='word_1_530' title='bbox 112 3792 207 3843; x_wconf 68' lang='grc' dir='ltr'>γει*</span> <span class='ocrx_word' id='word_1_531' title='bbox 244 3798 263 3830; x_wconf 73' lang='grc' dir='ltr'><strong>ι</strong></span> <span class='ocrx_word' id='word_1_532' title='bbox 295 3782 450 3835; x_wconf 81' lang='grc' dir='ltr'>Πᾶσα</span> <span class='ocrx_word' id='word_1_533' title='bbox 502 3781 568 3834; x_wconf 69' lang='grc' dir='ltr'>δὲ</span> <span class='ocrx_word' id='word_1_534' title='bbox 599 3779 772 3849; x_wconf 77' lang='grc' dir='ltr'>ψυχὴ,</span> <span class='ocrx_word' id='word_1_535' title='bbox 821 3779 939 3846; x_wconf 72' lang='grc' dir='ltr'>ἥτις</span> <span class='ocrx_word' id='word_1_536' title='bbox 967 3778 1040 3847; x_wconf 85' lang='grc' dir='ltr'>μὴ</span> <span class='ocrx_word' id='word_1_537' title='bbox 1090 3776 1373 3829; x_wconf 84' lang='grc' dir='ltr'>ἀκούσεται</span> <span class='ocrx_word' id='word_1_538' title='bbox 1411 3776 1502 3828; x_wconf 85' lang='grc' dir='ltr'>τοῦ</span> <span class='ocrx_word' id='word_1_539' title='bbox 1534 3794 1663 3846; x_wconf 84' lang='grc' dir='ltr'>προ-</span> 
     </span>
    </p>
   </div>
   <div class='ocr_carea' id='block_1_72' title="bbox 111 3866 1662 3937">
    <p class='ocr_par' dir='ltr' id='par_1_72' title="bbox 111 3866 1662 3937">
     <span class='ocr_line' id='line_1_73' title="bbox 111 3866 1662 3937; baseline 0.002 -20"><span class='ocrx_word' id='word_1_540' title='bbox 111 3868 255 3935; x_wconf 65' lang='grc' dir='ltr'>φήιου</span> <span class='ocrx_word' id='word_1_541' title='bbox 302 3872 519 3924; x_wconf 76' lang='grc' dir='ltr'>ἐκείνου</span> <span class='ocrx_word' id='word_1_542' title='bbox 546 3910 564 3933; x_wconf 91' lang='grc'><strong>,</strong></span> <span class='ocrx_word' id='word_1_543' title='bbox 636 3866 1139 3937; x_wconf 80' lang='grc' dir='ltr'>ὲξολοθρευθήσεται</span> <span class='ocrx_word' id='word_1_544' title='bbox 1199 3869 1263 3918; x_wconf 82' lang='grc' dir='ltr'>ὲκ</span> <span class='ocrx_word' id='word_1_545' title='bbox 1322 3866 1414 3918; x_wconf 81' lang='grc' dir='ltr'>τοῦ</span> <span class='ocrx_word' id='word_1_546' title='bbox 1479 3866 1662 3934; x_wconf 80' lang='grc' dir='ltr'>γένους</span> 
     </span>
    </p>
   </div>
   <div class='ocr_carea' id='block_1_73' title="bbox 110 3953 1661 4026">
    <p class='ocr_par' dir='ltr' id='par_1_73' title="bbox 110 3953 1661 4026">
     <span class='ocr_line' id='line_1_74' title="bbox 110 3953 1661 4026; baseline -0.003 -14"><span class='ocrx_word' id='word_1_547' title='bbox 110 3959 267 4023; x_wconf 66' lang='grc' dir='ltr'>αὖτέιὲς.</span> <span class='ocrx_word' id='word_1_548' title='bbox 306 3983 324 4008; x_wconf 76' lang='grc' dir='ltr'><strong>ι</strong></span> <span class='ocrx_word' id='word_1_549' title='bbox 361 3962 592 4013; x_wconf 74' lang='grc' dir='ltr'>Αὐτίκα</span> <span class='ocrx_word' id='word_1_550' title='bbox 655 3956 916 4019; x_wconf 82' lang='grc' dir='ltr'>Ἰουδαῖοι,</span> <span class='ocrx_word' id='word_1_551' title='bbox 981 3956 1053 4026; x_wconf 82' lang='grc' dir='ltr'>μὴ</span> <span class='ocrx_word' id='word_1_552' title='bbox 1102 3953 1521 4026; x_wconf 77' lang='grc' dir='ltr'>παραδεξάμενοι</span> <span class='ocrx_word' id='word_1_553' title='bbox 1573 3954 1661 4008; x_wconf 75' lang='grc' dir='ltr'><strong>τὸν</strong></span> 
     </span>
    </p>
   </div>
   <div class='ocr_carea' id='block_1_74' title="bbox 126 4044 1658 4120">
    <p class='ocr_par' dir='ltr' id='par_1_74' title="bbox 126 4044 1658 4120">
     <span class='ocr_line' id='line_1_75' title="bbox 126 4044 1658 4120; baseline 0.003 -26"><span class='ocrx_word' id='word_1_554' title='bbox 126 4052 382 4120; x_wconf 41' lang='grc' dir='ltr'>εροεξτην,</span> <span class='ocrx_word' id='word_1_555' title='bbox 420 4050 557 4120; x_wconf 79' lang='grc' dir='ltr'>μηδ’</span> <span class='ocrx_word' id='word_1_556' title='bbox 600 4045 1006 4108; x_wconf 81' lang='grc' dir='ltr'>ὑπακούσαντες</span> <span class='ocrx_word' id='word_1_557' title='bbox 1047 4045 1207 4098; x_wconf 73' lang='grc' dir='ltr'>αὑτοῦ</span> <span class='ocrx_word' id='word_1_558' title='bbox 1235 4048 1345 4103; x_wconf 85' lang='grc' dir='ltr'>τοῖς</span> <span class='ocrx_word' id='word_1_559' title='bbox 1378 4044 1549 4111; x_wconf 81' lang='grc' dir='ltr'>ἁγίοις</span> <span class='ocrx_word' id='word_1_560' title='bbox 1573 4045 1658 4097; x_wconf 82' lang='grc' dir='ltr'><strong>λό-</strong></span> 
     </span>
    </p>
   </div>
   <div class='ocr_carea' id='block_1_75' title="bbox 109 4135 1657 4213">
    <p class='ocr_par' dir='ltr' id='par_1_75' title="bbox 109 4135 1657 4213">
     <span class='ocr_line' id='line_1_76' title="bbox 109 4135 1657 4213; baseline -0.01 -13"><span class='ocrx_word' id='word_1_561' title='bbox 109 4153 218 4202; x_wconf 64' lang='grc' dir='ltr'>τοις,</span> <span class='ocrx_word' id='word_1_562' title='bbox 247 4142 478 4213; x_wconf 79' lang='grc' dir='ltr'>ἔσχατον</span> <span class='ocrx_word' id='word_1_563' title='bbox 505 4140 817 4210; x_wconf 81' lang='grc' dir='ltr'>ὑπέμειναν</span> <span class='ocrx_word' id='word_1_564' title='bbox 848 4137 1083 4207; x_wconf 79' lang='grc' dir='ltr'>ὄλεθρον,</span> <span class='ocrx_word' id='word_1_565' title='bbox 1113 4135 1374 4189; x_wconf 73' lang='grc' dir='ltr'>ἀκόλουθα</span> <span class='ocrx_word' id='word_1_566' title='bbox 1404 4138 1466 4205; x_wconf 78' lang='grc' dir='ltr'>τῇ</span> <span class='ocrx_word' id='word_1_567' title='bbox 1492 4140 1657 4208; x_wconf 64' lang='grc' dir='ltr'>προρ-</span> 
     </span>
    </p>
   </div>
   <div class='ocr_carea' id='block_1_76' title="bbox 108 4225 1657 4298">
    <p class='ocr_par' dir='ltr' id='par_1_76' title="bbox 108 4225 1657 4298">
     <span class='ocr_line' id='line_1_77' title="bbox 108 4225 1657 4298; baseline -0.008 -14"><span class='ocrx_word' id='word_1_568' title='bbox 108 4231 235 4298; x_wconf 73' lang='grc' dir='ltr'><strong>ρἡει</strong></span> <span class='ocrx_word' id='word_1_569' title='bbox 267 4233 634 4292; x_wconf 75' lang='grc' dir='ltr'>πεπονθότες.</span> <span class='ocrx_word' id='word_1_570' title='bbox 676 4227 811 4281; x_wconf 72' lang='grc' dir='ltr'>Οὔτε</span> <span class='ocrx_word' id='word_1_571' title='bbox 844 4227 950 4298; x_wconf 74' lang='grc' dir='ltr'>γὰρ</span> <span class='ocrx_word' id='word_1_572' title='bbox 986 4227 1077 4280; x_wconf 72' lang='grc' dir='ltr'><strong>τὸν</strong></span> <span class='ocrx_word' id='word_1_573' title='bbox 1108 4225 1339 4295; x_wconf 79' lang='grc' dir='ltr'>Χριστοῦ</span> <span class='ocrx_word' id='word_1_574' title='bbox 1371 4227 1527 4295; x_wconf 88' lang='grc' dir='ltr'>νόμον</span> <span class='ocrx_word' id='word_1_575' title='bbox 1563 4228 1657 4297; x_wconf 81' lang='grc' dir='ltr'>τῆς</span> 
     </span>
    </p>
   </div>
   <div class='ocr_carea' id='block_1_77' title="bbox 105 4314 1660 4390">
    <p class='ocr_par' dir='ltr' id='par_1_77' title="bbox 105 4314 1660 4390">
     <span class='ocr_line' id='line_1_78' title="bbox 105 4314 1660 4390; baseline -0.001 -23"><span class='ocrx_word' id='word_1_576' title='bbox 105 4315 284 4387; x_wconf 68' lang='grc' dir='ltr'>Καινῆς</span> <span class='ocrx_word' id='word_1_577' title='bbox 304 4320 600 4390; x_wconf 78' lang='grc' dir='ltr'>Διαθήκης</span> <span class='ocrx_word' id='word_1_578' title='bbox 617 4315 988 4381; x_wconf 78' lang='grc' dir='ltr'>κατεδέξαντο,</span> <span class='ocrx_word' id='word_1_579' title='bbox 1013 4314 1134 4366; x_wconf 79' lang='grc' dir='ltr'>οὔτε</span> <span class='ocrx_word' id='word_1_580' title='bbox 1159 4314 1224 4366; x_wconf 80' lang='grc' dir='ltr'>τὰ</span> <span class='ocrx_word' id='word_1_581' title='bbox 1243 4314 1509 4367; x_wconf 77' lang='grc' dir='ltr'>Μωῦσέως</span> <span class='ocrx_word' id='word_1_582' title='bbox 1526 4330 1660 4383; x_wconf 82' lang='grc' dir='ltr'>παρ-</span> 
     </span>
    </p>
   </div>
   <div class='ocr_carea' id='block_1_78' title="bbox 1761 3239 3289 3316">
    <p class='ocr_par' dir='ltr' id='par_1_78' title="bbox 1761 3239 3289 3316">
     <span class='ocr_line' id='line_1_79' title="bbox 1761 3239 3289 3316; baseline 0.005 -24"><span class='ocrx_word' id='word_1_583' title='bbox 1761 3239 1890 3292; x_wconf 83' lang='lat' dir='ltr'><strong>stris</strong></span> <span class='ocrx_word' id='word_1_584' title='bbox 1926 3239 1989 3293; x_wconf 80' lang='grc'><strong>¹⁰.</strong></span> <span class='ocrx_word' id='word_1_585' title='bbox 2023 3259 2042 3290; x_wconf 70' lang='grc' dir='ltr'><strong>ι</strong></span> <span class='ocrx_word' id='word_1_586' title='bbox 2067 3240 2174 3308; x_wconf 79' lang='lat'><strong>28</strong></span> <span class='ocrx_word' id='word_1_587' title='bbox 2197 3240 2349 3305; x_wconf 81' lang='lat' dir='ltr'><strong>Quod</strong></span> <span class='ocrx_word' id='word_1_588' title='bbox 2393 3243 2603 3310; x_wconf 86' lang='lat' dir='ltr'><strong>quidem</strong></span> <span class='ocrx_word' id='word_1_589' title='bbox 2652 3246 2925 3299; x_wconf 88' lang='lat' dir='ltr'><strong>oraculum</strong></span> <span class='ocrx_word' id='word_1_590' title='bbox 2949 3248 3103 3316; x_wconf 77' lang='lat' dir='ltr'><strong>plane</strong></span> <span class='ocrx_word' id='word_1_591' title='bbox 3128 3249 3289 3301; x_wconf 89' lang='lat' dir='ltr'><strong>etiam</strong></span> 
     </span>
    </p>
   </div>
   <div class='ocr_carea' id='block_1_79' title="bbox 1761 3326 3290 3403">
    <p class='ocr_par' dir='ltr' id='par_1_79' title="bbox 1761 3326 3290 3403">
     <span class='ocr_line' id='line_1_80' title="bbox 1761 3326 3290 3403; baseline 0.007 -26"><span class='ocrx_word' id='word_1_592' title='bbox 1761 3326 2037 3390; x_wconf 81' lang='lat' dir='ltr'><strong>indicavit,</strong></span> <span class='ocrx_word' id='word_1_593' title='bbox 2068 3346 2202 3397; x_wconf 87' lang='lat' dir='ltr'><strong>quas</strong></span> <span class='ocrx_word' id='word_1_594' title='bbox 2232 3346 2261 3382; x_wconf 77' lang='grc' dir='ltr'><strong>ιι</strong></span> <span class='ocrx_word' id='word_1_595' title='bbox 2304 3329 2501 3384; x_wconf 63' lang='grc' dir='ltr'>Ιιιίὶιρίε</span> <span class='ocrx_word' id='word_1_596' title='bbox 2530 3330 2770 3399; x_wconf 88' lang='lat' dir='ltr'><strong>insidias,</strong></span> <span class='ocrx_word' id='word_1_597' title='bbox 2799 3335 2865 3388; x_wconf 89' lang='lat' dir='ltr'><strong>de</strong></span> <span class='ocrx_word' id='word_1_598' title='bbox 2903 3351 3009 3403; x_wconf 92' lang='lat' dir='ltr'><strong>quo</strong></span> <span class='ocrx_word' id='word_1_599' title='bbox 3032 3338 3290 3390; x_wconf 80' lang='lat' dir='ltr'><strong>vaticina-</strong></span> 
     </span>
    </p>
   </div>
   <div class='ocr_carea' id='block_1_80' title="bbox 1761 3421 3290 3487">
    <p class='ocr_par' dir='ltr' id='par_1_80' title="bbox 1761 3421 3290 3487">
     <span class='ocr_line' id='line_1_81' title="bbox 1761 3421 3290 3487; baseline 0.007 -20"><span class='ocrx_word' id='word_1_600' title='bbox 1761 3423 1868 3476; x_wconf 90' lang='lat' dir='ltr'><strong>tur,</strong></span> <span class='ocrx_word' id='word_1_601' title='bbox 1902 3432 2093 3483; x_wconf 87' lang='lat' dir='ltr'><strong>passus</strong></span> <span class='ocrx_word' id='word_1_602' title='bbox 2117 3424 2201 3471; x_wconf 88' lang='lat' dir='ltr'><strong>est</strong></span> <span class='ocrx_word' id='word_1_603' title='bbox 2236 3438 2249 3471; x_wconf 90' lang='lat'><strong>:</strong></span> <span class='ocrx_word' id='word_1_604' title='bbox 2287 3421 2502 3487; x_wconf 86' lang='lat' dir='ltr'><strong>quando</strong></span> <span class='ocrx_word' id='word_1_605' title='bbox 2540 3422 2688 3473; x_wconf 88' lang='lat' dir='ltr'><strong>illum</strong></span> <span class='ocrx_word' id='word_1_606' title='bbox 2722 3437 2751 3473; x_wconf 88' lang='lat' dir='ltr'><strong>a</strong></span> <span class='ocrx_word' id='word_1_607' title='bbox 2787 3422 2991 3477; x_wconf 89' lang='lat' dir='ltr'><strong>Scribis</strong></span> <span class='ocrx_word' id='word_1_608' title='bbox 3023 3433 3075 3476; x_wconf 91' lang='lat' dir='ltr'><strong>et</strong></span> <span class='ocrx_word' id='word_1_609' title='bbox 3098 3424 3290 3478; x_wconf 85' lang='lat' dir='ltr'><strong>Phari-</strong></span> 
     </span>
    </p>
   </div>
   <div class='ocr_carea' id='block_1_81' title="bbox 1761 3507 3289 3576">
    <p class='ocr_par' dir='ltr' id='par_1_81' title="bbox 1761 3507 3289 3576">
     <span class='ocr_line' id='line_1_82' title="bbox 1761 3507 3289 3576; baseline 0.005 -17"><span class='ocrx_word' id='word_1_610' title='bbox 1761 3507 1901 3566; x_wconf 73' lang='lat' dir='ltr'><strong>sreis,</strong></span> <span class='ocrx_word' id='word_1_611' title='bbox 1934 3515 1985 3559; x_wconf 88' lang='lat' dir='ltr'><strong>et</strong></span> <span class='ocrx_word' id='word_1_612' title='bbox 2013 3510 2344 3561; x_wconf 83' lang='lat' dir='ltr'><strong>sacerdotum</strong></span> <span class='ocrx_word' id='word_1_613' title='bbox 2374 3509 2725 3576; x_wconf 87' lang='lat' dir='ltr'><strong>principibus,</strong></span> <span class='ocrx_word' id='word_1_614' title='bbox 2749 3519 2798 3563; x_wconf 89' lang='lat' dir='ltr'><strong>et</strong></span> <span class='ocrx_word' id='word_1_615' title='bbox 2815 3512 3062 3565; x_wconf 90' lang='lat' dir='ltr'><strong>omnibus</strong></span> <span class='ocrx_word' id='word_1_616' title='bbox 3078 3510 3289 3566; x_wconf 58' lang='lat' dir='ltr'><strong>Iudaeo-</strong></span> 
     </span>
    </p>
   </div>
   <div class='ocr_carea' id='block_1_82' title="bbox 1760 3596 3288 3665">
    <p class='ocr_par' dir='ltr' id='par_1_82' title="bbox 1760 3596 3288 3665">
     <span class='ocr_line' id='line_1_83' title="bbox 1760 3596 3288 3665; baseline 0.005 -18"><span class='ocrx_word' id='word_1_617' title='bbox 1760 3611 1877 3649; x_wconf 86' lang='lat' dir='ltr'><strong>rum</strong></span> <span class='ocrx_word' id='word_1_618' title='bbox 1911 3596 2326 3663; x_wconf 81' lang='lat' dir='ltr'><strong>magistratibus,</strong></span> <span class='ocrx_word' id='word_1_619' title='bbox 2353 3596 2444 3662; x_wconf 89' lang='lat' dir='ltr'><strong>qui</strong></span> <span class='ocrx_word' id='word_1_620' title='bbox 2470 3604 2699 3650; x_wconf 81' lang='lat' dir='ltr'><strong>veterem</strong></span> <span class='ocrx_word' id='word_1_621' title='bbox 2726 3601 2976 3665; x_wconf 89' lang='lat' dir='ltr'><strong>parietem</strong></span> <span class='ocrx_word' id='word_1_622' title='bbox 3008 3610 3288 3655; x_wconf 76' lang='lat' dir='ltr'><strong>Construe-</strong></span> 
     </span>
    </p>
   </div>
   <div class='ocr_carea' id='block_1_83' title="bbox 1761 3685 3287 3758">
    <p class='ocr_par' dir='ltr' id='par_1_83' title="bbox 1761 3685 3287 3758">
     <span class='ocr_line' id='line_1_84' title="bbox 1761 3685 3287 3758; baseline 0.003 -20"><span class='ocrx_word' id='word_1_623' title='bbox 1761 3687 1907 3749; x_wconf 87' lang='lat' dir='ltr'><strong>haut,</strong></span> <span class='ocrx_word' id='word_1_624' title='bbox 1941 3687 2271 3754; x_wconf 85' lang='lat' dir='ltr'><strong>repudiatum</strong></span> <span class='ocrx_word' id='word_1_625' title='bbox 2300 3685 2484 3750; x_wconf 82' lang='lat' dir='ltr'><strong>fuisse,</strong></span> <span class='ocrx_word' id='word_1_626' title='bbox 2511 3686 2787 3739; x_wconf 86' lang='lat' dir='ltr'><strong>divinavit.</strong></span> <span class='ocrx_word' id='word_1_627' title='bbox 2810 3687 2913 3742; x_wconf 89' lang='lat' dir='ltr'><strong>Sed</strong></span> <span class='ocrx_word' id='word_1_628' title='bbox 2933 3696 3112 3743; x_wconf 89' lang='lat' dir='ltr'><strong>tamen</strong></span> <span class='ocrx_word' id='word_1_629' title='bbox 3138 3701 3287 3758; x_wconf 77' lang='lat' dir='ltr'><strong>post-</strong></span> 
     </span>
    </p>
   </div>
   <div class='ocr_carea' id='block_1_84' title="bbox 1759 3772 3280 3840">
    <p class='ocr_par' dir='ltr' id='par_1_84' title="bbox 1759 3772 3280 3840">
     <span class='ocr_line' id='line_1_85' title="bbox 1759 3772 3280 3840; baseline 0.005 -17"><span class='ocrx_word' id='word_1_630' title='bbox 1759 3786 1916 3839; x_wconf 89' lang='lat' dir='ltr'><strong>quam</strong></span> <span class='ocrx_word' id='word_1_631' title='bbox 1947 3772 2139 3825; x_wconf 88' lang='lat' dir='ltr'><strong>abillis</strong></span> <span class='ocrx_word' id='word_1_632' title='bbox 2165 3780 2495 3840; x_wconf 87' lang='lat' dir='ltr'><strong>contemptus</strong></span> <span class='ocrx_word' id='word_1_633' title='bbox 2535 3773 2604 3824; x_wconf 91' lang='lat' dir='ltr'><strong>sit</strong></span> <span class='ocrx_word' id='word_1_634' title='bbox 2637 3780 2689 3826; x_wconf 90' lang='lat' dir='ltr'><strong>et</strong></span> <span class='ocrx_word' id='word_1_635' title='bbox 2724 3774 2962 3840; x_wconf 72' lang='lat' dir='ltr'><strong>abiectus</strong></span> <span class='ocrx_word' id='word_1_636' title='bbox 2984 3813 2999 3839; x_wconf 90' lang='lat'><strong>,</strong></span> <span class='ocrx_word' id='word_1_637' title='bbox 3042 3775 3280 3832; x_wconf 83' lang='lat' dir='ltr'><strong>futurum</strong></span> 
     </span>
    </p>
   </div>
   <div class='ocr_carea' id='block_1_85' title="bbox 1760 3861 3305 3934">
    <p class='ocr_par' dir='ltr' id='par_1_85' title="bbox 1760 3861 3305 3934">
     <span class='ocr_line' id='line_1_86' title="bbox 1760 3861 3305 3934; baseline 0.005 -21"><span class='ocrx_word' id='word_1_638' title='bbox 1760 3861 1908 3913; x_wconf 86' lang='lat' dir='ltr'><strong>illum</strong></span> <span class='ocrx_word' id='word_1_639' title='bbox 1932 3861 1981 3912; x_wconf 92' lang='lat' dir='ltr'><strong>in</strong></span> <span class='ocrx_word' id='word_1_640' title='bbox 2013 3870 2170 3927; x_wconf 88' lang='lat' dir='ltr'><strong>caput</strong></span> <span class='ocrx_word' id='word_1_641' title='bbox 2200 3861 2399 3929; x_wconf 83' lang='lat' dir='ltr'><strong>anguli,</strong></span> <span class='ocrx_word' id='word_1_642' title='bbox 2427 3869 2481 3915; x_wconf 87' lang='lat' dir='ltr'><strong>et</strong></span> <span class='ocrx_word' id='word_1_643' title='bbox 2507 3861 2694 3915; x_wconf 86' lang='lat' dir='ltr'><strong>ducem</strong></span> <span class='ocrx_word' id='word_1_644' title='bbox 2720 3865 3121 3934; x_wconf 88' lang='lat' dir='ltr'><strong>principemque</strong></span> <span class='ocrx_word' id='word_1_645' title='bbox 3150 3866 3305 3921; x_wconf 79' lang='lat' dir='ltr'><strong>Novi</strong></span> 
     </span>
    </p>
   </div>
   <div class='ocr_carea' id='block_1_86' title="bbox 1758 3945 3282 4015">
    <p class='ocr_par' dir='ltr' id='par_1_86' title="bbox 1758 3945 3282 4015">
     <span class='ocr_line' id='line_1_87' title="bbox 1758 3945 3282 4015; baseline 0.007 -15"><span class='ocrx_word' id='word_1_646' title='bbox 1758 3945 2081 4001; x_wconf 77' lang='lat' dir='ltr'><strong>Testamenti</strong></span> <span class='ocrx_word' id='word_1_647' title='bbox 2114 3950 2541 4002; x_wconf 78' lang='lat' dir='ltr'><strong>consumendum</strong></span> <span class='ocrx_word' id='word_1_648' title='bbox 2573 3967 2676 4004; x_wconf 88' lang='lat' dir='ltr'><strong>non</strong></span> <span class='ocrx_word' id='word_1_649' title='bbox 2717 3954 2901 4015; x_wconf 87' lang='lat' dir='ltr'><strong>tacuit,</strong></span> <span class='ocrx_word' id='word_1_650' title='bbox 2926 3968 3282 4010; x_wconf 84' lang='lat' dir='ltr'><strong>consentanea</strong></span> 
     </span>
    </p>
   </div>
   <div class='ocr_carea' id='block_1_87' title="bbox 1760 4035 3282 4109">
    <p class='ocr_par' dir='ltr' id='par_1_87' title="bbox 1760 4035 3282 4109">
     <span class='ocr_line' id='line_1_88' title="bbox 1760 4035 3282 4109; baseline 0.009 -22"><span class='ocrx_word' id='word_1_651' title='bbox 1760 4035 1826 4089; x_wconf 88' lang='lat' dir='ltr'><strong>iis</strong></span> <span class='ocrx_word' id='word_1_652' title='bbox 1854 4036 2149 4104; x_wconf 83' lang='lat' dir='ltr'><strong>proferens,</strong></span> <span class='ocrx_word' id='word_1_653' title='bbox 2179 4054 2297 4105; x_wconf 68' lang='lat' dir='ltr'><strong>quae</strong></span> <span class='ocrx_word' id='word_1_654' title='bbox 2324 4054 2353 4092; x_wconf 91' lang='lat' dir='ltr'><strong>a</strong></span> <span class='ocrx_word' id='word_1_655' title='bbox 2405 4040 2558 4093; x_wconf 88' lang='lat' dir='ltr'><strong>nobis</strong></span> <span class='ocrx_word' id='word_1_656' title='bbox 2619 4044 2864 4109; x_wconf 90' lang='lat' dir='ltr'><strong>superius</strong></span> <span class='ocrx_word' id='word_1_657' title='bbox 2920 4044 3282 4099; x_wconf 87' lang='lat' dir='ltr'><strong>demonstrata</strong></span> 
     </span>
    </p>
   </div>
   <div class='ocr_carea' id='block_1_88' title="bbox 1758 4126 3281 4197">
    <p class='ocr_par' dir='ltr' id='par_1_88' title="bbox 1758 4126 3281 4197">
     <span class='ocr_line' id='line_1_89' title="bbox 1758 4126 3281 4197; baseline 0.009 -19"><span class='ocrx_word' id='word_1_658' title='bbox 1758 4136 1901 4179; x_wconf 90' lang='lat' dir='ltr'><strong>sunt.</strong></span> <span class='ocrx_word' id='word_1_659' title='bbox 1942 4126 2049 4179; x_wconf 89' lang='lat' dir='ltr'><strong>Nos</strong></span> <span class='ocrx_word' id='word_1_660' title='bbox 2089 4128 2247 4197; x_wconf 79' lang='lat' dir='ltr'><strong>igitur</strong></span> <span class='ocrx_word' id='word_1_661' title='bbox 2277 4130 2517 4195; x_wconf 84' lang='lat' dir='ltr'><strong>quamvis</strong></span> <span class='ocrx_word' id='word_1_662' title='bbox 2548 4145 2577 4183; x_wconf 89' lang='lat' dir='ltr'><strong>a</strong></span> <span class='ocrx_word' id='word_1_663' title='bbox 2619 4129 2804 4185; x_wconf 69' lang='lat' dir='ltr'><strong>Graeco</strong></span> <span class='ocrx_word' id='word_1_664' title='bbox 2851 4135 2954 4187; x_wconf 87' lang='lat' dir='ltr'><strong>ritu</strong></span> <span class='ocrx_word' id='word_1_665' title='bbox 2991 4137 3281 4191; x_wconf 81' lang='lat' dir='ltr'><strong>recesseri-</strong></span> 
     </span>
    </p>
   </div>
   <div class='ocr_carea' id='block_1_89' title="bbox 1756 4216 3285 4291">
    <p class='ocr_par' dir='ltr' id='par_1_89' title="bbox 1756 4216 3285 4291">
     <span class='ocr_line' id='line_1_90' title="bbox 1756 4216 3285 4291; baseline 0.007 -24"><span class='ocrx_word' id='word_1_666' title='bbox 1756 4228 1894 4272; x_wconf 87' lang='lat' dir='ltr'><strong>mus.</strong></span> <span class='ocrx_word' id='word_1_667' title='bbox 1930 4231 2033 4268; x_wconf 91' lang='lat' dir='ltr'><strong>non</strong></span> <span class='ocrx_word' id='word_1_668' title='bbox 2081 4217 2364 4271; x_wconf 86' lang='lat' dir='ltr'><strong>recidimus</strong></span> <span class='ocrx_word' id='word_1_669' title='bbox 2400 4219 2453 4271; x_wconf 88' lang='lat' dir='ltr'><strong>in</strong></span> <span class='ocrx_word' id='word_1_670' title='bbox 2490 4216 2791 4281; x_wconf 69' lang='lat' dir='ltr'><strong>Iudaicum,</strong></span> <span class='ocrx_word' id='word_1_671' title='bbox 2822 4236 2992 4289; x_wconf 87' lang='lat' dir='ltr'><strong>neque</strong></span> <span class='ocrx_word' id='word_1_672' title='bbox 3024 4223 3285 4291; x_wconf 87' lang='lat' dir='ltr'><strong>delinqui-</strong></span> 
     </span>
    </p>
   </div>
   <div class='ocr_carea' id='block_1_90' title="bbox 1758 4304 3281 4380">
    <p class='ocr_par' dir='ltr' id='par_1_90' title="bbox 1758 4304 3281 4380">
     <span class='ocr_line' id='line_1_91' title="bbox 1758 4304 3281 4380; baseline 0.009 -26"><span class='ocrx_word' id='word_1_673' title='bbox 1758 4318 1896 4367; x_wconf 90' lang='lat' dir='ltr'><strong>mus,</strong></span> <span class='ocrx_word' id='word_1_674' title='bbox 1930 4304 2050 4358; x_wconf 89' lang='lat' dir='ltr'><strong>licet</strong></span> <span class='ocrx_word' id='word_1_675' title='bbox 2095 4305 2256 4360; x_wconf 80' lang='lat' dir='ltr'><strong>Mosis</strong></span> <span class='ocrx_word' id='word_1_676' title='bbox 2310 4308 2475 4377; x_wconf 85' lang='lat' dir='ltr'><strong>legem</strong></span> <span class='ocrx_word' id='word_1_677' title='bbox 2505 4318 2559 4362; x_wconf 86' lang='lat' dir='ltr'><strong>et</strong></span> <span class='ocrx_word' id='word_1_678' title='bbox 2608 4307 2951 4362; x_wconf 72' lang='lat' dir='ltr'><strong>Hebraeorum</strong></span> <span class='ocrx_word' id='word_1_679' title='bbox 2995 4312 3281 4380; x_wconf 80' lang='lat' dir='ltr'><strong>prophetas</strong></span> 
     </span>
    </p>
   </div>
   <div class='ocr_carea' id='block_1_91' title="bbox 99 4396 1677 4476">
    <p class='ocr_par' dir='ltr' id='par_1_91' title="bbox 99 4396 1657 4476">
     <span class='ocr_line' id='line_1_92' title="bbox 99 4396 1657 4476; baseline -0.004 -17"><span class='ocrx_word' id='word_1_680' title='bbox 99 4407 391 4476; x_wconf 76' lang='grc' dir='ltr'>αγγέλματα</span> <span class='ocrx_word' id='word_1_681' title='bbox 441 4407 582 4476; x_wconf 81' lang='grc' dir='ltr'>δίχα</span> <span class='ocrx_word' id='word_1_682' title='bbox 626 4403 969 4473; x_wconf 84' lang='grc' dir='ltr'>παρανομίας</span> <span class='ocrx_word' id='word_1_683' title='bbox 1013 4399 1111 4453; x_wconf 84' lang='grc' dir='ltr'>οἷοί</span> <span class='ocrx_word' id='word_1_684' title='bbox 1155 4403 1201 4452; x_wconf 80' lang='grc' dir='ltr'>τ’</span> <span class='ocrx_word' id='word_1_685' title='bbox 1233 4399 1297 4451; x_wconf 87' lang='grc' dir='ltr'><strong>ἂν</strong></span> <span class='ocrx_word' id='word_1_686' title='bbox 1328 4396 1434 4452; x_wconf 81' lang='grc' dir='ltr'>εἶεν</span> <span class='ocrx_word' id='word_1_687' title='bbox 1463 4400 1657 4469; x_wconf 75' lang='grc' dir='ltr'>φυλάσο</span> 
     </span>
    </p>
   </div>
   <div class='ocr_carea' id='block_1_92' title="bbox 1765 4396 3279 4476">
    <p class='ocr_par' dir='ltr' id='par_1_92' title="bbox 1765 4396 3279 4463">
     <span class='ocr_line' id='line_1_93' title="bbox 1765 4396 3279 4463; baseline 0.005 -17"><span class='ocrx_word' id='word_1_688' title='bbox 1765 4396 2138 4463; x_wconf 81' lang='lat' dir='ltr'><strong>aceeperimus,</strong></span> <span class='ocrx_word' id='word_1_689' title='bbox 2184 4411 2291 4449; x_wconf 91' lang='lat' dir='ltr'><strong>non</strong></span> <span class='ocrx_word' id='word_1_690' title='bbox 2333 4396 2552 4451; x_wconf 79' lang='lat' dir='ltr'><strong>Judaice</strong></span> <span class='ocrx_word' id='word_1_691' title='bbox 2576 4406 2774 4461; x_wconf 89' lang='lat' dir='ltr'><strong>autem,</strong></span> <span class='ocrx_word' id='word_1_692' title='bbox 2820 4397 2911 4452; x_wconf 89' lang='lat' dir='ltr'><strong>sed</strong></span> <span class='ocrx_word' id='word_1_693' title='bbox 2961 4401 3027 4452; x_wconf 86' lang='lat' dir='ltr'><strong>ad</strong></span> <span class='ocrx_word' id='word_1_694' title='bbox 3080 4417 3279 4456; x_wconf 75' lang='lat' dir='ltr'><strong>&quot;iorem</strong></span> 
     </span>
    </p>
   </div>
   <div class='ocr_carea' id='block_1_93' title="bbox 104 4490 1657 4563">
    <p class='ocr_par' dir='ltr' id='par_1_93' title="bbox 104 4490 1657 4563">
     <span class='ocr_line' id='line_1_94' title="bbox 104 4490 1657 4563; baseline -0.001 -19"><span class='ocrx_word' id='word_1_695' title='bbox 104 4508 234 4546; x_wconf 70' lang='grc' dir='ltr'>σεω-</span> <span class='ocrx_word' id='word_1_696' title='bbox 256 4496 336 4549; x_wconf 84' lang='grc' dir='ltr'><strong>διὸ</strong></span> <span class='ocrx_word' id='word_1_697' title='bbox 373 4498 476 4549; x_wconf 59' lang='grc' dir='ltr'><strong>καὶ¹</strong></span> <span class='ocrx_word' id='word_1_698' title='bbox 509 4498 587 4563; x_wconf 77' lang='grc' dir='ltr'>τῇ</span> <span class='ocrx_word' id='word_1_699' title='bbox 625 4491 868 4554; x_wconf 75' lang='grc' dir='ltr'>Μωσέως</span> <span class='ocrx_word' id='word_1_700' title='bbox 904 4490 1290 4560; x_wconf 74' lang='grc' dir='ltr'>ὑποϐέϐληνται</span> <span class='ocrx_word' id='word_1_701' title='bbox 1323 4491 1550 4560; x_wconf 70' lang='grc' dir='ltr'>κατάρα,</span> <span class='ocrx_word' id='word_1_702' title='bbox 1581 4490 1657 4561; x_wconf 81' lang='grc' dir='ltr'>τῷ</span> 
     </span>
    </p>
   </div>
   <div class='ocr_carea' id='block_1_94' title="bbox 103 4577 1659 4653">
    <p class='ocr_par' dir='ltr' id='par_1_94' title="bbox 103 4577 1659 4653">
     <span class='ocr_line' id='line_1_95' title="bbox 103 4577 1659 4653; baseline -0.004 -14"><span class='ocrx_word' id='word_1_703' title='bbox 103 4585 217 4653; x_wconf 67' lang='grc' dir='ltr'>μηᾶ</span> <span class='ocrx_word' id='word_1_704' title='bbox 246 4586 477 4638; x_wconf 80' lang='grc' dir='ltr'>δυνατὸν</span> <span class='ocrx_word' id='word_1_705' title='bbox 522 4585 716 4644; x_wconf 76' lang='grc' dir='ltr'>αὐτοῖς</span> <span class='ocrx_word' id='word_1_706' title='bbox 747 4577 883 4633; x_wconf 84' lang='grc' dir='ltr'>εἶναι</span> <span class='ocrx_word' id='word_1_707' title='bbox 913 4580 980 4632; x_wconf 82' lang='grc' dir='ltr'>τὰ</span> <span class='ocrx_word' id='word_1_708' title='bbox 1022 4578 1170 4648; x_wconf 80' lang='grc' dir='ltr'>παρὰ</span> <span class='ocrx_word' id='word_1_709' title='bbox 1210 4580 1426 4631; x_wconf 83' lang='grc' dir='ltr'>Μωῦσεῖ</span> <span class='ocrx_word' id='word_1_710' title='bbox 1447 4597 1659 4649; x_wconf 84' lang='grc' dir='ltr'>νενομο-</span> 
     </span>
    </p>
   </div>
   <div class='ocr_carea' id='block_1_95' title="bbox 98 4667 1655 4745">
    <p class='ocr_par' dir='ltr' id='par_1_95' title="bbox 98 4667 1655 4745">
     <span class='ocr_line' id='line_1_96' title="bbox 98 4667 1655 4745; baseline -0.007 -13"><span class='ocrx_word' id='word_1_711' title='bbox 98 4672 342 4745; x_wconf 61' lang='grc' dir='ltr'>θεημένα</span> <span class='ocrx_word' id='word_1_712' title='bbox 366 4674 685 4732; x_wconf 83' lang='grc' dir='ltr'>συντελεῖν,</span> <span class='ocrx_word' id='word_1_713' title='bbox 711 4675 1116 4741; x_wconf 71' lang='grc' dir='ltr'>περιῃρημένης</span> <span class='ocrx_word' id='word_1_714' title='bbox 1139 4667 1316 4720; x_wconf 79' lang='grc' dir='ltr'>αὐτῶν</span> <span class='ocrx_word' id='word_1_715' title='bbox 1335 4668 1432 4736; x_wconf 63' lang='grc' dir='ltr'>τῆς</span> <span class='ocrx_word' id='word_1_716' title='bbox 1462 4686 1655 4739; x_wconf 87' lang='grc' dir='ltr'>μητρο-</span> 
     </span>
    </p>
   </div>
   <div class='ocr_carea' id='block_1_96' title="bbox 97 4758 1654 4831">
    <p class='ocr_par' dir='ltr' id='par_1_96' title="bbox 97 4758 1654 4831">
     <span class='ocr_line' id='line_1_97' title="bbox 97 4758 1654 4831; baseline -0.004 -14"><span class='ocrx_word' id='word_1_717' title='bbox 97 4765 296 4829; x_wconf 61' lang='grc' dir='ltr'>πᾶλεως,</span> <span class='ocrx_word' id='word_1_718' title='bbox 328 4766 429 4819; x_wconf 68' lang='grc' dir='ltr'><strong>καὶ</strong></span> <span class='ocrx_word' id='word_1_719' title='bbox 458 4761 972 4831; x_wconf 75' lang='grc' dir='ltr'>ἀποκεκλεισμένης</span> <span class='ocrx_word' id='word_1_720' title='bbox 999 4760 1095 4829; x_wconf 84' lang='grc' dir='ltr'><strong>τῆς</strong></span> <span class='ocrx_word' id='word_1_721' title='bbox 1136 4760 1291 4829; x_wconf 80' lang='grc' dir='ltr'>μόνον</span> <span class='ocrx_word' id='word_1_722' title='bbox 1321 4758 1502 4811; x_wconf 81' lang='grc' dir='ltr'>αὐτόθι</span> <span class='ocrx_word' id='word_1_723' title='bbox 1529 4776 1654 4827; x_wconf 87' lang='grc' dir='ltr'>συγ-</span> 
     </span>
    </p>
   </div>
   <div class='ocr_carea' id='block_1_97' title="bbox 98 4850 1644 4926">
    <p class='ocr_par' dir='ltr' id='par_1_97' title="bbox 98 4850 1644 4926">
     <span class='ocr_line' id='line_1_98' title="bbox 98 4850 1644 4926; baseline -0.001 -23"><span class='ocrx_word' id='word_1_724' title='bbox 98 4857 468 4926; x_wconf 71' lang='grc' dir='ltr'>κεχωρημένης</span> <span class='ocrx_word' id='word_1_725' title='bbox 528 4851 896 4904; x_wconf 78' lang='grc' dir='ltr'>ἐπιτελεῖσθαι</span> <span class='ocrx_word' id='word_1_726' title='bbox 955 4851 1281 4920; x_wconf 78' lang='grc' dir='ltr'>Μωῦσαῖκῆς</span> <span class='ocrx_word' id='word_1_727' title='bbox 1343 4850 1644 4919; x_wconf 80' lang='grc' dir='ltr'>θρησκείας.</span> 
     </span>
    </p>
   </div>
   <div class='ocr_carea' id='block_1_98' title="bbox 105 4935 1647 5009">
    <p class='ocr_par' dir='ltr' id='par_1_98' title="bbox 105 4935 1647 5009">
     <span class='ocr_line' id='line_1_99' title="bbox 105 4935 1647 5009; baseline -0.003 -18"><span class='ocrx_word' id='word_1_728' title='bbox 105 4937 269 5009; x_wconf 82' lang='grc' dir='ltr'>Ἡμεῖς</span> <span class='ocrx_word' id='word_1_729' title='bbox 294 4943 375 5006; x_wconf 80' lang='grc' dir='ltr'><strong>δὲ,</strong></span> <span class='ocrx_word' id='word_1_730' title='bbox 438 4941 540 4993; x_wconf 84' lang='grc' dir='ltr'><strong>τὸν</strong></span> <span class='ocrx_word' id='word_1_731' title='bbox 573 4939 684 4991; x_wconf 73' lang='grc' dir='ltr'>ὑπὸ</span> <span class='ocrx_word' id='word_1_732' title='bbox 726 4936 967 5006; x_wconf 59' lang='grc' dir='ltr'>Μιιισέως</span> <span class='ocrx_word' id='word_1_733' title='bbox 1012 4936 1101 4988; x_wconf 74' lang='grc' dir='ltr'><strong>καὶ</strong></span> <span class='ocrx_word' id='word_1_734' title='bbox 1134 4935 1239 4987; x_wconf 85' lang='grc' dir='ltr'>τῶν</span> <span class='ocrx_word' id='word_1_735' title='bbox 1288 4935 1483 4987; x_wconf 82' lang='grc' dir='ltr'>λοιπῶν</span> <span class='ocrx_word' id='word_1_736' title='bbox 1518 4952 1647 5005; x_wconf 84' lang='grc' dir='ltr'>προ-</span> 
     </span>
    </p>
   </div>
   <div class='ocr_carea' id='block_1_99' title="bbox 99 5024 1646 5099">
    <p class='ocr_par' dir='ltr' id='par_1_99' title="bbox 99 5024 1646 5099">
     <span class='ocr_line' id='line_1_100' title="bbox 99 5024 1646 5099; baseline -0.003 -18"><span class='ocrx_word' id='word_1_737' title='bbox 99 5031 256 5097; x_wconf 64' lang='grc' dir='ltr'>οητῶν</span> <span class='ocrx_word' id='word_1_738' title='bbox 280 5028 745 5099; x_wconf 72' lang='grc' dir='ltr'>κατηγγελμένον</span> <span class='ocrx_word' id='word_1_739' title='bbox 777 5024 1179 5094; x_wconf 78' lang='grc' dir='ltr'>ἀποδεξάμενοι,</span> <span class='ocrx_word' id='word_1_740' title='bbox 1208 5025 1298 5077; x_wconf 73' lang='grc' dir='ltr'><strong>καί</strong></span> <span class='ocrx_word' id='word_1_741' title='bbox 1335 5024 1503 5093; x_wconf 82' lang='grc' dir='ltr'>τούτῳ</span> <span class='ocrx_word' id='word_1_742' title='bbox 1529 5025 1646 5076; x_wconf 86' lang='grc' dir='ltr'>πεί-</span> 
     </span>
    </p>
   </div>
   <div class='ocr_carea' id='block_1_100' title="bbox 99 5113 1648 5190">
    <p class='ocr_par' dir='ltr' id='par_1_100' title="bbox 99 5113 1648 5190">
     <span class='ocr_line' id='line_1_101' title="bbox 99 5113 1648 5190; baseline 0 -27"><span class='ocrx_word' id='word_1_743' title='bbox 99 5118 256 5173; x_wconf 67' lang='grc' dir='ltr'>θεσθαι</span> <span class='ocrx_word' id='word_1_744' title='bbox 274 5122 342 5173; x_wconf 73' lang='grc' dir='ltr'><strong>δι’</strong></span> <span class='ocrx_word' id='word_1_745' title='bbox 374 5121 556 5190; x_wconf 77' lang='grc' dir='ltr'>εὐχῆς</span> <span class='ocrx_word' id='word_1_746' title='bbox 588 5115 917 5184; x_wconf 73' lang='grc' dir='ltr'>ποιούμενοι,</span> <span class='ocrx_word' id='word_1_747' title='bbox 949 5114 1223 5183; x_wconf 71' lang='grc' dir='ltr'>πληρωταὶ</span> <span class='ocrx_word' id='word_1_748' title='bbox 1254 5114 1318 5166; x_wconf 84' lang='grc' dir='ltr'><strong>ἂν</strong></span> <span class='ocrx_word' id='word_1_749' title='bbox 1344 5115 1527 5181; x_wconf 79' lang='grc' dir='ltr'>εἴημεν</span> <span class='ocrx_word' id='word_1_750' title='bbox 1554 5113 1648 5182; x_wconf 82' lang='grc' dir='ltr'><strong>τῆς</strong></span> 
     </span>
    </p>
   </div>
   <div class='ocr_carea' id='block_1_101' title="bbox 99 5196 1648 5274">
    <p class='ocr_par' dir='ltr' id='par_1_101' title="bbox 99 5196 1648 5274">
     <span class='ocr_line' id='line_1_102' title="bbox 99 5196 1648 5274; baseline -0.004 -19"><span class='ocrx_word' id='word_1_751' title='bbox 99 5203 346 5268; x_wconf 60' lang='lat' dir='ltr'><strong>Wo);</strong></span> <span class='ocrx_word' id='word_1_752' title='bbox 406 5202 833 5274; x_wconf 74' lang='grc' dir='ltr'>παραγγελίας,</span> <span class='ocrx_word' id='word_1_753' title='bbox 884 5199 952 5251; x_wconf 81' lang='grc' dir='ltr'>δι’</span> <span class='ocrx_word' id='word_1_754' title='bbox 1002 5196 1067 5268; x_wconf 79' lang='grc' dir='ltr'>ἦς</span> <span class='ocrx_word' id='word_1_755' title='bbox 1128 5199 1349 5267; x_wconf 56' lang='lat' dir='ltr'><strong>{qna-ev</strong></span> <span class='ocrx_word' id='word_1_756' title='bbox 1412 5216 1431 5247; x_wconf 71' lang='grc' dir='ltr'><strong>ι</strong></span> <span class='ocrx_word' id='word_1_757' title='bbox 1480 5198 1648 5249; x_wconf 79' lang='grc' dir='ltr'>Αὐτοῦ</span> 
     </span>
    </p>
   </div>
   <div class='ocr_carea' id='block_1_102' title="bbox 102 5286 1647 5358">
    <p class='ocr_par' dir='ltr' id='par_1_102' title="bbox 102 5286 1647 5358">
     <span class='ocr_line' id='line_1_103' title="bbox 102 5286 1647 5358; baseline -0.007 -10"><span class='ocrx_word' id='word_1_758' title='bbox 102 5293 400 5348; x_wconf 72' lang='grc' dir='ltr'>ἀκούσεσθε·</span> <span class='ocrx_word' id='word_1_759' title='bbox 438 5296 602 5347; x_wconf 82' lang='grc' dir='ltr'>πᾶσα</span> <span class='ocrx_word' id='word_1_760' title='bbox 647 5291 705 5343; x_wconf 78' lang='grc' dir='ltr'>δὲ</span> <span class='ocrx_word' id='word_1_761' title='bbox 728 5290 898 5358; x_wconf 77' lang='grc' dir='ltr'>ψυχὴ,</span> <span class='ocrx_word' id='word_1_762' title='bbox 948 5288 1065 5357; x_wconf 77' lang='grc' dir='ltr'>ἦτις</span> <span class='ocrx_word' id='word_1_763' title='bbox 1106 5287 1169 5341; x_wconf 80' lang='grc' dir='ltr'>ἂν</span> <span class='ocrx_word' id='word_1_764' title='bbox 1203 5288 1272 5357; x_wconf 85' lang='grc' dir='ltr'><strong>μὴ</strong></span> <span class='ocrx_word' id='word_1_765' title='bbox 1319 5286 1519 5357; x_wconf 79' lang='grc' dir='ltr'>ἀκούσῃ</span> <span class='ocrx_word' id='word_1_766' title='bbox 1557 5286 1647 5338; x_wconf 82' lang='grc' dir='ltr'>τοῦ</span> 
     </span>
    </p>
   </div>
   <div class='ocr_carea' id='block_1_103' title="bbox 102 5374 1650 5454">
    <p class='ocr_par' dir='ltr' id='par_1_103' title="bbox 102 5374 1650 5454">
     <span class='ocr_line' id='line_1_104' title="bbox 102 5374 1650 5454; baseline -0.005 -22"><span class='ocrx_word' id='word_1_767' title='bbox 102 5387 349 5454; x_wconf 67' lang='grc' dir='ltr'>προφήτου</span> <span class='ocrx_word' id='word_1_768' title='bbox 388 5383 641 5445; x_wconf 73' lang='grc' dir='ltr'>ἐκείνου,</span> <span class='ocrx_word' id='word_1_769' title='bbox 689 5376 1194 5444; x_wconf 70' lang='grc' dir='ltr'>ὲξολοθρευθήσεται</span> <span class='ocrx_word' id='word_1_770' title='bbox 1235 5378 1298 5425; x_wconf 84' lang='grc' dir='ltr'><strong>ὲκ</strong></span> <span class='ocrx_word' id='word_1_771' title='bbox 1345 5374 1436 5425; x_wconf 77' lang='grc' dir='ltr'>τοῦ</span> <span class='ocrx_word' id='word_1_772' title='bbox 1468 5374 1650 5440; x_wconf 81' lang='grc' dir='ltr'>γένους</span> 
     </span>
    </p>
   </div>
   <div class='ocr_carea' id='block_1_104' title="bbox 105 5456 1649 5541">
    <p class='ocr_par' dir='ltr' id='par_1_104' title="bbox 105 5456 1649 5541">
     <span class='ocr_line' id='line_1_105' title="bbox 105 5456 1649 5541; baseline -0.006 -17"><span class='ocrx_word' id='word_1_773' title='bbox 105 5472 259 5541; x_wconf 66' lang='grc' dir='ltr'>αὐτῆς.</span> <span class='ocrx_word' id='word_1_774' title='bbox 293 5493 315 5526; x_wconf 72' lang='grc' dir='ltr'><strong>ι</strong></span> <span class='ocrx_word' id='word_1_775' title='bbox 346 5473 491 5526; x_wconf 82' lang='grc' dir='ltr'>Τίνα</span> <span class='ocrx_word' id='word_1_776' title='bbox 517 5470 582 5523; x_wconf 76' lang='grc' dir='ltr'>δὲ</span> <span class='ocrx_word' id='word_1_777' title='bbox 604 5467 889 5529; x_wconf 82' lang='grc' dir='ltr'>διετάξατο</span> <span class='ocrx_word' id='word_1_778' title='bbox 909 5466 940 5515; x_wconf 87' lang='grc' dir='ltr'>ὁ</span> <span class='ocrx_word' id='word_1_779' title='bbox 963 5466 1250 5535; x_wconf 78' lang='grc' dir='ltr'>προφήτης,</span> <span class='ocrx_word' id='word_1_780' title='bbox 1274 5456 1347 5514; x_wconf 79' lang='grc' dir='ltr'>ὧν</span> <span class='ocrx_word' id='word_1_781' title='bbox 1371 5463 1649 5514; x_wconf 73' lang='grc' dir='ltr'>ἐπακούειν</span> 
     </span>
    </p>
   </div>
   <div class='ocr_carea' id='block_1_105' title="bbox 157 5585 602 5650">
    <p class='ocr_par' dir='ltr' id='par_1_105' title="bbox 157 5585 602 5650">
     <span class='ocr_line' id='line_1_106' title="bbox 157 5585 602 5650; baseline -0.011 -10"><span class='ocrx_word' id='word_1_782' title='bbox 157 5588 173 5613; x_wconf 87' lang='grc'><strong>⁷</strong></span> <span class='ocrx_word' id='word_1_783' title='bbox 202 5586 349 5642; x_wconf 75' lang='lat' dir='ltr'><strong>Joan.</strong></span> <span class='ocrx_word' id='word_1_784' title='bbox 377 5603 457 5650; x_wconf 76' lang='lat' dir='ltr'><strong>Iv,</strong></span> <span class='ocrx_word' id='word_1_785' title='bbox 499 5585 602 5640; x_wconf 74' lang='lat'><strong>23.</strong></span> 
     </span>
    </p>
   </div>
   <div class='ocr_carea' id='block_1_106' title="bbox 115 5660 362 5719">
    <p class='ocr_par' dir='ltr' id='par_1_106' title="bbox 115 5660 362 5719">
     <span class='ocr_line' id='line_1_107' title="bbox 115 5660 362 5719; baseline 0.028 -17"><span class='ocrx_word' id='word_1_786' title='bbox 115 5668 243 5719; x_wconf 81' lang='lat' dir='ltr'><strong>mn,</strong></span> <span class='ocrx_word' id='word_1_787' title='bbox 275 5660 362 5709; x_wconf 82' lang='lat' dir='ltr'><strong>l9.</strong></span> 
     </span>
    </p>
   </div>
   <div class='ocr_carea' id='block_1_107' title="bbox 321 5736 1031 5809">
    <p class='ocr_par' dir='ltr' id='par_1_107' title="bbox 321 5736 1031 5809">
     <span class='ocr_line' id='line_1_108' title="bbox 321 5736 1031 5809; baseline -0.02 0"><span class='ocrx_word' id='word_1_788' title='bbox 321 5748 610 5809; x_wconf 75' lang='lat' dir='ltr'><strong>PAI&#39;ROL.</strong></span> <span class='ocrx_word' id='word_1_789' title='bbox 638 5744 767 5803; x_wconf 78' lang='lat' dir='ltr'><strong>Gn.</strong></span> <span class='ocrx_word' id='word_1_790' title='bbox 825 5736 1031 5795; x_wconf 74' lang='lat' dir='ltr'><strong>XXII.</strong></span> 
     </span>
    </p>
   </div>
   <div class='ocr_carea' id='block_1_108' title="bbox 673 5577 2247 5658">
    <p class='ocr_par' dir='ltr' id='par_1_108' title="bbox 673 5577 2247 5658">
     <span class='ocr_line' id='line_1_109' title="bbox 673 5577 2247 5658; baseline -0.001 -27"><span class='ocrx_word' id='word_1_791' title='bbox 673 5583 696 5613; x_wconf 86' lang='grc'><strong><em>⁸</em></strong></span> <span class='ocrx_word' id='word_1_792' title='bbox 730 5578 934 5631; x_wconf 78' lang='lat' dir='ltr'><strong>Matth.</strong></span> <span class='ocrx_word' id='word_1_793' title='bbox 963 5578 1255 5642; x_wconf 73' lang='lat' dir='ltr'><strong>vu,28,29.</strong></span> <span class='ocrx_word' id='word_1_794' title='bbox 1301 5648 1321 5658; x_wconf 33' lang='grc' dir='ltr'><strong>ι</strong></span> <span class='ocrx_word' id='word_1_795' title='bbox 1359 5577 1380 5607; x_wconf 76' lang='grc'><strong>⁸</strong></span> <span class='ocrx_word' id='word_1_796' title='bbox 1408 5577 1508 5631; x_wconf 86' lang='lat' dir='ltr'><strong>Isa.</strong></span> <span class='ocrx_word' id='word_1_797' title='bbox 1533 5591 1717 5640; x_wconf 75' lang='lat' dir='ltr'><strong>xxvttt,</strong></span> <span class='ocrx_word' id='word_1_798' title='bbox 1750 5578 1846 5645; x_wconf 76' lang='lat' dir='ltr'><strong>i6;</strong></span> <span class='ocrx_word' id='word_1_799' title='bbox 1903 5578 1919 5629; x_wconf 85' lang='lat' dir='ltr'><strong>l</strong></span> <span class='ocrx_word' id='word_1_800' title='bbox 1952 5578 2091 5632; x_wconf 84' lang='lat' dir='ltr'><strong>Petr.</strong></span> <span class='ocrx_word' id='word_1_801' title='bbox 2116 5593 2172 5640; x_wconf 88' lang='lat' dir='ltr'><strong>ll,</strong></span> <span class='ocrx_word' id='word_1_802' title='bbox 2197 5577 2247 5629; x_wconf 84' lang='lat'><strong>6.</strong></span> 
     </span>
    </p>
   </div>
   <div class='ocr_carea' id='block_1_109' title="bbox 1756 4485 3280 4556">
    <p class='ocr_par' dir='ltr' id='par_1_109' title="bbox 1756 4485 3280 4556">
     <span class='ocr_line' id='line_1_110' title="bbox 1756 4485 3280 4556; baseline 0.005 -20"><span class='ocrx_word' id='word_1_803' title='bbox 1756 4492 1913 4552; x_wconf 87' lang='lat' dir='ltr'><strong>atque</strong></span> <span class='ocrx_word' id='word_1_804' title='bbox 1943 4485 2241 4538; x_wconf 87' lang='lat' dir='ltr'><strong>institutum</strong></span> <span class='ocrx_word' id='word_1_805' title='bbox 2287 4496 2594 4540; x_wconf 85' lang='lat' dir='ltr'><strong>sanctorum</strong></span> <span class='ocrx_word' id='word_1_806' title='bbox 2643 4489 2736 4556; x_wconf 91' lang='lat' dir='ltr'><strong>qui</strong></span> <span class='ocrx_word' id='word_1_807' title='bbox 2783 4497 2906 4542; x_wconf 88' lang='lat' dir='ltr'><strong>ante</strong></span> <span class='ocrx_word' id='word_1_808' title='bbox 2932 4488 3129 4542; x_wconf 82' lang='lat' dir='ltr'><strong>Mosem</strong></span> <span class='ocrx_word' id='word_1_809' title='bbox 3164 4490 3280 4543; x_wconf 74' lang='lat' dir='ltr'><strong>fue-</strong></span> 
     </span>
    </p>
   </div>
   <div class='ocr_carea' id='block_1_110' title="bbox 1755 4576 3280 4638">
    <p class='ocr_par' dir='ltr' id='par_1_110' title="bbox 1755 4576 3280 4638">
     <span class='ocr_line' id='line_1_111' title="bbox 1755 4576 3280 4638; baseline 0.005 -13"><span class='ocrx_word' id='word_1_810' title='bbox 1755 4581 1878 4626; x_wconf 87' lang='lat' dir='ltr'><strong>runt</strong></span> <span class='ocrx_word' id='word_1_811' title='bbox 1928 4576 2184 4638; x_wconf 86' lang='lat' dir='ltr'><strong>virorum,</strong></span> <span class='ocrx_word' id='word_1_812' title='bbox 2227 4577 2486 4630; x_wconf 90' lang='lat' dir='ltr'><strong>vivamus.</strong></span> <span class='ocrx_word' id='word_1_813' title='bbox 2526 4578 2582 4630; x_wconf 90' lang='lat' dir='ltr'><strong>lu</strong></span> <span class='ocrx_word' id='word_1_814' title='bbox 2614 4578 2713 4631; x_wconf 88' lang='lat' dir='ltr'><strong>hoc</strong></span> <span class='ocrx_word' id='word_1_815' title='bbox 2738 4581 2879 4631; x_wconf 92' lang='lat' dir='ltr'><strong>enim</strong></span> <span class='ocrx_word' id='word_1_816' title='bbox 2914 4588 2964 4632; x_wconf 91' lang='lat' dir='ltr'><strong>et</strong></span> <span class='ocrx_word' id='word_1_817' title='bbox 2998 4578 3196 4632; x_wconf 74' lang='lat' dir='ltr'><strong>Mosem</strong></span> <span class='ocrx_word' id='word_1_818' title='bbox 3228 4589 3280 4632; x_wconf 89' lang='lat' dir='ltr'><strong>et</strong></span> 
     </span>
    </p>
   </div>
   <div class='ocr_carea' id='block_1_111' title="bbox 1754 4665 3274 4733">
    <p class='ocr_par' dir='ltr' id='par_1_111' title="bbox 1754 4665 3274 4733">
     <span class='ocr_line' id='line_1_112' title="bbox 1754 4665 3274 4733; baseline 0.001 -17"><span class='ocrx_word' id='word_1_819' title='bbox 1754 4665 2036 4733; x_wconf 89' lang='lat' dir='ltr'><strong>prophetas</strong></span> <span class='ocrx_word' id='word_1_820' title='bbox 2054 4681 2205 4719; x_wconf 88' lang='lat' dir='ltr'><strong>veros</strong></span> <span class='ocrx_word' id='word_1_821' title='bbox 2237 4665 2402 4720; x_wconf 83' lang='lat' dir='ltr'><strong>fuisse</strong></span> <span class='ocrx_word' id='word_1_822' title='bbox 2429 4676 2575 4721; x_wconf 87' lang='lat' dir='ltr'><strong>vates</strong></span> <span class='ocrx_word' id='word_1_823' title='bbox 2603 4669 2955 4727; x_wconf 76' lang='lat' dir='ltr'><strong>ostendimus,</strong></span> <span class='ocrx_word' id='word_1_824' title='bbox 2974 4683 3095 4719; x_wconf 87' lang='lat' dir='ltr'><strong>cum</strong></span> <span class='ocrx_word' id='word_1_825' title='bbox 3128 4667 3274 4719; x_wconf 90' lang='lat' dir='ltr'><strong>illum</strong></span> 
     </span>
    </p>
   </div>
   <div class='ocr_carea' id='block_1_112' title="bbox 1752 4752 3277 4825">
    <p class='ocr_par' dir='ltr' id='par_1_112' title="bbox 1752 4752 3277 4825">
     <span class='ocr_line' id='line_1_113' title="bbox 1752 4752 3277 4825; baseline 0.002 -20"><span class='ocrx_word' id='word_1_826' title='bbox 1752 4752 2018 4805; x_wconf 85' lang='lat' dir='ltr'><strong>Christum</strong></span> <span class='ocrx_word' id='word_1_827' title='bbox 2043 4757 2363 4823; x_wconf 88' lang='lat' dir='ltr'><strong>accepimus,</strong></span> <span class='ocrx_word' id='word_1_828' title='bbox 2399 4766 2453 4811; x_wconf 88' lang='lat' dir='ltr'><strong>et</strong></span> <span class='ocrx_word' id='word_1_829' title='bbox 2479 4759 2623 4811; x_wconf 79' lang='lat' dir='ltr'><strong>illius</strong></span> <span class='ocrx_word' id='word_1_830' title='bbox 2655 4758 2862 4825; x_wconf 81' lang='lat' dir='ltr'><strong>legibus</strong></span> <span class='ocrx_word' id='word_1_831' title='bbox 2891 4758 3277 4819; x_wconf 80' lang='lat' dir='ltr'><strong>auscultamus,</strong></span> 
     </span>
    </p>
   </div>
   <div class='ocr_carea' id='block_1_113' title="bbox 1752 4843 3280 4913">
    <p class='ocr_par' dir='ltr' id='par_1_113' title="bbox 1752 4843 3280 4913">
     <span class='ocr_line' id='line_1_114' title="bbox 1752 4843 3280 4913; baseline -0.001 -18"><span class='ocrx_word' id='word_1_832' title='bbox 1752 4848 1804 4895; x_wconf 87' lang='lat' dir='ltr'><strong>et</strong></span> <span class='ocrx_word' id='word_1_833' title='bbox 1834 4857 1925 4909; x_wconf 91' lang='lat' dir='ltr'><strong>per</strong></span> <span class='ocrx_word' id='word_1_834' title='bbox 1947 4844 2163 4909; x_wconf 79' lang='lat' dir='ltr'><strong>vestigia</strong></span> <span class='ocrx_word' id='word_1_835' title='bbox 2191 4843 2446 4899; x_wconf 72' lang='lat' dir='ltr'><strong>doctrinae</strong></span> <span class='ocrx_word' id='word_1_836' title='bbox 2465 4848 2701 4913; x_wconf 85' lang='lat' dir='ltr'><strong>ejusdem</strong></span> <span class='ocrx_word' id='word_1_837' title='bbox 2733 4846 2975 4898; x_wconf 90' lang='lat' dir='ltr'><strong>incedere</strong></span> <span class='ocrx_word' id='word_1_838' title='bbox 3005 4846 3164 4897; x_wconf 82' lang='lat' dir='ltr'><strong>etiam</strong></span> <span class='ocrx_word' id='word_1_839' title='bbox 3190 4858 3280 4895; x_wconf 82' lang='lat' dir='ltr'><strong>vo-</strong></span> 
     </span>
    </p>
   </div>
   <div class='ocr_carea' id='block_1_114' title="bbox 1753 4932 3276 5003">
    <p class='ocr_par' dir='ltr' id='par_1_114' title="bbox 1753 4932 3276 5003">
     <span class='ocr_line' id='line_1_115' title="bbox 1753 4932 3276 5003; baseline 0.002 -20"><span class='ocrx_word' id='word_1_840' title='bbox 1753 4932 1821 4984; x_wconf 88' lang='lat' dir='ltr'><strong>tis</strong></span> <span class='ocrx_word' id='word_1_841' title='bbox 1837 4933 2149 5000; x_wconf 78' lang='lat' dir='ltr'><strong>expetimus,</strong></span> <span class='ocrx_word' id='word_1_842' title='bbox 2173 4948 2327 5000; x_wconf 89' lang='lat' dir='ltr'><strong>quem</strong></span> <span class='ocrx_word' id='word_1_843' title='bbox 2360 4937 2432 4989; x_wconf 92' lang='lat' dir='ltr'><strong>illi</strong></span> <span class='ocrx_word' id='word_1_844' title='bbox 2461 4943 2740 4989; x_wconf 85' lang='lat' dir='ltr'><strong>venturum</strong></span> <span class='ocrx_word' id='word_1_845' title='bbox 2765 4935 3146 5003; x_wconf 64' lang='lat' dir='ltr'><strong>praedixerunt.</strong></span> <span class='ocrx_word' id='word_1_846' title='bbox 3171 4932 3276 4986; x_wconf 76' lang='lat' dir='ltr'><strong>Eo.</strong></span> 
     </span>
    </p>
   </div>
   <div class='ocr_carea' id='block_1_115' title="bbox 1752 5016 3275 5091">
    <p class='ocr_par' dir='ltr' id='par_1_115' title="bbox 1752 5016 3275 5091">
     <span class='ocr_line' id='line_1_116' title="bbox 1752 5016 3275 5091; baseline 0.004 -22"><span class='ocrx_word' id='word_1_847' title='bbox 1752 5016 1870 5070; x_wconf 90' lang='lat' dir='ltr'><strong>dem</strong></span> <span class='ocrx_word' id='word_1_848' title='bbox 1901 5020 2078 5086; x_wconf 90' lang='lat' dir='ltr'><strong>utique</strong></span> <span class='ocrx_word' id='word_1_849' title='bbox 2118 5021 2387 5087; x_wconf 87' lang='lat' dir='ltr'><strong>proposito</strong></span> <span class='ocrx_word' id='word_1_850' title='bbox 2428 5023 2529 5091; x_wconf 85' lang='lat' dir='ltr'><strong>ipsi</strong></span> <span class='ocrx_word' id='word_1_851' title='bbox 2569 5036 2780 5090; x_wconf 87' lang='lat' dir='ltr'><strong>quoque</strong></span> <span class='ocrx_word' id='word_1_852' title='bbox 2822 5020 2952 5073; x_wconf 83' lang='lat' dir='ltr'><strong>Mosi</strong></span> <span class='ocrx_word' id='word_1_853' title='bbox 3007 5035 3275 5089; x_wconf 18' lang='lat' dir='ltr'><strong>remegra-</strong></span> 
     </span>
    </p>
   </div>
   <div class='ocr_carea' id='block_1_116' title="bbox 1752 5106 3271 5178">
    <p class='ocr_par' dir='ltr' id='par_1_116' title="bbox 1752 5106 3271 5178">
     <span class='ocr_line' id='line_1_117' title="bbox 1752 5106 3271 5178; baseline 0.002 -18"><span class='ocrx_word' id='word_1_854' title='bbox 1752 5115 1857 5160; x_wconf 90' lang='lat' dir='ltr'><strong>tam</strong></span> <span class='ocrx_word' id='word_1_855' title='bbox 1933 5106 2185 5163; x_wconf 80' lang='lat' dir='ltr'><strong>facientes</strong></span> <span class='ocrx_word' id='word_1_856' title='bbox 2217 5128 2229 5162; x_wconf 89' lang='lat'><strong>:</strong></span> <span class='ocrx_word' id='word_1_857' title='bbox 2263 5112 2354 5177; x_wconf 92' lang='lat' dir='ltr'><strong>qui</strong></span> <span class='ocrx_word' id='word_1_858' title='bbox 2403 5126 2524 5164; x_wconf 90' lang='lat' dir='ltr'><strong>cum</strong></span> <span class='ocrx_word' id='word_1_859' title='bbox 2581 5110 2902 5178; x_wconf 79' lang='lat' dir='ltr'><strong>praedixerit,</strong></span> <span class='ocrx_word' id='word_1_860' title='bbox 2962 5110 3271 5178; x_wconf 78' lang='lat' dir='ltr'><strong>prophetam</strong></span> 
     </span>
    </p>
   </div>
   <div class='ocr_carea' id='block_1_117' title="bbox 1746 5198 3281 5263">
    <p class='ocr_par' dir='ltr' id='par_1_117' title="bbox 1746 5198 3281 5263">
     <span class='ocr_line' id='line_1_118' title="bbox 1746 5198 3281 5263; baseline 0.003 -14"><span class='ocrx_word' id='word_1_861' title='bbox 1746 5212 1776 5249; x_wconf 93' lang='lat' dir='ltr'><strong>a</strong></span> <span class='ocrx_word' id='word_1_862' title='bbox 1809 5198 2029 5251; x_wconf 91' lang='lat' dir='ltr'><strong>Domino</strong></span> <span class='ocrx_word' id='word_1_863' title='bbox 2058 5198 2162 5251; x_wconf 85' lang='lat' dir='ltr'><strong>Deo</strong></span> <span class='ocrx_word' id='word_1_864' title='bbox 2177 5205 2361 5250; x_wconf 89' lang='lat' dir='ltr'><strong>nostro</strong></span> <span class='ocrx_word' id='word_1_865' title='bbox 2385 5201 2484 5253; x_wconf 89' lang='lat' dir='ltr'><strong>sibi</strong></span> <span class='ocrx_word' id='word_1_866' title='bbox 2522 5200 2745 5251; x_wconf 88' lang='lat' dir='ltr'><strong>similem</strong></span> <span class='ocrx_word' id='word_1_867' title='bbox 2773 5200 3161 5263; x_wconf 88' lang='lat' dir='ltr'><strong>suscitaudum,</strong></span> <span class='ocrx_word' id='word_1_868' title='bbox 3186 5203 3281 5253; x_wconf 80' lang='lat' dir='ltr'><strong>ad-</strong></span> 
     </span>
    </p>
   </div>
   <div class='ocr_carea' id='block_1_118' title="bbox 1743 5285 3299 5358">
    <p class='ocr_par' dir='ltr' id='par_1_118' title="bbox 1743 5285 3299 5358">
     <span class='ocr_line' id='line_1_119' title="bbox 1743 5285 3299 5358; baseline 0.002 -20"><span class='ocrx_word' id='word_1_869' title='bbox 1743 5287 1919 5356; x_wconf 88' lang='lat' dir='ltr'><strong>juugit</strong></span> <span class='ocrx_word' id='word_1_870' title='bbox 1948 5306 1963 5340; x_wconf 83' lang='lat'><strong>:</strong></span> <span class='ocrx_word' id='word_1_871' title='bbox 1996 5305 2014 5336; x_wconf 80' lang='grc' dir='ltr'><strong>ι</strong></span> <span class='ocrx_word' id='word_1_872' title='bbox 2043 5285 2227 5341; x_wconf 88' lang='lat' dir='ltr'><strong>Omnis</strong></span> <span class='ocrx_word' id='word_1_873' title='bbox 2262 5303 2388 5339; x_wconf 89' lang='lat' dir='ltr'><strong>vero</strong></span> <span class='ocrx_word' id='word_1_874' title='bbox 2422 5288 2596 5340; x_wconf 88' lang='lat' dir='ltr'><strong>anima</strong></span> <span class='ocrx_word' id='word_1_875' title='bbox 2636 5303 2752 5355; x_wconf 72' lang='lat' dir='ltr'><strong>quae</strong></span> <span class='ocrx_word' id='word_1_876' title='bbox 2790 5304 2897 5341; x_wconf 89' lang='lat' dir='ltr'><strong>non</strong></span> <span class='ocrx_word' id='word_1_877' title='bbox 2938 5292 3116 5343; x_wconf 87' lang='lat' dir='ltr'><strong>audiet</strong></span> <span class='ocrx_word' id='word_1_878' title='bbox 3142 5304 3299 5358; x_wconf 66' lang='grc' dir='ltr'>ραι-ς</span> 
     </span>
    </p>
   </div>
   <div class='ocr_carea' id='block_1_119' title="bbox 1748 5375 3268 5444">
    <p class='ocr_par' dir='ltr' id='par_1_119' title="bbox 1748 5375 3268 5444">
     <span class='ocr_line' id='line_1_120' title="bbox 1748 5375 3268 5444; baseline 0.001 -18"><span class='ocrx_word' id='word_1_879' title='bbox 1748 5377 1954 5443; x_wconf 89' lang='lat' dir='ltr'><strong>phetam</strong></span> <span class='ocrx_word' id='word_1_880' title='bbox 1987 5377 2154 5436; x_wconf 88' lang='lat' dir='ltr'><strong>illum,</strong></span> <span class='ocrx_word' id='word_1_881' title='bbox 2186 5375 2444 5428; x_wconf 84' lang='lat' dir='ltr'><strong>delebitur</strong></span> <span class='ocrx_word' id='word_1_882' title='bbox 2473 5390 2534 5428; x_wconf 77' lang='lat' dir='ltr'><strong>ex</strong></span> <span class='ocrx_word' id='word_1_883' title='bbox 2577 5392 2768 5444; x_wconf 87' lang='lat' dir='ltr'><strong>genere</strong></span> <span class='ocrx_word' id='word_1_884' title='bbox 2809 5380 2989 5430; x_wconf 81' lang='lat' dir='ltr'><strong>suo“.</strong></span> <span class='ocrx_word' id='word_1_885' title='bbox 3030 5398 3047 5426; x_wconf 81' lang='grc' dir='ltr'><strong>ι</strong></span> <span class='ocrx_word' id='word_1_886' title='bbox 3083 5377 3268 5429; x_wconf 87' lang='lat' dir='ltr'><strong>Conti-</strong></span> 
     </span>
    </p>
   </div>
   <div class='ocr_carea' id='block_1_120' title="bbox 1748 5462 3269 5532">
    <p class='ocr_par' dir='ltr' id='par_1_120' title="bbox 1748 5462 3269 5532">
     <span class='ocr_line' id='line_1_121' title="bbox 1748 5462 3269 5532; baseline -0.001 -18"><span class='ocrx_word' id='word_1_887' title='bbox 1748 5478 1855 5515; x_wconf 92' lang='lat' dir='ltr'><strong>nuo</strong></span> <span class='ocrx_word' id='word_1_888' title='bbox 1881 5464 2019 5516; x_wconf 93' lang='lat' dir='ltr'><strong>enim</strong></span> <span class='ocrx_word' id='word_1_889' title='bbox 2059 5462 2245 5524; x_wconf 76' lang='lat' dir='ltr'><strong>Judaei,</strong></span> <span class='ocrx_word' id='word_1_890' title='bbox 2279 5472 2559 5530; x_wconf 82' lang='lat' dir='ltr'><strong>postquam</strong></span> <span class='ocrx_word' id='word_1_891' title='bbox 2609 5465 2755 5515; x_wconf 91' lang='lat' dir='ltr'><strong>illum</strong></span> <span class='ocrx_word' id='word_1_892' title='bbox 2809 5465 3116 5532; x_wconf 86' lang='lat' dir='ltr'><strong>prophetam</strong></span> <span class='ocrx_word' id='word_1_893' title='bbox 3162 5476 3269 5513; x_wconf 86' lang='lat' dir='ltr'><strong>nou</strong></span> 
     </span>
    </p>
   </div>
   <div class='ocr_carea' id='block_1_121' title="bbox 2354 5573 3264 5640">
    <p class='ocr_par' dir='ltr' id='par_1_121' title="bbox 2354 5573 3264 5640">
     <span class='ocr_line' id='line_1_122' title="bbox 2354 5573 3264 5640; baseline -0.005 -9"><span class='ocrx_word' id='word_1_894' title='bbox 2354 5580 2394 5608; x_wconf 86' lang='grc'><strong>¹⁰</strong></span> <span class='ocrx_word' id='word_1_895' title='bbox 2417 5577 2556 5633; x_wconf 74' lang='lat' dir='ltr'><strong>Psal.</strong></span> <span class='ocrx_word' id='word_1_896' title='bbox 2592 5595 2753 5640; x_wconf 72' lang='lat' dir='ltr'><strong>cxvn,</strong></span> <span class='ocrx_word' id='word_1_897' title='bbox 2780 5578 2963 5639; x_wconf 58' lang='lat'><strong>212,95.</strong></span> <span class='ocrx_word' id='word_1_898' title='bbox 3042 5577 3080 5606; x_wconf 85' lang='grc'>¹¹</span> <span class='ocrx_word' id='word_1_899' title='bbox 3114 5573 3264 5626; x_wconf 88' lang='lat' dir='ltr'><strong>Deut.</strong></span> 
     </span>
    </p>
   </div>
   <div class='ocr_carea' id='block_1_122' title="bbox 3033 5734 3070 5790">
    <p class='ocr_par' dir='ltr' id='par_1_122' title="bbox 3033 5734 3070 5790">
     <span class='ocr_line' id='line_1_123' title="bbox 3033 5734 3070 5790; baseline 0 0"><span class='ocrx_word' id='word_1_900' title='bbox 3033 5734 3070 5790; x_wconf 86' lang='lat'><strong>3</strong></span> 
     </span>
    </p>
   </div>
  </div>
