3870 6398
653 388 720 443 75
1291 381 1550 437 EUSEBII
1589 381 2229 439 CESARIENSIS'OPP.
2257 382 2444 436 PARS
2466 382 2543 436 ‘ll.
2582 413 2652 423 -—
2686 382 3174 442 APOLOGE'I'ICA.

654 506 986 571 acceperunt,
1016 510 1115 550 nec
1151 497 1353 552 sanctis
1384 499 1526 551 illius
1554 498 1731 551 verbis
1757 510 2065 567 paruerunt,
2085 515 2166 554 ex«

2277 497 2467 568 χρεὼν,
2502 497 2677 567 μικρῷ
2716 498 2939 568 πρόσθεν
2969 500 3319 570 ἀκηκόαμεν,
3363 494 3428 548 τὰ
3459 497 3705 565 πάνσοφα

649 603 872 645 tremum
893 586 1226 654 pertulerunt
1248 587 1519 641 interitum
1549 606 1561 639 :
1587 586 1675 655 qui
1709 588 1920 655 quidem
1959 588 2169 641 illorum

630 694 805 733 'casus
833 678 898 730 iis
924 677 1177 738 oraculis,
1202 694 1319 746 qua:
1337 678 1402 732 de
1424 678 1527 731 illis
1557 679 1695 731 edita
1722 686 1866 738 sunt,
1891 687 2173 734 consenta-

625 782 778 819 neus
827 765 1039 818 accidit.
1101 764 1231 819 Nam
1282 783 1380 821 nec
1430 766 1627 820 Christi
1679 768 1846 835 legem
1886 783 2002 836 quae
2026 768 2172 823 Novo

647 855 986 907 Testamento
1028 857 1352 919 continetur,
1391 866 1763 925 susceperunt,
1788 874 1960 927 neque
2004 860 2170 915 Mosis

643 954 902 1014 praecepta
916 946 1030 1000 sine
1051 948 1181 1017 legis
1196 955 1501 1016 contemptu
1521 964 1670 1002 serva
1679 965 1732 1003 re
1758 962 2001 1015 possunt.
2020 951 2169 1017 Quo-

643 1033 786 1087 circa
815 1033 868 1086 in
919 1034 1086 1101 ipsius
1123 1031 1282 1086 Mosis
1327 1034 1740 1087 exsecrationem
1770 1035 1962 1103 relapsi
2001 1043 2168 1089 sunt:

643 1122 857 1189 quando
890 1123 1000 1176 ﬁeri
1040 1123 1182 1175 nullo
1232 1122 1389 1175 modo
1428 1130 1601 1189 potest
1623 1132 1680 1175 ut
1707 1139 1824 1192 qua:
1882 1125 1934 1178 in
1967 1124 2172 1193 legibus

642 1214 786 1266 illius
817 1220 946 1266 sunt
1003 1213 1193 1281 posita,
1234 1211 1529 1281 perﬁciant,
1568 1214 1763 1281 quippe
1788 1228 1907 1266 cum
1936 1224 1990 1267 et
2030 1214 2174 1283 ipso-

642 1319 762 1357 rum
791 1304 1099 1372 metropolis
1129 1304 1339 1357 sublata
1371 1305 1467 1363 sit,
1498 1309 1550 1357 et
1588 1302 1818 1357 Mosaica
1864 1305 2049 1373 religio
2077 1320 2170 1358 ex«

642 1397 811 1455 clusa,
842 1410 958 1464 qua:
1007 1392 1114 1445 illic
1155 1393 1325 1446 solum
1362 1388 1569 1460 perﬁci‘
1592 1392 1999 1447 concedebatur.
2059 1393 2167 1446 Nos

643 1494 817 1534 autem
855 1482 944 1549 qui
997 1481 1143 1532 illum
1176 1481 1531 1548 suscepimus,
1565 1495 1718 1548 quem
1746 1477 1927 1534 Moses
1963 1487 2015 1534 et
2047 1480 2169 1533 reli-

643 1572 732 1639 qui
772 1572 1038 1639 prophctm
1087 1569 1486 1629 nuntiaverunt,
1522 1570 1648 1622 etei
1680 1584 1865 1636 parere
1886 1570 2043 1622 etiam
2077 1584 2166 1621 vo-

2274 588 2455 658 ὲντελῆ
2488 588 2579 640 καὶ
2606 587 2823 657 οὐράνια
2853 590 3307 659 παραγγέλματα’
3326 585 3361 638 ἃ
3383 584 3446 653 δὴ
3470 584 3588 637 οῦκ
3610 588 3659 637 ὲν
3684 604 3708 636 τι

2274 679 2494 739 λιθίναις
2514 679 2729 731 Μωῦσεί
2744 678 3146 748 παραπλησίως,
3170 677 3299 731 οὐδέ
3311 692 3374 743 γε
3394 673 3599 743 μέλανι
3616 676 3699 727 καὶ

2272 784 2391 831 ταις
2418 769 2612 837 ἠξίωσε
2654 767 3000 838 παραθέσθαι,
3037 770 3242 839 ψυχαῖς
3281 767 3340 820 δὲ
3375 765 3708 835 κεκαθαρμὲν

2273 858 2365 910 καὶ
2392 858 2574 927 νοεράν
2605 854 2784 909 οὐσίαν
2808 857 3165 925 κεκτημέναις
3196 856 3307 908 τῶν
3337 850 3528 907 αὑτοῦ
3552 873 3708 923 φοιτη-

2274 949 2330 999 ὲν
2354 942 2439 1009 αἷς
2472 947 2745 1016 ἐγγράψας
2774 947 2897 1007 τοὺς
2945 946 3043 1013 τῆς
3072 946 3282 1014 Καινῆς
3311 941 3605 1014 Διαθήδιης
3630 946 3708 1011 νδ)

2276 1035 2451 1105 ἔργοις
2483 1036 2792 1106 άπεπλήρου
2818 1036 2914 1105 τὴν
2941 1037 3183 1104 φήσασαν
3206 1036 3294 1086 διὰ
3336 1034 3607 1103 Ἱερεμίου
3634 1051 3707 1101 πρι

2274 1124 2450 1176 τείαν·
2486 1143 2505 1175 ι
2541 1125 2866 1195 Διαθήσομαι
2895 1126 3163 1195 Διαθήκην
3206 1125 3439 1195 Καινὴν,
3471 1124 3529 1175 οὐ
3564 1122 3700 1173 κατὰ

2276 1212 2545 1283 Διαθήκην
2594 1215 2656 1284 ἢν
2708 1214 2958 1284 διεθέμην
3011 1217 3121 1276 τοῖς
3160 1214 3437 1283 πατράσιν
3499 1210 3708 1263 αὐτῶν·

2273 1303 2405 1373 αὕτη
2438 1306 2470 1372 ἡ
2506 1304 2743 1382 ᾼιαθήκη
2770 1307 2834 1372 ῆν
2860 1306 3178 1376 διαθήσομαι
3204 1302 3283 1372 τῷ
3325 1302 3465 1371 οἴκῳ
3499 1300 3708 1372 Ἰσραὴλ

2269 1393 2387 1454 δοὺς
2407 1391 2598 1462 νόμους
2612 1411 2707 1462 μου
2724 1395 2799 1456 είς
2812 1395 3041 1448 διάνοιαν
3055 1393 3252 1453 αὐτῶν,
3278 1392 3378 1445 καὶ
3398 1392 3493 1443 ἐπὶ
3510 1390 3612 1459 τὴν
3624 1408 3708 1459 καγ

2270 1482 2444 1535 αὐτῶν
2480 1483 2668 1554 γράψω
2713 1485 2923 1548 αὐτοὺς,
2974 1486 3067 1538 καὶ
3095 1485 3288 1554 ἔσομαι
3327 1483 3520 1537 αὐτῶν
3567 1482 3707 1544 Θεὸς

2270 1572 2423 1625 αὐτοὶ
2450 1573 2655 1626 ἔσονταί
2683 1592 2779 1645 μου
2814 1574 2954 1639 λαός.
2990 1594 3008 1626 ι

643 1665 713 1716 tis
757 1663 1093 1730 expetimus:
1133 1660 1363 1715 edictum
1412 1659 1572 1712 Mosis
1620 1660 1971 1729 complcvisse
1997 1661 2319 1729 invenimur,
2356 1679 2461 1732 quo
2499 1665 2694 1727 edixit,
2734 1666 2881 1718 illum
2913 1664 3238 1719 audiendum
3304 1678 3464 1724 esse,
3516 1675 3708 1715 omnei

643 1756 870 1806 animam
891 1769 1006 1822 quae
1068 1753 1212 1805 illum
1257 1767 1361 1804 non
1398 1752 1626 1814 audiret,
1660 1750 1935 1806 delendam
1985 1769 2104 1809 esse
2137 1756 2202 1809 de
2240 1773 2432 1826 genere
2469 1773 2585 1813 suo.
2620 1758 2752 1823 Quae
2799 1767 2977 1812 autem
3006 1759 3138 1821 sint,
3165 1771 3288 1825 qua}
3322 1755 3617 1824 prOpheta
3663 1755 3701 1805 il

643 1843 893 1905 stituerit,
928 1841 1123 1911 quibus
1178 1841 1393 1894 obedire
1441 1855 1660 1894 necesse
1713 1842 1801 1903 sit,
1835 1841 1991 1910 paulo
2049 1854 2169 1899 ante
2206 1848 2526 1913 audivimus,
2592 1849 2736 1902 omni
2768 1848 3013 1901 videlicet
3070 1846 3343 1914 sapientia
3378 1842 3627 1905 referta,
3666 1851 3708 1895 el

642 1937 799 1997 feeta,
833 1946 886 1989 et
911 1937 1148 1989 cmlestia
1196 1934 1531 1986 documenta.
1579 1932 1708 1998 Quae
1736 1935 1947 2002 quidem
1988 1953 2159 2007 neque
2198 1940 2393 1996 tabulis
2441 1941 2682 2010 lapideis,
2708 1947 2766 1993 ut
2785 1939 2978 2001 Moses,
3029 1954 3204 2006 neque
3223 1942 3563 1990 atramento
3582 1942 3644 1988 et
3670 1949 3703 1987 c

644 2027 1001 2082 commendari
1034 2028 1218 2089 voluit,
1241 2028 1353 2096 29
1373 2027 1463 2080 scd
1487 2028 1724 2096 purgatis
1752 2027 1947 2085 animis
1977 2046 2216 2095 suorum,
2235 2042 2287 2087 et
2310 2035 2683 2105 intelligentem
2716 2045 2961 2088 naturam
2994 2030 3373 2091 obtinentibus
3405 2046 3423 2082 :
3460 2030 3523 2081 in
3557 2027 3708 2096 quib

641 2138 733 2190 ges
783 2121 917 2175 Novi
949 2117 1282 2175 Testamenti
1313 2120 1642 2184 describens,
1704 2121 1883 2191 reipsa
1926 2126 2212 2193 complevit
2247 2126 2488 2181 Ieremia:
2532 2127 2862 2197 prophetiam
2935 2140 3056 2194 qua:
3097 2125 3216 2177 ait:
3255 2140 3275 2173 ι
3318 2122 3651 2176 lnstituam
3686 2120 3708 2171 'l

644 2223 881 2269 mentum
911 2212 1139 2276 Novum,
1174 2227 1277 2264 non
1306 2211 1475 2264 instar
1502 2210 1826 2265 Testamenti
1889 2213 2027 2281 quod
2068 2215 2221 2283 posui
2259 2217 2497 2284 patribus
2526 2232 2708 2271 eorum
2743 2235 2756 2270 :
2786 2218 3036 2284 quoniam
3066 2214 3170 2267 hoc
3202 2212 3701 2275 Testamentum,

640 2323 832 2379 ponam
863 2307 1040 2361 domui
1066 2305 1243 2368 Israel,
1266 2305 1399 2359 dans
1426 2305 1568 2374 leges
1595 2320 1742 2360 meas
1776 2306 1826 2359 in
1853 2308 2157 2362 interiorem
2195 2324 2410 2365 sensum
2440 2325 2646 2374 eorum,
2674 2320 2725 2364 et
2766 2310 2821 2363 in
2884 2307 3045 2363 corde
3106 2321 3301 2361 eorum
3348 2306 3635 2361 scribam
3676 2321 3708 2360 e

639 2416 733 2455 cro
764 2400 975 2453 illorum
1003 2397 1163 2459 Deus,
1187 2405 1239 2451 et
1265 2398 1364 2467 ipsi
1398 2406 1556 2452 erunt
1602 2399 1732 2451 mihi
1782 2401 2009 2469 populus
2032 2402 2096 2456 ".
2143 2420 2162 2452 ι

1214 2511 1435 2566 CAPUT
1469 2511 1599 2564 Vill.

2779 2507 3168 2561 ΚΕΦΑΑΑΙΟΝ
3209 2506 3294 2557 Ην.

645 2606 794 2670 Quod
821 2623 932 2674 qum
962 2604 1411 2674 Christianismum
1452 2604 1685 2674 antplexa
1715 2610 1789 2657 est
1818 2604 1939 2667 vita,
1964 2605 2018 2656 in
2038 2606 2166 2658 duas

2280 2602 2370 2665 ,Ως
2407 2603 2491 2664 εἰς
2528 2598 2632 2651 δύο
2676 2598 2925 2674 τρόπρυς
2956 2597 2988 2647 ό
3020 2592 3168 2674 καεά
3207 2593 3321 2645 τὸν
3364 2596 3708 2662 Χριστιαν

1145 2674 1332 2738 species
1359 2672 1523 2723 divisa
1547 2682 1642 2725 est.

712 2764 970 2818 Caeterum
1007 2763 1093 2815 ille
1118 2762 1332 2830 quidem
1368 2763 1421 2815 in
1469 2762 1665 2815 tabulis
1700 2762 2028 2826 inanimatis,
2080 2763 2168 2817 hic

643 2863 820 2907 autem
863 2853 916 2905 in
970 2851 1237 2905 mentibus
1281 2852 1388 2904 vita
1437 2850 1708 2919 praeditis,
1743 2850 1975 2920 perfecta
2031 2852 2166 2906 Novi

644 2940 970 2996 Testamenti
999 2939 1315 2993 documenta
1349 2938 1633 3008 descripsit
1684 2958 1697 2993 :
1749 2939 1866 3007 ejus
1908 2956 2035 2993 vero
2082 2941 2164 2996 di-

647 3031 835 3101 scipuli
884 3029 953 3082 ad
983 3027 1217 3096 Magistri
1246 3029 1347 3081 "sui
1409 3035 1635 3090 nutum,
1699 3028 1916 3082 auribus
1972 3030 2166 3084 multo-

640 3136 761 3174 rum
806 3118 1103 3173 doctrinam
1140 3131 1288 3169 suam
1350 3117 1849 3180 accommodantes,
1896 3134 2166 3192 quaecum-

642 3227 745 3280 que
770 3209 982 3279 quidem
1036 3207 1195 3260 vclnti
1246 3207 1383 3259 ultra
1453 3206 1689 3259 habitum
1741 3209 2076 3277 progressis,
2132 3224 2165 3263 a

640 3300 879 3374 perfecto
907 3301 1140 3369 ipsorum
1179 3295 1430 3365 Magistro
1460 3303 1720 3365 prmcepta
1748 3295 1974 3360 fuerant,
2003 3313 2064 3352 ea
2099 3299 2164 3352 iis

638 3392 731 3462 qui
761 3405 948 3460 capere
974 3388 1235 3458 poterant,
1268 3384 1598 3438 tradiderunt
1627 3402 1640 3439 :
1669 3400 2013 3455 quaecumque
2040 3400 2165 3439 vero

637 3483 707 3537 iis
718 3481 1000 3535 convenire
1014 3476 1428 3537 arbitrabantur,
1445 3474 1536 3543 qui
1554 3476 1759 3527 animas
1776 3474 1948 3527 adhuc
1967 3474 2166 3528 aﬂ‘ecti-

638 3571 738 3624 bus
783 3566 1043 3622 obnoxias
1089 3572 1354 3635 gererent,
1395 3561 1794 3630 curationisquc
1827 3561 2162 3630 indigentes:

637 3673 701 3713 ea
723 3657 823 3726 ipsi
860 3656 925 3709 ad
956 3653 1371 3708 imbecillitatem
1401 3651 1687 3703 multorum
1716 3665 1776 3703 se
1808 3649 2163 3712 demittentes,

638 3720 830 3817 partiin
848 3745 1060 3803 litteris,
1075 3743 1398 3812 partimsine
1418 3742 1626 3802 litteris,
1644 3740 1792 3809 quasi
1805 3741 1925 3808 jure
1938 3741 2166 3809 quodam

640 3853 748 3891 non
778 3836 978 3901 scripto
1008 3831 1286 3895 servanda,
1312 3829 1771 3884 commendarunt.
1799 3830 2062 3892 Quocirca
2112 3830 2165 3881 in

640 3924 880 3977 Ecclesia
908 3921 998 3974 Dei
1025 3921 1131 3974 duo
1161 3920 1320 3974 etiam
1344 3918 1554 3973 vivendi
1586 3917 1725 3970 modi
1751 3918 1976 3970 instituti
2001 3926 2124 3971 sunt
2147 3907 2232 3971 :‘C

640 4014 774 4065 alter
800 4009 1012 4079 quidem
1045 4018 1287 4061 naturam
1319 4013 1578 4068 nostram,
1618 4012 1671 4058 et
1698 4020 2032 4059 communem
2067 4005 2163 4059 ho-

636 4104 838 4155 minum
861 4099 982 4154 vita:
1012 4098 1272 4152 rationem
1296 4096 1578 4161 excedens,
1615 4111 1723 4149 non
1782 4096 2017 4164 nuptias,
2053 4112 2162 4151 non

638 4193 896 4252 sobolem,
938 4203 1047 4243 non
1114 4188 1495 4252 substantiam,
1526 4203 1632 4241 non
1665 4202 1824 4257 opum
1859 4186 2162 4241 facultatem

636 4283 937 4352 requirens,
978 4287 1122 4333 totus
1157 4286 1332 4332 autem
1356 4293 1576 4347 prorsus
1607 4292 1638 4330 a
1676 4277 1942 4333 communi
1962 4286 2014 4330 et
2034 4292 2164 4331 con-

638 4382 790 4429 sueta
819 4380 1131 4425 cunctorum
1167 4369 1440 4423 hominum
1493 4370 1602 4421 vita
1630 4368 1943 4431 abhorrens,
1979 4373 2031 4421 et
2059 4365 2160 4419 soli

637 4464 820 4516 divino
848 4459 1035 4521 cultui,
1064 4475 1128 4513 ex
1155 4462 1415 4513 immenso
1449 4473 1622 4511 rerum
1655 4456 1946 4510 cmlcstium
1986 4469 2164 4509 amore

639 4553 885 4607 addictus
921 4570 935 4606 :
970 4553 1061 4620 qui
1089 4550 1231 4603 hunc
1260 4548 1473 4601 modum
1498 4546 1726 4615 amplexi
1752 4555 1895 4605 sunt,
1928 4545 2077 4614 quasi
2096 4546 2163 4599 ab

638 4652 737 4699 hac
765 4644 976 4699 mortali
999 4643 1109 4695 vita
1147 4639 1394 4708 sejuncti,
1426 4638 1705 4706 ipsumque
1749 4637 2005 4690 duntaxat
2053 4652 2166 4691 cor-

638 4754 739 4808 pus
767 4737 819 4790 in
846 4742 988 4799 terra
1018 4739 1285 4802 gerentes,
1321 4728 1640 4798 cogitatione
1666 4743 1790 4782 vero
1806 4734 1963 4796 atque
1984 4729 2162 4780 animo

636 4833 690 4884 in
712 4832 827 4900 ipso
851 4829 986 4883 caelo
1013 4827 1298 4896 degentes,
1349 4823 1500 4894 quasi
1538 4823 1752 4892 quidam
1782 4823 2007 4883 ctelites,
2038 4821 2163 4876 reli-

637 4936 860 4987 quorum
909 4917 1183 4972 hominum
1224 4917 1388 4969 vitam
1450 4913 1788 4982 despiciunt:
1828 4913 2023 4981 quippe
2070 4912 2161 4981 qui

637 5020 734 5072 pro
762 5007 1011 5060 universo
1038 5018 1250 5073 genere,
1277 5014 1523 5070 supremo
1547 5000 1783 5053 omnium
1808 4998 1915 5053 Deo
1967 4999 2161 5052 sacrati

638 5092 768 5154 sint,
801 5094 958 5162 idque
984 5110 1088 5147 non
1125 5094 1284 5148 boum
1330 5091 1741 5145 mactationibus
1767 5128 1780 5151 ,
1828 5103 1934 5142 non
1963 5087 2163 5142 cruori-

638 5179 759 5239 bus,
791 5196 894 5232 non
942 5182 1307 5243 libationibus,
1341 5190 1434 5236 aut
1483 5180 1667 5235 nidore
1699 5178 1828 5240 ullo,
1870 5192 2043 5246 neque
2078 5175 2160 5229 fu-

636 5282 747 5327 mo,
776 5277 872 5319 aut
903 5269 1040 5335 ignis
1067 5271 1429 5332 devoratione,
1472 5269 1942 5337 consumptioneve
1970 5280 2159 5334 corpo-

640 5370 781 5418 rum,
803 5355 896 5410 sed
930 5359 1091 5410 rectis
1123 5376 1260 5415 vera:
1304 5363 1510 5426 pictatis
1532 5358 1832 5419 sententiis,
1865 5362 1919 5409 et
1950 5353 2159 5424 purgati

637 5443 801 5497 animi
828 5442 1125 5503 affectione.
1149 5448 1214 5500 ad
1242 5449 1354 5502 haec
1394 5452 1644 5519 operibus
1694 5461 1907 5518 quoque
1941 5459 2004 5499 ac
2040 5460 2160 5500 vere

635 5532 742 5593 bis,
777 5548 894 5600 quae
924 5550 951 5582 ιι
977 5533 1172 5589 virtute
1198 5539 1627 5607 proﬁciscantur,
1661 5538 1857 5613 quibus
1888 5535 2048 5591 rebus
2078 5534 2158 5589 di-

707 5683 753 5713 "
776 5681 967 5740 Jerem.
1007 5701 1149 5753 uxr,
1185 5689 1366 5744 3l-55.

2807 2664 3074 2730 διῄρηται
3093 2663 3259 2726 βίος.

2346 2757 2478 2810 ,Αλλτ
2515 2760 2542 2811 ὁ
2589 2756 2682 2825 μὲν
2711 2756 2767 2806 ὲν
2805 2752 2995 2816 πλαξὶν
3033 2751 3284 2821 ἀψύχοις,
3329 2752 3362 2804 ὁ
3399 2753 3453 2806 δ’
3496 2757 3572 2810 ἐν
3626 2759 3708 2814 διε

2266 2845 2461 2914 ζὼσαις
2489 2847 2555 2901 τά
2598 2845 2773 2899 τέλεια
2810 2846 2907 2910 τῆς
2939 2842 3148 2910 Καινῆς
3190 2842 3500 2914 Διαθήκης
3559 2865 3705 2921 παρ

2278 2948 2416 3006 ματα
2451 2932 2773 3004 ἐνέγραψενο
2825 2934 2873 2984 oi
2922 2929 2980 2986 δέ
3011 2950 3074 3001 γε
3117 2935 3288 2989 αὐτοῦ
3346 2938 3648 3008 μαθηταὶ
3695 2959 3708 2975 ο

2274 3022 2582 3078 διδασκάλου
2626 3020 2847 3091 νεύματι
2890 3022 3221 3093 κατάλληλον
3285 3030 3426 3089 ταῖς
3485 3028 3632 3081 τῶν
3697 3048 3708 3063 ·

2259 3114 2462 3174 ἀκοαῖς
2507 3110 2807 3180 ποιούμενοι
2852 3110 2949 3180 τὴν
3002 3112 3397 3179 διδασκαλίαν,
3455 3118 3587 3171 ὅσα
3662 3139 3708 3189 μ

2278 3203 2376 3273 τὴν
2417 3201 2526 3267 ’ἐξιν
2558 3200 2896 3270 διαϐεϐηκόσι
2939 3200 3077 3271 πρὸς
3114 3202 3207 3254 τοῦ
3260 3203 3497 3259 τελείου
3561 3209 3708 3263 διδα

2267 3294 2621 3366 παρήγγελτο,
2652 3291 2819 3345 ταῦτα
2849 3290 2960 3352 τοῖς
2985 3290 3118 3352 οἵοις
3145 3306 3205 3341 τε
3230 3294 3452 3362 χωρεῖν
3482 3298 3708 3367 παρεδ

2264 3385 2363 3436 ὅσα
2395 3383 2450 3434 δὲ
2490 3384 2599 3443 τοῖς
2640 3379 2718 3431 ἔτι
2752 3378 2849 3441 τάς
2883 3377 3058 3447 ψυχὰς
3087 3378 3402 3448 ὲμπαθὲσι,
3432 3384 3554 3437 καὶ
3599 3384 3708 3457 θεε

2264 3473 2527 3543 δεομένοις
2569 3468 2890 3539 ἐφαρμόζειν
2936 3468 3348 3538 ὑπελάμϐανον,
3384 3474 3615 3528 ταῦτα,
3687 3496 3708 3530 ε

2270 3560 2435 3624 ιόντες
2465 3562 2527 3631 τῇ
2562 3558 2665 3611 τῶν
2704 3558 2956 3612 πλειόνων
2993 3557 3272 3630 ἀσθενείᾳ,
3309 3562 3391 3615 τὰ
3430 3564 3560 3633 μὲν
3598 3568 3708 3620 διὸ

2271 3653 2471 3723 μάτων,
2510 3651 2576 3703 τά
2605 3649 2660 3701 δὲ
2697 3648 2760 3700 δι’
2800 3647 3058 3717 ἀγράφων
3091 3648 3317 3718 θεσμῶν
3345 3654 3708 3720 φυλάττειπ

2266 3748 2500 3801 δίδοσαν·
2536 3745 2671 3801 ὥστε
2727 3745 2825 3816 ἤδη
2876 3745 2969 3798 καὶ
3003 3747 3069 3814 τῇ
3099 3745 3347 3815 Χριστοῦ
3419 3751 3707 3826 Ἐκκληη

2269 3837 2394 3906 βίων
2416 3833 2857 3905 νενομοθετῆσθαι
2879 3833 3140 3904 τρόπους*
3170 3835 3267 3887 τὸν
3301 3838 3420 3907 μὲν
3450 3842 3708 3916 ὑπερφ

2264 3926 2362 3995 τῆς
2401 3924 2584 3995 κοινῆς
2623 3924 2714 3975 καὶ
2747 3923 3088 3993 ἀνθρωπίνης
3136 3925 3446 3994 πολιτείας
3493 3934 3708 3990 επέχ

2261 4016 2485 4086 γάμους,
2517 4015 2577 4066 ού
2605 4013 2956 4076 παιδοποιίας,
2985 4015 3104 4067 οὐδὲ
3122 4016 3345 4085 κτῆσιν,
3378 4022 3545 4077 οὐδὲ
3589 4042 3707 4081 πε

2263 4104 2489 4177 ὓπαρξιν
2528 4103 2972 4175 παραδεχόμενον,
3005 4104 3125 4157 ὅλον
3166 4106 3225 4158 δὲ
3254 4108 3332 4161 ’δι’
3384 4112 3551 4168 ὅλου
3602 4122 3702 4191 τῆ

2261 4198 2352 4250 καὶ
2384 4192 2636 4266 συνήθους
2667 4194 2914 4247 ἁπάντων
2940 4195 3240 4266 ἀνθρώπων
3276 4201 3571 4277 ἀγωγῆς
3643 4230 3708 4266 π

2261 4286 2472 4354 γμένον,
2505 4285 2611 4371 καὶ,
2633 4283 2767 4353 μόνῃ
2795 4285 2859 4353 τῇ
2892 4283 2986 4336 τοῦ
3011 4284 3144 4338 Θεοῦ
3172 4285 3486 4366 θεραπείᾳ
3552 4317 3708 4372 προ

2265 4374 2418 4444 μένον
2448 4372 2564 4426 καθ’
2608 4370 2905 4442 ὑπερϐολὴν
2954 4373 3154 4445 ἔρωτος
3178 4377 3470 4447 οὐρανίου
3496 4401 3521 4417 δ
3590 4370 3673 4445 oi.

2264 4463 2533 4532 μετιόντες
2554 4463 2640 4516 τὸν
2675 4462 2886 4534 τρόπον,
2908 4463 3015 4515 τῶν
3046 4464 3259 4534 θνητῶν
3304 4469 3451 4538 βίον
3494 4482 3701 4536 τεθν

2260 4549 2493 4616 κοῦντες,
2530 4554 2621 4606 καὶ
2648 4552 2776 4605 αὐτὸ
2809 4553 2963 4623 μόνον
2982 4554 3042 4608 at
3082 4555 3246 4625 σῶμα
3289 4562 3659 4637 φέροντες

2262 4641 2974 4735 φῂρονήματιᾼδὲᾼτὴνιψυχην
2990 4646 3068 4735 εἰς
3094 4644 3342 4717 οὐρανὸν
3374 4670 3708 4735 μετενηκ

2258 4730 2345 4825 οἷά
2388 4748 2539 4825 τινες
2566 4729 2836 4825 Bson-th
2870 4732 2982 4825 τῶν
3033 4734 3359 4825 ἀνθρώπων
3434 4729 3708 4825 “Papi:

2260 4824 2395 4894 ὑπὲρ
2451 4820 2542 4875 τοῦ
2598 4820 2792 4884 παντὸς
2821 4821 3010 4889 γένους
3035 4824 3336 4895 ίερωμὲνοι
3378 4834 3483 4906 τῷ
3547 4820 3708 4899 ein}

2257 4912 2392 4982 Θεῷ,
2425 4911 2484 4964 οὺ
2516 4910 2818 4982 βουθυσίαις
2864 4911 2958 4965 καὶ
3001 4913 3251 4981 αἵμασιν,
3302 4919 3457 4977 οὐδὲ
3518 4945 3708 4989 σπι)

2257 5003 2517 5064 κνίσσαις,
2565 5001 2671 5054 οὐδ’
2701 4996 2765 5054 αὖ
2794 5002 2983 5071 καπνῷ
3005 5002 3103 5056 καὶ
3139 5006 3327 5074 πυρὸς
3395 5015 3708 5095 ἀποδρ

2260 5093 2519 5184 σωμάτων
2571 5090 2810 5162 φθοραῖς,
2838 5092 3065 5162 δόγμασι
3095 5092 3152 5144 δὲ
3187 5094 3403 5166 ὀρθοῖς
3446 5090 3708 5184 ἄλει-λδ.

2259 5182 2429 5247 θείας,
2455 5182 2629 5252 ψυχῆς
2642 5198 2700 5233 τε
2728 5181 2959 5234 διαθέσει
2989 5183 3492 5264 κεκαθαρμένης,
3560 5181 3708 5260 δέει

2264 5274 2373 5333 τοῖς
2417 5274 2535 5324 κατ’
2575 5271 2770 5343 ἀρετὴν
2809 5272 2987 5343 ἔργοις
3013 5290 3072 5325 τε
3106 5276 3204 5329 καὶ
3233 5276 3457 5350 λόγοις
3493 5303 3526 5320 ο
3588 5293 3708 5349 Οἷ4

2265 5357 2636 5429 ὲξιλεούμενοι,
2664 5359 2761 5431 τὴν
2801 5361 2938 5431 ὑπὲρ
2987 5362 3136 5431 σφῶν
3173 5365 3378 5425 αὐτῶν
3410 5378 3580 5433 καὶ
3633 5404 3708 5439 ατς⁴

2263 5447 2528 5514 ὁμογενῶν
2578 5448 2923 5503 ἀποτελοῦσιν
2978 5452 3319 5526 ἱερουργίαν.
3371 5464 3708 5531 Τοιόσδ

2264 5533 2591 5607 καθέστηκεν
2635 5538 2664 5589 ὁ
2708 5539 2922 5609 ἐντελὴς
2965 5542 3066 5613 τῆς
3107 5546 3253 5603 κατά
3281 5551 3392 5608 τὸν
3434 5555 3523 5610 Χ
3545 5579 3708 5633 ριςι
