3870 6310
129 364 187 418 77
1029 362 1666 422 DEMONSTRATIONIS
1702 362 2153 425 EVANGELIC/E
2192 368 2318 424 LIB.
2357 367 2399 425 Ι.
3245 381 3309 432 τε

88 502 93 507 ο
362 474 584 545 τρόπος.
617 474 682 528 Ὀ
702 472 750 530 δ’
770 477 1166 555 ὑποϐεϐηκὼς
1190 481 1672 553 ἀνθρωπινώτερος,

1779 485 2052 540 vinitatem
2087 485 2257 554 ipsam
2287 486 2560 554 placantes
2598 502 2753 544 suum
2783 499 2837 546 et
2878 507 2977 562 pro
3010 493 3220 562 seipsis,
3254 504 3308 548 et

120 568 206 633 οἷος
217 568 285 621 καὶ
304 566 497 634 γάμοις
517 568 909 633 συγκατιέναι
928 572 1176 644 σώφροσι
1201 574 1290 627 καὶ
1306 572 1676 636 παιδοποιίαις,

120 656 367 726 οἰκονομίας
389 673 450 708 τε
495 657 944 725 ἐπιμελεῖσθαι,
980 666 1098 728 τοῖς
1135 682 1193 718 τε
1229 664 1368 718 κατὰ
1395 664 1453 717 τὸ
1482 665 1678 718 δίκαιον

120 747 513 821 στρατευομένοις
544 747 621 799 τὰ
655 752 944 818 πρακτέα
994 754 1357 816 ὑποτίθεσθαι,
1385 754 1563 825 ἀγρῶν
1598 773 1675 817 τε,

120 841 195 891 καὶ
222 836 478 907 ἐμπορίας,
507 838 611 889 καὶ
642 839 753 907 τῆς
795 840 982 912 ἄλλης
1013 843 1431 914 πολιτικωτέρας
1464 845 1679 913 ἀγωγῆς

124 928 241 997 μετὰ
274 924 355 977 τοῦ
396 923 705 989 θεοσεϐοῦς
769 931 1113 997 φροντίζειν,
1160 925 1240 993 οἷς
1265 933 1356 984 καὶ
1404 934 1679 1003 ἀσκήσεως

121 1015 292 1087 καιροὶ,
314 1012 608 1083 μαθητείας
634 1032 701 1067 τε
725 1018 831 1068 καὶ
864 1017 978 1070 τῶν
1000 1019 1154 1071 Θείων
1186 1019 1352 1086 λόγων
1376 1022 1679 1093 ἀκροάσεως

122 1107 294 1177 ἡμέραι
334 1104 762 1176 ὰφωρίσῦησαν.
816 1106 935 1160 Καί
966 1127 1050 1172 τις
1089 1108 1291 1173 τούτοις
1326 1111 1567 1179 δεύτερος
1593 1112 1681 1163 εὐ-

121 1196 306 1258 σεϐείας
345 1195 678 1267 ὰπενεμήθη
728 1197 979 1269 βαθμδς,
1025 1200 1346 1269 κατάλληλον
1394 1199 1471 1271 τῷ
1505 1202 1679 1271 τοιῳδὶ

228 1287 475 1355 παρέχων
504 1288 612 1356 τὴν
639 1287 951 1356 ὠφέλειαν,
978 1292 1053 1351 ὡς
1087 1291 1283 1360 μηδένα
1316 1293 1555 1361 ἀμοιρεῖν
1583 1292 1680 1360 τῆς

118 1378 359 1446 σωτηρίου
388 1378 728 1445 ἐπιφανείας
755 1396 769 1408 ·
814 1381 927 1430 πᾶν
951 1379 1006 1432 δὲ
1034 1381 1186 1448 γένος
1222 1381 1534 1451 ἀνθρώπων,
1572 1384 1682 1434 Ἐλ-

117 1465 259 1535 λήνων
272 1467 415 1535 ὁμοῦ
432 1468 530 1520 καὶ
548 1467 627 1536 βα
636 1467 890 1538 ρϐἀρων,
912 1469 1011 1537 τῆς
1029 1468 1378 1539 εὐαγγελικῆς
1391 1469 1676 1523 ἀπολαύειν

115 1556 455 1619 διδασκαλίας.

1780 589 1879 644 pro
1905 575 2044 638 aliis,
2095 576 2187 644 qui
2219 576 2456 643 ejusdem
2486 577 2592 629 sint
2638 581 2847 647 generis
2879 621 2894 644 ,
2935 581 3309 637 administrant

1783 665 2162 719 sacerdotium.
2201 666 2307 734 3o
2333 665 2396 719 Et
2416 667 2539 719 talis
2569 669 2780 735 quidem
2833 673 3047 725 exsistit
3076 673 3128 726 in
3152 675 3307 727 Chri-

1782 754 2061 808 stianismo
2086 753 2356 822 perfectus
2399 757 2520 810 vitae
2547 756 2756 811 modus.
2793 758 2937 811 Alter
2967 776 3092 814 vero
3121 764 3310 816 remis-

1782 846 1892 898 sior
1940 853 2099 914 atque
2130 846 2450 912 humanior;
2484 847 2571 901 hic
2598 856 2650 902 et
2682 848 2922 903 modesto
2954 854 3224 922 conjugio,
3255 863 3310 907 et

1783 936 1983 990 sobolis
2006 937 2381 1002 procuratione
2402 937 2724 1006 implicatur.
2746 947 2799 993 et
2821 940 2898 993 rei
2924 939 3201 999 familiaris
3215 960 3311 998 cu-

1787 1038 1901 1076 ram
1924 1025 2167 1087 assumit,
2201 1034 2253 1079 et
2274 1027 2419 1094 juste
2451 1027 2832 1089 militantibus.
2861 1043 2980 1097 quae
3004 1030 3111 1083 sint
3147 1048 3311 1101 agen-

1782 1113 1869 1177 da,
1899 1113 2153 1169 describit
2181 1134 2194 1167 :
2217 1130 2371 1185 agros
2392 1132 2625 1186 quoque,
2644 1126 2697 1171 et
2720 1127 3098 1179 mercaturam,
3118 1121 3308 1175 alium-

1779 1215 1882 1271 que
1915 1205 2081 1272 magis
2109 1204 2319 1258 civilem
2378 1206 2587 1259 vivendi
2636 1222 2860 1267 morem.
2899 1206 3151 1275 adjuncta
3185 1211 3308 1262 reli-

1780 1294 1934 1362 gione
1962 1308 2067 1346 non
2099 1295 2317 1364 negligit
2344 1313 2360 1347 :
2385 1296 2452 1350 iis
2479 1303 2654 1349 autem
2681 1299 2770 1366 qui
2802 1299 2945 1353 hunc
2969 1300 3181 1353 modum
3201 1302 3310 1354 elc-

1779 1388 1989 1449 gerunt,
2043 1390 2095 1436 et
2135 1385 2576 1438 exercitationum
2625 1395 2901 1454 tempora,
2943 1396 2997 1442 et
3042 1389 3308 1452 discendi,

1777 1472 2102 1539 verbumque
2146 1474 2384 1527 divinum
2430 1476 2713 1539 audiendi,
2746 1479 2876 1531 certi
2904 1477 3019 1533 dies
3052 1480 3308 1548 assignati

1777 1569 1901 1614 sunt
1938 1579 1952 1614 :
1986 1570 2038 1614 et
2074 1563 2156 1617 his
2197 1564 2412 1632 quidem
2455 1567 2725 1621 secundus
2767 1569 2979 1634 pietatis
3014 1570 3307 1622 attributus

114 1657 182 1704 est
200 1665 284 1718 gra
305 1651 426 1710 dus,
458 1650 597 1704 dum
639 1661 831 1722 aptam
864 1654 991 1709 huic
1025 1656 1126 1724 ipsi
1172 1654 1349 1724 generi
1401 1654 1521 1706 vitae
1567 1652 1765 1722 praebet
1805 1656 2107 1721 utilitatem,
2138 1665 2196 1710 ut
2258 1660 2436 1713 nullus
2498 1662 2652 1730 plane
2700 1663 2769 1716 ab
2822 1662 3048 1717 adventu
3087 1666 3307 1718 salutari

116 1753 395 1811 separetur,
443 1745 544 1798 sed
606 1761 781 1800 omne
830 1763 1000 1817 genus
1068 1749 1339 1802 hominum
1380 1754 1486 1800 tam
1526 1748 1895 1814 barbarorum,
1930 1765 2087 1818 quam
2136 1750 2463 1815 Graecorum,
2517 1755 2832 1825 evangelica:
2872 1756 3130 1810 doctrina:
3198 1757 3310 1810 l‘ru—

118 1842 237 1886 ctum
255 1834 559 1902 percipiat.

636 1950 1043 2005 ΚΕΦΑΛΑΙΟΝ
1084 1951 1159 2004 ϐ’.

125 2040 172 2091 Τί
207 2038 431 2110 δήποτε
472 2039 605 2110 μὴΔ
634 2042 883 2109 ὀμοίως“
916 2042 1036 2106 τοῖς
1077 2044 1347 2107 παλαιοῖς
1397 2045 1491 2097 καὶ
1543 2043 1676 2110 παρ’

241 2109 389 2177 ἡμῖν
422 2107 499 2161 τὰ
528 2107 647 2174 τῆς
668 2107 1081 2175 πολυπαιδίας
1123 2111 1526 2170 σπουδάζεται.

168 2197 373 2251 Τούτων
410 2193 519 2251 ὧδε
552 2199 821 2269 ἐχόντων,
861 2198 1090 2270 ζητήσαι
1135 2202 1198 2254 ἄν
1257 2218 1339 2265 τις
1368 2203 1606 2268 εἰκότως,
1631 2205 1679 2257 εἰ

114 2286 166 2357 δή
183 2289 307 2341 κατὰ
329 2291 475 2351 τοὺς
504 2289 685 2342 πάλαι
708 2289 805 2340 καὶ
832 2290 966 2357 πρὸς
990 2290 1281 2354 Μωῦσέως,
1305 2290 1565 2360 Θεοφιλεῖς
1588 2293 1680 2345 ἄν-

115 2374 222 2444 δρας
247 2378 338 2446 τὴν
369 2376 476 2428 τοῦ
506 2377 773 2446 Σωτῆρος
792 2376 946 2445 ἡμῶν
970 2378 1322 2448 εὐαγγελικὴν
1341 2380 1679 2433 διδασκαλίαν

117 2461 352 2517 θεοσεϐεἰν
430 2464 806 2516 ὑποτίθεσθαί
837 2482 1043 2533 φαμεν·
1084 2466 1209 2534 μίαν
1231 2484 1289 2519 τε
1320 2468 1471 2537 ἡμῶν
1491 2485 1550 2520 τε
1579 2471 1675 2521 κά-

118 2553 279 2606 κείνων
330 2554 666 2617 εὐσέϐειαν,
722 2555 816 2606 καὶ
863 2553 995 2607 Θεοῦ
1035 2556 1229 2617 γνῶσιν
1270 2557 1366 2628 τὴν
1398 2559 1593 2627 αὐτήνο
1625 2556 1677 2610 τί

118 2641 227 2712 δῆτα
250 2644 296 2695 οί
322 2644 436 2713 μὲν
483 2643 628 2713 περ)⁸
679 2644 893 2713 γάμους
928 2645 1020 2696 καὶ
1057 2645 1390 2708 παιδοποιίας
1423 2647 1678 2717 πλείστην

116 2731 302 2799 εἰσῆγον
331 2732 617 2803 σπουδὴν,
656 2735 792 2803 ἡμῖν
819 2734 876 2786 δὲ
896 2733 1051 2787 τοῦτο
1075 2735 1458 2805 παραμελεῖται
1487 2736 1545 2789 τὸ
1581 2737 1677 2806 μέ-

115 2836 206 2889 ρος.
235 2823 338 2875 Καὶ
368 2824 551 2877 πάλιν
578 2826 634 2875 οί
668 2823 769 2893 μὲν
798 2826 917 2886 ταῖς
931 2825 1017 2877 διὰ
1044 2824 1195 2889 ζώων
1219 2827 1424 2890 θυσίαις
1452 2827 1679 2893 ὲξιλεού-

115 2914 340 2976 μενοιτὺν
360 2914 507 2968 Θεὸν
536 2914 936 2984 ἀνεγράφησαν
950 2931 963 2944 ⁸
988 2917 1117 2985 ἡμῖν
1145 2915 1200 2967 δὲ
1217 2916 1476 2969 καὶτοῦτο
1507 2917 1677 2987 πράτ-

114 3012 225 3067 τειν,
254 3002 325 3067 ῶς
353 3024 407 3058 τι
441 3005 562 3057 τῶν
599 3005 856 3067 ἀνοσίων,
882 3005 1267 3075 ἀπηγόρευται.
1289 3005 1391 3057 Δύο
1421 3006 1527 3077 γὰρ
1545 3007 1679 3075 μόνα

110 3093 273 3157 ταῦτα,
305 3097 367 3148 οὐ
403 3096 661 3165 σμικρὸν
696 3094 887 3163 ἔχοντα
931 3094 1106 3162 λόγον,
1135 3094 1328 3158 δόξειεν
1355 3094 1419 3147 ἂν
1448 3100 1555 3159 τοῖς
1590 3098 1677 3165 ὑφ’

112 3186 248 3255 ἡμῶν
287 3187 621 3257 εἰρημένοις
677 3186 1040 3245 ἀντιπίπτειν,
1085 3185 1162 3245 ὡς
1220 3184 1292 3255 μὴ
1339 3186 1477 3239 κατὰ
1509 3186 1679 3241 ταῦτα

2361 1950 2583 2009 CAPUT
2621 1954 2707 2009 IX.

1778 2037 1948 2102 Quam
1999 2038 2062 2092 ob
2087 2056 2300 2094 causam
2325 2058 2430 2118 non
2458 2052 2515 2118 ut
2537 2044 2697 2111 prisci
2749 2044 2952 2118 illi,_ila
2989 2063 3080 2100 nos
3113 2062 3311 2118 quoque

2000 2125 2285 2163 numerosa
2344 2110 2505 2163 soboli
2539 2110 2776 2180 cperam
2824 2112 3029 2167 damus.

1844 2192 1976 2248 Cum
2010 2197 2122 2251 haec
2153 2197 2225 2251 ita
2249 2211 2307 2250 se
2328 2197 2595 2261 habeant,
2649 2202 2841 2253 merito
2894 2203 3087 2270 aliquis
3115 2207 3309 2272 quaesi-

1776 2284 1897 2348 erit,
1926 2286 1971 2339 si
1990 2276 2118 2340 vere
2149 2286 2382 2339 dicimus
2411 2287 2477 2339 ab
2498 2289 2799 2356 evangelica
2819 2287 3110 2346 Salvatoris
3135 2295 3305 2346 nostri

1776 2375 2040 2438 doctrina,
2074 2388 2190 2427 eam
2220 2373 2386 2428 divini
2421 2375 2599 2428 cultus
2634 2375 2892 2430 rationem
2918 2376 3305 2448 doceri.quam

1774 2464 1942 2532 prisci
1969 2465 2065 2526 illi,
2093 2465 2182 2531 qui
2203 2472 2325 2518 ante
2356 2463 2553 2518 Moscm
2580 2465 2826 2534 religiose
2852 2473 2907 2519 et
2958 2475 3142 2522 sancte
3158 2471 3307 2521 vixe-

1775 2561 1921 2614 runt,
1939 2551 2108 2604 secuti
2135 2559 2260 2604 sunt
2292 2570 2305 2604 :
2351 2566 2620 2620 unamque
2655 2567 2775 2607 esse
2805 2558 2859 2607 et
2888 2561 3146 2615 nostram,
3178 2563 3230 2609 et
3251 2557 3310 2608 il-

1775 2642 1948 2695 lorum
1977 2641 2305 2709 religionem,
2345 2643 2674 2711 eandemque
2703 2642 2769 2697 de
2802 2642 2909 2698 Deo
2936 2645 3254 2699 sententiam
3289 2662 3306 2699 :

1775 2746 2017 2802 quasnam
2069 2747 2232 2786 causa
2266 2735 2337 2786 sit
2366 2772 2381 2792 ,
2413 2741 2471 2785 ut
2505 2734 2581 2787 illi
2614 2735 2831 2802 quidem
2887 2736 2941 2788 in
3002 2737 3204 2805 nuptiis
3254 2744 3310 2791 et

1775 2823 2144 2891 procreatione
2172 2822 2460 2877 liberorum
2494 2823 2780 2892 plurimum
2817 2824 2977 2877 studii
3008 2827 3305 2893 posuerint.

1775 2926 1874 2965 nos
1902 2926 2031 2965 vero
2055 2912 2191 2965 hanc
2219 2922 2422 2981 partem
2449 2913 2800 2982 negligamus.
2819 2912 2946 2967 ltem
2974 2929 3096 2968 cum
3122 2915 3311 2971 deillis

1776 3001 2030 3067 scriptum
2065 3000 2155 3064 sit,
2203 3000 2344 3068 quod
2391 3001 2698 3054 animalium
2737 3002 2972 3055 caedibus
3007 3002 3169 3057 Deum
3200 3008 3308 3072 pla-

1776 3094 1978 3148 carent,
2006 3102 2102 3140 cur
2133 3088 2205 3140 ita
2238 3101 2337 3140 nos
2393 3088 2535 3141 istud
2586 3088 2761 3143 facere
2783 3130 2798 3153 ,
2838 3091 2994 3158 quasi
3041 3093 3304 3146 nefarium

1775 3178 2048 3246 quidpiam
2123 3186 2177 3232 et
2258 3178 2577 3247 sacrilegum
2614 3217 2628 3241 ,
2713 3179 3111 3247 prohibeamur.
3183 3182 3308 3235 "(eo

109 3276 184 3327 τὸν
213 3277 445 3329 παλαιὸν
485 3275 787 3339 σωζόντων
833 3275 931 3343 τῆς
977 3274 1255 3336 εὐσεϐείας
1299 3275 1516 3345 τρόπον.
1570 3278 1672 3329 Καὶ

1776 3269 1918 3321 enim
1955 3268 2061 3321 duo
2098 3269 2355 3322 duntaxat
2389 3310 2404 3332 ,
2450 3284 2568 3336 qua:
2625 3282 2755 3323 sane
2795 3271 2935 3323 haud
2986 3272 3132 3339 parvi
3193 3287 3308 3325 mo-

110 3364 225 3431 πρὸς
256 3366 411 3418 ταῦτ’
441 3362 547 3418 οὖν
616 3363 835 3417 τοιάνδε
886 3364 1033 3415 λύσιν
1078 3363 1135 3428 ὲξ
1182 3364 1358 3416 αὐτῶν
1418 3366 1674 3436 πάρεστιν

105 3453 448 3519 ἀναλέξασθαι
480 3454 603 3509 τῶν
631 3451 823 3525 [παρ’]
854 3452 1120 3523 Ἑϐραίοις
1134 3452 1326 3520 λογίων
1347 3471 1361 3484 ·
1380 3456 1429 3507 οἱ
1448 3457 1542 3524 μὲν
1571 3456 1675 3525 πρὸ

105 3541 359 3606 Μωῦσέως
391 3545 485 3598 ἐπ’
516 3542 790 3614 εὐσεϐείᾳ
821 3544 1316 3614 μεμαρτυρημένοι,
1343 3546 1512 3615 ἀρχὴν
1530 3546 1676 3615 ἔχον-

98 3646 175 3694 τος
202 3634 327 3686 τότε
348 3636 445 3687 καὶ
480 3632 891 3702 συνισταμένου
914 3631 1006 3685 τοῦ
1035 3633 1168 3703 βίου,
1199 3633 1446 3701 γενέσθαι
1475 3652 1677 3705 μνημο-

99 3723 361 3777 νιεύοντιιι⁸
391 3725 465 3779 τὰ
494 3725 559 3777 δὲ
593 3723 725 3776 καθ’
761 3723 910 3792 ἡμᾶς
943 3723 1067 3792 περὶ
1113 3723 1263 3784 τέλος
1294 3722 1551 3778 ἐλαύνειν.
1585 3720 1675 3777 Διὸ

93 3816 193 3876 αῖς
222 3817 324 3883 μὲν
354 3814 784 3880 σπουδάζεσθαι
808 3814 906 3884 τὴν
930 3814 1036 3865 τῶν
1060 3814 1315 3884 διαδόχων
1344 3816 1577 3869 ἐπίδοσιν
1596 3818 1673 3879 είς

94 3903 577 3978 ’φλυανθρωτι-ίαν,
595 3905 857 3969 αὔξοντος
878 3907 994 3958 κατ’
1021 3909 1193 3960 ἐκεῖνο
1210 3906 1418 3978 καιροῦ,
1437 3909 1527 3960 καὶ
1541 3907 1675 3977 πλη-

90 3992 342 4059 θνῦνσντος,
403 3999 500 4059 είς
540 3997 737 4065 ἀκμήν
775 4011 835 4046 τε
876 3997 1150 4065 προίόντος
1189 3996 1281 4048 τοῦ
1333 3996 1440 4048 τῶν
1470 3996 1673 4068 ἀνθρώ-

93 4100 194 4135 nov
215 4087 417 4153 γένους
438 4102 454 4115 ο
482 4087 631 4154 ἡμῖν
656 4083 717 4136 δὲ
745 4084 820 4152 μὴ
850 4084 1049 4154 σφόδρα
1071 4101 1153 4136 τοι
1186 4083 1339 4136 τοῦτο
1370 4084 1571 4154 μέλειν,
1598 4085 1672 4147 ὡς

87 4170 143 4222 ἄν
168 4174 267 4242 ἤδη
289 4175 409 4227 τῶν
443 4174 813 4246 πραγμάτων
837 4173 1125 4239 φθινόντων
1157 4175 1252 4226 καὶ
1276 4173 1667 4243 ἀποληγόντων,

86 4261 166 4312 ἐπὶ
194 4264 373 4332 πέρας
407 4281 477 4316 τε
506 4264 748 4332 ἔσχατον
774 4262 1120 4325 ἐλαυνόντων,
1140 4262 1427 4333 διαρρήδην
1463 4263 1559 4332 τῆς
1577 4264 1671 4317 τοῦ

2 4344 7 4365 ”
84 4347 186 4413 μου
230 4352 595 4415 συντελείας,
646 4351 755 4421 πρὸ
793 4352 893 4420 τῆς
936 4351 1289 4421 εὐαγγελικῆς
1331 4352 1672 4416 διδασκαλίας

81 4439 163 4491 ἐπὶ
188 4440 391 4510 θύραις
437 4439 711 4493 ἐλαύνειν
743 4438 1058 4507 λεγομένης,
1104 4437 1445 4501 ἀνανεώσεως
1478 4457 1535 4491 τε
1579 4441 1670 4492 καὶ

83 4528 516 4599 παλιγγενεσίας
557 4528 765 4590 αἰῶνος
793 4528 1003 4597 ἐτέρου,
1049 4529 1169 4580 ὅσον
1210 4527 1360 4580 οὔπω
1393 4528 1668 4597 μέλλοντος

78 4618 505 4691 ἐπιστήσεσθαι,
540 4619 1092 4691 προκηρυττομένης.
1133 4618 1246 4671 Μία
1278 4618 1374 4687 μὲν
1417 4614 1506 4670 οὗν
1535 4619 1667 4673 ἀπό·-

75 4706 207 4774 δοσις
229 4713 379 4782 αὕτη
400 4730 416 4742 ·
450 4710 699 4780 δευτέρα
726 4709 769 4760 δ’
804 4708 871 4761 ἂν
898 4708 987 4776 είη
1012 4706 1249 4775 τοιαύτη.
1285 4707 1405 4768 Τοῖς
1438 4708 1533 4775 μὲν
1563 4724 1665 4759 πα-

79 4796 251 4864 ὶαιοίς,
280 4802 604 4870 ἀνειμένον
642 4798 739 4851 καὶ
768 4796 1059 4865 ἐλεύθερον
1092 4792 1329 4863 μετιοῦσι
1367 4794 1497 4862 βίον,
1521 4795 1667 4849 οὐδὲν

79 4881 136 4953 ἦν
160 4890 423 4960 ἐμποδὼν
460 4890 628 4943 οἴκου
655 4888 754 4941 καὶ
787 4885 999 4938 παίδων
1032 4882 1383 4953 προΐστασθαι
1411 4883 1543 4951 μετὰ
1573 4886 1668 4955 τῆς

84 4981 192 5047 apt
212 4981 275 5031 τὸ
298 4980 477 5033 Θεῖον
504 4977 731 5047 σχολῆς,
748 4976 946 5035 αὐταῖς
968 4975 1252 5041 γαμεταῖς,
1275 4973 1366 5023 καὶ
1381 4972 1552 5036 παισὶ,
1577 4974 1669 5025 καὶ

2 5084 3 5089 π
80 5065 230 5130 time;
258 5068 569 5122 θεοσεϐεἶν
599 5063 1039 5135 ἀπερισπάστως
1075 5058 1395 5127 δυναμένοις.
1441 5062 1532 5112 καὶ
1565 5078 1667 5131 μη-

87 5154 249 5223 δαμῶς
279 5160 394 5211 ὑπὸ
438 5157 569 5210 τῶν
600 5154 760 5216 ἐκτὸς
806 5153 916 5220 τῆς
958 5147 1093 5218 περὶ
1123 5148 1190 5200 τὰ
1219 5148 1441 5215 κρείττω
1485 5150 1669 5219 προθέ.

87 5258 202 5310 σεως
226 5245 677 5316 ἁτωσπωμένοις
700 5260 714 5272 ⁸
753 5240 828 5293 τὰ
853 5240 916 5291 δὲ
954 5236 1082 5288 καθ’
1110 5237 1270 5304 ἡμᾶς,
1299 5236 1456 5305 μυρία
1482 5240 1544 5290 τὰ
1579 5242 1668 5292 ὲκ-

95 5335 165 5399 υδς
189 5341 562 5400 καθέλκοντα,
594 5336 691 5389 καὶ
724 5335 812 5393 είς
852 5327 1187 5387 ἀλλοκότους
1231 5327 1497 5395 φροντίδας
1522 5348 1665 5402 περι..

95 5426 315 5497 οὐραῖα,
340 5433 448 5502 τῆς
477 5445 552 5482 τε
582 5427 713 5494 περὶ
756 5420 833 5471 τὰ
876 5417 1013 5486 Θεῷ
1047 5415 1248 5487 ἀρεστὰ
1289 5417 1501 5487 σπουδῆς
1542 5425 1659 5494 ἀφι-

106 5520 269 5575 στάντα
310 5523 607 5590 τυγχάνει.
643 5514 828 5566 Τοῦτο
870 5508 1019 5575 γοῦν
1061 5507 1227 5559 αἴτιον
1270 5502 1396 5559 εἶναι
1437 5511 1521 5580 τῆς
1551 5517 1653 5569 τῶν

101 5606 257 5675 γάμων
286 5610 571 5676 συστολῆς
597 5602 960 5671 παρίστησιν
984 5595 1020 5645 ὀ
1045 5596 1146 5663 τῆς
1168 5596 1489 5666 εύαγγελικῆς
1510 5603 1643 5660 διδα-

42 5692 47 5769 ξ
118 5698 295 5762 ,χιλίας
333 5700 517 5763 λόγος,
554 5694 798 5761 φάσκων
823 5702 839 5714 ·
902 5701 925 5731 ι
972 5682 1151 5735 Τοῦτο
1178 5683 1230 5736 δέ
1259 5701 1402 5755 φημι.
1428 5688 1629 5763 ἀδελφοὶ,

1775 3361 1936 3415 menti
1986 3368 2127 3425 sunt,
2170 3364 2431 3431 putaverit
2475 3361 2740 3430 quispiam
2770 3400 2786 3425 ,
2832 3363 2898 3415 iis
2944 3379 3062 3431 quae
3093 3378 3123 3415 a
3153 3365 3307 3417 nobis

1774 3449 1914 3502 dicta
1945 3458 2089 3511 sunt,
2142 3451 2433 3508 adversari.
2482 3465 2686 3517 nosque
2721 3466 2827 3504 non
2889 3454 3036 3505 omni
3100 3455 3306 3509 ratione

1771 3539 1999 3592 eundem
2051 3554 2171 3591 cum
2245 3540 2440 3607 priscis
2485 3539 2613 3599 illis.
2686 3540 2895 3593 colendi
2959 3541 3050 3594 Dei
3103 3557 3304 3595 morem

1775 3644 2008 3682 servare.
2042 3629 2207 3697 Igitur
2243 3630 2402 3682 etiam
2429 3629 2686 3684 adversus
2711 3630 2844 3693 haec,
2888 3631 3046 3685 talem
3086 3631 3207 3685 licet
3237 3650 3304 3686 ex
3350 3636 3354 3647 '

1772 3719 1904 3785 ipsis
1985 3714 2325 3772 Hebraeorum
2402 3720 2633 3773 oraculis
2699 3719 2959 3771 rationem
3027 3721 3298 3791 colligere.

1773 3811 2087 3878 Quicunque
2127 3818 2249 3863 ante
2303 3809 2501 3863 Mosem
2532 3810 2597 3862 de
2629 3809 2786 3862 laud’e
2829 3809 3045 3877 pietatis
3106 3826 3304 3867 nomen

1774 3900 1949 3968 adepti
1987 3907 2111 3954 sunt
2131 3939 2145 3959 ,
2176 3901 2227 3952 hi
2258 3907 2388 3953 tunc
2411 3901 2621 3953 initium
2658 3900 2906 3960 habente,
2936 3905 3170 3970 tuncque
3194 3901 3303 3969 pri-

1772 4005 1917 4044 mum
1947 3992 2238 4045 exsistente
2291 3992 2399 4043 vita
2433 4028 2449 4054 ,
2508 3990 2675 4045 fuisse
2725 4001 3131 4051 memorantur:
3184 4008 3305 4063 quae

1770 4098 1897 4138 vero
1942 4083 2007 4137 ad
2052 4098 2149 4135 nos
2197 4084 2480 4152 pertinent,
2544 4084 2762 4138 tendere
2800 4084 2868 4138 ad
2918 4086 3095 4139 linem.
3126 4084 3305 4151 Quara

1771 4174 1891 4228 illos
1923 4188 2112 4242 magna
2144 4188 2263 4227 cum
2291 4187 2451 4233 cura,
2483 4174 2684 4227 sobolis
2742 4174 3125 4229 incrementum
3155 4194 3305 4246 qua:-

1770 4264 1979 4323 sivisse,
2013 4278 2134 4316 cum
2176 4278 2269 4332 per
2300 4262 2430 4315 illud
2459 4271 2668 4331 tempus
2720 4275 2772 4318 et
2825 4281 3081 4320 numerus
3133 4267 3304 4321 homi-

1769 4370 1897 4409 num
1932 4354 2031 4422 31
2073 4363 2379 4423 augesceret
2413 4363 2467 4408 et
2508 4356 2951 4423 multiplicaretur
2977 4398 2992 4418 ,
3044 4365 3203 4426 atque
3244 4359 3300 4411 in

1769 4444 1886 4500 dies
1912 4446 2075 4499 robur
2103 4446 2369 4512 acciperet
2388 4460 2555 4513 genus
2597 4447 2886 4498 humanum
2927 4465 2939 4499 :
2991 4448 3146 4500 nobis
3176 4463 3304 4501 vero

1770 4548 1877 4587 non
1903 4532 2186 4586 admodum
2220 4547 2362 4586 cura;
2384 4548 2502 4587 esse
2545 4533 2664 4592 hoc,
2688 4540 2871 4600 utpote
2900 4549 3020 4586 cum
3056 4549 3141 4588 res
3189 4534 3300 4599 jam

1770 4621 1989 4675 interire
2029 4636 2092 4674 ac
2131 4621 2412 4681 desinere,
2467 4628 2626 4689 atque
2676 4626 2742 4674 ad
2794 4628 3090 4675 extremum
3146 4619 3300 4674 linem

1770 4711 1984 4766 tendere
2009 4711 2296 4765 credantur
2320 4730 2334 4765 :
2367 4712 2580 4781 quando
2607 4712 2768 4780 plane
2788 4712 3004 4773 dicitur,
3036 4720 3157 4762 ante
3182 4709 3299 4761 vita:

1769 4803 2314 4867 consummationem,
2363 4802 2720 4873 evangelicam
2774 4802 2826 4854 in
2878 4801 3083 4854 foribus
3111 4798 3298 4855 adesse

1769 4892 2066 4946 doctrinam
2095 4908 2107 4942 :
2150 4897 2202 4943 et
2238 4892 2511 4943 renovatio
2554 4904 2618 4943 ac
2657 4893 2929 4961 generatio
2957 4889 3176 4942 alterius
3199 4903 3300 4942 sze.

1769 4984 1897 5045 culi,
1919 4979 2060 5050 quod
2092 4981 2239 5033 brevi
2267 4981 2429 5034 instet
2483 4981 2740 5043 futurum,
2772 4981 3139 5034 denuntiatur.
3181 4976 3297 5031 Una

1771 5070 1932 5140 igitur
1957 5070 2197 5123 defensio
2239 5068 2379 5131 haec,
2427 5070 2594 5122 altera
2626 5076 2801 5120 autem
2836 5070 2940 5119 erit
2967 5066 3296 5134 huiusmodi.

1771 5158 1970 5212 Priscis
2008 5159 2112 5211 illis
2165 5158 2257 5226 qui
2286 5159 2645 5212 remissiorem
2693 5171 2756 5208 ac
2797 5156 3100 5210 liberiorem
3138 5158 3298 5209 vitam

1765 5248 2012 5316 agebant,
2042 5244 2171 5297 nihil
2196 5255 2311 5297 erat
2346 5244 2746 5311 impedimento.
2774 5258 2841 5297 ne
2865 5243 3046 5296 domui
3083 5242 3297 5297 liheris-
3327 5267 3330 5271 ν

1766 5351 1872 5405 que
1892 5339 2197 5404 praaessent.
2224 5347 2284 5385 ac
2316 5335 2515 5401 pariter
2559 5331 2751 5383 divina:
2788 5345 2999 5400 quoque
3032 5331 3106 5383 rei
3135 5343 3296 5382 vaca-

1765 5434 1907 5486 rent,
1929 5422 2140 5493 quando
2164 5436 2268 5474 una
2298 5436 2419 5475 cum
2448 5420 2704 5472 uxoribus
2734 5430 2786 5473 et
2814 5420 3013 5482 lilieris,
3040 5425 3092 5470 et
3116 5418 3296 5477 domo,

1765 5516 2011 5585 religioni
2039 5513 2304 5566 assiduam
2347 5512 2474 5565 dare
2509 5524 2724 5579 operam
2762 5518 3037 5577 poterant,
3087 5515 3142 5560 et
3169 5523 3295 5559 nus-

1773 5622 1935 5675 quam
1977 5605 2045 5658 ob
2077 5602 2211 5655 ullas
2253 5617 2341 5657 res
2392 5611 2639 5656 externas
2694 5617 2723 5654 a
2766 5602 2982 5654 metrore
3026 5600 3296 5661 promsim

1777 5695 2152 5750 avellebantur.
2210 5687 2317 5745 Res
2355 5708 2482 5747 vero
2525 5699 2719 5746 nostrm
2769 5688 3175 5744 innumerabilia
3204 5688 3293 5738 ha-
