3870 6376
682 419 747 472 7')
1329 412 1592 467 EUSEBII
1629 403 2096 467 CAESARIENSlS
2134 402 2281 467 ΟΡΡ.
2323 408 2503 464 PARS
2530 409 2593 462 II.
2631 439 2699 449 —
2725 402 3198 462 KPOLOC‘ETICA.

678 535 825 593 bent,
856 529 1320 599 quatcxtrinsecus
1357 535 1596 595 premant
1617 569 1631 590 ,
1680 535 1732 580 et
1759 542 1876 596 qua:
1925 527 1977 579 in
2009 526 2206 581 alienas

2101 541 2211 581 mas
2241 542 2283 592 Α
2307 527 2335 577 ὁ
2368 525 2552 595 καιρὸς
2587 523 3017 593 συνεσταλμένος.
3051 523 3120 574 Τὸ
3147 521 3302 573 λοιπόν
3329 523 3471 585 ἐστιν,
3500 523 3573 577 ἵνα
3590 540 3629 579 tt:

677 638 835 676 curas
862 620 1093 688 undique
1127 618 1355 680 trahant,
1379 626 1430 671 et
1474 618 1540 670 ab
1571 633 1754 670 earum
1788 632 1962 670 rerum
1992 615 2170 669 studio
2191 656 2205 676 ,

677 727 796 781 quae
828 711 931 765 Deo
980 712 1224 779 placent,
1275 708 1560 760 abducant.
1612 706 1758 760 lianc
1801 708 1958 776 igitur
1988 721 2207 759 causam

676 819 816 865 esse.
853 820 951 859 cur
989 802 1221 855 nubendi
1280 802 1415 855 ratio
1467 802 1799 855 contrahitur
1827 842 1843 865 ,
1889 802 2209 871 evangelica:

675 896 934 951 doctrinae
962 895 1179 949 verbum
1204 894 1532 948 demonstrat
1560 935 1573 956 .
1628 895 1715 948 ubi
1748 896 1821 948 ait
1852 914 1865 948 :
1903 916 1921 947 ι
1960 896 2074 951 Ποο
2110 913 2206 951 au-

674 998 782 1042 tem
813 987 934 1040 dico
959 985 1169 1050 fratres,
1202 992 1411 1054 tempus
1442 984 1599 1038 breve
1625 993 1725 1040 est.
1754 984 2039 1054 Reliquum
2080 995 2161 1041 cst
2188 1027 2204 1051 ,

675 1088 734 1132 ut
763 1086 816 1133 et
844 1077 933 1146 qni
977 1077 1173 1130 habent
1210 1090 1436 1140 uxores,
1482 1081 1735 1144 tanquam
1788 1092 1894 1129 non
1948 1077 2205 1131 habentes

675 1168 777 1222 sint
814 1182 826 1216 :
862 1174 914 1219 et
964 1164 1054 1233 qui
1088 1164 1244 1228 ﬂent,
1286 1172 1535 1232 tanquam
1594 1180 1701 1218 non
1751 1162 1939 1219 ﬂentes
1969 1185 1981 1218 :
2013 1173 2065 1219 et
2113 1167 2205 1234 qui

665 1254 924 1323 gaudent,
956 1260 1206 1320 tanquam
1261 1268 1364 1304 non
1397 1254 1689 1320 gaudentes
1720 1273 1733 1308 :
1766 1262 1817 1308 et
1861 1255 1950 1322 qui
1980 1263 2200 1320 emunt,

674 1353 925 1408 tanquam
979 1356 1085 1393 non
1144 1341 1478 1408 possidentes
1514 1340 1531 1395 ἐ
1588 1350 1641 1396 et
1688 1345 1779 1411 qui
1835 1351 2056 1397 utuntur
2099 1344 2201 1398 hoc

643 1428 879 1490 'mundo,
917 1435 1167 1496 tanquam
1211 1445 1315 1484 non
1348 1432 1642 1485 abutentes.
1674 1430 1919 1486 Praeterit
1942 1435 2082 1486 enim
2120 1434 2180 1486 fi-

640 1527 794 1584 gura
820 1516 978 1585 hujus
997 1518 1213 1585 mundi;
1237 1520 1355 1573 volo
1377 1530 1552 1575 autem
1580 1536 1672 1575 vos
1694 1523 1808 1575 sine
1826 1522 2180 1574 sollicitudine

639 1619 783 1660 ~esse
811 1621 825 1658 ε
856 1607 946 1674 qui
984 1607 1100 1662 sine
1130 1624 1297 1663 uxore
1336 1618 1435 1673 est,
1469 1609 1726 1663 sollicitus
1762 1621 1840 1664 est
1873 1612 1936 1664 de
1969 1612 2033 1664 iis
2060 1623 2180 1678 qua:

667 1690 879 1745 Domini
908 1704 1051 1759 sunt,
1081 1696 1345 1763 quomodo
1385 1697 1589 1765 placeat
1620 1697 1859 1753 Domino.
1892 1698 1994 1764 Qui
2023 1708 2200 1755 autem

642 1795 789 1834 'cum
814 1797 981 1836 uxore
1003 1791 1106 1849 est,
1143 1784 1406 1840 sollicitus
1436 1795 1517 1841 est
1555 1787 1620 1842 de
1641 1789 1727 1853 iis,
1757 1805 1875 1858 qua:
1902 1798 2026 1844 sunt
2047 1806 2200 1844 mun-

2309 616 2516 685 ἔχοντες
2537 618 2791 683 γυναῖκας
2822 614 2894 676 ὠς
2927 614 2997 684 μὴ
3020 614 3211 683 ἔχοντες
3238 605 3344 675 ὦσι,
3378 614 3458 666 καὶ
3492 615 3533 666 oi
3564 616 3634 667 κλι

2259 720 2274 741 δ
2307 725 2396 771 τες
2425 707 2499 770 ὡς
2528 705 2599 776 μὴ
2625 704 2912 766 κλαίοντες,
2942 704 3032 755 καὶ
3054 704 3100 755 οί
3127 703 3375 772 χαίροντες
3397 701 3461 763 ὡς
3486 703 3549 772 μὴ
3570 722 3627 772 χα

2306 806 2413 859 τες,
2453 796 2546 848 καὶ
2589 795 2637 846 οί
2683 791 3033 862 ἀγοράζοντες
3071 791 3139 854 ὡς
3171 791 3236 861 μὴ
3279 790 3570 860 κατέχοντες,
3598 811 3638 845 xc

2306 886 2568 958 χρώμενοι
2609 883 2687 954 τῷ
2728 884 2913 951 κόσμῳ
2945 882 3118 950 τούτῳ
3167 880 3232 943 ὼς
3278 882 3342 951 μὴ
3382 882 3634 952 καταχρώμ

2306 978 2545 1047 Παράγει
2575 976 2680 1045 γὰρ
2702 974 2767 1027 τὸ
2814 973 2997 1042 σχῆμα
3029 972 3114 1024 τοῦ
3140 974 3322 1042 κόσμου
3348 972 3541 1025 τούτου·
3568 972 3639 1025 θέλ

2304 1068 2445 1137 ὑμᾶς
2488 1062 3020 1136 ἀμερίμωυςνεῖναι·
3059 1065 3085 1116 ὁ
3127 1063 3316 1133 ἄγαμος
3356 1066 3563 1134 μεριμνᾷ
3589 1064 3638 1117 τὰ

2301 1158 2527 1228 Κυρίου,
2572 1157 2685 1218 πῶς
2724 1156 2895 1227 ἀρέσῃ
2940 1153 3018 1223 τῷ
3048 1154 3250 1225 Κυρίιρ“’
3293 1155 3318 1205 ὁ
3350 1154 3401 1205 δὲ
3436 1156 3644 1225 γαμήσας

2307 1249 2469 1319 ριμνᾷ
2513 1246 2579 1299 τὰ
2625 1246 2715 1299 τοῦ
2749 1245 2972 1314 κόσμου,
3009 1245 3117 1306 πῶς
3159 1240 3315 1315 ἀρέσῃ
3350 1246 3410 1312 τῇ
3452 1246 3638 1311 γυναικὶ

2308 1339 2642 1407 μεμέρισται.
2688 1335 2795 1387 Καὶ
2838 1335 2871 1404 ἡ
2900 1333 3033 1404 γυνὴ
3064 1334 3095 1402 ἠ
3134 1331 3348 1399 ἄγαμος,
3372 1331 3513 1402 καὶὴ
3546 1350 3642 1402 παρ

2306 1425 2537 1494 μεριμνᾷ
2567 1422 2633 1475 τὰ
2667 1421 2756 1474 τοῦ
2785 1421 3007 1492 Κυρίου,
3047 1421 3127 1473 ἵνα
3157 1420 3314 1490 ἀρέσῃ
3343 1419 3413 1489 τῷ
3435 1420 3620 1490 Κυρίῳ,

2300 1515 2429 1583 ἁγία
2467 1515 2559 1566 καὶ
2586 1512 2662 1582 τῷ
2695 1511 2922 1583 σώματι,
2968 1512 3060 1564 καὶ
3089 1510 3162 1580 τῷ
3187 1510 3464 1579 πνεύματι·
3490 1512 3524 1579 ἠ
3553 1509 3604 1561 δὲ
3628 1526 3646 1575 π

2304 1622 2440 1657 σασα
2475 1604 2706 1675 μεριμνᾷ
2732 1602 2797 1654 τὰ
2827 1601 2919 1654 τοῦ
2962 1601 3179 1669 κόσμου,
3215 1599 3323 1663 πῶς
3350 1600 3509 1673 ἀρέσῃ
3536 1600 3606 1670 τῷ
3636 1624 3642 1651 ι

2303 1687 2476 1747 Τοῦτο
2493 1693 2547 1746 δὲ
2574 1694 2707 1763 πρὸς
2735 1692 2794 1743 τὸ
2827 1689 2977 1760 ὑμῶν
3006 1688 3267 1759 συμφέρον
3288 1688 3441 1754 λέγω,
3469 1688 3560 1758 οὐχ
3579 1688 3644 1741 ἶνι

2302 1803 2393 1855 χον
2425 1784 2548 1855 ὑμῖν
2577 1782 2862 1845 ὲπιόάλλω,
2897 1779 3032 1834 ἀλλὰ
3065 1779 3195 1848 πρὸς
3226 1778 3282 1830 τὸ
3312 1777 3568 1848 εὔσχημον
3609 1797 3646 1831 κ’

646 1869 742 1933 ‘di,
776 1872 1044 1940 quomodo
1073 1874 1275 1941 placeat
1296 1876 1469 1941 uxori,
1492 1884 1544 1929 et
1567 1876 1769 1932 divisus
1787 1886 1888 1934 est.
1920 1879 1984 1933 Et
2012 1882 2173 1934 mulie

2117 1882 2204 1934 licr
2232 1876 2564 1947 Βπάρεδρον
2619 1873 2695 1943 τῷ
2742 1872 2928 1942 Κυρίῳ
2979 1870 3405 1940 ἀπερισπάστως.
3456 1886 3474 1918 ι
3531 1870 3645 1940 Διαῤ

648 1957 910 2027 innupta,
941 1967 995 2014 et
1026 1960 1175 2031 virgo
1203 1963 1402 2031 cogitat
1431 1980 1548 2033 qua;
1591 1964 1800 2020 Domini
1835 1978 1978 2034 sunt,
2011 1979 2067 2023 ut
2090 1971 2201 2038 pla-

670 2058 783 2102 ceat
803 2047 1046 2110 Domino.
1067 2058 1124 2103 nt
1143 2052 1212 2106 sit
1233 2060 1417 2106 sancta
1439 2061 1491 2108 et
1508 2070 1731 2125 corpore
1755 2065 1807 2111 et
1826 2060 2014 2128 spiritu
2041 2080 2053 2114 :
2084 2075 2202 2130 quae

665 2147 840 2193 autem
865 2147 1024 2208 nupta
1050 2148 1152 2203 est,
1182 2143 1380 2211 cogitat
1406 2158 1524 2211 quae
1552 2153 1677 2198 sunt
1699 2146 1904 2211 mundi,
1933 2150 2200 2217 quomodo

664 2226 872 2295 placeat
900 2227 1032 2281 viro.
1065 2227 1232 2283 Porro
1261 2230 1361 2283 hoc
1391 2231 1458 2284 ad
1489 2233 1768 2288 utilitatem
1794 2244 2026 2290 vestram
2058 2237 2196 2299 dico,

665 2330 770 2369 non
794 2324 851 2369 ut
888 2315 1134 2384 laqueum
1173 2318 1324 2371 vobis
1378 2318 1611 2388 injiciam
1638 2362 1652 2388 ,
1698 2322 1791 2376 sed
1848 2322 1915 2376 ad
1965 2324 2017 2378 id
2057 2326 2199 2393 quod

663 2405 946 2459 honestum
976 2413 1079 2469 est,
1102 2415 1154 2461 et
1175 2405 1315 2476 quod
1346 2407 1645 2464 facultatem
1675 2412 1926 2480 praaboat,
1956 2416 2071 2469 sine
2098 2418 2196 2470 im»

660 2495 966 2562 pedimento
992 2495 1268 2550 Dominum
1300 2499 1618 2553 obsecrandi
1657 2501 1717 2556 ³³.
1756 2521 1774 2554 ι
1804 2501 1998 2557 Palam
2038 2506 2199 2575 igitur

663 2586 715 2638 in
743 2585 827 2638 bis
857 2600 1096 2648 causam,
1123 2602 1221 2640 cur
1247 2605 1277 2642 a
1306 2591 1508 2660 nuptiis
1558 2592 1628 2646 sit
1670 2592 2045 2647 abstinendum
2071 2611 2197 2664 pro-

661 2675 854 2743 ponit,
903 2676 990 2729 ubi
1048 2685 1342 2746 temporum
1404 2695 1689 2750 rerumque
1727 2684 2061 2740 extrinsecus
2114 2687 2196 2741 in-

660 2766 964 2835 gruentium
995 2768 1335 2822 stoliditatem
1378 2771 1716 2840 reprehendit
1745 2792 1759 2827 :
1790 2790 2018 2844 quorum
2062 2779 2196 2832 nihil

659 2855 853 2922 priscis
878 2855 982 2909 illis
1020 2856 1316 2911 accidebat.
1350 2859 1429 2912 Ad
1459 2860 1591 2927 hmc,
1633 2862 1789 2915 tertia
1820 2879 2031 2935 quoque
2057 2868 2194 2922 ratio

661 2942 876 3013 adjungi
910 2951 1103 3012 potest,
1130 2954 1347 3014 prepter
1377 2957 1770 3017 quam‘veteres
1796 2953 1870 3007 illi
1904 2954 1993 3009 Dei
2028 2957 2197 3011 culto-

659 3047 767 3098 res,
797 3033 850 3085 in
882 3034 1246 3101 procreatione
1268 3036 1556 3090 liberorum
1582 3039 1870 3108 plurimum
1899 3045 2058 3099 studii
2083 3047 2194 3099 col-

657 3120 917 3176 locarent.
945 3120 1075 3175 Cum
1100 3124 1289 3193 reliqui
1322 3125 1562 3182 homines
1601 3129 1656 3184 in
1690 3145 1897 3186 morum
1928 3137 2193 3203 perversi-

2303 1962 2430 2029 γοῦν
2457 1965 2512 2014 ὲν
2532 1960 2734 2022 τούτοις
2757 1959 2816 2012 τὸ
2841 1957 3009 2010 αίτιον
3034 1957 3132 2025 τῆς
3159 1956 3363 2025 ἀποχῆς
3394 1955 3482 2008 τοῦ
3504 1957 3647 2025 γάμοι

2307 2050 2502 2121 ίστησι,
2544 2051 2639 2120 τὴν
2684 2049 2791 2101 τῶν
2817 2047 3041 2119 καιρῶν,
3090 2048 3180 2101 καὶ
3203 2047 3307 2099 τῶν
3330 2046 3478 2109 ἐκτὸς
3503 2063 3640 2117 πραγ

2304 2138 2614 2208 ἀϐελτερίαν
2652 2136 3119 2207 ἐπιμεμψάμενος,
3149 2129 3222 2188 ὧν
3259 2136 3407 2187 οὐδὲν
3448 2138 3553 2197 τοῖς
3596 2153 3648 2187 πε

2304 2228 2650 2297 προσέπιπτε.
2675 2228 2785 2279 Καὶ
2816 2228 2995 2297 τρίτος
3026 2226 3078 2277 κδ’
3102 2227 3168 2279 ἂν
3188 2226 3271 2296 εἴη
3302 2225 3449 2294 παρᾶ
3472 2225 3635 2277 ταῦτα

2290 2316 2423 2369 καθ’
2448 2317 2504 2368 ὃν
2529 2319 2576 2368 oi
2593 2316 2754 2369 πάλαι
2779 2316 3038 2383 Θεοφιλεῖς
3061 2317 3398 2378 παιδοποιίας
3431 2315 3652 2385 πλείστηε

2301 2406 2452 2459 οὖντο
2508 2407 2754 2477 σπουδήν.
2788 2406 2906 2458 Τῶν
2932 2405 3132 2458 λοιπῶν
3161 2406 3457 2477 ἀνθρώπων
3484 2407 3560 2468 είς
3588 2422 3648 2457 κα

2300 2499 2430 2551 πίαν
2477 2497 2780 2563 ἐπιδόντων,
2827 2497 2905 2559 είς
2949 2496 3223 2567 ἀνήμερόν
3258 2514 3320 2549 τε
3366 2499 3459 2549 καὶ
3497 2496 3651 2549 ἀπάνί

2301 2592 2391 2645 καὶ
2422 2589 2652 2660 θηριώδη
2680 2587 2790 2658 βίον
2812 2589 3310 2653 ἁποπεπτωκότων,
3338 2589 3416 2653 εἷς
3443 2606 3502 2642 τε
3533 2588 3650 2642 ἀσεε

2298 2684 2464 2748 τελῶς
2516 2686 2605 2738 καὶ
2649 2684 2800 2738 ἄθεον
2857 2682 3059 2753 τρόπον
3112 2680 3592 2751 ἀπωλισθηκότων,
3645 2680 3656 2748 ἶ

2300 2774 2501 2844 σφόδρα
2538 2754 2629 2826 καὶ
2672 2771 2885 2844 ἀριθμῷ
2914 2771 3116 2842 ληπτοὶ
3146 2771 3584 2841 περιλειπόμενοι
3614 2788 3647 2823 κ

2299 2862 2528 2934 πρόσθεν
2559 2865 2688 2932 ἡμῖν
2716 2860 2980 2931 εἰρημένα
3021 2859 3120 2913 τοῦ
3146 2859 3258 2913 τῶν
3285 2860 3497 2914 πολλῶν
3522 2860 3654 2924 {nst

2301 2954 2433 3025 βίου,
2470 2954 2561 3006 καὶ¹
2586 2952 2682 3020 τῆς
2716 2951 2896 3019 κοινῆς
2925 2949 3036 3002 τῶν
3068 2950 3278 3005 λοιπῶν
3318 2951 3619 3023 ἀνθρώπων
3648 2970 3654 2996 ι

2300 3043 2550 3115 στροφῆς.
2603 3040 3039 3111 Κεχωρισμένως
3077 3041 3121 3093 δ’
3173 3037 3270 3095 οὖν
3322 3042 3434 3095 τῶν
3478 3041 3646 3094 ἄλλων

2296 3131 2391 3184 καὶ
2425 3127 2563 3183 κατὰ
2599 3127 2763 3198 μόνας
2805 3127 3074 3197 βιοῦντες,
3111 3129 3395 3183 πολιτείαν
3429 3129 3606 3199 ξένην,
3636 3146 3658 3180 γ

656 3220 764 3266 tate
794 3214 967 3282 majus
995 3214 1051 3268 in
1087 3215 1200 3270 dies
1233 3217 1618 3273 incrementum
1651 3223 2005 3293 accepissent,
2035 3235 2184 3297 atque

2131 3245 2194 3283 ue
2221 3220 2265 3281 C
2298 3219 2599 3289 φιλόσοφον,
2632 3218 2722 3270 καὶ
2764 3216 2838 3280 ὼς
2869 3217 3098 3288 ἀληθῶς
3140 3219 3402 3291 θεοσεϐῆ,
3435 3221 3533 3274 καὶ
3567 3222 3659 3272 toti

657 3302 713 3355 in
745 3303 1052 3370 immanem,
1085 3304 1189 3373 32
1220 3313 1272 3360 et
1305 3307 1372 3360 ab
1398 3309 1545 3361 omni
1583 3310 1914 3368 humanitate
1945 3316 2192 3382 alienam,

654 3400 709 3447 et
730 3394 886 3464 plane
916 3394 1138 3449 ferinam
1173 3397 1332 3450 vitam
1370 3398 1564 3467 relapsi
1594 3412 1793 3469 essent,
1814 3411 1867 3457 et
1892 3404 1944 3458 in
1974 3405 2192 3475 impium

654 3499 898 3556 prorsus,
925 3486 1178 3556 omnique
1204 3487 1447 3557 religioni
1483 3489 1756 3545 inimicum
1785 3509 2006 3559 morem,
2041 3496 2195 3551 facile

654 3578 988 3632 corruissent
1012 3596 1026 3633 :
1063 3577 1214 3631 valde
1240 3579 1417 3647 pauci,
1439 3586 1491 3633 et
1522 3578 1675 3635 facile
1699 3585 2080 3649 numerabiles,
2100 3589 2192 3657 qui

653 3678 986 3738 supererant,
1028 3684 1089 3724 ea
1118 3677 1417 3733 sectantes,
1452 3686 1569 3738 qua:
1613 3673 1761 3740 prius
1789 3689 1819 3727 a
1850 3677 2005 3731 nobis
2053 3678 2195 3730 dicta

654 3765 802 3819 sunt,
829 3772 857 3809 a
904 3757 1192 3810 multorum
1223 3758 1609 3812 consuetudine
1636 3771 1689 3813 et
1716 3775 1746 3812 a
1774 3766 2040 3816 communi
2072 3780 2193 3819 cum

654 3848 874 3916 reliquis
901 3846 1208 3899 hominibus
1235 3847 1377 3901 victu
1396 3888 1410 3912 ,
1442 3863 1501 3903 se
1533 3851 1869 3905 amovebant.
1902 3851 2066 3906 Porro
2093 3869 2190 3906 au-

655 3947 759 3991 tem
796 3951 917 3988 cum
946 3949 1187 3989 seorsum
1231 3936 1298 3990 ab
1335 3936 1454 3991 aliis
1482 3940 1729 4006 gentibus
1757 3979 1772 4003 ,
1828 3940 2193 4012 singularique

655 4041 802 4079 more
833 4026 1091 4089 viverent,
1116 4040 1305 4079 novam
1350 4028 1620 4096 quandam
1672 4027 1995 4099 Reipublicae
2032 4033 2193 4086 ratio-

652 4131 796 4181 nem,
828 4123 1096 4184 vrtamque
1125 4116 1415 4170 studiosam
1441 4119 1734 4187 sapientiae,
1761 4137 1991 4191 vereque
2022 4122 2190 4192 ipsius

654 4197 745 4259 Dei
768 4205 1066 4267 cultricem,
1092 4212 1145 4258 et
1166 4205 1386 4274 reliquis
1407 4206 1713 4263 hominibus
1738 4209 2187 4278 impermiscuam,

654 4293 1019 4348 instituerunt.
1056 4291 1125 4346 Ut
1155 4294 1316 4363 igitur
1340 4298 1570 4364 posteris
1592 4313 1805 4367 quoque
1834 4298 2046 4352 illorum
2073 4316 2191 4368 pro-

640 4382 782 4451 priae
808 4382 1102 4449 religionis,
1121 4390 1368 4451 tanquam
1394 4385 1625 4438 scintilla
1641 4387 1880 4456 quaedam
1907 4390 2188 4457 reparandi

646 4472 811 4542 «ignis,
844 4471 918 4523 ita
948 4471 1163 4539 aliquod
1194 4487 1372 4526 semen
1405 4483 1725 4539 servaretur,
1749 4492 1921 4546 neque
1942 4494 2046 4532 una
2064 4495 2183 4534 cum

2295 3307 2595 3379 ἀνθρώποις
2625 3306 2984 3375 ἀνεπίμικτον
3011 3307 3366 3363 συνίσταντο.
3400 3310 3498 3362 ’ἶν’
3525 3306 3618 3363 οὖν
3651 3326 3660 3359 τ

2296 3401 2584 3472 μετέπειτα
2610 3398 2707 3468 τῆς
2731 3398 2941 3462 οἰκείας
2973 3398 3302 3465 θεοσεϐείας
3339 3399 3595 3474 ζώπυρόν
3628 3403 3666 3453 ὲι

2294 3491 2511 3561 σπέρμα
2549 3488 2882 3559 φυλάττοιτο,
2942 3489 3069 3558 μηδ’
3097 3491 3321 3545 ἐκλίποι
3351 3492 3453 3545 κα.)⁸
3498 3492 3666 3545 ἁπόλο

2291 3586 2358 3654 τῇ
2389 3581 2495 3634 τῶν
2537 3577 2740 3649 ἀνδρῶν
2785 3576 3024 3650 τελευτῇ
3067 3580 3140 3633 τὰ
3177 3581 3287 3653 τῆς
3338 3584 3464 3636 κατ’
3510 3583 3668 3637 αὐτοὶ

2292 3674 2461 3738 6είας,
2495 3672 2715 3733 εἰκότως
2758 3668 3125 3736 παιδοποιίας
3168 3676 3270 3726 καὶ
3321 3674 3670 3746 παιδοτροφίι

2291 3774 2437 3812 νοιαν
2463 3757 2695 3825 εἰσῆγον,
2723 3755 2797 3818 ὡς
2835 3755 2913 3810 ἂν
2945 3758 3279 3815 διδάσκαλοι
3320 3764 3424 3817 καὶ
3468 3763 3672 3834 καθηγτ

2290 3866 2458 3902 νοιντο
2499 3848 2605 3900 τῶν
2652 3845 2789 3899 ἰδίων
2836 3849 3090 3916 παίδων,
3144 3852 3442 3925 διαδόχους
3491 3856 3676 3909 εὐσεόε

2290 3938 2385 4007 τῆς
2410 3936 2612 4011 οἰκείας
2650 3933 2848 4004 ἀρετῆς
2901 3936 3304 4013 κληρονόμους
3340 3948 3461 4009 τοῖς
3495 3945 3677 4017 μετέπ

2289 4025 2527 4077 ταλιπεῖν
2567 4024 2847 4076 σπουδαῖον
2906 4023 3061 4082 εἶναι
3115 4034 3456 4104 ἡγούμενοι.
3494 4037 3676 4089 Ἔνθεπ

2290 4112 2577 4183 προφῆται,
2611 4112 2704 4164 καὶ
2742 4111 2953 4169 δίκαιοι
2990 4119 3229 4192 ἄνδρες,
3262 4125 3441 4190 αὑτός
3471 4125 3522 4180 θ’
3557 4130 3589 4181 ὁ
3615 4129 3677 4180 Σι

2288 4202 2489 4272 Κύριος
2532 4199 2704 4271 ἡμῶν,
2737 4199 2791 4252 οἴ
2820 4219 2888 4256 τε
2934 4207 3148 4263 τούτου
3188 4212 3457 4285 μαθηταὶ
3505 4217 3610 4270 καὶ
3648 4218 3680 4269 ἁ

2288 4294 2351 4344 ὲκ
2374 4291 2470 4361 τῆς
2501 4289 2672 4342 αὐτῶν
2699 4289 2929 4363 διδαχῆς
2964 4297 3447 4374 ἀναπεφήνασιν.
3477 4306 3552 4360 El
3578 4307 3638 4361 δὲ
3672 4325 3680 4351 ε

2289 4380 2475 4449 φαῦλοι
2505 4379 2776 4470 ,προῆλθον
2810 4383 2874 4448 ἐξ
2934 4387 3161 4454 αὐτῶν,
3210 4394 3295 4457 ὡς
3333 4397 3462 4467 ἅμα
3506 4400 3649 4470 σίτῳ

2288 4469 2633 4539 ὑποφυείσης,
2672 4469 2783 4522 ἀλλ’
2824 4473 2996 4529 οὔπω
3045 4484 3187 4547 τοὺς
3238 4488 3604 4560 σπείραντας
3655 4509 3682 4544 ο

643 4541 887 4630 ipsorum
913 4560 1139 4613 decessu
1167 4560 1404 4629 ipsorum
1435 4563 1604 4632 pietas
1636 4563 1902 4633 deficeret,
1925 4576 2082 4639 atque
2112 4572 2171 4624 in

2157 4590 2188 4624 .-
2215 4541 2259 4595 D
2282 4561 2402 4615 οὐδὲ
2427 4563 2551 4624 τοὺς
2587 4560 3097 4636 ἀναθρεψαμένους
3122 4590 3138 4603 ο
3166 4541 3321 4630 *ἐπεὶ

641 4652 853 4718 teriret,
888 4653 1080 4706 merito
1110 4658 1163 4706 et
1189 4654 1508 4723 generandae
1552 4664 1605 4708 et
1642 4656 1843 4712 alenda:
1870 4660 2067 4715 sobolis
2091 4676 2187 4713 cn-

648 4758 762 4796 ram
794 4743 1164 4806 introduxere,
1208 4751 1266 4795 ut
1326 4744 1405 4797 sic
1461 4743 1710 4802 doctores
1741 4758 1898 4819 atque
1943 4751 2185 4824 magistri

642 4832 986 4901 propriorum
1016 4832 1304 4886 liberorum
1333 4834 1654 4889 exsisterent
1679 4855 1692 4890 :
1740 4839 1934 4908 quippe
1962 4843 2050 4910 qui
2076 4857 2182 4909 upo-

640 4923 808 4977 steris
841 4937 1184 4978 successores
1208 4925 1448 4992 pietatis,
1476 4927 1809 4997 proprizeqne
1835 4930 2045 4985 virtutis
2078 4931 2183 4985 ha:-

651 5009 804 5063 redes
829 5013 1162 5082 relinquere,
1211 5013 1493 5083 pulchrum
1539 5024 1700 5084 atque
1732 5017 2010 5071 honestum
2034 5018 2181 5086 judi-

576 5104 610 5171 λς,
649 5105 854 5151 carent.
880 5097 1015 5154 Hinc
1048 5117 1177 5157 sane
1212 5104 1494 5174 propheta:
1532 5104 1966 5169 innumerabiles,
2004 5116 2055 5161 et
2081 5108 2182 5161 viri

584 5185 622 5243 *ἶ
645 5185 776 5253 justi
803 5204 817 5238 :
845 5187 976 5253 quin
1006 5189 1119 5256 ipse
1165 5209 1379 5263 quoque
1407 5194 1650 5249 Salvator
1691 5212 1753 5248 ac
1801 5193 2058 5251 Dominus
2087 5213 2182 5251 no-

595 5266 598 5269 ’
650 5284 782 5338 ster,
805 5275 1026 5344 ejusque
1071 5279 1317 5349 discipuli
1349 5292 1508 5354 atque
1557 5285 1815 5356 apostoli,
1857 5285 1924 5339 ab
1969 5287 2179 5340 illorum

649 5362 933 5431 disciplina
964 5362 1185 5431 profecti
1224 5378 1366 5424 sunt.
1406 5373 1557 5437 Quod
1609 5374 1653 5429 si
1682 5374 1774 5442 qui
1801 5372 1959 5426 etiam
2001 5372 2179 5429 vitiosi

651 5453 719 5505 ab
749 5451 933 5505 iisdem
966 5451 1293 5520 prodierunt,
1311 5464 1463 5526 quasi
1486 5465 1647 5532 palea:
1676 5463 1834 5516 simul
1858 5477 1978 5516 cum
2001 5464 2179 5518 tritico

649 5538 1055 5602 subnascentes,
1090 5551 1198 5590 non
1241 5540 1309 5593 ob
1347 5543 1396 5596 id
1439 5554 1613 5604 tamen
1663 5546 1912 5617 culpandi
1952 5547 2042 5617 qui
2090 5561 2178 5617 ge-

792 5712 816 5765 1
858 5711 983 5765 Cor.
1020 5726 1090 5764 vn
1117 5750 1131 5778 ,
1161 5672 1349 5772 29-33.

2288 4670 2376 4724 ρος
2412 4652 2659 4723 μαθητῶν
2693 4653 2855 4722 ἴσμεν
2887 4661 3061 4725 τινὰς
3110 4665 3179 4732 ἐξ
3231 4670 3628 4734 αὑτεξουσίου
3678 4693 3686 4707 λ

2286 4744 2390 4835 τεῆς
2419 4742 2852 4835 ᾲτξοσφξιλένξας.
2901 4748 2978 4803 Ἠ
3012 4752 3126 4821 μὲν
3160 4753 3267 4810 οὖν
3308 4763 3477 4816 αἰτία
3509 4765 3621 4835 τῆς
3652 4783 3685 4816 τ

2286 4832 2541 4926 θεοφιλῶν
2589 4832 2793 4926 ἀνδρῶν
2828 4838 3223 4926 παιδοποιίας
3277 4832 3622 4926 ἀνείρηται,
3666 4860 3686 4910 ’1

2283 4924 2365 4991 ἐφ’
2398 4922 2549 4993 ἡμῶν
2597 4922 2774 4994 χώραν
2807 4925 2940 4997 ἔχει
2983 4931 3193 5003 λέγειν
3220 4956 3238 4971 ’
3289 4943 3393 4996 ὅτε
3426 4922 3556 5000 Ϋσίλν
3590 4948 3690 5001 Θεὲ

2280 5011 2370 5103 τοῦ
2419 5013 2662 5103 Σωτῆρος
2698 5015 2861 5084 ἡμῶν
2907 5023 3328 5103 εὐαγγελικῆς
3363 5035 3689 5094 διδασκαλίς

2281 5102 2434 5205 Eam,
2469 5103 2561 5155 καὶ
2583 5102 2784 5205 λαοὺς,
2845 5114 3015 5205 κατά
3070 5134 3139 5171 τε
3200 5102 3417 5192 πόλεις
3464 5133 3573 5185 καὶ
3629 5138 3691 5205 xc

2283 5194 2812 5297 ἀγριδςπιρξστιν,
2844 5202 2998 5273 ἡμῖν
3056 5208 3409 5288 ὀφθαλμοῖς
3473 5194 3690 5297 δρᾷνπ

2285 5283 2421 5336 κατὰ
2458 5280 2518 5336 τὸ
2548 5286 2695 5349 αὐτὸ,
2724 5288 2828 5339 καὶ
2880 5280 3312 5372 συντρέχοντα
3362 5280 3473 5368 ὲψπὶ
3514 5280 3631 5373 :t'iw
3681 5338 3692 5373 ε

2289 5369 2516 5473 μάθησιν
2670 5373 3072 5473 εὺαῖγελικῆς
3103 5366 3513 5470 διδασκαλίας
3533 5366 3684 5473 Ϊδοῖς

2283 5459 2537 5572 δόναῖθαι
2567 5462 2997 5572 ἷξαρκεξνιτοὺς
3026 5477 3440 5557 διδασκάλους
3469 5459 3580 5553 σία).
3606 5459 3692 5572 ⁷κῆ

2284 5547 2379 5617 τῆς
2427 5547 2727 5615 θεοσεϐείας
2773 5552 2987 5627 λόγου,
3047 5569 3307 5631 πάντων
