3870 6324
1033 406 1687 469 DEMONSTRATIONIS
1723 405 2170 465 EVANGEL’ICE
2208 401 2331 459 IIIB.
2358 403 2425 461 Ι..
3332 413 3398 466 8:

43 459 375 598 ὒβίου
400 501 638 598 ξεσιέῶνι
679 505 784 598 ’ξαὶ
809 509 953 564 τῶν
997 522 1435 595 πολυμερίμνων
1459 526 1762 596 φροντίδων.

1866 525 2113 586 nuerint,
2155 526 2245 574 aut
2272 518 2364 587 qui
2395 515 2717 573 enutrierint
2745 537 2759 574 :
2789 522 2998 590 quando
3031 529 3187 576 etiam
3218 523 3284 578 de
3311 524 3397 579 di-

59 556 122 595 7
197 564 229 597 ρ’
276 556 290 569 ⁸
496 556 509 573 Ι
598 556 638 569 ⁷⁷
684 556 782 559 ""'
825 556 949 564 *⁷⁷⁷
1008 556 1435 595 συνηνμςριμνων
1459 556 1762 596 γμυνιιιυων.

59 556 366 687 Λάιπξι
394 590 439 642 δ’
469 589 567 645 οὖν
612 595 853 663 τούτοις
910 605 1272 679 ἀναγκαίως
1317 615 1382 668 τὰ
1420 615 1511 669 νῦν
1556 616 1639 668 διὰ
1668 616 1762 687 τὴν

1866 556 2113 586 nucum,
2155 556 2245 574 ...η
2273 556 2364 587 η...
2395 556 2717 573 summa...
2745 562 2758 574 .
2789 556 2998 590 qua...”
3031 556 3187 576 τηε...
3218 556 3283 578 ..ς
3311 556 3397 579 υ.-

1869 614 2087 683 scipulis
2119 610 2410 665 Salvatoris
2434 609 2645 677 aliquos
2670 611 2915 665 novimus
2943 611 3185 666 libertate
3209 614 3398 679 volun-

85 710 175 764 ¢e
187 679 351 778 P‘f‘}
389 682 633 778 κβίῖτω
681 686 921 763 σχολὴν
980 700 1027 770 ἡ
1065 703 1181 756 τῶν
1220 704 1405 775 γάμων
1432 679 1764 778 ἀναχώρησίς

1865 679 1992 756 tatis
2030 715 2263 764 aversos,
2310 713 2342 751 α
2385 706 2532 752 recto
2563 696 2864 753 aberrasse.
2901 699 3076 755 Causa
3125 701 3288 771 igitur
3326 705 3397 757 ob

92 773 488 858 σπουδάζεται,
524 774 631 830 ἥτε
677 782 832 848 περὶ
867 784 1000 858 τὴν
1048 792 1236 846 ἔνθεον
1270 773 1359 847 τεαὶ
1386 773 1625 865 ἀσαριιον-
1644 773 1769 849 παι-

92 865 349 951 scita!“
378 866 877 938 ἀσχολουμένοις.
920 879 1048 950 οὐχ
1083 883 1203 946 ἑνὸς
1230 885 1345 936 οὐδὲ
1377 884 1514 936 δυεῖν
1548 885 1766 949 παίδων,

103 955 454 1046 δλλίάθρΰως
481 974 559 1027 μυ
568 959 700 1029 ρίου
725 962 1026 1035 πλήθους
1039 972 1144 1043 τὴν
1164 973 1552 1045 παιδοτροφίαν,
1565 977 1655 1029 καὶ
1674 976 1769 1046 τὴν

117 1044 277 1125 κατά
299 1046 414 1099 Θεδν
445 1050 797 1117 παίδευσιν,
831 1057 957 1128 τῆς
999 1078 1070 1113 τε
1112 1062 1273 1134 ἄλλης
1304 1044 1518 1136 ἀγωγῆς
1536 1065 1630 1118 τοῦ
1658 1044 1767 1135 βίου

129 1156 233 1221 τὴν
269 1139 582 1208 ἐπιμέλειαν
623 1144 1156 1221 ἀναδεδεγμένοις.
1190 1154 1311 1207 Ἐπὶ
1335 1155 1539 1219 τούτοις
1572 1155 1768 1209 ἅπασιν

150 1239 197 1294 εἰ
218 1246 292 1292 τις
318 1229 570 1301 ἀκριδῶς
601 1234 890 1301 ἐξετάζοι
913 1244 1055 1304 τοὺς
1070 1242 1178 1295 τῶν
1203 1242 1438 1297 παλαιῶν
1461 1243 1622 1313 βίους,
1646 1246 1770 1315 περὶ

165 1323 227 1377 ius
244 1320 494 1390 τὸνλόγον
522 1326 695 1379 ποιοῦ
708 1327 897 1397 pte-Ba,
912 1333 1076 1405 γνῴη
1092 1335 1156 1388 ἀν
1177 1336 1365 1397 αὐτοὺς
1391 1336 1445 1387 ὲν
1461 1338 1650 1406 ἀρχαῖς
1674 1336 1773 1405 μὲν
1791 1372 1797 1378 ρ

187 1411 266 1478 ἐἷς
289 1411 495 1482 ἡλικίας
527 1418 1129 1492 παιδοποιουμένους,
1156 1424 1342 1477 θᾶττον
1359 1425 1415 1478 δὲ
1445 1426 1764 1494 ἀνασχόντας

1867 1417 2188 1485 evangelica:
2213 1416 2468 1470 doctrina:
2487 1423 2748 1485 praecepta
2773 1423 3172 1477 concurrentes,
3200 1417 3399 1485 quibus

202 1493 274 1546 κλὶ
301 1501 839 1575 ἀποπεπαυμὲνους.
893 1512 1215 1582 Γέγραπται
1255 1513 1361 1583 γὰρ
1400 1514 1479 1566 ὃτι
1525 1534 1543 1564 ι
1566 1493 1764 1583 Εὐηρέ-

1867 1507 2081 1575 quidem
2103 1506 2235 1559 satis
2260 1520 2526 1575 superque
2562 1505 2662 1566 sit,
2705 1504 2750 1557 si
2776 1504 3026 1558 doctores
3052 1519 3115 1558 ac
3148 1506 3399 1573 praedica-

175 1596 366 1659 ωησεν
402 1593 581 1664 Ἑνὼχ
619 1596 706 1666 τῷ
761 1598 933 1670 Θεῷ,
976 1602 1114 1672 μετά
1152 1601 1212 1654 τὸ
1247 1602 1498 1671 γεννῆσαι
1536 1602 1625 1655 τὸν
1654 1604 1764 1655 Μα-

1865 1606 2013 1652 tores
2064 1596 2228 1651 divini
2255 1595 2401 1649 verbi
2429 1595 2679 1650 omnibus
2735 1605 2789 1649 et
2832 1596 2956 1649 vitae
3005 1597 3280 1662 vinculis,
3344 1605 3397 1651 et

147 1681 435 1749 ρει-δσάλα,
466 1703 485 1735 ι
532 1685 797 1756 ἀκριϐῶς
825 1689 979 1743 οὕτω
1013 1692 1109 1761 τῆς
1136 1691 1349 1761 Γραφῆς
1392 1692 1526 1760 μετά
1560 1692 1648 1743 τὸν
1678 1692 1764 1744 τοῦ

1868 1685 2316 1741 sollicitudinibus
2377 1685 2630 1749 liberati,
2698 1686 2907 1754 possint
2961 1684 3222 1742 sullicere.
3302 1685 3397 1741 llis

161 1774 377 1838 (mae;
412 1776 669 1845 γέννησιν
720 1779 1162 1850 εὐηρεστηκέναι
1199 1781 1275 1851 τῷ
1305 1781 1421 1851 θεῷ
1462 1782 1549 1834 τὸν
1585 1782 1764 1853 δηλού-

1868 1785 2043 1831 autem
2089 1776 2220 1845 ipsis
2273 1775 2507 1830 maxime
2580 1775 2636 1829 in
2700 1775 3022 1844 praesentia,
3085 1785 3145 1829 ut
3205 1776 3395 1830 melio-

176 1867 717 1947 νίκηνίστοροὺσης,
751 1871 856 1922 καὶ
885 1870 1071 1924 οὐκέτι
1094 1872 1150 1937 ἐξ
1177 1872 1378 1924 ἐκείνου
1408 1874 1598 1935 παῖδας
1622 1874 1764 1945 αὑτῷ

1863 1865 2010 1920 ribus
2061 1865 2253 1919 studiis
2286 1871 2475 1918 vacent
2510 1863 2734 1919 liberius
2760 1904 2775 1928 ,
2823 1863 3099 1932 seiunctus
3118 1879 3149 1916 a
3175 1879 3233 1919 re
3263 1879 3396 1919 uso.-

195 1953 438 2027 γενέσθαι
488 1958 916 2028 μαρτυρούσης.
950 1960 1065 2013 Καὶ
1100 1960 1217 2012 Νῶε
1264 1960 1355 2025 δὲ,
1382 1961 1659 2033 ἄνθρωπος
1689 1963 1764 2017 δί-

1861 1955 1941 2007 ria
1972 1952 2147 2008 victus
2172 1952 2468 2018 adamatur,
2502 1953 2663 2007 veluti
2690 1953 2776 2018 iis,
2807 1954 2901 2022 qui
2929 1953 3108 2006 divina
3130 1963 3192 2008 et
3216 1954 3395 2007 incor-

1868 806 2025 860 quam
2058 790 2152 844 viri
2182 788 2354 843 sancti
2408 787 2600 857 priscis
2653 787 2981 855 temporibus
3027 804 3221 859 magno
3270 804 3394 844 cum

1867 880 2044 934 studio
2088 879 2283 932 liberos
2329 876 2692 946 susciperent,
2727 877 2934 933 reddita
2962 888 3087 933 est:
3126 896 3245 949 qua
3284 897 3393 936 non

1866 970 2094 1038 amplius
2126 969 2180 1021 in
2204 968 2359 1023 nobis
2388 968 2564 1022 locum
2597 966 2791 1020 habere
2819 966 3044 1021 dicenda
3065 978 3166 1024 est.
3188 970 3395 1041 Quippe

1867 1074 1988 1111 cum
2007 1099 2021 1123 ,
2050 1058 2156 1111 Deo
2188 1057 2416 1120 favente,
2445 1071 2537 1127 per
2570 1056 2928 1125 evangelicam
2966 1054 3257 1114 Salvatoris
3293 1075 3392 1113 no-

1868 1149 1967 1205 stri
2008 1148 2327 1213 doctrinam,
2362 1146 2778 1202 innumerabiles
2813 1154 2997 1215 gentes
3021 1188 3037 1212 ,
3067 1154 3119 1201 ct
3148 1150 3391 1218 p0pulos,

1868 1238 1923 1291 in
1952 1236 2196 1298 urbibus,
2225 1244 2278 1290 et
2308 1235 2634 1305 regionibus,
2655 1242 2708 1288 et
2737 1236 2881 1305 agris
2906 1235 3075 1290 liceat.
3094 1235 3250 1291 nobis
3272 1252 3395 1291 ocu-

1867 1327 1933 1381 lis
1957 1327 2182 1389 intueri,
2214 1324 2400 1380 eodem
2434 1324 2613 1378 animo
2642 1324 2985 1391 festinantes,
3025 1331 3091 1379 et.
3115 1326 3179 1379 ad
3208 1335 3395 1380 sancta

226 2058 379 2107 ωας,
415 2044 553 2113 μετὰ
585 2046 694 2116 τὴν
730 2047 848 2098 τῶν
876 2046 1079 2099 παίδων
1105 2047 1309 2113 γένεσιν
1340 2052 1493 2118 μόνος
1533 2050 1626 2103 σὺν
1656 2053 1766 2113 τοῖς

236 2132 407 2196 οἰκείοις
446 2134 505 2187 ὲν
538 2137 609 2205 τῇ
658 2135 776 2189 τῶν
819 2136 914 2187 ἐπὶ
956 2137 1055 2206 γῆς
1098 2139 1341 2191 ἁπάντων
1367 2138 1537 2210 φθορᾷ
1571 2139 1764 2191 διασω-

234 2220 340 2287 θεὶς,
375 2225 657 2288 πλείστοις
707 2225 851 2296 μετά
888 2224 1058 2277 ταῦτα
1100 2225 1337 2290 ὲπιόιοὺς
1376 2226 1569 2292 ἔτεσιν,
1611 2226 1763 2279 οὐδα-

231 2311 324 2380 μῶς
355 2315 638 2384 είσάγεται
684 2315 889 2376 παῖδας
927 2315 1278 2383 κτησάμενος.
1330 2316 1556 2383 Λέγεται
1593 2316 1647 2369 δὲ
1675 2316 1765 2370 καὶ

225 2400 253 2451 ό
284 2402 484 2468 Ἰσαὰκ,
538 2406 608 2457 ὲκ
661 2405 800 2474 μιᾶς
823 2402 1067 2473 γαμετῆς
1112 2402 1323 2474 διδύμου
1380 2406 1544 2475 γονῆς
1589 2408 1767 2479 πατὴρ

225 2485 453 2550 γεγονὼς,
512 2487 687 2558 μέχρι
731 2488 924 2540 τούτου
972 2489 1159 2558 στῆσαι
1204 2491 1300 2560 τὴν
1347 2490 1483 2561 πρὸς
1524 2495 1765 2565 γαμετὴν

218 2573 424 2639 ὅμιλίαν.
462 2580 578 2630 Καὶ
625 2580 658 2630 ὁ
691 2578 919 2648 Ἰωσὴφ,
959 2579 1052 2630 καὶ
1091 2578 1261 2655 ταῦτα
1302 2581 1429 2652 παρ’
1458 2583 1766 2651 Αἰγυπτίοις

1860 2057 2020 2113 porea
2078 2042 2262 2097 sobole
2321 2042 2663 2112 propaganda
2689 2083 2703 2106 ,
2757 2045 3001 2112 occupati
3062 2051 3389 2098 teneantur:

1861 2141 1913 2187 et
1960 2148 2064 2186 non
2118 2134 2308 2197 unius,
2370 2149 2540 2203 neque
2603 2134 2832 2187 duorum
2904 2134 3229 2197 liberorum,
3300 2137 3395 2191 sed

1861 2218 2147 2271 acervatim
2172 2220 2577 2274 innumerabilis
2608 2220 2963 2275 multitudinis
2998 2221 3393 2287 educationem,

1862 2316 2206 2378 sanctamque
2255 2309 2591 2377 disciplinam
2620 2348 2637 2375 ,
2691 2326 2755 2365 ac
2791 2312 3012 2381 reliquae
3052 2310 3398 2367 instituenda

1861 2397 1984 2450 vitae
2044 2412 2229 2451 curam
2296 2399 2649 2467 susceperint.
2716 2398 3048 2455 Postremum
3115 2400 3392 2464 omnium,

1859 2486 1962 2556 33
1979 2487 2163 2557 siquis
2189 2489 2488 2557 priscorum
2510 2489 2721 2543 illorum
2751 2492 2910 2552 vitas,
2938 2492 3003 2545 de
3031 2492 3226 2561 quibus
3249 2507 3394 2545 nunc

1861 2578 2149 2646 loquimur,
2184 2578 2466 2647 diligenter
2508 2580 2748 2649 exploret
2778 2597 2791 2633 :
2839 2580 3093 2639 inveniet.
3118 2595 3210 2635 eos
3241 2582 3394 2636 initio
3428 2652 3431 2661 η

1825 2653 1832 2660 ’
1859 2667 2073 2736 quidem
2104 2667 2296 2732 aetatis,
2327 2669 2496 2722 soboli
2519 2669 2793 2738 augendae,
2822 2672 3177 2741 conjugioqae
3209 2686 3396 2725 vacan-

1858 2763 1981 2820 tes,
2027 2766 2233 2812 mature
2279 2767 2457 2813 autem
2505 2760 2835 2816 abstinentes
2886 2770 3045 2831 atque
3095 2772 3388 2819 cessantes.

215 2662 297 2725 τὰς
325 2665 614 2737 διατριϐὰς
664 2668 1073 2738 πεποιημένος,
1120 2669 1179 2723 οὐ
1217 2671 1382 2724 πλείω
1427 2672 1517 2725 δύο
1566 2674 1765 2729 παίδων

213 2753 423 2825 κατέστη
457 2759 676 2828 πατὴρ,
703 2758 841 2827 μίαν
872 2758 970 2828 τὴν
999 2757 1200 2811 τούτων
1232 2762 1442 2832 μητέρα
1482 2764 1760 2834 ἀγόμενος.

207 2842 302 2895 Καὶ
336 2847 503 2910 αὐτός
532 2864 602 2915 γε
631 2849 884 2918 Μωῦσῆς
918 2850 948 2901 ὃ
975 2866 1036 2902 τε
1067 2850 1257 2904 τούτου
1300 2851 1521 2921 ἀδελφὸς
1559 2854 1765 2923 ’Δαρὼν

203 2933 297 3001 πρὸ
322 2935 423 3004 μὲν
453 2937 555 3007 τῆς
586 2936 688 2989 τοῦ
718 2936 856 2989 Θεοῦ
892 2940 1204 3007 ἐπιφανείας
1232 2941 1561 3012 ἱστοροῦνται
1584 2944 1764 2997 παιδο-

1861 2946 2141 3007 postquam
2185 2939 2367 3008 genuit
2418 2938 2732 2995 Mathusala.
2779 2940 2880 2995 Ubi
2915 2940 3189 3012 Scriptura
3238 2944 3394 3013 plane

202 3028 550 3098 πεποιημένοι
572 3045 588 3057 ο
628 3028 774 3098 μετά
819 3028 875 3081 δὲ
905 3029 1029 3093 τοὺς
1077 3029 1249 3093 θείους
1275 3034 1549 3102 χρησμοὺς
1587 3034 1764 3088 οὐκέτι

1861 3034 1980 3093 post
2003 3027 2238 3094 genitum
2271 3027 2457 3091 lilium,
2490 3026 2599 3083 Deo
2648 3030 2915 3098 placuisse
2971 3033 3152 3095 illum,
3192 3032 3258 3088 de
3284 3049 3392 3105 quo

198 3113 331 3169 Ιπιν
375 3118 570 3181 αὐτοῖς
619 3118 826 3181 παῖδας
859 3119 1039 3187 εὑρεῖν
1070 3121 1510 3190 γεγεννημέδους’
1554 3122 1619 3175 Τί
1662 3125 1762 3195 χρὴ

1863 3114 2120 3183 loquitur,
2150 3123 2428 3180 memorat,
2465 3132 2638 3186 neque
2660 3119 2735 3171 illi
2762 3121 2985 3187 posthac
3015 3123 3153 3177 alios
3185 3125 3393 3193 genitos

196 3202 359 3271 λέγειν
405 3209 540 3276 περὶ
581 3207 954 3277 Μελχισεδέκ;
997 3202 1059 3260 οὗ
1109 3208 1355 3274 καθάπαξ
1406 3212 1463 3263 οὐ
1510 3215 1654 3275 παῖς,
1699 3214 1759 3266 οὐ
1790 3215 1829 3271 c
1862 3203 2001 3258 filios
2027 3205 2225 3273 prodit.
2252 3203 2364 3261 Noe
2391 3221 2604 3276 quoque
2631 3209 2914 3277 virjustus
2942 3222 3062 3279 post
3091 3214 3393 3283 susceptio-

194 3293 355 3360 γένος,
380 3297 447 3349 οὗ
479 3297 712 3368 διαδοχὴ
748 3297 996 3368 φέρεταιο
1024 3300 1134 3351 οὐδ’
1172 3301 1342 3370 Ἰησοῦ
1373 3300 1462 3353 τοῦ
1492 3301 1763 3366 Μωῦσέως

1862 3308 1983 3347 nem
2027 3295 2337 3358 liberorum,
2384 3296 2532 3351 solus
2583 3312 2705 3351 cum
2763 3298 2983 3363 familia,
3037 3316 3159 3355 cum
3189 3305 3391 3374 reliqua

189 3379 454 3455 διαῶχου,
497 3387 629 3439 οὐδὲ
684 3387 953 3439 πλείστων
994 3388 1165 3442 ἄλλων
1198 3391 1505 3460 προφητῶν.
1563 3394 1763 3461 Ζητου-

1861 3384 2039 3436 omnia
2077 3400 2409 3455 quaecunque
2437 3396 2615 3442 essent
2635 3388 2690 3441 in
2716 3399 2877 3452 terra,
2902 3391 3206 3459 periissent.
3243 3394 3393 3447 inco-

189 3474 362 3539 μένοις
394 3478 454 3530 δὲ
492 3478 604 3546 τῆς
635 3476 785 3530 κατά
817 3477 909 3529 τὸν
944 3477 1190 3548 Ἀϐραὰμ
1227 3479 1320 3532 καὶ
1351 3479 1540 3532 Ἰακὼϐ
1579 3482 1761 3535 παιδο-

1861 3472 2022 3527 lumis
2062 3484 2443 3538 conservatus,
2492 3478 2736 3545 plurimis
2782 3481 3006 3547 posthac
3062 3482 3393 3550 superfuisse

186 3564 365 3627 ποιίας
395 3568 452 3619 ὲν
475 3568 701 3637 ἑτέροις
735 3566 828 3618 τὸν
859 3566 1011 3633 λόγον
1046 3567 1380 3638 σχολαίτερον
1423 3569 1761 3624 ἀποδεδώκα-

1861 3562 2018 3616 annis
2048 3563 2359 3627 inducitur,
2409 3580 2581 3634 neque
2630 3574 2808 3620 tamen
2864 3583 3092 3637 usquam
3144 3572 3392 3639 genuisse

185 3663 302 3717 μεν,
342 3654 407 3707 ὲν
440 3650 520 3718 οἷς
561 3654 704 3726 περὶ
759 3655 857 3723 τῆς
903 3654 1010 3706 τῶν
1052 3654 1219 3709 πάλαι
1250 3654 1513 3724 θεοφιλῶν
1557 3657 1760 3728 ἀνδρῶν

1861 3650 1994 3704 alios
2026 3650 2181 3705 filios.
2214 3651 2420 3706 Dicitur
2452 3663 2502 3707 et
2534 3653 2679 3709 Isaac
2717 3663 3000 3725 postquam
3029 3673 3093 3710 ex
3123 3675 3226 3713 una
3259 3675 3392 3714 uxo-

182 3739 530 3814 πολυγαμίας
569 3762 637 3797 τε
680 3745 781 3796 καὶ
823 3744 1171 3808 πολυπαιδίας
1199 3745 1564 3815 διειλήφαμεν,
1607 3749 1689 3816 ἐφ’
1724 3749 1762 3803 ἃ

1861 3753 1917 3793 re
1950 3740 2171 3809 geminae
2196 3742 2362 3809 prolis
2389 3751 2539 3812 pater
2567 3742 2739 3799 factus
2768 3753 2871 3809 est,
2901 3746 3128 3800 desiisse
3150 3762 3271 3801 cum
3301 3749 3390 3803 illa

182 3832 271 3884 καὶ
294 3835 395 3887 νῦν
418 3838 547 3899 τοὺς
572 3833 904 3904 φιλομαθεῖς
932 3834 1339 3906 ἀναπέμπομεν,
1369 3834 1614 3890 τοσοῦτον
1644 3839 1760 3892 ὲπιο

1861 3842 2230 3884 consuescere.
2255 3830 2318 3884 Et
2344 3830 2558 3901 Joscplt,
2587 3848 2707 3886 cum
2734 3836 3027 3903 praesertim
3057 3836 3195 3904 apud
3226 3835 3390 3908 [Egyo

183 3926 583 3995 σημηνάμενοι,
607 3925 697 3977 ὃτι
729 3924 823 3975 καὶ
852 3923 991 3976 κατά
1010 3927 1135 3988 τοὺς
1156 3926 1252 3994 τῆς
1267 3925 1473 3995 Καινῆς
1492 3928 1759 3998 Διαθήκης

1861 3918 1995 3986 ptios
2025 3929 2265 3974 versatus
2300 3922 2390 3986 sit,
2422 3937 2525 3976 non
2554 3924 2673 3992 plus
2705 3938 2861 3992 quam
2901 3927 3129 3980 duorum
3162 3927 3386 3982 liliorutn

180 4009 396 4079 νόμους,
419 4017 485 4068 οὐ
517 4017 769 4084 πάμπαν
805 4014 1169 4084 ἀπηγόρευται
1188 4015 1255 4068 τὰ
1281 4016 1377 4086 τῆς
1402 4017 1755 4082 παιδοποιίας,

1861 4015 2007 4076 pater
2056 4010 2323 4065 exstitisse
2383 4012 2668 4077 invenitur,
2711 4029 2937 4083 quorum
2975 4025 3197 4072 matrem
3228 4032 3388 4071 unam

183 4098 311 4157 ἀλλὰ
339 4106 446 4157 κάν
464 4105 653 4174 τούτῳ
679 4103 754 4155 τὰ
777 4104 1129 4175 παραπλήσια
1149 4109 1259 4169 τοῖς
1281 4106 1442 4160 πάλαι
1465 4106 1757 4176 θεοφιλέσιν

1861 4096 2113 4151 duntaxat
2146 4100 2199 4152 in
2234 4102 2572 4157 matrimonio
2595 4103 2858 4159 habuerit.
2884 4106 2999 4176 Ipse
3027 4107 3186 4161 etiam
3215 4108 3389 4163 Moses

182 4186 548 4249 διατέτακται.
603 4214 623 4245 ι
649 4196 865 4265 Χρῆναι
907 4196 1013 4266 γάρ
1066 4213 1228 4264 φησιν
1269 4196 1473 4264 όλόγος
1516 4198 1603 4250 τὸν
1640 4199 1757 4251 ἐπί-

1861 4196 2012 4255 atque
2042 4190 2161 4257 ejus
2190 4190 2357 4246 frater
2376 4193 2575 4256 Aaron,
2600 4201 2882 4263 antequam
2915 4196 3047 4265 ipsis
3068 4196 3207 4252 Deus
3232 4214 3388 4268 appa-

190 4292 381 4337 σκοπον
443 4285 742 4353 γεγονέναι
818 4286 945 4353 μιᾶς
1015 4284 1266 4352 γυναικὸς
1320 4286 1501 4357 ἄνδρα.
1541 4306 1559 4338 ι
1614 4287 1755 4358 Πλὴν

1861 4278 2043 4339 ruerit,
2077 4277 2214 4334 filios
2248 4282 2498 4349 genuisse
2534 4293 2925 4352 memorantur;
2973 4295 3255 4357 postquam
3287 4305 3387 4345 au-

188 4364 316 4423 me
344 4376 458 4436 τοῖς
506 4371 842 4443 ἱερωμένοις
882 4374 974 4425 καὶ
1020 4374 1154 4442 περϊ
1179 4374 1275 4443 τὴν
1314 4373 1403 4426 τοῦ
1437 4374 1569 4427 Θεοῦ
1598 4374 1757 4445 Θερα-

1861 4374 1959 4421 tem
1982 4368 2161 4421 divina
2197 4372 2410 4424 oracula
2438 4375 2757 4441 acceperint,
2787 4390 2893 4427 non
2924 4378 3152 4445 amplius
3177 4379 3386 4447 genitos

190 4458 341 4513 mimi
386 4460 818 4532 ἀσχολουμένοις
869 4462 1081 4529 ἀνέχειν
1133 4461 1313 4515 λοιπὸν
1370 4465 1506 4530 σφᾶς
1563 4465 1754 4527 αὐτοὺς

1861 4455 1923 4508 ab
1961 4457 2068 4511 illis
2102 4458 2239 4514 filios
2267 4459 2529 4516 invenias.
2564 4460 2699 4525 Quid
2744 4477 2901 4531 porro
2935 4464 3002 4518 de
3035 4465 3385 4523 Melchisedec

190 4554 450 4623 προσήκει
494 4551 605 4620 τῆς
658 4552 908 4620 γαμικῆς
952 4550 1187 4621 ὁμιλίας.
1242 4553 1392 4604 Ὅσοι
1434 4552 1491 4604 δὲ
1538 4554 1608 4622 μὴ
1653 4554 1750 4623 τῆς

1861 4554 1932 4601 est
1957 4547 2262 4614 dicendum,
2290 4550 2445 4619 cujus
2472 4552 2691 4605 omnino
2722 4568 2832 4609 non
2866 4554 3027 4619 filius,
3055 4572 3161 4610 non
3192 4574 3382 4627 genus.

1862 2846 2130 2916 Scriptum
2175 2855 2256 2902 est
2285 2849 2425 2904 enim
2474 2848 2537 2913 “,
2580 2851 2721 2919 quod
2758 2852 3019 2920 placuerit
3061 2852 3244 2907 Enocb
3285 2854 3393 2909 Deo

191 4641 447 4712 ωσαὺτης
508 4639 779 4710 ἠξίωνται
846 4640 1189 4710 ἱερουργίας,
1249 4640 1450 4703 τούτοις
1508 4643 1536 4693 ὁ
1604 4642 1755 4709 λόγος

1861 4654 1959 4691 non
2010 4640 2281 4694 successio
2332 4639 2592 4696 refertur?
2639 4660 2810 4715 neque
2858 4647 2982 4701 item
3011 4646 3158 4711 Jesu,
3204 4648 3293 4716 qui
3325 4649 3382 4704 in

189 4729 477 4801 καθυφίησι
528 4730 819 4799 μονονουχὶ
868 4728 1169 4800 διαρρήδην
1216 4729 1413 4784 ἀπασιν
1454 4730 1750 4801 κηρύττων,

1861 4731 2014 4786 llosis
2047 4733 2220 4786 locum
2245 4736 2525 4801 successit,
2554 4752 2726 4807 neque
2763 4740 3113 4808 plurimorum
3155 4740 3377 4793 aliorum

188 4812 268 4869 ἃτι
308 4821 371 4892 δὴ
428 4841 448 4872 σ
486 4822 686 4891 Τίμιος
734 4822 763 4873 ὁ
811 4819 991 4894 γάμος
1050 4818 1145 4869 καὶ
1196 4821 1227 4887 ἡ
1269 4820 1418 4889 κοίτη
1474 4821 1747 4890 ἀμίαντος,

1861 4820 2245 4889 prophetarum.
2297 4821 2430 4876 Cum
2479 4833 2653 4879 autem
2687 4826 2752 4881 de
2794 4828 3083 4890 Abraham,
3134 4834 3186 4880 et
3213 4826 3377 4882 Jacob

42 4880 53 5017 Β
445 4913 505 4965 δὲ
554 4880 921 4980 παὶ-μοιχοὺς
945 4880 1125 4978 πρινεί
1168 4910 1196 4961 ὁ
1217 4880 1364 4972 θεὸς.
1389 4880 1418 4961 ι’
1444 4880 1621 4963 Ταῦτα

1861 4880 2015 4979 qua-ari
2049 4911 2237 4973 soleat,
2279 4913 2369 4980 qui
2400 4914 2741 4984 multiplicem
2775 4880 3010 4972 sobolem
3052 4880 3381 4988 propagatis:-

186 4987 279 5048 οὖν
310 5004 385 5063 είς
409 5002 512 5071 τὴν
540 4998 770 5070 πρώτην
798 5000 937 5067 ἡμῖν
971 4996 1212 5065 εἰρήσθω
1240 4997 1514 5067 πρότασιν.

1861 5008 1996 5065 runt,
2034 5001 2160 5055 alibi
2192 5017 2291 5057 nos
2319 5005 2548 5062 otiosius
2587 5007 2811 5075 hujusce
2837 5009 2913 5062 rei
2960 5008 3224 5063 rationem
3257 5014 3377 5066 red—

188 5080 417 5144 didimus
451 5108 465 5144 :
499 5089 591 5142 ubi
625 5088 696 5141 de
722 5094 1054 5140 sanctorum
1086 5091 1318 5138 veterum
1350 5087 1579 5141 virorum
1606 5089 1879 5158 multiplici
1898 5090 2145 5160 coningio
2165 5091 2546 5165 multiplicique
2570 5096 2751 5150 sobole
2769 5096 3138 5152 disseruimus.
3157 5098 3236 5152 Ad
3260 5116 3377 5170 qua:

191 5180 381 5248 Scripta
399 5186 590 5234 nostra
607 5181 660 5232 in
680 5176 952 5247 praesenti
978 5174 1259 5230 studiosos
1280 5176 1500 5233 lectores
1517 5181 1847 5246 remittimus,
1864 5185 1964 5237 hoc
1990 5200 2151 5238 unum
2176 5185 2539 5253 admonentes,
2572 5204 2639 5242 ne
2659 5186 2791 5242 Novi
2818 5189 3031 5258 quidem
3048 5189 3373 5249 Testamenti

194 5262 405 5336 legibus,
433 5288 556 5341 quae
580 5271 651 5325 ad
687 5269 1114 5336 susceptionem
1145 5267 1429 5324 liberorum
1458 5275 1736 5342 pertinent,
1768 5280 1986 5333 omnino
2030 5279 2295 5343 interdici,
2328 5282 2422 5336 sed
2453 5284 2507 5336 in
2568 5284 2669 5336 hoc
2713 5296 2924 5353 quoque
2978 5285 3044 5339 iis
3090 5295 3374 5340 consenta-

196 5366 308 5422 nea,
343 5378 457 5429 qua:
478 5362 548 5416 de
573 5359 782 5430 priscis
814 5358 930 5410 illis
970 5355 1183 5410 sanctis
1207 5357 1337 5414 viris
1368 5372 1732 5430 memorantur,
1770 5368 2011 5423 instituta
2040 5370 2241 5424 haberi.
2273 5387 2290 5420 ι
2319 5367 2574 5439 Oportere
2597 5372 2760 5438 enim,
2807 5392 2826 5426 ι
2863 5375 2991 5429 dicit
3057 5390 3233 5429 sermo
3294 5375 3374 5430 di-

198 5447 336 5508 vinus
360 5457 420 5518 ",
457 5473 478 5506 ι
517 5455 859 5523 episcopum
926 5448 1102 5500 unius
1132 5450 1316 5503 uxoris
1351 5452 1512 5507 virutn
1539 5470 1671 5512 esse.
1714 5480 1733 5511 ι
1772 5459 2146 5519 Verumtamen
2198 5479 2311 5528 eos,
2338 5466 2427 5534 qui
2452 5467 2645 5520 sacrati
2674 5469 2801 5532 sint,
2839 5477 2996 5538 atque
3055 5470 3107 5522 in
3150 5468 3241 5521 Dei
3268 5469 3369 5521 mi-

194 5535 389 5599 εἱειεήο
436 5545 715 5611 cultuque
743 5534 1043 5601 οοοιιικιιίο
1077 5538 1352 5595 conﬂuere
1374 5542 1613 5612 deinceps
1633 5549 1836 5617 seipsos
1865 5566 1893 5605 a
1922 5552 2241 5608 commercio
2276 5553 2456 5610 uxoris
2485 5555 2635 5611 decet
2664 5575 2676 5610 :
2733 5559 2827 5624 qui
2897 5565 3071 5611 autem
3136 5570 3244 5610 non
3304 5552 3371 5609 ad

48 5070 65 5313 ἢ

62 5342 77 5561 l

38 5632 53 5737 ί
250 5719 435 5774 ηοω,
491 5736 513 5771 ι
541 5756 559 5783 γ
603 5712 702 5766 24.
794 5706 841 5738 ⁸⁸
877 5704 895 5755 Ι
930 5702 1078 5755 Tim.
1112 5720 1190 5770 ιιι,
1221 5709 1273 5762 2.

28 5954 95 6227 ὅ

64 6307 179 6320 ...νη-Γ
