3870 6382
645 420 710 472 79
1292 412 1555 468 EUSEBII
1592 403 2244 468 CRESARIENSIS'OPP.
2285 406 2466 466 PARS
2494 410 2556 464 li.
2595 434 2663 450 ——
2689 404 3187 467 APOLOCETICA.

641 535 788 594 bent,
818 546 933 600 qua!
951 530 1283 583 extrinsecus
1319 536 1559 595 premant
1580 569 1594 591 ,
1643 536 1694 581 ct
1722 543 1838 596 qua:
1888 528 1941 579 in
1973 527 2155 580 aliena:

2243 529 2298 592 _6
2332 527 2515 595 καιρὸς
2550 525 2979 595 συνεσταλμένος.
3013 526 3087 577 Τὸ
3121 522 3324 577 λοιπόν
3360 520 3517 577 ἐστιν,
3562 531 3690 581 {vam

640 639 798 676 curas
824 621 1057 689 undique
1089 619 1317 680 trahant,
1342 626 1393 671 et
1437 619 1503 670 ab
1534 633 1717 671 earum
1750 632 1925 671 rerum
1955 616 2133 669 studio
2154 657 2168 678 ,

640 727 759 781 qum
792 712 894 766 Deo
942 712 1187 780 placent,
1238 709 1522 761 abducant.
1575 707 1722 761 lianc
1764 709 1921 776 igitur
1951 722 2171 760 causam

639 820 779 865 esse,
817 820 913 859 cur
952 803 1183 856 nubendi
1243 803 1378 856 ratio
1430 803 1763 855 contrahitur
1790 842 1806 866 ,
1852 803 2172 871 evangelica:

639 897 898 952 doctrina:
925 896 1142 950 verbum
1167 895 1536 957 demonstrat,
1591 895 1678 948 ubi
1711 896 1784 948 ait
1816 915 1828 948 :
1865 916 1885 947 ι
1923 896 2037 951 lloc
2073 914 2169 951 au-

638 999 745 1042 tem
777 988 897 1040 dico
922 986 1132 1049 fratres,
1164 992 1374 1054 tempus
1404 985 1562 1039 breve
1588 993 1687 1040 est.
1717 985 2001 1055 Reliquum
2042 994 2124 1041 est
2151 1028 2167 1051 ,

639 1087 778 1133 utet
808 1077 895 1146 qui
940 1077 1136 1130 habent
1172 1091 1398 1141 uxores,
1445 1082 1698 1144 tanquam
1751 1093 1857 1130 non
1911 1078 2168 1132 habentes

638 1169 741 1222 sint
777 1183 789 1216 :
824 1174 877 1219 et
927 1164 1017 1233 qui
1051 1164 1207 1229 flent,
1248 1172 1498 1232 tanquam
1556 1181 1664 1219 non
1714 1163 1902 1220 ﬂentes
1932 1185 1944 1218 :
1976 1174 2028 1220 et
2075 1168 2168 1235 qui

628 1255 886 1324 gaudent,
919 1261 1169 1321 tanquam
1224 1268 1327 1305 non
1360 1255 1652 1321 gaudentes
1683 1274 1696 1309 :
1729 1262 1780 1309 et
1824 1256 1913 1323 qui
1942 1264 2163 1320 emunt,

636 1353 888 1408 tauquam
942 1357 1047 1394 non
1106 1341 1441 1409 possidentes
1474 1340 1493 1396 ἐ
1551 1351 1604 1397 et
1651 1345 1741 1412 qui
1798 1352 2019 1398 utuntur
2062 1344 2164 1399 hoc

605 1429 842 1491 <mundo,
879 1437 1130 1497 tanquam
1173 1446 1278 1484 non
1311 1433 1605 1486 abutentes.
1634 1431 1882 1486 Ρπιξιοιοὶι
1905 1436 2045 1487 enim
2083 1435 2143 1487 fx-

604 1528 757 1585 ~gura
783 1518 941 1585 hujus
959 1519 1139 1573 mundi
1160 1538 1176 1586 ;
1198 1521 1318 1573 volo
1340 1530 1514 1575 autem
1543 1536 1635 1575 vos
1657 1523 1771 1576 sine
1790 1523 2143 1576 sollicitudine

602 1620 746 1660 resse
774 1622 788 1658 :
818 1608 909 1675 qui
946 1608 1062 1662 sine
1093 1625 1259 1663 uxore
1299 1618 1398 1674 est,
1432 1610 1688 1664 sollicitus
1725 1622 1803 1666 est
1835 1613 1899 1665 de
1932 1612 1996 1664 iis
2025 1624 2142 1679 qua:

630 1690 843 1746 Domini
871 1704 1013 1759 sunt,
1043 1696 1307 1764 quomodo
1348 1698 1552 1766 placeat
1583 1698 1822 1753 Domino.
1855 1699 1957 1766 Qui
1986 1709 2163 1756 autem

629 1795 751 1835 cum
777 1798 944 1837 uxore
966 1792 1069 1850 est,
1106 1785 1369 1841 sollicitus
1398 1796 1480 1841 est
1517 1788 1582 1843 de
1604 1789 1690 1855 iis,
1719 1806 1837 1859 quae
1864 1799 1989 1845 sunt
2009 1808 2163 1846 mun-

2272 617 2479 687 ἔχοντες
2501 619 2756 684 γυναῖκας
2785 615 2858 678 ὠς
2889 616 2959 686 μὴ
2982 616 3201 686 ἔχοντες
3237 607 3364 673 ὦσι,
3402 607 3482 660 καί
3540 618 3578 666 οξ
3606 617 3692 666 χλας

2222 720 2236 741 ‘
2271 727 2359 772 τες
2389 708 2463 771 ὡς
2491 706 2562 777 μὴ
2588 706 2874 768 κλαίοντες,
2904 706 2994 758 καὶ
3017 707 3064 757 oi
3098 705 3395 774 χαίροντες
3419 696 3485 758 ὡς
3522 702 3581 768 μὴ
3605 702 3673 767 χαί

2269 808 2377 860 τες,
2417 797 2509 848 καὶ
2552 796 2600 846 οἱ
2646 792 2994 864 ἀγοράζοντες
3034 793 3110 856 ὡς
3149 793 3226 862 μὴ
3277 787 3601 857 κατέχοντες,
3628 806 3685 841 κα

2269 886 2531 959 χρώμενοι
2572 884 2650 955 τῷ
2691 885 2875 952 κόσμῳ
2907 884 3086 951 τούτῳ
3143 882 3221 944 ὡς
3273 881 3347 951 μὴ
3394 878 3686 949 καταχρώμε

2270 978 2508 1048 Παράγει
2539 977 2643 1045 γὰρ
2671 975 2730 1027 τὸ
2776 975 2959 1044 σχῆμα
2980 974 3082 1026 ’τοῦ
3111 975 3318 1043 κόσμου
3348 969 3572 1023 τούτουο
3600 969 3692 1023 θέλι

2267 1069 2409 1138 ὑμᾶς
2451 1067 2776 1137 ἀμερίμνους
2817 1063 2981 1118 εἶναι’
3022 1067 3050 1117 ὁ
3097 1064 3311 1133 ἄγαμος
3357 1064 3596 1133 μεριμνᾷ
3622 1062 3681 1115 τά

2265 1158 2491 1229 Κυρίου,
2535 1157 2648 1220 πῶς
2688 1156 2857 1228 ἀρέσῃ
2903 1155 2980 1225 τῷ
3010 1155 3231 1225 Κυρίῳ“
3279 1155 3307 1205 ὁ
3345 1152 3404 1204 δὲ
3447 1155 3694 1222 γαμήσας

2271 1250 2433 1320 ριμνᾷ
2476 1247 2543 1299 τὰ
2589 1247 2678 1300 τοῦ
2712 1246 2934 1316 κόσμου,
2970 1245 3085 1306 πῶς
3130 1240 3303 1315 ἀρέσῃ
3345 1245 3416 1312 τῇ
3464 1244 3688 1309 γυναικὶ,

2271 1340 2605 1408 μεμέρισται.
2652 1337 2758 1388 Καὶ
2801 1337 2834 1405 ἡ
2862 1334 2995 1405 γυνὴ
3027 1335 3060 1403 ἠ
3102 1332 3337 1400 ἄγαμος,
3369 1330 3463 1382 καὶ
3490 1332 3524 1400 ἡ
3562 1329 3694 1400 παρὶ

2268 1425 2500 1495 μεριμνᾴ
2530 1424 2596 1476 τὰ
2630 1422 2720 1475 τοῦ
2749 1422 2969 1493 Κυρίου,
3009 1422 3094 1473 ἵνα
3127 1420 3299 1490 ἀρέσῃ
3332 1419 3413 1489 τῷ
3438 1418 3648 1488 Κυρίῳ,
3680 1420 3694 1471 ἶ

2264 1515 2392 1584 ἀγία
2431 1515 2522 1567 καὶ
2550 1513 2625 1583 τῷ
2658 1512 2884 1583 σώματι,
2930 1513 3022 1564 καὶ
3053 1511 3129 1580 τῷ
3156 1510 3472 1579 πνεύματι’
3502 1510 3538 1578 ῆ
3574 1508 3633 1560 δε
3659 1525 3701 1576 γη

2267 1622 2403 1658 σασα
2438 1605 2670 1676 μεριμνᾷ
2695 1603 2760 1655 τά
2789 1602 2881 1655 τοῦ
2924 1602 3147 1670 κόσμου,
3186 1599 3305 1663 πῶς
3337 1600 3524 1673 ἀρέσῃ
3555 1599 3634 1669 τῷ
3669 1600 3700 1652 ἀ

2266 1687 2430 1748 Τοῦτο
2456 1694 2510 1747 δὲ
2538 1694 2670 1764 πρὸς
2698 1693 2756 1744 τὸ
2789 1690 2939 1761 ὑμῶν
2968 1689 3241 1759 συμφέρον
3265 1688 3441 1754 λέγω,
3476 1689 3582 1758 οὐχ
3605 1688 3700 1741 ἶνα.

2264 1804 2356 1856 χον
2389 1786 2511 1855 ὑμῖν
2540 1783 2824 1845 ἐπιϐάλλω,
2860 1780 2994 1833 ἀλλά
3027 1779 3162 1849 πρὸς
3195 1779 3256 1831 τὸ
3288 1778 3591 1849 εὔσχημον
3639 1797 3706 1831 κα

608 1869 705 1933 νὰἰ,
739 1873 1006 1940 quomodo
1036 1874 1237 1942 placeat
1258 1877 1432 1941 uxori,
1454 1885 1507 1930 et
1530 1877 1732 1933 divisus
1750 1887 1851 1935 est.
1882 1880 1947 1933 Et
1975 1882 2155 1935 mulier

2265 1877 2527 1947 πάρεδρον
2582 1874 2657 1943 τῷ
2705 1872 2890 1944 Κυρίῳ
2940 1870 3396 1941 ἀπερισπάστως.
3459 1887 3480 1919 ι
3546 1870 3708 1941 Ampi

628 1958 873 2028 innupta,
903 1967 958 2015 et
989 1961 1138 2032 virgo
1165 1964 1365 2032 cogitat
1393 1981 1511 2034 qum
1554 1964 1762 2021 Domini
1797 1978 1941 2035 sunt,
1974 1980 2030 2024 ut
2053 1971 2164 2039 pla-

632 2059 746 2103 ceat
766 2048 1009 2111 Domino,
1029 2059 1087 2104 ut
1106 2053 1174 2106 sit
1196 2061 1379 2107 sancta
1402 2063 1454 2109 et
1471 2071 1694 2126 corpore
1718 2065 1770 2112 et
1789 2060 1977 2128 spiritu
2004 2080 2016 2114 :
2046 2076 2165 2130 quze

627 2147 803 2193 autem
828 2147 987 2209 nupta
1013 2149 1115 2204 est,
1144 2144 1343 2212 cogitat
1369 2159 1487 2212 quae
1515 2153 1640 2199 sunt
1662 2147 1866 2211 mundi,
1896 2151 2163 2217 quomodo

626 2226 834 2296 placeat
862 2228 995 2281 viro.
1028 2227 1195 2283 Porro
1224 2231 1324 2283 hoc
1354 2232 1420 2284 ad
1451 2233 1732 2288 utilitatem
1756 2244 1989 2291 vestram
2021 2238 2160 2299 dico,

627 2330 733 2369 non
757 2325 814 2369 ut
851 2315 1098 2385 laqueum
1137 2318 1287 2372 vobis
1340 2318 1574 2388 injiciam
1601 2363 1614 2388 ,
1661 2322 1753 2376 sed
1810 2322 1878 2376 ad
1928 2325 1980 2378 id
2020 2326 2162 2394 quod

626 2406 909 2460 honesturn
939 2415 1042 2469 est,
1065 2406 1277 2477 etquod
1309 2408 1607 2465 facultatem
1637 2412 1889 2481 praebeat,
1919 2416 2034 2470 sine
2061 2418 2159 2470 im--

622 2496 929 2563 pedimento
954 2495 1231 2551 Dominum
1262 2500 1580 2554 obsecrandi
1619 2502 1680 2557 ⁸³.
1718 2522 1737 2554 ι
1782 2501 1962 2557 Palam
2002 2507 2162 2576 igitur

626 2586 678 2638 in
706 2586 790 2639 his
820 2601 1059 2649 causam,
1086 2603 1183 2640 cur
1210 2605 1240 2642 a
1269 2591 1471 2660 nuptiis
1520 2592 1591 2646 sit
1632 2592 2008 2647 abstinendum
2034 2611 2159 2664 pro-

623 2675 817 2743 ponit,
865 2676 953 2729 ubi
1011 2685 1305 2747 temporum
1366 2696 1652 2751 rerumque
1689 2685 2024 2740 extrinsecus
2077 2687 2159 2742 in-

623 2766 927 2835 gruentium
958 2768 1297 2823 stoliditatem
1340 2771 1679 2841 reprehendit
1708 2792 1721 2827 :
1752 2790 1981 2844 quorum
2024 2778 2158 2832 nihil

623 2855 816 2923 priscis
840 2856 945 2909 illis
983 2856 1278 2912 accidebat.
1312 2860 1391 2913 Ad
1422 2862 1554 2928 haec,
1595 2863 1751 2916 tertia
1783 2880 1995 2935 quoque
2020 2868 2157 2922 ratio

624 2943 838 3012 adjungi
873 2951 1066 3012 potest,
1093 2955 1309 3014 propter
1339 2958 1732 3018 quamveteres
1757 2953 1831 3007 illi
1866 2954 1955 3008 Dei
1991 2957 2161 3011 culto-

622 3046 729 3099 res,
760 3032 813 3085 in
844 3034 1209 3101 procreatione
1231 3036 1517 3091 liberorum
1544 3040 1832 3107 plurimum
1861 3044 2020 3098 studii
2046 3046 2157 3099 col-

620 3120 879 3175 locarent.
907 3120 1037 3176 Cum
1063 3124 1251 3193 reliqui
1284 3125 1524 3182 homines
1563 3129 1618 3183 in
1653 3145 1859 3186 morum
1884 3137 2157 3203 perversi-

2266 1963 2393 2031 γοῦν
2420 1966 2474 2015 ὲν
2494 1961 2697 2023 τούτοις
2721 1960 2779 2012 τὸ
2804 1958 2971 2011 αίτιον
2995 1956 3095 2026 τῆς
3123 1957 3343 2025 ἀποχῆς
3380 1955 3487 2009 τοῦ
3512 1957 3707 2027 γάμου

2270 2051 2464 2121 ίστησι,
2506 2052 2602 2121 τὴν
2647 2050 2754 2102 τῶν
2780 2048 3003 2119 καιρῶν,
3053 2048 3279 2101 καὶτῶν
3305 2047 3483 2110 ἐκτὸς
3514 2065 3706 2118 πραγι

2267 2138 2576 2209 ἀϐελτερίαν
2615 2136 3080 2207 ἐπιμεμψάμενος,
3111 2130 3185 2189 ὧν
3224 2136 3390 2188 οὐδὲν
3441 2140 3570 2200 τοῖς
3622 2137 3712 2190 πα.’

2267 2228 2613 2297 προσέπιπτε.
2637 2228 2747 2280 Καὶ
2778 2228 2957 2296 τρίτος
2988 2226 3039 2277 ιδ’
3063 2227 3130 2279 ἂν
3151 2226 3236 2296 εῐη
3270 2226 3443 2296 παρὰ
3473 2227 3669 2280 ταῦτα
3698 2227 3710 2278 ἷ

2252 2316 2385 2369 ’καθ’
2410 2316 2466 2369 ὃν
2492 2319 2539 2369 οἰ
2556 2317 2716 2370 πάλαι
2741 2316 2998 2384 θεοφιλεῖς
3021 2317 3375 2379 παιδοποιίας
3415 2318 3708 2389 πλείστην

2264 2406 2415 2460 οὖντο
2471 2409 2716 2477 σπουδήν.
2751 2406 2868 2458 Τῶν
2894 2405 3091 2458 λοιπῶν
3120 2406 3450 2477 ἀνθρώπιον
3483 2410 3576 2471 εἰς
3611 2426 3708 2461 καῖ

2263 2498 2392 2551 πίαν
2440 2498 2742 2562 ἐπιδόντων,
2789 2498 2867 2559 εἰς
2910 2496 3179 2567 ἀνήμερόν
3216 2513 3281 2549 τε
3332 2500 3446 2550 καὶ
3494 2500 3700 2553 ἀπάνθ

2263 2592 2353 2645 καὶ
2385 2589 2614 2660 θηριώδη
2643 2586 2752 2659 βίον
2775 2589 3270 2653 ἀποπεπτωκότων,
3300 2591 3392 2654 εἷς
3426 2609 3501 2645 τε
3539 2594 3704 2647 ἀσεὸί

2260 2684 2426 2748 τελῶς
2478 2686 2568 2738 καὶ
2611 2685 2763 2739 ἄθεον
2820 2682 3016 2752 τρόπον
3067 2680 3606 2752 ἀπωλεσθηκότων,
3672 2684 3705 2754 β

2263 2774 2463 2845 σφόδρα
2501 2754 2592 2826 καὶ
2634 2771 2848 2844 ἀριθμῷ
2876 2771 3070 2842 ληπτοὶ
3100 2771 3595 2843 περιλειπόμενοι
3632 2794 3704 2829 κο

2262 2862 2490 2934 πρόσθεν
2522 2865 2651 2932 ἡμῖν
2679 2861 2938 2931 εἰρημένα
2977 2858 3072 2912 τοῦ
3097 2859 3207 2912 τῶν
3235 2861 3482 2917 πολλῶν
3514 2866 3700 2931 ὑπεξί

2263 2954 2396 3025 βίου,
2433 2953 2523 3006 καὶ
2548 2952 2644 3021 τῆς
2678 2952 2859 3019 κοινῆς
2885 2949 2990 3001 τῶν
3022 2950 3227 3003 λοιπῶν
3269 2952 3633 3025 ἀνθρώπιον
3669 2974 3700 3008 σ

2262 3043 2512 3115 στροφῆς.
2565 3039 2992 3111 Κεχωρισμένως
3027 3039 3070 3092 δ’
3120 3036 3215 3093 οὖν
3267 3042 3396 3096 τῶν
3453 3045 3664 3099 ἄλλων

2259 3132 2354 3184 καὶ⁴
2388 3128 2527 3183 κατά
2562 3128 2725 3198 μόνας
2767 3127 3023 3197 βιοῦντες,
3059 3127 3345 3182 πολιτείαν
3389 3131 3613 3204 ξένην,
3649 3152 3700 3188 κ,

620 3220 727 3266 tate
757 3213 929 3281 majus
958 3214 1013 3268 in
1049 3215 1163 3270 dies
1196 3216 1581 3273 incrementum
1612 3223 1967 3293 accepissent,
1997 3235 2155 3297 atque

2261 3219 2562 3289 φιλόσοφον,
2594 3218 2685 3270 καὶ
2727 3216 2800 3280 ὡς
2831 3217 3044 3286 ἀληθῶς
3084 3217 3345 3290 θεοσεϐῆ,
3392 3224 3515 3277 καὶ
3558 3228 3696 3289 τοῖς

619 3302 675 3356 in
708 3303 1014 3370 immanem,
1047 3304 1151 3373 32
1182 3312 1235 3359 ct
1267 3306 1334 3359 ab
1361 3309 1507 3362 omni
1545 3309 1877 3369 humanitate
1907 3315 2154 3382 alienam,

618 3401 673 3447 et
692 3395 849 3464 plane
878 3394 1101 3449 ferinam
1135 3396 1295 3450 vitam
1333 3398 1526 3467 relapsi
1556 3412 1755 3469 essent,
1776 3411 1830 3457 et
1855 3404 1907 3458 in
1936 3405 2154 3475 impium

617 3500 860 3556 prorsus,
887 3486 1141 3555 omnique
1166 3487 1409 3557 religioni
1445 3490 1719 3545 inimicum
1747 3509 1968 3559 morem,
2003 3496 2157 3551 facile

617 3577 949 3632 corruissent
974 3595 988 3633 :
1024 3577 1177 3631 valde
1202 3578 1379 3647 pauci,
1400 3587 1453 3633 et
1484 3578 1637 3636 facile
1660 3585 2042 3649 numerabiles,
2062 3589 2155 3657 qui

616 3677 948 3738 supererant,
990 3684 1052 3724 ea
1080 3677 1379 3733 sectantes,
1414 3686 1530 3739 qua:
1575 3674 1723 3741 prius
1751 3689 1781 3727 a
1812 3677 1968 3731 nobis
2016 3679 2157 3731 dicta

616 3765 764 3818 sunt,
791 3772 819 3809 a
867 3757 1154 3809 multorum
1185 3759 1570 3813 consuetudine
1598 3770 1650 3814 et
1678 3775 1707 3812 a
1737 3766 2002 3817 communi
2034 3780 2156 3819 cum

616 3847 836 3915 reliquis
864 3846 1171 3899 hominibus
1198 3846 1339 3900 victu
1358 3888 1372 3911 ,
1403 3864 1463 3903 se
1495 3852 1831 3904 amovebant.
1850 3851 2028 3906 Porro
2055 3869 2152 3906 au-

617 3946 721 3990 tem
759 3950 880 3988 cum
908 3949 1149 3989 seorsum
1193 3936 1261 3989 ab
1298 3936 1416 3991 aliis
1444 3940 1691 4005 gentibus
1720 3979 1734 4003 ,
1790 3940 2155 4011 singularique

616 4040 765 4079 more
795 4025 1054 4088 viverent,
1079 4039 1268 4078 novam
1313 4027 1582 4095 quandam
1633 4027 1957 4098 Reipublicae
1994 4032 2155 4086 ratio-

615 4131 759 4181 nem,
791 4121 1059 4184 vitamque
1088 4115 1378 4170 studiosam
1403 4118 1695 4187 sapientiai,
1724 4136 1954 4191 vereque
1984 4122 2153 4191 ipsius

618 4205 708 4259 Dei
731 4205 1029 4267 cultricem,
1055 4211 1107 4257 et
1129 4205 1349 4273 reliquis
1369 4205 1675 4263 hominibus
1699 4209 2149 4278 impermiscuam,

608 4293 981 4347 instituerunt.
1018 4290 1088 4345 Ut
1119 4293 1279 4362 igitur
1303 4297 1532 4363 posteris
1554 4312 1767 4366 quoque
1795 4298 2008 4352 illorum
2036 4315 2153 4368 pro-

603 4381 745 4451 pria:
771 4382 1065 4449 religionis,
1083 4390 1330 4450 tanquam
1357 4384 1587 4437 scintilla
1603 4386 1842 4455 quasdam
1868 4390 2149 4457 reparandi

608 4471 774 4542 ignis,
808 4470 881 4523 ita
911 4470 1125 4539 aliquod
1156 4486 1333 4525 semen
1367 4482 1687 4538 servaretur,
1711 4492 1883 4546 neque
1904 4494 2007 4533 una
2026 4495 2145 4534 cum

2258 3302 2558 3379 ἀνθρώποις
2587 3306 2935 3376 ἀνεπίμικτον
2962 3305 3307 3361 συνίσταντο.
3345 3311 3472 3365 ”Ιν’
3505 3310 3620 3369 οὖν
3663 3333 3696 3368 κ

2260 3401 2547 3473 μετέπειτα
2573 3398 2669 3469 τῆς
2694 3398 2893 3460 οἰκείας
2923 3396 3235 3462 θεοσεϐείας
3272 3398 3587 3477 ζώπυρον
3629 3406 3700 3473 ἐξ

2257 3491 2474 3561 σπέρμα
2512 3488 2843 3559 φυλάττοιτο,
2893 3486 3012 3556 μηδ’
3038 3488 3252 3542 ἐκλίποι
3284 3492 3404 3545 καὶ
3465 3497 3694 3551 ἀπόλοι

2254 3586 2321 3655 τῇ
2352 3581 2458 3635 τῶν
2499 3577 2702 3648 ἀνδρῶν
2748 3576 2966 3647 τελευτῇ
3006 3576 3074 3629 τὰ
3110 3578 3215 3648 τῆς
3266 3585 3417 3634 κατ’
3473 3587 3696 3642 αὐτοῦ,

2255 3675 2423 3737 σείας,
2458 3672 2677 3733 εἰκότως
2720 3668 3057 3731 παιδοποιίας
3099 3671 3194 3722 καὶ
3245 3675 3696 3749 παιδοτροφία

2254 3774 2400 3812 νοιαν
2426 3757 2657 3825 εἰσῆγον,
2686 3755 2760 3818 ὠς
2797 3754 2862 3808 ἂν
2891 3754 3199 3810 διδάσκαλοι
3239 3761 3348 3813 καὶ
3411 3766 3698 3841 καθηγη

2252 3866 2420 3903 νοιντο
2462 3848 2568 3900 τῶν
2615 3845 2752 3898 ἰδίων
2799 3846 3019 3910 παίδων,
3069 3846 3370 3919 διαδόχους
3437 3858 3692 3914 eoo-g6;

2252 3938 2348 4007 τῆς
2373 3936 2574 4011 σικείας
2612 3932 2810 4003 ἀρετῆς
2846 3932 3216 4005 κληρονόμους
3250 3944 3391 4005 τοῖς
3437 3949 3694 4016 μετέπε

2251 4025 2489 4076 ταλιπεῖν
2529 4023 2808 4076 σπουδαῖον
2855 4018 2992 4076 εἶναι
3040 4027 3384 4097 ἡγούμενοι.
3434 4039 3697 4095 Ἐνθεν

2252 4112 2540 4182 προφῆται,
2573 4111 2666 4163 καὶ
2705 4110 2900 4166 δίκαιοι
2933 4114 3145 4185 ἄνδρες,
3177 4118 3364 4184 αὐτός
3407 4125 3475 4178 θ’
3518 4132 3558 4183 ὁ
3597 4133 3692 4184 Σιι

2250 4201 2452 4272 Κύριος
2495 4198 2667 4271 ἡμῶν,
2699 4199 2842 4252 οἵτε
2882 4201 3069 4255 τούτου
3106 4204 3381 4277 μαθηταὶ
3447 4220 3587 4272 καὶ
3637 4224 3698 4275 ἀ.

2250 4293 2313 4343 ὲκ
2337 4291 2433 4361 τῆς
2464 4289 2635 4342 αὐτῶν
2661 4289 2877 4360 διδαχῆς
2907 4292 3363 4365 ἀναπεφήνασιν.
3408 4305 3505 4360 Εἰ
3539 4310 3620 4364 δέ
3665 4331 3696 4367 α

2251 4380 2437 4449 φαῦλοι
2479 4379 2739 4451 προῆλθον
2771 4380 2828 4445 ἐξ
2880 4382 3076 4446 αὐτῶν,
3120 4385 3198 4448 ὡς
3234 4387 3380 4459 ἅμα
3439 4400 3635 4473 σίτῳ
3697 4424 3702 4435 .

2250 4469 2596 4540 ὁποιρυείσης,
2635 4469 2746 4522 ἀλλ’
2783 4470 2933 4524 οὔπω
2975 4476 3099 4537 τοὺς
3143 4480 3570 4557 σπείρειν-τας
3593 4469 3609 4473 “
3638 4514 3688 4548 α

606 4559 849 4629 ipsorum
875 4560 1101 4612 decessu
1130 4559 1365 4628 ipsorum
1397 4562 1566 4631 pietas
1598 4563 1864 4633 deﬁceret,
1887 4576 2044 4639 atque
2075 4572 2150 4624 in-

2244 4561 2364 4615 οὐδὶ
2390 4563 2514 4624 τοὺς
2549 4560 3052 4632 ἀναθρεψαμένουςο
3091 4567 3216 4619 ἐπεὶ
3256 4542 3380 4627 καὶ
3419 4542 3585 4636 τῶἷι
3628 4542 3700 4640 1::

604 4652 817 4717 terirct,
851 4652 1043 4705 merito
1073 4658 1126 4705 et
1152 4652 1470 4722 generandae
1514 4663 1567 4707 et
1604 4655 1806 4711 alenda:
1832 4659 2029 4714 sobolis
2053 4676 2149 4713 cu-

611 4756 726 4796 ram
757 4742 1127 4806 introduxere,
1171 4750 1228 4795 ut
1289 4743 1367 4797 sic
1422 4742 1672 4800 doctores
1703 4757 1861 4818 atque
1906 4751 2147 4823 magistri

604 4832 948 4900 propriorum
979 4831 1266 4885 liberorum
1294 4834 1615 4889 exsisterent
1641 4854 1653 4889 :
1702 4839 1896 4908 quippe
1925 4842 2012 4909 qui
2038 4856 2144 4909 po-

602 4922 770 4976 steris
803 4936 1146 4977 successores
1170 4924 1410 4991 pietatis,
1437 4926 1771 4996 proprichue
1797 4930 2008 4985 virtutis
2041 4931 2145 4985 liae-

613 5008 768 5062 redes
792 5011 1092 5081 relinquere
1112 5054 1125 5078 ,
1173 5012 1455 5082 pulchrum
1501 5024 1662 5084 atque
1694 5017 1972 5071 honestum
1997 5018 2144 5087 judi-

540 5102 575 5169 τε
612 5104 817 5150 carent.
842 5096 978 5153 Hinc
1010 5116 1140 5156 sane
1175 5103 1456 5173 propheta:
1494 5103 1929 5169 innumerabiles,
1966 5116 2017 5161 et
2044 5108 2145 5161 viri

607 5185 739 5252 justi
766 5202 780 5237 :
808 5187 939 5252 quin
969 5188 1081 5256 ipse
1128 5208 1340 5262 quoque
1369 5193 1612 5249 Salvator
1653 5212 1716 5249 ac
1763 5194 2021 5250 Dominus
2049 5213 2145 5251 no-

558 5266 561 5267 r
612 5283 745 5337 ster,
768 5274 989 5343 ejusque
1033 5278 1279 5349 discipuli
1310 5291 1470 5354 atque
1518 5286 1777 5355 apostoli,
1819 5285 1886 5339 ab
1930 5287 2142 5341 illorum

612 5362 896 5431 disciplina
927 5363 1148 5431 profecti
1186 5377 1328 5424 sunt.
1368 5374 1519 5437 Quod
1571 5374 1615 5429 si
1644 5372 1921 5442 quietiam
1962 5373 2142 5429 vitiosi

613 5452 682 5505 ab
712 5451 896 5506 iisdem
929 5452 1256 5521 prodierunt,
1274 5463 1425 5526 quasi
1448 5465 1609 5531 palea:
1637 5464 1796 5516 simul
1820 5477 1940 5516 cum
1963 5465 2141 5518 tritico

611 5539 1017 5603 subnascentes,
1053 5553 1159 5592 non
1203 5540 1271 5593 ob
1310 5543 1358 5596 id
1401 5553 1575 5603 tamen
1624 5547 1874 5618 culpandi
1914 5547 2004 5617 qui
2053 5562 2141 5617 ge-

755 5713 779 5767 ῐ
822 5711 945 5766 Cor.
983 5728 1052 5766 ru
1080 5754 1093 5780 ,
1123 5714 1311 5771 29-35.

2250 4671 2339 4725 ρος
2375 4652 2621 4723 μαθητῶν
2655 4653 2809 4722 ἴσμεν
2837 4654 2986 4717 τινὰς
3028 4655 3085 4722 ἐξ
3133 4659 3596 4729 αὑτεξουσίου
3667 4697 3698 4731 τ

2248 4743 2353 4813 πῆς
2382 4742 2806 4810 ἀποσφαλέντας.
2848 4744 2912 4796 Ἦ
2942 4744 3039 4814 μὲν
3068 4741 3161 4799 οὖν
3198 4752 3382 4808 αἰτία.
3426 4763 3585 4835 τῆς
3629 4772 3702 4823 τί

2248 4832 2504 4933 θερφιλῶν
2551 4831 2756 4933 ἀνδρῶν
2771 4833 3123 4933 ⁸’παιδοποιίαις
3170 4831 3580 4933 ἀνείρηταξ,
3646 4864 3692 4933 ἦ

2246 4924 2330 5025 eo:
2360 4922 2525 5029 ἡμῶν.
2559 4922 2738 4994 χώραν
2770 4925 2880 4997 εχει
2916 4925 3131 4996 λέγειν’
3177 4930 3273 4984 ὅτε
3328 4942 3484 4995 σὺν
3534 4922 3698 5029 θεέ

2243 5012 2332 5067 τοῦ
2382 5014 2625 5085 Σωτῆρος
2661 5018 2815 5088 ἡμῶν
2854 5019 3212 5091 εὐαγγελικῆς
3244 5012 3694 5100 διδασκαλίὲ

2244 5103 2396 5208 ξθνηη
2432 5103 2750 5208 καὶολαοῦς,
2802 5112 2945 5168 κατά
2988 5128 3070 5208 τε-
3097 5113 3290 5181 πόλεις
3345 5129 3500 5183 καὶ
3582 5139 3690 5208 χά

2246 5194 2752 5295 ἀγρῗὺςὶπῆρεστιν
2802 5208 2932 5280 ἡμῖν
2979 5203 3282 5278 ὀφθαλμοῖς
3351 5194 3686 5295 ὁρᾷν“ο

2248 5284 2383 5388 mia;
2420 5281 2480 5336 τὸ
2510 5287 2661 5354 αὐτὸ,
2693 5298 2792 5352 καὶ
2835 5298 3193 5372 συντρέχοντα
3236 5303 3343 5359 ὲπὶ
3402 5281 3575 5388 Ῐ-ειίῖν
3652 5342 3688 5378 δ.

2251 5369 2478 5476 μάθησιν
2637 5369 2995 5465 εὐαγγελικῆς
3020 5388 3395 5462 διδασκαλίας
3434 5420 3458 5433 -
3499 5369 3647 5476 ’ᾅῗς

2246 5460 2936 5577 ἓναῖθαιὶξαξρκείντοὺς
2955 5460 3302 5550 διδασκάλους
3331 5460 3489 5550 ’ἐσθ-
3537 5460 3664 5577 κξι

2246 5548 2341 5618 τῆς
2389 5548 2703 5629 θεοσεδείας
2751 5548 2933 5648 λόγου,
2979 5578 3191 5639 πάντων
3236 5548 3690 5662 ἀπολεδυζέίέ
