3870 6352
670 411 737 463 85
1315 407 1575 463 EUSEBll
1613 407 2077 462 C/ESARIENSIS
2113 406 2260 460 OPP.
2299 404 2475 459 PARS
2502 404 2565 459 Il.
2605 437 2671 447 —
2707 386 3222 463 APOLOGETICA:

671 530 875 576 tantum
920 526 1177 593 assumpti
1226 525 1333 580 sint
1382 526 1667 581 sacerdotii
1712 539 1927 583 munus,
1977 523 2046 576 iis
2094 521 2231 575 idem
2302 534 2478 573 sermo
2532 519 2745 574 divinus
2800 519 3054 588 indulget,
3121 535 3190 572 ac
3238 510 3673 586 propemodum
3719 525 3736 575 ι

672 613 930 669 omnibus
950 617 1225 684 praedicat,
1259 617 1403 686 quod
1436 618 1619 687 utique
1651 636 1668 666 ι
1712 616 2022 671 honorabile
2051 614 2119 667 sit
2147 610 2475 679 conjugium,
2504 618 2556 663 et
2593 619 2743 664 torus
2773 610 3168 674 immaculatus,
3229 604 3615 660 fornicatores
3636 610 3686 650 et

670 722 814 762 toros
849 709 1192 779 judicaturus
1226 712 1294 766 sit
1323 711 1462 766 Deus
1494 714 1554 766 ¹⁶.
1591 733 1608 764 ι
1649 711 1770 766 Haec
1808 712 1985 780 itaque
2014 707 2168 761 nobis
2199 704 2265 758 ad
2295 704 2516 772 primam
2550 703 2931 757 dubitationem
2958 703 3097 756 dicta
3127 703 3269 756 sint.

1208 817 1314 888 34
1346 817 1568 872 CAPUT
1606 817 1672 869 Χ.

671 914 789 968 (μισ
838 906 900 959 de
929 923 1089 960 causa
1117 924 1217 960 non
1262 910 1334 960 ila
1364 909 1529 969 nobis,
1561 908 1983 975 quemadmodum
2025 908 2208 974 priscis

748 976 1015 1029 incendere
1049 987 1095 1029 et
1152 979 1448 1045 sacriﬁcare
1484 978 1586 1029 Deo
1617 978 1881 1029 terrestria
1905 980 2210 1045 permissum

744 1053 841 1098 est.

622 1201 643 1213 .
748 1151 855 1208 Sed
888 1170 986 1208 cur
1023 1170 1130 1208 non
1169 1170 1378 1208 summo
1407 1154 1534 1219 Deo,
1578 1155 1677 1224 ipsi
1713 1170 1921 1223 qucque
1961 1154 2211 1207 animalia

582 1236 623 1253 ”’
680 1244 1063 1305 sacriﬁcemus,
1094 1260 1215 1299 cum
1250 1253 1454 1299 veteres
1499 1246 1577 1298 illi
1621 1245 1709 1298 Dei
1744 1253 2028 1310 amatores,
2076 1260 2212 1313 quo-

678 1346 800 1385 rum
839 1348 939 1386 nos
970 1333 1218 1401 pietatem
1267 1334 1465 1386 imitari
1504 1334 1752 1398 dicimus,
1782 1334 1884 1386 hoc
1935 1333 2211 1387 factitave-

678 1424 809 1486 rint,
859 1424 980 1477 talis
1029 1440 1057 1476 a
1101 1425 1256 1479 nobis
1315 1427 1451 1478 ratio
1483 1426 1752 1481 reddatur.
1793 1425 1866 1479 De
1907 1425 2022 1493 ipso
2064 1425 2208 1477 cultu

679 1528 835 1581 quem
874 1521 1083 1569 veteres
1104 1525 1156 1569 et
1189 1516 1347 1584 primi
1370 1516 1609 1571 homines
1633 1517 1825 1570 divina:
1848 1525 2049 1570 natura:
2069 1515 2213 1570 exhi-

677 1604 884 1663 berent,
922 1619 1025 1656 non
1061 1604 1198 1658 idem
1230 1606 1372 1673 quod
1401 1605 1598 1661 Graecis
1638 1608 1811 1661 visum
1842 1615 1942 1669 est,
1986 1614 2039 1660 et
2068 1607 2209 1675 quod

677 1695 732 1746 in
759 1693 929 1749 sacris
959 1694 1300 1749 Hebraeorum
1336 1697 1487 1750 libris
1516 1698 1802 1751 invenitur.
1835 1696 1965 1750 Nam
1995 1697 2069 1750 illi
2095 1698 2213 1766 qui-

677 1784 797 1838 dem
848 1792 1168 1852 putaverunt
1210 1784 1411 1854 primos
1440 1786 1701 1851 homines,
1736 1787 1939 1839 nullum
1988 1801 2210 1855 prorsus

677 1872 923 1936 animalis
952 1888 1141 1942 genus,
1170 1889 1341 1942 neque
1373 1875 1694 1937 sacriﬁcare,
1724 1890 1897 1943 neque
1923 1874 2209 1929 incendere

623 2001 630 2007 .
676 1962 865 2016 solitos
897 1963 1021 2029 diis,
1047 1964 1140 2019 sed
1162 1980 1256 2019 eos
1287 1966 1387 2020 soli
1426 1976 1479 2019 et
1504 1966 1725 2035 reliquis
1752 1966 1873 2020 coeli
1920 1964 2205 2028 sideribus,

676 2053 765 2104 ubi
809 2054 976 2107 viride
1029 2070 1269 2123 gramen,
1301 2065 1354 2109 et
1392 2056 1546 2124 quasi
1585 2055 1845 2124 quasdam
1882 2054 2209 2110 fecundioris

2833 811 3227 865 ΚΕΦΑΛΑΙΟΝ
3268 811 3331 861 Ι’.

2315 902 2429 975 Thy
2482 902 2638 975 λργῳ
2679 900 2900 975 pingat
2950 899 3092 975 ὴμζν
3118 897 3367 975 ⁸(ὅσιεοὶως
3422 890 3557 975 τοῖς
3619 903 3725 942 πα.

2374 959 2932 1089 ἓυμιᾷὶδκᾶἷθύειν
2975 959 3056 1033 ῗῷ
3106 959 3231 1029 Θέῷ
3272 964 3350 1016 τὰ
3391 959 3593 1030 γεώδη
3642 975 3724 1011 πα

2411 1054 2554 1089 οται.

2411 1054 2535 1089 οται
2542 1078 2554 1089 .

2377 1151 2508 1221 Περὶ
2546 1150 2599 1203 δὲ
2636 1150 2729 1202 τοῦ
2772 1150 2845 1219 μὴ
2883 1147 3168 1210 ζωοθυτεῖν
3214 1145 3369 1215 ἡμᾶς
3406 1139 3497 1210 τῷ
3544 1140 3649 1190 ἐπὶ
3692 1155 3732 1189 π

2308 1240 2441 1309 Θεῷ,
2477 1240 2581 1294 τῶν
2611 1239 2771 1293 πάλαι
2799 1239 3054 1306 θεοφιλῶν
3082 1236 3321 1306 ἀνδρῶν,
3348 1227 3431 1285 ὧν
3456 1232 3530 1301 δή
3561 1245 3726 1298 φαμε

2310 1330 2463 1399 ζῆλον
2524 1328 2859 1393 θεοσεϐείας,
2914 1328 3070 1380 τοῦτο
3125 1323 3537 1393 πεποιηκότων
3564 1362 3583 1386 ,
3640 1314 3737 1371 οὗπ

2308 1420 2462 1490 ἡμῶν
2506 1420 2787 1491 ἀποδοθείη
2836 1419 2899 1472 ἂν
2939 1422 2967 1472 6
2994 1420 3169 1486 λόγος.
3225 1418 3342 1485 Οὐχ
3403 1414 3627 1485 ῶσπερ
3661 1413 3735 1464 ’Έ

2308 1511 2608 1580 ἐνομίζετο,
2657 1513 2748 1563 xal.
2787 1513 2897 1571 τοῖς
2935 1508 3197 1580 Ἐϐραίων
3254 1508 3441 1574 ἱεροῖς
3495 1504 3710 1571 λόγοις

2306 1598 2466 1660 δοκεῖ,
2514 1599 2637 1668 περὶ
2677 1599 2774 1667 τῆς
2804 1598 2909 1651 τῶν
2943 1597 3106 1651 πάλαι
3135 1596 3231 1649 καὶ¹
3265 1593 3533 1665 πρώτων
3579 1593 3739 1662 ἀνδρ

2310 1687 2535 1757 ραπείας
2580 1687 2671 1739 τοῦ
2708 1686 2880 1742 Θείου.
2930 1688 2991 1739 Οί
3036 1686 3132 1756 μὲν
3178 1685 3402 1753 ἔφασαν
3466 1682 3561 1753 μὴ
3618 1681 3747 1733 θύει

2310 1778 2598 1847 προτέρους
2626 1777 2785 1847 μηδὲν
2823 1776 2994 1830 ὁτιοῦν
3017 1776 3124 1828 τῶν
3152 1772 3333 1839 ζώων,
3373 1773 3537 1844 μηδὲ
3570 1772 3741 1843 θομιι

2310 1867 2467 1930 θεοῖς,
2493 1867 2602 1919 ἀλλ’
2631 1866 2762 1937 ἡλίῳ
2791 1868 2909 1937 μὲν,
2944 1868 3035 1920 καὶ
3072 1869 3184 1929 τοῖς
3218 1866 3348 1919 κατ’
3377 1864 3665 1936 οὐρανὸν
3697 1864 3739 1917 ἄ

2306 1956 2463 2026 χλόην
2513 1946 2806 2010 καὶόίονεί
2859 1972 2979 2010 τινα
3024 1956 3124 2025 τῆς
3174 1953 3423 2025 γονίμου
3472 1954 3745 2024 φύσεως

2307 2049 2425 2108 ταῖς
2454 2047 2634 2116 χερσὶν
2661 2046 2982 2116 ἀραμένους,
3011 2046 3146 2098 πόαν
3172 2061 3234 2096 τε
3272 2046 3377 2097 καὶ
3412 2044 3636 2115 φύλλα
3672 2062 3750 2098 κο

618 2204 626 2213 ,
676 2151 881 2197 naturae
920 2145 1240 2214 quisquilias
1280 2147 1528 2201 manibus
1568 2146 1930 2212 sustulissent,
1988 2146 2206 2200 herbam

2238 2138 2280 2191 B
2304 2136 2612 2189 κατακαίειν
2657 2135 2817 2205 πυρί’
2866 2137 3051 2206 πόρῤω
3081 2135 3138 2188 δὲ
3167 2136 3573 2206 παρανομίας
3609 2135 3748 2188 ἐλαι

613 2270 624 2295 τ
677 2247 800 2285 cum
829 2234 971 2288 loliis
1018 2244 1072 2289 et
1114 2235 1385 2289 radicibus
1420 2235 1528 2305 igni
1569 2236 1902 2289 comburere.
1938 2234 2207 2288 Posterio-

617 2384 625 2393 θ
674 2336 765 2376 res
793 2332 970 2376 autem
998 2324 1239 2380 homines
1268 2327 1453 2393 procul
1480 2341 1509 2378 a
1533 2333 1642 2378 tam
1672 2332 1818 2379 recto
1846 2324 2090 2378 instituto
2116 2324 2209 2378 ab-

613 2452 620 2460 .
675 2419 940 2474 errantes,
976 2412 1209 2468 fmdasse
1255 2428 1378 2467 aras
1411 2415 1721 2467 animalium
1756 2414 2010 2467 caedibus.
2039 2412 2209 2468 Porro

613 2545 623 2557 .
674 2503 779 2555 hoc
804 2517 925 2556 esse
949 2504 1167 2570 impium
1190 2511 1242 2557 et
1264 2505 1542 2573 injustum,
1571 2512 1624 2558 et
1645 2519 1906 2573 nusquam
1930 2505 2039 2558 Deo
2066 2520 2212 2559 acce-

612 2638 621 2645 .
676 2600 825 2657 ptum
859 2593 1201 2646 sacriﬁcium.
1233 2593 1364 2646 Nam
1402 2595 1681 2648 brutorum
1722 2595 1953 2647 animam
1982 2595 2112 2647 nihil
2142 2596 2210 2650 ab

619 2741 625 2748 _
677 2680 951 2734 hominum
970 2682 1214 2736 rationali
1235 2684 1411 2737 anima
1432 2683 1659 2739 differre.
1687 2686 2018 2753 Quapropter
2049 2686 2208 2739 caedis

613 2816 620 2829 .
677 2770 1012 2826 accusandos
1054 2787 1176 2827 esse
1214 2788 1329 2834 eos,
1373 2775 1463 2843 qui
1517 2775 1766 2828 animalia
1821 2774 2204 2836 sacriﬁcarent,

612 2899 617 2927 .
677 2858 929 2913 dicebant
957 2879 971 2914 :
999 2876 1104 2914 non
1134 2876 1289 2916 secus
1317 2878 1380 2915 ac
1407 2863 1453 2917 si
1485 2863 1689 2926 eadem,
1723 2865 2039 2933 similisque,
2069 2872 2122 2918 ct
2153 2865 2208 2919 in

613 2996 621 3009 .
676 2949 894 3004 homine
931 2959 985 3003 et
1026 2952 1078 3003 in
1108 2951 1266 3005 bruto
1295 2953 1471 3005 anima
1500 2954 1716 3007 inesset.
1750 2952 1815 3005 Et
1850 2954 1970 3007 talis
1995 2954 2207 3022 quidem

611 3097 618 3106 ,
676 3039 745 3094 de
759 3040 992 3108 antiquis
1012 3041 1319 3096 hominibus
1335 3043 1516 3110 opinio
1534 3044 1837 3097 Graecorum
1861 3053 2051 3098 exstat.
2083 3044 2208 3110 Quae

611 3183 617 3189 ,
678 3139 854 3184 autem
895 3131 946 3183 in
974 3132 1190 3202 scriptis
1222 3131 1564 3187 Hebraeorum
1598 3135 1946 3203 lcgitur,non
1972 3136 2110 3190 talis.
2139 3135 2207 3188 ιι-

612 3261 621 3287 ,
676 3221 783 3273 lico
817 3220 959 3273 enim
992 3220 1163 3275 [actos
1213 3223 1415 3291 primos
1454 3224 1731 3287 homines,
1781 3237 1837 3279 ut
1881 3228 2110 3295 primum
2154 3228 2207 3281 in

612 3362 619 3369 ,
673 3309 784 3361 vita
821 3310 1181 3372 constiterint,
1222 3313 1531 3366 animalium
1574 3317 1851 3371 sacriﬁciis
1894 3316 2001 3370 Deo
2040 3318 2209 3370 bono-

610 3450 617 3455 .
674 3411 792 3452 rem
810 3398 1119 3454 exhibuisse
1146 3412 1548 3458 commemorat.
1581 3402 1718 3457 Dicit
1748 3405 1926 3474 itaque
1951 3425 1963 3460 :
1995 3425 2015 3456 ι
2043 3406 2107 3458 Ει
2132 3405 2210 3459 fa-

607 3531 618 3544 ,
675 3493 820 3539 ctum
863 3498 945 3541 est
996 3498 1117 3557 post
1160 3489 1293 3553 dies,
1339 3500 1397 3545 ut
1431 3492 1644 3547 oﬁerret
1673 3496 1803 3549 Cain
1845 3496 1911 3548 de
1944 3496 2209 3552 fructibus

610 3631 618 3637 ,
674 3582 833 3630 κει-τε
862 3579 1182 3632 sacriﬁcium
1210 3579 1454 3634 Domino.
1488 3580 1621 3635 Tum
1659 3582 1788 3637 Abel
1839 3585 1953 3653 ipse
1998 3601 2208 3654 quoque

611 3712 619 3729 ,
672 3666 869 3718 obtulit
891 3666 957 3720 de
990 3668 1360 3738 primogenitis
1396 3671 1575 3724 ovium
1606 3687 1845 3725 suarum.
1877 3672 1942 3725 Et
1976 3676 2209 3743 respexit

611 3807 625 3816 ,
676 3752 817 3807 Dens
843 3755 910 3807 ad
933 3756 1085 3819 Abel,
1116 3768 1167 3810 et
1206 3756 1273 3810 ad
1303 3774 1527 3812 munera
1560 3759 1723 3814 illius.
1770 3760 1850 3812 Ad
1895 3762 2029 3814 Cain
2062 3778 2205 3826 vero,

612 3890 619 3901 ,
672 3852 727 3896 et
766 3842 830 3894 ad
860 3843 1124 3897 sacriﬁcia
1162 3846 1282 3913 ejus
1311 3862 1418 3901 non
1458 3848 1683 3901 attendit
1710 3850 1773 3901 ³⁷.
1816 3869 1835 3900 ι
1874 3848 1973 3903 Ubi
2006 3851 2117 3917 jam
2144 3852 2208 3903 il-

611 3988 617 4003 Α
674 3931 765 3984 lud
788 3932 1157 3987 considerabis
1184 3936 1326 4003 quod
1358 3935 1467 3990 Deo
1495 3938 1761 4004 acceptior
1788 3938 1965 3992 dictus
1993 3940 2084 4002 sit,
2115 3940 2207 4008 qui

611 4082 617 4091 ⁸
673 4022 929 4074 animalia
958 4022 1355 4088 sacriﬁcaverit,
1386 4040 1545 4094 quam
1577 4028 1622 4080 is
1649 4028 1740 4094 qui
1774 4030 1843 4081 ab
1884 4043 2012 4097 agro
2039 4031 2208 4083 sacri-

610 4165 619 4174 ,
674 4111 854 4164 ﬁcium
881 4113 1157 4167 obtulerit.
1190 4114 1365 4170 Etiam
1388 4114 1499 4170 Noe
1530 4117 1773 4185 protinus
1793 4117 1858 4172 de
1886 4119 2095 4173 cunctis
2116 4135 2209 4188 pe-

611 4256 625 4263 _
672 4200 891 4256 coribus
927 4203 1161 4269 mundis,
1196 4213 1249 4259 et
1290 4206 1356 4260 de
1383 4208 1591 4263 cunctis
1619 4208 1926 4262 volucribus
1972 4211 2204 4276 mundis,

614 4336 617 4341 ,
667 4290 863 4344 'obtulit
907 4291 1293 4360 perfectissima
1326 4310 1547 4350 munera
1578 4312 1740 4364 super
1772 4298 1975 4351 altare:
2013 4299 2207 4352 odora-

614 4426 621 4455 .
673 4389 865 4447 tusqne
913 4394 995 4436 est
1038 4381 1297 4461 Dominus
1336 4385 1552 4439 odorem
1602 4388 1901 4442 suavitatis.
1936 4389 2205 4443 Abraham

670 4483 886 4537 quoque
914 4471 1225 4525 sacriﬁcans
1257 4472 1586 4527 describitur
1616 4493 1627 4526 :
1663 4483 1740 4538 ut,
1769 4476 1816 4529 si
1841 4476 2035 4531 divina:
2059 4476 2206 4531 Scri-

669 4562 1218 4627 pturaetestimonium
1240 4563 1535 4629 sequimur,
1578 4564 1807 4632 primum
1838 4569 2072 4621 omnium
2101 4568 2205 4639 35

666 4665 731 4702 ex
754 4650 1076 4705 animalibus
1121 4652 1463 4716 sacriﬁcium,
1498 4655 1691 4722 priscis
1720 4655 1827 4711 Deo
1860 4659 2046 4713 amicis
2077 4661 2206 4714 viris

2307 2228 2428 2290 τοὺς
2463 2225 2596 2297 μετὰ
2630 2226 2796 2279 ταῦτα
2828 2225 3170 2294 ἀνθρώπους,
3217 2227 3480 2296 αἱμάξαι
3524 2228 3690 2291 τοὺς

2308 2317 2459 2381 ζώων
2515 2320 2745 2386 σφαγαῖς
2938 2313 3089 2371 Εἶναι
3132 2316 3192 2369 δὲ
3244 2316 3483 2387 ταύτην
3541 2318 3748 2370 ἀνόσιι

2308 2409 2504 2474 ἄδικον,
2524 2409 2613 2464 καὶ
2632 2408 2874 2477 οὐδαμῶς
2897 2408 3013 2479 Θεῴ
3034 2408 3313 2478 προσφιλῆ
3339 2408 3607 2463 θυσίαν.
3624 2412 3745 2482 Mr.

2307 2502 2403 2570 τῆς
2435 2500 2537 2553 τῶν
2567 2499 2860 2570 ἀνθρώπων
2908 2500 3127 2569 λογικῆς
3168 2499 3359 2570 ψυχῆς
3399 2500 3527 2571 τὴν
3560 2501 3703 2554 τῶν

2305 2590 2600 2660 διαφέρειν·
2653 2590 2732 2641 διὸ
2771 2589 2862 2641 καὶ
2907 2590 3066 2657 φόνου
3097 2589 3253 2659 δίκην
3290 2589 3564 2660 ὑπέχειν
3621 2590 3747 2656 ἄξιε

2308 2678 2699 2744 ζωοθυτοῦντας
2742 2679 2994 2747 ἔφασκον,
3041 2679 3118 2741 ὡς
3160 2679 3268 2747 τῆς
3326 2681 3537 2752 αὐτῆς
3615 2683 3740 2736 καὶ

2307 2770 2361 2821 ἔν
2387 2787 2442 2822 τε
2474 2768 2739 2839 ἀνθρώπῳ
2772 2768 2865 2820 καὶ
2896 2769 2951 2820 ὲν
2972 2768 3048 2837 τῷ
3074 2768 3257 2838 ἀλόγῳ
3288 2765 3431 2840 ξὼῳ
3454 2769 3697 2843 ψυχῆς
3733 2776 3748 2825 ἰ

2306 2860 2518 2931 χούσης.
2566 2858 2700 2911 Ἀλλ’
2747 2858 2776 2908 6
2817 2858 2912 2927 μὲν
2961 2859 3069 2911 τῶν
3119 2858 3415 2929 Ἐλλήνων
3475 2866 3654 2938 περὶ
3705 2883 3745 2916 τ

2306 2948 2466 3002 λαιῶν
2506 2948 2659 3014 λόγος
2695 2947 2897 2999 τοιόσδε
2931 2965 3012 3010 τις
3051 2943 3119 3020 ἦν
3143 2965 3156 2977 ·
3203 2950 3234 3001 6
3273 2948 3335 3003 δέ,
3368 2968 3448 3019 γε
3500 2954 3639 3025 τῆς
3692 2956 3746 3007 Ἰ

2306 3039 2521 3109 Γραφῆς
2559 3038 2618 3089 οὐ
2665 3036 2916 3099 τοιοῦτος.
2970 3037 3109 3099 Τοὺς
3135 3037 3249 3109 γάρ
3297 3055 3394 3092 τοι
3445 3042 3744 3113 πρώτου

2306 3129 2617 3198 γενομένους
2651 3124 2964 3198 ἀνθρώπους
3010 3125 3126 3196 ἅμα
3147 3131 3216 3199 τῇ
3250 3129 3476 3205 πρώτῃ
3518 3136 3742 3189 συστά

2309 3219 2422 3289 βίου
2449 3218 2652 3279 θυσίαις
2674 3220 2788 3279 ταῖς
2811 3217 2915 3268 ἀπὸ
2940 3214 3094 3279 ζώων
3123 3219 3367 3288 τιμῆσαι
3400 3222 3475 3274 τὸ
3511 3224 3728 3279 Θεῖον

2306 3310 2463 3375 Λέγει
2506 3307 2548 3359 δ’
2593 3304 2704 3360 οὖν’
2756 3328 2774 3358 ι
2800 3308 2908 3360 Καὶ
2958 3306 3176 3374 ἐγένετο
3213 3309 3342 3377 μεθ’
3391 3312 3681 3385 ἡμέρας
3713 3358 3733 3379 ,

2307 3401 2442 3454 Κάἳν
2479 3399 2582 3451 ἀπὸ
2620 3397 2725 3449 τῶν
2764 3397 2988 3469 καρπῶν
3030 3399 3129 3465 τῆς
3165 3400 3275 3469 γῆς
3325 3400 3577 3460 θυσίαν
3626 3407 3740 3477 τῷ

2235 3458 2278 3516 c
2309 3488 2400 3539 καὶ
2432 3485 2594 3539 Ἀϐελ
2630 3458 2962 3554 ἧνεγκίκαὶ
3008 3458 3190 3549 air-:6;-
3222 3458 3341 3541 ἀπὸ
3389 3458 3533 3545 τῶς,
3553 3458 3561 3460 ἡ

2306 3576 2411 3631 τῶν
2441 3576 2720 3647 προϐάτων
2748 3574 2929 3627 αὐτοῦ.
2975 3576 3086 3629 Καὶ
3116 3577 3340 3634 ἐπεῖδεν
3380 3584 3414 3635 ὁ
3448 3584 3646 3650 Θεὸς
3701 3590 3736 3640 ὲ

2308 3669 2398 3720 καὶ
2439 3667 2528 3718 ἐπὶ
2567 3668 2678 3727 τοῖς
2713 3663 2900 3733 δώροις
2943 3664 3109 3716 αὐτοῦ
3134 3682 3149 3696 ·
3191 3667 3291 3719 ἐπὶ
3342 3670 3411 3724 δὲ
3466 3675 3672 3729 Κάῖν
3735 3698 3739 3703 .

2308 3758 2513 3819 θυσίαις
2538 3755 2697 3808 αὐτοῦ
2729 3755 2788 3807 οὐ
2813 3755 3133 3826 προσέσχεν.
3170 3777 3190 3811 ι
3234 3759 3431 3816 Ἔνθα
3466 3764 3562 3837 δὴ
3622 3769 3744 3823 ὲπι

2306 3848 2380 3911 ὡς
2419 3847 2611 3917 μᾶλλον
2660 3848 2688 3898 6
2727 3845 3068 3917 ζωοθυτήσας
3117 3848 3445 3918 ἀπόδεκτος
3518 3859 3742 3932 εῐρητ

2305 3938 2393 3989 τὸν
2438 3937 2543 3989 ἀπὸ
2594 3936 2695 4006 γῆς
2744 3938 3161 4006 προσαγαγόντα
3213 3941 3298 4011 τῷ
3344 3944 3501 4017 Θεῷ
3576 3954 3727 4025 τὴν

2306 4027 2414 4080 Καὶ
2459 4025 2579 4078 Νῶε
2618 4025 2674 4077 δὲ
2712 4025 2868 4089 εὐθὺς
2910 4029 3019 4081 ἀπὸ
3067 4029 3296 4087 πάντων
3358 4036 3501 4092 τῶν
3572 4060 3741 4116 κτη

2306 4116 2587 4188 καθαρῶν,
2630 4117 2723 4169 κατ⁹
2761 4119 2867 4170 ἀπὸ
2913 4120 3129 4173 πάντων
3175 4123 3289 4177 τῶν
3347 4131 3662 4201 πτηνῶν

2307 4208 2481 4278 θαρῶν
2543 4209 2831 4278 ἀνήνεγκεν
2892 4208 3308 4279 ὁλοκαρπώσεις
3355 4218 3475 4272 ἐπὶ
3535 4224 3631 4277 τὸ
3700 4228 3741 4280 θ

2308 4314 2439 4369 ριον,
2486 4299 2575 4349 καὶ
2613 4296 2897 4367 ὡσφράνθη
2946 4298 3149 4368 Κύριος
3199 4302 3399 4375 ὀσμὴν
3452 4310 3740 4373 εὐιυδὶε

2306 4389 2396 4439 καὶ
2431 4386 2673 4457 Ἀϐραὰμ
2708 4385 2887 4447 θύσας’
2912 4387 3337 4459 ἀναγέγραπται
3367 4411 3383 4425 -
3419 4395 3671 4470 ὥστε,
3728 4427 3738 4460 τ

2303 4479 2400 4548 τῆς
2426 4475 2571 4539 θείας
2588 4475 2803 4547 Γραφῆς
2851 4477 3174 4546 μαρτυρίαν,
3196 4481 3462 4556 πρώτην
3536 4493 3738 4553 ἀπά.

2304 4569 2391 4621 διὰ
2422 4566 2571 4630 ζώων
2609 4564 2792 4617 θυσίαν
2816 4566 3193 4634 ὲπινενοῆσθαι
3227 4573 3352 4634 τοῖς
3397 4579 3653 4638 πάλαι
3709 4589 3738 4641 Ε

2305 4657 2501 4711 Τούτου
2533 4655 2588 4708 δὲ
2608 4656 2695 4708 τὸν
2728 4654 2979 4723 λογισμὸν
3006 4655 3251 4726 ἡγοῦμαι
3281 4658 3447 4718 εἶναι
3481 4672 3579 4724 οὐ
3617 4677 3736 4731 τὸς

667 4740 1025 4809 excogitatum
1048 4738 1234 4801 fuisse,
1259 4754 1360 4793 nos
1391 4740 1570 4795 dicere
1595 4752 1854 4811 oporteat.
1885 4744 2053 4826 Quam
2077 4762 2206 4802 sane

2236 4767 2280 4820 ι)
2308 4748 2412 4801 οὐδ’
2438 4744 2781 4815 ἀνθρωπίνως
2812 4744 3183 4814 κεκινημένον,
3208 4754 3369 4807 κατὰ
3405 4756 3645 4819 θείαν
3681 4770 3739 4823 δ.

665 4830 1107 4900 excogitationem
1136 4838 1336 4886 temere
1365 4832 1656 4898 exstitisse,
1688 4842 1779 4888 aut
1800 4836 2029 4891 humano
2054 4852 2201 4892 more

665 4929 924 4986 exortam,
948 4921 1243 4990 putandum
1276 4936 1387 4977 non
1414 4931 1518 4988 est,
1545 4925 1635 4980 sed
1662 4925 1842 4980 divino
1864 4930 2039 4996 potius
2064 4937 2199 4984 nutu

668 5012 1010 5070 insinuatam.
1043 5014 1249 5071 Etenim
1282 5031 1403 5072 cum
1432 5033 1640 5073 morum
1663 5020 1945 5074 sanctitate
1977 5029 2198 5089 prasta-

666 5110 805 5165 rent,
837 5101 1049 5172 Deoque
1078 5106 1288 5176 penitus
1315 5108 1512 5163 addicti
1537 5117 1735 5171 essent,
1768 5117 1820 5163 et
1848 5110 1918 5163 ob
1944 5125 2059 5164 eam
2086 5126 2196 5165 rem

660 5191 822 5258 quasi
854 5190 1035 5245 divino
1057 5194 1257 5263 Spiritu
1299 5199 1548 5253 illustrati
1588 5200 1844 5262 viderent,
1876 5215 2068 5269 magno
2094 5200 2195 5253 sibi

658 5295 795 5345 opus
821 5292 943 5333 esse
969 5282 1245 5353 obsequio,
1270 5289 1315 5343 si
1346 5305 1443 5344 sua
1472 5290 1706 5360 ipsorum
1744 5290 1970 5344 humana
2003 5287 2196 5344 delicta

658 5371 870 5425 diluere
893 5371 1125 5428 vellent:
1159 5381 1385 5445 pretium
1434 5398 1531 5452 pro
1560 5383 1731 5437 salute
1767 5396 1864 5437 sua
1891 5383 1961 5445 ei,
1996 5382 2089 5451 qui
2116 5384 2196 5436 vi-

628 5568 635 5601 ,
731 5518 774 5549 “
810 5519 972 5574 Hebr.
1006 5539 1122 5588 xm,
1164 5527 1216 5580 4.
1295 5532 1335 5561 ³⁷
1364 5531 1495 5589 Gen,
1542 5552 1613 5599 ιν,
1649 5535 1766 5590 3-5.

2306 4835 2751 4906 ὑποϐεϐλημένον.
2799 4836 3012 4908 Ἐπειδὴ
3044 4837 3153 4910 γὰρ
3177 4840 3406 4913 ἑώρων,
3453 4852 3615 4910 ἅτε
3668 4865 3735 4917 1,.

2305 4927 2539 4989 εὐσεὸεῖς
2581 4928 2672 5023 καὶ
2714 4925 2829 4997 Θεῷ
2869 4934 3382 5023 προσῳκειωμένων
3442 4941 3661 5023 θείῳ

2308 5037 2433 5093 ματι
2460 5019 2556 5081 τὰς
2575 5018 2748 5090 ψυχὰς
2780 5022 3196 5093 πεφωτισμένοι,
3235 5030 3545 5107 μεγάλης
3584 5018 3726 5100 άὺ.

2303 5114 2459 5177 πείας
2489 5112 2598 5165 δεῖν
2640 5117 2718 5179 είς
2747 5116 3113 5188 ἀποκάθαρσιν
3144 5117 3257 5172 τῶν
3301 5123 3594 5198 θνητῶν
3668 5163 3726 5199 τε

2307 5205 2507 5303 μάξτυτν,
2540 5203 2731 5302 ,λύτρον
2777 5210 2874 5281 τῆς
2909 5208 3084 5263 αὐτῶν
3131 5217 3459 5303 σῶτηρίας,
3516 5230 3652 5303 τῷ

2300 5290 2391 5343 καὶ
2430 5288 2603 5360 ψυχῆς
2650 5298 2868 5371 χορηγῷ
2918 5298 3376 5371 προσοφείλεσθαι
3406 5288 3732 5379 ἠγοέινα,

2305 5381 2467 5452 μηδὲν
2502 5390 2747 5456 κρεῖττον
2798 5395 2891 5453 καὶ
2931 5392 3254 5470 τιμιώτερον
3304 5403 3412 5478 τῆς
3492 5410 3745 5470 οικεί,

735 5694 811 5767 (ί)
853 5696 990 5756 Sunt
1015 5702 1126 5759 haec
1149 5705 1426 5781 desumpta
1453 5727 1483 5767 e
1512 5676 1684 5782 primo
1711 5714 1847 5769 libro
1878 5709 2158 5781 Porphyrii
2191 5712 2206 5764 Α

2235 5706 2329 5777 'epl
2360 5706 2597 5781 ἀποχης
