3870 6324
216 374 305 430 εδ

1107 396 1762 459 DEMONSTRATIONIS
1792 392 2237 454 EVANGELICJE
2268 394 2396 452 LIB.
2430 398 2468 453 Ι.
3357 401 3425 451 ειη

194 493 899 592 TPWWEXWEM‘
953 516 1216 589 ταύτης
1257 523 1393 585 τέως
1435 521 1528 592 τὴν
1570 520 1654 573 διὰ
1689 519 1792 571 τῶν

1896 528 2003 573 tam
2035 528 2190 586 atque
2209 518 2443 571 animam
2474 517 2807 586 prmbuisset.
2828 534 2885 573 se
2910 518 3102 573 debere
3124 518 3379 586 putabant
3405 540 3421 573 :

156 572 385 693 ξίξδγων
411 589 555 653 ζώων
586 589 879 693 ποῖα-ἦγον
917 572 1682 680 θυσίανῖτῆξξτῖρῶξψυχῆς
1709 610 1800 661 ἀν-

172 657 365 768 τ’ίφυκι
401 657 865 749 προσκομίξονιέες
893 702 912 715 -
952 657 1156 749 esse;
1172 657 1326 752 ’καὶξᾶ
1347 657 1801 768 10347033541;-

192 748 418 832 iri-1.09?
442 748 643 823 ἀδικεῖν
672 772 1068 849 ἡγούμενοι,
1100 748 1362 859 aulai:
1381 748 1451 858 Eii
1473 748 1802 859 sagacitr.

162 876 295 931 κων
326 860 495 929 λογικῇ
547 862 644 913 καὶ
686 868 878 936 νοερᾷ
944 872 1218 948 δυνάμει
1262 876 1799 949 παραπλησίαν-εἷναι

158 962 275 1030 τὴν
298 950 446 1020 ψδκὴν
465 950 574 1003 τῶν
598 952 830 1020 ἀλόγων
859 958 1284 1032 ἐπαιδεύοντο,
1302 970 1407 1021 οὐδ’
1436 970 1560 1023 ἄλλο
1585 988 1636 1023 τι
1667 967 1801 1022 εἶναι

160 1043 332 1116 αὐτὴν
354 1040 380 1110 ἢ
406 1041 477 1131 ντδ
502 1035 651 1111 αἷμα
679 1044 892 1102 αὐτῶν
935 1058 1367 1128 μεμαθηκότες,
1392 1060 1485 1111 καὶ
1516 1058 1612 1131 τὴν
1638 1062 1695 1114 ὲν
1724 1058 1801 1128 τῷ

157 1144 345 1210 αἵματι
398 1130 643 1202 ζωτικὴν
704 1134 1011 1209 δύναμιν,
1075 1146 1109 1199 δ
1167 1148 1261 1201 καὶ
1310 1130 1580 1218 παρέχειν
1609 1148 1801 1210 αὐτοὺς

165 1239 348 1295 ὥσπερ
364 1221 544 1293 ψυχὴν
569 1225 701 1278 ἀντὶ
728 1226 947 1301 ψυχῆς
976 1236 1359 1307 ἀναφέροντας
1380 1238 1455 1308 τῷ
1474 1238 1607 1308 Θεῷ.
1634 1238 1801 1290 Τοῦτο

173 1329 232 1384 δὲ
272 1313 390 1366 αὐτὸ
440 1315 653 1385 Μωσῆς
704 1317 1059 1380 λευκότατά
1114 1346 1216 1381 που
1268 1329 1534 1397 διασαφεῖ,
1593 1328 1761 1395 λέγων
1782 1344 1799 1357 ο

192 1437 215 1470 ι
249 1404 400 1474 Ψυχὴ
442 1406 632 1477 πάσης
691 1412 924 1481 σαρκὸς
984 1411 1134 1486 αἷμα
1174 1418 1334 1471 αὐτοῦ
1379 1420 1513 1480 ἐστι,
1558 1419 1650 1471 κα)⁸
1693 1415 1800 1483 ἐγὼ

198 1500 382 1560 ubam
424 1496 558 1564 ὑμῖν
607 1497 676 1550 τδ
712 1494 875 1570 αἷμα
915 1504 1021 1558 ἐπὶ
1052 1506 1148 1558 τοῦ
1194 1506 1590 1576 θυσιαστηρίου,
1622 1506 1800 1571 ἐξιλά-

217 1585 409 1644 σκεσθαι
440 1587 575 1657 περὶ.
600 1587 721 1641 τῶν
752 1591 1071 1663 ἁμαρτιῶν
1121 1596 1291 1666 ὑμῶν.
1318 1597 1390 1648 Τὸ
1414 1596 1520 1665 γὰρ
1547 1590 1680 1665 αἷμα
1708 1598 1802 1649 αὐ-

231 1676 312 1729 τῶν
351 1674 468 1727 ἀντὶ
507 1675 701 1745 ψυχῆς
744 1678 1097 1743 ὲξιλάσεται.
1134 1682 1230 1734 Διὰ
1277 1681 1429 1734 τοῦτο
1458 1683 1649 1751 εἴρηκα
1690 1685 1798 1744 τοῖς

242 1767 341 1825 υἱοῖς
388 1765 611 1836 Ἰσραήλ
635 1783 651 1796 ·
709 1768 887 1821 Πᾶσα
948 1770 1097 1841 ψυχὴ
1154 1771 1212 1835 ἐξ
1272 1772 1422 1841 ὐμῶν
1467 1773 1526 1824 οὐ
1571 1772 1796 1840 φάγεται

1901 608 1994 663 sed
2023 623 2142 662 cum
2159 605 2289 659 nihil
2315 607 2652 676 praestantius
2695 615 2786 659 aut
2810 609 3096 675 pretiosius
3121 609 3292 662 anima
3328 625 3424 662 sua

1898 698 2174 761 haberent,
2201 696 2343 765 quod
2365 696 2625 759 dicarent,
2653 712 2749 766 pro
2776 697 2877 751 hac
2903 698 3113 752 interim
3143 700 3421 753 brutorum

1899 786 2203 840 animalium
2229 786 2392 839 vitam
2417 783 2724 847 oli‘erebant,
2750 786 2821 838 ita
2851 801 2959 839 suae
2978 788 3213 855 ipsorum
3236 790 3424 841 anima:

1898 875 2218 928 sacriﬁcium
2249 875 2381 929 illud
2410 881 2780 943 comparantes
2809 893 2821 926 :
2854 890 3024 942 neque
3045 878 3178 929 sein
3203 877 3301 930 hoc
3332 885 3423 930 aut

1898 959 2223 1030 delinquere,
2245 969 2335 1014 aut
2358 962 2556 1030 injuste
2579 962 2752 1015 facere
2774 961 3171 1015 arbitrabantur
3193 983 3206 1017 :
3228 965 3423 1034 quippe

1898 1049 1989 1118 qui
2017 1048 2292 1102 hominum
2336 1049 2637 1114 rationalis,
2669 1056 2826 1117 atque
2856 1049 3199 1118 intelligentia
3229 1054 3420 1120 praedi-

1898 1147 1964 1192 ta:
2004 1138 2195 1192 anima:
2245 1138 2549 1207 neutiquam
2595 1138 2821 1192 similem
2877 1136 3155 1192 brutorum
3194 1139 3420 1193 animam

1897 1244 2015 1283 esse
2037 1228 2369 1291 didicissent,
2391 1243 2562 1297 neque
2576 1226 2720 1281 aliud
2737 1226 3019 1296 quicquam
3041 1243 3199 1297 quam
3213 1229 3419 1282 illorum

1898 1320 2228 1389 sanguinem,
2272 1319 2587 1388 vitalemque
2617 1320 2669 1373 in
2711 1334 2773 1373 eo
2804 1320 2907 1371 vim
2943 1334 3063 1373 esse
3086 1335 3223 1385 eam,
3253 1320 3422 1374 edocti

1895 1418 2093 1471 essent,
2121 1408 2329 1477 hocque
2356 1424 2517 1461 unum
2551 1408 2785 1478 praebere
2810 1424 2866 1463 se
2881 1408 3033 1477 quasi
3062 1408 3292 1462 animam
3317 1407 3424 1464 Deo

1897 1511 1993 1564 pro
2023 1496 2199 1548 anima
2228 1494 2528 1549 offerentes.
2555 1493 2665 1548 Hoc
2694 1502 2868 1549 autem
2903 1497 3077 1565 ipsum
3099 1495 3271 1550 Moses
3291 1511 3424 1565 quo-

1896 1583 2018 1637 dam
2052 1585 2169 1637 loco
2197 1583 2506 1653 planissime
2527 1584 2746 1648 indicat,
2775 1585 2865 1638 ubi
2898 1585 2971 1637 ait
3004 1604 3016 1638 :
3051 1602 3068 1634 ι
3099 1585 3287 1641 Anima
3310 1601 3423 1639 om-

1896 1671 1982 1726 nis
2013 1670 2193 1726 carnis
2230 1671 2448 1740 sanguis
2485 1671 2601 1739 ejus
2632 1679 2732 1735 est,
2772 1681 2824 1726 et
2856 1688 2954 1741 ego
2986 1672 3104 1727 dedi
3128 1675 3277 1728 vobis
3306 1690 3427 1731 san-

1897 1760 2109 1829 guinem
2157 1759 2212 1812 in
2251 1760 2403 1813 altari
2437 1760 2502 1812 ad
2550 1758 2868 1828 expiandum
2902 1775 2998 1829 pro
3052 1761 3283 1829 peccatis
3335 1777 3426 1815 ve-

253 1849 371 1924 αἷμα.
413 1874 431 1905 ι
472 1856 731 1926 Πρόσχες
777 1859 920 1927 γοῦν
968 1862 1239 1931 ἐπιμελῶς
1276 1863 1342 1914 ὲν.
1379 1861 1623 1925 τούτοις,
1653 1863 1792 1924 ὅπως

1896 1852 2022 1905 stris
2054 1869 2069 1905 :
2103 1851 2320 1920 sanguis
2359 1851 2497 1905 enim
2525 1866 2706 1905 eorum
2736 1866 2831 1920 pro
2856 1852 3031 1904 anima
3060 1853 3311 1921 expiabit.
3342 1851 3426 1906 ld-

252 1941 423 2010 εἴρηται
450 1943 535 2006 τὸ,
577 1963 596 1994 ι
659 1945 815 2013 Ἐγὼ
858 1948 1071 2003 δέδωκα
1106 1950 1230 2018 ὑμῖν
1274 1951 1373 2001 ἐπὶ
1392 1949 1483 2001 τοῦ
1513 1949 1796 2019 θυσιαστη-

250 2031 333 2098 ρίου
375 2032 775 2096 ἐξιλάσκεσθαι
823 2038 957 2107 περὶ
999 2038 1106 2090 τῶν
1145 2038 1326 2110 ψυχῶν
1362 2038 1541 2107 ὐμῶν·
1586 2039 1645 2091 τὸ
1688 2039 1795 2110 γὰρ

246 2115 347 2191 αἷμα
372 2123 491 2175 ἀντὶ
522 2125 632 2195 τῆς
662 2126 856 2197 ψυχῆς
896 2126 1213 2192 ὲξιλάσεται.
1254 2146 1273 2178 ι
1324 2128 1513 2196 Σαφῶς
1533 2128 1651 2199 γὰρ
1679 2129 1795 2181 ἀντὶ

243 2212 312 2281 τῆς
336 2214 704 2284 ἀνθρωπίνης
733 2217 1011 2286 ψυχῆςιτδ
1037 2216 1144 2269 τῶν
1178 2217 1612 2288 σφατιαζομένων
1646 2216 1794 2282 ζώων

239 2296 348 2371 αἷμά
371 2321 541 2375 φησιν
590 2306 1016 2372 ἐξιλάσκεσθαι.
1044 2307 1210 2359 Τοῦτο
1243 2307 1298 2359 δὲ
1333 2308 1462 2360 αὐτὸ
1495 2308 1587 2360 καὶ
1614 2308 1643 2358 ὁ
1672 2308 1798 2377 περὶ

236 2393 317 2446 τῶν
342 2395 550 2449 θυσιῶν
595 2397 776 2466 νόμος
804 2396 1091 2450 ὑποϐάλλει
1113 2400 1247 2449 νοεῖν
1275 2397 1354 2467 τῷ
1379 2399 1796 2468 τεθεωρημένως

236 2483 524 2538 σκοποῦντι.
562 2487 768 2540 Πάντα
807 2486 938 2555 γοῦν
971 2487 1062 2539 τὸν
1106 2486 1296 2539 θύοντα
1324 2486 1420 2549 τὰς
1462 2491 1643 2557 χεῖρας
1680 2489 1796 2539 ἑπι-

233 2568 423 2626 εάλλειν
453 2574 810 2642 προστάττει
852 2576 918 2644 τῇ
953 2573 1159 2643 κεφαλῇ
1189 2574 1281 2628 τοῦ
1320 2576 1609 2644 θυομένου,
1632 2592 1796 2644 προσ-

233 2660 456 2728 κομίζειν
490 2662 553 2715 δὲ
591 2664 661 2715 τὸ
693 2661 839 2726 ζῶον
870 2661 947 2731 τῷ
980 2664 1112 2732 ἱερεῖ
1132 2664 1229 2733 τῆς
1263 2665 1497 2732 κεφαλῆς
1524 2666 1793 2733 ἐχόμενον,

230 2750 408 2805 ὡσανεὶ
438 2754 593 2823 ὑπὲρ
636 2753 744 2822 τῆς
779 2751 974 2804 ἑαυτοῦ
1002 2753 1238 2822 κεφαλῆς
1261 2754 1322 2805 τὸ
1355 2756 1543 2823 ἱερεῖον
1568 2753 1800 2822 προσφέ-

234 2855 391 2909 pma.
436 2844 615 2910 Λέγει
667 2843 716 2895 δ’
764 2838 858 2895 οὖν
904 2844 989 2910 ἐφ’
1024 2845 1249 2913 ἑκάστῳέ
1289 2863 1307 2894 ι
1359 2841 1618 2914 Προσάξει
1667 2844 1798 2896 αὐτὸ

231 2928 386 2985 ἔναντι
426 2933 674 3003 Κυρίου,
706 2933 804 2985 καὶ
847 2933 1101 3003 ἐπιθήσει
1142 2934 1240 2996 τὰς
1279 2936 1463 3004 χεῖρας
1507 2932 1666 2987 αὐτοῦ
1708 2934 1797 2986 ἐπὶ

228 3020 309 3091 τὴν
339 3023 622 3093 κεφαλὴν·
645 3023 751 3076 τοῦ
798 3022 996 3093 δώρου.
1037 3042 1056 3074 ι
1104 3026 1217 3076 Καὶ
1242 3023 1412 3085 οὕτως
1442 3025 1523 3091 ἐφ’
1571 3025 1795 3077 ἑκάστου

230 3115 511 3183 τετήρηται
540 3113 817 3182 θύματος,
846 3113 1098 3182 οὐδεμιᾶς
1128 3113 1316 3176 θυσίας
1344 3113 1511 3175 ἄλλως
1541 3114 1796 3184 ἀναφερο-

232 3201 401 3273 μένης.
433 3204 516 3256 Δι’
554 3196 638 3254 ὧν
673 3205 703 3256 ὁ
748 3202 927 3270 λόγος,
957 3204 1037 3256 ὅτι
1076 3203 1138 3273 δὴ
1171 3204 1432 3273 ἀντίψυχα
1478 3204 1577 3272 τῆς
1619 3204 1794 3256 αὐτῶν

225 3290 385 3362 ψυχῆς
413 3294 744 3363 προσήγετο
761 3291 1261 3361 τάιζωοθυτούμενα
1280 3310 1293 3323 ·
1328 3296 1356 3345 ὁ
1393 3293 1447 3344 δὲ
1467 3293 1570 3345 τῶν
1590 3293 1794 3360 ἀλόγων

223 3378 363 3443 ζώων
403 3384 466 3435 τὸ
495 3378 785 3452 αἷμα.τὴν
817 3381 993 3452 ψυχὴν
1024 3378 1160 3435 εἶναι
1192 3380 1404 3444 διδάξας
1434 3381 1672 3450 οὐδαμῶς
1712 3381 1795 3432 λο-

220 3474 370 3542 γικῆς
400 3475 498 3525 καὶ
528 3474 737 3542 νοερᾶς
768 3472 954 3533 οὐσίας
984 3471 1182 3539 ὁμοίως
1208 3475 1320 3533 τοῖς
1339 3469 1636 3540 ἀνθρώποις
1667 3487 1793 3538 μετ-

219 3559 355 3631 έχειν
384 3562 527 3617 αὐτὰ
557 3561 927 3631 παρίπησινο
974 3555 1109 3614 εἶναι
1158 3560 1266 3630 γὰρ
1294 3558 1467 3611 αὐτῶν
1490 3560 1583 3628 τὴν
1613 3559 1795 3611 σύστα-

221 3664 301 3702 σιν
333 3651 396 3716 ἐξ
423 3652 560 3723 ὕλης
598 3653 701 3705 καὶ
737 3653 1023 3719 σωμάτων,
1050 3652 1159 3712 τοῖς
1184 3648 1290 3701 ἀπὸ
1330 3649 1427 3717 γῆς
1461 3648 1793 3717 βλαστήμασι

219 3740 308 3790 καὶ
351 3743 539 3807 φυτοῖς
596 3737 1010 3808 παραπλησίαν.
1058 3738 1169 3789 Ἑνὶ
1199 3738 1242 3792 δ’
1283 3732 1374 3788 οὖν
1410 3736 1553 3806 λόγῳ
1586 3736 1739 3789 πάλιν
1765 3737 1792 3787 ὁ

221 3824 419 3897 Μωσῆς
458 3845 603 3898 φησι
648 3828 746 3880 τὸν
780 3827 913 3878 Θεὸν
961 3830 1160 3882 εἰπεῖν’
1210 3847 1227 3877 ι
1265 3826 1674 3897 Βλαστησάτωὴ
1722 3828 1794 3898 γῆ

224 3910 445 3989 βοτάνην
474 3919 709 3987 χόρτου,
746 3919 966 3985 σπεῖρον
1012 3917 1229 3986 σπέρμα
1268 3918 1360 3970 καὶ
1404 3915 1558 3981 ξύλον
1600 3917 1792 3987 κάρπι-

226 4016 337 4069 μον.
368 4025 389 4057 ο
424 4008 542 4058 Καὶ
576 4001 744 4066 αὖθις
774 4005 1187 4076 παραπλησίως’
1231 4023 1249 4056 ⁸
1302 4005 1636 4073 Ἐξαγαγέτω
1665 4008 1698 4075 ἡ
1721 4006 1789 4076 ῒῆ

218 4096 541 4164 τετράποδα,
588 4095 693 4148 καὶ
734 4094 968 4164 ἑρπετὰ,
1014 4096 1107 4147 καὶ
1155 4095 1317 4165 θηρία
1364 4096 1461 4165 τῆς
1508 4097 1606 4165 γῆς
1655 4096 1791 4149 κατὰ

220 4183 386 4247 γένος.
431 4203 452 4234 ο
495 4184 670 4235 Ὥστε
696 4183 1004 4251 ὁμοιογενῆ,
1035 4184 1130 4236 καὶ
1164 4185 1395 4255 ὀμοφυῆ,
1422 4186 1513 4237 καὶ
1538 4186 1791 4255 ὁμοούσια

220 4268 353 4326 εἶναι
382 4273 646 4344 ἡγεῖσθαι
677 4276 795 4336 τοῖς
822 4275 930 4327 ἀπὸ
961 4275 1065 4344 γῆς
1109 4274 1306 4344 βλαστή
1316 4291 1445 4344 μασι
1472 4276 1561 4328 καὶ
1609 4280 1790 4345 φυτοῖς

219 4363 284 4415 τὰ
307 4363 481 4431 ἄλογα
499 4381 513 4394 ·
551 4362 642 4415 διὸ
683 4365 780 4416 καὶ
828 4364 1093 4434 μηδαμῶς
1129 4364 1460 4433 πλημμελεῖν
1493 4365 1616 4427 τοὺς
1655 4364 1787 4428 ζωο-

1895 1941 2038 1995 circo
2070 1941 2177 1995 dixi
2204 1941 2327 1995 ﬁliis
2368 1939 2529 1995 Israel
2562 1959 2576 1993 :
2619 1939 2802 1995 Omnis
2834 1940 3009 1995 anima
3039 1958 3101 1996 ex
3132 1943 3281 1998 vobis
3318 1959 3423 1997 non

1894 2032 2134 2087 comedet
2164 2032 2476 2101 sanguinem
2511 2032 2573 2083 ¹⁸.
2617 2050 2635 2081 ι
2670 2029 2893 2084 Attende
2926 2030 3086 2099 igitur
3120 2031 3421 2101 diligenter,

1895 2121 2163 2190 quomodo
2201 2120 2256 2173 in
2285 2121 2367 2174 his
2393 2120 2594 2173 dictum
2623 2118 2694 2171 sit
2720 2118 2850 2171 illud
2885 2137 2897 2171 ε
2933 2137 2951 2169 ι
2985 2117 3095 2188 Ego
3124 2120 3242 2173 dedi
3274 2122 3425 2176 vobis

1896 2210 1950 2263 in
1978 2211 2133 2263 altari
2156 2211 2371 2279 expiare
2397 2210 2603 2262 animas
2632 2218 2835 2262 vestras
2862 2227 2876 2274 ;
2910 2210 3129 2278 sanguis
3149 2212 3289 2264 enim
3326 2226 3423 2279 pro

1894 2299 2071 2352 anima
2098 2299 2365 2367 piaculum
2392 2298 2511 2352 erit.
2542 2315 2560 2347 ι
2592 2294 2753 2350 Plane
2771 2296 2911 2350 enim
2936 2313 3031 2366 pro
3050 2298 3278 2352 humana
3306 2303 3424 2357 aui-

1894 2402 2001 2450 ma,
2050 2394 2398 2442 mactatorum
2442 2385 2748 2441 animalium
2798 2388 3108 2455 sanguinem
3154 2392 3421 2458 piaculum

1895 2474 2072 2529 offerri
2116 2476 2265 2530 dicit.
2306 2474 2417 2528 Hoc
2448 2473 2585 2527 idem
2616 2472 2773 2527 etiam
2805 2473 2892 2526 lex
2929 2474 2994 2529 de
3029 2477 3306 2532 sacriﬁciis
3328 2479 3423 2533 ad-

1895 2575 2073 2622 monet
2115 2568 2534 2635 intelligendum,
2568 2569 2615 2622 si
2662 2570 2783 2638 quis
2833 2572 2988 2623 modo
3035 2569 3422 2625 consideratius

1895 2658 2194 2712 attenderit.
2235 2657 2365 2711 Nam
2396 2660 2555 2727 capiti
2579 2661 2804 2713 victimae
2835 2675 3262 2729 unumquemque
3293 2659 3419 2714 dum

1893 2748 2161 2802 sacriﬁcat
2177 2764 2368 2802 manus
2394 2749 2591 2804 habere
2628 2751 2852 2819 injectas
2886 2752 3129 2820 imperat,
3164 2762 3215 2804 et
3246 2749 3313 2803 ad
3335 2765 3422 2804 sa-

1893 2834 2157 2888 cerdotem
2188 2835 2384 2889 animal
2407 2835 2581 2905 ipsum
2605 2836 2867 2894 adducere
2889 2839 3059 2907 capite
3079 2837 3423 2907 comprehen-

1894 2938 2034 2987 sum,
2066 2933 2222 2992 atque
2251 2924 2544 2991 detentum,
2570 2927 2724 2994 quasi
2748 2928 2839 2996 qui
2877 2943 2975 2997 pro
3004 2942 3103 2982 suo
3132 2927 3299 2996 ipsius
3326 2941 3416 2980 ca-

1894 3013 2002 3082 pite
2030 3011 2259 3069 hostiam
2285 3014 2565 3081 exhibeat;
2598 3016 2737 3070 dicit.
2758 3018 2918 3087 igitur
2961 3019 3027 3073 de
3062 3033 3418 3088 unoquoque:

1898 3120 1917 3152 ι
1953 3101 2193 3157 Adducet
2230 3102 2357 3157 illud
2384 3109 2507 3158 ante
2552 3102 2856 3171 Dominum,
2887 3114 2939 3161 et
2969 3108 3204 3177 imponet
3229 3121 3420 3175 manus

1898 3207 2024 3247 suas
2046 3194 2099 3246 in
2131 3202 2290 3264 caput
2335 3198 2572 3253 muneris
2603 3200 2665 3250 ³⁸.
2703 3218 2721 3249 ι
2754 3197 2906 3263 Quod
2943 3214 3071 3252 sane
3101 3199 3153 3251 in
3175 3180 3419 3252 omnivi-

1895 3284 2055 3340 ctima
2083 3285 2422 3339 observatum
2449 3296 2550 3353 est,
2599 3304 2720 3342 cum
2767 3289 2921 3342 aliter
2964 3290 3164 3342 nullum
3211 3288 3417 3343 sacriﬁ-

1894 3375 2033 3429 cium
2082 3372 2352 3428 oﬁeratur.
2380 3374 2456 3429 Ex
2487 3378 2681 3446 quibus
2718 3378 2896 3446 utique
2928 3378 3103 3431 verbis
3134 3393 3309 3432 sermo
3337 3376 3419 3429 di-

1892 3464 2050 3517 vinus
2100 3462 2228 3517 illud
2262 3462 2482 3533 intelligi
2532 3467 2662 3528 vult,
2718 3468 3069 3520 humanarum
3120 3467 3415 3519 animarum

1894 3554 2140 3620 pretium,
2180 3570 2298 3622 qua:
2326 3556 2758 3609 sacriﬁcarentur
2787 3554 3034 3607 animalia
3067 3553 3303 3606 exhiberi
3331 3569 3421 3607 so-

1894 3645 1986 3709 lita
2018 3660 2158 3700 esse.
2185 3644 2353 3699 Porro
2374 3654 2552 3699 autem
2581 3648 2672 3715 qui
2708 3646 2862 3700 docet
2900 3646 3175 3699 brutorum
3208 3644 3413 3699 anima-

1892 3735 2020 3790 lium
2048 3737 2384 3805 sanguinem,
2427 3739 2664 3807 ipsorum
2696 3753 2816 3793 esse
2856 3736 3107 3799 animam,
3143 3734 3191 3790 is
3217 3750 3417 3804 nequa-

1889 3840 2051 3894 quam
2073 3840 2135 3880 ea
2167 3843 2288 3881 cum
2321 3828 2567 3882 rationali
2613 3827 2720 3897 36
2752 3835 2910 3896 atque
2940 3826 3261 3894 intelligente
3291 3825 3417 3879 subo

1891 3915 2109 3977 stantia,
2147 3916 2286 3969 sicut
2330 3917 2570 3971 homines
2605 3915 2980 3970 commercium
3028 3915 3220 3970 habere
3253 3913 3420 3983 signi-

1892 4002 2032 4056 ﬁcat.
2072 4002 2331 4059 Constare
2362 4005 2503 4059 enim
2531 4020 2596 4059 ex
2626 4019 2686 4057 ea
2717 4004 2938 4058 materia
2982 4011 3031 4058 et
3077 4003 3414 4073 corporibus,

1889 4094 2029 4149 sicut
2083 4095 2400 4164 pullulantia
2440 4096 2617 4150 omnia
2648 4096 2945 4164 plantaque
2989 4103 3257 4149 constant.
3300 4093 3419 4150 Uno

1888 4185 2067 4254 itaque
2105 4199 2351 4240 sermone
2381 4200 2570 4240 rursus
2596 4184 2769 4240 Moses
2804 4184 2969 4240 Deum
3006 4202 3158 4240 usum
3188 4185 3416 4251 inducit,

1888 4290 2010 4329 cum
2040 4275 2157 4328 ait:
2200 4294 2218 4326 ι
2260 4275 2531 4330 Germinet
2553 4282 2693 4328 terra
2727 4275 2941 4330 herbam
2982 4274 3108 4330 faeni
3153 4268 3417 4331 seminan-

1889 4366 1957 4419 tis
1985 4381 2185 4429 semel,
2233 4374 2289 4421 ut
2336 4366 2536 4436 lignum
2567 4365 2898 4420 fructiferum
2943 4368 3009 4421 ²⁰.
3049 4387 3066 4417 ι
3122 4366 3184 4418 Ει
3232 4366 3413 4420 eadem

221 4445 533 4515 θυτοῦντας.
553 4452 790 4523 Εἴρηται
810 4451 942 4521 γοῦν
962 4453 1055 4505 καὶ
1070 4452 1149 4522 τῷ
1167 4452 1309 4516 Νῶε,
1325 4453 1532 4507 ἐδεσθαι
1547 4454 1699 4525 κρέα,
1715 4456 1790 4519 ὡς

1893 4468 2077 4507 rursus
2110 4454 2315 4509 ratione
2345 4472 2357 4507 :
2394 4472 2412 4504 ι
2434 4452 2710 4509 .Producat
2748 4461 2888 4507 terra
2928 4454 3320 4524 quadrupedes.
3362 4463 3416 4508 et

219 4534 421 4610 λάχανα
430 4541 787 4611 άτροῦ.”Εως
806 4544 904 4611 μὲν
922 4539 1015 4594 οὐν
1033 4541 1242 4597 οὐδέπω
1253 4543 1311 4594 τὸ
1328 4547 1586 4614 κρεῖττον,
1599 4545 1716 4601 οὐδὲ
1731 4546 1789 4598 τὸ

222 4629 360 4698 μέγα
404 4633 501 4685 καὶ
540 4632 746 4702 τίμιον,
777 4633 871 4685 καὶ
894 4631 1195 4701 θεοπρεπὲς
1227 4633 1446 4700 σφάγιον
1476 4636 1653 4704 παρῆν
1694 4636 1786 4688 ἁν-

217 4712 471 4788 θρώποις,
488 4723 612 4782 ταῖς
626 4720 716 4774 διὰ
731 4720 886 4783 ζώων
902 4721 1114 4783 θυσίαις
1130 4720 1293 4791 λύτρα
1302 4722 1397 4790 τῆς
1413 4722 1612 4776 ἑαυτῶν
1625 4723 1782 4793 ζωῆς,

218 4808 312 4859 καὶ
338 4809 621 4880 ἀντίψυχαι
637 4812 742 4880 τῆς
767 4810 978 4872 οίκείας
1016 4810 1226 4878 φύσεως
1256 4814 1627 4881 προσηκόντως
1652 4815 1786 4866 ἁπο-

214 4892 411 4951 διδόναι
442 4901 589 4970 χρῆν
614 4899 696 4969 τῷ
717 4899 869 4969 Θεῷ⁹
900 4900 979 4962 ὡς
1006 4900 1101 4951 καὶ
1137 4899 1389 4969 ἔπραττον
1410 4904 1457 4955 οἱ
1485 4902 1649 4958 πάλαι
1674 4902 1787 4955 θεο-

217 4988 411 5054 φιλεῖς,
436 4989 634 5057 σεμνόν
663 5005 716 5041 τι
743 4990 839 5042 καὶ
875 4987 1125 5055 θεοφιλὲς
1149 4988 1237 5039 καὶ
1268 4988 1401 5057 μέγα
1430 4992 1623 5061 ἱερεῖον
1643 4990 1787 5060 ἥξειν

221 5078 351 5130 ποτὶ
375 5080 453 5141 είς
478 5077 806 5148 ἀνθρώπους
830 5076 1073 5147 τῷ.θείῳ
1098 5076 1360 5146 Πνεύματι
1383 5080 1782 5149 προειληῳὰτες,

220 5165 282 5217 τὺ
304 5167 394 5219 τοῦ
433 5168 637 5231 παντὸς
670 5167 982 5237 καθάρσιον
1008 5165 1228 5233 κόσμου,
1251 5162 1308 5220 οὗ
1334 5170 1426 5220 καὶ
1449 5168 1517 5222 τὰ
1543 5171 1784 5240 σύμϐολα

222 5253 352 5318 τέως
380 5257 661 5310 ίπιτελεῖνι
690 5256 913 5317 αὐτοὺς·
931 5253 1216 5322 προφήτας
1245 5253 1415 5318 ὄντας,
1448 5258 1540 5309 καὶ
1565 5258 1627 5310 τὸ
1660 5259 1786 5329 μέλ-

218 5336 306 5394 λον
345 5344 569 5399 ξασθαι
605 5340 1134 5413 προτυπουμένους⁶
1186 5341 1359 5411 ἐπειδὴ
1401 5342 1462 5395 δὲ
1487 5344 1548 5395 τὸ
1584 5346 1785 5400 τέλειον

206 5434 403 5504 παρῆν,
432 5438 547 5495 τοῖς
591 5430 711 5482 τῶν
758 5425 1074 5497 προφητῶν
1106 5426 1395 5491 ἀκολούθως
1430 5430 1780 5504 θεσπίσμασι,

196 5521 437 5581 unum
472 5521 543 5572 -ά
582 5514 798 5586 πρῶτα
844 5512 949 5563 καὶ
994 5510 1178 5563 λέλυτο
1213 5518 1536 5587 παραχρῆμα
1560 5521 1645 5575 διὰ
1680 5525 1786 5593 τῆς

1894 4542 2144 4610 reptilia.,
2188 4550 2241 4597 et
2288 4542 2488 4598 bestias
2520 4551 2677 4598 terra
2721 4545 3009 4612 generatim
3039 4545 3105 4595 “.
3140 4562 3159 4594 ι
3202 4542 3267 4596 Ut
3295 4558 3411 4595 om-

1891 4633 2020 4685 nino
2064 4632 2304 4702 ejusdem
2347 4641 2400 4687 et
2439 4633 2647 4702 generis
2688 4641 2741 4687 et
2769 4642 2971 4689 natura:
3000 4641 3052 4686 et
3101 4633 3413 4686 substantia

1888 4721 2043 4774 bruta
2068 4737 2187 4777 esse
2214 4722 2497 4777 dicendum
2524 4723 2614 4786 sit,
2645 4723 2799 4791 cujus
2827 4729 2878 4776 et
2916 4720 3267 4791 germinantia
3296 4735 3413 4772 om-

1887 4814 1976 4865 nia
2026 4818 2077 4864 et
2140 4811 2517 4879 plantae-sunt.
2580 4811 2809 4866 Proinde
2856 4813 3165 4871 neutiquam
3210 4824 3412 4877 errare,

1886 4900 1978 4969 qui
2026 4900 2273 4954 animalia
2314 4904 2634 4957 sacriﬁcant.
2675 4901 2882 4954 Dictum
2927 4901 3085 4968 igitur
3127 4905 3208 4953 est
3249 4900 3413 4955 etiam

1885 4990 2013 5057 Noe,
2045 4998 2102 5044 ut
2122 4992 2419 5048 comederet
2439 5008 2647 5058 carnes,
2670 4991 2824 5059 quasi
2849 4990 2992 5043 olera
3023 4989 3156 5056 agri.
3183 4987 3415 5045 Proinde

1886 5081 2011 5136 dum
2041 5081 2187 5136 nulla
2214 5083 2569 5150 praestantior,
2602 5094 2773 5151 neque
2796 5080 2986 5146 major,
3018 5094 3188 5147 neque
3213 5080 3413 5149 pretio-

1886 5172 2016 5235 sior,
2057 5186 2226 5241 neque
2255 5168 2376 5225 Deo.
2412 5169 2812 5225 convenientior
2860 5168 3073 5221 victima
3104 5170 3408 5224 hominibus

1891 5260 2073 5316 aderat
2102 5278 2115 5315 :
2146 5259 2407 5315 sacriﬁcia
2444 5258 2658 5314 interim
2698 5272 2762 5312 ex
2796 5258 3137 5322 animalibus,
3168 5274 3266 5329 pro
3309 5273 3405 5313 sua

1891 5348 2126 5418 ipsorum
2158 5348 2266 5405 vita
2298 5346 2621 5410 redimenda,
2649 5352 2704 5400 et
2729 5344 2993 5415 quoddam
3021 5349 3173 5417 quasi
3206 5355 3410 5402 natura

1892 5438 2116 5506 propria:
2159 5437 2449 5491 animatum
2475 5436 2724 5505 pretium,
2758 5437 2857 5507 ipsi
2895 5437 3002 5491 Deo
3033 5437 3255 5491 reddere
3291 5438 3409 5490 illos

1892 5525 2261 5582 convenienter
2303 5524 2576 5593 oportebat
2622 5543 2635 5578 :
2683 5524 2820 5579 sicut
2862 5526 3021 5580 etiam
3072 5524 3165 5577 Dei
3207 5532 3407 5578 veteres

267 5699 307 5729 ιι
340 5695 523 5753 um,
565 5701 684 5743 nm
714 5722 745 5750 ,.
805 5678 1006 5742 ΝΛΞ.
1088 5684 1124 5715 ι’
1151 5681 1307 5742 chit.
1366 5704 1444 5754 ιιι,
1478 5690 1528 5753 3,
1556 5694 1606 5759 8,
1643 5695 1737 5763 15;
1782 5711 1792 5752 ι

1896 5695 2162 5765 5,424,229,
2195 5697 2282 5753 35.
2355 5700 2397 5732 ²⁰
2428 5697 2556 5754 Gen.
2589 5712 2625 5763 ι,
2661 5696 2737 5749 ιι.
2813 5697 2852 5731 ’³
2885 5694 3015 5752 ibid.
3048 5695 3135 5750 :20.
