3870 6312
728 360 795 413 87
1340 356 1424 411 ΕΙ]
1436 356 1604 410 SEBll
1642 355 2106 410 CESARIENSlS
2142 354 2256 409 0Ρὲ

1718 355 2106 410 ESARIENSIS
2142 354 2288 409 ore.
2331 353 2509 408 PARS
2548 352 2612 407 ιι.
2652 382 2721 392 -
2756 333 3246 405 ΑΡοιοιιΕτιοΑζ

729 472 884 523 :nnicl
911 481 961 524 et
999 469 1231 524 cultores
1261 470 1545 533 faciebant,
1569 473 1658 540 qui
1697 472 2046 527 venerabilem
2068 486 2255 540 quam-

2108 486 2255 525 uam-
2280 477 2325 531 Α
2351 469 2441 523 τοῦ
2482 469 2778 538 κρείττονος
2801 467 2889 519 καὶ
2919 466 3149 536 ἀληθοῦς
3183 459 3436 533 ίερουγίας.
3461 448 3586 513 Οὗτος
3605 452 3636 503 δ’

730 560 870 619 dam,
915 554 1125 623 Deoque
1153 568 1445 626 acceptam.
1474 568 1525 614 et
1569 575 1810 627 magnam
1843 560 2089 619 hostiam,
2124 574 2254 612 ven-

729 653 899 698 turam
933 643 1059 696 olim
1106 646 1171 698 ad
1218 648 1482 710 homines,
1517 649 1697 702 divino
1736 649 2005 703 indicante
2039 650 2249 716 spiritu,

729 737 876 781 tanto
910 739 1034 786 ante
1072 733 1390 799 didicerant,
1426 753 1544 806 qua:
1588 740 1749 792 totius
1791 738 1973 791 mundi
2022 738 2253 808 expiatio

726 820 1008 873 exsisteret
1041 839 1056 875 :
1081 823 1234 890 cujus
1265 827 1421 879 etiam
1451 830 1599 895 signa
1620 829 1857 897 qntedam
1885 835 1937 881 et
1978 837 2129 881 notas
2152 829 2252 897 ipsi

727 907 927 961 interea
971 910 1179 967 obirent
1223 926 1382 983 atque
1428 920 1739 985 perficerent
1781 935 1795 972 :
1838 919 2031 987 quippe
2068 920 2159 987 qui
2201 928 2254 973 et

728 996 997 1062 prophetae
1033 1009 1233 1065 essmit,
1265 1011 1317 1055 et
1338 1004 1473 1069 ejus,
1505 1005 1642 1072 quod
1670 1007 1902 1058 futurum
1926 1017 2256 1073 exspectare-

724 1095 833 1146 tur,
865 1088 1083 1156 figuram
1112 1093 1164 1145 in
1200 1107 1257 1145 se
1281 1096 1544 1162 quandam
1579 1103 1701 1150 ante
1725 1105 1982 1163 gerentes.
2025 1096 2122 1150 Ubi
2159 1114 2254 1150 au-

725 1184 833 1227 tem
865 1178 1006 1244 quod
1048 1180 1339 1247 perfectum
1383 1193 1498 1236 erat
1534 1185 1766 1247 advenit,
1809 1187 2251 1255 quemadmodum

729 1266 981 1320 vaticinia
1015 1270 1389 1337 prophetarum
1435 1274 1808 1342 praedixerant,
1842 1280 2018 1345 priora
2046 1278 2132 1331 illa
2161 1278 2254 1332 de-

727 1355 954 1420 sierunt,
988 1369 1039 1412 et
1066 1363 1433 1428 praestantiore
1472 1367 1781 1433 verioreqnc
1817 1366 2077 1420 sacriﬁcio
2110 1367 2253 1420 illico

728 1444 936 1500 sublata
959 1455 1102 1502 sunt.
1126 1447 1223 1503 ilic
1250 1458 1426 1506 autem
1455 1453 1554 1507 fuit
1577 1455 1822 1511 Christus
1845 1456 1956 1519 Dei,
1986 1457 2032 1509 is
2053 1456 2118 1511 de
2148 1473 2253 1526 quo

727 1536 1040 1605 antiquitus,
1077 1550 1105 1591 a
1135 1541 1322 1608 primis
1359 1558 1529 1613 usque
1559 1546 1886 1614 temporibus
1914 1546 2112 1600 dictum
2148 1555 2250 1611 est,

726 1624 867 1691 quod
904 1625 969 1680 ad
997 1626 1239 1683 homines
1278 1642 1419 1685 esset
1464 1642 1740 1698 venturus,
1770 1643 1926 1703 alque
1964 1636 2133 1689 instar
2162 1651 2253 1704 pe-

726 1714 879 1769 cudis
922 1732 1016 1784 pro
1062 1726 1175 1772 toto
1220 1736 1415 1788 genere
1457 1722 1693 1777 humano
1734 1724 2160 1785 interliciendns,
2192 1732 2251 1777 ut

727 1803 865 1870 apud
894 1801 1083 1856 Isaiam
1116 1807 1430 1875 prophetam
1458 1810 1713 1878 scriptum
1744 1812 1984 1879 legimus,
2013 1812 2102 1864 ubi
2131 1812 2205 1864 ait
2234 1829 2247 1863 :

732 1912 749 1942 ι
780 1890 928 1946 Sicut
953 1895 1067 1949 ovis
1088 1894 1150 1947 ad
1172 1898 1491 1951 occisionem
1515 1899 1708 1954 ductus
1728 1907 1828 1964 est,
1855 1909 1907 1953 et
1928 1900 2066 1952 sicut
2084 1914 2253 1968 agnus

714 1994 905 2035 coram
927 1983 1180 2037 tondente
1211 1986 1474 2039 obmutuit
1499 1989 1562 2038 ²¹¹.
1594 1986 1721 2040 ltetn
1760 1987 1887 2039 dicit
1917 2007 1930 2042 :
1957 2005 1974 2036 ι
2003 1986 2099 2040 Hic
2131 2003 2252 2055 pec-

726 2080 843 2125 cata
871 2080 1054 2125 nostra
1088 2070 1209 2133 fert,
1244 2082 1297 2127 et
1327 2088 1422 2141 pro
1451 2075 1606 2129 nobis
1633 2076 1685 2127 in
1714 2076 1897 2129 dolore
1917 2085 1998 2129 est
2026 2095 2038 2129 :
2072 2084 2123 2129 et
2153 2091 2252 2130 nos

728 2161 1090 2228 reputavimus
1124 2177 1245 2215 eum
1274 2176 1394 2217 esse
1430 2164 1484 2217 in
1521 2164 1719 2226 labore,
1747 2173 1801 2219 et
1840 2164 1893 2217 in
1922 2164 2094 2233 plaga,
2127 2165 2253 2217 etin

727 2248 1044 2304 amictione:
1082 2251 1196 2319 ipse
1237 2258 1412 2306 autem
1454 2253 1760 2306 vulneratus
1779 2261 1861 2306 est
1890 2258 2105 2321 propter
2131 2267 2256 2320 pec-

727 2347 843 2392 cata
871 2348 1078 2403 nostra,
1117 2350 1170 2395 et
1212 2343 1331 2395 tulit
1369 2344 1672 2412 languorem
1701 2353 1916 2410 propter
1949 2342 2253 2410 iniquitates

726 2439 938 2484 nostras
973 2449 985 2482 :
1018 2430 1295 2498 disciplina
1330 2433 1478 2501 pacis
1507 2443 1701 2486 nostrae
1722 2448 1881 2500 super
1906 2449 2025 2486 eum
2053 2450 2064 2483 :
2090 2434 2254 2488 livore

724 2518 843 2585 ejus
886 2534 985 2572 nos
1024 2522 1194 2573 sanati
1243 2536 1447 2583 sumus,
1491 2530 1543 2574 et
1578 2520 1834 2576 Dominus
1867 2522 2085 2574 tradidit
2129 2538 2250 2575 eum

724 2608 955 2676 peccatis
985 2611 1182 2663 nostris
1208 2629 1222 2663 :
1248 2611 1362 2679 ipse
1391 2612 1528 2664 enim
1560 2621 1830 2679 peccatum
1855 2626 1960 2663 non
1987 2611 2129 2676 fecit,
2158 2627 2253 2665 ne-

725 2710 829 2765 que
867 2697 1116 2751 inventus
1153 2705 1235 2750 est
1279 2698 1433 2751 dolus
1477 2700 1530 2750 in
1559 2713 1650 2751 ore
1686 2698 1823 2766 ejus.
1859 2717 1877 2749 ι
1914 2696 2117 2750 Similia
2145 2699 2249 2762 his,

725 2787 848 2839 item
874 2788 918 2820 ”
938 2785 1194 2842 Jeremias
1211 2790 1344 2842 alter
1373 2788 1713 2842 Hebraeorum
1747 2789 2001 2857 prepheta
2036 2789 2252 2841 inducta

723 2890 950 2945 persona
978 2876 1176 2931 Christi
1221 2878 1393 2945 palam
1427 2879 1666 2931 enuntiat
1706 2877 1889 2932 dicens
1927 2896 1945 2927 ι
1980 2877 2087 2947 Ego
2116 2879 2253 2931 sicut

724 2981 894 3035 agnus
922 2967 1200 3029 innocens,
1223 2969 1314 3035 qui
1345 2969 1571 3022 ducatur
1599 2969 1666 3021 ad
1686 2969 2094 3022 sacriﬁcandum
2124 2970 2187 3021 “.
2226 2989 2245 3021 ι

724 3055 829 3125 3⁸1
858 3056 1070 3109 Claudit
1116 3057 1306 3110 horum
1351 3056 1724 3125 praedictiones
1768 3059 1921 3125 quasi
1954 3058 2162 3126 signum
2182 3060 2251 3114 iis
2277 3081 2320 3140 ρ

725 3148 1035 3216 imprimens
1063 3145 1298 3201 Joannes
1357 3147 1614 3218 Baptista,
1662 3149 1717 3201 in
1766 3150 1931 3216 ipsius
1961 3149 2250 3203 Salvatoris

727 3239 893 3291 nostri
926 3238 1175 3291 adventu.
1207 3239 1339 3292 Cum
1370 3239 1511 3291 enim
1535 3239 1683 3291 illum
1726 3239 1967 3302 vidisset,
1997 3240 2132 3292 etiis
2158 3240 2249 3308 qui

726 3328 945 3382 aderant
998 3329 1285 3383 indicasset
1314 3348 1327 3382 :
1357 3338 1415 3383 ut
1439 3329 1683 3383 videlicet
1720 3331 1831 3397 ipse
1860 3338 2023 3391 esset,
2052 3328 2117 3383 de
2143 3344 2251 3397 quo

727 3419 992 3487 prophetae
1048 3419 1410 3488 loquerentur,
1458 3420 1811 3473 acclamavit:
1858 3437 1877 3468 ι
1913 3418 2051 3472 Ecce
2083 3433 2253 3486 agnus

725 3507 843 3570 Del,
873 3508 963 3575 qui
991 3508 1129 3583 toliit
1154 3518 1429 3577 peccatum
1480 3508 1662 3561 mundi
1692 3509 1756 3561 ³⁸.
1786 3527 1804 3559 ι
1839 3507 2064 3572 Quando
2092 3507 2253 3576 igitur
2288 3496 2296 3506 ’

726 3596 1018 3652 secundum
1079 3596 1385 3650 testimonia
1428 3597 1802 3665 prophetarum
1852 3597 2123 3650 inventum
2171 3604 2254 3650 est

726 3698 997 3753 magnum,
1031 3687 1312 3755 magnique
1339 3686 1710 3739 aestimandum
1763 3702 1860 3755 pro
1907 3687 2250 3749 redimendis,

726 3782 781 3828 et
798 3773 996 3828 ludatis
1026 3776 1226 3843 pariter
1253 3784 1306 3830 et
1336 3775 1534 3831 Graecis
1567 3777 1817 3844 pretium,
1854 3775 1984 3826 illud
2009 3775 2254 3829 videlicet

729 3878 827 3933 pro
847 3870 958 3916 toto
994 3863 1194 3916 mundo
1217 3865 1501 3931 piaculum,
1534 3864 1662 3916 illud
1696 3878 1790 3932 pro
1819 3863 1995 3914 anima
2029 3870 2252 3915 cuncto-
2284 3906 2289 3911 .

727 3969 844 4009 rum
886 3954 1159 4008 hominum
1186 3954 1505 4008 sacriﬁcium
1532 3992 1548 4018 ,
1585 3954 1675 4006 illa
1722 3969 1817 4022 pro
1853 3954 1994 4006 omni
2021 3954 2250 4016 macula,

726 4053 780 4098 et
807 4052 1023 4112 peccato
1037 4045 1322 4114 purissima
1356 4044 1529 4098 hostia
1557 4059 1571 4094 :
1607 4043 1695 4097 ille
1723 4044 1907 4111 utique
1938 4057 2105 4111 agnus
2138 4041 2250 4107 Dei,

726 4133 817 4187 illa
847 4132 953 4188 Deo
982 4143 1200 4202 accepta
1226 4173 1240 4196 ,
1272 4141 1325 4187 et
1356 4132 1708 4186 mundissima
1746 4132 1863 4185 ovis
1893 4147 1905 4180 :
1948 4131 2036 4184 ille
2061 4146 2250 4198 agnus,

726 4223 793 4278 de
830 4239 936 4292 quo
958 4225 1226 4293 prophetae
1243 4231 1351 4276 tam
1381 4223 1544 4275 multa
1572 4222 1842 4282 dixerunt,
1867 4236 1963 4289 per
1991 4221 2145 4287 cujus
2168 4221 2252 4276 di-

723 4313 902 4366 vinam
959 4328 1021 4367 ac
1048 4313 1326 4383 mysticam
1364 4310 1660 4365 doctrinam
1703 4325 1887 4363 omnes
1920 4323 2039 4369 nos,
2072 4309 2163 4376 qui
2186 4308 2252 4364 de

2351 557 2576 628 Χριστὸς
2609 554 2698 607 τοῦ
2737 554 2887 617 Θεοῦ,
2921 554 3121 606 ἀνωθεν
3147 554 3214 603 ὲκ
3241 543 3442 601 παλαιῶν
3468 542 3626 610 χρόνων
3649 558 3652 564 λ

2351 648 2428 706 εἰς
2459 643 2786 712 ἀνθρώπους,
2811 643 2901 694 καὶ
2922 642 3188 711 προϐάτου
3215 638 3353 706 δίκην
3373 632 3490 700 ὑπὲρ
3510 630 3650 688 παντὸς

2350 732 2456 784 τῶν
2493 731 2782 802 ἀνθρώπων
2820 730 3003 798 γένους
3041 725 3387 797 σφαγήσεσθαι
3430 734 3650 788 προαγορε

2350 836 2463 883 νος*
2566 837 2693 890 φησι
2732 820 2852 891 περὶ
2891 817 3048 872 αὑτοῦ
3090 814 3350 876 Ἠσαίαςὸ
3381 812 3631 879 προφήτης

2351 912 2612 982 πρόϐατον
2651 913 2738 962 ἐπὶ
2777 910 2982 978 σφαγὴν
3024 907 3186 977 ἤχθη,
3216 905 3304 958 καὶ
3342 903 3405 962 ὡς
3432 897 3576 967 ἀμνὸς
3592 898 3658 982 tv:

2349 1002 2440 1054 τοῦ
2468 1001 2729 1069 κείροντος
2770 1000 2996 1067 ἄφωνος.
3050 1016 3068 1047 ι
3105 996 3214 1048 Καὶ
3238 991 3464 1056 ἐπιλέγει·
3503 1005 3518 1037 ι
3555 977 3658 1035 Dim

2352 1078 2616 1162 ἁμαρτίας
2646 1090 2797 1160 ἡμῶν
2826 1089 2997 1158 φέρει,
3028 1088 3121 1138 καὶ
3155 1083 3281 1155 περὶ
3306 1080 3443 1150 ἡμῶν
3471 1076 3660 1128 ὁδυνᾶτα

2350 1184 2507 1251 ἡμεῖς
2531 1178 2881 1248 ἐλογισάμεθα
2909 1177 3066 1230 αὑτὸν
3086 1171 3223 1227 εἶναι
3244 1175 3296 1224 ἐν
3324 1170 3453 1237 πόνῳ
3473 1167 3554 1218 καὶ
3573 1168 3621 1218 ὲν
3644 1182 3660 1215 τ

2351 1272 2441 1323 καὶ
2491 1272 2546 1324 ἐν
2599 1268 2865 1322 κακώσειο
2909 1267 3065 1328 αὐτὸς
3114 1264 3171 1316 δὲ
3218 1256 3590 1331 ἐτραυματίσθη
3630 1253 3661 1305 δη

2352 1361 2623 1430 ἁμαρτίας
2662 1357 2834 1427 ἡμῶν,
2875 1357 2966 1410 καὶ
3008 1352 3393 1424 μεμαλάκισται
3417 1345 3500 1399 διὰ
3527 1345 3660 1406 τάςό

2349 1451 2521 1523 ἡμῶν.
2559 1449 2775 1502 Παιδεία
2801 1448 3015 1519 εἰρήνης
3044 1442 3197 1514 ἡμῶν
3228 1442 3308 1493 ἐπ’
3334 1437 3514 1491 αὐτόν·
3547 1434 3620 1504 τῷ
3644 1452 3662 1503 ι

2351 1541 2511 1597 αὑτοῦ
2546 1542 2702 1609 ἡμεῖς
2737 1537 2979 1607 ἰάθημεν,
3016 1534 3107 1586 καὶ
3142 1532 3337 1601 Κύριος
3376 1525 3660 1596 παρέδωκει

2351 1636 2465 1693 ταῖς
2521 1630 2811 1699 ἁμαρτίαις
2861 1625 3044 1695 ἡμῶν
3091 1623 3251 1684 αὐτὸς
3303 1619 3404 1689 γὰρ
3460 1615 3657 1685 ἀμαρτὶ

2352 1723 2619 1790 ἐποίησεν,
2645 1719 2751 1772 οὐδ’
2780 1716 2969 1786 εὑρέθη
3007 1714 3156 1775 δόλος
3179 1714 3236 1764 ὲν
3269 1710 3342 1780 τῷ
3384 1709 3606 1777 στόματι
3635 1722 3663 1756 α

2351 1813 2430 1863 Τὰ
2475 1813 2630 1880 ὅμοια
2675 1808 2880 1869 τούτοις
2925 1806 3016 1858 καὶ
3072 1802 3333 1873 Ἱερεμίας
3382 1798 3569 1869 ἕτερος
3628 1796 3662 1846 'l

2352 1904 2628 1973 προφήτης
2658 1901 2747 1953 ἐπὶ
2790 1895 3071 1966 προσώπου
3100 1894 3193 1947 τοῦ
3234 1889 3466 1961 Χριστοῦ
3503 1890 3664 1954 ὲπιφιι

2308 1996 2311 2003 ’
2350 2009 2458 2059 γων
2472 2008 2484 2021 ·
2507 2010 2524 2041 ι
2558 1992 2694 2057 Ἐγὼ
2712 1989 2785 2050 ὼς
2806 1988 2984 2057 ἀρνίον
3002 1987 3204 2039 ἄκακον
3221 1983 3486 2051 ἀγόμενον
3506 1979 3600 2032 τοῦ
3624 1979 3662 2030 θΔ

2364 2079 2835 2148 Ἐπισφραγίζεται
2861 2077 2957 2138 τὰς
2983 2075 3184 2127 τούτων
3221 2073 3560 2144 προρρήσεις
3602 2071 3662 2122 ’ῐι

2351 2167 2650 2231 Βαπτιστὴς
2685 2166 2776 2217 καὶ
2817 2164 2906 2215 ἐπὶ
2951 2164 3047 2233 τῆς
3079 2162 3169 2215 τοῦ
3203 2161 3457 2230 Σωτῆρος
3512 2159 3658 2230 ἡμῶι

2351 2258 2511 2319 νείας.
2553 2254 2692 2308 Ἰδὼν
2717 2254 2823 2322 γὰρ
2855 2254 3034 2314 αὐτὸν,
3075 2252 3167 2304 καὶ
3194 2254 3307 2313 τοῖς
3341 2251 3620 2321 παροῦσιν
3650 2252 3662 2301 i

2350 2346 2424 2408 ὡς
2458 2345 2563 2413 ἄρα
2601 2344 2759 2405 αὐτὸς
2797 2343 2879 2412 εἴη
2929 2345 2957 2394 ό
2993 2340 3495 2411 προφητευόμενος,
3532 2343 3658 2406 ἐπες

2356 2452 2374 2484 ι
2408 2434 2508 2486 Ἴδε
2536 2436 2563 2485 ὁ
2585 2432 2750 2502 ἀμνὸς
2781 2430 2871 2482 τοῦ
2900 2429 3033 2481 Θεοῦ
3055 2467 3068 2492 ,
3097 2431 3125 2480 ὁ
3159 2429 3328 2498 αἴρων
3366 2429 3474 2498 τὴν
3508 2431 3660 2499 ἁμαρ

2350 2523 2570 2591 κόσμου.
2612 2540 2630 2571 ι
2664 2521 2788 2571 Ὅτε
2816 2520 2987 2571 τοίνυν
3014 2518 3152 2570 κατὰ
3176 2517 3272 2581 τὰς
3297 2518 3407 2572 τῶν
3446 2536 3655 2589 προφηι

2349 2612 2534 2681 τυρίας
2564 2609 2786 2678 εὓρηται
2808 2609 2867 2658 τὸ
2902 2608 3043 2676 μέγα
3074 2609 3168 2659 καὶ
3195 2607 3375 2676 τίμιον
3408 2607 3631 2676 λύτρον

2349 2702 2478 2770 ὁμοῦ
2513 2701 2601 2753 καὶ
2640 2698 2919 2768 Ἑλλήνων,
2953 2699 3013 2749 τὸ
3052 2698 3144 2750 τοῦ
3186 2698 3390 2762 παντὸς
3449 2700 3656 2770 κόσμον

2352 2808 2480 2854 σιον,
2508 2790 2717 2842 πάντων
2738 2788 3032 2858 ἀνθρώπων
3059 2788 3370 2858 ἀντίψυχον,
3406 2789 3481 2844 τὸ
3516 2792 3656 2845 πάσι

2350 2882 2439 2934 καὶ⁴
2474 2880 2741 2949 ἁμαρτίας
2771 2878 3005 2948 καθαρὸν
3033 2880 3246 2946 ἱερεῖον,
3280 2881 3309 2930 ὁ
3339 2880 3539 2949 ἀμνὸς
3568 2882 3654 2934 τοί

2351 2967 2585 3036 θεοφιλὲς
2639 2967 2729 3018 καὶ
2790 2966 2946 3030 ἀγνόν
2997 2964 3287 3035 πρόϐατον,
3329 2967 3397 3019 τὸ
3451 2986 3654 3040 προφτ

2351 3057 2547 3128 ἀρνίον,
2586 3052 2644 3109 οὗ
2676 3056 2763 3109 διὰ
2793 3058 2889 3126 τῆς
2920 3056 3100 3108 ἐνθέου
3135 3058 3229 3109 καὶ
3264 3061 3578 3131 μυστικῆς
3612 3061 3653 3113 δ,

2351 3147 2544 3210 πάντες
2576 3148 2729 3216 ἡμεῖς
2765 3147 2812 3197 οἱ
2844 3145 2902 3210 ἐξ
2935 3145 3100 3198 ἐθνῶν
3133 3146 3231 3218 τὴν
3272 3149 3497 3215 ἄφεσιν
3537 3150 3654 3204 τῶν

2350 3236 2748 3306 ἁμαρτημάτων
2775 3234 3070 3304 εὐράμεθα,
3096 3235 3176 3288 διὸ
3201 3238 3297 3289 καὶ
3340 3239 3652 3293 Ἰουδαίωη

2349 3330 2436 3381 τὸν
2465 3326 2746 3396 ἠλπικότες
2775 3324 3046 3396 ἐλεύθεροι
3067 3327 3167 3396 τῆς
3196 3328 3469 3392 Μωσέως
3505 3332 3656 3401 ἀφίε

2353 3438 2467 3491 ρας,
2502 3419 2717 3478 εἰκότως
2748 3417 2843 3487 τὴν
2871 3417 2964 3469 τοῦ
3007 3417 3257 3487 σώματος
3291 3421 3496 3477 αὑτοῦ
3551 3425 3656 3477 κα)

2347 3527 2437 3572 τος
2467 3512 2562 3578 τὴν
2593 3508 2890 3576 ὑπόμνησιν
2917 3509 3183 3579 ὁσημέραι
3231 3510 3655 3568 ἐπι-τελοῦντε

2349 3600 2648 3671 κρείττονος
2690 3596 2723 3667 ἢ
2763 3597 2902 3650 κατά
2938 3598 3062 3659 τοὺς
3103 3598 3375 3660 παλαιοὺς
3412 3598 3655 3656 θυσία,

2355 3692 2601 3763 ρουργίας
2638 3690 2945 3759 ἠξιωμένοι,
2983 3690 3080 3742 οὐκ
3116 3689 3193 3740 ἔθ’
3236 3692 3400 3743 ὅσιον
3448 3696 3650 3763 ἡγού

2352 3782 2566 3834 πίπτειν
2593 3779 2683 3830 ἐπὶ
2713 3777 2781 3830 τὰ
2806 3778 2994 3847 πρῶτα
3025 3779 3119 3830 καὶ⁵
3141 3778 3354 3847 ἀσθενῆ
3391 3797 3655 3855 στοιχε

2350 3873 2441 3924 καὶ
2473 3870 2699 3930 εἰκόνας,
2727 3867 2836 3919 ἀλλ’
2857 3869 2957 3920 οὐκ
2980 3867 3147 3936 αὐτὴν
3174 3866 3477 3937 ἀλήθεια-ν
3535 3892 3658 3945 πε(

2351 3962 2517 4023 κότως
2546 3960 2600 4011 δὲ
2623 3959 2715 4012 καὶ
2741 3959 2914 4012 αὐτῶν
2953 3959 3220 4012 Ἰουδαίων
3253 3961 3309 4012 οἱ
3346 3963 3455 4025 είς
3506 3968 3644 4021 τὸν

2351 4050 2483 4103 Θεοῦ
2520 4049 3005 4117 καταπεφευγότες,
3046 4051 3094 4102 εἰ
3140 4057 3347 4119 μηκέτι
3391 4055 3575 4112 τῶν
3619 4062 3660 4113 l\

2353 4140 2659 4209 στρέφοιντυ
2680 4138 3165 4207 παραγγελμάτων,
3194 4139 3351 4192 κατὰ
3384 4142 3562 4214 τὴν
3598 4150 3662 4201 Κ

2350 4247 2452 4300 κην
2482 4228 2733 4298 βιοῦντες,
2766 4227 2862 4294 τῆς
2893 4227 2995 4278 ὑπὸ
3026 4228 3271 4290 Μωσέως
3311 4228 3660 4306 ὡρισμέ.

2352 4315 2456 4372 εἷεν
2495 4318 2732 4386 κατάρας
2753 4332 2765 4345 ·
2809 4316 2902 4368 ἆτε
2934 4314 2996 4387 δὴ
3031 4316 3202 4384 ἀμνοῦ
3231 4316 3337 4368 τοῦ
3387 4318 3632 4377 Θεοῦ

726 4403 975 4471 gentibus
1021 4403 1279 4471 assumpti
1325 4416 1547 4464 sumus,
1601 4400 1968 4454 remissionem
2015 4400 2253 4466 priorum

2137 4415 2253 4454 rum
2284 4392 2328 4445 Ῑ)
2354 4409 2619 4479 ἁμαρτίαν
2643 4405 2731 4458 τοῦ
2763 4406 2984 4475 κόσμου,
3014 4405 3147 4457 ἀλλά
3167 4407 3263 4458 καὶ
3297 4407 3427 4477 τὴν
3484 4414 3604 4468 ὲν
3650 4436 3665 4449 ν

726 4500 1063 4565 peccatorun
1110 4491 1429 4554 invenimus,
1483 4505 1547 4544 ex
1594 4505 1700 4558 quo
1751 4490 1910 4542 etiam
1949 4487 2252 4544 Judaeorum

724 4583 1028 4653 quicunque
1052 4581 1103 4634 in
1138 4581 1228 4635 illo
1256 4595 1402 4647 spem
1433 4578 1734 4641 habuerint,
1763 4595 1790 4630 a
1820 4578 1982 4632 Musis
2004 4594 2253 4633 exsecra—

723 4676 871 4728 tione
888 4671 1205 4732 liberantur,
1240 4669 1429 4723 merito
1455 4683 1603 4731 sane,
1653 4670 1867 4737 quando
1889 4670 2030 4724 illius
2052 4686 2254 4725 memo-

727 4762 883 4826 riam,
916 4761 1263 4829 corporisque
1320 4758 1559 4826 ejusdem
1600 4765 1652 4811 et
1708 4760 1982 4827 sanguinis
2005 4759 2255 4813 recorda-

727 4851 925 4905 tionem
961 4848 1201 4919 quotidie
1222 4849 1512 4911 eelebrant,
1530 4855 1583 4901 et
1613 4848 1677 4900 ad
1705 4848 1860 4917 longe
1888 4851 2249 4918 praestantius,

725 4943 779 4985 et
827 4934 1168 4996 sacriﬁcium,
1207 4944 1261 4989 et
1298 4948 1492 4989 munus
1524 4935 1781 5004 assumpti
1809 4946 1965 5002 sunt,
2003 4952 2161 5005 quam
2190 4938 2255 4990 il-

729 5021 816 5072 lud
848 5024 1119 5089 antiquius
1139 5024 1317 5078 fuerit.
1338 5023 1564 5089 Quando
1586 5026 1745 5094 igitur
1764 5027 1940 5081 omnia
1964 5026 2037 5078 ita
2068 5042 2126 5081 se
2158 5024 2254 5079 ha-

727 5110 875 5172 bent,
902 5127 1004 5163 non
1027 5117 1252 5183 amplius
1304 5116 1387 5171 l'as
1429 5131 1548 5172 esse
1590 5124 1837 5186 putamus
1870 5117 1926 5171 in
1959 5117 2127 5184 prima
2165 5117 2253 5169 illa

725 5210 780 5252 et
806 5198 1012 5253 inﬁrma
1038 5205 1294 5258 elementa
1316 5209 1570 5272 recidere,
1598 5220 1718 5278 quae
1741 5212 1917 5277 utique
1931 5208 2080 5276 signa
2106 5221 2251 5274 qua:-

727 5292 872 5351 datn,
917 5298 971 5343 et
1017 5291 1291 5359 imagines,
1347 5312 1453 5350 non
1504 5302 1671 5368 ipsam
1720 5300 1994 5353 veritatem
2021 5296 2252 5363 comple-

729 5388 968 5434 ctuntur.
994 5379 1181 5435 Merito
1210 5393 1383 5439 autem
1422 5389 1656 5456 ipsorum
1702 5402 1911 5457 quoque
1943 5383 2248 5439 Judatorum

729 5470 1035 5541 quicunque
1086 5469 1151 5523 ad
1181 5471 1451 5529 Christum
1496 5476 1586 5531 Dei
1620 5480 1968 5550 confugiunt:
2017 5475 2063 5529 si
2094 5473 2249 5527 modo

2353 4500 2458 4553 τῶν
2493 4497 2728 4559 Μωσέως
2772 4496 2995 4549 ἐντολῶν
3023 4496 3266 4563 κατάραν
3305 4497 3411 4560 είς
3494 4507 3666 4559 αὐτ

2354 4602 2460 4646 τος.
2496 4582 2713 4648 Γέγονεν
2738 4577 2829 4634 οῦν
2864 4585 2892 4635 ὁ
2924 4584 3088 4653 ἀμνὸς
3113 4580 3204 4634 τοῦ
3250 4582 3426 4637 Θεοῦ
3484 4597 3666 4647 ama

2353 4671 2589 4741 κατάρα’
2618 4671 2857 4740 ἁμαρτία
2890 4671 2986 4742 μὲν
3016 4672 3153 4741 ὑπὲρ
3178 4670 3295 4722 τῶν
3331 4674 3666 4752 ἁμειρτ

2354 4777 2511 4830 σμου,
2544 4758 2753 4829 κατάρα
2773 4758 2817 4811 δ’
2845 4762 2984 4834 ὑπὲρ
3008 4761 3110 4814 τῶν
3141 4761 3649 4828 ἐμμενόντων

2353 4849 2747 4920 γεγραμμένοις
2803 4854 2861 4907 ὲν
2917 4853 2995 4925 τῷ
3038 4849 3283 4911 Μωσέως
3350 4852 3644 4931 Mla-.11)

2363 4938 2673 5000 Ἀπόστολος
2699 4958 2713 4972 ·
2744 4960 2762 4993 ι
2782 4944 3012 5018 Χριστὸς
3037 4942 3178 5015 ἡμᾶς
3203 4938 3658 5012 ἐξηγόρασε

2350 5028 2485 5096 άρας
2517 5025 2609 5078 τοῦ
2644 5028 2835 5099 νόμου,
2882 5036 3163 5108 γενόμενος
3207 5028 3375 5103 ὑπὲρ
3429 5034 3507 5103 ἰι
3548 5044 3654 5110 μί

2353 5117 2479 5207 Καὶ,
2513 5135 2531 5166 ε
2577 5117 2681 5207 Τγδν
2728 5122 2805 5197 μὴ
2834 5133 3030 5198 γνόντα
3068 5126 3388 5207 ἁμαρτίαν,
3436 5128 3478 5184 ὑ
3528 5137 3633 5191 πὲ

2354 5206 2470 5311 τιξιν
2508 5205 2754 5311 mirga.
2809 5224 3063 5299 ι-Τίγὰρ
3099 5205 3193 5290 διν
3237 5230 3497 5311 ιμελλε
3551 5247 3598 5298 γ

2354 5294 2554 5384 κόσμου
2596 5299 2931 5384 καθάρσιον,
2969 5320 3027 5375 τὸ
3052 5323 3153 5380 τῶν
3179 5294 3582 5384 unumne)“:

2353 5412 2415 5524 :1
2439 5412 2529 5435 mu
2553 5412 2630 5448 ιυς
2660 5412 2950 5497 "necom-co»;
2982 5414 3072 5468 ἐπὶ
3098 5426 3312 5502 σφαγὴν
3354 5412 3600 5501 ἤχθη

2390 5470 2614 5541 γόμενον
2658 5497 2763 5541 του
2811 5494 3061 5573 θύεσθαι,
3087 5513 3252 5576 ταῦτά
3298 5541 3386 5578 τε
3457 5502 3627 5564 ’δ’εὰ

803 5645 847 5681 ⁸⁸
877 5641 978 5696 Ῑὸδ-
1002 5657 1121 5711 ml.
1148 5644 1198 5701 7.
1276 5648 1320 5681 "
1352 5648 1481 5705 lbid.
1517 5651 1629 5705 4-9.
1704 5655 1747 5686 ³⁸
1774 5653 1882 5710 Jer.
1919 5666 2008 5718 ιι,
2043 5648 2128 5704 l9.
2201 5643 2330 5700 "J0

1085 5660 1121 5711 ι,
1148 5644 1198 5701 7.
1276 5648 1320 5681 "
1352 5648 1481 5705 lbid.
1517 5651 1629 5705 4-9.
1704 5655 1747 5686 ³⁸
1774 5653 1882 5710 Jer.
1919 5666 2008 5718 ιι,
2043 5648 2128 5704 l9.
2201 5643 2422 5701 “Joan.
2448 5661 2486 5714 ι,
2515 5645 2606 5705 29.
