3870 6324
214 404 292 460 ³³
1124 428 1776 490 neuousremoms
1820 427 2268 488 lauacrum
2314 430 2443 487 LIB.
2482 432 2525 490 ι.
3340 436 3414 493 90

176 521 499 620 ζῳδίήᾐὲ
516 546 529 593 ἶ
561 529 805 620 Ὅθεν,οί
838 536 972 603 μὲν
1008 548 1264 605 παλαιοὶ
1287 536 1385 606 καί
1399 551 1652 620 θεοφιλεῖς
1684 552 1768 604 ἄν·

1874 568 1979 607 non
2011 549 2237 619 amplius
2285 547 2351 603 de
2383 548 2546 605 Musis
2574 550 2852 618 praeceptis
2908 549 3121 604 solliciti
3158 549 3284 613 sint,
3317 550 3412 604 sed

309 620 517 685 εικδως.
540 619 780 711 ᾁπουσίᾳ
796 623 943 680 τῶν
977 642 1360 705 κρειττόνων,
1379 596 1779 711 τοίςῖιυμέόλοις

186 695 500 802 τιεοταξνξῑχον.
543 710 752 802 vixet}
777 716 990 772 τοῦτο
1026 695 1184 782 Ᾱιοτδ
1205 733 1233 782 ο
1255 695 1437 801 Σωτὴρ
1636 695 1778 787 eiad:

175 809 298 863 σκειν
322 798 507 864 λέγων’
549 818 568 849 ⁸
620 799 835 855 Πολλοὶ
871 818 1209 887 προφῆται
1243 821 1333 873 καὶ
1361 798 1552 872 δίκαιοι
1590 820 1779 873 ἐπεθύ-

147 906 327 976 μησαν
363 889 482 942 ἰδεῖν
523 889 561 942 ἃ
608 889 779 959 ὑμεῖς
840 894 1153 971 βλέπετε,
1202 910 1295 962 καὶ
1328 910 1424 961 οὐκ
1468 906 1636 961 εἶδον·
1687 910 1781 962 καὶ

141 979 363 1053 ἀκοῦσαι
385 978 417 1031 ἃ
444 980 604 1048 ὑμεῖς
627 982 929 1053 ἀκούετε,
985 998 1102 1049 καὶ
1126 999 1226 1051 οὐκ
1251 1000 1499 1067 ἤκουσαν.
1534 1018 1553 1049 ι
1595 999 1779 1067 Ἡμεῖς

138 1088 231 1145 δὲ,
274 1069 325 1121 τὰ
358 1068 530 1160 ἁληθῆ
556 1072 657 1123 καὶ
685 1073 815 1129 τῶν
864 1083 1136 1145 εἰκόνων
1167 1088 1236 1142 τὰ
1269 1090 1540 1160 ἀρχέτυπα
1570 1089 1653 1142 διὰ
1680 1089 1780 1159 τῆς

146 1157 544 1252 μυστηριιὶιδους
571 1163 931 1252 οἰκονομίας
960 1174 1078 1227 τοῦ
1116 1157 1347 1247 Χριστοῦ
1376 1157 1775 1249 παρειληφότες,

148 1248 252 1323 δὺκ
276 1248 469 1301 ἕτιτῶν
496 1249 766 1306 παλαιῶν
790 1257 1166 1333 δεησόμεθα.
1211 1267 1382 1329 Μόνος
1406 1267 1452 1319 δ’
1484 1265 1574 1320 οὖν
1619 1269 1778 1330 αὐτὸς

156 1353 265 1412 τὼν
288 1338 496 1392 πώποτε
538 1343 724 1411 Λόγος
769 1346 859 1402 ὢν
886 1350 1071 1418 Θεοῦ,
1110 1358 1449 1427 προκόσμιος,
1482 1362 1572 1411 καὶ
1600 1360 1779 1429 ἀρχιε-

176 1443 287 1521 ρεὺς
322 1432 498 1501 πάσης
541 1437 755 1521 γοερὲις
808 1443 921 1493 καὶ
983 1443 1215 1514 λογικῆς
1267 1448 1507 1510 κτίσεως,
1536 1450 1621 1501 τὸν
1648 1452 1777 1517 ἡμῖν

184 1518 483 1599 δμοιοπαθῆ,
511 1518 605 1576 οἶα.
649 1528 959 1597 πρόϐατον
996 1536 1098 1586 καὶ
1142 1537 1307 1605 ἀμνὸν
1344 1538 1407 1589 ἐκ
1446 1540 1542 1607 τῆς
1573 1538 1777 1609 ἀνθρώ-

206 1631 295 1672 mu
320 1613 586 1683 ἀφορίσας
614 1616 866 1688 ἀγέλης,
891 1623 1079 1693 τούτῳ
1108 1640 1166 1675 τε
1204 1624 1505 1695 ἐπιγράψας
1530 1627 1627 1687 τὰς
1652 1627 1778 1680 πάν-

220 1700 464 1769 τωνήμὼν
494 1702 819 1772 ἁμαρτίας,
859 1709 965 1760 καὶ
1002 1710 1104 1779 τὴν
1130 1712 1366 1781 κατάραν
1393 1729 1453 1779 γε
1481 1712 1645 1781 αὐτῷ,
1679 1715 1774 1783 τὴν

229 1797 269 1847 ἐν
297 1792 363 1861 τῷ
403 1793 655 1856 Μωσέως
723 1795 891 1866 νόμῳ
944 1801 1467 1871 προστετιμημένην,
1514 1804 1773 1874 περιάψας

238 1884 315 1949 (ὅτι
341 1882 399 1953 δὴ
424 1884 678 1946 Μωσέως
701 1868 1036 1952 ἀνειπόντος
1052 1907 1066 1920 ’
1104 1909 1122 1940 ι
1169 1868 1594 1961 Ἐπικατάρατος.
1615 1868 1718 1957 rei;
1745 1898 1774 1947 ό
1805 1868 1844 1923 Β

234 1975 537 2043 κρεμάμενος
588 1976 694 2029 ἐπὶ
737 1975 906 2041 ξύλου
944 1998 964 2030 ι
989 1979 1030 2049 ),
1060 1980 1214 2033 τοῦτο
1236 1980 1493 2034 πέπονθεν
1524 1983 1681 2046 αὐτὸς
1707 1985 1776 2036 δι’

234 2062 341 2129 ἡμᾶς
388 2064 694 2133 γενόμενος
742 2066 893 2136 ὑπὲρ
944 2068 1099 2137 ἡμῶν
1149 2070 1388 2140 κατάραο
1438 2073 1530 2123 καὶ
1571 2072 1633 2140 δὴ
1681 2073 1773 2126 καὶ

229 2151 462 2222 ἁμαρτίαν
504 2154 684 2207 αὑτὸν
723 2154 795 2208 δι’
834 2157 985 2226 ἡμᾶς
1025 2159 1284 2227 ποιήσας·
1333 2177 1351 2208 ι
1394 2160 1516 2211 ἐπεὶ
1569 2160 1658 2212 τὸν
1699 2160 1776 2231 μὴ

224 2243 382 2309 γνόντα
419 2245 745 2315 ἁμαρτίαν,
779 2247 925 2316 ὑπὲρ
967 2247 1119 2319 ἡμῶν
1161 2250 1428 2319 ἁμαρτίαν
1476 2252 1712 2320 ἐποίησε,
1749 2272 1769 2303 ι

222 2335 366 2397 πάσας
409 2353 471 2388 τε
506 2336 670 2406 αὑτῷ
711 2338 785 2393 δι’
818 2340 970 2407 ἡμᾶς
1001 2339 1100 2401 τὰς
1131 2341 1259 2409 ἡμῖν
1296 2342 1673 2411 ἐπηρτημένας
1702 2359 1776 2396 τι·

222 2426 402 2494 μωρίας
430 2427 681 2490 ἐπιθεὶς,
727 2428 908 2498 δεσμὰ
946 2432 1039 2482 καὶ
1069 2430 1285 2501 ἀτιμίας
1327 2435 1420 2485 καὶ
1446 2433 1645 2504 ὓόρεις,
1682 2434 1777 2503 μά-

218 2516 377 2582 στιγάς
422 2533 485 2569 τε
535 2521 643 2571 καὶ
694 2517 966 2581 ἐκτόπους
995 2521 1224 2590 πληγὰς,
1274 2524 1365 2575 καὶ
1399 2525 1489 2575 ἐπὶ
1529 2525 1688 2577 πᾶσιν
1713 2524 1775 2577 τὸ

214 2602 290 2672 τῆς
313 2608 572 2679 κατάρας
609 2610 907 2678 τρόπαιον.
942 2610 1093 2663 Μετὰ
1119 2612 1182 2682 δὴ
1213 2613 1388 2666 πάντα
1420 2608 1528 2665 οἷόν
1554 2630 1605 2665 τι
1647 2613 1773 2667 θαυ-

221 2696 385 2762 μάσιον
416 2698 600 2767 θῦμα,
635 2699 739 2751 καὶ
780 2699 1007 2767 σφάγιον
1040 2699 1309 2770 ἐξαίρετον
1337 2701 1412 2771 τῷ
1443 2703 1609 2773 Πατρὶ
1645 2704 1771 2756 καλ-

214 2782 618 2856 λιερησάμενος,
682 2789 830 2859 ὑπὲρ
861 2788 961 2858 τῆς
1009 2790 1261 2842 ἁπάντων
1310 2790 1461 2860 ἡμῶν
1509 2794 1771 2862 ἀνήνεγκε

215 2876 487 2945 σωτηρίας,
540 2878 779 2948 μνήμην
816 2880 910 2931 καὶ
950 2881 1077 2949 ἡμῖν
1106 2881 1393 2951 παραδοὺς,
1427 2883 1543 2935 ἀντὶ
1589 2884 1772 2947 θυσίας

210 2964 272 3032 τῷ
457 2967 743 3037 διηνεκῶς
783 2970 1128 3039 προσφέρειν.
1162 2970 1329 3023 Τοῦτο
1366 2973 1457 3024 καὶ
1488 2954 1772 3043 προφητῶν

210 3056 236 3105 ὁ
256 3056 557 3130 θαυμάσιος
594 3059 769 3111 Δαόὶδ
801 3059 930 3130 θείῳ
957 3059 1232 3129 Πνεύματι
1261 3060 1322 3111 τὸ
1359 3061 1544 3130 μέλλον
1586 3064 1774 3133 προλα-

1884 642 1957 693 ita
1976 640 2174 699 vivant,
2208 645 2266 690 ut
2319 636 2454 692 Novi
2484 636 2810 691 Testameuti
2853 640 2990 692 ratio
3041 639 3233 692 docet:
3267 652 3409 699 eam,

1878 744 1997 799 qua:
2033 745 2062 782 a
2095 726 2239 782 Mose
2266 727 2482 782 deﬁnita
2523 734 2624 789 est,
2657 728 3074 782 exsecrationem
3096 728 3364 783 evaserint
3391 742 3407 779 :

1878 820 2075 887 quippe
2101 831 2221 871 cum
2253 817 2437 887 Agnus
2458 815 2550 871 Dei
2572 832 2680 871 non
2708 817 2878 872 solum
2895 827 3167 885 peccatum
3200 816 3409 870 mundi.

1878 910 1969 964 sed
1993 910 2149 962 etiam
2192 922 2311 962 eam
2332 908 2776 971 exsecrationem,
2803 921 2922 976 qua:
2954 907 3020 960 iis
3046 907 3286 971 debetur,
3316 906 3410 974 qui

1878 1008 2062 1053 contra
2080 996 2241 1051 Musis
2259 998 2424 1067 legem
2452 997 2650 1067 aliquid
2664 996 3054 1059 commiserint,
3092 997 3147 1049 in
3173 998 3406 1065 seipsum

1879 1088 2154 1157 receperit.
2189 1084 2385 1141 Factus
2423 1088 2583 1156 igitur
2609 1096 2693 1142 est
2733 1087 2822 1141 Dei
2852 1089 3034 1155 Agnus
3061 1092 3113 1138 et
3132 1093 3406 1154 peccatum

1876 1190 1928 1233 et
1978 1181 2292 1234 exsecratio.
2326 1177 2611 1232 Peccatum
2652 1177 2865 1246 quidem
2917 1191 3013 1245 pro
3043 1176 3408 1244 peccatoribus

1874 1268 2036 1334 huius
2070 1268 2252 1321 mundi
2283 1286 2295 1320 :
2332 1268 2631 1322 exsecratio
2659 1274 2835 1320 autem
2865 1282 2963 1335 pro
3000 1265 3066 1319 iis
3100 1263 3190 1333 qui
3222 1265 3410 1319 nolunt

1875 1373 1905 1409 a
1948 1357 2149 1426 scripto
2181 1358 2313 1426 legis
2365 1356 2611 1412 Mosaicae
2656 1355 2922 1410 recedere.
2967 1354 3229 1421 Quocirca
3279 1353 3411 1409 dicit

1873 1448 2195 1516 Apostolus:
2232 1466 2251 1499 ι
2282 1448 2533 1502 Christus
2561 1462 2662 1502 nos
2693 1446 2914 1499 redemit
2949 1447 3016 1499 ab
3044 1445 3410 1499 exsecratione

1875 1538 2027 1605 legis.
2053 1537 2224 1592 factus
2249 1553 2345 1607 pro
2371 1538 2526 1592 nobis
2551 1538 2853 1592 exsecratio
2880 1538 2946 1591 “.
2980 1556 2999 1588 ι
3029 1535 3157 1589 ltem
3184 1550 3199 1587 :
3228 1553 3246 1586 ι
3274 1533 3407 1588 Eum

1871 1625 1963 1693 qui
1994 1640 2100 1679 non
2133 1633 2354 1679 noverat
2382 1637 2681 1694 peceatum,
2736 1639 2834 1693 pro
2867 1625 3022 1678 nobis
3064 1624 3192 1678 fecit
3222 1637 3410 1692 pecea-

1873 1723 1982 1766 tum
2011 1715 2075 1768 ²⁷.
2115 1734 2135 1766 ι
2167 1714 2303 1780 Quid
2331 1716 2470 1769 enim
2495 1731 2603 1770 non
2628 1715 2843 1770 futurus
2872 1714 2971 1768 fuit
2995 1716 3064 1777 is,
3095 1715 3186 1784 (lui
3220 1713 3407 1768 mundi

1872 1806 2137 1874 piaculum
2171 1805 2344 1861 factus
2371 1808 2491 1861 est?
2537 1809 2584 1862 is
2611 1806 2703 1875 qui
2726 1821 2823 1876 pro
2848 1816 3187 1875 peccatorum
3229 1806 3408 1860 anima

1872 1895 2141 1963 pretium?
2175 1897 2266 1965 qui
2302 1907 2554 1965 tanquam
2592 1899 2709 1952 ovis
2755 1896 2821 1949 ad
2854 1898 3180 1950 occisionem
3208 1896 3404 1950 ductus

1870 1983 1989 2037 est?
2032 1985 2124 2052 qui
2157 1986 2491 2039 existimatus
2539 1993 2623 2041 est
2665 1988 2804 2041 sicut
2836 2002 3026 2056 agnus,
3057 1988 3145 2056 qui
3178 1986 3409 2039 ducatur

1872 2074 1937 2126 ad
1970 2074 2420 2129 sacriﬁcandum?
2446 2084 2607 2143 atque
2631 2076 2811 2128 omnia
2841 2075 2985 2138 haec,
3019 2084 3073 2129 et
3112 2090 3208 2144 pro
3225 2075 3404 2141 nobis,

1870 2170 1925 2216 et
1960 2173 2177 2232 prepter
2205 2179 2324 2216 nos.
2368 2162 2445 2216 Ex
2475 2179 2583 2232 quo
2627 2164 2839 2232 quidem
2872 2165 3033 2232 prisci
3057 2165 3154 2228 illi,
3193 2163 3408 2233 Deoque

1871 2251 2006 2318 grati
2034 2252 2169 2314 viri,
2204 2268 2326 2305 cum
2357 2253 2726 2320 praestantiora
2768 2268 2874 2306 non
2904 2254 3179 2315 baberent,
3212 2252 3404 2307 merito

1871 2338 2022 2406 signa
2046 2339 2158 2408 ipsa
2193 2340 2553 2395 attendebant.
2593 2340 2702 2409 38
2729 2339 2860 2392 Nam
2903 2341 3062 2394 etiam
3092 2340 3192 2393 hoc
3224 2340 3400 2408 ipsum

1873 2425 2115 2481 Salvator
2138 2436 2318 2484 noster
2342 2431 2515 2494 docet,
2548 2446 2669 2485 cum
2718 2430 2794 2483 ait
2828 2446 2842 2484 :
2879 2448 2896 2478 ι
2930 2428 3078 2481 Multi
3131 2429 3405 2498 prophetae

1868 2527 1921 2571 et
1947 2517 2076 2585 justi
2104 2520 2383 2587 cupierunt
2411 2520 2611 2583 videre,
2665 2534 2783 2588 qua:
2827 2535 2922 2574 vos
2953 2519 3178 2582 videtis,
3214 2527 3269 2573 et
3294 2532 3403 2573 non

1869 2608 2150 2663 viderunt:
2207 2620 2257 2663 et
2304 2610 2508 2675 audire,
2540 2625 2658 2680 quas
2715 2625 2810 2665 vos
2847 2610 3062 2673 auditis,
3093 2619 3147 2664 et
3170 2624 3275 2663 non
3305 2623 3404 2662 au-

1869 2700 2081 2753 dierunt
2106 2702 2209 2754 ⁸³.»
2252 2701 2317 2754 At
2341 2716 2458 2766 nos,
2502 2703 2591 2771 qui
2622 2715 2687 2755 ea
2744 2716 2862 2770 qua:
2908 2716 3030 2755 vera
3061 2708 3207 2766 sunt,
3239 2706 3399 2768 atque

1871 2790 1983 2857 ipsa
2039 2791 2326 2859 imaginum
2391 2792 2652 2861 principia
2725 2806 2820 2861 per
2885 2790 3132 2845 refertam
3196 2790 3405 2858 magnis

1870 2878 2136 2946 mysteriis
2165 2878 2614 2947 dispensationem
2668 2879 2868 2933 Christi
2901 2880 3231 2948 accepimus.
3284 2893 3395 2932 non

1870 2968 2098 3036 amplius
2137 2983 2219 3032 ea,
2276 2985 2394 3038 quae
2441 2980 2620 3024 vetera
2661 2970 2798 3023 facta
2818 2978 2966 3031 sunt,
3011 2969 3399 3023 desideramus.

1873 3056 2032 3111 Solus
2060 3059 2220 3127 igitur
2249 3059 2361 3127 ipse
2410 3075 2594 3114 eorum
2621 3061 2859 3113 omnium
2893 3059 2982 3128 qui
3017 3072 3251 3127 unquam
3288 3056 3405 3110 fue-

208 3141 299 3201 σῶν
335 3149 665 3213 ἐθέσπισεν,
710 3148 917 3201 είταῢνσ
963 3169 984 3200 ι
1032 3149 1344 3219 ’Υπομένων
1385 3151 1645 3220 ὑπέμεινα
1682 3153 1768 3205 τὸν

1869 3148 1997 3208 rint,
2028 3162 2149 3200 cum
2195 3148 2264 3200 sit
2318 3146 2408 3202 Dei
2442 3147 2697 3211 Verbum,
2739 3150 2854 3216 ipso
2882 3147 3154 3216 antiquius
3180 3145 3400 3209 mundo,

208 3233 414 3308 Κύριον,
444 3240 546 3291 καὶ
591 3238 874 3308 προσέσχε
920 3256 1035 3308 μοι’
1082 3240 1174 3291 καὶ
1213 3241 1493 3308 είσήκουσε
1521 3241 1621 3309 τῆς
1659 3241 1770 3312 δεή-

206 3326 324 3389 σεώς
355 3345 484 3396 μου,
517 3329 622 3381 καὶ
658 3327 932 3396 ἀνήνεγκέ
966 3345 1032 3396 με
1063 3330 1125 3381 ἐκ
1151 3328 1365 3380 λάκκων
1384 3330 1766 3401 ταλαιπωρίας,

202 3418 279 3467 καὶ
320 3418 429 3469 ἀπὸ
462 3417 654 3487 πηλοῦ
694 3417 873 3480 ίλύοςο
908 3419 1001 3469 καὶ
1033 3417 1255 3487 ἔστησεν
1295 3419 1385 3470 ἐπὶ
1419 3421 1616 3489 πέτραν
1648 3421 1769 3484 τοὺς

197 3504 351 3568 τ-ίᾶας
388 3523 514 3575 μου,
542 3506 854 3559 κατεύθυνε
880 3505 947 3558 τὰ
975 3505 1284 3574 διαδήματά
1315 3523 1434 3575 μου,
1469 3507 1560 3559 καὶ
1590 3508 1769 3561 ἐνέϐα-

196 3585 275 3643 λεν
314 3597 398 3656 εἰς
431 3595 495 3647 τὸ
539 3595 732 3663 στόμα
786 3610 885 3663 μου
930 3589 1079 3662 ᾆσμα
1123 3594 1324 3656 καινὸν,
1357 3593 1519 3662 ὕμνον
1550 3595 1625 3665 τῷ
1652 3596 1769 3666 Θεῷ

194 3676 367 3748 ἡμῶν.
406 3702 425 3733 ι
452 3682 572 3735 κω.
608 3683 665 3735 τί
700 3684 765 3734 τὸ
800 3681 985 3734 καινὸν
1011 3677 1161 3751 ᾆσμα
1191 3682 1464 3751 τυγχάνει,
1500 3685 1765 3753 διασαφεῖ,

195 3765 360 3839 λέγων
391 3773 522 3843 ἑξῆς
545 3791 562 3807 ·
605 3791 627 3823 ι
669 3772 876 3825 Θυσίαν
899 3772 993 3823 καὶ
1020 3772 1331 3841 προσφορὰν
1362 3773 1459 3825 οὐκ
1482 3773 1765 3845 ἠθέλησας,

200 3860 347 3932 σῶμα
385 3863 443 3918 δὲ
482 3862 817 3933 κατηρτίσω
871 3877 1000 3930 μοι’
1049 3861 1469 3931 ὁλοκαυτώματα
1511 3864 1604 3916 καὶ
1644 3865 1768 3936 περὶ

197 3947 464 4024 ἁμαρτίας
506 3956 619 4007 οὐκ
664 3952 991 4021 ηὑδόησας.
1048 3954 1178 4004 Τότε
1226 3950 1408 4005 εἷπον·
1459 3954 1585 4007 Ἰδοὺ
1628 3956 1763 4025 ἧκω.

210 4039 285 4095 Ἐν
335 4046 599 4113 κεφαλίδι
659 4042 867 4112 βιϐλίου
913 4043 1222 4113 γέγραπται
1284 4045 1409 4113 περὶ
1458 4044 1623 4113 ἐμοῦ,
1674 4047 1766 4099 τοῦ

200 4136 432 4205 ποιῆσαι,
486 4137 517 4189 ό
579 4134 742 4199 Θεὸς,
799 4133 860 4185 τὸ
912 4133 1121 4203 θέλημά
1161 4150 1273 4186 σου.
1346 4133 1679 4206 Ἐϐουλήθην.
1740 4156 1761 4189 ι

200 4217 300 4276 Καὶ
357 4222 650 4289 ἐπιλέγει·
722 4238 740 4269 ι
817 4218 1271 4287 Εὐηγγελισάμην
1322 4218 1659 4288 δικαιοσύνην
1711 4221 1766 4273 ἐν

212 4302 498 4380 Ἐκκλησία
538 4304 780 4376 μεγάλῃ.
812 4325 831 4356 ι
872 4305 1163 4374 Ἀντικρυς
1195 4306 1311 4356 ἀντὶ
1345 4305 1450 4358 τῶν
1479 4305 1641 4359 πάλαι
1672 4306 1765 4359 θυ-

202 4396 321 4447 σιιῖιν
374 4399 472 4449 καὶ
523 4395 1003 4465 ὁλοκαυτωμάτων
1051 4396 1150 4464 τὴν
1195 4394 1451 4465 ἐνσαρκον
1503 4397 1596 4449 τοῦ
1635 4398 1766 4467 Χρι-

1868 3236 2212 3307 pontifexque
2243 3238 2416 3291 omnis
2442 3238 2653 3292 ratione
2705 3247 2866 3306 atque
2891 3235 3236 3303 intelligentia
3269 3249 3404 3303 prm-

1866 3323 1993 3376 ditaa
2019 3331 2299 3389 creaturae,
2335 3340 2456 3377 eum
2512 3326 2602 3393 qui
2647 3328 2849 3379 nostris
2892 3326 3106 3379 casibus
3137 3332 3280 3378 esset
3303 3324 3404 3380 ob-

1866 3413 2079 3479 noxius,
2126 3415 2277 3482 qttasi
2326 3429 2477 3467 ovem
2539 3420 2631 3466 aut
2660 3430 2854 3483 agnum
2887 3415 2953 3467 ab
2984 3415 3289 3467 hominibus
3317 3428 3407 3468 se-

1865 3515 2110 3569 gregans,
2178 3508 2232 3554 et
2276 3502 2401 3555 huic
2453 3510 2638 3555 nostra
2665 3502 2901 3554 omnium
2951 3502 3226 3554 ascribens
3277 3515 3403 3568 pec-

1866 3594 1985 3639 cata
2013 3627 2027 3651 ,
2086 3588 2363 3657 eidemque
2414 3589 2856 3650 exsecrationem,
2889 3603 3008 3656 qua:
3035 3588 3246 3639 mulctae
3280 3588 3398 3639 loco

1865 3680 1919 3731 in
1982 3680 2093 3746 lege
2139 3678 2300 3733 Mosis
2355 3678 2603 3747 adjuncta
2652 3686 2736 3733 est
2783 3681 3083 3747 imponens,
3138 3677 3403 3745 siquidem

1864 3770 1984 3839 ipso
2038 3768 2181 3822 Mose
2238 3769 2605 3837 proloquente,
2637 3786 2658 3820 ι
2690 3767 3034 3821 exsecrabilis
3087 3767 3262 3819 omnis
3309 3781 3403 3833 qut

1868 3860 2058 3928 pendet
2114 3860 2168 3912 in
2209 3860 2351 3928 ligno
2373 3859 2488 3923 ",r
2545 3860 2645 3912 hoc
2712 3860 2887 3928 ipsum
2940 3856 3176 3926 pertulit,
3230 3855 3403 3911 fat-tus

1864 3958 2079 4019 propter
2099 3966 2196 4004 nos
2227 3952 2339 4021 ipse
2364 3967 2459 4020 pro
2497 3951 2651 4004 nobis
2677 3951 3012 4004 exsecratio:
3044 3949 3134 4018 qui
3167 3949 3401 4018 seipsunt

1863 4054 2075 4107 quoque
2108 4050 2323 4109 propter
2362 4056 2460 4095 nos
2509 4047 2784 4109 peccatum
2846 4039 3022 4093 facere
3052 4054 3158 4091 non
3199 4039 3402 4092 veritus

1862 4136 1945 4183 est
1964 4147 1976 4181 :
1998 4129 2424 4199 quandoquidem
2446 4148 2465 4181 ι
2492 4145 2634 4195 eum,
2661 4145 2750 4199 qut
2782 4138 3057 4199 peccatum
3095 4142 3201 4180 non
3230 4128 3399 4186 novit,

1862 4234 1960 4289 pro
1987 4221 2141 4274 nobis
2162 4231 2436 4289 peccatum
2460 4222 2651 4283 eﬁecit,
2682 4240 2699 4271 ι
2726 4221 3003 4289 eidemque
3034 4227 3246 4288 propter
3278 4232 3397 4279 nos,

1862 4310 2040 4363 omnia
2099 4325 2431 4379 quaacunque
2480 4309 2636 4363 nobis
2685 4309 3083 4377 impendebant,
3138 4306 3400 4376 supplicia

1863 4399 2149 4467 imposuit,
2182 4401 2414 4463 vincula,
2436 4400 2656 4468 probra,
2692 4400 3067 4459 contumelias,
3087 4398 3312 4467 ﬂagella,
3345 4407 3399 4451 et

201 4483 317 4535 ετοῦ
368 4484 708 4555 παρουσίαν,
755 4483 850 4535 καὶ
905 4482 968 4537 τὸ
1005 4481 1356 4550 καταρτωθέν
1402 4481 1561 4534 αὑτοῦ
1612 4484 1765 4552 σῶμα

1869 4504 1985 4541 cum
2019 4490 2122 4551 his,
2178 4490 2398 4543 verbera
2456 4489 2755 4544 deformia:
2790 4497 3225 4556 postremumque
3282 4500 3399 4537 om-

198 4573 622 4643 προσενηνέχθαι
685 4570 765 4642 τῷ
822 4570 945 4640 Θεῷ
1000 4569 1234 4633 διδάξας,
1298 4571 1450 4623 τοῦτό
1502 4588 1560 4623 τε
1632 4572 1761 4625 αὐτὸ

199 4660 264 4731 τῇ
334 4661 500 4714 αὑτοῦ
581 4660 883 4730 Ἐκκλησία
927 4657 1350 4726 εὐαγγελίζεται,
1391 4660 1466 4723 ὡς
1505 4660 1572 4713 ἂν
1625 4662 1762 4731 μέγα

202 4755 494 4823 μυστήριον
578 4756 639 4806 ἐν
710 4752 963 4821 κεφαλίδι
1038 4749 1239 4819 βιϐλίου
1319 4754 1385 4823 τῇ
1454 4755 1759 4825 προφητικῇ

199 4847 344 4913 φωνῇ
370 4862 808 4914 προαναπεφωνη
818 4845 1000 4913 μένον.
1035 4838 1233 4895 Τούτου
1258 4843 1385 4915 δῆτα
1405 4845 1499 4896 τοῦ
1530 4844 1763 4913 θύματος

176 4929 291 5027 Ιτὴν
324 4934 543 5003 μνήμην
586 4933 682 4985 ἐπὶ
732 4932 1020 5003 τραπέζης
1060 4930 1289 4987 ἐκτελεῖν
1330 4931 1413 4983 διὰ
1455 4932 1756 5002 συμϐόλων,

177 5019 291 5097 lto-5
306 5038 366 5073 τε
390 5021 639 5092 σώματος
662 5022 829 5075 αὐτοῦ
854 5023 954 5074 καὶ
977 5019 1074 5072 τοῦ
1101 5022 1354 5089 σωτηρίου
1376 5025 1601 5092 αἵματος
1624 5025 1760 5077 κατὰ

172 5102 430 5187 χθεσμοὺς
456 5113 557 5181 τῆς
586 5113 798 5181 Καινῆς
837 5109 1124 5178 Διαθήκης
1153 5111 1550 5182 παρειληφότες,
1601 5114 1762 5170 πάλιν

207 5192 306 5251 ὕπο
326 5201 412 5252 τοῦ
436 5203 717 5271 προφήτου
746 5198 919 5251 Δαῦὶδ
936 5195 1293 5263 παιδευόμεθα
1314 5199 1503 5266 λέγειν·
1536 5220 1553 5251 ι
1590 5203 1763 5255 Ἤτοι-

211 5298 374 5354 Nam;
414 5293 645 5347 ἐνώπιόν
682 5307 788 5359 μου
821 5284 1117 5356 τράπεζαν
1148 5285 1206 5350 ἐξ
1234 5288 1466 5352 ἐναντίας
1506 5291 1615 5346 τῶν
1652 5294 1763 5347 θλι-

198 5371 386 5436 ειόντων
411 5401 499 5454 με.
564 5381 873 5436 Ἐλίπανας
925 5377 989 5425 ἐν
1041 5373 1201 5443 ἐλαίῳ
1228 5376 1321 5446 τὴν
1368 5381 1603 5451 κεφαλήν
1636 5400 1756 5453 μου,

185 5472 280 5525 Qui
306 5472 362 5525 τὸ
398 5471 666 5543 ποτήριόν
720 5482 825 5518 σου
883 5461 1160 5530 μεθύσκον
1194 5480 1256 5532 με
1291 5465 1364 5528 ὡς
1400 5468 1695 5539 κράτιστον.
1733 5493 1755 5524 ι

164 5551 477 5635 αιιρρήδην
510 5558 650 5628 γοῦν
678 5557 743 5607 ἐν
771 5550 1003 5610 τούτοις
1032 5549 1126 5601 καὶ
1154 5551 1210 5603 τὸ
1231 5555 1474 5621 μυστικὸν
1496 5562 1758 5627 σημαίνε-

1859 4577 2027 4638 nium,
2080 4578 2252 4646 ipsum
2298 4578 2680 4632 exsecrationis
2714 4578 3026 4645 trophaeum.
3056 4576 3237 4645 Itaque
3275 4584 3398 4643 post

1861 4669 2060 4730 omnia,
2090 4668 2243 4736 quasi
2268 4668 2563 4722 mirabilem
2590 4669 2854 4737 quandam
2902 4669 3201 4729 victimam,
3227 4664 3397 4718 sacri-

1862 4757 2146 4825 ﬁciumque
2174 4757 2426 4811 eximium
2457 4758 2594 4826 patri
2652 4771 2751 4812 suo
2800 4766 3055 4825 operatus
3086 4769 3180 4823 pro
3212 4762 3398 4807 nostra

1862 4846 2097 4899 omnium
2137 4846 2310 4899 salute
2369 4846 2579 4911 obtulit,
2632 4846 2855 4913 ejusque
2885 4845 2958 4899 rei
2990 4842 3297 4895 memoriam
3338 4848 3397 4894 ut

1864 4951 1962 4990 nos
2017 4935 2115 5001 ipsi
2163 4933 2271 4988 Deo
2293 4951 2389 5004 pro
2443 4937 2705 4990 sacriﬁcio
2759 4935 3106 4994 oﬁerremus,
3142 4932 3392 4986 instituit.

1865 5027 1975 5082 Hoc
2001 5027 2159 5080 etiam
2198 5027 2570 5095 prophetarum
2604 5026 2906 5096 praecipuus
2926 5022 3109 5085 David,
3141 5024 3230 5091 qui
3252 5023 3394 5092 quod

1866 5117 2101 5170 futurum
2127 5124 2242 5170 erat
2278 5114 2479 5185 Spiritu
2530 5118 2712 5171 divino
2746 5114 3049 5183 providerat
3072 5115 3398 5169 vaticinatus

1866 5215 1966 5269 est,
1994 5206 2083 5259 ubi
2115 5205 2189 5258 ait
2217 5223 2231 5258 :
2256 5222 2274 5256 ι
2303 5204 2630 5273 Exspectans
2682 5202 2985 5271 exspectavi
3020 5200 3320 5265 Dominum,
3345 5215 3399 5256 et

1868 5294 2094 5367 intendit
2123 5294 2283 5347 mibi:
2314 5302 2367 5347 et
2391 5292 2660 5348 exaudivit
2682 5306 2891 5359 precem
2924 5307 3116 5356 meam,
3146 5303 3196 5347 et
3217 5301 3397 5346 sustu-

1870 5385 1931 5438 lit
1954 5399 2036 5438 me
2063 5385 2127 5439 de
2159 5385 2275 5438 lacu
2308 5384 2533 5438 miseria:
2561 5390 2615 5436 et
2641 5381 2707 5437 de
2763 5384 2876 5436 luto
2909 5383 3055 5437 faecis
3081 5400 3093 5435 :
3124 5391 3176 5436 et
3209 5391 3396 5436 statuit

1871 5488 2027 5541 supra
2055 5480 2254 5541 petram
2276 5472 2434 5541 pedes
2480 5485 2647 5533 meos,
2680 5478 2733 5525 et
2764 5471 2955 5526 direxit
2982 5484 3200 5539 gressus
3224 5485 3392 5524 meos.

1870 5569 1924 5616 et
1952 5562 2171 5617 immisit
2226 5563 2280 5616 in
2307 5576 2368 5616 os
2390 5576 2565 5618 meum
2610 5559 2889 5617 Canticum
2936 5573 3155 5623 novum,
3185 5573 3393 5613 Carmen

251 5737 423 5796 “Gal.
456 5751 545 5796 ιιι,
581 5730 672 5783 ιδ.
764 5724 810 5755 ²¹
846 5718 896 5772 ll
919 5719 1053 5775 Cur.
1084 5737 1128 5789 v,
1148 5725 1228 5778 21.
1303 5727 1498 5782 "-Luc.
1527 5746 1578 5797 Χ,
1609 5734 1694 5790 24,

1869 5735 2020 5793 Deut.
2052 5753 2160 5805 xxi,
2189 5738 2273 5793 23.
