  <div class='ocr_page' id='page_1' title='image "/cluster/home/n/w/nwhite01/storage/ocr_20150623/22 (Eusebius; pt. 4)/nyp.33433081862355/057.png"; bbox 0 0 3870 6348; ppageno 0'>
   <div class='ocr_carea' id='block_1_1' title="bbox 718 401 3235 496">
    <p class='ocr_par' dir='ltr' id='par_1_1' title="bbox 718 401 3235 496">
     <span class='ocr_line' id='line_1_1' title="bbox 718 401 3235 496; baseline -0.017 0"><span class='ocrx_word' id='word_1_1' title='bbox 718 441 780 496; x_wconf 83' lang='lat'><strong>9|</strong></span> <span class='ocrx_word' id='word_1_2' title='bbox 1349 420 1611 480; x_wconf 80' lang='lat' dir='ltr'><strong>EUSEBII</strong></span> <span class='ocrx_word' id='word_1_3' title='bbox 1639 404 2109 476; x_wconf 56' lang='lat' dir='ltr'><strong>CESABIENSIS</strong></span> <span class='ocrx_word' id='word_1_4' title='bbox 2143 414 2290 471; x_wconf 81' lang='lat' dir='ltr'><strong>OPP.</strong></span> <span class='ocrx_word' id='word_1_5' title='bbox 2328 411 2515 467; x_wconf 75' lang='lat' dir='ltr'><strong>PARS</strong></span> <span class='ocrx_word' id='word_1_6' title='bbox 2541 409 2606 464; x_wconf 79' lang='lat' dir='ltr'><strong>Il.</strong></span> <span class='ocrx_word' id='word_1_7' title='bbox 2643 436 2714 447; x_wconf 91' lang='lat'><strong>-—-</strong></span> <span class='ocrx_word' id='word_1_8' title='bbox 2745 401 3235 458; x_wconf 78' lang='lat' dir='ltr'><strong>APOLOGETICA.</strong></span> 
     </span>
    </p>
   </div>
   <div class='ocr_carea' id='block_1_2' title="bbox 721 508 2249 609">
    <p class='ocr_par' dir='ltr' id='par_1_2' title="bbox 721 533 2244 609">
     <span class='ocr_line' id='line_1_2' title="bbox 721 533 2244 609; baseline -0.014 -3"><span class='ocrx_word' id='word_1_9' title='bbox 721 553 830 605; x_wconf 91' lang='lat' dir='ltr'><strong>Deo</strong></span> <span class='ocrx_word' id='word_1_10' title='bbox 858 554 1037 603; x_wconf 88' lang='lat' dir='ltr'><strong>nostro</strong></span> <span class='ocrx_word' id='word_1_11' title='bbox 1058 543 1122 595; x_wconf 80' lang='grc'><strong>⁸⁸.</strong></span> <span class='ocrx_word' id='word_1_12' title='bbox 1156 561 1175 593; x_wconf 83' lang='grc'><strong>›</strong></span> <span class='ocrx_word' id='word_1_13' title='bbox 1207 541 1361 606; x_wconf 82' lang='lat' dir='ltr'><strong>Quod</strong></span> <span class='ocrx_word' id='word_1_14' title='bbox 1389 554 1550 609; x_wconf 90' lang='lat' dir='ltr'><strong>porro</strong></span> <span class='ocrx_word' id='word_1_15' title='bbox 1593 538 1662 591; x_wconf 93' lang='lat' dir='ltr'><strong>sit</strong></span> <span class='ocrx_word' id='word_1_16' title='bbox 1701 535 1803 589; x_wconf 88' lang='lat' dir='ltr'><strong>hoc</strong></span> <span class='ocrx_word' id='word_1_17' title='bbox 1856 548 2050 588; x_wconf 89' lang='lat' dir='ltr'><strong>novum</strong></span> <span class='ocrx_word' id='word_1_18' title='bbox 2073 533 2244 587; x_wconf 86' lang='lat' dir='ltr'><strong>canti-</strong></span> 
     </span>
    </p>
   </div>
   <div class='ocr_carea' id='block_1_3' title="bbox 2081 508 3609 609">
    <p class='ocr_par' dir='ltr' id='par_1_3' title="bbox 2081 508 3609 609">
     <span class='ocr_line' id='line_1_3' title="bbox 2081 508 3609 609; baseline -0.018 -23"><span class='ocrx_word' id='word_1_19' title='bbox 2081 533 2244 587; x_wconf 81' lang='lat' dir='ltr'><strong>canti-</strong></span> <span class='ocrx_word' id='word_1_20' title='bbox 2268 534 2425 589; x_wconf 71' lang='grc' dir='ltr'>Αται</span> <span class='ocrx_word' id='word_1_21' title='bbox 2465 511 2825 609; x_wconf 30' lang='grc' dir='ltr'>χρίσμαίκαὶ</span> <span class='ocrx_word' id='word_1_22' title='bbox 2862 520 2927 570; x_wconf 85' lang='grc' dir='ltr'>τὰ</span> <span class='ocrx_word' id='word_1_23' title='bbox 2965 516 3140 586; x_wconf 87' lang='grc' dir='ltr'>σεμνὰ</span> <span class='ocrx_word' id='word_1_24' title='bbox 3181 514 3279 584; x_wconf 81' lang='grc' dir='ltr'>τῆς</span> <span class='ocrx_word' id='word_1_25' title='bbox 3321 508 3505 609; x_wconf 71' lang='grc' dir='ltr'>Χριστοῦ</span> <span class='ocrx_word' id='word_1_26' title='bbox 3536 523 3609 577; x_wconf 68' lang='grc' dir='ltr'><strong>τρε</strong></span> 
     </span>
    </p>
   </div>
   <div class='ocr_carea' id='block_1_4' title="bbox 721 623 2246 698">
    <p class='ocr_par' dir='ltr' id='par_1_4' title="bbox 721 623 2246 698">
     <span class='ocr_line' id='line_1_4' title="bbox 721 623 2246 698; baseline -0.016 -2"><span class='ocrx_word' id='word_1_27' title='bbox 721 655 844 697; x_wconf 88' lang='lat' dir='ltr'><strong>cum</strong></span> <span class='ocrx_word' id='word_1_28' title='bbox 892 633 1125 690; x_wconf 73' lang='lat' dir='ltr'><strong>declarat</strong></span> <span class='ocrx_word' id='word_1_29' title='bbox 1173 629 1425 698; x_wconf 79' lang='lat' dir='ltr'><strong>deinceps</strong></span> <span class='ocrx_word' id='word_1_30' title='bbox 1483 628 1574 682; x_wconf 90' lang='lat' dir='ltr'><strong>ubi</strong></span> <span class='ocrx_word' id='word_1_31' title='bbox 1621 627 1726 679; x_wconf 84' lang='lat' dir='ltr'><strong>ait:</strong></span> <span class='ocrx_word' id='word_1_32' title='bbox 1757 645 1774 676; x_wconf 74' lang='grc' dir='ltr'>ι</span> <span class='ocrx_word' id='word_1_33' title='bbox 1806 623 2141 676; x_wconf 85' lang='lat' dir='ltr'><strong>Sacriﬁcium</strong></span> <span class='ocrx_word' id='word_1_34' title='bbox 2190 628 2246 675; x_wconf 91' lang='lat' dir='ltr'><strong>et</strong></span> 
     </span>
    </p>
   </div>
   <div class='ocr_carea' id='block_1_5' title="bbox 720 709 2243 787">
    <p class='ocr_par' dir='ltr' id='par_1_5' title="bbox 720 709 2243 787">
     <span class='ocr_line' id='line_1_5' title="bbox 720 709 2243 787; baseline -0.014 -5"><span class='ocrx_word' id='word_1_35' title='bbox 720 727 1038 782; x_wconf 76' lang='lat' dir='ltr'><strong>oblationem</strong></span> <span class='ocrx_word' id='word_1_36' title='bbox 1068 721 1307 784; x_wconf 87' lang='lat' dir='ltr'><strong>noluisti,</strong></span> <span class='ocrx_word' id='word_1_37' title='bbox 1341 734 1537 787; x_wconf 85' lang='lat' dir='ltr'><strong>corpus</strong></span> <span class='ocrx_word' id='word_1_38' title='bbox 1578 727 1751 770; x_wconf 79' lang='lat' dir='ltr'><strong>autem</strong></span> <span class='ocrx_word' id='word_1_39' title='bbox 1785 712 2055 784; x_wconf 87' lang='lat' dir='ltr'><strong>perfecisti</strong></span> <span class='ocrx_word' id='word_1_40' title='bbox 2076 709 2243 764; x_wconf 89' lang='lat' dir='ltr'><strong>mihi:</strong></span> 
     </span>
    </p>
   </div>
   <div class='ocr_carea' id='block_1_6' title="bbox 721 797 2244 878">
    <p class='ocr_par' dir='ltr' id='par_1_6' title="bbox 721 797 2244 878">
     <span class='ocr_line' id='line_1_6' title="bbox 721 797 2244 878; baseline -0.013 -9"><span class='ocrx_word' id='word_1_41' title='bbox 721 816 1032 869; x_wconf 89' lang='lat' dir='ltr'><strong>holocausta</strong></span> <span class='ocrx_word' id='word_1_42' title='bbox 1057 820 1111 864; x_wconf 90' lang='lat' dir='ltr'><strong>et</strong></span> <span class='ocrx_word' id='word_1_43' title='bbox 1151 824 1246 878; x_wconf 90' lang='lat' dir='ltr'><strong>pro</strong></span> <span class='ocrx_word' id='word_1_44' title='bbox 1270 818 1488 878; x_wconf 89' lang='lat' dir='ltr'><strong>peccato</strong></span> <span class='ocrx_word' id='word_1_45' title='bbox 1509 821 1614 859; x_wconf 93' lang='lat' dir='ltr'><strong>non</strong></span> <span class='ocrx_word' id='word_1_46' title='bbox 1646 803 1882 873; x_wconf 78' lang='lat' dir='ltr'><strong>probasti</strong></span> <span class='ocrx_word' id='word_1_47' title='bbox 1910 819 1924 866; x_wconf 89' lang='lat'><strong>;</strong></span> <span class='ocrx_word' id='word_1_48' title='bbox 1958 809 2087 853; x_wconf 91' lang='lat' dir='ltr'><strong>tunc</strong></span> <span class='ocrx_word' id='word_1_49' title='bbox 2113 797 2244 860; x_wconf 81' lang='lat' dir='ltr'><strong>dixi,</strong></span> 
     </span>
    </p>
   </div>
   <div class='ocr_carea' id='block_1_7' title="bbox 718 887 2249 966">
    <p class='ocr_par' dir='ltr' id='par_1_7' title="bbox 718 887 2249 966">
     <span class='ocr_line' id='line_1_7' title="bbox 718 887 2249 966; baseline -0.012 -9"><span class='ocrx_word' id='word_1_50' title='bbox 718 916 846 957; x_wconf 90' lang='lat' dir='ltr'><strong>ecce</strong></span> <span class='ocrx_word' id='word_1_51' title='bbox 865 901 1038 955; x_wconf 90' lang='lat' dir='ltr'><strong>venio.</strong></span> <span class='ocrx_word' id='word_1_52' title='bbox 1062 899 1120 951; x_wconf 93' lang='lat' dir='ltr'><strong>In</strong></span> <span class='ocrx_word' id='word_1_53' title='bbox 1138 896 1446 966; x_wconf 90' lang='lat' dir='ltr'><strong>capitelibri</strong></span> <span class='ocrx_word' id='word_1_54' title='bbox 1476 896 1734 962; x_wconf 87' lang='lat' dir='ltr'><strong>scriptum</strong></span> <span class='ocrx_word' id='word_1_55' title='bbox 1763 898 1848 946; x_wconf 84' lang='lat' dir='ltr'><strong>est</strong></span> <span class='ocrx_word' id='word_1_56' title='bbox 1876 890 1942 944; x_wconf 90' lang='lat' dir='ltr'><strong>de</strong></span> <span class='ocrx_word' id='word_1_57' title='bbox 1959 904 2062 951; x_wconf 91' lang='lat' dir='ltr'><strong>me,</strong></span> <span class='ocrx_word' id='word_1_58' title='bbox 2096 895 2155 941; x_wconf 92' lang='lat' dir='ltr'><strong>ut</strong></span> <span class='ocrx_word' id='word_1_59' title='bbox 2171 887 2249 939; x_wconf 87' lang='lat' dir='ltr'><strong>fa-</strong></span> 
     </span>
    </p>
   </div>
   <div class='ocr_carea' id='block_1_8' title="bbox 718 978 2251 1054">
    <p class='ocr_par' dir='ltr' id='par_1_8' title="bbox 718 978 2251 1054">
     <span class='ocr_line' id='line_1_8' title="bbox 718 978 2251 1054; baseline -0.011 -8"><span class='ocrx_word' id='word_1_60' title='bbox 718 1006 912 1054; x_wconf 88' lang='lat' dir='ltr'><strong>cerem,</strong></span> <span class='ocrx_word' id='word_1_61' title='bbox 938 989 1095 1052; x_wconf 86' lang='lat' dir='ltr'><strong>Deus,</strong></span> <span class='ocrx_word' id='word_1_62' title='bbox 1122 988 1444 1041; x_wconf 84' lang='lat' dir='ltr'><strong>voluntatem</strong></span> <span class='ocrx_word' id='word_1_63' title='bbox 1475 993 1639 1048; x_wconf 89' lang='lat' dir='ltr'><strong>tuam,</strong></span> <span class='ocrx_word' id='word_1_64' title='bbox 1669 983 1808 1037; x_wconf 80' lang='lat' dir='ltr'><strong>volui</strong></span> <span class='ocrx_word' id='word_1_65' title='bbox 1845 981 1907 1043; x_wconf 83' lang='grc'>³¹,</span> <span class='ocrx_word' id='word_1_66' title='bbox 1941 998 1957 1029; x_wconf 75' lang='grc' dir='ltr'>ι</span> <span class='ocrx_word' id='word_1_67' title='bbox 1990 986 2041 1033; x_wconf 90' lang='lat' dir='ltr'><strong>et</strong></span> <span class='ocrx_word' id='word_1_68' title='bbox 2062 978 2251 1045; x_wconf 83' lang='lat' dir='ltr'><strong>adjun-</strong></span> 
     </span>
    </p>
   </div>
   <div class='ocr_carea' id='block_1_9' title="bbox 718 1068 2244 1151">
    <p class='ocr_par' dir='ltr' id='par_1_9' title="bbox 718 1068 2244 1151">
     <span class='ocr_line' id='line_1_9' title="bbox 718 1068 2244 1151; baseline -0.012 -16"><span class='ocrx_word' id='word_1_69' title='bbox 718 1081 797 1151; x_wconf 86' lang='lat' dir='ltr'><strong>git</strong></span> <span class='ocrx_word' id='word_1_70' title='bbox 829 1095 843 1132; x_wconf 90' lang='lat'><strong>:</strong></span> <span class='ocrx_word' id='word_1_71' title='bbox 883 1098 901 1130; x_wconf 76' lang='lat'><strong>¢</strong></span> <span class='ocrx_word' id='word_1_72' title='bbox 932 1077 1254 1131; x_wconf 82' lang='lat' dir='ltr'><strong>Annuntiavi</strong></span> <span class='ocrx_word' id='word_1_73' title='bbox 1284 1075 1543 1143; x_wconf 87' lang='lat' dir='ltr'><strong>justitiam</strong></span> <span class='ocrx_word' id='word_1_74' title='bbox 1578 1074 1629 1125; x_wconf 91' lang='lat' dir='ltr'><strong>in</strong></span> <span class='ocrx_word' id='word_1_75' title='bbox 1660 1071 1904 1125; x_wconf 82' lang='lat' dir='ltr'><strong>Ecclesia</strong></span> <span class='ocrx_word' id='word_1_76' title='bbox 1926 1083 2114 1137; x_wconf 89' lang='lat' dir='ltr'><strong>magna</strong></span> <span class='ocrx_word' id='word_1_77' title='bbox 2140 1068 2205 1118; x_wconf 84' lang='grc'><strong>³².</strong></span> <span class='ocrx_word' id='word_1_78' title='bbox 2227 1084 2244 1117; x_wconf 73' lang='grc' dir='ltr'>ι</span> 
     </span>
    </p>
   </div>
   <div class='ocr_carea' id='block_1_10' title="bbox 722 1159 2254 1240">
    <p class='ocr_par' dir='ltr' id='par_1_10' title="bbox 722 1159 2254 1240">
     <span class='ocr_line' id='line_1_10' title="bbox 722 1159 2254 1240; baseline -0.012 -14"><span class='ocrx_word' id='word_1_79' title='bbox 722 1170 814 1226; x_wconf 84' lang='lat' dir='ltr'><strong>Sic</strong></span> <span class='ocrx_word' id='word_1_80' title='bbox 843 1171 998 1240; x_wconf 85' lang='lat' dir='ltr'><strong>plane</strong></span> <span class='ocrx_word' id='word_1_81' title='bbox 1027 1168 1223 1222; x_wconf 89' lang='lat' dir='ltr'><strong>docens</strong></span> <span class='ocrx_word' id='word_1_82' title='bbox 1241 1181 1334 1234; x_wconf 92' lang='lat' dir='ltr'><strong>pro</strong></span> <span class='ocrx_word' id='word_1_83' title='bbox 1361 1165 1592 1232; x_wconf 87' lang='lat' dir='ltr'><strong>antiquis</strong></span> <span class='ocrx_word' id='word_1_84' title='bbox 1624 1161 1902 1217; x_wconf 89' lang='lat' dir='ltr'><strong>sacriﬁciis</strong></span> <span class='ocrx_word' id='word_1_85' title='bbox 1939 1159 2254 1213; x_wconf 87' lang='lat' dir='ltr'><strong>etholocau-</strong></span> 
     </span>
    </p>
   </div>
   <div class='ocr_carea' id='block_1_11' title="bbox 724 1244 2253 1322">
    <p class='ocr_par' dir='ltr' id='par_1_11' title="bbox 724 1244 2253 1322">
     <span class='ocr_line' id='line_1_11' title="bbox 724 1244 2253 1322; baseline -0.012 -7"><span class='ocrx_word' id='word_1_86' title='bbox 724 1261 843 1320; x_wconf 86' lang='lat' dir='ltr'><strong>stis,</strong></span> <span class='ocrx_word' id='word_1_87' title='bbox 873 1259 1071 1313; x_wconf 88' lang='lat' dir='ltr'><strong>Christi</strong></span> <span class='ocrx_word' id='word_1_88' title='bbox 1122 1257 1401 1309; x_wconf 87' lang='lat' dir='ltr'><strong>adventum</strong></span> <span class='ocrx_word' id='word_1_89' title='bbox 1435 1269 1528 1322; x_wconf 92' lang='lat' dir='ltr'><strong>per</strong></span> <span class='ocrx_word' id='word_1_90' title='bbox 1573 1251 1989 1318; x_wconf 87' lang='lat' dir='ltr'><strong>assumptionem</strong></span> <span class='ocrx_word' id='word_1_91' title='bbox 2036 1244 2253 1298; x_wconf 86' lang='lat' dir='ltr'><strong>humani</strong></span> 
     </span>
    </p>
   </div>
   <div class='ocr_carea' id='block_1_12' title="bbox 723 1334 2256 1417">
    <p class='ocr_par' dir='ltr' id='par_1_12' title="bbox 723 1334 2256 1417">
     <span class='ocr_line' id='line_1_12' title="bbox 723 1334 2256 1417; baseline -0.01 -16"><span class='ocrx_word' id='word_1_92' title='bbox 723 1348 832 1417; x_wconf 79' lang='lat'><strong>39</strong></span> <span class='ocrx_word' id='word_1_93' title='bbox 859 1347 1119 1415; x_wconf 86' lang='lat' dir='ltr'><strong>corporis,</strong></span> <span class='ocrx_word' id='word_1_94' title='bbox 1149 1346 1370 1412; x_wconf 87' lang='lat' dir='ltr'><strong>ejusque</strong></span> <span class='ocrx_word' id='word_1_95' title='bbox 1395 1356 1590 1409; x_wconf 90' lang='lat' dir='ltr'><strong>corpus</strong></span> <span class='ocrx_word' id='word_1_96' title='bbox 1618 1337 1931 1408; x_wconf 81' lang='lat' dir='ltr'><strong>perfectum,</strong></span> <span class='ocrx_word' id='word_1_97' title='bbox 1967 1334 2075 1388; x_wconf 90' lang='lat' dir='ltr'><strong>Deo</strong></span> <span class='ocrx_word' id='word_1_98' title='bbox 2104 1335 2256 1387; x_wconf 87' lang='lat' dir='ltr'><strong>obla-</strong></span> 
     </span>
    </p>
   </div>
   <div class='ocr_carea' id='block_1_13' title="bbox 723 1425 2254 1502">
    <p class='ocr_par' dir='ltr' id='par_1_13' title="bbox 723 1425 2254 1502">
     <span class='ocr_line' id='line_1_13' title="bbox 723 1425 2254 1502; baseline -0.011 -11"><span class='ocrx_word' id='word_1_99' title='bbox 723 1445 839 1490; x_wconf 88' lang='lat' dir='ltr'><strong>tum</strong></span> <span class='ocrx_word' id='word_1_100' title='bbox 869 1451 987 1490; x_wconf 87' lang='lat' dir='ltr'><strong>esse</strong></span> <span class='ocrx_word' id='word_1_101' title='bbox 1013 1453 1027 1488; x_wconf 89' lang='lat'><strong>:</strong></span> <span class='ocrx_word' id='word_1_102' title='bbox 1053 1436 1333 1502; x_wconf 88' lang='lat' dir='ltr'><strong>ipsumque</strong></span> <span class='ocrx_word' id='word_1_103' title='bbox 1365 1431 1465 1483; x_wconf 92' lang='lat' dir='ltr'><strong>hoc</strong></span> <span class='ocrx_word' id='word_1_104' title='bbox 1484 1429 1735 1482; x_wconf 65' lang='lat' dir='ltr'><strong>Ecclesia:</strong></span> <span class='ocrx_word' id='word_1_105' title='bbox 1763 1441 1873 1480; x_wconf 69' lang='lat' dir='ltr'><strong>suae</strong></span> <span class='ocrx_word' id='word_1_106' title='bbox 1897 1425 2105 1478; x_wconf 85' lang='lat' dir='ltr'><strong>nuntiat</strong></span> <span class='ocrx_word' id='word_1_107' title='bbox 2131 1438 2254 1476; x_wconf 90' lang='lat' dir='ltr'><strong>cum</strong></span> 
     </span>
    </p>
   </div>
   <div class='ocr_carea' id='block_1_14' title="bbox 725 1512 2257 1594">
    <p class='ocr_par' dir='ltr' id='par_1_14' title="bbox 725 1512 2257 1594">
     <span class='ocr_line' id='line_1_14' title="bbox 725 1512 2257 1594; baseline -0.01 -16"><span class='ocrx_word' id='word_1_108' title='bbox 725 1524 916 1594; x_wconf 82' lang='lat' dir='ltr'><strong>gaudio</strong></span> <span class='ocrx_word' id='word_1_109' title='bbox 947 1530 1196 1590; x_wconf 90' lang='lat' dir='ltr'><strong>tanquam</strong></span> <span class='ocrx_word' id='word_1_110' title='bbox 1241 1521 1427 1588; x_wconf 84' lang='lat' dir='ltr'><strong>ingens</strong></span> <span class='ocrx_word' id='word_1_111' title='bbox 1469 1517 1798 1588; x_wconf 88' lang='lat' dir='ltr'><strong>mysterium,</strong></span> <span class='ocrx_word' id='word_1_112' title='bbox 1842 1512 1982 1582; x_wconf 90' lang='lat' dir='ltr'><strong>quod</strong></span> <span class='ocrx_word' id='word_1_113' title='bbox 2028 1512 2257 1580; x_wconf 84' lang='lat' dir='ltr'><strong>prophe-</strong></span> 
     </span>
    </p>
   </div>
   <div class='ocr_carea' id='block_1_15' title="bbox 726 1605 2271 1677">
    <p class='ocr_par' dir='ltr' id='par_1_15' title="bbox 726 1605 2271 1677">
     <span class='ocr_line' id='line_1_15' title="bbox 726 1605 2271 1677; baseline -0.009 -12"><span class='ocrx_word' id='word_1_114' title='bbox 726 1613 835 1665; x_wconf 91' lang='lat' dir='ltr'><strong>tica</strong></span> <span class='ocrx_word' id='word_1_115' title='bbox 857 1626 987 1665; x_wconf 89' lang='lat' dir='ltr'><strong>voce</strong></span> <span class='ocrx_word' id='word_1_116' title='bbox 1015 1611 1069 1664; x_wconf 90' lang='lat' dir='ltr'><strong>in</strong></span> <span class='ocrx_word' id='word_1_117' title='bbox 1099 1610 1272 1677; x_wconf 87' lang='lat' dir='ltr'><strong>capite</strong></span> <span class='ocrx_word' id='word_1_118' title='bbox 1317 1607 1434 1661; x_wconf 88' lang='lat' dir='ltr'><strong>libri</strong></span> <span class='ocrx_word' id='word_1_119' title='bbox 1471 1605 1800 1676; x_wconf 90' lang='lat' dir='ltr'><strong>propositum</strong></span> <span class='ocrx_word' id='word_1_120' title='bbox 1841 1614 2271 1671; x_wconf 76' lang='lat' dir='ltr'><strong>expressumque</strong></span> 
     </span>
    </p>
   </div>
   <div class='ocr_carea' id='block_1_16' title="bbox 726 1691 2256 1769">
    <p class='ocr_par' dir='ltr' id='par_1_16' title="bbox 726 1691 2256 1769">
     <span class='ocr_line' id='line_1_16' title="bbox 726 1691 2256 1769; baseline -0.012 -12"><span class='ocrx_word' id='word_1_121' title='bbox 726 1703 816 1758; x_wconf 91' lang='lat' dir='ltr'><strong>sit.</strong></span> <span class='ocrx_word' id='word_1_122' title='bbox 833 1701 966 1755; x_wconf 85' lang='lat' dir='ltr'><strong>Cum</strong></span> <span class='ocrx_word' id='word_1_123' title='bbox 992 1715 1118 1769; x_wconf 88' lang='lat' dir='ltr'><strong>ergo</strong></span> <span class='ocrx_word' id='word_1_124' title='bbox 1140 1700 1299 1767; x_wconf 89' lang='lat' dir='ltr'><strong>hujus</strong></span> <span class='ocrx_word' id='word_1_125' title='bbox 1330 1697 1578 1752; x_wconf 87' lang='lat' dir='ltr'><strong>sacriﬁcii</strong></span> <span class='ocrx_word' id='word_1_126' title='bbox 1603 1693 1912 1748; x_wconf 86' lang='lat' dir='ltr'><strong>memoriam</strong></span> <span class='ocrx_word' id='word_1_127' title='bbox 1943 1691 2108 1760; x_wconf 88' lang='lat' dir='ltr'><strong>signis</strong></span> <span class='ocrx_word' id='word_1_128' title='bbox 2137 1691 2256 1759; x_wconf 80' lang='lat' dir='ltr'><strong>qui.-</strong></span> 
     </span>
    </p>
   </div>
   <div class='ocr_carea' id='block_1_17' title="bbox 725 1780 2266 1850">
    <p class='ocr_par' dir='ltr' id='par_1_17' title="bbox 725 1780 2266 1850">
     <span class='ocr_line' id='line_1_17' title="bbox 725 1780 2266 1850; baseline -0.01 -4"><span class='ocrx_word' id='word_1_129' title='bbox 725 1792 950 1846; x_wconf 72' lang='lat' dir='ltr'><strong>busdam</strong></span> <span class='ocrx_word' id='word_1_130' title='bbox 990 1791 1043 1843; x_wconf 91' lang='lat' dir='ltr'><strong>in</strong></span> <span class='ocrx_word' id='word_1_131' title='bbox 1089 1803 1273 1843; x_wconf 89' lang='lat' dir='ltr'><strong>mensa</strong></span> <span class='ocrx_word' id='word_1_132' title='bbox 1305 1787 1698 1846; x_wconf 88' lang='lat' dir='ltr'><strong>celebrandam,</strong></span> <span class='ocrx_word' id='word_1_133' title='bbox 1741 1782 2089 1850; x_wconf 87' lang='lat' dir='ltr'><strong>corporisque</strong></span> <span class='ocrx_word' id='word_1_134' title='bbox 2130 1780 2266 1831; x_wconf 86' lang='lat' dir='ltr'><strong>item</strong></span> 
     </span>
    </p>
   </div>
   <div class='ocr_carea' id='block_1_18' title="bbox 2341 597 3609 685">
    <p class='ocr_par' dir='ltr' id='par_1_18' title="bbox 2341 597 3609 685">
     <span class='ocr_line' id='line_1_18' title="bbox 2341 597 3609 685; baseline -0.017 -16"><span class='ocrx_word' id='word_1_135' title='bbox 2341 617 2571 685; x_wconf 81' lang='grc' dir='ltr'>θύματα,</span> <span class='ocrx_word' id='word_1_136' title='bbox 2596 612 2662 665; x_wconf 81' lang='grc' dir='ltr'><strong>δι’</strong></span> <span class='ocrx_word' id='word_1_137' title='bbox 2693 603 2764 662; x_wconf 84' lang='grc' dir='ltr'>ὧν</span> <span class='ocrx_word' id='word_1_138' title='bbox 2793 606 3217 676; x_wconf 77' lang='grc' dir='ltr'><strong>καλλιεροῦντες,</strong></span> <span class='ocrx_word' id='word_1_139' title='bbox 3245 602 3335 662; x_wconf 83' lang='grc' dir='ltr'>τὰς</span> <span class='ocrx_word' id='word_1_140' title='bbox 3357 597 3552 666; x_wconf 77' lang='grc' dir='ltr'>ἀναίμους</span> <span class='ocrx_word' id='word_1_141' title='bbox 3582 614 3609 648; x_wconf 81' lang='grc' dir='ltr'><em>κ</em></span> 
     </span>
    </p>
   </div>
   <div class='ocr_carea' id='block_1_19' title="bbox 2341 686 3610 775">
    <p class='ocr_par' dir='ltr' id='par_1_19' title="bbox 2341 686 3610 775">
     <span class='ocr_line' id='line_1_19' title="bbox 2341 686 3610 775; baseline -0.005 -22"><span class='ocrx_word' id='word_1_142' title='bbox 2341 706 2499 775; x_wconf 79' lang='grc' dir='ltr'>γικὰς</span> <span class='ocrx_word' id='word_1_143' title='bbox 2552 702 2695 770; x_wconf 79' lang='grc' dir='ltr'>αὐτῷ</span> <span class='ocrx_word' id='word_1_144' title='bbox 2721 717 2778 752; x_wconf 87' lang='grc' dir='ltr'><strong>τε</strong></span> <span class='ocrx_word' id='word_1_145' title='bbox 2807 697 3085 768; x_wconf 83' lang='grc' dir='ltr'><strong>προσηνεῖς</strong></span> <span class='ocrx_word' id='word_1_146' title='bbox 3112 693 3299 752; x_wconf 84' lang='grc' dir='ltr'>θυσίας</span> <span class='ocrx_word' id='word_1_147' title='bbox 3321 687 3395 741; x_wconf 80' lang='grc' dir='ltr'><strong>διὰ</strong></span> <span class='ocrx_word' id='word_1_148' title='bbox 3414 688 3563 747; x_wconf 69' lang='grc' dir='ltr'>παντὸς</span> <span class='ocrx_word' id='word_1_149' title='bbox 3580 686 3610 753; x_wconf 72' lang='grc' dir='ltr'><strong>β’</strong></span> 
     </span>
    </p>
   </div>
   <div class='ocr_carea' id='block_1_20' title="bbox 2343 773 3610 856">
    <p class='ocr_par' dir='ltr' id='par_1_20' title="bbox 2343 773 3610 856">
     <span class='ocr_line' id='line_1_20' title="bbox 2343 773 3610 856; baseline -0.017 -11"><span class='ocrx_word' id='word_1_150' title='bbox 2343 793 2434 845; x_wconf 71' lang='grc' dir='ltr'>ἐπὶ</span> <span class='ocrx_word' id='word_1_151' title='bbox 2464 791 2671 843; x_wconf 81' lang='grc' dir='ltr'>πάντων</span> <span class='ocrx_word' id='word_1_152' title='bbox 2704 785 3017 856; x_wconf 54' lang='grc' dir='ltr'>προσφέρειν</span> <span class='ocrx_word' id='word_1_153' title='bbox 3041 779 3162 849; x_wconf 79' lang='grc' dir='ltr'>Θεῷ</span> <span class='ocrx_word' id='word_1_154' title='bbox 3199 777 3282 830; x_wconf 76' lang='grc' dir='ltr'>διὰ</span> <span class='ocrx_word' id='word_1_155' title='bbox 3311 775 3388 827; x_wconf 87' lang='grc' dir='ltr'><strong>τοῦ</strong></span> <span class='ocrx_word' id='word_1_156' title='bbox 3413 773 3610 826; x_wconf 80' lang='grc' dir='ltr'>πάντωνά</span> 
     </span>
    </p>
   </div>
   <div class='ocr_carea' id='block_1_21' title="bbox 2345 862 3610 949">
    <p class='ocr_par' dir='ltr' id='par_1_21' title="bbox 2345 862 3610 949">
     <span class='ocr_line' id='line_1_21' title="bbox 2345 862 3610 949; baseline -0.017 -16"><span class='ocrx_word' id='word_1_157' title='bbox 2345 898 2436 933; x_wconf 85' lang='grc' dir='ltr'><strong>του</strong></span> <span class='ocrx_word' id='word_1_158' title='bbox 2466 877 2756 949; x_wconf 77' lang='grc' dir='ltr'><strong>ἀρχιερέως</strong></span> <span class='ocrx_word' id='word_1_159' title='bbox 2775 873 2936 928; x_wconf 80' lang='grc' dir='ltr'>αὑτοῦ</span> <span class='ocrx_word' id='word_1_160' title='bbox 2961 868 3324 938; x_wconf 84' lang='grc' dir='ltr'>δεδιδὰγμεθα.</span> <span class='ocrx_word' id='word_1_161' title='bbox 3350 862 3548 915; x_wconf 73' lang='grc' dir='ltr'>Τοῦτοδὲ</span> <span class='ocrx_word' id='word_1_162' title='bbox 3571 862 3610 912; x_wconf 68' lang='lat' dir='ltr'><strong>ai</strong></span> 
     </span>
    </p>
   </div>
   <div class='ocr_carea' id='block_1_22' title="bbox 2362 948 3610 1033">
    <p class='ocr_par' dir='ltr' id='par_1_22' title="bbox 2362 948 3610 1033">
     <span class='ocr_line' id='line_1_22' title="bbox 2362 948 3610 1033; baseline -0.018 -11"><span class='ocrx_word' id='word_1_163' title='bbox 2362 948 2580 1029; x_wconf 68' lang='grc' dir='ltr'>Ἡσαΐας</span> <span class='ocrx_word' id='word_1_164' title='bbox 2628 968 2654 1018; x_wconf 88' lang='grc' dir='ltr'>ὁ</span> <span class='ocrx_word' id='word_1_165' title='bbox 2717 965 2883 1033; x_wconf 80' lang='grc' dir='ltr'>μέγας</span> <span class='ocrx_word' id='word_1_166' title='bbox 2932 961 3216 1030; x_wconf 79' lang='grc' dir='ltr'><strong>προφήτης</strong></span> <span class='ocrx_word' id='word_1_167' title='bbox 3272 949 3535 1023; x_wconf 80' lang='grc' dir='ltr'>θαυμαστῶς</span> <span class='ocrx_word' id='word_1_168' title='bbox 3566 948 3610 1017; x_wconf 67' lang='grc' dir='ltr'>τι]</span> 
     </span>
    </p>
   </div>
   <div class='ocr_carea' id='block_1_23' title="bbox 2350 1038 3609 1125">
    <p class='ocr_par' dir='ltr' id='par_1_23' title="bbox 2350 1038 3609 1125">
     <span class='ocr_line' id='line_1_23' title="bbox 2350 1038 3609 1125; baseline -0.017 -14"><span class='ocrx_word' id='word_1_169' title='bbox 2350 1057 2617 1125; x_wconf 84' lang='grc' dir='ltr'>Πνεύματι</span> <span class='ocrx_word' id='word_1_170' title='bbox 2648 1054 2889 1124; x_wconf 75' lang='grc' dir='ltr'><strong>προέγνω</strong></span> <span class='ocrx_word' id='word_1_171' title='bbox 2915 1066 2973 1102; x_wconf 89' lang='grc' dir='ltr'><strong>τε</strong></span> <span class='ocrx_word' id='word_1_172' title='bbox 3014 1048 3107 1102; x_wconf 73' lang='grc' dir='ltr'><strong>καὶ</strong></span> <span class='ocrx_word' id='word_1_173' title='bbox 3161 1039 3538 1114; x_wconf 74' lang='grc' dir='ltr'>προανεφώνησε.</span> 
     </span>
    </p>
   </div>
   <div class='ocr_carea' id='block_1_24' title="bbox 2348 1123 3610 1209">
    <p class='ocr_par' dir='ltr' id='par_1_24' title="bbox 2348 1123 3610 1209">
     <span class='ocr_line' id='line_1_24' title="bbox 2348 1123 3610 1209; baseline -0.018 -9"><span class='ocrx_word' id='word_1_174' title='bbox 2348 1144 2437 1200; x_wconf 83' lang='grc' dir='ltr'><strong>οῦν</strong></span> <span class='ocrx_word' id='word_1_175' title='bbox 2466 1141 2563 1199; x_wconf 80' lang='grc' dir='ltr'>ὧδε</span> <span class='ocrx_word' id='word_1_176' title='bbox 2591 1145 2682 1196; x_wconf 77' lang='grc' dir='ltr'><strong>καὶ</strong></span> <span class='ocrx_word' id='word_1_177' title='bbox 2720 1142 2898 1204; x_wconf 82' lang='grc' dir='ltr'>αὐτός·</span> <span class='ocrx_word' id='word_1_178' title='bbox 2939 1159 2957 1191; x_wconf 78' lang='grc' dir='ltr'>ι</span> <span class='ocrx_word' id='word_1_179' title='bbox 2990 1139 3163 1209; x_wconf 80' lang='grc' dir='ltr'>Κύριε</span> <span class='ocrx_word' id='word_1_180' title='bbox 3194 1137 3222 1188; x_wconf 87' lang='grc' dir='ltr'>ὁ</span> <span class='ocrx_word' id='word_1_181' title='bbox 3245 1132 3360 1193; x_wconf 71' lang='lat' dir='ltr'><strong>Sed;</strong></span> <span class='ocrx_word' id='word_1_182' title='bbox 3391 1145 3490 1199; x_wconf 84' lang='grc' dir='ltr'>μου,</span> <span class='ocrx_word' id='word_1_183' title='bbox 3524 1123 3610 1188; x_wconf 76' lang='grc' dir='ltr'><strong>δοξά</strong></span> 
     </span>
    </p>
   </div>
   <div class='ocr_carea' id='block_1_25' title="bbox 2352 1219 3608 1306">
    <p class='ocr_par' dir='ltr' id='par_1_25' title="bbox 2352 1219 3608 1306">
     <span class='ocr_line' id='line_1_25' title="bbox 2352 1219 3608 1306; baseline -0.018 -17"><span class='ocrx_word' id='word_1_184' title='bbox 2352 1238 2570 1306; x_wconf 74' lang='grc' dir='ltr'>ὑμνήσω</span> <span class='ocrx_word' id='word_1_185' title='bbox 2591 1234 2652 1286; x_wconf 82' lang='grc' dir='ltr'>τὸ</span> <span class='ocrx_word' id='word_1_186' title='bbox 2674 1234 2838 1301; x_wconf 76' lang='grc' dir='ltr'>ὄνομά</span> <span class='ocrx_word' id='word_1_187' title='bbox 2872 1248 2985 1292; x_wconf 91' lang='grc' dir='ltr'>σου,</span> <span class='ocrx_word' id='word_1_188' title='bbox 3011 1231 3109 1281; x_wconf 84' lang='grc' dir='ltr'><strong>ὅτι.</strong></span> <span class='ocrx_word' id='word_1_189' title='bbox 3128 1224 3372 1292; x_wconf 75' lang='grc' dir='ltr'>ἐποίησας</span> <span class='ocrx_word' id='word_1_190' title='bbox 3416 1219 3608 1286; x_wconf 79' lang='grc' dir='ltr'>θαυμαστ</span> 
     </span>
    </p>
   </div>
   <div class='ocr_carea' id='block_1_26' title="bbox 2351 1306 3610 1397">
    <p class='ocr_par' dir='ltr' id='par_1_26' title="bbox 2351 1306 3610 1397">
     <span class='ocr_line' id='line_1_26' title="bbox 2351 1306 3610 1397; baseline -0.018 -18"><span class='ocrx_word' id='word_1_191' title='bbox 2351 1343 2553 1397; x_wconf 86' lang='grc' dir='ltr'>γματα.</span> <span class='ocrx_word' id='word_1_192' title='bbox 2589 1344 2606 1375; x_wconf 71' lang='grc' dir='ltr'>ι</span> <span class='ocrx_word' id='word_1_193' title='bbox 2635 1324 2741 1376; x_wconf 72' lang='grc' dir='ltr'>Καὶ</span> <span class='ocrx_word' id='word_1_194' title='bbox 2766 1322 2882 1373; x_wconf 91' lang='grc' dir='ltr'>τίνα</span> <span class='ocrx_word' id='word_1_195' title='bbox 2921 1318 3095 1372; x_wconf 82' lang='grc' dir='ltr'>ταῦτα</span> <span class='ocrx_word' id='word_1_196' title='bbox 3116 1317 3191 1377; x_wconf 85' lang='grc' dir='ltr'>ὼς</span> <span class='ocrx_word' id='word_1_197' title='bbox 3221 1308 3415 1380; x_wconf 83' lang='grc' dir='ltr'>ἀληθῶς</span> <span class='ocrx_word' id='word_1_198' title='bbox 3439 1306 3610 1374; x_wconf 78' lang='grc' dir='ltr'>θανμάσ</span> 
     </span>
    </p>
   </div>
   <div class='ocr_carea' id='block_1_27' title="bbox 2354 1394 3610 1483">
    <p class='ocr_par' dir='ltr' id='par_1_27' title="bbox 2354 1394 3610 1483">
     <span class='ocr_line' id='line_1_27' title="bbox 2354 1394 3610 1483; baseline -0.018 -15"><span class='ocrx_word' id='word_1_199' title='bbox 2354 1417 2530 1483; x_wconf 80' lang='grc' dir='ltr'><strong>σαφεῖ,</strong></span> <span class='ocrx_word' id='word_1_200' title='bbox 2574 1412 2741 1479; x_wconf 81' lang='grc' dir='ltr'>λέγων</span> <span class='ocrx_word' id='word_1_201' title='bbox 2775 1410 2926 1480; x_wconf 76' lang='grc' dir='ltr'>ἑξῆς·</span> <span class='ocrx_word' id='word_1_202' title='bbox 2968 1428 2985 1459; x_wconf 80' lang='grc' dir='ltr'>ι</span> <span class='ocrx_word' id='word_1_203' title='bbox 3017 1406 3235 1475; x_wconf 86' lang='grc' dir='ltr'>Ποιήσει</span> <span class='ocrx_word' id='word_1_204' title='bbox 3273 1399 3453 1469; x_wconf 82' lang='grc' dir='ltr'>Κύριος</span> <span class='ocrx_word' id='word_1_205' title='bbox 3477 1394 3610 1449; x_wconf 72' lang='grc' dir='ltr'>Σαὸαί</span> 
     </span>
    </p>
   </div>
   <div class='ocr_carea' id='block_1_28' title="bbox 2351 1482 3610 1568">
    <p class='ocr_par' dir='ltr' id='par_1_28' title="bbox 2351 1482 3610 1568">
     <span class='ocr_line' id='line_1_28' title="bbox 2351 1482 3610 1568; baseline -0.017 -10"><span class='ocrx_word' id='word_1_206' title='bbox 2351 1509 2461 1568; x_wconf 86' lang='grc' dir='ltr'>τοῖς</span> <span class='ocrx_word' id='word_1_207' title='bbox 2482 1504 2671 1556; x_wconf 75' lang='grc' dir='ltr'>ἔθνεσι·</span> <span class='ocrx_word' id='word_1_208' title='bbox 2708 1502 2914 1554; x_wconf 88' lang='grc' dir='ltr'>πίονται</span> <span class='ocrx_word' id='word_1_209' title='bbox 2944 1494 3298 1566; x_wconf 67' lang='grc' dir='ltr'>εὐφροσύνην,</span> <span class='ocrx_word' id='word_1_210' title='bbox 3343 1490 3526 1541; x_wconf 85' lang='grc' dir='ltr'>πίονται</span> <span class='ocrx_word' id='word_1_211' title='bbox 3551 1482 3610 1537; x_wconf 77' lang='grc' dir='ltr'>οἷν</span> 
     </span>
    </p>
   </div>
   <div class='ocr_carea' id='block_1_29' title="bbox 2356 1576 3610 1663">
    <p class='ocr_par' dir='ltr' id='par_1_29' title="bbox 2356 1576 3610 1663">
     <span class='ocr_line' id='line_1_29' title="bbox 2356 1576 3610 1663; baseline -0.018 -14"><span class='ocrx_word' id='word_1_212' title='bbox 2356 1612 2533 1649; x_wconf 86' lang='grc' dir='ltr'>σονται</span> <span class='ocrx_word' id='word_1_213' title='bbox 2561 1593 2722 1663; x_wconf 86' lang='grc' dir='ltr'>μύρον</span> <span class='ocrx_word' id='word_1_214' title='bbox 2751 1593 2806 1643; x_wconf 84' lang='grc' dir='ltr'>ὲν</span> <span class='ocrx_word' id='word_1_215' title='bbox 2832 1589 2908 1658; x_wconf 84' lang='grc' dir='ltr'><strong>τῷ</strong></span> <span class='ocrx_word' id='word_1_216' title='bbox 2927 1589 3040 1657; x_wconf 75' lang='grc' dir='ltr'>ὄρει</span> <span class='ocrx_word' id='word_1_217' title='bbox 3059 1585 3248 1653; x_wconf 79' lang='grc' dir='ltr'>τούτῳ.</span> <span class='ocrx_word' id='word_1_218' title='bbox 3276 1579 3494 1650; x_wconf 83' lang='grc' dir='ltr'>Παράδος</span> <span class='ocrx_word' id='word_1_219' title='bbox 3511 1576 3610 1629; x_wconf 68' lang='grc' dir='ltr'>ταῦτ</span> 
     </span>
    </p>
   </div>
   <div class='ocr_carea' id='block_1_30' title="bbox 2353 1666 3610 1749">
    <p class='ocr_par' dir='ltr' id='par_1_30' title="bbox 2353 1666 3610 1749">
     <span class='ocr_line' id='line_1_30' title="bbox 2353 1666 3610 1749; baseline -0.017 -11"><span class='ocrx_word' id='word_1_220' title='bbox 2353 1688 2462 1747; x_wconf 86' lang='grc' dir='ltr'>τοῖς</span> <span class='ocrx_word' id='word_1_221' title='bbox 2485 1684 2703 1735; x_wconf 72' lang='grc' dir='ltr'>ἔθνεσιν·</span> <span class='ocrx_word' id='word_1_222' title='bbox 2734 1683 2765 1749; x_wconf 81' lang='grc' dir='ltr'>ἡ</span> <span class='ocrx_word' id='word_1_223' title='bbox 2795 1679 2902 1748; x_wconf 82' lang='grc' dir='ltr'><strong>γὰρ</strong></span> <span class='ocrx_word' id='word_1_224' title='bbox 2933 1677 3095 1746; x_wconf 82' lang='grc' dir='ltr'>βουλὴ</span> <span class='ocrx_word' id='word_1_225' title='bbox 3117 1674 3253 1743; x_wconf 72' lang='grc' dir='ltr'>αὕτη</span> <span class='ocrx_word' id='word_1_226' title='bbox 3285 1673 3374 1724; x_wconf 73' lang='grc' dir='ltr'>ἐπὶ</span> <span class='ocrx_word' id='word_1_227' title='bbox 3398 1669 3546 1721; x_wconf 81' lang='grc' dir='ltr'>πάντα</span> <span class='ocrx_word' id='word_1_228' title='bbox 3562 1666 3610 1717; x_wconf 71' lang='grc' dir='ltr'>τὲ</span> 
     </span>
    </p>
   </div>
   <div class='ocr_carea' id='block_1_31' title="bbox 2356 1759 3601 1840">
    <p class='ocr_par' dir='ltr' id='par_1_31' title="bbox 2356 1759 3601 1840">
     <span class='ocr_line' id='line_1_31' title="bbox 2356 1759 3601 1840; baseline -0.015 -12"><span class='ocrx_word' id='word_1_229' title='bbox 2356 1774 2587 1827; x_wconf 87' lang='grc' dir='ltr'>Τοιαῦτά</span> <span class='ocrx_word' id='word_1_230' title='bbox 2614 1789 2733 1825; x_wconf 85' lang='grc' dir='ltr'>τινα</span> <span class='ocrx_word' id='word_1_231' title='bbox 2756 1767 2821 1840; x_wconf 81' lang='grc' dir='ltr'><strong>ἦν</strong></span> <span class='ocrx_word' id='word_1_232' title='bbox 2861 1769 2953 1822; x_wconf 74' lang='grc' dir='ltr'>καὶ</span> <span class='ocrx_word' id='word_1_233' title='bbox 2983 1766 3053 1819; x_wconf 84' lang='grc' dir='ltr'>τὰ</span> <span class='ocrx_word' id='word_1_234' title='bbox 3101 1765 3318 1817; x_wconf 81' lang='grc' dir='ltr'>Ἡσαΐου</span> <span class='ocrx_word' id='word_1_235' title='bbox 3345 1759 3601 1829; x_wconf 85' lang='grc' dir='ltr'>θαυμάσια,</span> 
     </span>
    </p>
   </div>
   <div class='ocr_carea' id='block_1_32' title="bbox 726 1847 2254 1947">
    <p class='ocr_par' dir='ltr' id='par_1_32' title="bbox 726 1868 2254 1947">
     <span class='ocr_line' id='line_1_32' title="bbox 726 1868 2254 1947; baseline -0.009 -12"><span class='ocrx_word' id='word_1_236' title='bbox 726 1884 891 1946; x_wconf 89' lang='lat' dir='ltr'><strong>illius,</strong></span> <span class='ocrx_word' id='word_1_237' title='bbox 936 1881 1293 1947; x_wconf 88' lang='lat' dir='ltr'><strong>salutarisque</strong></span> <span class='ocrx_word' id='word_1_238' title='bbox 1339 1876 1632 1945; x_wconf 85' lang='lat' dir='ltr'><strong>sanguinis,</strong></span> <span class='ocrx_word' id='word_1_239' title='bbox 1673 1883 1730 1928; x_wconf 92' lang='lat' dir='ltr'><strong>ut</strong></span> <span class='ocrx_word' id='word_1_240' title='bbox 1777 1874 1902 1926; x_wconf 90' lang='lat' dir='ltr'><strong>novi</strong></span> <span class='ocrx_word' id='word_1_241' title='bbox 1933 1868 2254 1925; x_wconf 89' lang='lat' dir='ltr'><strong>Testamenti</strong></span> 
     </span>
    </p>
   </div>
   <div class='ocr_carea' id='block_1_33' title="bbox 2081 1847 3609 1947">
    <p class='ocr_par' dir='ltr' id='par_1_33' title="bbox 2081 1847 3609 1932">
     <span class='ocr_line' id='line_1_33' title="bbox 2081 1847 3609 1932; baseline -0.015 -10"><span class='ocrx_word' id='word_1_242' title='bbox 2081 1868 2257 1922; x_wconf 67' lang='lat' dir='ltr'><strong>umenti</strong></span> <span class='ocrx_word' id='word_1_243' title='bbox 2287 1852 2340 1904; x_wconf 73' lang='grc' dir='ltr'><strong>Β·</strong></span> <span class='ocrx_word' id='word_1_244' title='bbox 2355 1864 2558 1932; x_wconf 81' lang='grc' dir='ltr'>ἀγαθῆς</span> <span class='ocrx_word' id='word_1_245' title='bbox 2580 1863 2672 1915; x_wconf 67' lang='grc' dir='ltr'><strong>καὶ</strong></span> <span class='ocrx_word' id='word_1_246' title='bbox 2702 1860 2881 1930; x_wconf 81' lang='grc' dir='ltr'>μύρων</span> <span class='ocrx_word' id='word_1_247' title='bbox 2909 1858 3103 1927; x_wconf 87' lang='grc' dir='ltr'>χρίσιν,</span> <span class='ocrx_word' id='word_1_248' title='bbox 3130 1856 3192 1906; x_wconf 77' lang='grc' dir='ltr'><strong>οὐ</strong></span> <span class='ocrx_word' id='word_1_249' title='bbox 3222 1852 3298 1922; x_wconf 82' lang='grc' dir='ltr'>τῷ</span> <span class='ocrx_word' id='word_1_250' title='bbox 3341 1849 3552 1921; x_wconf 77' lang='grc' dir='ltr'>Ἰσραὴλ,</span> <span class='ocrx_word' id='word_1_251' title='bbox 3573 1847 3609 1900; x_wconf 70' lang='grc' dir='ltr'><strong>ὰ]</strong></span> 
     </span>
    </p>
   </div>
   <div class='ocr_carea' id='block_1_34' title="bbox 729 1960 2261 2036">
    <p class='ocr_par' dir='ltr' id='par_1_34' title="bbox 729 1960 2261 2036">
     <span class='ocr_line' id='line_1_34' title="bbox 729 1960 2261 2036; baseline -0.008 -11"><span class='ocrx_word' id='word_1_252' title='bbox 729 1973 1035 2029; x_wconf 69' lang='lat' dir='ltr'><strong>institutum</strong></span> <span class='ocrx_word' id='word_1_253' title='bbox 1069 1970 1248 2033; x_wconf 87' lang='lat' dir='ltr'><strong>habet,</strong></span> <span class='ocrx_word' id='word_1_254' title='bbox 1276 1968 1635 2036; x_wconf 87' lang='lat' dir='ltr'><strong>acceperimus</strong></span> <span class='ocrx_word' id='word_1_255' title='bbox 1667 1984 1680 2018; x_wconf 88' lang='lat'><strong>:</strong></span> <span class='ocrx_word' id='word_1_256' title='bbox 1708 1979 1918 2017; x_wconf 86' lang='lat' dir='ltr'><strong>rursum</strong></span> <span class='ocrx_word' id='word_1_257' title='bbox 1947 1977 1975 2014; x_wconf 90' lang='lat' dir='ltr'><strong>a</strong></span> <span class='ocrx_word' id='word_1_258' title='bbox 2004 1960 2261 2030; x_wconf 88' lang='lat' dir='ltr'><strong>propheta</strong></span> 
     </span>
    </p>
   </div>
   <div class='ocr_carea' id='block_1_35' title="bbox 730 2051 2263 2115">
    <p class='ocr_par' dir='ltr' id='par_1_35' title="bbox 730 2051 2263 2115">
     <span class='ocr_line' id='line_1_35' title="bbox 730 2051 2263 2115; baseline -0.007 -3"><span class='ocrx_word' id='word_1_259' title='bbox 730 2059 898 2114; x_wconf 84' lang='lat' dir='ltr'><strong>David</strong></span> <span class='ocrx_word' id='word_1_260' title='bbox 936 2061 1254 2115; x_wconf 87' lang='lat' dir='ltr'><strong>instruimur</strong></span> <span class='ocrx_word' id='word_1_261' title='bbox 1305 2056 1371 2110; x_wconf 88' lang='lat' dir='ltr'><strong>ad</strong></span> <span class='ocrx_word' id='word_1_262' title='bbox 1418 2055 1700 2108; x_wconf 89' lang='lat' dir='ltr'><strong>dicendum</strong></span> <span class='ocrx_word' id='word_1_263' title='bbox 1739 2051 2023 2105; x_wconf 65' lang='lat' dir='ltr'><strong>:cParasti</strong></span> <span class='ocrx_word' id='word_1_264' title='bbox 2054 2051 2106 2103; x_wconf 90' lang='lat' dir='ltr'><strong>in</strong></span> <span class='ocrx_word' id='word_1_265' title='bbox 2131 2064 2263 2102; x_wconf 87' lang='lat' dir='ltr'><strong>con-</strong></span> 
     </span>
    </p>
   </div>
   <div class='ocr_carea' id='block_1_36' title="bbox 732 2140 2257 2219">
    <p class='ocr_par' dir='ltr' id='par_1_36' title="bbox 732 2140 2257 2219">
     <span class='ocr_line' id='line_1_36' title="bbox 732 2140 2257 2219; baseline -0.007 -17"><span class='ocrx_word' id='word_1_266' title='bbox 732 2160 920 2219; x_wconf 84' lang='lat' dir='ltr'><strong>spectu</strong></span> <span class='ocrx_word' id='word_1_267' title='bbox 969 2164 1087 2204; x_wconf 89' lang='lat' dir='ltr'><strong>meo</strong></span> <span class='ocrx_word' id='word_1_268' title='bbox 1131 2162 1367 2202; x_wconf 89' lang='lat' dir='ltr'><strong>mensam</strong></span> <span class='ocrx_word' id='word_1_269' title='bbox 1418 2153 1606 2200; x_wconf 85' lang='lat' dir='ltr'><strong>contra</strong></span> <span class='ocrx_word' id='word_1_270' title='bbox 1644 2159 1736 2197; x_wconf 91' lang='lat' dir='ltr'><strong>eos</strong></span> <span class='ocrx_word' id='word_1_271' title='bbox 1760 2143 1849 2211; x_wconf 92' lang='lat' dir='ltr'><strong>qui</strong></span> <span class='ocrx_word' id='word_1_272' title='bbox 1879 2140 2114 2208; x_wconf 83' lang='lat' dir='ltr'><strong>aﬂligunt</strong></span> <span class='ocrx_word' id='word_1_273' title='bbox 2155 2154 2257 2192; x_wconf 89' lang='lat' dir='ltr'><strong>me.</strong></span> 
     </span>
    </p>
   </div>
   <div class='ocr_carea' id='block_1_37' title="bbox 731 2230 2261 2311">
    <p class='ocr_par' dir='ltr' id='par_1_37' title="bbox 731 2230 2261 2311">
     <span class='ocr_line' id='line_1_37' title="bbox 731 2230 2261 2311; baseline -0.008 -18"><span class='ocrx_word' id='word_1_274' title='bbox 731 2240 932 2311; x_wconf 82' lang='lat' dir='ltr'><strong>Pingue</strong></span> <span class='ocrx_word' id='word_1_275' title='bbox 955 2239 1125 2296; x_wconf 80' lang='lat' dir='ltr'><strong>fecisti</strong></span> <span class='ocrx_word' id='word_1_276' title='bbox 1176 2239 1230 2292; x_wconf 91' lang='lat' dir='ltr'><strong>in</strong></span> <span class='ocrx_word' id='word_1_277' title='bbox 1277 2239 1394 2292; x_wconf 89' lang='lat' dir='ltr'><strong>oleo</strong></span> <span class='ocrx_word' id='word_1_278' title='bbox 1440 2241 1600 2302; x_wconf 87' lang='lat' dir='ltr'><strong>caput</strong></span> <span class='ocrx_word' id='word_1_279' title='bbox 1639 2248 1836 2294; x_wconf 90' lang='lat' dir='ltr'><strong>meum,</strong></span> <span class='ocrx_word' id='word_1_280' title='bbox 1869 2238 1921 2285; x_wconf 88' lang='lat' dir='ltr'><strong>et</strong></span> <span class='ocrx_word' id='word_1_281' title='bbox 1959 2230 2095 2282; x_wconf 75' lang='lat' dir='ltr'><strong>calix</strong></span> <span class='ocrx_word' id='word_1_282' title='bbox 2137 2237 2261 2281; x_wconf 89' lang='lat' dir='ltr'><strong>tuus</strong></span> 
     </span>
    </p>
   </div>
   <div class='ocr_carea' id='block_1_38' title="bbox 733 2317 2263 2397">
    <p class='ocr_par' dir='ltr' id='par_1_38' title="bbox 733 2317 2263 2397">
     <span class='ocr_line' id='line_1_38' title="bbox 733 2317 2263 2397; baseline -0.01 -14"><span class='ocrx_word' id='word_1_283' title='bbox 733 2329 1009 2384; x_wconf 90' lang='lat' dir='ltr'><strong>inebrians</strong></span> <span class='ocrx_word' id='word_1_284' title='bbox 1043 2343 1200 2397; x_wconf 87' lang='lat' dir='ltr'><strong>quam</strong></span> <span class='ocrx_word' id='word_1_285' title='bbox 1239 2324 1715 2396; x_wconf 66' lang='lat' dir='ltr'><strong>praestantissimus</strong></span> <span class='ocrx_word' id='word_1_286' title='bbox 1730 2321 1793 2372; x_wconf 85' lang='grc'><strong>³³.</strong></span> <span class='ocrx_word' id='word_1_287' title='bbox 1827 2339 1846 2371; x_wconf 73' lang='grc' dir='ltr'>ι</span> <span class='ocrx_word' id='word_1_288' title='bbox 1881 2318 2059 2371; x_wconf 88' lang='lat' dir='ltr'><strong>Palam</strong></span> <span class='ocrx_word' id='word_1_289' title='bbox 2103 2317 2263 2385; x_wconf 82' lang='lat' dir='ltr'><strong>igitur</strong></span> 
     </span>
    </p>
   </div>
   <div class='ocr_carea' id='block_1_39' title="bbox 734 2408 2263 2488">
    <p class='ocr_par' dir='ltr' id='par_1_39' title="bbox 734 2408 2263 2488">
     <span class='ocr_line' id='line_1_39' title="bbox 734 2408 2263 2488; baseline -0.009 -17"><span class='ocrx_word' id='word_1_290' title='bbox 734 2420 789 2471; x_wconf 91' lang='lat' dir='ltr'><strong>in</strong></span> <span class='ocrx_word' id='word_1_291' title='bbox 819 2419 901 2473; x_wconf 89' lang='lat' dir='ltr'><strong>his</strong></span> <span class='ocrx_word' id='word_1_292' title='bbox 932 2419 1205 2488; x_wconf 89' lang='lat' dir='ltr'><strong>mysticam</strong></span> <span class='ocrx_word' id='word_1_293' title='bbox 1246 2415 1508 2485; x_wconf 89' lang='lat' dir='ltr'><strong>signiﬁcat</strong></span> <span class='ocrx_word' id='word_1_294' title='bbox 1536 2413 1862 2471; x_wconf 82' lang='lat' dir='ltr'><strong>unctionem,</strong></span> <span class='ocrx_word' id='word_1_295' title='bbox 1892 2417 1943 2461; x_wconf 91' lang='lat' dir='ltr'><strong>et</strong></span> <span class='ocrx_word' id='word_1_296' title='bbox 1988 2408 2263 2460; x_wconf 85' lang='lat' dir='ltr'><strong>horrorem</strong></span> 
     </span>
    </p>
   </div>
   <div class='ocr_carea' id='block_1_40' title="bbox 734 2498 2264 2565">
    <p class='ocr_par' dir='ltr' id='par_1_40' title="bbox 734 2498 2264 2565">
     <span class='ocr_line' id='line_1_40' title="bbox 734 2498 2264 2565; baseline -0.011 -7"><span class='ocrx_word' id='word_1_297' title='bbox 734 2505 1007 2558; x_wconf 78' lang='lat' dir='ltr'><strong>aﬁ‘erentia</strong></span> <span class='ocrx_word' id='word_1_298' title='bbox 1039 2519 1235 2557; x_wconf 75' lang='lat' dir='ltr'><strong>mensae</strong></span> <span class='ocrx_word' id='word_1_299' title='bbox 1256 2503 1453 2556; x_wconf 85' lang='lat' dir='ltr'><strong>Christi</strong></span> <span class='ocrx_word' id='word_1_300' title='bbox 1485 2499 1769 2561; x_wconf 88' lang='lat' dir='ltr'><strong>sacriﬁcia,</strong></span> <span class='ocrx_word' id='word_1_301' title='bbox 1802 2498 1994 2565; x_wconf 85' lang='lat' dir='ltr'><strong>quibus</strong></span> <span class='ocrx_word' id='word_1_302' title='bbox 2041 2510 2264 2562; x_wconf 46' lang='lat' dir='ltr'><strong>operari,</strong></span> 
     </span>
    </p>
   </div>
   <div class='ocr_carea' id='block_1_41' title="bbox 734 2585 2262 2657">
    <p class='ocr_par' dir='ltr' id='par_1_41' title="bbox 734 2585 2262 2657">
     <span class='ocr_line' id='line_1_41' title="bbox 734 2585 2262 2657; baseline -0.007 -11"><span class='ocrx_word' id='word_1_303' title='bbox 734 2602 840 2657; x_wconf 86' lang='lat' dir='ltr'><strong>tes,</strong></span> <span class='ocrx_word' id='word_1_304' title='bbox 872 2592 1177 2645; x_wconf 89' lang='lat' dir='ltr'><strong>incruentas</strong></span> <span class='ocrx_word' id='word_1_305' title='bbox 1204 2598 1257 2644; x_wconf 92' lang='lat' dir='ltr'><strong>et</strong></span> <span class='ocrx_word' id='word_1_306' title='bbox 1289 2589 1574 2643; x_wconf 87' lang='lat' dir='ltr'><strong>rationales</strong></span> <span class='ocrx_word' id='word_1_307' title='bbox 1605 2587 1757 2655; x_wconf 89' lang='lat' dir='ltr'><strong>eique</strong></span> <span class='ocrx_word' id='word_1_308' title='bbox 1789 2600 1978 2639; x_wconf 86' lang='lat' dir='ltr'><strong>suaves</strong></span> <span class='ocrx_word' id='word_1_309' title='bbox 2002 2585 2262 2644; x_wconf 84' lang='lat' dir='ltr'><strong>victimas,</strong></span> 
     </span>
    </p>
   </div>
   <div class='ocr_carea' id='block_1_42' title="bbox 735 2671 2270 2747">
    <p class='ocr_par' dir='ltr' id='par_1_42' title="bbox 735 2671 2270 2747">
     <span class='ocr_line' id='line_1_42' title="bbox 735 2671 2270 2747; baseline -0.007 -13"><span class='ocrx_word' id='word_1_310' title='bbox 735 2683 793 2736; x_wconf 84' lang='lat' dir='ltr'><strong>in</strong></span> <span class='ocrx_word' id='word_1_311' title='bbox 840 2688 948 2734; x_wconf 87' lang='lat' dir='ltr'><strong>tota</strong></span> <span class='ocrx_word' id='word_1_312' title='bbox 985 2681 1089 2733; x_wconf 88' lang='lat' dir='ltr'><strong>vita</strong></span> <span class='ocrx_word' id='word_1_313' title='bbox 1124 2693 1373 2747; x_wconf 88' lang='lat' dir='ltr'><strong>supremo</strong></span> <span class='ocrx_word' id='word_1_314' title='bbox 1417 2677 1523 2731; x_wconf 89' lang='lat' dir='ltr'><strong>Deo</strong></span> <span class='ocrx_word' id='word_1_315' title='bbox 1566 2675 1777 2735; x_wconf 69' lang='lat' dir='ltr'><strong>offerre,</strong></span> <span class='ocrx_word' id='word_1_316' title='bbox 1819 2687 1913 2741; x_wconf 89' lang='lat' dir='ltr'><strong>per</strong></span> <span class='ocrx_word' id='word_1_317' title='bbox 1956 2671 2270 2724; x_wconf 87' lang='lat' dir='ltr'><strong>eminentis-</strong></span> 
     </span>
    </p>
   </div>
   <div class='ocr_carea' id='block_1_43' title="bbox 738 2759 2262 2833">
    <p class='ocr_par' dir='ltr' id='par_1_43' title="bbox 738 2759 2262 2833">
     <span class='ocr_line' id='line_1_43' title="bbox 738 2759 2262 2833; baseline -0.01 -9"><span class='ocrx_word' id='word_1_318' title='bbox 738 2770 929 2824; x_wconf 87' lang='lat' dir='ltr'><strong>simum</strong></span> <span class='ocrx_word' id='word_1_319' title='bbox 984 2768 1222 2821; x_wconf 90' lang='lat' dir='ltr'><strong>omnium</strong></span> <span class='ocrx_word' id='word_1_320' title='bbox 1276 2767 1443 2833; x_wconf 87' lang='lat' dir='ltr'><strong>ipsius</strong></span> <span class='ocrx_word' id='word_1_321' title='bbox 1497 2759 2018 2833; x_wconf 87' lang='lat' dir='ltr'><strong>pontiﬁcem,edocti</strong></span> <span class='ocrx_word' id='word_1_322' title='bbox 2058 2774 2262 2812; x_wconf 90' lang='lat' dir='ltr'><strong>sumus.</strong></span> 
     </span>
    </p>
   </div>
   <div class='ocr_carea' id='block_1_44' title="bbox 741 2846 2265 2922">
    <p class='ocr_par' dir='ltr' id='par_1_44' title="bbox 741 2846 2265 2922">
     <span class='ocr_line' id='line_1_44' title="bbox 741 2846 2265 2922; baseline -0.007 -14"><span class='ocrx_word' id='word_1_323' title='bbox 741 2855 850 2908; x_wconf 83' lang='lat' dir='ltr'><strong>Hoc</strong></span> <span class='ocrx_word' id='word_1_324' title='bbox 885 2856 1056 2922; x_wconf 87' lang='lat' dir='ltr'><strong>ipsmn</strong></span> <span class='ocrx_word' id='word_1_325' title='bbox 1090 2868 1313 2920; x_wconf 87' lang='lat' dir='ltr'><strong>magnus</strong></span> <span class='ocrx_word' id='word_1_326' title='bbox 1335 2866 1549 2920; x_wconf 86' lang='lat' dir='ltr'><strong>quoque</strong></span> <span class='ocrx_word' id='word_1_327' title='bbox 1577 2849 1829 2916; x_wconf 84' lang='lat' dir='ltr'><strong>propheta</strong></span> <span class='ocrx_word' id='word_1_328' title='bbox 1859 2846 2022 2899; x_wconf 86' lang='lat' dir='ltr'><strong>Isaias</strong></span> <span class='ocrx_word' id='word_1_329' title='bbox 2049 2846 2265 2898; x_wconf 87' lang='lat' dir='ltr'><strong>mirabi-</strong></span> 
     </span>
    </p>
   </div>
   <div class='ocr_carea' id='block_1_45' title="bbox 739 2939 2266 3010">
    <p class='ocr_par' dir='ltr' id='par_1_45' title="bbox 739 2939 2266 3010">
     <span class='ocr_line' id='line_1_45' title="bbox 739 2939 2266 3010; baseline -0.006 -14"><span class='ocrx_word' id='word_1_330' title='bbox 739 2943 862 2996; x_wconf 89' lang='lat' dir='ltr'><strong>liter</strong></span> <span class='ocrx_word' id='word_1_331' title='bbox 889 2943 1069 2996; x_wconf 90' lang='lat' dir='ltr'><strong>divino</strong></span> <span class='ocrx_word' id='word_1_332' title='bbox 1106 2940 1304 3010; x_wconf 87' lang='lat' dir='ltr'><strong>Spiritu</strong></span> <span class='ocrx_word' id='word_1_333' title='bbox 1332 2940 1598 2993; x_wconf 86' lang='lat' dir='ltr'><strong>indicante</strong></span> <span class='ocrx_word' id='word_1_334' title='bbox 1618 2939 1870 3008; x_wconf 85' lang='lat' dir='ltr'><strong>providit,</strong></span> <span class='ocrx_word' id='word_1_335' title='bbox 1900 2943 1951 2990; x_wconf 90' lang='lat' dir='ltr'><strong>et</strong></span> <span class='ocrx_word' id='word_1_336' title='bbox 1984 2946 2266 3002; x_wconf 77' lang='lat' dir='ltr'><strong>antequam</strong></span> 
     </span>
    </p>
   </div>
   <div class='ocr_carea' id='block_1_46' title="bbox 739 3022 2267 3101">
    <p class='ocr_par' dir='ltr' id='par_1_46' title="bbox 739 3022 2267 3101">
     <span class='ocr_line' id='line_1_46' title="bbox 739 3022 2267 3101; baseline -0.006 -14"><span class='ocrx_word' id='word_1_337' title='bbox 739 3034 889 3087; x_wconf 86' lang='lat' dir='ltr'><strong>ﬁeret</strong></span> <span class='ocrx_word' id='word_1_338' title='bbox 938 3033 1280 3101; x_wconf 64' lang='lat' dir='ltr'><strong>praedicavit;</strong></span> <span class='ocrx_word' id='word_1_339' title='bbox 1310 3030 1438 3084; x_wconf 91' lang='lat' dir='ltr'><strong>dicit</strong></span> <span class='ocrx_word' id='word_1_340' title='bbox 1466 3029 1626 3098; x_wconf 87' lang='lat' dir='ltr'><strong>igitur</strong></span> <span class='ocrx_word' id='word_1_341' title='bbox 1657 3029 1733 3082; x_wconf 88' lang='lat' dir='ltr'><strong>sic</strong></span> <span class='ocrx_word' id='word_1_342' title='bbox 1765 3047 1780 3081; x_wconf 87' lang='lat'><strong>:</strong></span> <span class='ocrx_word' id='word_1_343' title='bbox 1820 3045 1837 3076; x_wconf 79' lang='grc' dir='ltr'>ι</span> <span class='ocrx_word' id='word_1_344' title='bbox 1881 3025 2097 3079; x_wconf 88' lang='lat' dir='ltr'><strong>Domine</strong></span> <span class='ocrx_word' id='word_1_345' title='bbox 2128 3022 2267 3078; x_wconf 75' lang='lat' dir='ltr'><strong>Deus</strong></span> 
     </span>
    </p>
   </div>
   <div class='ocr_carea' id='block_1_47' title="bbox 740 3116 2269 3187">
    <p class='ocr_par' dir='ltr' id='par_1_47' title="bbox 740 3116 2269 3187">
     <span class='ocr_line' id='line_1_47' title="bbox 740 3116 2269 3187; baseline -0.007 -14"><span class='ocrx_word' id='word_1_346' title='bbox 740 3135 911 3183; x_wconf 88' lang='lat' dir='ltr'><strong>meus,</strong></span> <span class='ocrx_word' id='word_1_347' title='bbox 954 3119 1261 3187; x_wconf 84' lang='lat' dir='ltr'><strong>gluriﬁcabo</strong></span> <span class='ocrx_word' id='word_1_348' title='bbox 1311 3124 1382 3180; x_wconf 92' lang='lat' dir='ltr'><strong>te,</strong></span> <span class='ocrx_word' id='word_1_349' title='bbox 1431 3116 1656 3168; x_wconf 90' lang='lat' dir='ltr'><strong>laudabo</strong></span> <span class='ocrx_word' id='word_1_350' title='bbox 1698 3130 1889 3179; x_wconf 84' lang='lat' dir='ltr'><strong>nomen</strong></span> <span class='ocrx_word' id='word_1_351' title='bbox 1932 3121 2101 3174; x_wconf 88' lang='lat' dir='ltr'><strong>tuum,</strong></span> <span class='ocrx_word' id='word_1_352' title='bbox 2135 3127 2269 3178; x_wconf 86' lang='lat' dir='ltr'><strong>quo-</strong></span> 
     </span>
    </p>
   </div>
   <div class='ocr_carea' id='block_1_48' title="bbox 691 3204 2267 3274">
    <p class='ocr_par' dir='ltr' id='par_1_48' title="bbox 691 3204 2267 3274">
     <span class='ocr_line' id='line_1_48' title="bbox 691 3204 2267 3274; baseline -0.006 -11"><span class='ocrx_word' id='word_1_353' title='bbox 691 3231 695 3235; x_wconf 61' lang='lat'><strong><em>&#39;</em></strong></span> <span class='ocrx_word' id='word_1_354' title='bbox 740 3211 882 3263; x_wconf 86' lang='lat' dir='ltr'><strong>niam</strong></span> <span class='ocrx_word' id='word_1_355' title='bbox 924 3209 1094 3263; x_wconf 83' lang='lat' dir='ltr'><strong>fecisti</strong></span> <span class='ocrx_word' id='word_1_356' title='bbox 1118 3224 1204 3262; x_wconf 87' lang='lat' dir='ltr'><strong>res</strong></span> <span class='ocrx_word' id='word_1_357' title='bbox 1231 3208 1501 3264; x_wconf 82' lang='lat' dir='ltr'><strong>mirabiles</strong></span> <span class='ocrx_word' id='word_1_358' title='bbox 1518 3207 1584 3259; x_wconf 71' lang='grc'><strong>³⁸.</strong></span> <span class='ocrx_word' id='word_1_359' title='bbox 1625 3226 1644 3258; x_wconf 77' lang='grc' dir='ltr'>ι</span> <span class='ocrx_word' id='word_1_360' title='bbox 1679 3206 1744 3259; x_wconf 87' lang='lat' dir='ltr'><strong>Et</strong></span> <span class='ocrx_word' id='word_1_361' title='bbox 1772 3221 2011 3274; x_wconf 66' lang='lat' dir='ltr'><strong>quaenam</strong></span> <span class='ocrx_word' id='word_1_362' title='bbox 2043 3204 2122 3256; x_wconf 67' lang='lat' dir='ltr'><strong>ha:</strong></span> <span class='ocrx_word' id='word_1_363' title='bbox 2160 3204 2267 3256; x_wconf 89' lang='lat' dir='ltr'><strong>sint</strong></span> 
     </span>
    </p>
   </div>
   <div class='ocr_carea' id='block_1_49' title="bbox 738 3294 2265 3367">
    <p class='ocr_par' dir='ltr' id='par_1_49' title="bbox 738 3294 2265 3367">
     <span class='ocr_line' id='line_1_49' title="bbox 738 3294 2265 3367; baseline -0.004 -15"><span class='ocrx_word' id='word_1_364' title='bbox 738 3314 827 3353; x_wconf 86' lang='lat' dir='ltr'><strong>res</strong></span> <span class='ocrx_word' id='word_1_365' title='bbox 877 3300 1177 3362; x_wconf 86' lang='lat' dir='ltr'><strong>mirabiles,</strong></span> <span class='ocrx_word' id='word_1_366' title='bbox 1235 3300 1391 3367; x_wconf 89' lang='lat' dir='ltr'><strong>plane</strong></span> <span class='ocrx_word' id='word_1_367' title='bbox 1437 3298 1688 3365; x_wconf 91' lang='lat' dir='ltr'><strong>deinceps</strong></span> <span class='ocrx_word' id='word_1_368' title='bbox 1744 3296 1977 3350; x_wconf 89' lang='lat' dir='ltr'><strong>ostendit</strong></span> <span class='ocrx_word' id='word_1_369' title='bbox 2024 3294 2212 3347; x_wconf 86' lang='lat' dir='ltr'><strong>dicens</strong></span> <span class='ocrx_word' id='word_1_370' title='bbox 2252 3310 2265 3345; x_wconf 86' lang='lat'><strong>:</strong></span> 
     </span>
    </p>
   </div>
   <div class='ocr_carea' id='block_1_50' title="bbox 744 3383 2272 3450">
    <p class='ocr_par' dir='ltr' id='par_1_50' title="bbox 744 3383 2272 3450">
     <span class='ocr_line' id='line_1_50' title="bbox 744 3383 2272 3450; baseline -0.003 -11"><span class='ocrx_word' id='word_1_371' title='bbox 744 3408 763 3439; x_wconf 73' lang='grc' dir='ltr'>ι</span> <span class='ocrx_word' id='word_1_372' title='bbox 794 3385 974 3441; x_wconf 84' lang='lat' dir='ltr'><strong>Faciet</strong></span> <span class='ocrx_word' id='word_1_373' title='bbox 996 3386 1253 3441; x_wconf 87' lang='lat' dir='ltr'><strong>Dominus</strong></span> <span class='ocrx_word' id='word_1_374' title='bbox 1284 3385 1515 3441; x_wconf 80' lang='lat' dir='ltr'><strong>Sabaoth</strong></span> <span class='ocrx_word' id='word_1_375' title='bbox 1550 3385 1852 3439; x_wconf 88' lang='lat' dir='ltr'><strong>convivium</strong></span> <span class='ocrx_word' id='word_1_376' title='bbox 1874 3383 2121 3436; x_wconf 84' lang='lat' dir='ltr'><strong>omnibus</strong></span> <span class='ocrx_word' id='word_1_377' title='bbox 2145 3398 2272 3450; x_wconf 85' lang='lat' dir='ltr'><strong>gen-</strong></span> 
     </span>
    </p>
   </div>
   <div class='ocr_carea' id='block_1_51' title="bbox 738 3475 2274 3542">
    <p class='ocr_par' dir='ltr' id='par_1_51' title="bbox 738 3475 2274 3542">
     <span class='ocr_line' id='line_1_51' title="bbox 738 3475 2274 3542; baseline -0.005 -11"><span class='ocrx_word' id='word_1_378' title='bbox 738 3479 883 3533; x_wconf 84' lang='lat' dir='ltr'><strong>tibus</strong></span> <span class='ocrx_word' id='word_1_379' title='bbox 918 3497 930 3531; x_wconf 90' lang='lat'><strong>:</strong></span> <span class='ocrx_word' id='word_1_380' title='bbox 962 3478 1144 3532; x_wconf 86' lang='lat' dir='ltr'><strong>bibent</strong></span> <span class='ocrx_word' id='word_1_381' title='bbox 1170 3476 1422 3540; x_wconf 69' lang='lat' dir='ltr'><strong>laetitiam,</strong></span> <span class='ocrx_word' id='word_1_382' title='bbox 1456 3476 1634 3532; x_wconf 87' lang='lat' dir='ltr'><strong>bibent</strong></span> <span class='ocrx_word' id='word_1_383' title='bbox 1657 3475 1871 3529; x_wconf 90' lang='lat' dir='ltr'><strong>vinum:</strong></span> <span class='ocrx_word' id='word_1_384' title='bbox 1893 3483 2153 3542; x_wconf 83' lang='lat' dir='ltr'><strong>ungentur</strong></span> <span class='ocrx_word' id='word_1_385' title='bbox 2175 3487 2274 3524; x_wconf 92' lang='lat' dir='ltr'><strong>un-</strong></span> 
     </span>
    </p>
   </div>
   <div class='ocr_carea' id='block_1_52' title="bbox 738 3559 2275 3638">
    <p class='ocr_par' dir='ltr' id='par_1_52' title="bbox 738 3559 2275 3638">
     <span class='ocr_line' id='line_1_52' title="bbox 738 3559 2275 3638; baseline -0.006 -16"><span class='ocrx_word' id='word_1_386' title='bbox 738 3578 936 3638; x_wconf 86' lang='lat' dir='ltr'><strong>guento</strong></span> <span class='ocrx_word' id='word_1_387' title='bbox 952 3567 1007 3620; x_wconf 92' lang='lat' dir='ltr'><strong>in</strong></span> <span class='ocrx_word' id='word_1_388' title='bbox 1025 3574 1201 3620; x_wconf 87' lang='lat' dir='ltr'><strong>monte</strong></span> <span class='ocrx_word' id='word_1_389' title='bbox 1221 3566 1341 3631; x_wconf 89' lang='lat' dir='ltr'><strong>illo;</strong></span> <span class='ocrx_word' id='word_1_390' title='bbox 1359 3563 1507 3618; x_wconf 92' lang='lat' dir='ltr'><strong>trade</strong></span> <span class='ocrx_word' id='word_1_391' title='bbox 1526 3564 1637 3617; x_wconf 66' lang='lat' dir='ltr'><strong>haec</strong></span> <span class='ocrx_word' id='word_1_392' title='bbox 1655 3563 1829 3616; x_wconf 84' lang='lat' dir='ltr'><strong>omnia</strong></span> <span class='ocrx_word' id='word_1_393' title='bbox 1852 3562 2112 3631; x_wconf 81' lang='lat' dir='ltr'><strong>gentibus.</strong></span> <span class='ocrx_word' id='word_1_394' title='bbox 2140 3559 2275 3614; x_wconf 87' lang='lat' dir='ltr'><strong>Con-</strong></span> 
     </span>
    </p>
   </div>
   <div class='ocr_carea' id='block_1_53' title="bbox 738 3649 2264 3722">
    <p class='ocr_par' dir='ltr' id='par_1_53' title="bbox 738 3649 2264 3722">
     <span class='ocr_line' id='line_1_53' title="bbox 738 3649 2264 3722; baseline -0.007 -9"><span class='ocrx_word' id='word_1_395' title='bbox 738 3660 916 3713; x_wconf 83' lang='lat' dir='ltr'><strong>silium</strong></span> <span class='ocrx_word' id='word_1_396' title='bbox 957 3657 1096 3711; x_wconf 85' lang='lat' dir='ltr'><strong>enim</strong></span> <span class='ocrx_word' id='word_1_397' title='bbox 1135 3657 1237 3710; x_wconf 89' lang='lat' dir='ltr'><strong>hoc</strong></span> <span class='ocrx_word' id='word_1_398' title='bbox 1278 3658 1330 3709; x_wconf 92' lang='lat' dir='ltr'><strong>in</strong></span> <span class='ocrx_word' id='word_1_399' title='bbox 1373 3669 1560 3708; x_wconf 91' lang='lat' dir='ltr'><strong>omnes</strong></span> <span class='ocrx_word' id='word_1_400' title='bbox 1589 3662 1771 3722; x_wconf 81' lang='lat' dir='ltr'><strong>gentes</strong></span> <span class='ocrx_word' id='word_1_401' title='bbox 1795 3653 1859 3706; x_wconf 81' lang='grc'><strong>⁸⁸.</strong></span> <span class='ocrx_word' id='word_1_402' title='bbox 1896 3671 1914 3702; x_wconf 75' lang='grc' dir='ltr'>ι</span> <span class='ocrx_word' id='word_1_403' title='bbox 1948 3649 2264 3719; x_wconf 85' lang='lat' dir='ltr'><strong>Hujusmodi</strong></span> 
     </span>
    </p>
   </div>
   <div class='ocr_carea' id='block_1_54' title="bbox 739 3736 2272 3810">
    <p class='ocr_par' dir='ltr' id='par_1_54' title="bbox 739 3736 2272 3810">
     <span class='ocr_line' id='line_1_54' title="bbox 739 3736 2272 3810; baseline -0.008 -10"><span class='ocrx_word' id='word_1_404' title='bbox 739 3762 869 3800; x_wconf 86' lang='lat' dir='ltr'><strong>sane</strong></span> <span class='ocrx_word' id='word_1_405' title='bbox 923 3753 1075 3799; x_wconf 89' lang='lat' dir='ltr'><strong>erant</strong></span> <span class='ocrx_word' id='word_1_406' title='bbox 1126 3744 1273 3798; x_wconf 62' lang='lat' dir='ltr'><strong>Isaiae</strong></span> <span class='ocrx_word' id='word_1_407' title='bbox 1321 3741 1608 3802; x_wconf 88' lang='lat' dir='ltr'><strong>mirabilia,</strong></span> <span class='ocrx_word' id='word_1_408' title='bbox 1641 3756 1760 3810; x_wconf 74' lang='lat' dir='ltr'><strong>qua:</strong></span> <span class='ocrx_word' id='word_1_409' title='bbox 1801 3740 1954 3794; x_wconf 67' lang='lat' dir='ltr'><strong>bona:</strong></span> <span class='ocrx_word' id='word_1_410' title='bbox 1993 3736 2272 3805; x_wconf 86' lang='lat' dir='ltr'><strong>cujusdam</strong></span> 
     </span>
    </p>
   </div>
   <div class='ocr_carea' id='block_1_55' title="bbox 740 3824 2272 3905">
    <p class='ocr_par' dir='ltr' id='par_1_55' title="bbox 740 3824 2272 3905">
     <span class='ocr_line' id='line_1_55' title="bbox 740 3824 2272 3905; baseline -0.006 -18"><span class='ocrx_word' id='word_1_411' title='bbox 740 3835 1063 3904; x_wconf 60' lang='lat' dir='ltr'><strong>fragrantia,</strong></span> <span class='ocrx_word' id='word_1_412' title='bbox 1095 3833 1454 3905; x_wconf 85' lang='lat' dir='ltr'><strong>unguenlique</strong></span> <span class='ocrx_word' id='word_1_413' title='bbox 1483 3830 1805 3890; x_wconf 91' lang='lat' dir='ltr'><strong>unctionem,</strong></span> <span class='ocrx_word' id='word_1_414' title='bbox 1836 3843 1940 3881; x_wconf 92' lang='lat' dir='ltr'><strong>non</strong></span> <span class='ocrx_word' id='word_1_415' title='bbox 1968 3826 2148 3887; x_wconf 87' lang='lat' dir='ltr'><strong>lsrael,</strong></span> <span class='ocrx_word' id='word_1_416' title='bbox 2178 3824 2272 3879; x_wconf 90' lang='lat' dir='ltr'><strong>sed</strong></span> 
     </span>
    </p>
   </div>
   <div class='ocr_carea' id='block_1_56' title="bbox 740 3914 2273 3992">
    <p class='ocr_par' dir='ltr' id='par_1_56' title="bbox 740 3914 2273 3992">
     <span class='ocr_line' id='line_1_56' title="bbox 740 3914 2273 3992; baseline -0.007 -13"><span class='ocrx_word' id='word_1_417' title='bbox 740 3926 992 3979; x_wconf 85' lang='lat' dir='ltr'><strong>omnibus</strong></span> <span class='ocrx_word' id='word_1_418' title='bbox 1016 3924 1264 3992; x_wconf 84' lang='lat' dir='ltr'><strong>gentibus</strong></span> <span class='ocrx_word' id='word_1_419' title='bbox 1286 3920 1666 3990; x_wconf 88' lang='lat' dir='ltr'><strong>promittebant</strong></span> <span class='ocrx_word' id='word_1_420' title='bbox 1694 3936 1706 3970; x_wconf 93' lang='lat'><strong>:</strong></span> <span class='ocrx_word' id='word_1_421' title='bbox 1736 3933 1799 3971; x_wconf 78' lang='lat' dir='ltr'><strong>ex</strong></span> <span class='ocrx_word' id='word_1_422' title='bbox 1823 3931 1928 3985; x_wconf 83' lang='lat' dir='ltr'><strong>quo</strong></span> <span class='ocrx_word' id='word_1_423' title='bbox 1951 3931 2061 3968; x_wconf 89' lang='lat' dir='ltr'><strong>non</strong></span> <span class='ocrx_word' id='word_1_424' title='bbox 2087 3914 2273 3968; x_wconf 88' lang='lat' dir='ltr'><strong>imme-</strong></span> 
     </span>
    </p>
   </div>
   <div class='ocr_carea' id='block_1_57' title="bbox 741 4008 2272 4086">
    <p class='ocr_par' dir='ltr' id='par_1_57' title="bbox 741 4008 2272 4086">
     <span class='ocr_line' id='line_1_57' title="bbox 741 4008 2272 4086; baseline -0.008 -15"><span class='ocrx_word' id='word_1_425' title='bbox 741 4020 847 4072; x_wconf 87' lang='lat' dir='ltr'><strong>rito</strong></span> <span class='ocrx_word' id='word_1_426' title='bbox 905 4023 1119 4086; x_wconf 76' lang='lat' dir='ltr'><strong>prapter</strong></span> <span class='ocrx_word' id='word_1_427' title='bbox 1180 4017 1436 4083; x_wconf 84' lang='lat' dir='ltr'><strong>unguenti</strong></span> <span class='ocrx_word' id='word_1_428' title='bbox 1491 4011 1794 4065; x_wconf 89' lang='lat' dir='ltr'><strong>unctionem</strong></span> <span class='ocrx_word' id='word_1_429' title='bbox 1846 4008 2272 4062; x_wconf 86' lang='lat' dir='ltr'><strong>Christianorum</strong></span> 
     </span>
    </p>
   </div>
   <div class='ocr_carea' id='block_1_58' title="bbox 745 4095 2272 4176">
    <p class='ocr_par' dir='ltr' id='par_1_58' title="bbox 745 4095 2272 4176">
     <span class='ocr_line' id='line_1_58' title="bbox 745 4095 2272 4176; baseline -0.008 -15"><span class='ocrx_word' id='word_1_430' title='bbox 745 4107 1153 4176; x_wconf 87' lang='lat' dir='ltr'><strong>appellationem</strong></span> <span class='ocrx_word' id='word_1_431' title='bbox 1208 4110 1509 4158; x_wconf 66' lang='lat' dir='ltr'><strong>consecutae</strong></span> <span class='ocrx_word' id='word_1_432' title='bbox 1562 4108 1707 4162; x_wconf 91' lang='lat' dir='ltr'><strong>sunt,</strong></span> <span class='ocrx_word' id='word_1_433' title='bbox 1767 4097 1860 4152; x_wconf 90' lang='lat' dir='ltr'><strong>sed</strong></span> <span class='ocrx_word' id='word_1_434' title='bbox 1908 4095 2019 4150; x_wconf 91' lang='lat' dir='ltr'><strong>vini</strong></span> <span class='ocrx_word' id='word_1_435' title='bbox 2062 4109 2272 4163; x_wconf 86' lang='lat' dir='ltr'><strong>quoque</strong></span> 
     </span>
    </p>
   </div>
   <div class='ocr_carea' id='block_1_59' title="bbox 743 4181 2274 4261">
    <p class='ocr_par' dir='ltr' id='par_1_59' title="bbox 743 4181 2274 4261">
     <span class='ocr_line' id='line_1_59' title="bbox 743 4181 2274 4261; baseline -0.009 -13"><span class='ocrx_word' id='word_1_436' title='bbox 743 4197 979 4249; x_wconf 58' lang='lat' dir='ltr'><strong>laetitiam</strong></span> <span class='ocrx_word' id='word_1_437' title='bbox 1030 4193 1275 4261; x_wconf 87' lang='lat' dir='ltr'><strong>gentibus</strong></span> <span class='ocrx_word' id='word_1_438' title='bbox 1322 4190 1645 4243; x_wconf 84' lang='lat' dir='ltr'><strong>vaticinatur</strong></span> <span class='ocrx_word' id='word_1_439' title='bbox 1682 4187 1736 4239; x_wconf 91' lang='lat' dir='ltr'><strong>in</strong></span> <span class='ocrx_word' id='word_1_440' title='bbox 1767 4200 1852 4246; x_wconf 91' lang='lat' dir='ltr'><strong>eo,</strong></span> <span class='ocrx_word' id='word_1_441' title='bbox 1897 4184 2028 4237; x_wconf 81' lang='lat' dir='ltr'><strong>Novi</strong></span> <span class='ocrx_word' id='word_1_442' title='bbox 2087 4181 2274 4235; x_wconf 88' lang='lat' dir='ltr'><strong>Testa-</strong></span> 
     </span>
    </p>
   </div>
   <div class='ocr_carea' id='block_1_60' title="bbox 710 4271 2270 4351">
    <p class='ocr_par' dir='ltr' id='par_1_60' title="bbox 710 4271 2270 4351">
     <span class='ocr_line' id='line_1_60' title="bbox 710 4271 2270 4351; baseline -0.01 -14"><span class='ocrx_word' id='word_1_443' title='bbox 710 4326 713 4331; x_wconf 57' lang='grc' dir='ltr'>η</span> <span class='ocrx_word' id='word_1_444' title='bbox 743 4285 929 4344; x_wconf 86' lang='lat' dir='ltr'><strong>menti,</strong></span> <span class='ocrx_word' id='word_1_445' title='bbox 958 4282 1100 4351; x_wconf 91' lang='lat' dir='ltr'><strong>quod</strong></span> <span class='ocrx_word' id='word_1_446' title='bbox 1137 4296 1169 4333; x_wconf 87' lang='lat' dir='ltr'><strong>a</strong></span> <span class='ocrx_word' id='word_1_447' title='bbox 1209 4280 1423 4334; x_wconf 87' lang='lat' dir='ltr'><strong>Christo</strong></span> <span class='ocrx_word' id='word_1_448' title='bbox 1472 4276 1749 4330; x_wconf 89' lang='lat' dir='ltr'><strong>conditum</strong></span> <span class='ocrx_word' id='word_1_449' title='bbox 1794 4278 1904 4335; x_wconf 88' lang='lat' dir='ltr'><strong>est,</strong></span> <span class='ocrx_word' id='word_1_450' title='bbox 1936 4271 2270 4341; x_wconf 82' lang='lat' dir='ltr'><strong>mysterium,</strong></span> 
     </span>
    </p>
   </div>
   <div class='ocr_carea' id='block_1_61' title="bbox 744 4361 2272 4439">
    <p class='ocr_par' dir='ltr' id='par_1_61' title="bbox 744 4361 2272 4439">
     <span class='ocr_line' id='line_1_61' title="bbox 744 4361 2272 4439; baseline -0.01 -11"><span class='ocrx_word' id='word_1_451' title='bbox 744 4373 1073 4429; x_wconf 87' lang='lat' dir='ltr'><strong>subobscure</strong></span> <span class='ocrx_word' id='word_1_452' title='bbox 1129 4368 1478 4439; x_wconf 87' lang='lat' dir='ltr'><strong>signiﬁcans:</strong></span> <span class='ocrx_word' id='word_1_453' title='bbox 1511 4364 1657 4436; x_wconf 92' lang='lat' dir='ltr'><strong>quod</strong></span> <span class='ocrx_word' id='word_1_454' title='bbox 1712 4377 1840 4417; x_wconf 89' lang='lat' dir='ltr'><strong>sane</strong></span> <span class='ocrx_word' id='word_1_455' title='bbox 1894 4361 2034 4429; x_wconf 88' lang='lat' dir='ltr'><strong>apud</strong></span> <span class='ocrx_word' id='word_1_456' title='bbox 2087 4374 2272 4413; x_wconf 87' lang='lat' dir='ltr'><strong>omnes</strong></span> 
     </span>
    </p>
   </div>
   <div class='ocr_carea' id='block_1_62' title="bbox 2356 1939 3610 2016">
    <p class='ocr_par' dir='ltr' id='par_1_62' title="bbox 2356 1939 3610 2016">
     <span class='ocr_line' id='line_1_62' title="bbox 2356 1939 3610 2016; baseline -0.014 -10"><span class='ocrx_word' id='word_1_457' title='bbox 2356 1956 2463 2015; x_wconf 81' lang='grc' dir='ltr'>τοῖς</span> <span class='ocrx_word' id='word_1_458' title='bbox 2494 1952 2693 2003; x_wconf 75' lang='grc' dir='ltr'>ἔθνεσιν</span> <span class='ocrx_word' id='word_1_459' title='bbox 2726 1947 3179 2016; x_wconf 78' lang='grc' dir='ltr'>ἐπαγγελλόμενα·</span> <span class='ocrx_word' id='word_1_460' title='bbox 3215 1943 3334 1996; x_wconf 85' lang='grc' dir='ltr'>ὅθεν</span> <span class='ocrx_word' id='word_1_461' title='bbox 3379 1939 3574 2000; x_wconf 78' lang='grc' dir='ltr'><strong>εἰκότως</strong></span> <span class='ocrx_word' id='word_1_462' title='bbox 3600 1954 3610 1987; x_wconf 69' lang='grc' dir='ltr'>τ</span> 
     </span>
    </p>
   </div>
   <div class='ocr_carea' id='block_1_63' title="bbox 2355 2032 3606 2115">
    <p class='ocr_par' dir='ltr' id='par_1_63' title="bbox 2355 2032 3606 2115">
     <span class='ocr_line' id='line_1_63' title="bbox 2355 2032 3606 2115; baseline -0.013 -17"><span class='ocrx_word' id='word_1_463' title='bbox 2355 2046 2446 2099; x_wconf 85' lang='grc' dir='ltr'><strong>τοῦ</strong></span> <span class='ocrx_word' id='word_1_464' title='bbox 2499 2044 2664 2115; x_wconf 87' lang='grc' dir='ltr'>μύρου</span> <span class='ocrx_word' id='word_1_465' title='bbox 2721 2041 2893 2112; x_wconf 84' lang='grc' dir='ltr'>χρίσιν</span> <span class='ocrx_word' id='word_1_466' title='bbox 2937 2041 3030 2092; x_wconf 67' lang='grc' dir='ltr'><strong>καὶ</strong></span> <span class='ocrx_word' id='word_1_467' title='bbox 3077 2038 3177 2105; x_wconf 81' lang='grc' dir='ltr'>τῆς</span> <span class='ocrx_word' id='word_1_468' title='bbox 3215 2032 3538 2106; x_wconf 83' lang='grc' dir='ltr'><strong>Χριστιανῶν</strong></span> <span class='ocrx_word' id='word_1_469' title='bbox 3576 2032 3606 2098; x_wconf 73' lang='grc' dir='ltr'>ὴ</span> 
     </span>
    </p>
   </div>
   <div class='ocr_carea' id='block_1_64' title="bbox 2358 2123 3583 2206">
    <p class='ocr_par' dir='ltr' id='par_1_64' title="bbox 2358 2123 3583 2206">
     <span class='ocr_line' id='line_1_64' title="bbox 2358 2123 3583 2206; baseline -0.012 -18"><span class='ocrx_word' id='word_1_470' title='bbox 2358 2134 2738 2206; x_wconf 82' lang='grc' dir='ltr'>προσηγορίας.</span> <span class='ocrx_word' id='word_1_471' title='bbox 2774 2129 2930 2182; x_wconf 77' lang='grc' dir='ltr'>Ἀλλὰ</span> <span class='ocrx_word' id='word_1_472' title='bbox 2956 2129 3050 2182; x_wconf 74' lang='grc' dir='ltr'>καὶ</span> <span class='ocrx_word' id='word_1_473' title='bbox 3081 2127 3223 2180; x_wconf 84' lang='grc' dir='ltr'>οἴνου</span> <span class='ocrx_word' id='word_1_474' title='bbox 3256 2128 3367 2186; x_wconf 80' lang='grc' dir='ltr'>τοῖς</span> <span class='ocrx_word' id='word_1_475' title='bbox 3405 2123 3583 2176; x_wconf 72' lang='grc' dir='ltr'>ἔθνεσιν</span> 
     </span>
    </p>
   </div>
   <div class='ocr_carea' id='block_1_65' title="bbox 2359 2209 3581 2296">
    <p class='ocr_par' dir='ltr' id='par_1_65' title="bbox 2359 2209 3581 2296">
     <span class='ocr_line' id='line_1_65' title="bbox 2359 2209 3581 2296; baseline -0.014 -18"><span class='ocrx_word' id='word_1_476' title='bbox 2359 2242 2453 2296; x_wconf 86' lang='grc' dir='ltr'><strong>νην</strong></span> <span class='ocrx_word' id='word_1_477' title='bbox 2495 2223 2752 2285; x_wconf 79' lang='grc' dir='ltr'>θεσπίζει,</span> <span class='ocrx_word' id='word_1_478' title='bbox 2783 2220 2843 2271; x_wconf 82' lang='grc' dir='ltr'><strong>τὸ</strong></span> <span class='ocrx_word' id='word_1_479' title='bbox 2885 2218 2982 2288; x_wconf 81' lang='grc' dir='ltr'>τῆς</span> <span class='ocrx_word' id='word_1_480' title='bbox 3006 2215 3213 2284; x_wconf 78' lang='grc' dir='ltr'><strong>Καινῆς</strong></span> <span class='ocrx_word' id='word_1_481' title='bbox 3238 2214 3331 2266; x_wconf 86' lang='grc' dir='ltr'><strong>τοῦ</strong></span> <span class='ocrx_word' id='word_1_482' title='bbox 3366 2209 3581 2283; x_wconf 76' lang='grc' dir='ltr'>Χριστοῦ</span> 
     </span>
    </p>
   </div>
   <div class='ocr_carea' id='block_1_66' title="bbox 2364 2302 3606 2385">
    <p class='ocr_par' dir='ltr' id='par_1_66' title="bbox 2364 2302 3606 2385">
     <span class='ocr_line' id='line_1_66' title="bbox 2364 2302 3606 2385; baseline -0.014 -18"><span class='ocrx_word' id='word_1_483' title='bbox 2364 2315 2649 2385; x_wconf 87' lang='grc' dir='ltr'>μυστήριον</span> <span class='ocrx_word' id='word_1_484' title='bbox 2689 2308 3077 2377; x_wconf 81' lang='grc' dir='ltr'>αἰνιττόμενος,</span> <span class='ocrx_word' id='word_1_485' title='bbox 3110 2305 3139 2357; x_wconf 79' lang='grc' dir='ltr'><strong>ὃ</strong></span> <span class='ocrx_word' id='word_1_486' title='bbox 3188 2302 3339 2373; x_wconf 78' lang='grc' dir='ltr'>παρὰ</span> <span class='ocrx_word' id='word_1_487' title='bbox 3374 2304 3501 2354; x_wconf 76' lang='grc' dir='ltr'>πᾶσι</span> <span class='ocrx_word' id='word_1_488' title='bbox 3535 2302 3606 2351; x_wconf 86' lang='grc' dir='ltr'>τοί</span> 
     </span>
    </p>
   </div>
   <div class='ocr_carea' id='block_1_67' title="bbox 2361 2390 3610 2473">
    <p class='ocr_par' dir='ltr' id='par_1_67' title="bbox 2361 2390 3610 2473">
     <span class='ocr_line' id='line_1_67' title="bbox 2361 2390 3610 2473; baseline -0.014 -17"><span class='ocrx_word' id='word_1_489' title='bbox 2361 2403 2596 2473; x_wconf 73' lang='grc' dir='ltr'>ἐναργῶς</span> <span class='ocrx_word' id='word_1_490' title='bbox 2623 2400 2768 2454; x_wconf 69' lang='lat' dir='ltr'><strong>ma</strong></span> <span class='ocrx_word' id='word_1_491' title='bbox 2791 2399 2877 2451; x_wconf 75' lang='grc' dir='ltr'>τὸν</span> <span class='ocrx_word' id='word_1_492' title='bbox 2909 2397 3145 2467; x_wconf 84' lang='grc' dir='ltr'>παρόντα</span> <span class='ocrx_word' id='word_1_493' title='bbox 3175 2394 3364 2463; x_wconf 84' lang='grc' dir='ltr'>καιρὸν</span> <span class='ocrx_word' id='word_1_494' title='bbox 3403 2390 3610 2444; x_wconf 54' lang='lat' dir='ltr'><strong>suam</strong></span> 
     </span>
    </p>
   </div>
   <div class='ocr_carea' id='block_1_68' title="bbox 2359 2477 3610 2556">
    <p class='ocr_par' dir='ltr' id='par_1_68' title="bbox 2359 2477 3610 2556">
     <span class='ocr_line' id='line_1_68' title="bbox 2359 2477 3610 2556; baseline -0.015 -8"><span class='ocrx_word' id='word_1_495' title='bbox 2359 2512 2454 2556; x_wconf 89' lang='grc' dir='ltr'><strong>τας</strong></span> <span class='ocrx_word' id='word_1_496' title='bbox 2477 2494 2532 2546; x_wconf 75' lang='grc' dir='ltr'><em>δὲ</em></span> <span class='ocrx_word' id='word_1_497' title='bbox 2566 2491 2721 2544; x_wconf 75' lang='grc' dir='ltr'>πάλιν</span> <span class='ocrx_word' id='word_1_498' title='bbox 2745 2489 2840 2549; x_wconf 80' lang='grc' dir='ltr'>τὰς</span> <span class='ocrx_word' id='word_1_499' title='bbox 2875 2486 3215 2555; x_wconf 81' lang='grc' dir='ltr'>ἀσωμάτους,</span> <span class='ocrx_word' id='word_1_500' title='bbox 3262 2482 3357 2535; x_wconf 76' lang='grc' dir='ltr'>καὶ</span> <span class='ocrx_word' id='word_1_501' title='bbox 3397 2478 3575 2548; x_wconf 64' lang='grc' dir='ltr'>νοερᾶς</span> <span class='ocrx_word' id='word_1_502' title='bbox 3602 2477 3610 2523; x_wconf 80' lang='lat' dir='ltr'><strong>l</strong></span> 
     </span>
    </p>
   </div>
   <div class='ocr_carea' id='block_1_69' title="bbox 2362 2565 3610 2654">
    <p class='ocr_par' dir='ltr' id='par_1_69' title="bbox 2362 2565 3610 2654">
     <span class='ocr_line' id='line_1_69' title="bbox 2362 2565 3610 2654; baseline -0.016 -16"><span class='ocrx_word' id='word_1_503' title='bbox 2362 2580 2664 2654; x_wconf 68' lang='grc' dir='ltr'>προφητικὰ</span> <span class='ocrx_word' id='word_1_504' title='bbox 2728 2577 2983 2647; x_wconf 80' lang='grc' dir='ltr'>κηρύττει</span> <span class='ocrx_word' id='word_1_505' title='bbox 3029 2575 3205 2640; x_wconf 84' lang='grc' dir='ltr'>λόγια,</span> <span class='ocrx_word' id='word_1_506' title='bbox 3271 2565 3377 2623; x_wconf 78' lang='grc' dir='ltr'><strong>ὧδέ</strong></span> <span class='ocrx_word' id='word_1_507' title='bbox 3436 2587 3505 2638; x_wconf 83' lang='grc' dir='ltr'><strong>πη</strong></span> <span class='ocrx_word' id='word_1_508' title='bbox 3563 2583 3610 2618; x_wconf 84' lang='grc' dir='ltr'>πε</span> 
     </span>
    </p>
   </div>
   <div class='ocr_carea' id='block_1_70' title="bbox 2369 2656 3610 2736">
    <p class='ocr_par' dir='ltr' id='par_1_70' title="bbox 2369 2656 3610 2736">
     <span class='ocr_line' id='line_1_70' title="bbox 2369 2656 3610 2736; baseline -0.014 -12"><span class='ocrx_word' id='word_1_509' title='bbox 2369 2693 2386 2723; x_wconf 77' lang='grc' dir='ltr'>ι</span> <span class='ocrx_word' id='word_1_510' title='bbox 2421 2671 2587 2724; x_wconf 83' lang='grc' dir='ltr'>Θῦσον</span> <span class='ocrx_word' id='word_1_511' title='bbox 2618 2666 2693 2736; x_wconf 80' lang='grc' dir='ltr'><strong>τῷ</strong></span> <span class='ocrx_word' id='word_1_512' title='bbox 2741 2666 2857 2733; x_wconf 85' lang='grc' dir='ltr'><strong>Θεῷ</strong></span> <span class='ocrx_word' id='word_1_513' title='bbox 2901 2663 3086 2717; x_wconf 85' lang='grc' dir='ltr'>θυσίαν</span> <span class='ocrx_word' id='word_1_514' title='bbox 3140 2659 3431 2720; x_wconf 79' lang='grc' dir='ltr'>αἰνέσεως,</span> <span class='ocrx_word' id='word_1_515' title='bbox 3464 2658 3547 2710; x_wconf 66' lang='grc' dir='ltr'>καὶ</span> <span class='ocrx_word' id='word_1_516' title='bbox 3593 2656 3610 2707; x_wconf 76' lang='grc' dir='ltr'><em>ἀ</em></span> 
     </span>
    </p>
   </div>
   <div class='ocr_carea' id='block_1_71' title="bbox 2374 2748 3610 2828">
    <p class='ocr_par' dir='ltr' id='par_1_71' title="bbox 2374 2748 3610 2828">
     <span class='ocr_line' id='line_1_71' title="bbox 2374 2748 3610 2828; baseline -0.01 -17"><span class='ocrx_word' id='word_1_517' title='bbox 2374 2760 2606 2828; x_wconf 77' lang='grc' dir='ltr'>’Υψίστῳ</span> <span class='ocrx_word' id='word_1_518' title='bbox 2631 2757 2728 2817; x_wconf 75' lang='grc' dir='ltr'>τὰς</span> <span class='ocrx_word' id='word_1_519' title='bbox 2752 2754 2910 2822; x_wconf 77' lang='grc' dir='ltr'>εὐχάς</span> <span class='ocrx_word' id='word_1_520' title='bbox 2933 2770 3047 2815; x_wconf 88' lang='grc' dir='ltr'>σου,</span> <span class='ocrx_word' id='word_1_521' title='bbox 3088 2753 3182 2804; x_wconf 72' lang='grc' dir='ltr'>καὶ</span> <span class='ocrx_word' id='word_1_522' title='bbox 3208 2748 3533 2803; x_wconf 68' lang='grc' dir='ltr'>ὲπικάλεσαί</span> <span class='ocrx_word' id='word_1_523' title='bbox 3567 2764 3610 2817; x_wconf 64' lang='grc' dir='ltr'>μέ</span> 
     </span>
    </p>
   </div>
   <div class='ocr_carea' id='block_1_72' title="bbox 2365 2840 3583 2917">
    <p class='ocr_par' dir='ltr' id='par_1_72' title="bbox 2365 2840 3583 2917">
     <span class='ocr_line' id='line_1_72' title="bbox 2365 2840 3583 2917; baseline -0.008 -16"><span class='ocrx_word' id='word_1_524' title='bbox 2365 2849 2606 2917; x_wconf 69' lang='grc' dir='ltr'>θλίψεως,</span> <span class='ocrx_word' id='word_1_525' title='bbox 2644 2847 2736 2899; x_wconf 73' lang='grc' dir='ltr'><strong>καὶ</strong></span> <span class='ocrx_word' id='word_1_526' title='bbox 2777 2843 3060 2913; x_wconf 84' lang='grc' dir='ltr'>ἐξελοῦμαί</span> <span class='ocrx_word' id='word_1_527' title='bbox 3090 2860 3172 2904; x_wconf 93' lang='grc' dir='ltr'><strong>σε,</strong></span> <span class='ocrx_word' id='word_1_528' title='bbox 3203 2843 3296 2895; x_wconf 77' lang='grc' dir='ltr'><strong>καὶ</strong></span> <span class='ocrx_word' id='word_1_529' title='bbox 3337 2840 3583 2906; x_wconf 64' lang='lat' dir='ltr'><strong>cogam;</strong></span> 
     </span>
    </p>
   </div>
   <div class='ocr_carea' id='block_1_73' title="bbox 2365 2931 3610 3003">
    <p class='ocr_par' dir='ltr' id='par_1_73' title="bbox 2365 2931 3610 3003">
     <span class='ocr_line' id='line_1_73' title="bbox 2365 2931 3610 3003; baseline -0.008 -13"><span class='ocrx_word' id='word_1_530' title='bbox 2365 2939 2519 2991; x_wconf 83' lang='grc' dir='ltr'>πάλιν</span> <span class='ocrx_word' id='word_1_531' title='bbox 2538 2954 2550 2967; x_wconf 88' lang='grc'><strong>·</strong></span> <span class='ocrx_word' id='word_1_532' title='bbox 2588 2956 2604 2986; x_wconf 80' lang='grc' dir='ltr'>ι</span> <span class='ocrx_word' id='word_1_533' title='bbox 2644 2937 2904 3003; x_wconf 78' lang='grc' dir='ltr'>Ἔπαρσις</span> <span class='ocrx_word' id='word_1_534' title='bbox 2928 2931 3034 2984; x_wconf 85' lang='grc' dir='ltr'><strong>τῶν</strong></span> <span class='ocrx_word' id='word_1_535' title='bbox 3069 2931 3264 3000; x_wconf 81' lang='grc' dir='ltr'>χειρῶν</span> <span class='ocrx_word' id='word_1_536' title='bbox 3288 2948 3392 3000; x_wconf 69' lang='grc' dir='ltr'><strong>μου</strong></span> <span class='ocrx_word' id='word_1_537' title='bbox 3415 2931 3567 2984; x_wconf 80' lang='grc' dir='ltr'>θυσία</span> <span class='ocrx_word' id='word_1_538' title='bbox 3588 2931 3610 2980; x_wconf 84' lang='grc' dir='ltr'>ὲ</span> 
     </span>
    </p>
   </div>
   <div class='ocr_carea' id='block_1_74' title="bbox 2365 3020 3610 3090">
    <p class='ocr_par' dir='ltr' id='par_1_74' title="bbox 2365 3020 3610 3090">
     <span class='ocr_line' id='line_1_74' title="bbox 2365 3020 3610 3090; baseline -0.01 -9"><span class='ocrx_word' id='word_1_539' title='bbox 2365 3023 2669 3086; x_wconf 68' lang='grc' dir='ltr'>Καὶιαῦθις·</span> <span class='ocrx_word' id='word_1_540' title='bbox 2716 3043 2733 3072; x_wconf 76' lang='grc' dir='ltr'>ι</span> <span class='ocrx_word' id='word_1_541' title='bbox 2779 3022 2944 3075; x_wconf 86' lang='grc' dir='ltr'>Θυσία</span> <span class='ocrx_word' id='word_1_542' title='bbox 2983 3020 3062 3090; x_wconf 84' lang='grc' dir='ltr'>τῷ</span> <span class='ocrx_word' id='word_1_543' title='bbox 3103 3020 3220 3090; x_wconf 80' lang='grc' dir='ltr'>Θεῷ</span> <span class='ocrx_word' id='word_1_544' title='bbox 3267 3020 3501 3090; x_wconf 71' lang='grc' dir='ltr'>πνεῦμα</span> <span class='ocrx_word' id='word_1_545' title='bbox 3539 3037 3610 3071; x_wconf 65' lang='grc' dir='ltr'>συπ</span> 
     </span>
    </p>
   </div>
   <div class='ocr_carea' id='block_1_75' title="bbox 2365 3108 3610 3181">
    <p class='ocr_par' dir='ltr' id='par_1_75' title="bbox 2365 3108 3610 3181">
     <span class='ocr_line' id='line_1_75' title="bbox 2365 3108 3610 3181; baseline -0.008 -12"><span class='ocrx_word' id='word_1_546' title='bbox 2365 3134 2474 3169; x_wconf 92' lang='grc' dir='ltr'>νον.</span> <span class='ocrx_word' id='word_1_547' title='bbox 2510 3135 2526 3165; x_wconf 72' lang='grc' dir='ltr'>ι</span> <span class='ocrx_word' id='word_1_548' title='bbox 2560 3113 2737 3166; x_wconf 87' lang='grc' dir='ltr'>Ταῦτα</span> <span class='ocrx_word' id='word_1_549' title='bbox 2764 3111 2827 3181; x_wconf 82' lang='grc' dir='ltr'><strong>δὴ</strong></span> <span class='ocrx_word' id='word_1_550' title='bbox 2848 3108 2939 3163; x_wconf 80' lang='grc' dir='ltr'>οὖν</span> <span class='ocrx_word' id='word_1_551' title='bbox 2971 3111 3166 3173; x_wconf 81' lang='grc' dir='ltr'>πάντα,</span> <span class='ocrx_word' id='word_1_552' title='bbox 3213 3109 3273 3173; x_wconf 75' lang='grc' dir='ltr'><strong>ἐξ</strong></span> <span class='ocrx_word' id='word_1_553' title='bbox 3306 3110 3515 3172; x_wconf 79' lang='grc' dir='ltr'>αἰῶνος</span> <span class='ocrx_word' id='word_1_554' title='bbox 3539 3108 3610 3159; x_wconf 77' lang='grc' dir='ltr'><strong>τε(</strong></span> 
     </span>
    </p>
   </div>
   <div class='ocr_carea' id='block_1_76' title="bbox 2367 3197 3610 3273">
    <p class='ocr_par' dir='ltr' id='par_1_76' title="bbox 2367 3197 3610 3273">
     <span class='ocr_line' id='line_1_76' title="bbox 2367 3197 3610 3273; baseline -0.008 -14"><span class='ocrx_word' id='word_1_555' title='bbox 2367 3206 2452 3259; x_wconf 81' lang='grc' dir='ltr'><strong>διὰ</strong></span> <span class='ocrx_word' id='word_1_556' title='bbox 2475 3205 2573 3273; x_wconf 83' lang='grc' dir='ltr'>τῆς</span> <span class='ocrx_word' id='word_1_557' title='bbox 2595 3200 2947 3269; x_wconf 80' lang='grc' dir='ltr'>εὐαγγελικῆς</span> <span class='ocrx_word' id='word_1_558' title='bbox 2979 3199 3071 3252; x_wconf 88' lang='grc' dir='ltr'><strong>τοῦ</strong></span> <span class='ocrx_word' id='word_1_559' title='bbox 3095 3200 3350 3268; x_wconf 72' lang='grc' dir='ltr'>Σωτῆρος</span> <span class='ocrx_word' id='word_1_560' title='bbox 3374 3200 3544 3269; x_wconf 76' lang='grc' dir='ltr'>ἡμῶν</span> <span class='ocrx_word' id='word_1_561' title='bbox 3569 3197 3610 3248; x_wconf 86' lang='grc' dir='ltr'><strong>δι</strong></span> 
     </span>
    </p>
   </div>
   <div class='ocr_carea' id='block_1_77' title="bbox 2368 3288 3601 3359">
    <p class='ocr_par' dir='ltr' id='par_1_77' title="bbox 2368 3288 3601 3359">
     <span class='ocr_line' id='line_1_77' title="bbox 2368 3288 3601 3359; baseline -0.006 -12"><span class='ocrx_word' id='word_1_562' title='bbox 2368 3292 2505 3347; x_wconf 80' lang='grc' dir='ltr'>κατὰ</span> <span class='ocrx_word' id='word_1_563' title='bbox 2534 3293 2622 3343; x_wconf 86' lang='grc' dir='ltr'>τὸν</span> <span class='ocrx_word' id='word_1_564' title='bbox 2654 3290 2890 3358; x_wconf 86' lang='grc' dir='ltr'>παρόντα</span> <span class='ocrx_word' id='word_1_565' title='bbox 2934 3288 3121 3359; x_wconf 80' lang='grc' dir='ltr'>καιρὸν</span> <span class='ocrx_word' id='word_1_566' title='bbox 3152 3289 3288 3359; x_wconf 80' lang='grc' dir='ltr'>πρὸς</span> <span class='ocrx_word' id='word_1_567' title='bbox 3333 3291 3601 3343; x_wconf 82' lang='grc' dir='ltr'>ἁπάντων</span> 
     </span>
    </p>
   </div>
   <div class='ocr_carea' id='block_1_78' title="bbox 2368 3378 3584 3450">
    <p class='ocr_par' dir='ltr' id='par_1_78' title="bbox 2368 3378 3584 3450">
     <span class='ocr_line' id='line_1_78' title="bbox 2368 3378 3584 3450; baseline -0.003 -15"><span class='ocrx_word' id='word_1_568' title='bbox 2368 3381 2677 3440; x_wconf 83' lang='grc' dir='ltr'>ὲκτελεῖται,</span> <span class='ocrx_word' id='word_1_569' title='bbox 2704 3378 2952 3447; x_wconf 81' lang='grc' dir='ltr'>ἀληθείας</span> <span class='ocrx_word' id='word_1_570' title='bbox 2981 3378 3489 3450; x_wconf 76' lang='grc' dir='ltr'>ὲπιμαρτυρούσης</span> <span class='ocrx_word' id='word_1_571' title='bbox 3520 3381 3584 3448; x_wconf 76' lang='grc' dir='ltr'>τῇ</span> 
     </span>
    </p>
   </div>
   <div class='ocr_carea' id='block_1_79' title="bbox 2370 3466 3610 3542">
    <p class='ocr_par' dir='ltr' id='par_1_79' title="bbox 2370 3466 3610 3542">
     <span class='ocr_line' id='line_1_79' title="bbox 2370 3466 3610 3542; baseline -0.004 -18"><span class='ocrx_word' id='word_1_572' title='bbox 2370 3474 2535 3542; x_wconf 82' lang='grc' dir='ltr'>φωνῇ,</span> <span class='ocrx_word' id='word_1_573' title='bbox 2557 3466 2717 3539; x_wconf 84' lang='grc' dir='ltr'>δι’ἦς,</span> <span class='ocrx_word' id='word_1_574' title='bbox 2752 3467 2848 3529; x_wconf 82' lang='grc' dir='ltr'><strong>τὰς</strong></span> <span class='ocrx_word' id='word_1_575' title='bbox 2874 3467 3013 3520; x_wconf 81' lang='grc' dir='ltr'>κατὰ</span> <span class='ocrx_word' id='word_1_576' title='bbox 3035 3468 3272 3521; x_wconf 82' lang='grc' dir='ltr'>Μωῦσέα</span> <span class='ocrx_word' id='word_1_577' title='bbox 3304 3467 3517 3532; x_wconf 77' lang='grc' dir='ltr'>θυσίας</span> <span class='ocrx_word' id='word_1_578' title='bbox 3537 3471 3564 3520; x_wconf 79' lang='grc' dir='ltr'>ὁ</span> <span class='ocrx_word' id='word_1_579' title='bbox 3593 3466 3610 3519; x_wconf 81' lang='grc' dir='ltr'>ε</span> 
     </span>
    </p>
   </div>
   <div class='ocr_carea' id='block_1_80' title="bbox 2367 3556 3609 3631">
    <p class='ocr_par' dir='ltr' id='par_1_80' title="bbox 2367 3556 3609 3631">
     <span class='ocr_line' id='line_1_80' title="bbox 2367 3556 3609 3631; baseline -0.015 -16"><span class='ocrx_word' id='word_1_580' title='bbox 2367 3561 2682 3631; x_wconf 82' lang='grc' dir='ltr'>τησάμενος,</span> <span class='ocrx_word' id='word_1_581' title='bbox 2707 3557 2767 3609; x_wconf 84' lang='grc' dir='ltr'><strong>τὸ</strong></span> <span class='ocrx_word' id='word_1_582' title='bbox 2806 3557 2992 3626; x_wconf 80' lang='grc' dir='ltr'>μέλλον</span> <span class='ocrx_word' id='word_1_583' title='bbox 3029 3556 3251 3609; x_wconf 80' lang='grc' dir='ltr'>ἔσεσθαι</span> <span class='ocrx_word' id='word_1_584' title='bbox 3276 3557 3410 3611; x_wconf 78' lang='grc' dir='ltr'>καθ’</span> <span class='ocrx_word' id='word_1_585' title='bbox 3466 3560 3609 3630; x_wconf 66' lang='grc' dir='ltr'>ἡμᾶς</span> 
     </span>
    </p>
   </div>
   <div class='ocr_carea' id='block_1_81' title="bbox 2372 3644 3610 3714">
    <p class='ocr_par' dir='ltr' id='par_1_81' title="bbox 2372 3644 3610 3714">
     <span class='ocr_line' id='line_1_81' title="bbox 2372 3644 3610 3714; baseline -0.004 -12"><span class='ocrx_word' id='word_1_586' title='bbox 2372 3647 2574 3711; x_wconf 77' lang='grc' dir='ltr'>σπίξει,</span> <span class='ocrx_word' id='word_1_587' title='bbox 2625 3646 2831 3714; x_wconf 80' lang='grc' dir='ltr'>λέγων·</span> <span class='ocrx_word' id='word_1_588' title='bbox 2888 3662 2908 3694; x_wconf 77' lang='grc' dir='ltr'>ι</span> <span class='ocrx_word' id='word_1_589' title='bbox 2953 3644 3096 3696; x_wconf 80' lang='grc' dir='ltr'>Διότι</span> <span class='ocrx_word' id='word_1_590' title='bbox 3151 3644 3261 3697; x_wconf 79' lang='grc' dir='ltr'>ἀπὸ</span> <span class='ocrx_word' id='word_1_591' title='bbox 3314 3645 3610 3698; x_wconf 82' lang='grc' dir='ltr'>ἀνατολῶν</span> 
     </span>
    </p>
   </div>
   <div class='ocr_carea' id='block_1_82' title="bbox 2374 3733 3610 3807">
    <p class='ocr_par' dir='ltr' id='par_1_82' title="bbox 2374 3733 3610 3807">
     <span class='ocr_line' id='line_1_82' title="bbox 2374 3733 3610 3807; baseline -0.003 -20"><span class='ocrx_word' id='word_1_592' title='bbox 2374 3737 2531 3807; x_wconf 86' lang='grc' dir='ltr'>μέχρι</span> <span class='ocrx_word' id='word_1_593' title='bbox 2582 3733 2793 3803; x_wconf 78' lang='grc' dir='ltr'>δυσμῶν</span> <span class='ocrx_word' id='word_1_594' title='bbox 2847 3734 2907 3786; x_wconf 75' lang='grc' dir='ltr'>τὸ</span> <span class='ocrx_word' id='word_1_595' title='bbox 2957 3733 3127 3802; x_wconf 74' lang='grc' dir='ltr'>ὄνομά</span> <span class='ocrx_word' id='word_1_596' title='bbox 3183 3750 3288 3803; x_wconf 92' lang='grc' dir='ltr'><strong>μου</strong></span> <span class='ocrx_word' id='word_1_597' title='bbox 3343 3735 3610 3798; x_wconf 72' lang='grc' dir='ltr'>δεδόξαστ</span> 
     </span>
    </p>
   </div>
   <div class='ocr_carea' id='block_1_83' title="bbox 2371 3823 3610 3894">
    <p class='ocr_par' dir='ltr' id='par_1_83' title="bbox 2371 3823 3610 3894">
     <span class='ocr_line' id='line_1_83' title="bbox 2371 3823 3610 3894; baseline -0.003 -15"><span class='ocrx_word' id='word_1_598' title='bbox 2371 3826 2563 3889; x_wconf 76' lang='grc' dir='ltr'>ἔθνεσι,</span> <span class='ocrx_word' id='word_1_599' title='bbox 2598 3826 2690 3877; x_wconf 80' lang='grc' dir='ltr'><strong>καὶ</strong></span> <span class='ocrx_word' id='word_1_600' title='bbox 2722 3827 2778 3876; x_wconf 87' lang='grc' dir='ltr'><strong>ὲν</strong></span> <span class='ocrx_word' id='word_1_601' title='bbox 2812 3824 2970 3877; x_wconf 79' lang='grc' dir='ltr'>παντὶ</span> <span class='ocrx_word' id='word_1_602' title='bbox 3013 3824 3163 3893; x_wconf 83' lang='grc' dir='ltr'><strong>τόπῳ</strong></span> <span class='ocrx_word' id='word_1_603' title='bbox 3198 3823 3490 3894; x_wconf 78' lang='grc' dir='ltr'>θυμίαμα.</span> <span class='ocrx_word' id='word_1_604' title='bbox 3524 3841 3610 3894; x_wconf 66' lang='grc' dir='ltr'>πρ(</span> 
     </span>
    </p>
   </div>
   <div class='ocr_carea' id='block_1_84' title="bbox 2369 3911 3610 3984">
    <p class='ocr_par' dir='ltr' id='par_1_84' title="bbox 2369 3911 3610 3984">
     <span class='ocr_line' id='line_1_84' title="bbox 2369 3911 3610 3984; baseline -0.001 -16"><span class='ocrx_word' id='word_1_605' title='bbox 2369 3915 2583 3984; x_wconf 86' lang='grc' dir='ltr'>ὀνόματί</span> <span class='ocrx_word' id='word_1_606' title='bbox 2614 3929 2732 3982; x_wconf 86' lang='grc' dir='ltr'>μου,</span> <span class='ocrx_word' id='word_1_607' title='bbox 2765 3913 2856 3964; x_wconf 80' lang='grc' dir='ltr'><strong>καὶ</strong></span> <span class='ocrx_word' id='word_1_608' title='bbox 2893 3911 3050 3963; x_wconf 85' lang='grc' dir='ltr'>θυσία</span> <span class='ocrx_word' id='word_1_609' title='bbox 3075 3912 3317 3981; x_wconf 79' lang='grc' dir='ltr'>καθαρά.</span> <span class='ocrx_word' id='word_1_610' title='bbox 3362 3932 3383 3964; x_wconf 74' lang='grc' dir='ltr'>ι</span> <span class='ocrx_word' id='word_1_611' title='bbox 3426 3915 3610 3984; x_wconf 75' lang='grc' dir='ltr'>Θύομε</span> 
     </span>
    </p>
   </div>
   <div class='ocr_carea' id='block_1_85' title="bbox 2369 3999 3608 4073">
    <p class='ocr_par' dir='ltr' id='par_1_85' title="bbox 2369 3999 3608 4073">
     <span class='ocr_line' id='line_1_85' title="bbox 2369 3999 3608 4073; baseline 0.003 -20"><span class='ocrx_word' id='word_1_612' title='bbox 2369 4002 2566 4073; x_wconf 84' lang='grc' dir='ltr'>γαροῦν</span> <span class='ocrx_word' id='word_1_613' title='bbox 2588 4001 2664 4072; x_wconf 78' lang='grc' dir='ltr'>τῷ</span> <span class='ocrx_word' id='word_1_614' title='bbox 2689 4001 2778 4052; x_wconf 77' lang='grc' dir='ltr'>ἐπὶ</span> <span class='ocrx_word' id='word_1_615' title='bbox 2800 4001 3011 4052; x_wconf 80' lang='grc' dir='ltr'>πάντων</span> <span class='ocrx_word' id='word_1_616' title='bbox 3041 3999 3159 4069; x_wconf 78' lang='grc' dir='ltr'>Θεῷ</span> <span class='ocrx_word' id='word_1_617' title='bbox 3188 3999 3393 4053; x_wconf 87' lang='grc' dir='ltr'>θυσίαν</span> <span class='ocrx_word' id='word_1_618' title='bbox 3429 4006 3608 4058; x_wconf 80' lang='grc' dir='ltr'>αίνὲσ</span> 
     </span>
    </p>
   </div>
   <div class='ocr_carea' id='block_1_86' title="bbox 2368 4087 3609 4160">
    <p class='ocr_par' dir='ltr' id='par_1_86' title="bbox 2368 4087 3609 4160">
     <span class='ocr_line' id='line_1_86' title="bbox 2368 4087 3609 4160; baseline 0 -15"><span class='ocrx_word' id='word_1_619' title='bbox 2368 4093 2429 4145; x_wconf 83' lang='grc' dir='ltr'><strong>τὸ</strong></span> <span class='ocrx_word' id='word_1_620' title='bbox 2453 4091 2648 4153; x_wconf 75' lang='grc' dir='ltr'>ἔνθεον,</span> <span class='ocrx_word' id='word_1_621' title='bbox 2673 4089 2765 4142; x_wconf 74' lang='grc' dir='ltr'>καὶ</span> <span class='ocrx_word' id='word_1_622' title='bbox 2806 4087 3017 4158; x_wconf 80' lang='grc' dir='ltr'>σεμνὸν,</span> <span class='ocrx_word' id='word_1_623' title='bbox 3049 4088 3142 4141; x_wconf 77' lang='grc' dir='ltr'>καὶ</span> <span class='ocrx_word' id='word_1_624' title='bbox 3178 4091 3553 4160; x_wconf 82' lang='grc' dir='ltr'>ἱεροπρεπὲς</span> <span class='ocrx_word' id='word_1_625' title='bbox 3581 4094 3609 4144; x_wconf 90' lang='grc' dir='ltr'><strong>θ</strong></span> 
     </span>
    </p>
   </div>
   <div class='ocr_carea' id='block_1_87' title="bbox 2371 4178 3583 4255">
    <p class='ocr_par' dir='ltr' id='par_1_87' title="bbox 2371 4178 3583 4255">
     <span class='ocr_line' id='line_1_87' title="bbox 2371 4178 3583 4255; baseline -0.002 -20"><span class='ocrx_word' id='word_1_626' title='bbox 2371 4182 2566 4245; x_wconf 84' lang='grc' dir='ltr'>καινῶς</span> <span class='ocrx_word' id='word_1_627' title='bbox 2596 4179 2735 4233; x_wconf 76' lang='grc' dir='ltr'>κατὰ</span> <span class='ocrx_word' id='word_1_628' title='bbox 2763 4179 2858 4248; x_wconf 82' lang='grc' dir='ltr'>τὴν</span> <span class='ocrx_word' id='word_1_629' title='bbox 2890 4179 3092 4248; x_wconf 79' lang='grc' dir='ltr'>Καινήν</span> <span class='ocrx_word' id='word_1_630' title='bbox 3119 4178 3419 4251; x_wconf 83' lang='grc' dir='ltr'>Διαθήκην</span> <span class='ocrx_word' id='word_1_631' title='bbox 3468 4186 3583 4255; x_wconf 79' lang='grc' dir='ltr'>τὴν</span> 
     </span>
    </p>
   </div>
   <div class='ocr_carea' id='block_1_88' title="bbox 2373 4265 3610 4338">
    <p class='ocr_par' dir='ltr' id='par_1_88' title="bbox 2373 4265 3610 4338">
     <span class='ocr_line' id='line_1_88' title="bbox 2373 4265 3610 4338; baseline 0.001 -15"><span class='ocrx_word' id='word_1_632' title='bbox 2373 4271 2507 4323; x_wconf 92' lang='grc' dir='ltr'>σίαν.</span> <span class='ocrx_word' id='word_1_633' title='bbox 2558 4288 2577 4320; x_wconf 76' lang='grc' dir='ltr'>ι</span> <span class='ocrx_word' id='word_1_634' title='bbox 2611 4268 2777 4321; x_wconf 86' lang='grc' dir='ltr'>Θυσία</span> <span class='ocrx_word' id='word_1_635' title='bbox 2803 4266 2859 4319; x_wconf 83' lang='grc' dir='ltr'><strong>δὲ</strong></span> <span class='ocrx_word' id='word_1_636' title='bbox 2886 4265 2961 4336; x_wconf 82' lang='grc' dir='ltr'>τῷ</span> <span class='ocrx_word' id='word_1_637' title='bbox 2987 4266 3103 4336; x_wconf 79' lang='grc' dir='ltr'><strong>Θεῷ</strong></span> <span class='ocrx_word' id='word_1_638' title='bbox 3149 4267 3387 4338; x_wconf 86' lang='grc' dir='ltr'>πνεῦμα</span> <span class='ocrx_word' id='word_1_639' title='bbox 3432 4289 3610 4327; x_wconf 82' lang='grc' dir='ltr'>συντε</span> 
     </span>
    </p>
   </div>
   <div class='ocr_carea' id='block_1_89' title="bbox 2372 4356 3610 4433">
    <p class='ocr_par' dir='ltr' id='par_1_89' title="bbox 2372 4356 3610 4433">
     <span class='ocr_line' id='line_1_89' title="bbox 2372 4356 3610 4433; baseline 0.012 -33"><span class='ocrx_word' id='word_1_640' title='bbox 2372 4360 2610 4429; x_wconf 50' lang='lat' dir='ltr'><strong>simcui.</strong></span> <span class='ocrx_word' id='word_1_641' title='bbox 2657 4376 2674 4408; x_wconf 74' lang='grc' dir='ltr'>ι</span> <span class='ocrx_word' id='word_1_642' title='bbox 2707 4357 2926 4425; x_wconf 85' lang='grc' dir='ltr'>καρδίαν</span> <span class='ocrx_word' id='word_1_643' title='bbox 2966 4356 3097 4422; x_wconf 87' lang='grc' dir='ltr'>γοῦν</span> <span class='ocrx_word' id='word_1_644' title='bbox 3136 4364 3610 4433; x_wconf 64' lang='grc' dir='ltr'>συντετριμμένι</span> 
     </span>
    </p>
   </div>
   <div class='ocr_carea' id='block_1_90' title="bbox 743 4443 2271 4532">
    <p class='ocr_par' dir='ltr' id='par_1_90' title="bbox 743 4450 2269 4532">
     <span class='ocr_line' id='line_1_90' title="bbox 743 4450 2269 4532; baseline -0.009 -15"><span class='ocrx_word' id='word_1_645' title='bbox 743 4473 928 4532; x_wconf 90' lang='lat' dir='ltr'><strong>gentes</strong></span> <span class='ocrx_word' id='word_1_646' title='bbox 968 4462 1023 4514; x_wconf 92' lang='lat' dir='ltr'><strong>in</strong></span> <span class='ocrx_word' id='word_1_647' title='bbox 1058 4460 1304 4530; x_wconf 72' lang='lat' dir='ltr'><strong>praesenti</strong></span> <span class='ocrx_word' id='word_1_648' title='bbox 1348 4466 1585 4526; x_wconf 90' lang='lat' dir='ltr'><strong>tempore</strong></span> <span class='ocrx_word' id='word_1_649' title='bbox 1631 4454 1910 4524; x_wconf 89' lang='lat' dir='ltr'><strong>perspicue</strong></span> <span class='ocrx_word' id='word_1_650' title='bbox 1953 4450 2269 4504; x_wconf 84' lang='lat' dir='ltr'><strong>celebratur.</strong></span> 
     </span>
    </p>
   </div>
   <div class='ocr_carea' id='block_1_91' title="bbox 2073 4443 3601 4532">
    <p class='ocr_par' dir='ltr' id='par_1_91' title="bbox 2073 4443 3601 4519">
     <span class='ocr_line' id='line_1_91' title="bbox 2073 4443 3601 4519; baseline -0.003 -16"><span class='ocrx_word' id='word_1_651' title='bbox 2073 4451 2269 4504; x_wconf 82' lang='lat' dir='ltr'><strong>bratur.</strong></span> <span class='ocrx_word' id='word_1_652' title='bbox 2303 4466 2345 4519; x_wconf 77' lang='grc' dir='ltr'><strong>ι)</strong></span> <span class='ocrx_word' id='word_1_653' title='bbox 2373 4446 2702 4516; x_wconf 83' lang='grc' dir='ltr'>πεινωμένην</span> <span class='ocrx_word' id='word_1_654' title='bbox 2745 4446 2772 4496; x_wconf 89' lang='grc' dir='ltr'>ὁ</span> <span class='ocrx_word' id='word_1_655' title='bbox 2798 4443 2927 4506; x_wconf 81' lang='grc' dir='ltr'>Θεὸς</span> <span class='ocrx_word' id='word_1_656' title='bbox 2958 4444 3057 4497; x_wconf 82' lang='grc' dir='ltr'>οὐκ</span> <span class='ocrx_word' id='word_1_657' title='bbox 3101 4445 3534 4510; x_wconf 77' lang='grc' dir='ltr'>ὲξουδενὼσει,</span> <span class='ocrx_word' id='word_1_658' title='bbox 3584 4471 3601 4502; x_wconf 75' lang='grc' dir='ltr'>ι</span> 
     </span>
    </p>
   </div>
   <div class='ocr_carea' id='block_1_92' title="bbox 744 4541 2273 4616">
    <p class='ocr_par' dir='ltr' id='par_1_92' title="bbox 744 4541 2273 4616">
     <span class='ocr_line' id='line_1_92' title="bbox 744 4541 2273 4616; baseline -0.01 -8"><span class='ocrx_word' id='word_1_659' title='bbox 744 4554 912 4609; x_wconf 86' lang='lat' dir='ltr'><strong>Porro</strong></span> <span class='ocrx_word' id='word_1_660' title='bbox 937 4552 1034 4605; x_wconf 90' lang='lat' dir='ltr'><strong>has</strong></span> <span class='ocrx_word' id='word_1_661' title='bbox 1060 4565 1247 4605; x_wconf 89' lang='lat' dir='ltr'><strong>rursus</strong></span> <span class='ocrx_word' id='word_1_662' title='bbox 1280 4550 1623 4616; x_wconf 90' lang='lat' dir='ltr'><strong>incorporeas</strong></span> <span class='ocrx_word' id='word_1_663' title='bbox 1646 4541 2096 4612; x_wconf 89' lang='lat' dir='ltr'><strong>intelligentiaque</strong></span> <span class='ocrx_word' id='word_1_664' title='bbox 2133 4554 2273 4609; x_wconf 63' lang='lat' dir='ltr'><strong>prae-</strong></span> 
     </span>
    </p>
   </div>
   <div class='ocr_carea' id='block_1_93' title="bbox 743 4632 2272 4709">
    <p class='ocr_par' dir='ltr' id='par_1_93' title="bbox 743 4632 2272 4709">
     <span class='ocr_line' id='line_1_93' title="bbox 743 4632 2272 4709; baseline -0.012 -8"><span class='ocrx_word' id='word_1_665' title='bbox 743 4643 886 4701; x_wconf 87' lang='lat' dir='ltr'><strong>ditas</strong></span> <span class='ocrx_word' id='word_1_666' title='bbox 916 4642 1118 4696; x_wconf 88' lang='lat' dir='ltr'><strong>hostias</strong></span> <span class='ocrx_word' id='word_1_667' title='bbox 1151 4640 1459 4709; x_wconf 87' lang='lat' dir='ltr'><strong>prophetica</strong></span> <span class='ocrx_word' id='word_1_668' title='bbox 1487 4637 1738 4690; x_wconf 88' lang='lat' dir='ltr'><strong>nuntiant</strong></span> <span class='ocrx_word' id='word_1_669' title='bbox 1761 4633 1998 4691; x_wconf 84' lang='lat' dir='ltr'><strong>oracula,</strong></span> <span class='ocrx_word' id='word_1_670' title='bbox 2031 4632 2110 4686; x_wconf 88' lang='lat' dir='ltr'><strong>sic</strong></span> <span class='ocrx_word' id='word_1_671' title='bbox 2139 4645 2272 4700; x_wconf 80' lang='lat' dir='ltr'><strong>quo-</strong></span> 
     </span>
    </p>
   </div>
   <div class='ocr_carea' id='block_1_94' title="bbox 745 4721 2274 4789">
    <p class='ocr_par' dir='ltr' id='par_1_94' title="bbox 745 4721 2274 4789">
     <span class='ocr_line' id='line_1_94' title="bbox 745 4721 2274 4789; baseline -0.01 0"><span class='ocrx_word' id='word_1_672' title='bbox 745 4736 867 4789; x_wconf 90' lang='lat' dir='ltr'><strong>dam</strong></span> <span class='ocrx_word' id='word_1_673' title='bbox 899 4734 1015 4787; x_wconf 93' lang='lat' dir='ltr'><strong>loco</strong></span> <span class='ocrx_word' id='word_1_674' title='bbox 1042 4730 1330 4784; x_wconf 86' lang='lat' dir='ltr'><strong>habentia:</strong></span> <span class='ocrx_word' id='word_1_675' title='bbox 1369 4746 1387 4778; x_wconf 77' lang='grc' dir='ltr'>ι</span> <span class='ocrx_word' id='word_1_676' title='bbox 1423 4726 1639 4780; x_wconf 87' lang='lat' dir='ltr'><strong>lmmola</strong></span> <span class='ocrx_word' id='word_1_677' title='bbox 1666 4724 1774 4778; x_wconf 91' lang='lat' dir='ltr'><strong>Deo</strong></span> <span class='ocrx_word' id='word_1_678' title='bbox 1808 4721 2128 4777; x_wconf 88' lang='lat' dir='ltr'><strong>sacriﬁcium</strong></span> <span class='ocrx_word' id='word_1_679' title='bbox 2158 4722 2274 4774; x_wconf 84' lang='lat' dir='ltr'><strong>lau-</strong></span> 
     </span>
    </p>
   </div>
   <div class='ocr_carea' id='block_1_95' title="bbox 744 4810 2272 4881">
    <p class='ocr_par' dir='ltr' id='par_1_95' title="bbox 744 4810 2272 4881">
     <span class='ocr_line' id='line_1_95' title="bbox 744 4810 2272 4881; baseline -0.009 -4"><span class='ocrx_word' id='word_1_680' title='bbox 744 4824 851 4881; x_wconf 88' lang='lat' dir='ltr'><strong>dis.</strong></span> <span class='ocrx_word' id='word_1_681' title='bbox 874 4830 926 4877; x_wconf 90' lang='lat' dir='ltr'><strong>et</strong></span> <span class='ocrx_word' id='word_1_682' title='bbox 966 4820 1127 4875; x_wconf 84' lang='lat' dir='ltr'><strong>redde</strong></span> <span class='ocrx_word' id='word_1_683' title='bbox 1166 4817 1439 4872; x_wconf 85' lang='lat' dir='ltr'><strong>Altissimo</strong></span> <span class='ocrx_word' id='word_1_684' title='bbox 1468 4824 1590 4869; x_wconf 89' lang='lat' dir='ltr'><strong>vota</strong></span> <span class='ocrx_word' id='word_1_685' title='bbox 1634 4826 1741 4876; x_wconf 88' lang='lat' dir='ltr'><strong>tua,</strong></span> <span class='ocrx_word' id='word_1_686' title='bbox 1772 4822 1823 4867; x_wconf 91' lang='lat' dir='ltr'><strong>et</strong></span> <span class='ocrx_word' id='word_1_687' title='bbox 1863 4814 2049 4868; x_wconf 89' lang='lat' dir='ltr'><strong>invoca</strong></span> <span class='ocrx_word' id='word_1_688' title='bbox 2094 4826 2177 4865; x_wconf 89' lang='lat' dir='ltr'><strong>me</strong></span> <span class='ocrx_word' id='word_1_689' title='bbox 2216 4810 2272 4863; x_wconf 92' lang='lat' dir='ltr'><strong>in</strong></span> 
     </span>
    </p>
   </div>
   <div class='ocr_carea' id='block_1_96' title="bbox 746 4901 2273 4973">
    <p class='ocr_par' dir='ltr' id='par_1_96' title="bbox 746 4901 2273 4973">
     <span class='ocr_line' id='line_1_96' title="bbox 746 4901 2273 4973; baseline -0.009 -8"><span class='ocrx_word' id='word_1_690' title='bbox 746 4911 833 4965; x_wconf 87' lang='lat' dir='ltr'><strong>die</strong></span> <span class='ocrx_word' id='word_1_691' title='bbox 886 4909 1265 4972; x_wconf 89' lang='lat' dir='ltr'><strong>tribulationis,</strong></span> <span class='ocrx_word' id='word_1_692' title='bbox 1325 4914 1380 4961; x_wconf 88' lang='lat' dir='ltr'><strong>et</strong></span> <span class='ocrx_word' id='word_1_693' title='bbox 1443 4921 1627 4960; x_wconf 88' lang='lat' dir='ltr'><strong>eruam</strong></span> <span class='ocrx_word' id='word_1_694' title='bbox 1694 4913 1776 4968; x_wconf 89' lang='lat' dir='ltr'><strong>te,</strong></span> <span class='ocrx_word' id='word_1_695' title='bbox 1847 4913 1903 4959; x_wconf 90' lang='lat' dir='ltr'><strong>et</strong></span> <span class='ocrx_word' id='word_1_696' title='bbox 1950 4901 2273 4973; x_wconf 82' lang='lat' dir='ltr'><strong>gloriﬁcabis</strong></span> 
     </span>
    </p>
   </div>
   <div class='ocr_carea' id='block_1_97' title="bbox 749 4996 2278 5055">
    <p class='ocr_par' dir='ltr' id='par_1_97' title="bbox 749 4996 2278 5055">
     <span class='ocr_line' id='line_1_97' title="bbox 749 4996 2278 5055; baseline -0.005 -4"><span class='ocrx_word' id='word_1_697' title='bbox 749 5002 912 5054; x_wconf 80' lang='lat' dir='ltr'><strong>me“.</strong></span> <span class='ocrx_word' id='word_1_698' title='bbox 953 5021 972 5053; x_wconf 73' lang='grc' dir='ltr'>ι</span> <span class='ocrx_word' id='word_1_699' title='bbox 1008 5002 1069 5054; x_wconf 83' lang='grc' dir='ltr'>Ει</span> <span class='ocrx_word' id='word_1_700' title='bbox 1093 5017 1313 5055; x_wconf 87' lang='lat' dir='ltr'><strong>rursus:</strong></span> <span class='ocrx_word' id='word_1_701' title='bbox 1343 5017 1361 5049; x_wconf 78' lang='grc' dir='ltr'>ι</span> <span class='ocrx_word' id='word_1_702' title='bbox 1399 4996 1633 5052; x_wconf 86' lang='lat' dir='ltr'><strong>Elevatio</strong></span> <span class='ocrx_word' id='word_1_703' title='bbox 1659 5007 1909 5049; x_wconf 88' lang='lat' dir='ltr'><strong>manuum</strong></span> <span class='ocrx_word' id='word_1_704' title='bbox 1939 5007 2173 5046; x_wconf 89' lang='lat' dir='ltr'><strong>mearum</strong></span> <span class='ocrx_word' id='word_1_705' title='bbox 2191 5006 2278 5045; x_wconf 88' lang='lat' dir='ltr'><strong>sa-</strong></span> 
     </span>
    </p>
   </div>
   <div class='ocr_carea' id='block_1_98' title="bbox 748 5078 2277 5155">
    <p class='ocr_par' dir='ltr' id='par_1_98' title="bbox 748 5078 2277 5155">
     <span class='ocr_line' id='line_1_98' title="bbox 748 5078 2277 5155; baseline -0.007 -17"><span class='ocrx_word' id='word_1_706' title='bbox 748 5086 1006 5139; x_wconf 81' lang='lat' dir='ltr'><strong>criﬁcium</strong></span> <span class='ocrx_word' id='word_1_707' title='bbox 1033 5086 1465 5155; x_wconf 71' lang='lat' dir='ltr'><strong>vespertinum&quot;.</strong></span> <span class='ocrx_word' id='word_1_708' title='bbox 1501 5103 1520 5136; x_wconf 72' lang='grc' dir='ltr'>ι</span> <span class='ocrx_word' id='word_1_709' title='bbox 1546 5084 1675 5137; x_wconf 89' lang='lat' dir='ltr'><strong>ltem</strong></span> <span class='ocrx_word' id='word_1_710' title='bbox 1700 5084 1861 5137; x_wconf 86' lang='lat' dir='ltr'><strong>alibi:</strong></span> <span class='ocrx_word' id='word_1_711' title='bbox 1897 5100 1915 5133; x_wconf 78' lang='grc' dir='ltr'>ι</span> <span class='ocrx_word' id='word_1_712' title='bbox 1947 5078 2277 5133; x_wconf 88' lang='lat' dir='ltr'><strong>Sacriﬁcium</strong></span> 
     </span>
    </p>
   </div>
   <div class='ocr_carea' id='block_1_99' title="bbox 750 5166 2278 5243">
    <p class='ocr_par' dir='ltr' id='par_1_99' title="bbox 750 5166 2278 5243">
     <span class='ocr_line' id='line_1_99' title="bbox 750 5166 2278 5243; baseline -0.005 -15"><span class='ocrx_word' id='word_1_713' title='bbox 750 5171 880 5237; x_wconf 83' lang='lat' dir='ltr'><strong>Deo,</strong></span> <span class='ocrx_word' id='word_1_714' title='bbox 910 5176 1126 5241; x_wconf 89' lang='lat' dir='ltr'><strong>spiritus</strong></span> <span class='ocrx_word' id='word_1_715' title='bbox 1150 5176 1485 5230; x_wconf 79' lang='lat' dir='ltr'><strong>contritus“.</strong></span> <span class='ocrx_word' id='word_1_716' title='bbox 1509 5195 1526 5226; x_wconf 74' lang='grc' dir='ltr'>ι</span> <span class='ocrx_word' id='word_1_717' title='bbox 1553 5172 1675 5228; x_wconf 75' lang='lat' dir='ltr'><strong>Hzec</strong></span> <span class='ocrx_word' id='word_1_718' title='bbox 1691 5174 1849 5243; x_wconf 87' lang='lat' dir='ltr'><strong>igitur</strong></span> <span class='ocrx_word' id='word_1_719' title='bbox 1864 5170 2192 5236; x_wconf 75' lang='lat' dir='ltr'><strong>omnia,qu:e</strong></span> <span class='ocrx_word' id='word_1_720' title='bbox 2210 5166 2278 5220; x_wconf 87' lang='lat' dir='ltr'><strong>ab</strong></span> 
     </span>
    </p>
   </div>
   <div class='ocr_carea' id='block_1_100' title="bbox 751 5257 2278 5332">
    <p class='ocr_par' dir='ltr' id='par_1_100' title="bbox 751 5257 2278 5332">
     <span class='ocr_line' id='line_1_100' title="bbox 751 5257 2278 5332; baseline -0.006 -17"><span class='ocrx_word' id='word_1_721' title='bbox 751 5262 903 5315; x_wconf 80' lang='lat' dir='ltr'><strong>initio</strong></span> <span class='ocrx_word' id='word_1_722' title='bbox 927 5262 1180 5317; x_wconf 86' lang='lat' dir='ltr'><strong>divinitus</strong></span> <span class='ocrx_word' id='word_1_723' title='bbox 1211 5266 1460 5330; x_wconf 74' lang='lat' dir='ltr'><strong>przedicta</strong></span> <span class='ocrx_word' id='word_1_724' title='bbox 1495 5272 1643 5330; x_wconf 89' lang='lat' dir='ltr'><strong>sunt,</strong></span> <span class='ocrx_word' id='word_1_725' title='bbox 1672 5264 1725 5316; x_wconf 92' lang='lat' dir='ltr'><strong>in</strong></span> <span class='ocrx_word' id='word_1_726' title='bbox 1762 5257 2009 5332; x_wconf 66' lang='lat' dir='ltr'><strong>praesenti</strong></span> <span class='ocrx_word' id='word_1_727' title='bbox 2041 5265 2278 5323; x_wconf 88' lang='lat' dir='ltr'><strong>tempore</strong></span> 
     </span>
    </p>
   </div>
   <div class='ocr_carea' id='block_1_101' title="bbox 750 5344 2271 5422">
    <p class='ocr_par' dir='ltr' id='par_1_101' title="bbox 750 5344 2271 5422">
     <span class='ocr_line' id='line_1_101' title="bbox 750 5344 2271 5422; baseline -0.005 -18"><span class='ocrx_word' id='word_1_728' title='bbox 750 5366 844 5422; x_wconf 82' lang='lat' dir='ltr'><strong>per</strong></span> <span class='ocrx_word' id='word_1_729' title='bbox 882 5350 1237 5418; x_wconf 87' lang='lat' dir='ltr'><strong>evangelicam</strong></span> <span class='ocrx_word' id='word_1_730' title='bbox 1278 5353 1570 5408; x_wconf 87' lang='lat' dir='ltr'><strong>Salvatoris</strong></span> <span class='ocrx_word' id='word_1_731' title='bbox 1615 5354 1785 5409; x_wconf 86' lang='lat' dir='ltr'><strong>nostri</strong></span> <span class='ocrx_word' id='word_1_732' title='bbox 1835 5349 2131 5404; x_wconf 88' lang='lat' dir='ltr'><strong>doctrinam</strong></span> <span class='ocrx_word' id='word_1_733' title='bbox 2162 5344 2271 5414; x_wconf 68' lang='grc'>40</span> 
     </span>
    </p>
   </div>
   <div class='ocr_carea' id='block_1_102' title="bbox 751 5435 2268 5511">
    <p class='ocr_par' dir='ltr' id='par_1_102' title="bbox 751 5435 2268 5511">
     <span class='ocr_line' id='line_1_102' title="bbox 751 5435 2268 5511; baseline -0.005 -16"><span class='ocrx_word' id='word_1_734' title='bbox 751 5443 821 5497; x_wconf 77' lang='lat' dir='ltr'><strong>ab</strong></span> <span class='ocrx_word' id='word_1_735' title='bbox 850 5441 1098 5495; x_wconf 86' lang='lat' dir='ltr'><strong>omnibus</strong></span> <span class='ocrx_word' id='word_1_736' title='bbox 1128 5440 1373 5509; x_wconf 89' lang='lat' dir='ltr'><strong>gentibus</strong></span> <span class='ocrx_word' id='word_1_737' title='bbox 1400 5442 1756 5508; x_wconf 86' lang='lat' dir='ltr'><strong>celebrantur,</strong></span> <span class='ocrx_word' id='word_1_738' title='bbox 1803 5437 2120 5511; x_wconf 55' lang='lat' dir='ltr'><strong>prophetica;</strong></span> <span class='ocrx_word' id='word_1_739' title='bbox 2150 5435 2268 5490; x_wconf 89' lang='lat' dir='ltr'><strong>voci</strong></span> 
     </span>
    </p>
   </div>
   <div class='ocr_carea' id='block_1_103' title="bbox 820 5525 2840 5595">
    <p class='ocr_par' dir='ltr' id='par_1_103' title="bbox 820 5525 2840 5595">
     <span class='ocr_line' id='line_1_103' title="bbox 820 5525 2840 5595; baseline 0.001 -11"><span class='ocrx_word' id='word_1_740' title='bbox 820 5534 866 5566; x_wconf 78' lang='grc'><strong><em>³⁸</em></strong></span> <span class='ocrx_word' id='word_1_741' title='bbox 889 5532 1032 5589; x_wconf 79' lang='lat' dir='ltr'><strong>Psal.</strong></span> <span class='ocrx_word' id='word_1_742' title='bbox 1072 5547 1267 5589; x_wconf 78' lang='lat' dir='ltr'><strong>xxxix.</strong></span> <span class='ocrx_word' id='word_1_743' title='bbox 1299 5532 1414 5587; x_wconf 67' lang='lat'><strong>2-4.</strong></span> <span class='ocrx_word' id='word_1_744' title='bbox 1488 5534 1530 5564; x_wconf 78' lang='lat'>“</span> <span class='ocrx_word' id='word_1_745' title='bbox 1582 5534 1714 5591; x_wconf 84' lang='lat' dir='ltr'><strong>Ibid.</strong></span> <span class='ocrx_word' id='word_1_746' title='bbox 1745 5536 1858 5590; x_wconf 85' lang='lat'><strong>7-9.</strong></span> <span class='ocrx_word' id='word_1_747' title='bbox 1935 5533 1977 5564; x_wconf 78' lang='grc'><strong>³⁸</strong></span> <span class='ocrx_word' id='word_1_748' title='bbox 2007 5529 2142 5583; x_wconf 85' lang='lat' dir='ltr'><strong>lbid.</strong></span> <span class='ocrx_word' id='word_1_749' title='bbox 2178 5529 2262 5582; x_wconf 72' lang='lat'><strong>10.</strong></span> <span class='ocrx_word' id='word_1_750' title='bbox 2336 5526 2379 5557; x_wconf 87' lang='grc'><em>³³</em></span> <span class='ocrx_word' id='word_1_751' title='bbox 2409 5525 2551 5581; x_wconf 83' lang='lat' dir='ltr'><strong>Psal.</strong></span> <span class='ocrx_word' id='word_1_752' title='bbox 2611 5541 2751 5595; x_wconf 79' lang='lat' dir='ltr'><strong>xxu,</strong></span> <span class='ocrx_word' id='word_1_753' title='bbox 2787 5529 2840 5588; x_wconf 86' lang='lat'><strong>5.</strong></span> 
     </span>
    </p>
   </div>
   <div class='ocr_carea' id='block_1_104' title="bbox 2376 4522 3610 4608">
    <p class='ocr_par' dir='ltr' id='par_1_104' title="bbox 2376 4522 3610 4608">
     <span class='ocr_line' id='line_1_104' title="bbox 2376 4522 3610 4608; baseline 0.003 -19"><span class='ocrx_word' id='word_1_754' title='bbox 2376 4537 2647 4608; x_wconf 86' lang='grc' dir='ltr'>θυμιῶμεν</span> <span class='ocrx_word' id='word_1_755' title='bbox 2690 4534 2747 4586; x_wconf 81' lang='grc' dir='ltr'>τὸ</span> <span class='ocrx_word' id='word_1_756' title='bbox 2789 4522 3115 4604; x_wconf 66' lang='grc' dir='ltr'>προφητιιιδν</span> <span class='ocrx_word' id='word_1_757' title='bbox 3158 4533 3481 4607; x_wconf 82' lang='grc' dir='ltr'>θυμίαμα,</span> <span class='ocrx_word' id='word_1_758' title='bbox 3552 4544 3610 4595; x_wconf 79' lang='grc' dir='ltr'><strong>ὲν</strong></span> 
     </span>
    </p>
   </div>
   <div class='ocr_carea' id='block_1_105' title="bbox 2375 4622 3610 4702">
    <p class='ocr_par' dir='ltr' id='par_1_105' title="bbox 2375 4622 3610 4702">
     <span class='ocr_line' id='line_1_105' title="bbox 2375 4622 3610 4702; baseline -0.003 -20"><span class='ocrx_word' id='word_1_759' title='bbox 2375 4624 2818 4700; x_wconf 78' lang='grc' dir='ltr'>προσκομίζοντες</span> <span class='ocrx_word' id='word_1_760' title='bbox 2847 4622 2992 4693; x_wconf 80' lang='grc' dir='ltr'>αὐτῷ</span> <span class='ocrx_word' id='word_1_761' title='bbox 3021 4623 3111 4675; x_wconf 84' lang='grc' dir='ltr'><strong>τὸν</strong></span> <span class='ocrx_word' id='word_1_762' title='bbox 3152 4624 3341 4695; x_wconf 82' lang='grc' dir='ltr'>εὐώδη</span> <span class='ocrx_word' id='word_1_763' title='bbox 3392 4631 3610 4702; x_wconf 75' lang='grc' dir='ltr'>καρπὶ</span> 
     </span>
    </p>
   </div>
   <div class='ocr_carea' id='block_1_106' title="bbox 2381 4712 3610 4791">
    <p class='ocr_par' dir='ltr' id='par_1_106' title="bbox 2381 4712 3610 4791">
     <span class='ocr_line' id='line_1_106' title="bbox 2381 4712 3610 4791; baseline -0.003 -18"><span class='ocrx_word' id='word_1_764' title='bbox 2381 4723 2528 4791; x_wconf 79' lang='grc' dir='ltr'>ρέτου</span> <span class='ocrx_word' id='word_1_765' title='bbox 2566 4714 2853 4782; x_wconf 87' lang='grc' dir='ltr'>θεολογίας,</span> <span class='ocrx_word' id='word_1_766' title='bbox 2890 4712 2978 4767; x_wconf 73' lang='grc' dir='ltr'><strong>διὰ</strong></span> <span class='ocrx_word' id='word_1_767' title='bbox 3022 4713 3131 4766; x_wconf 87' lang='grc' dir='ltr'><strong>τῶν</strong></span> <span class='ocrx_word' id='word_1_768' title='bbox 3166 4716 3312 4787; x_wconf 83' lang='grc' dir='ltr'>πρὸς</span> <span class='ocrx_word' id='word_1_769' title='bbox 3339 4718 3561 4775; x_wconf 78' lang='grc' dir='ltr'>αὑτὸν</span> <span class='ocrx_word' id='word_1_770' title='bbox 3598 4740 3610 4773; x_wconf 80' lang='grc' dir='ltr'><em>ε</em></span> 
     </span>
    </p>
   </div>
   <div class='ocr_carea' id='block_1_107' title="bbox 2379 4802 3588 4879">
    <p class='ocr_par' dir='ltr' id='par_1_107' title="bbox 2379 4802 3588 4879">
     <span class='ocr_line' id='line_1_107' title="bbox 2379 4802 3588 4879; baseline 0.002 -20"><span class='ocrx_word' id='word_1_771' title='bbox 2379 4824 2574 4879; x_wconf 89' lang='grc' dir='ltr'>ροντες.</span> <span class='ocrx_word' id='word_1_772' title='bbox 2609 4803 2773 4856; x_wconf 86' lang='grc' dir='ltr'>Τοῦτό</span> <span class='ocrx_word' id='word_1_773' title='bbox 2808 4819 2889 4854; x_wconf 88' lang='grc' dir='ltr'><strong>τοι</strong></span> <span class='ocrx_word' id='word_1_774' title='bbox 2930 4802 3022 4854; x_wconf 69' lang='grc' dir='ltr'><strong>καὶ</strong></span> <span class='ocrx_word' id='word_1_775' title='bbox 3064 4803 3220 4869; x_wconf 76' lang='grc' dir='ltr'>ἄλλος</span> <span class='ocrx_word' id='word_1_776' title='bbox 3271 4805 3588 4864; x_wconf 79' lang='grc' dir='ltr'>διδάσκει</span> 
     </span>
    </p>
   </div>
   <div class='ocr_carea' id='block_1_108' title="bbox 2377 4890 3584 4965">
    <p class='ocr_par' dir='ltr' id='par_1_108' title="bbox 2377 4890 3584 4965">
     <span class='ocr_line' id='line_1_108' title="bbox 2377 4890 3584 4965; baseline -0.002 -16"><span class='ocrx_word' id='word_1_777' title='bbox 2377 4896 2571 4965; x_wconf 83' lang='grc' dir='ltr'>φήσας·</span> <span class='ocrx_word' id='word_1_778' title='bbox 2601 4912 2620 4944; x_wconf 87' lang='grc'><strong>‹</strong></span> <span class='ocrx_word' id='word_1_779' title='bbox 2643 4890 2924 4960; x_wconf 75' lang='grc' dir='ltr'>Γενηθήτω</span> <span class='ocrx_word' id='word_1_780' title='bbox 2945 4892 3272 4965; x_wconf 81' lang='grc' dir='ltr'>ἡπροσευχή</span> <span class='ocrx_word' id='word_1_781' title='bbox 3311 4911 3434 4964; x_wconf 76' lang='grc' dir='ltr'><strong>μου</strong></span> <span class='ocrx_word' id='word_1_782' title='bbox 3478 4899 3584 4963; x_wconf 82' lang='grc' dir='ltr'>ὡς</span> 
     </span>
    </p>
   </div>
   <div class='ocr_carea' id='block_1_109' title="bbox 2374 4979 3599 5053">
    <p class='ocr_par' dir='ltr' id='par_1_109' title="bbox 2374 4979 3599 5053">
     <span class='ocr_line' id='line_1_109' title="bbox 2374 4979 3599 5053; baseline 0.001 -15"><span class='ocrx_word' id='word_1_783' title='bbox 2374 4985 2492 5039; x_wconf 86' lang='grc' dir='ltr'><strong>πιόν</strong></span> <span class='ocrx_word' id='word_1_784' title='bbox 2522 4999 2633 5035; x_wconf 90' lang='grc' dir='ltr'>σου.</span> <span class='ocrx_word' id='word_1_785' title='bbox 2673 5001 2691 5033; x_wconf 76' lang='grc' dir='ltr'>ι</span> <span class='ocrx_word' id='word_1_786' title='bbox 2723 4979 2924 5033; x_wconf 80' lang='grc' dir='ltr'>Οὐκοῦν</span> <span class='ocrx_word' id='word_1_787' title='bbox 2953 4983 3048 5035; x_wconf 75' lang='grc' dir='ltr'>καὶ</span> <span class='ocrx_word' id='word_1_788' title='bbox 3075 4981 3307 5053; x_wconf 78' lang='grc' dir='ltr'>θύομεν,</span> <span class='ocrx_word' id='word_1_789' title='bbox 3342 4986 3463 5039; x_wconf 76' lang='grc' dir='ltr'><strong>καὶ</strong></span> <span class='ocrx_word' id='word_1_790' title='bbox 3516 4989 3599 5042; x_wconf 63' lang='lat' dir='ltr'><strong>eo</strong></span> 
     </span>
    </p>
   </div>
   <div class='ocr_carea' id='block_1_110' title="bbox 2377 5071 3580 5145">
    <p class='ocr_par' dir='ltr' id='par_1_110' title="bbox 2377 5071 3580 5145">
     <span class='ocr_line' id='line_1_110' title="bbox 2377 5071 3580 5145; baseline 0.003 -19"><span class='ocrx_word' id='word_1_791' title='bbox 2377 5076 2471 5145; x_wconf 85' lang='grc' dir='ltr'>μὲν</span> <span class='ocrx_word' id='word_1_792' title='bbox 2497 5072 2593 5143; x_wconf 82' lang='grc' dir='ltr'>τὴν</span> <span class='ocrx_word' id='word_1_793' title='bbox 2619 5073 2831 5143; x_wconf 87' lang='grc' dir='ltr'>μνήμην</span> <span class='ocrx_word' id='word_1_794' title='bbox 2856 5071 2951 5126; x_wconf 87' lang='grc' dir='ltr'><strong>τοῦ</strong></span> <span class='ocrx_word' id='word_1_795' title='bbox 2981 5075 3216 5145; x_wconf 81' lang='grc' dir='ltr'>μεγάλου</span> <span class='ocrx_word' id='word_1_796' title='bbox 3240 5075 3580 5145; x_wconf 82' lang='grc' dir='ltr'>θύματος,</span> 
     </span>
    </p>
   </div>
   <div class='ocr_carea' id='block_1_111' title="bbox 2372 5161 3604 5239">
    <p class='ocr_par' dir='ltr' id='par_1_111' title="bbox 2372 5161 3604 5239">
     <span class='ocr_line' id='line_1_111' title="bbox 2372 5161 3604 5239; baseline 0.003 -23"><span class='ocrx_word' id='word_1_797' title='bbox 2372 5163 2530 5217; x_wconf 79' lang='grc' dir='ltr'>αὐτοῦ</span> <span class='ocrx_word' id='word_1_798' title='bbox 2556 5161 2920 5232; x_wconf 78' lang='grc' dir='ltr'>παραδοθέντα</span> <span class='ocrx_word' id='word_1_799' title='bbox 2956 5169 3230 5239; x_wconf 85' lang='grc' dir='ltr'>μυστήρια</span> <span class='ocrx_word' id='word_1_800' title='bbox 3275 5167 3604 5222; x_wconf 81' lang='grc' dir='ltr'>ὲπιτελοῦ</span> 
     </span>
    </p>
   </div>
   <div class='ocr_carea' id='block_1_112' title="bbox 2374 5250 3610 5329">
    <p class='ocr_par' dir='ltr' id='par_1_112' title="bbox 2374 5250 3610 5329">
     <span class='ocr_line' id='line_1_112' title="bbox 2374 5250 3610 5329; baseline 0.006 -25"><span class='ocrx_word' id='word_1_801' title='bbox 2374 5251 2510 5320; x_wconf 83' lang='grc' dir='ltr'>ὑπὲρ</span> <span class='ocrx_word' id='word_1_802' title='bbox 2539 5250 2806 5321; x_wconf 86' lang='grc' dir='ltr'>σωτηρίας</span> <span class='ocrx_word' id='word_1_803' title='bbox 2829 5253 2984 5323; x_wconf 81' lang='grc' dir='ltr'>ἡμῶν</span> <span class='ocrx_word' id='word_1_804' title='bbox 3014 5251 3390 5329; x_wconf 71' lang='grc' dir='ltr'>εὐχαριστίᾶν</span> <span class='ocrx_word' id='word_1_805' title='bbox 3426 5257 3516 5311; x_wconf 78' lang='grc' dir='ltr'><strong>δι’</strong></span> <span class='ocrx_word' id='word_1_806' title='bbox 3554 5259 3610 5311; x_wconf 65' lang='grc' dir='ltr'>εἰ</span> 
     </span>
    </p>
   </div>
   <div class='ocr_carea' id='block_1_113' title="bbox 2373 5341 3610 5421">
    <p class='ocr_par' dir='ltr' id='par_1_113' title="bbox 2373 5341 3610 5421">
     <span class='ocr_line' id='line_1_113' title="bbox 2373 5341 3610 5421; baseline 0.006 -26"><span class='ocrx_word' id='word_1_807' title='bbox 2373 5359 2430 5395; x_wconf 88' lang='grc' dir='ltr'><strong>τε</strong></span> <span class='ocrx_word' id='word_1_808' title='bbox 2462 5341 2552 5394; x_wconf 77' lang='grc' dir='ltr'><strong>καὶ</strong></span> <span class='ocrx_word' id='word_1_809' title='bbox 2590 5341 2760 5410; x_wconf 75' lang='grc' dir='ltr'>εὐχῶν</span> <span class='ocrx_word' id='word_1_810' title='bbox 2786 5343 2864 5417; x_wconf 79' lang='grc' dir='ltr'>τῷ</span> <span class='ocrx_word' id='word_1_811' title='bbox 2902 5345 3023 5421; x_wconf 87' lang='grc' dir='ltr'><strong>Θεῷ</strong></span> <span class='ocrx_word' id='word_1_812' title='bbox 3057 5348 3610 5421; x_wconf 66' lang='grc' dir='ltr'>προσκομίζοντες</span> 
     </span>
    </p>
   </div>
   <div class='ocr_carea' id='block_1_114' title="bbox 2374 5432 3591 5514">
    <p class='ocr_par' dir='ltr' id='par_1_114' title="bbox 2374 5432 3591 5514">
     <span class='ocr_line' id='line_1_114' title="bbox 2374 5432 3591 5514; baseline 0.002 -23"><span class='ocrx_word' id='word_1_813' title='bbox 2374 5432 2565 5493; x_wconf 71' lang='grc' dir='ltr'>αὐτοὺς</span> <span class='ocrx_word' id='word_1_814' title='bbox 2595 5432 2789 5505; x_wconf 72' lang='grc' dir='ltr'><strong>δλῳω)</strong></span> <span class='ocrx_word' id='word_1_815' title='bbox 2810 5437 3190 5514; x_wconf 80' lang='grc' dir='ltr'>καθιεροῦντες</span> <span class='ocrx_word' id='word_1_816' title='bbox 3221 5441 3432 5512; x_wconf 73' lang='grc' dir='ltr'>αὐτῷ,</span> <span class='ocrx_word' id='word_1_817' title='bbox 3471 5442 3591 5495; x_wconf 72' lang='grc' dir='ltr'><strong>καὶ</strong></span> 
     </span>
    </p>
   </div>
   <div class='ocr_carea' id='block_1_115' title="bbox 2944 5537 3463 5603">
    <p class='ocr_par' dir='ltr' id='par_1_115' title="bbox 2944 5537 3463 5603">
     <span class='ocr_line' id='line_1_115' title="bbox 2944 5537 3463 5603; baseline -0.017 -7"><span class='ocrx_word' id='word_1_818' title='bbox 2944 5540 3017 5589; x_wconf 59' lang='grc' dir='ltr'><strong>ηδδ</strong></span> <span class='ocrx_word' id='word_1_819' title='bbox 3057 5539 3158 5598; x_wconf 86' lang='lat' dir='ltr'><strong>lsa.</strong></span> <span class='ocrx_word' id='word_1_820' title='bbox 3196 5553 3358 5603; x_wconf 74' lang='lat' dir='ltr'><strong>xxv,</strong></span> <span class='ocrx_word' id='word_1_821' title='bbox 3396 5537 3463 5588; x_wconf 75' lang='grc'><strong>1.</strong></span> 
     </span>
    </p>
   </div>
   <div class='ocr_carea' id='block_1_116' title="bbox 755 5595 2374 5673">
    <p class='ocr_par' dir='ltr' id='par_1_116' title="bbox 755 5595 2374 5673">
     <span class='ocr_line' id='line_1_116' title="bbox 755 5595 2374 5673; baseline -0.006 -17"><span class='ocrx_word' id='word_1_822' title='bbox 755 5603 796 5635; x_wconf 61' lang='grc'><strong>⁸⁵</strong></span> <span class='ocrx_word' id='word_1_823' title='bbox 837 5601 978 5656; x_wconf 87' lang='lat' dir='ltr'><strong>Psal.</strong></span> <span class='ocrx_word' id='word_1_824' title='bbox 1019 5616 1180 5663; x_wconf 64' lang='grc' dir='ltr'>χιιι,</span> <span class='ocrx_word' id='word_1_825' title='bbox 1219 5602 1393 5673; x_wconf 72' lang='lat' dir='ltr'><strong>H,l5.</strong></span> <span class='ocrx_word' id='word_1_826' title='bbox 1467 5603 1509 5634; x_wconf 86' lang='grc'>³⁷</span> <span class='ocrx_word' id='word_1_827' title='bbox 1540 5602 1681 5659; x_wconf 86' lang='lat' dir='ltr'><strong>Psal.</strong></span> <span class='ocrx_word' id='word_1_828' title='bbox 1718 5621 1837 5667; x_wconf 79' lang='lat' dir='ltr'><strong>ch,</strong></span> <span class='ocrx_word' id='word_1_829' title='bbox 1877 5602 1931 5656; x_wconf 73' lang='grc'><strong>2.</strong></span> <span class='ocrx_word' id='word_1_830' title='bbox 2003 5600 2048 5631; x_wconf 82' lang='grc'><strong>³⁸</strong></span> <span class='ocrx_word' id='word_1_831' title='bbox 2070 5597 2210 5650; x_wconf 86' lang='lat' dir='ltr'><strong>Psal.</strong></span> <span class='ocrx_word' id='word_1_832' title='bbox 2240 5611 2292 5658; x_wconf 79' lang='lat'><strong>1.,</strong></span> <span class='ocrx_word' id='word_1_833' title='bbox 2322 5595 2374 5647; x_wconf 89' lang='lat'><strong>9.</strong></span> 
     </span>
    </p>
   </div>
   <div class='ocr_carea' id='block_1_117' title="bbox 826 5689 2309 5763">
    <p class='ocr_par' dir='ltr' id='par_1_117' title="bbox 826 5689 2309 5763">
     <span class='ocr_line' id='line_1_117' title="bbox 826 5689 2309 5763; baseline -0.003 -18"><span class='ocrx_word' id='word_1_834' title='bbox 826 5695 902 5763; x_wconf 89' lang='grc' dir='ltr'><strong>(Ι)</strong></span> <span class='ocrx_word' id='word_1_835' title='bbox 923 5692 1083 5749; x_wconf 82' lang='lat' dir='ltr'><strong>Forte</strong></span> <span class='ocrx_word' id='word_1_836' title='bbox 1116 5694 1388 5763; x_wconf 77' lang='lat' dir='ltr'><strong>legendum</strong></span> <span class='ocrx_word' id='word_1_837' title='bbox 1426 5692 1574 5756; x_wconf 74' lang='grc' dir='ltr'>ὅλους</span> <span class='ocrx_word' id='word_1_838' title='bbox 1597 5698 1675 5750; x_wconf 83' lang='lat' dir='ltr'><strong>vel</strong></span> <span class='ocrx_word' id='word_1_839' title='bbox 1704 5696 1853 5760; x_wconf 78' lang='grc' dir='ltr'>ὅλως.</span> <span class='ocrx_word' id='word_1_840' title='bbox 1886 5694 2035 5748; x_wconf 78' lang='lat' dir='ltr'><strong>Enn.</strong></span> <span class='ocrx_word' id='word_1_841' title='bbox 2078 5689 2309 5744; x_wconf 70' lang='lat' dir='ltr'><strong>PATRUL.</strong></span> 
     </span>
    </p>
   </div>
  </div>
