3870 6342
220 404 279 460 97
1088 395 1751 462 DEMONSTRATIO‘NIS
1784 392 2233 454 EV’A‘NGELICJE
2271 390 2397 454 LIB.
2423 396 2484 452 Il.
3319 402 3390 461 98

226 517 409 586 μετεῖναι
426 509 613 577 ῐφασαν
634 496 741 593 τῷν
774 504 926 574 παρ’
967 510 1194 583 αὺτοῖς
1232 521 1583 593 ἀναγράπτων
1604 521 1750 586 ἐπαγ-

1867 515 2064 571 l'ellam.
2099 510 2360 580 Quoniam
2407 512 2571 584 igitur
2599 514 2778 570 dicere
2805 516 2997 579 solent,
3032 530 3214 571 earum
3259 530 3388 585 pro-

219 603 401 675 τελίῶν⁶
439 596 596 653 αὐτῶν
623 591 728 663 γὰρ
769 593 881 683 ξολ
928 603 1092 668 τοὺς
1142 591 1427 683 προφήτας
1469 610 1760 679 γεγονέναι,

218 694 361 755 am
382 689 463 744 πὶ
499 683 737 759 Χριστδνν
765 680 832 733 δν
870 684 954 758 δὴ
1008 680 1205 760 φίλον
1231 680 1515 753 ἀποκαλεῖν
1542 698 1764 767 Σωτῆρα

211 787 287 839 καὶ
310 778 540 851 λυτρωτὴν
570 773 957 846 κηρύττεσθαι
982 798 999 811 ο
1046 788 1246 852 αὐτοῖς
1273 791 1362 842 καὶ
1404 790 1501 850 τὰς
1529 788 1762 858 ἀναγρά-

203 886 343 931 πταυς
372 864 662 934 ὑποσχέσεις
701 863 1059 940 προσδοκᾷν
1116 875 1576 946 ἀποδοθήσεσθαιο
1618 875 1763 943 ἡμᾶς

184 963 246 1020 ’ἃ
270 955 514 1026 περιττοὺς
537 951 739 1006 τούτων
775 952 1030 1029 ὕτεάρχε
1043 979 1123 1027 ιν,
1157 959 1244 1017 οἷα
1272 965 1330 1016 τὸ
1359 964 1511 1031 γένος
1541 961 1765 1029 ἀλλοφύ-

187 1054 312 1110 λους
326 1046 477 1108 ὗνταςν
511 1038 591 1106 οἷς
621 1041 690 1095 τὰ
718 1043 1002 1115 χείριστα
1052 1051 1148 1106 διὰ
1189 1053 1376 1106 πασῶν
1401 1052 1507 1103 τῶν
1555 1067 1762 1121 προφη-

187 1135 337 1199 τιιῦιν
356 1132 708 1198 θεσπίζεσθαι-
738 1134 899 1204 Πρὸς
948 1138 1027 1210 δὴ
1061 1137 1159 1194 οὖν
1190 1141 1374 1205 ταῦτα,
1402 1142 1551 1211 φέρε,
1586 1139 1641 1205 ἐξ
1670 1140 1764 1191 αὑ-

187 1232 295 1285 τῶν
331 1225 418 1280 τῶν
445 1227 571 1294 παρ’
602 1225 791 1288 αὐτοῖς
828 1231 1210 1299 προφητικῶν
1258 1231 1447 1300 βίϐλων
1492 1232 1589 1300 τὴν
1632 1229 1764 1297 πρὸς

208 1320 373 1381 αὐτοὺς
393 1317 691 1385 ἀπάντησιν
744 1319 1151 1389 ποιησώμεθα.
1188 1322 1257 1373 Τὸ
1317 1322 1412 1391 μὲν
1454 1317 1545 1373 οὖν
1586 1321 1763 1381 αὐτοῖς

218 1403 506 1476 ἐπηγγέλθαι
530 1404 623 1455 τὸν
648 1404 905 1473 Χριστὸν
934 1407 1037 1459 τοῦ
1057 1407 1215 1471 Θεοῦ,
1246 1408 1336 1460 καὶ
1360 1407 1456 1475 τὴν
1483 1406 1658 1473 ἄφιξιν
1678 1407 1764 1457 αὑ-

216 1495 296 1550 τοῦ
328 1494 575 1565 λύτρωσιν
608 1494 693 1565 τῷ
733 1496 971 1565 Ἰσραὴλ
1022 1497 1325 1567 κηρύττειν,
1364 1496 1467 1548 οὐδ’
1494 1496 1558 1548 ἂν
1607 1498 1763 1565 ἡμεῖς

217 1583 559 1654 ἀρνηθείημεν,
579 1581 1048 1653 ὁμολογουμένως
1066 1583 1152 1636 διὰ
1169 1586 1337 1652 πάσης
1362 1583 1534 1637 αὐτῶν
1548 1584 1762 1654 Γραφῆς

217 1672 458 1744 προδήλως
483 1672 676 1724 τούτου
696 1674 1114 1744 παρισταμένου
1129 1690 1142 1703 θ
1159 1673 1248 1725 τοῦ
1265 1689 1326 1740 γε
1345 1673 1446 1742 μὴν
1462 1673 1759 1726 ἀποκλείειν

216 1764 271 1816 τὰ
283 1762 391 1831 ἔθνη
425 1762 533 1813 τῶν
554 1762 653 1814 ἐπὶ
678 1762 763 1832 τῷ
796 1762 1022 1833 Χριστῷ
1054 1762 1498 1831 προσδοκωμένων
1526 1760 1756 1827 ἀγαθῶν,

1862 607 2200 666 missionum,
2237 618 2356 673 quae
2385 604 2439 658 in
2468 605 2583 659 suis
2612 605 2848 673 ipsorum
2878 606 3029 661 libris
3075 614 3256 677 aperte
3287 608 3386 661 tle-

1862 697 2072 766 scriptae
2102 696 2382 760 habentur,
2411 695 2561 747 nullo
2583 694 2740 746 modo
2767 709 2869 748 nos
2902 710 3020 751 esse
3043 696 3338 766 participes
3367 717 3382 752 :

1863 799 1992 841 suos
2043 784 2182 839 enim
2230 782 2396 838 fuisse
2442 785 2751 861 prophetas,
2801 784 2901 839 sibi
2953 785 3082 853 ipsis
3110 786 3383 841 Christum

1860 875 2118 936 nuntiari,
2153 889 2307 942 quem
2343 873 2568 927 libenter
2599 881 2651 927 et
2680 873 3010 927 Salvatorem
3054 883 3106 928 et
3155 873 3385 929 Redem-

1862 972 2065 1033 ptorem
2091 971 2282 1017 vocant
2311 982 2324 1016 :
2355 963 2457 1018 sibi
2485 963 2619 1031 ipsis
2647 962 3034 1031 promissiones
3077 963 3216 1026 illas,
3246 979 3384 1034 quas

1862 1059 2043 1120 aperte
2097 1049 2395 1119 descriptas
2444 1051 2657 1116 habent,
2705 1049 3029 1104 exhibendas
3075 1058 3231 1119 atque
3263 1052 3385 1106 red-

1864 1139 2064 1195 dendas
2080 1139 2373 1207 exspectari
2393 1157 2405 1191 :
2425 1154 2522 1192 nos
2542 1149 2716 1193 autem
2734 1139 2881 1207 justo
2903 1140 3139 1207 ipsorum
3161 1155 3384 1194 numero

1862 1243 2284 1296 supervacaneos
2313 1230 2584 1293 accedere,
2624 1236 2804 1297 utpote
2845 1230 2935 1296 qui
2976 1243 3168 1297 genere
3215 1230 3385 1285 simus

1858 1317 2092 1378 diverso,
2141 1327 2195 1371 et
2229 1319 2423 1385 quibus
2476 1320 2631 1388 quasi
2686 1327 2941 1379 externis,
2995 1319 3279 1372 deterrima
3328 1324 3383 1375 in

1860 1394 2107 1461 omnibus
2138 1407 2431 1475 prophetiis
2462 1422 2721 1475 responsa
2760 1409 2867 1461 sint
2924 1426 2937 1462 :
2977 1407 3087 1476 jam
3122 1425 3266 1464 nunc
3299 1411 3385 1466 hia

1856 1497 2068 1550 obviam
2101 1512 2164 1550 ex
2191 1498 2426 1565 ipsorum
2458 1498 2782 1566 propheticis
2809 1498 2962 1553 libris
2997 1514 3202 1554 eamus.
3229 1500 3387 1565 Quod

1859 1584 2020 1653 igitur
2053 1586 2192 1654 apud
2228 1586 2344 1640 illos
2385 1588 2705 1654 promissum
2741 1595 2935 1652 exstet,
2958 1587 3229 1643 Christum
3263 1589 3379 1652 Dei,

1857 1673 2081 1742 ejusque
2130 1674 2411 1728 adventum
2459 1675 2876 1746 redemptionem
2920 1676 3082 1732 Israel
3112 1679 3379 1743 nuntiare.

1857 1764 2141 1819 infit-laturi
2171 1782 2238 1819 ne
2272 1782 2370 1821 nos
2393 1768 2605 1836 quidem
2641 1784 2826 1824 sumus
2853 1789 2868 1824 :
2898 1771 3093 1839 quippe
3119 1785 3238 1825 cum
3257 1771 3383 1827 abs-

212 1851 336 1905 ὥσάν
357 1853 497 1922 μόνῳ
526 1852 608 1923 τῷ
637 1831 891 1922 Ἰσραὴλ,
912 1852 1031 1920 οὐχὶ
1047 1851 1103 1903 δὲ
1133 1851 1223 1902 καὶ
1248 1852 1353 1912 τοῖς
1368 1850 1566 1902 ἔθνεσιν
1589 1851 1750 1919 ἐπηγ-

1856 1868 1963 1921 que
1994 1856 2357 1909 controversia
2418 1857 2473 1909 in
2515 1859 2762 1914 omnibus
2790 1860 3001 1914 illorum
3030 1861 3246 1930 scriptis
3278 1862 3382 1915 hoc

213 1940 475 2010 γελμένων,
497 1940 691 1993 οὐκέτι
718 1941 928 1993 δίκαιον
956 1940 1134 1999 αὐτοῖς
1169 1939 1477 2007 συγχωρεῖν,
1497 1936 1641 2006 παρὰ
1660 1935 1753 2006 τὴν

214 2030 300 2081 τῶν
321 2030 472 2082 θείων
502 2031 751 2101 Γραφῶν
778 2030 939 2082 τοῦτο
966 2030 1224 2095 φάσκουσι
1257 2029 1568 2097 μαρτυρίαν.

1857 1941 2029 2009 palam
2085 1944 2310 1996 inveniri
2349 1952 2558 1999 constet
2598 1965 2611 1999 :
2664 1954 2723 1999 ut
2762 1954 2937 2001 autem
2979 1955 3164 2016 gentes
3192 1948 3377 2011 abiis,

1858 2046 1976 2099 qua:
2023 2030 2077 2085 in
2128 2032 2342 2087 Christo
2386 2043 2765 2104 exspectantur
2820 2038 2996 2099 bonis,
3042 2038 3376 2094 excludant:

214 2121 344 2189 quasi
368 2119 434 2172 ah
472 2120 546 2175 iis
578 2135 712 2188 quae
752 2119 849 2173 uni
876 2118 1062 2179 lsrael,
1091 2133 1197 2169 non
1223 2124 1396 2169 autem
1427 2116 1585 2169 etiam
1616 2117 1864 2186 gentibus
1923 2122 2186 2189 promissa
2230 2124 2359 2185 sint,
2422 2139 2528 2177 non
2588 2125 2712 2179 item
2763 2141 2913 2195 atque
2960 2127 3210 2196 justeque
3270 2128 3380 2184 illis

212 2218 282 2264 est
301 2209 717 2265 concedendum
769 2227 786 2263 :

720 2296 1117 2350 ΚΕΦΑΛΑΙΟΝ
1152 2296 1229 2348 Λ¹.

220 2389 481 2462 ὀπως-τὰ
512 2390 901 2462 χρηᾷτρτερα
940 2384 1065 2462 περὶ
1089 2382 1250 2462 ὴμῷν
1274 2381 1759 2462 τῶνῂάλλοςεύζίων

277 2453 451 2511 ἐθνῶν
496 2453 919 2523 ,προλαϐόντες
965 2457 1016 2505 ot
1059 2453 1192 2518 παρ’
1234 2453 1430 2516 αὐτοῖς
1474 2453 1757 2519 προφῆται

273 2526 613 2593 ἐκήρυττον.

264 2616 470 2688 Πρῶτον
494 2610 617 2677 οὖν,
646 2612 948 2683 ἐπειδήπερ
977 2609 1125 2663 αὐτοὶ
1144 2609 1240 2670 τὰς
1268 2609 1404 2678 ὑπὲρ
1422 2608 1594 2661 αὐτῶν
1621 2625 1753 2680 χρη-

214 2706 439 2777 στοτέρας
468 2703 661 2773 φωνὰς
690 2700 1046 2768 ἀναλέγεσθαι
1070 2698 1304 2761 εἰώθασι,
1329 2699 1420 2751 καὶ
1442 2698 1640 2760 ταύτας
1663 2698 1747 2752 διὰ

214 2795 449 2866 στόματος
503 2790 1019 2863 ἀπομνημονεύειν,
1077 2786 1521 2857 ἀντιπαραθῶμεν
1571 2788 1749 2850 αὐτοῖς

210 2884 290 2946 τὰς
309 2883 427 2955 περὶ
457 2883 575 2935 τῶν
616 2879 793 2932 ἐθνῶν
820 2878 881 2941 ἐξ
908 2876 1084 2929 αὐτῶν
1111 2876 1217 2927 τῶν
1251 2875 1584 2948 προφητειῶν
1616 2876 1749 2927 ἀπο-

209 2971 390 3034 δείξεις,
417 2967 811 3040 παριστῶσας,
831 2966 906 3029 ὡς
935 2966 1040 3035 ἄρα
1070 2963 1255 3034 μυρίαι
1282 2965 1400 3016 ὅσαι
1425 2964 1746 3033 προρρήσεις

211 3058 359 3125 ἀγαθά
380 3051 499 3107 ’καὶ
518 3056 773 3125 σωτήρια
804 3055 936 3106 πᾶσι
964 3056 1078 3114 τοῖς
1110 3046 1311 3103 ἔθνεσιν
1339 3050 1632 3114 ἐθέσπιζον,
1657 3051 1747 3102 καὶ⁸

211 3146 270 3208 ὡς
290 3147 385 3200 οὐδ’
414 3147 605 3207 ἄλλως
657 3144 896 3211 ἔφασκον
938 3140 1445 3211 ἀποτελεσθήσεσθαι
1473 3141 1539 3192 τά
1582 3141 1750 3210 ἐπηγ-

209 3233 409 3301 γελμένα
436 3236 564 3296 τοῖς
610 3231 822 3283 ἔθνεσιν
855 3229 888 3300 ἢ
926 3228 1012 3280 διὰ
1055 3227 1213 3297 μόνης
1261 3228 1356 3297 τῆς
1397 3227 1488 3279 τοῦ
1520 3226 1747 3298 Χριστοῦ

210 3324 511 3393 παρουσίας.
546 3324 858 3391 Σπήσαντες
886 3318 943 3371 δὲ
980 3316 1204 3370 ἐνταῦθα
1234 3318 1323 3369 τὸν
1363 3317 1533 3385 λόγον,
1559 3317 1747 3369 ἀποδε-

208 3409 410 3479 δειχὸτες
433 3412 513 3464 ἂν
534 3409 757 3478 εἴημεν,
785 3408 861 3469 ὠς
879 3407 939 3458 οὒ
970 3406 1163 3478 μᾶλλον
1186 3408 1403 3468 ἐκείνοις
1425 3407 1585 3474 φάναι
1614 3407 1748 3475 χρῆν

208 3500 371 3570 ἣήμίν
395 3502 498 3573 τὴν
529 3501 633 3553 ἐπὶ
660 3499 754 3551 τὸν
775 3496 1004 3565 Χριστὸν
1029 3495 1121 3547 τοῦ
1148 3492 1281 3548 Θεοῦ
1307 3494 1622 3564 προσδοκίαν
1652 3497 1749 3565 ἀρ-

214 3588 418 3657 μόττειν.
476 3586 806 3658 ’ἰσορρόπου
855 3584 912 3636 δὲ
954 3582 1217 3644 Ἰουδαίοις
1258 3582 1351 3634 καὶ
1398 3580 1613 3651 Ἕλλησι
1651 3582 1747 3650 τῆς

210 3676 304 3728 τῶν
331 3678 759 3749 ἐπηγγελμένων
802 3672 1010 3734 ἐλπίδος
1050 3670 1465 3740 ἀποδειχθείσης,
1508 3670 1579 3732 ὡς
1610 3669 1749 3723 κατά

209 3767 344 3821 τοῦτο
373 3770 541 3840 μηδὲν
592 3766 705 3818 τῶν
745 3766 810 3816 ἐκ
842 3763 1132 3834 περιτομῆς
1171 3760 1443 3813 λείπεσθαι
1483 3762 1603 3823 τοὺς
1641 3760 1748 3813 ἀπὸ

208 3857 298 3910 τῶν
317 3859 477 3912 ἐθνῶν
500 3856 604 3910 διὰ
627 3851 867 3924 Χριστοῦ
901 3851 1322 3921 σωθησομένους,
1343 3850 1407 3901 ἐκ
1439 3848 1747 3917 περιουσίας

210 3944 316 4017 ιξῆς
344 3948 667 4017 ἐλέγξομεν,
707 3944 783 4005 ὡς
817 3941 909 3994 ἐπὶ
936 3939 1028 3993 τοῦ
1071 3939 1301 4011 Χριστοῦ
1337 3939 1618 4010 παρουσίᾳ,
1651 3938 1744 3990 καὶ

206 4039 259 4104 τῇ
284 4035 381 4089 τῶν
407 4036 589 4089 ἐθνῶν
632 4033 848 4101 κλήσει,
873 4031 1180 4083 ἀπόπτωσιν
1216 4028 1445 4099 παντελῆ
1477 4029 1568 4080 καὶ
1612 4029 1745 4079 ἀπο-

208 4124 345 4197 ϐολὴν
368 4127 460 4180 τοῦ
496 4126 711 4186 παντὸς
753 4121 1014 4175 Ἰουδαίων
1049 4121 1229 4183 ἔθνους
1257 4120 1326 4172 τὰ
1351 4120 1467 4172 θεῖα
1510 4135 1743 4189 προανα-

205 4220 349 4282 φωνεῖ
385 4219 572 4284 λόγια,
606 4214 835 4285 βραχέσι
862 4212 1037 4283 μόνοις
1078 4210 1251 4263 αὐτῶν
1288 4209 1378 4262 καὶ
1420 4208 1629 4278 ἀριθμῷ
1653 4207 1746 4279 λη-

206 4308 335 4368 πτοῖς
364 4308 431 4359 τά
473 4306 828 4377 χρηστότερα
867 4302 1202 4364 θεσπίζοντα,
1244 4298 1338 4351 καὶ
1376 4298 1450 4361 ὡς
1487 4298 1742 4351 ἁλώσεται

841 2217 1024 2276 utpote
1051 2222 1171 2260 cum
1202 2207 1303 2259 hoc
1333 2207 1409 2259 illi
1438 2215 1629 2275 praeter
1657 2208 1961 2263 divinorum
1986 2210 2241 2265 librorum
2265 2214 2633 2267 auctoritatem
2661 2213 2884 2281 jactent.

2395 2302 2503 2373 tu.
2534 2300 2755 2357 CAPUT
2789 2300 2831 2357 1.

1856 2384 2297 2457 Quemadmodum
2342 2389 2557 2441 meliora
2602 2387 2664 2440 de
2706 2390 2849 2443 nobis
2882 2391 3104 2443 externis
3142 2391 3375 2457 gentibus

1950 2453 2219 2522 Propheta:
2243 2457 2453 2510 illarum
2477 2466 2596 2510 ante
2619 2458 2868 2510 venientes
2897 2453 3278 2513 nuntiaverunt.

1919 2605 2157 2661 Primum
2207 2609 2386 2677 igitur,
2437 2610 2690 2679 quoniam
2734 2626 2832 2680 pro
2880 2612 3073 2682 seipsis
3126 2613 3375 2668 meliores

1848 2697 2302 2766 optabilioresque
2327 2713 2484 2754 voces
2502 2701 2755 2768 colligere
2783 2702 2975 2762 solent.
3010 2708 3064 2756 et
3090 2716 3182 2756 eas
3234 2703 3375 2757 assi-

1848 2787 1953 2843 due
1981 2790 2276 2858 crebroque
2326 2789 2552 2858 jactare,
2585 2792 2732 2845 hisce
2755 2807 3090 2861 Opponamus
3115 2810 3229 2857 eas,
3257 2812 3376 2867 quae

1848 2876 1905 2930 in
1935 2877 2148 2931 illorum
2179 2879 2470 2947 prophetiis
2502 2888 2713 2934 exstant
2757 2881 2823 2935 de
2860 2883 3105 2951 gentibus
3152 2885 3373 2940 demon~

1846 2970 2153 3030 strationes,
2210 2984 2328 3038 qua!
2383 2971 2555 3038 palam
2604 2980 2929 3040 pr0ponunt,
2964 2973 3373 3031 innumerabilia

1846 3073 1963 3113 esse
1981 3058 2252 3120 vaticinia,
2275 3060 2468 3127 quibus
2493 3061 2631 3113 bona
2649 3072 2703 3115 et
2735 3063 2987 3116 salutaria
3016 3066 3225 3119 cunctis
3245 3082 3368 3134 gen-

1847 3148 1991 3202 tibus
2019 3147 2197 3202 lutura
2240 3149 2557 3202 nuntientur
2591 3167 2604 3203 :
2652 3165 2749 3204 nec
2794 3151 2949 3205 aliter
2991 3153 3239 3207 dicantur
3286 3168 3371 3221 ea,

1845 3252 1963 3307 quae
1991 3238 2235 3305 gentibus
2275 3238 2538 3305 promissa
2582 3248 2726 3302 sunt,
2775 3239 2977 3293 exitum
3018 3256 3158 3305 esse,
3208 3258 3371 3311 quam

1846 3342 1939 3395 per
1965 3343 2130 3380 unum
2173 3326 2369 3381 Christi
2399 3328 2683 3382 adventum
2718 3330 2984 3384 habitura.
3031 3331 3198 3397 Quem
3250 3334 3373 3403 qui-

1845 3416 1963 3470 dem
2016 3416 2219 3469 locum'
2244 3417 2333 3470 ubi
2388 3417 2613 3471 dicendo
2651 3418 3061 3481 absolverimus,
3097 3430 3206 3474 tum
3237 3423 3368 3475 illud

1845 3503 1999 3556 nobis
2028 3502 2502 3556 demonstrandum
2541 3505 2662 3564 erit,
2694 3519 2799 3557 non
2828 3506 2936 3559 illis
2967 3508 3158 3576 magis,
3186 3510 3368 3562 dicen-

1845 3591 1968 3644 dum
1997 3607 2136 3653 esse,
2159 3592 2613 3661 exspectationem
2662 3593 2864 3648 Christi
2915 3593 3006 3648 Dei
3058 3598 3365 3658 convenire,

1842 3694 2002 3748 quam
2052 3680 2230 3734 nobis.
2277 3679 2377 3734 Ubi
2421 3696 2544 3735 vero
2594 3697 2715 3750 spes
2766 3683 3173 3751 promissorum,
3226 3689 3368 3753 paris

1843 3770 2094 3823 momenti
2123 3776 2176 3823 et
2203 3768 2400 3824 Judaeis
2430 3778 2484 3824 et
2513 3769 2712 3825 Graecis
2741 3780 2958 3826 ostensa
2995 3773 3176 3836 fuerit,
3205 3777 3369 3844 quod-

1842 3873 1945 3926 que
1975 3858 2027 3911 in
2069 3858 2189 3921 hoc,
2224 3859 2289 3912 iis
2333 3864 2427 3927 qui
2474 3875 2539 3913 ex
2588 3858 3014 3916 Circumcisione
3056 3865 3365 3920 assumendi

1842 3947 1969 4007 sint,
2003 3947 2135 4000 nihil
2164 3948 2200 4001 ii
2224 3949 2321 4016 'qui
2356 3964 2418 4003 ex
2459 3949 2705 4018 gentibus
2749 3951 2974 4005 salutem
3027 3962 3363 4022 exspectant,

1842 4035 1949 4089 sint
1986 4039 2294 4090 concessuri
2328 4057 2341 4091 :
2376 4045 2485 4091 tum
2530 4039 2583 4092 in
2632 4040 2717 4102 iis,
2763 4056 2880 4109 qua:
2908 4052 3197 4110 sequentur
3238 4045 3367 4100 ube-

1839 4125 1975 4189 rius,
2006 4133 2060 4179 et
2086 4128 2239 4193 quasi
2267 4128 2418 4196 copia
2454 4130 2681 4197 quadam
2710 4132 2945 4200 provecti
2971 4132 3364 4188 demonstrabi-

1839 4230 1978 4279 mus,
2000 4217 2443 4285 quemadmodum
2474 4218 2526 4270 in
2564 4220 2790 4274 adventu
2839 4221 3061 4284 Christi,
3105 4226 3367 4292 gentium-

1840 4317 1944 4371 que
1989 4305 2287 4368 vocatione,
2338 4320 2586 4360 casuram
2652 4309 2864 4375 penitus
2902 4316 3175 4379 totamque
3227 4311 3364 4379 abji-

205 4395 362 4446 αὐτῶν
383 4399 416 4466 ὴ
443 4398 609 4457 πόλις
636 4392 788 4461 αὐτῷ
810 4392 967 4462 ίερῷο
996 4392 1169 4444 πάντα
1193 4406 1251 4440 τε
1279 4388 1347 4440 τὰ
1375 4389 1544 4458 σεμνά
1564 4386 1743 4441 καθαι-

1849 4394 2079 4448 ciendam
2099 4409 2217 4449 esse
2230 4392 2534 4448 Iudaeorum
2557 4398 2846 4457 nationem,
2867 4397 3047 4451 divina
3066 4400 3364 4467 praedicunt

204 4483 509 4555 ρεθήσεσθαι
553 4483 838 4554 δηλοῦντα,
876 4481 912 4534 ὃ.
944 4482 1034 4534 καὶ
1076 4479 1253 4548 ἔργοις
1293 4478 1494 4548 πέφηνε
1519 4476 1744 4547 δεδηλω-

207 4573 344 4640 μένα.
369 4577 495 4638 Πῶς
533 4576 582 4627 δ’
614 4574 706 4643 ὑφ’
738 4573 796 4625 ἐν
828 4572 920 4624 καὶ
961 4569 1102 4623 κατά
1132 4568 1192 4621 τὸ
1233 4568 1361 4620 αὐτὸ
1393 4568 1482 4619 ἐπὶ
1511 4567 1608 4636 τῆς
1651 4566 1741 4619 τοῦ

203 4662 419 4733 Χριστοῦ
447 4663 759 4735 παρουσίας
785 4662 1047 4731 λύτρωσιν
1081 4657 1260 4711 κακῶν
1284 4656 1360 4727 τῷ
1396 4657 1623 4727 Ἰσραὴλ,
1652 4656 1742 4709 καὶ

204 4755 403 4822 ἀγαθῶν
431 4758 759 4816 ἀπόλαυσιν,
785 4752 1016 4823 ἔμπαλίν
1039 4768 1096 4804 τε
1124 4751 1368 4820 στέρησιν
1396 4748 1627 4815 ἀγαθῶν,
1650 4749 1742 4802 καὶ

206 4843 501 4898 ἀπόπτωσιν
547 4847 651 4913 τῆς
698 4843 793 4896 τοῦ
826 4840 959 4895 Θεοῦ
1009 4838 1281 4901 εὐσεϐείας
1315 4838 1649 4901 θεσπίζουσιν
1692 4839 1740 4891 oi

209 4932 327 5001 ἱεροὶ
347 4937 519 5003 λόγοι,
546 4935 689 4988 κατά
720 4933 811 4986 τὸν
855 4933 1190 5006 προσήκοντα
1221 4928 1408 4999 καιρὸν
1448 4927 1741 4999 διευκρινή-

211 5035 373 5091 σομεν.
411 5023 566 5087 Τέως
603 5023 658 5076 δέ
682 5022 923 5089 ἐπίωμεν
968 5020 1062 5071 ἐπὶ
1086 5018 1145 5069 τὸ
1188 5018 1417 5089 πρῶτον,
1442 5016 1590 5083 ὀλίγα
1620 5018 1739 5071 τινὰ

214 5111 281 5172 εἰς
310 5113 580 5176 ἀπόδειξιν
612 5113 722 5165 τῶν
755 5109 1058 5181 εἰρημένων
1085 5107 1186 5158 ἀπὸ
1221 5106 1426 5177 μυρίων
1449 5105 1584 5157 ὅσων
1613 5122 1742 5176 προ-

213 5203 425 5270 φητειιῖιν
457 5202 866 5272 ἀναλεξάμενοι.
904 5198 1058 5250 Ἐπεὶ
1089 5196 1256 5248 τοίνυν
1282 5194 1437 5247 αὐτοὶ
1465 5195 1587 5264 περὶ
1620 5197 1742 5249 ἐαυ-

218 5290 309 5343 τῶν
362 5293 728 5363 χρηστοτέρας
788 5286 1123 5359 προφητείας
1174 5282 1563 5355 προϐάλλεσθαι
1611 5287 1740 5355 ἡμῖν

219 5376 445 5432 εἰώθασιν
463 5418 479 5442 ,
529 5379 678 5431 ὡσάν
728 5378 911 5437 αὐτοῖς
977 5372 1148 5440 μόνοις
1197 5370 1582 5439 ὑπεσχημένων
1633 5374 1741 5426 τῶν

224 5467 687 5539 προϋπηργμένων,
714 5465 832 5534 ὥρα
854 5463 950 5515 καὶ
983 5461 1122 5529 ἡμᾶς
1149 5462 1620 5527 ἀντιπαραγαγετν,
1645 5463 1742 5514 καὶ

225 5557 486 5612 ἀντιθεῖναι
515 5559 694 5618 αὐτοῖς
731 5555 829 5616 τὰς
862 5550 993 5620 περὶ
1033 5549 1133 5603 τῶν
1179 5550 1346 5604 ἐθνῶν
1393 5550 1736 5618 ἐπαγγελίας,

230 5635 318 5699 δεδι
338 5662 445 5709 πως
472 5648 621 5717 παρὰ
653 5646 761 5705 τοῖς
785 5638 967 5694 αὐτῶν
997 5640 1278 5708 προφήταις
1302 5641 1625 5707 φερομένας.

1841 4487 2055 4539 oracula
2086 4505 2100 4541 :
2131 4494 2183 4540 et
2228 4488 2367 4556 quod
2398 4488 2583 4557 paucis
2611 4491 2868 4543 duntaxat
2902 4492 3160 4560 ipsorum,
3210 4503 3263 4548 et
3293 4493 3364 4546 fa-

1841 4574 1941 4628 cile
1987 4576 2429 4639 numerabilibus,
2488 4580 2708 4633 meliora
2756 4580 2844 4632 illa
2876 4584 3218 4647 promittunt,
3251 4583 3364 4634 illo-

1839 4676 2064 4730 rumque
2110 4665 2297 4719 urbem
2352 4665 2676 4736 signiﬁcant,
2710 4682 2814 4721 una
2847 4683 2968 4721 cum
3013 4672 3210 4738 templo
3240 4685 3359 4724 esse

1839 4750 2171 4820 capiendam,
2230 4763 2528 4827 cunctaque
2573 4755 2662 4809 illa
2713 4759 3029 4811 severiorem
3080 4758 3358 4825 quemdam

1838 4840 2161 4907 postulantia
2186 4843 2411 4906 cultum,
2437 4843 2743 4899 auferenda.
2772 4845 2922 4909 Quod
2947 4845 3160 4913 quidem
3185 4846 3358 4914 ipsum

1834 4926 1944 4996 jam
1979 4929 2152 4995 reipsa
2176 4944 2298 4985 vere
2313 4932 2620 5000 praedictum
2644 4934 2809 4987 fuisse
2822 4942 3057 5001 apparet.
3081 4932 3360 4998 Quomodo

1838 5030 1966 5069 vero
1997 5030 2102 5069 una
2145 5018 2436 5088 eademque
2478 5021 2692 5073 ratione
2739 5021 2791 5072 in
2848 5021 2965 5088 ipso
3020 5019 3220 5075 Christi
3272 5024 3362 5078 ad-

1837 5111 2019 5165 ventu,
2064 5105 2427 5161 liberationem
2458 5123 2489 5162 a
2516 5110 2673 5162 malis
2716 5108 2819 5176 ipsi
2846 5107 3030 5173 Israel,
3062 5110 3357 5165 honorum-

1837 5207 1942 5262 que
1993 5195 2406 5263 perceptionem,
2435 5205 2489 5251 et
2532 5211 2721 5251 rursus
2746 5196 3009 5251 bonorum
3057 5200 3356 5269 ademptio-

1837 5298 1979 5345 nem,
2029 5284 2344 5354 ruinamque
2387 5286 2658 5353 religionis
2702 5286 2957 5351 futuram,
3004 5287 3150 5342 Libri
3186 5288 3356 5341 sancti

1839 5372 2155 5442 signiﬁcent,
2207 5389 2304 5428 suo
2345 5383 2580 5444 tempore
2612 5376 2828 5444 planum
2878 5376 3152 5432 faciemus.
3202 5374 3360 5429 Nunc

1840 5470 2012 5517 autem
2055 5464 2121 5516 ad
2159 5465 2387 5532 primum
2424 5475 2772 5532 revertemur,
2825 5467 2870 5521 si
2914 5481 3083 5536 pauca
3112 5466 3360 5534 quaedam

1839 5564 1904 5605 ex
1954 5552 2424 5607 innumerabilibus
2466 5555 2782 5624 prophetiis,
2823 5555 2891 5609 ad
2939 5550 3362 5610 demonstranda

1839 5658 1921 5706 ea,
1950 5657 2065 5711 qua:
2106 5641 2247 5696 dicta
2294 5654 2435 5709 sunt,
2483 5646 2871 5715 collegerimus.
2908 5643 3168 5709 Quoniam
3196 5639 3366 5705 igitur

234 5750 329 5802 eas,
356 5755 468 5812 qua
499 5740 742 5795 mlieres
775 5731 1044 5786 habentur
1061 5729 1123 5784 de
1157 5730 1350 5801 seipsis
1380 5733 1718 5802 pmphctias,
1756 5732 1913 5791 nobis
1965 5735 2136 5790 solent
2166 5734 2420 5805 obiicere,
2454 5745 2705 5807 tanquam
2738 5736 2795 5800 ii,
2821 5737 2911 5806 qui
2938 5748 3022 5796 ea,
3062 5744 3179 5799 qua:
3202 5732 3370 5776 anta-
