3870 6314
256 395 336 453 ίθθ

1178 408 1806 468 DEMONSTRATIONIS
1844 413 2291 471 EVANGELICA‘]
2328 417 2450 471 LIB.
2489 419 2554 473 ii.

3347 426 3442 478 iii)

249 511 351 608 ιῖός
382 527 504 608 μουςῇ
533 511 922 608 προσεδέξατο
960 525 1143 582 αὐτὸν
1187 531 1219 598 ή
1268 529 1406 599 ψυχή
1449 540 1564 599 μου.
1617 528 1788 582 ’Έδωκ

1897 530 2138 586 admisit
2186 547 2310 586 eum
2343 532 2484 602 apud
2524 547 2584 588 se
2629 535 2804 588 anima
2844 551 2960 592 mea
2986 555 2999 592 :
3023 536 3142 592 dedi
3194 537 3440 608 spiritum

247 601 515 672 σδπνεῦμά
559 617 662 670 μου
707 603 802 655 ἐπ’
857 611 1075 678 αὑτὸν,
1131 619 1222 670 καὶ
1267 620 1442 688 κρίσιν
1485 623 1593 682 τοῖς
1623 619 1821 672 ἔθνεσιν

247 693 434 757 ἐξοίσει.
465 693 538 745 οὐ
561 693 862 763 medea.
899 702 1040 756 οὐδὲ
1064 707 1272 776 ἀνήσει,
1303 707 1420 760 οὐδὲ
1437 707 1820 778 ἀκουσθήσεται

248 783 542 852 ἐξωήφωνὴ
574 784 768 838 αὐτοῦ’
817 787 1092 862 κάλαμον
1125 797 1566 866 συντεθλασμένον
1609 799 1666 849 οὐ
1689 814 1818 850 κατ-

248 873 387 936 εάξει,
441 875 536 926 καὶ
561 873 714 927 λίνον
754 880 1086 948 τυφόμενον
1119 885 1178 936 οὐ
1211 886 1404 948 σϐέσει,
1445 885 1555 938 ἀλλ’
1585 888 1660 948 εἰς
1689 886 1818 957 ἀλή-

255 967 375 1018 θειαν
399 963 591 1028 ἐξοίσει
647 967 869 1036 κρίσιν·
899 973 1237 1042 ἀναλάμψει,
1265 976 1356 1026 καὶ
1401 975 1460 1029 οὐ
1490 975 1815 1044 θραυσθήσε-

259 1074 350 1117 ται,
369 1056 463 1118 ἓως
495 1055 564 1126 θῇ
594 1057 696 1109 ὲπ¹ι
723 1058 836 1128 τῆς
866 1061 981 1130 γῆς
1014 1065 1214 1133 κρίσιν’
1250 1065 1340 1116 καὶ
1371 1065 1460 1116 ἐπὶ
1487 1063 1563 1133 τῷ
1598 1065 1816 1134 ὀνόματι

254 1145 393 1198 αότοῦ
429 1146 554 1216 ἔθνη
596 1147 914 1202 ἐλπιοῦσιν.
961 1170 980 1202 ι
1011 1154 1122 1207 Καὶ
1152 1153 1275 1221 ἑξῆς
1301 1154 1533 1220 ἐπιλέγει
1563 1168 1574 1178 ·
1611 1172 1630 1204 ι
1679 1153 1814 1220 Ἐγὼ

249 1235 432 1306 Κύριος
459 1238 488 1288 ὁ
512 1235 648 1298 Θεὸς
686 1239 942 1293 ὲκάλεσά
975 1259 1035 1293 σε
1079 1243 1136 1294 ἐν
1185 1243 1510 1312 δικαιοσύνῃ,
1553 1244 1644 1296 καὶ
1682 1260 1814 1312 κρα-

247 1327 384 1394 τήσω
410 1327 504 1396 τῆς
531 1328 722 1397 χειρός
759 1347 884 1394 σου,
916 1333 1013 1384 καὶ
1042 1333 1302 1401 ἐνισχύσω
1339 1349 1414 1384 σε·
1439 1333 1530 1385 καὶ
1556 1328 1728 1385 ἔδωκά
1753 1349 1809 1384 σε

245 1419 320 1478 είς
341 1417 602 1487 διαθήκην
629 1419 852 1486 γένους,
887 1424 968 1483 εἰς
997 1423 1112 1490 φῶς
1155 1422 1336 1484 ἐθνῶν,
1377 1422 1576 1484 ἀνοῖξαι
1619 1420 1812 1488 ὀφθαλ-

246 1506 371 1573 μοὺς
400 1507 636 1574 τυφλῶν,
683 1508 982 1577 ἐξαγαγεῖν
1029 1513 1093 1563 ἐκ
1132 1511 1338 1580 δεσμῶν
1383 1512 1685 1582 δεδεμένους
1717 1514 1808 1564 καὶ

240 1592 466 1657 ὲξοῖκου
501 1595 758 1666 φυλακῆς
795 1597 1140 1668 καθημένους
1181 1602 1236 1652 ὲν
1283 1601 1474 1662 σκότει,
1525 1600 1661 1668 Ἐγὼ
1695 1601 1806 1653 Κύ-

243 1697 350 1752 ριος
376 1685 406 1735 ὁ
431 1684 582 1747 Θεὸς,
613 1685 780 1740 τοῦτό
819 1704 922 1757 μου
961 1690 1108 1741 ἐστὶν
1151 1689 1338 1760 ὄνομα,
1369 1690 1464 1760 τὴν
1504 1690 1655 1754 δόξαν
1706 1709 1802 1762 μου

238 1770 407 1842 ἑτέρῳ
431 1774 491 1824 οὐ
513 1773 696 1837 δώσω,
723 1776 849 1830 οὐδὲ
879 1777 980 1839 τὰς
1009 1779 1205 1848 ἀρετάς
1241 1796 1338 1848 μου
1367 1782 1492 1842 ,τοῖς
1535 1779 1800 1847 γλυπτοῖςο

1920 637 2094 678 meum
2133 637 2294 692 super
2338 639 2484 688 eum,
2516 622 2842 692 etjudicium
2883 629 3130 697 gentibus
3163 627 3438 702 proferet:

1919 725 2025 764 non
2062 711 2332 773 clamabit,
2359 728 2531 782 neque
2549 713 2798 776 remittet,
2822 731 2991 785 neque
3025 718 3272 774 audietur
3306 718 3440 778 foris

1919 815 2019 852 vox
2043 801 2160 867 ejus
2191 817 2204 854 :
2255 801 2516 856 calamum
2563 803 3024 860 collabefactatum
3063 823 3170 863 non
3204 808 3436 880 franget,

1917 895 1969 942 et
1995 889 2192 957 lignum
2221 887 2484 958 fumigans
2517 905 2623 944 non
2649 893 2968 960 exstinguet,
3003 899 3092 950 sed
3129 899 3180 952 in
3211 900 3438 953 veritate

1915 976 2148 1045 proferet
2175 978 2434 1046 judicium
2471 997 2484 1033 :
2516 981 2892 1048 resplendebit,
2921 993 2972 1035 ct
3002 1000 3104 1037 non
3139 985 3431 1058 frangetur,

1915 1064 2080 1118 donec
2107 1073 2269 1134 ponat
2301 1065 2355 1120 in
2397 1075 2538 1120 terra
2569 1067 2829 1136 judicium
2857 1089 2869 1124 :
2899 1080 2952 1124 et
2986 1074 3038 1124 in
3082 1077 3296 1130 nomine
3317 1081 3436 1147 ejus

1912 1164 2096 1224 gentes
2136 1157 2520 1224 sperabunt";
2547 1176 2564 1207 ι
2599 1173 2661 1210 ac
2689 1159 2934 1227 deinceps
2964 1159 3202 1232 adjuugit
3229 1183 3244 1217 :
3276 1185 3294 1216 ι
3323 1165 3433 1235 Ego

1913 1243 2167 1297 Dominus
2200 1246 2339 1299 Deus
2385 1246 2568 1300 vocavi
2607 1255 2657 1299 te
2687 1248 2740 1300 in
2778 1249 3007 1316 justitia,
3041 1259 3095 1305 et
3128 1255 3431 1322 apprehen-

1909 1330 2030 1382 dam
2066 1343 2279 1382 manum
2319 1342 2483 1392 tuam,
2513 1337 2568 1384 et
2596 1331 2923 1386 conﬁrmabo
2953 1341 3027 1402 te,
3049 1343 3103 1389 et
3125 1336 3244 1391 dedi
3293 1347 3344 1393 te
3374 1341 3429 1394 in

1910 1427 2286 1474 testamentum
2317 1420 2418 1490 52
2449 1422 2690 1490 generis,
2737 1422 2791 1474 in
2831 1423 3003 1476 lucem
3049 1427 3322 1489 gentium.
3373 1439 3434 1484 ut

1907 1509 2145 1576 aperires
2177 1509 2362 1562 oculos
2405 1525 2686 1572 czecorum,
2725 1520 2776 1564 et
2811 1511 2878 1566 de
2917 1513 3144 1569 vinculis
3172 1514 3430 1573 educeres

1905 1597 2130 1661 vinctos,
2161 1607 2214 1652 et
2239 1599 2302 1652 de
2325 1599 2482 1652 domo
2507 1599 2760 1662 carceris,
2797 1603 3039 1658 sedentes
3073 1605 3124 1658 in
3158 1607 3425 1667 tenebris.

1905 1686 2014 1756 Ego
2047 1687 2300 1744 Dominus
2323 1687 2481 1752 Deus,
2509 1691 2610 1743 hoc
2639 1705 2814 1744 meum
2843 1703 2924 1747 est
2949 1708 3160 1761 nomen,
3199 1697 3424 1768 gloriam

1905 1790 2073 1828 meam
2099 1776 2249 1830 alteri
2280 1791 2386 1830 non
2411 1777 2568 1841 dabo,
2585 1793 2758 1848 neque
2778 1782 3000 1836 virtutes
3025 1799 3172 1839 meas
3202 1787 3425 1856 sculpu~

235 1858 300 1910 τὰ
339 1861 438 1911 ἀπ’
477 1863 679 1932 ἀρχῆς,
724 1863 837 1916 ἰδοὺ
879 1864 1067 1934 ἦκασισ
1111 1866 1268 1918 καινὰ
1309 1867 1344 1920 ἃ
1385 1866 1478 1920 νῦν
1505 1867 1791 1934 ιίιναγγελῶ¹

1901 1867 2060 1931 libus,
2085 1884 2201 1936 quae
2226 1869 2292 1922 ab
2320 1869 2469 1923 initio
2489 1882 2660 1938 erant,
2691 1888 2818 1929 ecce
2838 1885 3128 1931 venerunt:
3153 1892 3288 1931 nova
3309 1894 3429 1948 qua;

235 1949 322 2001 καὶ
357 1951 466 2020 πρὸ
491 1952 588 2004 τοῦ
620 1953 946 2022 ἀναγγεῖλαι
973 1955 1204 2026 ἐδηλώθη
1233 1958 1374 2026 ὑμῖν.
1422 1976 1440 2008 ι

235 2139 352 2190 KA'.
408 2141 550 2193 Ἀπὸ
581 2144 693 2215 τοῦ
739 2145 952 2215 αὐτοῦ,
989 2179 1058 2186 -
1099 2146 1362 2212 Διἰνὶωσις
1403 2151 1653 2215 Χριστοῦ
1695 2152 1790 2204 καί

537 2211 837 2278 γενέσεως
862 2214 960 2266 καὶ
989 2215 1256 2280 κλήσεως
1285 2211 1488 2271 ἑθνῶὶρ.

299 2340 316 2371 ι
347 2322 656 2375 Ἀκούσατέ
682 2341 808 2393 μου,
843 2325 1015 2394 νῆσοι,
1066 2330 1156 2380 καὶ
1192 2329 1498 2398 προσέχετε,
1523 2330 1666 2402 ἔθνησ
1698 2333 1794 2387 Διὰ

229 2412 410 2480 κρόνου
455 2412 662 2465 πολλοῦ
711 2417 992 2484 στήσεται,
1037 2418 1182 2485 λέγει
1222 2419 1436 2490 Κύριος
1487 2423 1550 2474 ἐκ
1594 2423 1794 2488 κοιλίας

231 2502 425 2592 μητρός
481 2520 588 2571 μου
635 2505 867 2558 ἐκάλεσε
925 2507 985 2558 τὸ
1033 2507 1200 2578 ὄνομα
1250 2527 1348 2579 μου
1397 2511 1470 2572 ὼς
1527 2515 1792 2592 μάχαιραν

227 2589 412 2655 ὀξεῖαν,
449 2596 548 2646 καὶ
581 2595 692 2646 ὑπὸ
722 2595 821 2664 τὴν
853 2596 1058 2667 σκέπην
1079 2597 1178 2666 τῆς
1205 2599 1381 2670 χειρὸς
1406 2589 1576 2654 αὐτοῦ⁷
1594 2603 1791 2675 ἔκρυψέ

231 2698 312 2750 με’
342 2683 515 2754 ἔθηκέ
549 2701 620 2754 με
650 2685 730 2746 ὡς
757 2685 909 2753 βέλος
944 2687 1212 2747 ἐκλεκτὸν,
1245 2690 1333 2740 καί
1364 2691 1420 2741 ὲν
1457 2693 1520 2760 τῇ
1553 2693 1791 2764 φαρέτρα

233 2774 386 2827 αὐτοῦ
415 2775 706 2827 ὲσκέπασέ
727 2792 815 2845 με.
847 2776 956 2828 Καὶ
971 2777 1206 2842 ἐπιλέγει
1233 2777 1373 2846 ἑξῆς·
1401 2799 1418 2829 ι
1440 2779 1562 2833 Ἰδοὺ
1591 2781 1791 2836 δέδωκά

226 2880 280 2916 σε
309 2866 385 2928 εἰς
413 2865 694 2934 διαθήκην
724 2866 933 2932 γένους,
967 2868 1046 2929 είς
1079 2866 1192 2933 φῶς
1229 2867 1394 2921 ἐθνῶν
1433 2866 1564 2922 εἷναί
1613 2888 1668 2924 σε
1711 2875 1789 2936 είς

227 2955 496 3024 σωτηρίαν
524 2954 634 3016 ἕως
658 2955 889 3023 ἐσχάτου
918 2955 1016 3023 τῇς
1045 2955 1166 3024 γῆς.
1207 2976 1225 3007 ι

1894 1973 2036 2012 nunc
2055 1961 2330 2024 annuntio,
2353 1967 2632 2030 antequam
2656 1965 3030 2030 nuntiaret-im,
3054 1966 3284 2020 indicata
3300 1975 3428 2024 sunt

1894 2046 2044 2101 vobis
2061 2048 2124 2100 ⁷³.
2161 2067 2178 2098 ι

1894 2158 2030 2212 XXI.
2077 2162 2152 2214 Ab
2201 2160 2498 2214 eodem.—
2537 2161 2835 2214 Declaratio
2881 2163 3075 2218 Christi
3117 2175 3224 2217 tum
3277 2172 3422 2220 ortus

2304 2240 2411 2281 tum
2445 2231 2722 2284 vocationis
2761 2233 3006 2300 gentium.

1967 2358 1986 2390 ι
2015 2340 2208 2393 Audite
2255 2354 2358 2401 me,
2401 2339 2610 2400 insulae.
2659 2347 2712 2392 et
2749 2341 3024 2402 attendite,
3071 2351 3252 2412 gentes
3281 2363 3296 2398 :
3325 2359 3423 2414 per

1895 2438 2100 2498 tempus
2127 2429 2348 2482 multum
2376 2430 2654 2492 consistet,
2685 2428 2813 2482 dicit
2846 2429 3101 2486 Dominus
3129 2451 3140 2486 :
3171 2434 3236 2487 ab
3267 2443 3423 2488 utero

1893 2521 2082 2574 matris
2127 2534 2257 2573 meae
2305 2519 2511 2572 vocavit
2552 2533 2746 2572 nomen
2797 2535 2992 2582 meum,
3036 2531 3085 2574 et
3131 2523 3308 2590 posuit
3357 2535 3420 2578 03

1893 2626 2066 2664 meum
2112 2611 2264 2678 quasi
2301 2609 2534 2679 gladium
2584 2615 2822 2670 acutum,
2867 2616 2918 2661 et
2965 2611 3066 2664 sub
3115 2620 3421 2680 legumento

1892 2714 2082 2752 manus
2105 2714 2214 2752 sua:
2247 2697 2533 2752 occultavit
2576 2711 2658 2748 me
2687 2715 2698 2748 :
2730 2699 2907 2764 posuit
2951 2715 3032 2752 me
3073 2701 3224 2769 quasi
3253 2701 3422 2770 sagit-

1889 2795 1995 2840 tam
2035 2789 2279 2848 electam,
2327 2795 2379 2840 et
2413 2787 2466 2838 in
2501 2786 2751 2854 pharetra
2797 2802 2892 2840 sua
2925 2788 3156 2854 protexit
3191 2801 3274 2842 me
3293 2787 3358 2842 ".
3390 2805 3414 2840 ι

1889 2873 1954 2926 Ει
1984 2873 2220 2942 adjungit
2254 2873 2538 2942 deinceps:
2567 2891 2584 2922 ι
2615 2871 2752 2926 Ecce
2793 2871 2910 2924 dedi
2945 2879 2996 2924 te
3035 2872 3088 2924 in
3127 2879 3418 2926 testamen-

1889 2974 1996 3016 tum
2030 2964 2258 3033 generis,
2303 2961 2355 3014 in
2388 2963 2556 3016 lucem
2583 2962 2840 3030 gentium,
2869 2967 2926 3012 ut
2971 2960 3048 3014 sis
3078 2960 3132 3014 in
3166 2961 3410 3024 salutem,

1889 3069 2056 3120 usque
2083 3052 2147 3104 ad
2175 3062 2466 3105 extremum
2491 3051 2726 3104 terrae".
2763 3069 2780 3100 ι

224 3150 338 3204 KB'.
389 3147 680 3205 Ἀπὸτοῦ
705 3148 912 3202 αὐτοῦ.
944 3179 1012 3188 —
1046 3149 1300 3216 Χριστοῦ
1329 3151 1654 3216 παρουσίας
1683 3152 1786 3221 δή-

1897 3163 2046 3218 XXll.
2101 3162 2176 3215 Ab
2226 3160 2752 3243 eodem._:--.Cltris_t_i
2807 3161 3051 3214 adventus
3104 3159 3414 3231 signi/italia

572 3242 788 3303 λωσις,
817 3238 915 3290 καὶ
943 3238 1212 3304 κλήσεως
1235 3237 1440 3292 ἐθνῶν.

290 3368 306 3398 ι
339 3351 503 3402 Οὕτω
533 3349 688 3416 λέγει
718 3348 943 3417 Κύριος,
967 3349 996 3398 ὁ
1027 3347 1328 3417 ῥυσάμενος
1353 3365 1409 3400 σε
1449 3350 1476 3400 ὁ
1517 3350 1644 3413 Θεὸς
1687 3352 1785 3402 Ἰσ-

225 3439 364 3507 ραήλ·
416 3440 724 3506 Ἀγιάσατε
774 3438 864 3489 τὸν
913 3437 1233 3505 φαυλίζοντα
1263 3437 1360 3506 τὴν
1389 3437 1560 3508 ψυχὴν
1600 3438 1782 3502 αὐτοῦ,

222 3526 304 3580 τὸν
337 3528 770 3597 βδελυσσόμενον
805 3526 910 3578 ὑπὸ
952 3527 1058 3578 τῶν
1101 3525 1297 3578 δούλων
1347 3526 1452 3578 τῶν
1493 3527 1778 3596 ἀρχόντων

223 3617 444 3684 βασιλεῖς
487 3619 726 3686 ὄψονται
754 3617 936 3676 αὑτὸν,
968 3617 1060 3667 καὶ
1087 3617 1472 3686 ἀναστήσονται
1503 3616 1778 3685 ἄρχοντες,

221 3709 310 3760 καὶ
329 3709 804 3777 προσκυνήσουσιν
831 3704 996 3773 αὐτῷ,
1025 3725 1042 3754 ι
1065 3707 1155 3757 καὶ
1177 3705 1401 3773 τὰέξῆς·
1423 3699 1500 3766 οἷς
1523 3704 1776 3772 ἐπιλέγεν

225 3813 242 3845 ι
276 3795 460 3865 Καιρῷ
474 3794 664 3863 δεκτῷ
684 3794 965 3862 ἐπήκουσά
993 3809 1106 3855 σου,
1125 3795 1216 3846 καὶ
1233 3794 1288 3844 ὲν
1312 3792 1489 3863 ἡμέρᾳ
1518 3794 1782 3862 σωτηρίας

221 3885 482 3954 ἐϐοήθησά
507 3901 615 3936 σοι·
650 3884 746 3934 καὶ
780 3881 954 3934 ἔδωκά
983 3899 1041 3934 σε
1085 3884 1162 3943 εἰς
1193 3880 1450 3950 διαθήκην
1478 3881 1780 3943 ὲθνῶν,’τοῧ

219 3976 552 4042 καταστῆσαι
584 3975 688 4042 τὴν
715 3973 842 4042 γῆν,
872 3973 966 4025 καὶ
994 3972 1391 4042 κληρονομῆσαι
1433 3972 1782 4041 κληρονομίας

220 4065 471 4132 ιρήμους,
531 4064 768 4130 λέγοντα
803 4065 916 4124 τοῖς
961 4065 1018 4114 ὲν
1073 4061 1302 4130 δεσμοῖς,
1363 4060 1647 4126 Ἐξέλθετε·
1688 4061 1781 4113 καὶ

217 4155 317 4213 τοῖς
332 4154 389 4204 ἐν
419 4153 498 4222 τῷ
539 4152 723 4204 σκότει
757 4144 1220 4220 ἁνακαλυφθῆναιῖ
1241 4148 1330 4199 καὶ
1359 4149 1414 4200 ἐν
1443 4149 1637 4210 πάσαις
1664 4151 1781 4211 ταῖς

217 4242 341 4305 ὁδοῖς
374 4243 840 4313 βοσκηθήσονται,
893 4243 989 4292 καὶ
1034 4242 1090 4291 ἐν
1137 4241 1336 4301 πάσαις
1381 4243 1494 4300 ταῖς
1519 4239 1777 4308 τρίϐοιςή

218 4333 344 4402 νομὴ
382 4333 592 4386 αὒτῶν.
629 4333 706 4384 Οὐ
753 4330 1128 4390 πεινάσουσιν,
1163 4329 1280 4380 οὐδὲ
1304 4327 1630 4396 διψήσουσιν,
1660 4329 1776 4380 οὐδὲ

218 4421 434 4485 κατάξει
463 4422 670 4482 αὖτοὺς
697 4420 936 4481 καύσων,
959 4419 1079 4470 οὐδὲ
1101 4417 1266 4486 ἥλιος,
1289 4417 1401 4470 ἀλλ’
1429 4419 1456 4468 ὁ
1484 4417 1644 4470 ἐλεῶν
1675 4435 1777 4468 πα-

2238 3242 2284 3284 ct
2308 3231 2587 3284 vocationis
2607 3233 2855 3297 gentium.

1959 3361 1976 3393 ι
2009 3341 2100 3395 Sic
2128 3342 2250 3396 dicit
2275 3341 2550 3406 Dominus,
2579 3341 2668 3408 qui
2695 3339 2939 3394 liberavit
2971 3348 3022 3393 te
3046 3337 3189 3392 Deus
3211 3338 3410 3394 lsi-sel;

1885 3433 2210 3486 sanctilicate
2245 3445 2366 3484 eum
2413 3430 2502 3498 qui
2557 3431 2774 3498 negligit
2813 3429 3044 3481 animam
3090 3443 3264 3490 suam,
3315 3427 3410 3496 qui

1885 3521 2254 3575 abominabilis
2282 3532 2364 3574 est
2388 3521 2656 3588 gentibus,
2688 3521 2861 3574 servis
2889 3520 3190 3588 principum
3217 3537 3230 3572 :
3259 3532 3416 3586 reges

1883 3610 2138 3664 videbunt
2163 3625 2307 3672 eum,
2357 3615 2410 3662 et
2444 3615 2665 3677 surgent
2705 3608 2995 3676 principes,
3027 3613 3082 3660 et
3109 3605 3414 3660 adorabunt

1882 3711 2000 3751 eum
2023 3695 2070 3727 "
2112 3717 2130 3748 ι
2194 3705 2247 3749 οι
2303 3709 2421 3764 qua:
2468 3705 2798 3763 sequuntur;
2867 3694 3064 3762 quibus
3123 3691 3406 3764 adiungit:

1888 3803 1906 3836 ι
1937 3784 2194 3854 Tempore
2232 3793 2452 3852 accepto
2498 3783 2674 3838 audivi
2709 3791 2778 3847 te,
2811 3793 2862 3837 et
2899 3783 2954 3837 in
2975 3783 3060 3838 die
3097 3784 3285 3838 salutis
3309 3785 3408 3835 atl-

1877 3876 1990 3944 juvi
2022 3884 2115 3930 te:
2147 3884 2199 3930 et
2245 3875 2367 3930 dedi
2411 3883 2463 3928 te
2513 3875 2568 3927 in
2613 3881 2988 3927 testamentum
3042 3873 3300 3940 gentium,
3348 3880 3410 3925 ut

1881 3968 2232 4021 constitueres
2249 3973 2468 4029 terram,
2488 3975 2536 4020 et
2550 3964 2956 4033 consequereris
2973 3962 3309 4017 hereditates
3323 3962 3411 4017 des

1882 4066 2074 4120 sertas,
2116 4064 2168 4110 et
2209 4056 2416 4110 diceres
2443 4056 2508 4110 iis
2543 4055 2635 4123 qui
2685 4055 2739 4108 iu
2773 4054 3002 4107 vinculis
3032 4057 3180 4114 sunt,
3220 4053 3402 4106 exite;

1879 4157 1931 4200 et
1959 4147 2024 4200 iis
2053 4147 2144 4216 qui
2175 4146 2230 4198 in
2260 4145 2515 4206 tenebris,
2548 4153 2605 4196 ut
2639 4145 2692 4196 in
2731 4143 2900 4196 lucem
2943 4139 3202 4210 prodeant
3230 4158 3244 4192 :
3271 4149 3323 4194 et
3352 4141 3406 4194 in

1879 4235 2128 4288 omnibus
2151 4234 2252 4288 viis
2281 4239 2588 4302 pascentur,
2627 4239 2679 4286 et
2709 4231 2763 4284 in
2797 4231 3048 4283 omnibus
3071 4228 3276 4282 semitis
3309 4241 3404 4297 pa-

1879 4327 1982 4380 stio
2031 4341 2246 4392 eorum;
2303 4340 2409 4378 non
2461 4325 2694 4379 esurient
2750 4339 2922 4392 neque
2981 4323 3186 4385 sitient,
3233 4335 3408 4391 neque

1876 4415 2138 4483 percutiet
2164 4429 2256 4468 eos
2284 4421 2466 4476 aestus,
2509 4428 2679 4481 neque
2711 4411 2811 4474 sol,
2852 4410 2944 4466 sed
2976 4411 3064 4480 qui
3099 4409 3402 4471 miseretur,

220 4510 523 4578 ρακαλέσει,
556 4511 653 4564 καὶ
683 4509 776 4562 διὰ
818 4509 1009 4578 πηγῶν
1055 4507 1258 4559 ὑδάτων
1295 4505 1408 4569 ἄξει
1443 4507 1648 4569 αὐτούς’
1683 4508 1775 4559 καὶ

1897 4505 2242 4558 :onsolabitur
2267 4523 2280 4557 :
2307 4513 2360 4558 et
2379 4518 2475 4572 per
2505 4501 2680 4556 fontes
2715 4515 2975 4569 aquarum
3011 4500 3168 4554 ducet
3207 4513 3322 4559 eos,
3351 4505 3403 4549 et

217 4597 357 4669 θήσω
399 4603 514 4654 πᾶν
560 4601 690 4671 ὅρος
737 4601 817 4660 είς
873 4597 989 4650 ὁδὸν
1037 4598 1130 4649 καὶ
1159 4599 1334 4648 πᾶσαν
1362 4596 1545 4666 τρίϐον
1581 4599 1658 4658 είς
1689 4596 1776 4666 βό-

219 4707 397 4762 σκημα
436 4693 642 4753 αὐτοῖς.
707 4690 838 4742 Ἰδοὺ
875 4681 1019 4740 οὗτοι
1063 4687 1338 4758 πόρρωθεν
1379 4688 1613 4756 ἥξουσιν,
1639 4683 1778 4740 οὗτοι

218 4779 318 4830 ἀπὸ
359 4780 542 4850 βορρᾶ
580 4779 674 4831 καὶ
719 4777 1014 4846 θαλάσσης,
1053 4775 1198 4828 ἄλλοι
1241 4775 1296 4826 δὲ
1328 4776 1390 4827 ἐκ
1413 4775 1514 4842 γῆς
1536 4775 1773 4845 Περσῶν.

216 4867 590 4940 Εὐφράνθητε,
628 4869 872 4940 οὐρανοὶ,
899 4868 992 4919 καὶ
1023 4864 1359 4933 ἀγαλλιάσθω
1385 4867 1418 4934 ἡ
1453 4865 1542 4934 γῆ.
1590 4866 1778 4935 Ῥηξά-

216 4974 386 5012 τωσαν
420 4959 492 5011 τὰ
521 4959 624 5028 ὅρη
655 4955 1022 5027 εὐφροσύνην,
1053 4955 1133 5005 ὅτι
1165 4953 1388 5022 ἠλέησεν
1434 4953 1630 5023 Κύριος
1688 4953 1776 5005 τὸν

219 5045 333 5100 λαὸν
358 5046 556 5108 αὐτοῦ,
587 5049 679 5099 καὶ
725 5045 855 5106 τοὺς
881 5041 1170 5102 ταπεινοὺς
1191 5039 1282 5092 τοῦ
1304 5039 1428 5092 λαοῦ
1458 5042 1614 5095 αὐτοῦ
1643 5059 1778 5114 παρ-

222 5135 492 5189 εκάλεσεν.
533 5153 554 5186 ι

221 5243 338 5298 KP.
377 5247 491 5301 Ταῦ
525 5246 738 5298 αὑτοῦ.
770 5272 842 5284 -
871 5241 1147 5360 Δὲἦᾰλιιίσις
1167 5238 1412 5303 Χριστοῦ
1437 5241 1529 5292 καί
1558 5241 1774 5308 κλῆσις

979 5322 1117 5360 νων.

979 5322 1117 5360 νων.

289 5443 310 5474 ι
346 5427 652 5497 Προσέχετε
682 5426 796 5485 τοῖς
823 5421 964 5472 ὠσὶν
995 5417 1167 5486 ὑμῶν,
1200 5416 1292 5468 καὶ
1321 5417 1771 5490 ἐπακολουθήσαιτε

227 5516 335 5578 ατς
374 5516 514 5576 ﬁci;
575 5529 698 5582 μου.
758 5503 1114 5561 ἐπακούσατέ
1162 5519 1280 5570 μου,
1328 5503 1416 5554 καὶ
1459 5504 1674 5574 ζήσεται
1718 5511 1774 5560 ἐν

1878 4609 2068 4662 ponam
2109 4607 2320 4646 omnem
2365 4601 2594 4644 montem
2624 4591 2675 4643 in
2709 4591 2867 4653 viam,
2897 4596 2950 4642 et
2977 4601 3186 4640 omnem
3237 4585 3402 4640 semi-

1879 4692 1982 4734 tam
2013 4683 2066 4734 in
2101 4683 2351 4751 pabulum
2377 4682 2456 4735 eis
2483 4699 2494 4733 :
2519 4679 2656 4734 Ecce
2690 4681 2740 4732 lii
2769 4678 2837 4732 de
2855 4675 3161 4746 longinquis
3190 4671 3403 4726 venient

1877 4770 1955 4823 illi
1981 4771 2047 4824 ab
2085 4771 2333 4838 aquilone
2362 4777 2414 4824 et
2458 4769 2613 4829 mari,
2642 4769 2731 4821 alii
2769 4781 2895 4820 vero
2936 4780 3000 4818 ex
3039 4771 3184 4816 terra
3212 4760 3403 4814 Persa-

1877 4871 2018 4910 rum.
2076 4855 2376 4919 Laatamini,
2419 4856 2562 4916 caeli,
2609 4863 2662 4909 et
2705 4853 2934 4908 exsultet
2995 4856 3158 4902 terra.
3210 4846 3406 4901 Erum-

1875 4953 2002 5017 pant
2058 4953 2266 5000 montes
2313 4948 2366 5000 in
2415 4947 2674 5007 laetitiam,
2718 4942 2971 5012 quoniam
3017 4939 3273 4992 misertus
3323 4948 3405 4994 est

1875 5035 2132 5090 Dominus
2157 5037 2335 5104 populi
2365 5037 2469 5099 sui,
2509 5043 2563 5088 et
2593 5033 2820 5086 humiles
2864 5029 3044 5098 populi
3082 5028 3165 5082 sui
3205 5042 3406 5084 conso-

1877 5129 2017 5180 latus
2045 5133 2128 5180 est
2147 5127 2212 5179 ".
2245 5144 2264 5178 ι

1877 5238 1978 5308 53
2004 5234 2184 5290 XXIII.
2217 5235 2293 5286 Ab
2315 5236 2509 5314 eodem.
2527 5231 2906 5314 —Declaratio
2935 5230 3152 5293 Christi,
3181 5239 3229 5284 et
3261 5247 3408 5284 voca-

2467 5311 2535 5354 tio
2564 5311 2806 5370 gentium.

1949 5437 1967 5468 ι
2005 5416 2270 5470 Λιῑριιάἱιο
2321 5413 2538 5468 auribus
2589 5412 2800 5474 vestris,
2863 5420 2916 5466 ct
2966 5407 3238 5466 sectamini
3290 5408 3408 5460 via".

1877 5524 2042 5571 meas,
2073 5515 2125 5560 et
2157 5505 2334 5559 audiet
2360 5519 2460 5566 me,
2485 5511 2536 5556 et
2571 5505 2710 5556 viVet
2735 5504 2788 5556 in
2814 5503 2968 5558 bonis
2995 5501 3172 5555 anima
3203 5505 3402 5558 vestra,

289 5687 331 5718 η
367 5685 467 5740 lsa.
505 5699 638 5748 xui,
669 5681 792 5736 Μ.
881 5676 933 5707 ⁷³
958 5673 1094 5728 ibid.
1123 5671 1237 5724 6-9.
1277 5673 1318 5702 "
1342 5669 1440 5727 lsa.
1468 5691 1609 5742 xux,
1646 5679 1760 5734 1-2.

1913 5678 2041 5735 ibid.
2070 5678 2124 5732 6.
2198 5679 2242 5711 "
2276 5680 2404 5741 ibi],
2439 5681 2512 5753 7..
2573 5681 2616 5713 '”
2645 5678 2772 5758 ibid.
2802 5677 2948 5732 8-15.
