3870 6348
735 417 827 473 lii

1376 399 1636 458 EUSEBII
1674 393 2138 452 CAESiRlENSiS
2172 390 2316 446 OPP.
2359 385 2536 442 PARS
2567 382 2634 440 ῐῘ.
2665 412 2730 423 —-
2770 381 3210 436 APOLOGETICA.

733 545 786 588 ct
815 531 1033 584 condam
1079 523 1227 576 VOiliS
1259 518 1654 574 Testamentum
1689 513 2092 583 sempiternum,
2131 525 2252 564 san-

2024 526 2092 574 m,
2131 525 2252 564 san-
2284 514 2324 568 Α
2353 507 2568 574 ἀγαθοῖς
2600 505 2632 574 ἡ
2665 500 2806 570 ψυχὴ
2825 499 2992 570 ὑμῶν,
3021 501 3110 554 καὶ
3127 496 3463 567 διαθήσομιῦμὶν
3475 495 3552 548 διαί

735 631 818 676 eta
845 617 1004 672 David
1037 608 1228 669 fidelia.
1267 613 1400 666 Ecce
1429 608 1788 666 testimonium
1845 603 2093 674 gentibus
2134 601 2254 655 dedi

733 724 874 772 eum,
914 705 1306 774 principem'et
1354 703 1697 770 imperantem
1756 693 2016 764 gentibus.
2063 689 2256 744 Gentes

734 811 850 866 qua:
882 809 987 847 non
1017 799 1278 846 noverunt
1307 799 1378 852 te,
1411 787 1734 842 invocabunt
1758 790 1808 836 te
1841 801 1852 835 :
1887 789 1939 834 et
1969 780 2144 848 μοι)ιηὶ
2169 779 2256 846 qui

733 883 980 940 nesciunt
1027 890 1100 944 te,
1146 882 1211 935 ad
1265 889 1316 934 te
1362 877 1667 946 confugient
1711 881 1925 942 propter
1978 871 2258 923 Dominum

735 974 897 1028 Deum
933 981 1103 1033 tuum,
1130 979 1374 1024 sanctum
1409 977 1559 1020 tuum
1594 964 1776 1026 lsrael,
1807 962 2054 1030 quoniam
2100 957 2260 1026 glori—

736 1062 911 1114 ficavit
936 1060 1054 1113 te.“I
1079 1078 1096 1110 ι
1116 1058 1338 1122 Quando
1365 1071 1492 1123 ergo
1521 1055 1588 1106 ab
1620 1053 1704 1105 his
1734 1066 1944 1120 quoque
1975 1049 2261 1102 didicimus

735 1151 934 1206 Christi
981 1151 1263 1204 adventum
1305 1144 1612 1215 praeparari,
1649 1151 1705 1195 ut
1738 1158 1841 1194 non
1883 1141 2012 1195 solis
2041 1138 2260 1198 Iudaeis,

739 1242 830 1296 sed
867 1241 1116 1294 omnibus
1153 1236 1398 1308 gentibus
1429 1235 1679 1288 salutaris
1712 1233 1847 1284 foret
1877 1250 1890 1284 :
1923 1246 2016 1300 age
2046 1229 2262 1284 tertium

737 1346 950 1402 quoque
975 1329 1102 1382 illud
1123 1325 1486 1384 ostendamus,
1501 1320 1942 1392 quemadmodum
1964 1321 2014 1371 in
2036 1319 2262 1372 adventu

738 1421 877 1490 ejus,
908 1434 1010 1472 non
1061 1417 1232 1470 solum
1281 1414 1499 1467 meliora
1536 1411 1781 1480 gentibus
1837 1425 1928 1478 per
1973 1408 2264 1476 Prophetas

740 1509 1143 1567 nuntiabantur,
1191 1504 1282 1559 sed
1324 1505 1479 1557 etiam
1525 1503 1587 1556 iis
1617 1501 1706 1570 qui
1754 1517 1818 1554 ex
1861 1499 2266 1554 circumcisione

741 1608 866 1656 sunt
911 1595 1196 1652 contraria.
1253 1591 1526 1661 Siquidem
1580 1593 1734 1660 plane
1789 1592 2101 1650 ruinam,et
2133 1587 2267 1654 reje-

741 1691 968 1744 ctionem
1021 1685 1253 1740 Judaicaa
1300 1681 1472 1752 gentis
1529 1681 2032 1748 futuram,propter
2083 1690 2266 1730 eorum

741 1790 864 1846 erga
891 1773 1164 1828 Christum
1221 1768 1672 1830 incredulitatem,
1703 1767 1919 1820 oracula
1968 1779 2086 1833 quae
2127 1763 2267 1832 apud

2356 596 2584 654 αἰώνιον,
2629 591 2696 643 τὰ
2737 591 2854 641 ὅσια
2885 589 3036 640 Δαϐὶδ
3061 589 3122 640 τὰ
3157 586 3292 638 πιστὰ.
3327 584 3420 636 Ἰδοὺ
3459 600 3552 652 μαρτ

2356 685 2525 738 εθνεσι
2545 681 2748 734 δέδωκα
2773 677 2946 736 αὑτὸν,
2968 677 3172 746 ἄρχοντα
3188 675 3255 726 καὶ
3267 673 3551 743 προστάσσοντα

2359 791 2456 826 σιν.
2482 772 2656 840 ’Έθνη-
2683 769 2716 822 ἂ
2741 769 2838 819 οὐκ
2879 765 3072 819 οἵδασίν
3110 781 3169 826 σε,
3205 759 3506 813 ἐπικαλέσονταί
3533 777 3554 809 σ

2357 863 2472 915 λαοὶ
2522 863 2570 914 οἳ
2614 861 2710 912 οὐκ
2751 855 3057 910 ἐπίστανταί
3103 869 3164 915 σε,
3189 854 3256 903 ἰπὶ
3285 851 3330 902 σὲ
3361 848 3552 916 καταοεὺἰ

2357 952 2516 1004 ἕνεκα
2557 948 2756 1018 Κυρίου
2785 946 2874 998 τοῦ
2905 943 3036 996 Θεοῦ
3077 940 3154 994 τοῦ
3179 941 3298 1006 ἁγίου
3325 955 3394 990 σου
3428 937 3556 1008 Ἱσραὶ

2361 1040 2602 1104 ἐδόξασεν
2633 1055 2714 1090 σε.
2753 1057 2768 1086 ι
2807 1038 2912 1087 Καὶ
2940 1033 3026 1084 διὰ
3055 1031 3225 1084 τούτων
3245 1026 3313 1081 οὖν
3339 1027 3554 1098 μεμαθηκόλ

2361 1132 2392 1199 ἡ
2421 1129 2510 1182 τοῦ
2543 1125 2770 1198 Χριστοῦ
2804 1123 3068 1193 παρουσία
3119 1123 3167 1190 ού
3197 1120 3336 1190 μόνοις
3372 1115 3554 1168 Ἰουδαίοι

2362 1219 2452 1270 καὶ
2482 1219 2611 1268 πᾶσι
2640 1217 2748 1276 τοῖς
2775 1214 2943 1266 ἔθνεσι
2977 1211 3214 1280 σωτήριος
3245 1207 3411 1259 ἔσεσθαι
3444 1221 3550 1274 προη

2363 1306 2500 1369 ζετο,
2543 1305 2669 1373 φέρε
2713 1303 2804 1354 καὶ
2835 1302 2894 1354 τὸ
2937 1302 3112 1370 τρίτον
3137 1296 3448 1364 ἀποδείξωμεν,
3479 1294 3556 1345 Bm

2361 1397 2482 1458 τοὺς
2512 1395 2608 1462 τῆς
2630 1391 2934 1459 ἐπιφανείας
2961 1388 3116 1443 αὑτοῦ
3143 1387 3322 1456 χρόνους
3339 1384 3386 1436 ού
3411 1383 3534 1450 μόνον

2366 1486 2584 1554 στότερα
2614 1485 2722 1544 τοῖς
2767 1480 2937 1532 ἔθνεσι
2971 1474 3341 1548 προεφητεύετο,
3365 1471 3476 1523 am
3492 1469 3552 1523 καὶ

2368 1576 2654 1648 περιτομῆς
2685 1573 2751 1626 τὰ
2789 1571 3020 1624 ἐναντία.
3071 1567 3326 1638 Διαρῤήδην
3363 1563 3468 1630 γοῦν
3505 1564 3550 1614 ἀι

2367 1667 2456 1719 καὶ
2475 1663 2734 1733 ἀποϐολὴν
2764 1662 2852 1714 τοῦ
2891 1659 3140 1711 Ἰουδαίων
3165 1657 3338 1716 ἔθνους,
3359 1653 3432 1705 init
3462 1652 3543 1721 τὴν

2371 1755 2488 1808 στὸν
2514 1753 2762 1806 ἀπιστίαν
2802 1749 2996 1812 αὐτῶν,
3027 1744 3309 1808 ἕσεσθαι,τὰ
3337 1742 3444 1812 παρ’
3476 1741 3550 1792 aui

742 1865 890 1934 ipsos
919 1863 1200 1924 habentur,
1227 1857 1576 1926 pronuntiant
1610 1877 1623 1910 :
1656 1864 1714 1908 ut
1737 1856 1846 1924 jam
1889 1831 2001 1906 non
2035 1831 2266 1922 aequales

2035 1831 2266 1922 aequales
2299 1831 2338 1884 Β
2367 1841 2736 1916 προαγορεύει,
2764 1840 2837 1902 ὡς
2864 1839 3053 1908 μηκέτι
3083 1837 3207 1897 ἴσους
3229 1833 3358 1902 ἡμᾶς
3383 1832 3549 1891 αὺτοῖς,

743 1969 842 2008 nos
873 1954 972 2010 eis.
1003 1952 1096 2006 sed
1124 1951 1279 2004 etiam
1311 1949 1464 2017 longe
1504 1945 1806 2014 superiores
1842 1943 2134 1996 videamur.
2154 1941 2268 1995 Cae-

741 2052 916 2098 terum
954 2057 1094 2096 nunc
1133 2052 1344 2110 quoque
1370 2045 1489 2089 utar
1519 2035 1678 2088 nudis
1705 2033 2084 2102 Prophetarum
2115 2029 2267 2094 locis,

745 2150 842 2190 nec
869 2148 932 2188 ea
965 2133 1071 2187 ullo
1114 2129 1276 2182 modo
1305 2125 1720 2194 contemplabor,
1755 2137 1874 2176 cum
1929 2130 2143 2190 propter
2181 2135 2272 2174 eo-

743 2224 984 2280 rumdem
1027 2217 1482 2288 perspicuitatem,
1520 2221 1632 2266 tum
1683 2211 1822 2280 quod
1860 2211 2106 2264 liberiore
2143 2211 2270 2272 otio,

743 2315 1107 2386 plenissimam
1155 2323 1338 2362 eorum
1383 2305 1770 2373 expositionem
1825 2301 2020 2355 edituri
2065 2313 2269 2355 sumus.

1335 2411 1558 2467 CAPUT
1605 2410 1688 2464 Ill.

748 2527 1190 2596 Quemadmodum
1221 2527 1270 2576 in
1302 2525 1562 2576 vocatione
1589 2520 1834 2590 gentium,
1869 2533 1980 2584 qua:
2007 2531 2094 2582 per
2125 2515 2276 2568 Chri—

817 2635 952 2677 stum
979 2617 1214 2689 facienda
1242 2627 1374 2675 erat,
1403 2615 1706 2668 Judworum
1749 2619 1941 2680 gentem
1971 2627 2001 2660 a
2031 2611 2134 2660 ritu
2165 2623 2291 2674 pro-

815 2708 948 2774 prio,
984 2705 1217 2772 cultuque
1255 2703 1344 2754 Dei
1367 2701 1548 2754 cadere
1577 2699 1860 2766 oportebat.

749 2815 930 2870 XXIV.
969 2813 1044 2866 Ab
1067 2813 1310 2866 Ieremia.
1341 2843 1408 2850 —
1437 2809 1728 2862 Declaratio
1780 2806 2067 2872 rejectionis
2113 2805 2275 2872 gentis

817 2884 1142 2944 Judworum,
1166 2891 1214 2935 et
1234 2880 1523 2947 adoptionis
1555 2878 1779 2946 gentium
1807 2877 1916 2927 loco
1941 2890 2136 2927 eorum.

823 3052 846 3084 ‹
887 3033 1008 3086 Haec
1051 3031 1180 3085 dicit
1214 3029 1471 3083 Dominus
1503 3046 1515 3080 :
1549 3025 1700 3080 State
1747 3027 1800 3078 in
1841 3025 1960 3084 viis,
1996 3033 2049 3076 et
2081 3021 2274 3082 videte,

2365 1931 2636 2003 κρείττους
2679 1928 2854 1980 αὐτῶν
2893 1929 2955 1978 ὲκ
3003 1923 3282 1994 περιουσίας
3323 1919 3544 1986 ἀναφαίνε

2367 2021 2456 2074 νῦν
2475 2021 2534 2074 δὲ
2563 2019 2827 2089 χρήσομαι
2856 2015 3032 2083 ψιλαῖς
3063 2015 3170 2074 ταῖς
3193 2009 3288 2062 τῶν
3311 2005 3546 2079 noueram

2369 2129 2503 2174 σεσι,
2543 2110 2658 2180 δίχα
2686 2110 2862 2176 πάσης
2899 2105 2996 2172 τῆς
3026 2105 3100 2164 εἱς
3137 2100 3290 2162 αὐτὰς
3328 2098 3548 2168 θεωρίας,

2371 2200 2530 2268 σαφὲς
2559 2196 2753 2259 αὐτῶν,
2793 2195 2886 2248 καὶ
2913 2193 2998 2244 διὰ
3042 2191 3098 2243 τὸ
3142 2188 3331 2260 μέλλειν
3373 2187 3458 2238 ἐπὶ
3493 2202 3548 2254 σν¹

2375 2289 2628 2362 ρεστὰτην
2660 2284 2834 2338 αὐτῶν
2866 2280 3180 2352 ποιήσασθαι
3206 2279 3295 2348 τὴν
3325 2276 3543 2340 ἐξέτασιν

2885 2389 3259 2445 ΚΕΦΑΛΑΙΟΝ
3304 2388 3350 2438 Γ⁹
3363 2427 3374 2438 .

2375 2512 2560 2573 Ὅπως
2589 2508 2682 2558 ἐπὶ
2713 2505 2783 2572 τῇ
2808 2505 2921 2556 τῶν
2951 2501 3135 2554 ἐθνῶν
3161 2499 3386 2566 κλήσει,
3410 2497 3479 2565 τῇ
3501 2498 3548 2549 δι

2441 2598 2586 2653 στοῦ
2636 2595 2938 2666 γενομένῃ,
2978 2595 3316 2656 ἀπόπτωσις
3357 2589 3551 2658 ἔμελλε

2441 2689 2548 2758 τῆς
2576 2687 2720 2740 κατὰ
2743 2685 2888 2738 Θεὸν
2918 2684 3219 2746 εὐσεϐείας
3251 2680 3327 2746 τῷ
3361 2679 3550 2734 Ἰουδαι

2374 2797 2494 2849 ΚΔν.
2529 2795 2656 2848 Ἀπὸ
2672 2791 2772 2844 τοῦ
2806 2791 3095 2857 Ἱερεμίου.
3122 2821 3190 2831 —-
3208 2787 3469 2852 Δήλωσις
3485 2787 3551 2851 ἀρ

2455 2862 2747 2916 Ἰουδαίων
2774 2860 3004 2922 ἔθνους,
3035 2859 3131 2912 καὶ
3157 2857 3266 2924 τῆς
3297 2857 3420 2909 ἀντ’
3444 2858 3550 2908 αὐτ

2444 2949 2594 2996 σεως
2629 2930 2743 2981 τῶν
2773 2927 2979 2979 ἐθνῶν.

2449 3041 2467 3072 ι
2495 3019 2627 3072 Τάδε
2655 3017 2796 3083 λέγει
2821 3015 3042 3083 Κύριος·
3077 3014 3248 3083 Στῆτε
3282 3015 3340 3067 ὲν
3359 3015 3479 3076 ταῖς
3501 3012 3554 3065 οδ

745 3135 804 3178 et
854 3131 1036 3193 rogate
1080 3119 1296 3174 semitas
1331 3117 1540 3171 Domini
1593 3116 1976 3184 sempiternas.
2026 3119 2076 3166 et
2106 3109 2273 3162 videte

2026 3119 2076 3166 ct
2106 3109 2278 3162 videte
2307 3144 2346 3198 ε
2377 3113 2468 3166 καὶ
2506 3109 2810 3179 ἐρωτήσατε
2851 3104 3072 3174 τρίϐους
3117 3104 3324 3175 Κυρίου
3367 3103 3547 3158 αἱωνίς

745 3229 994 3283 quaenam
1043 3213 1112 3265 sit
1147 3213 1233 3265 via
1280 3212 1439 3272 bona,
1474 3217 1525 3262 et
1563 3205 1830 3260 ambulate
1863 3205 1914 3255 in
1941 3217 2022 3264 ea,
2054 3211 2106 3254 et
2135 3201 2280 3251 inve-

751 3301 912 3356 nietis
967 3299 1331 3368 purgationem
1385 3294 1576 3348 animis
1623 3289 1832 3346 vestris.
1877 3287 1939 3340 Et
1993 3286 2278 3338 dixerunt:

755 3405 860 3444 non
917 3387 1327 3442 ambu'labimus.
1373 3384 1634 3440 Constitui
1685 3394 1845 3448 super
1897 3393 1992 3430 vos
2044 3373 2284 3444 specula-

743 3488 920 3540 tores.
952 3478 1131 3533 audite
1163 3492 1344 3532 vocem
1369 3477 1534 3538 tubae;
1566 3483 1618 3528 et
1645 3473 1894 3526 dixerunt
1925 3487 1937 3522 :
1972 3483 2075 3520 non
2101 3463 2281 3517 audie-

755 3585 896 3624 mus.
931 3568 1038 3639 54
1073 3567 1276 3620 Idcirco
1314 3565 1600 3619 audierunt
1627 3569 1831 3632 gentes,
1856 3565 1908 3610 et
1937 3557 2027 3626 qni
2058 3559 2283 3624 pascunt

733 3673 943 3728 greges
973 3659 1027 3709 in
1049 3657 1148 3710 eis.
1175 3655 1275 3709 τ’.»
1414 3663 1428 3668 '

755 3765 918 3820 XXV.
959 3765 1036 3818 Ab
1071 3764 1347 3818 eodem.——
1371 3762 1585 3815 Pietatis
1627 3763 1852 3828 gentium
1897 3755 2202 3828 declat-alio,
2235 3763 2282 3828 et

825 3837 989 3902 gentis
1020 3832 1258 3884 Iudaicae
1295 3829 1586 3902 impietatis
1618 3823 1900 3902 accusatio,
1931 3835 1976 3879 et
2019 3823 2284 3902 prwdictio

829 3895 1104 3964 iuniorum,
1147 3915 1259 3969 qua:
1304 3895 1417 3966 post
1461 3897 1656 3952 Christi
1715 3895 1987 3948 adventum
2038 3897 2284 3946 invasura

813 3979 972 4023 ιταηι
997 3987 1103 4022 808.

825 4100 850 4130 4
883 4080 1124 4141 Domine,
1157 4075 1408 4132 fortitudo
1443 4091 1578 4133 mea.
1611 4083 1662 4127 et
1703 4073 1961 4126 auxilium
2007 4086 2202 4134 meum,
2232 4075 2286 4123 et

759 4171 1022 4241 refugium
1060 4185 1236 4222 meum
1267 4171 1318 4222 in
1352 4169 1437 4222 die
1469 4163 1750 4218 malorum.
1777 4163 1852 4216 Ad
1895 4171 1946 4216 te
1987 4168 2171 4232 gentes
2195 4176 2286 4214 ve-

759 4261 926 4320 nient,
953 4259 1018 4310 ab
1045 4269 1280 4310 extremo
1314 4265 1490 4312 terrae.
1515 4263 1565 4306 ct
1595 4253 1771 4305 dicent
1799 4267 1812 4301 :
1849 4249 1980 4302 Vere
2009 4249 2139 4301 falsa
2161 4263 2286 4318 pos-

760 4353 1013 4406 sederunt
1043 4357 1220 4418 patres
1253 4348 1420 4400 nostri
1452 4345 1758 4406 simulacra,
1789 4353 1841 4395 et
1877 4359 1982 4395 non
2013 4343 2170 4395 estin
2207 4342 2286 4396 eis

763 4439 1008 4492 utilitas:
1046 4437 1090 4490 si
1135 4435 1292 4490 faciet
1321 4436 1420 4490 sibi
1450 4435 1608 4486 homo
1641 4433 1787 4489 deos.
1825 4439 1876 4484 et
1919 4431 1970 4483 hi
2016 4446 2122 4484 non
2161 4437 2285 4484 sunt

761 4529 856 4584 dii.
882 4526 1082 4582 Idcirco
1123 4541 1221 4596 ego
1245 4525 1519 4580 ostendam
1549 4524 1628 4576 eis
1662 4522 1712 4574 in
1747 4531 1982 4586 tempore
2016 4521 2115 4573 hoc
2147 4539 2159 4573 :
2187 4535 2286 4572 no-

761 4632 870 4676 tam
914 4619 1102 4673 faciam
1143 4619 1222 4672 eis
1267 4630 1480 4670 manum
1513 4629 1702 4672 meatu,
1735 4622 1788 4664 et
1819 4611 2063 4664 virtutem
2094 4625 2286 4674 meam,

761 4721 816 4766 et
836 4717 1178 4780 cognoscent,
1206 4705 1348 4776 quod
1391 4717 1583 4756 nomen
1628 4700 1755 4752 mihi
1785 4697 2060 4752 Dominus.
2091 4697 2287 4752 Pecca-

763 4809 874 4854 tum
913 4799 1048 4854 Juda
1080 4798 1336 4867 scriptum
1371 4803 1454 4848 est
1488 4795 1624 4862 stylo
1661 4791 1832 4846 ferreo
1862 4793 1912 4845 in
1946 4806 2118 4859 ungue
2157 4789 2288 4842 ada-
2316 4811 2321 4821 -

764 4889 1022 4949 mantino,
1057 4893 1329 4940 exaratum
1367 4897 1528 4951 super
1561 4881 1839 4934 latitudine
1871 4880 2048 4934 cordis
2077 4894 2282 4933 eorum.

763 4973 896 5027 Cum
925 4977 1197 5030 recordata
1229 4975 1422 5028 fuerint
1449 4987 1664 5025 nemora
1697 4985 1878 5023 eorum
1915 4970 1966 5022 in
1998 4969 2140 5038 ligno
2160 4981 2290 5021 con-

765 5063 951 5124 denso,
981 5073 1032 5116 et
1064 5065 1116 5118 in
1150 5066 1375 5120 collibus
1395 5062 1640 5122 excelsis,
1661 5071 1714 5115 et
1743 5061 2030 5122 montibus,
2054 5060 2105 5110 in
2140 5071 2286 5126 agro.

765 5150 1147 5206 Fortitudinem
1187 5164 1352 5212 tuam.
1379 5162 1430 5207 et
1462 5153 1743 5208 thesauros
1785 5159 1904 5205 tuos
1941 5151 1993 5202 in
2036 5149 2290 5215 direptio-

769 5257 887 5296 nem
933 5241 1090 5301 dabo,
1122 5252 1172 5295 et
1201 5247 1407 5297 excelsa
1454 5254 1566 5308 tua,
1600 5251 1813 5314 propter
1844 5246 2055 5311 peccata
2087 5247 2198 5298 tua,
2234 5236 2286 5287 in

766 5331 1015 5384 omnibus
1071 5329 1262 5385 finibus
1311 5335 1416 5386 tuis
1444 5353 1458 5387 :
1489 5345 1542 5387 et
1579 5332 1894 5404 relinqueris
1943 5329 2076 5389 sola,
2099 5333 2152 5381 et
2185 5326 2289 5378 hu-

769 5419 1058 5475 miliaberis
1108 5417 1174 5470 ab
1225 5419 1524 5475 haereditate
1577 5433 1686 5488 tua,
1727 5437 1886 5491 quam
1922 5417 2041 5472 dedi
2073 5415 2190 5476 tibi,
2241 5424 2292 5468 et

767 5507 968 5562 servire
1001 5513 1050 5557 te
1081 5505 1268 5558 faciam
1302 5505 1530 5561 inimicis
1561 5513 1664 5564 tuis
1703 5514 1754 5564 in
1795 5519 1955 5572 terra,
1989 5517 2146 5574 quam
2186 5517 2288 5554 non

837 5677 881 5709 "
904 5675 1007 5730 isa.
1036 5689 1121 5740 LV,
1155 5677 1266 5730 5-5.
1342 5677 1386 5709 ⁷³
1405 5674 1513 5732 Jer.
1535 5694 1608 5746 vr,
1637 5679 1816 5735 16.18.

2378 3201 2503 3254 ποία
2535 3199 2676 3250 ἐστὶν
2718 3197 2750 3264 ἡ
2790 3195 2904 3256 ὁδὸς
2937 3197 2969 3264 ὴ
3023 3193 3234 3265 ἀγαθὴ,
3264 3194 3362 3246 καὶ
3407 3193 3554 3264 βαδίζ

2378 3291 2470 3344 καὶ
2499 3289 2752 3358 εὑρήσετε
2780 3285 3044 3352 ἁγνισμὸν
3068 3287 3193 3347 ταῖς
3213 3285 3422 3354 ψυχαῖς
3445 3284 3552 3354 ὑμᾶ

2379 3380 2450 3434 Ού
2511 3373 2896 3447 πορευσόμεθα.
2953 3373 3312 3426 Καθέστακα
3368 3376 3456 3443 ἐφ’
3516 3375 3546 3426 ὑ

2379 3469 2640 3524 ἀκούσατε
2667 3467 2762 3536 τῆς
2784 3463 2961 3532 φωνῆς
2999 3465 3108 3533 τῆς
3138 3465 3482 3532 σάλπιγγος’
3515 3483 3551 3516 κ

2377 3553 2730 3626 ἀκουσόμεθα.
2759 3551 2854 3604 Διὰ
2888 3551 3058 3604 τοῦτο
3085 3555 3345 3622 ἤκουσαν
3376 3555 3453 3608 τὰ
3482 3555 3562 3607 εο-

2385 3649 2656 3718 μαίνοντες
2677 3645 2744 3697 τὰ
2769 3643 3000 3712 ποίμνια
3031 3645 3094 3695 ἐν
3124 3645 3348 3706 αὐτοῖς.
3387 3664 3405 3696 ι

2379 3759 2506 3810 KE'.
2544 3754 2671 3808 Ἀπὸ
2694 3753 2798 3807 τοῦ
2820 3755 2962 3822 αὐτο
2980 3755 3040 3806 ῦ.
3056 3785 3138 3795 -
3158 3756 3287 3822 Τῆς
3325 3756 3460 3809 τῶν
3483 3759 3570 3808 ἑθτ

2445 3825 2726 3890 δήλωσις,
2752 3821 2846 3872 καὶ
2874 3820 2994 3888 τῆς
3021 3825 3139 3876 τοῦ
3182 3820 3514 3876 Ἰουδαίων
3536 3828 3560 3878 ὲ

2449 3895 2604 3969 (fetae
2619 3891 3369 3969 xaeny'opla..ﬂpc‘pﬁnqtg
3388 3893 3462 3946 δὲ
3481 3894 3564 3947 τᾶ

2449 3960 2696 4028 Χριστοῦ
2711 3959 3062 4024 παρουσίαν
3071 3959 3552 4028 μετελθόντων

2455 4093 2472 4122 ι
2507 4071 2694 4142 Κύριε,
2739 4069 2887 4138 ἰσχύς
2933 4087 3050 4138 μου
3102 4071 3220 4124 καὶ
3267 4072 3534 4145 βοὴθειὰ.

2383 4163 2522 4233 φυγή
2556 4177 2652 4231 μου
2683 4161 2738 4210 ὲν
2759 4158 2940 4228 ἡμέρᾳ
2975 4161 3226 4224 κακῶν,
3259 4165 3423 4233 πρὸς
3467 4167 3536 4218 σὲ
3565 4171 3568 4212 ζ

2382 4253 2601 4322 ἐσχάτου
2641 4251 2736 4318 τῆς
2764 4249 2886 4316 γῆςν
2917 4250 3026 4300 καὶ
3055 4252 3340 4322 ἐροῦσιν
3400 4257 3515 4320 Ὡς
3549 4275 3572 4306 ι

2383 4345 2430 4394 οἱ
2469 4341 2698 4410 πατέρες
2746 4335 2897 4406 ἡμῶν
2938 4339 3208 4404 εἴδωλα,
3257 4347 3374 4397 καὶ
3428 4347 3552 4399 οὐκ

2321 4459 2360 4511 D
2387 4429 2630 4500 ὠφέλεια·
2665 4430 2714 4480 εἰ
2749 4427 2966 4496 ποιήσει
3001 4430 3218 4501 ἑαυτῷ
3248 4433 3569 4506 ἄνθρωπο

2390 4522 2486 4574 οὐκ
2514 4519 2616 4572 εἰσὶ
2643 4517 2770 4572 θεοί.
2808 4516 2902 4568 Διὰ
2930 4519 3135 4572 τοῦτο
3173 4523 3312 4576 ἰδοὺ
3356 4527 3499 4594 ἐγὼ
3531 4529 3580 4580 ὃς

2391 4605 2561 4677 καιρῷ
2587 4605 2776 4673 τούτῳ,
2815 4607 3064 4674 γνωριῶ
3107 4611 3344 4676 αὐτοῖς
3374 4614 3501 4686 τὴν
3535 4635 3582 4686 γ’

2388 4694 2610 4764 δύναμιν
2635 4708 2762 4762 μου·
2793 4693 2883 4744 καὶ
2917 4694 3343 4764 γνώσονται,
3394 4705 3506 4757 ὅτι
3545 4707 3581 4758 ὃ

2401 4784 2664 4855 Ἀμαρτία
2724 4781 2892 4835 ’ἰούδα
2957 4786 3458 4861 ἐγγέγραπται.
3513 4800 3582 4850 ὲκ

2389 4873 2743 4942 ἀδαμαντίνῳ,
2793 4871 3366 4952 ὲγκεκολαμμένη
3444 4887 3570 4940 ἐπὶ

2394 4962 2613 5032 καρδίας
2640 4959 3064 5030 αύτῶν,ἡνίκοι
3114 4967 3204 5020 ἂν
3256 4975 3588 5044 μνησθῶε

2393 5052 2482 5102 ἐπὶ
2523 5050 2674 5114 ξύλου
2723 5049 2934 5112 δασέως
3005 5057 3138 5108 καὶ
3207 5061 3336 5114 ἐπὶ
3401 5064 3600 5132 βουνέ

2391 5144 2555 5214 ὀρέων
2598 5145 2652 5194 ὲν
2689 5140 2860 5212 ἀγρῷ.
2929 5144 3176 5214 ’ἰσχύν
3231 5167 3360 5204 σου
3419 5158 3555 5210 καὶ

2392 5233 2661 5304 προνομὴν
2681 5232 2851 5290 δώσω.
2875 5235 3018 5286 καὶ·
3041 5238 3141 5290 τὰ
3198 5242 3463 5313 ὑψηλά
3522 5267 3606 5302 σο

2395 5339 2484 5376 σου
2517 5323 2612 5384 τὰς
2635 5324 2692 5376 ἐν
2727 5324 2855 5375 πᾶσι
2882 5327 3046 5387 τοῖς
3085 5329 3328 5398 ὁρίοις
3372 5353 3508 5390 σου
3539 5357 3570 5394 ·,

2394 5412 2484 5464 καὶ
2505 5411 2876 5482 ταπεινωθήσῃ
2905 5412 3068 5466 ἀπὸ
3097 5418 3249 5488 τῆς
3289 5421 3444 5494 κλη
3456 5445 3606 5496 ρονι

2396 5517 2504 5554 σοι’
2540 5502 2631 5554 καὶ
2665 5501 3144 5559 καταδουλώσει)
3197 5527 3286 5564 σε
3341 5521 3512 5582 τοῖς
3551 5524 3606 5575 ὲ.
