3870 6372
188 437 267 493 121

1048 438 1693 503 DEMONSTRATIONIS
1742 445 2186 504 EV’ANGELICAZ
2238 445 2364 503 LIB.
2405 449 2467 504 ll.

3238 458 3337 510 12⁸3

182 556 315 621 animi
338 547 431 606 τοῖς
455 539 731 630 μακαρίοις,
746 540 852 592 καὶ
873 542 1043 620 Θεοερ
1053 555 1200 610 ιλέσι
1221 558 1311 612 καὶ
1336 559 1400 612 τὰ
1424 559 1576 612 λοιπὰ
1596 558 1707 629 ἔθνη

1817 562 2008 630 quippe
2033 559 2122 630 qui
2151 557 2540 614 benedicendas
2567 576 2687 616 esse
2714 564 2929 630 itidem,
2968 577 3024 621 ut
3053 565 3174 624 illos
3221 584 3337 621 omo

175 636 566 704 ἀνακαλούμενΟς.
612 628 752 683 κατά
793 632 885 684 τό·
943 656 969 688 α
1016 643 1383 719 Εὐφράνθητε
1418 648 1538 717 ἔθνη
1582 649 1713 718 μετὰ

175 735 257 786 τοῦ
276 727 381 781 λαοῦ
400 722 566 778 αὐτοῦ’
595 740 614 773 ι
651 721 764 774 καί*
803 740 823 772 ι
855 725 1197 802 ’Ἄρχοντες
1224 738 1360 791 λαῶν
1390 737 1716 808 συνήχθησαν

175 817 295 887 μετὰ
312 811 389 865 τοῦ
407 809 529 863 θεοῦ
564 808 657 861 Ἀδ
667 807 837 880 ραάμυ
874 830 899 861 ι
929 817 1063 872 εἴτε
1087 824 1182 875 ἐπὶ
1208 824 1441 894 βασιλείᾳ
1454 825 1543 877 τοῦ
1564 825 1713 886 Θεοῦ,

172 909 304 961 ὑσὰν
324 900 465 955 αὐτοῦ
485 900 764 969 γεγονότες
784 900 1044 975 κλῆρος,
1074 914 1450 982 φρυάττονται,
1476 914 1606 966 ἀλλὰ
1627 915 1717 967 καὶ

179 1000 270 1050 ἐπὶ
295 995 439 1047 πάντα
461 992 529 1044 τὰ
556 990 722 1044 λοιπὰ
755 992 900 1065 ἔθνη
946 997 1295 1067 βασιλεύσειν
1326 1006 1353 1055 6
1382 1004 1510 1066 Θεὸς
1538 1006 1719 1057 θεσπί-

186 1091 340 1152 ζεταιο
370 1103 385 1135 ι
417 1082 610 1135 Εἴπατε
651 1101 671 1132 ι
702 1083 843 1154 γὰρ,
872 1089 1076 1157 φησὶν,
1114 1110 1132 1142 ιι
1162 1095 1216 1144 ἐν
1246 1096 1352 1156 τοῖς
1380 1093 1599 1157 ἔθνεσιν,
1637 1096 1715 1148 ὅτι

182 1176 360 1247 Κύριος
394 1173 726 1227 ἐϐασίλευσε.
760 1193 780 1226 ι
838 1177 963 1230 Καὶ
1006 1181 1186 1233 πάλιν·
1235 1200 1252 1232 ι
1296 1182 1658 1237 Ἐϐασίλευσεν
1689 1187 1717 1237 6

181 1268 299 1330 Θεὸς
322 1266 400 1318 ἐπὶ
429 1264 603 1317 πάντα
634 1264 709 1317 τὰ
737 1265 897 1337 ἔθνη·
939 1270 1055 1323 εἴτε
1090 1273 1181 1325 ἐπὶ
1211 1272 1268 1324 τὸ
1301 1273 1590 1343 ἱερουργεῖν
1625 1274 1716 1327 καὶ

180 1363 251 1432 τῷ
275 1360 378 1431 Θεῷ
411 1359 690 1431 λατρεύειν
723 1360 1037 1431 ἐξειλέχθαι
1077 1364 1266 1425 αὐτοὺς
1298 1367 1467 1431 φαῖεν,
1489 1364 1716 1416 δεικτέον

181 1454 247 1515 ὡς
266 1453 350 1504 καὶ
372 1454 476 1514 τοῖς
494 1451 673 1504 ἔθνεσι
693 1452 800 1521 τῆς
825 1453 953 1523 ἴσης
974 1455 1003 1506 6
1028 1454 1180 1520 λόγος
1208 1452 1522 1522 μεταδώσειν
1550 1454 1716 1523 ἐπήγ-

181 1544 347 1610 γελται
389 1542 695 1611 θεραπείας,
735 1544 938 1612 λέγων·
981 1564 999 1597 ι
1041 1547 1315 1614 Ἐνέγκατε
1354 1546 1424 1614 τῷ
1454 1547 1632 1617 Κυρίῳ
1661 1549 1714 1599 αἱ

180 1632 389 1702 πατριαὶ
411 1632 516 1684 τῶν
539 1633 734 1697 ἐθνῶν,
760 1635 1026 1700 ἐνέγκατε
1050 1635 1125 1704 τῷ
1150 1636 1331 1704 Κυρίῳ
1357 1635 1506 1700 δόξαν
1530 1636 1621 1687 καὶ
1638 1653 1714 1686 τι-

184 1724 293 1791 μήν*
323 1723 489 1791 ἄρατε
525 1721 744 1785 θυσίας,
789 1724 886 1776 καὶ
925 1723 1297 1795 εἰσπορεύεσθε
1323 1726 1400 1786 είς
1430 1725 1524 1786 τὰς
1552 1723 1715 1786 αὐλὰς

180 1812 344 1864 αὕτοῦσ
377 1833 394 1863 ι
414 1807 495 1875 οἷς
518 1815 615 1865 καὶ
634 1814 699 1866 τὸ
722 1813 876 1884 παρὰ
906 1813 981 1883 τῷ
995 1813 1184 1883 Ἡσαΐᾳ
1204 1813 1445 1881 συνάψεις
1472 1812 1660 1879 λόγιον,
1690 1831 1707 1861 ι

180 1903 231 1955 τὸ
251 1903 438 1972 σῆσαν·
475 1921 493 1952 ι
534 1904 737 1955 Ἔσται
771 1903 1144 1973 θυσιαστήριον
1171 1902 1250 1971 τῷ
1279 1902 1459 1971 Κυρίῳ
1483 1904 1537 1953 ἐν
1567 1900 1713 1971 χώρα

178 1994 451 2059 Αἰγύπτου,
482 1993 585 2045 xui.
625 1992 932 2059 γνώσονται
963 1994 1009 2044 oi
1054 1990 1335 2057 Αἰγύπτιοι
1373 1991 1458 2042 τὸν
1494 1990 1709 2061 Κύριον,

179 2083 257 2134 καί
284 2082 404 2151 ποιή
416 2097 573 2132 σουσι
603 2080 819 2143 θυσίας,
844 2080 937 2132 καὶ
965 2078 1201 2142 εὔξονται
1229 2079 1385 2146 εὐχὰς
1411 2079 1487 2147 τῷ
1510 2079 1709 2149 Κυρίῳ,

179 2173 253 2223 ut
282 2170 681 2222 ἀποδώσουσιν.
722 2189 741 2219 ι
798 2169 963 2220 Ἔνθα
1003 2169 1094 2220 καὶ
1133 2169 1436 2238 ἐπιστήσεις
1466 2168 1536 2229 ὡς
1564 2168 1714 2229 ἐκτὸς

178 2262 259 2329 τῆς
296 2261 662 2331 Ἰερουσαλὴμ
695 2260 790 2312 ἐπὶ
817 2259 914 2327 τῆς
952 2257 1216 2324 Αἰγύπτου
1250 2256 1614 2325 θυσιαστήριον
1639 2254 1713 2323 τῷ

181 2350 350 2420 Κυρίῳ
380 2349 781 2418 συστήσεσθαι,
834 2348 927 2399 καὶ
973 2346 1148 2399 θύσειν
1189 2345 1368 2397 αὐτόθι
1405 2346 1526 2404 τοὺς
1552 2345 1711 2409 Αἰγυ-

177 2438 361 2500 πτίους,
385 2439 481 2489 καὶ
508 2436 772 2502 εὔξεσθαι
799 2435 976 2504 εὐχὰς,
997 2436 1088 2486 καὶ
1112 2431 1488 2499 ἀποδώσειντῴ
1514 2432 1709 2501 Κυρίῳ,

180 2529 581 2597 προφητεύεται.
621 2529 699 2579 υύ
739 2526 893 2596 μόνον
937 2524 990 2576 δέ
1030 2523 1137 2594 ἄρα
1173 2523 1262 2574 ἐπὶ
1290 2521 1386 2589 τῆς
1425 2520 1709 2586 Αἰγύπτου,

178 2616 291 2668 ἀλλὰ
316 2618 409 2669 καὶ
452 2618 542 2669 ἐπ’
591 2615 770 2684 αὐτῆς
808 2614 905 2683 τῆς
942 2611 1169 2681 ἀληθοῦς
1207 2610 1564 2681 Ἰερουσαλὴμ,
1595 2610 1711 2677 ἥτις

181 2707 288 2758 ποτέ
313 2707 453 2776 αῦτη
484 2710 717 2767 νοεῖται,
760 2705 934 2757 πάντα
972 2703 1038 2756 τὰ
1081 2702 1225 2771 ἔθνη,
1278 2700 1367 2753 καὶ
1401 2700 1546 2752 αὐτοί
1573 2716 1633 2766 γε
1663 2702 1710 2750 οἱ

179 2796 364 2848 πάντων
398 2794 955 2864 δεισιδαιμονέστατοι
998 2792 1274 2858 Αἰγύπτιοι
1316 2790 1409 2858 τήν
1440 2789 1575 2849 κατᾷ
1603 2790 1712 2841 διά-

178 2901 297 2936 νοιαν
335 2885 736 2956 θεωρουμένην
776 2883 1140 2952 σκηνοπηγίαν
1182 2880 1449 2950 ἑορτάσειν
1486 2880 1587 2930 ὑπὸ
1615 2879 1710 2947 τῆς

179 2978 495 3047 προφητείας
520 2974 942 3028 ἀνακαλοῦνται.
979 2974 1039 3024 Et
1068 2973 1124 3023 δὲ
1149 2972 1242 3023 καὶ
1267 2970 1426 3024 πάλαι
1459 2970 1710 3039 πρότερον

179 3066 377 3136 ἐγενήθη
412 3067 578 3135 μερὶς
603 3064 812 3134 Κυρίου
841 3062 965 3123 λαὸς
992 3060 1148 3112 αὑτοῦ
1201 3059 1403 3120 Ἰακὼϐ,
1435 3058 1711 3128 σχοίνισμα

1814 667 1910 705 nes
1922 658 2100 720 gentes
2119 649 2454 718 praedixerit,
2473 659 2526 705 et
2542 652 2640 704 sub
2664 669 2820 707 unam
2858 657 3182 727 eandemque
3210 673 3331 711 cum

1814 740 1981 794 beatis
2003 739 2125 799 illis,
2161 738 2357 807 Deique
2411 740 2605 794 amicis‘
2627 741 2754 795 viris
2795 744 3046 805 laetitiam,
3096 748 3334 814 reliquas

1814 845 2021 899 quoque
2069 839 2252 898 gentes
2303 831 2534 894 invitet,
2564 832 2714 897 juxta
2758 833 2922 888 illud:
2964 854 2983 886 ι
3038 837 3333 901 Lzetamini,

1813 928 2012 989 gentes,
2036 935 2152 973 cum
2171 921 2365 989 populo
2396 925 2511 987 ejus
2539 922 2581 952 "
2612 940 2624 973 :
2671 943 2688 972 ι
2717 922 2777 975 [at
2800 925 2925 976 illud
2964 945 2976 979 ε
3007 946 3023 976 ‹
3056 926 3333 997 Principes

1814 1009 2122 1075 populorum
2154 1009 2456 1077 congregati
2493 1018 2615 1063 sunt
2664 1026 2782 1063 cum
2814 1011 2919 1066 Deo
2957 1014 3259 1070 Abraham:
3302 1037 3321 1068 ι

1815 1099 1924 1152 sive
1950 1096 2013 1150 de
2039 1098 2145 1166 ϐο
2176 1112 2339 1167 regno
2368 1098 2479 1160 Dei,
2523 1101 2673 1168 quasi
2717 1102 2857 1156 illius
2896 1102 3020 1157 facti
3073 1105 3325 1168 lizeredes,

1813 1186 2138 1254 gloriantur:
2164 1187 2273 1254 jam
2306 1188 2357 1239 in
2389 1189 2606 1256 reliquis
2630 1206 2841 1258 quoque
2871 1192 3114 1259 gentibus
3144 1210 3329 1264 regna-

1815 1282 1987 1327 turum
2030 1274 2213 1337 Deum,
2260 1277 2438 1329 divina
2481 1280 2695 1331 oracula
2751 1280 3083 1333 ostendunt:
3118 1276 3332 1338 «Dicite

1811 1365 1972 1426 enim,
1999 1363 2189 1432 inquit.
2236 1364 2288 1417 in
2316 1366 2597 1434 gentibus,
2648 1368 2787 1435 quod
2832 1367 3088 1422 Dominus
3137 1385 3326 1439 regna-

1812 1450 1884 1501 vit
1917 1450 1932 1478 ¹
1969 1469 2014 1503 ,ι
2056 1449 2119 1502 Et
2149 1465 2336 1506 rursus
2368 1470 2381 1504 :
2429 1470 2447 1502 ι
2502 1451 2761 1521 Regnavit
2791 1454 2930 1509 Deus
2958 1471 3118 1525 super
3145 1472 3330 1512 omnes

1813 1547 1994 1607 gentes
2015 1543 2071 1595 ’ς
2105 1559 2124 1591 ι
2151 1542 2263 1595 sive
2291 1543 2356 1595 ad
2388 1545 2669 1598 sacerdotii
2700 1562 2912 1607 munus,
2946 1557 2998 1600 et
3031 1549 3095 1602 ad
3129 1550 3330 1602 cultum

1814 1628 1919 1683 Deo
1946 1630 2296 1685 exhibendum
2326 1648 2383 1686 se
2402 1634 2599 1689 electos
2622 1636 2887 1699 dictitant,
2911 1637 3331 1691 demonstratum

1810 1721 1942 1785 erit;
1977 1722 2419 1788 quemadmodum
2469 1725 2715 1792 gentibus
2741 1742 2971 1794 quoque,
3002 1729 3202 1797 aequale
3231 1728 3332 1780 mi-

1812 1810 2088 1863 nisterium
2120 1827 2294 1865 sermo
2327 1813 2538 1866 divinus
2568 1830 2625 1868 se
2647 1817 3042 1884 impertiturum
3075 1819 3330 1887 promise-

1812 1900 1900 1959 rit,
1933 1899 2020 1951 ubi
2050 1899 2123 1951 ait
2157 1918 2172 1954 :
2207 1919 2225 1951 ί
2258 1901 2452 1956 All‘erte
2498 1901 2720 1956 Domino
2743 1943 2757 1966 ,
2808 1906 3019 1959 familiae
3071 1907 3326 1975 gentium.

1810 1987 1991 2041 aﬂ‘erte
2020 1988 2241 2043 Domino
2274 1992 2495 2058 gloriam
2522 2002 2575 2045 et
2597 1993 2845 2047 honorem
2873 2013 2885 2047 :
2914 1996 3078 2048 tollite
3103 1996 3325 2057 hostias,

1807 2084 1859 2129 et
1883 2077 2220 2144 ingredimini
2252 2080 2302 2132 in
2334 2081 2469 2133 atria
2493 2081 2610 2148 ejus
2642 2082 2661 2113 ³
2695 2100 2708 2134 :
2743 2102 2760 2133 ι
2792 2084 2986 2151 quibus
3010 2085 3169 2137 etiam
3200 2086 3327 2137 illud

1808 2167 1946 2234 apud
1968 2167 2153 2222 Isaiam
2199 2170 2419 2221 oraculu
2445 2188 2472 2220 ιι
2505 2171 2798 2239 adjungere
2820 2174 3035 2239 poteris.
3067 2172 3207 2240 quod
3255 2172 3329 2225 ita

1809 2256 2003 2309 habet:
2038 2274 2056 2305 ι
2094 2256 2155 2308 Ει
2177 2259 2341 2311 altare
2376 2259 2601 2313 Domino
2640 2262 2856 2315 interra
2896 2263 3127 2331 Egypti,
3162 2272 3211 2317 et
3237 2279 3329 2317 co-

1807 2353 2059 2413 gnoscent
2088 2345 2320 2416 IEgyptii
2364 2346 2663 2411 Dominum,
2713 2358 2763 2403 et
2799 2351 2990 2404 facient
3047 2353 3326 2419 sacrificia,

1806 2446 1857 2486 et
1887 2436 2149 2487 vovebunt
2183 2446 2300 2488 vota
2330 2436 2575 2498 Domino,
2608 2446 2661 2490 et
2683 2439 2904 2492 reddent
2934 2440 2975 2492 ‘.
3016 2459 3034 2491 ι
3071 2439 3170 2493 Ubi
3202 2442 3325 2493 item

1808 2523 1933 2576 illud
1965 2524 2060 2576 tibi
2082 2524 2182 2576 erit
2210 2525 2656 2577 considerandum
2684 2528 2955 2589 attentius,
2995 2529 3136 2596 quod
3179 2537 3327 2581 extra

1804 2608 2091 2664 Jerusalem
2116 2612 2167 2663 in
2196 2611 2422 2679 JEgypto
2443 2612 2607 2665 altare
2628 2611 2849 2666 Domino
2874 2617 3325 2679 constituendum,

1804 2707 1856 2753 et
1886 2700 1993 2753 illic
2028 2701 2424 2753 saeriticaturos
2449 2698 2751 2769 Egyptios,
2777 2711 3003 2770 votaque
3031 2702 3255 2755 Domino
3277 2714 3329 2755 et

1806 2786 2056 2849 facturos,
2081 2798 2131 2841 et
2154 2787 2457 2842 reddituros
2485 2789 2759 2855 prophetia
2789 2790 3067 2858 signiticet.
3100 2789 3212 2842 Non
3239 2807 3325 2842 er-

1803 2892 1870 2939 go
1891 2878 1942 2929 in
1967 2876 2195 2946 Aigypto
2218 2879 2387 2931 solum
2416 2917 2431 2940 ,
2467 2880 2557 2932 scd
2593 2881 2644 2931 in
2673 2880 2782 2947 ipsa
2826 2896 3035 2947 quoque
3075 2896 3197 2933 vera
3242 2878 3328 2933 Je-

1805 2967 2058 3027 rusalem,
2116 2982 2443 3034 quaecunque
2489 2984 2549 3020 ea
2597 2968 2936 3036 intelligatur,
2970 2984 3154 3021 omnes
3201 2984 3330 3036 gen-

1808 3061 1909 3117 tes,
1958 3070 2167 3109 necnon
2198 3056 2299 3124 ipsi
2329 3058 2563 3109 omnium
2612 3059 3121 3126 superstitiosissimi
3164 3058 3327 3127 [Egy-

178 3157 523 3227 κληρονομίας
563 3154 733 3207 αὑτοῦ
786 3152 1016 3222 Ἰσραὴλ,
1059 3150 1190 3203 ἀλλὰ
1220 3149 1435 3217 ῦστερόν
1473 3164 1597 3199 ποτε
1623 3148 1707 3200 καὶ

1812 3145 1925 3212 ptii,
1958 3144 2022 3196 ad
2052 3143 2103 3197 id
2123 3146 2259 3213 quod
2292 3161 2353 3199 ex
2384 3149 2667 3210 sententia,
2698 3164 2803 3201 non
2844 3162 2907 3199 ex
2937 3150 3137 3216 scripto
3162 3149 3329 3201 inter—

178 3246 232 3297 τὰ
252 3246 361 3317 ἔθνη
400 3246 587 3297 πάντα
613 3242 692 3312 τῷ
715 3243 905 3311 Κυρίῳ
922 3238 1234 3309 δοθήσεσθαι
1261 3237 1454 3307 κλῆρος
1477 3236 1703 3306 εἴρηται,

180 3338 425 3405 φήσαντος
454 3332 605 3402 αὐτῷ
629 3331 724 3384 τοῦ
750 3332 979 3401 Πατρόςο
1011 3348 1028 3379 ι
1051 3328 1273 3396 Λίτησαι
1300 3329 1421 3395 παρ’
1443 3326 1592 3395 ἐμοῦ,
1617 3327 1707 3378 καὶ

178 3424 306 3478 διὶισω
337 3443 431 3479 σοι
468 3424 596 3494 ἔθνη
632 3422 729 3492 τὴν
761 3419 1116 3489 κληρονομίαν
1153 3433 1261 3468 σου.
1296 3435 1313 3466 ι
1346 3417 1452 3467 Καὶ
1477 3414 1581 3483 γὰρ
1612 3431 1707 3467 κα-

178 3513 539 3583 τακυριεύσειν
587 3511 650 3563 οὐ
685 3511 782 3579 τῆς
826 3506 1098 3568 Ἰουδαίας,
1144 3504 1254 3556 ἀλλ’
1299 3503 1402 3555 ἀπὺ
1442 3502 1705 3571 θαλάσσης

180 3602 264 3664 ἕως
293 3601 602 3669 θαλάσσης,
638 3598 733 3651 καὶ
762 3596 1007 3667 περάτων
1031 3595 1132 3663 τῆς
1164 3592 1477 3661 οἰκουμένης
1513 3607 1708 3660 προφη-

180 3692 376 3743 τεύεται·
426 3708 443 3739 ι
473 3688 663 3741 Πάντα
692 3702 751 3738 τε
775 3684 845 3736 τὰ
874 3683 996 3753 ἔθνη
1027 3681 1387 3734 δουλεύσουσιν
1422 3679 1582 3748 αὐτῷ,
1617 3681 1706 3731 καὶ

181 3779 673 3849 ἐνευλογηθησονται
710 3778 766 3828 ἐν
793 3771 936 3841 αὐτῷ
967 3774 1132 3823 πᾶσαι
1160 3772 1213 3823 αἱ
1239 3769 1394 3837 φυλαὶ
1415 3768 1510 3837 τῆς
1533 3769 1648 3837 γῆς.
1682 3786 1701 3818 ι

182 3870 347 3921 Τούτου
372 3870 439 3921 δέ
466 3863 537 3936 ἦν
573 3866 768 3924 αἴτιον,
801 3863 862 3914 τὸ
890 3860 1150 3930 γνωρίσαι
1181 3858 1253 3928 (1)
1282 3858 1385 3911 τῶν
1418 3857 1548 3908 ὅλων
1578 3856 1705 3908 Θεὸν

180 3957 253 4008 τὸν
273 3960 537 4027 σωτήριον
558 3951 726 4006 αὐτοῦ
744 3948 967 4003 ἐνώπιον
984 3947 1196 3999 πάντων
1209 3945 1311 3997 τῶν
1327 3944 1509 3997 ἐθνῶν.
1541 3944 1704 4013 Σεση-

185 4047 375 4112 μείωται
408 4045 463 4098 δέ
496 4047 632 4114 ήμῖν
661 4041 762 4110 ἤδη
787 4040 1042 4108 πρότερον
1070 4037 1131 4088 τὸ
1156 4035 1388 4102 Ἰησοῦς
1413 4033 1596 4103 ὄνομα,
1628 4036 1705 4095 είς

184 4138 261 4206 τὴν
301 4137 575 4205 Ἑλλήνων
626 4131 737 4184 ἀπὸ
787 4131 884 4200 τῆς
950 4126 1207 4197 Ἑϐραίων
1258 4124 1704 4195 μεταὸαλλόμενον

184 4224 360 4291 φωνῆς,
390 4221 699 4288 Σωτήρων
736 4215 1144 4288 ἑρμηνεύεσθαι,
1189 4214 1261 4276 ὡς
1314 4212 1472 4282 μηδὲν
1527 4212 1704 4281 ἕτερον

185 4308 299 4364 εἷναι
340 4314 400 4365 τὸ
454 4310 761 4378 Σωτιξριον
785 4307 889 4360 τοῦ
914 4304 1061 4359 Θεοῦ
1094 4304 1126 4373 ἢ
1159 4302 1253 4373 τὴν
1305 4301 1396 4353 τοῦ
1463 4301 1704 4371 Σωτῆρος

185 4402 315 4470 quin:
398 4399 580 4472 Ἰησοῦ
659 4395 893 4467 Χριστοῦ
977 4392 1356 4464 προσηγορίαν.
1433 4391 1706 4460 Μαρτυρεῖ

1808 3233 2116 3302 pretandum
2145 3235 2234 3297 sit,
2274 3236 2731 3290 tabernaculorum
2786 3238 3020 3300 solenne,
3051 3240 3325 3293 celebrau-

1808 3324 1952 3386 dum,
1980 3324 2288 3379 invitantur.
2311 3325 2461 3389 Quod
2488 3326 2533 3381 si
2556 3326 2681 3378 olim
2705 3326 2874 3379 factus
2896 3333 2978 3380 est
3011 3345 3030 3374 ‹
3069 3344 3189 3396 pars
3221 3329 3327 3381 Do-

1807 3410 1936 3463 mini
1959 3412 2183 3480 populus
2201 3413 2318 3479 ejus
2352 3412 2537 3476 Jacob,
2570 3413 2837 3468 funiculus
2868 3414 3186 3468 baareditatis
3208 3417 3327 3485 ejus

1807 3496 1967 3552 Israel
1997 3500 2040 3563 ⁸,
2080 3518 2098 3549 ι
2145 3507 2199 3551 at
2227 3500 2281 3552 in
2313 3508 2584 3568 posterum
2604 3540 2619 3561 ,
2666 3508 2848 3570 gentes
2875 3518 3084 3570 quoque
3114 3519 3321 3558 omnes.

1807 3586 2029 3640 Domino
2058 3590 2113 3640 in
2150 3596 2346 3642 sortem
2369 3604 2488 3641 esse
2511 3589 2839 3652 tribuendas,
2867 3590 3063 3645 dictum
3089 3600 3196 3645 est:
3233 3592 3324 3646 ubi

1806 3673 2048 3728 videlicet
2094 3675 2164 3727 illi
2194 3677 2271 3729 sic
2298 3678 2371 3728 ait
2402 3675 2592 3730 Pater:
2631 3696 2648 3726 ι
2684 3677 2896 3732 Postula
2924 3695 2953 3730 a
2984 3687 3151 3741 me,et
3185 3679 3325 3733 dabo

1807 3762 1901 3814 tibi
1952 3769 2135 3831 gentes
2162 3763 2520 3817 hereditatem
2555 3772 2697 3817 tuam
2721 3765 2761 3818 °.
2794 3784 2812 3816 ι
2848 3765 3051 3819 Etenim
3084 3766 3326 3819 domina-

1806 3857 1983 3902 turum
2010 3864 2127 3904 esse
2153 3865 2258 3903 non
2297 3854 2350 3903 in
2379 3848 2559 3904 Judzea
2588 3853 2781 3914 solum,
2823 3853 2913 3905 sed
2941 3867 2970 3905 a
2993 3854 3123 3906 mari
3157 3865 3326 3921 usque

1806 3939 1872 3993 ad
1896 3954 2060 4002 mare,
2114 3949 2167 3995 et
2196 3940 2325 3995 lines
2371 3942 2517 3995 orbis
2558 3952 2731 4001 terrae,
2761 3943 3030 4019 prophetia
3060 3944 3251 3997 clamat
3277 3943 3324 4005 ⁷,

1804 4044 2093 4099 omnesque
2124 4030 2199 4082 illi
2229 4038 2412 4100 gentes
2432 4046 2551 4086 esse
2573 4032 2881 4092 serviturus,
2920 4032 3327 4086 benedicendas—

1804 4133 1907 4187 que
1930 4133 2046 4172 esse
2073 4118 2127 4171 in
2145 4133 2209 4172 eo
2232 4135 2416 4173 omnes
2437 4120 2609 4173 tribus
2632 4127 2801 4173 terrae.
2827 4119 2935 4174 Hac
2962 4128 3135 4174 autem
3160 4134 3323 4175 causa

1806 4206 1905 4260 hoc
1939 4207 2133 4260 factum
2165 4216 2266 4271 est,
2291 4218 2348 4261 ut
2373 4208 2510 4263 Deus
2538 4210 2770 4264 universi
2801 4210 2854 4262 in
2887 4220 3176 4278 conspectu
3206 4226 3324 4264 om—

1805 4296 1949 4349 nium
1983 4296 2239 4365 gentium,
2300 4298 2533 4353 salutare
2584 4315 2740 4353 suum
2800 4310 2985 4353 uotum
3021 4300 3219 4353 faceret
3246 4300 3268 4331 ⁸
3302 4320 3321 4353 :

1804 4401 1903 4440 uos
1928 4400 2053 4439 vero
2070 4385 2178 4453 jam
2202 4394 2325 4440 ante
2376 4387 2677 4442 notavimus
2706 4403 2897 4442 nomen
2936 4388 3111 4452 Jesus,
3163 4389 3207 4441 si
3254 4403 3319 4442 ex

185 4491 330 4561 τούτῳ
364 4492 459 4544 καὶ
496 4493 526 4541 6
563 4487 789 4557 Συμεὼν
828 4487 883 4538 ἐν
918 4482 995 4553 τῷ
1032 4481 1358 4549 Εὐαγγελίῳ,
1408 4480 1483 4542 ὃς,
1532 4479 1704 4532 λαϐὼν

1806 4474 2059 4529 Hebraica
2091 4476 2372 4545 linguain
2423 4476 2658 4531 Graecam
2716 4487 3092 4539 convertatur,
3139 4478 3320 4547 Σωτή-

181 4580 232 4631 τδ
281 4583 507 4643 παιδίον,
558 4578 719 4631 αὑτὸν
773 4574 837 4643 δὴ
890 4573 979 4625 τὸν
1044 4570 1263 4640 Ἰησοῦν,
1316 4568 1447 4637 μετά
1496 4571 1697 4638 χεῖρας,

182 4669 446 4738 ἐπηύξατο·
495 4685 514 4717 α
553 4665 668 4719 Νῦν
705 4660 956 4723 ἀπολύεις
983 4660 1070 4712 τὸν
1102 4659 1277 4712 δοῦλόν
1308 4674 1419 4721 σου,
1442 4657 1697 4718 Δέσποτα,

182 4758 302 4809 κατὰ
335 4758 394 4809 τὸ
428 4756 585 4827 ῥῆμά
621 4770 732 4813 σου,
763 4753 821 4803 ἐν
875 4750 1058 4819 εἰρήνῃ
1079 4764 1092 4777 ·
1139 4749 1217 4800 ὅτι
1249 4743 1384 4799 εἶδον
1419 4749 1466 4798 oi
1502 4746 1699 4813 ὀφθαλ-

187 4846 261 4911 μοί
292 4865 386 4916 μου
416 4848 480 4898 τὸ
513 4842 780 4913 σωτήριόν
807 4856 920 4900 σου,
954 4838 983 4889 ὃ
1005 4837 1295 4907 ἡτοίμασας
1322 4836 1458 4889 κατὰ
1490 4837 1699 4907 πρόσω-

184 4950 267 4985 πον
296 4937 505 4988 πάντων
529 4933 637 4985 τῶν
669 4930 835 4992 λαῶν,
859 4927 974 4996 φῶς
1010 4928 1086 4989 εἰς
1109 4925 1438 4994 ἀποκάλυψιν
1468 4924 1647 4978 ἐθνῶν.
1676 4945 1692 4975 ι

184 5022 302 5076 Δύτὺ
335 5025 462 5094 γοῦν
488 5025 550 5077 τὸ
592 5023 856 5091 σωτήριον
886 5018 980 5071 καὶ
1003 5020 1034 5092 .6
1057 5016 1347 5087 Ψαλμῳδδς
1383 5015 1582 5085 ἐδήλου,
1616 5016 1699 5067 λέ-

188 5128 297 5177 γων’
323 5134 341 5163 ‹
373 5113 666 5183 Ἐγνώρισε
701 5112 905 5180 Κύριος
932 5108 992 5161 τὸ
1034 5109 1284 5177 σωτήριον
1314 5104 1473 5157 αὑτοῦ
1497 5143 1511 5167 ,
1550 5106 1699 5157 ἐναν-

188 5199 283 5253 τίον
304 5203 407 5254 τῶν
452 5202 621 5255 ἐθνῶν
646 5198 960 5267 ἁπεκάλυψε
998 5195 1093 5265 τὴν
1112 5194 1444 5261 δικαιοσύνην
1474 5192 1652 5267 αὑτοῦ.
1679 5212 1697 5243 ι

189 5282 284 5336 Καὶ
302 5286 436 5339 κατὰ
459 5287 549 5340 τὸν
583 5287 803 5339 Ἡσαΐαν
824 5286 967 5339 τοῦτ’
993 5281 1119 5335 αὐτὸ
1141 5282 1200 5333 τὸ
1226 5281 1364 5348 σωτή
1373 5260 1704 5350 ριονἾδόντες

195 5371 367 5437 πάντες
412 5376 716 5446 ἅνθρωποι,
768 5373 1158 5445 προσκυνήσειν
1198 5370 1439 5437 λέγονται
1483 5368 1556 5438 τῷ
1600 5370 1702 5421 τῶν

195 5457 308 5512 ὅλων
337 5463 449 5532 Θεῷ
477 5464 535 5516 τὸ
585 5464 841 5534 σωτήριον
893 5458 1061 5516 αὑτοῦ
1099 5458 1207 5518 τοῖς
1258 5456 1423 5508 πᾶσιν
1469 5456 1703 5524 ἀφθόνως

256 5576 295 5605 ”
323 5574 457 5631 Psal.
480 5592 626 5635 nvi,
658 5577 736 5631 10.
826 5584 841 5610 ³
871 5575 1019 5632 Psal.
1055 5582 1178 5630 xcv,
1210 5569 1292 5622 10.

202 5654 349 5703 nm.
375 5645 427 5697 9.
500 5645 678 5700 ‘Psal.
705 5661 756 5710 ιι,
810 5656 870 5711 8.

267 5731 333 5798 (l)
360 5732 691 5789 Desideratur
710 5737 789 5792 τόν
835 5739 994 5793 Ευιτ.
1035 5728 1208 5781 Parit.

1398 5568 1419 5597 ’
1442 5567 1575 5622 Psal.
1612 5584 1753 5629 XLVI,
1781 5568 1832 5622 9.

950 5639 1140 5699 7Psal.
1175 5652 1314 5697 Lm,
1352 5636 1410 5693 8.
1451 5638 1530 5702 il,
1562 5638 1648 5691 17.

1806 5638 1909 5692 ’sal.
1938 5652 2096 5702 xcvu,
2125 5636 2179 5689 2.
2243 5638 2264 5668 ⁸
2291 5637 2415 5704 Luc,
2443 5655 2500 5702 ιι,
2530 5639 2714 5695 29-32.

1804 4580 1914 4640 ρεον
1931 4564 2245 4633 significare,
2263 4564 2403 4633 quod
2426 4566 2611 4619 Latine
2629 4567 2824 4620 dicitur
2844 4568 3094 4626 salutare.
3116 4576 3173 4619 ut
3186 4565 3319 4618 nihil

1800 4653 1941 4706 aliud
1955 4653 2271 4707 sitSaIutare
2282 4655 2375 4708 Dei
2383 4670 2538 4725 quam
2557 4655 2842 4729 Salvator-is
2853 4656 3020 4708 nostri
3035 4654 3156 4708 Jesu
3171 4653 3321 4707 Chri-

1799 4743 1867 4797 sti
1883 4744 2163 4811 appellatio
2187 4764 2199 4798 :
2218 4744 2341 4799 huic
2365 4746 2437 4799 rei
2464 4746 2616 4800 fidem
2637 4748 2760 4801 facit
2776 4746 2988 4800 Simeon
3009 4747 3063 4798 in
3083 4745 3318 4812 Evange-

1798 4834 1886 4893 lio,
1908 4834 1996 4901 qui
2011 4842 2228 4903 accepto
2240 4850 2426 4903 puero,
2452 4836 2566 4904 ipso
2582 4837 2761 4904 utique
2779 4835 2925 4896 Jesu,
2948 4836 3083 4887 intra
3100 4847 3315 4896 manus,

1797 4923 1873 4977 sic
1899 4922 2068 4974 oravit
2102 4940 2116 4974 :
2150 4938 2172 4972 ι
2207 4922 2358 4977 Nunc
2388 4924 2615 4978 dimittis
2642 4939 2849 4978 servum
2876 4932 3043 4981 tuum,
3073 4920 3316 4983 Domine,

1797 5011 2082 5065 secundum
2099 5012 2313 5064 verbum
2345 5019 2494 5065 tuum
2533 5013 2585 5065 in
2609 5028 2766 5081 pace:
2785 5012 2906 5079 quia
2923 5011 3315 5064 videruntoeuli

1794 5098 1894 5169 61
1930 5100 2033 5152 mei
2078 5096 2320 5152 Salutare
2350 5108 2522 5162 tuum,
2546 5101 2682 5169 quod
2734 5100 2930 5168 parasti
2963 5108 3083 5153 ante
3126 5099 3313 5153 faciem

1795 5191 2025 5243 omnium
2063 5190 2404 5258 populorum,
2443 5190 2618 5242 lumen
2665 5188 2730 5240 ad
2772 5188 3143 5242 revelationem
3187 5204 3315 5258 gen-

1796 5279 1926 5331 tium
1948 5280 1990 5330 '.
2030 5297 2048 5328 ›
2099 5277 2209 5331 Hoc
2256 5278 2427 5347 ipsum
2473 5278 2633 5346 igitur
2684 5276 2947 5341 Salutare,
2982 5279 3311 5335 Ps’almorum

1796 5383 2004 5437 quoque
2053 5376 2241 5421 auctor
2301 5369 2639 5439 significavit,
2681 5385 2801 5421 cum
2843 5370 3018 5423 dixit:
3064 5387 3084 5419 ‹
3119 5368 3308 5421 Notum

1798 5459 1917 5514 fecit
1949 5457 2224 5511 Dominum
2256 5457 2498 5512 Salutare
2528 5474 2702 5523 suum,
2753 5460 2804 5512 in
2854 5468 3139 5528 conspectu
3181 5473 3310 5526 gen-

1933 5568 1951 5599 ³
1980 5567 2266 5637 Psal.;cv,
2324 5569 2425 5635 7,8.
2497 5569 2637 5625 ‘lsa.
2669 5587 2779 5636 XIX,
2822 5573 2904 5637 l9,
2931 5571 3017 5625 2i.
3113 5568 3302 5623 'Deul.
