3870 6338
915 351 1013 404 l9?)

1552 346 1808 403 EUSEBII
1844 351 2304 408 CAESARIENSIS
2341 354 2482 408 OPP.
2525 355 2697 411 PARS
2734 358 2793 411 Il.
2823 390 2892 402 --
2927 362 3407 422 APOLOGETICA.

911 459 1039 510 tium
1075 456 1318 510 revelavit
1368 456 1627 523 justitiam
1668 475 1817 512 suam
1845 462 1906 514 ¹⁰.
1947 483 1963 514 ι
2004 462 2256 518 Similiter
2287 465 2420 532 apud

1947 483 1963 514 ι
2004 462 2256 518 Similiter
2287 465 2420 532 apud
2450 471 2494 524 Α
2525 473 2895 541 κεχαρισμένῳ
2919 492 2930 503 ·
2979 479 3067 528 καὶ
3099 483 3447 551 προσκυνήσει

911 545 1090 599 Isaiam
1113 561 1294 598 omnes
1341 546 1598 610 homines,
1621 548 1718 600 hoc
1753 551 1922 618 ipsum
1959 555 2185 606 salutare
2215 555 2422 606 intuen-

907 646 1005 694 tes,
1041 636 1198 686 Deum
1241 639 1473 690 universi
1525 641 1779 692 dicuntur
1812 643 2101 704 adoraturi,
2147 646 2237 712 qui
2274 645 2426 696 Salii-

904 734 1016 774 tare
1049 739 1200 776 suum
1227 727 1473 779 omnibus
1498 728 1706 781 abunde
1748 731 1816 781 sit
1857 731 2143 799 largiturus
2171 753 2181 785 :
2211 742 2261 785 et
2295 735 2423 786 ado-

905 811 1088 870 raiuri,
1129 828 1231 863 non
1263 814 1314 864 in
1355 814 1453 866 hac
1485 816 1722 868 inferiori
1773 817 2087 880 Jerusalem,
2122 838 2237 888 qure
2264 831 2343 874 est
2368 823 2418 874 in

901 898 1197 962 Palrstina,
1222 903 1312 955 sed
1340 920 1768 973 unumquen‘ique
1799 924 1859 960 ex
1884 909 1997 960 loco
2023 927 2138 966 suo.
2159 919 2209 963 et
2239 927 2422 965 omnes

899 990 1201 1058 quicunque
1256 995 1361 1045 sint
1413 996 1465 1047 in
1524 996 1714 1049 insulis
1755 999 1988 1064 gentium
2019 1019 2031 1051 :
2064 1017 2167 1066 quo
2191 1009 2421 1067 tempore

897 1081 1169 1131 oraculum
1206 1082 1330 1133 illud
1361 1084 1514 1135 tinem
1541 1085 1784 1151 accipiet,
1810 1087 1949 1152 quod
1985 1088 2204 1138 allii-mat
2237 1105 2419 1142 omnes
2465 1101 2474 1114 '

899 1165 1140 1219 homines
1173 1170 1418 1222 invocare
1453 1188 1556 1223 non
1583 1174 1810 1240 amplius
1843 1175 1976 1228 Deos
2000 1178 2218 1243 patrios,
2249 1194 2418 1246 neque

897 1258 1202 1319 simulacra,
1235 1270 1326 1312 aut
1367 1262 1657 1325 daemonas,
1716 1265 1804 1316 sed
1865 1281 2056 1317 nomen
2117 1267 2418 1333 Domini,et

895 1349 1094 1400 servire
1138 1349 1209 1400 illi
1261 1352 1363 1402 sub
1387 1351 1515 1418 jugo
1552 1367 1675 1414 uno,
1709 1361 1758 1406 et
1791 1354 1863 1404 illi
1894 1370 1921 1405 a
1965 1358 2206 1409 terminis
2240 1357 2415 1410 ﬂumi-

894 1453 1018 1488 num
1070 1439 1352 1506 lEiIllOpIu:
1404 1441 1688 1494 rationales
1746 1451 1796 1494 et
1860 1444 2162 1497 incruentas
2216 1446 2416 1500 hostias

891 1542 983 1593 per
1017 1526 1216 1578 Novum
1246 1528 1440 1579 Christi
1482 1527 1898 1590 Testamentum,
1923 1548 2025 1584 non
2073 1534 2124 1582 in
2177 1533 2412 1584 infcriori

885 1616 1201 1677 Jerusalem,
1267 1633 1436 1683 neque
1491 1619 1543 1670 in
1575 1635 1636 1670 eo
1668 1621 1805 1686 quod
1864 1620 1915 1672 iii
1969 1623 2053 1672 illa
2111 1630 2191 1674 est
2238 1623 2410 1684 altari,

888 1705 976 1754 sed
1010 1704 1062 1754 in
1115 1704 1230 1769 ejus
1280 1704 1564 1772 xiithiopize
1595 1708 1807 1770 finibus,
1845 1709 1907 1760 de
1951 1726 2050 1775 qua
2078 1711 2184 1772 jam
2213 1711 2408 1762 dictum

884 1803 986 1850 est,
1023 1793 1312 1846 oblaturos.
1354 1793 1502 1858 Quod
1533 1797 1575 1848 si
1615 1813 1857 1864 magnum
1892 1800 2139 1864 quiddam
2185 1807 2286 1859 est,
2319 1799 2408 1852 Dei

884 1883 1135 1948 populum
1166 1891 1383 1945 etesse,
1415 1893 1466 1936 et
1502 1887 1728 1948 censi-ri,
1766 1896 1815 1938 et
1867 1903 2028 1938 unum
2072 1888 2168 1939 hoc
2204 1888 2405 1938 divino-

884 1985 998 2022 rum
1034 1975 1414 2038 promissorum
1468 1977 1752 2026 niaximum
1802 1985 1900 2036 est,
1929 1977 2014 2027 ubi
2054 1977 2119 2028 ab
2153 1979 2265 2043 ipso
2301 1977 2405 2029 Deo

880 2058 946 2111 de
985 2061 1158 2128 iisqui
1184 2062 1358 2129 seipso
1382 2064 1524 2129 digni
1560 2065 1686 2125 sint,
1716 2064 1915 2115 dicitur
1955 2084 1965 2116 :
2003 2087 2017 2113 ι
2059 2065 2159 2116 Ero
2192 2066 2400 2116 illorum

881 2149 1040 2210 Deus,
1075 2161 1126 2202 et
1167 2152 1264 2220 ipsi
1316 2162 1472 2205 erunt
1524 2157 1749 2222 populus
1783 2157 2010 2216 meus“,
2055 2175 2071 2204 ι
2113 2157 2403 2222 meritoque

878 2250 1032 2293 antea
1061 2242 1388 2307 gloriabatur
1417 2243 1607 2304 Israel,
1633 2246 1785 2312 quasi
1817 2246 1904 2312 qui
1948 2247 2093 2296 soliis
2115 2245 2205 2296 Dei
2235 2261 2398 2311 popu-

880 2330 962 2383 liis
1000 2341 1158 2392 esset,
1194 2333 1292 2385 hoc
1335 2352 1545 2402 quoque
1599 2337 1816 2394 bonum,
1852 2344 1960 2386 tuin
1991 2352 2109 2386 cum
2143 2335 2204 2385 ad
2237 2350 2401 2401 popu-

877 2421 984 2472 lum
1019 2422 1162 2473 illiilli
1199 2423 1474 2474 advenerit
1503 2423 1774 2484 Dominus,
1812 2426 2057 2490 gentibus
2093 2440 2150 2476 se
2184 2425 2400 2491 largitu-

875 2524 993 2562 rum
1023 2512 1321 2577 pollicetur,
1349 2513 1534 2563 dii-ens
1562 2533 1573 2564 :
1616 2532 1632 2560 ι
1677 2513 1807 2564 Ecce
1838 2529 1931 2579 ego
1958 2514 2130 2567 venio.
2166 2525 2214 2566 ct
2247 2514 2397 2564 habi-

873 2602 998 2650 tabo
1031 2601 1084 2650 in
1120 2601 1293 2652 medio
1341 2601 1438 2660 tui,
1475 2609 1524 2652 et
1557 2601 1858 2669 confugient
1907 2612 2089 2668 gentes
2126 2603 2301 2654 multa:
2331 2603 2394 2654 ad

873 2686 1176 2748 Dominum,
1204 2699 1254 2740 et
1289 2700 1443 2743 erunt
1487 2692 1535 2743 ei
1583 2693 1632 2742 in
1681 2693 1926 2758 populum
1951 2695 2010 2744 ¹².
2051 2711 2067 2742 ι
2104 2691 2172 2742 De.
2205 2693 2396 2758 quibus

874 2778 1001 2829 illud
1032 2780 1152 2829 item
1189 2780 1318 2831 satis
1357 2792 1474 2846 apte
1516 2784 1725 2834 dicetur
1759 2800 1768 2832 :
1804 2799 1820 2829 ‹
1866 2782 1925 2832 Et
1951 2782 2118 2832 dicunt
2165 2798 2265 2832 non
2303 2797 2394 2849 po-

872 2869 996 2935 pulo
1030 2883 1164 2924 meo,
1200 2869 1425 2935 populiis
1471 2885 1619 2921 meus
1650 2886 1706 2922 es
1750 2878 1806 2920 tu
1843 2887 1854 2921 :
1886 2878 1937 2921 et
1970 2871 2078 2938 ipse
2109 2870 2267 2930 dicet,
2291 2870 2392 2921 Do-

870 2957 1047 3006 iniiiiis
1078 2955 1214 3008 Deus
1245 2974 1392 3009 meus
1413 2975 1471 3009 es
1495 2968 1546 3008 lu
1568 2960 1630 3008 ¹³.
1674 2980 1689 3006 ι
1720 2958 1773 3011 Si
1825 2975 1947 3012 vero
1981 2977 2081 3011 non
2113 2963 2268 3022 alius,
2299 2962 2388 3013 sed

869 3043 983 3109 ipse
1023 3052 1102 3095 est
1160 3043 1426 3104 Christus,
1451 3045 1538 3111 qui
1572 3045 1635 3097 de
1691 3047 1867 3098 radice
1912 3046 2060 3100 Jesse
2091 3063 2151 3099 or
2176 3056 2330 3099 turus
2360 3065 2387 3101 a

2527 555 2624 620 τῆς
2655 557 2798 610 κάτω
2837 562 3176 634 Ἰερουσαλὴμ
3213 570 3307 637 τῆς
3353 586 3448 620 κατ

2527 643 2636 694 ἀλλ’
2670 645 2887 702 ἕκαστον
2923 654 2982 704 ἐκ
3017 655 3106 704 τοῦ
3136 657 3292 708 τόπου
3331 661 3448 710 αὐτ(

2525 731 2581 780 ἐν
2605 737 2723 795 ταῖς
2748 739 2922 806 νήσοις
2945 741 3050 792 τῶν
3081 743 3271 795 ἐθνῶν·
3306 748 3390 797 ὅτε
3429 766 3448 798 >

2527 822 2728 887 φάσκον
2770 827 2940 894 λόγιον
2988 833 3350 888 ἐπικαλεῖσθαι
3382 838 3448 888 πά

2523 913 2600 963 ἔτι
2638 919 2759 978 τοὺς
2794 920 3064 989 πατρῴους
3103 924 3272 987 θεοὺς,
3305 927 3422 978 οὐδὲ

2521 1003 2791 1072 δαίμονας,
2822 1003 2952 1061 ἀλλὰ
2972 1012 3029 1062 τὸ
3054 1013 3220 1082 ὄνομα
3253 1016 3448 1082 Κυρίοπ,

2521 1095 2621 1146 ὑπὸ
2656 1097 2810 1163 ζυγὸν
2841 1100 2962 1163 ἕνα,
3014 1106 3073 1155 ἐκ
3113 1107 3359 1176 περάτων
3389 1126 3445 1158 τε

2520 1190 2883 1257 προσοίσουσιν
2919 1194 3062 1263 αὑτῷ
3091 1195 3186 1259 τὰς
3218 1197 3437 1264 λογικάς

2517 1274 2600 1326 διά
2639 1277 2736 1344 τῆς
2767 1278 2855 1329 τοῦ
2896 1281 3122 1350 Χριστοῦ
3158 1286 3361 1354 Καινῆς
3395 1289 3448 1337 Δι

2516 1363 2661 1415 κάτω
2697 1367 3054 1437 Ἰερουσαλὴμ,
3079 1372 3184 1422 οὐδ’
3217 1376 3270 1425 ἐν
3305 1375 3380 1444 τῷ
3420 1393 3448 1426 τ

2519 1451 2630 1520 ρίῳ,
2656 1454 2763 1504 ἀλλ’
2808 1458 2862 1506 ἐν
2889 1462 2995 1520 τοῖς
3029 1460 3370 1530 δηλουμένοις
3408 1484 3447 1516 π

2515 1543 3013 1615 ἀνενεχθησομένας.
3033 1551 3094 1601 Εἰ
3114 1551 3168 1601 δὲ
3193 1555 3283 1604 καὶ
3311 1555 3448 1624 μέγα

2511 1634 2601 1684 καὶ
2623 1637 2971 1703 χρηματίζειν
3001 1641 3152 1701 Θεοῦ,
3180 1645 3356 1695 καὶέν
3393 1662 3448 1711 γε

2512 1721 2663 1773 θείων
2699 1728 3060 1792 ἐπαγγελλιῶν
3098 1733 3370 1800 τυγχάνει,
3400 1734 3448 1784 τί

2513 1811 2634 1877 περὶ
2676 1811 2778 1863 τῶν
2824 1814 2980 1875 ἀξίων
3014 1818 3201 1868 αὐτοῦ·
3242 1840 3257 1868 ε
3297 1822 3448 1889 "Eoo;

2510 1897 2655 1948 αὐτοὶ
2682 1899 2884 1952 ἔσονται
2913 1903 3033 1965 λαός
3052 1923 3148 1973 μου
3171 1926 3182 1938 ·
3211 1928 3226 1958 ι
3258 1910 3448 1978 ἐσεμνέ

2509 1988 2535 2036 ὁ
2575 1988 2780 2058 Ἰσραὴλ
2811 1993 2900 2043 ἐπὶ
2931 1994 3004 2062 τῷ
3040 1996 3111 2057 ὡς
3140 1998 3296 2066 μόνος
3323 2002 3448 2062 λαὸς

2509 2079 2598 2128 καὶ
2631 2080 2780 2133 τοῦτο
2814 2083 2871 2133 τὸ
2919 2085 3145 2151 ἀγαθὸν,
3193 2092 3448 2163 ἐπιδημήτ

2508 2167 2676 2220 ἔθνεσι
2720 2174 3016 2240 χαριεῖσθαι
3058 2177 3423 2247 ὑπισχνεῖται,

2507 2258 2747 2328 ἔρχομαι,
2776 2263 2865 2314 καὶ
2896 2267 3294 2334 κατασκηνώσω
3324 2274 3380 2323 ἐν
3430 2293 3448 2341 vr

2507 2350 2780 2415 φεύξονται
2822 2353 2942 2422 ἔθνη
2984 2357 3148 2408 πολλὰ
3179 2360 3270 2410 ἐπὶ
3314 2362 3402 2413 τὸν
3439 2366 3448 2414 l

2505 2436 2646 2504 αὐτῷ
2694 2441 2768 2500 εἰς
2809 2440 2949 2494 λαόν.
2983 2463 3000 2492 ι
3056 2447 3185 2512 Περὶ
3232 2442 3306 2500 ὧν
3341 2453 3437 2503 καὶ

2509 2543 2524 2573 ‹
2555 2527 2659 2578 Καὶ
2697 2530 2800 2596 ἐρῶ
2857 2532 2930 2598 τῷ
2976 2535 3033 2584 οὐ
3067 2535 3178 2605 λαῷ
3223 2556 3321 2606 μου
3348 2558 3360 2569 ’
3417 2545 3448 2595 Λ

2501 2617 2656 2679 αὐτὸς
2691 2621 2828 2687 ἐρεῖο
2866 2624 3060 2692 Κύριος
3090 2630 3116 2678 ὁ
3147 2629 3278 2692 Θεός
3314 2649 3415 2700 μου
3445 2657 3448 2680 i

2500 2707 2611 2758 ἐστι
2644 2709 2732 2758 καὶ
2761 2710 2863 2760 οὐδ’
2890 2713 2959 2781 (I)
2988 2715 3139 2778 ἄλλος
3175 2719 3202 2768 ὁ
3230 2721 3448 2786 Χριστὸς

2501 2794 2690 2865 βλαστή
2701 2815 2752 2848 σε
2763 2816 2807 2849 ιν
2839 2807 3324 2875 προφητευὸμενος,
3355 2813 3448 2863 καὶ

2509 2884 2768 2954 Ἑϐραίοις
2806 2891 3240 2965 ἁνιιιμολόγηται,
3276 2902 3351 2963 ὡς
3393 2921 3448 2971 pii

2495 2973 2675 3026 τούτου
2699 2993 2756 3042 γε
2790 2980 3172 3052 ἀμφισϐητεῖν·
3206 2990 3306 3057 ὅρα
3346 2993 3448 3044 ὄπι,

2497 3064 2673 3117 σεσθαι
2699 3069 2786 3119 ἐπὶ
2811 3071 2867 3122 τὸ
2899 3073 3081 3143 ἄρχειν
3111 3079 3170 3128 οὐ
3195 3080 3286 3130 τοῦ
3324 3082 3448 3152 ἰσρι

865 3133 1140 3202 prophetis
1166 3133 1489 3200 przcdicitur,
1523 3143 1572 3186 et
1620 3135 1717 3187 hoc
1757 3136 1887 3203 ipsis
1916 3152 2125 3204 quoque
2157 3136 2389 3191 Hebraeis

2347 3139 2355 3147 ι
2939 3133 2949 3143 ,
2971 3133 3001 3142 1*
3049 3137 3052 3140 ἥ
3406 3133 3416 3152 ι

1916 3152 2125 3237 qiloqlle
2157 3136 2389 3237 IICIJI'U-L‘IS
2417 3171 2456 3222 α
2491 3155 2919 3228 ἀναπεφώνηται,
2949 3165 3014 3215 τά
3029 3183 3099 3237 ,τε
3125 3167 3248 3237 ἔθνη
3283 3171 3444 3223 ἐλπίσ

867 3221 1090 3275 habetur
1145 3224 1518 3281 indubitatum,
1555 3225 1704 3286 adeo,
1743 3235 1798 3276 ut
1855 3227 2001 3278 nullo
2034 3236 2186 3293 pacto
2245 3229 2390 3295 quis-

866 3311 1006 3380 piam
1030 3313 1095 3365 de
1138 3313 1236 3366 hoc
1272 3314 1542 3381 ambigat:
1580 3314 1859 3368 considera
1889 3316 1998 3383 jam
2039 3318 2386 3384 quemadmo-

863 3403 989 3455 dum
1039 3402 1124 3454 bic
1172 3412 1510 3456 surrecturus
1562 3404 1626 3454 ad
1687 3405 2049 3472 imperandum
2111 3422 2212 3458 non
2288 3408 2387 3476 ipsi

862 3491 1045 3548 Israel,
1100 3492 1190 3544 sed
1249 3494 1494 3561 gentibus
1546 3494 1714 3560 palam
1757 3494 1825 3547 sit
1887 3494 2080 3557 dictus,
2131 3511 2226 3548 nec
2279 3497 2388 3562 ipse

860 3580 1040 3647 Israel,
1071 3583 1164 3636 sed
1193 3593 1374 3652 gentes
1405 3586 1454 3636 in
1500 3600 1562 3637 eo
1593 3601 1737 3654 spem
1775 3586 2030 3638 habiturae
2068 3587 2220 3640 dicta:
2258 3589 2383 3652 sint,

861 3675 1056 3743 quippe
1083 3675 1173 3740 qui
1203 3683 1344 3728 esset
1381 3677 1708 3743 eXSpCCIalIO
1752 3677 1987 3744 gentium
2017 3697 2028 3730 :
2061 3689 2387 3747 quapropter

857 3774 910 3817 et
929 3766 1173 3832 gentibus
1215 3766 1820 3832 prolaturusjudicium,
1863 3775 1912 3819 et
1947 3767 2156 3820 futurus
2210 3771 2382 3822 lumen

859 3854 1093 3920 gentium
1127 3854 1375 3905 vaticinio
1394 3855 1708 3907 declaretur.
1734 3854 1797 3908 Et
1829 3872 2033 3918 rursus,
2066 3859 2263 3910 dictum
2291 3863 2381 3922 sit,

858 3944 912 3995 in
956 3945 1168 3996 nomine
1204 3944 1320 4009 ejus
1348 3953 1532 4011 gentes
1572 3954 1902 4014 speraturas,
1952 3949 2298 4018 eumdemque
2329 3953 2380 4003 in

859 4033 1082 4083 salutem
1115 4031 1294 4082 datum
1328 4033 1392 4083 iri
1438 4049 1541 4084 non
1589 4035 1716 4087 solis
1747 4033 1966 4095 Iudaeis,
2003 4037 2094 4090 sed
2136 4039 2382 4093 omnibus

857 4122 1184 4180 hominibus,
1221 4137 1386 4189 usque
1436 4123 1500 4176 ad
1551 4133 1843 4179 extremum
1897 4136 2068 4181 terrm.
2119 4131 2379 4194 Quocirca

857 4218 910 4262 et
940 4210 1005 4263 ab
1034 4210 1142 4270 illo,
1175 4212 1263 4277 qui
1295 4211 1466 4277 ipsum
1509 4215 1673 4277 misit,
1717 4215 1890 4278 Patre,
1925 4219 2122 4273 dictum
2169 4231 2249 4276 est
2279 4225 2333 4278 ei-
2361 4244 2376 4281 :

864 4316 882 4347 ι
923 4297 1046 4351 Dedi
1079 4307 1128 4352 te
1179 4299 1233 4351 in
1278 4299 1671 4354 Testamentum
1718 4306 1946 4373 generis,
1979 4309 2083 4376 62
2127 4311 2178 4363 in
2208 4314 2377 4370 lucem

857 4391 1114 4458 gentium,
1149 4398 1204 4442 ut
1237 4393 1533 4445 constituas
1564 4401 1782 4455 terrain,
1809 4406 1861 4449 et
1892 4404 2239 4469 consequaris
2271 4408 2377 4460 hie-

855 4480 1108 4532 reditates
1137 4479 1450 4533 desertas”.
1486 4481 1896 4538 i'l‘estimonium
1922 4499 2095 4543 autem
2129 4495 2374 4559 gentibus

1922 4499 2095 4543 autem
2129 4495 2374 4559 gentibus
2413 4477 2452 4526 Ι)
2481 4497 2636 4549 αὐτὸν
2661 4497 2814 4560 λαοὺς
2847 4502 2930 4551 ἐπ’
2963 4501 3117 4554 αὑτὸν
3147 4510 3425 4575 καταφεύξ

854 4565 1002 4628 dicit,
1041 4583 1100 4619 ea
1135 4567 1199 4620 de
1235 4583 1415 4631 causa,
1466 4578 1521 4622 ut
1567 4588 1751 4626 omnes
1802 4583 1984 4641 gentes
2029 4569 2376 4652 qnieemnqiie

853 4656 918 4708 de
939 4656 1152 4710 Christo
1178 4657 1310 4708 nihil
1345 4674 1572 4725 unquam
1613 4660 1914 4724 didicerint,
1943 4666 2027 4718 ubi
2052 4669 2254 4725 ordinis
2288 4688 2374 4725 ra-

851 4742 1069 4803 tionein,
1105 4759 1221 4811 qua:
1247 4743 1311 4795 ad
1343 4745 1488 4797 illum
1525 4748 1750 4813 pertinet
1777 4755 2124 4817 agnoverint:
2155 4767 2205 4811 et
2233 4775 2370 4828 quee-

853 4844 973 4880 nam
1004 4830 1054 4882 in
1089 4847 1151 4883 eo
1179 4833 1246 4884 sit
1279 4832 1464 4894 virtus,
1500 4834 1820 4890 iuvocatura:
1872 4841 1980 4894 sint
2013 4859 2172 4899 eum:
2203 4857 2254 4902 et
2282 4852 2371 4918 qui

853 4922 1005 4967 antea
1028 4918 1170 4970 illum
1204 4921 1381 4987 populi
1413 4937 1679 4988 nunquam
1708 4925 1951 4991 viderint,
1979 4931 2042 4983 ad
2069 4933 2215 4988 illum
2243 4953 2373 4990 con—

853 5000 1089 5066 fugituri.
1121 5011 1409 5070 Ceterum,
1447 5011 1571 5077 quid
1604 5015 1846 5083 pluribus
1884 5032 2020 5086 opus
2041 5031 2124 5077 est
2149 5025 2372 5080 verbis?

851 5101 972 5139 cum
1015 5104 1075 5141 ex
1107 5093 1234 5158 ipsis
1268 5099 1592 5166 propheticis
1633 5105 1852 5160 vocibus
1901 5109 2073 5175 liceat,
2101 5119 2211 5166 tum
2235 5131 2368 5184 quas

855 5176 1032 5271 posui,
1065 5182 1329 5271 tumquas
1361 5188 1479 5252 plus
1521 5192 1615 5244 otii
1643 5202 1829 5250 nact-iis
1850 5213 2132 5271 exponam,
2168 5176 2284 5271 qua:
2314 5207 2367 5259 in

855 5260 1048 5361 divi‘uis
1078 5263 1226 5316 libris
1244 5266 1504 5338 feruntur,
1535 5280 1578 5330 si
1613 5283 1697 5333 cui
1728 5266 1882 5339 modo
1908 5260 2129 5354 placeat
2153 5260 2365 5361 cbilige~

848 5366 907 5404 re
944 5349 1081 5402 dicta
1123 5355 1518 5426 prophetarum,
1550 5366 1703 5423 facile
1747 5375 1833 5437 iis,
1861 5377 1949 5443 qui
1990 5394 2050 5430 ex
2082 5380 2362 5434 circumci-

847 5441 998 5494 sione
1028 5449 1152 5493 sunt
1205 5443 1472 5497 silentium
1528 5452 1812 5526 imponere,
1848 5441 2111 5534 siquando
2158 5469 2360 5535 jacteiit

2488 3247 2633 3314 οῦχὸ
2679 3266 2738 3314 γε
2790 3251 2998 3320 Ἰσραὴλ
3036 3254 3313 3321 λέλεκται,
3351 3263 3448 3313 ἐπε

2490 3335 2766 3402 προσδοκία
2812 3339 2913 3390 τῶν
2956 3340 3148 3392 ἐθνῶν·
3190 3344 3269 3397 διὸ
3309 3350 3403 3400 καὶ

2486 3423 2704 3486 ἐξοίσειν
2732 3427 2958 3494 λέγεται,
2989 3433 3078 3483 καὶ
3113 3436 3188 3496 είς
3227 3436 3342 3503 φῶς
3367 3438 3448 3490 eo»

2486 3515 2671 3568 πάλινο
2713 3538 2729 3566 ι
2767 3521 2883 3571 Ἐπὶ
2937 3522 3012 3590 τῷ
3059 3526 3274 3594 ὀνόματι
3325 3531 3448 3582 αὔτε

2485 3607 2576 3658 καὶ
2617 3609 2693 3669 εἰς
2746 3612 3008 3680 σωτηρίαν
3051 3615 3367 3686 δοθήσεσθαι
3419 3641 3447 3673 ο

2484 3695 2615 3746 ἀλλὰ
2666 3699 2756 3748 καὶ
2796 3701 2954 3751 πᾶσιν
3007 3703 3306 3770 ἀνθρώποις
3354 3712 3448 3759 τοί.

2483 3784 2613 3850 γῆς·
2646 3784 2721 3836 διὸ
2758 3787 2848 3838 καὶ
2881 3789 3084 3858 εἴρηται
3107 3793 3275 3861 *αὐτῷ
3311 3796 3417 3848 ὑπὸ

2482 3874 2636 3924 αὑτὸν
2666 3876 2903 3944 Πατρός·
2957 3898 2972 3925 ι
3007 3880 3219 3932 Ἕδωκά
3278 3901 3336 3935 σε
3395 3888 3444 3937 εἰ

2482 3966 2556 4024 εἰς
2589 3964 2700 4030 φῶς
2741 3965 2924 4028 ἐθνῶν,
2965 3967 3053 4018 τοῦ
3088 3974 3426 4042 καταστῆσαι

2481 4051 2767 4118 ρονομῆσαι
2800 4052 3150 4123 κληρονομίας
3177 4060 3273 4130 ἐρή
3285 4079 3438 4129 μους.

2479 4137 2648 4190 ἔθνεσί
2687 4157 2864 4208 φησιν,
2899 4143 3033 4195 ῶστε
3070 4146 3242 4201 πάντα
3291 4152 3360 4205 τὰ
3404 4155 3448 4206 ἓ(

2477 4229 2602 4298 περὶ
2632 4230 2857 4298 Χριστοῦ
2891 4235 3238 4304 μεμαθηκότα
3259 4279 3273 4302 ,
3339 4246 3448 4309 γνό.

2476 4319 2793 4388 οἰκονομίαν,
2820 4323 2909 4373 καὶ
2942 4325 3022 4384 τίς
3057 4322 3121 4394 ἦν
3151 4328 3206 4379 ὲν
3242 4331 3390 4400 αὑτῷ
3424 4335 3448 4386 δ

2480 4405 2598 4458 σθαι
2637 4407 2821 4471 αὐτὸν,
2869 4411 2958 4460 καὶ
3001 4412 3123 4474 τοὺς
3157 4415 3230 4483 μὴ
3290 4419 3448 4472 πάλαι

3401 4531 3448 4573 ςε

2480 4587 2731 4654 μηκύνειν
2768 4589 2853 4640 τὸν
2895 4590 3078 4657 λόγον,
3113 4597 3284 4665 παρὸν
3325 4600 3384 4662 ἐξ
3419 4620 3448 4654 α

2475 4675 2582 4729 κῶν
2607 4676 2814 4740 λέξεων,
2850 4673 2920 4730 ὧν
2953 4697 3008 4731 τε
3040 4686 3448 4757 παρατέθειμαι,

2477 4766 2854 4835 μνημονεύσω,
2902 4770 2958 4819 ἐν
3006 4773 3122 4832 ταῖς
3167 4772 3341 4837 Θείαις
3399 4795 3448 4844 φρ

2471 4856 2574 4924 ὅτῳ
2608 4857 2752 4924 φίλον
2785 4857 3131 4921 ἀναλέξασθαι
3163 4864 3259 4926 τὰς
3304 4884 3448 4936 προερ

2468 4941 2617 4993 τόθεν
2649 4945 3020 5009 κατασιγάζειν
3055 4949 3176 5011 τοὺς
3227 4953 3291 5004 ὲκ
3337 4971 3441 5026 περ

2471 5031 2645 5098 μόνοις
2675 5032 2849 5094 αὐτοῖς
2891 5034 2984 5096 τὰς
3019 5037 3345 5106 ἐπαγγελίας
3384 5062 3444 5097 το

2467 5118 2608 5186 ἡμᾶς
2627 5117 2700 5180 δὲ,
2727 5121 2847 5183 τοὺς
2869 5122 2970 5173 ἀπὸ
2990 5124 3093 5177 τῶν
3115 5127 3300 5191 ἐθνῶν,
3330 5149 3448 5202 περι

2467 5203 2620 5256 θείων
2655 5207 2986 5276 ὑποσχέσεων
3033 5213 3341 5286 ἀλλοτρίους
3363 5237 3376 5283 ;
3402 5223 3448 5271 Ai

2463 5293 2562 5354 λιν,
2594 5295 2664 5356 ὡς
2695 5297 3005 5352 τεθέσπιστο
3033 5303 3101 5356 τὰ
3132 5307 3226 5373 μὲν
3270 5307 3396 5380 ἕθνη
3443 5333 3448 5345 ’

2464 5383 2755 5452 παρουσίας
2784 5388 3126 5459 ἀπολαύσειν,
3157 5398 3221 5450 τά
3245 5397 3286 5449 δ’
3323 5399 3448 5454 Ἰουδ

2463 5475 2664 5527 σεῖσθαι
2689 5477 2783 5544 τῆς
2817 5481 2948 5548 πρὸς
2974 5485 3097 5549 τοὺς
3132 5488 3304 5542 αὐτῶν
3338 5508 3447 5562 προ

930 5552 972 5582 ⁸⁸
989 5551 1128 5606 Psal.
1162 5569 1323 5616 xcvn,
1356 5557 1408 5609 2.
1455 5561 1491 5590 ¹¹
1520 5562 1682 5623 Levit.
1727 5589 1870 5637 xxw,
1898 5581 1993 5645 12;
2039 5581 2075 5632 ll
2107 5583 2226 5637 Cor.
2255 5600 2327 5647 vi,
2357 5585 2407 5639 6.
2456 5592 2458 5615 τ

1914 5581 1993 5645 l2;
2039 5581 2075 5632 ll
2107 5583 2226 5637 Cor.
2255 5600 2327 5647 vi,
2357 5585 2407 5639 6.
2456 5587 2495 5618 "
2533 5587 2752 5645 Zachar.
2789 5607 2844 5658 ιι,
2874 5598 3057 5661 10,Η.
3105 5551 3442 5673 "Ose.ii,':24

920 5664 994 5734 (I)
1032 5663 1184 5722 own
1215 5668 1372 5727 Forte
1400 5675 1512 5727 οὐκ.
1547 5675 1698 5737 Enn.
1737 5685 1899 5740 Pars.
