3870 6332
753 388 846 446 12⁸7

1365 391 1640 462 [EUSEBII
1672 394 2130 451 CESARIENSIS
2167 395 2311 451 OPP.
2352 396 2527 450 PARS
2562 397 2627 453 ll.
2665 428 2731 439 —-
2767 398 3186 454 APOLOGETICA.
3607 397 3618 446 4

749 507 1029 559 fuissemus
1056 505 1117 558 ¹⁸.
1159 524 1178 555 ι
1212 503 1499 561 Exordiens
1524 525 1745 577 magnus
1783 512 2097 582 divitiusque
2140 529 2259 581 pro-

2089 530 2097 565 :
2140 529 2259 581 pro-
2288 524 2328 576 Α
2363 534 2510 585 μεν.»
2543 515 2856 584 Ἀρχόμενος
2902 517 2930 565 ὁ
2959 517 3098 584 μέγας
3116 517 3185 567 καὶ
3210 512 3441 581 θαυμάσιος
3472 513 3617 581 προφὴ

746 596 899 664 pheta
944 606 1101 647 suum
1149 608 1301 662 opus,
1342 597 1566 663 primum
1619 599 1772 653 docet
1813 602 2253 668 quemadmodum

745 685 1047 735 universum
1089 698 1197 736 suae
1239 686 1528 752 pr0phetim
1570 691 2080 758 propositum,nihil
2114 693 2257 744 aliud

741 771 995 831 continet,
1029 788 1184 839 quam
1239 774 1494 828 visionem
1525 785 1577 829 et
1608 780 2104 847 contemplationem
2136 796 2253 848 quae

740 858 940 910 feratur
999 871 1180 913 contra
1243 861 1474 916 Judteam
1506 905 1520 928 ,
1572 876 1623 919 et
1678 875 1862 919 contra
1906 867 2197 923 Jerusalem
2240 887 2253 922 :

738 944 925 999 deinde
953 959 1196 1001 cunctam
1220 949 1519 1004 Iudaeorum
1544 955 1807 1009 nationem
1835 958 2122 1026 redarguit,
2149 960 2257 1027 pri-

737 1050 880 1087 mum
928 1037 1037 1090 haec
1076 1038 1298 1094 dicens:
1334 1058 1351 1089 ι
1389 1043 1616 1110 Agnovit
1651 1044 1748 1098 bos
1792 1062 2174 1114 possessorem,
2205 1059 2256 1102 et

737 1124 920 1179 asinus
966 1143 1196 1195 praascpe
1230 1129 1433 1182 Domini
1476 1133 1592 1195 sui;
1622 1132 1785 1187 israel
1834 1147 2007 1190 autem
2040 1154 2123 1192 me
2150 1154 2254 1192 non

737 1217 969 1282 agnovit.
1005 1226 1056 1268 et
1086 1219 1310 1285 p0pnlus
1336 1235 1439 1273 non
1472 1221 1730 1277 intellexit
1762 1226 1826 1276 ¹⁹.
1865 1244 1883 1276 ι
1919 1225 2113 1281 Deinde
2143 1231 2257 1282 uni-

735 1318 940 1356 versam
999 1316 1204 1372 gentem
1256 1307 1560 1376 deplorans,
1602 1312 1839 1382 adjungit
1873 1334 1885 1368 :
1934 1333 1952 1365 ι
1992 1315 2081 1370 Vae
2112 1320 2253 1386 genti

733 1396 1038 1460 peccatrici,
1097 1397 1287 1463 populo
1344 1400 1497 1466 pleno
1544 1402 2025 1468 peccatis,semini
2071 1422 2251 1474 pravo,

734 1481 857 1535 filiis
888 1483 1083 1550 iniquis
1108 1487 1170 1537 ²⁰.
1208 1506 1225 1535 ι
1261 1486 1417 1541 Hisce
1439 1489 1588 1543 initio
1615 1491 1790 1558 operis
1812 1494 1899 1547 ubi
1928 1503 2112 1548 contra
2138 1498 2255 1551 illos

732 1587 863 1623 usus
892 1581 972 1624 est
1014 1574 1493 1640 ohjurgationilms,
1521 1588 1572 1632 et
1603 1583 1876 1649 proposuit
1908 1599 2099 1639 causas
2137 1587 2254 1654 ejus

731 1662 984 1725 vaticinii,
1007 1664 1145 1730 quod
1165 1676 1346 1719 contra
1366 1669 1481 1722 illos
1505 1668 1721 1731 feratur,
1741 1679 1851 1725 tum
1877 1674 2081 1728 initium
2108 1678 2250 1740 facit,

730 1749 911 1803 dicens
943 1792 954 1803 .
984 1771 1001 1801 ‹
1036 1751 1195 1806 Terra
1221 1765 1395 1809 vestra
1415 1758 1641 1821 deserta,
1670 1781 1687 1811 ι
1705 1778 1820 1830 qua:
1848 1771 2022 1817 tamen
2043 1765 2253 1821 deserta

2353 607 2449 674 τῆς
2475 606 2674 666 οἰκείας
2703 604 2900 673 βίϐλου,
2932 604 3021 674 τὴν
3043 607 3171 657 πᾶσαν
3194 605 3271 673 τῆς
3296 602 3561 671 προφητείας
3596 602 3616 652 ί.

2355 694 2515 755 θεσιν,
2550 692 2683 745 κατὰ
2709 694 2804 761 τῆς
2838 694 3157 756 Ἰουδαίαςκαί
3177 692 3287 745 κατὰ
3311 693 3387 760 τῆς
3423 692 3618 759 Ἰερουσα

2353 783 2535 850 ὅρασιν
2579 783 2669 833 καὶ
2711 781 2935 849 θεωρίαν
2981 781 3187 851 περιέχειν
3222 780 3434 832 διδάσκει’
3483 777 3616 828 ἔπειτ(

2354 872 2457 920 πᾶν
2503 869 2759 922 Ἰουδαίων
2802 870 2948 932 ἔθνος
2987 870 3227 938 ἀπελέγχει,
3262 868 3416 938 πρῶτα
3458 868 3540 936 μὲν
3564 867 3616 918 λὲ

2360 976 2378 1008 ι
2405 959 2580 1025 Ἔγνω
2609 957 2730 1026 βοῦς
2771 959 2859 1011 τὸν
2890 959 3188 1027 κτησάμενον,
3225 960 3299 1010 καὶ
3322 959 3420 1019 ὂνος
3451 957 3536 1026 τὴν
3565 959 3617 1023 φά

2351 1048 2441 1099 τοῦ
2487 1048 2668 1118 κυρίου
2714 1048 2893 1100 αὐτοῦ’
2931 1049 3114 1118 Ἰσραὴλ
3135 1049 3178 1101 δέ
3217 1065 3271 1116 με
3308 1048 3393 1099 οὐκ
3435 1047 3576 1114 ἔγνω,
3607 1063 3616 1097 '.

2352 1136 2474 1200 λαός
2504 1155 2569 1206 με
2607 1137 2665 1188 οὐ
2692 1137 2967 1205 συνῆκεν.»
2998 1135 3104 1189 Εἶτα
3123 1138 3169 1189 τὸ
3199 1139 3282 1189 πᾶν
3317 1136 3444 1198 ἔθνος
3471 1136 3618 1188 ταλαν

2353 1226 2643 1293 ἐπιφέρειοι
2664 1227 2793 1279 Οὐαὶ
2811 1227 2958 1288 ἔθνος
2979 1226 3252 1295 ἁμαρτωλὸν,
3269 1226 3375 1287 λαὸς
3396 1224 3583 1293 πλήρης
3607 1245 3614 1273 ‹

2353 1308 2499 1370 τιῶν,
2550 1309 2759 1378 σπέρμα
2810 1311 3048 1379 πονηρὸν,
3090 1311 3172 1361 υἱοὶ
3207 1310 3384 1378 ἄνομοι.
3417 1328 3434 1359 ι
3479 1309 3618 1359 Τούτι

2352 1398 2487 1469 ἀρχῇ
2519 1399 2614 1466 τῆς
2659 1398 2833 1467 βίϐλου
2868 1399 2984 1450 κατ’
3012 1399 3154 1451 αὐτῶν
3188 1399 3486 1469 χρησάμενος
3522 1402 3616 1459 τοῖς

2351 1504 2481 1557 χοις,
2528 1492 2617 1540 καὶ
2655 1489 2963 1559 προδιδάξας
3005 1489 3088 1552 τὰς
3108 1492 3250 1552 αἰτίας
3270 1491 3355 1559 τῆς
3379 1491 3618 1560 μελλούσῃ

2352 1576 2603 1646 φέρεσθαι
2642 1580 2756 1630 κατ’
2801 1580 2973 1632 αὐτῶν
3014 1584 3326 1651 προρρήσεως,
3366 1582 3487 1650 ὲξῆς
3516 1583 3616 1635 ἁπά

2351 1665 2586 1732 φάσκων
2618 1686 2635 1717 ι
2677 1668 2738 1719 Ἠ
2775 1669 2844 1737 γῆ
2876 1669 3020 1737 ὑμῶν
3057 1669 3240 1739 ἕρημος,
3266 1689 3282 1719 ι
3320 1672 3391 1739 μὴ
3429 1671 3581 1741 οὔσης
3614 1675 3618 1721 Ξ

2352 1755 2468 1807 καθ’
2491 1756 2580 1819 οὓς
2608 1759 2931 1827 προεφήτευε
2965 1760 3174 1828 χρόνους·
3207 1762 3289 1811 «αἱ
3317 1762 3493 1823 πόλεις
3516 1763 3616 1830 sps

728 1855 833 1892 non
863 1850 997 1903 erat,
1027 1858 1089 1895 eo
1120 1844 1232 1911 ipso
1283 1862 1385 1914 quo
1412 1850 1737 1916 prophetiam
1777 1853 1965 1907 edebat
1995 1863 2247 1925 tempore.

2085 1871 2247 1925 ιροτθ,
2285 1852 2322 1907 Β
2350 1862 2584 1897 καυστοι’
2617 1866 2636 1896 ι
2678 1847 2805 1915 μηδὲ
2830 1847 3011 1899 τούτου
3040 1865 3113 1900 πω
3150 1850 3510 1925 γεγενημένου.
3554 1852 3613 1902 Ἀ

734 1946 753 1976 σ
791 1928 1044 1983 Civitates
1084 1944 1272 1987 vestrae
1312 1950 1583 1992 succensae
1608 1939 1749 2006 igni:
1781 1960 1800 1991 ι
1828 1951 2149 1998 cumtamen
2182 1962 2249 2001 ne

730 2016 830 2069 hoc
861 2018 1070 2085 quidem
1104 2023 1278 2076 adhuc
1313 2025 1509 2079 factum
1539 2038 1701 2083 esset.
1739 2030 1841 2083 Sed
1872 2049 2041 2101 neque
2076 2035 2249 2103 regio-

727 2120 847 2158 nem
896 2109 1129 2174 ipsorum
1162 2118 1286 2165 tunc
1323 2115 1478 2168 alieni
1513 2117 1853 2185 devorabant,
1887 2124 1999 2199 64
2021 2140 2139 2177 cum
2169 2135 2248 2178 ta-

731 2207 851 2245 men
895 2194 982 2247 ille
1014 2198 1090 2250 sic
1134 2200 1295 2261 dicat,
1336 2220 1354 2251 ι
1404 2205 1670 2272 regionem
1719 2194 1989 2275 vestram;
2020 2213 2073 2265 in
2121 2230 2249 2267 con-

727 2293 909 2351 spectu
941 2296 1114 2341 vestro
1145 2291 1299 2343 alieni
1332 2292 1613 2356 devorant,
1646 2316 1663 2345 ›
1701 2305 1752 2350 et
1784 2315 1901 2368 quae
1926 2312 2243 2369 sequuntur.

728 2375 794 2428 At
821 2379 960 2430 enim
990 2380 1032 2433 si
1064 2380 1128 2433 ad
1157 2381 1445 2436 Salvatoris
1474 2387 1639 2437 nostri
1666 2385 1789 2439 Jesu
1819 2388 2016 2444 Christi
2050 2392 2247 2445 adven-

726 2474 837 2517 tmn
879 2471 1175 2531 transieris,
1213 2480 1265 2523 et
1299 2473 1361 2524 ad
1391 2488 1450 2524 ea
1474 2491 1589 2540 qin
1610 2476 1891 2529 subsecuta
1921 2489 2045 2532 sunt
2079 2497 2246 2550 usque

724 2553 777 2604 in
811 2556 948 2607 hunc
970 2556 1104 2606 diem
1129 2566 1384 2625 tempora,
1414 2559 1564 2612 facile
1591 2563 1855 2617 inVeneris
1882 2581 1942 2617 ea
1967 2569 2246 2633 quaedicta

724 2650 849 2693 sunt
891 2644 1148 2711 completa
1180 2661 1319 2698 esse.
1353 2646 1481 2699 Nam
1524 2657 1575 2701 et
1603 2650 1707 2701 tilia
1742 2650 1867 2704 Sion
1909 2654 2041 2722 (haec
2070 2666 2243 2710 autem

721 2740 835 2783 erat
864 2731 1104 2785 adoratio
1132 2751 1249 2801 quae
1273 2737 1323 2787 in
1360 2745 1536 2789 monte
1564 2739 1951 2806 celebrabatur,
1978 2746 2068 2812 qui
2091 2760 2245 2798 voca-

722 2826 811 2870 tur
865 2818 1012 2886 Sion)
1055 2838 1115 2874 cx
1158 2840 1262 2891 quo
1314 2826 1523 2878 advenit
1575 2825 1730 2883 Jesus
1767 2829 2009 2885 Salvator
2044 2842 2243 2899 noster,

721 2907 904 2960 relicta
933 2917 1015 2961 est
1055 2919 1109 2961 Iit
1142 2914 1503 2966 umbraculutn
1538 2915 1589 2967 in
1639 2918 1809 2980 vinea,
1841 2928 1892 2973 et
1916 2923 2065 2989 quasi
2101 2923 2242 2979 fruc-

721 3006 868 3050 tuu-m
895 3002 1133 3052 custodia
1164 3003 1213 3054 in
1244 3008 1624 3068 cucumerario,
1658 3016 1747 3060 aut
1779 3010 1823 3062 si
1850 3010 1932 3065 his
1958 3014 2242 3084 quidquam

720 3086 945 3153 cogitari
1001 3095 1174 3154 potest
1224 3091 1507 3155 desertius,
1553 3098 1929 3166 regionemque
1980 3102 2238 3168 ipsorum,

720 3175 876 3228 alieni
922 3190 1099 3227 coram
1143 3179 1272 3246 ipsis
1303 3180 1576 3245 devorant,
1610 3200 1751 3238 nunc
1775 3186 1982 3254 quidem
2014 3192 2241 3261 vectiga-

721 3262 813 3323 lia,
845 3278 906 3315 ac
952 3266 1148 3318 tributa
1208 3268 1273 3320 ab
1321 3269 1425 3322 illis
1453 3271 1744 3340 exigentes,
1778 3290 1920 3329 nunc
1964 3293 2242 3349 vero-pro-

720 3352 893 3421 prium
930 3354 1162 3420 ipsorum
1193 3357 1467 3423 praedium,
1496 3374 1611 3412 eam
1646 3378 1762 3429 qua:
1789 3365 1913 3417 olim
1939 3364 2241 3422 Judaeorum

719 3446 851 3500 erat,
877 3447 1069 3492 terram
1103 3441 1375 3497 facientes.
1412 3445 1513 3497 Sed
1545 3455 1596 3499 et
1633 3452 1880 3518 templum
1913 3453 2041 3508 illud
2073 3457 2240 3509 admi-

721 3528 904 3590 rabile,
932 3531 1071 3596 quod
1096 3544 1207 3584 erat
1233 3534 1282 3585 in
1311 3549 1491 3586 eorum
1522 3542 1819 3607 metropoli,
1847 3542 1898 3594 in
1930 3551 2123 3597 terram
2155 3561 2242 3600 ce-

718 3617 867 3681 cidit,
894 3635 922 3671 a
952 3623 1159 3688 populis
1191 3625 1375 3676 alienis
1399 3640 1639 3678 eversum
1664 3646 1675 3680 :
1707 3637 1758 3682 et
1789 3632 2028 3688 civitates
2057 3651 2238 3690 eorum

720 3706 825 3776 igni
866 3723 1136 3763 succensae
1177 3720 1340 3765 sunt:
1387 3723 1439 3766 et
1471 3714 1607 3767 facta
1648 3724 1730 3771 est
1784 3718 2076 3775 Jerusalem
2118 3740 2241 3779 vere

718 3797 906 3851 civitas
961 3799 1013 3849 in
1053 3800 1346 3856 obsidione.
1376 3803 1442 3854 At
1491 3818 1613 3857 vero
1640 3808 1762 3873 quia
1813 3820 2093 3878 postquam
2136 3814 2239 3868 illis

719 3883 831 3937 haec
870 3895 1159 3939 evenerunt
1209 3899 1261 3941 et
1304 3892 1500 3949 chorus
1544 3898 1924 3964 apostolorum,
1955 3908 2006 3953 et
2042 3903 2132 3969 qui
2174 3920 2236 3956 ex

721 3973 956 4027 Hebraeis
997 3976 1051 4029 in
1106 3977 1377 4034 Christum
1425 3987 1783 4051 crediderunt,
1815 3989 2027 4043 fecundi
2068 3995 2239 4046 instar

717 4064 940 4117 seminis
970 4080 1033 4118 ex
1062 4066 1166 4121 illis
1197 4069 1326 4137 ipsis
1350 4076 1542 4126 servati
1570 4086 1712 4139 sunt,
1749 4085 1800 4131 et
1819 4093 1914 4146 per
1937 4080 2236 4136 universam

717 4160 934 4217 terram,
961 4164 1116 4223 atque
1144 4158 1195 4211 in
1217 4176 1370 4215 omne
1390 4180 1555 4232 genus
1588 4167 1854 4237 hominum
1876 4178 2235 4237 penetrantes,

716 4258 925 4297 omnem
956 4246 1241 4311 civitatem,
1276 4266 1338 4304 ac
1384 4255 1576 4317 locum,
1620 4266 1671 4310 et
1723 4261 1986 4327 regionem
2024 4264 2237 4331 proprio

716 4344 875 4402 atque
902 4337 1192 4393 Israelitico
1216 4345 1416 4398 semine
1439 4347 1805 4414 impleverunt,
1835 4351 1966 4405 adeo
1999 4354 2234 4421 quidem,

717 4431 776 4475 ut
810 4440 875 4477 ex
910 4426 1015 4481 illis
1053 4431 1204 4496 quasi
1243 4433 1420 4499 spicae,
1461 4451 1578 4503 qua:
1614 4439 1666 4489 in
1696 4441 1911 4494 nomine
1939 4439 2234 4499 Salvatoris

715 4517 882 4569 nostri
914 4517 1147 4572 fundatae
1177 4531 1302 4575 sunt
1337 4523 1605 4587 Ecclesiae,
1639 4528 1746 4581 sint
1778 4540 1946 4584 enata:
1979 4549 1991 4584 :
2042 4535 2231 4587 merito

713 4605 927 4659 divinus
952 4610 1226 4677 propheta,
1264 4613 1328 4666 iis
1357 4618 1535 4677 minis,
1569 4618 1762 4684 quibus
1792 4630 1973 4674 contra
2003 4622 2121 4676 illos
2151 4634 2233 4678 est

713 4710 865 4758 usus,
893 4698 1128 4768 adjungit
1158 4720 1172 4754 :
1206 4719 1222 4749 ι
1250 4701 1360 4755 Nisi
1387 4703 1638 4761 Dominus
1669 4705 1901 4762 Sabaoth
1932 4712 2235 4781 reliquisset

713 4787 867 4841 nobis
892 4805 1091 4851 semen,
1122 4793 1271 4858 quasi
1303 4793 1530 4847 Sodoma
1572 4796 1697 4849 facti
1730 4806 1992 4867 essemus,
2016 4811 2068 4856 et
2094 4805 2232 4857 sicut

712 4872 1003 4930 Gomorrha
1051 4880 1249 4935 similes
1303 4882 1605 4939 fuissemus.
1667 4906 1685 4938 ι
1719 4887 1869 4952 Quod
1919 4893 2130 4960 quidem
2176 4893 2231 4945 in

714 4965 1031 5026 apertiorem
1089 4984 1300 5024 sensum
1346 4974 1665 5029 contrahens
1695 4990 1910 5033 sanctus
1939 4981 2225 5049 Apostolus

713 5043 767 5094 in
809 5046 1037 5115 Epistola
1073 5058 1136 5110 ad
1162 5056 1430 5115 Romanos
1457 5063 1832 5132 interpretatus
1852 5079 1932 5122 est
1960 5089 1972 5121 τ
2012 5086 2028 5118 ι
2069 5068 2229 5123 Isaias

713 5142 887 5187 autem
922 5142 1113 5194 clamat
1136 5162 1229 5213 pro
1250 5148 1429 5215 Israel,
1458 5153 1502 5206 si
1544 5152 1700 5206 fuerit
1722 5172 1973 5213 numerus
2005 5158 2227 5213 filiorum

715 5219 870 5275 Israel
902 5228 1039 5280 sicut
1068 5248 1225 5288 arena
1260 5244 1441 5304 maris,
1479 5244 1691 5312 reliquae
1725 5248 1883 5300 salvae
1918 5249 2061 5300 fient.
2096 5247 2229 5301 Ver-

712 5308 838 5364 bum
865 5312 1003 5364 enim
1045 5317 1317 5381 perficiens
1348 5335 1400 5378 et
1427 5332 1746 5388 contrahens
1786 5333 1943 5388 faciet
1976 5334 2229 5390 Dominus

713 5399 768 5452 in
818 5408 980 5455 terra.
1021 5400 1084 5453 Et
1113 5405 1250 5459 sicut
1290 5415 1531 5479 praedixit
1578 5418 1742 5478 Isaias
1775 5443 1787 5477 :
1818 5423 1932 5477 Nisi
1972 5422 2228 5478 Dominus

712 5486 940 5541 Sabaoth
992 5491 1288 5560 reliquisset
1331 5502 1485 5556 nobis
1533 5522 1730 5576 semen,
1788 5514 1939 5584 quasi
1990 5511 2218 5567 Sodoma

773 5639 827 5706 .⁸⁹
853 5639 954 5695 [33.
991 5657 1027 5706 t,
1057 5643 1108 5696 5.
1182 5648 1224 5678 ²⁰
1244 5649 1375 5706 ibid.
1403 5652 1437 5707 4

2349 1933 2443 2003 τὴν
2472 1934 2646 2005 χώραν
2684 1935 2855 1987 αὐτῶν
2892 1937 3011 1988 τότε
3035 1937 3192 2007 ἤσθιον
3235 1923 3526 2009 ἀλλότριον
3574 1960 3618 1994 κι

2347 2022 2494 2092 φησί’
2547 2042 2563 2072 ί
2589 2023 2694 2092 Τὴν
2739 2022 2916 2094 χώραν
2948 2027 3103 2094 ὑμῶν,
3145 2028 3346 2082 ἐνώπιον
3390 2031 3551 2099 ὑμῶν
3591 2034 3618 2084 ὁ

2346 2112 2701 2165 κατεσθίουσιν
2732 2115 2914 2184 αὐτὴν,
2947 2135 2964 2166 ι
2985 2118 3070 2169 καὶ
3087 2117 3145 2169 τὰ
3169 2118 3299 2188 ἑξῆς.
3321 2122 3381 2172 Εἰ
3406 2119 3508 2174 οὖν
3537 2125 3618 2175 ἐπὶ

2344 2201 2584 2269 Σωτῆρος
2612 2202 2762 2271 ἡμῶν
2803 2203 2969 2272 Ἰησοῦ
3002 2206 3207 2275 Χριστοῦ
3241 2210 3517 2278 μετέλθοις
3544 2230 3618 2265 πα

2345 2292 2435 2341 καὶ
2471 2292 2592 2351 τοὺς
2618 2293 2674 2356 ἐξ
2702 2293 2903 2346 ἐκείνου
2927 2295 3016 2347 καὶ
3054 2299 3125 2358 εἰς
3144 2297 3286 2369 δεῦρο
3313 2302 3571 2370 χρόνους,
3606 2324 3618 2357 '.

2344 2378 2520 2449 εὕροις
2546 2381 2610 2432 τὰ
2641 2383 2899 2452 εἰρημένα
2926 2384 3262 2455 πληρούμενα.
3292 2391 3366 2443 ’Ἠ
3400 2411 3473 2445 τε.
3503 2396 3613 2467 γὰρ

2344 2468 2476 2519 Σιὼν
2520 2468 2674 2539 (αὕτη
2695 2472 2750 2524 δὲ
2783 2470 2847 2542 ἦν
2872 2477 2903 2543 ή
2938 2476 3026 2527 ἐπὶ
3054 2475 3200 2545 ὅρους
3229 2480 3317 2532 τοῦ
3363 2483 3618 2555 καλουμέ

2342 2561 2718 2632 ἐπιτελουμένη
2758 2562 3035 2637 θρησκεία)
3085 2569 3183 2621 ἀπὸ
3221 2570 3315 2639 τῆς
3355 2574 3550 2642 Ἰησοῦ
3583 2594 3612 2628 τ

2346 2666 2432 2718 ρος
2475 2650 2625 2719 ἡμῶν
2663 2655 2956 2721 παρουσίας
3002 2658 3482 2724 ἐγκαταλέλειπται.
3524 2666 3604 2726 ὡς

2342 2739 2635 2806 ἀμπελῶνι,
2668 2742 2758 2793 καὶ
2785 2742 2858 2804 ὡς
2883 2744 3309 2814 ὀπωροφυλάκιον
3332 2752 3391 2802 ὲν
3425 2768 3613 2825 anxur,

2341 2827 2392 2878 εἴ
2420 2845 2468 2879 τι
2501 2829 2694 2881 τούτων
2729 2833 3068 2904 ἐρημότερον·
3098 2839 3193 2906 τήν
3226 2855 3285 2890 τε
3312 2840 3522 2911 χώραν
3549 2848 3614 2898 αἱ

2337 2931 2473 2985 τριοι
2503 2917 2721 2971 ἐνώπιον
2762 2922 2934 2974 αὐτῶν
2968 2927 3327 2989 κατεσθίουσι,
3366 2935 3515 2986 τοτὲ
3559 2938 3614 3005 μὶ

2338 3008 2430 3060 καί¹
2456 3008 2647 3078 φόρους
2665 3012 2854 3074 αὐτοὺς
2869 3015 3338 3085 εἰσπραττόμενοι,
3375 3026 3526 3077 τοτὲ
3554 3028 3613 3079 δὲ

2338 3098 2440 3150 τῶν
2457 3099 2634 3167 κτῆμα
2660 3100 2754 3169 τὴν
2777 3101 2939 3154 πάλαι
2967 3104 3073 3156 τῶν
3100 3107 3370 3162 Ἰουδαίων
3391 3114 3517 3184 γῆν
3553 3134 3613 3169 πε

2267 3190 2311 3249 C
2352 3188 2505 3241 Ἀλλὰ
2540 3191 2631 3242 καὶ
2677 3190 2736 3241 τὸ
2777 3192 2915 3261 ἱερὸν
2954 3194 3016 3246 τδ
3060 3197 3340 3267 εὐπρεπὲς
3385 3202 3511 3271 τῆς
3556 3224 3614 3275 μη

2339 3278 2510 3330 αὐτῶν
2541 3280 2873 3347 ὴρειπίωται,
2900 3286 3396 3354 κατεστραμμένον
3444 3292 3580 3346 ὑπὸ

2339 3367 2515 3436 τρίων·
2567 3368 2625 3419 αἵ
2670 3384 2728 3419 τε
2777 3369 2953 3432 πόλεις
2997 3372 3179 3425 αὐτῶν
3217 3376 3614 3446 πυρίκαυστο

2339 3454 2428 3505 καὶ
2479 3456 2663 3522 γέγονε
2720 3455 3065 3527 Ἰερουσαλὴμ
3124 3460 3357 3529 ἀληθῶς
3400 3468 3600 3531 πόλις

2341 3544 2489 3613 μένη.
2518 3543 2647 3595 Ἀλλ’
2679 3545 2818 3610 ἐπεὶ,
2848 3546 3050 3599 τούτων
3065 3550 3201 3617 περὶ
3231 3552 3461 3618 αὐτοὺς
3505 3575 3616 3629 cui

2337 3633 2364 3682 ὁ
2400 3633 2501 3684 τῶν
2532 3633 2830 3685 ἀποστόλων
2883 3636 3058 3706 χορὸς,
3100 3638 3157 3689 οἰ
3197 3655 3263 3690 τε
3302 3640 3370 3705 ἐξ
3422 3646 3616 3718 Ἐ6ρ‹

2337 3721 2562 3790 Χριστὸν
2606 3722 3017 3784 πεπιστευκότες
3049 3724 3297 3793 γονίμου
3330 3727 3535 3799 δίκην
3581 3752 3616 3786 σ

2337 3808 2510 3861 αὐτῶν
2563 3810 2778 3862 ἐκείνων
2831 3811 3316 3882 διεφυλάχθησαν,
3390 3822 3562 3874 καθ’

2335 3898 2647 3966 οἰκουμένης
2679 3898 2769 3950 καὶ
2800 3900 2878 3961 εἰς
2911 3901 3016 3953 πᾶν
3059 3902 3238 3969 γένος
3277 3904 3618 3978 ἀνθρώ-πυ

2337 3986 2508 4036 πᾶσαν
2553 3984 2701 4038 πόλιν
2746 3986 2837 4037 καὶ
2868 3987 3028 4040 τόπον
3070 3990 3181 4042 καὶ
3224 3990 3453 4062 χώραν
3499 4001 3618 4052 toi

2347 4073 2722 4143 Ἰσραηλιτικοῦ
2772 4076 2968 4146 σπόρου
3024 4078 3477 4150 κατέπλησαν,
3529 4088 3618 4141 ὥς

2336 4162 2528 4228 στάχυς
2552 4160 2649 4223 τὰς
2676 4162 2760 4213 ἐπ’
2787 4162 3043 4232 ὀνόματος
3074 4164 3185 4217 τοῦ
3222 4167 3563 4240 Σωτῆρος
3609 4195 3618 4205 ·

2336 4265 2428 4311 σας
2485 4249 2798 4316 Ἐκκλησίας
2844 4250 3022 4317 φῦναι·
3077 4253 3355 4317 εἰκότως
3414 4260 3455 4309 ὁ
3530 4261 3618 4315 es

2333 4336 2564 4404 ἐπιλέγει
2586 4341 2701 4400 ταῖς
2725 4340 3307 4408 προαποφανθείσαις
3338 4349 3497 4397 κατ’
3538 4354 3618 4403 αἱ

2339 4446 2356 4475 ι
2384 4428 2445 4478 Εἰ
2474 4425 2544 4496 μὴ
2577 4427 2773 4496 Κύριος
2805 4427 3031 4480 Σαϐαὼθ
3084 4431 3580 4497 ἐγκατέλιπεν

2333 4516 2406 4578 ὡς
2469 4516 2672 4585 Σόδομα
2725 4516 2790 4569 ἂν
2832 4518 3251 4589 ἐγενήθημεν,
3312 4527 3443 4577 καὶ
3507 4529 3616 4593 ὡς

2333 4604 2702 4674 ὡμοιώθημεν.
2751 4625 2770 4656 ι
2810 4608 2979 4678 Ὅπερ
3016 4612 3441 4680 συναγαγὼν
3494 4620 3614 4672 ἐπ’

2337 4694 2552 4764 μηνεύει
2571 4697 2627 4746 ἐν
2655 4699 2716 4765 τῇ
2747 4697 2877 4765 πρὸς
2903 4698 3267 4767 Ῥωμαίους
3299 4704 3618 4762 Ἐπιστ(

2337 4778 2530 4841 στολοςο
2570 4798 2587 4828 ι
2622 4781 2838 4843 Ἡσαΐας
2867 4781 2924 4832 δὲ.
2954 4786 3344 4852 κραυγάζει
3424 4792 3614 4864 ὑπὲγ

2347 4868 2468 4920 Ἐὰν
2588 4870 2615 4919 ό
2660 4869 2884 4939 ἀριθμὸς
2938 4873 3055 4925 τῶν
3088 4877 3275 4930 υἱῶν
3357 4881 3614 4952 Ἰσρα-ἒ

2328 4957 2424 5025 τῆς
2456 4957 2742 5026 θαλάσσης,
2775 4957 3234 5034 τδύπόλειμμοι
3300 4969 3608 5042 σωθήσε

2331 5046 2587 5098 συντελῶν
2637 5048 2728 5099 καὶ
2778 5053 3104 5120 συντέμνων
3178 5059 3502 5125 ποιήσει
3559 5064 3598 5113 Ι*

2329 5136 2448 5205 γῆς.
2484 5138 2589 5189 Καὶ
2630 5137 2807 5200 καθὼς
2853 5143 3246 5214 προείρηκεν
3316 5148 3588 5206 Ἠταῖς

2334 5242 2442 5295 ριος
2479 5226 2693 5279 Σαϐαὼθ
2734 5231 3103 5297 ἐγκατέλιπεν
3160 5239 3359 5306 ἡμῖν
3430 5248 3576 5296 σπέ

2330 5314 2393 5366 ἂν
2417 5315 2757 5385 ἐγενήθημεν,
2784 5321 2873 5372 καὶ
2891 5322 2966 5385 ὡς
2982 5324 3330 5397 Γόμορῤα.
3356 5328 3458 5383 ἂν
3490 5333 3561 5384 ὡ

2329 5399 2478 5465 αὖθις
2511 5408 2840 5479 προστίθησι,
2863 5410 3066 5480 λέγων’
3119 5435 3144 5466 ε
3186 5417 3321 5487 lui]
3357 5420 3547 5474 ἁπώ

2322 5492 2445 5547 λαὸν
2500 5495 2693 5562 abaci};
2752 5498 2827 5570 μὴ
2869 5502 3143 5570 γένοιτ-οἰ
3234 5511 3404 5565 Καὶ
3477 5532 3544 5583 γι
