3870 6368
94 5369 154 5515 Χ

92 5837 120 5970 ί

163 423 305 502 :39

160 637 306 705 οὐκ
337 621 578 675 ἀπώσατο
620 625 651 674 ὀ
689 623 833 689 Θεὸς
875 629 988 685 τὸν
1020 633 1160 689 λαὸν
1195 639 1374 701 αὑτοῦ,
1419 640 1476 692 ὃν
1517 641 1774 711 προέγνω

163 741 206 806 ἦ
287 715 400 806 οὐκ⁸
432 712 627 806 οἴδατε-
661 716 740 806 ὲν-
781 716 964 806 ’ῌλίᾳ
1045 725 1102 778 τι
1159 725 1303 795 λέγει
1353 728 1386 796 ἡ
1431 729 1648 799 Γραφὴ,
1705 730 1779 792 ὡς

175 803 486 882 ἐντυγχάνει
559 803 642 874 τῷ
709 804 840 876 Θεῷ
907 811 1072 864 κατὰ
1133 814 1224 866 τοῦ
1293 815 1531 886 Ἰσραηλ;
1591 819 1776 890 Κύριε,

184 905 322 969 τοὺς
366 895 640 964 προφήτας
707 913 808 950 σου
874 899 1217 955 ἀπέκτειναν
1240 943 1254 964 ,
1307 903 1372 956 τὰ
1435 904 1782 978 θυσιαστήριά

171 1009 307 1054 ισου
357 985 730 1054 κατέσκαψαν
811 987 986 1056 κάγὼ
1059 991 1383 1062 ὑπελείφθην
1452 995 1625 1063 μόνος,
1692 997 1781 1048 καὶ

218 1077 416 1153 ζητοῖ)σί
450 1094 547 1147 μου
577 1077 680 1148 τὴν
723 1077 941 1148 ψυχὴν,
977 1081 1074 1132 τοῦ
1103 1081 1280 1134 λαϐεῖν
1311 1083 1491 1152 αὑτήν.
1531 1083 1682 1136 Ἀλλὰ
1729 1086 1780 1138 τί

224 1175 358 1238 λέγει
381 1167 520 1238 αὑτῷ
536 1170 566 1220 ὁ
594 1169 1001 1238 χρηματισμός
1021 1186 1036 1232 ;
1068 1172 1365 1224 Κατέλιπον
1385 1173 1602 1243 ἐμαυτῷ
1623 1175 1782 1226 ἑπτα-

241 1259 497 1329 κισχιλίους
549 1258 778 1328 ἄνδρας,
835 1261 1040 1322 οἵτινες
1097 1262 1194 1313 οὑκ
1243 1261 1487 1332 ἔκαμψαν
1538 1263 1662 1332 γόνυ
1717 1267 1778 1333 τῇ

246 1351 382 1405 Βάαλ.
413 1349 592 1412 Οὑτως
645 1346 744 1402 οὖν
794 1351 896 1403 καὶ
933 1351 994 1404 ὲν
1017 1351 1096 1422 τῷ
1131 1352 1221 1405 νῦν
1242 1353 1410 1424 καιρῷ
1441 1353 1639 1424 λεῖμμα
1666 1356 1780 1407 κατ’

245 1441 440 1510 ἐκλογὴν
459 1440 680 1510 χάριτος
706 1441 961 1508 γέγονεν.
1002 1459 1020 1491 ι
1059 1443 1176 1494 Ὅτι
1203 1441 1245 1494 δ’
1273 1445 1370 1496 οὑκ
1395 1447 1472 1507 εἰς
1499 1445 1648 1498 ἄλλον
1672 1461 1783 1496 και-

243 1532 338 1602 ρόν,
374 1531 478 1583 ἀλλ’
500 1533 581 1593 εἰς
615 1531 707 1582 τὸν
743 1531 846 1598 τῆς
887 1531 1205 1597 ἐπιφανείας
1231 1533 1322 1584 τοῦ
1351 1534 1593 1604 Σωτῆρος
1628 1533 1781 1602 ἡμῶν

250 1619 400 1688 Ἰησοῦ
423 1621 658 1692 Χριστοῦ
690 1619 960 1672 συντείνει
982 1621 1015 1689 ἡ
1045 1622 1360 1690 προφητεία,
1402 1623 1523 1691 έξῆς
1557 1625 1584 1675 ὁ
1610 1623 1779 1690 λόγος,

238 1711 358 1778 μετά
380 1709 438 1762 τὸ
471 1711 638 1778 φάναι
659 1749 675 1774 ,
718 1729 739 1762 ι
776 1713 842 1764 Εἰ
871 1715 946 1784 μὴ
977 1713 1178 1784 Κύριος
1201 1711 1418 1764 Σαϐαὼθ
1441 1713 1782 1780 ἐγκατέλιπεν

231 1800 346 1869 ἡμῖν
369 1801 609 1869 σπέρμα,
646 1800 726 1863 ὡς
757 1803 972 1872 Σόδομα
1004 1803 1068 1856 ἂν
1093 1801 1316 1872 ἐγενήθη
1327 1818 1440 1870 μεν,
1465 1801 1556 1854 καὶ
1579 1801 1654 1864 ὡς
1687 1801 1781 1852 Γό-

1128 433 1758 491 DEMONSTRATIONIS
1792 426 2255 493 EVANGEUCE.
2293 438 2399 492 LIB
2436 440 2498 494 II.

156 549 334 616 ἱῖοςης
363 529 466 601 εἰμὶ
502 532 566 582 ἐκ
599 527 950 604 σπέρματός
1003 543 1266 618 Ἀϐραὰμ
1315 549 1480 618 φυλῆς
1520 549 1773 620 Βενιαμίν

1887 550 2011 606 facti
2049 567 2309 614 essemus,
2357 563 2408 606 et
2437 553 2576 609 sicut
2628 555 2916 611 Gomorrha
2967 560 3169 616 simiies
3212 561 3406 619 fuisse-

3308 451 3405 506 I50

1877 657 1997 696 mus
2029 645 2092 696 ²¹.
2136 661 2154 693 ι
2199 642 2404 708 Quibus
2453 659 2642 698 rursus
2697 647 2808 700 haec
2845 648 3082 720 adjungit
3117 670 3130 705 :
3173 670 3192 703 ι
3233 651 3400 706 Νιιιιι-

1883 730 2030 799 quid,
2083 733 2272 801 inquit,
2318 735 2512 802 repulit
2563 733 2702 790 Deus
2729 739 2976 806 pepulnm
3016 743 3398 798 suum?Absit.

1880 819 2008 873 Nam
2045 828 2097 874 et
2147 837 2242 890 ego
2295 821 2530 876 Israelita
2579 839 2696 877 sum
2755 842 2817 878 ex
2859 829 3060 880 semine
3110 830 3396 895 Abraham,

1877 911 2014 964 tribu
2029 911 2436 980 Benjamin.Non
2459 913 2798 982 repulitDeus
2809 919 3056 986 populum
3075 937 3226 974 suum
3243 938 3401 992 quem

1877 1000 2140 1069 pneSCivit
2159 1018 2171 1052 :
2191 1015 2256 1054 an
2271 1016 2374 1056 non
2405 1005 2572 1058 nostis
2595 1004 2647 1056 in
2670 1003 2778 1056 Elia
2795 1007 2919 1073 quid
2939 1007 3080 1060 dicat
3098 1008 3402 1078 Scriptura?

1877 1089 2322 1156 quemadmodum
2345 1092 2624 1146 intercedit
2653 1095 2790 1161 apud
2819 1094 2982 1148 Deum
3002 1107 3185 1150 contra
3205 1098 3362 1155 Israel
3379 1104 3404 1155 ί

1876 1175 1981 1246 65
2014 1175 2254 1242 Domine,
2307 1181 2592 1250 prophetas
2655 1191 2778 1238 tuos
2825 1186 3155 1250 occiderunt,
3213 1191 3400 1245 altaria

1879 1271 1969 1318 tua
2001 1266 2352 1332 suifoderunt,
2385 1277 2437 1322 et
2463 1285 2562 1339 ego
2581 1271 2797 1326 relictus
2827 1289 2943 1327 sum
2972 1275 3138 1338 solus,
3177 1285 3229 1329 et
3256 1293 3400 1346 qna:-

1879 1364 2002 1410 runt
2039 1360 2266 1412 animam
2285 1377 2455 1416 meam
2487 1370 2544 1416 ut
2571 1363 2818 1419 auferant
2833 1367 3247 1420 eam.Caeterum
3271 1367 3398 1436 quid

1878 1447 2008 1499 dicit
2037 1448 2084 1502 ei
2107 1463 2423 1519 responsum
2458 1453 2740 1508 divinum?
2775 1455 2964 1524 reliqui
3022 1455 3148 1508 mihi
3197 1465 3396 1525 septem

1880 1539 2044 1592 millia
2080 1540 2339 1606 virorum,
2367 1545 2457 1612 qui
2518 1561 2623 1599 non
2679 1553 3032 1599 curvaverunt
3092 1562 3227 1615 genu
3275 1557 3402 1602 ante

1880 1627 2024 1682 Baal.
2076 1629 2164 1684 Sic
2191 1646 2317 1702 ergo
2348 1635 2479 1687 etin
2527 1635 2626 1688 hoc
2673 1643 2908 1704 tempore
2937 1677 2953 1701 ,
3015 1637 3251 1705 reliquiae
3308 1653 3397 1692 se-

1879 1717 2111 1771 cundum
2141 1719 2450 1774 electionem
2485 1723 2667 1790 gratiae
2697 1722 2846 1776 facta!
2867 1730 2991 1777 sunt
3019 1727 3082 1776 ²².
3121 1745 3140 1776 ι
3175 1723 3249 1776 Ne
3271 1738 3400 1778 vero

1881 1807 1944 1860 in
1963 1805 2107 1859 aliud
2145 1815 2352 1878 tempus
2389 1810 2717 1878 prophetiam
2745 1819 2988 1865 eventum
3021 1827 3174 1866 suum
3200 1813 3400 1882 dirige-

231 1892 390 1960 μορῤα
407 1890 472 1942 ἂν
488 1889 754 1962 ὡμοιώθη
764 1909 884 1961 μεν,
917 1913 934 1943 ι
955 1893 1044 1944 τὸν
1065 1893 1234 1946 πάντα
1255 1891 1360 1942 τῶν
1375 1890 1631 1943 Ἰουδαίων
1655 1889 1773 1942 λαὸν

1877 1908 1934 1946 re
1962 1895 2274 1962 suspiceris,
2303 1912 2460 1965 quam
2486 1899 2540 1950 in
2567 1897 2846 1952 adventum
2879 1898 3172 1954 Salvatoris
3227 1901 3396 1956 nostri

226 1979 262 2028 Γ
262 1981 487 2049 ομόρῤας
519 1981 828 2057 ὀνομάσας,
859 1984 986 2045 τοὺς
1022 1983 1078 2035 δὲ
1123 1983 1444 2054 ἡγουμένους
1478 1981 1649 2034 αὑτῶν
1677 1981 1775 2050 ἄρ-

220 2085 401 2136 χοντας
461 2070 750 2140 Σοδόμων,
819 2073 1064 2143 ἐπιφέρει
1131 2072 1448 2143 παραίτησιν
1499 2072 1593 2140 τῆς
1640 2071 1778 2124 κατὰ

222 2157 411 2210 limosa
451 2159 782 2230 θρησκείας,
817 2163 912 2214 καὶ¹
954 2163 1051 2232 τῆς
1085 2162 1171 2215 διὰ
1217 2161 1309 2214 τοῦ
1347 2161 1590 2230 Σωτῆρος
1626 2161 1776 2232 ἡμῶν

221 2247 376 2298 πᾶσιν
403 2248 714 2318 ἀνθρώποις
756 2250 1200 2320 κατηγγελμένης
1227 2250 1494 2320 Διαθήκης
1529 2249 1617 2302 τὸν
1651 2251 1776 2320 τρόο

221 2351 336 2397 πον,
358 2338 498 2405 λέγω
533 2339 593 2391 δὲ
637 2339 734 2392 τὸν
762 2339 852 2392 διὰ
889 2339 1110 2410 λουτροῦ
1161 2339 1582 2407 παλιγγενεσίας,
1623 2339 1774 2406 λόγον

219 2441 276 2476 τε
299 2427 550 2498 ἄντικρυς
576 2427 702 2480 νέον
735 2429 832 2480 καὶ
857 2428 1018 2498 νόμον
1051 2429 1295 2497 εἰσῆκται
1323 2431 1378 2480 ἐν
1413 2431 1476 2494 τῆ
1511 2429 1636 2499 περὶ
1669 2427 1772 2480 τῶν

217 2517 462 2569 τοιούτων
479 2520 814 2588 προρρήσει.
844 2518 1002 2585 Λέγει
1020 2518 1075 2570 δὲ
1095 2517 1185 2571 οὖν
1209 2535 1222 2548 ο
1253 2537 1271 2568 ι
1306 2513 1596 2570 δΑκοὺσατε
1621 2517 1772 2585 λόγον

221 2605 439 2676 Κυρίου,
479 2611 746 2678 ἄρχοντες
788 2609 1054 2678 Σοδόμων,
1105 2609 1391 2679 προσέχετε
1423 2609 1578 2678 νόμον
1617 2607 1768 2671 Θεοῦ,

225 2694 342 2760 λαὸς
365 2698 666 2770 Γομόρρας,
727 2699 780 2751 τί
821 2717 911 2768 μοι
947 2699 1145 2768 πλῆθος
1176 2699 1281 2751 τῶν
1315 2698 1506 2758 θυσιῶν
1531 2697 1710 2768 ὑμῶν;
1747 2717 1766 2748 ι

227 2788 315 2838 καὶ
354 2788 422 2838 τὰ
461 2788 619 2858 ἑξῆς·
680 2789 828 2860 ἅπερ
875 2790 1046 2842 οἰκεῖα
1093 2790 1218 2842 ὄντα
1260 2789 1358 2858 τῆς
1397 2789 1533 2842 κατὰ
1579 2789 1772 2841 Μωσέα

229 2876 525 2944 νομοθεσίας
556 2877 790 2939 ἀνελὼν,
825 2879 1127 2946 ἀντεισάγει
1171 2877 1412 2945 ἀφέσεως
1455 2877 1773 2947 ἁμαρτημά-

230 2976 326 3014 ww
353 2964 530 3034 ἕτερον
575 2965 805 3034 τρόπον,
836 2967 928 3018 τὸν
959 2965 1045 3018 διὰ
1088 2965 1181 3017 τοῦ
1233 2963 1492 3034 σωτηρίου
1532 2965 1768 3035 λουτροῦ,

232 3051 320 3103 καὶ
347 3053 436 3105 τοῦ
458 3056 552 3106 σὺν
579 3056 760 3126 τούτῳ
790 3056 1188 3126 κηρυττομένου
1221 3055 1352 3124 βίου,
1385 3055 1582 3122 λέγων’
1609 3055 1771 3108 «Λού-

233 3143 402 3205 σασθε,
439 3143 666 3216 καθαροὶ
699 3145 944 3213 γένεσθε,
991 3144 1212 3214 ἀφέλετε
1253 3143 1349 3205 τὰς
1381 3144 1634 3212 πονηρίας
1665 3143 1770 3196 ἀπὸ
1799 3171 1837 3225 η

232 3229 330 3284 τῶν
353 3234 531 3304 ψυχῶν
558 3236 752 3306 ὑμῶν,
784 3255 802 3286 ι
828 3235 1016 3288 καὶτὰ
1050 3235 1192 3304 ἑξῆς.
1225 3235 1515 3304 Ἀρχοντας
1535 3232 1590 3284 δὲ
1623 3231 1772 3284 Σοδό-

232 3333 338 3383 μων
367 3327 459 3377 καὶ
484 3326 608 3378 λαὸν
630 3326 928 3395 Γομόρρων
956 3325 1021 3376 δι’
1047 3325 1112 3394 ἣν
1137 3324 1310 3376 αἰτίαν
1349 3324 1537 3386 αὑτοὺς
1564 3321 1770 3390 ὠνόμα-

229 3421 333 3473 πν,
373 3413 526 3476 αὐτὸς
553 3415 874 3484 παρέστησε
920 3413 1254 3482 παραχρῆμα
1284 3411 1449 3464 εἰπών
1469 3427 1483 3442 ο
1518 3430 1536 3461 ι
1568 3412 1631 3462 Αἰ
1663 3410 1768 3480 γὰρ

220 3501 395 3570 χεῖρες
424 3503 570 3571 ὑμῶν
603 3503 835 3573 πλήρεις
851 3502 1096 3568 αἵματος.
1123 3520 1141 3552 ι
1176 3501 1284 3552 Καὶ
1313 3497 1464 3562 αὖθις
1494 3500 1548 3552 δὲ
1567 3499 1768 3560 ὑποϐὰς

215 3581 361 3656 λέγει
379 3607 396 3623 ο
423 3610 440 3642 ι
470 3592 574 3662 Τὴν
597 3593 834 3662 ἀνομίαν
863 3590 1035 3642 αὐτῶν
1059 3591 1131 3652 ὡς
1155 3590 1394 3660 Σοδόμων
1423 3587 1760 3658 ἀνήγγειλαν,

211 3676 312 3725 καὶ
333 3677 662 3744 ἐνεφάνισαν,
689 3677 828 3730 Οὐαὶ
859 3681 924 3746 τῇ
953 3677 1092 3746 ψυχῇ
1127 3677 1302 3730 αὑτῶν
1323 3693 1336 3706 ο
1367 3676 1494 3728 διότι
1526 3675 1764 3727 ἐϐουλεύ-

209 3773 378 3817 anno
424 3768 606 3838 βουλὴν
651 3767 900 3838 πονηρὰν
947 3768 1064 3820 καθ’
1104 3767 1328 3829 ἑαυτῶν,
1378 3766 1634 3829 εἰπόντες,
1683 3767 1762 3818 ὅτι

207 3850 450 3924 Δήσομεν
487 3861 576 3910 τὸν
603 3859 841 3920 δίκαιον,
888 3857 968 3908 ὅτι
999 3856 1324 3928 δύσχρηστος
1365 3858 1492 3925 ἡμῖν
1526 3857 1667 3908 ἐστιν
1689 3893 1706 3919 ,
1739 3876 1757 3906 ι

206 3950 512 4016 σειγέστατα
553 3951 790 4020 αἵματός
819 3965 962 4010 τινος
1001 3949 1090 4000 καὶ
1123 3949 1238 4012 ἐνὸς
1260 3947 1460 4000 δικαίου
1495 3947 1768 4017 μεμνημέ-

202 4042 304 4094 νας
342 4037 640 4108 ἐπιϐουλῆς.
698 4038 859 4098 Τίνος
891 4035 946 4087 δὲ
1003 4035 1108 4106 ἄρα
1145 4037 1177 4104 ἦ
1215 4035 1306 4088 τοῦ
1353 4035 1594 4105 Σωτῆρος
1617 4033 1768 4104 ἡμῶν

212 4115 395 4191 Ἰησοῦ
441 4127 705 4197 Χριστοῦ;
739 4127 808 4179 δι’
835 4127 903 4195 ἣν
929 4126 1020 4178 καὶ
1047 4125 1160 4195 μεθ’
1191 4128 1254 4195 ἣν
1276 4126 1482 4177 ἅπαντα
1512 4125 1767 4195 μετῆλθον

193 4208 391 4276 αὺτοῖς
417 4217 479 4269 τὰ
505 4217 984 4288 προηγορευμένα.

1873 1979 1999 2034 Jesu
2023 1981 2242 2044 Christi,
2274 1987 2435 2038 verba
2462 2001 2580 2046 qua
2607 1994 2902 2055 sequuntur
2958 1994 3079 2056 post
3135 1987 3266 2041 illud
3313 1988 3396 2043 di-

1878 2075 2043 2134 ctum,
2107 2089 2126 2121 ι
2160 2070 2272 2126 Nisi
2307 2073 2559 2128 Dominus
2611 2073 2843 2130 Sabaoth
2905 2077 3208 2146 reliquisset
3239 2077 3396 2132 nobis

1876 2175 2076 2225 semen,
2100 2163 2251 2228 quasi
2297 2160 2526 2216 Sodoma
2557 2163 2681 2218 facti
2706 2179 2966 2227 essemus,
3006 2173 3059 2219 et
3111 2166 3250 2219 sicut
3287 2163 3392 2220 Go-

1873 2251 2088 2304 morrha
2133 2253 2332 2306 similes
2363 2252 2665 2315 fuissemus,
2701 2273 2718 2306 ι
2754 2255 3059 2309 universum
3111 2254 3392 2310 Judaicum

1872 2342 2144 2410 populum,
2181 2341 2510 2406 Gomorrhaa,
2555 2345 2806 2413 populum
2839 2346 3179 2414 appellantia,
3203 2355 3254 2400 et
3296 2362 3390 2400 eo-

1873 2447 1989 2486 rum
2020 2433 2206 2496 duces,
2244 2453 2261 2483 ι
2302 2436 2567 2504 principes
2630 2435 3002 2497 Sodomorum,
3031 2456 3048 2488 ι
3095 2437 3392 2507 adjungunt

1873 2522 2211 2588 rejectionem
2241 2523 2454 2576 Mosaici
2485 2525 2641 2584 ritus.
2677 2532 2728 2578 et
2757 2523 2874 2591 ejus
2905 2523 3227 2580 Testamenti
3275 2541 3392 2582 mo-

1870 2613 2014 2676 dum,
2043 2613 2181 2682 quod
2207 2628 2298 2681 per
2325 2611 2647 2666 Salvatorem
2682 2605 2923 2668 nostrum
2948 2616 3197 2670 omnibus
3228 2616 3394 2670 homi-

1871 2699 2029 2752 nibus
2051 2699 2414 2754 denuntiatum
2437 2710 2518 2754 est
2543 2698 2684 2770 (cum
2717 2699 3042 2755 Testamenti
3081 2701 3223 2766 dico,
3271 2702 3392 2771 ejus

1869 2788 2304 2858 regenerationis,
2335 2805 2452 2858 qua:
2483 2789 2538 2842 fit
2569 2805 2662 2859 per
2691 2791 2958 2844 lavacrum
2981 2791 3236 2860 intelligo)
3265 2807 3388 2846 ver-

1869 2877 2098 2947 bumque
2125 2879 2280 2946 plane
2308 2894 2500 2934 novum
2528 2894 2588 2932 ac
2614 2881 2778 2948 legem
2804 2880 3169 2945 introducunt,
3209 2881 3300 2934 ubi
3323 2881 3388 2936 de

1873 2965 2066 3020 talibus
2131 2965 2441 3032 praedicunt.
2498 2965 2585 3019 Sic
2635 2967 2795 3036 igitur
2839 2968 3078 3022 habent:
3124 2985 3142 3019 ι
3199 2969 3391 3022 Audite

1869 3053 2086 3107 verbum
2132 3053 2361 3120 Domini,
2385 3054 2650 3123 principes
2709 3055 3084 3122 Sodomorum,
3132 3057 3390 3112 attendite

1870 3140 2036 3210 legem
2061 3140 2288 3208 Domini,
2319 3145 2546 3213 p0pulus
2573 3143 2898 3199 Gomorrhaz.
2931 3145 3068 3211 Quid
3096 3147 3224 3200 mihi
3255 3147 3386 3200 mul-

1873 3229 2044 3284 titudo
2067 3231 2398 3286 victimarum
2427 3242 2722 3286 vestrarum
2753 3236 2796 3266 ’³
2823 3235 2847 3288 ?
2873 3254 2892 3286 ι
2924 3244 2976 3290 et
3007 3244 3192 3290 caetera
3224 3251 3237 3286 :
3270 3251 3390 3304 qua

1872 3323 1929 3368 ut
1957 3318 2169 3386 propria
2201 3319 2370 3388 legum
2399 3335 2428 3373 a
2457 3320 2634 3391 Moyse
2659 3323 2950 3390 positarum
2975 3322 3221 3378 auferens
3252 3362 3266 3385 ,
3296 3338 3389 3376 eo-

1869 3423 1984 3460 rum
2019 3409 2134 3462 loco
2157 3409 2317 3462 alium
2347 3411 2642 3464 remittendi
2670 3420 2882 3480 peccata
2905 3413 3118 3465 modum
3142 3413 3388 3466 introdu-

1867 3499 1963 3560 cit,
1991 3512 2110 3552 eum
2133 3497 2377 3551 videlicet
2400 3499 2488 3566 qui
2519 3513 2610 3567 per
2643 3499 2910 3551 lavacrum
2962 3500 3151 3554 salutis
3199 3509 3251 3553 et
3295 3517 3388 3570 per

1865 3602 1981 3640 eam
2027 3602 2143 3654 qua:
2162 3600 2282 3639 cum
2316 3586 2416 3639 hoc
2439 3586 2756 3656 prmdicatur
2785 3587 2946 3640 vitam
2985 3587 3284 3641 celebratur
3308 3590 3386 3644 sic

1865 3676 2077 3732 dicens:
2107 3694 2125 3725 ι
2149 3675 2440 3737 Lavamini,
2461 3678 2639 3730 mundi
2666 3685 2855 3740 estote,
2877 3677 3078 3731 auferte
3095 3678 3384 3746 pravitates

1867 3769 1934 3822 ab
1962 3768 2154 3822 animis
2184 3768 2372 3822 vestris
2401 3767 2466 3830 “,
2497 3785 2521 3823 ι
2541 3776 2592 3820 et
2614 3782 2730 3836 qua:
2745 3767 3179 3836 sequuntur.Cur
3208 3778 3389 3822 autem.

1867 3856 2134 3925 principes
2167 3855 2514 3910 Sodomorum
2543 3863 2594 3908 et
2638 3855 2889 3923 populum
2932 3855 3241 3910 Gomorrhte
3289 3871 3384 3912 eos

1867 3945 2236 4006 nominaverit,
2267 3946 2404 3998 idem
2438 3945 2579 3998 illico
2595 3943 2948 4012 exposuit.sie
2975 3947 3153 4000 dicens
3183 3965 3194 4000 :
3219 3965 3238 3997 ι
3267 3945 3382 4001 Ma-

1867 4051 1969 4090 nus
1993 4035 2132 4090 enim
2156 4041 2344 4088 vestrae
2371 4034 2537 4102 plenae
2563 4035 2818 4102 sanguine
2845 4036 2911 4088 ".
2945 4053 2964 4086 ι
2989 4034 3054 4088 Et
3079 4052 3265 4092 rursus
3293 4038 3383 4094 ubi

1867 4126 2077 4195 paulum
2109 4139 2420 4194 progressus
2461 4131 2566 4185 est,
2595 4125 2669 4176 ait
2703 4142 2717 4177 :
2764 4142 2781 4173 ι
2824 4123 3154 4194 lniquitatem
3205 4143 3380 4192 suam,

1869 4223 1924 4267 ut
1951 4213 2300 4267 Sodomorum
2340 4213 2713 4266 nuntiaverunt
2769 4222 2928 4282 atque
2992 4215 3377 4272 indicaverunt.

195 4292 308 4356 Va
368 4309 553 4362 anima:
605 4310 828 4363 illorum
871 4309 1164 4376 :quoniam
1217 4309 1580 4376 cogitaverunt
1634 4309 1914 4362 canslliuui
1986 4322 2200 4376 pravum
2243 4315 2427 4360 contra
2491 4309 2695 4374 seipsos
2747 4307 3033 4362 dicentes:
3071 4308 3380 4378 Ligabimus

179 4383 434 4462 iustum,
463 4402 717 4469 quoniam
749 4400 965 4454 inutilis
1011 4400 1166 4453 nobis
1189 4411 1271 4454 est
1293 4401 1338 4432 “
1367 4419 1380 4454 ε
1422 4419 1440 4450 ι
1479 4402 1566 4455 ubi
1607 4416 1727 4454 cum
1783 4401 1848 4454 de
1879 4400 2105 4469 quodam
2153 4399 2407 4467 sanguine
2433 4405 2484 4452 et
2521 4398 2587 4452 de
2616 4398 2842 4453 insidiis
2885 4401 3140 4455 adversus
3172 4401 3376 4470 justum

181 4489 491 4545 quemdam
521 4493 860 4546 mentionem
908 4491 1110 4554 fecerit,
1159 4507 1314 4560 quem
1357 4493 1497 4546 hunc
1543 4494 1753 4548 tandem
1787 4493 2008 4562 intelligi
2037 4493 2167 4552 vult,
2221 4493 2322 4545 nisi
2358 4491 2684 4544 Salvatorcm
2722 4501 2964 4546 nostrqu
3001 4491 3180 4548 Iesum
3223 4495 3378 4550 Chri-

183 4578 631 4654 sl—nm‘Ipropter
662 4600 830 4654 quem
861 4593 916 4636 et
967 4591 1089 4652 post
1149 4599 1306 4652 quem
1355 4587 1532 4638 omnia
1567 4586 1618 4639 in
1640 4587 1760 4641 illos
1791 4600 2118 4656 quaecunque
2145 4585 2286 4638 dicta
2310 4591 2454 4648 sunt,
2483 4584 2866 4640 redundarunt.

177 4689 332 4751 ΑΠ’.
369 4700 469 4768 Τοῦ
493 4701 675 4754 αὐτοῦ
711 4700 978 4768 Ἡσαΐου.
1010 4727 1078 4739 -—
1107 4699 1230 4768 Ὅτι
1261 4697 1355 4751 διὰ
1389 4699 1493 4752 τὸν
1527 4699 1764 4768 Σωτῆρα

1873 4692 2113 4752 XXXVII.
2139 4698 2216 4750 Ab
2245 4699 2419 4768 eodem
2449 4699 2702 4768 Ιεαὶαι-
2733 4698 2882 4763 Quod
2924 4709 3127 4768 propter
3181 4701 3378 4754 Salva-

285 4767 442 4833 ἠμῶν
481 4769 715 4829 Ἰησοῦν
745 4767 1124 4836 Χριστὸννκαὶ
1143 4768 1290 4836 μετὰ
1303 4769 1414 4834 τὴν
1427 4767 1606 4821 αὐτοῦ
1626 4782 1763 4835 παρ-

285 4839 488 4888 ουσίαν
514 4838 751 4891 ἅπαντα
792 4835 870 4890 τὰ
912 4835 1032 4889 ὑπὸ
1089 4835 1194 4904 τοῦ
1237 4837 1534 4904 προφήτου
1582 4853 1758 4904 προη-

293 4906 593 4974 πυρευμένιι
619 4905 928 4976 μετῆλθον
964 4903 1185 4968 αὐτοῖς.

297 5032 313 5062 ι
349 5015 420 5084 Τῇ
442 5017 494 5068 δὲ
516 5017 698 5087 ἡμέρᾳ
731 5015 921 5085 ἐκείνῃ
973 5011 1263 5080 ὲπιλάμψει
1297 5015 1325 5065 ό
1357 5013 1482 5076 Θεὸς
1509 5016 1565 5066 ὲν
1598 5014 1755 5086 βουλῇ

1931 4777 2091 4820 torem
2129 4779 2356 4820 nostrum
2386 4767 2563 4822 Jesum
2598 4767 2877 4830 Christum,
2907 4779 2953 4820 et
2999 4778 3110 4835 post
3150 4767 3375 4835 ejusdem

1929 4836 2220 4954 advelmum,
2249 4838 2421 4890 omnia
2440 4853 2550 4907 quae
2585 4837 2726 4890 dicta
2761 4847 2878 4890 sunt
2907 4853 2938 4888 a
2964 4835 3235 4904 Propheta,
3269 4837 3374 4890 illis

1927 4920 2034 4957 acc:
2071 4913 2222 4956 erunt.
2325 4943 2328 4946 .

1934 5033 1952 5066 ι
1992 5013 2047 5067 ln
2070 5014 2154 5068 die
2171 5013 2280 5075 illa,
2310 5013 2582 5068 illucescet
2615 5013 2754 5068 Deus
2775 5013 2828 5065 in
2859 5011 3081 5064 consilio
3113 5025 3231 5064 cum
3261 5011 3374 5082 glo.

191 5103 351 5157 μ-ετά
367 5105 509 5176 Μξης
524 5107 615 5159 ἐπὶ
633 5106 734 5174 τῆς
757 5105 882 5173 γῆς,
897 5102 994 5154 τοῦ
1017 5099 1226 5167 ὑψῶσαι
1242 5103 1332 5154 καὶ
1352 5103 1442 5154 τοῦ
1466 5104 1673 5170 δοξάσαι
1693 5106 1758 5158 τὸ

1873 5107 1936 5159 ria
1967 5106 2020 5158 in
2058 5112 2218 5169 terra,
2256 5109 2314 5156 ut
2345 5103 2565 5157 extollat
2600 5111 2653 5156 et
2694 5101 2948 5171 glorificet
2984 5100 3056 5164 id,
3085 5102 3220 5169 quod
3250 5101 3375 5154 reli-

188 5193 550 5262 κξιταλειςρθὲν
583 5194 676 5247 τοῦ
717 5191 938 5263 Ἰσραὴλ
957 5193 1018 5242 ὲν
1041 5188 1198 5251 Σιὼν,
1219 5191 1384 5242 καὶτὸ
1413 5193 1757 5262 καταλειφθὲν

1873 5210 2014 5264 ιιιιιιιι
2043 5194 2201 5247 fuerit
2234 5207 2298 5248 ex
2321 5193 2502 5256 Israel,
2533 5199 2587 5246 et
2621 5192 2722 5246 erit
2767 5189 2894 5243 illud
2927 5191 3186 5259 reliquum
3213 5205 3276 5243 ex
3299 5189 3378 5246 Is-

185 5269 287 5328 ἐκ
314 5282 674 5355 Ἰερουσαλήμ⁶
712 5285 863 5351 ἅγιοι
915 5279 1276 5350 κληθήσονται
1319 5281 1506 5344 πάντες
1551 5284 1596 5334 οἱ
1625 5300 1761 5356 γρα-

1873 5285 1964 5338 'ael
1996 5286 2048 5337 in
2083 5284 2234 5341 Sion.
2265 5291 2317 5336 et
2337 5280 2477 5350 quod
2503 5283 2742 5334 relictum
2782 5279 2939 5334 fuerit
2975 5281 3026 5333 in
3057 5279 3372 5340 Jerusalem;

205 5373 238 5420 ει
279 5369 393 5438 iure;
410 5377 484 5437 εἰς
511 5374 655 5444 ζωὴν
682 5375 762 5434 εἰς
779 5367 1162 5440 Ἰερουσαλήμ.
1189 5387 1208 5418 ι
1229 5368 1334 5419 Καὶ
1353 5369 1400 5420 τί
1418 5371 1459 5421 δ’
1481 5371 1544 5422 ἂν
1559 5373 1762 5440 γένοιτο

1873 5373 1961 5443 56
1986 5373 2157 5428 sancti
2207 5370 2556 5432 vocabuli-tur,
2591 5381 2776 5420 omnes
2813 5368 2902 5436 qui
2937 5368 3117 5436 scripti
3155 5373 3283 5420 sunt
3309 5365 3374 5418 ad

237 5448 302 5498 κδ
321 5466 636 5534 καταλειφθὲν
684 5462 786 5516 τοῦ
833 5455 1063 5528 Ἰσραὴλ
1083 5495 1098 5518 ν
1139 5455 1292 5516 αὐτὸς
1327 5457 1354 5506 ὁ
1388 5463 1654 5530 προφήτης
1687 5461 1766 5514 δι’

1873 5463 2018 5516 vitam
2069 5461 2121 5514 in
2165 5459 2455 5514 Jerusalem
2475 5459 2540 5512 ".
2579 5478 2598 5510 ι
2641 5457 2914 5523 Quodnam
2958 5473 3083 5512 vero
3123 5457 3192 5512 sit
3243 5455 3374 5509 illud

256 5542 453 5625 sum“
480 5554 676 5608 ειπών-
713 5569 734 5599 4
771 5549 995 5605 Πάντες
1013 5545 1064 5595 οἰ
1083 5544 1366 5614 γραφέντες
1401 5549 1474 5610 εἰς
1509 5548 1766 5621 Ἰερουσα-

1873 5551 2116 5620 'eliquum
2139 5563 2204 5602 ex
2244 5547 2428 5609 Israel,
2459 5547 2570 5616 ipse
2616 5545 2869 5616 propheta
2891 5543 3213 5613 explanavit,
3246 5555 3368 5592 cum

293 5653 319 5694 ιι
336 5671 481 5726 ηοω.
525 5684 604 5726 ιχ.
639 5659 850 5718 27-29.
954 5652 1208 5726 j’_Rom.
1243 5671 1316 5720 ιι,
1348 5657 1458 5712 1-5.

236 5702 307 5792 Sep.
330 5702 502 5812 χιι,
525 5702 915 5786 "vitam.
949 5702 1077 5782 ε.δέ

1554 5662 1599 5694 ⁸³
1628 5661 1730 5720 lsa.
1766 5676 1773 5714 l

1873 5662 2020 5718 0-H.
2091 5660 2136 5694 “
2163 5659 2290 5714 ibid.
2319 5657 2401 5714 ιο.
2478 5662 2521 5693 ⁸⁵
2548 5659 2680 5714 ibid.
2710 5658 2792 5713 I5.
2867 5659 2910 5691 ³⁸
2940 5655 3039 5712 Isa.
3083 5670 3162 5718 ιιι,
3195 5649 3368 5722 9,10;
