3870 6332
789 413 875 463 iE'il

1399 399 1659 455 EUSEBH
1697 395 2163 454 CJESARIENSIS
2202 397 2346 452 OPi’.
2383 395 2570 457 PARS
2598 397 2660 450 ll.
2703 425 2768 435 —
2802 395 3196 452 APOLOGETICA

781 525 954 578 dixit:
991 539 1010 572 ι
1044 527 1230 574 Omnes
1255 519 1345 588 qui
1389 517 1569 585 scripti
1605 525 1729 570 sunt
1765 515 1818 567 in
1857 511 2171 575 Jerusalem,
2207 532 2234 583 i_
2259 520 2309 566 et

2083 529 2171 575 3m,
2207 532 2234 583 i_
2259 520 2310 566 et
2338 521 2382 576 Α
2407 509 2533 582 λὴμ,
2566 514 2656 568 καὶ
2691 515 2736 567 οἱ
2765 513 3030 582 κληθέντες
3051 516 3170 582 ἅγιοι.
3197 511 3272 571 Τίς
3301 503 3378 560 οὖν
3411 502 3528 572 αὕτη
3550 501 3611 588 ἢῆ

781 613 870 681 qui
921 609 1094 662 vocati
1145 609 1338 662 sancti.
1377 626 1394 658 ι
1431 605 1560 672 Qua:
1599 614 1774 658 autem
1823 604 1893 657 sit
1940 603 2056 656 dies
2112 603 2220 664 illa,
2257 603 2310 654 in

779 715 880 768 qua
914 699 1054 752 Deus
1095 697 1509 766 gloriﬁcaturns,
1534 703 1586 749 et
1612 696 1666 747 in
1709 693 1924 746 sublimi
1957 692 2312 745 collocaturus

777 789 997 849 dicitur,
1030 808 1046 838 ι
1083 789 1135 841 iil
1180 788 1320 857 quod
1369 788 1631 854 reliquum
1679 784 1838 838 fuerit
1875 799 1939 836 ex
1989 783 2170 846 Israel,
2209 800 2228 832 |
2261 789 2312 834 et

777 891 889 937 eos,
931 879 1018 946 qui
1041 877 1263 930 vocandi
1297 885 1416 930 sunt
1442 875 1633 936 sancti,
1661 881 1713 926 et
1739 871 2006 926 scribendi
2037 872 2100 925 ad
2131 871 2309 940 vitam,

778 962 821 1014 ti
859 977 1026 1021 totam
1067 968 1227 1036 hujus
1265 965 1606 1019 sectiiincula:
1650 963 2002 1016 narrationem
2033 975 2306 1030 percurre-

782 1057 879 1119 ris,
913 1057 1070 1110 facile
1099 1057 1294 1112 disces.
1323 1053 1478 1108 initio
1512 1055 1672 1122 igitur
1704 1055 1865 1106 totius
1902 1052 2042 1115 libri,
2075 1067 2194 1104 cum
2223 1049 2314 1102 ad-

783 1163 972 1200 versus
1015 1145 1288 1204 Jiidinani,
1353 1159 1416 1196 ac
1457 1141 1749 1195 Jrrusalem
1795 1140 2050 1194 visionem
2097 1139 2316 1194 vidisset

784 1237 1060 1306 preplieta,
1095 1243 1145 1288 et
1178 1234 1418 1302 pluribus
1452 1233 1629 1284 verbis
1677 1231 1840 1284 totius
1872 1228 2107 1283 Judaica:
2144 1223 2316 1297 gentis

788 1327 947 1394 impia
990 1325 1224 1376 facinora
1267 1329 1637 1384 numerasset,
1684 1337 1911 1389 cumque
1956 1321 2315 1374 iiiiiiabunilus

787 1413 1008 1467 dixisset
1035 1414 1100 1466 de
1135 1414 1345 1464 illorum
1387 1411 1685 1472 eversione,
1733 1409 1904 1478 deque
1937 1417 2173 1462 extrema
2229 1407 2318 1462 Je-

786 1505 1016 1558 rusalem
1059 1503 1326 1562 vastitate,
1375 1509 1487 1552 tum
1523 1500 1676 1554 ﬁnem
1725 1501 1792 1565 ei,
1821 1516 1939 1569 qua:
1984 1507 2172 1552 eontra
2197 1499 2316 1552 illos

785 1592 1098 1646 versabatur
1141 1589 1572 1658 contemplationi
1634 1589 1904 1656 imponit,
1953 1587 2036 1642 his
2089 1587 2258 1641 verbis
2300 1606 2312 1639 :

792 1699 811 1732 ι
856 1679 1018 1750 Erunt
1050 1673 1188 1733 enim
1222 1688 1278 1730 nt
1308 1680 1657 1738 terebinthus,
1689 1678 1909 1746 ahjectis
1936 1677 2092 1738 foliis,
2123 1685 2175 1730 et
2195 1683 2316 1728 tan-

755 1752 946 1839 'quam
1001 1769 1186 1822 hortus
1235 1782 1425 1836 aquam
1471 1783 1576 1820 non
1625 1767 1846 1830 habens,
1893 1776 1946 1820 et
1991 1775 2147 1819 erunt
2179 1766 2317 1820 vires

2415 605 2472 654 ἐν
2501 596 2533 674 ᾗ
2575 601 2808 664 δοξάσειν
2839 603 2865 652 ὁ
2905 601 3043 664 Θεὸς,
3075 604 3144 654 καὶ
3171 597 3353 666 ὑψώσειν
3393 591 3444 644 τὸ
3481 586 3612 642 καταλ

2415 689 2505 742 τοῦ
2559 689 2789 760 Ἰσραὴλ,
2843 693 2934 742 καὶ
2979 691 3079 752 τοὺς
3116 684 3468 756 κληθησομένους
3505 677 3610 744 ait“

2417 779 2851 850 γραφησομένους
2883 781 2956 840 είς
2994 779 3124 848 ζωὴν,
3145 777 3328 842 λέγεται,
3365 766 3607 838 ἁναδραμό

2416 867 2510 937 τὴν
2549 867 2671 936 ὃλην
2715 867 2811 936 τῆς
2844 867 3108 936 περικοπῆς
3141 866 3332 933 διήγησιν
3371 857 3506 927 δῆλον
3547 853 3608 906 ἱσ-

2417 958 2552 1026 ἀρχῇ
2577 955 2856 1026 τοιγαροῦν
2898 957 2994 1024 τῆς
3018 955 3116 1022 ὅλης
3141 951 3279 1020 βίίλου
3311 949 3399 1016 τὴν
3429 942 3553 998 κατὰ
3593 957 3612 992 σι

2417 1047 2567 1108 δαίας
2589 1047 2679 1098 καὶ
2706 1047 2845 1099 κατὰ
2881 1045 3179 1116 Ἰερουσαλὴμ
3201 1043 3298 1094 ἰδὼν
3313 1043 3480 1109 ὅρασιν
3508 1039 3532 1088 ὁ
3559 1052 3612 1105 πε

2418 1136 2509 1186 καὶ
2536 1135 2619 1187 διὰ
2661 1134 2919 1186 πλείστων
2965 1131 3397 1203 ἀπαριθμησάμενος
3427 1127 3491 1181 τὰ
3527 1127 3611 1179 τοῦ

2432 1223 2686 1276 Ἰουδαίων
2713 1223 2889 1285 ἔθνους
2913 1223 3204 1292 ἀσεϐήματα,
3225 1221 3488 1290 ἀπειλήσας
3515 1235 3570 1269 τε
3589 1235 3608 1266 ο

2417 1314 2482 1366 τὰ
2529 1315 2650 1383 περὶ
2691 1315 2785 1382 τῆς
2805 1314 3150 1382 καταστροφῆς
3169 1311 3334 1375 αὐτῶν,
3362 1313 3452 1364 καί
3482 1311 3572 1378 τῆς
3592 1326 3612 1360 ’τ

2419 1403 2643 1473 ἐρημίας
2677 1401 3032 1472 Ἰερουσαλὴμ,
3061 1403 3180 1464 τέλος
3205 1403 3288 1470 τῆς
3317 1401 3428 1451 κατ’
3453 1398 3608 1451 αὐτᾶν.

2418 1495 2630 1560 ἐπάγει,
2681 1493 2868 1560 λέγων⁸
2901 1512 2920 1542 ι
2957 1494 3168 1544 Ἔσονται
3198 1492 3288 1562 γὰρ
3330 1491 3402 1552 ὡς
3435 1489 3608 1557 τερέϐι

2422 1583 2706 1652 ὅεϐληκυῖα
2751 1583 2817 1636 τὰ
2855 1582 3037 1650 φύλλα,
3079 1583 3156 1634 καὶ
3189 1582 3252 1644 ὡς
3295 1580 3609 1651 παράδεισος

2419 1672 2587 1742 ἔχων⁸
2638 1675 2730 1726 καὶ
2771 1673 2981 1742 ἐσταιή
3025 1675 3149 1742 ἰσχὺς
3189 1671 3346 1724 αὐτῶν
3402 1671 3476 1733 ὼς
3499 1670 3612 1722 καλ(

2422 1765 2562 1827 πίου,
2581 1764 2670 1814 καὶ
2702 1767 2756 1816 αἱ
2779 1762 3014 1833 ἐργασίαι
3042 1761 3267 1824 αὑτῶνὼς
3288 1760 3610 1830 σπινθῆρεςτ

787 1875 970 1914 eorum
1025 1867 1274 1926 tanquam
1327 1858 1576 1910 surculus
1611 1868 1832 1924 stuppie,
1867 1863 1918 1909 et
1953 1862 2187 1924 quaastus
2228 1870 2315 1908 eo-

2082 1862 2187 1908 stus
2228 1870 2320 1908 eo-
2352 1861 2389 1913 Β
2419 1853 2910 1922 κατακαυθήσονται
2936 1855 2983 1906 οἱ
3016 1853 3193 1922 ἄνομοι,
3231 1855 3314 1905 καὶ
3357 1855 3410 1905 οἱ
3453 1855 3607 1922 ἁμαρ

773 1941 928 2010 ἰ-υιη,
963 1957 1018 2002 ut
1060 1949 1302 2004 scintilla:
1331 1949 1472 2026 ignis
1505 1965 1516 1999 :
1551 1957 1604 2002 et
1645 1951 2027 2002 comburemur
2064 1947 2232 2016 iniqui
2265 1955 2318 2000 et

787 2049 1096 2108 peccatores
1119 2039 1298 2100 simul,
1329 2045 1380 2090 et
1403 2054 1505 2091 non
1535 2040 1635 2091 erit
1659 2039 1748 2106 qui
1775 2039 2078 2106 exstinguat
2097 2037 2194 2090 ".3
2213 2035 2322 2090 τι]ὺὶ

789 2142 909 2198 cuin
959 2127 1215 2180 adversus
1271 2127 1389 2180 illos
1439 2111 2318 2195 vaticinium.circumscripserit,

788 2225 903 2270 tum
945 2217 1188 2290 reprimit
1217 2235 1292 2278 se,
1335 2229 1384 2271 et
1412 2232 1548 2271 novo
1579 2218 1731 2270 initio
1761 2217 1918 2281 facto,
1949 2218 2172 2270 alteram
2214 2231 2324 2268 nia-

789 2309 975 2362 teriam
1009 2296 1336 2376 aggreditur,
1383 2307 1708 2375 exordioque
1751 2309 1910 2360 etiam
1951 2306 2030 2375 (ut
2060 2305 2321 2374 dicebam)

789 2399 880 2452 tali
928 2397 1132 2450 utitur:
1167 2395 1402 2450 Verbum
1447 2396 1590 2464 quod
1637 2398 1832 2448 factum
1891 2403 1974 2448 est
2018 2393 2085 2447 ad
2131 2392 2320 2448 Isaiam

789 2488 954 2540 ﬁlium
994 2486 1156 2538 Amos
1188 2489 1535 2554 prophetam,
1577 2484 1642 2536 de
1677 2482 1856 2536 Iuda-3a
1897 2492 1950 2535 et
1995 2483 2060 2536 de
2103 2481 2320 2537 Jerusa-

789 2576 892 2628 lem
912 2577 976 2632 ¹⁹,
1013 2595 1030 2625 ι
1067 2557 1164 2635 vel,
1195 2557 1247 2626 ut
1275 2575 1624 2644 Symmachus
1656 2573 2034 2640 interpretatus
2054 2579 2154 2631 est,
2190 2570 2322 2623 i'su-

791 2681 886 2733 per
921 2663 1103 2716 Indica
1147 2673 1198 2716 et
1247 2680 1408 2736 super
1461 2661 1776 2716 Jerusalem.
1811 2678 1830 2710 ι
1887 2660 1962 2712 Ex
2005 2674 2110 2727 quo
2141 2659 2320 2712 forsan

792 2751 938 2802 illiiin
969 2753 1270 2820 suspicetur
1303 2751 1514 2817 aliquis,
1549 2753 1612 2802 de
1641 2749 1836 2817 quibus
1869 2749 2038 2801 tristia
2067 2748 2214 2816 prius
2253 2748 2322 2800 sit

791 2840 1144 2900 vaticinatus,
1181 2839 1246 2892 de
1293 2839 1478 2890 iisdem
1531 2852 1672 2890 nunc
1726 2845 2048 2888 commutata
2094 2835 2318 2899 ratione,

792 2927 1011 2982 nielima
1043 2928 1282 2996 quaedam
1310 2929 1606 2996 praedicere.
1635 2927 1702 2978 At
1724 2941 1848 2980 vero
1875 2939 2077 2985 eorum,
2101 2939 2217 2992 qua:
2245 2939 2322 2978 se-

793 3026 1033 3087 quuntur
1083 3027 1386 3076 contextus,
1427 3031 1762 3085 nequaquam
1811 3015 1948 3068 istnc
1992 3015 2095 3067 dici
2128 3015 2320 3082 perini-

795 3097 926 3162 serit
953 3125 966 3160 :
999 3107 1193 3175 quippe
1225 3107 1315 3177 qui
1343 3121 1504 3174 super
1528 3103 1749 3158 Judaica
1777 3089 1950 3178 gente,
1988 3111 2040 3154 et
2071 3117 2230 3169 super
2258 3117 2320 3154 eo

2418 1945 2506 1996 καὶ
2537 1945 2632 1996 οὐκ
2675 1944 2824 1997 ἔσται
2871 1946 2899 1996 ὁ
2934 1944 3136 1999 σϐἐσων.
3165 1963 3180 1994 i
3211 1945 3562 2016 Περιγρὰιξκας
3605 1947 3610 1982 ἑ

2415 2033 2510 2102 τὴν
2557 2033 2673 2085 κατ’
2723 2033 2897 2086 αὐτῶν
2945 2034 3229 2104 πρόρρησιν,
3279 2023 3559 2102 ὑποστολῇ

2418 2125 2602 2194 ἑτέρας
2637 2124 2692 2175 δὲ
2723 2125 2912 2194 ἀρχῆς,
2947 2123 3176 2194 δευτέρας
3212 2124 3531 2186 ὑποθέσεως
3583 2125 3610 2178 ὃ

2419 2216 2678 2286 προοιμίῳ
2695 2231 2756 2282 γε
2783 2213 2857 2284 τῷ
2885 2213 3156 2283 λεγομένῳ,
3177 2214 3348 2283 τοιῷδε
3376 2215 3596 2285 χρῆται

2418 2306 2446 2356 ὁ
2477 2305 2757 2374 γενόμενος
2805 2305 2940 2374 πρὸς
2978 2303 3176 2355 Ἡσαΐαν
3211 2305 3317 2357 υἱὸν
3363 2305 3590 2374 Ἀμὼς,

2417 2411 2536 2460 την,
2561 2395 2794 2464 περὶτῆς
2820 2393 3066 2455 Ἰουδαίας
3085 2394 3168 2445 κο.)⁸
3191 2394 3310 2464 περὶ
3336 2395 3413 2446 Ἱε
3425 2412 3608 2464 ρουσα

2417 2481 2748 2550 ὁΣύμμαχος
2799 2483 3158 2552 ἡρμήνευσεν,
3199 2501 3216 2532 ‹
3254 2483 3400 2553 ὑπὲρ
3436 2485 3548 2554 τῆς
3599 2487 3610 2506 ³

2420 2573 2554 2640 ὑπὲρ
2586 2573 2949 2642 Ἰερουσαλήμ.
2998 2593 3016 2622 ι
3053 2575 3197 2635 Ἴσως
3231 2590 3313 2635 τις
3345 2575 3606 2645 omnes

2419 2659 2484 2712 τὰ
2505 2659 2796 2730 σκυθρωπὰ
2823 2661 3096 2731 προλαϐὼν
3117 2662 3390 2726 ἐθέσπισε,
3423 2665 3608 2718 τοῦτο

2417 2747 2484 2798 τὰ
2528 2747 2854 2818 χρηστότερα
2910 2751 3263 2820 μεταϐαλόντα
3311 2751 3550 2820 λέγειν.
3601 2759 3606 2767 ’

2419 2835 2586 2889 ταῦτα
2633 2838 2934 2908 ἐπιτρέψειε
2964 2841 3118 2907 φάναι
3161 2843 3191 2910 ἡ
3228 2841 3338 2894 τῶν
3392 2845 3608 2913 Ean-ignei

2419 2923 2616 2992 λουθία,
2649 2927 2786 2996 ὑπὲρ
2831 2929 2928 2997 μὲν
2972 2929 3062 2982 τοῦ
3103 2929 3369 2984 Ἰουδαίων
3416 2934 3608 2989 ἒθνου

2421 3015 2740 3084 καλουμένου
2785 3019 3014 3088 Ἰσραὴλ,
3046 3020 3190 3072 οὐδὲν
3219 3023 3342 3074 οῦδὲ
3379 3025 3555 3089 ὅλως
3597 3047 3610 3096 ς

2423 3123 2606 3174 χουσα,
2641 3107 2758 3158 οὐδὲ
2787 3125 2848 3174 γε
2878 3109 3014 3180 ὑπὲρ
3035 3111 3132 3179 τῆς
3172 3113 3494 3180 Ἰουδαίας,
3523 3121 3607 3170 οὖν

794 3196 886 3264 qui
925 3204 1148 3247 vocatur
1189 3193 1374 3259 Israel,
1417 3195 1548 3246 nihil
1589 3193 1806 3245 omnino
1847 3175 1971 3243 beiii
2023 3191 2320 3249 contineat,

2080 3191 2289 3243 intineat
2307 3228 2320 3249 ,
2351 3174 2390 3228 C
2425 3195 2932 3264 σαλὴμ,τούναντίον
2948 3199 3002 3250 δὲ
3021 3201 3216 3268 μυρίας
3232 3204 3385 3255 κατὰ
3404 3207 3534 3260 τοῦ
3579 3209 3608 3229 “

793 3302 968 3355 neque
999 3286 1122 3339 item
1153 3301 1312 3354 super
1332 3283 1534 3344 Judaea,
1581 3298 1755 3351 neque
1795 3296 1954 3350 super
1983 3278 2274 3333 Jerusalem
2306 3297 2319 3330 :

794 3386 983 3430 contra
1017 3387 1191 3429 autem
1242 3375 1660 3429 innumerabiles
1709 3374 1964 3427 adversus
1999 3370 2159 3426 Israel
2195 3384 2321 3438 que-

794 3467 956 3528 relas,
997 3475 1157 3536 atque
1202 3467 1588 3529 accusationes,
1621 3463 1899 3532 minasque
1943 3462 2200 3515 adversus
2239 3458 2327 3512 Je—

793 3555 1025 3611 rusalem
1059 3557 1240 3609 tristes
1281 3563 1558 3608 recenseat
1583 3569 1594 3606 :
1624 3553 1876 3623 quodque
1905 3551 2170 3606 universis
2201 3566 2324 3620 gen-
2354 3536 2358 3548 ’

795 3647 939 3700 tibus
969 3647 1203 3700 salutare
1242 3643 1484 3712 contigit,
1521 3643 1878 3705 vocationem,
1913 3651 2072 3712 atque
2109 3640 2330 3713 agnitio-

795 3749 918 3787 nem
957 3733 1150 3788 suniini
1193 3731 1286 3785 Dei
1323 3733 1552 3784 futuram
1600 3731 1836 3786 divinet:
1868 3741 1920 3786 et
1945 3731 2008 3783 ad
2049 3732 2181 3792 haec,
2207 3729 2330 3781 novi

795 3823 1074 3891 cujusdam
1102 3824 1300 3876 montis
1329 3823 1682 3892 proditionem
1709 3824 1762 3876 in
1804 3823 1996 3886 lucem,
2026 3829 2079 3875 et
2107 3823 2328 3876 alterius
2367 3868 2372 3876 .

796 3913 988 3967 domus
1003 3909 1116 3972 Dei,
1133 3919 1325 3978 praeter
1352 3927 1488 3972 eam,
1510 3926 1628 3980 qua:
1649 3917 1732 3964 est
1761 3910 1814 3962 in
1858 3909 2176 3970 Jerusalem,
2208 3923 2331 3962 con-

799 3999 1150 4056 structionem
1191 3998 1528 4070 manifestam
1572 4004 1866 4068 proponat,
1911 3997 2090 4064 itaque
2128 3997 2215 4048 ubi
2265 3994 2330 4048 de

799 4083 980 4142 liidaia
1011 4095 1063 4141 et
1112 4087 1176 4140 de
1219 4085 1512 4141 Jerusalem
1545 4088 1755 4140 locutus
1779 4093 1882 4147 est,
1911 4094 2036 4138 tunc
2065 4085 2139 4138 sic
2162 4084 2288 4137 dicit
2313 4101 2326 4136 :

805 4165 825 4227 ά
862 4175 1004 4246 quod
1037 4175 1139 4228 erit
1179 4176 1232 4228 in
1257 4175 1568 4230 novissimis
1605 4175 1794 4228 diebus
1833 4173 2152 4226 manifestus
2179 4187 2330 4226 mons

801 4263 1052 4325 Domini,
1091 4269 1145 4316 et
1195 4263 1386 4316 donius
1431 4262 1522 4316 Dei
1570 4265 1622 4316 in
1683 4263 1972 4316 verticibus
2028 4263 2328 4323 montium,

798 4349 904 4420 67
931 4355 983 4402 et
1015 4349 1298 4402 extolletur
1335 4366 1494 4418 super
1539 4350 1704 4403 colles
1729 4389 1742 4412 ,
1779 4362 1827 4403 et
1865 4352 2077 4404 venient
2110 4349 2174 4403 ad
2210 4366 2330 4404 eum

800 4453 987 4493 omnes
1006 4448 1209 4507 gentes,
1229 4448 1281 4491 et
1311 4440 1462 4490 ibunt
1485 4447 1668 4507 gentes
1692 4440 1866 4492 multa:
1894 4448 1945 4494 et
1974 4439 2152 4492 dicent
2185 4457 2197 4492 :
2229 4438 2330 4494 Ve-

799 4525 932 4589 nite,
963 4525 1314 4580 ascendainus
1349 4527 1401 4578 in
1439 4538 1669 4580 montem
1706 4526 1931 4590 Domini,
1967 4529 2090 4581 etin
2114 4529 2328 4581 domum

799 4617 893 4672 Dei
913 4616 1076 4672 Jacob
1101 4617 1144 4647 ³⁸
1172 4635 1186 4670 :
1219 4635 1237 4666 ι
1274 4632 1336 4670 ac
1363 4617 1428 4670 de
1459 4619 1704 4686 gentibus
1729 4619 1940 4686 quidem
1966 4622 2176 4674 cunctis
2205 4623 2330 4674 talia

798 4708 1004 4764 divinat
1038 4725 1052 4760 :
1094 4705 1162 4759 de
1189 4705 1386 4760 Judaeis
1427 4723 1553 4760 vero
1591 4708 1840 4776 deinceps
1885 4709 2183 4778 cuiusmodi
2223 4712 2330 4764 sint

799 4811 863 4852 ea
887 4838 903 4860 ,
932 4813 1049 4868 qua:
1081 4798 1322 4866 adjungit
1346 4837 1360 4860 ,
1393 4813 1535 4850 nunc
1561 4798 1683 4851 audi
1717 4817 1730 4852 :
1768 4819 1785 4848 ι
1828 4800 2030 4854 dimisit
2066 4801 2207 4854 enim
2235 4816 2330 4870 po-

803 4890 986 4957 pulum
1007 4904 1161 4944 suuin
1186 4927 1201 4950 ,
1230 4888 1444 4942 domum
1469 4885 1634 4941 Jacob
1660 4907 1672 4941 :
1699 4890 1950 4956 quoniam
1979 4891 2180 4960 repleta
2208 4897 2290 4944 est
2313 4929 2328 4952 ,

804 4985 863 5029 ut
889 4981 956 5031 ab
983 4980 1134 5032 initio
1163 5017 1179 5042 ,
1213 4978 1357 5048 regio
1397 4992 1580 5032 eorum
1621 4979 1924 5036 hominibus
1949 5019 1964 5045 ,
1999 4981 2140 5035 sicut
2187 4981 2332 5048 regio

805 5065 1218 5135 alienigenarum
1249 5087 1262 5122 :
1300 5075 1353 5122 et
1397 5069 1486 5122 lilii
1526 5069 1676 5122 multi
1713 5069 1872 5124 alieni
1911 5071 2022 5124 nati
2052 5074 2176 5124 sunt
2203 5070 2330 5124 illis.

805 5151 1021 5220 Repleta
1050 5165 1132 5210 est
1158 5159 1298 5211 enim
1327 5159 1473 5228 regio
1506 5157 1714 5212 illorum
1745 5168 1964 5230 argento
1993 5167 2047 5214 et
2071 5173 2202 5212 auro
2229 5197 2244 5221 ,
2277 5165 2330 5222 et.

806 5256 914 5296 non
951 5243 1048 5293 fuit
1084 5261 1336 5300 numerus
1377 5249 1644 5304 thesauris
1674 5265 1854 5304 eorum
1879 5253 1918 5282 "
1947 5291 1962 5315 ,
2001 5268 2018 5300 ι
2064 5258 2116 5302 et
2142 5259 2332 5302 cmtera

805 5343 926 5400 quae
956 5341 1250 5398 sequuntur
1273 5373 1286 5396 ,
1317 5351 1436 5404 quae
1463 5342 1626 5395 multo
1654 5341 1804 5410 plura
1829 5346 1984 5398 sunt;
2015 5337 2209 5408 quibus
2235 5336 2330 5410 ad-

801 5419 982 5488 jungit
1011 5435 1027 5471 :
1061 5435 1080 5468 ι
1117 5430 1168 5472 et
1197 5403 1552 5482 adoraverunt
1583 5403 1693 5494 ea;
1735 5443 1853 5500 qua:
1896 5403 2137 5482 fecerunt
2181 5403 2333 5494 digiti

807 5505 1066 5574 ipsorum.
1094 5502 1157 5557 Et
1183 5505 1462 5565 declinavit
1491 5529 1548 5569 se
1568 5515 1747 5583 homo,
1779 5527 1832 5573 et
1857 5515 2002 5573 humi
2033 5529 2092 5570 se
2114 5512 2330 5582 abiecit,

880 5681 926 5713 ³³
954 5677 1056 5736 lsa.
1087 5695 1126 5746 ι,
1146 5682 1321 5742 5οὥ1.

1399 5690 1448 5722 ²⁹
1478 5688 1580 5746 lsa.
1614 5708 1671 5758 It,
1705 5695 1756 5750 i.
1827 5693 1880 5727 "
1913 5691 2042 5750 ibid.
2066 5691 2190 5746 2-5.’

2422 3287 2512 3336 καὶ
2547 3285 2890 3356 κατηγορίας,
2931 3289 3158 3350 ἀπειλάς
3209 3307 3270 3342 τε
3315 3295 3503 3348 κατὰ.
3551 3299 3610 3352 τέ

2424 3373 2762 3444 σκυθρωπάς,
2794 3377 2885 3428 καὶ
2916 3377 3012 3446 τὴν
3042 3380 3178 3430 πᾶσι
3198 3383 3316 3443 τοῖς
3356 3383 3601 3440 ἔθνεσι

2426 3478 2526 3524 σιν,
2551 3463 2641 3514 καὶ
2668 3462 2861 3529 γνῶσιν
2879 3463 2973 3517 τοῦ
3001 3467 3096 3518 ἐπὶ
3119 3469 3352 3521 πάντων
3380 3472 3574 3528 Θεοῦ
3608 3487 3612 3502 ³

2424 3551 2500 3602 ἔτι
2534 3551 2663 3620 πρὸς
2696 3551 2918 3616 τούτοις,
2951 3553 3115 3623 ὅρους
3146 3557 3546 3626 ἐπιφάνειαν
3574 3585 3612 3618 δι

2425 3639 2558 3691 Θεοῦ
2610 3639 2788 3709 ἑτέρου
2843 3642 2990 3710 παρὰ
3037 3643 3136 3698 τὸν
3191 3648 3253 3698 ὲν
3329 3649 3612 3720 Ἱερουε

2427 3728 2744 3795 παριστᾶσα.
2809 3729 2964 3796 Λέγει
3033 3733 3078 3783 δ’
3145 3731 3274 3797 οὖν,
3332 3754 3460 3806 μετ

2425 3815 2518 3884 τῆς
2561 3816 2839 3880 Ἰουδαίας,
2889 3819 2980 3870 καὶ
3031 3821 3173 3898 περὶ
3218 3824 3612 3895 Ἰερουσαλῆ

2425 3905 2482 3954 ὲν
2505 3908 2616 3967 ταῖς
2666 3907 2914 3976 ἐσχάταις
2951 3910 3210 3982 ἡμέραις
3257 3917 3598 3988 ἐμφανὲς

2425 3993 2516 4044 καὶ
2577 3990 2719 4057 οἶκος
2769 3996 2860 4047 τοῦ
2902 3997 3039 4050 Θεοῦ
3105 4003 3208 4054 ἐπ’
3266 4005 3518 4076 ἄκρων

2427 4084 2762 4155 ὑψωθήσεται
2823 4089 3080 4158 ὑπεράνω
3122 4092 3252 4145 τῶν
3307 4095 3611 4164 βουνῶν

2427 4176 2556 4226 αὐτὸ
2609 4178 2778 4229 πάντα
2819 4178 2884 4230 τὰ
2932 4180 3092 4252 ἔθνη,
3122 4185 3238 4237 καὶ
3279 4192 3510 4256 πορεύ
3529 4212 3612 4248 ες(

2429 4267 2520 4318 καὶ
2551 4267 2796 4337 ἐροῦσινο
2843 4271 3002 4324 Δεῦτε
3045 4275 3160 4333 καὶ
3208 4277 3612 4352 ἀνοιῦὦμεχ

2433 4358 2568 4428 ρίου,
2599 4360 2690 4410 καὶ
2719 4363 2794 4422 εἰς
2818 4361 2906 4412 τὸν
2934 4359 3094 4416 οἶκον
3125 4366 3246 4418 τοῦ
3300 4369 3493 4424 Θεοῦ
3566 4379 3612 4429 ‘i

2434 4445 2530 4514 μὲν
2569 4445 2671 4496 τῶν
2711 4446 2874 4499 ἐθνῶν
2909 4450 3202 4504 ἁπάντων
3244 4457 3578 4514 τοιαῦτα.

2433 4533 2536 4584 τῶν
2562 4533 2820 4586 Ἰουδαίων
2848 4537 2972 4607 ὲξῆς
2993 4536 3100 4592 οἷα
3139 4543 3510 4612 ἐπιλέγει,
3567 4555 3610 4605 5

2432 4622 2519 4674 τὸν
2549 4623 2670 4676 λαὸν
2691 4625 2844 4676 αὐτοῦ
2865 4629 2954 4679 τὸν
2985 4627 3172 4684 οἶκον
3209 4633 3334 4686 τοῦ
3358 4635 3570 4692 Θεοῦ

2435 4713 2528 4780 σθη
2563 4713 2636 4774 ὡς
2661 4713 2719 4766 τὸ
2749 4715 2996 4787 ἀπαρχῆς
3021 4722 3064 4789 ἡ
3112 4720 3326 4793 χώρα.
3357 4726 3594 4783 αὑτῶ

2432 4801 2536 4854 τῶν
2559 4801 2879 4870 ἀλλοφύλων,
2913 4808 3005 4860 xui.
3041 4811 3274 4866 τέκνα.
3321 4816 3588 4874 πολλὰ

2435 4891 2629 4951 αὐτοῖς.
2669 4891 2992 4966 Ἐνεπλήσθη
3025 4899 3183 4970 γὰρ
3213 4905 3264 4972 ὴ
3300 4905 3536 4976 χώρα
3583 4931 3596 4962 ‹

2435 4980 2673 5049 χρυσίου,
2712 4981 2804 5033 καὶ
2831 4983 2929 5037 οὑκ
2961 4981 3034 5056 ἦν
3077 4990 3261 5060 ἀριθ
3275 4995 3420 5060 μδς
3454 5000 3585 5050 τίς)

2435 5069 2526 5120 καὶ
2556 5067 2622 5120 τὰ
2654 5069 2776 5139 ἑξῆς
2804 5074 3030 5140 τούτων,
3078 5080 3265 5134 ὄντα
3283 5084 3458 5136 ,πλε
3472 5087 3579 5141 iw

2435 5158 2832 5228 προσεκύνησαν
2867 5158 2946 5228 οἷς
2973 5169 3340 5240 ἐποίησαν
3398 5178 3474 5228 οἱ
3537 5179 3574 5232 ὅ

2433 5245 2626 5314 ἔκυψεν
2650 5248 2948 5320 ἅνθρωπος,
2973 5258 3092 5310 καὶ
3127 5261 3383 5316 ὲταπε
3395 5263 3562 5318 ινιὲῆ1

2431 5336 2642 5402 αὐτοὺς,
2677 5339 2770 5392 καὶ
2795 5341 2888 5395 νῦν
2923 5347 3278 5403 meme-ca
3343 5357 3463 5419 εἰς
3509 5378 3548 5412 ’τ

2433 5423 2627 5514 πτεσθε
2655 5428 2732 5491 εἰς
2755 5430 2851 5499 τὴν
2883 5433 2987 5504 γῆν
3011 5437 3167 5494 ἀπὸ
3202 5446 3538 5514 προσώπ

2433 5513 2524 5566 καὶ
2555 5514 2662 5568 ἀπὸ
2695 5519 2982 5590 προσώπου
3030 5529 3176 5600 τῆς
3241 5534 3482 5609 δόξης

2260 5690 2300 5722 ³¹
2327 5687 2455 5744 ibid.
2483 5687 2596 5746 6-8.
