3870 6318
1567 140 1582 175 f

780 369 874 424 135

1384 356 1641 411 EUSEBII
1677 347 2143 408 (ΣᾸΞΞΑΒΙΕΝΞῐδ
2180 345 2324 400 OPP.
2365 340 2538 395 PARS
2570 339 2632 392 Il.
2674 362 2743 378 -η
2779 333 2912 389 APOl

1679 347 2143 408 (ΣᾹΞΞᾹΒΙΕΝδῐδ
2180 345 2324 400 OPP.
2365 340 2538 395 PARS
2570 339 2632 392 Il.
2674 362 2743 378 -η
2779 329 3207 389 APOLOGETICA.

774 496 884 542 tum
913 484 995 537 his
1022 478 1267 533 omnibus
1299 514 1313 538 ,
1344 491 1406 531 ea
1436 490 1555 545 qua:
1581 480 1703 527 ante
1743 469 2089 538 exposuimus
2127 467 2287 519 verba

2081 483 2089 518 ι
2127 467 2287 519 verba
2316 477 2357 529 Α
2387 460 2501 528 Θεῷ
2523 457 2742 530 Γραφῆς
2768 452 3213 521 καταξιωθήσονται,
3239 434 3312 491 τοῦ
3329 430 3420 485 Θεοῦ
3440 446 3486 482 τε
3511 425 3580 477 καὶ
3601 423 3609 473 ξ

2836 542 2873 545 “’
3019 543 3024 545 -
3072 540 3081 545 λ
3116 541 3132 545 —
3165 535 3194 545 -ι
3237 530 3255 545 ἢ
3281 527 3297 545 I.
3330 521 3476 545 _-.'.......
3513 515 3609 545 ph},—

777 572 1012 644 adjungit
1040 608 1055 632 ,
1082 568 1338 638 docetque
1362 584 1425 623 ex
1459 563 1601 619 omni
1640 561 1861 616 Judaica
1888 565 2041 627 gente
2069 594 2083 617 ,
2113 568 2231 623 quae
2266 565 2294 603 a

774 680 901 720 vero
929 662 1020 716 Dei
1051 661 1193 713 cultu
1231 672 1422 713 casura
1451 658 1555 714 sit,
1587 650 1959 720 superfuturos
1991 645 2247 714 quosdam
2280 681 2295 705 ,

775 756 862 825 qui
895 770 999 807 non
1029 752 1210 806 eadem
1241 763 1360 803 eum
1403 745 1650 799 omnibus
1697 742 1834 794 mala
1878 739 1987 790 sint
2029 732 2296 793 subituri,

776 845 903 911 quin
946 849 1131 895 contra
1176 838 1352 905 potius
1382 874 1396 893 .
1444 843 1691 899 tanquam
1723 845 1786 881 ex
1818 825 1995 895 pravis
2024 829 2181 890 atque
2215 820 2299 871 in-

772 931 932 998 justis
975 927 1138 980 relicti
1183 922 1499 992 superstites
1527 959 1540 981 ,
1574 916 2076 984 comprobatamque
2102 923 2163 961 ac
2187 907 2299 960 sin-

778 1035 951 1074 ceram
983 1019 1227 1086 pictatem
1262 1010 1486 1079 amplexi
1516 1047 1529 1067 .
1581 1020 1640 1058 ea
1691 1004 1956 1070 scriptura
1986 1014 2103 1067 qua:
2133 1012 2164 1049 a
2196 995 2302 1049 Deo

774 1109 1014 1188 proiecta
1042 1107 1132 1163 sit,
1166 1102 1307 1170 digni
1340 1101 1444 1153 sint
1474 1093 1722 1151 habendi,
1755 1106 1815 1143 ac
1844 1089 1981 1143 servi
2013 1087 2100 1139 Dei
2134 1082 2304 1139 sancti

778 1172 1022 1251 lxocandi,
1055 1192 1247 1261 quibus
1279 1200 1406 1241 sane
1436 1183 1611 1237 verbis
1641 1181 1795 1247 plane
1825 1177 2089 1245 signiﬁcat
2120 1172 2306 1224 Salva-

779 1303 865 1344 tor
893 1294 1075 1340 noster
1103 1321 1116 1342 ,
1153 1277 1418 1346 apostolos
1446 1289 1508 1327 ac
1537 1269 1828 1338 discipulos
1851 1306 1866 1329 ,
1906 1275 2063 1333 atque
2086 1275 2307 1330 evange-

782 1380 933 1433 listas
964 1417 980 1440 ,
1011 1373 1352 1438 reliquosque
1382 1377 1563 1416 omnes
1602 1402 1615 1421 ,
1660 1359 1750 1428 qui
1795 1358 1859 1410 de
1899 1350 2308 1406 circumcisione

782 1463 1039 1533 assumpti
1071 1463 1123 1513 in
1152 1460 1324 1527 ipsum
1367 1450 1688 1507 crediderint
1714 1486 1730 1509 ,
1768 1461 1875 1515 quo
1896 1452 2133 1511 tempore
2176 1454 2306 1508 gens

782 1571 967 1612 eorum
997 1553 1244 1605 universa
1267 1547 1475 1600 cecidit.
1506 1543 1671 1595 Porro
1691 1540 1801 1591 haec
1819 1537 1904 1588 ille
1918 1546 2092 1586 sermo
2107 1530 2301 1592 innuit,

778 1648 876 1715 qui
921 1646 998 1699 sic
1028 1642 1185 1695 habet
1218 1658 1231 1692 :
1270 1656 1288 1688 ι
1326 1636 1384 1688 In
1424 1635 1509 1688 die
1538 1633 1627 1686 illa
1670 1628 1744 1699 (in
1787 1640 1889 1715 qua
1943 1621 2188 1675 videlicet
2244 1632 2307 1671 ea

786 1750 903 1812 quae
930 1733 1181 1803 praedicta
1212 1737 1338 1783 sunt
1361 1724 1537 1779 omnia
1569 1722 1633 1774 de
1662 1708 1936 1773 vocatione
1967 1712 2222 1782 gentium,
2255 1716 2306 1762 et

2397 549 2743 619 κληθήσονται
2773 542 2958 595 δοῦλοι.
3004 540 3133 609 Δηλοῖ
3163 535 3204 586 δὲ
3235 527 3301 581 διὰ
3328 521 3476 574 τούτων
3513 515 3610 619 70:2;

2396 599 2640 704 έωτῆρος
2676 631 2825 701 ἡμῶν
2856 599 3142 684 ἀποστόλους
3174 617 3245 672 καὶ
3272 606 3471 704 μαθητὰς,
3502 599 3578 704 καὶ
3604 616 3608 644 ι

2394 722 2669 793 γελιστὰς,
2705 719 2798 772 καὶ
2825 717 2946 777 τοὺς
2981 712 3158 772 λοιποὺς
3180 707 3362 760 ἅπαντας
3395 696 3494 753 τοὺς
3527 692 3576 741 ἰἰν

2395 815 2530 883 τομῇ
2561 812 2637 873 εἰς
2664 808 2820 861 αὐτὸν
2851 798 3239 857 πεπιστευκότας,
3264 787 3374 843 κατὰ
3398 785 3471 836 τὸν
3495 778 3612 849 χρόνι

2397 900 2751 959 ἁποπτὼσεως
2785 895 2873 948 τοῦ
2897 891 3080 952 παντὸς
3098 885 3228 940 αὐτῶν
3240 870 3572 938 ἕθνους.Ταῦτα
3601 867 3616 917 't

2398 995 2619 1047 νεττεται
2650 990 2864 1058 φάσκων
2890 986 2918 1036 ὁ
2943 984 3108 1049 λόγος’
3133 997 3146 1028 ι
3178 977 3243 1028 Ἐν
3282 973 3337 1039 τῇ
3359 966 3518 1058 ἡμέρα.
3534 962 3611 1058 hac:

2398 1080 2431 1156 ᾖ
2457 1050 2687 1153 δηλονότί
2727 1078 2794 1129 τὰ
2825 1066 3217 1144 προηγορευμένα
3247 1063 3391 1114 πάντα
3415 1053 3535 1156 ,περέ
3565 1050 3614 1154 pi

2401 1187 2534 1231 σεως
2562 1168 2667 1220 τῶν
2700 1163 2883 1223 ἐθνῶν,
2926 1160 3017 1211 καὶ
3061 1155 3158 1224 περὶ
3183 1152 3258 1219 τῆς
3284 1147 3374 1199 τῶν
3415 1138 3616 1194 Ἰουδαία

2400 1228 2650 1319 πτώσεως
2666 1248 2971 1323 γενήσεται)
3017 1241 3254 1313 ἐπιλάμψει
3280 1234 3434 1295 ὁΘεδς
3456 1233 3507 1282 ἒν
3528 1228 3617 1299 βου

2399 1348 2550 1417 δόξης
2575 1346 2662 1397 ἐπὶ
2690 1344 2786 1412 τῆς
2812 1341 2934 1409 γῆς,
2964 1334 3053 1390 τοῦ
3081 1332 3252 1401 ὑψῶσαι
3271 1326 3354 1379 καλ⁴
3375 1322 3570 1386 δοξάσω.
3597 1335 3618 1368 τ

2399 1410 2607 1505 λειφθὲν
2633 1434 2723 1487 τοῦ
2746 1410 2976 1501 Ἰσραὴλ,
2994 1426 3080 1479 καὶ
3099 1424 3236 1483 ἔσται,
3255 1417 3306 1470 τὸ
3329 1410 3612 1479 ὑπολειφθὲν

2401 1498 2504 1579 καὶ,
2515 1526 2571 1578 τὸ
2589 1498 2934 1588 καταλειφθὲν
2950 1519 3003 1568 ὲν
3018 1510 3335 1585 Ἰερουσαλὴμ,
3358 1505 3487 1571 ἅγιοι
3501 1498 3618 1568 κλτδθ

2403 1616 2593 1676 πάντες
2633 1614 2679 1664 οἱ
2716 1608 3007 1680 γραφέντες
3038 1605 3108 1665 εἰς
3129 1601 3246 1668 ζωὴν
3287 1600 3337 1649 ὲν
3373 1588 3617 1663 Ἰερουσα)

2404 1706 2492 1768 οὒς
2522 1704 2612 1757 καὶ
2641 1679 2857 1761 εἰκότως
2885 1698 2990 1751 ἀπὸ
3020 1696 3107 1763 τῆς
3144 1688 3369 1748 ἰουδαίας
3400 1684 3490 1736 καὶ
3513 1679 3609 1732 sua

827 1771 896 1789 ..ιι
932 1771 1181 1803 PM...“
1212 1771 1336 1783 -....-
1364 1771 1536 1779 ---ηπ
1575 1771 1629 1774 τ-
1676 1771 1681 1773 .
1967 1771 1995 1782 ν
2210 1771 2216 1773 ς

784 1771 854 1880 ille
880 1823 1180 1878 Juda-orum
1221 1817 1377 1869 ruina
1430 1812 1609 1865 futura
1644 1807 1788 1875 sunt)
1838 1804 2112 1856 illucescet
2170 1798 2309 1851 Deus

2092 1808 2112 1852 ι
2170 1771 2309 1851 Deus
2340 1787 2381 1842 Β
2410 1792 2773 1865 σαλὴμ(1)τὴν
2788 1785 3098 1860 προφητείαν
3110 1781 3267 1850 ἐδήλου
3279 1771 3617 1843 λέγεσθαιτδτ

788 1917 844 1969 in
895 1910 1119 1965 consilio
1156 1920 1277 1959 cum
1332 1902 1500 1972 gloria
1555 1899 1607 1951 in
1650 1906 1793 1950 terra
1826 1932 1841 1957 ,
1881 1900 1939 1945 ut
1986 1889 2203 1945 extollat
2260 1894 2314 1940 et

787 2001 1046 2076 gloriﬁcet
1083 1996 1223 2065 quod
1268 1994 1511 2046 relictum
1556 1987 1714 2040 fuerit
1759 2000 1821 2037 ex
1872 1981 2074 2040 Israel,
2110 1984 2162 2033 et
2217 1976 2318 2030 erit

788 2068 932 2163 quod
959 2090 1201 2143 relictura
1248 2083 1405 2136 fuerit
1450 2080 1503 2132 in
1546 2076 1715 2136 Sion,
1767 2080 1819 2127 et
1869 2070 2011 2140 quod
2071 2068 2315 2121 relictum

792 2180 952 2237 fuerit
1042 2181 1094 2232 in
1192 2173 1550 2230 Jerusalem,
1631 2165 1801 2220 sancti
1896 2159 2224 2215 vocabuntur
2299 2170 2315 2205 :

804 2273 903 2343 59
955 2284 1141 2325 omnes
1188 2265 1277 2334 qui
1313 2260 1497 2329 scripti
1535 2264 1660 2312 sunt
1684 2254 1767 2308 .ad
1800 2252 1960 2306 vitam
2007 2250 2060 2302 in
2103 2244 2320 2299 Jerusa-

797 2367 899 2417 lem
924 2360 990 2423 “‘,
1028 2378 1047 2411 ι
1083 2363 1298 2427 propter
1321 2366 1456 2422 quos
1485 2347 1789 2418 prodituros
1828 2343 1893 2397 de
1928 2338 2221 2394 Jerusalem
2250 2334 2324 2387 vi-

792 2452 988 2506 delicet
1010 2464 1072 2501 ac
1101 2448 1165 2501 de
1190 2445 1392 2505 Judaea,
1426 2439 1616 2493 merito
1646 2450 1804 2504 super
1845 2432 2047 2492 Judtea,
2079 2437 2131 2484 et
2161 2442 2323 2495 super

797 2538 1110 2596 Jerusalem,
1159 2530 1485 2601 prophetiam
1507 2524 1652 2577 illam
1670 2517 2123 2586 dici,prommium
2149 2514 2322 2581 ipsum

801 2625 1054 2685 ostendit,
1102 2631 1194 2675 aut
1232 2622 1388 2673 etiam
1422 2619 1641 2685 propter
1689 2622 1868 2662 veram
1911 2604 2224 2671 Jerusalem,
2272 2606 2326 2653 et

807 2722 1019 2785 propter
1046 2710 1281 2764 Jttdz‘eam
1317 2708 1481 2767 illam,
1515 2716 1633 2772 qua:
1656 2702 1698 2754 si
1722 2714 1784 2752 ex
1813 2693 2100 2755 sententia,
2132 2706 2237 2744 non
2260 2704 2326 2743 ex

807 2806 1007 2871 scripto
1034 2799 1420 2861 consideretur,
1458 2795 1583 2848 huic
1636 2788 1789 2844 alteri
1842 2783 2182 2856 proportione
2237 2794 2325 2832 re-

808 2870 1082 2964 spondeat.
1113 2890 1228 2955 Qua
1270 2889 1335 2942 de
1364 2902 1423 2939 re
1450 2900 1570 2938 cum
1597 2881 1696 2936 erit
1744 2887 1974 2946 tempus,
2008 2870 2322 2930 videbimus,

808 2959 859 3039 et.
903 2984 1024 3053 quis
1066 2981 1278 3033 tandem
1331 2978 1562 3030 divinam
1622 2970 1985 3043 apestolorum
2034 2959 2327 3016 Salvatoris

810 3075 999 3138 nostri,
1050 3080 1102 3127 et
1154 3068 1602 3138 evangelistarum
1651 3074 1877 3116 cernens
1922 3057 2191 3115 virtutem,
2243 3065 2328 3105 se-

810 3164 1040 3219 cundum
1070 3175 1228 3230 quam
1284 3159 1336 3211 in
1384 3168 1595 3209 omnem
1632 3161 1827 3205 terram
1855 3145 2016 3202 exivit
2042 3156 2207 3198 sonus
2237 3154 2329 3194 eo-

812 3270 948 3318 rum,
971 3261 1022 3307 et
1047 3254 1099 3305 in
1127 3251 1255 3303 lines
1275 3248 1419 3301 orbis
1440 3254 1594 3298 terrae
1619 3241 1779 3295 verba
1804 3251 2010 3296 eorum,
2040 3246 2330 3300 omnesque

810 3360 877 3399 ex
908 3343 1001 3397 illo
1027 3342 1093 3394 ad
1116 3340 1219 3393 hoc
1246 3350 1417 3404 usque
1437 3343 1647 3402 tempus
1676 3327 1875 3383 Christi
1904 3323 2189 3383 Ecclesias,
2215 3335 2332 3388 qua:

812 3434 973 3488 verba
1005 3445 1190 3485 eorum
1236 3429 1290 3481 in
1335 3440 1427 3481 ore
1473 3427 1840 3492 praeceptaque
1868 3415 2088 3475 habent,
2120 3419 2173 3465 et
2200 3409 2332 3463 Novi

812 3520 1137 3578 Testamenti
1172 3533 1265 3587 per
1310 3530 1403 3570 eos
1432 3512 1731 3583 publicatas
1779 3506 1982 3562 Christi
2030 3505 2174 3572 leges
2223 3516 2331 3556 non

2410 1888 2443 1958 ἢ
2471 1861 2560 1938 και
2583 1883 2666 1935 διὰ
2692 1883 2786 1950 τὴν
2815 1875 2985 1946 ἀληθῆ
3025 1867 3351 1943 Ἰερουσαλὴμ,
3393 1862 3483 1916 καὶ
3512 1861 3606 1929 τὴν

2413 1979 2544 2045 αὐτῇ
2571 1973 2705 2027 κατὰ
2739 1971 2971 2023 διάνοιαν
3006 1959 3339 2031 θεωρουμένην
3382 1951 3618 2004 Ἰουδαίαν

2414 2063 2550 2117 κατὰ
2569 2059 2751 2129 καιρὸν
2780 2053 3046 2123 εἰσόμεθα.
3069 2049 3162 2103 Καὶ
3182 2047 3254 2107 τίς
3282 2061 3341 2111 γε
3366 2042 3472 2093 τῶν
3495 2042 3618 2092 ἁποε

2416 2149 2653 2222 Σωτῆρος
2682 2147 2831 2219 ἡμῶν
2855 2146 2944 2199 καὶ
2969 2144 3068 2195 τῶν
3092 2134 3462 2206 εὐαγγελιστῶν
3491 2130 3588 2199 τὴν
3613 2130 3618 2174 ἶ

2417 2241 2552 2311 ορῶν
2599 2238 2840 2306 δύναμιν,
2888 2231 3006 2285 καθ’
3032 2232 3090 2300 ἢν
3115 2231 3183 2290 εἰς
3210 2227 3379 2278 πᾶσαν
3407 2222 3508 2289 τὴν
3536 2219 3618 2286 γῆ

2419 2330 2643 2400 φθόγγος
2673 2325 2869 2385 αὐτῶν,
2904 2324 2996 2375 καὶ
3040 2322 3110 2380 εἰς
3143 2316 3205 2368 τὰ
3236 2314 3443 2383 πέρατα
3488 2311 3593 2380 τῆς

2416 2421 2484 2473 τὰ
2514 2421 2721 2489 ῥήματα
2748 2414 2939 2474 αὐτῶν,
2967 2407 3125 2463 πᾶσαί
3154 2423 3208 2457 τε
3231 2405 3286 2468 ἐξ
3321 2402 3540 2455 ἐκείνου
3569 2416 3618 2451 κς

2420 2512 2475 2562 αἱ
2634 2503 2860 2575 Χριστοῦ
2901 2486 3202 2568 Ἐκκλησῖαι
3238 2494 3360 2557 τοὺς
3400 2492 3606 2558 λόγους

2424 2597 2590 2666 στόμα
2636 2597 2726 2646 καὶ
2775 2591 3064 2662 μαθήματα
3103 2587 3295 2656 ἔχουσι,
3349 2583 3446 2636 ml.
3493 2580 3599 2643 τὰς

2422 2685 2686 2754 Διαθὴκης
2720 2681 2782 2732 δι’
2810 2678 2982 2731 αὐτῶν
3014 2673 3364 2747 κηρυχθείσας
3405 2669 3508 2722 τοῦ
3552 2670 3604 2720 Χ

2425 2775 2720 2838 θεσίας,οὺκ
2744 2772 2807 2824 ἂν
2835 2768 3085 2836 ἀλήθειαν
3105 2769 3166 2835 τῇ
3185 2762 3502 2835 προφητείᾳ
3524 2763 3616 2812 ὲπτ

2426 2865 2635 2937 φησᾶσῃ
2659 2859 2925 2932 ἐμφανῶς,
2961 2877 2978 2908 ι
3007 2859 3063 2910 ὲν
3092 2854 3247 2925 βουλῇ
3277 2872 3296 2902 ι
3331 2852 3433 2905 καὶ
3458 2871 3478 2901 ι
3512 2868 3616 2920 μετ

2428 2958 2600 3011 πᾶσαν
2628 2952 2722 3023 τὴν
2747 2951 2845 3019 γῆν
2866 2946 3093 3016 ὑψώσειν
3108 2944 3196 2996 τὸν
3218 2943 3353 2994 Θεὸν
3377 2943 3485 2995 καὶ
3517 2942 3614 3006 δοξ

2428 3040 2702 3110 ταλειφθὲν
2735 3036 2976 3108 Ἰσραήλ;
3003 3054 3021 3086 ι
3050 3034 3144 3087 καὶ
3166 3033 3241 3095 ὡς
3265 3032 3379 3102 ἄρα
3418 3050 3439 3080 ι
3469 3032 3541 3083 τὸ
3571 3049 3613 3083 κ

2429 3130 2562 3184 Σιὼν
2602 3129 2692 3181 καὶ
2721 3127 2779 3178 τὸ
2804 3121 3155 3191 καταλειφθὲν
3188 3122 3244 3171 ὲν
3289 3118 3616 3188 Ἰερουσαλ·

2432 3221 2676 3290 θήσονται
2720 3215 2911 3277 πάντες
2959 3214 3007 3265 οἱ
3036 3210 3350 3281 γραφέντες
3382 3211 3472 3271 εἰς
3518 3208 3613 3272 ζω

2430 3310 2520 3362 τοῦ
2553 3306 2834 3374 λεγομένου
2871 3302 3018 3372 παρὰ
3042 3304 3155 3363 τοῖς
3192 3299 3608 3369 Ἐὅδομὴκοντ

2436 3397 2569 3469 μετὰ
2590 3396 2762 3465 δόξης,
2776 3412 2794 3444 ι
2809 3395 2836 3445 ὁ
2864 3391 3088 3454 Ἀκύλας
3109 3390 3209 3443 καὶ
3225 3389 3565 3441 θεοδοτίων
3595 3408 3616 3441 ς

2433 3489 2651 3557 δύναμιν
2680 3486 2770 3538 καὶ
2794 3483 2946 3546 δόξαν
2966 3502 2984 3534 ι
3012 3481 3412 3552 ἡρμήνευσαν,
3437 3481 3562 3551 τὴν
3592 3484 3616 3534 ἱ

814 3613 938 3667 huic
993 3570 1284 3679 prophetiae
1346 3570 1711 3659 tesiimonium
1760 3597 2002 3653 veritatis
2054 3570 2336 3648 exhibeat?

2075 3570 2336 3647 [xhibean
2438 3578 2616 3632 θεῖσαν
2654 3577 2763 3637 τοῖς
2790 3571 3102 3633 ἀποστόλοις
3140 3570 3434 3640 δύναμιν,
3478 3573 3603 3625 καὶ

816 3660 936 3667 .__--
997 3660 1143 3679 ΓΤ
1178 3660 1209 3661 η
1266 3660 1273 3661 ,

816 3708 999 3768 utpote
1044 3698 1090 3750 ei
1137 3710 1255 3763 qua:
1284 3689 1562 3746 manifeste
1590 3688 1755 3748 dicat,
1804 3702 1823 3734 ι
1862 3683 1917 3735 in
1944 3678 2192 3740 consilio,
2234 3694 2252 3727 ι
2287 3682 2340 3729 et

2085 3678 2192 3740 ilio,
2234 3694 2252 3727 ι
2287 3682 2340 3729 et
2439 3667 2585 3739 παρὰ
2615 3665 2688 3736 τῷ
2720 3664 2834 3733 Θεῷ
2864 3665 3014 3729 δόξαν
3042 3660 3499 3731 παριστῶντες,
3542 3681 3613 3716 κε

2324 3761 2335 3768 ,
2444 3756 2499 3768 ,,
2629 3756 2674 3768 η
2862 3756 2883 3768 η
2989 3753 3001 3768 ν
3163 3751 3185 3768 κ
3232 3751 3262 3768 ν
3362 3751 3375 3767 ν
3595 3753 3613 3768 ⁸

820 3807 839 3839 ι
880 3801 999 3840 cum
1029 3782 1219 3852 gloria,
1250 3801 1268 3831 ι
1305 3780 1359 3832 in
1388 3790 1596 3831 onmem
1623 3782 1819 3827 terram
1850 3769 2011 3822 Deum
2044 3767 2098 3818 in
2123 3761 2339 3817 sublimi

2085 3761 2339 3817 isublimi
2441 3756 2596 3810 δώσει
2618 3756 2765 3826 ῥῆμα
2800 3751 3529 3820 τοῖςεὺαγγελιζομὲνοις
3593 3753 3613 3804 ξ

817 3881 1200 3935 collocaturum
1243 3880 1297 3927 et
1336 3869 1753 3941 gloriﬁcaturum
1782 3883 1801 3914 ι
1836 3863 1889 3917 id
1920 3860 2060 3930 quod
2103 3858 2347 3912 relictum
2383 3852 2541 3907 fuerit
2584 3866 2647 3903 ex
2695 3848 2892 3901 Israel?
2932 3866 2950 3898 ι
2985 3847 3123 3900 item
3198 3846 3614 3914 quemadmo

819 3973 1064 4027 relictum
1096 3968 1255 4020 fuerit
1292 3965 1346 4017 in
1373 3963 1522 4024 Sion,
1555 3969 1609 4014 et
1635 3958 1778 4028 quod
1838 3956 2079 4008 relictum
2120 3949 2278 4003 fuerit
2332 3947 2387 3999 in
2432 3944 2745 4001 Jerusalem.
2790 3940 2961 3994 sancti
3025 3937 3459 4001 vocabuntur,
3530 3954 3616 3993 ον

821 4067 888 4120 ad
918 4063 1117 4117 vitam?
1150 4080 1168 4110 ι
1200 4074 1298 4128 pro
1325 4073 1390 4112 eo
1417 4065 1592 4110 autem
1622 4052 1762 4123 quod
1831 4049 2028 4104 dicitur
2054 4043 2192 4114 apud
2215 4040 2375 4101 LXX,
2422 4058 2440 4090 ι
2481 4040 2531 4092 in
2569 4035 2793 4090 consilio
2814 4048 2933 4086 cum
2992 4031 3185 4101 gloria
3220 4049 3239 4085 :
3287 4050 3311 4082 ι
3384 4030 3611 4099 Aquil

822 4159 961 4213 inter
995 4170 1052 4210 se
1078 4153 1485 4213 concordantes,
1522 4168 1540 4199 ι
1584 4149 1640 4200 in
1678 4147 1924 4199 virtutem
1958 4147 2010 4195 et
2039 4139 2281 4210 gloriam,
2315 4154 2334 4185 ι
2372 4131 2703 4202 interpretati
2767 4138 2892 4182 sunt
2938 4145 2952 4180 :
2988 4128 3072 4180 sic
3117 4128 3352 4194 utique
3406 4141 3578 4181 eam

825 4253 934 4309 Deo
979 4249 1234 4320 apostolis
1267 4247 1389 4300 data
1431 4252 1533 4307 cst,
1565 4251 1617 4298 et
1644 4255 1803 4310 quam
1834 4243 1954 4307 post
1999 4236 2159 4288 talem
2214 4231 2462 4284 virtutem
2525 4227 2662 4296 apud
2726 4225 2888 4278 Deum
2954 4221 3228 4275 habituri
3287 4229 3530 4286 erant,

827 4352 928 4404 tes,
950 4344 1099 4410 juxta
1128 4338 1255 4393 illud
1285 4357 1298 4390 :
1336 4355 1353 4386 ι
1392 4336 1650 4390 Dominus
1695 4332 1841 4388 dabit
1869 4329 2090 4382 verbum
2132 4322 2617 4391 evangelizantibus
2643 4319 2838 4372 virtute
2866 4314 3033 4378 multa
3064 4311 3148 4364 δι.
3209 4330 3234 4362 ι

897 4400 1174 4487 ιιῆιχνιιι.
1213 4427 1337 4481 Item
1376 4424 1516 4494 quod
1560 4438 1617 4476 re
1654 4423 1768 4490 ipsa
1799 4417 1995 4472 factum
2025 4421 2106 4469 est
2143 4432 2155 4466 :
2194 4430 2213 4463 ‹
2251 4427 2347 4464 au-
2378 4416 2420 4468 Ι)

2086 4421 2106 4466 t
2143 4432 2155 4466 :
2194 4430 2213 4463 ‹
2251 4427 2347 4464 au-
2378 4416 2420 4468 Ι)
2514 4409 2638 4463 AH’.
2669 4408 2776 4459 Καὶ
2826 4404 2952 4457 αὐτὸ
2994 4400 3452 4469 γεγενημένον
3477 4419 3497 4433 ο
3584 4423 3610 4453 ε

2450 4501 2541 4553 καὶ
2575 4499 2634 4550 οὐ
2673 4496 2744 4567 μὴ
2786 4495 3005 4563 συνῆτε·
3044 4494 3163 4545 καὶ
3226 4491 3614 4560 βλέποντες

2454 4590 2526 4660 μὴ
2555 4589 2716 4656 ἴδητε.
2755 4581 3057 4651 Ἐπαχύνθη
3089 4583 3234 4650 γὰρ
3278 4583 3326 4651 ἡ
3374 4584 3613 4653 καρδί

2452 4678 2680 4737 καὶτοῖς
2717 4673 2817 4725 ὠσὶ
2857 4672 3066 4741 βαρέως
3107 4671 3438 4740 ἤκουσαν
3463 4710 3486 4734 ,
3548 4691 3614 4725 κ

2455 4762 2628 4815 αὐτῶν
2669 4759 3019 4827 ἐκάμμυσαν,
3108 4758 3402 4827 μήποτε
3466 4758 3614 4812 ἴδω

2458 4853 2548 4905 καὶ
2574 4852 2681 4911 τοῖς
2706 4848 2834 4899 ὠσὶν
2859 4845 3191 4907 ἀκούσωσι,
3239 4846 3378 4899 καὶ
3422 4848 3614 4902 tunc

2463 4958 2556 5010 μαι
2578 4936 2787 4998 αὐτούς.
2810 4937 2916 4987 Καὶ
2940 4932 3077 4988 εἴποι
3097 4950 3117 4963 °
3161 4936 3373 4999 "Ewg
3411 4938 3610 4992 πότε

2461 5031 2600 5091 Ἕως
2630 5028 2695 5081 ἂν
2737 5025 3066 5096 ἐρημωθῶσι
3112 5027 3380 5091 πόλεις
3447 5046 3606 5102 uta;

2461 5120 2601 5180 σθαι,
2644 5122 2733 5170 καὶ
2759 5112 2920 5178 οῗκοι,
2954 5116 3127 5187 παρὰ
3183 5117 3272 5170 τὸ
3331 5120 3443 5189 μὴ
3499 5117 3600 5173 εἷς

2460 5215 2492 5281 ἡ
2519 5211 2590 5279 γῆ
2625 5208 3125 5278 καταλειφθήσεται
3167 5207 3311 5278 ἓρη
3328 5227 3514 5279 μος·
3557 5215 3590 5265 Ῑ

2462 5302 2643 5369 κρυνεῖ
2678 5301 2705 5351 ό
2733 5298 2862 5361 Θεὸς
2888 5298 3013 5361 τοὺς
3053 5298 3187 5351 ἀνθ
3202 5297 3566 5368 ρώπους,

828 4525 944 4578 ditu
966 4520 1215 4579 audietis,
1237 4525 1289 4571 et
1310 4530 1415 4568 non
1443 4510 1765 4579 intelligetis,
1789 4515 1842 4561 et
1869 4506 2184 4574 aspicientes
2207 4499 2348 4567 aspi-

830 4613 1004 4675 cietis,
1032 4620 1085 4664 et
1117 4622 1224 4661 non
1254 4604 1520 4658 videbitis.
1552 4601 1808 4655 Crassum
1846 4596 1988 4650 enim
2037 4595 2235 4647 factum
2270 4597 2353 4643 est

832 4719 926 4758 cor
949 4699 1127 4771 populi
1161 4697 1342 4763 hujus,
1387 4700 1440 4747 et
1465 4691 1686 4744 auribus
1717 4686 1947 4757 graviter
1973 4681 2273 4739 audierunt,
2299 4683 2352 4730 et

833 4793 1018 4848 oculos
1042 4803 1168 4845 suos
1190 4787 1518 4844 clauserunt,
1544 4795 1611 4833 ne
1634 4776 1846 4848 quando
1878 4774 2090 4827 videant
2112 4768 2281 4824 oculis
2302 4772 2355 4820 et

848 4883 1067 4937 auribus
1097 4878 1333 4937 audiant,
1354 4880 1406 4927 et
1436 4874 1830 4927 convertantur,
1864 4875 1917 4918 et
1944 4877 2125 4917 sanem
2152 4874 2263 4913 eos.
2294 4855 2355 4907 Et

841 4973 952 5029 dixi
981 4992 995 5026 :
1030 4982 1327 5039 quousque,
1356 4960 1618 5017 Domine?
1640 4970 1691 5012 et
1719 4957 1852 5010 dixit
1890 4969 1908 5008 :
1938 4954 2112 5006 Donec
2143 4955 2356 5003 vasten-

839 5070 927 5113 tur
956 5037 1217 5120 eivitates,
1267 5054 1418 5115 adeo,
1451 5057 1509 5105 ut
1539 5064 1643 5102 non
1687 5045 2014 5103 habitentur,
2048 5046 2101 5092 et
2142 5037 2353 5095 domus,

844 5150 994 5208 adeo,
1030 5156 1087 5200 ut
1113 5164 1217 5200 non
1258 5146 1328 5201 sit
1375 5145 1535 5197 homo
1585 5159 1597 5194 :
1633 5148 1684 5192 et
1714 5146 1856 5192 terra
1888 5134 2219 5200 relinquetur
2267 5126 2363 5179 de-

847 5243 1007 5291 serta.
1043 5235 1106 5286 Et
1135 5243 1253 5303 post
1286 5237 1396 5288 haec
1424 5231 1687 5286 amovchit
1710 5227 1894 5298 procul
1920 5224 2061 5277 Deus
2092 5218 2356 5273 homines.

847 5333 900 5380 ct
919 5324 1427 5405 multiplicabuntur,
1457 5324 1546 5391 qui
1580 5321 1751 5377 relicti
1780 5316 1973 5371 fuerint
1997 5314 2049 5366 in
2078 5320 2218 5363 terra
2238 5307 2302 5358 δ’.
2332 5329 2351 5357 ι

848 5400 1137 5469 Considera
1171 5413 1328 5481 igitur
1358 5413 1446 5465 hic
1476 5386 1721 5481 quoque,
1756 5421 1983 5478 quonam
2043 5400 2220 5458 modo,
2266 5395 2358 5464 qui

2043 5400 2220 5458 modo,
2266 5395 2358 5464 qui
2463 5387 2897 5456 καταλειφθέντες
2927 5386 3021 5439 ἐπὶ
3056 5387 3196 5458 τῆς
3234 5388 3426 5458 γῆς,
3484 5410 3514 5442 ι
3566 5395 3571 5405 π

848 5503 1016 5559 relicti
1060 5502 1168 5555 sint
1200 5513 1385 5552 rursus
1418 5500 1471 5552 in
1501 5507 1664 5563 terra,
1697 5477 1820 5554 eum
1862 5495 2064 5562 reliqua
2108 5487 2358 5539 universa

2036 5503 2064 5541 a
2108 5487 2358 5539 universa
2460 5480 2578 5532 τίνα
2618 5480 2810 5550 τρόπον
2859 5481 2908 5533 οἱ
2952 5477 3553 5548 καταλειφθέντεη

950 5593 996 5625 ⁵⁸
1023 5590 1124 5645 lsa.
1155 5606 1225 5655 tv,
1247 5589 1354 5643 2-5.
1428 5588 1470 5620 ⁸¹
1495 5588 1635 5644 Psal.
1670 5604 1832 5649 van,
1858 5585 1945 5640 12.
2016 5581 2060 5614 δ’
2091 5577 2194 5633 Isa.
2218 5590 2291 5637 VI,
2315 5570 2466 5624 9-12.

920 5681 995 5750 (I)
1011 5680 1203 5737 Deesse
1216 5680 1413 5746 aliquid
1430 5686 1592 5747 patet,
1607 5686 1719 5733 tum
1731 5694 1793 5733 ex
1815 5669 2158 5737 ἀνακολουθὶᾳ
2171 5666 2445 5735 phraseos,
2464 5668 2570 5750 tum
2588 5671 2651 5713 ex
2665 5657 2943 5713 collatione
2955 5656 3219 5713 Latina:
3238 5657 3541 5733 interpr
