3870 6348
103 365 236 489 \94

127 525 226 607 τῆζ
255 525 420 564 MM“
454 525 691 573 ωωσης
721 525 837 579 ⁸9η
849 525 966 580 μου
1003 525 1383 582 γενησομένης,
1415 525 1558 580 ρονοι
1586 525 1708 580 πλη-

142 586 472 674 ηυάθήσεσθαι
498 588 798 662 λέγονται.
851 595 994 654 Εἶεν
1028 601 1073 654 δ’
1116 602 1180 654 ἂν
1223 602 1313 653 καὶ
1353 595 1490 653 οὗτοι
1533 600 1579 652 oi
1617 597 1708 652 τοῦ

164 677 373 753 inﬁxi”;
419 678 580 749 ἡμῶν
652 683 917 756 μαθηται
982 688 1045 752 ἐξ
1100 688 1356 759 Ἐϐραίων
1395 688 1471 748 εἰς
1514 687 1708 748 πάντας

185 770 448 842 ἀνθρώπους
476 771 872 842 προελθόντες,
902 777 955 830 οἱ
987 779 1083 832 κτιιᾶ⁸
1107 778 1254 847 δίκην
1277 777 1578 848 σπέρματος
1611 792 1706 827 κα-

111 921 116 926 ὶ
200 863 548 933 τελειφθέντες,
598 862 878 934 πολύχουν
928 869 1305 940 προσήνεγκαν
1350 868 1438 918 τὸν
1483 865 1706 936 καρπὸν,

204 957 284 1020 τὰς
299 955 394 1008 καθ’
414 953 536 1023 ὅλης
557 953 657 1023 τῆς
682 956 1023 1025 οἰκουμένης
1042 956 1148 1008 τῶν
1173 954 1338 1009 ἐθνῶν
1372 955 1703 1024 Ἐκκλησίας·

200 1049 278 1100 καὶ
295 1046 370 1098 θέα
398 1061 477 1111 γε,
506 1043 580 1106 ὡς
615 1044 763 1098 κατὰ
785 1045 850 1097 τὸ
878 1045 1013 1098 αὐτό
1045 1063 1174 1116 φησι
1203 1044 1416 1105 τούτους
1451 1046 1546 1114 μὲν
1578 1045 1708 1114 πλη-

191 1133 504 1203 θυνθήσεσθαι
570 1133 773 1202 μόνους
831 1133 1282 1201 καταλειφθέντας
1345 1133 1408 1185 ἐκ
1459 1133 1554 1201 τῆς
1601 1133 1706 1186 τῶν

198 1223 424 1278 Ἰουδαίων
477 1221 882 1285 ἀποπτώσεως,
931 1223 1167 1284 ἐκείνους
1219 1238 1281 1289 γε
1330 1221 1432 1290 μὴν
1481 1220 1705 1290 πάμπαν

179 1315 387 1384 ἐρήμους
411 1311 652 1364 ἔσεσθαι·
694 1329 713 1362 ι
757 1311 826 1363 Ἦ
859 1311 929 1381 γῆ
958 1311 1066 1381 γὰρ
1083 1311 1272 1374 αὐτῶν,
1293 1311 1440 1379 φησὶ,
1469 1311 1707 1362 καταλει-

178 1404 415 1473 ιρθήσεται
450 1401 683 1472 ἔρημος.
732 1419 752 1452 ι
794 1401 965 1454 Τοῦτο
1005 1402 1063 1454 δὲ
1093 1403 1183 1454 καὶ
1231 1401 1478 1471 ἀνωτέρω
1529 1401 1704 1464 αὐτοῖς

173 1497 365 1561 ἐλέγετο
396 1493 501 1544 ὑπὸ
524 1492 624 1545 τοῦ
658 1492 828 1546 αὐτοῦ
855 1493 1152 1563 προφήτου,
1189 1491 1323 1544 κατὰ
1347 1490 1424 1555 τὸ,
1472 1509 1488 1542 ι
1531 1492 1592 1544 Ἦ
1635 1493 1705 1560 γῆ

173 1585 308 1654 ὑμῶν
337 1583 560 1652 ἔρημος,
595 1585 654 1636 αι
688 1583 874 1644 πόλεις
903 1581 1055 1650 ὑμῶν
1080 1582 1425 1651 πυρίκαυστοι
1444 1595 1456 1610 ο
1483 1581 1578 1652 τήν
1598 1580 1703 1650 χώ-

174 1689 266 1740 ραν
301 1669 469 1740 ὑμῶν,
524 1668 765 1722 ἐνώπιον
815 1669 968 1738 ὑμῶν
1024 1667 1286 1737 ἀλλότριοι
1343 1667 1703 1720 κατεσθίουσιν

172 1762 341 1828 αὑτήν.
393 1777 412 1809 ι
449 1759 589 1811 Πότε
625 1757 683 1810 δέ
730 1759 826 1810 καὶ
868 1758 1036 1811 ταῦτα
1073 1755 1365 1826 ἐπληροῦτο
1399 1757 1431 1826 ἢ
1467 1756 1568 1808 ἀπὸ
1600 1755 1702 1808 τῶν

1088 388 1714 455 DEMONS'I'RATIONIS
1739 383 2180 450 EVANGELICE
2208 381 2336 442 LIB.
2377 388 2441 444 ll.
2821 455 2830 464 .

253 491 420 564 λοιπῆς
454 491 691 573 ἀπάσης
721 503 966 580 ἐρήμου
1003 512 1383 582 γενησομένης,
1415 509 1558 580 μόνοι
1586 508 1691 580 πλη

1810 506 2159 560 vastationem
2189 513 2412 570 passura
2437 505 2527 568 sit,
2555 503 2653 558 soli
2680 500 2926 560 dicantur
2953 502 3314 576 mu.tipliean-

3215 382 3337 451 ιω·

1806 595 1885 652 di.
1910 594 2075 649 Erunt
2098 600 2270 648 autem
2294 594 2371 658 hi,
2399 595 2499 664 ipsi
2532 591 2820 649 Salvatoris
2851 597 3020 652 nostri
3041 596 3311 666 discipuli,

1806 689 1898 758 qui
1925 689 1990 742 ab
2019 686 2269 750 Hebraeis,
2301 687 2369 740 ad
2403 701 2588 742 omnes
2617 687 2854 741 homines
2885 688 3128 756 profecti,
3157 697 3328 759 atque

1805 778 1976 832 instar
2001 777 2215 832 seminis
2238 776 2430 840 relicti,
2458 777 2673 831 uberem
2707 776 2810 844 7o
2827 775 3052 830 fructum
3081 780 3314 846 protuleo

1803 874 1950 930 runt,
1969 866 2118 935 ipsas
2136 866 2366 934 gentium
2385 867 2438 918 in
2461 873 2572 919 toto
2590 865 2714 936 orbe
2731 873 2987 918 terrarum
3010 865 3271 921 Ecclesias
3295 886 3309 922 :

1803 965 1856 1011 et
1883 955 2084 1022 inspice
2105 969 2252 1017 sane,
2281 955 2725 1024 quemadmodum
2751 955 2933 1008 eodem
2963 959 3197 1022 tempore
3216 956 3313 1010 hos

1805 1045 1946 1100 solos
1967 1043 2266 1097 Juda‘orum
2288 1045 2456 1098 ruina:
2480 1046 2792 1112 superstites
2818 1043 3217 1111 multiplicatum
3248 1045 3312 1096 iri

1803 1132 2043 1196 aﬂirmat,
2092 1132 2212 1186 illos
2249 1142 2421 1186 autem
2474 1133 2812 1187 solitudinem
2857 1131 3090 1200 penitus,
3141 1139 3316 1184 vasta-

1800 1225 2103 1292 tionemque
2138 1239 2407 1292 passuros.
2446 1241 2465 1274 ‹
2515 1222 2677 1278 Terra
2707 1223 2866 1284 enim,
2913 1222 3102 1291 inquit,
3129 1236 3314 1276 eorum

1800 1317 2129 1384 relinquetur
2163 1315 2390 1369 deserta.
2431 1333 2448 1365 ι
2487 1313 2650 1368 Porro
2699 1315 2800 1368 hoc
2849 1315 3022 1382 ipsum
3068 1312 3314 1380 superius

1800 1419 2008 1473 quoque
2039 1405 2240 1458 dictum
2273 1413 2375 1468 est,
2400 1405 2466 1458 ab
2496 1404 2677 1458 eodem
2714 1403 2968 1472 propheta
2991 1401 3056 1456 ad
3077 1401 3310 1462 eosdem.

1803 1492 1892 1545 illo
1926 1493 2043 1546 loco
2095 1510 2107 1546 :
2147 1509 2165 1540 ι
2205 1502 2346 1546 terra
2392 1501 2570 1547 vestra
2600 1491 2831 1556 deserta,
2859 1491 3102 1545 civitates
3126 1498 3314 1545 vestras

1802 1596 2068 1636 succensa:
2123 1583 2228 1652 igni
2280 1601 2292 1637 :
2349 1583 2615 1652 regionem
2657 1592 2909 1644 vestram,
2943 1582 2996 1634 in
3024 1589 3310 1650 conspectu

1799 1677 1976 1726 vestro
2028 1673 2180 1724 alieni
2235 1673 2486 1726 devorant
2531 1673 2592 1723 ⁸⁸³.
2649 1693 2667 1723 ι
2717 1671 2938 1736 Quando
2986 1677 3159 1724 autem
3202 1671 3312 1724 haec

1799 1763 2010 1816 tandem
2045 1764 2304 1830 completa
2334 1770 2478 1823 sunt,
2509 1765 2552 1817 si
2579 1778 2684 1816 non
2733 1774 2851 1831 post
2884 1759 3175 1814 Salvatoris
3207 1776 3308 1814 no-

92 1872 96 1874 ·
170 1852 358 1919 χρόνων
383 1850 474 1901 τοῦ
502 1849 760 1917 Σωτῆρος
789 1849 974 1918 ήμῶν;
1005 1849 1106 1911 ἕως
1135 1849 1230 1918 μὲν
1252 1847 1357 1916 γὰρ
1377 1845 1579 1898 οὐδέπω
1606 1845 1691 1908 τὰς

1800 1850 1898 1903 stri
1924 1853 2200 1919 tempora?
2251 1853 2543 1920 Antequam
2586 1852 2727 1904 enim
2769 1861 2952 1905 contra
3006 1852 3150 1904 illum
3203 1860 3307 1903 tam

171 1939 284 1992 κατ’
324 1938 480 1991 αὑτοῦ
525 1937 935 2006 τετολμήκεσαν
979 1938 1306 2000 δυσσεϐείας,
1340 1938 1434 1990 οὐκ
1467 1933 1532 2007 ἦν
1559 1940 1592 2007 ἡ
1632 1937 1701 2006 γῆ

171 2028 334 2081 αὐτῶν
364 2027 582 2098 ἔρημος,
617 2027 743 2079 οὐδὲ
777 2029 833 2080 αἱ
871 2028 1048 2090 πόλεις
1081 2027 1444 2098 πυρίκαυστοι,
1467 2028 1580 2080 οὐδὲ
1607 2028 1702 2097 τὴν

172 2116 339 2186 χώραν
375 2116 546 2168 αὐτῶν
581 2113 852 2183 ἀλλότριοι
884 2115 1198 2184 κατήσθιονο
1240 2115 1344 2167 ἀπὸ
1384 2113 1438 2166 δὲ
1479 2115 1575 2182 τῆς
1620 2117 1701 2167 ἐν·

174 2207 288 2260 θέον
321 2208 491 2277 φωνῆς
525 2207 770 2275 ἐκείνης,
804 2206 868 2258 δι’
893 2201 959 2275 ἦς
983 2203 1044 2257 τὸ
1075 2206 1260 2275 μέλλον
1285 2207 1461 2268 αὐτοῖς
1494 2205 1700 2257 ἔσεσθαι

174 2297 541 2365 προύθέσπισεν
583 2295 749 2357 αὐτὸς
787 2296 816 2346 ὁ
851 2295 1036 2364 Σωτὴρ
1065 2295 1157 2346 καὶ
1188 2292 1387 2362 Κύριος
1425 2293 1594 2362 ἡμῶν,
1629 2295 1702 2344 εἰ-

173 2387 300 2448 πὼν,
327 2405 344 2435 ι
386 2387 624 2454 ’Δφίεται
652 2387 681 2437 ὁ
709 2381 855 2445 οἶκος
886 2383 1104 2452 ἔρημος,
1143 2401 1159 2432 ι
1197 2381 1256 2444 ἐξ
1284 2382 1485 2434 ἐκείνου
1524 2383 1614 2434 καὶ
1639 2383 1699 2434 οὐ

181 2477 285 2544 μετ’
313 2477 368 2528 οὐ
408 2475 536 2528 πολὺ
580 2474 687 2543 τῆς
725 2472 1097 2543 προρρήσεως,
1131 2469 1561 2540 πολιορκηθέντες
1598 2470 1700 2522 ὑπὸ

185 2566 462 2635 Ῥωμαίων,
511 2568 594 2629 εἱς
639 2565 847 2634 ἔρημον
889 2562 1241 2632 κατέστησαν.
1287 2561 1392 2612 Kal.
1429 2561 1485 2612 τό
1518 2577 1577 2628 γε
1613 2562 1697 2612 ατ-

174 2671 278 2708 τιον
325 2657 420 2726 τῆς
456 2654 793 2726 ἐρημώσεως
831 2652 1005 2706 αὐτῶν
1047 2651 1374 2721 προφητικὸς
1411 2652 1561 2719 λόγος
1599 2653 1700 2704 ἀπ-

178 2744 383 2814 ελέγχει,
421 2743 707 2816 μονονουχὶ
745 2742 930 2810 σαφῶς
957 2741 1335 2811 διερμηνεύων,
1370 2744 1458 2794 καὶ
1495 2745 1590 2811 τὴν
1615 2743 1697 2794 αξ-

178 2835 287 2886 τίαν
311 2839 396 2904 τῆς
421 2833 796 2894 ἀποπτῶσεως
824 2829 998 2883 αὐτῶν
1033 2831 1311 2902 παριστὰς.
1355 2831 1563 2900 Ἐπειδὴ
1593 2832 1694 2902 γὰρ

180 2920 266 2972 τοῦ
526 2921 689 2993 ήμῶν
715 2919 1050 2982 διδάσκοντος
1069 2922 1126 2971 ἐν
1149 2921 1325 2982 αὐτοῖς
1354 2920 1689 2984 ἀκούσαντες,

177 3005 273 3060 ὠσὶ
291 3010 505 3074 διανοίας
536 3011 639 3064 οὑκ
681 3011 940 3079 ἥκουσαν,
983 3009 1099 3060 οὐδέ
1151 3007 1382 3076 συνῆκαν
1419 3009 1559 3070 ὅστις
1594 3005 1688 3077 ἦν·

184 3097 357 3162 ἰδόντες
379 3099 430 3152 δέ
453 3099 615 3152 αὑτὸν
634 3098 840 3168 σαρκδς
871 3096 1182 3166 ὀφθαλμοῖς,
1215 3100 1323 3159 τοῖς
1346 3097 1418 3166 (1)
1442 3095 1618 3167 ψυχῆς·
1633 3098 1691 3149 οὐ

1802 1941 1960 2008 impia
1995 1941 2225 1996 facinora
2261 1943 2377 1996 ausi
2407 1950 2606 2004 essent,
2634 1957 2901 2010 nunquam
2931 1941 3100 1995 fuerat
3125 1955 3307 1994 eorum

1799 2039 1938 2086 terra
1961 2031 2169 2085 deserta
2194 2049 2208 2086 :
2240 2047 2409 2100 neque
2439 2032 2681 2085 civitates
2709 2046 2889 2085 eorum
2914 2031 3144 2084 incensa:
3176 2029 3305 2100 igni,

1797 2137 1968 2190 neque
1997 2122 2260 2190 regionem
2281 2137 2462 2175 eorum
2489 2121 2644 2175 alieni
2671 2120 3071 2175 devoraverant.
3099 2117 3174 2172 Ex
3201 2134 3306 2188 quo

1798 2216 1970 2262 autem
2001 2209 2230 2261 divinam
2258 2209 2399 2260 illam
2427 2222 2606 2261 vocem
2634 2209 2744 2276 ipse
2765 2206 3008 2260 Salvator
3037 2215 3090 2260 et
3132 2207 3308 2259 Domi—

1797 2312 1899 2352 nus
1944 2304 2122 2351 noster
2163 2298 2360 2360 emisit,
2413 2312 2514 2366 qua
2558 2297 2683 2358 illis,
2730 2298 2869 2365 quod
2903 2296 3136 2349 futurum
3169 2303 3305 2358 erat,

1797 2386 2067 2448 indicavit,
2100 2388 2178 2442 sic
2231 2388 2435 2448 dicens,
2466 2405 2483 2436 ι
2519 2385 2870 2454 Relinquetur
2907 2386 3096 2440 domus
3130 2393 3307 2438 vestra

1795 2474 2002 2529 deserta
2027 2475 2092 2539 “,
2127 2495 2145 2526 ι
2178 2491 2241 2529 ex
2267 2476 2380 2538 illo,
2415 2476 2653 2544 inquam,
2685 2490 2855 2544 neque
2891 2475 2964 2528 ita
2997 2477 3162 2528 multo
3189 2482 3310 2543 post

1793 2566 1951 2620 talem
1984 2566 2398 2634 praedictionem,
2435 2567 2510 2618 illi
2538 2567 2812 2621 obsidione
2854 2567 3024 2636 pressi
3061 2581 3087 2619 a
3119 2566 3311 2619 Roma-

1793 2653 1897 2716 nis,
1947 2655 2001 2708 in
2058 2655 2397 2709 solitudinem
2448 2669 2509 2707 ac
2562 2657 2858 2709 vastitatem
2907 2655 3108 2708 redacti
3158 2663 3305 2710 sunt.

1791 2741 2018 2796 Causam
2043 2744 2200 2798 etiam
2232 2743 2545 2798 vastationis
2589 2759 2769 2797 eorum
2815 2759 2988 2798 sermo
3033 2745 3305 2813 prepheti-

1791 2844 1887 2885 cus
1914 2832 2218 2898 exprobrat,
2257 2831 2345 2884 ubi
2375 2837 2554 2897 aperte
2581 2829 2958 2898 propemodum
2991 2830 3307 2898 interpreta-

1790 2927 1900 2981 tur,
1927 2927 1981 2974 et
2018 2919 2354 2973 manifestum
2383 2919 2646 2987 proponit,
2671 2919 2922 2986 quidnam
2960 2917 3119 2972 fuerit
3153 2917 3306 2985 illud,

1789 3007 1928 3075 quod
1953 3006 2056 3059 illis
2084 3005 2289 3058 ruinam
2327 3007 2583 3059 attulerit.
2611 3005 2899 3074 Postquam
2942 3006 3085 3060 enim
3126 3005 3307 3059 Salva-

1790 3105 1956 3148 torem
2011 3102 2249 3149 nostrum
2281 3099 2416 3163 apud
2459 3097 2601 3164 ipsos
2636 3097 2915 3150 docentem
2951 3097 3054 3166 ipsi
3085 3097 3307 3152 audien-

184 3185 446 3252 τεθέανται,
478 3190 760 3258 ἐπάχυνᾶν
782 3204 841 3239 τε
875 3182 1074 3240 ἑαυτῶν
1104 3186 1198 3256 τὴν
1223 3187 1461 3257 καρδίαν,
1483 3187 1571 3239 καὶ
1601 3205 1691 3256 μο-

1792 3193 1889 3245 tes,
1919 3186 2134 3238 auribus
2168 3185 2360 3238 mentis
2403 3200 2507 3240 non
2549 3186 2851 3248 audierunt,
2899 3197 3071 3255 neque
3098 3187 3308 3241 intelleo

178 3279 354 3347 νσνουχὶ
396 3281 517 3341 τοὺς
560 3278 879 3346 ὀφθαλμοὺς
920 3279 1015 3346 τῆς
1064 3277 1296 3338 διανοίας
1345 3276 1561 3345 ἐμυσαν,
1602 3279 1691 3329 καὶ

158 3365 217 3416 τά
257 3363 362 3422 ὦτα
399 3369 690 3438 ἐϐαρυναν,
729 3369 804 3430 ῶς
847 3385 1005 3436 φησιν
1054 3370 1084 3435 ἡ
1131 3367 1424 3436 προφητεία
1448 3406 1462 3430 ,
1506 3369 1688 3419 τούτου

146 3455 304 3526 χάριν
327 3457 785 3530 ὲρημωθήσεσθαι
818 3457 992 3508 αὐτῶν
1023 3473 1151 3525 φησι
1187 3456 1282 3518 τὰς
1321 3457 1514 3518 πόλεις,
1546 3457 1691 3526 παρὰ

142 3541 191 3594 τὸ
217 3546 307 3615 μὴ
333 3545 726 3605 κατοικεῖσθαι,
761 3545 856 3596 καὶ
882 3543 976 3612 τὴν
1001 3543 1102 3611 γῆν
1128 3543 1440 3611 γενήσεσθαι
1471 3544 1562 3612 ἐρη
1573 3558 1686 3610 μον,

140 3631 362 3702 βραχεῖς
389 3637 442 3688 δέ
489 3652 641 3696 τινας
679 3634 740 3696 ἐξ
785 3633 961 3685 αὐτῶν
995 3631 1490 3701 ὑπολειφθήσεσθαι,
1540 3632 1689 3700 δίκην

157 3724 361 3792 γνοεμου
389 3728 477 3777 καὶ
505 3721 770 3793 ζωπύρου
802 3721 1109 3791 σπέρματος
1141 3721 1600 3789 πεφυλαγμένους
1640 3721 1688 3772 οἶ

175 3810 257 3860 καὶ
289 3815 354 3876 εις
383 3816 588 3876 πάντας
633 3810 985 3881 προελθόντες
1023 3810 1356 3880 ἀνθρώπους.
1390 3809 1688 3880 πληθυνθῆ-

174 3898 330 3952 acea:
363 3904 448 3954 ἐπὶ
479 3903 580 3971 τῆς
623 3902 731 3970 γῆς
782 3899 1044 3964 λέγονται.
1089 3898 1230 3969 Πλὴν
1260 3897 1392 3951 ἀλλὰ
1431 3899 1521 3950 καὶ
1556 3898 1688 3967 μετὰ

171 3986 256 4055 τὴν
287 3992 486 4061 πρόοδον
525 3991 742 4044 τούτων
785 3988 978 4052 αὐτῶν,
1020 3988 1214 4058 δηλαδὴ
1254 3989 1360 4040 τῶν
1386 3989 1686 4040 ἀποστόλων

168 4077 250 4129 τοῦ
284 4083 514 4156 Σωτῆρος
544 4081 734 4152 ἡμῶν,
770 4081 850 4132 ἔτι
883 4079 1041 4151 φησὶν
1089 4081 1171 4132 ἐπ’
1212 4080 1376 4159 αὐτῆς
1420 4081 1514 4150 τῆς
1564 4080 1687 4132 Ἰου-

163 4165 296 4231 δαίας
315 4173 481 4244 χώρας
511 4171 796 4239 διαμεῖναι
821 4168 880 4218 τὸ
901 4166 1229 4230 ἐπιδέκατον,
1253 4168 1344 4219 καὶ
1368 4167 1499 4236 μετὰ
1519 4167 1685 4221 ταῦτα

161 4250 295 4320 αὖθις
334 4262 542 4316 ἔσεσθαι
574 4261 780 4321 αὐτοὺς
823 4259 899 4320 είς
945 4257 1214 4327 προνομὴν
1258 4257 1330 4320 ὡς
1365 4259 1682 4331 τερέϐινθος,

161 4344 246 4395 καὶ
269 4347 331 4410 ὡς
363 4350 586 4419 βάλανος
626 4349 760 4401 ὅταν
795 4347 998 4416 ἐκπέσῃ
1027 4346 1124 4415 τῆς
1153 4345 1322 4414 θήκης
1353 4347 1535 4414 αὐτῆς.
1579 4349 1684 4400 Πα-

160 4434 347 4506 ﬁrmet
383 4442 457 4504 δὲ,
495 4441 575 4502 ὡς
614 4436 791 4507 οἶμαι,
827 4436 914 4488 διὰ
947 4435 1148 4487 τούτων
1177 4435 1206 4486 ὁ
1230 4435 1400 4502 λόγος,
1439 4437 1516 4488 ὅτι
1552 4439 1685 4506 μετὰ

1792 3283 1980 3327 xerunt
2010 3277 2254 3342 quisnam
2286 3282 2448 3340 esset,
2479 3287 2532 3329 et
2557 3277 2703 3328 illum
2725 3277 2894 3330 oculis
2921 3278 3161 3345 corporis
3187 3291 3304 3330 cen-

1789 3374 1998 3427 nentes,
2023 3367 2182 3419 animi
2203 3367 2374 3421 oculis
2403 3382 2505 3419 non
2527 3375 2931 3434 perspexerunt,
2959 3380 3308 3434 crassumque

1790 3468 1944 3506 suum
2002 3455 2238 3523 ipsorum
2293 3470 2386 3509 cor
2436 3455 2799 3518 reddiderunt,
2848 3462 2900 3508 et
2946 3469 3081 3525 pene
3120 3456 3305 3508 oculos

1789 3545 1982 3597 mentis
2005 3547 2332 3607 clauserunt,
2361 3553 2518 3613 atque
2562 3559 2718 3598 aures
2746 3550 3122 3613 gravaverunt,
3146 3551 3204 3595 ut
3231 3545 3306 3595 ait

1797 3633 2091 3701 prophetia.
2129 3631 2263 3685 Tum
2293 3640 2507 3701 propter
2525 3633 2660 3684 hanc
2683 3645 2924 3695 causam,
2955 3631 3197 3684 civitates
3220 3645 3306 3684 eoo

1787 3736 1904 3772 rum
1943 3722 2071 3774 dicit
2093 3737 2214 3776 esse
2249 3721 2551 3784 vastandas,
2585 3721 2718 3775 adeo
2750 3728 2809 3774 ut
2844 3735 2950 3774 non
2979 3719 3302 3780 habitentur,

1788 3826 1848 3865 ac
1875 3821 2067 3866 terram
2099 3826 2282 3865 eorum
2308 3811 2419 3865 fore
2441 3811 2721 3872 desertam,
2762 3825 2969 3878 paucos
2987 3823 3112 3863 vero
3141 3823 3304 3878 quos-

1786 3901 1906 3954 dam
1959 3918 2024 3956 ex
2059 3902 2163 3954 illis
2219 3899 2607 3969 superfuturos,
2643 3899 2732 3971 qui
2770 3900 2859 3953 ubi
2897 3899 3065 3953 instar
3091 3897 3304 3952 fecundi

1789 4007 1851 4046 ac
1879 3993 1984 4045 vivi
2013 3991 2231 4046 seminis
2275 3991 2574 4046 conservati
2617 3989 2830 4054 fuerint,
2867 3988 2934 4043 ad
2977 4004 3162 4043 omnes
3209 3988 3303 4040 hi»

1785 4083 1954 4136 mines
1982 4089 2343 4153 penetrantes,
2367 4080 2755 4150 multiplicandi
2797 4067 2918 4135 esse
2964 4069 3017 4132 in
3048 4087 3189 4133 terra
3221 4080 3302 4132 di«

1784 4179 1998 4226 cuntur.
2043 4171 2416 4227 Verumtamen
2460 4179 2580 4240 post
2619 4171 2811 4224 horum
2860 4169 3096 4238 ipsorum
3128 4169 3303 4238 profe-

1784 4263 2037 4324 ctionem,
2077 4263 2436 4330 apostolorum
2486 4260 2731 4315 videlicet
2761 4259 3056 4313 Salvatoris
3110 4260 3299 4320 nostri,

1785 4348 1958 4402 adhuc
1987 4350 2060 4403 ait
2093 4350 2147 4402 in
2177 4350 2292 4418 ipsa
2321 4351 2533 4418 regione
2561 4347 2860 4402 Judaaorum
2887 4347 3148 4402 decimam
3185 4362 3302 4416 par-

1783 4444 1888 4491 tem
1919 4453 2244 4504 mansuram,
2270 4453 2332 4492 ac
2368 4439 2616 4506 deinceps
2647 4453 2836 4493 rursus
2866 4437 3076 4492 futuros
3111 4451 3204 4492 eos
3244 4438 3298 4490 in

155 4524 246 4591 τὴν
278 4530 474 4600 πρώτην
518 4527 865 4598 πολιορκίαν,
892 4526 960 4595 ἢν
996 4524 1131 4576 κατὰ
1171 4525 1294 4586 τοὺς
1323 4525 1430 4576 τῶν
1465 4526 1684 4579 ἀποστό-

1791 4525 2153 4594 direptionem,
2186 4529 2339 4596 quasi
2371 4528 2749 4591 terebinthum,
2781 4534 2834 4582 et
2863 4527 3018 4596 quasi
3053 4527 3298 4596 glandem

155 4604 252 4659 λων
280 4615 500 4682 χρόνους,
526 4618 622 4668 καί
646 4613 792 4666 κατὰ
835 4611 1118 4681 Ῥωμαίων
1151 4613 1514 4684 αὐτοκράτορα
1545 4615 1674 4667 Οὐε-

160 4705 421 4756 σπασιανὸν
448 4704 798 4774 ἱστοροῦνταιί
819 4701 1159 4763 πεπονθέναι,
1191 4698 1340 4764 αὖθις
1360 4704 1448 4754 ἐπὶ
1482 4703 1678 4773 Ἀδρια-

158 4784 242 4837 νοῦ
263 4789 485 4865 δεύτερον
512 4791 966 4863 πολιορκηθέντες
995 4791 1264 4854 παντελῶς
1288 4792 1569 4862 εἴρχθησαν
1583 4795 1674 4846 τοῦ

159 4873 317 4942 τύπω,
333 4882 402 4946 ὡς
430 4883 562 4953 μηδὲ
587 4882 685 4934 τοῦ
711 4881 937 4947 ἐδάφους
964 4881 1060 4950 τῆς
1101 4881 1446 4952 Ἰερουσαλὴμ
1469 4884 1670 4936 ἐπιϐαί-

165 4973 262 5012 νειν
282 4966 670 5039 ἐπιτρέπεσθαι.
713 4967 883 5020 Τοῦτο
911 4967 955 5019 δ’
992 4963 1083 5020 οὖν
1121 4968 1477 5037 αἰνιττόμενός
1518 4987 1667 5038 φησι·

170 5062 184 5092 t
215 5047 308 5104 Καὶ
327 5060 478 5111 πάλιν
501 5059 657 5110 ἔσται
700 5061 778 5120 εἰς
805 5055 1101 5126 προνομὴν,
1125 5056 1196 5118 ὼς
1229 5057 1547 5125 τερέϐινθος,
1581 5058 1671 5111 καὶ

165 5133 365 5212 ῗνάλανος,
398 5150 526 5201 ὅταν
565 5148 776 5219 ἐκπέσῃ
809 5150 870 5198 ἐκ
895 5147 996 5215 τῆς
1026 5143 1196 5214 θήκης
1239 5145 1402 5214 αὐτῆς

1781 4628 1880 4667 suo
1906 4615 2076 4682 spolio
2100 4625 2331 4669 exutam.
2365 4615 2701 4671 Demonstrat
2740 4624 2938 4679 autem,
2962 4625 3020 4668 ut
3044 4615 3294 4676 arbitror,

1779 4702 1862 4756 bis
1890 4703 2065 4756 verbis
2109 4707 2405 4771 oraculum,
2457 4715 2580 4777 post
2621 4708 2843 4778 primam
2884 4708 3027 4759 illam
3057 4703 3295 4758 obsidio-

1777 4809 1919 4857 nem,
1964 4809 2122 4862 quam
2169 4798 2526 4864 apostolorum
2570 4797 2921 4867 temporibus,
2954 4796 3055 4850 sub
3096 4792 3286 4860 Vespa-

1777 4886 1926 4938 siano
1961 4883 2319 4938 Romanorum
2361 4887 2680 4957 imperatore
2716 4886 2952 4955 perpessi
2988 4892 3293 4945 narrantur,

1776 4987 1966 5027 rursus
2007 4974 2107 5028 sub
2148 4974 2380 5030 Adriano
2415 4979 2580 5031 altera
2607 4977 2705 5045 71
2741 4973 3018 5029 obsidione
3049 4971 3292 5034 amictus,

1774 5062 1839 5116 de
1873 5062 1988 5116 loco
2018 5063 2108 5116 illo
2135 5063 2345 5132 penitus
2380 5069 2638 5120 arcendos
2671 5067 2802 5126 fore,
2838 5063 2967 5116 adeo
3001 5072 3059 5115 ut
3087 5078 3153 5118 ne
3180 5065 3295 5115 solo

1775 5154 1990 5224 quidem
2012 5155 2161 5211 urbis
2183 5155 2510 5212 Hierusalem
2545 5159 2793 5211 insistere
2827 5155 2933 5210 illis
2969 5157 3037 5210 sit
3075 5158 3292 5224 permit-

169 5228 359 5293 ιετιάιιιιι.
393 5241 509 5296 Hoc
531 5241 702 5312 igitur
730 5241 986 5299 innuens,
1023 5237 1104 5291 sic
1135 5238 1253 5289 ait:
1313 5255 1330 5286 ι
1380 5238 1439 5289 Ει
1475 5240 1666 5294 iterum
1698 5246 1798 5299 erit
1851 5249 1903 5301 in
1939 5249 2307 5317 direptionem,
2364 5259 2423 5302 ut
2455 5248 2806 5313 terebinthus,
2837 5253 2890 5303 et
2915 5248 3055 5304 sicut
3115 5249 3289 5317 glans.

168 5330 267 5370 “in
286 5334 467 5388 excidit
497 5335 568 5387 de
593 5334 773 5402 spolio
799 5347 901 5385 suo
918 5331 984 5382 ".
1033 5348 1052 5380 ι

93 5407 96 5429 ⁷
167 5485 179 5490 _
218 5407 308 5471 Ae'-
351 5443 369 5473 ι
409 5425 524 5476 Καὶ
555 5423 714 5476 ἔσται
742 5423 799 5472 ἐν
830 5423 896 5489 τῇ
928 5419 1114 5490 ἡμέρᾳ
1142 5419 1333 5489 ἐκείνῃο
1367 5418 1554 5488 apag,“
1584 5421 1675 5473 ἄν-

163 5485 324 5572 θεωπος
345 5513 578 5582 δάμαλιν
613 5509 776 5579 βοῶν,
819 5485 912 5561 κᾷι
949 5485 1057 5559 δύο*
1088 5485 1354 5576 πρόϐαταο
1399 5485 1491 5560 καί
1519 5510 1667 5564 ἔσται

202 5597 346 5690 tu”.
380 5637 418 5684 l,
454 5622 508 5673 7.
592 5618 641 5648 “
669 5617 864 5670 Matth.
898 5629 1061 5673 ιιιιιι.
1085 5615 1171 5668 3S,
1245 5614 1287 5645 ³⁵
1323 5612 1420 5671 19η.
1451 5631 1520 5682 η’
1556 5615 1661 5690 ηδ..⁴

189 5673 247 5750 ω
289 5673 790 5770 Desideraturzﬁg.
827 5700 992 5753 Enn.
1028 5697 1204 5752 Pun.

293 5807 568 5866 Punct.
605 5798 725 5856 Gn.
769 5795 820 5850 Χ
840 5791 986 5850 ΧΗ.

1844 5424 2078 5482 XXXIX.
2113 5447 2129 5476 ι
2161 5427 2224 5480 Ει
2253 5429 2356 5482 erit
2383 5428 2435 5481 in
2477 5427 2562 5482 die
2589 5427 2679 5480 illa
2711 5442 2722 5476 :
2755 5426 2962 5482 Nutriet
2992 5414 3169 5482 homo
3197 5427 3287 5492 ju-

1771 5531 1986 5570 vencam
2020 5521 2194 5585 boum,
2216 5527 2269 5590 et
2296 5520 2428 5575 duas
2458 5533 2604 5590 oves,
2621 5525 2672 5576 et
2691 5520 2792 5574 erit
2817 5535 2883 5576 ex
2908 5534 2972 5573 eo
2999 5517 3142 5586 quod
3171 5516 3290 5584 piu-
