3870 6330
812 372 908 427 159

1411 355 1668 413 EUSEBII
1698 353 2165 410 CESANENSIS
2202 351 2348 405 OPP.
2386 347 2564 402 PARS
2592 347 2655 399 ll.
2693 375 2758 384 --
2791 341 3205 400 APDLOCETICA.

809 485 996 535 rimum
1021 477 1178 529 faciet
1207 475 1287 527 lac
1320 491 1332 525 :
1365 471 1603 526 comedet
1640 470 1906 537 butyrum,
1944 471 1998 517 et
2039 467 2140 516 mel
2163 475 2310 514 com-

2073 467 2140 515 tel
2163 475 2310 514 com-
2339 466 2379 519 Α
2408 457 2514 509 ἀπὸ
2553 457 2642 506 τοῦ
2689 455 2926 505 πλεῖστον
2964 454 3097 504 ποιεῖν
3131 446 3248 515 γάλα,
3288 438 3456 507 τάγεται
3491 430 3601 500 βούτ-

809 569 926 623 edet
953 567 1249 634 quicunque
1295 560 1510 614 relictus
1539 557 1693 610 fuerit
1731 557 1784 608 in
1825 561 1964 606 terra
1984 551 2048 605 ⁸⁸.
2081 570 2099 601 ι
2142 548 2236 601 Hic
2266 547 2311 600 si

797 657 948 710 illam
972 653 1108 704 diem
1127 663 1282 717 quam
1311 647 1562 716 propheta
1591 644 1848 714 signiﬁcat
1866 639 2156 710 quaesieris,
2181 646 2314 691 tem-

810 759 905 814 pus
930 742 1188 794 adventus
1224 738 1516 792 Salvatoris
1563 735 1731 789 nostri
1762 732 2016 786 invenies.
2046 730 2142 785 Ubi
2172 729 2313 784 enim

802 833 937 885 dixit
959 830 1212 900 propheta
1239 846 1250 882 :
1281 847 1298 878 ι
1332 827 1467 881 Ecce
1497 827 1644 895 virgo
1681 825 1733 877 in
1760 831 1909 878 utero
1953 819 2234 888 concipiet,
2263 827 2315 872 et

801 922 974 990 pariet
1005 919 1163 972 [ilium
1189 936 1200 969 :
1237 937 1253 968 ›
1285 916 1510 985 plurima
1540 915 1896 987 interponens,
1910 911 2108 964 divinat
2139 909 2204 962 de
2228 908 2312 971 iis,

805 1026 922 1080 quae
939 1025 1030 1078 per
1051 1007 1284 1064 eamdem
1304 1006 1460 1069 diem,
1479 1005 1576 1057 hoc
1595 1011 1694 1068 est,
1723 1001 2008 1056 Salvatoris
2035 1000 2203 1054 nostri
2225 998 2317 1051 ad-

806 1109 994 1155 ventus
1023 1105 1278 1164 tempore,
1313 1094 1489 1147 futura
1516 1100 1659 1147 sunt.
1699 1091 1933 1145 Virtutes
1961 1090 2101 1144 enim
2134 1088 2319 1151 invisi-

809 1190 959 1250 biles,
985 1197 1036 1240 et
1059 1184 1312 1254 quosdam
1361 1183 1623 1243 inimicos,
1673 1191 1829 1250 atque
1876 1182 2074 1243 hostes,
2107 1191 2318 1232 muscas

808 1285 859 1330 et
899 1291 1023 1346 apes
1060 1275 1322 1344 allegoriae
1367 1273 1572 1341 legibus
1615 1272 1927 1332 nominans,
1981 1271 2316 1338 ingressuros

808 1381 926 1420 esse
971 1373 1164 1419 terram
1191 1362 1488 1416 Judaeorum
1527 1361 1677 1426 dicit,
1724 1367 1880 1428 atque
1911 1359 1980 1410 ita
2013 1357 2314 1418 Dominum,

810 1453 1039 1508 hostium
1071 1454 1306 1520 ipsorum
1345 1448 1622 1507 novacula,
1653 1454 1902 1514 tanquam
1931 1443 2105 1512 magni
2138 1443 2320 1510 cujus-

807 1540 930 1594 dam
958 1539 1217 1608 corporis,
1247 1537 1412 1605 ipsius
1437 1535 1668 1588 Iudaica:
1697 1533 1866 1602 gentis
1899 1538 2078 1599 caput,
2113 1536 2164 1582 et
2185 1528 2318 1596 pilos

809 1629 1024 1698 pedum,
1053 1634 1106 1680 et
1136 1626 1376 1686 barbam,
1426 1631 1478 1676 et
1507 1619 1736 1687 denique
1769 1632 1924 1670 omne
1951 1619 2316 1667 ornamentum

810 1733 990 1772 eorum
1045 1716 1378 1770 abrasurum.
1413 1710 1546 1764 Cum
1592 1723 1719 1761 vero
1761 1707 1872 1758 haec
1904 1705 1956 1757 in
2001 1704 2089 1756 illa
2119 1703 2222 1765 die,
2254 1701 2318 1754 de

2410 545 2501 597 καὶ
2530 543 2644 611 μέλι
2680 541 2898 608 φάγεται
2931 541 3025 600 πᾶς
3047 540 3067 590 ό
3088 528 3365 596 καταλειφθεὶς
3385 524 3458 576 ἐπὶ
3481 521 3558 588 τῆς
3575 521 3604 584 γτ

2423 629 2677 683 Ἐνταῦθα
2693 630 2785 697 τὴν
2804 627 3092 696 δηλουμένην
3114 621 3269 692 ἡμέραν
3297 612 3566 682 ἐπιζητήσας,
3583 624 3601 658 ε

2409 721 2567 774 αὑτὸν
2593 719 2679 770 τὸν
2705 717 2886 787 χρόνον
2910 716 3001 785 τῆς
3021 713 3090 766 τοῦ
3109 711 3296 778 Σωτῆρος
3326 703 3442 773 ἡμῶν
3464 701 3604 765 έπιφα·

2412 810 2587 863 Εἰπὼν
2614 808 2718 878 γὰρ
2746 811 2773 860 ὁ
2801 807 3074 877 προφήτης,
3109 821 3123 853 ι
3157 799 3254 852 Ἰδοὺ
3285 793 3490 864 παρθένος
3521 790 3604 854 iv:

2411 901 2647 971 λήψεται,
2695 899 2786 952 καὶ
2822 896 3022 962 τέξεται
3053 892 3153 955 υἱὸν,
3179 910 3193 941 ι
3226 888 3400 939 πλεῖστα
3420 881 3494 936 διὰ.
3524 879 3605 971 μέσ

2413 969 2587 1052 σπίζει
2619 988 2743 1058 περὶ
2772 986 2876 1040 τῶν
2903 984 3028 1038 κατὰ
3051 983 3124 1052 τὴν
3143 979 3270 1049 αὐτὴν
3296 974 3486 1045 ἡμέραν,
3505 969 3606 1022 τοῦτ

2413 1079 2554 1149 ἀμφὶ
2590 1077 2678 1129 τὸν
2709 1077 2889 1146 χρόνον
2917 1075 3012 1144 τῆς
3035 1071 3105 1125 τοῦ
3135 1070 3331 1138 Σωτῆρος
3357 1063 3486 1135 ἡμῶν
3511 1063 3606 1112 tm

2413 1166 2799 1236 γενησομένων.
2853 1164 3090 1232 Δυνάμεις
3139 1161 3222 1230 γὰρ
3270 1155 3488 1228 ἀοράτους
3534 1151 3606 1203 καί

2415 1257 2649 1326 ἐχθροὺς,
2691 1255 2781 1307 καὶ
2825 1254 3103 1323 πολεμίους,
3129 1251 3258 1321 μυίας
3281 1247 3363 1300 καὶ
3391 1242 3606 1314 μελίσσας

2413 1345 2726 1416 ἀλληγορίας
2751 1342 3134 1412 ὀνομαζομένους
3163 1333 3460 1406 ἐπιϐήσεσθαι
3492 1333 3551 1399 τῇ
3580 1346 3605 1379 τ

2413 1436 2565 1489 δαίων
2577 1435 2722 1504 χώρᾳ
2743 1434 2921 1502 φησὶν,
2942 1429 3109 1484 καὶτὸν
3121 1427 3285 1498 Κύριον
3307 1422 3432 1493 ξυρῷ
3450 1420 3545 1474 τῶν
3563 1435 3606 1470 πι

2415 1525 2556 1577 ὡσάν
2597 1523 2825 1594 μεγάλου
2878 1522 3116 1589 σώματος,
3145 1516 3220 1570 τοῦ
3271 1511 3506 1566 Ἰουδαίων
3544 1508 3606 1561 ἔθη

2417 1616 2666 1684 κεφαλὴν,
2691 1615 2781 1667 καὶ
2810 1611 2905 1674 τὰς
2922 1612 3090 1682 τρίχας
3107 1608 3194 1661 τῶν
3215 1606 3388 1669 ποδῶν,
3408 1601 3589 1656 καὶτὸν

2417 1707 2505 1758 καὶ
2537 1707 2728 1767 πάντα,
2764 1700 3047 1770 συλλήϐδην
3071 1700 3230 1760 εἰπεῖν,
3262 1696 3342 1748 τὸν
3365 1693 3552 1761 κόσμον
3581 1709 3606 1742 α

812 1825 911 1878 qua
941 1807 1113 1877 agitur
1146 1805 1322 1856 futura
1349 1802 1473 1862 sint,
1500 1800 1553 1851 in
1598 1810 1701 1866 qua
1730 1790 1969 1849 videlicet
1999 1794 2087 1846 ille
2125 1792 2190 1845 de
2214 1805 2320 1860 quo

2077 1809 2087 1845 ι
2125 1792 2190 1845 de
2214 1805 2320 1860 quo
2350 1808 2389 1861 Β
2418 1797 2614 1866 ρήσειν.
2650 1792 2858 1846 Τούτων
2891 1793 2934 1844 δ’
2957 1789 3186 1859 ἐσομένων
3213 1789 3261 1840 έν
3287 1789 3348 1856 τῇ
3375 1781 3605 1852 θεσπιζοι

812 1898 1043 1969 loquitur
1085 1901 1334 1950 nascetur
1359 1891 1423 1944 de
1468 1887 1703 1956 Virgine,
1735 1893 1843 1937 tum
1871 1898 1988 1936 eum
2029 1881 2316 1944 hominem,

813 1987 900 2058 qui
930 1986 1143 2040 relictus
1170 1980 1325 2035 fuerit
1346 1979 1410 2030 de
1438 1975 1598 2029 totius
1621 1975 1792 2042 gentis
1824 1973 2055 2030 interitu,
2091 1970 2188 2023 hoc
2215 1975 2316 2030 est,

813 2091 1018 2131 omnem
1047 2074 1346 2144 quicunque
1367 2087 1429 2123 ex
1459 2070 1562 2122 illis
1583 2070 1634 2120 in
1663 2063 1928 2116 Christum
1962 2059 2050 2114 Dei
2082 2059 2319 2113 credide-

815 2168 901 2228 rit,
931 2165 1257 2220 nutriturum
1279 2162 1558 2229 juvencam
1585 2157 1766 2217 boum,
1792 2161 1843 2205 et
1877 2151 2010 2205 duas
2035 2165 2159 2203 oves
2188 2163 2322 2217 prak

815 2255 944 2308 dicit
978 2270 990 2304 :
1027 2260 1080 2307 et
1098 2267 1162 2306 ex
1194 2265 1259 2306 eo
1283 2248 1420 2318 quod
1452 2245 1739 2316 plurimum
1770 2243 1924 2296 faciet
1954 2242 2054 2302 lac,
2076 2241 2322 2308 butyrum

813 2350 868 2398 et
898 2344 999 2397 mel
1028 2354 1384 2396 comesurum.
1419 2335 1583 2388 Porro
1619 2334 1728 2386 haec
1763 2333 1804 2385 si
1851 2331 2067 2399 mystice
2088 2335 2325 2381 contem-

816 2433 1064 2505 plaberis,
1105 2429 1363 2496 intelliges
1402 2427 1454 2479 in
1500 2423 1789 2477 Salvatoris
1834 2419 2001 2473 nostri
2049 2416 2320 2485 apostolis,

818 2503 971 2578 suum
1001 2520 1152 2573 linem
1181 2514 1466 2584 accepisse.
1494 2513 1727 2576 Quorum
1758 2508 1948 2576 singuli
1979 2507 2032 2558 in
2055 2507 2119 2558 iis
2145 2503 2325 2557 Eccle—

819 2613 933 2674 siis,
972 2611 1026 2662 in
1063 2607 1254 2676 quibus
1292 2605 1486 2657 virtute
1525 2600 1724 2654 Christi
1773 2595 2135 2659 constiterint,
2173 2594 2324 2648 binas

819 2715 964 2762 oves,
995 2698 1098 2750 hoc
1128 2703 1228 2758 est,
1263 2694 1418 2747 binos
1447 2689 1659 2744 ordines
1688 2689 1855 2742 instar
1885 2686 2081 2746 ovium,
2109 2683 2174 2737 ad
2204 2696 2324 2752 gre-

820 2803 935 2858 gem
963 2785 1162 2840 Christi
1193 2781 1585 2840 convenientes,
1615 2780 1838 2830 alterum
1872 2775 2081 2843 quidem
2128 2772 2180 2824 in
2215 2769 2325 2840 pri—

2423 1901 2490 1955 ρᾳ
2512 1884 2602 1936 τοῦ
2629 1885 2692 1935 ὲκ
2716 1883 2814 1951 τῆς
2842 1880 3095 1952 Παρθένου
3135 1875 3484 1948 γενησομένου,
3528 1871 3606 1924 τὸν

2423 1976 2614 2045 φθέντα
2634 1974 2906 2044 ἄνθρωπον
2928 1973 2989 2023 έκ
3005 1971 3091 2038 τῆς
3105 1967 3185 2020 τοῦ
3208 1965 3388 2027 παντὸς
3411 1964 3585 2023 ἔθνους

2422 2066 2557 2117 τοῦτ’
2587 2065 2726 2117 ἐστιν
2758 2065 2966 2117 ἅπαντα
2991 2059 3070 2111 τὸν
3091 2057 3139 2121 ἐξ
3163 2056 3316 2108 αὐτῶν
3348 2057 3424 2113 εἰς
3455 2053 3543 2104 τὸν
3569 2053 3606 2102 Χ

2424 2152 2552 2207 Θεοῦ
2586 2153 2990 2212 πεπιστευκότα,
3035 2147 3222 2220 θρέψειν
3256 2145 3474 2215 δάμαλιν
3517 2142 3606 2210 βοᾶ

2429 2244 2662 2314 πρόϐατα
2691 2242 3030 2313 προφητεύει,
3050 2240 3142 2292 ἀπό
3168 2255 3218 2290 τε
3243 2234 3329 2287 τοῦ
3358 2235 3606 2286 πλεῖστον

2425 2333 2508 2396 λα,
2529 2331 2784 2400 φάγεσθαι
2808 2331 3053 2399 βούτυρον
3073 2328 3155 2380 καὶ
3179 2327 3304 2397 μέλι.
3324 2325 3562 2392 Νοήσεις
3583 2322 3606 2372 δ

2427 2420 2560 2474 κατά
2605 2419 2858 2487 μυστικὴν
2891 2416 3104 2485 θεωρίαν
3137 2416 3221 2466 ἐπὶ
3249 2413 3352 2466 τῶν
3381 2413 3478 2464 τοῦ
3511 2413 3606 2463 Σωι

2427 2507 2726 2560 ἀποστόλων
2766 2505 3122 2574 τετελεσμένα.
3164 2498 3256 2555 Ὧν
3287 2503 3522 2563 ἕκαστος
3553 2503 3606 2551 ὲν

2426 2598 2517 2650 τοῦ
2545 2595 2771 2668 Χριστοῦ
2803 2595 3018 2662 δυνάμει
3059 2593 3408 2662 συνεστήσατο
3449 2589 3606 2642 Ἐκκῖ

2427 2689 2672 2756 τάγματα
2706 2685 2856 2753 δίκην
2883 2682 3173 2754 προϐάτων,
3205 2682 3295 2734 ἐπὶ
3315 2681 3418 2750 τὴν
3449 2679 3552 2732 τοῦ
3583 2681 3606 2730 ὶ

2433 2792 2565 2846 μνην
2598 2773 2856 2826 συνιόντα·
2889 2771 2949 2824 τὺ
2995 2772 3088 2842 μὲν
3117 2771 3277 2822 εἰσέτι
3328 2769 3606 2838 στοιχειού

822 2881 923 2934 mis
965 2877 1136 2930 adhuc
1162 2873 1436 2928 elementis
1473 2877 1792 2930 versantem,
1827 2867 2050 2919 alterum
2083 2876 2206 2915 vero
2235 2859 2326 2928 qui

2083 2876 2206 2915 vero
2235 2859 2326 2928 qui
2430 2863 2527 2932 ήδη
2555 2859 2639 2912 διὰ
2672 2859 2764 2911 τοῦ
2803 2857 3019 2930 λουτροῦ
3056 2857 3488 2929 πεφωτισμένον·
3539 2873 3605 2907 κα

819 2971 927 3038 iam
950 2982 1044 3036 per
1070 2966 1338 3019 lavacrum
1373 2961 1442 3014 sit
1488 2959 1804 3018 illustratus,
1850 2969 1910 3007 ac
1953 2959 2204 3021 praeterea
2243 2948 2328 3017 ju-

2075 2963 2204 3004 .erea
2243 2948 2328 3038 ⁸Ῑιιῖ
2435 2949 2557 3020 μίαν
2580 2947 2801 3018 δάμαλιν
2830 2949 2925 3018 τήν
2952 2935 3402 3016 ὲκκλησιαστικῆν
3434 2945 3558 2998 τῶν
3600 2964 3603 2974 λ

822 3035 1040 3112 vencam
1089 3069 1268 3114 unam,
1315 3047 1732 3105 ecclesiasticum
1777 3044 1956 3110 utique
1999 3055 2202 3101 eorum,
2237 3035 2330 3106 qui

2077 3055 2202 3101 rum,
2237 3035 2330 3106 qui
2432 3040 2526 3110 χὴν
2545 3041 2660 3100 ταῖς
2680 3037 2874 3099 ἐνθέοις
2895 3037 2986 3089 καὶ
3003 3036 3240 3103 λογικαῑς
3266 3039 3516 3105 τροφαῖς
3554 3039 3605 3088 ὲδ

825 3145 1107 3217 president
1126 3141 1500 3213 principatum,
1524 3135 1715 3191 divinis
1736 3143 1788 3188 et
1811 3131 2154 3187 rationalibus
2194 3127 2327 3181 cibis
2352 3149 2353 3163 ι

2076 3146 2154 3184 ius
2194 3127 2327 3181 cibis
2352 3125 2398 3186 C
2429 3144 2522 3198 μον
2549 3126 2608 3190 ἐξ
2644 3126 2817 3180 αὐτῶν
2847 3126 3006 3192 γάλα,
3041 3126 3130 3177 καὶ
3181 3125 3303 3194 μέλι
3345 3125 3458 3194 τῆς
3493 3144 3604 3178 πον

823 3215 1112 3290 nutrientes
1140 3250 1153 3285 :
1183 3229 1460 3284 fecundum
1497 3241 1560 3279 ex
1604 3223 1708 3277 illis
1746 3223 1846 3282 lac,
1872 3229 1924 3274 et
1951 3217 2074 3282 mel,
2103 3217 2219 3285 ejus
2257 3215 2334 3268 vi-

823 3325 1012 3379 delicet
1034 3323 1161 3385 cibi,
1189 3335 1343 3390 quem
1374 3318 1474 3387 ipsi
1510 3315 1914 3376 elaboraverint,
1954 3312 2182 3364 fructum
2215 3322 2334 3378 per-

823 3419 1097 3484 ceperunt.
1129 3410 1193 3463 Et
1219 3409 1358 3478 quod
1387 3406 1594 3476 quidem
1625 3420 1738 3460 eam
1781 3401 2190 3461 multitudinem,
2219 3413 2336 3466 qua:

820 3523 886 3560 ex
919 3499 1396 3573 imperfectioribus
1425 3503 1632 3552 constat
1671 3495 1878 3555 ovibus,
1907 3493 2118 3546 divinus
2158 3502 2334 3543 sermo

824 3604 1132 3661 comparare
1155 3585 1508 3648 consueverit,
1525 3599 1631 3637 non
1656 3593 1735 3638 est
1763 3598 1894 3652 opus
1915 3589 1971 3636 ut
1997 3582 2187 3642 dicam,
2214 3593 2335 3632 cum

827 3682 925 3736 hoc
943 3695 1126 3736 omnes
1154 3676 1342 3731 divina:
1365 3675 1550 3728 littera:
1572 3671 1871 3726 ostendant.
1905 3671 2006 3739 72
2033 3667 2182 3733 Quod
2215 3681 2338 3720 vero

825 3785 968 3832 eum,
1019 3769 1110 3838 qui
1156 3766 1438 3836 perfectior
1480 3763 1569 3828 sit,
1602 3772 1655 3818 et
1705 3763 1919 3824 multos,
1965 3758 2118 3828 quasi
2166 3759 2337 3810 bonus

826 3858 1054 3926 agricola
1099 3862 1361 3919 exerceat,
1395 3853 1752 3920 Ecclesiaaque
1795 3847 2096 3918 praesideat,
2138 3845 2338 3899 rustico

829 3947 985 3999 boum
1028 3943 1194 3997 labori
1245 3944 1368 3996 item
1409 3941 1652 3996 conferre
1699 3940 1885 3994 soleat.
1923 3943 2140 3992 Sanctus
2182 3934 2338 3988 nobis

828 4037 1153 4086 demonstrat
1179 4030 1482 4098 Apostolus,
1505 4029 1591 4082 ubi
1621 4029 1694 4080 ait
1719 4046 1731 4080 :
1760 4044 1777 4077 ι
1808 4024 2055 4093 Nunquid
2077 4023 2142 4076 de
2168 4021 2338 4075 bubus

829 4137 958 4175 cura
979 4131 1060 4175 est
1098 4119 1243 4174 Deo?
1273 4135 1339 4172 an
1368 4129 1580 4188 propter
1618 4132 1714 4170 nos
1753 4114 1965 4168 omnino
2013 4111 2175 4165 dicit?
2203 4125 2337 4179 quo.

829 4216 971 4268 niam
1000 4211 1155 4265 debet
1190 4211 1242 4264 in
1267 4227 1378 4279 spe,
1403 4210 1493 4279 qui
1529 4217 1662 4270 arat,
1691 4219 1844 4258 arare
1867 4222 1880 4255 :
1902 4211 1954 4257 et
1983 4203 2071 4271 qui
2104 4202 2336 4264 triturat,

831 4305 882 4357 in
910 4317 1022 4370 spe,
1042 4307 1101 4354 ut
1129 4300 1196 4354 sit
1223 4301 1485 4368 particeps
1507 4298 1573 4349 ⁸⁸.
1599 4320 1616 4348 ι
1647 4293 1794 4361 Quod
1813 4294 1857 4347 si
1889 4291 2008 4361 quis
2040 4290 2338 4345 istiusmodi

833 4389 1012 4460 liguris
1037 4386 1284 4456 loquendi
1304 4385 1616 4446 offendatur,
1650 4383 1787 4436 idem
1811 4378 2002 4448 poterit
2026 4384 2079 4432 et
2104 4391 2336 4440 muscas,

2428 3217 2625 3287 τροφῆς
2665 3213 2754 3266 τὸν
2797 3215 3001 3285 καρπὸν
3037 3216 3424 3285 ἀπηνέγκατο.
3461 3216 3606 3268 ’Ὀπι

2427 3303 2532 3356 τῶν
2576 3303 2929 3372 ἀτελεστέρων
2978 3303 3156 3374 πλήθη
3206 3304 3535 3375 προϐάτοις
3600 3325 3606 3354 ι

2429 3395 2710 3466 ἀφομοιοῦν
2751 3395 2921 3462 λόγος,
2967 3395 3120 3447 οὐδὲν
3166 3395 3249 3447 δεῖ
3290 3395 3525 3463 λέγειν,
3591 3415 3606 3446 τ

2430 3486 2582 3540 τοῦτο
2615 3483 2978 3552 διδασκούσης.
3010 3483 3116 3536 Τὸν
3143 3483 3202 3536 δέ
3237 3501 3308 3552 γε
3349 3486 3606 3538 ὲντελὲο

2432 3576 2650 3638 πολλοὺς
2673 3573 3008 3643 γεωργοῦντα
3030 3574 3130 3642 τῆς
3162 3574 3540 3643 Ἐκκλησίας
3563 3579 3606 3646 ἡ

2432 3666 2508 3736 τῷ
2530 3666 2779 3734 γεωπόνῳ
2806 3663 2912 3716 τῶν
2944 3663 3084 3731 βοῶν
3125 3664 3556 3732 παραϐάλλει,

2437 3755 2524 3824 ρὸς
2555 3753 2858 3815 ἀπόστολος,
2887 3752 3080 3818 λέγων·
3117 3769 3137 3801 ι
3171 3750 3277 3822 Μὴ
3308 3753 3437 3804 τῶν
3463 3753 3605 3822 βοῶ

2434 3844 2466 3912 ἢ
2505 3843 2568 3893 δι’
2597 3843 2736 3911 ἡμᾶς
2781 3840 2992 3902 πάντως
3028 3839 3226 3906 λέγεις
3271 3841 3368 3893 ὅτι
3413 3842 3604 3909 ἐκρεῖ)

2435 3928 2692 4000 ἀροτριῶν
2733 3929 3007 3997 ἀροτριᾷν,
3061 3929 3168 3981 καὶ
3237 3929 3272 3980 ὁ
3339 3930 3598 3997 ἀλοῶν,

2439 4019 2695 4089 μετέχειν.
2733 4035 2750 4068 ι
2791 4017 2852 4068 El
2880 4016 2937 4068 δὲ
2970 4017 3352 4088 προσκόπτοι
3399 4038 3505 4084 τις
3558 4039 3601 4074 τ

2438 4107 2723 4174 πολογίαις,
2750 4104 2864 4177 ὦρά
2884 4105 3076 4158 τοῦτον
3111 4108 3271 4177 μηδὲ
3298 4108 3421 4172 τὰς
3453 4110 3602 4181 ὸνοι

2436 4198 2468 4266 ἢ
2503 4195 2767 4266 μελίσσας,
2809 4195 2938 4264 μηδὲ
2971 4195 3036 4247 τὸ
3067 4195 3282 4266 ξυρὸν,
3335 4199 3513 4267 μηδὲ
3559 4218 3599 4253 τ

2434 4287 2531 4348 τὰς
2571 4283 2754 4354 τρίχας
2791 4283 2896 4336 τῶν
2943 4284 3140 4336 ποδῶν
3195 4286 3378 4339 κατὰ
3436 4289 3600 4342 διάν

2438 4375 2665 4436 ἀτόπους
2686 4374 2740 4425 δὲ
2766 4374 2855 4425 καὶ
2882 4373 3260 4437 ἀσυστάτους
3295 4377 3598 4432 ὲκπὶτττε

830 4445 896 4531 εἴ
907 4491 1053 4545 apes,
1087 4445 1153 4528 de
1200 4472 1391 4541 quibus
1440 4445 1639 4524 dictum
1682 4473 1785 4529 est,
1812 4445 1884 4519 ἐι
1918 4463 2254 4526 novaculum,
2287 4471 2339 4516 et

2068 4463 2254 4526 :ulum,
2287 4471 2339 4516 et
2370 4445 2410 4499 D
2440 4464 2482 4515 δ’
2511 4465 2716 4533 ἀνάγκη
2767 4462 2932 4514 ταῦτα
2970 4463 3053 4534 μὴ
3094 4463 3316 4528 ἄλλως
3371 4467 3420 4537 ἢ
3485 4487 3591 4522 κα,

830 4566 1071 4626 barbam,
1096 4571 1149 4617 et
1188 4561 1320 4629 pilos
1349 4560 1562 4629 pedum,
1595 4573 1699 4611 non
1734 4571 1797 4609 ex
1829 4553 2114 4615 sententia,
2146 4553 2239 4606 sed
2271 4569 2336 4607 ex

2069 4568 2114 4615 a,
2146 4553 2239 4606 sed
2271 4569 2336 4607 ex
2438 4553 2698 4622 δέχεσθαι,
2731 4552 2882 4620 δῆλον
2907 4555 2984 4604 ὅτι
3010 4554 3123 4604 καὶ
3156 4553 3247 4605 τὰ
3285 4556 3597 4612 ἀκόλουε

831 4655 1030 4723 scripto
1058 4648 1423 4719 contemplari,
1456 4655 1612 4716 atque
1665 4646 1736 4698 ita
1763 4645 1914 4713 plane
1940 4643 1994 4697 in
2035 4643 2261 4696 ridicula
2293 4651 2347 4696 et
2401 4643 2630 4697 absurda
2682 4641 2976 4694 fabularum
3029 4643 3517 4701 deliramenta
3589 4667 3598 4702 ι

832 4743 1108 4798 nonaliter
1135 4741 1247 4795 haec
1276 4738 1518 4806 accipere
1560 4749 1775 4789 necesse
1800 4742 1899 4795 est,
1924 4747 2083 4801 quam
2117 4732 2181 4786 ad
2226 4745 2440 4786 sensum
2501 4729 2780 4799 quemdam
2833 4730 3218 4795 interiorem,
3261 4733 3510 4795 ,haud
3563 4741 3600 4794 (Ξ

833 4835 984 4888 etiam
1008 4847 1067 4886 ea
1096 4846 1214 4900 quae
1237 4835 1550 4898 sequuntur,
1577 4824 1735 4877 simili
1768 4823 1989 4876 ratione.

895 4922 1005 4976 XL.
1035 4939 1052 4971 ι
1089 4921 1144 4974 ln
1172 4918 1255 4972 die
1277 4917 1365 4970 illa
1398 4915 1798 4983 exstinguentur
1830 4922 2054 4977 montes,
2079 4917 2130 4965 et
2157 4909 2339 4971 colles,

835 5015 884 5060 et
921 5010 1084 5073 silvae,
1109 5018 1156 5063 et
1179 5005 1508 5062 devorabunt
1537 5002 1604 5055 ab
1628 5001 1803 5054 anima
1827 5016 1993 5069 usque
2022 4998 2088 5052 ad
2115 5009 2336 5051 carnes:

837 5101 886 5145 et
917 5098 1015 5148 erit
1053 5098 1144 5164 qui
1185 5095 1367 5166 fugiet,
1403 5102 1657 5161 tanquam
1705 5089 1912 5160 fugiens
1951 5103 1982 5142 α
2013 5087 2222 5140 ﬂamma
2256 5099 2341 5137 ar-

838 5181 989 5234 dente
1019 5199 1032 5233 :
1058 5194 1111 5237 et
1155 5187 1244 5252 qui
1277 5183 1446 5238 relicti
1481 5181 1678 5238 fuerint
1702 5195 1766 5234 ex
1799 5179 1925 5244 illis,
1970 5185 2126 5233 erunt
2156 5190 2342 5230 nume-

842 5280 964 5319 rus:
995 5274 1046 5317 et
1091 5283 1220 5332 puer
1265 5271 1513 5336 parvulus
1552 5268 1749 5325 scribet
1788 5281 1902 5332 eos,
1942 5273 1995 5320 et
2032 5264 2132 5318 erit
2170 5265 2222 5315 in
2256 5261 2342 5316 die

838 5354 961 5406 illa:
994 5367 1100 5406 non
1149 5355 1282 5408 ultra
1333 5357 1541 5425 adiiciet
1579 5357 1724 5428 quod
1761 5356 2021 5424 reliquum
2066 5350 2227 5404 fuerit
2274 5365 2340 5404 ex

839 5440 1015 5504 Israel,
1044 5448 1092 5496 et
1139 5441 1223 5508 qui
1248 5451 1544 5500 conservati
1575 5464 1638 5501 ex
1669 5445 1853 5506 Jacob.
1877 5458 1982 5498 non
2009 5441 2146 5494 ultra
2174 5439 2339 5493 conli-

2513 4903 2600 4954 M'.
2646 4919 2664 4950 ι
2707 4901 2784 4970 Τῇ
2827 4897 3011 4973 ἡμέρᾳ
3045 4904 3308 4977 ἐκείνῃ
3345 4909 3600 4965 ἀποσε

2445 4991 2534 5044 καί⁵
2566 4992 2613 5044 οἱ
2646 4990 2836 5059 βουνοί,
2879 4992 2972 5044 καὶ
3015 4995 3079 5046 οἱ
3133 4995 3454 5066 δρυμοὶ,
3519 5021 3602 5057 κε

2442 5079 2616 5148 ψυχῆς
2638 5079 2739 5141 ἕως
2766 5080 2998 5149 σαρκῶν·
3032 5084 3162 5136 καὶ
3198 5084 3430 5140 ἔσται
3474 5092 3520 5142 ὁ
3555 5110 3600 5161 (ε

2444 5167 2549 5267 ἀπὸ
2569 5165 2758 5267 (ρλογὸς
2781 5171 3123 5240 καιομένης·
3162 5175 3300 5226 καὶ
3333 5177 3412 5228 οἱ
3457 5196 3598 5232 και

2444 5256 2548 5308 τῶν
2579 5256 2781 5310 ἔσονται
2809 5259 3077 5332 ἀριθμὸς,
3128 5265 3269 5317 καὶ
3320 5271 3590 5326 παιδί(

2443 5347 2581 5408 τούς·
2613 5349 2705 5407 καὶ
2740 5348 2888 5404 ἔσται
2915 5354 2972 5405 ὲν
3016 5359 3105 5427 τῇ
3163 5359 3450 5434 ἡμέρᾳ
3500 5365 3578 5419 ὲ)

2445 5441 2658 5511 θήσεται
2686 5443 2745 5498 τὸ
2773 5449 3184 5521 καταλειφθὲν
3239 5457 3384 5512 τοῦ
3458 5461 3570 5516 'lc

937 5611 979 5644 ιο
1015 5612 1111 5666 lsa.
1145 5626 1236 5676 vn,
1258 5609 1440 5666 21:22.
1518 5613 1560 5677 με
1589 5572 1719 5672 ml.
1753 5618 1835 5670 ii.
1912 5616 1952 5649 ιι
1981 5614 1999 5666 ι
2031 5611 2154 5668 Cor.
2189 5625 2260 5678 lx,
2297 5611 2348 5678 9,
2383 5611 2468 5665 ιο.
