3870 6324
189 413 258 466 ιιι
1041 401 1664 463 DEMONSTRATIUNIS
1700 399 2137 458 EVANGEL‘CIE
2177 399 2300 460 LIB.
2341 401 2402 460 11.

3199 417 3291 473 ΗΞ

182 523 328 588 θέντες
353 521 434 576 τοῦ
474 516 664 576 Ἰακὼὸ
697 520 884 578 οὐκέτι
920 525 1226 588 πεποιθότες
1266 523 1392 579 ὦσιν
1435 523 1526 578 ἐπὶ
1549 525 1664 587 τοὺς

1768 527 1952 578 dentes
1974 530 2131 577 erunt
2160 523 2212 576 in
2236 523 2336 588 eis,
2359 523 2449 592 qui
2476 519 2690 589 injuriis
2723 527 2863 597 ipsos
2884 530 3172 594 affecerint,
3198 534 3288 587 sed

178 617 488 682 ἀδικήσαντας
518 614 736 676 αὐτοὺς,
761 615 880 667 ἀλλ’
910 616 1113 669 ἔσονται
1144 616 1449 678 πεποιθότες
1477 616 1564 668 ἐπὶ
1581 616 1668 668 τὸν

175 703 278 757 Θεὸν
301 702 380 756 τὸν
409 702 554 769 ἅγιον
580 701 674 754 τοῦ
711 704 929 775 Ἰσραὴλ
956 709 1019 775 τῇ
1050 705 1395 775 ἀληθείᾳ,καὶ
1420 705 1670 774 ἀναστρέι

171 795 242 861 ψει
268 792 318 844 τὸ
341 791 684 858 καταλειφθὲν
726 792 826 844 τοῦ
879 795 1092 864 Ἰσραὴλ
1128 795 1217 846 ἐπὶ
1245 794 1372 846 Θεὸν
1409 795 1664 863 ἰσχύονταο

172 881 244 936 καὶ
277 882 357 933 ἐὰν
384 880 599 948 γένηται
629 883 658 931 ὁ
689 882 927 950 ἀριθμὸς
959 884 1064 934 τῶν
1096 882 1225 934 υἱῶν
1281 883 1486 953 Ἰσραὴλ
1523 885 1596 946 ὡς
1633 885 1665 952 ἢ

170 972 314 1040 ἅμμος
343 972 429 1039 τῆς
461 969 758 1039 θαλάσσης,
793 972 855 1022 τὸ
883 973 1219 1042 κατάλειμμα
1249 972 1420 1025 αὐτῶν
1445 973 1670 1043 σωθήσε-

168 1077 255 1113 ται.
285 1061 432 1125 Λόγον
469 1059 575 1127 γὰρ
618 1059 893 1111 συντελῶν
926 1060 1018 1113 καὶ
1054 1061 1352 1130 συντέμνων
1390 1063 1446 1114 ὲν
1477 1061 1670 1114 δικαιοδ-

169 1148 285 1215 σύνῃ·
316 1147 389 1198 ὅτι
422 1145 572 1211 λόγον
612 1147 1053 1217 συντετμημένον
1087 1149 1290 1217 ποιήσει
1315 1150 1344 1200 ό
1365 1148 1491 1212 Θεὸς
1520 1150 1575 1200 ὲν
1600 1151 1665 1219 τῇ

166 1234 400 1302 οίκουμένῃ
441 1232 552 1303 ὅλῃ.
597 1251 614 1282 ι
669 1234 966 1286 Κάνταῦθα
1014 1237 1269 1306 πρόσχες,
1313 1237 1392 1288 ὅτι
1441 1255 1459 1286 ‹
1504 1237 1560 1287 ἐν
1599 1239 1664 1306 τῇ

166 1323 446 1393 σκυθρωπῶν
494 1322 718 1392 ἀπειλῇ,
771 1328 956 1394 φησὶν,
1006 1325 1152 1378 ἔσται
1193 1328 1222 1378 ό
1267 1327 1495 1394 φεύγων,
1530 1327 1603 1390 ὡς
1638 1326 1667 1378 ό

165 1413 333 1479 φεύγων
358 1412 460 1463 ἀπὸ
486 1411 684 1478 φλογὸς
716 1414 1036 1482 καιομένηςδ
1062 1417 1152 1467 καὶ
1168 1415 1216 1466 οἱ
1236 1415 1667 1484 καταλειφθέντες

161 1502 404 1555 ἀπἀὐτῶν
426 1501 658 1571 ἀριθμὸς
692 1503 874 1566 ἔσται,
908 1507 999 1557 καὶ
1028 1506 1231 1558 παιδίον
1258 1507 1446 1577 μικρὸν
1474 1507 1666 1578 γράψει

131 1619 135 1622 ·
161 1589 327 1651 αὐτούς·
358 1610 374 1639 ι
404 1591 466 1641 δι’
491 1585 566 1643 ὧν
599 1592 662 1644 τὸ
691 1593 923 1644 σπάνιον
949 1593 1054 1645 τῶν
1085 1594 1415 1664 φευξομένων
1442 1596 1529 1647 τὸν
1555 1596 1667 1648 ὖλεα

162 1681 257 1751 θρον
290 1684 345 1734 ὲκ
383 1683 684 1752 περιτομῆς
724 1683 896 1744 λαοῦ,
940 1685 1032 1735 καὶ
1068 1685 1154 1735 τὸν
1186 1685 1282 1753 τῆς
1327 1685 1666 1757 Ἰερουσαλὴμ

163 1773 429 1842 ἐμπρησμὸν
462 1773 826 1844 παρίστησιν.
878 1793 895 1824 ι
927 1775 986 1827 Oi
1018 1775 1072 1826 δὲ
1105 1776 1536 1844 καταλειφθέντες
1576 1773 1662 1830 οὖα-

1770 623 1926 667 erunt
1952 611 2274 666 conﬁdentes
2305 613 2360 666 in
2394 611 2502 666 Deo
2530 621 2716 667 sancto
2743 615 2898 672 Israel
2928 619 2981 672 in
3030 621 3248 674 veritate
3271 635 3288 653 ο

1772 711 1824 754 et
1851 709 2190 756 convertetur
2217 702 2359 769 quod
2395 702 2658 770 reliquum
2709 704 2863 759 fuerit
2907 723 2970 761 ex
3007 709 3188 774 Israel,
3222 710 3288 762 ad

1773 789 1934 843 Deum
1967 788 2153 843 fortem
2191 796 2282 843 :et
2315 790 2361 842 si
2398 789 2555 843 fuerit
2585 803 2838 846 numerus
2874 794 3098 849 ﬁliorum
3126 796 3287 852 Israel

1771 877 1910 931 sicut
1933 891 2092 930 arena
2121 877 2304 941 maris,
2329 877 2566 947 reliquiae
2594 890 2775 932 eorum
2809 881 2965 935 salvae
2999 883 3142 938 ﬁent.
3166 883 3289 939 Ver-

1770 965 1895 1018 bum
1918 965 2056 1019 enim
2087 965 2178 1033 qui
2207 965 2434 1034 perlicit,
2463 973 2516 1020 et
2549 966 2639 1035 qui
2662 968 2928 1021 contrahit
2957 971 3009 1022 in
3041 971 3246 1038 justitia
3270 990 3285 1036 ;

1772 1054 2019 1122 quoniam
2051 1054 2273 1109 verbum
2311 1056 2634 1111 contractius
2681 1055 2839 1111 faciet
2882 1057 3021 1113 Deus
3065 1061 3119 1113 in
3160 1063 3288 1118 orbe

1772 1150 1926 1198 teme
1956 1144 2206 1199 universo
2225 1144 2291 1198 δ’.
2331 1163 2349 1195 ι
2382 1144 2479 1198 Hie
2519 1161 2730 1215 quoque
2767 1150 2998 1210 attende,
3040 1150 3166 1204 dum
3192 1153 3289 1204 tri-

1771 1232 1872 1286 stia
1885 1232 2174 1296 minitatur,
2195 1234 2635 1302 quemadmodum
2656 1252 2675 1286 t
2697 1237 2816 1301 erit,
2839 1256 2860 1288 ι
2884 1237 3072 1306 inquit,
3095 1240 3182 1308 qui
3203 1241 3288 1292 fu-

1769 1322 1874 1389 giet
1904 1331 2153 1391 tanquam
2185 1323 2391 1393 fugiens
2415 1338 2444 1376 a
2475 1323 2683 1378 ﬂamma
2714 1326 2931 1386 ardente
2963 1343 2976 1379 :
3006 1336 3059 1381 et
3091 1329 3181 1397 qui
3205 1345 3290 1384 re-

1769 1413 1897 1481 liqui
1923 1412 2120 1466 fuerint
2153 1427 2217 1468 ex
2247 1413 2372 1479 illis,
2405 1429 2660 1468 numerus
2695 1423 2851 1469 erunt
2878 1430 2890 1468 :
2920 1423 2971 1469 et
3014 1429 3146 1486 puer
3167 1432 3292 1487 par-

1767 1503 1922 1556 vulus
1952 1502 2147 1556 scribet
2167 1517 2280 1566 eos,
2317 1520 2336 1553 ι
2363 1503 2556 1572 quibus
2588 1517 2716 1557 sane
2749 1503 2944 1566 verbis,
2967 1507 3286 1573 paucitatem

1767 1606 1974 1654 eorum,
2003 1592 2172 1660 quiex
2203 1593 2399 1662 populo
2415 1593 2851 1650 Circumeisionis
2876 1595 3146 1651 interitum
3178 1597 3288 1652 sint

1766 1681 2001 1743 evasuri,
2029 1696 2133 1734 una
2166 1697 2286 1734 eum
2317 1682 2466 1737 urbis
2507 1680 2839 1738 Hierusalem
2885 1685 3150 1751 incendio,
3188 1702 3288 1742 no-

1767 1771 1849 1825 bis
1869 1771 2118 1826 ostendit.
2151 1790 2169 1823 t
2214 1770 2278 1824 Hi
2304 1786 2448 1834 vero,
2496 1771 2688 1841 inquit,
2733 1774 2824 1842 qui
2851 1767 3038 1843 reliqui
3068 1774 3284 1839 fuerint,

161 1879 236 1925 τοι,
269 1864 427 1931 φησὶν,
468 1863 705 1932 ἀριθμὸς
742 1863 976 1929 ἔσονται,
1012 1883 1030 1914 ι
1060 1864 1200 1916 τοῦτ’
1256 1865 1397 1919 ἔστιν
1451 1867 1663 1937 ἀριθμῷ

1764 1877 2018 1916 numerus
2046 1873 2220 1923 erunt,
2252 1880 2270 1913 ›
2297 1862 2397 1915 hoc
2427 1867 2528 1926 est,
2563 1877 2667 1916 non
2695 1864 2872 1931 plures
2902 1879 3078 1947 quam,
3098 1873 3154 1919 ut
3186 1882 3287 1919 nu-

161 1951 308 2022 ληττοὶ
346 1954 682 2020 γενήσονται,
731 1952 879 2005 οὓτω
926 1953 1141 2024 βραχεῖς
1182 1955 1272 2007 καὶ
1321 1957 1662 2027 εὐαρίθμητοι

160 2041 289 2105 δντες.
329 2042 572 2094 Τοσοῦτοι
598 2043 644 2095 δ’
672 2039 796 2106 οὖν,
843 2041 916 2104 ὡς
953 2045 1008 2097 ὲν
1053 2045 1323 2115 συγκρίσει
1351 2047 1440 2097 τοῦ
1473 2047 1662 2110 παντὸς

165 2131 345 2200 πλήθους
372 2131 458 2184 τοῦ
501 2133 782 2185 Ἰουδαίων
805 2132 1005 2195 ἔθνους,
1032 2135 1078 2185 οἱ
1113 2136 1190 2195 εἰς
1220 2134 1306 2186 τὸν
1330 2132 1548 2203 Σωτῆρα
1573 2137 1663 2188 καὶ

163 2220 316 2290 Κύριον
344 2221 491 2290 ήμῶν
523 2222 959 2283 πεπιστευκότες
1005 2223 1304 2288 γεγόνασιν,
1353 2223 1400 2275 οἳ
1437 2223 1527 2275 καὶ
1568 2240 1664 2274 κα-

164 2309 443 2377 τηξιώθησαν
485 2311 585 2380 τῆς
631 2311 732 2362 ὑπ’
770 2310 936 2362 αὐτοῦ
975 2311 1210 2379 Γραφῆς,
1263 2312 1336 2373 ὡς
1378 2311 1523 2380 δηλοῖ
1567 2311 1664 2379 φά-

165 2399 316 2449 mw
347 2399 511 2466 λόγος,
553 2418 572 2450 ι
611 2401 729 2453 Καὶ
760 2400 971 2452 παιδίον
994 2400 1190 2470 γράψει
1222 2402 1432 2466 αὐτούς’
1477 2422 1495 2454 ι
1533 2421 1663 2474 προ-

163 2485 326 2552 διδάξας
369 2489 396 2539 δ
438 2489 488 2540 τί
535 2505 671 2541 ποτε
720 2485 796 2558 ἦν
846 2488 906 2541 τὸ
941 2489 1174 2554 παιδίον,
1225 2492 1282 2542 ἐν
1328 2487 1406 2553 οἷς
1454 2492 1657 2559 ἔλεγενδ

166 2593 181 2627 t
220 2577 320 2628 Ἰδοὺ
343 2579 372 2647 ή
395 2578 666 2649 Παρθένος
691 2580 754 2630 ὲν
781 2581 977 2649 γαστρὶ
1011 2579 1138 2644 ἕξει,
1176 2579 1268 2632 καὶ
1306 2578 1508 2646 τέξεται
1531 2583 1657 2635 υἱόνο

161 2665 229 2715 καὶ
262 2667 368 2734 πρὶν
405 2667 436 2735 ἦ
475 2666 682 2734 γνῶναι
730 2667 796 2719 τὺ
829 2668 1033 2720 παιδίον
1057 2669 1236 2721 καλεῖν
1266 2670 1464 2739 πατέρα
1500 2670 1531 2740 ἢ
1562 2689 1662 2741 μη-

161 2753 271 2823 τέρα⁶
302 2775 319 2805 ι
349 2757 434 2807 καὶ
463 2757 774 2827 ἐπειδήπερ
819 2757 1066 2819 ἐνταῦθα,
1114 2776 1132 2808 t
1172 2758 1402 2820 Παιδίον,
1454 2778 1470 2809 ι
1511 2761 1658 2830 φησὶ,

163 2857 178 2888 t
202 2841 362 2915 γράψει
383 2843 592 2906 αὐτοὺς,
635 2864 654 2895 ι
685 2843 920 2906 εἰκότως
947 2846 1002 2894 ὲν
1035 2848 1145 2907 τοῖς
1169 2845 1396 2915 πρόσθεν
1428 2847 1655 2914 ἐλέγετο·

164 2927 285 2978 «Καὶ
303 2913 436 2981 ἔσται
467 2931 526 2982 τὸ
561 2931 898 2998 ὑπολειφθὲν
934 2934 988 2983 ἐν
1025 2931 1179 2995 Σιὼν,
1213 2913 1312 2985 καὶ
1333 2934 1392 2986 τὸ
1420 2913 1661 2989 καταλει-

159 3015 255 3084 9θὲν
289 3020 336 3070 ὲν
387 3020 768 3091 Ἰερουσαλὴμ,
814 3021 955 3088 ἆγιοι
997 3022 1346 3093 κληθήσονται
1378 3026 1569 3088 πάντες
1611 3027 1659 3077 oi

159 3107 398 3174 τραςρὲντες
419 3112 496 3172 εἰς
526 3109 694 3180 ζωήν.
751 3129 773 3161 ι
824 3111 1031 3181 Ὠσπερ
1075 3111 1202 3178 γοῦν
1244 3115 1300 3164 ἐν
1339 3114 1558 3177 ἐκείνοις
1601 3115 1660 3167 τὸ

159 3197 449 3266 καταλειφθὲν
482 3201 801 3270 ὠΜμαστο,
855 3203 903 3252 οἱ
938 3201 980 3252 δ’
1016 3203 1167 3255 αὐτοὶ
1197 3205 1489 3273 γραφέντες
1529 3203 1662 3276 ἦσαν

157 3286 214 3349 εἰς
236 3288 373 3359 ζωήν⁸
396 3292 566 3354 οὕτως
601 3294 699 3345 καὶ
738 3294 991 3353 ἐνταῦθα,
1022 3297 1070 3346 οἱ
1112 3296 1548 3363 καταλειφθέντες
1571 3300 1660 3350 ἀπ’

152 3380 286 3432 αὐτῶν
317 3402 332 3432 t
365 3383 591 3454 ἀριθμὸς
614 3385 864 3446 ἔσονται,
897 3385 990 3438 καὶ
1015 3385 1215 3439 παιδίον
1235 3387 1428 3457 γράψει
1452 3388 1659 3450 αὐτούς.

153 3467 281 3522 Τοῦτο
306 3471 355 3523 δὲ
393 3473 771 3541 καταλειφθὲν
796 3474 860 3524 ὲκ
892 3470 984 3524 τοῦ
1023 3473 1255 3542 Ἰσραὴλ,
1291 3476 1379 3527 καὶ
1403 3476 1448 3526 οἱ
1476 3475 1664 3526 διασω-

150 3557 288 3624 θέντες
319 3563 419 3616 ἀπὸ
452 3564 546 3617 τοῦ
596 3563 808 3617 Ἰακίυό
854 3582 871 3613 t
909 3564 1105 3626 οὐκέτι,
1140 3583 1158 3615 ι
1200 3565 1378 3632 φησιν,
1411 3584 1428 3615 t
1459 3565 1662 3618 ἔσονται

99 3719 103 3726 1
150 3649 216 3698 ἐπὶ
236 3652 343 3714 τοὺς
363 3654 744 3723 ἀδικήσαντας
773 3653 984 3715 αὐτοὺς,
1027 3652 1138 3705 ἀλλ’
1175 3652 1378 3705 ἔσονται
1419 3654 1664 3706 πεποιθὸ-

146 3753 210 3799 τες
227 3742 305 3793 ἐπὶ
324 3742 406 3794 τὸν
429 3744 562 3796 Θεὸν
583 3745 681 3795 τὸν
717 3742 869 3808 ἅγιον
897 3742 991 3794 τοῦ
1037 3741 1266 3812 Ἰσραήλ.
1301 3760 1319 3790 ›
1347 3743 1452 3793 Καὶ
1483 3742 1580 3811 ὅρα
1600 3733 1672 3808 γεί

147 3829 181 3877 εἰ
205 3829 264 3898 μή
279 3831 435 3903 ταύτῃ
472 3849 538 3899 γε
572 3835 643 3901 τῇ
703 3829 1024 3900 πεποιθήσει
1077 3832 1126 3882 οἱ
1167 3833 1230 3882 ὲκ
1269 3829 1360 3881 τοῦ
1406 3831 1664 3885 Ἰουδαίων

145 3916 288 3982 ἔθνους
328 3922 717 3994 προελθόντες,
764 3921 816 3971 οἰ
856 3936 914 3971 τε
955 3920 1019 3971 ἐκ
1054 3919 1151 3988 τῆς
1191 3918 1551 3982 ἀποπτώσεως
1569 3921 1660 3973 τοῦ

151 4006 319 4078 Ἰσραήλ
348 4010 803 4081 περιλειφθέντες
848 4009 1083 4078 μαθηταὶ
1126 4009 1218 4061 καὶ
1255 4007 1530 4060 ἀπόστολοι
1571 4009 1660 4061 τοῦ

141 4094 343 4169 Σωτῆρος
359 4101 536 4171 ήμῶν,
565 4099 784 4170 μηδένα
809 4098 964 4166 λόγον
990 4099 1339 4169 ποιησάμενοι
1353 4098 1458 4151 τῶν
1473 4099 1662 4169 ἀρχόν*

139 4199 218 4235 των
248 4189 330 4242 τοῦ
365 4191 562 4254 αἰῶνος
583 4190 811 4251 τούτου,
841 4187 1002 4257 ἦτῶν
1034 4189 1303 4259 ἀρχόντων
1341 4187 1433 4240 τοῦ
1479 4190 1540 4240 ἐκ
1578 4205 1664 4239 πε·-

137 4278 321 4348 ρςτομῆς
351 4281 478 4333 λαοῦ
500 4280 617 4333 τῶν
651 4279 824 4332 πάλαι
849 4276 1170 4330 ἀδικούντων
1204 4277 1412 4338 αὐτοὺς,
1447 4275 1661 4345 ἐξῆλθον

134 4366 194 4424 εἰς
222 4368 377 4420 πάντα
417 4368 485 4420 τά
537 4369 678 4438 ἔθνη
729 4364 1081 4435 κηρύττοντες
1103 4363 1193 4415 τὸν
1233 4363 1457 4432 Χριστὸν
1488 4362 1658 4430 λόγον,

135 4455 410 4526 πεποιθήσει
449 4474 513 4509 τε
563 4459 636 4525 τῇ
680 4455 817 4524 πρὸς
855 4452 946 4505 τὸν
983 4451 1118 4504 Θεὸν
1141 4450 1384 4520 (ἐπείπερ
1407 4449 1542 4502 κατά
1564 4450 1658 4519 τὴν
1690 4476 1732 4528 D

132 4546 424 4611 προφητείαν
451 4543 790 4604 πεποιθότες
810 4537 948 4610 ἦσαν
973 4541 1065 4592 ἐπὶ
1087 4539 1175 4591 τὸν
1207 4539 1335 4591 Θεὸν
1379 4539 1525 4606 ἆγιον
1566 4537 1658 4589 τοῦ

145 4628 321 4701 Ἰσραὴλ
337 4635 391 4685 ὲν
426 4634 688 4703 ἀληθείᾳ·
717 4633 780 4684 ού
811 4631 918 4700 γὰρ
943 4629 1207 4690 ὑπούλως,
1243 4627 1359 4681 οὐδὲ
1387 4627 1500 4696 μεθ’
1529 4629 1658 4681 ὑπο-

130 4721 346 4786 κρίσεως,
373 4725 470 4776 σὺν
515 4722 756 4793 ἀληθείᾳ.
799 4721 856 4772 δὲ
893 4719 1046 4780 ὅλους
1088 4718 1308 4778 ἑαυτοὺς
1345 4717 1661 4771 ὲπιδόδονται

133 4807 313 4876 ἑλπίδι),
337 4815 397 4867 οὐ
426 4815 594 4881 μόνον
617 4810 889 4881 προῆλθον
928 4809 1028 4877 τῆς
1052 4805 1260 4860 ἑαυτῶν
1299 4804 1493 4874 χώρας,
1532 4807 1663 4860 ἀλλά

132 4897 459 4969 κατώρθωσαν
478 4903 544 4953 τὸ
568 4897 1048 4970 προστεθειμένον.
1081 4895 1250 4947 Τοῦτο
1275 4892 1328 4946 δὲ
1348 4895 1474 4947 αὐτὸ
1507 4895 1662 4949 πάλιν

131 4985 557 5058 τὸκαταλειφθὲν,
594 4989 760 5042 οἱονεὶ
800 4987 862 5040 τὸ
902 4984 1122 5054 σπέρμα
1171 4981 1271 5049 τῆς
1315 4982 1664 5048 ἀποπτὼσεως

133 5075 206 5128 τοῦ
234 5081 413 5134 Ἰακὼσ
449 5084 673 5150 γέγονε,
716 5077 974 5138 πεποιθὸς
1016 5074 1110 5126 ἐπὶ
1137 5072 1266 5123 Θεὸν
1293 5071 1546 5140 ἰσχύοντα·
1575 5078 1665 5128 καὶ

137 5167 311 5240 tam
331 5174 489 5226 τοῦτο
523 5174 589 5226 τὸ
625 5172 975 5238 κατάλειμμα
1012 5164 1108 5216 τοῦ
1154 5162 1347 5224 παντὸς
1374 5162 1550 5228 ἔθνους
1573 5169 1668 5220 αὗ·-

141 5255 238 5320 τῶν,
259 5264 545 5332 γενομένου
574 5263 654 5324 ὡς
683 5263 714 5330 ἠ
751 5261 935 5328 ἄμμος
979 5254 1082 5321 τῆς
1133 5249 1412 5320 θαλάσσης.
1448 5253 1564 5304 ἀλλ’
1602 5258 1662 5310 οὐ

141 5348 250 5398 κατά
273 5350 336 5400 τά
358 5351 534 5421 ἄστρα
558 5351 656 5403 τοῦ
676 5347 925 5417 ούρανοῦ,
949 5344 1053 5410 τῆς
1074 5337 1223 5406 παρὰ
1240 5339 1313 5407 τῷ
1339 5339 1448 5409 Θεῷ
1485 5358 1668 5416 σωτηα

151 5432 239 5496 μίας
281 5437 506 5509 ᾗξιὼθη,
541 5436 829 5506 ὡσπεροῦν
864 5426 1247 5500 ἐμαρτύρησεν
1274 5427 1300 5476 ὁ
1329 5427 1661 5494 Ἀπόστολοςν

149 5522 296 5574 εἰπών.
331 5545 347 5576 ι
390 5527 620 5588 qua?“
637 5527 692 5581 δὲ
731 5519 923 5590 κράζει
964 5514 1108 5581 ὑπὲρ
1149 5509 1238 5562 τοῦ
1291 5515 1505 5588 Ἰσραήλ,
1564 5521 1666 5574 ἐὰν

1766 1967 1912 2006 mero
1970 1952 2345 2020 comprehendi
2398 1953 2635 2020 possint:
2674 1961 2855 2022 utpote
2896 1956 2985 2024 qui
3026 1965 3078 2010 et
3107 1959 3282 2026 pauci,

1764 2047 1816 2093 et
1838 2039 1990 2093 facile
2019 2041 2374 2094 numerabiles
2400 2041 2562 2094 futuri
2593 2043 2698 2096 sint
2727 2059 2739 2092 :
2764 2058 2868 2095 non
2902 2045 3080 2112 plures
3126 2046 3287 2114 igitur

1765 2131 2102 2192 exstiterunt,
2127 2130 2384 2184 duntaxat
2412 2133 2672 2187 universa;
2712 2132 3014 2187 Iudaeorum
3046 2135 3285 2192 multituJ

1765 2219 1875 2270 dini
1908 2221 2218 2286 comparati,
2249 2219 2338 2286 qui
2371 2220 2423 2271 in
2449 2217 2776 2273 Salvatorem
2805 2229 2857 2273 et
2883 2219 3160 2277 Dominum
3187 2237 3284 2278 no-

1766 2317 1933 2363 strum
1978 2309 2330 2370 crediderunt,
2367 2311 2456 2377 qui
2490 2311 2702 2378 quidem
2743 2311 2902 2364 etiam
2949 2311 3090 2380 digni
3118 2313 3283 2369 habiti

1767 2398 1894 2462 sint,
1936 2399 2028 2467 qui
2070 2398 2237 2452 abeo
2275 2400 2596 2467 scripturam
2642 2401 2944 2470 acciperent
2983 2415 2996 2453 ε
3028 2405 3285 2472 quemad-

1765 2488 1979 2542 modum
2033 2489 2192 2542 verba
2248 2490 2338 2542 illa
2397 2490 2792 2554 demonstrant,
2845 2508 2866 2542 ι
2919 2499 2973 2546 et
3027 2496 3282 2562 puerulus

1765 2577 1964 2631 scribet
2009 2593 2157 2633 eos:
2208 2597 2228 2630 ι
2283 2579 2543 2646 siquidem
2608 2581 2757 2649 prius
2819 2591 3093 2637 ostensum
3167 2593 3287 2661 est,

1763 2670 2006 2735 quisnam
2060 2667 2146 2721 hic
2192 2675 2334 2722 esset
2383 2669 2673 2734 puerulus,
2743 2671 2830 2726 ubi
2893 2673 3094 2726 dictum
3139 2681 3221 2728 est
3263 2689 3283 2734 ς

1764 2757 1864 2826 73
1927 2757 2062 2811 Ecce
2109 2757 2258 2828 virgo
2302 2757 2354 2810 in
2406 2765 2557 2812 utero
2604 2759 2850 2824 habebit,
2898 2768 2950 2816 et
3008 2763 3177 2830 pariet
3224 2763 3290 2816 ﬁ-.

1766 2847 1891 2898 lium
1921 2847 2006 2899 '°:
2050 2864 2068 2896 ι
2101 2853 2153 2900 et
2186 2865 2206 2897 ι
2245 2854 2526 2916 antequam
2577 2850 2712 2903 sciat
2765 2865 2895 2918 puer
2949 2866 3138 2906 vocare
3189 2867 3284 2920 pa-

1763 2944 1911 2997 trem,
1933 2945 2023 2989 aut
2043 2937 2322 3006 matrem.“
2348 2957 2360 2990 :
2392 2957 2410 2988 ›
2440 2946 2492 2992 et
2516 2939 2763 3006 quoniam
2793 2940 2894 2993 hoc
2916 2941 3032 2995 loco
3053 2959 3070 2994 t
3094 2957 3278 3010 puer,-

1764 3025 1951 3093 inquit,
1987 3044 2006 3076 ι
2047 3026 2244 3080 scribet
2269 3041 2392 3090 eos,
2436 3045 2453 3078 ι
2505 3028 2694 3081 merito
2723 3029 2772 3080 in
2808 3029 3171 3097 superioribus
3198 3030 3283 3085 tli-

1763 3115 1954 3169 cebat:
1999 3133 2018 3166 ‹
2058 3114 2121 3168 Et
2149 3117 2253 3169 erit
2279 3116 2421 3185 quod
2461 3118 2719 3185 reliquum
2762 3117 2920 3172 fuerit
2954 3120 3006 3172 in
3031 3117 3284 3174 Hierusa-

1762 3204 1884 3266 lem,
1910 3205 2078 3260 sancti
2105 3204 2434 3259 vocabuntur
2463 3220 2648 3260 omnes
2667 3245 2681 3269 ,
2719 3208 2809 3276 qui
2841 3209 3023 3276 scripti
3055 3216 3178 3263 sunt
3215 3209 3282 3262 ad

1762 3293 1920 3346 vitam
1940 3295 2005 3347 ".
2043 3312 2062 3344 ι
2096 3293 2232 3362 Ergo
2256 3301 2314 3346 ut
2347 3294 2455 3347 illic
2503 3296 2762 3364 reliquum
2807 3297 3134 3351 nominatum
3157 3305 3238 3352 est
3261 3335 3282 3364 ,

1762 3381 1951 3450 hieque
1983 3383 2083 3451 ipsi
2111 3391 2296 3448 erant,
2346 3403 2365 3434 ι
2400 3386 2488 3453 qui
2526 3386 2709 3452 scripti
2738 3396 2862 3439 sunt
2909 3387 2976 3440 ad
3006 3387 3206 3440 vitam:
3255 3405 3276 3438 ι

1761 3473 1831 3522 ita
1855 3471 2010 3524 etiam
2035 3471 2141 3535 hic,
2171 3489 2189 3520 ί
2227 3471 2318 3539 qui
2346 3472 2534 3540 reliqui
2566 3472 2760 3526 fuerint
2785 3489 2847 3526 ex
2875 3473 2952 3527 eis
2971 3511 2987 3536 ,
3025 3489 3280 3528 numerus

1761 3569 1936 3622 erunt,
1964 3567 2017 3614 et
2046 3560 2298 3627 puerulus
2333 3561 2528 3614 scribet
2559 3577 2673 3616 eos.
2715 3579 2734 3610 ι
2767 3560 2876 3615 lloe
2905 3576 3066 3630 porro
3106 3563 3281 3631 ipsum

1766 3666 1784 3698 ‹
1820 3648 1958 3715 quod
1984 3649 2222 3702 relictum
2249 3649 2406 3703 fuerit
2442 3665 2504 3704 ex
2534 3649 2729 3715 Israel,
2767 3659 2819 3703 et
2844 3649 2935 3719 qui
2977 3651 3171 3705 servati
3215 3665 3296 3705 ex,

1759 3735 1942 3800 Jacob,
1973 3752 2077 3790 non
2102 3738 2259 3803 ultra,
2285 3758 2302 3789 ι
2325 3739 2510 3809 inquit,
2548 3756 2566 3788 ι
2604 3739 2656 3792 in
2688 3739 2766 3793 eis
2795 3739 2884 3807 qui
2914 3738 3058 3808 ipsos
3087 3738 3283 3808 injuria

1760 3825 2056 3890 affecerint,
2115 3826 2208 3881 sed
2261 3828 2316 3881 in
2360 3829 2466 3882 Deo
2517 3836 2703 3881 sancto
2751 3826 2909 3883 Israel
2954 3827 3282 3884 conﬁdentes

1759 3923 1913 3970 erunt
1942 3933 1955 3968 :
1999 3935 2016 3968 ι
2052 3923 2106 3969 et
2141 3930 2268 3970 sane
2293 3916 2404 3984 jam
2439 3924 2637 3985 specta,
2663 3926 2838 3970 utrum
2886 3918 2999 3988 ipsa
3026 3917 3126 3973 hac
3152 3933 3284 3972 con-

1761 4005 1972 4058 ﬁdentia
2003 4003 2060 4066 ii,
2085 4005 2176 4073 qui
2207 4019 2272 4058 ex
2311 4003 2530 4059 Judaica
2579 4014 2734 4074 gente
2775 4005 2994 4076 profecti
3027 4014 3188 4069 sunt,
3226 4013 3284 4060 et

1759 4090 1850 4160 qui
1887 4089 1952 4144 de
1977 4090 2129 4143 ruina
2159 4088 2321 4145 Israel
2341 4090 2510 4144 relicti
2538 4098 2663 4144 sunt
2691 4091 2937 4160 discipuli
2965 4099 3019 4145 et
3056 4091 3282 4160 apostoli

1761 4179 2048 4234 Salvatoris
2089 4180 2280 4244 nostri,
2309 4179 2437 4232 nihil
2479 4181 2856 4234 :estimaverint
2884 4180 3150 4248 principes
3179 4194 3282 4234 sae-

1759 4269 1864 4322 culi
1899 4268 2077 4336 hujus,
2117 4283 2210 4322 seu
2256 4267 2519 4336 principes
2540 4265 2767 4332 Judaici,
2799 4271 2888 4339 qui
2913 4271 3040 4324 olim
3085 4269 3280 4338 injuria

1759 4373 1851 4412 eos
1878 4356 2191 4420 alliciebant,
2231 4362 2283 4410 et
2312 4357 2390 4409 sic
2437 4356 2490 4410 in
2523 4370 2708 4412 omnes
2757 4367 2938 4428 gentes
2971 4368 3281 4426 penetrave-

1761 4449 1886 4510 rint,
1917 4444 2184 4499 Christum
2210 4445 2426 4501 verbum
2460 4445 2827 4516 praedicantes,
2867 4461 2935 4500 an
2978 4459 3104 4499 vero
3147 4444 3278 4500 nihil

1761 4536 1951 4590 horum
1993 4535 2108 4590 ausi
2149 4535 2275 4597 sint,
2307 4544 2464 4605 atque
2511 4542 2686 4592 utrum
2729 4537 2911 4590 eadem
2957 4549 3081 4604 erga
3115 4533 3279 4589 Deum

1760 4625 2077 4683 conﬁdentia
2108 4627 2272 4696 (nam.
2302 4633 2362 4680 ut
2388 4626 2662 4696 prophetia
2694 4625 2870 4688 habet,
2901 4641 2919 4676 t
2955 4622 3289 4678 conﬁdentes

1761 4723 1910 4771 erant
1941 4715 1993 4768 in
2024 4714 2132 4770 Deo
2173 4723 2358 4770 sancto
2391 4716 2548 4770 Israel
2581 4717 2635 4768 in
2665 4715 2906 4769 veritate.
2942 4731 2960 4764 ι
2994 4711 3109 4766 Non
3136 4710 3276 4764 enim

1761 4804 1980 4860 subdole
2015 4814 2106 4858 aut
2133 4806 2375 4860 simulate
2397 4847 2412 4872 ,
2458 4807 2548 4860 sed
2581 4820 2704 4862 vere
2735 4811 2876 4859 totos
2924 4802 3128 4871 seipsos
3165 4799 3280 4868 spei

1760 4893 2102 4955 dediderant;
2156 4908 2262 4948 non
2305 4895 2475 4949 solum
2531 4895 2597 4949 de
2648 4907 2744 4948 sua
2792 4892 3005 4960 regione
3047 4885 3280 4956 profecti
3328 4890 3333 4894 ’

1761 4984 1884 5046 sint,
1918 4997 2098 5036 verum
2137 4982 2190 5034 id
2225 4984 2366 5051 quod
2393 4983 2524 5052 ipsis
2574 4982 2900 5052 propositum
2933 4978 3106 5033 fuerat
3127 5017 3142 5042 ,
3187 4975 3286 5030 ab.

1761 5073 1900 5127 unde
1927 5071 2263 5140 perfecerint,
2291 5088 2356 5126 an
2381 5087 2508 5127 non.
2539 5072 2736 5138 Nempe
2757 5070 2858 5126 hoc
2887 5069 3061 5138 ipsum
3091 5081 3282 5120 rursus

1761 5162 1812 5217 id
1843 5161 2008 5215 fuisse
2047 5160 2305 5223 invenies,
2334 5160 2476 5230 quod
2522 5160 2767 5214 relictum
2798 5165 2880 5212 est
2905 5157 3059 5226 quasi
3100 5169 3286 5210 semen

1761 5251 1930 5305 ruina:
1951 5248 2117 5304 Iacob
2142 5287 2159 5314 ,
2215 5250 2270 5303 in
2301 5249 2408 5303 Deo
2441 5247 2563 5302 forti
2603 5244 2916 5302 conﬁdens:
2974 5254 3130 5316 atque
3158 5244 3284 5297 item

1759 5341 1861 5395 hoc
1909 5339 2080 5409 ipsum
2128 5339 2388 5393 universa:
2433 5338 2549 5404 ejus
2596 5334 2776 5401 gentis
2816 5334 3084 5389 residuum
3139 5335 3294 5400 (qua,

1761 5429 1972 5501 quidem
2002 5444 2130 5498 gens
2158 5446 2175 5479 t
2196 5427 2354 5482 fuerit
2371 5423 2520 5496 quasi
2540 5437 2704 5482 arena
2729 5425 2917 5487 maris,
2955 5442 2974 5476 ι
3005 5437 3112 5477 non
3134 5418 3292 5488 quasi

1763 5521 1926 5576 stellae
1955 5519 2096 5588 eteli)
2123 5518 2340 5590 dignum
2386 5515 2624 5572 habitum
2651 5529 2800 5580 esse,
2825 5512 2910 5568 cui
2937 5511 3098 5565 ‘salus
3125 5523 3156 5562 a
3188 5506 3298 5559 Deo

206 5692 350 5750 δοίη⁸
388 5714 438 5762 ι,
474 5701 667 5768 πίθῃ..
737 5693 784 5724 δ’
813 5689 915 5741 lsa.
954 5697 1048 5744 vn,
1089 5680 1166 5732 Η.
1242 5683 1279 5714 ⁸⁸
1312 5681 1397 5742 lsa.
1439 5703 1562 5754 rm,
1612 5693 1664 5747 ι.

1765 5695 1785 5726 ¹¹
1824 5691 1925 5746 lsa.
1957 5705 2028 5753 tv.
2053 5690 2105 5744 5.

2591 5799 2620 5817 ἱ
