3870 6318
755 339 854 395 la?)

1363 330 1619 386 EUSEBII
1652 328 2120 384 CAESARIENSIS
2156 327 2300 381 OPP.
2343 325 2518 379 PARS
2554 325 2615 377 ll.
2653 355 2718 364 —-
2758 324 3173 378 APOLOGETICA.

3610 327 3624 376 l

747 452 1157 509 condonaretur,
1206 445 1344 499 sicut
1383 446 1606 500 aﬁirmat
1650 443 1936 514 Apostolus
1959 480 1985 515 ,δ
2025 443 2114 495 ubi
2152 442 2224 494 ait
2257 461 2270 495 :

2064 443 2114 495 bi
2152 442 2224 494 ait
2257 461 2270 495 ε
2302 449 2345 502 Α
2372 437 2456 512 ﬁs
2479 437 2701 509 ἀριθμὸς
2735 437 2840 489 τῶν
2887 437 3006 489 υἱῶν
3051 433 3202 506 Ἰσραὴλ
3223 429 3275 489 ὼς
3298 426 3321 495 ἡ
3343 422 3499 498 ἄμμος
3524 429 3592 496 τῆς

755 559 773 594 ί
812 539 972 592 Isaias
1003 544 1177 588 autem
1206 535 1401 588 clamat
1424 550 1518 604 pro
1551 533 1732 596 Israel,
1757 533 1802 587 si
1835 531 1992 585 fuerit
2022 546 2276 584 numerus

747 627 968 680 ﬁliorum
992 623 1149 676 Israel
1179 622 1315 678 sicut
1342 637 1500 676 arena
1530 623 1711 682 maris,
1734 622 1968 690 reliquiae
1985 620 2142 673 salvae
2158 619 2279 674 ﬁent

747 715 810 768 ⁸⁸.
853 733 871 763 ι
907 711 1037 764 Nam
1065 727 1185 764 cum
1223 711 1328 765 duo
1357 712 1462 765 sint
1505 725 1622 779 quae
1645 710 1871 764 Abrahm
1897 707 2035 763 Deus
2059 724 2278 778 respon-

745 803 875 858 dens
900 801 1141 870 promisit
1161 800 1226 854 de
1263 801 1346 863 iis,
1369 801 1459 868 qui
1494 799 1670 852 abillo
1702 799 1891 851 orituri
1921 805 2090 856 erant.
2116 813 2278 850 unum

743 893 955 962 quidem
979 891 1118 959 quod
1141 890 1304 943 futuri
1331 901 1509 944 essent
1535 890 1674 944 sicut
1695 889 1859 946 stella:
1889 888 2030 951 coeli,
2057 888 2277 941 alterum

744 997 872 1036 vero
899 980 1040 1048 quod
1075 986 1326 1048 tanquam
1353 993 1513 1032 arena
1542 977 1739 1039 maris,
1779 976 1867 1030 Dei
1903 975 2115 1044 quidem
2148 975 2280 1028 ami-

748 1069 819 1132 ci,
855 1070 1036 1138 quales
1060 1064 1274 1123 fuerunt
1306 1068 1379 1121 illi
1406 1075 1633 1130 veteres,
1665 1077 1715 1120 et
1763 1067 2052 1136 prophetae,
2079 1075 2130 1120 et
2162 1065 2278 1120 Sal-

748 1158 946 1212 vatoris
976 1152 1141 1212 nostri
1169 1157 1391 1226 apostoli
1420 1196 1435 1220 ,
1486 1155 1682 1224 quibus
1723 1156 1834 1222 ipse
1869 1156 1995 1207 illud
2041 1155 2280 1210 testimo-

748 1247 895 1301 nium
924 1245 1178 1309 exhibuit,
1219 1264 1236 1295 ι
1277 1260 1369 1299 vos
1397 1245 1528 1298 estis
1579 1245 1669 1296 lux
1696 1245 1876 1297 mundi
1917 1243 1980 1309 ",
2016 1263 2032 1294 ›
2068 1243 2281 1296 lumini-‘-

749 1338 850 1393 hus
878 1337 1188 1391 ccelestibus
1221 1317 1334 1405 ips'o
1373 1335 1656 1404 splendore
1705 1341 2122 1403 comparantur:
2156 1334 2280 1386 reli-

747 1430 839 1500 qui
867 1442 1013 1494 vero,
1038 1428 1234 1480 terreni
1282 1426 1524 1490 scilicet,
1575 1435 1734 1495 atque
1787 1426 1838 1478 in
1894 1425 2112 1486 humum
2161 1439 2282 1492 spe-

749 1526 975 1582 ctantes,
1005 1531 1178 1571 arena:
1227 1516 1430 1570 similes
1476 1517 1754 1571 habentur.
1821 1505 2050 1568 Proinde
2093 1513 2281 1568 merito

754 1610 842 1664 ubi
867 1616 972 1661 tota
999 1605 1281 1660 multitudo
1316 1605 1541 1659 ﬁliorum
1578 1605 1771 1665 Israel,
1807 1618 1926 1672 quae
1954 1619 1983 1656 a
2028 1602 2282 1673 dignitate

752 1713 848 1754 sua
877 1697 982 1768 74
1012 1705 1064 1752 et
1113 1711 1140 1749 a
1176 1694 1388 1748 virtutis
1437 1693 1831 1764 magniﬁcentia
1886 1705 2073 1746 casura
2127 1701 2278 1754 erat,

2376 533 2597 600 λάσσης,
2645 530 2704 581 τὸ
2755 529 3066 598 κατάλειμμα
3101 526 3327 594 σωθήσεται.
3364 535 3378 567 ι
3423 522 3503 574 Atio
3537 523 3614 588 γάρ

2376 619 2704 688 ἐπαγγελιῶν
2741 618 2828 670 διὰ
2870 617 2960 670 τοῦ
2983 613 3164 686 χρησμοῦ
3184 611 3238 680 τῷ
3261 606 3466 678 ’Ᾱὸραᾶμ
3483 608 3612 678 δεδομέ

2377 711 2502 780 περὶ
2523 709 2627 761 τῶν
2654 709 2708 773 ἐξ
2730 708 2888 760 αὐτοῦ
2913 705 3219 775 γενησομένων,
3233 700 3287 762 ὡς
3307 697 3388 767 ἂρα
3428 699 3616 750 ἔσονταιι

2376 800 2442 851 τὰ
2480 800 2650 868 ἄστρα
2679 799 2769 850 τοῦ
2795 797 3032 868 οὐρανοῦ,
3062 794 3130 846 καὶ
3151 791 3254 844 κατὰ
3273 789 3350 860 τὴν
3374 787 3529 859 ἄμμον
3552 789 3611 857 τῆ,

2377 887 2597 956 λάσσης,
2631 887 2734 939 τῶν
2784 887 2877 956 μὲν
2924 883 3135 952 θεοφιλῶν
3172 879 3431 950 λαμπόντων
3465 878 3618 948 ὁμοίως

2378 975 2638 1045 οὐρανίοις
2674 975 2993 1044 φωστῆρσιν,
3035 966 3111 1024 οἷοι
3150 966 3256 1040 ἦσαν
3283 969 3323 1020 οἱ
3343 965 3487 1020 πάλαι
3507 984 3616 1038 προς

2378 1067 2470 1118 καὶ
2492 1067 2538 1117 οἱ
2571 1064 2661 1117 τοῦ
2696 1065 2941 1135 Σωτῆρος
2970 1063 3095 1133 ἡμῶν
3112 1060 3354 1121 ἀπόστολοι,
3402 1055 3476 1122 οἷς
3498 1061 3620 1128 ὲμαρ

2382 1172 2468 1207 σεν
2498 1153 2678 1206 εἰπών·
2711 1174 2728 1204 ‹
2765 1155 2955 1223 Ὑμεῖς
2976 1155 3076 1204 ἐστὲ
3092 1152 3138 1204 τὸ
3156 1150 3244 1219 φῶς
3267 1149 3345 1202 τοῦ
3363 1147 3554 1218 κόσμου⁸
3583 1167 3597 1196 ι

2380 1243 2617 1312 γηγενῶν
2662 1245 2754 1295 καὶ
2792 1243 3112 1312 χαμαιπετῶν
3146 1243 3281 1309 ἄμμῳ
3303 1239 3388 1307 γῆς
3415 1237 3612 1307 παραίια

2380 1350 2498 1386 νων·
2536 1334 2752 1396 εἰκότως
2781 1335 2836 1385 ἐν
2863 1333 3092 1395 τούτοιςὸ
3125 1331 3398 1402 προφητικὸς
3413 1329 3614 1396 λόγος,ὲ

2382 1424 2486 1475 πᾶν
2533 1424 2731 1493 πλῆθος
2777 1423 2882 1474 τῶν
2924 1423 3042 1475 υἱῶν
3095 1421 3274 1492 Ἰσραὴλ
3310 1420 3613 1489 ὲκπεσοὺμενε

2380 1514 2531 1578 ἀξίας
2556 1516 2646 1568 καὶ⁵
2673 1513 2764 1566 τοῦ
2807 1511 3142 1582 μεγαλοφυοῦς
3166 1513 3248 1580 τῆς
3276 1511 3468 1582 ἀρετῆς,
3496 1511 3607 1562 ’ὀλον

2381 1605 2702 1675 χαμαιπετὲς
2744 1603 3020 1672 γενόμενον
3058 1600 3334 1671 παραϐληθῇ
3358 1603 3420 1670 τῇ
3441 1601 3597 1671 ἄμμῳ

2381 1694 2598 1764 λάσσης,
2628 1690 2743 1745 τότε
2767 1692 2828 1762 δὴ
2857 1694 2916 1743 τὸ
2948 1691 3249 1760 κατάλειμμα
3271 1689 3434 1741 αὐτῶν
3464 1693 3614 1759 μόνον

750 1788 1102 1857 undecunque
1143 1793 1389 1855 spectans
1432 1784 1484 1836 in
1515 1791 1738 1846 terram,
1793 1789 1851 1834 ut
1882 1794 2058 1835 sermo
2094 1781 2161 1834 de
2207 1780 2278 1836 his

2094 1781 2161 1834 de
2207 1780 2288 1836 his
2321 1784 2361 1844 Β
2387 1801 2495 1849 ται,
2527 1783 2651 1853 περὶ
2687 1778 2744 1836 οὗ
2779 1781 3182 1850 καταλείμματος
3213 1779 3422 1833 πλεῖστα
3455 1783 3621 1851 ὴμῖνγ

751 1879 1090 1949 propheticus
1134 1876 1313 1941 habet,
1343 1889 1514 1928 arenae
1543 1873 1706 1927 maris
1747 1879 2051 1940 comparata
2083 1870 2240 1924 fuerit
2267 1890 2278 1924 :

753 1980 862 2024 tum
891 1969 1137 2024 videlicet
1178 1972 1362 2022 eorum
1393 1965 1626 2032 reliquiae
1655 1964 1915 2016 duntaxat
1947 1962 2104 2015 salvae
2137 1960 2282 2024 ﬁent,

753 2061 817 2114 de
839 2061 1030 2129 quibus
1057 2073 1185 2112 sane
1213 2057 1452 2126 reliquiis
1477 2055 1760 2124 plurimum
1798 2059 1879 2106 est
1922 2065 1950 2103 a
1982 2051 2136 2104 nobis
2177 2051 2281 2104 ela-

752 2147 991 2201 boratum
1025 2165 1036 2200 :
1080 2153 1237 2214 atque
1261 2145 1372 2197 [nec
1405 2143 1579 2196 futura
1605 2156 1723 2196 esse
1750 2140 1898 2202 dicit,
1931 2140 2022 2193 ubi
2053 2140 2164 2208 ipse
2185 2137 2286 2191 Do-

754 2238 930 2292 minus
949 2235 1272 2290 contrahens
1320 2239 1374 2288 et
1400 2231 1711 2301 perﬁcicns,
1751 2230 1963 2284 verbum
1993 2243 2086 2297 per
2116 2234 2285 2280 totum

753 2335 1014 2380 terrarum
1059 2325 1243 2378 orbem
1298 2323 1507 2384 fecerit,
1554 2321 1632 2375 sic
1689 2321 1868 2388 utique
1921 2317 2285 2386 Evangelicam

755 2414 1182 2482 praedicationem
1208 2413 1489 2480 perspicue
1521 2408 1825 2477 signiﬁcans
1844 2447 1859 2470 ,
1913 2408 1966 2460 in
1996 2422 2099 2476 qua
2141 2405 2285 2459 omni

758 2501 988 2556 Mosaico
1016 2499 1211 2552 ambitu
1240 2499 1468 2556 sublato.
1501 2497 1589 2565 qui
1643 2495 1991 2566 imaginibus,
2016 2505 2065 2548 et
2093 2496 2282 2562 signis,

753 2594 810 2644 et
846 2585 1211 2654 corporalibus
1265 2583 1664 2638 adorationibus
1729 2583 2040 2641 constabat,
2094 2583 2349 2637 brevitate

755 2679 1029 2737 emissum,
1068 2674 1360 2743 pr0phetia3
1387 2676 1664 2728 veritatem
1697 2673 2080 2742 comprobavit.

828 2788 960 2840 XLI.
1000 2787 1065 2841 Et
1093 2789 1194 2841 erit
1225 2789 1276 2840 in
1300 2787 1384 2840 die
1412 2787 1520 2849 illa,
1552 2786 1699 2838 radix
1724 2783 1894 2848 Iesse,
1916 2794 1970 2840 et
1994 2786 2083 2856 qui
2110 2794 2289 2855 surget

760 2877 1020 2946 imperare
1049 2875 1294 2944 gentibus
1312 2913 1328 2938 ,
1370 2875 1425 2927 in
1451 2889 1515 2928 eo
1540 2883 1724 2943 gentes
1755 2875 2080 2944 sperabunt:
2112 2884 2162 2928 et
2181 2862 2290 2928 erit

759 2966 972 3036 requies
999 2966 1053 3018 in
1081 2965 1302 3019 honore.
1327 2963 1390 3016 Et
1413 2964 1513 3018 erit
1537 2963 1590 3016 in
1616 2963 1701 3018 die
1730 2964 1840 3026 illa,
1873 2963 2084 3032 adjiciet
2107 2964 2287 3019 Domi-

759 3073 862 3112 nus
911 3057 1277 3110 demonstrare
1318 3069 1532 3108 manum
1564 3069 1713 3108 suam
1739 3055 1802 3108 ad
1835 3055 2210 3117 aemulandum,
2237 3065 2289 3110 et

760 3145 1101 3215 quaerendum
1124 3144 1266 3214 quod
1299 3144 1612 3200 remanserit
1666 3145 1927 3213 reliquum
1959 3146 2139 3214 papuli
2177 3146 2288 3208 sui,

759 3236 1116 3306 quodcunque
1160 3237 1401 3288 relictum
1467 3235 1626 3288 fuerit
1681 3236 1748 3288 ab
1802 3236 2076 3306 Assyriis,
2121 3244 2172 3291 et
2228 3237 2294 3289 ab

761 3326 1013 3396 Egypto,
1047 3335 1101 3380 et
1127 3331 1157 3378 a
1189 3325 1499 3396 Babylonia,
1526 3333 1578 3380 et
1599 3327 1666 3380 ab
1686 3319 1977 3396 Ethiopia,
2008 3337 2060 3382 et
2089 3327 2155 3380 ab
2184 3326 2296 3380 Ela-

761 3416 925 3478 mitis,
956 3425 1008 3470 et
1037 3431 1068 3468 a
1101 3415 1231 3470 solis
1260 3426 1410 3481 ortu,
1454 3423 1506 3469 et
1541 3416 1608 3469 ab
1639 3415 1831 3470 insulis
1862 3417 2024 3470 maris
2053 3435 2063 3469 :
2097 3425 2150 3470 et
2197 3432 2292 3471 ex-

761 3505 910 3558 tollet
932 3503 1142 3573 signum
1171 3505 1222 3558 in
1256 3515 1438 3573 gentes
1459 3543 1475 3568 ,
1521 3513 1574 3559 et
1601 3505 1872 3574 dispersos
1897 3505 2030 3560 Juda
2075 3521 2296 3575 congre-

761 3593 904 3660 gabit
938 3605 968 3646 a
997 3604 1225 3662 quatuor
1251 3593 1352 3648 alis
1378 3602 1532 3648 terrae
1553 3596 1619 3647 ⁵⁵.
1668 3615 1686 3647 ι
1719 3595 1852 3650 Cum
1889 3610 2026 3665 saepe
2051 3596 2292 3664 quaedam

761 3684 944 3736 futura
964 3681 1212 3736 dicantur
1239 3684 1293 3736 in
1315 3683 1542 3752 quodam
1573 3685 1768 3754 insigni
1799 3685 1903 3748 die,
1945 3685 2046 3738 hoc
2077 3693 2178 3751 est,
2205 3687 2293 3740 ubi

763 3768 1102 3824 manifestum
1131 3781 1339 3840 tempus
1383 3772 1683 3838 advenerit,
1739 3789 1838 3828 nos
1889 3775 2294 3830 ratiocinatione

762 3862 1092 3931 colligentes,
1127 3872 1310 3916 earum
1354 3876 1530 3915 rerum
1584 3877 1702 3929 quae
1729 3863 2132 3931 signiﬁcentur,
2180 3865 2294 3918 exi-

763 3961 872 4004 tum
903 3953 959 4004 iu.
984 3953 1156 4020 ipsum
1198 3951 1289 4004 Dei
1314 3951 1596 4004 adventum
1637 3951 1874 4005 recidere
1905 3952 2294 4007 demonstravi-

763 4055 884 4096 mus
913 4059 925 4094 :
959 4041 1012 4093 in
1045 4054 1153 4110 quo
1180 4055 1302 4094 cum
1331 4039 1505 4093 omnis
1544 4037 1764 4092 Iudaica
1812 4055 1943 4109 gens
1969 4053 2158 4094 casura
2206 4057 2293 4096 es-

763 4137 863 4192 set,
898 4144 1094 4198 paucos
1117 4128 1374 4198 quosdam
1411 4139 1678 4183 servatum
1709 4128 1799 4191 iri,
1846 4128 1937 4197 qui
1972 4144 2034 4182 ex
2071 4130 2177 4184 illis
2207 4146 2294 4184 re-

763 4219 1038 4288 linquendi
1070 4229 1262 4283 erant,
1312 4219 1490 4273 divina
1519 4218 1806 4273 ostendunt
1841 4220 2076 4272 oracula.
2127 4221 2177 4274 ls
2208 4225 2290 4274 ta-

764 4323 884 4363 men
911 4311 1080 4372 locus,
1108 4311 1199 4379 qui
1225 4325 1368 4363 nunc
1395 4311 1446 4362 in
1463 4310 1708 4364 manibus
1734 4317 1834 4370 est,
1858 4318 1912 4363 et
1937 4310 2103 4377 ipsam
2127 4311 2287 4375 diem,

2385 1885 2520 1922 σται.
2551 1868 2730 1920 Ταῦτα
2765 1867 2821 1920 δέ
2850 1885 3007 1936 φησιν
3056 1866 3264 1929 ἔσεσθαι,
3300 1867 3432 1919 ἐπὰν
3456 1869 3615 1931 αὐτὸς

2384 1958 2682 2027 συντέμνων
2711 1960 2802 2011 καὶ
2829 1958 3096 2021 συντελῶν,
3122 1958 3260 2025 λόγον
3286 1959 3404 2011 καθῗ
3431 1959 3557 2032 ὅλης
3593 1979 3620 2012 τ

2389 2049 2548 2118 μένης
2572 2050 2799 2118 ποιήσει,
2823 2048 3055 2118 ἐναργῶς
3076 2049 3130 2100 τὸ
3155 2048 3492 2117 εὖαγγελικὸν
3528 2068 3624 2121 παι

2391 2151 2589 2204 ρυγμα,
2616 2137 2672 2188 ὲν
2696 2130 2760 2204 ᾧ,
2782 2136 2958 2206 πάσης
2977 2136 3069 2205 τῆς
3092 2135 3222 2189 κατὰ
3248 2137 3454 2191 Μωσέα
3479 2156 3624 2209 περιρ

2390 2224 2505 2277 κόσι
2534 2226 2623 2277 καὶ
2664 2226 2944 2295 συμϐόλοις
2981 2225 3070 2278 καὶ
3109 2231 3430 2296 σωματικαῖς
3477 2229 3624 2300 θρησ

2394 2317 2766 2387 ριαιρεθεισης,
2814 2318 2842 2369 ὁ
2873 2316 3119 2385 σύντομος
3153 2317 3240 2368 τοῦ
3279 2317 3624 2386 Εὑαγγελίου

2391 2406 2592 2467 πάντας
2625 2404 2936 2472 ἀνθρώπους
2971 2405 3301 2474 παραδοθεὶς,
3328 2407 3434 2475 τῆς
3477 2425 3624 2476 προτί

2389 2495 2633 2564 ἀλήθειαν
2665 2493 3006 2548 ἐπιστώσατο.

2401 2584 2678 2653 praeditum
2737 2584 3010 2654 Evangelii
3057 2587 3280 2642 verbum
3340 2589 3402 2641 in
3460 2604 3624 2645 omni

2459 2784 2588 2836 MA’.
2631 2801 2648 2834 ι
2696 2786 2802 2836 Kal
2827 2786 2977 2838 ἔσται
3016 2789 3073 2840 ὲν
3109 2793 3176 2860 τῇ
3214 2791 3406 2862 ἡμέρᾳ⁴
3442 2792 3623 2847 ὲκείν·

2403 2874 2612 2935 Ἰεσσαὶ,
2638 2877 2728 2927 καὶ
2757 2876 2784 2926 ὁ
2810 2878 3163 2948 ἀνιστάμενος
3205 2883 3402 2953 ἄρχειν
3448 2886 3622 2940 ὲθνῶ·

2391 2963 2513 3033 ἔθνη
2556 2964 2843 3028 ἐλπιοῦσιν,
2888 2969 2982 3021 καὶ
3020 2970 3172 3024 ἔσται
3207 2975 3240 3043 ἠ
3269 2974 3624 3042 ἀνάπαυσις

2391 3054 2496 3105 Καὶ
2523 3052 2668 3105 ἔσται
2699 3057 2754 3106 ὲν
2785 3058 2848 3124 τῇ
2875 3057 3056 3129 ἡμέρᾳ
3081 3062 3290 3133 ἐκείνῃ,
3317 3066 3616 3139 προσθήσ

2393 3143 2557 3209 δεῖξαι
2577 3144 2672 3214 τὴν
2701 3148 2854 3217 χεῖρα
2886 3149 3073 3214 αὐτοῦ,
3109 3152 3206 3204 τοῦ
3244 3152 3528 3224 ζηλῶσαι
3579 3178 3622 3213 κ

2393 3234 2738 3303 καταλειφθὲν
2780 3237 3068 3291 ὑπόλοιπον
3113 3242 3209 3294 τοῦ
3261 3244 3410 3298 λαοῦ
3465 3250 3621 3303 αὐτ(

2392 3323 2574 3394 λειφθῇ
2605 3324 2707 3376 ὑπὸ
2745 3325 2850 3378 τῶν
2905 3327 3241 3400 Ἀσσυρίων,
3275 3336 3384 3387 καὶ
3425 3337 3570 3392 ἀπὸ
3611 3373 3622 3394 λ

2391 3411 2496 3466 ἀπὸ
2514 3413 2868 3478 Βαϐυλωνίας,
2903 3417 2997 3469 καὶ
3033 3420 3149 3471 ἀπὸ
3185 3422 3555 3492 Αἰθιοπίας,
3594 3450 3622 3484 ν

2393 3506 2482 3558 καὶ
2503 3506 2606 3558 ἀπὸ
2631 3507 2778 3577 ἡλίου
2804 3508 3102 3572 ἀνατολῶν,
3133 3506 3240 3565 καὶ
3271 3515 3398 3569 ἀπὸ
3436 3520 3585 3574 τῶν

2392 3593 2608 3663 λάσσης·
2631 3597 2722 3646 καὶ
2747 3595 2866 3665 ἀρεῖ
2893 3601 3128 3668 σημεῖον
3170 3603 3263 3664 είς
3301 3604 3386 3656 τὰ
3449 3607 3620 3664 EGV?

2391 3685 2756 3754 εσπαρμένους
2795 3686 2957 3740 Ἰούδα
2985 3690 3224 3755 συνάξει
3255 3695 3332 3747 ὲκ
3359 3698 3501 3752 τῶν
3551 3721 3619 3755 τε

2391 3792 2499 3842 γων
2527 3778 2623 3845 τῆς
2656 3775 2783 3860 γῆς..
2806 3778 3078 3841 Πολλάκις
3101 3785 3293 3837 τινῶν
3328 3787 3617 3862 λεγομέι

2390 3865 2636 3934 ἐπισήμῳ
2680 3866 2874 3936 ἡμέρᾳ,
2916 3871 3228 3925 τουτέστιν
3275 3877 3347 3927 ὲν
3385 3879 3616 3951 ὲπιφα

2389 3953 2568 4022 γισμῷ
2601 3955 2913 4020 συνάγοντες
2951 3958 3058 4028 τὴν
3106 3961 3240 4014 τῶν
3281 3965 3613 4042 δηλουμέ.

2389 4043 2480 4094 ἐπὶ
2504 4042 2599 4112 τὴν
2620 4043 2726 4136 τοῖς)
2761 4043 2896 4136 Θεοῦ
2933 4051 3290 4118 παρουσίαν
3333 4057 3611 4136 ἀναφὲς

2394 4150 2507 4202 μεν,
2541 4133 2659 4186 καθ’
2687 4133 2752 4204 ἢν
2783 4135 2872 4187 τοῦ
2899 4138 3120 4201 παντὸς
3180 4142 3546 4204 Ἰουδαίων

2394 4224 2568 4291 μένου,
2605 4223 2853 4286 σπανίους
2881 4227 3036 4290 τινὰς
3063 4231 3522 4302 σωθήσεσθαι
3555 4261 3602 4295 τ

2389 4312 2902 4383 ταλειφθησομένους
2930 4317 2981 4368 οἱ
3029 4317 3201 4373 θεῖοι
3251 4323 3560 4393 δηλοῦσι

764 4409 816 4451 et
849 4399 989 4467 quod
1022 4417 1113 4470 per
1139 4415 1256 4454 eam
1288 4399 1616 4468 signiﬁcatur
1641 4407 1868 4467 tempus,
1901 4406 1953 4453 et
1975 4415 2094 4469 qua:
2125 4401 2180 4454 in
2227 4416 2291 4455 eo

2071 4415 2094 4454 ε
2125 4401 2180 4454 in
2227 4416 2291 4455 eo
2323 4412 2367 4468 ι)
2396 4403 2529 4471 μετὰ
2545 4406 2727 4473 χεῖρας
2751 4402 2892 4469 λέξις
2914 4407 3011 4459 καὶ
3032 4408 3162 4490 τὴν
3203 4414 3540 4486 ἡμέραν,
3569 4441 3599 4476 δ

763 4500 1014 4544 eventura
1039 4498 1236 4552 essent,
1263 4489 1569 4558 planissime
1597 4487 1922 4542 demonstrat
1951 4508 1964 4543 :
2005 4505 2125 4542 cum
2152 4491 2289 4544 enim

765 4589 920 4634 canat
943 4595 1008 4634 ex
1037 4582 1240 4634 semine
1280 4577 1444 4631 David
1471 4577 1708 4631 futurum
1739 4578 1937 4634 Christi
1960 4587 2288 4645 ortum,cum

763 4684 828 4722 eo
851 4669 1322 4724 simulJudasorum
1354 4669 1477 4722 item
1511 4668 1718 4720 ruinam
1741 4669 2017 4735 praedicit;
2047 4670 2176 4723 dicit
2196 4685 2289 4723 au-

768 4768 872 4813 tem
899 4761 1010 4815 sic:
1045 4780 1063 4810 ι
1106 4759 1244 4813 Ecce
1265 4757 1566 4811 dominator
1595 4757 1852 4814 Dominus
1888 4760 2140 4824 Sabaoth,
2159 4777 2290 4814 conc

771 4850 1002 4904 turbabit
1029 4849 1291 4920 gloriosos
1324 4861 1444 4900 cum
1475 4848 1696 4911 robore,
1727 4857 1778 4902 et
1819 4851 2013 4904 excelsi
2042 4849 2289 4903 humilia-

772 4936 986 5000 buntur.
1018 4949 1070 4993 et
1097 4940 1287 4995 cadent
1321 4937 1515 4992 excelsi
1573 4939 1774 5006 gladio,
1820 4951 1874 4992 et
1909 4939 2140 4992 Libanus
2173 4953 2293 4991 cum

773 5027 994 5081 excelsis
1022 5032 1172 5084 cadet
1201 5031 1263 5084 “.
1306 5051 1322 5080 ι
1355 5027 1522 5082 Porro
1555 5029 1640 5081 hic
1668 5029 1927 5083 Libanum
1958 5033 2135 5098 ipsam.
2175 5026 2294 5082 Ilie-

770 5115 998 5166 rusalem
1029 5117 1248 5189 intelligi
1282 5121 1426 5185 vult,
1476 5121 1614 5175 sicut
1660 5121 1713 5175 in
1754 5122 1878 5175 aliis
1905 5119 2290 5175 demonstravi-

769 5215 927 5256 mus:
963 5218 1118 5269 quam
1149 5222 1268 5260 cum
1295 5211 1544 5266 omnibus
1577 5211 1689 5266 suis
1731 5212 1944 5274 fastum,
1977 5218 2030 5264 et
2075 5223 2294 5264 venera-

773 5290 966 5344 tionem
989 5306 1094 5360 praz
1119 5309 1176 5348 se
1197 5297 1504 5364 ferentibus,
1535 5302 1855 5371 etgloriosis
1882 5314 2158 5361 casuram,
2207 5299 2292 5353 hic

773 5379 1042 5446 pr0phetae
1091 5380 1244 5432 Inous
1292 5386 1522 5439 minatur
1553 5407 1564 5440 :
1593 5392 1682 5458 qui
1727 5390 1937 5459 quidem
1972 5389 2059 5442 ubi
2113 5388 2289 5456 priora

771 5467 860 5520 i'ila
887 5469 1168 5536 explicavit
1191 5507 1205 5532 ,
1253 5469 1360 5523 haec
1395 5475 1644 5544 deinceps
1672 5481 1944 5546 adjungit;
1979 5497 1994 5526 ι
2031 5476 2092 5528 Et
2139 5493 2289 5545 egre-

2397 4493 2781 4562 σημαινόμενον
2814 4495 3028 4565 χρόνον,
3061 4500 3191 4552 καὶ
3221 4503 3318 4556 τὰ
3355 4506 3490 4560 ἐπὶ
3524 4529 3598 4564 τε

2394 4582 2683 4635 λευκότατα
2715 4585 3036 4655 παρίστησι·
3083 4589 3446 4659 Θεσπίζου
3458 4617 3565 4655 σα.

2398 4687 2560 4740 ματος
2586 4671 2677 4722 τοῦ
2709 4672 2869 4725 Δαόὶδ
2898 4682 3379 4755 γενησομένην
3428 4692 3576 4744 τοῦ

2393 4758 2524 4828 ὁμοῦ
2552 4759 2642 4810 καὶ
2663 4757 2760 4828 τὴν
2804 4760 3094 4823 Ἰουδαίων
3131 4772 3590 4834 ἀπόπτωσιν

2393 4862 2475 4915 γει
2497 4849 2552 4900 δὲ
2575 4848 2762 4937 οὕτως’
2795 4868 2813 4900 ι
2857 4853 2995 4911 Ἰδοὺ
3031 4860 3122 4937 δὴ
3169 4865 3212 4918 ὁ
3258 4866 3588 4927 δεσπόττ

2397 4935 2710 5030 συνταράξει
2738 4939 2865 5004 τοὺς
2888 4935 3194 5021 ἐνδόξους
3252 4961 3459 5030 μετὰ
3505 4966 3584 5020 to

2393 5027 2896 5099 ταπεινωθήσονται,
2941 5044 3056 5098 καὶ
3125 5027 3563 5116 πεσοῦνται.

2393 5116 2500 5222 is?
2531 5116 2903 5222 A‘f‘?”°‘.°""
2948 5141 3095 5205 τοῖς
3155 5144 3499 5222 ὑψηλοῖς
3569 5180 3578 5189 -

2393 5205 2448 5256 δὲ
2469 5205 2695 5260 ἐνταῦθα
2727 5211 2828 5282 τὴν
2885 5221 2959 5279 ἰε

2392 5492 2453 5542 γε
2475 5493 3058 5584 προανατεινάμενος,
3111 5472 3334 5602 ξξέῑζ

840 5643 884 5673 ⁸⁸
918 5641 1066 5694 Rom.
1101 5658 1172 5707 Ix,
1223 5641 1310 5698 9.7.
1385 5645 1428 5675 ³⁵
1456 5644 1635 5700 Matth.
1661 5665 1718 5717 v,
1748 5651 1828 5705 14,
1905 5652 1946 5682 ⁸⁸
1983 5649 2081 5704 lsa.
2128 5660 2178 5700 χι
2235 5645 2368 5698 ίοοιε

1478 5644 1828 5717 ιριιιω-,ιι
1905 5652 1946 5682 ιε
1983 5649 2081 5704 lsa.
2128 5660 2178 5700 χι
2235 5644 2408 5698 10.12.
2486 5613 2659 5705 uisa.
2700 5672 2732 5711 κ
2790 5663 3006 5737 33,54
