3870 6370
767 494 864 549 N7

1339 471 1596 530 EUSEBII
1631 465 2092 525 CESARIENSIS
2129 463 2275 518 OPP.
2315 460 2488 515 PARS
2528 461 2590 516 II.
2627 487 2695 500 --
2731 453 3147 512 APOLOGETICA.

763 598 1031 658 oraculum
1069 590 1211 660 quod
1248 587 1326 642 ita
1374 587 1447 640 ait
1489 603 1501 638 :
1537 601 1555 634 ι
1601 579 1831 649 Adjiciet
1879 576 2133 631 Dominus
2189 577 2280 628 de-

2071 592 2133 631 us
2189 577 2280 628 de-
2309 580 2354 636 Α
2382 589 2459 624 σει
2486 570 2711 639 Κύριος;
2735 567 2864 620 ἀλλὰ
2888 568 2988 637 γὰρ
3012 565 3104 635 πρὸς
3127 555 3189 619 οἷς
3219 553 3336 620 ἅπαξ
3362 548 3597 660 ὲπεδείξρΣι

762 693 1056 747 monstrare
1093 693 1306 731 manum
1341 689 1515 735 suam,
1549 679 1606 724 ut
1637 669 1913 722 :emuletur
1955 665 2024 718 ob
2061 662 2113 716 id
2141 662 2281 731 quod

765 770 1080 832 remanserit
1114 768 1375 835 reliquum
1420 761 1619 832 populi.
1654 779 1670 810 ι
1703 755 1841 824 Quid
1868 762 2041 808 autem
2076 751 2286 820 adjiciet

764 859 1054 917 Dominus?
1082 872 1288 927 nempe,
1316 857 1381 909 iis
1414 867 1547 926 quos
1570 850 1731 905 semel
1756 844 2023 916 quondam
2056 857 2148 912 per
2173 857 2294 912 pro-

766 954 950 1021 phetas
973 945 1205 1001 ostendit
1240 944 1499 1011 :Adjecla
1525 951 1607 998 est
1641 955 1832 994 manus
1867 935 2094 998 Domini,
2114 941 2172 988 ut
2205 931 2288 987 his

766 1043 897 1110 ipsis
925 1037 1085 1092 veluti
1123 1036 1189 1095 de
1243 1036 1408 1090 totius
1465 1031 1646 1105 populi
1695 1030 1849 1084 ruina
1899 1026 2142 1087 servatis,
2174 1038 2290 1094 quae

663 1155 666 1159 ’
765 1129 1033 1205 prioribus
1070 1128 1309 1189 deerant,
1337 1125 1772 1193 adiungerentur.
1802 1118 1926 1174 Haec
1953 1132 2110 1188 porro
2140 1121 2290 1170 erant

765 1203 897 1278 Novi
949 1218 1275 1278 Testamenti
1329 1215 1617 1286 mysteria,
1674 1226 1791 1281 quae
1856 1223 2014 1264 manu
2083 1203 2291 1258 Domini

661 1355 667 1373 .
765 1320 981 1367 ostensa
1004 1316 1129 1365 sunt
1151 1307 1198 1361 ei
1229 1305 1367 1376 parti
1397 1317 1515 1371 qua:
1542 1301 1608 1354 de
1633 1299 1827 1370 populo
1855 1297 2040 1351 relicta
2066 1303 2167 1350 est.
2187 1291 2291 1346 Sed

766 1402 949 1462 etiam,
980 1419 998 1450 ι
1044 1407 1102 1452 ut
1128 1397 1427 1456 aemuletur,
1456 1392 1646 1460 inquit,
1673 1389 1742 1444 ob
1769 1388 1820 1441 id
1859 1387 2000 1456 quod
2027 1399 2296 1441 remanse-

767 1493 839 1547 rit
876 1489 1136 1559 reliquum
1165 1485 1362 1557 populi.
1404 1502 1423 1534 ι
1460 1481 1564 1536 Pro
1604 1495 1710 1551 quo
1760 1478 1948 1547 Aquila
1973 1483 2024 1530 et
2052 1473 2292 1528 Theodo-

771 1583 882 1640 lion
897 1577 1252 1640 concorditer,
1276 1594 1292 1625 ι
1324 1570 1804 1643 adacquirendum,
1835 1587 1853 1621 ι
1874 1567 2140 1638 inquiunt,
2163 1584 2180 1616 ι
2211 1580 2294 1618 re-

772 1670 983 1727 siduum
1018 1666 1192 1740 populi
1224 1665 1328 1726 sui,
1375 1663 1728 1732 quodcunque
1770 1659 2009 1712 relictum
2044 1656 2199 1711 fuerit
2230 1654 2296 1712 ab

771 1755 1027 1825 Assyriis.
1063 1775 1079 1806 ι
1115 1765 1215 1808 eta
1251 1753 1472 1820 reliquis
1502 1749 1735 1803 inimicis
1766 1747 2029 1818 gentibus.
2057 1744 2167 1802 Hoc
2202 1759 2298 1797 au-

775 1858 875 1924 tem
917 1843 1056 1912 quod
1106 1843 1346 1899 relictum
1401 1839 1558 1893 fuerit
1600 1838 1665 1891 de
1705 1836 1919 1905 populo,
1974 1853 1992 1886 ι
2058 1834 2292 1894 extollet,

2380 662 2466 713 λαι
2487 634 2738 730 πρύτερον
2761 657 2845 710 διὰ
2872 634 2972 709 τῶν
3002 634 3229 726 προφητῶν⁹
3259 668 3273 697 ι
3299 634 3594 714 Προσεγενὴθν

2382 749 2603 819 Κυρίου,
2645 748 2736 802 καὶ
2776 747 2974 807 τούτοις
3009 741 3259 796 διασωθεῖσιν
3293 733 3380 787 ἀπὸ
3411 729 3496 798 τῆς
3525 742 3596 777 rm

2382 837 2472 891 τοῦ
2501 837 2692 899 παντὸς
2717 835 2864 896 λαοῦ,
2893 833 2960 886 τὰ
2995 831 3180 884 λείποντα
3218 828 3308 886 τοῖς
3343 819 3573 890 προτέροις

2387 925 2580 995 θήσειν.
2612 942 2629 974 ι
2654 922 2832 974 Ταῦτα
2851 921 2905 972 δὲ
2933 916 2994 990 ἦν
3012 918 3060 970 τὰ
3079 917 3148 984 τῆς
3164 912 3316 979 καινῆς
3335 906 3560 995 Διαθῄκης
3571 919 3598 995 *ι

2390 988 2494 1086 ριίκν
2528 1012 2612 1065 διὰ
2641 1011 2738 1080 τῆς
2765 1009 2941 1079 χειρὸς
2957 988 3046 1061 τοῦ
3071 1004 3226 1073 Κυρίου
3251 993 3525 1086 δεδειγμένα
3536 988 3598 1058 τῷ

2386 1080 2644 1173 λειφθέντι
2675 1103 2779 1156 ἀπὸ
2804 1097 2894 1150 τοῦ
2924 1095 3054 1149 λαοῦ.
3078 1094 3198 1147 Ἀλλὰ
3210 1093 3286 1146 καὶ
3307 1087 3384 1140 τοῦ
3411 1080 3600 1173 ζηλῶσα

2386 1195 2445 1248 τὸ
2471 1162 2814 1258 ξιαταλειφθὲν
2837 1189 3093 1242 ὑπόλοιπον
3116 1183 3190 1237 τοῦ
3208 1180 3336 1235 λαοῦ.
3372 1174 3494 1228 Ἀνθ’
3522 1162 3577 1223 οὗ

2389 1301 2491 1346 νως
2524 1286 2551 1336 ὁ
2589 1280 2809 1342 Ἀκύλας
2834 1279 2923 1331 καὶ
2955 1273 3209 1337 Θεοδοτίων,
3230 1267 3306 1324 τοῦ
3323 1261 3593 1335 κτήσασθαι

2384 1377 2448 1430 τὸ
2469 1374 2770 1442 ὑπόλειμμα
2795 1369 2886 1423 τοῦ
2907 1367 3025 1421 λαοῦ
3043 1363 3229 1426 αὑτοῦ,ὃ
3254 1361 3310 1414 ἂν
3334 1355 3582 1423 καταλίπῃ

2403 1465 2689 1534 Ἀσσυρίων
2737 1461 2827 1517 καὶ
2871 1459 2977 1512 ἀπὸ
3019 1455 3103 1509 τῶν
3149 1451 3317 1505 λοιπῶν
3358 1442 3602 1514 πολεμίων

2391 1554 2556 1607 Τοῦτο
2598 1553 2652 1604 δὲ
2684 1551 2744 1603 τὸ
2787 1545 3108 1615 καταλειφθὲν
3132 1541 3206 1595 τοῦ
3246 1537 3363 1592 λαοῦ
3399 1534 3602 1592 ὑπόλοιτ

2394 1644 2573 1714 φησὶν,
2600 1642 2814 1711 σημεῖον
2845 1640 2923 1701 είς
2950 1636 3013 1688 τὰ
3030 1635 3152 1704 ἕθντγ
3181 1631 3344 1699 σαφῶς
3372 1627 3431 1682 δι’
3461 1621 3598 1677 αύτῶ

2393 1733 2484 1787 τοῦ
2517 1735 2734 1802 σημεῖον
2760 1733 2788 1784 ὁ
2816 1729 3010 1798 Κύριος
3030 1729 3077 1779 ὲν
3100 1726 3210 1777 πᾶσι
3237 1724 3338 1783 τοῖς
3364 1718 3567 1773 ἔθνεσιν
3591 1716 3604 1766 ξ

2401 1840 2555 1893 μενος
2573 1839 2586 1854 ο
2616 1822 2708 1874 καὶ
2741 1817 2950 1881 συνάξει
2989 1815 3045 1870 δι’
3073 1812 3220 1867 αὐτῶν
3247 1812 3362 1873 τοὺς
3393 1807 3602 1876 ἁπολομ

775 1922 964 2004 inquit,
1017 1935 1225 2001 signum
1274 1935 1327 1985 in
1362 1938 1544 2001 gentes
1577 1946 1588 1982 :
1633 1947 1650 1978 ι
1685 1943 1777 1997 per
1832 1941 1925 1980 eos
1963 1926 2102 1981 enim
2141 1924 2295 1993 plane

2075 1940 2102 1979 η
2141 1924 2295 1993 plane
2324 1895 2367 1952 Β
2399 1911 2550 1982 ραὴλ,
2581 1911 2818 1970 καὶτοὺς
2847 1905 3232 1976 διεσπαρμένους
3265 1899 3452 1963 Ἰούδα,
3505 1900 3569 1951 ὲκ
3595 1914 3603 1930 ⁸

775 2024 1031 2080 Dominus
1061 2022 1271 2090 signum
1308 2036 1464 2074 suum
1495 2020 1548 2071 in
1581 2017 1794 2071 cunctis
1819 2015 2063 2085 gentibus
2099 2012 2300 2084 patefe-

775 2115 867 2178 cit,
892 2121 945 2168 et
973 2129 1066 2183 per
1086 2111 1300 2167 eosdem
1336 2110 1550 2178 collegit
1589 2123 1702 2172 eos,
1733 2108 1825 2176 qui
1855 2122 1919 2161 ex
1947 2105 2108 2159 Israel
2133 2109 2303 2174 perie-

707 2207 709 2210 ⁴
780 2211 920 2263 rant,
953 2211 1004 2256 et
1041 2201 1130 2270 qui
1181 2215 1243 2255 ex
1285 2191 1422 2250 Iuda
1468 2195 1695 2264 dispersi
1748 2200 1921 2256 erant,
1959 2200 2238 2260 postquam
2273 2205 2304 2243 a

780 2299 1008 2365 quatuor
1039 2289 1332 2352 alisterraa,
1365 2285 1432 2338 ad
1477 2282 1748 2338 Christum
1785 2279 1895 2340 Dei,
1933 2293 1998 2332 ex
2049 2275 2305 2344 praedica-

782 2384 925 2438 tione
970 2378 1332 2448 apostolorum
1387 2374 1574 2444 ipsius,
1621 2370 2014 2439 confugerunt:
2049 2367 2126 2420 sic
2178 2379 2306 2420 sane

780 2472 1034 2526 collectos
1059 2482 1177 2522 esse
1194 2464 1496 2534 intelligens
1523 2476 1638 2523 eos,
1661 2459 1751 2528 qui
1774 2457 2039 2529 quondam
2062 2471 2126 2509 ex
2143 2453 2307 2510 Israel

779 2568 833 2619 et
859 2558 1016 2618 Juda,
1062 2554 1354 2610 secundum
1401 2549 1714 2605 sententiam
1765 2543 2114 2599 consideratis
2151 2550 2308 2609 atque

785 2646 1036 2715 acceptis,
1081 2640 1295 2698 abducti
1326 2636 1535 2713 procul,
1569 2633 1908 2706 separatique
1936 2629 2166 2696 fuerant.
2196 2627 2309 2680 Mos

786 2713 965 2792 autem
1007 2727 1378 2799 hujuscemodi
1426 2725 1744 2784 animarum,
1779 2733 1964 2773 verum
2013 2715 2175 2770 Israel
2219 2713 2310 2766 Dei

785 2827 1140 2884 demonstrat,
1175 2818 1314 2870 sicut
1361 2830 1390 2869 e
1451 2809 1743 2874 contrario,
1798 2806 2312 2873 vitiosa-pravoque

785 2913 994 2970 all'ectio
1025 2925 1146 2965 eum
1175 2905 1357 2968 Israel,
1382 2904 1469 2973 qui
1506 2903 1712 2956 ratione
1731 2897 1970 2968 corporis
1997 2909 2114 2949 eam
2140 2892 2313 2962 appel-

792 3003 1044 3060 lationem
1074 2996 1298 3055 sortitus
1327 3003 1430 3055 est,
1461 2989 1730 3066 principes
1753 2985 2126 3045 Sodomorum,
2151 2987 2204 3035 et
2228 2995 2314 3049 po.

791 3092 974 3164 pulum
1003 3085 1312 3143 Gomorrhae
1353 3081 1617 3153 appellare
1649 3079 1700 3131 in
1733 3075 1965 3131 oraculis
1996 3072 2140 3128 facit.
2172 3071 2316 3124 Reli-

789 3160 929 3256 quiae
979 3179 1140 3249 igitur
1179 3173 1471 3230 secundum
1511 3167 1823 3223 electionem
1855 3165 2056 3234 gratim,
2085 3169 2137 3216 et
2172 3160 2315 3232 quod

791 3248 847 3326 in
901 3248 1173 3342 prophetia
1223 3264 1438 3325 dicitur,
1496 3260 1739 3314 relictum
1783 3253 2056 3310 residuum
2110 3248 2312 3322 populi,

791 3339 1014 3430 signium
1058 3352 1266 3412 Domini
1324 3350 1460 3424 apud
1534 3354 1758 3403 cunctas
1815 3350 1999 3416 gentes
2058 3339 2316 3410 praedica-

791 3459 916 3507 runt
949 3467 962 3501 :
993 3455 1047 3502 et
1092 3443 1396 3499 istiusmodi
1441 3439 1677 3511 gentium
1728 3436 1934 3490 animas
1963 3433 2033 3487 ab
2079 3431 2314 3492 interitu,

791 3542 861 3600 ad
918 3537 1127 3595 Domini
1195 3533 1550 3606 cognitionem
1613 3528 1918 3591 trahentes,
1972 3537 2140 3578 unum
2210 3519 2319 3574 Deo

791 3629 1045 3699 populum
1089 3623 1474 3684 confecerunt,
1525 3618 1614 3689 qui
1671 3632 1700 3671 a
1749 3623 1978 3687 quatuor
2024 3613 2122 3684 alis
2165 3619 2320 3664 terrae

791 3717 952 3771 hodie
998 3728 1209 3786 quoque
1266 3726 1371 3766 una
1427 3709 1629 3765 Christi
1697 3708 1895 3762 virtute
1962 3702 2318 3758 contrahitur.

797 3803 990 3882 7³1Ηὶ
1020 3819 1144 3858 vero
1185 3803 1286 3871 ipsi
1327 3799 1393 3854 de
1438 3798 1672 3852 Iudaica:
1728 3796 1900 3867 gentis
1932 3794 2149 3848 interitu
2193 3806 2322 3847 con-

796 3881 995 3950 servati
1019 3892 1291 3960 discipuli,
1333 3898 1386 3944 et
1442 3888 1669 3958 apostoli
1703 3885 1996 3940 Salvatoris
2043 3881 2236 3945 nostri,
2258 3895 2323 3934 ex

796 3981 1023 4038 diversis
1055 3979 1304 4037 tribubus
1353 3976 1588 4036 oriundi,
1625 3973 2067 4036 una-vocatione,
2115 3983 2325 4040 unaque

799 4070 992 4140 gratia,
1019 4076 1179 4140 atque
1213 4082 1321 4121 uno
1354 4073 1540 4122 sancto
1571 4063 1770 4134 Spiritu
1810 4062 1957 4131 digni
1978 4060 2170 4122 eiiecti,
2210 4074 2326 4114 om-

799 4176 921 4218 nem
952 4173 1207 4221 amorem,
1240 4173 1395 4231 quem
1441 4158 1566 4212 olim
1598 4169 1722 4224 erga
1752 4155 1898 4222 ipsos
1926 4151 2197 4208 Hebraieze
2225 4151 2324 4207 tri-

797 4253 902 4310 bus
953 4248 1246 4315 habebant,
1275 4247 1532 4316 abjecturi
1583 4254 1752 4305 erant,
1799 4251 1856 4296 ut
1909 4243 1983 4295 ait
2028 4242 2324 4311 prophetia.

799 4341 934 4400 Cum
961 4339 1152 4411 gigitur
1193 4337 1376 4392 eodem
1430 4337 1698 4390 intellectu
1727 4333 2019 4402 eademque
2068 4331 2328 4404 sententia

800 4430 1025 4503 perfecti
1075 4436 1274 4491 essent,
1333 4442 1440 4482 non
1475 4426 1647 4481 solum
1701 4423 2059 4479 continentem
2108 4429 2326 4484 terram,

803 4521 897 4576 sed
924 4527 978 4575 et
1006 4518 1210 4574 insulas
1259 4515 1493 4586 gentium
1547 4512 1811 4584 pervagati
1857 4519 2002 4575 sunt,
2048 4518 2100 4564 et
2144 4525 2329 4565 omnes

802 4611 1041 4683 undique
1065 4608 1342 4662 hominum
1370 4605 1574 4659 animas
1593 4602 1877 4674 depraedati
1903 4642 1917 4665 ,
1954 4616 2044 4655 eas
2076 4601 2330 4680 ducentes

804 4702 1064 4776 captivas,
1099 4707 1157 4754 ut
1179 4698 1399 4768 imperio
1423 4695 1622 4752 Christi
1644 4693 2051 4762 subjicerentur.
2086 4691 2186 4758 Qui
2212 4692 2331 4762 qui—

802 4791 921 4844 dem
952 4790 1004 4843 in
1029 4789 1130 4842 hoc
1161 4792 1519 4842 consentanea
1558 4784 1633 4838 illi
1655 4784 1876 4838 oraculo
1919 4791 2162 4854 egerunt,
2189 4783 2330 4853 quod

805 4882 914 4941 ait:
945 4899 964 4932 ι
994 4880 1060 4933 Ει
1086 4879 1338 4937 volabunt
1385 4875 1441 4931 in
1487 4875 1715 4946 navigiis
1761 4883 2042 4935 externum
2085 4889 2233 4929 mare
2261 4874 2333 4928 si-

805 4971 915 5026 mul
966 4969 1351 5044 deprwdantes,
1385 4976 1439 5025 et
1466 4981 1579 5032 eos,
1615 4966 1706 5039 qui
1732 4966 1799 5023 ad
1827 4966 1957 5021 solis
2009 4973 2182 5018 ortum
2209 4977 2331 5032 spe-

807 5065 954 5113 ctant
983 5060 1048 5114 “.
1082 5078 1101 5111 ι
1163 5059 1388 5128 Reliqua
1430 5073 1556 5113 vero
1595 5057 1833 5126 ejusdem
1884 5055 2194 5126 prophetiae,
2248 5051 2332 5107 his

811 5145 935 5199 item
973 5151 1314 5219 proportione
1356 5149 1680 5219 respondere
1703 5147 2017 5211 intueberis,
2051 5145 2113 5220 si.
2143 5156 2334 5200 unam-

810 5235 1078 5302 quamqlie
1125 5238 1407 5296 dictionem
1446 5247 1619 5296 tecum
1651 5238 1766 5312 ipse
1805 5237 2083 5307 diligenter
2109 5245 2336 5303 perpen-

2400 2018 2505 2073 ρων
2538 1999 2812 2070 πτερύγων
2850 1997 2946 2065 τῆς
2988 1996 3079 2064 γῆς
3110 1993 3190 2048 ἐπὶ
3232 1993 3317 2044 τὸν
3356 1988 3594 2060 Χριστὸν

2398 2091 2482 2144 διὰ
2518 2089 2608 2142 τοῦ
2642 2089 2747 2141 τῶν
2777 2086 3072 2142 ἀποστόλων
3113 2081 3260 2137 αὑτοῦ
3298 2079 3478 2153 κηρύγ
3491 2096 3604 2149 ματα

2402 2180 2687 2249 φευγότας·
2714 2179 2836 2237 τοὺς
2875 2174 3204 2245 συναχθέντας
3235 2168 3367 2224 εἶναι
3413 2170 3599 2238 λέγων

2401 2268 2787 2340 ἀπῳκισμένων
2809 2267 2901 2321 καὶ
2929 2264 3291 2333 ἀφωρισμένων
3313 2264 3377 2316 ὲκ
3409 2260 3514 2313 τοῦ
3549 2277 3604 2314 κε

2415 2357 2622 2429 Ἰσραὴλ
2660 2358 2751 2412 καὶ
2781 2355 2964 2408 Ἰούδα.
3009 2355 3201 2422 Τρόπος
3244 2353 3298 2404 δὲ
3347 2350 3588 2407 τοιῶνδε

2404 2446 2646 2515 ἀληθινὸν
2691 2443 2902 2513 Ἰσραὴλ
2951 2442 3038 2495 τοῦ
3088 2440 3209 2493 Θεοῦ
3248 2440 3604 2502 debonicm

2405 2533 2577 2602 φαύλη
2623 2532 2715 2584 καὶ
2766 2531 3006 2601 μοχθηρὰ
3047 2529 3268 2590 διάθεσις
3316 2529 3413 2582 τὸν
3467 2528 3604 2584 κατέ

2409 2621 2561 2692 ραὴλ,
2590 2621 2849 2690 ἄρχοντας
2887 2619 3124 2688 Σοδόμων
3167 2619 3254 2670 καὶ
3281 2617 3419 2670 λαὸν
3448 2618 3604 2688 Top].

2405 2711 2567 2774 τίζειν
2612 2713 2770 2764 ποιεῖ.
2805 2710 2878 2762 Τὸ
2916 2711 3086 2764 τοίνυν
3129 2709 3334 2780 λεῖμμα.
3379 2713 3515 2762 κατ’
3555 2713 3604 2762 ὲ)

2406 2816 2514 2861 τος,
2551 2799 2642 2850 καὶ
2678 2798 2736 2858 τὸ
2769 2797 3052 2866 λεγόμενον
3089 2799 3143 2853 ὲν
3166 2800 3230 2870 τῇ
3267 2799 3604 2869 προφητείᾳ

2409 2889 2692 2944 ὑπόλοιπον
2739 2887 2832 2939 τοῦ
2871 2887 3019 2949 λαοῦ,
3057 2888 3117 2939 τὸ
3161 2889 3394 2957 σημεῖον
3449 2889 3562 2940 τοῦ

2409 2983 2518 3042 τοῖς
2573 2977 2774 3030 ἔθνεσιν
2824 2977 3170 3047 ἀνεκήρυξεν,
3229 2977 3330 3031 καὶ
3373 2977 3491 3042 τὰς
3560 2997 3602 3031 τι

2409 3070 2515 3122 τῶν
2566 3068 2730 3120 ἐθνῶν
2771 3066 2829 3130 ἐξ
2866 3065 3135 3128 ἀπωλείας
3181 3067 3276 3118 ἐπὶ
3321 3067 3434 3137 τὴν
3481 3069 3599 3121 τοῦ

2415 3172 2525 3217 σιν
2557 3159 2983 3227 ὲφελκυσάμενον
3009 3197 3023 3220 ,
3083 3157 3180 3211 ἕνα
3240 3157 3378 3210 λαὸν
3456 3163 3602 3214 συνῖ

2414 3248 2504 3304 τὸν
2547 3250 2610 3300 ὲκ
2659 3247 2763 3301 τῶν
2817 3247 3097 3315 τεσσάρων
3153 3247 3472 3317 πτερύγων
3555 3251 3604 3303 τε

2415 3339 2619 3408 νῦν-τῇ
2667 3335 2760 3389 τοῦ
2811 3335 3046 3407 Χριστοῦ
3094 3336 3338 3406 δυνάμει
3388 3355 3602 3411 συγκρ

2415 3447 2496 3484 τοι
2524 3429 2578 3486 δὲ
2607 3426 2755 3481 αὐτοὶ
2791 3427 2839 3483 οἱ
2880 3427 2988 3484 ἀπὸ
3033 3425 3146 3479 τῶν
3195 3427 3602 3484 ἀπολωλότω’

2419 3519 2598 3580 ἔθνους
2626 3515 2973 3578 διασωθέντες
3016 3515 3274 3586 μαθηταὶ
3308 3517 3422 3570 καὶ
3464 3520 3603 3573 ἁπέ

2417 3614 2450 3682 ἡ
2460 3609 2591 3681 μῶν,
2613 3609 2678 3664 ὲκ
2696 3605 2959 3676 διαφόρων
2984 3606 3178 3674 φυλῶν
3201 3609 3602 3677 τυγχάνον-τε

2419 3702 2510 3756 καὶ
2537 3699 2659 3770 μιᾶς
2689 3697 2904 3769 χάριτος
2945 3696 3068 3759 ἐνὸς
3109 3697 3484 3766 Πνεύμοιτος
3544 3705 3601 3754 ἁ·

2421 3807 2517 3852 νοι,
2547 3789 2718 3840 πάντα
2745 3786 2900 3855 ζῆλον
2933 3785 2992 3836 ὃν
3029 3784 3214 3839 πάλαι
3254 3786 3417 3856 πρὸς
3456 3791 3600 3844 αὐτ

2433 3877 2692 3948 Ἐϐραίων
2729 3875 2908 3937 ἔθνους
2943 3873 3143 3942 φυλαὶ,
3179 3876 3598 3948 ἀπορρίψουι

2421 3969 2540 4021 τεία
2571 3966 2750 4036 φησίν.
2779 3966 3253 4035 Κατηρτισμένοι
3286 3967 3450 4034 γοῦν
3499 3973 3596 4043 τᾷ

2424 4061 2556 4129 αὐτῇ
2586 4056 2794 4129 γνώμῃ,
2841 4057 2900 4110 ού
2951 4057 3128 4125 μόνον
3181 4058 3301 4128 τὴν
3340 4060 3592 4133 ﬂre-etp.

2425 4150 2616 4218 νήσους
2645 4146 2850 4216 διῆλθον
2891 4145 3001 4197 τῶν
3048 4146 3280 4212 ἐθνῶν,
3354 4151 3592 4216 πάσας

2424 4240 2531 4293 τῶν
2577 4237 2868 4309 ἀνθρώπων
2909 4237 3104 4307 ψυχὰς
3148 4244 3586 4310 προνομεύον

2427 4329 2665 4390 τεύοντες
2697 4327 2775 4388 είς
2813 4327 2910 4396 τὴν
2950 4328 3294 4399 ὑποταγὴν.
3331 4331 3454 4383 τοῦ
3505 4336 3577 4393 Χ

2427 4419 2502 4489 τῷ
2528 4416 2753 4490 χρησμῷ
2781 4417 3040 4486 φήσαντι·
3079 4437 3104 4468 ι
3143 4421 3287 4472 Καὶ
3319 4427 3580 4477 πετασ(

2358 4551 2407 4608 D
2431 4507 2753 4576 ἀλλοφύλων,
2793 4504 3084 4560 θάλασσαν
3142 4507 3297 4578 ἅμα
3342 4528 3576 4581 προνο

2434 4601 2523 4668 ἀφ’
2553 4599 2700 4669 ἡλίου
2729 4596 3026 4651 ἀνατολῶν.
3080 4618 3109 4649 ι
3159 4602 3304 4654 Καὶ
3335 4602 3432 4654 τὰ
3472 4605 3578 4658 λοι

2433 4688 2580 4749 τείας
2603 4685 2805 4748 τούτοις
2829 4685 3138 4754 ἀναλόγως
3175 4689 3563 4763 ἐπιθεωρὴ

2435 4776 2583 4848 παρὰ
2615 4774 2786 4844 σαυτῷ
2830 4774 3202 4844 βασανίσας,
3252 4779 3381 4832 καὶ
3447 4784 3574 4834 πᾶ·

2435 4867 2526 4965 καὶ.
2559 4864 2802 4965 ταπεινὸν
2830 4865 3008 4935 αὐτῆς
3047 4867 3574 4944 διακρουσάμε

2432 4954 2522 5012 τοῦ
2553 4953 2872 5024 πνεύματος,
2900 4956 2976 5021 ὡς
3025 4958 3117 5013 ἂν
3166 4962 3360 5022 αὐτό
3414 4980 3536 5018 σοι.

2436 5045 2654 5116 θεωρεῖν
2698 5046 2963 5122 ὑποϐάλῃ,
3009 5055 3330 5126 νοήσας.
3409 5057 3581 5130 ’Υμὶ

2436 5134 2714 5204 ἐπιτρέπει
2745 5139 2856 5203 τοῖς
2889 5141 3119 5210 τόποις
3200 5148 3345 5204 ἐπὶ
3420 5151 3589 5210 πλεῖ

2437 5228 2797 5300 προκειμένην
2828 5231 3140 5294 ὑπόθεσιν
3189 5241 3595 5312 ἐξανύσαι

811 5343 976 5450 deris.
1001 5350 1060 5400 et
1079 5350 1218 5414 quod
1246 5352 1460 5419 quidem
1489 5371 1554 5411 ex
1604 5370 1668 5412 ea
1707 5354 2017 5408 inconstans
2041 5348 2124 5402 vel
2143 5345 2342 5400 humile
2364 5344 2536 5398 visum
2567 5342 2754 5409 fuerit,
2807 5349 3150 5426 rejeceris,
3241 5365 3598 5429 εοῑιιῑιυς

813 5439 1045 5508 gentiam
1075 5449 1392 5546 perceperis,
1425 5457 1687 5519 quatenus
1712 5451 1826 5520 ipse
1877 5447 1972 5500 tibi
1995 5443 2086 5497 Dei
2137 5441 2356 5544 §pifiws
2407 5417 2885 5509 contemplandum
2933 5417 3597 5533 suppeditgugr‘i:

812 5547 919 5590 non
945 5537 1202 5603 permittit
1251 5539 1452 5600 diutius
1483 5546 1536 5599 iu
1564 5545 1647 5602 his
1697 5543 1830 5602 locis
1891 5533 2184 5601 immorari,
2242 5535 2332 5604 qui
2359 5534 2636 5588 materiam
2678 5548 3029 5614 propositam
3079 5557 3540 5632 absolvere
3583 5580 3594 5623 ι

882 5759 925 5794 ⁸³
951 5756 1051 5816 lsa.
1073 5773 1146 5819 ιι.
1183 5757 1263 5812 lii.
