3870 6334
185 426 262 479 “9
1025 433 1652 494 DEMONSTRATIONIS
1680 439 2117 496 ΕνΑΝῦΕυοᾹῑ
2155 439 2277 493 LIB.
2322 441 2384 496 11.

3187 456 3280 509 150

233 541 342 595 ΜΚ.
389 560 406 591 ι
444 543 548 638 ΚΔαὶ
581 544 916 617 ἐντελοῦμαι
962 552 1027 619 τῇ
1075 552 1352 625 οἰκουμένη
1385 556 1478 626 ὅλῃ
1518 556 1667 620 κακὰ,

1840 555 1992 614 XLII.
2018 575 2037 608 ι
2067 557 2134 611 Et
2159 559 2422 614 mandabo
2449 557 2568 612 orbi
2593 561 2834 619 universo
2861 566 3014 628 mala,
3039 575 3087 620 et
3105 568 3280 638 impiis

179 632 357 690 καὶτοῖς
376 630 587 683 ἀσεῦέσι
607 634 710 694 τὰς
730 637 1011 707 ἁμαρτίας
1024 640 1212 704 αὐτῶν,
1237 643 1326 694 καὶ
1340 642 1516 696 ἀπολῶ
1529 643 1676 712 ὕϐριν

174 719 365 788 ἀνόμων,
415 721 506 773 καὶ
569 721 734 792 ὕϐριν
788 727 1148 798 ὑπερηφάνων
1195 733 1522 787 ταπεινώσω.
1559 737 1676 788 ’Καὶ

175 808 345 860 ἔσονται
387 812 432 860 οἱ
480 812 1046 886 ὲγκαταλελειμμένοι
1091 820 1291 892 ἔντιμοι
1336 823 1585 895 μᾶλλονῆ
1617 826 1676 878 τὸ

170 897 350 966 χρυσίον
369 897 424 951 τὸ
452 897 687 970 ἄπυρονρ
719 905 822 956 καὶ
846 907 1122 976 ἄνθρωπος
1149 910 1354 980 ἔντιμος
1376 912 1521 964 ἔσται
1548 913 1677 982 μᾶλ-

171 986 242 1036 λον
270 985 298 1053 ἢ
330 989 359 1038 6
385 987 525 1050 λίθος
562 991 593 1040 6
635 993 705 1044 ὲκ
758 994 1014 1067 Σουφείρ.
1053 1018 1072 1048 ι
1119 1001 1224 1053 Καὶ
1259 1000 1380 1071 ἑξῆς
1421 1002 1669 1070 ἐπιλέγει·

173 1095 190 1127 ι
212 1076 301 1128 Καὶ
323 1076 520 1131 ἔσονται
547 1081 597 1132 οἱ
629 1083 1118 1156 καταλελειμμένοι
1146 1091 1219 1153 ὡς
1247 1091 1511 1161 δορκάδιον
1546 1093 1673 1162 φεῦ-

170 1184 258 1233 γον,
279 1168 357 1219 καὶ
375 1168 447 1230 ὡς
474 1170 758 1239 πρόϐατον
789 1176 1154 1247 πλανώμενον.
1189 1198 1208 1232 ι
1244 1182 1352 1233 Καὶ
1376 1183 1459 1236 διὰ
1479 1183 1674 1237 τούτων

171 1258 213 1308 :6
238 1258 434 1310 σπάνιον
461 1259 570 1310 τῶν
612 1261 1019 1333 σωθησομένων
1062 1267 1118 1320 ἐν
1143 1267 1218 1337 τῷ
1245 1270 1414 1340 καιρῷ
1448 1271 1544 1339 τῆς
1569 1272 1673 1325 τῶν

168 1345 333 1396 ἀσεϐῶν
379 1347 650 1412 ἀπωλείας
706 1353 1026 1419 σαφέστατα
1072 1357 1100 1407 6
1138 1355 1288 1423 λόγος
1327 1359 1666 1430 παρίστησιν·

169 1434 272 1486 ὥστε
303 1435 369 1505 μὴ
416 1434 598 1506 χώραν
635 1438 791 1507 ἔχειν
835 1442 1074 1494 ὑπονοεῖν
1113 1445 1428 1516 ἀδιακρίτως
1473 1449 1671 1512 πάντας

169 1523 448 1587 ἁπαξαπλῶς
471 1528 601 1588 τοὺς
625 1529 694 1580 ἐκ
715 1533 1043 1601 περιτομῆς,
1074 1535 1165 1586 καὶ
1190 1536 1295 1587 πᾶν
1311 1535 1372 1588 τὸ
1412 1538 1671 1591 Ἰουδαίων

167 1614 296 1677 ἔθνος,
324 1615 424 1667 τῶν
446 1615 539 1669 τοῦ
565 1617 710 1671 Θεοῦ
744 1621 1026 1684 τεύξεσθαι
1057 1625 1398 1694 ἐπαγγελιῶν.

1771 655 1990 715 peccata
2012 647 2246 715 ipsorum
2270 686 2296 712 ,.
2333 656 2388 703 et
2422 647 2644 718 perdam
2690 651 2931 718 injuriam
2959 655 3275 723 iniquorum.

1772 744 1824 791 et
1848 737 2222 791 contumeliam
2271 739 2622 807 superborum
2675 739 2979 798 humiliabo.
3019 745 3081 797 Et
3124 759 3277 802 erunt

1771 824 1860 892 qui
1888 825 2234 878 remanserint
2262 826 2478 894 pretiosi
2502 827 2689 896 magis,
2719 843 2876 897 quam
2930 846 3115 886 aurum
3136 836 3275 902 quod

1771 913 1940 982 ignem
1973 928 2076 966 non
2120 915 2316 968 sentit:
2345 923 2397 969 et
2435 915 2593 968 homo
2634 917 2896 984 pretiosus
2937 920 3039 972 erit
3089 923 3274 990 magis.

1770 1016 1929 1070 quam
1976 1002 2108 1070 lapis
2157 1002 2212 1056 in
2257 1001 2452 1072 Suphir
2483 1004 2547 1066 ",
2596 1018 2658 1057 ac
2690 1005 2938 1074 deinceps
2997 1009 3272 1078 adiungit:

1777 1105 1794 1138 ι
1830 1087 1893 1140 Et
1913 1096 2087 1153 erunt,
2122 1107 2140 1139 ›
2191 1093 2281 1158 qui
2319 1090 2488 1144 relicti
2544 1090 2760 1155 fuerint,
2793 1111 2813 1144 ι
2844 1095 2996 1162 quasi
3036 1099 3276 1166 capreoli

1771 1172 1992 1243 fugiens,
2025 1184 2079 1229 et
2116 1177 2266 1243 quasi
2293 1176 2407 1229 ovis
2427 1175 2725 1230 errabunda
2747 1176 2792 1208 “
2822 1192 2834 1226 :
2878 1195 2896 1228 ι
2927 1186 3090 1246 atque
3113 1179 3163 1232 in
3195 1181 3277 1236 his

1768 1264 1975 1332 quidem
2006 1266 2318 1334 paucitatem
2334 1281 2539 1329 eorum,
2570 1267 2660 1335 qui
2675 1265 2994 1335 superfuturi
3015 1269 3123 1322 sint
3144 1276 3279 1323 tem-

1768 1367 1892 1420 pore
1945 1355 2188 1409 interitus
2238 1355 2556 1424 impiorum,
2620 1355 2705 1408 hic
2750 1370 2924 1410 sermo
2972 1357 3278 1425 planissime

1767 1446 2126 1500 ostenditzex
2153 1462 2259 1515 quo
2317 1446 2370 1500 id
2423 1446 2784 1514 intelligimus,
2840 1446 2954 1501 sine
2978 1448 3082 1501 ulla
3128 1463 3277 1503 exce-

1767 1535 1974 1604 ptione,
2011 1536 2270 1590 carituros
2305 1551 2422 1590 esse
2453 1536 2660 1604 propria
2695 1536 2907 1603 regione
2943 1551 3132 1592 omnes
3162 1554 3276 1593 om-

1765 1623 1911 1688 niuo,
1946 1625 2035 1693 qui
2067 1625 2132 1677 ad
2159 1623 2614 1678 circumcisionem
2643 1625 2924 1692 pertinent,
2974 1633 3130 1693 atque
3164 1641 3278 1680 om-

1767 1727 1884 1765 nem
1914 1710 2192 1766 Judaicam
2240 1722 2467 1781 gentem,
2515 1713 2787 1780 promissa.
2809 1713 2984 1767 divina
3017 1731 3118 1768 non
3159 1731 3277 1770 esse

1767 1810 2052 1856 οοηεεευιυ
2059 1817 2114 1854 ra
2121 1817 2168 1855 m
2175 1841 2187 1856 .

219 1869 324 1921 ΜΓ.
360 1887 387 1962 ι-
409 1870 518 1923 Καὶ
545 1870 710 1923 ἔσται
754 1872 818 1924 ὲν
845 1876 908 1943 τῇ
932 1874 1108 1944 ἡμέρᾳ
1135 1876 1310 1946 ἐκείνῃ
1341 1876 1568 1946 ἔκλειψις
1587 1879 1667 1931 δό-

1838 1890 2010 1945 XLIII.
2058 1910 2078 1942 ι
2113 1890 2179 1943 Et
2205 1891 2376 1959 erit_in
2403 1890 2486 1945 die
2517 1891 2608 1944 illa
2627 1890 2866 1948 defectus
2893 1893 3072 1962 gloriae
3089 1890 3274 1951 Jacob.

169 1956 241 2025 ξης
269 1957 461 2023 Ἰακὼϐ,
486 1961 580 2013 καὶ
607 1960 684 2013 τὰ
708 1961 876 2014 πίονα
896 1963 994 2032 τῆς
1017 1963 1170 2034 δόξης
1188 1965 1346 2018 αὐτοῦ
1374 1967 1670 2037 σεισθήσον..

170 2063 250 2099 ται.
275 2049 366 2100 Καὶ
395 2049 544 2102 ἔσται
577 2050 639 2102 ὃν
675 2052 890 2121 τρόπον
925 2053 1017 2105 ὲάν
1047 2070 1129 2116 τις
1169 2056 1440 2128 συναγάγῃ
1467 2057 1670 2126 ἀμητὸν

170 2138 400 2205 ἑστηκότα,
439 2141 532 2192 καὶ
580 2141 822 2212 σπέρμα
866 2142 1105 2212 σταχύων
1147 2144 1349 2217 ἀμήσῃ·
1393 2149 1482 2199 καὶ
1523 2147 1668 2200 ἔσται

171 2226 214 2277 ὃν
241 2229 406 2297 τρὰκον
454 2230 548 2282 ὲάν
596 2247 685 2292 τις
728 2233 1016 2302 συναγάγῃ
1055 2232 1285 2301 στάχυας
1333 2236 1390 2286 ὲν
1437 2235 1671 2305 φάραγγι

174 2318 338 2385 στερεᾷ,
365 2318 452 2370 καὶ
474 2319 822 2389 καταλειφθῇ
853 2323 910 2373 ὲν
933 2322 1065 2390 αὐτῇ
1090 2323 1320 2392 καλάμη·
1353 2325 1385 2393 ἢ
1410 2326 1482 2388 ὼς
1503 2327 1670 2395 ρὦες

172 2404 312 2466 ἐλαίας
333 2405 434 2472 δύο,
461 2407 494 2476 ἢ
518 2411 674 2479 τρεῖς
704 2411 799 2461 ἐπ’
828 2410 993 2480 ἄκρου
1027 2411 1314 2483 μετεώρου,
1339 2414 1370 2483 ἦ
1395 2415 1665 2485 τέσσαρες,

177 2493 196 2557 ἢ
222 2495 345 2546 πέντε
373 2496 462 2547 ἐπὶ
490 2497 602 2550 τῶν
642 2497 863 2551 κλάδων
893 2499 1066 2552 αὐτῶν
1094 2501 1508 2570 καταλειφθῶσι.
1537 2505 1672 2558 Τάδε

174 2581 280 2648 λέγει
312 2583 495 2655 Κύριος
520 2590 549 2638 6
581 2586 723 2649 Θεὸς
752 2587 852 2638 τοῦ
903 2589 1112 2659 Ἰσραήλ
1133 2607 1146 2620 ·
1180 2590 1256 2660 Τῇ
1287 2591 1464 2662 ἡμέρᾳ
1493 2593 1668 2662 ἐκείνῃ

178 2670 390 2734 πεποιθὼς
416 2673 563 2726 ἔσται
606 2675 903 2746 ἄνθρωπος
939 2667 1034 2729 ἐπὶ
1075 2678 1159 2747 τῷ
1180 2681 1454 2749 ποιήσαντι
1491 2683 1664 2734 αὐτόν’

175 2760 208 2810 οἱ
227 2760 271 2812 δὲ
295 2755 543 2832 ὀφθαλμοὶ
574 2764 745 2817 αὑτοῦ
779 2767 861 2828 εἰς
884 2766 973 2819 τὸν
1004 2767 1152 2832 ἅγιον
1190 2767 1280 2820 τοῦ
1328 2769 1531 2840 Ἰσραὴλ
1574 2773 1668 2840 ὲμ-

177 2847 418 2915 ῶέψονται,
453 2854 543 2905 καὶ
574 2854 637 2904 ού
678 2854 759 2923 μὴ
798 2853 1107 2917 πεποιθότες
1151 2849 1278 2909 ὦσιν
1307 2859 1395 2910 ἐπὶ
1423 2862 1531 2921 τοῖς
1565 2859 1667 2928 βω-

173 2940 277 3003 μοίς,
321 2941 428 2992 οὐδὲ
469 2943 562 2993 ἐπὶ
605 2946 726 3004 τοῖς
783 2943 963 3011 ἔργοις
999 2945 1104 2996 τῶν
1157 2946 1347 3016 χειρῶν
1390 2949 1580 3011 αὐτῶν,
1631 2948 1667 3001 ἃ

173 3031 378 3098 ετοίησαν
399 3035 445 3088 οί
477 3035 736 3087 δάκτυλοι
763 3034 964 3090 αὐτῶν.
1002 3055 1024 3086 ι
1057 3036 1170 3093 Καὶ
1183 3036 1267 3090 διά
1289 3038 1483 3091 τούτων
1511 3040 1665 3110 ἐναρ-

179 3118 255 3184 (ὡς
284 3121 571 3185 θεσπίζεται
620 3127 653 3194 ἠ
693 3124 828 3188 δόξα
878 3124 984 3177 τοῦ-
1017 3126 1224 3195 Ἰσραὴλ
1266 3130 1356 3180 καὶ
1396 3130 1564 3180 πάντα
1600 3128 1667 3182 τὰ

175 3210 291 3261 πίονα
329 3213 495 3265 αὐτῶν
523 3213 1047 3283 καθαιρεθήσεσθαι,
1095 3215 1259 3281 ὀλίγοι
1294 3217 1349 3268 δὲ
1392 3213 1540 3280 αὖθις
1575 3220 1666 3270 καὶ

170 3296 336 3367 ἀριθμῷ
361 3301 566 3370 ληπτοὶ,
591 3303 756 3354 ὠσὰν
781 3303 962 3366 ἐλαίας
988 3306 1044 3356 ὲν
1069 3305 1216 3374 φυτῷ
1239 3306 1408 3376 ρὦες
1435 3307 1664 3377 βραχεῖς,

169 3386 644 3460 καταλειφθήσεσθαι,
669 3391 950 3458 λέγονται⁸
999 3387 1140 3446 οὗτοι
1179 3393 1234 3444 δὲ
1277 3394 1340 3446 ἂν
1375 3389 1482 3447 εἶεν
1531 3398 1578 3448 οἱ
1610 3396 1667 3460 ἐξ

168 3473 304 3527 αὐτῶν
335 3479 406 3540 εἰς
442 3480 530 3531 τὸν
574 3479 798 3550 Κύριον
848 3480 1001 3549 ήμῶν
1043 3483 1472 3545 πεπιστευκότες.
1517 3485 1666 3536 Ἀκο-

167 3563 320 3627 ιοὸθως
371 3567 424 3620 δὲ
472 3570 621 3638 μετὰ,
659 3568 744 3626 τά
801 3571 925 3639 περὶ
974 3571 1194 3622 ἐκείνων
1239 3572 1512 3642 εἰρημένα,
1544 3574 1667 3642 περὶ

169 3655 319 3718 παντὸς
372 3658 692 3728 ἀνθρώπων,
739 3660 924 3726 γένους
979 3661 1516 3730 ἀποστραφησομένου
1572 3663 1667 3730 τὴν

165 3745 270 3794 κατά
302 3745 363 3797 τὰ
390 3748 581 3802 εἴδωλα
615 3749 858 3816 πλάνην,
897 3749 1321 3818 ἑπιγνωσομένου
1349 3750 1404 3802 δὲ
1432 3750 1517 3801 τὸν
1541 3751 1670 3806 Θεὸν.

173 3831 361 3904 Ἰσραὴλ,
393 3840 827 3907 προφητεύεται.

212 3923 316 3977 MA'.
349 3945 367 3977 ι
418 3929 951 3996 Ἀκούσατε,,νῆσοι.
997 3931 1531 4000 ὲγκαταλελειμμένοι
1577 3934 1668 3986 καὶ

164 4007 454 4079 ὀδυνώμενοι,
489 4017 799 4079 ἀκούσατε,
827 4017 861 4069 ἀ
906 4019 1112 4086 ἥκουσα
1142 4017 1289 4087 παρὰ
1324 4021 1521 4091 Κυρίου
1564 4023 1663 4074 Σα-

159 4095 287 4151 ειώθ’
314 4105 339 4154 6
379 4105 508 4168 θεὸς
541 4106 640 4158 τοῦ
691 4107 903 4176 Ἰσραὴλ
945 4097 1256 4178 ἀνήγγειλεν
1289 4113 1435 4179 ἡμῖν.
1473 4130 1490 4161 ι
1527 4113 1666 4183 Ὅρα

162 4186 248 4239 τίνα
279 4195 462 4261 τρόπον
503 4200 602 4250 καὶ
648 4197 885 4250 ἐνταῦθα
932 4200 991 4250 οὺ
1023 4202 1224 4263 πάντας
1259 4202 1382 4264 τοὺς
1422 4205 1483 4254 ὲκ
1516 4221 1663 4272 περι-

158 4280 292 4348 τομῆς
325 4284 411 4338 ἐπὶ
439 4288 537 4360 τὴν
561 4289 677 4340 τῶν
713 4291 1033 4358 ἀπορρήτων
1062 4291 1316 4360 ἀκρόασιν
1348 4293 1662 4361 παρακαλεῖ,

285 4370 317 4439 ἦ
357 4375 570 4441 μόνους,
609 4376 710 4440 οὓς
747 4376 998 4444 ὀνομάζει
1033 4379 1540 4447 καταλελειμμένους
1573 4383 1664 4434 καὶ

154 4452 506 4527 ὀδυκυμένους·
567 4461 676 4518 οἷοι
721 4463 859 4536 ἦσαν
907 4471 956 4520 οἱ
1003 4467 1142 4520 κατά
1184 4466 1272 4516 τὸν
1333 4467 1658 4531 Ἀπόστολον,

155 4546 458 4614 στενάζοντες
497 4556 596 4608 καὶ
637 4556 1032 4625 ἁποκλαόμενοι
1073 4554 1171 4624 τὴν
1210 4555 1400 4608 κακίαν
1436 4556 1530 4620 τού
1557 4557 1659 4609 τῶν

440 4641 579 4709 βίου.

207 4725 320 4779 ne.
355 4748 373 4780 ι
425 4731 764 4803 Ἐπένθησαν
803 4735 851 4785 οι
881 4733 1073 4803 ὑψηλοὶ
1119 4733 1217 4800 τῆς
1259 4733 1386 4801 γῆς,
1433 4735 1464 4802 ἠ
1501 4734 1556 4787 δὲ
1594 4736 1664 4804 γῆ

157 4811 356 4884 ἡνύμησε
410 4821 498 4874 διὰ
547 4825 678 4886 τοὺς
717 4823 1102 4885 κατοικοῦντας
1151 4823 1335 4891 αὐτήν.
1385 4825 1478 4876 Διὰ
1511 4825 1665 4878 τοῦτο

158 4909 324 4971 πτωχοὶ
345 4909 558 4966 ἔσονται
585 4914 637 4963 οἱ
673 4913 1010 4973 ἐνοικοῦντες
1043 4912 1136 4963 ἐπὶ
1165 4912 1260 4978 τῆς
1301 4911 1426 4979 γῆς,
1446 4915 1547 4967 καὶ,
1570 4932 1663 4966 κα-

161 4987 564 5064 εαλειφθήσονται
603 4999 874 5069 ἄνθρωποι
907 4999 1099 5065 ὀλίγοι.
1145 5015 1162 5047 ι
1214 4998 1318 5048 Καὶ
1362 4997 1415 5048 ὲν
1463 5000 1665 5063 τούτοις

162 5079 257 5139 τοὺς
301 5088 742 5158 παραϐεϐηκότας
790 5091 884 5142 τὸν
928 5089 1113 5155 νόμον,
1155 5085 1246 5138 καὶ
1286 5085 1376 5154 τὴν
1412 5087 1507 5140 τοῦ
1533 5090 1664 5143 Θεοῦ

162 5163 378 5241 διαθήκην
403 5176 494 5227 τοῦ
522 5179 588 5228 ὲκ
622 5177 924 5246 περιτομῆς
951 5172 1082 5224 λαοῦ
1108 5171 1417 5237 ἀπελέγξας,
1446 5175 1666 5246 ἀπειλὴ-

113 5319 116 5322 ,
172 5265 307 5314 ταςτε
333 5261 505 5325 αὐτοῖς
541 5265 612 5316 τὰ
643 5259 1133 5330 ἀναγεγραμμένα,
1163 5258 1666 5330 καταλειφθήσεσθαι

116 5371 120 5376 .
167 5339 430 5411 “mg
463 5352 524 5414 ἐξ
549 5353 726 5406 αὐτῶν
763 5345 979 5414 ὀλίγους
1015 5345 1355 5414 προφητεύειο
1383 5343 1504 5400 εἷεν
1533 5351 1576 5403 δ’
1603 5354 1666 5406 ἂν

129 5421 139 5440 ι
175 5424 284 5487 ὦτοι
315 5438 368 5490 τὸ
395 5441 778 5511 ὠνομασμένον
810 5438 962 5505 παρὰ
1003 5433 1083 5500 τῷ
1136 5433 1412 5506 Ἀποστόλὶρ
1456 5439 1664 5512 λεῖμμα

174 5522 260 5574 κατ’
280 5526 482 5599 ἐκλογὴν
516 5533 641 5600 χάρ.
654 5547 754 5588 τος.

1765 1989 1818 2034 et
1845 1981 2055 2050 pinguia
2078 1981 2256 2050 gloriae
2276 1974 2443 2049 ipsiifs
2470 1982 2882 2049 quassabuntur.
2899 1979 3074 2035 Eterit
3100 1995 3276 2049 quem-

1767 2069 2046 2125 admodum
2077 2070 2123 2124 si
2149 2069 2269 2138 quis
2283 2070 2498 2138 colligat
2518 2085 2740 2124 messem
2763 2076 3010 2134 stantem,
3029 2077 3081 2124 et
3097 2084 3276 2124 semen

1766 2157 2030 2224 spicarum
2055 2163 2248 2222 metut;
2282 2163 2334 2208 et
2360 2157 2460 2208 erit
2480 2157 2920 2223 quemadmodum
2949 2157 2995 2210 si
3017 2157 3137 2225 quis
3168 2157 3276 2209 col-

1765 2247 1900 2314 ligat
1916 2246 2093 2314 spicas
2129 2246 2185 2298 in
2237 2246 2476 2300 convalle
2503 2245 2693 2308 solida,
2727 2252 2779 2299 et
2810 2246 2918 2314 78
2947 2246 3131 2300 relicta
3164 2246 3274 2298 fuel-

1767 2335 1913 2388 ritin
1961 2349 2024 2388 ea
2063 2334 2294 2403 stipula;
2322 2343 2412 2387 aut
2443 2334 2596 2403 quasi
2620 2335 2793 2387 bacca:
2817 2334 2968 2388 oliva.-
2999 2334 3136 2394 duae.
3165 2335 3274 2388 sive

1765 2431 1886 2479 tres.
1908 2424 1963 2478 in
2011 2423 2286 2476 cacumine
2314 2421 2549 2484 sublimi,
2580 2436 2673 2476 seu
2701 2428 2949 2489 quatuor,
2981 2436 3076 2475 seu
3120 2421 3274 2489 quin-

1765 2528 1867 2580 que
1893 2515 1947 2565 in
1980 2512 2142 2567 ramis
2161 2511 2294 2580 ipsis
2313 2511 2509 2566 relictae
2539 2509 2753 2565 fuerint.
2788 2510 2908 2564 Haec
2940 2511 3068 2564 dicit
3097 2508 3274 2564 Domi-

1764 2617 1866 2655 nus
1893 2601 2030 2656 Deus
2057 2600 2218 2656 lsrael
2254 2615 2265 2648 :
2301 2598 2358 2652 ln
2385 2598 2471 2652 die
2495 2597 2584 2651 illa
2603 2598 2874 2652 confidens
2901 2599 3002 2653 erit
3037 2599 3193 2652 homo
3221 2598 3272 2651 in

1763 2706 1846 2752 ee,
1869 2689 1957 2758 qui
1989 2689 2112 2742 fecit
2156 2688 2328 2758 ipsum
2362 2705 2374 2740 :
2407 2686 2545 2740 oculi
2578 2692 2751 2740 autem
2788 2687 2904 2754 ejus
2940 2687 3004 2739 ad
3033 2693 3273 2742 sanctqu

1764 2779 1922 2832 lsrael
1977 2779 2278 2846 respicient,
2305 2784 2358 2830 et
2383 2791 2487 2830 non
2534 2783 2692 2830 erunt
2719 2777 3043 2830 conﬁdentes
3063 2778 3116 2828 in
3143 2776 3276 2828 alta:

1765 2870 1929 2929 r'iius,
1959 2885 2127 2938 neque
2149 2871 2200 2922 in
2223 2869 2472 2938 operibus
2491 2883 2740 2922 manuum
2777 2882 3013 2928 suarum,
3052 2881 3170 2934 quae
3201 2864 3274 2918 fe-

1764 2971 1948 3011 cerunt
1981 2957 2130 3026 digiti
2156 2957 2394 3026 ipsorum
2417 2959 2479 3011 ⁶⁸.
2506 2976 2524 3009 ι
2559 2956 2618 3012 In
2658 2957 2751 3012 his
2771 2969 2989 3024 quoque.
3004 2954 3274 3030 evidenter

1764 3047 2010 3108 canitur;
2045 3046 2486 3116 quemadmodum
2537 3048 2704 3116 gloria
2745 3045 2924 3105 Israel,
2982 3051 3035 3098 et
3083 3052 3284 3099 cuncta.

1768 3136 1978 3204 pinguia
2003 3152 2184 3190 eorum
2215 3137 2500 3194 auferenda
2530 3139 2655 3202 sint,
2693 3145 2746 3191 et
2787 3135 2938 3204 pauci
2966 3148 3153 3188 rursus
3175 3149 3275 3186 nu—

1765 3240 2014 3294 meroque
2069 3227 2573 3296 comprehensibiles
2617 3223 2944 3294 relinquendi
2977 3240 2990 3274 :
3021 3231 3182 3290 atque
3219 3222 3274 3275 hi

1762 3317 1969 3385 quidem
1993 3325 2168 3380 erunt,
2203 3317 2294 3385 qui
2317 3332 2378 3370 ex
2407 3319 2486 3372 eis
2509 3317 2562 3370 in
2585 3316 3130 3370 Dominumnostrum
3157 3329 3273 3366 cre-

1761 3407 2008 3461 diderint.
2041 3406 2298 3474 Deinceps
2327 3413 2500 3459 autem
2522 3416 2639 3474 post
2669 3422 2732 3460 ea
2763 3421 2879 3475 quae
2909 3405 2974 3458 de
3003 3407 3106 3459 illis
3130 3405 3283 3459 dicta.

1763 3503 1904 3558 sunt,
1931 3495 2005 3558 de.
2028 3497 2276 3551 universo
2305 3511 2496 3566 genere
2550 3498 2818 3550 hominum
2840 3535 2854 3556 ,
2889 3496 3028 3564 quod
3058 3511 3272 3549 aversu-

1762 3599 1878 3636 rum
1907 3599 1964 3638 se
1991 3584 2060 3636 sit
2079 3582 2146 3636 ab
2164 3597 2344 3638 errore
2375 3582 2803 3645 simulacrorum,
2818 3580 3086 3651 Deumque
3115 3579 3300 3638 Israel.

1763 3674 2080 3742 agniturum,
2099 3671 2403 3725 vaticinium
2439 3670 2696 3738 sequitur.

1830 3926 2005 3981 XLIV.
2039 3944 2057 3979 ι
2087 3927 2296 3991 Audite,
2317 3927 2522 3988 insulae,
2547 3925 2826 3994 qurrelicti
2855 3923 2986 3979 cStis
3012 3921 3288 3976 et'dolore.

1762 4015 2072 4070 cruciamini
2096 4030 2110 4068 :
2138 4015 2314 4069 audite
2337 4030 2454 4084 qua:
2485 4014 2662 4067 audivi
2699 4029 2728 4066 a
2751 4012 2973 4068 Domino
3003 4009 3235 4064 Sabaoth
3264 4049 3275 4064 .

1762 4104 1903 4158 Deus
1930 4105 2093 4159 Israel
2141 4104 2402 4158 nuntiavit
2452 4104 2606 4157 nobis
2628 4103 2692 4156 “.
2732 4122 2750 4155 ι
2783 4101 2972 4170 Specta
3019 4099 3272 4170 quemad-

1761 4193 1974 4247 modum
1999 4193 2086 4246 hic
2120 4195 2336 4262 quoque
2362 4207 2474 4246 non.
2507 4207 2712 4253 omnes,
2764 4192 2852 4259 qui
2887 4191 2953 4245 ad
2995 4190 3276 4244 circumci-.

1763 4285 1966 4339 sionem
1988 4292 2249 4353 spectant,
2283 4283 2360 4338 ad.
2373 4282 2634 4352 ejusmodi
2679 4297 2877 4336 arcana
2905 4280 3164 4335 audienda
3196 4281 3273 4333 iu-

1762 4373 1912 4436 vitet,
1932 4373 2024 4428 sed
2046 4375 2188 4430 solos
2208 4388 2322 4440 eos,
2366 4390 2500 4444 quos
2521 4372 2648 4426 dicit
2686 4373 2900 4426 relictos
2933 4387 3071 4433 esse,
3092 4385 3155 4424 ac
3176 4368 3274 4422 do-

1763 4462 1874 4517 lore
1895 4463 2122 4517 cruciari
2150 4481 2164 4516 :
2188 4463 2373 4531 quales
2424 4469 2596 4526 erant,
2632 4461 2745 4530 qui,
2771 4469 2827 4513 ut
2867 4459 2940 4512 ait
2968 4458 3281 4528 Apostolus,

1758 4553 2032 4623 gemebant
2064 4567 2128 4606 ac
2145 4552 2490 4621 deplorabant
2535 4553 2786 4605 malitiam
2826 4550 2942 4602 vita:
2979 4549 3290 4602 hominum-

1828 4729 1986 4786 XLV.
2027 4731 2338 4786 «Luxerunt
2362 4726 2557 4786 eXcelsi
2600 4739 2870 4792 terranet
2923 4735 3072 4780 terra
3094 4724 3283 4791 inique

1756 4823 1863 4891 egit
1889 4829 2101 4889 pr0pter
2129 4822 2424 4875 habitantes
2453 4834 2596 4875 eam.
2640 4819 2843 4872 Idcirco
2897 4818 3079 4883 inopes
3121 4817 3277 4865 erunt

1758 4909 2117 4964 inhabitantes
2166 4910 2220 4962 in
2278 4919 2438 4973 terra,
2498 4917 2552 4962 et
2612 4910 2976 4976 relinquentur
3034 4903 3278 4957 homines

1759 4999 1912 5068 pauci
1943 4999 2007 5052 ".
2030 5017 2049 5049 ι
2085 4996 2141 5051 ln
2166 4997 2251 5052 his
2289 5015 2498 5067 quoque
2527 4998 2622 5051 ubi
2673 5012 2766 5050 eos
2794 4991 3151 5062 reprehendit,
3186 4994 3277 5061 qui

1759 5101 1821 5140 ex
1853 5085 2047 5154 populo
2077 5085 2499 5140 circumcisionis
2535 5085 2700 5152 legem
2759 5081 2871 5142 Dei,
2897 5088 2950 5134 et
2987 5089 3308 5150 testamen-i

1758 5183 1870 5229 tum
1892 5174 2323 5242 contempserint,
2351 5184 2405 5229 et
2422 5175 2502 5228 eis
2530 5175 2765 5226 minatus
2789 5179 2871 5224 est
2915 5183 2976 5225 ea
3005 5186 3124 5240 qua:
3147 5171 3280 5225 scri-

1762 5276 1847 5335 pta
1873 5272 2031 5331 sunt;
2061 5273 2268 5318 tumex
2318 5265 2426 5318 illis
2452 5277 2648 5332 paucos
2697 5261 2939 5345 lipmiues
2987 5277 3106 5316 esse
3122 5262 3280 5314 relin-

1761 5354 2001 5424 quendos
2024 5354 2360 5408 vaticinatur.
2387 5353 2451 5406 Hi
2480 5367 2606 5407 vero
2627 5350 2741 5405 sint
2763 5367 2888 5406 sane
2915 5352 3036 5415 ill-.e,
3053 5367 3170 5422 quae
3191 5366 3281 5403 no-

1760 5446 2031 5500 minantur
2083 5443 2222 5512 apud
2283 5443 2593 5511 Apostolum
2631 5459 2647 5491 ι
2701 5441 2936 5510 reliquizc
2998 5438 3284 5494 secundum

1760 5532 2066 5586 electionem
2083 5531 2263 5598 gnatiaz
2287 5532 2348 5583 ".
2374 5549 2391 5582 ›

227 5691 260 5721 ιι
283 5693 367 5751 [5L
386 5705 590 5769 mh“,
620 5703 707 5755 12.
791 5699 833 5729 ⁸³
869 5695 1005 5748 Ibid.
1036 5692 1122 5745 H.
1193 5695 1496 5760 “lsa.xvn.
1534 5705 1660 5762 4—8.

1767 5711 1778 5740 ⁸
1810 5708 1910 5763 lsa.
1943 5724 2086 5763 χιιι.
2119 5708 2169 5762 1.
2197 5711 2250 5764 9..
2330 5710 2494 5763 "lsa.
2524 5724 2668 5764 amr.
2694 5708 2808 5762 4-6.
2877 5709 2918 5736 εκ
2959 5705 3212 5758 [ὶοιικιι.
3241 5697 3291 5752 5.
