3870 6328
801 433 897 490 151

1375 419 1632 477 EUSEBII
1668 413 2128 472 CASSABIENSIS
2163 413 2308 469 OPP.
2345 413 2520 468 PARS
2555 411 2616 466 ll.
2653 441 2723 451 ——
2759 404 3147 487 APOLOGETICA.
3594 395 3606 446 ί

869 544 1045 600 XLVI.
1073 563 1094 596 ‹
1117 543 1494 612 Belinquentur
1521 539 1764 594 civitates
1780 539 2021 600 desertae,
2039 545 2088 591 et
2117 536 2306 590 domus
2334 541 2379 596 Α

2047 545 2088 591 et
2117 536 2306 590 domus
2334 541 2379 596 Α
2473 534 2616 598 Μαι.
2691 549 2710 581 ε
2767 527 3184 597 Καταλειφθήσονται
3224 521 3364 612 πολεις
3383 514 3575 612 ’ἐρημοῖ

800 650 920 707 quae
946 635 1140 688 relictae
1173 631 1385 692 fuerint,
1429 628 1738 682 interibunt.
1771 626 1893 680 Haec
1923 625 2104 680 omnia
2151 630 2306 678 erunt

797 723 851 778 in
882 731 1024 778 terra
1045 721 1098 776 in
1132 718 1302 774 medio
1359 716 1625 786 gentium:
1649 715 2088 785 quemadmodum
2112 714 2158 768 si
2188 713 2306 783 quis

798 811 1012 880 colligat
1045 820 1238 877 paucas
1271 804 1481 866 baccas,
1538 819 1655 872 quae
1691 803 1746 857 in
1769 804 1907 859 oliva
1932 802 2304 864 remanserint,

798 901 878 958 sic
901 899 1145 966 colligent
1165 909 1256 949 eos
1279 910 1294 959 ;
1323 903 1376 948 et
1412 894 1458 948 si
1485 894 1590 962 ’19
1616 894 1902 948 cessaverit
1947 891 2232 953 vindemia,
2253 891 2306 946 bi

799 1005 924 1045 voce
942 985 1243 1042 clamabunt
1274 998 1288 1034 z
1320 982 1410 1051 qui
1439 992 1613 1036 autem
1635 982 1805 1036 relicti
1834 983 2030 1035 fuerint
2055 982 2107 1034 in
2141 989 2304 1045 terra,

798 1079 1112 1133 laetabuntur
1142 1073 1300 1128 simul
1325 1086 1449 1125 cum
1479 1072 1643 1141 gloria
1658 1072 1866 1126 Domini
1893 1073 1957 1126 θ’.
2002 1092 2019 1124 ι
2056 1071 2152 1125 Hic
2172 1087 2306 1140 quo-

793 1185 894 1239 que
917 1167 1014 1222 soli
1037 1164 1126 1233 qui
1164 1161 1333 1217 relicti
1368 1161 1584 1230 fuerint,
1627 1161 1857 1232 gavisuri
1880 1161 2150 1225 dicuntur,
2182 1175 2302 1218 cum

791 1254 979 1324 reliqui
1008 1265 1191 1307 omnes
1244 1249 1349 1316 bis,
1377 1261 1496 1318 quae
1537 1251 1591 1307 in
1644 1250 1898 1315 vaticinio
1942 1250 2300 1314 continentur,

791 1346 900 1400 sint
924 1341 1186 1396 tradendi.

852 1432 1056 1492 XLV".
1092 1451 1110 1482 ι
1143 1430 1559 1492 Conculcabitur
1579 1443 1772 1483 corona
1798 1427 2146 1493 contumelia,
2164 1439 2304 1486 mers-

787 1524 984 1578 cenarii
1017 1523 1264 1592 Ephraim
1303 1541 1316 1580 ;
1351 1532 1402 1576 et
1428 1521 1529 1575 erit
1560 1519 1676 1585 ﬂos,
1705 1519 1795 1588 qui
1841 1517 2049 1580 decidet
2090 1517 2155 1571 de
2209 1530 2303 1584 spe

786 1613 966 1682 glorize
997 1614 1048 1665 in
1081 1613 1357 1666 cacumine
1399 1611 1596 1664 montis
1641 1608 1857 1671 excelsi,
1893 1606 2046 1676 quasi
2091 1620 2302 1676 praecox

788 1703 919 1755 ficus
956 1701 1090 1770 :qui
1121 1701 1252 1753 vidit
1283 1715 1403 1754 eum
1451 1699 1756 1768 priusquam
1811 1697 1865 1748 in
1921 1709 2109 1760 manus
2160 1693 2303 1746 acci~

786 1793 915 1862 piat,
958 1793 1113 1846 vellet
1147 1806 1266 1845 cum
1307 1775 1726 1844 devorareyDie
1777 1788 1864 1841 illa
1918 1785 2172 1838 Dominus
2201 1783 2303 1838 erit

2402 625 2450 677 οἱ
2503 617 2636 673 οἶκοι
2693 621 2742 690 oi
2787 613 3209 687 ἐγκαταλελειμμένα
3246 603 3518 662 ἀπολοῦνται.
3551 601 3604 652 Ta

2403 712 2572 764 πάντα
2598 710 2744 761 ἔσται
2780 709 2836 759 ὲν
2865 708 2927 775 τῇ
2960 707 3010 773 τῇ
3026 706 3064 755 ὲν
3085 701 3190 771 μέσῳ
3203 699 3283 750 τῶν
3307 692 3461 748 ἐθνῶν·
3483 690 3531 743 ὃν
3552 706 3608 759 τρ

2403 802 2494 854 ἐάν
2537 817 2617 862 τις
2659 797 3014 866 καλαμήσηται
3041 791 3188 853 ἐλαίαν,
3219 788 3355 847 οὕτως
3389 781 3606 866 καλαμήσι

2401 861 2620 952 αὐτούς*
2652 872 2744 941 καὶ
2908 861 3117 954 παύσηται
3145 883 3166 934 ὁ
3193 875 3424 949 τρυγητὸς,
3445 861 3568 924 οἶιτοι
3599 889 3606 914 ι

2403 978 2746 1047 φωνήσουσινο
2787 976 2834 1026 οἱ
2866 973 2921 1026 δὲ
2951 958 3284 1042 καταλειφθέντες
3319 965 3398 1020 ἐπὶ
3428 961 3509 1029 τῆς
3538 958 3606 1026 γῆι

2407 1067 2789 1138 φρανθήσονται
2812 1066 2924 1134 ἅμα
2950 1067 3002 1133 τῇ
3023 1063 3117 1133 δόξῃ
3131 1061 3302 1131 Κυρίου.
3330 1073 3344 1105 ι
3373 1052 3467 1105 Καὶ
3493 1049 3604 1103 ιντο

2400 1151 2835 1219 καταλειφθέντες
2871 1150 3004 1220 μόνοι
3023 1141 3388 1216 εὐφρανθήσεσθαι
3418 1138 3606 1205 λέγοντα

2400 1242 2592 1296 λοιπῶν
2640 1241 2887 1294 ἁπάντων
2942 1240 3032 1299 τοῖς
3078 1230 3405 1302 θεσπιζομένοις
3449 1225 3603 1297 παροδ

2404 1331 2588 1406 μένων,

2468 1419 2590 1472 MZ’.
2625 1416 3144 1492 t_Kara1tarqllﬁatrat
3168 1412 3191 1463 ὁ
3215 1413 3438 1478 στέφανος
3472 1406 3556 1476 τῆς
3583 1405 3606 1457 i2

2398 1512 2444 1562 οί
2479 1508 2725 1579 μισθωτοὶ
2750 1505 2842 1562 τοῦ
2887 1505 3110 1576 Ἐφραῖμο
3136 1503 3211 1556 καὶ
3234 1501 3368 1555 ἔσται
3394 1498 3449 1550 τδ
3474 1496 3608 1558 ἄνθος

2397 1599 2556 1651 πεσὸν
2599 1598 2693 1667 τῆς
2741 1597 2946 1659 ἐλπίδος
2989 1595 3068 1663 τῆς
3105 1592 3234 1662 δόξης
3263 1592 3338 1643 ἐπ’
3382 1590 3533 1658 ἄκρου
3559 1604 3604 1638 τι

2398 1688 2487 1752 τοῦ
2531 1686 2760 1758 ὑψηλοῦ,
2808 1686 2881 1749 ὡς
2934 1685 3184 1755 πρόδρομος
3231 1682 3379 1733 σύκου
3403 1696 3414 1715 ’
3461 1682 3487 1731 ὁ
3530 1677 3608 1730 ὶδὼ

2399 1777 2523 1848 πρὶν
2552 1778 2584 1847 ἢ
2620 1779 2695 1838 είς
2725 1777 2820 1847 τὴν
2850 1778 2996 1845 χεῖρα
3021 1773 3170 1826 λαϐεῖν
3206 1773 3343 1836 αὐτὸ,
3373 1770 3570 1839 θελήσει
3598 1789 3606 1819 ε

786 1896 984 1943 corona
1014 1882 1147 1949 spei,
1177 1887 1420 1935 contexta
1448 1879 1626 1948 gloriae
1649 1879 1724 1966 ei,
1771 1877 1860 1946 qui
1893 1877 2109 1930 relictus
2137 1874 2208 1928 sit
2235 1875 2300 1928 de

2047 1892 2109 1930 us
2137 1874 2208 1928 sit
2235 1875 2300 1928 de
2333 1850 2379 1912 Β
2402 1872 2624 1942 ταπιεῖν,
2665 1869 2740 1937 Τῇ
2769 1869 2946 1936 ἡμέρα
2969 1864 3120 1938 ἐκείνῃ
3143 1864 3320 1934 Κύριος
3367 1862 3512 1915 ἔσται
3547 1863 3573 1914 ὁ

784 1971 979 2040 populo
1037 1969 1206 2038 ipsius
1243 1986 1255 2022 :
1291 1962 1666 2036 relinquentur
1694 1967 1834 2020 enim
1880 1965 1933 2018 in
1991 1964 2179 2031 spiritu
2209 1962 2299 2030 jus-

784 2058 931 2112 dicii.
958 2078 976 2109 ι
1004 2057 1176 2111 Etiam
1204 2059 1291 2121 hic
1314 2058 1383 2124 ei,
1409 2058 1497 2125 qui
1523 2057 1738 2112 relictus
1770 2056 1838 2109 sit
1862 2055 1924 2108 de
1952 2054 2162 2122 populo,
2194 2067 2300 2112 non

785 2149 1048 2202 universae
1072 2149 1144 2202 illi
1173 2147 1336 2218 genti,
1368 2146 1496 2201 solis
1543 2146 1725 2214 utique
1754 2145 1879 2207 illis,
1920 2144 2011 2212 qui
2043 2142 2296 2210 reliquia-

784 2249 901 2292 rum
932 2240 1146 2292 nomine
1177 2237 1560 2308 significantur,
1588 2235 1864 2290 Dominum
1885 2249 2133 2287 coronam
2165 2233 2296 2301 spei,

781 2335 836 2380 et
865 2327 1045 2395 gloria:
1074 2327 1332 2390 futurum,
1360 2326 1678 2378 vaticinatur
1714 2343 1725 2377 :
1774 2325 1904 2376 alios
1937 2338 2058 2377 vero
2106 2329 2300 2392 praeter

783 2419 964 2487 populi
986 2417 1261 2486 reliquias,
1287 2430 1537 2483 coronam
1561 2414 1914 2476 contumeliae,
1943 2421 1996 2466 et
2027 2426 2299 2475 mercena-

782 2506 892 2567 rius
925 2506 1172 2574 Ephraim
1201 2504 1458 2557 nominat.

849 2678 1074 2754 XLVI“.
1111 2697 1128 2728 ι
1164 2678 1229 2733 Et
1253 2685 1430 2739 erunt,
1459 2676 1550 2745 qui
1583 2673 1751 2728 relicti
1786 2671 1981 2726 fuerint
2013 2671 2067 2723 in
2092 2669 2292 2732 Iudaea,

780 2773 992 2828 mittent
1022 2769 1252 2824 radicem
1287 2769 1560 2828 deorsum,
1589 2773 1642 2819 et
1674 2763 1870 2817 facient
1912 2761 2141 2816 fructum
2179 2777 2297 2815 sur-

781 2876 901 2916 sum
953 2859 1202 2929 quoniam
1251 2873 1315 2912 ex
1367 2855 1693 2910 Hierusalem
1739 2859 1919 2915 erunt,
1987 2852 2078 2920 qui
2126 2851 2297 2905 relicti

780 2951 997 3014 fuerint,
1043 2957 1094 3003 et
1136 2948 1226 3019 qui
1269 2948 1403 3004 salvi
1451 2946 1613 3000 futuri
1658 2952 1874 3001 suntex
1905 2951 2084 2998 monte
2117 2941 2242 2997 Sion
2280 2963 2291 2997 :

780 3040 1048 3099 emulatio
1070 3037 1276 3102 Domini
1307 3036 1540 3091 Sabaoth
1568 3034 1726 3089 faciet
1749 3035 1860 3088 haec
1885 3035 1926 3064 ⁷³
1959 3052 1970 3088 :
2015 3051 2032 3083 ι
2068 3047 2182 3094 eos,
2204 3033 2294 3100 qui

781 3130 1070 3192 secundum
1104 3129 1412 3194 electionem
1442 3126 1623 3195 gratiae
1667 3125 1834 3190 relicti
1886 3123 2081 3177 fuerint
2109 3138 2174 3176 ex
2201 3122 2294 3175 Ju-

779 3220 1013 3278 daeorum
1037 3226 1192 3289 gente
1216 3219 1473 3273 missuros
1499 3216 1727 3270 radicem
1751 3214 2020 3280 deorsum,
2049 3222 2100 3268 et
2127 3212 2297 3273 factu-

779 3326 870 3367 ros
899 3325 1076 3365 semen
1105 3323 1317 3377 sursum
1347 3307 1685 3368 vaticinatur.
1733 3304 1832 3358 Ubi
1866 3303 2298 3358 manifestissime

779 3400 1144 3470 apostolorum
1172 3406 1225 3453 et
1265 3398 1646 3466 discipulorum
1679 3395 1969 3462 Salvatoris
1995 3395 2163 3450 nostri
2192 3394 2300 3461 ele.~

778 3489 1010 3544 ctionem
1046 3487 1329 3557 signiﬁcat.
1361 3485 1634 3555 Siquidem
1657 3485 1733 3548 hi,
1763 3501 1828 3540 ex
1859 3487 1924 3539 iis
1967 3485 2056 3554 qui
2099 3489 2163 3538 ad
2193 3485 2300 3538 cir-

778 3577 1161 3632 cumcisionem
1192 3575 1474 3642 pertinent,
1503 3573 1696 3637 relicti,
1732 3571 1980 3626 deorsum
2011 3572 2066 3624 in
2101 3578 2297 3624 terram

778 3659 1034 3723 doctrina;
1079 3680 1189 3734 suae
1236 3650 1443 3719 radices
1491 3664 1772 3724 miserunt,
1810 3662 1942 3715 adeo
1974 3660 2207 3729 quidem,
2242 3667 2300 3712 ut

777 3756 869 3813 ila
899 3757 1015 3824 ipsa
1051 3754 1356 3815 eorumdem
1383 3753 1623 3807 doctrina
1653 3751 1811 3821 infixa
1841 3751 1931 3814 sit,
1959 3757 2011 3803 et
2030 3748 2299 3808 radicibus

782 3844 988 3898 firmata
1012 3857 1106 3912 per
1134 3849 1302 3906 totum
1328 3850 1592 3900 terrarum
1620 3840 1803 3893 orbem
1827 3858 1842 3892 :
1878 3851 2090 3892 sursum
2123 3844 2298 3889 autem

781 3931 920 3986 ferre
969 3945 1149 3985 semen
1197 3938 1248 3983 et
1279 3931 1509 3990 fructum
1541 3930 1605 3983 ad
1637 3929 1899 3998 promissa
1937 3927 2175 3980 cmlestia
2202 3940 2298 3989 ex-

780 4023 976 4076 hortati
1004 4027 1148 4092 sunt.
1197 4019 1261 4073 Hi
1304 4036 1426 4076 vero
1475 4021 1576 4090 ipsi
1606 4005 1671 4074 de
1698 4026 1854 4090 gente
1881 4017 2182 4072 Iudaeorum
2213 4031 2298 4069 re-

779 4111 914 4174 licti,
971 4110 1177 4165 ueteris
1210 4111 1573 4179 pereuntibus,
1634 4110 1732 4164 soli
1782 4108 1980 4163 servari
2023 4107 2295 4175 dicuntur.

779 4201 904 4255 .lla-c
943 4209 1116 4257 autem
1156 4203 1353 4263 omnia,
1395 4203 1661 4256 :emulatio
1711 4199 1915 4256 Domini
1973 4198 2112 4250 fecit.
2168 4197 2296 4250 Nam

779 4291 1047 4345 aemulatio
1095 4290 1322 4353 Domini,
1355 4306 1472 4359 quae
1518 4291 1615 4345 hos
1665 4288 1730 4342 ad
1785 4287 2178 4357 provocaudum
2208 4301 2299 4340 eos

781 4381 993 4448 impios,
1025 4382 1112 4452 qui
1143 4381 1196 4434 in
1217 4381 1622 4435 circumcisione
1644 4387 1955 4432 manserunt
1979 4377 2155 4444 elegit,
2181 4376 2298 4429 illos

2401 1958 2495 2026 τῆς
2527 1956 2747 2018 ἐλπίδος,
2775 1959 2802 2008 ὁ
2839 1954 3044 2017 πλακεὶς
3071 1954 3152 2022 τῆς
3186 1952 3327 2021 δόξης
3359 1953 3432 2022 τῷ
3471 1952 3606 2004 κατα

2401 2047 2490 2099 τοῦ
2519 2046 2645 2098 λαοῦ
2689 2044 2869 2099 αὐτοῦ·
2906 2042 3372 2111 καταλειφθὴσονται
3398 2040 3502 2112 γὰρ
3533 2043 3588 2093 ὲν

2404 2137 2641 2206 κρίσεως.
2688 2155 2705 2187 ›
2731 2135 2837 2188 Καὶ
2869 2133 3075 2186 ἐνταῦθα
3100 2131 3166 2201 τῷ
3200 2131 3592 2198 καταλειφθέντι

2399 2228 2515 2296 οὐχὶ
2541 2227 2596 2278 δὲ
2628 2227 2786 2278 παντὶ
2813 2225 2888 2295 τῷ
2917 2223 3046 2277 ἔθνει
3077 2223 3252 2285 αὐτῶν,
3281 2222 3422 2276 ἀλλὰ.
3461 2223 3608 2292 μόνον.

2400 2315 2490 2366 τοῦ
2531 2312 2956 2383 καταλείμματος
2997 2311 3406 2381 σημαινομένοις,
3435 2313 3526 2363 τὸν
3550 2313 3608 2362 Κλ

2401 2420 2561 2471 φανον
2605 2401 2812 2456 ἔσεσθαι
2858 2398 3072 2463 ἐλπίδος
3094 2402 3176 2454 καλ⁴
3216 2401 3375 2472 δόξης
3423 2419 3608 2470 προφη

2400 2491 2585 2555 ἄλλους
2642 2492 2789 2563 παρὰ
2839 2492 2897 2544 τὸ
2950 2492 3267 2560 κατάλειμμα
3317 2492 3418 2552 τοῦ
3479 2492 3605 2554 λαοῦ

2401 2582 2602 2652 ὕϐρεως
2629 2587 2719 2634 καὶ
2748 2581 3034 2651 μισθωτοὺς
3061 2582 3149 2650 τοῦ
3189 2581 3437 2652 Ἑφραῖμ
3459 2582 3604 2653 ονομ

2466 2664 2599 2723 MH’.
2646 2688 2664 2721 ι
2701 2672 2806 2723 Καὶ.
2837 2670 3038 2724 ἔσονται
3077 2673 3123 2723 οἱ
3169 2672 3606 2744 ὲγκαταλελειμξ

2412 2761 2654 2831 Ἰουδαίᾳ,
2677 2761 2932 2829 φυήσουσι
2950 2760 3095 2830 ῥίζαν
3116 2761 3283 2825 κάτω,
3302 2764 3407 2815 καὶ
3433 2767 3601 2835 ποιὴσ

2399 2853 2524 2916 ἄνω,
2573 2853 2652 2902 ὅτι
2697 2851 2755 2913 ἐξ
2807 2851 3149 2920 Ἰερουσαλὴμ
3195 2851 3424 2906 ἔσονται
3470 2857 3524 2907 οἱ
3577 2873 3606 2908 σ

2398 2939 2550 3009 ὅρους
2572 2937 2722 2991 Σιών.
2754 2939 2810 2989 '0
2831 2937 2984 3006 ζῆλος
3005 2939 3205 3008 Κυρίου
3225 2940 3476 2993 Σαϐαὼθ
3506 2960 3602 2997 ποι

2399 3030 2531 3090 Τοὺς
2573 3029 2688 3080 κατ’
2727 3027 2948 3097 ἐκλογὴν
2993 3029 3212 3097 χάριτος
3262 3031 3605 3101 καταλειφθί

2409 3119 2667 3177 Ἰουδαίων
2699 3119 2876 3181 ἔθνους
2907 3121 3128 3190 φυήσειν
3166 3121 3327 3191 ῥίζαν
3362 3124 3565 3187 κάτω,

2397 3209 2608 3279 σπέρμα
2638 3208 2745 3260 ἄνω
2779 3207 3103 3278 προφητεύει
3124 3248 3138 3269 ,
3188 3210 3547 3276 σαφέστατα
3585 3232 3605 3264 -.

2399 3299 2593 3353 στόλων
2625 3299 2714 3350 καὶ
2742 3296 2993 3366 μαθητῶν
3017 3298 3113 3350 τοῦ
3140 3300 3418 3370 Σωτῆρος
3460 3305 3604 3373 ὴμῶ

2398 3389 2602 3466 ριστὰς,
2635 3383 2788 3445 Οὗτοι
2814 3387 2941 3458 γὰρ,
2977 3389 3090 3440 ἀπὸ
3132 3389 3249 3442 τῶν
3295 3392 3370 3444 ὲκ
3412 3410 3608 3464 περιτ

2397 3480 2636 3548 φθέντες,
2671 3480 2815 3530 κάτω
2842 3479 2936 3547 μὲν
2959 3479 3042 3540 είς
3070 3481 3180 3549 γῆν
3207 3481 3319 3544 τὰς
3352 3484 3546 3552 ῥίζας
3575 3505 3606 3539 τ

2396 3569 2566 3620 αὐτῶν
2596 3567 2928 3631 κατέϐαλλον,
2960 3569 3041 3631 ὼς
3072 3571 3461 3640 ἐμπαγῆναι,
3514 3577 3606 3630 καὶ

2396 3658 2518 3727 ὅλης
2552 3658 2650 3726 τῆς
2687 3657 3003 3728 οἰκουμένης
3048 3658 3158 3728 τὴν
3189 3659 3453 3731 διδαχὴν
3506 3666 3606 3719 αὺι

2398 3749 2610 3817 σπέρμα
2639 3748 2730 3799 καὶ
2769 3747 2857 3798 τὸν
2897 3749 3125 3818 καρπὸν
3173 3750 3499 3820 φέρεσθαι
3553 3758 3608 3810 ei

2397 3837 2534 3899 νίους
2566 3837 2886 3904 ἐπαγγελίας
2933 3840 3518 3909 παρεκελεύσαντο.
3566 3849 3608 3901 0

2398 3929 2459 3978 ὲκ
2501 3926 2592 3978 τοῦ
2651 3925 2908 3979 Ἰουδαίων
2943 3927 3154 3991 ἔθνους
3192 3917 3608 4006 καταλελειμ

2399 4015 2510 4068 πῶν
2541 4013 2932 4082 ἀπολλυμένων,
2970 4016 3150 4084 μόνοι
3181 4017 3575 4089 σωζόμενοι

2396 4103 2449 4155 δὲ
2486 4103 2656 4155 πάντα
2684 4103 2711 4154 ὁ
2747 4102 2903 4172 ζῆλος
2941 4105 3186 4180 Κυρίου
3231 4108 3608 4179 ἐποίησεν.

2399 4193 2696 4264 ραζηλῶσαι
2725 4195 2846 4256 τοὺς
2875 4195 3118 4258 ἀσεϐεῖς
3170 4197 3311 4252 τῶν
3353 4199 3446 4251 ἐκ
3485 4219 3608 4271 πεη

2400 4299 2552 4350 μενος
2591 4285 2619 4334 ὁ
2650 4281 2802 4352 ζῆλος
2833 4284 3055 4353 Κυρίου
3117 4286 3448 4354 τούτους,
3516 4311 3608 4347 πο

2396 4389 2544 4435 νους’
2591 4372 2726 4425 κατὰ
2767 4373 2827 4425 τὸ
2868 4374 3026 4444 παρὰ
3062 4377 3310 4431 Μωσεῖ
3351 4378 3607 4452 λεγόμ.

781 4472 1106 4536 provocavit,
1137 4478 1288 4524 utest
1311 4469 1437 4522 illud
1465 4468 1603 4536 apud
1622 4466 1850 4536 Moysem
1879 4468 2079 4521 dictum
2103 4484 2115 4519 :
2150 4487 2166 4516 ι
2199 4467 2299 4535 ipsi

2077 4484 2115 4519 ιε
2150 4487 2166 4516 ι
2199 4467 2299 4535 ipsi
2331 4487 2372 4539 ι)
2402 4463 2701 4535 ρεζήλωσάν
2723 4465 2890 4535 μεὲπ⁹
2921 4465 2982 4516 οὐ
3016 4465 3202 4535 Θεῷ,
3240 4468 3463 4536 κάγὼ
3503 4490 3605 4526 πα

780 4561 865 4610 rue
887 4568 1308 4628 provocaverunt
1340 4559 1394 4612 in
1422 4571 1507 4623 eo,
1539 4558 1629 4626 qui
1670 4571 1776 4611 non
1805 4566 1887 4610 est
1915 4557 2058 4612 Deus
2089 4565 2179 4635 :Oct
2200 4573 2296 4625 ego

2398 4555 2481 4606 ἐπ’
2506 4554 2600 4606 οὐκ
2630 4553 2765 4605 ἔθνει
2788 4571 2802 4584 ο
2833 4555 2917 4607 ἐπ’
2947 4553 3126 4624 ἔθνει
3157 4556 3506 4630 ἀσυνέτῳ
3545 4584 3602 4618 π

778 4649 1078 4720 provocabo
1128 4662 1222 4709 eos
1277 4648 1329 4701 in
1383 4662 1466 4710 ea,
1500 4663 1619 4716 qua:
1656 4662 1762 4701 non
1806 4656 1889 4701 est
1915 4663 2042 4716 gens
2078 4667 2090 4701 :
2125 4649 2178 4702 in
2211 4655 2364 4718 gente
2395 4648 2556 4702 stulta
2593 4645 2810 4699 irritabo
2835 4658 2928 4699 eos
2949 4645 3034 4696 ⁷⁸.
3084 4663 3110 4704 ξ

847 4737 1028 4792 XLIX.
1061 4755 1079 4787 ι
1111 4733 1208 4790 ’δίο
1227 4736 1356 4790 dicit
1386 4734 1639 4790 Dominus
1667 4755 1680 4790 :
1714 4735 2167 4802 Quemadmodum
2192 4737 2300 4807 80

779 4829 1078 4883 invenietur
1114 4826 1299 4879 acinus
1323 4825 1376 4880 in
1398 4839 1630 4889 racemo,
1665 4833 1718 4881 et
1755 4826 1954 4890 dicent,
1984 4844 2052 4900 ne
2072 4827 2299 4896 dissipa-

779 4918 921 4972 veris
946 4932 1065 4972 eum
1090 4959 1104 4982 ,
1162 4917 1411 4985 quoniam
1439 4915 1741 4974 benedictio
1774 4915 1982 4976 Domini
2017 4925 2098 4972 est
2129 4919 2180 4971 iu
2210 4932 2295 4982 eo,

779 5005 860 5058 sic
889 5007 1080 5065 faciam
1112 5013 1326 5076 propter
1352 5020 1494 5068 eum,
1545 5005 1637 5075 qui
1685 5009 1849 5066 servit
1894 5008 2022 5062 mihi
2067 5025 2081 5062 :
2142 5006 2300 5074 hujus

719 5105 721 5107 ‘
779 5110 942 5151 causa
967 5113 1072 5151 non
1096 5100 1312 5166 perdam
1343 5112 1532 5152 omnes
1560 5117 1571 5152 :
1601 5106 1652 5153 et
1685 5097 1905 5158 educam
1941 5113 2004 5152 ex
2027 5096 2192 5150 Jacob
2213 5110 2299 5152 se-

781 5187 921 5240 men.
945 5192 997 5236 et
1024 5201 1088 5236 ex
1127 5185 1262 5239 .luda
1293 5206 1304 5240 :
1343 5195 1396 5242 et
1433 5187 1764 5248 haereditabit
1799 5193 2030 5248 montem
2059 5190 2301 5240 sanctum

780 5283 978 5328 meum,
1019 5280 1072 5322 et
1103 5273 1480 5328 haereditabunt
1507 5275 1662 5330 electi
1705 5277 1805 5330 mei
1836 5282 1888 5330 et
1918 5273 2056 5329 servi
2090 5273 2214 5336 mei,
2249 5278 2302 5324 et

779 5357 1096 5412 babitabunt
1126 5359 1250 5413 illic.
1287 5361 1351 5415 Et
1379 5365 1477 5417 erit
1518 5367 1572 5419 in
1602 5367 1733 5421 silva
1762 5364 2028 5421 stabulum
2063 5371 2299 5430 gregum.

778 5451 834 5498 et
856 5445 1010 5499 vallis
1040 5446 1215 5499 Achor
1262 5448 1313 5500 in
1359 5457 1596 5520 requiem
1627 5464 1982 5510 armentorum
2013 5451 2171 5505 boum
2205 5463 2301 5518 po-

781 5536 908 5606 pulo
939 5551 1077 5599 meo,
1107 5537 1198 5606 qui
1231 5539 1630 5608 exquisiverunt
1673 5559 1777 5601 me.
1836 5543 1942 5599 Vos
1968 5551 2168 5605 autem,
2202 5539 2293 5609 qui

2469 4735 2595 4788 MG’.
2629 4753 2647 4784 ‹
2683 4733 2862 4795 Οὕτως
2883 4733 3046 4800 λέγει
3090 4735 3408 4807 Κύριος
3458 4743 3602 4796 ’⁸οι

2401 4827 2429 4877 ὁ
2463 4824 2566 4894 ρὼξ
2592 4825 2650 4887 ὲν
2675 4822 2750 4892 τῷ
2779 4822 2980 4893 βότρυῖ,
3015 4825 3150 4877 καὶ
3197 4815 3527 4896 ὲροῦσιῖδ
3554 4850 3574 4862 ο

2401 4912 2720 4982 ὄτιεὺλογία
2762 4911 2963 4983 Κυρίου
3017 4914 3238 4970 ἐστὶν
3307 4919 3399 4971 ὲν
3468 4924 3596 4974 αὐε

2404 5004 2584 5056 ἕνεκεν
2618 5001 2707 5055 τοῦ
2758 5001 3148 5068 δουλεύοντάς
3222 5024 3356 5076 μοι
3379 5027 3401 5039 ο
3480 5029 3578 5064 το

2402 5094 2642 5148 ἀπολέσω
2683 5092 2909 5155 πάντας·
2956 5095 3085 5148 καὶ
3143 5095 3404 5168 ἐξάξω
3461 5103 3556 5155 τὸ

2402 5185 2491 5238 καὶ
2523 5183 2582 5236 τὸ
2611 5183 2667 5248 ἐξ
2703 5183 2885 5236 ’Ῑούδαο
2919 5187 3031 5238 καὶ
3087 5189 3237 5259 κλη
3250 5195 3553 5264 ρονομή

2402 5288 2500 5342 μου
2523 5290 2536 5303 ’
2573 5273 2662 5327 καὶ
2702 5272 3299 5346 κληρονομήσουσιν
3361 5283 3442 5334 οἱ
3506 5284 3540 5336 ὲ

2398 5359 2566 5414 δοῦλοί
2595 5378 2712 5430 μου,
2747 5362 2838 5419 καὶ
2869 5365 3446 5434 κατοικήσουσιν
3477 5373 3532 5424 ὲ·

2399 5449 2584 5520 δρυμῷ
2628 5449 2844 5513 ἔπαυλις
2893 5453 3246 5522 ποιμνίων
3275 5497 3297 5515 .
3373 5463 3516 5516 καὶ

2400 5540 2692 5592 ἀνάπαυσιν
2732 5540 3039 5609 βουκολίων
3084 5544 3202 5616 τῷ
3245 5547 3424 5622 λαῷ
3491 5574 3508 5625 ι

850 5689 892 5722 ⁶⁹
920 5687 1021 5744 Isa.
1045 5703 1186 5744 μιν.
1218 5691 1393 5746 10-14.
1467 5693 1510 5724 ⁷⁸
1534 5693 1632 5748 lsa.
1663 5712 1844 5754 xxvm.
1875 5692 1977 5753 3-6.
2054 5695 2094 5728 ’ί
2125 5692 2226 5748 Isa.
2259 5707 2378 5746 xxx‘

1926 5697 1977 5750 6.
2054 5695 2094 5728 ’ί
2125 5692 2226 5748 Isa.
2259 5706 2458 5748 xxxv".
2483 5691 2660 5752 $.32.
2737 5694 2782 5725 "
2809 5691 2968 5749 Deut.
3005 5709 3265 5763 χχιιι.
3314 5705 3454 5764 21.
