3870 6374
130 467 264 564 θ’

1117 475 1745 534 DEMONSTRATIONIS
1777 467 2216 528 EVANGELICE
2255 469 2380 525 LIB.
2420 469 2480 524 ll.

3281 468 3378 524 [56

152 570 348 665 (μὴ
445 570 500 665 O}
531 573 1068 654 ὲγἋω”’τ⁴²·λι⁴¹τ⁶ν⁴¹ιτες
1101 610 1168 662 με
1199 595 1291 646 καὶ
1316 591 1772 660 ἐπιλανθανόμενοι

1878 587 2161 658 reliquistis
2189 601 2296 649 me,
2333 593 2388 640 et
2431 581 2803 648 obliviscimini
2844 591 3073 640 montem
3135 591 3380 643 sanctum

175 662 218 746 λλ,
273 663 443 738 δροςτδ
467 662 633 734 ’ἅγιόν
675 687 814 741 μου,
851 679 965 732 καὶ
997 682 1379 753 ἐτοιμάζοντες
1401 687 1463 754 τῇ
1492 683 1622 754 τύχῃ
1650 683 1775 753 τρά-

1874 693 2071 740 meum,
2099 683 2152 730 et
2172 676 2376 744 paratis
2397 673 2622 732 fortuna}
2653 686 2912 736 mensam,
2933 681 2985 726 et
3012 674 3239 743 impletis
3269 673 3379 734 da—

189 763 377 828 τεζαντ
415 756 513 812 καλ
556 757 927 832 πληροῦντες
975 769 1065 840 τῷ
1112 771 1320 841 δαίμονι
1363 771 1628 841 κέρασμα,
1669 770 1774 838 ἐγὼ

1878 767 2016 821 moni
2061 766 2306 834 poculum
2341 765 2552 818 mistum
2599 781 2612 816 :
2662 776 2760 832 ego
2805 762 3006 817 tradam
3040 779 3136 819 vos
3179 765 3234 818 in
3269 764 3384 833 gla-

191 851 490 925 πιριδὼω
514 851 666 924 δμᾶς
701 855 787 930 εἰς
824 858 1145 932 μάχαιραν.
1171 862 1370 924 Πάντες
1395 864 1450 913 ἐν
1477 863 1650 930 σφαγῇ
1683 877 1776 912 πε-

191 944 383 1008 σεῖσθε
401 964 416 977 ο
443 946 524 1000 δτι
566 945 812 1020 ἐκάλεσα
836 948 1018 1017 ὑμᾶς,
1051 953 1147 1003 καὶ
1175 952 1267 1020 οὐχ
1295 950 1648 1020 ὑπηκούσατε,
1688 950 1777 1001 καὶ

187 1039 497 1107 ιτεοιήσατε
547 1036 608 1092 τὸ
664 1038 911 1106 πονηρὸν
977 1040 1222 1092 ἐναντίον
1274 1039 1423 1107 ἐμοῦ,
1472 1040 1561 1091 καὶ
1607 1037 1641 1090 ἃ
1681 1039 1777 1090 ούκ

181 1128 510 1197 ἐϐουλόμην
550 1126 895 1193 ἐξελέξασθε.
945 1147 964 1178 ›
1002 1129 1198 1181 Διελὼν
1221 1129 1309 1181 καὶ
1346 1130 1402 1180 ἐν
1425 1128 1626 1189 τούτοις
1649 1129 1676 1180 6
1696 1125 1779 1178 λό-

182 1234 326 1292 γαςλ
354 1216 540 1287 βραχὺ
575 1217 676 1284 μέν
708 1217 761 1268 τι
792 1198 927 1286 φησι
959 1217 1178 1287 σπέρμα
1202 1217 1256 1281 ἐξ
1289 1216 1477 1268 Ἰακὼϐ
1503 1215 1777 1279 τεύξεσθαι

184 1309 309 1365 τῶν
352 1306 830 1377 ἐπηγγελμένωνο
867 1307 1157 1369 ἐκλεκτούς
1195 1324 1249 1360 τε
1285 1303 1567 1368 εἶναιτοὺς
1608 1323 1780 1358 κατοι-

188 1402 492 1466 κῆσαντας
531 1399 591 1449 ἐν
618 1396 698 1465 τῷ
726 1395 950 1466 δρυμῷ·
978 1396 1149 1458 οὕτως
1172 1395 1441 1465 ὀνομάζων
1471 1395 1564 1462 τὴν
1592 1394 1778 1462 κλῆσιν

194 1488 310 1543 «DV
341 1487 542 1548 ἐθνῶν,
576 1488 640 1538 ἐν
737 1488 787 1537 οἱ
817 1485 1062 1537 ἐκλεκτοὶ
1095 1484 1182 1537 τοῦ
1215 1485 1434 1556 Κυρίου,
1465 1485 1554 1536 καὶ
1588 1483 1646 1534 τὸ
1680 1484 1781 1534 Ἰα-

202 1576 326 1631 ιὼό
351 1578 600 1646 σπέρμα,
637 1571 750 1627 εἷεν
780 1574 824 1626 6‘
859 1575 935 1644 (l)
961 1574 1027 1626 ἂν
1055 1577 1100 1626 οἱ
1128 1573 1400 1626 ἀπόστολοι
1428 1574 1517 1624 καὶ
1553 1571 1780 1640 μαθηταὶ

220 1665 312 1718 τοῦ
335 1667 586 1735 Σωτῆρος
624 1663 791 1733 ἡμῶν
810 1681 824 1693 ·
853 1665 902 1715 οἱ
921 1663 978 1714 δὲ
1002 1662 1174 1715 λοιποὶ⁸
1196 1662 1386 1724 πάντες
1411 1662 1555 1732 παρὰ
1573 1660 1782 1722 τούτους

217 1758 332 1817 ταῖς
363 1755 744 1825 δηλουμέναις
782 1753 1032 1813 ἀπειλαῖς
1067 1751 1476 1819 ύποὸέὸληνταιο
1511 1752 1782 1820 μονονουχὶ⁹

185 1844 292 1902 τσῦ
316 1845 486 1912 λόγου
513 1844 846 1912 γυμνότατα
873 1841 1254 1913 παριστῶντος,
1289 1840 1360 1910 μὴ
1389 1840 1461 1902 ὡς
1486 1840 1666 1908 ἔτυχεν
1694 1841 1782 1892 ἐπὶ

171 1935 309 1990 πᾶν
344 1935 410 1986 τὺ
453 1932 747 1986 Ἰουδαίων
775 1931 928 1992 ἔθνος
968 1930 1188 1998 φθάσειν
1221 1929 1316 1991 τάς
1346 1928 1438 1980 τοῦ
1463 1929 1592 1990 Θεοῦ
1616 1931 1782 1994 ἐπαγ-

197 2025 412 2094 γελῖας,
475 2025 601 2078 ἀλλ’
645 2023 746 2075 ἐπὶ
810 2023 967 2091 μόνον
1026 2022 1086 2072 τὸ
1120 2021 1491 2089 ὠνομασμένον
1540 2021 1772 2090 σπέρμα,

221 2117 310 2170 καὶ
339 2116 462 2177 τοὺς
494 2113 978 2182 ἐπικαλουμένους
1009 2111 1287 2173 ἐκλεκτοὺς
1310 2110 1398 2163 τοῦ
1431 2107 1590 2162 Θεοῦ·
1623 2130 1640 2160 ι
1667 2113 1783 2163 ἐπεὶ

220 2205 395 2256 πολλοὶ
431 2203 658 2273 κλητοὶ,
711 2201 885 2269 ὀλίγοι
925 2201 982 2253 δὲ
1025 2200 1279 2252 ἐκλεκτοί.
1314 2219 1331 2250 ι
1362 2199 1575 2262 Τούτοις
1610 2200 1663 2251 δὲ
1694 2201 1784 2252 καὶ

220 2294 310 2347 νῦν
332 2295 499 2363 δνομα
543 2293 748 2345 καινὸν
788 2288 1192 2360 ἐπιτεθήσεσθαι
1228 2288 1353 2358 έξῆς
1384 2291 1411 2340 6
1433 2289 1582 2355 λόγος
1605 2288 1784 2340 θεσπί-

219 2382 319 2447 ζει,
349 2385 583 2451 φάσκων
625 2380 774 2452 πρὸς
804 2381 928 2440 τοὺς
965 2377 1200 2438 ἀσεϐεῖςο
1235 2395 1253 2426 ‹
1290 2375 1784 2445 Καταλειφθήσεται

218 2471 321 2544 γὰρ
357 2473 417 2524 τὸ
453 2471 640 2540 ὄνομα
693 2466 854 2537 ὑμῶν
899 2467 978 2536 εἷς
1022 2464 1329 2534 πλησμονὴν
1365 2467 1474 2526 τοῖς
1520 2463 1784 2526 ἐκλεκτοῖς

224 2579 345 2631 μου·
375 2563 523 2631 ὑμᾶς
548 2561 597 2612 δ’
635 2559 824 2612 ἀνελεῖ
849 2557 1049 2626 Κύριος
1070 2573 1082 2584 ·
1114 2558 1222 2616 τοῖς
1247 2554 1302 2606 δὲ
1334 2553 1666 2606 δουλεύσουσι
1697 2571 1782 2619 μοι

222 2652 546 2722 κληθήσεται
573 2651 759 2718 ὄνομα
793 2647 992 2698 καινόν.
1034 2663 1053 2695 ι
1088 2645 1159 2695 Τὸ
1185 2643 1248 2714 δὴ
1277 2640 1366 2696 οῦν
1391 2643 1554 2713 δνομα
1581 2645 1778 2700 καινὸν,

223 2741 254 2794 δ
281 2743 348 2812 μὴ
376 2741 524 2812 παρὰ
556 2743 680 2801 τοῖς
707 2737 957 2798 παλαιοῖς
989 2735 1238 2801 ἔγνωστο,
1277 2736 1422 2785 ποῖον
1449 2733 1512 2785 ἂν
1546 2734 1625 2802 εἴη
1668 2735 1699 2802 ἦ
1725 2735 1783 2785 τὸ

227 2832 331 2884 ἀπὺ
357 2833 451 2900 τῆς
477 2831 577 2883 τοῦ
611 2829 874 2896 Σωτῆρος
904 2829 936 2894 ἡ
947 2825 1058 2894 μῶν
1098 2822 1266 2892 Ἰησοῦ
1291 2824 1380 2875 τοῦ
1406 2823 1636 2892 Χριστοῦ
1664 2842 1785 2894 προ-

232 2922 499 2990 σωνυμιας
548 2918 678 2972 καθ’
737 2917 868 2986 ὅλης
919 2915 1017 2984 τῆς
1068 2913 1386 2982 οἰκουμένης
1435 2913 1782 2983 εὐλογημένον

232 3009 562 3079 Χριστιανῶν
594 3008 777 3076 ὄνομα
801 3022 815 3068 ;

648 3176 736 3227 ΙΨ.
784 3171 926 3226 Ἀπὸ
966 3171 1070 3224 τοῦ
1098 3170 1367 3238 Μιχαίου.

315 3284 335 3317 ι
361 3267 466 3319 Καὶ
491 3267 650 3318 ἔσται
678 3265 746 3316 ἐκ
785 3262 884 3330 τῆς
921 3260 1174 3328 σταγόνος
1200 3258 1292 3312 τοῦ
1325 3258 1452 3312 λαοῦ
1477 3257 1661 3311 τούτου
1703 3273 1785 3308 συ-

240 3352 518 3422 ναγόμενος
542 3370 556 3381 ·
595 3349 1000 3419 συναχθήσεται
1062 3345 1249 3400 Ἰακὼὸ
1299 3346 1393 3398 σὺν
1444 3345 1621 3397 πᾶσιν.
1675 3343 1785 3396 Ἐκ·

242 3439 508 3510 δεχόμενος
549 3440 851 3507 ἐκδέξομαι
878 3439 1004 3498 τοὺς
1034 3435 1384 3497 καταλοίπους
1411 3433 1501 3486 τοῦ
1541 3433 1777 3504 Ἰσραήλ·

246 3530 337 3580 ἐπὶ
352 3532 408 3584 τὸ
429 3532 557 3584 αὐτὸ
590 3531 838 3599 θήσομαι
867 3527 962 3596 τὴν
985 3524 1326 3597 ἀποστροφὴν
1359 3523 1550 3576 αὐτῶν.
1593 3542 1611 3572 ι
1646 3523 1785 3590 Συμ-

251 3617 425 3684 ιῖρώνως
449 3626 558 3685 τοῖς
593 3617 1002 3689 προεκτεθεωιν
1042 3617 1104 3668 ἐκ
1132 3613 1224 3666 τοῦ
1270 3613 1482 3666 Ἡσαΐου
1513 3612 1602 3662 καὶ
1631 3614 1658 3663 6
1683 3612 1784 3663 Μι-

251 3705 397 3770 χαίας
426 3705 745 3773 ἐκδέξασθαι
785 3703 875 3755 τὸν
901 3703 1030 3754 Θεὸν
1071 3701 1164 3769 οὺχ
1197 3699 1377 3760 ἁπλῶς
1403 3698 1620 3758 πάντας,
1652 3698 1784 3750 ἀλλὰ

259 3794 431 3859 μόνους
465 3796 590 3858 τοῦς
622 3792 988 3852 καταλοίπους
1020 3790 1290 3858 ὀνομάζει.
1325 3788 1528 3856 Ὠσπερ
1552 3787 1606 3838 δέ
1638 3787 1783 3856 παρά

255 3881 332 3950 τῷ
363 3886 544 3956 Ἡσαΐᾳ.
585 3883 816 3952 σπέρμα
849 3879 1151 3955 ὠνομάζετο
1177 3878 1236 3929 τὸ
1267 3875 1326 3939 ἐξ
1364 3875 1533 3928 αὐτῶν
1563 3875 1779 3944 λεῖμμα,

259 3969 410 4037 οὕτως
436 3977 526 4028 καὶ
557 3974 658 4026 νῦν
684 3970 918 4039 σταγόνα
957 3966 1206 4037 ὀνομάζει
1240 3967 1365 4027 τοὺς
1401 3964 1456 4028 ἐξ
1485 3964 1656 4016 αὐτῶν
1683 3979 1783 4016 σω-

261 4058 583 4133 θησομένους.
609 4059 878 4133 Δηλοῦται
906 4059 961 4110 δὲ
993 4059 1084 4110 καὶ
1111 4056 1196 4110 διὰ
1224 4055 1421 4108 τούτων
1460 4056 1488 4106 6
1524 4053 1626 4105 τῶν
1655 4055 1783 4105 ἀποο-

269 4151 442 4204 στόλων
466 4154 643 4223 χορὸς,
673 4151 751 4212 ὡς
783 4147 994 4214 σταγών
1029 4163 1112 4207 τις
1150 4145 1242 4198 καὶ
1286 4143 1496 4212 σπέρμα
1531 4142 1621 4194 τοῦ
1660 4143 1783 4194 ’1ου-

266 4236 410 4292 Gaium
436 4241 612 4303 ἔθνους
645 4237 1010 4307 γεγενημένος
1029 4251 1042 4263 ·
1072 4233 1130 4298 ἐξ
1151 4230 1219 4303 ἧς
1248 4232 1494 4298 σταγόνος
1519 4231 1712 4293 πάντες
1735 4234 1781 4284 οἱ

267 4327 371 4380 καθ’
399 4330 518 4400 ὅλης
550 4331 650 4399 τῆς
681 4326 1003 4395 οἰκουμένης
1033 4324 1122 4375 τὸν
1159 4321 1389 4389 Χριστὸν
1421 4321 1783 4386 ἐπεγνωκότες

266 4411 352 4466 τοῦ
377 4416 523 4478 Θεοῦ,
563 4417 656 4468 καὶ
692 4414 792 4484 τὴν
833 4411 1172 4465 διδασκαλίαν
1203 4408 1364 4460 αὑτοῦ
1398 4408 1784 4478 παραδεδεγμέ-

1872 857 2037 911 dium.
2071 853 2265 909 Omnes
2293 855 2347 908 in
2369 855 2632 909 occisione
2653 853 2857 907 cadetis
2882 870 2898 926 ;
2928 855 3174 921 quoniam
3195 852 3381 909 vocavi

1877 961 1993 1008 vos,
2018 953 2069 1000 et
2093 959 2202 998 non
2225 945 2588 1006 auscultastis,
2613 950 2666 998 et
2697 941 2900 997 fecistis
2938 943 3131 995 malum
3169 943 3222 996 in
3250 957 3384 1001 con-

1876 1042 2059 1103 spectu
2084 1049 2221 1096 meo,
2244 1044 2296 1088 et
2322 1049 2438 1104 qua:
2461 1033 2723 1094 nolebam,
2758 1031 2994 1100 elegistis
3013 1031 3079 1085 "'.
3107 1049 3126 1081 ι
3164 1031 3295 1086 Cum
3329 1033 3385 1086 in

1879 1124 1964 1178 his
1994 1123 2257 1177 divisione
2297 1124 2521 1191 quadam
2558 1136 2734 1176 sermo
2771 1121 2982 1176 divinus
3024 1128 3221 1184 utatur,
3271 1128 3386 1180 tum

1874 1210 2122 1279 exiguum
2168 1210 2431 1278 quoddam
2464 1223 2643 1263 semen
2670 1206 2854 1270 Iacob,
2894 1221 2954 1260 ea
2983 1221 3100 1275 quae
3126 1207 3389 1274 promissa

1876 1308 2000 1354 sum
2039 1307 2448 1355 consecuturum
2489 1297 2710 1351 allii-mat
2757 1315 2770 1350 :
2818 1297 3012 1350 electos
3055 1307 3227 1349 autem
3269 1311 3390 1351 esse

1876 1405 1990 1452 eos,
2037 1390 2128 1458 qui
2172 1389 2408 1444 habitent
2453 1389 2508 1444 in
2557 1388 2710 1442 silva.
2763 1386 2893 1444 Nam
2943 1388 3020 1441 sic
3063 1385 3391 1440 vocationem

1879 1479 2114 1547 gentium
2147 1480 2406 1543 nominat,
2437 1479 2489 1532 in
2519 1495 2622 1549 qua
2666 1479 2818 1534 electi
2850 1478 3080 1540 Domini,
3113 1485 3166 1532 et
3213 1489 3392 1530 semen

1879 1566 2044 1621 Iacob
2075 1568 2205 1631 sint,
2237 1583 2366 1623 sane
2397 1569 2494 1637 ipsi
2529 1570 2751 1638 apostoli
2791 1575 2844 1622 et
2868 1567 3114 1636 discipuli
3157 1564 3394 1620 Salvato-

1877 1657 1955 1712 ris
1983 1660 2155 1710 nostri
2188 1675 2200 1710 :
2230 1664 2420 1726 praeter
2445 1672 2580 1726 quos
2609 1658 2698 1726 qui
2723 1658 2910 1725 reliqui
2943 1663 3085 1718 sunt,
3121 1668 3307 1708 omnes
3337 1653 3393 1708 in

1879 1762 1993 1809 eas,
2030 1763 2148 1814 qua:
2174 1748 2428 1815 exposita:
2452 1756 2596 1810 sunt,
2624 1748 2794 1801 minas
2829 1745 3132 1806 reciderunt
3179 1763 3192 1798 :
3226 1759 3394 1814 quan-

1882 1833 2166 1900 doquidem
2217 1835 2332 1902 ipsa
2368 1835 2538 1888 oratio
2582 1850 2744 1903 prope
2793 1826 3127 1902 apertissime
3172 1833 3395 1887 demon-

1882 1928 2037 1982 strat,
2085 1937 2191 1975 non
2241 1937 2370 1976 casu
2407 1923 2633 1992 quodam
2691 1923 2745 1975 in
2792 1930 3038 1976 cunctam
3093 1921 3397 1979 Iudaeorum

1881 2019 2088 2080 gentem
2136 2013 2395 2079 promissa
2435 2013 2612 2066 divina
2645 2026 2765 2066 esse
2796 2021 3039 2078 ventura,
3087 2011 3185 2068 sed
3237 2012 3291 2064 in
3341 2012 3396 2065 id

1881 2101 2052 2154 solum
2100 2101 2242 2172 quod
2288 2117 2466 2156 semen
2502 2111 2582 2156 est
2614 2101 2964 2164 nominatum,
2994 2109 3046 2155 et
3075 2101 3129 2156 in
3163 2116 3276 2164 eos,
3307 2103 3398 2170 qui

1879 2187 2058 2241 vocari
2093 2188 2263 2242 solent
2294 2189 2447 2241 electi
2479 2188 2568 2242 Dei
2595 2208 2607 2242 :
2649 2206 2668 2238 ‹
2705 2188 2855 2241 multi
2885 2190 3024 2241 enim
3055 2197 3180 2242 sunt
3202 2188 3396 2250 vocati,

1881 2276 2036 2346 pauci
2066 2290 2190 2331 vero
2214 2277 2364 2331 electi
2393 2277 2457 2331 ⁷⁸.
2491 2297 2512 2330 ι
2546 2279 2750 2342 Quibus
2776 2280 2935 2332 etiam
2965 2293 3160 2331 nomen
3202 2290 3398 2330 novum

1881 2366 2257 2433 imponendum
2290 2366 2544 2435 deinceps
2577 2367 2850 2420 oraculum
2877 2367 3038 2432 canit,
3077 2366 3156 2420 sic
3201 2366 3267 2418 ad
3299 2366 3400 2418 im-

1880 2455 1996 2524 pios
2025 2454 2247 2508 dicens:
2285 2472 2305 2504 ι
2343 2453 2694 2523 Relinquetur
2734 2456 2876 2509 enim
2921 2468 3118 2520 nomen
3159 2461 3396 2508 vestrum

1880 2547 1934 2598 in
1976 2547 2272 2600 satietatem
2321 2547 2503 2600 electis
2558 2549 2711 2601 meis.
2746 2546 2854 2600 Vos
2897 2553 3071 2600 autem
3119 2545 3401 2599 interliciet

1883 2635 2135 2694 Dominus
2165 2654 2179 2688 :
2221 2636 2258 2689 ii
2288 2651 2435 2699 vero,
2481 2638 2568 2704 qui
2617 2637 2744 2689 mihi
2781 2636 3034 2697 servient,
3065 2634 3402 2686 vocabuntur

1881 2725 2094 2779 nomine
2123 2727 2342 2780 novo".
2380 2747 2398 2777 ι
2430 2725 2588 2795 Atqui
2610 2741 2804 2780 novum
2841 2725 2980 2778 istud
3011 2739 3228 2786 nomen,
3254 2720 3400 2791 quod

1879 2816 2113 2884 antiquis
2157 2817 2393 2885 ignotum
2449 2816 2627 2880 fuerit,
2667 2816 2934 2885 quodnam
2987 2829 3169 2883 quaeso
3220 2812 3402 2874 fuerit,

1880 2906 1982 2961 nisi
2013 2906 2481 2962 Christianorum?
2513 2908 2655 2976 quod
2684 2923 2714 2960 a
2746 2907 3041 2961 Salvatoris
3071 2905 3242 2960 nostri
3271 2903 3400 2958 Iesu

1878 2996 2074 3054 Christi
2102 2996 2453 3064 appellatione
2479 2995 2763 3049 deductum
2804 2997 2856 3050 in
2908 3003 3022 3048 toto
3070 2995 3199 3048 orbe
3225 3006 3399 3051 terra-

1883 3099 2003 3138 rum
2025 3084 2270 3138 laudibus
2298 3092 2351 3140 et
2378 3085 2558 3138 favore
2586 3084 2921 3138 celebratur?

2383 3174 2487 3243 81
2525 3172 2584 3226 L.
2616 3173 2656 3225 Α
2695 3173 2930 3227 Michwa.

1953 3278 1972 3310 ‹
2016 3260 2079 3314 Et
2101 3262 2204 3315 erit
2230 3262 2294 3316 de
2321 3264 2462 3316 stilla
2510 3263 2689 3332 populi
2741 3261 2922 3330 hujus,
2979 3264 3069 3332 qui
3105 3277 3401 3333 congrega-

1877 3356 1964 3400 tur
1995 3367 2008 3402 :
2036 3350 2440 3418 congregabitur
2475 3349 2638 3404 Iacob
2665 3366 2788 3404 cum
2817 3351 3086 3405 omnibus.
3117 3351 3402 3420 Excipiens

1878 3438 2137 3505 excipiam
2171 3441 2403 3506 reliquos
2431 3455 2496 3492 ex
2524 3438 2684 3493 Israel
2716 3457 2731 3493 :
2771 3441 2826 3492 in
2857 3455 3019 3493 unum
3055 3456 3246 3508 ponam
3270 3456 3400 3494 con-

1878 3528 2175 3581 versionem
2203 3543 2386 3581 eorum
2409 3528 2474 3582 ".
2538 3547 2556 3579 )
2608 3528 2975 3582 Consentanea
3033 3529 3121 3589 iis,
3171 3545 3288 3597 qua:
3333 3529 3402 3582 ab

1879 3614 2016 3669 lsaia
2043 3623 2259 3684 accepta
2285 3624 2427 3679 sunt,
2471 3633 2736 3686 supraque
2765 3633 2793 3670 a
2822 3619 2976 3670 nobis
3003 3619 3265 3686 exposita,
3298 3616 3401 3670 Mi.

1879 3706 2053 3760 citatas
2091 3720 2300 3773 quoque
2330 3707 2524 3759 indicat
2557 3724 2570 3759 :
2599 3707 2692 3775 qui
2725 3705 2889 3759 Deum
2931 3721 3036 3758 non
3091 3707 3400 3774 simpliciter

1879 3806 2086 3854 omnes,
2123 3793 2215 3847 sed
2249 3792 2392 3846 solos
2413 3807 2527 3855 eos,
2557 3793 2646 3860 qui
2670 3793 2858 3862 reliqui
2887 3792 3102 3856 fuerint,
3137 3800 3402 3860 exceptu»

1878 3895 1998 3932 rum
2023 3888 2203 3934 narrat
2229 3899 2243 3933 :
2279 3890 2333 3933 et
2361 3879 2806 3949 quemadmodum
2837 3881 2974 3950 apud
3015 3880 3202 3933 Isaiam
3239 3881 3282 3912 ⁷⁷
3312 3895 3401 3934 se-

1880 3987 2001 4024 men
2037 3971 2414 4024 nominabatur
2443 3971 2615 4040 ipsum
2648 3973 2858 4025 illorum
2888 3971 3182 4034 residuum,
3212 3971 3282 4024 ita
3314 3971 3402 4024 hic

1881 4061 2076 4116 stillam
2101 4077 2195 4117 eos
2226 4061 2484 4124 nominat,
2514 4061 2606 4128 qui
2649 4077 2716 4116 ex
2753 4063 2858 4116 illis
2893 4061 3208 4130 superstites
3233 4059 3400 4113 futuri

1881 4158 2024 4204 sunt.
2081 4150 2422 4221 Significatur
2471 4159 2646 4206 autem
2687 4151 2772 4205 his
2819 4152 2993 4204 verbis
3048 4151 3160 4220 ipse
3203 4150 3402 4203 chorus

1881 4237 2260 4302 apostolorum,
2289 4238 2381 4306 qui
2410 4240 2563 4306 quasi
2617 4239 2758 4292 stilla
2807 4239 3069 4308 quaedam,
3119 4245 3172 4292 et
3217 4252 3398 4293 semen

1879 4325 2116 4380 Iudaicae
2143 4329 2316 4396 gentis
2357 4329 2674 4382 exstiterunt
2709 4345 2722 4381 :
2757 4327 2823 4381 de
2867 4342 2972 4396 qua
3025 4327 3166 4381 stilla
3215 4341 3401 4382 omnes

1881 4414 2186 4484 quicunque
2212 4432 2278 4469 ex
2306 4424 2419 4470 toto
2450 4417 2578 4470 urbe
2599 4416 2871 4470 Christum
2912 4416 3002 4469 Dei
3033 4416 3399 4485 cognoverint,

264 4518 356 4569 νοι,
383 4509 471 4577 τῆς
494 4505 890 4575 θεσπιζομένης
918 4499 1328 4567 ἐπισυναγωγῆς
1359 4497 1775 4567 κατηξιώθησαν,

1878 4511 1930 4556 et
1957 4502 2252 4556 doctrinam
2280 4504 2397 4572 ejus
2425 4503 2748 4571 acceperint,
2796 4517 2858 4557 ea
2907 4517 3066 4570 quam
3123 4502 3399 4555 oraculum

261 4590 348 4661 τὴν
369 4599 466 4650 ἀπὸ
489 4597 592 4650 τῶν
625 4593 900 4663 πολεμίων
922 4591 1184 4660 λύτρωσιν
1215 4588 1275 4639 εὑ
1285 4587 1517 4656 ράμενοι.

322 4767 432 4824 NA’.
474 4791 490 4822 ι
535 4772 642 4824 Καὶ
674 4771 739 4822 σὺ
775 4766 1038 4840 Βηθλεὲμ,
1064 4757 1208 4824 οἶκος
1249 4761 1338 4814 τοῦ
1372 4760 1642 4832 Εὐφραθά,
1673 4761 1778 4813 ὀλι-

247 4861 426 4924 γυπὸς
460 4858 509 4914 εἶ
532 4863 588 4914 ἐν
644 4859 880 4930 χιλιάσιν
914 4855 1082 4908 Ἰούδα
1108 4872 1120 4882 ο
1162 4856 1226 4905 ἐκ
1266 4852 1357 4904 σοῦ
1387 4869 1474 4922 μοι
1509 4850 1777 4914 ἐξελεύσε-

241 4952 335 4999 ται
368 4952 680 5022 ἡγούμενος,
723 4947 818 5002 τοῦ
859 4941 995 4998 εἶναι
1041 4947 1120 5006 εἰς
1161 4943 1389 5014 ἄρχοντα
1429 4940 1503 5010 τῷ
1546 4943 1774 5014 Ἰσραὴλ,

227 5034 337 5094 καὶ
374 5042 532 5106 ἔξοδοι
565 5039 733 5102 αὐτοῦ
763 5037 859 5091 ἀπ’
899 5034 1073 5105 ἀρχῆς
1106 5032 1164 5097 ἐξ
1195 5032 1408 5104 ἡμερῶν
1450 5033 1653 5095 αἰῶνος.
1684 5034 1778 5094 Διὰ

213 5117 387 5182 τοῦτο
413 5129 571 5184 δώσει
608 5127 810 5188 αὐτοὺς
848 5125 953 5186 ἕως
988 5120 1179 5183 καιροῦ
1207 5120 1484 5189 τικτούσης
1504 5135 1518 5150 '
1554 5119 1774 5185 τέξεται,

201 5211 331 5270 καὶ
359 5221 404 5272 οι
428 5219 702 5272 ἐπίλοιποι
729 5216 838 5268 τῶν
870 5211 1115 5278 ἀδελφῶν
1139 5209 1311 5263 αὐτῶν
1338 5208 1722 5278 ἐπιστρέφουσι.
1754 5230 1772 5262 ι

180 5280 341 5379 μῆὶ
379 5310 513 5380 μετά
561 5305 779 5378 βραχέα
825 5302 1095 5368 ἐπιλέγευ
1150 5316 1170 5347 ι
1224 5297 1329 5349 Καὶ
1365 5296 1511 5348 ἔσται
1554 5297 1612 5349 τὸ
1653 5300 1781 5353 ὑπό.

173 5384 424 5472 ξιμμα
453 5399 550 5454 τοῦ
606 5392 812 5450 Ἰακὼὸ
855 5394 913 5444 ἐν
954 5391 1066 5451 τοῖς
1111 5386 1330 5445 ἔθνεσιν,
1362 5388 1417 5437 ἐν
1459 5383 1600 5454 μέσῳ
1637 5387 1775 5442 λαῶν

161 5472 452 5555 Nm”,
482 5490 562 5552 ὡς
605 5487 812 5557 δρόσος
850 5480 1000 5548 παρά
1032 5476 1236 5544 Κυρίου
1281 5474 1554 5536 πίπτουσα,
1585 5481 1672 5530 καὶ
1701 5480 1775 5542 ὡς

300 5599 450 5672 ’ζῐει
492 5617 625 5663 ιιγ,
648 5596 816 5668 842.
899 5595 948 5630 τι
975 5591 1166 5644 Matth.
1197 5605 1326 5652 χιιι,
1357 5589 1436 5643 14.
1505 5591 1547 5621 ⁷⁸
1580 5590 1679 5646 lsa.
1707 5611 1770 5651 ιχ

1878 5601 1942 5656 l5.
2016 5601 2241 5658 "Mich.
2293 5603 2557 5672 mus.
2635 5607 2675 5638 τι
2714 5605 2966 5668 lsa.va,
3002 5603 3054 5656 9.

311 5661 362 5820 ὦ
383 5676 568 5816 iam
609 5748 1014 5822 corrigendum
1051 5747 1106 5811 γ’
1136 5761 1240 5806 pro
1272 5748 1332 5800 δ’.
1373 5745 1510 5802 Ευιτ.
1540 5741 1705 5807 Pars.

1878 4593 2022 4660 canit
2051 4595 2458 4663 congregatione
2483 4593 2628 4664 digni
2661 4593 2834 4648 effecti
2866 4600 3012 4656 sunt,
3044 4599 3100 4646 et
3126 4590 3398 4644 liberatio—

1877 4697 2000 4758 nem_
2029 4681 2096 4734 ab
2125 4682 2368 4738 hostibus
2397 4683 2558 4736 nacti.

1946 4769 2028 4823 LI.
2064 4788 2082 4820 ι
2105 4769 2170 4822 Et
2197 4779 2255 4824 tu
2287 4771 2609 4833 Bethleliem,
2641 4771 2830 4825 domus
2857 4770 3088 4838 prrata
3113 4805 3127 4830 ,
3177 4765 3395 4818 minima

1877 4875 1968 4921 es,
2005 4867 2065 4912 ut
2109 4861 2184 4915 sis
2213 4861 2267 4914 in
2301 4861 2540 4915 millibus
2573 4861 2743 4925 Iuda;
2776 4875 2840 4915 ex
2871 4869 2923 4912 te
2951 4857 3079 4910 mihi
3101 4854 3399 4924 egredietur

1877 4952 1968 5020 qui
2001 4951 2175 5020 praesit
2197 4992 2212 5016 ,
2242 4959 2300 5005 ut
2334 4954 2402 5007 sit
2432 4953 2486 5006 in
2515 4953 2810 5022 principem
2836 4949 2937 5018 ipsi
2966 4945 3132 5000 Israel
3151 4983 3167 5007 ,
3200 4951 3254 4997 et
3283 4943 3398 4997 eai-

1878 5049 1963 5092 tus
2002 5038 2118 5106 ejus
2161 5039 2228 5093 ab
2265 5039 2414 5092 initio
2455 5055 2519 5094 ex
2560 5039 2747 5093 diebus
2787 5034 2986 5090 saeculi.
3031 5031 3254 5100 Propter
3297 5032 3397 5085 hoc

1877 5127 2021 5181 dabit
2059 5142 2152 5181 eos
2196 5141 2366 5195 usque
2404 5129 2470 5180 ad
2515 5134 2725 5195 tempus
2769 5121 3060 5192 parientis:
3101 5119 3304 5189 pariet,
3342 5125 3398 5173 et

1875 5217 2067 5286 reliqui
2116 5233 2181 5271 ex
2225 5215 2484 5271 fratribus
2527 5230 2710 5270 eorum
2756 5217 3132 5267 convertentur
3164 5211 3228 5264 ⁷⁸.
3265 5230 3285 5263 ι
3331 5207 3398 5264 Et

1883 5314 2003 5376 post
2037 5320 2208 5376 pauca
2239 5307 2478 5376 adjungit
2503 5325 2517 5360 :
2552 5325 2569 5357 ι
2598 5305 2662 5358 Ει
2693 5303 2794 5358 erit
2821 5302 2962 5373 quod
2992 5302 3255 5371 reliquum
3282 5300 3397 5354 fue-

1877 5397 1948 5452 rit
1972 5412 2039 5452 ex
2069 5396 2237 5452 Iacob
2265 5399 2318 5452 in
2345 5397 2591 5468 gentibus
2620 5396 2674 5448 in
2706 5394 2881 5449 medio
2912 5393 3228 5465 populorum
3255 5390 3396 5444 mul-

1879 5493 2088 5553 torum,
2132 5489 2284 5556 quasi
2333 5503 2421 5544 ros
2467 5502 2497 5540 a
2531 5487 2755 5544 Domino
2800 5487 3033 5552 cadens,
3059 5490 3114 5542 et
3141 5489 3392 5550 tanquam

3157 5602 3200 5633 ”
3231 5595 3386 5653 Micb.
