3870 6356
717 414 820 470 155

1301 408 1558 464 ΕυὸΕΒΙΙ
1596 391 2062 464 CESARIENSIS
2089 405 2235 462 OPP.
2269 403 2445 460 PARS
2485 402 2543 456 ll.
2582 381 2650 442 -ξ-
2683 398 2829 454 APO]

1600 391 2062 464 CESARIENSIS
2089 405 2235 462 OPP.
2269 403 2445 460 PARS
2485 402 2543 456 ll.
2582 381 2650 442 -ξ-
2683 395 3128 454 ΑΡοιοοΕτιοι.

3579 377 3597 428 l

725 527 842 596 agni
890 540 1050 595 super
1097 541 1344 596 gramen,
1389 532 1446 578 ut
1486 539 1594 578 non
1624 532 1972 594 congregetur
2003 523 2227 591 aliquis,

2063 523 2192 591 iquis
2211 560 2227 584 ,
2257 533 2302 582 Α
2327 518 2482 589 ἄρνες
2512 516 2593 568 ἐπ’
2628 515 2917 583 ἄγρωστιν,
2942 513 3075 572 ὅπως
3095 505 3151 577 μὴ
3174 495 3358 596 συναχθῇ
3382 489 3538 596 ξιηξεὶξς
3562 504 3591 556 μ

719 633 888 686 neque
930 617 1190 672 subsistat
1228 617 1280 669 in
1323 615 1444 669 ﬁliis
1497 615 1813 668 hominum:
1853 625 1906 668 et
1950 614 2049 666 erit
2089 611 2230 680 quod

711 707 980 774 ‘reliquum
1014 705 1166 758 fuerit
1197 719 1258 756 ex
1309 702 1470 756 Jacob
1520 703 1572 754 in
1615 703 1899 772 gentibus,
1951 702 2004 754 in
2057 701 2230 754 medio

717 797 1033 866 populorum
1079 795 1394 855 multorum,
1447 803 1697 860 tanquam
1749 793 1832 846 leo
1881 792 1932 844 in
1967 790 2229 858 jumentis

717 886 867 939 silva-
887 924 901 947 ,
934 893 986 939 et
1014 882 1164 951 quasi
1192 882 1400 935 catulus
1430 882 1600 935 leonis
1641 883 1692 934 in
1733 881 1980 950 gregibus
2020 880 2227 942 ovium,

672 983 682 1007 τ
717 972 1161 1043 quemadmodum
1205 986 1326 1023 cum
1367 972 1642 1024 transierit
1693 978 1744 1024 et
1783 970 2100 1037 dispertiens
2149 983 2233 1022 ra-

719 1065 928 1134 puerit,
974 1069 1027 1115 et
1063 1075 1170 1114 non
1211 1061 1280 1113 sit
1319 1061 1408 1129 qui
1451 1061 1682 1129 eripiat:
1725 1061 2006 1113 extolletur
2046 1074 2233 1114 manus

719 1163 809 1205 tua
838 1165 998 1218 super
1026 1149 1314 1218 allligentes
1347 1158 1430 1212 te,
1459 1157 1512 1204 et
1537 1164 1722 1203 omnes
1776 1149 1975 1201 inimici
2009 1150 2084 1200 tui
2117 1164 2236 1216 per-

719 1244 908 1293 dcntur
933 1240 974 1270 ⁷³
1004 1256 1015 1290 :
1043 1258 1060 1288 ι
1086 1237 1170 1290 his
1197 1238 1434 1305 profecto
1461 1237 1594 1291 nihil
1630 1237 1741 1291 ﬁeri
1773 1245 1953 1305 posset
1980 1237 2232 1300 lucidius,

717 1344 834 1396 qua:
861 1336 913 1381 et
946 1337 1122 1379 ortum
1150 1326 1443 1381 Salvatoris
1469 1327 1522 1380 in
1547 1326 1848 1380 Bethlehem
1871 1365 1886 1388 ,
1919 1333 1972 1380 et
1995 1327 2235 1394 ejusdem

719 1423 785 1472 ab
813 1427 1015 1472 aeterno
1061 1418 1521 1486 propagationem,
1561 1427 1613 1471 et
1638 1417 1871 1486 Virginis
1905 1427 2146 1486 partum,
2185 1424 2239 1471 et

719 1507 1079 1576 apostolorum
1118 1515 1170 1560 et
1209 1507 1594 1574 discipulorum
1636 1507 1755 1574 ejus
1791 1507 2152 1568 vocationem,
2185 1513 2240 1559 et

719 1595 1146 1664 pmdicationem
1173 1594 1237 1648 de
1264 1594 1507 1657 Christo,
1540 1596 1633 1664 qui
1661 1597 1713 1648 in
1743 1603 1910 1648 totum
1936 1595 2117 1648 orbem
2147 1609 2241 1663 per

718 1700 812 1738 eos
840 1683 1122 1754 importata
1151 1691 1270 1746 est,
1303 1683 1560 1738 referunt.
1591 1685 1723 1737 Cum
1750 1684 1890 1738 enim
1920 1685 1965 1738 is
1997 1684 2242 1752 princeps

719 1775 788 1827 de
827 1788 934 1844 quo
976 1773 1248 1843 prophetia
1285 1773 1537 1842 loquitur,
1581 1781 1633 1828 et
1662 1774 1815 1841 cujus
1840 1773 2015 1828 exitus
2037 1788 2100 1827 ex
2131 1773 2244 1826 die-

2333 577 2532 673 ὑποστῇ
2559 607 2614 655 ὲν
2646 577 2775 663 aa;
2804 599 3101 668 ἀνθρώπων·
3128 579 3403 673 acclinatth
3429 577 3594 673 sese“

2343 665 2532 750 Ἰακὼέ
2575 694 2630 746 ὲν
2666 694 2775 752 τοῖς
2820 665 3034 750 ἔθνεσιν,
3063 688 3106 737 ὲν
3137 680 3247 750 μέσῳ
3280 671 3397 726 λαῶν
3420 665 3591 721 πολλῶν

2331 787 2463 838 λέων
2495 786 2551 836 ὲν
2580 784 2690 842 τοῖς
2737 779 2951 846 κτήνεσι
2992 773 3069 825 τοῦ
3102 764 3274 839 δρυμοῦ,
3300 761 3378 814 καὶ
3413 758 3473 819 ὼς
3505 754 3595 816 σκύξ

2334 879 2390 928 ὲν
2415 872 2674 943 ποιμνίοις
2701 845 3001 938 προϐάτων,
3042 863 3087 914 ὃν
3114 859 3262 927 τρόπον
3296 854 3400 943 ὅταν
3431 845 3594 916 διέλθῃ,

2333 939 2628 1022 διαστείλας
2656 957 2892 1029 ἀρπάσης
2916 954 3008 1006 καί·
3039 951 3096 1020 μὴ
3163 950 3184 999 ὁ
3217 939 3529 1013 ἐξαιρούμενος

2337 1049 2551 1117 θήσεται
2581 1049 2612 1114 ὴ
2645 1025 2772 1114 χείρ
2797 1025 2886 1094 σου
2917 1041 3008 1092 ἐπὶ
3042 1039 3138 1098 τοὺς
3167 1030 3398 1117 θλίϐοντὰς
3416 1043 3482 1117 σε,
3512 1025 3589 1075 καὶ

2336 1115 2424 1199 τες
2453 1138 2500 1188 οἱ
2526 1135 2703 1205 ἐχθροί
2721 1150 2815 1186 σου
2830 1125 3309 1198 ὲξολοθρευθήσονται.
3333 1138 3347 1168 ι
3367 1115 3552 1167 Τούτων
3567 1130 3598 1164 οε

2339 1229 2401 1282 ἄν
2425 1246 2476 1280 τι
2503 1227 2706 1294 γένοιτο
2732 1222 3056 1289 λευκότερον,
3076 1214 3185 1267 κατὰ
3210 1211 3259 1264 τὺ
3283 1208 3396 1262 αὐτὸ
3417 1207 3501 1259 καὶ
3521 1204 3596 1272 rip.

2341 1336 2420 1370 σιν
2444 1317 2537 1386 τὴν
2564 1318 2618 1368 ὲν
2644 1312 2882 1382 Βηθλεὲμ
2910 1308 3004 1361 τοῦ
3038 1305 3241 1373 Σωτῆρος
3268 1297 3598 1366 ἀναφωνούντυ

2339 1411 2435 1478 τὴν
2467 1407 2569 1475 πρὸ
2601 1404 2789 1465 αἰῶνος
2831 1399 3077 1453 οὐσίωσιν.
3099 1393 3253 1456 αὐτοῦ,
3285 1391 3370 1442 καὶ
3409 1388 3493 1439 τὸν
3532 1387 3593 1454 τῆ

2342 1474 2489 1549 ϐείνου
2515 1474 2752 1555 Ῠτοκετὸν,
2784 1491 2874 1542 καὶ
2911 1488 3017 1540 τῶν
3045 1481 3303 1538 ἀποστόλων
3325 1478 3408 1530 καλ⁴
3434 1474 3595 1546 μαθητ

2343 1584 2433 1638 τοῦ
2473 1586 2568 1653 τὴν
2598 1582 2804 1650 κλῆσιν,
2842 1579 2934 1631 καὶ
2973 1577 3030 1628 τὸ
3053 1576 3274 1644 κήρυγμα
3309 1568 3364 1620 τὸ
3404 1564 3514 1618 καθ’
3559 1565 3598 1616 ὅ]

2343 1674 2652 1744 οἰκουμένης
2695 1671 2823 1739 περὶ
2862 1667 2955 1720 τοῦ
2987 1662 3185 1734 Χριστοῦ
3212 1661 3268 1712 δι’
3317 1655 3485 1744 enim}?
3529 1672 3598 1707 κα

2348 1737 2517 1830 μένον..
2551 1737 2654 1813 Τοῦ
2685 1737 2790 1828 γάρ
2813 1755 2969 1824 δηλου
2977 1752 3115 1822 μένου
3141 1751 3392 1818 ἄρχοντος,
3416 1737 3479 1797 οἶ)
3504 1744 3596 1805 τὰς

721 1865 823 1919 bus
844 1833 1209 1918 aeternis-esse
1249 1833 1484 1918 declarat
1503 1833 1535 1925 ,⁷
1562 1863 1628 1917 de
1669 1833 1975 1917 Bethlebem
2012 1862 2082 1916 sit
2120 1876 2242 1930 pro-

2069 1872 2082 1915 ι
2120 1876 2242 1930 pro-
2270 1853 2312 1906 B
2339 1852 2367 1901 ὁ
2389 1850 2540 1917 λόγος
2563 1848 2621 1912 ἐξ
2639 1845 2854 1918 ἡμερῶν
2879 1842 3062 1904 αίῶνος
3080 1836 3197 1892 εἶναι
3213 1838 3370 1906 δηλοῖ,
3387 1839 3448 1889 ὲκ
3476 1836 3571 1906 τῆς
3593 1833 3597 1841 ”

725 1954 960 2008 tecturus
983 1991 998 2016 ,
1029 1952 1281 2020 hancque
1309 1953 1484 2022 ipsum
1516 1967 1578 2007 ea
1608 1967 1725 2022 qua:
1757 1952 1972 2021 pariens
2006 1952 2247 2004 nomina-

725 2051 834 2107 tur,
868 2051 1056 2096 sancta
1083 2039 1247 2111 Virgo
1279 2043 1349 2095 sit
1377 2041 1618 2111 paritura
1644 2060 1657 2096 :
1688 2057 1795 2094 non
1830 2054 2017 2095 omnes
2050 2040 2138 2109 qui
2182 2038 2248 2092 ad

723 2132 1188 2187 circumcisionem
1214 2139 1490 2200 spectant.
1521 2131 1613 2186 sed
1643 2132 1788 2185 solos
1815 2145 1908 2184 eos
1933 2129 2024 2199 qui
2060 2129 2247 2197 reliqui

725 2223 956 2285 fuerint,
989 2223 1166 2276 salvos
1195 2222 1400 2276 futuros
1431 2221 1682 2285 alfirmat,
1725 2236 1858 2290 quos
1889 2228 1942 2274 et
1984 2217 2248 2275 residuum

727 2311 843 2366 fore
876 2309 1039 2364 Iacob
1060 2348 1074 2373 ,
1105 2317 1156 2363 et
1188 2309 1326 2363 roris
1359 2312 1528 2362 instar
1557 2309 1610 2362 in
1640 2323 1824 2362 omnes
1853 2307 2035 2361 datum
2063 2307 2128 2359 iri
2153 2320 2249 2360 na-

727 2402 920 2456 tiones.
955 2418 973 2451 ι
1007 2398 1122 2453 Erit
1169 2399 1332 2462 enim,
1402 2399 1595 2467 inquit,
1657 2396 2142 2452 residuum.lacob
2193 2395 2249 2448 in

729 2492 974 2562 gentibus
996 2529 1010 2552 ,
1041 2498 1100 2544 ut
1129 2505 1217 2544 ros
1250 2504 1279 2541 a
1314 2488 1536 2542 Domino
1568 2487 1798 2551 cadens,
1841 2495 1894 2541 et
1936 2487 2089 2555 quasi
2130 2487 2250 2556 agni

730 2598 891 2653 super
938 2597 1189 2650 gramen,
1219 2598 1236 2630 ι
1264 2594 1358 2647 pro
1399 2594 1538 2647 quo,
1578 2597 1595 2628 ι
1625 2578 1776 2646 quasi
1827 2577 1982 2631 stillae
2029 2577 2084 2630 in
2128 2577 2252 2630 ber—

731 2674 851 2725 ham
869 2709 884 2735 ,
917 2690 935 2721 ι
961 2671 1067 2738 82
1094 2668 1313 2737 Aquila;
1361 2666 1692 2721 Theodotion
1718 2673 1893 2720 autem
1915 2707 1930 2731 ,
1959 2683 1978 2717 ι
2000 2674 2249 2735 tanquam

732 2762 823 2814 nix
872 2773 1032 2828 super
1083 2758 1292 2821 fenum,
1324 2776 1343 2808 ι
1373 2757 1669 2812 reddidere.
1703 2757 1830 2810 Item
1863 2771 1959 2825 pro
1991 2755 2116 2818 illo,
2145 2773 2163 2805 ι
2193 2762 2252 2807 ιιι

731 2864 840 2904 ιιοη
883 2856 1233 2915 congregetur
1268 2846 1493 2914 aliquis,
1539 2861 1709 2912 neque
1746 2845 2003 2899 subsistat
2042 2845 2096 2897 in
2130 2843 2252 2900 ﬁliis

732 2938 1006 2991 hominum
1028 2975 1042 3000 ,
1075 2953 1244 3005 neque
1282 2936 1512 2990 oﬁ‘endat
1555 2936 1696 2990 ﬁlius
1737 2936 1965 2989 hominis
1986 2973 2000 2998 ,
2032 2953 2050 2985 ι
2080 2933 2254 2988 The0-.

733 3027 916 3080 dotion
955 3027 1226 3095 reposuit,
1257 3043 1274 3077 ι
1300 3026 1389 3094 qui
1435 3041 1540 3079 non
1579 3025 1909 3094 exspectabit
1950 3023 2249 3087 hominem,

733 3128 786 3172 et
833 3131 941 3171 non
990 3117 1222 3186 sperabit
1273 3117 1328 3169 in
1375 3116 1482 3169 ﬁlio
1533 3115 1782 3170 hominis.
1817 3114 2049 3183 iAquila
2095 3127 2253 3175 vero,

741 3225 760 3258 σ
794 3206 886 3275 qui
932 3220 1040 3259 non
1080 3205 1408 3273 exspectabit
1452 3205 1658 3269 virum,
1705 3213 1757 3258 et
1805 3219 1910 3257 non
1950 3218 2077 3272 erga
2122 3203 2257 3256 ﬁlios

737 3297 1010 3350 hominum
1034 3315 1046 3349 :
1091 3315 1110 3346 ι
1137 3296 1190 3349 in
1219 3295 1414 3365 quibus
1432 3337 1447 3362 ,
1474 3295 1650 3349 omnis
1680 3294 2041 3363 apostolorum
2075 3291 2260 3344 Salva-

736 3386 871 3440 toris
899 3384 1068 3440 nostri
1096 3399 1252 3454 spes,
1288 3398 1406 3453 quae
1435 3398 1540 3436 non
1574 3383 1627 3435 in
1659 3382 1905 3443 homine,
1935 3379 2028 3434 sed
2059 3379 2111 3431 in
2143 3377 2261 3430 Sal-

739 3485 940 3538 vatore,
962 3485 1014 3530 et
1039 3473 1262 3528 Domino
1291 3489 1389 3527 suo
1423 3472 1602 3525 futura
1628 3471 1697 3525 sit
1723 3469 2140 3530 demonstratur,
2169 3466 2262 3535 qui

741 3569 930 3636 utique
962 3564 1206 3619 Salvator
1260 3563 1352 3618 Dei
1385 3562 1616 3618 Verbum
1644 3568 1778 3616 erat.
1817 3557 1913 3612 His
1943 3573 2070 3612 vero
2109 3557 2262 3611 dein—

742 3673 868 3727 ceps
915 3656 1196 3724 adjungit:
1230 3673 1246 3704 ‹
1277 3665 1330 3709 et
1367 3654 1471 3709 erit
1517 3651 1659 3722 quod
1703 3651 1966 3719 reliquum
2001 3647 2160 3702 fuerit
2198 3662 2264 3701 ex

742 3747 909 3801 Jacob
955 3745 1202 3814 gentibus
1247 3744 1301 3796 in
1348 3742 1524 3797 medio
1569 3740 1885 3810 populorum
1934 3737 2262 3799 multorum,

746 3835 902 3904 quasi
930 3835 1012 3888 leo
1041 3835 1096 3886 in
1120 3832 1380 3900 jumentis
1406 3831 1553 3886 silvae
1574 3868 1589 3892 ,
1621 3836 1674 3884 et
1713 3829 1867 3896 quasi
1911 3827 2122 3881 catulus
2161 3827 2268 3879 leo-

745 3928 831 3981 nis
856 3927 910 3979 in
936 3924 1184 3994 gregibus
1211 3925 1390 3977 ovium
1418 3942 1431 3976 :
1461 3921 1902 3990 quemadmodum
1935 3933 2056 3972 cum
2094 3927 2268 3971 trans-

749 4015 906 4074 ierit.
937 4022 988 4066 et
1015 4013 1332 4080 dispertiens
1369 4011 1640 4082 rapuerit,
1685 4017 1738 4064 et
1766 4024 1871 4062 non
1915 4009 1984 4062 sit
2025 4006 2116 4075 qui
2163 4005 2268 4058 eri-

753 4105 863 4172 piat
892 4123 904 4156 :
939 4123 957 4154 ι
983 4101 1178 4171 quibus
1216 4101 1420 4163 verbis,
1448 4110 1505 4154 ut
1537 4100 1788 4162 arbitror,
1845 4095 2169 4151 conﬁdentia
2217 4101 2270 4146 et

751 4192 1070 4261 intrepidum
1107 4191 1273 4244 robur
1313 4189 1712 4259 pradicationis
1748 4187 2052 4256 apostolica:
2093 4183 2273 4237 decla-

753 4291 923 4337 ratur.
965 4281 1238 4350 Siquidem
1268 4281 1440 4334 instar
1471 4281 1639 4334 leonis
1667 4288 1718 4334 et
1747 4277 1909 4331 catuli
1930 4314 1946 4336 ,
1990 4275 2046 4327 in
2087 4273 2273 4327 silvam

753 4374 990 4444 gentium
1011 4409 1025 4436 .
1055 4379 1109 4426 et
1145 4371 1200 4424 in
1227 4371 1406 4423 ovium
1432 4371 1786 4423 humanarum
1820 4379 2038 4434 greges,
2070 4362 2146 4415 illi
2196 4361 2274 4412 ir-

2345 1936 2809 2009 προελευσομένου,
2843 1934 2934 1986 καὶ
2971 1932 3061 2000 τῆς
3081 1930 3242 1982 τοῦτον
3269 1926 3598 1981 ἁποτικτούσ

2345 2027 2610 2097 Παρθένου
2642 2023 2945 2093 τεξομένης,
2979 2023 3034 2074 ού
3065 2021 3246 2082 πάντας
3277 2019 3406 2088 φησὶ
3441 2019 3572 2080 τοὺς

2344 2118 2530 2188 τομῆς,
2561 2114 2690 2168 ἀλλὰ
2727 2112 2911 2184 μόνους
2943 2113 3061 2173 τοὺς
3090 2108 3365 2171 ὲπιλοίποις
3393 2108 3598 2160 ἁνασωί

2345 2207 2436 2270 οὓς
2479 2207 2570 2259 καὶ
2609 2205 2811 2273 λεῖμμα
2854 2200 3155 2271 γενήσεσθαι
3194 2199 3281 2250 τοῦ
3319 2196 3544 2259 Ἰακὼϐ,
3589 2215 3598 2248 τ

2345 2298 2528 2367 δρόσου
2550 2294 2640 2346 ὲπὶ
2668 2294 2839 2348 πάντα
2861 2290 3154 2361 δοθήσεσθαι
3174 2289 3238 2341 τὰ
3259 2287 3407 2357 ἔθνη.
3439 2307 3462 2338 ι
3493 2291 3598 2340 "Eo

2347 2385 2497 2456 φησι,
2542 2403 2559 2434 ι
2611 2383 2671 2435 τὸ
2711 2382 3014 2450 ὑπόλειμμα
3044 2379 3129 2432 τοῦ
3166 2379 3350 2432 Ἰακὼὸ
3393 2382 3458 2432 ὲν
3507 2383 3594 2432 τοῖ

2347 2477 2419 2537 ὼς
2442 2475 2624 2544 δρόσος
2652 2470 2796 2540 παρὰ
2820 2469 3020 2539 Κυρίου
3059 2469 3336 2533 πίπτουσα,
3382 2471 3494 2522 καὶ
3525 2471 3598 2532 ὡς

2348 2564 2629 2634 ἄγρωστιν.
2662 2580 2680 2612 ι
2724 2560 2858 2614 ’Δνθ’
2886 2555 2966 2622 οὗ,
3001 2579 3019 2609 ι
3047 2561 3132 2611 καὶ
3161 2559 3233 2621 ὡς
3259 2559 3514 2627 ψεκάδες
3549 2563 3596 2612 ὲτ

2361 2654 2599 2715 Ἀκύλας,
2632 2655 2659 2704 ό
2685 2653 2739 2703 δὲ
2765 2651 3067 2712 Θεοδατίων,
3095 2667 3112 2700 ι
3142 2650 3230 2701 καὶ
3248 2650 3383 2702 ὡσεὶ
3410 2653 3598 2719 νιφετί

2350 2762 2486 2805 τον.»
2513 2740 2847 2794 ὲκδεδὼκασι.
2866 2740 2974 2792 Καὶ
2997 2739 3145 2790 πάλιν
3171 2739 3290 2790 ἀντὶ
3312 2739 3440 2803 τοῦ,
3475 2743 3596 2792 ”Οπ

2351 2833 2482 2902 αχθῇ
2521 2831 2703 2902 μηδεὶς
2737 2829 2866 2898 μηδὲ
2899 2829 3097 2898 ὑποστῇ
3130 2828 3185 2879 ἐν
3219 2830 3358 2892 υἱοῖς
3399 2831 3593 2901 ἀνθρά

2332 2920 2626 2992 ’προσκόψῃ
2655 2918 2764 2980 υἱὸς
2789 2916 3089 2988 ἀνθρώπου,
3116 2919 3276 2987 φησιν
3292 2920 3323 2970 ὁ
3353 2919 3594 2973 Θεοδοτξ

2357 3009 2804 3080 μνεῖᾶνθρωπον,
2821 3008 2913 3059 καὶ
2940 3008 3038 3059 οὐκ
3061 3006 3268 3058 ὲλπίσει
3297 3009 3399 3060 ἐπὶ⁸
3427 3012 3570 3062 υἱὸν

2355 3103 2507 3155 Καὶὸ
2534 3100 2914 3162 Ἀκύλας,‹⁶ος
2945 3100 3040 3168 οὐχ
3069 3099 3335 3168 ὑπομενεῖ
3364 3101 3592 3173 ἄνδρα,

2358 3194 2501 3254 υἱοὺς
2541 3188 2858 3260 ἀνθρώπων
2901 3206 2919 3239 ι
2957 3188 3022 3240 δι’
3056 3181 3130 3242 ὧν
3162 3190 3322 3242 πᾶσα
3357 3190 3492 3244 τῶν
3528 3195 3593 3245 ἀπ

2357 3281 2596 3351 Σωτῆρος
2619 3282 2651 3348 ή
2661 3279 2770 3348 μῶν
2799 3277 2950 3340 ἐλπὶς
2972 3277 3095 3330 οὔτε
3122 3276 3201 3347 (2)
3238 3280 3327 3341 εἰς
3376 3280 3496 3334 ἄνθ
3509 3301 3594 3354 per

2357 3371 2444 3423 τὸν
2460 3369 2681 3439 Σωτῆρα
2710 3369 2801 3421 καὶ
2832 3367 3029 3437 Κύριον
3057 3367 3261 3420 αὐτῶν·
3301 3365 3487 3434 οὗτος
3527 3374 3594 3428 δὲ

2358 3457 2529 3526 λόγος.
2563 3451 2655 3518 Οἷς
2682 3455 2804 3525 ὲξῆς
2835 3454 3072 3521 ἐπιλέγει
3099 3471 3113 3481 δ
3155 3473 3174 3504 ι
3206 3456 3328 3507 Καὶ
3353 3457 3552 3512 ἔσται
3590 3487 3591 3492 η

2374 3546 2560 3600 Ἰακὼό
2606 3549 2659 3597 ὲν
2691 3548 2797 3606 τοῖς
2839 3543 3063 3602 ἔθνεσιν.
3098 3544 3158 3595 ὲν
3199 3545 3372 3615 μέσῳ
3429 3548 3594 3601 λαῶ-

2361 3637 2493 3689 λὲων
2525 3637 2580 3688 ἐν
2609 3639 2716 3697 τοῖς
2748 3635 2960 3703 κτήνεσι
2989 3633 3084 3685 τοῦ
3111 3633 3368 3703 δρυμοῦ,
3413 3642 3546 3692 καὶ⁹
3582 3659 3594 3688 ι

2366 3725 2627 3796 ποιμνίοις
2651 3726 2928 3797 προϐάτων
2947 3742 2960 3753 ·
2993 3724 3052 3776 ὃν
3081 3725 3302 3794 τρόπον
3336 3727 3514 3780 ὅταν
3547 3729 3595 3780 ὃς.

2368 3820 2571 3880 στείλας
2603 3816 2837 3886 ἁρπάσῃ,
2870 3814 2963 3866 καὶ
2992 3812 3069 3882 μὴ
3173 3814 3204 3864 ὁ
3237 3814 3590 3887 ὲξαιρούμ

2365 3905 2512 3977 οἶμαι
2533 3903 2812 3975 δηλοῦσθαι
2833 3902 2892 3952 τὸ
2920 3900 3234 3969 θαρσαλέον
3276 3904 3395 3954 καὶ
3444 3907 3598 3960 ἀκσι

2369 3993 2711 4052 ἀποστολικοῦ
2758 3989 3138 4060 κηρύγματος.
3192 3990 3396 4058 Δίκην
3477 3999 3596 4062 γοῐ

2372 4087 2601 4156 σκύμνου
2647 4085 2702 4135 ὲν
2729 4081 2804 4150 τῷ
2836 4078 3021 4151 δρυμῷ
3071 4080 3196 4132 τῶν
3229 4081 3490 4148 ἐθνῶν,
3541 4107 3597 4142 κ

2369 4173 2707 4248 ἀνθρωπίνων
2730 4171 3006 4240 προϐάτων
3041 4171 3307 4238 ἀγέλαις
3358 4177 3596 4232 εἰσϐα.

2374 4266 2665 4324 στείλαντες
2684 4264 2804 4322 τοὺς
2831 4258 3007 4324 ἀξίους
3035 4260 3166 4312 ἀπὸ
3203 4260 3335 4312 τῶν
3367 4264 3598 4334 ἀναξς

2372 4356 2446 4425 τῷ
2467 4351 2695 4423 Χριστοῦ
2724 4350 2862 4417 λόγῳ
2885 4366 2897 4379 ·
2928 4348 3068 4417 πρὸς
3102 4349 3174 4401 ὃν
3207 4351 3369 4418 ἑξῆς
3427 4356 3598 4411 ἀνα

755 4439 1006 4523 ruentes,
1040 4468 1092 4514 et
1121 4460 1494 4530 dispertientes
1537 4458 1728 4527 dignos
1769 4455 1836 4509 ab
1876 4453 2110 4522 indignis
2132 4489 2146 4516 ,
2178 4465 2272 4506 eos

1993 4453 2110 4522 gnis
2132 4489 2146 4516 ,
2178 4465 2272 4506 eos
2305 4455 2347 4510 D
2371 4446 2528 4501 αὐτοῦ
2554 4462 2565 4473 ·
2600 4464 2618 4494 ι
2664 4439 3032 4509 ’Υψωθήσεται
3093 4440 3136 4508 ὴ
3171 4441 3327 4510 χείρ
3372 4460 3517 4498 σου

754 4551 954 4606 Christi
986 4549 1148 4604 verbo
1175 4548 1539 4616 subjecerunt.
1574 4546 1653 4599 Ad
1682 4559 1838 4614 quem
1869 4543 2119 4610 deinceps
2149 4555 2274 4609 pro-

756 4645 1018 4702 l'eruntur,
1047 4653 1164 4708 quae
1194 4638 1261 4690 ab
1297 4638 1413 4705 ipso
1451 4636 1559 4689 sint
1603 4642 1912 4686 manatura:
1945 4650 1963 4681 ι
1994 4631 2275 4684 extolletur

755 4749 945 4788 manus
976 4740 1064 4784 tua
1093 4745 1253 4799 super
1280 4726 1575 4794 allligentes
1619 4731 1704 4786 te,
1748 4733 1800 4777 et
1837 4737 2026 4776 omnes
2075 4718 2275 4774 inimici

755 4824 832 4875 tui
861 4821 1145 4892 perdentur
1171 4838 1183 4870 :
1225 4836 1243 4868 ›
1271 4816 1416 4886 quod
1448 4815 1780 4884 ipsum'sane
1809 4811 1971 4866 etiam
1999 4810 2170 4864 oculis
2197 4809 2277 4861 in-

757 4914 893 4964 tueri
924 4913 1065 4966 licet.
1098 4909 1353 4975 Quamvis
1399 4906 1540 4960 enim
1579 4904 1790 4966 multis,
1834 4903 2075 4972 quamvis
2118 4901 2277 4953 innu-

760 5000 1101 5054 merabilibus
1121 5039 1137 5064 ,
1164 4997 1368 5052 Christi
1395 4995 1614 5050 verbum
1648 4994 1872 5048 antehac
1904 4989 2276 5059 alﬁigentibus,

762 5092 815 5138 et
842 5086 996 5141 hodie
1031 5105 1244 5159 quoque
1281 5085 1711 5159 oppugnantibus
1733 5123 1748 5148 ,
1781 5083 1941 5138 altius
1973 5090 2152 5136 tamen
2195 5092 2277 5146 ip.

765 5189 882 5228 sum
911 5178 1074 5241 abiit,
1115 5190 1169 5234 et
1199 5181 1466 5250 potentius
1496 5177 1702 5233 cunctis
1743 5177 1987 5232 eﬁectum
2025 5181 2125 5228 est.
2175 5168 2280 5224 Sed

2369 4539 2463 4599 τάς
2503 4551 2580 4597 σε,
2614 4532 2705 4585 καὶ
2763 4529 2958 4590 πάντες
2997 4530 3052 4579 οἱ
3094 4530 3329 4597 ἐχθροί
3400 4551 3551 4589 σου

2371 4642 2486 4681 ταν
2515 4625 2543 4676 ὃ
2567 4624 2657 4676 καὶ
2686 4620 2813 4675 αὐτὸ
2847 4619 3127 4688 πάρεστιν
3166 4620 3594 4693 ὀφθαλμοῖς

2373 4713 2589 4784 Μυρίων
2615 4711 2722 4782 γὰρ
2746 4711 2881 4762 ὅσων
2905 4709 2995 4761 τὸν
3027 4709 3344 4780 Χριστοῦ
3394 4715 3594 4785 λόγς

2374 4804 2534 4856 είσέτι
2584 4800 2676 4853 νῦν
2727 4797 3151 4867 πολεμούντων,
3227 4801 3379 4854 {nte
3393 4807 3592 4875 ρήρ(

2374 4895 2582 4947 πάντων
2608 4891 2843 4956 γέγονεν.
2885 4887 3050 4941 Ἀλλά
3093 4891 3228 4942 καὶ
3273 4892 3580 4966 ὑψώθη

2375 4981 2496 5035 στοῦ
2547 4978 2683 5033 κατὰ
2729 4977 2941 5030 πάντων
2989 4977 3122 5030 τῶν
3197 4980 3585 5050 Θλιψάντι

2374 5070 2551 5144 ἐχθροὶ
2574 5067 2731 5122 αὐτοῦ
2760 5068 2973 5131 πάντες,
3012 5071 3073 5120 οἱ
3122 5071 3336 5124 κατὰ
3380 5075 3584 5142 χρόκ

2376 5159 2535 5216 αὐτοῦ
2559 5161 2622 5228 τῇ
2659 5156 2963 5228 Ἐκκλησία,
2992 5157 3288 5228 ego);on
3303 5166 3572 5234 ευυήσ

764 5265 922 5318 etiam
973 5265 1028 5318 in
1079 5271 1289 5324 sublimi
1344 5275 1597 5328 collocata
1655 5283 1737 5329 est
1765 5286 1956 5327 manus
1999 5264 2225 5326 Christi,
2283 5266 2470 5314 contra
2499 5270 2684 5309 omnes
2723 5254 2813 5322 qui
2849 5254 3030 5323 ipsum
3095 5253 3555 5314 afﬂixerint.

769 5351 1033 5414 universi,
1067 5355 1225 5408 variis
1254 5363 1578 5426 temporibus
1611 5370 1794 5416 contra
1825 5359 1940 5427 ejus
1972 5352 2260 5409 Ecclesiam
2289 5347 2624 5410 insurgentes
2645 5383 2659 5408 ,
2691 5343 2946 5411 perdendi
2976 5358 3130 5397 esse
3179 5344 3568 5406 dicuntu'

1275 5444 1381 5498 ιιι.
1417 5450 1460 5499 Α
1492 5449 1765 5515 Sophonia.

845 5551 863 5584 ι
890 5532 1024 5597 Quia
1051 5539 1179 5586 tunc
1206 5547 1508 5590 convertam
1535 5541 1586 5593 in
1612 5543 1834 5609 pooulos
1859 5540 2125 5610 linguam,
2154 5539 2209 5585 ut
2231 5529 2286 5584 in

841 5622 888 5651 ’³
919 5618 1074 5675 Mich.
1111 5637 1165 5683 ν.
1203 5620 1314 5676 7-9.

849 5713 922 5771 (ll
958 5712 1109 5765 Οὐδ’.
1135 5709 1290 5770 Forte
1312 5711 1427 5766 οὐκ.
1459 5709 1612 5768 Εοιτ.
1645 5713 1812 5770 Pun.

2793 5434 2915 5489 NB’.
2942 5433 3094 5488 Ἀπὸ
3145 5436 3309 5490 τοῦ
3363 5443 3562 5513 Σοερ

2517 5521 2635 5577 Ὅτι
2669 5523 2788 5577 τότε
2833 5522 3267 5596 μεταστρέψαι)
3342 5531 3491 5583 ἐπὶ

2459 5696 2534 5762 (2)
2577 5699 2744 5758 Οὔτε.
2775 5704 2938 5768 Forte
2964 5708 3110 5764 οὐκ.
3153 5707 3371 5769 Enr:
3394 5761 3406 5770 .
3449 5716 3536 5772 ΡΑ
