  <div class='ocr_page' id='page_1' title='image "/cluster/home/n/w/nwhite01/storage/ocr_20150623/22 (Eusebius; pt. 4)/nyp.33433081862355/092.png"; bbox 0 0 3870 6362; ppageno 0'>
   <div class='ocr_carea' id='block_1_1' title="bbox 123 441 2523 549">
    <p class='ocr_par' dir='ltr' id='par_1_1' title="bbox 123 441 2523 549">
     <span class='ocr_line' id='line_1_1' title="bbox 123 441 2523 549; baseline 0.003 -31"><span class='ocrx_word' id='word_1_1' title='bbox 123 501 156 549; x_wconf 44' lang='grc' dir='ltr'>ε</span> <span class='ocrx_word' id='word_1_2' title='bbox 180 441 271 510; x_wconf 62' lang='lat'><em>6‘</em></span> <span class='ocrx_word' id='word_1_3' title='bbox 1140 469 1769 526; x_wconf 78' lang='lat' dir='ltr'><strong>DEMONSTRATIONIS</strong></span> <span class='ocrx_word' id='word_1_4' title='bbox 1813 465 2258 524; x_wconf 57' lang='lat' dir='ltr'><strong>manemus.</strong></span> <span class='ocrx_word' id='word_1_5' title='bbox 2298 473 2422 524; x_wconf 75' lang='lat' dir='ltr'><strong>Lm.</strong></span> <span class='ocrx_word' id='word_1_6' title='bbox 2462 476 2523 524; x_wconf 88' lang='grc' dir='ltr'><strong>ιι.</strong></span> 
     </span>
    </p>
   </div>
   <div class='ocr_carea' id='block_1_2' title="bbox 3301 475 3400 530">
    <p class='ocr_par' dir='ltr' id='par_1_2' title="bbox 3301 475 3400 530">
     <span class='ocr_line' id='line_1_2' title="bbox 3301 475 3400 530; baseline 0.02 -2"><span class='ocrx_word' id='word_1_7' title='bbox 3301 475 3400 530; x_wconf 70' lang='grc'><strong>158</strong></span> 
     </span>
    </p>
   </div>
   <div class='ocr_carea' id='block_1_3' title="bbox 141 552 1785 650">
    <p class='ocr_par' dir='ltr' id='par_1_3' title="bbox 141 552 1785 650">
     <span class='ocr_line' id='line_1_3' title="bbox 141 552 1785 650; baseline 0.019 -47"><span class='ocrx_word' id='word_1_8' title='bbox 141 569 334 650; x_wconf 42' lang='grc' dir='ltr'><strong>ικιιιιιιιι</strong></span> <span class='ocrx_word' id='word_1_9' title='bbox 357 552 600 650; x_wconf 76' lang='grc' dir='ltr'>Κυρίου,</span> <span class='ocrx_word' id='word_1_10' title='bbox 647 561 758 616; x_wconf 75' lang='grc' dir='ltr'><strong>τοῦ</strong></span> <span class='ocrx_word' id='word_1_11' title='bbox 801 566 1122 632; x_wconf 81' lang='grc' dir='ltr'><strong>δουλεύειν</strong></span> <span class='ocrx_word' id='word_1_12' title='bbox 1166 581 1311 649; x_wconf 83' lang='grc' dir='ltr'><strong>αύτῷ</strong></span> <span class='ocrx_word' id='word_1_13' title='bbox 1355 579 1455 633; x_wconf 83' lang='grc' dir='ltr'><strong>ύπδ</strong></span> <span class='ocrx_word' id='word_1_14' title='bbox 1485 579 1640 649; x_wconf 84' lang='grc' dir='ltr'>ζυγὸν</span> <span class='ocrx_word' id='word_1_15' title='bbox 1679 581 1785 634; x_wconf 71' lang='grc' dir='ltr'>ἕνα.</span> 
     </span>
    </p>
   </div>
   <div class='ocr_carea' id='block_1_4' title="bbox 1882 552 3401 650">
    <p class='ocr_par' dir='ltr' id='par_1_4' title="bbox 1893 575 3401 650">
     <span class='ocr_line' id='line_1_4' title="bbox 1893 575 3401 650; baseline 0.002 -16"><span class='ocrx_word' id='word_1_16' title='bbox 1893 579 2106 634; x_wconf 84' lang='lat' dir='ltr'><strong>nomine</strong></span> <span class='ocrx_word' id='word_1_17' title='bbox 2126 575 2337 634; x_wconf 85' lang='lat' dir='ltr'><strong>Domini</strong></span> <span class='ocrx_word' id='word_1_18' title='bbox 2370 579 2605 635; x_wconf 75' lang='lat' dir='ltr'><strong>serviant</strong></span> <span class='ocrx_word' id='word_1_19' title='bbox 2632 579 2682 632; x_wconf 90' lang='lat' dir='ltr'><strong>ei</strong></span> <span class='ocrx_word' id='word_1_20' title='bbox 2709 581 2808 636; x_wconf 85' lang='lat' dir='ltr'><strong>sub</strong></span> <span class='ocrx_word' id='word_1_21' title='bbox 2827 581 2955 650; x_wconf 84' lang='lat' dir='ltr'><strong>jugo</strong></span> <span class='ocrx_word' id='word_1_22' title='bbox 2983 597 3106 637; x_wconf 90' lang='lat' dir='ltr'><strong>uno.</strong></span> <span class='ocrx_word' id='word_1_23' title='bbox 3131 583 3176 635; x_wconf 80' lang='grc' dir='ltr'><strong>Δ</strong></span> <span class='ocrx_word' id='word_1_24' title='bbox 3206 582 3401 637; x_wconf 83' lang='lat' dir='ltr'><strong>finibus</strong></span> 
     </span>
    </p>
   </div>
   <div class='ocr_carea' id='block_1_5' title="bbox 169 645 1790 739">
    <p class='ocr_par' dir='ltr' id='par_1_5' title="bbox 169 645 1790 739">
     <span class='ocr_line' id='line_1_5' title="bbox 169 645 1790 739; baseline 0.009 -32"><span class='ocrx_word' id='word_1_25' title='bbox 169 647 297 722; x_wconf 44' lang='lat' dir='ltr'><strong>{ﬁt</strong></span> <span class='ocrx_word' id='word_1_26' title='bbox 320 645 564 716; x_wconf 69' lang='grc' dir='ltr'>περάτων</span> <span class='ocrx_word' id='word_1_27' title='bbox 615 657 917 724; x_wconf 77' lang='grc' dir='ltr'>’ποτα-μῶν</span> <span class='ocrx_word' id='word_1_28' title='bbox 967 663 1265 731; x_wconf 74' lang='grc' dir='ltr'>Αἰθιοπίας</span> <span class='ocrx_word' id='word_1_29' title='bbox 1284 645 1642 739; x_wconf 28' lang='grc' dir='ltr'>νπροσδέξομαι</span> <span class='ocrx_word' id='word_1_30' title='bbox 1671 670 1790 731; x_wconf 84' lang='grc' dir='ltr'>τοὺς</span> 
     </span>
    </p>
   </div>
   <div class='ocr_carea' id='block_1_6' title="bbox 188 739 1789 827">
    <p class='ocr_par' dir='ltr' id='par_1_6' title="bbox 188 739 1789 827">
     <span class='ocr_line' id='line_1_6' title="bbox 188 739 1789 827; baseline 0.002 -22"><span class='ocrx_word' id='word_1_31' title='bbox 188 739 525 812; x_wconf 58' lang='grc' dir='ltr'>ιιετεὺοντάς</span> <span class='ocrx_word' id='word_1_32' title='bbox 558 759 630 812; x_wconf 76' lang='grc' dir='ltr'><strong>με</strong></span> <span class='ocrx_word' id='word_1_33' title='bbox 654 760 668 773; x_wconf 89' lang='grc'><strong>·</strong></span> <span class='ocrx_word' id='word_1_34' title='bbox 713 746 834 799; x_wconf 67' lang='grc' dir='ltr'>υἱοὶ</span> <span class='ocrx_word' id='word_1_35' title='bbox 873 751 1000 806; x_wconf 81' lang='grc' dir='ltr'><strong>τῶν</strong></span> <span class='ocrx_word' id='word_1_36' title='bbox 1030 755 1436 827; x_wconf 72' lang='grc' dir='ltr'><strong>διεσπαρμένων</strong></span> <span class='ocrx_word' id='word_1_37' title='bbox 1474 759 1670 810; x_wconf 82' lang='grc' dir='ltr'><strong>οἴσουσι</strong></span> <span class='ocrx_word' id='word_1_38' title='bbox 1699 758 1789 809; x_wconf 86' lang='grc' dir='ltr'>θυ-</span> 
     </span>
    </p>
   </div>
   <div class='ocr_carea' id='block_1_7' title="bbox 191 833 1790 918">
    <p class='ocr_par' dir='ltr' id='par_1_7' title="bbox 191 833 1790 918">
     <span class='ocr_line' id='line_1_7' title="bbox 191 833 1790 918; baseline 0.003 -24"><span class='ocrx_word' id='word_1_39' title='bbox 191 841 321 900; x_wconf 74' lang='grc' dir='ltr'>σίας</span> <span class='ocrx_word' id='word_1_40' title='bbox 371 849 480 905; x_wconf 55' lang='grc' dir='ltr'>μοι.</span> <span class='ocrx_word' id='word_1_41' title='bbox 522 833 617 886; x_wconf 71' lang='grc' dir='ltr'>Ἕν</span> <span class='ocrx_word' id='word_1_42' title='bbox 649 838 724 907; x_wconf 69' lang='grc' dir='ltr'><strong>τῇ</strong></span> <span class='ocrx_word' id='word_1_43' title='bbox 757 839 964 912; x_wconf 80' lang='grc' dir='ltr'>ἡμέρᾳ</span> <span class='ocrx_word' id='word_1_44' title='bbox 997 845 1185 917; x_wconf 75' lang='grc' dir='ltr'>ἐκείνῃ</span> <span class='ocrx_word' id='word_1_45' title='bbox 1217 848 1276 899; x_wconf 84' lang='grc' dir='ltr'>οὑ</span> <span class='ocrx_word' id='word_1_46' title='bbox 1307 848 1378 918; x_wconf 83' lang='grc' dir='ltr'>μὴ</span> <span class='ocrx_word' id='word_1_47' title='bbox 1405 847 1790 917; x_wconf 81' lang='grc' dir='ltr'>καταισχυνθῇς</span> 
     </span>
    </p>
   </div>
   <div class='ocr_carea' id='block_1_8' title="bbox 190 930 1792 1007">
    <p class='ocr_par' dir='ltr' id='par_1_8' title="bbox 190 930 1792 1007">
     <span class='ocr_line' id='line_1_8' title="bbox 190 930 1792 1007; baseline 0.001 -20"><span class='ocrx_word' id='word_1_48' title='bbox 190 942 281 992; x_wconf 64' lang='grc' dir='ltr'><strong>ἐκ</strong></span> <span class='ocrx_word' id='word_1_49' title='bbox 312 934 523 987; x_wconf 83' lang='grc' dir='ltr'>πάντων</span> <span class='ocrx_word' id='word_1_50' title='bbox 553 930 661 984; x_wconf 84' lang='grc' dir='ltr'><strong>τῶν</strong></span> <span class='ocrx_word' id='word_1_51' title='bbox 694 933 1168 1006; x_wconf 70' lang='grc' dir='ltr'><strong>ἐπιτηδευμάτων</strong></span> <span class='ocrx_word' id='word_1_52' title='bbox 1191 954 1300 999; x_wconf 92' lang='grc' dir='ltr'>σου,</span> <span class='ocrx_word' id='word_1_53' title='bbox 1324 931 1396 988; x_wconf 86' lang='grc' dir='ltr'>ὧν</span> <span class='ocrx_word' id='word_1_54' title='bbox 1428 936 1691 1007; x_wconf 81' lang='grc' dir='ltr'>ήσέὸησας</span> <span class='ocrx_word' id='word_1_55' title='bbox 1717 939 1792 997; x_wconf 83' lang='grc' dir='ltr'><strong>εἰς</strong></span> 
     </span>
    </p>
   </div>
   <div class='ocr_carea' id='block_1_9' title="bbox 188 1021 1792 1095">
    <p class='ocr_par' dir='ltr' id='par_1_9' title="bbox 188 1021 1792 1095">
     <span class='ocr_line' id='line_1_9' title="bbox 188 1021 1792 1095; baseline 0.01 -25"><span class='ocrx_word' id='word_1_56' title='bbox 188 1021 348 1095; x_wconf 64' lang='grc' dir='ltr'>ἐμέο</span> <span class='ocrx_word' id='word_1_57' title='bbox 393 1023 472 1075; x_wconf 80' lang='grc' dir='ltr'>ὅτι</span> <span class='ocrx_word' id='word_1_58' title='bbox 501 1021 623 1073; x_wconf 86' lang='grc' dir='ltr'>τότε</span> <span class='ocrx_word' id='word_1_59' title='bbox 663 1023 911 1092; x_wconf 82' lang='grc' dir='ltr'>περιελῶ</span> <span class='ocrx_word' id='word_1_60' title='bbox 952 1025 1067 1078; x_wconf 79' lang='grc' dir='ltr'><strong>ἀπὸ</strong></span> <span class='ocrx_word' id='word_1_61' title='bbox 1109 1025 1200 1077; x_wconf 80' lang='grc' dir='ltr'><strong>σοῦ</strong></span> <span class='ocrx_word' id='word_1_62' title='bbox 1230 1023 1295 1076; x_wconf 86' lang='grc' dir='ltr'><strong>τὰ</strong></span> <span class='ocrx_word' id='word_1_63' title='bbox 1326 1024 1659 1093; x_wconf 85' lang='grc' dir='ltr'>φαυλίσματο.</span> <span class='ocrx_word' id='word_1_64' title='bbox 1695 1024 1792 1092; x_wconf 74' lang='grc' dir='ltr'>τῆς</span> 
     </span>
    </p>
   </div>
   <div class='ocr_carea' id='block_1_10' title="bbox 187 1111 1791 1185">
    <p class='ocr_par' dir='ltr' id='par_1_10' title="bbox 187 1111 1791 1185">
     <span class='ocr_line' id='line_1_10' title="bbox 187 1111 1791 1185; baseline 0.004 -23"><span class='ocrx_word' id='word_1_65' title='bbox 187 1111 433 1182; x_wconf 63' lang='grc' dir='ltr'>ὕϐρεώς</span> <span class='ocrx_word' id='word_1_66' title='bbox 468 1129 588 1176; x_wconf 87' lang='grc' dir='ltr'>σου,</span> <span class='ocrx_word' id='word_1_67' title='bbox 612 1113 709 1166; x_wconf 71' lang='grc' dir='ltr'>καὶ</span> <span class='ocrx_word' id='word_1_68' title='bbox 743 1114 938 1168; x_wconf 78' lang='grc' dir='ltr'>οὐκέτι</span> <span class='ocrx_word' id='word_1_69' title='bbox 989 1116 1050 1168; x_wconf 82' lang='grc' dir='ltr'>οὑ</span> <span class='ocrx_word' id='word_1_70' title='bbox 1089 1115 1162 1185; x_wconf 82' lang='grc' dir='ltr'>μὴ</span> <span class='ocrx_word' id='word_1_71' title='bbox 1189 1114 1478 1184; x_wconf 80' lang='grc' dir='ltr'>προστεθῇς</span> <span class='ocrx_word' id='word_1_72' title='bbox 1503 1115 1594 1167; x_wconf 78' lang='grc' dir='ltr'>τοῦ</span> <span class='ocrx_word' id='word_1_73' title='bbox 1631 1132 1791 1185; x_wconf 82' lang='grc' dir='ltr'>μεγα-</span> 
     </span>
    </p>
   </div>
   <div class='ocr_carea' id='block_1_11' title="bbox 184 1205 1792 1278">
    <p class='ocr_par' dir='ltr' id='par_1_11' title="bbox 184 1205 1792 1278">
     <span class='ocr_line' id='line_1_11' title="bbox 184 1205 1792 1278; baseline 0.004 -24"><span class='ocrx_word' id='word_1_74' title='bbox 184 1205 491 1278; x_wconf 57' lang='grc' dir='ltr'>λᾳυχῆσαι</span> <span class='ocrx_word' id='word_1_75' title='bbox 526 1207 619 1258; x_wconf 76' lang='grc' dir='ltr'><strong>ἐπὶ</strong></span> <span class='ocrx_word' id='word_1_76' title='bbox 646 1207 707 1258; x_wconf 81' lang='grc' dir='ltr'><strong>τὺ</strong></span> <span class='ocrx_word' id='word_1_77' title='bbox 732 1206 858 1276; x_wconf 75' lang='grc' dir='ltr'>ὅρος</span> <span class='ocrx_word' id='word_1_78' title='bbox 881 1207 946 1259; x_wconf 84' lang='grc' dir='ltr'>τὸ</span> <span class='ocrx_word' id='word_1_79' title='bbox 983 1208 1136 1276; x_wconf 80' lang='grc' dir='ltr'>ἆγιόν</span> <span class='ocrx_word' id='word_1_80' title='bbox 1167 1225 1283 1278; x_wconf 89' lang='grc' dir='ltr'>μου,</span> <span class='ocrx_word' id='word_1_81' title='bbox 1314 1210 1406 1260; x_wconf 76' lang='grc' dir='ltr'>καὶ</span> <span class='ocrx_word' id='word_1_82' title='bbox 1444 1208 1792 1278; x_wconf 76' lang='grc' dir='ltr'>ὑπολείψομαι</span> 
     </span>
    </p>
   </div>
   <div class='ocr_carea' id='block_1_12' title="bbox 185 1274 1792 1368">
    <p class='ocr_par' dir='ltr' id='par_1_12' title="bbox 185 1274 1792 1368">
     <span class='ocr_line' id='line_1_12' title="bbox 185 1274 1792 1368; baseline 0.004 -23"><span class='ocrx_word' id='word_1_83' title='bbox 185 1274 268 1353; x_wconf 58' lang='grc' dir='ltr'><strong>ὦ</strong></span> <span class='ocrx_word' id='word_1_84' title='bbox 306 1295 398 1347; x_wconf 81' lang='grc' dir='ltr'>σοὶ</span> <span class='ocrx_word' id='word_1_85' title='bbox 443 1297 576 1349; x_wconf 78' lang='grc' dir='ltr'>λαὸν</span> <span class='ocrx_word' id='word_1_86' title='bbox 617 1274 796 1366; x_wconf 83' lang='grc' dir='ltr'>πρᾶον</span> <span class='ocrx_word' id='word_1_87' title='bbox 830 1297 926 1350; x_wconf 76' lang='grc' dir='ltr'>καὶ</span> <span class='ocrx_word' id='word_1_88' title='bbox 968 1274 1250 1352; x_wconf 57' lang='grc' dir='ltr'>ταπεινόν</span> <span class='ocrx_word' id='word_1_89' title='bbox 1298 1299 1388 1351; x_wconf 75' lang='grc' dir='ltr'>καὶ</span> <span class='ocrx_word' id='word_1_90' title='bbox 1419 1274 1792 1368; x_wconf 79' lang='grc' dir='ltr'>εὐλαϐήσονται</span> 
     </span>
    </p>
   </div>
   <div class='ocr_carea' id='block_1_13' title="bbox 190 1382 1795 1456">
    <p class='ocr_par' dir='ltr' id='par_1_13' title="bbox 190 1382 1795 1456">
     <span class='ocr_line' id='line_1_13' title="bbox 190 1382 1795 1456; baseline -0.002 -17"><span class='ocrx_word' id='word_1_91' title='bbox 190 1390 269 1439; x_wconf 67' lang='grc' dir='ltr'><strong>ἒν</strong></span> <span class='ocrx_word' id='word_1_92' title='bbox 294 1382 378 1454; x_wconf 79' lang='grc' dir='ltr'>τῷ</span> <span class='ocrx_word' id='word_1_93' title='bbox 405 1385 642 1454; x_wconf 84' lang='grc' dir='ltr'>ὀνόματι</span> <span class='ocrx_word' id='word_1_94' title='bbox 671 1386 882 1455; x_wconf 89' lang='grc' dir='ltr'>Κυρίου</span> <span class='ocrx_word' id='word_1_95' title='bbox 917 1387 967 1438; x_wconf 80' lang='grc' dir='ltr'><strong>οί</strong></span> <span class='ocrx_word' id='word_1_96' title='bbox 997 1385 1415 1439; x_wconf 86' lang='grc' dir='ltr'>κατάλοιποιτοῦ</span> <span class='ocrx_word' id='word_1_97' title='bbox 1453 1385 1678 1456; x_wconf 80' lang='grc' dir='ltr'>Ἰσραήλ,</span> <span class='ocrx_word' id='word_1_98' title='bbox 1701 1386 1795 1438; x_wconf 69' lang='grc' dir='ltr'>καὶ.</span> 
     </span>
    </p>
   </div>
   <div class='ocr_carea' id='block_1_14' title="bbox 195 1473 1794 1544">
    <p class='ocr_par' dir='ltr' id='par_1_14' title="bbox 195 1473 1794 1544">
     <span class='ocr_line' id='line_1_14' title="bbox 195 1473 1794 1544; baseline -0.002 -16"><span class='ocrx_word' id='word_1_99' title='bbox 195 1473 274 1528; x_wconf 69' lang='grc' dir='ltr'>οὐ</span> <span class='ocrx_word' id='word_1_100' title='bbox 305 1476 642 1542; x_wconf 79' lang='grc' dir='ltr'>ποιήσουσιν</span> <span class='ocrx_word' id='word_1_101' title='bbox 670 1473 907 1536; x_wconf 82' lang='grc' dir='ltr'><strong>ἀδικίαν,</strong></span> <span class='ocrx_word' id='word_1_102' title='bbox 941 1475 1038 1528; x_wconf 72' lang='grc' dir='ltr'>καὶ</span> <span class='ocrx_word' id='word_1_103' title='bbox 1065 1475 1124 1527; x_wconf 84' lang='grc' dir='ltr'>οὐ</span> <span class='ocrx_word' id='word_1_104' title='bbox 1146 1474 1426 1544; x_wconf 88' lang='grc' dir='ltr'>λαλήσουσι</span> <span class='ocrx_word' id='word_1_105' title='bbox 1458 1474 1673 1543; x_wconf 87' lang='grc' dir='ltr'>μάταια,</span> <span class='ocrx_word' id='word_1_106' title='bbox 1705 1475 1794 1525; x_wconf 78' lang='grc' dir='ltr'>καὶ</span> 
     </span>
    </p>
   </div>
   <div class='ocr_carea' id='block_1_15' title="bbox 204 1561 1793 1634">
    <p class='ocr_par' dir='ltr' id='par_1_15' title="bbox 204 1561 1793 1634">
     <span class='ocr_line' id='line_1_15' title="bbox 204 1561 1793 1634; baseline -0.003 -18"><span class='ocrx_word' id='word_1_107' title='bbox 204 1561 282 1616; x_wconf 71' lang='grc' dir='ltr'>οὔ</span> <span class='ocrx_word' id='word_1_108' title='bbox 317 1562 395 1634; x_wconf 74' lang='grc' dir='ltr'><strong>μή</strong></span> <span class='ocrx_word' id='word_1_109' title='bbox 417 1563 625 1633; x_wconf 78' lang='grc' dir='ltr'>εὑρεθῇ</span> <span class='ocrx_word' id='word_1_110' title='bbox 661 1565 722 1615; x_wconf 78' lang='grc' dir='ltr'>ὲν</span> <span class='ocrx_word' id='word_1_111' title='bbox 756 1562 986 1633; x_wconf 84' lang='grc' dir='ltr'>στόματι</span> <span class='ocrx_word' id='word_1_112' title='bbox 1014 1562 1189 1616; x_wconf 86' lang='grc' dir='ltr'>αὐτῶν</span> <span class='ocrx_word' id='word_1_113' title='bbox 1208 1561 1418 1630; x_wconf 86' lang='grc' dir='ltr'>γλῶσσα</span> <span class='ocrx_word' id='word_1_114' title='bbox 1457 1561 1630 1615; x_wconf 79' lang='grc' dir='ltr'>δολία’</span> <span class='ocrx_word' id='word_1_115' title='bbox 1665 1561 1793 1613; x_wconf 87' lang='grc' dir='ltr'>διότι</span> 
     </span>
    </p>
   </div>
   <div class='ocr_carea' id='block_1_16' title="bbox 222 1649 1794 1723">
    <p class='ocr_par' dir='ltr' id='par_1_16' title="bbox 222 1649 1794 1723">
     <span class='ocr_line' id='line_1_16' title="bbox 222 1649 1794 1723; baseline -0.003 -18"><span class='ocrx_word' id='word_1_116' title='bbox 222 1651 377 1705; x_wconf 68' lang='grc' dir='ltr'>αὐτοὶ</span> <span class='ocrx_word' id='word_1_117' title='bbox 399 1655 744 1723; x_wconf 82' lang='grc' dir='ltr'>νεμήσονται</span> <span class='ocrx_word' id='word_1_118' title='bbox 774 1652 871 1706; x_wconf 64' lang='grc' dir='ltr'><strong>καλ⁵</strong></span> <span class='ocrx_word' id='word_1_119' title='bbox 911 1652 1365 1723; x_wconf 85' lang='grc' dir='ltr'>κοιτασθήσονται,</span> <span class='ocrx_word' id='word_1_120' title='bbox 1405 1651 1496 1704; x_wconf 78' lang='grc' dir='ltr'>καὶ</span> <span class='ocrx_word' id='word_1_121' title='bbox 1526 1651 1622 1703; x_wconf 82' lang='grc' dir='ltr'>οὐκ</span> <span class='ocrx_word' id='word_1_122' title='bbox 1646 1649 1794 1702; x_wconf 76' lang='grc' dir='ltr'>ἐσται</span> 
     </span>
    </p>
   </div>
   <div class='ocr_carea' id='block_1_17' title="bbox 222 1738 1792 1810">
    <p class='ocr_par' dir='ltr' id='par_1_17' title="bbox 222 1738 1792 1810">
     <span class='ocr_line' id='line_1_17' title="bbox 222 1738 1792 1810; baseline -0.004 -13"><span class='ocrx_word' id='word_1_123' title='bbox 222 1744 260 1797; x_wconf 80' lang='grc' dir='ltr'><strong>δ</strong></span> <span class='ocrx_word' id='word_1_124' title='bbox 293 1741 540 1810; x_wconf 73' lang='grc' dir='ltr'>ἐκφοϐῶν</span> <span class='ocrx_word' id='word_1_125' title='bbox 593 1742 820 1804; x_wconf 81' lang='grc' dir='ltr'>αὐτούς.</span> <span class='ocrx_word' id='word_1_126' title='bbox 864 1761 884 1793; x_wconf 75' lang='grc' dir='ltr'><strong>ι</strong></span> <span class='ocrx_word' id='word_1_127' title='bbox 940 1743 1048 1795; x_wconf 75' lang='grc' dir='ltr'>Καὶ</span> <span class='ocrx_word' id='word_1_128' title='bbox 1081 1743 1137 1794; x_wconf 84' lang='grc' dir='ltr'>ὲν</span> <span class='ocrx_word' id='word_1_129' title='bbox 1187 1741 1390 1804; x_wconf 82' lang='grc' dir='ltr'>τούτοις</span> <span class='ocrx_word' id='word_1_130' title='bbox 1424 1738 1792 1808; x_wconf 74' lang='grc' dir='ltr'>ὑπολείψεσθαι</span> 
     </span>
    </p>
   </div>
   <div class='ocr_carea' id='block_1_18' title="bbox 193 1829 1794 1904">
    <p class='ocr_par' dir='ltr' id='par_1_18' title="bbox 193 1829 1794 1904">
     <span class='ocr_line' id='line_1_18' title="bbox 193 1829 1794 1904; baseline -0.001 -21"><span class='ocrx_word' id='word_1_131' title='bbox 193 1832 398 1903; x_wconf 66' lang='grc' dir='ltr'>ἑαυτῷ</span> <span class='ocrx_word' id='word_1_132' title='bbox 437 1832 570 1885; x_wconf 84' lang='grc' dir='ltr'>λαὸν</span> <span class='ocrx_word' id='word_1_133' title='bbox 611 1832 807 1904; x_wconf 78' lang='grc' dir='ltr'>πραῢν</span> <span class='ocrx_word' id='word_1_134' title='bbox 833 1833 927 1885; x_wconf 76' lang='grc' dir='ltr'><strong>καὶ</strong></span> <span class='ocrx_word' id='word_1_135' title='bbox 961 1831 1207 1885; x_wconf 83' lang='grc' dir='ltr'>ταπεινὸν</span> <span class='ocrx_word' id='word_1_136' title='bbox 1231 1831 1260 1884; x_wconf 85' lang='grc' dir='ltr'><strong>ό</strong></span> <span class='ocrx_word' id='word_1_137' title='bbox 1301 1830 1498 1901; x_wconf 88' lang='grc' dir='ltr'>Κύριος</span> <span class='ocrx_word' id='word_1_138' title='bbox 1533 1829 1794 1900; x_wconf 72' lang='grc' dir='ltr'>ἐπήγγελ-</span> 
     </span>
    </p>
   </div>
   <div class='ocr_carea' id='block_1_19' title="bbox 1887 667 3400 740">
    <p class='ocr_par' dir='ltr' id='par_1_19' title="bbox 1887 667 3400 740">
     <span class='ocr_line' id='line_1_19' title="bbox 1887 667 3400 740; baseline 0.003 -18"><span class='ocrx_word' id='word_1_139' title='bbox 1887 668 2160 724; x_wconf 83' lang='lat' dir='ltr'><strong>ﬂuminum</strong></span> <span class='ocrx_word' id='word_1_140' title='bbox 2195 667 2480 739; x_wconf 64' lang='lat' dir='ltr'><strong>Ethiopian</strong></span> <span class='ocrx_word' id='word_1_141' title='bbox 2521 669 2807 738; x_wconf 83' lang='lat' dir='ltr'><strong>suscipiam</strong></span> <span class='ocrx_word' id='word_1_142' title='bbox 2842 673 3200 740; x_wconf 79' lang='lat' dir='ltr'><strong>supplicantes</strong></span> <span class='ocrx_word' id='word_1_143' title='bbox 3228 673 3400 739; x_wconf 80' lang='lat' dir='ltr'><strong>mihi:</strong></span> 
     </span>
    </p>
   </div>
   <div class='ocr_carea' id='block_1_20' title="bbox 1887 760 3400 830">
    <p class='ocr_par' dir='ltr' id='par_1_20' title="bbox 1887 760 3400 830">
     <span class='ocr_line' id='line_1_20' title="bbox 1887 760 3400 830; baseline 0.002 -15"><span class='ocrx_word' id='word_1_144' title='bbox 1887 761 2247 830; x_wconf 82' lang='lat' dir='ltr'><strong>dispersorum</strong></span> <span class='ocrx_word' id='word_1_145' title='bbox 2296 760 2468 815; x_wconf 85' lang='lat' dir='ltr'><strong>ferent</strong></span> <span class='ocrx_word' id='word_1_146' title='bbox 2512 760 2715 814; x_wconf 81' lang='lat' dir='ltr'><strong>hostias</strong></span> <span class='ocrx_word' id='word_1_147' title='bbox 2761 761 2912 814; x_wconf 88' lang='lat' dir='ltr'><strong>mibi.</strong></span> <span class='ocrx_word' id='word_1_148' title='bbox 2960 761 3016 816; x_wconf 90' lang='lat' dir='ltr'><strong>In</strong></span> <span class='ocrx_word' id='word_1_149' title='bbox 3057 764 3143 818; x_wconf 89' lang='lat' dir='ltr'><strong>die</strong></span> <span class='ocrx_word' id='word_1_150' title='bbox 3172 765 3261 818; x_wconf 89' lang='lat' dir='ltr'><strong>illa</strong></span> <span class='ocrx_word' id='word_1_151' title='bbox 3291 780 3400 818; x_wconf 88' lang='lat' dir='ltr'><strong>non</strong></span> 
     </span>
    </p>
   </div>
   <div class='ocr_carea' id='block_1_21' title="bbox 1887 849 3402 922">
    <p class='ocr_par' dir='ltr' id='par_1_21' title="bbox 1887 849 3402 922">
     <span class='ocr_line' id='line_1_21' title="bbox 1887 849 3402 922; baseline 0.003 -18"><span class='ocrx_word' id='word_1_152' title='bbox 1887 851 2173 905; x_wconf 85' lang='lat' dir='ltr'><strong>erubesces</strong></span> <span class='ocrx_word' id='word_1_153' title='bbox 2208 865 2270 904; x_wconf 80' lang='lat' dir='ltr'><strong>ex</strong></span> <span class='ocrx_word' id='word_1_154' title='bbox 2314 850 2565 904; x_wconf 86' lang='lat' dir='ltr'><strong>omnibus</strong></span> <span class='ocrx_word' id='word_1_155' title='bbox 2603 849 2795 904; x_wconf 88' lang='lat' dir='ltr'><strong>studiis</strong></span> <span class='ocrx_word' id='word_1_156' title='bbox 2839 851 2971 914; x_wconf 90' lang='lat' dir='ltr'><strong>tuis,</strong></span> <span class='ocrx_word' id='word_1_157' title='bbox 3005 854 3197 921; x_wconf 84' lang='lat' dir='ltr'><strong>quibus</strong></span> <span class='ocrx_word' id='word_1_158' title='bbox 3240 856 3402 922; x_wconf 81' lang='lat' dir='ltr'><strong>impie</strong></span> 
     </span>
    </p>
   </div>
   <div class='ocr_carea' id='block_1_22' title="bbox 1888 940 3400 1014">
    <p class='ocr_par' dir='ltr' id='par_1_22' title="bbox 1888 940 3400 1014">
     <span class='ocr_line' id='line_1_22' title="bbox 1888 940 3400 1014; baseline 0.001 -19"><span class='ocrx_word' id='word_1_159' title='bbox 1888 941 2039 1010; x_wconf 91' lang='lat' dir='ltr'><strong>egisti</strong></span> <span class='ocrx_word' id='word_1_160' title='bbox 2068 941 2345 995; x_wconf 90' lang='lat' dir='ltr'><strong>adversum</strong></span> <span class='ocrx_word' id='word_1_161' title='bbox 2375 956 2492 1006; x_wconf 88' lang='lat' dir='ltr'><strong>me;</strong></span> <span class='ocrx_word' id='word_1_162' title='bbox 2524 941 2649 1010; x_wconf 86' lang='lat' dir='ltr'><strong>quia</strong></span> <span class='ocrx_word' id='word_1_163' title='bbox 2681 946 2806 993; x_wconf 90' lang='lat' dir='ltr'><strong>tunc</strong></span> <span class='ocrx_word' id='word_1_164' title='bbox 2852 940 3084 994; x_wconf 87' lang='lat' dir='ltr'><strong>auferam</strong></span> <span class='ocrx_word' id='word_1_165' title='bbox 3126 952 3234 999; x_wconf 89' lang='lat' dir='ltr'><strong>ate</strong></span> <span class='ocrx_word' id='word_1_166' title='bbox 3275 960 3400 1014; x_wconf 85' lang='lat' dir='ltr'><strong>pro-</strong></span> 
     </span>
    </p>
   </div>
   <div class='ocr_carea' id='block_1_23' title="bbox 1889 1029 3401 1104">
    <p class='ocr_par' dir='ltr' id='par_1_23' title="bbox 1889 1029 3401 1104">
     <span class='ocr_line' id='line_1_23' title="bbox 1889 1029 3401 1104; baseline 0.004 -21"><span class='ocrx_word' id='word_1_167' title='bbox 1889 1031 1982 1083; x_wconf 90' lang='lat' dir='ltr'><strong>bra</strong></span> <span class='ocrx_word' id='word_1_168' title='bbox 2011 1031 2346 1085; x_wconf 73' lang='lat' dir='ltr'><strong>contumelia:</strong></span> <span class='ocrx_word' id='word_1_169' title='bbox 2373 1039 2476 1084; x_wconf 66' lang='lat' dir='ltr'><strong>tum</strong></span> <span class='ocrx_word' id='word_1_170' title='bbox 2495 1071 2509 1092; x_wconf 91' lang='lat'><strong>,</strong></span> <span class='ocrx_word' id='word_1_171' title='bbox 2540 1040 2594 1084; x_wconf 88' lang='lat' dir='ltr'><strong>et</strong></span> <span class='ocrx_word' id='word_1_172' title='bbox 2622 1046 2726 1085; x_wconf 90' lang='lat' dir='ltr'><strong>non</strong></span> <span class='ocrx_word' id='word_1_173' title='bbox 2757 1032 2897 1084; x_wconf 89' lang='lat' dir='ltr'><strong>ultra</strong></span> <span class='ocrx_word' id='word_1_174' title='bbox 2935 1029 3154 1100; x_wconf 83' lang='lat' dir='ltr'><strong>adjicies</strong></span> <span class='ocrx_word' id='word_1_175' title='bbox 3183 1036 3401 1104; x_wconf 86' lang='lat' dir='ltr'><strong>gloriari</strong></span> 
     </span>
    </p>
   </div>
   <div class='ocr_carea' id='block_1_24' title="bbox 1889 1120 3402 1192">
    <p class='ocr_par' dir='ltr' id='par_1_24' title="bbox 1889 1120 3402 1192">
     <span class='ocr_line' id='line_1_24' title="bbox 1889 1120 3402 1192; baseline 0.003 -19"><span class='ocrx_word' id='word_1_176' title='bbox 1889 1133 2051 1188; x_wconf 84' lang='lat' dir='ltr'><strong>super</strong></span> <span class='ocrx_word' id='word_1_177' title='bbox 2075 1126 2252 1174; x_wconf 88' lang='lat' dir='ltr'><strong>monte</strong></span> <span class='ocrx_word' id='word_1_178' title='bbox 2279 1127 2471 1183; x_wconf 30' lang='lat' dir='ltr'><strong>sancto.</strong></span> <span class='ocrx_word' id='word_1_179' title='bbox 2495 1134 2648 1182; x_wconf 90' lang='lat' dir='ltr'><strong>meo,</strong></span> <span class='ocrx_word' id='word_1_180' title='bbox 2689 1127 2741 1173; x_wconf 91' lang='lat' dir='ltr'><strong>et</strong></span> <span class='ocrx_word' id='word_1_181' title='bbox 2783 1120 3078 1188; x_wconf 83' lang='lat' dir='ltr'><strong>relinquam</strong></span> <span class='ocrx_word' id='word_1_182' title='bbox 3117 1121 3172 1175; x_wconf 88' lang='lat' dir='ltr'><strong>in</strong></span> <span class='ocrx_word' id='word_1_183' title='bbox 3211 1130 3264 1177; x_wconf 91' lang='lat' dir='ltr'><strong>te</strong></span> <span class='ocrx_word' id='word_1_184' title='bbox 3301 1139 3402 1192; x_wconf 84' lang='lat' dir='ltr'><strong>po-</strong></span> 
     </span>
    </p>
   </div>
   <div class='ocr_carea' id='block_1_25' title="bbox 1889 1207 3404 1276">
    <p class='ocr_par' dir='ltr' id='par_1_25' title="bbox 1889 1207 3404 1276">
     <span class='ocr_line' id='line_1_25' title="bbox 1889 1207 3404 1276; baseline 0.005 -16"><span class='ocrx_word' id='word_1_185' title='bbox 1889 1209 2067 1276; x_wconf 72' lang='lat' dir='ltr'><strong>pulum</strong></span> <span class='ocrx_word' id='word_1_186' title='bbox 2125 1216 2460 1262; x_wconf 85' lang='lat' dir='ltr'><strong>mansuetum</strong></span> <span class='ocrx_word' id='word_1_187' title='bbox 2514 1215 2568 1262; x_wconf 91' lang='lat' dir='ltr'><strong>et</strong></span> <span class='ocrx_word' id='word_1_188' title='bbox 2617 1207 2902 1272; x_wconf 85' lang='lat' dir='ltr'><strong>humilem,</strong></span> <span class='ocrx_word' id='word_1_189' title='bbox 2941 1215 2994 1263; x_wconf 88' lang='lat' dir='ltr'><strong>et</strong></span> <span class='ocrx_word' id='word_1_190' title='bbox 3040 1209 3305 1264; x_wconf 87' lang='lat' dir='ltr'><strong>cavebuut</strong></span> <span class='ocrx_word' id='word_1_191' title='bbox 3345 1212 3404 1267; x_wconf 85' lang='lat' dir='ltr'><strong>in</strong></span> 
     </span>
    </p>
   </div>
   <div class='ocr_carea' id='block_1_26' title="bbox 1889 1296 3404 1365">
    <p class='ocr_par' dir='ltr' id='par_1_26' title="bbox 1889 1296 3404 1365">
     <span class='ocr_line' id='line_1_26' title="bbox 1889 1296 3404 1365; baseline 0.003 -15"><span class='ocrx_word' id='word_1_192' title='bbox 1889 1299 2105 1351; x_wconf 86' lang='lat' dir='ltr'><strong>nomine</strong></span> <span class='ocrx_word' id='word_1_193' title='bbox 2149 1296 2397 1358; x_wconf 89' lang='lat' dir='ltr'><strong>Domini,</strong></span> <span class='ocrx_word' id='word_1_194' title='bbox 2439 1298 2529 1356; x_wconf 84' lang='lat' dir='ltr'><strong>qui</strong></span> <span class='ocrx_word' id='word_1_195' title='bbox 2573 1297 2764 1365; x_wconf 89' lang='lat' dir='ltr'><strong>reliqui</strong></span> <span class='ocrx_word' id='word_1_196' title='bbox 2809 1298 3004 1351; x_wconf 77' lang='lat' dir='ltr'><strong>fuerint</strong></span> <span class='ocrx_word' id='word_1_197' title='bbox 3030 1314 3092 1353; x_wconf 80' lang='lat' dir='ltr'><strong>ex</strong></span> <span class='ocrx_word' id='word_1_198' title='bbox 3124 1298 3322 1365; x_wconf 91' lang='lat' dir='ltr'><strong>Israel,</strong></span> <span class='ocrx_word' id='word_1_199' title='bbox 3349 1311 3404 1355; x_wconf 86' lang='lat' dir='ltr'><strong>et</strong></span> 
     </span>
    </p>
   </div>
   <div class='ocr_carea' id='block_1_27' title="bbox 1888 1387 3404 1456">
    <p class='ocr_par' dir='ltr' id='par_1_27' title="bbox 1888 1387 3404 1456">
     <span class='ocr_line' id='line_1_27' title="bbox 1888 1387 3404 1456; baseline 0.003 -16"><span class='ocrx_word' id='word_1_200' title='bbox 1888 1403 1992 1442; x_wconf 87' lang='lat' dir='ltr'><strong>non</strong></span> <span class='ocrx_word' id='word_1_201' title='bbox 2020 1387 2216 1441; x_wconf 82' lang='lat' dir='ltr'><strong>facient</strong></span> <span class='ocrx_word' id='word_1_202' title='bbox 2245 1387 2584 1456; x_wconf 88' lang='lat' dir='ltr'><strong>injustitiam,</strong></span> <span class='ocrx_word' id='word_1_203' title='bbox 2617 1395 2671 1440; x_wconf 83' lang='lat' dir='ltr'><strong>et</strong></span> <span class='ocrx_word' id='word_1_204' title='bbox 2702 1403 2805 1441; x_wconf 86' lang='lat' dir='ltr'><strong>non</strong></span> <span class='ocrx_word' id='word_1_205' title='bbox 2838 1388 3121 1456; x_wconf 81' lang='lat' dir='ltr'><strong>loquentur</strong></span> <span class='ocrx_word' id='word_1_206' title='bbox 3149 1405 3284 1443; x_wconf 87' lang='lat' dir='ltr'><strong>vana</strong></span> <span class='ocrx_word' id='word_1_207' title='bbox 3305 1429 3323 1453; x_wconf 94' lang='lat'><strong>,</strong></span> <span class='ocrx_word' id='word_1_208' title='bbox 3350 1397 3404 1445; x_wconf 87' lang='lat' dir='ltr'><strong>et</strong></span> 
     </span>
    </p>
   </div>
   <div class='ocr_carea' id='block_1_28' title="bbox 1886 1477 3404 1550">
    <p class='ocr_par' dir='ltr' id='par_1_28' title="bbox 1886 1477 3404 1550">
     <span class='ocr_line' id='line_1_28' title="bbox 1886 1477 3404 1550; baseline 0.002 -19"><span class='ocrx_word' id='word_1_209' title='bbox 1886 1492 1994 1531; x_wconf 84' lang='lat' dir='ltr'><strong>non</strong></span> <span class='ocrx_word' id='word_1_210' title='bbox 2026 1478 2325 1531; x_wconf 85' lang='lat' dir='ltr'><strong>invenietur</strong></span> <span class='ocrx_word' id='word_1_211' title='bbox 2352 1477 2408 1529; x_wconf 91' lang='lat' dir='ltr'><strong>in</strong></span> <span class='ocrx_word' id='word_1_212' title='bbox 2432 1493 2524 1531; x_wconf 89' lang='lat' dir='ltr'><strong>ore</strong></span> <span class='ocrx_word' id='word_1_213' title='bbox 2559 1493 2743 1531; x_wconf 80' lang='lat' dir='ltr'><strong>eorum</strong></span> <span class='ocrx_word' id='word_1_214' title='bbox 2786 1478 2963 1548; x_wconf 85' lang='lat' dir='ltr'><strong>lingua</strong></span> <span class='ocrx_word' id='word_1_215' title='bbox 3003 1479 3227 1546; x_wconf 85' lang='lat' dir='ltr'><strong>dolosa;</strong></span> <span class='ocrx_word' id='word_1_216' title='bbox 3270 1494 3404 1550; x_wconf 88' lang='lat' dir='ltr'><strong>quo-</strong></span> 
     </span>
    </p>
   </div>
   <div class='ocr_carea' id='block_1_29' title="bbox 1887 1566 3404 1640">
    <p class='ocr_par' dir='ltr' id='par_1_29' title="bbox 1887 1566 3404 1640">
     <span class='ocr_line' id='line_1_29' title="bbox 1887 1566 3404 1640; baseline 0.003 -20"><span class='ocrx_word' id='word_1_217' title='bbox 1887 1566 2030 1620; x_wconf 82' lang='lat' dir='ltr'><strong>niam</strong></span> <span class='ocrx_word' id='word_1_218' title='bbox 2065 1566 2165 1635; x_wconf 91' lang='lat' dir='ltr'><strong>ipsi</strong></span> <span class='ocrx_word' id='word_1_219' title='bbox 2201 1574 2486 1636; x_wconf 83' lang='lat' dir='ltr'><strong>pascentur</strong></span> <span class='ocrx_word' id='word_1_220' title='bbox 2512 1576 2566 1621; x_wconf 89' lang='lat' dir='ltr'><strong>et</strong></span> <span class='ocrx_word' id='word_1_221' title='bbox 2598 1568 2902 1632; x_wconf 85' lang='lat' dir='ltr'><strong>eubabunt,</strong></span> <span class='ocrx_word' id='word_1_222' title='bbox 2943 1576 2996 1623; x_wconf 84' lang='lat' dir='ltr'><strong>et</strong></span> <span class='ocrx_word' id='word_1_223' title='bbox 3031 1583 3136 1623; x_wconf 88' lang='lat' dir='ltr'><strong>non</strong></span> <span class='ocrx_word' id='word_1_224' title='bbox 3171 1569 3274 1624; x_wconf 89' lang='lat' dir='ltr'><strong>erit</strong></span> <span class='ocrx_word' id='word_1_225' title='bbox 3310 1570 3404 1640; x_wconf 88' lang='lat' dir='ltr'><strong>qui</strong></span> 
     </span>
    </p>
   </div>
   <div class='ocr_carea' id='block_1_30' title="bbox 1887 1655 3402 1724">
    <p class='ocr_par' dir='ltr' id='par_1_30' title="bbox 1887 1655 3402 1724">
     <span class='ocr_line' id='line_1_30' title="bbox 1887 1655 3402 1724; baseline 0.002 -15"><span class='ocrx_word' id='word_1_226' title='bbox 1887 1660 2152 1709; x_wconf 79' lang='lat' dir='ltr'><strong>exterreat</strong></span> <span class='ocrx_word' id='word_1_227' title='bbox 2179 1670 2271 1709; x_wconf 91' lang='lat' dir='ltr'><strong>eos</strong></span> <span class='ocrx_word' id='word_1_228' title='bbox 2299 1656 2364 1710; x_wconf 78' lang='grc' dir='ltr'><strong>⁸ο.</strong></span> <span class='ocrx_word' id='word_1_229' title='bbox 2398 1675 2415 1706; x_wconf 75' lang='grc' dir='ltr'><strong>ι</strong></span> <span class='ocrx_word' id='word_1_230' title='bbox 2442 1655 2550 1724; x_wconf 74' lang='lat'><strong>83</strong></span> <span class='ocrx_word' id='word_1_231' title='bbox 2577 1655 2633 1708; x_wconf 92' lang='lat' dir='ltr'><strong>In</strong></span> <span class='ocrx_word' id='word_1_232' title='bbox 2679 1657 2764 1711; x_wconf 86' lang='lat' dir='ltr'><strong>his</strong></span> <span class='ocrx_word' id='word_1_233' title='bbox 2795 1659 2919 1710; x_wconf 90' lang='lat' dir='ltr'><strong>item</strong></span> <span class='ocrx_word' id='word_1_234' title='bbox 2957 1658 3262 1712; x_wconf 89' lang='lat' dir='ltr'><strong>relicturum</strong></span> <span class='ocrx_word' id='word_1_235' title='bbox 3302 1659 3402 1713; x_wconf 85' lang='lat' dir='ltr'><strong>sibi</strong></span> 
     </span>
    </p>
   </div>
   <div class='ocr_carea' id='block_1_31' title="bbox 1889 1743 3404 1816">
    <p class='ocr_par' dir='ltr' id='par_1_31' title="bbox 1889 1743 3404 1816">
     <span class='ocr_line' id='line_1_31' title="bbox 1889 1743 3404 1816; baseline 0.005 -22"><span class='ocrx_word' id='word_1_236' title='bbox 1889 1743 2138 1810; x_wconf 84' lang='lat' dir='ltr'><strong>populum</strong></span> <span class='ocrx_word' id='word_1_237' title='bbox 2157 1751 2486 1796; x_wconf 88' lang='lat' dir='ltr'><strong>mansuetum</strong></span> <span class='ocrx_word' id='word_1_238' title='bbox 2512 1752 2565 1796; x_wconf 91' lang='lat' dir='ltr'><strong>et</strong></span> <span class='ocrx_word' id='word_1_239' title='bbox 2591 1745 2838 1798; x_wconf 88' lang='lat' dir='ltr'><strong>humilem</strong></span> <span class='ocrx_word' id='word_1_240' title='bbox 2862 1744 3112 1802; x_wconf 90' lang='lat' dir='ltr'><strong>Dominus</strong></span> <span class='ocrx_word' id='word_1_241' title='bbox 3138 1747 3404 1816; x_wconf 70' lang='lat' dir='ltr'><strong>pollicitus</strong></span> 
     </span>
    </p>
   </div>
   <div class='ocr_carea' id='block_1_32' title="bbox 1888 1833 3402 1908">
    <p class='ocr_par' dir='ltr' id='par_1_32' title="bbox 1888 1833 3402 1908">
     <span class='ocr_line' id='line_1_32' title="bbox 1888 1833 3402 1908; baseline 0.004 -22"><span class='ocrx_word' id='word_1_242' title='bbox 1888 1839 1968 1886; x_wconf 81' lang='lat' dir='ltr'><strong>est</strong></span> <span class='ocrx_word' id='word_1_243' title='bbox 1988 1871 2002 1894; x_wconf 92' lang='lat'><strong>,</strong></span> <span class='ocrx_word' id='word_1_244' title='bbox 2034 1848 2136 1885; x_wconf 92' lang='lat' dir='ltr'><strong>non</strong></span> <span class='ocrx_word' id='word_1_245' title='bbox 2169 1833 2328 1886; x_wconf 90' lang='lat' dir='ltr'><strong>alium</strong></span> <span class='ocrx_word' id='word_1_246' title='bbox 2362 1837 2545 1903; x_wconf 89' lang='lat' dir='ltr'><strong>utique</strong></span> <span class='ocrx_word' id='word_1_247' title='bbox 2573 1835 2881 1905; x_wconf 85' lang='lat' dir='ltr'><strong>signiﬁcans</strong></span> <span class='ocrx_word' id='word_1_248' title='bbox 2901 1876 2915 1899; x_wconf 92' lang='lat'><strong>,</strong></span> <span class='ocrx_word' id='word_1_249' title='bbox 2943 1851 3104 1905; x_wconf 87' lang='lat' dir='ltr'><strong>quam</strong></span> <span class='ocrx_word' id='word_1_250' title='bbox 3127 1851 3247 1892; x_wconf 91' lang='lat' dir='ltr'><strong>eum</strong></span> <span class='ocrx_word' id='word_1_251' title='bbox 3269 1876 3285 1902; x_wconf 95' lang='lat'><strong>,</strong></span> <span class='ocrx_word' id='word_1_252' title='bbox 3312 1841 3402 1908; x_wconf 87' lang='lat' dir='ltr'><strong>qui</strong></span> 
     </span>
    </p>
   </div>
   <div class='ocr_carea' id='block_1_33' title="bbox 171 1910 1785 1994">
    <p class='ocr_par' dir='ltr' id='par_1_33' title="bbox 171 1919 1785 1992">
     <span class='ocr_line' id='line_1_33' title="bbox 171 1919 1785 1992; baseline -0.006 -13"><span class='ocrx_word' id='word_1_253' title='bbox 171 1939 323 1983; x_wconf 59' lang='lat' dir='ltr'><strong>unt,</strong></span> <span class='ocrx_word' id='word_1_254' title='bbox 355 1924 459 1976; x_wconf 77' lang='grc' dir='ltr'>οὐκ</span> <span class='ocrx_word' id='word_1_255' title='bbox 506 1922 679 1974; x_wconf 70' lang='grc' dir='ltr'>ἄλλον</span> <span class='ocrx_word' id='word_1_256' title='bbox 729 1922 925 1992; x_wconf 90' lang='grc' dir='ltr'>δηλῶν,</span> <span class='ocrx_word' id='word_1_257' title='bbox 961 1922 994 1992; x_wconf 82' lang='grc' dir='ltr'><strong>ή</strong></span> <span class='ocrx_word' id='word_1_258' title='bbox 1038 1921 1126 1972; x_wconf 81' lang='grc' dir='ltr'>τὸν</span> <span class='ocrx_word' id='word_1_259' title='bbox 1165 1923 1228 1973; x_wconf 82' lang='grc' dir='ltr'>ὲκ</span> <span class='ocrx_word' id='word_1_260' title='bbox 1268 1919 1558 1990; x_wconf 81' lang='grc' dir='ltr'>περιτομῆς</span> <span class='ocrx_word' id='word_1_261' title='bbox 1591 1920 1670 1981; x_wconf 88' lang='grc' dir='ltr'><strong>είς</strong></span> <span class='ocrx_word' id='word_1_262' title='bbox 1702 1920 1785 1970; x_wconf 84' lang='grc' dir='ltr'>τὸν</span> 
     </span>
    </p>
   </div>
   <div class='ocr_carea' id='block_1_34' title="bbox 1882 1910 3402 1994">
    <p class='ocr_par' dir='ltr' id='par_1_34' title="bbox 1888 1919 3402 1994">
     <span class='ocr_line' id='line_1_34' title="bbox 1888 1919 3402 1994; baseline 0.007 -22"><span class='ocrx_word' id='word_1_263' title='bbox 1888 1919 1953 1974; x_wconf 88' lang='lat' dir='ltr'><strong>de</strong></span> <span class='ocrx_word' id='word_1_264' title='bbox 1979 1921 2386 1976; x_wconf 86' lang='lat' dir='ltr'><strong>circumcisione</strong></span> <span class='ocrx_word' id='word_1_265' title='bbox 2413 1923 2464 1976; x_wconf 92' lang='lat' dir='ltr'><strong>in</strong></span> <span class='ocrx_word' id='word_1_266' title='bbox 2493 1923 2767 1978; x_wconf 84' lang='lat' dir='ltr'><strong>Christum</strong></span> <span class='ocrx_word' id='word_1_267' title='bbox 2793 1925 2962 1994; x_wconf 90' lang='lat' dir='ltr'><strong>ipsius</strong></span> <span class='ocrx_word' id='word_1_268' title='bbox 2990 1927 3060 1980; x_wconf 86' lang='lat' dir='ltr'><strong>sit</strong></span> <span class='ocrx_word' id='word_1_269' title='bbox 3081 1927 3402 1983; x_wconf 76' lang='lat' dir='ltr'><strong>crediturus.</strong></span> 
     </span>
    </p>
   </div>
   <div class='ocr_carea' id='block_1_35' title="bbox 193 2010 1789 2082">
    <p class='ocr_par' dir='ltr' id='par_1_35' title="bbox 193 2010 1789 2082">
     <span class='ocr_line' id='line_1_35' title="bbox 193 2010 1789 2082; baseline -0.003 -16"><span class='ocrx_word' id='word_1_270' title='bbox 193 2012 450 2082; x_wconf 60' lang='grc' dir='ltr'>Χριστὸν</span> <span class='ocrx_word' id='word_1_271' title='bbox 479 2012 658 2065; x_wconf 75' lang='grc' dir='ltr'>αὐτοῦ</span> <span class='ocrx_word' id='word_1_272' title='bbox 705 2013 1122 2065; x_wconf 82' lang='grc' dir='ltr'>πεπιστευκότα.</span> <span class='ocrx_word' id='word_1_273' title='bbox 1150 2012 1256 2065; x_wconf 75' lang='grc' dir='ltr'>Καὶ</span> <span class='ocrx_word' id='word_1_274' title='bbox 1287 2010 1442 2064; x_wconf 85' lang='grc' dir='ltr'>πάλιν</span> <span class='ocrx_word' id='word_1_275' title='bbox 1480 2011 1601 2072; x_wconf 81' lang='grc' dir='ltr'>τοὺς</span> <span class='ocrx_word' id='word_1_276' title='bbox 1629 2026 1789 2062; x_wconf 85' lang='grc' dir='ltr'>κατα-</span> 
     </span>
    </p>
   </div>
   <div class='ocr_carea' id='block_1_36' title="bbox 219 2099 1790 2173">
    <p class='ocr_par' dir='ltr' id='par_1_36' title="bbox 219 2099 1790 2173">
     <span class='ocr_line' id='line_1_36' title="bbox 219 2099 1790 2173; baseline -0.004 -18"><span class='ocrx_word' id='word_1_277' title='bbox 219 2105 431 2167; x_wconf 78' lang='grc' dir='ltr'>λοίπους</span> <span class='ocrx_word' id='word_1_278' title='bbox 475 2106 579 2156; x_wconf 81' lang='grc' dir='ltr'>τοῦ</span> <span class='ocrx_word' id='word_1_279' title='bbox 634 2103 857 2173; x_wconf 82' lang='grc' dir='ltr'>Ἰσραὴλ</span> <span class='ocrx_word' id='word_1_280' title='bbox 906 2103 1096 2171; x_wconf 83' lang='grc' dir='ltr'>μόνους</span> <span class='ocrx_word' id='word_1_281' title='bbox 1136 2101 1464 2171; x_wconf 88' lang='grc' dir='ltr'>σωθήσεσθαι</span> <span class='ocrx_word' id='word_1_282' title='bbox 1516 2100 1648 2168; x_wconf 86' lang='grc' dir='ltr'>μετὰ</span> <span class='ocrx_word' id='word_1_283' title='bbox 1689 2099 1790 2165; x_wconf 79' lang='grc' dir='ltr'>τῆς</span> 
     </span>
    </p>
   </div>
   <div class='ocr_carea' id='block_1_37' title="bbox 224 2187 1830 2261">
    <p class='ocr_par' dir='ltr' id='par_1_37' title="bbox 224 2187 1830 2261">
     <span class='ocr_line' id='line_1_37' title="bbox 224 2187 1830 2261; baseline -0.004 -14"><span class='ocrx_word' id='word_1_284' title='bbox 224 2195 326 2247; x_wconf 76' lang='grc' dir='ltr'><strong>τῶν</strong></span> <span class='ocrx_word' id='word_1_285' title='bbox 357 2194 565 2250; x_wconf 81' lang='grc' dir='ltr'>λοιπῶν</span> <span class='ocrx_word' id='word_1_286' title='bbox 595 2193 777 2246; x_wconf 78' lang='grc' dir='ltr'>ἐθνῶν</span> <span class='ocrx_word' id='word_1_287' title='bbox 807 2193 1066 2261; x_wconf 82' lang='grc' dir='ltr'>κλήσεως,</span> <span class='ocrx_word' id='word_1_288' title='bbox 1093 2193 1160 2261; x_wconf 76' lang='grc' dir='ltr'>ἢν</span> <span class='ocrx_word' id='word_1_289' title='bbox 1201 2193 1260 2244; x_wconf 81' lang='grc' dir='ltr'>ὲν</span> <span class='ocrx_word' id='word_1_290' title='bbox 1285 2193 1394 2252; x_wconf 83' lang='grc' dir='ltr'>τοῖς</span> <span class='ocrx_word' id='word_1_291' title='bbox 1437 2187 1663 2258; x_wconf 85' lang='grc' dir='ltr'>πρώτοις</span> <span class='ocrx_word' id='word_1_292' title='bbox 1692 2189 1790 2256; x_wconf 84' lang='grc' dir='ltr'>τῆς</span> <span class='ocrx_word' id='word_1_293' title='bbox 1817 2239 1830 2256; x_wconf 71' lang='grc'><em>,</em></span> 
     </span>
    </p>
   </div>
   <div class='ocr_carea' id='block_1_38' title="bbox 227 2284 917 2354">
    <p class='ocr_par' dir='ltr' id='par_1_38' title="bbox 227 2284 917 2354">
     <span class='ocr_line' id='line_1_38' title="bbox 227 2284 917 2354; baseline -0.003 -19"><span class='ocrx_word' id='word_1_294' title='bbox 227 2285 559 2354; x_wconf 71' lang='grc' dir='ltr'>προφητείας</span> <span class='ocrx_word' id='word_1_295' title='bbox 593 2284 696 2352; x_wconf 68' lang='grc' dir='ltr'>ξσή</span> <span class='ocrx_word' id='word_1_296' title='bbox 708 2299 917 2352; x_wconf 86' lang='grc' dir='ltr'>μαινεν.</span> 
     </span>
    </p>
   </div>
   <div class='ocr_carea' id='block_1_39' title="bbox 612 2391 1407 2459">
    <p class='ocr_par' dir='ltr' id='par_1_39' title="bbox 612 2391 1407 2459">
     <span class='ocr_line' id='line_1_39' title="bbox 612 2391 1407 2459; baseline -0.005 -13"><span class='ocrx_word' id='word_1_297' title='bbox 612 2395 746 2446; x_wconf 79' lang='lat' dir='ltr'><strong>NI&quot;.</strong></span> <span class='ocrx_word' id='word_1_298' title='bbox 791 2392 935 2446; x_wconf 79' lang='grc' dir='ltr'><strong>Ἀπὸ</strong></span> <span class='ocrx_word' id='word_1_299' title='bbox 963 2391 1066 2445; x_wconf 80' lang='grc' dir='ltr'>τοῦ</span> <span class='ocrx_word' id='word_1_300' title='bbox 1097 2391 1407 2459; x_wconf 81' lang='grc' dir='ltr'>Ζαχαρίου.</span> 
     </span>
    </p>
   </div>
   <div class='ocr_carea' id='block_1_40' title="bbox 298 2476 1788 2551">
    <p class='ocr_par' dir='ltr' id='par_1_40' title="bbox 298 2476 1788 2551">
     <span class='ocr_line' id='line_1_40' title="bbox 298 2476 1788 2551; baseline -0.003 -18"><span class='ocrx_word' id='word_1_301' title='bbox 298 2502 314 2533; x_wconf 82' lang='grc' dir='ltr'><strong>ι</strong></span> <span class='ocrx_word' id='word_1_302' title='bbox 351 2482 484 2535; x_wconf 78' lang='grc' dir='ltr'>Ἰδοὺ</span> <span class='ocrx_word' id='word_1_303' title='bbox 522 2481 724 2551; x_wconf 79' lang='grc' dir='ltr'>ἡμέρα</span> <span class='ocrx_word' id='word_1_304' title='bbox 764 2479 979 2549; x_wconf 80' lang='grc' dir='ltr'>ἔρχεται</span> <span class='ocrx_word' id='word_1_305' title='bbox 1007 2481 1064 2532; x_wconf 83' lang='grc' dir='ltr'>ὲν</span> <span class='ocrx_word' id='word_1_306' title='bbox 1089 2480 1188 2541; x_wconf 77' lang='grc' dir='ltr'>σοὶ,</span> <span class='ocrx_word' id='word_1_307' title='bbox 1211 2479 1302 2531; x_wconf 75' lang='grc' dir='ltr'>καὶ</span> <span class='ocrx_word' id='word_1_308' title='bbox 1330 2476 1788 2548; x_wconf 81' lang='grc' dir='ltr'>διαμερισθήσεται</span> 
     </span>
    </p>
   </div>
   <div class='ocr_carea' id='block_1_41' title="bbox 222 2564 1786 2632">
    <p class='ocr_par' dir='ltr' id='par_1_41' title="bbox 222 2564 1786 2632">
     <span class='ocr_line' id='line_1_41' title="bbox 222 2564 1786 2632; baseline -0.002 -11"><span class='ocrx_word' id='word_1_309' title='bbox 222 2570 292 2621; x_wconf 65' lang='grc' dir='ltr'>τὶ</span> <span class='ocrx_word' id='word_1_310' title='bbox 317 2569 485 2622; x_wconf 71' lang='grc' dir='ltr'>σκῦλά</span> <span class='ocrx_word' id='word_1_311' title='bbox 519 2585 625 2621; x_wconf 87' lang='grc' dir='ltr'><strong>σου</strong></span> <span class='ocrx_word' id='word_1_312' title='bbox 662 2570 725 2619; x_wconf 80' lang='grc' dir='ltr'>ὲν</span> <span class='ocrx_word' id='word_1_313' title='bbox 763 2569 846 2620; x_wconf 88' lang='grc' dir='ltr'><strong>σοί</strong></span> <span class='ocrx_word' id='word_1_314' title='bbox 869 2585 883 2598; x_wconf 80' lang='grc'><em>”</em></span> <span class='ocrx_word' id='word_1_315' title='bbox 915 2569 1007 2620; x_wconf 73' lang='grc' dir='ltr'><strong>καὶ</strong></span> <span class='ocrx_word' id='word_1_316' title='bbox 1040 2565 1340 2629; x_wconf 81' lang='grc' dir='ltr'>ὲπισυνάξω</span> <span class='ocrx_word' id='word_1_317' title='bbox 1374 2567 1544 2618; x_wconf 83' lang='grc' dir='ltr'>πάντα</span> <span class='ocrx_word' id='word_1_318' title='bbox 1571 2565 1637 2616; x_wconf 82' lang='grc' dir='ltr'><strong>τὰ</strong></span> <span class='ocrx_word' id='word_1_319' title='bbox 1663 2564 1786 2632; x_wconf 83' lang='grc' dir='ltr'>ἔθνη</span> 
     </span>
    </p>
   </div>
   <div class='ocr_carea' id='block_1_42' title="bbox 224 2652 1783 2729">
    <p class='ocr_par' dir='ltr' id='par_1_42' title="bbox 224 2652 1783 2729">
     <span class='ocr_line' id='line_1_42' title="bbox 224 2652 1783 2729; baseline -0.004 -20"><span class='ocrx_word' id='word_1_320' title='bbox 224 2660 312 2710; x_wconf 72' lang='grc' dir='ltr'><strong>ἐπὶ</strong></span> <span class='ocrx_word' id='word_1_321' title='bbox 347 2657 719 2729; x_wconf 78' lang='grc' dir='ltr'>Ἰερουσαλὴμ</span> <span class='ocrx_word' id='word_1_322' title='bbox 742 2659 823 2720; x_wconf 85' lang='grc' dir='ltr'><strong>είς</strong></span> <span class='ocrx_word' id='word_1_323' title='bbox 859 2657 1110 2725; x_wconf 88' lang='grc' dir='ltr'>πόλεμον,</span> <span class='ocrx_word' id='word_1_324' title='bbox 1139 2655 1231 2707; x_wconf 74' lang='grc' dir='ltr'>καὶ</span> <span class='ocrx_word' id='word_1_325' title='bbox 1262 2652 1520 2706; x_wconf 84' lang='grc' dir='ltr'>ἁλώσεται</span> <span class='ocrx_word' id='word_1_326' title='bbox 1546 2654 1579 2722; x_wconf 85' lang='grc' dir='ltr'><strong>ή</strong></span> <span class='ocrx_word' id='word_1_327' title='bbox 1615 2652 1783 2714; x_wconf 80' lang='grc' dir='ltr'>πόλις,</span> 
     </span>
    </p>
   </div>
   <div class='ocr_carea' id='block_1_43' title="bbox 225 2742 1785 2818">
    <p class='ocr_par' dir='ltr' id='par_1_43' title="bbox 225 2742 1785 2818">
     <span class='ocr_line' id='line_1_43' title="bbox 225 2742 1785 2818; baseline -0.004 -20"><span class='ocrx_word' id='word_1_328' title='bbox 225 2748 316 2798; x_wconf 66' lang='grc' dir='ltr'>καὶ</span> <span class='ocrx_word' id='word_1_329' title='bbox 343 2748 829 2818; x_wconf 83' lang='grc' dir='ltr'>διαρπαγήσονται</span> <span class='ocrx_word' id='word_1_330' title='bbox 866 2744 1052 2806; x_wconf 86' lang='grc' dir='ltr'>οίκίαι,</span> <span class='ocrx_word' id='word_1_331' title='bbox 1098 2744 1190 2795; x_wconf 72' lang='grc' dir='ltr'>καὶ</span> <span class='ocrx_word' id='word_1_332' title='bbox 1221 2745 1272 2795; x_wconf 86' lang='grc' dir='ltr'><strong>αί</strong></span> <span class='ocrx_word' id='word_1_333' title='bbox 1310 2745 1560 2810; x_wconf 85' lang='grc' dir='ltr'>γυναῖκες</span> <span class='ocrx_word' id='word_1_334' title='bbox 1599 2742 1785 2810; x_wconf 89' lang='grc' dir='ltr'>μολυν-</span> 
     </span>
    </p>
   </div>
   <div class='ocr_carea' id='block_1_44' title="bbox 228 2830 1786 2904">
    <p class='ocr_par' dir='ltr' id='par_1_44' title="bbox 228 2830 1786 2904">
     <span class='ocr_line' id='line_1_44' title="bbox 228 2830 1786 2904; baseline -0.004 -17"><span class='ocrx_word' id='word_1_335' title='bbox 228 2834 492 2904; x_wconf 77' lang='grc' dir='ltr'>θήσονται,</span> <span class='ocrx_word' id='word_1_336' title='bbox 546 2836 648 2888; x_wconf 74' lang='grc' dir='ltr'><strong>καὶ</strong></span> <span class='ocrx_word' id='word_1_337' title='bbox 687 2831 1027 2899; x_wconf 79' lang='grc' dir='ltr'>ἐξελεύσεται</span> <span class='ocrx_word' id='word_1_338' title='bbox 1057 2832 1118 2883; x_wconf 78' lang='grc' dir='ltr'>τὸ</span> <span class='ocrx_word' id='word_1_339' title='bbox 1157 2832 1321 2900; x_wconf 80' lang='grc' dir='ltr'>ήμισυ</span> <span class='ocrx_word' id='word_1_340' title='bbox 1363 2831 1462 2900; x_wconf 80' lang='grc' dir='ltr'>τῆς</span> <span class='ocrx_word' id='word_1_341' title='bbox 1502 2830 1699 2892; x_wconf 84' lang='grc' dir='ltr'>πόλεως</span> <span class='ocrx_word' id='word_1_342' title='bbox 1730 2831 1786 2880; x_wconf 81' lang='grc' dir='ltr'>ἐν</span> 
     </span>
    </p>
   </div>
   <div class='ocr_carea' id='block_1_45' title="bbox 230 2918 1786 2996">
    <p class='ocr_par' dir='ltr' id='par_1_45' title="bbox 230 2918 1786 2996">
     <span class='ocr_line' id='line_1_45' title="bbox 230 2918 1786 2996; baseline -0.006 -17"><span class='ocrx_word' id='word_1_343' title='bbox 230 2925 588 2996; x_wconf 68' lang='grc' dir='ltr'><strong>αἰχμαλωσίᾳ·</strong></span> <span class='ocrx_word' id='word_1_344' title='bbox 634 2925 690 2976; x_wconf 90' lang='grc' dir='ltr'>οἱ</span> <span class='ocrx_word' id='word_1_345' title='bbox 732 2923 792 2975; x_wconf 80' lang='grc' dir='ltr'>δὲ</span> <span class='ocrx_word' id='word_1_346' title='bbox 837 2921 1146 2974; x_wconf 77' lang='grc' dir='ltr'>κατάλοιποι</span> <span class='ocrx_word' id='word_1_347' title='bbox 1193 2920 1286 2973; x_wconf 82' lang='grc' dir='ltr'>τοῦ</span> <span class='ocrx_word' id='word_1_348' title='bbox 1329 2920 1454 2972; x_wconf 83' lang='grc' dir='ltr'>λαοῦ</span> <span class='ocrx_word' id='word_1_349' title='bbox 1491 2937 1588 2989; x_wconf 88' lang='grc' dir='ltr'><strong>μου</strong></span> <span class='ocrx_word' id='word_1_350' title='bbox 1617 2919 1676 2971; x_wconf 86' lang='grc' dir='ltr'><strong>ού</strong></span> <span class='ocrx_word' id='word_1_351' title='bbox 1715 2918 1786 2989; x_wconf 82' lang='grc' dir='ltr'><strong>μή</strong></span> 
     </span>
    </p>
   </div>
   <div class='ocr_carea' id='block_1_46' title="bbox 232 3008 1786 3084">
    <p class='ocr_par' dir='ltr' id='par_1_46' title="bbox 232 3008 1786 3084">
     <span class='ocr_line' id='line_1_46' title="bbox 232 3008 1786 3084; baseline -0.004 -18"><span class='ocrx_word' id='word_1_352' title='bbox 232 3014 777 3084; x_wconf 74' lang='grc' dir='ltr'>ὲξολοθρευθήσονται</span> <span class='ocrx_word' id='word_1_353' title='bbox 823 3015 887 3065; x_wconf 84' lang='grc' dir='ltr'>ὲκ</span> <span class='ocrx_word' id='word_1_354' title='bbox 926 3012 1026 3080; x_wconf 82' lang='grc' dir='ltr'>τῆς</span> <span class='ocrx_word' id='word_1_355' title='bbox 1075 3011 1299 3072; x_wconf 81' lang='grc' dir='ltr'>πόλεως.</span> <span class='ocrx_word' id='word_1_356' title='bbox 1357 3029 1375 3060; x_wconf 75' lang='grc' dir='ltr'><strong>ι</strong></span> <span class='ocrx_word' id='word_1_357' title='bbox 1426 3008 1644 3078; x_wconf 83' lang='grc' dir='ltr'>Συνᾲδει</span> <span class='ocrx_word' id='word_1_358' title='bbox 1696 3009 1786 3060; x_wconf 85' lang='grc' dir='ltr'>καὶ</span> 
     </span>
    </p>
   </div>
   <div class='ocr_carea' id='block_1_47' title="bbox 232 3095 1786 3171">
    <p class='ocr_par' dir='ltr' id='par_1_47' title="bbox 232 3095 1786 3171">
     <span class='ocr_line' id='line_1_47' title="bbox 232 3095 1786 3171; baseline -0.005 -17"><span class='ocrx_word' id='word_1_359' title='bbox 232 3103 392 3154; x_wconf 76' lang='grc' dir='ltr'>ταῦτα</span> <span class='ocrx_word' id='word_1_360' title='bbox 416 3104 524 3164; x_wconf 85' lang='grc' dir='ltr'>τοῖς</span> <span class='ocrx_word' id='word_1_361' title='bbox 554 3099 1002 3171; x_wconf 78' lang='grc' dir='ltr'>προτεθειμένοις</span> <span class='ocrx_word' id='word_1_362' title='bbox 1029 3098 1118 3150; x_wconf 72' lang='grc' dir='ltr'><strong>ἐπὶ</strong></span> <span class='ocrx_word' id='word_1_363' title='bbox 1143 3098 1219 3167; x_wconf 83' lang='grc' dir='ltr'>τῷ</span> <span class='ocrx_word' id='word_1_364' title='bbox 1240 3096 1439 3166; x_wconf 84' lang='grc' dir='ltr'>ὀλέθρῳ</span> <span class='ocrx_word' id='word_1_365' title='bbox 1469 3095 1560 3148; x_wconf 82' lang='grc' dir='ltr'>τοῦ</span> <span class='ocrx_word' id='word_1_366' title='bbox 1593 3095 1786 3158; x_wconf 77' lang='grc' dir='ltr'>παντὸς</span> 
     </span>
    </p>
   </div>
   <div class='ocr_carea' id='block_1_48' title="bbox 249 3184 1852 3265">
    <p class='ocr_par' dir='ltr' id='par_1_48' title="bbox 249 3184 1852 3265">
     <span class='ocr_line' id='line_1_48' title="bbox 249 3184 1852 3265; baseline -0.004 -23"><span class='ocrx_word' id='word_1_367' title='bbox 249 3191 494 3243; x_wconf 77' lang='grc' dir='ltr'>Ἰουδαίων</span> <span class='ocrx_word' id='word_1_368' title='bbox 537 3191 754 3251; x_wconf 75' lang='grc' dir='ltr'>ἔθνους,</span> <span class='ocrx_word' id='word_1_369' title='bbox 799 3187 1105 3257; x_wconf 83' lang='grc' dir='ltr'>μετελθόντι</span> <span class='ocrx_word' id='word_1_370' title='bbox 1143 3187 1336 3249; x_wconf 77' lang='grc' dir='ltr'>αὐτοὺς</span> <span class='ocrx_word' id='word_1_371' title='bbox 1385 3185 1518 3265; x_wconf 71' lang='grc' dir='ltr'>μετὰ</span> <span class='ocrx_word' id='word_1_372' title='bbox 1556 3186 1651 3254; x_wconf 81' lang='grc' dir='ltr'>τὴν</span> <span class='ocrx_word' id='word_1_373' title='bbox 1693 3184 1784 3237; x_wconf 76' lang='grc' dir='ltr'><strong>τοῦ</strong></span> <span class='ocrx_word' id='word_1_374' title='bbox 1811 3209 1852 3265; x_wconf 74' lang='lat' dir='ltr'><strong>C</strong></span> 
     </span>
    </p>
   </div>
   <div class='ocr_carea' id='block_1_49' title="bbox 237 3271 1786 3350">
    <p class='ocr_par' dir='ltr' id='par_1_49' title="bbox 237 3271 1786 3350">
     <span class='ocr_line' id='line_1_49' title="bbox 237 3271 1786 3350; baseline -0.003 -20"><span class='ocrx_word' id='word_1_375' title='bbox 237 3275 452 3347; x_wconf 76' lang='grc' dir='ltr'>Χριστοῦ</span> <span class='ocrx_word' id='word_1_376' title='bbox 478 3279 792 3350; x_wconf 77' lang='grc' dir='ltr'>παρουσίαν</span> <span class='ocrx_word' id='word_1_377' title='bbox 818 3277 1232 3346; x_wconf 78' lang='grc' dir='ltr'>πεπληρωμένα.</span> <span class='ocrx_word' id='word_1_378' title='bbox 1262 3275 1411 3327; x_wconf 69' lang='grc' dir='ltr'>Μετὰ</span> <span class='ocrx_word' id='word_1_379' title='bbox 1439 3271 1528 3328; x_wconf 79' lang='grc' dir='ltr'>οὖν</span> <span class='ocrx_word' id='word_1_380' title='bbox 1557 3274 1652 3345; x_wconf 81' lang='grc' dir='ltr'>τὴν</span> <span class='ocrx_word' id='word_1_381' title='bbox 1683 3275 1786 3327; x_wconf 80' lang='grc' dir='ltr'><strong>ἀπὸ</strong></span> 
     </span>
    </p>
   </div>
   <div class='ocr_carea' id='block_1_50' title="bbox 239 3365 1782 3436">
    <p class='ocr_par' dir='ltr' id='par_1_50' title="bbox 239 3365 1782 3436">
     <span class='ocr_line' id='line_1_50' title="bbox 239 3365 1782 3436; baseline -0.002 -18"><span class='ocrx_word' id='word_1_382' title='bbox 239 3365 540 3431; x_wconf 76' lang='grc' dir='ltr'>Βαϐυλῶνος</span> <span class='ocrx_word' id='word_1_383' title='bbox 577 3367 845 3420; x_wconf 75' lang='grc' dir='ltr'>ἐπάνοδον</span> <span class='ocrx_word' id='word_1_384' title='bbox 874 3366 1042 3418; x_wconf 77' lang='grc' dir='ltr'>ταῦτα</span> <span class='ocrx_word' id='word_1_385' title='bbox 1075 3367 1103 3417; x_wconf 86' lang='grc' dir='ltr'><strong>ὁ</strong></span> <span class='ocrx_word' id='word_1_386' title='bbox 1138 3365 1406 3436; x_wconf 82' lang='grc' dir='ltr'>Ζαχαρίας</span> <span class='ocrx_word' id='word_1_387' title='bbox 1437 3365 1782 3434; x_wconf 73' lang='grc' dir='ltr'>προφητεύει,</span> 
     </span>
    </p>
   </div>
   <div class='ocr_carea' id='block_1_51' title="bbox 243 3454 1780 3526">
    <p class='ocr_par' dir='ltr' id='par_1_51' title="bbox 243 3454 1780 3526">
     <span class='ocr_line' id='line_1_51' title="bbox 243 3454 1780 3526; baseline -0.001 -19"><span class='ocrx_word' id='word_1_388' title='bbox 243 3454 492 3520; x_wconf 75' lang='grc' dir='ltr'>θεσπίζων</span> <span class='ocrx_word' id='word_1_389' title='bbox 535 3458 638 3526; x_wconf 82' lang='grc' dir='ltr'>τὴν</span> <span class='ocrx_word' id='word_1_390' title='bbox 676 3456 786 3508; x_wconf 82' lang='grc' dir='ltr'><strong>ὑπὸ</strong></span> <span class='ocrx_word' id='word_1_391' title='bbox 836 3456 1114 3524; x_wconf 84' lang='grc' dir='ltr'>Ῥωμαίων</span> <span class='ocrx_word' id='word_1_392' title='bbox 1154 3455 1516 3525; x_wconf 72' lang='grc' dir='ltr'>γενησομένην</span> <span class='ocrx_word' id='word_1_393' title='bbox 1551 3455 1780 3523; x_wconf 82' lang='grc' dir='ltr'>ὑστάτην</span> 
     </span>
    </p>
   </div>
   <div class='ocr_carea' id='block_1_52' title="bbox 245 3539 1784 3618">
    <p class='ocr_par' dir='ltr' id='par_1_52' title="bbox 245 3539 1784 3618">
     <span class='ocr_line' id='line_1_52' title="bbox 245 3539 1784 3618; baseline -0.001 -22"><span class='ocrx_word' id='word_1_394' title='bbox 245 3546 540 3618; x_wconf 72' lang='grc' dir='ltr'>πολιορκίαν</span> <span class='ocrx_word' id='word_1_395' title='bbox 567 3546 672 3599; x_wconf 77' lang='grc' dir='ltr'><strong>τοῦ</strong></span> <span class='ocrx_word' id='word_1_396' title='bbox 707 3543 860 3606; x_wconf 76' lang='grc' dir='ltr'>λαοῦ,</span> <span class='ocrx_word' id='word_1_397' title='bbox 893 3547 974 3612; x_wconf 75' lang='grc' dir='ltr'><strong>ἐφ’</strong></span> <span class='ocrx_word' id='word_1_398' title='bbox 1081 3544 1171 3596; x_wconf 76' lang='grc' dir='ltr'>τοῦ</span> <span class='ocrx_word' id='word_1_399' title='bbox 1204 3545 1399 3607; x_wconf 80' lang='grc' dir='ltr'>παντὸς</span> <span class='ocrx_word' id='word_1_400' title='bbox 1428 3544 1606 3606; x_wconf 77' lang='grc' dir='ltr'>ἔθνους</span> <span class='ocrx_word' id='word_1_401' title='bbox 1656 3544 1784 3595; x_wconf 88' lang='grc' dir='ltr'>Ἰου-</span> 
     </span>
    </p>
   </div>
   <div class='ocr_carea' id='block_1_53' title="bbox 246 3634 1786 3707">
    <p class='ocr_par' dir='ltr' id='par_1_53' title="bbox 246 3634 1786 3707">
     <span class='ocr_line' id='line_1_53' title="bbox 246 3634 1786 3707; baseline -0.001 -20"><span class='ocrx_word' id='word_1_402' title='bbox 246 3636 392 3690; x_wconf 81' lang='grc' dir='ltr'>δαίων</span> <span class='ocrx_word' id='word_1_403' title='bbox 408 3635 732 3707; x_wconf 81' lang='grc' dir='ltr'>ὑποχειρίου</span> <span class='ocrx_word' id='word_1_404' title='bbox 757 3637 867 3695; x_wconf 82' lang='grc' dir='ltr'>τοῖς</span> <span class='ocrx_word' id='word_1_405' title='bbox 888 3634 1161 3702; x_wconf 87' lang='grc' dir='ltr'>πολεμίοις</span> <span class='ocrx_word' id='word_1_406' title='bbox 1187 3635 1570 3704; x_wconf 79' lang='grc' dir='ltr'>γενησομένου,</span> <span class='ocrx_word' id='word_1_407' title='bbox 1602 3635 1786 3704; x_wconf 77' lang='grc' dir='ltr'>μόνους</span> 
     </span>
    </p>
   </div>
   <div class='ocr_carea' id='block_1_54' title="bbox 252 3722 1783 3795">
    <p class='ocr_par' dir='ltr' id='par_1_54' title="bbox 252 3722 1783 3795">
     <span class='ocr_line' id='line_1_54' title="bbox 252 3722 1783 3795; baseline -0.001 -17"><span class='ocrx_word' id='word_1_408' title='bbox 252 3725 492 3795; x_wconf 68' lang='grc' dir='ltr'>φησὶξτοὺς</span> <span class='ocrx_word' id='word_1_409' title='bbox 503 3725 876 3786; x_wconf 77' lang='grc' dir='ltr'>καταλοίπους</span> <span class='ocrx_word' id='word_1_410' title='bbox 895 3722 987 3775; x_wconf 83' lang='grc' dir='ltr'><strong>τοῦ</strong></span> <span class='ocrx_word' id='word_1_411' title='bbox 1008 3723 1134 3775; x_wconf 77' lang='grc' dir='ltr'>λαοῦ</span> <span class='ocrx_word' id='word_1_412' title='bbox 1155 3722 1505 3792; x_wconf 76' lang='grc' dir='ltr'>σωθήσεσθαι,</span> <span class='ocrx_word' id='word_1_413' title='bbox 1532 3724 1783 3794; x_wconf 81' lang='grc' dir='ltr'>ἄντικρυς</span> 
     </span>
    </p>
   </div>
   <div class='ocr_carea' id='block_1_55' title="bbox 254 3812 1782 3884">
    <p class='ocr_par' dir='ltr' id='par_1_55' title="bbox 254 3812 1782 3884">
     <span class='ocr_line' id='line_1_55' title="bbox 254 3812 1782 3884; baseline 0.002 -19"><span class='ocrx_word' id='word_1_414' title='bbox 254 3815 425 3880; x_wconf 69' lang='grc' dir='ltr'>αὐτοὺς</span> <span class='ocrx_word' id='word_1_415' title='bbox 469 3818 594 3878; x_wconf 71' lang='grc' dir='ltr'>τοὺς</span> <span class='ocrx_word' id='word_1_416' title='bbox 643 3814 972 3876; x_wconf 75' lang='grc' dir='ltr'>ἀποστόλους</span> <span class='ocrx_word' id='word_1_417' title='bbox 990 3814 1082 3866; x_wconf 76' lang='grc' dir='ltr'><strong>τοῦ</strong></span> <span class='ocrx_word' id='word_1_418' title='bbox 1133 3814 1380 3884; x_wconf 80' lang='grc' dir='ltr'>Σωτῆρος</span> <span class='ocrx_word' id='word_1_419' title='bbox 1421 3812 1570 3882; x_wconf 83' lang='grc' dir='ltr'>ἡμῶν</span> <span class='ocrx_word' id='word_1_420' title='bbox 1597 3813 1782 3883; x_wconf 84' lang='grc' dir='ltr'>δηλῶν.</span> 
     </span>
    </p>
   </div>
   <div class='ocr_carea' id='block_1_56' title="bbox 619 3924 1401 3993">
    <p class='ocr_par' dir='ltr' id='par_1_56' title="bbox 619 3924 1401 3993">
     <span class='ocr_line' id='line_1_56' title="bbox 619 3924 1401 3993; baseline 0 -15"><span class='ocrx_word' id='word_1_421' title='bbox 619 3925 750 3978; x_wconf 85' lang='grc' dir='ltr'><strong>ΝΔ’.</strong></span> <span class='ocrx_word' id='word_1_422' title='bbox 795 3924 938 3978; x_wconf 77' lang='grc' dir='ltr'><strong>Ἀπὸ</strong></span> <span class='ocrx_word' id='word_1_423' title='bbox 971 3925 1075 3978; x_wconf 79' lang='grc' dir='ltr'>τοῦ</span> <span class='ocrx_word' id='word_1_424' title='bbox 1111 3925 1401 3993; x_wconf 81' lang='grc' dir='ltr'>Ἰερεμίου.</span> 
     </span>
    </p>
   </div>
   <div class='ocr_carea' id='block_1_57' title="bbox 323 4012 1780 4086">
    <p class='ocr_par' dir='ltr' id='par_1_57' title="bbox 323 4012 1780 4086">
     <span class='ocr_line' id='line_1_57' title="bbox 323 4012 1780 4086; baseline -0.001 -20"><span class='ocrx_word' id='word_1_425' title='bbox 323 4035 338 4066; x_wconf 85' lang='grc' dir='ltr'><strong>ι</strong></span> <span class='ocrx_word' id='word_1_426' title='bbox 380 4017 807 4086; x_wconf 82' lang='grc' dir='ltr'>Ἐπιστράφητε,</span> <span class='ocrx_word' id='word_1_427' title='bbox 841 4014 947 4066; x_wconf 76' lang='grc' dir='ltr'>υίοὶ</span> <span class='ocrx_word' id='word_1_428' title='bbox 977 4014 1360 4081; x_wconf 65' lang='grc' dir='ltr'>ἀφεστηκότες,</span> <span class='ocrx_word' id='word_1_429' title='bbox 1389 4012 1531 4079; x_wconf 82' lang='grc' dir='ltr'>λέγει</span> <span class='ocrx_word' id='word_1_430' title='bbox 1568 4013 1780 4083; x_wconf 81' lang='grc' dir='ltr'>Κύριος·</span> 
     </span>
    </p>
   </div>
   <div class='ocr_carea' id='block_1_58' title="bbox 259 4100 1783 4174">
    <p class='ocr_par' dir='ltr' id='par_1_58' title="bbox 259 4100 1783 4174">
     <span class='ocr_line' id='line_1_58' title="bbox 259 4100 1783 4174; baseline -0.005 -15"><span class='ocrx_word' id='word_1_431' title='bbox 259 4103 370 4158; x_wconf 72' lang='grc' dir='ltr'>διότι</span> <span class='ocrx_word' id='word_1_432' title='bbox 388 4106 493 4174; x_wconf 78' lang='grc' dir='ltr'><strong>ἐγὼ</strong></span> <span class='ocrx_word' id='word_1_433' title='bbox 513 4101 934 4172; x_wconf 84' lang='grc' dir='ltr'>κατακυριεύσω</span> <span class='ocrx_word' id='word_1_434' title='bbox 956 4100 1126 4170; x_wconf 86' lang='grc' dir='ltr'>ὑμῶν,</span> <span class='ocrx_word' id='word_1_435' title='bbox 1151 4102 1244 4153; x_wconf 76' lang='grc' dir='ltr'>καὶ</span> <span class='ocrx_word' id='word_1_436' title='bbox 1257 4101 1488 4169; x_wconf 73' lang='grc' dir='ltr'>λήψομαι</span> <span class='ocrx_word' id='word_1_437' title='bbox 1511 4102 1668 4169; x_wconf 81' lang='grc' dir='ltr'>ὑμᾶς,</span> <span class='ocrx_word' id='word_1_438' title='bbox 1692 4101 1783 4152; x_wconf 73' lang='grc' dir='ltr'>ἕνα</span> 
     </span>
    </p>
   </div>
   <div class='ocr_carea' id='block_1_59' title="bbox 260 4187 1784 4257">
    <p class='ocr_par' dir='ltr' id='par_1_59' title="bbox 260 4187 1784 4257">
     <span class='ocr_line' id='line_1_59' title="bbox 260 4187 1784 4257; baseline 0 -17"><span class='ocrx_word' id='word_1_439' title='bbox 260 4192 318 4244; x_wconf 80' lang='grc' dir='ltr'>ὲκ</span> <span class='ocrx_word' id='word_1_440' title='bbox 337 4194 547 4257; x_wconf 86' lang='grc' dir='ltr'>πόλεως,</span> <span class='ocrx_word' id='word_1_441' title='bbox 583 4193 680 4245; x_wconf 75' lang='grc' dir='ltr'>καὶ</span> <span class='ocrx_word' id='word_1_442' title='bbox 707 4190 802 4243; x_wconf 75' lang='grc' dir='ltr'><strong>δύο</strong></span> <span class='ocrx_word' id='word_1_443' title='bbox 824 4191 886 4242; x_wconf 85' lang='grc' dir='ltr'>ὲκ</span> <span class='ocrx_word' id='word_1_444' title='bbox 919 4190 1167 4257; x_wconf 78' lang='grc' dir='ltr'><strong>πατριᾶς⁹</strong></span> <span class='ocrx_word' id='word_1_445' title='bbox 1205 4189 1296 4241; x_wconf 71' lang='grc' dir='ltr'>καὶ</span> <span class='ocrx_word' id='word_1_446' title='bbox 1326 4187 1519 4254; x_wconf 75' lang='grc' dir='ltr'>εἰσάξω</span> <span class='ocrx_word' id='word_1_447' title='bbox 1543 4190 1682 4257; x_wconf 79' lang='grc' dir='ltr'>ὑμᾶς</span> <span class='ocrx_word' id='word_1_448' title='bbox 1707 4191 1784 4251; x_wconf 86' lang='grc' dir='ltr'>εἰς</span> 
     </span>
    </p>
   </div>
   <div class='ocr_carea' id='block_1_60' title="bbox 262 4277 1779 4350">
    <p class='ocr_par' dir='ltr' id='par_1_60' title="bbox 262 4277 1779 4350">
     <span class='ocr_line' id='line_1_60' title="bbox 262 4277 1779 4350; baseline -0.001 -17"><span class='ocrx_word' id='word_1_449' title='bbox 262 4279 394 4346; x_wconf 75' lang='grc' dir='ltr'>Σιὼν,</span> <span class='ocrx_word' id='word_1_450' title='bbox 419 4285 508 4335; x_wconf 74' lang='grc' dir='ltr'>καὶ</span> <span class='ocrx_word' id='word_1_451' title='bbox 533 4282 690 4334; x_wconf 86' lang='grc' dir='ltr'>δώσω</span> <span class='ocrx_word' id='word_1_452' title='bbox 715 4282 845 4350; x_wconf 80' lang='grc' dir='ltr'>ὑμῖν</span> <span class='ocrx_word' id='word_1_453' title='bbox 865 4279 1128 4349; x_wconf 83' lang='grc' dir='ltr'>ποιμένας</span> <span class='ocrx_word' id='word_1_454' title='bbox 1150 4277 1288 4330; x_wconf 85' lang='grc' dir='ltr'>κατὰ</span> <span class='ocrx_word' id='word_1_455' title='bbox 1307 4279 1400 4347; x_wconf 77' lang='grc' dir='ltr'><strong>τήν</strong></span> <span class='ocrx_word' id='word_1_456' title='bbox 1417 4278 1636 4348; x_wconf 86' lang='grc' dir='ltr'>καρδίαν</span> <span class='ocrx_word' id='word_1_457' title='bbox 1661 4296 1779 4348; x_wconf 89' lang='grc' dir='ltr'>μου,</span> 
     </span>
    </p>
   </div>
   <div class='ocr_carea' id='block_1_61' title="bbox 260 4367 1777 4440">
    <p class='ocr_par' dir='ltr' id='par_1_61' title="bbox 260 4367 1777 4440">
     <span class='ocr_line' id='line_1_61' title="bbox 260 4367 1777 4440; baseline 0.001 -21"><span class='ocrx_word' id='word_1_458' title='bbox 260 4368 340 4421; x_wconf 78' lang='grc' dir='ltr'>καὶ</span> <span class='ocrx_word' id='word_1_459' title='bbox 365 4370 712 4440; x_wconf 81' lang='grc' dir='ltr'>ποιμανοῦσιν</span> <span class='ocrx_word' id='word_1_460' title='bbox 738 4370 902 4440; x_wconf 80' lang='grc' dir='ltr'>ὑμᾶς,</span> <span class='ocrx_word' id='word_1_461' title='bbox 933 4367 1306 4437; x_wconf 87' lang='grc' dir='ltr'>ποιμαίνοντες</span> <span class='ocrx_word' id='word_1_462' title='bbox 1329 4368 1441 4436; x_wconf 79' lang='grc' dir='ltr'>μετ’</span> <span class='ocrx_word' id='word_1_463' title='bbox 1463 4369 1777 4438; x_wconf 73' lang='grc' dir='ltr'>ἐπιστήμης.</span> 
     </span>
    </p>
   </div>
   <div class='ocr_carea' id='block_1_62' title="bbox 261 4453 1777 4528">
    <p class='ocr_par' dir='ltr' id='par_1_62' title="bbox 261 4453 1777 4528">
     <span class='ocr_line' id='line_1_62' title="bbox 261 4453 1777 4528; baseline 0 -18"><span class='ocrx_word' id='word_1_464' title='bbox 261 4453 353 4510; x_wconf 72' lang='grc' dir='ltr'>Καὶ</span> <span class='ocrx_word' id='word_1_465' title='bbox 404 4461 570 4522; x_wconf 78' lang='grc' dir='ltr'>ἔσται,</span> <span class='ocrx_word' id='word_1_466' title='bbox 613 4459 712 4512; x_wconf 75' lang='grc' dir='ltr'>ἐὰν</span> <span class='ocrx_word' id='word_1_467' title='bbox 761 4457 1121 4528; x_wconf 81' lang='grc' dir='ltr'>πληθυνθῆτε,</span> <span class='ocrx_word' id='word_1_468' title='bbox 1167 4457 1261 4508; x_wconf 79' lang='grc' dir='ltr'>καὶ</span> <span class='ocrx_word' id='word_1_469' title='bbox 1316 4457 1594 4527; x_wconf 80' lang='grc' dir='ltr'>αὐξηθῆτε,</span> <span class='ocrx_word' id='word_1_470' title='bbox 1636 4457 1777 4525; x_wconf 85' lang='grc' dir='ltr'>λέγει</span> 
     </span>
    </p>
   </div>
   <div class='ocr_carea' id='block_1_63' title="bbox 260 4543 1770 4619">
    <p class='ocr_par' dir='ltr' id='par_1_63' title="bbox 260 4543 1770 4619">
     <span class='ocr_line' id='line_1_63' title="bbox 260 4543 1770 4619; baseline 0.001 -22"><span class='ocrx_word' id='word_1_471' title='bbox 260 4543 453 4618; x_wconf 75' lang='grc' dir='ltr'>Κύριος,</span> <span class='ocrx_word' id='word_1_472' title='bbox 503 4553 560 4603; x_wconf 82' lang='grc' dir='ltr'>ὲν</span> <span class='ocrx_word' id='word_1_473' title='bbox 601 4552 723 4610; x_wconf 82' lang='grc' dir='ltr'>ταῖς</span> <span class='ocrx_word' id='word_1_474' title='bbox 765 4547 998 4619; x_wconf 82' lang='grc' dir='ltr'>ἡμέραις</span> <span class='ocrx_word' id='word_1_475' title='bbox 1025 4546 1258 4606; x_wconf 74' lang='grc' dir='ltr'>ἐκείναις</span> <span class='ocrx_word' id='word_1_476' title='bbox 1288 4545 1382 4598; x_wconf 78' lang='grc' dir='ltr'>οὐκ</span> <span class='ocrx_word' id='word_1_477' title='bbox 1431 4545 1637 4616; x_wconf 75' lang='grc' dir='ltr'>ἐροῦσιν</span> <span class='ocrx_word' id='word_1_478' title='bbox 1676 4545 1770 4598; x_wconf 67' lang='grc' dir='ltr'>ἔτι*</span> 
     </span>
    </p>
   </div>
   <div class='ocr_carea' id='block_1_64' title="bbox 257 4631 1778 4709">
    <p class='ocr_par' dir='ltr' id='par_1_64' title="bbox 257 4631 1778 4709">
     <span class='ocr_line' id='line_1_64' title="bbox 257 4631 1778 4709; baseline 0.003 -25"><span class='ocrx_word' id='word_1_479' title='bbox 257 4631 473 4701; x_wconf 57' lang='lat' dir='ltr'><strong>meum;</strong></span> <span class='ocrx_word' id='word_1_480' title='bbox 513 4639 790 4709; x_wconf 85' lang='grc' dir='ltr'>Διαθήκης</span> <span class='ocrx_word' id='word_1_481' title='bbox 826 4637 1030 4706; x_wconf 80' lang='grc' dir='ltr'>Κυρίου</span> <span class='ocrx_word' id='word_1_482' title='bbox 1085 4634 1298 4706; x_wconf 82' lang='grc' dir='ltr'>Ἰσραήλ</span> <span class='ocrx_word' id='word_1_483' title='bbox 1333 4635 1428 4688; x_wconf 86' lang='grc' dir='ltr'><strong>ούκ</strong></span> <span class='ocrx_word' id='word_1_484' title='bbox 1460 4635 1778 4705; x_wconf 78' lang='grc' dir='ltr'>ἀναϐήσεται</span> 
     </span>
    </p>
   </div>
   <div class='ocr_carea' id='block_1_65' title="bbox 254 4720 1776 4799">
    <p class='ocr_par' dir='ltr' id='par_1_65' title="bbox 254 4720 1776 4799">
     <span class='ocr_line' id='line_1_65' title="bbox 254 4720 1776 4799; baseline -0.001 -24"><span class='ocrx_word' id='word_1_485' title='bbox 254 4720 336 4778; x_wconf 73' lang='grc' dir='ltr'><strong>ἐπὶ</strong></span> <span class='ocrx_word' id='word_1_486' title='bbox 362 4729 596 4799; x_wconf 74' lang='grc' dir='ltr'>καρδίαν,</span> <span class='ocrx_word' id='word_1_487' title='bbox 621 4727 743 4780; x_wconf 78' lang='grc' dir='ltr'>οὐδὲ</span> <span class='ocrx_word' id='word_1_488' title='bbox 763 4724 1214 4796; x_wconf 86' lang='grc' dir='ltr'>όνομασθήσεται,</span> <span class='ocrx_word' id='word_1_489' title='bbox 1242 4723 1333 4776; x_wconf 76' lang='grc' dir='ltr'>καὶ</span> <span class='ocrx_word' id='word_1_490' title='bbox 1355 4724 1412 4775; x_wconf 84' lang='grc' dir='ltr'>οὒ</span> <span class='ocrx_word' id='word_1_491' title='bbox 1436 4723 1776 4792; x_wconf 81' lang='grc' dir='ltr'>ποιηθήσεται</span> 
     </span>
    </p>
   </div>
   <div class='ocr_carea' id='block_1_66' title="bbox 248 4807 1776 4888">
    <p class='ocr_par' dir='ltr' id='par_1_66' title="bbox 248 4807 1776 4888">
     <span class='ocr_line' id='line_1_66' title="bbox 248 4807 1776 4888; baseline -0.004 -20"><span class='ocrx_word' id='word_1_492' title='bbox 248 4807 337 4868; x_wconf 73' lang='grc' dir='ltr'><strong>ἐτι.</strong></span> <span class='ocrx_word' id='word_1_493' title='bbox 388 4836 407 4868; x_wconf 76' lang='grc' dir='ltr'><strong>ι</strong></span> <span class='ocrx_word' id='word_1_494' title='bbox 468 4816 634 4888; x_wconf 87' lang='grc' dir='ltr'><strong>Ὀμοῦ</strong></span> <span class='ocrx_word' id='word_1_495' title='bbox 685 4816 778 4870; x_wconf 76' lang='grc' dir='ltr'><strong>καὶ</strong></span> <span class='ocrx_word' id='word_1_496' title='bbox 822 4816 880 4868; x_wconf 84' lang='grc' dir='ltr'>ὲν</span> <span class='ocrx_word' id='word_1_497' title='bbox 922 4813 1123 4876; x_wconf 79' lang='grc' dir='ltr'>τούτοις</span> <span class='ocrx_word' id='word_1_498' title='bbox 1174 4811 1270 4881; x_wconf 82' lang='grc' dir='ltr'>τὴν</span> <span class='ocrx_word' id='word_1_499' title='bbox 1325 4811 1642 4881; x_wconf 76' lang='grc' dir='ltr'>ἐπιστροφὴν</span> <span class='ocrx_word' id='word_1_500' title='bbox 1685 4811 1776 4863; x_wconf 77' lang='grc' dir='ltr'>τοῦ</span> 
     </span>
    </p>
   </div>
   <div class='ocr_carea' id='block_1_67' title="bbox 255 4895 1778 4978">
    <p class='ocr_par' dir='ltr' id='par_1_67' title="bbox 255 4895 1778 4978">
     <span class='ocr_line' id='line_1_67' title="bbox 255 4895 1778 4978; baseline -0.003 -22"><span class='ocrx_word' id='word_1_501' title='bbox 255 4895 452 4977; x_wconf 76' lang='grc' dir='ltr'>Ἰσραήλ</span> <span class='ocrx_word' id='word_1_502' title='bbox 483 4908 582 4978; x_wconf 77' lang='grc' dir='ltr'><strong>τήν</strong></span> <span class='ocrx_word' id='word_1_503' title='bbox 615 4909 674 4960; x_wconf 78' lang='grc' dir='ltr'><strong>έν</strong></span> <span class='ocrx_word' id='word_1_504' title='bbox 704 4908 772 4976; x_wconf 81' lang='grc' dir='ltr'>τῇ</span> <span class='ocrx_word' id='word_1_505' title='bbox 807 4904 1075 4974; x_wconf 81' lang='grc' dir='ltr'>παρουσίᾳ</span> <span class='ocrx_word' id='word_1_506' title='bbox 1103 4902 1195 4955; x_wconf 79' lang='grc' dir='ltr'>τοῦ</span> <span class='ocrx_word' id='word_1_507' title='bbox 1227 4901 1470 4972; x_wconf 82' lang='grc' dir='ltr'>Σωτῆρος</span> <span class='ocrx_word' id='word_1_508' title='bbox 1493 4902 1640 4971; x_wconf 85' lang='grc' dir='ltr'>ήμῶν</span> <span class='ocrx_word' id='word_1_509' title='bbox 1677 4902 1778 4970; x_wconf 83' lang='grc' dir='ltr'><strong>Ἰη-</strong></span> 
     </span>
    </p>
   </div>
   <div class='ocr_carea' id='block_1_68' title="bbox 231 4990 1778 5068">
    <p class='ocr_par' dir='ltr' id='par_1_68' title="bbox 231 4990 1778 5068">
     <span class='ocr_line' id='line_1_68' title="bbox 231 4990 1778 5068; baseline -0.006 -17"><span class='ocrx_word' id='word_1_510' title='bbox 231 4995 332 5049; x_wconf 71' lang='grc' dir='ltr'><strong>σδῦ</strong></span> <span class='ocrx_word' id='word_1_511' title='bbox 358 4996 588 5068; x_wconf 82' lang='grc' dir='ltr'>Χριστοῦ</span> <span class='ocrx_word' id='word_1_512' title='bbox 626 4995 996 5064; x_wconf 83' lang='grc' dir='ltr'>γενησομένην</span> <span class='ocrx_word' id='word_1_513' title='bbox 1027 4992 1284 5055; x_wconf 75' lang='grc' dir='ltr'>θεσπίζει,</span> <span class='ocrx_word' id='word_1_514' title='bbox 1314 4990 1428 5044; x_wconf 78' lang='grc' dir='ltr'>καθ’</span> <span class='ocrx_word' id='word_1_515' title='bbox 1461 4990 1544 5060; x_wconf 80' lang='grc' dir='ltr'>ἢν,</span> <span class='ocrx_word' id='word_1_516' title='bbox 1591 4990 1684 5044; x_wconf 72' lang='grc' dir='ltr'>ἕνα</span> <span class='ocrx_word' id='word_1_517' title='bbox 1711 4992 1778 5042; x_wconf 77' lang='grc' dir='ltr'>ἐκ</span> 
     </span>
    </p>
   </div>
   <div class='ocr_carea' id='block_1_69' title="bbox 217 5080 1772 5154">
    <p class='ocr_par' dir='ltr' id='par_1_69' title="bbox 217 5080 1772 5154">
     <span class='ocr_line' id='line_1_69' title="bbox 217 5080 1772 5154; baseline -0.007 -12"><span class='ocrx_word' id='word_1_518' title='bbox 217 5084 449 5154; x_wconf 51' lang='grc' dir='ltr'><strong>⁷Ἧλεως,</strong></span> <span class='ocrx_word' id='word_1_519' title='bbox 466 5087 671 5141; x_wconf 74' lang='grc' dir='ltr'>καὶδύο</span> <span class='ocrx_word' id='word_1_520' title='bbox 688 5089 753 5138; x_wconf 79' lang='grc' dir='ltr'>ὲκ</span> <span class='ocrx_word' id='word_1_521' title='bbox 771 5085 1030 5153; x_wconf 78' lang='grc' dir='ltr'>πατριᾶς,</span> <span class='ocrx_word' id='word_1_522' title='bbox 1050 5083 1140 5134; x_wconf 74' lang='grc' dir='ltr'>καὶ</span> <span class='ocrx_word' id='word_1_523' title='bbox 1157 5081 1350 5150; x_wconf 76' lang='grc' dir='ltr'>σφόδρα</span> <span class='ocrx_word' id='word_1_524' title='bbox 1369 5080 1666 5146; x_wconf 77' lang='grc' dir='ltr'>ὀλιγοστοὺς</span> <span class='ocrx_word' id='word_1_525' title='bbox 1682 5080 1772 5133; x_wconf 79' lang='grc' dir='ltr'>καὶ</span> 
     </span>
    </p>
   </div>
   <div class='ocr_carea' id='block_1_70' title="bbox 203 5156 1773 5249">
    <p class='ocr_par' dir='ltr' id='par_1_70' title="bbox 203 5156 1773 5249">
     <span class='ocr_line' id='line_1_70' title="bbox 203 5156 1773 5249; baseline 0.006 -38"><span class='ocrx_word' id='word_1_526' title='bbox 203 5156 435 5249; x_wconf 65' lang='grc' dir='ltr'><strong>ἀριθμῷ</strong></span> <span class='ocrx_word' id='word_1_527' title='bbox 460 5178 688 5249; x_wconf 77' lang='grc' dir='ltr'>βραχεῖς</span> <span class='ocrx_word' id='word_1_528' title='bbox 718 5172 1098 5242; x_wconf 76' lang='grc' dir='ltr'>ἐκλεξάμενος,</span> <span class='ocrx_word' id='word_1_529' title='bbox 1122 5171 1376 5240; x_wconf 84' lang='grc' dir='ltr'>ποιμένας</span> <span class='ocrx_word' id='word_1_530' title='bbox 1395 5169 1494 5221; x_wconf 87' lang='grc' dir='ltr'><strong>τῶν</strong></span> <span class='ocrx_word' id='word_1_531' title='bbox 1519 5171 1594 5232; x_wconf 88' lang='grc' dir='ltr'><strong>είς</strong></span> <span class='ocrx_word' id='word_1_532' title='bbox 1618 5170 1773 5223; x_wconf 79' lang='grc' dir='ltr'>αὑτὸν</span> 
     </span>
    </p>
   </div>
   <div class='ocr_carea' id='block_1_71' title="bbox 191 5257 1772 5330">
    <p class='ocr_par' dir='ltr' id='par_1_71' title="bbox 191 5257 1772 5330">
     <span class='ocr_line' id='line_1_71' title="bbox 191 5257 1772 5330; baseline -0.001 -19"><span class='ocrx_word' id='word_1_533' title='bbox 191 5259 664 5321; x_wconf 45' lang='grc' dir='ltr'>’ἧπιστευκότων</span> <span class='ocrx_word' id='word_1_534' title='bbox 715 5262 888 5315; x_wconf 73' lang='grc' dir='ltr'>ἐθνῶν</span> <span class='ocrx_word' id='word_1_535' title='bbox 929 5261 1028 5330; x_wconf 89' lang='lat' dir='ltr'><strong>(I),</strong></span> <span class='ocrx_word' id='word_1_536' title='bbox 1067 5260 1158 5311; x_wconf 73' lang='grc' dir='ltr'>καὶ</span> <span class='ocrx_word' id='word_1_537' title='bbox 1192 5257 1521 5326; x_wconf 80' lang='grc' dir='ltr'>αὐξηθέντων</span> <span class='ocrx_word' id='word_1_538' title='bbox 1551 5258 1639 5309; x_wconf 72' lang='grc' dir='ltr'><strong>ἐπὶ</strong></span> <span class='ocrx_word' id='word_1_539' title='bbox 1677 5259 1772 5329; x_wconf 86' lang='grc' dir='ltr'>τῆς</span> 
     </span>
    </p>
   </div>
   <div class='ocr_carea' id='block_1_72' title="bbox 182 5345 1768 5427">
    <p class='ocr_par' dir='ltr' id='par_1_72' title="bbox 182 5345 1768 5427">
     <span class='ocr_line' id='line_1_72' title="bbox 182 5345 1768 5427; baseline 0 -27"><span class='ocrx_word' id='word_1_540' title='bbox 182 5349 393 5427; x_wconf 44' lang='lat' dir='ltr'><strong>riga</strong></span> <span class='ocrx_word' id='word_1_541' title='bbox 409 5360 473 5427; x_wconf 77' lang='grc' dir='ltr'><strong>τῇ</strong></span> <span class='ocrx_word' id='word_1_542' title='bbox 497 5352 767 5409; x_wconf 78' lang='grc' dir='ltr'>διἀύτῶν</span> <span class='ocrx_word' id='word_1_543' title='bbox 791 5350 1021 5418; x_wconf 64' lang='grc' dir='ltr'>ἐσομένη</span> <span class='ocrx_word' id='word_1_544' title='bbox 1053 5348 1237 5416; x_wconf 83' lang='grc' dir='ltr'>κλήσει</span> <span class='ocrx_word' id='word_1_545' title='bbox 1259 5364 1363 5398; x_wconf 89' lang='grc' dir='ltr'><strong>των</strong></span> <span class='ocrx_word' id='word_1_546' title='bbox 1385 5345 1562 5397; x_wconf 74' lang='grc' dir='ltr'>ἐθνῶν·</span> <span class='ocrx_word' id='word_1_547' title='bbox 1591 5365 1607 5397; x_wconf 81' lang='grc' dir='ltr'><strong>ι</strong></span> <span class='ocrx_word' id='word_1_548' title='bbox 1634 5349 1768 5400; x_wconf 84' lang='grc' dir='ltr'>Οὐκ-</span> 
     </span>
    </p>
   </div>
   <div class='ocr_carea' id='block_1_73' title="bbox 164 5413 1772 5517">
    <p class='ocr_par' dir='ltr' id='par_1_73' title="bbox 164 5413 1772 5517">
     <span class='ocr_line' id='line_1_73' title="bbox 164 5413 1772 5517; baseline -0.002 -24"><span class='ocrx_word' id='word_1_549' title='bbox 164 5413 200 5465; x_wconf 48' lang='lat'><strong><em>:</em></strong></span> <span class='ocrx_word' id='word_1_550' title='bbox 217 5450 320 5508; x_wconf 65' lang='lat' dir='ltr'><strong>\zg,</strong></span> <span class='ocrx_word' id='word_1_551' title='bbox 338 5413 515 5517; x_wconf 46' lang='lat' dir='ltr'><strong>wary,</strong></span> <span class='ocrx_word' id='word_1_552' title='bbox 533 5443 781 5516; x_wconf 73' lang='grc' dir='ltr'>ἐροῦσιν·</span> <span class='ocrx_word' id='word_1_553' title='bbox 805 5441 1050 5501; x_wconf 75' lang='grc' dir='ltr'>Κιϐωτδς</span> <span class='ocrx_word' id='word_1_554' title='bbox 1068 5437 1328 5505; x_wconf 82' lang='grc' dir='ltr'>Διαθήκης</span> <span class='ocrx_word' id='word_1_555' title='bbox 1343 5435 1552 5503; x_wconf 85' lang='grc' dir='ltr'>Κυρίου·</span> <span class='ocrx_word' id='word_1_556' title='bbox 1567 5455 1584 5485; x_wconf 77' lang='grc' dir='ltr'><strong>ι</strong></span> <span class='ocrx_word' id='word_1_557' title='bbox 1599 5438 1772 5489; x_wconf 78' lang='grc' dir='ltr'>οὐκέτι</span> 
     </span>
    </p>
   </div>
   <div class='ocr_carea' id='block_1_74' title="bbox 155 5520 1774 5602">
    <p class='ocr_par' dir='ltr' id='par_1_74' title="bbox 155 5520 1774 5602">
     <span class='ocr_line' id='line_1_74' title="bbox 155 5520 1774 5602; baseline 0.002 -28"><span class='ocrx_word' id='word_1_558' title='bbox 155 5520 324 5602; x_wconf 47' lang='lat' dir='ltr'><strong>big</strong></span> <span class='ocrx_word' id='word_1_559' title='bbox 352 5537 441 5590; x_wconf 77' lang='grc' dir='ltr'><strong>ἐπὶ</strong></span> <span class='ocrx_word' id='word_1_560' title='bbox 476 5533 580 5596; x_wconf 82' lang='grc' dir='ltr'><strong>τὰς</strong></span> <span class='ocrx_word' id='word_1_561' title='bbox 607 5528 865 5588; x_wconf 80' lang='grc' dir='ltr'>Μωσέως</span> <span class='ocrx_word' id='word_1_562' title='bbox 895 5525 1318 5594; x_wconf 78' lang='grc' dir='ltr'>ἀναδραμοῦνται</span> <span class='ocrx_word' id='word_1_563' title='bbox 1347 5525 1774 5591; x_wconf 64' lang='grc' dir='ltr'>σωμᾳηκωεέοας</span> 
     </span>
    </p>
   </div>
   <div class='ocr_carea' id='block_1_75' title="bbox 1887 2008 3404 2086">
    <p class='ocr_par' dir='ltr' id='par_1_75' title="bbox 1887 2008 3404 2086">
     <span class='ocr_line' id='line_1_75' title="bbox 1887 2008 3404 2086; baseline 0.007 -26"><span class='ocrx_word' id='word_1_564' title='bbox 1887 2008 1951 2061; x_wconf 85' lang='grc' dir='ltr'>Ει</span> <span class='ocrx_word' id='word_1_565' title='bbox 1981 2023 2166 2062; x_wconf 89' lang='lat' dir='ltr'><strong>rursus</strong></span> <span class='ocrx_word' id='word_1_566' title='bbox 2193 2023 2286 2063; x_wconf 89' lang='lat' dir='ltr'><strong>eos</strong></span> <span class='ocrx_word' id='word_1_567' title='bbox 2315 2051 2330 2074; x_wconf 93' lang='lat'><strong>,</strong></span> <span class='ocrx_word' id='word_1_568' title='bbox 2361 2011 2450 2078; x_wconf 92' lang='lat' dir='ltr'><strong>qui</strong></span> <span class='ocrx_word' id='word_1_569' title='bbox 2489 2012 2682 2080; x_wconf 90' lang='lat' dir='ltr'><strong>reliqui</strong></span> <span class='ocrx_word' id='word_1_570' title='bbox 2715 2013 2911 2067; x_wconf 81' lang='lat' dir='ltr'><strong>fuerint</strong></span> <span class='ocrx_word' id='word_1_571' title='bbox 2937 2029 3003 2068; x_wconf 79' lang='lat' dir='ltr'><strong>ex</strong></span> <span class='ocrx_word' id='word_1_572' title='bbox 3033 2014 3192 2070; x_wconf 83' lang='lat' dir='ltr'><strong>Israel</strong></span> <span class='ocrx_word' id='word_1_573' title='bbox 3213 2053 3236 2086; x_wconf 13' lang='grc' dir='ltr'><strong>,γ</strong></span> <span class='ocrx_word' id='word_1_574' title='bbox 3263 2017 3404 2071; x_wconf 62' lang='lat' dir='ltr'><strong>solo:</strong></span> 
     </span>
    </p>
   </div>
   <div class='ocr_carea' id='block_1_76' title="bbox 1886 2097 3402 2171">
    <p class='ocr_par' dir='ltr' id='par_1_76' title="bbox 1886 2097 3402 2171">
     <span class='ocr_line' id='line_1_76' title="bbox 1886 2097 3402 2171; baseline 0.007 -22"><span class='ocrx_word' id='word_1_575' title='bbox 1886 2097 2062 2168; x_wconf 86' lang='lat' dir='ltr'><strong>salvos</strong></span> <span class='ocrx_word' id='word_1_576' title='bbox 2089 2097 2332 2154; x_wconf 88' lang='lat' dir='ltr'><strong>futuros.</strong></span> <span class='ocrx_word' id='word_1_577' title='bbox 2370 2113 2490 2152; x_wconf 90' lang='lat' dir='ltr'><strong>cum</strong></span> <span class='ocrx_word' id='word_1_578' title='bbox 2535 2101 2860 2170; x_wconf 83' lang='lat' dir='ltr'><strong>reliquarum</strong></span> <span class='ocrx_word' id='word_1_579' title='bbox 2901 2105 3136 2171; x_wconf 90' lang='lat' dir='ltr'><strong>gentium</strong></span> <span class='ocrx_word' id='word_1_580' title='bbox 3170 2107 3402 2158; x_wconf 77' lang='lat' dir='ltr'><strong>vocatio—</strong></span> 
     </span>
    </p>
   </div>
   <div class='ocr_carea' id='block_1_77' title="bbox 1885 2189 3047 2259">
    <p class='ocr_par' dir='ltr' id='par_1_77' title="bbox 1885 2189 3047 2259">
     <span class='ocr_line' id='line_1_77' title="bbox 1885 2189 3047 2259; baseline 0.005 -19"><span class='ocrx_word' id='word_1_581' title='bbox 1885 2203 1978 2250; x_wconf 89' lang='lat' dir='ltr'><strong>ne,</strong></span> <span class='ocrx_word' id='word_1_582' title='bbox 2015 2203 2172 2255; x_wconf 90' lang='lat' dir='ltr'><strong>quam</strong></span> <span class='ocrx_word' id='word_1_583' title='bbox 2206 2189 2355 2242; x_wconf 89' lang='lat' dir='ltr'><strong>initio</strong></span> <span class='ocrx_word' id='word_1_584' title='bbox 2386 2191 2677 2258; x_wconf 78' lang='lat' dir='ltr'><strong>praphetia:</strong></span> <span class='ocrx_word' id='word_1_585' title='bbox 2709 2193 3047 2259; x_wconf 85' lang='lat' dir='ltr'><strong>significavit.</strong></span> 
     </span>
    </p>
   </div>
   <div class='ocr_carea' id='block_1_78' title="bbox 2380 2380 2911 2439">
    <p class='ocr_par' dir='ltr' id='par_1_78' title="bbox 2380 2380 2911 2439">
     <span class='ocr_line' id='line_1_78' title="bbox 2380 2380 2911 2439; baseline 0.009 -6"><span class='ocrx_word' id='word_1_586' title='bbox 2380 2380 2507 2439; x_wconf 89' lang='lat' dir='ltr'><strong>LIII.</strong></span> <span class='ocrx_word' id='word_1_587' title='bbox 2556 2383 2598 2435; x_wconf 85' lang='lat' dir='ltr'><strong><em>A</em></strong></span> <span class='ocrx_word' id='word_1_588' title='bbox 2636 2381 2911 2439; x_wconf 80' lang='lat' dir='ltr'><strong>Zacharia.</strong></span> 
     </span>
    </p>
   </div>
   <div class='ocr_carea' id='block_1_79' title="bbox 1958 2467 3402 2545">
    <p class='ocr_par' dir='ltr' id='par_1_79' title="bbox 1958 2467 3402 2545">
     <span class='ocr_line' id='line_1_79' title="bbox 1958 2467 3402 2545; baseline 0.01 -28"><span class='ocrx_word' id='word_1_589' title='bbox 1958 2487 1976 2517; x_wconf 79' lang='grc' dir='ltr'><strong>ι</strong></span> <span class='ocrx_word' id='word_1_590' title='bbox 2005 2467 2139 2522; x_wconf 87' lang='lat' dir='ltr'><strong>Ecce</strong></span> <span class='ocrx_word' id='word_1_591' title='bbox 2164 2468 2277 2524; x_wconf 92' lang='lat' dir='ltr'><strong>dies</strong></span> <span class='ocrx_word' id='word_1_592' title='bbox 2306 2470 2479 2524; x_wconf 83' lang='lat' dir='ltr'><strong>veniet</strong></span> <span class='ocrx_word' id='word_1_593' title='bbox 2507 2471 2558 2524; x_wconf 88' lang='lat' dir='ltr'><strong>in</strong></span> <span class='ocrx_word' id='word_1_594' title='bbox 2587 2479 2656 2534; x_wconf 92' lang='lat' dir='ltr'><strong>te,</strong></span> <span class='ocrx_word' id='word_1_595' title='bbox 2688 2479 2742 2526; x_wconf 92' lang='lat' dir='ltr'><strong>et</strong></span> <span class='ocrx_word' id='word_1_596' title='bbox 2787 2473 3092 2528; x_wconf 83' lang='lat' dir='ltr'><strong>dividentur</strong></span> <span class='ocrx_word' id='word_1_597' title='bbox 3115 2477 3281 2545; x_wconf 86' lang='lat' dir='ltr'><strong>spolia</strong></span> <span class='ocrx_word' id='word_1_598' title='bbox 3315 2486 3402 2531; x_wconf 90' lang='lat' dir='ltr'><strong>tua</strong></span> 
     </span>
    </p>
   </div>
   <div class='ocr_carea' id='block_1_80' title="bbox 1884 2557 3402 2630">
    <p class='ocr_par' dir='ltr' id='par_1_80' title="bbox 1884 2557 3402 2630">
     <span class='ocr_line' id='line_1_80' title="bbox 1884 2557 3402 2630; baseline 0.008 -22"><span class='ocrx_word' id='word_1_599' title='bbox 1884 2557 1936 2608; x_wconf 88' lang='lat' dir='ltr'><strong>in</strong></span> <span class='ocrx_word' id='word_1_600' title='bbox 1968 2563 2019 2610; x_wconf 92' lang='lat' dir='ltr'><strong>te</strong></span> <span class='ocrx_word' id='word_1_601' title='bbox 2050 2577 2062 2610; x_wconf 90' lang='lat'>:</span> <span class='ocrx_word' id='word_1_602' title='bbox 2092 2564 2144 2610; x_wconf 90' lang='lat' dir='ltr'><strong>et</strong></span> <span class='ocrx_word' id='word_1_603' title='bbox 2172 2559 2501 2628; x_wconf 88' lang='lat' dir='ltr'><strong>congregabo</strong></span> <span class='ocrx_word' id='word_1_604' title='bbox 2546 2573 2730 2614; x_wconf 91' lang='lat' dir='ltr'><strong>omnes</strong></span> <span class='ocrx_word' id='word_1_605' title='bbox 2761 2568 2944 2630; x_wconf 77' lang='lat' dir='ltr'><strong>gentes</strong></span> <span class='ocrx_word' id='word_1_606' title='bbox 2982 2563 3037 2617; x_wconf 92' lang='lat' dir='ltr'><strong>in</strong></span> <span class='ocrx_word' id='word_1_607' title='bbox 3076 2563 3402 2620; x_wconf 83' lang='lat' dir='ltr'><strong>Hierusalem</strong></span> 
     </span>
    </p>
   </div>
   <div class='ocr_carea' id='block_1_81' title="bbox 1885 2645 3407 2722">
    <p class='ocr_par' dir='ltr' id='par_1_81' title="bbox 1885 2645 3407 2722">
     <span class='ocr_line' id='line_1_81' title="bbox 1885 2645 3407 2722; baseline 0.009 -24"><span class='ocrx_word' id='word_1_608' title='bbox 1885 2645 1949 2698; x_wconf 91' lang='lat' dir='ltr'><strong>ad</strong></span> <span class='ocrx_word' id='word_1_609' title='bbox 1986 2647 2200 2711; x_wconf 91' lang='lat' dir='ltr'><strong>bellum,</strong></span> <span class='ocrx_word' id='word_1_610' title='bbox 2245 2655 2296 2700; x_wconf 91' lang='lat' dir='ltr'><strong>et</strong></span> <span class='ocrx_word' id='word_1_611' title='bbox 2333 2649 2572 2717; x_wconf 89' lang='lat' dir='ltr'><strong>capietur</strong></span> <span class='ocrx_word' id='word_1_612' title='bbox 2614 2650 2822 2709; x_wconf 84' lang='lat' dir='ltr'><strong>civitas.</strong></span> <span class='ocrx_word' id='word_1_613' title='bbox 2872 2661 2924 2706; x_wconf 92' lang='lat' dir='ltr'><strong>et</strong></span> <span class='ocrx_word' id='word_1_614' title='bbox 2963 2652 3280 2722; x_wconf 81' lang='lat' dir='ltr'><strong>diripientur</strong></span> <span class='ocrx_word' id='word_1_615' title='bbox 3305 2657 3407 2710; x_wconf 56' lang='lat' dir='ltr'><strong>do.</strong></span> 
     </span>
    </p>
   </div>
   <div class='ocr_carea' id='block_1_82' title="bbox 1883 2736 3404 2807">
    <p class='ocr_par' dir='ltr' id='par_1_82' title="bbox 1883 2736 3404 2807">
     <span class='ocr_line' id='line_1_82' title="bbox 1883 2736 3404 2807; baseline 0.008 -19"><span class='ocrx_word' id='word_1_616' title='bbox 1883 2751 2021 2797; x_wconf 88' lang='lat' dir='ltr'><strong>mus,</strong></span> <span class='ocrx_word' id='word_1_617' title='bbox 2051 2743 2105 2790; x_wconf 90' lang='lat' dir='ltr'><strong>et</strong></span> <span class='ocrx_word' id='word_1_618' title='bbox 2127 2736 2377 2792; x_wconf 89' lang='lat' dir='ltr'><strong>mulieres</strong></span> <span class='ocrx_word' id='word_1_619' title='bbox 2399 2737 2836 2807; x_wconf 86' lang='lat' dir='ltr'><strong>inquinabuntur,</strong></span> <span class='ocrx_word' id='word_1_620' title='bbox 2859 2748 2912 2795; x_wconf 87' lang='lat' dir='ltr'><strong>et</strong></span> <span class='ocrx_word' id='word_1_621' title='bbox 2933 2741 3096 2796; x_wconf 80' lang='lat' dir='ltr'><strong>exibit</strong></span> <span class='ocrx_word' id='word_1_622' title='bbox 3127 2743 3404 2800; x_wconf 85' lang='lat' dir='ltr'><strong>dimidium</strong></span> 
     </span>
    </p>
   </div>
   <div class='ocr_carea' id='block_1_83' title="bbox 1882 2824 3404 2902">
    <p class='ocr_par' dir='ltr' id='par_1_83' title="bbox 1882 2824 3404 2902">
     <span class='ocr_line' id='line_1_83' title="bbox 1882 2824 3404 2902; baseline 0.008 -26"><span class='ocrx_word' id='word_1_623' title='bbox 1882 2824 2112 2880; x_wconf 88' lang='lat' dir='ltr'><strong>civitatis</strong></span> <span class='ocrx_word' id='word_1_624' title='bbox 2141 2827 2195 2879; x_wconf 90' lang='lat' dir='ltr'><strong>in</strong></span> <span class='ocrx_word' id='word_1_625' title='bbox 2224 2827 2529 2896; x_wconf 85' lang='lat' dir='ltr'><strong>captivitate</strong></span> <span class='ocrx_word' id='word_1_626' title='bbox 2557 2847 2570 2882; x_wconf 89' lang='lat'><strong>:</strong></span> <span class='ocrx_word' id='word_1_627' title='bbox 2602 2829 2790 2898; x_wconf 87' lang='lat' dir='ltr'><strong>reliqui</strong></span> <span class='ocrx_word' id='word_1_628' title='bbox 2823 2845 2950 2884; x_wconf 90' lang='lat' dir='ltr'><strong>vero</strong></span> <span class='ocrx_word' id='word_1_629' title='bbox 2971 2847 3036 2887; x_wconf 79' lang='lat' dir='ltr'><strong>ex</strong></span> <span class='ocrx_word' id='word_1_630' title='bbox 3066 2834 3266 2902; x_wconf 84' lang='lat' dir='ltr'><strong>p0pulo</strong></span> <span class='ocrx_word' id='word_1_631' title='bbox 3283 2849 3404 2889; x_wconf 81' lang='lat' dir='ltr'><strong>meo</strong></span> 
     </span>
    </p>
   </div>
   <div class='ocr_carea' id='block_1_84' title="bbox 1882 2912 3408 2981">
    <p class='ocr_par' dir='ltr' id='par_1_84' title="bbox 1882 2912 3408 2981">
     <span class='ocr_line' id='line_1_84' title="bbox 1882 2912 3408 2981; baseline 0.008 -17"><span class='ocrx_word' id='word_1_632' title='bbox 1882 2925 1988 2965; x_wconf 91' lang='lat' dir='ltr'><strong>non</strong></span> <span class='ocrx_word' id='word_1_633' title='bbox 2032 2912 2319 2981; x_wconf 88' lang='lat' dir='ltr'><strong>perdentur</strong></span> <span class='ocrx_word' id='word_1_634' title='bbox 2359 2915 2425 2969; x_wconf 90' lang='lat' dir='ltr'><strong>de</strong></span> <span class='ocrx_word' id='word_1_635' title='bbox 2469 2915 2684 2971; x_wconf 88' lang='lat' dir='ltr'><strong>civitate</strong></span> <span class='ocrx_word' id='word_1_636' title='bbox 2703 2917 2769 2972; x_wconf 78' lang='grc'><strong>⁸⁸.</strong></span> <span class='ocrx_word' id='word_1_637' title='bbox 2800 2936 2818 2968; x_wconf 77' lang='grc' dir='ltr'><strong>ι</strong></span> <span class='ocrx_word' id='word_1_638' title='bbox 2865 2917 3236 2974; x_wconf 85' lang='lat' dir='ltr'><strong>Consentanea</strong></span> <span class='ocrx_word' id='word_1_639' title='bbox 3281 2925 3408 2976; x_wconf 74' lang='lat' dir='ltr'><strong>sunt</strong></span> 
     </span>
    </p>
   </div>
   <div class='ocr_carea' id='block_1_85' title="bbox 1883 2999 3412 3071">
    <p class='ocr_par' dir='ltr' id='par_1_85' title="bbox 1883 2999 3412 3071">
     <span class='ocr_line' id='line_1_85' title="bbox 1883 2999 3412 3071; baseline 0.009 -19"><span class='ocrx_word' id='word_1_640' title='bbox 1883 2999 1994 3053; x_wconf 69' lang='lat' dir='ltr'><strong>haec</strong></span> <span class='ocrx_word' id='word_1_641' title='bbox 2035 3000 2102 3054; x_wconf 90' lang='lat' dir='ltr'><strong>iis</strong></span> <span class='ocrx_word' id='word_1_642' title='bbox 2129 3016 2249 3069; x_wconf 60' lang='lat' dir='ltr'><strong>quae</strong></span> <span class='ocrx_word' id='word_1_643' title='bbox 2293 3002 2564 3071; x_wconf 89' lang='lat' dir='ltr'><strong>proposita</strong></span> <span class='ocrx_word' id='word_1_644' title='bbox 2619 3016 2744 3058; x_wconf 85' lang='lat' dir='ltr'><strong>sunt</strong></span> <span class='ocrx_word' id='word_1_645' title='bbox 2771 3005 2836 3060; x_wconf 91' lang='lat' dir='ltr'><strong>de</strong></span> <span class='ocrx_word' id='word_1_646' title='bbox 2882 3006 3100 3060; x_wconf 86' lang='lat' dir='ltr'><strong>interitu</strong></span> <span class='ocrx_word' id='word_1_647' title='bbox 3143 3009 3412 3065; x_wconf 66' lang='lat' dir='ltr'><strong>universa</strong></span> 
     </span>
    </p>
   </div>
   <div class='ocr_carea' id='block_1_86' title="bbox 1882 3089 3405 3164">
    <p class='ocr_par' dir='ltr' id='par_1_86' title="bbox 1882 3089 3405 3164">
     <span class='ocr_line' id='line_1_86' title="bbox 1882 3089 3405 3164; baseline 0.008 -22"><span class='ocrx_word' id='word_1_648' title='bbox 1882 3090 2112 3145; x_wconf 87' lang='lat' dir='ltr'><strong>nationis</strong></span> <span class='ocrx_word' id='word_1_649' title='bbox 2136 3089 2458 3155; x_wconf 66' lang='lat' dir='ltr'><strong>Iudaeorum,</strong></span> <span class='ocrx_word' id='word_1_650' title='bbox 2477 3091 2566 3161; x_wconf 92' lang='lat' dir='ltr'><strong>qui</strong></span> <span class='ocrx_word' id='word_1_651' title='bbox 2596 3093 2662 3146; x_wconf 89' lang='lat' dir='ltr'><strong>ad</strong></span> <span class='ocrx_word' id='word_1_652' title='bbox 2688 3095 2804 3149; x_wconf 91' lang='lat' dir='ltr'><strong>illas</strong></span> <span class='ocrx_word' id='word_1_653' title='bbox 2831 3103 2951 3164; x_wconf 90' lang='lat' dir='ltr'><strong>post</strong></span> <span class='ocrx_word' id='word_1_654' title='bbox 2977 3097 3177 3153; x_wconf 85' lang='lat' dir='ltr'><strong>Christi</strong></span> <span class='ocrx_word' id='word_1_655' title='bbox 3205 3099 3405 3154; x_wconf 86' lang='lat' dir='ltr'><strong>adven-</strong></span> 
     </span>
    </p>
   </div>
   <div class='ocr_carea' id='block_1_87' title="bbox 1883 3181 3406 3257">
    <p class='ocr_par' dir='ltr' id='par_1_87' title="bbox 1883 3181 3406 3257">
     <span class='ocr_line' id='line_1_87' title="bbox 1883 3181 3406 3257; baseline 0.009 -25"><span class='ocrx_word' id='word_1_656' title='bbox 1883 3187 1992 3233; x_wconf 89' lang='lat' dir='ltr'><strong>tum</strong></span> <span class='ocrx_word' id='word_1_657' title='bbox 2027 3182 2282 3249; x_wconf 90' lang='lat' dir='ltr'><strong>pervenit.</strong></span> <span class='ocrx_word' id='word_1_658' title='bbox 2324 3181 2446 3236; x_wconf 68' lang='lat' dir='ltr'><strong>Ilazc</strong></span> <span class='ocrx_word' id='word_1_659' title='bbox 2487 3183 2628 3238; x_wconf 89' lang='lat' dir='ltr'><strong>enim</strong></span> <span class='ocrx_word' id='word_1_660' title='bbox 2678 3183 2962 3242; x_wconf 86' lang='lat' dir='ltr'><strong>Zacharias</strong></span> <span class='ocrx_word' id='word_1_661' title='bbox 3011 3195 3132 3257; x_wconf 90' lang='lat' dir='ltr'><strong>post</strong></span> <span class='ocrx_word' id='word_1_662' title='bbox 3177 3189 3406 3252; x_wconf 70' lang='lat' dir='ltr'><strong>reditum</strong></span> 
     </span>
    </p>
   </div>
   <div class='ocr_carea' id='block_1_88' title="bbox 1884 3271 3402 3342">
    <p class='ocr_par' dir='ltr' id='par_1_88' title="bbox 1884 3271 3402 3342">
     <span class='ocr_line' id='line_1_88' title="bbox 1884 3271 3402 3342; baseline 0.007 -17"><span class='ocrx_word' id='word_1_663' title='bbox 1884 3271 1950 3326; x_wconf 92' lang='lat' dir='ltr'><strong>de</strong></span> <span class='ocrx_word' id='word_1_664' title='bbox 1993 3272 2255 3342; x_wconf 84' lang='lat' dir='ltr'><strong>Babylone</strong></span> <span class='ocrx_word' id='word_1_665' title='bbox 2289 3275 2628 3336; x_wconf 87' lang='lat' dir='ltr'><strong>vaticinatur,</strong></span> <span class='ocrx_word' id='word_1_666' title='bbox 2677 3291 2874 3331; x_wconf 90' lang='lat' dir='ltr'><strong>canens</strong></span> <span class='ocrx_word' id='word_1_667' title='bbox 2913 3287 3203 3333; x_wconf 77' lang='lat' dir='ltr'><strong>extremam</strong></span> <span class='ocrx_word' id='word_1_668' title='bbox 3259 3281 3402 3336; x_wconf 85' lang='lat' dir='ltr'><strong>illam</strong></span> 
     </span>
    </p>
   </div>
   <div class='ocr_carea' id='block_1_89' title="bbox 1883 3361 3401 3437">
    <p class='ocr_par' dir='ltr' id='par_1_89' title="bbox 1883 3361 3401 3437">
     <span class='ocr_line' id='line_1_89' title="bbox 1883 3361 3401 3437; baseline 0.01 -25"><span class='ocrx_word' id='word_1_669' title='bbox 1883 3361 2060 3430; x_wconf 90' lang='lat' dir='ltr'><strong>populi</strong></span> <span class='ocrx_word' id='word_1_670' title='bbox 2091 3365 2458 3428; x_wconf 86' lang='lat' dir='ltr'><strong>vastationem,</strong></span> <span class='ocrx_word' id='word_1_671' title='bbox 2490 3381 2608 3434; x_wconf 66' lang='lat' dir='ltr'><strong>quae</strong></span> <span class='ocrx_word' id='word_1_672' title='bbox 2629 3381 2660 3419; x_wconf 91' lang='lat' dir='ltr'><strong>a</strong></span> <span class='ocrx_word' id='word_1_673' title='bbox 2687 3367 2943 3423; x_wconf 83' lang='lat' dir='ltr'><strong>Romanis</strong></span> <span class='ocrx_word' id='word_1_674' title='bbox 2968 3369 3242 3425; x_wconf 87' lang='lat' dir='ltr'><strong>inferenda</strong></span> <span class='ocrx_word' id='word_1_675' title='bbox 3267 3381 3401 3437; x_wconf 87' lang='lat' dir='ltr'><strong>erat,</strong></span> 
     </span>
    </p>
   </div>
   <div class='ocr_carea' id='block_1_90' title="bbox 1883 3453 3402 3531">
    <p class='ocr_par' dir='ltr' id='par_1_90' title="bbox 1883 3453 3402 3531">
     <span class='ocr_line' id='line_1_90' title="bbox 1883 3453 3402 3531; baseline 0.007 -26"><span class='ocrx_word' id='word_1_676' title='bbox 1883 3453 1936 3506; x_wconf 90' lang='lat' dir='ltr'><strong>in</strong></span> <span class='ocrx_word' id='word_1_677' title='bbox 1965 3467 2068 3522; x_wconf 89' lang='lat' dir='ltr'><strong>qua</strong></span> <span class='ocrx_word' id='word_1_678' title='bbox 2103 3467 2224 3506; x_wconf 93' lang='lat' dir='ltr'><strong>cum</strong></span> <span class='ocrx_word' id='word_1_679' title='bbox 2259 3461 2368 3508; x_wconf 88' lang='lat' dir='ltr'><strong>tota</strong></span> <span class='ocrx_word' id='word_1_680' title='bbox 2393 3453 2613 3509; x_wconf 80' lang='lat' dir='ltr'><strong>Judaica</strong></span> <span class='ocrx_word' id='word_1_681' title='bbox 2639 3473 2768 3527; x_wconf 87' lang='lat' dir='ltr'><strong>gens</strong></span> <span class='ocrx_word' id='word_1_682' title='bbox 2799 3461 2854 3512; x_wconf 92' lang='lat' dir='ltr'><strong>in</strong></span> <span class='ocrx_word' id='word_1_683' title='bbox 2893 3460 3124 3514; x_wconf 86' lang='lat' dir='ltr'><strong>hostium</strong></span> <span class='ocrx_word' id='word_1_684' title='bbox 3165 3470 3402 3531; x_wconf 84' lang='lat' dir='ltr'><strong>potesta-</strong></span> 
     </span>
    </p>
   </div>
   <div class='ocr_carea' id='block_1_91' title="bbox 1883 3544 3401 3616">
    <p class='ocr_par' dir='ltr' id='par_1_91' title="bbox 1883 3544 3401 3616">
     <span class='ocr_line' id='line_1_91' title="bbox 1883 3544 3401 3616; baseline 0.006 -23"><span class='ocrx_word' id='word_1_685' title='bbox 1883 3548 1985 3594; x_wconf 92' lang='lat' dir='ltr'><strong>tem</strong></span> <span class='ocrx_word' id='word_1_686' title='bbox 2016 3550 2238 3594; x_wconf 88' lang='lat' dir='ltr'><strong>ventura</strong></span> <span class='ocrx_word' id='word_1_687' title='bbox 2269 3553 2427 3607; x_wconf 89' lang='lat' dir='ltr'><strong>esset,</strong></span> <span class='ocrx_word' id='word_1_688' title='bbox 2462 3544 2606 3598; x_wconf 90' lang='lat' dir='ltr'><strong>solos</strong></span> <span class='ocrx_word' id='word_1_689' title='bbox 2643 3559 2736 3598; x_wconf 89' lang='lat' dir='ltr'><strong>eos</strong></span> <span class='ocrx_word' id='word_1_690' title='bbox 2781 3544 2933 3608; x_wconf 91' lang='lat' dir='ltr'><strong>dicit,</strong></span> <span class='ocrx_word' id='word_1_691' title='bbox 2967 3547 3058 3615; x_wconf 91' lang='lat' dir='ltr'><strong>qui</strong></span> <span class='ocrx_word' id='word_1_692' title='bbox 3098 3547 3164 3602; x_wconf 90' lang='lat' dir='ltr'><strong>de</strong></span> <span class='ocrx_word' id='word_1_693' title='bbox 3208 3549 3401 3616; x_wconf 90' lang='lat' dir='ltr'><strong>popqu</strong></span> 
     </span>
    </p>
   </div>
   <div class='ocr_carea' id='block_1_92' title="bbox 1881 3630 3405 3706">
    <p class='ocr_par' dir='ltr' id='par_1_92' title="bbox 1881 3630 3405 3706">
     <span class='ocr_line' id='line_1_92' title="bbox 1881 3630 3405 3706; baseline 0.005 -23"><span class='ocrx_word' id='word_1_694' title='bbox 1881 3630 2068 3698; x_wconf 91' lang='lat' dir='ltr'><strong>reliqui</strong></span> <span class='ocrx_word' id='word_1_695' title='bbox 2100 3630 2316 3692; x_wconf 88' lang='lat' dir='ltr'><strong>fuerint,</strong></span> <span class='ocrx_word' id='word_1_696' title='bbox 2347 3633 2521 3687; x_wconf 91' lang='lat' dir='ltr'><strong>salvos</strong></span> <span class='ocrx_word' id='word_1_697' title='bbox 2552 3632 2665 3687; x_wconf 85' lang='lat' dir='ltr'><strong>fore</strong></span> <span class='ocrx_word' id='word_1_698' title='bbox 2699 3652 2712 3688; x_wconf 88' lang='lat'><strong>:</strong></span> <span class='ocrx_word' id='word_1_699' title='bbox 2739 3635 2818 3688; x_wconf 90' lang='lat' dir='ltr'><strong>sic</strong></span> <span class='ocrx_word' id='word_1_700' title='bbox 2837 3650 2964 3689; x_wconf 86' lang='lat' dir='ltr'><strong>sane</strong></span> <span class='ocrx_word' id='word_1_701' title='bbox 2986 3637 3253 3706; x_wconf 85' lang='lat' dir='ltr'><strong>apostolos</strong></span> <span class='ocrx_word' id='word_1_702' title='bbox 3282 3633 3405 3690; x_wconf 82' lang='lat' dir='ltr'><strong>Sal-</strong></span> 
     </span>
    </p>
   </div>
   <div class='ocr_carea' id='block_1_93' title="bbox 1885 3719 2988 3792">
    <p class='ocr_par' dir='ltr' id='par_1_93' title="bbox 1885 3719 2988 3792">
     <span class='ocr_line' id='line_1_93' title="bbox 1885 3719 2988 3792; baseline 0.007 -22"><span class='ocrx_word' id='word_1_703' title='bbox 1885 3719 2078 3773; x_wconf 86' lang='lat' dir='ltr'><strong>vatoris</strong></span> <span class='ocrx_word' id='word_1_704' title='bbox 2109 3721 2274 3774; x_wconf 88' lang='lat' dir='ltr'><strong>nostri</strong></span> <span class='ocrx_word' id='word_1_705' title='bbox 2297 3722 2630 3791; x_wconf 90' lang='lat' dir='ltr'><strong>apertissime</strong></span> <span class='ocrx_word' id='word_1_706' title='bbox 2656 3722 2988 3792; x_wconf 75' lang='lat' dir='ltr'><strong>significans.</strong></span> 
     </span>
    </p>
   </div>
   <div class='ocr_carea' id='block_1_94' title="bbox 2365 3915 2910 3971">
    <p class='ocr_par' dir='ltr' id='par_1_94' title="bbox 2365 3915 2910 3971">
     <span class='ocr_line' id='line_1_94' title="bbox 2365 3915 2910 3971; baseline 0.002 -2"><span class='ocrx_word' id='word_1_707' title='bbox 2365 3915 2496 3969; x_wconf 85' lang='lat' dir='ltr'><strong>LIV.</strong></span> <span class='ocrx_word' id='word_1_708' title='bbox 2549 3916 2626 3969; x_wconf 79' lang='lat' dir='ltr'><strong>Ab</strong></span> <span class='ocrx_word' id='word_1_709' title='bbox 2663 3916 2910 3971; x_wconf 74' lang='lat' dir='ltr'><strong>Ieremia.</strong></span> 
     </span>
    </p>
   </div>
   <div class='ocr_carea' id='block_1_95' title="bbox 1954 4005 3403 4076">
    <p class='ocr_par' dir='ltr' id='par_1_95' title="bbox 1954 4005 3403 4076">
     <span class='ocr_line' id='line_1_95' title="bbox 1954 4005 3403 4076; baseline 0.006 -21"><span class='ocrx_word' id='word_1_710' title='bbox 1954 4023 1971 4055; x_wconf 84' lang='grc' dir='ltr'><strong>ι</strong></span> <span class='ocrx_word' id='word_1_711' title='bbox 2004 4005 2404 4071; x_wconf 89' lang='lat' dir='ltr'><strong>Convertimini,</strong></span> <span class='ocrx_word' id='word_1_712' title='bbox 2446 4007 2561 4070; x_wconf 80' lang='lat' dir='ltr'><strong>filii,</strong></span> <span class='ocrx_word' id='word_1_713' title='bbox 2594 4007 2684 4076; x_wconf 92' lang='lat' dir='ltr'><strong>qui</strong></span> <span class='ocrx_word' id='word_1_714' title='bbox 2729 4005 3018 4072; x_wconf 80' lang='lat' dir='ltr'><strong>defecistis,</strong></span> <span class='ocrx_word' id='word_1_715' title='bbox 3062 4005 3192 4060; x_wconf 91' lang='lat' dir='ltr'><strong>dicit</strong></span> <span class='ocrx_word' id='word_1_716' title='bbox 3231 4006 3403 4064; x_wconf 83' lang='lat' dir='ltr'><strong>Domi-</strong></span> 
     </span>
    </p>
   </div>
   <div class='ocr_carea' id='block_1_96' title="bbox 1881 4093 3402 4164">
    <p class='ocr_par' dir='ltr' id='par_1_96' title="bbox 1881 4093 3402 4164">
     <span class='ocr_line' id='line_1_96' title="bbox 1881 4093 3402 4164; baseline 0.002 -16"><span class='ocrx_word' id='word_1_717' title='bbox 1881 4109 2021 4160; x_wconf 90' lang='lat' dir='ltr'><strong>nus;</strong></span> <span class='ocrx_word' id='word_1_718' title='bbox 2076 4094 2325 4163; x_wconf 87' lang='lat' dir='ltr'><strong>quoniam</strong></span> <span class='ocrx_word' id='word_1_719' title='bbox 2363 4109 2462 4164; x_wconf 91' lang='lat' dir='ltr'><strong>ego</strong></span> <span class='ocrx_word' id='word_1_720' title='bbox 2499 4093 2811 4148; x_wconf 89' lang='lat' dir='ltr'><strong>dominabor</strong></span> <span class='ocrx_word' id='word_1_721' title='bbox 2853 4096 2907 4148; x_wconf 91' lang='lat' dir='ltr'><strong>in</strong></span> <span class='ocrx_word' id='word_1_722' title='bbox 2943 4094 3112 4158; x_wconf 87' lang='lat' dir='ltr'><strong>vobis,</strong></span> <span class='ocrx_word' id='word_1_723' title='bbox 3164 4103 3217 4149; x_wconf 91' lang='lat' dir='ltr'><strong>et</strong></span> <span class='ocrx_word' id='word_1_724' title='bbox 3260 4099 3402 4151; x_wconf 88' lang='lat' dir='ltr'><strong>acci-</strong></span> 
     </span>
    </p>
   </div>
   <div class='ocr_carea' id='block_1_97' title="bbox 1879 4186 3404 4256">
    <p class='ocr_par' dir='ltr' id='par_1_97' title="bbox 1879 4186 3404 4256">
     <span class='ocr_line' id='line_1_97' title="bbox 1879 4186 3404 4256; baseline 0.006 -19"><span class='ocrx_word' id='word_1_725' title='bbox 1879 4186 2020 4256; x_wconf 87' lang='lat' dir='ltr'><strong>piam</strong></span> <span class='ocrx_word' id='word_1_726' title='bbox 2042 4201 2158 4249; x_wconf 91' lang='lat' dir='ltr'><strong>vos,</strong></span> <span class='ocrx_word' id='word_1_727' title='bbox 2195 4201 2360 4239; x_wconf 92' lang='lat' dir='ltr'><strong>unum</strong></span> <span class='ocrx_word' id='word_1_728' title='bbox 2395 4187 2460 4241; x_wconf 92' lang='lat' dir='ltr'><strong>de</strong></span> <span class='ocrx_word' id='word_1_729' title='bbox 2497 4187 2731 4252; x_wconf 80' lang='lat' dir='ltr'><strong>civitate,</strong></span> <span class='ocrx_word' id='word_1_730' title='bbox 2758 4195 2812 4241; x_wconf 90' lang='lat' dir='ltr'><strong>et</strong></span> <span class='ocrx_word' id='word_1_731' title='bbox 2836 4189 2972 4243; x_wconf 90' lang='lat' dir='ltr'><strong>duos</strong></span> <span class='ocrx_word' id='word_1_732' title='bbox 2999 4186 3065 4242; x_wconf 91' lang='lat' dir='ltr'><strong>de</strong></span> <span class='ocrx_word' id='word_1_733' title='bbox 3098 4187 3316 4253; x_wconf 80' lang='lat' dir='ltr'><strong>familia,</strong></span> <span class='ocrx_word' id='word_1_734' title='bbox 3348 4199 3404 4246; x_wconf 84' lang='lat' dir='ltr'><strong>et</strong></span> 
     </span>
    </p>
   </div>
   <div class='ocr_carea' id='block_1_98' title="bbox 1881 4275 3403 4345">
    <p class='ocr_par' dir='ltr' id='par_1_98' title="bbox 1881 4275 3403 4345">
     <span class='ocr_line' id='line_1_98' title="bbox 1881 4275 3403 4345; baseline 0.006 -18"><span class='ocrx_word' id='word_1_735' title='bbox 1881 4275 2138 4330; x_wconf 87' lang='lat' dir='ltr'><strong>adducam</strong></span> <span class='ocrx_word' id='word_1_736' title='bbox 2168 4291 2265 4330; x_wconf 88' lang='lat' dir='ltr'><strong>vos</strong></span> <span class='ocrx_word' id='word_1_737' title='bbox 2302 4277 2356 4330; x_wconf 91' lang='lat' dir='ltr'><strong>in</strong></span> <span class='ocrx_word' id='word_1_738' title='bbox 2387 4275 2536 4340; x_wconf 89' lang='lat' dir='ltr'><strong>Sion,</strong></span> <span class='ocrx_word' id='word_1_739' title='bbox 2581 4285 2634 4332; x_wconf 87' lang='lat' dir='ltr'><strong>et</strong></span> <span class='ocrx_word' id='word_1_740' title='bbox 2661 4278 2798 4332; x_wconf 88' lang='lat' dir='ltr'><strong>dabo</strong></span> <span class='ocrx_word' id='word_1_741' title='bbox 2844 4278 2993 4333; x_wconf 89' lang='lat' dir='ltr'><strong>vobis</strong></span> <span class='ocrx_word' id='word_1_742' title='bbox 3027 4285 3270 4345; x_wconf 84' lang='lat' dir='ltr'><strong>pastores</strong></span> <span class='ocrx_word' id='word_1_743' title='bbox 3314 4296 3403 4335; x_wconf 86' lang='lat' dir='ltr'><strong>se-</strong></span> 
     </span>
    </p>
   </div>
   <div class='ocr_carea' id='block_1_99' title="bbox 1880 4367 3398 4436">
    <p class='ocr_par' dir='ltr' id='par_1_99' title="bbox 1880 4367 3398 4436">
     <span class='ocr_line' id='line_1_99' title="bbox 1880 4367 3398 4436; baseline 0.004 -18"><span class='ocrx_word' id='word_1_744' title='bbox 1880 4367 2110 4418; x_wconf 90' lang='lat' dir='ltr'><strong>cundum</strong></span> <span class='ocrx_word' id='word_1_745' title='bbox 2138 4380 2230 4420; x_wconf 90' lang='lat' dir='ltr'><strong>cor</strong></span> <span class='ocrx_word' id='word_1_746' title='bbox 2261 4381 2456 4431; x_wconf 88' lang='lat' dir='ltr'><strong>meum,</strong></span> <span class='ocrx_word' id='word_1_747' title='bbox 2487 4375 2538 4420; x_wconf 91' lang='lat' dir='ltr'><strong>et</strong></span> <span class='ocrx_word' id='word_1_748' title='bbox 2572 4376 2790 4435; x_wconf 88' lang='lat' dir='ltr'><strong>pascent</strong></span> <span class='ocrx_word' id='word_1_749' title='bbox 2823 4382 2937 4430; x_wconf 89' lang='lat' dir='ltr'><strong>vos,</strong></span> <span class='ocrx_word' id='word_1_750' title='bbox 2967 4375 3246 4436; x_wconf 89' lang='lat' dir='ltr'><strong>pascentes</strong></span> <span class='ocrx_word' id='word_1_751' title='bbox 3277 4386 3398 4424; x_wconf 90' lang='lat' dir='ltr'><strong>cum</strong></span> 
     </span>
    </p>
   </div>
   <div class='ocr_carea' id='block_1_100' title="bbox 1881 4455 3397 4526">
    <p class='ocr_par' dir='ltr' id='par_1_100' title="bbox 1881 4455 3397 4526">
     <span class='ocr_line' id='line_1_100' title="bbox 1881 4455 3397 4526; baseline 0.002 -17"><span class='ocrx_word' id='word_1_752' title='bbox 1881 4455 2120 4509; x_wconf 89' lang='lat' dir='ltr'><strong>scientia.</strong></span> <span class='ocrx_word' id='word_1_753' title='bbox 2171 4455 2232 4509; x_wconf 86' lang='lat' dir='ltr'><strong>Et</strong></span> <span class='ocrx_word' id='word_1_754' title='bbox 2260 4456 2380 4520; x_wconf 85' lang='lat' dir='ltr'><strong>erit,</strong></span> <span class='ocrx_word' id='word_1_755' title='bbox 2413 4471 2533 4510; x_wconf 88' lang='lat' dir='ltr'><strong>cum</strong></span> <span class='ocrx_word' id='word_1_756' title='bbox 2581 4457 2918 4526; x_wconf 90' lang='lat' dir='ltr'><strong>multiplicati</strong></span> <span class='ocrx_word' id='word_1_757' title='bbox 2946 4457 3158 4512; x_wconf 84' lang='lat' dir='ltr'><strong>fueritis</strong></span> <span class='ocrx_word' id='word_1_758' title='bbox 3199 4468 3251 4513; x_wconf 91' lang='lat' dir='ltr'><strong>et</strong></span> <span class='ocrx_word' id='word_1_759' title='bbox 3279 4475 3397 4512; x_wconf 78' lang='lat' dir='ltr'><strong>cre-</strong></span> 
     </span>
    </p>
   </div>
   <div class='ocr_carea' id='block_1_101' title="bbox 1877 4543 3400 4609">
    <p class='ocr_par' dir='ltr' id='par_1_101' title="bbox 1877 4543 3400 4609">
     <span class='ocr_line' id='line_1_101' title="bbox 1877 4543 3400 4609; baseline 0.005 -13"><span class='ocrx_word' id='word_1_760' title='bbox 1877 4545 2080 4608; x_wconf 87' lang='lat' dir='ltr'><strong>veritis,</strong></span> <span class='ocrx_word' id='word_1_761' title='bbox 2126 4543 2253 4598; x_wconf 91' lang='lat' dir='ltr'><strong>dicit</strong></span> <span class='ocrx_word' id='word_1_762' title='bbox 2296 4545 2574 4609; x_wconf 89' lang='lat' dir='ltr'><strong>Dominus,</strong></span> <span class='ocrx_word' id='word_1_763' title='bbox 2606 4547 2658 4599; x_wconf 91' lang='lat' dir='ltr'><strong>in</strong></span> <span class='ocrx_word' id='word_1_764' title='bbox 2707 4545 2895 4602; x_wconf 90' lang='lat' dir='ltr'><strong>diebus</strong></span> <span class='ocrx_word' id='word_1_765' title='bbox 2941 4547 3050 4602; x_wconf 85' lang='lat' dir='ltr'><strong>illis</strong></span> <span class='ocrx_word' id='word_1_766' title='bbox 3084 4563 3192 4602; x_wconf 90' lang='lat' dir='ltr'><strong>non</strong></span> <span class='ocrx_word' id='word_1_767' title='bbox 3221 4548 3400 4604; x_wconf 82' lang='lat' dir='ltr'><strong>dicent</strong></span> 
     </span>
    </p>
   </div>
   <div class='ocr_carea' id='block_1_102' title="bbox 1876 4633 3394 4702">
    <p class='ocr_par' dir='ltr' id='par_1_102' title="bbox 1876 4633 3394 4702">
     <span class='ocr_line' id='line_1_102' title="bbox 1876 4633 3394 4702; baseline 0.006 -17"><span class='ocrx_word' id='word_1_768' title='bbox 1876 4633 2102 4701; x_wconf 89' lang='lat' dir='ltr'><strong>amplius</strong></span> <span class='ocrx_word' id='word_1_769' title='bbox 2146 4652 2158 4687; x_wconf 90' lang='lat'><strong>:</strong></span> <span class='ocrx_word' id='word_1_770' title='bbox 2195 4649 2320 4687; x_wconf 89' lang='lat' dir='ltr'><strong>arca</strong></span> <span class='ocrx_word' id='word_1_771' title='bbox 2379 4633 2704 4689; x_wconf 85' lang='lat' dir='ltr'><strong>Testamcnti</strong></span> <span class='ocrx_word' id='word_1_772' title='bbox 2766 4635 2972 4690; x_wconf 90' lang='lat' dir='ltr'><strong>Domini</strong></span> <span class='ocrx_word' id='word_1_773' title='bbox 3031 4639 3224 4702; x_wconf 88' lang='lat' dir='ltr'><strong>Israel,</strong></span> <span class='ocrx_word' id='word_1_774' title='bbox 3288 4654 3394 4694; x_wconf 88' lang='lat' dir='ltr'><strong>non</strong></span> 
     </span>
    </p>
   </div>
   <div class='ocr_carea' id='block_1_103' title="bbox 1875 4723 3395 4794">
    <p class='ocr_par' dir='ltr' id='par_1_103' title="bbox 1875 4723 3395 4794">
     <span class='ocr_line' id='line_1_103' title="bbox 1875 4723 3395 4794; baseline 0.003 -17"><span class='ocrx_word' id='word_1_775' title='bbox 1875 4723 2124 4778; x_wconf 89' lang='lat' dir='ltr'><strong>ascendet</strong></span> <span class='ocrx_word' id='word_1_776' title='bbox 2176 4724 2230 4778; x_wconf 90' lang='lat' dir='ltr'><strong>in</strong></span> <span class='ocrx_word' id='word_1_777' title='bbox 2281 4739 2394 4787; x_wconf 90' lang='lat' dir='ltr'><strong>cor,</strong></span> <span class='ocrx_word' id='word_1_778' title='bbox 2427 4741 2598 4794; x_wconf 88' lang='lat' dir='ltr'><strong>neque</strong></span> <span class='ocrx_word' id='word_1_779' title='bbox 2643 4727 3027 4787; x_wconf 88' lang='lat' dir='ltr'><strong>nominabitur,</strong></span> <span class='ocrx_word' id='word_1_780' title='bbox 3071 4735 3124 4781; x_wconf 91' lang='lat' dir='ltr'><strong>et</strong></span> <span class='ocrx_word' id='word_1_781' title='bbox 3161 4742 3267 4780; x_wconf 85' lang='lat' dir='ltr'><strong>non</strong></span> <span class='ocrx_word' id='word_1_782' title='bbox 3306 4727 3395 4781; x_wconf 81' lang='lat' dir='ltr'><strong>fiet</strong></span> 
     </span>
    </p>
   </div>
   <div class='ocr_carea' id='block_1_104' title="bbox 1876 4811 3390 4883">
    <p class='ocr_par' dir='ltr' id='par_1_104' title="bbox 1876 4811 3390 4883">
     <span class='ocr_line' id='line_1_104' title="bbox 1876 4811 3390 4883; baseline 0.003 -18"><span class='ocrx_word' id='word_1_783' title='bbox 1876 4812 2180 4880; x_wconf 67' lang='lat' dir='ltr'><strong>amplius&quot;.</strong></span> <span class='ocrx_word' id='word_1_784' title='bbox 2212 4831 2230 4863; x_wconf 73' lang='grc' dir='ltr'><strong>ι</strong></span> <span class='ocrx_word' id='word_1_785' title='bbox 2265 4811 2320 4866; x_wconf 93' lang='lat' dir='ltr'><strong>In</strong></span> <span class='ocrx_word' id='word_1_786' title='bbox 2351 4815 2434 4867; x_wconf 88' lang='lat' dir='ltr'><strong>his</strong></span> <span class='ocrx_word' id='word_1_787' title='bbox 2458 4830 2669 4883; x_wconf 88' lang='lat' dir='ltr'><strong>quoque</strong></span> <span class='ocrx_word' id='word_1_788' title='bbox 2700 4816 3100 4870; x_wconf 81' lang='lat' dir='ltr'><strong>conversionem</strong></span> <span class='ocrx_word' id='word_1_789' title='bbox 3127 4815 3310 4879; x_wconf 89' lang='lat' dir='ltr'><strong>Israel,</strong></span> <span class='ocrx_word' id='word_1_790' title='bbox 3337 4815 3390 4869; x_wconf 87' lang='lat' dir='ltr'><strong>in</strong></span> 
     </span>
    </p>
   </div>
   <div class='ocr_carea' id='block_1_105' title="bbox 1875 4899 3391 4959">
    <p class='ocr_par' dir='ltr' id='par_1_105' title="bbox 1875 4899 3391 4959">
     <span class='ocr_line' id='line_1_105' title="bbox 1875 4899 3391 4959; baseline 0.002 -5"><span class='ocrx_word' id='word_1_791' title='bbox 1875 4902 2104 4955; x_wconf 90' lang='lat' dir='ltr'><strong>adventu</strong></span> <span class='ocrx_word' id='word_1_792' title='bbox 2136 4899 2426 4956; x_wconf 87' lang='lat' dir='ltr'><strong>Salvatoris</strong></span> <span class='ocrx_word' id='word_1_793' title='bbox 2459 4905 2626 4959; x_wconf 88' lang='lat' dir='ltr'><strong>nostri</strong></span> <span class='ocrx_word' id='word_1_794' title='bbox 2660 4903 2785 4958; x_wconf 76' lang='lat' dir='ltr'><strong>.lesu</strong></span> <span class='ocrx_word' id='word_1_795' title='bbox 2814 4903 3014 4957; x_wconf 87' lang='lat' dir='ltr'><strong>Christi</strong></span> <span class='ocrx_word' id='word_1_796' title='bbox 3042 4902 3270 4956; x_wconf 87' lang='lat' dir='ltr'><strong>futuram</strong></span> <span class='ocrx_word' id='word_1_797' title='bbox 3300 4919 3391 4958; x_wconf 82' lang='lat' dir='ltr'><strong>ca~</strong></span> 
     </span>
    </p>
   </div>
   <div class='ocr_carea' id='block_1_106' title="bbox 1875 4987 3393 5057">
    <p class='ocr_par' dir='ltr' id='par_1_106' title="bbox 1875 4987 3393 5057">
     <span class='ocr_line' id='line_1_106' title="bbox 1875 4987 3393 5057; baseline -0.003 -13"><span class='ocrx_word' id='word_1_798' title='bbox 1875 4992 1970 5054; x_wconf 91' lang='lat' dir='ltr'><strong>nit,</strong></span> <span class='ocrx_word' id='word_1_799' title='bbox 2001 4990 2054 5043; x_wconf 90' lang='lat' dir='ltr'><strong>in</strong></span> <span class='ocrx_word' id='word_1_800' title='bbox 2089 5004 2214 5057; x_wconf 89' lang='lat' dir='ltr'><strong>qua,</strong></span> <span class='ocrx_word' id='word_1_801' title='bbox 2247 5003 2368 5042; x_wconf 91' lang='lat' dir='ltr'><strong>cum</strong></span> <span class='ocrx_word' id='word_1_802' title='bbox 2413 5005 2576 5044; x_wconf 90' lang='lat' dir='ltr'><strong>unum</strong></span> <span class='ocrx_word' id='word_1_803' title='bbox 2623 4991 2688 5044; x_wconf 89' lang='lat' dir='ltr'><strong>de</strong></span> <span class='ocrx_word' id='word_1_804' title='bbox 2723 4989 2934 5043; x_wconf 85' lang='lat' dir='ltr'><strong>civitate</strong></span> <span class='ocrx_word' id='word_1_805' title='bbox 2959 4995 3010 5040; x_wconf 89' lang='lat' dir='ltr'><strong>et</strong></span> <span class='ocrx_word' id='word_1_806' title='bbox 3051 4987 3185 5041; x_wconf 91' lang='lat' dir='ltr'><strong>duos</strong></span> <span class='ocrx_word' id='word_1_807' title='bbox 3217 4987 3282 5041; x_wconf 93' lang='lat' dir='ltr'><strong>de</strong></span> <span class='ocrx_word' id='word_1_808' title='bbox 3314 4987 3393 5040; x_wconf 84' lang='lat' dir='ltr'><strong>fa-</strong></span> 
     </span>
    </p>
   </div>
   <div class='ocr_carea' id='block_1_107' title="bbox 1874 5075 3386 5148">
    <p class='ocr_par' dir='ltr' id='par_1_107' title="bbox 1874 5075 3386 5148">
     <span class='ocr_line' id='line_1_107' title="bbox 1874 5075 3386 5148; baseline -0.003 -14"><span class='ocrx_word' id='word_1_809' title='bbox 1874 5079 2038 5141; x_wconf 89' lang='lat' dir='ltr'><strong>milia,</strong></span> <span class='ocrx_word' id='word_1_810' title='bbox 2071 5085 2123 5132; x_wconf 90' lang='lat' dir='ltr'><strong>et</strong></span> <span class='ocrx_word' id='word_1_811' title='bbox 2153 5075 2304 5133; x_wconf 90' lang='lat' dir='ltr'><strong>valde</strong></span> <span class='ocrx_word' id='word_1_812' title='bbox 2331 5093 2526 5146; x_wconf 89' lang='lat' dir='ltr'><strong>paucos</strong></span> <span class='ocrx_word' id='word_1_813' title='bbox 2579 5087 2632 5134; x_wconf 90' lang='lat' dir='ltr'><strong>et</strong></span> <span class='ocrx_word' id='word_1_814' title='bbox 2661 5091 2882 5132; x_wconf 82' lang='lat' dir='ltr'><strong>numero</strong></span> <span class='ocrx_word' id='word_1_815' title='bbox 2909 5077 3127 5144; x_wconf 76' lang='lat' dir='ltr'><strong>exiguos</strong></span> <span class='ocrx_word' id='word_1_816' title='bbox 3153 5077 3386 5148; x_wconf 87' lang='lat' dir='ltr'><strong>elegerit,</strong></span> 
     </span>
    </p>
   </div>
   <div class='ocr_carea' id='block_1_108' title="bbox 1872 5165 3386 5238">
    <p class='ocr_par' dir='ltr' id='par_1_108' title="bbox 1872 5165 3386 5238">
     <span class='ocr_line' id='line_1_108' title="bbox 1872 5165 3386 5238; baseline 0.001 -16"><span class='ocrx_word' id='word_1_817' title='bbox 1872 5181 2054 5222; x_wconf 90' lang='lat' dir='ltr'><strong>earum</strong></span> <span class='ocrx_word' id='word_1_818' title='bbox 2083 5183 2200 5238; x_wconf 76' lang='lat' dir='ltr'><strong>quae</strong></span> <span class='ocrx_word' id='word_1_819' title='bbox 2226 5167 2280 5221; x_wconf 92' lang='lat' dir='ltr'><strong>in</strong></span> <span class='ocrx_word' id='word_1_820' title='bbox 2313 5167 2485 5236; x_wconf 90' lang='lat' dir='ltr'><strong>ipsum</strong></span> <span class='ocrx_word' id='word_1_821' title='bbox 2511 5169 2829 5223; x_wconf 88' lang='lat' dir='ltr'><strong>crediderint</strong></span> <span class='ocrx_word' id='word_1_822' title='bbox 2864 5165 3096 5235; x_wconf 91' lang='lat' dir='ltr'><strong>gentium</strong></span> <span class='ocrx_word' id='word_1_823' title='bbox 3127 5175 3386 5236; x_wconf 87' lang='lat' dir='ltr'><strong>pastores.</strong></span> 
     </span>
    </p>
   </div>
   <div class='ocr_carea' id='block_1_109' title="bbox 1871 5253 3388 5326">
    <p class='ocr_par' dir='ltr' id='par_1_109' title="bbox 1871 5253 3388 5326">
     <span class='ocr_line' id='line_1_109' title="bbox 1871 5253 3388 5326; baseline -0.001 -16"><span class='ocrx_word' id='word_1_824' title='bbox 1871 5271 2098 5326; x_wconf 90' lang='lat' dir='ltr'><strong>cumque</strong></span> <span class='ocrx_word' id='word_1_825' title='bbox 2126 5256 2180 5310; x_wconf 91' lang='lat' dir='ltr'><strong>in</strong></span> <span class='ocrx_word' id='word_1_826' title='bbox 2221 5266 2360 5310; x_wconf 87' lang='lat' dir='ltr'><strong>terra</strong></span> <span class='ocrx_word' id='word_1_827' title='bbox 2403 5263 2584 5326; x_wconf 88' lang='lat' dir='ltr'><strong>gentes</strong></span> <span class='ocrx_word' id='word_1_828' title='bbox 2617 5257 2668 5309; x_wconf 94' lang='lat' dir='ltr'><strong>in</strong></span> <span class='ocrx_word' id='word_1_829' title='bbox 2699 5270 2795 5310; x_wconf 90' lang='lat' dir='ltr'><strong>sua</strong></span> <span class='ocrx_word' id='word_1_830' title='bbox 2829 5254 3060 5322; x_wconf 84' lang='lat' dir='ltr'><strong>ipsarum</strong></span> <span class='ocrx_word' id='word_1_831' title='bbox 3091 5253 3269 5309; x_wconf 89' lang='lat' dir='ltr'><strong>futura</strong></span> <span class='ocrx_word' id='word_1_832' title='bbox 3297 5269 3388 5309; x_wconf 83' lang='lat' dir='ltr'><strong>vo-</strong></span> 
     </span>
    </p>
   </div>
   <div class='ocr_carea' id='block_1_110' title="bbox 1873 5346 3387 5416">
    <p class='ocr_par' dir='ltr' id='par_1_110' title="bbox 1873 5346 3387 5416">
     <span class='ocr_line' id='line_1_110' title="bbox 1873 5346 3387 5416; baseline -0.001 -14"><span class='ocrx_word' id='word_1_833' title='bbox 1873 5349 2084 5402; x_wconf 89' lang='lat' dir='ltr'><strong>catione</strong></span> <span class='ocrx_word' id='word_1_834' title='bbox 2113 5347 2377 5402; x_wconf 76' lang='lat' dir='ltr'><strong>creverint</strong></span> <span class='ocrx_word' id='word_1_835' title='bbox 2410 5366 2423 5400; x_wconf 89' lang='lat'><strong>:</strong></span> <span class='ocrx_word' id='word_1_836' title='bbox 2470 5366 2488 5398; x_wconf 83' lang='grc' dir='ltr'><strong>ι</strong></span> <span class='ocrx_word' id='word_1_837' title='bbox 2515 5346 2631 5401; x_wconf 86' lang='lat' dir='ltr'><strong>Non</strong></span> <span class='ocrx_word' id='word_1_838' title='bbox 2683 5348 2841 5410; x_wconf 91' lang='lat' dir='ltr'><strong>ultra,</strong></span> <span class='ocrx_word' id='word_1_839' title='bbox 2876 5346 3066 5416; x_wconf 89' lang='lat' dir='ltr'><strong>inquit,</strong></span> <span class='ocrx_word' id='word_1_840' title='bbox 3093 5346 3161 5401; x_wconf 84' lang='lat' dir='ltr'><strong>ab</strong></span> <span class='ocrx_word' id='word_1_841' title='bbox 3196 5347 3275 5402; x_wconf 86' lang='lat' dir='ltr'><strong>eis</strong></span> <span class='ocrx_word' id='word_1_842' title='bbox 3306 5346 3387 5400; x_wconf 88' lang='lat' dir='ltr'><strong>di-</strong></span> 
     </span>
    </p>
   </div>
   <div class='ocr_carea' id='block_1_111' title="bbox 1875 5435 3383 5502">
    <p class='ocr_par' dir='ltr' id='par_1_111' title="bbox 1875 5435 3383 5502">
     <span class='ocr_line' id='line_1_111' title="bbox 1875 5435 3383 5502; baseline -0.003 -10"><span class='ocrx_word' id='word_1_843' title='bbox 1875 5448 2044 5501; x_wconf 90' lang='lat' dir='ltr'><strong>cetur,</strong></span> <span class='ocrx_word' id='word_1_844' title='bbox 2093 5453 2216 5492; x_wconf 89' lang='lat' dir='ltr'><strong>arca</strong></span> <span class='ocrx_word' id='word_1_845' title='bbox 2252 5435 2575 5492; x_wconf 87' lang='lat' dir='ltr'><strong>Testamenti</strong></span> <span class='ocrx_word' id='word_1_846' title='bbox 2611 5435 2856 5502; x_wconf 89' lang='lat' dir='ltr'><strong>Domini;</strong></span> <span class='ocrx_word' id='word_1_847' title='bbox 2889 5456 2907 5488; x_wconf 76' lang='grc' dir='ltr'><strong>ι</strong></span> <span class='ocrx_word' id='word_1_848' title='bbox 2960 5452 3065 5491; x_wconf 90' lang='lat' dir='ltr'><strong>non</strong></span> <span class='ocrx_word' id='word_1_849' title='bbox 3093 5435 3234 5492; x_wconf 91' lang='lat' dir='ltr'><strong>enim</strong></span> <span class='ocrx_word' id='word_1_850' title='bbox 3272 5451 3383 5488; x_wconf 76' lang='lat' dir='ltr'><strong>am-</strong></span> 
     </span>
    </p>
   </div>
   <div class='ocr_carea' id='block_1_112' title="bbox 1876 5527 3382 5597">
    <p class='ocr_par' dir='ltr' id='par_1_112' title="bbox 1876 5527 3382 5597">
     <span class='ocr_line' id='line_1_112' title="bbox 1876 5527 3382 5597; baseline -0.002 -15"><span class='ocrx_word' id='word_1_851' title='bbox 1876 5528 2015 5597; x_wconf 84' lang='lat' dir='ltr'><strong>plius</strong></span> <span class='ocrx_word' id='word_1_852' title='bbox 2047 5529 2112 5582; x_wconf 92' lang='lat' dir='ltr'><strong>ad</strong></span> <span class='ocrx_word' id='word_1_853' title='bbox 2160 5527 2352 5597; x_wconf 82' lang='lat' dir='ltr'><strong>Moysis</strong></span> <span class='ocrx_word' id='word_1_854' title='bbox 2383 5527 2687 5596; x_wconf 85' lang='lat' dir='ltr'><strong>corporales</strong></span> <span class='ocrx_word' id='word_1_855' title='bbox 2730 5527 3063 5584; x_wconf 86' lang='lat' dir='ltr'><strong>adorationes</strong></span> <span class='ocrx_word' id='word_1_856' title='bbox 3090 5532 3382 5589; x_wconf 86' lang='lat' dir='ltr'><strong>recurrent,</strong></span> 
     </span>
    </p>
   </div>
   <div class='ocr_carea' id='block_1_113' title="bbox 299 5673 1785 5756">
    <p class='ocr_par' dir='ltr' id='par_1_113' title="bbox 299 5673 1785 5756">
     <span class='ocr_line' id='line_1_113' title="bbox 299 5673 1785 5756; baseline -0.014 -13"><span class='ocrx_word' id='word_1_857' title='bbox 299 5673 600 5756; x_wconf 66' lang='lat' dir='ltr'><strong>&quot;Sophon.</strong></span> <span class='ocrx_word' id='word_1_858' title='bbox 637 5695 729 5741; x_wconf 87' lang='grc' dir='ltr'>ιιι,</span> <span class='ocrx_word' id='word_1_859' title='bbox 777 5675 936 5729; x_wconf 78' lang='lat'><strong>9-15.</strong></span> <span class='ocrx_word' id='word_1_860' title='bbox 1007 5675 1051 5704; x_wconf 82' lang='grc'><strong>⁸¹</strong></span> <span class='ocrx_word' id='word_1_861' title='bbox 1102 5673 1322 5727; x_wconf 82' lang='lat' dir='ltr'><strong>Zachar.</strong></span> <span class='ocrx_word' id='word_1_862' title='bbox 1355 5673 1598 5741; x_wconf 71' lang='lat' dir='ltr'><strong>x1v,l,2.</strong></span> <span class='ocrx_word' id='word_1_863' title='bbox 1671 5679 1713 5712; x_wconf 63' lang='grc' dir='ltr'><strong>δ’</strong></span> <span class='ocrx_word' id='word_1_864' title='bbox 1742 5679 1785 5732; x_wconf 61' lang='grc' dir='ltr'>,ιε</span> 
     </span>
    </p>
   </div>
   <div class='ocr_carea' id='block_1_114' title="bbox 1882 5673 2154 5756">
    <p class='ocr_par' dir='ltr' id='par_1_114' title="bbox 1882 5678 2154 5733">
     <span class='ocr_line' id='line_1_114' title="bbox 1882 5678 2154 5733; baseline 0.011 -3"><span class='ocrx_word' id='word_1_865' title='bbox 1882 5678 1941 5730; x_wconf 87' lang='grc' dir='ltr'><strong>ΙΙ.</strong></span> <span class='ocrx_word' id='word_1_866' title='bbox 1976 5679 2090 5732; x_wconf 76' lang='lat' dir='ltr'><strong>M-I</strong></span> <span class='ocrx_word' id='word_1_867' title='bbox 2103 5683 2154 5733; x_wconf 85' lang='lat'><strong>6.</strong></span> 
     </span>
    </p>
   </div>
   <div class='ocr_carea' id='block_1_115' title="bbox 287 5763 1785 5872">
    <p class='ocr_par' dir='ltr' id='par_1_115' title="bbox 287 5763 1785 5872">
     <span class='ocr_line' id='line_1_115' title="bbox 287 5763 1785 5872; baseline -0.003 -22"><span class='ocrx_word' id='word_1_868' title='bbox 287 5789 348 5872; x_wconf 73' lang='grc' dir='ltr'>(ί)</span> <span class='ocrx_word' id='word_1_869' title='bbox 385 5800 559 5856; x_wconf 88' lang='lat' dir='ltr'><strong>Deest</strong></span> <span class='ocrx_word' id='word_1_870' title='bbox 597 5763 822 5857; x_wconf 80' lang='lat' dir='ltr'><strong>aliquid</strong></span> <span class='ocrx_word' id='word_1_871' title='bbox 856 5784 928 5839; x_wconf 86' lang='lat' dir='ltr'><strong>ad</strong></span> <span class='ocrx_word' id='word_1_872' title='bbox 949 5783 1348 5843; x_wconf 81' lang='lat' dir='ltr'><strong>sull‘ulciendam</strong></span> <span class='ocrx_word' id='word_1_873' title='bbox 1367 5789 1693 5859; x_wconf 83' lang='lat' dir='ltr'><strong>sententiam,</strong></span> <span class='ocrx_word' id='word_1_874' title='bbox 1724 5790 1785 5848; x_wconf 67' lang='lat' dir='ltr'><strong>fon</strong></span> 
     </span>
    </p>
   </div>
   <div class='ocr_carea' id='block_1_116' title="bbox 1882 5763 2340 5872">
    <p class='ocr_par' dir='ltr' id='par_1_116' title="bbox 1885 5791 2340 5864">
     <span class='ocr_line' id='line_1_116' title="bbox 1885 5791 2340 5864; baseline 0 -17"><span class='ocrx_word' id='word_1_875' title='bbox 1885 5793 2223 5864; x_wconf 84' lang='grc' dir='ltr'>καταστήσει.</span> <span class='ocrx_word' id='word_1_876' title='bbox 2247 5791 2340 5849; x_wconf 82' lang='lat' dir='ltr'><strong>Eo.</strong></span> 
     </span>
    </p>
   </div>
  </div>
