3870 6374
103 424 233 519 κού

1104 407 1734 484 υειιοΝετιιΑτιοΝιε
1770 419 2214 481 “nomen:
2251 421 2375 479 LIB.
2414 425 2497 480 lli.

3278 425 3378 480 {66

304 515 669 615 οἰ-προφῇται
694 527 813 601 τὴν
839 537 960 590 τοῦ
991 541 1325 613 Εὐαγγελίου
1356 544 1563 615 μνήμην
1577 541 1665 596 ἐπὶ
1683 541 1769 596 τοῦ

1875 543 1949 598 illi
1982 540 2075 597 uni
2104 553 2265 610 posse
2306 538 2721 604 accommodari,
2745 555 2807 595 ex
2835 543 3038 597 eventis
3066 539 3378 597 certissimis

142 608 177 703 ἱ
216 608 370 693 ριστοῦ
387 612 870 688 παρελάμϐανον.

1868 633 1976 702 jam
2020 632 2127 702 jam
2176 629 2656 701 comprobabimus,
2713 629 2781 691 si,
2832 630 2971 698 quod
3018 629 3376 686 necessarium

170 719 281 788 ριν
300 704 437 781 illi“
454 706 596 763 ἣὶηύ
624 719 1024 789 contemplati
1049 725 1274 790 erimus,
1303 725 1746 796 quemadmodum
1770 730 2059 797 propheta:
2089 723 2357 795 Evangelii
2387 709 2705 777 mentionem
2755 721 2809 775 in
2857 721 3067 778 Christo
3096 737 3202 778 non
3243 734 3379 788 pra:-

177 801 530 874 ias-miserint.

179 927 385 987 ’σπως
414 918 799 999 οἰιπροφῇται
840 924 1109 999 τὴνᾲτοῦ
1129 928 1483 999 [May-rauci)
1529 927 1764 997 μνήμην

462 989 560 1042 ἐπὶ
594 989 703 1042 τοῦ
732 989 1010 1058 Χριστοῦ
1041 989 1506 1066 παρελάμϐανον.

258 1082 338 1133 A'.
384 1099 407 1133 ι
435 1080 543 1134 Τοῦ
581 1081 922 1153 δηλωθέντος
966 1088 1175 1157 μάρτυς
1203 1086 1266 1139 ἂν
1306 1087 1388 1158 εἴη
1420 1088 1650 1158 ῥήμασιν
1671 1085 1768 1138 αὐ-

166 1172 297 1231 ταῖς
339 1171 597 1234 Ἡσαΐας.
639 1173 704 1224 ὲκ
740 1172 1044 1242 προσώπου
1082 1174 1174 1228 τοῦ
1197 1175 1427 1246 Χριστοῦ
1469 1172 1763 1246 κεκραγώς·

172 1285 186 1314 ι
224 1259 480 1330 Πνεῦμα
504 1261 715 1332 Κυρίου
737 1262 825 1314 ἐπ’
851 1263 976 1331 ἐμὲ,
996 1256 1059 1314 οῦ
1080 1264 1277 1316 εἵνεκεν
1308 1263 1483 1335 ἓχρισέ
1510 1280 1594 1334 με·
1618 1263 1771 1330 εὐαγ-

167 1348 516 1421 γελίσασθαι
542 1355 782 1422 πτωχοῖς
807 1353 1115 1406 ἀπέσταλκέ
1149 1371 1234 1423 με,
1260 1353 1484 1423 κηρύξαι
1501 1352 1768 1424 αἰχμαλώ-

177 1455 305 1499 τοις
333 1440 562 1509 ἄφεσιν,
604 1443 703 1494 καὶ
734 1442 955 1509 τυφλοῖς
993 1442 1298 1512 ἀνάϐλεψινο
1337 1462 1354 1495 ι
1382 1444 1448 1513 ἧν
1474 1461 1593 1497 τινα
1638 1461 1768 1514 προ-

182 1530 428 1599 φητείαν
450 1533 481 1583 6
510 1531 712 1603 Σωτὴρ
736 1531 896 1601 ἡμῶν
924 1534 982 1585 ὲν
1000 1535 1067 1603 τῇ
1097 1536 1373 1603 συναγωγῇ
1399 1533 1526 1585 ποτὲ
1551 1530 1764 1586 διελθὼν

194 1614 292 1668 επὶ
325 1617 420 1668 τοῦ
472 1617 724 1688 πλήθους
754 1619 864 1673 τῶν
903 1620 1183 1683 Ἰουδαίων,
1242 1619 1441 1683 πτύξας
1482 1618 1542 1671 τὺ
1568 1618 1761 1688 βιϐλίον

215 1703 324 1758 εἷπε
342 1722 356 1734 '
396 1728 414 1759 ι
444 1710 704 1780 Σήμερον
747 1710 1101 1782 πεπλήρωται
1128 1713 1159 1781 ἡ
1187 1712 1371 1783 Γραφὴ
1399 1710 1532 1781 αὕτη
1563 1712 1618 1763 ὲν
1655 1711 1763 1770 τοῖς

187 1799 325 1880 ὠρνίν
352 1800 537 1870 ὐμῶν,
579 1819 603 1851 s
643 1802 743 1853 καί
775 1800 841 1869 δὴ
879 1800 1087 1873 ἐνθένδε
1123 1799 1415 1870 ἀρξάμενος
1447 1799 1546 1866 τῆς
1568 1798 1763 1859 οἰκείας
1796 1824 1836 1878 Β

158 1889 545 1954 διδασκαλίας
590 1894 836 1959 πτωχοῖς
881 1889 1248 1960 εὐηγγελίζετο
1297 1889 1403 1941 τῶν
1451 1890 1576 1959 παρ’
1622 1888 1767 1958 αὐτῷ

174 1981 597 2051 φακαρισμῶν,
641 1980 994 2050 προτάττωνο
1033 1998 1050 2028 ι
1088 1979 1352 2048 Μακάριοι
1381 1979 1427 2030 οἱ
1459 1979 1658 2048 πτωχοὶ
1692 1978 1768 2049 τῷ

198 2070 487 2140 πνεύματι,
529 2070 624 2122 ὅτι
644 2068 832 2122 αὐτῶν
858 2070 1002 2121 ἐστιν
1030 2070 1062 2137 ἡ
1083 2067 1320 2144 βασιλεία
1340 2068 1446 2120 τῶν
1476 2066 1762 2138 οὐρανῶν.»

218 2160 369 2213 Ἀλλὰ
392 2160 491 2214 καὶ
522 2162 647 2222 τοῖς
671 2158 782 2210 ὐπὸ
810 2157 1124 2227 πνευμάτων
1151 2157 1391 2228 πονηρῶν
1416 2157 1765 2228 ὀχλουμένοις,

206 2252 306 2305 ὐπό
333 2269 386 2305 τε
407 2250 699 2320 δαιμόνων
728 2248 927 2318 τρόπον
947 2232 1295 2316 αἰχμαλώτων
1325 2246 1486 2298 πάλαι
1518 2247 1768 2316 πρότερον

206 2341 663 2412 κεκρατημένοις,
700 2338 802 2407 τὴν
826 2336 1017 2405 ἄφεσιν
1037 2336 1394 2405 προεκήρυττε
1420 2337 1542 2396 τοὺς
1572 2334 1769 2396 πάντας

207 2426 283 2488 είς
307 2424 628 2496 ἐλευθερίαν
651 2422 753 2474 καὶ
780 2420 932 2472 λύσιν
958 2418 1063 2472 τῶν
1092 2419 1196 2472 ἀπὸ
1216 2419 1405 2480 κακίας
1427 2416 1630 2486 δεσμῶν
1647 2416 1770 2468 ἀνα-

206 2514 555 2586 καλούμενος,
601 2513 674 2566 δι*
703 2504 782 2564 ὧν
824 2510 1075 2578 ἐφασκεψ
1109 2528 1126 2559 ι
1163 2507 1322 2561 Δεῦτε
1355 2508 1486 2578 πρός
1540 2523 1605 2577 με
1638 2506 1769 2558 πάν-

208 2621 299 2668 τες
321 2607 366 2659 οἰ
391 2604 713 2665 κοπιῶντες
730 2601 827 2654 καὶ
858 2599 1287 2669 πεφορτισμένοι,
1311 2597 1461 2666 κάγὼ
1480 2594 1770 2649 ἀναπαύσω

209 2697 365 2765 ὑμᾶς.
408 2715 426 2747 ι
454 2695 574 2747 Καὶ
603 2691 834 2759 τυφλοῖς
864 2689 919 2741 δὲ
964 2690 1061 2760 τὴν
1086 2688 1368 2756 ἀνάϐλεψιν
1397 2688 1635 2756 παρεῖχε,
1659 2688 1769 2748 τοῖς

211 2784 309 2845 τὰς
337 2783 482 2852 ϐψεις
511 2780 613 2833 τοῦ
651 2776 907 2847 σώματος
936 2773 1335 2845 διεφθαρμένοις
1364 2771 1424 2823 τὸ
1446 2770 1653 2840 βλέπειν
1671 2769 1770 2821 δω-

216 2872 487 2942 ρούμενος,
507 2869 659 2924 κατὰ
685 2868 926 2921 διάνοιαν
944 2867 1054 2926 τοῖς
1076 2863 1237 2916 πάλαι
1264 2862 1388 2939 περὶ
1409 2859 1503 2929 τὴν
1521 2858 1768 2929 ἀλήθειαν

215 2963 568 3015 ἀναϐλέπουσι
593 2960 701 3028 (1),
733 2958 796 3009 τὺ
833 2956 945 3025 φῶς
975 2954 1072 3024 τῆς
1109 2951 1331 3022 ἀληθοῦς
1368 2950 1638 3012 εὐσεϐείας
1668 2965 1769 3000 πα-

220 3051 388 3119 ρέχων
414 3052 566 3120 όρᾷν.
611 3045 855 3115 Τδν’μὲν
876 3040 967 3096 οὖν
988 3040 1215 3111 Χριστόν
1246 3039 1301 3090 ὲν
1331 3036 1558 3107 πρώτοις
1593 3036 1770 3089 αὐθέν-

220 3155 322 3205 την
351 3139 437 3191 καὶ
474 3135 728 3208 ἀρχηγὸν
760 3131 975 3184 ἔσεσθαι
1004 3129 1101 3197 τῆς
1140 3123 1486 3193 εὐαγγελικῆς
1519 3141 1767 3194 πραγμα-
1790 3128 1832 3186 c

223 3227 363 3290 τείας
384 3230 418 3298 ή
451 3222 831 3296 παρατεθεῖσα
859 3216 1155 3298 προφητεία
1201 3212 1505 3283 παρίστησι.
1534 3213 1681 3265 Μετὰ
1711 3212 1766 3264 δὲ

225 3314 378 3368 αὐτὸν
406 3296 504 3385 τῆς
530 3312 711 3381 αὐτῆς
750 3306 1051 3366 ὑποθέσεως
1089 3296 1358 3371 ὐπηρέτας
1402 3298 1609 3359 ἔσεσθαι
1647 3299 1769 3361 τοὺς

229 3402 384 3455 αὐτοῦ
429 3399 677 3473 μαθητὰς
721 3392 964 3457 θεσπίζει
999 3394 1028 3443 6
1056 3389 1211 3451 αὐτὸς
1239 3389 1407 3454 λέγων
1461 3387 1763 3457 προφήτης’

236 3510 259 3540 ι
309 3491 386 3555 Ὦς
413 3492 599 3562 ὡραῖοι
628 3489 683 3540 οί
713 3485 873 3545 πόδες
900 3481 1005 3534 τῶν
1056 3474 1540 3545 εὐαγγελιζομένων
1572 3474 1765 3542 ἀγαθὰ,

232 3580 272 3648 ἢ
314 3581 402 3634 τῶν
436 3574 940 3647 εὐαγγελιζομένων
988 3571 1227 3639 εἰρήνην.
1282 3585 1300 3618 ι
1357 3564 1520 3617 Ἔνθα
1577 3564 1770 3634 σφόδρα

238 3668 692 3740 ἀπηκριϐωμένως
722 3661 957 3733 ὡραίους
986 3660 1178 3728 ἔφησεν
1208 3655 1418 3708 ἔσεσθαι
1459 3653 1580 3715 τοὺς
1614 3652 1771 3715 πόδας

239 3754 868 3833 τῶνεύαγγελιζομένων
915 3749 983 3803 τὰ
1027 3746 1119 3802 τοῦ
1158 3744 1389 3817 Χριστοῦ
1420 3742 1613 3810 ἀγαθὰ,
1658 3741 1772 3805 πῶς

242 3848 336 3900 οὐκ
359 3830 569 3919 ἔμελλον
600 3847 799 3915 ὡραῖοι
832 3839 1065 3902 ἔσεσθαι,
1097 3838 1145 3889 οἰ
1177 3837 1233 3887 ὲν
1258 3833 1424 3903 ὀλίγῳ
1459 3833 1551 3886 καὶ
1587 3830 1773 3902 βραχεῖ

246 3938 404 4009 χρόνῳ
440 3940 535 4010 τὴν
580 3938 767 3990 πᾶσαν
806 3926 1286 4000 περιδραμούμενοι
1315 3922 1646 3992 οἰκουμένην,
1680 3920 1771 3973 καὶ

247 4025 404 4081 πάντα
428 4029 586 4080 τόπον
620 4021 1009 4094 πληρώσαντες
1033 4018 1126 4087 τῆς
1145 4016 1272 4086 περί
1294 4014 1386 4066 τοῦ
1417 4014 1657 4084 Σωτῆρος
1678 4011 1769 4065 τοῦ

250 4114 431 4187 κόσμου
462 4113 749 4176 θεοσεϐοῦς
768 4107 1146 4170 διδασκαλίας;
1196 4106 1315 4157 Ὅτι
1344 4103 1400 4156 δὲ
1432 4104 1504 4173 μὴ
1544 4104 1771 4173 ῥήμασιν

252 4205 579 4277 ἀνθρωπίνοις
610 4206 909 4273 ἐκέχρηντο
944 4200 1023 4260 εἰς
1055 4194 1223 4251 πειθὼ
1252 4194 1356 4246 τῶν
1392 4192 1769 4263 ἀκροωμένων,

252 4292 372 4350 Θεοῦ
394 4299 445 4350 δὲ
472 4298 697 4367 δύναμις
727 4289 795 4362 ἦν
821 4292 855 4360 ἡ
886 4284 1214 4356 συνεργοῦσα
1233 4283 1411 4344 αὐτοῖς
1441 4282 1497 4333 ὲν
1522 4281 1598 4351 τῷ
1616 4280 1772 4347 εὐαγ-

251 4383 430 4458 γελικῷ
459 4386 789 4457 κηρύγματι,
822 4379 978 4440 ἄλλος
1004 4376 1163 4429 πάλιν
1186 4373 1462 4444 προφήτης
1489 4371 1765 4439 ἀναφωνεῖ·

260 4490 283 4521 ι
323 4457 494 4547 Κύριος
521 4474 681 4527 δώσει
716 4471 868 4543 ῥῆμα
890 4469 1002 4528 τοῖς
1038 4459 1526 4531 εὐαγγελιζομένοις
1554 4457 1771 4547 δυνάμει

252 4546 422 4638 mna.
455 4586 475 4620 ι
508 4566 616 4620 Καὶ
664 4562 827 4616 πάλιν
853 4561 882 4612 6
925 4556 1164 4618 Ἡσαΐας·
1204 4570 1223 4604 ι
1275 4550 1386 4602 Ἐπ’
1430 4548 1549 4619 ὅρος
1581 4546 1774 4638 sane»

250 4636 464 4728 ἀνάϐηθι
491 4660 519 4711 6
559 4649 1064 4722 εὐαγγελιζόμενος,
1114 4641 1272 4704 Σιὼν,
1307 4638 1511 4728 ῦψωσον
1540 4640 1603 4707 τῇ

249 4740 346 4809 τὴν
363 4726 528 4818 φωνήν
561 4762 654 4798 σου
674 4745 704 4796 6
738 4734 1216 4806 εὐαγγελιζόμενος
1253 4727 1610 4818 Ἰερουσαλήμ*

247 4814 390 4897 dare,
423 4814 495 4906 μη
520 4830 793 4903 φοϐεῖσθε,
819 4826 973 4879 εἰπὸν
1019 4824 1137 4883 ταῖς
1171 4818 1380 4870 πόλεσιν
1439 4814 1622 4875 Ἰούδα,
1669 4814 1773 4865 ἰδοὺ

235 4915 269 4963 ὸ
298 4903 619 4996 Θεκνύμῶν,
659 4920 771 4974 ίδού
803 4916 1008 4986 Κύριος
1041 4909 1174 4981 μετὰ
1207 4907 1382 4996 ἰσχύος
1424 4905 1650 4996 ἔρχεται,
1685 4903 1776 4996 καί.

226 5002 261 5050 δ
292 4992 527 5085 βραχίων
568 5010 711 5083 μετὰ
754 5005 967 5074 κυρίας·
1018 5001 1125 5052 ἰδοὺ
1167 4999 1195 5049 6
1235 4994 1416 5064 μισθὸς
1457 4992 1612 5085 αὑτοῦ
1663 4993 1773 5061 μετ’

218 5081 537 5165 “vim
565 5081 629 5154 τὸ
668 5099 832 5168 ἔργον
877 5089 1040 5145 αὐτοῦ
1076 5087 1308 5139 ἐναντίον
1340 5081 1516 5135 αὐτοῦ’
1558 5082 1629 5143 ὡς
1664 5098 1778 5134 ποι-

206 5175 349 5258 μὴν
374 5193 618 5262 ποιμανεῖ
644 5187 707 5241 τὸ
740 5184 989 5252 ποίμνιον
1016 5176 1201 5237 αὐτοῦ,
1237 5174 1328 5225 καὶ
1355 5173 1408 5222 ὲν
1438 5168 1514 5237 τῷ
1548 5169 1776 5239 βραχίονι

192 5264 393 5340 ⁸³⁷⁸·υοῦ
435 5260 656 5348 συνάξει
696 5280 893 5348 ἄρνας,
924 5272 1017 5325 καὶ
1047 5271 1104 5320 ὲν
1134 5266 1323 5334 γαστρὶ
1365 5260 1582 5329 ἐχούσας
1612 5277 1779 5330 παρα.

181 5362 460 5430 West.
515 5393 536 5426 ι
584 5369 776 5424 Ταῦτα
842 5364 899 5416 δὲ
942 5359 1130 5413 ὁποίαν
1170 5356 1342 5424 ἔχεται
1388 5351 1631 5414 διάνοιαν,
1679 5351 1778 5421 ὁδῷ

300 5534 337 5565 ι’
369 5531 465 5585 lsa.
498 5540 617 5584 ut.
658 5522 710 5573 Ι.

317 5599 401 5653 ιιι.
439 5611 530 5655 ιι.
559 5588 721 5646 9-H.

164 5566 227 5599 \'&

316 5742 364 5815 ll)
396 5751 688 5814 lnterpres
710 5730 879 5801 legit,
914 5725 1115 5791 ἀναπήε
1200 5778 1207 5781 ν
1280 5720 1315 5771 ζ,
1342 5760 1359 5767 ..

1870 924 2018 991 Quod
2047 922 2299 992 propheta
2327 921 2383 975 in
2408 921 2518 988 ipso
2547 917 2749 992 Christo
2777 917 3039 988 Evangelii
3076 922 3378 976 mentionem

2429 989 2819 1055 assumpserint.

1933 1078 1972 1133 1.
2010 1078 2247 1147 Hujusce
2276 1075 2518 1133 veritatis
2562 1075 2715 1130 testis
2743 1073 2809 1128 ad
2834 1074 3050 1130 verbum
3088 1075 3156 1129 sit
3182 1076 3377 1139 Isaias,

1868 1166 1957 1236 qui
1990 1182 2053 1221 ex
2094 1179 2323 1235 persona
2351 1163 2552 1219 Christi
2597 1164 2810 1228 clamat,
2847 1180 2865 1212 ι
2902 1162 3134 1231 Spiritus
3172 1163 3378 1218 Domini

1868 1271 2028 1326 super
2058 1270 2162 1317 me,
2207 1260 2423 1323 propter
2468 1252 2609 1322 quod
2652 1251 2806 1305 unxit
2850 1266 2968 1306 me:
3006 1250 3380 1321 Evangeliiarc

1868 1345 2188 1416 pauperibus
2218 1342 2363 1397 misit
2392 1356 2475 1396 mc
2493 1380 2509 1405 ,
2536 1341 2822 1410 praedicare
2848 1340 3072 1409 captivis
3108 1341 3380 1395 remissio-

1867 1450 2008 1495 nem,
2032 1441 2083 1488 et
2124 1434 2280 1488 caecis
2311 1432 2483 1487 visum
2511 1431 2554 1463 "
2582 1449 2595 1484 :
2639 1450 2658 1483 ι
2693 1446 2852 1500 quam
2896 1445 3023 1484 sane
3053 1429 3380 1500 prophetiam

1869 1522 2113 1581 Salvator:
2141 1530 2321 1577 noster
2350 1521 2507 1581 olim,
2533 1522 2585 1574 in
2610 1528 2872 1575 conventu
2903 1520 3041 1589 apud
3083 1518 3380 1574 multitudi«

1863 1630 1981 1668 nem
2037 1613 2339 1667 Iudaeorum
2376 1626 2497 1665 cum
2531 1611 2761 1681 legisset,
2802 1610 3100 1679 librumque
3136 1617 3254 1679 post
3291 1610 3370 1665 le-

1863 1703 2094 1758 ctionem
2117 1702 2410 1772 plicuisset,
2440 1700 2517 1755 sic
2538 1701 2745 1754 locutus
2772 1706 2853 1754 est
2881 1718 2895 1751 :
2932 1717 2951 1749 ι
2986 1698 3141 1751 hodie
3164 1698 3377 1767 impleta

1863 1803 1945 1849 est
1995 1793 2261 1861 scriptura
2297 1791 2411 1845 haec
2462 1789 2517 1843 in
2566 1788 2785 1842 auribus
2825 1787 3017 1841 vestris
3049 1787 3116 1850 ὀ,
3151 1804 3168 1837 ι
3212 1786 3379 1855 proti-

1865 1899 2067 1952 nusque
2096 1883 2218 1935 hinc
2240 1896 2391 1936 suam
2429 1879 2724 1935 doctrinam
2762 1892 2984 1932 exorsus
3017 1876 3378 1947 evangelium

1862 1975 2021 2042 coepit
2063 1970 2417 2040 pauperibus,
2459 1984 2551 2025 eos
2601 1970 2653 2021 in
2701 1966 3158 2022 commendatione
3198 1966 3379 2020 beato-

1862 2063 2094 2131 rum,qui
2133 2060 2271 2130 apud
2300 2075 2358 2116 se
2397 2059 2559 2114 futuri
2597 2059 2737 2122 sint,
2768 2058 2984 2127 reliquis
3009 2063 3375 2125 anteponens:

1869 2171 1887 2203 ι
1924 2152 2090 2214 Beati.
2116 2152 2304 2220 inquit,
2336 2165 2596 2220 pauperes
2624 2150 2833 2218 spiritu,
2864 2150 3112 2217 quoniam
3141 2148 3374 2217 ipsorum

1863 2253 1942 2295 est
1973 2257 2189 2311 regnum
2214 2240 2469 2294 cmlorum
2500 2240 2563 2292 ⁹¹.
2596 2258 2614 2290 ι
2646 2232 2715 2292 lis
2747 2246 2995 2308 prazterea
3036 2237 3126 2304 qui
3161 2251 3191 2289 a
3222 2237 3378 2291 malis

1863 2330 2138 2399 Spiritibus
2163 2336 2499 2388 vexarentur,
2524 2328 2720 2400 quique
2761 2342 2790 2379 a
2823 2326 3180 2387 daemonibus,
3208 2324 3378 2393 capti-

1863 2434 2049 2473 verum
2093 2419 2282 2481 instar,
2322 2417 2432 2487 jam
2481 2416 2574 2481 diu
2622 2422 2958 2478 tenerentur,
3014 2412 3374 2468 dimissionem

1866 2513 1987 2559 ante
2017 2504 2299 2569 nuntiavit,
2325 2517 2510 2557 omnes
2539 2501 2604 2554 ad
2638 2502 2934 2556 libertatein
2969 2507 3022 2553 ct
3060 2498 3375 2563 solutionem

1865 2609 1895 2647 a
1923 2593 2135 2647 malitia:
2176 2591 2403 2647 vinculis
2439 2590 2690 2653 invitans,
2737 2589 2913 2642 verbis
2954 2588 3102 2642 illis:
3149 2604 3167 2638 ι
3203 2588 3378 2643 venite

1866 2683 1929 2736 ad
1956 2697 2060 2747 me,
2091 2695 2279 2740 omnes
2299 2680 2392 2749 qui
2436 2679 2687 2734 laboratis
2726 2686 2779 2732 et
2805 2678 3007 2732 onerati
3033 2677 3182 2742 estis,
3207 2683 3260 2731 et
3278 2691 3379 2746 ego

1864 2772 2095 2825 reﬁciam
2126 2785 2221 2824 vos
2246 2770 2310 2821 ”.
2357 2786 2375 2820 i
2412 2767 2579 2823 Cascis
2605 2782 2751 2832 vero,
2771 2767 2861 2837 qui
2883 2780 3168 2835 cor-porcos
3194 2767 3380 2821 oculos

1868 2860 2121 2914 baberent
2143 2866 2439 2928 corruptos,
2475 2857 2827 2927 integritatem
2854 2856 3172 2922 restituens,
3199 2856 3374 2910 visum

1867 2950 2090 3019 largitus
2116 2963 2219 3012 εει,
2256 2957 2313 3001 ιιι
2346 2947 2423 3002 sic
2446 2946 2787 3016 signiﬁcaret,
2814 2960 2871 2999 se
2894 2947 2958 2999 iis
2981 2947 3070 3014 qui
3091 2945 3215 2998 olim
3236 2944 3380 3000 veri-

1866 3046 2025 3094 tatem
2045 3054 2228 3109 parum
2255 3037 2604 3098 intuerentur,
2634 3036 2881 3090 virtutem
2909 3049 3013 3103 qua
3039 3034 3213 3087 lumen
3240 3047 3379 3089 vera

1866 3128 2074 3199 pietatis
2104 3127 2446 3198 respicerent,
2476 3140 2716 3194 erogare.
2744 3124 3013 3179 Christum
3042 3137 3169 3192 ergo
3193 3122 3248 3176 in
3270 3123 3378 3192 pri-

1864 3219 1967 3273 mis
2005 3226 2270 3271 auctorem
2302 3223 2356 3271 et
2385 3215 2573 3270 ducem
2612 3213 2848 3268 futurum
2879 3212 3052 3266 omnis
3096 3211 3379 3280 provincia:

1863 3307 2200 3377 evangelicae,
2230 3321 2290 3361 ea
2329 3320 2447 3375 qua:
2477 3304 2715 3373 exposita
2753 3310 2853 3365 est,
2901 3302 3173 3372 prophetia
3203 3302 3380 3357 decla-

1863 3405 1964 3450 rat.
1990 3394 2053 3447 At
2084 3401 2205 3464 post
2228 3394 2374 3446 illum
2402 3390 2638 3458 ejusdem
2675 3391 2932 3459 propositi
2963 3390 3235 3444 ministros
3264 3388 3379 3443 fore
3432 3384 3436 3387 Α

1865 3484 2008 3539 illius
2075 3483 2392 3552 discipulos,
2451 3480 2589 3534 idem
2653 3479 2908 3547 prepheta
2953 3478 3097 3534 canit
3124 3478 3306 3532 dicens
3359 3490 3373 3526 :

1863 3573 2009 3644 89s
2043 3571 2212 3637 Quam
2235 3568 2461 3638 speciosi
2501 3568 2661 3638 pedes
2710 3567 3182 3636 evangelizantium
3234 3563 3378 3617 bona

1866 3676 2024 3733 quam
2065 3657 2545 3729 evangelizantium
2589 3670 2770 3725 pacem
2788 3655 2852 3706 ”.
2879 3669 2899 3705 ι
2917 3648 3019 3708 Ubi
3042 3652 3197 3708 valde
3218 3664 3381 3704 accu-

1864 3757 1980 3806 rate
2034 3748 2302 3818 speciosos
2353 3745 2485 3800 dixit
2532 3742 2645 3800 fore
2688 3743 2848 3813 pedes
2902 3738 3379 3811 evangelizantium

1865 3835 2004 3890 bona
2031 3834 2249 3897 Christi,
2296 3833 2386 3903 qui
2413 3831 2554 3887 enim
2586 3831 2810 3900 speciosi
2851 3828 3016 3883 futuri
3064 3843 3170 3882 non
3205 3834 3377 3887 erant.

1867 3925 1959 3995 qui
1984 3924 2039 3978 in
2064 3924 2253 3994 exiguo
2283 3922 2533 3991 brevique
2559 3928 2794 3990 tempore
2823 3925 2992 3973 totum
3012 3917 3195 3972 orbem
3227 3923 3381 3970 erant

1868 4013 2195 4086 percursuri,
2223 4021 2276 4067 et
2310 4025 2518 4066 omnem
2555 4010 2729 4065 locum
2759 4018 2941 4064 sancta
2980 4007 3071 4061 illa
3099 4005 3164 4060 de
3195 4005 3381 4059 Salva-

1865 4112 1982 4158 tore
2003 4102 2183 4156 mundi
2206 4100 2446 4155 doctrina
2473 4097 2779 4168 impleturi?
2810 4096 2961 4163 Quod
2996 4102 3173 4148 autem
3200 4092 3386 4147 buma-

1866 4191 1950 4246 nis
1970 4190 2148 4245 verbis
2178 4204 2285 4242 non
2312 4193 2586 4241 uterentur
2616 4184 2680 4240 ad
2708 4183 3129 4255 persuadendum
3160 4180 3383 4235 audien-

1867 4280 2033 4342 tibus,
2066 4278 2159 4334 sed
2186 4277 2274 4331 Dei
2305 4277 2476 4330 virtus
2510 4282 2651 4330 esset
2682 4290 2800 4344 quae
2842 4288 2963 4328 cum
3001 4273 3107 4326 illis
3132 4270 3381 4331 faciebat.

1868 4371 1993 4426 dum
2026 4366 2365 4438 Evangelium
2414 4364 2779 4435 praedicarent,
2808 4363 2944 4418 alius
2976 4375 3164 4416 rursus
3190 4359 3384 4414 clamat

1870 4457 2124 4530 prOpheta
2159 4476 2172 4510 :
2207 4475 2226 4508 ι
2263 4455 2519 4511 Dominus
2547 4453 2693 4508 dabit
2728 4452 2947 4520 verbum
2973 4447 3383 4520 evangelizanli-

1870 4528 1973 4604 bus
2014 4547 2207 4600 virtute
2242 4546 2468 4601 multa“
2497 4562 2512 4610 ;
2544 4563 2562 4595 ι
2603 4550 2655 4598 et
2697 4557 2884 4598 rursus
2918 4539 3102 4595 lsaias.
3149 4554 3167 4587 ι
3206 4528 3385 4600 ’δυρεν

1872 4644 2103 4691 montem
2153 4634 2418 4688 excelsum
2462 4630 2686 4686 ascende
2719 4629 2808 4699 qui
2852 4625 3183 4694 evangelizas
3222 4620 3381 4684 Sion;

1873 4724 2064 4781 extolle
2093 4731 2348 4792 quantum
2374 4730 2523 4790 potes
2543 4734 2726 4774 vocem
2749 4726 2895 4772 tuam
2933 4714 3025 4783 qui
3053 4708 3383 4777 evangelizas

1874 4813 2200 4869 Hierusalem
2233 4826 2248 4862 :
2288 4811 2552 4873 extollite,
2602 4823 2669 4863 ne
2711 4809 2922 4870 timete;
2953 4802 3041 4869 dic
3082 4796 3383 4853 civitatibus

1875 4906 2030 4966 Juda,
2060 4918 2182 4958 ecce
2216 4901 2351 4955 Deus
2375 4907 2569 4963 vester,
2600 4912 2723 4953 ecce
2764 4894 3019 4949 Dominus
3045 4902 3164 4942 cum
3194 4885 3384 4939 robore

1875 4994 2039 5057 venit,
2057 4998 2110 5044 et
2131 4989 2401 5043 brachium
2423 5003 2543 5042 cum
2576 4993 2867 5056 potestate:
2895 4993 3018 5035 ecce
3039 4989 3239 5029 merces
3268 4973 3385 5041 ejus

1877 5098 1995 5138 cum
2024 5095 2106 5142 eo,
2146 5089 2198 5134 et
2224 5093 2356 5147 opus
2381 5075 2496 5145 ejus
2525 5090 2700 5131 coram
2735 5075 2850 5142 ipso
2882 5088 2894 5122 :
2924 5075 3173 5135 tanquam
3202 5070 3386 5133 pastor

1876 5178 2058 5243 pascet
2087 5182 2291 5240 gregem
2326 5180 2501 5229 suum,
2532 5172 2584 5218 et
2612 5164 2664 5216 in
2686 5158 2902 5216 brachio
2929 5168 3026 5209 suo
3050 5152 3387 5222 congregab’t

1881 5241 2066 5331 agnos,
2087 5266 2140 5312 et
2164 5271 2255 5311 eas
2281 5269 2396 5325 quae
2413 5253 2466 5307 in
2493 5261 2645 5307 utero
2671 5249 2887 5310 habent,
2904 5241 3345 5299 consolabitur".
3361 5259 3380 5291 ι

1882 5330 2136 5405 Caeterum
2172 5346 2281 5399 haec
2321 5356 2547 5413 quonam
2577 5352 2738 5399 sensu
2778 5332 3081 5403 accipienda
3112 5330 3238 5394 sint,
3264 5344 3386 5397 pro-

792 5515 845 5552 so
877 5513 1007 5566 Luc.
1053 5523 1129 5569 tv,
1158 5505 1255 5573 18.
1321 5503 1363 5535 ⁹¹
1399 5499 1575 5554 Matth.
1606 5517 1653 5565 ν,
1683 5501 1732 5555 5.

1882 5497 2062 5552 Matth.
2094 5509 2167 5561 ιι,
2206 5493 2296 5548 28.
2369 5491 2412 5524 ’³
2449 5487 2550 5544 lsa.
2597 5503 2692 5555 tu,
2721 5487 2774 5543 7.
2863 5482 2908 5517 “
2934 5480 3071 5536 Psal.
3102 5491 3264 5539 mu,
3294 5475 3383 5528 12.
