3870 6328
603 365 706 424 167

604 482 770 555 gressi
816 476 1018 546 longius
1061 473 1112 525 in
1153 471 1394 526 doctrina
1433 467 1734 536 evangelica
1771 466 2064 522 videbimus
2097 484 2110 519 :
2142 473 2188 527 Α

603 572 810 628 interim
840 564 966 620 illud
995 562 1252 624 constitit,
1275 571 1327 615 et
1354 561 1524 628 ipsum
1557 557 1918 626 Evangelium,
1953 564 2004 610 et
2025 570 2115 609 no-

603 678 720 716 men
771 654 1037 724 Evangelii
1084 651 1404 722 propheticis
1450 648 1672 702 vocibus
1715 647 2112 714 comprobatum

602 751 762 806 fuisse
787 764 798 798 :
826 746 988 801 habes
1018 752 1264 814 prteterea
1292 741 1559 796 evidentes
1587 738 1998 807 perspicuasque
2024 739 2116 794 de-

600 837 1026 895 monstrationes,
1042 832 1182 886 unde
1205 832 1411 884 initium
1432 837 1575 884 esset
1591 839 1932 898 accepturum
1947 829 2118 882 Evan-

599 929 815 999 gelium,
850 927 914 978 ab
937 925 1050 993 ipso
1079 922 1322 976 videlicet
1348 920 1581 983 Christo,
1611 933 1709 974 nec
1739 933 1842 972 non
1865 934 1958 987 per
1979 933 2116 986 quos

603 1018 738 1070 l‘or'et
786 1013 1199 1084 prazdicandum,
1235 1027 1329 1082 per
1374 1012 1515 1064 illius
1565 1010 1747 1078 utique
1797 1008 2114 1077 apostolos:

600 1104 693 1159 sed
723 1105 881 1158 etiam
920 1117 1021 1170 qua
1051 1103 1248 1154 virtute
1271 1102 1413 1154 esset
1447 1105 1838 1167 superaturum,
1871 1111 1974 1148 non
2017 1096 2118 1148 hu-

599 1207 756 1245 mana
801 1192 1019 1244 scilicet.
1049 1190 1200 1254 Quod
1248 1189 1420 1258 ipsum
1459 1201 1588 1240 sane
1616 1199 1680 1240 ex
1721 1187 1810 1239 illo
1857 1185 2114 1251 constitit,

608 1287 628 1330 α
662 1280 914 1332 Dominus
942 1278 1089 1331 dabit
1130 1278 1352 1331 verbum
1397 1274 1884 1344 evangelizantibus
1923 1273 2119 1327 virtute

603 1371 784 1424 multa.
819 1389 838 1423 ι
871 1369 1148 1438 Reliquum
1179 1369 1461 1438 igiturjam
1498 1373 1598 1429 est,
1629 1373 1773 1419 utex
1800 1366 1981 1418 multis
2003 1379 2120 1433 qua:

602 1461 739 1520 apud
773 1459 1019 1513 Hebraeos
1048 1459 1319 1517 antiquius
1349 1471 1412 1509 ac
1441 1455 1697 1510 remotius
1715 1451 1780 1505 de
1809 1453 2019 1507 Christo
2046 1454 2122 1508 di-

604 1551 778 1604 vinata
811 1558 953 1612 sunt,
988 1563 1152 1617 pauca
1181 1547 1551 1616 anticipemus,
1582 1553 1640 1599 ut
1672 1545 1848 1601 discas
1877 1559 2118 1614 quaenam

604 1641 690 1692 illa
717 1646 914 1700 essent,
951 1653 1069 1706 qua:
1104 1635 1488 1704 posterioribus
1529 1633 1853 1702 temporibus
1885 1631 2122 1700 Evange-

605 1729 729 1782 lium
758 1728 1058 1780 nuntiarent
1082 1725 1336 1788 futurum,
1371 1724 1632 1792 simulque
1655 1722 1967 1774 miraculum
2000 1733 2122 1787 pro-

1210 350 1465 409 EUSEBH
1497 347 1957 405 C/ESABIENSIS
1987 347 2133 404 OPP.
2167 342 2344 400 PARS
2379 342 2443 398 ll.
2481 373 2550 384 —
2585 336 3061 395 APOLOGETICA

2214 460 2486 532 προϊόντες
2518 459 2653 510 κατὰ
2685 457 2778 526 τὴν
2815 450 3193 523 εὖαγγελικὴν
3237 441 3540 532 εἰσόμεθα
3605 434 3735 532 διδ

2210 526 2344 601 λίαν·
2390 546 2522 616 πλὴν
2570 543 2700 597 ἀλλὰ
2751 541 3022 609 πέφανται
3045 539 3112 590 τὸ
3144 530 3557 600 Εὑαγγέλιον,
3613 526 3734 578 καζ

2209 656 2345 708 νομα
2377 639 2430 690 δὲ
2469 615 2559 689 τοῦ
2601 631 2946 701 Εὑαγγελίου,
2997 629 3089 682 διὰ
3128 627 3242 679 τῶν
3281 615 3738 692 προςεδηειτωεῶ⁷

2214 725 2632 799 μαρτυρημένον,
2667 725 2806 794 ἔχεις
2849 739 2908 774 τε
2951 717 3155 779 λευκὰς
3204 715 3307 767 καὶ
3354 709 3715 794 ἐναργεῖς

2210 792 2418 882 δείξεις,
2525 815 2664 877 τίνος
2685 792 2779 884 μὲν
2804 811 3027 882 ἄρξεται
3050 807 3112 859 τὺ
3135 792 3510 882 Εὑαγγέλιον
3525 839 3545 862 ,
3594 799 3726 850 ὅτι

2212 906 2371 960 αὑτοῦ
2399 906 2489 958 τοῦ
2520 903 2770 976 Χριστοῦ,
2805 903 2870 954 δι’
2899 895 2973 953 ὧν
3007 915 3064 951 τε
3097 893 3624 966 κηρυχθήσεται,
3680 888 3744 939 δ’

2211 997 2316 1050 τῶν
2345 997 2644 1050 ἀποστόλων
2677 994 2858 1048 αὐτοῦ’
2895 989 3033 1044 ἀλλὰ
3074 989 3168 1040 καὶ
3209 985 3354 1054 ποίᾳ.
3389 980 3733 1049 δυνάμει

2212 1090 2384 1157 τήσει,
2431 1088 2509 1140 ὅτι
2561 1086 2632 1156 μὴ
2673 1083 3005 1154 ἀνθρωπεία.
3045 1081 3111 1133 Ὃ
3157 1077 3226 1146 δὴ
3264 1075 3372 1127 καὶ
3404 1070 3601 1124 αὐτὸ
3655 1085 3750 1122 συ

2214 1180 2301 1232 διὰ
2327 1178 2439 1240 τοῦ,
2477 1197 2494 1228 ι
2521 1178 2718 1248 Κύριος
2749 1174 2908 1228 δώσει
2938 1175 3090 1244 ῥῆμα
3117 1173 3236 1232 τοῖς
3278 1160 3755 1232 εὐαγγελιζοε

2213 1271 2427 1340 δυνάμει
2450 1268 2630 1337 πολλῇ.
2662 1285 2679 1316 ι
2705 1265 2767 1317 Τί
2787 1266 2848 1336 δὴ
2869 1261 2960 1317 οὖν
2991 1263 3244 1315 λείπεται
3275 1258 3378 1309 ἐπὶ
3412 1255 3754 1316 τόὺτοις,

2216 1359 2416 1412 πολλῶν
2445 1358 2595 1424 ὀλίγα
2628 1354 2908 1427 προλαϐεῖν
2939 1354 3049 1406 τῶν
3088 1353 3223 1422 παρ’
3276 1347 3644 1419 Ἑϐραίοις
3710 1345 3756 1396 ὁ

2218 1450 2306 1503 θεν
2335 1447 2459 1520 περὶ
2481 1448 2572 1500 τοῦ
2593 1447 2824 1518 Χριστοῦ
2859 1442 3411 1512 προφητευομένων;
3465 1437 3585 1500 ὡς
3634 1437 3740 1492 ἂν

2216 1527 2332 1592 τίνα
2365 1538 2574 1592 ἔσεσθαι
2595 1537 2655 1590 τὸ
2675 1536 2998 1604 Εὑαγγέλιον
3029 1535 3086 1585 ἐν
3111 1542 3382 1602 ῡστεμοις
3420 1530 3739 1599 καιροῖς

2217 1630 2470 1699 γελίζετο,
2503 1629 2632 1699 ὁμοῦ
2660 1645 2719 1679 τε
2757 1628 2862 1679 τῶν
2894 1623 3193 1695 προφητῶν
3227 1622 3296 1674 τὸ
3326 1619 3452 1672 Θαῦ
3468 1620 3582 1689 μὰ
3651 1617 3758 1687 τῆ.

2223 1721 2508 1790 μελλόντων
2566 1716 2935 1789 προγνώσεως,
2988 1715 3083 1768 καὶ
3133 1713 3250 1766 τῶν
3307 1710 3758 1781 προρῤήσεω

603 1818 900 1885 pbetarum,
935 1815 1024 1884 qui
1058 1814 1273 1883 quidem
1303 1820 1452 1867 tanto
1496 1820 1617 1864 ante
1645 1810 1819 1863 futura
1857 1821 2118 1876 cognove-

2223 1809 2636 1878 ἀποτελέσματα,
2672 1808 2817 1868 ὅπως
2869 1807 2960 1856 ἐπὶ
3012 1806 3105 1856 τὸν
3155 1803 3414 1872 Σωτῆρα
3487 1800 3626 1882 καὶ
3698 1796 3756 1850 Κ

605 1907 740 1968 rint,
769 1906 999 1974 itemque
1035 1904 1277 1971 ipsorum
1322 1901 1658 1954 oraculorum
1686 1902 1893 1959 eventa,
1942 1908 2122 1962 quem-

606 1994 884 2049 admodum
931 2008 990 2048 ea
1029 1993 1083 2046 in
1116 1991 1391 2044 Salvatore
1422 1997 1473 2042 ct
1509 1987 1730 2039 Domino
1760 1993 1946 2038 nostro
1968 1982 2117 2046 Jesu,

605 2087 693 2155 qui
723 2085 966 2140 Christus
993 2090 1075 2138 est
1104 2082 1214 2148 Dei,
1245 2080 1504 2149 completa
1541 2077 1858 2130 consistant.

605 2197 666 2252 ll.
703 2194 849 2264 Quod
889 2197 950 2250 de
978 2192 1185 2249 Christo
1231 2191 1498 2264 uaticinati
1546 2172 1665 2241 sunt
1710 2186 1968 2255 propheta:
2013 2182 2122 2236 He-

1231 2261 1500 2314 brworum.

668 2357 877 2412 Primus
895 2355 1265 2425 prophetarum
1280 2351 1502 2420 Moyses,
1522 2348 1682 2403 alium
1697 2346 2004 2415 prophetam
2022 2343 2127 2398 sibi

605 2449 832 2503 similem
881 2446 1242 2500 suscitandum
1288 2440 1580 2494 denuntiat.
1629 2439 1739 2505 90
1784 2436 1916 2490 Cum
1978 2434 2124 2489 enim

607 2539 745 2604 leges
767 2537 833 2588 ab
861 2536 976 2603 ipso
999 2533 1185 2602 posita:
1210 2530 1306 2584 soli
1339 2527 1570 2581 Judaicae
1596 2527 1736 2595 genti
1759 2525 2122 2587 convenirent,

605 2625 764 2694 idque
794 2625 847 2676 in
887 2630 1028 2676 terra
1070 2620 1248 2673 Judzea
1285 2619 1562 2679 duntaxat,
1606 2623 1697 2668 aut
1737 2615 1938 2668 circum
1981 2628 2121 2676 eam,

605 2728 714 2767 non
740 2719 914 2765 autem
939 2711 987 2765 ei
1015 2723 1226 2778 quoque
1249 2707 1410 2776 genti,
1447 2720 1564 2774 qum
1595 2703 1903 2773 longissime
1929 2704 1984 2757 in
2015 2709 2124 2756 ter-

607 2801 683 2854 ris
706 2798 1076 2852 remotissimis
1105 2796 1339 2866 degeret,
1364 2793 1808 2863 quemadmodum
1829 2794 1977 2847 exiis
2005 2807 2123 2861 qua:

607 2887 755 2956 prius
785 2900 815 2938 a
847 2885 1001 2938 nobis
1028 2891 1250 2936 tractata
1284 2889 1408 2936 sunt
1436 2880 1685 2949 cognosci
1712 2881 1900 2948 potuit,
1931 2887 1983 2933 et
2003 2894 2124 2934 eum

605 2976 699 3046 qui
731 2985 872 3030 esset
892 2987 999 3026 non
1030 2973 1200 3026 solum
1233 2970 1554 3033 Judreorum,
1582 2971 1675 3024 sed
1707 2971 1866 3023 etiam
1900 2969 2122 3024 aliarum

609 3065 841 3134 gentium
887 3063 1048 3125 Deus,
1104 3067 1370 3129 oporteret
1405 3058 1471 3111 ad
1507 3074 1565 3112 se
1612 3057 2038 3126 cognoscendum
2072 3066 2123 3110 et

608 3155 886 3214 colendum
915 3155 1035 3208 vitae
1062 3153 1333 3206 hominum
1363 3151 1697 3222 suppeditare
1732 3166 1818 3212 ea,
1848 3166 1966 3220 qua:
1991 3165 2124 3202 cun-

607 3251 710 3305 ctis
741 3249 862 3302 item
889 3247 1130 3317 gentibus
1152 3244 1299 3298 utilia
1320 3243 1513 3304 forent,
1542 3242 1730 3296 merito
1761 3241 1983 3293 alterum
2011 3253 2127 3307 pro-

607 3343 843 3412 phetam,
876 3340 964 3409 qui
990 3339 1133 3391 nulla
1160 3338 1214 3389 in
1241 3342 1391 3404 parte
1420 3348 1528 3389 sua:
1556 3332 1724 3402 ipsius
1753 3330 1944 3384 rationi
1969 3337 2128 3396 atque

609 3432 852 3487 instituto
894 3427 1123 3487 cederet,
1169 3427 1234 3480 de
1278 3425 1496 3479 Judaica
1538 3432 1692 3492 gente
1735 3419 2124 3479 suscitandum,

610 3522 835 3576 oraculo
872 3518 1112 3588 exposito
1155 3516 1378 3578 divinat,
1410 3516 1463 3569 in
1491 3514 1632 3567 hunc
1660 3512 1875 3566 modum
1920 3509 1995 3563 illi
2028 3507 2126 3576 ipsi

610 3615 718 3670 Deo
768 3613 1143 3682 respondente.
1187 3630 1205 3660 ‹
1250 3608 1565 3677 Prophetam
1620 3603 1890 3660 suscitabo
1947 3601 2024 3654 eis
2062 3599 2129 3654 de

609 3706 865 3762 fratribus
887 3706 1120 3772 ipsorum
1143 3713 1390 3768 tanquam
1408 3708 1477 3760 te,
1491 3701 1543 3752 et
1557 3698 1694 3752 dabo
1715 3695 1932 3749 verbum
1954 3705 2126 3746 meum

611 3800 666 3851 in
696 3813 756 3851 os
779 3797 941 3856 illius,
975 3801 1026 3845 et
1054 3792 1300 3859 loquetur
1327 3791 1404 3844 eis
1429 3788 1580 3856 juxta
1601 3800 1756 3839 omne
1777 3783 2140 3852 quodcunque-

613 3886 932 3942 mandavero
959 3879 1036 3933 illi
1061 3897 1072 3929 :
1099 3887 1151 3933 et
1181 3880 1336 3933 homo
1363 3878 1536 3931 omnis
1563 3877 1864 3943 quicunque
1898 3888 2001 3924 non
2029 3886 2127 3922 au-

611 3973 769 4032 dierit
798 3971 958 4025 verba
991 3968 1107 4036 ejus
1137 3982 1462 4037 quaecunque
1500 3965 1746 4032 loquetur
1789 3960 2044 4029 propheta
2075 3958 2136 4012 in=

613 4065 826 4121 nomine
852 4076 988 4127 meo,
1031 4074 1126 4129 ego
1159 4059 1386 4112 ulciscar
1424 4072 1488 4110 ex
1516 4070 1580 4110 eo
1595 4055 1664 4109 θ’.
1707 4073 1726 4104 ι
1764 4052 1964 4110 Similia
2005 4064 2136 4103 vero

615 4157 729 4226 ipse
757 4166 967 4222 quoque
997 4149 1200 4220 Moyses
1244 4151 1347 4202 hoc
1384 4146 1654 4201 oraculum
1681 4138 2036 4211 interpretans
2065 4139 2130 4192 ad

615 4243 863 4314 populum
894 4241 966 4292 ait
997 4257 1008 4291 :
1042 4255 1060 4286 ι
1093 4237 1407 4306 Prophetam
1431 4236 1497 4289 de
1519 4233 1768 4288 fratribus
1804 4231 1992 4285 vestris
2012 4235 2132 4280 tan-

615 4348 773 4406 quam
802 4346 886 4385 me
923 4328 1200 4384 suscitabit
1241 4325 1496 4380 Dominus
1525 4321 1698 4387 Deus;
1731 4321 1878 4374 illum
1903 4317 2130 4371 audietis

616 4441 668 4478 in
708 4421 953 4476 omnibus
996 4431 1324 4485 quzecunque
1366 4410 1646 4482 postulasti
1688 4424 1718 4462 a
1760 4409 1980 4463 Domino
2022 4407 2136 4461 Deo

617 4530 705 4569 tuo
731 4514 784 4566 in
830 4509 1026 4570 Horeb,
1057 4507 1106 4560 in
1133 4507 1216 4561 die
1245 4503 1642 4579 concisionis?’.
1675 4519 1694 4552 ι
1725 4495 1858 4552 Νυιη
1888 4499 2045 4569 igitur
2065 4509 2130 4552 ex

618 4607 684 4661 tis
731 4603 822 4672 qui
859 4611 976 4670 post
1004 4597 1218 4669 Moysen
1260 4595 1578 4650 esstiterunt
1621 4590 1912 4659 PrOphetaa,
1942 4589 2128 4653 ls:tias,

619 4692 841 4763 exempli
873 4689 1061 4762 gratia,
1090 4694 1180 4740 aut
1206 4684 1486 4748 Jeremias,
1520 4693 1610 4736 aut
1631 4680 1892 4742 Ezechiel,
1922 4687 2011 4732 aut
2039 4679 2134 4731 Daa

621 4785 743 4848 niel,
773 4791 864 4835 aut
884 4782 1021 4834 alius
1050 4777 1311 4847 quiSpiam
1333 4775 1398 4828 de
1418 4773 1626 4827 caeteris
1655 4771 1929 4826 duodecim
1960 4771 2132 4838 legum

622 4881 806 4926 auctor
834 4869 998 4940 Moysi
1022 4866 1377 4921 conferendus
1404 4863 1640 4917 exstitit?
1660 4875 2006 4930 nequaquam.
2030 4858 2134 4913 Sed

624 4975 684 5014 ex
709 4960 814 5012 illis
842 4959 1075 5018 tandem,
1107 4958 1227 5024 quis
1251 4967 1479 5022 unquam
1508 4951 1673 5022 Moysi
1707 4953 1900 5005 similia
1929 4947 2135 5005 effecit?

626 5061 882 5113 nusquam
914 5046 1109 5115 poteris
1139 5045 1334 5099 dicere.
1371 5042 1472 5096 Sed
1502 5043 1953 5113 quisqueillorum
1983 5055 2012 5093 a
2033 5040 2135 5109 pri-

627 5147 710 5186 mo
740 5133 804 5184 ad
830 5137 1172 5188 novissimum
1206 5148 1550 5202 quoscunque
1578 5131 1923 5186 instituebant
1950 5143 2011 5182 ac
2033 5129 2132 5182 don

629 5222 833 5282 cebant,
885 5224 947 5274 ad
983 5224 1154 5290 ipsum
1201 5225 1413 5294 Moysen
1459 5224 1832 5285 remittebant,
1882 5229 2039 5289 atque
2079 5221 2133 5274 in

628 5321 724 5362 noc
754 5308 1000 5376 populum
1045 5312 1512 5376 reprehendebant,
1559 5311 1698 5382 quod
1729 5309 1922 5379 Moysis
1966 5309 2131 5376 legem

618 5411 731 5473 non
777 5399 1064 5453 servasset,
1118 5395 1208 5446 sed
1259 5408 1442 5451 contra
1495 5401 1636 5453 illam
1686 5397 1916 5458 fecisset,
1964 5409 2134 5462 neque

623 5485 771 5544 illum
816 5481 881 5534 ad
925 5479 1210 5549 quidquam
1259 5483 1399 5537 aliud
1436 5486 1806 5548 hortabantur,
1845 5483 1949 5538 nisi
1978 5483 2042 5536 ad
2071 5496 2132 5534 ea

583 5604 592 5662 ⁸
694 5632 738 5665 κ
773 5629 921 5688 Deut.
966 5632 1337 5704 xvttt,18,19.
1411 5632 1818 5704 "lbitl.l5,16.

2221 1898 2369 1968 ἡμῶν
2409 1897 2606 1967 Ἰησοῦν
2637 1896 2722 1948 τὸν
2757 1895 2987 1965 Χριστὸν
3022 1893 3117 1946 τοῦ
3146 1890 3296 1944 Θεοῦ
3355 1876 3758 1942 συνίστατο

2219 1989 2320 2058 πλη
2329 2004 2404 2058 ρω
2410 1988 2537 2056 μένα
2545 2025 2555 2037 .

2220 2189 2292 2240 B'.
2350 2188 2534 2248 Ὅπως
2576 2182 2701 2249 περὶ
2751 2181 2854 2234 τοῦ
2903 2179 3167 2249 Χριστοῦ
3222 2177 3758 2248 «poeta-sme

2669 2251 2938 2317 Ἑϐραίων
2951 2248 2955 2249 ν
2969 2248 3308 2317 προφῆταιε

2289 2342 2502 2412 Πρῶτος
2529 2339 2808 2410 προφητῶν
2822 2340 3060 2407 Μωῦσῆς
3079 2340 3284 2410 ἕτερον
3307 2341 3687 2411 προφήτην
3717 2341 3753 2393 ὅ

2221 2432 2364 2501 αὑτῷ
2405 2429 2797 2500 ἀναστήσασθαι
2850 2429 3300 2496 εὐαγγελίζεται.
3367 2431 3658 2502 Ἐπειδὴ
3710 2449 3748 2499 γ

2222 2527 2336 2578 κατ’
2369 2523 2524 2576 αὑτὸν
2554 2519 2836 2590 νομοθεσία
2881 2520 3026 2588 μόνῳ
3071 2518 3152 2588 τῷ
3200 2519 3539 2573 Ἰουδαίων
3593 2538 3754 2593 προς

2222 2615 2377 2676 ἔθνει,
2399 2604 2490 2666 καί.
2518 2610 2799 2687 τούτῳρὲπὶ
2834 2610 2930 2678 τῆς
2961 2609 3230 2672 Ἰουδαίας
3261 2611 3420 2680 γῆς,
3457 2611 3499 2682 ἦ
3555 2613 3731 2682 ἀμφὶ

2220 2723 2334 2776 την,
2364 2704 2480 2773 οὐχὶ
2518 2702 2572 2755 δὲ
2617 2702 2708 2754 καὶ
2741 2701 2818 2770 τῷ
2847 2701 3194 2772 πορρωτάτω
3230 2703 3351 2772 τῆς
3392 2703 3745 2772 ἁλλοδαπῆ.

2220 2795 2451 2866 τ-ρὶϐοντι
2484 2792 2752 2844 συνῶπται
2793 2789 2880 2842 διὰ
2914 2790 3021 2842 τῶν
3063 2790 3326 2861 πρόσθεν
3377 2794 3546 2862 ἡμῖν
3583 2811 3740 2862 γεγυ

2224 2885 2445 2955 σμένων,
2469 2882 2602 2953 χρῆν
2625 2883 2680 2934 δὲ
2706 2882 2870 2950 δήπου
2896 2881 2986 2933 τὸν
3027 2881 3102 2950 μή
3137 2881 3320 2950 μόνον
3369 2885 3700 2937 Ἰουδαίων
3734 2890 3746 2932 t

2222 2974 2353 3027 ἀλλὰ
2385 2974 2474 3026 καὶ
2503 2972 2686 3033 ἐθνῶν,
2725 2971 2819 3022 καὶ
2860 2970 2927 3022 τὰ
2970 2972 3105 3022 πᾶσι
3144 2974 3274 3033 τοῖς
3338 2973 3562 3027 ἔθνεσι
3620 2975 3741 3027 λυσ,

2222 3064 2356 3134 πρὸς
2387 3064 2482 3132 τὴν
2517 3060 2675 3113 αὐτοῦ
2713 3059 2906 3127 γνῶσίν
2938 3077 2994 3111 τε
3033 3062 3131 3113 καὶ
3165 3062 3510 3118 εὐσέϐειαν
3560 3083 3746 3136 παραυ

2224 3154 2300 3223 τῷ
2333 3153 2448 3222 βίῳο
2498 3151 2713 3211 εἰκότως
2746 3152 3027 3220 προφήτην
3070 3152 3274 3222 ἕτερον
3329 3159 3487 3208 κατ’
3542 3158 3718 3210 οὐδὲν

2225 3243 2402 3294 δέοντα
2432 3241 2528 3310 τῆς
2558 3243 2673 3292 κατ’
2721 3240 2876 3292 αὐτὸν
2917 3242 3244 3310 οἰκονομίας
3280 3245 3365 3298 ὲκ
3421 3247 3537 3299 τοῦ
3595 3249 3745 3300 Ἰουδ

2225 3331 2403 3393 ἔθνους
2431 3332 2740 3398 ἀναστήσειν
2771 3329 2858 3381 διὰ
2887 3331 3140 3401 χρησμοῦ
3183 3331 3518 3400 θεσπίζει,
3569 3337 3748 3390 τοῦτο

2226 3421 2447 3492 ρηκότος
2479 3419 2637 3472 αὑτοῦ
2689 3419 2779 3471 τοῦ
2840 3420 2972 3471 Θεοῦ
3018 3421 3110 3472 τὸν
3156 3424 3428 3491 τρόπον
3482 3446 3504 3479 ς
3570 3430 3744 3500 Προφ

2226 3511 2506 3580 ἀναστήσω
2532 3510 2706 3570 αὐτοῖς
2727 3510 2789 3561 ὲκ
2818 3509 2924 3561 τῶν
2956 3511 3208 3579 ἀδελφῶν
3245 3516 3498 3582 αὐτῶν,
3539 3519 3750 3590 ὥσπερ

2228 3604 2321 3656 καὶ
2349 3602 2498 3655 δώσω
2529 3603 2588 3654 τὸ
2615 3602 2761 3671 ῥῆμά
2787 3618 2882 3670 μου
2916 3603 2971 3652 ἐν
2994 3601 3073 3670 τῷ
3101 3605 3376 3676 στόματι
3417 3610 3640 3674 αὑτοῦ,
3676 3630 3752 3665 κα

2224 3693 2373 3763 λήσει
2417 3693 2592 3752 αὐτοῖς
2640 3691 2758 3743 καθ’
2788 3693 2815 3743 ὃ
2853 3709 2904 3742 τι
2941 3691 3005 3742 ἂν
3037 3694 3426 3769 ὲντέλλωμαι
3475 3702 3670 3774 αὐτῷ*
3718 3721 3753 3755 κ

2226 3780 2499 3850 ἄνθρωπος
2527 3779 2584 3840 ὃς
2605 3778 2668 3830 ἂν
2694 3779 2765 3847 μὴ
2798 3779 3002 3852 ἀκούσῃ
3023 3781 3134 3834 τῶν
3161 3783 3376 3852 λόγων
3408 3793 3632 3856 αὐτοῦ,
3676 3795 3751 3846 δας

2227 3869 2432 3938 λαλήσῃ
2459 3869 2486 3918 ὁ
2517 3869 2792 3937 προφήτης
2819 3869 2908 3920 ἐπὶ
2939 3870 3016 3939 τῷ
3063 3872 3313 3943 ὀνόματί
3383 3900 3527 3951 μου,
3578 3881 3702 3950 ἐγὼ
3743 3884 3756 3932 ἓ

2227 3963 2376 4030 κήσω
2402 3959 2458 4024 ἐξ
2482 3958 2658 4010 αὑτοῦέ
2701 3977 2719 4008 ι
2749 3957 2826 4009 Τὰ
2854 3959 3013 4028 ὅμοια
3038 3960 3095 4013 δὲ
3142 3965 3247 4015 καὶ
3292 3972 3506 4036 αὐτὸς
3543 3973 3580 4026 ὸ
3636 3974 3758 4025 Mm?

2228 4049 2358 4119 πρὸς
2377 4049 2466 4099 τὸν
2491 4047 2612 4104 λαὸν
2640 4047 2713 4098 διε
2725 4048 2999 4116 ρμηνεύων
3022 4051 3083 4102 τὸ
3106 4053 3203 4104 τοῦ
3243 4056 3423 4113 Θεοῦ
3460 4062 3696 4130 λόγιον,
3727 4078 3760 4128 φ

2233 4152 2251 4187 ι
2291 4137 2567 4205 Προφήτην
2595 4137 2656 4221 ὲκ
2677 4134 2783 4187 τῶν
2807 4135 3044 4204 ἀδελφῶν
3075 4141 3237 4210 ὑμῶν
3273 4146 3382 4212 ὡς
3415 4151 3532 4221 ἐμὲ
3577 4152 3760 4204 ἀναστ

2229 4225 2426 4295 Κύριος
2459 4225 2486 4275 ό
2527 4219 2652 4286 Θεός
2699 4241 2812 4288 σου,
2872 4225 3035 4280 αὑτοῦ
3069 4231 3426 4292 ἀκούσεσθε
3458 4219 3646 4293 τκατὰ
3706 4257 3762 4290 πε

2228 4318 2325 4370 ὅσα
2352 4318 2530 4386 ᾐτήσω
2555 4315 2702 4385 παρὰ
2726 4317 2928 4386 Κυρίου
2952 4319 3046 4371 τοῦ
3072 4321 3216 4374 Θεοῦ
3252 4327 3331 4381 ὲν
3374 4331 3611 4402 Χωρὴϐ
3641 4333 3715 4400 τῇ
3748 4346 3762 4379 1

2158 4453 2203 4508 Β
2234 4425 2302 4508 Ρῗ
2329 4409 2424 4478 τῆς
2462 4406 2810 4508 ξῐξξεκξτισίαςο.
2831 4427 2848 4458 ³
2884 4404 3010 4479 Ἆρ’
3034 4407 3127 4463 οὖν
3158 4417 3210 4466 οἱ
3241 4425 3424 4486 μετὰ
3445 4422 3718 4476 Μωῦσέα
3752 4437 3762 4470 τ

2230 4499 2410 4568 φῆται,
2469 4497 2706 4559 Ἡσαΐας,
2749 4494 2898 4566 φέρε,
2939 4499 2973 4569 ἢ
3018 4499 3343 4574 Ἱερεμίας,
3393 4513 3431 4583 ἢ
3487 4508 3762 4580 Ἱεζεκιὴλ

2230 4588 2439 4658 Δανιὴλ,
2490 4587 2522 4657 ἦ
2557 4605 2638 4649 τις
2674 4587 2856 4658 ἕτερος
2889 4591 2999 4643 τῶν
3041 4592 3285 4662 δώδεκα,
3327 4605 3601 4658 Μωῡσετ
3633 4600 3762 4656 κατέ

2231 4678 2595 4750 παραπλήσιος
2640 4678 2966 4749 νομοθέτηςς
3003 4683 3288 4755 οὐδαμῶςε
3378 4695 3562 4748 Ἀλλὰ
3608 4693 3685 4745 τὰ
3713 4693 3759 4759 ὅι

2230 4786 2312 4831 τις
2334 4767 2548 4821 ἐκείνων
2571 4768 2788 4820 Μωῦσεῖ
2814 4759 3257 4843 διαπέπρακταις
3297 4787 3431 4839 οὐκ
3477 4786 3641 4839 εστιν
3671 4784 3758 4835 εῑπ

2233 4859 2494 4916 Ἕκαστος
2515 4855 2639 4922 γοῦν
2661 4858 2836 4911 αὐτῶν
2858 4862 2962 4915 ἀπὸ
2989 4862 3206 4936 πρώτου
3238 4877 3365 4928 καὶ
3407 4878 3499 4939 εις
3539 4873 3641 4926 τὸν
3678 4870 3756 4924 τεέ

2234 4951 2396 5008 ταῖον,
2427 4947 2515 4998 ἐπὶ
2543 4945 2777 5004 Μωῦσέα
2791 4955 2916 5018 τοὺς
2935 4957 3346 5028 ἀκροωμένους
3372 4966 3735 5033 ἀνέπεμπον,

2235 5037 2324 5128 τόν
2344 5035 2570 5128 γεκατὰ
2590 5039 2682 5092 τοῦ
2707 5041 2832 5098 λαοῦ
2852 5046 3066 5119 ἔλεγχον
3089 5049 3176 5103 διὰ
3201 5051 3324 5118 τὰς
3357 5054 3728 5128 παραϐάσεις

2236 5124 2506 5226 ξίωξδσέως
2519 5127 2996 5226 ἐποιοῦντο-νόμου,
3023 5143 3388 5220 προῦτρεπόν
3413 5124 3477 5200 τε
3518 5144 3677 5198 οὐδὲν
3711 5142 3736 5195 ἅ

2235 5213 2395 5315 illrth
2419 5217 2567 5315 παρὰ
2590 5221 2814 5315 δίωῦσεῖ
2837 5213 3352 5314 νενομοθέτημξένων
3374 5234 3691 5306 ἐξέχεσθαι,

2235 5303 2354 5410 δένα
2383 5304 2509 5410 γοῦν
2533 5311 2740 5370 τούτων
2777 5303 2980 5396 ὅμοιον,
3012 5303 3258 5410 Μωῦοῆς
3287 5328 3376 5391 ΰὶ
3402 5303 3542 5392 περὶ
3565 5322 3688 5380 bibe
3712 5324 3738 5367 ι

2479 5398 2774 5507 αναφωνεῖ.
2815 5393 2948 5475 Τίνα
2968 5393 3163 5485 τοίνυν
3200 5393 3310 5507 ἔχ
3331 5411 3574 5494 iam:pr
3616 5407 3762 5507 8.50m

2235 5482 2453 5538 Μωῦσεῖ
2483 5502 2870 5579 παραπλήσιον
2904 5515 3124 5579 ἔσεσθαι
3153 5482 3490 5603 “page,th
3524 5498 3558 5568 ἢ
3588 5495 3733 5568 μόνον
