3870 6388
201 426 313 482 169

1095 419 1734 482 DEMONSTRATIOle
1763 407 2213 476 EVANGELICA‘I
2252 401 2376 465 LIB.
2416 409 2518 466 111..

3292 422 3390 482 170

192 532 406 606 Σωτῆρα
450 531 538 584 καὶ
581 528 784 599 Κύριον
837 530 1028 601 ἡμῶν
1100 541 1304 612 Ἰησοῦν
1355 540 1442 590 τὸν
1502 537 1760 608 Χριστόν;

1871 533 2084 586 firmiter
2125 523 2372 588 tenenda,
2417 541 2538 598 qua:
2587 522 2639 579 in
2680 529 2793 600 lege
2825 529 2986 587 Musis
3027 532 3198 601 posita
3238 545 3384 589 sunt.

196 629 372 687 Ὅπως
418 621 470 673 δὲ
497 618 637 672 τοῦτ’
689 620 913 690 εἴρηται
943 663 962 687 ,
1015 628 1408 699 διασκέψασθαι
1460 629 1759 695 ἀναγκαῖον.

195 711 420 778 Mulieri};
468 707 680 778 πρῶτος
733 709 1003 778 ἡγήσατο
1077 716 1173 768 τοῦ
1243 715 1495 768 Ἰουδαίων
1563 711 1758 773 ἔθνους.

199 800 379 870 Εὐρὼν
397 799 448 852 δὲ
475 797 669 857 αὐτοὺς
695 800 766 866 τῇ
789 803 945 852 κατὰ
975 803 1314 870 Αἰγυπτίους
1341 802 1574 871 πολυθὲῳ
1595 800 1764 869 πλάνῃ

201 890 582 958 προσέχοντας,
656 888 880 957 πρῶτος
954 892 1063 960 μὲν
1139 894 1334 962 ταύτης
1397 892 1721 960 ἀπέστρεψεν
1748 930 1762 952 ,

199 978 579 1047 ἀπαραιτήτοις
607 977 914 1046 τιμωρίαις
944 978 1327 1050 ἀπαγορεύσας
1359 979 1762 1048 εἰδωλολατρεῖνο

202 1064 414 1128 πρῶτος
441 1065 496 1116 δὲ
525 1064 709 1125 αὐτοῖς
751 1066 849 1116 καὶ
891 1067 996 1136 τὴν
1027 1069 1154 1138 περὶ
1185 1069 1466 1137 μοναρχίας
1499 1067 1765 1132 θεολογίαν

206 1151 543 1219 κατήγγειλε,
573 1152 666 1204 τὸν
689 1151 801 1203 τῶν
832 1154 1101 1206 ἁπάντων
1124 1155 1470 1225 Δημιουργον,
1496 1155 1586 1206 καὶ
1613 1169 1764 1222 ποιη⁹

183 1242 312 1308 τήν
334 1242 486 1309 μόνον
525 1241 916 1312 παραγγείλας
972 1243 1167 1294 σόϐεινο
1197 1243 1403 1312 πρῶτος
1429 1242 1481 1293 δὲ
1508 1243 1599 1292 καὶ
1621 1242 1763 1307 ἀγωο

149 1332 303 1410 γῆν
333 1349 447 1383 τινα
498 1331 794 1394 θεοσεϐοῦς
843 1333 962 1401 βίου
996 1335 1108 1392 τοῖς
1146 1333 1319 1394 αὐτοῖς
1365 1331 1761 1399 διαταξάμενος,

148 1419 486 1488 νομοθέτης
509 1421 704 1482 αὐτοῖς
737 1418 1000 1480 εὐσεϐοῦς
1027 1419 1290 1481 πολιτείας
1316 1419 1519 1488 πρῶτος
1545 1419 1635 1470 καὶ
1668 1417 1763 1486 μό-

183 1510 713 1572 νοςὰποδέδεικται.
733 1509 898 1562 Ἀλλὰ
927 1510 1021 1562 καὶ
1060 1509 1260 1579 Ἰησοῦς
1292 1511 1319 1560 ὁ
1344 1509 1570 1578 Χριστὸς
1601 1509 1760 1560 Μωῦ-

204 1602 305 1650 σεί
325 1598 742 1668 παραπλησίως,
777 1600 874 1650 καὶ
911 1599 1042 1652 πολὺ
1075 1599 1388 1668 κρειττόνως
1425 1599 1630 1666 πρῶτος
1666 1598 1762 1666 τῆς

197 1690 327 1741 κατ’
353 1689 638 1740 εὐσέϐειαν
673 1687 1031 1750 διδασκαλίας
1078 1693 1187 1750 τοῖς
1219 1689 1420 1749 λοιποῖς
1448 1686 1618 1739 ἔθνεσι
1665 1704 1764 1739 κα-

198 1777 468 1847 θηγήσατο
502 1779 604 1832 καὶ
650 1778 876 1848 πρῶτος
904 1779 1206 1848 ἀνατροπὴν
1231 1778 1328 1845 τῆς
1363 1777 1478 1829 καθ’
1513 1777 1638 1846 ὃλην
1667 1776 1763 1844 τὴν

1865 619 2076 674 Nullum
2134 617 2294 688 igitur
2333 614 2526 671 horum
2569 613 2642 669 illi
2679 619 2904 674 similem
2949 621 3193 678 dixeris:
3239 624 3386 693 atqui

1868 711 2040 766 Moses
2069 711 2133 764 de
2170 723 2276 762 uno
2319 706 2576 761 duntaxat
2617 715 2759 761 certe
2789 723 2851 763 ac
2885 710 3097 767 deﬁnite
3128 715 3385 783 loquitur.

1867 802 2156 864 Quemnam
2174 797 2331 866 igitur
2347 796 2506 848 alium
2526 792 2657 847 Mosi
2671 795 2897 848 similem
2917 796 3150 852 futurum
3167 803 3390 870 prophe.

1867 896 1974 941 tam
2002 888 2144 941 canit
2171 887 2447 938 oraculum
2471 885 2619 947 illud,
2638 885 2740 938 nisi
2777 883 3102 941 Salvatorem
3130 899 3184 944 et
3211 892 3388 946 Domi-

1869 991 1992 1029 num
2021 983 2258 1029 nostrum
2276 970 2454 1028 Jesum
2472 973 2740 1028 Christum
2758 975 2780 1026 ‘l
2796 974 3070 1038 Quomodo
3091 987 3264 1032 autem
3285 981 3388 1034 hoc

1867 1067 2061 1120 dictum
2079 1065 2474 1134 sit,di|igentius
2490 1066 2834 1134 contemplari
2849 1079 3065 1119 necesse
3075 1067 3390 1126 est.Primus

1869 1156 2038 1210 Moses
2058 1157 2197 1222 genti
2225 1155 2456 1209 Judaicae
2477 1153 2709 1223 praefuit:
2730 1171 2959 1224 cumque
2979 1171 3072 1211 eos
3105 1158 3388 1227 deprehen-

1867 1247 2030 1301 disset
2053 1242 2316 1316 Egyptiis
2343 1245 2828 1314 superstitionibus.
2849 1247 3239 1316 multorumque
3269 1251 3390 1304 deo-

1867 1353 1982 1391 rum
1999 1337 2142 1390 cultu
2161 1336 2462 1404 implicitos,
2481 1335 2684 1403 primus
2701 1335 2848 1390 abiis
2865 1336 2982 1391 illos
2999 1337 3207 1398 avertit,
3226 1339 3392 1392 inevi-

1867 1425 2117 1480 tabilibus
2135 1425 2407 1493 suppliciis
2420 1425 2650 1477 cultores
2665 1424 3068 1478 simulacrorum
3091 1425 3386 1480 deterrens:

1865 1511 1964 1582 91
1996 1521 2048 1568 et
2097 1514 2298 1583 primus
2352 1515 2430 1568 eis
2483 1515 2798 1582 theologiam
2844 1515 3094 1575 ostendit,
3125 1530 3242 1568 eam
3274 1528 3391 1584 qua

1867 1606 2026 1658 unius
2046 1604 2400 1673 principatum
2423 1605 2596 1665 docet,
2622 1604 2974 1671 pracepitque
3003 1610 3058 1656 ut
3089 1620 3249 1656 unum
3277 1605 3393 1673 opi-

1868 1693 2015 1747 ﬁcem
2069 1703 2440 1761 auctoremque
2489 1708 2662 1745 rerum
2712 1693 2946 1746 omnium
2977 1693 3210 1746 colerent
3241 1708 3252 1746 :
3281 1695 3391 1762 pri-

1868 1801 1985 1839 mus
2024 1785 2183 1839 etiam
2237 1784 2494 1851 religiosae
2519 1784 2638 1836 vita:
2665 1783 2768 1836 illis
2796 1784 3178 1838 institutionem
3203 1799 3391 1852 quam-

199 1870 517 1937 οξιιουμένην
573 1868 1031 1938 εἰδωλολατρείας
1084 1865 1395 1936 εἰργάσατο·
1451 1865 1658 1936 πρῶτός
1707 1881 1764 1917 τε

1871 1871 1982 1923 dam
2039 1869 2324 1936 disponens
2373 1876 2530 1937 atque
2588 1869 2885 1937 assignans,
2937 1872 3034 1938 pia:
3088 1880 3391 1938 sanctasque

203 1959 308 2026 τὴν
327 1959 430 2020 ἑνὸς
460 1958 560 2009 τοῦ
595 1955 996 2028 παμϐασιλὲως
1023 1957 1153 2008 Θεοῦ
1179 1955 1373 2023 γνῶσίν
1403 1973 1459 2007 τε
1494 1956 1585 2007 καὶ
1615 1953 1764 2006 εὐσέο

206 2050 351 2101 ὄειαν
385 2051 552 2101 πᾶσιν
591 2048 916 2117 ἀνθρώποις
961 2045 1310 2116 προύϐάλετο,
1341 2045 1520 2097 καινοῦ
1562 2061 1618 2095 τε
1654 2043 1762 2111 βίου

203 2141 307 2190 καὶ
322 2139 583 2200 πολιτείας
613 2136 902 2190 θεοσεϐἐσι
929 2134 1296 2205 προσηκούσης
1313 2134 1520 2204 πρῶτος
1540 2135 1762 2200 είσαγωυ

202 2231 334 2294 γεῦς
366 2230 458 2280 καὶ
490 2228 808 2298 νομοθέτης
849 2226 1232 2278 ἀποδέδεικται.
1282 2223 1388 2276 Καὶ
1418 2225 1483 2276 τὰ
1526 2223 1682 2275 λοιπὰ
1710 2223 1766 2275 δὲ

202 2318 288 2369 τὰ
310 2320 416 2388 περὶ
441 2318 662 2387 κόσμου
705 2316 994 2383 γενέσεως,
1019 2314 1111 2366 καὶ
1133 2313 1198 2365 τὰ
1225 2315 1350 2382 περὶ
1376 2311 1546 2382 ψυχῆς
1571 2311 1767 2364 ﬂava-

205 2407 346 2467 σίας,
371 2408 461 2459 καὶ
483 2408 590 2458 ὅσα
619 2401 763 2460 ἄλλα
797 2405 1056 2472 φιλόσοφα
1082 2403 1318 2471 δόγματα
1357 2401 1568 2471 πρῶτος
1604 2403 1766 2453 Mmo-

209 2491 315 2560 σῆς
339 2493 408 2562 τῷ
452 2493 742 2546 Ἰουδαίων
780 2490 1092 2561 παρέδωκεν
1136 2489 1307 2550 ἔθνει,
1339 2489 1505 2540 ταῦτα
1546 2487 1765 2556 θεοπρε-

205 2584 459 2653 πὲπερον
492 2583 724 2654 πρῶτος
754 2584 866 2644 τοῖς
898 2582 1098 2643 λοιποῖς
1122 2579 1326 2633 ἔθνεσιν
1359 2577 1560 2646 Ἰησοῦς
1583 2581 1609 2630 6
1638 2579 1766 2647 Χρι-

208 2670 333 2731 στὸς
379 2670 464 2724 διὰ
517 2671 634 2724 τῶν
683 2669 854 2722 αὐτοῦ
911 2667 1163 2738 μαθητῶν
1209 2665 1590 2735 κατήγγειλενο
1630 2664 1765 2718 ὥστε

203 2758 438 2812 Martias:
479 2760 608 2830 μὲν.
633 2758 870 2820 εἰκότως
905 2757 1116 2828 πρῶτον
1159 2757 1252 2808 καὶ
1297 2755 1451 2824 μόνον
1495 2753 1767 2816 εὐσεϐείας

205 2847 496 2917 νομοθέτην
541 2845 955 2917 ἀνηγορεῦσθαι
998 2845 1284 2906 Ἰουδαίων,
1342 2842 1542 2910 Ἰησοῦν
1587 2838 1642 2894 δὲ
1677 2841 1767 2893 τὸν

205 2935 434 3002 Χριστὸν
457 2936 567 2989 τῶν
594 2935 775 2988 ἐθνῶν
800 2934 1069 2994 ἁπάντων,
1095 2930 1234 2984 κατὰ
1256 2929 1350 3000 τὴν
1377 2934 1617 2998 φήσασαν
1642 2929 1766 2998 περὶ

208 3025 377 3077 αὐτοῦ
406 3026 779 3097 προφητείαν·
810 3043 828 3074 ι
863 3022 1231 3090 Κατάστησον,
1261 3016 1448 3088 Κύριε,
1482 3017 1766 3088 νομοθέτην

207 3115 308 3164 ἐπ’
350 3117 566 3179 αὐτούς’
619 3113 922 3183 γνώτωσαν
968 3112 1113 3181 ἔθνη,
1153 3111 1233 3161 ὅτι
1265 3108 1531 3179 ἄνθρωποί
1572 3110 1691 3158 είσι.
1743 3126 1761 3158 ι

209 3203 382 3256 Πάλιν
398 3206 630 3276 Μωῦσῆς
652 3202 978 3273 θαυμασίοις
1004 3201 1181 3270 ἔργοις
1204 3199 1294 3251 καὶ
1315 3196 1770 3267 παραδοξοποιίαις

211 3294 321 3363 τὴν
351 3297 476 3366 πρὸς
523 3294 693 3348 αὐτοῦ
729 3290 1188 3357 καταγγελθεῖσαν
1234 3286 1506 3338 εὐσέϐειαν
1547 3281 1771 3334 Emoth-

219 3399 372 3438 σατο.
408 3387 677 3448 Ὡσαύτως
712 3385 772 3436 δὲ
812 3384 906 3434 κώ
933 3383 962 3432 6
993 3379 1238 3448 Χριστὸς,
1268 3379 1386 3438 ταῖς
1414 3374 1770 3442 ἀναγράπτοις

216 3472 678 3546 θαυματουργίαις
713 3473 851 3542 πρὸς
883 3471 1060 3522 πίστιν
1091 3468 1197 3520 τῶν
1222 3465 1464 3536 ὁρώντων
1502 3463 1770 3532 κεχρημέο

219 3580 336 3625 νος,
366 3568 429 3619 τὰ
469 3566 632 3619 καινὰ
681 3565 787 3631 τῆς
825 3560 1178 3628 εὐαγγελικῆς
1227 3553 1560 3616 διδασκαλίας
1611 3549 1769 3605 αὐτοῦ

231 3655 512 3726 μαθήματα
539 3654 773 3723 σνιεστή
782 3667 926 3703 σατο.
956 3649 1119 3701 Πάλιν
1135 3649 1262 3700 Μωῦ
1271 3647 1365 3715 σῆς
1381 3647 1444 3697 ὲκ
1470 3644 1662 3713 πικρᾶς
1677 3642 1772 3711 τῆς

230 3742 322 3794 ὕπ’
355 3747 659 3814 Αἰγυπτίοις
681 3741 925 3802 δουλείας
953 3741 1012 3792 τὸ
1053 3738 1310 3791 Ἰουδαίων
1341 3735 1486 3795 ἔθνος
1515 3736 1590 3794 είς
1623 3733 1771 3783 ἐλευ-

231 3830 409 3902 Θερίαν
451 3835 850 3905 μετεστήσατο·
895 3830 988 3882 καὶ
1035 3826 1236 3896 Ἰησοῦς
1278 3825 1335 3876 δὲ
1375 3825 1402 3875 6
1440 3821 1669 3893 Χριστὸς
1711 3823 1776 3872 ὲκ

235 3919 334 3986 τῆς
359 3926 452 3976 ὑπὸ
475 3929 582 3986 τοῖς
613 3921 873 3990 πονηροῖς
911 3918 1122 3986 δαίμοσι
1158 3913 1444 3976 δυσσεϐοῦς
1482 3913 1574 3965 καὶ
1609 3913 1773 3978 Αἰγυ-

241 4015 462 4082 πτιακῆς
497 4009 939 4079 εἰδωλολατρείας
983 4009 1060 4068 είς
1105 4003 1408 4075 ἐλευθερίαν
1454 4002 1514 4054 τὺ
1564 4001 1774 4055 πάντων

241 4089 520 4166 ἀνθρώπων
567 4100 726 4167 γένος
769 4094 1142 4149 ἀνεκαλέσατο.
1192 4092 1356 4144 Πάλιν
1395 4091 1628 4156 Μωῦσῆς
1672 4091 1775 4159 γῆν

243 4181 391 4246 ἁγίαν
429 4191 517 4242 καὶ
563 4186 791 4256 θεοφιλῆ
839 4185 950 4253 βίον
1001 4186 1056 4236 ἐν
1099 4182 1269 4253 ταύτῃ
1313 4182 1404 4234 καὶ
1452 4179 1776 4250 μακαριστὸν

241 4275 345 4335 τοῖς
377 4280 479 4330 τῶν
512 4279 693 4348 νόμων
737 4274 962 4344 φύλαξιν
1001 4272 1387 4342 ἐπηγγείλατοο
1425 4271 1680 4332 ὡσαύτως
1719 4269 1774 4321 δὲ

243 4359 330 4410 καὶ
378 4366 572 4435 Ἰησοῦς
601 4368 632 4417 ὁ
669 4364 925 4432 Χριστὸς,
965 4380 984 4412 ι
1033 4361 1325 4428 Μακάριοι,
1367 4377 1385 4408 ι
1431 4357 1612 4427 φησὶν,
1651 4375 1670 4407 ‹
1726 4358 1774 4409 οἱ

1863 1956 2167 2025 reipublicae
2197 1956 2302 2008 illis
2330 1965 2515 2008 auctor
2543 1965 2596 2008 et
2622 1957 2824 2023 primus
2847 1965 2899 2010 et
2921 1958 3068 2011 solus
3095 1959 3339 2027 apparuit
3371 1975 3387 2013 :

1866 2045 2009 2113 atqui
2051 2042 2206 2097 Jesus
2231 2059 2441 2111 quoque
2467 2044 2714 2099 Christus
2743 2046 2883 2100 sicut
2915 2044 3085 2100 Moses
3115 2047 3384 2107 similiter,

1865 2148 1926 2186 ac
1982 2134 2145 2186 multo
2191 2132 2401 2200 quidem
2453 2135 2840 2190 excellentius:
2876 2136 2966 2204 qui
3021 2137 3224 2204 primus
3269 2135 3387 2202 ejus

1864 2221 2136 2279 doctrinae.
2191 2235 2309 2290 quae
2355 2235 2528 2275 veram
2573 2222 2877 2290 religionem
2914 2225 3142 2278 instituit
3174 2226 3390 2294 reliquis

1865 2309 2129 2378 gentibus,
2177 2317 2364 2361 auctor
2415 2317 2468 2360 et
2513 2313 2766 2378 magister
2807 2310 2926 2374 fuit,
2983 2319 3035 2365 et
3067 2313 3269 2380 primus
3297 2328 3392 2382 per

1865 2405 2030 2450 totum
2068 2405 2327 2451 terrarum
2358 2397 2538 2450 orbem
2590 2381 2993 2453 simulacrorum
3019 2403 3218 2454 cultum
3241 2381 3392 2455 evel"

1865 2486 1948 2548 tit,
1979 2485 2286 2554 primusque
2338 2483 2496 2538 unius
2547 2485 2784 2538 omnium
2823 2487 2962 2555 regis
3006 2485 3098 2542 Dei
3133 2488 3392 2557 cognitio-

1867 2590 1985 2629 nem
2035 2585 2087 2628 et
2140 2577 2487 2629 reverentiam
2537 2575 2743 2629 cunctis
2769 2576 3002 2630 ostendit
3040 2577 3344 2632 hominibus
3373 2614 3388 2642 ,

1865 2679 2117 2732 novaeque
2178 2665 2295 2717 vita:
2339 2678 2402 2716 ac
2451 2664 2553 2732 piis
2605 2663 2909 2719 hominibus
2961 2668 3386 2726 accommodatae.

1866 2753 2165 2822 reipublicae
2194 2754 2399 2822 primus
2435 2751 2787 2816 introductor,
2806 2754 3040 2824 legisque
3061 2755 3195 2808 lator
3225 2757 3392 2808 exsti-

1865 2843 1945 2896 tit.
1972 2842 2050 2895 Ad
2085 2843 2215 2905 hmo,
2243 2857 2303 2896 ea
2331 2856 2448 2910 qua:
2479 2840 2544 2895 de
2567 2841 2750 2895 mundi
2781 2851 2924 2906 ortu,
2957 2851 3009 2898 et
3035 2859 3152 2914 qua:
3180 2843 3245 2899 de
3269 2846 3390 2898 ani-

1865 2947 1964 2986 mae
1990 2931 2383 2985 immortalitate
2415 2931 2676 2997 feruntur,
2705 2932 2915 3001 aliaque
2946 2933 3122 2987 omnia
3165 2935 3396 3002 philoso-

1865 3022 2020 3092 phica
2066 3027 2325 3091 praecepta
2365 3037 2693 3091 quaecunque
2721 3021 2957 3090 ejusdem
2998 3030 3122 3076 sunt
3161 3025 3391 3092 generis,

1869 3116 2072 3184 primus
2106 3114 2278 3168 Moses
2307 3112 2607 3168 Iudaeorum
2641 3116 2856 3169 tradidit
2895 3109 3117 3167 nationi.
3145 3112 3246 3167 Sed
3279 3113 3392 3166 haec

1871 3202 2037 3255 multo
2089 3189 2349 3268 divinius,
2414 3205 2618 3272 primus
2669 3205 2876 3258 caeteris
2939 3205 3184 3274 gentibus
3237 3201 3394 3256 Jesus

1869 3292 2114 3348 Christus
2149 3311 2240 3364 per
2269 3311 2394 3350 suos
2430 3295 2720 3365 discipulos
2743 3296 3146 3358 demonstravit,
3176 3302 3233 3347 ut
3265 3308 3396 3349 sane

1871 3384 2060 3437 merito
2111 3383 2308 3438 Mosem
2351 3387 2579 3455 primum
2637 3387 2914 3453 solumque
2955 3385 3166 3454 pietatis
3220 3385 3392 3452 legum

1869 3471 2086 3526 latorem
2135 3470 2435 3527 Judaeorum
2486 3475 2750 3544 appellare
2803 3489 3012 3541 aequum
3069 3475 3158 3535 sit,
3213 3473 3393 3526 Jesum

1871 3567 2048 3612 autem
2083 3561 2352 3615 Christum
2402 3563 2636 3631 gentium
2684 3564 3068 3623 universarum,
3101 3563 3238 3615 sicut
3271 3575 3396 3629 pro-

1872 3648 2048 3716 phetia
2074 3664 2191 3717 qua:
2206 3649 2268 3703 de
2299 3650 2387 3704 illo
2421 3660 2520 3713 est,
2548 3651 2692 3704 canit
2728 3671 2740 3705 :
2781 3670 2799 3702 ι
2833 3651 3126 3712 Constitue,
3153 3649 3392 3713 Domine,

1876 3735 2229 3803 legislatorem
2285 3753 2444 3806 super
2497 3755 2612 3804 eos,
2667 3746 2959 3809 agnoscant
3011 3747 3196 3808 gentes
3253 3739 3432 3806 quod‘

1874 3826 2112 3881 homines
2135 3830 2366 3884 suum.»
2399 3827 2568 3884 Moses
2596 3837 2842 3898 praeterea
2872 3829 3035 3898 gestis
3067 3828 3397 3882 mirabilibus

1873 3925 1926 3970 ct
1953 3917 2227 3987 prodigiis,
2263 3920 2564 3989 religionem
2594 3934 2622 3971 a
2656 3933 2713 3972 se
2742 3919 3037 3973 institutam
3065 3928 3118 3972 et
3148 3918 3394 3971 traditam

1876 4005 2226 4059 conﬁrmavit.
2275 4006 2458 4061 Itidem
2509 4005 2756 4061 Christus
2805 4008 2870 4060 iis
2923 4006 3228 4068 miraculis,
3278 4019 3399 4074 qua

1875 4095 2034 4147 etiam
2064 4096 2277 4164 scriptis
2309 4096 2501 4150 tradita
2529 4112 2650 4152 esse
2683 4111 2868 4151 omnes
2896 4097 3140 4150 novimus
3176 4095 3242 4149 ad
3271 4094 3399 4148 lide-

1877 4183 2004 4236 lium
2029 4184 2344 4240 intuentium
2374 4201 2526 4248 usus,
2597 4184 2750 4241 novis
2795 4200 2904 4240 sua:
2949 4183 3206 4240 doctrinae
3238 4197 3404 4239 evan-

1875 4271 2054 4340 gelicae
2111 4273 2410 4342 praereptis,
2468 4274 2810 4328 stabilitatem
2871 4287 2934 4327 ac
2993 4273 3397 4342 perpetuitatem

1877 4360 2135 4427 adjunxit.
2167 4361 2372 4414 Rursus
2395 4361 2567 4416 Moses
2593 4367 2804 4430 gentem
2835 4359 3112 4416 Iudaicam
3151 4362 3218 4414 ab
3261 4361 3402 4414 into-

245 4457 449 4517 πραεῖς,
482 4457 560 4508 ὅτι
603 4455 757 4508 αὐτοὶ
796 4451 1259 4521 κληρονομήσουσι
1301 4449 1396 4518 τὴν
1421 4448 1542 4516 γῆν.
1585 4467 1602 4498 ι
1634 4447 1769 4499 Πολύ

1879 4447 2080 4500 lerabili
2130 4449 2404 4512 servitute,
2431 4465 2532 4518 qua
2563 4450 2629 4502 ab
2659 4447 2923 4520 Egyptiis
2959 4452 3314 4519 premebatur,
3345 4451 3401 4504 in

248 4544 506 4602 κρείττονα
546 4546 670 4614 γῆν,
706 4542 923 4611 ἀληθῶς
956 4542 1048 4594 καὶ
1081 4541 1234 4607 ἁγίαν
1273 4541 1366 4592 καὶ
1395 4537 1628 4607 θεοφιλῆ,
1659 4537 1776 4606 οὐχὶ

247 4622 337 4693 τὴν
367 4636 453 4687 ἐπὶ
480 4637 576 4704 τῆς
626 4633 918 4694 Ἰουδαίας,
953 4633 1034 4682 ὅτι
1083 4630 1241 4699 μηδὲν
1281 4629 1380 4696 τῆς
1420 4627 1607 4695 λοιπῆς
1642 4627 1774 4698 αὕτη

251 4708 524 4793 διενήνοχεν
543 4763 558 4786 ,
587 4723 723 4776 ἀλλὰ
754 4723 853 4792 τὴν
885 4721 1004 4772 κατ’
1041 4718 1258 4788 οὐρανὸν
1289 4717 1484 4784 ψυχαῖς
1522 4715 1779 4784 φιλοθέοις

256 4811 621 4883 προσήκουσαν,
651 4817 768 4874 τοῖς
807 4809 1130 4878 κατορθοῦσι
1165 4807 1250 4859 τὸν
1270 4808 1405 4877 πρὸς
1451 4806 1608 4858 αὐτοῦ
1648 4823 1777 4858 κατ⁸

254 4898 552 4972 ᾒτγελμένον
585 4905 699 4972 βίον
734 4898 1127 4966 ὑποσχόμενος.
1166 4898 1226 4950 Ὅ
1265 4896 1329 4966 δὴ
1387 4895 1478 4946 καὶ
1511 4895 1780 4964 παριστὰς

253 4969 554 5063 λευκότερον,
586 4969 709 5054 ’τοῖς
755 4989 902 5058 πρὸς
947 4986 1108 5036 αὐτοῦ
1143 4983 1583 5054 μακαριζομένοις
1629 4983 1776 5052 βασι·

244 5056 379 5156 λείαν
413 5056 651 5156 οδρανῶν
692 5056 1062 5146 κατῆγγειλε.
1110 5076 1212 5126 Καὶ
1256 5073 1418 5132 ἄλλας
1463 5072 1518 5123 δὲ
1562 5072 1782 5140 πράξεις

233 5146 398 5238 ξῦροις
429 5146 494 5228 ἂν
524 5173 631 5225 ὐπὸ
668 5168 768 5222 τοῦ
803 5163 1068 5230 Σωτῆρος
1094 5163 1240 5231 ἡμῶν
1276 5160 1536 5229 κρείττονι
1572 5160 1604 5229 ἢ
1643 5161 1780 5212 κατὰ

217 5223 697 5330 ξίέιύξέαῂδονάμει
729 5223 1062 5322 γεγονυέᾶςς
1095 5223 1462 5318 τέέιραπλῆσίας
1492 5262 1552 5312 τε
1580 5223 1680 5316 θὴν
1697 5245 1781 5312 αῖς

205 5318 319 5415 ξολ
337 5318 616 5415 δΜωῦσῆξ
644 5318 1028 5409 διεᾶτρἀξατο.
1062 5331 1174 5388 υἷον
1203 5336 1276 5396 ὼς
1307 5335 1398 5384 ἐπὶ
1423 5335 1782 5405 παραδείγμα-

183 5398 840 5538 ᾂ,
870 5398 1279 5490 τεσσαράκοντα
1306 5398 1512 5488 ἡμέρας
1538 5398 1782 5538 ιέήάέευ-

227 5521 259 5538 λ
360 5534 369 5538 -
437 5533 447 5538 -
491 5527 531 5538 -
642 5519 698 5538 Α
759 5510 1058 5538 -.-λς-..υτ
1085 5509 1342 5538 ηαλμ--.
1382 5525 1398 5538 .
1435 5508 1529 5538 Ir-\
1600 5528 1628 5538 ..
1674 5513 1782 5538 1.--,

227 5521 274 5563 ἢ

299 5702 462 5760 om
495 5712 580 5752 ιι,
621 5685 727 5741 21.
815 5677 869 5709 ὀ
916 5673 1118 5729 Matth.
1149 5693 1201 5742 ν,
1238 5679 1288 5731 ι.

363 5801 623 5856 Ρλτηοι.
677 5775 816 5834 Gtt.
862 5765 1094 5829 XXII,

1879 4537 2173 4591 libertatem
2204 4540 2508 4594 vindicavit.
2526 4538 2768 4593 Christus
2800 4554 3031 4608 quoque,
3054 4554 3210 4592 omne
3233 4551 3400 4607 genus

1879 4625 2189 4690 humanum,
2225 4628 2292 4680 ab
2333 4628 2496 4696 impio
2535 4635 2692 4695 atque
2748 4627 3052 4696 .Egyptiaco
3087 4627 3402 4680 simulacro-

1879 4729 1996 4766 rum
2025 4714 2190 4779 cultu,
2220 4731 2328 4784 quo
2371 4717 2470 4770 sub
2520 4717 2675 4771 malis
2727 4716 3054 4770 daemonibus
3104 4715 3401 4776 tenebatur,

1878 4804 2146 4857 revocavit
2188 4806 2251 4857 ad
2299 4805 2616 4860 libertatem.
2677 4806 2913 4875 Denique
2979 4803 3152 4856 Moses
3207 4810 3408 4856 terram

1879 4900 2140 4954 sanctam,
2192 4900 2244 4946 et
2279 4893 2333 4946 in
2388 4910 2450 4948 ea
2502 4896 2663 4948 vitam
2703 4895 2810 4949 Deo
2850 4902 3052 4963 gratam
3099 4897 3154 4942 et
3199 4890 3409 4942 beatam

1881 4981 1967 5044 iis,
1998 4981 2087 5049 qui
2136 4983 2278 5051 leges
2327 4993 2618 5048 servarent,
2671 4985 2934 5054 promisit.
2978 4977 3154 5030 Simili
3212 4980 3416 5029 ratione

1881 5070 2035 5125 Jesus
2059 5071 2330 5135 Christus,
2369 5091 2387 5122 ι
2418 5074 2584 5138 Beati,
2607 5075 2799 5143 inquit,
2827 5073 3004 5126 mites,
3035 5065 3300 5132 quoniam
3322 5065 3424 5130 ipsi

1884 5159 2228 5228 possidebunt
2257 5167 2450 5213 terram
2466 5161 2532 5224 ”,
2572 5182 2590 5213 ι
2617 5164 2772 5230 longe
2798 5159 2986 5224 utique
3014 5151 3310 5204 meliorem
3335 5157 3436 5200 ter-

1882 5263 2016 5310 ram,
2052 5264 2280 5318 vereque
2331 5258 2570 5304 sanctam
2612 5267 2674 5305 ac
2717 5249 2822 5303 Deo
2871 5250 3109 5314 gratam,
3164 5252 3292 5289 non
3333 5247 3450 5286 eam

1885 5353 2001 5408 qua:
2027 5346 2106 5393 est
2133 5340 2186 5392 in
2207 5338 2408 5402 Judaea,
2433 5356 2551 5408 qua:
2574 5341 2728 5410 plane
2755 5353 2785 5390 a
2817 5332 3053 5401 reliquis
3072 5325 3236 5384 nihil
3269 5321 3464 5416 differt.

1887 5427 1979 5482 sed
2021 5427 2114 5482 Dei
2153 5429 2496 5483 amatricibus
2526 5430 2577 5482 in
2609 5429 2745 5484 cmlo
2773 5421 3080 5479 animabus
3115 5416 3481 5468 comentem

489 5527 531 5577 Γ
534 5492 702 5594 ξαιφῆ
756 5510 1058 5581 μαρτυρεῖ
1085 5509 1305 5575 λέγουσα
1327 5523 1342 5537 ο
1382 5525 1398 5557 ι
1435 5508 1533 5559 Καὶ
1561 5505 1628 5578 ἦν
1672 5513 1769 5564 txe'

1889 5525 2012 5582 tem,
2041 5516 2146 5587 92
2178 5517 2246 5573 iis
2287 5517 2377 5586 qui
2416 5518 2623 5574 vivendi
2676 5518 2952 5575 rationem
3014 5523 3051 5562 ι
3106 5518 3169 5558 se
3242 5492 3498 5564 Ροδνυθλἰπὶ

3155 5764 3190 5816 0
