3862 6376
611 320 704 372 i7!

1231 313 1498 368 EUSEBII.
1524 312 1993 377 CESARIENSIS
2023 313 2170 370 OPP.
2212 314 2388 367 PARS
2425 314 2487 367 11.
2532 346 2597 354 -——
2634 316 3149 372 APOLOGETICA.

601 432 752 501 plene
782 427 1196 490 observaverint,
1228 428 1516 498 pollicitus.
1544 428 1694 493 Quod
1726 430 1935 498 quidem
1965 445 2111 499 aper-

2217 432 2450 499 Μωῦσῆς
2472 430 2642 483 ἔναντι
2664 433 2855 501 Κυρίου
2873 430 3313 500 τεσσαράκοντα
3333 422 3562 494 ἡμέρας
3592 424 3688 477 καὶ

599 524 704 575 tius
736 520 976 573 indicans
1003 519 1089 582 iis,
1116 533 1250 588 quos
1281 518 1417 588 apud
1446 535 1503 572 se
1525 521 1708 574 beatos
1744 520 1951 574 futuros
1983 535 2113 589 pra:—

595 610 820 675 dicabat,
833 624 1055 679 regnum
1082 609 1337 663 cmlorum
1360 609 1659 677 appellavit.
1682 608 1963 670 Caeterum,
1982 609 2115 662 alias

594 713 804 767 quoque
832 713 920 751 res
950 711 979 749 a
1007 696 1278 750 Salvatore
1300 704 1483 751 nostro
1506 707 1681 766 gestas
1709 698 1961 761 invenies,
1999 712 2115 765 quae

594 790 789 843 virtute
833 789 987 858 longe
1024 789 1362 856 praestiterint
1399 787 1487 849 iis,
1524 802 1657 856 quas
1707 788 1877 841 Moses
1926 787 2110 850 edidit,

594 893 834 946 magnam
867 886 1040 931 tamen
1071 893 1190 930 cum
1222 877 1472 931 Mosaicis
1513 876 1617 931 illis
1649 879 1899 931 habentes
1929 876 2117 930 simili-

594 969 849 1021 tudinem.
882 966 1118 1035 Exempli
1143 967 1311 1035 gratia
1352 986 1364 1020 :
1398 966 1569 1021 Moses
1600 974 1742 1020 totos
1764 966 2116 1035 quadraginta

594 1056 705 1109 dies
736 1056 947 1123 jejunus
990 1055 1105 1109 fuit.
1135 1055 1264 1108 Nam
1296 1054 1571 1124 Scriptura
1611 1056 1710 1109 hoc
1751 1056 1829 1108 illi
1885 1056 2116 1109 testimo-

593 1148 737 1199 nium
769 1146 996 1210 exhibet,
1031 1163 1049 1194 ‹
1090 1154 1143 1199 et
1171 1146 1288 1208 fuit,
1329 1147 1520 1214 inquit,
1554 1146 1726 1200 Moses
1758 1146 1865 1199 illic
1894 1145 1946 1197 in
1981 1160 2114 1197 con-

593 1244 774 1301 spectu
831 1232 1056 1285 Domini.
1100 1232 1456 1301 Quadraginta
1507 1233 1622 1287 dies
1663 1241 1715 1286 et
1764 1233 2114 1301 quadraginta

593 1329 777 1373 noctes
829 1335 1017 1388 panem
1068 1334 1171 1372 non
1217 1319 1345 1380 edit,
1380 1327 1432 1373 et
1464 1334 1655 1387 aquam
1698 1334 1804 1372 non
1856 1319 2058 1373 bibit‘:
2090 1338 2109 1370 ι

593 1410 772 1461 itidem
818 1410 975 1461 etiam
1012 1406 1283 1462 Christus.
1316 1408 1521 1461 Etenim
1564 1409 1643 1461 sic
1687 1408 1943 1476 scriptum
1984 1413 2109 1461 est:

597 1514 616 1546 ε
650 1508 700 1551 et
730 1497 982 1566 agebatur
1016 1497 1069 1550 in
1095 1496 1362 1550 desertum
1393 1498 1737 1566 quadraginta
1766 1496 1901 1562 dies,
1932 1504 1985 1550 et
2006 1504 2118 1550 ten-

593 1587 804 1639 tabalur
824 1600 852 1637 a
876 1586 1107 1650 diabolo,
1122 1594 1173 1638 et
1192 1586 1324 1638 nihil
1347 1586 1575 1639 comedit
1608 1585 1662 1637 in
1689 1585 1876 1639 diebus
1905 1585 2060 1638 illis”.
2092 1605 2110 1635 ι

591 1674 799 1729 Rursus
833 1674 1006 1727 Moses
1036 1675 1088 1727 in
1112 1674 1320 1728 deserto
1357 1675 1600 1728 alimenta
1643 1676 1835 1744 populo
1867 1676 2110 1744 praebuit.

2215 522 2513 589 σαράκοντα
2549 523 2770 582 νύκτας,
2804 524 2972 594 ἄρτον
3003 522 3110 572 οὐκ
3139 517 3354 583 ἔφαγε,
3386 514 3491 567 καὶ
3534 513 3690 584 ὕδωρ

2212 608 2380 660 ἔπιεν.
2434 627 2451 658 ι
2516 609 2775 670 Ὡσαύτως
2824 609 2880 660 δὲ
2942 609 3038 660 καὶ
3085 609 3116 659 ὁ
3168 603 3443 676 Χριστός.
3498 602 3699 672 Γέγραι

2211 696 2365 762 γοῦν·
2415 713 2432 745 ‹
2475 697 2580 747 Καὶ
2624 697 2782 764 ἠγετο
2822 699 2901 758 εἰς
2954 696 3056 764 τὴν
3112 693 3349 763 ἔρημον
3398 691 3700 759 τεσσαράκ

2212 786 2434 856 ἡμέρας,
2475 786 2857 855 πειραζόμενος
2891 785 3001 837 ὑπὸ
3040 783 3138 835 τοῦ
3187 780 3488 842 διαϐόλου,
3540 780 3644 831 καὶ
3684 796 3700 831 ι

2212 875 2404 942 ἔφαγεν
2438 877 2494 926 ὲν
2521 877 2635 937 ταῖς
2662 875 2897 944 ἡμέραις
2926 873 3224 934 ἐκείναις.»
3268 870 3396 923 Καὶ
3441 869 3625 922 πάλιν
3671 870 3700 921 Β

2213 964 2310 1032 σῆς
2340 966 2394 1016 ὲν
2430 966 2493 1033 τῇ
2529 965 2714 1033 ἐρήμῳ
2754 961 2959 1032 τροφὰς
3002 961 3082 1030 τῷ
3111 959 3232 1028 λαῷ
3267 958 3569 1027 παρέσχε.
3600 957 3700 1022 Λέῖ

2210 1048 2300 1105 οὖν
2329 1056 2361 1121 ὴ
2398 1052 2613 1121 Γραφήσ
2668 1071 2686 1101 ι
2749 1052 2879 1104 Ἰδοὺ
2916 1049 3028 1117 ἐγὼ
3065 1049 3268 1117 δίδωμι
3327 1047 3477 1115 ὑμῖν
3526 1045 3700 1114 ἄρτοι.

2210 1141 2301 1193 τοῦ
2345 1140 2587 1209 οὐρανοῦ.
2639 1160 2656 1191 ι
2692 1141 2796 1192 Καὶ
2842 1142 2957 1209 μετ’
3007 1138 3202 1203 δλίγα’
3251 1153 3272 1187 ι
3328 1134 3618 1201 Ἐγένετο
3673 1151 3700 1185 κ

2212 1233 2519 1302 παυομένης
2563 1233 2658 1300 τῆς
2686 1233 2874 1302 δρόσου
2910 1230 3098 1299 κύκλῳ
3131 1231 3236 1298 τῆς
3272 1226 3679 1297 παρεμϐολῆς

2217 1322 2321 1374 ἰδοὺ
2362 1323 2450 1373 ἐπὶ
2483 1321 2763 1391 πρόσωπον
2795 1322 2894 1389 τῆς
2930 1322 3141 1391 ἐρήμου
3179 1318 3400 1369 λεπτὸν
3454 1316 3609 1367 ὡσεὶ
3659 1333 3698 1367 κ

2213 1407 2416 1471 λευκὸν,
2449 1408 2575 1459 ὡσεὶ
2612 1409 2779 1474 πάγος
2813 1409 2906 1459 ἐπὶ
2936 1407 3038 1475 τῆς
3072 1404 3217 1475 γῆς.
3249 1423 3271 1455 ι
3320 1405 3451 1456 Kal.
3484 1406 3517 1456 ὁ
3550 1402 3700 1455 Σωτεί

2213 1499 2303 1550 καὶ
2334 1498 2530 1568 Κύριος
2563 1497 2713 1566 ἡμῶν
2751 1496 3011 1558 ὡσαύτως
3056 1495 3198 1563 φησὶ
3251 1494 3406 1563 πρὸς
3460 1494 3607 1554 τοὺς
3649 1494 3700 1544 ὲε

2216 1587 2484 1657 μαθητάς·
2525 1606 2543 1637 ι
2571 1586 2632 1637 Τί
2661 1585 3022 1652 διαλογίζεσθε
3062 1585 3123 1636 ἐν
3159 1585 3427 1647 ἑαυτοῖς,
3462 1581 3700 1650 ὁλιγόπι

2214 1678 2291 1729 ὅτι
2324 1678 2513 1746 ἄρτους
2548 1678 2645 1728 οὐκ
2695 1675 2951 1739 ὲλάϐετες
2986 1674 3145 1727 οὔπω
3191 1676 3386 1726 νοεῖτε
3432 1673 3576 1725 οὐδὲ
3630 1690 3700 1741 μν

590 1764 723 1817 Nam
779 1765 1048 1834 Scriptura
1096 1768 1173 1819 sic
1210 1765 1366 1818 habet
1405 1784 1418 1817 :
1451 1783 1469 1815 ι
1511 1764 1646 1819 Ecce
1699 1780 1796 1833 ego
1842 1765 1911 1819 do
1962 1765 2111 1819 vobis

2212 1767 2387 1818 νεύετε
2428 1767 2550 1829 τοὺς
2581 1767 2736 1818 πέντε
2765 1766 2963 1834 ἄρτους
2995 1764 3108 1817 τῶν
3154 1763 3700 1833 πεντακισχιλίων,

590 1870 755 1923 panes
798 1856 863 1910 de
909 1856 1101 1909 cmlo'.
1139 1873 1156 1906 ι
1192 1854 1256 1906 Ει
1286 1855 1445 1923 paulo
1493 1863 1646 1923 post:
1676 1874 1693 1904 ι
1734 1854 1955 1908 Factum
2003 1862 2105 1917 est,

593 1946 784 2011 inquit,
820 1958 942 1996 cum
976 1943 1307 1997 subsedisset
1339 1957 1427 1995 ros
1455 1944 1653 1996 circum
1686 1952 1879 2003 castra,
1907 1949 1959 1994 et
1989 1957 2112 1995 ecce

591 2048 751 2101 super
780 2031 967 2085 faciem
1007 2031 1203 2085 deserti
1258 2031 1520 2083 minutum
1566 2030 1719 2099 quasi
1771 2030 2110 2083 coriandrum

592 2125 787 2186 album,
806 2120 956 2192 quasi
978 2123 1095 2191 gelu
1124 2136 1283 2190 super
1306 2130 1501 2174 terram
1518 2119 1560 2171 ⁸.
1583 2138 1602 2169 ι
1634 2118 1875 2172 Salvator
1903 2133 2112 2187 quoque

590 2228 653 2267 ac
676 2213 933 2267 Dominus
958 2220 1142 2266 noster
1170 2210 1236 2264 ad
1260 2210 1552 2279 discipulos
1583 2224 1743 2264 suos:
1790 2227 1807 2259 ‹
1838 2208 1998 2274 Quid,
2036 2210 2113 2262 in-

589 2304 722 2372 quit,
740 2302 1046 2372 cogitatisin
1061 2301 1209 2355 vobis
1226 2302 1374 2369 ipsis,
1394 2300 1605 2353 modica
1629 2299 1767 2359 lidei,
1787 2299 1926 2368 quod
1949 2313 2110 2368 panes

590 2407 696 2445 non
735 2391 1049 2459 accepistis?
1087 2389 1322 2443 nondum
1352 2390 1522 2452 scitis,
1554 2404 1724 2456 neque
1761 2388 2113 2442 recordamini

590 2479 824 2546 quinque
865 2491 1027 2545 panes
1065 2477 1301 2545 quinque
1324 2477 1583 2528 millium?
1607 2482 1661 2529 et
1696 2485 1826 2543 quot
1855 2476 2112 2545 c0phinos

591 2565 899 2634 recepistis?
918 2579 1088 2632 neque
1115 2574 1334 2632 septem,
1362 2572 1591 2632 quatuor
1618 2564 1877 2616 millium?
1908 2573 1960 2616 et
1984 2572 2112 2632 quot

591 2662 799 2723 sportas
846 2653 1109 2707 tulistis?“
1140 2672 1158 2702 ι
1186 2651 1311 2705 item
1352 2651 1557 2720 Moyses
1592 2666 1683 2719 per
1706 2651 1937 2705 medium
1966 2665 2113 2704 mare

593 2744 863 2810 ingressus
891 2749 991 2803 est,
1010 2740 1308 2809 populoque
1339 2740 1545 2794 itineris
1577 2739 1681 2791 dux
1716 2739 1835 2792 fuit.
1855 2738 1942 2791 Sic
1969 2741 2109 2793 enim

594 2830 750 2884 habet
776 2828 1050 2897 Scriptura
1085 2849 1098 2882 :
1138 2847 1156 2880 ι
1196 2828 1440 2881 Extendit
1481 2828 1654 2883 Moses
1706 2843 1923 2881 manum
1955 2843 2108 2881 suam

592 2918 645 2971 in
676 2933 820 2972 mare
846 2936 859 2972 :
883 2929 935 2971 et
967 2918 1217 2972 subduxit
1246 2917 1500 2971 Dominus
1544 2932 1690 2970 mare
1728 2925 1885 2971 vento
1930 2928 2110 2972 austro

590 3008 821 3061 violento
867 3015 1033 3060 totum
1062 3008 1221 3070 diem,
1256 3012 1308 3060 et
1338 3007 1460 3059 fecit
1500 3021 1645 3059 mare
1691 3007 1912 3067 siccum,
1948 3014 1999 3060 et
2029 3007 2111 3060 di-

590 3097 704 3150 visa
735 3105 818 3150 est
854 3110 1011 3164 aqua,
1045 3106 1098 3150 et
1145 3097 1472 3150 transierunt
1524 3094 1615 3148 lilii
1664 3093 1825 3149 lsrael
1871 3110 1965 3164 per
1997 3110 2110 3149 me-

589 3186 734 3239 dium
772 3201 917 3241 mare
950 3185 1003 3238 in
1028 3189 1260 3246 sicco,et
1283 3200 1419 3255 aqua
1443 3186 1520 3240 eis
1546 3201 1729 3240 murus
1759 3200 1789 3238 a
1812 3185 2032 3248 dextris,
2058 3196 2112 3239 et

590 3289 774 3328 murus
828 3289 861 3327 a
911 3274 1180 3330 sinistris‘
1223 3294 1237 3328 :
1287 3293 1307 3325 ι
1354 3276 1511 3329 simili
1560 3283 1842 3344 potestate,
1889 3290 1951 3330 ac
2002 3275 2110 3331 Deo

588 3366 746 3419 etiam
782 3366 1205 3422 convenientius.
1231 3364 1385 3419 Iesus
1421 3366 1511 3433 qui
1536 3365 1783 3419 Christus
1807 3373 1890 3420 est
1921 3364 2030 3432 Dei,
2056 3367 2111 3420 in

589 3454 869 3522 superﬁcie
904 3454 1067 3507 maris
1114 3454 1413 3523 ingrediens
1445 3453 1656 3507 Petrum
1688 3455 1811 3508 item
1847 3455 1913 3508 ad
1942 3470 2000 3509 se
2030 3455 2113 3507 in-

588 3543 773 3597 cedere
799 3558 961 3613 super
997 3543 1179 3598 eadem
1215 3543 1356 3598 fecit.
1393 3543 1523 3597 Nam
1572 3544 1651 3597 sic
1692 3544 1945 3612 scriptum
1978 3551 2060 3598 est
2093 3563 2106 3598 :

592 3649 612 3682 ι
639 3631 837 3697 Quarta
881 3641 1056 3687 autem
1094 3634 1273 3702 vigilia
1319 3635 1516 3694 noctis,
1541 3634 1685 3687 venit
1712 3633 1868 3688 Jesus
1892 3633 1957 3687 ad
1989 3634 2110 3688 illus

587 3722 863 3775 ambulans
884 3736 1043 3789 supra
1072 3737 1238 3785 mare,
1258 3729 1443 3776 etcum
1463 3722 1723 3775 vidissent
1749 3722 1895 3775 illum
1920 3721 2110 3775 ambu-

588 3810 784 3862 lantem
799 3824 957 3876 supra
973 3825 1137 3874 mare,
1150 3811 1452 3865 conturbati
1470 3812 1648 3865 sunt".
1672 3830 1690 3861 ι
1710 3810 1770 3862 Et
1788 3812 1941 3881 paulo
1954 3819 2106 3880 post:

594 3915 612 3947 ι
635 3895 979 3963 Respondens
1012 3904 1184 3951 autem
1212 3899 1287 3951 illi
1303 3898 1511 3964 Petrus,
1538 3899 1669 3952 dixit
1689 3918 1701 3952 :
1721 3898 1960 3961 Domine,
1984 3899 2027 3952 si
2052 3907 2107 3952 tu

589 3986 805 4053 es.jubc
819 4000 901 4040 me
916 3986 1095 4040 venire
1112 3987 1176 4039 ad
1199 3998 1249 4042 te
1270 4003 1428 4056 super
1443 4003 1640 4057 aquas:
1660 3989 1748 4042 ille
1768 3997 1942 4041 autem
1955 3987 2105 4049 dixit,

591 4075 720 4130 Vcni
755 4096 767 4130 :
806 4084 859 4129 et
890 4077 1219 4132 descendens
1254 4078 1319 4132 de
1367 4079 1489 4131 navi
1534 4078 1758 4144 Petrus,
1804 4078 2109 4131 ambulabat

589 4183 748 4236 supra
792 4169 1013 4236 aquas“.
1048 4187 1073 4219 .»
1115 4167 1319 4224 Rursus
1351 4169 1544 4232 Moses,
1573 4179 1728 4222 vento
1764 4176 1946 4221 austro
1993 4168 2109 4219 vio-

587 4260 729 4311 lento
774 4273 920 4313 mare
964 4259 1190 4312 solidum
1234 4260 1376 4314 fecit.
1425 4258 1556 4311 Nam
1588 4257 1862 4327 Scriptura
1896 4275 1909 4310 :
1950 4273 1967 4306 ι
2004 4256 2110 4308 Ex-

586 4348 777 4406 tendit.
806 4347 910 4416 93
930 4348 1115 4416 inquit
1142 4386 1158 4410 ,
1195 4346 1364 4401 Moses
1396 4361 1606 4399 manum
1658 4359 1820 4414 super
1849 4358 2015 4405 mare,
2054 4352 2106 4397 et
2135 4369 2181 4424 ο

588 4438 803 4494 sustulit
831 4436 1083 4491 Dominus
1105 4450 1250 4491 mare
1286 4444 1442 4490 vento
1467 4445 1649 4490 austro
1675 4435 1907 4488 violento
1930 4472 1946 4495 ,
1991 4451 2008 4482 ι
2040 4447 2102 4486 ac

587 4526 898 4595 subiungit:
940 4543 959 4575 ι
1001 4523 1271 4579 Steterunt
1298 4523 1451 4577 undae
1473 4524 1527 4576 in
1559 4524 1732 4578 medio
1753 4524 1882 4576 mari
1914 4522 2105 4576 “.nEa-

586 4616 705 4671 dem
728 4616 931 4668 ratione
957 4628 1019 4667 ac
1047 4614 1213 4666 multo
1238 4612 1450 4680 quidem
1479 4611 1837 4679 praestantius,
1865 4609 2105 4664 Salvator

588 4712 768 4755 noster
803 4720 821 4752 ι
856 4701 1120 4769 increpuit
1150 4708 1358 4753 ventum
1411 4707 1463 4751 ct
1497 4711 1644 4752 mare
1672 4735 1687 4761 ,
1740 4705 1794 4752 et
1838 4696 1975 4750 facta
2024 4706 2106 4750 est

587 4791 943 4859 tranquillitas
967 4802 1156 4858 magna
1184 4788 1247 4840 ¹⁹.
1284 4806 1301 4839 ι
1330 4785 1492 4839 Μοεὶε
1521 4787 1643 4838 item
1672 4786 1868 4847 vultus,
1893 4800 2011 4837 cum
2042 4783 2108 4837 de

589 4889 766 4933 monte
796 4876 1161 4942 descenderet,
1212 4877 1531 4930 cernebatur
1565 4876 1751 4944 plenus
1782 4875 1967 4945 gloria.
2021 4873 2108 4927 Sic

591 4968 731 5019 enim
758 4969 1015 5038 scriptum
1035 4976 1121 5022 est
1146 4984 1164 5020 :
1211 4984 1229 5017 ι
1269 4965 1604 5021 Descendens
1635 4973 1808 5020 autem
1838 4964 2010 5018 Moses
2043 4962 2109 5017 de

596 5066 773 5110 monte
795 5095 810 5119 ,
850 5059 963 5126 ipse
990 5058 1258 5113 nesciebat
1298 5056 1439 5125 quod
1480 5057 1804 5125 gloriﬁcatus
1850 5063 1991 5109 esset
2024 5068 2110 5106 as-

601 5155 783 5211 pectus
798 5147 1460 5212 outisl‘acieisuae,dumad
1482 5148 1653 5216 ipsum
1678 5147 1980 5214 loqueretur
2015 5161 2028 5196 :
2057 5152 2109 5196 et

601 5232 730 5286 vidit
780 5234 991 5298 Aaron,
1032 5252 1318 5309 omnesque
1374 5240 1610 5293 seniores
1663 5236 1887 5289 ﬁliorum
1944 5232 2107 5286 Israel

593 5316 773 5372 Mosen
803 5355 818 5379 ,
868 5325 922 5370 et
966 5329 1078 5373 erat
1125 5326 1446 5393 gloriﬁcatns
1494 5333 1739 5394 aspectus
1775 5321 1914 5375 cutis
1951 5319 2103 5372 faciei

662 5537 869 5624 ’.ἔξιοάς
899 5553 1082 5624 ξξξξξν
1112 5541 1200 5598 2⁸-
1236 5548 1301 5624 -1
1321 5545 1446 5624 Lac-
1480 5545 1687 5624 ιινΑτὲυ
1709 5545 1776 5624 -1
1798 5541 1978 5624 1330‘};
1999 5554 2107 5624 ξενιν
2129 5537 2217 5624 .3:
2236 5537 2291 5624 of
2313 5537 2719 5624 ¹ὲιὲί¹λέδιι4οη
2743 5556 2764 5588 ⁸
2798 5556 2986 5612 Matth.
3022 5573 3138 5624 xvi.
3175 5561 3329 5618 8-10.

2210 1856 2397 1918 πόσους
2427 1856 2672 1923 κοφίνους
2695 1854 2947 1918 ὲλάϐετε;
2977 1854 3101 1906 οὐδὲ
3124 1855 3265 1915 τοὺς
3297 1855 3466 1907 ἑπτὰ
3491 1854 3617 1905 τῶν
3649 1872 3700 1907 τε

2209 1944 2502 2013 κισχιλίων,
2555 1945 2645 1996 καὶ
2682 1944 2851 2003 πόσας
2896 1943 3172 2012 σπυρίδας
3224 1942 3521 2007 ὲλάὸετε;
3593 1962 3615 1994 ι
3674 1945 3700 1996 Ι

2209 2034 2439 2103 Μωῦσῆς
2459 2033 2543 2085 διὰ
2568 2034 2734 2102 μέσης
2756 2034 2851 2102 τῆς
2872 2032 3154 2101 θαλάσσης
3182 2032 3422 2101 διῆλθε,
3450 2033 3561 2085 καὶ
3592 2033 3694 2087 τὸν

2206 2121 2467 2191 ὡδήγησε.
2504 2122 2658 2188 Λέγει
2685 2121 2727 2173 δ’
2751 2116 2841 2173 οὖν
2873 2122 2906 2189 ὴ
2940 2121 3134 2189 Γραφή
3158 2137 3171 2149 °
3212 2142 3233 2169 ι
3291 2121 3599 2186 Ἐξέτεινε
3635 2125 3699 2175 Μι

2208 2210 2302 2280 τὴν
2349 2213 2500 2281 χεῖρα
2549 2209 2711 2262 αὐτοῦ
2752 2209 2843 2261 ἐπὶ
2888 2210 2987 2279 τὴν
3030 2209 3356 2273 θάλασσαν,
3428 2213 3539 2266 καὶ
3582 2215 3700 2283 ὑπή

2209 2299 2407 2368 Κύριος
2446 2300 2539 2366 τὴν
2579 2299 2844 2351 θάλασσαν
2891 2299 3081 2368 ἀνέμῳ
3131 2300 3288 2369 νότῳ
3339 2301 3530 2373 βιαίῳ
3576 2304 3700 2372 ὃληη

2209 2387 2436 2457 ἡμέραν,
2478 2388 2567 2439 καί
2604 2388 2820 2455 ἐποίησε
2848 2388 2946 2456 τὴν
2980 2388 3276 2443 θάλασσαν
3308 2392 3534 2463 ξηρὰν,
3564 2394 3667 2446 καὶ
3694 2400 3700 2445 i

2211 2477 2305 2545 σθη
2340 2476 2397 2527 τὸ
2427 2474 2585 2545 ὕδωρ,
2625 2477 2716 2527 καὶ
2751 2476 2962 2545 διῆλθον
2996 2480 3045 2530 οἱ
3086 2480 3203 2531 υἱοὶ
3243 2482 3497 2554 Ἰσραὴλ
3524 2483 3624 2536 διὰ
3672 2502 3700 2553 μ

2207 2568 2303 2634 τῆς
2345 2565 2609 2633 θαλάσσης
2652 2568 2789 2617 κατὰ
2835 2567 2895 2618 τὸ
2931 2568 3121 2638 ξηρὸν,
3165 2571 3279 2623 καὶ
3329 2573 3401 2624 τὸ
3452 2573 3616 2645 ὕδωρ
3659 2592 3694 2626 α

2207 2655 2378 2721 τεῖχος
2399 2655 2460 2703 ὲκ
2475 2652 2678 2714 δεξιῶν,
2701 2654 2793 2704 καὶ
2814 2658 2989 2723 τεῖχος
3010 2656 3070 2722 ἐξ
3105 2659 3467 2729 εὐωνύμων.
3487 2683 3509 2712 ι
3555 2664 3694 2716 Ὠσα

2207 2739 2262 2790 δὲ
2312 2739 2403 2791 καὶ
2456 2741 2647 2807 μᾶλλον
2695 2740 3161 2815 θεοπρεπέστερον
3222 2748 3468 2818 Ἰησοῦς
3520 2754 3551 2804 ὁ
3600 2754 3699 2822 Χρς

2208 2828 2297 2881 τοῦ
2348 2827 2475 2879 Θεοῦ
2539 2829 2630 2880 ἐπὶ
2699 2830 2795 2899 τῆς
2861 2830 3145 2904 θαλάσσης
3218 2844 3675 2912 περιπατήσας,

2206 2919 2295 2971 τὸν
2334 2919 2530 2989 Πέτρον
2567 2917 2764 2986 βαίνειν
2808 2922 2893 2972 ἐπ’
2941 2924 3116 2993 αὐτῆς
3162 2928 3446 2999 ἐποίησε.
3511 2933 3700 3002 Γέγρα

2208 3008 2252 3059 δ’
2288 3003 2397 3060 οὖν·
2451 3025 2469 3057 ι
2512 3005 2754 3078 Τετάρτῃ
2794 3008 2849 3061 δὲ
2899 3012 3121 3083 φυλακῇ
3164 3017 3280 3085 τῆς
3328 3022 3553 3084 νυκτὸς
3598 3019 3700 3092 ἧλθ

2220 3096 2418 3166 Ἰησοῦς
2449 3097 2580 3167 πρὸς
2624 3099 2818 3161 αὐτοὺς
2847 3102 3176 3170 περιπατῶν
3214 3107 3324 3160 ἐπὶ
3357 3113 3472 3179 τῆς
3515 3110 3700 3165 θαλάσ

2208 3188 2300 3239 καὶ
2334 3188 2524 3250 ἰδόντες
2561 3187 2717 3239 αὐτὸν
2754 3191 3165 3258 περιπατοῦντα
3204 3199 3311 3250 ὲπί
3358 3203 3475 3271 τῆς
3528 3202 3700 3256 θαλάε

2208 3276 2592 3346 ἐταράχθησαν.
2634 3296 2652 3328 ι
2702 3279 2811 3331 Καὶ
2856 3281 2975 3348 μετ’
3011 3282 3210 3351 ὀλίγα“
3280 3307 3303 3338 ι
3366 3292 3700 3363 Ἀποκριθεῖ

2207 3364 2348 3434 αὑτῴ
2379 3368 2407 3417 ὁ
2439 3366 2636 3436 Πέτρος
2669 3363 2786 3418 εἷπε
2807 3383 2821 3396 ·
2871 3369 3072 3440 Κύριε,
3107 3375 3159 3425 εἰ
3196 3378 3269 3429 σὺ
3326 3375 3405 3442 εἷ,
3460 3382 3700 3435 κέλευσέ

2207 3454 2372 3506 ἐλθεῖν
2407 3456 2536 3525 πρὸς
2567 3455 2623 3506 σὲ
2661 3457 2752 3506 ἐπὶ
2808 3456 2876 3509 τὰ
2923 3459 3114 3513 ὕδατα.
3172 3465 3238 3517 Ὀ
3268 3468 3335 3520 δὲ
3380 3466 3581 3526 εἶπεν.
3650 3476 3700 3527 Ἐ

2207 3547 2299 3597 καὶ
2359 3546 2593 3636 καταϐὰς
2648 3546 2759 3636 ,απὸ
2804 3547 2898 3600 τοῦ
2972 3550 3170 3606 πλοίου
3244 3559 3490 3630 Πέτρος
3571 3582 3700 3636 περι

2207 3650 2365 3723 τησεν
2412 3633 2605 3723 έπὶᾼτὰ
2644 3632 2827 3723 ύδατα.
2866 3654 2884 3686 ι
2930 3638 3105 3692 Πάλιν
3148 3643 3429 3718 Μωῦσῆς
3464 3632 3673 3723 ἀνέμῳ

2209 3720 2701 3813 βιαίῳῃέπηξεμτὴν
2751 3722 3044 3780 θάλασσαν.
3079 3730 3260 3798 Λέγει
3292 3735 3343 3786 δ’
3379 3735 3489 3791 οὖν
3527 3720 3700 3813 ἡῗῐξρι

2212 3830 2229 3861 ι
2276 3810 2534 3899 ,Ἐξέτεινε
2561 3809 2617 3862 δὲ
2641 3811 2874 3899 Μωῦσῆς
2904 3815 3000 3884 τὴν
3031 3822 3201 3890 χεῖρα
3237 3826 3344 3878 ἐπὶ
3375 3829 3489 3899 τὴν
3527 3809 3700 3886 θήόιλαε

2208 3898 2313 3991 καὶ-
2347 3898 2595 3991 ὑπήγαγε⁸
2647 3898 2847 3991 ίίύριος
2897 3903 2996 3971 τὴν
3052 3904 3364 3966 θάλασσαν
3437 3898 3652 3991 ἀνέμῳ

2208 3986 2379 4081 βιαίῳ.
2409 4002 2448 4081 ᾗ)
2500 3985 2927 4081 ξαὶῇὲπιφέρειρ
2986 4009 3004 4042 ι
3054 3996 3287 4071 Ἐπάγη
3346 4005 3430 4059 τὰ
3490 3985 3696 4081 κύματ

2208 4076 2352 4145 μέσῳ
2376 4075 2472 4143 τῆς
2508 4074 2795 4145 θαλάσσης.
2838 4096 2856 4128 ι
2900 4079 3182 4147 Ὡσαύτως
3223 4088 3288 4140 δὲ
3328 4096 3439 4147 καὶ⁸
3471 4074 3625 4152 ποχὺ
3660 4118 3696 4153 κ

2203 4161 2364 4253 ῗόςφς
2395 4162 2422 4212 ὁ
2670 4163 2822 4253 ήμῶν
2866 4166 3178 4238 ἐπετίμησε
3234 4178 3325 4246 τῷ
3380 4182 3602 4253 ἀνέμῳ
3651 4205 3700 4241 κι

2205 4247 2457 4318 θαλάσσῃ,
2503 4250 2592 4300 καὶ
2625 4251 2834 4317 ἐγένετο
2864 4253 3075 4326 γαλήνη
3115 4240 3380 4337 μεγάλη.
3427 4240 3623 4326 Πόιλίν
3680 4278 3700 4328 Ι

2205 4337 2337 4399 σέως
2367 4337 2472 4389 ἀπὸ
2500 4337 2591 4389 τοῦ
2624 4338 2778 4408 ὅρους
2802 4341 3102 4408 κατιόντος,
3149 4350 3218 4401 τὸ
3254 4357 3596 4423 πρόσωπον
3632 4366 3694 4415 ὲιν

2207 4428 2411 4498 πλήρης
2451 4427 2622 4496 δόξης.
2658 4429 2964 4500 Γέγραπται
3009 4435 3053 4487 δ’
3088 4435 3223 4492 οὖν·
3282 4462 3304 4495 ι
3353 4450 3700 4508 Καταῦαίνι

2206 4518 2360 4612 αὐτος
2389 4520 2451 4569 ὲκ
2480 4518 2570 4612 τοῦ
2593 4518 2747 4612 ὅρους
2772 4522 3029 4612 Μωῦσῆς,
3064 4530 3169 4583 οὐκ
3194 4533 3350 4602 ᾔδει,
3383 4541 3483 4594 ὅτι
3512 4545 3700 4612 δεδόξι

2205 4611 2237 4677 ἡ
2272 4608 2387 4676 δψις
2418 4606 2508 4658 τοῦ
2538 4609 2739 4677 χρωτὸς
2770 4611 2861 4664 τοῦ
2906 4616 3209 4685 προσώπου
3262 4628 3484 4693 αὑτοῦ,
3527 4637 3595 4687 ὲν
3645 4606 3700 4689 τί

2207 4697 2298 4749 τὸν
2327 4695 2499 4748 λαλεῖν
2544 4697 2718 4766 αὐτῷ’
2751 4700 2842 4752 καὶ
2887 4699 3024 4756 εἶδεν
3065 4707 3314 4780 Ἀαρὼν,
3374 4721 3491 4773 καὶ
3536 4696 3699 4778 πάντ

2205 4785 2552 4883 πρεσϐύτεροι
2591 4787 2866 4883 τῶνυίῶν
2879 4793 3119 4883 ῌἸσραὴλ
3155 4800 3255 4855 τὸν
3290 4806 3603 4883 Μωῦσῆν,
3645 4834 3700 4868 κε

2202 4871 2561 4968 δεδοξασμένη.
2591 4875 2623 4943 ἡ
2811 4880 2905 4932 τοῦ
2940 4887 3150 4954 χρωτὸς
3198 4893 3297 4945 τοῦ
3348 4871 3700 4968 προσίδπου

2205 4960 2369 5066 105.“:
2412 4963 2674 5066 ’ςὶσαύτως
2717 4966 2787 5066 δὲ.
2821 4972 3088 5066 καὶ-πολὺ
3123 4960 3542 5055 διαφερόντως
3577 4999 3612 5047 ὁ
3648 4999 3700 5066 ήι

2209 5066 2297 5150 ρος
2552 5054 2838 5124 ἀναγαγὼν
2870 5064 2996 5126 τοὺς
3028 5066 3231 5122 ἑαυτοῦ
3267 5051 3564 5149 μαθητάς
3598 5051 3690 5150 ei;

2210 5139 2404 5240 Ῠξνηλον
2454 5140 2590 5240 λίαν,
2617 5153 3027 5240 ’μετεμορφώθη
3080 5139 3442 5231 ἔμπροσθεν.
3474 5139 3700 5240 αύτῶν,

2208 5229 2414 5338 change
2436 5232 2494 5338 το
2526 5236 2810 5338 πρόςωπον
2838 5242 3000 5338 αὐτού
3033 5246 3109 5309 ὼς
3142 5251 3173 5301 ὁ
3205 5229 3397 5322 ἥλιος,
3430 5262 3513 5329 ’ἳά
3548 5265 3613 5320 δὲ
3651 5229 3700 5338 ίιλ

2205 5319 2364 5373 αὑτοῦ
2398 5323 2608 5389 ἐγένετο
2637 5327 2805 5385 λευκὰ
2842 5335 2917 5398 ὡς
2947 5336 3009 5389 τὸ
3031 5338 3169 5406 φῶς.
3220 5319 3410 5401 Πάλιν
3444 5319 3700 5429 ilium-ﬁ;

3425 5570 3451 5600 ⁸
3487 5571 3687 5630 Exod.

594 5607 775 5669 22,22.
850 5606 1432 5683 7Mat:h.m,25,26.
1505 5606 1883 5679 frameam.
1958 5608 2162 5661 °Exod.
2197 5622 2302 5671 κεν,
2325 5608 2514 5675 21.22.
2554 5606 2638 5652 ⁷¹ο
2674 5606 2881 5683 Manli."
2887 5606 3620 5702 ἷιῖἱ,ξ6’;ἰῖυέ;ἷ’νιιι.”ἒὶῗ
