3862 6242
714 331 822 390 ’173

1351 330 1615 387 EUSEBII
1647 331 2117 387 CIESARIENSIS
2149 328 2296 386 OPP.
2337 328 2513 384 PARS
2550 330 2613 386 ll.
2643 361 2712 374 -—
2743 331 3228 390 AI’OLOGETICA.

717 456 770 509 in
816 468 916 522 qua
951 451 1023 504 illi
1052 448 1276 504 similem
1308 449 1690 504 suscitaturum
1740 465 1797 504 se
1829 448 1968 503 Deus
2014 461 2235 516 respon-

2142 461 2235 501 on-
2265 452 2306 505 Α
2334 446 2429 516 τὴν
2459 446 2551 501 τοῦ
2583 446 2715 499 Θεοῦ
2754 448 3111 518 διερμηνεύων
3158 450 3357 520 φωνὴν,
3395 453 3614 523 ἔφησεν⁸
3652 478 3667 507 σ

712 544 819 603 det,
850 540 1032 594 dicens
1057 557 1071 594 :
1111 556 1130 589 ι
1165 537 1481 608 Prophetam
1503 555 1568 593 ex
1585 538 1839 593 fratribus
1860 551 2043 593 eorum
2071 537 2237 590 susci-

710 634 834 688 tabo
858 631 959 692 eis,
992 636 1245 698 tanquam
1276 637 1343 689 te,
1367 638 1420 684 et
1446 629 1583 684 dabo
1622 629 1842 683 verbum
1874 642 2048 681 meum
2086 627 2141 680 in
2173 641 2236 681 os

709 724 869 786 illius,
911 728 964 774 et
1014 719 1264 787 loquetur
1295 718 1373 773 eis
1427 717 1875 786 quemadmodum
1915 715 2234 770 mandavero

707 812 820 875 illi;
884 818 937 864 et
1000 809 1174 863 omnis
1223 808 1385 861 homo
1438 807 1743 876 quicunque
1819 821 1927 860 non
2001 805 2231 859 audierit

703 900 861 954 verba
925 900 1106 961 illius,
1160 913 1488 967 quascunque
1538 897 1783 965 loquetur
1860 896 2116 965 propheta
2179 896 2232 948 in

701 988 916 1041 nomine
985 1002 1102 1040 meo
1129 1028 1143 1048 ,
1189 1001 1286 1055 ego
1326 985 1555 1037 ulciscar
1599 1000 1661 1036 ex
1703 999 1766 1037 eo
1815 983 1895 1036 ηε
1938 1002 1956 1034 ι
2016 984 2234 1051 ipseque

701 1073 878 1130 Moses
922 1075 1010 1130 Dei
1052 1091 1233 1130 vocem
1275 1075 1340 1129 ad
1377 1075 1627 1143 populum
1671 1073 2062 1142 interpretans,
2111 1072 2227 1124 ait:

706 1183 724 1215 σ
757 1163 1072 1233 Prophetam
1119 1178 1181 1216 ex
1229 1162 1481 1215 fratribus
1514 1165 1703 1215 vestris
1733 1159 2015 1214 suscitabit
2048 1158 2230 1212 Domi-

699 1271 801 1309 nus
827 1253 967 1308 Deus
1010 1262 1202 1312 vester.
1234 1252 1406 1304 illum
1439 1249 1667 1303 audietis
1718 1251 1768 1302 in
1797 1250 2047 1302 omnibus
2088 1263 2232 1316 quae-

699 1359 907 1413 cunque
943 1341 1220 1412 postulasti
1268 1355 1296 1393 a
1340 1339 1563 1393 Domino
1589 1337 1696 1392 Deo
1726 1347 1820 1392 tuo
1851 1338 1903 1391 in
1935 1337 2144 1391 Choreb
2176 1338 2228 1391 in

696 1435 783 1489 die
823 1432 1096 1489 concionis
1121 1433 1187 1485 ”.
1232 1452 1249 1483 ι
1294 1429 1443 1496 Quod
1484 1440 1660 1484 autem
1705 1439 1826 1498 post
1879 1428 2063 1483 Mosen
2107 1437 2230 1482 ante

698 1522 1025 1577 Salvatorem
1064 1530 1306 1576 nostrum
1351 1520 1530 1573 nullus
1561 1519 1939 1588 prophetarum
1980 1516 2112 1573 Mosi
2153 1518 2228 1572 si-

694 1612 838 1666 milis
870 1610 1191 1673 surrexerit,
1242 1609 1460 1678 antiqua
1504 1607 1780 1677 Scriptura
1817 1607 2098 1678 perspicue
2129 1606 2227 1662 do-

691 1709 798 1765 cet,
827 1700 917 1754 ubi
949 1702 1059 1754 ait:
1101 1719 1119 1752 ι
1153 1699 1217 1752 Ει
1264 1715 1368 1753 non
1401 1698 1631 1753 surrexit
1681 1699 1817 1751 ultra
1871 1697 2126 1767 propheta
2170 1697 2222 1751 in

690 1790 853 1845 Israel
883 1791 1022 1844 sicut
1052 1788 1258 1852 Moses,
1307 1804 1464 1858 quem
1492 1788 1698 1842 noverit
1724 1789 1977 1842 Dominus
2001 1787 2134 1841 facie
2156 1789 2221 1841 ad

692 1878 911 1943 faciem,
960 1881 1014 1933 in
1064 1881 1310 1933 omnibus
1359 1879 1525 1948 signis
1573 1885 1731 1946 atque
1785 1879 2044 1946 portentis
2090 1878 2154 1930 ³⁸.
2198 1897 2216 1928 ι

690 1968 909 2024 Constat
969 1969 1130 2039 igitur
1181 1967 1416 2020 divinum
1470 1966 1714 2034 spiritum
1778 1980 1870 2035 per
1929 1965 2108 2018 Mosen
2156 1967 2222 2019 de

692 2055 966 2112 Salvatore
995 2067 1178 2111 nostro
1198 2055 1496 2111 cecinisse:
1532 2053 1795 2122 siquidem
1820 2069 1985 2107 unum
2009 2053 2181 2123 ipsum
2204 2093 2217 2116 ,

687 2163 786 2202 nec
818 2148 977 2201 alium
1005 2146 1305 2216 quempiam
1341 2144 1473 2198 Mosi
1510 2143 1736 2198 similem
1774 2144 2064 2206 exstitisse,
2095 2159 2223 2213 qua-

686 2236 789 2291 lem
821 2237 989 2306 ipsius
1019 2236 1180 2290 Mosis
1219 2235 1379 2288 verba
1408 2233 1737 2297 describunt,
1765 2233 1875 2301 jam
1903 2234 2221 2301 comproba-

685 2335 798 2381 tum
842 2333 941 2380 est.
975 2325 1236 2380 Cazterum
1263 2363 1278 2387 ,
1315 2332 1495 2391 specta
1527 2324 1684 2376 aliam
1734 2338 1950 2393 quoque
1988 2326 2217 2392 prophe-

685 2417 812 2469 tiam
859 2415 963 2484 95
1012 2415 1237 2483 publica
1283 2414 1561 2481 scripturae
1610 2412 2052 2467 commendatam.
2083 2412 2214 2465 Nam

683 2521 804 2560 cum
854 2504 1179 2558 Salvatorem
1225 2509 1278 2556 et
1316 2502 1597 2556 Dominum
1640 2510 1905 2566 nostrum,
1945 2502 2213 2555 hominem

682 2599 885 2648 ratione
920 2593 1264 2647 humanitatis
1291 2592 1357 2646 de
1387 2594 1591 2647 semine
1626 2594 1791 2648 Israel
1832 2600 2029 2656 ortum,
2057 2593 2183 2645 iunu
2202 2623 2214 2632 -

682 2684 966 2738 merabiles
994 2692 1285 2737 conventus
1315 2684 1366 2736 in
1394 2685 1641 2739 omnibus
1664 2684 1909 2754 gentibus
1932 2682 2209 2735 Dominum

681 2770 964 2840 appellent,
1008 2775 1222 2837 propter
1272 2769 1503 2823 divinam
1553 2774 1671 2840 ejus
1713 2772 1964 2824 virtutem
2000 2771 2136 2823 hanc
2161 2771 2208 2825 ei

679 2840 1082 2928 appellationem
1116 2860 1409 2914 tribuentes
1444 2879 1458 2913 :
1495 2861 1702 2931 Moyses
1720 2875 1952 2931 quoque,
1980 2859 2207 2928 qui,boc

679 2947 862 3000 divino
907 2945 1106 3016 Spiritu
1154 2947 1386 3010 afﬂatus,
1418 2960 1768 3019 cognoverat,
1800 2948 2095 3003 enuntiavit
2148 2949 2203 3002 in

677 3036 820 3090 hunc
850 3038 1063 3091 modum
1096 3055 1109 3092 :
1152 3057 1169 3088 ι
1209 3037 1383 3092 Exibit
1436 3041 1595 3093 homo
1617 3041 1681 3093 de
1713 3039 1916 3094 semine
1957 3037 2075 3106 ejus
2107 3038 2207 3108 (di-
2231 3069 2272 3125 ο

674 3127 748 3179 cit
799 3134 974 3180 autem
1029 3126 1096 3179 de
1148 3125 1328 3196 Israel)
1369 3136 1423 3182 et
1460 3128 1825 3182 dominabitur
1862 3126 2128 3196 gentibus,
2153 3135 2206 3181 et

672 3217 961 3271 extolletur
990 3232 1206 3284 regnum
1239 3218 1436 3287 ejus“.
1474 3239 1492 3270 ι
1519 3217 1670 3284 Quod
1692 3218 1737 3272 si
1765 3217 1943 3271 nullus
1972 3230 2205 3286 unquam

673 3309 811 3363 alius
850 3324 914 3363 ex
956 3308 1022 3362 iis
1059 3310 1387 3378 principibus
1415 3317 1467 3363 et
1500 3309 1730 3378 regibus,
1759 3308 1847 3376 qui
1883 3307 1935 3360 in
1973 3308 2207 3362 circum-

671 3400 874 3454 cisione
923 3400 1279 3468 regnaverint,
1312 3401 1597 3454 multarum
1650 3400 1885 3468 gentium
1947 3395 2202 3452 Dominus

668 3493 991 3548 constitutus
1037 3499 1119 3545 est
1174 3492 1341 3562 (nulla
1398 3492 1540 3547 enim
1592 3489 1816 3545 historia
1865 3490 1966 3544 hoc
1993 3491 2200 3559 habet),

668 3585 863 3636 clamat
908 3589 1084 3635 autem
1129 3591 1181 3635 et
1225 3580 1549 3635 vociferatur
1576 3582 1776 3635 veritas
1805 3580 1870 3634 de
1892 3595 1999 3634 uno
2020 3579 2204 3633 Salva-

667 3682 782 3726 tore
817 3680 1000 3725 nostro
1031 3690 1044 3723 :
1077 3671 1225 3723 illum
1256 3673 1439 3741 utique
1462 3673 1572 3739 jam
1596 3670 1905 3732 Dominum,
1937 3686 2111 3740 neque
2147 3670 2201 3724 id

667 3760 821 3814 labiis
846 3766 1073 3821 tantum,
1107 3759 1200 3811 sed
1236 3760 1516 3813 affectione
1542 3759 1929 3820 sincerissima,
1956 3759 2204 3813 innume-

666 3848 859 3899 rabiles
907 3848 1143 3900 omnium
1202 3851 1477 3903 nationum
1530 3854 1824 3902 conventus
1881 3849 2124 3902 confiteri
2182 3866 2195 3901 :

2333 534 2507 602 φήτην
2546 537 2608 587 ὲκ
2650 533 2756 587 τῶν
2802 536 3031 605 ἀδελφῶν
3069 538 3221 608 ὑμῶν
3267 540 3548 613 ἀναστήσει
3590 547 3686 619 Κύε

2330 621 2460 685 Θεὸς
2484 625 2515 693 ἡ
2524 624 2656 693 μῶν.
2686 626 2854 678 Αὐτοῦ
2889 627 3178 682 ἀκούσεσθε
3203 632 3342 684 κατὰ
3368 632 3535 686 πάντα
3560 636 3651 688 ὅσα
3673 642 3686 709 1

2330 711 2479 781 παρά
2504 714 2703 783 Κυρίου
2727 714 2820 767 τοῦ
2848 715 2980 769 Θεοῦ
3019 734 3112 770 σου
3149 721 3206 771 ὲν
3234 720 3432 790 Χωρὴὸ
3472 726 3533 793 τῇ
3565 726 3686 796 ήμέε

2331 800 2636 871 ἐκκλησίας.
2687 822 2705 854 ι
2743 805 2863 857 ’Ότι
2906 806 2962 858 δὲ
3035 807 3142 860 τῶν
3196 809 3332 878 μετά
3387 812 3613 868 Μωῦσέα
3657 836 3686 870 π

2328 891 2434 943 τῶν
2477 893 2647 957 οὐδεὶς
2696 895 2803 965 πρὸ
2846 895 2943 948 τοῦ
2999 897 3249 968 Σωτῆρος
3298 900 3450 971 ήμῶν
3503 905 3672 974 ὅμοιος

2329 996 2515 1050 γερται
2556 984 2794 1048 Μωῦσεῖ,
2844 986 3027 1055 σαφῶς
3048 982 3098 1057 ’ἡ
3146 989 3348 1044 παλαιὰ
3394 994 3574 1063 Γραφὴ
3612 996 3685 1048 διδ

2328 1067 2552 1136 λέγουσα
2572 1087 2585 1101 ·
2622 1090 2638 1120 ι
2672 1074 2780 1125 Καὶ
2810 1074 2909 1126 οὐκ
2930 1076 3127 1148 ἀνέστη
3157 1076 3235 1131 ἔτι
3260 1083 3536 1151 προφήτης
3566 1086 3686 1138 ὲνἸς

2326 1157 2400 1219 ὼς
2427 1159 2679 1229 Μωῡσῆς,
2722 1162 2779 1214 ὃν
2820 1162 2959 1231 ἔγνω
2985 1165 3189 1235 Κύριος
3234 1170 3515 1238 πρόσωπον
3547 1176 3675 1227 κατὰ

2332 1263 2474 1299 ωπον
2503 1250 2559 1302 ἐν
2618 1252 2748 1302 πᾶσι
2775 1254 2883 1314 τοῖς
2914 1254 3162 1324 σημείοις
3196 1259 3287 1309 καὶ
3317 1258 3518 1329 τέρασι.
3554 1280 3572 1312 ι
3598 1264 3686 1315 Δέδ

2285 1339 2287 1341 ’
2324 1337 2498 1389 τοίνυν
2522 1338 2582 1390 τὸ
2609 1339 2784 1392 ἔνθεον
2806 1341 3019 1412 πνεῦμα
3042 1344 3131 1397 διὰ
3156 1346 3429 1409 Μωῦσέως
3449 1350 3673 1419 περὶτοῦ

2316 1421 2416 1495 ’ρος
2436 1425 2586 1494 ήμῶν
2606 1427 2860 1482 θεσπίσαν
2885 1447 2898 1460 ·
2932 1433 2979 1482 εἰ
3002 1432 3066 1499 δὴ
3095 1433 3255 1501 μόνος
3278 1433 3456 1497 αὐτὸς,
3482 1438 3570 1488 καὶ
3591 1439 3686 1489 οὐδ’

2323 1515 2502 1584 ὅμοιος
2520 1517 2596 1586 τῷ
2620 1519 2838 1570 Μωῦσεῖ
2856 1519 3098 1587 γεγονὼς
3124 1524 3243 1584 ταῖς
3267 1523 3428 1575 αὑτοῦ
3456 1526 3686 1577 Μωῦσέω

2326 1606 2440 1667 ναῖς
2461 1606 2759 1670 ἀκολούθως
2784 1609 3033 1679 συνέστη.
3060 1610 3264 1679 Σκέψαι
3290 1612 3345 1664 δὲ
3370 1613 3460 1665 καὶ
3488 1614 3641 1684 ἄλλην
3660 1633 3686 1667 τι

2324 1693 2468 1746 τείαν
2498 1696 2853 1766 ἀνάγραπτον.
2896 1699 3111 1769 Ἐπειδὴ
3135 1698 3243 1771 γὰρ
3274 1701 3363 1753 τὸν
3400 1702 3613 1773 Σωτῆρα
3641 1721 3686 1755 κε

2327 1797 2437 1851 ριον
2454 1784 2625 1852 ήμῶν,
2648 1784 2927 1855 ἄνθρωπον
2947 1788 3087 1841 κατὰ
3119 1788 3297 1860 σάρκα
3324 1791 3598 1860 γενόμενον
3619 1794 3676 1844 ὲκ

2325 1888 2490 1940 ματος
2534 1874 2762 1943 Ἰσραὴλ,
2798 1877 2965 1946 μυρία
2999 1877 3179 1947 πλήθη
3213 1880 3270 1930 ὲν
3297 1881 3426 1931 πᾶσι
3449 1882 3555 1942 τοῖς
3585 1882 3686 1932 ἔθνε

2324 1961 2567 2031 ριολογεῖ,
2610 1963 2707 2032 τῆς
2736 1965 2914 2017 ἐνθέου
2943 1966 3230 2036 δυνάμεως
3281 1969 3443 2021 αὑτοῦ
3480 1970 3629 2040 χάριν
3666 1973 3686 2023 1

2317 2049 2685 2119 ὁμολογοῦντα,
2721 2054 2813 2107 καὶ
2845 2055 3004 2108 τοῦτο
3043 2055 3205 2109 πάλιν
3244 2058 3481 2127 Μωῦσῆς
3530 2060 3686 2113 συνιδί

2318 2140 2443 2211 θείῳ
2474 2143 2760 2213 Πνεύματι,
2784 2143 2871 2197 διὰ
2896 2145 2998 2214 τῆς
3029 2147 3196 2199 αὐτοῦ
3219 2148 3431 2217 γραφῆς
3458 2148 3634 2200 τοῦτον
3660 2153 3686 2203 ἁ

2316 2248 2442 2303 νησε
2484 2234 2574 2286 τὸν
2626 2234 2849 2304 τρόπον·
2912 2253 2930 2285 ι
2964 2235 3338 2300 Ἐξελεύσεται
3382 2237 3686 2308 ἀνθρωποςί

2317 2322 2620 2394 σπέρματος
2646 2323 2808 2376 αὐτοῦ
2835 2323 3016 2393 (λέγει
3039 2325 3097 2377 δὲ
3123 2325 3218 2377 τοῦ
3248 2326 3465 2397 Ἰσραήλ
3488 2327 3630 2396 ),καὶ
3658 2346 3686 2379 κ

2314 2428 2394 2463 σει
2413 2411 2595 2474 ὲθνῶν,
2629 2414 2720 2465 καλ⁵
2752 2412 3098 2483 ὑψωθήσεται
3128 2416 3161 2483 ἠ
3186 2413 3432 2482 βασιλεία
3462 2417 3636 2468 αὐτοῦ.
3669 2435 3685 2467 ι

2316 2500 2497 2569 μηδεὶς
2523 2500 2676 2563 ἄλλος
2702 2499 2921 2554 πώποτε
2955 2502 3063 2554 τῶν
3093 2504 3159 2556 ἐκ
3178 2504 3474 2573 περιτομῆς
3493 2504 3686 2574 ἀρχόντι

2313 2589 2568 2657 βασιλέων
2621 2590 2805 2661 κύριος
2854 2592 3030 2645 ἐθνῶν
3075 2592 3284 2646 πολλῶν
3335 2593 3591 2661 κατέστηο
3628 2594 3686 2661 (ονε

2309 2679 2415 2759 γὰρ
2448 2681 2652 2749 ἱστορία
2673 2681 2819 2751 δηλοῖ
2834 2681 2999 2734 τοῦτο
3016 2683 3057 2750 ο)
3083 2681 3181 2751 βοᾷ
3204 2681 3261 2734 δὲ
3283 2682 3376 2734 καὶ
3401 2681 3656 2750 κέκραγεν
3681 2698 3686 2709 ·

2308 2769 2422 2821 θεια
2461 2771 2551 2822 ἐπὶ
2592 2770 2748 2839 μόνου
2781 2771 2878 2823 τοῦ
2910 2774 3167 2842 Σωτῆρος
3202 2770 3391 2842 ἡμῶν·
3427 2772 3505 2823 ὃτι
3557 2770 3614 2839 δὴ
3663 2772 3686 2821 ll

2306 2856 2482 2918 αὐτὸν,
2516 2859 2607 2909 καὶ
2636 2859 2733 2911 οὐκ
2766 2860 2901 2911 αὐτὸ
2938 2862 3099 2930 μόνον
3135 2862 3247 2922 τοῖς
3289 2859 3505 2929 χείλεσι,
3542 2858 3686 2911 διαθέσ

2304 2948 2657 3019 γνησιωτάτῃ,
2717 2950 2889 3018 μυρία
2936 2950 3116 3021 πλήθη
3171 2950 3229 3016 ἐξ
3280 2950 3526 3002 ἁπάντων
3565 2948 3662 2999 τῶν

2303 3036 2561 3104 ὁμολογεῖ,
2613 3038 2664 3088 τί
2703 3038 2907 3108 δήποτε
2965 3040 3217 3110 ἐμποδὼν
3271 3038 3345 3110 μὴ
3396 3039 3511 3107 οὐχὶ
3544 3036 3686 3089 αὑτὸν

2307 3126 2529 3193 φάσκειν
2555 3127 2644 3179 τὸν
2674 3130 3187 3199 προφητευόμενονς
3224 3130 3343 3181 Ὅτι
3363 3127 3418 3179 δὲ
3443 3127 3685 3194 Μωῦσῆςη

2302 3215 2400 3267 οὐκ
2426 3215 2813 3286 ἀπεριορίστως
2840 3220 3132 3291 προλέγει,
3162 3218 3269 3271 οὐδ’
3295 3220 3372 3279 είς
3395 3216 3604 3286 ἄπειρον
3626 3231 3686 3265 κα

2304 3303 2551 3374 ρίμετρον
2581 3306 2764 3375 χρόνον
2788 3308 3147 3372 ἐπισκιάζων
3176 3308 3272 3378 τὴν
3304 3307 3612 3377 πρόρρησιν,
3630 3304 3685 3355 οὐ

2300 3392 2355 3443 δὲ
2376 3393 2611 3463 ἀκριϐῶς
2637 3394 2732 3464 τὴν
2755 3396 2879 3451 τῶν
2914 3397 3407 3469 προφητευομένων
3428 3395 3638 3447 ἔκϐασιν
3656 3410 3683 3459 χ

2299 3484 2611 3554 ὡρισμένοις
2642 3490 3024 3559 περιγράφων,
3059 3491 3224 3543 ἄκουε
3260 3484 3347 3541 οἵα
3391 3488 3479 3540 καὶ
3518 3484 3634 3552 περὶ
3669 3498 3686 3533 1

2300 3573 2566 3639 θεσπίζει·
2624 3595 2642 3625 ι
2685 3579 2801 3629 Οὐκ
2861 3580 3103 3649 ἐκλείψει
3164 3580 3348 3649 ἄρχων
3407 3576 3465 3639 ἐξ
3528 3572 3686 3625 Ἰούδα.

2297 3663 2591 3733 ἡγούμενος
2610 3667 2671 3718 ἐκ
2698 3665 2808 3719 τῶν
2847 3668 3039 3739 μηρῶν
3076 3667 3263 3731 αὐτοῦ,
3297 3666 3405 3727 ἕως
3418 3664 3481 3717 ἂν
3501 3661 3619 3729 ἔλθῃ
3646 3653 3683 3723 ᾧ

2298 3769 2497 3805 κειται·
2530 3755 2621 3806 καὶ
2640 3756 2803 3819 αὐτὸς
2829 3758 3127 3828 προσδοκία
3145 3754 3333 3808 ἐθνῶν.
3366 3772 3384 3803 ι
3409 3754 3484 3803 Δι’
3505 3744 3574 3801 ὧν
3591 3747 3645 3799 οὐ
3667 3746 3686 3795 ὂ

2294 3840 2416 3909 ψειν
2455 3841 2580 3911 έξῆς
2610 3845 2702 3896 καὶ
2731 3846 2880 3899 κατὰ
2911 3846 3162 3915 διαδοχὴν
3191 3841 3524 3913 ἡγουμένους
3551 3835 3637 3888 καὶ
3662 3831 3686 3884 ἃ

665 3936 791 4006 quid
839 3937 979 3988 ultra
1014 3936 1125 4003 jam
1180 3938 1402 4007 impedit
1431 3953 1499 3992 ne
1529 3938 1678 3990 illum
1706 3951 1826 3991 esse
1857 3935 2190 3998 dicamus,de

2159 3938 2199 3990 le
2293 3950 2390 3995 τας
2425 3932 2530 3983 τῶν
2571 3930 2841 3987 Ἰουδαίων
2874 3933 3086 3996 ἔθνους,
3124 3933 3285 4002 μέχρι
3309 3930 3408 3997 τῆς
3435 3925 3525 3979 τοῦ
3559 3936 3684 3990 προσ

620 4039 769 4093 ,ιιυο
816 4023 1106 4091 prophetiae
1160 4027 1406 4080 exstant?
1452 4024 1604 4090 Quod
1632 4033 1807 4077 autem
1836 4023 2043 4094 Moyses
2085 4027 2145 4076 ha

2160 4039 2199 4077 :c
2296 4021 2454 4091 μένου
2493 4021 2792 4090 παρουσίας
2831 4024 3218 4090 ἀποφαίνεται.
3261 4016 3611 4071 Διαλιπόντων
3645 4008 3685 4059 δὲ

661 4126 768 4165 non
802 4110 1074 4164 indeﬁnite
1098 4113 1367 4180 praedicat,
1391 4129 1561 4183 neque
1586 4114 1847 4165 immenso
1883 4112 2113 4180 quodam
2144 4119 2186 4166 el

2157 4119 2197 4166 ει
2291 4110 2418 4180 παρ’
2443 4110 2618 4170 αὐτοῖς
2652 4110 2954 4180 ἀρχόντων,
2981 4109 3316 4182 παρέσεσθαι
3343 4106 3431 4156 τὸν
3459 4111 3682 4183 προφητξ

661 4202 987 4256 inconstanti
1015 4209 1251 4270 tempore
1270 4204 1579 4256 vaticinium
1608 4201 2015 4264 adumbret,sed
2045 4201 2186 4256 valde

2159 4208 2197 4256 le
2293 4217 2396 4253 vov.
2442 4198 2636 4252 Ἰούδαν
2662 4198 2716 4250 δὲ
2747 4202 2851 4255 νῦν
2879 4202 2942 4254 οὐ
2974 4202 3075 4272 τὴν
3102 4197 3275 4268 φυλὴν
3307 4191 3572 4262 ὀνομάζειν
3597 4182 3684 4236 ἀλλ

661 4291 1001 4362 providenter
1026 4302 1273 4345 eventum
1297 4308 1473 4346 rerum
1505 4306 1639 4361 quas
1670 4290 1996 4359 praedixerit,
2025 4291 2197 4344 deter-

2291 4290 2427 4342 κατά
2456 4306 2572 4341 τινα
2602 4291 2998 4360 προσωνυμίαν
3030 4291 3088 4340 ὲν
3117 4291 3229 4348 τοῖς
3271 4282 3407 4353 μετὰ
3444 4276 3605 4330 ταῦτα
3644 4287 3686 4337 χι

659 4361 877 4436 minatis
919 4381 1249 4449 temporibus
1287 4382 1717 4443 circumscribat,
1760 4379 1849 4432 illa
1885 4380 2184 4448 planissime

2163 4395 2193 4434 e
2222 4377 2265 4430 Ι)
2293 4379 2395 4431 ἀπὸ
2448 4377 2723 4448 βασιλικῆς
2776 4380 2955 4449 φυλῆς
2998 4380 3101 4446 τῆς
3143 4374 3314 4428 Ἰούδα
3359 4370 3421 4422 τὸ
3459 4367 3560 4419 πᾶν
3598 4361 3685 4411 Ἰου

659 4465 913 4529 indicant,
943 4480 1061 4534 quae
1090 4466 1156 4520 de
1184 4466 1284 4520 hac
1324 4482 1536 4535 quoque
1570 4481 1628 4520 re
1670 4466 1816 4519 canit
1851 4484 1864 4519 :
1904 4483 1922 4516 ι
1957 4465 2072 4519 Νοη
2100 4467 2193 4522 de-

656 4555 818 4620 ﬂciet,
851 4556 1043 4625 inquit,
1084 4556 1329 4624 princeps
1366 4556 1433 4609 de
1465 4554 1622 4617 Juda,
1668 4570 1841 4624 neque
1878 4554 1982 4609 dux
2017 4556 2083 4611 de
2115 4556 2193 4609 fe-

655 4645 896 4700 moribus
941 4647 1079 4714 ejus,
1111 4645 1281 4700 donec
1315 4645 1492 4699 veniat
1530 4644 1615 4698 cui
1665 4646 1955 4714 repositum
1985 4655 2109 4700 est:
2138 4652 2190 4698 et

655 4736 772 4805 ipse
801 4736 1130 4805 exspectatio
1160 4735 1395 4805 gentium
1414 4734 1515 4787 ³¹⁹.
1555 4752 1574 4784 ›
1616 4732 1821 4798 Quibus
1855 4733 2033 4788 verbis
2081 4748 2188 4786 non

655 4823 932 4900 defuturos
963 4826 1211 4894 deinceps
1250 4824 1497 4879 ductores
1529 4837 1592 4877 ac
1629 4824 1919 4893 principes,
1960 4824 2054 4893 qui
2084 4822 2185 4877 sibi

655 4911 794 4966 inter
820 4930 877 4969 se
905 4916 1214 4969 continuata
1257 4915 1395 4969 serie
1437 4913 1729 4968 succedant
1774 4915 1840 4970 de
1888 4924 2042 4985 gente
2092 4910 2187 4965 Ju-

655 4999 828 5062 daica,
863 5019 1031 5073 usque
1061 5006 1126 5059 ad
1175 5003 1314 5072 ejus,
1344 5005 1435 5075 qui
1482 5012 1844 5075 exspectatur,
1873 5006 2179 5062 adventum.

654 5090 915 5146 enuntiat.
970 5094 1121 5158 Quod
1173 5097 1217 5150 si
1266 5097 1533 5166 principes
1564 5096 1702 5165 apud
1738 5096 1951 5150 Judaeos
1984 5092 2185 5148 defece-

654 5178 783 5237 Pint.
810 5178 1160 5238 adventurum
1188 5202 1330 5249 eum,
1353 5187 1445 5257 qui
1464 5203 1528 5241 ex
1554 5187 1789 5242 oraculis
1816 5190 2177 5253 exspectatur.

650 5259 844 5317 Iudam
886 5281 1012 5319 vero
1064 5271 1150 5323 hic
1196 5289 1301 5328 non
1345 5277 1513 5345 ipsam
1562 5276 1758 5329 tribum
1793 5273 2056 5341 intelligit,
2087 5269 2180 5324 sed

654 5353 908 5422 quoniam
982 5354 1414 5417 denominatione
1482 5366 1710 5434 quadam
1792 5359 2179 5433 posterioribus

651 5442 983 5510 temporibus
1029 5460 1058 5496 a
1109 5448 1272 5515 regali
1318 5452 1460 5505 tribu
1484 5452 1639 5518 Juda,
1671 5453 1845 5507 omnis
1873 5448 2176 5504 Iudaeorum

648 5533 795 5586 natio
820 5530 964 5587 dicta
994 5542 1097 5597 est,
1132 5535 1203 5589 ita
1231 5539 1442 5606 quidem
1488 5552 1545 5595 ut
1585 5516 1743 5605 hodie
1768 5554 1978 5613 quoque
2004 5536 2173 5591 Judaei

1663 5545 1743 5605 die
1768 5554 1978 5613 quoque
2004 5536 2173 5591 Judaei
2226 5518 2443 5587 ”λειον’
2472 5532 2769 5588 ἐκλελοίπει
2794 5529 2853 5581 δὲ
2884 5516 3188 5591 παραχρῆμ

2292 4465 2438 4528 ἔθνος
2482 4448 2870 4537 ἐχρημάτιζεν,
2914 4448 3001 4529 δὼς
3038 4465 3132 4517 καὶ
3172 4465 3251 4523 εἰς
3302 4460 3534 4527 σήμερον
3588 4448 3686 4498 Ἰουά

2291 4553 2669 4624 ὀνομάζεσθαι·
2704 4558 2923 4626 σφόδρα
2943 4549 3275 4623 θαυμαστῶς
3307 4545 3399 4598 καὶ
3428 4545 3686 4626 προφητιθθ

2425 4644 2571 4706 ἔθνος
2619 4621 2898 4699 Ἰουδίαίων
2933 4621 3238 4712 ὠνόμασεν,
3273 4626 3552 4712 ὼσπεροῦν
3583 4621 3667 4671 καὶ

2304 4700 2578 4806 Ἰουδαίους
2620 4700 3131 4803 προσαγορεύομεν.
3172 4720 3307 4776 Εἶτά
3335 4732 3465 4787 φησι
3495 4700 3686 4806 μὴ.

2289 4800 2548 4886 ἐκλείψειν
2559 4790 2632 4869 ’ἐκ
2658 4790 2751 4871 τοῦ
2787 4790 2980 4878 ἔθνους
3007 4790 3195 4867 αὐτῶν
3221 4808 3484 4877 ἄρχοντας
3504 4794 3592 4847 καὶ
3620 4790 3685 4892 ῆν

2288 4925 2428 4970 VWG
2491 4908 2523 4976 ἧ
2582 4913 2833 4978 παρεῖναι
2887 4906 2982 4959 τὸν
3026 4893 3525 4978 προφητευόμενον·
3566 4891 3686 4978 raw

2286 4967 2615 5060 ἐπιστάντος,
2660 4967 3145 5064 καταλυθήσεσθαι
3190 4967 3289 5056 μὲν
3339 4977 3532 5064 αὐτίκα

2285 5047 2874 5155 ὲᾷιῴνάῥρίνξᾶἐῆδν
2919 5047 2976 5133 ἐξ
3006 5078 3107 5129 οὐκ
3141 5047 3222 5124 se}
3275 5060 3555 5155 νιορδειίωγν
3586 5047 3686 5155 ξξῇί

2284 5171 2497 5225 ἔσεσθαι
2516 5143 2868 5243 προσδοκίαν.
2907 5165 3020 5221 Καὶ
3053 5159 3214 5247 τοῦτο
3244 5155 3302 5207 δὲ
3335 5149 3440 5247 ἔξιτέ-ι

2285 5223 2463 5334 φητῶν
2725 5223 2925 5314 γδθναιο
2945 5235 3450 5354 ’ἐφαρμόξεῗοῌέέ

2719 5366 2834 5423 ριον
2855 5313 3031 5416 ἡμῶνζ
3071 5313 3222 5405 ﬁt“
3248 5345 3310 5423 7⁷⁸
3334 5313 3686 5423 γὰρηῗῆἷὸίειί

2282 5442 2524 5513 Ope-nou:
2572 5444 2774 5515 παρῆν,
2835 5435 2930 5490 και
2962 5430 3025 5482 τδ
3065 5421 3341 5515 ἰουδαίφῖ
3372 5392 3686 5515 καθῖἶίἒῖῗᾹ

3190 5528 3227 5565 α
3266 5509 3297 5559 ὁ
3324 5504 3387 5555 ὲκ
3414 5495 3674 5565 προγόνων

715 5642 761 5673 ’⁸
808 5640 960 5696 Deut.
1017 5657 1170 5708 xvm,
1207 5644 1388 5708 18,19.
1464 5650 1506 5681 "
1536 5650 1663 5706 ibid.
1698 5593 1911 5712 {5,116.1
1956 5647 2001 5679 ⁸⁸
2033 5644 2188 5701 Deut.
2218 5659 2240 5698 ι

2096 5652 2188 5701 θυι.
2218 5658 2396 5708 xxxiv,
2434 5643 2609 5705 10,84.
2702 5642 2744 5674 ³⁸
2773 5636 2905 5693 ibid.
2932 5627 3021 5684 to.
3098 5624 3165 5655 ιι·
3197 5616 3330 5671 Gen.
3366 5618 3509 5662 nix.
3543 5593 3621 5648 1οο
