3862 6378
584 438 684 496 Πθ

1239 433 1996 489 EUSEBIFCIESARIENSIS
2036 436 2128 489 ΟΡ]

2226 437 2399 490 rans
2437 437 2495 491 ιι.
2526 465 2592 477 --
2626 420 3149 494 APOLOGETICA.

583 557 718 624 Quid
744 555 884 609 enim
913 553 1134 606 interest
1162 551 1402 615 dicasne,
1434 553 1489 605 in
1539 552 1656 621 ipso
1697 560 1881 622 gentes
1919 565 2103 621 spera-

2226 553 2452 622 ιοταμῶν
2473 553 2573 615 ἕως
2597 554 2841 623 περάτων
2869 556 2969 624 τῆς
2998 550 3402 619 οἰκουμένης.
3449 566 3480 599 ι
3521 546 3670 598 Καὶ

582 650 733 711 bunt,
767 645 874 714 97
918 658 986 697 an
1028 658 1154 697 vero
1178 661 1191 697 :
1217 642 1330 712 ipse
1356 644 1458 697 erit
1485 645 1811 712 exspectatio
1835 644 2103 712 gentium?

580 731 786 785 Rursus
831 745 955 784 vero
1003 730 1139 784 idem
1174 729 1361 793 Isaias,
1391 731 1633 784 oratione
1661 744 2009 799 progressus,
2039 729 2105 784 de

581 821 798 876 Christo
846 820 959 874 haec
1007 820 1214 874 divinat
1250 837 1264 873 :
1297 837 1315 869 ι
1345 817 1480 871 Ecce
1531 833 1665 887 puer
1712 833 1900 882 meus,
1948 834 2105 887 quem

584 913 718 979 elegi
747 931 759 964 :
795 911 1021 965 dilectus
1051 925 1201 964 meus
1225 948 1239 972 ,
1273 909 1327 960 in
1362 924 1468 976 quo
1499 908 1818 976 complacuit
1849 908 1951 961 sibi
1989 908 2107 960 ani-

586 1016 672 1055 ma
703 1016 819 1055 mea
846 1020 858 1053 :
891 1000 1153 1068 judicium
1182 999 1433 1067 gentibus
1467 997 1698 1066 proferet
1726 998 1792 1059 ³⁸,
1824 1018 1842 1050 ι
1868 1014 1930 1051 ac
1960 999 2114 1052 dein-

585 1107 710 1160 ceps
742 1091 985 1160 adjungit
1014 1108 1027 1144 :
1060 1107 1078 1139 ι
1103 1088 1272 1141 donec
1298 1095 1457 1157 ponat
1484 1087 1537 1139 in
1568 1094 1710 1140 terra
1732 1086 1993 1155 judicium
2013 1126 2026 1147 ,
2059 1095 2113 1141 et

585 1183 639 1236 in
678 1181 893 1235 nomine
930 1181 1048 1248 ejus
1079 1188 1261 1247 gentes
1289 1177 1585 1246 sperabunt
1610 1176 1692 1230 ’σε
1726 1192 1744 1223 ι
1780 1177 1833 1229 in
1864 1176 1950 1229 his
1978 1176 2113 1229 Pro-

585 1272 743 1339 pheta
793 1268 900 1337 jam
952 1267 1187 1321 secundo
1228 1277 1413 1335 gentes
1459 1265 1514 1317 in
1555 1263 1769 1319 Christo
1810 1273 2114 1332 speraturas

587 1361 764 1429 ponit,
795 1373 915 1410 cum
971 1358 1217 1424 superius
1246 1358 1374 1411 illud
1406 1356 1600 1411 dixerit
1627 1375 1640 1409 :
1682 1374 1700 1406 ι
1741 1356 1796 1409 in
1828 1356 1946 1424 ipso
1987 1371 2116 1424 gen-

588 1458 669 1503 tes
693 1449 984 1516 sperabunt
1009 1448 1072 1499 '7.
1100 1459 1117 1489 ι
1148 1445 1246 1501 Hic
1278 1461 1404 1499 vero
1430 1464 1445 1499 :
1473 1466 1492 1498 ι
1524 1448 1576 1499 in
1606 1447 1820 1499 nomine
1844 1447 1960 1512 ejus
1988 1462 2118 1515 gen-

586 1547 669 1593 te's
697 1538 1005 1608 sperabunt.
1042 1556 1059 1588 ι
1089 1535 1259 1589 Etiam
1296 1537 1395 1605 ipsi
1428 1535 1593 1589 David
1621 1536 1823 1589 dictum
1848 1547 1930 1590 est
1961 1535 2026 1601 ³⁸,
2052 1534 2120 1588 de

589 1627 764 1681 fructu
792 1628 993 1681 ventris
1019 1626 1136 1693 ejus
1165 1626 1530 1680 suscitandum
1560 1640 1678 1680 esse
1705 1626 1985 1693 quemdam
2010 1663 2024 1687 ,
2052 1623 2120 1678 de

588 1722 697 1786 quo
728 1716 982 1786 deinceps
1010 1718 1083 1770 ait
1109 1715 1249 1771 Deus
1275 1734 1288 1769 :
1336 1733 1354 1765 ι
1386 1714 1501 1784 ipse
1532 1715 1799 1768 invocabit
1824 1728 1937 1775 me,
1970 1721 2123 1782 pater

2209 664 2227 696 ι
2250 646 2428 697 Πάντα
2455 644 2520 696 τὰ
2566 644 2688 714 ἔθνη
2720 643 3109 696 δουλεύσουσιν
3150 636 3333 706 αὐτῷ
3353 675 3366 698 ,
3400 635 3533 689 καὶ
3594 636 3702 685 ὲνε

2205 734 2452 803 θήσονται
2485 735 2539 785 ἐν
2567 734 2646 785 σοὶ
2670 734 2837 785 πᾶσαι
2870 734 2927 784 αἱ
2954 731 3134 799 φυλαὶ
3170 728 3293 796 τῆς
3325 728 3467 797 γῆς.
3510 749 3535 777 ι
3583 727 3703 778 κα

2204 824 2259 876 δέ
2290 841 2372 886 τις
2403 824 2558 877 πάλιν
2587 822 2963 893 ἀφωρισμένος
3012 820 3128 888 τῆς
3178 817 3292 869 τοῦ
3345 832 3706 887 προφητευ

2205 914 2462 981 γενέσεως
2486 911 2795 974 θεσπίζεται
2816 908 3188 979 ὐπδΜιχαίου
3209 905 3549 973 λέγοντοςο
3597 925 3621 955 ι
3665 908 3708 957 Ε

2211 1003 2468 1074 Βηθλεὲμ,
2490 1000 2631 1064 οἶκος
2647 1001 2738 1053 τοῦ
2771 986 3065 1069 Εὑιρραθᾶ,
3087 994 3407 1061 ὀλιγοστὸς
3430 991 3501 1046 εἷ
3538 993 3669 1044 τοῦ
3696 1011 3708 1042 ε

2207 1091 2434 1161 χιλιάσιν
2465 1090 2665 1142 Ἰούδαο
2703 1089 2767 1140 ὲκ
2792 1087 2887 1140 σοῦ
2932 1104 3025 1156 μοι
3079 1083 3486 1148 ἐξελεύσεται
3547 1084 3710 1151 ἡγοι

2209 1186 2352 1247 ὅστις
2385 1185 2630 1253 ποιμανεῖ
2665 1181 2757 1234 τὸν
2805 1180 2934 1233 λαόν
2996 1196 3101 1248 μου
3153 1177 3262 1228 τὸν
3327 1173 3659 1245 Ἰσραήλο

2211 1270 2370 1333 ἔξοδοι
2403 1268 2559 1322 αὑτοῦ
2598 1268 2852 1338 ἀπαρχῆς
2898 1266 2959 1330 ἐξ
2993 1262 3240 1334 ἡμερῶν
3297 1262 3573 1324 αἰῶνος.
3610 1280 3636 1313 ι
3696 1262 3710 1280 '

2211 1376 2372 1429 γηται
2398 1359 2452 1410 δὲ
2487 1356 2634 1428 παρὰ
2668 1359 2779 1418 τοῖς
2806 1357 2997 1417 πᾶσιν,
3040 1354 3129 1405 ὅτι
3165 1354 3232 1403 ὲν
3274 1350 3603 1421 Βηθλεὲμ
3637 1352 3708 1418 ὲγ

2225 1448 2425 1517 Ἰησοῦς
2447 1450 2474 1499 6
2499 1447 2745 1516 Χριστὸς,
2777 1446 2853 1507 ὼς
2878 1445 2975 1497 καὶ
3009 1443 3309 1513 σπήλαιον
3344 1440 3708 1493 δείκνυσθο

2214 1536 2325 1588 τῶν
2347 1535 2643 1606 ἐπιχωρίων
2674 1534 2859 1587 αὐτόθι
2881 1536 2999 1596 τοῖς
3022 1534 3123 1584 ἐπὶ
3156 1531 3311 1583 θέαν
3341 1530 3479 1583 ἀπὸ
3520 1530 3654 1600 τῆς
3681 1533 3710 1583 ὁ

2217 1626 2322 1696 πῆς
2341 1624 2765 1694 ἀφικνουμένοις.
2798 1624 2909 1676 Καὶ
2939 1624 2968 1673 6
3009 1624 3111 1692 μὲν
3139 1622 3337 1683 τόπος
3366 1616 3606 1686 οὗτος,
3663 1622 3708 1674 ἐ·

2216 1715 2499 1784 γεννῆσθαι
2523 1713 2764 1784 ἔμελλεν,
2790 1698 3097 1784 προείρητο
3116 1731 3131 1743 ·
3158 1714 3262 1775 τίς
3297 1712 3359 1765 δὲ
3387 1713 3519 1765 καὶ
3562 1713 3706 1766 λευι

591 1822 742 1861 meus
771 1822 830 1862 es
861 1815 916 1860 tu
935 1848 950 1873 ,
981 1815 1036 1860 et
1059 1821 1158 1876 ego
1186 1807 1598 1875 primogenitum
1627 1820 1818 1874 ponam
1852 1819 1972 1858 eum
1998 1805 2062 1858 ”.
2096 1823 2114 1855 ι

2226 1808 2246 1857 δ
2282 1805 2499 1866 Ἡσαΐας
2531 1805 2858 1874 παρίστησι,
2900 1804 2968 1856 δι’
3000 1805 3385 1873 αἰνιγμάτων
3438 1804 3573 1874 μὲν
3631 1805 3704 1875 (1,

554 1893 560 1901 ’
591 1895 724 1949 Nam
754 1895 821 1950 de
857 1897 956 1949 hoc
988 1911 1177 1950 rursus
1205 1896 1403 1949 dictum
1445 1902 1527 1949 est
1556 1913 1568 1947 :
1596 1912 1616 1944 ι
1649 1893 1712 1945 Et
1755 1893 2121 1947 dominabitur

2226 1894 2378 1963 λέγῃν
2415 1912 2432 1943 ι
2471 1893 2659 1962 Κύριε,
2691 1892 2776 1954 τίς
2802 1893 3103 1945 ἐπίστευσε
3142 1897 3217 1963 τῇ
3266 1894 3434 1964 ἀκοῇ
3492 1895 3697 1964 ἡμῶν

592 1999 623 2039 a
654 1987 785 2038 mari
821 2000 988 2053 usque
1016 1986 1080 2038 ad
1115 1999 1261 2038 mare
1284 2024 1299 2047 ,
1343 1993 1396 2038 et
1437 2000 1466 2037 a
1508 1982 1816 2038 ﬂuminibus
1857 1998 2026 2052 usque
2053 1984 2119 2037 ad

591 2076 849 2129 terminos
875 2075 1021 2128 orbis
1047 2082 1203 2127 terra:
1228 2074 1293 2127 “.
1329 2093 1346 2125 ι
1372 2072 1434 2124 Et
1459 2088 1646 2127 rursus
1674 2091 1687 2126 :
1719 2091 1737 2123 ι
1766 2071 1964 2127 Omnes
1993 2088 2120 2142 gen-

595 2172 676 2218 tes
704 2166 935 2218 servient
963 2163 1011 2216 ei
1033 2203 1047 2222 .
1082 2171 1135 2218 et
1162 2164 1546 2218 benedicentur
1575 2163 1626 2215 in
1658 2173 1709 2218 te
1733 2178 1921 2217 omnes
1947 2162 2120 2216 tribus

594 2264 750 2306 terrae
781 2253 848 2306 “.
882 2273 900 2304 ι
926 2251 1187 2306 Praeterea
1216 2258 1391 2305 autem
1438 2251 1588 2304 locus
1627 2250 1839 2319 quidem
1880 2256 2060 2303 certus
2091 2263 2121 2300 a

598 2343 819 2397 Michaea
852 2343 1083 2405 canitur,
1116 2343 1170 2395 in
1205 2357 1313 2410 quo
1339 2343 1385 2395 is
1411 2342 1651 2395 oriturus
1682 2340 1782 2403 sit,
1816 2341 1882 2394 de
1910 2353 2018 2408 quo
2046 2340 2124 2392 fe-

595 2441 790 2485 runtur
829 2442 905 2485 tot
946 2432 1195 2484 vaticinia
1225 2450 1237 2483 ι
1267 2448 1285 2480 ι
1318 2429 1383 2483 Et
1430 2438 1508 2489 tu.
1557 2431 1750 2498 inquit,
1793 2429 2120 2491 Bethlehem,

597 2524 789 2576 domus
819 2520 1088 2589 Euphrata
1109 2561 1123 2584 ,
1160 2520 1378 2572 minima
1403 2534 1462 2572 es
1494 2524 1552 2571 ut
1580 2519 1657 2572 sis
1688 2518 1742 2570 in
1764 2518 2000 2570 millibus
2025 2515 2124 2568 Ju-

598 2612 666 2664 da
691 2628 703 2662 :
731 2625 795 2663 ex
823 2618 873 2661 te
901 2608 1031 2660 mihi
1057 2608 1358 2677 egredietur
1379 2608 1516 2671 dux,
1549 2608 1641 2675 qui
1665 2616 1847 2674 pascet
1871 2607 2123 2674 populum

599 2714 776 2754 meum
824 2697 1020 2763 lsrael,
1071 2710 1123 2751 et
1164 2697 1339 2751 exitus
1380 2697 1499 2763 ejus
1537 2697 1605 2749 ab
1643 2695 1796 2748 initio
1843 2710 1910 2748 ex
1938 2695 2126 2748 diebus

601 2789 777 2842 saeculi
802 2788 846 2820 δ’
872 2806 885 2840 :
921 2807 938 2837 ι
967 2793 1019 2840 et
1042 2801 1228 2841 omnes
1258 2785 1601 2847 confitentur,
1628 2784 1682 2837 in
1706 2782 2009 2837 Bethlehem
2037 2782 2127 2836 Je-

600 2893 718 2932 sum
750 2876 1021 2931 Christum
1051 2890 1173 2929 esse
1201 2883 1405 2929 natum.
1440 2874 1580 2939 Quin
1605 2874 1764 2928 etiam
1797 2873 1982 2926 incolae
2008 2874 2125 2941 ejus

599 2968 703 3021 loci
735 2968 1041 3036 speluncam
1070 2965 1265 3020 ibidem
1294 2973 1592 3020 monstrant
1619 2964 1684 3018 iis
1703 3005 1718 3029 ,
1746 2963 1836 3032 q‘ui
1864 2964 1929 3016 ab
1951 2971 2128 3018 exter-

604 3060 686 3111 nis
726 3057 882 3111 terris
922 3055 1166 3109 venerint
1203 3055 1269 3109 ad
1314 3055 1702 3124 spectandum:
1742 3059 1795 3106 et
1834 3053 1985 3107 locus
2007 3053 2128 3122 qui-

602 3148 720 3202 dem
749 3146 837 3199 hic
864 3146 953 3199 ubi
986 3156 1135 3200 ortus
1163 3145 1281 3213 ejus
1308 3145 1518 3200 futurus
1545 3144 1675 3207 fuit,
1704 3142 1991 3212 praedictus
2023 3151 2128 3198 est.

602 3236 776 3306 Ipsius
807 3250 929 3289 vero
957 3242 1109 3289 ortus
1142 3235 1458 3288 miraculum
1482 3275 1496 3299 ,
1531 3248 1674 3287 nunc
1713 3233 1941 3287 obscure
1973 3246 2036 3285 ac
2072 3231 2131 3284 ti-

603 3335 791 3397 gurate
809 3366 824 3390 ,
850 3338 994 3377 nunc
1020 3324 1177 3392 plane
1201 3330 1256 3377 et
1284 3330 1466 3392 aperte
1493 3322 1643 3390 ponit
1670 3318 1834 3374 lsaias
1863 3338 1875 3373 :
1906 3319 2133 3373 obscure

504 3424 515 3429 ‘
605 3416 819 3486 quidem
842 3454 856 3477 ,
895 3416 985 3468 ubi
1030 3414 1137 3468 ait:
1171 3433 1192 3466 ι
1223 3413 1447 3468 Domine
1467 3453 1483 3478 ,
1521 3413 1643 3482 quis
1666 3411 1895 3466 credidit
1927 3409 2134 3464 auditui

606 3504 834 3559 nostro?
872 3511 927 3558 et
972 3502 1254 3557 brachium
1299 3501 1509 3557 Domini
1561 3502 1647 3556 cui
1693 3501 1979 3555 revelatum
2018 3500 2136 3554 est?

607 3593 1043 3647 annuntiavimus
1091 3606 1272 3646 coram
1318 3607 1411 3654 eo,
1452 3591 1607 3659 quasi
1648 3591 1938 3659 puerulus,
1980 3587 2134 3657 quasi

606 3684 758 3738 radix
792 3685 848 3736 in
877 3689 1019 3735 terra
1050 3683 1257 3736 sitienti
1288 3682 1353 3736 “.
1386 3700 1404 3732 ι
1433 3680 1536 3733 Pro
1563 3695 1670 3749 quo
1702 3679 1890 3747 Aquila
1921 3677 2134 3747 quidem

608 3774 686 3827 sic
728 3773 1107 3841 interpretatus
1146 3781 1265 3827 est:
1302 3790 1320 3821 ι
1356 3770 1419 3824 Et
1462 3770 1842 3840 przedicabitur
1881 3777 2135 3838 tanquam

612 3858 753 3926 quod
788 3859 950 3911 ubere
992 3859 1228 3912 nutritur
1270 3860 1321 3910 in
1366 3858 1553 3911 faciem
1606 3857 1752 3924 ejus,
1793 3863 1847 3910 et
1886 3864 2136 3923 tanquam

612 3945 763 3998 radix
789 3945 855 3998 dc
877 3952 1020 3999 terra
1050 3948 1212 3999 invia.
1244 3965 1262 3997 ι
1285 3945 1615 3999 Tlieodotion
1637 3960 1764 3999 vero
1787 3963 1803 3998 :
1826 3962 1844 3993 ι
1873 3943 1937 3996 Et
1959 3958 2140 3998 ascen-

611 4034 700 4087 det
729 4035 868 4088 sicut
892 4036 1034 4103 quod
1062 4037 1198 4090 lacte
1227 4037 1388 4089 alitur
1413 4049 1591 4089 coram
1619 4050 1717 4097 eo,
1743 4044 1795 4089 et
1820 4035 1959 4089 sicut
1987 4034 2138 4087 radix

613 4124 667 4175 in
699 4131 839 4177 terra
867 4123 1087 4177 sitienti.
1120 4143 1138 4174 ι
1169 4123 1267 4178 His
1295 4124 1436 4178 enim
1466 4123 1643 4177 verbis
1670 4136 1790 4175 cum
1813 4122 2137 4176 mentionem

614 4213 798 4267 fecerit
826 4213 1083 4282 propheta
1110 4213 1177 4267 de
1207 4214 1426 4266 brachio
1457 4212 1703 4275 Domini,
1733 4213 1872 4278 quod
1899 4217 2015 4263 erat
2043 4208 2137 4263 Dei

612 4299 844 4355 Verbum
869 4318 883 4354 :
914 4320 931 4352 ι
953 4300 1144 4355 Coram
1171 4316 1256 4363 eo,
1280 4301 1481 4369 inquit,
1526 4299 1959 4353 annuntiavimus
1985 4298 2138 4367 quasi

612 4393 893 4461 puerulum
943 4392 1262 4453 lactentem,
1311 4400 1363 4443 et
1408 4391 1498 4458 qui
1543 4391 1705 4447 ubere
1752 4390 2042 4451 nutriatur,
2086 4395 2138 4441 et

612 4481 769 4550 quasi
802 4479 1032 4532 radicem
1066 4479 1131 4531 de
1161 4486 1303 4531 terra
1338 4479 1477 4531 invia
1505 4495 1518 4540 ;
1552 4497 1570 4528 ι
1598 4478 1686 4531 ubi
1725 4478 1979 4546 puerulus
2018 4477 2139 4546 qui.
2170 4509 2211 4561 ο

614 4570 734 4622 dem
765 4568 881 4630 ille,
917 4567 1009 4634 qui
1039 4567 1199 4619 ubere
1225 4574 1384 4632 atque
1414 4566 1551 4618 lacte
1583 4567 1836 4627 nutritur,
1870 4567 2026 4635 plane
2049 4582 2140 4619 or-

614 4668 730 4712 tum
761 4657 963 4713 Christi
995 4655 1256 4709 declarat.
1294 4653 1458 4708 Terra
1490 4670 1617 4709 vero
1646 4656 1787 4709 invia
1818 4664 1870 4710 et
1913 4657 2099 4710 sitiens
2119 4693 2134 4719 ,

610 4749 722 4817 98
751 4746 1005 4815 virginem
1052 4759 1169 4814 qua:
1209 4744 1357 4797 illum
1403 4744 1558 4797 enixa
1587 4753 1697 4810 est,
1743 4761 1901 4815 quam
1934 4745 2140 4800 scilicet

614 4836 793 4889 nullus
821 4835 903 4887 vir
930 4834 1094 4897 adiit,
1120 4832 1186 4886 de
1212 4848 1315 4901 qua
1341 4833 1584 4901 quamvis
1613 4834 1755 4889 invia
1776 4874 1792 4899 ,
1817 4837 2028 4889 laudata
2053 4834 2142 4886 illa

582 4925 768 4977 -rudix
810 4924 1042 4993 prodiit.
1084 4930 1140 4977 et
1182 4924 1274 4991 qui
1318 4924 1520 4988 ubere,
1561 4925 1804 4994 lacteque
1848 4926 2141 4978 nutriretur

616 5016 893 5078 puerulus.
927 5014 1124 5075 Verum
1156 5013 1269 5068 haec
1299 5014 1613 5073 adumbratc
1645 5015 1930 5069 admodum
1973 5012 2140 5081 signi-

616 5096 828 5155 ﬁcavit:
877 5102 1115 5169 apertius
1159 5114 1288 5155 vero
1330 5100 1466 5154 idem
1513 5102 1772 5172 propheta
1823 5100 2138 5154 sententiam

616 5196 767 5234 suam
811 5185 1213 5254 interpretatur,
1245 5188 1334 5243 ubi
1368 5190 1480 5242 ait:
1511 5208 1530 5240 ι
1562 5189 1699 5242 Ecce
1726 5188 1875 5256 virgo
1903 5186 1954 5238 in
1989 5192 2142 5241 utero

617 5269 819 5337 συνίει,
850 5279 903 5323 et
931 5275 1101 5339 pariet
1134 5277 1330 5343 (ilium,
1356 5286 1408 5332 et
1432 5279 1697 5332 vocabunt
1726 5290 1921 5330 nomen
1976 5273 2093 5340 ejus
2118 5291 2135 5322 ο

686 5420 1093 5503 δείξεικξιιιθ-ἱ.
1144 5426 1437 5503 4.
1494 5432 1552 5503 f7
1584 5427 1897 5503 lsa._xt,10.
1969 5423 2128 5503 f‘llll

2261 5441 2352 5486 vn,
2380 5425 2463 5478 12.
2539 5428 2582 5459 ³⁸
2615 5428 2758 5486 Psal.
2783 5447 3050 5503 Lxxxvut,
3072 5438 3276 5503 27.28.

619 5489 659 5533 δ’
713 5490 840 5553 ibid.
875 5490 955 5551 ll,
987 5490 1069 5544 17.
1142 5490 1185 5522 ἰ’
1212 5493 1365 5546 Mich.
1404 5492 1451 5559 γ’,
1488 5499 1540 5564 2.
1613 5499 1655 5529 ⁸³
1682 5489 1782 5555 lsa.
1818 5512 1930 5558 ιιιι,
1962 5493 2082 5560 -1,2.

688 5650 760 5724 (Ι)
791 5648 949 5724 ,Μεεη
984 5650 1091 5724 Ti;
1122 5650 1176 5703 δὲ
1197 5653 1451 5724 γενέσεως
1478 5657 1639 5708 αὐτοῦ
1666 5657 1725 5707 τὸ
1767 5653 1987 5724 θαῦμαΑ
2017 5648 2142 5724 ποτὲ

738 5719 800 5770 δι’
824 5719 1165 5788 αἰνιγμάτων,
1196 5721 1319 5775 ποτὶ
1347 5721 1399 5774 δὲ
1426 5724 1514 5773 καὶ
1535 5724 1844 5794 λευκότερον
1868 5719 1895 5776 6
1927 5719 2145 5781 Ἡσαΐας

2221 1982 2448 2053 βραχίων
2502 1983 2702 2052 Κυρίου
2763 1983 2867 2034 τίνι
2923 1981 3373 2053 ἀπεκαλύφθη;
3453 1985 3704 2053 ἀνηγγε

2220 2073 2451 2124 ἐναντίον
2479 2071 2642 2124 αὐτοῦ
2669 2072 2744 2134 ὡς
2776 2072 3010 2136 παιδίον,
3045 2073 3127 2132 ὡς
3164 2073 3307 2143 ῥίζα
3345 2075 3424 2126 ὲν
3478 2078 3571 2145 γῇ
3609 2076 3696 2143 δις

2231 2162 2366 2214 Ἀνθ’
2392 2158 2453 2214 οὗ
2491 2165 2518 2216 6
2557 2162 2651 2232 μὲν
2702 2162 2934 2224 Ἀκύλας
2974 2165 3367 2233 ἡρμήνευσεν
3428 2164 3689 2227 οὕτως·

2221 2251 2647 2323 ἀναρρηθήσεται
2673 2253 2746 2315 ὡς
2771 2252 3151 2322 τιτθιζόμενον
3182 2255 3276 2315 εἰς
3315 2255 3681 2324 πρόσωπον

2221 2342 2314 2393 καὶ
2360 2342 2435 2403 ὡς
2466 2341 2586 2410 ῥίζα
2639 2342 2744 2393 ἀπὸ
2788 2343 2892 2411 γῆς
2945 2342 3162 2394 ἀϐάτου
3203 2358 3220 2372 ο
3261 2361 3283 2393 ι
3326 2345 3363 2395 6
3418 2342 3493 2395 δὲ
3546 2343 3696 2395 Θεοὶ

2228 2450 2246 2482 ι
2275 2431 2365 2483 καὶ
2415 2429 2739 2500 ἀναϐήσεται
2780 2431 2856 2493 ὡς
2898 2430 3141 2501 θηλάζον
3190 2430 3472 2485 ἐνώπιον
3545 2434 3694 2486 αὐτο

2222 2522 2296 2583 ὡς
2322 2520 2441 2589 ῥίζα
2461 2523 2517 2573 ἐν
2540 2524 2609 2590 γῇ
2632 2520 2856 2591 διψώσῃ.
2888 2540 2905 2570 ι
2931 2522 3032 2574 Διά
3060 2522 3181 2591 γὰρ
3206 2522 3459 2575 τούτων
3494 2541 3623 2593 μνη
3634 2541 3694 2593 μ(

2222 2611 2250 2660 6
2282 2611 2559 2681 προφήτης
2589 2610 2681 2662 τοῦ
2724 2609 3006 2680 βραχίονος
3051 2610 3156 2663 τοῦ
3202 2613 3456 2682 Κυρίου
3480 2651 3497 2676 ,
3533 2613 3607 2676 ὃς

2224 2699 2355 2752 Θεοῦ
2383 2699 2554 2766 λόγος,
2583 2719 2600 2748 ι
2635 2699 2893 2752 Ἐνώπιον
2920 2701 3117 2763 αὐτοῦ,
3155 2720 3175 2752 ι
3229 2705 3461 2773 φησιν,
3504 2723 3528 2756 ο
3559 2707 3692 2774 ἀνη·

2230 2807 2325 2859 μεν
2356 2790 2430 2851 ὡς
2469 2790 2675 2842 παιδίον
2719 2790 2949 2861 θηλάζον
2983 2793 3081 2844 καὶ
3141 2794 3633 2866 τιτθιζόμενον,
3684 2816 3691 2849 :

2230 2878 2378 2948 ῥίζαν
2403 2880 2508 2931 ἀπὸ
2534 2880 2634 2948 γῆς
2659 2878 2880 2932 ἀϐάτου.
2906 2898 2923 2930 ι
2956 2881 3031 2932 Τὸ
3062 2883 3170 2951 μὲν
3199 2881 3313 2936 οὖν
3348 2886 3609 2939 παιδίον
3636 2888 3694 2938 τὲ

2228 2964 2447 3037 ζόμενον
2471 2969 2562 3021 καὶ
2597 2968 2824 3036 θηλάζον
2857 2970 3125 3041 ἄντικρυς
3160 2973 3277 3043 τὴν
3322 2975 3585 3042 γένεσιν
3636 2994 3692 3028 τι

2233 3055 2356 3108 στοῦ
2382 3056 2553 3125 δηλοίο
2590 3059 2622 3125 ἡ
2653 3057 2707 3109 δὲ
2726 3059 2796 3127 γῆ
2827 3057 3029 3120 ἄϐατος
3058 3061 3164 3112 καὶ
3195 3061 3456 3132 διψῶσα
3492 3064 3608 3135 τὴν
3651 3068 3692 3118 ἀ

2232 3159 2395 3195 σασαν
2442 3143 2599 3195 αὑτὸν
2633 3143 2894 3213 παρθένον
2921 3183 2936 3205 ,
3055 3146 3254 3210 οὐδεὶς
3295 3151 3469 3223 ἀνὴρ
3524 3153 3698 3204 ὲπιόέ

2232 3233 2320 3300 ἀφ’
2357 3227 2443 3302 ἧς’
2490 3232 2685 3300 καίπερ
2732 3231 2932 3286 ἀϐάτου
2988 3238 3480 3309 τυγχανούσης,
3525 3242 3695 3311 προῆ

2232 3321 2563 3390 εὐλογημένη
2610 3319 2752 3389 ῥίζα,
2794 3322 2980 3374 καὶτὸ
3022 3322 3462 3397 τιτθιζόμενον
3505 3330 3618 3383 καὶ
3671 3328 3700 3380 θ

2232 3410 2453 3464 παιδίον.
2504 3410 2658 3462 Ἀλλὰ
2702 3411 2873 3464 ταῦτα
2919 3412 3022 3481 μὲν
3073 3416 3617 3490 ὲπεσκιασμένως
3652 3422 3702 3490 ᾐπ

2232 3500 2554 3570 γυμνότερον
2586 3499 2640 3551 δὲ
2668 3501 2695 3551 6
2724 3500 2886 3561 αὐτὸς
2912 3502 3230 3570 έρμηνεύει
3266 3510 3626 3580 προφήτης
3658 3510 3706 3560 τέ

2232 3605 2398 3649 νοιαν,
2437 3589 2519 3639 ἐπ’
2553 3586 2616 3640 ἀν
2662 3587 2831 3661 λέγῃ’
2870 3606 2890 3638 ι
2933 3590 3069 3642 ’ἰδοὺ
3113 3593 3152 3659 ἠ
3208 3596 3548 3666 παρθένος
3603 3600 3671 3649 ὲν

2232 3675 2477 3744 λήψεται,
2507 3676 2598 3727 καὶ
2625 3674 2838 3739 τέξεται
2888 3676 3039 3741 υἱον,
3077 3681 3183 3732 καὶ
3222 3685 3586 3740 καλέσουσι
3624 3686 3695 3739 τὸ

2234 3764 2391 3816 αὑτοῦ
2441 3763 2554 3832 μεθ’
2589 3763 2742 3831 ἡμῶν
2771 3767 2798 3817 6
2827 3764 2979 3827 Θεός.
3010 3787 3028 3816 ι
3061 3770 3255 3825 Τοῦτο
3294 3775 3437 3846 γὰρ
3495 3778 3720 3847 ὲρμηνι

2239 3871 2258 3903 ι
2300 3852 2654 3921 Ἐμμανουήλ.
2685 3871 2703 3902 ι
2732 3854 2968 3908 Τοιαῦτα
2985 3859 3119 3929 περὶ
3153 3862 3278 3931 τῆς
3297 3868 3402 3929 εἰς
3443 3866 3720 3936 ἁνθρώπ

2234 3941 2429 4001 νέσεως
2456 3938 2547 3990 τοῦ
2580 3940 2811 4008 Χριστοῦ
2853 3942 3019 3997 πάλαι
3071 3949 3396 4023 πρότερον
3437 3957 3602 4024 παρ’
3648 3954 3730 4004 'Et

2238 4026 2631 4097 μεμελετάσθω.
2684 4031 2829 4098 Μήτι
2867 4028 2960 4085 οὖν
2996 4035 3268 4101 ἐπίδοξον
3326 4061 3489 4097 τινα
3540 4044 3732 4097 δυνάε

2234 4116 2521 4186 τύραννον,
2556 4115 2590 4186 ἦ
2633 4133 2753 4168 τινα
2792 4118 2968 4183 ἄλλως
3006 4122 3121 4177 τῶν
3160 4127 3240 4181 τὰ
3290 4132 3569 4200 μεγάλα,
3630 4148 3738 4184 κατ

2237 4206 2346 4275 βίον
2377 4204 2700 4273 δυναμένων,
2721 4206 2811 4257 τὸν
2848 4215 3383 4284 προφητευόμενον
3428 4221 3740 4290 ὑπογράς

2234 4296 2332 4346 οὐκ
2363 4294 2504 4346 ἐστιν
2536 4295 2707 4346 εἰπεῖν
2728 4312 2739 4323 ’
2765 4296 2847 4347 ὅτι
2886 4299 3021 4368 μηδὲ
3048 4302 3239 4374 ἐφάνη
3272 4310 3617 4371 τοιοῦτος.
3653 4308 3740 4360 .Δῖ

2235 4386 2400 4454 ἐφάνη
2426 4384 2502 4452 τῷ
2532 4384 2648 4453 βίῳ,
2670 4385 2908 4439 τοιοῦτον
2935 4390 3097 4442 αὑτὸν
3130 4394 3243 4447 καὶ
3274 4400 3663 4451 ἐθέσπισαν
3695 4398 3740 4449 ει

2235 4475 2331 4543 τῆς
2393 4471 2641 4540 ἀληθείας
2694 4476 2810 4525 κατ’
2862 4476 3015 4529 οὐδὲν
3078 4482 3676 4559 ἀπολελειμμένοι.

2235 4563 2279 4615 δ’
2309 4559 2399 4614 οὖν
2430 4563 2458 4613 ὁ
2479 4562 2700 4623 Ἡσαΐας
2718 4579 2731 4592 ⁸
2753 4582 2771 4612 ⁸
2797 4564 3241 4639 Ἀνηγγείλαμεν
3286 4578 3589 4631 ἐνώπιον
3631 4578 3740 4629 αὐτ

2243 4652 2465 4713 παιδίον,
2498 4651 2569 4713 ὡς
2600 4651 2718 4719 ῥίζα
2751 4654 2808 4703 ἐν
2833 4657 2905 4723 γῇ
2938 4655 3152 4737 διψώσῃ
3174 4678 3189 4691 ο
3244 4683 3269 4715 ι
3317 4666 3486 4736 ἑξῆς
3527 4667 3740 4718 συνάπ

2242 4759 2378 4810 γων·
2411 4760 2429 4791 ι
2455 4741 2566 4793 Οὐκ
2594 4741 2738 4794 ἔστιν
2776 4738 2918 4806 εῐδος
2946 4746 3097 4817 αὐτῷ
3130 4752 3278 4807 οὐδὲ
3311 4758 3483 4821 δόξα.
3507 4774 3524 4787 °
3570 4757 3689 4809 καὶ
3725 4771 3740 4806 ε

2244 4830 2424 4891 αὑτὸν,
2462 4831 2554 4882 καὶ
2580 4830 2679 4881 οὐκ
2710 4825 2855 4899 εἶχεν
2888 4828 3028 4897 εἶδος
3082 4838 3213 4892 οὐδὲ
3253 4846 3516 4909 κάλλος
3539 4862 3556 4875 ο
3623 4844 3735 4897 καὶ

2243 4916 2378 4980 εἶδος
2420 4916 2580 4969 αὐτοῦ
2624 4917 2815 4987 ἄτιμον
2862 4924 2957 4976 καὶ
3002 4924 3279 4982 ἐκλεῖπον
3318 4934 3514 5004 παρὰ
3581 4932 3731 4992 τοὺς

2240 5004 2345 5057 τῶν
2378 5003 2693 5074 ἀνθρώπων.
2726 5006 3067 5079 Ἀνθρωπος,
3094 5014 3154 5064 ὲν
3184 5003 3439 5091 πληγῇ
3467 5019 3587 5082 ὣν,
3627 5017 3733 5071 καὶ

2242 5093 2422 5164 φέρειν
2458 5094 2722 5162 μαλακίαν
2743 5100 2763 5158 ,’
2794 5098 3096 5171 ὴτιμάσθη,
3132 5105 3241 5157 καὶ
3291 5110 3416 5163 οὐκ
3450 5106 3720 5174 ὲλογίσθι

2242 5179 2331 5236 οὖν
2372 5182 2614 5236 λείπεται
2667 5185 2759 5238 ἐπὶ
2803 5186 3041 5253 τούτοις;
3089 5191 3154 5245 ΕΞ
3206 5198 3346 5269 γὰρ
3387 5201 3694 5268 προεῖπον

2245 5271 2410 5343 φυλὴν
2432 5311 2446 5335 ,
2491 5275 2583 5326 καὶ
2634 5275 2821 5343 γένος,
2868 5281 2965 5334 καὶ
2995 5281 3198 5353 τρόπον
3236 5289 3587 5357 γενέσεως,
3643 5299 3692 5336 κε

3368 5443 3421 5474 ⁸ο
3444 5441 3594 5494 Ρεθι
3622 5453 3656 5491 ι

2247 5647 2559 5717 παρίστησι,
2594 5654 2659 5707 δι’
2690 5663 2777 5715 at»

2251 5659 2559 5725 Τταρίσττὶσι,
2594 5659 2659 5707 δι’
2690 5663 3033 5742 αἰνιγμάτων
3067 5678 3165 5752 μέν
3220 5696 3287 5739 κ,
3330 5666 3487 5725 sui“,
3509 5672 3563 5715 ex
3590 5659 3645 5713 είτ

2251 5728 2537 5786 tuterpres.
2708 5785 2721 5786 η
3174 5721 3191 5752 ι
