3862 6378
279 610 407 680 (Mm
435 634 511 690 τδ
546 642 684 707 δας

96 702 230 830 V/
448 727 570 803 τὴν
609 702 803 804 τθῖε*
861 702 989 730 και
1038 702 1180 750 Ριου
1220 702 1441 759 τρόπον,
1476 702 1754 786 ακολουυον
1785 702 1848 757 ην

96 702 285 900 b/
317 821 367 863 πε
391 812 419 867 Χ
555 798 595 842 ,·
655 759 690 797 ε’
772 760 955 833 υτὴν
1003 771 1413 846 ἀποσιωπῆσαι
1450 776 1625 828 αὐτου.
1660 776 1723 828 Τί
1758 773 1848 829 οὖν

118 862 146 900 i‘.
197 854 283 900 χΙ
372 828 399 884 ρ
457 837 713 900 ταυτης
783 845 1094 900 Ἠσαῖηρ
1146 865 1381 900 Aen-ars.
1406 884 1420 896 .
1458 885 1476 900 .
1513 864 1817 900 ’Δυῆηηρηρ

118 828 713 935 ιῇβλτῗθιδαξιτης
783 828 1094 926 Ἠσαῖας
1146 828 1420 931 θεσπίξεις
1458 885 1476 915 ι
1513 864 1846 935 Ἀνθρωπος,

138 913 468 1027 {41.33.
498 919 723 1027 «xm
759 934 902 1006 es.
970 913 1093 1006 καί
1155 913 1520 1027 sagi}...
1537 913 1845 1025 gazas:

168 1016 275 1129 Ι
489 1014 622 1129 ,καὶ
666 1023 792 1129 οὐκ
878 1003 1203 1129 ἐλογίσθῆ
1212 1003 1436 1106 vado:

215 1104 573 1218 δὲοὶ*
594 1152 613 1177 τ
661 1118 775 1218 tu}
812 1127 973 1218 πξρὶ
1243 1104 1643 1187 ὀδυνᾶταιοήκαί
1694 1104 1849 1203 «ἡμεῖς

259 1200 597 1280 δυνώμεθα
628 1207 810 1265 αὐτὸν
848 1211 1011 1271 εἶναι
1046 1200 1109 1275 ἓν
1142 1224 1287 1291 πόνῳ
1312 1224 1401 1276 καὶ
1436 1225 1493 1275 ὲν
1528 1200 1847 1293 πληγῇξκαὶ

283 1318 332 1363 \‘t
355 1295 607 1351 ’Μωδεεῖν
644 1300 819 1366 αὐτὸς
852 1304 917 1358 δὲ
975 1310 1385 1382 ἐτραυματίσθη
1426 1313 1512 1366 διὰ
1547 1313 1643 1376 τὰς
1674 1315 1847 1383 ἁμαρ-

317 1398 409 1455 τιας
426 1390 592 1462 ἡμῶν,
619 1392 721 1446 καὶ
749 1396 1177 1465 μεμαλάκισται
1196 1400 1280 1453 διὰ
1307 1402 1402 1464 τὰς
1432 1401 1653 1469 ἀνομίας
1672 1401 1841 1471 ήμῶν.

306 1481 497 1535 Παιδεία
522 1484 752 1553 είρήνης
785 1484 957 1553 ἡμῶν
986 1489 1076 1539 ἐπ’
1109 1488 1287 1551 αὐτὸν,
1319 1488 1394 1558 τῷ
1426 1488 1643 1558 μώλωπι
1685 1488 1843 1541 αὐτοῦ

295 1575 433 1641 ἡμεῖς
476 1574 734 1645 ίάθημεν.
785 1576 1007 1639 Πάντες
1050 1578 1126 1641 ὡς
1163 1578 1400 1648 πρόϐατα
1435 1577 1841 1649 ὲπλανήθημεν,

277 1663 364 1715 καὶ
387 1664 591 1733 Κύριος
624 1666 961 1736 παρέδωκεν
1001 1666 1165 1720 αὐτὸν
1193 1670 1310 1730 ταῖς
1337 1668 1622 1737 ἁμαρτίαις
1658 1667 1808 1737 ἡμῶν
1826 1683 1839 1697 ·

262 1754 357 1805 καί
380 1755 547 1816 αὐτὸς
574 1754 671 1807 διὰ
705 1756 772 1808 τὸ
804 1756 1161 1809 κεκακῶσθαι
1193 1757 1290 1809 οὐκ
1332 1757 1529 1825 ἀνοίγει
1572 1758 1631 1809 τὺ
1677 1759 1843 1827 στόμα

244 1842 445 1895 αὐτοῦ.
498 1845 590 1906 Ὧς
623 1845 915 1915 πρόϐατον
947 1847 1041 1898 ἐπὶ
1075 1846 1280 1916 σφαγὴν
1303 1845 1457 1915 ἤχθη,
1475 1847 1564 1898 καὶ
1586 1846 1658 1909 ὡς
1680 1848 1841 1916 ἀμνὸς

234 1932 432 1985 ἔναντι
464 1932 567 1985 τοῦ
609 1934 908 2004 κείροντος
949 1935 1177 2003 ἄφωνος,
1214 1933 1381 1996 οὕτως
1421 1934 1518 1986 οὐκ
1556 1936 1753 2001 ἀνοίγει
1782 1936 1842 1987 τὸ

1207 569 1833 629 DEMONSTRATIONIS
1872 552 2315 624 EVANGELICE
2352 554 2480 616 LIB.
2520 561 2613 617 Ill.
2834 632 2839 639 l

696 673 803 759 μα,
855 675 989 730 καὶ
1037 682 1180 750 βίου
1220 689 1441 759 τρόπον,
1476 685 1754 739 ἀκόλουθον
1785 684 1839 757 ἧι

1948 685 2232 739 Nobiscum
2255 674 2413 740 Deus,
2437 678 2539 733 hoc
2558 678 2699 734 enim
2718 678 2978 748 signiﬁcat
2993 696 3012 728 α
3033 676 3418 731 Emmanuel“.
3434 693 3454 727 ι

3360 560 3454 615 189

1949 775 2096 828 Talia
2127 772 2193 825 de
2216 767 2417 824 Christi
2447 769 2587 838 apud
2616 768 2857 823 homines
2888 768 3090 835 origine
3119 766 3322 834 antiqui
3355 764 3454 818 He-

1944 865 2209 919 braeorum
2252 860 2522 929 pr0pheta2
2564 858 2970 913 meditabantur.
3016 855 3264 924 Nunquid
3299 855 3455 923 igitur

1944 954 2202 1007 illustrem
2236 950 2515 1019 quemdam
2546 948 2836 1018 principem
2858 986 2874 1010 ,
2909 952 3000 999 aut
3026 955 3303 1015 tyrannum
3324 983 3338 1005 ,
3367 950 3455 995 aut

1945 1042 2143 1111 alioqui
2189 1055 2355 1093 unum
2400 1053 2619 1100 eorum,
2671 1035 2763 1105 qui
2811 1036 3095 1103 plurimum
3144 1041 3361 1101 possunt
3402 1033 3456 1084 in

1943 1133 2086 1194 vita,
2132 1145 2252 1183 eum
2296 1128 2362 1182 de
2402 1141 2510 1196 quo
2551 1126 2912 1179 vaticinantur
2955 1122 3304 1176 describunt?
3349 1135 3457 1173 non

1943 1226 2118 1289 potest
2143 1217 2284 1272 dici:
2316 1218 2566 1285 quoniam
2599 1228 2667 1267 ne
2708 1209 2953 1281 apparuit
2988 1207 3203 1277 quidem
3248 1205 3451 1274 aliquid

1943 1311 2064 1364 tale.
2088 1308 2191 1363 Sed
2217 1307 2391 1376 qualis
2418 1307 2531 1375 ipse
2555 1304 2702 1357 visus
2726 1310 2808 1356 est
2833 1302 2939 1353 vita
2959 1341 2974 1364 ,
3000 1298 3157 1351 talem
3182 1296 3307 1350 item
3335 1309 3458 1347 eum

1943 1399 2056 1454 fore
2085 1398 2429 1460 cecinerunt,
2460 1395 2560 1448 hac
2594 1392 2777 1459 utique
2806 1391 2857 1442 in
2900 1403 2959 1442 re
2996 1387 3130 1440 nihil
3169 1399 3199 1437 a
3236 1384 3459 1437 veritate

1943 1489 2271 1542 aberrantes.
2313 1485 2601 1554 Postquam
2626 1497 2751 1550 ergo
2778 1479 2940 1533 lsaias
2980 1479 3110 1532 dixit
3140 1495 3153 1529 :
3187 1493 3205 1526 ι
3233 1476 3458 1528 Annuu-

1940 1578 2189 1631 tiavimus
2230 1589 2408 1629 coram
2448 1588 2549 1635 eo,
2587 1570 2741 1640 quasi
2783 1568 3071 1637 puerulus,
3115 1564 3268 1633 quasi
3309 1561 3465 1615 radix-

1939 1668 1995 1721 in
2036 1676 2177 1721 terra
2225 1664 2428 1720 sitienti
2466 1663 2531 1727 “,
2565 1682 2584 1714 ι
2614 1662 2865 1728 deinceps
2910 1657 3185 1726 adjungit,
3234 1654 3454 1707 diccus:

1946 1776 1964 1808 ι
1991 1756 2107 1810 Non
2152 1768 2234 1811 est
2280 1755 2483 1823 species
2529 1752 2610 1817 ei,
2660 1766 2834 1820 neque
2873 1749 3083 1819 gloria:
3124 1754 3177 1799 et
3220 1743 3455 1798 vidimus

1940 1861 2058 1901 eum
2075 1885 2089 1908 ,
2112 1853 2167 1900 et
2195 1860 2300 1898 non
2329 1844 2514 1897 habuit
2535 1843 2762 1913 speciem
2786 1854 2957 1907 neque
2977 1833 3452 1906 pulchritudinem:

1940 1941 1995 1987 et
2025 1933 2126 1985 fuit
2152 1932 2357 2000 species
2388 1931 2505 1999 ejus
2540 1930 2657 1983 siue
2683 1928 2886 1980 honore
2914 1924 3168 1979 deﬁciens
3194 1935 3301 1989 prae
3333 1918 3455 1971 ﬁliis

225 2020 458 2089 στόμαο
518 2020 624 2090 τὴν
666 2022 876 2088 γενεὰν
929 2019 1091 2072 αὑτοῦ
1134 2019 1218 2081 τίς
1266 2019 1601 2089 διηγήσεται;
1644 2020 1723 2071 ὅτι
1762 2018 1839 2070 ατ-

1942 2023 2236 2075 hominum.
2264 2020 2433 2073 Homo
2456 2033 2574 2072 cum
2601 2019 2749 2086 plaga
2776 2023 2950 2077 esset,
2976 2013 3151 2067 sciens
3178 2010 3315 2065 ferre
3341 2009 3457 2060 lau—

222 2125 399 2177 ρεται
458 2111 579 2162 ἀπὸ
626 2111 739 2179 τῆς
780 2110 889 2179 γῆς
940 2111 974 2179 ἡ
1010 2108 1121 2178 ζωὴ
1152 2108 1344 2161 αὑτοῦ·
1387 2127 1406 2158 ι
1432 2107 1522 2159 καὶ
1570 2107 1636 2159 τὰ
1666 2107 1839 2160 λοιπά.

216 2197 524 2266 Σημαίνει
583 2199 650 2251 δὲ
711 2199 809 2252 διὰ
881 2198 1121 2258 τούτων,
1180 2197 1256 2259 ὠς
1322 2197 1428 2267 ἄρα
1485 2199 1514 2248 6
1576 2198 1839 2267 Χριστὸς,

214 2285 405 2347 ἐκτὸς
489 2288 693 2356 πάσης
767 2287 1030 2359 ὑπάρχων
1093 2286 1492 2356 πλημμελείας,
1550 2286 1646 2347 τὰς
1709 2287 1842 2357 ὑπὲρ

220 2375 566 2447 ἀνθρώπων
639 2378 935 2447 ἁμαρτίας
997 2380 1076 2440 είς
1135 2378 1319 2429 ἑαυτὸν
1376 2376 1701 2439 ἀναδέξεται.
1756 2378 1843 2429 Διὸ

220 2468 339 2519 καὶ
428 2467 705 2519 πείσεται
780 2465 853 2518 τὰ
927 2466 1033 2518 τῶν
1108 2464 1495 2535 ἡμαρτηκότων
1557 2464 1649 2517 καὶ
1708 2465 1842 2535 ὑπὲρ

226 2555 408 2624 ἡμῶν
440 2555 883 2625 ὀδυνηθήσεται,
910 2555 1023 2607 ἀλλ’
1050 2556 1145 2624 οὐχ
1167 2555 1305 2625 ὑπὲρ
1338 2552 1546 2605 ἑαυτοῦ.
1580 2554 1641 2604 El
1671 2553 1727 2605 δὲ
1752 2554 1843 2605 καὶ

231 2645 822 2715 τραυματισθήσεται
876 2644 1055 2711 λόγοις
1089 2644 1437 2712 βλασφήμοις,
1463 2644 1553 2695 καὶ
1582 2641 1723 2693 τοῦτ’
1752 2641 1840 2712 ἐρ-

236 2749 349 2798 γον
381 2734 545 2785 ἔσται
570 2733 686 2785 τῶν
717 2732 1008 2802 ἡμετέρων
1038 2732 1314 2802 ἁμαρτιῶν
1337 2748 1350 2760 °
1381 2731 1500 2782 ἐπεὶ
1543 2730 1635 2783 καὶ
1667 2748 1840 2801 μεμα-

242 2821 520 2874 limo-tat
544 2822 638 2874 διὰ
659 2821 767 2884 τὰς
790 2820 1069 2890 ἁμαρτίας
1101 2820 1273 2890 ἡμῶν,
1310 2821 1455 2882 ὅπως
1485 2821 1663 2889 ἡμεῖς,
1696 2821 1838 2872 ἀνει-

247 2908 496 2978 ληφότας
548 2909 722 2963 αὐτοῦ
765 2909 840 2961 τὰ
883 2910 1126 2980 ἡμέτερα
1154 2911 1562 2980 ἁμπλακήματα
1587 2949 1601 2970 ,
1640 2910 1730 2962 καὶ
1773 2909 1840 2961 τὰ

250 2997 367 3067 τῆς
388 3001 666 3071 ἡμετέρας
713 3004 920 3061 κακίας
966 2998 1271 3070 τραύματα,
1312 2999 1389 3068 τῷ
1426 2997 1645 3068 μώλωπι
1679 2999 1837 3052 αὑτοῦ

260 3087 531 3158 ἱαθῶμεν.
563 3090 680 3142 Kal.
722 3088 794 3141 τὰ
834 3088 937 3157 μὲν
966 3089 1113 3141 αίτια
1141 3083 1213 3141 ὧν
1251 3090 1376 3158 παρ’
1404 3087 1700 3157 ἀνθρώποις
1725 3088 1840 3140 πεί-

264 3190 432 3228 σεται
456 3181 486 3231 6
517 3179 934 3249 ἀναμάρτητος,
958 3177 1130 3231 ταῦτα
1151 3174 1238 3248 ἦν.
1272 3178 1531 3231 Ἰουδαίων
1549 3178 1606 3230 δὲ
1622 3179 1725 3231 τῶν
1750 3179 1837 3232 τὸν

262 3264 503 3321 Θάνατον
533 3270 687 3339 αὐτῷ
726 3270 1220 3338 συσκευασαμένων
1259 3270 1378 3321 οὐδὲ
1433 3270 1774 3340 ὑπειδόμενος
1809 3274 1838 3324 6
1865 3305 1907 3364 Ο

269 3352 575 3424 θρυμὰσιος
601 3358 916 3427 προφήτης,
940 3356 1231 3426 διαρρήδην
1255 3356 1556 3425 ἀπελέγχει,
1578 3359 1667 3410 καὶ
1691 3358 1841 3411 τοῦτο

270 3447 536 3515 ἀντικρυς
595 3446 932 3516 σχετλιάζων
977 3445 1071 3497 καὶ
1105 3445 1304 3512 λέγων’
1345 3464 1363 3494 ι
1408 3447 1535 3498 Ἀπὸ
1571 3446 1678 3499 τῶν
1721 3449 1843 3500 ἀνο-

276 3531 426 3596 μιιῖιν
454 3534 545 3586 τοῦ
599 3534 735 3587 λαοῦ
766 3550 871 3603 μου
924 3532 1061 3601 ἢχθη
1112 3533 1189 3594 εἰς
1223 3532 1465 3586 θάνατον.
1514 3554 1532 3585 ι
1574 3532 1683 3587 Εἶτ’
1723 3536 1841 3588 ἐπεὶ

276 3625 641 3693 παραχρῆμα,
672 3625 771 3677 καὶ
804 3624 905 3675 οὐκ
932 3625 1011 3685 είς
1044 3622 1257 3693 μακρὰν
1282 3623 1418 3693 μετὰ
1445 3624 1541 3693 τὴν
1578 3624 1715 3676 κατὰ
1746 3624 1839 3676 τοῦ

276 3707 519 3775 Χριστοῦ
543 3714 748 3782 τόλμαν
772 3716 802 3765 6
829 3712 1097 3781 παντελὴς
1125 3714 1320 3774 αὐτοὺς
1345 3712 1602 3781 μετῆλθεν
1627 3713 1841 3781 ὄλεθρος

282 3798 735 3870 πολιορκηθέντας
811 3802 916 3854 ὑπὸ
966 3802 1244 3871 Ῥωμαίων
1267 3841 1282 3865 ,
1328 3802 1447 3853 οὐδὲ
1491 3801 1643 3854 τοῦτο
1683 3819 1841 3873 παρι-

278 3882 415 3949 δὼν,
431 3891 662 3958 ἐπιλέγει
680 3908 694 3921 ·
720 3909 739 3940 ‹
765 3892 877 3942 Kal.
902 3889 1056 3942 δώσω
1074 3891 1200 3951 τοὺς
1211 3891 1475 3959 πονηροὺς
1495 3891 1611 3943 ἀντὶ
1631 3890 1727 3959 τῆς
1747 3908 1840 3944 τα-

284 3974 400 4041 ςῆς
422 3979 594 4043 αὑτοῦ,
636 3980 883 4041 καὶτοὺς
916 3979 1200 4039 πλουσίους
1215 3979 1335 4030 ἀντὶ
1360 3978 1583 4031 Θανάτου
1605 3979 1787 4031 αὑτοῦ.
1816 4000 1833 4031 ι

293 4061 487 4133 Ἤρκει
529 4070 623 4137 μὲν
677 4066 773 4121 οὖν
805 4070 899 4121 ἐπὶ
956 4069 1164 4130 τούτοις
1187 4068 1481 4139 ἐπιγράψαι
1511 4070 1607 4138 τὴν
1635 4087 1840 4141 προφη-

290 4151 457 4218 τείαν,
484 4160 530 4209 εί
560 4158 720 4228 μηδέν
743 4175 799 4209 τι
850 4157 1010 4210 πλέον
1042 4156 1259 4209 ἔσεσθαι
1294 4157 1428 4227 μετὰ
1457 4158 1551 4227 τὴν
1586 4159 1678 4211 τοῦ
1712 4161 1840 4229 Χρι-

292 4244 418 4296 στοῦ
447 4248 690 4318 τελευτὴν
724 4248 877 4317 ἐώρα
895 4265 908 4277 ⁸
940 4249 1063 4300 ἐπεὶ
1098 4248 1154 4299 δὲ
1177 4249 1301 4300 ὅσον
1320 4248 1468 4301 οὔπω
1496 4248 1680 4319 ἔμελλε
1708 4252 1842 4321 μετὰ

290 4326 391 4394 τ’τν
438 4336 698 4407 τελευτὴν,
750 4338 786 4405 ἢ
826 4337 963 4405 μετὰ
1014 4338 1112 4406 τὴν
1148 4337 1326 4407 ταφὴν
1375 4337 1702 4393 παλινοστεῖν
1749 4341 1840 4393 καὶ

288 4413 553 4487 ἀναὸιοῦν,
595 4426 675 4478 ἔτι
729 4426 862 4495 περὶ
923 4425 1089 4477 αὐτοῦ
1126 4426 1417 4478 καὶταῦτα
1473 4428 1836 4498 προστίθησιν,

288 4498 419 4575 ἑξῆς
456 4514 742 4581 ὲπιλέγων³
785 4532 805 4562 ι
856 4515 969 4565 Kal.
1026 4512 1231 4582 Κύριος
1279 4512 1519 4581 βούλεται
1556 4515 1838 4586 καθαρίσαι

1940 2125 2155 2179 guorem
2196 2115 2535 2176 contemptus
2577 2116 2692 2171 est,
2737 2114 2789 2159 et
2821 2119 2928 2157 non
2959 2105 3303 2168 computatus
3333 2097 3399 2150 “.
3430 2116 3449 2145 ι

1939 2200 2074 2265 Quid
2119 2198 2185 2252 ad
2224 2199 2334 2251 haec
2372 2198 2533 2266 igitur
2575 2194 2862 2263 superest?
2897 2191 3026 2244 Nam
3070 2204 3190 2243 cum
3232 2188 3374 2239 illius
3404 2195 3457 2238 et

1940 2273 2168 2353 tribum,
2196 2299 2247 2344 et
2277 2305 2471 2358 genus,
2495 2297 2548 2342 et
2577 2288 2790 2341 modum
2816 2284 3071 2339 nascendi
3097 2322 3112 2345 ,
3138 2291 3191 2336 et
3220 2281 3453 2350 Virginis

1938 2381 2255 2434 miraculum
2276 2418 2291 2442 ,
2320 2386 2373 2433 et
2406 2379 2527 2432 vitae
2557 2390 2755 2429 morem
2802 2373 3173 2443 praedixerint,
3213 2371 3456 2439 sequitur

1939 2468 2188 2537 deinceps
2215 2506 2230 2530 ,
2264 2473 2324 2521 ut
2352 2482 2418 2521 ne
2445 2472 2669 2519 mortem
2696 2464 2913 2533 quidem
2947 2460 3064 2530 ejus
3080 2460 3223 2514 taciti
3247 2468 3461 2530 praeter-

1936 2556 2113 2609 ierint.
2153 2556 2255 2610 Sed
2301 2557 2425 2625 quid
2454 2554 2663 2608 tandem
2690 2553 2835 2605 canit
2859 2552 3017 2607 etiam
3038 2550 3105 2604 de
3128 2551 3229 2603 hac
3256 2547 3457 2602 lsaias?

1943 2666 1961 2697 ι
1991 2648 2159 2701 Homo
2180 2686 2193 2710 ,
2226 2647 2433 2716 inquit,
2464 2661 2585 2699 cum
2615 2646 2669 2697 in
2698 2644 2850 2712 plaga
2877 2650 3053 2705 esset,
3097 2642 3272 2696 sciens
3320 2640 3458 2694 ferre

1937 2738 2243 2806 languorem
2263 2775 2277 2797 ,
2320 2744 2650 2803 contemptus
2673 2744 2754 2789 est
2775 2744 2827 2788 et
2848 2748 2954 2786 non
2974 2736 3310 2799 computatus
3334 2747 3349 2782 :
3370 2729 3459 2783 hic

1936 2836 2152 2897 peccata
2181 2833 2361 2880 nostra
2393 2826 2529 2889 fert,
2572 2833 2624 2879 et
2663 2840 2759 2893 pro
2790 2823 2942 2877 nobis
2968 2821 3129 2876 estin
3162 2819 3375 2878 dolore.
3406 2824 3461 2872 et

1937 2933 2034 2971 nos
2060 2916 2479 2971 existimavimus
2508 2931 2628 2970 eum
2656 2930 2774 2969 esse
2799 2915 2851 2967 in
2880 2912 3060 2965 labore
3086 2949 3101 2973 ,
3125 2917 3178 2963 et
3201 2910 3253 2962 in
3283 2909 3448 2977 plaga.

1934 3014 1988 3061 et
2023 3007 2075 3058 in
2107 3006 2423 3058 alllictione:
2453 3005 2563 3071 ipse
2589 3011 2765 3055 autem
2796 3003 3107 3054 vulneratus
3134 3005 3216 3052 est
3245 3005 3461 3067 propter

1934 3103 2154 3163 peccata
2177 3100 2358 3146 nostra
2376 3131 2391 3155 ,
2415 3100 2470 3147 et
2495 3092 2791 3145 inﬁrmatus
2811 3099 2892 3143 est
2913 3097 3130 3157 propter
3152 3086 3460 3155 iniquitates

1935 3190 2165 3238 nostras.
2184 3182 2436 3236 Doctrina
2453 3181 2600 3251 pacis
2616 3188 2811 3233 nostrae
2829 3193 2990 3246 super
3005 3188 3147 3240 eum,
3168 3175 3333 3229 livore
3345 3174 3461 3241 ejus

1936 3287 2035 3327 nos
2062 3271 2233 3326 sanati
2259 3286 2464 3325 sumus.
2491 3268 2688 3323 Omnes
2712 3277 2963 3335 tanquam
2988 3280 3114 3319 oves
3139 3264 3457 3322 erravimus.

1937 3369 1990 3415 et
2007 3360 2263 3415 Dominus
2278 3358 2495 3413 tradidit
2510 3373 2630 3411 eum
2645 3358 2874 3426 peccatis
2889 3356 3090 3409 nostris
3110 3373 3122 3408 :
3139 3365 3190 3408 et
3205 3354 3321 3422 ipse
3340 3365 3460 3406 cum

1938 3458 2238 3510 vexaretur,
2265 3464 2369 3501 non
2393 3449 2661 3516 aperiebat
2682 3462 2743 3500 os
2764 3460 2940 3500 suum.
2968 3443 3131 3509 Quasi
3151 3445 3265 3497 ovis
3286 3442 3350 3496 ad
3371 3458 3460 3497 oc-

1939 3538 2195 3591 cisionem
2222 3535 2417 3588 ductus
2436 3542 2539 3596 est,
2563 3542 2617 3587 et
2643 3535 2781 3588 sicut
2802 3546 2972 3600 agnus
2996 3546 3177 3585 coram
3207 3532 3462 3584 tondente

1937 3640 2043 3678 non
2076 3625 2282 3692 aperuit
2308 3638 2401 3676 os:
2423 3622 2816 3690 generationem
2851 3620 2970 3687 ejus
3000 3620 3122 3688 quis
3153 3619 3465 3673 enarrabit?

1938 3716 2187 3782 quoniam
2219 3714 2425 3765 tollitur
2463 3713 2529 3767 de
2561 3720 2702 3766 terra
2740 3711 2847 3764 vita
2875 3709 2993 3777 ejus
3019 3710 3083 3775 ⁸⁷,
3118 3728 3136 3761 ι
3163 3719 3215 3763 et
3237 3709 3460 3777 reliqua.

1937 3802 2067 3855 Nam
2107 3802 2191 3854 his
2212 3802 2387 3855 verbis
2432 3801 2692 3869 signiﬁcat
2715 3799 2983 3853 Christum
3011 3799 3182 3867 ipsum
3211 3798 3423 3866 quidem
3447 3837 3463 3861 ,

1937 3891 2179 3960 quamvis
2196 3891 2262 3943 ab
2275 3891 2418 3943 omni
2434 3898 2649 3958 peccato
2667 3890 2919 3952 alienum,
2944 3896 3118 3941 tamen
3137 3895 3352 3956 peccata
3369 3885 3467 3940 ho-

1938 3978 2137 4031 minum
2155 3992 2252 4047 pro
2274 3978 2404 4047 ipsis
2428 3977 2732 4031 hominibus
2749 3977 2802 4029 in
2820 3977 3051 4045 seipsum
3066 3983 3462 4044 suscepturum.

1937 4067 2046 4136 99
2072 4068 2333 4132 Quocirca
2360 4067 2518 4121 etiarn
2547 4081 2609 4120 ea
2638 4068 2887 4136 patietur,
2918 4082 3036 4135 qua:
3078 4068 3167 4135 qui
3212 4080 3466 4134 peccave-

1937 4159 2048 4210 rint
2075 4157 2183 4224 pati
2213 4156 2405 4218 solent,
2434 4163 2487 4209 et
2530 4170 2626 4224 pro
2670 4155 2828 4209 nobis
2877 4155 3098 4217 dolebit,
3143 4169 3250 4208 non
3289 4165 3465 4207 autem

1939 4262 2035 4316 pro
2062 4247 2259 4316 seipso.
2287 4245 2436 4311 Quod
2465 4246 2511 4299 si
2537 4246 2906 4299 vulnerabitur
2924 4253 2977 4299 et
2997 4245 3172 4299 verbis
3191 4245 3468 4313 probrosis

1943 4341 2194 4404 ferietur,
2246 4338 2347 4391 hoc
2388 4336 2515 4398 item
2565 4344 2870 4389 nostrorum
2916 4344 3252 4403 peccatorum
3304 4350 3469 4389 causa

1941 4431 2031 4483 ﬁet
2058 4447 2070 4482 :
2103 4442 2225 4481 nam
2257 4426 2500 4478 inﬁrmus
2528 4439 2741 4493 quoque
2768 4423 2943 4479 factus
2984 4434 3066 4479 est
3094 4433 3309 4494 propter
3346 4441 3471 4495 pce-

1943 4528 2061 4573 cata
2087 4527 2291 4577 nostra,
2319 4524 2377 4568 ut
2418 4529 2516 4568 nos
2532 4513 2805 4576 videlicet,
2835 4529 2955 4566 cum
3004 4514 3092 4567 ille
3128 4514 3321 4568 delicta
3374 4530 3470 4567 no-

284 4590 446 4651 αὑτὸν
470 4603 559 4671 τῆς
581 4604 816 4673 πληγῆς-
861 4602 987 4653 Ἐὰν
1008 4601 1144 4653 δῶτε
1178 4602 1303 4671 περὶ
1328 4604 1609 4673 essedas,
1640 4606 1836 4676 ἡψυχὴ

1941 4616 2072 4671 stra,
2103 4615 2403 4673 nostraeque
2446 4604 2661 4657 malitia:
2691 4603 2913 4656 vulnera
2948 4602 3319 4673 assumpserit,
3351 4604 3469 4670 ejus

284 4676 436 4748 ὐμῶν
464 4693 641 4761 ὄψεται
676 4694 904 4763 σπέρμα
955 4688 1255 4761 μακρόϐιον
1275 4708 1288 4720 ο
1333 4695 1422 4745 καὶ
1453 4693 1691 4762 βούλεται
1725 4698 1836 4749 Κύ-

284 4776 402 4838 Ριος
429 4781 633 4847 ἀφελεῖν
660 4783 770 4834 ἀπὸ
798 4780 897 4832 τοῦ
930 4780 1097 4831 πόνου
1118 4778 1223 4846 τῆς
1256 4779 1428 4848 ψυχῆς
1457 4783 1635 4847 αὐτοῦ,
1668 4785 1833 4852 δεῖξαι

276 4854 428 4946 ξῦτῷ
453 4869 577 4936 φῶς.
615 4889 634 4921 ι
677 4868 982 4939 ’Δνώτερον
1006 4866 1202 4927 εἰπὼν,
1231 4885 1248 4916 ι
1275 4867 1544 4938 ἄνθρωπος
1576 4874 1632 4924 ὲν
1660 4874 1835 4946 πληγῇ

274 4951 382 5018 δην,
418 4961 501 5010 καὶ
533 4959 689 5021 εἰδὼς
722 4959 917 5029 φέρειν
974 4956 1253 5025 μαλακίαν
1296 4975 1313 5007 ο
1344 4956 1436 5009 νῦν
1469 4961 1599 5027 μετὰ
1632 4964 1720 5015 τὸν
1745 4964 1838 5018 ea.

110 5054 119 5135 ﬁ
265 5044 430 5135 ξεῖῒον
460 5050 615 5102 αὐτοῦ
648 5050 747 5101 καὶ
776 5049 883 5118 τὴν
914 5045 1126 5114 ταφὴν,
1162 5063 1182 5095 ι
1211 5045 1425 5115 Κύριος,
1448 5067 1465 5097 ι
1492 5053 1639 5119 φησι,
1675 5072 1692 5103 ι
1719 5053 1839 5122 βού-

106 5129 111 5167 ί
262 5129 423 5189 *ἔται
452 5140 741 5209 καθαρίσαι
759 5136 932 5189 αὐτὸν
956 5135 1063 5202 τῆς
1093 5133 1327 5201 πληγῆς.
1352 5154 1370 5184 ι
1395 5137 1496 5187 Καὶ
1516 5138 1628 5202 πῶς
1647 5141 1793 5196 ἔσται
1817 5161 1832 5207 ς

240 5218 311 5310 ἐ·
336 5222 452 5280 ἐὰν
472 5229 624 5291 δῶτε,
666 5247 687 5279 .
718 5225 886 5293 φησὶ,
927 5242 947 5272 ι
986 5222 1426 5290 περιάμαρτίαςν
1465 5226 1496 5292 ἡ
1529 5225 1667 5297 ψυχὴ
1688 5230 1837 5299 ὑμῶν

226 5299 436 5400 ili-'31::
458 5320 682 5389 σπέρμα
716 5312 1044 5400 μακρόϐιον
1066 5327 1080 5340 ·
1131 5329 1150 5359 ι
1176 5310 1237 5360 οὐ
1270 5312 1390 5361 πᾶσι
1419 5309 1521 5381 γὰρ
1550 5316 1749 5381 ἐφεῖται
1779 5321 1836 5372 τὸ

204 5393 536 5493 ἑωράθη,
563 5406 668 5460 τοῦ
723 5398 992 5473 Χριστοῦ
1049 5397 1540 5493 σπέρμαῇσυνιδεῖν,
1585 5404 1615 5472 ἢ
1665 5406 1840 5473 μόνοις

214 5483 357 5570 ᾖδες
371 5491 967 5570 ἐξομολογησαμένοις
1012 5487 1114 5537 καὶ
1138 5484 1211 5534 τὰ
1246 5483 1386 5551 δῶρα
1408 5487 1470 5537 τὰ
1502 5489 1633 5561 ὑπὲρ
1663 5495 1838 5565 ἁμαρ-

184 5553 738 5664 προσάγουσι
759 5553 853 5645 τῷ
1081 5572 1400 5664 Μό-νωνᾷγὰρ
1426 5553 1613 5630 τούτων
1639 5582 1668 5650 ἡ
1694 5553 1838 5653 (wit)

272 5626 737 5664 \tuvrsvauv-jv'v-
775 5626 835 5645 -τ
994 5626 1006 5639 ι
1312 5626 1322 5638 Ι
1373 5626 1383 5643 ι
1468 5626 1606 5630 νην-τ
1644 5626 1668 5650 Ἰ
1699 5626 1838 5653 γ-ΑῚ

172 5626 410 5754 Nam:
459 5678 700 5746 σπέρμα
757 5659 1093 5735 μακρόϐιον
1130 5659 1194 5710 τὸ
1226 5659 1311 5711 τοῦ
1337 5663 1571 5731 Χριστοῦ,
1599 5669 1712 5738 ἦτοι
1739 5673 1838 5741 τὴν

116 4784 119 4801 i

114 4808 119 4821 δ

108 4826 115 4857 ί

308 5858 448 5909 “lsa.
484 5865 584 5905 vu.
620 5842 712 5895 “-

1942 4698 2109 4750 livore
2132 4709 2383 4748 sanemur
2411 4711 2423 4745 :
2458 4700 2511 4747 et
2539 4707 2722 4746 eorum
2752 4691 2964 4761 quidem
3007 4707 3124 4761 qua:
3160 4692 3249 4746 ille
3282 4693 3468 4746 insons

1941 4788 2007 4840 ab
2049 4784 2349 4837 hominibus
2394 4797 2652 4852 passurus
2687 4791 2821 4845 erat,
2871 4782 2951 4835 hie
2993 4783 3206 4836 fuerunt
3251 4795 3464 4836 causae:

1939 4874 2151 4928 Judteos
2179 4880 2352 4925 autem
2380 4871 2471 4940 qui
2501 4871 2574 4924 illi
2607 4879 2829 4924 mortem
2853 4872 3166 4932 attulerunt,
3198 4883 3463 4939 nusquam

1940 4964 2140 5017 veritus
2199 4965 2448 5031 propheta
2508 4965 2805 5025 mirabilis,
2862 4963 2963 5014 hoc
3021 4961 3195 5028 ipsum
3256 4972 3471 5026 quoque

1942 5050 2217 5120 perspicue
2261 5052 2549 5118 redarguit,
2588 5054 2740 5118 plane
2781 5051 3094 5117 deplorans.
3127 5062 3189 5100 ac
3235 5047 3419 5100 dicens
3451 5063 3464 5097 :

1948 5158 1967 5191 ι
2001 5138 2078 5192 Ex
2118 5138 2487 5207 iniquitatibus
2530 5142 2706 5209 populi
2735 5140 2836 5193 mei
2878 5139 3069 5192 ductus
3101 5143 3183 5189 cst
3220 5136 3284 5188 ad
3316 5149 3464 5188 mor-

1941 5234 2046 5281 tem
2065 5226 2128 5277 ".
2175 5244 2193 5276 ι
2243 5224 2441 5279 Deinde
2487 5241 2633 5290 vero,
2668 5228 2919 5296 quoniam
2974 5229 3102 5289 cito,
3156 5244 3328 5295 neque
3391 5233 3461 5284 ita

1943 5316 2109 5368 multo
2137 5321 2256 5383 post
2294 5313 2529 5367 nefarios
2567 5316 2824 5370 adversus
2847 5315 3119 5371 Christum
3162 5333 3345 5383 ausus,
3371 5337 3465 5374 ex-

1941 5414 2143 5460 tremus
2172 5406 2237 5458 ad
2267 5405 2386 5459 illos
2416 5419 2479 5458 ex
2520 5405 2799 5460 obsidione
2829 5403 3189 5461 Romanorum
3214 5408 3468 5464 interitus

1941 5502 2056 5548 erat
2081 5500 2357 5558 venturus,
2383 5508 2450 5547 ne
2476 5492 2576 5546 hoc
2604 5492 2815 5561 quidem
2845 5496 3079 5562 praeterit
3106 5496 3337 5560 silentio,
3373 5498 3466 5551 sed

1938 5582 2204 5652 adjungit:
2232 5600 2250 5632 c
2272 5581 2336 5634 Et
2354 5581 2491 5635 dabo
2511 5583 2799 5638 sceleratos
2818 5598 2913 5652 pro
2939 5585 3209 5653 sepultura
3236 5585 3356 5653 ejus
3379 5624 3393 5647 ,
3418 5596 3467 5638 et

1940 5672 2131 5727 divites
2158 5686 2254 5740 pro
2285 5679 2455 5725 morte
2485 5672 2602 5741 ejus
2619 5673 2663 5705 δ’
2696 5692 2708 5727 :
2752 5691 2770 5723 ι
2797 5679 2851 5726 et
2889 5680 3094 5742 poterat
3121 5673 3336 5741 quidem
3378 5672 3463 5725 his

808 5835 859 5866 u‘
898 5832 1019 5884 lsa.
1054 5831 1261 5893 Ltit,2.
1336 5834 1377 5871 δ’
1399 5836 1520 5894 ibid.
1572 5843 1684 5898 2-5.
1764 5846 1807 5880 ’⁵⁷
1836 5846 1964 5900 ibid.
1996 5847 2103 5901 4-8.
2177 5845 2221 5876 ’⁵⁸
2272 5846 2397 5899 ibid.
2426 5846 2476 5901 8.
2552 5849 2593 5880 δ’
2618 5848 2744 5903 ibid.
2771 5847 2824 5900 9.
